4170 6434
426 352 545 415 397
1059 360 1632 425 ENARRATIO‘IN
1678 362 2186 427 EVANGELIUM
2235 365 2637 429 MATTHEI.
2681 399 2762 413 —-
2820 368 2987 432 CAP.
3039 370 3261 444 ΧΧω.
3713 372 3830 438 389

418 490 531 545 τ’ῦν
602 489 831 563 ἱματίων
900 490 1096 555 αὐτῶν.
1153 500 1318 551 Τοῦτο
1364 492 1435 552 “δὲ
1494 504 1740 555 τοιοῦτον
1794 496 1881 565 ἧν·
1929 498 2084 573 ἐντῷ

2175 506 2306 560 ante
2331 500 2537 563 oculos
2577 509 2826 567 vestros.
2860 501 3215 566 Scribebant
3265 505 3448 585 igitur
3504 508 3564 569 in
3594 508 3831 572 duabus

417 579 572 651 νόμον
630 578 825 636 ἔκειτοο
902 578 1177 661 Ἐφάψατε
1235 586 1322 640 ἐπὶ
1380 590 1479 652 τῆς
1530 587 1715 674 χειρός
1772 589 1945 663 ὑμῶν,
1998 588 2084 645 καὶ

2175 588 2455 650 chartulis
2488 590 2840 668 decalogum
2878 592 3049 672 legis,
3080 603 3138 655 et
3165 578 3467 674 ponebant
3496 616 3676 659 unam
3718 617 3824 662 su-

418 668 562 726 ἕστοι
626 670 893 729 ἀσάλευτα
964 674 1067 751 πρὸ
1138 671 1422 753 ὀφθαλμῶν
1454 676 1625 751 ὑμῶν.
1660 666 1944 757 ’Ἔγραφον
1996 680 2083 734 οὗν

2175 695 2274 768 per
2303 679 2574 745 frontem.
2613 688 2671 740 et
2713 666 2965 744 alteram
2984 666 3456 763 super-dextram
3484 692 3823 768 suspende-

421 758 510 815 ἐπὶ
564 756 655 817 δύο
723 758 991 841 διφερίων,
1077 762 1315 820 τουτέστι
1370 767 1631 845 χαρτίων,
1687 766 1781 831 τὰς
1825 756 1951 825 δέκα
1990 777 2085 827 τοῦ

420 848 586 923 νόμον
659 848 903 932 ἐντολὰς,
975 854 1065 909 καὶ
1091 852 1322 910 ἐτίθεσαν
1378 857 1440 911 τὸ
1485 876 1583 929 μεν
1612 855 1667 912 ἓν
1693 858 1782 913 ἐπὶ
1810 859 1905 914 τοῦ
1946 878 2081 931 μετ-

420 939 572 1027 ῴπου
621 940 817 1003 αυῦτῶν.
897 943 959 998 τὸ
991 939 1045 997 δὲ
1076 940 1254 1020 ἕτερον
1305 942 1542 1024 ἐκρέμων
1599 944 1684 1002 ἐπὶ
1735 950 1834 1013 τῆς
1886 944 2075 1013 δεξιᾶςο

421 1029 491 1085 τὰ
556 1028 611 1084 δὲ
640 1027 914 1108 κράσπεδα
944 1032 1152 1089 ἐποίουν
1184 1031 1270 1089 ἐπὶ
1308 1039 1415 1090 τῶν
1460 1031 1636 1112 ἄκρων
1680 1041 1786 1091 τῶν
1830 1037 2079 1114 ἱματίων,

428 1118 691 1175 ὑακίνθινά
760 1142 879 1176 τινα
939 1121 975 1190 ἢ
1030 1123 1250 1178 κόκκινα
1307 1121 1599 1198 κλώσματα
1628 1124 1749 1180 οἷον
1800 1124 2077 1202 κροσσούς·

436 1208 533 1264 Καὶ
592 1219 742 1268 τοῦτο
800 1207 855 1265 δὲ
912 1208 968 1266 ἐν
1008 1215 1088 1284 τῷ
1117 1211 1265 1285 νόμῳ
1295 1214 1443 1282 εὗρον
1471 1213 1738 1293 κείμενον,
1775 1210 1868 1269 ἵνα
1907 1215 2079 1293 ὁρῶν-

431 1316 518 1359 τες
588 1297 738 1371 αὐτὰ,
773 1300 853 1375 μὴ
891 1298 1340 1358 ἐπιλανθάνωνται
1385 1307 1491 1358 τῶν
1529 1301 1758 1359 ἐντολῶν
1801 1310 1893 1360 τοῦ
1923 1310 2073 1362 Θεοῦ.

434 1376 490 1443 ’0
536 1383 588 1441 δὲ
645 1389 773 1454 Θεὸς
805 1391 865 1445 οὗ
906 1396 1060 1447 τοῦτο
1099 1387 1367 1463 ἐϐούλετο,
1401 1390 1537 1448 ἀλλὰ
1566 1393 1628 1448 τὸ
1671 1392 1771 1467 μὲν
1816 1392 1966 1472 ἔχειν
1996 1391 2079 1449 ἐπὶ

423 1480 524 1542 τῆς
583 1478 766 1555 χειρὸς
823 1479 884 1533 τὸ
942 1476 1323 1559 φυλακτήριον,
1385 1478 1641 1555 ἐσήμαινε
1671 1483 1733 1537 τὸ
1773 1479 1886 1537 δεῖν
1917 1481 2079 1560 ἐργάο

419 1566 598 1635 ζεσθαι
655 1567 750 1629 τὰς
802 1562 1040 1632 ἐντολάς·
1118 1570 1179 1624 τὸ
1230 1567 1285 1625 δὲ
1316 1569 1538 1626 κόκκινα
1568 1570 1801 1627 εἶναιτὰ
1830 1571 2077 1649 κράσπε-

429 1652 518 1727 δα,
551 1652 741 1725 ἐδήλου
795 1657 876 1713 ὅτι
948 1656 1033 1714 δεῖ
1099 1660 1245 1734 ἡμᾶς
1315 1666 1394 1735 τῷ
1452 1659 1645 1734 α’ῗματι
1706 1668 1797 1718 τοῦ
1859 1667 2085 1735 Χριστοῦ

426 1743 568 1822 γάλα
597 1748 683 1801 καὶ
717 1747 782 1803 τά
810 1746 1107 1827 κράσπεδα,
1137 1748 1230 1805 ἵνα
1274 1747 1462 1815 δόξωσι
1495 1749 1862 1830 νομοφύλακες
1894 1754 2034 1807 εἶναι
2067 1763 2183 1811 τοῖς
2217 1752 2379 1819 ὁρῶσι
2424 1757 2614 1812 ταῦτα.

512 1856 536 1888 ε
601 1834 829 1892 Φιλοῦσι
884 1835 939 1894 δὲ
1011 1839 1111 1905 τὴν
1141 1838 1530 1919 πρωτοκλισίαν
1560 1840 1614 1895 ἐν
1660 1853 1776 1905 τοῖς
1833 1838 2086 1913 δείπνοις,
2116 1849 2149 1897 Β

423 1925 512 1979 καὶ
570 1925 664 1986 τὰς
752 1926 1203 2007 πρωτοκαθεδρίας
1263 1928 1318 1984 ἐν
1384 1942 1508 1993 ταῖς
1562 1942 1927 2007 συναγωγαῖς,
1991 1932 2079 1986 καὶ

424 2015 547 2079 τοὺς
621 2015 937 2089 ἀσπασμοὺς
966 2017 1022 2073 ἐν
1077 2019 1205 2083 ταῖς
1248 2018 1496 2097 ἀγοραῖς,
1543 2019 1631 2075 καὶ
1677 2018 1952 2076 καλεῖσθαι
1981 2021 2083 2076 ὑπὸ

421 2112 530 2160 τῶν
582 2104 868 2185 ἀνθρώπων
914 2104 1123 2176 Ῥαὸϐὶ,
1167 2099 1371 2181 Ῥαϐὅὶ.
1414 2131 1437 2162 ιι
1475 2105 1640 2165 Βαϐαί
1673 2108 1688 2167 ι
1725 2112 1844 2166 οἷον
1884 2107 2027 2188 λέγει
2060 2129 2075 2188 ;

426 2196 575 2251 Διότι
632 2196 733 2273 γὰρ
794 2195 1026 2276 φιΑοῦσι,
1078 2194 1162 2253 διὰ
1230 2204 1388 2254 τοῦτο
1420 2198 1844 2276 κατακρίνονται.
1882 2196 2081 2254 Εἰδὲὸ

427 2285 594 2359 μόνον
623 2285 792 2364 φιλῶν
840 2286 935 2354 τὴν
982 2286 1371 2364 πρωτοκλισίαν
1415 2286 1660 2365 ψέγεται,
1707 2289 1735 2343 6
1766 2287 1857 2343 καὶ
1908 2287 2082 2343 πάντα

423 2377 672 2455 πράττων
722 2375 853 2453 ὑπὲρ
908 2377 1130 2454 ταύτης,
1163 2376 1302 2439 τίνος
1346 2374 1489 2441 ἄξιος
1536 2384 1617 2455 ;“ε
1661 2378 1756 2434 Καὶ
1784 2377 1879 2439 τὰς
1927 2398 2079 2456 πρω-

424 2464 758 2545 τοκαθεδρίας
808 2466 865 2522 ἐν
893 2480 1017 2528 ταῖς
1048 2479 1410 2545 συναγωγαῖς⁶
1452 2486 1476 2521 ι
1510 2464 1633 2522 ἔνθα
1665 2464 1869 2540 μᾶλλον
1911 2468 2080 2546 ὤφει-

423 2555 516 2613 λον
585 2557 673 2613 καὶ
733 2555 853 2619 νοῦς
911 2554 1101 2620 ἄλλους
1142 2554 1403 2612 διδάσκειν
1447 2569 1915 2636 παπεινοφρονεῖν,
1964 2555 2079 2612 ἐκεῖ

423 2646 571 2701 αὒτοὶ
656 2646 856 2701 ἐκεῖνοι
936 2642 1303 2724 διεφθείροντο.
1400 2645 1577 2702 Πάντα
1633 2645 1733 2723 γὰρ
1824 2644 2078 2724 ’ἔπραττον

426 2735 559 2814 ὑπὲρ
629 2733 807 2801 δόξης·
855 2736 944 2791 καὶ
998 2745 1162 2794 ταῦτα
1193 2735 1513 2813 πράττοντες
1544 2738 1639 2793 οὐκ
1681 2734 2074 2814 ἐπῃσχύνοντο,

428 2823 567 2880 ἄλλα
624 2822 826 2899 μᾶλλον
886 2822 1079 2893 ἤθελον
1122 2822 1399 2881 καλεῖσθαι
1460 2814 1657 2898 Ῥαϐὅὶ,
1694 2815 1893 2895 Ῥαϐϐὶ,
1920 2845 2078 2881 τουτ-

438 2915 579 2988 ἇστι,
614 2912 933 2971 διδάσκαλοι.

530 3025 553 3058 ε
620 2994 801 3077 ’Υμεῖς
870 3002 923 3060 δὲ
982 3006 1061 3079 μὴ
1113 3003 1349 3071 κληθῆτε
1397 2994 1598 3074 Ῥαϐὄὶ,
1646 3007 1729 3067 εἷς
1781 3005 1881 3082 γὰρ
1943 3003 2086 3059 ἐστιν

440 3092 588 3167 ῦμῶν
618 3095 646 3148 6
674 3092 1003 3174 διδάσκαλος,
1051 3096 1080 3150 6
1128 3094 1372 3171 Χριστός·
1410 3094 1603 3155 πάντες
1636 3090 1692 3148 δὲ
1734 3094 1891 3162 ὑμεῖς
1923 3090 2082 3148 ἀδελ-

2168 766 2326 828 bant.
2363 768 2655 830 Fimbrias
2703 780 2897 832 autem
2942 771 3238 836 faciebant
3270 776 3329 835 in
3360 766 3609 837 summis
3641 776 3822 839 vesti-

2166 855 2297 929 bus,
2336 856 2616 919 violaceis
2646 866 2705 918 et
2728 861 3026 922 coccineis
3057 862 3256 923 clavis.
3311 863 3381 926 Et
3423 866 3536 927 hoc
3568 864 3818 928 invene-

2162 954 2295 1006 rant
2323 946 2380 1006 in
2412 946 2568 1025 lege,
2597 956 2666 1009 ut
2707 948 2979 1010 videntes
3008 949 3131 1023 illa,
3170 969 3287 1014 non
3325 952 3822 1017 obliviscerentur

2168 1034 2573 1096 mandatorum
2597 1035 2728 1101 Dei.
2755 1039 2828 1099 At
2851 1037 3005 1099 Deus
3031 1039 3143 1101 hoc
3168 1040 3430 1123 nolebat,
3464 1044 3570 1105 sed
3590 1044 3819 1123 juben-

2164 1122 2240 1181 do
2291 1123 2451 1186 ferre
2494 1144 2675 1205 super
2719 1145 2957 1188 manum
2990 1128 3442 1208 phylacterium,
3482 1122 3821 1211 significare

2166 1211 2395 1274 volebat
2428 1214 2700 1276 mandata
2737 1216 2969 1295 operari
3025 1235 3126 1277 eos
3170 1227 3472 1298 oportere.
3516 1226 3629 1282 Per
3676 1242 3823 1285 coc-

2165 1300 2365 1362 cineas
2413 1310 2611 1366 autem
2662 1305 2930 1366 fimbrias
2982 1306 3322 1369 declarabat
3363 1310 3520 1389 quod
3554 1319 3825 1391 Oporteat

2165 1409 2272 1451 nos
2294 1391 2586 1467 sanguine
2636 1392 2874 1454 Domini
2904 1394 3153 1472 signari.
3213 1395 3304 1457 Illi
3347 1416 3485 1459 vero
3527 1398 3825 1462 faciebant

2166 1479 2526 1559 phylacteria
2565 1500 2775 1561 magna
2816 1490 2874 1544 et
2921 1483 3208 1565 ﬁmbrias,
3258 1494 3321 1547 ut
3349 1486 3689 1550 videntibus
3720 1490 3823 1551 illa

2163 1579 2489 1649 appareant
2534 1570 2946 1634 observatores
2979 1590 3112 1635 esse
3140 1574 3309 1654 legis.

2158 1665 2527 1733 σημειοῦσθαι·
2604 1662 2798 1719 ἐκεῖνοι
2826 1661 2879 1717 δὲ
2911 1664 3122 1723 ἐποίουν
3154 1668 3219 1722 τὰ
3249 1687 3306 1721 τε
3349 1666 3687 1748 φυλακτήρια
3717 1693 3821 1746 με·

2256 1840 2433 1901 νειιε.
2471 1839 2529 1913 6,
2562 1842 2624 1904 7.
2666 1866 2688 1893 α
2726 1840 3061 1923 Amantque
3120 1844 3344 1924 primos
3401 1846 3710 1908 accubitus
3762 1850 3823 1910 in

2166 1930 2447 2001 coenis,et
2476 1928 2697 2008 primas
2729 1931 3041 1992 cathedras
3075 1932 3134 1992 in
3169 1934 3502 2013 synagogis,
3529 1945 3588 1998 et
3610 1935 3825 2000 saluta-

2168 2017 2360 2108 tiones
2418 2018 2480 2078 in
2529 2018 2679 2096 foro,
2724 2027 2782 2080 et
2811 2020 3008 2082 vocari
3066 2021 3140 2082 ab
3198 2023 3543 2086 hominibus
3600 2027 3820 2108 Rabbi,

2165 2106 2376 2168 Bahbi.
2417 2132 2442 2162 ι
2471 2110 2645 2188 Papae
2670 2109 2808 2189 quid
2842 2109 3031 2170 dicit?
3059 2109 3289 2173 Idcirco
3320 2106 3822 2192 condemnamur,

2166 2197 2301 2276 quia
2326 2204 2546 2259 amant.
2582 2197 2750 2269 Quod
2783 2198 2831 2257 si
2865 2199 3055 2259 solum
3089 2219 3296 2263 amans
3329 2202 3554 2281 primos
3581 2205 3825 2267 accubi-

2166 2297 2259 2346 tus
2290 2287 2751 2366 condemnatur,
2785 2289 2885 2367 qui
2906 2288 3055 2351 nihil
3088 2309 3205 2351 non
3230 2291 3367 2352 facit
3397 2309 3501 2372 pro
3532 2293 3675 2367 illis,
3710 2315 3826 2376 qua

2166 2376 2673 2437 condemnatione
2709 2376 2952 2454 dignus?
2987 2408 3011 2438 ιι
3037 2377 3107 2439 Εῑ
3138 2382 3362 2459 primas
3417 2382 3730 2446 cathedras
3763 2386 3825 2446 in

2166 2466 2501 2544 synagogis;
2539 2490 2560 2521 η
2592 2465 2693 2527 ubi
2728 2466 2911 2548 magis
2935 2468 3235 2529 debebant
3263 2467 3483 2531 docere
3513 2471 3663 2533 alios
3710 2474 3826 2534 huc

2170 2553 2509 2635 militatem,
2536 2574 2607 2615 eo
2637 2555 2767 2617 loco
2791 2555 2876 2616 illi
2901 2556 3013 2636 ipsi
3051 2558 3257 2637 majori
3286 2559 3436 2619 fastu
3469 2578 3825 2642 corrumpe-

2169 2643 2406 2707 bantur.
2476 2644 2690 2707 Omnia
2754 2646 2912 2706 enim
2975 2664 3081 2727 pro
3141 2648 3331 2723 gloria
3389 2648 3703 2727 faciebant,
3768 2660 3828 2713 et

2168 2733 2293 2794 haec
2344 2734 2629 2796 facientes
2689 2753 2806 2794 non
2864 2736 3412 2812 confundebantur,
3447 2737 3551 2799 sed
3584 2739 3824 2803 interim

2172 2822 2374 2883 vocari
2405 2822 2679 2884 volebant
2714 2823 2848 2883 124
2896 2823 3108 2899 Rabbi,
3138 2824 3352 2899 Rabbi,
3385 2826 3496 2888 hoc
3527 2836 3637 2903 est,
3672 2829 3823 2891 doc-

2168 2921 2224 2971 ῐΟ
2233 2931 2327 2973 res
2336 2957 2349 2972 .

2251 3004 2424 3064 Vens.
2461 3004 2640 3067 8-12.
2686 3028 2706 3060 ε
2743 3006 2858 3066 Vos
2886 3012 3085 3066 autem
3119 3005 3301 3068 nolite
3350 3006 3545 3079 vocari
3576 3005 3769 3069 Rabbi
3804 3025 3819 3069 :

2173 3111 2327 3153 unus
2354 3104 2447 3156 est
2476 3094 2634 3154 enim
2685 3093 2969 3172 magister
2998 3100 3214 3168 vester,
3269 3114 3487 3176 nempe
3532 3095 3822 3177 Christus,

433 3184 523 3265 φοί
575 3184 690 3243 ἐστε
778 3188 872 3244 Καὶ
930 3186 1131 3264 πατέρα
1182 3187 1260 3260 μὴ
1317 3183 1581 3251 καλέσητε
1637 3185 1785 3260 ὑμῶν
1836 3182 1921 3240 ἐπὶ
1989 3190 2084 3250 της

2175 3200 2385 3244 omnes
2409 3191 2605 3243 autem
2641 3201 2741 3243 vos
2790 3184 3000 3244 fratres
3044 3183 3208 3244 estis.
3260 3182 3333 3245 Et
3380 3193 3606 3265 patrem
3642 3186 3825 3248 nolite

428 3280 553 3354 γῆς,
591 3278 674 3338 εἷς
704 3276 803 3354 γὰρ
832 3278 975 3332 ἐστιν
1017 3278 1047 3331 6
1092 3275 1274 3353 Πατὴρ
1314 3276 1461 3350 ὑμῶν
1507 3276 1534 3331 6
1562 3276 1619 3330 ἐν
1649 3286 1768 3337 τοῖς
1812 3277 2082 3353 οὖρανοτς,

434 3362 580 3431 Μηδὲ
634 3364 869 3435 κληθῆτε
926 3364 1250 3442 καθηγηταί⁶
1315 3362 1401 3429 εἷς
1478 3363 1578 3443 γὰρ
1631 3362 1773 3420 ἐστιν
1841 3364 1990 3439 ὑμῶν
2058 3365 2086 3419 6

427 3456 764 3537 καθηγητὴς,
835 3457 865 3511 6
937 3455 1182 3537 ξριστός.
1249 3444 1308 3512 ’0
1355 3450 1411 3509 δὲ
1481 3454 1674 3528 μείζων
1735 3454 1882 3529 ὑμῶν
1939 3451 2083 3509 ἔσται

425 3547 576 3621 ὐμῶν
631 3535 897 3608 διάκονος.
948 3535 1150 3607 ’Ὅστις
1180 3542 1234 3600 δὲ
1263 3543 1465 3619 ὑψώσει
1499 3543 1710 3617 ἑαυτὸν,
1747 3542 2088 3611 ταπεινωθή-

426 3657 600 3709 σεται,
672 3638 760 3692 καὶ
817 3636 962 3699 ὅστις
1018 3633 1335 3691 ταπεινώσει
1387 3634 1594 3705 ἑαυτὸν,
1646 3633 2009 3708 ὑψωθὴσεται.
2046 3654 2068 3689 ε

426 3727 502 3784 Οὔ
556 3725 748 3783 κωλύει
806 3729 834 3782 6
893 3727 1114 3805 Χριστὸς
1178 3726 1241 3780 τὸ
1285 3721 1563 3780 καλεῖσθαί
1589 3744 1707 3779 τινα
1738 3721 2076 3791 δικάσκαλον,

428 3814 567 3871 ἀλλὰ
618 3818 678 3871 τὸ
735 3816 989 3891 ἐμπαθῶς
1044 3814 1214 3872 θέλειν
1270 3812 1573 3881 καλεῖσθαι,
1607 3815 1696 3870 καὶ
1751 3813 1923 3869 πάντα
1954 3812 2080 3890 τρό-

427 3929 533 3963 πον
588 3904 896 3976 σπουδάζειν
956 3907 1028 3970 εἰς
1071 3907 1133 3962 τὸ
1202 3902 1489 3971 κληθῆναι.
1524 3904 1595 3961 Τὸ
1642 3904 1741 3981 γὰρ
1768 3901 2081 3959 διδασκαλι-

425 3998 525 4053 κὸν
584 3994 788 4070 ἀξίωμα
846 3996 996 4070 μόνῳ
1054 3996 1305 4072 πρόσεστι
1362 3993 1555 4072 κυρίως
1596 3998 1735 4066 Θεῷ,
1798 3994 2004 4069 Πατέρα
2034 3992 2087 4047 δὲ

426 4086 510 4163 μὴ
581 4084 871 4157 καλέσητε,
904 4083 1101 4163 λέγων,
1160 4087 1221 4143 οὐ
1252 4082 1444 4139 κωλῦει
1473 4083 1573 4150 τὴν
1593 4085 1725 4161 πρὸς
1754 4084 1875 4146 τοὺς
1906 4093 2086 4161 γονεῖς

424 4178 617 4256 τιμὴν,
677 4175 789 4232 ἐπεὶ
848 4173 986 4232 θέλει
1034 4176 1182 4250 ἡμᾶς
1250 4177 1409 4248 τιμᾷν
1436 4173 1556 4234 τοὺς
1588 4186 1792 4253 γονεῖς,
1845 4175 1932 4229 καὶ
1976 4174 2087 4248 μά-

427 4265 590 4324 λιστα
659 4267 780 4329 τοὺς
838 4264 1230 4340 πνευματικοὺς
1290 4261 1546 4339 πατέρας,
1580 4261 1716 4318 ἀλλὰ
1746 4263 1877 4342 πρὸς
1905 4262 1966 4317 τὸ
1994 4262 2085 4317 τὸν

427 4354 608 4424 ἀληθῆ
668 4353 877 4433 Πατέρα
947 4353 1360 4433 ἐπιγινώσκειν,
1433 4349 1674 4407 τουτέστι
1770 4349 1861 4407 τὸν
1931 4352 2082 4420 Θεὸν,

428 4445 635 4525 ἐνάγει“
693 4444 883 4511 κυρίως
939 4444 1046 4522 γὰρ
1100 4441 1279 4520 πατὴρ
1329 4442 1358 4496 6
1390 4440 1544 4503 Θεός.
1577 4440 1638 4497 Οἱ
1668 4437 1722 4517 δξ
1769 4442 2081 4515 σωματικοὶ,

2168 3287 2383 3332 vocare
2414 3271 2583 3332 vobis
2610 3289 2796 3352 super
2820 3280 3037 3333 terram
3072 3285 3087 3331 :
3125 3291 3279 3334 unus
3319 3287 3410 3334 est
3459 3274 3621 3336 enim
3655 3277 3827 3337 Pater

2171 3370 2383 3432 vester,
2435 3362 2535 3442 qui
2568 3360 2630 3421 in
2661 3360 2829 3423 caelis
2856 3369 2962 3423 est.
3000 3359 3124 3422 Nec
3163 3362 3461 3423 vocemini
3513 3364 3824 3441 magistri:

2172 3469 2323 3511 unus
2346 3449 2506 3511 enim
2539 3458 2627 3511 est
2651 3452 2933 3530 magister
2948 3459 3394 3533 vester,nempe
3416 3450 3825 3524 Christus.Qui

2173 3541 2359 3618 major
2390 3549 2479 3600 est
2512 3540 2926 3615 vestrum,erit
2956 3548 3150 3601 vester
3181 3539 3597 3613 minister.Qui
3626 3549 3823 3603 autem

2160 3646 2225 3691 se
2252 3629 2613 3710 exaltaverit,
2638 3629 3139 3691 humiliabiturzet
3168 3629 3265 3710 qui
3296 3647 3362 3691 se
3394 3628 3819 3703 humiliaverit,

2163 3719 2543 3781 exaltabitur.
2569 3743 2598 3775 ιι
2632 3717 2763 3780 Νοιι
2797 3720 3078 3799 prohibet
3100 3718 3367 3781 Christus
3393 3719 3588 3780 vocari
3619 3738 3830 3800 quem-

2167 3808 2326 3889 piam
2386 3808 2751 3889 magistrum,
2777 3808 2881 3869 sed
2909 3817 3065 3869 tanta
3107 3809 3427 3870 affectione
3460 3810 3572 3871 veli
3608 3811 3825 3885 vocari,

2171 3908 2229 3962 et
2256 3899 2531 3962 omnibus
2564 3899 2757 3959 modis
2799 3916 3009 3959 curare
3040 3907 3102 3959 ut
3135 3902 3210 3958 ita
3242 3908 3505 3960 vocetur.
3562 3898 3830 3960 Docendi

2172 3989 2330 4050 enim
2365 3989 2617 4067 dignitas
2641 3990 2879 4068 proprie
2909 3988 3093 4049 solius
3111 3996 3200 4049 est
3221 3986 3592 4050 Dei.Patrem
3626 3996 3829 4049 autem

2173 4098 2247 4140 ne
2280 4079 2763 4151 vocetis.dicens,
2784 4097 2901 4139 non
2935 4078 3209 4159 prohibet
3233 4079 3521 4139 honorem
3560 4077 3828 4157 parenti-

2175 4168 2284 4229 bus
2309 4168 2599 4247 debitum,
2648 4170 2786 4248 quia
2817 4168 2941 4228 vult
2975 4186 3082 4228 nos
3131 4166 3400 4228 venerari
3464 4174 3743 4246 parentes
3769 4182 3833 4234 et

2173 4258 2429 4319 maxime
2461 4258 2798 4337 spirituales
2831 4268 3050 4337 patres,
3084 4258 3189 4318 sed
3224 4256 3455 4317 inducit
3508 4266 3572 4317 ut
3618 4274 3822 4319 verum

2174 4351 2411 4412 Patrem
2442 4353 2851 4427 agndscamus,
2897 4348 3009 4408 hoc
3060 4357 3173 4421 est,
3225 4345 3440 4409 Deum.
3475 4347 3632 4408 Deus
3666 4346 3828 4407 enim

2176 4438 2417 4519 proprie
2451 4449 2615 4517 pater
2643 4446 2753 4499 est.
2790 4437 3072 4499 Carnales
3101 4435 3263 4498 enim
3302 4453 3418 4494 non
3450 4442 3589 4495 sunt
3616 4446 3830 4498 aucto-

430 4524 547 4593 οὗκν
580 4533 748 4591 αἴτιοι
777 4538 879 4601 τῆς
909 4532 1235 4610 γεννήσεως,
1262 4526 1381 4586 ἀλλ’
1410 4529 1659 4608 ὑπουργοὶ
1690 4532 1776 4585 καὶ
1807 4531 2084 4591 συναίτιοι.

2176 4546 2272 4588 res
2329 4526 2669 4599 nativitatis,
2714 4524 2821 4586 sed
2879 4525 3209 4604 cooperarii
3244 4532 3302 4584 et
3332 4524 3613 4584 ministri.
3640 4526 3826 4587 Porro

436 4625 698 4682 Δεικνύων
768 4621 822 4679 δὲ
880 4625 941 4678 τὸ
1011 4619 1191 4701 κέρδος
1244 4619 1339 4687 τῆς
1386 4620 1892 4699 ταπεινοφροσύνης,
1935 4621 2092 4699 φησὶν

432 4716 542 4796 δτι,
592 4703 655 4773 Ὀ
699 4712 893 4796 μείζων
934 4713 1084 4788 ὑμῶν
1114 4709 1313 4791 ὀφείλει
1344 4709 1487 4765 εἶναι
1531 4710 1679 4784 ὑμῶν
1735 4706 1976 4774 διάκονος
2005 4711 2093 4766 καὶ

433 4805 693 4887 ἔσχατος.
744 4795 859 4868 ’Ὃς
889 4825 990 4883 γαρ
1014 4800 1216 4877 ὑψώσει
1250 4801 1437 4857 ἑαυτὸν
1468 4799 1660 4866 οἰηθεὶς
1712 4798 1856 4856 εἷναί
1882 4821 1957 4876 τι,
1989 4822 2090 4857 τα-

430 4897 846 4967 πεινωθήσεται,
894 4891 1328 4973 ἐγκαταλειφθεὶς
1358 4891 1461 4947 ὑπὸ
1489 4896 1581 4947 τοῦ
1612 4897 1766 4949 Θεοῦ.

525 5008 550 5043 ε
588 4984 714 5044 Οὖαὶ
770 4982 825 5039 δὲ
868 4985 1020 5060 ὑμῖν,
1055 4988 1400 5060 Γραμματεῖς
1431 4981 1521 5037 καὶ
1550 4987 1842 5061 Φαρισαῖοι
1868 4983 2091 5062 ὑποκρι-

434 5078 545 5148 ταὶ,
621 5074 705 5131 ὅτι
760 5074 1058 5129 κατεσθίετε
1099 5072 1196 5136 τὰς
1240 5072 1406 5134 οἶκιας
1436 5070 1541 5126 τῶν
1585 5077 1798 5151 χηρῶν,
1828 5074 1914 5129 καὶ
1950 5095 2089 5150 προ-

434 5166 595 5249 ιράσει
666 5164 843 5243 μακρὰ
896 5162 1349 5249 προσευχόμενοι,
1383 5157 1470 5216 διὰ
1500 5165 1653 5216 τοῦτο
1696 5160 1930 5237 λήψεσθε
1986 5183 2087 5219 πε-

432 5244 742 5338 ρισσότερον
790 5267 984 5334 κρῖμα.
1038 5276 1065 5307 ι
1132 5244 1448 5329 ’Υποκριτᾶς
1500 5251 1716 5315 τούτους
1782 5251 1964 5328 καλεῖ,
2019 5255 2092 5316 ὡς

431 5342 933 5424 ἐπαγγελλομένους
1021 5338 1296 5402 εεόλὰὄειαν
1380 5343 1470 5398 καὶ
1552 5340 1721 5416 μηδὲν
1814 5351 2093 5406 ποιοῦντας

434 5436 583 5502 ἄξιον
637 5436 735 5503 τῆς
807 5432 1159 5513 ἐπαγγελίας,
1204 5431 1343 5488 ἀλλὰ
1398 5433 1659 5512 προφάσει
1718 5434 1812 5489 τοῦ
1864 5435 2093 5513 προσεύ-

435 5528 627 5607 χεσθαι
688 5525 890 5601 μακρὰ,
952 5522 1221 5580 τουτέστιν
1289 5521 1375 5579 ἐπὶ
1432 5520 1598 5580 πολύν
1639 5523 1849 5601 καιρόν,
1900 5544 2093 5580 κατεσο

440 5616 644 5678 θέοντας
706 5616 767 5669 τὸ
810 5621 918 5669 τῷν
962 5612 1155 5694 χηρῶν
1199 5612 1480 5691 χρήματα.
1516 5619 1603 5686 Τῷ
1632 5610 1742 5667 ὄντι
1770 5614 1868 5689 γὰρ
1900 5612 2097 5688 ἐμπανο

418 5726 559 5762 ’τιτιι
643 5706 807 5777 ἦσαν,
898 5706 1297 5779 καταγελῶντες
1393 5705 1500 5759 τῶν
1570 5700 1940 5781 ἀπλουστερων
2009 5708 2099 5761 καὶ

2178 4620 2406 4678 lucrum
2440 4615 2792 4676 humilitatis
2822 4614 3097 4675 indicans
3127 4613 3277 4674 dicit
3309 4633 3323 4675 :
3356 4612 3470 4684 Qui
3515 4613 3706 4692 major
3737 4622 3828 4674 est

2176 4715 2464 4778 vestrum,
2499 4704 2681 4766 debet
2721 4722 2856 4767 esse
2912 4711 3110 4765 vester
3166 4703 3436 4763 minister
3464 4714 3526 4762 et
3559 4701 3824 4764 ultimus.

2175 4796 2283 4871 Qui
2316 4795 2477 4857 enim
2513 4794 2853 4856 exaltaverit
2881 4792 3297 4873 semetipsum,
3330 4791 3553 4871 aliquid
3598 4809 3664 4852 se
3694 4809 3830 4854 esse

2178 4897 2366 4955 ratus,
2403 4884 2821 4946 burniliabitur
2848 4882 3169 4945 derelictus
3198 4901 3232 4943 a
3257 4882 3402 4943 Deo.
3822 4939 3829 4947 ,

2256 4974 2441 5038 Vsus.
2484 4975 2575 5038 l4.
2622 4997 2646 5030 ι
2679 4972 2781 5035 Vae
2812 4983 3009 5034 autem
3043 4972 3238 5047 vobis,
3267 4970 3493 5035 Scriba;
3527 4978 3585 5033 et
3615 4969 3827 5032 Phari-

2174 5066 2278 5127 seei
2312 5064 2653 5146 hypocrita,
2690 5064 2827 5144 quia
2870 5062 3184 5125 comeditis
3234 5064 3445 5124 domos
3499 5061 3825 5137 viduarum,

2179 5157 2318 5216 dum
2352 5155 2462 5216 sub
2496 5163 2781 5235 praetextu
2848 5152 3130 5234 precibus
3172 5152 3415 5234 prolixis
3446 5152 3776 5234 precamini
3808 5171 3824 5214 :

2180 5254 2424 5326 propter
2455 5245 2567 5305 hoc
2600 5243 2731 5325 plus
2761 5243 3077 5324 accipietis
3107 5242 3531 5304 damnationis.
3572 5268 3596 5301 ι
3636 5243 3831 5324 Hypo-

2179 5336 2358 5397 critas
2388 5335 2496 5396 hos
2526 5345 2717 5408 vocat,
2748 5342 2810 5393 ut
2841 5333 3253 5413 promittentes
3303 5331 3609 5413 pietatem,
3641 5342 3701 5396 et
3730 5332 3830 5394 ni-

2181 5425 2263 5486 hil
2295 5423 2690 5505 promissione
2721 5422 2965 5500 dignum
2994 5423 3282 5485 facientes
3315 5438 3328 5483 :
3366 5421 3472 5483 sed
3510 5431 3834 5503 praetexen-

2179 5523 2267 5576 tes
2295 5534 2359 5576 se
2392 5513 2624 5594 precari
2677 5518 2939 5590 longum,
2975 5514 3088 5575 hoc
3120 5521 3230 5587 est,
3296 5512 3480 5573 multo
3534 5523 3828 5591 tempore,

2180 5606 2465 5666 devorant
2490 5604 2797 5665 viduarum
2833 5604 3161 5664 facultates.
3194 5600 3278 5663 Re
3306 5609 3501 5662 autem
3530 5602 3659 5681 ipsa
3684 5600 3828 5660 illu-

2181 5714 2348 5763 sores
2394 5704 2553 5766 sunt,
2588 5712 2657 5756 ac
2687 5694 2965 5757 derident
2997 5692 3418 5775 simpliciores,
3448 5700 3505 5753 et
3533 5694 3829 5765 exsugunt
