4170 6436
466 344 587 411 399

1435 344 2033 427 THEOPHYLACTI
2074 344 2485 413 BULGARDE
2520 343 2881 413 ARCHIEP.

3743 341 3870 408 400

469 504 595 550 eos.
636 482 740 546 «Et
769 482 901 564 plus
931 481 1446 545 condemnationis
1472 480 1843 561 accipietis,»
1878 500 1947 543 eo
1962 478 2118 561 quod

2208 480 2597 558 ἐκμυελίζοντες
2642 484 2853 549 αύτοῖρς.
2895 505 2920 541 ι
2960 486 3049 540 Διὸ
3079 487 3167 541 καί
3199 484 3571 565 περισσότερον
3621 481 3858 556 λήψεσθε

469 596 539 640 ea
596 594 728 655 quae
776 572 1107 645 viduarum,
1159 571 1496 644 comeditis,
1530 570 1745 649 quibus
1803 570 2114 651 oportebat

469 667 654 746 magis
676 663 1081 743 suppeditare,
1110 669 1168 721 et
1197 659 1463 740 ipsarum
1490 659 1748 739 inopiam
1775 660 2109 721 sublevare.

467 755 577 820 Vel
607 755 799 826 aliter,
838 751 1020 811 multo
1072 749 1204 829 plus
1252 748 1653 810 damnationis
1684 748 2008 829 accipietis,
2043 766 2113 810 eo

469 846 624 928 quod
661 850 944 924 praetextu
979 839 1115 901 boni
1150 839 1347 918 aperis
1380 839 1597 899 malum
1632 839 1914 919 quiddam
1948 858 2114 900 com-

469 934 721 1007 mittitis,
756 949 972 1010 nempe
1018 929 1315 1010 precando
1360 928 1667 989 viduarum
1722 929 1878 990 bona
1908 948 2114 991 come-

469 1026 706 1088 dentes.
741 1020 946 1101 llajori
1000 1018 1159 1081 enim
1212 1018 1711 1081 condemnatione
1740 1019 1981 1096 dignus,
2014 1018 2115 1099 qui

468 1121 757 1198 praetextu
788 1110 930 1173 boui
960 1109 1021 1170 in
1055 1107 1276 1170 malum
1300 1107 1510 1171 allicit.

552 1298 737 1358 Vens.
771 1290 869 1354 l3.
909 1290 1045 1349 (Va;
1063 1286 1252 1361 vobis,
1279 1286 1502 1349 Scriba
1532 1294 1591 1349 et
1622 1287 1898 1349 Pharisaei
1931 1288 2111 1368 hypo-

470 1388 655 1465 crita,
688 1381 827 1464 quia
855 1378 1128 1440 clauditis
1160 1394 1403 1451 regnum
1433 1378 1713 1438 caelorum
1748 1386 1885 1438 ante
1916 1376 2114 1440 homi-

471 1494 616 1537 nes:
652 1492 751 1533 vos
777 1471 935 1532 enim
965 1484 1080 1528 non
1117 1465 1526 1543 ingredimini,
1561 1484 1756 1545 neque
1785 1466 2113 1527 advenien-

470 1572 560 1628 tes
581 1562 774 1624 sinitis
804 1557 1097 1637 ingredi.»
1133 1558 1267 1619 Non
1290 1554 1504 1629 solum,
1541 1555 1752 1635 inquit,
1790 1556 2112 1618 vosincre-

472 1654 596 1717 duli
655 1649 818 1723 estis,
850 1658 909 1710 et
968 1650 1143 1708 vitam
1204 1642 1435 1705 habetis
1482 1654 1868 1725 corruptam:
1906 1645 2009 1707 sed
2061 1654 2118 1707 et

469 1744 619 1807 alios
643 1739 870 1803 docetis
908 1755 984 1799 ne
1018 1735 1161 1797 mihi
1188 1733 1461 1815 credant,
1496 1742 1553 1795 et
1599 1752 1707 1815 per
1748 1735 1878 1797 vitae
1906 1746 2117 1797 vestra:

2195 586 2385 654 κρῖμα,
2454 594 2484 634 )
2542 573 2671 631 διότι
2703 574 2910 630 ἅπαντα
2935 574 3001 630 τὰ
3042 573 3150 630 τῶν
3177 580 3367 654 χηρῶν
3398 572 3721 649 κατεσθίετε,
3767 582 3861 630 ατς

2195 661 2298 719 ’έδει
2358 662 2561 739 μᾶλλον
2633 663 2987 743 ὲκχορηγετν,
3043 664 3130 720 καί
3158 664 3259 731 τὴν
3287 663 3468 719 πενίαν
3500 665 3670 720 αὖτῶν
3718 657 3853 739 διορ·

2194 754 2424 812 θοῦσθαι.
2491 755 2589 811 Καὶ
2646 751 2821 817 ἄλλως
2854 750 2932 832 δὲ,
2989 753 3358 831 περισσότερον
3391 751 3538 808 ἔσται
3592 751 3651 805 τὸ
3681 749 3855 807 κατά-

2198 863 2386 921 κριμα,
2472 842 2553 899 ῧτι
2616 840 2701 898 διὰ
2770 843 3165 921 προσχήματος
3235 841 3432 919 ἀγαθοῦ
3516 838 3692 919 ἔργου,
3763 844 3860 894 τοῦ

2198 932 2610 1013 προσεύχεσθαι,
2684 932 2918 1005 πονηρόν
2966 954 3016 988 τι
3098 932 3536 1011 κατεργάζονται,
3597 931 3659 986 τὸ
3716 950 3857 986 κατ-

2199 1021 2385 1078 εσθίειν
2454 1022 2520 1077 τὰ
2582 1026 2681 1077 τῶν
2740 1028 2952 1100 χηρῶν·
3016 1020 3272 1087 πλειστης
3339 1020 3443 1097 γὰα
3495 1019 3858 1098 κατακρίσεως

2199 1107 2341 1174 ἄξιος
2401 1112 2429 1166 ὁ
2486 1108 2571 1167 διὰ
2642 1111 3034 1190 προσχήματος
3091 1110 3289 1188 ἀγαθοῦ
3346 1107 3600 1180 δελεάζων
3657 1109 3729 1171 είς
3794 1108 3858 1162 τὸ

2196 1200 2383 1261 κακόν.

2285 1311 2314 1342 α
2389 1290 2516 1347 0ὒαί
2543 1290 2696 1365 ὑμῖν,
2731 1297 3074 1370 Γραμματετς
3106 1291 3195 1345 καὶ
3239 1295 3521 1367 Φαρισαῖοι
3551 1288 3856 1365 ὑποκριταὶ,

2199 1377 2279 1434 ὅτι
2339 1377 2539 1437 κλείετε
2566 1382 2665 1448 τὴν
2721 1379 2993 1458 βασιλείαν
3073 1385 3179 1436 τῶν
3238 1383 3469 1458 οὐρανῶν
3559 1376 3856 1456 ἴμπροσθεν

2199 1473 2305 1524 τῶν
2358 1468 2667 1546 ἀνθρώπων
2730 1473 2887 1547 ὑμεῖς
2930 1472 3030 1549 γὰρ
3088 1472 3182 1528 οὒκ
3214 1470 3539 1549 εἰσέρχεσθε,
3574 1465 3689 1525 οὔδε
3732 1472 3856 1528 τοὺς

2200 1559 2605 1638 εἰσερχομένους
2664 1560 2841 1641 ἆφίετε
2896 1558 3173 1617 εἰσελθεῖν.
3259 1582 3281 1615 ο
3344 1559 3416 1616 06
3450 1558 3632 1634 μόνον,
3668 1558 3854 1637 φησὶν,

2200 1649 2356 1723 ὑμεῖς
2407 1647 2620 1707 ἄπιστοί
2650 1649 2794 1726 ἐστε,
2856 1651 3061 1707 καὶτὸν
3084 1648 3196 1726 βίον
3242 1647 3616 1729 διεφθαρμένον
3668 1644 3853 1725 ἔχετε,

2199 1736 2334 1793 ἆλλᾶ
2393 1741 2481 1795 καὶ
2539 1738 2747 1820 ἑτέρους
2806 1737 3074 1797 διέάσκετε
3132 1742 3209 1815 μὴ
3250 1741 3515 1796 πιστεύειν
3559 1736 3698 1813 ἐμοὶ,
3765 1736 3858 1791 καὶ

470 1831 805 1911 exemplum
837 1824 1238 1904 corrumpitis.
1272 1820 1435 1885 Solet
1453 1823 1608 1884 enim
1643 1824 1935 1905 popuplus
1959 1826 2118 1905 prin-

2208 1823 2285 1883 διὰ
2339 1834 2431 1885 τοῦ
2474 1829 2588 1906 βίου
2658 1836 2751 1886 τοῦ
2777 1830 3029 1908 ὑμετέρου
3065 1833 3154 1887 καί
3200 1831 3291 1886 106
3329 1826 3713 1906 ὑποδείγματος
3741 1822 3857 1881 δια·

470 1920 705 2003 cipibus
753 1917 882 1981 ﬁeri
937 1912 1173 1982 similis.
1204 1921 1262 2003 et
1308 1912 1495 1990 magis
1542 1913 1591 1974 si
1642 1912 1775 1974 illos
1808 1914 1867 1975 in
1898 1915 2115 1976 malum

473 2002 633 2074 videt
681 2022 1030 2090 propensos.
1081 2002 1293 2067 Omnis
1349 2003 1544 2083 itaque
1596 2003 1785 2064 malus
1834 2004 2042 2066 doctor
2064 2016 2122 2066 et

472 2102 755 2185 princeps
810 2098 1007 2158 videat
1061 2093 1204 2175 quid
1250 2092 1535 2185 lucretur,
1606 2111 1823 2185 nempe
1878 2112 1983 2167 ναξ,
2050 2112 2118 2155 eo

470 2181 627 2275 quod
664 2207 770 2271 per
798 2203 965 2249 suam
984 2183 1160 2245 vitam
1195 2200 1314 2244 non
1345 2181 1488 2243 sinit
1529 2182 1681 2244 alios
1712 2182 1772 2242 in
1804 2181 1961 2245 bono
1990 2202 2121 2264 pro-

468 2284 673 2345 ﬁcere.

555 2374 734 2433 Vens.
772 2366 869 2429 15.
910 2390 933 2421 α
972 2365 1074 2424 Vae
1099 2361 1286 2437 vobis,
1307 2359 1531 2422 Scribae
1552 2360 2115 2443 etPharismifhypo-

472 2465 654 2533 critre,
693 2457 831 2540 quia
861 2452 1190 2515 circumitis
1223 2468 1385 2511 mare
1414 2461 1473 2510 at
1502 2450 1759 2523 aridam,
1797 2461 1859 2512 ut
1889 2453 2116 2516 faciatis

379 2583 389 2595 -
472 2570 655 2613 unum
689 2539 1068 2629 proselytum:
1093 2551 1149 2602 et
1180 2560 1313 2601 cum
1346 2539 1522 2601 fuerit
1545 2540 1949 2615 factus,facitis
1982 2562 2115 2604 eum

473 2642 657 2703 filium
689 2637 977 2716 geheunze
1001 2631 1183 2710 duplo
1209 2630 1390 2708 magis
1419 2649 1595 2710 quam
1630 2649 1734 2690 vos
1765 2632 1967 2693 estis.»
1991 2631 2119 2694 Non

471 2731 689 2809 solum,
725 2724 936 2805 inquit,
959 2721 1198 2783 Jutlaeos
1225 2719 1630 2798 corrumpitis,
1665 2720 1769 2781 sed
1804 2731 1863 2781 et
1892 2741 1993 2783 eos
2021 2724 2118 2803 qui

473 2838 544 2882 ex
588 2818 882 2881 idolorum
941 2810 1074 2872 125
1120 2809 1277 2872 cultu
1310 2809 1381 2869 ad
1413 2810 1718 2870 Judaicam
1766 2810 2115 2890 religionem

2203 1916 2456 1997 φθείρετε.
2517 1916 2688 1977 Εῗωθε
2720 1920 2819 1997 γὰρ
2863 1921 2890 1976 ὁ
2934 1918 3061 1983 λαὸς
3093 1922 3404 1996 ὁμοιοῦσθαι
3435 1920 3556 1982 τοῦς
3598 1913 3853 1997 ἄρχουσι,

2200 2007 2290 2063 καὶ
2359 2005 2561 2083 μᾶλλον
2621 2009 2663 2064 εἰ
2693 2010 2824 2087 πρὸς
2854 2010 2916 2064 τὸ
2965 2010 3126 2066 κακὸν
3170 2008 3424 2086 ρέποντας
3469 2010 3564 2086 ὁρᾷ
3606 2008 3849 2069 τούτους.

2206 2102 2314 2160 Πᾶς
2366 2096 2455 2153 06v
2516 2100 2747 2174 πονηρὸς
2805 2095 3116 2163 διδάσκαλος
3187 2100 3275 2156 καί
3347 2097 3533 2179 ἄρχων
3586 2097 3760 2175 ὁράτω
3803 2098 3855 2151 τί

2204 2183 2480 2264 κερδαίνει,
2540 2186 2619 2243 ὅτι
2677 2190 2738 2244 τὸ
2795 2190 2933 2259 οὐαὶ,
2987 2192 3058 2253 ὡς
3090 2187 3174 2245 διὰ
3227 2196 3317 2247 106
3376 2188 3568 2247 οἰκείου
3620 2188 3737 2264 βίον
3769 2186 3852 2262 μὴ

2201 2274 2302 2331 ἐῶν
2346 2298 2490 2342 τινας
2522 2278 2839 2357 προκόπτειν
2865 2280 2936 2344 εἰς
2967 2278 3028 2335 τό
3052 2278 3268 2357 ἀγαθόν.

2288 2386 2311 2421 ε
2376 2367 2502 2424 0ύαί
2556 2370 2704 2443 ὑμῖν,
2785 2374 3128 2448 Γραμματετς
3189 2370 3277 2425 καὶ
3297 2375 3582 2448 Φαρισαῖοι
3623 2370 3854 2447 ὑποκρι-

2200 2456 2307 2528 ταὶ,
2364 2454 2443 2513 ὅτι
2503 2459 2782 2535 περιάγετε
2851 2458 2948 2527 τὴν
3024 2458 3295 2516 θάλασσαν
3363 2460 3451 2515 καὶ
3508 2459 3608 2526 τὴν
3663 2457 3854 2537 ξηρὰν,

2202 2543 2419 2612 ποιησαι
2492 2544 2581 2603 ἕνα
2638 2546 2986 2625 προσήλυτονο
3050 2550 3137 2604 καὶ
3179 2547 3304 2604 ὅταν
3337 2548 3582 2626 γένηται,
3644 2561 3858 2604 ποιεῖτε

2202 2635 2358 2689 αὐτὸν
2426 2637 2537 2691 υἱὸν
2594 2636 2815 2715 γεέννης
2874 2635 3179 2716 διπλότερον
3263 2639 3437 2714 ὑμῶν.
3502 2661 3530 2693 »
3560 2639 3635 2695 O6
3665 2637 3855 2713 μόνον,

2202 2724 2352 2802 φησὶ,
2413 2726 2534 2790 τοὺς
2592 2724 2870 2789 Ἰουδαίους
2929 2725 3274 2808 διαφθείρετε,
3321 2726 3569 2785 ἀλλὰκαὶ
3620 2729 3743 2790 τοὺς
3802 2724 3859 2790 ἑξ

2203 2810 2597 2894 εἰδωλολατρῶν
2654 2815 3039 2895 προσελθόντας
3098 2823 3164 2894 τῇ
3218 2815 3489 2893 Ἰουδαϊκῇ
3564 2814 3851 2894 θρησκείᾳ·

472 2912 871 2971 accesserunt.
894 2902 1014 2964 llos
1036 2906 1190 2962 enim
1220 2899 1543 2979 proselytos
1573 2900 1938 2962 nominabat.
1971 2902 2114 2963 Stu-

2208 2900 2411 2966 τούτους
2492 2906 2593 2984 γαρ
2688 2904 3052 2984 προσηλύτους
3146 2907 3445 2981 ὠνόμαζον.
3526 2904 3857 2976 Σπουδάζετε

471 2999 629 3061 detis
672 2995 911 3077 quidem
964 2999 1316 3054 convertere
1372 2989 1630 3068 aliquem
1682 2990 1752 3049 ad
1807 2987 2114 3054 Judaicam

2208 2991 2298 3064 μὲν
2352 2993 2451 3071 γὰρ
2480 2992 2789 3074 ἐπιστρέψαι
2856 2996 2975 3051 τινὰ
3027 2998 3158 3075 πρὸς
3214 2996 3316 3064 τὴν
3375 2993 3673 3063 Ἰουδαῒκὴν
3704 2994 3861 3074 ἀγω-

469 3085 980 3151 conversationem
1014 3089 1071 3140 et
1100 3077 1171 3139 ad
1192 3078 1987 3159 circumcisionem:quando
2014 3101 2115 3142 au-

2208 3082 2298 3157 γὴν
2367 3085 2454 3139 καί
2515 3085 2834 3164 περιτομὴν·
2891 3087 3017 3143 ὃταν
3046 3084 3100 3141 δὲ
3124 3084 3416 3163 Ἰουδαΐσῃ,
3461 3087 3582 3143 τότε
3612 3085 3858 3143 ἀπόλλυ-

471 3187 588 3240 tem
616 3172 895 3257 judaizat.
924 3177 1067 3234 tunc
1100 3167 1251 3248 perit
1280 3186 1313 3227 a
1342 3175 1537 3257 vestra
1568 3166 1824 3229 infectus
1850 3169 2073 3231 malitia
2100 3191 2111 3232 :

471 3256 628 3329 filius
652 3276 848 3326 autem
879 3263 1186 3341 gehennae,
1224 3257 1325 3337 qui
1351 3256 1565 3335 dignus
1602 3268 1691 3317 est
1722 3258 1985 3333 illa,cum
2010 3278 2124 3341 qua

468 3355 925 3419 familiaritatem
958 3347 1137 3411 habet
1166 3347 1222 3407 in
1257 3348 1356 3407 illa
1388 3347 1759 3425 ﬂagraturus.

552 3445 739 3509 Vens.
774 3436 1143 3505 46-22.ανω
1174 3435 1362 3514 vobis,
1397 3440 1581 3497 duces
1600 3436 1871 3517 caeci,qui
1898 3438 2121 3502 dicitis:

470 3536 829 3614 Quicunque
847 3527 1134 3611 juraveril
1162 3544 1265 3605 per
1284 3526 1749 3605 templum.nihi|
1772 3536 1880 3590 est:
1902 3530 1999 3609 qui
2028 3548 2128 3590 au-

469 3637 586 3689 tem
616 3624 911 3705 juraverit
960 3636 1065 3699 per
1120 3633 1328 3678 aurum
1382 3615 1613 3694 templi,
1644 3615 1840 3677 debet.
1870 3618 2040 3680 Stulti
2072 3626 2130 3681 et

467 3713 789 3794 caeci,quid
810 3710 968 3771 enim
985 3707 1175 3785 majus
1194 3714 1625 3778 est,aurum,an
1662 3706 1943 3785 templum
1970 3709 2126 3788 quod

468 3804 803 3867 sanctiﬁcat
829 3802 1070 3860 aurum?
1101 3794 1174 3855 Et
1204 3794 1547 3874 quicunque
1572 3794 1870 3873 juraverit
1904 3816 2009 3876 per
2036 3799 2128 3860 al-

465 3903 616 3974 tare,
649 3891 797 3953 nihil
830 3896 919 3949 est
951 3908 963 3949 :
995 3886 1333 3965 quicunque
1356 3885 1863 3974 autemjuraverit
1893 3906 1998 3967 per
2024 3889 2123 3949 do.

468 3972 612 4044 num
654 3980 812 4062 quod
848 3988 935 4039 est
964 3993 1143 4054 super
1176 3974 1344 4047 illud,
1377 3972 1577 4035 debet.
1614 3972 1793 4036 Stulti
1850 3994 1918 4038 ac
1957 3979 2123 4054 caeci,

468 4072 613 4152 quid
648 4071 807 4134 enim
842 4067 1032 4147 majus
1055 4063 1500 4137 est,donum,an
1528 4064 1710 4126 altare
1732 4066 1887 4145 quod
1913 4070 2127 4129 sancti-

470 4163 606 4225 ﬁcat
635 4157 886 4222 donum?
937 4155 1047 4227 Qui
1080 4173 1219 4232 ergo
1262 4153 1552 4232 juraverit
1584 4170 1692 4232 per
1720 4155 1928 4235 altare,
1955 4157 2124 4236 jurat

468 4271 577 4333 per
606 4250 749 4312 illud
798 4258 857 4309 et
903 4265 1008 4328 per
1038 4244 1233 4305 omnia
1269 4261 1407 4333 quae
1449 4260 1631 4323 super
1662 4244 1803 4304 illud
1838 4256 1995 4309 sunt.
2056 4249 2123 4308 Et

467 4332 567 4422 qui
596 4341 891 4421 juraverit
923 4354 1029 4417 per
1059 4332 1553 4413 templum;jurat
1588 4351 1694 4413 per
1722 4334 1871 4395 illud
1917 4344 1974 4397 et
2017 4355 2123 4417 per

2204 3190 2316 3249 ται,
2380 3169 2809 3253 διαφθειρόμενος
2864 3177 2966 3231 ὑπὸ
3034 3174 3130 3243 τῆς
3184 3177 3332 3251 ὑμῶν
3360 3177 3572 3240 κακίας·
3636 3178 3745 3240 νὶὸς
3800 3173 3862 3231 δὲ

2205 3259 2448 3339 γεέννης,
2507 3266 2536 3320 ὁ
2592 3263 2733 3330 ἃξιος
2790 3265 3014 3347 ταύτης,
3086 3267 3172 3322 καὶ
3227 3264 3530 3333 οἰκειότητά
3573 3287 3692 3323 τινα
3720 3266 3858 3345 πρὸς

2207 3350 2373 3418 αὐτὴν
2405 3352 2550 3432 ἔχων
2580 3354 2717 3412 ὥστε
2750 3358 3005 3422 καυθῆναι
3037 3355 3123 3413 ὑπ’
3159 3354 3344 3423 αὐτῆς.
3683 3418 3707 3441 τ,

2295 3451 2320 3487 ι
2358 3436 2484 3492 0ὒαί
2542 3436 2695 3510 ὑμῖν,
2780 3433 2965 3513 ὁδηγυὶ
3014 3435 3220 3516 τυφλοὶ,
3252 3438 3299 3492 οἱ
3345 3434 3591 3515 λέγοντας
3626 3452 3640 3467 ⁸
3684 3433 3766 3499 ‘0:
3796 3435 3863 3493 ἂν

2208 3519 2381 3598 ὀμόσῃ
2442 3522 2494 3579 ἐν
2550 3531 2626 3598 τῷ
2684 3531 2816 3600 ναῷ,
2852 3523 2996 3583 οὐδέν
3028 3526 3188 3582 ἐστιν·
3226 3523 3285 3590 ὅς
3315 3523 3360 3581 δ’
3391 3524 3453 3581 ἄν
3482 3526 3658 3603 ὀμόσῃ
3690 3524 3744 3581 έν
3782 3532 3861 3600 τῷ

2210 3617 2394 3689 χρυσῷ
2446 3620 2539 3669 106
2598 3623 2744 3690 ναυῦ,
2803 3613 3023 3694 ὀφείλει.
3084 3618 3261 3695 Μωροὶ
3285 3616 3373 3672 καὶ
3398 3615 3602 3696 τυφλοὶ,
3638 3617 3688 3673 τί
3757 3616 3861 3695 γὰρ

2212 3707 2396 3775 μεῖζον
2461 3700 2625 3783 ἐστὶν,
2685 3706 2712 3759 ὁ
2774 3706 2992 3784 χρυσὸς,
3053 3704 3088 3773 ἢ
3141 3707 3168 3761 ὁ
3226 3706 3350 3768 ναὸς
3411 3707 3439 3760 ὃ
3495 3707 3728 3784 ἁγιάζων
3767 3708 3861 3762 τὸν

2210 3790 2405 3869 χρυσόν
2438 3808 2455 3866 ζ
2522 3794 2619 3850 Καὶ
2648 3790 2705 3858 ὅς
2760 3793 2850 3849 ἐαν
2881 3794 3056 3871 ὀμόσῃ
3088 3794 3142 3850 ἐν
3172 3800 3249 3868 τῷ
3286 3797 3662 3876 θυσιαστηρίῳ,
3710 3794 3860 3853 οὐδέν

2209 3879 2373 3937 ἐστιν·
2431 3880 2489 3948 ὅς
2538 3880 2582 3937 δ’
2636 3881 2697 3939 ἄν
2755 3883 2928 3961 ὀμόσῃ
2988 3884 3043 3940 ἐν
3071 3887 3148 3959 τῴ
3176 3882 3327 3963 δώρῳ
3355 3891 3431 3960 τῷ
3461 3884 3640 3942 έπάνω
3669 3889 3854 3962 αὐτοῦ,

2208 3969 2426 4049 ὀφείλει,
2479 3975 2657 4052 Μωροί
2714 3974 2802 4030 καὶ
2858 3972 3064 4055 τυφλοὶ,
3108 3977 3157 4031 τί
3187 3976 3288 4053 γὰρ
3318 3982 3527 4055 μεῖζον,
3568 3977 3628 4032 τὸ
3658 3974 3846 4054 δῶρον,

2206 4059 2243 4127 ἢ
2314 4062 2375 4117 τὸ
2402 4064 2769 4140 θδσιαστὴριον
2800 4064 2860 4119 τὸ
2889 4065 3106 4142 ἁγιάζον
3136 4066 3196 4121 τὸ
3227 4063 3394 4145 δῶρον
3437 4086 3453 4141 ;
3510 4058 3563 4124 Ὀ
3593 4064 3678 4122 οὖν
3708 4067 3850 4141 ὀμό-

2204 4171 2302 4213 σας
2360 4150 2414 4206 ὶν
2470 4159 2546 4225 τῷ
2599 4154 2974 4234 θυσιαστηρίῳ,
3008 4155 3187 4229 ὀμνύει
3218 4155 3271 4212 ἐν
3303 4158 3445 4231 αὐτῷ
3501 4157 3585 4213 καὶ
3630 4154 3683 4211 ἰν
3715 4161 3849 4213 πᾶσι

2203 4254 2322 4305 τοῖς
2376 4241 2554 4297 ἒπάνω
2626 4244 2805 4319 αὒτοῦ,
2864 4246 2952 4300 καὶ
3005 4247 3033 4301 ὁ
3065 4245 3267 4320 ὀμόσας
3296 4245 3351 4303 έν
3379 4251 3446 4322 τῇ
3503 4252 3636 4320 ναῷ,
3673 4246 3856 4323 ὀμνύει

2205 4328 2260 4384 ἐν
2332 4328 2474 4403 αὐτῷ
2505 4332 2591 4387 καὶ
2620 4331 2675 4387 ἐν
2703 4340 2781 4407 τῷ
2810 4340 3143 4391 κατοικοῦντι
3211 4336 3393 4410 αὐτὸν,
3453 4336 3541 4392 καὶ
3571 4338 3600 4392 ὁ
3649 4337 3857 4411 ὀμόσας

468 4418 612 4494 ἐυῐη
630 4430 730 4511 qui
751 4425 1051 4489 habitatio
1077 4425 1311 4501 ipso.Et
1329 4423 1427 4502 qui
1446 4423 1852 4503 juraveritper
1876 4427 2115 4507 caelum,

2208 4418 2256 4511 έν
2314 4427 2390 4494 τῷ
2446 4421 2671 4499 οὐρανῷ,
2732 4423 2912 4498 ὀμνύει
2984 4425 3036 4483 ὲν
3096 4432 3174 4501 τῷ
3227 4429 3392 4505 θρόνῳ
3436 4433 3529 4483 τοῦ
3575 4426 3729 4500 Θεοῦ,
3769 4430 3863 4487 καὶ

462 4523 749 4603 juratper
775 4520 1054 4579 thronum
1080 4514 1181 4575 Dc-i
1216 4523 1272 4603 et
1302 4530 1408 4586 per
1438 4530 1571 4603 eum
1603 4515 1702 4603 qui
1745 4515 1914 4575 sedet
1944 4535 2124 4596 super

464 4612 654 4673 illum.
672 4611 780 4672 »Οτι
804 4626 905 4669 cos
934 4623 1036 4667 eos
1071 4602 1499 4681 nominat,quia
1521 4602 2033 4667 nolebantdocere
2054 4625 2123 4667 ea

464 4720 598 4783 quae
633 4697 883 4761 decebat
940 4716 953 4758 :
1009 4703 1067 4754 et
1097 4710 1227 4773 quze
1261 4692 1471 4777 minori
1504 4691 1632 4751 loco
1665 4691 2115 4783 debebautcoli,

461 4782 943 4853 venerabantur:
970 4802 1101 4864 quae
1144 4784 1441 4862 praecipua
1471 4791 1661 4854 erant,
1697 4782 1756 4842 in
1789 4786 2117 4848 secundum

464 4880 737 4941 ordinem
762 4876 1126 4939 referebant.
1158 4870 1390 4933 Etenim
1424 4889 1632 4931 aurum
1674 4870 1735 4931 in
1795 4875 2039 4956 templo,
2062 4884 2121 4937 et

464 4968 1123 5043 Cherubin,etoureum
1144 4978 1390 5021 urceum
1419 4958 1812 5040 przel'crebant
1842 4964 2062 5044 templo
2098 4988 2111 5025 :

460 5059 599 5119 ideo
624 5065 682 5117 et
714 5055 904 5115 multo
936 5053 1231 5114 docebant
1251 5050 1404 5130 quod
1427 5048 1667 5110 uibilsit
1699 5067 1805 5129 per
1827 5054 2113 5134 templum

454 5145 795 5229 jurare,sed
824 5161 932 5223 per
950 5160 1157 5203 aurum
1178 5141 1238 5201 in
1254 5149 1367 5200 tem
1379 5138 1472 5229 plo
1491 5138 1889 5229 jacens,quod
1913 5152 2112 5207 tamen

464 5228 780 5317 propterea
812 5229 1156 5292 venerabile
1179 5236 1325 5309 erat,
1352 5228 1489 5309 quia
1519 5228 1579 5288 in
1605 5229 1825 5308 templo
1848 5233 2115 5295 contine-

2207 4507 2258 4564 ἐν
2314 4516 2392 4583 τῷ
2462 4512 2749 4586 καθημένῳ
2817 4513 2997 4571 ἐπάνω
3054 4517 3233 4578 αὐτοῦ,
3311 4539 3335 4571 ι
3372 4514 3609 4595 Τυφλοὺς
3666 4519 3857 4584 αὖτοὺς

2207 4599 2475 4679 ὀνομάζει,
2520 4602 2593 4665 ὡς
2653 4602 2730 4677 μὴ
2804 4602 3051 4671 θέλοντας
3102 4606 3167 4663 τὰ
3223 4605 3491 4685 πρέποντα
3561 4604 3854 4683 διδάσκειν,

2206 4690 2291 4744 καί
2353 4692 2417 4745 τὰ
2476 4689 2572 4765 μὲν
2654 4691 3043 4775 ελαχιστότερα
3108 4701 3400 4777 τιμῶντας,
3471 4696 3537 4752 τὰ
3592 4694 3647 4752 δὲ
3694 4697 3858 4772 τιμῆς

2204 4777 2320 4842 ἄξιαι
2378 4776 2615 4859 δευτέρου
2670 4780 2834 4861 λόγου
2890 4784 3185 4851 ἂξιουντας,
3247 4788 3345 4844 Καὶ
3385 4776 3494 4867 γὰρ
3562 4788 3654 4843 τὸν
3711 4810 3859 4868 χρυ-

2203 4871 2295 4924 σὸν
2376 4871 2465 4925 τὸν
2523 4869 2578 4926 ἐν
2645 4878 2724 4947 τῷ
2784 4881 2915 4951 ναῷ,
2973 4877 3156 4933 καὶτὰ
3187 4874 3451 4955 Χερουϐὶμ
3479 4890 3570 4933 καί
3597 4878 3697 4945 τὴν
3726 4880 3861 4936 στά-

2201 4981 2332 5034 μνον
2388 4961 2487 5029 τὴν
2541 4968 2747 5041 χρυσῆν
2830 4966 3127 5043 προετίμων
3178 4970 3340 5025 αὐτοῦ
3397 4976 3546 5026 ναοῦ.
3600 4969 3695 5024 Διὸ
3767 4972 3865 5029 καὶ

2199 5050 2317 5114 τοὺς
2376 5049 2606 5115 πολλοὺς
2665 5050 2933 5112 ὲδίδασκον
3002 5055 3084 5112 ὅτι
3144 5054 3288 5115 οὐδέν
3318 5055 3427 5113 ἐστι
3478 5058 3541 5114 τὸ
3592 5059 3730 5115 κατὰ
3758 5078 3864 5128 τοῦ

2199 5142 2327 5197 ναοῦ
2382 5141 2616 5217 ὀμνύειν,
2673 5142 2811 5202 ἀλλὰ
2866 5145 2925 5201 τὸ
2980 5146 3054 5210 εὶς
3104 5146 3197 5203 τὸν
3254 5148 3452 5227 χρυσὸν
3482 5149 3573 5204 τὸν
3603 5154 3681 5224 τῷ
3740 5158 3863 5228 ναῷ

2199 5231 2589 5309 περικείμενον,
2642 5230 2700 5297 ὃς
2756 5230 2842 5290 διὰ
2898 5241 3053 5293 τοῦτο
3080 5237 3297 5301 πάντως
3349 5234 3617 5314 αἰδέσιμος
3647 5238 3735 5316 ἧν,
3771 5243 3862 5299 ὃτι

464 5322 735 5387 batur.Et
757 5322 912 5383 dona
934 5339 1063 5401 quae
1094 5319 1155 5380 in
1186 5318 1391 5380 altario
1427 5317 1824 5399 ponebantur,
1844 5320 2115 5401 digniora

2208 5326 2272 5394 τῷ
2329 5324 2439 5395 ναῴ
2494 5321 2813 5401 περιέκειτο.
2866 5326 2968 5384 Καὶ
3014 5324 3081 5381 τὰ
3108 5324 3249 5405 δῶρα
3292 5324 3347 5382 δὲ
3397 5328 3462 5383 τὰ
3494 5327 3580 5386 ἐπὶ
3608 5332 3698 5387 106
3753 5335 3860 5388 θυ-

465 5414 744 5476 dicebant
774 5412 979 5473 altario
1012 5410 1142 5490 ipso
1178 5418 1392 5487 :atque
1417 5407 1565 5469 adeo
1598 5407 1877 5471 l’hariszei
1900 5410 1986 5473 sic
2009 5414 2109 5474 do-

2208 5411 2500 5489 τιαστηρίου
2569 5413 2839 5493 τιθέμενα,
2897 5416 3186 5495 τιμιώτερα
3250 5415 3435 5496 ἔλεγον
3496 5419 3640 5477 εἶναι
3694 5424 3863 5482 αὖτοῦ

460 5504 771 5576 cebant,ut
811 5502 862 5562 si
894 5500 1027 5581 quis
1043 5503 1303 5578 jurasset
1325 5516 1427 5576 per
1448 5514 1693 5559 aureum
1727 5517 1844 5573 vas,
1873 5501 1961 5561 vel
1995 5502 2107 5563 bo-

2208 5509 2285 5558 :.6
2340 5504 2734 5583 θυσιαστηρίου·
2797 5506 2933 5562 ὣστε
2998 5509 3085 5563 καὶ
3169 5507 3337 5574 οὕτως
3409 5507 3751 5589 έδογμάτιζον
3804 5529 3865 5583 οἱ

458 5613 588 5657 vem
644 5594 734 5654 vel
784 5611 951 5653 ovem
986 5590 1240 5651 oblatam
1276 5589 1333 5647 in
1379 5588 1761 5670 sacriﬁcium,
1800 5599 1857 5652 et
1889 5590 2106 5656 deinde

2208 5600 2496 5671 bzpwa‘rot,
2584 5592 2664 5649 ὅτι
2754 5594 2845 5651 ἐὰν
2903 5617 2986 5661 τις
3042 5596 3223 5673 ὤμοσε
3300 5600 3436 5656 κατὰ
3488 5588 3581 5658 106
3652 5617 3865 5683 χρυσοῦ

461 5680 1037 5765 pejerasset,similia
1055 5677 1685 5759 persolveret.Donum
1716 5677 1875 5740 enim
1894 5679 2104 5745 altario

2208 5680 2425 5758 ικεύους,
2488 5682 2526 5751 ἢ
2581 5682 2698 5759 βιὸς
2756 5682 2791 5750 ἦ
2850 5683 3118 5765 προϐάτου
3172 5688 3249 5751 εἰς
3300 5689 3478 5748 θυσίαν
3506 5677 3865 5775 προσαὶθέν-
