4170 6398
394 492 508 542 τος,

395 561 470 618 Τὸ
528 561 628 640 γὰρ
702 560 867 642 δῶρον
921 574 1012 623 τοῦ
1063 565 1429 643 θυσιαστηρίου
1487 569 1785 645 προετίμων
1845 571 1930 630 διὰ
1989 572 2054 628 τὰ

396 648 458 705 ἐκ
528 657 635 707 τῶν
717 656 908 709 θυσιῶν
965 652 1147 731 κέρδη.
1236 657 1293 711 Εἰ
1324 653 1378 711 δὲ
1409 658 1545 713 κατὰ
1576 669 1668 718 τοῦ
1698 672 1823 723 ναοῦ
1852 663 2053 739 ὀμόσας

396 738 756 819 ἐπιώρκησεν,
814 742 929 799 ἐπεὶ
1000 748 1093 802 οὒκ
1146 742 1373 811 ἠδὺνατο
1428 747 1615 821 ὃμοιον
1641 756 1718 825 τῷ
1775 738 1891 828 ναῷ
1933 753 2052 809 κτί-

398 852 508 903 σαι,
584 829 668 886 διὰ
735 840 890 889 τοῦτο
922 833 1202 890 ἀπελύετο·
1248 837 1337 892 καὶ
1382 833 1549 893 ἐδόκει
1608 839 1794 896 λοιπὸν
1824 841 2054 922 ἐλαφρό-

396 942 547 997 τερος
620 922 764 978 εἶναι
796 925 823 978 ὁ
868 921 1024 1001 ὅρκος
1057 927 1084 981 ὁ
1130 927 1204 988 εἷς
1234 927 1326 981 τὸν
1348 927 1494 1000 ναὸν,
1542 924 1624 984 διὰ
1657 929 1718 985 τὸ
1750 921 2055 1011 φιλοκερδὲς

400 1016 504 1066 τῶν
559 1012 889 1087 Φαρισαίων·
950 1013 1035 1069 ἐπὶ
1066 1014 1164 1089 μὲν
1198 1017 1286 1072 οὖν
1338 1021 1437 1083 τῆς
1504 1016 1761 1091 παλαιᾶς,
1822 1024 1883 1079 οὒ
1934 1043 2057 1099 συγ-

408 1115 580 1179 χωρεῖ
635 1104 663 1157 ὁ
724 1105 952 1181 Χριστὸς
1025 1111 1210 1176 μεῖζον
1253 1106 1396 1162 εἶναι
1440 1108 1501 1163 τὸ
1541 1106 1706 1184 δῶρον
1748 1118 1841 1168 τοῦ
1868 1114 2019 1167 θυσια
2044 1140 2057 1154 -

410 1189 642 1263 στηρίου,
704 1190 789 1273 ἐφ’
873 1192 1029 1268 ἡμῶν
1129 1193 1183 1251 δὲ
1236 1196 1297 1251 τὸ
1371 1199 1739 1277 θυσιαστήριον
1795 1201 1897 1257 ὑπὸ
1948 1202 2056 1255 τῶν

408 1279 584 1357 δώρων
639 1281 912 1360 ἁγιάζεται
989 1282 1215 1358 μᾶλλον·
1288 1288 1362 1349 εἰς
1419 1288 1519 1367 γὰρ
1597 1290 1658 1346 τὸ
1733 1290 2057 1348 Δεσποτικὸν

406 1374 558 1442 σῶμα
656 1374 782 1429 me
874 1373 1051 1431 ἐκεῖνο
1127 1373 1548 1449 μεταϐάλλονται
1635 1379 1746 1451 θείᾳ
1845 1382 2029 1460 χάριτι

401 1461 643 1537 στιξριον.

489 1572 512 1605 ι
578 1553 704 1611 Οὒαὶ
757 1556 909 1635 ὑμῖν,
976 1561 1319 1633 Γραμματεῖς
1394 1559 1482 1614 καὶ
1510 1564 1797 1637 Φαρισαῖοι
1829 1562 2056 1639 ὑποκριο

400 1642 506 1709 ταὶ,
571 1641 652 1699 δτι
724 1641 1109 1702 ἀποδεκατοῦτε
1164 1647 1227 1702 τὸ
1279 1644 1542 1723 ἡδύοσμον
1598 1651 1686 1706 καὶ
1743 1651 1805 1706 τὸ
1862 1647 2056 1718 ἄνηθον

402 1733 490 1786 καὶ

402 1844 531 1902 μου,
602 1823 700 1891 τὴν
729 1825 895 1891 κρίσιν
925 1826 1012 1881 καὶ
1041 1826 1132 1882 τὸν
1163 1824 1311 1884 ἔλεον
1340 1828 1427 1883 καὶ
1493 1829 1589 1896 τὴν
1648 1829 1849 1895 πίστιν,
1881 1837 2056 1888 Ταῦτα

401 1910 504 1967 ἔδει
556 1918 802 1984 ποιῆσαι,
858 1914 1083 1971 κάκεῖνα
1157 1916 1235 1991 μὴ
1295 1915 1527 1997 ἀφιέναν
1588 1916 1774 1997 ὁδηγοὶ
1846 1918 2054 2002 τυφλοὶ,

399 2004 446 2057 οἱ
519 1999 833 2073 διυλίζοντες
902 2006 994 2061 τὸν
1062 2005 1318 2079 κώνωπα,
1378 2013 1475 2074 την
1521 2004 1577 2063 δὲ
1604 2008 1851 2083 κάμηλον
1881 1999 2054 2066 κατα-ξ

398 2092 665 2157 πίνοντες.
734 2119 755 2149 ο
824 2092 987 2150 Πάλιν
1045 2093 1278 2166 ὀνειδίζει
1341 2095 1532 2161 αὒτούς
1593 2099 1666 2161 ὡς
1768 2098 2052 2175 ἀνοήτους,

397 2180 533 2239 διότι
589 2189 695 2240 τῶν
754 2185 1011 2256 μειζόνων
1069 2184 1304 2242 εντολῶν
1336 2196 1816 2268 καταφρονοῦντες,
1849 2189 1902 2245 ἐν
1935 2203 2053 2252 τοῖς

399 2286 618 2351 μικροῖς
674 2273 893 2345 ἐζήτουν
950 2276 1048 2343 τὴν
1106 2272 1394 2353 ἀκρίϐειαν·
1450 2275 1565 2333 οὒδέ
1610 2279 1707 2346 τὴν
1769 2285 1863 2336 τοῦ
1891 2279 2055 2354 κυμί-

400 2387 490 2418 νου
552 2362 842 2419 δεκάτωσιν
891 2364 1251 2443 παρορῶντες,
1310 2364 1446 2423 ἀλλὰ
1512 2367 1730 2424 κάκεῖνο
1782 2366 2054 2426 ἀποδεκα-

404 2455 640 2518 τοῦντες⁶
696 2454 781 2509 καὶ
832 2452 887 2508 εἴ
969 2476 1048 2516 τις
1122 2455 1307 2519 αὐτοὺς
1343 2456 1726 2532 κατεμέμψατο
1756 2460 1827 2521 ὡς
1860 2480 2053 2537 μικρο-

401 2541 615 2621 λόγους,
694 2543 986 2623 προέφερον
1022 2545 1102 2600 ὃτι
1147 2547 1174 2601 ὁ
1206 2545 1367 2621 νόμος
1398 2546 1553 2604 τοῦτο
1582 2547 1751 2626 λέγει,
1801 2558 2055 2628 Κρεῗττον

406 2631 448 2653 ἧς
516 2633 544 2655 γ
635 2657 647 2666 ‘
708 2638 720 2654 ἱ
1371 2637 1384 2655 ‘
1534 2637 1544 2654 θ
1728 2640 1741 2659 \
1910 2638 1933 2658 ’ί

400 2648 456 2688 οε
514 2656 580 2700 ην
639 2656 723 2690 και
779 2633 1203 2713 θεαρεστότερον,
1267 2632 1429 2704 ἄτην
1462 2658 1628 2714 κρισιν
1658 2659 1746 2695 και
1788 2641 1879 2695 τὸν
1911 2638 2056 2695 ελεον

402 2724 487 2777 καὶ
540 2724 637 2791 τὴν
694 2724 870 2779 πίστιν
914 2723 1165 2800 ἀπῄτουν
1198 2726 1340 2805 παρὰ
1397 2728 1491 2782 τοῦ
1521 2724 1674 2790 λαοῦ.
1709 2730 1797 2793 Τίς
1828 2726 1883 2785 δέ
1914 2729 2057 2786 ἐστιν

404 2814 437 2879 ἠ
495 2815 660 2889 κρίσις
691 2832 706 2892 ;
796 2814 868 2871 Τὸ
918 2811 1086 2889 μηδὲν
1115 2812 1292 2872 ἂδικον
1345 2818 1433 2873 καὶ
1462 2815 1655 2896 ἄλογον
1685 2831 1888 2897 ποιεῖν,
1920 2817 2056 2875 ἀλλὰ

412 2900 583 2959 πάντα
632 2902 957 2978 κεκριμένως
1013 2904 1102 2959 καί
1178 2904 1315 2979 μετὴ
1376 2903 1560 2983 λόγου,
1615 2906 1811 2965 Αὐτίκα
1860 2907 1959 2986 γὰρ
1988 2913 2057 2984 τῇ

415 2991 578 3067 κρίσει
633 2988 811 3047 ἕπεται
865 2994 953 3048 καὶ
1024 2995 1052 3049 ὁ
1101 2991 1275 3058 ἕλεος.
1312 2985 1369 3050 ιΟ
1400 2996 1500 3073 γὰρ
1530 2995 1853 3073 κεκριμένως
1886 2985 2054 3053 ποιῶν

997 346 1445 410 ENARRATIO
1470 348 1556 410 IN
1598 342 2057 411 EVANGELIU

2160 343 2562 409 ΜΑΤΤΗῶΙ.
2608 377 2689 391 --
2729 343 2895 408 CAP.
2968 343 3188 408 XXIII.

573 472 698 528 εἶτα
757 474 1080 552 ξπιώρκησε,
1126 472 1494 547 κατεδικάζετο
1536 477 1602 533 τὰ
1636 478 1733 536 ἴσα
1778 480 2048 543 ἀποτίσαι,

2144 479 2529 556 praeferebant
2557 488 2800 562 propter
2820 479 3147 542 hostiarbm
3170 479 3355 542 lucra.
3381 478 3549 552 Quod
3575 478 3623 541 si
3646 481 3785 563 quis

3661 344 3785 422 402

2138 587 2246 649 per
2276 571 2560 651 templum
2584 572 2796 649 jnrans
2820 570 3293 651 pejerasset,non
3314 569 3782 650 potuissetsimi-

2138 658 2195 720 lc
2218 660 2438 740 templo
2470 661 2787 740 aediﬁcare,
2824 670 2882 721 et
2903 668 3215 740 propterea
3244 658 3781 735 absolvebatur,vi-

2139 748 2506 832 debaturque
2554 759 2755 831 postea
2804 750 2991 810 levius
3035 767 3170 810 esse
3222 751 3630 827 juramentum
3678 770 3786 831 per

2141 839 2453 921 templum,
2487 848 2728 920 prOpter
2758 838 3186 901 Pharisaeorum
3217 839 3546 901 avaritiam.
3580 839 3786 923 Itaque

2140 929 2198 989 in
2229 930 2411 990 veleri
2443 948 2558 990 non
2592 928 2905 1008 permitttit
2936 927 3203 991 Christus
3233 928 3453 990 donum
3489 930 3678 1010 majus
3695 949 3785 993 es-

2141 1035 2207 1078 se
2238 1017 2468 1079 altario.
2497 1018 2668 1097 Apud
2705 1034 2812 1078 nos
2837 1026 3035 1079 autem
3080 1017 3355 1079 altarium
3389 1038 3423 1080 a
3452 1018 3626 1081 donis
3653 1039 3784 1083 ma-

2141 1106 2230 1186 gis
2259 1114 2576 1169 sacratur:
2612 1125 2795 1187 panes
2837 1110 2997 1168 enim
3053 1107 3112 1167 in
3167 1108 3530 1169 dominicum
3570 1127 3788 1190 corpus

2140 1196 2337 1259 divina
2358 1197 2545 1277 gratia
2575 1204 2954 1260 convertetur
2984 1216 3000 1257 :
3033 1196 3168 1258 ideo
3205 1204 3263 1258 et
3291 1198 3691 1261 sanctiﬁcatur
3713 1199 3787 1263 ab
3856 1249 3867 1258 .

2139 1287 2227 1348 eis
2255 1286 2462 1348 altare.

2103 1380 2149 1434 oi
2203 1374 2372 1456 ἄρτοι⁶
2436 1375 2516 1433 διὸ
2590 1379 2677 1433 καὶ
2732 1376 3005 1455 ἁγιάζεται
3085 1376 3184 1432 ὑπό
3240 1376 3441 1434 τούτων
3487 1379 3550 1434 τὸ
3602 1383 3789 1438 θυσια-

2222 1558 2410 1621 Vens.
2434 1555 2537 1636 93,
2568 1554 2666 1619 24.
2710 1579 2737 1611 α
2763 1552 2868 1617 Vae
2916 1553 3107 1630 vobis,
3142 1552 3367 1618 Scrisz
3418 1564 3477 1619 et
3505 1555 3789 1623 Pharisaei

2140 1645 2636 1728 hypocri1a3,quia
2663 1644 2977 1708 decimatis
3008 1646 3399 1717 mentitam,et
3418 1650 3794 1717 anethum.et

572 1734 632 1789 τὸ
688 1734 929 1809 κύμινον,
987 1737 1074 1791 καὶ
1145 1734 1385 1816 ἀφήκατε
1442 1738 1507 1794 τὰ
1535 1739 1793 1819 βαρύτερα
1840 1750 1931 1800 τοῦ
1960 1742 2055 1797 νό-

2144 1737 2465 1818 cyminum,
2505 1744 2563 1796 et
2593 1733 2919 1814 reliquistis
2951 1752 3084 1815 qua:
3114 1734 3385 1811 graviora
3434 1745 3571 1799 sunt
3615 1738 3786 1818 legis,

2133 1824 2430 1908 judicium
2460 1843 2529 1886 ac
2559 1823 3032 1885 misericordiam
3065 1835 3124 1885 et
3145 1824 3350 1886 ﬁdem.
3387 1823 3526 1889 Haec
3555 1837 3792 1907 oporte-

2140 1916 2237 1977 bat
2268 1916 2487 1995 facere,
2520 1923 2579 1975 et
2610 1914 2710 1974 illa
2762 1932 2881 1974 non
2930 1913 3225 1974 omittere.
3262 1912 3456 1975 Duces
3485 1918 3651 1991 caci,
3686 1936 3793 1980 ex-

2140 2008 2405 2067 colantes
2425 2002 2695 2077 calicem,
2728 2001 3020 2064 camelum
3044 2012 3241 2064 autem
3267 2004 3645 2082 glutientes.»
3668 2005 3792 2070 Ite-

2138 2111 2271 2154 rum
2302 2091 2574 2172 objurgat
2602 2111 2706 2154 eos
2737 2100 2799 2153 ut
2831 2091 3289 2172 insipientes,eo
3323 2094 3481 2174 quod
3510 2104 3789 2159 contem-

2140 2190 2356 2245 nentes
2386 2181 2665 2245 mandata
2687 2181 3002 2262 majora,in
3028 2182 3221 2263 parvis
3251 2182 3565 2262 diligentes
3596 2195 3785 2263 erant,

2142 2280 2201 2333 et
2231 2272 2461 2352 cymini
2493 2271 2949 2333 decimationem
2980 2290 3097 2333 non
3127 2273 3531 2355 negligebant,
3571 2276 3675 2337 sed
3712 2278 3793 2338 il-

2140 2359 2237 2422 lud
2272 2380 2511 2442 quoque
2541 2360 2944 2423 decimabant.
2965 2362 3039 2424 Et
3076 2362 3126 2422 si
3148 2362 3280 2443 quis
3305 2363 3795 2443 reprehendisset

2139 2463 2205 2511 ut
2237 2469 2466 2531 parcos,
2506 2449 2907 2531 praetexebant
2936 2450 3126 2530 legem
3156 2453 3269 2514 hoc
3295 2452 3535 2516 docere.
3588 2454 3796 2518 Melius

2139 2549 2335 2602 autem
2370 2538 2577 2602 fuisset
2606 2557 2672 2600 ac
2709 2540 2842 2600 I26
2885 2540 3005 2602 Deo
3036 2541 3282 2620 gratius,
3315 2542 3364 2602 si
3388 2543 3682 2622 judicium
3736 2554 3797 2607 et

2141 2629 2614 2692 misericordiam
2634 2640 2692 2690 et
2722 2631 2901 2691 ﬁdem
2935 2630 3301 2708 expetissent
3327 2650 3360 2693 a
3391 2632 3795 2714 populo.Quid

2138 2729 2337 2782 autem
2369 2717 2815 2799 estjudicium?
2854 2717 3015 2782 Nihil
3059 2721 3347 2800 injustum
3387 2730 3446 2783 et
3470 2722 3797 2786 absurdum

2138 2809 2355 2883 facere,
2391 2811 2494 2871 sed
2526 2809 2728 2870 omnia
2758 2827 2891 2870 cum
2918 2809 3147 2888 judicio
3199 2819 3257 2872 et
3299 2810 3556 2873 ratione.
3587 2811 3797 2877 Statim

2140 2899 2298 2960 enim
2323 2898 2616 2978 judicium
2650 2898 2918 2979 sequitur
2936 2904 2996 2960 et
3026 2899 3461 2961 misericordia.
3486 2900 3599 2974 Qui
3631 2902 3793 2965 enim

2138 2987 2399 3051 discrete
2430 2987 2570 3048 facit
2597 2989 2819 3069 omnia,
2853 2986 2966 3049 scit
2996 2998 3054 3048 et
3090 2990 3247 3069 quod
3279 2988 3494 3052 debeat
3540 2990 3798 3055 misere-

417 3078 608 3159 ru'vtz,
686 3078 796 3137 οἶδε
846 3083 932 3138 καὶ
1001 3082 1145 3146 τίνας
1203 3085 1287 3139 δεῖ
1319 3082 1512 3139 ἐλεεῖν·
1546 3091 1623 3159 τῷ
1646 3083 1700 3140 δὲ
1744 3083 1877 3158 ἐλέῳ
1920 3084 2053 3142 ἕπε-

2144 3079 2186 3139 ri
2214 3097 2227 3141 :
2264 3076 2735 3139 misericordiam
2770 3087 2967 3138 autem
3000 3078 3271 3159 sequitur
3294 3079 3461 3142 ﬁdes.
3490 3079 3600 3153 Qui
3634 3082 3797 3146 enim

413 3192 495 3225 ται
565 3172 597 3238 ἡ
668 3171 862 3234 πίστις,
931 3163 986 3230 Ὀ
1042 3174 1142 3251 γὰρ
1214 3171 1379 3229 ἐλεῶν
1440 3182 1674 3231 πιστεύει
1710 3175 1921 3238 πάντως
1981 3173 2061 3231 ὅτι

408 3259 554 3317 o-io‘év
596 3260 869 3335 ἀπολέσει,
943 3260 1079 3318 ἀλλὰ
1107 3262 1281 3319 πάντα
1331 3262 1587 3339 λήψεται·
1625 3262 1801 3327 ἄλλως
1847 3285 1927 3342 τε,
1981 3263 2065 3321 δεῖ

403 3349 596 3429 ἐλεεῖν,
671 3349 810 3406 ἀλλὰ
881 3354 969 3407 καὶ
1037 3350 1301 3409 πιστεύειν
1359 3359 1475 3427 Θεῷ
1546 3350 1804 3427 ἀληθινῷ.
1871 3349 2063 3409 Πολλοὶ

405 3440 503 3518 γὰρ
570 3447 676 3497 τῶν
735 3432 1008 3511 Ἐλλήνων
1038 3441 1185 3499 ἔλεον
1249 3444 1348 3517 μὲν
1379 3442 1564 3523 εἶχον,
1599 3443 1677 3517 μὴ
1723 3443 2059 3501 πιστεῦοντες

403 3530 455 3585 δὲ
516 3533 589 3594 εἷς
630 3533 722 3586 τὸν
753 3536 925 3602 ζῶντα
998 3534 1152 3604 Θεὸν,
1187 3536 1281 3590 οὒκ
1310 3533 1473 3612 εἶχον
1503 3539 1579 3607 τῷ
1624 3530 1754 3606 ἐλέει.
1791 3532 2060 3607 ἑπομένην

400 3624 500 3688 τὴν
558 3622 757 3682 πίστιν,
852 3621 949 3678 Δεῖ
1024 3624 1111 3678 οὖν
1161 3622 1384 3679 ἕκαστον
1412 3628 1518 3679 τῶν
1551 3619 1882 3678 διδασκάλων
1915 3621 2059 3678 ἄπο-

402 3711 651 3768 δεκατοῦν
711 3712 819 3768 ἀπὸ
874 3718 966 3769 τοῦ
1022 3711 1152 3770 λαοῦ
1212 3713 1393 3788 αὒτοῦ,
1452 3712 1745 3785 τουτέστιν,
1808 3713 2058 3770 ἀπαιτεῖν

406 3802 511 3857 άπὸ
594 3808 701 3858 τῶν
732 3799 859 3859 δέκα
914 3804 1231 3869 αἰσθησεων.
1277 3805 1383 3859 τῶν
1413 3802 1568 3859 πέντε
1622 3809 1943 3878 σωματικῶν
1972 3816 2062 3871 καὶ

405 3898 510 3948 τῶν
569 3893 724 3949 πέντε
795 3898 1064 3974 ψυχικῶν,
1121 3896 1220 3959 τὴν
1292 3896 1460 3973 κρίσιν
1503 3896 1710 3952 καὶτὸν
1763 3892 1913 3950 ἔλεον
1977 3901 2066 3956 καὶ

403 3986 503 4052 τὴν
535 3984 733 4040 πίστινο
760 3986 821 4039 τὸ
866 3982 942 4058 δὲ,
978 3992 1154 4043 Ταῦτα
1188 3983 1290 4042 ἔδει
1322 3990 1573 4057 ποιῆσαι,
1605 3988 1759 4040 εἷπεν
1789 3987 1817 4039 ὁ
1850 3985 2059 4061 Κύριος,

403 4077 463 4130 οὗ
533 4073 959 4149 προτοεπόμενος
1018 4073 1105 4130 ἐπὶ
1159 4075 1221 4130 τὸ
1277 4072 1635 4131 ἆποδεκατοῦν
1704 4074 1771 4129 τὰ
1821 4071 2058 4153 λάχανα,

402 4162 526 4220 ἀλλ’
579 4162 669 4220 Γἕνα
728 4164 805 4238 μὴ
863 4161 986 4241 δόξῃ
1045 4164 1472 4240 ἀντινομοθετεῖν
1527 4163 1659 4229 τέως
1718 4170 1796 4237 τῷ
1849 4169 2061 4226 Μωσεῖ.

405 4246 662 4331 Ὀδηγοὺς
719 4253 773 4309 δὲ
843 4252 1068 4334 τυφλοὺς
1113 4256 1301 4317 αὖτοὺς
1346 4254 1623 4332 ὀνομάζει,
1656 4250 1787 4310 διότι
1822 4256 2058 4331 αὐχοῦν-

400 4366 488 4406 τες
550 4340 808 4399 διδάσκειν
880 4344 967 4399 καὶ
1022 4344 1195 4401 πάντα
1278 4341 1489 4414 εἰδέναι,
1547 4341 1729 4400 οὖδένα
1797 4342 2057 4425 ὠφέλουν,

404 4434 543 4490 ἄλλα
601 4435 688 4490 καὶ
758 4430 960 4508 μᾶλλον
1033 4432 1233 4497 πάντας
1328 4429 1633 4513 διέφθειρον,
1698 4433 1769 4494 εἷς
1869 4430 2053 4511 βόθρον

398 4526 670 4602 ῥίπτοντες
735 4522 1008 4585 ἀπιστίας,
1056 4525 1156 4582 Τὸν
1186 4522 1419 4579 κώνωπα
1463 4520 1519 4578 δὲ
1577 4518 1895 4593 διυλίζοντας
1925 4522 2053 4579 τού-

403 4637 526 4677 τους
576 4614 845 4689 ὀνομάζει,
907 4616 981 4677 ὡς
1038 4614 1105 4670 τὰ
1171 4613 1270 4687 μὲν
1332 4614 1493 4691 μικρὰ
1552 4612 1911 4691 ἂμαρτὴματα
1942 4635 2052 4669 πα-

403 4701 918 4784 ραφυλαττομένους,
977 4702 1076 4771 τὴν
1132 4699 1186 4758 δὲ
1242 4701 1510 4778 κάμηλον,
1540 4701 1657 4769 ἤτοι
1728 4703 1794 4758 τὰ
1820 4699 2051 4779 μεγάλα,

405 4793 792 4857 καταπίνοντας
821 4793 909 4848 καὶ
952 4796 1316 4872 παρορῶντας.

495 4907 523 4938 α
578 4885 705 4943 Οὐαὶ
733 4885 886 4959 ὑμῖν,
934 4889 1281 4962 Γραμματεῖς
1312 4882 1399 4938 καὶ
1445 4888 1729 4960 Φαρισαῖοι
1759 4881 2059 4961 ὑποκριταὶ,

2148 3168 2483 3241 miSeretur,
2521 3166 2714 3229 credit
2746 3167 2991 3227 omnino
3022 3166 3181 3248 quod
3226 3168 3377 3230 nihil
3431 3170 3660 3252 perdat,
3689 3172 3799 3234 sed

2145 3257 2346 3318 omnia
2401 3258 2676 3337 accipiat.
2703 3256 2809 3316 Vel
2858 3257 3051 3335 aliter,
3106 3265 3339 3338 oportet
3385 3259 3685 3335 misereri,
3742 3271 3802 3325 et

2145 3347 2393 3408 credere
2428 3348 2550 3409 Deo
2582 3361 2747 3407 vero.
2774 3344 2939 3406 Multi
2963 3345 3121 3407 enim
3159 3364 3523 3425 paganorum
3558 3349 3800 3412 miseri-

2146 3435 2360 3498 cordes
2403 3434 2643 3516 quidem
2696 3434 2957 3509 fuerunt,
2994 3454 3114 3495 non
3160 3436 3474 3498 credentes
3506 3447 3704 3501 autem
3736 3440 3799 3504 in

2144 3525 2332 3587 Deum
2366 3525 2583 3596 vivum,
2612 3544 2730 3585 non
2769 3523 3106 3586 habuerunt
3148 3526 3579 3591 misericordiae
3609 3530 3801 3591 comi-

2144 3624 2262 3677 tem
2294 3614 2498 3675 ﬁdem.
2528 3615 2784 3693 Oportet
2812 3622 3010 3675 autem
3040 3634 3531 3698 unumquemque
3576 3618 3796 3681 docto-

2140 3723 2272 3766 rum
2330 3704 2635 3766 decimare
2682 3722 2716 3764 a
2768 3703 2985 3784 populo
3037 3723 3169 3785 suo,
3221 3706 3336 3767 hoc
3388 3715 3497 3782 est,
3536 3714 3739 3789 petere
3770 3727 3806 3772 a
3870 3728 3876 3735 '

2150 3795 2359 3857 decem
2383 3792 2806 3873 sensibus,hoc
2836 3803 2990 3867 est,a
3012 3794 3275 3876 quinque
3300 3796 3803 3877 corporalibus,et

2149 3884 2411 3967 quinque
2440 3882 2822 3962 animalibus,
2870 3882 3169 3963 judicium
3227 3884 3701 3949 misericordiam
3746 3895 3806 3951 et

2150 3975 2346 4037 ﬁdem.
2383 3971 2520 4034 Hac
2550 3972 2791 4053 quidem
2822 3973 3134 4053 oportebat
3163 3974 3383 4057 facere,
3411 3976 3557 4038 dicit
3591 3975 3806 4040 Chris-

2149 4073 2243 4125 tus
2275 4080 2393 4122 non
2423 4061 2746 4123 adhortans
2777 4061 2849 4121 ad
2878 4063 3300 4126 decimandum
3333 4066 3570 4141 herbas,
3596 4067 3702 4131 sed
3728 4087 3807 4132 ne

2151 4152 2448 4215 videretur
2470 4160 2610 4213 tunc
2638 4150 2971 4213 contrarius
3005 4153 3212 4234 Moysi.
3240 4154 3431 4217 Duces
3456 4163 3656 4219 autem
3687 4176 3802 4221 cae-

2143 4261 2244 4307 cos
2274 4260 2378 4304 eos
2428 4240 2714 4315 nominat,
2746 4259 2817 4302 eo
2848 4241 3005 4322 quod
3052 4243 3457 4322 gloriabantur
3507 4265 3572 4308 se
3604 4248 3807 4311 omnia

2145 4333 2300 4394 scire
2331 4339 2388 4393 et
2418 4331 2657 4405 docere,
2709 4331 2979 4413 nullique
3025 4334 3369 4414 proderant,
3424 4336 3529 4399 sed
3590 4356 3804 4403 omnes

2146 4423 2337 4503 potius
2393 4420 2857 4499 corrumpebant
2919 4422 2981 4483 in
3025 4422 3363 4486 barathrum
3420 4426 3791 4491 inﬁdelitatis

2138 4511 2543 4593 projicientes.
2593 4511 2860 4572 Culicem
2915 4521 3113 4574 autem
3161 4515 3501 4578 excolantes
3534 4536 3637 4579 eos
3672 4537 3787 4579 no-

2139 4609 2343 4682 minat,
2393 4608 2458 4662 ut
2505 4618 2679 4680 parva
2727 4610 2970 4681 peccata
3019 4601 3425 4679 observantes,
3488 4605 3782 4670 camelum

2137 4700 2361 4770 autem,
2410 4690 2525 4752 hoc
2582 4698 2695 4771 est,
2749 4709 2964 4770 magna
3011 4692 3411 4772 deglutientes
3460 4703 3519 4756 et
3578 4695 3788 4777 despi-

2141 4780 2390 4844 cientes.

2224 4871 2413 4935 νεεδ.
2445 4871 2548 4942 25.
2575 4870 2675 4934 26.
2710 4894 2737 4926 α
2770 4868 2873 4932 Va!
2898 4870 3087 4947 vobis,
3133 4870 3361 4935 Scriba;
3411 4880 3469 4936 et
3520 4873 3787 4939 Pharism

400 4976 483 5033 ὅτι
548 4974 848 5052 καθαρίζετε
902 4960 985 5029 to
1012 4971 1198 5039 ἔξωθεν
1239 4978 1334 5029 τοῦ
1368 4971 1623 5049 ποτηρίου
1659 4972 1743 5027 οιαὶ
1775 4972 1873 5037 τῆς
1931 4993 2057 5050 παρ-

2150 4960 2641 5043 hypocrilae,quia
2673 4960 2934 5052 purgatis
2964 4962 3318 5052 exteriorem
3355 4964 3548 5044 poculi
3572 4966 3809 5045 patina)-

401 5063 613 5141 οψίδος,
686 5049 889 5120 τὲσωθεν
969 5062 1024 5119 δὲ
1094 5060 1345 5141 γέμουσιν
1406 5059 1457 5127 ἐξ
1514 5060 1762 5139 ἁρπαγῆς
1826 5062 1913 5117 καὶ
1959 5049 2057 5117 ἀδι‹

2155 5071 2271 5134 que.
2303 5060 2553 5132 partem,
2588 5058 2869 5141 caeterum
2915 5049 3073 5112 intus
3120 5051 3296 5132 plena
3341 5062 3478 5115 sunt
3514 5055 3724 5136 rapina
3753 5062 3813 5117 et

402 5158 540 5223 κίας.
601 5162 862 5233 Φαρισαῖε
915 5151 1107 5232 τυφλὶ,
1192 5150 1479 5230 καθάρισον
1539 5149 1748 5230 πρῶτον
1804 5151 1864 5206 τὸ
1922 5150 2057 5211 ἐντὸς

2150 5137 2932 5233 intemperantia.Pharis_a3e
2953 5158 3329 5223 czece,purga
3352 5143 3512 5224 prius
3536 5143 3694 5226 quod
3719 5150 3811 5207 est

403 5252 498 5303 τοῦ
547 5228 801 5322 ποτηρίου
866 5244 954 5299 καὶ
1007 5246 1108 5309 τῆς
1157 5239 1472 5321 παροψίδος,
1518 5240 1611 5296 ἵνα
1642 5238 1862 5319 γένηται
1896 5240 1982 5295 καὶ
2010 5241 2057 5295 τε

2152 5231 2307 5293 intra
2338 5231 2615 5313 poculum
2649 5236 2707 5291 et
2736 5228 3023 5309 patinam,
3053 5240 3117 5292 ut
3148 5238 3207 5294 et
3238 5232 3564 5296 exteriores
3595 5234 3810 5297 horum

409 5336 561 5398 ἐκτὸς
622 5319 793 5389 ubi:th
849 5332 1100 5411 καθαρόν.
1164 5355 1191 5386 ι
1265 5333 1369 5393 Τὰς
1429 5329 1747 5408 παραδόσεις
1781 5334 1887 5385 τῶν
1950 5350 2057 5407 πρεε

2158 5330 2356 5411 partes
2388 5339 2549 5411 purae
2578 5319 3096 5411 reddantur.n,Qui
3131 5322 3480 5385 traditiones
3502 5322 3811 5387 seniorum

408 5422 674 5502 σϐυτὲρων
757 5429 1097 5502 κρατοῦντες,
1170 5419 1396 5477 ἔπλυνον
1456 5421 1522 5475 τὰ
1572 5419 1803 5497 ποτήρια
1848 5419 1937 5474 καὶ
1980 5419 2075 5481 τὰς

411 5513 723 5590 ποροψίδας,
785 5512 1044 5585 τουτέστι,
1118 5512 1242 5576 τοὺς
1300 5511 1524 5574 πίνακας
1570 5508 1625 5565 ἐν
1696 5511 1780 5570 οἷς
1840 5509 1905 5564 τὰ
1969 5511 2077 5584 ὁψα

409 5606 653 5663 τίθενται·
720 5602 773 5669 ἰξ
833 5604 1080 5681 ἁρπαγῆς
1152 5599 1208 5657 δὲ
1266 5598 1447 5657 ἔπινον
1480 5598 1654 5671 οἶνον,
1687 5598 1776 5655 καὶ
1810 5595 2074 5675 ἐδέσματα

411 5695 607 5760 ἤσθιον,
640 5694 675 5748 ἅ
704 5691 959 5766 ὶμόλυνον
989 5689 1193 5765 μᾶλλον
1231 5691 1386 5748 αὐτὰ.
1421 5688 1508 5755 Μὴ
1538 5688 1716 5764 κτήσῃ
1738 5689 1853 5763 οὖν,
1885 5690 2071 5768 φησὶν,

2159 5410 2577 5489 observabant,
2622 5408 2895 5470 lavabant
2942 5410 3161 5475 calices
3205 5419 3263 5475 et
3293 5413 3663 5495 paropsides,
3700 5414 3815 5478 hoc

2160 5509 2250 5563 est
2280 5499 2600 5582 patinas.in
2632 5498 2850 5580 quibus
2873 5502 3123 5582 opsonia
3154 5512 3479 5584 ponuntur:
3508 5522 3578 5566 ex
3604 5502 3815 5566 raoina

2160 5599 2361 5654 autem
2384 5588 2666 5655 bibebant
2683 5587 3816 5674 vinum,etcomedebantcibosquima-

2156 5679 2247 5758 gis
2268 5677 2757 5765 coinquinabant.
2808 5678 2967 5745 Dicit
2996 5681 3215 5763 igitur:
3257 5683 3349 5748 Ne
3379 5680 3693 5766 possideas
3719 5680 3813 5758 Vi-
