4170 6422
389 362 509 428 405

1003 362 1450 430 ENARRATIO
1491 367 1578 430 IN
1619 362 2129 430 EVANGELIUM
2171 359 2577 425 murum.
2628 396 2705 407 -
2749 363 2916 427 car.
2964 362 3191 428 xxm.

3663 358 3784 428 ιοε

391 498 517 577 Περὶ
574 496 629 555 δὶ
688 504 794 556 τῶν
864 497 1178 557 ἀποστόλων
1237 502 1399 556 ταῦτα
1428 498 1596 579 λέγει’
1628 501 1689 557 τὸ
1743 501 1844 581 γὰρ
1894 500 2015 577 ἅγιο

2130 502 2247 558 tem
2281 496 2405 559 haec
2436 495 2603 570 dicit,
2632 516 2779 580 quos
2809 496 3062 577 Spiritus
3109 503 3350 561 sanctus
3378 496 3651 561 doctrina
3678 500 3782 581 ip-

389 594 629 669 Πνεῦμα,

720 589 808 646 καὶ
853 586 1212 653 διδασκαλίαις
1245 590 1432 656 αὐτοὺς
1505 595 1806 666 κοσμῆσαν,
1866 612 2015 669 γραμη

2129 606 2227 649 sos
2255 606 2551 650 exornans
2594 587 2825 650 scribas
2871 587 3030 665 fecit,
3067 589 3178 651 hoc
3204 596 3316 661 est,
3350 589 3631 652 doctores
3663 608 3778 669 po-

385 691 584 755 ματεϊς
652 678 898 746 ἐποίησε.
952 678 1191 738 τουτέστι
1249 686 1340 737 τοῦ
1368 678 1499 737 λαοῦ
1550 678 1913 749 διδασκάλους,
1957 703 2015 737 κα

2132 677 2275 757 puli,
2331 685 2389 738 et
2454 678 2744 757 sapientia
2801 677 2964 739 omni
3029 685 3087 740 et
3155 679 3464 759 prophetia
3518 680 3771 743 ornavit.

384 770 689 849 προφήτας,
764 770 852 826 καὶ
921 772 1107 850 σοφίας
1150 770 1329 838 πάσης
1360 769 1834 850 πεπληρωμένους.
1872 768 2015 827 Ἀπο

2126 765 2340 828 Emitto
2390 774 2613 847 autem,
2646 766 2859 849 inquit,
2892 767 3204 831 declarans
3232 787 3357 831 suae
3389 767 3627 831 deitatis
3662 790 3777 852 po-

385 856 594 916 στέλλω
666 857 745 934 δὶ,
807 863 957 939 εἶπε,
1016 858 1219 924 δεικνὺς
1277 862 1338 917 τὸ
1367 861 1465 930 τῆς
1510 862 1761 930 θεότητος
1798 859 2038 928 ἓξουσια-
2124 864 2425 920 testatem.

386 949 593 1013 στικόν,

474 1062 495 1094 ι
536 1031 738 1104 ’Ὅπως
797 1039 923 1118 ἔλθῃ
982 1040 1065 1121 ἦγ’
1123 1041 1260 1105 ὑμᾶς
1282 1047 1385 1098 πᾶν
1416 1045 1553 1117 αἷμα
1583 1039 1808 1114 δικαιον,
1864 1041 2033 1122 ἐκχυ-

2198 1033 2381 1099 Vens.
2410 1036 2511 1109 35,
2546 1035 2644 1100 36.
2686 1034 3012 1102 «Utveniat
3040 1055 3223 1120 super
3269 1056 3372 1099 vos
3404 1039 3601 1103 omnis
3629 1059 3774 1104 san-

388 1136 607 1205 νόμενον
651 1131 739 1187 ὶπὶ
806 1135 905 1198 τῆς
963 1129 1061 1209 γῆς
1092 1130 1200 1186 ἀπὸ
1270 1138 1361 1188 τοῦ
1416 1132 1645 1205 α”ματος
1706 1128 1886 1187 ’Ἅϐελ
1941 1139 2015 1189 τοξ

2116 1125 2245 1204 guis
2268 1128 2467 1207 justus
2497 1125 2595 1206 qui
2626 1126 2952 1187 ell'unditur
2981 1145 3162 1206 super
3193 1135 3407 1189 terram
3431 1131 3778 1209 asanguine

390 1216 611 1295 δικαίου,
668 1220 767 1284 ἕως
840 1227 934 1276 τοῦ
982 1219 1212 1295 α”ματος
1284 1222 1548 1300 Ζαχαρίου
1604 1223 1714 1280 υἱοῦ
1743 1222 2036 1300 Βαραχίου,

386 1309 446 1363 ὃν
497 1308 803 1389 ἐφονεύσατε
846 1309 1042 1384 μεταξὺ
1070 1316 1164 1367 τοῦ
1208 1318 1333 1368 ναοῦ
1361 1311 1448 1367 καὶ
1496 1318 1589 1368 τοῦ
1643 1312 2033 1387 θυσιαστηρίου,

2125 1214 2269 1277 Abel
2297 1209 2467 1287 justi,
2493 1234 2682 1296 usque
2708 1215 2777 1276 ad
2815 1218 3161 1297 sanguinem
3193 1216 3489 1279 Zachariae
3520 1219 3622 1281 lilii
3657 1221 3778 1283 Ba-

2120 1303 2558 1385 rachiae,quem
2618 1305 2924 1367 occidistis
2955 1307 3109 1367 inter
3142 1307 3429 1386 templum
3462 1316 3522 1369 et
3563 1309 3774 1374 altare.

386 1396 560 1472 Ἀμὴν
641 1400 784 1478 λέγω
847 1401 999 1475 ὑμῖν,
1056 1398 1137 1456 ὅτι
1197 1398 1309 1466 ἣξει
1383 1409 1545 1459 ταῦτα
1596 1400 1769 1456 πάντα
1822 1398 1906 1455 ἐπὶ
1936 1402 2015 1469 τὴε

2119 1393 2306 1455 Amen
2341 1394 2477 1456 dlco
2504 1394 2692 1467 vobis,
2728 1396 2886 1475 quod
2936 1396 3171 1458 venient
3208 1397 3332 1457 haec
3368 1397 3565 1458 omnia
3594 1415 3776 1478 super

375 1489 563 1566 γενεὰν
634 1491 855 1557 ταύτην,
924 1510 949 1546 ο
1014 1486 1133 1547 Ἐπὶ
1221 1490 1343 1553 τοὺς
1400 1489 1522 1563 τότε
1552 1487 1705 1555 ὄντας
1755 1486 2031 1555 Ἰουδαίους

375 1579 538 1654 φησὶν
587 1576 728 1647 ἥξειν
798 1585 903 1636 πᾶν
953 1579 1097 1655 αἷμα
1165 1577 1357 1643 ἀδίκως
1415 1578 1659 1660 ἐκχυθέν.
1693 1592 1883 1660 χεῖρον
1931 1581 2030 1658 γὰρ

372 1670 846 1745 τιμωρηθήσονται
915 1671 1057 1746 παρὰ
1105 1669 1225 1734 τοὺς
1296 1668 1528 1749 πατέρας
1586 1670 1779 1743 αὖτῶν,
1815 1672 1861 1725 οἱ
1892 1670 2029 1745 μηδὲ

2115 1484 2579 1562 generationem
2606 1484 2848 1548 istam.»
2879 1484 3072 1566 Super
3087 1484 3325 1549 Iudaeos
3356 1485 3486 1546 illos
3515 1489 3773 1567 quitunc

2117 1585 2314 1651 erant,
2350 1576 2519 1650 dicit,
2552 1576 2756 1640 veniet
2785 1578 2981 1639 omnis
3004 1579 3243 1658 sanguis
3274 1579 3492 1658 injuste
3527 1579 3769 1645 effusus.

2113 1661 2252 1724 Plus
2283 1666 2442 1725 enim
2476 1666 3006 1747 punientur,quam
3036 1678 3231 1745 patres
3259 1668 3376 1730 sui.
3402 1665 3547 1730 Nam
3582 1687 3776 1751 neque

375 1758 517 1831 μετᾶ
571 1766 797 1816 τοσαῦτα
847 1757 1248 1839 παραδείγματα
1320 1759 1784 1838 σωφρονισθέντες·
1850 1759 2015 1837 ὥσπερ

2118 1762 2249 1833 post
2280 1763 2440 1852 tanta
2470 1756 2742 1835 exempla
2771 1758 3072 1852 emendati
3107 1758 3366 1852 fuerunt.
3392 1758 3491 1821 Sic
3521 1759 3681 1852 enim
3715 1767 3777 1822 et

372 1848 465 1902 καὶ
520 1847 549 1903 ὃ
604 1849 799 1929 Λάμεχ
840 1851 983 1927 παρὰ
1010 1850 1102 1906 τὸν
1154 1850 1292 1908 Κάϊν
1337 1847 1497 1906 πλέον
1543 1847 1828 1929 ἐκολάσθη,
1860 1850 2010 1906 καίτο

2112 1844 2376 1906 Lamech
2410 1854 2541 1925 post
2572 1846 2712 1908 Cain
2742 1845 2875 1927 plus
2905 1848 3143 1926 punitus
3175 1848 3305 1922 fuit,
3338 1848 3612 1929 quamvis
3654 1868 3772 1913 non

372 1938 471 1992 οὒκ
527 1934 751 2019 ἀδελφὸν
806 1937 1035 2010 ἀνελὼν,
1093 1937 1225 1995 διότι
1284 1940 1380 1995 οὒκ
1405 1939 1755 2019 ὶσωφρονίσθν
1783 1945 1862 2014 τῷ
1889 1939 2029 1997 κατᾶ

372 2026 467 2082 τὸν
524 2028 658 2085 Κάῐν
727 2025 1096 2107 ὖποδείγματι.
1175 2019 1337 2094 "Hist
1392 2028 1505 2108 οὖν,
1539 2029 1720 2108 φησὶν,
1754 2028 1837 2109 ἐφ’
1889 2031 2025 2105 ὑμᾶς

374 2122 481 2172 πᾶν
536 2119 698 2193 αἷμα,
775 2119 880 2199 ἀπὸ
951 2115 1135 2176 ’Ἅϐελ
1164 2117 1266 2183 ἕως
1311 2119 1607 2199 Σαχαρίου,
1659 2117 1923 2198 Εὒκαίρως
1969 2116 2023 2175 δὲ

370 2206 613 2277 ἐμνήσθη
673 2215 765 2265 τοῦ
823 2198 1023 2267 ⁹Ἀ6ελ.
1088 2200 1179 2274 Ὠς
1243 2209 1343 2288 γὰρ
1397 2196 1434 2265 3
1485 2196 1665 2265 ’Ἅϐελ
1699 2207 1784 2264 διὰ
1822 2196 2026 2290 Ῠφθόνον

371 2296 629 2373 ἀνῃρέθη,
686 2296 828 2355 οὕτω
882 2299 969 2355 καὶ
1038 2301 1065 2356 ὁ
1113 2299 1333 2379 Χριστός
1402 2299 1700 2379 φθονηθεὶς.
1761 2300 1919 2358 Ποίου
1974 2298 2027 2355 δὲ

372 2390 639 2467 Ζαχαρίου
709 2385 929 2445 ὶνταῦθα
1013 2388 1329 2465 μέμνηταις
1390 2390 1451 2446 Οἱ
1506 2389 1606 2464 μὲν
1649 2398 1742 2448 τοῦ
1796 2390 1853 2445 ἒν
1907 2402 2027 2454 τοῖς

369 2473 573 2533 δώδεκα
648 2479 949 2557 προφήταις
1029 2480 1154 2561 φασὶ
1237 2478 1736 2557 συναριθμουμένουθ
1822 2483 1870 2535 οἱ
1948 2477 2025 2554 δὲ,

368 2574 462 2624 τοῦ
516 2570 713 2646 πατρὸς
774 2575 868 2625 τοῦ
928 2566 1256 2648 Προδρόμου.
1302 2567 1464 2646 λόγος
1493 2568 1594 2645 γὰρ
1637 2567 1757 2647 ἔχει
1790 2566 2029 2644 παραδο-

366 2658 472 2721 Osi:
540 2659 703 2732 ἡμῖν,
758 2656 840 2715 ὅτι
895 2658 1057 2721 τόπος
1089 2681 1169 2723 τις
1198 2658 1263 2726 ἦν
1289 2660 1347 2715 ὶν
1376 2664 1452 2732 τῷ
1495 2665 1627 2737 ναῷ,
1662 2656 1715 2714 ἐν
1742 2661 1787 2733 ᾧ
1809 2656 2030 2715 ἵσταντο

374 2750 425 2802 αἱ
480 2747 747 2828 παρθένοι.
814 2738 872 2807 Ὀ
923 2747 1091 2805 τοίνυν
1150 2749 1419 2828 Ζαχαρίας
1453 2748 1729 2829 ἀρχιερεὺς
1784 2746 1881 2820 ὤν,
1941 2749 2029 2804 καὶ

373 2838 509 2910 μετὰ
563 2839 625 2893 τὸ
694 2851 872 2895 τεκεῖν
927 2838 1018 2895 τόν
1077 2839 1303 2914 Χριστόν
1358 2838 1456 2905 τὴν
1493 2838 1755 2894 Θεοτόκον
1803 2837 2027 2903 ἔστησεν

374 2925 428 2981 ἰν
484 2933 561 3001 τῷ
626 2927 772 3000 τόπῳ
826 2932 933 2983 τῶν
991 2927 1283 3007 παρθένων
1332 2927 1803 3006 ἀγανακτήσαντες
1833 2924 1889 2982 δὲ
1944 2924 2029 2984 ἐπὶ

2112 1932 2519 1997 intemerisset
2548 1935 2896 2011 fratrem,eo
2913 1938 3068 2018 quod
3102 1956 3219 1999 non
3253 1938 3548 2000 fuissetad
3576 1956 3773 2001 exem-

2111 2022 2274 2103 plum
2308 2024 2449 2088 Cain
2473 2025 2846 2088 emendatus.
2877 2027 3090 2088 Veniet
3119 2027 3317 2107 igitur,
3344 2029 3557 2108 inquit,
3591 2047 3773 2111 super

2106 2131 2208 2173 vos
2240 2113 2438 2175 omnis
2484 2115 2746 2196 sanguis,
2782 2116 2855 2177 ab
2887 2116 3039 2179 Abel
3073 2136 3260 2198 usque
3293 2120 3363 2179 ad
3395 2116 3766 2184 Zachariam.

2110 2198 2459 2282 Opportune
2488 2212 2687 2264 autem
2722 2204 2996 2266 meminit
3016 2202 3413 2269 Abelis.Sicut
3442 2207 3600 2268 enim
3620 2208 3769 2270 Abel

2114 2299 2360 2371 propter
2390 2292 2670 2354 invidiam
2702 2291 3096 2374 interemptus
3124 2303 3236 2369 est,
3287 2296 3368 2357 ita
3413 2304 3472 2358 et
3498 2297 3771 2360 Christus

2112 2380 2343 2441 occisus
2372 2382 2676 2462 est.Cujus
2708 2392 2904 2444 autem
2933 2382 3233 2446 Zachariae
3262 2384 3374 2447 hoc
3404 2386 3536 2447 loco
3562 2386 3771 2449 memi-

2113 2471 2231 2530 nit?
2264 2472 2398 2531 128
2419 2471 2532 2533 Alii
2557 2472 2765 2534 dicunt
2795 2472 2961 2534 illum
2995 2473 3180 2535 fuisse
3209 2495 3391 2537 unum
3423 2476 3498 2537 de
3528 2476 3768 2538 duode-

2111 2560 2223 2620 cim
2258 2560 2693 2641 prophetis,alii
2724 2572 2951 2642 patrem
2978 2565 3364 2626 Praecursoris
3391 2563 3769 2629 Domini.Ha-

2114 2649 2212 2710 bet
2242 2650 2498 2712 enimita
2529 2652 2787 2712 narratio
2824 2652 3001 2715 nobis
3024 2654 3419 2735 tradita,quod
3454 2654 3762 2735 locusqui-

2112 2738 2245 2801 dam
2280 2741 2337 2801 in
2371 2741 2592 2820 templo
2627 2740 2893 2816 fuerit,in
2926 2762 3042 2823 quo
3074 2743 3310 2804 stabant
3340 2745 3621 2822 virgines.
3653 2745 3767 2808 Za-

2110 2830 2342 2892 charias
2375 2830 2551 2908 igitur
2581 2850 2713 2891 cum
2741 2842 2900 2893 e~set
2934 2834 3539 2915 pontifex,postquam
3556 2834 3772 2919 Deipa-

2113 2936 2179 2981 ra
2224 2921 2558 3000 peperisset
2602 2921 2930 2996 Christum,
2965 2931 3024 2985 et
3052 2925 3359 2988 statuisset
3388 2926 3547 2987 illam
3603 2927 3663 2989 in
3695 2948 3767 2992 eo

381 3020 550 3090 τούτῳ
605 3020 651 3076 οἱ
716 3016 986 3101 Ἰουδαῖοι,
1072 3018 1387 3077 ἀπέκτειναν
1430 3021 1612 3092 αυτὸν,
1644 3022 1716 3086 ὡς
1749 3021 1885 3096 μετὰ
1917 3022 2015 3076 τῶν

2115 3009 2267 3082 loco,
2296 3009 2586 3090 indignati
2612 3018 2756 3101 sunt
2786 3019 2992 3101 contra
3021 3031 3156 3074 eum
3188 3012 3403 3095 Judaei,
3436 3024 3495 3076 et
3523 3016 3767 3080 occide-

382 3106 647 3185 παρθένων
731 3107 948 3174 τάξαντα
1023 3122 1254 3189 γυναῖκα
1334 3111 1689 3187 γεννήσασα-ρ·
1760 3109 1908 3166 ossa»,
1966 3107 2015 3166 δὲ

2106 3108 2245 3160 runt
2277 3118 2439 3173 eum,
2472 3099 2625 3176 quod
2653 3120 2786 3161 cum
2812 3100 3144 3178 virginibus
3166 3093 3518 3166 collocasset
3548 3106 3770 3170 mulie-

370 3200 692 3272 θαυμαστὸν,
766 3200 809 3255 εἰ
876 3202 1021 3257 καὶὸ
1065 3200 1240 3277 πατὴρ
1268 3205 1361 3256 τοῦ
1413 3197 1717 3276 Προδρόμου
1748 3200 1875 3280 εἶχε
1921 3222 2022 3255 πα·-

366 3288 491 3367 τὲρα
550 3290 822 3369 Βαραχίαν
877 3291 1126 3366 ὀνόματι,
1188 3288 1367 3367 ὥσπερ
1396 3291 1532 3347 καὶὸ
1575 3290 1630 3347 ἐν
1673 3304 1793 3355 τοῒς
1820 3287 2021 3346 δώδεκα

366 3380 666 3459 προφήταις
727 3382 997 3461 Βαραχίου
1054 3379 1265 3459 λέγεται
1320 3381 1452 3444 υἱὸς·
1507 3381 1646 3444 εἰκὸς
1689 3381 1789 3457 γὰρ
1838 3378 2017 3457 ὥσπερ

363 3468 431 3522 τὰ
488 3469 687 3525 τούτων
750 3468 987 3543 ὀνόματα
1047 3467 1388 3550 συνέδραμον,
1446 3468 1585 3527 οὕτω
1638 3470 1725 3526 καὶ
1796 3468 1861 3524 τὰ
1909 3474 2017 3524 τῶν

367 3556 607 3635 πατέρων
639 3556 809 3615 αὖτῶν
822 3607 836 3620 .

451 3669 475 3702 ι
580 3639 948 3727 Ἰερουσαλὴμ,
1037 3640 1400 3729 Ἰερουσαλὴμ,
1482 3651 1517 3718 ἡ
1627 3650 2015 3707 ἀποκτείνουσα

356 3738 483 3801 τοὺς
540 3739 841 3818 προρρήτας,
889 3740 974 3796 καὶ
1031 3736 1374 3797 λιθοϐολοῦσα
1410 3740 1530 3805 τούς
1586 3736 2017 3812 ἀπεσταλμένους

358 3830 493 3906 πρὸς
560 3828 748 3906 αὐτὴν,
822 3829 1048 3891 ποσάκις
1134 3828 1373 3899 ἠθέλησα
1458 3829 1866 3908 ἐπισυναγαγεῖν
1949 3826 2015 3882 τὰ

356 3916 521 3974 τέκνα
578 3939 671 3974 σου
726 3916 786 3975 ὅν
864 3920 1056 3993 τρόπον
1151 3918 1453 3998 ἐπισυνάγει
1509 3918 1647 3997 ὄρνις
1708 3920 1774 3975 τὰ
1834 3915 2015 3974 νοσσία

356 4008 555 4075 ἑαυτῆς
610 4009 714 4065 υπὸ
770 4009 866 4071 τὰς
910 4008 1196 4087 πτέρυγας,
1240 4010 1330 4065 καὶ
1360 4011 1455 4066 οὒκ
1488 4009 1785 4079 ἠθελήσατε
1834 4004 2017 4082 ςἸδού

353 4095 568 4174 ἀφίεται
624 4097 754 4173 ὑμῖν
811 4099 840 4153 ὗ
910 4101 1062 4161 οἶκος
1093 4097 1242 4174 ὑμῶν
1271 4098 1493 4176 ἔρημος·
1545 4096 1690 4177 λέγω
1718 4098 1817 4175 γὰρ
1857 4098 2010 4176 ὑμῖν,

357 4186 419 4243 οὗ
462 4188 539 4260 μὴ
570 4208 637 4259 με
682 4184 837 4253 ἴδητε
868 4186 963 4243 ἀπ’
994 4186 1133 4266 ἂρτι,
1167 4185 1268 4251 ἕως
1300 4187 1361 4243 ἄν
1393 4186 1625 4255 εἴπητε*
1646 4184 2016 4263 Εὐλογημένος

354 4277 385 4331 ὁ
472 4272 763 4355 ἐρχόμενος
838 4273 892 4331 ἔν
950 4276 1171 4351 ὀνόματι
1245 4276 1453 4349 Κυρίου,
1493 4300 1521 4331 ι
1582 4274 1926 4345 Διπλασιάζει
1957 4273 2018 4330 τὸ

352 4363 523 4438 ὄνομα
580 4365 680 4433 τῆς
732 4356 1100 4443 Ἰερουσαλὴμ,
1163 4363 1326 4421 ἱλεοῦν
1368 4365 1535 4432 αὒτην
1583 4364 1669 4421 καὶ
1710 4361 2012 4419 ανακαλούο-

350 4475 515 4529 μενος
574 4457 883 4528 συμπαθῶς’
959 4454 1139 4534 ὥσπερ
1192 4455 1292 4534 γὰρ
1350 4457 1482 4530 πρὸς
1514 4476 1629 4512 τινα
1679 4451 2006 4534 φιλουμέννιν

351 4544 453 4619 μὲν
522 4540 776 4623 διακαῶς,
868 4546 1317 4625 καταφρονοῦσαν.
1382 4543 1437 4601 δὲ
1521 4551 1614 4602 τοῦ
1694 4541 2002 4625 φιλοῦντος,

348 4632 728 4712 ἀπολογεῖται,
802 4633 1015 4710 μέλλων
1069 4636 1293 4713 επάγειν
1341 4636 1439 4704 τὴν
1486 4635 1727 4691 κόλασιν⁶
1775 4634 2006 4689 αἰτιᾶται

347 4725 452 4802 γὰρ
523 4723 689 4791 αυτὴν
743 4726 817 4790 ὡς
870 4724 1117 4805 φονικὴν,
1176 4726 1265 4781 καὶ
1318 4726 1398 4782 ὃτι
1448 4723 1708 4789 πολλάκις
1760 4720 2004 4785 θέλοντος

346 4813 509 4869 αὗτοῦ
565 4812 781 4882 ἕλεῆσαι
852 4814 1075 4886 ταύτην,
1146 4814 1281 4881 αὖτή
1339 4818 1434 4873 οὒκ
1474 4811 1731 4884 ἠθέλησε,
1762 4810 1901 4867 ἆλλᾶ
1930 4817 2006 4886 τῷ

343 4901 765 4983 διασκορπίζοντι
825 4902 988 4970 αυτὴν
1074 4903 1363 4980 πειθομένη
1422 4901 1675 4976 διαϐόλῳ,
1746 4904 1835 4959 γαὶ
1894 4900 2000 4957 ὰπ-

342 4994 531 5071 ἀγοντι
578 4993 683 5051 ἀπὸ
713 4996 811 5063 τῆς
842 4992 1115 5066 ἀληθείας,
1160 4992 1275 5061 ἥτις
1305 4992 1527 5057 ὲνοειδές
1557 5016 1608 5051 τι
1640 4992 1833 5074 χρῆμά
1863 4991 1995 5065 ἐστι,

339 5084 436 5141 τὸν
501 5084 793 5160 συνάγοντι
852 5084 1039 5163 Κύριον
1101 5086 1197 5142 οὒκ
1266 5083 1505 5166 ἐδέχετο·
1543 5082 1690 5141 οὐδὲν
1718 5083 1816 5161 γὰρ
1863 5079 2001 5139 οὕτω

336 5173 612 5253 σκορπίζει
668 5173 775 5230 ἀπὸ
847 5180 1001 5250 Θεοῦ,
1060 5172 1135 5239 ὥς
1192 5175 1444 5254 ἆμαρτίαυ
1509 5174 1690 5253 ὥσπερ
1747 5174 1813 5228 αὖ
1872 5192 1999 5226 συν-

339 5264 461 5340 ἄγει
494 5264 623 5341 πρὸς
655 5264 784 5319 Θεὸν
813 5264 875 5320 τὸ
917 5263 1113 5343 ἀγαθὸν
1157 5262 1411 5328 συνειδός·
1470 5265 1571 5330 τὴν
1629 5259 2001 5344 φιλοστοργίαν

337 5351 397 5410 δὲ
457 5349 880 5430 ἐνδεικνύμενος,
952 5355 1015 5410 τὸ
1069 5358 1170 5422 τῆς
1215 5352 1416 5435 ὄρνιθος
1446 5351 1745 5431 ὑπόδειγμα
1772 5350 1995 5413 τέθεικε,

343 5444 439 5499 Διὸ
495 5442 610 5498 επεὶ
667 5445 727 5501 οὗ
784 5442 985 5518 θελετε,
1023 5443 1218 5524 ἀφίημι
1248 5446 1340 5501 τὸν
1369 5445 1495 5500 ναὸν
1525 5442 1747 5523 ἔρημον.
1783 5438 1999 5497 Ἐντεῦ-

336 5535 424 5587 θεν
494 5528 548 5588 δὲ
602 5532 973 5608 μανθάνωμεν,
1036 5534 1118 5589 ὃτι
1175 5531 1243 5589 δι’
1314 5536 1457 5609 ἡμᾶς
1486 5544 1732 5590 κατοικεῖ
1760 5532 1849 5586 καὶ
1877 5528 2000 5591 τούς

340 5621 495 5683 ναούς
549 5623 578 5679 ὁ
642 5621 799 5684 Θεός⁹
863 5621 990 5679 ὅταν
1046 5620 1102 5681 δὲ
1158 5626 1326 5701 ἡμεῖς
1369 5621 1785 5702 ἂπεγνωσμιὶνοι⁸
1824 5620 1995 5699 ὦμεν,

341 5708 457 5766 τότε
512 5712 599 5767 καὶ
658 5712 707 5766 οἱ
773 5712 886 5768 ναοὶ
928 5711 1188 5793 ἀφίενται,
1222 5715 1297 5771 Οὔ
1328 5714 1406 5788 μὴ
1437 5713 1525 5770 οὖν
1580 5733 1648 5787 με
1681 5708 1835 5775 ἴδητε
1868 5706 1997 5787 ἃχρι

2103 3208 2231 3249 rem
2268 3208 2400 3270 qua
2425 3197 2762 3269 pepvrerat.
2798 3189 2925 3251 Non
2961 3201 3051 3251 est
3097 3192 3257 3253 enim
3298 3193 3572 3257 mirabile
3604 3198 3766 3277 quod

2102 3279 2280 3340 etiam
2316 3288 2484 3359 pater
2517 3280 2919 3341 Praecursoris
2972 3281 3247 3343 habuerit
3296 3292 3520 3363 patrem
3574 3286 3765 3348 Bara-

2101 3368 2328 3433 chiam.
2361 3367 2515 3427 sicut
2546 3375 2604 3427 et
2635 3367 2685 3428 is
2712 3368 2814 3448 qui
2848 3387 2917 3429 ex
2973 3370 3290 3431 duodecim
3345 3380 3494 3453 erat,
3544 3373 3765 3437 dicitur

2099 3457 2404 3520 Barachiae
2454 3457 2632 3520 ﬁlius.
2690 3457 3026 3520 Verisimile
3079 3461 3238 3521 enim
3287 3463 3443 3542 quod
3489 3461 3647 3527 sicut
3675 3464 3764 3527 illi

2100 3552 2341 3613 luerunt
2372 3550 2784 3629 cognomines,
2820 3551 2903 3614 ita
2936 3563 2994 3614 et
3024 3562 3224 3633 patres
3254 3554 3539 3634 ipsorum.

2184 3638 2368 3703 Vens.
2404 3642 3033 3711 37-39.:Jerusalem,
3065 3645 3566 3727 Jerusalem,qum
3594 3648 3761 3712 occi-

2102 3729 2193 3791 dis
2227 3731 2570 3822 prophetas,
2598 3742 2656 3792 et
2688 3732 2917 3811 lapidas
2948 3752 3051 3794 eos
3071 3734 3170 3814 qui
3203 3734 3275 3795 ad
3310 3743 3364 3796 te
3396 3737 3560 3798 missi
3593 3747 3757 3822 sunt,

2100 3820 2334 3900 quoties
2365 3820 2520 3882 volui
2539 3840 2901 3901 congregare
2919 3822 3070 3884 ﬁlios
3091 3820 3758 3904 tuos,quemadmodum

2098 3909 2321 3988 gallina
2352 3921 2671 3990 congregat
2705 3914 2896 3990 pulios
2920 3931 3060 3974 suos
3090 3913 3201 3974 sub
3233 3914 3449 3987 alas,et
3479 3916 3756 3978 noluisti?

2100 4000 2258 4062 Ecce
2295 3999 2654 4080 relinquitur
2681 4001 2845 4062 vobis
2865 4002 3079 4063 domus
3105 4011 3297 4065 vestra
3317 4006 3578 4070 deserta.
3612 4005 3755 4070 Dico

2100 4088 2262 4150 enim
2296 4088 2485 4160 vobis,
2519 4090 2980 4173 haudquaquam
3030 4112 3126 4155 me
3174 4093 3451 4158 videbitis
3482 4097 3750 4179 posthac,

2101 4178 2293 4240 donec
2322 4179 2534 4241 dicatis
2566 4198 2579 4243 :
2611 4182 2966 4245 Benedictus
2996 4184 3273 4263 quivenit
3303 4186 3361 4245 in
3387 4187 3627 4249 nomine
3646 4178 3762 4249 Do-

2103 4267 2310 4327 mini.»
2335 4267 2433 4329 Bis
2468 4270 2632 4349 ponit
2654 4289 2871 4332 nomen
2907 4271 3265 4344 Jerusalem,
3301 4274 3577 4337 misertus
3599 4277 3755 4357 ejus,

2102 4364 2161 4419 et
2194 4375 2405 4437 magna
2450 4378 2587 4420 cum
2619 4362 3034 4442 compassione
3066 4382 3194 4424 eam
3225 4364 3755 4446 revocans.Expo-

2096 4447 2323 4508 stulans
2355 4448 2513 4508 enim
2547 4469 2679 4510 cum
2708 4452 3126 4531 ea,quasicum
3152 4452 3403 4533 quadam
3436 4455 3757 4517 vehemen-

2089 4544 2183 4597 ter
2213 4534 2453 4608 dilecta,
2490 4557 2620 4619 qua:
2649 4539 2999 4618 diligentem
3032 4548 3395 4617 contemnat,
3428 4545 3757 4625 respondet

2088 4625 2483 4689 inducturum
2516 4647 2581 4690 se
2615 4646 2847 4709 pcenam
2883 4648 2896 4693 :
2935 4634 3091 4694 unde
3144 4632 3335 4710 arguit
3392 4632 3549 4693 illam
3584 4628 3753 4714 quasi

2092 4717 2560 4795 sanguinariam,
2601 4728 2660 4781 et
2691 4722 2847 4799 quod
2883 4722 3098 4797 saepius
3114 4722 3348 4783 volente
3379 4739 3445 4784 se
3476 4720 3754 4786 misereri

2099 4806 2252 4885 ejus,
2278 4806 2410 4888 ipsa
2446 4810 2726 4883 noluerit,
2755 4810 2859 4871 sed
2894 4811 3195 4872 diabolum
3243 4810 3436 4890 potius
3464 4811 3739 4895 audierit,

2088 4913 2123 4955 a
2154 4916 2273 4977 quo
2302 4897 2595 4979 dispersa.
2627 4909 2685 4961 et
2706 4919 2739 4960 a
2769 4901 3037 4981 veritate,
3071 4920 3203 4983 quae
3233 4900 3476 4962 uniendi
3507 4901 3624 4963 vim
3650 4903 3749 4966 ha-

2090 4984 2397 5059 bet,t‘uerit
2424 4989 3179 5070 abducta.congregantem
3202 5003 3401 5053 autem
3427 4991 3747 5056 Dominum

2085 5094 2202 5137 non
2233 5078 2587 5158 susceperit.
2627 5078 2784 5140 Nihil
2809 5080 2967 5141 enim
3000 5081 3086 5143 sic
3115 5100 3147 5143 a
3182 5081 3306 5145 Deo
3336 5081 3650 5163 dispergit,
3680 5090 3757 5146 ut

2087 5176 2394 5246 peccatum
2426 5188 2444 5226 :
2473 5177 2530 5229 et
2564 5169 2707 5230 nihil
2743 5175 2818 5231 ita
2850 5170 2921 5231 ad
2971 5173 3159 5233 Deum
3191 5180 3494 5252 aggregat,
3516 5181 3578 5234 ut
3613 5174 3743 5234 vir-

2088 5265 2179 5316 tus
2234 5254 2574 5320 Ostendens
2604 5268 2800 5322 autem
2837 5260 3340 5337 misericordiam,
3375 5263 3497 5324 avis
3529 5281 3740 5326 exemi

2085 5344 2246 5426 plum
2280 5347 2466 5427 ponit.
2511 5348 2744 5412 Idcirco
2777 5351 2914 5431 quia
2946 5351 3243 5428 noluistis,
3277 5353 3552 5436 relinquo
3586 5361 3745 5416 tem-

2087 5436 2248 5516 plum
2280 5437 2607 5499 desertum.
2632 5438 2757 5502 Hoc
2787 5441 2916 5502 loco
2954 5442 3278 5518 discamus,
3309 5443 3465 5524 quod
3502 5452 3747 5524 propter

2086 5545 2195 5587 nos
2220 5529 2381 5615 Deus
2408 5536 2464 5590 et
2497 5531 2719 5611 templa
2760 5532 3048 5594 inhabitat
3076 5554 3091 5595 :
3126 5533 3286 5614 quod
3318 5532 3369 5593 si
3400 5550 3509 5595 nos
3526 5532 3751 5615 despe-

2085 5614 2257 5677 randi
2289 5616 2603 5699 fuerimus,
2640 5628 2777 5682 tunc
2819 5629 2962 5684 tunc
3010 5622 3552 5704 relinquunturet
3579 5614 3754 5683 tem-

2085 5704 2203 5787 pla.
2237 5708 2369 5771 Non
2397 5706 2582 5786 igitur
2612 5728 2709 5774 me
2735 5710 3040 5788 videbitis,
3072 5711 3294 5796 inquit,
3321 5730 3512 5795 usque
3533 5710 3609 5774 ad
3644 5728 3748 5776 εο-
