4170 6472
393 352 512 422 407

1358 360 1943 426 THEOPHYLACTI
1989 361 2399 426 BULGARLE
2446 365 2802 428 ARCHIEP.

3661 359 3784 425 408

395 493 660 558 cundum
689 495 1029 558 adventum.
1069 494 1233 558 Tunc
1280 497 1457 558 etiam
1505 495 1778 558 nolentes
1807 515 1942 559 eum
1976 517 2044 558 a-
2069 510 2087 558 ,Α

2176 510 2224 572 ἧς
2293 499 2530 573 δευτέρας
2594 503 2902 579 παρουσίας.
2938 503 3067 560 Τότε
3102 504 3198 580 γάρ
3245 506 3332 559 καὶ
3366 503 3576 565 ἔχοντες
3629 502 3788 557 αὺτὸν

397 583 720 666 dorabunt,
767 593 826 646 et
877 585 1102 658 dicent,
1160 609 1186 638 α
1225 585 1584 648 Benedictus
1635 587 1736 666 qui
1795 586 1978 648 venit.
2013 611 2042 643 ι

401 673 654 737 Posthac
683 681 879 734 autem
912 671 1204 752 intellige,
1232 683 1540 754 postquam
1573 675 1892 736 cruciﬁxus
1922 677 2049 738 fue-

397 781 466 824 ro
503 781 516 826 :
554 781 670 824 non
702 763 860 824 enim
893 762 969 823 de
1015 763 1162 824 hora
1209 782 1341 844 quae
1387 763 1513 826 haec
1557 764 1815 838 dicebat,
1851 765 2048 845 loqui-

401 861 536 913 tur:
572 868 706 912 nam
733 861 934 931 postea
965 850 1183 932 saepius
1212 870 1351 914 eum
1383 852 1656 914 viderunt
1689 872 1702 917 :
1743 862 1874 934 post
1905 873 2050 916 cru-

399 939 737 1001 ciﬁxionem
760 947 958 1001 autem
983 958 1382 1021 nequaquam,
1418 961 1528 1004 nec
1551 941 1733 1003 visuri
1768 943 2048 1023 sunt,do-

401 1046 514 1091 nec
541 1029 720 1092 instet
750 1028 1042 1092 adventus
1064 1029 1218 1109 ejus.

1010 1212 1258 1279 CAPUT
1288 1213 1494 1278 XXIV.

691 1305 776 1369 De
802 1311 1348 1389 consummatione,
1378 1309 1475 1372 die
1508 1319 1565 1372 et
1595 1310 1770 1375 hora.

488 1399 847 1474 VERs.l,2.«
868 1399 936 1463 Et
965 1420 1243 1481 egressus
1267 1402 1446 1464 Jesus
1474 1403 1821 1466 discedebat
1853 1425 1887 1467 a
1915 1414 2060 1466 tem-

408 1489 528 1572 plo.
554 1489 631 1552 Et
658 1500 1077 1552 acccesserunt
1102 1492 1178 1554 ad
1209 1510 1343 1553 eum
1377 1492 1650 1572 discipuli
1684 1495 1835 1574 ejus,
1869 1503 1933 1556 ut
1955 1513 2056 1555 os-

410 1578 730 1641 tenderent
753 1578 808 1640 ei
828 1587 1155 1643 structuras
1186 1581 1416 1660 templi.
1451 1581 1628 1644 Jesus
1678 1593 1876 1647 autem
1911 1585 2060 1645 dixit

411 1669 565 1732 illis:
600 1667 813 1732 Nonne
842 1669 1054 1734 videtis
1079 1673 1206 1734 haec
1227 1670 1456 1734 omnia?
1485 1674 1674 1734 Amen
1706 1675 1838 1736 dico
1871 1675 2056 1754 vobis,

2131 591 2572 670 προσκυνήσουσι,
2635 592 2720 646 καὶ
2801 590 2971 669 ἐροῦσι
3029 596 3111 648 τό⁸
3196 616 3222 645 σ
3329 590 3695 669 Εὖὶογημένος
3761 590 3789 643 ξι

2132 679 2443 757 ἐρχθμενος.
2478 687 2482 691 ’
2517 702 2539 736 I
2600 683 2670 738 Τὸ
2729 679 2783 736 δὲ
2841 681 2934 737 ἀπ’
2992 681 3128 760 ἄρτι,
3191 682 3304 738 ἀντὶ
3355 681 3470 754 τοῦ,
3535 683 3668 755 μετα
3725 680 3790 733 16

2134 772 2518 847 σταυρωθῆναι,
2578 770 2794 844 νόησον,
2884 772 2962 846 μὴ
3019 770 3264 849 μέντοιγε
3297 772 3396 838 τὴν
3451 769 3591 846 ὥραν
3643 767 3791 822 ἑκεί-

2135 880 2232 924 νην
2289 858 2408 914 καθ’
2461 859 2526 925 ἣν
2587 866 2750 915 ταῦτα
2781 858 2955 938 ἔλεγε.
3033 859 3192 918 Εἶδον
3243 883 3342 939 γηρ
3390 861 3543 916 αυτὸν
3577 856 3665 937 ἄρ’
3731 858 3794 913 οὗ

2135 946 2364 1012 ἐλάλησε
2421 959 2584 1006 ταῦτα
2640 947 2924 1013 πολλάκις·
2984 952 3118 1025 μετὰ
3175 949 3356 1024 μέντοι
3404 952 3466 1005 16
3540 969 3784 1024 σταυρω-

2135 1040 2288 1102 θῆναι
2348 1037 2439 1092 οὲκ
2495 1036 2642 1094 εἶδον
2699 1040 2877 1112 αὐτὸν,
2940 1038 3055 1098 οὒδέ
3127 1037 3313 1095 ἴδωσιν
3345 1038 3500 1118 ἄχρις
3537 1037 3596 1092 ἂν
3630 1037 3792 1108 ἐνστῇ

2136 1128 2170 1193 ἡ
2197 1128 2450 1206 παρουσία
2483 1129 2659 1188 αἶιτοῡ.
3143 1198 3157 1220 ς

2753 1224 3002 1278 ΚΕΦΑΛ.
3042 1229 3126 1276 ΚΔ
3158 1265 3172 1281 ,

2373 1307 2492 1382 Περὶ
2521 1306 2617 1374 τῆς
2648 1305 2968 1377 συντελείας,
3006 1307 3211 1387 ἡμέρας
3257 1309 3346 1364 καὶ
3387 1307 3554 1384 ὥρας.

2230 1419 2251 1448 ι
2293 1396 2389 1452 Καὶ
2445 1394 2662 1460 ἐξελθὼν
2721 1398 2748 1452 6
2806 1394 3015 1464 Ἰησοῦς
3047 1397 3324 1475 ἐπορεύετο
3353 1397 3459 1453 ὄιπό
3507 1403 3599 1452 τοῦ
3627 1398 3797 1472 ἱεροῦ,

2143 1487 2228 1541 καὶ
2298 1484 2594 1563 προσῆλθον
2653 1487 2790 1560 αὗτῷ
2849 1489 2894 1542 οἱ
2987 1489 3217 1561 μαθηταὶ
3305 1487 3480 1557 αὒτοῠ,
3537 1481 3801 1550 ἐπιδεῖξαι

2145 1576 2285 1647 αὐτῷ
2355 1576 2448 1638 τὰς
2507 1572 2786 1650 οἰκοδομὰς
2844 1582 2936 1632 τοῦ
2983 1579 3144 1654 ἱεροῦ.
3206 1567 3262 1634 ιΟ
3308 1573 3362 1631 δὲ
3407 1573 3610 1640 Ἰησοῦς
3638 1574 3802 1630 εἶπεν

2146 1666 2346 1726 αὒτοϊς⁶
2423 1664 2648 1720 Βλέπετε
2705 1667 2866 1720 ταῦτα
2924 1666 3143 1737 πάντας
3211 1665 3386 1740 Ἀμὴν
3437 1664 3578 1742 λέγω
3636 1665 3796 1736 ὑμῖν,

415 1777 532 1821 non
564 1757 941 1840 relinquetur
971 1760 1064 1822 hic
1097 1761 1248 1840 lapis
1270 1779 1452 1842 super
1482 1761 1764 1842 lapidem.
1811 1764 1910 1844 qui
1944 1751 2062 1824 non

2177 1755 2207 1809 ὗ
2291 1753 2368 1826 μὴ
2427 1752 2593 1830 ἁρεθῇ
2651 1751 2752 1810 ὧδε
2785 1754 2924 1817 λίθος
2969 1757 3054 1811 ἒπὶ
3084 1755 3249 1834 λίθον,
3296 1755 3352 1819 ὅς
3399 1761 3459 1814 οὗ
3500 1752 3803 1821 καταλυθή-

415 1849 780 1912 destruetur
817 1870 844 1908 ι
882 1848 1170 1928 Egressus
1197 1869 1232 1911 a
1263 1850 1511 1931 templo,
1544 1841 1997 1934 iostendit‘quod
2029 1871 2066 1914 a

2176 1861 2317 1902 εται.
2383 1864 2410 1896 ι
2475 1841 2726 1907 Ἐξελθὼν
2784 1846 2888 1900 ἀπὸ
2958 1847 3050 1900 τοῦ
3112 1848 3272 1924 ἱεροῦ,
3335 1843 3522 1910 ἔδειξεν
3580 1842 3658 1898 ὅτι
3693 1843 3802 1896 ἀπὸ

412 1936 636 2001 Iudaeis
692 1937 1050 2016 migraturus
1107 1939 1220 2000 sit:
1250 1940 1382 2001 129
1415 1948 1474 2001 et
1516 1940 1670 2002 sicut
1713 1941 1861 2004 dixit
1906 1942 2062 2022 quod

416 2025 804 2107 Relinquatur
831 2027 999 2091 vobis
1023 2028 1234 2090 domus
1264 2029 1617 2110 deserta,ita
1643 2037 1702 2091 et
1732 2031 1892 2094 facit.
1911 2032 2067 2093 Prm-

415 2115 562 2178 dicit
581 2135 818 2198 quoque
845 2118 1154 2197 discipulis
1183 2119 1649 2182 destructionem
1691 2121 1916 2202 templi.
1955 2120 2064 2184 Sa-

422 2205 659 2287 piebant
685 2207 844 2269 enim
885 2217 946 2271 et
993 2208 1082 2271 illi
1113 2218 1377 2288 terrena,
1427 2216 1484 2270 et
1527 2210 1844 2290 stupebant
1877 2212 2067 2272 aedili-

420 2296 647 2357 ciorum
670 2295 1203 2378 pulchritudinem,
1236 2306 1294 2360 et
1317 2297 1484 2379 quasi
1517 2299 1751 2362 Christo
1785 2311 2072 2362 monstra-

421 2383 566 2444 bant
596 2401 611 2443 :
647 2381 800 2446 Ecce
845 2385 1080 2466 qualem
1129 2388 1371 2449 domum
1417 2386 1705 2468 relinquis
1748 2389 2067 2452 desertam.

422 2471 585 2534 unde
629 2470 872 2535 abducit
915 2474 1068 2555 illos,
1113 2494 1189 2538 ne
1237 2475 1578 2540 adhaereant
1608 2480 1882 2552 terrenis,
1917 2489 1974 2540 et
1999 2479 2071 2541 ad

423 2579 746 2642 supernam
787 2563 1118 2627 Jerusalem
1153 2566 1522 2635 transmittit,
1555 2565 1908 2648 Neutiquam
1941 2587 2072 2630 ma-

427 2651 590 2719 nebit
617 2651 712 2713 bic
742 2651 898 2730 lapis
948 2672 1129 2735 super
1157 2654 1439 2736 lapidem,
1480 2655 1688 2716 dicens
1724 2678 1734 2716 :
1775 2658 2074 2738 hyperbo-

426 2742 609 2803 licum
642 2749 886 2822 usurpat
913 2744 1556 2824 sermonem,funditus
1589 2747 1914 2826 periturum
1943 2747 2075 2808 aedi-

429 2830 633 2892 ﬁcium
665 2828 946 2894 innuens.

508 2917 688 2982 Vsus.
712 2919 774 2982 3.
808 2944 835 2976 ι
872 2919 1132 2984 Sedente
1161 2930 1358 2986 autem
1410 2942 1480 2985 eo
1529 2923 1591 2985 in
1643 2934 1843 2987 monte
1873 2925 2075 2990 Oliva-

427 3027 585 3083 rum,
616 3018 1003 3072 accesserunt
1029 3011 1101 3072 ad
1135 3031 1271 3074 eum
1301 3012 1580 3095 discipuli
1603 3015 2078 3086 secreto,dicen-

429 3075 702 3161 tesszic
749 3097 945 3175 nobis,
990 3101 1227 3182 quando
1278 3103 1404 3164 haec
1459 3075 1758 3179 erunt,et
1781 3075 2140 3186 iquo'd'si-C

430 3205 614 3266 gnum
644 3186 931 3251 adventus
962 3191 1047 3252 tui
1098 3199 1158 3252 et
1186 3193 1716 3254 consummationis
1770 3196 2016 3258 saeculi?
2049 3220 2076 3252 ι

433 3276 676 3341 Secreto
724 3277 1038 3354 accedunt,
1088 3287 1152 3342 ut
1207 3281 1284 3344 de
1333 3283 1560 3359 magnis
1605 3282 1788 3345 rebus
1826 3285 2082 3346 interro-

433 3369 651 3448 gaturi.
688 3369 775 3430 De
803 3367 1038 3431 duobus
1086 3371 1245 3432 enim
1295 3380 1526 3450 rogant,
1582 3381 1640 3434 et
1680 3375 1919 3454 quando
1961 3375 2088 3436 haec

435 3465 633 3532 erunt,
683 3474 903 3538 nempe
963 3459 1288 3523 destructio
1354 3461 1563 3542 templi
1612 3463 2089 3544 expugnatioque

436 3545 790 3623 Jerusalem,
823 3554 883 3610 et
911 3548 1071 3629 quod
1103 3548 1338 3628 signum
1366 3549 1559 3630 ipsius
1587 3551 1900 3615 adventus.

519 3725 702 3788 Vens.
735 3727 795 3788 4.
836 3748 858 3782 ι
889 3727 966 3788 Ει
996 3727 1370 3808 respondens
1390 3729 1562 3790 Jesus
1594 3727 1869 3803 dixiteis,
1904 3727 2092 3792 Vide-

443 3821 501 3877 te
535 3831 613 3876 ne
642 3814 777 3897 quis
805 3833 908 3877 vos
937 3815 1200 3879 seducat.
1233 3815 1398 3878 Multi
1429 3816 1590 3878 enim
1628 3818 1864 3880 venient
1892 3819 1952 3880 in
1982 3838 2094 3880 no-

445 3903 608 3966 mine
659 3923 792 3966 meo
838 3905 1105 3967 dicentes
1139 3922 1152 3968 :
1185 3904 1304 3985 Ego
1335 3925 1464 3967 sum
1496 3904 1785 3981 Christus,
1841 3909 2096 3970 multos-

444 4011 562 4076 que
591 3992 905 4058 seducent.
946 4019 967 4051 ι
1005 3994 1197 4075 Multi,
1247 3995 1462 4075 inquit,
1493 3996 1731 4058 venient
1761 3997 2095 4077 praedican-

447 4089 538 4143 tes
565 4098 632 4144 se
661 4099 796 4144 esse
827 4080 1114 4146 Christos.
1163 4084 1310 4146 Nam
1348 4083 1665 4147 Dositheus
1695 4087 2100 4149 Samaritanus

449 4169 682 4234 dicebat
714 4189 780 4233 se
811 4173 1164 4252 pr0pbetam
1195 4195 1231 4236 a
1263 4178 1424 4238 Mose
1479 4176 1850 4255 praedictum,
1904 4187 1964 4238 et
1999 4176 2098 4240 Si-

449 4279 591 4362 mon
613 4261 1016 4412 iamaritanus
1050 4263 1138 4342 (α)
1164 4282 1433 4343 magnam
1466 4265 1743 4327 virtutem
1762 4265 1869 4328 Dei
1899 4285 1964 4328 se
1996 4286 2101 4328 no-

454 4368 617 4412 mina
659 4360 742 4412 at.

454 4360 742 4416 minabat.

540 4438 718 4505 VERS.
751 4441 812 4506 6.
853 4465 880 4498 ι
913 4440 1189 4506 Audituri
1220 4445 1360 4507 estis
1380 4443 1560 4522 bella,
1596 4455 1658 4509 et
1686 4464 1960 4508 rumores
1982 4447 2104 4508 bel-
2127 4432 2170 4481 ι)

455 4531 649 4594 lorum
679 4552 702 4595 :
733 4532 927 4596 videte
950 4548 1027 4595 ne
1052 4531 1415 4598 turbemiui:
1450 4541 1685 4617 oportet
1708 4538 1868 4598 enim
1910 4538 2112 4598 omnia

458 4621 613 4704 ﬁeri,
647 4621 754 4686 sed
787 4623 1052 4686 nondum
1082 4632 1173 4685 est
1202 4624 1706 4704 ﬁnis.Consurget
1737 4634 1931 4687 autem
1966 4644 2112 4704 gens

460 4721 669 4776 contra
695 4720 1030 4793 gentem,et
1055 4730 1306 4793 regnum
1339 4726 1550 4778 contra
1576 4722 1920 4791 regnum,et
1943 4722 2116 4776 erunt

456 4803 839 4887 pestilentias,
872 4811 932 4865 et
964 4803 1175 4879 fames,
1208 4811 1267 4864 et
1295 4803 1666 4867 terraamotus
1724 4803 1974 4883 singulis
2021 4805 2115 4867 lo-

458 4893 566 4958 cis.
600 4890 741 4956 Hec
771 4902 972 4955 autem
1007 4893 1211 4954 omnia
1241 4892 1414 4956 initia
1443 4903 1584 4956 sunt
1612 4895 1950 4956 dolorum.»
1976 4893 2118 4955 Bel-

459 4983 517 5046 la
544 4981 695 5045 dicit
723 4982 1130 5043 Romanorum
1161 4981 1222 5044 in
1272 4980 1726 5064 Hierosolymis.
1757 4981 1886 5044 Non
1925 4983 2118 5044 solum

460 5078 659 5134 autem
693 5067 850 5130 bella
875 5069 1020 5133 dicit
1049 5069 1267 5150 futura,
1302 5072 1405 5134 sed
1439 5081 1500 5134 et
1529 5075 1716 5135 fames
1767 5081 1826 5133 et
1870 5083 2068 5152 pestes
2103 5091 2116 5135 :

463 5156 958 5242 quandoquidem
1011 5159 1100 5221 ira
1141 5160 1249 5223 Dei
1303 5165 1358 5224 in
1389 5161 1628 5225 Judzeos
1657 5162 1772 5224 erit
1804 5161 1914 5241 (b).
1962 5161 2125 5224 Bella

465 5247 626 5312 enim
653 5246 788 5330 quis
816 5245 1036 5309 dixerit
1077 5249 1389 5313 hominum
1450 5251 1850 5320 incursiones,
1907 5250 2123 5312 famem

464 5345 663 5402 autem
679 5344 742 5400 et
761 5341 988 5417 pestem
1011 5356 1314 5420 nunquam
1341 5340 1590 5404 aliunde
1607 5339 1926 5424 provenire
1947 5359 2123 5420 quam

466 5424 933 5508 aDeo.“_Deindo
963 5445 1042 5490 ne
1074 5438 1280 5508 putent
1327 5432 1486 5512 quod
1517 5431 1862 5512 priusquam
1907 5429 2123 5510 praedi-

557 5589 644 5672 (a)
679 5589 846 5658 Edit.
873 5592 1010 5657 Lut.
1038 5591 1263 5670 omisit,
1293 5589 1750 5656 Samaritanus.

2147 1934 2253 1986 τ’ὗν
2311 1928 2574 1988 Ἰουδαίων
2634 1935 3048 2008 μεταστήσετέι.
3127 1937 3223 1994 Καὶ
3271 1937 3444 1996 καθὼς
3496 1935 3649 1989 εἶπεν
3717 1929 3802 1986 ὅτι

2151 2021 2385 2099 Ἀφίεται
2437 2023 2565 2096 ὑμῖν
2624 2027 2652 2079 6
2720 2028 2873 2085 οἶκος
2930 2026 3077 2098 ὑμῶν
3149 2023 3370 2104 ἕρημος,
3419 2023 3556 2080 οῧτω
3581 2019 3644 2088 δὴ
3713 2043 3807 2076 και

2152 2111 2325 2172 ποιεῖ,
2395 2113 2488 2168 Καὶ
2548 2111 2798 2190 προλέγει
2859 2113 2956 2179 τὴν
3016 2113 3300 2169 κατάλυσιν
3358 2120 3451 2170 τοῦ
3508 2121 3630 2170 ναοῦ
3684 2123 3806 2172 τοῖς

2154 2203 2444 2273 μαθηταῖς·
2520 2201 2703 2269 ἐπειδὴ
2746 2202 2844 2279 γὰρ
2903 2202 3098 2259 ἐκεῖνοι
3161 2205 3416 2282 πρόσγεια
3467 2207 3804 2281 φρονοῦντες,

2152 2291 2271 2366 περὶ
2325 2291 2389 2346 τὰ
2446 2289 2619 2358 κάλλη
2678 2298 2783 2347 τῶν
2855 2291 3293 2366 οἷκοδομημαίτωλ
3350 2291 3639 2368 ἐπτόηντο,
3716 2291 3810 2344 καὶ

2154 2380 2346 2434 ὡσανεὶ
2401 2377 2654 2436 ἐδείκνυον
2711 2383 2787 2456 τῷ
2833 2389 3062 2461 Χριστῷ³
3114 2381 3230 2438 "lae
3262 2383 3412 2438 ποίου
3445 2380 3598 2436 οἴκου
3629 2377 3809 2442 κάλλη

2156 2467 2317 2546 ἀφῖης
2390 2466 2583 2544 ἕρημαο
2645 2469 2839 2544 ἀπάγει
2913 2471 3097 2534 αὐτούς
3170 2480 3260 2529 τοῦ
3305 2471 3381 2542 μὴ
3435 2466 3812 2546 προσηλῶσθαι

2156 2569 2275 2617 τοῖς
2335 2555 2610 2635 ἐπιγείοις,
2681 2561 2769 2616 καὶ
2803 2559 2886 2616 ἐπὶ
2918 2561 3016 2626 τὴν
3075 2562 3184 2614 ἂνω
3241 2551 3582 2636 Ἰερουσαλὴμ
3631 2577 3813 2630 παρα-

2159 2647 2379 2720 πέμπει,
2460 2646 2530 2703 03
2597 2649 2676 2724 μὴ
2731 2651 2911 2726 μείνῃ,
2969 2649 3164 2728 λέγων,
3227 2647 3326 2704 ὦδε
3360 2647 3499 2710 λίθος
3527 2646 3614 2702 ἐπὶ
3643 2645 3810 2701 λίθον·

2157 2746 2312 2793 τοῦτο
2369 2736 2422 2792 δὲ
2489 2738 2640 2810 εἶπε,
2675 2740 2770 2806 τὴν
2803 2739 3040 2806 παντελῆ
3071 2738 3346 2795 ἀπώλειαν
3377 2743 3475 2804 τῆς
3526 2733 3819 2808 οἰκοδομῆς

2161 2827 2543 2900 αἰνιττομένους,
2606 2830 2692 2883 καὶ
2753 2826 3097 2906 ὕπερϐολικὸν
3153 2826 3432 2904 τὸνλόγον
3465 2826 3811 2899 ποιούμενος.

2250 2940 2270 2968 ιι
2340 2917 2651 2992 Καθημένου
2709 2916 2761 2972 δὲ
2824 2922 2978 2976 αιῦτοῦ
3003 2918 3086 2974 ἐπὶ
3117 2918 3208 2974 τοῦ
3239 2917 3388 2994 ὅρους
3420 2922 3524 2971 τῶν
3559 2913 3814 2985 Ἐλαιῶν,

2164 3004 2456 3083 προσῆλθον
2511 3011 2651 3074 αὐτῴ
2702 3010 2746 3064 οἱ
2782 3012 3011 3081 μαθηταί
3061 3009 3217 3065 αυτοῦ
3259 3007 3377 3063 κατ’
3425 3003 3577 3084 ἰδίαν,
3622 3003 3821 3081 λέγον-

2164 3113 2275 3156 τες·
2338 3095 2461 3152 Εἰπέ
2520 3098 2678 3176 ἡμῖν,
2737 3098 2863 3153 πότε
2896 3105 3058 3154 ταῦτα
3091 3096 3256 3170 ἔσται,
3291 3097 3376 3152 καὶ
3405 3096 3454 3150 τί
3496 3097 3556 3149 τὸ
3587 3105 3825 3168 σημεῖον

2166 3190 2262 3251 τῆς
2329 3207 2360 3240 σ
2405 3207 2428 3247 ς
2460 3189 2767 3266 παρουσίας,
2801 3190 2887 3242 καὶ
2921 3189 3017 3252 τῆς
3051 3186 3348 3250 συντελείας
3379 3191 3469 3241 τοῦ
3503 3185 3691 3247 αἰῶνος
3733 3204 3749 3254 ς
3794 3205 3818 3236 n

2169 3271 2291 3346 ἰδίᾳ
2349 3276 2757 3354 προσέρχονται,
2818 3280 2891 3340 ὡς
2934 3278 3048 3353 περὶ
3081 3275 3331 3354 μεγάλων
3375 3273 3662 3349 μέλλοντες
3693 3272 3826 3348 ἔθαν’

2169 3369 2350 3429 τῆσαι,
2429 3370 2549 3442 Περὶ
2605 3363 2691 3420 δύο
2776 3367 2874 3443 γὰρ
2965 3365 3199 3438 ἐρωτῶσι
3274 3365 3622 3444 πραγμάτων·
3692 3364 3830 3418 Πότε

2169 3461 2328 3509 ταὺτα
2401 3452 2570 3525 ἔσται,
2630 3455 2895 3512 τουτέστιν
2967 3458 3000 3524 ἡ
3046 3457 3328 3519 κατάλυσις
3373 3463 3466 3510 10-3
3514 3461 3640 3510 ναοῦ
3669 3454 3760 3508 καὶ
3791 3453 3825 3518 ἡ

2179 3541 2371 3607 ἅλωσις
2421 3549 2518 3609 τῆς
2563 3536 2926 3623 Ἰερουσαλὴμ,
2963 3548 3050 3600 καὶ
3083 3543 3234 3616 ἄλλο,
3270 3546 3328 3602 Τί
3371 3547 3432 3600 τὸ
3461 3556 3693 3618 σημεῖον
3728 3546 3827 3606 τῆς

2179 3632 2274 3699 σῆς
2321 3636 2604 3711 παρουσίας
2642 3655 2656 3706 ς

2265 3745 2290 3775 α
2357 3725 2453 3779 Καὶ
2513 3723 2807 3799 ἀποκριθεὶς
2858 3726 2885 3778 6
2931 3723 3133 3790 Ἰησους
3168 3723 3323 3779 εἶπεν
3357 3723 3559 3785 αὐτοῖς·
3599 3719 3832 3776 Βλέπετε

2180 3812 2256 3885 μὴ
2304 3833 2382 3875 τις
2453 3813 2588 3885 ὑμᾶς
2621 3811 2894 3888 πλανήσῃ,
2931 3810 3121 3868 Πολλοὶ
3153 3813 3250 3890 γὰρ
3280 3811 3580 3867 ἐλεύσονται
3625 3808 3709 3864 ἐπὶ
3755 3814 3833 3880 τῷ

2180 3902 2398 3975 ὁνοματί
2449 3923 2573 3980 μου,
2633 3901 2896 3977 λέγοντες·
2964 3901 3106 3978 Ἐγώ
3154 3903 3260 3974 εἰμι
3331 3903 3358 3956 ὁ
3434 3899 3678 3978 Χριστός·
3742 3898 3830 3950 καὶ

2182 3990 2409 4054 πολλούς
2466 3990 2848 4060 πλανήσουσιν.
2916 4015 2939 4049 ι
2981 3988 3198 4070 Πολλοὶ,
3231 3991 3413 4070 φησὶν,
3449 3989 3652 4055 ἢξουσιν
3696 3984 3827 4039 ἁνα-

2181 4083 2527 4159 κηρύττοντες
2586 4083 2799 4146 ἑαυτούς
2859 4083 3137 4161 Χριστούς·
3196 4082 3285 4136 καὶ
3338 4082 3437 4158 γὰρ
3494 4078 3728 4138 Δοσίθεος
3802 4076 3835 4128 ὁ

2185 4173 2519 4249 Σαμαρείτης
2579 4169 2756 4249 ἔλεγεν
2812 4171 2916 4246 ὅτι,
2949 4171 3092 4250 Ἐγώ
3138 4172 3243 4244 εἰμι
3276 4173 3302 4226 6
3345 4172 3447 4226 ὑπὸ
3477 4175 3570 4225 τοῦ
3601 4164 3836 4226 Μωσέως

2185 4261 2582 4339 προαγορευθεὶς
2640 4263 2947 4341 προφήτης*
3010 4263 3097 4317 καὶ
3155 4262 3336 4335 Σίμων
3400 4259 3454 4314 δὲ
3487 4262 3515 4314 ὁ
3565 4256 3842 4335 Σαμαρεί-

2184 4371 2281 4416 της
2312 4349 2554 4428 μεγάλην
2609 4358 2701 4407 τοῦ
2756 4354 2886 4407 Θεοῦ
2911 4349 3126 4421 δύναμιν
3179 4351 3362 4406 ἑαυτὸν
3395 4350 3688 4422 ὠνόμαζεν,

2276 4464 2302 4494 ι
2375 4440 2679 4510 Μελλήσετε
2711 4439 2765 4495 δέ
2796 4441 3003 4497 ἀκούειν
3047 4439 3308 4515 πολέμους
3355 4443 3442 4494 καὶ
3475 4438 3640 4498 ἀκοὰς
3670 4433 3846 4491 πολέ-

2194 4547 2330 4606 μων⁶
2405 4534 2557 4610 ὁρᾶτε
2589 4531 2667 4598 μὴ
2693 4533 2952 4608 θροεῖσθε,
2975 4523 3069 4586 ’δεῖ
3112 4532 3210 4608 γὰρ
3250 4533 3308 4584 τα
3352 4530 3523 4583 πάντα
3575 4525 3847 4604 γενέσθαι,

2196 4619 2317 4676 ἀλλ’
2385 4622 2533 4676 οὔπω
2596 4621 2703 4676 ἐστὶ
2772 4622 2833 4676 τὸ
2864 4619 3040 4682 τέλος·
3076 4621 3414 4698 ἐγερθήσεται
3459 4618 3558 4695 γὰρ
3583 4616 3727 4678 ἔθνος
3760 4613 3855 4668 ἐπὶ

2199 4706 2365 4781 ἔθνος,
2410 4711 2497 4765 καὶ
2553 4707 2792 4784 βασιλεία
2853 4710 2939 4765 ἒπὶ
2991 4708 3285 4785 βασιλείαν,
3321 4708 3408 4762 καὶ
3458 4705 3666 4761 ἔσονται
3700 4701 3854 4776 λιμοὶ

2200 4800 2286 4855 καὶ
2346 4797 2544 4874 λοιμοὶ,
2578 4799 2666 4854 καὶ
2737 4801 2942 4872 σεισμοὶ
2973 4800 3105 4854 κατὰ
3135 4797 3350 4859 τόπους’
3387 4797 3559 4851 πάντα
3589 4794 3642 4849 δὲ
3686 4799 3858 4848 ταῦτα

2201 4890 2347 4968 ἀρχὴ
2426 4887 2642 4948 ὠδίνων,
2751 4912 2773 4944 ι)
2863 4887 3134 4963 Πολέμους
3181 4889 3300 4950 τούς
3351 4894 3402 4941 ἐν
3468 4877 3861 4962 Ἱεροσολύμοις

2203 4979 2347 5058 λέγει
2412 4986 2515 5035 τῶν
2582 4971 2878 5053 Ῥωμαίων,
2940 4978 3012 5036 0'3
3059 4978 3222 5052 μόνον
3283 4974 3337 5031 δὲ
3398 4973 3661 5048 πολέμους
3707 4971 3864 5050 λέγει

2206 5071 2546 5149 γενήσεσθαι,
2607 5069 2744 5125 ἀλλὰ
2792 5071 2878 5124 καὶ
2949 5067 3134 5142 λιμούς
3164 5069 3252 5123 καὶ
3306 5065 3546 5138 λοιμοὺς,
3581 5061 3866 5128 δεικνύων,

2207 5159 2286 5216 ὅτι
2355 5158 2612 5229 θεήλατος
2672 5158 2816 5214 ἔσται
2862 5159 2998 5214 κατὰ
3028 5158 3133 5213 τῶν
3165 5153 3430 5214 Ἰουδαίων
3465 5155 3499 5220 ἡ
3531 5153 3692 5231 ὀργή,
3726 5151 3867 5214 Τούς

2209 5250 2305 5318 μὲν
2372 5252 2472 5328 γὰρ
2535 5248 2799 5325 πολέμους
2872 5247 2992 5328 ἔχοι
3039 5245 3100 5304 ἄν
3142 5267 3222 5311 τις
3256 5247 3431 5301 εἰπεῖν
3485 5243 3591 5298 ἀπὸ
3624 5246 3722 5307 τῆς
3755 5247 3870 5295 τῶν

2209 5327 2494 5417 ἀνθρώπων
2566 5339 2813 5418 ἐπηρείας
2887 5347 3220 5412 γινομὲνΟυς⁹
3279 5334 3465 5410 λιμούς
3510 5330 3564 5387 δὶ
3621 5332 3708 5386 καὶ
3750 5327 3872 5385 λοι-

2210 5432 2367 5505 μοὺς,
2401 5427 2686 5504 οὐδαμόθεν
2747 5427 2966 5484 ἂλλοθεν
3021 5427 3050 5494 ἢ
3105 5427 3210 5485 ἀπὸ
3241 5432 3374 5482 Θεοῦ
3415 5423 3652 5483 πάντως.
3733 5420 3873 5476 Εἴτε

2289 5588 2376 5669 (b)
2404 5587 2559 5652 Edit.
2595 5586 2724 5651 Lut.
2752 5586 2977 5664 omisit,
3012 5587 3079 5650 in
3114 5583 3358 5648 ludam:
3396 5583 3538 5647 erit.
