4170 6420
516 268 635 332 4'23

1114 397 1355 459 CAPUT
1403 396 1574 457 XXV.

524 489 604 550 De
633 491 839 552 decem
874 486 1548 566 virginibus.Parabola
1579 504 1782 547 eorum
1807 489 1913 564 qui
1936 489 2175 548 talenta

793 576 1172 648 acceperunt.
1210 569 1298 628 De
1327 569 1593 628 adventu
1626 567 1886 628 Christi.

609 675 791 733 \"ERS.
831 671 955 732 1-5.
997 693 1019 724 «ι
1049 669 1215 730 Tunc
1246 668 1668 730 assimilabitur
1697 686 1946 746 regnum
1981 669 2171 729 (ταξιο-

520 781 651 823 rum
681 761 882 821 decem
918 759 1261 838 virginibus,
1315 777 1445 838 quae
1493 757 1742 836 sumptis
1797 757 2169 834 lampadibus

522 853 658 912 156
686 851 807 912 suis
834 851 1106 910 exierunt
1157 849 1216 910 in
1273 867 1584 909 occursum
1620 865 1855 926 sponso.
1897 843 2168 924 Quinque

515 950 711 1002 autem
747 959 812 1001 ex
850 939 966 1000 illis
993 949 1160 1000 erant
1191 938 1536 1018 prudentes,
1566 946 1622 997 et
1652 936 1917 1016 quinque
1969 936 2160 996 fatuae.

515 1030 656 1104 Quae
686 1038 858 1091 erant
901 1029 1096 1102 fatuae,
1131 1028 1393 1108 acceptis
1451 1026 1820 1106 lampadibus
1862 1029 2004 1098 suis,
2044 1045 2161 1086 non

514 1117 1092 1198 acceperantoleum
1124 1136 1361 1180 secum:
1401 1117 1726 1196 prudentes
1771 1134 1906 1174 vero
1951 1133 2159 1192 sump-

515 1208 940 1268 serantoleum
976 1210 1034 1268 in
1069 1207 1222 1268 vasis
1247 1208 1390 1276 suis,
1428 1226 1543 1267 una
1596 1225 1728 1265 cum
1765 1205 2157 1284 lampadibus.

517 1295 817 1358 Tardante
875 1315 1015 1355 vero
1068 1315 1285 1375 sponso
1337 1296 1807 1356 dormilaverunt
1849 1312 2058 1353 omnes
2096 1311 2164 1353 ax

1470 265 2060 330 THEOPHYLACTI
2109 263 2548 327 BULGAhle
2597 265 2951 330 AHCHIEP.
2988 281 2994 286 '

3808 265 3936 328 424·

2878 391 3293 464 ΚΕΦΑΛ,ΚΕΖ

2260 493 2381 570 Περὶ
2450 495 2554 547 τῶν
2609 492 2734 548 δέκα
2803 493 3095 571 παρθένων.
3182 496 3306 573 Περὶ
3361 500 3468 550 τῶν
3538 493 3603 548 τὰ
3689 488 3921 547 τάλαντα

2417 569 2712 634 λαϐόντων,
2762 569 2891 652 Περὶ
2928 574 3022 641 τῆς
3069 569 3323 638 ἐλεύσεως
3367 580 3459 631 τοῦ
3503 580 3753 652 Χριστοῦ.

2343 687 2366 720 α
2418 666 2548 722 Τότε
2579 669 2967 742 ὁμοιωθήσεται
3019 669 3055 735 ἡ
3115 667 3354 745 βασιλεία
3385 675 3492 724 τῶν
3535 671 3767 746 οὐρανῶν
3798 665 3923 722 δέκα

2251 755 2552 836 παρθένοις,
2613 757 2810 822 α’ἷτινες
2897 753 3149 814 λαϐοῦσαι
3219 758 3311 820 τὰς
3377 755 3660 833 λαμπάδας
3718 758 3916 830 αὖτῶν,

2251 844 2465 912 ἐξῆλθον
2525 848 2597 911 εἰς
2648 846 2950 913 ἀπάντησιν
3011 847 3104 904 τοῦ
3161 849 3403 927 νυμφίου,
3464 847 3624 904 Πέντε
3678 843 3733 901 δὲ
3785 846 3921 914 ἦσαν

2251 933 2301 999 ἐξ
2373 939 2543 994 αὐτῶν
2616 938 2884 1016 φρόνιμοι,
2944 938 3033 993 καὶ
3091 939 3141 993 αὶ
3201 937 3357 993 πέντε
3433 938 3607 1015 μωραί
3641 952 3655 968 '
3719 935 3923 998 αἵτινες

2249 1026 2443 1104 μωραὶ,
2505 1023 2756 1082 λαϐοῦσαι
2808 1026 2902 1089 τὰς
2973 1023 3254 1101 λαμπάδας
3314 1026 3510 1101 αὗτῶν,
3572 1025 3668 1082 οὒκ
3729 1022 3922 1085 ἔλαϐον

2246 1114 2363 1190 μεθ’
2407 1115 2602 1170 ἑαυτῶν
2649 1114 2825 1172 ἔλαιον
2857 1133 2871 1146 ·
2922 1118 2972 1172 αἱ
3015 1114 3070 1172 δὲ
3113 1115 3356 1196 φρόνιμοι
3401 1113 3590 1172 ἔλαϐον
3635 1114 3812 1172 ἔλαιον
3855 1114 3914 1170 ἐν

2246 1217 2362 1266 τοῖς
2433 1203 2666 1281 ἀγγείοις
2738 1205 2910 1260 αὐτῶν
2964 1207 3098 1278 μετὰ
3178 1227 3284 1261 των
3355 1203 3649 1280 Λαμπαδων
3704 1203 3925 1266 minim.“

2248 1293 2588 1372 Χρονίζοντος
2673 1292 2728 1349 δὲ
2808 1304 2900 1352 τοῦ
2956 1296 3198 1374 νυμῳίου,
3255 1294 3539 1359 ἐνύσταξαν
3598 1300 3765 1350 πᾶσαι
3824 1315 3894 1349 κα

2613 757 2810 822 α’ἷτινες

517 1386 982 1446 dormierunt.»
1033 1386 1156 1446 Sub
1219 1405 1470 1466 persona
1532 1384 1826 1460 virginum
1887 1381 2162 1461 proponit

2260 1382 2540 1443 ἐκάθευδον.
2609 1408 2636 1438 ι
2701 1379 2823 1440 Ἐπὶ
2865 1394 2956 1442 τοῦ
3011 1385 3297 1462 προσώπου
3327 1385 3435 1440 τῶν
3465 1383 3736 1463 παρθένων
3768 1406 3916 1463 σχηο

517 1476 796 1555 parabola
841 1476 914 1535 de
973 1476 1387 1555 eleemosyna:
1428 1484 1487 1535 ut
1543 1477 1821 1552 quoniam
1887 1489 2161 1549 magnum

2260 1473 2459 1546 αατίζει
2506 1472 2604 1539 τὴν
2635 1475 2750 1549 περὶ
2795 1471 3158 1550 ἐλεημοσύνης
3191 1471 3526 1553 παραϐολὴν,
3580 1473 3672 1529 ἵνα
3723 1472 3918 1539 ἐπειδὴ

518 1584 667 1643 opus
712 1569 803 1625 est
859 1564 1186 1642 virginitas,
1225 1564 1455 1643 nequis
1487 1564 1628 1623 illud
1689 1580 1872 1621 unum
1926 1578 2165 1633 curans,

2260 1561 2392 1639 μέγα
2435 1560 2656 1640 πρᾶγμά
2714 1561 2847 1636 ἐστι,
2911 1566 2988 1638 μὴ
3059 1571 3212 1620 τοῦτο
3269 1564 3434 1638 μόνον
3506 1565 3773 1642 κατορθῶν
3814 1585 3920 1634 τις,

517 1653 626 1714 alia
663 1653 948 1730 negligat,
984 1654 1085 1714 sed
1116 1653 1302 1714 discat
1331 1654 1486 1732 quod
1520 1651 1746 1729 absque
1797 1651 2170 1730 eleemnsyna

2260 1649 2430 1727 ἀμελῇ
2461 1657 2566 1706 τῶν
2594 1647 2769 1706 ἄλλων
2805 1671 2816 1684 ·
2872 1651 3010 1708 ἀλλὰ
3061 1653 3290 1727 μάνθανε
3323 1654 3396 1717 ὡς
3426 1651 3522 1719 τῆς
3555 1650 3923 1726 ἑλεημοσύνης

523 1744 693 1804 etiam
729 1743 982 1821 virgines
1014 1762 1142 1803 cum
1176 1744 1387 1803 scortis
1446 1741 1780 1820 ejicientur.
1822 1741 2028 1801 Merito
2063 1760 2170 1798 au-

2260 1741 2452 1818 χωρὶς,
2486 1738 2584 1795 κᾶν
2617 1742 2896 1817 παρθενίαν
2953 1740 3116 1820 ἔχῃς,
3181 1743 3316 1815 μετὰ
3347 1745 3555 1820 πορνῶν
3585 1737 3922 1817 ἐκϐληθάσῃ,

523 1844 636 1893 tem
672 1833 772 1912 qui
803 1834 1212 1912 compassione
1254 1842 1411 1894 caret
1443 1843 1501 1892 et
1533 1830 1958 1895 misericordia,
1996 1828 2168 1908 ejici-

2260 1831 2380 1885 εκ¹
2473 1851 2489 1861 -
2553 1827 2598 1858 "1
2757 1830 2769 1846 ’
3003 1837 3016 1860 .·
3114 1853 3126 1862 .
3185 1830 3251 1852 κ’
3390 1855 3398 1860 .
3581 1827 3719 1862 ’.ρ’-

2303 1850 2488 1891 ικοτω,
2547 1849 2602 1884 οι
2661 1832 2688 1885 6
2748 1835 3065 1904 ασυμπαθης
3117 1852 3201 1887 και
3231 1829 3546 1903 ανελειξμων
3577 1828 3920 1904 ειιοαΛλεται,

523 1931 641 2000 tur,
678 1922 859 1984 etiam
888 1924 934 1982 si
971 1922 1129 2000 virgo
1161 1922 1260 1985 sit.
1293 1922 1569 1984 Scortum
1597 1920 1755 1980 enim
1789 1920 1860 1979 ab
1900 1918 2134 1980 affectio

2260 1917 2351 1972 κᾶν
2408 1917 2663 1995 παρθένος
2720 1919 2812 1986 εἴη
2847 1936 2860 1950 ⁸
2913 1921 2941 1974 6
2998 1919 3094 1995 μὲν
3147 1920 3246 1997 γὰρ
3304 1919 3498 1996 πόρνος
3567 1919 3760 1983 πάθους
3816 1921 3924 1985 ἡτ-

521 2030 594 2071 ne
628 2011 925 2089 tyrannica
951 2022 1314 2089 eXpugnatur
1341 2022 1397 2072 et
1432 2010 1702 2081 naturali,
1741 2007 2170 2068 immisericnrs

2260 2008 2391 2075 τήθη
2449 2015 2755 2084 τυραννικοῦ
2810 2030 2867 2064 τε
2923 2010 3016 2064 καὶ
3067 2015 3287 2088 φυσικοῦ
3321 2027 3337 2043 ⁶
3407 2011 3435 2064 6
3475 2007 3549 2064 ,δὲ
3607 2007 3924 2082 ἁνελεήμων

524 2110 722 2161 autem
756 2120 790 2161 a
819 2100 1065 2162 divitiis.
1099 2099 1327 2172 Quanto
1358 2101 1530 2177 igitur
1562 2099 1854 2159 infirmius
1885 2097 1980 2158 cui
2006 2097 2171 2156 oblu-

521 2190 824 2262 claudum,
863 2195 1022 2251 tanto
1050 2189 1263 2250 minori
1288 2191 1455 2250 venia
1486 2189 1699 2266 dignus
1731 2197 1821 2248 est
1853 2187 1946 2266 qui
1979 2205 2170 2266 expu-

522 2291 734 2356 gnatur
765 2278 839 2338 ab
863 2277 1116 2338 avaritiaa
1151 2279 1377 2342 morbo.
1413 2278 1481 2338 Et
1514 2278 1724 2338 stultus
1777 2277 2016 2356 quidem
2057 2285 2166 2349 est,

521 2367 624 2448 qui
656 2368 834 2428 vincit
860 2369 1126 2428 naturale
1155 2367 1524 2446 incendium,
1564 2377 1620 2428 et
1650 2367 1901 2426 vincitur
1931 2386 1963 2426 a
1996 2382 2173 2445 parva

521 2458 910 2537 pecuniarum
947 2455 1268 2536 cupiditate.
1298 2476 1364 2518 ac
1399 2457 1630 2520 morbo.
1689 2456 2037 2518 ltormitatio
2085 2464 2173 2515 est

526 2565 710 2608 mors.
745 2545 898 2606 Mors
928 2560 1122 2606 autem
1147 2547 1352 2624 sponsi
1385 2546 1623 2620 dicitur,
1663 2545 1798 2626 quia
1826 2565 1939 2605 non
1974 2545 2170 2605 statim

521 2635 820 2697 secundus
849 2635 1130 2697 adventus
1165 2637 1246 2698 ﬁt.

603 2737 782 2800 Vens.
814 2739 992 2798 6-15.
1029 2739 1246 2799 «Porro
1279 2738 1474 2798 medio
1508 2738 1698 2798 noctis
1730 2737 1954 2797 clamor
1985 2736 2172 2797 factus

2256 2096 2580 2175 χρημάτων,
2645 2090 2812 2172 ’Ὅσῳ
2856 2101 2946 2154 οὖν
3004 2100 3031 2154 6
3090 2099 3494 2176 ἀνταγωνιστὴς
3552 2098 3926 2175 ἀσθενέστερος

2254 2187 2490 2259 τοσούτῳ
2539 2186 2933 2267 ἀσυγχώρητος
2979 2189 3006 2243 6
3051 2190 3294 2254 νικηθεὶς
3345 2189 3448 2244 ὑπὸ
3497 2195 3589 2244 τοῦ
3619 2193 3717 2254 τῆς
3762 2187 3925 2267 φιλο-

2255 2279 2566 2353 χρηματίας
2613 2280 2809 2342 πάθους
2843 2294 2857 2306 ·
2893 2279 2982 2333 καὶ
3028 2280 3206 2357 μωρὸς
3238 2275 3293 2333 δὲ
3324 2281 3351 2333 ὁ
3400 2285 3636 2341 τοιοῦτος
3681 2275 3750 2331 δι’
3797 2277 3929 2333 αὐτὸ

2254 2365 2435 2440 τοῦτο,
2497 2369 2558 2422 τὸ
2615 2373 2837 2434 νικῆσαι
2884 2368 2983 2443 μὲν
3041 2389 3270 2446 φυσικην
3314 2368 3571 2443 πύρωσιν,
3629 2369 3928 2435 ἡττηθῆναι

2255 2452 2310 2510 δέ
2360 2463 2451 2512 τοῦ
2511 2459 2700 2534 μικροῦ
2758 2460 2952 2519 πάθους
3010 2458 3116 2513 τῶν
3199 2458 3502 2537 χρημάτων
3538 2472 3552 2486 ·
3616 2458 3928 2533 νυσταγμὸς

2255 2541 2334 2618 δὲ,
2392 2547 2419 2601 6
2473 2548 2722 2610 θάνατος,
2806 2549 3106 2624 Χρονισμὸς
3164 2543 3218 2602 δὲ
3291 2555 3381 2602 τοῦ
3442 2547 3686 2627 νυμφίου,
3729 2547 3790 2604 16
3847 2547 3932 2621 μὴ

2256 2635 2532 2709 συντόμως
2565 2637 2794 2712 γίνεσθαι
2821 2640 2920 2704 τὴν
2949 2635 3193 2715 δευτέραν
3223 2637 3534 2716 παρουσίαν.

2345 2749 2372 2779 α
2406 2727 2586 2792 Μέσης
2617 2723 2672 2781 δέ
2703 2729 2888 2789 νυκτὸς
2937 2727 3144 2806 κρσιυγ·ὶ⁸
3185 2727 3424 2804 γέγονεν’
3487 2723 3618 2784 Ἰδοὺ
3649 2728 3677 2782 6
3701 2726 3930 2804 νυμφίος

525 2837 613 2900 cst
649 2847 662 2886 :
701 2829 856 2889 Ecce
887 2845 1140 2906 sponsus
1168 2827 1347 2895 venit,
1403 2828 1556 2889 exite
1605 2827 1838 2888 obviam
1892 2827 1966 2886 ei.
2009 2825 2170 2885 Tunc

2261 2813 2806 2895 ἔρχεται,ἐξέρχετθε
2860 2817 2932 2879 εἰς
2978 2816 3276 2882 ἀπάντησιν
3330 2818 3512 2875 αὐτοῦ.
3569 2816 3700 2873 Τότε
3755 2815 3932 2892 ἠγέρ-

525 2904 1150 2979 surrexerunt—omnes
1187 2918 1441 2993 virgines
1485 2918 1624 2997 ilice,
1661 2927 1716 2977 et
1739 2924 2170 2996 apparaverunt

2260 2907 2426 2970 θησαν
2482 2911 2648 2960 πᾶσαι
2706 2907 2756 2960 αἱ
2799 2905 3045 2983 παρθένοι
3077 2904 3304 2979 ἐκεῖναι,
3340 2907 3428 2962 καὶ
3461 2904 3772 2980 ἐκόσμησαν
3829 2905 3932 2969 τὰς

527 3007 828 3087 lampades
846 3005 1213 3067 suas.Fatuze
1245 2991 1441 3068 autem
1471 2991 1860 3086 prudentibus
1875 3005 2170 3066 dixerunt:

2262 2991 2542 3068 λαμπάδας
2598 2998 2792 3068 αὐτῶν,
2857 2997 2908 3050 αἱ
2968 2992 3022 3049 δὲ
3059 2996 3234 3074 μωραὶ
3276 3008 3399 3058 ταῖς
3431 2997 3705 3075 φρονίμοις
3737 2995 3932 3050 εἶπον·

525 3077 668 3159 Date
697 3095 868 3156 nobis
900 3096 972 3155 de
1002 3099 1134 3156 oleo
1164 3105 1383 3170 vestro,
1417 3077 1555 3173 quia
1601 3096 1904 3174 lampades
1959 3102 2170 3154 nostrze

2265 3085 2394 3139 Δότε
2424 3084 2561 3158 ἡμῖν
2591 3083 2652 3139 ἐκ
2682 3091 2773 3140 τοῦ
2802 3081 2980 3140 ἐλαίου
3009 3084 3180 3164 ὑμῶν,
3214 3082 3294 3140 ὅτι
3325 3089 3378 3141 αἱ
3439 3082 3711 3160 λαμπάδες
3767 3085 3935 3158 ἡμῶν

529 3187 1000 3263 esxtinguuntur.
1043 3185 1112 3246 Et
1149 3171 1591 3265 responderunt
1616 3171 1941 3268 prudentes
1963 3183 2170 3244 dicen-

2262 3171 2585 3233 σϐέννυνται.
2657 3171 3045 3252 Ἀπεκρίθησαν
3103 3172 3158 3230 δὲ
3209 3175 3260 3230 αἱ
3317 3175 3586 3254 φρόνιμοι,
3650 3173 3933 3253 λέγουσαν

527 3279 1139 3355 tes:Nequaquam,ne
1161 3295 1279 3337 non
1307 3277 1558 3339 sufﬁciat
1589 3276 1759 3338 nobis
1782 3285 1840 3338 et
1861 3272 2172 3335 vobis.Sed

522 3367 604 3429 ite
635 3367 829 3446 potius
861 3366 930 3426 ad
964 3383 1065 3426 eos
1088 3368 1186 3446 qui
1211 3369 1495 3447 vendunt,
1525 3377 1582 3429 et
1613 3368 1792 3429 emite
1827 3363 2167 3444 vobisipsis.

522 3460 709 3520 Porro
732 3456 871 3517 dum
911 3453 1066 3516 irent
1105 3467 1392 3535 emptum,
1427 3459 1590 3518 venit
1637 3475 1914 3537 Sponsus,
1949 3464 2006 3514 et
2045 3472 2177 3534 qua:

525 3556 739 3629 parataa
770 3553 958 3618 erant,
993 3545 1358 3607 intraverunt
1391 3567 1523 3607 cum
1551 3566 1620 3606 eo
1645 3548 1713 3607 ad
1738 3546 1974 3626 nuptias
2007 3544 2175 3604 clau-

525 3655 706 3716 saque
737 3643 820 3696 est
848 3637 1062 3714 janua.
1114 3633 1324 3698 Postea
1354 3655 1490 3697 vero
1523 3637 1764 3697 veniunt
1816 3645 1874 3696 et
1932 3633 2177 3712 reliquas

527 3728 809 3804 virgines,
841 3725 1110 3786 dicentes
1147 3744 1158 3785 :
1197 3725 1467 3794 Domine,
1505 3722 1954 3802 Domine,aperi
1981 3722 2174 3782 nobis.

529 3819 603 3882 At
626 3817 724 3877 ille
750 3815 1120 3894 respondens
1142 3813 1244 3892 ait,
1265 3815 1456 3877 Amen
1486 3815 1621 3876 dico
1655 3814 1840 3886 vobis,
1874 3831 1990 3872 non
2041 3809 2177 3870 novi

531 3927 654 3970 vos.
684 3905 931 3984 Vigilate
962 3905 1182 3982 itaque,
1217 3905 1351 3983 quia
1376 3905 1612 3966 nescitis
1643 3903 1799 3964 diem
1837 3919 2028 3980 neque
2061 3901 2173 3960 bo-

525 4017 650 4059 ram
679 4014 796 4076 qua
827 3992 1012 4054 Filius
1045 3994 1304 4056 hominis
1333 3994 1592 4056 Veniet.»
1612 3991 1809 4054 Media
1839 4001 2008 4052 nocte
2032 3989 2174 4050 dicit

521 4085 843 4146 clamorem
881 4082 1098 4153 lieri,ut
1128 4085 1402 4144 ostendat
1433 4083 1587 4163 quod
1621 4083 1707 4142 sic
1739 4081 2172 4160 inexspectatus

517 4173 716 4234 veniat
748 4171 1227 4250 Dominus,quasi
1257 4174 1455 4234 media
1489 4183 1658 4234 nocte
1688 4190 1894 4233 omnes
1912 4169 2172 4231 dormia-

525 4282 655 4325 mus
692 4261 984 4343 profundo
1016 4280 1221 4322 somno
1255 4268 1327 4325 At
1357 4283 1488 4323 cum
1522 4262 1780 4325 clamore
1809 4261 1988 4333 venit,
2031 4259 2172 4321 tuba

522 4336 950 4416 enim-sonabit
982 4351 1039 4412 in
1080 4353 1342 4415 secundo
1376 4352 1654 4416 adventu.
1705 4351 2034 4431 Lampades
2063 4369 2167 4410 au-

2260 4337 2420 4411 invtp.
2482 4336 2650 4395 Ἀλλὰ
2701 4339 2838 4414 μετὰ
2909 4344 3144 4420 κραυγῆς
3216 4339 3430 4422 ἔρχεται
3466 4357 3480 4371 ⁸

519 4453 636 4506 tem
672 4443 880 4503 anima:
914 4450 1214 4521 nostrae,et
1242 4443 1709 4522 uniuscujusque
1745 4460 1913 4500 mens
1946 4440 2174 4518 lampas

525 4542 775 4614 cst,quaa
806 4542 942 4592 tunc
967 4532 1579 4613 accenditur,nuando
1603 4531 1983 4593 babetoleum
2002 4530 2175 4590 virtu-

519 4632 718 4685 tumet
743 4620 1240 4683 misericordiam.
1277 4621 1474 4682 Fatuae
1517 4629 1712 4683 autem
1751 4619 2010 4698 virgines
2039 4618 2173 4679 ideo

517 4713 676 4795 quod
710 4722 847 4773 tunc
875 4711 1183 4792 requirant
1205 4711 1570 4782 oleum,cum
1595 4730 1713 4770 non
1731 4711 1806 4770 sit
1826 4707 2172 4785 negotiandi

520 4804 966 4883 tempus.Porro
990 4801 1310 4879 prudentes
1336 4801 1560 4880 dicunt,
1593 4798 1678 4860 Ne
1703 4799 1850 4859 forte.
1876 4816 1993 4858 non
2016 4796 2174 4856 suffi-

517 4892 633 4955 ciat
659 4891 830 4953 nobis
861 4899 920 4950 et
949 4889 1135 4951 vobis.
1173 4888 1375 4950 Virtus
1407 4890 1564 4950 enim
1619 4886 1870 4968 proximi
1917 4887 2032 4946 mei
2082 4884 2173 4944 vix

518 4979 952 5044 sufficit-tilliad
975 4980 1645 5051 defensionem,tantum
1662 4978 1830 5038 abest
1851 4990 1914 5036 ut
1931 4984 1988 5036 et
2004 4973 2172 5036 mibi.

520 5073 603 5134 Ex
637 5070 759 5131 suis
781 5069 939 5132 enim
973 5069 1192 5149 quique
1223 5069 1504 5152 operibus
1529 5067 2173 5148 justificabuntur,non

519 5160 948 5242 proximorum.
976 5159 1088 5220 Sed
1123 5160 1294 5220 fatua}
1323 5161 1393 5220 ad
1427 5159 1755 5219 vendentes
1785 5155 2030 5226 abeunt,
2063 5154 2176 5215 hoc

519 5264 632 5325 est,
657 5250 728 5310 ad
759 5250 1364 5329 pauperes.Ceeterum
1392 5248 1548 5329 quod
1581 5248 1714 5308 dico
1740 5247 1899 5308 hunc
1931 5263 2169 5306 sensum

519 5340 731 5401 habet:
759 5335 1446 5399 Pcenitmlineducuntur
1485 5337 1679 5418 fatuae,
1707 5354 1776 5396 eo
1809 5334 1965 5416 quod
2001 5333 2168 5394 elee-

521 5446 827 5506 mosynam
880 5444 996 5486 non
1046 5427 1340 5487 fecerint:
1376 5435 1431 5486 et
1475 5445 1632 5487 nunc
1680 5425 1938 5506 primum
1973 5422 2171 5485 sciunt

522 5517 678 5600 quod
696 5514 1100 5599 apauperibus
1132 5525 1402 5596 oporteat
1424 5534 1532 5577 nos
1564 5514 1761 5576 oleum
1794 5511 2167 5574 emisse.Hoc

2258 3265 2480 3333 Μήποτε
2526 3263 2620 3320 οὐκ
2676 3263 2875 3342 ἀρκέσῃ
2931 3265 3062 3340 ὑμῖν
3136 3265 3226 3319 καὶ
3298 3265 3457 3339 ἡμῖν.
3520 3265 3806 3342 Πορεύεσθε
3869 3260 3930 3318 δὲ

2259 3351 2462 3428 μᾶλλον
2537 3355 2669 3432 πρὸς
2732 3354 2853 3418 τοὺς
2912 3351 3246 3428 πωλοῦντας,
3308 3355 3394 3409 καὶ
3445 3353 3738 3432 ἀγοράσατε
3798 3353 3930 3409 ἐαυ-

2257 3456 2402 3508 ταϊς,
2483 3441 2903 3522 Ἀπερχομένων
2981 3441 3035 3499 δὲ
3109 3443 3279 3500 αὐτῶν
3334 3444 3612 3522 ἀγοράσαὶ,
3672 3442 3830 3511 ἦλθεν
3901 3445 3931 3499 6

2258 3533 2500 3611 νυμφίος,
2571 3534 2661 3588 καὶ
2706 3535 2756 3588 αἱ
2799 3531 3003 3608 ἕτοιμοι
3065 3531 3306 3600 εἰσῆλθον
3363 3533 3479 3608 μετ’
3513 3535 3670 3590 αὐτοῦ
3702 3533 3774 3597 εἰς
3803 3539 3932 3598 τους

2260 3622 2488 3698 γάμους,
2549 3622 2637 3677 καὶ
2679 3620 2922 3688 ἐκλεὶσθη
2981 3623 3016 3688 ἠ
3075 3623 3222 3699 θύρα⁶
3285 3621 3501 3701 ὕστερον
3563 3621 3616 3679 δὲ
3675 3621 3930 3702 ἔρχονται

2265 3713 2350 3766 καὶ
2404 3713 2457 3766 αἱ
2513 3709 2693 3766 λοιπαὶ
2775 3711 3048 3789 παρθένοι,
3129 3712 3378 3788 λέγουσαι
3416 3729 3430 3742 ⁸
3502 3713 3679 3791 Κύριε,
3743 3713 3930 3791 Κύριε,

2264 3797 2471 3864 ἄνοιξον
2527 3801 2690 3874 ἡμῖν.
2755 3790 2811 3856 Ὀ
2872 3798 2926 3855 δὲ
2985 3801 3283 3878 ἀποκριθεὶς
3329 3801 3487 3856 εἶπεν
3521 3816 3534 3830 ⁸
3572 3790 3745 3877 Ἀμὴν
3782 3790 3931 3881 λέγω

2258 3889 2410 3963 ὑμῖν,
2477 3891 2572 3945 οὔκ
2619 3886 2743 3944 οἶδα
2799 3889 2958 3964 ὑμᾶς.
3011 3895 3333 3968 Γρηγορεῖτε
3367 3889 3480 3969 οὖν,
3513 3888 3593 3945 ὅτι
3627 3891 3721 3946 οὐκ
3743 3888 3929 3949 οἴδατε

2257 3977 2356 4044 τὴν
2385 3977 2590 4057 ἡμέραν
2646 3975 2760 4036 οῦδὲ
2808 3978 2907 4044 τὴν
2978 3978 3116 4056 ὥραν
3167 3979 3220 4033 ἐν
3277 3981 3305 4034 6
3348 3980 3462 4042 Υἱὸς
3511 3990 3605 4039 τοῦ
3647 3980 3930 4058 ἀνθρώπου

2260 4067 2504 4147 ἔρχεται.
2545 4092 2568 4126 ν
2608 4069 2889 4135 Μεσούσης
2943 4070 3041 4134 τῆς
3084 4070 3268 4132 νυκτὸς
3330 4066 3472 4146 λέγει
3500 4073 3732 4149 κραυγὴν
3765 4071 3924 4147 γενέ-

2258 4160 2400 4237 σθ..ι,
2452 4159 2543 4214 ἳνα
2614 4155 2754 4234 δείξῃ
2800 4158 2880 4213 ὃτι
2943 4156 3256 4222 ἀνέλπιστος
3315 4157 3532 4239 ἔρχεται
3591 4163 3618 4217 ὀ
3705 4162 3922 4241 Κύριος,

2255 4247 2433 4327 ὥσπερ
2521 4251 2864 4312 μεσονυκτίου
2947 4249 3139 4312 πάντες
3220 4247 3324 4317 ἤδη
3396 4249 3711 4327 καθεύδομεν
3767 4253 3928 4328 βαθεῖ

3535 4341 3762 4421 σάλπιγξ
3820 4344 3925 4421 γὰρ

2259 4429 2460 4509 ἠχήσει
2520 4428 2574 4484 ἐν
2631 4451 2700 4504 τῃ
2765 4427 2979 4508 δευτέρα
3038 4433 3296 4508 παρουσίᾳ
3334 4451 3347 4465 ⁸
3391 4431 3664 4508 λαμπάδες
3720 4431 3800 4511 δὲ,
3831 4440 3924 4493 καὶ

2260 4523 2309 4574 αἱ
2364 4520 2533 4599 ψυχαὶ
2579 4520 2758 4598 ἡμῶν,
2810 4521 2898 4576 καὶ
2953 4521 2980 4575 ὁ
3037 4529 3155 4584 νοῦς
3213 4522 3437 4579 ἑκάστου
3480 4523 3704 4598 λαμπάς
3752 4521 3921 4576 ἔστιν’

2259 4608 2375 4674 ἥτις
2433 4608 2554 4664 τότε
2614 4607 2925 4687 ἁνάπτεςαι,
2961 4607 3048 4666 ὅτε
3097 4610 3214 4690 ἔχει
3261 4614 3320 4668 τὸ
3350 4619 3456 4669 τῶν
3495 4611 3693 4690 ἀρετῶν
3743 4609 3923 4665 ἔλαιον

2259 4700 2345 4754 καὶ
2404 4699 2505 4765 τὴν
2554 4695 2921 4773 ἐλεημοσύνην
3034 4703 3209 4780 μωραὶ
3261 4700 3315 4757 δὲ
3370 4701 3519 4764 ὄντος
3552 4701 3676 4755 εἰσὶν
3708 4700 3758 4754 αἱ
3789 4717 3926 4774 παρ·

2257 4788 2395 4844 θένοι
2452 4787 2538 4843 καὶ
2582 4791 2719 4843 κατα
2761 4798 2941 4863 τοῦτο,
3001 4794 3132 4847 καθὸ
3191 4791 3312 4848 τότε
3364 4790 3578 4861 ἐζήτουν
3623 4790 3685 4844 16
3714 4787 3918 4860 ἔλαιον,

2258 4877 2346 4934 ὅτε
2403 4879 2498 4936 οῦκ
2549 4875 2624 4934 ἔτι
2707 4880 2894 4958 καιρὸς
2954 4884 3342 4959 πραγματείας,
3424 4880 3486 4936 Αἱ
3566 4876 3620 4934 δὲ
3676 4878 3924 4959 φρόνιμοί

2259 4989 2385 5048 φασι
2423 4986 2438 5002 ο
2504 4969 2726 5038 Μήποτε
2782 4972 2878 5025 οῦκ
2932 4969 3131 5049 ἀρκέσῃ
3185 4972 3322 5046 ημῖν
3381 4970 3469 5026 καὶ
3521 4970 3676 5045 ὑμῖν.
3725 4961 3786 5027 Ἠ
3819 4969 3925 5049 γὰρ

2260 5060 2423 5137 ἀρετή
2481 5065 2574 5114 τοῦ
2631 5057 2858 5126 πλησίον
2931 5083 3034 5136 μου
3070 5059 3246 5135 ’μόλις
3279 5059 3490 5139 ἀρκέσει
3547 5061 3732 5136 ἓκείνῳ
3785 5060 3923 5138 πρὸς

2255 5148 2567 5229 ἀπολογίαν,
2631 5151 2763 5226 μήτι
2816 5172 2876 5228 γε
2925 5151 3014 5207 καὶ
3068 5151 3189 5226 ἓμοί
3223 5169 3238 5186 ⁸
3299 5149 3520 5217 ἕκαστος
3568 5152 3667 5230 γὰρ
3697 5150 3758 5208 ἐκ
3813 5149 3923 5207 τῶν

2256 5238 2420 5320 ἔργων
2479 5240 2636 5296 αύτου
2692 5237 3129 5322 δικαιθωήσεται,
3180 5243 3304 5322 οὒχὶ
3355 5247 3460 5298 τῶν
3517 5252 3612 5301 τοῦ
3663 5240 3920 5308 πλησίον,

2257 5327 2404 5386 Ἀλλ’
2464 5333 2513 5386 αἱ
2569 5331 2744 5408 μωραὶ
2804 5334 2934 5411 πρὸς
2994 5333 3116 5395 τοὺς
3186 5332 3496 5412 πωλοῦντας
3555 5331 3916 5412 ἀπέρχονται,

2254 5417 2512 5498 τουτέστι,
2574 5421 2706 5499 πρὸς
2760 5421 2882 5484 τοὺς
2945 5420 3200 5489 πένητας.
3281 5411 3358 5481 u0
3414 5418 3470 5478 δὲ
3499 5419 3646 5501 λέγει
3664 5411 3921 5477 τοιοῦτόν

2255 5510 2362 5568 ἐστι
2402 5523 2419 5539 ⁸
2478 5508 2882 5583 Μεταμέλονται
2965 5513 3016 5570 αἱ
3077 5514 3250 5593 μωραὶ
3333 5511 3463 5570 διότι
3523 5514 3603 5588 μὴ
3655 5509 3922 5578 ὶποίησαν
