  <div class='ocr_page' id='page_1' title='image "/cluster/home/n/w/nwhite01/storage/ocr_20150623/123:no.1/coo.31924054870286/226.png"; bbox 0 0 4170 6424; ppageno 0'>
   <div class='ocr_carea' id='block_1_1' title="bbox 337 334 465 404">
    <p class='ocr_par' dir='ltr' id='par_1_1' title="bbox 337 334 465 404">
     <span class='ocr_line' id='line_1_1' title="bbox 337 334 465 404; baseline 0 0"><span class='ocrx_word' id='word_1_1' title='bbox 337 334 465 404; x_wconf 25' lang='grc' dir='ltr'><strong>ί437</strong></span> 
     </span>
    </p>
   </div>
   <div class='ocr_carea' id='block_1_2' title="bbox 947 313 3117 406">
    <p class='ocr_par' dir='ltr' id='par_1_2' title="bbox 947 313 3117 406">
     <span class='ocr_line' id='line_1_2' title="bbox 947 313 3117 406; baseline -0.002 -1"><span class='ocrx_word' id='word_1_2' title='bbox 947 313 1393 405; x_wconf 64' lang='lat' dir='ltr'><strong>summano</strong></span> <span class='ocrx_word' id='word_1_3' title='bbox 1431 341 1514 405; x_wconf 86' lang='lat' dir='ltr'><strong>IN</strong></span> <span class='ocrx_word' id='word_1_4' title='bbox 1559 336 2071 406; x_wconf 74' lang='lat' dir='ltr'><strong>EVANGELIUM</strong></span> <span class='ocrx_word' id='word_1_5' title='bbox 2113 336 2512 402; x_wconf 70' lang='lat' dir='ltr'><strong>nurui.</strong></span> <span class='ocrx_word' id='word_1_6' title='bbox 2560 367 2636 382; x_wconf 93' lang='grc'><strong><em>-</em></strong></span> <span class='ocrx_word' id='word_1_7' title='bbox 2680 340 2844 403; x_wconf 66' lang='lat' dir='ltr'><strong>car.</strong></span> <span class='ocrx_word' id='word_1_8' title='bbox 2898 338 3117 405; x_wconf 81' lang='lat' dir='ltr'><strong>xxvr.</strong></span> 
     </span>
    </p>
   </div>
   <div class='ocr_carea' id='block_1_3' title="bbox 3619 320 3740 404">
    <p class='ocr_par' dir='ltr' id='par_1_3' title="bbox 3619 320 3740 404">
     <span class='ocr_line' id='line_1_3' title="bbox 3619 320 3740 404; baseline 0.033 -4"><span class='ocrx_word' id='word_1_9' title='bbox 3619 320 3740 404; x_wconf 72' lang='lat' dir='ltr'><strong>43s</strong></span> 
     </span>
    </p>
   </div>
   <div class='ocr_carea' id='block_1_4' title="bbox 349 469 2017 561">
    <p class='ocr_par' dir='ltr' id='par_1_4' title="bbox 349 469 1996 561">
     <span class='ocr_line' id='line_1_4' title="bbox 349 469 1996 561; baseline 0.001 -36"><span class='ocrx_word' id='word_1_10' title='bbox 349 471 473 533; x_wconf 79' lang='grc' dir='ltr'>τούς</span> <span class='ocrx_word' id='word_1_11' title='bbox 505 487 522 506; x_wconf 80' lang='grc'><strong><em>³</em></strong></span> <span class='ocrx_word' id='word_1_12' title='bbox 554 469 739 544; x_wconf 75' lang='grc' dir='ltr'>ὰμὶλει</span> <span class='ocrx_word' id='word_1_13' title='bbox 799 472 890 527; x_wconf 81' lang='grc' dir='ltr'>καὶ</span> <span class='ocrx_word' id='word_1_14' title='bbox 945 469 1255 541; x_wconf 76' lang='grc' dir='ltr'>ὑποδέξατο,</span> <span class='ocrx_word' id='word_1_15' title='bbox 1294 474 1370 537; x_wconf 84' lang='grc' dir='ltr'>ὣς</span> <span class='ocrx_word' id='word_1_16' title='bbox 1420 495 1576 561; x_wconf 64' lang='grc' dir='ltr'><strong>Δφασι,</strong></span> <span class='ocrx_word' id='word_1_17' title='bbox 1636 474 1727 529; x_wconf 74' lang='grc' dir='ltr'><strong>τὸν</strong></span> <span class='ocrx_word' id='word_1_18' title='bbox 1785 473 1996 561; x_wconf 60' lang='grc' dir='ltr'>Κύριον,</span> 
     </span>
    </p>
   </div>
   <div class='ocr_carea' id='block_1_5' title="bbox 2103 469 3744 561">
    <p class='ocr_par' dir='ltr' id='par_1_5' title="bbox 2103 477 3744 561">
     <span class='ocr_line' id='line_1_5' title="bbox 2103 477 3744 561; baseline 0.004 -24"><span class='ocrx_word' id='word_1_19' title='bbox 2103 477 2315 540; x_wconf 89' lang='lat' dir='ltr'><strong>niserit</strong></span> <span class='ocrx_word' id='word_1_20' title='bbox 2345 497 2470 543; x_wconf 90' lang='lat' dir='ltr'><strong>eos.</strong></span> <span class='ocrx_word' id='word_1_21' title='bbox 2505 479 2780 561; x_wconf 86' lang='lat' dir='ltr'><strong>Denique</strong></span> <span class='ocrx_word' id='word_1_22' title='bbox 2802 489 2861 544; x_wconf 86' lang='lat' dir='ltr'><strong>et</strong></span> <span class='ocrx_word' id='word_1_23' title='bbox 2885 485 3150 561; x_wconf 82' lang='lat' dir='ltr'><strong>suscepit</strong></span> <span class='ocrx_word' id='word_1_24' title='bbox 3179 486 3266 560; x_wconf 86' lang='lat' dir='ltr'><strong>(ut</strong></span> <span class='ocrx_word' id='word_1_25' title='bbox 3282 480 3510 558; x_wconf 71' lang='lat' dir='ltr'><strong>dicunt)</strong></span> <span class='ocrx_word' id='word_1_26' title='bbox 3541 481 3744 546; x_wconf 88' lang='lat' dir='ltr'><strong>Domi-</strong></span> 
     </span>
    </p>
   </div>
   <div class='ocr_carea' id='block_1_6' title="bbox 349 553 2002 641">
    <p class='ocr_par' dir='ltr' id='par_1_6' title="bbox 349 553 2002 641">
     <span class='ocr_line' id='line_1_6' title="bbox 349 553 2002 641; baseline 0.001 -27"><span class='ocrx_word' id='word_1_27' title='bbox 349 561 437 614; x_wconf 81' lang='grc' dir='ltr'><strong>καὶ</strong></span> <span class='ocrx_word' id='word_1_28' title='bbox 469 557 588 636; x_wconf 87' lang='grc' dir='ltr'>παρ’</span> <span class='ocrx_word' id='word_1_29' title='bbox 625 559 764 634; x_wconf 68' lang='grc' dir='ltr'>αότῴ</span> <span class='ocrx_word' id='word_1_30' title='bbox 793 562 856 616; x_wconf 79' lang='grc' dir='ltr'>τὸ</span> <span class='ocrx_word' id='word_1_31' title='bbox 890 561 1082 641; x_wconf 67' lang='grc' dir='ltr'>Πάσχα</span> <span class='ocrx_word' id='word_1_32' title='bbox 1113 561 1378 625; x_wconf 60' lang='grc' dir='ltr'>ἐτέλεσεν,</span> <span class='ocrx_word' id='word_1_33' title='bbox 1420 553 1481 618; x_wconf 66' lang='grc' dir='ltr'><em>Ἠ</em></span> <span class='ocrx_word' id='word_1_34' title='bbox 1511 569 1635 640; x_wconf 84' lang='grc' dir='ltr'>γοῦν</span> <span class='ocrx_word' id='word_1_35' title='bbox 1663 563 1795 640; x_wconf 85' lang='grc' dir='ltr'>γυνῆ</span> <span class='ocrx_word' id='word_1_36' title='bbox 1825 560 2002 619; x_wconf 82' lang='grc' dir='ltr'>ἰδοῦσα</span> 
     </span>
    </p>
   </div>
   <div class='ocr_carea' id='block_1_7' title="bbox 348 645 2004 730">
    <p class='ocr_par' dir='ltr' id='par_1_7' title="bbox 348 645 2004 730">
     <span class='ocr_line' id='line_1_7' title="bbox 348 645 2004 730; baseline 0.004 -29"><span class='ocrx_word' id='word_1_37' title='bbox 348 649 440 703; x_wconf 74' lang='grc' dir='ltr'><strong>τὸι</strong></span> <span class='ocrx_word' id='word_1_38' title='bbox 500 645 690 726; x_wconf 81' lang='grc' dir='ltr'>λεπρὸν</span> <span class='ocrx_word' id='word_1_39' title='bbox 744 649 1142 727; x_wconf 83' lang='grc' dir='ltr'>καθαρισθέντα,</span> <span class='ocrx_word' id='word_1_40' title='bbox 1231 650 1509 730; x_wconf 76' lang='grc' dir='ltr'>ὲθᾶῤῥησεν</span> <span class='ocrx_word' id='word_1_41' title='bbox 1591 653 1663 717; x_wconf 81' lang='grc' dir='ltr'>ὡς</span> <span class='ocrx_word' id='word_1_42' title='bbox 1716 654 1802 708; x_wconf 81' lang='grc' dir='ltr'>καὶ</span> <span class='ocrx_word' id='word_1_43' title='bbox 1872 650 2004 717; x_wconf 66' lang='grc' dir='ltr'>αὐτὴ</span> 
     </span>
    </p>
   </div>
   <div class='ocr_carea' id='block_1_8' title="bbox 348 737 2002 819">
    <p class='ocr_par' dir='ltr' id='par_1_8' title="bbox 348 737 2002 819">
     <span class='ocr_line' id='line_1_8' title="bbox 348 737 2002 819; baseline 0.002 -27"><span class='ocrx_word' id='word_1_44' title='bbox 348 742 452 803; x_wconf 82' lang='grc' dir='ltr'>τῆς</span> <span class='ocrx_word' id='word_1_45' title='bbox 502 737 737 817; x_wconf 74' lang='grc' dir='ltr'>ἀφέσεως</span> <span class='ocrx_word' id='word_1_46' title='bbox 780 737 1038 815; x_wconf 75' lang='grc' dir='ltr'>τεύξεται,</span> <span class='ocrx_word' id='word_1_47' title='bbox 1099 741 1186 797; x_wconf 84' lang='grc' dir='ltr'><strong>καὶ</strong></span> <span class='ocrx_word' id='word_1_48' title='bbox 1234 742 1672 819; x_wconf 77' lang='grc' dir='ltr'>καθαρισθήσεται</span> <span class='ocrx_word' id='word_1_49' title='bbox 1737 741 1835 808; x_wconf 73' lang='grc' dir='ltr'><strong>τὴν</strong></span> <span class='ocrx_word' id='word_1_50' title='bbox 1895 743 2002 808; x_wconf 77' lang='grc' dir='ltr'>ψυ-</span> 
     </span>
    </p>
   </div>
   <div class='ocr_carea' id='block_1_9' title="bbox 348 826 2005 906">
    <p class='ocr_par' dir='ltr' id='par_1_9' title="bbox 348 826 2005 906">
     <span class='ocr_line' id='line_1_9' title="bbox 348 826 2005 906; baseline 0.002 -26"><span class='ocrx_word' id='word_1_51' title='bbox 348 827 520 906; x_wconf 72' lang='grc' dir='ltr'>χικὴν</span> <span class='ocrx_word' id='word_1_52' title='bbox 571 826 767 906; x_wconf 86' lang='grc' dir='ltr'>λέπραν</span> <span class='ocrx_word' id='word_1_53' title='bbox 804 846 821 863; x_wconf 80' lang='grc' dir='ltr'><strong><em>ο</em></strong></span> <span class='ocrx_word' id='word_1_54' title='bbox 882 831 1055 885; x_wconf 84' lang='grc' dir='ltr'>πίστιν</span> <span class='ocrx_word' id='word_1_55' title='bbox 1085 828 1140 886; x_wconf 80' lang='grc' dir='ltr'>δὲ</span> <span class='ocrx_word' id='word_1_56' title='bbox 1192 829 1397 899; x_wconf 79' lang='grc' dir='ltr'>πολλὴν</span> <span class='ocrx_word' id='word_1_57' title='bbox 1427 827 1733 906; x_wconf 70' lang='grc' dir='ltr'>ἐνεδείξατο,</span> <span class='ocrx_word' id='word_1_58' title='bbox 1777 831 1840 886; x_wconf 82' lang='grc' dir='ltr'>τὸ</span> <span class='ocrx_word' id='word_1_59' title='bbox 1869 827 2005 886; x_wconf 66' lang='grc' dir='ltr'>οὕτω</span> 
     </span>
    </p>
   </div>
   <div class='ocr_carea' id='block_1_10' title="bbox 347 917 2002 998">
    <p class='ocr_par' dir='ltr' id='par_1_10' title="bbox 347 917 2002 998">
     <span class='ocr_line' id='line_1_10' title="bbox 347 917 2002 998; baseline 0.004 -28"><span class='ocrx_word' id='word_1_60' title='bbox 347 917 528 988; x_wconf 83' lang='grc' dir='ltr'>τίμιον</span> <span class='ocrx_word' id='word_1_61' title='bbox 588 917 750 994; x_wconf 78' lang='grc' dir='ltr'>μύρον</span> <span class='ocrx_word' id='word_1_62' title='bbox 808 917 1144 998; x_wconf 80' lang='grc' dir='ltr'>καταχέασα,</span> <span class='ocrx_word' id='word_1_63' title='bbox 1202 922 1289 976; x_wconf 77' lang='grc' dir='ltr'><strong>καὶ</strong></span> <span class='ocrx_word' id='word_1_64' title='bbox 1374 918 1706 990; x_wconf 72' lang='grc' dir='ltr'>ἆπειδήσασα</span> <span class='ocrx_word' id='word_1_65' title='bbox 1770 921 1954 976; x_wconf 78' lang='grc' dir='ltr'>τούτου</span> <span class='ocrx_word' id='word_1_66' title='bbox 1988 934 2002 950; x_wconf 85' lang='grc'><strong><em>⁸</em></strong></span> 
     </span>
    </p>
   </div>
   <div class='ocr_carea' id='block_1_11' title="bbox 349 1004 2012 1089">
    <p class='ocr_par' dir='ltr' id='par_1_11' title="bbox 349 1004 2012 1089">
     <span class='ocr_line' id='line_1_11' title="bbox 349 1004 2012 1089; baseline 0.003 -29"><span class='ocrx_word' id='word_1_67' title='bbox 349 1004 436 1060; x_wconf 66' lang='grc' dir='ltr'>ἐπὶ</span> <span class='ocrx_word' id='word_1_68' title='bbox 481 1005 577 1072; x_wconf 74' lang='grc' dir='ltr'><strong>τὴν</strong></span> <span class='ocrx_word' id='word_1_69' title='bbox 618 1006 855 1086; x_wconf 74' lang='grc' dir='ltr'>κεφαλὴν</span> <span class='ocrx_word' id='word_1_70' title='bbox 917 1007 970 1062; x_wconf 76' lang='grc' dir='ltr'>δὲ</span> <span class='ocrx_word' id='word_1_71' title='bbox 1027 1017 1181 1067; x_wconf 76' lang='grc' dir='ltr'>τοῦτο</span> <span class='ocrx_word' id='word_1_72' title='bbox 1235 1009 1517 1089; x_wconf 75' lang='grc' dir='ltr'><strong>καταχέει,</strong></span> <span class='ocrx_word' id='word_1_73' title='bbox 1585 1017 1659 1084; x_wconf 83' lang='grc' dir='ltr'><strong>τῷ</strong></span> <span class='ocrx_word' id='word_1_74' title='bbox 1703 1009 2012 1088; x_wconf 68' lang='grc' dir='ltr'>κυριωτάτῳ</span> 
     </span>
    </p>
   </div>
   <div class='ocr_carea' id='block_1_12' title="bbox 349 1095 2013 1178">
    <p class='ocr_par' dir='ltr' id='par_1_12' title="bbox 349 1095 2013 1178">
     <span class='ocr_line' id='line_1_12' title="bbox 349 1095 2013 1178; baseline 0.001 -28"><span class='ocrx_word' id='word_1_75' title='bbox 349 1095 500 1173; x_wconf 83' lang='grc' dir='ltr'>μέρει</span> <span class='ocrx_word' id='word_1_76' title='bbox 557 1096 656 1152; x_wconf 59' lang='grc' dir='ltr'><strong>τήν</strong></span> <span class='ocrx_word' id='word_1_77' title='bbox 714 1098 878 1171; x_wconf 73' lang='grc' dir='ltr'>τιμὴν</span> <span class='ocrx_word' id='word_1_78' title='bbox 922 1104 1282 1176; x_wconf 64' lang='grc' dir='ltr'>προσάγουσι.</span> <span class='ocrx_word' id='word_1_79' title='bbox 1346 1101 1443 1158; x_wconf 80' lang='grc' dir='ltr'><strong>Καὶ</strong></span> <span class='ocrx_word' id='word_1_80' title='bbox 1493 1101 1555 1156; x_wconf 82' lang='grc' dir='ltr'>σὺ</span> <span class='ocrx_word' id='word_1_81' title='bbox 1583 1107 1710 1178; x_wconf 76' lang='grc' dir='ltr'>γοῦν</span> <span class='ocrx_word' id='word_1_82' title='bbox 1741 1102 1785 1156; x_wconf 82' lang='grc' dir='ltr'><strong>εἰ</strong></span> <span class='ocrx_word' id='word_1_83' title='bbox 1815 1098 2013 1177; x_wconf 78' lang='grc' dir='ltr'><strong>λέπραν</strong></span> 
     </span>
    </p>
   </div>
   <div class='ocr_carea' id='block_1_13' title="bbox 346 1183 2011 1269">
    <p class='ocr_par' dir='ltr' id='par_1_13' title="bbox 346 1183 2011 1269">
     <span class='ocr_line' id='line_1_13' title="bbox 346 1183 2011 1269; baseline 0.004 -31"><span class='ocrx_word' id='word_1_84' title='bbox 346 1183 501 1263; x_wconf 74' lang='grc' dir='ltr'>ἔχεις</span> <span class='ocrx_word' id='word_1_85' title='bbox 558 1188 800 1265; x_wconf 78' lang='grc' dir='ltr'>ψυχικὴν</span> <span class='ocrx_word' id='word_1_86' title='bbox 876 1190 964 1243; x_wconf 82' lang='grc' dir='ltr'><strong>καὶ</strong></span> <span class='ocrx_word' id='word_1_87' title='bbox 1032 1190 1383 1268; x_wconf 77' lang='grc' dir='ltr'>φαρισαῒκήν,</span> <span class='ocrx_word' id='word_1_88' title='bbox 1457 1188 1835 1269; x_wconf 79' lang='grc' dir='ltr'>τετυφωμένην</span> <span class='ocrx_word' id='word_1_89' title='bbox 1892 1187 2011 1255; x_wconf 77' lang='grc' dir='ltr'>ἤτοι</span> 
     </span>
    </p>
   </div>
   <div class='ocr_carea' id='block_1_14' title="bbox 343 1273 2013 1350">
    <p class='ocr_par' dir='ltr' id='par_1_14' title="bbox 343 1273 2013 1350">
     <span class='ocr_line' id='line_1_14' title="bbox 343 1273 2013 1350; baseline -0.001 -22"><span class='ocrx_word' id='word_1_90' title='bbox 343 1273 796 1350; x_wconf 71' lang='grc' dir='ltr'><strong>ἀποκεκομμένην</strong></span> <span class='ocrx_word' id='word_1_91' title='bbox 855 1285 1008 1350; x_wconf 80' lang='grc' dir='ltr'>Θεοῦ,</span> <span class='ocrx_word' id='word_1_92' title='bbox 1055 1276 1192 1343; x_wconf 77' lang='grc' dir='ltr'>δέξαι</span> <span class='ocrx_word' id='word_1_93' title='bbox 1251 1279 1342 1334; x_wconf 79' lang='grc' dir='ltr'>τὸν</span> <span class='ocrx_word' id='word_1_94' title='bbox 1399 1278 1609 1345; x_wconf 77' lang='grc' dir='ltr'><strong>Ἰησοῦν</strong></span> <span class='ocrx_word' id='word_1_95' title='bbox 1657 1281 1733 1343; x_wconf 83' lang='grc' dir='ltr'>εἷς</span> <span class='ocrx_word' id='word_1_96' title='bbox 1781 1280 1878 1347; x_wconf 72' lang='grc' dir='ltr'>τὴν</span> <span class='ocrx_word' id='word_1_97' title='bbox 1938 1282 2013 1336; x_wconf 78' lang='grc' dir='ltr'><strong>οἱ.</strong></span> 
     </span>
    </p>
   </div>
   <div class='ocr_carea' id='block_1_15' title="bbox 342 1365 2005 1449">
    <p class='ocr_par' dir='ltr' id='par_1_15' title="bbox 342 1365 2005 1449">
     <span class='ocr_line' id='line_1_15' title="bbox 342 1365 2005 1449; baseline 0.004 -31"><span class='ocrx_word' id='word_1_98' title='bbox 342 1365 465 1418; x_wconf 83' lang='grc' dir='ltr'>κίαν</span> <span class='ocrx_word' id='word_1_99' title='bbox 527 1387 638 1438; x_wconf 83' lang='grc' dir='ltr'>σου,</span> <span class='ocrx_word' id='word_1_100' title='bbox 701 1367 789 1423; x_wconf 88' lang='grc' dir='ltr'>καὶ</span> <span class='ocrx_word' id='word_1_101' title='bbox 832 1368 1052 1445; x_wconf 84' lang='grc' dir='ltr'>μύρισον</span> <span class='ocrx_word' id='word_1_102' title='bbox 1082 1367 1239 1425; x_wconf 69' lang='grc' dir='ltr'>αὒτὸν</span> <span class='ocrx_word' id='word_1_103' title='bbox 1280 1372 1358 1441; x_wconf 85' lang='grc' dir='ltr'>τῷ</span> <span class='ocrx_word' id='word_1_104' title='bbox 1401 1369 1549 1443; x_wconf 81' lang='grc' dir='ltr'>μύρῳ</span> <span class='ocrx_word' id='word_1_105' title='bbox 1600 1369 1704 1426; x_wconf 76' lang='grc' dir='ltr'>τῶν</span> <span class='ocrx_word' id='word_1_106' title='bbox 1754 1369 1956 1449; x_wconf 79' lang='grc' dir='ltr'>ἀρετῶν</span> <span class='ocrx_word' id='word_1_107' title='bbox 1992 1380 2005 1394; x_wconf 86' lang='grc'><strong><em>⁸</em></strong></span> 
     </span>
    </p>
   </div>
   <div class='ocr_carea' id='block_1_16' title="bbox 343 1452 2009 1537">
    <p class='ocr_par' dir='ltr' id='par_1_16' title="bbox 343 1452 2009 1537">
     <span class='ocr_line' id='line_1_16' title="bbox 343 1452 2009 1537; baseline 0.005 -29"><span class='ocrx_word' id='word_1_108' title='bbox 343 1452 564 1511; x_wconf 70' lang='grc' dir='ltr'>δύνασαι</span> <span class='ocrx_word' id='word_1_109' title='bbox 623 1457 722 1533; x_wconf 79' lang='grc' dir='ltr'><strong>γὰρ</strong></span> <span class='ocrx_word' id='word_1_110' title='bbox 817 1458 1102 1535; x_wconf 68' lang='grc' dir='ltr'>καθάραντί</span> <span class='ocrx_word' id='word_1_111' title='bbox 1174 1479 1233 1514; x_wconf 87' lang='grc' dir='ltr'><strong>σε</strong></span> <span class='ocrx_word' id='word_1_112' title='bbox 1287 1463 1388 1524; x_wconf 78' lang='grc' dir='ltr'><strong>τῆς</strong></span> <span class='ocrx_word' id='word_1_113' title='bbox 1442 1457 1638 1537; x_wconf 70' lang='grc' dir='ltr'>λέπρας</span> <span class='ocrx_word' id='word_1_114' title='bbox 1696 1466 1772 1533; x_wconf 83' lang='grc' dir='ltr'>τῷ</span> <span class='ocrx_word' id='word_1_115' title='bbox 1831 1458 2009 1527; x_wconf 81' lang='grc' dir='ltr'><strong>Ἰησοῦ</strong></span> 
     </span>
    </p>
   </div>
   <div class='ocr_carea' id='block_1_17' title="bbox 343 1545 2003 1629">
    <p class='ocr_par' dir='ltr' id='par_1_17' title="bbox 343 1545 2003 1629">
     <span class='ocr_line' id='line_1_17' title="bbox 343 1545 2003 1629; baseline 0.004 -29"><span class='ocrx_word' id='word_1_116' title='bbox 343 1545 598 1601; x_wconf 72' lang='grc' dir='ltr'><strong>σκευάσαι</strong></span> <span class='ocrx_word' id='word_1_117' title='bbox 661 1547 846 1625; x_wconf 69' lang='grc' dir='ltr'>μύρον,</span> <span class='ocrx_word' id='word_1_118' title='bbox 893 1549 981 1603; x_wconf 89' lang='grc' dir='ltr'><strong>καὶ</strong></span> <span class='ocrx_word' id='word_1_119' title='bbox 1024 1548 1159 1604; x_wconf 81' lang='grc' dir='ltr'>κατᾶ</span> <span class='ocrx_word' id='word_1_120' title='bbox 1190 1550 1288 1614; x_wconf 76' lang='grc' dir='ltr'>τῆς</span> <span class='ocrx_word' id='word_1_121' title='bbox 1331 1547 1570 1629; x_wconf 70' lang='grc' dir='ltr'>κεφαλῆς</span> <span class='ocrx_word' id='word_1_122' title='bbox 1621 1549 1778 1607; x_wconf 73' lang='grc' dir='ltr'><strong>αὒτοῦ</strong></span> <span class='ocrx_word' id='word_1_123' title='bbox 1834 1570 2003 1606; x_wconf 85' lang='grc' dir='ltr'>κατα-</span> 
     </span>
    </p>
   </div>
   <div class='ocr_carea' id='block_1_18' title="bbox 349 1635 2004 1718">
    <p class='ocr_par' dir='ltr' id='par_1_18' title="bbox 349 1635 2004 1718">
     <span class='ocr_line' id='line_1_18' title="bbox 349 1635 2004 1718; baseline 0.004 -28"><span class='ocrx_word' id='word_1_124' title='bbox 349 1635 505 1714; x_wconf 81' lang='grc' dir='ltr'>χέαι.</span> <span class='ocrx_word' id='word_1_125' title='bbox 565 1637 653 1700; x_wconf 82' lang='grc' dir='ltr'>Τίς</span> <span class='ocrx_word' id='word_1_126' title='bbox 703 1635 759 1692; x_wconf 77' lang='grc' dir='ltr'><strong>δί</strong></span> <span class='ocrx_word' id='word_1_127' title='bbox 815 1640 848 1706; x_wconf 80' lang='grc' dir='ltr'>ἡ</span> <span class='ocrx_word' id='word_1_128' title='bbox 905 1638 1112 1718; x_wconf 74' lang='grc' dir='ltr'>κεφαλὴ</span> <span class='ocrx_word' id='word_1_129' title='bbox 1168 1645 1259 1696; x_wconf 80' lang='grc' dir='ltr'>τοῦ</span> <span class='ocrx_word' id='word_1_130' title='bbox 1336 1639 1586 1718; x_wconf 72' lang='grc' dir='ltr'>Χριστοῦ,</span> <span class='ocrx_word' id='word_1_131' title='bbox 1652 1640 1687 1708; x_wconf 75' lang='grc' dir='ltr'><strong>ἢ</strong></span> <span class='ocrx_word' id='word_1_132' title='bbox 1732 1641 1766 1707; x_wconf 76' lang='grc' dir='ltr'>ἡ</span> <span class='ocrx_word' id='word_1_133' title='bbox 1814 1641 2004 1708; x_wconf 81' lang='grc' dir='ltr'>θεότης</span> 
     </span>
    </p>
   </div>
   <div class='ocr_carea' id='block_1_19' title="bbox 345 1725 2004 1811">
    <p class='ocr_par' dir='ltr' id='par_1_19' title="bbox 345 1725 2004 1811">
     <span class='ocr_line' id='line_1_19' title="bbox 345 1725 2004 1811; baseline 0.005 -31"><span class='ocrx_word' id='word_1_134' title='bbox 345 1729 530 1794; x_wconf 69' lang='grc' dir='ltr'>αδτοῦ,</span> <span class='ocrx_word' id='word_1_135' title='bbox 582 1728 711 1804; x_wconf 70' lang='grc' dir='ltr'>πρὸς</span> <span class='ocrx_word' id='word_1_136' title='bbox 769 1727 836 1794; x_wconf 74' lang='grc' dir='ltr'><strong>ἣν</strong></span> <span class='ocrx_word' id='word_1_137' title='bbox 879 1732 915 1799; x_wconf 77' lang='grc' dir='ltr'><strong>ἦ</strong></span> <span class='ocrx_word' id='word_1_138' title='bbox 970 1725 1156 1785; x_wconf 70' lang='grc' dir='ltr'>εὖωδία</span> <span class='ocrx_word' id='word_1_139' title='bbox 1206 1734 1312 1784; x_wconf 85' lang='grc' dir='ltr'>τῶν</span> <span class='ocrx_word' id='word_1_140' title='bbox 1342 1728 1542 1807; x_wconf 75' lang='grc' dir='ltr'>ἀρετῶν</span> <span class='ocrx_word' id='word_1_141' title='bbox 1597 1729 1948 1811; x_wconf 74' lang='grc' dir='ltr'>προσφέρεται</span> <span class='ocrx_word' id='word_1_142' title='bbox 1987 1752 2004 1804; x_wconf 85' lang='grc'>;</span> 
     </span>
    </p>
   </div>
   <div class='ocr_carea' id='block_1_20' title="bbox 354 1818 2004 1900">
    <p class='ocr_par' dir='ltr' id='par_1_20' title="bbox 354 1818 2004 1900">
     <span class='ocr_line' id='line_1_20' title="bbox 354 1818 2004 1900; baseline 0.005 -31"><span class='ocrx_word' id='word_1_143' title='bbox 354 1840 378 1869; x_wconf 80' lang='grc' dir='ltr'><strong>ε</strong></span> <span class='ocrx_word' id='word_1_144' title='bbox 422 1818 831 1886; x_wconf 75' lang='grc' dir='ltr'>Κατευθυνθήτω</span> <span class='ocrx_word' id='word_1_145' title='bbox 884 1819 1007 1896; x_wconf 72' lang='grc' dir='ltr'>γὰρ,</span> <span class='ocrx_word' id='word_1_146' title='bbox 1072 1819 1254 1898; x_wconf 82' lang='grc' dir='ltr'>φησὶν,</span> <span class='ocrx_word' id='word_1_147' title='bbox 1316 1820 1348 1886; x_wconf 80' lang='grc' dir='ltr'>ἡ</span> <span class='ocrx_word' id='word_1_148' title='bbox 1414 1821 1694 1900; x_wconf 66' lang='grc' dir='ltr'>προσευχή</span> <span class='ocrx_word' id='word_1_149' title='bbox 1767 1842 1868 1894; x_wconf 86' lang='grc' dir='ltr'>μου</span> <span class='ocrx_word' id='word_1_150' title='bbox 1930 1824 2004 1885; x_wconf 84' lang='grc' dir='ltr'>ὡς</span> 
     </span>
    </p>
   </div>
   <div class='ocr_carea' id='block_1_21' title="bbox 2090 568 3737 652">
    <p class='ocr_par' dir='ltr' id='par_1_21' title="bbox 2090 568 3737 652">
     <span class='ocr_line' id='line_1_21' title="bbox 2090 568 3737 652; baseline 0.005 -27"><span class='ocrx_word' id='word_1_151' title='bbox 2090 585 2257 647; x_wconf 91' lang='lat' dir='ltr'><strong>num,</strong></span> <span class='ocrx_word' id='word_1_152' title='bbox 2289 568 2387 648; x_wconf 87' lang='lat' dir='ltr'><strong>qui</strong></span> <span class='ocrx_word' id='word_1_153' title='bbox 2421 577 2478 629; x_wconf 92' lang='lat' dir='ltr'><strong>et</strong></span> <span class='ocrx_word' id='word_1_154' title='bbox 2523 571 2676 649; x_wconf 90' lang='lat' dir='ltr'><strong>apud</strong></span> <span class='ocrx_word' id='word_1_155' title='bbox 2730 572 2894 632; x_wconf 90' lang='lat' dir='ltr'><strong>illum</strong></span> <span class='ocrx_word' id='word_1_156' title='bbox 2947 571 3194 652; x_wconf 79' lang='lat' dir='ltr'><strong>perfecit</strong></span> <span class='ocrx_word' id='word_1_157' title='bbox 3246 572 3488 634; x_wconf 82' lang='lat' dir='ltr'><strong>Pascha.</strong></span> <span class='ocrx_word' id='word_1_158' title='bbox 3524 571 3737 633; x_wconf 81' lang='lat' dir='ltr'><strong>Mulier</strong></span> 
     </span>
    </p>
   </div>
   <div class='ocr_carea' id='block_1_22' title="bbox 2087 653 3743 741">
    <p class='ocr_par' dir='ltr' id='par_1_22' title="bbox 2087 653 3743 741">
     <span class='ocr_line' id='line_1_22' title="bbox 2087 653 3743 741; baseline 0.005 -28"><span class='ocrx_word' id='word_1_159' title='bbox 2087 653 2268 732; x_wconf 91' lang='lat' dir='ltr'><strong>igitur</strong></span> <span class='ocrx_word' id='word_1_160' title='bbox 2297 674 2430 717; x_wconf 92' lang='lat' dir='ltr'><strong>cum</strong></span> <span class='ocrx_word' id='word_1_161' title='bbox 2470 657 2704 719; x_wconf 85' lang='lat' dir='ltr'><strong>vidisset</strong></span> <span class='ocrx_word' id='word_1_162' title='bbox 2736 659 3037 739; x_wconf 78' lang='lat' dir='ltr'><strong>leprosum</strong></span> <span class='ocrx_word' id='word_1_163' title='bbox 3085 661 3482 741; x_wconf 73' lang='lat' dir='ltr'><strong>purificatam,</strong></span> <span class='ocrx_word' id='word_1_164' title='bbox 3517 660 3743 722; x_wconf 81' lang='lat' dir='ltr'><strong>conlisa</strong></span> 
     </span>
    </p>
   </div>
   <div class='ocr_carea' id='block_1_23' title="bbox 2091 744 3744 830">
    <p class='ocr_par' dir='ltr' id='par_1_23' title="bbox 2091 744 3744 830">
     <span class='ocr_line' id='line_1_23' title="bbox 2091 744 3744 830; baseline 0.005 -27"><span class='ocrx_word' id='word_1_165' title='bbox 2091 753 2176 804; x_wconf 80' lang='lat' dir='ltr'><strong>est</strong></span> <span class='ocrx_word' id='word_1_166' title='bbox 2200 744 2356 824; x_wconf 91' lang='lat' dir='ltr'><strong>quod</strong></span> <span class='ocrx_word' id='word_1_167' title='bbox 2388 763 2457 807; x_wconf 89' lang='lat' dir='ltr'><strong>ex</strong></span> <span class='ocrx_word' id='word_1_168' title='bbox 2491 747 2619 826; x_wconf 91' lang='lat' dir='ltr'><strong>ipsa</strong></span> <span class='ocrx_word' id='word_1_169' title='bbox 2648 757 3020 827; x_wconf 80' lang='lat' dir='ltr'><strong>peccatorum</strong></span> <span class='ocrx_word' id='word_1_170' title='bbox 3044 757 3513 830; x_wconf 80' lang='lat' dir='ltr'><strong>consequeretur</strong></span> <span class='ocrx_word' id='word_1_171' title='bbox 3531 749 3744 812; x_wconf 81' lang='lat' dir='ltr'><strong>remis-</strong></span> 
     </span>
    </p>
   </div>
   <div class='ocr_carea' id='block_1_24' title="bbox 2087 832 3740 920">
    <p class='ocr_par' dir='ltr' id='par_1_24' title="bbox 2087 832 3740 920">
     <span class='ocr_line' id='line_1_24' title="bbox 2087 832 3740 920; baseline 0.005 -28"><span class='ocrx_word' id='word_1_172' title='bbox 2087 832 2340 900; x_wconf 85' lang='lat' dir='ltr'><strong>sionem.</strong></span> <span class='ocrx_word' id='word_1_173' title='bbox 2395 843 2454 896; x_wconf 94' lang='lat' dir='ltr'><strong>et</strong></span> <span class='ocrx_word' id='word_1_174' title='bbox 2504 846 2915 915; x_wconf 87' lang='lat' dir='ltr'><strong>purgaretura</strong></span> <span class='ocrx_word' id='word_1_175' title='bbox 2962 839 3126 920; x_wconf 85' lang='lat' dir='ltr'><strong>lepra</strong></span> <span class='ocrx_word' id='word_1_176' title='bbox 3182 840 3414 900; x_wconf 67' lang='lat' dir='ltr'><strong>animae.</strong></span> <span class='ocrx_word' id='word_1_177' title='bbox 3474 842 3740 916; x_wconf 80' lang='lat' dir='ltr'><strong>Magnam</strong></span> 
     </span>
    </p>
   </div>
   <div class='ocr_carea' id='block_1_25' title="bbox 2089 922 3742 1008">
    <p class='ocr_par' dir='ltr' id='par_1_25' title="bbox 2089 922 3742 1008">
     <span class='ocr_line' id='line_1_25' title="bbox 2089 922 3742 1008; baseline 0.004 -26"><span class='ocrx_word' id='word_1_178' title='bbox 2089 931 2287 983; x_wconf 89' lang='lat' dir='ltr'><strong>autem</strong></span> <span class='ocrx_word' id='word_1_179' title='bbox 2322 922 2497 984; x_wconf 84' lang='lat' dir='ltr'><strong>ﬁdem</strong></span> <span class='ocrx_word' id='word_1_180' title='bbox 2533 927 2812 999; x_wconf 89' lang='lat' dir='ltr'><strong>ostendit,</strong></span> <span class='ocrx_word' id='word_1_181' title='bbox 2849 927 3004 1007; x_wconf 92' lang='lat' dir='ltr'><strong>quod</strong></span> <span class='ocrx_word' id='word_1_182' title='bbox 3040 937 3155 989; x_wconf 87' lang='lat' dir='ltr'><strong>tam</strong></span> <span class='ocrx_word' id='word_1_183' title='bbox 3189 929 3510 1008; x_wconf 80' lang='lat' dir='ltr'><strong>pretiosum</strong></span> <span class='ocrx_word' id='word_1_184' title='bbox 3542 946 3742 1001; x_wconf 84' lang='lat' dir='ltr'><strong>ungu—</strong></span> 
     </span>
    </p>
   </div>
   <div class='ocr_carea' id='block_1_26' title="bbox 2094 1012 3740 1097">
    <p class='ocr_par' dir='ltr' id='par_1_26' title="bbox 2094 1012 3740 1097">
     <span class='ocr_line' id='line_1_26' title="bbox 2094 1012 3740 1097; baseline 0.004 -27"><span class='ocrx_word' id='word_1_185' title='bbox 2094 1017 2297 1071; x_wconf 86' lang='lat' dir='ltr'><strong>entum</strong></span> <span class='ocrx_word' id='word_1_186' title='bbox 2330 1020 2389 1072; x_wconf 91' lang='lat' dir='ltr'><strong>et</strong></span> <span class='ocrx_word' id='word_1_187' title='bbox 2415 1012 2640 1091; x_wconf 73' lang='lat' dir='ltr'><strong>absque</strong></span> <span class='ocrx_word' id='word_1_188' title='bbox 2664 1016 3027 1093; x_wconf 89' lang='lat' dir='ltr'><strong>parcimonia</strong></span> <span class='ocrx_word' id='word_1_189' title='bbox 3059 1017 3119 1078; x_wconf 92' lang='lat' dir='ltr'><strong>in</strong></span> <span class='ocrx_word' id='word_1_190' title='bbox 3149 1026 3321 1097; x_wconf 89' lang='lat' dir='ltr'><strong>caput</strong></span> <span class='ocrx_word' id='word_1_191' title='bbox 3351 1017 3480 1095; x_wconf 85' lang='lat' dir='ltr'><strong>ejus</strong></span> <span class='ocrx_word' id='word_1_192' title='bbox 3511 1015 3740 1092; x_wconf 80' lang='lat' dir='ltr'><strong>eﬂ&#39;udit,</strong></span> 
     </span>
    </p>
   </div>
   <div class='ocr_carea' id='block_1_27' title="bbox 2099 1099 3742 1186">
    <p class='ocr_par' dir='ltr' id='par_1_27' title="bbox 2099 1099 3742 1186">
     <span class='ocr_line' id='line_1_27' title="bbox 2099 1099 3742 1186; baseline 0.004 -26"><span class='ocrx_word' id='word_1_193' title='bbox 2099 1099 2388 1162; x_wconf 88' lang='lat' dir='ltr'><strong>honorem</strong></span> <span class='ocrx_word' id='word_1_194' title='bbox 2422 1102 2714 1164; x_wconf 77' lang='lat' dir='ltr'><strong>exhibens</strong></span> <span class='ocrx_word' id='word_1_195' title='bbox 2747 1104 3015 1167; x_wconf 90' lang='lat' dir='ltr'><strong>membro</strong></span> <span class='ocrx_word' id='word_1_196' title='bbox 3049 1107 3369 1186; x_wconf 66' lang='lat' dir='ltr'><strong>praecipuo.</strong></span> <span class='ocrx_word' id='word_1_197' title='bbox 3402 1105 3476 1167; x_wconf 91' lang='lat' dir='ltr'><strong>Et</strong></span> <span class='ocrx_word' id='word_1_198' title='bbox 3507 1113 3565 1165; x_wconf 95' lang='lat' dir='ltr'><strong>tu</strong></span> <span class='ocrx_word' id='word_1_199' title='bbox 3587 1124 3742 1185; x_wconf 91' lang='lat' dir='ltr'><strong>quo-</strong></span> 
     </span>
    </p>
   </div>
   <div class='ocr_carea' id='block_1_28' title="bbox 2101 1186 3744 1274">
    <p class='ocr_par' dir='ltr' id='par_1_28' title="bbox 2101 1186 3744 1274">
     <span class='ocr_line' id='line_1_28' title="bbox 2101 1186 3744 1274; baseline 0.007 -30"><span class='ocrx_word' id='word_1_200' title='bbox 2101 1204 2215 1266; x_wconf 93' lang='lat' dir='ltr'><strong>que</strong></span> <span class='ocrx_word' id='word_1_201' title='bbox 2242 1186 2293 1247; x_wconf 90' lang='lat' dir='ltr'><strong>si</strong></span> <span class='ocrx_word' id='word_1_202' title='bbox 2325 1191 2483 1268; x_wconf 69' lang='lat' dir='ltr'><strong>lepra</strong></span> <span class='ocrx_word' id='word_1_203' title='bbox 2518 1189 2772 1267; x_wconf 79' lang='lat' dir='ltr'><strong>laboras,</strong></span> <span class='ocrx_word' id='word_1_204' title='bbox 2821 1201 2879 1253; x_wconf 90' lang='lat' dir='ltr'><strong>et</strong></span> <span class='ocrx_word' id='word_1_205' title='bbox 2928 1195 3263 1273; x_wconf 88' lang='lat' dir='ltr'><strong>pharisaica</strong></span> <span class='ocrx_word' id='word_1_206' title='bbox 3316 1195 3480 1274; x_wconf 84' lang='lat' dir='ltr'><strong>lepra</strong></span> <span class='ocrx_word' id='word_1_207' title='bbox 3509 1193 3744 1255; x_wconf 85' lang='lat' dir='ltr'><strong>inﬂatus</strong></span> 
     </span>
    </p>
   </div>
   <div class='ocr_carea' id='block_1_29' title="bbox 2096 1278 3742 1364">
    <p class='ocr_par' dir='ltr' id='par_1_29' title="bbox 2096 1278 3742 1364">
     <span class='ocr_line' id='line_1_29' title="bbox 2096 1278 3742 1364; baseline 0.006 -29"><span class='ocrx_word' id='word_1_208' title='bbox 2096 1294 2180 1348; x_wconf 89' lang='lat' dir='ltr'><strong>es,</strong></span> <span class='ocrx_word' id='word_1_209' title='bbox 2217 1296 2349 1358; x_wconf 76' lang='lat' dir='ltr'><strong>quae</strong></span> <span class='ocrx_word' id='word_1_210' title='bbox 2376 1298 2409 1340; x_wconf 87' lang='lat' dir='ltr'><strong>a</strong></span> <span class='ocrx_word' id='word_1_211' title='bbox 2440 1278 2562 1339; x_wconf 89' lang='lat' dir='ltr'><strong>Deo</strong></span> <span class='ocrx_word' id='word_1_212' title='bbox 2592 1291 2855 1360; x_wconf 81' lang='lat' dir='ltr'><strong>separat,</strong></span> <span class='ocrx_word' id='word_1_213' title='bbox 2888 1285 3126 1364; x_wconf 92' lang='lat' dir='ltr'><strong>suscipe</strong></span> <span class='ocrx_word' id='word_1_214' title='bbox 3170 1287 3371 1345; x_wconf 87' lang='lat' dir='ltr'><strong>Jesnm</strong></span> <span class='ocrx_word' id='word_1_215' title='bbox 3406 1287 3466 1344; x_wconf 90' lang='lat' dir='ltr'><strong>in</strong></span> <span class='ocrx_word' id='word_1_216' title='bbox 3497 1281 3742 1345; x_wconf 86' lang='lat' dir='ltr'><strong>domum</strong></span> 
     </span>
    </p>
   </div>
   <div class='ocr_carea' id='block_1_30' title="bbox 2094 1372 3743 1449">
    <p class='ocr_par' dir='ltr' id='par_1_30' title="bbox 2094 1372 3743 1449">
     <span class='ocr_line' id='line_1_30' title="bbox 2094 1372 3743 1449; baseline 0.005 -26"><span class='ocrx_word' id='word_1_217' title='bbox 2094 1373 2271 1432; x_wconf 85' lang='lat' dir='ltr'><strong>tuam.</strong></span> <span class='ocrx_word' id='word_1_218' title='bbox 2308 1375 2366 1427; x_wconf 91' lang='lat' dir='ltr'><strong>et</strong></span> <span class='ocrx_word' id='word_1_219' title='bbox 2391 1385 2545 1445; x_wconf 88' lang='lat' dir='ltr'><strong>uuge</strong></span> <span class='ocrx_word' id='word_1_220' title='bbox 2565 1384 2703 1432; x_wconf 90' lang='lat' dir='ltr'><strong>eum</strong></span> <span class='ocrx_word' id='word_1_221' title='bbox 2728 1382 3026 1449; x_wconf 85' lang='lat' dir='ltr'><strong>unguento</strong></span> <span class='ocrx_word' id='word_1_222' title='bbox 3056 1373 3360 1434; x_wconf 80' lang='lat' dir='ltr'><strong>virtutum.</strong></span> <span class='ocrx_word' id='word_1_223' title='bbox 3389 1374 3566 1433; x_wconf 84' lang='lat' dir='ltr'><strong>Potes</strong></span> <span class='ocrx_word' id='word_1_224' title='bbox 3586 1372 3743 1432; x_wconf 89' lang='lat' dir='ltr'><strong>enim</strong></span> 
     </span>
    </p>
   </div>
   <div class='ocr_carea' id='block_1_31' title="bbox 2091 1461 3745 1542">
    <p class='ocr_par' dir='ltr' id='par_1_31' title="bbox 2091 1461 3745 1542">
     <span class='ocr_line' id='line_1_31' title="bbox 2091 1461 3745 1542; baseline 0.004 -28"><span class='ocrx_word' id='word_1_225' title='bbox 2091 1471 2297 1542; x_wconf 87' lang='lat' dir='ltr'><strong>parare</strong></span> <span class='ocrx_word' id='word_1_226' title='bbox 2334 1468 2700 1533; x_wconf 81' lang='lat' dir='ltr'><strong>unguentum</strong></span> <span class='ocrx_word' id='word_1_227' title='bbox 2729 1461 2893 1540; x_wconf 79' lang='lat' dir='ltr'><strong>Jesu,</strong></span> <span class='ocrx_word' id='word_1_228' title='bbox 2938 1462 3036 1541; x_wconf 89' lang='lat' dir='ltr'><strong>qui</strong></span> <span class='ocrx_word' id='word_1_229' title='bbox 3069 1462 3294 1542; x_wconf 89' lang='lat' dir='ltr'><strong>lepram</strong></span> <span class='ocrx_word' id='word_1_230' title='bbox 3335 1469 3490 1522; x_wconf 88' lang='lat' dir='ltr'><strong>tuam</strong></span> <span class='ocrx_word' id='word_1_231' title='bbox 3525 1477 3745 1537; x_wconf 83' lang='lat' dir='ltr'><strong>purga-</strong></span> 
     </span>
    </p>
   </div>
   <div class='ocr_carea' id='block_1_32' title="bbox 2093 1541 3749 1628">
    <p class='ocr_par' dir='ltr' id='par_1_32' title="bbox 2093 1541 3749 1628">
     <span class='ocr_line' id='line_1_32' title="bbox 2093 1541 3749 1628; baseline 0.006 -28"><span class='ocrx_word' id='word_1_232' title='bbox 2093 1541 2188 1613; x_wconf 88' lang='lat' dir='ltr'><strong>vit,</strong></span> <span class='ocrx_word' id='word_1_233' title='bbox 2225 1552 2282 1604; x_wconf 91' lang='lat' dir='ltr'><strong>et</strong></span> <span class='ocrx_word' id='word_1_234' title='bbox 2308 1554 2481 1624; x_wconf 90' lang='lat' dir='ltr'><strong>caput</strong></span> <span class='ocrx_word' id='word_1_235' title='bbox 2500 1545 2629 1624; x_wconf 87' lang='lat' dir='ltr'><strong>ejus</strong></span> <span class='ocrx_word' id='word_1_236' title='bbox 2653 1566 3005 1628; x_wconf 82' lang='lat' dir='ltr'><strong>perungere.</strong></span> <span class='ocrx_word' id='word_1_237' title='bbox 3035 1541 3204 1621; x_wconf 86' lang='lat' dir='ltr'><strong>Quod</strong></span> <span class='ocrx_word' id='word_1_238' title='bbox 3234 1558 3429 1610; x_wconf 85' lang='lat' dir='ltr'><strong>autem</strong></span> <span class='ocrx_word' id='word_1_239' title='bbox 3458 1557 3548 1610; x_wconf 90' lang='lat' dir='ltr'><strong>est</strong></span> <span class='ocrx_word' id='word_1_240' title='bbox 3571 1555 3749 1628; x_wconf 91' lang='lat' dir='ltr'><strong>caput</strong></span> 
     </span>
    </p>
   </div>
   <div class='ocr_carea' id='block_1_33' title="bbox 2092 1631 3746 1721">
    <p class='ocr_par' dir='ltr' id='par_1_33' title="bbox 2092 1631 3746 1721">
     <span class='ocr_line' id='line_1_33' title="bbox 2092 1631 3746 1721; baseline 0.004 -27"><span class='ocrx_word' id='word_1_241' title='bbox 2092 1631 2310 1694; x_wconf 86' lang='lat' dir='ltr'><strong>Christi</strong></span> <span class='ocrx_word' id='word_1_242' title='bbox 2345 1632 2685 1696; x_wconf 81' lang='lat' dir='ltr'><strong>7Divinitas</strong></span> <span class='ocrx_word' id='word_1_243' title='bbox 2727 1636 2879 1717; x_wconf 88' lang='lat' dir='ltr'><strong>ejus,</strong></span> <span class='ocrx_word' id='word_1_244' title='bbox 2942 1640 3041 1700; x_wconf 91' lang='lat' dir='ltr'><strong>cui</strong></span> <span class='ocrx_word' id='word_1_245' title='bbox 3095 1638 3421 1721; x_wconf 80' lang='lat' dir='ltr'><strong>fragrantia</strong></span> <span class='ocrx_word' id='word_1_246' title='bbox 3465 1637 3746 1700; x_wconf 90' lang='lat' dir='ltr'><strong>virtutum</strong></span> 
     </span>
    </p>
   </div>
   <div class='ocr_carea' id='block_1_34' title="bbox 2089 1721 3749 1810">
    <p class='ocr_par' dir='ltr' id='par_1_34' title="bbox 2089 1721 3749 1810">
     <span class='ocr_line' id='line_1_34' title="bbox 2089 1721 3749 1810; baseline 0.005 -30"><span class='ocrx_word' id='word_1_247' title='bbox 2089 1721 2358 1785; x_wconf 74' lang='lat' dir='ltr'><strong>offertur.</strong></span> <span class='ocrx_word' id='word_1_248' title='bbox 2433 1745 2456 1779; x_wconf 76' lang='grc' dir='ltr'>α</span> <span class='ocrx_word' id='word_1_249' title='bbox 2518 1722 2827 1802; x_wconf 83' lang='lat' dir='ltr'><strong>Dirigatur</strong></span> <span class='ocrx_word' id='word_1_250' title='bbox 2901 1727 3114 1810; x_wconf 83' lang='lat' dir='ltr'><strong>inquit,</strong></span> <span class='ocrx_word' id='word_1_251' title='bbox 3174 1729 3360 1789; x_wconf 86' lang='lat' dir='ltr'><strong>oratio</strong></span> <span class='ocrx_word' id='word_1_252' title='bbox 3417 1744 3550 1788; x_wconf 87' lang='lat' dir='ltr'><strong>mea</strong></span> <span class='ocrx_word' id='word_1_253' title='bbox 3593 1726 3749 1788; x_wconf 86' lang='lat' dir='ltr'><strong>sicut</strong></span> 
     </span>
    </p>
   </div>
   <div class='ocr_carea' id='block_1_35' title="bbox 2089 1809 3748 1898">
    <p class='ocr_par' dir='ltr' id='par_1_35' title="bbox 2089 1809 3748 1898">
     <span class='ocr_line' id='line_1_35' title="bbox 2089 1809 3748 1898; baseline 0.006 -29"><span class='ocrx_word' id='word_1_254' title='bbox 2089 1809 2408 1890; x_wconf 82' lang='lat' dir='ltr'><strong>thymiama</strong></span> <span class='ocrx_word' id='word_1_255' title='bbox 2462 1813 2524 1873; x_wconf 89' lang='lat' dir='ltr'><strong>in</strong></span> <span class='ocrx_word' id='word_1_256' title='bbox 2576 1832 2897 1895; x_wconf 91' lang='lat' dir='ltr'><strong>conspectu</strong></span> <span class='ocrx_word' id='word_1_257' title='bbox 2945 1826 3071 1898; x_wconf 90' lang='lat' dir='ltr'><strong>tuo,</strong></span> <span class='ocrx_word' id='word_1_258' title='bbox 3102 1809 3474 1879; x_wconf 83' lang='lat' dir='ltr'><strong>Domine08.</strong></span> <span class='ocrx_word' id='word_1_259' title='bbox 3527 1841 3554 1870; x_wconf 74' lang='grc' dir='ltr'><strong><em>ι</em></strong></span> <span class='ocrx_word' id='word_1_260' title='bbox 3594 1817 3748 1879; x_wconf 80' lang='lat' dir='ltr'><strong>Aﬂ&#39;er</strong></span> 
     </span>
    </p>
   </div>
   <div class='ocr_carea' id='block_1_36' title="bbox 344 1898 2017 1986">
    <p class='ocr_par' dir='ltr' id='par_1_36' title="bbox 344 1898 2012 1986">
     <span class='ocr_line' id='line_1_36' title="bbox 344 1898 2012 1986; baseline 0.005 -26"><span class='ocrx_word' id='word_1_261' title='bbox 344 1907 586 1980; x_wconf 69' lang='grc' dir='ltr'>θυμίαμα</span> <span class='ocrx_word' id='word_1_262' title='bbox 629 1905 855 1964; x_wconf 74' lang='grc' dir='ltr'>ένώπιόν</span> <span class='ocrx_word' id='word_1_263' title='bbox 915 1929 1030 1978; x_wconf 66' lang='lat' dir='ltr'><strong>sou,</strong></span> <span class='ocrx_word' id='word_1_264' title='bbox 1092 1908 1267 1986; x_wconf 79' lang='grc' dir='ltr'>Κύριε.</span> <span class='ocrx_word' id='word_1_265' title='bbox 1303 1926 1331 1965; x_wconf 73' lang='grc' dir='ltr'><strong>ι</strong></span> <span class='ocrx_word' id='word_1_266' title='bbox 1397 1898 1652 1965; x_wconf 48' lang='grc' dir='ltr'>Εὗωδίαν</span> <span class='ocrx_word' id='word_1_267' title='bbox 1683 1911 1768 1965; x_wconf 77' lang='grc' dir='ltr'>οὖν</span> <span class='ocrx_word' id='word_1_268' title='bbox 1799 1917 1897 1977; x_wconf 78' lang='grc' dir='ltr'>τὴν</span> <span class='ocrx_word' id='word_1_269' title='bbox 1949 1914 2012 1968; x_wconf 58' lang='lat' dir='ltr'><strong>kx</strong></span> 
     </span>
    </p>
   </div>
   <div class='ocr_carea' id='block_1_37' title="bbox 2103 1898 3748 1986">
    <p class='ocr_par' dir='ltr' id='par_1_37' title="bbox 2103 1898 3748 1983">
     <span class='ocr_line' id='line_1_37' title="bbox 2103 1898 3748 1983; baseline 0.005 -26"><span class='ocrx_word' id='word_1_270' title='bbox 2103 1898 2276 1977; x_wconf 81' lang='lat' dir='ltr'><strong>igitur</strong></span> <span class='ocrx_word' id='word_1_271' title='bbox 2306 1899 2681 1979; x_wconf 76' lang='lat' dir='ltr'><strong>fragrantiam</strong></span> <span class='ocrx_word' id='word_1_272' title='bbox 2724 1905 3011 1983; x_wconf 83' lang='lat' dir='ltr'><strong>unguenti</strong></span> <span class='ocrx_word' id='word_1_273' title='bbox 3061 1923 3134 1967; x_wconf 82' lang='lat' dir='ltr'><strong>ex</strong></span> <span class='ocrx_word' id='word_1_274' title='bbox 3187 1903 3386 1966; x_wconf 84' lang='lat' dir='ltr'><strong>multis</strong></span> <span class='ocrx_word' id='word_1_275' title='bbox 3430 1903 3748 1966; x_wconf 72' lang='lat' dir='ltr'><strong>virtutibus</strong></span> 
     </span>
    </p>
   </div>
   <div class='ocr_carea' id='block_1_38' title="bbox 348 1988 2017 2078">
    <p class='ocr_par' dir='ltr' id='par_1_38' title="bbox 348 1995 2010 2078">
     <span class='ocr_line' id='line_1_38' title="bbox 348 1995 2010 2078; baseline 0.004 -29"><span class='ocrx_word' id='word_1_276' title='bbox 348 2002 443 2051; x_wconf 72' lang='grc' dir='ltr'>τοῦ</span> <span class='ocrx_word' id='word_1_277' title='bbox 517 1995 898 2056; x_wconf 79' lang='grc' dir='ltr'>πολυσυνθέτου</span> <span class='ocrx_word' id='word_1_278' title='bbox 957 1996 1117 2076; x_wconf 78' lang='grc' dir='ltr'>μύρου</span> <span class='ocrx_word' id='word_1_279' title='bbox 1158 1998 1265 2053; x_wconf 74' lang='grc' dir='ltr'>τῶν</span> <span class='ocrx_word' id='word_1_280' title='bbox 1321 1997 1520 2074; x_wconf 79' lang='grc' dir='ltr'>ἀρετῶν</span> <span class='ocrx_word' id='word_1_281' title='bbox 1578 1999 1886 2078; x_wconf 71' lang='grc' dir='ltr'>προσάγαγε</span> <span class='ocrx_word' id='word_1_282' title='bbox 1942 2008 2010 2077; x_wconf 76' lang='grc' dir='ltr'><strong>τῇ</strong></span> 
     </span>
    </p>
   </div>
   <div class='ocr_carea' id='block_1_39' title="bbox 2103 1988 3746 2078">
    <p class='ocr_par' dir='ltr' id='par_1_39' title="bbox 2103 1988 3746 2078">
     <span class='ocr_line' id='line_1_39' title="bbox 2103 1988 3746 2078; baseline 0.004 -30"><span class='ocrx_word' id='word_1_283' title='bbox 2103 1988 2355 2078; x_wconf 79' lang='lat' dir='ltr'><strong>confecti</strong></span> <span class='ocrx_word' id='word_1_284' title='bbox 2377 1989 2669 2051; x_wconf 86' lang='lat' dir='ltr'><strong>divinitati</strong></span> <span class='ocrx_word' id='word_1_285' title='bbox 2689 1991 2935 2056; x_wconf 84' lang='lat' dir='ltr'><strong>Christi.</strong></span> <span class='ocrx_word' id='word_1_286' title='bbox 2963 1993 3114 2066; x_wconf 89' lang='lat' dir='ltr'><strong>Quin</strong></span> <span class='ocrx_word' id='word_1_287' title='bbox 3140 1995 3313 2055; x_wconf 84' lang='lat' dir='ltr'><strong>etiam</strong></span> <span class='ocrx_word' id='word_1_288' title='bbox 3334 1994 3524 2054; x_wconf 89' lang='lat' dir='ltr'><strong>sinon</strong></span> <span class='ocrx_word' id='word_1_289' title='bbox 3547 1992 3746 2055; x_wconf 89' lang='lat' dir='ltr'><strong>solum</strong></span> 
     </span>
    </p>
   </div>
   <div class='ocr_carea' id='block_1_40' title="bbox 346 2077 2017 2166">
    <p class='ocr_par' dir='ltr' id='par_1_40' title="bbox 346 2085 2006 2166">
     <span class='ocr_line' id='line_1_40' title="bbox 346 2085 2006 2166; baseline 0.004 -26"><span class='ocrx_word' id='word_1_290' title='bbox 346 2087 566 2152; x_wconf 75' lang='grc' dir='ltr'>θεότητι</span> <span class='ocrx_word' id='word_1_291' title='bbox 610 2095 701 2144; x_wconf 76' lang='grc' dir='ltr'>τοῦ</span> <span class='ocrx_word' id='word_1_292' title='bbox 757 2089 983 2166; x_wconf 70' lang='grc' dir='ltr'>Χριστοῦ</span> <span class='ocrx_word' id='word_1_293' title='bbox 1018 2105 1033 2121; x_wconf 92' lang='grc'><strong>·</strong></span> <span class='ocrx_word' id='word_1_294' title='bbox 1079 2085 1215 2143; x_wconf 71' lang='grc' dir='ltr'>ἀλλὰ</span> <span class='ocrx_word' id='word_1_295' title='bbox 1255 2085 1320 2154; x_wconf 77' lang='grc' dir='ltr'>δὴ</span> <span class='ocrx_word' id='word_1_296' title='bbox 1379 2089 1466 2144; x_wconf 84' lang='grc' dir='ltr'>καὶ</span> <span class='ocrx_word' id='word_1_297' title='bbox 1510 2090 1554 2144; x_wconf 80' lang='grc' dir='ltr'><strong>εί</strong></span> <span class='ocrx_word' id='word_1_298' title='bbox 1582 2089 1661 2162; x_wconf 72' lang='grc' dir='ltr'>μὴ</span> <span class='ocrx_word' id='word_1_299' title='bbox 1704 2089 1865 2164; x_wconf 85' lang='grc' dir='ltr'>μόνον</span> <span class='ocrx_word' id='word_1_300' title='bbox 1910 2089 2006 2146; x_wconf 73' lang='grc' dir='ltr'>ἇν-</span> 
     </span>
    </p>
   </div>
   <div class='ocr_carea' id='block_1_41' title="bbox 2103 2077 3742 2166">
    <p class='ocr_par' dir='ltr' id='par_1_41' title="bbox 2103 2077 3742 2156">
     <span class='ocr_line' id='line_1_41' title="bbox 2103 2077 3742 2156; baseline 0.003 -19"><span class='ocrx_word' id='word_1_301' title='bbox 2103 2077 2396 2140; x_wconf 87' lang='lat' dir='ltr'><strong>hominem</strong></span> <span class='ocrx_word' id='word_1_302' title='bbox 2417 2078 2583 2139; x_wconf 91' lang='lat' dir='ltr'><strong>illum</strong></span> <span class='ocrx_word' id='word_1_303' title='bbox 2607 2098 2741 2143; x_wconf 86' lang='lat' dir='ltr'><strong>esse</strong></span> <span class='ocrx_word' id='word_1_304' title='bbox 2756 2081 3055 2155; x_wconf 88' lang='lat' dir='ltr'><strong>docueris,</strong></span> <span class='ocrx_word' id='word_1_305' title='bbox 3079 2082 3183 2143; x_wconf 92' lang='lat' dir='ltr'><strong>sed</strong></span> <span class='ocrx_word' id='word_1_306' title='bbox 3208 2082 3429 2144; x_wconf 83' lang='lat' dir='ltr'><strong>dixeris</strong></span> <span class='ocrx_word' id='word_1_307' title='bbox 3451 2089 3509 2142; x_wconf 90' lang='lat' dir='ltr'><strong>ct</strong></span> <span class='ocrx_word' id='word_1_308' title='bbox 3530 2082 3742 2156; x_wconf 88' lang='lat' dir='ltr'><strong>Deum,</strong></span> 
     </span>
    </p>
   </div>
   <div class='ocr_carea' id='block_1_42' title="bbox 344 2169 2017 2257">
    <p class='ocr_par' dir='ltr' id='par_1_42' title="bbox 344 2175 2006 2257">
     <span class='ocr_line' id='line_1_42' title="bbox 344 2175 2006 2257; baseline 0.002 -27"><span class='ocrx_word' id='word_1_309' title='bbox 344 2179 560 2250; x_wconf 82' lang='grc' dir='ltr'>θρωπον</span> <span class='ocrx_word' id='word_1_310' title='bbox 613 2177 769 2252; x_wconf 74' lang='grc' dir='ltr'>ψιλὸν</span> <span class='ocrx_word' id='word_1_311' title='bbox 856 2177 1012 2234; x_wconf 65' lang='grc' dir='ltr'>αὐτὸν</span> <span class='ocrx_word' id='word_1_312' title='bbox 1083 2175 1440 2257; x_wconf 80' lang='grc' dir='ltr'>δογματίζεις,</span> <span class='ocrx_word' id='word_1_313' title='bbox 1502 2176 1640 2234; x_wconf 82' lang='grc' dir='ltr'>ἀλλὰ</span> <span class='ocrx_word' id='word_1_314' title='bbox 1692 2180 1779 2235; x_wconf 87' lang='grc' dir='ltr'><strong>καὶ</strong></span> <span class='ocrx_word' id='word_1_315' title='bbox 1851 2181 2006 2254; x_wconf 78' lang='grc' dir='ltr'>Θεὸν,</span> 
     </span>
    </p>
   </div>
   <div class='ocr_carea' id='block_1_43' title="bbox 2103 2169 3749 2257">
    <p class='ocr_par' dir='ltr' id='par_1_43' title="bbox 2103 2169 3749 2257">
     <span class='ocr_line' id='line_1_43' title="bbox 2103 2169 3749 2257; baseline 0.004 -31"><span class='ocrx_word' id='word_1_316' title='bbox 2103 2173 2233 2226; x_wconf 79' lang='lat' dir='ltr'><strong>tunc</strong></span> <span class='ocrx_word' id='word_1_317' title='bbox 2262 2175 2438 2248; x_wconf 92' lang='lat' dir='ltr'><strong>caput</strong></span> <span class='ocrx_word' id='word_1_318' title='bbox 2484 2187 2683 2257; x_wconf 84' lang='lat' dir='ltr'><strong>suum,</strong></span> <span class='ocrx_word' id='word_1_319' title='bbox 2717 2170 2830 2231; x_wconf 91' lang='lat' dir='ltr'><strong>hoc</strong></span> <span class='ocrx_word' id='word_1_320' title='bbox 2881 2181 2970 2233; x_wconf 90' lang='lat' dir='ltr'><strong>est</strong></span> <span class='ocrx_word' id='word_1_321' title='bbox 3019 2171 3409 2251; x_wconf 84' lang='lat' dir='ltr'><strong>divinitatem,</strong></span> <span class='ocrx_word' id='word_1_322' title='bbox 3463 2169 3749 2249; x_wconf 86' lang='lat' dir='ltr'><strong>fragranti</strong></span> 
     </span>
    </p>
   </div>
   <div class='ocr_carea' id='block_1_44' title="bbox 348 2256 2017 2349">
    <p class='ocr_par' dir='ltr' id='par_1_44' title="bbox 348 2265 2003 2349">
     <span class='ocr_line' id='line_1_44' title="bbox 348 2265 2003 2349; baseline 0.004 -30"><span class='ocrx_word' id='word_1_323' title='bbox 348 2266 476 2321; x_wconf 87' lang='grc' dir='ltr'>τότε</span> <span class='ocrx_word' id='word_1_324' title='bbox 520 2268 619 2334; x_wconf 76' lang='grc' dir='ltr'><strong>τὴν</strong></span> <span class='ocrx_word' id='word_1_325' title='bbox 661 2266 900 2349; x_wconf 78' lang='grc' dir='ltr'>κεφαλὴν</span> <span class='ocrx_word' id='word_1_326' title='bbox 945 2270 1100 2324; x_wconf 71' lang='grc' dir='ltr'>αὐτοῦ</span> <span class='ocrx_word' id='word_1_327' title='bbox 1143 2265 1258 2333; x_wconf 70' lang='grc' dir='ltr'>ἦτοι</span> <span class='ocrx_word' id='word_1_328' title='bbox 1296 2267 1396 2333; x_wconf 67' lang='grc' dir='ltr'>τὴν</span> <span class='ocrx_word' id='word_1_329' title='bbox 1439 2266 1665 2334; x_wconf 83' lang='grc' dir='ltr'>θεότητα</span> <span class='ocrx_word' id='word_1_330' title='bbox 1695 2266 2003 2343; x_wconf 73' lang='grc' dir='ltr'>εὖωδίασας,</span> 
     </span>
    </p>
   </div>
   <div class='ocr_carea' id='block_1_45' title="bbox 2103 2256 3640 2349">
    <p class='ocr_par' dir='ltr' id='par_1_45' title="bbox 2103 2256 3640 2340">
     <span class='ocr_line' id='line_1_45' title="bbox 2103 2256 3640 2340; baseline 0.005 -24"><span class='ocrx_word' id='word_1_331' title='bbox 2103 2271 2400 2333; x_wconf 89' lang='lat' dir='ltr'><strong>unguento</strong></span> <span class='ocrx_word' id='word_1_332' title='bbox 2433 2256 2781 2336; x_wconf 81' lang='lat' dir='ltr'><strong>perfundes,</strong></span> <span class='ocrx_word' id='word_1_333' title='bbox 2822 2260 2935 2322; x_wconf 86' lang='lat' dir='ltr'><strong>hoc</strong></span> <span class='ocrx_word' id='word_1_334' title='bbox 2965 2268 3074 2340; x_wconf 89' lang='lat' dir='ltr'><strong>est,</strong></span> <span class='ocrx_word' id='word_1_335' title='bbox 3111 2261 3449 2340; x_wconf 77' lang='lat' dir='ltr'><strong>theologum</strong></span> <span class='ocrx_word' id='word_1_336' title='bbox 3479 2277 3640 2338; x_wconf 85' lang='lat' dir='ltr'><strong>ages.</strong></span> 
     </span>
    </p>
   </div>
   <div class='ocr_carea' id='block_1_46' title="bbox 346 2356 1035 2435">
    <p class='ocr_par' dir='ltr' id='par_1_46' title="bbox 346 2356 1035 2435">
     <span class='ocr_line' id='line_1_46' title="bbox 346 2356 1035 2435; baseline 0.015 -25"><span class='ocrx_word' id='word_1_337' title='bbox 346 2356 648 2430; x_wconf 72' lang='grc' dir='ltr'>τουτέστιν,</span> <span class='ocrx_word' id='word_1_338' title='bbox 683 2356 1035 2435; x_wconf 77' lang='grc' dir='ltr'>ὶθεολόγησας</span> 
     </span>
    </p>
   </div>
   <div class='ocr_carea' id='block_1_47' title="bbox 439 2433 2017 2530">
    <p class='ocr_par' dir='ltr' id='par_1_47' title="bbox 439 2433 2011 2530">
     <span class='ocr_line' id='line_1_47' title="bbox 439 2433 2011 2530; baseline 0 -30"><span class='ocrx_word' id='word_1_339' title='bbox 439 2471 469 2500; x_wconf 72' lang='grc' dir='ltr'><strong>α</strong></span> <span class='ocrx_word' id='word_1_340' title='bbox 504 2444 725 2512; x_wconf 82' lang='grc' dir='ltr'>Ἰδόντες</span> <span class='ocrx_word' id='word_1_341' title='bbox 807 2433 885 2503; x_wconf 26' lang='grc' dir='ltr'><strong>δὲ-</strong></span> <span class='ocrx_word' id='word_1_342' title='bbox 951 2450 996 2503; x_wconf 74' lang='grc' dir='ltr'>οἱ</span> <span class='ocrx_word' id='word_1_343' title='bbox 1075 2447 1304 2520; x_wconf 79' lang='grc' dir='ltr'>μαθηταὶ</span> <span class='ocrx_word' id='word_1_344' title='bbox 1374 2446 1552 2518; x_wconf 68' lang='grc' dir='ltr'>αιότοῦ,</span> <span class='ocrx_word' id='word_1_345' title='bbox 1610 2446 2011 2530; x_wconf 78' lang='grc' dir='ltr'>ἠγανάκτησαν,</span> 
     </span>
    </p>
   </div>
   <div class='ocr_carea' id='block_1_48' title="bbox 2103 2433 3752 2530">
    <p class='ocr_par' dir='ltr' id='par_1_48' title="bbox 2180 2433 3752 2530">
     <span class='ocr_line' id='line_1_48' title="bbox 2180 2433 3752 2530; baseline 0.007 -38"><span class='ocrx_word' id='word_1_346' title='bbox 2180 2433 2365 2530; x_wconf 73' lang='lat' dir='ltr'><strong>Vsus.</strong></span> <span class='ocrx_word' id='word_1_347' title='bbox 2385 2433 2488 2496; x_wconf 83' lang='lat' dir='ltr'><strong>8-l</strong></span> <span class='ocrx_word' id='word_1_348' title='bbox 2510 2442 2525 2496; x_wconf 92' lang='lat' dir='ltr'><strong>l</strong></span> <span class='ocrx_word' id='word_1_349' title='bbox 2547 2460 2598 2497; x_wconf 74' lang='grc' dir='ltr'><strong>,α</strong></span> <span class='ocrx_word' id='word_1_350' title='bbox 2628 2436 2914 2530; x_wconf 77' lang='lat' dir='ltr'><strong>Videntes</strong></span> <span class='ocrx_word' id='word_1_351' title='bbox 2928 2446 3128 2530; x_wconf 84' lang='lat' dir='ltr'><strong>autem</strong></span> <span class='ocrx_word' id='word_1_352' title='bbox 3157 2439 3434 2519; x_wconf 89' lang='lat' dir='ltr'><strong>discipuli</strong></span> <span class='ocrx_word' id='word_1_353' title='bbox 3463 2433 3752 2523; x_wconf 75' lang='lat' dir='ltr'><strong>indignati</strong></span> 
     </span>
    </p>
   </div>
   <div class='ocr_carea' id='block_1_49' title="bbox 346 2523 2017 2616">
    <p class='ocr_par' dir='ltr' id='par_1_49' title="bbox 346 2523 2013 2616">
     <span class='ocr_line' id='line_1_49' title="bbox 346 2523 2013 2616; baseline 0.002 -24"><span class='ocrx_word' id='word_1_354' title='bbox 346 2535 600 2614; x_wconf 82' lang='grc' dir='ltr'>λέγοντες</span> <span class='ocrx_word' id='word_1_355' title='bbox 634 2556 648 2570; x_wconf 74' lang='grc'><strong>⁸</strong></span> <span class='ocrx_word' id='word_1_356' title='bbox 701 2539 784 2598; x_wconf 77' lang='grc' dir='ltr'><strong>Εἰς</strong></span> <span class='ocrx_word' id='word_1_357' title='bbox 812 2537 864 2592; x_wconf 84' lang='grc' dir='ltr'><strong>τί</strong></span> <span class='ocrx_word' id='word_1_358' title='bbox 905 2538 940 2603; x_wconf 76' lang='grc' dir='ltr'>ἡ</span> <span class='ocrx_word' id='word_1_359' title='bbox 973 2534 1213 2592; x_wconf 78' lang='grc' dir='ltr'>ἀπώλεια</span> <span class='ocrx_word' id='word_1_360' title='bbox 1245 2535 1376 2602; x_wconf 78' lang='grc' dir='ltr'>αὕτη</span> <span class='ocrx_word' id='word_1_361' title='bbox 1410 2554 1427 2609; x_wconf 86' lang='grc'><strong>;</strong></span> <span class='ocrx_word' id='word_1_362' title='bbox 1477 2523 1700 2603; x_wconf 71' lang='grc' dir='ltr'>ἠδυνατο</span> <span class='ocrx_word' id='word_1_363' title='bbox 1732 2537 1832 2616; x_wconf 78' lang='grc' dir='ltr'>γὰρ</span> <span class='ocrx_word' id='word_1_364' title='bbox 1860 2523 2013 2596; x_wconf 81' lang='grc' dir='ltr'>τοῦτο</span> 
     </span>
    </p>
   </div>
   <div class='ocr_carea' id='block_1_50' title="bbox 2103 2523 3749 2616">
    <p class='ocr_par' dir='ltr' id='par_1_50' title="bbox 2103 2523 3749 2616">
     <span class='ocr_line' id='line_1_50' title="bbox 2103 2523 3749 2616; baseline 0.006 -34"><span class='ocrx_word' id='word_1_365' title='bbox 2103 2530 2259 2616; x_wconf 81' lang='lat' dir='ltr'><strong>sunt,</strong></span> <span class='ocrx_word' id='word_1_366' title='bbox 2287 2523 2556 2585; x_wconf 90' lang='lat' dir='ltr'><strong>dicentes</strong></span> <span class='ocrx_word' id='word_1_367' title='bbox 2582 2542 2594 2585; x_wconf 92' lang='lat'>:</span> <span class='ocrx_word' id='word_1_368' title='bbox 2635 2527 2718 2588; x_wconf 82' lang='lat' dir='ltr'><strong>Ad</strong></span> <span class='ocrx_word' id='word_1_369' title='bbox 2745 2527 2886 2607; x_wconf 87' lang='lat' dir='ltr'><strong>quid</strong></span> <span class='ocrx_word' id='word_1_370' title='bbox 2922 2528 3172 2607; x_wconf 89' lang='lat' dir='ltr'><strong>perditio</strong></span> <span class='ocrx_word' id='word_1_371' title='bbox 3197 2530 3354 2593; x_wconf 65' lang='lat' dir='ltr'><strong>hac?</strong></span> <span class='ocrx_word' id='word_1_372' title='bbox 3375 2533 3569 2595; x_wconf 80' lang='lat' dir='ltr'><strong>Potuit</strong></span> <span class='ocrx_word' id='word_1_373' title='bbox 3589 2531 3749 2595; x_wconf 88' lang='lat' dir='ltr'><strong>enim</strong></span> 
     </span>
    </p>
   </div>
   <div class='ocr_carea' id='block_1_51' title="bbox 345 2614 2017 2707">
    <p class='ocr_par' dir='ltr' id='par_1_51' title="bbox 345 2614 2010 2707">
     <span class='ocr_line' id='line_1_51' title="bbox 345 2614 2010 2707; baseline 0.001 -26"><span class='ocrx_word' id='word_1_374' title='bbox 345 2630 409 2684; x_wconf 81' lang='grc' dir='ltr'><strong>τὸ</strong></span> <span class='ocrx_word' id='word_1_375' title='bbox 449 2628 612 2705; x_wconf 79' lang='grc' dir='ltr'>μύρον</span> <span class='ocrx_word' id='word_1_376' title='bbox 672 2630 933 2703; x_wconf 80' lang='grc' dir='ltr'>πραθῆναι</span> <span class='ocrx_word' id='word_1_377' title='bbox 997 2624 1219 2698; x_wconf 82' lang='grc' dir='ltr'>πολλοῦ,</span> <span class='ocrx_word' id='word_1_378' title='bbox 1293 2625 1382 2681; x_wconf 78' lang='grc' dir='ltr'>καὶ</span> <span class='ocrx_word' id='word_1_379' title='bbox 1463 2623 1673 2692; x_wconf 69' lang='grc' dir='ltr'>δοθῆναι</span> <span class='ocrx_word' id='word_1_380' title='bbox 1735 2614 2010 2707; x_wconf 83' lang='grc' dir='ltr'>πτωχοῖς,</span> 
     </span>
    </p>
   </div>
   <div class='ocr_carea' id='block_1_52' title="bbox 2103 2614 3750 2707">
    <p class='ocr_par' dir='ltr' id='par_1_52' title="bbox 2103 2614 3750 2707">
     <span class='ocr_line' id='line_1_52' title="bbox 2103 2614 3750 2707; baseline 0.007 -33"><span class='ocrx_word' id='word_1_381' title='bbox 2103 2614 2256 2707; x_wconf 83' lang='lat' dir='ltr'><strong>istud</strong></span> <span class='ocrx_word' id='word_1_382' title='bbox 2289 2627 2660 2707; x_wconf 71' lang='lat' dir='ltr'><strong>unguentum</strong></span> <span class='ocrx_word' id='word_1_383' title='bbox 2683 2619 3020 2680; x_wconf 82' lang='lat' dir='ltr'><strong>venundari</strong></span> <span class='ocrx_word' id='word_1_384' title='bbox 3045 2639 3255 2698; x_wconf 90' lang='lat' dir='ltr'><strong>magno</strong></span> <span class='ocrx_word' id='word_1_385' title='bbox 3288 2631 3347 2684; x_wconf 89' lang='lat' dir='ltr'><strong>et</strong></span> <span class='ocrx_word' id='word_1_386' title='bbox 3366 2624 3492 2686; x_wconf 85' lang='lat' dir='ltr'><strong>dari</strong></span> <span class='ocrx_word' id='word_1_387' title='bbox 3527 2642 3750 2704; x_wconf 89' lang='lat' dir='ltr'><strong>paupe-</strong></span> 
     </span>
    </p>
   </div>
   <div class='ocr_carea' id='block_1_53' title="bbox 356 2703 2017 2796">
    <p class='ocr_par' dir='ltr' id='par_1_53' title="bbox 356 2703 2014 2796">
     <span class='ocr_line' id='line_1_53' title="bbox 356 2703 2014 2796; baseline 0.001 -25"><span class='ocrx_word' id='word_1_388' title='bbox 356 2703 534 2780; x_wconf 60' lang='grc' dir='ltr'>Γνοὺς</span> <span class='ocrx_word' id='word_1_389' title='bbox 571 2715 624 2771; x_wconf 74' lang='grc' dir='ltr'>δὲ</span> <span class='ocrx_word' id='word_1_390' title='bbox 683 2718 710 2773; x_wconf 99' lang='lat'><strong>6</strong></span> <span class='ocrx_word' id='word_1_391' title='bbox 770 2714 976 2783; x_wconf 70' lang='grc' dir='ltr'>’ἰησοῦς</span> <span class='ocrx_word' id='word_1_392' title='bbox 1033 2715 1186 2771; x_wconf 74' lang='grc' dir='ltr'>εἶπεν</span> <span class='ocrx_word' id='word_1_393' title='bbox 1241 2716 1423 2778; x_wconf 69' lang='grc' dir='ltr'>αὺτοῖς</span> <span class='ocrx_word' id='word_1_394' title='bbox 1460 2734 1475 2751; x_wconf 87' lang='grc'>⁶</span> <span class='ocrx_word' id='word_1_395' title='bbox 1536 2715 1597 2773; x_wconf 86' lang='grc' dir='ltr'>Τί</span> <span class='ocrx_word' id='word_1_396' title='bbox 1649 2703 2014 2796; x_wconf 23' lang='grc' dir='ltr'>κόπουςνπαρ-</span> 
     </span>
    </p>
   </div>
   <div class='ocr_carea' id='block_1_54' title="bbox 2103 2703 3753 2796">
    <p class='ocr_par' dir='ltr' id='par_1_54' title="bbox 2103 2703 3753 2788">
     <span class='ocr_line' id='line_1_54' title="bbox 2103 2703 3753 2788; baseline 0.007 -26"><span class='ocrx_word' id='word_1_397' title='bbox 2103 2703 2285 2764; x_wconf 90' lang='lat' dir='ltr'><strong>ribus.</strong></span> <span class='ocrx_word' id='word_1_398' title='bbox 2321 2705 2406 2766; x_wconf 83' lang='lat' dir='ltr'><strong>Eo</strong></span> <span class='ocrx_word' id='word_1_399' title='bbox 2435 2715 2632 2766; x_wconf 88' lang='lat' dir='ltr'><strong>autem</strong></span> <span class='ocrx_word' id='word_1_400' title='bbox 2665 2709 2924 2788; x_wconf 82' lang='lat' dir='ltr'><strong>cognito,</strong></span> <span class='ocrx_word' id='word_1_401' title='bbox 2951 2711 3125 2772; x_wconf 82' lang='lat' dir='ltr'><strong>.Iesus</strong></span> <span class='ocrx_word' id='word_1_402' title='bbox 3143 2712 3224 2772; x_wconf 88' lang='lat' dir='ltr'><strong>ait</strong></span> <span class='ocrx_word' id='word_1_403' title='bbox 3246 2711 3363 2772; x_wconf 90' lang='lat' dir='ltr'><strong>illis</strong></span> <span class='ocrx_word' id='word_1_404' title='bbox 3392 2735 3403 2775; x_wconf 89' lang='lat'>:</span> <span class='ocrx_word' id='word_1_405' title='bbox 3435 2703 3586 2786; x_wconf 86' lang='lat' dir='ltr'><strong>Quid</strong></span> <span class='ocrx_word' id='word_1_406' title='bbox 3621 2703 3753 2774; x_wconf 86' lang='lat' dir='ltr'><strong>mo-</strong></span> 
     </span>
    </p>
   </div>
   <div class='ocr_carea' id='block_1_55' title="bbox 346 2791 2017 2888">
    <p class='ocr_par' dir='ltr' id='par_1_55' title="bbox 346 2791 2012 2888">
     <span class='ocr_line' id='line_1_55' title="bbox 346 2791 2012 2888; baseline -0.002 -24"><span class='ocrx_word' id='word_1_407' title='bbox 346 2809 509 2888; x_wconf 81' lang='grc' dir='ltr'>έχετε</span> <span class='ocrx_word' id='word_1_408' title='bbox 568 2811 635 2882; x_wconf 76' lang='grc' dir='ltr'><strong>τῇ</strong></span> <span class='ocrx_word' id='word_1_409' title='bbox 695 2806 950 2882; x_wconf 74' lang='grc' dir='ltr'>γυναικίς</span> <span class='ocrx_word' id='word_1_410' title='bbox 996 2803 1210 2882; x_wconf 70' lang='grc' dir='ltr'>’Ἔργον</span> <span class='ocrx_word' id='word_1_411' title='bbox 1254 2805 1353 2882; x_wconf 74' lang='grc' dir='ltr'>γὰρ</span> <span class='ocrx_word' id='word_1_412' title='bbox 1401 2801 1564 2859; x_wconf 79' lang='grc' dir='ltr'>καλὸν</span> <span class='ocrx_word' id='word_1_413' title='bbox 1608 2803 1885 2881; x_wconf 73' lang='grc' dir='ltr'>εἶργέσατο</span> <span class='ocrx_word' id='word_1_414' title='bbox 1941 2791 2012 2870; x_wconf 80' lang='grc' dir='ltr'><strong>έίς</strong></span> 
     </span>
    </p>
   </div>
   <div class='ocr_carea' id='block_1_56' title="bbox 2103 2791 3753 2888">
    <p class='ocr_par' dir='ltr' id='par_1_56' title="bbox 2103 2791 3753 2882">
     <span class='ocr_line' id='line_1_56' title="bbox 2103 2791 3753 2882; baseline 0.007 -32"><span class='ocrx_word' id='word_1_415' title='bbox 2103 2791 2230 2851; x_wconf 84' lang='lat' dir='ltr'><strong>Iesti</strong></span> <span class='ocrx_word' id='word_1_416' title='bbox 2259 2793 2398 2853; x_wconf 88' lang='lat' dir='ltr'><strong>estis</strong></span> <span class='ocrx_word' id='word_1_417' title='bbox 2431 2794 2666 2855; x_wconf 80' lang='lat' dir='ltr'><strong>mulieri</strong></span> <span class='ocrx_word' id='word_1_418' title='bbox 2686 2799 2712 2854; x_wconf 66' lang='grc' dir='ltr'><em>Ῥ</em></span> <span class='ocrx_word' id='word_1_419' title='bbox 2741 2795 2902 2876; x_wconf 81' lang='lat' dir='ltr'><strong>Opus</strong></span> <span class='ocrx_word' id='word_1_420' title='bbox 2932 2800 3088 2860; x_wconf 90' lang='lat' dir='ltr'><strong>enim</strong></span> <span class='ocrx_word' id='word_1_421' title='bbox 3131 2800 3350 2861; x_wconf 89' lang='lat' dir='ltr'><strong>bonum</strong></span> <span class='ocrx_word' id='word_1_422' title='bbox 3390 2811 3633 2882; x_wconf 76' lang='lat' dir='ltr'><strong>operata</strong></span> <span class='ocrx_word' id='word_1_423' title='bbox 3657 2807 3753 2862; x_wconf 89' lang='lat' dir='ltr'><strong>est</strong></span> 
     </span>
    </p>
   </div>
   <div class='ocr_carea' id='block_1_57' title="bbox 350 2886 2017 2972">
    <p class='ocr_par' dir='ltr' id='par_1_57' title="bbox 350 2886 2011 2972">
     <span class='ocr_line' id='line_1_57' title="bbox 350 2886 2011 2972; baseline 0 -21"><span class='ocrx_word' id='word_1_424' title='bbox 350 2886 448 2970; x_wconf 60' lang='grc' dir='ltr'><strong>ὲμξέ</strong></span> <span class='ocrx_word' id='word_1_425' title='bbox 487 2911 500 2924; x_wconf 82' lang='grc'><strong><em>⁸</em></strong></span> <span class='ocrx_word' id='word_1_426' title='bbox 564 2895 788 2950; x_wconf 67' lang='grc' dir='ltr'>πάντοτε</span> <span class='ocrx_word' id='word_1_427' title='bbox 833 2894 932 2970; x_wconf 73' lang='grc' dir='ltr'>γὰρ</span> <span class='ocrx_word' id='word_1_428' title='bbox 961 2895 1083 2956; x_wconf 81' lang='grc' dir='ltr'>τοὺς</span> <span class='ocrx_word' id='word_1_429' title='bbox 1138 2894 1390 2972; x_wconf 81' lang='grc' dir='ltr'>πτωχοὺς</span> <span class='ocrx_word' id='word_1_430' title='bbox 1439 2892 1596 2972; x_wconf 88' lang='grc' dir='ltr'>’έχετε</span> <span class='ocrx_word' id='word_1_431' title='bbox 1628 2891 1744 2966; x_wconf 82' lang='grc' dir='ltr'>μεθ’</span> <span class='ocrx_word' id='word_1_432' title='bbox 1788 2895 2011 2964; x_wconf 76' lang='grc' dir='ltr'>ἑαυτῶν,</span> 
     </span>
    </p>
   </div>
   <div class='ocr_carea' id='block_1_58' title="bbox 2103 2886 3749 2972">
    <p class='ocr_par' dir='ltr' id='par_1_58' title="bbox 2103 2886 3749 2969">
     <span class='ocr_line' id='line_1_58' title="bbox 2103 2886 3749 2969; baseline 0.007 -29"><span class='ocrx_word' id='word_1_433' title='bbox 2103 2898 2239 2956; x_wconf 79' lang='lat' dir='ltr'><strong>erga</strong></span> <span class='ocrx_word' id='word_1_434' title='bbox 2272 2899 2390 2942; x_wconf 92' lang='lat' dir='ltr'><strong>me.</strong></span> <span class='ocrx_word' id='word_1_435' title='bbox 2417 2886 2566 2945; x_wconf 84' lang='lat' dir='ltr'><strong>Nam</strong></span> <span class='ocrx_word' id='word_1_436' title='bbox 2591 2902 2830 2964; x_wconf 86' lang='lat' dir='ltr'><strong>semper</strong></span> <span class='ocrx_word' id='word_1_437' title='bbox 2853 2905 3144 2967; x_wconf 88' lang='lat' dir='ltr'><strong>pauperes</strong></span> <span class='ocrx_word' id='word_1_438' title='bbox 3165 2889 3397 2952; x_wconf 81' lang='lat' dir='ltr'><strong>habetis</strong></span> <span class='ocrx_word' id='word_1_439' title='bbox 3417 2891 3749 2969; x_wconf 86' lang='lat' dir='ltr'><strong>vobiscum,</strong></span> 
     </span>
    </p>
   </div>
   <div class='ocr_carea' id='block_1_59' title="bbox 348 2975 2017 3063">
    <p class='ocr_par' dir='ltr' id='par_1_59' title="bbox 348 2980 2015 3063">
     <span class='ocr_line' id='line_1_59' title="bbox 348 2980 2015 3063; baseline -0.001 -22"><span class='ocrx_word' id='word_1_440' title='bbox 348 2987 450 3058; x_wconf 75' lang='grc' dir='ltr'><strong>ὶμὶ</strong></span> <span class='ocrx_word' id='word_1_441' title='bbox 509 2982 562 3039; x_wconf 72' lang='grc' dir='ltr'>δὲ</span> <span class='ocrx_word' id='word_1_442' title='bbox 623 2988 682 3042; x_wconf 73' lang='grc' dir='ltr'>οὗ</span> <span class='ocrx_word' id='word_1_443' title='bbox 739 2984 965 3040; x_wconf 74' lang='grc' dir='ltr'>πάντοτε</span> <span class='ocrx_word' id='word_1_444' title='bbox 1009 2982 1187 3062; x_wconf 73' lang='grc' dir='ltr'>ἔχετε.</span> <span class='ocrx_word' id='word_1_445' title='bbox 1220 3005 1248 3037; x_wconf 75' lang='grc' dir='ltr'><strong>ι</strong></span> <span class='ocrx_word' id='word_1_446' title='bbox 1295 2984 1355 3040; x_wconf 79' lang='grc' dir='ltr'><strong>Οἱ</strong></span> <span class='ocrx_word' id='word_1_447' title='bbox 1401 2982 1633 3054; x_wconf 79' lang='grc' dir='ltr'>μαθηταὶ</span> <span class='ocrx_word' id='word_1_448' title='bbox 1692 2980 1869 3040; x_wconf 83' lang='grc' dir='ltr'>πολλὰ</span> <span class='ocrx_word' id='word_1_449' title='bbox 1897 2986 2015 3063; x_wconf 84' lang='grc' dir='ltr'>περὶ</span> 
     </span>
    </p>
   </div>
   <div class='ocr_carea' id='block_1_60' title="bbox 2103 2975 3753 3063">
    <p class='ocr_par' dir='ltr' id='par_1_60' title="bbox 2103 2975 3753 3062">
     <span class='ocr_line' id='line_1_60' title="bbox 2103 2975 3753 3062; baseline 0.008 -34"><span class='ocrx_word' id='word_1_450' title='bbox 2103 2986 2194 3030; x_wconf 91' lang='lat' dir='ltr'><strong>me</strong></span> <span class='ocrx_word' id='word_1_451' title='bbox 2225 2987 2362 3031; x_wconf 85' lang='lat' dir='ltr'><strong>vero</strong></span> <span class='ocrx_word' id='word_1_452' title='bbox 2397 2990 2513 3031; x_wconf 91' lang='lat' dir='ltr'><strong>non</strong></span> <span class='ocrx_word' id='word_1_453' title='bbox 2546 2990 2784 3052; x_wconf 90' lang='lat' dir='ltr'><strong>semper</strong></span> <span class='ocrx_word' id='word_1_454' title='bbox 2815 2975 3073 3038; x_wconf 81' lang='lat' dir='ltr'><strong>habetis.</strong></span> <span class='ocrx_word' id='word_1_455' title='bbox 3101 3002 3126 3032; x_wconf 74' lang='grc' dir='ltr'><strong>ι</strong></span> <span class='ocrx_word' id='word_1_456' title='bbox 3166 2977 3451 3060; x_wconf 89' lang='lat' dir='ltr'><strong>Discipuli</strong></span> <span class='ocrx_word' id='word_1_457' title='bbox 3475 2982 3753 3062; x_wconf 85' lang='lat' dir='ltr'><strong>quoniam</strong></span> 
     </span>
    </p>
   </div>
   <div class='ocr_carea' id='block_1_61' title="bbox 349 3061 2017 3153">
    <p class='ocr_par' dir='ltr' id='par_1_61' title="bbox 349 3068 2016 3147">
     <span class='ocr_line' id='line_1_61' title="bbox 349 3068 2016 3147; baseline -0.001 -16"><span class='ocrx_word' id='word_1_458' title='bbox 349 3071 717 3147; x_wconf 66' lang='grc' dir='ltr'>ὶλεημοσόνης</span> <span class='ocrx_word' id='word_1_459' title='bbox 773 3070 1115 3143; x_wconf 65' lang='grc' dir='ltr'>ἀκούσαντες,</span> <span class='ocrx_word' id='word_1_460' title='bbox 1175 3072 1261 3126; x_wconf 80' lang='grc' dir='ltr'><strong>καὶ</strong></span> <span class='ocrx_word' id='word_1_461' title='bbox 1316 3068 1480 3127; x_wconf 87' lang='grc' dir='ltr'>πολὺν</span> <span class='ocrx_word' id='word_1_462' title='bbox 1540 3070 1706 3137; x_wconf 52' lang='lat' dir='ltr'><strong>nisi;</strong></span> <span class='ocrx_word' id='word_1_463' title='bbox 1752 3073 2016 3142; x_wconf 81' lang='grc' dir='ltr'>ποουύμε-</span> 
     </span>
    </p>
   </div>
   <div class='ocr_carea' id='block_1_62' title="bbox 2103 3061 3755 3153">
    <p class='ocr_par' dir='ltr' id='par_1_62' title="bbox 2103 3061 3755 3153">
     <span class='ocr_line' id='line_1_62' title="bbox 2103 3061 3755 3153; baseline 0.007 -30"><span class='ocrx_word' id='word_1_464' title='bbox 2103 3061 2287 3123; x_wconf 73' lang='lat' dir='ltr'><strong>mnlia</strong></span> <span class='ocrx_word' id='word_1_465' title='bbox 2307 3061 2381 3125; x_wconf 92' lang='lat' dir='ltr'><strong>de</strong></span> <span class='ocrx_word' id='word_1_466' title='bbox 2405 3063 2783 3153; x_wconf 81' lang='lat' dir='ltr'><strong>eleemosyna</strong></span> <span class='ocrx_word' id='word_1_467' title='bbox 2806 3067 3142 3143; x_wconf 78' lang='lat' dir='ltr'><strong>audierant,</strong></span> <span class='ocrx_word' id='word_1_468' title='bbox 3174 3061 3568 3153; x_wconf 85' lang='lat' dir='ltr'><strong>magnamque</strong></span> <span class='ocrx_word' id='word_1_469' title='bbox 3592 3072 3755 3135; x_wconf 84' lang='lat' dir='ltr'><strong>illius</strong></span> 
     </span>
    </p>
   </div>
   <div class='ocr_carea' id='block_1_63' title="bbox 349 3151 2017 3255">
    <p class='ocr_par' dir='ltr' id='par_1_63' title="bbox 349 3159 2017 3255">
     <span class='ocr_line' id='line_1_63' title="bbox 349 3159 2017 3255; baseline 0.001 -39"><span class='ocrx_word' id='word_1_470' title='bbox 349 3187 428 3220; x_wconf 87' lang='grc' dir='ltr'><strong>νοι</strong></span> <span class='ocrx_word' id='word_1_471' title='bbox 477 3163 660 3240; x_wconf 86' lang='grc' dir='ltr'>λόγον,</span> <span class='ocrx_word' id='word_1_472' title='bbox 714 3161 1024 3237; x_wconf 69' lang='grc' dir='ltr'>ἐμέμψαντο</span> <span class='ocrx_word' id='word_1_473' title='bbox 1077 3161 1176 3227; x_wconf 79' lang='grc' dir='ltr'><strong>τὴν</strong></span> <span class='ocrx_word' id='word_1_474' title='bbox 1233 3173 1487 3239; x_wconf 86' lang='grc' dir='ltr'>γυναῖκα,</span> <span class='ocrx_word' id='word_1_475' title='bbox 1530 3161 1605 3222; x_wconf 75' lang='grc' dir='ltr'>ὡς</span> <span class='ocrx_word' id='word_1_476' title='bbox 1663 3159 1868 3236; x_wconf 77' lang='grc' dir='ltr'>μᾶλλον</span> <span class='ocrx_word' id='word_1_477' title='bbox 1927 3164 2017 3255; x_wconf 65' lang='grc' dir='ltr'><strong>τον</strong></span> 
     </span>
    </p>
   </div>
   <div class='ocr_carea' id='block_1_64' title="bbox 2103 3151 3753 3255">
    <p class='ocr_par' dir='ltr' id='par_1_64' title="bbox 2107 3151 3753 3255">
     <span class='ocr_line' id='line_1_64' title="bbox 2107 3151 3753 3255; baseline 0.006 -43"><span class='ocrx_word' id='word_1_478' title='bbox 2107 3151 2399 3213; x_wconf 89' lang='lat' dir='ltr'><strong>rationem</strong></span> <span class='ocrx_word' id='word_1_479' title='bbox 2445 3151 2798 3255; x_wconf 64' lang='lat' dir='ltr'><strong>habuerant,</strong></span> <span class='ocrx_word' id='word_1_480' title='bbox 2843 3158 3365 3235; x_wconf 87' lang='lat' dir='ltr'><strong>reprehenderunt</strong></span> <span class='ocrx_word' id='word_1_481' title='bbox 3417 3151 3753 3237; x_wconf 85' lang='lat' dir='ltr'><strong>mulierem,</strong></span> 
     </span>
    </p>
   </div>
   <div class='ocr_carea' id='block_1_65' title="bbox 351 3240 2017 3330">
    <p class='ocr_par' dir='ltr' id='par_1_65' title="bbox 351 3247 2017 3328">
     <span class='ocr_line' id='line_1_65' title="bbox 351 3247 2017 3328; baseline -0.003 -20"><span class='ocrx_word' id='word_1_482' title='bbox 351 3253 506 3308; x_wconf 69' lang='grc' dir='ltr'>ἔλεον</span> <span class='ocrx_word' id='word_1_483' title='bbox 534 3251 817 3318; x_wconf 78' lang='grc' dir='ltr'>ξητοῦντος</span> <span class='ocrx_word' id='word_1_484' title='bbox 847 3257 941 3307; x_wconf 66' lang='grc' dir='ltr'>ταῦ</span> <span class='ocrx_word' id='word_1_485' title='bbox 969 3257 1120 3328; x_wconf 84' lang='grc' dir='ltr'>Θεοῦ,</span> <span class='ocrx_word' id='word_1_486' title='bbox 1149 3249 1183 3317; x_wconf 74' lang='grc' dir='ltr'>ἣ</span> <span class='ocrx_word' id='word_1_487' title='bbox 1216 3251 1314 3316; x_wconf 79' lang='grc' dir='ltr'>τὴν</span> <span class='ocrx_word' id='word_1_488' title='bbox 1345 3252 1419 3312; x_wconf 81' lang='grc' dir='ltr'>εἷς</span> <span class='ocrx_word' id='word_1_489' title='bbox 1464 3250 1619 3306; x_wconf 71' lang='grc' dir='ltr'>αὒτὸν</span> <span class='ocrx_word' id='word_1_490' title='bbox 1674 3251 1860 3324; x_wconf 60' lang='grc' dir='ltr'>τιμήν</span> <span class='ocrx_word' id='word_1_491' title='bbox 1897 3254 1925 3306; x_wconf 88' lang='lat'><strong>6</strong></span> <span class='ocrx_word' id='word_1_492' title='bbox 1969 3247 2017 3306; x_wconf 68' lang='grc' dir='ltr'>δὲ</span> 
     </span>
    </p>
   </div>
   <div class='ocr_carea' id='block_1_66' title="bbox 2103 3240 3760 3330">
    <p class='ocr_par' dir='ltr' id='par_1_66' title="bbox 2109 3240 3760 3330">
     <span class='ocr_line' id='line_1_66' title="bbox 2109 3240 3760 3330; baseline 0.007 -29"><span class='ocrx_word' id='word_1_493' title='bbox 2109 3251 2384 3322; x_wconf 85' lang='lat' dir='ltr'><strong>tanquam</strong></span> <span class='ocrx_word' id='word_1_494' title='bbox 2447 3240 2564 3302; x_wconf 86' lang='lat' dir='ltr'><strong>Deo</strong></span> <span class='ocrx_word' id='word_1_495' title='bbox 2633 3244 3102 3306; x_wconf 87' lang='lat' dir='ltr'><strong>misericordiam</strong></span> <span class='ocrx_word' id='word_1_496' title='bbox 3163 3248 3349 3325; x_wconf 85' lang='lat' dir='ltr'><strong>magis</strong></span> <span class='ocrx_word' id='word_1_497' title='bbox 3415 3249 3760 3330; x_wconf 89' lang='lat' dir='ltr'><strong>requirente</strong></span> 
     </span>
    </p>
   </div>
   <div class='ocr_carea' id='block_1_67' title="bbox 337 3328 2017 3418">
    <p class='ocr_par' dir='ltr' id='par_1_67' title="bbox 337 3336 2017 3415">
     <span class='ocr_line' id='line_1_67' title="bbox 337 3336 2017 3415; baseline -0.002 -17"><span class='ocrx_word' id='word_1_498' title='bbox 337 3336 670 3412; x_wconf 58' lang='grc' dir='ltr'>’ἐπιπλήττει</span> <span class='ocrx_word' id='word_1_499' title='bbox 713 3353 832 3405; x_wconf 78' lang='grc' dir='ltr'>τοῖς</span> <span class='ocrx_word' id='word_1_500' title='bbox 878 3342 1170 3413; x_wconf 78' lang='grc' dir='ltr'>μαθηταῖς,</span> <span class='ocrx_word' id='word_1_501' title='bbox 1238 3336 1372 3395; x_wconf 81' lang='grc' dir='ltr'>διότι</span> <span class='ocrx_word' id='word_1_502' title='bbox 1423 3337 1653 3415; x_wconf 64' lang='grc' dir='ltr'>ἀκαίρως</span> <span class='ocrx_word' id='word_1_503' title='bbox 1711 3339 2017 3415; x_wconf 69' lang='grc' dir='ltr'>ἐμέμψαντο</span> 
     </span>
    </p>
   </div>
   <div class='ocr_carea' id='block_1_68' title="bbox 2103 3328 3756 3418">
    <p class='ocr_par' dir='ltr' id='par_1_68' title="bbox 2109 3328 3756 3418">
     <span class='ocr_line' id='line_1_68' title="bbox 2109 3328 3756 3418; baseline 0.005 -27"><span class='ocrx_word' id='word_1_504' title='bbox 2109 3348 2283 3411; x_wconf 89' lang='lat' dir='ltr'><strong>quam</strong></span> <span class='ocrx_word' id='word_1_505' title='bbox 2318 3328 2606 3391; x_wconf 88' lang='lat' dir='ltr'><strong>honorem</strong></span> <span class='ocrx_word' id='word_1_506' title='bbox 2639 3348 2838 3393; x_wconf 89' lang='lat' dir='ltr'><strong>suum.</strong></span> <span class='ocrx_word' id='word_1_507' title='bbox 2867 3331 2971 3394; x_wconf 89' lang='lat' dir='ltr'><strong>Ille</strong></span> <span class='ocrx_word' id='word_1_508' title='bbox 2993 3342 3186 3396; x_wconf 87' lang='lat' dir='ltr'><strong>autem</strong></span> <span class='ocrx_word' id='word_1_509' title='bbox 3214 3328 3541 3418; x_wconf 84' lang='lat' dir='ltr'><strong>increpavit</strong></span> <span class='ocrx_word' id='word_1_510' title='bbox 3570 3337 3756 3400; x_wconf 87' lang='lat' dir='ltr'><strong>disci-</strong></span> 
     </span>
    </p>
   </div>
   <div class='ocr_carea' id='block_1_69' title="bbox 352 3419 2017 3509">
    <p class='ocr_par' dir='ltr' id='par_1_69' title="bbox 352 3426 2017 3509">
     <span class='ocr_line' id='line_1_69' title="bbox 352 3426 2017 3509; baseline -0.001 -22"><span class='ocrx_word' id='word_1_511' title='bbox 352 3435 453 3498; x_wconf 76' lang='grc' dir='ltr'>τὴν</span> <span class='ocrx_word' id='word_1_512' title='bbox 501 3444 751 3509; x_wconf 55' lang='grc' dir='ltr'>γυναῖκα.</span> <span class='ocrx_word' id='word_1_513' title='bbox 791 3440 886 3485; x_wconf 80' lang='grc' dir='ltr'><strong>Δεῖ</strong></span> <span class='ocrx_word' id='word_1_514' title='bbox 913 3429 1011 3505; x_wconf 78' lang='grc' dir='ltr'><strong>γὰρ</strong></span> <span class='ocrx_word' id='word_1_515' title='bbox 1042 3429 1119 3503; x_wconf 74' lang='grc' dir='ltr'><strong>μὴ</strong></span> <span class='ocrx_word' id='word_1_516' title='bbox 1149 3428 1216 3484; x_wconf 77' lang='grc' dir='ltr'><strong>τὰ</strong></span> <span class='ocrx_word' id='word_1_517' title='bbox 1245 3426 1432 3503; x_wconf 66' lang='grc' dir='ltr'>ὑψηλά</span> <span class='ocrx_word' id='word_1_518' title='bbox 1461 3427 1716 3484; x_wconf 74' lang='grc' dir='ltr'>ἀπαιτεῖν</span> <span class='ocrx_word' id='word_1_519' title='bbox 1748 3430 1891 3507; x_wconf 76' lang='grc' dir='ltr'>παρὰ</span> <span class='ocrx_word' id='word_1_520' title='bbox 1921 3436 2017 3486; x_wconf 57' lang='grc' dir='ltr'>τῶκ</span> 
     </span>
    </p>
   </div>
   <div class='ocr_carea' id='block_1_70' title="bbox 2103 3419 3757 3509">
    <p class='ocr_par' dir='ltr' id='par_1_70' title="bbox 2111 3419 3757 3504">
     <span class='ocr_line' id='line_1_70' title="bbox 2111 3419 3757 3504; baseline 0.006 -26"><span class='ocrx_word' id='word_1_521' title='bbox 2111 3419 2302 3499; x_wconf 89' lang='lat' dir='ltr'><strong>pulos,</strong></span> <span class='ocrx_word' id='word_1_522' title='bbox 2332 3436 2402 3478; x_wconf 92' lang='lat' dir='ltr'><strong>eo</strong></span> <span class='ocrx_word' id='word_1_523' title='bbox 2425 3419 2582 3497; x_wconf 90' lang='lat' dir='ltr'><strong>quod</strong></span> <span class='ocrx_word' id='word_1_524' title='bbox 2616 3419 3029 3501; x_wconf 90' lang='lat' dir='ltr'><strong>intempestive</strong></span> <span class='ocrx_word' id='word_1_525' title='bbox 3074 3423 3384 3486; x_wconf 89' lang='lat' dir='ltr'><strong>mulierem</strong></span> <span class='ocrx_word' id='word_1_526' title='bbox 3421 3426 3757 3504; x_wconf 88' lang='lat' dir='ltr'><strong>reprehen-</strong></span> 
     </span>
    </p>
   </div>
   <div class='ocr_carea' id='block_1_71' title="bbox 355 3507 2017 3598">
    <p class='ocr_par' dir='ltr' id='par_1_71' title="bbox 355 3507 2017 3598">
     <span class='ocr_line' id='line_1_71' title="bbox 355 3507 2017 3598; baseline -0.002 -22"><span class='ocrx_word' id='word_1_527' title='bbox 355 3521 472 3598; x_wconf 72' lang='grc' dir='ltr'>ἄρτι</span> <span class='ocrx_word' id='word_1_528' title='bbox 517 3507 882 3598; x_wconf 78' lang='grc' dir='ltr'>προσιόντων,</span> <span class='ocrx_word' id='word_1_529' title='bbox 941 3520 1028 3573; x_wconf 88' lang='grc' dir='ltr'><strong>καὶ</strong></span> <span class='ocrx_word' id='word_1_530' title='bbox 1098 3516 1328 3591; x_wconf 67' lang='grc' dir='ltr'>μάλιστα</span> <span class='ocrx_word' id='word_1_531' title='bbox 1373 3517 1518 3594; x_wconf 74' lang='grc' dir='ltr'>παρὰ</span> <span class='ocrx_word' id='word_1_532' title='bbox 1576 3519 1790 3591; x_wconf 78' lang='grc' dir='ltr'>γυναίου</span> <span class='ocrx_word' id='word_1_533' title='bbox 1862 3520 2017 3574; x_wconf 81' lang='grc' dir='ltr'>ἀσθε-</span> 
     </span>
    </p>
   </div>
   <div class='ocr_carea' id='block_1_72' title="bbox 2103 3507 3761 3598">
    <p class='ocr_par' dir='ltr' id='par_1_72' title="bbox 2108 3507 3761 3598">
     <span class='ocr_line' id='line_1_72' title="bbox 2108 3507 3761 3598; baseline 0.006 -30"><span class='ocrx_word' id='word_1_534' title='bbox 2108 3507 2356 3568; x_wconf 89' lang='lat' dir='ltr'><strong>dissent.</strong></span> <span class='ocrx_word' id='word_1_535' title='bbox 2383 3507 2516 3598; x_wconf 79' lang='lat' dir='ltr'><strong>Non</strong></span> <span class='ocrx_word' id='word_1_536' title='bbox 2539 3508 2697 3598; x_wconf 88' lang='lat' dir='ltr'><strong>enim</strong></span> <span class='ocrx_word' id='word_1_537' title='bbox 2726 3528 2955 3572; x_wconf 90' lang='lat' dir='ltr'><strong>summa</strong></span> <span class='ocrx_word' id='word_1_538' title='bbox 2977 3513 3216 3592; x_wconf 81' lang='lat' dir='ltr'><strong>exigere</strong></span> <span class='ocrx_word' id='word_1_539' title='bbox 3237 3514 3310 3575; x_wconf 91' lang='lat' dir='ltr'><strong>ab</strong></span> <span class='ocrx_word' id='word_1_540' title='bbox 3336 3514 3427 3575; x_wconf 84' lang='lat' dir='ltr'><strong>his</strong></span> <span class='ocrx_word' id='word_1_541' title='bbox 3448 3514 3549 3596; x_wconf 91' lang='lat' dir='ltr'><strong>qui</strong></span> <span class='ocrx_word' id='word_1_542' title='bbox 3571 3533 3761 3596; x_wconf 89' lang='lat' dir='ltr'><strong>nuper</strong></span> 
     </span>
    </p>
   </div>
   <div class='ocr_carea' id='block_1_73' title="bbox 357 3595 2017 3686">
    <p class='ocr_par' dir='ltr' id='par_1_73' title="bbox 357 3595 2017 3686">
     <span class='ocr_line' id='line_1_73' title="bbox 357 3595 2017 3686; baseline 0 -23"><span class='ocrx_word' id='word_1_543' title='bbox 357 3595 504 3681; x_wconf 72' lang='grc' dir='ltr'>νοῦς,</span> <span class='ocrx_word' id='word_1_544' title='bbox 567 3595 704 3665; x_wconf 66' lang='grc' dir='ltr'>αλλὰ</span> <span class='ocrx_word' id='word_1_545' title='bbox 759 3595 878 3674; x_wconf 65' lang='grc' dir='ltr'><strong>τὴν⁷</strong></span> <span class='ocrx_word' id='word_1_546' title='bbox 919 3607 1130 3683; x_wconf 80' lang='grc' dir='ltr'>μετρίαν</span> <span class='ocrx_word' id='word_1_547' title='bbox 1162 3609 1286 3683; x_wconf 79' lang='grc' dir='ltr'>γοῦν</span> <span class='ocrx_word' id='word_1_548' title='bbox 1332 3608 1503 3662; x_wconf 73' lang='grc' dir='ltr'>αὒτῶν</span> <span class='ocrx_word' id='word_1_549' title='bbox 1546 3606 1721 3662; x_wconf 86' lang='grc' dir='ltr'>πίστιν</span> <span class='ocrx_word' id='word_1_550' title='bbox 1749 3605 2017 3686; x_wconf 85' lang='grc' dir='ltr'>δέχεσθαι,</span> 
     </span>
    </p>
   </div>
   <div class='ocr_carea' id='block_1_74' title="bbox 2103 3595 3756 3686">
    <p class='ocr_par' dir='ltr' id='par_1_74' title="bbox 2111 3595 3756 3680">
     <span class='ocr_line' id='line_1_74' title="bbox 2111 3595 3756 3680; baseline 0.005 -24"><span class='ocrx_word' id='word_1_551' title='bbox 2111 3595 2182 3656; x_wconf 84' lang='lat' dir='ltr'><strong>ad</strong></span> <span class='ocrx_word' id='word_1_552' title='bbox 2207 3596 2384 3657; x_wconf 79' lang='lat' dir='ltr'><strong>fidem</strong></span> <span class='ocrx_word' id='word_1_553' title='bbox 2406 3596 2646 3658; x_wconf 84' lang='lat' dir='ltr'><strong>adducti</strong></span> <span class='ocrx_word' id='word_1_554' title='bbox 2674 3609 2830 3672; x_wconf 81' lang='lat' dir='ltr'><strong>sunt,</strong></span> <span class='ocrx_word' id='word_1_555' title='bbox 2851 3601 3103 3663; x_wconf 75' lang='lat' dir='ltr'><strong>maxime</strong></span> <span class='ocrx_word' id='word_1_556' title='bbox 3125 3604 3198 3663; x_wconf 89' lang='lat' dir='ltr'><strong>ab</strong></span> <span class='ocrx_word' id='word_1_557' title='bbox 3224 3595 3756 3680; x_wconf 80' lang='lat' dir='ltr'><strong>inﬁrmamuliere,</strong></span> 
     </span>
    </p>
   </div>
   <div class='ocr_carea' id='block_1_75' title="bbox 362 3685 2017 3776">
    <p class='ocr_par' dir='ltr' id='par_1_75' title="bbox 362 3685 2017 3776">
     <span class='ocr_line' id='line_1_75' title="bbox 362 3685 2017 3776; baseline -0.008 -19"><span class='ocrx_word' id='word_1_558' title='bbox 362 3691 542 3758; x_wconf 65' lang='grc' dir='ltr'>’Ὅταν</span> <span class='ocrx_word' id='word_1_559' title='bbox 607 3699 706 3776; x_wconf 76' lang='grc' dir='ltr'><strong>γαρ</strong></span> <span class='ocrx_word' id='word_1_560' title='bbox 761 3719 848 3760; x_wconf 84' lang='grc' dir='ltr'><strong>τις</strong></span> <span class='ocrx_word' id='word_1_561' title='bbox 921 3695 1190 3775; x_wconf 72' lang='grc' dir='ltr'>προσφέρῃ</span> <span class='ocrx_word' id='word_1_562' title='bbox 1237 3703 1312 3770; x_wconf 86' lang='grc' dir='ltr'>τῷ</span> <span class='ocrx_word' id='word_1_563' title='bbox 1368 3702 1483 3768; x_wconf 81' lang='grc' dir='ltr'>Θεῷ</span> <span class='ocrx_word' id='word_1_564' title='bbox 1537 3693 1726 3773; x_wconf 82' lang='grc' dir='ltr'>δῶρον,</span> <span class='ocrx_word' id='word_1_565' title='bbox 1773 3685 1850 3772; x_wconf 66' lang='grc' dir='ltr'><strong>μὴ</strong></span> <span class='ocrx_word' id='word_1_566' title='bbox 1883 3697 2017 3753; x_wconf 80' lang='grc' dir='ltr'>ἀπό-</span> 
     </span>
    </p>
   </div>
   <div class='ocr_carea' id='block_1_76' title="bbox 2103 3685 3756 3776">
    <p class='ocr_par' dir='ltr' id='par_1_76' title="bbox 2111 3685 3756 3773">
     <span class='ocr_line' id='line_1_76' title="bbox 2111 3685 3756 3773; baseline 0.006 -28"><span class='ocrx_word' id='word_1_567' title='bbox 2111 3685 2212 3746; x_wconf 92' lang='lat' dir='ltr'><strong>sed</strong></span> <span class='ocrx_word' id='word_1_568' title='bbox 2249 3687 2611 3748; x_wconf 88' lang='lat' dir='ltr'><strong>mediocrem</strong></span> <span class='ocrx_word' id='word_1_569' title='bbox 2648 3706 2854 3749; x_wconf 92' lang='lat' dir='ltr'><strong>eorum</strong></span> <span class='ocrx_word' id='word_1_570' title='bbox 2905 3690 3083 3751; x_wconf 81' lang='lat' dir='ltr'><strong>ﬁdem</strong></span> <span class='ocrx_word' id='word_1_571' title='bbox 3137 3692 3446 3771; x_wconf 86' lang='lat' dir='ltr'><strong>suscipere</strong></span> <span class='ocrx_word' id='word_1_572' title='bbox 3499 3700 3756 3773; x_wconf 86' lang='lat' dir='ltr'><strong>oportet.</strong></span> 
     </span>
    </p>
   </div>
   <div class='ocr_carea' id='block_1_77' title="bbox 358 3774 2017 3870">
    <p class='ocr_par' dir='ltr' id='par_1_77' title="bbox 358 3774 2017 3870">
     <span class='ocr_line' id='line_1_77' title="bbox 358 3774 2017 3870; baseline -0.003 -22"><span class='ocrx_word' id='word_1_573' title='bbox 358 3811 552 3870; x_wconf 73' lang='grc' dir='ltr'>στρέφε</span> <span class='ocrx_word' id='word_1_574' title='bbox 609 3774 788 3860; x_wconf 58' lang='grc' dir='ltr'>αυτὸν,</span> <span class='ocrx_word' id='word_1_575' title='bbox 837 3783 972 3859; x_wconf 64' lang='grc' dir='ltr'>μηδέ</span> <span class='ocrx_word' id='word_1_576' title='bbox 1034 3783 1272 3843; x_wconf 64' lang='grc' dir='ltr'>κατέκλα</span> <span class='ocrx_word' id='word_1_577' title='bbox 1332 3785 1432 3851; x_wconf 78' lang='grc' dir='ltr'><strong>τὴν</strong></span> <span class='ocrx_word' id='word_1_578' title='bbox 1488 3785 1780 3862; x_wconf 79' lang='grc' dir='ltr'>προθυμίαν</span> <span class='ocrx_word' id='word_1_579' title='bbox 1838 3787 2017 3859; x_wconf 80' lang='grc' dir='ltr'>αὑτοῦ,</span> 
     </span>
    </p>
   </div>
   <div class='ocr_carea' id='block_1_78' title="bbox 2103 3774 3761 3870">
    <p class='ocr_par' dir='ltr' id='par_1_78' title="bbox 2107 3774 3761 3870">
     <span class='ocr_line' id='line_1_78' title="bbox 2107 3774 3761 3870; baseline 0.005 -34"><span class='ocrx_word' id='word_1_580' title='bbox 2107 3775 2353 3870; x_wconf 78' lang='lat' dir='ltr'><strong>Quando</strong></span> <span class='ocrx_word' id='word_1_581' title='bbox 2384 3774 2562 3850; x_wconf 78' lang='lat' dir='ltr'><strong>igitur</strong></span> <span class='ocrx_word' id='word_1_582' title='bbox 2582 3776 2714 3856; x_wconf 93' lang='lat' dir='ltr'><strong>quis</strong></span> <span class='ocrx_word' id='word_1_583' title='bbox 2736 3778 2910 3840; x_wconf 77' lang='lat' dir='ltr'><strong>oll‘ert</strong></span> <span class='ocrx_word' id='word_1_584' title='bbox 2941 3779 3071 3870; x_wconf 89' lang='lat' dir='ltr'><strong>Deo</strong></span> <span class='ocrx_word' id='word_1_585' title='bbox 3095 3779 3342 3855; x_wconf 91' lang='lat' dir='ltr'><strong>donum,</strong></span> <span class='ocrx_word' id='word_1_586' title='bbox 3373 3800 3447 3844; x_wconf 91' lang='lat' dir='ltr'><strong>ne</strong></span> <span class='ocrx_word' id='word_1_587' title='bbox 3468 3781 3761 3845; x_wconf 78' lang='lat' dir='ltr'><strong>averseris</strong></span> 
     </span>
    </p>
   </div>
   <div class='ocr_carea' id='block_1_79' title="bbox 361 3854 2017 3955">
    <p class='ocr_par' dir='ltr' id='par_1_79' title="bbox 361 3854 2017 3955">
     <span class='ocr_line' id='line_1_79' title="bbox 361 3854 2017 3955; baseline -0.003 -19"><span class='ocrx_word' id='word_1_588' title='bbox 361 3854 611 3936; x_wconf 53' lang='grc' dir='ltr'>απολίὸων</span> <span class='ocrx_word' id='word_1_589' title='bbox 668 3877 824 3933; x_wconf 65' lang='grc' dir='ltr'>αυτὸν</span> <span class='ocrx_word' id='word_1_590' title='bbox 883 3878 955 3938; x_wconf 76' lang='grc' dir='ltr'>εἰς</span> <span class='ocrx_word' id='word_1_591' title='bbox 987 3877 1047 3931; x_wconf 82' lang='grc' dir='ltr'>τὸ</span> <span class='ocrx_word' id='word_1_592' title='bbox 1102 3872 1363 3930; x_wconf 82' lang='grc' dir='ltr'>διαδοῦναι</span> <span class='ocrx_word' id='word_1_593' title='bbox 1420 3887 1694 3954; x_wconf 77' lang='grc' dir='ltr'>πτωχοῖς,</span> <span class='ocrx_word' id='word_1_594' title='bbox 1739 3873 1860 3930; x_wconf 76' lang='grc' dir='ltr'>ἀλλ’</span> <span class='ocrx_word' id='word_1_595' title='bbox 1891 3873 2017 3955; x_wconf 75' lang='grc' dir='ltr'>ἄφες</span> 
     </span>
    </p>
   </div>
   <div class='ocr_carea' id='block_1_80' title="bbox 2103 3854 3763 3955">
    <p class='ocr_par' dir='ltr' id='par_1_80' title="bbox 2103 3854 3763 3952">
     <span class='ocr_line' id='line_1_80' title="bbox 2103 3854 3763 3952; baseline 0.006 -29"><span class='ocrx_word' id='word_1_596' title='bbox 2103 3863 2296 3937; x_wconf 82' lang='lat' dir='ltr'><strong>illum,</strong></span> <span class='ocrx_word' id='word_1_597' title='bbox 2323 3881 2516 3944; x_wconf 92' lang='lat' dir='ltr'><strong>neque</strong></span> <span class='ocrx_word' id='word_1_598' title='bbox 2538 3854 2874 3945; x_wconf 79' lang='lat' dir='ltr'><strong>confringas</strong></span> <span class='ocrx_word' id='word_1_599' title='bbox 2896 3869 3259 3931; x_wconf 84' lang='lat' dir='ltr'><strong>alacritatem</strong></span> <span class='ocrx_word' id='word_1_600' title='bbox 3276 3873 3429 3952; x_wconf 89' lang='lat' dir='ltr'><strong>ejus,</strong></span> <span class='ocrx_word' id='word_1_601' title='bbox 3455 3871 3763 3933; x_wconf 87' lang='lat' dir='ltr'><strong>abduceus</strong></span> 
     </span>
    </p>
   </div>
   <div class='ocr_carea' id='block_1_81' title="bbox 361 3951 2017 4046">
    <p class='ocr_par' dir='ltr' id='par_1_81' title="bbox 361 3951 2016 4046">
     <span class='ocr_line' id='line_1_81' title="bbox 361 3951 2016 4046; baseline -0.004 -19"><span class='ocrx_word' id='word_1_602' title='bbox 361 3969 644 4046; x_wconf 83' lang='grc' dir='ltr'>πληρῶσαι</span> <span class='ocrx_word' id='word_1_603' title='bbox 701 3968 799 4034; x_wconf 73' lang='grc' dir='ltr'>τήν</span> <span class='ocrx_word' id='word_1_604' title='bbox 855 3965 1233 4045; x_wconf 73' lang='grc' dir='ltr'>προσαγωγήν.</span> <span class='ocrx_word' id='word_1_605' title='bbox 1285 3966 1342 4021; x_wconf 85' lang='grc' dir='ltr'><strong>Εἰ</strong></span> <span class='ocrx_word' id='word_1_606' title='bbox 1398 3951 1581 4039; x_wconf 77' lang='grc' dir='ltr'>μέντοι</span> <span class='ocrx_word' id='word_1_607' title='bbox 1636 3951 2016 4040; x_wconf 70' lang='grc' dir='ltr'>βουλευᾶμενός</span> 
     </span>
    </p>
   </div>
   <div class='ocr_carea' id='block_1_82' title="bbox 2103 3951 3762 4046">
    <p class='ocr_par' dir='ltr' id='par_1_82' title="bbox 2103 3951 3762 4046">
     <span class='ocr_line' id='line_1_82' title="bbox 2103 3951 3762 4046; baseline 0.005 -34"><span class='ocrx_word' id='word_1_608' title='bbox 2103 3951 2265 4012; x_wconf 92' lang='lat' dir='ltr'><strong>illum</strong></span> <span class='ocrx_word' id='word_1_609' title='bbox 2299 3962 2362 4046; x_wconf 79' lang='lat' dir='ltr'><strong>ut</strong></span> <span class='ocrx_word' id='word_1_610' title='bbox 2390 3955 2492 4015; x_wconf 90' lang='lat' dir='ltr'><strong>det</strong></span> <span class='ocrx_word' id='word_1_611' title='bbox 2517 3955 2899 4036; x_wconf 88' lang='lat' dir='ltr'><strong>pauperibus,</strong></span> <span class='ocrx_word' id='word_1_612' title='bbox 2927 3957 3030 4019; x_wconf 92' lang='lat' dir='ltr'><strong>sed</strong></span> <span class='ocrx_word' id='word_1_613' title='bbox 3065 3960 3196 4021; x_wconf 85' lang='lat' dir='ltr'><strong>sine</strong></span> <span class='ocrx_word' id='word_1_614' title='bbox 3224 3951 3478 4041; x_wconf 86' lang='lat' dir='ltr'><strong>implere</strong></span> <span class='ocrx_word' id='word_1_615' title='bbox 3507 3960 3762 4022; x_wconf 84' lang='lat' dir='ltr'><strong>oblatio-</strong></span> 
     </span>
    </p>
   </div>
   <div class='ocr_carea' id='block_1_83' title="bbox 358 4041 2017 4134">
    <p class='ocr_par' dir='ltr' id='par_1_83' title="bbox 358 4041 2014 4134">
     <span class='ocr_line' id='line_1_83' title="bbox 358 4041 2014 4134; baseline -0.002 -19"><span class='ocrx_word' id='word_1_616' title='bbox 358 4081 441 4123; x_wconf 84' lang='grc' dir='ltr'><strong>τις</strong></span> <span class='ocrx_word' id='word_1_617' title='bbox 483 4041 491 4046; x_wconf 30' lang='grc' dir='ltr'><strong>Ι</strong></span> <span class='ocrx_word' id='word_1_618' title='bbox 531 4055 809 4132; x_wconf 76' lang='grc' dir='ltr'>συμϐούλῳ</span> <span class='ocrx_word' id='word_1_619' title='bbox 895 4041 975 4112; x_wconf 79' lang='grc' dir='ltr'><strong>σοι</strong></span> <span class='ocrx_word' id='word_1_620' title='bbox 1045 4041 1347 4134; x_wconf 48' lang='grc' dir='ltr'>χρήσεται,</span> <span class='ocrx_word' id='word_1_621' title='bbox 1429 4053 1654 4131; x_wconf 83' lang='grc' dir='ltr'>πότερον</span> <span class='ocrx_word' id='word_1_622' title='bbox 1711 4051 1796 4110; x_wconf 87' lang='grc' dir='ltr'><strong>δεῖ</strong></span> <span class='ocrx_word' id='word_1_623' title='bbox 1841 4052 2014 4111; x_wconf 76' lang='grc' dir='ltr'>δοῦναι</span> 
     </span>
    </p>
   </div>
   <div class='ocr_carea' id='block_1_84' title="bbox 2103 4041 3760 4134">
    <p class='ocr_par' dir='ltr' id='par_1_84' title="bbox 2103 4041 3760 4128">
     <span class='ocr_line' id='line_1_84' title="bbox 2103 4041 3760 4128; baseline 0.005 -26"><span class='ocrx_word' id='word_1_624' title='bbox 2103 4060 2263 4106; x_wconf 85' lang='lat' dir='ltr'><strong>nem.</strong></span> <span class='ocrx_word' id='word_1_625' title='bbox 2298 4041 2461 4114; x_wconf 89' lang='lat' dir='ltr'><strong>Quod</strong></span> <span class='ocrx_word' id='word_1_626' title='bbox 2497 4044 2547 4105; x_wconf 88' lang='lat' dir='ltr'><strong>si</strong></span> <span class='ocrx_word' id='word_1_627' title='bbox 2581 4046 2715 4126; x_wconf 88' lang='lat' dir='ltr'><strong>quis</strong></span> <span class='ocrx_word' id='word_1_628' title='bbox 2766 4046 3018 4107; x_wconf 90' lang='lat' dir='ltr'><strong>consilio</strong></span> <span class='ocrx_word' id='word_1_629' title='bbox 3064 4056 3162 4110; x_wconf 92' lang='lat' dir='ltr'><strong>tuo</strong></span> <span class='ocrx_word' id='word_1_630' title='bbox 3205 4050 3532 4128; x_wconf 85' lang='lat' dir='ltr'><strong>indiguerit</strong></span> <span class='ocrx_word' id='word_1_631' title='bbox 3561 4058 3760 4111; x_wconf 90' lang='lat' dir='ltr'><strong>utrum</strong></span> 
     </span>
    </p>
   </div>
   <div class='ocr_carea' id='block_1_85' title="bbox 363 4125 2017 4229">
    <p class='ocr_par' dir='ltr' id='par_1_85' title="bbox 363 4125 2017 4229">
     <span class='ocr_line' id='line_1_85' title="bbox 363 4125 2017 4229; baseline -0.002 -23"><span class='ocrx_word' id='word_1_632' title='bbox 363 4125 641 4229; x_wconf 77' lang='grc' dir='ltr'>πτωχοῖς,</span> <span class='ocrx_word' id='word_1_633' title='bbox 695 4146 730 4215; x_wconf 75' lang='grc' dir='ltr'><strong>ἢ</strong></span> <span class='ocrx_word' id='word_1_634' title='bbox 761 4125 1121 4224; x_wconf 67' lang='grc' dir='ltr'>προσαγαγεῖν</span> <span class='ocrx_word' id='word_1_635' title='bbox 1165 4148 1242 4217; x_wconf 84' lang='grc' dir='ltr'>τῷ</span> <span class='ocrx_word' id='word_1_636' title='bbox 1292 4125 1429 4215; x_wconf 75' lang='grc' dir='ltr'>Θεῷ,</span> <span class='ocrx_word' id='word_1_637' title='bbox 1485 4125 1876 4218; x_wconf 49' lang='grc' dir='ltr'>συμϐούλευσον</span> <span class='ocrx_word' id='word_1_638' title='bbox 1924 4149 2017 4203; x_wconf 70' lang='grc' dir='ltr'><strong>αὖ·</strong></span> 
     </span>
    </p>
   </div>
   <div class='ocr_carea' id='block_1_86' title="bbox 2103 4125 3758 4229">
    <p class='ocr_par' dir='ltr' id='par_1_86' title="bbox 2111 4125 3758 4229">
     <span class='ocr_line' id='line_1_86' title="bbox 2111 4125 3758 4229; baseline 0.004 -34"><span class='ocrx_word' id='word_1_639' title='bbox 2111 4141 2389 4229; x_wconf 81' lang='lat' dir='ltr'><strong>oporteat</strong></span> <span class='ocrx_word' id='word_1_640' title='bbox 2401 4134 2623 4229; x_wconf 59' lang='lat' dir='ltr'><strong>lacere,</strong></span> <span class='ocrx_word' id='word_1_641' title='bbox 2662 4138 3029 4229; x_wconf 84' lang='lat' dir='ltr'><strong>pauperibus</strong></span> <span class='ocrx_word' id='word_1_642' title='bbox 3053 4138 3219 4212; x_wconf 87' lang='lat' dir='ltr'><strong>dare,</strong></span> <span class='ocrx_word' id='word_1_643' title='bbox 3253 4125 3587 4203; x_wconf 40' lang='lat' dir='ltr'><strong>vel&#39;oﬂ‘erre</strong></span> <span class='ocrx_word' id='word_1_644' title='bbox 3603 4139 3758 4229; x_wconf 80' lang='lat' dir='ltr'><strong>Deo,</strong></span> 
     </span>
    </p>
   </div>
   <div class='ocr_carea' id='block_1_87' title="bbox 363 4223 2017 4316">
    <p class='ocr_par' dir='ltr' id='par_1_87' title="bbox 363 4223 2017 4316">
     <span class='ocr_line' id='line_1_87' title="bbox 363 4223 2017 4316; baseline -0.004 -22"><span class='ocrx_word' id='word_1_645' title='bbox 363 4247 440 4313; x_wconf 83' lang='grc' dir='ltr'>τῷ</span> <span class='ocrx_word' id='word_1_646' title='bbox 491 4223 675 4295; x_wconf 44' lang='grc' dir='ltr'>’δουναι</span> <span class='ocrx_word' id='word_1_647' title='bbox 721 4223 972 4316; x_wconf 79' lang='grc' dir='ltr'>πτωχοῖς</span> <span class='ocrx_word' id='word_1_648' title='bbox 1006 4253 1023 4269; x_wconf 89' lang='grc'><strong>·</strong></span> <span class='ocrx_word' id='word_1_649' title='bbox 1075 4235 1189 4309; x_wconf 81' lang='grc' dir='ltr'>μεθ’</span> <span class='ocrx_word' id='word_1_650' title='bbox 1249 4233 1277 4288; x_wconf 85' lang='grc' dir='ltr'><strong>ὃ</strong></span> <span class='ocrx_word' id='word_1_651' title='bbox 1321 4232 1500 4308; x_wconf 84' lang='grc' dir='ltr'>μέντοι</span> <span class='ocrx_word' id='word_1_652' title='bbox 1554 4233 1906 4312; x_wconf 82' lang='grc' dir='ltr'>προσαγάγοι,</span> <span class='ocrx_word' id='word_1_653' title='bbox 1935 4255 2017 4289; x_wconf 88' lang='grc' dir='ltr'>πε·</span> 
     </span>
    </p>
   </div>
   <div class='ocr_carea' id='block_1_88' title="bbox 2103 4223 3763 4316">
    <p class='ocr_par' dir='ltr' id='par_1_88' title="bbox 2113 4223 3763 4309">
     <span class='ocr_line' id='line_1_88' title="bbox 2113 4223 3763 4309; baseline 0.004 -27"><span class='ocrx_word' id='word_1_654' title='bbox 2113 4224 2356 4284; x_wconf 91' lang='lat' dir='ltr'><strong>consule</strong></span> <span class='ocrx_word' id='word_1_655' title='bbox 2377 4223 2460 4284; x_wconf 90' lang='lat' dir='ltr'><strong>illi</strong></span> <span class='ocrx_word' id='word_1_656' title='bbox 2484 4234 2545 4285; x_wconf 90' lang='lat' dir='ltr'><strong>ut</strong></span> <span class='ocrx_word' id='word_1_657' title='bbox 2569 4225 2668 4286; x_wconf 84' lang='lat' dir='ltr'><strong>det</strong></span> <span class='ocrx_word' id='word_1_658' title='bbox 2697 4226 3100 4306; x_wconf 88' lang='lat' dir='ltr'><strong>pauperibus:</strong></span> <span class='ocrx_word' id='word_1_659' title='bbox 3133 4237 3190 4288; x_wconf 91' lang='lat' dir='ltr'><strong>at</strong></span> <span class='ocrx_word' id='word_1_660' title='bbox 3221 4248 3353 4290; x_wconf 88' lang='lat' dir='ltr'><strong>cum</strong></span> <span class='ocrx_word' id='word_1_661' title='bbox 3378 4231 3574 4309; x_wconf 83' lang='lat' dir='ltr'><strong>oll&#39;ert,</strong></span> <span class='ocrx_word' id='word_1_662' title='bbox 3599 4227 3763 4289; x_wconf 84' lang='lat' dir='ltr'><strong>indi-</strong></span> 
     </span>
    </p>
   </div>
   <div class='ocr_carea' id='block_1_89' title="bbox 359 4316 2017 4403">
    <p class='ocr_par' dir='ltr' id='par_1_89' title="bbox 359 4319 2017 4403">
     <span class='ocr_line' id='line_1_89' title="bbox 359 4319 2017 4403; baseline -0.004 -19"><span class='ocrx_word' id='word_1_663' title='bbox 359 4328 539 4403; x_wconf 64' lang='lat' dir='ltr'><strong>ptttdu</strong></span> <span class='ocrx_word' id='word_1_664' title='bbox 595 4325 736 4384; x_wconf 65' lang='grc' dir='ltr'>ἐστιν</span> <span class='ocrx_word' id='word_1_665' title='bbox 810 4323 1158 4403; x_wconf 74' lang='grc' dir='ltr'>ἀποστρέφειν</span> <span class='ocrx_word' id='word_1_666' title='bbox 1225 4321 1380 4378; x_wconf 72' lang='grc' dir='ltr'>αυτόν</span> <span class='ocrx_word' id='word_1_667' title='bbox 1415 4338 1431 4354; x_wconf 84' lang='grc'><strong>⁹</strong></span> <span class='ocrx_word' id='word_1_668' title='bbox 1493 4319 1577 4378; x_wconf 87' lang='grc' dir='ltr'><strong>δνῖ</strong></span> <span class='ocrx_word' id='word_1_669' title='bbox 1635 4324 1735 4400; x_wconf 76' lang='grc' dir='ltr'><strong>γὰρ</strong></span> <span class='ocrx_word' id='word_1_670' title='bbox 1793 4322 1896 4389; x_wconf 77' lang='grc' dir='ltr'><strong>τὴν</strong></span> <span class='ocrx_word' id='word_1_671' title='bbox 1953 4325 2017 4386; x_wconf 74' lang='grc' dir='ltr'>εἷς</span> 
     </span>
    </p>
   </div>
   <div class='ocr_carea' id='block_1_90' title="bbox 2103 4316 3764 4403">
    <p class='ocr_par' dir='ltr' id='par_1_90' title="bbox 2112 4316 3764 4390">
     <span class='ocr_line' id='line_1_90' title="bbox 2112 4316 3764 4390; baseline 0.005 -18"><span class='ocrx_word' id='word_1_672' title='bbox 2112 4330 2293 4390; x_wconf 87' lang='lat' dir='ltr'><strong>gnum</strong></span> <span class='ocrx_word' id='word_1_673' title='bbox 2327 4320 2418 4374; x_wconf 89' lang='lat' dir='ltr'><strong>est</strong></span> <span class='ocrx_word' id='word_1_674' title='bbox 2448 4316 2706 4374; x_wconf 88' lang='lat' dir='ltr'><strong>aversari</strong></span> <span class='ocrx_word' id='word_1_675' title='bbox 2728 4316 2916 4375; x_wconf 91' lang='lat' dir='ltr'><strong>illum.</strong></span> <span class='ocrx_word' id='word_1_676' title='bbox 2951 4316 3133 4378; x_wconf 86' lang='lat' dir='ltr'><strong>Decet</strong></span> <span class='ocrx_word' id='word_1_677' title='bbox 3163 4317 3321 4378; x_wconf 88' lang='lat' dir='ltr'><strong>enim</strong></span> <span class='ocrx_word' id='word_1_678' title='bbox 3357 4326 3420 4380; x_wconf 92' lang='lat' dir='ltr'><strong>ut</strong></span> <span class='ocrx_word' id='word_1_679' title='bbox 3457 4327 3613 4377; x_wconf 73' lang='lat' dir='ltr'><strong>sae</strong></span> <span class='ocrx_word' id='word_1_680' title='bbox 3647 4319 3764 4380; x_wconf 86' lang='lat' dir='ltr'><strong>ho-</strong></span> 
     </span>
    </p>
   </div>
   <div class='ocr_carea' id='block_1_91' title="bbox 359 4389 2017 4492">
    <p class='ocr_par' dir='ltr' id='par_1_91' title="bbox 359 4389 2017 4492">
     <span class='ocr_line' id='line_1_91' title="bbox 359 4389 2017 4492; baseline -0.002 -20"><span class='ocrx_word' id='word_1_681' title='bbox 359 4389 452 4472; x_wconf 62' lang='grc' dir='ltr'><strong>ἰτὸν</strong></span> <span class='ocrx_word' id='word_1_682' title='bbox 513 4417 644 4473; x_wconf 77' lang='grc' dir='ltr'>Θεὸν</span> <span class='ocrx_word' id='word_1_683' title='bbox 696 4415 857 4489; x_wconf 75' lang='grc' dir='ltr'>τιμὴν</span> <span class='ocrx_word' id='word_1_684' title='bbox 946 4413 1247 4492; x_wconf 85' lang='grc' dir='ltr'>προκρίνειν</span> <span class='ocrx_word' id='word_1_685' title='bbox 1289 4410 1503 4467; x_wconf 82' lang='grc' dir='ltr'>πάντων</span> <span class='ocrx_word' id='word_1_686' title='bbox 1559 4409 1770 4484; x_wconf 80' lang='grc' dir='ltr'>ἁπλως,</span> <span class='ocrx_word' id='word_1_687' title='bbox 1815 4415 1902 4468; x_wconf 75' lang='grc' dir='ltr'>καὶ</span> <span class='ocrx_word' id='word_1_688' title='bbox 1930 4412 2017 4480; x_wconf 79' lang='grc' dir='ltr'>τῆς</span> 
     </span>
    </p>
   </div>
   <div class='ocr_carea' id='block_1_92' title="bbox 2103 4389 3768 4492">
    <p class='ocr_par' dir='ltr' id='par_1_92' title="bbox 2113 4389 3768 4487">
     <span class='ocr_line' id='line_1_92' title="bbox 2113 4389 3768 4487; baseline 0.004 -26"><span class='ocrx_word' id='word_1_689' title='bbox 2113 4389 2317 4462; x_wconf 84' lang='lat' dir='ltr'><strong>norem</strong></span> <span class='ocrx_word' id='word_1_690' title='bbox 2334 4420 2512 4483; x_wconf 91' lang='lat' dir='ltr'><strong>quem</strong></span> <span class='ocrx_word' id='word_1_691' title='bbox 2538 4405 2655 4464; x_wconf 90' lang='lat' dir='ltr'><strong>Deo</strong></span> <span class='ocrx_word' id='word_1_692' title='bbox 2677 4403 2988 4478; x_wconf 91' lang='lat' dir='ltr'><strong>dobemus,</strong></span> <span class='ocrx_word' id='word_1_693' title='bbox 3011 4405 3392 4484; x_wconf 64' lang='lat' dir='ltr'><strong>praeferamus</strong></span> <span class='ocrx_word' id='word_1_694' title='bbox 3413 4407 3768 4487; x_wconf 89' lang='lat' dir='ltr'><strong>simpliciter</strong></span> 
     </span>
    </p>
   </div>
   <div class='ocr_carea' id='block_1_93' title="bbox 359 4489 2017 4580">
    <p class='ocr_par' dir='ltr' id='par_1_93' title="bbox 359 4489 2017 4580">
     <span class='ocr_line' id='line_1_93' title="bbox 359 4489 2017 4580; baseline -0.004 -17"><span class='ocrx_word' id='word_1_695' title='bbox 359 4505 730 4580; x_wconf 78' lang='grc' dir='ltr'>έλεημοσύνης</span> <span class='ocrx_word' id='word_1_696' title='bbox 801 4489 1017 4569; x_wconf 57' lang='grc' dir='ltr'>αὒτῆς⁸</span> <span class='ocrx_word' id='word_1_697' title='bbox 1081 4489 1219 4576; x_wconf 60' lang='grc' dir='ltr'>μηδὲ</span> <span class='ocrx_word' id='word_1_698' title='bbox 1277 4500 1376 4578; x_wconf 69' lang='grc' dir='ltr'>γὰρ</span> <span class='ocrx_word' id='word_1_699' title='bbox 1423 4499 1534 4556; x_wconf 79' lang='grc' dir='ltr'>ἒπεὶ</span> <span class='ocrx_word' id='word_1_700' title='bbox 1578 4498 1663 4556; x_wconf 76' lang='grc' dir='ltr'><strong>διὰ</strong></span> <span class='ocrx_word' id='word_1_701' title='bbox 1721 4499 2017 4580; x_wconf 87' lang='grc' dir='ltr'>φιλανθρω-</span> 
     </span>
    </p>
   </div>
   <div class='ocr_carea' id='block_1_94' title="bbox 2103 4489 3768 4580">
    <p class='ocr_par' dir='ltr' id='par_1_94' title="bbox 2120 4489 3768 4576">
     <span class='ocr_line' id='line_1_94' title="bbox 2120 4489 3768 4576; baseline 0.004 -25"><span class='ocrx_word' id='word_1_702' title='bbox 2120 4489 2422 4565; x_wconf 89' lang='lat' dir='ltr'><strong>omnibus,</strong></span> <span class='ocrx_word' id='word_1_703' title='bbox 2448 4491 2624 4552; x_wconf 89' lang='lat' dir='ltr'><strong>etiam</strong></span> <span class='ocrx_word' id='word_1_704' title='bbox 2652 4492 3045 4571; x_wconf 64' lang='lat' dir='ltr'><strong>eleemosynaa</strong></span> <span class='ocrx_word' id='word_1_705' title='bbox 3072 4493 3207 4572; x_wconf 89' lang='lat' dir='ltr'><strong>ipsi.</strong></span> <span class='ocrx_word' id='word_1_706' title='bbox 3249 4495 3385 4556; x_wconf 91' lang='lat' dir='ltr'><strong>Noli</strong></span> <span class='ocrx_word' id='word_1_707' title='bbox 3416 4495 3600 4574; x_wconf 90' lang='lat' dir='ltr'><strong>enim,</strong></span> <span class='ocrx_word' id='word_1_708' title='bbox 3628 4495 3768 4576; x_wconf 81' lang='lat' dir='ltr'><strong>quia</strong></span> 
     </span>
    </p>
   </div>
   <div class='ocr_carea' id='block_1_95' title="bbox 360 4579 2017 4674">
    <p class='ocr_par' dir='ltr' id='par_1_95' title="bbox 360 4579 2017 4674">
     <span class='ocr_line' id='line_1_95' title="bbox 360 4579 2017 4674; baseline -0.005 -23"><span class='ocrx_word' id='word_1_709' title='bbox 360 4579 503 4651; x_wconf 80' lang='grc' dir='ltr'>πίαν</span> <span class='ocrx_word' id='word_1_710' title='bbox 547 4592 864 4674; x_wconf 75' lang='grc' dir='ltr'>ἀναδέχεται</span> <span class='ocrx_word' id='word_1_711' title='bbox 942 4593 1014 4655; x_wconf 83' lang='grc' dir='ltr'>εἷς</span> <span class='ocrx_word' id='word_1_712' title='bbox 1092 4591 1277 4647; x_wconf 70' lang='grc' dir='ltr'>ἑαυτὸν</span> <span class='ocrx_word' id='word_1_713' title='bbox 1332 4592 1360 4645; x_wconf 86' lang='lat'><strong>6</strong></span> <span class='ocrx_word' id='word_1_714' title='bbox 1420 4591 1646 4667; x_wconf 80' lang='grc' dir='ltr'>Χριστὸς</span> <span class='ocrx_word' id='word_1_715' title='bbox 1705 4579 1796 4645; x_wconf 69' lang='grc' dir='ltr'><strong>τδν</strong></span> <span class='ocrx_word' id='word_1_716' title='bbox 1856 4587 2017 4646; x_wconf 80' lang='grc' dir='ltr'>ἔλεον</span> 
     </span>
    </p>
   </div>
   <div class='ocr_carea' id='block_1_96' title="bbox 2103 4579 3768 4674">
    <p class='ocr_par' dir='ltr' id='par_1_96' title="bbox 2122 4579 3768 4674">
     <span class='ocr_line' id='line_1_96' title="bbox 2122 4579 3768 4674; baseline 0.003 -35"><span class='ocrx_word' id='word_1_717' title='bbox 2122 4588 2365 4659; x_wconf 89' lang='lat' dir='ltr'><strong>propter</strong></span> <span class='ocrx_word' id='word_1_718' title='bbox 2395 4579 2821 4659; x_wconf 81' lang='lat' dir='ltr'><strong>benignitatem</strong></span> <span class='ocrx_word' id='word_1_719' title='bbox 2851 4581 3134 4674; x_wconf 74' lang='lat' dir='ltr'><strong>Christus</strong></span> <span class='ocrx_word' id='word_1_720' title='bbox 3151 4582 3397 4662; x_wconf 91' lang='lat' dir='ltr'><strong>suscipit</strong></span> <span class='ocrx_word' id='word_1_721' title='bbox 3428 4583 3768 4674; x_wconf 84' lang='lat' dir='ltr'><strong>misericor-</strong></span> 
     </span>
    </p>
   </div>
   <div class='ocr_carea' id='block_1_97' title="bbox 363 4679 2033 4766">
    <p class='ocr_par' dir='ltr' id='par_1_97' title="bbox 363 4679 2033 4766">
     <span class='ocr_line' id='line_1_97' title="bbox 363 4679 2033 4766; baseline -0.002 -28"><span class='ocrx_word' id='word_1_722' title='bbox 363 4685 592 4760; x_wconf 77' lang='grc' dir='ltr'>νομίσῃς</span> <span class='ocrx_word' id='word_1_723' title='bbox 649 4683 730 4738; x_wconf 81' lang='grc' dir='ltr'>ὅτι</span> <span class='ocrx_word' id='word_1_724' title='bbox 811 4680 899 4737; x_wconf 87' lang='grc' dir='ltr'><strong>δεῖ</strong></span> <span class='ocrx_word' id='word_1_725' title='bbox 966 4691 1320 4758; x_wconf 71' lang='grc' dir='ltr'>καταφρονεῖν</span> <span class='ocrx_word' id='word_1_726' title='bbox 1389 4685 1481 4734; x_wconf 80' lang='grc' dir='ltr'>τοῦ</span> <span class='ocrx_word' id='word_1_727' title='bbox 1560 4685 1717 4757; x_wconf 80' lang='grc' dir='ltr'>Θεοῦ,</span> <span class='ocrx_word' id='word_1_728' title='bbox 1777 4679 1864 4734; x_wconf 83' lang='grc' dir='ltr'><strong>καὶ</strong></span> <span class='ocrx_word' id='word_1_729' title='bbox 1935 4679 2033 4766; x_wconf 45' lang='lat' dir='ltr'><strong>si}?</strong></span> 
     </span>
    </p>
   </div>
   <div class='ocr_carea' id='block_1_98' title="bbox 361 4766 2032 4847">
    <p class='ocr_par' dir='ltr' id='par_1_98' title="bbox 361 4766 2032 4847">
     <span class='ocr_line' id='line_1_98' title="bbox 361 4766 2032 4847; baseline -0.004 -17"><span class='ocrx_word' id='word_1_730' title='bbox 361 4773 737 4847; x_wconf 74' lang='grc' dir='ltr'>έλεημοσύνην</span> <span class='ocrx_word' id='word_1_731' title='bbox 812 4771 973 4846; x_wconf 78' lang='grc' dir='ltr'>μόνον</span> <span class='ocrx_word' id='word_1_732' title='bbox 1014 4766 1355 4846; x_wconf 12' lang='grc' dir='ltr'>,ἐπιτηδεύειν</span> <span class='ocrx_word' id='word_1_733' title='bbox 1391 4787 1403 4800; x_wconf 73' lang='grc'><strong><em>⁸</em></strong></span> <span class='ocrx_word' id='word_1_734' title='bbox 1481 4766 1594 4824; x_wconf 70' lang='grc' dir='ltr'>ἐπεὶ</span> <span class='ocrx_word' id='word_1_735' title='bbox 1663 4766 1802 4823; x_wconf 74' lang='grc' dir='ltr'>οὕτω</span> <span class='ocrx_word' id='word_1_736' title='bbox 1845 4790 1905 4844; x_wconf 89' lang='grc' dir='ltr'><strong>γε</strong></span> <span class='ocrx_word' id='word_1_737' title='bbox 1946 4772 2032 4824; x_wconf 80' lang='grc' dir='ltr'><strong>και</strong></span> 
     </span>
    </p>
   </div>
   <div class='ocr_carea' id='block_1_99' title="bbox 359 4855 2028 4942">
    <p class='ocr_par' dir='ltr' id='par_1_99' title="bbox 359 4855 2028 4942">
     <span class='ocr_line' id='line_1_99' title="bbox 359 4855 2028 4942; baseline -0.004 -23"><span class='ocrx_word' id='word_1_738' title='bbox 359 4863 659 4942; x_wconf 75' lang='grc' dir='ltr'>ἱεροσυλεῖν</span> <span class='ocrx_word' id='word_1_739' title='bbox 691 4860 773 4918; x_wconf 85' lang='grc' dir='ltr'><strong>δεῖ</strong></span> <span class='ocrx_word' id='word_1_740' title='bbox 831 4859 1038 4929; x_wconf 79' lang='grc' dir='ltr'>λοιπὸν,</span> <span class='ocrx_word' id='word_1_741' title='bbox 1102 4860 1191 4915; x_wconf 83' lang='grc' dir='ltr'><strong>καὶ</strong></span> <span class='ocrx_word' id='word_1_742' title='bbox 1248 4861 1309 4913; x_wconf 72' lang='grc' dir='ltr'>ὶκ</span> <span class='ocrx_word' id='word_1_743' title='bbox 1355 4860 1460 4914; x_wconf 79' lang='grc' dir='ltr'>τῶν</span> <span class='ocrx_word' id='word_1_744' title='bbox 1491 4855 1824 4923; x_wconf 76' lang='grc' dir='ltr'>συληθέντων</span> <span class='ocrx_word' id='word_1_745' title='bbox 1869 4856 2028 4924; x_wconf 79' lang='grc' dir='ltr'>ἐλεη-</span> 
     </span>
    </p>
   </div>
   <div class='ocr_carea' id='block_1_100' title="bbox 361 4945 2034 5029">
    <p class='ocr_par' dir='ltr' id='par_1_100' title="bbox 361 4945 2034 5029">
     <span class='ocr_line' id='line_1_100' title="bbox 361 4945 2034 5029; baseline -0.005 -20"><span class='ocrx_word' id='word_1_746' title='bbox 361 4956 603 5029; x_wconf 79' lang='grc' dir='ltr'>μοσύνην</span> <span class='ocrx_word' id='word_1_747' title='bbox 662 4963 862 5008; x_wconf 88' lang='grc' dir='ltr'>ποιεῖν.</span> <span class='ocrx_word' id='word_1_748' title='bbox 912 4947 1065 5007; x_wconf 85' lang='grc' dir='ltr'>Ἀλλ’</span> <span class='ocrx_word' id='word_1_749' title='bbox 1109 4947 1204 5004; x_wconf 72' lang='grc' dir='ltr'><strong>οὒκ</strong></span> <span class='ocrx_word' id='word_1_750' title='bbox 1246 4945 1358 5003; x_wconf 77' lang='grc' dir='ltr'>ἔστι</span> <span class='ocrx_word' id='word_1_751' title='bbox 1414 4954 1567 5004; x_wconf 85' lang='grc' dir='ltr'>τοῦτο</span> <span class='ocrx_word' id='word_1_752' title='bbox 1602 4962 1615 4976; x_wconf 87' lang='grc'><strong>⁹</strong></span> <span class='ocrx_word' id='word_1_753' title='bbox 1665 4945 1747 5002; x_wconf 78' lang='grc' dir='ltr'><strong>ὅτι</strong></span> <span class='ocrx_word' id='word_1_754' title='bbox 1796 4949 1896 5025; x_wconf 75' lang='grc' dir='ltr'><strong>γὰρ</strong></span> <span class='ocrx_word' id='word_1_755' title='bbox 1941 4946 2034 5002; x_wconf 71' lang='grc' dir='ltr'>οὔκ</span> 
     </span>
    </p>
   </div>
   <div class='ocr_carea' id='block_1_101' title="bbox 363 5036 2033 5116">
    <p class='ocr_par' dir='ltr' id='par_1_101' title="bbox 363 5036 2033 5116">
     <span class='ocr_line' id='line_1_101' title="bbox 363 5036 2033 5116; baseline -0.005 -18"><span class='ocrx_word' id='word_1_756' title='bbox 363 5044 478 5100; x_wconf 76' lang='grc' dir='ltr'>ἔστι</span> <span class='ocrx_word' id='word_1_757' title='bbox 537 5043 726 5096; x_wconf 77' lang='grc' dir='ltr'>ταυτὸν</span> <span class='ocrx_word' id='word_1_758' title='bbox 785 5041 846 5095; x_wconf 76' lang='grc' dir='ltr'>τὸ</span> <span class='ocrx_word' id='word_1_759' title='bbox 904 5038 1074 5096; x_wconf 76' lang='grc' dir='ltr'>ἐλεεῖν</span> <span class='ocrx_word' id='word_1_760' title='bbox 1131 5037 1384 5116; x_wconf 74' lang='grc' dir='ltr'>πτωχοὺς</span> <span class='ocrx_word' id='word_1_761' title='bbox 1443 5036 1529 5092; x_wconf 84' lang='grc' dir='ltr'><strong>καὶ</strong></span> <span class='ocrx_word' id='word_1_762' title='bbox 1578 5037 1641 5091; x_wconf 73' lang='grc' dir='ltr'><strong>τὸ</strong></span> <span class='ocrx_word' id='word_1_763' title='bbox 1682 5041 1913 5111; x_wconf 75' lang='grc' dir='ltr'>τιμῆσαι</span> <span class='ocrx_word' id='word_1_764' title='bbox 1944 5037 2033 5090; x_wconf 81' lang='grc' dir='ltr'><strong>τὸν</strong></span> 
     </span>
    </p>
   </div>
   <div class='ocr_carea' id='block_1_102' title="bbox 366 5122 2030 5211">
    <p class='ocr_par' dir='ltr' id='par_1_102' title="bbox 366 5122 2030 5211">
     <span class='ocr_line' id='line_1_102' title="bbox 366 5122 2030 5211; baseline -0.005 -23"><span class='ocrx_word' id='word_1_765' title='bbox 366 5132 596 5211; x_wconf 75' lang='grc' dir='ltr'>Χριστὸν</span> <span class='ocrx_word' id='word_1_766' title='bbox 692 5129 848 5185; x_wconf 61' lang='grc' dir='ltr'>αὔτὸν</span> <span class='ocrx_word' id='word_1_767' title='bbox 929 5127 1160 5204; x_wconf 79' lang='grc' dir='ltr'>ἐκεῖνον,</span> <span class='ocrx_word' id='word_1_768' title='bbox 1237 5127 1325 5181; x_wconf 83' lang='grc' dir='ltr'><strong>καὶ</strong></span> <span class='ocrx_word' id='word_1_769' title='bbox 1394 5127 1734 5204; x_wconf 75' lang='grc' dir='ltr'>θεραπεῦσαι,</span> <span class='ocrx_word' id='word_1_770' title='bbox 1826 5122 1978 5180; x_wconf 75' lang='grc' dir='ltr'>ἄκουε</span> <span class='ocrx_word' id='word_1_771' title='bbox 2018 5149 2030 5162; x_wconf 90' lang='grc'><strong>·</strong></span> 
     </span>
    </p>
   </div>
   <div class='ocr_carea' id='block_1_103' title="bbox 369 5212 2033 5296">
    <p class='ocr_par' dir='ltr' id='par_1_103' title="bbox 369 5212 2033 5296">
     <span class='ocr_line' id='line_1_103' title="bbox 369 5212 2033 5296; baseline -0.006 -20"><span class='ocrx_word' id='word_1_772' title='bbox 369 5242 400 5281; x_wconf 71' lang='grc' dir='ltr'><strong>α</strong></span> <span class='ocrx_word' id='word_1_773' title='bbox 449 5219 581 5281; x_wconf 77' lang='grc' dir='ltr'>Τοὺς</span> <span class='ocrx_word' id='word_1_774' title='bbox 613 5217 865 5296; x_wconf 80' lang='grc' dir='ltr'>πτωχοὺς</span> <span class='ocrx_word' id='word_1_775' title='bbox 903 5217 1026 5295; x_wconf 75' lang='grc' dir='ltr'>γὰρ,</span> <span class='ocrx_word' id='word_1_776' title='bbox 1071 5216 1225 5293; x_wconf 78' lang='grc' dir='ltr'>φησὶ,</span> <span class='ocrx_word' id='word_1_777' title='bbox 1285 5213 1511 5296; x_wconf 76' lang='grc' dir='ltr'>πάντοτε</span> <span class='ocrx_word' id='word_1_778' title='bbox 1541 5212 1702 5292; x_wconf 72' lang='grc' dir='ltr'>ἔχετε</span> <span class='ocrx_word' id='word_1_779' title='bbox 1754 5212 1870 5286; x_wconf 82' lang='grc' dir='ltr'>μεθ’</span> <span class='ocrx_word' id='word_1_780' title='bbox 1905 5213 2033 5267; x_wconf 80' lang='grc' dir='ltr'>ἑαυ-</span> 
     </span>
    </p>
   </div>
   <div class='ocr_carea' id='block_1_104' title="bbox 363 5293 2035 5383">
    <p class='ocr_par' dir='ltr' id='par_1_104' title="bbox 363 5293 2035 5383">
     <span class='ocr_line' id='line_1_104' title="bbox 363 5293 2035 5383; baseline -0.007 -17"><span class='ocrx_word' id='word_1_781' title='bbox 363 5311 500 5381; x_wconf 72' lang='grc' dir='ltr'>τῶν,</span> <span class='ocrx_word' id='word_1_782' title='bbox 533 5308 628 5382; x_wconf 76' lang='grc' dir='ltr'><strong>ἐμὲ</strong></span> <span class='ocrx_word' id='word_1_783' title='bbox 659 5293 804 5365; x_wconf 58' lang='grc' dir='ltr'>διεδ</span> <span class='ocrx_word' id='word_1_784' title='bbox 833 5293 1060 5361; x_wconf 68' lang='grc' dir='ltr'>πέντοτε</span> <span class='ocrx_word' id='word_1_785' title='bbox 1091 5302 1278 5383; x_wconf 78' lang='grc' dir='ltr'>ἔχετε,</span> <span class='ocrx_word' id='word_1_786' title='bbox 1317 5324 1342 5358; x_wconf 77' lang='lat'>.</span> <span class='ocrx_word' id='word_1_787' title='bbox 1403 5293 1558 5380; x_wconf 78' lang='grc' dir='ltr'>Ὀρᾷς</span> <span class='ocrx_word' id='word_1_788' title='bbox 1610 5301 1699 5356; x_wconf 76' lang='grc' dir='ltr'>οὖν</span> <span class='ocrx_word' id='word_1_789' title='bbox 1731 5306 1846 5363; x_wconf 82' lang='grc' dir='ltr'>πῶς</span> <span class='ocrx_word' id='word_1_790' title='bbox 1907 5299 2035 5355; x_wconf 80' lang='grc' dir='ltr'>ἄλλο</span> 
     </span>
    </p>
   </div>
   <div class='ocr_carea' id='block_1_105' title="bbox 361 5389 2034 5471">
    <p class='ocr_par' dir='ltr' id='par_1_105' title="bbox 361 5389 2034 5471">
     <span class='ocr_line' id='line_1_105' title="bbox 361 5389 2034 5471; baseline -0.007 -15"><span class='ocrx_word' id='word_1_791' title='bbox 361 5399 479 5456; x_wconf 64' lang='grc' dir='ltr'>εστὶ</span> <span class='ocrx_word' id='word_1_792' title='bbox 535 5399 596 5452; x_wconf 76' lang='grc' dir='ltr'><strong>τὸ</strong></span> <span class='ocrx_word' id='word_1_793' title='bbox 649 5397 740 5452; x_wconf 80' lang='grc' dir='ltr'><strong>τὸν</strong></span> <span class='ocrx_word' id='word_1_794' title='bbox 795 5396 1018 5471; x_wconf 81' lang='grc' dir='ltr'>Χριστὸν</span> <span class='ocrx_word' id='word_1_795' title='bbox 1078 5393 1410 5471; x_wconf 80' lang='grc' dir='ltr'>θεραπεύειν,</span> <span class='ocrx_word' id='word_1_796' title='bbox 1465 5393 1556 5447; x_wconf 88' lang='grc' dir='ltr'><strong>καὶ</strong></span> <span class='ocrx_word' id='word_1_797' title='bbox 1613 5389 1746 5447; x_wconf 75' lang='grc' dir='ltr'>ἄλλο</span> <span class='ocrx_word' id='word_1_798' title='bbox 1776 5392 1836 5446; x_wconf 80' lang='grc' dir='ltr'>τὸ</span> <span class='ocrx_word' id='word_1_799' title='bbox 1881 5413 2034 5445; x_wconf 89' lang='grc' dir='ltr'>πτω-</span> 
     </span>
    </p>
   </div>
   <div class='ocr_carea' id='block_1_106' title="bbox 365 5480 2036 5570">
    <p class='ocr_par' dir='ltr' id='par_1_106' title="bbox 365 5480 2036 5570">
     <span class='ocr_line' id='line_1_106' title="bbox 365 5480 2036 5570; baseline -0.007 -24"><span class='ocrx_word' id='word_1_800' title='bbox 365 5489 508 5570; x_wconf 76' lang='grc' dir='ltr'>χοὺς</span> <span class='ocrx_word' id='word_1_801' title='bbox 563 5484 762 5558; x_wconf 74' lang='grc' dir='ltr'>ὶλεεῖν,</span> <span class='ocrx_word' id='word_1_802' title='bbox 827 5486 869 5539; x_wconf 77' lang='grc' dir='ltr'>εἰ</span> <span class='ocrx_word' id='word_1_803' title='bbox 937 5484 1027 5540; x_wconf 85' lang='grc' dir='ltr'><strong>καὶ</strong></span> <span class='ocrx_word' id='word_1_804' title='bbox 1105 5481 1191 5538; x_wconf 79' lang='grc' dir='ltr'><strong>διὰ</strong></span> <span class='ocrx_word' id='word_1_805' title='bbox 1273 5480 1663 5561; x_wconf 79' lang='grc' dir='ltr'>φιλανθρωπίαν</span> <span class='ocrx_word' id='word_1_806' title='bbox 1733 5482 1761 5537; x_wconf 90' lang='lat'><strong>6</strong></span> <span class='ocrx_word' id='word_1_807' title='bbox 1812 5480 2036 5559; x_wconf 79' lang='grc' dir='ltr'>Χριστὸς</span> 
     </span>
    </p>
   </div>
   <div class='ocr_carea' id='block_1_107' title="bbox 368 5570 2032 5653">
    <p class='ocr_par' dir='ltr' id='par_1_107' title="bbox 368 5570 2032 5653">
     <span class='ocr_line' id='line_1_107' title="bbox 368 5570 2032 5653; baseline -0.008 -17"><span class='ocrx_word' id='word_1_808' title='bbox 368 5583 448 5640; x_wconf 71' lang='grc' dir='ltr'>εἰς</span> <span class='ocrx_word' id='word_1_809' title='bbox 503 5577 688 5636; x_wconf 63' lang='grc' dir='ltr'>ἐαυτὸν</span> <span class='ocrx_word' id='word_1_810' title='bbox 747 5571 1060 5653; x_wconf 77' lang='grc' dir='ltr'>ἀναδέχεται</span> <span class='ocrx_word' id='word_1_811' title='bbox 1108 5573 1173 5629; x_wconf 70' lang='grc' dir='ltr'>τὰ</span> <span class='ocrx_word' id='word_1_812' title='bbox 1217 5573 1288 5632; x_wconf 76' lang='grc' dir='ltr'><strong>είς</strong></span> <span class='ocrx_word' id='word_1_813' title='bbox 1339 5573 1459 5633; x_wconf 83' lang='grc' dir='ltr'>τοὺς</span> <span class='ocrx_word' id='word_1_814' title='bbox 1490 5571 1724 5635; x_wconf 75' lang='grc' dir='ltr'>πένητας</span> <span class='ocrx_word' id='word_1_815' title='bbox 1759 5570 2032 5644; x_wconf 81' lang='grc' dir='ltr'>γινόμενα.</span> 
     </span>
    </p>
   </div>
   <div class='ocr_carea' id='block_1_108' title="bbox 459 5732 966 5813">
    <p class='ocr_par' dir='ltr' id='par_1_108' title="bbox 459 5732 966 5813">
     <span class='ocr_line' id='line_1_108' title="bbox 459 5732 966 5813; baseline -0.01 -10"><span class='ocrx_word' id='word_1_816' title='bbox 459 5736 523 5793; x_wconf 63' lang='grc' dir='ltr'><strong>κ</strong></span> <span class='ocrx_word' id='word_1_817' title='bbox 551 5734 712 5802; x_wconf 71' lang='lat' dir='ltr'><strong>Poet.</strong></span> <span class='ocrx_word' id='word_1_818' title='bbox 747 5750 874 5813; x_wconf 78' lang='lat' dir='ltr'><strong>an,</strong></span> <span class='ocrx_word' id='word_1_819' title='bbox 905 5732 966 5798; x_wconf 70' lang='grc' dir='ltr'><strong>Ω.</strong></span> 
     </span>
    </p>
   </div>
   <div class='ocr_carea' id='block_1_109' title="bbox 2116 4668 3772 4752">
    <p class='ocr_par' dir='ltr' id='par_1_109' title="bbox 2116 4668 3772 4752">
     <span class='ocr_line' id='line_1_109' title="bbox 2116 4668 3772 4752; baseline 0.003 -23"><span class='ocrx_word' id='word_1_820' title='bbox 2116 4668 2271 4729; x_wconf 89' lang='lat' dir='ltr'><strong>diam</strong></span> <span class='ocrx_word' id='word_1_821' title='bbox 2293 4669 2460 4748; x_wconf 86' lang='lat' dir='ltr'><strong>quasi</strong></span> <span class='ocrx_word' id='word_1_822' title='bbox 2476 4669 2589 4729; x_wconf 91' lang='lat' dir='ltr'><strong>sibi</strong></span> <span class='ocrx_word' id='word_1_823' title='bbox 2616 4669 2765 4731; x_wconf 82' lang='lat' dir='ltr'><strong>facta</strong></span> <span class='ocrx_word' id='word_1_824' title='bbox 2783 4669 3476 4750; x_wconf 82' lang='lat' dir='ltr'><strong>esset,existimarequod</strong></span> <span class='ocrx_word' id='word_1_825' title='bbox 3498 4679 3772 4752; x_wconf 86' lang='lat' dir='ltr'><strong>oporteat</strong></span> 
     </span>
    </p>
   </div>
   <div class='ocr_carea' id='block_1_110' title="bbox 2115 4759 3768 4841">
    <p class='ocr_par' dir='ltr' id='par_1_110' title="bbox 2115 4759 3768 4841">
     <span class='ocr_line' id='line_1_110' title="bbox 2115 4759 3768 4841; baseline 0.002 -23"><span class='ocrx_word' id='word_1_826' title='bbox 2115 4766 2502 4819; x_wconf 87' lang='lat' dir='ltr'><strong>contemnere</strong></span> <span class='ocrx_word' id='word_1_827' title='bbox 2531 4759 2718 4820; x_wconf 89' lang='lat' dir='ltr'><strong>Deum</strong></span> <span class='ocrx_word' id='word_1_828' title='bbox 2742 4767 2800 4820; x_wconf 93' lang='lat' dir='ltr'><strong>et</strong></span> <span class='ocrx_word' id='word_1_829' title='bbox 2821 4763 3255 4838; x_wconf 82' lang='lat' dir='ltr'><strong>eleemosynam</strong></span> <span class='ocrx_word' id='word_1_830' title='bbox 3285 4767 3508 4820; x_wconf 88' lang='lat' dir='ltr'><strong>tantum</strong></span> <span class='ocrx_word' id='word_1_831' title='bbox 3532 4777 3768 4841; x_wconf 89' lang='lat' dir='ltr'><strong>curare,</strong></span> 
     </span>
    </p>
   </div>
   <div class='ocr_carea' id='block_1_111' title="bbox 2117 4845 3771 4929">
    <p class='ocr_par' dir='ltr' id='par_1_111' title="bbox 2117 4845 3771 4929">
     <span class='ocr_line' id='line_1_111' title="bbox 2117 4845 3771 4929; baseline 0.003 -22"><span class='ocrx_word' id='word_1_832' title='bbox 2117 4845 2254 4928; x_wconf 88' lang='lat' dir='ltr'><strong>quia</strong></span> <span class='ocrx_word' id='word_1_833' title='bbox 2282 4847 2366 4907; x_wconf 90' lang='lat' dir='ltr'><strong>sic</strong></span> <span class='ocrx_word' id='word_1_834' title='bbox 2381 4855 2438 4908; x_wconf 92' lang='lat' dir='ltr'><strong>et</strong></span> <span class='ocrx_word' id='word_1_835' title='bbox 2456 4847 2831 4927; x_wconf 73' lang='lat' dir='ltr'><strong>sacrilegium</strong></span> <span class='ocrx_word' id='word_1_836' title='bbox 2858 4849 3156 4920; x_wconf 89' lang='lat' dir='ltr'><strong>liceret,et</strong></span> <span class='ocrx_word' id='word_1_837' title='bbox 3178 4867 3246 4910; x_wconf 90' lang='lat' dir='ltr'><strong>ex</strong></span> <span class='ocrx_word' id='word_1_838' title='bbox 3262 4847 3591 4929; x_wconf 80' lang='lat' dir='ltr'><strong>sacrilegiis</strong></span> <span class='ocrx_word' id='word_1_839' title='bbox 3613 4856 3771 4912; x_wconf 88' lang='lat' dir='ltr'><strong>esset</strong></span> 
     </span>
    </p>
   </div>
   <div class='ocr_carea' id='block_1_112' title="bbox 2119 4935 3768 5019">
    <p class='ocr_par' dir='ltr' id='par_1_112' title="bbox 2119 4935 3768 5019">
     <span class='ocr_line' id='line_1_112' title="bbox 2119 4935 3768 5019; baseline 0.002 -23"><span class='ocrx_word' id='word_1_840' title='bbox 2119 4936 2496 5016; x_wconf 80' lang='lat' dir='ltr'><strong>eleemosyna</strong></span> <span class='ocrx_word' id='word_1_841' title='bbox 2522 4935 2959 4999; x_wconf 74' lang='lat' dir='ltr'><strong>danila.Verum</strong></span> <span class='ocrx_word' id='word_1_842' title='bbox 2990 4956 3106 4998; x_wconf 90' lang='lat' dir='ltr'><strong>non</strong></span> <span class='ocrx_word' id='word_1_843' title='bbox 3134 4938 3220 4999; x_wconf 91' lang='lat' dir='ltr'><strong>sic</strong></span> <span class='ocrx_word' id='word_1_844' title='bbox 3253 4937 3456 5013; x_wconf 85' lang='lat' dir='ltr'><strong>habet,</strong></span> <span class='ocrx_word' id='word_1_845' title='bbox 3480 4939 3620 5019; x_wconf 89' lang='lat' dir='ltr'><strong>quia</strong></span> <span class='ocrx_word' id='word_1_846' title='bbox 3650 4956 3768 5001; x_wconf 89' lang='lat' dir='ltr'><strong>non</strong></span> 
     </span>
    </p>
   </div>
   <div class='ocr_carea' id='block_1_113' title="bbox 2118 5025 3772 5107">
    <p class='ocr_par' dir='ltr' id='par_1_113' title="bbox 2118 5025 3772 5107">
     <span class='ocr_line' id='line_1_113' title="bbox 2118 5025 3772 5107; baseline 0.002 -21"><span class='ocrx_word' id='word_1_847' title='bbox 2118 5033 2206 5086; x_wconf 91' lang='lat' dir='ltr'><strong>est</strong></span> <span class='ocrx_word' id='word_1_848' title='bbox 2230 5025 2414 5103; x_wconf 88' lang='lat' dir='ltr'><strong>idem,</strong></span> <span class='ocrx_word' id='word_1_849' title='bbox 2431 5025 2702 5087; x_wconf 87' lang='lat' dir='ltr'><strong>misereri</strong></span> <span class='ocrx_word' id='word_1_850' title='bbox 2727 5045 3078 5107; x_wconf 90' lang='lat' dir='ltr'><strong>pauperum,</strong></span> <span class='ocrx_word' id='word_1_851' title='bbox 3107 5035 3166 5088; x_wconf 92' lang='lat' dir='ltr'><strong>et</strong></span> <span class='ocrx_word' id='word_1_852' title='bbox 3181 5028 3380 5090; x_wconf 91' lang='lat' dir='ltr'><strong>colore</strong></span> <span class='ocrx_word' id='word_1_853' title='bbox 3398 5047 3465 5090; x_wconf 89' lang='lat' dir='ltr'><strong>ac</strong></span> <span class='ocrx_word' id='word_1_854' title='bbox 3478 5029 3772 5091; x_wconf 88' lang='lat' dir='ltr'><strong>honorare</strong></span> 
     </span>
    </p>
   </div>
   <div class='ocr_carea' id='block_1_114' title="bbox 2119 5113 3770 5198">
    <p class='ocr_par' dir='ltr' id='par_1_114' title="bbox 2119 5113 3770 5198">
     <span class='ocr_line' id='line_1_114' title="bbox 2119 5113 3770 5198; baseline 0.003 -25"><span class='ocrx_word' id='word_1_855' title='bbox 2119 5113 2443 5193; x_wconf 85' lang='lat' dir='ltr'><strong>ipsummet</strong></span> <span class='ocrx_word' id='word_1_856' title='bbox 2463 5115 2782 5177; x_wconf 90' lang='lat' dir='ltr'><strong>Christum.</strong></span> <span class='ocrx_word' id='word_1_857' title='bbox 2805 5115 3022 5177; x_wconf 69' lang='lat' dir='ltr'><strong>Audizc</strong></span> <span class='ocrx_word' id='word_1_858' title='bbox 3049 5117 3343 5197; x_wconf 84' lang='lat' dir='ltr'><strong>Pauperes</strong></span> <span class='ocrx_word' id='word_1_859' title='bbox 3364 5116 3770 5198; x_wconf 86' lang='lat' dir='ltr'><strong>enim,inquit,</strong></span> 
     </span>
    </p>
   </div>
   <div class='ocr_carea' id='block_1_115' title="bbox 2121 5203 3773 5287">
    <p class='ocr_par' dir='ltr' id='par_1_115' title="bbox 2121 5203 3773 5287">
     <span class='ocr_line' id='line_1_115' title="bbox 2121 5203 3773 5287; baseline 0.002 -24"><span class='ocrx_word' id='word_1_860' title='bbox 2121 5221 2357 5283; x_wconf 90' lang='lat' dir='ltr'><strong>semper</strong></span> <span class='ocrx_word' id='word_1_861' title='bbox 2380 5203 2610 5265; x_wconf 89' lang='lat' dir='ltr'><strong>habetis</strong></span> <span class='ocrx_word' id='word_1_862' title='bbox 2633 5203 2964 5284; x_wconf 89' lang='lat' dir='ltr'><strong>vobiscum,</strong></span> <span class='ocrx_word' id='word_1_863' title='bbox 2989 5223 3084 5266; x_wconf 93' lang='lat' dir='ltr'><strong>me</strong></span> <span class='ocrx_word' id='word_1_864' title='bbox 3105 5219 3305 5268; x_wconf 85' lang='lat' dir='ltr'><strong>autem</strong></span> <span class='ocrx_word' id='word_1_865' title='bbox 3328 5226 3446 5269; x_wconf 90' lang='lat' dir='ltr'><strong>non</strong></span> <span class='ocrx_word' id='word_1_866' title='bbox 3469 5223 3773 5287; x_wconf 73' lang='lat' dir='ltr'><strong>semper.)</strong></span> 
     </span>
    </p>
   </div>
   <div class='ocr_carea' id='block_1_116' title="bbox 2120 5292 3776 5376">
    <p class='ocr_par' dir='ltr' id='par_1_116' title="bbox 2120 5292 3776 5376">
     <span class='ocr_line' id='line_1_116' title="bbox 2120 5292 3776 5376; baseline 0.005 -26"><span class='ocrx_word' id='word_1_867' title='bbox 2120 5293 2302 5354; x_wconf 88' lang='lat' dir='ltr'><strong>Vidcs</strong></span> <span class='ocrx_word' id='word_1_868' title='bbox 2331 5292 2508 5371; x_wconf 86' lang='lat' dir='ltr'><strong>igitur</strong></span> <span class='ocrx_word' id='word_1_869' title='bbox 2536 5292 2836 5373; x_wconf 92' lang='lat' dir='ltr'><strong>quomodo</strong></span> <span class='ocrx_word' id='word_1_870' title='bbox 2862 5292 3019 5353; x_wconf 90' lang='lat' dir='ltr'><strong>aliud</strong></span> <span class='ocrx_word' id='word_1_871' title='bbox 3063 5294 3142 5354; x_wconf 87' lang='lat' dir='ltr'><strong>sit</strong></span> <span class='ocrx_word' id='word_1_872' title='bbox 3183 5314 3386 5357; x_wconf 88' lang='lat' dir='ltr'><strong>curam</strong></span> <span class='ocrx_word' id='word_1_873' title='bbox 3420 5294 3776 5376; x_wconf 83' lang='lat' dir='ltr'><strong>impendere</strong></span> 
     </span>
    </p>
   </div>
   <div class='ocr_carea' id='block_1_117' title="bbox 2119 5381 3780 5466">
    <p class='ocr_par' dir='ltr' id='par_1_117' title="bbox 2119 5381 3780 5466">
     <span class='ocr_line' id='line_1_117' title="bbox 2119 5381 3780 5466; baseline 0 -20"><span class='ocrx_word' id='word_1_874' title='bbox 2119 5383 2376 5462; x_wconf 87' lang='lat' dir='ltr'><strong>Christo,</strong></span> <span class='ocrx_word' id='word_1_875' title='bbox 2436 5389 2495 5443; x_wconf 89' lang='lat' dir='ltr'><strong>et</strong></span> <span class='ocrx_word' id='word_1_876' title='bbox 2557 5382 2714 5442; x_wconf 91' lang='lat' dir='ltr'><strong>aliud</strong></span> <span class='ocrx_word' id='word_1_877' title='bbox 2770 5381 3044 5443; x_wconf 91' lang='lat' dir='ltr'><strong>misereri</strong></span> <span class='ocrx_word' id='word_1_878' title='bbox 3097 5383 3484 5466; x_wconf 90' lang='lat' dir='ltr'><strong>pauperibus,</strong></span> <span class='ocrx_word' id='word_1_879' title='bbox 3546 5383 3780 5447; x_wconf 83' lang='lat' dir='ltr'><strong>tametsi</strong></span> 
     </span>
    </p>
   </div>
   <div class='ocr_carea' id='block_1_118' title="bbox 2122 5471 3780 5556">
    <p class='ocr_par' dir='ltr' id='par_1_118' title="bbox 2122 5471 3780 5556">
     <span class='ocr_line' id='line_1_118' title="bbox 2122 5471 3780 5556; baseline 0 -18"><span class='ocrx_word' id='word_1_880' title='bbox 2122 5471 2389 5538; x_wconf 88' lang='lat' dir='ltr'><strong>Christus</strong></span> <span class='ocrx_word' id='word_1_881' title='bbox 2429 5479 2673 5553; x_wconf 90' lang='lat' dir='ltr'><strong>propter</strong></span> <span class='ocrx_word' id='word_1_882' title='bbox 2719 5471 3146 5553; x_wconf 87' lang='lat' dir='ltr'><strong>benignitatem</strong></span> <span class='ocrx_word' id='word_1_883' title='bbox 3195 5473 3477 5556; x_wconf 85' lang='lat' dir='ltr'><strong>suscipiat</strong></span> <span class='ocrx_word' id='word_1_884' title='bbox 3524 5473 3780 5556; x_wconf 86' lang='lat' dir='ltr'><strong>perinde</strong></span> 
     </span>
    </p>
   </div>
   <div class='ocr_carea' id='block_1_119' title="bbox 2121 5561 3772 5644">
    <p class='ocr_par' dir='ltr' id='par_1_119' title="bbox 2121 5561 3772 5644">
     <span class='ocr_line' id='line_1_119' title="bbox 2121 5561 3772 5644; baseline 0.001 -21"><span class='ocrx_word' id='word_1_885' title='bbox 2121 5581 2190 5624; x_wconf 83' lang='lat' dir='ltr'><strong>ec</strong></span> <span class='ocrx_word' id='word_1_886' title='bbox 2214 5563 2263 5623; x_wconf 83' lang='lat' dir='ltr'><strong>si</strong></span> <span class='ocrx_word' id='word_1_887' title='bbox 2287 5561 2348 5623; x_wconf 89' lang='lat' dir='ltr'><strong>in</strong></span> <span class='ocrx_word' id='word_1_888' title='bbox 2373 5579 2438 5623; x_wconf 79' lang='lat' dir='ltr'><strong>se</strong></span> <span class='ocrx_word' id='word_1_889' title='bbox 2457 5561 2810 5643; x_wconf 81' lang='lat' dir='ltr'><strong>collocetur,</strong></span> <span class='ocrx_word' id='word_1_890' title='bbox 2828 5562 2985 5642; x_wconf 89' lang='lat' dir='ltr'><strong>quod</strong></span> <span class='ocrx_word' id='word_1_891' title='bbox 3008 5563 3367 5644; x_wconf 81' lang='lat' dir='ltr'><strong>pauperibus</strong></span> <span class='ocrx_word' id='word_1_892' title='bbox 3383 5563 3772 5643; x_wconf 81' lang='lat' dir='ltr'><strong>impenditur.</strong></span> 
     </span>
    </p>
   </div>
  </div>
