4170 6408
483 284 605 349 443
1164 330 1169 335 .
1451 241 2049 350 τΗΕοΡΗΥωοΤΙ
2090 285 2504 349 summa
2535 286 2896 353 nemp.
3064 298 3065 303 κ
3757 289 3879 355 ιιι

486 416 684 481 batur.
723 420 1043 499 l’r0pterea
1075 415 1410 477 manifestat
1432 415 1624 489 illum,
1654 414 1884 476 dicens:
1912 413 2024 488 Qui
2054 413 2140 476 in-

2237 414 2523 493 Ξιωρθοῦτο·
2586 416 2669 474 διὰ
2725 422 2880 477 :06:0
2940 420 3029 478 οὖν
3057 434 3278 502 φανεροϊ
3331 424 3515 500 αὗτὸν,
3571 421 3765 499 λέγων’
3813 412 3874 484 ’0

490 507 659 569 tinxit
690 526 917 568 mecum
956 528 971 569 :
1009 515 1071 567 ut
1100 507 1187 566 vel
1222 504 1306 566 sic
1338 504 1690 583 corrigatur.
1720 506 1937 565 Verum
1965 506 2140 567 ludas

2237 502 2465 580 εμὸλὶψις
2531 504 2649 580 μετ’
2711 508 2863 583 ἐμοῦ,
2940 512 3014 574 ὡς
3097 510 3158 565 ἄν
3214 509 3309 565 κᾶν
3399 510 3537 568 οῧτω
3595 509 3876 589 διορθωθῇ⁹

492 596 809 675 impudens
838 595 1168 672 intingebat
1200 594 1257 655 in
1294 594 1505 654 eodem
1530 593 1748 671 catino,
1788 612 1894 653 seu
1930 594 2142 655 scutel-

492 685 568 746 la.
607 685 830 748 Deinde
859 685 1025 764 dicit,
1063 683 1245 744 Filius
1272 682 1512 763 quidem
1569 682 1834 744 hominis
1867 682 2024 742 vadit
2053 682 2138 743 si-

494 784 590 835 cut
622 774 906 854 scriptum
934 782 1025 834 est
1054 773 1129 834 de
1158 773 1285 841 illo,
1320 773 1435 834 hoc
1465 780 1576 853 est,
1622 772 1851 833 etiamsi
1905 772 2139 847 prazde-

491 864 719 925 ﬁnitum
753 865 826 924 sit
857 861 1153 926 Christum
1188 863 1306 944 pati
1355 861 1428 923 ad
1462 863 1711 923 salutem
1762 861 1986 934 mundi,
2024 880 2143 923 non

492 961 691 1015 tamen
750 961 991 1033 prepter
1050 954 1162 1015 hoc
1214 951 1507 1014 colendus
1533 950 1738 1028 Judas,
1772 952 1876 1014 sed
1908 969 1990 1014 vae
2030 951 2136 1012 illi.

492 1040 620 1104 Non
669 1042 829 1104 enim
872 1048 939 1106 ut
968 1060 1299 1123 cooperans
1330 1041 1544 1102 divinae
1589 1041 1875 1102 voluntati
1906 1042 2020 1103 hoc
2050 1040 2141 1103 fe-

498 1132 596 1213 cit,
630 1132 735 1194 sed
769 1150 934 1193 suam
956 1132 1238 1194 malitiam
1273 1131 1617 1213 perﬁciens.
1650 1132 1798 1195 Nam
1823 1130 1872 1192 si
1901 1130 2147 1209 diligen-

496 1229 588 1284 ter
627 1220 1127 1294 consideraveris,
1189 1223 1375 1283 noluit
1419 1218 1693 1284 Christus
1740 1220 2148 1301 praecedenter

493 1310 786 1390 cruciﬁgi.
833 1308 1099 1373 Insinnat
1142 1317 1337 1372 autem
1389 1309 1535 1371 illud
1568 1329 1674 1390 per
1702 1311 1815 1372 hoc
1845 1310 2000 1391 quod
2033 1310 2144 1372 de-

489 1410 767 1480 precatur
811 1400 1115 1482 poculum.
1153 1398 1445 1472 Quoniam
1502 1409 1701 1461 autem
1751 1399 1980 1460 sciebat
2007 1410 2145 1461 ante

2227 597 2469 667 Ἀναιξης
2537 598 2589 654 δὲ
2621 600 2695 656 ὥν
2749 604 2776 658 0
2840 601 3059 664 Ἰούδας.
3122 601 3402 660 ὲνὲὄαπτεν
3458 603 3512 659 ἐν
3575 608 3651 675 τῷ
3718 607 3877 661 αὺτοῦ

2223 686 2470 766 τρυϐλίῳ,
2544 688 2664 757 ἤτοι
2723 694 2967 765 πινακίῳ.
3034 693 3173 751 Nini
3244 716 3427 773 φησιν.
3488 684 3545 751 Ὀ
3601 693 3698 764 μὲν
3755 695 3872 755 Υἱὸς

2232 784 2317 833 :06
2374 779 2646 857 ἅνθρωποι.»
2713 780 2903 857 ὑπάγει
2959 782 3133 843 καθὼς
3191 783 3483 860 γέγραπται
3542 783 3661 860 περὶ
3690 781 3872 855 αὺτοῦ,

2223 866 2513 947 τουτέστιν,
2588 871 2630 924 εἰ
2688 871 2776 925 καὶ
2825 870 3122 948 προώριστο
3168 876 3360 928 παθεῖν
3391 872 3475 927 ἐπὶ
3520 871 3754 949 σωτηρίᾳ
3785 877 3877 929 τοῦ

2224 956 2426 1031 κόσμου
2458 960 2486 1013 0
2518 959 2763 1039 Χριστὸς,
2824 957 2943 1015 ἀλλ’
2978 962 3038 1017 00
3088 958 3256 1031 δήπου
3313 959 3398 1017 διὰ
3427 968 3579 1019 τοῦτο
3623 958 3877 1035 τιμητέος

2225 1048 2253 1101 ὁ
2314 1044 2532 1121 Ἰούδας,
2596 1046 2714 1104 ἀλλ’
2788 1050 2904 1108 οὖαὶ
2946 1051 3109 1125 ασῖιτῷ⁶
3158 1053 3219 1107 οὗ
3274 1053 3374 1130 γὰρ
3404 1052 3476 1117 ὡς
3507 1054 3768 1129 συνεργῶν
3808 1054 3879 1125 τῇ

2227 1142 2318 1192 :06
2388 1142 2518 1195 Θεοῦ
2585 1136 2753 1215 βουλῇ
2821 1147 2976 1197 τοῦτο
3032 1138 3274 1221 ἔπραξεν,
3333 1139 3473 1197 ἀλλὰ
3526 1142 3623 1209 τὴν
3682 1140 3877 1196 οἰκείαν

2228 1227 2414 1283 κακίαν
2472 1226 2855 1306 ἐκθεραπεύων.
2948 1232 3044 1289 Καὶ
3116 1231 3216 1310 γὰρ
3273 1231 3317 1286 εί
3375 1228 3604 1308 ἀκριϐῶς
3664 1230 3879 1298 σκοπῆ-

2229 1335 2363 1385 σεις,
2425 1314 2541 1373 οὐδὲ
2609 1316 2793 1385 ἤθελεν
2852 1321 2879 1375 ὁ
2940 1323 3161 1400 Χριστὸς
3192 1320 3610 1399 προηγουμένους
3643 1340 3880 1398 σταυρω-

2227 1404 2397 1472 θῆναι.
2464 1406 2740 1487 Ἐμφαίνει
2809 1405 2864 1463 0‘;
2920 1418 3073 1468 :06:0
3120 1412 3207 1466 καὶ
3263 1408 3348 1466 διὰ
3402 1416 3494 1466 τοῦ
3546 1410 3875 1489 ἀπεύχεσθαι

491 1489 692 1552 omnia
721 1490 937 1552 saecula
968 1489 1123 1571 quod
1158 1490 1329 1551 aliter
1361 1508 1478 1550 non
1511 1496 1670 1551 esset
1702 1489 1982 1569 possibile
2019 1490 2141 1551 sal-

2237 1496 2286 1550 :0
2342 1497 2619 1573 ποτήριον·
2694 1498 2807 1554 επεὶ
2878 1495 2932 1553 δὲ
3016 1496 3131 1574 ᾔδσι
3161 1500 3262 1577 πρὸ
3292 1499 3505 1556 πάντων
3535 1501 3640 1555 τῶν
3671 1498 3873 1554 αἰώνων

491 1579 612 1641 vari
645 1579 943 1657 homines,
998 1588 1240 1660 propter
1283 1579 1561 1640 malitiam
1610 1579 1833 1639 inimici
1872 1579 2143 1641 volunta-

2237 1585 2299 1647 ὣς
2357 1582 2531 1649 ἄλλως
2590 1586 2650 1642 οὗ
2703 1584 2921 1643 δυνατὸν
2977 1588 3208 1656 σωθῆναι
3261 1589 3381 1653 τοὺς
3417 1588 3745 1668 ἀνθρώπους,
3792 1585 3876 1644 διὰ

489 1668 643 1763 rium
669 1668 731 1730 ﬁt
761 1669 899 1750 ipsi,
935 1668 1091 1763 quod
1125 1668 1531 1763 praecedenter
1565 1687 1680 1729 non
1705 1669 2136 1763 er;:t__vo|itum.

2237 1673 2324 1740 τὴν
2395 1674 2581 1731 κακίαν
2643 1677 2737 1732 :06
2786 1675 3003 1756 ἐχθροῦ,
3069 1676 3294 1745 θελητὸν
3366 1679 3562 1757 γίνεται
3619 1679 3761 1751 αὺτῷ
3815 1679 3878 1733 τὸ

491 1758 707 1821 Dicens
734 1769 954 1834 autem,
990 1757 1210 1833 bonum
1262 1776 1393 1820 csse
1454 1758 1755 1819 hominem
1816 1757 1982 1818 illum
2023 1777 2141 1819 non

2237 1763 2642 1842 προηγουμένως
2694 1764 2977 1833 ἀθέλητον.
3039 1767 3219 1844 Λέγων
3250 1764 3304 1823 δὲ
3354 1766 3435 1823 ὅτι
3493 1766 3655 1824 καλὸν
3712 1768 3778 1835 ἦν
3834 1768 3878 1821 εἰ

490 1865 623 1909 esse
645 1856 871 1928 natum,
903 1846 1164 1909 ostendit
1196 1846 1350 1928 quod
1389 1856 1597 1908 natura
1647 1865 1763 1908 non
1813 1846 2144 1910 subsistere

2237 1854 2321 1910 20x
2390 1851 2647 1929 ἰγεννήθη
2708 1855 2736 1910 ό
2785 1853 3059 1933 ἃνῖρωπος
3108 1858 3343 1929 εκετνος,
3389 1855 3646 1913 δείκνυσιν
3701 1855 3781 1913 ὅτι
3839 1858 3874 1923 ἡ

489 1938 702 1999 melius
760 1941 857 2011 sit,
909 1956 1085 2017 quam
1118 1936 1445 1999 subsistere
1482 1936 1540 1997 in
1576 1937 1859 2015 peccatis.
1910 1937 2143 2001 Obser-

489 2045 560 2088 va
589 2035 787 2089 autem
850 2026 1117 2107 verbum,
1150 2024 1326 2087 Vadit
1357 2044 1370 2089 :
1407 2027 1701 2106 signiﬁcat
1752 2026 1911 2089 enim
1964 2046 2141 2107 pere-

485 2116 882 2197 grinationem
917 2118 1099 2196 magis
1121 2135 1296 2197 quam
1326 2126 1575 2177 mortem
1611 2134 1745 2177 esse
1775 2135 1943 2177 suam
1976 2118 2140 2180 occi-

487 2207 740 2269 sionem.

566 2294 752 2358 Vsns.
789 2294 888 2358 26.
928 2320 954 2350 ‹‹
987 2294 1384 2358 Vescentibus
1413 2306 1615 2358 autem
1648 2295 1758 2365 eis,
1783 2295 2138 2376 accepitJe-

487 2404 591 2448 sus
618 2402 857 2465 panem,
888 2393 947 2446 et
973 2404 1109 2446 cum
1143 2385 1359 2465 egisset
1388 2384 1626 2464 gratias,
1664 2384 2143 2467 iregitdeditque

492 2474 820 2555 discipulis.
853 2484 911 2536 et
940 2474 1121 2537 dixit:
1154 2475 1445 2555 Accipite,
1496 2474 1837 2537 comedite:
1888 2476 2000 2537 hoc
2053 2484 2144 2537 est

488 2582 709 2644 corpus
739 2582 962 2625 meum.
998 2586 1022 2621 ε
1060 2563 1351 2644 Apposui:
1402 2572 1599 2627 autem
1660 2562 2055 2637 vescentibus,
2082 2575 2145 2626 ut

489 2653 838 2715 ostenderet
867 2654 1284 2716 crudelitatem
1335 2652 1525 2727 Judze,
1577 2653 1710 2733 quia
1742 2653 1803 2715 in
1858 2673 2064 2714 mensa
2086 2661 2146 2715 et

491 2742 912 2805 communione
944 2744 1210 2805 ciborum
1237 2743 1660 2823 illius,qnando
1688 2742 1736 2803 si
1770 2751 1827 2804 et
1853 2743 1975 2804 fera
1999 2743 2139 2805 fuis-

490 2833 1073 2914 set,mansuetiorem
1105 2852 1170 2895 se
1196 2833 1583 2895 exhibuisset:
1614 2841 1752 2894 tunc
1785 2852 1981 2915 neque
2012 2852 2140 2895 cum

2226 1942 2509 2025 ᾇνυπαρξία
2599 1946 2848 2023 κρείττων
2928 1951 3027 2009 τῆς
3106 1944 3160 2001 ἓν
3230 1947 3513 2025 ἁμαρτίαις
3582 1944 3878 2023 ὑπάρξεως.

2231 2022 2381 2110 ’Ὅρα
2436 2030 2489 2087 δὲ
2546 2034 2635 2089 καὶ
2717 2033 2816 2101 τὴν
2888 2033 3029 2099 λέξιν
3098 2042 3192 2091 τοῦ
3265 2026 3507 2114 Τπᾶγει.
3603 2034 3875 2113 Ἐμφαίνει

2227 2121 2326 2199 γὰρ
2383 2124 2454 2183 ὡς
2509 2120 2782 2198 ἀποδημία
2840 2122 3068 2203 μᾶλλον,
3131 2127 3191 2183 00
3239 2126 3463 2188 θάνατος
3518 2122 3662 2181 ἔσται
3697 2125 3732 2192 ἡ
3782 2122 3876 2178 νέ-

2224 2231 2420 2287 κρωσις
2461 2209 2642 2270 αὺτοῦ.

2309 2322 2333 2352 ι
2372 2297 2689 2358 Ἐσθιόντων
2745 2300 2797 2358 δὲ
2857 2302 3050 2377 αὐτῶν,
3087 2300 3263 2360 λαϐὼν
3295 2306 3324 2361 0
3354 2302 3559 2370 Ἰησοῦς
3604 2304 3695 2359 τὸν
3724 2300 3883 2379 ἃρτον

2224 2388 2311 2443 moi.
2370 2392 2790 2468 εὐχαριστήσας,
2853 2390 3044 2449 ἔκλασε
3102 2394 3188 2449 καὶ
3219 2390 3383 2451 ἐδίδου
3436 2406 3556 2456 τοῖς
3584 2395 3881 2469 μαθηταῖς,

2225 2480 2312 2533 καὶ
2372 2478 2522 2535 εἶπε⁴
2586 2477 2810 2554 Λάϐετε,
2874 2482 3093 2561 φάγετε·
3183 2480 3338 2538 τοῦτο
3405 2480 3515 2539 ἔστι
3590 2481 3654 2538 :0
3722 2481 3879 2555 σῶμά

2228 2588 2353 2641 μου.
2422 2590 2445 2620 ιι
2499 2567 2597 2623 Δια
2625 2575 2778 2627 τοῦτο
2806 2569 3102 2648 προσέθηκε
3132 2572 3215 2645 :0,
3248 2570 3549 2642 ἐσθιόντων,
3582 2570 3675 2626 ’ίνα
3702 2590 3883 2648 παρα-

2228 2656 2403 2731 στήσῃ
2457 2656 2556 2723 τὴν
2628 2658 3002 2737 ἀπανθρωπίαν
3070 2667 3163 2717 :06
3230 2657 3423 2734 Ἰούδα,
3483 2658 3564 2715 δτι
3624 2657 3677 2715 ἓν
3744 2680 3879 2737 τρα-

2229 2744 2362 2820 πέζῃ
2421 2746 2507 2800 καὶ
2564 2751 2666 2801 τῶν
2724 2749 2897 2804 αὐτῶν
2926 2748 3219 2826 βρωμάτων
3262 2748 3531 2821 κοινωνίᾳ,
3590 2746 3677 2804 ὅτε
3722 2749 3883 2803 εἶκαὶ

2228 2834 2407 2909 θηρίον
2478 2833 2566 2906 ἦν,
2626 2836 2916 2914 πραότερος
2972 2835 3035 2892 ἄν
3083 2836 3342 2916 ἐγεγόνει,
3374 2837 3493 2894 τότε
3554 2835 3669 2895 οὐδὲ
3721 2834 3881 2913 ἐλεγ-

491 2933 866 3001 argueretur,
892 2922 1207 2995 intellexit,
1241 2931 1345 2984 sed
1385 2930 1441 2983 et
1462 2940 1677 3001 corpus
1707 2922 1869 2985 illius
1907 2932 2147 3003 gestans

2237 2921 2463 3001 χόμενος
2537 2930 2786 3005 συνῆκεν,
2845 2923 2981 2981 ἀλλὰ
3038 2929 3248 2983 καὶτοῦ
3290 2927 3536 3002 σώματος
3568 2924 3727 2983 αὖ)τοῦ
3753 2946 3883 3004 γευ-

495 3032 609 3074 non
644 3013 938 3092 paenituit.
973 3011 1222 3085 Quidam
1258 3022 1453 3074 autem
1479 3012 1691 3073 dicunt
1720 3012 1875 3091 quod
1911 3031 2147 3091 egresso

2237 3009 2449 3086 όμενος,
2510 3016 2570 3070 οὐ
2622 3013 3030 3089 μεταμελεῖται.
3091 3014 3239 3079 Τινὲς
3290 3013 3345 3072 δέ
3420 3037 3577 3094 ’φασιν
3640 3014 3722 3071 δτι
3795 3013 3885 3080 ιε-

484 3102 638 3166 Juda
670 3101 912 3164 tradidit
955 3111 1389 3165 sacramentum
1423 3101 1559 3164 aliis
1604 3101 2158 3184 discipulis.Proin-

493 3191 569 3255 de
598 3201 656 3253 et
681 3210 788 3253 nos
815 3191 901 3253 sic
933 3191 1129 3253 facere
1160 3191 1531 3267 debemus,e!
1557 3189 1743 3252 malos
1775 3210 1806 3252 a
1827 3210 2160 3256 sacramen-

495 3283 571 3344 tis
623 3281 935 3344 abarcere.
968 3281 1197 3345 Gratias
1226 3299 1462 3362 quoque
1519 3287 1640 3361 agit
1694 3280 1995 3343 fracturus
2048 3301 2156 3363 pa-

494 3381 728 3445 uem,ut
762 3391 869 3433 nos
893 3372 1127 3436 erudiat
1155 3390 1288 3433 cum
1314 3370 1635 3447 gratiarum
1669 3371 1903 3431 actione
1936 3390 2147 3451 panem

497 3464 894 3537 oﬁ‘erendum,
918 3474 975 3525 et
1005 3463 1438 3525 utostendatse
1469 3481 1603 3524 cum
1618 3463 1980 3541 gratitudine
2005 3464 2151 3525 frac-

494 3555 717 3616 tionem
749 3554 840 3614 sui
870 3554 1160 3633 corporis,
1190 3554 1301 3615 hoc
1332 3564 1423 3616 est
1448 3553 1834 3618 occisionem.
1870 3554 2145 3631 suscipe-

493 3662 581 3714 re,
617 3661 812 3721 neque
868 3660 1024 3721 aegre
1084 3642 1262 3715 ferre,
1324 3661 1434 3703 ceu
1488 3639 1547 3701 in
1579 3659 1646 3701 re
1678 3660 1811 3721 quae
1838 3642 2151 3722 displiceat

494 3731 632 3803 sibi,
666 3748 721 3795 et
753 3751 860 3793 nos
880 3751 1016 3793 cum
1061 3731 1422 3811 gratiludine
1457 3731 1798 3811 martyrium
1831 3732 2149 3811 aggredia-

497 3839 650 3883 mur.
685 3820 867 3882 Porro
897 3821 1105 3883 dicens
1142 3842 1154 3883 :
1197 3845 1220 3877 α
1260 3822 1385 3884 Hoc
1445 3829 1535 3881 est
1585 3837 1804 3900 corpus
1856 3841 2079 3895 meum,
2119 3848 2144 3878 ι

497 3910 759 3973 ostendit
786 3911 942 3991 quod
977 3913 1175 3991 ipsum
1208 3929 1425 3993 corpus
1460 3910 1697 3973 Domini
1737 3917 2024 3991 est-panis
2053 3911 2154 3993 qui

497 3999 904 4061 sanctiﬁcatur
935 4000 996 4061 in
1029 4002 1260 4073 altario,
1289 4009 1347 4061 et
1376 4019 1493 4061 non
1526 4000 1899 4078 respondens
1944 4002 2151 4080 ﬁgura.

502 4087 633 4152 Non
664 4088 820 4150 enim
853 4090 1021 4155 dixit.
1059 4089 1184 4152 Hoc
1216 4099 1307 4152 est
1338 4090 1545 4167 ﬁgura.
1584 4089 1717 4156 sed.
1750 4088 1875 4152 Hoc
1901 4103 1993 4153 est
2019 4109 2155 4152 cor-

507 4197 618 4259 pus
649 4196 873 4243 meum.
932 4178 1227 4243 Ineffabili
1264 4183 1423 4242 enim
1456 4178 1806 4259 operatione
1862 4178 2155 4241 transfor-

508 4276 722 4339 matur,
772 4268 1006 4331 etiamsi
1064 4271 1239 4331 nobis
1289 4269 1555 4331 videatur
1607 4269 1822 4346 panis:
1877 4268 2156 4350 quoniam

502 4356 723 4420 inﬁrmi
755 4375 984 4434 sumus,
1020 4371 1079 4420 et
1108 4358 1502 4422 abhorremus
1532 4357 1748 4419 crudas
1797 4376 2010 4421 carnes
2052 4376 2156 4417 co-

502 4446 768 4525 medere,
808 4450 1064 4511 maxime
1114 4448 1373 4511 hominis
1401 4465 1643 4509 carnem
1681 4468 1693 4510 :
1731 4455 1791 4509 et
1820 4448 1953 4509 ideo
1991 4445 2160 4528 panis

510 4537 637 4598 147
665 4534 908 4619 quidem
942 4539 1120 4602 nobis
1149 4545 1422 4620 apparet,
1456 4535 1558 4598 sed
1592 4555 1796 4599 revera
1825 4556 1964 4599 caro
1997 4545 2105 4598 est.

581 4715 762 4780 Vsus.
801 4719 901 4791 '27,
926 4719 1023 4782 28.
1061 4744 1084 4775 α
1122 4718 1193 4781 Et
1214 4724 1462 4799 accepto
1493 4717 1729 4798 poculo,
1752 4716 1956 4796 gratiis
1985 4714 2156 4795 actis,

499 4808 669 4872 dedit
723 4807 843 4871 illis
887 4809 1119 4889 dicens,
1179 4807 1370 4871 Bibite
1400 4825 1469 4868 ex
1502 4807 1614 4868 hoc
1654 4824 1907 4869 omnes:
1944 4806 2042 4867 hic
2072 4820 2162 4874 est

504 4900 664 4963 enim
698 4900 937 4979 sanguis
960 4917 1154 4971 meus,
1184 4896 1285 4978 qui
1332 4905 1422 4957 est
1466 4896 1603 4957 novi
1634 4894 2023 4965 Testameuti,
2059 4892 2162 4976 qui

507 5007 613 5068 pro
639 4990 839 5052 multis
855 4987 1247 5050 el’l'unditurin
1268 4986 1688 5048 remissionem
1708 4994 2156 5065 peccatorum.»

2241 3098 2484 3164 ελθόντος
2540 3110 2632 3160 τοῦ
2680 3101 2869 3184 Ἰούδα,
2930 3100 3197 3179 μετέδωκε
3250 3109 3357 3161 τῶν
3418 3104 3723 3183 μυστηρίων
3766 3116 3882 3169 τοῖς

2245 3188 2422 3254 ἄλλοις
2476 3195 2768 3266 μαθηταῖς.
2843 3192 3043 3251 Οὔκοῦν
3097 3194 3187 3249 καὶ
3242 3195 3405 3267 ἡμεῖς
3490 3193 3628 3251 οὕτω
3709 3206 3885 3250 ποιεῖν

2237 3279 2538 3360 ὀφείλομεν,
2599 3284 2685 3338 καὶ
2737 3283 2857 3345 τοὺς
2908 3282 3169 3361 πονηροὺς
3219 3281 3488 3362 ἀπείργειν
3536 3283 3640 3339 τῶν
3671 3302 3882 3357 μυσςηη

2236 3370 2382 3447 ρίωλο.
2436 3375 2760 3452 Εὐχαριστετ
2815 3370 2869 3427 δὲ
2934 3370 3149 3446 μέλλων
3179 3370 3372 3429 κλείεται
3423 3374 3515 3429 τὸν
3559 3371 3740 3451 ἄρτον,
3769 3370 3883 3447 ἅμα

2234 3459 2330 3534 μὲν
2387 3461 2477 3519 ἵνα
2526 3464 2613 3520 καὶ
2663 3465 2806 3539 ἡμᾶς
2876 3461 3132 3540 παιδεύσῃ
3190 3462 3308 3539 μετ’
3395 3463 3734 3544 εὖχαριστίας
3792 3464 3884 3520 :0v

2232 3549 2389 3625 ἂρτον
2456 3553 2860 3632 προσφέρεσθαι,
2918 3550 3030 3627 ἅμα
3088 3549 3143 3607 δὲ
3228 3554 3316 3609 καὶ
3401 3551 3491 3608 ἴνα
3586 3551 3725 3630 δείξῃ
3799 3550 3881 3607 ὅτι

2232 3640 2560 3722 εὐχαρίστως
2630 3643 2727 3709 τὴν
2759 3641 2944 3699 κλάσιν
2977 3650 3069 3700 :06
3096 3643 3288 3699 οἰκείου
3318 3642 3591 3716 σώματος,
3640 3644 3760 3710 ἢτοι
3790 3641 3884 3709 τὴν

2232 3732 2484 3809 νέκρωσιν
2542 3730 2782 3813 δέχεται,
2841 3731 2929 3787 καὶ
2962 3730 3023 3787 οὗ
3064 3727 3393 3810 ἃδσχεραίνει
3423 3733 3497 3794 ὡς
3527 3729 3612 3787 ἐπὶ
3657 3732 3888 3803 ἀκουσίῳ

2232 3822 2355 3895 τινὶ,
2416 3824 2502 3878 καὶ
2560 3821 2651 3877 ’ἶνα
2710 3820 2798 3876 καὶ
2856 3821 3019 3893 ἡμε⁹ς
3069 3818 3207 3875 οὕτω
3239 3815 3523 3898 δεχώμεθα
3553 3819 3882 3899 εόχαρίστως

2236 3913 2297 3967 τὸ
2353 3913 2636 3988 μαρτὺριον
2725 3908 2898 3966 Εἰπὼν
2966 3904 3044 3982 δὲ,
3112 3928 3133 3962 ε
3200 3914 3365 3964 Τοῦτο
3415 3906 3555 3963 ἔστιν
3604 3911 3665 3963 :0
3730 3909 3889 3982 σίυμά

2239 4023 2362 4075 μου,
2442 4024 2468 4054 ε
2504 3998 2724 4055 δεικνύει
2768 3997 2848 4053 ὅτι
2894 3998 3018 4052 αὐτὸ
3056 3996 3117 4052 τό
3151 4002 3306 4071 σῶμα
3336 4001 3428 4051 :06
3462 3996 3646 4069 Κυρίου
3675 3995 3813 4052 εστὶν
3862 3997 3890 4051 ὁ

2240 4090 2393 4170 ἄρτος
2464 4089 2492 4144 ὁ
2557 4087 2904 4165 ἁγιαζόμενος
2962 4084 3015 4141 ἐν
3071 4090 3147 4160 τῷ
3199 4083 3574 4164 θυσιαστηρίῳ,
3627 4085 3715 4141 καὶ
3768 4084 3891 4165 οὒχὶ

2243 4182 2542 4241 ἀντίτυπον,
2606 4180 2679 4236 O0
2727 4177 2827 4255 γὰρ
2869 4176 3019 4255 εἶπε,
3052 4183 3219 4233 Τσυτο
3250 4174 3360 4231 ἐστι
3392 4172 3693 4249 ἀντίτυποι,
3725 4172 3885 4248 ἀλλὰ,

2244 4277 2407 4328 Τοῦτο
2459 4267 2567 4323 ἔστι
2635 4269 2696 4323 τὸ
2727 4265 2883 4341 σῶμα
2911 4284 3033 4341 μου·
3075 4263 3287 4343 ἆρρήτῳ
3311 4264 3412 4342 γὰρ
3440 4265 3676 4343 ἐνεργείᾳ
3719 4285 3888 4340 μετα-

2242 4373 2503 4431 ποιεῖται,
2577 4357 2673 4414 κᾶν
2763 4356 3014 4437 φαίνηται
3098 4354 3237 4429 ἡμῖν
3339 4352 3517 4434 ἄρτος·
3620 4356 3735 4411 Emi.
3792 4354 3892 4433 γὰρ

2241 4449 2477 4514 ἀσθενεῖς
2535 4448 2718 4524 ἐσμεν,
2751 4446 2837 4503 καὶ
2885 4445 2980 4501 οὒκ
3037 4441 3099 4501 ἄν
3152 4442 3438 4520 ὶδεξάμεθα
3469 4441 3627 4523 κρέας
3706 4442 3893 4501 ισθίειν

2241 4541 2413 4615 ὠμὸν,
2495 4541 2580 4595 καὶ
2628 4537 2899 4617 ἀνθρώπου
2960 4536 3148 4615 σάρκα,
3210 4531 3294 4590 διὰ
3344 4539 3499 4591 τοῦτο
3572 4530 3727 4613 ἄρτος
3796 4532 3896 4608 μὲν

2241 4631 2380 4704 ἡμῖν
2410 4630 2669 4708 φαίνεται,
2706 4625 2831 4706 σάρξ
2861 4623 2915 4681 δὲ
2943 4630 3021 4698 τῷ
3063 4621 3172 4681 ὄντι
3206 4622 3335 4682 ἐστί.

2329 4740 2359 4777 ¢
2394 4707 2490 4777 Καὶ
2542 4715 2717 4774 λαϐὼν
2775 4719 2835 4773 :0
2878 4716 3156 4793 ποτήριον,
3190 4715 3279 4770 καὶ
3308 4711 3729 4793 εὖχαριστὴσας,
3759 4707 3896 4767 ἑδω-

2244 4832 2333 4867 κεν
2394 4808 2600 4879 αὖτοῖς,
2654 4806 2844 4885 λέγων·
2923 4806 3073 4861 Πίετε
3147 4802 3199 4868 ἐξ
3241 4801 3400 4859 αὒτοῦ
3461 4802 3679 4864 πάντες⁸
3732 4808 3900 4860 Τοῦτο

2244 4901 2350 4978 γὰρ
2405 4897 2516 4954 ἔστι
2584 4899 2647 4953 :0
2709 4897 2849 4971 αἷμά
2892 4916 3017 4975 μου,
3044 4894 3104 4950 :0
3137 4892 3232 4959 τῆς
3262 4896 3450 4978 καινῆς
3500 4892 3795 4964 Διαθήκης,
3838 4891 3902 4947 :0

2245 4977 2363 5066 περὶ
2433 4984 2648 5043 πολλῶν
2711 4984 3069 5065 ἐκχννόμενον
3127 4983 3200 5045 είς
3251 4977 3435 5061 ἄφεσιν
3516 4980 3818 5055 ἆμαατιὼν.
3875 5000 3896 5033 ε

509 5077 679 5142 Sicut
702 5087 875 5139 vetus
887 5076 1330 5139 Testamentum
1352 5072 1817 5136 immolationem
1837 5073 2089 5136 habebat
2108 5093 2147 5136 e‘

2246 5077 2470 5155 ".zcnsp
2521 5077 2556 5143 ἡ
2616 5073 2817 5132 παλαιὰ
2877 5073 3116 5142 Διαθήκη
3168 5071 3393 5150 σφάγιον
3438 5070 3567 5151 εἶχε
3598 5071 3686 5126 γαὶ
3738 5073 3903 5145 αἷμα,

510 5168 973 5247 sanguinem,ita
994 5176 1053 5229 et
1085 5184 1300 5227 novum
1334 5162 1776 5227 Testamentum
1809 5164 2147 5242 sanguinea

2251 5166 2388 5224 οὕτω
2442 5166 2529 5222 καὶ
2584 5166 2618 5232 ἡ
2668 5164 2827 5232 καινὴ
2889 5168 3030 5238 αἷμα
3074 5160 3191 5241 ἔχει
3220 5161 3309 5217 καὶ
3338 5162 3574 5240 σφαγὴν.
3608 5160 3730 5238 Περὶ
3776 5156 3907 5213 πολ-

509 5256 769 5319 habetac
798 5257 1262 5320 hostiam39.Pro
1286 5254 1485 5315 multis
1506 5261 1703 5315 autem
1735 5253 1878 5315 dicit
1918 5254 2138 5316 eﬁ‘undi

2250 5257 2359 5315 λῶν
2412 5254 2467 5312 δὲ
2527 5255 2681 5313 εἶπεν
2733 5254 3072 5334 ὶκχύνεσθαι,
3102 5252 3219 5307 ἀντὶ
3289 5257 3405 5330 τοῦ,
3478 5251 3595 5328 περὶ
3666 5248 3906 5304 πάντων.

510 5346 623 5408 hoc
654 5357 763 5418 est,
792 5366 897 5427 pro
930 5345 1232 5409 omnibus.
1256 5344 1406 5405 Sunt
1437 5347 1599 5405 enim
1626 5342 1685 5403 in
1719 5363 1929 5406 omnes
1966 5344 2136 5407 multi

2254 5351 2350 5408 Καὶ
2401 5348 2448 5403 οἱ
2509 5346 2703 5409 πάντες
2756 5346 2856 5424 γὰρ
2914 5341 3102 5400 πολλοί
3130 5341 3270 5429 εἶσι,
3306 5340 3455 5429 Τίνος
3487 5336 3541 5393 δὲ
3573 5336 3758 5429 guns:
3798 5334 3911 5429 ἂνω

512 5431 706 5508 Quare
735 5412 930 5500 autem
958 5455 1141 5520 supra
1187 5430 1430 5518 quidem
1483 5452 1603 5494 non
1632 5432 1784 5497 dixit
1817 5452 1831 5498 :
1866 5434 2139 5516 Accipite

2250 5431 2348 5508 μὲν
2418 5426 2513 5483 οὐκ
2583 5426 2731 5483 εἶπε
2770 5412 3015 5484 ἰίοιεετε⁴
3074 5423 3270 5505 φάγετε
3318 5418 3537 5491 πάντες,
3581 5416 3797 5474 ἐνταῦθα
3826 5412 3908 5475 δέ’

591 5614 658 5668 ³ο
686 5613 875 5680 Hebr.
908 5633 968 5699 ν,
1003 5616 1061 5679 5.
