4170 6438
319 337 440 405 “8

946 341 1398 408 ENARRATIO
1439 343 1524 407 ΙΝ
1553 337 2539 414 ,EVANGELIUHMATTHIEI.
2582 373 2638 385 -
2681 341 2846 427 CAP.
2896 340 3120 406 XXVI.

3618 343 3739 411 446

329 479 488 535 Πίετε
532 476 584 544 ἒξ
642 479 801 538 σί)τώ
843 478 1087 558 «huc;
1146 480 1207 537 Ol
1265 478 1363 554 μέν
1427 499 1583 558 φασιν
1631 477 1713 534 ὅτι
1755 476 1847 534 διὰ
1901 473 1991 530 τὸν

2081 469 2372 532 comedite
2405 471 2757 545 omnes,hoc
2778 480 2974 534 autem
3007 474 3157 537 loco:
3189 473 3382 540 Bibite
3403 495 3475 541 ex
3504 493 3576 538 eo
3598 494 3732 538 om-

319 565 525 626 ’lo-531v
584 566 738 625 τοῦτο
797 568 953 624 εἶπεν
989 582 1002 596 '
1068 569 1096 624 6
1139 567 1240 646 γὰρ
1303 565 1500 631 Ἰούδας
1543 569 1634 623 τὸν
1691 565 1790 642 μὶν
1834 562 1989 643 ἄρτον

323 653 540 730 ἰλαεεν,
585 656 682 714 οὐκ
735 655 896 737 ἔφαγε
954 653 1033 727 δὲ,
1093 654 1213 712 ἄλλ’
1271 657 1491 738 ἔκρυψε,
1534 659 1664 738 πρὸς
1711 656 1774 712 τὸ
1821 651 1988 719 δεῖξαι

323 759 447 810 τοῖς
496 743 763 812 Ἰουδαίοις
818 747 899 803 ὅτι
953 749 1046 803 τὸν
1099 746 1256 825 ἄρτον
1312 754 1466 824 σῶμα
1525 748 1711 806 ἑαυτοῦ
1757 744 1915 802 καλεῖ
1959 744 1988 799 6

325 835 541 903 Ἰησοῦς
568 852 584 867 ⁸
618 838 678 894 τὸ
707 835 760 891 δὲ
790 836 942 914 πόμα
972 837 1058 894 καὶ
1089 834 1232 894 ἄκων
1261 836 1400 912 ἔπιε,
1434 838 1514 913 μὴ
1543 836 1829 912 δυνάμενος
1859 832 1988 891 πάν-

321 948 436 990 τως
493 926 689 1005 κρύψαι
733 927 886 988 αὒτό,
937 926 1041 982 Διὰ
1070 933 1228 985 τοῦτο
1256 930 1344 985 οὖν
1374 927 1500 984 εἶπε
1533 945 1552 963 ⁸
1586 928 1736 984 Πίετε
1766 924 1985 986 πάντες.

325 1018 391 1072 Oi
449 1011 505 1071 δὶ
548 1015 1020 1094 ἀναγωγικώτερόν
1066 1038 1223 1095 φασιν
1280 1014 1361 1073 ὅτι
1408 1019 1470 1073 τὸ
1514 1017 1612 1093 μὲν
1642 1015 1740 1082 τὴν
1771 1013 1987 1092 στερεὰν

322 1106 531 1185 τροφὴν
582 1106 883 1184 προσίεσθαι
937 1106 997 1162 οὗ
1053 1107 1268 1163 πάντων
1322 1106 1483 1181 ἐστὶν,
1547 1105 1684 1162 ἀλλὰ
1741 1110 1848 1160 τῶν
1891 1124 1983 1158 τε·

321 1193 612 1272 λειοτὲρων
645 1213 662 1231 ο
707 1197 769 1252 τὸ
826 1193 881 1252 δὲ
937 1196 1261 1269 ποτίζεσθαι,
1309 1197 1519 1252 πάντων
1555 1212 1568 1225 ·
1608 1193 1692 1253 διὰ
1721 1200 1873 1250 τοῦτο
1898 1192 1987 1248 οὖν

319 1284 551 1341 ὶνταῡθα
608 1283 708 1366 ἔφη
744 1304 760 1319 ⁸
816 1286 965 1341 Πῖετε
1009 1286 1226 1348 πάντες.
1285 1288 1356 1344 Τὸ
1386 1287 1486 1366 γὰρ
1540 1286 1607 1341 τὰ
1658 1283 1987 1361 ἁπλούστερα

321 1380 438 1431 τῶν
468 1371 748 1452 δογμάτων
779 1373 1196 1456 παραδέχεσθαι,
1229 1376 1467 1438 πάντων.

419 1485 444 1518 ι
481 1465 636 1542 Λέγω
695 1461 749 1520 δὲ
791 1465 941 1540 ὑμῖν,
991 1463 1071 1521 ὅτι
1102 1467 1162 1522 οὐ
1203 1467 1282 1541 μὴ
1314 1467 1418 1522 πίω
1448 1463 1543 1521 ἀπ’
1572 1462 1685 1544 ἄρτι
1715 1464 1774 1521 ἐκ
1802 1464 1988 1520 τούτου

318 1563 422 1614 τοῦ
455 1557 790 1634 γεννήματος
845 1555 940 1623 τῆς
996 1556 1260 1632 ἀμπέλου,
1303 1557 1403 1620 ἕως
1459 1557 1554 1625 τῆς
1606 1556 1813 1633 ἡμέρας
1843 1555 1985 1612 ὲκεί-

321 1667 452 1718 νης,
517 1643 642 1701 ὅταν
679 1645 805 1702 αὐτὸ
855 1646 991 1702 πίνω
1047 1645 1162 1720 μεθ’
1214 1647 1361 1722 ὑμῶν
1419 1648 1606 1703 καινὸν
1667 1646 1722 1703 ἐν
1765 1653 1832 1724 τῇ
1882 1647 1986 1722 βα-

324 1731 506 1805 σιλείᾳ
559 1741 652 1792 τοῦ
693 1734 897 1812 Πατρός
931 1756 1054 1810 μου.
1094 1759 1121 1790 ι
1176 1738 1504 1812 Γευσάμενος
1561 1744 1653 1794 τοῦ
1708 1737 1960 1809 ποτηρίου

323 1823 685 1880 ἀποτέττεται
743 1823 928 1881 λοιπὸν
986 1830 1062 1898 τῷ
1142 1832 1432 1902 σωματικῷ
1491 1825 1741 1901 πόματι·
1806 1828 1986 1882 καινὸν

322 1910 384 1969 δέ
435 1933 556 1969 τινα
597 1915 791 1991 τρόπον
849 1913 1081 1991 γεύσεως
1115 1913 1498 1992 ἐπαγγέλλεται
1540 1914 1593 1971 ἒν
1624 1921 1692 1990 τῇ
1720 1912 1985 1993 βασιλείᾳ,

320 2001 626 2077 τουτέστιν,
699 2002 754 2058 ἰν
808 2026 879 2080 τῃ
937 2004 1245 2066 ἀναστάσει,
1320 2003 1579 2069 Ἀναστὰς
1637 2005 1759 2083 γὰρ,
1824 2003 1987 2083 ἔφαγε

320 2092 420 2148 καὶ
469 2090 587 2148 ἔπιε
643 2095 821 2149 καινόν
879 2116 996 2150 τινα
1053 2093 1248 2170 τρόπον
1281 2109 1295 2122 ·
1352 2097 1412 2153 ού
1467 2094 1568 2172 γὰρ
1637 2096 1710 2156 ὡς
1766 2094 1984 2172 χρῄζων

321 2187 532 2262 τροφῆς
594 2185 905 2258 σωματικῆς
964 2183 1195 2261 γεύσεως
1253 2184 1462 2263 νόμοις,
1508 2182 1644 2240 ἄλλα
1700 2183 1987 2258 πιστούμε-

319 2294 418 2335 νος
477 2273 578 2339 τὴν
636 2272 811 2340 ἀληθῆ
863 2275 957 2330 τοῦ
1025 2274 1272 2348 σώματος
1346 2274 1498 2353 φύσιν
1532 2293 1548 2311 ο
1608 2273 1879 2350 βασιλείαν
1930 2270 1986 2328 δὲ

321 2362 554 2426 εἰκότως
611 2363 707 2430 τὴν
752 2363 940 2420 ἑαυτοῦ
996 2363 1286 2420 ἀνάστασιν
1371 2363 1638 2438 ὀνομάζει.
1702 2364 1831 2420 Τότε
1886 2362 1986 2441 γὰρ

321 2453 642 2530 κατήργησε
689 2453 781 2508 τὸν
841 2453 1085 2527 θάνατον,
1133 2451 1376 2529 βασιλεὺς
1406 2460 1484 2528 τῷ
1521 2452 1630 2508 ὄντι
1661 2457 1838 2534 φανείς
1876 2468 1888 2482 ⁶
1947 2452 1984 2519 ἢ

329 2542 421 2596 καὶ
483 2540 624 2598 οὕτω
680 2543 900 2611 νοήσαις
934 2558 950 2573 ⁸
988 2543 1179 2599 Καινὸν
1207 2542 1379 2617 πόμα,
1413 2544 1448 2610 ἡ
1492 2541 1824 2617 ἀποκάλυψις
1880 2544 1984 2598 τῶν

325 2632 638 2710 μυστηρίων
666 2640 759 2690 τοῦ
790 2639 940 2703 Θεοῦ,
976 2631 1008 2688 ἃ
1063 2639 1181 2688 τότε
1224 2631 1278 2688 ἐν
1327 2640 1394 2705 τῇ
1425 2632 1666 2709 βασιλείᾳ
1693 2640 1786 2691 τοῦ
1830 2641 1984 2706 Θεοῦ,

318 2721 603 2778 τουτέστιν
668 2721 722 2778 ἐν
765 2729 852 2799 τῇ
883 2721 1093 2801 δευτέρᾳ
1140 2723 1420 2802 παρουσίᾳ,
1467 2722 1984 2804 ἀποκαλυφθήσεται,

326 2811 493 2866 καινᾶ
548 2808 695 2879 ὄντα,
756 2812 1047 2892 τουτέστιν,
1127 2813 1224 2868 οἶα
1273 2814 1365 2869 οὐκ
1423 2813 1724 2888 ἠκούσαμεν
1774 2809 1984 2868 ἄλλων

325 2902 503 2956 πίνειν
560 2898 614 2956 δὲ
674 2901 858 2958 ἐκεῖνα
915 2901 1127 2980 λέγεται
1172 2905 1200 2959 6
1244 2904 1466 2981 Χριστὸς
1499 2901 1614 2978 μεθ’
1643 2903 1820 2978 ἡμῶν,
1859 2901 1989 2959 διότι

327 2991 432 3056 τὴν
492 2990 757 3070 ἡμετέραν
837 2990 1100 3071 ὠφέλειαν
1168 2993 1370 3073 τροφὴν
1445 2995 1532 3049 καὶ
1588 2993 1743 3050 πόσιν
1801 2994 1994 3052 οἰκείαν

325 3083 580 3158 ἡγεῖται.

425 3173 564 3228 «Καὶ
584 3171 941 3252 ὑμνήσαντες,
972 3171 1187 3240 ἐξῆλθον
1219 3174 1288 3238 εἰς
1316 3175 1378 3229 τὸ
1409 3172 1529 3251 ὅρος
1559 3177 1664 3229 τῶν
1694 3172 1982 3235 Ἐλαιῶν.»

332 3257 468 3316 Μεθ’
517 3261 545 3316 ὅ
607 3259 943 3336 ἐδείπνησαν,
1001 3261 1268 3336 ὕμνησαν,
1330 3263 1423 3319 ἵνα
1479 3263 1730 3338 μάθωμεν
1774 3263 1853 3320 ὅτι
1903 3269 1993 3324 καὶ

328 3350 480 3423 ἡμᾶς
540 3348 678 3407 οὕτω
724 3349 808 3406 δεῖ
847 3364 1045 3410 ποιεῖν.
1114 3354 1198 3414 Εἷς
1254 3350 1308 3408 δὲ
1362 3355 1424 3408 τὸ
1454 3351 1576 3430 ὅρος
1628 3353 1733 3410 τῶν
1767 3353 1994 3410 Ἐλαιῶν

330 3438 576 3516 ἔρχεται,
637 3440 725 3494 καὶ
771 3439 867 3495 οὒκ
921 3441 993 3502 εἷς
1046 3439 1209 3498 ἄλλον
1239 3442 1428 3521 τόπον,
1473 3441 1563 3498 ἵν»
1607 3443 1685 3517 μὴ
1715 3440 1838 3520 δόξῃ
1869 3441 1989 3521 φεύο

334 3547 452 3603 γειν
489 3544 505 3558 ’
563 3526 622 3583 οὗ
651 3529 751 3606 γὰρ
783 3530 856 3591 είς
890 3525 1161 3604 ἄγνωστον
1190 3530 1354 3586 τόπον
1411 3530 1712 3610 ἀναχωρεῖ,
1745 3528 1865 3587 ἁλλ’
1917 3532 1988 3594 είς

332 3617 606 3695 γνώριμον
655 3631 772 3684 τοῖς
827 3615 1118 3682 ἰουδαίοιςο
1180 3619 1290 3694 ἅμα
1347 3617 1402 3675 δὲ
1459 3622 1545 3675 καὶ
1583 3621 1864 3700 ὑποχωρεῖ
1893 3625 1990 3688 τῆς

331 3707 624 3787 μιαιφόνου
671 3707 903 3788 πόλεως,
962 3707 1350 3788 ἐγκαταλείψεις
1434 3710 1620 3784 αὐτὴν,
1705 3710 1798 3766 ’ίνα
1883 3709 1995 3767 ἑπι-

331 3793 572 3876 διωχθῇ,
606 3799 693 3854 καὶ
750 3797 957 3879 ἐλέγχῃ
1005 3798 1190 3863 αὐτοὺς
1248 3799 1484 3879 ὕστερον,
1538 3799 1619 3857 ὅτι
1651 3801 1738 3856 καὶ
1766 3801 1994 3881 ὑποχω-

331 3884 528 3963 ροῦντα
570 3884 876 3951 ἐπεδίωκον,

423 3999 452 4028 α
503 3975 629 4033 Τότε
681 3974 831 4042 λέγει
891 3979 1074 4040 αὐτοῖς
1159 3980 1186 4034 ὁ
1263 3975 1471 4044 Ἰησοῦς
1505 3997 1517 4011 ⁸
1577 3980 1778 4045 Πάντες
1835 3981 1992 4056 ὑμεῖς

332 4062 848 4137 σκανδαλισθήσεσθε
905 4068 960 4125 ἐν
1031 4070 1151 4144 ἐμοὶ
1207 4069 1261 4130 ἒν
1315 4075 1383 4145 τῇ
1447 4071 1580 4129 auat-ti.
1635 4072 1798 4148 ταύτῃ
1893 4071 1992 4128 Γέ-

331 4175 572 4233 γραπται
616 4157 712 4234 γάρ
746 4173 759 4186 '
823 4157 1044 4223 Πατάξω
1097 4161 1189 4214 τὸν
1249 4159 1504 4236 ποιμένα,
1550 4161 1637 4217 καὶ
1680 4159 1994 4240 διασκορπι-

335 4245 593 4313 σθήσεται
650 4246 714 4302 τὰ
787 4244 1024 4325 πρόϐατα
1100 4253 1198 4314 τῆς
1269 4248 1524 4322 ποίμνης.
1587 4250 1731 4306 Μετὰ
1811 4248 1866 4305 δὲ
1937 4251 1996 4305 τὸ

336 4333 619 4410 ἰγερθῆναί
676 4356 766 4414 με,
826 4335 1036 4414 προάξω
1105 4339 1241 4412 ὑμᾶς
1314 4338 1386 4400 είς
1440 4339 1540 4405 τὴν
1603 4337 1904 4400 Γαλιλαίαν.
1962 4359 1990 4397 ι

1967 1781 1980 1806 ’
2012 1785 2051 1838 Β

2076 565 2231 622 nes?
2262 561 2410 623 Sunt
2433 562 2532 642 qui
2583 561 2787 622 dicant
2817 572 3060 642 propter
3089 564 3298 627 Judam
3335 566 3448 627 hoc
3478 566 3729 630 dictum.

2071 653 2256 714 Judas
2287 653 2445 714 enim
2480 671 2692 734 panem
2726 655 3046 735 accepit,et
3072 676 3192 718 non
3220 658 3616 734 comedit,sed
3637 678 3735 719 oc-

2073 742 2412 814 cultavit,ut
2442 753 2802 805 monstraret
2834 741 3058 806 Judaeis
3086 747 3242 827 quod
3268 766 3480 827 panem
3514 766 3731 827 corpus

2073 851 2244 893 suum
2277 848 2542 895 vocasset
2570 834 3058 913 Jesuszpoculum
3091 846 3286 898 autem
3322 836 3536 898 invitus
3557 837 3725 912 bibit,

2074 938 2205 982 cum
2243 939 2361 982 non
2394 930 2594 1003 posset
2630 922 2957 984 occultare.
2993 927 3316 1006 Propterea
3339 926 3452 988 hoc
3486 927 3613 987 loco
3633 926 3725 986 di-

2073 1008 2264 1071 cebat:
2289 1009 2477 1072 Bibite
2510 1009 2920 1072 omnesJuxta
2941 1030 3245 1093 anagogen
3276 1025 3471 1076 autem
3497 1015 3725 1094 dicunt,

2072 1098 2229 1179 quod
2255 1118 2376 1160 non
2399 1099 2475 1160 sit
2499 1099 2763 1160 omnium
2792 1102 3083 1164 accedere
3114 1104 3185 1164 ad
3218 1103 3474 1164 solidum
3497 1104 3726 1178 cibum,

2070 1188 2174 1250 sed
2207 1189 2626 1270 perfectiorum
2663 1207 2675 1251 :
2717 1189 2924 1252 bibere
2962 1201 3158 1254 autem
3188 1194 3454 1254 omnium
3488 1192 3587 1255 sit.
3624 1192 3726 1254 Id-

2072 1276 2234 1339 circo
2269 1280 2380 1340 hoc
2412 1277 2541 1340 loco
2572 1277 2809 1338 dicebat
2838 1297 2851 1341 :
2881 1280 3067 1342 Bibite
3090 1300 3321 1345 omnes.
3347 1282 3728 1363 Sitnpliciora

2073 1367 2234 1428 enim
2267 1368 2542 1447 dogmata
2577 1369 2848 1448 recipere
2879 1373 3144 1431 omnium
3178 1381 3289 1434 est.

2153 1456 2335 1520 Vens.
2361 1458 2460 1518 29.
2496 1481 2516 1512 ι
2555 1457 2703 1520 Dico
2726 1467 2923 1520 autem
2957 1461 3144 1534 vobis,
3182 1461 3336 1542 quod
3372 1481 3488 1522 non
3523 1461 3723 1522 lnibam

2074 1550 2333 1630 posthaec
2365 1565 2433 1608 ex
2457 1547 2568 1607 hoc
2592 1546 2781 1607 fructu
2815 1548 2974 1630 vitis,
3004 1568 3196 1629 usque
3231 1550 3290 1611 in
3323 1550 3480 1612 diem
3529 1551 3722 1631 illum;

2071 1656 2206 1700 cum
2242 1636 2384 1697 illud
2421 1635 2615 1696 bibam
2651 1636 2957 1699 vobiscum
2993 1657 3204 1700 novum
3234 1639 3292 1700 in
3318 1657 3505 1719 regno
3538 1639 3728 1702 Patris

2074 1726 2216 1789 mei.
2247 1751 2269 1781 η
2306 1723 2556 1804 Sumpto
2596 1726 2809 1803 poculo
2850 1729 3150 1791 renuntiat
3180 1729 3466 1810 deinceps
3508 1748 3724 1811 corpo-

2071 1815 2179 1876 rali
2204 1812 2684 1895 potioni.Novum
2709 1823 2906 1876 autem
2931 1817 3242 1897 promittit,
3277 1818 3333 1879 id
3366 1827 3476 1892 est,
3504 1837 3722 1879 novum

2071 1903 2389 1985 quemdam
2425 1903 2666 1962 modum
2693 1905 3044 1985 sumptionis
3077 1906 3135 1966 in
3166 1924 3376 1984 regno,
3414 1908 3522 1968 hoc
3555 1917 3644 1968 est
3668 1907 3725 1967 in

2072 1991 2692 2055 resurrectione.Cum
2723 1994 3044 2055 resurrexi:
3060 2004 3149 2055 set
3179 1995 3628 2066 enim,comedit
3661 2015 3729 2057 ac

2073 2081 2223 2143 blbll
2252 2099 2400 2143 novo
2427 2083 2682 2162 quodam
2707 2083 2883 2143 modo
2920 2101 2933 2145 :
2971 2104 3086 2145 non
3145 2085 3304 2146 enim
3362 2087 3528 2166 quasi
3562 2085 3725 2146 indi-

2071 2180 2243 2252 geret
2292 2170 2452 2245 cibo,
2512 2171 2879 2252 corporalem
2941 2177 3194 2255 sumpsit
3247 2174 3444 2236 ClbUlll
3476 2193 3488 2237 :
3526 2175 3628 2236 sed
3663 2185 3728 2236 ut

2070 2259 2421 2323 crederetur
2453 2277 2592 2320 vera
2633 2261 2904 2341 corporis
2964 2272 3191 2326 natura.
3225 2263 3494 2344 Regnum
3525 2271 3721 2325 autem

2070 2353 2283 2411 merito
2328 2367 2493 2411 suam
2535 2350 3034 2413 resurrectionem
3068 2355 3370 2416 nominat:
3401 2362 3540 2414 tunc
3563 2353 3723 2415 enim

2069 2438 2327 2501 abolevit
2371 2449 2645 2511 mortem,
2681 2448 2739 2500 et
2775 2458 2840 2500 re
2872 2441 2999 2522 ipsa
3035 2461 3236 2521 regem
3267 2461 3331 2504 se
3365 2443 3720 2523 comproba-

2074 2529 2170 2590 vit.
2205 2525 2313 2589 Vel
2346 2528 2520 2588 etiam
2555 2527 2642 2589 sic
2673 2528 2969 2607 intelligas
3006 2553 3018 2586 :
3053 2535 3282 2594 Novum
3309 2533 3584 2612 poculum
3619 2550 3724 2594 re-

2069 2618 2280 2679 velatio
2310 2625 2400 2678 est
2431 2627 2942 2680 sacramentorum
2999 2622 3130 2700 Dei,
3181 2639 3311 2702 quae
3353 2630 3491 2682 tunc
3531 2622 3588 2683 in
3620 2640 3723 2683 re-

2073 2726 2187 2786 gno
2219 2705 2350 2778 Dei,
2385 2705 2495 2767 hoc
2528 2715 2617 2768 est
2657 2707 2718 2768 in
2748 2711 3017 2771 secundo
3053 2711 3332 2791 adventu,
3365 2712 3720 2773 revelabun-

2076 2811 2191 2872 tur,
2224 2812 2355 2876 qua:
2382 2813 2521 2857 vere
2573 2812 2709 2858 sunt
2759 2817 2928 2872 nova,
2982 2801 3175 2880 qualia
3217 2820 3335 2862 non
3389 2801 3726 2862 audivimus

2074 2904 2330 2966 uspiam.
2363 2888 2652 2948 Caeterum
2704 2906 2773 2948 ea
2831 2889 3035 2952 bibere
3065 2890 3277 2953 dicitur
3310 2891 3580 2953 Christus
3612 2909 3722 2950 no-

2081 2977 2336 3048 biscum,
2371 2995 2441 3036 eo
2472 2978 2628 3057 quod
2657 2986 2916 3040 nostram
2950 2979 3260 3041 utilitatem
3292 2979 3490 3042 cibum
3524 2989 3581 3043 et
3613 2998 3724 3061 po-

1999 3079 2040 3130 c
2065 3077 2188 3131 tum
2221 3085 2393 3127 suum
2423 3067 2745 3129 existimat.

2155 3157 2342 3217 Vsus.
2377 3156 2599 3219 30.:Et
2622 3177 2755 3219 cum
2790 3159 3079 3238 hymnum
3114 3159 3424 3235 dixissent,
3457 3160 3733 3232 exierunt

2076 3246 2137 3308 in
2163 3254 2421 3306 montem
2437 3244 2736 3308 Olivarum
2772 3251 3124 3330 nPostquam
3144 3249 3730 3328 cmuaveruntJtym-

2077 3354 2220 3397 num
2255 3336 2536 3396 dixerunt
2569 3357 2580 3398 :
2617 3347 2679 3397 ut
2709 3337 3011 3399 discamus
3042 3348 3100 3400 et
3131 3357 3240 3399 nos
3287 3340 3373 3399 sic
3410 3338 3626 3399 facere.
3665 3335 3729 3398 ln

2078 3434 2337 3487 montem
2362 3424 2664 3487 Olivarum
2700 3427 2883 3502 venit,
2919 3435 2976 3490 et
3009 3447 3126 3488 non
3178 3429 3238 3489 in
3293 3428 3474 3489 alium
3501 3428 3721 3500 locum,

2072 3533 2149 3577 ne
2181 3525 2491 3595 putaretur
2521 3516 2760 3596 lugere:
2800 3536 2918 3578 non
2949 3519 3109 3580 enim
3143 3518 3200 3578 in
3235 3518 3497 3598 ignotum
3533 3518 3723 3578 locum

2077 3606 2326 3679 secedit,
2354 3607 2459 3667 sed
2494 3606 2552 3666 in
2582 3625 2716 3668 eum
2744 3605 2844 3688 qui
2873 3608 3092 3670 Judaais
3123 3616 3296 3670 notus
3321 3616 3468 3670 erat.
3496 3605 3729 3669 Secedit

2078 3705 2276 3756 autem
2335 3713 2370 3756 a
2425 3697 2807 3775 sanguinaria
2858 3698 3112 3772 civitate,
3157 3717 3332 3780 quam
3386 3696 3625 3779 reliquit
3665 3702 3729 3756 ut

2083 3786 2558 3867 persecutionem
2589 3788 2865 3867 patiatur,
2902 3797 3184 3868 etarguat
3217 3789 3348 3851 illos
3396 3797 3601 3870 postea
3629 3785 3730 3868 qui

2073 3884 2133 3938 et
2148 3877 2458 3937 cedentem
2493 3877 2763 3939 insectati
2787 3878 3028 3940 fuerint.

2155 3966 2340 4028 Vsus.
2375 3971 2474 4041 21,
2510 3968 2617 4032 39.
2646 3990 2673 4027 ‹
2705 3969 2872 4032 Tunc
2906 3969 3052 4031 dicit
3098 3969 3216 4032 illis
3241 3970 3417 4033 Jesus
3454 3992 3468 4032 :
3505 3971 3733 4036 Omnes

2076 4073 2180 4117 vos
2211 4054 2553 4118 scandalum
2591 4059 2896 4138 patiemini
2944 4078 3052 4140 per
3103 4079 3200 4123 me
3256 4062 3316 4122 in
3361 4061 3473 4122 ista
3530 4067 3728 4122 nocte.

2077 4143 2382 4227 Scriptum
2413 4155 2500 4209 est
2540 4148 2729 4230 enim,
2763 4149 3098 4212 Percutiam
3159 4163 3480 4231 pastorem,
3513 4158 3572 4212 et
3601 4149 3729 4212 dis-

2081 4255 2133 4316 p«
2157 4245 2402 4315 rgentur
2432 4256 2571 4300 oves
2606 4240 2825 4317 gregis.
2860 4239 3172 4321 Postquam
3203 4251 3399 4304 autem
3451 4258 3727 4303 resurre-

2078 4343 2245 4400 xero,
2283 4329 2613 4407 prrcedam
2662 4347 2764 4390 vos
2793 4330 2855 4390 in
2887 4329 3212 4396 Galilaeam.
3253 4358 3276 4386 η
3326 4331 3544 4394 Futura
3595 4339 3730 4392 tan-

342 4413 439 4485 Ὠς
502 4425 631 4488 Θεὸς
683 4413 931 4504 προλέγει
991 4428 1054 4482 τὰ
1098 4426 1326 4502 ἐσόμενα
1361 4441 1376 4456 ⁸
1411 4425 1501 4482 ’ίνα
1557 4426 1611 4484 δὲ
1654 4429 1733 4504 μὴ
1765 4427 1991 4486 σκανδα-

2082 4433 2257 4496 quam
2291 4418 2448 4479 Deus
2480 4417 2846 4498 praadicitEt
2874 4432 2937 4480 ut
2972 4441 3086 4482 non
3116 4421 3446 4483 offendatur
3467 4420 3638 4501 quasi
3658 4418 3735 4481 ab

335 4512 590 4568 λισθῶσιν
653 4515 725 4579 ὡς
782 4518 1236 4594 κατηγορούμενοι
1292 4516 1382 4572 ὑπ’
1452 4516 1630 4597 αὑτοῦ,
1707 4518 1862 4574 εἶπεν
1916 4517 1991 4576 ὅτι

2083 4506 2210 4586 ipso
2262 4505 2456 4567 acrius
2513 4509 2796 4576 accusati.
2859 4509 3006 4572 dixrt
3043 4512 3328 4592 scriptum
3362 4529 3541 4573 esse:
3601 4509 3734 4570 146

340 4601 636 4678 γέγραπται
674 4620 688 4637 ’
735 4605 958 4670 Πατάξω
1001 4607 1090 4661 τὸν
1146 4605 1396 4683 ποιμένα,
1450 4607 1538 4663 καὶ
1585 4606 1992 4686 διασκορπισθή-

338 4709 525 4745 σονται
584 4692 648 4748 τὰ
697 4691 962 4773 πρόϐατα,
1049 4702 1202 4752 τοῦτο
1285 4695 1675 4772 αἰνιττόμενος,
1719 4696 1800 4753 ὅτι
1858 4697 2002 4775 Ἐγώ

338 4791 601 4859 συνεῖχον
659 4782 818 4858 ὑμᾶς,
882 4785 944 4839 τὸ
1003 4782 1054 4839 δὲ
1113 4785 1204 4861 εμὲ
1256 4786 1506 4844 ἀπελθεῖν
1535 4788 1672 4863 ὑμᾶς
1704 4788 1996 4866 σκορπίσει⁹

340 4867 571 4934 πατάξαι
627 4868 684 4927 δὲ
725 4870 940 4951 λέγεται
985 4875 1013 4929 6
1058 4876 1242 4952 Πατὴρ
1284 4877 1376 4931 τὸν
1423 4878 1566 4956 Υἱὸν,
1619 4875 1748 4933 διότι
1812 4876 2003 4955 γνώμῃ

343 4961 528 5037 αὐτοῦ,
586 4957 704 5026 ἤτοι
784 4964 1200 5042 παραχωρήσει,
1263 4963 1596 5043 ἐσταύρωσαν
1653 4971 1699 5021 οἱ
1757 4965 2003 5023 Ἰουδαῖοι

340 5047 434 5103 τὸν
495 5047 726 5126 Κύριον*
787 5047 1071 5127 δυνάμενος
1131 5053 1231 5130 γὰρ
1274 5053 1534 5124 κωλύσαι,
1595 5059 1716 5111 εἶτα
1760 5056 1838 5132 μὴ
1888 5078 2004 5111 κω-

340 5134 532 5210 λύσας,
595 5136 807 5215 λέγεται
855 5138 1082 5205 πατάξαι
1142 5139 1229 5197 διὰ
1285 5144 1385 5210 τήν
1414 5146 1830 5223 παραχώρησιν.
1868 5144 2006 5202 Εἶτα

341 5224 486 5282 λύων
544 5225 715 5283 at):th
767 5228 864 5296 τὴν
918 5227 1112 5297 λύπην,
1191 5229 1582 5309 εὐαγγελίζεται
1641 5235 1847 5314 αὐτοῖς,
1925 5233 2004 5289 ὅτι

339 5314 724 5393 ὶγερθήσομαι,
805 5320 893 5374 καὶ
951 5317 1186 5397 προάξω,
1263 5321 1528 5396 τουτέστι,
1605 5326 1890 5404 προφθάσω
1934 5325 2005 5386 εἰς

339 5404 443 5472 τὴν
497 5403 784 5462 Γαλιλαίαν
841 5409 1002 5486 ὑμᾶς,
1065 5405 1315 5464 δεικνύων
1360 5410 1591 5466 ἐντεὲθεν
1624 5403 1854 5480 ὅτιγτὴν
1911 5413 2007 5487 μὲν

337 5492 696 5572 Ἰερουσαλὴμ
753 5495 1153 5574 ἐγκαταλείψει,
1218 5500 1290 5562 εἷς
1356 5499 1410 5555 δὲ
1463 5501 1528 5556 τὰ
1559 5499 1682 5569 ἔθνη
1714 5500 2007 5560 ἀπελεύσε-

337 5597 450 5639 ται·
494 5583 596 5652 τὴν
630 5585 731 5664 γὰρ
782 5583 1065 5644 Γαλιλαίαν
1095 5585 1287 5644 ἐθνικοὶ
1317 5589 1616 5662 κατῴκουν,

428 5696 448 5729 ε
501 5672 840 5752 ’Δποκριθεὶς
904 5673 958 5732 δὲ
1017 5678 1045 5733 6
1105 5676 1324 5758 Πέτρος,
1370 5681 1544 5738 εἶπεν
1599 5682 1758 5755 αὐτῷ·
1798 5685 1876 5752 _.-Ei
1929 5687 2011 5742 καὶ

2087 4596 2412 4656 Percutiam
2449 4606 2769 4677 pastorem,
2811 4609 2868 4661 et
2900 4600 3317 4681 dispergentur
3347 4619 3485 4662 oves
3513 4600 3733 4680 gregis,

2084 4686 2194 4746 hoc
2254 4686 2566 4748 insinuans
2603 4708 2614 4748 :
2652 4691 2772 4768 Ego
2814 4689 3094 4752 contineo
3153 4708 3281 4764 vos,
3316 4708 3484 4750 meus
3538 4698 3736 4750 autem

2087 4775 2388 4839 discessus
2431 4795 2536 4839 vos
2587 4777 2908 4860 disperget.
2945 4778 3264 4842 Percutere
3293 4787 3490 4840 autem
3524 4778 3741 4840 dicitur

2091 4869 2266 4931 Pater
2292 4867 2535 4949 Filium,
2566 4886 2636 4930 eo
2668 4871 2822 4949 quod
2868 4870 3189 4939 voluntate,
3217 4870 3328 4930 hoc
3358 4878 3452 4930 est
3479 4869 3738 4950 permis-

2089 4958 2258 5021 sione
2289 4959 2444 5038 ejus,
2480 4958 2903 5020 cruciﬁxerunt
2953 4960 3136 5022 Judaei
3196 4957 3512 5023 Dominum
3551 4978 3565 5019 :
3601 4958 3742 5041 quia

2090 5068 2222 5111 cum
2251 5050 2382 5132 ipse
2415 5049 2598 5130 possit
2619 5067 2723 5111 eos
2746 5048 3065 5130 prohibere
3096 5057 3152 5110 et
3184 5068 3302 5111 non
3336 5048 3740 5129 prohibet,di--
3837 5079 3841 5085 -

2089 5140 2246 5202 citur
2305 5148 2617 5220 percutere
2670 5149 2914 5220 promer
2968 5139 3448 5218 permissionem.
3514 5139 3741 5202 Deinde

2089 5231 2324 5293 solvens
2353 5247 2559 5291 eorum
2594 5229 2906 5304 tristitiam,
2943 5230 3306 5308 exangelizat
3350 5228 3436 5290 eis
3471 5228 3740 5292 :Resur-

2089 5341 2220 5400 gam
2251 5328 2310 5382 et
2341 5318 2584 5398 praeibo,
2617 5318 2728 5380 hoc
2759 5328 2869 5398 est,
2906 5317 3260 5399 praeveniam
3303 5336 3406 5379 vos
3459 5318 3521 5380 in
3574 5317 3740 5383 Gali-

2093 5414 2282 5485 laeam,
2316 5407 2593 5471 indicans
2624 5407 2735 5468 hoc
2767 5407 2898 5469 loco
2920 5408 3268 5471 relicturum
3302 5407 3739 5492 seJerusalem,

2095 5513 2150 5564 et
2183 5501 2253 5563 ad
2285 5505 2493 5578 gentes
2519 5495 2969 5560 concessurum.
3005 5497 3304 5561 Galilaeam
3360 5498 3522 5560 enim
3546 5499 3742 5579 genti-

2095 5591 2184 5655 les
2215 5587 2565 5652 inhabitant.

2181 5682 2362 5745 Vens.
2399 5676 2498 5754 33,
2523 5674 2620 5744 34.
2661 5703 2686 5732 α
2712 5679 3105 5761 Respondeas
3136 5685 3329 5742 autem
3365 5679 3581 5744 Petrus
3600 5677 3744 5739 dixit
