4170 6418
453 335 560 400 ιῦί

1420 326 2012 394 THEOPHYLACTl
2062 327 2474 390 BULGARIzE
2520 327 2872 392 ARCHIEP.

3727 323 3845 387 45‘!

458 473 557 554 qui
593 491 688 532 me
718 468 932 532 tradet.
968 490 994 528 ο
1025 467 1363 530 Ostendens
1385 463 1541 546 quod
1573 482 1687 524 non
1716 482 1864 554 opus
1895 461 2108 554 habeat

2194 482 2313 536 μεν,
2347 459 2454 519 ἰδοὺ
2509 463 2736 541 ἤγγικεν
2771 465 2809 542 ,ὀ
2859 460 3173 541 παραδιδούς
3206 483 3297 537 με.
3348 485 3376 516 ι
3416 461 3702 530 Διικνύων.
3764 459 3849 516 δτι

456 551 694 624 illorum
743 559 1008 620 subsidio
1046 558 1282 637 quando
1304 555 1376 615 sit
1419 554 1770 624 tradendus,
1798 552 1942 614 dicit
1975 551 2112 612 illis:

459 649 725 711 Dormite
751 667 930 709 nunc.
961 648 1062 708 Vel
1099 664 1202 727 per
1237 644 1486 705 ironiam
1524 644 1636 703 hoc
1668 640 2009 721 dixit,quasi
2043 641 2120 700 ita

462 740 707 800 diceret:
744 736 898 798 Ecce
930 732 1426 816 appropinquavit
1460 733 1747 812 proditor,
1775 740 1830 791 et
1856 731 1905 790 si
1931 731 2121 811 placet

458 829 708 889 vobis.et
742 825 1027 905 permittit
1069 833 1324 902 tempus,
1361 822 1641 886 dormite.
1682 821 1908 884 Excitat
1944 821 2120 898 igitur

459 918 590 979 illos
621 936 652 976 a
680 915 806 976 loco
838 916 938 975 illo
972 915 1072 974 ulti
1098 916 1396 985 orabat,et
1424 911 1650 972 accedit
1676 912 1744 972 ad
1775 929 1878 972 eos
1908 911 2006 990 qui
2035 911 2117 990 ip-

461 1024 592 1067 sum
627 1005 1119 1084 compreltensuri
1153 1010 1409 1081 erant,et
1437 1001 1696 1062 occurrit
1721 1001 1803 1061 eis
1821 1001 1986 1080 quasi
2011 1000 2116 1060 lae-

463 1107 582 1157 tum
632 1094 935 1175 quidpiam
970 1093 1082 1154 sibi
1140 1093 1396 1153 oblaturi
1445 1092 1739 1152 venirent.
1801 1092 1900 1153 Sic
1931 1099 1988 1151 et
2023 1089 2121 1151 illa

457 1203 586 1264 quae
619 1194 893 1263 precatus
926 1193 1038 1250 est,
1070 1191 1340 1264 precatus
1369 1191 1455 1242 est
1505 1189 1568 1241 ut
1597 1179 1944 1242 credibilior
1961 1188 2118 1241 esset

455 1272 846 1354 dispensatio,
881 1283 940 1333 et
971 1273 1127 1353 quod
1158 1271 1445 1332 voluisset
1477 1290 1593 1331 non
1639 1270 1780 1350 pati,
1819 1278 1879 1329 ut
1909 1288 2113 1330 serva-

457 1371 664 1424 rentur
732 1361 962 1423 Hebraei
998 1386 1025 1421 a
1063 1361 1420 1441 perditione,
1455 1379 1586 1440 quae
1615 1361 1705 1420 eis
1768 1359 2117 1420 imminebat

463 1461 706 1532 propter
741 1460 1048 1533 peccatum
1085 1452 1237 1530 quod
1276 1450 1330 1509 in
1391 1453 1584 1530 ipsum
1619 1457 1786 1509 erant
1819 1458 2115 1528 perpetra-

464 1543 600 1603 turi.

541 1717 725 1783 Vens.
760 1719 1017 1781 47-501
1054 1715 1124 1776 Et
1156 1716 1256 1776 illo
1286 1716 1476 1777 adhuc
1511 1717 1814 1796 loquente,
1845 1717 2110 1776 ecceJu-

2200 551 2258 606 οὗ
2329 554 2515 632 χρείαν
2587 552 2703 633 ἔχει
2773 553 2871 621 τῆς
2899 551 3023 631 παρ’
3056 556 3226 611 αὐτῶν
3255 551 3580 630 έπικουρίας,
3604 549 3692 605 ὅτε
3735 548 3860 622 μέλ-

2200 639 2278 696 λει
2352 641 2736 722 παραδοθῆναι,
2771 644 2930 722 φησὶν
3001 643 3208 705 αὐτοῖς’
3274 639 3557 701 Καθεύδετε
3613 640 3674 696 τὸ
3731 637 3856 695 λοι-

2202 732 2323 786 πόι·
2386 730 2421 797 ἤ
2491 730 2610 788 κατ’
2670 732 2934 811 εἰρωνείαν
3002 733 3156 788 τοῦτό
3216 753 3401 811 φησιν,
3461 731 3654 786 ὡσανεὶ
3702 735 3854 784 τοῦτο

2205 820 2396 899 λέγων’
2468 820 2600 880 ἰδοὺ
2643 822 2864 900 ἤγγικεν
2923 824 2949 877 6
3028 819 3316 899 προδότης,
3384 822 3473 877 καὶ
3531 823 3573 875 εἰ
3644 817 3855 898 ἀρέσκει

2200 911 2352 985 ὑμῖν,
2426 914 2514 968 καὶ
2585 912 2810 991 παρέχει
2868 913 2897 967 6
2928 912 3135 990 καιρός,
3165 908 3463 972 καθεῦδετε.
3510 909 3734 986 Ἐγείρει
3766 910 3854 964 οῦν

2202 1001 2388 1065 αὐτοὺς
2460 1001 2566 1057 ἀπὸ
2620 1008 2713 1059 τοῦ
2760 1001 2925 1057 τόπου
2968 999 3165 1059 ἰκείνου
3209 999 3328 1056 ἔνθα
3365 1000 3728 1078 προσηύχετο,
3765 998 3855 1053 καὶ

2204 1091 2557 1171 προσέρχεται
2639 1104 2756 1153 τοϊς
2804 1089 3090 1166 μέὶλουσιν
3171 1091 3326 1147 αὐτὸν
3410 1085 3719 1162 συλλαϐεῖν,
3767 1085 3858 1144 καὶ

2199 1186 2537 1258 προσυπαντᾷ
2595 1184 2801 1252 αὐτοῖς,
2859 1182 2932 1245 ὡς
2975 1201 3024 1235 τι
3069 1177 3382 1258 εὖφρόσυνον
3431 1176 3685 1253 μέλλουσι
3735 1174 3855 1233 δοῦ-

2200 1292 2282 1324 ναι
2343 1273 2505 1344 αὐτῷ.
2555 1269 2706 1326 Οὕτω
2734 1270 2822 1325 καὶ
2873 1269 3053 1324 ἐκεῖνα
3084 1268 3116 1323 ἃ
3159 1267 3386 1348 ηὔχετο,
3426 1265 3510 1323 διὰ
3551 1267 3611 1322 τὸ
3640 1265 3854 1324 πιστώι-

2199 1361 2385 1414 σασθαι
2447 1360 2544 1426 τὴν
2576 1358 2877 1433 οἰκονομίαν
2927 1357 3145 1437 ηὔχετο,
3179 1359 3266 1414 καὶ
3308 1356 3474 1414 θέλων
3523 1356 3602 1430 μὴ
3632 1358 3849 1434 παθεῖν,

2197 1447 2291 1503 ἵνα
2351 1451 2743 1526 συνεηρηθῶσιν
2795 1450 2841 1502 οἱ
2901 1435 3139 1526 Ἐϐραῖοί
3207 1447 3266 1503 ὲκ
3313 1451 3410 1513 τῆς
3460 1443 3755 1524 ἀπωλείας,
3814 1443 3851 1510 ἦ

2199 1535 2390 1611 ἔμελλε
2421 1537 2819 1612 καταλήψεσθαι
2863 1537 3050 1598 αὖτοὺς
3096 1535 3178 1592 διὰ
3210 1540 3308 1603 τὴν
3339 1537 3410 1600 είς
3455 1536 3611 1594 αὐτὸν
3669 1535 3850 1613 ἁμαρ-

2196 1631 2332 1689 τίαν,

2286 1739 2308 1772 ε
2377 1718 2475 1775 Καὶ
2528 1716 2603 1772 ἔτι
2663 1716 2819 1772 αύτοῦ
2874 1715 3185 1788 λαλοῦντος,
3218 1713 3325 1772 ἰδοὺ
3356 1712 3555 1776 Ἰούδας
3601 1712 3687 1778 εἷς
3739 1718 3846 1768 τῶν

466 1809 570 1870 das
604 1827 754 1869 unus
784 1826 850 1868 ex
885 1805 1199 1867 duodecim
1228 1805 1623 1876 venit,etcum
1653 1824 1724 1865 eo
1745 1804 1915 1865 turba
1934 1805 2109 1864 multa

2199 1805 2398 1863 δώδεκα
2465 1804 2614 1877 ἦλθε,
2673 1807 2758 1862 καὶ
2816 1805 2932 1880 μετ’
2966 1809 3124 1864 αὐτοῦ
3167 1803 3335 1884 ὄχλος
3365 1802 3532 1867 πολὺς
3577 1804 3714 1877 μετὰ
3743 1824 3852 1877 μα·-

455 1916 590 1959 cum
627 1897 838 1976 gladiis
863 1905 919 1956 et
943 1894 1219 1974 fustibus,
1250 1895 1413 1955 missi
1445 1914 1477 1955 a
1512 1894 1884 1973 principibus
1910 1913 2111 1955 sacer-

452 1990 655 2048 dotum
689 1996 746 2048 et
776 1985 1122 2049 senioribus
1157 1986 1378 2066 populi.
1416 1983 1474 2045 Is
1521 2003 1660 2046 vero
1695 1986 1793 2066 qui
1843 1985 2114 2046 tradebat

454 2076 791 2157 cum,dedit
821 2076 938 2136 illis
965 2076 1221 2154 signum,
1258 2073 1927 2154 dicens:Quemcunque
1947 2092 2111 2135 oscu-

455 2167 605 2227 latus
641 2166 968 2244 fuero,ipse
992 2172 1106 2238 est,
1140 2172 1338 2224 tenete
1372 2183 1532 2224 eum.
1566 2162 1637 2223 Et
1667 2163 1979 2224 confestim
2011 2182 2112 2223 ac-

455 2252 678 2314 cedens
709 2249 1645 2328 adJesum,dixit:Ave,ltab!ii,et
1677 2250 1978 2313 osculatus
2025 2260 2112 2312 est

459 2360 620 2404 eum.
658 2341 935 2420 Dixitque
987 2341 1070 2401 illi
1101 2340 1274 2403 .lesus
1310 2359 1324 2403 :
1379 2341 1608 2413 Amice,
1637 2341 1707 2401 ad
1743 2341 1881 2420 quid
1916 2340 2057 2402 ades
2088 2341 2112 2402 ?

457 2428 624 2490 Tunc
657 2440 1135 2502 accesserunt,et
1162 2449 1373 2491 manus
1397 2429 1737 2509 injecerunt
1761 2431 2116 2498 inlesum.et

459 2527 748 2598 ceperunt
806 2537 966 2581 eum.
1007 2545 1033 2574 »
1087 2517 1264 2580 Vides
1312 2537 1478 2580 arma
1538 2519 1878 2598 pontificum
1921 2520 2116 2599 qualia

458 2607 610 2670 sint?
643 2608 822 2688 Ligna
846 2608 1124 2688 etgladii.
1163 2611 1244 2669 lta
1264 2617 1432 2668 erant
1465 2609 1720 2688 pacifici,
1754 2617 1809 2668 et
1843 2610 2111 2689 spiritum

464 2699 937 2769 mansuetudinis
955 2697 1437 2761 habentes.Unus
1455 2709 1648 2759 autem
1675 2718 1742 2759 ex
1765 2699 2108 2773 duodecim,

459 2787 607 2848 dixit
633 2785 1030 2868 Evangelista,
1057 2789 1361 2849 admirans
1386 2787 1541 2867 quod
1562 2787 1786 2850 licctex
1816 2788 2022 2868 primis
2053 2795 2113 2852 et

458 2875 663 2938 electis
694 2891 880 2950 esset,
913 2876 1150 2938 diabolo
1183 2895 1247 2937 se
1277 2877 1534 2937 tradidit.
1561 2877 2028 2952 Uude,homo,et
2048 2886 2106 2939 tu

464 2965 779 3044 time,licet
812 2983 882 3025 ex
919 2965 1408 3026 familiarissimis
1441 2965 1544 3039 sis,
1573 2984 1648 3027 ne
1668 2985 1924 3047 unquam
1956 2966 2111 3027 desi-

468 3055 580 3116 diae
611 3072 779 3116 vaces
811 3062 869 3115 et
897 3055 1166 3116 excidas.
1202 3053 1446 3134 Signum
1480 3064 1676 3116 autem
1708 3055 1871 3118 dedit
1902 3055 2107 3128 Judas,

463 3161 535 3204 eo
566 3143 719 3223 quod
744 3162 856 3203 nox
885 3152 1033 3215 erat,
1072 3152 1262 3205 etnon
1286 3152 1552 3222 poterant
1575 3145 2001 3206 internoscere.
2041 3147 2113 3207 Et

2197 1901 2403 1976 χαιρῶν
2473 1896 2561 1952 καὶ
2617 1893 2803 1968 ξύλων,
2865 1895 2972 1951 ἀπὸ
3023 1901 3128 1952 τῶν
3159 1894 3454 1974 ἀρχιερέων
3482 1895 3570 1948 καὶ
3614 1890 3852 1971 πρεσϐυ-

2194 1985 2357 2062 τέρων
2413 1991 2505 2041 τοῦ
2560 1982 2712 2046 λαοῦ.
2781 1977 2838 2042 Ὀ
2896 1981 2951 2039 δὲ
3021 1981 3329 2063 παραδιδοζς
3402 1983 3580 2055 αὖτὸν,
3652 1979 3848 2037 ἔδωκεν

2196 2074 2380 2136 αὐτοῖς
2449 2086 2703 2150 σημεῖον,
2778 2073 2971 2151 λέγων·
3008 2063 3117 2130 “Ον
3146 2069 3206 2128 ἅν
3239 2071 3474 2151 φιλήσω,
3519 2071 3673 2136 αὐτός
3704 2069 3838 2144 ἐστι,

2199 2165 2493 2240 κρατήσατε
2579 2163 2758 2225 αὐτόν,
2819 2165 2918 2221 Καὶ
2973 2161 3162 2223 εὐθέως
3188 2160 3491 2240 προσελθὼν
3518 2166 3596 2234 τῷ
3638 2159 3839 2240 Ἰησοῦ,

2195 2239 2343 2310 εἶπε·
2404 2260 2593 2332 Χαῖρε,
2673 2244 2870 2311 Ῥαόϐί·
2904 2254 2991 2308 καὶ
3048 2239 3400 2332 κατεφίλησεν
3429 2248 3607 2308 αὐτόν.
3673 2239 3730 2305 ’0
3788 2245 3844 2303 δὲ

2195 2343 2399 2410 Ἰησοῦς
2470 2346 2623 2399 εἶπεν
2681 2344 2843 2416 αύτῷο
2911 2333 3141 2420 Ἐταϊρε.
3217 2337 3302 2421 ὶφ⁹
3360 2344 3406 2414 ᾧ
3447 2340 3652 2417 πάρεις
3714 2337 3846 2397 Τότε

2194 2431 2595 2512 προσελθόντες,
2672 2430 2930 2489 ἐπέϐαλον
2984 2433 3078 2495 τὰς
3122 2431 3320 2511 χεῖρας
3373 2430 3459 2487 ἰπὶ
3488 2431 3579 2485 τὸν
3610 2427 3842 2501 Ἰησοῦν,

2194 2524 2282 2578 καὶ
2339 2522 2636 2594 ἐκράτησαν
2691 2523 2871 2580 αὐτόν.
2936 2545 2963 2577 ι
3044 2513 3198 2601 Ὁρᾷς
3253 2521 3318 2576 τὰ
3373 2527 3479 2576 τῶν
3548 2517 3844 2599 ἀρχιερέων

2194 2612 2358 2678 σκεὺη
2403 2631 2419 2687 ;
2476 2610 2626 2667 Ξύλα
2686 2613 2773 2667 καὶ
2823 2612 3110 2691 μάχαιραι.
3173 2609 3352 2674 Οὕτως
3384 2608 3518 2675 ἦσαν
3563 2608 3840 2686 εἰρηνικοὶ,

2196 2703 2285 2757 καὶ
2329 2703 2388 2757 τὸ
2425 2708 2633 2776 πνεῦμα
2661 2701 2758 2768 τῆς
2801 2702 3100 2780 πραότητος
3132 2699 3376 2780 ἔχοντες*
3410 2701 3472 2755 τὸ
3500 2696 3580 2770 δὲ,
3627 2701 3710 2761 εἷς
3737 2696 3844 2753 τῶν

2196 2790 2419 2872 δώδεκα,
2492 2792 2646 2847 εἶπεν
2698 2793 2727 2847 6
2760 2790 3163 2870 εύαγγελιστῆς,
3195 2792 3496 2865 θαυμάζων,
3561 2785 3641 2842 ὅτι
3672 2787 3844 2844 καίτοι

2195 2879 2552 2959 ἐξειλεγμένος
2625 2879 2719 2953 ὢν,
2795 2882 2883 2937 καὶ
2913 2882 3048 2956 μετὰ
3076 2885 3181 2936 τῶν
3231 2878 3454 2959 πρώτων
3498 2875 3846 2950 ταττόμενος,

2195 2970 2342 3036 ὅμως
2374 2953 2472 3045 ’τῷ
2527 2968 2758 3043 διαϐόλῳ
2811 2953 3035 3027 δέδωκεν
3106 2953 3313 3029 ἑαυτόν.
3353 2953 3505 3024 Ὠστε
3535 2967 3620 3022 καὶ
3649 2966 3712 3020 σὺ
3741 2987 3847 3044 φο-

2195 3057 2308 3130 ϐοῦ,
2384 3060 2646 3138 ἄνθρωπε,
2707 3058 2803 3115 κᾶν
2859 3065 2966 3116 τῶν
3021 3059 3356 3115 οἰκειοτάτων
3429 3055 3575 3128 εἴης,
3634 3055 3845 3124 μήποτε

2195 3149 2636 3228 ἀποῤῥᾳθυμήσας
2706 3149 2960 3226 ἐκπέσης.
3039 3150 3320 3222 Σύσσημον
3389 3145 3442 3202 δὲ
3531 3142 3738 3201 δίδωσιν
3818 3147 3846 3200 6

463 3233 656 3306 aliter,
692 3231 800 3303 Qui
851 3241 1133 3293 Veneraut
1161 3233 1232 3294 ad
1267 3233 1920 3314 comprehendendum,
1985 3254 2100 3297 non

2194 3238 2414 3311 Ἰούδας,
2474 3237 2604 3296 διότι
2677 3242 2763 3295 καὶ
2795 3238 2878 3304 νύξ
2921 3239 3011 3316 ἦν,
3056 3240 3144 3295 καὶ
3186 3240 3280 3296 οῦκ
3309 3234 3565 3303 ἠδύναντο
3609 3230 3845 3312 διαγνῶ-

464 3330 634 3383 erant
663 3340 732 3382 ex
769 3322 936 3382 turba
971 3330 1076 3398 tot,
1112 3331 1256 3402 quot
1288 3340 1356 3384 ex
1388 3322 1574 3384 servis
1605 3324 1971 3406 pontificum,
2002 3327 2100 3406 qui

2194 3349 2296 3386 ναι’
2362 3328 2538 3392 ἄλλως
2610 3351 2666 3386 τε
2727 3330 2817 3386 καὶ
2874 3331 2921 3386 οἱ
2978 3327 3219 3392 ὶλθόντες
3248 3323 3556 3397 συλλαϐεῖν,
3590 3327 3684 3382 οὐκ
3712 3323 3850 3392 ἦσαν

460 3411 706 3471 omnino
724 3411 872 3473 forte
895 3431 1011 3472 non
1037 3414 1789 3488 cognoverantJesum,sed
1807 3415 1988 3477 ludas
2012 3435 2105 3475 no.

2194 3417 2251 3476 ἐκ
2318 3421 2410 3476 τοῦ
2458 3417 2627 3498 ὄχλου
2672 3428 2935 3497 τοσοῦτοι,
2998 3416 3112 3474 ὅσοι
3173 3415 3233 3472 ἐκ
3310 3419 3414 3471 τῶν
3501 3411 3699 3470 δούλων
3745 3419 3849 3469 τοῦ

459 3511 583 3562 tum
615 3499 752 3561 facit
781 3502 869 3562 eis
899 3503 1239 3581 Magistrum
1284 3503 1515 3564 osculo.
1583 3501 1726 3563 Nam
1760 3523 1892 3564 cum
1931 3504 2109 3565 sciret

2194 3507 2511 3590 ἀρχιερέως,
2567 3508 2623 3563 οἵ
2655 3506 2764 3567 οόδ’
2795 3508 2934 3571 ὃλως
2968 3507 3114 3587 τάχα
3157 3505 3436 3585 ἐγνώριζον
3476 3506 3567 3560 τὸν
3609 3500 3845 3569 Ἰησοῦν.

460 3590 785 3651 bonitatem
821 3590 1344 3661 Domini,audebat
1374 3591 1540 3651 illum
1576 3593 1969 3654 osculari.llle
1998 3613 2108 3654 au-

2196 3589 2347 3655 Ἀλλ⁹
2419 3599 2447 3653 6
2505 3598 2751 3664 μαθητὴς
2811 3598 3048 3676 γνωρίζει
3130 3600 3313 3659 αὐτοῖς
3365 3595 3458 3650 τὸν
3505 3589 3844 3666 διδάσκαλον,

461 3687 579 3741 tem
617 3679 730 3739 fert
761 3698 949 3760 usque
980 3680 1054 3741 ad
1085 3681 1467 3742 novissimam
1501 3681 1708 3742 horam
1732 3683 1978 3744 studens
2008 3701 2109 3744 sua

2198 3688 2256 3744 ἐκ
2315 3694 2406 3743 τοῦ
2474 3685 2811 3766 καταφιλεῖν
2887 3685 3036 3743 εἰδὼν
3105 3685 3205 3764 γὰρ
3265 3684 3387 3766 τὴν,
3459 3680 3850 3762 φιλανθρωπίαν

458 3769 909 3846 longanimitate
966 3769 1130 3832 illum
1165 3770 1400 3829 lucrari.
1457 3769 1601 3831 Cum
1660 3782 1855 3832 autem
1918 3792 2109 3852 neque

2194 3784 2285 3834 τοῦ
2359 3778 2569 3854 Κυρίου,
2625 3765 2932 3856 θρασύνεται
2977 3777 3063 3831 καὶ
3092 3773 3341 3854 φιλῆσαι,
3377 3765 3434 3830 “Ο
3483 3769 3538 3826 δὲ
3589 3770 3843 3850 ἀνέχεται

460 3855 546 3917 sic
575 3858 929 3919 emendatus
954 3867 1065 3931 est,
1101 3867 1238 3919 tunc
1295 3859 1435 3920 fecit
1467 3860 1600 3921 illos
1631 3865 1868 3942 cadere,
1892 3881 2105 3943 quem-

460 3945 780 4007 admodum
813 3947 957 4008 dicit
983 3946 1267 4023 Joannes,
1323 3959 1386 4010 ut
1449 3950 1535 4010 vel
1595 3951 1861 4012 cadendo
1917 3970 2104 4032 agno-

463 4045 628 4096 scant
650 4035 836 4116 ipsius
857 4037 1153 4098 virtutem.
1181 4039 1351 4101 Unde
1369 4057 1501 4100 cum
1537 4059 1732 4119 neque
1753 4043 1836 4103 sic
1866 4043 2103 4104 destite-

462 4123 580 4184 rint
608 4144 643 4185 a
664 4143 770 4185 sua
801 4125 1158 4194 temeritate,
1195 4137 1333 4188 tunc
1383 4130 1769 4207 semetipsum
1800 4132 1885 4191 eis
1917 4150 2102 4211 οινο-

460 4214 598 4274 suit.
634 4213 842 4276 Judam
864 4225 1061 4276 autem
1095 4217 1347 4278 amicum
1381 4221 1912 4300 vocat,,incessens
1941 4240 2099 4303 eum,

458 4311 518 4392 et
547 4321 797 4392 carpens
833 4315 1107 4385 tanquam
1139 4306 1410 4368 videlicet
1439 4309 1616 4370 amici
1641 4312 1910 4371 osculum
1946 4331 2100 4392 pm-

452 4389 718 4453 bentem.
755 4391 921 4464 Quod
967 4413 1106 4456 vero
1135 4395 1298 4467 dicit,
1335 4398 1424 4457 Ad
1477 4398 1616 4478 quid
1649 4399 1812 4474 ades,
1844 4389 1960 4462 hoc
1986 4409 2100 4476 est,

455 4500 573 4561 qua
602 4481 932 4544 intentione
962 4483 1058 4545 hic
1088 4486 1232 4545 ades
1259 4485 1283 4544 ?
1311 4485 1588 4567 Nunquid
1622 4497 1683 4548 ut
1711 4489 1972 4551 amicus?
1997 4491 2100 4552 sed

449 4587 569 4630 non
603 4572 912 4650 oportebat
944 4591 1077 4634 cum
1111 4574 1326 4652 gladiis
1358 4576 1661 4640 advenire.
1715 4576 1990 4659 Nunquid
2042 4589 2107 4640 ut

2188 3865 2316 3946 ἄχρι
2387 3867 2475 3922 καὶ
2527 3870 2624 3932 τῆς
2696 3864 3000 3928 τελευταίας
3059 3864 3223 3944 ὥρας,
3284 3859 3589 3932 σπουδάζων
3618 3858 3703 3915 διὰ
3744 3863 3847 3925 τῆς

2187 3956 2545 4035 μακροθυμίας
2624 3956 2780 4011 αῦτὸν
2859 3954 3136 4033 κερδῆσαι.
3215 3962 3315 4012 Ott
3388 3949 3443 4006 δὲ
3502 3946 3619 4006 οὒδὶ
3678 3946 3846 4012 οὕτως

2186 4034 2574 4124 ἐσωφρονίσθη,
2637 4047 2760 4101 τότε
2820 4057 2972 4102 ποιεῖ
3003 4045 3189 4108 αὐτοὺς
3233 4055 3444 4111 πεσεῖν,
3490 4041 3562 4101 ὡς
3596 4040 3625 4094 6
3654 4034 3846 4097 Ἰωάν-

2183 4157 2277 4203 νης
2333 4137 2514 4215 φησὶν,
2586 4134 2680 4190 ’ίνα
2735 4133 2833 4192 κείν
2889 4132 2973 4190 διὰ
3029 4139 3120 4190 τοῦ
3169 4145 3384 4212 πεσεῖν,
3443 4129 3699 4207 ἓπιγνῶσι
3743 4127 3846 4195 τὴν

2181 4226 2336 4283 αὐτοῦ
2390 4221 2630 4298 δύναμιν·
2725 4225 2798 4287 ὡς
2870 4221 2924 4279 δὲ
2984 4221 3091 4279 οὐδ’
3151 4224 3316 4284 οὕτως
3376 4219 3684 4285 ἀπέστησαν
3742 4217 3845 4286 τῆς

2177 4314 2524 4392 θρασύτητος,
2579 4313 2700 4370 τότε
2773 4310 3043 4369 ἐκδίδωσιν
3105 4313 3314 4368 ἑαυτόν·
3365 4311 3580 4387 ἑταῖρον
3637 4304 3692 4364 δὲ
3754 4308 3850 4364 τὸν

2187 4400 2384 4460 Ἰούδαν
2435 4401 2616 4474 καλεῖ,
2682 4400 2957 4477 κωμῳδῶν
3012 4404 3169 4462 αὺτὸν
3241 4401 3327 4457 καὶ
3411 4395 3694 4477 διασύρων,
3767 4399 3844 4462 ὡς

2185 4489 2338 4558 δῆθεν
2370 4492 2573 4570 ἑταίρου
2601 4491 2807 4572 φίλημα
2839 4490 3016 4549 δόντα’
3050 4492 3112 4548 τὸ
3155 4489 3231 4562 δὲ,
3267 4487 3392 4572 Ἐφξ
3416 4491 3463 4562 ᾧ
3513 4485 3695 4565 πάρει,
3732 4485 3850 4543 ἀντὶ

2183 4583 2298 4656 τοῦ,
2336 4581 2419 4638 ἐπὶ
2449 4567 2587 4656 ποίῳ
2615 4567 2819 4656 -σκσπῷ
2861 4582 3018 4662 πάρει
3044 4582 3263 4638 ὶνταῦθα
3298 4603 3315 4654 ;
3346 4567 3494 4657 ἡἈρα
3532 4578 3605 4640 ὣς
3637 4575 3787 4655 φίλος
3818 4593 3844 4653 ῖ

447 4659 757 4754 inimicus?
778 4671 836 4722 et
858 4665 1162 4743 quomodo
1184 4664 1505 4727 oscularis‘?
1526 4666 1736 4746 Arguit
1768 4669 1944 4747 igitur
1966 4688 2100 4731 eum

2194 4674 2272 4727 καὶ
2331 4672 2440 4746 μὴν
2509 4675 2606 4730 οὒκ
2634 4669 2737 4728 ἔδει
2768 4673 2904 4747 μετὰ
2935 4659 3221 4752 μαχαιρῶν
3267 4680 3541 4748 παρεῖναι.
3584 4663 3736 4754 Ἀλλξ
3770 4665 3847 4728 ὣς

446 4757 508 4809 ut
539 4749 836 4812 dolosum.

529 4928 1058 4994 Vens.51-54.«Et
1085 4947 1228 4994 ecce
1252 4949 1404 4992 unus
1425 4949 1494 4994 ex
1521 4933 1616 4995 his
1637 4935 1736 5014 qui
1765 4945 1934 4998 erant
1966 4957 2100 5000 cum

443 5014 943 5096 Jesu,extendens
964 5039 1199 5081 manum
1215 5024 1374 5096 ,151
1405 5022 1623 5083 exemit
1643 5023 1904 5101 gladium
1927 5044 2099 5088 suum

446 5112 507 5167 et
536 5107 878 5197 percutiens
902 5126 1136 5170 servum
1166 5111 1456 5190 principis
1486 5114 2106 5197 sacerdotum,ampu-

446 5197 584 5254 tavit
604 5195 929 5257 auriculam
967 5200 1096 5277 ejus
1125 5198 1291 5261 Tunc
1325 5200 1471 5262 dicit
1503 5201 1585 5261 illi
1610 5200 1807 5266 Jesus:
1836 5195 2102 5268 Conver-

443 5291 502 5344 te
531 5284 792 5377 gladium
828 5294 988 5377 tuum
1022 5289 1085 5351 in
1119 5289 1312 5350 locum
1339 5308 1530 5352 suum.
1558 5292 1785 5353 Omnes
1817 5296 1977 5356 enim
2003 5299 2102 5377 qui

439 5374 783 5467 acceperint
807 5374 1297 5458 gladium,gladio
1322 5382 1722 5459 peribunt.An
1747 5392 1919 5462 putas
1939 5374 2102 5467 quod

438 5479 556 5524 non
584 5463 805 5543 possim
839 5483 997 5529 nunc
1019 5486 1230 5545 rogare
1265 5471 1501 5531 Patrem
1529 5483 1818 5546 meum,et
1848 5463 2100 5539 exhibe-

437 5549 678 5644 bitmibi
699 5553 898 5644 plures
912 5574 1091 5637 quam
1109 5557 1424 5621 duodecim
1445 5558 1711 5639 legiones
1725 5565 2107 5644 angelorum?

434 5639 564 5712 Quo
597 5651 766 5720 pacto
802 5641 983 5721 igitur
1003 5647 1416 5728 implebantur
1445 5639 1971 5736 Scriptur8,'quia
2016 5659 2103 5722 sic

2187 4760 2379 4841 ἐχθρός
2413 4778 2430 4836 ;
2485 4761 2574 4817 καὶ
2632 4765 2748 4824 πῶς
2793 4759 3153 4840 καταφιλετςς
3201 4757 3454 4838 Ἐλέγχει
3484 4755 3653 4813 τοίνυν
3685 4753 3846 4810 αῦτδν

2187 4851 2262 4914 ὣς
2292 4848 2491 4911 δόλιον.

2269 4960 2300 5002 (
2341 4941 2440 4999 Καί
2492 4939 2603 4998 ἰδοὺ
2657 4943 2741 5006 εἷς
2797 4947 2905 4998 τῶν
2964 4941 3100 5016 μετᾶ
3169 4938 3368 5014 Ἰησοῦ,
3428 4936 3660 5002 ἐκτείνας
3739 4934 3842 5002 τὴν

2187 5044 2373 5112 χεῖρα,
2427 5029 2700 5087 ἀπέσπασε
2771 5030 2871 5097 τὴν
2927 5031 3204 5111 μάχαιραν
3263 5032 3442 5101 αὐτοῦ,
3521 5027 3610 5085 καὶ
3659 5025 3840 5084 πατά-

2187 5121 2277 5187 ξας
2350 5122 2442 5178 τὸλ
2499 5118 2687 5177 δσῦλον
2741 5126 2834 5175 τοῦ
2910 5118 3230 5199 ἀρχιερέως,
3289 5116 3510 5198 ἀφεῖλεν
3569 5119 3727 5176 αὺτοῦ
3784 5115 3844 5170 τὺ

2187 5213 2362 5271 ὠτιον.
2422 5209 2554 5268 Τότε
2609 5207 2754 5287 λέγει
2830 5210 2972 5284 αύτῷ
3057 5211 3086 5264 ὁ
3139 5207 3366 5275 Ἰησοῦς·
3473 5203 3839 5282 Ἀπόστρεψόν

2188 5323 2280 5358 σου)
2336 5300 2436 5366 τὴν
2508 5299 2781 5380 μάχαιραν
2826 5300 2899 5364 εἷς
2928 5300 3021 5355 τὸν
3061 5299 3226 5355 τόπον
3271 5299 3463 5364 αὐτῆς.
3512 5295 3709 5354 Πάντες
3741 5290 3841 5380 γὰρ

2188 5394 2235 5450 οἱ
2290 5388 2540 5454 λαϐόντες
2589 5376 2906 5470 μάχαιραν,
2962 5388 3016 5444 ἔν
3073 5388 3316 5466 μαχαίρᾳ
3364 5385 3772 5470 ἀποθανοῦνταιξ
3801 5376 3840 5444 ἢ

2185 5479 2362 5542 δοκεῖς
2437 5478 2512 5536 ὅτι
2577 5481 2639 5536 οῦ
2691 5466 2913 5554 δύναμαι
2946 5478 3062 5557 ἄρτι
3094 5473 3460 5554 παρακαλέσαι
3512 5473 3604 5528 τὸν
3635 5466 3842 5547 Πατέρα

2185 5593 2314 5648 μου,
2360 5570 2447 5626 καὶ
2502 5570 2834 5650 παραστήσει
2875 5590 2966 5644 μοι
3017 5565 3229 5631 πλείους
3284 5564 3320 5632 ἢ
3373 5560 3575 5620 δώδεκα
3631 5558 3839 5650 λεγεξδ-

2186 5645 2620 5739 ναςνᾶγγέλωνξ
2682 5663 2805 5722 Πῶς
2861 5657 2949 5716 οὖν
3007 5654 3360 5735 πληρωθῶσιν
3391 5653 3444 5710 αἱ
3499 5650 3722 5732 Γμγαῖ,
3753 5645 3835 5705 ὅτι
