4170 6414
275 323 394 391 453
885 329 1329 393 ΒΝΑΒΒΑΤΙΟ
1377 325 1455 391 ΙΝ
1506 325 1941 392 EVANGELIE

2063 322 2459 392 MAT'I‘H/El.
2513 361 2583 372 —
2631 327 2796 392 CAP.
2849 328 3068 390 XXVI.
3564 322 3688 384 454

274 459 420 518 οὕτω
486 459 571 517 δεῖ
634 462 880 540 γενέσθαι
943 481 959 542 ς
1027 484 1054 516 ι
1105 459 1304 521 Πὲταος
1333 461 1402 526 ἦν
1458 460 1486 516 ὃ
1518 461 1614 527 τὴν
1658 462 1934 540 μάχαιραν

2030 472 2254 536 oportet
2288 464 2412 525 ﬁeri
2435 468 2463 525 ?
2488 488 2515 518 ι
2548 464 2770 525 Petrus
2799 474 2925 524 erat
2947 465 3046 544 qui
3071 464 3332 542 gladium
3364 472 3690 543 exemerat,

275 554 644 625 σπασλμενος,
701 553 838 608 καθὰ
908 551 1164 617 ἰωάννης
1237 551 1418 628 φησίν·
1473 551 1602 628 εἶχε
1634 548 1687 605 δὲ
1741 552 1941 630 μάχαι-

2030 561 2090 611 υι
2118 550 2380 613 Joannes
2411 553 2554 614 dicit
2579 552 2665 612 60.
2702 552 2970 614 Habebat
3001 564 3199 615 autem
3234 555 3521 632 gladium,
3567 571 3689 634 quo

276 660 398 716 ραν,
460 640 532 700 ὡς
589 639 703 717 ἄρτι
762 643 824 696 τὸ
882 640 1057 718 ἀρνίον
1115 637 1358 718 θύσας,ὄ
1392 637 1610 718 ἔφαγον.
1660 639 1748 706 Μὴ
1779 639 1941 716 ἐγκα-

2030 659 2241 716 agnum
2279 643 2626 704 Paschalem
2663 653 2947 704 mactarat
2993 645 3120 704 Non
3154 645 3457 721 arguimus
3489 653 3684 703 autem

275 726 464 800 λῶμεν
512 725 566 784 δὲ
621 736 700 802 τῷ
761 729 968 805 Πέτρῳ.
1028 731 1101 787 Ού
1159 729 1260 806 γὰρ
1343 728 1472 806 ὑπὲρ
1551 728 1765 800 ἑαυτοῦ,
1824 727 1941 784 ἀλλ’

2030 732 2292 808 Petrum,
2322 732 2764 812 quoniamginon
2800 752 2902 812 pro
2935 752 3020 799 se,
3075 733 3176 792 sed
3247 752 3352 813 pro
3410 732 3685 810 Magistro

276 817 410 894 ὑπέρ
462 825 555 874 τοῦ
639 815 956 874 διδατιιείλου
1009 815 1284 890 ζηλώσας,
1341 824 1494 874 τοῦτο
1524 824 1793 884 εποίησεν·
1830 819 1858 873 ό
1887 816 1942 872 δὲ

280 907 476 984 Κύριος
538 909 934 984 μεταρυθμὲζων
993 907 1151 964 αὑτὸν
1212 908 1283 970 εἰς
1371 904 1724 984 εύσγγελικήν
1783 907 1944 962 πολι-

277 997 451 1066 τείαν,
527 994 757 1053 διδάσκει
809 997 888 1070 μὴ
945 999 1180 1074 χρῆσθαι
1253 996 1522 1075 μαχαίρᾳ,
1555 995 1653 1052 κᾶν
1683 997 1774 1052 τὸν
1818 999 1947 1053 Θεὸν

278 1082 415 1160 δοκῇ
468 1105 547 1147 τις
604 1083 857 1143 έκδικετν.
937 1086 1125 1160 Τεμὼν
1182 1083 1236 1140 δὲ
1293 1085 1355 1140 τὰ
1413 1086 1568 1142 ὠτίον
1640 1087 1668 1141 ὀ
1723 1086 1944 1166 Πέτρος,

278 1170 540 1230 δείκνυσιν
640 1173 720 1230 ὅτι
790 1175 1057 1242 ἆνηκοῒαν
1117 1174 1326 1231 ένόσουν
1377 1179 1424 1230 οἱ
1495 1173 1768 1232 Ἰουδαῖον
1825 1180 1945 1232 εἶτα

279 1263 372 1319 καὶ
428 1265 491 1318 τὸ
545 1266 638 1319 τοῦ
693 1267 859 1338 νόμου
911 1266 1072 1342 ῥητὸν
1126 1266 1354 1338 τίθησιν,
1401 1263 1480 1319 ὅτι
1526 1265 1762 1344 όοονεὺς
1792 1266 1942 1322 ἀντι·-

277 1353 580 1430 γονεύεταυ
641 1355 669 1408 ό
718 1355 818 1432 γὰρ
874 1354 1036 1428 νόμος
1090 1353 1243 1412 τοῦτό
1301 1375 1485 1433 φησιν,
1548 1353 1699 1410 ὅτιοὶ
1742 1351 1941 1411 λαϐόν-

277 1463 371 1503 τες
421 1443 698 1521 μάχαιραν
744 1447 801 1499 ἒν
861 1444 1102 1522 μαχαίρᾳ
1159 1443 1562 1504 ἀποθανοῦνται.
1651 1445 1940 1500 Αίνίττεται

279 1529 337 1586 δὲ
392 1529 475 1587 ὅτι
530 1533 630 1589 imi.
694 1539 793 1600 τῆς
865 1539 970 1589 τῶν
1031 1531 1306 1607 Ῥωμαίων
1365 1535 1639 1613 μαχαίρας
1669 1533 1942 1610 ἀναιρεθή-

277 1641 465 1677 σονται
524 1624 570 1676 οἱ
625 1621 956 1681 κατ”αὒτοῠ
1019 1619 1272 1686 λαϐόντες
1323 1623 1420 1689 τὴν
1479 1623 1752 1702 μάχαιραν
1800 1622 1940 1680 Ἰου-

278 1707 452 1767 δαῖοιο
516 1710 610 1767 οὔκ
669 1712 793 1768 εἷπε
853 1709 931 1792 δὲ,
990 1710 1069 1767 ὅτι
1105 1712 1341 1786 Δύναμαι
1375 1713 1709 1789 παραστῆσαι
1741 1710 1940 1769 δώδεκα

2026 819 2154 878 zelo
2177 820 2395 881 ardens
2426 821 2533 880 hoc
2560 821 2702 880 fecit
2763 822 3050 883 Dominus
3077 839 3211 881 vero
3236 822 3520 900 adaptans
3547 839 3682 880 eum

2029 907 2101 967 ad
2137 909 2538 988 evangelicam
2578 910 2784 985 vitam,
2814 911 3124 970 docetnon
3154 910 3437 970 utendum
3461 910 3680 989 gladio,

2032 997 2261 1058 etiamsi
2299 999 2429 1078 quis
2461 997 2646 1059 Deum
2674 999 2879 1059 ulcisci
2912 999 3204 1060 videatur.
3237 1002 3426 1062 Porro
3478 1002 3686 1059 Petrus

2029 1096 2342 1164 amputans
2365 1087 2712 1157 auriculam,
2743 1087 3251 1150 ostenditJudaeos
3279 1087 3684 1148 inobedientia

2028 1173 2327 1238 laborare.
2363 1176 2593 1238 Deinde
2621 1177 2920 1255 et'dictum
2950 1175 3098 1256 legis
3121 1177 3468 1256 ponit,quod
3494 1177 3682 1237 homi-

2028 1265 2156 1325 cida
2189 1275 2245 1325 et.
2292 1266 2417 1346 ipse
2445 1265 2760 1326 occiditur.
2807 1269 2930 1328 Lex
2963 1267 3120 1326 enim
3152 1267 3263 1327 hoc
3295 1267 3459 1340 dicit,
3522 1266 3676 1345 quod

2028 1353 2127 1433 qui
2153 1355 2492 1434 acceperint
2523 1355 2807 1433 gladium,
2833 1355 3162 1417 moriantur
3183 1354 3679 1433 gladiansinuat

2026 1453 2218 1503 autem
2255 1447 2409 1525 quod
2473 1447 2874 1506 Romanorum
2927 1446 3119 1521 gladio
3176 1444 3423 1523 perituri
3478 1460 3682 1506 essent

2023 1532 2232 1606 Judaei,
2271 1544 2476 1595 contra
2504 1554 2567 1594 se
2627 1534 2887 1612 gladium
2933 1536 3323 1614 accipientes.
3371 1533 3500 1597 Jam
3561 1552 3680 1595 non

2024 1621 2447 1695 dixit,Possum
2469 1624 2754 1684 exhibere
2801 1623 3115 1684 duodecim
3153 1624 3424 1702 legiones
3439 1625 3682 1703 angelo-

2026 1729 2157 1772 rum
2198 1728 2213 1783 ;
2241 1711 2368 1782 sed,
2393 1731 2563 1773 orare
2593 1711 2822 1773 Patrem
2855 1732 3077 1792 meum,
3106 1712 3506 1793 diSpensative
3537 1713 3682 1774 dicit

277 1797 555 1876 λεγεῶνας
612 1801 881 1880 ἀγγέλων,
943 1800 1100 1874 ἀλλὰ,
1172 1799 1536 1879 παρακαλὲσαι
1594 1804 1686 1858 τὸν
1739 1804 1941 1882 Πατὲρα

2030 1799 2178 1861 sicut
2212 1802 2410 1875 homo,
2468 1812 2716 1881 propter
2755 1821 2964 1862 eorum
3029 1803 3456 1863 inﬁrmitatem.
3496 1805 3682 1864 Multa

283 1910 416 1962 μου,
493 1891 846 1965 οἰκονομικῶς
875 1897 1029 1947 τοῦτο
1052 1889 1226 1969 λέγων
1255 1893 1326 1955 ὡς
1385 1889 1680 1970 ἅνθρωπος,
1714 1889 1796 1947 διὰ
1843 1894 1942 1960 τὴν

279 1978 462 2034 αὐτῶν
525 1978 816 2043 ἀσθένειαν,
901 1979 1081 2037 Πολλὰ
1177 1981 1276 2058 γὰρ
1349 1980 1416 2047 ἧν
1499 1983 1619 2037 τότε
1686 1980 1941 2047 ἐπιδείξας

277 2067 608 2147 ἀνθρώπινα,
679 2072 772 2126 τὸν
829 2067 1043 2148 ἱδρῶτα,
1104 2069 1199 2136 τὴν
1275 2067 1492 2136 δειλίαν,
1554 2072 1642 2126 καὶ
1727 2073 1820 2129 οὒκ
1878 2071 1939 2127 ἂν

279 2155 426 2222 ’έόοξε
497 2159 687 2214 πιθανὰ
741 2159 943 2238 λέγειν,
1015 2157 1077 2215 ἄν
1150 2157 1330 2236 ἔλεγεν
1383 2157 1463 2215 ὅτι
1500 2161 1735 2234 Δύναμαι
1779 2163 1936 2224 αύτὸς

278 2248 395 2323 ὶγὼ
451 2253 788 2326 παραστῆσαι
841 2245 1120 2326 ἀγγέλους.
1199 2245 1343 2306 Ἀντὶ
1412 2253 1516 2303 τῶν
1563 2247 1763 2306 δώδεκα
1819 2250 1931 2324 οὖν,

280 2337 439 2416 φησὶ,
498 2340 773 2411 μαθητῶν,
848 2337 1188 2414 παρέστησαν
1237 2335 1298 2391 ἄν
1359 2359 1448 2412 μοι
1486 2335 1688 2396 δώδεκα
1717 2339 1934 2417 τάγμα-

278 2447 350 2481 τα
403 2425 668 2506 ἀγγέλων,
731 2428 776 2482 εἰ
836 2425 1043 2493 ἤθελον.
1104 2427 1316 2502 Λεγεὼν
1360 2428 1458 2505 γὰρ
1528 2427 1637 2484 έστι
1667 2429 1728 2484 τὸ
1772 2430 1932 2508 μέγι-

279 2535 409 2571 στον
495 2518 698 2595 τάγμα,
759 2515 1108 2595 ἑξακισχίλιοι
1182 2517 1394 2585 ἱππεῖς.
1454 2527 1550 2573 Δεῖ
1608 2517 1718 2598 οὖν,
1781 2521 1930 2599 φησὶ,

277 2612 450 2662 ταῦτα
518 2606 688 2662 πάντα
761 2606 1024 2685 γενέσθαι,
1087 2603 1230 2669 ὅπως
1262 2604 1613 2683 πληρωθῶσιν
1643 2611 1695 2662 αἱ
1741 2610 1938 2686 Γραιφαῖ

278 2695 336 2748 αἱ
406 2693 570 2751 ταῦτα
643 2696 1187 2776 προαναφωνήσασαι.
1238 2696 1355 2775 Οὐχ
1386 2694 1466 2752 ὅτι
1526 2694 1579 2751 δὲ
1619 2697 1930 2776 προανειρώ-

281 2803 456 2849 νησαν
513 2785 563 2840 αἱ
619 2774 872 2864 Γραιραὶρ
925 2782 1009 2840 διὰ
1038 2791 1192 2840 τοῦτο
1250 2787 1296 2840 οἱ
1329 2774 1574 2842 Ἰουδαῖοι
1614 2774 1786 2860 κακοὶ,
1831 2774 1936 2842 ἆλ-

283 2871 358 2927 λέι
414 2871 552 2929 διότι
614 2873 838 2950 ἔμελλον
892 2873 998 2930 ἀπὸ
1067 2880 1304 2952 πονηρᾶς
1364 2874 1720 2954 προαιρέσεως
1776 2882 1938 2932 ταῦτα

281 2965 506 3028 ποιῆσαι
579 2965 623 3020 οἱ
697 2961 972 3037 Ἰουδαῖοι,
1042 2961 1134 3019 διὰ
1183 2970 1336 3021 τοῦτο
1392 2964 1447 3020 έν
1518 2978 1639 3029 ταῖς
1699 2970 1934 3045 Γραφαϊς

279 3060 451 3110 ταῦτα
472 3052 723 3120 έτέθησαν
752 3055 854 3110 ὑπὸ
883 3060 976 3111 τοῦ
1004 3054 1333 3126 Πνεύματος.

371 3162 395 3196 ε
451 3141 544 3201 Ἐν
626 3142 799 3220 ἐκείνῃ
843 3149 913 3219 τῇ
953 3143 1064 3221 ὥρᾳ
1094 3144 1249 3200 εἶπεν
1276 3145 1304 3198 ὁ
1349 3143 1554 3210 Ἰησοῦς
1582 3159 1699 3210 τοῖς
1721 3145 1931 3226 ὄχλοις⁶

285 3222 382 3292 Ὧς
449 3230 534 3288 hri
587 3230 794 3308 λῃστὴν
867 3231 1108 3302 ἐξήλθετε
1165 3233 1298 3307 μετᾶ
1328 3237 1614 3313 μαχαιρῶδ
1655 3222 1934 3300 καὶνξύλων

283 3318 573 3379 συλλαϐεῖν
643 3341 734 3396 με·
789 3323 905 3380 καθ’
963 3322 1167 3401 ἡμέραν
1237 3324 1368 3399 πρὸς
1426 3325 1562 3398 ὑμᾶς
1612 3323 1938 3400 ἐκαθεζόμην

283 3406 540 3467 διδάσκων
610 3411 666 3468 έν
733 3413 813 3485 τῷ
863 3414 1008 3490 ἱερῷ,
1063 3412 1149 3467 καὶ
1181 3413 1278 3469 οὐκ
1302 3411 1630 3490 ἐκρατήσατέ
1656 3433 1748 3489 με·
1789 3422 1942 3471 τοῦτο

283 3495 343 3553 δὲ
403 3497 528 3555 δλον
586 3499 798 3579 γέγονεν
841 3500 936 3556 ’ἵνα
956 3500 1308 3576 πληρωθῶσιν
1351 3503 1403 3557 αἱ
1443 3505 1641 3583 Γραφαὶ
1669 3510 1776 3560 τῶν
1804 3525 1940 3583 προ-

283 3594 496 3666 φητῶν.
564 3612 588 3645 ε
657 3592 894 3647 Δείκνυσι
950 3589 1049 3657 τὴν
1104 3588 1295 3668 ἄλογον
1339 3591 1511 3648 αύτῶν
1581 3594 1942 3673 ἒπιχείρησιν,

281 3677 375 3732 καὶ
432 3676 520 3760 ὅτι
574 3683 632 3738 οὗ
678 3685 774 3746 τῆς
832 3683 1004 3738 αὐτῶν
1060 3680 1248 3760 ἰσχύος
1305 3680 1492 3757 γέγονε
1542 3685 1604 3738 τὸ
1661 3680 1945 3739 συλλαϐεῖν

284 3765 473 3825 αὐτόν.
509 3758 652 3827 ’Ὅτε
677 3771 778 3848 γὰρ
820 3767 990 3847 ἥμην,
1026 3758 1210 3850 φησὶν,
1243 3768 1298 3825 έν
1326 3777 1404 3843 τῷ
1431 3773 1581 3850 ἱερῷ,
1615 3771 1829 3838 ἦθέλετέ
1877 3794 1944 3847 με

282 3869 538 3936 συσχετν,
595 3860 683 3914 καὶ
744 3855 876 3914 διότι
907 3862 968 3917 οὗ
1038 3859 1371 3938 συνεχώρουν
1409 3861 1563 3938 ὑμῖν,
1597 3861 1693 3918 οὒκ
1741 3859 1940 3931 ἠδυνή-

281 3947 438 4015 θητε,
514 3945 601 4002 νῦν
656 3945 709 4002 δὲ
743 3947 879 4004 ἑκὼν
936 3945 1224 4026 προδίδωμι
1255 3947 1502 4022 ἐμαυτόν·
1552 3947 1677 4007 οἴδα
1719 3952 1819 4028 γαρ
1862 3951 1942 4006 ὃτι

281 4033 537 4092 ἀδύνατόν
598 4036 706 4093 ἐστι
778 4036 1158 4114 διαψευσθῆναι
1228 4037 1320 4102 τας
1365 4041 1594 4119 Γραφάς,
1643 4041 1702 4096 αἳ
1748 4054 1941 4116 προεῖ-

283 4145 390 4181 πον
417 4126 520 4191 τὴν
546 4127 802 4205 ὑμετέραν
831 4127 1043 4185 κακίαν.

375 4327 403 4358 ε
482 4303 610 4362 Τότε
669 4308 715 4362 0!
748 4308 978 4380 μαθηταὶ
1020 4307 1216 4373 πάντες
1245 4305 1462 4386 ἀφέντες
1495 4309 1672 4388 αὐτὸν,
1725 4308 1938 4389 ἔφυγον.

280 4394 348 4451 0i
398 4391 478 4468 δὲ,
553 4396 908 4472 κρατήσαντες
967 4398 1059 4452 τὸν
1135 4396 1370 4466 Ἰησοῦν,

281 4483 540 4561 Καϊάφαν
609 4486 701 4541 τὸν
759 4485 1035 4566 ἀργιερέα,
1100 4485 1234 4542 ὅπου
1291 4488 1338 4542 οἱ
1369 4491 1712 4565 Γραμματεϊς
1762 4489 1850 4544 καὶ
1901 4492 1948 4544 οἱ

283 4571 636 4648 πρεσϐύτεροι
687 4578 1057 4655 συνήχθησαν
1132 4578 1162 4632 ὁ
1247 4573 1300 4631 δὲ
1389 4575 1586 4655 Πέτρος
1672 4576 1947 4643 ἠκολούθει

283 4663 434 4737 αύτῷ
490 4663 594 4720 ἀπὸ
662 4667 923 4744 μακρόθεν
983 4664 1082 4729 ἕως
1141 4665 1241 4733 τῆς
1285 4664 1450 4735 αὐλῆς
1480 4688 1574 4724 του
1631 4667 1943 4746 ἀρχιερέως

283 4755 378 4809 καὶ
437 4753 681 4812 εἰσελθὼν
741 4755 868 4828 ἔσω,
931 4755 1157 4823 ἐκάθητο
1231 4756 1367 4830 μετᾶ
1456 4763 1561 4813 τῶν
1645 4758 1942 4838 ὑπηρετῶν,

285 4840 424 4899 ἰδτῐν
503 4845 564 4900 τὸ
648 4843 827 4910 τέλος.
863 4866 891 4904 ι
957 4848 1016 4902 Ol
1061 4846 1159 4920 μὲν
1204 4843 1356 4902 ἄλλοι
1405 4848 1640 4921 μαθηταὶ
1670 4846 1885 4926 ’έφυγονθ
1918 4851 1946 4904 ὁ

281 4931 343 4988 δί
404 4938 601 5012 Πέτρος
649 4935 962 5015 θερμότερον
1051 4932 1380 4999 διακείμενος
1449 4937 1567 5015 περὶ
1649 4938 1740 4993 τὸν
1796 4935 1944 4994 διδά-

281 5021 514 5104 σκαλον,
570 5023 842 5093 ἠκολούθει
896 5025 1180 5104 μακρόθεν.
1241 5027 1298 5084 Εἰ
1361 5023 1419 5081 δὲ
1472 5028 1559 5082 καὶ
1617 5028 1646 5083 '0
1694 5025 1946 5094 Ἰωάννης

283 5113 590 5190 ἠκολούθει,
653 5113 773 5171 ἄλλ’
840 5118 943 5196 οὐχ
999 5117 1073 5180 ὡς
1118 5116 1387 5193 μαθητὴς.
1418 5114 1539 5173 ἀλλ’
1581 5117 1654 5179 ὡς
1683 5117 1947 5198 γνώριμος

279 5209 380 5259 τοῦ
411 5203 728 5285 ἀρχιερέως.

371 5319 398 5351 ιι
474 5299 534 5354 Οἱ
593 5296 875 5377 ἀρχιερεῖς
949 5299 1037 5353 καὶ
1097 5297 1144 5353 οἱ
1199 5292 1539 5374 πρεσϐύτεροι
1594 5296 1682 5354 καὶ
1728 5299 1789 5354 τὸ
1819 5319 1948 5354 συν-

281 5383 453 5464 έδριον
511 5384 638 5444 ὅλον
690 5386 910 5458 έζήιουν
968 5383 1418 5466 ψευδομαρτυρίαν
1475 5385 1612 5443 κατᾶ
1675 5394 1764 5446 τοῦ
1835 5387 1952 5456 ἰη-

279 5477 397 5556 σοῦ,
454 5475 606 5540 ὅπως
667 5476 825 5534 αὺτὸν
893 5475 1264 5552 θανατώσωσι,
1338 5475 1426 5532 καὶ
1485 5478 1589 5555 οὖχ
1619 5477 1789 5555 εὗρον.
1851 5478 1950 5538 Kal

351 5636 417 5691 ω
440 5636 625 5703 Ion.
657 5650 827 5713 mn,
862 5634 963 5701 10.

2027 1891 2185 1950 enim
2208 1900 2344 1951 tunc
2370 1903 2540 1953 erant
2561 1891 2776 1971 quibus
2800 1892 3056 1952 humana
3085 1893 3298 1952 Veritas
3320 1893 3679 1953 ostendeba-

2028 1989 2142 2052 tur,
2179 1992 2236 2040 ut
2272 1981 2454 2042 sudor
2489 1991 2546 2041 et
2579 1983 2753 2042 timor
2793 2003 2805 2036 :
2856 1991 2913 2041 et
2946 2000 3063 2041 non
3089 1983 3248 2041 visus
3282 1981 3489 2043 fuisset
3518 1983 3678 2042 veri-

2024 2071 2239 2131 similia
2262 2071 2489 2143 dicere,
2525 2071 2573 2131 si
2637 2071 2904 2143 dixisset,
2945 2073 3185 2130 Possum
3220 2071 3350 2150 ipse
3380 2071 3682 2133 adducere

2019 2163 2285 2237 angelos.
2339 2164 2451 2221 Pro
2479 2161 2794 2221 duodecim
2829 2160 3028 2239 igitur,
3085 2161 3298 2240 inquit.
3357 2161 3658 2240 apostolis,

2018 2248 2252 2310 astitissa
2281 2257 2338 2310 nt
2376 2250 2518 2311 mihi
2546 2249 2860 2310 duodecim
2895 2250 3192 2310 exercitus
3215 2251 3586 2328 angelorum,
3613 2252 3664 2312 si

2017 2337 2257 2416 quidem
2286 2337 2807 2414 voluissem.Legio
2833 2338 2990 2398 enim
3016 2349 3103 2398 est
3131 2357 3403 2416 magnum
3419 2358 3658 2416 agmen,

2021 2443 2237 2504 nempe
2268 2444 2368 2487 sex
2406 2427 2588 2487 millia
2621 2428 2912 2508 equitum.
2936 2424 3181 2506 Oportet
3215 2429 3413 2509 igitur,
3446 2429 3661 2508 inquit,

2020 2514 2146 2576 haec
2179 2518 2382 2577 omnia
2416 2517 2568 2590 ﬁeri,
2628 2525 2688 2577 ut
2735 2516 3095 2596 impleantur
3162 2518 3480 2597 Scriptum
3537 2537 3670 2598 quae

2021 2606 2145 2667 haec
2180 2609 2601 2685 praedixerunt.
2637 2606 2763 2668 Non
2793 2607 2950 2686 quod
2977 2607 3110 2668 ideo
3143 2609 3326 2670 Judaei
3361 2608 3668 2689 mali,quia

2022 2695 2771 2776 praedixeruntScripturze
2810 2717 2822 2758 :
2859 2696 3116 2776 sedquia
3145 2698 3330 2759 Judmi
3361 2698 3486 2759 haec
3519 2698 3672 2758 mala

2022 2785 2323 2846 voEuntate
2379 2786 2594 2846 facturi
2655 2794 2846 2860 erant,
2876 2786 3010 2845 ideo
3043 2782 3299 2866 Spiritus
3328 2799 3568 2849 sanctus
3599 2806 3665 2848 ea

2020 2874 2340 2953 Scripturis
2374 2875 2655 2953 prodidit.

2104 3142 2280 3205 Vens.
2308 3143 2409 3216 55,
2441 3145 2541 3206 56.
2581 3168 2607 3198 α
2643 3145 2708 3206 In
2738 3144 2836 3204 illa
2867 3143 3010 3204 hora
3053 3143 3198 3204 dixit
3220 3141 3394 3206 Jesus
3428 3143 3616 3206 turbis
3650 3167 3664 3207 :

2022 3232 2324 3313 Tanquam
2358 3234 2430 3294 ad
2465 3233 2753 3294 latronem
2778 3232 2982 3294 existis
3004 3252 3139 3294 cum
3170 3233 3380 3311 gladiis
3410 3244 3468 3294 et
3493 3233 3667 3295 fusti-

2027 3325 2136 3384 bus
2169 3332 2231 3385 ut
2290 3323 2812 3403 comprehendatis
2848 3341 2987 3384 me:
3046 3322 3313 3403 quotidie
3363 3324 3516 3403 apud
3571 3341 3674 3384 vos

2026 3415 2309 3476 sedebam
2334 3415 2558 3476 docens
2583 3415 2640 3474 in
2668 3415 2978 3496 templo,et
3003 3433 3117 3474 non
3150 3433 3246 3474 me
3269 3414 3668 3492 cepistis.Hoc

2027 3516 2222 3566 autem
2259 3515 2441 3565 totum
2477 3510 2691 3565 tactum
2717 3519 2807 3567 est
2841 3515 2898 3565 ut
2923 3507 3368 3585 complerentur
3397 3506 3669 3585 Scriptu-

2028 3612 2108 3655 ηε
2140 3595 2585 3674 prophetarum.
2617 3623 2636 3648 η
2668 3594 2942 3657 Ostendit
2971 3595 3215 3653 stultum
3239 3593 3478 3654 illorum
3499 3612 3672 3654 cona-

2030 3691 2175 3752 tum,
2206 3694 2266 3744 et
2296 3683 2451 3762 quod
2475 3703 2590 3744 non
2617 3683 2977 3743 fortitudinis
2997 3682 3232 3742 illorum
3270 3682 3669 3762 fuerit,ipsum

2028 3771 2476 3852 comprehendi.
2522 3771 2770 3845 Quando
2795 3773 2955 3832 enim
2989 3772 3201 3851 inquit,
3237 3789 3399 3832 eram
3431 3773 3490 3831 in
3517 3780 3671 3831 tem-

2029 3862 2147 3943 plo,
2185 3862 2467 3923 volebatis
2501 3882 2596 3922 me
2650 3860 3185 3942 comprehendere,
3243 3870 3301 3921 et
3355 3860 3496 3941 quia
3557 3879 3676 3920 non

2027 3952 2426 4013 concedebam
2459 3951 2800 4027 vobis,tunc
2821 3971 2934 4011 non
2955 3954 3266 4030 poteratis;
3306 3970 3462 4011 nunc
3480 3960 3674 4011 autem

2026 4051 2233 4123 sponte
2267 4043 2380 4102 mei
2392 4060 2559 4121 psum
2584 4042 2789 4103 otl'ero:
2819 4059 2951 4102 nam
2977 4040 3099 4101 scio
3121 4041 3490 4114 impossibile
3505 4040 3676 4102 Scri-

2028 4141 2393 4212 pturas,quze
2408 4141 2658 4194 vestram
2681 4132 3081 4213 praedixerunt
3104 4131 3674 4212 malitiam,menda-

2027 4241 2128 4284 CBS
2158 4241 2315 4284 €888.

2108 4311 2268 4374 Vsus
2297 4312 2553 4375 56-584
2591 4311 2758 4373 Tunc
2791 4310 3072 4391 discipuli
3104 4311 3552 4386 omnes,relicto
3583 4329 3677 4391 eo,

1464 4396 1746 4477 ἀπήγαγον
1817 4400 1941 4477 πρὸς

2033 4402 2410 4481 fugerunt.At
2427 4402 2510 4462 illi
2535 4402 3034 4481 comprehensum
3057 4400 3258 4464 Jesum
3290 4401 3588 4464 duxerunt
3606 4401 3680 4462 ad

2032 4491 2313 4571 Caipham
2385 4490 2713 4572 principem
2764 4491 3169 4558 sacerdotum,
3219 4489 3319 4550 ubi
3365 4488 3593 4551 Scribae
3623 4499 3682 4550 et

2030 4583 2296 4642 seniores
2343 4587 2761 4642 convenerant.
2819 4577 3027 4640 Petrus
3078 4587 3273 4639 autem
3322 4579 3682 4658 sequebatur

2031 4689 2164 4731 eum
2186 4669 2413 4751 procul,
2430 4686 2618 4748 usque
2641 4668 2713 4728 ad
2741 4668 2952 4728 atrium
2969 4666 3253 4747 principis
3275 4666 3676 4728 sacerdotum.

2031 4759 2101 4821 Et
2131 4766 2430 4838 ingressus
2457 4757 2888 4835 iutro,sedebat
2913 4775 3047 4817 cum
3072 4755 3380 4829 ministris,
3415 4764 3479 4815 ut
3510 4754 3677 4815 vide-

2029 4856 2122 4911 ret
2152 4849 2356 4910 ﬁnem.
2400 4872 2422 4902 ν»
2459 4845 2573 4908 Alii
2604 4845 2847 4926 quidem
2872 4844 3681 4926 discipulil‘ugorunt:Petrus

2033 4957 2168 5002 vero
2202 4935 2546 5000 ferventiori
2586 4934 2722 4994 I52
2756 4952 2893 5014 erga
2926 4934 3271 5013 Magisuum
3306 4935 3546 5016 atl'ectu,
3577 4952 3679 4995 se-

2031 5029 2325 5110 quebatur
2348 5025 2578 5104 procul.
2604 5023 2880 5097 Quamvis
2899 5033 3094 5086 autem
3119 5032 3176 5085 et
3195 5025 3455 5086 Joannes
3475 5041 3684 5105 seque-

2030 5128 2215 5194 retur,
2251 5135 2371 5178 non
2402 5125 2598 5176 tamen
2631 5123 2690 5175 ut
2722 5112 3074 5194 discipulus,
3103 5115 3208 5174 sed
3245 5123 3310 5174 ut
3338 5122 3513 5176 notus
3534 5132 3683 5194 pon-

2033 5208 2198 5270 tiﬁci.

2109 5296 2286 5362 VEns.
2323 5293 2528 5370 59,60.
2570 5314 2598 5353 ε
2631 5292 2944 5372 Principes
2973 5302 3168 5355 autem
3215 5293 3588 5356 sacerdotum
3622 5303 3681 5356 et

2031 5389 2302 5451 seniores
2335 5395 2394 5446 et
2440 5393 2623 5445 totum
2683 5383 2996 5445 consilium
3057 5382 3404 5465 quarebant
3462 5383 3674 5445 falsum

2031 5474 2438 5539 testimonium
2459 5488 2667 5536 contra
2686 5474 2977 5551 Jesum,ut
3002 5474 3180 5535 morti
3197 5491 3332 5535 eum
3352 5472 3674 5552 traderent,
