4170 6404
481 303 601 368 667

1465 302 2051 368 THEOPHILACTI
2093 303 2504 366 BULGARI/E
2546 302 2902 370 ARCHIEP.

3726 398 3730 402 η
3755 305 3874 372 468

484 441 682 496 autem
717 435 902 498 ethoc
931 433 1118 508 disce,
1155 432 1310 513 quod
1344 431 1549 494 Simon
1580 432 1964 513 interpretari
1997 433 2132 514 quis

2224 437 2388 510 τούτῳ
2453 439 2543 494 τὸν
2613 440 2857 516 σταυρόν,
2917 441 2989 494 Σὺ
3060 437 3113 495 δί
3163 442 3249 496 καὶ
3306 448 3461 498 τοῦτο
3506 442 3758 519 μάνθανε,
3793 442 3872 497 ὃτι

484 530 686 604 potest
712 524 1139 585 obedientiam.
1176 521 1287 593 Qui
1314 520 1490 600 igitur
1509 519 1905 583 obedientiam
1941 523 2140 594 habet,

485 611 591 674 ille
614 630 849 673 crucem
875 611 1088 674 Christi
1119 612 1251 673 fert.
1283 610 1402 672 Sed
1465 619 1522 669 et
1572 608 1821 690 Cyrene,
1868 630 1999 691 quae
2029 630 2146 674 una

484 700 880 780 Pentapoleos
911 707 1022 775 est,
1051 699 1344 776 signiﬁcat
1373 698 1639 780 quinque
1671 717 1886 762 sensus
1919 719 2142 780 cogen-

485 789 592 852 dos
614 789 684 849 ad
715 787 1021 849 ferendam
1053 804 1316 850 crucem.

566 875 750 939 Vens.
778 876 1124 940 33-37.«Et
1151 885 1444 938 venerunt
1481 878 1540 938 in
1572 877 1772 939 locum
1800 877 1899 958 qui
1930 877 2148 940 dicitur

483 964 793 1046 Golgotha,
833 965 989 1046 quod
1015 974 1105 1026 est
1133 964 1417 1027 Calvarize
1440 966 1634 1029 locus.
1666 965 1737 1027 Et
1767 967 2064 1028 dederunt
2091 967 2148 1028 ei

481 1064 713 1117 acetum
739 1053 1079 1116 lihereltSB
1100 1073 1231 1116 cum
1265 1054 1403 1116 felle
1430 1055 1671 1116 mistum
1708 1075 1722 1116 :
1759 1065 1817 1117 et
1839 1075 1970 1118 cum
1997 1075 2145 1134 gus-

486 1151 691 1218 tasset,
720 1144 910 1205 noluit
958 1143 1189 1206 bibere.
1222 1142 1544 1225 Postquam
1594 1155 1791 1206 autem
1827 1145 2143 1207 cruciﬁxe-

483 1242 626 1294 runt
655 1232 1158 1305 eum,diviserunt
1191 1233 1541 1295 vestimenta
1573 1235 1726 1314 ejus,
1757 1243 1978 1296 sortem
2007 1236 2144 1296 mit-

484 1329 773 1394 tentes,ut
802 1322 1154 1402 impleretur
1185 1321 1341 1403 quod
1375 1321 1594 1384 dictum
1631 1329 1723 1386 est
1753 1343 1861 1403 per
1891 1325 2142 1406 prophe-

487 1420 629 1475 tam:
652 1409 1124 1472 Diviseruntsibi
1157 1411 1505 1472 vestimenta
1537 1429 1694 1493 mea,
1729 1421 1788 1473 et
1817 1432 1998 1493 super
2017 1431 2145 1476 ves-

487 1508 606 1562 tem
630 1517 823 1561 meam
852 1499 1146 1560 miserunt
1168 1509 1413 1560 sortem.
1440 1500 1513 1561 Et
1539 1501 1820 1562 sedentes
1858 1502 2144 1564 observa-

487 1588 628 1650 bant
653 1607 786 1650 eum
812 1586 1022 1666 illic,et
1039 1587 1454 1667 imposuerunt
1475 1608 1654 1669 super
1670 1599 1843 1670 caput
1863 1592 1992 1670 ejus
2009 1609 2143 1653 cau—

487 1695 612 1739 sam
629 1677 818 1757 iprius
840 1675 1263 1757 scriptamzﬂic
1289 1685 1375 1738 est
1396 1675 1574 1740 Jesus
1604 1697 1708 1739 rex
1733 1679 2136 1745 Iudaeorum.-

2230 527 2408 600 Σίμων
2494 528 2837 606 ἑρμηνεύεται
2887 530 3118 597 ὑπακοή⁸
3181 532 3209 585 6
3279 529 3366 586 οὖν
3425 529 3568 609 ἔχων
3610 531 3869 609 ὑπακοὴν,

2229 613 2432 678 ἐκεῖνος
2503 616 2643 693 αἴρει
2699 618 2788 673 τὸν
2844 618 3064 695 σταυρὸν
3115 625 3203 674 τοῦ
3277 625 3524 696 Χριστοῦ⁶
3559 617 3694 674 ἀλλὰ
3722 620 3870 688 καὶὴ

2231 705 2445 781 Κυρήνη
2502 709 2600 771 τῆς
2635 704 3019 769 Πενταπόλεως
3076 707 3227 781 οὖσα,
3289 705 3449 772 δηλοῖ
3553 709 3646 769 τὰς
3722 707 3877 763 πέντε

2229 794 2520 874 αῑσθήσεις,
2554 794 2987 872 άναγκαζομένας
3033 794 3205 873 αἴρειν
3235 797 3324 852 τὸν
3355 797 3602 874 σταυρόν.

2315 904 2342 936 ι
2392 883 2488 939 Καὶ
2547 881 2784 947 ἐλθόντες
2844 885 2916 947 εἷς
2971 887 3136 941 τόπον
3189 883 3478 961 λεγόμενον
3521 884 3778 964 Γολγοθὰ,
3813 886 3870 948 ὃς

2228 972 2340 1026 εστι
2424 969 2713 1049 λεγόμενος
2769 974 2996 1052 Κρανίου
3062 974 3246 1048 τόπος,
3294 971 3493 1030 ἔδωκαν
3537 976 3676 1045 αὒτῷ
3725 989 3869 1030 πιεῖν

2229 1056 2344 1123 ὅξος
2405 1062 2540 1134 μετὰ
2610 1060 2787 1141 χολῆς
2838 1062 3189 1142 μεμιγμένον,
3273 1065 3360 1120 καὶ
3402 1065 3746 1142 γευσάμενος,
3779 1064 3875 1121 οὐκ

2228 1146 2382 1214 ἤθελε
2453 1163 2622 1206 πιετν⁹
2683 1152 3078 1230 σταδρώσαντες
3128 1150 3181 1208 δί
3251 1154 3430 1226 αὐτὸν,
3512 1151 3869 1232 διεμερίσαντο

2225 1237 2290 1292 τὰ
2373 1238 2556 1312 ἱμάτια
2626 1241 2804 1320 αῦτοῦ,
2851 1239 3136 1315 βάλλοντες
3206 1239 3425 1320 κλῆρον’
3487 1242 3577 1298 ἵνα
3608 1241 3867 1319 πληρωθῇ
3949 1263 3961 1274 '

2226 1326 2287 1380 τὸ
2355 1325 2509 1403 ῥηθὲν
2566 1317 2800 1385 ὑπδτοῦ
2840 1331 3132 1408 προφήτου⁹
3178 1317 3549 1408 Διεμερίσαντο
3589 1331 3654 1388 τὰ
3685 1317 3871 1406 ἱμάτιά

2228 1436 2326 1488 μου
2382 1416 2616 1494 ἑαυτοῖς,
2675 1419 2762 1473 καὶ
2805 1417 2891 1474 ἐπὶ
2919 1419 3009 1474 τὸν
3057 1418 3340 1491 ἱματισμόν
3370 1441 3470 1492 μου
3502 1417 3688 1476 ἔϐαλον
3719 1418 3866 1486 κλῆ-

2229 1523 2340 1581 ρον,
2399 1505 2498 1560 Καὶ
2555 1506 2847 1580 καθήμενοι
2905 1506 3120 1582 ὶτήρουν
3155 1509 3308 1563 αὐτὸν
3352 1506 3487 1580 ἰκεϊ,
3520 1510 3608 1564 καὶ
3667 1507 3868 1574 ἐπέθη-

2228 1611 2326 1646 καν
2354 1591 2534 1647 ἒπάνω
2600 1597 2700 1660 τῆς
2785 1594 3022 1673 κεφαλῆς
3094 1594 3248 1653 αὐτοῦ
3277 1596 3376 1662 τὴν
3407 1597 3572 1652 αἰτίαν
3601 1598 3758 1655 αὐτοῦ
3786 1617 3874 1674 γε-

2231 1677 2568 1756 γραμμένην’
2633 1680 2795 1744 Οὗτός
2831 1681 2974 1740 ἐστιν
3005 1683 3209 1749 Ἰησοῦς
3241 1682 3268 1738 ὅ
3311 1682 3564 1759 βασιλεὺς
3593 1691 3698 1740 τῶν
3733 1684 3873 1741 ἰουο

485 1767 681 1829 Cranii
720 1769 885 1829 locus
905 1767 1098 1829 dictus
1128 1774 1319 1836 est,eo
1342 1769 1497 1848 quod
1525 1769 1730 1831 dicunt
1752 1770 1854 1850 qui
1874 1770 2140 1833 traditio-

2232 1764 2413 1828 δαίων,
2449 1790 2477 1822 ι
2515 1771 2734 1845 Κρανίου
2776 1770 2937 1834 τόπος
2969 1770 3206 1851 ὶλέγετο,
3247 1770 3377 1828 διότι
3409 1775 3560 1850 φασὶν
3592 1774 3638 1827 οἱ
3671 1771 3730 1826 ἐκ
3760 1794 3872 1827 πα·-

493 1875 601 1918 nes
631 1860 868 1918 Patrum
903 1865 1127 1937 tenent,
1171 1857 1330 1938 quod
1386 1858 1434 1919 A
1457 1857 1592 1918 dam
1642 1859 1762 1921 illic
1783 1861 2051 1935 sepultus
2071 1861 2140 1921 sil

2232 1853 2494 1932 ραδόσεως
2546 1859 2790 1937 Πατέρων
2843 1858 3262 1937 παραλαϐόντες,
3328 1860 3407 1916 ὅτι
3478 1864 3504 1916 6
3555 1858 3724 1934 Ἀδὰμ
3756 1859 3871 1916 ἐκεῖ

479 1945 647 2009 Sicut
667 1946 824 2006 enim
851 1945 912 2008 in
932 1946 1122 2009 Adam
1147 1965 1356 2008 omnes
1390 1946 1790 2018 morimur,ila
1811 1957 1866 2009 et
1889 1949 1948 2009 in
1972 1949 2144 2013 Chri-

480 2044 570 2097 sto
596 2052 806 2097 omnes
837 2055 945 2097 nos
957 2035 1239 2098 viviﬁcari
1262 2035 2018 2115 oportebat87.Neturberis
2037 2056 2137 2099 au-

485 2133 603 2187 tem
634 2123 790 2203 quod
827 2125 1204 2201 evangelista;
1239 2124 1457 2198 dicant,
1489 2125 1599 2187 iste
1622 2126 1861 2205 quidem
1902 2135 2134 2187 acetum

485 2231 618 2275 cum
653 2212 793 2274 felle
832 2213 1068 2274 allatum
1103 2231 1234 2274 esse
1265 2212 1542 2293 Domino,
1577 2223 1634 2276 et
1679 2216 1909 2280 Marcus
1939 2215 2135 2276 vinum

488 2301 1210 2382 myrrhatum68,.loannes
1241 2319 1384 2362 vero
1406 2302 1822 2373 acetum,etfel
1853 2322 1985 2365 cum
2009 2304 2142 2383 hys-

2227 1945 2500 2002 τὲθαπται·
2559 1949 2741 2027 ὥσπερ
2810 1950 2908 2026 γὰρ
2976 1950 3167 2012 πάντες
3199 1950 3252 2005 ἐν
3284 1957 3358 2022 τῷ
3405 1948 3576 2025 Ἀδὰμ
3618 1949 3878 2006 ἀπεθάνο-

2223 2056 2344 2107 μεν,
2420 2035 2584 2100 οὕτως
2645 2037 2698 2092 ἐν
2766 2045 2841 2111 τῷ
2894 2039 3102 2116 Χριστῷ
3148 2039 3537 2109 ζωοποιηθῆναι
3567 2040 3710 2113 ἡμᾶς
3743 2037 3866 2096 ἔδει.

2222 2123 2317 2188 Μὴ
2393 2129 2663 2203 ταραχθῇς
2724 2124 2778 2182 δὲ
2836 2124 3036 2183 ἀκούων
3083 2133 3190 2183 τῶν
3220 2126 3629 2204 εύαγγελιστῶν,
3687 2127 3872 2183 τούτου

2222 2213 2318 2287 μὲν
2389 2211 2636 2290 λέγοντος
2709 2214 2824 2280 ὄξος
2882 2217 3013 2290 μετὰ
3072 2215 3246 2294 χολῆς
3317 2217 3737 2294 προεενεχθῆναι
3791 2222 3871 2288 τῷ

2227 2305 2418 2382 Κυρίῳ,
2490 2311 2582 2360 τοῦ
2637 2301 2690 2359 δὲ
2763 2305 2998 2384 Μάρκου,
3072 2304 3478 2384 ἐσμυρνισμένον
3548 2305 3721 2379 οἶνον,
3783 2314 3873 2364 τοῦ

483 2389 904 2471 sop069.Multa
920 2390 1076 2451 enim
1096 2408 1132 2451 a
1154 2389 1354 2451 multis
1374 2390 1692 2464 fiebant,ut
1709 2392 1767 2452 in
1783 2392 2140 2471 incomposi-

2225 2388 2279 2446 δί
2338 2389 2602 2464 Ἰωάννου,
2669 2391 2784 2457 ὅξος
2856 2395 2941 2449 καὶ
3006 2392 3182 2472 χολὴν
3231 2394 3365 2468 μετὰ
3393 2395 3656 2452 ὑσσώπου·
3697 2392 3869 2450 πολλὰ

488 2487 544 2540 ta
564 2479 944 2541 multitudine
958 2479 1116 2539 aliud
1138 2479 1253 2540 alio
1275 2478 1895 2542 faciente.Verisimile
1917 2490 2006 2542 est
2029 2480 2135 2560 igi-

2224 2480 2318 2556 γὰρ
2389 2480 2626 2556 ἐγίνοντο
2685 2483 2826 2558 παρὰ
2884 2480 3119 2560 πολλῶν,
3173 2482 3268 2537 οϊα
3332 2482 3558 2540 ἀτάκτου
3639 2480 3870 2551 πλήθους

485 2568 790 2643 tur,alium
818 2568 1058 2648 quidem
1084 2568 1281 2628 vinum
1309 2569 1834 2647 protulissezalium
1849 2586 1988 2631 vero
2005 2588 2138 2632 ace-

2224 2568 2395 2641 ὂ’ντος,
2456 2570 2543 2624 καὶ
2601 2568 2762 2625 ἂλλου
2807 2569 2936 2626 ἄλλο
2994 2577 3289 2633 ποιοῦντος,
3325 2572 3474 2633 Εἰκὸς
3505 2573 3594 2626 οῦν
3625 2571 3714 2626 τὸν
3745 2571 3869 2649 μὲν,

489 2666 610 2717 tum
663 2675 798 2718 cum
831 2655 1168 2719 felle.Multi
1213 2663 1410 2718 autem
1454 2658 1662 2718 mortis
1687 2658 1848 2719 modi
1874 2659 2133 2734 fuerunt,

2224 2670 2367 2714 οἶνον
2421 2658 2758 2737 προσφέρεινο
2816 2661 2908 2715 τὸν
2939 2657 2993 2714 δὲ
3023 2658 3138 2724 ὅξος
3173 2660 3306 2732 μετὰ
3357 2659 3556 2738 χολῆς.
3594 2658 3786 2716 Πολλοὶ
3817 2657 3870 2714 δὲ

479 2753 739 2808 attamen
760 2746 820 2807 in
843 2765 1021 2808 cruce
1044 2747 1293 2807 moritur
1316 2746 1988 2826 Cbristus,utetlignum
2008 2765 2140 2809 san-

2224 2747 2446 2802 θανάτου
2507 2747 2641 2813 ἦσαν
2699 2748 2912 2826 τρόποι,
2945 2747 3066 2803 ἀλλ’
3097 2746 3239 2821 ὅμως
3295 2753 3500 2826 σταυρῷ
3556 2751 3864 2806 θανατοῦται

482 2834 836 2916 ctiﬁcet,per
857 2835 1016 2915 quod
1044 2833 1346 2897 maledicti
1374 2834 1614 2918 fuimus,
1641 2844 1699 2898 et
1729 2837 1928 2899 omnia
1951 2836 2138 2898 bene-

2225 2837 2253 2891 6
2297 2836 2544 2914 Χριστὸς,
2591 2836 2682 2892 ’ἕνα
2714 2839 2800 2892 καὶ
2835 2853 2894 2892 το
2939 2835 3089 2901 ξύλον
3119 2835 3336 2914 ἁγιάσῃ,
3368 2835 3435 2892 δι’
3479 2837 3538 2893 οὗ
3566 2838 3869 2916 κατηράθη-

481 2923 679 2986 dicat:
710 2933 768 2986 et
791 2924 1220 3005 ccelestia,quae
1252 2941 1360 3004 per
1379 2942 1717 3004 supremam
1747 2935 1970 3006 partem
2005 2943 2138 2987 cru-

2225 2945 2344 2998 μεν,
2435 2926 2519 2983 καί
2607 2927 2670 2984 τὰ
2730 2927 3008 3000 σύμπαντά
3066 2925 3351 3003 εὖλογήσῃο
3424 2928 3491 2982 τὰ
3543 2948 3597 2982 τε
3630 2927 3865 3006 οὒράνια,

483 3013 660 3086 cis,et
693 3021 1096 3094 terrena,quae
1115 3030 1222 3094 per
1239 3013 1712 3093 suppedaneum,
1753 3023 1810 3076 et
1840 3015 1990 3076 ﬁnes
2015 3026 2140 3076 ter-

2228 3013 2263 3068 ἅ
2326 3010 2577 3080 δηλιῦται
2645 3013 2728 3070 διὰ
2794 3023 2888 3071 τοῦ
2944 3016 3209 3072 ἆνωτάτου
3273 3016 3462 3094 μέρους
3493 3026 3585 3074 τοῦ
3623 3023 3869 3095 σταυροῦ,

483 3102 907 3178 raa,0rientem
926 3101 1524 3182 etOccidentem,qui
1558 3111 1919 3165 transversas
1950 3112 2140 3184 partes

2237 3104 2325 3158 καὶ
2380 3103 2446 3157 τὰ
2501 3104 2816 3183 ὑποχθόνια,
2877 3102 2909 3159 ἅ
2937 3103 3183 3172 δηλοῦται
3214 3102 3297 3160 διὰ
3326 3111 3416 3161 τοῦ
3447 3102 3752 3178 ὑποποδίου,
3787 3107 3874 3160 καὶ

490 3192 686 3254 crucis
717 3189 1176 3271 signantur.Sed
1208 3191 1555 3255 etextendit
1577 3203 1880 3267 manus,ut
1901 3192 1961 3253 in
1980 3191 2140 3252 ulna!

2234 3191 2300 3247 τὰ
2329 3191 2530 3269 πέρατα
2557 3195 2655 3260 τῆς
2687 3196 2810 3269 γῆς,
2843 3194 2903 3248 τό
2933 3213 2989 3248 τε
3040 3191 3379 3250 Ἀνατολικὸν
3419 3195 3506 3250 καὶ
3535 3195 3596 3249 τὸ
3630 3195 3870 3268 Δυτικὸν,

489 3280 777 3361 suscipiat
801 3289 860 3342 et
887 3289 1206 3359 congreget
1223 3280 1376 3342 ﬁlios
1402 3282 1505 3343 Dei
1529 3280 2140 3361 dispersos.Dividunl

2232 3282 2269 3334 ά
2347 3278 2600 3346 δηλοῦται
2659 3279 2741 3337 διὰ
2795 3288 2900 3337 τῶν
2931 3281 2991 3336 ἐκ
3021 3280 3245 3358 πλαγίου
3294 3289 3468 3358 μερῶν
3489 3291 3579 3340 τοῦ
3623 3289 3867 3361 σταυροῦ·

482 3377 681 3432 autem
715 3369 1069 3432 vestimenta
1101 3370 1234 3449 ejus
1261 3370 1505 3444 milites,
1538 3378 1603 3431 ut
1629 3370 1965 3450 frugalis,et
1997 3370 2140 3433 nihil

2230 3367 2366 3428 ἀλλὰ
2426 3370 2512 3425 γαὶ
2573 3369 2665 3424 ’ίνα
2721 3371 2953 3434 ὶκτείνας
3021 3372 3114 3435 τὰς
3200 3384 3393 3451 χεῖρας
3461 3367 3872 3448 έναγκαλίσηται

482 3458 647 3520 aliud
685 3458 980 3521 habentis.
1023 3457 1293 3521 Titulum
1338 3467 1534 3520 autem
1587 3478 1764 3540 quem
1821 3460 1966 3522 dixit
1998 3459 2140 3522 alius

2229 3458 2316 3513 καὶ
2371 3457 2576 3531 συνάξῳ
2631 3459 2695 3515 τὰ
2766 3460 2924 3515 τέκνα
2983 3461 3075 3516 τοῦ
3118 3460 3249 3518 Θεοῦ
3276 3462 3342 3518 τὰ
3401 3459 3870 3538 διεσκορπισμένα.

484 3547 872 3629 evangelista,
898 3549 1210 3611 Matthzeus
1240 3548 1386 3609 dicit
1412 3566 1679 3611 causam.
1717 3549 2140 3629 Ascripserunt

2231 3547 2627 3625 Διαμερίζονται
2676 3549 2762 3604 καὶ
2805 3549 2870 3603 τὰ
2937 3549 3120 3623 ίμάτια
3200 3549 3357 3608 αὖτοῦ
3408 3552 3456 3608 οἱ
3523 3550 3867 3628 στρατιῶται,

484 3637 646 3699 enim
676 3638 846 3716 cujus
875 3637 1064 3716 gratia
1105 3635 1420 3697 cruciﬁxus
1466 3646 1647 3716 esset,
1681 3656 1899 3718 nempe
1949 3645 2010 3698 ut
2041 3656 2140 3700 rex

2225 3636 2297 3696 ὡς
2354 3633 2616 3713 εὐτελοῦς,
2668 3637 2755 3691 καὶ
2808 3635 2974 3710 μηδεν
3031 3635 3161 3695 ἄλλο
3221 3637 3464 3716 ἔχοντος.
3503 3637 3602 3696 ’⁷ον
3633 3635 3688 3692 δὲ
3711 3637 3866 3694 εἶπεν

482 3723 848 3800 Iudaeorum,
884 3733 941 3787 et
970 3742 1172 3786 rerum
1206 3722 1578 3785 novator.Illi
1612 3724 1794 3803 igitur
1825 3744 2026 3803 regem
2049 3744 2140 3788 as-

2224 3720 2381 3784 ίέλλος
2439 3721 2818 3800 εύαγγελιστὴς
2891 3724 3088 3800 τίτλον,
3120 3735 3304 3784 τοῦτον
3335 3729 3361 3782 6
3395 3727 3662 3789 Ματθατός
3707 3747 3870 3804 φησιν

486 3813 822 3894 cripserunt
854 3831 957 3893 pro
988 3811 1387 3875 accusatione.
1417 3810 1839 3875 Verumtamen
1874 3814 2130 3875 testimo-

486 3903 651 3964 nium
683 3901 830 3964 illud
863 3901 1040 3963 ﬁdele
1077 3901 1252 3964 etiam
1276 3900 1348 3961 ab
1371 3901 1625 3963 inimicis
1655 3902 1975 3966 adductum
2013 3904 2136 3966 Rex

487 3990 729 4072 quidem
765 3999 855 4052 est
887 3990 1201 4065 Dominus,
1234 3988 1332 4069 qui
1363 3989 1434 4050 ad
1469 3990 1581 4051 hoc
1610 3991 1789 4066 venit,
1833 4003 1897 4052 ut
1951 3993 2138 4054 salvet

487 4079 743 4142 Judaaos.
777 4078 923 4151 Quia
972 4087 1168 4140 autem
1195 4078 1464 4140 carnales
1493 4078 1677 4141 Judaei
1713 4080 2030 4142 noluerunt
2058 4081 2136 4142 il-

489 4169 611 4230 lum
644 4186 823 4248 super
852 4186 915 4230 se
945 4184 1216 4247 regnare,
1262 4186 1365 4229 rex
1399 4169 1460 4229 lit
1493 4168 1847 4247 spiritalium
1896 4169 2136 4233 Judaeo-

489 4275 647 4332 rum,
671 4257 784 4318 hoc
812 4267 904 4318 est
933 4256 1371 4319 conﬁtentium.
1392 4255 1632 4319 Judaeus
1671 4258 1830 4319 enim
1853 4261 2136 4338 conﬁlens

490 4344 730 4408 dicitur.

2222 3813 2412 3868 αἰτίανο
2473 3812 2778 3890 ἐπέγραψαν
2838 3815 2937 3892 γὰρ
2992 3816 3128 3877 τίνος
3179 3814 3353 3870 ἕνεκεν
3403 3814 3729 3893 ισταυρώθη,
3787 3813 3869 3872 ὅτι

2220 3903 2292 3963 ὡς
2352 3899 2606 3977 βασιλεὺς
2676 3907 2782 3957 τῶν
2848 3901 3133 3976 Ἰουδαίων,
3211 3905 3297 3959 καὶ
3363 3906 3436 3967 ὡς
3496 3905 3869 3979 νεωτεριστής.

2221 3988 2446 4046 Ἐκεινοι
2506 3991 2603 4064 μὲν
2664 3990 2750 4046 οὖν
2810 3993 2896 4064 τὸ,
2964 3991 3239 4065 Βασιλεὺς,
3293 3991 3595 4070 ἐπέγραψαν
3641 3992 3725 4047 ἐπὶ
3755 3989 3869 4047 δια-

2220 4075 2376 4154 ϐολῇ.
2441 4077 2588 4143 Πλὴν
2659 4080 2692 4144 ἡ
2744 4082 3001 4158 μαρτυρία
3078 4081 3209 4145 αὕτη
3241 4082 3428 4147 πιστὴ.
3479 4082 3551 4145 ὡς
3582 4081 3722 4160 παρὰ
3764 4086 3872 4139 τῶν

2219 4168 2424 4246 ἐχθρῶν
2507 4169 2840 4246 εἰσαχθετσα,
2923 4168 3175 4232 Βασιλεὺς
3230 4170 3329 4248 γὰρ
3385 4174 3525 4227 ἔστιν
3584 4172 3610 4226 6
3690 4170 3874 4248 Κύριος

2220 4254 2304 4312 ἐπ’
2377 4257 2502 4314 αὐτὸ
2546 4263 2698 4312 τοῦτο
2729 4254 2918 4330 ἐλθὼν,
2945 4257 3035 4314 ἵνα
3067 4258 3212 4334 σώσῃ
3256 4260 3374 4321 τοὺς
3407 4257 3706 4326 Ἰουδαίους·
3756 4262 3874 4318 επεὶ

2219 4344 2272 4400 δὶ
2328 4347 2373 4400 οἱ
2426 4345 2665 4423 σαρκικοὶ
2723 4341 2968 4404 Ἰουδαῖοι
3024 4351 3118 4406 οῦκ
3211 4347 3478 4415 ἠθέλησαν
3559 4351 3872 4426 βασιλεῦσαι

489 4435 648 4491 αὐτὸν
704 4433 796 4490 ἱπ⁹
852 4435 1061 4515 αὐτοὺς,
1115 4434 1356 4510 βασιλεὺς
1414 4436 1612 4513 γίνεται
1686 4444 1788 4494 τῶν
1835 4437 2205 4511 πνευματικῶν
2264 4430 2550 4508 Ἰουδαίων,
2576 4432 2836 4510 τουτέστι,
2895 4437 2999 4492 τῶν
3031 4435 3549 4517 ἐξομολογουμένων
3614 4437 3874 4501 Ἰουδαῖος

488 4525 587 4603 γὰρ
617 4522 1099 4601 ἐξομολογούμενος
1130 4524 1362 4603 λέγεται.

575 4613 749 4674 Vnus.
789 4610 1012 4676 38-44.
1052 4635 1074 4668 ‹
1111 4611 1278 4674 Tunc
1309 4613 1738 4692 cruciﬁguntur
1756 4634 1889 4676 cum
1922 4633 1992 4677 eo
2025 4614 2140 4675 duo

2316 4632 2339 4666 (ι
2393 4611 2522 4667 Τότε
2583 4618 2919 4688 σταυροῦνται
2974 4614 3064 4670 σὺν
3114 4619 3255 4690 αὖτῷ
3301 4614 3389 4672 δύο
3432 4615 3645 4692 λῃσταὶ,
3683 4618 3768 4681 εἷς
3813 4615 3875 4672 ἐκ

489 4702 776 4775 latrones,
809 4718 965 4762 unus
1007 4719 1042 4762 a
1062 4700 1309 4780 dextris,
1341 4709 1399 4762 et
1428 4701 1579 4763 alter
1609 4720 1642 4762 a
1667 4703 1950 4765 sinistris.
1979 4705 2142 4765 Prae-

492 4799 798 4853 tereuntes
829 4797 1025 4851 autem
1053 4789 1322 4852 convicia
1369 4784 1676 4870 jaciebant
1722 4793 1783 4852 in
1816 4810 1970 4863 eum,
2010 4809 2144 4850 mo-

489 4887 694 4941 ventes
725 4879 919 4959 capita
947 4897 1053 4940 sua
1082 4887 1141 4939 et
1169 4878 1438 4940 dicentes
1471 4899 1485 4936 :
1523 4878 1612 4940 Tu
1643 4881 1748 4958 qui
1791 4878 2146 4940 destruebas

489 4967 806 5046 templum,
837 4975 896 5028 et
941 4967 1002 5028 in
1038 4965 1231 5029 triduo
1262 4966 1629 5043 aedificabas,
1666 4986 1834 5034 serva
1864 4968 2143 5048 temetip—

489 5074 650 5131 sum;
673 5057 720 5117 si
745 5054 930 5117 Filius
960 5056 1067 5118 Dei
1102 5075 1187 5130 es,
1235 5055 1536 5119 descende
1567 5056 1643 5116 de
1679 5073 1880 5118 cruce.
1915 5056 2144 5119 Simili-

490 5152 582 5206 ter
615 5153 674 5206 et
703 5144 1007 5224 principes
1037 5145 1410 5208 sacerdotum
1439 5143 1759 5207 illudentes
1787 5164 1922 5207 cum
1973 5146 2136 5209 Scri-

489 5233 582 5295 bis
635 5241 694 5293 et
745 5232 1083 5296 senioribus
1139 5242 1198 5296 et
1243 5233 1563 5296 Pharisaeis
1613 5232 1943 5297 dicebant:
1978 5235 2138 5296 Alios

489 5321 764 5394 servavit,
790 5322 1181 5402 semetipsum
1237 5340 1357 5384 non
1415 5328 1610 5402 potest
1641 5321 1913 5382 servare?
1942 5321 2006 5384 Si
2031 5339 2138 5384 rex

490 5409 670 5475 Israel
698 5418 810 5489 est,
843 5410 1168 5475 descendat
1195 5428 1353 5473 nunc
1384 5411 1458 5474 de
1490 5427 1695 5488 cruce,
1730 5416 1787 5471 et
1818 5410 2138 5473 credemus

563 5568 626 5619 ⁸⁷
654 5569 949 5648 ΙΟοιην,
982 5569 1082 5632 ξε.
1165 5569 1230 5622 08
1262 5573 1447 5636 Marc.
1484 5587 1584 5635 xv.
1672 5569 1739 5622 ϐο
1767 5566 1936 5632 Joan.
1973 5585 2098 5631 xix.

2228 4698 2430 4770 δεξιῶν,
2476 4700 2562 4756 καὶ
2609 4703 2691 4762 εἷς
2749 4698 2800 4765 ἑξ
2858 4703 3163 4777 εὐωνύμωνο
3228 4707 3274 4761 οἱ
3317 4697 3379 4761 δὲ
3435 4707 3868 4784 παραπορευόμε-

2229 4813 2307 4846 νοι
2378 4786 2751 4866 ἐϐλασφήμουν
2795 4791 2971 4865 αὺτὸν,
3023 4801 3284 4856 κινοῦντες
3356 4795 3450 4856 τὰς
3480 4793 3713 4873 κεφαλὰς
3772 4794 3872 4850 αὖ.

2227 4878 2358 4952 τῶν,
2416 4878 2506 4933 καὶ
2572 4876 2840 4955 λέγοντες·
2884 4870 2940 4937 Ὀ
2971 4880 3248 4937 καταλὺων
3289 4884 3379 4941 τὸν
3418 4885 3541 4940 ναὸν
3558 4870 3653 4940 *καὶ
3684 4882 3737 4939 ἒν
3763 4905 3874 4962 τρι-

2229 4969 2308 5022 σὶν
2362 4965 2585 5043 ἡμέραις
2652 4965 2964 5047 οἰκοδομῶν,
2998 4975 3171 5027 σῶσον
3240 4972 3477 5029 σεαυτόν·
3541 4974 3584 5029 εἰ
3646 4975 3760 5037 Υἱὸς
3817 4975 3874 5030 εἴ

2224 5057 2318 5112 τοῦ
2389 5053 2541 5126 Θεοῦ,
2597 5052 2852 5121 κατάϐηθι
2890 5056 2992 5113 ἀπὸ
3018 5068 3113 5117 τοῦ
3142 5067 3385 5137 σταυροῦ.
3421 5052 3646 5136 Ὀμοίως
3691 5060 3747 5118 δὲ
3778 5063 3872 5117 καὶ

2222 5146 2269 5202 οἱ
2339 5142 2612 5251 ἀρχιερεῖς
2664 5141 3007 5251 ἐμπαίζοντες
3257 5151 3361 5205 τῶν
3390 5149 3745 5251 γραμματέων
3775 5158 3871 5213 καὶ

2219 5229 2583 5310 πρεσϐυτέρων
2641 5234 2728 5288 καὶ
2782 5237 3084 5311 Φαρισαίων
3139 5235 3349 5314 ἕλεγονο
3401 5229 3639 5302 ’Ἄλλως
3670 5237 3873 5293 ἴσωσεν

2220 5321 2406 5378 ἑαυτὸν
2464 5321 2523 5377 οῦ
2579 5316 2788 5376 δύναται
2848 5327 3038 5379 σῶσαι’
3078 5326 3135 5383 Εἰ
3187 5325 3433 5400 βασιλεὺς
3483 5323 3694 5404 Ἰσραήλ
3735 5321 3868 5397 ιστι,

2219 5405 2502 5466 καταϐάτω
2546 5413 2635 5464 νῦν
2695 5407 2802 5465 ἀπὸ
2857 5412 2951 5467 τοῦ
3005 5417 3247 5490 σταυροῦ,
3341 5416 3426 5468 καὶ
3510 5413 3872 5485 πιστεύσομεν
