4170 6396
323 331 455 397 469
914 332 1362 400 ENARRATIO
1406 337 1489 399 IN
1533 334 1964 400 EVANGELII

2088 330 2484 397 MATTHAEI.
2533 368 2609 379 --
2651 332 2815 400 CAP.
2861 329 3115 401 XXVII.
3471 332 3473 334 ’
3591 334 3715 400 ετο

321 469 633 543 ἆπ⁹λαῦτῷ.
692 472 942 529 Πέποιθεν
1010 473 1095 528 ἐπὶ
1145 474 1234 529 τὸν
1294 474 1444 544 Θεὸν,
1478 473 1714 550 ῥυσάσθω
1759 481 1845 529 νῦν
1876 472 1964 526 αὖ·

2063 465 2403 527 ei.Conﬁdit
2432 466 2491 527 in
2526 466 2669 533 Deo.
2701 466 2917 530 liberet
2946 486 3080 529 eum
3112 486 3295 546 nunc,
3318 468 3368 533 si
3395 468 3520 532 vult
3546 486 3709 535 eum:

318 562 438 631 τὸν,
526 562 571 615 εἰ
600 559 737 617 θέλει
774 562 950 619 αὐτὸν·
985 562 1111 618 εἶπε
1142 564 1241 639 γὰρ
1271 562 1375 634 ὅτι,
1412 568 1540 617 Θεοῦ
1572 564 1678 635 εἰμι
1733 562 1872 625 Υἱός.
1909 564 1964 619 TE

2063 557 2209 618 dixit
2240 557 2422 630 enim,
2453 559 2638 621 Filius
2685 559 2790 622 Dei
2822 578 2976 623 sum.
3005 560 3268 641 Idipsum
3299 570 3501 625 autem
3534 571 3591 625 et
3620 564 3714 626 la-

328 646 367 665 ...
472 653 485 671 .
1625 650 1633 664 ρ
1852 653 1865 672 ,
1917 658 1941 667 -

322 662 350 704 6
430 650 559 706 αυτὸ
612 650 700 704 καὶ
759 651 803 705 ol
898 648 1088 725 λῃσταὶ
1187 654 1232 705 οἱ
1310 653 1754 728 συσταδρωθεντες
1810 673 1964 727 αυτῳ,

2063 654 2264 706 trones
2312 646 2415 725 qui
2459 646 2725 708 cruciﬁxi
2774 656 3107 709 erantcum
3152 668 3221 710 eo
3274 649 3714 731 exprobrabant

321 735 590 808 ὠνείδιζον
664 740 826 812 αὐτῷ.
894 762 913 794 ι
986 740 1117 817 Πρὸς
1186 736 1437 805 διαϐολὴν
1484 741 1575 795 του
1620 745 1844 815 Χριστοῦ
1889 761 1948 795 συ

2059 737 2135 798 ei.
2171 758 2193 792 υ
2231 733 2296 795 In
2322 737 2740 797 contumeliam
2776 736 2993 800 Christi
3023 738 3449 801 cruciﬁxerunt
3479 758 3613 801 cum
3637 758 3708 803 eo

322 836 634 901 σταυροῦσιν
713 826 855 898 αὗτῴ
928 824 1014 882 δύο
1070 825 1292 903 λῃστὰς,
1324 825 1415 882 ἵνα
1444 828 1531 882 καὶ
1561 826 1715 889 αὒτὸς
1742 834 1964 889 τοιοῦτος

2058 822 2208 885 duos
2268 822 2551 897 latrones,
2604 834 2667 886 ut
2714 827 2842 906 ipse
2888 825 3128 907 iniquus
3170 828 3539 890 existimetur
3568 846 3708 891 cum

324 918 553 989 ν’)μισθῇ
610 916 915 991 παράνομος
974 917 1044 976 ὡς
1091 915 1313 977 ἐκεῖνοι.
1367 916 1536 981 Τόπος
1580 914 1633 969 δὲ
1665 916 1800 983 ἦσαν
1832 919 1972 973 οὗτοι

323 1010 430 1061 τοῖιν
492 1002 582 1060 δύο
614 1004 777 1077 λαῶν,
810 1012 902 1062 τοῦ
944 1027 1001 1060 τε
1032 1002 1322 1062 Ἰουδαϊκοῦ
1354 1006 1439 1061 καὶ
1468 1004 1559 1061 τοῦ
1603 1004 1825 1061 ἐθνικοῦ·
1860 1005 1972 1079 ἆμ-

321 1093 533 1172 φότεροι
590 1094 695 1171 γὰρ
758 1094 1076 1169 παράνομοι,
1141 1095 1229 1148 καὶ
1285 1092 1618 1164 ὀνειδίζοντες
1676 1095 1766 1148 τὸν
1840 1101 1970 1171 Χρι-

318 1183 468 1238 στόν·
546 1182 723 1261 ὥσπερ
784 1184 870 1239 καὶ
916 1182 1054 1238 οὗτοι
1105 1183 1355 1261 πρότερον
1400 1184 1444 1237 οἳ
1492 1180 1685 1258 λῃσταὶ
1713 1180 1969 1254 ὠνείδιζον

320 1273 646 1350 ἀμφότεροι·
720 1270 939 1342 ὕστερον
993 1269 1045 1326 δὲ
1077 1274 1105 1329 6
1135 1273 1220 1334 εἷς
1280 1272 1525 1348 ἐπιγνοὺς
1583 1271 1760 1344 αιότιῖν,
1818 1273 1968 1346 ὡμο-

316 1359 523 1437 λόγησε
580 1357 824 1438 βασιλέα·
874 1358 953 1415 διὰ
984 1361 1068 1416 καὶ
1100 1358 1269 1438 ἔλεγε·
1322 1362 1594 1429 Μνήσθητί
1623 1382 1746 1433 μου,
1792 1361 1968 1441 Κὺριε,

317 1449 371 1505 ἰν
428 1455 499 1525 τῇ
548 1447 790 1524 βασιλεία
850 1468 964 1508 σου·
1054 1450 1220 1513 οὕτως
1278 1450 1365 1505 οὖν
1394 1455 1482 1506 καί
1543 1452 1571 1505 6
1600 1448 1797 1511 ὶθνικὸς
1842 1450 1970 1516 λαὸς

312 1537 643 1615 ὡμολόγησε
714 1540 807 1594 τὸν
840 1539 1085 1617 Χριστὸν.
1125 1530 1181 1596 Ὀ
1215 1536 1269 1594 δὲ
1300 1537 1473 1615 ἕτερος
1496 1537 1725 1617 λῃστὴς,
1772 1541 1799 1594 ὁ
1830 1538 1969 1596 ’1ου-

311 1625 505 1689 ὂαϊκὸς
537 1626 689 1700 λαὸς,
740 1624 1096 1707 ἐϐλασφήμει·
1152 1630 1179 1683 6
1224 1624 1462 1689 διάϐολος
1497 1625 1551 1682 δὲ
1581 1625 1808 1683 ὑπέϐαλε
1850 1630 1970 1686 τοὺς

2056 911 2195 973 illis.
2226 912 2361 974 159
2391 912 2602 990 Figura
2650 922 2846 974 autem
2880 924 3049 976 erant
3073 915 3131 976 hi
3163 916 3415 978 duorum
3449 917 3707 997 populo-

2054 1018 2211 1081 rum,
2242 1000 2479 1063 Judaici
2512 1010 2571 1062 et
2598 1004 2853 1083 gentilis,
2879 1003 2979 1083 qui
3010 1012 3259 1085 uterque
3290 1008 3709 1086 praevaricato-

2055 1108 2153 1151 res
2183 1104 2352 1151 erant
2381 1100 2438 1152 ct
2463 1092 2755 1173 ﬂagitiosi,
2784 1108 2854 1154 ac
2894 1092 3293 1171 exprobantes
3324 1091 3581 1166 Christo,
3615 1093 3705 1156 si-

2056 1188 2153 1240 cut
2175 1188 2230 1241 et
2265 1181 2519 1259 primum
2546 1180 2720 1241 ambo
2753 1180 3015 1242 latrones
3046 1180 3553 1263 improperabant.
3596 1182 3705 1245 Al-

2055 1276 2145 1329 ter
2174 1279 2372 1332 autem
2407 1278 2465 1330 et
2497 1269 2793 1348 posterior
2839 1270 3226 1351 resipiscens,
3278 1271 3585 1332 confessus
3614 1279 3709 1334 est

2053 1375 2254 1436 regem
2291 1378 2303 1419 :
2340 1358 2474 1418 ideo
2502 1367 2559 1419 et
2589 1358 2826 1419 dicebat
2860 1380 2873 1422 :
2904 1357 3133 1421 Memor
3162 1368 3289 1422 esto
3321 1360 3462 1441 mei,
3496 1358 3703 1422 Domi-

2054 1465 2151 1520 ne,
2187 1450 2246 1507 in
2280 1465 2464 1526 regno
2499 1455 2619 1508 tuo.
2650 1448 2750 1510 Sic
2779 1456 2837 1509 et
2885 1448 3122 1526 gentilis
3170 1467 3409 1529 quoque
3452 1448 3707 1529 populus

2054 1535 2365 1597 confessus
2396 1544 2485 1597 est
2517 1535 2842 1598 Christum.
2871 1538 3039 1599 Alter
3058 1547 3255 1599 autem
3290 1538 3461 1612 latro,
3492 1536 3705 1601 Judai-

2054 1644 2159 1685 cus
2187 1624 2464 1704 populus,
2505 1624 2977 1705 blasphemabat.
3016 1625 3297 1688 Diabolus
3326 1636 3524 1689 autem
3556 1626 3706 1690 sub-

313 1716 597 1791 λέγοντας·
666 1737 695 1775 ι
762 1718 817 1773 Et
892 1719 1012 1779 Υἱὸς
1060 1718 1115 1773 εἴ
1145 1724 1236 1774 τοῦ
1268 1723 1419 1784 Θεοῦ,
1448 1712 1706 1783 κατάϐηθι
1751 1716 1855 1773 ἀπὸ
1880 1718 1964 1773 τοῦ

2055 1714 2324 1776 mittebat
2375 1713 2647 1777 dicentes
2678 1733 2693 1778 :
2738 1714 2797 1777 Si
2832 1715 3015 1777 Filius
3046 1734 3110 1777 es
3135 1715 3264 1797 Dei,
3297 1716 3600 1779 descende
3631 1716 3706 1780 de

316 1814 564 1884 σταυροῦ.
631 1830 658 1861 ι
736 1808 828 1861 ἳνα
900 1805 1173 1884 ἐρεθισθεὶς
1246 1804 1475 1882 καταϐῇ,
1507 1807 1595 1862 καὶ
1627 1806 1904 1884 ἀνατραπῇ
1935 1810 1967 1875 ἡ

312 1896 529 1950 πάντων
589 1894 670 1951 διὰ
725 1903 816 1953 τοῦ
875 1903 1096 1971 σταυροῦ
1126 1898 1381 1971 σωτηρία.
1422 1898 1513 1952 Διὸ
1545 1898 1571 1951 6
1607 1898 1849 1976 Χριστὸς,
1883 1900 1969 1953 καὶ

308 1986 428 2047 Υἱὸς
491 1984 603 2040 ἐστι
662 1992 755 2041 τοῦ
811 1990 947 2043 Θεοῦ
1000 1987 1090 2041 καὶ
1148 1987 1243 2041 οὐκ
1285 1985 1501 2052 ἐπείσθη
1532 1993 1610 2059 τῷ
1651 1985 1849 2066 ἐχθρῷ,
1875 1985 1968 2041 ἵνα

303 2074 395 2131 καὶ
454 2074 517 2129 σὺ
569 2074 839 2149 μανθανῃς
901 2071 981 2129 ὅτι
1036 2074 1094 2129 οὖ
1150 2071 1233 2129 δεῖ
1281 2075 1546 2130 πείθεσθαι
1576 2087 1696 2137 τοῖς
1728 2081 1819 2133 τοῦ
1842 2073 1965 2131 δια-

300 2159 475 2221 ϐόλου
530 2164 921 2244 τεχνάσμασιν,
968 2162 1107 2221 ἀλλὰ
1135 2166 1195 2220 τὸ
1236 2162 1400 2220 καλὸν
1460 2164 1731 2240 πράττειν,
1778 2163 1876 2221 κᾶν
1920 2168 1966 2220 οἱ

314 2252 586 2330 ἂνθρωποι
608 2253 845 2332 πονηρὰν
872 2252 1141 2328 ὑπόληψιν
1176 2250 1439 2325 μέλλωσιν
1476 2252 1648 2332 ἔχειν,

398 2362 428 2399 ε
479 2339 614 2398 Ἀπὸ
671 2340 725 2396 δὲ
780 2341 943 2408 ἕκτης
994 2340 1133 2420 ὥρας
1191 2340 1378 2404 σκότος
1410 2340 1617 2420 ἐγένετο
1661 2341 1746 2398 ἐπὶ
1794 2348 1966 2399 πᾶσαν

308 2430 412 2495 τὴν
471 2436 578 2507 γῆν
620 2430 721 2494 ἕως
781 2431 923 2508 ὥρας
979 2431 1225 2497 ἒννάτης·
1289 2434 1406 2508 περὶ
1462 2430 1517 2486 δὲ
1587 2431 1688 2498 τὴν
1745 2430 1965 2499 ἐννάτην

310 2519 482 2597 ὥραν,
542 2516 830 2587 ἀνεϐόησεν
891 2522 918 2575 6
967 2519 1173 2586 Ἰησοῦς
1253 2526 1404 2600 φωνῇ
1436 2519 1699 2597 ’μεγάλω
1769 2520 1961 2599 λέγων·

309 2607 460 2680 ’[1λὶ,
524 2606 666 2689 Ἠλὶ,
724 2608 871 2684 λαμὰ
954 2608 1271 2688 σαϐαχθανὶ,
1341 2610 1603 2666 τουτέστι·
1680 2611 1777 2666 Θεέ
1840 2632 1962 2691 μου,

315 2696 414 2753 Θεέ
489 2720 612 2776 μου,
670 2695 763 2755 ’ἕνα
822 2697 871 2753 τί
899 2718 965 2772 με
998 2696 1342 2775 ἐγκατέλιπες
1376 2717 1392 2777 ;
1428 2698 1578 2761 Τινὲς
1610 2696 1662 2754 δὲ
1694 2705 1800 2755 τῶν
1851 2698 1966 2756 ἐκεῖ

2055 1822 2255 1877 cruce,
2285 1814 2348 1865 ut
2381 1803 2653 1865 incitatus
2683 1804 3009 1866 descendat
3037 1804 3112 1864 de
3143 1823 3345 1873 cruce.
3373 1805 3706 1869 etintereat

2053 1893 2212 1953 salus
2239 1892 2539 1954 omniums
2569 1911 2702 1972 quae
2735 1900 2824 1954 est
2856 1910 2962 1973 per
3009 1910 3269 1954 crucem.
3304 1894 3379 1956 At
3409 1893 3702 1968 Christus,

2053 1983 2190 2057 quia
2222 1980 2404 2042 Filius
2436 1993 2527 2043 est
2559 1981 2687 2051 Dei,
2723 2001 2839 2043 non
2874 1981 3400 2043 obedivitinimico
3429 1999 3443 2045 ε
3471 1991 3534 2043 ut
3560 1990 3621 2045 et
3641 1991 3706 2047 tu

2050 2069 2245 2130 discas
2276 2071 2436 2151 quod
2470 2090 2587 2131 non
2621 2071 2698 2131 sit
2728 2070 2947 2133 diaboli
2970 2071 3202 2132 technis
3227 2070 3705 2145 cedendum,sed

2050 2158 2206 2219 bene
2230 2161 2621 2237 operandum.
2658 2161 2834 2222 etiam
2870 2161 2917 2222 si
2950 2160 3222 2221 homines
3244 2160 3397 2221 male
3422 2159 3499 2222 de
3529 2159 3702 2223 nobis

2052 2250 2328 2311 sentiant.

2132 2336 2528 2403 Vens.45-49.
2564 2340 2644 2400 vA
2662 2346 2827 2400 sexta
2853 2347 3048 2401 autem
3070 2340 3217 2400 hora
3238 2339 3502 2401 tenebrae
3530 2338 3699 2403 facta

2053 2436 2189 2487 sunt
2219 2446 2399 2507 super
2422 2428 2759 2488 universam
2794 2436 3013 2490 terram
3046 2428 3323 2509 usquead
3356 2429 3563 2490 horam
3600 2446 3707 2491 no-

2051 2533 2207 2577 nam.
2236 2515 2305 2577 Et
2336 2518 2494 2577 circa
2527 2534 2742 2577 nonam
2778 2516 3056 2577 clamavit
3084 2514 3259 2580 Jesus
3289 2535 3435 2579 voce
3465 2535 3699 2600 magna,

2048 2605 2312 2667 dicens:
2375 2605 2524 2671 Heli,
2586 2605 2730 2678 heli,
2789 2605 3356 2679 lamazabachthani,
3414 2606 3525 2669 hec
3559 2616 3700 2669 est:

2047 2693 2207 2755 Deus
2238 2712 2428 2766 meus,
2468 2694 2621 2755 Deus
2656 2712 2846 2767 meus,
2875 2714 2979 2755 cur
3001 2694 3378 2776 dereliquisti
3407 2696 3536 2758 me?
3564 2694 3709 2768 Qui-

311 2787 561 2843 ἑστώτων
656 2784 995 2855 ἀκούσαντες,
1084 2785 1290 2865 ἔλεγον,
1372 2786 1452 2844 ὅτι
1530 2785 1714 2844 Ἠλίαν
1799 2804 1964 2867 φωνεῖ

2052 2783 2182 2843 dam
2211 2792 2405 2844 autem
2439 2783 2559 2844 illic
2577 2783 2857 2844 stantium
2892 2802 3025 2844 cum
3054 2783 3698 2866 audissent,dicebant;

306 2876 485 2939 οὗτος·
563 2876 650 2931 καὶ
710 2875 900 2939 εὐθέως
973 2872 1187 2953 δραμὼν
1217 2879 1300 2940 εἷς
1331 2873 1382 2941 ἐξ
1427 2875 1620 2956 αὐτῶν,
1653 2878 1741 2933 καὶ
1787 2876 1964 2935 λαϐὼν

2052 2870 2235 2932 Eliam
2261 2881 2427 2933 vocat
2460 2876 2589 2933 iste.
2617 2873 2691 2934 Et
2716 2872 2997 2934 continuo
3022 2891 3272 2935 currens
3301 2892 3454 2936 unus
3480 2891 3557 2935 ex
3589 2873 3703 2948 eis.

312 2964 575 3043 σπόγγον,
652 2963 865 3035 πλήσας
909 2987 967 3021 τε
1023 2962 1171 3030 ὄξους
1240 2967 1328 3022 καὶ
1400 2967 1626 3044 περιθεὶς
1713 2966 1959 3044 καλάμῳ,

2052 2980 2184 3021 cum
2218 2969 2522 3039 acceptam
2554 2961 2862 3040 Spongiam
2913 2962 3223 3041 implesset
3266 2970 3458 3039 aceto,
3508 2962 3705 3044 impo-

297 3054 549 3124 ἆπότιζεν
601 3054 779 3116 αὖτόν,
842 3057 903 3112 Οἱ
933 3051 985 3110 δὲ
1017 3053 1192 3110 λοιποὶ
1267 3052 1472 3132 ἔλεγον·
1528 3054 1732 3135 ”Αφες,
1766 3054 1964 3131 ἴδωμεν

2052 3049 2819 3157 snitarundinigdabat'qlue
2850 3050 2905 3112 ei
2939 3060 3001 3111 ut
3038 3049 3290 3114 biberet.
3327 3048 3535 3157 θέειοτί
3562 3070 3705 3157 χει-ο

302 3144 349 3198 εἱ
417 3142 638 3222 ἶρχεται
700 3141 881 3209 Ἦλὶας
938 3142 1126 3199 σώσων
1212 3143 1394 3205 αὐτόν.
1464 3168 1492 3200 ι
1553 3145 1626 3203 T6
1682 3145 1964 3221 γενόμενον

2052 3139 2328 3201 dicebant
2386 3157 2398 3201 :
2451 3138 2618 3215 Sine,
2659 3138 2967 3200 videamus
2994 3148 3095 3200 aut
3125 3141 3322 3200 veniat
3350 3138 3509 3201 Elius
3540 3139 3699 3202 libe-

303 3233 523 3310 σκότος,
587 3234 679 3290 οὐκ
738 3233 806 3298 ἦν
872 3233 1009 3289 κατὰ
1037 3234 1262 3311 φυσικήν
1329 3231 1662 3301 ἀκολουθίαν,
1709 3232 1829 3290 οἷον
1859 3234 1964 3291 ἀπὸ

2052 3244 2286 3304 naturus
2318 3247 2478 3290 eum.
2530 3250 2556 3287 ›
2594 3226 2886 3289 Tenebrre
2930 3227 3095 3290 facta;
3151 3246 3269 3288 non
3315 3236 3485 3289 erant
3532 3228 3703 3307 juxta

308 3320 601 3396 ἐκλείψεως
670 3320 822 3389 ἡλίου
874 3328 1110 3390 φυσικῶς
1177 3322 1493 3401 γενομένης·
1572 3320 1817 3380 οὐδέποτε
1863 3324 1964 3403 γὰρ

2052 3326 2273 3379 naturae
2303 3317 2599 3391 ordinem,
2620 3324 2686 3377 ut
2727 3335 2795 3377 ex
2820 3317 3026 3396 eclipsi
3058 3316 3204 3377 solis
3234 3316 3587 3378 naturaliter
3606 3316 3698 3378 fa-

310 3408 944 3489 τεσσαρεσκαιδεκαταίας
1019 3409 1180 3478 οὔσης
1236 3411 1334 3479 τῆς
1397 3409 1653 3485 σελήνης,
1725 3410 1962 3489 ἔκλειψις

2052 3418 2140 3469 cta
2170 3424 2184 3469 :
2220 3425 2417 3488 neque
2448 3407 2608 3468 enim
2639 3406 2875 3486 quando
2907 3414 2997 3467 est
3058 3405 3500 3486 decimaquarta
3533 3405 3698 3487 luna,

310 3500 515 3576 γίνεται
564 3499 737 3573 ἡλίου,
808 3498 930 3556 ἀλλ’
975 3498 1101 3556 ὅταν
1129 3501 1163 3568 ἡ
1195 3498 1462 3578 λεγομένη
1492 3500 1642 3579 γέννν
1690 3498 1807 3581 εἴη,
1839 3500 1960 3559 τότε

2052 3497 2114 3558 tit
2134 3496 2277 3558 solis
2306 3496 2655 3576 deliquium,
2690 3495 2795 3557 sed
2828 3514 2964 3556 cum
2994 3502 3082 3557 est
3110 3513 3182 3555 ea
3208 3512 3339 3575 quas
3369 3494 3527 3573 γέννα
3558 3494 3705 3557 dici-

306 3592 360 3643 αἱ
428 3590 643 3668 φυσικαὶ
668 3596 762 3647 τοῦ
788 3588 943 3659 ἡλίου
969 3588 1231 3665 ἐκλείψεις
1274 3591 1505 3668 γίνονται
1536 3590 1647 3669 (ιι).
1683 3590 1773 3648 Ἐν
1811 3589 1868 3647 δὲ
1897 3598 1965 3667 τῇ

301 3679 622 3754 σταυρὼσει,
683 3677 1283 3754 τεσσαρεσκαιδεκαταία
1313 3679 1380 3747 ἦν
1421 3680 1456 3747 ἡ
1489 3677 1692 3749 σελήνη
1723 3680 1960 3745 πάντως·

301 3770 365 3823 τὺ
434 3768 536 3846 γὰρ
595 3768 789 3848 Πάσχα
846 3768 953 3825 τῶν
1019 3766 1276 3845 Ἐϐραίων
1325 3768 1447 3825 τότε
1491 3767 1750 3825 ἐτελεῖτο·
1825 3771 1965 3827 ὥστε

298 3856 436 3933 ὑπὲρ
497 3879 647 3936 φυσιν
704 3860 766 3914 τὸ
822 3858 1011 3922 πάθος·
1074 3859 1331 3933 κοσμικὸν
1390 3856 1444 3913 δὲ
1496 3858 1563 3925 ἧν
1612 3860 1672 3914 τὸ
1743 3858 1963 3938 σκότος,

300 3948 364 4003 οὗ
418 3946 658 4022 μερικὸν,
735 3945 914 4019 ὥσπερ
986 3946 1040 4001 ὲν
1071 3946 1343 4024 Αἰγύπτῳ,
1374 3944 1469 4003 ἵνα
1497 3943 1687 4026 δειχθῆ
1719 3946 1800 4003 ὅτι
1829 3969 1963 4003 πεν-

298 4037 387 4089 θεῖ
455 4035 491 4100 ἡ
547 4044 713 4099 κτίσις
759 4034 850 4091 ἐπὶ
892 4040 969 4107 τῷ
999 4036 1151 4091 πάθει
1183 4044 1275 4093 τοῦ
1321 4035 1566 4107 Κτίστου,
1612 4037 1700 4092 καὶ
1744 4034 1826 4092 ὅτι
1862 4035 1964 4091 ἀπὸ

303 4126 409 4179 τῶν
472 4120 729 4181 Ἰουδαίων
787 4123 993 4191 ἀπέστη
1051 4125 1114 4182 τὸ
1188 4130 1323 4204 φῶς,
1374 4127 1434 4182 Ol
1466 4125 1731 4188 αἰτοῦντες
1790 4123 1845 4180 δὲ
1916 4124 1965 4190 ἐξ

302 4212 528 4289 οὖρανού
582 4226 808 4287 σημεῖον
865 4211 997 4269 ἰδεῖν
1062 4210 1337 4293 Ἰουδαῖοι,
1370 4219 1457 4270 νῦν
1505 4211 1848 4289 βλεπέτωσαν
1876 4216 1967 4276 τὸν

298 4300 462 4367 ἥλιον
520 4303 914 4376 σκοτιζὸμενον,
984 4294 1174 4378 ’Ἒκτῃ
1206 4300 1259 4358 δὲ
1318 4302 1491 4379 ἡμέρᾳ
1546 4309 1637 4357 τοῦ
1693 4303 1967 4383 ἀνθρώπου

298 4389 650 4469 πλασθέντος,
710 4392 798 4447 καὶ
876 4390 1005 4467 ἕκτη
1038 4391 1149 4469 ὥρᾳ
1193 4392 1453 4472 φαγόντος
1483 4390 1588 4447 ἀπὸ
1665 4394 1757 4448 τοῦ
1815 4390 1968 4457 ξύλου

2052 3592 2148 3646 tur
2179 3586 2315 3665 (hoc
2348 3593 2438 3646 est
2466 3585 2884 3657 novilunium),
2920 3593 3061 3645 tunc
3092 3586 3392 3644 naturales
3414 3583 3557 3644 solis
3582 3583 3700 3647 de-

2049 3676 2236 3736 fectus
2264 3674 2637 3753 contingunt;
2661 3692 2795 3735 cum
2819 3682 3017 3736 autem
3048 3673 3525 3753 cruciﬁgeretur,
3556 3692 3695 3737 om-

2050 3765 2192 3825 nino
2214 3765 2659 3844 decimaquarta
2676 3764 2816 3824 luna
2836 3762 3215 3826 erat.Pascha
3234 3762 3394 3824 enim
3422 3761 3703 3827 Hebreo-

2046 3872 2178 3914 rum
2195 3861 2331 3914 tunc
2348 3853 2707 3921 liebat,unde
2729 3872 2911 3933 super
2933 3861 3200 3913 naturam
3222 3860 3390 3913 erant
3415 3853 3698 3918 tenebrae.

2050 3946 2443 4004 Erantautem
2469 3943 2531 4002 in
2547 3952 2665 4003 toto
2682 3943 3040 4009 mundomon
3056 3942 3115 4003 in
3137 3949 3301 4020 parte
3324 3942 3704 4009 mundi.sicut

2050 4034 2107 4094 in
2136 4032 2481 4112 Egyptom‘.
2512 4041 2875 4094 monstretur
2905 4032 3061 4113 quod
3098 4032 3298 4112 lugeat
3329 4031 3392 4092 in
3424 4031 3701 4111 passione

2051 4120 2385 4186 Conditoris
2403 4132 2763 4194 creatura,et
2784 4122 2940 4202 quod
2968 4140 3001 4182 a
3023 4122 3223 4184 .ludaea
3240 4122 3338 4182 lux
3358 4120 3696 4185 recesserit:

2051 4212 2235 4275 Judaei
2254 4229 2488 4291 quoque
2513 4220 2777 4288 petentes
2799 4212 3031 4290 signum
3052 4229 3084 4272 e
3108 4211 3447 4280 cmlo,nunc
3464 4209 3703 4272 videant

2051 4301 2235 4363 solem
2269 4298 2671 4361 obtenebrari.
2701 4299 2875 4361 Sexta
2891 4308 3085 4362 autem
3119 4299 3215 4360 die
3234 4299 3409 4359 homo
3442 4309 3534 4358 est
3559 4315 3698 4362 conv

2051 4392 2229 4462 ditus,
2257 4390 2355 4467 qui
2386 4400 2441 4449 et
2465 4398 2625 4450 sexta
2658 4389 2917 4466 de3ligno
2943 4389 3202 4449 comedit
3236 4408 3248 4450 :
3284 4386 3398 4448 hoc
3430 4386 3590 4449 enim
3609 4397 3702 4450 est

306 4478 471 4552 (αὕτη
524 4480 623 4557 γὰρ
679 4480 777 4547 τῆς
831 4480 1078 4558 βρώσεως
1132 4482 1167 4548 ἡ
1225 4480 1417 4557 ὥρα)ὁ
1463 4482 1646 4558 Κύριος
1678 4480 1954 4537 ἀναπλάτ-

2052 4477 2431 4543 comesticnis
2456 4484 2706 4558 tempus.
2735 4476 2858 4549 Qua
2890 4478 3065 4556 igitur
3094 4478 3237 4538 hora
3269 4475 3559 4536 Dominus
3592 4477 3699 4539 ho-

291 4574 400 4624 τῶν
488 4570 579 4623 τὸν
638 4565 932 4646 ἄνθρωπον,
994 4571 1079 4626 καὶ
1132 4571 1193 4627 τὸ
1255 4569 1472 4649 σφάλμα
1527 4570 1776 4649 ἰώμενος,
1825 4568 1953 4648 ἕκτῃ

2052 4574 2264 4629 minem
2309 4565 2595 4639 condidit,
2629 4567 2839 4627 eadem
2873 4576 2930 4627 et
2961 4568 3187 4645 lapsum
3214 4564 3468 4626 curavit.
3516 4562 3698 4628 Sexta

296 4659 477 4734 ἡμέρᾳ
535 4658 622 4713 καὶ
697 4656 827 4734 ἕκτῃ
927 4658 1037 4737 ὥρᾳ
1121 4662 1199 4733 τῷ
1298 4656 1433 4731 ξύλῳ
1524 4660 1952 4738 προσπήγνυται,

304 4740 546 4824 Ἐϐραΐδι
603 4744 658 4802 δὲ
687 4746 951 4821 διαλέκτῳ
1004 4747 1146 4827 λέγει
1195 4749 1257 4805 :6
1288 4750 1641 4829 προφητικὸν,
1692 4748 1778 4805 ἰνα
1847 4747 1955 4805 δεί-

303 4837 365 4912 ξῃ
395 4836 479 4894 ὅτι
511 4837 571 4892 οὗ
600 4836 835 4916 μάχεται
874 4843 935 4913 τῇ
962 4836 1170 4908 Παλαιᾷ
1202 4842 1403 4917 Γραφῇ.
1438 4839 1510 4896 T6
1556 4835 1635 4917 δὲ,
1686 4860 1713 4891 α
1765 4836 1881 4895 Ἵνα
1909 4840 1958 4893 τί

305 4949 375 5001 με
404 4924 753 5003 ὶγκατέλιπες
789 4948 805 4995 ;
844 4952 865 4979 ο
934 4927 1111 5000 εἶπεν,
1173 4935 1247 4989 ὼς
1306 4925 1368 4982 ἄν
1393 4924 1532 5001 δείξῃ
1578 4927 1658 4982 ὃτι
1689 4924 1958 5005 ἄνθρωπος

303 5015 523 5081 ἀληθῶς
578 5012 806 5091 ἐγένετο,
864 5016 955 5071 καὶ
1010 5015 1070 5072 οὗ
1127 5016 1264 5071 κατὰ
1329 5015 1639 5094 φαντασίαν·
1673 5016 1762 5071 καὶ
1802 5015 1903 5094 γὰρ
1932 5018 1959 5071 6

307 5096 581 5183 ἅνθρωπος
646 5105 871 5183 φυσικὴν
929 5102 1095 5182 ὄρεξιν
1150 5103 1270 5183 ἔχει
1329 5108 1425 5170 τῆς
1456 5109 1625 5177 ζωῆς,
1699 5101 1961 5182 φιλόζωος

302 5194 397 5251 ὤν.
484 5182 701 5270 υδὶσπερ
774 5192 864 5250 οὖν
913 5192 1178 5272 ἠγωνίασε
1210 5182 1320 5250 ίκαὶ
1376 5190 1688 5267 ἠδημόνησε
1730 5195 1831 5269 πρὸ
1868 5199 1959 5249 τοῦ

297 5288 549 5360 σταυροῦ,
606 5278 851 5339 δεικνύων
922 5283 1021 5349 τὴν
1062 5281 1125 5339 ἐκ
1177 5282 1386 5361 φύσεως
1444 5290 1743 5359 προσοῦσαν
1820 5284 1955 5356 ἡμῖν

2041 4658 2140 4719 die
2173 4667 2226 4718 et
2255 4664 2417 4717 sexta
2448 4657 2593 4716 hora
2624 4655 2788 4716 cruci
2836 4656 3050 4717 afﬁxus
3102 4662 3212 4717 est.
3264 4652 3554 4715 Hebraico
3583 4671 3696 4714 au-

2041 4755 2161 4808 tem
2191 4745 2475 4806 idiomate
2497 4744 2641 4805 dicit
2670 4745 3186 4824 propheticum,ut
3220 4748 3510 4802 monstret
3532 4742 3696 4822 quod

2042 4853 2160 4897 nun
2185 4843 2405 4914 pugnet
2434 4852 2569 4895 cum
2596 4833 2778 4895 veteri
2815 4832 3141 4911 Scriptura.
3178 4829 3343 4903 Quod
3375 4836 3572 4891 autem
3603 4829 3695 4891 di-

2043 4925 2160 4986 cit:
2190 4922 2263 4987 Ut
2293 4923 2434 5004 quid
2470 4942 2562 4984 me
2595 4921 2998 5002 dereliquisti‘.’
3019 4920 3276 4982 ostendit
3299 4935 3366 4981 se
3388 4917 3697 4980 hominem

2044 5020 2340 5083 vcrum,et
2374 5031 2490 5073 non
2517 5013 2686 5092 juxta
2715 5009 3151 5092 apparentiam.
3186 5006 3490 5090 Siquidem
3518 5005 3696 5069 homo

2044 5121 2179 5162 cum
2202 5102 2335 5163 vitae
2364 5102 2442 5162 sit
2464 5100 2733 5180 cupidus.
2771 5099 3101 5161 naturalem
3132 5096 3367 5159 vivendi
3399 5094 3578 5158 habet
3596 5112 3695 5178 ap-

2044 5191 2321 5270 petitum.
2356 5188 2521 5253 Sicut
2550 5188 2708 5253 enim
2740 5189 2800 5251 in
2832 5186 3239 5251 mtestitudine
3268 5185 3381 5249 fuit
3399 5192 3539 5247 ante
3563 5203 3700 5249 cru-

2042 5279 2528 5353 cem,ostendens
2552 5279 2829 5340 timorem
2858 5287 3085 5340 naturae
3116 5290 3336 5339 nostrae
3364 5292 3697 5354 congruen-

369 5463 515 5543 (a)V
529 5459 641 5543 erb
651 5458 797 5543 apt):
814 5457 865 5516 λ’
885 5458 1010 5543 ὅταν
1032 5493 1108 5506 -
1127 5460 1384 5543 γίνονται,
1409 5456 1471 5519 in
1489 5456 1607 5520 edit
1614 5455 1964 5543 ioneVenet:

2052 5464 2159 5543 iter
2179 5459 2370 5543 varias
2388 5457 2771 5543 lectiones‘ad
2794 5457 3018 5543 calcem
3036 5451 3695 5543 voluminisamanda‘ta,

291 5534 452 5626 quod
483 5541 633 5627 nihil
659 5534 734 5602 iis
759 5540 816 5602 in
844 5539 1121 5627 versione
1139 5534 2261 5627 Latinaj-esponderentextnirestituL
2237 5558 2365 5627 mus
2383 5547 2442 5627 et_
2461 5543 2521 5627 in
2540 5538 2815 5627 versione
2835 5534 3265 5627 supplevimus,
3283 5534 3603 5627 tumnquod
3615 5552 3706 5627 ea

338 5631 520 5687 mter
541 5623 879 5687 Romanum
902 5619 1122 5684 habeat
1146 5620 1334 5684 codex
1351 5613 1689 5700 Patavium,
1696 5613 1822 5700 tum
1838 5618 2000 5700 quod
2016 5618 2116 5681 illa
2134 5626 2199 5700 ut
2217 5618 2642 5700 Theophylacti
2662 5618 2863 5700 verba,
2883 5613 3300 5700 e'x'alioforsan
3315 5613 3700 5700 codice,_citat

407 5702 674 5783 Cangins
701 5700 765 5763 in
789 5700 1091 5766 Glossario
1110 5700 1275 5763 med.
1306 5706 1365 5762 et
1382 5696 1499 5775 inf,
1519 5692 2061 5775 Grncitatisﬁverbo
2086 5692 2401 5777 rivv¢,tum
2415 5692 2654 5764 d’émum
2687 5698 2826 5781 quia
2849 5692 3067 5762 sensus
3086 5694 3214 5778 ipsa
3237 5692 3694 5775 postulatEan‘.
