4170 6402
469 336 600 405 ενι

1308 332 1316 337 ‘
1425 337 2018 405 THEOPHYLACTI
2060 335 2472 399 summm
2513 340 2871 402 ARCHIEP.

3719 334 3839 398 472

473 485 618 552 tam,
650 475 739 539 sic
769 481 828 538 et
855 469 1015 538 nunc
1042 474 1254 553 inquit,
1290 470 1362 536 Ut
1384 472 1526 553 quid
1559 490 1654 534 me
1696 468 2153 551 dereliquistih

2224 469 2403 543 ιιλίαν,
2477 470 2615 530 οὕτω
2671 472 2760 528 καὶ
2804 478 2892 529 νῦν
2922 485 3104 551 φησιν·
3147 489 3172 525 ε
3211 458 3336 528 “iv:
3367 469 3417 525 τί
3460 489 3527 543 με
3561 465 3850 546 ἐγκατέλι-

473 565 788 628 insinuans
827 563 1154 627 naturalem
1185 562 1419 625 vivendi
1450 562 1849 643 cupiditatem.
1877 559 2109 623 Etenim
2194 580 2290 622 πες
2333 575 2348 633 ;

2438 583 2464 618 ε
2514 561 2779 641 ἐμφαίνων
2807 561 2908 628 τὴν
2939 561 3164 640 φυσικὴν
3205 557 3498 638 φιλοζωΐαν
3529 559 3707 632 ἡμῶν.
3743 559 3845 616 Καὶ

475 671 616 717 vere
644 653 822 716 homo
847 651 1294 732 erat,nobisque
1309 669 1416 731 per
1435 650 1634 711 omnia
1651 648 2114 731 similis,absque

2224 650 2295 728 ’ὰρ
2365 649 2529 714 ὄντως
2575 649 2847 730 ἅνθρωπος
2877 651 2969 720 ἦν,
3016 651 3102 704 καὶ
3129 650 3266 715 ἡμῖν
3320 648 3385 703 τὰ
3418 647 3589 703 πάντα
3633 645 3843 720 ὅμοιος,

477 750 744 824 peccato.
769 741 1018 814 Quidam
1069 753 1265 802 autem
1315 740 1428 802 hoc
1475 739 1920 814 intellexerunt,
1957 735 2113 818 quod

2197 740 2363 819 χωρὶς
2437 741 2720 818 ἁμαρτίας.
2781 741 2930 804 Τινὲς
2999 736 3053 794 δὲ
3112 736 3250 796 οὕτω
3298 744 3453 793 τοῦτο
3481 736 3731 808 ὶνόησανν
3765 735 3850 791 ὅτι

476 831 738 896 Salvator
756 830 817 891 in
847 848 912 892 se
944 847 1257 912 personam
1281 836 1450 909 gerat
1476 829 1837 904 Iudaeorum,
1858 827 2113 904 etdicat,

2224 831 2258 884 :6
2313 829 2419 885 τῶν
2445 825 2738 912 ΔῘΙουδαιίων
2795 829 3079 906 πρόσωπον
3150 824 3539 900 ἀναλαμϐάνων
3569 827 3596 881 6
3629 825 3851 903 Σωτὴρ,

472 919 689 1000 thuid
722 919 1099 1000 dereliquisti
1125 917 1435 981 Iudaicum
1470 918 1820 998 populum,o
1853 921 2120 988 Pater,ut

476 1015 701 1071 tantum
731 1007 1002 1071 admittat
1026 1014 1358 1088 peccatum,
1400 1007 1532 1068 100
1551 1012 1612 1070 et
1645 1005 1964 1085 perditioni
1995 1013 2118 1067 tra-

478 1097 952 1160 datur7Christus
982 1097 1141 1159 enim
1161 1105 1436 1178 tanquam
1457 1115 1524 1158 ex
1546 1095 1764 1158 Judzeis
1786 1108 1979 1166 natus,
1998 1097 2117 1157 De-

476 1187 804 1268 relisquissi
835 1205 955 1260 me,
989 1187 1155 1263 dicit,
1180 1187 1296 1253 hoc
1323 1198 1436 1266 est,
1461 1185 1648 1249 Meam
1683 1185 2119 1264 cognationem,

479 1295 803 1359 meumque
840 1277 1122 1356 populum
1148 1285 1209 1338 ut
1229 1276 1370 1357 quid
1404 1275 1887 1356 dereliquisti,ita
1906 1282 1968 1334 ut
1988 1292 2124 1334 con-

479 1375 572 1428 tra
601 1366 866 1446 seipsum
901 1365 1016 1428 tale
1047 1365 1264 1427 malum
1298 1365 1496 1426 faciat?
1524 1363 1739 1426 Turbae
1767 1368 1969 1426 autem
1988 1379 2122 1423 cum

481 1474 603 1518 non
634 1453 1067 1517 intellexissent
1096 1473 1300 1516 vocem
1333 1454 1745 1534 illam,nempe
1774 1458 2127 1531 agrestes,et

481 1542 777 1625 imperita:
805 1543 1285 1623 propheticorum
1317 1542 1608 1604 dictorum
1665 1541 1947 1620 putabant
1967 1539 2124 1620 quod

483 1632 669 1696 Eliam
701 1638 939 1694 vocaret
969 1652 984 1692 :
1020 1651 1139 1692 non
1162 1632 1317 1693 enim
1337 1649 1546 1693 omnes
1567 1629 1751 1694 Judzei
1780 1629 2127 1710 prophetica

485 1719 947 1794 sciebant,sicut
971 1738 1167 1801 neque
1201 1738 1358 1782 nunc
1391 1718 1704 1783 Christiani
1740 1736 1949 1780 omnes
1977 1718 2126 1780 forte

2199 920 2377 996 φησίν⁶
2443 907 2568 976 "Iv:
2623 919 2672 974 τί
2737 917 3082 997 ἐγκατέλιπες
3139 918 3228 972 τὸν
3268 912 3559 972 Ἰουδαϊκὸν
3617 913 3770 992 λαὸν,
3801 916 3851 969 ὦ

2201 1007 2394 1084 Πάτερ,
2454 1005 2548 1063 ’ίνα
2630 1004 2958 1074 τηλικαύτην
3015 1005 3272 1082 ἁμαρτίαν
3331 1005 3559 1082 ποιήσῃ,
3610 1003 3697 1058 καὶ
3740 1003 3852 1057 ἀπ-

2203 1093 2361 1168 ωλείᾳ
2413 1096 2729 1176 παραδοθῇς
2806 1087 2897 1159 Ὠς
2959 1095 3057 1174 γὰρ
3114 1092 3166 1158 ἒξ
3196 1090 3460 1151 Ἰουδαίων
3503 1093 3791 1168 γενόμενος
3823 1094 3854 1146 ὸ

2205 1185 2456 1262 Χριστὸς,
2491 1186 2553 1241 τὸ
2579 1203 2606 1241 ε
2631 1183 3013 1263 Ἐγκατέλιπές
3039 1205 3129 1262 με,
3167 1205 3190 1240 ε
3227 1183 3406 1261 φησὶν,
3443 1181 3553 1238 ἀντὶ
3583 1183 3696 1259 106,
3747 1181 3857 1247 Τὴν

2203 1273 2340 1348 ὶμὴν
2396 1272 2727 1353 συγγένειαν,
2793 1275 2882 1330 τὸν
2951 1272 3082 1348 ἐμὸν
3144 1273 3295 1351 λαὸν,
3354 1271 3449 1328 ’ἶνα
3509 1272 3559 1327 τί
3614 1270 3855 1350 ἀφῆκας,

2205 1361 2340 1418 ὥστε
2412 1369 2650 1420 τοιοῦτον
2704 1364 2869 1419 κακὸν
2903 1361 3019 1418 καθ’
3064 1362 3252 1420 ἑαυτοῦ
3280 1360 3497 1428 ποιῆσαι
3533 1381 3550 1436 ς
3584 1360 3673 1426 Μὴ
3719 1360 3856 1427 νοή-

2207 1471 2390 1516 σαντες
2435 1448 2490 1506 δὲ
2541 1452 2641 1519 τὴν
2696 1453 2876 1532 ῳωνὴν
2925 1453 2971 1507 oi
3030 1457 3121 1508 106
3163 1448 3333 1530 ὄχλοι
3412 1448 3681 1532 ἄγροικοι-
3704 1447 3858 1512 ὅντες

2207 1543 2294 1596 καὶ
2364 1539 2590 1615 ἀμαθεῖς
2648 1526 2754 1597 τῶν
2818 1526 3493 1620 προφητικῶνί-ἂνόμιζον-
3518 1537 3596 1593 δτι
3668 1526 3856 1594 Ἠλίαν

2209 1642 2396 1709 φωνεγ
2459 1630 2520 1685 οὗ
2547 1631 2647 1708 γὰρ
2689 1630 2881 1693 πάντες
2927 1632 2973 1684 οἱ
3003 1625 3250 1688 Ἰουδαῖοι
3279 1628 3345 1683 τὰ
3387 1627 3690 1707 προφητικᾰ
3737 1625 3856 1700 hl—

2208 1739 2438 1792 νωσκον,
2505 1718 2683 1798 ὥσπερ
2740 1717 2875 1783 ἴσως
2944 1717 3058 1774 οὐδὲ
3103 1725 3189 1775 νῦν
3237 1717 3284 1774 οἱ
3329 1718 3633 1783 Χριστιανοὶ
3664 1714 3861 1779 πάντες

486 1828 558 1874 ea
587 1827 716 1891 qua
743 1809 803 1870 in
830 1809 1485 1888 Evangeliis.Caeterum
1516 1817 1745 1870 acetum
1773 1808 1826 1868 ei
1849 1808 1906 1867 in
1928 1815 2126 1886 potum

2224 1806 2276 1862 τὲ
2332 1813 2438 1863 τῶν
2496 1805 2861 1886 Εὖαγγελίων.
2892 1805 3068 1872 ’Ὄξος
3125 1805 3180 1862 δέ
3235 1806 3478 1876 ὶπότιζον
3537 1807 3718 1877 αὐτὸν,
3766 1802 3862 1860 ἴνα

484 1897 724 1977 dabant,
749 1906 812 1960 ut
842 1908 1174 1960 moreretur
1204 1897 1549 1978 priusquam
1580 1896 1811 1958 veniret
1840 1894 1998 1957 Elias
2017 1895 2129 1957 ad-

477 1997 719 2072 juturus
770 2007 931 2054 eum.
979 1989 1149 2054 Unde
1193 1991 1290 2052 alii
1334 1990 1585 2052 dicunt:
1621 1989 1785 2069 Sine,
1835 1987 2131 2050 videamus

484 2096 627 2142 num
653 2079 855 2141 veniat
889 2077 1071 2160 Elias,
1101 2079 1462 2142 liberaturus
1493 2097 1654 2158 eum,
1689 2078 1799 2138 hoc
1830 2084 1942 2150 est,
1989 2075 2131 2138 Sine

487 2187 648 2249 eum,
684 2185 759 2230 ne
805 2166 987 2230 facias
1028 2169 1204 2242 mori,
1245 2177 1309 2230 ut
1357 2167 1616 2230 sciamus
1660 2184 1734 2227 an
1772 2167 2010 2246 juvetur
2058 2164 2130 2226 ab

487 2257 642 2322 Elia.

570 2347 756 2408 Vens.
790 2343 1005 2408 50-53.
1036 2366 1060 2401 ε
1095 2346 1267 2407 Jesus
1295 2351 1493 2407 autem
1546 2363 1682 2407 cum
1733 2344 1948 2406 iterum
2007 2342 2130 2404 cla-

493 2443 713 2499 masset
741 2452 885 2496 voce
915 2433 1358 2512 magna,emisit
1386 2435 1764 2515 spiritum.Et
1780 2449 1920 2495 ecce
1941 2432 2132 2494 velum

491 2521 700 2603 templi
717 2521 965 2584 scissum
984 2531 1076 2584 est
1097 2523 1155 2583 in
1173 2522 1320 2585 duas
1338 2529 1537 2603 partes
1558 2542 1591 2583 a
1606 2541 1838 2584 summo
1861 2539 2048 2602 usque
2063 2521 2135 2582 ad

492 2612 704 2688 imum,
731 2619 787 2673 et
817 2619 972 2674 terra
1009 2620 1165 2672 mota
1195 2620 1306 2687 est,
1336 2620 1396 2674 et
1425 2621 1612 2693 petrae
1641 2613 1840 2672 scissae
1886 2619 2046 2690 sunt,
2081 2620 2139 2672 et

493 2709 883 2763 monumenta
918 2710 1125 2780 aperta
1155 2709 1314 2775 sunt,
1342 2713 1401 2762 et
1432 2701 1615 2762 multa
1645 2718 1894 2780 corpora
1910 2708 2138 2761 sancto-

492 2809 625 2852 rum
656 2790 759 2869 qui
788 2789 1676 2863 dormierant,surrexerunt.Et
1708 2788 1929 2865 egressi
1961 2807 1993 2850 e
2017 2806 2142 2849 mo~

494 2877 797 2940 numentis
838 2885 974 2958 post
1013 2877 1518 2941 resurrectionem
1559 2878 1712 2957 ejus.
1747 2887 2037 2940 venerunt
2079 2879 2138 2938 in

493 2975 758 3030 sanctam
782 2966 1106 3044 civitatem,
1127 2974 1184 3029 et
1203 2979 1606 3049 apparuerunt
1629 2967 1893 3031 multis.»
1915 2966 2141 3030 Clamat

492 3074 642 3120 voee
669 3073 880 3135 magna
907 3054 1180 3131 Jesus,ut
1205 3056 1464 3119 sciamus
1493 3074 1695 3118 verum
1720 3073 1851 3119 esse
1867 3056 2025 3137 quod
2044 3057 2139 3117 di-

490 3145 609 3208 xit:
646 3169 674 3201 ι
709 3143 830 3222 Ego
875 3153 1225 3226 potestatem
1268 3144 1462 3208 habeo
1510 3153 1573 3207 ut
1621 3163 1832 3226 ponam
1883 3145 2138 3207 animam

493 3252 755 3297 meam.»
781 3235 1053 3296 Animam
1088 3237 1250 3296 enim
1280 3252 1448 3296 suam
1482 3233 1647 3315 ponit
1678 3252 1785 3295 sua
1827 3241 2140 3315 potestate.

490 3322 634 3397 Quae
657 3330 853 3386 autem
895 3333 1022 3386 erat
1049 3323 1188 3387 vox?
1218 3345 1242 3381 ι
1279 3325 1455 3388 Pater
1487 3325 1548 3385 in
1580 3341 1788 3385 manus
1811 3329 1956 3400 Ltuas
1984 3341 2142 3384 com-

490 3411 712 3476 mendo
740 3412 1013 3494 spiritum
1042 3412 1440 3475 meum-Non
1470 3412 1630 3475 enim
1657 3412 2030 3484 coactus,sed
2052 3431 2142 3473 vo-

493 3500 788 3564 luntarius
817 3501 1016 3564 emisit
1031 3500 1466 3582 spiritum.Eoc
1479 3500 1639 3562 enim
1653 3499 2143 3581 signiﬁcat,Com-

493 3591 737 3654 mendo.
771 3589 1041 3652 Insinuat
1069 3599 1266 3652 autem
1303 3608 1368 3652 se
1410 3589 1572 3651 illam
1613 3589 1832 3652 iterum
1864 3598 2141 3671 receptu-

489 3679 994 3760 rumzdepositum
1020 3680 1178 3740 enim
1204 3688 1264 3741 et
1293 3678 1732 3741 commodatum
1751 3678 1965 3740 iterum
1989 3698 2146 3740 assu-

493 3766 904 3832 mitur.Gratia
925 3776 1119 3830 autem
1141 3767 1584 3848 Domino,quod
1601 3767 1702 3828 illo
1717 3776 1773 3829 et
1789 3767 2077 3830 moriente
2091 3777 2147 3829 et

493 3855 766 3939 spiritum
790 3875 960 3918 suum
981 3856 1044 3918 in
1079 3875 1290 3919 manus
1329 3858 1524 3920 Patris
1559 3856 2038 3932 commendante,
2073 3875 2143 3918 ex

496 3965 572 4011 eo
603 3958 876 4027 tempore
905 3955 962 4008 et
992 3955 1335 4010 sanctorum
1359 3946 1572 4008 anime
1602 3946 1662 4007 in
1696 3964 1873 4007 manu
1907 3945 2012 4008 Dei
2035 3964 2144 4025 po-

498 4041 750 4115 nuntur,
778 4043 838 4098 et
865 4053 1008 4116 non,
1032 4044 1098 4097 ut
1127 4035 1313 4118 prius,
1342 4037 1399 4096 in
1434 4035 1653 4097 inferni
1687 4035 2092 4115 penetralibus
2128 4056 2141 4096 :

388 4175 394 4179 .
497 4130 677 4206 atqiie
707 4124 786 4186 ita
813 4142 974 4186 mors
993 4125 1210 4186 Christi
1241 4125 1395 4188 facta
1413 4133 1502 4188 est
1518 4125 1902 4188 sanctiﬁcatio
1921 4134 2142 4187 nostra.

497 4213 728 4280 idcirco
755 4221 814 4275 et
833 4231 1045 4294 magna
1061 4231 1205 4276 voce
1225 4215 1502 4276 inclamat
1517 4223 1914 4288 mortem,non
1929 4214 2150 4276 auden-

497 4311 619 4366 tem
651 4303 943 4366 accedere
971 4302 1087 4366 nisi
1120 4311 1452 4367 vocaretur.
1482 4304 1686 4366 Velum
1718 4310 1920 4367 autem
1941 4303 2148 4384 templi

2211 1894 2454 1976 ἀποθάνῃ
2508 1918 2701 1976 ταχιον
2760 1897 2878 1975 πρὶν
2935 1895 3110 1952 έλθεϊν
3159 1897 3250 1951 τὸν
3295 1892 3480 1976 Ἠλίαν
3523 1895 3863 1970 βοηθήσοντα

2212 1988 2377 2057 αὐτῷ.
2423 1965 2617 2043 ’νοθεῖ
2643 1986 2688 2042 οἱ
2758 1965 2934 2042 λοιποὶ
2964 1983 3227 2063 λέγουσιν’
3266 2007 3289 2038 α
3346 1965 3547 2063 "Aque,
3583 1981 3784 2056 ἴδωμεν
3819 1982 3866 2037 εἰ

2213 2071 2428 2152 ἔρχεται
2472 2073 2657 2138 Ἠλίας
2702 2074 2890 2132 σώσων
2921 2073 3099 2147 αὐτὸν,
3134 2096 3162 2129 »
3198 2072 3455 2143 τουτέστι,
3494 2073 3582 2139 Μὴ
3623 2073 3862 2146 ποιήσῃς

2215 2163 2370 2219 αὐτὸν
2428 2165 2738 2237 ἀποθανεῖν,
2799 2166 2871 2226 ὡς
2931 2161 2992 2218 ἂν
3039 2169 3249 2240 γνῶμεν
3321 2162 3362 2216 εἷ
3418 2163 3670 2236 βοηθήσει
3718 2163 3870 2232 αὒτῷ

2216 2248 2400 2314 Ἠλίας
2413 2297 2424 2309 ,

2304 2364 2333 2397 ι
2368 2333 2426 2399 Ὀ
2457 2340 2512 2398 δὶ
2544 2343 2745 2409 Ἰησοῦς
2792 2341 2951 2401 πάλιν
2979 2340 3170 2422 κράξας
3233 2347 3381 2422 φωνᾷ
3425 2339 3660 2418 μεγάλῃ,
3690 2339 3870 2418 ἀφῆκε

2217 2431 2279 2488 16
2335 2437 2565 2506 πνεῦμαο
2622 2432 2708 2487 καὶ
2753 2429 2860 2488 ἰδοὺ
2914 2433 2973 2487 τὸ
3003 2431 3389 2492 καταπέτασμα
3418 2437 3510 2485 τοῦ
3553 2437 3677 2487 ναοῦ
3705 2427 3869 2507 ἐσχί-

2220 2523 2318 2586 σθη
2380 2521 2451 2584 εἰς
2499 2517 2609 2593 δύο,
2661 2520 2767 2576 ἀπὸ
2815 2518 3009 2578 ἄνωθεν
3067 2519 3168 2584 ἕως
3205 2520 3374 2589 κάτω,
3423 2520 3510 2573 καὶ
3554 2520 3589 2586 η
3621 2523 3692 2595 γῆ
3723 2517 3871 2574 iasi-

2221 2612 2344 2678 σθη,
2376 2611 2463 2666 καὶ
2502 2611 2554 2665 αἱ
2585 2608 2770 2686 πέτραι
2814 2609 3160 2689 ἐσχίσθησαν,
3191 2610 3279 2665 καὶ
3307 2609 3374 2664 τὰ
3417 2621 3662 2682 μνημεῖα
3693 2607 3872 2680 ἀνεῴ-

2221 2702 2458 2778 χθησαν,
2517 2699 2604 2754 καὶ
2684 2697 2860 2754 πολλὰ
2948 2699 3172 2772 σώματα
3264 2703 3370 2753 τῶν
3457 2695 3873 2772 κεκοιμημένων

2221 2789 2386 2865 ἁγίων
2453 2787 2678 2866 ἠγέρθη,
2739 2790 2826 2844 καὶ
2904 2785 3195 2854 έξελθόντες
3291 2785 3350 2842 ἐκ
3397 2793 3504 2842 τῶν
3590 2786 3875 2861 μνημείων

2222 2877 2357 2951 μετὰ
2403 2877 2502 2942 τὴν
2573 2876 2778 2954 ’έγερσιν
2865 2879 3045 2950 αὑτοῦ,
3131 2874 3372 2943 εἰσῆλθον
3428 2877 3501 2940 εἷς
3553 2876 3649 2942 τὴν
3719 2876 3879 2952 ἀγιαν

2221 2966 2399 3040 πόλιν,
2460 2967 2546 3022 καὶ
2617 2964 3021 3045 ένεφανίσθησαν
3073 2963 3317 3030 πολλοῖς.
3416 2987 3439 3022 ε
3503 2967 3689 3041 Κράζει
3763 2985 3876 3039 με·

2224 3054 2365 3134 γάλῃ
2431 3061 2581 3136 φωνῇ
2634 3057 2660 3110 6
2713 3055 2941 3134 Ἰησοῦς,
2999 3055 3092 3110 ἶνα
3155 3061 3362 3132 γνῶμεν
3393 3053 3474 3110 ὅτι
3504 3053 3630 3132 ὅπερ
3663 3052 3877 3135 έλεγεν,

2225 3145 2305 3201 ὅτι
2343 3143 2643 3208 ιἘξουσίαν
2676 3143 2792 3223 ἔχω
2815 3148 2984 3200 θεῖναι
3002 3145 3100 3210 τὴν
3126 3146 3312 3223 ψυχήν
3344 3165 3468 3223 μου,
3505 3166 3528 3200 ι
3555 3142 3613 3199 ἆ)
3625 3142 3751 3210 ηθὶς
3779 3142 3879 3210 ἦν,

2227 3232 2356 3293 Κατ’
2390 3232 2622 3299 ἐξουσίαν
2665 3235 2766 3311 γὰρ
2821 3233 3005 3314 ἀφίησι
3060 3233 3159 3300 τὴν
3229 3235 3435 3313 ψυχὴν,
3516 3233 3603 3295 Τίς
3673 3230 3728 3288 δὲ
3801 3234 3874 3301 ἦν

2225 3325 2259 3392 ἦ
2330 3325 2530 3402 φωνή;
2598 3343 2622 3379 ε
2678 3323 2870 3398 Πάτερ,
2932 3324 3004 3387 εἷς
3062 3322 3255 3402 χεῖράς
3306 3343 3399 3379 σου
3451 3323 3774 3400 παρατίθημι
3807 3324 3876 3378 16

2225 3413 2431 3487 πνεῦμά
2481 3433 2607 3487 μου.
2688 3435 2712 3467 ε
2766 3417 2838 3472 Οὐ
2892 3413 2992 3490 γὰρ
3068 3409 3455 3488 βεϐιασμένως,
3515 3409 3635 3468 ἀλλ’
3697 3413 3883 3468 ἑκοντὶ

2229 3500 2400 3580 ἆφῇκε
2458 3503 2518 3557 16
2575 3507 2803 3577 πνεῦμα.
2878 3503 3045 3560 T0610
3101 3502 3200 3581 γὰρ
3242 3522 3492 3576 σημαινει
3547 3503 3628 3574 16,
3689 3506 3880 3578 Παραο

2227 3593 2432 3667 τίθημιο
2486 3591 2724 3670 ἐμφαίνει
2781 3589 2836 3647 δέ
2900 3592 2988 3647 καὶ
3042 3592 3101 3646 16
3184 3590 3398 3661 μέλλειν
3459 3591 3624 3658 αὑτὴν
3713 3587 3882 3647 πάλιν

2227 3679 2617 3756 ἀπολήψεσθαι·
2694 3687 2930 3737 τοιοῦτον
2981 3681 3080 3758 γὰρ
3107 3681 3142 3747 ἡ
3201 3681 3510 3758 παραθήκη,
3543 3679 3702 3738 πάλιν
3731 3678 3884 3738 ἀπο-

2228 3767 2496 3844 διδομένη,
2570 3770 2732 3848 Χάρις
2785 3767 2839 3824 δὲ
2895 3770 2972 3842 τῷ
3029 3769 3226 3846 Κυρίῳ,
3296 3768 3376 3824 ὁτί
3434 3769 3633 3830 ἐκείνου
3731 3769 3881 3826 ἀπο-

2228 3859 2500 3933 θανόντος,
2559 3859 2647 3913 καὶ
2696 3864 2812 3914 106-
2846 3859 3143 3932 πνεύματος
3207 3857 3365 3916 αὖτοῦ
3417 3859 3490 3922 είς
3550 3871 3744 3938 χεῖρας
3789 3859 3888 3916 τοῦ

2230 3949 2429 4026 Πρτρὸς
2500 3946 2903 4026 παρατεθέντος,
2975 3945 3157 4003 ἔκτοτε
3205 3948 3290 4002 καὶ
3339 3950 3390 4002 αἱ
3422 3953 3526 4004 τῶν
3559 3949 3721 4025 ἁγίων
3767 3952 3882 4022 ψυ-

2230 4039 2326 4118 χαὶ
2370 4039 2441 4100 εἰς
2472 4049 2667 4116 χεῖρας
2696 4037 2793 4093 106
2820 4042 2952 4093 Θεοῦ
2980 4038 3227 4118 τίθεντα·,
3290 4033 3411 4092 ἀλλ’
3442 4041 3545 4118 οὐχ
3577 4038 3650 4100 ὡς
3680 4037 3886 4116 πρότε-

2231 4117 2319 4205 ρον
2390 4125 2443 4181 έν
2499 4139 2617 4187 τοῖς
2647 4135 2740 4183 105
2772 4122 2896 4197 ᾅδου
2927 4137 3154 4205 μυχοῖς.
3217 4117 3391 4182 ’Ὠστε
3423 4117 3693 4204 ἁγιασμὸς
3724 4128 3887 4203 ἡμῶν

2231 4215 2446 4293 γέγονεν
2501 4217 2529 4270 6
2584 4215 2804 4276 θάνατος
2876 4224 2968 4274 106
3052 4221 3298 4291 Χριστοῦ·
3375 4213 3453 4272 διὸ
3509 4219 3595 4273 καὶ
3673 4215 3890 4295 μεγάλη

2233 4302 2384 4384 φωνῇ
2438 4302 2820 4382 προσκαλεῖται
2877 4305 2969 4360 τὸν
3013 4305 3259 4376 θάνατον,
3293 4307 3370 4381 μή
3401 4305 3680 4380 τολμῶντα
3715 4329 3890 4386 προσ-

499 4399 627 4455 erat
653 4392 902 4454 linteum
936 4391 1232 4473 quoddam
1264 4392 1325 4454 in
1359 4392 1556 4454 medio
1607 4394 1812 4473 templi
1851 4392 2144 4471 pendens”,

2234 4391 2431 4467 ελθεϊν,
2501 4394 2545 4448 εί
2618 4393 2697 4469 μὴ
2754 4390 3001 4465 κληἹείη.
3063 4396 3134 4453 Τὸ
3189 4392 3244 4452 δὲ
3328 4400 3709 4472 καταπέτασμα
3795 4398 3892 4454 106

499 4464 972 4562 discernensque
1001 4481 1077 4542 ab
1109 4482 1203 4543 bis
1234 4500 1364 4564 quae
1393 4481 1572 4558 intra,
1611 4500 1681 4542 ea
1715 4464 2066 4564 quae-extra,
2090 4464 2152 4543 ut

2237 4488 2382 4562 ναοῦ,
2414 4464 2630 4550 *ὀθόνηί
2665 4504 2746 4548 τις
2804 4464 2872 4550 ἣν
2923 4484 3088 4559 μέσον
3118 4487 3428 4563 κρεμαμένη
3476 4493 3567 4543 106
3607 4464 3752 4565 ναοῦ,
3799 4489 3890 4543 καὶ

499 4571 888 4635 interstitium
923 4570 1227 4635 Scinditur
1245 4571 1837 4652 hoc,demanstrante
1855 4571 1976 4634 Deo
1995 4571 2149 4652 quod

499 4660 795 4741 templum
825 4661 1197 4723 inaccessum
1222 4672 1281 4722 et
1299 4679 1601 4742 nunquam
1635 4661 2023 4740 visum,cujus
2052 4661 2148 4721 in-

500 4749 646 4812 tima
675 4747 944 4812 velamen
992 4748 1357 4824 secludebat,
1409 4749 1666 4810 solvatur
1697 4758 1754 4809 et
1785 4749 2148 4828 profanetur,

496 4838 582 4900 ita
611 4845 675 4900 ut
697 4838 979 4900 omnibus
1007 4838 1086 4900 sit
1119 4836 1468 4901 accessibile
1507 4846 1567 4900 et
1600 4837 1946 4917 spectabile.
1981 4840 2150 4902 Non-

502 4926 652 4988 nulli
675 4926 820 4988 alias
851 4945 1059 4989 causas
1085 4927 1433 5002 aﬂ‘erunt,et
1466 4926 1622 5007 quod
1656 4926 1996 4988 revelentur
2015 4946 2150 4988 om-

503 5015 607 5077 nia
633 5015 1003 5095 legalia,quaa
1027 5015 1191 5096 prius
1222 5015 1420 5078 littera
1448 5024 1512 5077 ut
1543 5014 1873 5076 velamento
1892 5017 2147 5096 quodam

506 5109 684 5165 erant
733 5111 1055 5183 cooperta:
1091 5111 1150 5165 et
1197 5122 1330 5185 quae
1377 5104 1543 5186 prius
1573 5103 1830 5166 obscura
1883 5115 2051 5167 erant
2082 5124 2150 5167 ac

415 5225 418 5227 >
506 5191 686 5270 plena
715 5190 1609 5267 anigmatibus,maniiestantur
1639 5211 1795 5255 nunc
1826 5193 1887 5255 in
1917 5192 2154 5257 Christo

504 5279 771 5359 impleta.
807 5279 969 5342 Licet
995 5287 1057 5343 et
1099 5282 1254 5344 istud
1292 5282 1518 5362 dicere,
1548 5282 1705 5344 sicut
1731 5294 1863 5345 erat
1895 5301 2023 5344 mos
2045 5285 2155 5345 Ju-

507 5367 654 5430 daeis
683 5368 742 5430 in
776 5366 1166 5450 blasphemiis
1195 5378 1404 5432 contra
1433 5372 1618 5434 Deum
1642 5370 1917 5433 scindere
1937 5379 2154 5452 vestes,

509 5455 765 5519 itsnunc
791 5475 1028 5539 quoque
1049 5457 1309 5521 divinum
1337 5460 1624 5540 templum
1665 5460 1838 5541 quasi
1877 5476 2061 5540 agres
2081 5461 2162 5523 fe-

507 5559 652 5629 rens
667 5543 883 5608 Christi
903 5547 1671 5627 mortem,disrupitvestem
1688 5567 1854 5612 suam
1868 5597 1883 5624 ,
1917 5550 2030 5612 hoc
2047 5559 2156 5627 est,

507 5634 727 5697 velum.
746 5633 1101 5718 Possetquis
1117 5635 1300 5700 etslia
1317 5637 1516 5710 dicere
1544 5657 1557 5701 :
1578 5637 1682 5699 sed
1702 5639 1829 5702 hec
1840 5638 2157 5704 sufﬁciant.

2235 4571 2647 4652 ἀποτειχίζουσα
2697 4572 2763 4628 τὰ
2820 4572 2926 4629 ἔσω
2954 4575 3085 4652 πρὸς
3119 4575 3185 4629 τὰ
3242 4572 3361 4649 ἔξω,
3402 4575 3521 4632 οἷόν
3551 4597 3601 4631 τι
3633 4575 3889 4648 μεσότοι-

2238 4685 2363 4741 χον.
2445 4663 2692 4741 Σχίζεται
2768 4662 2940 4718 τοίνυν
2998 4669 3175 4743 τοῦτο,
3237 4661 3530 4726 δεικνύντος
3587 4674 3679 4724 τοῦ
3731 4667 3884 4733 Θεού,

2236 4750 2317 4806 ὅτι
2369 4753 2397 4807 6
2448 4753 2572 4813 ναὸς
2629 4752 2657 4806 6
2687 4746 2905 4818 ἄϐατος,
2938 4753 2964 4809 6
3025 4750 3268 4832 ἀθέατος,
3300 4752 3358 4809 06
3400 4754 3465 4809 τὰ
3495 4753 3736 4811 ἆσώτατα
3775 4753 3886 4811 ἃπ-

2236 4839 2464 4918 ετείχιζε
2523 4842 2584 4897 τὸ
2640 4841 3051 4921 καταπέτασμα,
3119 4843 3255 4899 οὓτω
3311 4841 3739 4922 χυδαιωθησεται
3800 4847 3888 4901 καὶ

2234 4925 2694 5005 βεϐηλωθήσεται,
2761 4928 2900 4986 ὥστε
2969 4937 3131 4986 πᾶσιν
3189 4931 3332 4987 εἶναι
3364 4933 3525 5008 βατὸς
3552 4935 3639 4989 καὶ
3678 4933 3887 4999 θεατός.

2236 5018 2385 5082 Τινὲς
2454 5016 2510 5074 δέ
2580 5019 2667 5075 καὶ
2731 5018 2895 5083 ἄλλας
2929 5020 3094 5082 αἰτίας
3125 5018 3386 5099 λέγουσιν’
3439 5023 3732 5098 Ἐσήμαινε
3763 5025 3889 5103 γὰρ,

2238 5107 2361 5186 φασὶ
2427 5109 2491 5163 16
2546 5107 2929 5184 καταπέτασμα
2984 5110 3331 5191 σχιζόμενον,
3377 5112 3477 5179 τὴν
3509 5115 3600 5171 106
3631 5115 3892 5192 γράμμα-

2237 5217 2329 5262 τος
2374 5204 2468 5255 106
2531 5199 2753 5273 νομικοῦ
2808 5198 3153 5277 περιαίρεσιν,
3212 5203 3300 5257 ναὶ
3341 5200 3420 5258 ὅτι
3452 5202 3898 5280 ἀποκαλυφθήσε-

2239 5306 2325 5342 ται
2378 5286 2553 5343 πάντα
2621 5287 2688 5343 τὰ
2773 5289 2988 5367 νομικὰ,
3047 5287 3084 5345 ἅ
3135 5291 3388 5368 πρότερον
3447 5295 3523 5364 τῷ
3611 5291 3904 5372 γράμματι

2242 5375 2397 5432 οἱονεί
2476 5398 2574 5433 τινι
2660 5378 3103 5453 καταπετάσματι
3187 5381 3622 5458 συνεκρὺπτοντο,
3682 5380 3772 5434 καὶ
3828 5373 3909 5433 τὰ

2243 5464 2362 5540 πρὶν
2415 5462 2596 5542 ἆσαφῆ
2655 5466 2742 5522 καὶ
2811 5464 3198 5546 αἰνιγματώδη,
3305 5468 3730 5546 φανερωθήσεται
3805 5470 3912 5526 νῦν

2244 5553 2318 5615 εἰς
2346 5553 2439 5609 τὸν
2459 5553 2682 5632 Χριστὸν
2711 5552 2961 5616 ἰκϐἆντα.
2993 5545 3160 5613 ’Ἐστι
3187 5554 3240 5612 δέ
3265 5558 3352 5612 καὶ
3386 5557 3539 5613 τοῦτο
3567 5557 3759 5636 εἰπεῖν,
3812 5554 3908 5613 ὅ-τι

2243 5640 2358 5705 ἔθος
2389 5641 2454 5710 ἦν
2497 5642 2617 5707 τοῖς
2648 5639 2922 5710 Ἰουδαίοις
2966 5645 3051 5702 επὶ
3094 5658 3218 5708 ταῖς
3280 5645 3420 5702 κατὰ
3449 5645 3580 5705 Θεοῦ
3635 5644 3915 5728 βλασφη-
