  <div class='ocr_page' id='page_1' title='image "/cluster/home/n/w/nwhite01/storage/ocr_20150623/123:no.1/coo.31924054870286/244.png"; bbox 0 0 4170 6458; ppageno 0'>
   <div class='ocr_carea' id='block_1_1' title="bbox 341 360 472 428">
    <p class='ocr_par' dir='ltr' id='par_1_1' title="bbox 341 360 472 428">
     <span class='ocr_line' id='line_1_1' title="bbox 341 360 472 428; baseline -0.015 0"><span class='ocrx_word' id='word_1_1' title='bbox 341 360 472 428; x_wconf 72' lang='grc'><strong>473</strong></span> 
     </span>
    </p>
   </div>
   <div class='ocr_carea' id='block_1_2' title="bbox 975 349 2015 422">
    <p class='ocr_par' dir='ltr' id='par_1_2' title="bbox 975 351 2015 420">
     <span class='ocr_line' id='line_1_2' title="bbox 975 351 2015 420; baseline -0.008 0"><span class='ocrx_word' id='word_1_2' title='bbox 975 352 1422 420; x_wconf 76' lang='lat' dir='ltr'><strong>ENARRATIO</strong></span> <span class='ocrx_word' id='word_1_3' title='bbox 1465 353 1550 417; x_wconf 81' lang='lat' dir='ltr'><strong>IN</strong></span> <span class='ocrx_word' id='word_1_4' title='bbox 1594 351 2015 418; x_wconf 78' lang='lat' dir='ltr'><strong>EVANGELII</strong></span> 
     </span>
    </p>
   </div>
   <div class='ocr_carea' id='block_1_3' title="bbox 2104 349 3164 422">
    <p class='ocr_par' dir='ltr' id='par_1_3' title="bbox 2104 349 3164 422">
     <span class='ocr_line' id='line_1_3' title="bbox 2104 349 3164 422; baseline 0.008 -10"><span class='ocrx_word' id='word_1_5' title='bbox 2104 353 2110 412; x_wconf 78' lang='grc' dir='ltr'>ἶ</span> <span class='ocrx_word' id='word_1_6' title='bbox 2153 349 2560 417; x_wconf 74' lang='grc' dir='ltr'><strong>ΜΑΤΤΗιΕΙ.</strong></span> <span class='ocrx_word' id='word_1_7' title='bbox 2611 385 2685 400; x_wconf 92' lang='lat'>--</span> <span class='ocrx_word' id='word_1_8' title='bbox 2728 357 2895 420; x_wconf 74' lang='lat' dir='ltr'><strong>CAP.</strong></span> <span class='ocrx_word' id='word_1_9' title='bbox 2941 356 3164 422; x_wconf 81' lang='lat' dir='ltr'><strong>XXVII</strong></span> 
     </span>
    </p>
   </div>
   <div class='ocr_carea' id='block_1_4' title="bbox 3633 360 3752 426">
    <p class='ocr_par' dir='ltr' id='par_1_4' title="bbox 3633 360 3752 426">
     <span class='ocr_line' id='line_1_4' title="bbox 3633 360 3752 426; baseline 0.034 -4"><span class='ocrx_word' id='word_1_10' title='bbox 3633 360 3752 426; x_wconf 73' lang='grc'><strong>474</strong></span> 
     </span>
    </p>
   </div>
   <div class='ocr_carea' id='block_1_5' title="bbox 351 481 2015 574">
    <p class='ocr_par' dir='ltr' id='par_1_5' title="bbox 351 487 2015 571">
     <span class='ocr_line' id='line_1_5' title="bbox 351 487 2015 571; baseline -0.006 -20"><span class='ocrx_word' id='word_1_11' title='bbox 351 495 537 570; x_wconf 81' lang='grc' dir='ltr'><strong>μίαις,</strong></span> <span class='ocrx_word' id='word_1_12' title='bbox 569 490 1003 571; x_wconf 68' lang='grc' dir='ltr'><strong>περιρρήγνυσθαι</strong></span> <span class='ocrx_word' id='word_1_13' title='bbox 1073 489 1193 553; x_wconf 82' lang='grc' dir='ltr'><strong>τοὺς</strong></span> <span class='ocrx_word' id='word_1_14' title='bbox 1236 491 1499 567; x_wconf 82' lang='grc' dir='ltr'><strong>χιτῶνας.</strong></span> <span class='ocrx_word' id='word_1_15' title='bbox 1560 487 1660 545; x_wconf 77' lang='grc' dir='ltr'><strong>Καὶ</strong></span> <span class='ocrx_word' id='word_1_16' title='bbox 1707 495 1792 543; x_wconf 84' lang='grc' dir='ltr'><strong>νῦν</strong></span> <span class='ocrx_word' id='word_1_17' title='bbox 1843 489 1932 544; x_wconf 74' lang='grc' dir='ltr'><strong>οὖν</strong></span> <span class='ocrx_word' id='word_1_18' title='bbox 1992 487 2015 541; x_wconf 80' lang='grc' dir='ltr'>ὁ</span> 
     </span>
    </p>
   </div>
   <div class='ocr_carea' id='block_1_6' title="bbox 2104 481 3750 574">
    <p class='ocr_par' dir='ltr' id='par_1_6' title="bbox 2104 481 3750 574">
     <span class='ocr_line' id='line_1_6' title="bbox 2104 481 3750 574; baseline 0.008 -30"><span class='ocrx_word' id='word_1_19' title='bbox 2104 481 2412 574; x_wconf 84' lang='lat' dir='ltr'><strong>Elementa</strong></span> <span class='ocrx_word' id='word_1_20' title='bbox 2435 504 2572 548; x_wconf 84' lang='lat' dir='ltr'><strong>vero</strong></span> <span class='ocrx_word' id='word_1_21' title='bbox 2594 497 2891 552; x_wconf 87' lang='lat' dir='ltr'><strong>commota</strong></span> <span class='ocrx_word' id='word_1_22' title='bbox 2921 490 3228 554; x_wconf 72' lang='lat' dir='ltr'><strong>declarant</strong></span> <span class='ocrx_word' id='word_1_23' title='bbox 3256 510 3391 556; x_wconf 83' lang='lat' dir='ltr'><strong>eum</strong></span> <span class='ocrx_word' id='word_1_24' title='bbox 3430 495 3528 573; x_wconf 78' lang='lat' dir='ltr'><strong>qui</strong></span> <span class='ocrx_word' id='word_1_25' title='bbox 3558 493 3750 574; x_wconf 68' lang='lat' dir='ltr'><strong>patie-</strong></span> 
     </span>
    </p>
   </div>
   <div class='ocr_carea' id='block_1_7' title="bbox 343 574 2011 658">
    <p class='ocr_par' dir='ltr' id='par_1_7' title="bbox 343 574 2011 658">
     <span class='ocr_line' id='line_1_7' title="bbox 343 574 2011 658; baseline -0.007 -16"><span class='ocrx_word' id='word_1_26' title='bbox 343 590 500 647; x_wconf 74' lang='grc' dir='ltr'><strong>θεῖος</strong></span> <span class='ocrx_word' id='word_1_27' title='bbox 547 584 667 644; x_wconf 71' lang='grc' dir='ltr'><strong>ναὸς</strong></span> <span class='ocrx_word' id='word_1_28' title='bbox 695 581 872 658; x_wconf 78' lang='grc' dir='ltr'><strong>ὥσπερ</strong></span> <span class='ocrx_word' id='word_1_29' title='bbox 929 577 1290 658; x_wconf 70' lang='grc' dir='ltr'>δυσχεραίνων</span> <span class='ocrx_word' id='word_1_30' title='bbox 1341 577 1426 632; x_wconf 76' lang='grc' dir='ltr'><strong>ἐπὶ</strong></span> <span class='ocrx_word' id='word_1_31' title='bbox 1472 578 1534 652; x_wconf 82' lang='grc' dir='ltr'><strong>τὸ</strong></span> <span class='ocrx_word' id='word_1_32' title='bbox 1565 585 1656 635; x_wconf 90' lang='grc' dir='ltr'><strong>τοῦ</strong></span> <span class='ocrx_word' id='word_1_33' title='bbox 1685 583 1817 638; x_wconf 84' lang='grc' dir='ltr'><strong>Θεοῦ</strong></span> <span class='ocrx_word' id='word_1_34' title='bbox 1844 574 2011 632; x_wconf 81' lang='grc' dir='ltr'><strong>θανά-</strong></span> 
     </span>
    </p>
   </div>
   <div class='ocr_carea' id='block_1_8' title="bbox 340 663 2013 753">
    <p class='ocr_par' dir='ltr' id='par_1_8' title="bbox 340 663 2013 753">
     <span class='ocr_line' id='line_1_8' title="bbox 340 663 2013 753; baseline -0.007 -22"><span class='ocrx_word' id='word_1_35' title='bbox 340 697 449 753; x_wconf 81' lang='grc' dir='ltr'><strong>τῳ,</strong></span> <span class='ocrx_word' id='word_1_36' title='bbox 515 669 890 750; x_wconf 67' lang='grc' dir='ltr'><strong>περιερρήξατο</strong></span> <span class='ocrx_word' id='word_1_37' title='bbox 945 669 1046 735; x_wconf 70' lang='grc' dir='ltr'><strong>τὴν</strong></span> <span class='ocrx_word' id='word_1_38' title='bbox 1117 669 1304 723; x_wconf 66' lang='grc' dir='ltr'><strong>ἑαυτοῦ</strong></span> <span class='ocrx_word' id='word_1_39' title='bbox 1374 665 1590 737; x_wconf 74' lang='grc' dir='ltr'><strong>ἐσθῆτα,</strong></span> <span class='ocrx_word' id='word_1_40' title='bbox 1649 665 1711 721; x_wconf 86' lang='grc' dir='ltr'><strong>τὸ</strong></span> <span class='ocrx_word' id='word_1_41' title='bbox 1780 663 2013 722; x_wconf 80' lang='grc' dir='ltr'><strong>καταπέ-</strong></span> 
     </span>
    </p>
   </div>
   <div class='ocr_carea' id='block_1_9' title="bbox 345 753 2013 836">
    <p class='ocr_par' dir='ltr' id='par_1_9' title="bbox 345 753 2013 836">
     <span class='ocr_line' id='line_1_9' title="bbox 345 753 2013 836; baseline -0.007 -16"><span class='ocrx_word' id='word_1_42' title='bbox 345 785 555 836; x_wconf 81' lang='grc' dir='ltr'><strong>τασμα.</strong></span> <span class='ocrx_word' id='word_1_43' title='bbox 621 761 717 818; x_wconf 78' lang='grc' dir='ltr'><strong>Καὶ</strong></span> <span class='ocrx_word' id='word_1_44' title='bbox 772 758 908 815; x_wconf 77' lang='grc' dir='ltr'><strong>ἄλλα</strong></span> <span class='ocrx_word' id='word_1_45' title='bbox 966 755 1012 813; x_wconf 84' lang='grc' dir='ltr'><strong>δ’</strong></span> <span class='ocrx_word' id='word_1_46' title='bbox 1044 755 1107 814; x_wconf 77' lang='grc' dir='ltr'><strong>ἂν</strong></span> <span class='ocrx_word' id='word_1_47' title='bbox 1150 754 1269 836; x_wconf 84' lang='grc' dir='ltr'><strong>’ἑχοι</strong></span> <span class='ocrx_word' id='word_1_48' title='bbox 1313 777 1395 819; x_wconf 93' lang='grc' dir='ltr'><strong>τις</strong></span> <span class='ocrx_word' id='word_1_49' title='bbox 1437 755 1636 830; x_wconf 71' lang='grc' dir='ltr'><strong>εἰπεῖν,</strong></span> <span class='ocrx_word' id='word_1_50' title='bbox 1670 753 1791 810; x_wconf 79' lang='grc' dir='ltr'><strong>ἀλλ’</strong></span> <span class='ocrx_word' id='word_1_51' title='bbox 1815 755 2013 827; x_wconf 67' lang='grc' dir='ltr'><strong>αὔταρ-</strong></span> 
     </span>
    </p>
   </div>
   <div class='ocr_carea' id='block_1_10' title="bbox 348 843 2015 927">
    <p class='ocr_par' dir='ltr' id='par_1_10' title="bbox 348 843 2015 927">
     <span class='ocr_line' id='line_1_10' title="bbox 348 843 2015 927; baseline -0.006 -19"><span class='ocrx_word' id='word_1_52' title='bbox 348 876 425 920; x_wconf 77' lang='grc' dir='ltr'><strong>κη</strong></span> <span class='ocrx_word' id='word_1_53' title='bbox 488 858 675 912; x_wconf 82' lang='grc' dir='ltr'><strong>ταῦτα,</strong></span> <span class='ocrx_word' id='word_1_54' title='bbox 710 849 786 907; x_wconf 75' lang='grc' dir='ltr'><strong>Τὰ</strong></span> <span class='ocrx_word' id='word_1_55' title='bbox 827 847 883 904; x_wconf 76' lang='grc' dir='ltr'><strong>δὲ</strong></span> <span class='ocrx_word' id='word_1_56' title='bbox 927 850 1178 927; x_wconf 79' lang='grc' dir='ltr'><strong>στοιχεῖα</strong></span> <span class='ocrx_word' id='word_1_57' title='bbox 1233 845 1570 916; x_wconf 71' lang='grc' dir='ltr'><strong>ἐσείσθησαν,</strong></span> <span class='ocrx_word' id='word_1_58' title='bbox 1627 843 1739 919; x_wconf 80' lang='grc' dir='ltr'><strong>ἅμα</strong></span> <span class='ocrx_word' id='word_1_59' title='bbox 1784 845 1881 920; x_wconf 80' lang='grc' dir='ltr'><strong>μὲν</strong></span> <span class='ocrx_word' id='word_1_60' title='bbox 1928 843 2015 899; x_wconf 83' lang='grc' dir='ltr'><strong>καὶ</strong></span> 
     </span>
    </p>
   </div>
   <div class='ocr_carea' id='block_1_11' title="bbox 355 931 2013 1018">
    <p class='ocr_par' dir='ltr' id='par_1_11' title="bbox 355 931 2013 1018">
     <span class='ocr_line' id='line_1_11' title="bbox 355 931 2013 1018; baseline -0.005 -21"><span class='ocrx_word' id='word_1_61' title='bbox 355 940 698 1017; x_wconf 77' lang='grc' dir='ltr'><strong>Δημιουργὸν</strong></span> <span class='ocrx_word' id='word_1_62' title='bbox 754 937 1074 1018; x_wconf 72' lang='grc' dir='ltr'><strong>ἐμφαίνοντα</strong></span> <span class='ocrx_word' id='word_1_63' title='bbox 1118 936 1260 993; x_wconf 71' lang='grc' dir='ltr'><strong>εἶναι</strong></span> <span class='ocrx_word' id='word_1_64' title='bbox 1305 935 1396 990; x_wconf 80' lang='grc' dir='ltr'><strong>τὸν</strong></span> <span class='ocrx_word' id='word_1_65' title='bbox 1443 934 1746 1013; x_wconf 72' lang='grc' dir='ltr'><strong>πάσχοντα,</strong></span> <span class='ocrx_word' id='word_1_66' title='bbox 1807 933 1916 1008; x_wconf 73' lang='grc' dir='ltr'><strong>ἅμα</strong></span> <span class='ocrx_word' id='word_1_67' title='bbox 1959 931 2013 988; x_wconf 77' lang='grc' dir='ltr'><strong>δὲ</strong></span> 
     </span>
    </p>
   </div>
   <div class='ocr_carea' id='block_1_12' title="bbox 347 1021 2008 1100">
    <p class='ocr_par' dir='ltr' id='par_1_12' title="bbox 347 1021 2008 1100">
     <span class='ocr_line' id='line_1_12' title="bbox 347 1021 2008 1100; baseline -0.007 -15"><span class='ocrx_word' id='word_1_68' title='bbox 347 1031 442 1086; x_wconf 77' lang='grc' dir='ltr'><strong>καὶ</strong></span> <span class='ocrx_word' id='word_1_69' title='bbox 515 1025 777 1094; x_wconf 85' lang='grc' dir='ltr'><strong>δηλοῦντα</strong></span> <span class='ocrx_word' id='word_1_70' title='bbox 835 1027 913 1088; x_wconf 81' lang='grc' dir='ltr'><strong>ὡς</strong></span> <span class='ocrx_word' id='word_1_71' title='bbox 985 1024 1466 1100; x_wconf 83' lang='grc' dir='ltr'><strong>μετακινηθήσεται</strong></span> <span class='ocrx_word' id='word_1_72' title='bbox 1547 1022 1613 1076; x_wconf 76' lang='grc' dir='ltr'><strong>τὰ</strong></span> <span class='ocrx_word' id='word_1_73' title='bbox 1673 1021 1964 1098; x_wconf 73' lang='grc' dir='ltr'><strong>πράγματα</strong></span> <span class='ocrx_word' id='word_1_74' title='bbox 1996 1037 2008 1050; x_wconf 84' lang='grc'><em>’</em></span> 
     </span>
    </p>
   </div>
   <div class='ocr_carea' id='block_1_13' title="bbox 348 1110 2014 1196">
    <p class='ocr_par' dir='ltr' id='par_1_13' title="bbox 348 1110 2014 1196">
     <span class='ocr_line' id='line_1_13' title="bbox 348 1110 2014 1196; baseline -0.007 -20"><span class='ocrx_word' id='word_1_75' title='bbox 348 1121 445 1176; x_wconf 73' lang='grc' dir='ltr'><strong>τὸν</strong></span> <span class='ocrx_word' id='word_1_76' title='bbox 492 1119 592 1196; x_wconf 73' lang='grc' dir='ltr'><strong>γὰρ</strong></span> <span class='ocrx_word' id='word_1_77' title='bbox 620 1117 841 1189; x_wconf 76' lang='grc' dir='ltr'><strong>σεισμὸν</strong></span> <span class='ocrx_word' id='word_1_78' title='bbox 899 1116 935 1183; x_wconf 75' lang='grc' dir='ltr'>ἡ</span> <span class='ocrx_word' id='word_1_79' title='bbox 981 1114 1164 1193; x_wconf 73' lang='grc' dir='ltr'><strong>Γραιφῆ</strong></span> <span class='ocrx_word' id='word_1_80' title='bbox 1221 1112 1307 1168; x_wconf 72' lang='grc' dir='ltr'><strong>ἐπὶ</strong></span> <span class='ocrx_word' id='word_1_81' title='bbox 1365 1113 1463 1177; x_wconf 77' lang='grc' dir='ltr'><strong>τῆς</strong></span> <span class='ocrx_word' id='word_1_82' title='bbox 1521 1113 1628 1166; x_wconf 86' lang='grc' dir='ltr'><strong>τῶν</strong></span> <span class='ocrx_word' id='word_1_83' title='bbox 1685 1110 2014 1188; x_wconf 59' lang='grc' dir='ltr'><strong>πραγμάτων</strong></span> 
     </span>
    </p>
   </div>
   <div class='ocr_carea' id='block_1_14' title="bbox 347 1201 2010 1284">
    <p class='ocr_par' dir='ltr' id='par_1_14' title="bbox 347 1201 2010 1284">
     <span class='ocr_line' id='line_1_14' title="bbox 347 1201 2010 1284; baseline -0.006 -19"><span class='ocrx_word' id='word_1_84' title='bbox 347 1207 686 1284; x_wconf 72' lang='grc' dir='ltr'><strong>μεταθέσεως</strong></span> <span class='ocrx_word' id='word_1_85' title='bbox 757 1205 958 1262; x_wconf 83' lang='grc' dir='ltr'><strong>τάττει.</strong></span> <span class='ocrx_word' id='word_1_86' title='bbox 1050 1203 1296 1282; x_wconf 75' lang='grc' dir='ltr'><strong>Ἐγένετο</strong></span> <span class='ocrx_word' id='word_1_87' title='bbox 1354 1203 1440 1258; x_wconf 78' lang='grc' dir='ltr'><strong>οῦν</strong></span> <span class='ocrx_word' id='word_1_88' title='bbox 1497 1202 1531 1269; x_wconf 76' lang='grc' dir='ltr'>ἡ</span> <span class='ocrx_word' id='word_1_89' title='bbox 1577 1201 1854 1275; x_wconf 76' lang='grc' dir='ltr'><strong>μετάθεσις</strong></span> <span class='ocrx_word' id='word_1_90' title='bbox 1911 1205 2010 1267; x_wconf 76' lang='grc' dir='ltr'><strong>τῆς</strong></span> 
     </span>
    </p>
   </div>
   <div class='ocr_carea' id='block_1_15' title="bbox 350 1289 2007 1366">
    <p class='ocr_par' dir='ltr' id='par_1_15' title="bbox 350 1289 2007 1366">
     <span class='ocr_line' id='line_1_15' title="bbox 350 1289 2007 1366; baseline -0.007 -11"><span class='ocrx_word' id='word_1_91' title='bbox 350 1304 448 1355; x_wconf 84' lang='grc' dir='ltr'><strong>τοῦ</strong></span> <span class='ocrx_word' id='word_1_92' title='bbox 485 1303 618 1353; x_wconf 86' lang='grc' dir='ltr'><strong>Θεοῦ</strong></span> <span class='ocrx_word' id='word_1_93' title='bbox 645 1295 975 1366; x_wconf 62' lang='grc' dir='ltr'><strong>ἐπισκοπῆς,</strong></span> <span class='ocrx_word' id='word_1_94' title='bbox 1008 1292 1115 1349; x_wconf 79' lang='grc' dir='ltr'><strong>ἀπὸ</strong></span> <span class='ocrx_word' id='word_1_95' title='bbox 1143 1298 1251 1348; x_wconf 90' lang='grc' dir='ltr'><strong>τῶν</strong></span> <span class='ocrx_word' id='word_1_96' title='bbox 1280 1289 1542 1348; x_wconf 83' lang='grc' dir='ltr'><strong>Ἰουδαίων</strong></span> <span class='ocrx_word' id='word_1_97' title='bbox 1599 1289 1684 1347; x_wconf 70' lang='grc' dir='ltr'><strong>ἐπὶ</strong></span> <span class='ocrx_word' id='word_1_98' title='bbox 1727 1290 1792 1346; x_wconf 67' lang='grc' dir='ltr'><strong>τὰ</strong></span> <span class='ocrx_word' id='word_1_99' title='bbox 1834 1289 1957 1356; x_wconf 77' lang='grc' dir='ltr'><strong>ἔθνη</strong></span> <span class='ocrx_word' id='word_1_100' title='bbox 1993 1309 2007 1325; x_wconf 89' lang='grc'><strong>·</strong></span> 
     </span>
    </p>
   </div>
   <div class='ocr_carea' id='block_1_16' title="bbox 348 1378 2006 1462">
    <p class='ocr_par' dir='ltr' id='par_1_16' title="bbox 348 1378 2006 1462">
     <span class='ocr_line' id='line_1_16' title="bbox 348 1378 2006 1462; baseline -0.005 -20"><span class='ocrx_word' id='word_1_101' title='bbox 348 1388 443 1442; x_wconf 74' lang='grc' dir='ltr'><strong>καὶ</strong></span> <span class='ocrx_word' id='word_1_102' title='bbox 497 1386 547 1441; x_wconf 76' lang='grc' dir='ltr'><strong>αἱ</strong></span> <span class='ocrx_word' id='word_1_103' title='bbox 590 1384 800 1462; x_wconf 81' lang='grc' dir='ltr'><strong>πέτραι,</strong></span> <span class='ocrx_word' id='word_1_104' title='bbox 862 1382 982 1451; x_wconf 70' lang='grc' dir='ltr'><strong>ἤτοι</strong></span> <span class='ocrx_word' id='word_1_105' title='bbox 1041 1383 1091 1438; x_wconf 80' lang='grc' dir='ltr'><strong>αἱ</strong></span> <span class='ocrx_word' id='word_1_106' title='bbox 1149 1380 1332 1438; x_wconf 79' lang='grc' dir='ltr'><strong>λίθινοι</strong></span> <span class='ocrx_word' id='word_1_107' title='bbox 1379 1378 1585 1459; x_wconf 88' lang='grc' dir='ltr'><strong>καρδίαι</strong></span> <span class='ocrx_word' id='word_1_108' title='bbox 1633 1386 1740 1436; x_wconf 77' lang='grc' dir='ltr'><strong>τῶν</strong></span> <span class='ocrx_word' id='word_1_109' title='bbox 1770 1379 2006 1461; x_wconf 74' lang='grc' dir='ltr'><strong>ἐθνικῶν,</strong></span> 
     </span>
    </p>
   </div>
   <div class='ocr_carea' id='block_1_17' title="bbox 354 1469 2007 1555">
    <p class='ocr_par' dir='ltr' id='par_1_17' title="bbox 354 1469 2007 1555">
     <span class='ocr_line' id='line_1_17' title="bbox 354 1469 2007 1555; baseline -0.004 -24"><span class='ocrx_word' id='word_1_110' title='bbox 354 1477 703 1555; x_wconf 77' lang='grc' dir='ltr'><strong>εὒχίσθησαν,</strong></span> <span class='ocrx_word' id='word_1_111' title='bbox 747 1474 837 1529; x_wconf 83' lang='grc' dir='ltr'><strong>καὶ</strong></span> <span class='ocrx_word' id='word_1_112' title='bbox 880 1469 1194 1538; x_wconf 76' lang='grc' dir='ltr'><strong>ὑπεδέξαντο</strong></span> <span class='ocrx_word' id='word_1_113' title='bbox 1227 1473 1318 1526; x_wconf 81' lang='grc' dir='ltr'><strong>τὸν</strong></span> <span class='ocrx_word' id='word_1_114' title='bbox 1351 1475 1450 1536; x_wconf 81' lang='grc' dir='ltr'><strong>τῆς</strong></span> <span class='ocrx_word' id='word_1_115' title='bbox 1496 1469 1743 1536; x_wconf 74' lang='grc' dir='ltr'><strong>ἀληθείας</strong></span> <span class='ocrx_word' id='word_1_116' title='bbox 1789 1470 2007 1550; x_wconf 83' lang='grc' dir='ltr'><strong>σπόρον,</strong></span> 
     </span>
    </p>
   </div>
   <div class='ocr_carea' id='block_1_18' title="bbox 350 1557 2011 1642">
    <p class='ocr_par' dir='ltr' id='par_1_18' title="bbox 350 1557 2011 1642">
     <span class='ocr_line' id='line_1_18' title="bbox 350 1557 2011 1642; baseline -0.004 -20"><span class='ocrx_word' id='word_1_117' title='bbox 350 1567 443 1622; x_wconf 82' lang='grc' dir='ltr'><strong>καὶ</strong></span> <span class='ocrx_word' id='word_1_118' title='bbox 491 1567 537 1621; x_wconf 84' lang='grc' dir='ltr'><strong>οἱ</strong></span> <span class='ocrx_word' id='word_1_119' title='bbox 579 1561 960 1642; x_wconf 78' lang='grc' dir='ltr'><strong>νενεκρωμένοι</strong></span> <span class='ocrx_word' id='word_1_120' title='bbox 1012 1575 1132 1627; x_wconf 76' lang='grc' dir='ltr'><strong>ταῖς</strong></span> <span class='ocrx_word' id='word_1_121' title='bbox 1183 1560 1462 1640; x_wconf 69' lang='grc' dir='ltr'><strong>ἁμαρτίαις</strong></span> <span class='ocrx_word' id='word_1_122' title='bbox 1494 1557 1866 1633; x_wconf 71' lang='grc' dir='ltr'><strong>ἐξανέστησαν,</strong></span> <span class='ocrx_word' id='word_1_123' title='bbox 1925 1561 2011 1616; x_wconf 79' lang='grc' dir='ltr'><strong>καὶ</strong></span> 
     </span>
    </p>
   </div>
   <div class='ocr_carea' id='block_1_19' title="bbox 349 1647 2007 1729">
    <p class='ocr_par' dir='ltr' id='par_1_19' title="bbox 349 1647 2007 1729">
     <span class='ocr_line' id='line_1_19' title="bbox 349 1647 2007 1729; baseline -0.004 -19"><span class='ocrx_word' id='word_1_124' title='bbox 349 1653 518 1722; x_wconf 70' lang='grc' dir='ltr'><strong>ἦλθον</strong></span> <span class='ocrx_word' id='word_1_125' title='bbox 568 1654 641 1715; x_wconf 78' lang='grc' dir='ltr'><strong>εἷς</strong></span> <span class='ocrx_word' id='word_1_126' title='bbox 697 1652 797 1718; x_wconf 67' lang='grc' dir='ltr'><strong>τὴν</strong></span> <span class='ocrx_word' id='word_1_127' title='bbox 855 1651 1008 1727; x_wconf 79' lang='grc' dir='ltr'><strong>ἁγίαν</strong></span> <span class='ocrx_word' id='word_1_128' title='bbox 1065 1649 1248 1729; x_wconf 89' lang='grc' dir='ltr'><strong>πόλιν,</strong></span> <span class='ocrx_word' id='word_1_129' title='bbox 1304 1649 1402 1716; x_wconf 75' lang='grc' dir='ltr'><strong>τὴν</strong></span> <span class='ocrx_word' id='word_1_130' title='bbox 1469 1647 1578 1705; x_wconf 80' lang='grc' dir='ltr'><strong>ἄνω</strong></span> <span class='ocrx_word' id='word_1_131' title='bbox 1637 1648 2007 1728; x_wconf 74' lang='grc' dir='ltr'><strong>Ἰερουσαλὴμ,</strong></span> 
     </span>
    </p>
   </div>
   <div class='ocr_carea' id='block_1_20' title="bbox 348 1736 2010 1820">
    <p class='ocr_par' dir='ltr' id='par_1_20' title="bbox 348 1736 2010 1820">
     <span class='ocr_line' id='line_1_20' title="bbox 348 1736 2010 1820; baseline -0.004 -21"><span class='ocrx_word' id='word_1_132' title='bbox 348 1745 440 1799; x_wconf 77' lang='grc' dir='ltr'><strong>καὶ</strong></span> <span class='ocrx_word' id='word_1_133' title='bbox 489 1740 902 1820; x_wconf 58' lang='grc' dir='ltr'><strong>ὶνεῃανίσθησαν</strong></span> <span class='ocrx_word' id='word_1_134' title='bbox 942 1752 1058 1803; x_wconf 76' lang='grc' dir='ltr'>τοῖς</span> <span class='ocrx_word' id='word_1_135' title='bbox 1089 1736 1343 1813; x_wconf 75' lang='grc' dir='ltr'><strong>πολλοῖς,</strong></span> <span class='ocrx_word' id='word_1_136' title='bbox 1374 1751 1488 1802; x_wconf 76' lang='grc' dir='ltr'><strong>τοῖς</strong></span> <span class='ocrx_word' id='word_1_137' title='bbox 1521 1736 1605 1794; x_wconf 77' lang='grc' dir='ltr'><strong>διὰ</strong></span> <span class='ocrx_word' id='word_1_138' title='bbox 1628 1743 1727 1805; x_wconf 79' lang='grc' dir='ltr'><strong>τῆς</strong></span> <span class='ocrx_word' id='word_1_139' title='bbox 1758 1736 2010 1804; x_wconf 85' lang='grc' dir='ltr'><strong>πλατείας</strong></span> 
     </span>
    </p>
   </div>
   <div class='ocr_carea' id='block_1_21' title="bbox 351 1826 2007 1908">
    <p class='ocr_par' dir='ltr' id='par_1_21' title="bbox 351 1826 2007 1908">
     <span class='ocr_line' id='line_1_21' title="bbox 351 1826 2007 1908; baseline -0.004 -19"><span class='ocrx_word' id='word_1_140' title='bbox 351 1831 478 1890; x_wconf 73' lang='grc' dir='ltr'><strong>ὁδοῦ</strong></span> <span class='ocrx_word' id='word_1_141' title='bbox 530 1829 792 1888; x_wconf 77' lang='grc' dir='ltr'><strong>ὁδεύουσιν</strong></span> <span class='ocrx_word' id='word_1_142' title='bbox 825 1845 840 1860; x_wconf 85' lang='grc'><strong><em>⁸</em></strong></span> <span class='ocrx_word' id='word_1_143' title='bbox 919 1829 1323 1908; x_wconf 70' lang='grc' dir='ltr'><strong>ἓμφανισθὲντες</strong></span> <span class='ocrx_word' id='word_1_144' title='bbox 1406 1826 1460 1884; x_wconf 72' lang='grc' dir='ltr'><strong>δὲ</strong></span> <span class='ocrx_word' id='word_1_145' title='bbox 1518 1833 1725 1903; x_wconf 68' lang='grc' dir='ltr'><strong>αὐτοῖς,</strong></span> <span class='ocrx_word' id='word_1_146' title='bbox 1771 1828 2007 1907; x_wconf 74' lang='grc' dir='ltr'><strong>ἀρχέτυ-</strong></span> 
     </span>
    </p>
   </div>
   <div class='ocr_carea' id='block_1_22' title="bbox 351 1909 2008 1998">
    <p class='ocr_par' dir='ltr' id='par_1_22' title="bbox 351 1909 2008 1998">
     <span class='ocr_line' id='line_1_22' title="bbox 351 1909 2008 1998; baseline -0.002 -19"><span class='ocrx_word' id='word_1_147' title='bbox 351 1945 456 1979; x_wconf 91' lang='grc' dir='ltr'><strong>πον</strong></span> <span class='ocrx_word' id='word_1_148' title='bbox 516 1923 700 1984; x_wconf 74' lang='grc' dir='ltr'><strong>αὒτοτς</strong></span> <span class='ocrx_word' id='word_1_149' title='bbox 731 1918 976 1996; x_wconf 75' lang='grc' dir='ltr'><strong>ἐγένοντο</strong></span> <span class='ocrx_word' id='word_1_150' title='bbox 1019 1919 1213 1996; x_wconf 76' lang='grc' dir='ltr'><strong>ἀγαθοῦ</strong></span> <span class='ocrx_word' id='word_1_151' title='bbox 1267 1918 1381 1994; x_wconf 80' lang='grc' dir='ltr'>βίου</span> <span class='ocrx_word' id='word_1_152' title='bbox 1441 1919 1528 1974; x_wconf 85' lang='grc' dir='ltr'><strong>καὶ</strong></span> <span class='ocrx_word' id='word_1_153' title='bbox 1558 1917 1902 1998; x_wconf 65' lang='grc' dir='ltr'><strong>ἐπιστροφῆς.</strong></span> <span class='ocrx_word' id='word_1_154' title='bbox 1952 1909 2008 1975; x_wconf 63' lang='grc' dir='ltr'><strong>ιΟ</strong></span> 
     </span>
    </p>
   </div>
   <div class='ocr_carea' id='block_1_23' title="bbox 351 2008 2009 2091">
    <p class='ocr_par' dir='ltr' id='par_1_23' title="bbox 351 2008 2009 2091">
     <span class='ocr_line' id='line_1_23' title="bbox 351 2008 2009 2091; baseline -0.003 -24"><span class='ocrx_word' id='word_1_155' title='bbox 351 2012 456 2091; x_wconf 68' lang='grc' dir='ltr'><strong>γὰρ</strong></span> <span class='ocrx_word' id='word_1_156' title='bbox 513 2008 634 2067; x_wconf 81' lang='grc' dir='ltr'>ἰδὼν</span> <span class='ocrx_word' id='word_1_157' title='bbox 691 2012 780 2066; x_wconf 78' lang='grc' dir='ltr'><strong>τὸν</strong></span> <span class='ocrx_word' id='word_1_158' title='bbox 823 2009 1012 2086; x_wconf 82' lang='grc' dir='ltr'><strong>πρώην</strong></span> <span class='ocrx_word' id='word_1_159' title='bbox 1074 2008 1470 2086; x_wconf 80' lang='grc' dir='ltr'><strong>νεκεκρωμένον</strong></span> <span class='ocrx_word' id='word_1_160' title='bbox 1510 2010 1613 2064; x_wconf 73' lang='grc' dir='ltr'><strong>ὑπὸ</strong></span> <span class='ocrx_word' id='word_1_161' title='bbox 1668 2015 1774 2065; x_wconf 90' lang='grc' dir='ltr'><strong>τῶν</strong></span> <span class='ocrx_word' id='word_1_162' title='bbox 1831 2011 2009 2065; x_wconf 84' lang='grc' dir='ltr'><strong>παθῶν</strong></span> 
     </span>
    </p>
   </div>
   <div class='ocr_carea' id='block_1_24' title="bbox 352 2096 2009 2179">
    <p class='ocr_par' dir='ltr' id='par_1_24' title="bbox 352 2096 2009 2179">
     <span class='ocr_line' id='line_1_24' title="bbox 352 2096 2009 2179; baseline -0.002 -22"><span class='ocrx_word' id='word_1_163' title='bbox 352 2098 740 2179; x_wconf 64' lang='grc' dir='ltr'><strong>δπιστραφέντα</strong></span> <span class='ocrx_word' id='word_1_164' title='bbox 792 2099 880 2154; x_wconf 82' lang='grc' dir='ltr'><strong>καὶ</strong></span> <span class='ocrx_word' id='word_1_165' title='bbox 938 2096 1220 2154; x_wconf 78' lang='grc' dir='ltr'><strong>ἀνελθόντα</strong></span> <span class='ocrx_word' id='word_1_166' title='bbox 1275 2099 1347 2161; x_wconf 85' lang='grc' dir='ltr'><strong>εἷς</strong></span> <span class='ocrx_word' id='word_1_167' title='bbox 1405 2098 1499 2165; x_wconf 76' lang='grc' dir='ltr'><strong>τὴν</strong></span> <span class='ocrx_word' id='word_1_168' title='bbox 1558 2098 1709 2174; x_wconf 81' lang='grc' dir='ltr'><strong>ἁγίαν</strong></span> <span class='ocrx_word' id='word_1_169' title='bbox 1743 2097 1796 2154; x_wconf 73' lang='grc' dir='ltr'><strong>ἐν</strong></span> <span class='ocrx_word' id='word_1_170' title='bbox 1847 2097 2009 2175; x_wconf 71' lang='grc' dir='ltr'><strong>οὖρα-</strong></span> 
     </span>
    </p>
   </div>
   <div class='ocr_carea' id='block_1_25' title="bbox 355 2186 2012 2266">
    <p class='ocr_par' dir='ltr' id='par_1_25' title="bbox 355 2186 2012 2266">
     <span class='ocr_line' id='line_1_25' title="bbox 355 2186 2012 2266; baseline -0.001 -21"><span class='ocrx_word' id='word_1_171' title='bbox 355 2204 477 2254; x_wconf 80' lang='grc' dir='ltr'><strong>νοῐς</strong></span> <span class='ocrx_word' id='word_1_172' title='bbox 510 2187 688 2264; x_wconf 76' lang='grc' dir='ltr'><strong>πολιν,</strong></span> <span class='ocrx_word' id='word_1_173' title='bbox 722 2200 970 2263; x_wconf 75' lang='grc' dir='ltr'><strong>μιμεῖται</strong></span> <span class='ocrx_word' id='word_1_174' title='bbox 999 2186 1154 2243; x_wconf 68' lang='grc' dir='ltr'><strong>αἶντὸν</strong></span> <span class='ocrx_word' id='word_1_175' title='bbox 1196 2187 1432 2258; x_wconf 78' lang='grc' dir='ltr'><strong>πάντως,</strong></span> <span class='ocrx_word' id='word_1_176' title='bbox 1482 2187 1568 2242; x_wconf 83' lang='grc' dir='ltr'><strong>καὶ</strong></span> <span class='ocrx_word' id='word_1_177' title='bbox 1595 2187 1894 2266; x_wconf 72' lang='grc' dir='ltr'><strong>ὶπιστρὲιρει</strong></span> <span class='ocrx_word' id='word_1_178' title='bbox 1925 2191 2012 2244; x_wconf 88' lang='grc' dir='ltr'><strong>καὶ</strong></span> 
     </span>
    </p>
   </div>
   <div class='ocr_carea' id='block_1_26' title="bbox 358 2276 2011 2356">
    <p class='ocr_par' dir='ltr' id='par_1_26' title="bbox 358 2276 2011 2356">
     <span class='ocr_line' id='line_1_26' title="bbox 358 2276 2011 2356; baseline -0.002 -20"><span class='ocrx_word' id='word_1_179' title='bbox 358 2281 540 2343; x_wconf 78' lang='grc' dir='ltr'><strong>αὐτός.</strong></span> <span class='ocrx_word' id='word_1_180' title='bbox 575 2287 746 2338; x_wconf 80' lang='grc' dir='ltr'><strong>ταῦτα</strong></span> <span class='ocrx_word' id='word_1_181' title='bbox 779 2278 878 2354; x_wconf 74' lang='grc' dir='ltr'><strong>μὲν</strong></span> <span class='ocrx_word' id='word_1_182' title='bbox 939 2277 1025 2335; x_wconf 76' lang='grc' dir='ltr'><strong>οὖν</strong></span> <span class='ocrx_word' id='word_1_183' title='bbox 1082 2283 1484 2356; x_wconf 81' lang='grc' dir='ltr'><strong>περιεργότερον</strong></span> <span class='ocrx_word' id='word_1_184' title='bbox 1542 2276 1738 2347; x_wconf 71' lang='grc' dir='ltr'><strong>ἐνοήθη</strong></span> <span class='ocrx_word' id='word_1_185' title='bbox 1772 2293 1786 2306; x_wconf 80' lang='grc'><strong>⁸</strong></span> <span class='ocrx_word' id='word_1_186' title='bbox 1840 2281 1900 2334; x_wconf 76' lang='grc' dir='ltr'><strong>σὺ</strong></span> <span class='ocrx_word' id='word_1_187' title='bbox 1957 2276 2011 2333; x_wconf 76' lang='grc' dir='ltr'><strong>δὲ</strong></span> 
     </span>
    </p>
   </div>
   <div class='ocr_carea' id='block_1_27' title="bbox 355 2365 2012 2448">
    <p class='ocr_par' dir='ltr' id='par_1_27' title="bbox 355 2365 2012 2448">
     <span class='ocr_line' id='line_1_27' title="bbox 355 2365 2012 2448; baseline -0.002 -23"><span class='ocrx_word' id='word_1_188' title='bbox 355 2371 587 2448; x_wconf 78' lang='grc' dir='ltr'><strong>γίνωσκε</strong></span> <span class='ocrx_word' id='word_1_189' title='bbox 645 2368 724 2423; x_wconf 79' lang='grc' dir='ltr'><strong>ὃτι</strong></span> <span class='ocrx_word' id='word_1_190' title='bbox 784 2369 819 2434; x_wconf 74' lang='grc' dir='ltr'>ἡ</span> <span class='ocrx_word' id='word_1_191' title='bbox 864 2373 971 2423; x_wconf 87' lang='grc' dir='ltr'><strong>τῶν</strong></span> <span class='ocrx_word' id='word_1_192' title='bbox 1014 2372 1210 2444; x_wconf 81' lang='grc' dir='ltr'><strong>νεκρῶν</strong></span> <span class='ocrx_word' id='word_1_193' title='bbox 1251 2365 1476 2445; x_wconf 78' lang='grc' dir='ltr'><strong>ἕγερσις,</strong></span> <span class='ocrx_word' id='word_1_194' title='bbox 1536 2368 1569 2434; x_wconf 78' lang='grc' dir='ltr'>ἡ</span> <span class='ocrx_word' id='word_1_195' title='bbox 1615 2365 1667 2422; x_wconf 81' lang='grc' dir='ltr'><strong>ἐν</strong></span> <span class='ocrx_word' id='word_1_196' title='bbox 1699 2372 1774 2440; x_wconf 83' lang='grc' dir='ltr'><strong>τῷ</strong></span> <span class='ocrx_word' id='word_1_197' title='bbox 1803 2374 2012 2444; x_wconf 77' lang='grc' dir='ltr'><strong>σταυρῷ</strong></span> 
     </span>
    </p>
   </div>
   <div class='ocr_carea' id='block_1_28' title="bbox 351 2454 2010 2535">
    <p class='ocr_par' dir='ltr' id='par_1_28' title="bbox 351 2454 2010 2535">
     <span class='ocr_line' id='line_1_28' title="bbox 351 2454 2010 2535; baseline -0.002 -20"><span class='ocrx_word' id='word_1_198' title='bbox 351 2467 448 2516; x_wconf 77' lang='grc' dir='ltr'><strong>τοῦ</strong></span> <span class='ocrx_word' id='word_1_199' title='bbox 507 2458 691 2535; x_wconf 79' lang='grc' dir='ltr'>Κυρίου</span> <span class='ocrx_word' id='word_1_200' title='bbox 749 2457 1038 2534; x_wconf 69' lang='grc' dir='ltr'><strong>γενομένη,</strong></span> <span class='ocrx_word' id='word_1_201' title='bbox 1111 2455 1299 2525; x_wconf 79' lang='grc' dir='ltr'>ἐδήλου</span> <span class='ocrx_word' id='word_1_202' title='bbox 1370 2457 1456 2512; x_wconf 84' lang='grc' dir='ltr'><strong>καὶ</strong></span> <span class='ocrx_word' id='word_1_203' title='bbox 1526 2455 1634 2512; x_wconf 79' lang='grc' dir='ltr'><strong>τῶν</strong></span> <span class='ocrx_word' id='word_1_204' title='bbox 1693 2454 1744 2511; x_wconf 71' lang='grc' dir='ltr'><strong>ἐν</strong></span> <span class='ocrx_word' id='word_1_205' title='bbox 1784 2463 1860 2530; x_wconf 86' lang='grc' dir='ltr'><strong>τῷ</strong></span> <span class='ocrx_word' id='word_1_206' title='bbox 1913 2456 2010 2534; x_wconf 70' lang='grc' dir='ltr'><strong>ᾅδῃ</strong></span> 
     </span>
    </p>
   </div>
   <div class='ocr_carea' id='block_1_29' title="bbox 354 2535 2012 2628">
    <p class='ocr_par' dir='ltr' id='par_1_29' title="bbox 354 2535 2012 2628">
     <span class='ocr_line' id='line_1_29' title="bbox 354 2535 2012 2628; baseline -0.002 -24"><span class='ocrx_word' id='word_1_207' title='bbox 354 2554 552 2628; x_wconf 80' lang='grc' dir='ltr'><strong>ψυχῶν</strong></span> <span class='ocrx_word' id='word_1_208' title='bbox 606 2548 704 2613; x_wconf 79' lang='grc' dir='ltr'><strong>τὴν</strong></span> <span class='ocrx_word' id='word_1_209' title='bbox 734 2545 1047 2624; x_wconf 74' lang='grc' dir='ltr'><strong>ἐλευθερίαν.</strong></span> <span class='ocrx_word' id='word_1_210' title='bbox 1083 2535 1378 2625; x_wconf 69' lang='grc' dir='ltr'><strong>’Ὠιρθησαν</strong></span> <span class='ocrx_word' id='word_1_211' title='bbox 1413 2542 1468 2600; x_wconf 76' lang='grc' dir='ltr'><strong>δί</strong></span> <span class='ocrx_word' id='word_1_212' title='bbox 1501 2543 1726 2610; x_wconf 66' lang='grc' dir='ltr'><strong>πολλοῖς</strong></span> <span class='ocrx_word' id='word_1_213' title='bbox 1772 2549 1817 2601; x_wconf 70' lang='grc' dir='ltr'><strong>οἱ</strong></span> <span class='ocrx_word' id='word_1_214' title='bbox 1873 2546 2012 2601; x_wconf 82' lang='grc' dir='ltr'><strong>ἁνα-</strong></span> 
     </span>
    </p>
   </div>
   <div class='ocr_carea' id='block_1_30' title="bbox 355 2632 2012 2715">
    <p class='ocr_par' dir='ltr' id='par_1_30' title="bbox 355 2632 2012 2715">
     <span class='ocr_line' id='line_1_30' title="bbox 355 2632 2012 2715; baseline -0.007 -13"><span class='ocrx_word' id='word_1_215' title='bbox 355 2638 577 2700; x_wconf 75' lang='grc' dir='ltr'><strong>στᾶντις</strong></span> <span class='ocrx_word' id='word_1_216' title='bbox 633 2636 778 2710; x_wconf 86' lang='grc' dir='ltr'><strong>τότε,</strong></span> <span class='ocrx_word' id='word_1_217' title='bbox 841 2635 934 2691; x_wconf 73' lang='grc' dir='ltr'><strong>ἵνα</strong></span> <span class='ocrx_word' id='word_1_218' title='bbox 983 2635 1060 2709; x_wconf 72' lang='grc' dir='ltr'><strong>μὴ</strong></span> <span class='ocrx_word' id='word_1_219' title='bbox 1104 2632 1227 2712; x_wconf 74' lang='grc' dir='ltr'><strong>δόξῃ</strong></span> <span class='ocrx_word' id='word_1_220' title='bbox 1280 2636 1562 2715; x_wconf 72' lang='grc' dir='ltr'><strong>φάντασμα</strong></span> <span class='ocrx_word' id='word_1_221' title='bbox 1590 2635 1824 2692; x_wconf 78' lang='grc' dir='ltr'><strong>εἶναιτὸ</strong></span> <span class='ocrx_word' id='word_1_222' title='bbox 1853 2636 2012 2712; x_wconf 87' lang='grc' dir='ltr'><strong>γενό-</strong></span> 
     </span>
    </p>
   </div>
   <div class='ocr_carea' id='block_1_31' title="bbox 361 2722 1952 2805">
    <p class='ocr_par' dir='ltr' id='par_1_31' title="bbox 361 2722 1952 2805">
     <span class='ocr_line' id='line_1_31' title="bbox 361 2722 1952 2805; baseline -0.002 -21"><span class='ocrx_word' id='word_1_223' title='bbox 361 2744 549 2804; x_wconf 83' lang='grc' dir='ltr'><strong>μενον⁶</strong></span> <span class='ocrx_word' id='word_1_224' title='bbox 622 2724 919 2792; x_wconf 74' lang='grc' dir='ltr'><strong>ἀνέστησαν</strong></span> <span class='ocrx_word' id='word_1_225' title='bbox 976 2722 1031 2780; x_wconf 78' lang='grc' dir='ltr'><strong>δί</strong></span> <span class='ocrx_word' id='word_1_226' title='bbox 1103 2723 1269 2805; x_wconf 78' lang='grc' dir='ltr'><strong>οὗτοι,</strong></span> <span class='ocrx_word' id='word_1_227' title='bbox 1333 2723 1492 2805; x_wconf 61' lang='grc' dir='ltr'><strong>χάριν</strong></span> <span class='ocrx_word' id='word_1_228' title='bbox 1561 2733 1654 2783; x_wconf 85' lang='grc' dir='ltr'><strong>τοῦ</strong></span> <span class='ocrx_word' id='word_1_229' title='bbox 1709 2726 1952 2800; x_wconf 86' lang='grc' dir='ltr'><strong>σημείου⁶</strong></span> 
     </span>
    </p>
   </div>
   <div class='ocr_carea' id='block_1_32' title="bbox 2098 571 3746 656">
    <p class='ocr_par' dir='ltr' id='par_1_32' title="bbox 2098 571 3746 656">
     <span class='ocr_line' id='line_1_32' title="bbox 2098 571 3746 656; baseline 0.007 -22"><span class='ocrx_word' id='word_1_230' title='bbox 2098 571 2295 649; x_wconf 89' lang='lat' dir='ltr'><strong>batur,</strong></span> <span class='ocrx_word' id='word_1_231' title='bbox 2328 576 2618 656; x_wconf 80' lang='lat' dir='ltr'><strong>(lpiﬁcem</strong></span> <span class='ocrx_word' id='word_1_232' title='bbox 2651 596 2820 639; x_wconf 89' lang='lat' dir='ltr'><strong>suum</strong></span> <span class='ocrx_word' id='word_1_233' title='bbox 2855 590 3073 653; x_wconf 89' lang='lat' dir='ltr'><strong>esse,et</strong></span> <span class='ocrx_word' id='word_1_234' title='bbox 3112 582 3364 644; x_wconf 88' lang='lat' dir='ltr'><strong>futuram</strong></span> <span class='ocrx_word' id='word_1_235' title='bbox 3391 571 3516 644; x_wconf 67' lang='lat'><strong>{6|</strong></span> <span class='ocrx_word' id='word_1_236' title='bbox 3545 571 3746 646; x_wconf 80' lang='lat' dir='ltr'><strong>rerum</strong></span> 
     </span>
    </p>
   </div>
   <div class='ocr_carea' id='block_1_33' title="bbox 2099 665 3748 748">
    <p class='ocr_par' dir='ltr' id='par_1_33' title="bbox 2099 665 3748 748">
     <span class='ocr_line' id='line_1_33' title="bbox 2099 665 3748 748; baseline 0.006 -26"><span class='ocrx_word' id='word_1_237' title='bbox 2099 665 2675 730; x_wconf 86' lang='lat' dir='ltr'><strong>transmutationem.</strong></span> <span class='ocrx_word' id='word_1_238' title='bbox 2703 665 3007 748; x_wconf 74' lang='lat' dir='ltr'><strong>Scriptura</strong></span> <span class='ocrx_word' id='word_1_239' title='bbox 3037 669 3193 730; x_wconf 91' lang='lat' dir='ltr'><strong>enim</strong></span> <span class='ocrx_word' id='word_1_240' title='bbox 3223 680 3396 732; x_wconf 67' lang='lat' dir='ltr'><strong>terra:</strong></span> <span class='ocrx_word' id='word_1_241' title='bbox 3431 679 3654 733; x_wconf 91' lang='lat' dir='ltr'><strong>motum</strong></span> <span class='ocrx_word' id='word_1_242' title='bbox 3689 671 3748 732; x_wconf 92' lang='lat' dir='ltr'><strong>in</strong></span> 
     </span>
    </p>
   </div>
   <div class='ocr_carea' id='block_1_34' title="bbox 2098 755 3747 838">
    <p class='ocr_par' dir='ltr' id='par_1_34' title="bbox 2098 755 3747 838">
     <span class='ocr_line' id='line_1_34' title="bbox 2098 755 3747 838; baseline 0.005 -25"><span class='ocrx_word' id='word_1_243' title='bbox 2098 771 2297 814; x_wconf 88' lang='lat' dir='ltr'><strong>rerum</strong></span> <span class='ocrx_word' id='word_1_244' title='bbox 2330 755 2680 817; x_wconf 77' lang='lat' dir='ltr'><strong>alteralione</strong></span> <span class='ocrx_word' id='word_1_245' title='bbox 2735 758 2921 838; x_wconf 92' lang='lat' dir='ltr'><strong>ponit.</strong></span> <span class='ocrx_word' id='word_1_246' title='bbox 2956 758 3133 821; x_wconf 88' lang='lat' dir='ltr'><strong>Facta</strong></span> <span class='ocrx_word' id='word_1_247' title='bbox 3179 760 3353 838; x_wconf 81' lang='lat' dir='ltr'><strong>igitur</strong></span> <span class='ocrx_word' id='word_1_248' title='bbox 3388 770 3477 823; x_wconf 91' lang='lat' dir='ltr'><strong>est</strong></span> <span class='ocrx_word' id='word_1_249' title='bbox 3508 761 3747 822; x_wconf 86' lang='lat' dir='ltr'><strong>mutatio</strong></span> 
     </span>
    </p>
   </div>
   <div class='ocr_carea' id='block_1_35' title="bbox 2098 842 3749 931">
    <p class='ocr_par' dir='ltr' id='par_1_35' title="bbox 2098 842 3749 931">
     <span class='ocr_line' id='line_1_35' title="bbox 2098 842 3749 931; baseline 0.005 -30"><span class='ocrx_word' id='word_1_250' title='bbox 2098 842 2447 904; x_wconf 78' lang='lat' dir='ltr'><strong>visitationis</strong></span> <span class='ocrx_word' id='word_1_251' title='bbox 2480 844 2586 909; x_wconf 85' lang='lat' dir='ltr'><strong>Dei</strong></span> <span class='ocrx_word' id='word_1_252' title='bbox 2622 865 2655 906; x_wconf 84' lang='lat' dir='ltr'><strong>a</strong></span> <span class='ocrx_word' id='word_1_253' title='bbox 2686 845 2909 910; x_wconf 70' lang='lat' dir='ltr'><strong>Iudaeis</strong></span> <span class='ocrx_word' id='word_1_254' title='bbox 2938 848 2997 909; x_wconf 92' lang='lat' dir='ltr'><strong>in</strong></span> <span class='ocrx_word' id='word_1_255' title='bbox 3031 857 3257 927; x_wconf 77' lang='lat' dir='ltr'><strong>gentes.</strong></span> <span class='ocrx_word' id='word_1_256' title='bbox 3293 851 3369 912; x_wconf 88' lang='lat' dir='ltr'><strong>Et</strong></span> <span class='ocrx_word' id='word_1_257' title='bbox 3399 858 3600 931; x_wconf 66' lang='lat' dir='ltr'><strong>petrae,</strong></span> <span class='ocrx_word' id='word_1_258' title='bbox 3637 851 3749 912; x_wconf 91' lang='lat' dir='ltr'><strong>hoc</strong></span> 
     </span>
    </p>
   </div>
   <div class='ocr_carea' id='block_1_36' title="bbox 2096 931 3751 1020">
    <p class='ocr_par' dir='ltr' id='par_1_36' title="bbox 2096 931 3751 1020">
     <span class='ocr_line' id='line_1_36' title="bbox 2096 931 3751 1020; baseline 0.005 -28"><span class='ocrx_word' id='word_1_259' title='bbox 2096 941 2206 1008; x_wconf 87' lang='lat' dir='ltr'><strong>est,</strong></span> <span class='ocrx_word' id='word_1_260' title='bbox 2242 931 2474 1013; x_wconf 87' lang='lat' dir='ltr'><strong>lapidea</strong></span> <span class='ocrx_word' id='word_1_261' title='bbox 2506 936 2815 1014; x_wconf 84' lang='lat' dir='ltr'><strong>gentilium</strong></span> <span class='ocrx_word' id='word_1_262' title='bbox 2850 937 3052 1018; x_wconf 85' lang='lat' dir='ltr'><strong>corda,</strong></span> <span class='ocrx_word' id='word_1_263' title='bbox 3085 938 3271 1000; x_wconf 84' lang='lat' dir='ltr'><strong>divisa</strong></span> <span class='ocrx_word' id='word_1_264' title='bbox 3302 949 3526 1020; x_wconf 79' lang='lat' dir='ltr'><strong>sunt,et</strong></span> <span class='ocrx_word' id='word_1_265' title='bbox 3552 957 3751 1001; x_wconf 87' lang='lat' dir='ltr'><strong>susce-</strong></span> 
     </span>
    </p>
   </div>
   <div class='ocr_carea' id='block_1_37' title="bbox 2097 1024 3747 1104">
    <p class='ocr_par' dir='ltr' id='par_1_37' title="bbox 2097 1024 3747 1104">
     <span class='ocr_line' id='line_1_37' title="bbox 2097 1024 3747 1104; baseline 0.005 -22"><span class='ocrx_word' id='word_1_266' title='bbox 2097 1032 2311 1101; x_wconf 90' lang='lat' dir='ltr'><strong>perunt</strong></span> <span class='ocrx_word' id='word_1_267' title='bbox 2339 1041 2544 1084; x_wconf 83' lang='lat' dir='ltr'><strong>semen</strong></span> <span class='ocrx_word' id='word_1_268' title='bbox 2578 1024 2939 1087; x_wconf 82' lang='lat' dir='ltr'><strong>veritatisEt</strong></span> <span class='ocrx_word' id='word_1_269' title='bbox 2963 1027 3176 1089; x_wconf 83' lang='lat' dir='ltr'><strong>mortui</strong></span> <span class='ocrx_word' id='word_1_270' title='bbox 3203 1029 3454 1104; x_wconf 74' lang='lat' dir='ltr'><strong>peccatis</strong></span> <span class='ocrx_word' id='word_1_271' title='bbox 3474 1045 3747 1090; x_wconf 66' lang='lat' dir='ltr'><strong>surrexe-</strong></span> 
     </span>
    </p>
   </div>
   <div class='ocr_carea' id='block_1_38' title="bbox 2097 1115 3744 1198">
    <p class='ocr_par' dir='ltr' id='par_1_38' title="bbox 2097 1115 3744 1198">
     <span class='ocr_line' id='line_1_38' title="bbox 2097 1115 3744 1198; baseline 0.006 -28"><span class='ocrx_word' id='word_1_272' title='bbox 2097 1119 2254 1179; x_wconf 79' lang='lat' dir='ltr'><strong>runt.</strong></span> <span class='ocrx_word' id='word_1_273' title='bbox 2290 1121 2350 1174; x_wconf 85' lang='lat' dir='ltr'><strong>et</strong></span> <span class='ocrx_word' id='word_1_274' title='bbox 2384 1115 2754 1174; x_wconf 83' lang='lat' dir='ltr'><strong>veneruntin</strong></span> <span class='ocrx_word' id='word_1_275' title='bbox 2772 1115 3064 1177; x_wconf 85' lang='lat' dir='ltr'><strong>civitatem</strong></span> <span class='ocrx_word' id='word_1_276' title='bbox 3101 1125 3390 1194; x_wconf 83' lang='lat' dir='ltr'><strong>sanctam,</strong></span> <span class='ocrx_word' id='word_1_277' title='bbox 3425 1135 3744 1198; x_wconf 84' lang='lat' dir='ltr'><strong>supernam</strong></span> 
     </span>
    </p>
   </div>
   <div class='ocr_carea' id='block_1_39' title="bbox 2097 1198 3744 1287">
    <p class='ocr_par' dir='ltr' id='par_1_39' title="bbox 2097 1198 3744 1287">
     <span class='ocr_line' id='line_1_39' title="bbox 2097 1198 3744 1287; baseline 0.006 -29"><span class='ocrx_word' id='word_1_278' title='bbox 2097 1198 2255 1260; x_wconf 88' lang='lat' dir='ltr'><strong>illam</strong></span> <span class='ocrx_word' id='word_1_279' title='bbox 2302 1202 2658 1274; x_wconf 89' lang='lat' dir='ltr'><strong>Ierusalem,</strong></span> <span class='ocrx_word' id='word_1_280' title='bbox 2685 1215 3204 1287; x_wconf 80' lang='lat' dir='ltr'><strong>apparueruntque</strong></span> <span class='ocrx_word' id='word_1_281' title='bbox 3229 1207 3426 1269; x_wconf 91' lang='lat' dir='ltr'><strong>multis</strong></span> <span class='ocrx_word' id='word_1_282' title='bbox 3449 1208 3744 1286; x_wconf 80' lang='lat' dir='ltr'><strong>perlatam</strong></span> 
     </span>
    </p>
   </div>
   <div class='ocr_carea' id='block_1_40' title="bbox 2095 1287 3745 1374">
    <p class='ocr_par' dir='ltr' id='par_1_40' title="bbox 2095 1287 3745 1374">
     <span class='ocr_line' id='line_1_40' title="bbox 2095 1287 3745 1374; baseline 0.005 -28"><span class='ocrx_word' id='word_1_283' title='bbox 2095 1287 2246 1350; x_wconf 89' lang='lat' dir='ltr'><strong>viam</strong></span> <span class='ocrx_word' id='word_1_284' title='bbox 2278 1291 2779 1360; x_wconf 68' lang='lat' dir='ltr'><strong>incedentibuset</strong></span> <span class='ocrx_word' id='word_1_285' title='bbox 2800 1303 3153 1374; x_wconf 65' lang='lat' dir='ltr'><strong>apparentes</strong></span> <span class='ocrx_word' id='word_1_286' title='bbox 3167 1295 3596 1374; x_wconf 83' lang='lat' dir='ltr'><strong>exemplarillis</strong></span> <span class='ocrx_word' id='word_1_287' title='bbox 3611 1295 3745 1357; x_wconf 86' lang='lat' dir='ltr'><strong>facti</strong></span> 
     </span>
    </p>
   </div>
   <div class='ocr_carea' id='block_1_41' title="bbox 2093 1379 3748 1465">
    <p class='ocr_par' dir='ltr' id='par_1_41' title="bbox 2093 1379 3748 1465">
     <span class='ocr_line' id='line_1_41' title="bbox 2093 1379 3748 1465; baseline 0.002 -25"><span class='ocrx_word' id='word_1_288' title='bbox 2093 1386 2232 1440; x_wconf 89' lang='lat' dir='ltr'><strong>sunt</strong></span> <span class='ocrx_word' id='word_1_289' title='bbox 2263 1379 2394 1441; x_wconf 61' lang='lat' dir='ltr'><strong>vita;</strong></span> <span class='ocrx_word' id='word_1_290' title='bbox 2425 1381 2594 1442; x_wconf 66' lang='lat' dir='ltr'><strong>bona:</strong></span> <span class='ocrx_word' id='word_1_291' title='bbox 2635 1390 2693 1443; x_wconf 92' lang='lat' dir='ltr'><strong>et</strong></span> <span class='ocrx_word' id='word_1_292' title='bbox 2736 1382 3167 1446; x_wconf 80' lang='lat' dir='ltr'><strong>conversionis.</strong></span> <span class='ocrx_word' id='word_1_293' title='bbox 3213 1383 3356 1446; x_wconf 85' lang='lat' dir='ltr'><strong>Nam</strong></span> <span class='ocrx_word' id='word_1_294' title='bbox 3399 1383 3501 1465; x_wconf 89' lang='lat' dir='ltr'><strong>qui</strong></span> <span class='ocrx_word' id='word_1_295' title='bbox 3535 1383 3748 1447; x_wconf 82' lang='lat' dir='ltr'><strong>viderit</strong></span> 
     </span>
    </p>
   </div>
   <div class='ocr_carea' id='block_1_42' title="bbox 2093 1468 3746 1549">
    <p class='ocr_par' dir='ltr' id='par_1_42' title="bbox 2093 1468 3746 1549">
     <span class='ocr_line' id='line_1_42' title="bbox 2093 1468 3746 1549; baseline 0.003 -22"><span class='ocrx_word' id='word_1_296' title='bbox 2093 1468 2432 1549; x_wconf 82' lang='lat' dir='ltr'><strong>quempiam</strong></span> <span class='ocrx_word' id='word_1_297' title='bbox 2469 1470 2630 1549; x_wconf 85' lang='lat' dir='ltr'><strong>prius</strong></span> <span class='ocrx_word' id='word_1_298' title='bbox 2678 1470 2751 1533; x_wconf 89' lang='lat' dir='ltr'><strong>ab</strong></span> <span class='ocrx_word' id='word_1_299' title='bbox 2788 1471 3200 1534; x_wconf 73' lang='lat' dir='ltr'><strong>affectionibus</strong></span> <span class='ocrx_word' id='word_1_300' title='bbox 3246 1474 3370 1534; x_wconf 90' lang='lat' dir='ltr'><strong>suis</strong></span> <span class='ocrx_word' id='word_1_301' title='bbox 3422 1481 3746 1546; x_wconf 80' lang='lat' dir='ltr'><strong>mortuum,</strong></span> 
     </span>
    </p>
   </div>
   <div class='ocr_carea' id='block_1_43' title="bbox 2095 1563 3746 1644">
    <p class='ocr_par' dir='ltr' id='par_1_43' title="bbox 2095 1563 3746 1644">
     <span class='ocr_line' id='line_1_43' title="bbox 2095 1563 3746 1644; baseline 0.003 -23"><span class='ocrx_word' id='word_1_302' title='bbox 2095 1578 2568 1642; x_wconf 79' lang='lat' dir='ltr'><strong>conversumque</strong></span> <span class='ocrx_word' id='word_1_303' title='bbox 2599 1571 2655 1623; x_wconf 93' lang='lat' dir='ltr'><strong>et</strong></span> <span class='ocrx_word' id='word_1_304' title='bbox 2688 1563 3019 1642; x_wconf 80' lang='lat' dir='ltr'><strong>ingressum</strong></span> <span class='ocrx_word' id='word_1_305' title='bbox 3051 1566 3108 1625; x_wconf 92' lang='lat' dir='ltr'><strong>in</strong></span> <span class='ocrx_word' id='word_1_306' title='bbox 3133 1573 3395 1626; x_wconf 88' lang='lat' dir='ltr'><strong>sanctam</strong></span> <span class='ocrx_word' id='word_1_307' title='bbox 3429 1566 3585 1626; x_wconf 86' lang='lat' dir='ltr'><strong>illam</strong></span> <span class='ocrx_word' id='word_1_308' title='bbox 3614 1583 3746 1644; x_wconf 67' lang='lat' dir='ltr'><strong>quae</strong></span> 
     </span>
    </p>
   </div>
   <div class='ocr_carea' id='block_1_44' title="bbox 2096 1650 3745 1735">
    <p class='ocr_par' dir='ltr' id='par_1_44' title="bbox 2096 1650 3745 1735">
     <span class='ocr_line' id='line_1_44' title="bbox 2096 1650 3745 1735; baseline 0.003 -25"><span class='ocrx_word' id='word_1_309' title='bbox 2096 1651 2155 1710; x_wconf 89' lang='lat' dir='ltr'><strong>in</strong></span> <span class='ocrx_word' id='word_1_310' title='bbox 2184 1650 2349 1712; x_wconf 76' lang='lat' dir='ltr'><strong>caelis</strong></span> <span class='ocrx_word' id='word_1_311' title='bbox 2380 1660 2466 1712; x_wconf 87' lang='lat' dir='ltr'><strong>est</strong></span> <span class='ocrx_word' id='word_1_312' title='bbox 2493 1650 2810 1725; x_wconf 84' lang='lat' dir='ltr'><strong>civitatem,</strong></span> <span class='ocrx_word' id='word_1_313' title='bbox 2845 1652 3109 1715; x_wconf 86' lang='lat' dir='ltr'><strong>imitatur</strong></span> <span class='ocrx_word' id='word_1_314' title='bbox 3155 1654 3323 1715; x_wconf 90' lang='lat' dir='ltr'><strong>illum</strong></span> <span class='ocrx_word' id='word_1_315' title='bbox 3373 1672 3480 1735; x_wconf 92' lang='lat' dir='ltr'><strong>per</strong></span> <span class='ocrx_word' id='word_1_316' title='bbox 3521 1653 3745 1729; x_wconf 84' lang='lat' dir='ltr'><strong>omnia,</strong></span> 
     </span>
    </p>
   </div>
   <div class='ocr_carea' id='block_1_45' title="bbox 2096 1739 3746 1820">
    <p class='ocr_par' dir='ltr' id='par_1_45' title="bbox 2096 1739 3746 1820">
     <span class='ocr_line' id='line_1_45' title="bbox 2096 1739 3746 1820; baseline 0.004 -22"><span class='ocrx_word' id='word_1_317' title='bbox 2096 1739 2577 1820; x_wconf 86' lang='lat' dir='ltr'><strong>convertiturque</strong></span> <span class='ocrx_word' id='word_1_318' title='bbox 2608 1747 2665 1800; x_wconf 94' lang='lat' dir='ltr'><strong>et</strong></span> <span class='ocrx_word' id='word_1_319' title='bbox 2697 1741 2847 1820; x_wconf 90' lang='lat' dir='ltr'><strong>ipse.</strong></span> <span class='ocrx_word' id='word_1_320' title='bbox 2873 1743 3089 1803; x_wconf 88' lang='lat' dir='ltr'><strong>Verum</strong></span> <span class='ocrx_word' id='word_1_321' title='bbox 3117 1743 3244 1806; x_wconf 60' lang='lat' dir='ltr'><strong>hac</strong></span> <span class='ocrx_word' id='word_1_322' title='bbox 3276 1744 3356 1804; x_wconf 91' lang='lat' dir='ltr'><strong>ita</strong></span> <span class='ocrx_word' id='word_1_323' title='bbox 3380 1743 3746 1805; x_wconf 85' lang='lat' dir='ltr'><strong>intellexisse</strong></span> 
     </span>
    </p>
   </div>
   <div class='ocr_carea' id='block_1_46' title="bbox 2095 1828 3742 1913">
    <p class='ocr_par' dir='ltr' id='par_1_46' title="bbox 2095 1828 3742 1913">
     <span class='ocr_line' id='line_1_46' title="bbox 2095 1828 3742 1913; baseline 0.005 -27"><span class='ocrx_word' id='word_1_324' title='bbox 2095 1828 2384 1889; x_wconf 85' lang='lat' dir='ltr'><strong>curiosius</strong></span> <span class='ocrx_word' id='word_1_325' title='bbox 2414 1828 2706 1891; x_wconf 80' lang='lat' dir='ltr'><strong>fuerit.Tu</strong></span> <span class='ocrx_word' id='word_1_326' title='bbox 2729 1840 2926 1890; x_wconf 70' lang='lat' dir='ltr'><strong>autem</strong></span> <span class='ocrx_word' id='word_1_327' title='bbox 2961 1849 3254 1908; x_wconf 80' lang='lat' dir='ltr'><strong>cognosce</strong></span> <span class='ocrx_word' id='word_1_328' title='bbox 3279 1831 3436 1913; x_wconf 92' lang='lat' dir='ltr'><strong>quod</strong></span> <span class='ocrx_word' id='word_1_329' title='bbox 3471 1841 3742 1894; x_wconf 88' lang='lat' dir='ltr'><strong>mortuo-</strong></span> 
     </span>
    </p>
   </div>
   <div class='ocr_carea' id='block_1_47' title="bbox 2097 1918 3734 1998">
    <p class='ocr_par' dir='ltr' id='par_1_47' title="bbox 2097 1918 3734 1998">
     <span class='ocr_line' id='line_1_47' title="bbox 2097 1918 3734 1998; baseline 0.003 -22"><span class='ocrx_word' id='word_1_330' title='bbox 2097 1933 2226 1976; x_wconf 88' lang='lat' dir='ltr'><strong>rum</strong></span> <span class='ocrx_word' id='word_1_331' title='bbox 2261 1919 2647 1992; x_wconf 86' lang='lat' dir='ltr'><strong>resurrectio,</strong></span> <span class='ocrx_word' id='word_1_332' title='bbox 2681 1936 2812 1998; x_wconf 67' lang='lat' dir='ltr'><strong>quae</strong></span> <span class='ocrx_word' id='word_1_333' title='bbox 2843 1918 2994 1980; x_wconf 88' lang='lat' dir='ltr'><strong>facta</strong></span> <span class='ocrx_word' id='word_1_334' title='bbox 3024 1932 3113 1981; x_wconf 90' lang='lat' dir='ltr'><strong>est</strong></span> <span class='ocrx_word' id='word_1_335' title='bbox 3144 1921 3205 1980; x_wconf 91' lang='lat' dir='ltr'><strong>in</strong></span> <span class='ocrx_word' id='word_1_336' title='bbox 3249 1939 3427 1983; x_wconf 87' lang='lat' dir='ltr'><strong>cruce</strong></span> <span class='ocrx_word' id='word_1_337' title='bbox 3471 1920 3734 1995; x_wconf 90' lang='lat' dir='ltr'><strong>Domini,</strong></span> 
     </span>
    </p>
   </div>
   <div class='ocr_carea' id='block_1_48' title="bbox 2098 2004 3747 2086">
    <p class='ocr_par' dir='ltr' id='par_1_48' title="bbox 2098 2004 3747 2086">
     <span class='ocr_line' id='line_1_48' title="bbox 2098 2004 3747 2086; baseline 0.004 -21"><span class='ocrx_word' id='word_1_338' title='bbox 2098 2004 2444 2084; x_wconf 80' lang='lat' dir='ltr'><strong>signiﬁcarit</strong></span> <span class='ocrx_word' id='word_1_339' title='bbox 2469 2015 2525 2067; x_wconf 85' lang='lat' dir='ltr'><strong>et</strong></span> <span class='ocrx_word' id='word_1_340' title='bbox 2557 2025 2793 2084; x_wconf 85' lang='lat' dir='ltr'><strong>eorum,</strong></span> <span class='ocrx_word' id='word_1_341' title='bbox 2812 2008 3004 2086; x_wconf 90' lang='lat' dir='ltr'><strong>qui,in</strong></span> <span class='ocrx_word' id='word_1_342' title='bbox 3030 2009 3262 2070; x_wconf 85' lang='lat' dir='ltr'><strong>inferno</strong></span> <span class='ocrx_word' id='word_1_343' title='bbox 3279 2009 3747 2080; x_wconf 84' lang='lat' dir='ltr'><strong>fuerint,libera-</strong></span> 
     </span>
    </p>
   </div>
   <div class='ocr_carea' id='block_1_49' title="bbox 2095 2097 3740 2179">
    <p class='ocr_par' dir='ltr' id='par_1_49' title="bbox 2095 2097 3740 2179">
     <span class='ocr_line' id='line_1_49' title="bbox 2095 2097 3740 2179; baseline 0.004 -24"><span class='ocrx_word' id='word_1_344' title='bbox 2095 2097 2341 2156; x_wconf 86' lang='lat' dir='ltr'><strong>tionem.</strong></span> <span class='ocrx_word' id='word_1_345' title='bbox 2367 2097 2716 2176; x_wconf 84' lang='lat' dir='ltr'><strong>Apparuent</strong></span> <span class='ocrx_word' id='word_1_346' title='bbox 2744 2105 2939 2157; x_wconf 87' lang='lat' dir='ltr'><strong>autem</strong></span> <span class='ocrx_word' id='word_1_347' title='bbox 2973 2098 3174 2158; x_wconf 89' lang='lat' dir='ltr'><strong>multis</strong></span> <span class='ocrx_word' id='word_1_348' title='bbox 3214 2098 3316 2179; x_wconf 90' lang='lat' dir='ltr'><strong>qui</strong></span> <span class='ocrx_word' id='word_1_349' title='bbox 3350 2108 3488 2160; x_wconf 89' lang='lat' dir='ltr'><strong>tunc</strong></span> <span class='ocrx_word' id='word_1_350' title='bbox 3534 2116 3740 2161; x_wconf 81' lang='lat' dir='ltr'><strong>resur-</strong></span> 
     </span>
    </p>
   </div>
   <div class='ocr_carea' id='block_1_50' title="bbox 2094 2185 3745 2268">
    <p class='ocr_par' dir='ltr' id='par_1_50' title="bbox 2094 2185 3745 2268">
     <span class='ocr_line' id='line_1_50' title="bbox 2094 2185 3745 2268; baseline 0.003 -22"><span class='ocrx_word' id='word_1_351' title='bbox 2094 2195 2398 2258; x_wconf 82' lang='lat' dir='ltr'><strong>rexerunt,</strong></span> <span class='ocrx_word' id='word_1_352' title='bbox 2422 2195 2484 2246; x_wconf 92' lang='lat' dir='ltr'><strong>ut</strong></span> <span class='ocrx_word' id='word_1_353' title='bbox 2511 2205 2586 2246; x_wconf 90' lang='lat' dir='ltr'><strong>ne</strong></span> <span class='ocrx_word' id='word_1_354' title='bbox 2610 2185 2958 2265; x_wconf 85' lang='lat' dir='ltr'><strong>phanstama</strong></span> <span class='ocrx_word' id='word_1_355' title='bbox 2987 2205 3118 2248; x_wconf 90' lang='lat' dir='ltr'><strong>esse</strong></span> <span class='ocrx_word' id='word_1_356' title='bbox 3140 2187 3439 2250; x_wconf 79' lang='lat' dir='ltr'><strong>videretur</strong></span> <span class='ocrx_word' id='word_1_357' title='bbox 3460 2188 3615 2268; x_wconf 93' lang='lat' dir='ltr'><strong>quod</strong></span> <span class='ocrx_word' id='word_1_358' title='bbox 3642 2188 3745 2251; x_wconf 82' lang='lat' dir='ltr'><strong>fle-</strong></span> 
     </span>
    </p>
   </div>
   <div class='ocr_carea' id='block_1_51' title="bbox 2096 2272 3740 2357">
    <p class='ocr_par' dir='ltr' id='par_1_51' title="bbox 2096 2272 3740 2357">
     <span class='ocr_line' id='line_1_51' title="bbox 2096 2272 3740 2357; baseline 0.002 -23"><span class='ocrx_word' id='word_1_359' title='bbox 2096 2272 2704 2337; x_wconf 78' lang='lat' dir='ltr'><strong>bat.Resurrexerunl</strong></span> <span class='ocrx_word' id='word_1_360' title='bbox 2737 2285 2933 2336; x_wconf 88' lang='lat' dir='ltr'><strong>autem</strong></span> <span class='ocrx_word' id='word_1_361' title='bbox 2967 2276 3052 2336; x_wconf 90' lang='lat' dir='ltr'><strong>illi</strong></span> <span class='ocrx_word' id='word_1_362' title='bbox 3083 2285 3308 2338; x_wconf 89' lang='lat' dir='ltr'><strong>tantum</strong></span> <span class='ocrx_word' id='word_1_363' title='bbox 3341 2277 3493 2356; x_wconf 81' lang='lat' dir='ltr'><strong>signi</strong></span> <span class='ocrx_word' id='word_1_364' title='bbox 3534 2278 3740 2357; x_wconf 75' lang='lat' dir='ltr'><strong>gratia,</strong></span> 
     </span>
    </p>
   </div>
   <div class='ocr_carea' id='block_1_52' title="bbox 2095 2363 3738 2445">
    <p class='ocr_par' dir='ltr' id='par_1_52' title="bbox 2095 2363 3738 2445">
     <span class='ocr_line' id='line_1_52' title="bbox 2095 2363 3738 2445; baseline 0.002 -21"><span class='ocrx_word' id='word_1_365' title='bbox 2095 2363 2592 2444; x_wconf 84' lang='lat' dir='ltr'><strong>manifestumque</strong></span> <span class='ocrx_word' id='word_1_366' title='bbox 2626 2373 2716 2425; x_wconf 91' lang='lat' dir='ltr'><strong>est</strong></span> <span class='ocrx_word' id='word_1_367' title='bbox 2746 2364 3077 2445; x_wconf 89' lang='lat' dir='ltr'><strong>illud,quod</strong></span> <span class='ocrx_word' id='word_1_368' title='bbox 3113 2367 3325 2429; x_wconf 91' lang='lat' dir='ltr'><strong>iterum</strong></span> <span class='ocrx_word' id='word_1_369' title='bbox 3353 2365 3738 2440; x_wconf 84' lang='lat' dir='ltr'><strong>mortui.Qui-</strong></span> 
     </span>
    </p>
   </div>
   <div class='ocr_carea' id='block_1_53' title="bbox 2093 2452 3742 2536">
    <p class='ocr_par' dir='ltr' id='par_1_53' title="bbox 2093 2452 3742 2536">
     <span class='ocr_line' id='line_1_53' title="bbox 2093 2452 3742 2536; baseline 0.004 -23"><span class='ocrx_word' id='word_1_370' title='bbox 2093 2452 2227 2514; x_wconf 89' lang='lat' dir='ltr'><strong>dam</strong></span> <span class='ocrx_word' id='word_1_371' title='bbox 2259 2461 2456 2514; x_wconf 87' lang='lat' dir='ltr'><strong>autem</strong></span> <span class='ocrx_word' id='word_1_372' title='bbox 2487 2453 2694 2514; x_wconf 82' lang='lat' dir='ltr'><strong>dicunt</strong></span> <span class='ocrx_word' id='word_1_373' title='bbox 2715 2455 2869 2534; x_wconf 90' lang='lat' dir='ltr'><strong>quod</strong></span> <span class='ocrx_word' id='word_1_374' title='bbox 2906 2465 3214 2536; x_wconf 84' lang='lat' dir='ltr'><strong>postquam</strong></span> <span class='ocrx_word' id='word_1_375' title='bbox 3247 2454 3516 2520; x_wconf 84' lang='lat' dir='ltr'><strong>Christus</strong></span> <span class='ocrx_word' id='word_1_376' title='bbox 3535 2474 3742 2519; x_wconf 90' lang='lat' dir='ltr'><strong>resur-</strong></span> 
     </span>
    </p>
   </div>
   <div class='ocr_carea' id='block_1_54' title="bbox 2094 2543 3741 2625">
    <p class='ocr_par' dir='ltr' id='par_1_54' title="bbox 2094 2543 3741 2625">
     <span class='ocr_line' id='line_1_54' title="bbox 2094 2543 3741 2625; baseline 0.005 -23"><span class='ocrx_word' id='word_1_377' title='bbox 2094 2543 2715 2623; x_wconf 77' lang='lat' dir='ltr'><strong>rexit,resurrexerint</strong></span> <span class='ocrx_word' id='word_1_378' title='bbox 2740 2553 2798 2606; x_wconf 91' lang='lat' dir='ltr'><strong>et</strong></span> <span class='ocrx_word' id='word_1_379' title='bbox 2824 2544 2928 2617; x_wconf 87' lang='lat' dir='ltr'><strong>illi,</strong></span> <span class='ocrx_word' id='word_1_380' title='bbox 2967 2564 3073 2607; x_wconf 92' lang='lat' dir='ltr'><strong>nec</strong></span> <span class='ocrx_word' id='word_1_381' title='bbox 3100 2554 3303 2625; x_wconf 87' lang='lat' dir='ltr'><strong>postea</strong></span> <span class='ocrx_word' id='word_1_382' title='bbox 3336 2546 3549 2608; x_wconf 91' lang='lat' dir='ltr'><strong>mortui</strong></span> <span class='ocrx_word' id='word_1_383' title='bbox 3573 2545 3692 2608; x_wconf 91' lang='lat' dir='ltr'><strong>sint</strong></span> <span class='ocrx_word' id='word_1_384' title='bbox 3726 2568 3741 2610; x_wconf 90' lang='lat'><strong>:</strong></span> 
     </span>
    </p>
   </div>
   <div class='ocr_carea' id='block_1_55' title="bbox 2097 2633 3258 2714">
    <p class='ocr_par' dir='ltr' id='par_1_55' title="bbox 2097 2633 3258 2714">
     <span class='ocr_line' id='line_1_55' title="bbox 2097 2633 3258 2714; baseline -0.001 -21"><span class='ocrx_word' id='word_1_385' title='bbox 2097 2633 2202 2694; x_wconf 85' lang='lat' dir='ltr'><strong>sed</strong></span> <span class='ocrx_word' id='word_1_386' title='bbox 2230 2633 2436 2694; x_wconf 88' lang='lat' dir='ltr'><strong>nescio</strong></span> <span class='ocrx_word' id='word_1_387' title='bbox 2467 2651 2541 2693; x_wconf 89' lang='lat' dir='ltr'><strong>an</strong></span> <span class='ocrx_word' id='word_1_388' title='bbox 2574 2634 2686 2695; x_wconf 86' lang='lat' dir='ltr'><strong>hoc</strong></span> <span class='ocrx_word' id='word_1_389' title='bbox 2715 2634 2791 2696; x_wconf 87' lang='lat' dir='ltr'><strong>sit</strong></span> <span class='ocrx_word' id='word_1_390' title='bbox 2823 2633 3258 2714; x_wconf 83' lang='lat' dir='ltr'><strong>recipiendum.</strong></span> 
     </span>
    </p>
   </div>
   <div class='ocr_carea' id='block_1_56' title="bbox 2053 2721 3744 2806">
    <p class='ocr_par' dir='ltr' id='par_1_56' title="bbox 2053 2721 3744 2806">
     <span class='ocr_line' id='line_1_56' title="bbox 2053 2721 3744 2806; baseline 0.003 -27"><span class='ocrx_word' id='word_1_391' title='bbox 2053 2721 2318 2802; x_wconf 74' lang='grc' dir='ltr'><strong>πρόδηλον</strong></span> <span class='ocrx_word' id='word_1_392' title='bbox 2371 2721 2425 2778; x_wconf 75' lang='grc' dir='ltr'><strong>δὲ</strong></span> <span class='ocrx_word' id='word_1_393' title='bbox 2497 2724 2575 2778; x_wconf 59' lang='lat' dir='ltr'><strong>(In</strong></span> <span class='ocrx_word' id='word_1_394' title='bbox 2647 2721 2806 2780; x_wconf 78' lang='grc' dir='ltr'>πάλιν</span> <span class='ocrx_word' id='word_1_395' title='bbox 2853 2727 3156 2795; x_wconf 82' lang='grc' dir='ltr'><strong>τεθνήκασι,</strong></span> <span class='ocrx_word' id='word_1_396' title='bbox 3239 2726 3384 2791; x_wconf 73' lang='grc' dir='ltr'>Τινὲς</span> <span class='ocrx_word' id='word_1_397' title='bbox 3441 2724 3493 2782; x_wconf 83' lang='grc' dir='ltr'><strong>δὶ</strong></span> <span class='ocrx_word' id='word_1_398' title='bbox 3551 2725 3744 2806; x_wconf 72' lang='grc' dir='ltr'><strong>λέγουσι</strong></span> 
     </span>
    </p>
   </div>
   <div class='ocr_carea' id='block_1_57' title="bbox 357 2811 3748 2893">
    <p class='ocr_par' dir='ltr' id='par_1_57' title="bbox 357 2811 3748 2893">
     <span class='ocr_line' id='line_1_57' title="bbox 357 2811 3748 2893; baseline -0 -20"><span class='ocrx_word' id='word_1_399' title='bbox 357 2839 445 2873; x_wconf 91' lang='grc' dir='ltr'><strong>σιν</strong></span> <span class='ocrx_word' id='word_1_400' title='bbox 498 2815 578 2873; x_wconf 68' lang='grc' dir='ltr'><strong>ὅτι</strong></span> <span class='ocrx_word' id='word_1_401' title='bbox 637 2815 773 2890; x_wconf 76' lang='grc' dir='ltr'><strong>μετὰ</strong></span> <span class='ocrx_word' id='word_1_402' title='bbox 841 2815 903 2870; x_wconf 82' lang='grc' dir='ltr'><strong>τὸ</strong></span> <span class='ocrx_word' id='word_1_403' title='bbox 971 2812 1258 2882; x_wconf 74' lang='grc' dir='ltr'><strong>ἀναστῆναι</strong></span> <span class='ocrx_word' id='word_1_404' title='bbox 1329 2819 1420 2869; x_wconf 83' lang='grc' dir='ltr'><strong>τὸν</strong></span> <span class='ocrx_word' id='word_1_405' title='bbox 1502 2815 1748 2892; x_wconf 81' lang='grc' dir='ltr'><strong>Χριστὸν,</strong></span> <span class='ocrx_word' id='word_1_406' title='bbox 1809 2811 2104 2882; x_wconf 71' lang='grc' dir='ltr'><strong>ἀνέστησαν</strong></span> <span class='ocrx_word' id='word_1_407' title='bbox 2159 2813 2247 2870; x_wconf 85' lang='grc' dir='ltr'><strong>καὶ</strong></span> <span class='ocrx_word' id='word_1_408' title='bbox 2316 2813 2481 2893; x_wconf 76' lang='grc' dir='ltr'><strong>οὗτοι,</strong></span> <span class='ocrx_word' id='word_1_409' title='bbox 2513 2813 2602 2869; x_wconf 84' lang='grc' dir='ltr'><strong>καὶ</strong></span> <span class='ocrx_word' id='word_1_410' title='bbox 2654 2817 2748 2870; x_wconf 68' lang='grc' dir='ltr'><strong>οὒκ</strong></span> <span class='ocrx_word' id='word_1_411' title='bbox 2781 2811 2856 2867; x_wconf 73' lang='grc' dir='ltr'><strong>ἔτι</strong></span> <span class='ocrx_word' id='word_1_412' title='bbox 2901 2813 3179 2889; x_wconf 70' lang='grc' dir='ltr'><strong>ἀπέθανον,</strong></span> <span class='ocrx_word' id='word_1_413' title='bbox 3213 2822 3366 2872; x_wconf 84' lang='grc' dir='ltr'><strong>τοῦτο</strong></span> <span class='ocrx_word' id='word_1_414' title='bbox 3405 2813 3460 2871; x_wconf 76' lang='grc' dir='ltr'><strong>δὲ</strong></span> <span class='ocrx_word' id='word_1_415' title='bbox 3491 2817 3582 2873; x_wconf 78' lang='grc' dir='ltr'><strong>οῦκ</strong></span> <span class='ocrx_word' id='word_1_416' title='bbox 3627 2813 3748 2872; x_wconf 77' lang='grc' dir='ltr'><strong>οἶδα</strong></span> 
     </span>
    </p>
   </div>
   <div class='ocr_carea' id='block_1_58' title="bbox 364 2901 964 2984">
    <p class='ocr_par' dir='ltr' id='par_1_58' title="bbox 364 2901 964 2984">
     <span class='ocr_line' id='line_1_58' title="bbox 364 2901 964 2984; baseline 0.002 -23"><span class='ocrx_word' id='word_1_417' title='bbox 364 2908 409 2963; x_wconf 78' lang='grc' dir='ltr'><strong>εἴ</strong></span> <span class='ocrx_word' id='word_1_418' title='bbox 437 2903 524 2962; x_wconf 75' lang='grc' dir='ltr'><strong>δεῖ</strong></span> <span class='ocrx_word' id='word_1_419' title='bbox 551 2901 964 2984; x_wconf 69' lang='grc' dir='ltr'><strong>παραδέχεσθαι.</strong></span> 
     </span>
    </p>
   </div>
   <div class='ocr_carea' id='block_1_59' title="bbox 446 2985 2010 3073">
    <p class='ocr_par' dir='ltr' id='par_1_59' title="bbox 446 2985 2010 3073">
     <span class='ocr_line' id='line_1_59' title="bbox 446 2985 2010 3073; baseline -0.001 -23"><span class='ocrx_word' id='word_1_420' title='bbox 446 3017 473 3050; x_wconf 78' lang='grc' dir='ltr'>ι</span> <span class='ocrx_word' id='word_1_421' title='bbox 508 2985 569 3052; x_wconf 69' lang='grc'><strong>’0</strong></span> <span class='ocrx_word' id='word_1_422' title='bbox 611 2991 665 3048; x_wconf 82' lang='grc' dir='ltr'><strong>δὶ</strong></span> <span class='ocrx_word' id='word_1_423' title='bbox 697 2992 1091 3073; x_wconf 73' lang='grc' dir='ltr'><strong>ἑκατόνταρχος</strong></span> <span class='ocrx_word' id='word_1_424' title='bbox 1134 2993 1222 3049; x_wconf 76' lang='grc' dir='ltr'><strong>καὶ</strong></span> <span class='ocrx_word' id='word_1_425' title='bbox 1264 2993 1311 3050; x_wconf 80' lang='grc' dir='ltr'>οἱ</span> <span class='ocrx_word' id='word_1_426' title='bbox 1362 2991 1481 3068; x_wconf 84' lang='grc' dir='ltr'><strong>μετ’</strong></span> <span class='ocrx_word' id='word_1_427' title='bbox 1516 2994 1674 3050; x_wconf 69' lang='grc' dir='ltr'><strong>αὐτοῦ</strong></span> <span class='ocrx_word' id='word_1_428' title='bbox 1729 3002 2010 3072; x_wconf 84' lang='grc' dir='ltr'><strong>τηροῦντες</strong></span> 
     </span>
    </p>
   </div>
   <div class='ocr_carea' id='block_1_60' title="bbox 358 3079 2007 3162">
    <p class='ocr_par' dir='ltr' id='par_1_60' title="bbox 358 3079 2007 3162">
     <span class='ocr_line' id='line_1_60' title="bbox 358 3079 2007 3162; baseline 0 -22"><span class='ocrx_word' id='word_1_429' title='bbox 358 3087 452 3141; x_wconf 76' lang='grc' dir='ltr'><strong>τὸν</strong></span> <span class='ocrx_word' id='word_1_430' title='bbox 495 3083 726 3158; x_wconf 81' lang='grc' dir='ltr'><strong>Ἰησοῦν,</strong></span> <span class='ocrx_word' id='word_1_431' title='bbox 786 3079 981 3146; x_wconf 84' lang='grc' dir='ltr'><strong>ίδοντες</strong></span> <span class='ocrx_word' id='word_1_432' title='bbox 1045 3083 1138 3138; x_wconf 79' lang='grc' dir='ltr'><strong>τὸν</strong></span> <span class='ocrx_word' id='word_1_433' title='bbox 1197 3084 1416 3157; x_wconf 81' lang='grc' dir='ltr'><strong>σεισμὸν</strong></span> <span class='ocrx_word' id='word_1_434' title='bbox 1474 3085 1562 3139; x_wconf 82' lang='grc' dir='ltr'><strong>καὶ</strong></span> <span class='ocrx_word' id='word_1_435' title='bbox 1618 3083 1683 3139; x_wconf 80' lang='grc' dir='ltr'><strong>τὰ</strong></span> <span class='ocrx_word' id='word_1_436' title='bbox 1727 3084 2007 3162; x_wconf 84' lang='grc' dir='ltr'><strong>γενόμενα,</strong></span> 
     </span>
    </p>
   </div>
   <div class='ocr_carea' id='block_1_61' title="bbox 2179 2988 3752 3075">
    <p class='ocr_par' dir='ltr' id='par_1_61' title="bbox 2179 2988 3752 3075">
     <span class='ocr_line' id='line_1_61' title="bbox 2179 2988 3752 3075; baseline 0.004 -24"><span class='ocrx_word' id='word_1_437' title='bbox 2179 2988 2358 3054; x_wconf 72' lang='lat' dir='ltr'><strong>Vsus.</strong></span> <span class='ocrx_word' id='word_1_438' title='bbox 2394 2991 2615 3054; x_wconf 68' lang='lat'><strong>54—56.</strong></span> <span class='ocrx_word' id='word_1_439' title='bbox 2632 2991 2944 3054; x_wconf 69' lang='lat' dir='ltr'><strong>«Centurio</strong></span> <span class='ocrx_word' id='word_1_440' title='bbox 2959 3002 3191 3064; x_wconf 82' lang='lat' dir='ltr'><strong>vero,et</strong></span> <span class='ocrx_word' id='word_1_441' title='bbox 3212 2995 3311 3075; x_wconf 91' lang='lat' dir='ltr'><strong>qui</strong></span> <span class='ocrx_word' id='word_1_442' title='bbox 3336 3013 3469 3056; x_wconf 87' lang='lat' dir='ltr'><strong>cum</strong></span> <span class='ocrx_word' id='word_1_443' title='bbox 3493 3013 3564 3056; x_wconf 88' lang='lat' dir='ltr'><strong>eo</strong></span> <span class='ocrx_word' id='word_1_444' title='bbox 3581 3003 3752 3057; x_wconf 88' lang='lat' dir='ltr'><strong>erant</strong></span> 
     </span>
    </p>
   </div>
   <div class='ocr_carea' id='block_1_62' title="bbox 2097 3078 3752 3166">
    <p class='ocr_par' dir='ltr' id='par_1_62' title="bbox 2097 3078 3752 3166">
     <span class='ocr_line' id='line_1_62' title="bbox 2097 3078 3752 3166; baseline 0.004 -25"><span class='ocrx_word' id='word_1_445' title='bbox 2097 3078 2502 3142; x_wconf 87' lang='lat' dir='ltr'><strong>custodientes</strong></span> <span class='ocrx_word' id='word_1_446' title='bbox 2529 3082 2756 3151; x_wconf 79' lang='lat' dir='ltr'><strong>Iesum.</strong></span> <span class='ocrx_word' id='word_1_447' title='bbox 2781 3081 2904 3143; x_wconf 82' lang='lat' dir='ltr'><strong>viso</strong></span> <span class='ocrx_word' id='word_1_448' title='bbox 2937 3090 3109 3144; x_wconf 59' lang='lat' dir='ltr'><strong>terra)</strong></span> <span class='ocrx_word' id='word_1_449' title='bbox 3148 3092 3336 3164; x_wconf 82' lang='lat' dir='ltr'><strong>motu,</strong></span> <span class='ocrx_word' id='word_1_450' title='bbox 3376 3093 3434 3146; x_wconf 90' lang='lat' dir='ltr'><strong>et</strong></span> <span class='ocrx_word' id='word_1_451' title='bbox 3481 3084 3573 3146; x_wconf 85' lang='lat' dir='ltr'><strong>bis</strong></span> <span class='ocrx_word' id='word_1_452' title='bbox 3618 3104 3752 3166; x_wconf 65' lang='lat' dir='ltr'><strong>quae</strong></span> 
     </span>
    </p>
   </div>
   <div class='ocr_carea' id='block_1_63' title="bbox 358 3167 2015 3254">
    <p class='ocr_par' dir='ltr' id='par_1_63' title="bbox 358 3168 2011 3254">
     <span class='ocr_line' id='line_1_63' title="bbox 358 3168 2011 3254; baseline -0.002 -23"><span class='ocrx_word' id='word_1_453' title='bbox 358 3169 696 3254; x_wconf 62' lang='grc' dir='ltr'><strong>ὶφοεήθησαν</strong></span> <span class='ocrx_word' id='word_1_454' title='bbox 753 3168 972 3252; x_wconf 75' lang='grc' dir='ltr'><strong>σιρόδρα,</strong></span> <span class='ocrx_word' id='word_1_455' title='bbox 1036 3170 1281 3250; x_wconf 80' lang='grc' dir='ltr'><strong>λέγοντες</strong></span> <span class='ocrx_word' id='word_1_456' title='bbox 1317 3189 1334 3207; x_wconf 79' lang='grc'><strong><em>⁸</em></strong></span> <span class='ocrx_word' id='word_1_457' title='bbox 1401 3169 1646 3239; x_wconf 83' lang='grc' dir='ltr'>Ἀληθῶς</span> <span class='ocrx_word' id='word_1_458' title='bbox 1706 3173 1835 3230; x_wconf 81' lang='grc' dir='ltr'><strong>Θεοῦ</strong></span> <span class='ocrx_word' id='word_1_459' title='bbox 1893 3174 2011 3236; x_wconf 78' lang='grc' dir='ltr'><strong>Υἱὸς</strong></span> 
     </span>
    </p>
   </div>
   <div class='ocr_carea' id='block_1_64' title="bbox 2104 3167 3751 3254">
    <p class='ocr_par' dir='ltr' id='par_1_64' title="bbox 2104 3167 3751 3245">
     <span class='ocr_line' id='line_1_64' title="bbox 2104 3167 3751 3245; baseline 0.005 -16"><span class='ocrx_word' id='word_1_460' title='bbox 2104 3168 2250 3230; x_wconf 78' lang='lat' dir='ltr'><strong>facta</strong></span> <span class='ocrx_word' id='word_1_461' title='bbox 2307 3167 2563 3242; x_wconf 69' lang='lat' dir='ltr'><strong>fuerant,</strong></span> <span class='ocrx_word' id='word_1_462' title='bbox 2627 3170 2952 3232; x_wconf 64' lang='lat' dir='ltr'><strong>timurrunt</strong></span> <span class='ocrx_word' id='word_1_463' title='bbox 2998 3171 3189 3245; x_wconf 81' lang='lat' dir='ltr'><strong>valde,</strong></span> <span class='ocrx_word' id='word_1_464' title='bbox 3248 3173 3513 3235; x_wconf 77' lang='lat' dir='ltr'><strong>dicentes</strong></span> <span class='ocrx_word' id='word_1_465' title='bbox 3546 3194 3561 3233; x_wconf 90' lang='lat'><strong>:</strong></span> <span class='ocrx_word' id='word_1_466' title='bbox 3594 3171 3751 3237; x_wconf 82' lang='lat' dir='ltr'><strong>Vere</strong></span> 
     </span>
    </p>
   </div>
   <div class='ocr_carea' id='block_1_65' title="bbox 664 3248 693 3272">
    <p class='ocr_par' dir='ltr' id='par_1_65' title="bbox 664 3248 693 3272">
     <span class='ocr_line' id='line_1_65' title="bbox 664 3248 693 3272; baseline 0 0"><span class='ocrx_word' id='word_1_467' title='bbox 664 3248 693 3272; x_wconf 65' lang='grc' dir='ltr'>τ</span> 
     </span>
    </p>
   </div>
   <div class='ocr_carea' id='block_1_66' title="bbox 357 3257 2014 3341">
    <p class='ocr_par' dir='ltr' id='par_1_66' title="bbox 357 3257 2014 3341">
     <span class='ocr_line' id='line_1_66' title="bbox 357 3257 2014 3341; baseline 0 -23"><span class='ocrx_word' id='word_1_468' title='bbox 357 3263 423 3330; x_wconf 74' lang='grc' dir='ltr'><strong>ἦν</strong></span> <span class='ocrx_word' id='word_1_469' title='bbox 455 3263 630 3325; x_wconf 77' lang='grc' dir='ltr'><strong>οὗτος.</strong></span> <span class='ocrx_word' id='word_1_470' title='bbox 665 3257 832 3318; x_wconf 77' lang='grc' dir='ltr'><strong>Ἦσαν</strong></span> <span class='ocrx_word' id='word_1_471' title='bbox 862 3257 918 3316; x_wconf 77' lang='grc' dir='ltr'><strong>δὶ</strong></span> <span class='ocrx_word' id='word_1_472' title='bbox 961 3259 1078 3316; x_wconf 76' lang='grc' dir='ltr'><strong>ἐκεῖ</strong></span> <span class='ocrx_word' id='word_1_473' title='bbox 1108 3273 1360 3337; x_wconf 77' lang='grc' dir='ltr'><strong>γυναῖκες</strong></span> <span class='ocrx_word' id='word_1_474' title='bbox 1406 3259 1627 3340; x_wconf 80' lang='grc' dir='ltr'><strong>πολλαὶ,</strong></span> <span class='ocrx_word' id='word_1_475' title='bbox 1679 3263 1781 3318; x_wconf 73' lang='grc' dir='ltr'><strong>ἀπὸ</strong></span> <span class='ocrx_word' id='word_1_476' title='bbox 1814 3262 2014 3341; x_wconf 84' lang='grc' dir='ltr'><strong>μακρό-</strong></span> 
     </span>
    </p>
   </div>
   <div class='ocr_carea' id='block_1_67' title="bbox 356 3347 2015 3429">
    <p class='ocr_par' dir='ltr' id='par_1_67' title="bbox 356 3347 2015 3429">
     <span class='ocr_line' id='line_1_67' title="bbox 356 3347 2015 3429; baseline -0.002 -20"><span class='ocrx_word' id='word_1_477' title='bbox 356 3354 442 3409; x_wconf 80' lang='grc' dir='ltr'><strong>θεν</strong></span> <span class='ocrx_word' id='word_1_478' title='bbox 499 3353 813 3429; x_wconf 81' lang='grc' dir='ltr'><strong>θεωροῦσαι,</strong></span> <span class='ocrx_word' id='word_1_479' title='bbox 876 3348 1078 3413; x_wconf 76' lang='grc' dir='ltr'><strong>αἵτινες</strong></span> <span class='ocrx_word' id='word_1_480' title='bbox 1137 3347 1504 3417; x_wconf 76' lang='grc' dir='ltr'><strong>ἠκολούθησαν</strong></span> <span class='ocrx_word' id='word_1_481' title='bbox 1550 3355 1627 3420; x_wconf 82' lang='grc' dir='ltr'><strong>τῷ</strong></span> <span class='ocrx_word' id='word_1_482' title='bbox 1676 3348 1852 3418; x_wconf 86' lang='grc' dir='ltr'><strong>ἰησοῦ</strong></span> <span class='ocrx_word' id='word_1_483' title='bbox 1909 3351 2015 3407; x_wconf 76' lang='grc' dir='ltr'><strong>ἀπὸ</strong></span> 
     </span>
    </p>
   </div>
   <div class='ocr_carea' id='block_1_68' title="bbox 357 3433 2014 3519">
    <p class='ocr_par' dir='ltr' id='par_1_68' title="bbox 357 3433 2014 3519">
     <span class='ocr_line' id='line_1_68' title="bbox 357 3433 2014 3519; baseline -0.001 -23"><span class='ocrx_word' id='word_1_484' title='bbox 357 3445 459 3507; x_wconf 79' lang='grc' dir='ltr'><strong>τῆς</strong></span> <span class='ocrx_word' id='word_1_485' title='bbox 514 3436 800 3503; x_wconf 78' lang='grc' dir='ltr'>Γαλιλαίας</span> <span class='ocrx_word' id='word_1_486' title='bbox 847 3433 1178 3495; x_wconf 81' lang='grc' dir='ltr'><strong>διακονοῦσαι</strong></span> <span class='ocrx_word' id='word_1_487' title='bbox 1238 3443 1405 3514; x_wconf 71' lang='grc' dir='ltr'><strong>αὐτῷ,</strong></span> <span class='ocrx_word' id='word_1_488' title='bbox 1459 3439 1514 3495; x_wconf 78' lang='grc' dir='ltr'><strong>ἰν</strong></span> <span class='ocrx_word' id='word_1_489' title='bbox 1544 3440 1635 3503; x_wconf 73' lang='grc' dir='ltr'><strong>αἶς</strong></span> <span class='ocrx_word' id='word_1_490' title='bbox 1668 3443 1734 3508; x_wconf 80' lang='grc' dir='ltr'><strong>ἦν</strong></span> <span class='ocrx_word' id='word_1_491' title='bbox 1768 3440 1938 3519; x_wconf 75' lang='grc' dir='ltr'><strong>Μαρία</strong></span> <span class='ocrx_word' id='word_1_492' title='bbox 1979 3442 2014 3507; x_wconf 77' lang='grc' dir='ltr'>ἡ</span> 
     </span>
    </p>
   </div>
   <div class='ocr_carea' id='block_1_69' title="bbox 360 3525 2017 3606">
    <p class='ocr_par' dir='ltr' id='par_1_69' title="bbox 360 3525 2017 3606">
     <span class='ocr_line' id='line_1_69' title="bbox 360 3525 2017 3606; baseline -0.001 -21"><span class='ocrx_word' id='word_1_493' title='bbox 360 3525 718 3605; x_wconf 75' lang='grc' dir='ltr'><strong>Μαγδαληνὴ,</strong></span> <span class='ocrx_word' id='word_1_494' title='bbox 789 3528 878 3583; x_wconf 84' lang='grc' dir='ltr'><strong>καὶ</strong></span> <span class='ocrx_word' id='word_1_495' title='bbox 936 3530 1108 3606; x_wconf 74' lang='grc' dir='ltr'><strong>Μαρία</strong></span> <span class='ocrx_word' id='word_1_496' title='bbox 1166 3530 1200 3596; x_wconf 75' lang='grc' dir='ltr'><strong>ἦ</strong></span> <span class='ocrx_word' id='word_1_497' title='bbox 1251 3536 1340 3585; x_wconf 83' lang='grc' dir='ltr'><strong>τοῦ</strong></span> <span class='ocrx_word' id='word_1_498' title='bbox 1401 3527 1655 3587; x_wconf 76' lang='grc' dir='ltr'><strong>Ἰακώϐου</strong></span> <span class='ocrx_word' id='word_1_499' title='bbox 1712 3531 1800 3586; x_wconf 85' lang='grc' dir='ltr'><strong>καὶ</strong></span> <span class='ocrx_word' id='word_1_500' title='bbox 1859 3529 2017 3597; x_wconf 80' lang='grc' dir='ltr'><strong>Ἰωσῆ</strong></span> 
     </span>
    </p>
   </div>
   <div class='ocr_carea' id='block_1_70' title="bbox 357 3610 2015 3696">
    <p class='ocr_par' dir='ltr' id='par_1_70' title="bbox 357 3610 2015 3696">
     <span class='ocr_line' id='line_1_70' title="bbox 357 3610 2015 3696; baseline 0.001 -24"><span class='ocrx_word' id='word_1_501' title='bbox 357 3619 563 3696; x_wconf 73' lang='grc' dir='ltr'><strong>μήτηρ,</strong></span> <span class='ocrx_word' id='word_1_502' title='bbox 594 3618 683 3673; x_wconf 84' lang='grc' dir='ltr'><strong>καὶ</strong></span> <span class='ocrx_word' id='word_1_503' title='bbox 738 3618 772 3685; x_wconf 79' lang='grc' dir='ltr'><strong>ἡ</strong></span> <span class='ocrx_word' id='word_1_504' title='bbox 827 3618 1008 3696; x_wconf 80' lang='grc' dir='ltr'><strong>μήτηρ</strong></span> <span class='ocrx_word' id='word_1_505' title='bbox 1064 3622 1169 3674; x_wconf 90' lang='grc' dir='ltr'><strong>τῶν</strong></span> <span class='ocrx_word' id='word_1_506' title='bbox 1239 3621 1364 3675; x_wconf 79' lang='grc' dir='ltr'><strong>υἱῶν</strong></span> <span class='ocrx_word' id='word_1_507' title='bbox 1433 3617 1725 3681; x_wconf 75' lang='grc' dir='ltr'><strong>Ζεϐεδαίου.</strong></span> <span class='ocrx_word' id='word_1_508' title='bbox 1762 3643 1789 3673; x_wconf 76' lang='grc' dir='ltr'><strong><em>ι</em></strong></span> <span class='ocrx_word' id='word_1_509' title='bbox 1828 3610 1886 3677; x_wconf 60' lang='grc'><strong>’0</strong></span> <span class='ocrx_word' id='word_1_510' title='bbox 1917 3619 2015 3695; x_wconf 77' lang='grc' dir='ltr'><strong>μὶν</strong></span> 
     </span>
    </p>
   </div>
   <div class='ocr_carea' id='block_1_71' title="bbox 357 3707 2015 3788">
    <p class='ocr_par' dir='ltr' id='par_1_71' title="bbox 357 3707 2015 3788">
     <span class='ocr_line' id='line_1_71' title="bbox 357 3707 2015 3788; baseline 0 -23"><span class='ocrx_word' id='word_1_511' title='bbox 357 3708 562 3771; x_wconf 66' lang='grc' dir='ltr'><strong>ἂθνικδς</strong></span> <span class='ocrx_word' id='word_1_512' title='bbox 649 3707 1068 3788; x_wconf 64' lang='grc' dir='ltr'><strong>ἑκατόνταρχος,</strong></span> <span class='ocrx_word' id='word_1_513' title='bbox 1157 3709 1263 3765; x_wconf 80' lang='grc' dir='ltr'><strong>ἀπὸ</strong></span> <span class='ocrx_word' id='word_1_514' title='bbox 1321 3716 1426 3766; x_wconf 88' lang='grc' dir='ltr'><strong>τῶν</strong></span> <span class='ocrx_word' id='word_1_515' title='bbox 1489 3709 1726 3784; x_wconf 83' lang='grc' dir='ltr'><strong>σημείων</strong></span> <span class='ocrx_word' id='word_1_516' title='bbox 1782 3710 2015 3766; x_wconf 75' lang='grc' dir='ltr'><strong>πιστεύει</strong></span> 
     </span>
    </p>
   </div>
   <div class='ocr_carea' id='block_1_72' title="bbox 358 3797 2015 3881">
    <p class='ocr_par' dir='ltr' id='par_1_72' title="bbox 358 3797 2015 3881">
     <span class='ocr_line' id='line_1_72' title="bbox 358 3797 2015 3881; baseline 0 -27"><span class='ocrx_word' id='word_1_517' title='bbox 358 3799 455 3854; x_wconf 74' lang='grc' dir='ltr'><strong>σὺν</strong></span> <span class='ocrx_word' id='word_1_518' title='bbox 496 3811 612 3863; x_wconf 73' lang='grc' dir='ltr'>τοῖς</span> <span class='ocrx_word' id='word_1_519' title='bbox 656 3798 776 3875; x_wconf 87' lang='grc' dir='ltr'><strong>περῖ</strong></span> <span class='ocrx_word' id='word_1_520' title='bbox 827 3798 982 3855; x_wconf 68' lang='grc' dir='ltr'><strong>αὗτόν</strong></span> <span class='ocrx_word' id='word_1_521' title='bbox 1018 3813 1032 3828; x_wconf 76' lang='grc'><strong><em>⁸</em></strong></span> <span class='ocrx_word' id='word_1_522' title='bbox 1094 3801 1140 3854; x_wconf 77' lang='grc' dir='ltr'><strong>οι</strong></span> <span class='ocrx_word' id='word_1_523' title='bbox 1198 3797 1252 3854; x_wconf 78' lang='grc' dir='ltr'>δὲ</span> <span class='ocrx_word' id='word_1_524' title='bbox 1311 3802 1596 3881; x_wconf 71' lang='grc' dir='ltr'><strong>προφητῶν</strong></span> <span class='ocrx_word' id='word_1_525' title='bbox 1652 3799 2015 3857; x_wconf 77' lang='grc' dir='ltr'><strong>κατακούσαν-</strong></span> 
     </span>
    </p>
   </div>
   <div class='ocr_carea' id='block_1_73' title="bbox 356 3886 2018 3964">
    <p class='ocr_par' dir='ltr' id='par_1_73' title="bbox 356 3886 2018 3964">
     <span class='ocr_line' id='line_1_73' title="bbox 356 3886 2018 3964; baseline 0.001 -21"><span class='ocrx_word' id='word_1_526' title='bbox 356 3908 446 3951; x_wconf 90' lang='grc' dir='ltr'><strong>τες</strong></span> <span class='ocrx_word' id='word_1_527' title='bbox 502 3889 591 3944; x_wconf 79' lang='grc' dir='ltr'><strong>καὶ</strong></span> <span class='ocrx_word' id='word_1_528' title='bbox 634 3888 796 3963; x_wconf 81' lang='grc' dir='ltr'><strong>νόμου</strong></span> <span class='ocrx_word' id='word_1_529' title='bbox 842 3886 1117 3962; x_wconf 83' lang='grc' dir='ltr'><strong>Ἰουδαῖοι,</strong></span> <span class='ocrx_word' id='word_1_530' title='bbox 1152 3887 1365 3946; x_wconf 74' lang='grc' dir='ltr'><strong>ἄπιστοι</strong></span> <span class='ocrx_word' id='word_1_531' title='bbox 1424 3889 1638 3964; x_wconf 75' lang='grc' dir='ltr'><strong>μένουσι</strong></span> <span class='ocrx_word' id='word_1_532' title='bbox 1675 3905 1688 3919; x_wconf 82' lang='grc'><strong><em>⁸</em></strong></span> <span class='ocrx_word' id='word_1_533' title='bbox 1766 3891 2018 3946; x_wconf 82' lang='grc' dir='ltr'><strong>τοσοῦτόν</strong></span> 
     </span>
    </p>
   </div>
   <div class='ocr_carea' id='block_1_74' title="bbox 363 3975 2022 4059">
    <p class='ocr_par' dir='ltr' id='par_1_74' title="bbox 363 3975 2022 4059">
     <span class='ocr_line' id='line_1_74' title="bbox 363 3975 2022 4059; baseline 0.001 -26"><span class='ocrx_word' id='word_1_534' title='bbox 363 3979 514 4033; x_wconf 60' lang='grc' dir='ltr'><strong>ἑστιν</strong></span> <span class='ocrx_word' id='word_1_535' title='bbox 571 3978 606 4048; x_wconf 78' lang='grc' dir='ltr'>ἡ</span> <span class='ocrx_word' id='word_1_536' title='bbox 665 3977 892 4052; x_wconf 85' lang='grc' dir='ltr'><strong>πονηρία</strong></span> <span class='ocrx_word' id='word_1_537' title='bbox 948 3977 1112 4034; x_wconf 85' lang='grc' dir='ltr'><strong>κακόν</strong></span> <span class='ocrx_word' id='word_1_538' title='bbox 1150 3994 1164 4007; x_wconf 81' lang='grc'><strong>⁸</strong></span> <span class='ocrx_word' id='word_1_539' title='bbox 1228 3980 1314 4034; x_wconf 75' lang='grc' dir='ltr'><strong>καὶ</strong></span> <span class='ocrx_word' id='word_1_540' title='bbox 1370 3981 1700 4059; x_wconf 63' lang='grc' dir='ltr'><strong>ἒμαρτύριβε</strong></span> <span class='ocrx_word' id='word_1_541' title='bbox 1731 3975 1782 4034; x_wconf 77' lang='grc' dir='ltr'><strong>δὲ</strong></span> <span class='ocrx_word' id='word_1_542' title='bbox 1827 3981 1855 4034; x_wconf 79' lang='grc' dir='ltr'><strong>ὃ</strong></span> <span class='ocrx_word' id='word_1_543' title='bbox 1899 3978 2022 4035; x_wconf 82' lang='grc' dir='ltr'><strong>ἑκα-</strong></span> 
     </span>
    </p>
   </div>
   <div class='ocr_carea' id='block_1_75' title="bbox 358 4066 2019 4147">
    <p class='ocr_par' dir='ltr' id='par_1_75' title="bbox 358 4066 2019 4147">
     <span class='ocr_line' id='line_1_75' title="bbox 358 4066 2019 4147; baseline 0.001 -25"><span class='ocrx_word' id='word_1_544' title='bbox 358 4066 656 4146; x_wconf 81' lang='grc' dir='ltr'><strong>τόνταρχος</strong></span> <span class='ocrx_word' id='word_1_545' title='bbox 715 4066 866 4129; x_wconf 73' lang='grc' dir='ltr'>οὗτος</span> <span class='ocrx_word' id='word_1_546' title='bbox 925 4068 1055 4147; x_wconf 64' lang='grc' dir='ltr'><strong>ὑπὲρ</strong></span> <span class='ocrx_word' id='word_1_547' title='bbox 1099 4075 1324 4146; x_wconf 82' lang='grc' dir='ltr'><strong>Χριστοῦ</strong></span> <span class='ocrx_word' id='word_1_548' title='bbox 1379 4067 1615 4147; x_wconf 75' lang='grc' dir='ltr'><strong>ὕστερον.</strong></span> <span class='ocrx_word' id='word_1_549' title='bbox 1664 4073 1917 4134; x_wconf 74' lang='grc' dir='ltr'><strong>Γυναῖκες</strong></span> <span class='ocrx_word' id='word_1_550' title='bbox 1966 4067 2019 4124; x_wconf 82' lang='grc' dir='ltr'><strong>δὲ</strong></span> 
     </span>
    </p>
   </div>
   <div class='ocr_carea' id='block_1_76' title="bbox 357 4155 2019 4236">
    <p class='ocr_par' dir='ltr' id='par_1_76' title="bbox 357 4155 2019 4236">
     <span class='ocr_line' id='line_1_76' title="bbox 357 4155 2019 4236; baseline 0.001 -23"><span class='ocrx_word' id='word_1_551' title='bbox 357 4160 651 4234; x_wconf 83' lang='grc' dir='ltr'><strong>θεωροῦσαι</strong></span> <span class='ocrx_word' id='word_1_552' title='bbox 684 4155 750 4212; x_wconf 76' lang='grc' dir='ltr'><strong>τα</strong></span> <span class='ocrx_word' id='word_1_553' title='bbox 778 4157 1063 4236; x_wconf 83' lang='grc' dir='ltr'><strong>γενόμενα,</strong></span> <span class='ocrx_word' id='word_1_554' title='bbox 1111 4161 1160 4214; x_wconf 75' lang='grc' dir='ltr'><strong>αἱ</strong></span> <span class='ocrx_word' id='word_1_555' title='bbox 1219 4157 1452 4233; x_wconf 76' lang='grc' dir='ltr'><strong>μάλιστα</strong></span> <span class='ocrx_word' id='word_1_556' title='bbox 1501 4160 1716 4215; x_wconf 89' lang='grc' dir='ltr'><strong>πάντων</strong></span> <span class='ocrx_word' id='word_1_557' title='bbox 1743 4156 2019 4233; x_wconf 80' lang='grc' dir='ltr'><strong>συμπαθέ-</strong></span> 
     </span>
    </p>
   </div>
   <div class='ocr_carea' id='block_1_77' title="bbox 363 4245 2022 4327">
    <p class='ocr_par' dir='ltr' id='par_1_77' title="bbox 363 4245 2022 4327">
     <span class='ocr_line' id='line_1_77' title="bbox 363 4245 2022 4327; baseline 0.002 -27"><span class='ocrx_word' id='word_1_558' title='bbox 363 4265 569 4325; x_wconf 86' lang='grc' dir='ltr'><strong>στεραι,</strong></span> <span class='ocrx_word' id='word_1_559' title='bbox 651 4247 739 4302; x_wconf 79' lang='grc' dir='ltr'><strong>καὶ</strong></span> <span class='ocrx_word' id='word_1_560' title='bbox 806 4246 869 4301; x_wconf 83' lang='grc' dir='ltr'><strong>τὸ</strong></span> <span class='ocrx_word' id='word_1_561' title='bbox 953 4245 1104 4323; x_wconf 85' lang='grc' dir='ltr'><strong>γένος</strong></span> <span class='ocrx_word' id='word_1_562' title='bbox 1192 4249 1253 4303; x_wconf 82' lang='grc' dir='ltr'><strong>τὸ</strong></span> <span class='ocrx_word' id='word_1_563' title='bbox 1337 4249 1670 4327; x_wconf 77' lang='grc' dir='ltr'><strong>κατακριθὲν,</strong></span> <span class='ocrx_word' id='word_1_564' title='bbox 1768 4245 2022 4304; x_wconf 76' lang='grc' dir='ltr'><strong>ἀπολαύει</strong></span> 
     </span>
    </p>
   </div>
   <div class='ocr_carea' id='block_1_78' title="bbox 367 4333 2023 4415">
    <p class='ocr_par' dir='ltr' id='par_1_78' title="bbox 367 4333 2023 4415">
     <span class='ocr_line' id='line_1_78' title="bbox 367 4333 2023 4415; baseline -0.001 -23"><span class='ocrx_word' id='word_1_565' title='bbox 367 4340 580 4410; x_wconf 81' lang='grc' dir='ltr'><strong>πρῶτον</strong></span> <span class='ocrx_word' id='word_1_566' title='bbox 635 4333 734 4402; x_wconf 83' lang='grc' dir='ltr'>τῆς</span> <span class='ocrx_word' id='word_1_567' title='bbox 794 4341 901 4390; x_wconf 91' lang='grc' dir='ltr'><strong>τῶν</strong></span> <span class='ocrx_word' id='word_1_568' title='bbox 945 4335 1155 4413; x_wconf 72' lang='grc' dir='ltr'><strong>ἀγαθῶν</strong></span> <span class='ocrx_word' id='word_1_569' title='bbox 1200 4339 1417 4415; x_wconf 80' lang='grc' dir='ltr'><strong>θεωρίας</strong></span> <span class='ocrx_word' id='word_1_570' title='bbox 1451 4351 1464 4365; x_wconf 78' lang='grc'><strong>⁸</strong></span> <span class='ocrx_word' id='word_1_571' title='bbox 1512 4340 1597 4393; x_wconf 86' lang='grc' dir='ltr'><strong>καὶ</strong></span> <span class='ocrx_word' id='word_1_572' title='bbox 1637 4341 1682 4395; x_wconf 80' lang='lat' dir='ltr'><strong>oi</strong></span> <span class='ocrx_word' id='word_1_573' title='bbox 1714 4338 1811 4412; x_wconf 78' lang='grc' dir='ltr'><strong>μὲν</strong></span> <span class='ocrx_word' id='word_1_574' title='bbox 1844 4340 2023 4413; x_wconf 80' lang='grc' dir='ltr'><strong>μαθη-</strong></span> 
     </span>
    </p>
   </div>
   <div class='ocr_carea' id='block_1_79' title="bbox 2099 3257 3748 3326">
    <p class='ocr_par' dir='ltr' id='par_1_79' title="bbox 2099 3257 3748 3326">
     <span class='ocr_line' id='line_1_79' title="bbox 2099 3257 3748 3326; baseline 0.002 -6"><span class='ocrx_word' id='word_1_575' title='bbox 2099 3257 2284 3320; x_wconf 90' lang='lat' dir='ltr'><strong>Filius</strong></span> <span class='ocrx_word' id='word_1_576' title='bbox 2330 3257 2434 3320; x_wconf 89' lang='lat' dir='ltr'><strong>Dei</strong></span> <span class='ocrx_word' id='word_1_577' title='bbox 2481 3267 2614 3319; x_wconf 88' lang='lat' dir='ltr'><strong>erat</strong></span> <span class='ocrx_word' id='word_1_578' title='bbox 2657 3259 2789 3322; x_wconf 89' lang='lat' dir='ltr'><strong>iste.</strong></span> <span class='ocrx_word' id='word_1_579' title='bbox 2846 3260 3030 3320; x_wconf 85' lang='lat' dir='ltr'><strong>Erant</strong></span> <span class='ocrx_word' id='word_1_580' title='bbox 3070 3268 3268 3321; x_wconf 87' lang='lat' dir='ltr'><strong>autem</strong></span> <span class='ocrx_word' id='word_1_581' title='bbox 3321 3260 3404 3323; x_wconf 92' lang='lat' dir='ltr'><strong>ibi</strong></span> <span class='ocrx_word' id='word_1_582' title='bbox 3461 3261 3748 3326; x_wconf 81' lang='lat' dir='ltr'><strong>mulieres</strong></span> 
     </span>
    </p>
   </div>
   <div class='ocr_carea' id='block_1_80' title="bbox 2099 3346 3752 3432">
    <p class='ocr_par' dir='ltr' id='par_1_80' title="bbox 2099 3346 3752 3432">
     <span class='ocr_line' id='line_1_80' title="bbox 2099 3346 3752 3432; baseline 0.004 -24"><span class='ocrx_word' id='word_1_583' title='bbox 2099 3347 2301 3408; x_wconf 67' lang='lat' dir='ltr'><strong>multa;</strong></span> <span class='ocrx_word' id='word_1_584' title='bbox 2331 3365 2362 3407; x_wconf 91' lang='lat' dir='ltr'><strong>e</strong></span> <span class='ocrx_word' id='word_1_585' title='bbox 2396 3346 2714 3427; x_wconf 83' lang='lat' dir='ltr'><strong>longinquo</strong></span> <span class='ocrx_word' id='word_1_586' title='bbox 2733 3355 3236 3432; x_wconf 57' lang='lat' dir='ltr'><strong>spectantesque;</strong></span> <span class='ocrx_word' id='word_1_587' title='bbox 3264 3365 3483 3413; x_wconf 77' lang='lat' dir='ltr'><strong>secutae</strong></span> <span class='ocrx_word' id='word_1_588' title='bbox 3518 3351 3752 3414; x_wconf 82' lang='lat' dir='ltr'><strong>fuerant</strong></span> 
     </span>
    </p>
   </div>
   <div class='ocr_carea' id='block_1_81' title="bbox 2099 3434 3754 3521">
    <p class='ocr_par' dir='ltr' id='par_1_81' title="bbox 2099 3434 3754 3521">
     <span class='ocr_line' id='line_1_81' title="bbox 2099 3434 3754 3521; baseline 0.002 -22"><span class='ocrx_word' id='word_1_589' title='bbox 2099 3437 2300 3499; x_wconf 91' lang='lat' dir='ltr'><strong>Iesum</strong></span> <span class='ocrx_word' id='word_1_590' title='bbox 2334 3455 2366 3497; x_wconf 92' lang='lat' dir='ltr'><strong>a</strong></span> <span class='ocrx_word' id='word_1_591' title='bbox 2393 3434 2651 3507; x_wconf 75' lang='lat' dir='ltr'><strong>Galilaea,</strong></span> <span class='ocrx_word' id='word_1_592' title='bbox 2681 3436 3088 3500; x_wconf 89' lang='lat' dir='ltr'><strong>ministrantes</strong></span> <span class='ocrx_word' id='word_1_593' title='bbox 3119 3438 3198 3512; x_wconf 89' lang='lat' dir='ltr'><strong>ei,</strong></span> <span class='ocrx_word' id='word_1_594' title='bbox 3243 3439 3401 3503; x_wconf 89' lang='lat' dir='ltr'><strong>inter</strong></span> <span class='ocrx_word' id='word_1_595' title='bbox 3430 3458 3575 3521; x_wconf 88' lang='lat' dir='ltr'><strong>quas</strong></span> <span class='ocrx_word' id='word_1_596' title='bbox 3623 3449 3754 3504; x_wconf 88' lang='lat' dir='ltr'><strong>erat</strong></span> 
     </span>
    </p>
   </div>
   <div class='ocr_carea' id='block_1_82' title="bbox 2100 3524 3747 3604">
    <p class='ocr_par' dir='ltr' id='par_1_82' title="bbox 2100 3524 3747 3604">
     <span class='ocr_line' id='line_1_82' title="bbox 2100 3524 3747 3604; baseline 0.002 -17"><span class='ocrx_word' id='word_1_597' title='bbox 2100 3524 2278 3587; x_wconf 80' lang='lat' dir='ltr'><strong>Maria</strong></span> <span class='ocrx_word' id='word_1_598' title='bbox 2312 3525 2681 3602; x_wconf 63' lang='lat' dir='ltr'><strong>Magdali-ne,</strong></span> <span class='ocrx_word' id='word_1_599' title='bbox 2712 3535 2768 3586; x_wconf 88' lang='lat' dir='ltr'><strong>et</strong></span> <span class='ocrx_word' id='word_1_600' title='bbox 2800 3527 2985 3589; x_wconf 81' lang='lat' dir='ltr'><strong>Maria</strong></span> <span class='ocrx_word' id='word_1_601' title='bbox 3007 3526 3238 3602; x_wconf 86' lang='lat' dir='ltr'><strong>Jacobi,</strong></span> <span class='ocrx_word' id='word_1_602' title='bbox 3267 3537 3327 3590; x_wconf 89' lang='lat' dir='ltr'><strong>et</strong></span> <span class='ocrx_word' id='word_1_603' title='bbox 3354 3529 3492 3592; x_wconf 92' lang='lat' dir='ltr'><strong>Iose</strong></span> <span class='ocrx_word' id='word_1_604' title='bbox 3537 3537 3747 3604; x_wconf 84' lang='lat' dir='ltr'><strong>mater,</strong></span> 
     </span>
    </p>
   </div>
   <div class='ocr_carea' id='block_1_83' title="bbox 2103 3614 3754 3682">
    <p class='ocr_par' dir='ltr' id='par_1_83' title="bbox 2103 3614 3754 3682">
     <span class='ocr_line' id='line_1_83' title="bbox 2103 3614 3754 3682; baseline 0.004 -7"><span class='ocrx_word' id='word_1_605' title='bbox 2103 3623 2160 3675; x_wconf 91' lang='lat' dir='ltr'><strong>et</strong></span> <span class='ocrx_word' id='word_1_606' title='bbox 2188 3622 2377 3676; x_wconf 87' lang='lat' dir='ltr'><strong>mater</strong></span> <span class='ocrx_word' id='word_1_607' title='bbox 2403 3614 2660 3677; x_wconf 91' lang='lat' dir='ltr'><strong>ﬁliorum</strong></span> <span class='ocrx_word' id='word_1_608' title='bbox 2686 3615 3022 3679; x_wconf 65' lang='lat' dir='ltr'><strong>Zebedaei.»</strong></span> <span class='ocrx_word' id='word_1_609' title='bbox 3057 3617 3339 3680; x_wconf 89' lang='lat' dir='ltr'><strong>Centurio</strong></span> <span class='ocrx_word' id='word_1_610' title='bbox 3362 3619 3538 3680; x_wconf 90' lang='lat' dir='ltr'><strong>homo</strong></span> <span class='ocrx_word' id='word_1_611' title='bbox 3559 3620 3754 3682; x_wconf 84' lang='lat' dir='ltr'><strong>ethni-</strong></span> 
     </span>
    </p>
   </div>
   <div class='ocr_carea' id='block_1_84' title="bbox 2101 3703 3747 3788">
    <p class='ocr_par' dir='ltr' id='par_1_84' title="bbox 2101 3703 3747 3788">
     <span class='ocr_line' id='line_1_84' title="bbox 2101 3703 3747 3788; baseline 0.004 -22"><span class='ocrx_word' id='word_1_612' title='bbox 2101 3721 2206 3766; x_wconf 88' lang='lat' dir='ltr'><strong>cus</strong></span> <span class='ocrx_word' id='word_1_613' title='bbox 2237 3723 2270 3764; x_wconf 90' lang='lat' dir='ltr'><strong>a</strong></span> <span class='ocrx_word' id='word_1_614' title='bbox 2299 3705 2483 3783; x_wconf 73' lang='lat' dir='ltr'><strong>signis</strong></span> <span class='ocrx_word' id='word_1_615' title='bbox 2513 3703 2704 3766; x_wconf 90' lang='lat' dir='ltr'><strong>credit</strong></span> <span class='ocrx_word' id='word_1_616' title='bbox 2734 3725 2868 3766; x_wconf 91' lang='lat' dir='ltr'><strong>cum</strong></span> <span class='ocrx_word' id='word_1_617' title='bbox 2896 3705 2988 3767; x_wconf 85' lang='lat' dir='ltr'><strong>his</strong></span> <span class='ocrx_word' id='word_1_618' title='bbox 3018 3705 3118 3788; x_wconf 92' lang='lat' dir='ltr'><strong>qui</strong></span> <span class='ocrx_word' id='word_1_619' title='bbox 3150 3725 3357 3769; x_wconf 89' lang='lat' dir='ltr'><strong>secum</strong></span> <span class='ocrx_word' id='word_1_620' title='bbox 3389 3716 3557 3770; x_wconf 91' lang='lat' dir='ltr'><strong>erant</strong></span> <span class='ocrx_word' id='word_1_621' title='bbox 3588 3729 3602 3770; x_wconf 95' lang='lat'>:</span> <span class='ocrx_word' id='word_1_622' title='bbox 3637 3708 3747 3772; x_wconf 88' lang='lat' dir='ltr'><strong>Iu-</strong></span> 
     </span>
    </p>
   </div>
   <div class='ocr_carea' id='block_1_85' title="bbox 2099 3792 3756 3880">
    <p class='ocr_par' dir='ltr' id='par_1_85' title="bbox 2099 3792 3756 3880">
     <span class='ocr_line' id='line_1_85' title="bbox 2099 3792 3756 3880; baseline 0.005 -26"><span class='ocrx_word' id='word_1_623' title='bbox 2099 3792 2211 3855; x_wconf 72' lang='lat' dir='ltr'><strong>daei</strong></span> <span class='ocrx_word' id='word_1_624' title='bbox 2240 3801 2436 3856; x_wconf 89' lang='lat' dir='ltr'><strong>autem</strong></span> <span class='ocrx_word' id='word_1_625' title='bbox 2463 3794 2560 3875; x_wconf 88' lang='lat' dir='ltr'><strong>qui</strong></span> <span class='ocrx_word' id='word_1_626' title='bbox 2585 3794 2772 3874; x_wconf 83' lang='lat' dir='ltr'><strong>legem</strong></span> <span class='ocrx_word' id='word_1_627' title='bbox 2793 3803 2852 3855; x_wconf 87' lang='lat' dir='ltr'><strong>et</strong></span> <span class='ocrx_word' id='word_1_628' title='bbox 2872 3796 3194 3877; x_wconf 80' lang='lat' dir='ltr'><strong>praphetas</strong></span> <span class='ocrx_word' id='word_1_629' title='bbox 3215 3797 3756 3880; x_wconf 71' lang='lat' dir='ltr'><strong>audierant,incre-</strong></span> 
     </span>
    </p>
   </div>
   <div class='ocr_carea' id='block_1_86' title="bbox 2099 3882 3754 3969">
    <p class='ocr_par' dir='ltr' id='par_1_86' title="bbox 2099 3882 3754 3969">
     <span class='ocr_line' id='line_1_86' title="bbox 2099 3882 3754 3969; baseline 0.005 -25"><span class='ocrx_word' id='word_1_630' title='bbox 2099 3882 2503 3947; x_wconf 90' lang='lat' dir='ltr'><strong>dulimanent.</strong></span> <span class='ocrx_word' id='word_1_631' title='bbox 2536 3883 2786 3948; x_wconf 88' lang='lat' dir='ltr'><strong>Tantum</strong></span> <span class='ocrx_word' id='word_1_632' title='bbox 2807 3887 3021 3947; x_wconf 90' lang='lat' dir='ltr'><strong>malum</strong></span> <span class='ocrx_word' id='word_1_633' title='bbox 3039 3887 3500 3967; x_wconf 84' lang='lat' dir='ltr'><strong>estmalignitas.</strong></span> <span class='ocrx_word' id='word_1_634' title='bbox 3533 3890 3754 3969; x_wconf 81' lang='lat' dir='ltr'><strong>Etpos-</strong></span> 
     </span>
    </p>
   </div>
   <div class='ocr_carea' id='block_1_87' title="bbox 2103 3974 3756 4059">
    <p class='ocr_par' dir='ltr' id='par_1_87' title="bbox 2103 3974 3756 4059">
     <span class='ocr_line' id='line_1_87' title="bbox 2103 3974 3756 4059; baseline 0.006 -27"><span class='ocrx_word' id='word_1_635' title='bbox 2103 3980 2198 4034; x_wconf 89' lang='lat' dir='ltr'><strong>tea</strong></span> <span class='ocrx_word' id='word_1_636' title='bbox 2231 3975 2571 4054; x_wconf 75' lang='lat' dir='ltr'><strong>martyrium</strong></span> <span class='ocrx_word' id='word_1_637' title='bbox 2600 3974 2839 4054; x_wconf 88' lang='lat' dir='ltr'><strong>pertulit</strong></span> <span class='ocrx_word' id='word_1_638' title='bbox 2871 3976 2965 4039; x_wconf 90' lang='lat' dir='ltr'><strong>hic</strong></span> <span class='ocrx_word' id='word_1_639' title='bbox 2985 3977 3254 4038; x_wconf 89' lang='lat' dir='ltr'><strong>centurio</strong></span> <span class='ocrx_word' id='word_1_640' title='bbox 3287 3987 3527 4059; x_wconf 91' lang='lat' dir='ltr'><strong>propter</strong></span> <span class='ocrx_word' id='word_1_641' title='bbox 3549 3978 3756 4042; x_wconf 82' lang='lat' dir='ltr'><strong>Chris-</strong></span> 
     </span>
    </p>
   </div>
   <div class='ocr_carea' id='block_1_88' title="bbox 2105 4062 3758 4147">
    <p class='ocr_par' dir='ltr' id='par_1_88' title="bbox 2105 4062 3758 4147">
     <span class='ocr_line' id='line_1_88' title="bbox 2105 4062 3758 4147; baseline 0.005 -25"><span class='ocrx_word' id='word_1_642' title='bbox 2105 4070 2225 4123; x_wconf 90' lang='lat' dir='ltr'><strong>tum</strong></span> <span class='ocrx_word' id='word_1_643' title='bbox 2238 4062 2538 4126; x_wconf 78' lang='lat' dir='ltr'><strong>.Mulieres</strong></span> <span class='ocrx_word' id='word_1_644' title='bbox 2553 4081 2689 4126; x_wconf 83' lang='lat' dir='ltr'><strong>vero</strong></span> <span class='ocrx_word' id='word_1_645' title='bbox 2713 4071 3050 4145; x_wconf 86' lang='lat' dir='ltr'><strong>spectantes</strong></span> <span class='ocrx_word' id='word_1_646' title='bbox 3062 4083 3130 4127; x_wconf 91' lang='lat' dir='ltr'><strong>ea</strong></span> <span class='ocrx_word' id='word_1_647' title='bbox 3141 4084 3274 4147; x_wconf 65' lang='lat' dir='ltr'><strong>quae</strong></span> <span class='ocrx_word' id='word_1_648' title='bbox 3292 4066 3606 4143; x_wconf 88' lang='lat' dir='ltr'><strong>ﬁebant,ut</strong></span> <span class='ocrx_word' id='word_1_649' title='bbox 3620 4075 3758 4131; x_wconf 90' lang='lat' dir='ltr'><strong>sunt</strong></span> 
     </span>
    </p>
   </div>
   <div class='ocr_carea' id='block_1_89' title="bbox 2104 4151 3758 4239">
    <p class='ocr_par' dir='ltr' id='par_1_89' title="bbox 2104 4151 3758 4239">
     <span class='ocr_line' id='line_1_89' title="bbox 2104 4151 3758 4239; baseline 0.005 -27"><span class='ocrx_word' id='word_1_650' title='bbox 2104 4151 2715 4231; x_wconf 71' lang='lat' dir='ltr'><strong>compatientissimaa,</strong></span> <span class='ocrx_word' id='word_1_651' title='bbox 2750 4161 2809 4214; x_wconf 88' lang='lat' dir='ltr'><strong>et</strong></span> <span class='ocrx_word' id='word_1_652' title='bbox 2838 4172 3014 4215; x_wconf 78' lang='lat' dir='ltr'><strong>sexus</strong></span> <span class='ocrx_word' id='word_1_653' title='bbox 3057 4155 3515 4230; x_wconf 84' lang='lat' dir='ltr'><strong>condemnatus,</strong></span> <span class='ocrx_word' id='word_1_654' title='bbox 3551 4157 3758 4239; x_wconf 71' lang='lat' dir='ltr'><strong>prima</strong></span> 
     </span>
    </p>
   </div>
   <div class='ocr_carea' id='block_1_90' title="bbox 2105 4241 3760 4328">
    <p class='ocr_par' dir='ltr' id='par_1_90' title="bbox 2105 4241 3760 4328">
     <span class='ocr_line' id='line_1_90' title="bbox 2105 4241 3760 4328; baseline 0.004 -26"><span class='ocrx_word' id='word_1_655' title='bbox 2105 4241 2383 4302; x_wconf 87' lang='lat' dir='ltr'><strong>fruuntur</strong></span> <span class='ocrx_word' id='word_1_656' title='bbox 2397 4242 2686 4303; x_wconf 91' lang='lat' dir='ltr'><strong>bonorum</strong></span> <span class='ocrx_word' id='word_1_657' title='bbox 2715 4251 2950 4304; x_wconf 87' lang='lat' dir='ltr'><strong>contem</strong></span> <span class='ocrx_word' id='word_1_658' title='bbox 2960 4243 3322 4324; x_wconf 87' lang='lat' dir='ltr'><strong>platione.Et</strong></span> <span class='ocrx_word' id='word_1_659' title='bbox 3338 4246 3614 4328; x_wconf 82' lang='lat' dir='ltr'><strong>discipuli</strong></span> <span class='ocrx_word' id='word_1_660' title='bbox 3633 4247 3760 4328; x_wconf 85' lang='lat' dir='ltr'><strong>qni-</strong></span> 
     </span>
    </p>
   </div>
   <div class='ocr_carea' id='block_1_91' title="bbox 2108 4330 3757 4410">
    <p class='ocr_par' dir='ltr' id='par_1_91' title="bbox 2108 4330 3757 4410">
     <span class='ocr_line' id='line_1_91' title="bbox 2108 4330 3757 4410; baseline 0.004 -18"><span class='ocrx_word' id='word_1_661' title='bbox 2108 4330 2242 4392; x_wconf 89' lang='lat' dir='ltr'><strong>dem</strong></span> <span class='ocrx_word' id='word_1_662' title='bbox 2275 4330 2524 4410; x_wconf 79' lang='lat' dir='ltr'><strong>fugiunt,</strong></span> <span class='ocrx_word' id='word_1_663' title='bbox 2556 4330 2839 4395; x_wconf 89' lang='lat' dir='ltr'><strong>mulieres</strong></span> <span class='ocrx_word' id='word_1_664' title='bbox 2873 4341 3068 4395; x_wconf 90' lang='lat' dir='ltr'><strong>autem</strong></span> <span class='ocrx_word' id='word_1_665' title='bbox 3102 4334 3283 4397; x_wconf 81' lang='lat' dir='ltr'><strong>fortes</strong></span> <span class='ocrx_word' id='word_1_666' title='bbox 3314 4344 3473 4398; x_wconf 88' lang='lat' dir='ltr'><strong>sunt.</strong></span> <span class='ocrx_word' id='word_1_667' title='bbox 3511 4336 3757 4400; x_wconf 86' lang='lat' dir='ltr'><strong>Mariam</strong></span> 
     </span>
    </p>
   </div>
   <div class='ocr_carea' id='block_1_92' title="bbox 361 4420 2015 4505">
    <p class='ocr_par' dir='ltr' id='par_1_92' title="bbox 361 4423 2015 4505">
     <span class='ocr_line' id='line_1_92' title="bbox 361 4423 2015 4505; baseline 0.002 -25"><span class='ocrx_word' id='word_1_668' title='bbox 361 4426 450 4481; x_wconf 79' lang='grc' dir='ltr'><strong>ταὶ</strong></span> <span class='ocrx_word' id='word_1_669' title='bbox 523 4425 823 4504; x_wconf 67' lang='grc' dir='ltr'><strong>φεύγουσιν,</strong></span> <span class='ocrx_word' id='word_1_670' title='bbox 885 4427 936 4480; x_wconf 75' lang='grc' dir='ltr'><strong>αἱ</strong></span> <span class='ocrx_word' id='word_1_671' title='bbox 1008 4423 1060 4481; x_wconf 77' lang='grc' dir='ltr'><strong>δὲ</strong></span> <span class='ocrx_word' id='word_1_672' title='bbox 1121 4440 1371 4504; x_wconf 76' lang='grc' dir='ltr'><strong>γυναῖκες</strong></span> <span class='ocrx_word' id='word_1_673' title='bbox 1432 4434 1759 4505; x_wconf 82' lang='grc' dir='ltr'><strong>καρτεροῦσι,</strong></span> <span class='ocrx_word' id='word_1_674' title='bbox 1822 4427 2015 4503; x_wconf 80' lang='grc' dir='ltr'><strong>Μαρίαν</strong></span> 
     </span>
    </p>
   </div>
   <div class='ocr_carea' id='block_1_93' title="bbox 2104 4420 3759 4505">
    <p class='ocr_par' dir='ltr' id='par_1_93' title="bbox 2108 4420 3759 4505">
     <span class='ocr_line' id='line_1_93' title="bbox 2108 4420 3759 4505; baseline 0.005 -24"><span class='ocrx_word' id='word_1_675' title='bbox 2108 4429 2305 4481; x_wconf 88' lang='lat' dir='ltr'><strong>autem</strong></span> <span class='ocrx_word' id='word_1_676' title='bbox 2341 4433 2590 4481; x_wconf 83' lang='lat' dir='ltr'><strong>matrem</strong></span> <span class='ocrx_word' id='word_1_677' title='bbox 2615 4420 2822 4483; x_wconf 84' lang='lat' dir='ltr'><strong>Jacobi</strong></span> <span class='ocrx_word' id='word_1_678' title='bbox 2854 4430 2911 4482; x_wconf 92' lang='lat' dir='ltr'><strong>et</strong></span> <span class='ocrx_word' id='word_1_679' title='bbox 2939 4423 3098 4499; x_wconf 85' lang='lat' dir='ltr'><strong>Inse,</strong></span> <span class='ocrx_word' id='word_1_680' title='bbox 3131 4423 3443 4505; x_wconf 89' lang='lat' dir='ltr'><strong>Deiparam</strong></span> <span class='ocrx_word' id='word_1_681' title='bbox 3475 4424 3759 4489; x_wconf 83' lang='lat' dir='ltr'><strong>dicit.Ia-</strong></span> 
     </span>
    </p>
   </div>
   <div class='ocr_carea' id='block_1_94' title="bbox 366 4509 2015 4595">
    <p class='ocr_par' dir='ltr' id='par_1_94' title="bbox 366 4511 2015 4595">
     <span class='ocr_line' id='line_1_94' title="bbox 366 4511 2015 4595; baseline -0.015 -25"><span class='ocrx_word' id='word_1_682' title='bbox 366 4511 422 4570; x_wconf 82' lang='grc' dir='ltr'><strong>δὶ</strong></span> <span class='ocrx_word' id='word_1_683' title='bbox 468 4511 730 4576; x_wconf 75' lang='grc' dir='ltr'><strong>’Ῑακώὸου</strong></span> <span class='ocrx_word' id='word_1_684' title='bbox 782 4515 871 4569; x_wconf 87' lang='grc' dir='ltr'><strong>καὶ</strong></span> <span class='ocrx_word' id='word_1_685' title='bbox 926 4513 1087 4581; x_wconf 86' lang='grc' dir='ltr'><strong>Ἰωσῆ</strong></span> <span class='ocrx_word' id='word_1_686' title='bbox 1145 4516 1373 4594; x_wconf 74' lang='grc' dir='ltr'><strong>μητέρα,</strong></span> <span class='ocrx_word' id='word_1_687' title='bbox 1423 4518 1521 4584; x_wconf 66' lang='grc' dir='ltr'><strong>τὴν</strong></span> <span class='ocrx_word' id='word_1_688' title='bbox 1568 4518 1826 4574; x_wconf 70' lang='grc' dir='ltr'><strong>θεοτόχον</strong></span> <span class='ocrx_word' id='word_1_689' title='bbox 1854 4515 2015 4595; x_wconf 63' lang='grc' dir='ltr'><strong>λέγει.</strong></span> 
     </span>
    </p>
   </div>
   <div class='ocr_carea' id='block_1_95' title="bbox 2104 4509 3766 4595">
    <p class='ocr_par' dir='ltr' id='par_1_95' title="bbox 2111 4509 3766 4595">
     <span class='ocr_line' id='line_1_95' title="bbox 2111 4509 3766 4595; baseline 0.003 -24"><span class='ocrx_word' id='word_1_690' title='bbox 2111 4510 2296 4571; x_wconf 88' lang='lat' dir='ltr'><strong>cobus</strong></span> <span class='ocrx_word' id='word_1_691' title='bbox 2330 4509 2488 4571; x_wconf 91' lang='lat' dir='ltr'><strong>enim</strong></span> <span class='ocrx_word' id='word_1_692' title='bbox 2520 4518 2577 4571; x_wconf 92' lang='lat' dir='ltr'><strong>et</strong></span> <span class='ocrx_word' id='word_1_693' title='bbox 2605 4510 2902 4572; x_wconf 77' lang='lat' dir='ltr'><strong>Iosesﬁ‘lii</strong></span> <span class='ocrx_word' id='word_1_694' title='bbox 2930 4520 3098 4574; x_wconf 88' lang='lat' dir='ltr'><strong>erant</strong></span> <span class='ocrx_word' id='word_1_695' title='bbox 3120 4513 3337 4594; x_wconf 78' lang='lat' dir='ltr'><strong>Ioseph</strong></span> <span class='ocrx_word' id='word_1_696' title='bbox 3370 4514 3619 4593; x_wconf 88' lang='lat' dir='ltr'><strong>epriore</strong></span> <span class='ocrx_word' id='word_1_697' title='bbox 3636 4517 3766 4595; x_wconf 84' lang='lat' dir='ltr'><strong>ejus</strong></span> 
     </span>
    </p>
   </div>
   <div class='ocr_carea' id='block_1_96' title="bbox 366 4600 2015 4685">
    <p class='ocr_par' dir='ltr' id='par_1_96' title="bbox 366 4600 2015 4685">
     <span class='ocr_line' id='line_1_96' title="bbox 366 4600 2015 4685; baseline 0.004 -25"><span class='ocrx_word' id='word_1_698' title='bbox 366 4607 396 4660; x_wconf 79' lang='grc' dir='ltr'>ὁ</span> <span class='ocrx_word' id='word_1_699' title='bbox 454 4605 554 4682; x_wconf 77' lang='grc' dir='ltr'><strong>γὰρ</strong></span> <span class='ocrx_word' id='word_1_700' title='bbox 582 4600 840 4665; x_wconf 77' lang='grc' dir='ltr'><strong>Ἰάκωϐος</strong></span> <span class='ocrx_word' id='word_1_701' title='bbox 887 4604 972 4660; x_wconf 88' lang='grc' dir='ltr'><strong>καὶ</strong></span> <span class='ocrx_word' id='word_1_702' title='bbox 1030 4601 1218 4672; x_wconf 74' lang='grc' dir='ltr'><strong>Ἰωσῆς</strong></span> <span class='ocrx_word' id='word_1_703' title='bbox 1274 4605 1367 4663; x_wconf 75' lang='grc' dir='ltr'><strong>τοῦ</strong></span> <span class='ocrx_word' id='word_1_704' title='bbox 1425 4602 1619 4685; x_wconf 76' lang='grc' dir='ltr'><strong>Ἰωσὴφ</strong></span> <span class='ocrx_word' id='word_1_705' title='bbox 1665 4607 1801 4675; x_wconf 77' lang='grc' dir='ltr'><strong>ἦσαν</strong></span> <span class='ocrx_word' id='word_1_706' title='bbox 1840 4605 2015 4666; x_wconf 73' lang='grc' dir='ltr'><strong>παϊδει</strong></span> 
     </span>
    </p>
   </div>
   <div class='ocr_carea' id='block_1_97' title="bbox 2104 4600 3768 4685">
    <p class='ocr_par' dir='ltr' id='par_1_97' title="bbox 2113 4600 3768 4683">
     <span class='ocr_line' id='line_1_97' title="bbox 2113 4600 3768 4683; baseline 0.003 -23"><span class='ocrx_word' id='word_1_707' title='bbox 2113 4617 2320 4660; x_wconf 79' lang='lat' dir='ltr'><strong>uxore.</strong></span> <span class='ocrx_word' id='word_1_708' title='bbox 2355 4600 2576 4660; x_wconf 78' lang='lat' dir='ltr'><strong>Verum</strong></span> <span class='ocrx_word' id='word_1_709' title='bbox 2603 4600 2744 4679; x_wconf 89' lang='lat' dir='ltr'><strong>quia</strong></span> <span class='ocrx_word' id='word_1_710' title='bbox 2776 4600 3029 4681; x_wconf 84' lang='lat' dir='ltr'><strong>Deipara</strong></span> <span class='ocrx_word' id='word_1_711' title='bbox 3076 4620 3224 4663; x_wconf 82' lang='lat' dir='ltr'><strong>uxor</strong></span> <span class='ocrx_word' id='word_1_712' title='bbox 3271 4602 3491 4683; x_wconf 87' lang='lat' dir='ltr'><strong>Ioseph</strong></span> <span class='ocrx_word' id='word_1_713' title='bbox 3523 4603 3768 4665; x_wconf 82' lang='lat' dir='ltr'><strong>diceba-</strong></span> 
     </span>
    </p>
   </div>
   <div class='ocr_carea' id='block_1_98' title="bbox 370 4691 2029 4771">
    <p class='ocr_par' dir='ltr' id='par_1_98' title="bbox 370 4691 2029 4771">
     <span class='ocr_line' id='line_1_98' title="bbox 370 4691 2029 4771; baseline 0.002 -22"><span class='ocrx_word' id='word_1_714' title='bbox 370 4693 479 4750; x_wconf 78' lang='grc' dir='ltr'><strong>ἄπο</strong></span> <span class='ocrx_word' id='word_1_715' title='bbox 511 4693 609 4759; x_wconf 78' lang='grc' dir='ltr'><strong>τῆς</strong></span> <span class='ocrx_word' id='word_1_716' title='bbox 654 4691 915 4771; x_wconf 76' lang='grc' dir='ltr'><strong>προτέρας</strong></span> <span class='ocrx_word' id='word_1_717' title='bbox 947 4696 1106 4752; x_wconf 70' lang='grc' dir='ltr'><strong>αὑτοῦ</strong></span> <span class='ocrx_word' id='word_1_718' title='bbox 1136 4695 1404 4771; x_wconf 81' lang='grc' dir='ltr'><strong>γυναικός,</strong></span> <span class='ocrx_word' id='word_1_719' title='bbox 1454 4694 1602 4752; x_wconf 83' lang='grc' dir='ltr'><strong>Ἐπεὶ</strong></span> <span class='ocrx_word' id='word_1_720' title='bbox 1633 4696 1723 4752; x_wconf 79' lang='grc' dir='ltr'><strong>σῦν</strong></span> <span class='ocrx_word' id='word_1_721' title='bbox 1753 4697 1786 4764; x_wconf 78' lang='grc' dir='ltr'>ἡ</span> <span class='ocrx_word' id='word_1_722' title='bbox 1832 4697 2029 4753; x_wconf 78' lang='grc' dir='ltr'><strong>Θιοτό-</strong></span> 
     </span>
    </p>
   </div>
   <div class='ocr_carea' id='block_1_99' title="bbox 370 4781 2032 4865">
    <p class='ocr_par' dir='ltr' id='par_1_99' title="bbox 370 4781 2032 4865">
     <span class='ocr_line' id='line_1_99' title="bbox 370 4781 2032 4865; baseline 0.001 -27"><span class='ocrx_word' id='word_1_723' title='bbox 370 4803 466 4846; x_wconf 81' lang='grc' dir='ltr'><strong>κος</strong></span> <span class='ocrx_word' id='word_1_724' title='bbox 528 4782 658 4861; x_wconf 78' lang='grc' dir='ltr'><strong>γυνὴ</strong></span> <span class='ocrx_word' id='word_1_725' title='bbox 704 4781 918 4860; x_wconf 69' lang='grc' dir='ltr'><strong>ὶλὲγετο</strong></span> <span class='ocrx_word' id='word_1_726' title='bbox 973 4793 1065 4842; x_wconf 88' lang='grc' dir='ltr'><strong>τοῦ</strong></span> <span class='ocrx_word' id='word_1_727' title='bbox 1117 4782 1337 4865; x_wconf 65' lang='grc' dir='ltr'><strong>Ἰωσὴφ,</strong></span> <span class='ocrx_word' id='word_1_728' title='bbox 1400 4785 1618 4849; x_wconf 75' lang='grc' dir='ltr'><strong>εἰκότως</strong></span> <span class='ocrx_word' id='word_1_729' title='bbox 1649 4789 1736 4842; x_wconf 82' lang='grc' dir='ltr'><strong>καὶ</strong></span> <span class='ocrx_word' id='word_1_730' title='bbox 1765 4792 1872 4843; x_wconf 86' lang='grc' dir='ltr'><strong>τῶν</strong></span> <span class='ocrx_word' id='word_1_731' title='bbox 1902 4785 2032 4842; x_wconf 81' lang='grc' dir='ltr'><strong>παί-</strong></span> 
     </span>
    </p>
   </div>
   <div class='ocr_carea' id='block_1_100' title="bbox 372 4870 2030 4954">
    <p class='ocr_par' dir='ltr' id='par_1_100' title="bbox 372 4870 2030 4954">
     <span class='ocr_line' id='line_1_100' title="bbox 372 4870 2030 4954; baseline 0.003 -27"><span class='ocrx_word' id='word_1_732' title='bbox 372 4870 477 4928; x_wconf 83' lang='grc' dir='ltr'><strong>δων</strong></span> <span class='ocrx_word' id='word_1_733' title='bbox 537 4872 691 4930; x_wconf 70' lang='grc' dir='ltr'><strong>αὑτοῦ</strong></span> <span class='ocrx_word' id='word_1_734' title='bbox 742 4874 924 4948; x_wconf 78' lang='grc' dir='ltr'><strong>μήτηρ</strong></span> <span class='ocrx_word' id='word_1_735' title='bbox 984 4871 1100 4940; x_wconf 68' lang='grc' dir='ltr'><strong>ἤτοι</strong></span> <span class='ocrx_word' id='word_1_736' title='bbox 1161 4875 1392 4952; x_wconf 76' lang='grc' dir='ltr'><strong>μητρυιὰ</strong></span> <span class='ocrx_word' id='word_1_737' title='bbox 1435 4874 1671 4950; x_wconf 78' lang='grc' dir='ltr'><strong>ἑλέγετο’</strong></span> <span class='ocrx_word' id='word_1_738' title='bbox 1711 4874 1818 4942; x_wconf 70' lang='grc' dir='ltr'><strong>ἣδέ</strong></span> <span class='ocrx_word' id='word_1_739' title='bbox 1850 4878 2030 4954; x_wconf 81' lang='grc' dir='ltr'><strong>μήτηρ</strong></span> 
     </span>
    </p>
   </div>
   <div class='ocr_carea' id='block_1_101' title="bbox 364 4957 2030 5045">
    <p class='ocr_par' dir='ltr' id='par_1_101' title="bbox 364 4957 2030 5045">
     <span class='ocr_line' id='line_1_101' title="bbox 364 4957 2030 5045; baseline 0.002 -28"><span class='ocrx_word' id='word_1_740' title='bbox 364 4967 473 5017; x_wconf 89' lang='grc' dir='ltr'><strong>τῶν</strong></span> <span class='ocrx_word' id='word_1_741' title='bbox 533 4962 657 5016; x_wconf 77' lang='grc' dir='ltr'><strong>υἱῶν</strong></span> <span class='ocrx_word' id='word_1_742' title='bbox 755 4957 1054 5036; x_wconf 79' lang='grc' dir='ltr'><strong>Ζεϐεδαίου,</strong></span> <span class='ocrx_word' id='word_1_743' title='bbox 1147 4961 1386 5038; x_wconf 82' lang='grc' dir='ltr'><strong>Σαλώμη</strong></span> <span class='ocrx_word' id='word_1_744' title='bbox 1445 4963 1695 5022; x_wconf 76' lang='grc' dir='ltr'><strong>ἐκαλεῖτο</strong></span> <span class='ocrx_word' id='word_1_745' title='bbox 1731 4985 1749 5002; x_wconf 75' lang='grc' dir='ltr'><strong>ο</strong></span> <span class='ocrx_word' id='word_1_746' title='bbox 1797 4967 1922 5045; x_wconf 67' lang='grc' dir='ltr'><strong>φασὶ</strong></span> <span class='ocrx_word' id='word_1_747' title='bbox 1977 4963 2030 5020; x_wconf 80' lang='grc' dir='ltr'><em>δὲ</em></span> 
     </span>
    </p>
   </div>
   <div class='ocr_carea' id='block_1_102' title="bbox 367 5050 1553 5129">
    <p class='ocr_par' dir='ltr' id='par_1_102' title="bbox 367 5050 1553 5129">
     <span class='ocr_line' id='line_1_102' title="bbox 367 5050 1553 5129; baseline 0.005 -22"><span class='ocrx_word' id='word_1_748' title='bbox 367 5052 457 5107; x_wconf 76' lang='grc' dir='ltr'><strong>καὶ</strong></span> <span class='ocrx_word' id='word_1_749' title='bbox 499 5050 694 5118; x_wconf 82' lang='grc' dir='ltr'><strong>ταύτην</strong></span> <span class='ocrx_word' id='word_1_750' title='bbox 718 5050 980 5129; x_wconf 73' lang='grc' dir='ltr'><strong>θυγατέρα</strong></span> <span class='ocrx_word' id='word_1_751' title='bbox 1007 5055 1149 5108; x_wconf 84' lang='grc' dir='ltr'><strong>εἶναι</strong></span> <span class='ocrx_word' id='word_1_752' title='bbox 1190 5059 1284 5109; x_wconf 83' lang='grc' dir='ltr'><strong>τοῦ</strong></span> <span class='ocrx_word' id='word_1_753' title='bbox 1329 5052 1553 5129; x_wconf 72' lang='grc' dir='ltr'><strong>Ἰωσήφ.</strong></span> 
     </span>
    </p>
   </div>
   <div class='ocr_carea' id='block_1_103' title="bbox 448 5137 2029 5219">
    <p class='ocr_par' dir='ltr' id='par_1_103' title="bbox 448 5137 2029 5219">
     <span class='ocr_line' id='line_1_103' title="bbox 448 5137 2029 5219; baseline 0.003 -22"><span class='ocrx_word' id='word_1_754' title='bbox 448 5140 638 5216; x_wconf 72' lang='grc' dir='ltr'>Ὀψίας</span> <span class='ocrx_word' id='word_1_755' title='bbox 700 5137 754 5195; x_wconf 80' lang='grc' dir='ltr'><strong>δὲ</strong></span> <span class='ocrx_word' id='word_1_756' title='bbox 816 5140 1130 5219; x_wconf 83' lang='grc' dir='ltr'><strong>γενομένης,</strong></span> <span class='ocrx_word' id='word_1_757' title='bbox 1193 5141 1348 5210; x_wconf 79' lang='grc' dir='ltr'><strong>ἦλθεν</strong></span> <span class='ocrx_word' id='word_1_758' title='bbox 1427 5143 1698 5214; x_wconf 74' lang='grc' dir='ltr'><strong>ἄνθρωπος</strong></span> <span class='ocrx_word' id='word_1_759' title='bbox 1780 5141 2029 5207; x_wconf 65' lang='grc' dir='ltr'><strong>πλούσιος</strong></span> 
     </span>
    </p>
   </div>
   <div class='ocr_carea' id='block_1_104' title="bbox 370 5229 2032 5313">
    <p class='ocr_par' dir='ltr' id='par_1_104' title="bbox 370 5229 2032 5313">
     <span class='ocr_line' id='line_1_104' title="bbox 370 5229 2032 5313; baseline 0.001 -26"><span class='ocrx_word' id='word_1_760' title='bbox 370 5231 476 5287; x_wconf 79' lang='grc' dir='ltr'><strong>ἆπδ</strong></span> <span class='ocrx_word' id='word_1_761' title='bbox 537 5229 910 5309; x_wconf 83' lang='grc' dir='ltr'><strong>Ἀριμαθαίας,</strong></span> <span class='ocrx_word' id='word_1_762' title='bbox 990 5230 1221 5306; x_wconf 67' lang='grc' dir='ltr'><strong>τοῦνομα</strong></span> <span class='ocrx_word' id='word_1_763' title='bbox 1309 5232 1528 5313; x_wconf 72' lang='grc' dir='ltr'><strong>Ἰωσὴφ,</strong></span> <span class='ocrx_word' id='word_1_764' title='bbox 1618 5234 1675 5294; x_wconf 83' lang='grc' dir='ltr'>ὃς</span> <span class='ocrx_word' id='word_1_765' title='bbox 1731 5233 1819 5288; x_wconf 80' lang='grc' dir='ltr'><strong>καὶ</strong></span> <span class='ocrx_word' id='word_1_766' title='bbox 1878 5234 2032 5296; x_wconf 76' lang='grc' dir='ltr'><strong>αὐτὸς</strong></span> 
     </span>
    </p>
   </div>
   <div class='ocr_carea' id='block_1_105' title="bbox 368 5317 2025 5395">
    <p class='ocr_par' dir='ltr' id='par_1_105' title="bbox 368 5317 2025 5395">
     <span class='ocr_line' id='line_1_105' title="bbox 368 5317 2025 5395; baseline 0.002 -20"><span class='ocrx_word' id='word_1_767' title='bbox 368 5319 696 5394; x_wconf 76' lang='grc' dir='ltr'><strong>ἐμαθήτευσε</strong></span> <span class='ocrx_word' id='word_1_768' title='bbox 754 5325 831 5394; x_wconf 84' lang='grc' dir='ltr'><strong>τῷ</strong></span> <span class='ocrx_word' id='word_1_769' title='bbox 890 5317 1093 5386; x_wconf 85' lang='grc' dir='ltr'><strong>Ἰησοῦ,</strong></span> <span class='ocrx_word' id='word_1_770' title='bbox 1149 5321 1316 5385; x_wconf 83' lang='grc' dir='ltr'>Οὗτος</span> <span class='ocrx_word' id='word_1_771' title='bbox 1374 5321 1678 5391; x_wconf 81' lang='grc' dir='ltr'><strong>προσελθὼν</strong></span> <span class='ocrx_word' id='word_1_772' title='bbox 1734 5327 1812 5395; x_wconf 79' lang='grc' dir='ltr'><strong>τῷ</strong></span> <span class='ocrx_word' id='word_1_773' title='bbox 1857 5321 2025 5379; x_wconf 83' lang='grc' dir='ltr'><strong>Πιλά-</strong></span> 
     </span>
    </p>
   </div>
   <div class='ocr_carea' id='block_1_106' title="bbox 370 5409 2030 5486">
    <p class='ocr_par' dir='ltr' id='par_1_106' title="bbox 370 5409 2030 5486">
     <span class='ocr_line' id='line_1_106' title="bbox 370 5409 2030 5486; baseline 0 -18"><span class='ocrx_word' id='word_1_774' title='bbox 370 5432 470 5485; x_wconf 82' lang='grc' dir='ltr'><strong>τῳ,</strong></span> <span class='ocrx_word' id='word_1_775' title='bbox 518 5409 761 5485; x_wconf 74' lang='grc' dir='ltr'><strong>ᾐτήσατο</strong></span> <span class='ocrx_word' id='word_1_776' title='bbox 805 5411 866 5466; x_wconf 80' lang='grc' dir='ltr'><strong>τὸ</strong></span> <span class='ocrx_word' id='word_1_777' title='bbox 929 5417 1085 5486; x_wconf 85' lang='grc' dir='ltr'><strong>σῶμα</strong></span> <span class='ocrx_word' id='word_1_778' title='bbox 1132 5422 1226 5471; x_wconf 85' lang='grc' dir='ltr'><strong>τοῦ</strong></span> <span class='ocrx_word' id='word_1_779' title='bbox 1282 5410 1477 5479; x_wconf 76' lang='grc' dir='ltr'><strong>Ἰησοῦ.</strong></span> <span class='ocrx_word' id='word_1_780' title='bbox 1527 5422 1657 5469; x_wconf 84' lang='grc' dir='ltr'><strong>Τότε</strong></span> <span class='ocrx_word' id='word_1_781' title='bbox 1718 5414 1744 5468; x_wconf 78' lang='grc' dir='ltr'>ὁ</span> <span class='ocrx_word' id='word_1_782' title='bbox 1802 5410 2030 5475; x_wconf 84' lang='grc' dir='ltr'>Πιλᾶτος</span> 
     </span>
    </p>
   </div>
   <div class='ocr_carea' id='block_1_107' title="bbox 369 5497 2029 5578">
    <p class='ocr_par' dir='ltr' id='par_1_107' title="bbox 369 5497 2029 5578">
     <span class='ocr_line' id='line_1_107' title="bbox 369 5497 2029 5578; baseline -0.002 -20"><span class='ocrx_word' id='word_1_783' title='bbox 369 5499 644 5558; x_wconf 74' lang='grc' dir='ltr'><strong>ὶκέλευσεν</strong></span> <span class='ocrx_word' id='word_1_784' title='bbox 703 5497 1026 5566; x_wconf 78' lang='grc' dir='ltr'><strong>ἀποδοθῆναι</strong></span> <span class='ocrx_word' id='word_1_785' title='bbox 1091 5503 1152 5557; x_wconf 82' lang='grc' dir='ltr'><strong>τὸ</strong></span> <span class='ocrx_word' id='word_1_786' title='bbox 1210 5507 1365 5578; x_wconf 85' lang='grc' dir='ltr'><strong>σῶμα</strong></span> <span class='ocrx_word' id='word_1_787' title='bbox 1401 5520 1417 5537; x_wconf 82' lang='grc'><strong><em>⁸</em></strong></span> <span class='ocrx_word' id='word_1_788' title='bbox 1465 5524 1551 5558; x_wconf 85' lang='grc' dir='ltr'><strong>και</strong></span> <span class='ocrx_word' id='word_1_789' title='bbox 1594 5499 1770 5558; x_wconf 76' lang='grc' dir='ltr'>λαϐὼν</span> <span class='ocrx_word' id='word_1_790' title='bbox 1813 5504 1874 5558; x_wconf 78' lang='grc' dir='ltr'><strong>τὸ</strong></span> <span class='ocrx_word' id='word_1_791' title='bbox 1917 5508 2029 5558; x_wconf 86' lang='grc' dir='ltr'><strong>σῶ-</strong></span> 
     </span>
    </p>
   </div>
   <div class='ocr_carea' id='block_1_108' title="bbox 369 5586 2031 5666">
    <p class='ocr_par' dir='ltr' id='par_1_108' title="bbox 369 5586 2031 5666">
     <span class='ocr_line' id='line_1_108' title="bbox 369 5586 2031 5666; baseline 0.001 -20"><span class='ocrx_word' id='word_1_792' title='bbox 369 5612 444 5666; x_wconf 85' lang='grc' dir='ltr'><strong>μα</strong></span> <span class='ocrx_word' id='word_1_793' title='bbox 503 5591 531 5645; x_wconf 80' lang='grc' dir='ltr'>ὁ</span> <span class='ocrx_word' id='word_1_794' title='bbox 593 5586 821 5666; x_wconf 72' lang='grc' dir='ltr'><strong>Ἰωσήφ,</strong></span> <span class='ocrx_word' id='word_1_795' title='bbox 883 5587 1168 5656; x_wconf 69' lang='grc' dir='ltr'><strong>ἐνετύλιξεν</strong></span> <span class='ocrx_word' id='word_1_796' title='bbox 1226 5592 1351 5649; x_wconf 64' lang='grc' dir='ltr'><strong>αὐτὸ</strong></span> <span class='ocrx_word' id='word_1_797' title='bbox 1411 5589 1604 5648; x_wconf 78' lang='grc' dir='ltr'><strong>σινδόνι</strong></span> <span class='ocrx_word' id='word_1_798' title='bbox 1661 5594 1883 5664; x_wconf 84' lang='grc' dir='ltr'><strong>καθαρᾷ,</strong></span> <span class='ocrx_word' id='word_1_799' title='bbox 1943 5594 2031 5648; x_wconf 83' lang='grc' dir='ltr'><strong>καὶ</strong></span> 
     </span>
    </p>
   </div>
   <div class='ocr_carea' id='block_1_109' title="bbox 371 5676 2028 5755">
    <p class='ocr_par' dir='ltr' id='par_1_109' title="bbox 371 5676 2028 5755">
     <span class='ocr_line' id='line_1_109' title="bbox 371 5676 2028 5755; baseline 0.001 -19"><span class='ocrx_word' id='word_1_800' title='bbox 371 5676 559 5746; x_wconf 64' lang='grc' dir='ltr'><strong>ἔθηκεν</strong></span> <span class='ocrx_word' id='word_1_801' title='bbox 612 5677 742 5735; x_wconf 72' lang='grc' dir='ltr'><strong>αὐτὸ</strong></span> <span class='ocrx_word' id='word_1_802' title='bbox 786 5676 838 5733; x_wconf 73' lang='grc' dir='ltr'><strong>ἓν</strong></span> <span class='ocrx_word' id='word_1_803' title='bbox 882 5677 958 5751; x_wconf 75' lang='grc' dir='ltr'><strong>τῷ</strong></span> <span class='ocrx_word' id='word_1_804' title='bbox 1001 5687 1166 5754; x_wconf 81' lang='grc' dir='ltr'><strong>καινῷ</strong></span> <span class='ocrx_word' id='word_1_805' title='bbox 1211 5680 1372 5738; x_wconf 72' lang='grc' dir='ltr'><strong>αὒτοῦ</strong></span> <span class='ocrx_word' id='word_1_806' title='bbox 1418 5681 1689 5755; x_wconf 80' lang='grc' dir='ltr'><strong>μνημείῳ,</strong></span> <span class='ocrx_word' id='word_1_807' title='bbox 1752 5682 1778 5736; x_wconf 80' lang='grc' dir='ltr'>ὃ</span> <span class='ocrx_word' id='word_1_808' title='bbox 1835 5680 2028 5739; x_wconf 71' lang='grc' dir='ltr'><strong>ἐλατό-</strong></span> 
     </span>
    </p>
   </div>
   <div class='ocr_carea' id='block_1_110' title="bbox 2116 4688 3770 4771">
    <p class='ocr_par' dir='ltr' id='par_1_110' title="bbox 2116 4688 3770 4771">
     <span class='ocr_line' id='line_1_110' title="bbox 2116 4688 3770 4771; baseline 0.003 -19"><span class='ocrx_word' id='word_1_809' title='bbox 2116 4700 2233 4763; x_wconf 90' lang='lat' dir='ltr'><strong>tur,</strong></span> <span class='ocrx_word' id='word_1_810' title='bbox 2268 4688 2482 4751; x_wconf 90' lang='lat' dir='ltr'><strong>merito</strong></span> <span class='ocrx_word' id='word_1_811' title='bbox 2504 4699 2561 4751; x_wconf 90' lang='lat' dir='ltr'><strong>et</strong></span> <span class='ocrx_word' id='word_1_812' title='bbox 2591 4691 2847 4752; x_wconf 90' lang='lat' dir='ltr'><strong>ﬁliorum</strong></span> <span class='ocrx_word' id='word_1_813' title='bbox 2882 4691 3013 4771; x_wconf 89' lang='lat' dir='ltr'><strong>ejus</strong></span> <span class='ocrx_word' id='word_1_814' title='bbox 3051 4691 3363 4754; x_wconf 55' lang='lat' dir='ltr'><strong>dici-batur</strong></span> <span class='ocrx_word' id='word_1_815' title='bbox 3393 4701 3603 4761; x_wconf 85' lang='lat' dir='ltr'><strong>mater,</strong></span> <span class='ocrx_word' id='word_1_816' title='bbox 3656 4694 3770 4757; x_wconf 85' lang='lat' dir='ltr'><strong>hoc</strong></span> 
     </span>
    </p>
   </div>
   <div class='ocr_carea' id='block_1_111' title="bbox 2117 4779 3820 4844">
    <p class='ocr_par' dir='ltr' id='par_1_111' title="bbox 2117 4779 3820 4844">
     <span class='ocr_line' id='line_1_111' title="bbox 2117 4779 3820 4844; baseline 0.002 -3"><span class='ocrx_word' id='word_1_817' title='bbox 2117 4787 2205 4841; x_wconf 88' lang='lat' dir='ltr'><strong>est</strong></span> <span class='ocrx_word' id='word_1_818' title='bbox 2227 4797 2500 4841; x_wconf 84' lang='lat' dir='ltr'><strong>noverca.</strong></span> <span class='ocrx_word' id='word_1_819' title='bbox 2530 4783 2718 4842; x_wconf 84' lang='lat' dir='ltr'><strong>Mater</strong></span> <span class='ocrx_word' id='word_1_820' title='bbox 2747 4789 2945 4842; x_wconf 90' lang='lat' dir='ltr'><strong>autem</strong></span> <span class='ocrx_word' id='word_1_821' title='bbox 2991 4780 3247 4842; x_wconf 90' lang='lat' dir='ltr'><strong>ﬁliorum</strong></span> <span class='ocrx_word' id='word_1_822' title='bbox 3291 4779 3563 4844; x_wconf 72' lang='lat' dir='ltr'><strong>Zebedzei</strong></span> <span class='ocrx_word' id='word_1_823' title='bbox 3593 4779 3765 4844; x_wconf 87' lang='lat' dir='ltr'><strong>Salo-</strong></span> <span class='ocrx_word' id='word_1_824' title='bbox 3816 4802 3820 4804; x_wconf 91' lang='grc'>·</span> 
     </span>
    </p>
   </div>
   <div class='ocr_carea' id='block_1_112' title="bbox 2121 4870 3762 4954">
    <p class='ocr_par' dir='ltr' id='par_1_112' title="bbox 2121 4870 3762 4954">
     <span class='ocr_line' id='line_1_112' title="bbox 2121 4870 3762 4954; baseline 0.001 -22"><span class='ocrx_word' id='word_1_825' title='bbox 2121 4890 2214 4934; x_wconf 90' lang='lat' dir='ltr'><strong>me</strong></span> <span class='ocrx_word' id='word_1_826' title='bbox 2243 4871 2572 4948; x_wconf 79' lang='lat' dir='ltr'><strong>dicebatur,</strong></span> <span class='ocrx_word' id='word_1_827' title='bbox 2609 4891 2786 4953; x_wconf 89' lang='lat' dir='ltr'><strong>quam</strong></span> <span class='ocrx_word' id='word_1_828' title='bbox 2819 4883 2879 4933; x_wconf 89' lang='lat' dir='ltr'><strong>et</strong></span> <span class='ocrx_word' id='word_1_829' title='bbox 2906 4872 3097 4953; x_wconf 89' lang='lat' dir='ltr'><strong>ipsam</strong></span> <span class='ocrx_word' id='word_1_830' title='bbox 3129 4874 3346 4954; x_wconf 87' lang='lat' dir='ltr'><strong>Ioseph</strong></span> <span class='ocrx_word' id='word_1_831' title='bbox 3379 4870 3559 4934; x_wconf 84' lang='lat' dir='ltr'><strong>ﬁliam</strong></span> <span class='ocrx_word' id='word_1_832' title='bbox 3573 4873 3762 4936; x_wconf 84' lang='lat' dir='ltr'><strong>aiunt.</strong></span> 
     </span>
    </p>
   </div>
   <div class='ocr_carea' id='block_1_113' title="bbox 2197 5138 3763 5219">
    <p class='ocr_par' dir='ltr' id='par_1_113' title="bbox 2197 5138 3763 5219">
     <span class='ocr_line' id='line_1_113' title="bbox 2197 5138 3763 5219; baseline 0.002 -17"><span class='ocrx_word' id='word_1_833' title='bbox 2197 5138 2377 5203; x_wconf 73' lang='lat' dir='ltr'><strong>Vsus.</strong></span> <span class='ocrx_word' id='word_1_834' title='bbox 2414 5140 2634 5203; x_wconf 78' lang='lat'><strong>57-61.</strong></span> <span class='ocrx_word' id='word_1_835' title='bbox 2678 5162 2705 5198; x_wconf 76' lang='grc' dir='ltr'>ι</span> <span class='ocrx_word' id='word_1_836' title='bbox 2730 5141 2994 5219; x_wconf 88' lang='lat' dir='ltr'><strong>Vespere</strong></span> <span class='ocrx_word' id='word_1_837' title='bbox 3029 5146 3227 5204; x_wconf 87' lang='lat' dir='ltr'><strong>autem</strong></span> <span class='ocrx_word' id='word_1_838' title='bbox 3271 5142 3424 5203; x_wconf 89' lang='lat' dir='ltr'><strong>facto</strong></span> <span class='ocrx_word' id='word_1_839' title='bbox 3453 5141 3611 5204; x_wconf 83' lang='lat' dir='ltr'><strong>venit</strong></span> <span class='ocrx_word' id='word_1_840' title='bbox 3651 5143 3763 5205; x_wconf 86' lang='lat' dir='ltr'><strong>ho-</strong></span> 
     </span>
    </p>
   </div>
   <div class='ocr_carea' id='block_1_114' title="bbox 2117 5229 3764 5312">
    <p class='ocr_par' dir='ltr' id='par_1_114' title="bbox 2117 5229 3764 5312">
     <span class='ocr_line' id='line_1_114' title="bbox 2117 5229 3764 5312; baseline 0.004 -23"><span class='ocrx_word' id='word_1_841' title='bbox 2117 5249 2213 5291; x_wconf 90' lang='lat' dir='ltr'><strong>mo</strong></span> <span class='ocrx_word' id='word_1_842' title='bbox 2244 5230 2408 5291; x_wconf 85' lang='lat' dir='ltr'><strong>dives</strong></span> <span class='ocrx_word' id='word_1_843' title='bbox 2443 5229 2517 5290; x_wconf 90' lang='lat' dir='ltr'><strong>ab</strong></span> <span class='ocrx_word' id='word_1_844' title='bbox 2551 5229 2935 5308; x_wconf 74' lang='lat' dir='ltr'><strong>Arimathaaa,</strong></span> <span class='ocrx_word' id='word_1_845' title='bbox 2969 5230 3213 5292; x_wconf 89' lang='lat' dir='ltr'><strong>nomine</strong></span> <span class='ocrx_word' id='word_1_846' title='bbox 3257 5229 3504 5311; x_wconf 87' lang='lat' dir='ltr'><strong>Ioseph,</strong></span> <span class='ocrx_word' id='word_1_847' title='bbox 3539 5238 3598 5293; x_wconf 88' lang='lat' dir='ltr'><strong>et</strong></span> <span class='ocrx_word' id='word_1_848' title='bbox 3634 5231 3764 5312; x_wconf 82' lang='lat' dir='ltr'><strong>ipse</strong></span> 
     </span>
    </p>
   </div>
   <div class='ocr_carea' id='block_1_115' title="bbox 2115 5316 3769 5399">
    <p class='ocr_par' dir='ltr' id='par_1_115' title="bbox 2115 5316 3769 5399">
     <span class='ocr_line' id='line_1_115' title="bbox 2115 5316 3769 5399; baseline 0.003 -20"><span class='ocrx_word' id='word_1_849' title='bbox 2115 5319 2450 5399; x_wconf 90' lang='lat' dir='ltr'><strong>discipulus</strong></span> <span class='ocrx_word' id='word_1_850' title='bbox 2477 5319 2666 5381; x_wconf 82' lang='lat' dir='ltr'><strong>fuerat</strong></span> <span class='ocrx_word' id='word_1_851' title='bbox 2686 5317 2851 5381; x_wconf 89' lang='lat' dir='ltr'><strong>Iesu.</strong></span> <span class='ocrx_word' id='word_1_852' title='bbox 2881 5316 2991 5380; x_wconf 89' lang='lat' dir='ltr'><strong>Hic</strong></span> <span class='ocrx_word' id='word_1_853' title='bbox 3020 5319 3270 5381; x_wconf 90' lang='lat' dir='ltr'><strong>accessit</strong></span> <span class='ocrx_word' id='word_1_854' title='bbox 3291 5319 3363 5381; x_wconf 87' lang='lat' dir='ltr'><strong>ad</strong></span> <span class='ocrx_word' id='word_1_855' title='bbox 3399 5319 3676 5394; x_wconf 88' lang='lat' dir='ltr'><strong>Pilatum,</strong></span> <span class='ocrx_word' id='word_1_856' title='bbox 3699 5339 3769 5384; x_wconf 90' lang='lat' dir='ltr'><strong>ac</strong></span> 
     </span>
    </p>
   </div>
   <div class='ocr_carea' id='block_1_116' title="bbox 2115 5407 3770 5491">
    <p class='ocr_par' dir='ltr' id='par_1_116' title="bbox 2115 5407 3770 5491">
     <span class='ocr_line' id='line_1_116' title="bbox 2115 5407 3770 5491; baseline 0.002 -22"><span class='ocrx_word' id='word_1_857' title='bbox 2115 5409 2432 5490; x_wconf 85' lang='lat' dir='ltr'><strong>postulavit</strong></span> <span class='ocrx_word' id='word_1_858' title='bbox 2459 5426 2675 5491; x_wconf 88' lang='lat' dir='ltr'><strong>corpus</strong></span> <span class='ocrx_word' id='word_1_859' title='bbox 2701 5407 2866 5471; x_wconf 91' lang='lat' dir='ltr'><strong>Iesu.</strong></span> <span class='ocrx_word' id='word_1_860' title='bbox 2901 5407 3070 5472; x_wconf 89' lang='lat' dir='ltr'><strong>Tunc</strong></span> <span class='ocrx_word' id='word_1_861' title='bbox 3113 5408 3332 5471; x_wconf 84' lang='lat' dir='ltr'><strong>Pilatus</strong></span> <span class='ocrx_word' id='word_1_862' title='bbox 3377 5409 3558 5489; x_wconf 88' lang='lat' dir='ltr'><strong>jussit</strong></span> <span class='ocrx_word' id='word_1_863' title='bbox 3593 5411 3770 5473; x_wconf 89' lang='lat' dir='ltr'><strong>reddi</strong></span> 
     </span>
    </p>
   </div>
   <div class='ocr_carea' id='block_1_117' title="bbox 2115 5497 3772 5579">
    <p class='ocr_par' dir='ltr' id='par_1_117' title="bbox 2115 5497 3772 5579">
     <span class='ocr_line' id='line_1_117' title="bbox 2115 5497 3772 5579; baseline 0.001 -17"><span class='ocrx_word' id='word_1_864' title='bbox 2115 5517 2351 5578; x_wconf 90' lang='lat' dir='ltr'><strong>corpus.</strong></span> <span class='ocrx_word' id='word_1_865' title='bbox 2386 5498 2458 5561; x_wconf 90' lang='lat' dir='ltr'><strong>Et</strong></span> <span class='ocrx_word' id='word_1_866' title='bbox 2496 5517 2632 5560; x_wconf 91' lang='lat' dir='ltr'><strong>cum</strong></span> <span class='ocrx_word' id='word_1_867' title='bbox 2659 5498 2991 5579; x_wconf 89' lang='lat' dir='ltr'><strong>accepisset</strong></span> <span class='ocrx_word' id='word_1_868' title='bbox 3018 5497 3496 5579; x_wconf 84' lang='lat' dir='ltr'><strong>corpusIoseph,</strong></span> <span class='ocrx_word' id='word_1_869' title='bbox 3530 5499 3772 5563; x_wconf 68' lang='lat' dir='ltr'><strong>involsit</strong></span> 
     </span>
    </p>
   </div>
   <div class='ocr_carea' id='block_1_118' title="bbox 2115 5587 3761 5679">
    <p class='ocr_par' dir='ltr' id='par_1_118' title="bbox 2115 5587 3761 5679">
     <span class='ocr_line' id='line_1_118' title="bbox 2115 5587 3761 5679; baseline 0.002 -31"><span class='ocrx_word' id='word_1_870' title='bbox 2115 5587 2261 5650; x_wconf 90' lang='lat' dir='ltr'><strong>illud</strong></span> <span class='ocrx_word' id='word_1_871' title='bbox 2294 5587 2351 5649; x_wconf 93' lang='lat' dir='ltr'><strong>in</strong></span> <span class='ocrx_word' id='word_1_872' title='bbox 2385 5587 2640 5651; x_wconf 89' lang='lat' dir='ltr'><strong>sindone</strong></span> <span class='ocrx_word' id='word_1_873' title='bbox 2672 5587 2916 5679; x_wconf 77' lang='lat' dir='ltr'><strong>munda,</strong></span> <span class='ocrx_word' id='word_1_874' title='bbox 2953 5592 3271 5679; x_wconf 76' lang='lat' dir='ltr'><strong>posuitque</strong></span> <span class='ocrx_word' id='word_1_875' title='bbox 3301 5587 3445 5677; x_wconf 80' lang='lat' dir='ltr'><strong>illud</strong></span> <span class='ocrx_word' id='word_1_876' title='bbox 3464 5588 3526 5679; x_wconf 79' lang='lat' dir='ltr'><strong>in</strong></span> <span class='ocrx_word' id='word_1_877' title='bbox 3557 5607 3761 5679; x_wconf 77' lang='lat' dir='ltr'><strong>monu-</strong></span> 
     </span>
    </p>
   </div>
   <div class='ocr_carea' id='block_1_119' title="bbox 2117 5675 3770 5760">
    <p class='ocr_par' dir='ltr' id='par_1_119' title="bbox 2117 5675 3770 5760">
     <span class='ocr_line' id='line_1_119' title="bbox 2117 5675 3770 5760; baseline 0.002 -22"><span class='ocrx_word' id='word_1_878' title='bbox 2117 5686 2319 5740; x_wconf 88' lang='lat' dir='ltr'><strong>mento</strong></span> <span class='ocrx_word' id='word_1_879' title='bbox 2347 5695 2451 5740; x_wconf 87' lang='lat' dir='ltr'><strong>suo</strong></span> <span class='ocrx_word' id='word_1_880' title='bbox 2475 5696 2650 5757; x_wconf 76' lang='lat' dir='ltr'><strong>novo,</strong></span> <span class='ocrx_word' id='word_1_881' title='bbox 2687 5677 2847 5760; x_wconf 91' lang='lat' dir='ltr'><strong>quod</strong></span> <span class='ocrx_word' id='word_1_882' title='bbox 2883 5675 3184 5742; x_wconf 79' lang='lat' dir='ltr'><strong>exciderat</strong></span> <span class='ocrx_word' id='word_1_883' title='bbox 3208 5676 3270 5741; x_wconf 90' lang='lat' dir='ltr'><strong>in</strong></span> <span class='ocrx_word' id='word_1_884' title='bbox 3302 5675 3490 5760; x_wconf 67' lang='lat' dir='ltr'><strong>petra,</strong></span> <span class='ocrx_word' id='word_1_885' title='bbox 3509 5685 3567 5740; x_wconf 88' lang='lat' dir='ltr'><strong>et</strong></span> <span class='ocrx_word' id='word_1_886' title='bbox 3595 5676 3770 5741; x_wconf 78' lang='lat' dir='ltr'><strong>advo-</strong></span> 
     </span>
    </p>
   </div>
  </div>
