  <div class='ocr_page' id='page_1' title='image "/cluster/home/n/w/nwhite01/storage/ocr_20150623/123:no.1/coo.31924054870286/247.png"; bbox 0 0 4170 6418; ppageno 0'>
   <div class='ocr_carea' id='block_1_1' title="bbox 507 328 625 391">
    <p class='ocr_par' dir='ltr' id='par_1_1' title="bbox 507 328 625 391">
     <span class='ocr_line' id='line_1_1' title="bbox 507 328 625 391; baseline 0 0"><span class='ocrx_word' id='word_1_1' title='bbox 507 328 625 391; x_wconf 74' lang='grc'><strong>479</strong></span> 
     </span>
    </p>
   </div>
   <div class='ocr_carea' id='block_1_2' title="bbox 1477 324 2921 392">
    <p class='ocr_par' dir='ltr' id='par_1_2' title="bbox 1477 324 2921 392">
     <span class='ocr_line' id='line_1_2' title="bbox 1477 324 2921 392; baseline 0.001 -1"><span class='ocrx_word' id='word_1_2' title='bbox 1477 329 2076 392; x_wconf 80' lang='lat' dir='ltr'><strong>THEOPHYLACTI</strong></span> <span class='ocrx_word' id='word_1_3' title='bbox 2119 328 2529 392; x_wconf 66' lang='lat' dir='ltr'><strong>BULGARIJE</strong></span> <span class='ocrx_word' id='word_1_4' title='bbox 2561 324 2921 392; x_wconf 76' lang='lat' dir='ltr'><strong>ABGHIEP.</strong></span> 
     </span>
    </p>
   </div>
   <div class='ocr_carea' id='block_1_3' title="bbox 3778 301 3905 398">
    <p class='ocr_par' dir='ltr' id='par_1_3' title="bbox 3778 301 3905 398">
     <span class='ocr_line' id='line_1_3' title="bbox 3778 301 3905 398; baseline 0.016 -2"><span class='ocrx_word' id='word_1_5' title='bbox 3778 301 3905 398; x_wconf 73' lang='lat' dir='ltr'><strong>tito</strong></span> 
     </span>
    </p>
   </div>
   <div class='ocr_carea' id='block_1_4' title="bbox 504 457 2164 545">
    <p class='ocr_par' dir='ltr' id='par_1_4' title="bbox 504 457 2155 525">
     <span class='ocr_line' id='line_1_4' title="bbox 504 457 2155 525; baseline 0.003 -6"><span class='ocrx_word' id='word_1_6' title='bbox 504 457 637 519; x_wconf 92' lang='lat' dir='ltr'><strong>culo</strong></span> <span class='ocrx_word' id='word_1_7' title='bbox 671 457 828 519; x_wconf 87' lang='lat' dir='ltr'><strong>enim</strong></span> <span class='ocrx_word' id='word_1_8' title='bbox 885 466 945 519; x_wconf 90' lang='lat' dir='ltr'><strong>et</strong></span> <span class='ocrx_word' id='word_1_9' title='bbox 989 458 1115 519; x_wconf 75' lang='lat' dir='ltr'><strong>dies</strong></span> <span class='ocrx_word' id='word_1_10' title='bbox 1160 466 1316 519; x_wconf 87' lang='lat' dir='ltr'><strong>totus</strong></span> <span class='ocrx_word' id='word_1_11' title='bbox 1365 465 1709 519; x_wconf 92' lang='lat' dir='ltr'><strong>numeratur</strong></span> <span class='ocrx_word' id='word_1_12' title='bbox 1745 479 1757 517; x_wconf 93' lang='lat'><strong>:</strong></span> <span class='ocrx_word' id='word_1_13' title='bbox 1808 476 1949 521; x_wconf 90' lang='lat' dir='ltr'><strong>ecce</strong></span> <span class='ocrx_word' id='word_1_14' title='bbox 1979 464 2155 525; x_wconf 91' lang='lat' dir='ltr'><strong>tertio</strong></span> 
     </span>
    </p>
   </div>
   <div class='ocr_carea' id='block_1_5' title="bbox 2248 457 3899 545">
    <p class='ocr_par' dir='ltr' id='par_1_5' title="bbox 2248 462 3899 545">
     <span class='ocr_line' id='line_1_5' title="bbox 2248 462 3899 545; baseline 0.004 -27"><span class='ocrx_word' id='word_1_15' title='bbox 2248 464 2613 543; x_wconf 57' lang='grc' dir='ltr'>ἐπιφωσκούσῃ</span> <span class='ocrx_word' id='word_1_16' title='bbox 2670 465 2742 529; x_wconf 88' lang='grc' dir='ltr'><strong>εἰς</strong></span> <span class='ocrx_word' id='word_1_17' title='bbox 2805 466 2927 538; x_wconf 86' lang='grc' dir='ltr'>μίαν</span> <span class='ocrx_word' id='word_1_18' title='bbox 3003 462 3290 522; x_wconf 77' lang='grc' dir='ltr'>Σαόϐἇτων</span> <span class='ocrx_word' id='word_1_19' title='bbox 3324 480 3337 495; x_wconf 99' lang='grc'><strong>⁸</strong></span> <span class='ocrx_word' id='word_1_20' title='bbox 3388 487 3413 517; x_wconf 71' lang='grc' dir='ltr'><strong><em>ι</em></strong></span> <span class='ocrx_word' id='word_1_21' title='bbox 3476 464 3583 520; x_wconf 74' lang='grc' dir='ltr'><strong>ἀπὸ</strong></span> <span class='ocrx_word' id='word_1_22' title='bbox 3635 466 3735 545; x_wconf 79' lang='grc' dir='ltr'><strong>γὰρ</strong></span> <span class='ocrx_word' id='word_1_23' title='bbox 3808 476 3899 527; x_wconf 78' lang='grc' dir='ltr'><strong>τοῦ</strong></span> 
     </span>
    </p>
   </div>
   <div class='ocr_carea' id='block_1_6' title="bbox 504 547 2153 616">
    <p class='ocr_par' dir='ltr' id='par_1_6' title="bbox 504 547 2153 616">
     <span class='ocr_line' id='line_1_6' title="bbox 504 547 2153 616; baseline 0.004 -8"><span class='ocrx_word' id='word_1_24' title='bbox 504 547 662 608; x_wconf 91' lang='lat' dir='ltr'><strong>diem</strong></span> <span class='ocrx_word' id='word_1_25' title='bbox 686 556 743 607; x_wconf 86' lang='lat' dir='ltr'><strong>et</strong></span> <span class='ocrx_word' id='word_1_26' title='bbox 765 558 1021 609; x_wconf 91' lang='lat' dir='ltr'><strong>noctem.</strong></span> <span class='ocrx_word' id='word_1_27' title='bbox 1052 550 1225 610; x_wconf 82' lang='lat' dir='ltr'><strong>Potes</strong></span> <span class='ocrx_word' id='word_1_28' title='bbox 1241 556 1301 608; x_wconf 93' lang='lat' dir='ltr'><strong>et</strong></span> <span class='ocrx_word' id='word_1_29' title='bbox 1320 549 1492 609; x_wconf 89' lang='lat' dir='ltr'><strong>aliter</strong></span> <span class='ocrx_word' id='word_1_30' title='bbox 1510 558 1632 608; x_wconf 86' lang='lat' dir='ltr'><strong>tres</strong></span> <span class='ocrx_word' id='word_1_31' title='bbox 1655 548 1783 609; x_wconf 91' lang='lat' dir='ltr'><strong>dies</strong></span> <span class='ocrx_word' id='word_1_32' title='bbox 1806 569 2153 616; x_wconf 88' lang='lat' dir='ltr'><strong>numerare:</strong></span> 
     </span>
    </p>
   </div>
   <div class='ocr_carea' id='block_1_7' title="bbox 503 635 2154 714">
    <p class='ocr_par' dir='ltr' id='par_1_7' title="bbox 503 635 2154 714">
     <span class='ocr_line' id='line_1_7' title="bbox 503 635 2154 714; baseline 0.004 -18"><span class='ocrx_word' id='word_1_33' title='bbox 503 638 569 697; x_wconf 91' lang='lat' dir='ltr'><strong>In</strong></span> <span class='ocrx_word' id='word_1_34' title='bbox 606 639 921 695; x_wconf 87' lang='lat' dir='ltr'><strong>Parasceve</strong></span> <span class='ocrx_word' id='word_1_35' title='bbox 973 635 1210 696; x_wconf 90' lang='lat' dir='ltr'><strong>tradidit</strong></span> <span class='ocrx_word' id='word_1_36' title='bbox 1242 636 1536 714; x_wconf 84' lang='lat' dir='ltr'><strong>spiritum.</strong></span> <span class='ocrx_word' id='word_1_37' title='bbox 1579 654 1720 697; x_wconf 86' lang='lat' dir='ltr'><strong>ecce</strong></span> <span class='ocrx_word' id='word_1_38' title='bbox 1754 657 1935 699; x_wconf 93' lang='lat' dir='ltr'><strong>unum</strong></span> <span class='ocrx_word' id='word_1_39' title='bbox 1972 642 2154 705; x_wconf 91' lang='lat' dir='ltr'><strong>diem.</strong></span> 
     </span>
    </p>
   </div>
   <div class='ocr_carea' id='block_1_8' title="bbox 504 721 2157 805">
    <p class='ocr_par' dir='ltr' id='par_1_8' title="bbox 504 721 2157 805">
     <span class='ocr_line' id='line_1_8' title="bbox 504 721 2157 805; baseline 0.004 -18"><span class='ocrx_word' id='word_1_40' title='bbox 504 721 758 787; x_wconf 90' lang='lat' dir='ltr'><strong>Sabbato</strong></span> <span class='ocrx_word' id='word_1_41' title='bbox 782 724 840 785; x_wconf 92' lang='lat' dir='ltr'><strong>in</strong></span> <span class='ocrx_word' id='word_1_42' title='bbox 868 725 1143 805; x_wconf 89' lang='lat' dir='ltr'><strong>sepulcro</strong></span> <span class='ocrx_word' id='word_1_43' title='bbox 1172 725 1452 797; x_wconf 85' lang='lat' dir='ltr'><strong>luit,ecce</strong></span> <span class='ocrx_word' id='word_1_44' title='bbox 1473 726 1774 788; x_wconf 85' lang='lat' dir='ltr'><strong>secundus</strong></span> <span class='ocrx_word' id='word_1_45' title='bbox 1797 728 1946 790; x_wconf 87' lang='lat' dir='ltr'><strong>dies.</strong></span> <span class='ocrx_word' id='word_1_46' title='bbox 1973 728 2157 793; x_wconf 87' lang='lat' dir='ltr'><strong>Nocte</strong></span> 
     </span>
    </p>
   </div>
   <div class='ocr_carea' id='block_1_9' title="bbox 501 811 2160 895">
    <p class='ocr_par' dir='ltr' id='par_1_9' title="bbox 501 811 2160 895">
     <span class='ocr_line' id='line_1_9' title="bbox 501 811 2160 895; baseline 0.004 -21"><span class='ocrx_word' id='word_1_47' title='bbox 501 811 824 874; x_wconf 71' lang='lat' dir='ltr'><strong>Deminicze</strong></span> <span class='ocrx_word' id='word_1_48' title='bbox 852 814 1177 875; x_wconf 77' lang='lat' dir='ltr'><strong>resurrexit</strong></span> <span class='ocrx_word' id='word_1_49' title='bbox 1204 833 1219 889; x_wconf 87' lang='lat'>;</span> <span class='ocrx_word' id='word_1_50' title='bbox 1256 834 1287 873; x_wconf 90' lang='lat' dir='ltr'><strong>a</strong></span> <span class='ocrx_word' id='word_1_51' title='bbox 1318 824 1480 895; x_wconf 84' lang='lat' dir='ltr'><strong>parte</strong></span> <span class='ocrx_word' id='word_1_52' title='bbox 1513 815 1696 895; x_wconf 77' lang='lat' dir='ltr'><strong>igitur</strong></span> <span class='ocrx_word' id='word_1_53' title='bbox 1726 830 2071 880; x_wconf 86' lang='lat' dir='ltr'><strong>numeratur</strong></span> <span class='ocrx_word' id='word_1_54' title='bbox 2102 830 2160 883; x_wconf 91' lang='lat' dir='ltr'><strong>et</strong></span> 
     </span>
    </p>
   </div>
   <div class='ocr_carea' id='block_1_10' title="bbox 502 902 2161 971">
    <p class='ocr_par' dir='ltr' id='par_1_10' title="bbox 502 902 2161 971">
     <span class='ocr_line' id='line_1_10' title="bbox 502 902 2161 971; baseline 0.004 -7"><span class='ocrx_word' id='word_1_55' title='bbox 502 902 813 964; x_wconf 86' lang='lat' dir='ltr'><strong>Dominica</strong></span> <span class='ocrx_word' id='word_1_56' title='bbox 846 902 904 963; x_wconf 87' lang='lat' dir='ltr'><strong>in</strong></span> <span class='ocrx_word' id='word_1_57' title='bbox 936 902 1114 963; x_wconf 88' lang='lat' dir='ltr'><strong>alium</strong></span> <span class='ocrx_word' id='word_1_58' title='bbox 1149 904 1331 971; x_wconf 74' lang='lat' dir='ltr'><strong>diem,</strong></span> <span class='ocrx_word' id='word_1_59' title='bbox 1372 913 1428 964; x_wconf 91' lang='lat' dir='ltr'><strong>et</strong></span> <span class='ocrx_word' id='word_1_60' title='bbox 1460 905 1536 965; x_wconf 82' lang='lat' dir='ltr'><strong>ita</strong></span> <span class='ocrx_word' id='word_1_61' title='bbox 1569 912 1689 965; x_wconf 92' lang='lat' dir='ltr'><strong>tres</strong></span> <span class='ocrx_word' id='word_1_62' title='bbox 1721 905 1850 967; x_wconf 92' lang='lat' dir='ltr'><strong>dies</strong></span> <span class='ocrx_word' id='word_1_63' title='bbox 1887 925 1898 969; x_wconf 96' lang='lat'><strong>:</strong></span> <span class='ocrx_word' id='word_1_64' title='bbox 1938 928 2069 970; x_wconf 87' lang='lat' dir='ltr'><strong>nam</strong></span> <span class='ocrx_word' id='word_1_65' title='bbox 2104 920 2161 971; x_wconf 88' lang='lat' dir='ltr'><strong>ct</strong></span> 
     </span>
    </p>
   </div>
   <div class='ocr_carea' id='block_1_11' title="bbox 501 990 2158 1065">
    <p class='ocr_par' dir='ltr' id='par_1_11' title="bbox 501 990 2158 1065">
     <span class='ocr_line' id='line_1_11' title="bbox 501 990 2158 1065; baseline 0.005 -13"><span class='ocrx_word' id='word_1_66' title='bbox 501 990 577 1053; x_wconf 88' lang='lat' dir='ltr'><strong>de</strong></span> <span class='ocrx_word' id='word_1_67' title='bbox 599 990 893 1053; x_wconf 83' lang='lat' dir='ltr'><strong>defunctis</strong></span> <span class='ocrx_word' id='word_1_68' title='bbox 919 992 1195 1065; x_wconf 85' lang='lat' dir='ltr'><strong>dicimus,</strong></span> <span class='ocrx_word' id='word_1_69' title='bbox 1231 994 1279 1053; x_wconf 89' lang='lat' dir='ltr'><strong>si</strong></span> <span class='ocrx_word' id='word_1_70' title='bbox 1305 1012 1456 1054; x_wconf 92' lang='lat' dir='ltr'><strong>unus</strong></span> <span class='ocrx_word' id='word_1_71' title='bbox 1488 994 1774 1056; x_wconf 90' lang='lat' dir='ltr'><strong>moriatur</strong></span> <span class='ocrx_word' id='word_1_72' title='bbox 1802 1000 1959 1059; x_wconf 90' lang='lat' dir='ltr'><strong>circa</strong></span> <span class='ocrx_word' id='word_1_73' title='bbox 1990 998 2158 1061; x_wconf 89' lang='lat' dir='ltr'><strong>deci-</strong></span> 
     </span>
    </p>
   </div>
   <div class='ocr_carea' id='block_1_12' title="bbox 503 1081 2155 1169">
    <p class='ocr_par' dir='ltr' id='par_1_12' title="bbox 503 1081 2155 1169">
     <span class='ocr_line' id='line_1_12' title="bbox 503 1081 2155 1169; baseline 0.005 -27"><span class='ocrx_word' id='word_1_74' title='bbox 503 1099 658 1169; x_wconf 79' lang='lat' dir='ltr'><strong>mam</strong></span> <span class='ocrx_word' id='word_1_75' title='bbox 702 1081 908 1143; x_wconf 79' lang='lat' dir='ltr'><strong>horam</strong></span> <span class='ocrx_word' id='word_1_76' title='bbox 941 1084 976 1144; x_wconf 93' lang='lat' dir='ltr'><strong>d</strong></span> <span class='ocrx_word' id='word_1_77' title='bbox 1006 1083 1084 1169; x_wconf 71' lang='lat' dir='ltr'><strong>ei,</strong></span> <span class='ocrx_word' id='word_1_78' title='bbox 1122 1092 1181 1144; x_wconf 93' lang='lat' dir='ltr'><strong>et</strong></span> <span class='ocrx_word' id='word_1_79' title='bbox 1208 1084 1361 1169; x_wconf 82' lang='lat' dir='ltr'><strong>alter</strong></span> <span class='ocrx_word' id='word_1_80' title='bbox 1380 1084 1537 1169; x_wconf 80' lang='lat' dir='ltr'><strong>circa</strong></span> <span class='ocrx_word' id='word_1_81' title='bbox 1565 1084 1814 1169; x_wconf 81' lang='lat' dir='ltr'><strong>primam</strong></span> <span class='ocrx_word' id='word_1_82' title='bbox 1848 1088 1980 1167; x_wconf 87' lang='lat' dir='ltr'><strong>ejus</strong></span> <span class='ocrx_word' id='word_1_83' title='bbox 2011 1088 2155 1169; x_wconf 85' lang='lat' dir='ltr'><strong>diei,</strong></span> 
     </span>
    </p>
   </div>
   <div class='ocr_carea' id='block_1_13' title="bbox 501 1160 2159 1243">
    <p class='ocr_par' dir='ltr' id='par_1_13' title="bbox 501 1160 2159 1243">
     <span class='ocr_line' id='line_1_13' title="bbox 501 1160 2159 1243; baseline 0.007 -22"><span class='ocrx_word' id='word_1_84' title='bbox 501 1160 656 1243; x_wconf 87' lang='lat' dir='ltr'><strong>quod</strong></span> <span class='ocrx_word' id='word_1_85' title='bbox 690 1170 944 1243; x_wconf 85' lang='lat' dir='ltr'><strong>uterque</strong></span> <span class='ocrx_word' id='word_1_86' title='bbox 974 1164 1183 1225; x_wconf 89' lang='lat' dir='ltr'><strong>eodem</strong></span> <span class='ocrx_word' id='word_1_87' title='bbox 1219 1163 1316 1225; x_wconf 83' lang='lat' dir='ltr'><strong>die</strong></span> <span class='ocrx_word' id='word_1_88' title='bbox 1346 1164 1422 1225; x_wconf 90' lang='lat' dir='ltr'><strong>sit</strong></span> <span class='ocrx_word' id='word_1_89' title='bbox 1457 1160 1747 1227; x_wconf 85' lang='lat' dir='ltr'><strong>mortuus.</strong></span> <span class='ocrx_word' id='word_1_90' title='bbox 1776 1160 2021 1229; x_wconf 77' lang='lat' dir='ltr'><strong>Possum</strong></span> <span class='ocrx_word' id='word_1_91' title='bbox 2053 1160 2159 1235; x_wconf 83' lang='lat' dir='ltr'><strong>tibi</strong></span> 
     </span>
    </p>
   </div>
   <div class='ocr_carea' id='block_1_14' title="bbox 500 1250 2159 1332">
    <p class='ocr_par' dir='ltr' id='par_1_14' title="bbox 500 1250 2159 1332">
     <span class='ocr_line' id='line_1_14' title="bbox 500 1250 2159 1332; baseline 0.007 -23"><span class='ocrx_word' id='word_1_92' title='bbox 500 1258 560 1310; x_wconf 85' lang='lat' dir='ltr'><strong>et</strong></span> <span class='ocrx_word' id='word_1_93' title='bbox 589 1250 765 1312; x_wconf 87' lang='lat' dir='ltr'><strong>aliam</strong></span> <span class='ocrx_word' id='word_1_94' title='bbox 796 1269 1035 1312; x_wconf 87' lang='lat' dir='ltr'><strong>causam</strong></span> <span class='ocrx_word' id='word_1_95' title='bbox 1066 1252 1272 1313; x_wconf 86' lang='lat' dir='ltr'><strong>dicere</strong></span> <span class='ocrx_word' id='word_1_96' title='bbox 1296 1252 1596 1332; x_wconf 88' lang='lat' dir='ltr'><strong>quomodo</strong></span> <span class='ocrx_word' id='word_1_97' title='bbox 1629 1264 1747 1315; x_wconf 90' lang='lat' dir='ltr'><strong>tres</strong></span> <span class='ocrx_word' id='word_1_98' title='bbox 1790 1255 1921 1318; x_wconf 87' lang='lat' dir='ltr'><strong>dies</strong></span> <span class='ocrx_word' id='word_1_99' title='bbox 1948 1267 2005 1319; x_wconf 94' lang='lat' dir='ltr'><strong>et</strong></span> <span class='ocrx_word' id='word_1_100' title='bbox 2039 1268 2159 1321; x_wconf 88' lang='lat' dir='ltr'><strong>tres</strong></span> 
     </span>
    </p>
   </div>
   <div class='ocr_carea' id='block_1_15' title="bbox 503 1341 2159 1427">
    <p class='ocr_par' dir='ltr' id='par_1_15' title="bbox 503 1341 2159 1427">
     <span class='ocr_line' id='line_1_15' title="bbox 503 1341 2159 1427; baseline 0.007 -30"><span class='ocrx_word' id='word_1_101' title='bbox 503 1346 710 1427; x_wconf 82' lang='lat' dir='ltr'><strong>noctes</strong></span> <span class='ocrx_word' id='word_1_102' title='bbox 737 1342 1419 1403; x_wconf 80' lang='lat' dir='ltr'><strong>numerentur.Attende</strong></span> <span class='ocrx_word' id='word_1_103' title='bbox 1442 1342 1647 1421; x_wconf 76' lang='lat' dir='ltr'><strong>igitur:</strong></span> <span class='ocrx_word' id='word_1_104' title='bbox 1683 1341 1899 1415; x_wconf 90' lang='lat' dir='ltr'><strong>Quinta</strong></span> <span class='ocrx_word' id='word_1_105' title='bbox 1914 1364 2159 1427; x_wconf 87' lang='lat' dir='ltr'><strong>vespera</strong></span> 
     </span>
    </p>
   </div>
   <div class='ocr_carea' id='block_1_16' title="bbox 503 1426 2161 1511">
    <p class='ocr_par' dir='ltr' id='par_1_16' title="bbox 503 1426 2161 1511">
     <span class='ocr_line' id='line_1_16' title="bbox 503 1426 2161 1511; baseline 0.007 -23"><span class='ocrx_word' id='word_1_106' title='bbox 503 1426 651 1489; x_wconf 87' lang='lat' dir='ltr'><strong>fecit</strong></span> <span class='ocrx_word' id='word_1_107' title='bbox 685 1428 971 1490; x_wconf 84' lang='lat' dir='ltr'><strong>Dominus</strong></span> <span class='ocrx_word' id='word_1_108' title='bbox 1001 1446 1258 1500; x_wconf 78' lang='lat' dir='ltr'><strong>ccenam,</strong></span> <span class='ocrx_word' id='word_1_109' title='bbox 1285 1447 1345 1492; x_wconf 87' lang='lat' dir='ltr'><strong>et</strong></span> <span class='ocrx_word' id='word_1_110' title='bbox 1368 1430 1681 1511; x_wconf 79' lang='lat' dir='ltr'><strong>discipulis</strong></span> <span class='ocrx_word' id='word_1_111' title='bbox 1709 1432 1897 1494; x_wconf 82' lang='lat' dir='ltr'><strong>dixit:</strong></span> <span class='ocrx_word' id='word_1_112' title='bbox 1933 1460 1959 1490; x_wconf 73' lang='grc' dir='ltr'>ι</span> <span class='ocrx_word' id='word_1_113' title='bbox 1987 1438 2161 1499; x_wconf 84' lang='lat' dir='ltr'><strong>Acci-</strong></span> 
     </span>
    </p>
   </div>
   <div class='ocr_carea' id='block_1_17' title="bbox 508 1516 2157 1606">
    <p class='ocr_par' dir='ltr' id='par_1_17' title="bbox 508 1516 2157 1606">
     <span class='ocr_line' id='line_1_17' title="bbox 508 1516 2157 1606; baseline 0.006 -29"><span class='ocrx_word' id='word_1_114' title='bbox 508 1516 651 1597; x_wconf 88' lang='lat' dir='ltr'><strong>pite,</strong></span> <span class='ocrx_word' id='word_1_115' title='bbox 686 1526 745 1580; x_wconf 92' lang='lat' dir='ltr'><strong>et</strong></span> <span class='ocrx_word' id='word_1_116' title='bbox 775 1518 1071 1579; x_wconf 89' lang='lat' dir='ltr'><strong>comedite</strong></span> <span class='ocrx_word' id='word_1_117' title='bbox 1102 1537 1318 1600; x_wconf 89' lang='lat' dir='ltr'><strong>corpus</strong></span> <span class='ocrx_word' id='word_1_118' title='bbox 1350 1538 1543 1581; x_wconf 92' lang='lat' dir='ltr'><strong>meum</strong></span> <span class='ocrx_word' id='word_1_119' title='bbox 1580 1542 1593 1583; x_wconf 97' lang='lat'><strong>:</strong></span> <span class='ocrx_word' id='word_1_120' title='bbox 1634 1547 1660 1577; x_wconf 67' lang='grc' dir='ltr'><strong>ι</strong></span> <span class='ocrx_word' id='word_1_121' title='bbox 1696 1532 1752 1583; x_wconf 91' lang='lat' dir='ltr'><strong>et</strong></span> <span class='ocrx_word' id='word_1_122' title='bbox 1781 1522 1861 1585; x_wconf 90' lang='lat' dir='ltr'><strong>ita</strong></span> <span class='ocrx_word' id='word_1_123' title='bbox 1892 1526 2025 1599; x_wconf 86' lang='lat' dir='ltr'><strong>quia</strong></span> <span class='ocrx_word' id='word_1_124' title='bbox 2049 1546 2157 1606; x_wconf 87' lang='lat' dir='ltr'><strong>po-</strong></span> 
     </span>
    </p>
   </div>
   <div class='ocr_carea' id='block_1_18' title="bbox 511 1606 2155 1688">
    <p class='ocr_par' dir='ltr' id='par_1_18' title="bbox 511 1606 2155 1688">
     <span class='ocr_line' id='line_1_18' title="bbox 511 1606 2155 1688; baseline 0.007 -23"><span class='ocrx_word' id='word_1_125' title='bbox 511 1614 781 1669; x_wconf 87' lang='lat' dir='ltr'><strong>testatem</strong></span> <span class='ocrx_word' id='word_1_126' title='bbox 806 1606 1059 1669; x_wconf 88' lang='lat' dir='ltr'><strong>habebat</strong></span> <span class='ocrx_word' id='word_1_127' title='bbox 1074 1627 1294 1688; x_wconf 88' lang='lat' dir='ltr'><strong>ponere</strong></span> <span class='ocrx_word' id='word_1_128' title='bbox 1309 1610 1567 1670; x_wconf 91' lang='lat' dir='ltr'><strong>animam</strong></span> <span class='ocrx_word' id='word_1_129' title='bbox 1585 1615 2155 1683; x_wconf 77' lang='lat' dir='ltr'><strong>suam,manil‘estum</strong></span> 
     </span>
    </p>
   </div>
   <div class='ocr_carea' id='block_1_19' title="bbox 506 1695 2161 1836">
    <p class='ocr_par' dir='ltr' id='par_1_19' title="bbox 506 1695 2161 1836">
     <span class='ocr_line' id='line_1_19' title="bbox 506 1695 2161 1836; baseline 0.007 -80"><span class='ocrx_word' id='word_1_130' title='bbox 506 1695 663 1836; x_wconf 48' lang='lat' dir='ltr'><strong>quod</strong></span> <span class='ocrx_word' id='word_1_131' title='bbox 724 1706 861 1758; x_wconf 92' lang='lat' dir='ltr'><strong>tunc</strong></span> <span class='ocrx_word' id='word_1_132' title='bbox 912 1696 1305 1759; x_wconf 78' lang='lat' dir='ltr'><strong>immelaverit</strong></span> <span class='ocrx_word' id='word_1_133' title='bbox 1348 1699 1632 1777; x_wconf 90' lang='lat' dir='ltr'><strong>seipsum,</strong></span> <span class='ocrx_word' id='word_1_134' title='bbox 1668 1719 1733 1761; x_wconf 83' lang='lat' dir='ltr'><strong>ex</strong></span> <span class='ocrx_word' id='word_1_135' title='bbox 1770 1721 1888 1780; x_wconf 88' lang='lat' dir='ltr'><strong>quo</strong></span> <span class='ocrx_word' id='word_1_136' title='bbox 1922 1706 2161 1771; x_wconf 81' lang='lat' dir='ltr'><strong>tradidit</strong></span> 
     </span>
     <span class='ocr_line' id='line_1_20' title="bbox 556 1776 2161 1836; baseline 0.001 -1"><span class='ocrx_word' id='word_1_137' title='bbox 556 1776 820 1836; x_wconf 88' lang='lat' dir='ltr'><strong>iscioulis</strong></span> <span class='ocrx_word' id='word_1_138' title='bbox 842 1796 1057 1836; x_wconf 88' lang='lat' dir='ltr'><strong>cornus</strong></span> <span class='ocrx_word' id='word_1_139' title='bbox 1078 1796 1249 1836; x_wconf 92' lang='lat' dir='ltr'><strong>suum</strong></span> <span class='ocrx_word' id='word_1_140' title='bbox 1278 1799 1291 1836; x_wconf 89' lang='lat'><strong>:</strong></span> <span class='ocrx_word' id='word_1_141' title='bbox 1319 1797 1493 1836; x_wconf 89' lang='lat' dir='ltr'><strong>nemo</strong></span> <span class='ocrx_word' id='word_1_142' title='bbox 1520 1780 1675 1836; x_wconf 89' lang='lat' dir='ltr'><strong>enim</strong></span> <span class='ocrx_word' id='word_1_143' title='bbox 1696 1783 2012 1836; x_wconf 79' lang='lat' dir='ltr'><strong>nnidnnam</strong></span> <span class='ocrx_word' id='word_1_144' title='bbox 2039 1787 2161 1836; x_wconf 70' lang='lat' dir='ltr'><strong>edit</strong></span> 
     </span>
    </p>
   </div>
   <div class='ocr_carea' id='block_1_20' title="bbox 556 1768 2223 1862">
    <p class='ocr_par' dir='ltr' id='par_1_20' title="bbox 556 1768 2223 1862">
     <span class='ocr_line' id='line_1_21' title="bbox 556 1768 2223 1862; baseline 0.008 -27"><span class='ocrx_word' id='word_1_145' title='bbox 556 1776 820 1857; x_wconf 90' lang='lat' dir='ltr'><strong>iscipulis</strong></span> <span class='ocrx_word' id='word_1_146' title='bbox 842 1796 1057 1858; x_wconf 90' lang='lat' dir='ltr'><strong>corpus</strong></span> <span class='ocrx_word' id='word_1_147' title='bbox 1078 1796 1249 1838; x_wconf 91' lang='lat' dir='ltr'><strong>suum</strong></span> <span class='ocrx_word' id='word_1_148' title='bbox 1278 1799 1291 1841; x_wconf 88' lang='lat'><strong>:</strong></span> <span class='ocrx_word' id='word_1_149' title='bbox 1319 1768 1493 1840; x_wconf 84' lang='lat' dir='ltr'><strong>nemo</strong></span> <span class='ocrx_word' id='word_1_150' title='bbox 1520 1768 1675 1840; x_wconf 83' lang='lat' dir='ltr'><strong>enim</strong></span> <span class='ocrx_word' id='word_1_151' title='bbox 1696 1768 2012 1862; x_wconf 76' lang='lat' dir='ltr'><strong>quidquam</strong></span> <span class='ocrx_word' id='word_1_152' title='bbox 2039 1768 2164 1847; x_wconf 84' lang='lat' dir='ltr'><strong>edit</strong></span> <span class='ocrx_word' id='word_1_153' title='bbox 2187 1768 2223 1817; x_wconf 72' lang='grc' dir='ltr'><strong>Β</strong></span> 
     </span>
    </p>
   </div>
   <div class='ocr_carea' id='block_1_21' title="bbox 506 1863 2161 1954">
    <p class='ocr_par' dir='ltr' id='par_1_21' title="bbox 506 1863 2161 1954">
     <span class='ocr_line' id='line_1_22' title="bbox 506 1863 2161 1954; baseline 0.007 -29"><span class='ocrx_word' id='word_1_154' title='bbox 506 1863 618 1925; x_wconf 89' lang='lat' dir='ltr'><strong>nisi</strong></span> <span class='ocrx_word' id='word_1_155' title='bbox 653 1866 816 1945; x_wconf 91' lang='lat' dir='ltr'><strong>prius</strong></span> <span class='ocrx_word' id='word_1_156' title='bbox 842 1875 1155 1928; x_wconf 90' lang='lat' dir='ltr'><strong>mactatum</strong></span> <span class='ocrx_word' id='word_1_157' title='bbox 1181 1866 1359 1928; x_wconf 84' lang='lat' dir='ltr'><strong>fuerit</strong></span> <span class='ocrx_word' id='word_1_158' title='bbox 1390 1869 1650 1929; x_wconf 87' lang='lat' dir='ltr'><strong>Numera</strong></span> <span class='ocrx_word' id='word_1_159' title='bbox 1683 1870 1857 1948; x_wconf 82' lang='lat' dir='ltr'><strong>igitur</strong></span> <span class='ocrx_word' id='word_1_160' title='bbox 1891 1894 1904 1935; x_wconf 94' lang='lat'><strong>:</strong></span> <span class='ocrx_word' id='word_1_161' title='bbox 1932 1878 2161 1954; x_wconf 60' lang='lat' dir='ltr'><strong>Vesperi</strong></span> 
     </span>
    </p>
   </div>
   <div class='ocr_carea' id='block_1_22' title="bbox 504 1954 2160 2033">
    <p class='ocr_par' dir='ltr' id='par_1_22' title="bbox 504 1954 2160 2033">
     <span class='ocr_line' id='line_1_23' title="bbox 504 1954 2160 2033; baseline 0.007 -18"><span class='ocrx_word' id='word_1_162' title='bbox 504 1954 749 2015; x_wconf 83' lang='lat' dir='ltr'><strong>tradidit</strong></span> <span class='ocrx_word' id='word_1_163' title='bbox 778 1974 993 2033; x_wconf 85' lang='lat' dir='ltr'><strong>corpus</strong></span> <span class='ocrx_word' id='word_1_164' title='bbox 1036 1974 1233 2019; x_wconf 90' lang='lat' dir='ltr'><strong>suum.</strong></span> <span class='ocrx_word' id='word_1_165' title='bbox 1284 1955 1407 2017; x_wconf 86' lang='lat' dir='ltr'><strong>Nox</strong></span> <span class='ocrx_word' id='word_1_166' title='bbox 1442 1956 1543 2018; x_wconf 91' lang='lat' dir='ltr'><strong>illa</strong></span> <span class='ocrx_word' id='word_1_167' title='bbox 1575 1965 1633 2018; x_wconf 88' lang='lat' dir='ltr'><strong>et</strong></span> <span class='ocrx_word' id='word_1_168' title='bbox 1668 1960 1797 2020; x_wconf 89' lang='lat' dir='ltr'><strong>dies</strong></span> <span class='ocrx_word' id='word_1_169' title='bbox 1842 1959 2160 2026; x_wconf 83' lang='lat' dir='ltr'><strong>Parasceve</strong></span> 
     </span>
    </p>
   </div>
   <div class='ocr_carea' id='block_1_23' title="bbox 504 2044 2157 2123">
    <p class='ocr_par' dir='ltr' id='par_1_23' title="bbox 504 2044 2157 2123">
     <span class='ocr_line' id='line_1_24' title="bbox 504 2044 2157 2123; baseline 0.008 -19"><span class='ocrx_word' id='word_1_170' title='bbox 504 2060 691 2123; x_wconf 84' lang='lat' dir='ltr'><strong>usque</strong></span> <span class='ocrx_word' id='word_1_171' title='bbox 711 2044 784 2103; x_wconf 92' lang='lat' dir='ltr'><strong>ad</strong></span> <span class='ocrx_word' id='word_1_172' title='bbox 808 2054 1031 2106; x_wconf 82' lang='lat' dir='ltr'><strong>sextam</strong></span> <span class='ocrx_word' id='word_1_173' title='bbox 1060 2044 1433 2113; x_wconf 72' lang='lat' dir='ltr'><strong>horam,eccc</strong></span> <span class='ocrx_word' id='word_1_174' title='bbox 1451 2066 1630 2109; x_wconf 91' lang='lat' dir='ltr'><strong>unum</strong></span> <span class='ocrx_word' id='word_1_175' title='bbox 1647 2048 1801 2109; x_wconf 90' lang='lat' dir='ltr'><strong>diem</strong></span> <span class='ocrx_word' id='word_1_176' title='bbox 1828 2062 1881 2110; x_wconf 88' lang='lat' dir='ltr'><strong>et</strong></span> <span class='ocrx_word' id='word_1_177' title='bbox 1899 2062 2157 2118; x_wconf 90' lang='lat' dir='ltr'><strong>noctem.</strong></span> 
     </span>
    </p>
   </div>
   <div class='ocr_carea' id='block_1_24' title="bbox 508 2133 2163 2218">
    <p class='ocr_par' dir='ltr' id='par_1_24' title="bbox 508 2133 2163 2218">
     <span class='ocr_line' id='line_1_25' title="bbox 508 2133 2163 2218; baseline 0.007 -25"><span class='ocrx_word' id='word_1_178' title='bbox 508 2133 727 2193; x_wconf 88' lang='lat' dir='ltr'><strong>Iterum</strong></span> <span class='ocrx_word' id='word_1_179' title='bbox 761 2150 794 2194; x_wconf 91' lang='lat' dir='ltr'><strong>a</strong></span> <span class='ocrx_word' id='word_1_180' title='bbox 823 2141 986 2195; x_wconf 74' lang='lat' dir='ltr'><strong>sexta</strong></span> <span class='ocrx_word' id='word_1_181' title='bbox 1018 2134 1162 2196; x_wconf 87' lang='lat' dir='ltr'><strong>hora</strong></span> <span class='ocrx_word' id='word_1_182' title='bbox 1194 2135 1457 2197; x_wconf 82' lang='lat' dir='ltr'><strong>tenebrae</strong></span> <span class='ocrx_word' id='word_1_183' title='bbox 1500 2154 1691 2218; x_wconf 90' lang='lat' dir='ltr'><strong>usque</strong></span> <span class='ocrx_word' id='word_1_184' title='bbox 1720 2138 1792 2199; x_wconf 89' lang='lat' dir='ltr'><strong>ad</strong></span> <span class='ocrx_word' id='word_1_185' title='bbox 1828 2158 2068 2215; x_wconf 89' lang='lat' dir='ltr'><strong>nonam,</strong></span> <span class='ocrx_word' id='word_1_186' title='bbox 2105 2152 2163 2204; x_wconf 92' lang='lat' dir='ltr'><strong>et</strong></span> 
     </span>
    </p>
   </div>
   <div class='ocr_carea' id='block_1_25' title="bbox 504 2222 2161 2304">
    <p class='ocr_par' dir='ltr' id='par_1_25' title="bbox 504 2222 2161 2304">
     <span class='ocr_line' id='line_1_26' title="bbox 504 2222 2161 2304; baseline 0.007 -23"><span class='ocrx_word' id='word_1_187' title='bbox 504 2239 539 2281; x_wconf 85' lang='lat' dir='ltr'><strong>a</strong></span> <span class='ocrx_word' id='word_1_188' title='bbox 584 2238 741 2282; x_wconf 89' lang='lat' dir='ltr'><strong>nona</strong></span> <span class='ocrx_word' id='word_1_189' title='bbox 790 2222 885 2283; x_wconf 85' lang='lat' dir='ltr'><strong>lux</strong></span> <span class='ocrx_word' id='word_1_190' title='bbox 936 2241 1125 2304; x_wconf 82' lang='lat' dir='ltr'><strong>usque</strong></span> <span class='ocrx_word' id='word_1_191' title='bbox 1175 2225 1247 2284; x_wconf 88' lang='lat' dir='ltr'><strong>ad</strong></span> <span class='ocrx_word' id='word_1_192' title='bbox 1294 2242 1626 2304; x_wconf 78' lang='lat' dir='ltr'><strong>veSpcram,</strong></span> <span class='ocrx_word' id='word_1_193' title='bbox 1661 2246 1802 2289; x_wconf 90' lang='lat' dir='ltr'><strong>ecce</strong></span> <span class='ocrx_word' id='word_1_194' title='bbox 1833 2231 2161 2293; x_wconf 76' lang='lat' dir='ltr'><strong>secundum</strong></span> 
     </span>
    </p>
   </div>
   <div class='ocr_carea' id='block_1_26' title="bbox 508 2306 2164 2393">
    <p class='ocr_par' dir='ltr' id='par_1_26' title="bbox 508 2306 2164 2393">
     <span class='ocr_line' id='line_1_27' title="bbox 508 2306 2164 2393; baseline 0.008 -25"><span class='ocrx_word' id='word_1_195' title='bbox 508 2306 663 2370; x_wconf 89' lang='lat' dir='ltr'><strong>diem</strong></span> <span class='ocrx_word' id='word_1_196' title='bbox 700 2317 757 2369; x_wconf 90' lang='lat' dir='ltr'><strong>et</strong></span> <span class='ocrx_word' id='word_1_197' title='bbox 790 2319 1052 2374; x_wconf 91' lang='lat' dir='ltr'><strong>noctem.</strong></span> <span class='ocrx_word' id='word_1_198' title='bbox 1088 2310 1305 2373; x_wconf 79' lang='lat' dir='ltr'><strong>iterum</strong></span> <span class='ocrx_word' id='word_1_199' title='bbox 1363 2332 1474 2374; x_wconf 85' lang='lat' dir='ltr'><strong>nox</strong></span> <span class='ocrx_word' id='word_1_200' title='bbox 1510 2324 1641 2393; x_wconf 92' lang='lat' dir='ltr'><strong>post</strong></span> <span class='ocrx_word' id='word_1_201' title='bbox 1690 2318 2071 2380; x_wconf 70' lang='lat' dir='ltr'><strong>Para‘scevem</strong></span> <span class='ocrx_word' id='word_1_202' title='bbox 2106 2330 2164 2381; x_wconf 90' lang='lat' dir='ltr'><strong>et</strong></span> 
     </span>
    </p>
   </div>
   <div class='ocr_carea' id='block_1_27' title="bbox 507 2396 2161 2471">
    <p class='ocr_par' dir='ltr' id='par_1_27' title="bbox 507 2396 2161 2471">
     <span class='ocr_line' id='line_1_28' title="bbox 507 2396 2161 2471; baseline 0.008 -16"><span class='ocrx_word' id='word_1_203' title='bbox 507 2396 637 2457; x_wconf 89' lang='lat' dir='ltr'><strong>dies</strong></span> <span class='ocrx_word' id='word_1_204' title='bbox 658 2396 922 2471; x_wconf 81' lang='lat' dir='ltr'><strong>Sabbati,</strong></span> <span class='ocrx_word' id='word_1_205' title='bbox 953 2419 1097 2463; x_wconf 90' lang='lat' dir='ltr'><strong>ecce</strong></span> <span class='ocrx_word' id='word_1_206' title='bbox 1122 2402 1360 2462; x_wconf 90' lang='lat' dir='ltr'><strong>tertium</strong></span> <span class='ocrx_word' id='word_1_207' title='bbox 1382 2401 1539 2463; x_wconf 88' lang='lat' dir='ltr'><strong>diem</strong></span> <span class='ocrx_word' id='word_1_208' title='bbox 1566 2411 1621 2462; x_wconf 90' lang='lat' dir='ltr'><strong>et</strong></span> <span class='ocrx_word' id='word_1_209' title='bbox 1644 2405 2161 2469; x_wconf 84' lang='lat' dir='ltr'><strong>noctem.Sabbate</strong></span> 
     </span>
    </p>
   </div>
   <div class='ocr_carea' id='block_1_28' title="bbox 508 2490 2164 2572">
    <p class='ocr_par' dir='ltr' id='par_1_28' title="bbox 508 2490 2164 2572">
     <span class='ocr_line' id='line_1_29' title="bbox 508 2490 2164 2572; baseline 0.008 -27"><span class='ocrx_word' id='word_1_210' title='bbox 508 2493 706 2547; x_wconf 90' lang='lat' dir='ltr'><strong>autem</strong></span> <span class='ocrx_word' id='word_1_211' title='bbox 740 2490 974 2565; x_wconf 81' lang='lat' dir='ltr'><strong>vesperi</strong></span> <span class='ocrx_word' id='word_1_212' title='bbox 1003 2493 1325 2550; x_wconf 84' lang='lat' dir='ltr'><strong>resurrexit</strong></span> <span class='ocrx_word' id='word_1_213' title='bbox 1360 2508 1372 2551; x_wconf 89' lang='lat'><strong>:</strong></span> <span class='ocrx_word' id='word_1_214' title='bbox 1425 2510 1564 2551; x_wconf 91' lang='lat' dir='ltr'><strong>ecce</strong></span> <span class='ocrx_word' id='word_1_215' title='bbox 1600 2501 1719 2552; x_wconf 86' lang='lat' dir='ltr'><strong>tres</strong></span> <span class='ocrx_word' id='word_1_216' title='bbox 1773 2495 1983 2572; x_wconf 84' lang='lat' dir='ltr'><strong>integri</strong></span> <span class='ocrx_word' id='word_1_217' title='bbox 2016 2497 2164 2563; x_wconf 67' lang='lat' dir='ltr'><strong>fdies</strong></span> 
     </span>
    </p>
   </div>
   <div class='ocr_carea' id='block_1_29' title="bbox 509 2575 2163 2659">
    <p class='ocr_par' dir='ltr' id='par_1_29' title="bbox 509 2575 2163 2659">
     <span class='ocr_line' id='line_1_30' title="bbox 509 2575 2163 2659; baseline 0.006 -24"><span class='ocrx_word' id='word_1_218' title='bbox 509 2583 570 2635; x_wconf 90' lang='lat' dir='ltr'><strong>et</strong></span> <span class='ocrx_word' id='word_1_219' title='bbox 614 2584 844 2640; x_wconf 84' lang='lat' dir='ltr'><strong>noctes.</strong></span> <span class='ocrx_word' id='word_1_220' title='bbox 872 2575 1003 2639; x_wconf 80' lang='lat' dir='ltr'><strong>Jam</strong></span> <span class='ocrx_word' id='word_1_221' title='bbox 1036 2580 1193 2659; x_wconf 92' lang='lat' dir='ltr'><strong>quod</strong></span> <span class='ocrx_word' id='word_1_222' title='bbox 1230 2581 1503 2652; x_wconf 66' lang='lat' dir='ltr'><strong>angelum</strong></span> <span class='ocrx_word' id='word_1_223' title='bbox 1539 2582 1848 2645; x_wconf 68' lang='lat' dir='ltr'><strong>Mattltaaus</strong></span> <span class='ocrx_word' id='word_1_224' title='bbox 1882 2585 2037 2646; x_wconf 71' lang='lat' dir='ltr'><strong>dixit</strong></span> <span class='ocrx_word' id='word_1_225' title='bbox 2065 2606 2163 2645; x_wconf 79' lang='lat' dir='ltr'><strong>se.-</strong></span> 
     </span>
    </p>
   </div>
   <div class='ocr_carea' id='block_1_30' title="bbox 508 2662 2162 2756">
    <p class='ocr_par' dir='ltr' id='par_1_30' title="bbox 508 2662 2162 2756">
     <span class='ocr_line' id='line_1_31' title="bbox 508 2662 2162 2756; baseline 0.008 -33"><span class='ocrx_word' id='word_1_226' title='bbox 508 2662 651 2756; x_wconf 82' lang='lat' dir='ltr'><strong>dere</strong></span> <span class='ocrx_word' id='word_1_227' title='bbox 681 2684 872 2756; x_wconf 80' lang='lat' dir='ltr'><strong>super</strong></span> <span class='ocrx_word' id='word_1_228' title='bbox 897 2668 1120 2756; x_wconf 84' lang='lat' dir='ltr'><strong>lapide,</strong></span> <span class='ocrx_word' id='word_1_229' title='bbox 1152 2670 1387 2732; x_wconf 87' lang='lat' dir='ltr'><strong>Marcus</strong></span> <span class='ocrx_word' id='word_1_230' title='bbox 1415 2682 1615 2732; x_wconf 86' lang='lat' dir='ltr'><strong>autem</strong></span> <span class='ocrx_word' id='word_1_231' title='bbox 1660 2674 1933 2735; x_wconf 89' lang='lat' dir='ltr'><strong>revoluto</strong></span> <span class='ocrx_word' id='word_1_232' title='bbox 1966 2675 2162 2756; x_wconf 88' lang='lat' dir='ltr'><strong>lapide</strong></span> 
     </span>
    </p>
   </div>
   <div class='ocr_carea' id='block_1_31' title="bbox 510 2753 2164 2843">
    <p class='ocr_par' dir='ltr' id='par_1_31' title="bbox 510 2753 2164 2843">
     <span class='ocr_line' id='line_1_32' title="bbox 510 2753 2164 2843; baseline 0.006 -29"><span class='ocrx_word' id='word_1_233' title='bbox 510 2753 815 2843; x_wconf 15' lang='lat' dir='ltr'><strong>sedererin</strong></span> <span class='ocrx_word' id='word_1_234' title='bbox 845 2754 1068 2817; x_wconf 84' lang='lat' dir='ltr'><strong>dextris</strong></span> <span class='ocrx_word' id='word_1_235' title='bbox 1120 2758 1273 2817; x_wconf 89' lang='lat' dir='ltr'><strong>intra</strong></span> <span class='ocrx_word' id='word_1_236' title='bbox 1304 2759 1665 2836; x_wconf 86' lang='lat' dir='ltr'><strong>sepulcrum,</strong></span> <span class='ocrx_word' id='word_1_237' title='bbox 1703 2762 1971 2843; x_wconf 91' lang='lat' dir='ltr'><strong>nunquid</strong></span> <span class='ocrx_word' id='word_1_238' title='bbox 2006 2753 2164 2826; x_wconf 77' lang='lat' dir='ltr'><strong>inter</strong></span> 
     </span>
    </p>
   </div>
   <div class='ocr_carea' id='block_1_32' title="bbox 2242 549 3892 632">
    <p class='ocr_par' dir='ltr' id='par_1_32' title="bbox 2242 549 3892 632">
     <span class='ocr_line' id='line_1_33' title="bbox 2242 549 3892 632; baseline 0.002 -26"><span class='ocrx_word' id='word_1_239' title='bbox 2242 549 2424 630; x_wconf 70' lang='grc' dir='ltr'>ἄρθρου</span> <span class='ocrx_word' id='word_1_240' title='bbox 2482 554 2567 607; x_wconf 72' lang='grc' dir='ltr'><strong>καὶ</strong></span> <span class='ocrx_word' id='word_1_241' title='bbox 2611 554 2644 619; x_wconf 70' lang='grc' dir='ltr'><strong>ἡ</strong></span> <span class='ocrx_word' id='word_1_242' title='bbox 2690 552 2863 630; x_wconf 76' lang='grc' dir='ltr'>ἡμέρα</span> <span class='ocrx_word' id='word_1_243' title='bbox 2906 552 3006 620; x_wconf 79' lang='grc' dir='ltr'><strong>ὅλη</strong></span> <span class='ocrx_word' id='word_1_244' title='bbox 3041 554 3361 632; x_wconf 71' lang='grc' dir='ltr'><strong>ἀριθμεῖται·</strong></span> <span class='ocrx_word' id='word_1_245' title='bbox 3414 549 3523 609; x_wconf 70' lang='grc' dir='ltr'>ἰδοὺ</span> <span class='ocrx_word' id='word_1_246' title='bbox 3554 554 3722 631; x_wconf 81' lang='grc' dir='ltr'>τρίτον</span> <span class='ocrx_word' id='word_1_247' title='bbox 3752 556 3892 630; x_wconf 73' lang='grc' dir='ltr'><strong>ἧμι-</strong></span> 
     </span>
    </p>
   </div>
   <div class='ocr_carea' id='block_1_33' title="bbox 2242 640 3893 719">
    <p class='ocr_par' dir='ltr' id='par_1_33' title="bbox 2242 640 3893 719">
     <span class='ocr_line' id='line_1_34' title="bbox 2242 640 3893 719; baseline 0.001 -24"><span class='ocrx_word' id='word_1_248' title='bbox 2242 642 2533 719; x_wconf 74' lang='grc' dir='ltr'>ρυνύκτιον,</span> <span class='ocrx_word' id='word_1_249' title='bbox 2595 644 2691 699; x_wconf 76' lang='grc' dir='ltr'>Καὶ</span> <span class='ocrx_word' id='word_1_250' title='bbox 2763 640 2937 705; x_wconf 71' lang='grc' dir='ltr'>ἄλλως</span> <span class='ocrx_word' id='word_1_251' title='bbox 3016 640 3070 698; x_wconf 79' lang='grc' dir='ltr'>δὲ</span> <span class='ocrx_word' id='word_1_252' title='bbox 3142 641 3354 699; x_wconf 82' lang='grc' dir='ltr'>δύνασαι</span> <span class='ocrx_word' id='word_1_253' title='bbox 3437 642 3731 719; x_wconf 77' lang='grc' dir='ltr'>ἀριθμῆσαι</span> <span class='ocrx_word' id='word_1_254' title='bbox 3802 646 3893 710; x_wconf 79' lang='grc' dir='ltr'><strong>τὰς</strong></span> 
     </span>
    </p>
   </div>
   <div class='ocr_carea' id='block_1_34' title="bbox 2243 728 3888 816">
    <p class='ocr_par' dir='ltr' id='par_1_34' title="bbox 2243 728 3888 816">
     <span class='ocr_line' id='line_1_35' title="bbox 2243 728 3888 816; baseline 0.002 -30"><span class='ocrx_word' id='word_1_255' title='bbox 2243 743 2385 807; x_wconf 75' lang='grc' dir='ltr'>τρεῖς</span> <span class='ocrx_word' id='word_1_256' title='bbox 2446 730 2649 808; x_wconf 73' lang='grc' dir='ltr'>ἡμέρας</span> <span class='ocrx_word' id='word_1_257' title='bbox 2683 750 2695 763; x_wconf 89' lang='grc'><strong>·</strong></span> <span class='ocrx_word' id='word_1_258' title='bbox 2733 734 2808 807; x_wconf 72' lang='grc' dir='ltr'>Τῇ</span> <span class='ocrx_word' id='word_1_259' title='bbox 2854 736 3162 808; x_wconf 76' lang='grc' dir='ltr'>παρασκευῇ</span> <span class='ocrx_word' id='word_1_260' title='bbox 3219 728 3490 802; x_wconf 77' lang='grc' dir='ltr'>παρέδωκε</span> <span class='ocrx_word' id='word_1_261' title='bbox 3548 734 3610 787; x_wconf 72' lang='grc' dir='ltr'>τὸ</span> <span class='ocrx_word' id='word_1_262' title='bbox 3662 739 3888 816; x_wconf 82' lang='grc' dir='ltr'>πνεῦμα,</span> 
     </span>
    </p>
   </div>
   <div class='ocr_carea' id='block_1_35' title="bbox 2242 816 3890 899">
    <p class='ocr_par' dir='ltr' id='par_1_35' title="bbox 2242 816 3890 899">
     <span class='ocr_line' id='line_1_36' title="bbox 2242 816 3890 899; baseline 0.003 -26"><span class='ocrx_word' id='word_1_263' title='bbox 2242 821 2336 893; x_wconf 87' lang='grc' dir='ltr'><strong>μία</strong></span> <span class='ocrx_word' id='word_1_264' title='bbox 2382 818 2511 885; x_wconf 75' lang='grc' dir='ltr'>αὕτη</span> <span class='ocrx_word' id='word_1_265' title='bbox 2572 819 2743 893; x_wconf 75' lang='grc' dir='ltr'>ἡμέρα</span> <span class='ocrx_word' id='word_1_266' title='bbox 2781 838 2794 850; x_wconf 90' lang='grc'><strong>·</strong></span> <span class='ocrx_word' id='word_1_267' title='bbox 2843 826 2919 893; x_wconf 86' lang='grc' dir='ltr'>τῷ</span> <span class='ocrx_word' id='word_1_268' title='bbox 2953 816 3209 892; x_wconf 73' lang='grc' dir='ltr'>Σαϐϐάτῳ</span> <span class='ocrx_word' id='word_1_269' title='bbox 3236 820 3305 884; x_wconf 76' lang='grc' dir='ltr'>ἦν</span> <span class='ocrx_word' id='word_1_270' title='bbox 3364 819 3418 874; x_wconf 72' lang='grc' dir='ltr'><strong>έν</strong></span> <span class='ocrx_word' id='word_1_271' title='bbox 3462 826 3538 894; x_wconf 81' lang='grc' dir='ltr'>τῷ</span> <span class='ocrx_word' id='word_1_272' title='bbox 3566 820 3739 899; x_wconf 70' lang='grc' dir='ltr'>τάφῳ,</span> <span class='ocrx_word' id='word_1_273' title='bbox 3770 816 3890 878; x_wconf 76' lang='grc' dir='ltr'>δευ-</span> 
     </span>
    </p>
   </div>
   <div class='ocr_carea' id='block_1_36' title="bbox 2241 906 3890 987">
    <p class='ocr_par' dir='ltr' id='par_1_36' title="bbox 2241 906 3890 987">
     <span class='ocr_line' id='line_1_37' title="bbox 2241 906 3890 987; baseline 0.001 -24"><span class='ocrx_word' id='word_1_274' title='bbox 2241 908 2364 979; x_wconf 84' lang='grc' dir='ltr'>τέρα</span> <span class='ocrx_word' id='word_1_275' title='bbox 2426 906 2555 974; x_wconf 64' lang='grc' dir='ltr'>αὕτη</span> <span class='ocrx_word' id='word_1_276' title='bbox 2612 909 2784 987; x_wconf 73' lang='grc' dir='ltr'>ἡμέρα</span> <span class='ocrx_word' id='word_1_277' title='bbox 2819 923 2831 936; x_wconf 92' lang='grc'><strong>⁸</strong></span> <span class='ocrx_word' id='word_1_278' title='bbox 2889 914 2955 984; x_wconf 74' lang='grc' dir='ltr'><strong>τῇ</strong></span> <span class='ocrx_word' id='word_1_279' title='bbox 2986 906 3039 963; x_wconf 73' lang='grc' dir='ltr'>δὲ</span> <span class='ocrx_word' id='word_1_280' title='bbox 3073 909 3215 963; x_wconf 87' lang='grc' dir='ltr'>νυκτὶ</span> <span class='ocrx_word' id='word_1_281' title='bbox 3245 911 3343 975; x_wconf 75' lang='grc' dir='ltr'>τῆς</span> <span class='ocrx_word' id='word_1_282' title='bbox 3378 908 3641 987; x_wconf 78' lang='grc' dir='ltr'>Κυριακῆς</span> <span class='ocrx_word' id='word_1_283' title='bbox 3674 908 3890 986; x_wconf 81' lang='grc' dir='ltr'>ἀνέστη,</span> 
     </span>
    </p>
   </div>
   <div class='ocr_carea' id='block_1_37' title="bbox 2244 994 3892 1076">
    <p class='ocr_par' dir='ltr' id='par_1_37' title="bbox 2244 994 3892 1076">
     <span class='ocr_line' id='line_1_38' title="bbox 2244 994 3892 1076; baseline 0.001 -25"><span class='ocrx_word' id='word_1_284' title='bbox 2244 994 2348 1052; x_wconf 79' lang='grc' dir='ltr'>ὰπὸ</span> <span class='ocrx_word' id='word_1_285' title='bbox 2406 997 2597 1075; x_wconf 85' lang='grc' dir='ltr'>μέρους</span> <span class='ocrx_word' id='word_1_286' title='bbox 2656 996 2742 1053; x_wconf 74' lang='grc' dir='ltr'>οὖν</span> <span class='ocrx_word' id='word_1_287' title='bbox 2804 997 3106 1076; x_wconf 79' lang='grc' dir='ltr'>ἀριθμεῖται</span> <span class='ocrx_word' id='word_1_288' title='bbox 3152 998 3239 1053; x_wconf 84' lang='grc' dir='ltr'><strong>καὶ</strong></span> <span class='ocrx_word' id='word_1_289' title='bbox 3285 999 3321 1066; x_wconf 76' lang='grc' dir='ltr'>ἡ</span> <span class='ocrx_word' id='word_1_290' title='bbox 3356 998 3592 1075; x_wconf 78' lang='grc' dir='ltr'>Κυριακὴ</span> <span class='ocrx_word' id='word_1_291' title='bbox 3622 998 3694 1062; x_wconf 75' lang='grc' dir='ltr'><strong>εἰς</strong></span> <span class='ocrx_word' id='word_1_292' title='bbox 3726 997 3892 1067; x_wconf 77' lang='grc' dir='ltr'>ἄλλην</span> 
     </span>
    </p>
   </div>
   <div class='ocr_carea' id='block_1_38' title="bbox 2240 1084 3895 1167">
    <p class='ocr_par' dir='ltr' id='par_1_38' title="bbox 2240 1084 3895 1167">
     <span class='ocr_line' id='line_1_39' title="bbox 2240 1084 3895 1167; baseline 0.004 -26"><span class='ocrx_word' id='word_1_293' title='bbox 2240 1086 2443 1164; x_wconf 76' lang='grc' dir='ltr'>ἡμέραν</span> <span class='ocrx_word' id='word_1_294' title='bbox 2478 1102 2493 1116; x_wconf 93' lang='grc'><strong>⁸</strong></span> <span class='ocrx_word' id='word_1_295' title='bbox 2555 1086 2691 1142; x_wconf 82' lang='grc' dir='ltr'>ὥστε</span> <span class='ocrx_word' id='word_1_296' title='bbox 2746 1084 2854 1144; x_wconf 79' lang='grc' dir='ltr'>ἰδοὺ</span> <span class='ocrx_word' id='word_1_297' title='bbox 2905 1100 3051 1166; x_wconf 81' lang='grc' dir='ltr'>τρεῖς</span> <span class='ocrx_word' id='word_1_298' title='bbox 3112 1087 3309 1166; x_wconf 79' lang='grc' dir='ltr'><strong>ἡμέραι</strong></span> <span class='ocrx_word' id='word_1_299' title='bbox 3346 1108 3361 1124; x_wconf 78' lang='grc' dir='ltr'><strong>ο</strong></span> <span class='ocrx_word' id='word_1_300' title='bbox 3407 1089 3495 1144; x_wconf 85' lang='grc' dir='ltr'><strong>καὶ</strong></span> <span class='ocrx_word' id='word_1_301' title='bbox 3552 1089 3651 1167; x_wconf 78' lang='grc' dir='ltr'><strong>γὰρ</strong></span> <span class='ocrx_word' id='word_1_302' title='bbox 3695 1090 3782 1145; x_wconf 76' lang='grc' dir='ltr'>καὶ</span> <span class='ocrx_word' id='word_1_303' title='bbox 3811 1092 3895 1147; x_wconf 70' lang='grc' dir='ltr'>επὶ</span> 
     </span>
    </p>
   </div>
   <div class='ocr_carea' id='block_1_39' title="bbox 2241 1174 3894 1255">
    <p class='ocr_par' dir='ltr' id='par_1_39' title="bbox 2241 1174 3894 1255">
     <span class='ocr_line' id='line_1_40' title="bbox 2241 1174 3894 1255; baseline 0.002 -25"><span class='ocrx_word' id='word_1_304' title='bbox 2241 1180 2346 1230; x_wconf 82' lang='grc' dir='ltr'>τῶν</span> <span class='ocrx_word' id='word_1_305' title='bbox 2391 1174 2827 1250; x_wconf 75' lang='grc' dir='ltr'><strong>κεκοιμημένων,</strong></span> <span class='ocrx_word' id='word_1_306' title='bbox 2901 1178 2993 1233; x_wconf 62' lang='lat' dir='ltr'><strong>hev</strong></span> <span class='ocrx_word' id='word_1_307' title='bbox 3050 1176 3287 1253; x_wconf 74' lang='grc' dir='ltr'>ἀποθάνῃ</span> <span class='ocrx_word' id='word_1_308' title='bbox 3345 1198 3422 1239; x_wconf 84' lang='grc' dir='ltr'><strong>τις</strong></span> <span class='ocrx_word' id='word_1_309' title='bbox 3484 1177 3602 1255; x_wconf 85' lang='grc' dir='ltr'>περὶ</span> <span class='ocrx_word' id='word_1_310' title='bbox 3669 1176 3894 1246; x_wconf 81' lang='grc' dir='ltr'>δεκάτην</span> 
     </span>
    </p>
   </div>
   <div class='ocr_carea' id='block_1_40' title="bbox 2242 1263 3895 1346">
    <p class='ocr_par' dir='ltr' id='par_1_40' title="bbox 2242 1263 3895 1346">
     <span class='ocr_line' id='line_1_41' title="bbox 2242 1263 3895 1346; baseline 0.001 -25"><span class='ocrx_word' id='word_1_311' title='bbox 2242 1264 2383 1343; x_wconf 83' lang='grc' dir='ltr'>ὥραν</span> <span class='ocrx_word' id='word_1_312' title='bbox 2437 1269 2536 1330; x_wconf 78' lang='grc' dir='ltr'>τῆς</span> <span class='ocrx_word' id='word_1_313' title='bbox 2589 1263 2815 1345; x_wconf 70' lang='grc' dir='ltr'>ἡμέρας,</span> <span class='ocrx_word' id='word_1_314' title='bbox 2855 1266 2942 1321; x_wconf 86' lang='grc' dir='ltr'>καὶ</span> <span class='ocrx_word' id='word_1_315' title='bbox 2988 1264 3167 1342; x_wconf 72' lang='grc' dir='ltr'>ἔτερος</span> <span class='ocrx_word' id='word_1_316' title='bbox 3224 1267 3338 1345; x_wconf 87' lang='grc' dir='ltr'>περὶ</span> <span class='ocrx_word' id='word_1_317' title='bbox 3365 1266 3585 1343; x_wconf 82' lang='grc' dir='ltr'>πρώτην</span> <span class='ocrx_word' id='word_1_318' title='bbox 3613 1266 3754 1346; x_wconf 82' lang='grc' dir='ltr'>ὥραν</span> <span class='ocrx_word' id='word_1_319' title='bbox 3797 1270 3895 1335; x_wconf 78' lang='grc' dir='ltr'>τῆς</span> 
     </span>
    </p>
   </div>
   <div class='ocr_carea' id='block_1_41' title="bbox 2243 1352 3895 1435">
    <p class='ocr_par' dir='ltr' id='par_1_41' title="bbox 2243 1352 3895 1435">
     <span class='ocr_line' id='line_1_42' title="bbox 2243 1352 3895 1435; baseline 0 -26"><span class='ocrx_word' id='word_1_320' title='bbox 2243 1357 2407 1420; x_wconf 79' lang='grc' dir='ltr'>αὐτῆς</span> <span class='ocrx_word' id='word_1_321' title='bbox 2436 1352 2662 1430; x_wconf 73' lang='grc' dir='ltr'>ἡμέρας,</span> <span class='ocrx_word' id='word_1_322' title='bbox 2725 1354 3014 1435; x_wconf 74' lang='grc' dir='ltr'>ἀμφότεροι</span> <span class='ocrx_word' id='word_1_323' title='bbox 3075 1353 3130 1408; x_wconf 77' lang='grc' dir='ltr'><strong>έν</strong></span> <span class='ocrx_word' id='word_1_324' title='bbox 3187 1361 3255 1430; x_wconf 80' lang='grc' dir='ltr'><strong>τῇ</strong></span> <span class='ocrx_word' id='word_1_325' title='bbox 3315 1358 3448 1431; x_wconf 72' lang='grc' dir='ltr'>αὐτῇ</span> <span class='ocrx_word' id='word_1_326' title='bbox 3499 1355 3671 1435; x_wconf 78' lang='grc' dir='ltr'>ἡμέρα</span> <span class='ocrx_word' id='word_1_327' title='bbox 3701 1354 3895 1434; x_wconf 79' lang='grc' dir='ltr'>λέγον-</span> 
     </span>
    </p>
   </div>
   <div class='ocr_carea' id='block_1_42' title="bbox 2241 1440 3892 1522">
    <p class='ocr_par' dir='ltr' id='par_1_42' title="bbox 2241 1440 3892 1522">
     <span class='ocr_line' id='line_1_43' title="bbox 2241 1440 3892 1522; baseline 0.002 -25"><span class='ocrx_word' id='word_1_328' title='bbox 2241 1462 2327 1498; x_wconf 91' lang='grc' dir='ltr'><strong>ται</strong></span> <span class='ocrx_word' id='word_1_329' title='bbox 2378 1444 2638 1503; x_wconf 69' lang='grc' dir='ltr'>τεθνάναι.</span> <span class='ocrx_word' id='word_1_330' title='bbox 2700 1440 2880 1522; x_wconf 61' lang='lat' dir='ltr'><strong>&quot;Exue</strong></span> <span class='ocrx_word' id='word_1_331' title='bbox 2931 1464 3013 1501; x_wconf 92' lang='grc' dir='ltr'><strong>σοι</strong></span> <span class='ocrx_word' id='word_1_332' title='bbox 3057 1444 3146 1498; x_wconf 82' lang='grc' dir='ltr'><strong>καὶ</strong></span> <span class='ocrx_word' id='word_1_333' title='bbox 3204 1441 3377 1509; x_wconf 79' lang='grc' dir='ltr'>ἄλλην</span> <span class='ocrx_word' id='word_1_334' title='bbox 3420 1444 3587 1499; x_wconf 80' lang='grc' dir='ltr'>αἰτίαν</span> <span class='ocrx_word' id='word_1_335' title='bbox 3616 1446 3790 1501; x_wconf 75' lang='grc' dir='ltr'>εἰπεῖν</span> <span class='ocrx_word' id='word_1_336' title='bbox 3821 1446 3892 1507; x_wconf 74' lang='grc' dir='ltr'>εἷς</span> 
     </span>
    </p>
   </div>
   <div class='ocr_carea' id='block_1_43' title="bbox 2241 1530 3892 1611">
    <p class='ocr_par' dir='ltr' id='par_1_43' title="bbox 2241 1530 3892 1611">
     <span class='ocr_line' id='line_1_44' title="bbox 2241 1530 3892 1611; baseline 0 -24"><span class='ocrx_word' id='word_1_337' title='bbox 2241 1538 2419 1610; x_wconf 83' lang='grc' dir='ltr'>τοῦτο,</span> <span class='ocrx_word' id='word_1_338' title='bbox 2478 1533 2592 1593; x_wconf 73' lang='grc' dir='ltr'>πῶς</span> <span class='ocrx_word' id='word_1_339' title='bbox 2651 1544 2794 1609; x_wconf 81' lang='grc' dir='ltr'>τρεῖς</span> <span class='ocrx_word' id='word_1_340' title='bbox 2826 1530 3018 1608; x_wconf 80' lang='grc' dir='ltr'>ἡμέραι</span> <span class='ocrx_word' id='word_1_341' title='bbox 3065 1532 3153 1587; x_wconf 80' lang='grc' dir='ltr'><strong>καὶ</strong></span> <span class='ocrx_word' id='word_1_342' title='bbox 3194 1544 3340 1609; x_wconf 66' lang='grc' dir='ltr'>τρεῖς</span> <span class='ocrx_word' id='word_1_343' title='bbox 3372 1532 3552 1594; x_wconf 82' lang='grc' dir='ltr'>νύκτες</span> <span class='ocrx_word' id='word_1_344' title='bbox 3596 1532 3892 1611; x_wconf 64' lang='grc' dir='ltr'>ἀριθμηθή-</span> 
     </span>
    </p>
   </div>
   <div class='ocr_carea' id='block_1_44' title="bbox 2242 1620 3899 1700">
    <p class='ocr_par' dir='ltr' id='par_1_44' title="bbox 2242 1620 3899 1700">
     <span class='ocr_line' id='line_1_45' title="bbox 2242 1620 3899 1700; baseline 0.001 -25"><span class='ocrx_word' id='word_1_345' title='bbox 2242 1642 2446 1681; x_wconf 82' lang='grc' dir='ltr'>σονται.</span> <span class='ocrx_word' id='word_1_346' title='bbox 2511 1620 2751 1700; x_wconf 85' lang='grc' dir='ltr'>ΙῙρόσεχε</span> <span class='ocrx_word' id='word_1_347' title='bbox 2808 1633 2894 1677; x_wconf 88' lang='grc' dir='ltr'><strong>οῖν</strong></span> <span class='ocrx_word' id='word_1_348' title='bbox 2928 1639 2944 1655; x_wconf 85' lang='grc'>⁶</span> <span class='ocrx_word' id='word_1_349' title='bbox 2994 1625 3072 1697; x_wconf 78' lang='grc' dir='ltr'><strong>Τῇ</strong></span> <span class='ocrx_word' id='word_1_350' title='bbox 3114 1620 3336 1696; x_wconf 72' lang='grc' dir='ltr'>πέμπτῃ</span> <span class='ocrx_word' id='word_1_351' title='bbox 3390 1620 3614 1699; x_wconf 64' lang='grc' dir='ltr'>ἑσπέρας</span> <span class='ocrx_word' id='word_1_352' title='bbox 3672 1621 3899 1695; x_wconf 65' lang='grc' dir='ltr'>ἐποίησε</span> 
     </span>
    </p>
   </div>
   <div class='ocr_carea' id='block_1_45' title="bbox 2245 1706 3900 1787">
    <p class='ocr_par' dir='ltr' id='par_1_45' title="bbox 2245 1706 3900 1787">
     <span class='ocr_line' id='line_1_46' title="bbox 2245 1706 3900 1787; baseline 0.001 -22"><span class='ocrx_word' id='word_1_353' title='bbox 2245 1710 2306 1765; x_wconf 77' lang='grc' dir='ltr'>τὸ</span> <span class='ocrx_word' id='word_1_354' title='bbox 2336 1706 2553 1765; x_wconf 87' lang='grc' dir='ltr'>δεῖπνον</span> <span class='ocrx_word' id='word_1_355' title='bbox 2582 1710 2610 1764; x_wconf 75' lang='grc' dir='ltr'>ὃ</span> <span class='ocrx_word' id='word_1_356' title='bbox 2646 1710 2857 1786; x_wconf 82' lang='grc' dir='ltr'>Κύριος,</span> <span class='ocrx_word' id='word_1_357' title='bbox 2890 1709 2977 1764; x_wconf 84' lang='grc' dir='ltr'><strong>καὶ</strong></span> <span class='ocrx_word' id='word_1_358' title='bbox 3008 1722 3124 1766; x_wconf 79' lang='grc' dir='ltr'>τοῖς</span> <span class='ocrx_word' id='word_1_359' title='bbox 3156 1712 3425 1783; x_wconf 84' lang='grc' dir='ltr'>μαθηταῖς</span> <span class='ocrx_word' id='word_1_360' title='bbox 3479 1707 3629 1787; x_wconf 72' lang='grc' dir='ltr'>ἔλεγε</span> <span class='ocrx_word' id='word_1_361' title='bbox 3662 1725 3678 1742; x_wconf 92' lang='grc'><strong>⁸</strong></span> <span class='ocrx_word' id='word_1_362' title='bbox 3719 1731 3743 1765; x_wconf 82' lang='grc' dir='ltr'><strong>ε</strong></span> <span class='ocrx_word' id='word_1_363' title='bbox 3785 1710 3900 1768; x_wconf 82' lang='grc' dir='ltr'><strong>Λά-</strong></span> 
     </span>
    </p>
   </div>
   <div class='ocr_carea' id='block_1_46' title="bbox 2246 1794 3930 1877">
    <p class='ocr_par' dir='ltr' id='par_1_46' title="bbox 2246 1794 3930 1877">
     <span class='ocr_line' id='line_1_47' title="bbox 2246 1794 3930 1877; baseline 0.001 -26"><span class='ocrx_word' id='word_1_364' title='bbox 2246 1794 2389 1870; x_wconf 77' lang='grc' dir='ltr'>ϐετε,</span> <span class='ocrx_word' id='word_1_365' title='bbox 2449 1797 2644 1877; x_wconf 75' lang='grc' dir='ltr'>φάγετε</span> <span class='ocrx_word' id='word_1_366' title='bbox 2687 1798 2749 1852; x_wconf 83' lang='grc' dir='ltr'>τὸ</span> <span class='ocrx_word' id='word_1_367' title='bbox 2790 1797 2946 1870; x_wconf 77' lang='grc' dir='ltr'>σῶμά</span> <span class='ocrx_word' id='word_1_368' title='bbox 2999 1820 3103 1871; x_wconf 89' lang='grc' dir='ltr'><strong>μου</strong></span> <span class='ocrx_word' id='word_1_369' title='bbox 3133 1814 3151 1832; x_wconf 91' lang='grc'><strong>⁸</strong></span> <span class='ocrx_word' id='word_1_370' title='bbox 3216 1820 3243 1851; x_wconf 74' lang='grc' dir='ltr'><strong><em>ι</em></strong></span> <span class='ocrx_word' id='word_1_371' title='bbox 3307 1796 3445 1854; x_wconf 84' lang='grc' dir='ltr'>ὥστε</span> <span class='ocrx_word' id='word_1_372' title='bbox 3502 1797 3616 1854; x_wconf 72' lang='grc' dir='ltr'>ἐπεὶ</span> <span class='ocrx_word' id='word_1_373' title='bbox 3666 1796 3930 1870; x_wconf 73' lang='grc' dir='ltr'><strong>έξουσίαν⁸</strong></span> 
     </span>
    </p>
   </div>
   <div class='ocr_carea' id='block_1_47' title="bbox 2246 1884 3902 1965">
    <p class='ocr_par' dir='ltr' id='par_1_47' title="bbox 2246 1884 3902 1965">
     <span class='ocr_line' id='line_1_48' title="bbox 2246 1884 3902 1965; baseline 0.002 -24"><span class='ocrx_word' id='word_1_374' title='bbox 2246 1889 2402 1963; x_wconf 81' lang='grc' dir='ltr'>εἶχεν</span> <span class='ocrx_word' id='word_1_375' title='bbox 2430 1884 2521 1965; x_wconf 73' lang='grc' dir='ltr'><strong>ἀφ’</strong></span> <span class='ocrx_word' id='word_1_376' title='bbox 2553 1886 2740 1941; x_wconf 78' lang='grc' dir='ltr'>ἑαυτου</span> <span class='ocrx_word' id='word_1_377' title='bbox 2790 1888 2959 1942; x_wconf 83' lang='grc' dir='ltr'>θεῖναι</span> <span class='ocrx_word' id='word_1_378' title='bbox 3006 1886 3105 1953; x_wconf 77' lang='grc' dir='ltr'><strong>σὴν</strong></span> <span class='ocrx_word' id='word_1_379' title='bbox 3159 1887 3343 1965; x_wconf 77' lang='grc' dir='ltr'>ψυχὴν</span> <span class='ocrx_word' id='word_1_380' title='bbox 3386 1886 3565 1961; x_wconf 68' lang='grc' dir='ltr'>αὐτοῦ,</span> <span class='ocrx_word' id='word_1_381' title='bbox 3600 1885 3760 1955; x_wconf 73' lang='grc' dir='ltr'>δῆλον</span> <span class='ocrx_word' id='word_1_382' title='bbox 3820 1888 3902 1944; x_wconf 83' lang='grc' dir='ltr'>ὅτι</span> 
     </span>
    </p>
   </div>
   <div class='ocr_carea' id='block_1_48' title="bbox 2245 1972 3902 2054">
    <p class='ocr_par' dir='ltr' id='par_1_48' title="bbox 2245 1972 3902 2054">
     <span class='ocr_line' id='line_1_49' title="bbox 2245 1972 3902 2054; baseline 0.003 -25"><span class='ocrx_word' id='word_1_383' title='bbox 2245 1974 2425 2030; x_wconf 77' lang='grc' dir='ltr'>ἔκτοτε</span> <span class='ocrx_word' id='word_1_384' title='bbox 2484 1972 2779 2054; x_wconf 71' lang='grc' dir='ltr'>ἀπέσφαξεν</span> <span class='ocrx_word' id='word_1_385' title='bbox 2838 1976 3049 2053; x_wconf 76' lang='grc' dir='ltr'>ἑαυτὸν,</span> <span class='ocrx_word' id='word_1_386' title='bbox 3108 1973 3197 2054; x_wconf 67' lang='grc' dir='ltr'><strong>ἀφ’</strong></span> <span class='ocrx_word' id='word_1_387' title='bbox 3258 1976 3318 2033; x_wconf 83' lang='grc' dir='ltr'>οὗ</span> <span class='ocrx_word' id='word_1_388' title='bbox 3372 1973 3587 2034; x_wconf 81' lang='grc' dir='ltr'>διεδίδου</span> <span class='ocrx_word' id='word_1_389' title='bbox 3644 1990 3765 2040; x_wconf 84' lang='grc' dir='ltr'>τοῖς</span> <span class='ocrx_word' id='word_1_390' title='bbox 3824 1979 3902 2034; x_wconf 75' lang='grc' dir='ltr'><strong>οἱ·</strong></span> 
     </span>
    </p>
   </div>
   <div class='ocr_carea' id='block_1_49' title="bbox 2242 2062 3903 2143">
    <p class='ocr_par' dir='ltr' id='par_1_49' title="bbox 2242 2062 3903 2143">
     <span class='ocr_line' id='line_1_50' title="bbox 2242 2062 3903 2143; baseline 0.001 -24"><span class='ocrx_word' id='word_1_391' title='bbox 2242 2064 2403 2128; x_wconf 85' lang='grc' dir='ltr'>κείοις</span> <span class='ocrx_word' id='word_1_392' title='bbox 2462 2066 2731 2137; x_wconf 83' lang='grc' dir='ltr'>μαθηταῖς</span> <span class='ocrx_word' id='word_1_393' title='bbox 2791 2066 2853 2120; x_wconf 78' lang='grc' dir='ltr'>τὸ</span> <span class='ocrx_word' id='word_1_394' title='bbox 2892 2070 3047 2139; x_wconf 82' lang='grc' dir='ltr'>σῶμα</span> <span class='ocrx_word' id='word_1_395' title='bbox 3085 2083 3096 2095; x_wconf 89' lang='grc'><em>’</em></span> <span class='ocrx_word' id='word_1_396' title='bbox 3162 2062 3325 2130; x_wconf 66' lang='grc' dir='ltr'>οὐδεὶς</span> <span class='ocrx_word' id='word_1_397' title='bbox 3369 2066 3469 2143; x_wconf 76' lang='grc' dir='ltr'>γὰρ</span> <span class='ocrx_word' id='word_1_398' title='bbox 3518 2066 3673 2123; x_wconf 72' lang='grc' dir='ltr'>έσθίει</span> <span class='ocrx_word' id='word_1_399' title='bbox 3706 2088 3786 2137; x_wconf 89' lang='grc' dir='ltr'><strong>τι,</strong></span> <span class='ocrx_word' id='word_1_400' title='bbox 3812 2066 3903 2122; x_wconf 56' lang='lat' dir='ltr'><strong>liv</strong></span> 
     </span>
    </p>
   </div>
   <div class='ocr_carea' id='block_1_50' title="bbox 2248 2150 3903 2232">
    <p class='ocr_par' dir='ltr' id='par_1_50' title="bbox 2248 2150 3903 2232">
     <span class='ocr_line' id='line_1_51' title="bbox 2248 2150 3903 2232; baseline 0.004 -25"><span class='ocrx_word' id='word_1_401' title='bbox 2248 2154 2323 2227; x_wconf 77' lang='grc' dir='ltr'><strong>μὴ</strong></span> <span class='ocrx_word' id='word_1_402' title='bbox 2384 2154 2637 2231; x_wconf 85' lang='grc' dir='ltr'>πρότερον</span> <span class='ocrx_word' id='word_1_403' title='bbox 2690 2152 3021 2232; x_wconf 66' lang='grc' dir='ltr'>ἱσφαγμένον</span> <span class='ocrx_word' id='word_1_404' title='bbox 3076 2150 3193 2219; x_wconf 75' lang='grc' dir='ltr'>εἴη,</span> <span class='ocrx_word' id='word_1_405' title='bbox 3268 2150 3587 2232; x_wconf 79' lang='grc' dir='ltr'>Ἀρίθμησον</span> <span class='ocrx_word' id='word_1_406' title='bbox 3646 2156 3759 2211; x_wconf 76' lang='grc' dir='ltr'>οὖν’</span> <span class='ocrx_word' id='word_1_407' title='bbox 3824 2160 3903 2229; x_wconf 79' lang='grc' dir='ltr'>Τῇ</span> 
     </span>
    </p>
   </div>
   <div class='ocr_carea' id='block_1_51' title="bbox 2248 2239 3899 2321">
    <p class='ocr_par' dir='ltr' id='par_1_51' title="bbox 2248 2239 3899 2321">
     <span class='ocr_line' id='line_1_52' title="bbox 2248 2239 3899 2321; baseline 0.001 -25"><span class='ocrx_word' id='word_1_408' title='bbox 2248 2242 2439 2321; x_wconf 75' lang='grc' dir='ltr'>ἑσπέρᾳ</span> <span class='ocrx_word' id='word_1_409' title='bbox 2470 2240 2595 2321; x_wconf 68' lang='grc' dir='ltr'><strong>(3ο)</strong></span> <span class='ocrx_word' id='word_1_410' title='bbox 2625 2239 2841 2297; x_wconf 82' lang='grc' dir='ltr'>διεδίδου</span> <span class='ocrx_word' id='word_1_411' title='bbox 2883 2247 2943 2297; x_wconf 83' lang='grc' dir='ltr'>τὸ</span> <span class='ocrx_word' id='word_1_412' title='bbox 3000 2244 3199 2298; x_wconf 72' lang='grc' dir='ltr'>οἰκεῖον</span> <span class='ocrx_word' id='word_1_413' title='bbox 3256 2248 3413 2318; x_wconf 86' lang='grc' dir='ltr'>σῶμα</span> <span class='ocrx_word' id='word_1_414' title='bbox 3446 2259 3460 2273; x_wconf 89' lang='grc'><strong>⁸</strong></span> <span class='ocrx_word' id='word_1_415' title='bbox 3516 2245 3550 2310; x_wconf 80' lang='grc' dir='ltr'>ἡ</span> <span class='ocrx_word' id='word_1_416' title='bbox 3582 2241 3667 2309; x_wconf 77' lang='grc' dir='ltr'><strong>νὺξ</strong></span> <span class='ocrx_word' id='word_1_417' title='bbox 3696 2242 3899 2316; x_wconf 75' lang='grc' dir='ltr'>έκείνη,</span> 
     </span>
    </p>
   </div>
   <div class='ocr_carea' id='block_1_52' title="bbox 2248 2330 3901 2414">
    <p class='ocr_par' dir='ltr' id='par_1_52' title="bbox 2248 2330 3901 2414">
     <span class='ocr_line' id='line_1_53' title="bbox 2248 2330 3901 2414; baseline 0.001 -27"><span class='ocrx_word' id='word_1_418' title='bbox 2248 2334 2333 2387; x_wconf 72' lang='grc' dir='ltr'>καὶ</span> <span class='ocrx_word' id='word_1_419' title='bbox 2376 2334 2409 2400; x_wconf 74' lang='grc' dir='ltr'>ἡ</span> <span class='ocrx_word' id='word_1_420' title='bbox 2470 2332 2641 2411; x_wconf 72' lang='grc' dir='ltr'>ἡμέρα</span> <span class='ocrx_word' id='word_1_421' title='bbox 2684 2332 2782 2401; x_wconf 73' lang='grc' dir='ltr'>τῆς</span> <span class='ocrx_word' id='word_1_422' title='bbox 2827 2336 3169 2411; x_wconf 63' lang='grc' dir='ltr'>Παραηευῆς</span> <span class='ocrx_word' id='word_1_423' title='bbox 3224 2330 3351 2414; x_wconf 72' lang='grc' dir='ltr'>ἄχρι</span> <span class='ocrx_word' id='word_1_424' title='bbox 3412 2337 3511 2402; x_wconf 76' lang='grc' dir='ltr'>τῆς</span> <span class='ocrx_word' id='word_1_425' title='bbox 3542 2334 3701 2401; x_wconf 73' lang='grc' dir='ltr'>ἕκτης</span> <span class='ocrx_word' id='word_1_426' title='bbox 3735 2331 3901 2414; x_wconf 74' lang='grc' dir='ltr'>ὥρας,</span> 
     </span>
    </p>
   </div>
   <div class='ocr_carea' id='block_1_53' title="bbox 2246 2419 3905 2503">
    <p class='ocr_par' dir='ltr' id='par_1_53' title="bbox 2246 2419 3905 2503">
     <span class='ocr_line' id='line_1_54' title="bbox 2246 2419 3905 2503; baseline 0.002 -28"><span class='ocrx_word' id='word_1_427' title='bbox 2246 2419 2353 2476; x_wconf 67' lang='grc' dir='ltr'>ἰδοὺ</span> <span class='ocrx_word' id='word_1_428' title='bbox 2411 2423 2463 2478; x_wconf 82' lang='grc' dir='ltr'><strong>’ἐν</strong></span> <span class='ocrx_word' id='word_1_429' title='bbox 2514 2423 2891 2499; x_wconf 75' lang='grc' dir='ltr'>ἡμερονόκτιον</span> <span class='ocrx_word' id='word_1_430' title='bbox 2926 2437 2941 2457; x_wconf 77' lang='grc'><strong>⁸</strong></span> <span class='ocrx_word' id='word_1_431' title='bbox 2978 2420 3138 2478; x_wconf 77' lang='grc' dir='ltr'>πάλιν</span> <span class='ocrx_word' id='word_1_432' title='bbox 3168 2423 3226 2477; x_wconf 80' lang='grc' dir='ltr'>τὸ</span> <span class='ocrx_word' id='word_1_433' title='bbox 3255 2424 3361 2478; x_wconf 83' lang='grc' dir='ltr'>ἀπὸ</span> <span class='ocrx_word' id='word_1_434' title='bbox 3412 2428 3510 2490; x_wconf 83' lang='grc' dir='ltr'>τῆς</span> <span class='ocrx_word' id='word_1_435' title='bbox 3554 2423 3715 2490; x_wconf 80' lang='grc' dir='ltr'>ἕκτης</span> <span class='ocrx_word' id='word_1_436' title='bbox 3764 2425 3905 2503; x_wconf 84' lang='grc' dir='ltr'>ὢρας</span> 
     </span>
    </p>
   </div>
   <div class='ocr_carea' id='block_1_54' title="bbox 2248 2510 3905 2593">
    <p class='ocr_par' dir='ltr' id='par_1_54' title="bbox 2248 2510 3905 2593">
     <span class='ocr_line' id='line_1_55' title="bbox 2248 2510 3905 2593; baseline 0.004 -29"><span class='ocrx_word' id='word_1_437' title='bbox 2248 2512 2435 2574; x_wconf 84' lang='grc' dir='ltr'>σκότος</span> <span class='ocrx_word' id='word_1_438' title='bbox 2486 2510 2587 2574; x_wconf 71' lang='grc' dir='ltr'>ἕως</span> <span class='ocrx_word' id='word_1_439' title='bbox 2640 2511 2734 2578; x_wconf 77' lang='grc' dir='ltr'><strong>τῆς</strong></span> <span class='ocrx_word' id='word_1_440' title='bbox 2766 2511 3009 2587; x_wconf 77' lang='grc' dir='ltr'>ἐννάτης,</span> <span class='ocrx_word' id='word_1_441' title='bbox 3042 2513 3130 2568; x_wconf 83' lang='grc' dir='ltr'><strong>καὶ</strong></span> <span class='ocrx_word' id='word_1_442' title='bbox 3158 2513 3219 2569; x_wconf 83' lang='grc' dir='ltr'>τὸ</span> <span class='ocrx_word' id='word_1_443' title='bbox 3250 2512 3355 2568; x_wconf 84' lang='grc' dir='ltr'>ἀπό</span> <span class='ocrx_word' id='word_1_444' title='bbox 3384 2517 3483 2579; x_wconf 82' lang='grc' dir='ltr'>τῆς</span> <span class='ocrx_word' id='word_1_445' title='bbox 3524 2513 3750 2580; x_wconf 69' lang='grc' dir='ltr'>ὶννάτης</span> <span class='ocrx_word' id='word_1_446' title='bbox 3794 2516 3905 2593; x_wconf 78' lang='grc' dir='ltr'>φῶς</span> 
     </span>
    </p>
   </div>
   <div class='ocr_carea' id='block_1_55' title="bbox 2246 2598 3907 2679">
    <p class='ocr_par' dir='ltr' id='par_1_55' title="bbox 2246 2598 3907 2679">
     <span class='ocr_line' id='line_1_56' title="bbox 2246 2598 3907 2679; baseline 0.002 -26"><span class='ocrx_word' id='word_1_447' title='bbox 2246 2598 2346 2663; x_wconf 79' lang='grc' dir='ltr'><strong>ἕως</strong></span> <span class='ocrx_word' id='word_1_448' title='bbox 2404 2604 2501 2666; x_wconf 79' lang='grc' dir='ltr'>τῆς</span> <span class='ocrx_word' id='word_1_449' title='bbox 2557 2601 2805 2678; x_wconf 77' lang='grc' dir='ltr'>ἑσπέρας,</span> <span class='ocrx_word' id='word_1_450' title='bbox 2850 2598 2959 2657; x_wconf 73' lang='grc' dir='ltr'>ἰδοὺ</span> <span class='ocrx_word' id='word_1_451' title='bbox 3004 2598 3239 2679; x_wconf 78' lang='grc' dir='ltr'>δεύτερον</span> <span class='ocrx_word' id='word_1_452' title='bbox 3271 2602 3650 2679; x_wconf 79' lang='grc' dir='ltr'>ἡμερονύκτιον</span> <span class='ocrx_word' id='word_1_453' title='bbox 3684 2616 3699 2631; x_wconf 92' lang='grc'><strong>⁸</strong></span> <span class='ocrx_word' id='word_1_454' title='bbox 3736 2604 3774 2671; x_wconf 78' lang='grc' dir='ltr'><strong>ἡ</strong></span> <span class='ocrx_word' id='word_1_455' title='bbox 3822 2598 3907 2665; x_wconf 76' lang='grc' dir='ltr'><strong>νὺξ</strong></span> 
     </span>
    </p>
   </div>
   <div class='ocr_carea' id='block_1_56' title="bbox 2246 2687 3907 2770">
    <p class='ocr_par' dir='ltr' id='par_1_56' title="bbox 2246 2687 3907 2770">
     <span class='ocr_line' id='line_1_57' title="bbox 2246 2687 3907 2770; baseline 0.002 -27"><span class='ocrx_word' id='word_1_456' title='bbox 2246 2687 2403 2745; x_wconf 80' lang='grc' dir='ltr'>πάλιν</span> <span class='ocrx_word' id='word_1_457' title='bbox 2454 2691 2487 2758; x_wconf 82' lang='grc' dir='ltr'>ἡ</span> <span class='ocrx_word' id='word_1_458' title='bbox 2533 2690 2667 2765; x_wconf 78' lang='grc' dir='ltr'>μετὰ</span> <span class='ocrx_word' id='word_1_459' title='bbox 2696 2690 2795 2755; x_wconf 70' lang='grc' dir='ltr'>τὴν</span> <span class='ocrx_word' id='word_1_460' title='bbox 2828 2689 3194 2769; x_wconf 74' lang='grc' dir='ltr'>Παρασκευῆν,</span> <span class='ocrx_word' id='word_1_461' title='bbox 3227 2692 3315 2745; x_wconf 80' lang='grc' dir='ltr'><strong>καὶ</strong></span> <span class='ocrx_word' id='word_1_462' title='bbox 3343 2691 3378 2758; x_wconf 80' lang='grc' dir='ltr'>ἡ</span> <span class='ocrx_word' id='word_1_463' title='bbox 3422 2689 3595 2770; x_wconf 79' lang='grc' dir='ltr'>ἡμέρα</span> <span class='ocrx_word' id='word_1_464' title='bbox 3627 2698 3721 2748; x_wconf 81' lang='grc' dir='ltr'>τοῦ</span> <span class='ocrx_word' id='word_1_465' title='bbox 3755 2687 3907 2746; x_wconf 80' lang='grc' dir='ltr'>Σαϐ-</span> 
     </span>
    </p>
   </div>
   <div class='ocr_carea' id='block_1_57' title="bbox 2250 2775 3906 2857">
    <p class='ocr_par' dir='ltr' id='par_1_57' title="bbox 2250 2775 3906 2857">
     <span class='ocr_line' id='line_1_58' title="bbox 2250 2775 3906 2857; baseline 0.002 -25"><span class='ocrx_word' id='word_1_466' title='bbox 2250 2776 2431 2857; x_wconf 78' lang='grc' dir='ltr'>ϐάτου,</span> <span class='ocrx_word' id='word_1_467' title='bbox 2490 2777 2596 2835; x_wconf 57' lang='lat' dir='ltr'><strong>tam</strong></span> <span class='ocrx_word' id='word_1_468' title='bbox 2654 2778 2825 2857; x_wconf 87' lang='grc' dir='ltr'>τρίτον</span> <span class='ocrx_word' id='word_1_469' title='bbox 2882 2778 3283 2856; x_wconf 75' lang='grc' dir='ltr'>ἡμερονύκτιον,</span> <span class='ocrx_word' id='word_1_470' title='bbox 3350 2775 3609 2853; x_wconf 77' lang='grc' dir='ltr'>Σαϐϐάτῳ</span> <span class='ocrx_word' id='word_1_471' title='bbox 3678 2777 3735 2835; x_wconf 68' lang='grc' dir='ltr'><strong>δέ</strong></span> <span class='ocrx_word' id='word_1_472' title='bbox 3808 2779 3906 2853; x_wconf 73' lang='grc' dir='ltr'>δψὶ</span> 
     </span>
    </p>
   </div>
   <div class='ocr_carea' id='block_1_58' title="bbox 512 2841 2164 2947">
    <p class='ocr_par' dir='ltr' id='par_1_58' title="bbox 512 2841 2164 2947">
     <span class='ocr_line' id='line_1_59' title="bbox 512 2841 2164 2947; baseline 0.008 -45"><span class='ocrx_word' id='word_1_473' title='bbox 512 2841 930 2942; x_wconf 59' lang='lat' dir='ltr'><strong>sedissident?</strong></span> <span class='ocrx_word' id='word_1_474' title='bbox 952 2844 1238 2947; x_wconf 46' lang='lat' dir='ltr'><strong>litinime&#39;:</strong></span> <span class='ocrx_word' id='word_1_475' title='bbox 1270 2846 1374 2906; x_wconf 90' lang='lat' dir='ltr'><strong>sed</strong></span> <span class='ocrx_word' id='word_1_476' title='bbox 1400 2847 1697 2910; x_wconf 82' lang='lat' dir='ltr'><strong>versimile</strong></span> <span class='ocrx_word' id='word_1_477' title='bbox 1720 2841 2164 2931; x_wconf 34' lang='lat' dir='ltr'><strong>esta&#39;pparuisse</strong></span> 
     </span>
    </p>
   </div>
   <div class='ocr_carea' id='block_1_59' title="bbox 2248 2841 3907 2947">
    <p class='ocr_par' dir='ltr' id='par_1_59' title="bbox 2252 2841 3907 2947">
     <span class='ocr_line' id='line_1_60' title="bbox 2252 2841 3907 2947; baseline 0 -25"><span class='ocrx_word' id='word_1_478' title='bbox 2252 2841 2445 2947; x_wconf 71' lang='grc' dir='ltr'>ᾁνεστη</span> <span class='ocrx_word' id='word_1_479' title='bbox 2482 2885 2497 2902; x_wconf 87' lang='grc'><strong>⁸</strong></span> <span class='ocrx_word' id='word_1_480' title='bbox 2542 2870 2656 2947; x_wconf 87' lang='grc' dir='ltr'>τρία</span> <span class='ocrx_word' id='word_1_481' title='bbox 2687 2841 2872 2923; x_wconf 77' lang='grc' dir='ltr'><strong>¹ταῦτα</strong></span> <span class='ocrx_word' id='word_1_482' title='bbox 2906 2841 3200 2945; x_wconf 45' lang='grc' dir='ltr'>’.ὁλόκληρα</span> <span class='ocrx_word' id='word_1_483' title='bbox 3247 2841 3625 2943; x_wconf 71' lang='grc' dir='ltr'>ημερονύγτια.</span> <span class='ocrx_word' id='word_1_484' title='bbox 3679 2871 3788 2928; x_wconf 79' lang='grc' dir='ltr'>Τὸν</span> <span class='ocrx_word' id='word_1_485' title='bbox 3853 2841 3907 2923; x_wconf 66' lang='grc' dir='ltr'><strong>δέ</strong></span> 
     </span>
    </p>
   </div>
   <div class='ocr_carea' id='block_1_60' title="bbox 508 2930 2164 3025">
    <p class='ocr_par' dir='ltr' id='par_1_60' title="bbox 508 2930 2164 3025">
     <span class='ocr_line' id='line_1_61' title="bbox 508 2930 2164 3025; baseline 0.007 -34"><span class='ocrx_word' id='word_1_486' title='bbox 508 2930 767 3025; x_wconf 78' lang='lat' dir='ltr'><strong>primum</strong></span> <span class='ocrx_word' id='word_1_487' title='bbox 799 2934 1073 3025; x_wconf 73' lang='lat' dir='ltr'><strong>angelum</strong></span> <span class='ocrx_word' id='word_1_488' title='bbox 1107 2933 1413 3025; x_wconf 85' lang='lat' dir='ltr'><strong>sedentem</strong></span> <span class='ocrx_word' id='word_1_489' title='bbox 1448 2954 1629 3015; x_wconf 87' lang='lat' dir='ltr'><strong>super</strong></span> <span class='ocrx_word' id='word_1_490' title='bbox 1659 2930 1902 3018; x_wconf 79' lang='lat' dir='ltr'><strong>lapide:</strong></span> <span class='ocrx_word' id='word_1_491' title='bbox 1951 2940 2164 3003; x_wconf 89' lang='lat' dir='ltr'><strong>deinde</strong></span> 
     </span>
    </p>
   </div>
   <div class='ocr_carea' id='block_1_61' title="bbox 2248 2930 3903 3025">
    <p class='ocr_par' dir='ltr' id='par_1_61' title="bbox 2253 2930 3903 3025">
     <span class='ocr_line' id='line_1_62' title="bbox 2253 2930 3903 3025; baseline 0.002 -23"><span class='ocrx_word' id='word_1_492' title='bbox 2253 2930 2477 3025; x_wconf 77' lang='grc' dir='ltr'>ἄγγελον</span> <span class='ocrx_word' id='word_1_493' title='bbox 2535 2930 2585 3002; x_wconf 73' lang='grc' dir='ltr'><strong>ί)Ι</strong></span> <span class='ocrx_word' id='word_1_494' title='bbox 2622 2948 2718 3023; x_wconf 76' lang='grc' dir='ltr'>μὲν</span> <span class='ocrx_word' id='word_1_495' title='bbox 2776 2950 3047 3010; x_wconf 82' lang='grc' dir='ltr'>Ματθαῖος</span> <span class='ocrx_word' id='word_1_496' title='bbox 3097 2930 3200 3025; x_wconf 59' lang='grc' dir='ltr'><strong>ἕῷη</strong></span> <span class='ocrx_word' id='word_1_497' title='bbox 3252 2930 3506 3014; x_wconf 65' lang='grc' dir='ltr'>καθῆσθαι</span> <span class='ocrx_word' id='word_1_498' title='bbox 3537 2946 3592 3003; x_wconf 72' lang='grc' dir='ltr'><strong>έν</strong></span> <span class='ocrx_word' id='word_1_499' title='bbox 3620 2953 3696 3021; x_wconf 81' lang='grc' dir='ltr'><strong>τῷ</strong></span> <span class='ocrx_word' id='word_1_500' title='bbox 3727 2947 3859 3022; x_wconf 83' lang='grc' dir='ltr'>λίθῳ</span> <span class='ocrx_word' id='word_1_501' title='bbox 3890 2961 3903 2975; x_wconf 82' lang='grc'><strong><em>⁵</em></strong></span> 
     </span>
    </p>
   </div>
   <div class='ocr_carea' id='block_1_62' title="bbox 506 3018 2164 3115">
    <p class='ocr_par' dir='ltr' id='par_1_62' title="bbox 506 3018 2164 3115">
     <span class='ocr_line' id='line_1_63' title="bbox 506 3018 2164 3115; baseline 0.005 -34"><span class='ocrx_word' id='word_1_502' title='bbox 506 3018 983 3115; x_wconf 76' lang='lat' dir='ltr'><strong>ingredientibus</strong></span> <span class='ocrx_word' id='word_1_503' title='bbox 1017 3023 1379 3115; x_wconf 71' lang='lat' dir='ltr'><strong>mulieribus</strong></span> <span class='ocrx_word' id='word_1_504' title='bbox 1395 3025 1609 3115; x_wconf 76' lang='lat' dir='ltr'><strong>praeire</strong></span> <span class='ocrx_word' id='word_1_505' title='bbox 1635 3028 1935 3106; x_wconf 77' lang='lat' dir='ltr'><strong>angelum,</strong></span> <span class='ocrx_word' id='word_1_506' title='bbox 1974 3040 2030 3091; x_wconf 90' lang='lat' dir='ltr'><strong>et</strong></span> <span class='ocrx_word' id='word_1_507' title='bbox 2054 3031 2164 3091; x_wconf 80' lang='lat' dir='ltr'><strong>ite-</strong></span> 
     </span>
    </p>
   </div>
   <div class='ocr_carea' id='block_1_63' title="bbox 2248 3018 3907 3115">
    <p class='ocr_par' dir='ltr' id='par_1_63' title="bbox 2253 3018 3907 3115">
     <span class='ocr_line' id='line_1_64' title="bbox 2253 3018 3907 3115; baseline 0.001 -24"><span class='ocrx_word' id='word_1_508' title='bbox 2253 3039 2279 3092; x_wconf 84' lang='grc' dir='ltr'>ὁ</span> <span class='ocrx_word' id='word_1_509' title='bbox 2436 3018 2643 3114; x_wconf 78' lang='grc' dir='ltr'>Μάρκος</span> <span class='ocrx_word' id='word_1_510' title='bbox 2703 3034 3093 3093; x_wconf 78' lang='grc' dir='ltr'>ἆποκυλίσαντα</span> <span class='ocrx_word' id='word_1_511' title='bbox 3136 3018 3225 3091; x_wconf 73' lang='grc' dir='ltr'>τὸν</span> <span class='ocrx_word' id='word_1_512' title='bbox 3269 3034 3433 3115; x_wconf 88' lang='grc' dir='ltr'>λίθον,</span> <span class='ocrx_word' id='word_1_513' title='bbox 3467 3034 3612 3093; x_wconf 75' lang='grc' dir='ltr'>ἔνδον</span> <span class='ocrx_word' id='word_1_514' title='bbox 3640 3018 3738 3096; x_wconf 76' lang='grc' dir='ltr'>τοῦ</span> <span class='ocrx_word' id='word_1_515' title='bbox 3768 3018 3907 3114; x_wconf 77' lang='grc' dir='ltr'>μνη-</span> 
     </span>
    </p>
   </div>
   <div class='ocr_carea' id='block_1_64' title="bbox 510 3111 2164 3205">
    <p class='ocr_par' dir='ltr' id='par_1_64' title="bbox 510 3111 2159 3205">
     <span class='ocr_line' id='line_1_65' title="bbox 510 3111 2159 3205; baseline 0.007 -36"><span class='ocrx_word' id='word_1_516' title='bbox 510 3127 642 3205; x_wconf 80' lang='lat' dir='ltr'><strong>rum</strong></span> <span class='ocrx_word' id='word_1_517' title='bbox 665 3111 1010 3191; x_wconf 81' lang='lat' dir='ltr'><strong>apparuisse</strong></span> <span class='ocrx_word' id='word_1_518' title='bbox 1031 3112 1335 3175; x_wconf 88' lang='lat' dir='ltr'><strong>sedentem</strong></span> <span class='ocrx_word' id='word_1_519' title='bbox 1364 3112 1424 3173; x_wconf 93' lang='lat' dir='ltr'><strong>in</strong></span> <span class='ocrx_word' id='word_1_520' title='bbox 1447 3114 1720 3194; x_wconf 89' lang='lat' dir='ltr'><strong>sepulcro</strong></span> <span class='ocrx_word' id='word_1_521' title='bbox 1738 3118 1833 3192; x_wconf 79' lang='grc' dir='ltr'><strong>(α)</strong></span> <span class='ocrx_word' id='word_1_522' title='bbox 1855 3136 1889 3178; x_wconf 94' lang='lat' dir='ltr'><strong>a</strong></span> <span class='ocrx_word' id='word_1_523' title='bbox 1914 3118 2159 3181; x_wconf 79' lang='lat' dir='ltr'><strong>dextris.</strong></span> 
     </span>
    </p>
   </div>
   <div class='ocr_carea' id='block_1_65' title="bbox 2248 3111 3909 3205">
    <p class='ocr_par' dir='ltr' id='par_1_65' title="bbox 2248 3111 3909 3205">
     <span class='ocr_line' id='line_1_66' title="bbox 2248 3111 3909 3205; baseline 0 -24"><span class='ocrx_word' id='word_1_524' title='bbox 2248 3126 2395 3199; x_wconf 78' lang='grc' dir='ltr'>μείου</span> <span class='ocrx_word' id='word_1_525' title='bbox 2452 3111 2730 3201; x_wconf 67' lang='grc' dir='ltr'>καθῆσθαι,</span> <span class='ocrx_word' id='word_1_526' title='bbox 2764 3124 2818 3181; x_wconf 76' lang='grc' dir='ltr'><strong>έν</strong></span> <span class='ocrx_word' id='word_1_527' title='bbox 2860 3138 2975 3187; x_wconf 89' lang='grc' dir='ltr'>τοῖς</span> <span class='ocrx_word' id='word_1_528' title='bbox 3016 3122 3207 3189; x_wconf 79' lang='grc' dir='ltr'>δεξιοῖς</span> <span class='ocrx_word' id='word_1_529' title='bbox 3244 3143 3259 3159; x_wconf 81' lang='grc'><strong>⁸</strong></span> <span class='ocrx_word' id='word_1_530' title='bbox 3317 3111 3429 3203; x_wconf 68' lang='grc' dir='ltr'><strong>ἄρ’⁷</strong></span> <span class='ocrx_word' id='word_1_531' title='bbox 3456 3126 3543 3181; x_wconf 75' lang='grc' dir='ltr'>οὖν</span> <span class='ocrx_word' id='word_1_532' title='bbox 3572 3111 3909 3205; x_wconf 67' lang='grc' dir='ltr'>έναντιοιρω-</span> 
     </span>
    </p>
   </div>
   <div class='ocr_carea' id='block_1_66' title="bbox 511 3196 2164 3294">
    <p class='ocr_par' dir='ltr' id='par_1_66' title="bbox 511 3196 2162 3294">
     <span class='ocr_line' id='line_1_67' title="bbox 511 3196 2162 3294; baseline 0.005 -33"><span class='ocrx_word' id='word_1_533' title='bbox 511 3196 893 3294; x_wconf 42' lang='lat' dir='ltr'><strong>Dixit.autem</strong></span> <span class='ocrx_word' id='word_1_534' title='bbox 925 3201 996 3262; x_wconf 91' lang='lat' dir='ltr'><strong>ad</strong></span> <span class='ocrx_word' id='word_1_535' title='bbox 1021 3201 1303 3264; x_wconf 86' lang='lat' dir='ltr'><strong>mulieres</strong></span> <span class='ocrx_word' id='word_1_536' title='bbox 1340 3223 1352 3264; x_wconf 93' lang='lat'><strong>:</strong></span> <span class='ocrx_word' id='word_1_537' title='bbox 1387 3201 1472 3264; x_wconf 87' lang='lat' dir='ltr'><strong>Ne</strong></span> <span class='ocrx_word' id='word_1_538' title='bbox 1506 3206 1844 3267; x_wconf 87' lang='lat' dir='ltr'><strong>terreamini</strong></span> <span class='ocrx_word' id='word_1_539' title='bbox 1871 3227 1971 3269; x_wconf 78' lang='lat' dir='ltr'><strong>vos</strong></span> <span class='ocrx_word' id='word_1_540' title='bbox 2005 3230 2019 3281; x_wconf 85' lang='lat'><strong>;</strong></span> <span class='ocrx_word' id='word_1_541' title='bbox 2054 3209 2162 3271; x_wconf 91' lang='lat' dir='ltr'><strong>hoc</strong></span> 
     </span>
    </p>
   </div>
   <div class='ocr_carea' id='block_1_67' title="bbox 2248 3196 3909 3294">
    <p class='ocr_par' dir='ltr' id='par_1_67' title="bbox 2248 3196 3909 3294">
     <span class='ocr_line' id='line_1_68' title="bbox 2248 3196 3909 3294; baseline 0.003 -26"><span class='ocrx_word' id='word_1_542' title='bbox 2248 3196 2420 3271; x_wconf 75' lang='grc' dir='ltr'>νουσιν</span> <span class='ocrx_word' id='word_1_543' title='bbox 2453 3234 2469 3293; x_wconf 79' lang='grc'>;</span> <span class='ocrx_word' id='word_1_544' title='bbox 2517 3216 2652 3289; x_wconf 75' lang='grc' dir='ltr'>Οὖψί</span> <span class='ocrx_word' id='word_1_545' title='bbox 2684 3196 2854 3269; x_wconf 24' lang='grc' dir='ltr'>’-ἀλλ’</span> <span class='ocrx_word' id='word_1_546' title='bbox 2884 3214 3024 3278; x_wconf 79' lang='grc' dir='ltr'>εἰκός</span> <span class='ocrx_word' id='word_1_547' title='bbox 3049 3213 3165 3294; x_wconf 16' lang='grc' dir='ltr'>,ἐστι</span> <span class='ocrx_word' id='word_1_548' title='bbox 3197 3196 3424 3294; x_wconf 72' lang='grc' dir='ltr'>φανῆναι</span> <span class='ocrx_word' id='word_1_549' title='bbox 3449 3218 3658 3294; x_wconf 77' lang='grc' dir='ltr'>πρῷτον</span> <span class='ocrx_word' id='word_1_550' title='bbox 3684 3215 3783 3271; x_wconf 78' lang='grc' dir='ltr'>τὸν</span> <span class='ocrx_word' id='word_1_551' title='bbox 3804 3196 3909 3293; x_wconf 70' lang='grc' dir='ltr'><strong>¹ι’ίγο</strong></span> 
     </span>
    </p>
   </div>
   <div class='ocr_carea' id='block_1_68' title="bbox 510 3286 2164 3375">
    <p class='ocr_par' dir='ltr' id='par_1_68' title="bbox 510 3286 2159 3375">
     <span class='ocr_line' id='line_1_69' title="bbox 510 3286 2159 3375; baseline 0.006 -25"><span class='ocrx_word' id='word_1_552' title='bbox 510 3295 619 3350; x_wconf 87' lang='lat' dir='ltr'><strong>est.</strong></span> <span class='ocrx_word' id='word_1_553' title='bbox 658 3286 945 3352; x_wconf 84' lang='lat' dir='ltr'><strong>Custodes</strong></span> <span class='ocrx_word' id='word_1_554' title='bbox 974 3290 1212 3372; x_wconf 89' lang='lat' dir='ltr'><strong>quidem</strong></span> <span class='ocrx_word' id='word_1_555' title='bbox 1264 3290 1425 3370; x_wconf 76' lang='lat' dir='ltr'><strong>digni</strong></span> <span class='ocrx_word' id='word_1_556' title='bbox 1480 3301 1617 3353; x_wconf 90' lang='lat' dir='ltr'><strong>sunt</strong></span> <span class='ocrx_word' id='word_1_557' title='bbox 1668 3296 1768 3375; x_wconf 90' lang='lat' dir='ltr'><strong>qui</strong></span> <span class='ocrx_word' id='word_1_558' title='bbox 1800 3304 2159 3370; x_wconf 86' lang='lat' dir='ltr'><strong>terreantur,</strong></span> 
     </span>
    </p>
   </div>
   <div class='ocr_carea' id='block_1_69' title="bbox 2248 3286 3907 3375">
    <p class='ocr_par' dir='ltr' id='par_1_69' title="bbox 2248 3286 3907 3372">
     <span class='ocr_line' id='line_1_70' title="bbox 2248 3286 3907 3372; baseline 0.001 -22"><span class='ocrx_word' id='word_1_559' title='bbox 2248 3293 2405 3372; x_wconf 80' lang='grc' dir='ltr'>γελον</span> <span class='ocrx_word' id='word_1_560' title='bbox 2453 3286 2750 3369; x_wconf 71' lang='grc' dir='ltr'>καθήμενον</span> <span class='ocrx_word' id='word_1_561' title='bbox 2806 3294 2860 3350; x_wconf 75' lang='grc' dir='ltr'>ἐν</span> <span class='ocrx_word' id='word_1_562' title='bbox 2915 3298 3011 3366; x_wconf 83' lang='grc' dir='ltr'>τῷ·</span> <span class='ocrx_word' id='word_1_563' title='bbox 3046 3286 3221 3368; x_wconf 70' lang='grc' dir='ltr'>λίθῳ,’</span> <span class='ocrx_word' id='word_1_564' title='bbox 3267 3296 3389 3350; x_wconf 86' lang='grc' dir='ltr'>εἶτα</span> <span class='ocrx_word' id='word_1_565' title='bbox 3420 3286 3773 3351; x_wconf 71' lang='grc' dir='ltr'>εἰσελθουσῶν</span> <span class='ocrx_word' id='word_1_566' title='bbox 3803 3286 3907 3351; x_wconf 72' lang='grc' dir='ltr'>τῶν</span> 
     </span>
    </p>
   </div>
   <div class='ocr_carea' id='block_1_70' title="bbox 507 3379 2165 3460">
    <p class='ocr_par' dir='ltr' id='par_1_70' title="bbox 507 3379 2165 3460">
     <span class='ocr_line' id='line_1_71' title="bbox 507 3379 2165 3460; baseline 0.01 -24"><span class='ocrx_word' id='word_1_567' title='bbox 507 3395 611 3439; x_wconf 80' lang='lat' dir='ltr'><strong>vos</strong></span> <span class='ocrx_word' id='word_1_568' title='bbox 658 3387 858 3440; x_wconf 88' lang='lat' dir='ltr'><strong>autem</strong></span> <span class='ocrx_word' id='word_1_569' title='bbox 907 3379 1211 3460; x_wconf 72' lang='lat' dir='ltr'><strong>discipulae</strong></span> <span class='ocrx_word' id='word_1_570' title='bbox 1261 3381 1519 3447; x_wconf 89' lang='lat' dir='ltr'><strong>Domini.</strong></span> <span class='ocrx_word' id='word_1_571' title='bbox 1572 3401 1648 3445; x_wconf 90' lang='lat' dir='ltr'><strong>ne</strong></span> <span class='ocrx_word' id='word_1_572' title='bbox 1696 3387 2063 3447; x_wconf 90' lang='lat' dir='ltr'><strong>terreamini.</strong></span> <span class='ocrx_word' id='word_1_573' title='bbox 2096 3386 2165 3453; x_wconf 86' lang='lat' dir='ltr'><strong>Et</strong></span> 
     </span>
    </p>
   </div>
   <div class='ocr_carea' id='block_1_71' title="bbox 510 3466 2168 3550">
    <p class='ocr_par' dir='ltr' id='par_1_71' title="bbox 510 3466 2168 3550">
     <span class='ocr_line' id='line_1_72' title="bbox 510 3466 2168 3550; baseline 0.006 -25"><span class='ocrx_word' id='word_1_574' title='bbox 510 3474 817 3546; x_wconf 85' lang='lat' dir='ltr'><strong>postquam</strong></span> <span class='ocrx_word' id='word_1_575' title='bbox 870 3466 1140 3530; x_wconf 79' lang='lat' dir='ltr'><strong>liberavit</strong></span> <span class='ocrx_word' id='word_1_576' title='bbox 1189 3486 1291 3528; x_wconf 81' lang='lat' dir='ltr'><strong>eas</strong></span> <span class='ocrx_word' id='word_1_577' title='bbox 1346 3486 1380 3528; x_wconf 91' lang='lat' dir='ltr'><strong>a</strong></span> <span class='ocrx_word' id='word_1_578' title='bbox 1433 3479 1616 3544; x_wconf 89' lang='lat' dir='ltr'><strong>metu,</strong></span> <span class='ocrx_word' id='word_1_579' title='bbox 1673 3474 2032 3550; x_wconf 78' lang='lat' dir='ltr'><strong>evangelizat</strong></span> <span class='ocrx_word' id='word_1_580' title='bbox 2083 3476 2168 3535; x_wconf 83' lang='lat' dir='ltr'><strong>eis</strong></span> 
     </span>
    </p>
   </div>
   <div class='ocr_carea' id='block_1_72' title="bbox 508 3555 2167 3642">
    <p class='ocr_par' dir='ltr' id='par_1_72' title="bbox 508 3555 2167 3642">
     <span class='ocr_line' id='line_1_73' title="bbox 508 3555 2167 3642; baseline 0.005 -25"><span class='ocrx_word' id='word_1_581' title='bbox 508 3556 1035 3618; x_wconf 88' lang='lat' dir='ltr'><strong>resurrectionem.</strong></span> <span class='ocrx_word' id='word_1_582' title='bbox 1084 3555 1345 3617; x_wconf 84' lang='lat' dir='ltr'><strong>Primum</strong></span> <span class='ocrx_word' id='word_1_583' title='bbox 1406 3558 1565 3619; x_wconf 90' lang='lat' dir='ltr'><strong>enim</strong></span> <span class='ocrx_word' id='word_1_584' title='bbox 1621 3560 1891 3622; x_wconf 89' lang='lat' dir='ltr'><strong>timorem</strong></span> <span class='ocrx_word' id='word_1_585' title='bbox 1946 3562 2167 3642; x_wconf 78' lang='lat' dir='ltr'><strong>ejicere</strong></span> 
     </span>
    </p>
   </div>
   <div class='ocr_carea' id='block_1_73' title="bbox 510 3643 2167 3726">
    <p class='ocr_par' dir='ltr' id='par_1_73' title="bbox 510 3643 2167 3726">
     <span class='ocr_line' id='line_1_74' title="bbox 510 3643 2167 3726; baseline 0.004 -19"><span class='ocrx_word' id='word_1_586' title='bbox 510 3643 840 3726; x_wconf 85' lang='lat' dir='ltr'><strong>oportebat.</strong></span> <span class='ocrx_word' id='word_1_587' title='bbox 878 3654 936 3707; x_wconf 90' lang='lat' dir='ltr'><strong>et</strong></span> <span class='ocrx_word' id='word_1_588' title='bbox 979 3646 1196 3706; x_wconf 83' lang='lat' dir='ltr'><strong>deinde</strong></span> <span class='ocrx_word' id='word_1_589' title='bbox 1228 3646 1651 3725; x_wconf 82' lang='lat' dir='ltr'><strong>evangelizare.</strong></span> <span class='ocrx_word' id='word_1_590' title='bbox 1693 3651 1823 3711; x_wconf 83' lang='lat' dir='ltr'><strong>Non</strong></span> <span class='ocrx_word' id='word_1_591' title='bbox 1867 3652 2167 3714; x_wconf 83' lang='lat' dir='ltr'><strong>erubescit</strong></span> 
     </span>
    </p>
   </div>
   <div class='ocr_carea' id='block_1_74' title="bbox 510 3732 2167 3809">
    <p class='ocr_par' dir='ltr' id='par_1_74' title="bbox 510 3732 2167 3809">
     <span class='ocr_line' id='line_1_75' title="bbox 510 3732 2167 3809; baseline 0.005 -15"><span class='ocrx_word' id='word_1_592' title='bbox 510 3732 706 3809; x_wconf 79' lang='lat' dir='ltr'><strong>autem</strong></span> <span class='ocrx_word' id='word_1_593' title='bbox 740 3734 1052 3796; x_wconf 87' lang='lat' dir='ltr'><strong>nominare</strong></span> <span class='ocrx_word' id='word_1_594' title='bbox 1103 3733 1419 3796; x_wconf 90' lang='lat' dir='ltr'><strong>Dominum</strong></span> <span class='ocrx_word' id='word_1_595' title='bbox 1461 3736 1834 3799; x_wconf 80' lang='lat' dir='ltr'><strong>cruciﬁxum.</strong></span> <span class='ocrx_word' id='word_1_596' title='bbox 1868 3740 2167 3803; x_wconf 85' lang='lat' dir='ltr'><strong>Gloriatur</strong></span> 
     </span>
    </p>
   </div>
   <div class='ocr_carea' id='block_1_75' title="bbox 514 3824 2166 3905">
    <p class='ocr_par' dir='ltr' id='par_1_75' title="bbox 514 3824 2166 3905">
     <span class='ocr_line' id='line_1_76' title="bbox 514 3824 2166 3905; baseline 0.004 -20"><span class='ocrx_word' id='word_1_597' title='bbox 514 3824 674 3886; x_wconf 88' lang='lat' dir='ltr'><strong>enim</strong></span> <span class='ocrx_word' id='word_1_598' title='bbox 709 3842 886 3886; x_wconf 82' lang='lat' dir='ltr'><strong>cruce</strong></span> <span class='ocrx_word' id='word_1_599' title='bbox 937 3834 1213 3905; x_wconf 85' lang='lat' dir='ltr'><strong>tanquam</strong></span> <span class='ocrx_word' id='word_1_600' title='bbox 1275 3830 1520 3903; x_wconf 66' lang='lat' dir='ltr'><strong>tropaeo,</strong></span> <span class='ocrx_word' id='word_1_601' title='bbox 1572 3846 1689 3905; x_wconf 88' lang='lat' dir='ltr'><strong>quo</strong></span> <span class='ocrx_word' id='word_1_602' title='bbox 1741 3827 1912 3890; x_wconf 89' lang='lat' dir='ltr'><strong>nobis</strong></span> <span class='ocrx_word' id='word_1_603' title='bbox 1967 3832 2166 3892; x_wconf 83' lang='lat' dir='ltr'><strong>omnia</strong></span> 
     </span>
    </p>
   </div>
   <div class='ocr_carea' id='block_1_76' title="bbox 510 3911 1207 3976">
    <p class='ocr_par' dir='ltr' id='par_1_76' title="bbox 510 3911 1207 3976">
     <span class='ocr_line' id='line_1_77' title="bbox 510 3911 1207 3976; baseline 0.003 -2"><span class='ocrx_word' id='word_1_604' title='bbox 510 3911 668 3975; x_wconf 88' lang='lat' dir='ltr'><strong>bona</strong></span> <span class='ocrx_word' id='word_1_605' title='bbox 700 3912 1018 3976; x_wconf 81' lang='lat' dir='ltr'><strong>conciliata</strong></span> <span class='ocrx_word' id='word_1_606' title='bbox 1047 3921 1207 3976; x_wconf 88' lang='lat' dir='ltr'><strong>sunt.</strong></span> 
     </span>
    </p>
   </div>
   <div class='ocr_carea' id='block_1_77' title="bbox 2251 3381 3910 3464">
    <p class='ocr_par' dir='ltr' id='par_1_77' title="bbox 2251 3381 3910 3464">
     <span class='ocr_line' id='line_1_78' title="bbox 2251 3381 3910 3464; baseline -0.001 -25"><span class='ocrx_word' id='word_1_607' title='bbox 2251 3389 2539 3461; x_wconf 83' lang='grc' dir='ltr'>γυναικῶν,</span> <span class='ocrx_word' id='word_1_608' title='bbox 2597 3384 2850 3462; x_wconf 79' lang='grc' dir='ltr'>προάγειν</span> <span class='ocrx_word' id='word_1_609' title='bbox 2892 3385 2982 3439; x_wconf 72' lang='grc' dir='ltr'>τὸν</span> <span class='ocrx_word' id='word_1_610' title='bbox 3050 3381 3300 3462; x_wconf 79' lang='grc' dir='ltr'>ἄγγελον,</span> <span class='ocrx_word' id='word_1_611' title='bbox 3348 3383 3436 3439; x_wconf 82' lang='grc' dir='ltr'><strong>καὶ</strong></span> <span class='ocrx_word' id='word_1_612' title='bbox 3478 3381 3639 3439; x_wconf 84' lang='grc' dir='ltr'>πάλιν</span> <span class='ocrx_word' id='word_1_613' title='bbox 3675 3389 3910 3464; x_wconf 73' lang='grc' dir='ltr'>φανῆναι</span> 
     </span>
    </p>
   </div>
   <div class='ocr_carea' id='block_1_78' title="bbox 2252 3470 3910 3549">
    <p class='ocr_par' dir='ltr' id='par_1_78' title="bbox 2252 3470 3910 3549">
     <span class='ocr_line' id='line_1_79' title="bbox 2252 3470 3910 3549; baseline 0.001 -23"><span class='ocrx_word' id='word_1_614' title='bbox 2252 3472 2401 3536; x_wconf 59' lang='grc' dir='ltr'>ἐκτὸς</span> <span class='ocrx_word' id='word_1_615' title='bbox 2459 3480 2551 3530; x_wconf 83' lang='grc' dir='ltr'>τοῦ</span> <span class='ocrx_word' id='word_1_616' title='bbox 2622 3474 2881 3549; x_wconf 76' lang='grc' dir='ltr'>μνημείου</span> <span class='ocrx_word' id='word_1_617' title='bbox 2923 3474 3219 3548; x_wconf 78' lang='grc' dir='ltr'>καθήμενον</span> <span class='ocrx_word' id='word_1_618' title='bbox 3261 3472 3315 3528; x_wconf 80' lang='grc' dir='ltr'><strong>έν</strong></span> <span class='ocrx_word' id='word_1_619' title='bbox 3360 3486 3476 3537; x_wconf 86' lang='grc' dir='ltr'>τοῖς</span> <span class='ocrx_word' id='word_1_620' title='bbox 3513 3470 3735 3538; x_wconf 78' lang='grc' dir='ltr'>δεξιοῖς,</span> <span class='ocrx_word' id='word_1_621' title='bbox 3773 3472 3910 3531; x_wconf 74' lang='grc' dir='ltr'>Εῒπε</span> 
     </span>
    </p>
   </div>
   <div class='ocr_carea' id='block_1_79' title="bbox 2249 3558 3908 3642">
    <p class='ocr_par' dir='ltr' id='par_1_79' title="bbox 2249 3558 3908 3642">
     <span class='ocr_line' id='line_1_80' title="bbox 2249 3558 3908 3642; baseline 0 -26"><span class='ocrx_word' id='word_1_622' title='bbox 2249 3558 2305 3615; x_wconf 78' lang='grc' dir='ltr'>δὲ</span> <span class='ocrx_word' id='word_1_623' title='bbox 2334 3564 2465 3637; x_wconf 79' lang='grc' dir='ltr'>πρὸς</span> <span class='ocrx_word' id='word_1_624' title='bbox 2509 3562 2602 3626; x_wconf 80' lang='grc' dir='ltr'>τὰς</span> <span class='ocrx_word' id='word_1_625' title='bbox 2648 3573 2903 3640; x_wconf 83' lang='grc' dir='ltr'>γυναῖκας</span> <span class='ocrx_word' id='word_1_626' title='bbox 2938 3577 2952 3591; x_wconf 89' lang='grc'><strong>⁸</strong></span> <span class='ocrx_word' id='word_1_627' title='bbox 2990 3566 3077 3629; x_wconf 77' lang='grc' dir='ltr'><strong>Μὴ</strong></span> <span class='ocrx_word' id='word_1_628' title='bbox 3108 3558 3353 3642; x_wconf 73' lang='grc' dir='ltr'>φοϐεῖσθε</span> <span class='ocrx_word' id='word_1_629' title='bbox 3398 3562 3577 3641; x_wconf 68' lang='grc' dir='ltr'>ὑμεῖς,</span> <span class='ocrx_word' id='word_1_630' title='bbox 3609 3562 3908 3641; x_wconf 74' lang='grc' dir='ltr'>τουτέστιν,</span> 
     </span>
    </p>
   </div>
   <div class='ocr_carea' id='block_1_80' title="bbox 2251 3646 3911 3730">
    <p class='ocr_par' dir='ltr' id='par_1_80' title="bbox 2251 3646 3911 3730">
     <span class='ocr_line' id='line_1_81' title="bbox 2251 3646 3911 3730; baseline 0.001 -23"><span class='ocrx_word' id='word_1_631' title='bbox 2251 3652 2311 3707; x_wconf 76' lang='grc' dir='ltr'><strong>Οἱ</strong></span> <span class='ocrx_word' id='word_1_632' title='bbox 2356 3650 2451 3725; x_wconf 77' lang='grc' dir='ltr'>μὲν</span> <span class='ocrx_word' id='word_1_633' title='bbox 2496 3650 2723 3730; x_wconf 72' lang='grc' dir='ltr'>φύλακες</span> <span class='ocrx_word' id='word_1_634' title='bbox 2766 3648 2897 3715; x_wconf 76' lang='grc' dir='ltr'>ἄξιοί</span> <span class='ocrx_word' id='word_1_635' title='bbox 2948 3652 3046 3706; x_wconf 77' lang='grc' dir='ltr'>εἶσι</span> <span class='ocrx_word' id='word_1_636' title='bbox 3090 3646 3390 3730; x_wconf 69' lang='grc' dir='ltr'>φοϐεῖσθαιυ</span> <span class='ocrx_word' id='word_1_637' title='bbox 3443 3652 3601 3725; x_wconf 76' lang='grc' dir='ltr'>ὑμεῖς</span> <span class='ocrx_word' id='word_1_638' title='bbox 3631 3648 3685 3706; x_wconf 66' lang='grc' dir='ltr'><strong>δέ</strong></span> <span class='ocrx_word' id='word_1_639' title='bbox 3717 3654 3775 3708; x_wconf 76' lang='grc' dir='ltr'>αἱ</span> <span class='ocrx_word' id='word_1_640' title='bbox 3817 3658 3911 3709; x_wconf 80' lang='grc' dir='ltr'>τοῦ</span> 
     </span>
    </p>
   </div>
   <div class='ocr_carea' id='block_1_81' title="bbox 2252 3734 3901 3819">
    <p class='ocr_par' dir='ltr' id='par_1_81' title="bbox 2252 3734 3901 3819">
     <span class='ocr_line' id='line_1_82' title="bbox 2252 3734 3901 3819; baseline -0.001 -21"><span class='ocrx_word' id='word_1_641' title='bbox 2252 3741 2437 3819; x_wconf 80' lang='grc' dir='ltr'>Κυρίου</span> <span class='ocrx_word' id='word_1_642' title='bbox 2493 3741 2800 3818; x_wconf 69' lang='grc' dir='ltr'>μαθήτριαι,</span> <span class='ocrx_word' id='word_1_643' title='bbox 2865 3739 2943 3814; x_wconf 80' lang='grc' dir='ltr'>μὴ</span> <span class='ocrx_word' id='word_1_644' title='bbox 2991 3734 3262 3817; x_wconf 72' lang='grc' dir='ltr'>φοϐεῖσθε.</span> <span class='ocrx_word' id='word_1_645' title='bbox 3311 3737 3439 3794; x_wconf 65' lang='grc' dir='ltr'>διεθ⁹</span> <span class='ocrx_word' id='word_1_646' title='bbox 3467 3739 3496 3793; x_wconf 83' lang='grc' dir='ltr'><strong>ὃ</strong></span> <span class='ocrx_word' id='word_1_647' title='bbox 3525 3739 3581 3794; x_wconf 71' lang='grc' dir='ltr'><strong>δέ</strong></span> <span class='ocrx_word' id='word_1_648' title='bbox 3612 3738 3901 3796; x_wconf 71' lang='grc' dir='ltr'>ἀπαλλάτ-</span> 
     </span>
    </p>
   </div>
   <div class='ocr_carea' id='block_1_82' title="bbox 2248 3824 3903 3903">
    <p class='ocr_par' dir='ltr' id='par_1_82' title="bbox 2248 3824 3903 3903">
     <span class='ocr_line' id='line_1_83' title="bbox 2248 3824 3903 3903; baseline -0.001 -19"><span class='ocrx_word' id='word_1_649' title='bbox 2248 3849 2327 3884; x_wconf 90' lang='grc' dir='ltr'><strong>τει</strong></span> <span class='ocrx_word' id='word_1_650' title='bbox 2381 3829 2540 3892; x_wconf 73' lang='grc' dir='ltr'>αὐτὰς</span> <span class='ocrx_word' id='word_1_651' title='bbox 2597 3835 2690 3883; x_wconf 80' lang='grc' dir='ltr'>τοῦ</span> <span class='ocrx_word' id='word_1_652' title='bbox 2732 3824 2902 3899; x_wconf 86' lang='grc' dir='ltr'>δέους,</span> <span class='ocrx_word' id='word_1_653' title='bbox 2960 3824 3349 3903; x_wconf 72' lang='grc' dir='ltr'>εὐαγγελίζεται</span> <span class='ocrx_word' id='word_1_654' title='bbox 3401 3824 3589 3890; x_wconf 70' lang='grc' dir='ltr'>αὖταῖς</span> <span class='ocrx_word' id='word_1_655' title='bbox 3632 3828 3732 3894; x_wconf 78' lang='grc' dir='ltr'>τὴν</span> <span class='ocrx_word' id='word_1_656' title='bbox 3764 3826 3903 3883; x_wconf 80' lang='grc' dir='ltr'><strong>ἀνά-</strong></span> 
     </span>
    </p>
   </div>
   <div class='ocr_carea' id='block_1_83' title="bbox 2250 3911 3907 3995">
    <p class='ocr_par' dir='ltr' id='par_1_83' title="bbox 2250 3911 3907 3995">
     <span class='ocr_line' id='line_1_84' title="bbox 2250 3911 3907 3995; baseline -0.001 -23"><span class='ocrx_word' id='word_1_657' title='bbox 2250 3939 2457 3979; x_wconf 87' lang='grc' dir='ltr'>στασιν,</span> <span class='ocrx_word' id='word_1_658' title='bbox 2518 3913 2685 3974; x_wconf 72' lang='grc' dir='ltr'>’Ἔδει</span> <span class='ocrx_word' id='word_1_659' title='bbox 2734 3916 2834 3993; x_wconf 76' lang='grc' dir='ltr'><strong>γὰρ</strong></span> <span class='ocrx_word' id='word_1_660' title='bbox 2882 3915 3136 3993; x_wconf 89' lang='grc' dir='ltr'>πρότερον</span> <span class='ocrx_word' id='word_1_661' title='bbox 3192 3911 3440 3969; x_wconf 75' lang='grc' dir='ltr'>έκϐαλεῖν</span> <span class='ocrx_word' id='word_1_662' title='bbox 3496 3916 3558 3969; x_wconf 82' lang='grc' dir='ltr'><strong>τὸ</strong></span> <span class='ocrx_word' id='word_1_663' title='bbox 3596 3912 3737 3995; x_wconf 88' lang='grc' dir='ltr'>δέος,</span> <span class='ocrx_word' id='word_1_664' title='bbox 3781 3915 3907 3972; x_wconf 75' lang='grc' dir='ltr'>εῖτα</span> 
     </span>
    </p>
   </div>
   <div class='ocr_carea' id='block_1_84' title="bbox 514 4001 3888 4085">
    <p class='ocr_par' dir='ltr' id='par_1_84' title="bbox 514 4001 3888 4085">
     <span class='ocr_line' id='line_1_85' title="bbox 514 4001 3888 4085; baseline 0 -26"><span class='ocrx_word' id='word_1_665' title='bbox 514 4001 972 4082; x_wconf 71' lang='grc' dir='ltr'>εὐαγγελίσασθαι.</span> <span class='ocrx_word' id='word_1_666' title='bbox 1048 4005 1155 4061; x_wconf 70' lang='grc' dir='ltr'>Οὔκ</span> <span class='ocrx_word' id='word_1_667' title='bbox 1211 4006 1518 4085; x_wconf 76' lang='grc' dir='ltr'>αἰσχύνεται</span> <span class='ocrx_word' id='word_1_668' title='bbox 1578 4006 1632 4062; x_wconf 78' lang='grc' dir='ltr'>δὲ</span> <span class='ocrx_word' id='word_1_669' title='bbox 1692 4007 2085 4080; x_wconf 71' lang='grc' dir='ltr'>έσταυρωμένοι</span> <span class='ocrx_word' id='word_1_670' title='bbox 2143 4008 2415 4082; x_wconf 79' lang='grc' dir='ltr'>ὀνομάζων</span> <span class='ocrx_word' id='word_1_671' title='bbox 2472 4007 2564 4061; x_wconf 84' lang='grc' dir='ltr'><strong>τὸν</strong></span> <span class='ocrx_word' id='word_1_672' title='bbox 2618 4006 2826 4083; x_wconf 80' lang='grc' dir='ltr'>Κύριον,</span> <span class='ocrx_word' id='word_1_673' title='bbox 2888 4010 2974 4076; x_wconf 81' lang='grc' dir='ltr'><strong>Τῷ</strong></span> <span class='ocrx_word' id='word_1_674' title='bbox 3058 4003 3157 4081; x_wconf 78' lang='grc' dir='ltr'>γὰρ</span> <span class='ocrx_word' id='word_1_675' title='bbox 3199 4008 3407 4081; x_wconf 86' lang='grc' dir='ltr'>σταυρῷ</span> <span class='ocrx_word' id='word_1_676' title='bbox 3503 4001 3681 4080; x_wconf 80' lang='grc' dir='ltr'>ὥσπερ</span> <span class='ocrx_word' id='word_1_677' title='bbox 3754 4024 3888 4077; x_wconf 68' lang='grc' dir='ltr'>τρο-ι</span> 
     </span>
    </p>
   </div>
   <div class='ocr_carea' id='block_1_85' title="bbox 513 4093 2290 4173">
    <p class='ocr_par' dir='ltr' id='par_1_85' title="bbox 513 4093 2290 4173">
     <span class='ocr_line' id='line_1_86' title="bbox 513 4093 2290 4173; baseline 0.002 -25"><span class='ocrx_word' id='word_1_678' title='bbox 513 4093 654 4166; x_wconf 83' lang='grc' dir='ltr'>παίῳ</span> <span class='ocrx_word' id='word_1_679' title='bbox 683 4096 782 4148; x_wconf 78' lang='grc' dir='ltr'>τινὶ</span> <span class='ocrx_word' id='word_1_680' title='bbox 829 4093 1183 4173; x_wconf 73' lang='grc' dir='ltr'>ἐγκαυχόπαι,</span> <span class='ocrx_word' id='word_1_681' title='bbox 1217 4095 1388 4151; x_wconf 75' lang='grc' dir='ltr'>πάντα</span> <span class='ocrx_word' id='word_1_682' title='bbox 1420 4097 1485 4152; x_wconf 81' lang='grc' dir='ltr'><strong>τὰ</strong></span> <span class='ocrx_word' id='word_1_683' title='bbox 1516 4096 1687 4173; x_wconf 72' lang='grc' dir='ltr'>ἀγαθὰ</span> <span class='ocrx_word' id='word_1_684' title='bbox 1730 4097 2099 4173; x_wconf 76' lang='grc' dir='ltr'>προεξενηγότι</span> <span class='ocrx_word' id='word_1_685' title='bbox 2131 4099 2290 4172; x_wconf 74' lang='grc' dir='ltr'>ἡμῖν,</span> 
     </span>
    </p>
   </div>
   <div class='ocr_carea' id='block_1_86' title="bbox 592 4177 2164 4262">
    <p class='ocr_par' dir='ltr' id='par_1_86' title="bbox 592 4182 2160 4255">
     <span class='ocr_line' id='line_1_87' title="bbox 592 4182 2160 4255; baseline 0.004 -15"><span class='ocrx_word' id='word_1_686' title='bbox 592 4182 948 4255; x_wconf 70' lang='lat' dir='ltr'><strong>Vens.9,10.</strong></span> <span class='ocrx_word' id='word_1_687' title='bbox 965 4207 991 4238; x_wconf 77' lang='grc' dir='ltr'><strong>α</strong></span> <span class='ocrx_word' id='word_1_688' title='bbox 1014 4183 1157 4245; x_wconf 90' lang='lat' dir='ltr'><strong>Cum</strong></span> <span class='ocrx_word' id='word_1_689' title='bbox 1183 4191 1379 4245; x_wconf 90' lang='lat' dir='ltr'><strong>autem</strong></span> <span class='ocrx_word' id='word_1_690' title='bbox 1403 4184 1591 4246; x_wconf 88' lang='lat' dir='ltr'><strong>issent</strong></span> <span class='ocrx_word' id='word_1_691' title='bbox 1619 4194 1675 4246; x_wconf 89' lang='lat' dir='ltr'><strong>at</strong></span> <span class='ocrx_word' id='word_1_692' title='bbox 1698 4185 2160 4247; x_wconf 88' lang='lat' dir='ltr'><strong>renuntiandum</strong></span> 
     </span>
    </p>
   </div>
   <div class='ocr_carea' id='block_1_87' title="bbox 2248 4177 3911 4262">
    <p class='ocr_par' dir='ltr' id='par_1_87' title="bbox 2335 4177 3911 4262">
     <span class='ocr_line' id='line_1_88' title="bbox 2335 4177 3911 4262; baseline -0.003 -22"><span class='ocrx_word' id='word_1_693' title='bbox 2335 4210 2358 4243; x_wconf 73' lang='grc' dir='ltr'>ι</span> <span class='ocrx_word' id='word_1_694' title='bbox 2415 4177 2505 4250; x_wconf 69' lang='grc' dir='ltr'>Ὠς</span> <span class='ocrx_word' id='word_1_695' title='bbox 2537 4182 2590 4239; x_wconf 74' lang='grc' dir='ltr'>δὲ</span> <span class='ocrx_word' id='word_1_696' title='bbox 2622 4183 2966 4262; x_wconf 77' lang='grc' dir='ltr'>έκπορεύοντο</span> <span class='ocrx_word' id='word_1_697' title='bbox 2995 4178 3321 4259; x_wconf 80' lang='grc' dir='ltr'>ἀπαγγεῖλαι</span> <span class='ocrx_word' id='word_1_698' title='bbox 3364 4193 3483 4242; x_wconf 90' lang='grc' dir='ltr'>τοῖς</span> <span class='ocrx_word' id='word_1_699' title='bbox 3513 4183 3784 4257; x_wconf 84' lang='grc' dir='ltr'>μαθηταῖς</span> <span class='ocrx_word' id='word_1_700' title='bbox 3817 4180 3911 4237; x_wconf 77' lang='grc' dir='ltr'>αὖο</span> 
     </span>
    </p>
   </div>
   <div class='ocr_carea' id='block_1_88' title="bbox 510 4270 2167 4351">
    <p class='ocr_par' dir='ltr' id='par_1_88' title="bbox 510 4270 2167 4351">
     <span class='ocr_line' id='line_1_89' title="bbox 510 4270 2167 4351; baseline -0.001 -18"><span class='ocrx_word' id='word_1_701' title='bbox 510 4270 819 4351; x_wconf 86' lang='lat' dir='ltr'><strong>discipulis</strong></span> <span class='ocrx_word' id='word_1_702' title='bbox 849 4271 1000 4351; x_wconf 89' lang='lat' dir='ltr'><strong>ejus,</strong></span> <span class='ocrx_word' id='word_1_703' title='bbox 1036 4290 1178 4340; x_wconf 88' lang='lat' dir='ltr'><strong>ecce</strong></span> <span class='ocrx_word' id='word_1_704' title='bbox 1225 4273 1396 4335; x_wconf 79' lang='lat' dir='ltr'><strong>Jesua</strong></span> <span class='ocrx_word' id='word_1_705' title='bbox 1448 4274 1713 4335; x_wconf 91' lang='lat' dir='ltr'><strong>occurrit</strong></span> <span class='ocrx_word' id='word_1_706' title='bbox 1754 4273 1874 4335; x_wconf 91' lang='lat' dir='ltr'><strong>illis</strong></span> <span class='ocrx_word' id='word_1_707' title='bbox 1909 4274 2119 4335; x_wconf 90' lang='lat' dir='ltr'><strong>dicens</strong></span> <span class='ocrx_word' id='word_1_708' title='bbox 2154 4297 2167 4340; x_wconf 85' lang='lat'><strong>:</strong></span> 
     </span>
    </p>
   </div>
   <div class='ocr_carea' id='block_1_89' title="bbox 2256 4269 3904 4349">
    <p class='ocr_par' dir='ltr' id='par_1_89' title="bbox 2256 4269 3904 4349">
     <span class='ocr_line' id='line_1_90' title="bbox 2256 4269 3904 4349; baseline -0.006 -17"><span class='ocrx_word' id='word_1_709' title='bbox 2256 4283 2366 4348; x_wconf 75' lang='grc' dir='ltr'>τοῦ,</span> <span class='ocrx_word' id='word_1_710' title='bbox 2427 4275 2513 4330; x_wconf 78' lang='grc' dir='ltr'><strong>καὶ</strong></span> <span class='ocrx_word' id='word_1_711' title='bbox 2556 4271 2664 4329; x_wconf 75' lang='grc' dir='ltr'>ἰδοὺ</span> <span class='ocrx_word' id='word_1_712' title='bbox 2708 4275 2735 4329; x_wconf 82' lang='grc' dir='ltr'>ὁ</span> <span class='ocrx_word' id='word_1_713' title='bbox 2768 4269 2995 4345; x_wconf 76' lang='grc' dir='ltr'>Ἰησοὺς,</span> <span class='ocrx_word' id='word_1_714' title='bbox 3055 4272 3362 4340; x_wconf 77' lang='grc' dir='ltr'>ἀπήντησεν</span> <span class='ocrx_word' id='word_1_715' title='bbox 3421 4271 3634 4342; x_wconf 68' lang='grc' dir='ltr'>αὐταῖς,</span> <span class='ocrx_word' id='word_1_716' title='bbox 3682 4269 3856 4349; x_wconf 85' lang='grc' dir='ltr'>λέγων</span> <span class='ocrx_word' id='word_1_717' title='bbox 3887 4283 3904 4300; x_wconf 88' lang='grc'><strong>·</strong></span> 
     </span>
    </p>
   </div>
   <div class='ocr_carea' id='block_1_90' title="bbox 511 4356 2164 4444">
    <p class='ocr_par' dir='ltr' id='par_1_90' title="bbox 511 4359 2164 4444">
     <span class='ocr_line' id='line_1_91' title="bbox 511 4359 2164 4444; baseline 0 -20"><span class='ocrx_word' id='word_1_718' title='bbox 511 4360 721 4424; x_wconf 81' lang='lat' dir='ltr'><strong>Avete.</strong></span> <span class='ocrx_word' id='word_1_719' title='bbox 751 4359 871 4423; x_wconf 68' lang='lat' dir='ltr'><strong>Illae</strong></span> <span class='ocrx_word' id='word_1_720' title='bbox 891 4369 1083 4421; x_wconf 88' lang='lat' dir='ltr'><strong>autem</strong></span> <span class='ocrx_word' id='word_1_721' title='bbox 1102 4370 1512 4431; x_wconf 87' lang='lat' dir='ltr'><strong>accesserunt.</strong></span> <span class='ocrx_word' id='word_1_722' title='bbox 1551 4371 1609 4424; x_wconf 90' lang='lat' dir='ltr'><strong>et</strong></span> <span class='ocrx_word' id='word_1_723' title='bbox 1640 4371 1963 4425; x_wconf 72' lang='lat' dir='ltr'><strong>tenuerunt</strong></span> <span class='ocrx_word' id='word_1_724' title='bbox 1992 4362 2164 4444; x_wconf 73' lang='lat' dir='ltr'><strong>pedes</strong></span> 
     </span>
    </p>
   </div>
   <div class='ocr_carea' id='block_1_91' title="bbox 2248 4356 3908 4444">
    <p class='ocr_par' dir='ltr' id='par_1_91' title="bbox 2258 4356 3908 4441">
     <span class='ocr_line' id='line_1_92' title="bbox 2258 4356 3908 4441; baseline -0.004 -21"><span class='ocrx_word' id='word_1_725' title='bbox 2258 4363 2499 4441; x_wconf 81' lang='grc' dir='ltr'>Χαίρετε.</span> <span class='ocrx_word' id='word_1_726' title='bbox 2564 4365 2621 4419; x_wconf 73' lang='grc' dir='ltr'><strong>Αἱ</strong></span> <span class='ocrx_word' id='word_1_727' title='bbox 2678 4361 2757 4435; x_wconf 78' lang='grc' dir='ltr'><strong>δέ,</strong></span> <span class='ocrx_word' id='word_1_728' title='bbox 2816 4360 3195 4439; x_wconf 78' lang='grc' dir='ltr'>προσελθοῦσαι</span> <span class='ocrx_word' id='word_1_729' title='bbox 3238 4358 3538 4439; x_wconf 80' lang='grc' dir='ltr'>έκρατησαν</span> <span class='ocrx_word' id='word_1_730' title='bbox 3587 4359 3747 4417; x_wconf 68' lang='grc' dir='ltr'>αὐτοῦ</span> <span class='ocrx_word' id='word_1_731' title='bbox 3789 4356 3908 4419; x_wconf 79' lang='grc' dir='ltr'>τοὺς</span> 
     </span>
    </p>
   </div>
   <div class='ocr_carea' id='block_1_92' title="bbox 512 4449 2171 4530">
    <p class='ocr_par' dir='ltr' id='par_1_92' title="bbox 512 4449 2171 4530">
     <span class='ocr_line' id='line_1_93' title="bbox 512 4449 2171 4530; baseline 0.001 -17"><span class='ocrx_word' id='word_1_732' title='bbox 512 4450 668 4530; x_wconf 86' lang='lat' dir='ltr'><strong>ejus,</strong></span> <span class='ocrx_word' id='word_1_733' title='bbox 701 4457 761 4510; x_wconf 91' lang='lat' dir='ltr'><strong>et</strong></span> <span class='ocrx_word' id='word_1_734' title='bbox 811 4449 1207 4512; x_wconf 77' lang='lat' dir='ltr'><strong>adoraverunt</strong></span> <span class='ocrx_word' id='word_1_735' title='bbox 1261 4469 1423 4514; x_wconf 91' lang='lat' dir='ltr'><strong>eum.</strong></span> <span class='ocrx_word' id='word_1_736' title='bbox 1475 4452 1641 4515; x_wconf 87' lang='lat' dir='ltr'><strong>Tunc</strong></span> <span class='ocrx_word' id='word_1_737' title='bbox 1683 4452 1764 4514; x_wconf 87' lang='lat' dir='ltr'><strong>ait</strong></span> <span class='ocrx_word' id='word_1_738' title='bbox 1800 4452 1919 4513; x_wconf 90' lang='lat' dir='ltr'><strong>illis</strong></span> <span class='ocrx_word' id='word_1_739' title='bbox 1946 4450 2123 4513; x_wconf 81' lang='lat' dir='ltr'><strong>Jesus</strong></span> <span class='ocrx_word' id='word_1_740' title='bbox 2158 4469 2171 4514; x_wconf 94' lang='lat'><strong>:</strong></span> 
     </span>
    </p>
   </div>
   <div class='ocr_carea' id='block_1_93' title="bbox 510 4536 2172 4613">
    <p class='ocr_par' dir='ltr' id='par_1_93' title="bbox 510 4536 2172 4613">
     <span class='ocr_line' id='line_1_94' title="bbox 510 4536 2172 4613; baseline 0 -12"><span class='ocrx_word' id='word_1_741' title='bbox 510 4536 706 4601; x_wconf 86' lang='lat' dir='ltr'><strong>Nolite</strong></span> <span class='ocrx_word' id='word_1_742' title='bbox 730 4536 943 4600; x_wconf 85' lang='lat' dir='ltr'><strong>timere</strong></span> <span class='ocrx_word' id='word_1_743' title='bbox 977 4559 991 4601; x_wconf 91' lang='lat'><strong>:</strong></span> <span class='ocrx_word' id='word_1_744' title='bbox 1041 4539 1145 4613; x_wconf 89' lang='lat' dir='ltr'><strong>ite,</strong></span> <span class='ocrx_word' id='word_1_745' title='bbox 1195 4540 1537 4602; x_wconf 88' lang='lat' dir='ltr'><strong>renuntiate</strong></span> <span class='ocrx_word' id='word_1_746' title='bbox 1587 4541 1868 4603; x_wconf 80' lang='lat' dir='ltr'><strong>fratribus</strong></span> <span class='ocrx_word' id='word_1_747' title='bbox 1900 4541 2072 4610; x_wconf 88' lang='lat' dir='ltr'><strong>meis,</strong></span> <span class='ocrx_word' id='word_1_748' title='bbox 2108 4550 2172 4602; x_wconf 92' lang='lat' dir='ltr'><strong>ut</strong></span> 
     </span>
    </p>
   </div>
   <div class='ocr_carea' id='block_1_94' title="bbox 511 4625 2167 4709">
    <p class='ocr_par' dir='ltr' id='par_1_94' title="bbox 511 4625 2167 4709">
     <span class='ocr_line' id='line_1_95' title="bbox 511 4625 2167 4709; baseline 0 -18"><span class='ocrx_word' id='word_1_749' title='bbox 511 4637 648 4691; x_wconf 86' lang='lat' dir='ltr'><strong>eant</strong></span> <span class='ocrx_word' id='word_1_750' title='bbox 675 4628 734 4690; x_wconf 90' lang='lat' dir='ltr'><strong>in</strong></span> <span class='ocrx_word' id='word_1_751' title='bbox 767 4625 1089 4709; x_wconf 60' lang='lat' dir='ltr'><strong>Galilaeam,</strong></span> <span class='ocrx_word' id='word_1_752' title='bbox 1125 4635 1184 4690; x_wconf 90' lang='lat' dir='ltr'><strong>et</strong></span> <span class='ocrx_word' id='word_1_753' title='bbox 1233 4628 1313 4690; x_wconf 92' lang='lat' dir='ltr'><strong>ibi</strong></span> <span class='ocrx_word' id='word_1_754' title='bbox 1350 4647 1444 4690; x_wconf 88' lang='lat' dir='ltr'><strong>me</strong></span> <span class='ocrx_word' id='word_1_755' title='bbox 1476 4630 1783 4691; x_wconf 85' lang='lat' dir='ltr'><strong>videbunt.</strong></span> <span class='ocrx_word' id='word_1_756' title='bbox 1831 4656 1854 4689; x_wconf 76' lang='grc' dir='ltr'><strong>ι</strong></span> <span class='ocrx_word' id='word_1_757' title='bbox 1897 4630 2030 4690; x_wconf 70' lang='grc'><strong>165</strong></span> <span class='ocrx_word' id='word_1_758' title='bbox 2060 4629 2167 4691; x_wconf 87' lang='lat' dir='ltr'><strong>Di-</strong></span> 
     </span>
    </p>
   </div>
   <div class='ocr_carea' id='block_1_95' title="bbox 511 4717 2171 4791">
    <p class='ocr_par' dir='ltr' id='par_1_95' title="bbox 511 4717 2171 4791">
     <span class='ocr_line' id='line_1_96' title="bbox 511 4717 2171 4791; baseline -0.001 -10"><span class='ocrx_word' id='word_1_759' title='bbox 511 4719 593 4782; x_wconf 86' lang='lat' dir='ltr'><strong>cit</strong></span> <span class='ocrx_word' id='word_1_760' title='bbox 633 4718 1028 4781; x_wconf 88' lang='lat' dir='ltr'><strong>mulieribus:</strong></span> <span class='ocrx_word' id='word_1_761' title='bbox 1064 4718 1267 4780; x_wconf 80' lang='lat' dir='ltr'><strong>Avete.</strong></span> <span class='ocrx_word' id='word_1_762' title='bbox 1328 4717 1616 4791; x_wconf 89' lang='lat' dir='ltr'><strong>Quoniam</strong></span> <span class='ocrx_word' id='word_1_763' title='bbox 1669 4719 1828 4780; x_wconf 91' lang='lat' dir='ltr'><strong>enim</strong></span> <span class='ocrx_word' id='word_1_764' title='bbox 1876 4719 2171 4780; x_wconf 88' lang='lat' dir='ltr'><strong>mutiebre</strong></span> 
     </span>
    </p>
   </div>
   <div class='ocr_carea' id='block_1_96' title="bbox 512 4806 2171 4889">
    <p class='ocr_par' dir='ltr' id='par_1_96' title="bbox 512 4806 2171 4889">
     <span class='ocr_line' id='line_1_97' title="bbox 512 4806 2171 4889; baseline -0.001 -19"><span class='ocrx_word' id='word_1_765' title='bbox 512 4825 699 4887; x_wconf 74' lang='lat' dir='ltr'><strong>genus</strong></span> <span class='ocrx_word' id='word_1_766' title='bbox 717 4806 787 4870; x_wconf 90' lang='lat' dir='ltr'><strong>ad</strong></span> <span class='ocrx_word' id='word_1_767' title='bbox 811 4806 1105 4869; x_wconf 90' lang='lat' dir='ltr'><strong>tristitiam</strong></span> <span class='ocrx_word' id='word_1_768' title='bbox 1131 4808 1594 4870; x_wconf 89' lang='lat' dir='ltr'><strong>condemnatum</strong></span> <span class='ocrx_word' id='word_1_769' title='bbox 1612 4808 2043 4882; x_wconf 79' lang='lat' dir='ltr'><strong>fuit,Dominus</strong></span> <span class='ocrx_word' id='word_1_770' title='bbox 2064 4827 2171 4889; x_wconf 88' lang='lat' dir='ltr'><strong>per</strong></span> 
     </span>
    </p>
   </div>
   <div class='ocr_carea' id='block_1_97' title="bbox 508 4897 2170 4977">
    <p class='ocr_par' dir='ltr' id='par_1_97' title="bbox 508 4897 2170 4977">
     <span class='ocr_line' id='line_1_98' title="bbox 508 4897 2170 4977; baseline -0.002 -16"><span class='ocrx_word' id='word_1_771' title='bbox 508 4897 1014 4961; x_wconf 88' lang='lat' dir='ltr'><strong>resurrectionem</strong></span> <span class='ocrx_word' id='word_1_772' title='bbox 1086 4915 1250 4958; x_wconf 78' lang='lat' dir='ltr'><strong>suam</strong></span> <span class='ocrx_word' id='word_1_773' title='bbox 1317 4897 1597 4977; x_wconf 82' lang='lat' dir='ltr'><strong>gaudium</strong></span> <span class='ocrx_word' id='word_1_774' title='bbox 1662 4898 1855 4959; x_wconf 89' lang='lat' dir='ltr'><strong>attulit</strong></span> <span class='ocrx_word' id='word_1_775' title='bbox 1907 4898 2170 4960; x_wconf 80' lang='lat' dir='ltr'><strong>femineo</strong></span> 
     </span>
    </p>
   </div>
   <div class='ocr_carea' id='block_1_98' title="bbox 511 4985 2173 5068">
    <p class='ocr_par' dir='ltr' id='par_1_98' title="bbox 511 4985 2173 5068">
     <span class='ocr_line' id='line_1_99' title="bbox 511 4985 2173 5068; baseline -0.001 -19"><span class='ocrx_word' id='word_1_776' title='bbox 511 4985 769 5058; x_wconf 78' lang='lat' dir='ltr'><strong>sexui,et</strong></span> <span class='ocrx_word' id='word_1_777' title='bbox 788 4985 1095 5047; x_wconf 83' lang='lat' dir='ltr'><strong>benedixit</strong></span> <span class='ocrx_word' id='word_1_778' title='bbox 1118 4990 1313 5048; x_wconf 79' lang='lat' dir='ltr'><strong>eis.At</strong></span> <span class='ocrx_word' id='word_1_779' title='bbox 1336 4988 1450 5049; x_wconf 66' lang='lat' dir='ltr'><strong>illa:</strong></span> <span class='ocrx_word' id='word_1_780' title='bbox 1483 5005 1602 5068; x_wconf 66' lang='lat' dir='ltr'><strong>pra:</strong></span> <span class='ocrx_word' id='word_1_781' title='bbox 1636 4987 1817 5047; x_wconf 91' lang='lat' dir='ltr'><strong>multa</strong></span> <span class='ocrx_word' id='word_1_782' title='bbox 1838 4988 2173 5048; x_wconf 81' lang='lat' dir='ltr'><strong>reverentia</strong></span> 
     </span>
    </p>
   </div>
   <div class='ocr_carea' id='block_1_99' title="bbox 511 5074 2173 5157">
    <p class='ocr_par' dir='ltr' id='par_1_99' title="bbox 511 5074 2173 5157">
     <span class='ocr_line' id='line_1_100' title="bbox 511 5074 2173 5157; baseline 0 -19"><span class='ocrx_word' id='word_1_783' title='bbox 511 5082 572 5138; x_wconf 84' lang='lat' dir='ltr'><strong>et</strong></span> <span class='ocrx_word' id='word_1_784' title='bbox 591 5074 822 5137; x_wconf 81' lang='lat' dir='ltr'><strong>honore</strong></span> <span class='ocrx_word' id='word_1_785' title='bbox 845 5080 904 5133; x_wconf 90' lang='lat' dir='ltr'><strong>et</strong></span> <span class='ocrx_word' id='word_1_786' title='bbox 917 5084 1163 5155; x_wconf 89' lang='lat' dir='ltr'><strong>propter</strong></span> <span class='ocrx_word' id='word_1_787' title='bbox 1177 5077 1457 5157; x_wconf 90' lang='lat' dir='ltr'><strong>pietatem</strong></span> <span class='ocrx_word' id='word_1_788' title='bbox 1477 5078 1662 5157; x_wconf 88' lang='lat' dir='ltr'><strong>pedes</strong></span> <span class='ocrx_word' id='word_1_789' title='bbox 1677 5076 1807 5156; x_wconf 90' lang='lat' dir='ltr'><strong>ejus</strong></span> <span class='ocrx_word' id='word_1_790' title='bbox 1826 5084 2173 5142; x_wconf 86' lang='lat' dir='ltr'><strong>tenent.non</strong></span> 
     </span>
    </p>
   </div>
   <div class='ocr_carea' id='block_1_100' title="bbox 510 5162 2172 5246">
    <p class='ocr_par' dir='ltr' id='par_1_100' title="bbox 510 5162 2172 5246">
     <span class='ocr_line' id='line_1_101' title="bbox 510 5162 2172 5246; baseline 0.001 -21"><span class='ocrx_word' id='word_1_791' title='bbox 510 5162 802 5225; x_wconf 73' lang='lat' dir='ltr'><strong>audentes</strong></span> <span class='ocrx_word' id='word_1_792' title='bbox 830 5162 1004 5223; x_wconf 89' lang='lat' dir='ltr'><strong>aliam</strong></span> <span class='ocrx_word' id='word_1_793' title='bbox 1037 5166 1307 5244; x_wconf 86' lang='lat' dir='ltr'><strong>corporis</strong></span> <span class='ocrx_word' id='word_1_794' title='bbox 1329 5174 1553 5246; x_wconf 89' lang='lat' dir='ltr'><strong>partem</strong></span> <span class='ocrx_word' id='word_1_795' title='bbox 1587 5166 1961 5245; x_wconf 87' lang='lat' dir='ltr'><strong>contingere,</strong></span> <span class='ocrx_word' id='word_1_796' title='bbox 1998 5184 2172 5243; x_wconf 72' lang='lat' dir='ltr'><strong>quam</strong></span> 
     </span>
    </p>
   </div>
   <div class='ocr_carea' id='block_1_101' title="bbox 2258 4446 3907 4530">
    <p class='ocr_par' dir='ltr' id='par_1_101' title="bbox 2258 4446 3907 4530">
     <span class='ocr_line' id='line_1_102' title="bbox 2258 4446 3907 4530; baseline -0.004 -23"><span class='ocrx_word' id='word_1_797' title='bbox 2258 4450 2447 4530; x_wconf 84' lang='grc' dir='ltr'>πόδας,</span> <span class='ocrx_word' id='word_1_798' title='bbox 2506 4452 2591 4507; x_wconf 82' lang='grc' dir='ltr'><strong>καὶ</strong></span> <span class='ocrx_word' id='word_1_799' title='bbox 2647 4451 3042 4529; x_wconf 81' lang='grc' dir='ltr'>προσεκύνησαν</span> <span class='ocrx_word' id='word_1_800' title='bbox 3096 4452 3261 4523; x_wconf 68' lang='grc' dir='ltr'>αὐτῷ.</span> <span class='ocrx_word' id='word_1_801' title='bbox 3315 4448 3444 4506; x_wconf 84' lang='grc' dir='ltr'>Τότε</span> <span class='ocrx_word' id='word_1_802' title='bbox 3474 4446 3618 4525; x_wconf 80' lang='grc' dir='ltr'>λέγει</span> <span class='ocrx_word' id='word_1_803' title='bbox 3649 4450 3835 4511; x_wconf 73' lang='grc' dir='ltr'>αὐταῖς</span> <span class='ocrx_word' id='word_1_804' title='bbox 3879 4446 3907 4500; x_wconf 81' lang='grc' dir='ltr'><strong>ὃ</strong></span> 
     </span>
    </p>
   </div>
   <div class='ocr_carea' id='block_1_102' title="bbox 2259 4530 3907 4619">
    <p class='ocr_par' dir='ltr' id='par_1_102' title="bbox 2259 4530 3907 4619">
     <span class='ocr_line' id='line_1_103' title="bbox 2259 4530 3907 4619; baseline -0.001 -21"><span class='ocrx_word' id='word_1_805' title='bbox 2259 4540 2465 4607; x_wconf 82' lang='grc' dir='ltr'>Ἰησοῦς</span> <span class='ocrx_word' id='word_1_806' title='bbox 2501 4556 2513 4569; x_wconf 87' lang='grc'><strong>⁸</strong></span> <span class='ocrx_word' id='word_1_807' title='bbox 2576 4541 2664 4607; x_wconf 74' lang='grc' dir='ltr'><strong>Μὴ</strong></span> <span class='ocrx_word' id='word_1_808' title='bbox 2714 4537 2983 4619; x_wconf 73' lang='grc' dir='ltr'>φοϐεῖσθε,</span> <span class='ocrx_word' id='word_1_809' title='bbox 3043 4530 3325 4617; x_wconf 74' lang='grc' dir='ltr'>Ὑπάγετε,</span> <span class='ocrx_word' id='word_1_810' title='bbox 3372 4536 3731 4616; x_wconf 82' lang='grc' dir='ltr'>ἀπαγγείλατε</span> <span class='ocrx_word' id='word_1_811' title='bbox 3790 4545 3907 4597; x_wconf 74' lang='grc' dir='ltr'>τοῖς</span> 
     </span>
    </p>
   </div>
   <div class='ocr_carea' id='block_1_103' title="bbox 2255 4622 3905 4708">
    <p class='ocr_par' dir='ltr' id='par_1_103' title="bbox 2255 4622 3905 4708">
     <span class='ocr_line' id='line_1_104' title="bbox 2255 4622 3905 4708; baseline -0.004 -23"><span class='ocrx_word' id='word_1_812' title='bbox 2255 4628 2504 4708; x_wconf 72' lang='grc' dir='ltr'>ἀδελφοῖς</span> <span class='ocrx_word' id='word_1_813' title='bbox 2548 4651 2650 4705; x_wconf 77' lang='grc' dir='ltr'><strong>μου</strong></span> <span class='ocrx_word' id='word_1_814' title='bbox 2700 4628 2792 4683; x_wconf 72' lang='grc' dir='ltr'><strong>ἵνα</strong></span> <span class='ocrx_word' id='word_1_815' title='bbox 2852 4626 3151 4683; x_wconf 76' lang='grc' dir='ltr'>ἀπέλθωσιν</span> <span class='ocrx_word' id='word_1_816' title='bbox 3205 4627 3278 4691; x_wconf 86' lang='grc' dir='ltr'><strong>εἰς</strong></span> <span class='ocrx_word' id='word_1_817' title='bbox 3335 4626 3433 4693; x_wconf 78' lang='grc' dir='ltr'><strong>τὴν</strong></span> <span class='ocrx_word' id='word_1_818' title='bbox 3464 4624 3771 4705; x_wconf 83' lang='grc' dir='ltr'>Γαλιλαίαν,</span> <span class='ocrx_word' id='word_1_819' title='bbox 3804 4622 3905 4680; x_wconf 83' lang='grc' dir='ltr'><strong>κᾶ-</strong></span> 
     </span>
    </p>
   </div>
   <div class='ocr_carea' id='block_1_104' title="bbox 2256 4713 3901 4797">
    <p class='ocr_par' dir='ltr' id='par_1_104' title="bbox 2256 4713 3901 4797">
     <span class='ocr_line' id='line_1_105' title="bbox 2256 4713 3901 4797; baseline -0.004 -22"><span class='ocrx_word' id='word_1_820' title='bbox 2256 4733 2345 4775; x_wconf 86' lang='grc' dir='ltr'><strong>κεῖ</strong></span> <span class='ocrx_word' id='word_1_821' title='bbox 2391 4739 2457 4793; x_wconf 84' lang='grc' dir='ltr'><strong>με</strong></span> <span class='ocrx_word' id='word_1_822' title='bbox 2487 4716 2729 4795; x_wconf 71' lang='grc' dir='ltr'>ἅψονται.</span> <span class='ocrx_word' id='word_1_823' title='bbox 2765 4741 2793 4772; x_wconf 72' lang='grc' dir='ltr'><strong><em>ι</em></strong></span> <span class='ocrx_word' id='word_1_824' title='bbox 2824 4722 3135 4797; x_wconf 78' lang='grc' dir='ltr'>Προσφωνεῖ</span> <span class='ocrx_word' id='word_1_825' title='bbox 3168 4728 3289 4777; x_wconf 88' lang='grc' dir='ltr'>ταῖς</span> <span class='ocrx_word' id='word_1_826' title='bbox 3320 4713 3518 4793; x_wconf 79' lang='grc' dir='ltr'>γυναιξὶ</span> <span class='ocrx_word' id='word_1_827' title='bbox 3547 4716 3632 4795; x_wconf 82' lang='grc' dir='ltr'>τὸ,</span> <span class='ocrx_word' id='word_1_828' title='bbox 3664 4718 3901 4794; x_wconf 83' lang='grc' dir='ltr'>Χαίρετε.</span> 
     </span>
    </p>
   </div>
   <div class='ocr_carea' id='block_1_105' title="bbox 2260 4802 3903 4887">
    <p class='ocr_par' dir='ltr' id='par_1_105' title="bbox 2260 4802 3903 4887">
     <span class='ocr_line' id='line_1_106' title="bbox 2260 4802 3903 4887; baseline -0.004 -23"><span class='ocrx_word' id='word_1_829' title='bbox 2260 4806 2407 4866; x_wconf 85' lang='grc' dir='ltr'>Ἐπεὶ</span> <span class='ocrx_word' id='word_1_830' title='bbox 2463 4809 2562 4887; x_wconf 81' lang='grc' dir='ltr'><strong>γὰρ</strong></span> <span class='ocrx_word' id='word_1_831' title='bbox 2623 4811 2685 4864; x_wconf 80' lang='grc' dir='ltr'>τὸ</span> <span class='ocrx_word' id='word_1_832' title='bbox 2714 4818 3015 4886; x_wconf 85' lang='grc' dir='ltr'>γυναικεῖον</span> <span class='ocrx_word' id='word_1_833' title='bbox 3066 4804 3217 4884; x_wconf 85' lang='grc' dir='ltr'>γένος</span> <span class='ocrx_word' id='word_1_834' title='bbox 3264 4802 3542 4863; x_wconf 84' lang='grc' dir='ltr'>λυπεῖσθαι</span> <span class='ocrx_word' id='word_1_835' title='bbox 3600 4802 3903 4884; x_wconf 85' lang='grc' dir='ltr'>κατεκρίθη,</span> 
     </span>
    </p>
   </div>
   <div class='ocr_carea' id='block_1_106' title="bbox 2260 4893 3903 4975">
    <p class='ocr_par' dir='ltr' id='par_1_106' title="bbox 2260 4893 3903 4975">
     <span class='ocr_line' id='line_1_107' title="bbox 2260 4893 3903 4975; baseline -0.004 -22"><span class='ocrx_word' id='word_1_836' title='bbox 2260 4899 2287 4953; x_wconf 85' lang='grc' dir='ltr'><strong>ὁ</strong></span> <span class='ocrx_word' id='word_1_837' title='bbox 2346 4898 2530 4975; x_wconf 76' lang='grc' dir='ltr'>Κύριος</span> <span class='ocrx_word' id='word_1_838' title='bbox 2573 4894 2657 4955; x_wconf 73' lang='grc' dir='ltr'>διὰ</span> <span class='ocrx_word' id='word_1_839' title='bbox 2711 4896 2807 4965; x_wconf 78' lang='grc' dir='ltr'><strong>τῆς</strong></span> <span class='ocrx_word' id='word_1_840' title='bbox 2866 4895 3204 4956; x_wconf 76' lang='grc' dir='ltr'>ἀναστάσεως</span> <span class='ocrx_word' id='word_1_841' title='bbox 3236 4893 3393 4949; x_wconf 75' lang='grc' dir='ltr'><strong>αὒτοῦ</strong></span> <span class='ocrx_word' id='word_1_842' title='bbox 3420 4893 3520 4960; x_wconf 68' lang='grc' dir='ltr'>τὴν</span> <span class='ocrx_word' id='word_1_843' title='bbox 3564 4894 3739 4974; x_wconf 75' lang='grc' dir='ltr'>χαρὰν</span> <span class='ocrx_word' id='word_1_844' title='bbox 3768 4911 3903 4969; x_wconf 88' lang='grc' dir='ltr'>προ-</span> 
     </span>
    </p>
   </div>
   <div class='ocr_carea' id='block_1_107' title="bbox 2262 4978 3902 5064">
    <p class='ocr_par' dir='ltr' id='par_1_107' title="bbox 2262 4978 3902 5064">
     <span class='ocr_line' id='line_1_108' title="bbox 2262 4978 3902 5064; baseline -0.002 -22"><span class='ocrx_word' id='word_1_845' title='bbox 2262 4987 2473 5053; x_wconf 79' lang='grc' dir='ltr'>εξὲνησε</span> <span class='ocrx_word' id='word_1_846' title='bbox 2532 4994 2607 5060; x_wconf 82' lang='grc' dir='ltr'>τῷ</span> <span class='ocrx_word' id='word_1_847' title='bbox 2656 4986 2937 5064; x_wconf 73' lang='grc' dir='ltr'>γυναικείῳ</span> <span class='ocrx_word' id='word_1_848' title='bbox 2998 4983 3159 5061; x_wconf 76' lang='grc' dir='ltr'>γένει,</span> <span class='ocrx_word' id='word_1_849' title='bbox 3232 4985 3320 5038; x_wconf 88' lang='grc' dir='ltr'>καὶ</span> <span class='ocrx_word' id='word_1_850' title='bbox 3378 4980 3666 5061; x_wconf 65' lang='grc' dir='ltr'>εὐλόγησεν</span> <span class='ocrx_word' id='word_1_851' title='bbox 3723 4978 3902 5043; x_wconf 74' lang='grc' dir='ltr'>αὒτάς.</span> 
     </span>
    </p>
   </div>
   <div class='ocr_carea' id='block_1_108' title="bbox 2264 5066 3907 5148">
    <p class='ocr_par' dir='ltr' id='par_1_108' title="bbox 2264 5066 3907 5148">
     <span class='ocr_line' id='line_1_109' title="bbox 2264 5066 3907 5148; baseline -0.005 -17"><span class='ocrx_word' id='word_1_852' title='bbox 2264 5077 2353 5131; x_wconf 68' lang='grc' dir='ltr'><strong>Διὸ</strong></span> <span class='ocrx_word' id='word_1_853' title='bbox 2408 5074 2607 5131; x_wconf 74' lang='grc' dir='ltr'>ἐκεῖναι</span> <span class='ocrx_word' id='word_1_854' title='bbox 2665 5075 2771 5131; x_wconf 77' lang='grc' dir='ltr'>ἀπὸ</span> <span class='ocrx_word' id='word_1_855' title='bbox 2840 5079 2939 5140; x_wconf 81' lang='grc' dir='ltr'>τῆς</span> <span class='ocrx_word' id='word_1_856' title='bbox 2994 5071 3203 5139; x_wconf 77' lang='grc' dir='ltr'>πολλῆς</span> <span class='ocrx_word' id='word_1_857' title='bbox 3274 5072 3391 5148; x_wconf 84' lang='grc' dir='ltr'>περὶ</span> <span class='ocrx_word' id='word_1_858' title='bbox 3431 5073 3587 5128; x_wconf 77' lang='grc' dir='ltr'>αὐτὸν</span> <span class='ocrx_word' id='word_1_859' title='bbox 3617 5068 3790 5131; x_wconf 68' lang='grc' dir='ltr'>αἰδοῦς</span> <span class='ocrx_word' id='word_1_860' title='bbox 3818 5066 3907 5123; x_wconf 81' lang='grc' dir='ltr'>καὶ</span> 
     </span>
    </p>
   </div>
   <div class='ocr_carea' id='block_1_109' title="bbox 2257 5153 3904 5241">
    <p class='ocr_par' dir='ltr' id='par_1_109' title="bbox 2257 5153 3904 5241">
     <span class='ocr_line' id='line_1_110' title="bbox 2257 5153 3904 5241; baseline -0.007 -20"><span class='ocrx_word' id='word_1_861' title='bbox 2257 5169 2440 5241; x_wconf 78' lang='grc' dir='ltr'>τιμῆς,</span> <span class='ocrx_word' id='word_1_862' title='bbox 2504 5165 2623 5228; x_wconf 78' lang='grc' dir='ltr'>τοὺς</span> <span class='ocrx_word' id='word_1_863' title='bbox 2682 5162 2845 5227; x_wconf 86' lang='grc' dir='ltr'>πόδας</span> <span class='ocrx_word' id='word_1_864' title='bbox 2892 5166 3047 5221; x_wconf 72' lang='grc' dir='ltr'>αὐτον</span> <span class='ocrx_word' id='word_1_865' title='bbox 3088 5168 3360 5239; x_wconf 76' lang='grc' dir='ltr'>κρατοῦσι,</span> <span class='ocrx_word' id='word_1_866' title='bbox 3394 5158 3462 5217; x_wconf 83' lang='grc' dir='ltr'>δι’</span> <span class='ocrx_word' id='word_1_867' title='bbox 3496 5158 3770 5220; x_wconf 71' lang='grc' dir='ltr'>εὗλάϐειαν</span> <span class='ocrx_word' id='word_1_868' title='bbox 3826 5153 3904 5241; x_wconf 66' lang='grc' dir='ltr'>μιῂ</span> 
     </span>
    </p>
   </div>
   <div class='ocr_carea' id='block_1_110' title="bbox 513 5236 2164 5341">
    <p class='ocr_par' dir='ltr' id='par_1_110' title="bbox 513 5236 2164 5336">
     <span class='ocr_line' id='line_1_111' title="bbox 513 5236 2164 5336; baseline 0.002 -23"><span class='ocrx_word' id='word_1_869' title='bbox 513 5259 808 5314; x_wconf 79' lang='lat' dir='ltr'><strong>extremas</strong></span> <span class='ocrx_word' id='word_1_870' title='bbox 843 5251 1000 5316; x_wconf 81' lang='lat' dir='ltr'><strong>illas.</strong></span> <span class='ocrx_word' id='word_1_871' title='bbox 1029 5236 1279 5325; x_wconf 79' lang='lat' dir='ltr'><strong>Quidam</strong></span> <span class='ocrx_word' id='word_1_872' title='bbox 1309 5236 1505 5315; x_wconf 71' lang='lat' dir='ltr'><strong>autem</strong></span> <span class='ocrx_word' id='word_1_873' title='bbox 1533 5253 1743 5316; x_wconf 91' lang='lat' dir='ltr'><strong>dicunt</strong></span> <span class='ocrx_word' id='word_1_874' title='bbox 1768 5236 1966 5317; x_wconf 63' lang='lat' dir='ltr'><strong>dedita</strong></span> <span class='ocrx_word' id='word_1_875' title='bbox 1994 5236 2164 5336; x_wconf 79' lang='lat' dir='ltr'><strong>opera</strong></span> 
     </span>
    </p>
   </div>
   <div class='ocr_carea' id='block_1_111' title="bbox 2248 5236 3901 5341">
    <p class='ocr_par' dir='ltr' id='par_1_111' title="bbox 2257 5236 3901 5341">
     <span class='ocr_line' id='line_1_112' title="bbox 2257 5236 3901 5341; baseline -0.005 -30"><span class='ocrx_word' id='word_1_876' title='bbox 2257 5236 2531 5331; x_wconf 75' lang='grc' dir='ltr'>τόλμῶσαι</span> <span class='ocrx_word' id='word_1_877' title='bbox 2585 5252 2747 5311; x_wconf 74' lang='grc' dir='ltr'>ἄλλου</span> <span class='ocrx_word' id='word_1_878' title='bbox 2791 5252 2982 5331; x_wconf 84' lang='grc' dir='ltr'>μέρους</span> <span class='ocrx_word' id='word_1_879' title='bbox 3012 5236 3382 5327; x_wconf 79' lang='grc' dir='ltr'>τοῦσώματος</span> <span class='ocrx_word' id='word_1_880' title='bbox 3440 5247 3694 5326; x_wconf 74' lang='grc' dir='ltr'>ἅψασθαι,</span> <span class='ocrx_word' id='word_1_881' title='bbox 3739 5242 3784 5297; x_wconf 64' lang='lat' dir='ltr'><strong>Ii</strong></span> <span class='ocrx_word' id='word_1_882' title='bbox 3825 5236 3901 5311; x_wconf 64' lang='grc' dir='ltr'>μὴ</span> 
     </span>
    </p>
   </div>
   <div class='ocr_carea' id='block_1_112' title="bbox 1470 5384 2738 5453">
    <p class='ocr_par' dir='ltr' id='par_1_112' title="bbox 1470 5384 2738 5453">
     <span class='ocr_line' id='line_1_113' title="bbox 1470 5384 2738 5453; baseline -0.005 -2"><span class='ocrx_word' id='word_1_883' title='bbox 1470 5388 1554 5453; x_wconf 79' lang='lat' dir='ltr'><strong>Ex</strong></span> <span class='ocrx_word' id='word_1_884' title='bbox 1586 5389 1909 5452; x_wconf 87' lang='lat' dir='ltr'><strong>collatione</strong></span> <span class='ocrx_word' id='word_1_885' title='bbox 1938 5385 2114 5453; x_wconf 87' lang='lat' dir='ltr'><strong>codd.</strong></span> <span class='ocrx_word' id='word_1_886' title='bbox 2160 5387 2380 5451; x_wconf 89' lang='lat' dir='ltr'><strong>Venet.</strong></span> <span class='ocrx_word' id='word_1_887' title='bbox 2431 5386 2495 5448; x_wconf 93' lang='lat' dir='ltr'><strong>S.</strong></span> <span class='ocrx_word' id='word_1_888' title='bbox 2530 5384 2738 5446; x_wconf 80' lang='lat' dir='ltr'><strong>Marci.</strong></span> 
     </span>
    </p>
   </div>
   <div class='ocr_carea' id='block_1_113' title="bbox 611 5515 1672 5601">
    <p class='ocr_par' dir='ltr' id='par_1_113' title="bbox 611 5515 1672 5601">
     <span class='ocr_line' id='line_1_114' title="bbox 611 5515 1672 5601; baseline -0.004 -18"><span class='ocrx_word' id='word_1_889' title='bbox 611 5516 745 5600; x_wconf 83' lang='lat'><strong>(36)</strong></span> <span class='ocrx_word' id='word_1_890' title='bbox 776 5515 900 5583; x_wconf 85' lang='lat' dir='ltr'><strong>Cod</strong></span> <span class='ocrx_word' id='word_1_891' title='bbox 942 5518 1023 5585; x_wconf 81' lang='lat'><strong>30</strong></span> <span class='ocrx_word' id='word_1_892' title='bbox 1049 5526 1119 5598; x_wconf 73' lang='grc' dir='ltr'><strong>τῇ</strong></span> <span class='ocrx_word' id='word_1_893' title='bbox 1146 5518 1392 5599; x_wconf 71' lang='grc' dir='ltr'>πέμπτῃ,</span> <span class='ocrx_word' id='word_1_894' title='bbox 1427 5522 1672 5601; x_wconf 72' lang='grc' dir='ltr'>ἰσπέρας,</span> 
     </span>
    </p>
   </div>
   <div class='ocr_carea' id='block_1_114' title="bbox 602 5635 3916 5736">
    <p class='ocr_par' dir='ltr' id='par_1_114' title="bbox 602 5635 3916 5736">
     <span class='ocr_line' id='line_1_115' title="bbox 602 5635 3916 5736; baseline -0.006 -19"><span class='ocrx_word' id='word_1_895' title='bbox 602 5649 693 5731; x_wconf 80' lang='grc' dir='ltr'><strong>(ο)</strong></span> <span class='ocrx_word' id='word_1_896' title='bbox 728 5648 889 5715; x_wconf 77' lang='lat' dir='ltr'><strong>ldit.</strong></span> <span class='ocrx_word' id='word_1_897' title='bbox 936 5650 1071 5718; x_wconf 86' lang='lat' dir='ltr'><strong>Lut.</strong></span> <span class='ocrx_word' id='word_1_898' title='bbox 1102 5652 1297 5729; x_wconf 77' lang='lat' dir='ltr'><strong>vertit,</strong></span> <span class='ocrx_word' id='word_1_899' title='bbox 1329 5653 1810 5736; x_wconf 71' lang='lat' dir='ltr'><strong>ingredientibus</strong></span> <span class='ocrx_word' id='word_1_900' title='bbox 1833 5652 2189 5717; x_wconf 70' lang='lat' dir='ltr'><strong>mulieribus</strong></span> <span class='ocrx_word' id='word_1_901' title='bbox 2200 5652 2430 5733; x_wconf 70' lang='lat' dir='ltr'><strong>punire</strong></span> <span class='ocrx_word' id='word_1_902' title='bbox 2456 5650 2765 5727; x_wconf 71' lang='lat' dir='ltr'><strong>mulieres,</strong></span> <span class='ocrx_word' id='word_1_903' title='bbox 2798 5660 2861 5715; x_wconf 76' lang='lat' dir='ltr'><strong>et</strong></span> <span class='ocrx_word' id='word_1_904' title='bbox 2883 5652 3101 5715; x_wconf 65' lang='lat' dir='ltr'><strong>iterum</strong></span> <span class='ocrx_word' id='word_1_905' title='bbox 3130 5645 3492 5731; x_wconf 69' lang='lat' dir='ltr'><strong>apparuisse</strong></span> <span class='ocrx_word' id='word_1_906' title='bbox 3519 5643 3587 5706; x_wconf 68' lang='lat' dir='ltr'><strong>in</strong></span> <span class='ocrx_word' id='word_1_907' title='bbox 3610 5635 3916 5723; x_wconf 62' lang='lat' dir='ltr'><strong>sepulcro,</strong></span> 
     </span>
    </p>
   </div>
  </div>
