4170 6464
375 376 493 440 483

1330 368 1923 437 THEOPHYLACTI
1968 368 2379 432 BULGARLE
2426 364 2772 430 ARCHIEP.

3628 349 3754 413 484

372 509 501 571 dies
524 509 928 589 quadraginta,
951 506 1243 568 accedens
1263 513 1320 567 et
1342 504 1697 575 abscedens,
1724 522 1842 564 non
1867 521 2014 565 sem-

2104 522 2208 557 νων
2239 515 2256 533 ο
2303 498 2560 563 πολλάκις
2620 499 2720 575 γὰρ
2752 498 2919 577 ἐφάνη
2962 501 3169 571 αὐτοῖς,
3204 493 3269 552 δι’
3312 498 3525 573 ἡμερῶν
3558 511 3753 589 τεσσαῖ

376 618 482 679 per
504 608 561 659 et
581 597 798 677 ubique
811 596 898 657 eis
921 613 1203 676 praesens.
1232 594 1521 655 Undecim
1547 593 1722 671 igitur
1743 591 2018 673 discipuli

374 686 458 747 illi
476 685 758 767 praecipui
785 704 915 745 cum
942 683 1476 763 reliquisomribus
1496 685 1591 762 qui
1618 681 2023 762 sequebantur

370 772 1027 845 Christum,adorabaut
1049 791 1181 833 eum
1220 770 1289 832 lli
1315 781 1508 833 autem
1534 770 2021 850 dubitarunt,hoc

370 871 458 923 est
483 862 744 941 quidam.
791 860 1164 924 dubitarunt.
1202 860 1516 924 Probabile
1546 869 1633 921 est
1657 860 1812 939 quod
1840 859 1924 919 sic
1946 860 2021 919 sit

367 949 842 1029 intelligendum.
880 948 1166 1011 Undecim
1200 950 1477 1011 abierunt
1510 950 1569 1009 in
1601 948 1929 1027 Galilaeam,
1965 957 2021 1008 et

367 1039 642 1100 undecim
669 1039 1067 1100 adoraverunt
1089 1038 1664 1113 Illum.Hiautem,id
1692 1041 2015 1121 est,aliqui,

363 1128 515 1189 forte
556 1146 625 1189 ex
671 1128 762 1189 his
793 1129 893 1208 qui
939 1148 1006 1189 ex
1054 1130 1425 1209 septuaginta
1456 1138 1644 1200 erant,
1679 1128 1753 1190 de
1780 1131 2017 1199 Christo

366 1216 751 1279 dubitarunt:
792 1227 994 1295 postea
1043 1230 1238 1280 autem
1294 1227 1350 1278 et
1393 1218 1727 1280 confirmati
1757 1218 2015 1281 fuerunt.

364 1305 649 1367 Nonnulli
674 1307 758 1367 sic
776 1306 1115 1386 intelligunt
1134 1307 1287 1387 quod
1306 1307 1613 1370 Mattliaeus
1635 1307 1874 1387 quidem
1904 1328 2019 1369 non

364 1395 727 1475 expresserit
750 1396 987 1475 quinam
1025 1395 1391 1456 dubitassem
1432 1412 1444 1457 :
1493 1395 1647 1475 quod
1682 1405 1875 1456 autem
1912 1399 2020 1459 iste

364 1482 589 1556 omisit,
613 1485 872 1546 Joannes
895 1484 1063 1559 dixit,
1095 1503 1309 1564 nempe
1335 1486 1489 1564 quod
1516 1482 1774 1546 Thomas
1796 1487 2017 1548 essetis

365 1571 467 1653 qui
486 1572 799 1634 dubitarat.
828 1573 1002 1634 Forte
1024 1584 1218 1634 autem
1246 1582 1301 1633 et
1330 1591 1537 1634 omnes
1561 1573 1929 1649 dubitarunt,
1955 1576 2013 1636 id

366 1661 520 1741 quod
554 1661 741 1723 Lucas
764 1662 924 1723 dicit.
960 1662 1157 1723 Debes
1180 1663 1353 1740 igitur
1375 1661 1458 1722 sic
1484 1661 1837 1742 intelligere,
1857 1665 2013 1745 quod

366 1768 498 1811 cum
526 1750 823 1812 venissent
855 1752 912 1812 in
945 1751 1274 1830 Galilaeam,
1299 1752 1690 1813 adoraverunt
1731 1771 1890 1818 eum.
1926 1754 2012 1817 [lli

2098 1748 2369 1806 ἐδίστασαν
2402 1766 2418 1781 ⁸

2104 590 2331 669 ράκοντα
2417 588 2764 670 ἐφιστάμενος
2842 589 2930 643 καὶ
3009 584 3171 643 πάλιν
3250 583 3640 670 ἀφιστάμενος,
3694 579 3755 635 οὗ

2103 682 2328 737 πάντοτε
2401 669 2488 737 καὶ
2541 678 2719 735 διόλου
2788 678 2970 741 αὑτοῖς
3015 678 3329 755 συμπαρών,
3356 676 3416 732 Ol
3454 673 3544 728 οὗν
3571 669 3754 727 ἕνδεκα

2105 773 2336 845 μαθηταὶ
2394 773 2440 825 οἱ
2519 779 2827 847 κορυφαῖοι,
2903 768 2994 823 σὺν
3051 780 3169 829 τοῖς
3244 764 3455 826 λοιποῖς
3536 760 3749 821 πάντως

2105 859 2269 914 ἅπασι
2336 871 2453 922 τοῖς
2514 856 2886 935 ἀκολουθοῦσι,
2942 862 3018 930 τῷ
3080 861 3289 934 Χριστῷ
3332 851 3750 933 προσεκύνησαν·

2104 950 2147 1004 οἱ
2207 946 2262 1003 δὲ
2318 946 2611 1005 ἐδίστασαν·
2700 946 2811 1002 ἀντὶ
2892 954 3008 1025 τοῦ,
3094 945 3235 1009 τινὲς
3318 941 3372 999 δὲ
3458 938 3753 999 ἐδίστασαν,

2104 1038 2259 1101 Εἷκός
2318 1039 2407 1094 οὗν
2465 1036 2604 1094 οὕτω
2676 1037 2976 1102 νοηθῆναι·
3025 1037 3085 1093 Oi
3154 1031 3336 1089 ἕνδεκα
3378 1031 3611 1107 μαθηταὶ
3638 1027 3758 1085 ἐπο-

2104 1127 2359 1204 ρεύθησαν
2403 1127 2476 1189 εἰς
2519 1126 2620 1191 τὴν
2669 1122 2975 1199 Γαλιλαίαν,
3017 1124 3105 1180 καὶ
3159 1122 3555 1201 προσεκύνησαν
3614 1118 3760 1190 αὑτῷ

2105 1216 2151 1270 οἱ
2196 1212 2402 1272 ἕνδεκα.
2465 1216 2525 1271 Οἱ
2568 1212 2645 1284 δὲ,
2698 1213 2811 1268 ἀντὶ
2848 1219 2959 1287 τοῦ,
3013 1213 3153 1275 τινὲς
3211 1209 3290 1286 δὲ,
3340 1212 3505 1290 τυχὸν
3550 1207 3612 1264 ἐκ
3649 1213 3757 1263 τῶν

2105 1302 2497 1380 ἐϐδομήκοντα,
2542 1301 2813 1360 ἐδίστασαν
2875 1304 2993 1379 περὶ
3056 1312 3149 1361 τοῦ
3192 1308 3435 1379 Χριστοῦ.
3486 1290 3757 1375 ’Ὕστερον

2106 1394 2289 1469 μέντοι
2320 1391 2719 1453 ἐϐεϐαιώθησαν
2761 1394 2849 1449 καὶ
2908 1392 3074 1450 αὐτοί.
3124 1392 3271 1455 Τινὲς
3321 1388 3375 1446 δὲ
3405 1388 3543 1445 οὕτω
3600 1395 3755 1446 νοοῦ-

2105 1506 2211 1555 σιν,
2258 1484 2339 1539 ὸτι
2396 1484 2423 1538 ὁ
2483 1483 2581 1557 μὲν
2636 1484 2905 1544 Ματθατος
2956 1480 3194 1559 παρῆκεν
3244 1481 3414 1535 εἰπεῖν
3442 1480 3578 1541 τίνες
3619 1475 3756 1544 ἦσαν

2100 1574 2147 1627 οἱ
2204 1571 2543 1635 διστάσαντες
2578 1586 2593 1600 ⁹
2643 1571 2671 1625 ὃ
2726 1568 2781 1626 δέ
2840 1574 3080 1648 παρῆκεν
3128 1571 3304 1647 οὗτος,
3338 1572 3490 1625 εἶπεν
3520 1569 3548 1623 6
3580 1565 3757 1623 ἸωΞιν⁶

2100 1682 2218 1734 νης,
2254 1660 2334 1716 ὅτι
2367 1666 2561 1735 Θωμᾶς
2591 1662 2659 1727 ἦν
2701 1661 2729 1715 6
2757 1657 3012 1721 διστάσας
3046 1675 3063 1691 ⁸
3127 1660 3295 1739 τυχὸν
3347 1656 3402 1713 δὲ
3436 1658 3520 1713 καὶ
3561 1656 3757 1717 πάντες

2478 1749 2609 1829 ὅπερ
2650 1750 2680 1805 ό
2737 1754 2940 1811 Λουκᾶς
2985 1746 3153 1826 λέγει,
3211 1745 3468 1828 ὀφεὶλεις
3499 1748 3588 1802 οὖν
3617 1743 3756 1802 οὕτω

364 1849 563 1901 autem
587 1841 685 1920 qui
709 1842 1029 1901 adorarunt
1049 1839 1646 1921 inGaIilzea,primum
1665 1841 2014 1910 dubitarunt

2098 1844 2309 1913 νοῆσαι,
2370 1838 2449 1894 ὅτι
2510 1838 2583 1901 εἰς
2641 1837 2738 1913 μὲν
2793 1838 2889 1905 τὴν
2959 1835 3243 1893 Γαλιλαίαν
3286 1835 3549 1909 ἐλθόντες,
3582 1854 3755 1912 προσ-

362 1929 422 1989 in
444 1925 799 2003 Jerusalem,
827 1928 982 1990 sicut
1010 1931 1201 1991 Lucas
1228 1928 1390 1989 dicit.
1424 1929 1679 1991 Locutus
1702 1939 1789 1991 est
1820 1932 2014 2011 itaque

360 2017 481 2078 illis
504 2018 677 2078 .lesus
704 2034 715 2079 :
760 2044 784 2071 α
817 2016 958 2079 Data
980 2026 1069 2079 est
1094 2018 1241 2079 mihi
1270 2019 1467 2079 omnis
1503 2029 1762 2099 potestas
1785 2023 1841 2080 in
1864 2022 2014 2082 caelo

365 2114 425 2168 et
446 2106 503 2166 in
527 2113 749 2167 terra.)
774 2105 897 2169 Hoc
919 2106 1159 2187 quidem
1184 2107 1341 2168 hunc
1354 2125 1595 2170 sensum
1621 2108 2015 2171 habet-Habui

363 2194 605 2276 quidem
629 2196 785 2257 sicut
826 2195 981 2258 Deus
1008 2205 1066 2257 et
1094 2194 1304 2277 Opifex
1330 2207 1676 2276 potestatem
1701 2200 1965 2260 omnium
2003 2218 2018 2259 :

366 2311 393 2341 ι
420 2282 635 2348 Omnia
658 2286 816 2347 enim
835 2286 1103 2347 serviunt
1128 2286 1232 2345 tibi
1258 2287 1338 2363 Ἡ,
1370 2312 1395 2341 π
1424 2286 1569 2347 dixit
1598 2287 1668 2349 ad
1700 2290 1888 2352 Deum
1912 2287 2020 2349 Da.

363 2376 504 2440 vid:
554 2378 658 2439 sed
719 2374 1110 2436 voluntariam
1172 2376 1603 2455 subjectionem
1660 2396 1776 2437 non
1813 2376 2013 2453 habui,

364 2485 537 2547 quam
591 2484 751 2527 nunc
800 2464 1112 2526 habiturus
1143 2483 1296 2526 sum.
1336 2463 1617 2543 Subiecta
1648 2466 1806 2527 enim
1842 2479 2020 2527 erunt

363 2557 507 2617 mihi
538 2555 778 2618 omnia:
815 2555 1048 2635 quando
1077 2554 1319 2633 quidem
1352 2571 1459 2634 per
1490 2574 1729 2617 crucem
1758 2556 2017 2617 vicieum

362 2646 463 2725 qui
507 2654 858 2725 potestatem
910 2643 1167 2705 habebat
1199 2644 1428 2703 mortis.
1478 2646 1703 2724 Duplex
1739 2645 1898 2705 enim
1933 2652 2023 2707 est

362 2733 701 2796 obedientia
728 2741 787 2794 et
823 2732 1115 2811 subjectio
1144 2752 1158 2792 :
1193 2732 1589 2794 involuntaria
1636 2734 1885 2808 scilicet,
1920 2752 2020 2797 se-

362 2824 626 2885 cundum
657 2840 825 2905 quam
854 2841 1063 2883 omnes
1079 2842 1282 2882 sumus
1300 2824 1451 2883 servi
1477 2822 1792 2903 Dei,etiam
1820 2825 1877 2885 in
1891 2845 1912 2881 ι
1930 2826 2018 2913 ἰῑί,

365 2913 863 2993 quemadmodum
921 2921 980 2973 et
1028 2912 1331 2973 daemones
1362 2912 1475 2991 ipsi
1508 2933 1521 2971 :
1580 2923 1638 2973 et
1669 2912 2017 2989 voluntaria,

353 3004 655 3081 quomodo
690 3003 903 3063 Paulus
973 3011 1100 3062 erat
1136 3020 1347 3062 servus
1397 3002 1635 3064 Christi.
1674 3004 1817 3065 Cum
1856 3004 2022 3082 prius

2100 1929 2359 1994 εκύνησαν
2416 1928 2558 2001 αῦτῷ
2590 1942 2607 1959 ⁶
2653 1929 2801 1983 οὗτοι
2848 1924 2902 1981 δὲ
2970 1927 3018 1981 οἱ
3074 1927 3533 2004 προσκυνήσαντες
3589 1922 3644 1978 ἐν
3685 1926 3756 1997 τῇ

2100 2015 2378 2092 Γαλιλαία,
2440 2014 2713 2071 ἐδίστασαν
2783 2016 3036 2093 πρότερον
3115 2015 3170 2071 ἐν
3253 2021 3323 2091 τῇ
3381 2005 3752 2092 Ἰερουσαλὴμ,

2099 2111 2172 2171 ὡς
2231 2110 2260 2165 6
2316 2114 2520 2171 Λουκᾶς
2574 2129 2760 2187 φησιν.
2786 2105 3082 2173 Ἐλάλησεν
3115 2106 3205 2164 οὖν
3234 2110 3417 2169 αὑτοῖς
3463 2107 3491 2161 6
3520 2104 3751 2178 Ἰησοῦς,

2102 2199 2182 2255 ὅτι
2221 2218 2245 2255 ε
2282 2195 2474 2264 Ἐδόθη
2506 2219 2597 2272 μοι
2623 2203 2765 2253 πᾶσα
2795 2194 2998 2262 ἐξουσία
3027 2198 3082 2255 ἐν
3111 2196 3314 2275 οῦρανῷ
3341 2196 3430 2253 καὶ
3459 2194 3544 2251 ἐπὶ
3569 2193 3692 2273 γῆς,
3722 2214 3749 2249 ο

2103 2289 2267 2345 Τοῦτο
2319 2284 2374 2341 δὶ
2430 2294 2669 2344 τοιοῦτον
2698 2286 2839 2344 ἐστιν
2880 2306 2896 2325 ·
2928 2290 3101 2367 Εἶχον
3129 2286 3228 2362 μὶν
3255 2288 3328 2351 ὡς
3358 2286 3487 2351 Θεὸς
3516 2286 3604 2341 καὶ
3637 2295 3753 2351 Δη-

2101 2378 2353 2455 μιουργὸς
2401 2377 2499 2444 τὴν
2550 2374 2784 2441 ἐξουσίαν
2838 2378 3074 2451 πάντων,
3132 2397 3156 2433 ε
3220 2377 3296 2435 Τὰ
3337 2376 3614 2451 σύμπαντα
3655 2374 3755 2453 γὰρ
3853 2437 3867 2449 ,

2102 2464 2261 2522 δοῦλα
2318 2467 2407 2545 σὰ,
2444 2488 2468 2522 ι
2518 2467 2649 2543 πρὸς
2692 2468 2783 2521 τὸν
2832 2467 2963 2523 Θεὸν
3006 2487 3168 2545 φησιν
3192 2467 3221 2521 6
3253 2464 3422 2521 Δαυῖδ
3455 2483 3470 2501 ο
3503 2462 3639 2520 ἀλλά
3656 2464 3756 2531 τὴν

2103 2554 2344 2612 ἐκούσιον
2401 2554 2678 2631 ὑποταγὴν
2734 2554 2829 2609 οὑκ
2885 2558 3066 2633 εἶχον.
3126 2560 3230 2613 Νῦν
3286 2556 3374 2611 οὖν
3444 2552 3628 2629 μέλλω
3667 2551 3756 2608 καὶ

2103 2646 2299 2710 ταύτην
2360 2642 2491 2708 ἕξειν
2525 2660 2538 2675 ⁸
2599 2644 3023 2720 ὑποταγήσονται
3108 2644 3208 2722 γάρ
3264 2666 3355 2719 μοι
3412 2644 3480 2699 τὰ
3532 2642 3703 2699 πάντα
3735 2657 3748 2670 ’

2104 2735 2218 2789 ἐπεὶ
2270 2730 2355 2790 διὰ
2397 2754 2488 2792 του
2545 2740 2768 2811 σταυροῦ
2824 2734 3043 2799 ἐνίκησα
3071 2735 3162 2789 τὸν
3204 2736 3265 2789 τὸ
3312 2734 3504 2812 κράτος
3556 2731 3752 2811 ἔχοντα

2105 2829 2195 2879 τοῦ
2242 2823 2485 2881 θανάτου.
2548 2823 2711 2889 Διττη
2782 2824 2881 2903 γὰρ
2953 2823 3091 2879 ἐστιν
3137 2824 3172 2891 ἡ
3221 2822 3463 2901 ὑποταγή
3499 2838 3515 2852 ⁸
3574 2824 3609 2888 ἡ
3657 2821 3753 2895 μὶν

2106 2911 2373 2989 ἀκούσιος,
2418 2913 2548 2968 καθὸ
2606 2912 2803 2979 πηντες
2861 2911 3035 2970 δοῦλοι
3107 2919 3201 2969 τοῦ
3267 2920 3400 2970 Θεοῦ
3453 2911 3611 2986 ἐσμεν
3668 2910 3754 2966 καὶ

2106 2999 2348 3074 ἄκοντες,
2394 3001 2573 3079 ὥσπερ
2628 3002 2715 3057 καὶ
2747 3003 2794 3057 οἱ
2852 2999 3095 3077 δαίμονες
3132 3021 3147 3036 ο
3182 3004 3217 3070 ἡ
3248 2999 3303 3057 δὲ
3334 3002 3594 3074 ἐκούσιος,
3627 3001 3753 3055 καθὸ

366 3093 565 3153 omnia
595 3092 779 3151 solam
824 3090 1227 3152 obedientiam
1278 3091 1727 3152 involuntariam
1782 3093 2014 3155 exhibe-

2106 3089 2312 3154 Παῦλος
2358 3088 2540 3153 δοῦλος
2598 3090 2665 3157 ἦν
2732 3096 2976 3169 Χριστοῦ.
3028 3092 3286 3171 Πρότερνν
3343 3091 3442 3166 μὲν
3508 3090 3595 3146 οὖν
3654 3089 3751 3155 τὴν

365 3190 588 3250 rent,et
611 3181 877 3242 Salvator
894 3181 1161 3240 omnium
1185 3189 1537 3260 potestatem
1565 3182 1731 3261 quasi
1756 3182 2015 3244 dimidia.

366 3276 479 3329 tam
500 3270 773 3332 haberet:
794 3279 927 3350 post
950 3271 1470 3346 crucem,cumDei
1491 3272 2022 3349 cognitioinnotes-

361 3370 523 3419 ceret
560 3358 1077 3434 omnibus,habuit
1108 3359 1282 3419 etiam
1310 3361 1640 3421 voluntarie
1667 3361 2020 3424 obedientes

362 3448 952 3528 omnesquisubjecti
972 3450 1207 3509 fuerunt
1239 3451 1449 3511 Merito
1474 3449 2011 3528 igiturdititt.hris-

364 3546 455 3597 tus
481 3555 495 3599 ε
524 3537 693 3599 Nunc
723 3539 927 3618 accepi
956 3547 1305 3618 potestatem
1338 3558 1575 3599 omnem
1613 3559 1625 3598 :
1667 3540 1828 3619 prius
1858 3540 2017 3601 enim

360 3626 639 3707 partiaria
656 3636 914 3708 potestas
940 3627 1083 3687 mihi
1108 3638 1331 3699 erat,eo
1344 3628 1501 3707 quod
1522 3636 1738 3706 praeter
1756 3628 2021 3690 volunta-

358 3726 477 3776 tem
501 3717 645 3777 mihi
664 3717 841 3777 veluti
872 3716 1081 3777 factori
1107 3717 1463 3777 serviebant:
1483 3736 1638 3777 nunc
1663 3728 1857 3779 autem
1881 3739 2011 3780 cum

362 3804 635 3867 homines
656 3816 868 3886 sponte
890 3815 948 3867 et
970 3805 1234 3868 scientes
1266 3805 1411 3867 mihi
1437 3806 1717 3887 serviant,
1740 3808 1937 3869 omnis
1958 3817 2015 3869 et

362 3894 590 3971 integra
632 3904 891 3975 potestas
927 3894 1075 3957 mihi
1113 3896 1249 3956 data
1281 3902 1391 3958 est.
1423 3898 1465 3956 A
1513 3914 1630 3975 quo
1660 3906 1855 3957 autem
1879 3900 2014 3960 data

360 3990 450 4045 est
472 3984 559 4043 illi
583 3982 609 4044 ἲ
630 3984 888 4047 Omnino
911 4001 946 4043 a
969 3984 1292 4064 semetipso
1317 3983 1547 4061 habuit,
1583 3994 1641 4045 et
1673 4004 1778 4047 sua
1810 3987 2007 4048 humi-

359 4070 544 4133 litate.
573 4073 702 4135 Nisi
733 4073 892 4133 enim
922 4072 1265 4134 humiliatus
1295 4073 1526 4149 fuisset,
1563 4083 1621 4136 et
1652 4094 2011 4155 congressus

358 4179 491 4221 cum
518 4161 860 4223 adversario
902 4179 1009 4242 per
1036 4180 1302 4243 crucem,
1336 4181 1452 4224 non
1472 4163 1753 4226 salvasset
1783 4184 1907 4227 nos.
1940 4164 2012 4227 Et

359 4250 444 4311 sic
460 4249 746 4330 intellige.
762 4275 784 4307 ο
797 4250 939 4313 Data
950 4262 1040 4313 est
1053 4251 1197 4313 mihi
1212 4252 1405 4313 omnis
1420 4262 1695 4332 potestas,
1712 4254 2009 4335 :Propriis

2106 3179 2354 3235 ἀκούσιον
2405 3180 2577 3255 μόνην
2616 3181 2888 3257 ὑποταγὴν
2931 3180 3167 3260 ἐχόντων
3223 3180 3456 3253 πάντων,
3516 3177 3568 3243 ἐξ
3618 3176 3753 3252 ἥμι-

2105 3270 2271 3342 σείας,
2336 3268 2515 3347 ὥσπερ
2575 3269 2735 3348 εἶχεν
2790 3272 2818 3326 6
2863 3272 3053 3348 Σωτὴρ
3100 3270 3198 3336 τὴν
3228 3270 3440 3325 πάντων
3469 3266 3700 3333 ἐξουσίαν
3734 3286 3747 3299 '

2103 3358 2238 3431 μετά
2288 3356 2343 3412 δὲ
2400 3359 2489 3413 τὸν
2547 3360 2792 3434 σταυρὸν,
2838 3358 2933 3425 τῆς
2978 3356 3296 3435 θεογνωσίας
3350 3354 3751 3435 ἐφαπλωθείσης

2101 3452 2255 3521 πᾶσι,
2344 3447 2431 3502 καὶ
2528 3446 2627 3513 τὴν
2697 3448 2935 3503 ἑκούσιον
3020 3447 3296 3525 ὑποταγὴν
3381 3445 3751 3523 ὑποταγέντων

2100 3536 2334 3611 πάντων,
2408 3537 2623 3598 εἰκότως
2677 3538 2836 3615 φησὶν
2894 3539 2923 3592 6
2986 3536 3231 3617 Χριστὸς,
3278 3535 3357 3592 ὅτι
3402 3544 3506 3593 Νυν
3563 3532 3751 3592 ἔλαϐον

2099 3630 2273 3681 πᾶσαν
2328 3626 2425 3691 τὴν
2502 3623 2735 3689 ἐξουσίαν
2772 3645 2785 3661 ·
2872 3626 3124 3705 πρότερον
3180 3626 3277 3702 μὲν
3349 3628 3449 3705 γὰρ
3519 3628 3749 3701 μερικῶς

2099 3719 2305 3793 προσῆν
2363 3736 2455 3790 μοι
2512 3716 2547 3781 ἡ
2593 3714 2817 3790 ἐξουσία,
2854 3717 2927 3778 ὡς
2983 3716 3242 3780 ἀκουσίως
3287 3718 3450 3790 μόνον
3481 3712 3750 3772 δουλευόν-

2097 3824 2205 3859 των
2263 3826 2379 3883 μοι,
2432 3806 2563 3861 καθὸ
2604 3808 2838 3874 ποιητής
2898 3806 3005 3879 εἰμι
3032 3821 3048 3836 ⁶
3097 3827 3185 3861 νυν
3242 3803 3298 3860 δί
3330 3807 3417 3861 καὶ
3458 3807 3593 3881 μετὰ
3623 3804 3747 3861 ἐπι-

2096 3893 2341 3970 γνώσεως
2398 3891 2750 3949 δουλευόντων
2792 3915 2884 3968 μοι
2938 3893 3045 3949 τῶν
3104 3893 3415 3973 ἀνθρώπσοεν,
3462 3900 3607 3950 πᾶσα
3661 3895 3749 3951 καὶ

2095 3982 2392 4062 ὁλόκληρος
2449 3984 2484 4049 ἡ
2542 3982 2744 4048 ἐξουσία
2800 3980 2953 4049 ἐδόθη
3011 4004 3127 4057 μοι.
3164 3984 3310 4062 [Ιαρά
3338 3985 3475 4047 τίνος
3507 3981 3562 4038 δὲ
3591 3981 3746 4048 ἐδόθη

2094 4075 2236 4148 αὑτῷ
2269 4054 2315 4153 ς’
2350 4054 2433 4130 "ﬂ
2476 4074 2689 4135 πάντως
2732 4070 2857 4151 παρ’
2915 4054 3103 4129 ἑαυτοῦ
3138 4054 3366 4139 καὶ-τῆς
3395 4074 3587 4139 οἰκείας
3645 4094 3748 4129 τα-

2092 4163 2401 4225 πεινώσεως
2437 4183 2450 4196 ο
2515 4163 2560 4218 εὶ
2612 4161 2690 4238 μὴ
2763 4165 2864 4241 γὰρ
2914 4162 3243 4230 ἐταπεινώθη
3294 4166 3383 4221 καὶ
3440 4162 3747 4230 συνεπλάκη

2091 4258 2168 4326 τῷ
2223 4251 2495 4325 ἀντιπάλῳ
2523 4248 2607 4309 διὰ
2650 4261 2742 4311 τοῦ
2784 4259 3029 4331 σταυροῦ,
3082 4253 3177 4309 οὑκ
3224 4254 3287 4311 ἂν
3317 4253 3515 4312 ἔσωσεν
3543 4256 3686 4330 ἡμᾶς
3726 4299 3741 4313 .

360 4338 509 4399 meis
530 4340 955 4402 certaminibus
975 4352 1032 4402 et
1055 4340 1359 4403 laboribus
1380 4342 1613 4404 servavi
1642 4353 1671 4402 I
1687 4352 1791 4404 ου
1819 4343 2011 4406 homi-

2098 4341 2230 4398 ὥστε
2271 4343 2333 4397 τὸ
2366 4361 2389 4397 ε
2409 4339 2601 4408 Ἐδόθη
2631 4364 2730 4417 μοι
2760 4341 2987 4419 ἐξουσία,
3018 4366 3043 4401 ο
3081 4340 3218 4399 οὕτω
3246 4344 3377 4400 νόει⁶
3411 4344 3505 4402 Ἐκ
3533 4348 3639 4402 τῶν
3670 4345 3746 4409 οἷς

358 4446 494 4502 nes,
514 4429 726 4491 etfacti
744 4440 881 4491 sunt
912 4430 1053 4491 mihi
1085 4431 1145 4491 in
1170 4441 1391 4492 sortem
1416 4442 1476 4492 et
1501 4432 1861 4512 peculiarem
1892 4453 2008 4516 po-

360 4517 585 4595 pulum.
624 4520 914 4581 Duminus
967 4520 1167 4600 itaque
1196 4538 1377 4599 super
1408 4531 1622 4583 terram
1657 4532 2006 4603 potestatem

356 4606 557 4681 habet,
580 4626 650 4669 eo
676 4609 833 4689 quod
859 4609 1055 4671 omnis
1080 4619 1236 4671 terra
1265 4610 1499 4687 agnovit
1530 4611 1695 4672 illum
1725 4632 1737 4674 :
1772 4614 1834 4673 in
1860 4613 2010 4675 caelo

354 4706 578 4772 autem,
606 4715 677 4759 eo
705 4699 862 4779 quod
884 4718 1114 4760 merces
1135 4719 1202 4760 ac
1229 4698 1625 4779 inunicipatus
1648 4701 1884 4763 illorum
1911 4713 2010 4782 qui

355 4788 604 4848 credunt
628 4787 686 4848 in
708 4789 856 4850 coelo
882 4797 991 4850 est.
1033 4788 1141 4850 Vel
1174 4789 1349 4850 etiam
1382 4789 1574 4865 aliter,
1600 4791 1735 4870 quia
1753 4792 2011 4852 humana

352 4882 563 4938 natura
593 4877 753 4956 prius
800 4877 1221 4953 condemnata,
1257 4896 1415 4941 nunc
1448 4879 1613 4941 unita
1660 4878 1768 4941 Dei
1810 4878 2007 4945 Verbo

352 4965 748 5043 personaliter
769 4966 830 5027 in
862 4968 1012 5029 coelo
1046 4967 1236 5047 sedet,
1263 4976 1321 5029 et
1353 4970 1426 5027 ab
1458 4969 1684 5048 angelis
1701 4971 2002 5050 adoratur,

353 5053 568 5114 merito
584 5054 753 5116 dicit:
769 5079 790 5110 ιι
803 5058 947 5117 Data
960 5064 1048 5117 est
1070 5056 1213 5117 mihi
1226 5056 1423 5118 omnis
1438 5067 1697 5138 potestas
1716 5062 1771 5119 in
1793 5059 1962 5123 cmlo.
1976 5084 2001 5114 ι

351 5141 589 5203 Etenim
634 5143 891 5205 humana
941 5156 1147 5207 natura
1196 5147 1359 5225 prius
1405 5147 1719 5219 serviebat,
1757 5168 1915 5210 nunc
1944 5148 2005 5209 in

355 5230 588 5293 Christo
611 5232 863 5313 imperat
882 5235 1181 5297 omnibus.
1218 5235 1482 5298 Breviter
1510 5236 1685 5316 igitur
1708 5239 1794 5299 sic
1819 5238 2001 5301 intel-

354 5318 469 5399 lige
494 5339 547 5380 :u
577 5320 719 5383 Data
743 5334 830 5385 est
853 5326 997 5387 mihi
1029 5326 1222 5387 omnis
1240 5326 1793 5409 potestas.»Neuipe
1818 5330 1865 5390 si
1885 5338 2008 5388 tan-

354 5411 712 5489 quamaDei
746 5414 942 5475 Verbo
985 5415 1207 5476 dictum
1248 5414 1531 5496 accipias,
1573 5420 1658 5478 sic
1689 5418 2003 5497 intellige:

357 5498 543 5561 «Data
562 5512 651 5562 est
677 5502 826 5563 mihi
843 5505 1035 5567 omnis
1058 5512 1459 5585 potestas,neo
1485 5508 1647 5587 quod
1672 5508 1941 5572 volentes
1953 5520 2011 5573 et

432 5668 486 5719 τί
522 5670 678 5734 Pal.
712 5687 916 5755 cxvm,
948 5675 1046 5737 91.

2090 4432 2249 4489 κείων
2328 4453 2431 4507 μου
2488 4430 2710 4511 ἀγώνων
2777 4435 2865 4489 καὶ
2938 4432 3325 4509 παλαισμάτων
3396 4432 3570 4492 ἔσωσα
3622 4436 3745 4498 τοὺς

2092 4520 2417 4601 ἀνθρώπους,
2463 4524 2551 4578 καὶ
2609 4522 2974 4600 περιεγένοντό
3031 4545 3122 4599 μοι
3173 4523 3360 4581 λοιπὸν
3403 4523 3602 4601 κλῆρος
3657 4533 3747 4588 καὶ

2092 4610 2369 4689 περούσιος
2402 4609 2554 4676 λαός.
2590 4608 2711 4668 Ἐπὶ
2765 4616 2869 4688 γῆς
2926 4612 3025 4687 μὲν
3080 4613 3168 4670 οὖν
3213 4613 3329 4695 ’ἔχει
3382 4614 3481 4682 τὴν
3512 4613 3746 4679 ἐξουσίαν

2094 4703 2123 4756 6
2184 4701 2392 4779 Κύριος,
2453 4703 2581 4758 καθὸ
2624 4707 2768 4758 πᾶσα
2814 4704 2849 4768 ἡ
2906 4705 2979 4780 γῆ
3010 4702 3217 4782 ἐπέγνω
3247 4703 3424 4760 αὐτόν’
3460 4703 3514 4759 ἐν
3543 4705 3746 4783 οῦρανῷ

2096 4788 2171 4865 δὲ,
2232 4788 2364 4847 διότι
2422 4794 2450 4847 6
2508 4795 2692 4866 μισθὸς
2742 4797 2847 4848 τῶν
2919 4793 3276 4851 πιστευόντων
3332 4794 3475 4868 αὑτῷ
3545 4795 3629 4851 καὶ
3681 4796 3743 4849 τὸ

2088 4879 2405 4962 πολίτευμα,
2439 4880 2494 4936 ἐν
2542 4884 2785 4960 οῦρανοτς
2840 4883 3067 4962 ὑπάρχει
3102 4901 3117 4916 '
3152 4885 3239 4939 καὶ
3280 4884 3380 4962 γὰρ
3408 4884 3497 4942 καὶ
3538 4882 3741 4959 ἄλλως,

2089 4970 2203 5026 ἐπεὶ
2246 4973 2280 5037 ἡ
2324 4970 2622 5051 ἀνθρωπίνη
2675 4974 2827 5053 φύσις
2889 4975 2925 5041 ἡ
2975 4974 3162 5050 πρώην
3216 4972 3557 5057 κατάκριτος,
3614 4996 3741 5031 συν-

2087 5063 2305 5137 ημμένη
2363 5066 2441 5135 τῷ
2496 5068 2611 5136 Θεῷ
2664 5065 2821 5143 Λόγῳ
2888 5063 3004 5120 καθ’
3062 5065 3372 5140 ὑπόστασιν,
3435 5066 3489 5122 ἐν
3542 5066 3743 5144 οὑρανῷ

2087 5154 2310 5219 κάθηται
2373 5150 2462 5209 ὑπ’
2514 5154 2585 5231 ἀγ
2601 5152 2757 5231 γέλων
2812 5156 3246 5233 προσκυνουμένη
3283 5174 3300 5190 ·
3367 5156 3582 5220 εἰκότως
3627 5177 3739 5235 φη-

2088 5242 2193 5321 σὶν,
2224 5240 2305 5297 ὅτι
2342 5264 2366 5299 ο
2418 5242 2605 5311 Ἐδόθη
2650 5266 2747 5319 μοι
2780 5251 2925 5300 πᾶσα
2960 5244 3161 5310 ἐξουσία
3210 5246 3265 5300 ἐν
3294 5248 3496 5325 οὖρανῷ
3525 5266 3539 5279 ·
3590 5269 3617 5299 ι
3652 5241 3740 5299 καὶ

2087 5334 2187 5411 γὰρ
2236 5335 2270 5400 ἡ
2328 5332 2627 5412 ἀνθρωπίνη
2673 5334 2822 5413 φύσις
2864 5336 2898 5401 ἡ
2942 5336 3129 5413 πρώην
3171 5331 3508 5407 δουλεύουσα,
3554 5342 3642 5391 νῦν
3684 5330 3739 5385 ἐν

2090 5425 2303 5500 Χριστῴ
2360 5419 2516 5503 ἄρχει
2570 5424 2806 5487 πάντων,
2873 5424 3153 5481 Συνελόντι
3211 5426 3300 5480 οὖν
3358 5428 3539 5503 ιρᾶναι,
3600 5420 3739 5479 οὕτω

2092 5514 2197 5570 νόει
2251 5514 2336 5585 τὸ,
2401 5532 2427 5568 ε
2487 5510 2676 5579 Ἐδόθη
2735 5536 2825 5589 μοι
2870 5520 3015 5571 πᾶσα
3052 5513 3255 5578 ἐξουσία
3288 5531 3303 5547 ’
3342 5535 3372 5568 ι
3421 5514 3465 5569 εἰ
3508 5510 3606 5589 μὶν
3663 5512 3735 5578 ὣς
