4170 6412
332 289 451 355 501

1109 294 1553 361 ΕΝΑΒΗΑΤΙΟ
1596 299 1678 362 ΙΝ
1724 297 2237 362 EVANGELIUM
2281 303 2546 365 MARCI.
2595 334 2671 346 —
2712 304 2877 366 CAP.
2911 306 2961 365 Ι.

3589 299 3711 366 802

332 427 425 481 καί
482 427 565 504 τὸ,
612 414 887 504 ’Ἠγγικεν
928 429 963 494 ἦ
1021 426 1264 504 βασιλεία
1294 437 1386 488 τοῦ
1417 438 1569 494 Θεοῦ.
1604 433 1710 489 Οὐκ
1740 430 1847 488 ἔστι
1876 429 1931 486 δέ
1962 446 1971 459 ·

2062 431 2344 509 Joannes,
2383 452 2624 515 nempe.
2681 432 3081 515 Resipiscite,
3112 440 3191 504 et.
3223 432 3739 514 Appropinquavit

325 515 360 569 ὁ
390 513 620 593 μὲνγὰρ
663 514 911 583 Ἰωαννης
943 518 1025 591 τὸ,
1060 523 1404 592 Μετανοεῖτε,
1453 518 1657 598 ἔλεγεν,
1685 520 1821 577 ὥστε
1849 522 1984 576 ὑπο-

326 608 582 683 χωρῆσαι
640 603 748 660 ἀπὸ
790 605 896 661 τῶν
939 605 1211 684 ἁμαρτιῶν
1243 623 1256 637 ⁸
1307 611 1335 663 6
1389 606 1443 664 δὲ
1490 611 1713 688 Χριστὸς
1752 611 1834 683 τὸ,
1870 616 1982 665 Με-

321 704 599 768 τανοεῖτε,
661 692 831 772 λέγει,
894 694 1033 752 ὥστε
1087 694 1192 752 ἀπὸ
1250 704 1341 754 τοῦ
1396 708 1616 773 νομικοῦ
1671 699 1982 777 γράμματος

322 794 541 860 φυγεῖν,
626 784 721 839 Διὸ
806 785 893 840 καὶ
957 783 1256 863 προσέθηκε
1316 787 1405 865 τὸ,
1464 788 1740 843 Πιστεύετε
1798 788 1853 843 ἓν
1908 794 1983 861 τῷ

323 869 683 949 Εῦαγγελίφ’
741 874 769 929 ὁ
823 873 921 951 γὰρ
979 871 1192 948 μέλλων
1248 882 1522 933 πιστεῦσαι
1583 874 1668 932 διὰ
1696 883 1791 933 τοῦ
1822 878 1986 954 ΕΜΓ

318 958 527 1039 γελίου,
575 962 885 1039 κατήργηκα
947 964 1037 1019 τὸν
1110 960 1272 1039 νόμον
1316 962 1528 1027 λοιπόν.
1591 965 1981 1044 Πεπληρῶσθαι

318 1050 425 1127 γάρ
470 1072 632 1129 φησιν
661 1054 688 1108 6
722 1052 908 1129 Κύριος
940 1053 1036 1108 καὶ
1080 1053 1172 1108 τὸν
1231 1054 1421 1132 καιρὸν
1459 1061 1557 1111 τῦ
1605 1055 1767 1130 νόμον
1796 1054 1922 1134 (43)
1962 1072 1976 1088 ⁸

320 1136 459 1217 ἄχρι
516 1140 642 1219 γὰρ,
680 1141 833 1220 φησὶ,
893 1149 988 1200 τοῦ
1037 1148 1122 1198 νῦν
1180 1141 1390 1221 ὶνήργει
1441 1146 1469 1199 6
1513 1144 1697 1219 νόμος,
1731 1146 1837 1201 ἀπὸ
1893 1152 1984 1201 τοῦ

315 1234 409 1284 νῦν
465 1224 519 1284 δὲ
579 1227 634 1285 δὲ
663 1231 697 1297 ἡ
728 1228 972 1306 βασιλεία
1000 1238 1093 1288 τοῦ
1123 1238 1274 1311 Θεοῦ,
1325 1234 1359 1299 ἡ
1392 1232 1527 1289 κατὰ
1557 1234 1618 1290 τὸ
1662 1232 1981 1312 Εὖαγγὲλιον

314 1316 566 1374 πολιτεία
625 1319 904 1399 πάρεστιν,
985 1318 1104 1387 ἥτις
1188 1320 1406 1385 εἰκότως
1479 1322 1852 1400 παρεικάζεται
1913 1329 1981 1399 τῇ

312 1405 563 1481 βασιλείᾳ
620 1413 726 1464 τῶν
778 1408 1035 1488 οὐρανῶν,
1098 1402 1276 1467 ’Ὅταν
1332 1412 1432 1489 γὰρ
1474 1408 1599 1487 ἴδῃς
1644 1413 1718 1475 ὡς
1750 1412 1977 1488 ἄσαρκον

310 1505 510 1573 μικροῦ
593 1497 1003 1574 πολιτευόμενον
1089 1500 1178 1555 τὸν
1268 1501 1403 1556 κατὰ
1503 1502 1565 1556 τὸ
1658 1500 1981 1579 Εὐαίγὲλιον

305 1586 549 1659 βιοῦντα,
597 1588 698 1665 ἆρα
742 1588 837 1646 οὒκ
893 1588 957 1645 ἂν
1014 1588 1189 1653 εἴποις
1238 1589 1318 1645 ὅτι
1370 1597 1521 1652 οὖτος
1554 1593 1652 1657 τὴν
1710 1589 1981 1666 βασιλείαν

310 1680 421 1731 τῶν
479 1678 711 1755 οὐρανῶν
756 1677 872 1755 (ὅτε
907 1678 1003 1735 οὐκ
1034 1677 1144 1734 iam
1187 1679 1383 1759 βρῶσις
1415 1679 1449 1747 ἢ
1482 1678 1666 1757 πόσις)
1693 1677 1799 1746 ἤδη
1834 1678 1976 1759 ἔχει)

310 1765 413 1820 κᾶν
439 1766 645 1845 μακρὰν
682 1766 825 1823 εἶναι
856 1765 985 1838 δοκῇ
1023 1785 1039 1845 ;

404 1878 431 1908 ε
482 1861 791 1931 Περιπατῶν
849 1852 904 1911 δί
973 1856 1115 1932 παρά
1172 1857 1267 1923 τὴν
1323 1855 1592 1913 θάλασσαν
1648 1862 1746 1925 τῆς
1807 1856 1971 1914 Γαλι-

310 1943 495 2023 λαίας,
540 1942 649 2000 εἶδε
694 1945 910 2019 Σίμωνα
953 1946 1041 2002 καὶ
1073 1943 1319 2022 Ἀνδρέαν
1372 1947 1464 2002 τὸν
1520 1944 1744 2027 ἀδελφὸν
1788 1948 1965 2022 αύτοῦ,

308 2031 608 2107 βάλλοντας
678 2033 1073 2114 ἀμφίϐληστρον
1157 2036 1228 2097 εἷς
1302 2035 1400 2101 τὴν
1474 2034 1741 2092 θάλασσαν
1814 2036 1970 2111 (ἦσαν

309 2123 413 2197 γὰρ
472 2121 693 2199 ἀλιεϊς),
728 2126 814 2179 καὶ
844 2124 998 2181 εἶπεν
1029 2124 1209 2186 αὒτοϊς
1241 2127 1268 2180 6
1303 2122 1507 2191 Ἰησοῦς
1542 2142 1557 2155 ⁸
1610 2127 1766 2181 Δεῦτε
1799 2126 1967 2182 ὀπίσω

307 2232 441 2283 μου,
500 2214 589 2269 καὶ
642 2215 858 2282 ποιήσω
914 2215 1050 2288 ὑμᾶς
1115 2214 1351 2290 γενέσθαι
1421 2213 1595 2279 ἁλιεῖς
1654 2215 1960 2283 ἀνθρώπων,

310 2301 411 2358 Καὶ
474 2300 663 2361 εὐθέως
708 2301 925 2381 ἀφέντες
978 2304 1044 2359 τὰ
1099 2300 1276 2359 δίκτυα
1348 2307 1544 2380 αὐτῶν,
1604 2304 1967 2371 ἠκολούθησαν

306 2390 455 2463 αὐτῷ
486 2404 501 2418 ⁸
554 2392 637 2447 καὶ
678 2388 876 2469 προϐὰς
907 2390 1109 2447 ἐκεῖθεν
1142 2389 1339 2468 ὀλίγον,
1394 2389 1532 2448 εἶδεν
1584 2390 1834 2450 Ἰάκωϐον
1879 2395 1967 2449 τὸν

308 2498 339 2512 ,
370 2480 399 2512 ς-
521 2477 553 2499 ρ
593 2480 608 2495 ς
652 2480 663 2499 I
892 2481 906 2501 ν
1000 2476 1014 2498 9
1106 2480 1118 2499 ι
1360 2482 1373 2499 κ
1488 2479 1541 2501 ’ἢ
1646 2482 1659 2498 κ
1822 2486 1836 2507 ν
1914 2488 1934 2498 υ

317 2500 401 2534 ιο)
454 2485 746 2552 Ζεοεὸαιου,
821 2502 910 2536 και
1022 2490 1251 2547 ιωαννην
1324 2502 1416 2537 τον
1479 2480 1703 2559 αοελφον
1782 2504 1964 2555 αυτου,

307 2569 395 2624 καὶ
440 2572 624 2633 αὖτοὺς
683 2568 738 2624 ἑν
793 2576 870 2643 τῷ
925 2568 1093 2643 πλοίῳ
1164 2570 1574 2648 καταρτίζοντας
1635 2571 1699 2625 τὰ
1769 2568 1969 2639 δίκτυα,

301 2658 391 2712 καὶ
452 2659 641 2722 εὐθέως
699 2657 949 2714 εκάλεσεν
1002 2660 1214 2722 αὐτούς.
1281 2660 1377 2717 Καὶ
1432 2657 1649 2737 ἀφέντες
1707 2659 1799 2714 τὸν
1860 2680 1935 2715 πα
1962 2689 1974 2702 ο

2070 536 2315 598 regnum
2348 520 2456 584 Dei
2511 522 2630 585 Sed
2662 542 2779 585 non
2812 530 2902 584 est
2930 522 3034 603 ita,
3077 520 3339 587 Joannes
3369 521 3530 585 enim
3561 521 3730 584 dice-

2068 604 2167 668 bat
2197 628 2211 669 :
2248 607 2622 691 Resipiscite,
2660 619 2724 672 ut
2751 610 3144 674 abscederent
3171 630 3205 673 a
3235 610 3518 692 peccatis:
3554 609 3727 672 Chri-

2067 703 2191 758 stus
2238 707 2459 773 autem,
2506 699 2861 779 Resipiscite
2914 699 3079 774 dicit,
3117 707 3180 761 ut
3230 719 3265 762 a
3314 698 3484 779 legali
3534 698 3730 761 littera

2074 785 2348 865 fugerent
2380 787 2516 849 [deo
2547 788 3087 869 apposuit,Credite
3109 786 3726 867 Evangelio.Credens

2069 875 2230 936 enim
2262 895 2369 956 per
2408 878 2790 956 Evangelium
2840 880 2964 957 jam
3010 877 3263 939 abolevit
3310 877 3526 956 legem.
3571 875 3727 941 Dicit

2067 964 2226 1026 enim
2257 964 2549 1027 Dominus
2578 966 2888 1045 impletum
2921 983 3055 1027 esse
3085 974 3318 1045 tempus
3347 965 3517 1045 legis.
3550 965 3721 1028 Enim

2062 1069 2202 1116 vero
2235 1057 2293 1117 in
2326 1055 2385 1117 id
2419 1076 2605 1137 usque
2637 1056 2923 1136 temporis
2957 1056 3052 1119 lex
3083 1056 3458 1137 operabatur,
3486 1056 3718 1137 inquit:

2069 1141 2142 1204 ab
2175 1145 2287 1205 hoc
2316 1154 2512 1206 autem
2543 1153 2810 1226 tempore
2841 1163 3092 1221 regnum
3126 1145 3253 1226 Dei,
3288 1146 3448 1224 quod
3482 1152 3573 1206 est
3607 1146 3723 1207 vita

2068 1232 2428 1311 evangelica,
2462 1234 2652 1307 adest,
2697 1252 2822 1313 qum
2851 1233 3093 1313 quidem
3143 1234 3263 1296 vita
3309 1252 3493 1313 regno
3532 1233 3719 1295 coelo-

2063 1339 2194 1382 rum
2229 1322 2445 1384 merito
2477 1323 2802 1385 confertur.
2838 1324 2986 1385 Nam
3034 1323 3083 1384 si
3132 1322 3472 1403 quempiam
3502 1322 3722 1386 videris

2066 1410 2234 1488 quasi
2291 1410 2518 1491 absque
2590 1429 2769 1472 carne
2815 1412 3011 1473 vivere
3066 1410 3240 1472 vitam
3287 1410 3716 1491 evangelicam,

2065 1518 2261 1560 annon
2295 1498 2529 1560 diceres
2550 1501 2704 1579 quod
2737 1518 2986 1577 regnum
3012 1502 3294 1563 oculorum
3323 1502 3445 1580 jam
3479 1499 3717 1577 habeat,

2066 1606 2137 1649 eo
2168 1589 2325 1668 quod
2359 1608 2476 1649 non
2508 1589 2584 1650 sit
2634 1590 2693 1648 in
2737 1589 2840 1650 illo
2884 1589 3051 1652 cibus
3101 1600 3159 1651 et
3208 1598 3407 1671 potus,
3459 1589 3636 1653 etiam
3668 1590 3723 1653 si

2064 1679 2238 1755 longe
2270 1676 2481 1738 abesse
2510 1676 2776 1739 videatur
2798 1682 2826 1739 ?

2138 1856 2316 1918 Vens.
2345 1855 2591 1918 l6-20.«
2618 1854 2761 1918 Cum
2785 1855 3119 1918 ambularet
3142 1866 3340 1918 autem
3357 1859 3527 1937 juxta
3554 1875 3717 1920 mare

2056 1943 2480 2018 Galilaeaa,vidit
2500 1945 2812 2008 Simonem
2835 1945 3203 2008 etAndream
3226 1946 3465 2008 fratrem
3482 1946 3613 2027 ejus
3620 1948 3713 2026 ja-

2055 2032 2280 2093 cientes
2302 2033 2451 2094 retia
2473 2034 2532 2094 in
2558 2052 2742 2109 mare,
2766 2043 2937 2095 erant
2962 2036 3119 2097 enim
3144 2036 3720 2116 piscatores,etdixit

2060 2123 2146 2186 eis
2166 2123 2364 2187 Jesus:
2392 2127 2721 2207 Sequimini
2747 2136 2931 2205 me,et
2954 2128 3163 2188 faciam
3190 2135 3254 2187 ut
3276 2127 3617 2189 elﬁciamini
3633 2127 3716 2208 pi-

2058 2221 2320 2275 scatores
2342 2215 2672 2279 hominum.
2699 2220 2778 2279 Αι
2799 2216 2910 2290 illi,
2944 2226 3211 2297 protinus
3234 2215 3461 2279 relictis
3485 2216 3716 2279 retibus

2060 2303 2204 2383 suis,
2231 2305 2417 2365 secuti
2440 2312 2574 2367 sunt
2595 2305 2830 2367 eum.Et
2850 2324 3197 2384 progressus
3224 2305 3389 2366 illinc
3412 2305 3713 2385 pusillum,

2059 2390 2202 2453 vidit
2223 2392 2506 2454 Jacobum
2540 2394 2726 2455 filium
2759 2394 3053 2467 Zebedaei,
3083 2397 3445 2458 etloannem
3476 2395 3718 2455 fratrem

2060 2481 2320 2562 ejus,qui
2343 2492 2397 2543 et
2419 2484 2524 2556 ipsi
2548 2482 2607 2543 in
2635 2483 2766 2544 navi
2788 2483 3302 2546 reconcinnabant
3322 2482 3718 2558 retia,statize-

2058 2588 2172 2648 que
2194 2570 2418 2631 vocavit
2439 2571 2572 2632 illos
2603 2590 2615 2634 :
2653 2580 2712 2633 et
2742 2568 2830 2635 illi
2862 2571 3069 2633 relicto
3104 2581 3272 2651 patre
3296 2587 3405 2632 suo
3426 2569 3713 2632 Zebedaeo

2056 2658 2119 2717 in
2148 2660 2277 2719 navi
2304 2678 2436 2720 cum
2472 2661 2882 2741 mercenariis,
2916 2660 3104 2722 secuti
3136 2667 3274 2721 sunt
3306 2678 3468 2723 eum.
3508 2683 3531 2715 ι
3567 2657 3717 2721 Pra-

301 2745 431 2824 τέρα
493 2751 664 2805 αὐτῶν
722 2745 1001 2804 Ζεϐεδαῖον
1058 2746 1113 2803 ἐν
1168 2754 1246 2821 τῷ
1301 2746 1475 2822 πλοίῳ
1547 2748 1687 2822 μετὰ
1738 2754 1840 2803 τῶν
1886 2771 1971 2823 μι-

2061 2748 2324 2810 cursoris
2353 2748 2632 2829 discipuli
2662 2759 2831 2810 erant
2875 2752 3080 2811 Petrus
3132 2759 3189 2811 et
3237 2748 3529 2811 Andreas.
3565 2748 3713 2811 Cum

300 2839 549 2909 abutzbv,
601 2835 837 2905 ἀπῆλθον
896 2836 1065 2892 ὀπίσω
1148 2839 1330 2896 αὐτοῦ.
1402 2860 1429 2891 ε
1508 2844 1611 2895 Τοῦ
1670 2835 1971 2915 Προδρόμου

2061 2844 2254 2896 autem
2280 2836 2565 2898 vidissent
2583 2837 2615 2900 J
2621 2857 2786 2899 esum
2808 2857 2841 2898 a
2861 2836 3092 2900 Joanne
3113 2837 3516 2900 testimonium
3542 2852 3713 2899 acce-

298 2925 440 2991 ἦσαν
499 2927 732 3000 μαθηταὶ
778 2925 972 3004 Πέτρος
1014 2926 1103 2982 καὶ
1151 2922 1429 3005 Ἀνδρέας.
1496 2924 1721 2989 ’ἰδόντες
1771 2922 1824 2980 δὲ
1884 2927 1971 2981 τὸν

2061 2924 2240 3006 pisse,
2293 2924 2569 2987 adierunt
2616 2945 2775 2988 eum.
2830 2926 3058 2988 Deinde
3101 2934 3406 3007 pestquam
3454 2928 3714 2987 Joannes

300 3016 515 3081 Ἰησοῦν
573 3017 675 3072 ὑπὸ
727 3022 820 3072 τοῦ
880 3012 1121 3072 Ἰωάννου
1190 3013 1607 3093 μαρτυρηθέντα,
1673 3013 1971 3093 προσῆλθον

2061 3014 2525 3094 comprehensus
2557 3014 2686 3089 fuit,
2741 3016 2935 3077 maesti
2981 3015 3119 3077 facti
3166 3014 3385 3077 iterum
3418 3013 3491 3075 ad
3523 3021 3711 3075 artem

299 3108 469 3178 αὐτῷ.
522 3106 660 3162 Εἶτα
714 3103 897 3171 ἆπειδὴ
953 3101 1208 3169 Ἰωάννης
1268 3071 1584 3183 ,παρηδόθω
1648 3071 1971 3183 λυπηθέντες

2061 3071 2223 3162 ευδιῆ
2245 3101 2573 3164 redierunt:
2602 3071 2761 3165 unde
2786 3103 2918 3166 illos
2937 3102 3206 3166 Christus
3228 3101 3492 3164 secundo
3515 3108 3709 3164 vocat.

296 3176 654 3273 ἀνεχώρησαν
716 3192 873 3249 πάλιν
934 3194 1005 3255 εἷς
1077 3192 1175 3260 τὴν
1220 3176 1413 3248 οἰκείαν
1455 3191 1679 3271 τέχνην.
1729 3181 1897 3249 ΗΟθεν
1946 3176 1971 3229 δ

2061 3187 2334 3252 Secunda
2364 3190 2520 3252 enim
2566 3192 2795 3254 vocatio
2828 3192 2940 3253 ista
2971 3201 3086 3253 est.
3122 3184 3280 3252 Vide
3326 3199 3521 3252 autem
3553 3209 3707 3271 quo-

300 3285 531 3361 Χριστὸς
591 3283 652 3338 ἐκ
710 3280 953 3361 δευτέρου
1018 3282 1230 3344 τούτους
1303 3279 1489 3343 καλεῖ,
1575 3280 1801 3359 Δευτὲρα
1873 3275 1972 3361 vi?

296 3358 445 3428 ἑστιν
500 3371 633 3438 αὕτη
689 3373 725 3439 ἡ
770 3358 983 3438 κλησις,
1068 3361 1221 3448 ’Ὅρα
1299 3367 1353 3425 δὲ
1394 3370 1581 3431 αὐτοὺς
1636 3368 1696 3425 ἐκ
1742 3358 1971 3448 νόικαίωγ

300 3460 485 3517 πόνων
540 3460 919 3539 τρεφομένους.
976 3456 1096 3515 ἀλλ’
1154 3462 1250 3516 οὒκ
1327 3456 1379 3523 ἐξ
1437 3455 1629 3513 ἀδίκων
1657 3472 1671 3487 °
1736 3439 1965 3515 τοιοῦτοι

292 3552 397 3629 γὰρ
456 3553 503 3607 οἱ
581 3548 715 3613 ἄξιοι
802 3549 1033 3628 γίνεσθαι
1104 3552 1307 3627 πρῶτοι
1402 3553 1631 3624 Χριστοῦ
1707 3548 1961 3622 μαθηταί.

290 3638 551 3717 Ἀνρέντες
629 3642 720 3697 οὖν
802 3639 990 3702 εὒθέως
1066 3638 1131 3694 τὰ
1190 3635 1244 3692 ἂν
1300 3638 1508 3717 χερσὶν,
1590 3635 1963 3704 ἠκολούθησαν

292 3734 441 3802 αὖτῷ
474 3744 488 3759 ⁹
553 3734 613 3788 οὗ
666 3730 765 3808 γὰρ
823 3726 905 3784 δεῖ
963 3724 1373 3805 ἀναϐάλλεσθαι,
1433 3724 1554 3782 ἀλλ’
1604 3726 1794 3789 εὐθέως
1824 3726 1959 3783 ἀκο-

290 3819 534 3878 λουθεῖν.
609 3820 757 3876 Πετά
808 3817 862 3874 δὲ
920 3818 1155 3896 τούτους,
1228 3816 1317 3871 τὸν
1378 3812 1632 3873 Ἰάκωϐον
1678 3817 1963 3892 σαγηνεύει

288 3908 383 3963 καὶ
428 3907 520 3963 τὸν
570 3904 849 3980 Ἰωάννην,
910 3907 965 3963 οἳ
1023 3906 1111 3961 καὶ
1153 3905 1300 3963 αὐτοὶ
1344 3903 1571 3969 πένητες
1605 3903 1780 3977 ὄντες,
1815 3902 1963 3978 ὅμως

288 3997 686 4077 ἆγηροτρόφουν
745 3997 836 4051 τὸν
890 3992 1118 4073 πατέρα.
1179 3990 1415 4073 Ἀιρῆκαν
1488 3990 1544 4048 δὲ
1599 3994 1690 4049 τὸν
1735 3993 1959 4071 πατέρα,

288 4088 397 4165 οὺχ
457 4083 540 4142 ὅτι
596 4084 758 4142 καλόν
813 4084 955 4140 ἑστιν
1008 4082 1215 4163 ἀφιέναι
1260 4082 1382 4146 τοὺς
1429 4082 1689 4161 πατέρας,
1724 4080 1845 4137 ἀλλ’
1878 4080 1961 4140 ὅτι

286 4176 521 4253 ἴμελλεν
602 4178 786 4242 αὐτοὺς
866 4174 1144 4252 ξμποδίσαι
1223 4176 1354 4253 πρὸς
1408 4174 1507 4241 τὴν
1582 4172 1958 4241 ὰκολούθησιν,

2058 3278 2330 3341 modoilli
2349 3280 2528 3360 justis
2555 3281 2859 3342 laboribus
2886 3299 3018 3342 sese
3043 3280 3373 3360 enutriant,
3407 3288 3464 3341 et
3493 3298 3611 3341 non
3637 3297 3709 3342 ex

2054 3368 2315 3448 injustis.
2348 3370 2520 3432 Tales
2548 3370 2708 3430 enim
2740 3369 2901 3449 digni
2944 3377 3113 3431 erant
3143 3368 3245 3451 qui
3292 3367 3467 3449 primi
3499 3368 3711 3430 fierent

2049 3456 2325 3537 discipuli
2360 3457 2601 3521 Christi.
2640 3459 2887 3521 Relictis
2917 3458 3098 3537 igitur
3127 3458 3326 3519 statim
3357 3457 3450 3518 his
3479 3475 3615 3538 quae
3643 3456 3707 3518 in

2051 3547 2322 3608 manibus
2352 3556 2541 3624 erant,
2577 3549 2767 3611 secuti
2798 3557 2938 3611 sunt
2981 3566 3139 3612 eum.
3173 3546 3300 3608 Non
3333 3546 3492 3608 enim
3525 3561 3707 3607 morae

2051 3636 2357 3698 nectenda;
2387 3648 2548 3712 sunt,
2585 3638 2688 3699 sed
2745 3640 2945 3699 statim
2997 3635 3370 3718 sequendum
3421 3642 3531 3696 est.
3564 3636 3709 3697 Post

2048 3724 2183 3786 illos
2216 3726 2778 3805 piscaturJacobum
2802 3736 2861 3789 et
2892 3729 3202 3805 Joannem,
3229 3726 3327 3807 qui
3350 3733 3407 3787 et
3429 3724 3541 3804 ipsi
3567 3742 3706 3803 pau-

2051 3830 2222 3893 peres
2254 3822 2443 3888 erant,
2481 3823 2540 3877 et
2581 3828 2808 3896 patrem
2858 3815 3025 3876 senio
3076 3816 3409 3876 confectum
3441 3811 3700 3873 alebant.

2050 3904 2231 3963 Porro
2263 3903 2630 3984 reliquerunt
2663 3912 2916 3984 patrem,
2938 3923 3057 3965 non
3086 3903 3245 3984 quod
3265 3902 3489 3964 bonum
3514 3901 3588 3962 sit
3613 3918 3707 3963 re-

2049 3991 2318 4073 linquere
2352 4000 2650 4072 parentes,
2700 3994 2800 4055 sed
2835 3994 2972 4075 quia
3002 3992 3436 4074 impedimento
3467 3990 3703 4051 futurus

2049 4088 2178 4141 erat
2208 4081 2501 4143 secuturis
2532 4082 2832 4145 Christum
2894 4082 2986 4146 Sic
3018 4090 3076 4143 et
3105 4091 3165 4143 tu
3197 4080 3469 4161 relinque
3490 4096 3707 4161 paren-

2048 4177 2137 4230 tes
2192 4170 2239 4231 si
2296 4169 2369 4230 ad
2431 4173 2707 4250 pietatem
2774 4171 2879 4233 tibi
2930 4171 3291 4249 obstiterint,
3331 4177 3390 4230 et
3430 4168 3489 4230 id
3542 4167 3703 4248 quod

290 4268 478 4333 Οὕτως
524 4266 613 4323 οὗν
671 4268 759 4323 καὶ
804 4267 865 4322 σὺ
922 4264 1050 4322 ὅταν
1092 4262 1347 4341 tamen“
1378 4263 1518 4341 παρά
1568 4264 1672 4318 τῶν
1730 4262 1957 4341 γονέων,

2061 4277 2267 4319 sonum
2300 4259 2659 4339 amplexare.
2693 4262 2963 4342 Apparet
3016 4261 3145 4321 I78
3191 4258 3540 4321 Zebedaeum
3581 4275 3704 4319 non

278 4356 427 4437 ,ἄφες
475 4357 660 4420 αὖτοῖις
743 4359 829 4413 καὶ
908 4353 1211 4434 πρόσδραμε
1286 4360 1363 4427 τῷ
1438 4352 1643 4429 ἀγαθῷ,
1707 4354 1959 4415 Φαίνεται

2061 4346 2621 4437 πτθόὶἀίεεθκπιειθι·
2650 4359 2845 4410 autem
2879 4349 3284 4430 apostolorum
3330 4346 3609 4437 credidit.
3642 4354 3703 4408 et

291 4434 397 4525 γάρ
460 4448 487 4502 6
544 4443 822 4511 Ζεϐεδαϊος
870 4445 949 4521 μὴ
993 4451 1266 4501 πιστεῦσαι
1301 4458 1315 4472 ⁸
1364 4444 1399 4510 ἡ
1430 4440 1612 4516 μέντοι
1645 4443 1828 4519 μήτηρ
1850 4447 1955 4497 τῶν

2061 4447 2245 4499 secuta
2275 4443 2365 4497 est
2395 4435 2687 4513 fortassis,
2723 4446 2953 4500 mortuo
2998 4438 3313 4500 Zebedaeo.
3347 4434 3533 4525 Scias
3556 4435 3699 4497 item

294 4523 642 4615 ἀποστόλων,
700 4542 1002 4606 πιστεῦσαι,
1065 4533 1154 4615 καὶ
1210 4530 1483 4600 ἠκολόύθει
1542 4531 1641 4608 γὰρ
1670 4530 1827 4609 ἴσως,
1866 4537 1957 4587 τοῦ

2061 4525 2293 4585 irimum
2332 4525 2527 4586 vocari
2584 4526 2912 4608 practicen,
2966 4526 3108 4588 dein
3158 4523 3695 4615 contemplativam.

293 4620 577 4681 Ζεϐεδαίου
627 4610 1016 4686 ἀποθανόντος.
1051 4612 1195 4680 ’Ἰσθι
1226 4619 1280 4678 δὲ
1332 4622 1420 4678 καὶ
1462 4627 1638 4695 τοῦτο,
1672 4619 1756 4676 ὅτι
1802 4626 1953 4698 πρῶ-

2061 4619 2248 4675 ’etrus
2301 4614 2458 4676 enim
2514 4613 2805 4693 practices
2836 4614 3167 4699 symbolum
3201 4622 3292 4676 est
3323 4634 3338 4674 :
3374 4610 3700 4674 ferventior

293 4736 391 4771 τον
424 4712 671 4770 καλεῖται
701 4715 736 4782 ἦ
771 4713 974 4791 πρᾶξις,
1037 4713 1160 4768 εἶτα
1190 4713 1224 4778 ἡ
1254 4709 1467 4789 θεωρία.
1503 4712 1563 4767 Οἱ
1593 4709 1691 4784 μὲν
1722 4708 1810 4765 οὖν
1840 4710 1957 4787 περὶ

2061 4702 2198 4764 enim
2234 4710 2359 4763 erat
2401 4703 2653 4784 aliisque
2705 4704 3100 4785 prestantior,
3144 4704 3297 4765 sicut
3338 4709 3408 4791 et
3440 4701 3699 4791 practice

293 4805 390 4859 τὸν
453 4802 673 4880 Πέτρον,
717 4790 820 4870 τῆς
870 4801 1164 4881 πρακτικῆς
1242 4801 1341 4855 εἰσι
1393 4795 1657 4873 σύμϐολον
1689 4812 1703 4828 ⁸
1759 4797 1955 4875 θερμό-

2061 4801 2152 4854 est.
2179 4792 2443 4855 Joannes
2474 4810 2610 4855 vero
2644 4793 3163 4874 contemplativam
3197 4790 3526 4872 significat:
3562 4790 3697 4871 plus

294 4915 459 4955 τατος
510 4894 608 4972 γὰρ
652 4894 830 4973 οὗτος,
876 4894 962 4950 καὶ
1004 4888 1295 4969 προπηδῶν
1349 4895 1455 4944 τῶν
1498 4886 1699 4955 ἄλλων,
1751 4887 1845 4943 οἶα
1893 4885 1958 4954 δὴ

2061 4882 2201 4943 anim
2233 4883 2308 4945 de
2341 4881 2521 4945 rebus
2551 4881 2763 4943 divinis
2791 4882 3034 4945 disserit
3059 4881 3341 4945 Joannes.

292 4984 384 5038 καὶ
470 4983 506 5050 ἡ
564 4970 833 5060 πρακτική
895 4982 1070 5042 ἐστιν.
1132 4981 1191 5036 Ol
1251 4976 1304 5032 δὲ
1356 4979 1473 5057 περὶ
1542 4978 1632 5032 τὸν
1686 4975 1936 5043 Ἰωάννην
1993 4976 2090 5043 τὴν
2142 4973 2359 5050 θεωρίαν
2413 4973 2880 5048 ὑποσημαίνουσιν·
2976 4972 3424 5051 θεολογικώτατος
3495 4970 3594 5049 γὰρ
3666 4971 3695 5027 6

291 5073 575 5138 Ἰωάννης.
3376 5123 3384 5129 .

391 5186 417 5218 ε
469 5164 566 5222 Καὶ
616 5159 1003 5238 εἰσπορεύονται
1050 5163 1121 5224 εἰς
1167 5158 1541 5236 Καπερναούμ,
1608 5157 1705 5215 Καὶ
1763 5154 1951 5217 εὐθέως

2120 5152 2303 5215 Vens.
2339 5151 2440 5232 2|,
2474 5151 2574 5214 22.
2604 5178 2627 5207 α
2668 5152 2738 5215 Et
2765 5150 3183 5231 ingrediuntur
3212 5149 3607 5231 Capernaum,
3633 5158 3696 5214 et

291 5268 416 5316 τοῖς
478 5248 745 5308 Σάϐϐασιν
789 5248 1031 5307 εἰσελθὼν
1086 5249 1159 5310 εἷς
1219 5248 1316 5315 τὴν
1373 5246 1719 5325 Συναγωγὴν,
1775 5240 1948 5300 ἐδίδα-

2061 5243 2231 5305 tatim
2270 5239 2544 5304 Sabbatis
2572 5240 2875 5320 ingressus
2905 5240 2967 5302 in
2998 5244 3365 5324 Synagogam
3415 5239 3692 5323 docebat,

1385 5381 1469 5445 Ex
1498 5379 1820 5443 collatione
1852 5378 2024 5441 codd.
2058 5376 2271 5440 Venet.
2302 5377 2367 5439 S.
2398 5374 2604 5437 Marci.

388 5526 520 5607 (43)
549 5524 703 5589 Cod.
735 5523 816 5586 26
844 5525 933 5607 uti
958 5524 1050 5607 τὸν
1074 5523 1260 5607 καιρὸν
1304 5521 1392 5576 τὸν
1425 5516 1769 5598 ἀφορισθέντα
1800 5515 1938 5593 παρὰ
1985 5520 2114 5570 Θεοῦ
2146 5518 2211 5586 τῇ
2256 5508 2495 5580 πολιτείᾳ
2524 5518 2615 5567 τοῦ
2647 5510 2833 5589 νόμον,
2868 5535 2919 5570 γ.
2956 5536 3008 5589 τ,
3042 5514 3094 5575 λ,
3136 5537 3157 5571 ε
3195 5512 3457 5595 Tempus
3503 5533 3538 5575 δ
3573 5514 3694 5578 Deo

294 5600 582 5673 statutum
618 5624 730 5689 pro
764 5600 1041 5671 Dominio
1073 5600 1243 5681 legis.
1285 5626 1309 5656 ιο
