4170 6424
506 300 612 371 511

1466 298 2058 367 THEOPHYLACTI
2105 295 2514 360 BULGARIE
2546 295 2903 358 ARCHI-EP.

3765 297 3885 361 512

506 448 688 514 esset,
727 450 783 501 et
816 439 1086 520 protinus
1115 436 1451 517 congregati
1490 443 1627 497 sunt
1659 435 1854 505 multi,
1904 436 2053 494 adeo
2088 442 2143 493 ut

2231 453 2327 486 σαν
2382 430 2590 504 πολλοὶ,
2664 431 2801 488 ὥστε
2871 434 3065 506 μηκέτι
3110 447 3314 511 χωρεῖν
3359 432 3492 506 μηδὲ
3526 437 3590 491 τὰ
3622 440 3751 514 πρὸς
3784 439 3878 505 τὴν

499 528 621 606 jam
650 548 764 589 non
792 535 1074 608 caperent
1101 546 1342 595 eos.nec
1370 527 1469 585 illa
1492 526 1616 585 loca
1642 543 1773 603 quae
1805 536 1967 583 erant
1994 523 2151 583 circa

497 618 768 695 jnnuam,
803 625 860 677 et
893 615 1243 695 loquebatur
1274 614 1361 674 eis
1392 630 1756 674 sermonem.
1802 610 1869 671 Et
1912 611 2153 671 veniunt

502 705 573 764 ad
598 724 729 765 eum
758 705 1019 765 ferentes
1052 704 1454 782 paralyticum,
1479 701 1633 782 quia
1663 708 1916 779 quatuor
1948 708 2151 777 porta-

502 793 675 867 batur
708 811 720 854 :
758 804 813 853 et
845 812 978 853 cum
1005 812 1121 853 non
1160 800 1398 872 possent
1423 789 1902 871 appropinquare
1934 789 2154 870 illiprze

500 881 684 949 turba.
714 882 1086 943 nudaverunt
1138 888 1356 941 tectum
1406 879 1624 941 aedium
1661 878 1723 939 in
1753 877 1970 959 quibus
1998 887 2147 959 erat,

499 969 883 1051 perfossaque
910 977 1067 1033 tecto
1096 968 1338 1030 funibus
1366 968 1691 1030 demittunt
1720 966 2067 1045 grabbatum
2090 969 2149 1029 in

498 1078 614 1140 quo
646 1058 1003 1140 paralyticus
1033 1056 1449 1120 decumbebat.
1480 1058 1626 1121 Cum
1666 1064 1861 1119 autem
1910 1056 2151 1121 vidisset

498 1149 669 1211 Jesus
700 1148 881 1211 ﬁdem
917 1149 1269 1223 illorum,ait
1298 1147 1615 1229 paralytico
1644 1168 1658 1211 :
1684 1145 1821 1225 Fili,
1843 1149 2151 1210 remittun-

499 1245 597 1299 tur
624 1238 731 1301 tibi
761 1246 1009 1320 peccata
1038 1237 1357 1301 tua.»lllud
1401 1236 1468 1293 δι’
1500 1240 1737 1316 ἡμερῶν,
1770 1236 1830 1298 id
1881 1244 1995 1317 est,
2048 1256 2154 1318 per

500 1326 852 1406 dies,posuit
869 1346 998 1408 pro,
1016 1328 1327 1408 praeteritis
1349 1326 1572 1408 aliquot
1594 1324 2150 1408 diebus.Postqnam

499 1425 697 1477 autem
724 1415 1032 1495 ingressus
1062 1416 1671 1495 esset,audissentque
1701 1413 1859 1496 quod
1885 1415 1945 1475 in
1975 1417 2153 1478 domo

502 1513 677 1579 esset,
713 1515 1166 1578 concurrerunt,
1194 1513 1505 1585 sperantes
1554 1505 1681 1566 fore
1711 1514 1774 1565 ut
1812 1504 1984 1566 facile
2017 1524 2151 1567 cum

501 1611 572 1655 eo
597 1598 1328 1674 conversarentur.Magna
1344 1596 1579 1655 illorum
1600 1594 1747 1655 ﬁdes
1778 1604 1911 1655 utet
1933 1603 2151 1657 tectum

2232 519 2411 597 Οὐραν,
2467 522 2551 575 καὶ
2622 518 2796 576 ἐλάλει
2873 521 3053 581 αότοῖς
3113 522 3202 578 τόν
3273 521 3452 600 λόγον,
3487 524 3578 579 καῖ
3633 524 3885 605 ἔρχονται

2235 610 2364 686 πρὸς
2426 609 2603 683 α’;τ’›·ι,
2682 609 3041 689 παραλυτικὸν
3105 611 3370 690 φέροντες,
3437 612 3713 689 αἰρόμενον
3795 618 3895 671 ὑπὸ

2236 700 2523 763 τεττάρων·
2591 701 2676 753 καὶ
2743 701 2821 772 μὴ
2878 698 3150 774 δυνάμονοι
3209 704 3550 779 προσεγγῖσαι
3611 707 3753 777 αὖτῷ
3814 706 3897 761 διὰ

2238 788 2327 840 τὸν
2400 785 2593 866 ὄχλον,
2658 789 3023 867 άπεστέγαταν
3072 791 3167 857 τὴν
3240 791 3432 868 στέγην
3492 791 3626 849 ὅπου
3657 795 3747 874 ἦν,
3808 799 3891 851 καὶ

2233 875 2587 965 έξορύξαντες,
2663 878 2876 959 χαλῶσι
2940 882 3031 936 τὸν
3089 878 3381 959 κράϐὅατον
3409 880 3491 963 19'
3546 887 3594 957 ᾧ
3644 886 3673 941 6
3712 907 3892 965 παρα-

2232 963 2441 1032 λυτικὸς
2499 967 2797 1031 κατέκειτο,
2859 966 3005 1026 ’ἰδὼν
3060 967 3115 1026 δί
3179 973 3207 1027 6
3277 970 3482 1039 Ἰησοῦς
3554 974 3653 1041 τὴν
3706 963 3887 1032 πίστιν

2231 1054 2426 1128 αὐτῶν,
2486 1054 2629 1133 λέγει
2694 1062 2772 1131 τῷ
2840 1056 3206 1138 παραλυτικῷ·
3258 1061 3472 1133 Τέκνον,
3509 1061 3774 1143 ἀφέωνταί
3802 1087 3887 1121 σοι

2234 1145 2285 1200 αἱ
2342 1146 2591 1221 ἁμαρτίαι
2653 1168 2769 1207 σου.
2838 1171 2866 1203 ι
2942 1150 3004 1205 Τί
3057 1148 3166 1205 έστι
3224 1151 3306 1229 τὸ,
3341 1149 3407 1205 δι’
3452 1153 3668 1231 ἡμερῶν
3723 1154 3887 1227 ςᾶντὶ

2233 1240 2345 1309 τοῦ,
2406 1232 2723 1295 διελθουσῶν
2780 1238 2993 1316 ἡμερῶν
3060 1260 3243 1300 τινων.
3301 1236 3449 1298 Ἐπεὶ
3503 1238 3558 1298 δὲ
3614 1242 3881 1319 εἰσῆλθεν,

2235 1322 2552 1388 ἀκούσαντες
2611 1326 2691 1381 ὃτι
2742 1325 2796 1382 έν
2856 1326 2995 1399 οἴκῳ
3062 1326 3195 1407 icti,
3257 1327 3599 1409 συνέδραμον,
3653 1331 3888 1412 προσδο-

2238 1414 2497 1483 κήσαντες
2557 1415 2679 1493 ῥᾷον
2736 1415 2986 1497 ἐντυχεῖν
3054 1417 3218 1492 «imp.
3283 1418 3467 1487 Πολλῆ
3497 1418 3553 1477 δέ
3609 1424 3643 1489 ἡ
3714 1422 3892 1487 πίστις

2234 1507 2342 1557 τῶν
2398 1500 2621 1583 ἀνδρῶν,
2679 1504 2816 1562 ὥστε
2874 1512 2962 1562 καί
3016 1507 3114 1575 τὴν
3146 1509 3341 1587 στέγην
3380 1507 3555 1587 ὀρύξαι
3587 1512 3675 1568 καὶ
3704 1511 3891 1592 χαλά-

2234 1612 2347 1671 σαι,
2406 1590 2485 1649 διὸ
2534 1594 2621 1649 καὶ
2679 1596 2707 1650 6
2741 1596 2925 1673 Κύριος
3012 1599 3310 1673 θεραπεύει,
3371 1597 3492 1655 ίδὼν
3560 1602 3660 1668 τήν
3708 1590 3893 1658 πίστιν

500 1682 1313 1777 aperireut,etdemitterent;
1336 1683 1556 1777 idcirco
1572 1692 1629 1744 et
1653 1684 1944 1777 Dominus
1959 1694 2143 1777 sanat,

2244 1682 2413 1736 αὐτῶν
2481 1680 2588 1737 τῶν
2644 1685 3004 1760 κομισάντων,
3064 1684 3098 1753 ἤ
3129 1688 3213 1742 καὶ
3245 1687 3443 1745 ἑκείνου
3470 1696 3563 1748 τοῦ
3592 1688 3891 1761 παραλυτι-

498 1789 708 1835 eorum
726 1771 845 1835 ﬁde
870 1773 989 1835 visa
1009 1772 1151 1844 (ﬁde
1182 1774 1582 1851 inquam)tam
1608 1791 1811 1833 eorum
1846 1773 1947 1854 qui
1988 1773 2143 1835 illum

2238 1776 2356 1832 κοῦ,
2423 1771 2516 1827 Καὶ
2573 1772 2672 1849 γὰρ
2742 1773 2991 1839 κάκεῖνος
3059 1778 3154 1833 οὐκ
3212 1774 3273 1830 ἄν
3302 1774 3510 1843 ἐδέξατο
3566 1778 3807 1857 ἀρθῆναι,
3844 1782 3891 1836 εἰ

495 1869 1069 1943 gestaverant,qnam
1100 1862 1403 1942 paralytici
1424 1860 1869 1942 ipsius.Etenim
1890 1866 2013 1941 ipse
2032 1882 2143 1925 non

2232 1858 2309 1931 μὴ
2382 1856 2684 1915 ἐπίστευσεν
2734 1863 2807 1926 ὡς
2889 1864 3187 1933 ἰαθήσεται.
3224 1863 3488 1929 Πολλάκις
3534 1866 3637 1946 γὲσρ
3667 1865 3752 1923 διὰ
3782 1868 3886 1935 τὴν

494 1949 871 2030 permisisset
898 1969 964 2015 se
994 1950 1120 2012 tolli
1158 1951 1271 2013 nisi
1303 1951 1636 2011 sanandum
1672 1968 1733 2011 se
1764 1950 2143 2015 credidisset.

2228 1946 2320 2001 τοῦ
2377 1948 2762 2028 προσφέροντος
2823 1952 3018 2019 πίστιν,
3099 1956 3239 2010 ἰᾶται
3326 1956 3443 2020 τοὺς
3514 1958 3883 2036 προσφερομέ-

490 2038 656 2119 Sepe
685 2042 848 2104 enim
872 2048 1121 2122 pr0pter
1142 2042 1446 2102 offerentis
1477 2040 1658 2102 ﬁdem
1710 2048 1877 2101 sanat
1911 2058 2014 2102 eos
2044 2042 2143 2120 qui

2228 2058 2369 2112 v0.4,
2429 2037 2680 2103 ἀπίστους
2738 2039 2915 2105 ἄντας’
2993 2042 3252 2109 πολλάκις
3305 2042 3359 2099 δὲ
3425 2044 3746 2117 τούναντίον,
3800 2045 3885 2103 διὰ

487 2129 837 2205 afferuntur,
856 2129 1205 2193 incredulos
1238 2150 1252 2193 :
1287 2146 1446 2210 saepe
1475 2128 1652 2191 etiam
1681 2146 1715 2191 e
1744 2128 1981 2192 diverso
2010 2149 2141 2212 pro.

488 2224 620 2298 pter
647 2218 826 2280 ﬁdem
859 2220 988 2299 ejus
1017 2221 1118 2300 qui
1151 2218 1417 2299 affertur,
1448 2217 1992 2282 tametsiincreduli
2023 2218 2144 2283 sint

486 2307 589 2387 qui
618 2308 888 2372 afferant.
923 2310 1187 2371 Primum
1216 2316 1411 2370 autem
1438 2317 1676 2387 per-cata
1706 2308 1949 2372 dimittit
1980 2309 2143 2371 inﬁr-

488 2415 609 2476 mo,
645 2397 861 2461 deinde
894 2398 1165 2460 morbum
1196 2407 1387 2461 sanat.
1419 2397 1566 2461 Nam
1598 2417 1668 2459 ex
1697 2399 1959 2478 peccatis
1983 2399 2141 2461 ditii-

488 2486 731 2549 ciliores
764 2488 956 2550 morbi
977 2488 1127 2551 oriri
1157 2490 1376 2561 solent,
1429 2489 1584 2550 sicut
1636 2488 1953 2569 quemdam
1985 2490 2139 2571 apud

486 2578 778 2640 Joannem
814 2578 1102 2639 Dominus
1156 2578 1302 2639 dicit
1348 2576 1423 2638 ob
1474 2585 1718 2657 peccata
1760 2577 1820 2638 in
1854 2578 2145 2659 paralysin

491 2666 778 2728 incidisse
806 2667 892 2730 7‘.
925 2668 1058 2731 Non
1090 2675 1180 2729 est
1204 2667 1362 2728 enim
1396 2666 1552 2745 apud
1580 2666 1869 2730 Joannem
1902 2666 1952 2729 is
1982 2671 2149 2745 cujus

489 2775 652 2818 nunc
685 2756 748 2817 tit
780 2757 1025 2831 mentio,
1060 2756 1164 2817 sed
1198 2755 1371 2818 alius.
1406 2758 1555 2819 Nam
1608 2756 1710 2837 qui
1760 2757 1916 2838 apud
1962 2756 2146 2819 Joan-

492 2864 653 2920 nem,
685 2864 805 2907 non
837 2845 1096 2909 habebat
1144 2847 1491 2908 hominem:
1528 2846 1626 2908 hic
1669 2854 1868 2907 autem
1922 2846 1999 2909 de
2030 2866 2147 2928 quo

489 2953 646 2996 nunc
671 2934 957 3013 loquitur,
990 2953 1023 2996 a
1054 2944 1308 3016 quatuor
1330 2934 1633 2997 ferebatur
1670 2956 1684 2999 :
1719 2943 1779 2997 et
1811 2935 1910 2997 ille
1941 2937 2001 2997 in
2036 2939 2148 3016 pis-

488 3023 621 3085 cina
637 3022 1074 3103 probatica,hic
1096 3032 1293 3086 autem
1319 3043 1477 3085 nunc
1498 3023 1559 3085 in
1584 3023 1761 3085 domo
1791 3042 1806 3086 :
1854 3032 1912 3085 et
1942 3025 2038 3087 hic
2077 3045 2147 3089 e-

498 3121 589 3175 rat
618 3111 1123 3194 Capernaum,ille
1143 3131 1280 3177 vero
1302 3112 1809 3195 Hierosylimis,et
1824 3114 1957 3176 aliae
1986 3134 2145 3196 quae—

492 3203 633 3265 dam
664 3203 1040 3267 diﬂ‘erentiae.
1072 3202 1298 3267 Verum
1329 3203 1485 3266 scias
1513 3224 1695 3267 unum
1725 3221 1860 3267 esse
1890 3212 1947 3267 et
1978 3205 2141 3267 illum

485 3292 643 3373 apud
682 3294 1036 3375 Matthaaum,
1072 3306 1132 3357 et
1164 3295 1323 3357 hunc
1356 3294 1433 3355 de
1464 3314 1579 3375 quo
1611 3313 1765 3355 nunc
1800 3293 1959 3375 apud
1988 3298 2143 3356 \lar-

488 3401 621 3444 cum
650 3383 712 3443 ﬁt
744 3384 989 3447 mentio.

572 3470 1175 3536 Vans.5-l?.cErant
1198 3482 1392 3535 autem
1421 3474 1539 3535 illic
1563 3474 1801 3554 quidam
1827 3475 1902 3534 de
1920 3474 2143 3537 Scribis

491 3560 771 3624 sedentes
804 3571 862 3623 et
884 3563 1215 3639 cogitantes
1257 3565 1313 3624 in
1350 3563 1629 3625 cordibus
1658 3564 1805 3643 suis,
1841 3562 1991 3635 Quid
2047 3562 2143 3623 hic

488 3649 574 3712 sic
606 3650 867 3732 loquitur
924 3650 1364 3733 blasphemins?
1408 3654 1543 3735 quis
1598 3661 1795 3733 potest
1833 3651 2143 3714 remittere

490 3748 751 3821 peccata,
778 3740 892 3801 nisi
924 3741 1086 3803 solus
1111 3745 1296 3806 Deus?
1322 3745 1393 3804 Et
1423 3744 1691 3823 protinus
1722 3740 1823 3803 ubi
1868 3742 2143 3818 cognovit

488 3830 657 3891 Jesus
709 3829 918 3909 spiritu
952 3849 1057 3893 suo
1092 3832 1250 3912 quod
1303 3832 1386 3893 sic
1419 3832 1750 3911 cogitarent
1802 3831 1953 3892 intra
1983 3849 2137 3902 sese,

488 3916 640 3981 dixit
664 3917 781 3979 illis
806 3938 820 3978 :
843 3917 992 3991 Quid
1026 3922 1135 3981 ista
1160 3920 1428 3999 cogitatis
1479 3922 1538 3982 in
1573 3919 1853 3982 cordibus
1886 3920 2091 3981 vestris
2112 3920 2142 3981 *ἶ

488 4005 639 4078 Quid
674 4015 761 4067 est
804 4008 1033 4071 facilius
1066 4011 1271 4072 dicere
1319 4010 1639 4091 paralytico
1684 4027 1698 4071 :
1735 4009 2144 4073 Remittuntur

490 4094 596 4156 tibi
626 4104 890 4178 peccata,
924 4117 998 4161 an
1019 4100 1224 4161 dicere
1250 4121 1263 4162 :
1297 4101 1507 4179 Surge,
1538 4108 1595 4162 et
1618 4099 1757 4161 tolle
1787 4098 2134 4177 grabbatum

490 4192 655 4246 tuum
682 4196 739 4250 et
769 4187 1101 4251 ambula?ut
1127 4197 1322 4251 autem
1346 4189 1545 4251 sciatis
1562 4189 1717 4269 quod
1744 4189 1928 4252 Filius
1946 4190 2136 4250 humi-

492 4273 583 4334 nis
606 4276 783 4339 habet
828 4281 1438 4359 potestateminterra
1485 4280 1825 4343 remittendi
1870 4291 2129 4361 peccata,

2224 2126 2323 2192 τὴν
2380 2133 2474 2182 τοῦ
2544 2130 2997 2210 προσφερομένου,
3075 2135 3245 2190 καίτοι
3279 2134 3513 2190 ἀπίστων
3558 2132 3724 2191 ὄντων
3774 2142 3887 2193 to.

2224 2216 2652 2304 προσφερόντων.
2721 2220 2932 2297 Πρῶτον
2983 2220 3038 2277 δὲ
3096 2223 3189 2285 τὰς
3250 2224 3509 2302 ἁμαρτίας
3565 2224 3748 2304 ἀφίησι
3806 2230 3885 2299 τῷ

2226 2301 2497 2384 ὰῤῥώοτῳ,
2561 2306 2684 2362 εἶτα
2742 2310 2829 2363 καὶ
2884 2312 2983 2376 τὴν
3040 2312 3193 2367 νόσον
3249 2313 3545 2391 Θεραπεύει,
3614 2301 3728 2371 ⁷Καὶ
3787 2314 3889 2392 γὰρ

2226 2392 2278 2459 EE
2335 2393 2606 2471 ἁμαρτιῶν
2665 2398 2729 2452 τὰ
2809 2398 3165 2479 χαλεπώτερα
3262 2407 3366 2457 τῶν
3453 2401 3889 2480 ἀρρωστημάτων

2229 2484 2298 2548 ὡς
2354 2482 2439 2539 ἐπὶ
2497 2486 2557 2539 τὸ
2614 2484 2867 2543 πλεῖστον
2928 2490 3191 2567 γίνονται,
3251 2491 3436 2569 ὥσπερ
3495 2492 3698 2547 καὶτὸν
3742 2493 3887 2569 παρὰ

2229 2579 2304 2646 τῷ
2385 2572 2608 2649 Ἰωάννῃ
2704 2576 3031 2658 παράλυτοι),
3112 2578 3164 2645 έξ
3237 2582 3510 2659 ἁμαρτιῶν
3596 2583 3886 2659 παρεθῆναί

2230 2682 2391 2741 φησιν
2450 2663 2477 2717 6
2516 2665 2699 2742 Κύριος
2770 2667 2878 2723 Οὔκ
2907 2667 3017 2724 ἔστι
3048 2669 3147 2747 γὰρ
3178 2669 3262 2732 εἷς
3295 2671 3322 2725 6
3345 2670 3487 2748 παρὰ
3514 2677 3591 2745 τῷ
3635 2670 3880 2747 Ἰωάννῃ,

2231 2750 2319 2837 καὶ
2377 2752 2405 2806 6
2489 2752 2575 2808 νῦν
2646 2757 3133 2831 μνημονευόμενος,
3194 2758 3317 2815 ἀλλ’
3360 2759 3532 2836 ’έτερος
3565 2762 3652 2816 καὶ
3682 2759 3881 2837 ἔτερος,

2237 2830 2294 2897 Ὀ
2324 2926 2336 2929 Δ
2368 2840 2465 2916 μὶν
2521 2844 2621 2921 γὰρ
2676 2830 2816 2924 παρα
2845 2853 2922 2920 τῷ
2956 2830 3211 2924 Ἰωάννῃ,
3258 2851 3351 2905 οὐκ
3382 2830 3539 2929 εἶχεν
3582 2830 3876 2928 ἄνθρωπον

2233 2932 2260 2985 ὁ
2316 2926 2371 2986 δί
2421 2937 2530 3005 νῦν,
2595 2934 2851 3011 τέσσαρας
2910 2935 3051 3015 ἔχει’
3109 2940 3197 2994 καὶ
3253 2940 3281 2994 6
3312 2926 3535 3018 μὶνξὶν
3578 2926 3882 3017 τῇπροεα-

2231 3028 2375 3097 τικῇ,
2439 3024 2466 3078 6
2536 3021 2591 3107 δξ.
2650 3034 2761 3097 νῦν,
2806 3025 2859 3080 ἐν
2888 3027 3048 3098 οἰκίᾳ·
3082 3029 3169 3083 καὶ
3200 3030 3227 3084 6
3261 3028 3377 3101 μὲν,
3418 3028 3471 3084 έν
3506 3029 3883 3107 Καπερναοὺμ,

2230 3111 2257 3165 6
2305 3108 2381 3182 δὲ,
2454 3111 2508 3167 έν
2569 3103 2974 3192 Ἰεροσολύμοις,
3047 3117 3135 3173 καὶ
3219 3115 3383 3182 ἄλλας
3440 3115 3485 3173 δ’
3580 3103 3668 3172 ἄν’
3713 3103 3886 3195 εὕροις

2228 3197 2502 3279 διαφοράς.
2565 3201 2713 3269 Πλὴν
2772 3204 2999 3282 γίνωσκε
3050 3205 3131 3261 ὅτι
3187 3208 3215 3262 6
3272 3208 3414 3277 rupit
3476 3214 3553 3280 τῷ
3609 3208 3881 3279 Ματθαίῳ,

2226 3291 2313 3345 καὶ
2385 3293 2412 3344 6
2498 3298 2584 3347 νῦν
2644 3296 3111 3370 μνημονευόμενος
3169 3296 3312 3375 παρὰ
3394 3303 3470 3371 τῷ
3528 3296 3726 3374 Μάρκῳ
3795 3296 3884 3358 ιτς

2227 3401 2390 3438 εστιν.

2316 3492 2337 3524 ε
2388 3458 2557 3527 Ἦσαν
2601 3470 2653 3529 δέ
2697 3495 2837 3537 τινες
2868 3479 2974 3531 τῶν
3004 3475 3367 3553 Γραμματέων
3411 3475 3527 3533 ἐκεῖ
3562 3478 3875 3552 καθήμενοι,

2225 3560 2313 3615 καὶ
2382 3557 2803 3638 διαλογιζόμενοι
2864 3563 2919 3619 ἑν
2977 3578 3098 3626 ταῖς
3142 3562 3376 3635 καρδίαις
3407 3565 3597 3621 αὖτῶν·
3635 3567 3694 3624 Τί
3725 3566 3872 3629 οὗτος

2226 3648 2363 3705 οὕτω
2416 3647 2574 3705 λαλεῖ
2629 3650 2967 3730 βλασφημίας
3018 3672 3034 3727 ;
3086 3655 3174 3717 Τίς
3217 3651 3426 3710 δύναται
3455 3653 3663 3734 ἀφιέναι
3692 3656 3872 3729 ἆμαρ-

2224 3740 2363 3812 τίας,
2390 3740 2431 3794 εί
2462 3740 2539 3814 μὴ
2574 3742 2659 3798 εἷς
2691 3743 2719 3797 ὁ
2764 3744 2895 3806 Θεὸς
2927 3763 2943 3813 ;
2981 3744 3079 3801 Καὶ
3110 3743 3298 3809 εὐθέως
3329 3742 3574 3821 έπιγνούς
3607 3747 3636 3801 6
3669 3742 3878 3811 Ἰησοῦς

2230 3834 2300 3901 τῷ
2368 3829 2623 3903 πνεύματι
2678 3829 2858 3911 αὖτοῦ,
2918 3831 2998 3888 ὅτι
3074 3832 3241 3898 οὕτως
3298 3833 3443 3889 αὒτοὶ
3490 3832 3875 3911 διαλογίζονται

2224 3916 2277 3972 έν
2344 3921 2580 3998 ἑαυτοῖς,
2644 3920 2800 3977 εἶπεν
2859 3924 3068 3986 αὺτοῖς·
3131 3924 3191 3983 Τί
3220 3928 3384 3979 ταῦτα
3432 3921 3785 4002 διαλογίζεσθε
3824 3921 3881 3978 έν

2224 4021 2346 4072 ταῖς
2401 4006 2635 4086 καρδίαις
2688 4012 2888 4087 opm;
2951 4013 3010 4069 Ti
3071 4012 3213 4069 έστιν
3264 4013 3650 4091 εὐκοπώτερον,
3707 4013 3879 4069 εἰπεῖν

2222 4098 2299 4181 τῷ
2351 4096 2715 4178 παραλυτικῶ,
2773 4098 3066 4181 Ἀφέωνταί
3095 4124 3176 4158 σοι
3209 4105 3259 4158 αί
3303 4101 3577 4181 ἁμαρτίαι,
3610 4100 3645 4168 ἦ
3677 4102 3869 4158 εἰπεῖν·

2220 4178 2413 4267 ’Ἐγειρ
2427 4212 2496 4268 ιι,
2556 4190 2644 4245 καὶ
2673 4189 2797 4268 ἆρόν
2824 4211 2919 4247 σου
2962 4192 3052 4247 τὸν
3083 4189 3402 4270 κράϐὅατον,
3429 4192 3517 4247 καὶ
3547 4191 3824 4263 περιπάτει
3852 4213 3870 4264 ;

2222 4267 2345 4334 υΙνα
2400 4275 2455 4333 δὲ
2482 4267 2486 4268 ί
2512 4276 2683 4345 εἰδῆτε
2711 4267 2793 4335 ὅτι
2826 4279 3057 4346 ἐξουσίαν
3086 4267 3204 4361 ἔχει
3236 4283 3265 4337 6
3300 4282 3414 4347 Υἱὸς
3446 4288 3537 4339 τοῦ
3595 4279 3871 4359 ἀνθρώπου

490 4364 570 4426 ait
601 4368 920 4450 paralytico
946 4369 1117 4433 :Tibi
1140 4369 1584 4451 dico,Surge,ac
1618 4370 1755 4433 tolle
1782 4368 2130 4450 grabl:atum

2228 4366 2301 4423 ini
2371 4369 2467 4433 τῆς
2497 4373 2599 4446 γῆς
2647 4367 2850 4448 ἀφιέναι
2882 4368 3165 4451 ἅμαρτίας,
3198 4368 3342 4449 λέγει
3390 4378 3466 4445 τῷ
3492 4369 3857 4449 παραλυτικῷ·

490 4463 677 4528 tuum,
702 4464 759 4519 et
784 4456 879 4519 alii
923 4458 980 4521 in
1030 4460 1270 4521 domum
1307 4468 1489 4521 tuam.
1522 4462 1593 4520 Et
1629 4458 1824 4520 statim
1858 4460 2131 4536 surrexit,

489 4543 841 4626 sublatoque
862 4548 1145 4627 grabbato
1168 4568 1442 4629 egressus
1459 4558 1548 4611 est
1576 4549 1632 4609 in
1666 4556 1993 4627 conspectu
2021 4568 2139 4609 om-

486 4634 676 4709 nium,
702 4639 849 4698 adeo
881 4648 941 4699 ut
973 4648 1389 4719 stupescerent
1418 4648 1713 4711 omnes,et
1738 4636 2141 4717 gloriﬁcarent

482 4727 698 4805 Deum,
723 4726 991 4790 dicentes
1026 4748 1040 4792 :
1073 4729 1382 4811 Nunquam
1424 4728 1510 4789 sic
1548 4727 1823 4789 vidimus.
1871 4755 1893 4783 υ
1933 4729 2136 4790 Phari-

484 4814 585 4876 saei
618 4817 859 4895 quidem
881 4818 1209 4896 arguebant
1232 4819 1547 4880 Dominum
1582 4825 1643 4877 ut
1696 4815 2131 4895 hlasphemum.

484 4902 641 4983 quod
673 4906 1002 4969 remitteret
1029 4917 1316 4988 peccata:
1340 4908 1538 4972 Solius
1568 4906 1728 4966 enim
1796 4904 1899 4967 Dei
1928 4916 2014 4967 est
2045 4925 2135 4968 re'

490 4990 723 5054 mittere
759 4996 1313 5075 peccata.Dom.nus
1341 5005 1535 5059 autem
1572 5002 1629 5056 et
1657 4994 1817 5056 aliud
1847 4994 2010 5057 dedit
2041 4997 2137 5056 in-

484 5078 708 5142 dictum
741 5084 929 5145 Deum
961 5103 1023 5147 se
1055 5105 1187 5147 esse
1210 5105 1436 5159 verum,
1469 5103 1682 5164 nempe
1701 5103 1765 5145 se
1784 5086 1973 5146 corda
2010 5085 2139 5147 illo-

487 5186 617 5228 rum
639 5178 1173 5249 cognosccre.Nam
1191 5188 1248 5236 et
1264 5176 1445 5240 corda
1462 5173 1733 5237 omnium
1751 5193 2139 5252 cognoscere.

488 5255 675 5319 solius
703 5257 808 5321 Dei
828 5262 1240 5335 est,sicutl82
1257 5275 1314 5327 et
1339 5265 1625 5346 propheta
1651 5261 1795 5323 dicit
1821 5284 1834 5322 :
1874 5263 1962 5325 Tu
1988 5264 2141 5325 nosti

487 5346 668 5409 corda
690 5350 872 5414 solus.
899 5352 1200 5417 lllitamen
1214 5355 1487 5417 revelatis
1506 5352 1681 5415 etiam
1697 5353 1969 5415 cordium
1993 5373 2138 5415 suo-

492 5453 621 5497 rum
667 5440 1121 5517 cogitationibus
1174 5452 1523 5526 permanent
1572 5444 1854 5507 insensati
1884 5462 1953 5523 ac
2008 5452 2133 5503 stn-

565 5605 628 5657 ⁷6
653 5607 828 5675 Joan.
859 5627 921 5693 ν,
954 5614 1093 5680 5-8.

2221 4458 2315 4513 Σοὶ
2371 4455 2535 4535 λέγω,
2606 4458 2823 4539 ἕγειραι,
2891 4462 2975 4515 καὶ
3030 4460 3155 4539 ἆρον
3197 4463 3290 4517 τὸν
3318 4458 3614 4539 κράόϐατόν
3643 4480 3759 4533 σου,
3793 4482 3861 4515 κα

2224 4546 2397 4624 ὕπαγε
2474 4550 2545 4609 εἰς
2603 4550 2694 4604 τὸν
2754 4549 2907 4605 οἶκόν
2968 4572 3083 4612 σου.
3144 4552 3242 4608 Καὶ
3294 4550 3491 4629 ἠγέρθη
3524 4549 3737 4623 εὗθέως,
3799 4553 3868 4605 κά

2230 4634 2358 4713 ἄρας
2432 4639 2522 4692 τὸν
2578 4635 2894 4719 κράϐὅατον,
2952 4637 3164 4705 ἐξῆλθεν
3210 4639 3442 4697 έναντίον
3470 4640 3704 4717 πάντων,
3738 4638 3875 4696 ὥστε

2228 4725 2520 4791 ἐξίστασθαι
2580 4728 2804 4807 πάντας,
2858 4729 2943 4783 καὶ
2974 4726 3203 4799 δοξάζειν
3243 4730 3335 4784 τὸν
3394 4730 3549 4807 Θεὸν,
3620 4725 3876 4805 λέγοντας

2223 4818 2302 4872 ὃτι
2373 4814 2629 4875 Οὐδέποτε
2701 4816 2865 4879 οὕτως
2923 4814 3133 4892 ἴδομεν.
3177 4842 3201 4875 ε
3251 4821 3310 4875 0i
3358 4818 3456 4893 μὶν
3486 4824 3769 4895 Φαρισαῖοι
3799 4819 3876 4881 ὡς

2221 4904 2538 4985 βλάσφημον
2616 4904 2886 4964 διέϐαλλον
2940 4908 3030 4964 τὸν
3064 4908 3271 4985 Κύριον,
3306 4906 3388 4963 ὅτι
3417 4907 3559 4987 ἠφίει
3590 4908 3870 4987 ἁμαρτίας⁹

2222 4996 2387 5071 μόνου
2454 4996 2553 5072 γὰρ
2611 5003 2743 5054 Θεοῦ
2800 4998 2860 5053 τὸ
2902 4997 3107 5065 ἀφιέναι
3166 4998 3448 5077 ἁμαρτίας·
3579 4995 3634 5053 δὲ
3690 4998 3875 5075 Κύριος

2227 5088 2313 5141 καὶ
2370 5083 2500 5141 ἄλλο
2556 5086 2843 5165 τεκμήριον
2900 5083 3074 5143 δίδωσι
3126 5092 3219 5143 τοῦ
3274 5086 3418 5143 εἶναι
3468 5087 3622 5163 Θεὸς,
3672 5087 3734 5143 τὸ
3784 5087 3875 5151 τὰς

2230 5174 2441 5252 καρδίας
2496 5176 2666 5234 αὐτῶν
2717 5175 3015 5252 γινώσκειν⁸
3081 5178 3209 5239 Θεὸς
3266 5177 3365 5255 γὰρ
3422 5176 3584 5252 μόνος
3631 5172 3748 5231 οἶδε
3809 5175 3875 5229 τὰ

2226 5264 2476 5343 ὶγκάρδια
2546 5264 2791 5346 ἑκάστου,
2865 5267 2937 5329 ὡς
2991 5268 3077 5323 καὶ
3126 5268 3154 5323 6
3223 5268 3503 5346 προφήτης
3569 5263 3736 5342 λέγει,
3800 5260 3872 5315 Σὺ

2226 5354 2501 5411 ἒπίστασαι
2560 5352 2772 5433 καρδίας
2841 5355 3171 5431 μονώτατος.
3234 5352 3383 5413 Ἀλλ’
3438 5352 3633 5409 ἐκεῖνοι
3705 5350 3873 5407 καίτοι

2222 5444 2692 5525 ἀνακαλυφθέντων
2740 5450 2843 5502 τῶν
2902 5446 2955 5500 έν
3004 5459 3125 5507 ταῖς
3211 5441 3443 5520 καρδίαις
3500 5441 3695 5515 αὐτῶν,
3726 5438 3871 5517 ὅμως
