4170 6420
265 333 380 406 ΞἮ

999 333 1443 400 ENARRATIO
1486 333 1568 396 IN
1615 330 2120 426 EVANGELIUM
2172 325 2437 394 MARCI.
2485 361 2545 371 -σ-
2602 325 2763 392 CAP.
2811 329 2920 390 III.

3547 315 3672 384 522

266 490 502 548 γματος,
578 467 869 524 Ἐπιπλὲον
951 465 1007 522 δὲ
1077 466 1263 532 αὐτοὺς
1337 469 1424 523 καί
1494 473 1581 523 νῦν
1639 467 1926 547 ίντρέπων,

2016 463 2134 544 puli
2166 465 2321 545 ejus,
2348 474 2410 525 ut
2440 473 2496 525 et
2520 465 2648 544 ipse
2677 473 2957 544 operetur
2986 464 3048 524 in
3083 463 3178 524 die
3222 461 3464 526 Sabbati
3489 462 3666 526 mira’

265 563 687 636 θαυματουργεϊ,
749 555 1000 614 δεικνύων
1059 555 1164 632 ὅτι,
1224 561 1486 615 Τοσοῦτον
1541 554 1646 638 οὐχ
1700 556 1931 636 ἁμαρτά-

269 669 449 705 νουσιν
493 649 541 703 ot
584 647 819 721 μαθηταί
873 667 1000 725 μου,
1061 645 1200 704 ὥστε
1257 647 1346 703 καὶ
1377 647 1528 712 αὐτὸς
1556 647 1667 726 εγὼ
1708 645 1931 725 ὶργᾶζο-

275 758 375 815 μαι
433 735 488 791 ἓν
545 741 613 813 τῇ
669 735 848 813 ἡμέρᾳ
903 740 997 791 τοῦ
1056 732 1352 810 Σαϐϐἀτου,
1403 739 1576 812 θαῦμα
1630 734 1931 793 δπιδεικνύ-

276 847 438 903 μενος
471 844 486 856 ·
547 824 686 882 ὥστε
743 825 788 881 εἰ
841 823 1006 881 κακόν
1062 827 1174 881 ἔστι
1233 826 1295 882 τὸ
1347 829 1790 906 θαυματουργεϊν,
1819 824 1929 883 ἔστι

277 917 444 972 καλὸν
501 913 685 980 ἅπλῶς
737 914 826 970 καὶ
868 915 931 970 τὸ
979 913 1284 993 ἰργάζεσθαι
1313 915 1379 972 τὰ
1421 915 1692 994 ἀναγκαῖα
1746 914 1802 971 ἐν
1853 922 1930 991 τῷ

279 1001 542 1066 Σαϐϐάτοο
578 1019 594 1037 ’
626 1002 765 1060 ἀλλὰ
811 1003 920 1079 μην
975 1005 1037 1060 τὸ
1081 1007 1520 1084 θαυματουργεῖν,
1556 1003 1642 1062 ἐπὶ
1695 1005 1928 1085 σωτηρίᾳ

276 1093 576 1172 ἀνθρώπου,
635 1092 782 1150 θετόν
835 1091 998 1165 ἔστιν,
1056 1091 1151 1149 οὒκ
1207 1091 1305 1173 ἄρα
1347 1106 1650 1173 παρανομεῖ
1699 1097 1727 1150 ὃ
1757 1094 1813 1150 ἐν
1849 1101 1926 1169 τῷ

271 1180 534 1258 Σαϐϐάτῳ
587 1182 666 1258 μὴ
725 1181 887 1239 κακόν
941 1204 992 1237 τι
1051 1180 1427 1262 ἐργαζόμενος.
1477 1183 1575 1240 Διὰ
1623 1189 1779 1240 τοῦτο
1835 1190 1924 1240 οὐν

265 1273 356 1328 καὶ
382 1272 553 1349 ἱρωτᾷ
580 1271 770 1337 αὐτοὺς
829 1272 873 1327 εἰ
915 1270 1113 1336 ἔξεστιν
1177 1270 1594 1350 ἀγαθοποιῆσαι,
1659 1271 1923 1350 ἐντρέπων

269 1363 460 1426 αὖτοὺς
515 1363 588 1425 ὡς
632 1359 938 1425 κωλύοντας
995 1361 1151 1417 αὐτὸν
1210 1361 1317 1418 ἀπὸ
1371 1367 1462 1418 τοῦ
1526 1361 1870 1440 ἆγαθοποιεϊν
1905 1382 1920 1397 ·

270 1449 405 1529 ξηρὰ
463 1447 516 1505 δὲ
576 1448 696 1530 ἔχει
739 1449 837 1517 τὴν
889 1462 1056 1530 χεῖρα
1097 1450 1196 1518 τὴν
1240 1447 1406 1516 δεξιὰν
1436 1456 1539 1516 πᾶς
1583 1453 1610 1508 6
1641 1452 1719 1528 μὴ
1749 1452 1922 1530 πρατ-

270 1562 380 1596 των
434 1539 503 1596 τὰ
551 1544 653 1605 τῆς
712 1536 880 1604 δεξιᾶς
926 1536 1134 1618 μερίδος
1192 1537 1342 1619 ἶργα.
1401 1541 1540 1620 Πρὸς
1596 1539 1656 1595 ’ὃν
1715 1538 1859 1620 λέγει
1900 1543 1928 1598 6

273 1627 500 1708 Χριστός
535 1646 550 1661 ⁶
594 1627 878 1707 ’¹Εγειραι,
912 1626 1204 1702 τουτέστιν,
1238 1625 1470 1686 Ἀνάστα
1498 1629 1604 1686 ἀπὸ
1634 1629 1728 1696 τῆς
1761 1631 1929 1709 ἁμαρ-

2016 554 2214 614 culum
2248 553 2584 616 facienszita
2613 553 2746 614 utsi
2779 553 3001 613 malum
3027 551 3107 613 ‘sit
3139 553 3374 632 operari
3400 553 3666 615 miracu-

2015 642 2523 724 lum,simpliciter
2542 643 2756 703 malum
2792 642 3055 703 futurum
3075 642 3150 702 sit
3167 643 3547 722 operaril86
3567 663 3668 705 ne-

2017 733 2273 794 cessaria
2292 733 2350 793 in
2376 732 2656 812 Sabbnto;
2685 731 2789 793 sed
2819 731 3170 792 miraculum
3191 733 3389 794 tacere
3413 734 3472 794 in
3493 733 3664 796 salu-

2017 830 2133 882 tem
2168 821 2723 893 hominis,divinum
2742 829 2864 883 est:
2892 840 3009 881 non
3043 821 3222 900 igitur
3249 823 3668 898 przevaricatur

2013 911 2109 990 qui
2135 911 2195 971 in
2225 910 2484 973 Sabbato
2517 909 2674 990 quod
2709 911 2926 970 malum
2949 928 3065 969 non
3087 912 3665 991 est,operatur.Pro-

2009 1009 2215 1078 pterea
2233 1000 2406 1060 etiam
2426 1000 2750 1077 interrogat
2772 999 2904 1059 illos
2928 1017 3066 1059 num
3086 999 3260 1060 liceat
3281 998 3666 1091 benefacere,

2007 1100 2222 1152 notans
2253 1109 2354 1152 eos
2377 1099 2439 1150 ut
2472 1090 2970 1151 benefacereeum
2997 1089 3665 1170 prohibentes.Aridam

2010 1188 2208 1241 autem
2240 1179 2542 1240 dexteram
2573 1179 2766 1238 omnis
2791 1178 2971 1239 habet
2993 1178 3095 1258 qui
3123 1197 3307 1258 opera
3327 1199 3532 1241 eorum
3547 1198 3666 1242 non

2010 1268 2150 1330 facit
2181 1269 2280 1350 qui
2312 1269 2382 1330 ad
2405 1268 2707 1328 dexteram
2750 1277 2972 1346 partem
3009 1269 3329 1348 pertinent.
3363 1270 3450 1331 Ad
3487 1288 3665 1351 quem

2013 1358 2284 1421 Christus
2310 1357 2476 1434 dicit,
2504 1356 2794 1429 Excitare,
2818 1358 2930 1417 hoc
2963 1365 3075 1430 est,
3114 1356 3303 1436 Surge
3335 1377 3368 1419 a
3398 1367 3662 1440 peccato,

2015 1455 2070 1507 et
2110 1456 2196 1508 sta
2228 1447 2289 1509 in
2322 1449 2534 1519 medio,
2565 1448 2675 1507 hoc
2704 1455 2795 1508 est
2824 1449 2881 1506 in
2919 1447 3328 1510 mediocritate
3356 1448 3665 1512 virtutum.

2012 1533 2219 1598 Omnis
2251 1535 2406 1596 enim
2431 1535 2614 1596 \‘irlus
2645 1534 3020 1595 mediocritas
3052 1543 3161 1609 est,
3188 1554 3258 1597 eo
3290 1535 3444 1616 quod
3474 1554 3670 1618 neque

2012 1622 2072 1685 in
2105 1623 2425 1699 defectum,
2461 1641 2656 1700 neque
2698 1622 2757 1682 in
2813 1641 3119 1684 excessum
3175 1625 3455 1688 declinat.
3503 1625 3672 1688 Tune

272 1718 417 1793 τίας,
478 1718 570 1774 καὶ
619 1719 774 1784 στῆθι
833 1718 904 1781 εἷς
962 1718 1024 1772 τὸ
1097 1716 1283 1798 μέσον,
1342 1717 1633 1793 τουτέστιν,
1691 1720 1765 1780 εἷς
1832 1720 1930 1788 τὴν

2016 1712 2195 1791 igitur
2223 1713 2457 1794 quando
2489 1731 2553 1774 se
2583 1711 2785 1773 statuit
2815 1713 2872 1772 in
2907 1712 3668 1785 mediocritatemrestitui-

274 1806 552 1882 μεσότητα
635 1811 733 1862 τῶν
801 1805 1024 1894 ἆρετῷν,
1099 1811 1251 1863 Πᾶσα
1294 1806 1394 1886 γὰρ
1448 1807 1635 1887 ἀρετὴ,
1695 1808 1932 1883 μεσότης

2020 1815 2116 1894 tur
2145 1803 2396 1894 dextera
2427 1803 2683 1894 ei_sana.
2718 1802 2867 1894 Vide
2904 1811 3132 1894 autem
3168 1804 3324 1894 quod
3382 1805 3551 1881 dicit,
3599 1806 3674 1868 Et

272 1895 441 1968 ἐστὶν,
487 1895 605 1953 οὔτε
664 1896 736 1960 εἷς
778 1895 876 1963 τὴν
927 1893 1186 1971 ἔλλειψιν,
1241 1894 1356 1952 οὔτε
1390 1897 1464 1959 είς
1506 1896 1606 1964 τὴν
1637 1895 1932 1976 ὑπερϐολὴν

2016 1889 2286 1952 restituta
2318 1899 2428 1954 est.
2463 1889 2638 1951 Erant
2673 1890 2831 1951 enim
2865 1890 3002 1950 olim
3041 1891 3211 1952 nobis
3245 1912 3403 1955 sanae
3431 1913 3666 1972 manus,

271 1984 587 2042 ἐπινεύουσα
625 2002 639 2016 '
671 1984 794 2041 τότε
851 1984 1024 2043 τοίνυν
1069 1983 1196 2042 ὅταν
1247 1989 1414 2063 σταθῇ
1470 1987 1542 2052 εἰς
1600 1987 1699 2055 τὴν
1761 1987 1932 2064 μεσό-

2016 1980 2128 2041 hoc
2159 1988 2248 2042 est
2291 1980 2494 2041 efﬁcax
2526 1981 2710 2041 virtus
2759 1979 3083 2060 operativa,
3133 1984 3369 2062 quando
3405 1985 3669 2045 nondum

268 2097 436 2155 τητα,
497 2075 1063 2145 ἀποκατασταθήσεται
1121 2076 1156 2143 ἡ
1202 2075 1323 2156 χεὶρ
1356 2075 1514 2133 αύτοῦ
1560 2076 1742 2156 ὑγιής.
1777 2068 1932 2155 "Op:

2016 2067 2122 2130 fuit
2151 2070 2567 2149 transgressio.
2601 2068 2715 2132 Ubi
2744 2082 2944 2130 autem
3007 2078 3248 2133 extenta
3307 2082 3397 2134 est
3425 2073 3672 2136 dextera

268 2162 325 2221 δὶ
382 2167 472 2222 καὶ
540 2166 604 2221 τὸ
662 2161 1122 2232 Ἀποκατεστάθη.
1187 2165 1286 2223 Καὶ
1343 2165 1443 2245 γὰρ
1475 2164 1541 2234 ἦν
1585 2165 1672 2245 ὅτε
1704 2163 1932 2247 εἴχομεν

2017 2167 2217 2219 nostra
2249 2157 2321 2218 ad
2356 2158 2611 2219 fructum
2647 2157 3037 2238 prohibitum,
3078 2167 3216 2221 tunc
3243 2178 3519 2224 arescere
3553 2181 3674 2226 cae-

267 2257 445 2334 ὒγιετς
501 2254 594 2317 τὰς
641 2267 862 2335 χεῖρας,
940 2253 1203 2330 τουτέστι,
1283 2243 1380 2324 τὴν
1436 2243 1737 2335 πρακτικὴν
1763 2243 1932 2334 -ἒνὲρ-

2016 2249 2100 2332 pit
2130 2251 2200 2312 ad
2233 2250 2642 2331 Operatioxem
2681 2249 3216 2313 boni.Restituetur
3246 2253 3425 2333 igitur
3453 2254 3668 2317 iterum

271 2365 449 2423 γειαν,
509 2342 596 2400 ὅτε
652 2341 800 2400 οὔπω
856 2340 1154 2424 παράϐασις
1188 2357 1204 2372 ⁹
1252 2343 1342 2423 ἀφ’
1404 2350 1466 2402 οὔ
1509 2341 1564 2399 δὲ
1594 2342 1844 2412 ἆξετάσθη
1897 2346 1932 2412 ἡ

2019 2343 2075 2400 in
2110 2339 2417 2422 pristinam
2452 2345 2786 2412 sanitatem,
2821 2359 2954 2402 cum
2996 2341 3054 2400 in
3104 2343 3298 2405 medio
3331 2353 3673 2408 steterimus

271 2434 399 2513 χεὶρ
439 2433 592 2508 ἡμῶν
651 2432 738 2490 ἐπὶ
793 2434 885 2489 τὸν
963 2432 1397 2512 ἀπηγορευμένον
1468 2435 1694 2513 καρπὸν,
1728 2433 1935 2512 ..ἔκτοτε
2015 2429 2320 2492 virtutum.

273 2521 537 2602 Ξξηράνθη
579 2523 710 2602 πρὸς
754 2523 852 2592 τὴν
895 2524 988 2579 τοῦ
1015 2521 1180 2580 καλοῦ
1237 2522 1506 2602 ἐργασίαν.
1549 2523 1715 2586 Πάλιν
1758 2526 1844 2582 οὖν
1905 2523 2467 2592 ἆποκατασταθήσεται
2522 2523 2594 2584 εἰς
2653 2521 3035 2598 τὴν-προτέραν
3083 2522 3284 2599 ὑγείαν,
3333 2523 3458 2581 ὅταν
3490 2525 3544 2582 ἐν
3600 2533 3677 2601 τῷ

274 2610 430 2689 μέσῳ
473 2615 744 2688 σταθῶμεν
782 2616 891 2668 τῶν
932 2611 1157 2691 ἀρετῶν.

362 2725 390 2756 ι
430 2703 526 2759 Καὶ
574 2699 873 2766 ὶξελθόντες
932 2705 980 2759 οἱ
1033 2709 1342 2782 Φαρισαῖοι,
1388 2702 1578 2767 εύθέως
1637 2705 1773 2781 μετὰ
1824 2709 1931 2760 τῶν

2097 2698 2488 2777 νεῐιε.ξ;6-1⁰2..
2530 2700 2799 2777 «Egressi
2833 2717 2977 2762 vero
3012 2699 3296 2764 Pharisaei
3328 2703 3524 2765 statim
3558 2723 3679 2766 una

274 2783 614 2869 Ἦρωδιανῶν
698 2788 1016 2867 συμϐούλιον
1092 2792 1300 2852 ἐποίουν
1356 2790 1474 2851 κατ’
1527 2797 1707 2869 αὐτοῦ,
1782 2793 1930 2856 ὅπως

2016 2807 2148 2850 cum
2175 2788 2536 2850 Herodianis
2567 2789 2881 2850 consilium
2931 2789 3159 2852 inibant
3191 2791 3475 2854 adversus
3506 2792 3673 2855 illum

268 2883 432 2939 αὺτὸν
488 2879 815 2944 ἀπολέσωσι,
879 2883 978 2939 Καὶ
1035 2884 1063 2938 6
1135 2881 1342 2950 Ἰησοῦς
1421 2875 1737 2964 ἀνεχώρησε
1795 2884 1931 2958 μετὰ

2016 2885 2077 2938 ut
2108 2897 2242 2940 eum
2277 2877 2802 2959 perderent..lesus
2831 2887 3024 2940 autem
3061 2900 3193 2941 cum
3216 2882 3521 2962 discipulis
3551 2885 3676 2944 suis

266 2977 377 3027 τῶν
423 2974 678 3046 μαθητῶν
734 2970 894 3028 αὗτοῦ
951 2971 1084 3050 πρὸς
1141 2973 1239 3039 τὴν
1311 2971 1604 3045 θάλασσαν,
1649 2976 1737 3030 καὶ
1795 2972 1930 3031 πολὺ

2016 2969 2293 3028 secesssit
2341 2967 2410 3028 ad
2447 2985 2631 3042 mare,
2667 2977 2724 3027 et
2753 2968 2965 3048 ingens
3003 2971 3318 3031 multitudo
3351 2981 3554 3034 secuta
3585 2981 3679 3035 est

265 3059 475 3127 πλῆθος
531 3060 636 3118 ἀπὸ
693 3059 790 3129 τῆς
851 3059 1137 3126 Γαλιλαίας
1202 3061 1560 3130 ἠκολούθησεν
1605 3067 1770 3138 αὐτῷ,
1843 3070 1930 3126 καὶ

268 3150 382 3207 ἀπὸ
442 3155 539 3218 τῆς
597 3148 874 3224 Ἰουδαίας,
920 3152 1009 3208 καὶ
1065 3151 1171 3209 ἀπὸ
1230 3143 1637 3233 Ἰεροσολύμων,
1683 3154 1771 3209 καὶ
1827 3152 1934 3209 ἀπὸ

275 3246 378 3308 τῆς
462 3236 782 3316 Ἰδουμαίας,
871 3241 958 3297 καὶ
1042 3239 1176 3322 πέρα
1232 3249 1324 3298 τοῦ
1405 3239 1684 3322 Ἰορδάνου,
1745 3243 1833 3299 καὶ
1889 3244 1935 3298 οἱ

278 3331 400 3408 περὶ
453 3329 617 3408 Τύρον
685 3330 775 3386 καὶ
834 3329 1060 3406 Σιδῶνα,
1138 3329 1341 3400 πλῆθος
1415 3331 1572 3409 πολὺ,
1621 3332 1937 3396 ἀκούσαντες

281 3419 382 3476 ὅσα
439 3419 626 3502 ἐποίει,
690 3417 850 3486 ἦλθον
895 3422 1028 3500 πρὸς
1075 3423 1256 3484 αὐτόν.
1305 3422 1404 3480 Καὶ
1432 3422 1559 3479 εἷπε
1601 3434 1718 3485 τοϊς
1763 3425 1936 3498 μαθη-

279 3521 406 3565 ταῖς
462 3511 620 3567 αὐτοῦ
675 3507 767 3565 ἵνα
810 3507 1086 3589 πλοιάριον
1134 3519 1502 3592 προσκαρτερῇ
1546 3511 1690 3588 αὖτῷ
1732 3510 1816 3569 διὰ
1843 3513 1932 3570 τὸν

276 3597 473 3678 ὄχλον,
522 3597 612 3654 ἵνα
665 3598 743 3674 μὴ
787 3596 1030 3656 θλίϐωσιν
1077 3601 1234 3659 αὖτόν
1267 3616 1280 3631 ⁸
1329 3599 1559 3666 πολλοὺς
1603 3602 1703 3682 γὰρ
1747 3600 1933 3681 ἐθερά-

273 3709 494 3759 πευσεν,
552 3687 692 3745 ὥστε
773 3688 1078 3746 ἐπιπίπτειν
1137 3693 1280 3762 αὖτῷ
1323 3689 1415 3749 ἵνα
1459 3691 1617 3748 αὐτοῦ
1663 3689 1928 3768 ἅψωνται,

267 3778 401 3836 ὅσον
460 3779 622 3860 εἶχον
679 3779 970 3861 μάστιγας,
1027 3780 1212 3836 καὶτὰ
1266 3781 1541 3857 πνεύματα
1569 3781 1636 3838 τὰ
1665 3781 1932 3862 ἀκάθαρτα

269 3870 404 3926 ὅταν
449 3869 605 3925 αὒτὸν
661 3867 895 3950 ἐθεώρει,
983 3869 1342 3950 προσέπιπτεν
1398 3874 1562 3947 αὒτῷ,
1609 3871 1697 3927 καὶ
1750 3869 1934 3948 ἓκραζε

266 3959 500 4038 λέγοντα
556 3956 662 4037 ὅτι,
722 3959 795 4014 Σὺ
852 3958 908 4016 ετ
965 3960 994 4014 6
1040 3960 1177 4032 Υἱὸς,
1226 3965 1318 4017 τοῦ
1375 3967 1528 4024 Θεοῦ.
1604 3962 1702 4019 Καὶ
1759 3959 1935 4017 πολλὰ

273 4049 504 4124 ἰπετίμα
546 4047 757 4123 αὺτοῖς,
804 4046 900 4105 ’ίνα
942 4048 1022 4124 μὴ
1071 4051 1293 4129 φανερὸν
1341 4051 1498 4109 αὐτὸν
1546 4050 1865 4119 ποιήσωσιν.
1900 4072 1929 4104 υ

1949 3034 1990 3085 C
2017 3075 2151 3116 eum
2185 3055 2587 3136 a.Galilzea,et
2617 3034 2649 3116 a
2679 3034 2904 3132 Judze'a,
2939 3057 3090 3118 etab
3128 3058 3588 3140 Hierosolymis,
3620 3034 3680 3125 et

2016 3143 2088 3205 ab
2117 3143 2376 3216 ldumea,
2411 3153 2468 3204 et
2504 3151 2666 3204 trans
2689 3143 3095 3220 Jordanem,et
3129 3147 3229 3228 qui
3264 3147 3423 3209 circa
3455 3147 3672 3230 Tyrum

2017 3235 2382 3308 habitabant,
2415 3255 2482 3297 ac
2515 3234 2821 3310 Sidonem,
2859 3238 3165 3298 hominum
3196 3239 3508 3300 multitudo
3541 3259 3673 3301 ma-
3729 3229 3735 3236 ’

2019 3342 2170 3404 gna:
2207 3326 2464 3406 quicum
2497 3325 2803 3387 audissent
2831 3345 2962 3407 qum
2987 3327 3262 3402 faciebat,
3295 3338 3582 3391 venerunt
3603 3332 3678 3393 ad

2022 3432 2177 3475 eum.
2215 3414 2285 3476 Et
2312 3414 2459 3475 dixit
2490 3415 2798 3495 discipulis
2838 3417 2960 3478 suis
2995 3425 3059 3478 ut
3089 3417 3418 3479 naviculam
3463 3420 3674 3501 appel-

2016 3502 2210 3566 lerent
2239 3505 2350 3566 sibi
2385 3513 2628 3585 propter
2683 3505 2941 3581 turbam,
2978 3525 3052 3568 ne
3096 3507 3291 3587 ipsum
3349 3519 3674 3588 premeret.

2013 3593 2231 3656 Multos
2260 3595 2417 3655 enim
2447 3597 2866 3670 sanaverat,ita
2882 3604 2946 3657 ut
2976 3598 3279 3658 irruerent
3309 3598 3367 3658 in
3394 3618 3677 3681 eum,quo

2016 3683 2179 3744 illum
2241 3692 2552 3761 tangerent
2612 3691 2901 3766 quotquot
2957 3686 3251 3748 habebant
3299 3689 3553 3767 ﬂagella.
3605 3688 3678 3752 Et

2017 3773 2259 3854 Spiritus
2291 3773 2584 3834 immundi
2609 3794 2742 3835 cum
2779 3776 2943 3837 illum
2965 3775 3684 3858 vidissent,procidebani

2015 3863 2094 3943 ei,
2127 3871 2185 3922 et
2217 3861 2551 3922 clamabant
2582 3863 2872 3945 dicentes,
2903 3863 2990 3926 Tn
3021 3885 3084 3926 es
3136 3865 3321 3929 Filius
3349 3867 3678 3931 Dei.Etve.

2016 3951 2330 4012 hementer
2357 3950 2852 4013 interminabutur
2871 3954 2956 4015 eis
2980 3974 3054 4015 ne
3085 3972 3150 4016 se
3185 3956 3675 4020 manifestumfa-

2019 4039 2547 4112 cerent.»Quinam
2581 4050 2750 4102 erant
2779 4043 3142 4104 Herodiani?
3171 4043 3275 4107 Vel
3314 4046 3534 4108 milites
3564 4046 3680 4110 He-

274 4139 429 4220 Τίνες
489 4141 626 4206 ἦσαν
670 4140 718 4194 οἱ
764 4127 1122 4219 Ἠρωδιανοί,
1189 4127 1368 4196 ’ίΗτοι
1424 4142 1472 4196 οἱ
1502 4146 1818 4220 στρατιῶται
1847 4148 1932 4197 τοῦ

2020 4131 2323 4211 rodis,vel
2347 4130 2589 4192 haeresis
2614 4134 2882 4211 quaedam
2927 4153 3121 4213 nuper
3167 4136 3488 4196 admodum
3520 4145 3674 4217 orta,

279 4219 544 4310 ᾟρώδου,
603 4229 638 4297 ἢ
696 4227 904 4305 αἵρεσις
960 4249 1040 4294 τις
1094 4231 1377 4310 νεοφανὴς,
1437 4219 1820 4308 δογματίζουσα
1849 4231 1932 4288 τὸν

2023 4239 2153 4300 quae
2183 4219 2430 4310 docebat
2458 4219 2754 4310 Herodem
2808 4223 3002 4301 ipsum
3059 4242 3190 4284 esse
3241 4225 3572 4308 Christum,
3605 4246 3676 4286 eo

279 4309 528 4399 Ἡρώδην
577 4317 731 4376 αὐτὸν
776 4318 920 4375 εῖναι
962 4319 1054 4376 τὸν
1104 4309 1354 4400 Χριστὸν,
1400 4317 1485 4378 διὰ
1526 4319 1586 4375 τὸ
1642 4318 1728 4375 ἔπ’
1788 4321 1932 4377 αὐτοῦ

2028 4310 2182 4390 quod
2215 4309 2325 4370 sub
2347 4309 2444 4370 illo
2476 4309 2861 4371 Judaicorum
2913 4329 3123 4390 regum
3156 4313 3458 4375 successio
3491 4315 3674 4376 tinem

278 4398 448 4488 πέρας
500 4405 736 4474 δέξασθαι
788 4408 888 4476 τὴν
944 4413 1053 4466 τῶν
1123 4398 1432 4466 ’Ῑοδδαῖκῶν
1493 4407 1751 4486 βασιλέων
1820 4407 1932 4466 δια-

2026 4398 2452 4472 habuisset,ita
2482 4399 2638 4460 enim
2665 4400 3039 4479 exponebant
3065 4403 3434 4482 prophetiam
3467 4404 3673 4480 Jacob,

274 4497 483 4579 ὃοχῆν.
545 4489 609 4556 ιΗ
668 4499 768 4578 γὰρ
823 4499 1123 4578 προφητεία
1183 4505 1276 4555 τοῦ
1319 4495 1514 4556 Ἰακὼϐ
1569 4496 1934 4574 διελάμϐανεν,

273 4589 368 4646 ὅτε
418 4587 751 4666 ἰκλείψουσιν
834 4590 880 4646 οἱ
938 4586 990 4654 ἒξ
1060 4586 1228 4646 Ἰούδα
1299 4587 1583 4670 ἄρχοντες,
1655 4580 1777 4645 τότε
1847 4590 1938 4646 τὸν

272 4679 512 4749 Χριστὸν
569 4675 767 4736 ἦλθετν.
836 4675 986 4736 Ἐπεὶ
1045 4677 1133 4734 οὖν
1178 4679 1269 4735 ἰπὶ
1302 4668 1408 4736 τῶν
1464 4668 1697 4759 Ἠρώδου
1729 4677 1938 4758 χρόνων

271 4767 442 4834 οιῖιδεῖς
499 4767 565 4835 ἦν
620 4765 911 4832 Ἰουδαΐκὸς
968 4767 1182 4848 ἅρχων,
1230 4765 1349 4824 ἀλλ’
1385 4769 1539 4833 αὐτὸς
1568 4767 1738 4849 ἦρχεν
1771 4765 1934 4824 ἀλλά.

275 4873 442 4941 ρυλος
486 4858 583 4933 ὢν,
647 4855 950 4940 Ἰδουμαῖος
992 4860 1094 4939 γὰρ
1136 4860 1229 4940 ἦν,
1291 4857 1542 4932 ἐνόμισαν
1600 4879 1740 4921 τινες
1786 4859 1938 4916 αὐτὸν

278 4953 426 5006 εἶναι
484 4949 576 5003 τὸν
631 4949 880 5028 Χριστὸν,
938 4949 1027 5004 καὶ
1081 4947 1290 5024 αἴρεσιν
1347 4948 1760 5022 συνεστήσαντο,
1796 4951 1939 5005 οὗτοι

277 5041 456 5096 τοίνυν
530 5038 840 5119 ἔπεχείρουν
923 5036 1181 5096 ἀπολέσαι
1264 5038 1356 5094 τὸν
1442 5039 1654 5116 Κύριον.
1745 5032 1815 5119 Ὀ-
1884 5037 1940 5094 δὲ

275 5131 563 5212 ἀναχωρεῖ
596 5145 612 5159 ⁸
634 5117 808 5186 Ῠοῧπω
850 5129 950 5206 γὰρ
987 5129 1054 5198 ἦν
1085 5131 1113 5186 6
1153 5137 1248 5188 τοῦ
1289 5129 1486 5192 πάθους
1540 5128 1746 5207 καιρός.
1779 5117 1941 5204 ’Ἅμα

278 5219 329 5277 ,ἒ
475 5221 491 5242 ,
530 5218 556 5258 τ,
708 5216 740 5276 λ
778 5219 788 5240 ,
1005 5221 1024 5260 ρ
1364 5216 1388 5236 ο.
1416 5219 1429 5235 ς
1541 5224 1564 5235 ..
1763 5242 1778 5254 λ
1915 5231 1940 5244 ..

272 5241 300 5277 ο
405 5243 494 5278 και
542 5241 624 5276 ,να
667 5243 707 5276 π
744 5241 914 5284 ειονας
977 5221 1326 5298 εηδεργετήσῃ,
1359 5235 1444 5274 οια
1475 5239 1631 5275 τουτο
1660 5217 1759 5275 ἀνα
1765 5239 1936 5298 χώρει

270 5311 384 5369 ἀπὸ
442 5312 551 5367 τῶν
606 5309 934 5389 ἂγνωμόνων
965 5325 980 5340 °
1045 5309 1134 5365 καὶ
1211 5309 1311 5389 γὰρ
1373 5305 1740 5376 ἠκολούθησαν
1797 5311 1938 5383 αὐτῷ

267 5401 492 5477 πολλοὶ,
551 5401 641 5457 καὶ
698 5398 884 5457 ἰάσατο
927 5398 1139 5473 αὐτοὺς,
1188 5396 1327 5456 ἆλλὰ
1383 5398 1470 5458 καὶ
1527 5400 1573 5454 οἱ
1632 5397 1804 5475 Τύριοι
1850 5400 1937 5455 καὶ

263 5496 309 5553 οἱ
389 5489 670 5571 Σιδώνιοι,
731 5486 1017 5569 ἀλλόφυλοι
1107 5485 1278 5562 ὄντες,
1354 5485 1674 5569 ὠφελοῦντο,
1737 5490 1798 5545 Ol
1879 5486 1932 5544 δὶ

345 5657 412 5708 ’⁷ο
439 5657 602 5719 Gen.
640 5665 807 5724 thx,
846 5649 938 5714 10.

777 5824 1042 5887 ΡΔΤΒΟῙ..
1087 5824 1201 5886 Gn.
1248 5823 1519 5885 CXXIII.

2022 4487 2257 4570 quando
2312 4488 2601 4548 defecturi
2654 4498 2853 4551 essent
2882 4509 2950 4551 ex
2985 4492 3134 4552 .luda
3181 4493 3505 4572 principes,
3538 4501 3676 4555 tunc

2020 4587 2328 4641 venturum
2361 4577 2654 4640 Christum
2689 4580 2772 4643 τό.
2811 4585 2957 4642 Cum
3009 4581 3186 4658 igitur
3233 4579 3490 4644 Herodis
3524 4591 3676 4644 tem-

2021 4669 2265 4748 poribus
2309 4669 2506 4728 nullus
2540 4687 2789 4749 usquam
2829 4680 2984 4731 esset
3039 4670 3317 4732 Iudaicus
3367 4671 3672 4753 princeps,

2022 4761 2128 4823 sed
2158 4769 2438 4841 regnaret
2480 4760 2747 4824 Herodes
2793 4763 3154 4845 alienigena,
3189 4766 3485 4826 lulumaaus
3509 4767 3671 4828 enim

2022 4863 2173 4927 crat,
2221 4851 2442 4931 opinati
2473 4862 2608 4912 sunt
2638 4855 2874 4932 quidam
2910 4853 3103 4934 ipsum
3161 4873 3292 4916 esse
3343 4853 3670 4935 Christum,

2025 4949 2081 5003 et
2112 4942 2431 5003 constituta
2459 4941 2711 5021 quadam
2768 4942 3022 5005 factione
3068 4949 3507 5008 attentaverunt
3530 4964 3674 5026 per-

2026 5034 2167 5092 dere
2219 5030 2560 5092 Dominum.
2639 5030 2773 5113 Ipse
2824 5041 3018 5094 autem
3079 5033 3333 5110 secedit,
3407 5037 3674 5099 nondum

2023 5123 2182 5184 enim
2237 5132 2362 5183 erat
2446 5123 2706 5201 patiendi
2773 5133 3027 5205 tempus.
3097 5123 3343 5187 Interim
3404 5125 3677 5207 pluribus

2024 5213 2454 5287 benefaciebat,
2494 5215 2569 5273 ab
2613 5213 2856 5292 ingratis
2887 5215 3253 5280 secedendo.
3288 5213 3516 5279 Etenim
3577 5235 3676 5280 se-

2020 5305 2138 5367 cuti
2173 5316 2311 5365 sunt
2360 5322 2495 5364 eum
2541 5303 2733 5378 multi,
2769 5313 2827 5365 et
2856 5307 3076 5367 sanavit
3111 5305 3284 5367 illos:
3319 5308 3465 5388 quin
3497 5309 3675 5371 etiam

2017 5393 2208 5476 Tyriis
2241 5405 2300 5456 et
2329 5393 2615 5470 Sidoniis,
2653 5396 2886 5456 tametsi
2923 5405 3122 5458 essent
3151 5397 3679 5479 allophyli,prode~

2017 5485 2383 5568 rat.Cognati
2412 5495 2606 5547 autem
2643 5485 2773 5565 ejus
2796 5507 2931 5550 eum
2964 5489 3678 5570 persequebantur.Adeo

3247 5823 3315 5886 17
