4170 6444
488 393 606 461 593

1443 398 2039 463 THEOPHYLACTI
2086 394 2496 461 BULGARI/E
2540 393 2899 458 ARCHIEP.

3757 387 3875 453 524

490 534 652 596 nulla
671 554 702 595 a
725 550 947 613 genere
980 531 1251 613 provenit
1286 533 1646 608 utilitas,nisi
1671 534 1847 595 etiam
1871 533 2121 595 bonimo

2234 541 2512 609 συγγενεῖς
2563 532 2720 588 αὐτοῦ
2777 526 2993 585 ὶδίωκον
3034 526 3217 588 αὐτόν.
3262 524 3441 593 Οὕτως
3494 523 3640 585 οὖδὲν
3695 523 3885 604 ὄφελος

488 642 585 685 res
616 623 832 686 adsint.
872 622 1001 681 l87
1052 621 1119 682 Et
1156 621 1508 699 alienigenae
1559 622 1802 701 quidem
1836 642 1868 683 a
1899 623 2145 685 remotis

489 712 635 774 locis
663 712 735 774 ad
768 731 901 773 eum
935 713 1200 785 veniunt,
1253 710 1444 773 Judaei
1504 729 1667 785 vero,
1715 732 1846 773 cum
1884 712 1954 773 ad
1989 715 2145 793 ipsos

488 802 1166 882 venisset,insectantur.
1205 799 1353 862 Vide
1373 810 1565 862 autem
1599 821 1772 882 quam
1810 803 2038 864 alienus
2071 802 2145 863 sit

486 908 519 949 ει
538 891 641 951 fast
655 911 687 951 u
700 891 1024 953 :enimvero
1047 909 1119 951 ne
1141 889 1325 950 turbze
1343 889 1755 970 obstrepentes
1770 891 1823 952 ei
1841 892 2138 971 negotium

486 979 1111 1053 facerent,naviculam
1139 980 1494 1059 quaerit,qua
1525 998 1873 1055 conscensa,
1896 980 2059 1041 nulla
2082 980 2140 1043 ei

486 1069 760 1131 molestia
794 1068 1200 1130 exhiberetur.
1225 1068 1485 1146 Flagella
1520 1087 1653 1130 vero
1685 1068 1828 1131 dicit
1853 1070 2092 1131 morbos
2130 1091 2141 1133 :

486 1176 619 1219 nam
653 1160 722 1219 ad
762 1158 1249 1220 emendationem
1283 1158 1455 1218 nobis
1488 1157 1680 1218 morbi
1715 1159 1961 1219 multum
1996 1178 2144 1220 con-

486 1247 735 1319 ducunt,
770 1247 1110 1326 ﬂagellante
1138 1265 1247 1307 nos
1282 1248 1402 1307 Deo
1428 1246 1593 1326 quasi
1635 1246 1788 1307 ﬁlios
1822 1257 1987 1327 patre
2042 1247 2143 1309 In-

487 1336 914 1414 tellige,autem
936 1354 1040 1415 per
1060 1333 1731 1400 Herodianos.carnales
1754 1345 1809 1396 et
1836 1337 2139 1415 pelliceos,

489 1435 551 1491 et
572 1447 674 1490 eos
693 1430 794 1509 qui
815 1428 1093 1491 occidere
1115 1426 1313 1488 volunt
1336 1425 1558 1489 Jesum.
1600 1426 1866 1489 Herodes
1887 1430 2067 1505 enim,
2095 1430 2144 1490 si

485 1518 618 1599 quis
634 1516 1363 1598 interpretetur,pelliceus
1384 1525 1572 1578 sonat.
1586 1517 1692 1589 Qui
1711 1518 2096 1596 egrediuntur
2112 1538 2145 1580 a

484 1607 761 1669 domibus
787 1608 910 1669 suis
934 1616 991 1668 et
1019 1607 1212 1685 patria
1232 1606 1479 1681 sua,hoc
1505 1614 1594 1667 est
1615 1607 2143 1670 consuetudinibus

483 1698 701 1767 carnis,
740 1699 904 1758 illum
928 1706 1280 1777 sequuntur:
1309 1697 1465 1758 unde
1484 1706 1540 1757 et
1565 1698 1795 1774 ﬂagella
1820 1716 2022 1758 eorum
2041 1717 2139 1759 sa-

481 1795 698 1847 nantur
728 1792 970 1867 peccata
986 1787 1281 1867 dico,quae
1308 1786 1731 1847 conscientiam
1755 1788 2144 1865 ﬂagellant,et

479 1874 707 1936 imundi
721 1877 958 1955 spiritus
973 1875 1574 1955 ejiciuntur.Attende
1593 1876 1858 1956 hicquod
1876 1875 2126 1957 discipu-

2217 1873 2334 1932 ὅθεν
2416 1876 2504 1931 καὶ
2575 1875 2626 1930 αἱ
2727 1873 2982 1951 μάστιγες

2227 619 2555 699 συγγενείας,
2616 620 2661 675 εἰ
2718 618 2796 695 μῆ
2853 618 3048 695 τρόπος
3106 618 3302 695 ἀγαθὸς
3362 616 3482 684 εἴη.
3530 617 3628 675 Καὶ
3681 618 3729 672 οἱ
3788 615 3886 690 μὶν

2225 706 2534 786 ἀλλογενεϊς
2608 706 2844 787 ἤρχοντο
2919 708 3053 786 πρὸς
3126 708 3284 764 αὐτὸν
3353 709 3639 785 μακροθεν,
3726 706 3773 787 οἱ
3832 703 3883 759 δὲ

2226 784 2501 870 Ἰουδαῖοι,
2573 784 2720 875 πρὶς-
2781 784 2972 861 αὸτοὺς
3036 795 3331 876 ἐρχόμενον
3412 784 3649 859 ἑδίωκον,
3740 784 3885 871 ’Ὀρα

2225 884 2280 941 δὲ
2334 886 2423 942 καὶ
2464 887 2526 942 τὸ
2570 882 2875 966 ἀφιλόδοξον
2902 886 3062 943 αὐτοῦ
3088 902 3105 920 ⁸
3151 886 3238 941 καὶ
3281 886 3382 964 γάρ
3410 884 3504 940 ’ίνα
3533 885 3611 960 μὴ
3641 882 3883 964 ἰνοχλῶ-

2227 997 2310 1031 σιν
2364 976 2522 1034 αὐτὸν
2577 978 2625 1033 οἱ
2672 974 2857 1055 ὄχλοι,
2904 974 3179 1054 πλοιάριον
3210 974 3477 1047 ἐπιζητεῖ,
3513 976 3657 1031 ὣσάν
3714 970 3881 1049 ἀμϐὰς

2229 1067 2393 1140 αὐτῷ,
2442 1062 2805 1145 ἀνενόχλητος
2865 1076 3108 1143 τηροττο.
3172 1064 3448 1143 Μάστιγας
3486 1062 3541 1119 δὲ
3584 1062 3731 1142 λέγει
3786 1062 3882 1126 τάς

2226 1153 2413 1217 νόσους
2450 1170 2463 1183 ·
2524 1157 2612 1211 καὶ
2666 1155 2765 1233 γὰρ
2843 1152 3010 1217 ὅντως
3068 1156 3120 1209 αἱ
3177 1162 3321 1210 νόσοι
3381 1151 3558 1210 πολλᾶ
3612 1156 3749 1229 ἡμῖν
3809 1153 3884 1215 εἰς

2226 1241 2467 1299 παιδείαν
2552 1240 2966 1322 συμϐάλλονται,
3070 1245 3453 1322 μαπιγοῦντος
3536 1245 3705 1322 ἡμᾶς,
3808 1244 3883 1305 ὡς

2227 1333 2405 1411 πατὴρ
2456 1328 2680 1412 παῖδας,
2731 1338 2823 1387 τοῦ
2883 1338 3035 1391 Θεοῦ.
3098 1332 3306 1399 Νόησον
3352 1330 3407 1387 δὲ
3436 1332 3525 1388 καὶ
3554 1329 3635 1387 ὅτι
3680 1331 3727 1388 οἱ
3786 1332 3884 1407 μὲν

2230 1414 2563 1502 Ἠρωδιανοι,
2608 1425 2654 1479 οἱ
2709 1422 2947 1501 σάρκινοι
3004 1422 3094 1477 καὶ
3172 1420 3497 1500 δερμάτινοι,
3564 1422 3882 1480 ἀποκτεῖναι

2225 1513 2501 1592 βούλονται
2584 1517 2674 1571 τὸν
2754 1514 2983 1590 Ἰησοῦν,
3063 1506 3304 1593 Ἠρώδης
3374 1515 3497 1593 γὰρ,
3572 1511 3883 1594 δερμάτινος

2226 1605 2593 1686 ἒρμηνεύεται.
2652 1607 2711 1662 Οἱ
2755 1602 2811 1660 δὲ
2855 1602 3151 1669 ἐξελθόντες
3209 1603 3315 1660 ἀπὸ
3356 1610 3462 1661 τῶν
3494 1603 3663 1661 οἴκων
3709 1604 3883 1660 αὐτῶν

2224 1698 2311 1752 καὶ
2369 1694 2475 1751 ἀπὸ
2545 1700 2654 1751 τῶν
2708 1692 2970 1765 πατρίδων
3026 1696 3221 1767 αὐτῶν,
3279 1694 3517 1750 τουτέστι
3587 1693 3693 1749 τῶν
3747 1694 3882 1771 πρὸς

2224 1786 2322 1853 τὴν
2394 1784 2563 1855 σάρκα
2620 1783 2887 1864 σχέσεων,
2968 1782 3164 1841 ἰκεῒνοι
3215 1781 3585 1840 ἀκοὶουθοῦσιν
3673 1786 3816 1857 αὐτῷ
3862 1798 3879 1811 ·

3082 1875 3255 1930 αδῦτῶν
3338 1874 3740 1953 θεραπεύονται,
3826 1876 3881 1929 αἱ

480 1963 551 2024 lis
566 1966 689 2025 suis
708 1964 1675 2045 praecepitJesus,utappelleretur
1687 1964 1797 2026 sibi
1818 1965 1983 2027 navis
1994 1983 2126 2043 pro-

2222 1964 2473 2043 ἀμαρτίαι
2530 1961 2695 2042 λέγω,
2754 1964 2807 2018 αἱ
2850 1963 2911 2018 τὸ
2967 1961 3201 2027 συνειδὸς
3243 1962 3609 2037 μαστίζουσαι,
3669 1963 3757 2019 καὶ
3814 1962 3884 2019 τὰ

478 2060 608 2133 pter
636 2053 944 2134 turbas,ne
970 2055 1162 2134 ipsum
1191 2056 1731 2134 premerentJesus
1759 2055 1919 2115 enim
1938 2063 2028 2116 est
2048 2074 2126 2117 ra-

2220 2053 2497 2129 πνεύματα
2574 2054 2642 2108 τὰ
2712 2051 2980 2132 ἀκάθαρτα
3069 2050 3435 2115 ἐκδιώκονται,
3509 2052 3753 2133 Πρόσχες
3824 2049 3881 2108 δί

476 2141 553 2203 tio
578 2163 711 2226 quae
731 2146 791 2205 in
807 2144 979 2205 nobis
998 2144 1274 2222 imperat,
1288 2152 1348 2203 ut
1367 2142 1529 2205 navis
1545 2145 1891 2224 nostra,hoc
1913 2153 2116 2207 ostcor

2220 2140 2300 2199 ὅτι
2357 2156 2477 2208 τοῖς
2534 2145 2806 2219 μαθηταῖς
2868 2143 3022 2198 αὐτοῦ
3065 2142 3379 2221 προστάττει
3437 2142 3464 2197 ὁ
3508 2139 3737 2217 Ἰησοῦς,
3785 2140 3881 2197 ἵνα

476 2234 949 2316 pus,appellatur
970 2232 1110 2313 sibi,
1146 2241 1203 2294 et
1231 2252 1303 2294 ne
1337 2234 1687 2313 projiciatur
1718 2234 1775 2293 in
1808 2234 2126 2314 procellam

2218 2234 2584 2315 προσκαρτερῇ
2628 2234 2773 2308 αὒτῷ
2814 2233 3091 2312 πλοιάριον
3149 2231 3235 2290 διὰ
3288 2236 3409 2299 τοὺς
3466 2232 3691 2314 ὄχλους,
3725 2232 3881 2301 ὅπως

474 2323 849 2387 saecularium
876 2322 1438 2400 negotiorum,etne
1457 2336 1725 2403 premant
1756 2323 2126 2404 lurbaenego‘

2217 2327 2294 2400 μὴ
2351 2323 2598 2383 θλίϐωσιν
2656 2322 2837 2383 αὐτόν.
2886 2321 3090 2392 Ἰησοῦς
3122 2325 3222 2403 γὰρ
3261 2323 3401 2383 ἐστιν
3446 2326 3474 2381 ὁ
3504 2323 3559 2379 ἐν
3596 2326 3734 2399 ἡμῖν
3766 2322 3878 2381 λό-

478 2414 814 2493 tiorumque
849 2410 1225 2473 turbulentiaa
1256 2410 1555 2474 Christum
1586 2413 1685 2492 qui
1719 2412 1777 2472 in
1810 2413 1983 2474 nobis
2016 2423 2124 2474 est.

2214 2437 2333 2494 γος,
2387 2416 2445 2479 ὃς
2502 2434 2838 2493 προστάττει,
2883 2412 2976 2469 ’ίνα
3027 2416 3088 2469 τὸ
3117 2411 3391 2495 πλοιάριον
3421 2414 3604 2494 ἡμῶν,
3635 2414 3877 2495 τουατεστ,⁵

472 2506 535 2560 τὸ
566 2511 744 2579 σῶμα,
782 2509 1151 2581 προσκαρτερῇ
1180 2505 1342 2575 αὐτῷ,
1374 2504 1458 2558 καὶ
1494 2504 1571 2577 μὴ
1605 2500 1936 2578 ἐμϐάλληται
1985 2505 2056 2568 εἷς
2117 2506 2205 2560 τὸν
2238 2502 2475 2561 κλύδωνα
2519 2512 2625 2561 τῶν
2658 2503 2751 2561 τοῦ
2778 2503 2892 2579 βίου
2922 2505 3276 2583 πραγμάτων,
3303 2502 3397 2560 ’ίνα
3439 2503 3519 2579 μὴ
3548 2499 3795 2560 θλίϐωσιν
3824 2521 3877 2576 οῖ

473 2592 658 2674 ὄχλοι,
707 2598 757 2647 αὶ
801 2598 905 2646 τῶν
937 2592 1266 2669 πραγμάτων
1298 2593 1548 2671 ταραχαὶ,
1585 2595 1674 2647 τὸν
1705 2592 1758 2647 ἒν
1804 2594 1940 2667 ἡμῖν
1982 2595 2228 2671 Χριστόν,

554 2676 1083 2743 νΕιιε.13-19.ιΕι
1104 2679 1377 2742 ascendit
1408 2681 1465 2740 in
1492 2689 1853 2754 montem,ac
1876 2691 2042 2743 vorat
2061 2682 2126 2742 ad

2309 2703 2333 2739 ε
2370 2684 2468 2742 Καὶ
2523 2680 2792 2741 ἀναϐαίνει
2849 2685 2922 2748 εἷς
2976 2684 3038 2741 τὸ
3093 2681 3239 2761 ὅρος,

469 2789 536 2833 se
569 2790 718 2852 quos
751 2769 933 2830 voluit
962 2768 1112 2849 ipse,
1139 2778 1547 2849 veneruntque
1581 2773 1656 2832 ad
1699 2790 1856 2831 eum.
1900 2772 1970 2833 Et
1989 2772 2126 2835 fecit

2219 2772 2307 2836 οὒς
2364 2771 2548 2840 ἤθελεν
2610 2775 2785 2848 αὐτὸς,
2879 2774 2967 2830 καὶ
3051 2771 3290 2841 ἀπῆλθον
3333 2774 3466 2852 πρὸς
3520 2774 3700 2835 αὐτόν,
3774 2775 3877 2832 Καὶ

471 2860 787 2924 duodecim
823 2866 885 2919 ut
933 2867 1134 2920 essent
1176 2878 1406 2932 secum,
1443 2870 1500 2920 et
1526 2869 1587 2921 ut
1619 2862 1884 2923 mitteret
1915 2881 2018 2923 eos
2056 2863 2126 2924 ad

2216 2862 2431 2929 ἐποίησε
2489 2859 2713 2937 δώδεκα,
2773 2862 2866 2920 ἵνα
2917 2865 3016 2919 ὦσι
3061 2860 3184 2939 μετ’
3226 2862 3407 2943 αὐτοῦ,
3454 2862 3542 2918 καὶ
3588 2861 3680 2919 *ἵνα
3729 2862 3874 2921 ἀπο-

470 2949 543 3011 ad
580 2948 1043 3030 praedicandum.
1078 2957 1254 3028 atque
1300 2947 1588 3011 habereut
1643 2958 1991 3031 potestatem
2024 2969 2124 3012 sa-

2214 2950 2393 3028 στείλῃ
2453 2951 2639 3017 αὖτοὺς
2694 2953 3002 3032 κηρύσσειν,
3064 2953 3151 3008 καὶ
3208 2949 3358 3031 ἔχειν
3414 2949 3651 3016 ἃξουσίαν
3711 2955 3875 3031 θερα-

356 3097 363 3105 .
469 3039 650 3100 nandi
687 3038 950 3113 morbos,
984 3038 1387 3117 ejiciendique
1423 3039 1815 3102 daanionia.Et
1843 3041 2126 3120 imposuit

2211 3040 2386 3096 πεύειθ
2438 3041 2534 3106 τὰς
2593 3041 2803 3116 νόσους,
2850 3042 2938 3098 καὶ
2995 3038 3271 3098 ἐκϐάλλειν
3328 3040 3395 3097 τὰ
3462 3037 3733 3116 δαιμόνια.
3766 3042 3869 3099 Καὶ

469 3128 700 3190 Simoni
736 3146 952 3189 nomen
980 3127 1583 3203 l'etrus,et.|acubum
1608 3128 1793 3189 ﬁlium
1826 3129 2121 3208 Zebedaei,

2211 3129 2437 3197 ἐπέθηκε
2494 3130 2572 3204 τῷ
2655 3132 2859 3207 Σίμωνι
2934 3130 3104 3201 ὄνομα
3174 3128 3400 3210 Πέτρον,
3452 3131 3540 3185 καὶ
3611 3127 3867 3187 Ἰάκωϐον

468 3227 527 3279 et
556 3220 844 3281 Joannem
875 3218 1119 3279 fratrem
1150 3216 1444 3286 Jacobi,et
1477 3218 1862 3298 imposuiteis
1887 3220 2126 3282 nomina

2210 3221 2299 3275 τὸν
2350 3221 2442 3276 τοῦ
2495 3217 2791 3301 Ζεϐεδαίου,
2850 3221 2937 3277 καὶ
3027 3218 3283 3287 Ἰωάννην
3349 3221 3442 3275 τὸν
3497 3216 3720 3299 ἀδελφὸν
3769 3227 3868 3277 τοῦ

466 3308 990 3388 Boauerges,quod
1034 3306 1285 3379 est,Filii
1316 3308 1586 3380 tonitrui,
1624 3316 1682 3369 et
1714 3309 2043 3384 Andream,
2067 3319 2125 3371 et

2210 3305 2462 3365 Ἰακώϐου
2499 3325 2513 3339 ·
2567 3309 2654 3365 καὶ
2712 3309 2968 3377 επέθηκεν
3013 3309 3197 3374 αὐτοῖς
3255 3309 3514 3385 ὀνόματα,
3547 3308 3861 3387 Βοανεργὲς,

464 3398 828 3478 Philippum,
863 3406 923 3458 et
981 3396 1503 3471 Bartholomaeum,
1535 3407 1592 3458 et
1652 3399 2019 3475 Matthaauin,
2065 3410 2122 3461 et

2210 3399 2235 3452 ὃ
2293 3396 2460 3471 ἐστιν,
2523 3399 2631 3455 Υἱοὶ
2675 3399 2931 3477 βροντῆς,
2978 3400 3068 3457 καὶ
3121 3395 3395 3479 ’Δνδρέαν,
3455 3400 3542 3457 καὶ
3570 3397 3863 3480 Φίλιππον,

3327 2686 3415 2740 καὶ
3486 2680 3875 2757 προσκαλεῖται

466 3485 847 3563 Thomam,et
874 3486 1159 3548 Jacobum
1189 3486 1416 3566 Alpliaai
1442 3487 1626 3548 lilium
1655 3487 2119 3568 etThaddaeum,

465 3581 529 3639 et
587 3576 890 3638 Simonem
946 3577 1366 3650 Chananzeum,
1401 3585 1459 3637 et
1487 3576 1696 3636 Judam
1750 3578 2117 3655 lscariotem,

462 3666 567 3746 qui
600 3676 656 3727 et
688 3666 952 3747 prodidit
1002 3666 1165 3726 illum
1232 3691 1256 3719 ι»
1315 3665 1605 3727 Ascendit
1662 3666 1719 3727 in
1756 3675 2014 3727 montem
2047 3669 2119 3730 ad

464 3758 777 3820 orandum.
818 3757 1105 3829 Quoniam
1141 3756 1299 3817 enim
1340 3756 1625 3817 miracula
1684 3757 1923 3827 fecerat,
1953 3759 2122 3820 factis

464 3846 769 3909 miraculis
804 3853 971 3926 iorat,
1026 3848 1247 3907 docens
1278 3865 1483 3908 omnes
1531 3865 1637 3907 nos
1687 3848 1905 3927 gratias
1944 3866 2121 3927 agere

466 3935 614 4015 Deo,
648 3945 705 3998 et
737 3936 931 3997 sicubi
954 3932 1093 3996 boni
1118 3935 1417 4015 quippiam
1450 3937 1903 4016 perfecerimus,
1937 3938 1995 3998 id
2022 3940 2118 3997 di-

462 4028 613 4087 vinae
638 4026 832 4086 virtuti
865 4025 1080 4087 offerre
1123 4022 1479 4085 debere.Vel
1526 4026 1663 4104 quia
1732 4026 2119 4089 ordinaturus

464 4125 590 4178 erat
620 4115 1083 4197 apostolos,ejus
1106 4116 1290 4194 gratia
1314 4115 1585 4176 ascendit
1614 4126 1910 4193 oraturus,
1942 4124 2002 4178 ut
2023 4118 2116 4178 di-

463 4225 701 4268 scamus
730 4207 882 4286 quod
914 4224 1018 4265 nos
1040 4222 1278 4285 quoque
1296 4204 1530 4283 quando
1554 4204 1779 4285 aliquos
1799 4225 2004 4268 sumus
2023 4226 2114 4268 or-

462 4294 746 4369 dinaturi,
788 4294 952 4375 prius
982 4312 1152 4354 orare
1185 4292 1509 4354 debeamus
1542 4303 1602 4355 ut
1621 4297 1923 4357 reveletur
1944 4298 2116 4359 nobis

462 4384 564 4465 qui
598 4385 814 4463 dignus
846 4385 1101 4458 sit,etne
1132 4386 1648 4444 con’imunicemus
1679 4386 1938 4464 peccatis
1960 4386 2107 4447 alie-

2204 3488 2292 3544 καὶ
2351 3486 2775 3568 Βαρθολομαῖον,
2824 3491 2913 3546 καὶ
2968 3491 3268 3563 Ματθατον,
3340 3490 3427 3547 καὶ
3483 3494 3704 3570 Θωμᾶν,
3775 3491 3869 3547 καὶ

2206 3574 2459 3635 Ἰάκωϐον
2500 3579 2590 3635 τὸν
2622 3584 2713 3636 τοῦ
2742 3575 3019 3660 Ἀλιραίου,
3078 3579 3167 3635 καὶ
3197 3575 3482 3654 Θαδδαῖον,
3514 3580 3601 3635 καὶ
3645 3581 3869 3655 Σίμωνα

2203 3669 2295 3722 τὸν
2366 3668 2686 3745 Κανανίτην,
2744 3669 2832 3725 καὶ
2862 3665 3060 3725 Ἰούδαν
3094 3667 3466 3748 Ἰσκαριώτην,
3500 3669 3558 3733 ὃς
3589 3669 3677 3725 καὶ
3718 3690 3861 3748 παρ·-

2208 3754 2398 3812 ἐδωκεν
2452 3755 2637 3838 αὐτόν,
2686 3778 2711 3816 ε
2775 3754 3071 3814 Ἀναϐαίνει
3131 3757 3204 3820 εἰς
3260 3757 3323 3813 τὸ
3380 3755 3501 3837 ὅρος
3531 3756 3671 3814 ὥστε
3700 3779 3872 3837 προσ-

2205 3843 2479 3911 εύξασθαι.
2555 3844 2704 3903 Ἐπεὶ
2786 3846 2887 3926 γὰρ
2952 3845 3195 3922 θαύματα
3266 3845 3510 3920 εποίησε,
3571 3848 3706 3923 μετά
3762 3846 3868 3915 την

2202 3940 2308 3990 τῶν
2405 3935 2689 4011 θαυμάτων
2802 3932 3043 4001 ὶπίδειξιν
3119 3936 3499 4016 προσεύχεται,
3600 3934 3866 3998 διδάσκων

2202 4025 2405 4088 πάντας
2466 4026 2609 4101 ἡμᾶς
2667 4025 2747 4082 ὅτι
2792 4023 2876 4083 δεῖ
2916 4026 3283 4105 ,εὐχαριστεῖν
3329 4027 3406 4101 τῷ
3463 4034 3580 4102 Θεῷ
3630 4027 3756 4083 (ἶταν
3809 4050 3863 4084 τι

2201 4115 2483 4193 φθάσωμεν
2554 4114 2719 4172 καλὸν
2817 4116 3193 4195 ἐργασάμενοι,
3280 4116 3368 4172 καὶ
3436 4121 3506 4193 τῇ
3567 4124 3658 4173 τοῦ
3728 4123 3867 4174 Θεοῦ

2199 4202 2414 4280 δυνάμει
2458 4203 2823 4262 ἰπανατιθὲναι
2870 4211 3027 4262 τοῦτο
3055 4225 3070 4240 ·
3123 4204 3160 4273 ἢ
3204 4202 3386 4273 ἐπειδή
3428 4204 3619 4283 ἔμελλε
3666 4226 3863 4287 χειρο-

2198 4302 2419 4367 τονῆσαι
2515 4295 2637 4358 τοὺς
2720 4292 3077 4376 ἀποστόλους,
3148 4295 3336 4351 τούτου
3420 4293 3597 4353 ἕνεκεν
3680 4296 3867 4353 ἄνεισι

2198 4382 2636 4464 προσευξόμενος,
2681 4382 2775 4442 ’ίνα
2830 4384 3083 4460 μάθωμεν
3119 4383 3198 4441 ὅτι
3243 4384 3331 4440 καὶ
3374 4384 3519 4460 ἡμᾶς
3581 4383 3667 4442 δεῖ
3729 4383 3860 4443 ὅταν

462 4475 576 4538 nis.
613 4473 947 4535 Assumitur
979 4483 1037 4534 et
1065 4472 1249 4533 Judas
1302 4473 1361 4532 in
1425 4474 1782 4554 apostolum,
1820 4485 1884 4535 ut
1914 4479 2109 4538 disca-

2210 4474 2343 4537 τινας
2432 4479 2807 4553 χειροτονῆσαι
2886 4472 3195 4552 μέλλωμεν,
3278 4476 3535 4555 πρότερον
3605 4473 3858 4556 εὔχεσθαι

461 4583 590 4625 mus
622 4564 779 4646 quod
814 4584 930 4624 non
964 4572 1207 4642 propter
1236 4562 1492 4623 futuram
1543 4564 1826 4625 malitiam
1858 4566 2112 4646 alicujus

455 4662 810 4737 aspernetur
842 4656 999 4714 Deus
1023 4653 1360 4733 quempiam
1399 4652 1550 4713 mala
1579 4663 1981 4734 operaturum,
2006 4658 2110 4719 sed

457 4754 696 4827 propter
722 4753 1073 4826 praesentem
1107 4743 1380 4803 virtutem
1415 4744 1639 4804 honore
1688 4764 1824 4805 eum
1864 4746 2108 4824 dignum

454 4845 682 4903 censet,
719 4833 950 4897 etiamsi
1001 4842 1205 4912 postea
1246 4832 1434 4891 malus
1487 4832 1563 4893 sit
1611 4834 1867 4896 futurus.
1927 4840 2110 4898 l’orro

451 4923 853 5003 apostolorum
906 4919 1147 4981 nomina
1180 4928 1425 5000 propter
1456 4919 1635 4981 falsos
1674 4921 1971 5001 apostolos
2004 4942 2104 4984 re-

448 5020 789 5085 censentur,
826 5019 888 5071 ut
918 5010 1034 5069 sint
1065 5009 1188 5068 noti
1225 5007 1368 5070 veri.
1405 5009 1582 5089 [filios
1614 5018 1811 5072 autem
1868 5012 2107 5075 tonitrui

448 5102 717 5162 nominat
747 5100 898 5161 ﬁlios
924 5098 1218 5172 Zebedazi,
1263 5108 1322 5158 ut
1376 5100 1710 5180 praecipuos
1746 5102 2103 5182 praedicato-

444 5209 564 5271 res,
593 5200 653 5251 et
686 5191 939 5251 maxime
972 5188 1294 5266 theologos.

2195 4562 2288 4619 ’ἕνα
2346 4562 2693 4645 ἀποκαλυφθῇ
2733 4566 2871 4642 ἡμῖν
2931 4566 2959 4622 ὁ
3017 4562 3183 4645 ἄξιος,
3213 4565 3406 4641 καὶμὴ
3434 4566 3858 4639 κοινωνήσωμεν

2195 4653 2439 4729 ἀνομίαις
2483 4651 2808 4734 ἀλλοτρίαις.
2875 4654 2975 4713 Καὶ
3016 4655 3107 4711 τὸν
3182 4650 3381 4711 Ἰούδαν
3436 4651 3491 4709 δὲ
3547 4651 3857 4733 προϐάλλε-

2194 4766 2280 4799 ται
2334 4744 2654 4821 ἁπόστολον,
2685 4742 2779 4801 ἵνα
2837 4745 3090 4821 μάθωμεν
3120 4741 3201 4801 ὅτι
3234 4744 3295 4801 ού
3319 4739 3404 4800 διὰ
3431 4742 3530 4811 τὴν
3556 4742 3857 4819 μέλλουσαν

2194 4834 2383 4890 κακίαν
2440 4837 2607 4909 τινὸς,
2648 4836 2676 4891 ὃ
2727 4838 2857 4899 Θεὸς
2902 4834 3294 4915 ἀποστρέφεται
3338 4832 3544 4891 ἐκεῖνον
3590 4834 3681 4891 τὸν
3712 4833 3853 4912 μέλ-

2194 4923 2356 4981 λοντα
2401 4925 2712 5005 ἱργάσεσθαι
2768 4927 2831 4982 τὸ
2888 4926 3078 5002 κακὸν,
3167 4921 3305 4980 ἀλλά
3358 4920 3442 4980 διὰ
3500 4925 3599 4993 τὴν
3656 4924 3853 5006 ἀρετὴν

2191 5017 2350 5071 αὖτοῦ
2401 5014 2438 5083 ἢ
2499 5021 2586 5071 νῦν
2643 5015 2922 5096 πρόσεστιν
3007 5013 3178 5095 αύτῷ,
3250 5012 3412 5091 τιμῆς
3468 5011 3611 5080 ἀξιοῖ
3666 5016 3849 5092 αὑτὸν,

2190 5104 2288 5159 κᾶν
2318 5104 2368 5171 ἐς
2398 5104 2611 5184 ὕστερον
2661 5103 2836 5181 μέλλῃ
2885 5104 3048 5167 κακὸς
3096 5100 3388 5172 ἀποϐῆναι.
3441 5102 3849 5184 ’Λπαριθμετται

2188 5194 2241 5250 δὲ
2296 5197 2362 5253 τὰ
2422 5202 2529 5253 τῶν
2584 5193 2898 5252 ἀποστόλων
2959 5194 3226 5275 ὀνόματα,
3270 5191 3355 5250 διὰ
3405 5194 3528 5258 τοὺς
3573 5192 3845 5270 ψευδαπο-

444 5282 688 5355 στόλους,
721 5279 813 5335 ἵνα
842 5281 940 5336 ὦσι
986 5279 1242 5358 γνώριμοι
1274 5281 1320 5334 οἱ
1368 5278 1613 5346 ἀληθεῖς.
1667 5284 1812 5346 Υἱοὺς
1872 5282 1925 5338 δὲ
1977 5286 2202 5363 βροντῆς
2250 5287 2499 5364 ὀνομάζει
2550 5286 2672 5352 τοὺς
2701 5290 2795 5342 τοῦ
2838 5282 3136 5359 Ζεϐεδαίου,
3169 5285 3243 5350 ὡς
3273 5284 3716 5365 μεγαλοκήρυκας
3759 5288 3845 5342 καὶ

440 5370 801 5449 θεολογικωτά
815 5392 924 5431 τους
935 5418 947 5431 ,

522 5459 700 5523 Vens.
734 5461 834 5535 20,
868 5459 970 5521 ‘2‘2.
1014 5486 1038 5514 ιι
1073 5458 1142 5520 Ει
1171 5460 1414 5521 veniunt
1446 5460 1504 5520 in
1532 5459 1775 5522 domum
1813 5483 1824 5523 :
1864 5472 1921 5525 et
1942 5483 2055 5525 con
2080 5502 2093 5510 -

2271 5491 2299 5524 ε
2347 5469 2446 5528 Καὶ
2503 5466 2753 5548 ἔρχονται
2804 5467 2878 5530 εἷς
2953 5468 3129 5541 οἷκον,
3206 5463 3294 5519 καὶ
3338 5461 3652 5541 συνέρχεται
3680 5459 3846 5518 πάλιν

436 5551 596 5611 venit
643 5550 856 5612 iterum
896 5548 1181 5621 turba,sic
1214 5557 1275 5609 ut
1308 5569 1422 5609 non
1457 5549 1665 5611 liceret
1716 5551 1831 5613 illis
1862 5553 1949 5613 Vel
1984 5572 2090 5634 pa-

2212 5557 2370 5638 χλος,
2402 5557 2538 5615 ὥστε
2569 5557 2648 5631 μὴ
2674 5554 2920 5613 δύνασθαι
2952 5552 3166 5629 αὕτως,
3214 5553 3355 5629 μήτε
3400 5551 3559 5631 ἄρτον
3617 5552 3841 5634 φαγεῖν.

435 5658 543 5701 nes
576 5642 753 5702 cdere
787 5658 799 5701 :
838 5650 893 5699 et
925 5658 1056 5699 rum
1092 5641 1398 5699 audissent
1438 5641 1536 5719 qui
1565 5642 1635 5700 ad
1672 5642 1834 5706 illum
1868 5645 2087 5705 attine-

2210 5653 2274 5705 ..ιὶ
2350 5649 2679 5711 ἀκούσαντες.
2754 5648 2803 5702 ot
2866 5643 2994 5724 παρ’
3066 5644 3247 5719 αὐτοῦ,
3309 5639 3528 5710 ἰξῆλθον
3578 5648 3843 5723 κρατῆσαι

429 5730 592 5807 bant,
624 5732 892 5793 exit-runt
927 5743 987 5792 ut
1015 5749 1222 5791 manus
1259 5733 1573 5812 injicvrent
1621 5736 1676 5793 in
1707 5755 1867 5800 cum.
1908 5736 2083 5797 Dice-

2210 5739 2351 5800 ὒτόν.
2404 5737 2643 5813 ’Ἔλεγον
2700 5736 2800 5814 γὰρ
2854 5735 2934 5793 ὅτι
2997 5732 3250 5803 Ἐξέστη.
3284 5734 3380 5793 Καὶ
3412 5734 3459 5789 ot
3492 5738 3839 5814 Γραμματετς
