  <div class='ocr_page' id='page_1' title='image "/cluster/home/n/w/nwhite01/storage/ocr_20150623/123:no.1/coo.31924054870286/272.png"; bbox 0 0 4170 6398; ppageno 0'>
   <div class='ocr_carea' id='block_1_1' title="bbox 296 318 418 383">
    <p class='ocr_par' dir='ltr' id='par_1_1' title="bbox 296 318 418 383">
     <span class='ocr_line' id='line_1_1' title="bbox 296 318 418 383; baseline 0 0"><span class='ocrx_word' id='word_1_1' title='bbox 296 318 418 383; x_wconf 72' lang='lat'><strong>529</strong></span> 
     </span>
    </p>
   </div>
   <div class='ocr_carea' id='block_1_2' title="bbox 1026 315 2943 385">
    <p class='ocr_par' dir='ltr' id='par_1_2' title="bbox 1026 315 2943 385">
     <span class='ocr_line' id='line_1_2' title="bbox 1026 315 2943 385; baseline -0.002 -3"><span class='ocrx_word' id='word_1_2' title='bbox 1026 315 1467 385; x_wconf 81' lang='lat' dir='ltr'><strong>ENARRATIO</strong></span> <span class='ocrx_word' id='word_1_3' title='bbox 1513 319 1595 381; x_wconf 89' lang='lat' dir='ltr'><strong>IN</strong></span> <span class='ocrx_word' id='word_1_4' title='bbox 1642 315 2150 385; x_wconf 77' lang='lat' dir='ltr'><strong>EVANGELIUM</strong></span> <span class='ocrx_word' id='word_1_5' title='bbox 2196 315 2457 377; x_wconf 78' lang='lat' dir='ltr'><strong>MARCI.</strong></span> <span class='ocrx_word' id='word_1_6' title='bbox 2505 347 2583 363; x_wconf 86' lang='lat'><strong>—-</strong></span> <span class='ocrx_word' id='word_1_7' title='bbox 2624 317 2789 379; x_wconf 80' lang='lat' dir='ltr'><strong>CAP.</strong></span> <span class='ocrx_word' id='word_1_8' title='bbox 2841 319 2943 381; x_wconf 87' lang='lat' dir='ltr'><strong>IV.</strong></span> 
     </span>
    </p>
   </div>
   <div class='ocr_carea' id='block_1_3' title="bbox 3578 313 3697 383">
    <p class='ocr_par' dir='ltr' id='par_1_3' title="bbox 3578 313 3697 383">
     <span class='ocr_line' id='line_1_3' title="bbox 3578 313 3697 383; baseline 0.034 -4"><span class='ocrx_word' id='word_1_9' title='bbox 3578 313 3697 383; x_wconf 76' lang='lat'><strong>530</strong></span> 
     </span>
    </p>
   </div>
   <div class='ocr_carea' id='block_1_4' title="bbox 290 443 1940 530">
    <p class='ocr_par' dir='ltr' id='par_1_4' title="bbox 290 449 1940 530">
     <span class='ocr_line' id='line_1_4' title="bbox 290 449 1940 530; baseline -0.001 -23"><span class='ocrx_word' id='word_1_10' title='bbox 290 455 368 518; x_wconf 80' lang='grc' dir='ltr'>αἱς</span> <span class='ocrx_word' id='word_1_11' title='bbox 428 454 527 519; x_wconf 76' lang='grc' dir='ltr'>τὴν</span> <span class='ocrx_word' id='word_1_12' title='bbox 585 452 684 529; x_wconf 73' lang='grc' dir='ltr'>γῆν</span> <span class='ocrx_word' id='word_1_13' title='bbox 742 452 843 520; x_wconf 70' lang='grc' dir='ltr'><strong>τὴν</strong></span> <span class='ocrx_word' id='word_1_14' title='bbox 901 451 1093 522; x_wconf 73' lang='grc' dir='ltr'>καλὴν,</span> <span class='ocrx_word' id='word_1_15' title='bbox 1132 452 1219 509; x_wconf 81' lang='grc' dir='ltr'><strong>καὶ</strong></span> <span class='ocrx_word' id='word_1_16' title='bbox 1275 449 1441 509; x_wconf 72' lang='grc' dir='ltr'>ἇδίδου</span> <span class='ocrx_word' id='word_1_17' title='bbox 1496 453 1697 530; x_wconf 80' lang='grc' dir='ltr'>καρπὸν</span> <span class='ocrx_word' id='word_1_18' title='bbox 1727 449 1940 507; x_wconf 77' lang='grc' dir='ltr'>ἀναϐαί-</span> 
     </span>
    </p>
   </div>
   <div class='ocr_carea' id='block_1_5' title="bbox 2025 443 3689 530">
    <p class='ocr_par' dir='ltr' id='par_1_5' title="bbox 2036 443 3689 519">
     <span class='ocr_line' id='line_1_5' title="bbox 2036 443 3689 519; baseline 0.004 -14"><span class='ocrx_word' id='word_1_19' title='bbox 2036 443 2293 519; x_wconf 78' lang='lat' dir='ltr'><strong>fructum</strong></span> <span class='ocrx_word' id='word_1_20' title='bbox 2326 463 2447 509; x_wconf 89' lang='lat' dir='ltr'><strong>non</strong></span> <span class='ocrx_word' id='word_1_21' title='bbox 2477 446 2662 511; x_wconf 80' lang='lat' dir='ltr'><strong>dedit.</strong></span> <span class='ocrx_word' id='word_1_22' title='bbox 2698 452 2768 513; x_wconf 84' lang='lat' dir='ltr'><strong>Et</strong></span> <span class='ocrx_word' id='word_1_23' title='bbox 2798 449 2955 512; x_wconf 85' lang='lat' dir='ltr'>aliud</span> <span class='ocrx_word' id='word_1_24' title='bbox 2992 450 3211 511; x_wconf 90' lang='lat' dir='ltr'><strong>cecidit</strong></span> <span class='ocrx_word' id='word_1_25' title='bbox 3242 450 3301 513; x_wconf 91' lang='lat' dir='ltr'><strong>in</strong></span> <span class='ocrx_word' id='word_1_26' title='bbox 3327 458 3545 513; x_wconf 83' lang='lat' dir='ltr'><strong>terram</strong></span> <span class='ocrx_word' id='word_1_27' title='bbox 3578 447 3689 511; x_wconf 90' lang='lat' dir='ltr'><strong>bo-</strong></span> 
     </span>
    </p>
   </div>
   <div class='ocr_carea' id='block_1_6' title="bbox 293 534 1940 621">
    <p class='ocr_par' dir='ltr' id='par_1_6' title="bbox 293 539 1940 621">
     <span class='ocr_line' id='line_1_6' title="bbox 293 539 1940 621; baseline -0.001 -23"><span class='ocrx_word' id='word_1_28' title='bbox 293 560 456 600; x_wconf 77' lang='grc' dir='ltr'>νοντα</span> <span class='ocrx_word' id='word_1_29' title='bbox 498 542 584 599; x_wconf 83' lang='grc' dir='ltr'><strong>καὶ</strong></span> <span class='ocrx_word' id='word_1_30' title='bbox 634 540 945 619; x_wconf 69' lang='grc' dir='ltr'>αὖξλνοντα,</span> <span class='ocrx_word' id='word_1_31' title='bbox 1010 542 1095 598; x_wconf 80' lang='grc' dir='ltr'><strong>καὶ</strong></span> <span class='ocrx_word' id='word_1_32' title='bbox 1151 541 1334 621; x_wconf 69' lang='grc' dir='ltr'>ἔφερεν</span> <span class='ocrx_word' id='word_1_33' title='bbox 1381 540 1437 598; x_wconf 88' lang='grc' dir='ltr'>ἓν</span> <span class='ocrx_word' id='word_1_34' title='bbox 1500 539 1803 620; x_wconf 79' lang='grc' dir='ltr'>τριάκοντα,</span> <span class='ocrx_word' id='word_1_35' title='bbox 1864 541 1940 621; x_wconf 70' lang='grc' dir='ltr'><strong>κα</strong></span> 
     </span>
    </p>
   </div>
   <div class='ocr_carea' id='block_1_7' title="bbox 2025 534 3689 621">
    <p class='ocr_par' dir='ltr' id='par_1_7' title="bbox 2037 534 3689 618">
     <span class='ocr_line' id='line_1_7' title="bbox 2037 534 3689 618; baseline 0.003 -24"><span class='ocrx_word' id='word_1_36' title='bbox 2037 543 2267 609; x_wconf 91' lang='lat' dir='ltr'><strong>nam,et</strong></span> <span class='ocrx_word' id='word_1_37' title='bbox 2292 534 2469 597; x_wconf 93' lang='lat' dir='ltr'><strong>dabat</strong></span> <span class='ocrx_word' id='word_1_38' title='bbox 2497 537 2753 599; x_wconf 79' lang='lat' dir='ltr'><strong>fructum</strong></span> <span class='ocrx_word' id='word_1_39' title='bbox 2778 550 3188 617; x_wconf 75' lang='lat' dir='ltr'><strong>emergentem</strong></span> <span class='ocrx_word' id='word_1_40' title='bbox 3209 547 3267 601; x_wconf 92' lang='lat' dir='ltr'><strong>et</strong></span> <span class='ocrx_word' id='word_1_41' title='bbox 3295 544 3689 618; x_wconf 77' lang='lat' dir='ltr'><strong>crescentem,</strong></span> 
     </span>
    </p>
   </div>
   <div class='ocr_carea' id='block_1_8' title="bbox 292 619 1949 709">
    <p class='ocr_par' dir='ltr' id='par_1_8' title="bbox 292 619 1949 709">
     <span class='ocr_line' id='line_1_8' title="bbox 292 619 1949 709; baseline 0.001 -22"><span class='ocrx_word' id='word_1_42' title='bbox 292 632 349 688; x_wconf 84' lang='grc' dir='ltr'><strong>’ἐν</strong></span> <span class='ocrx_word' id='word_1_43' title='bbox 407 629 691 706; x_wconf 66' lang='grc' dir='ltr'>ἑξήκοντα,</span> <span class='ocrx_word' id='word_1_44' title='bbox 725 633 815 689; x_wconf 82' lang='grc' dir='ltr'><strong>καὶ</strong></span> <span class='ocrx_word' id='word_1_45' title='bbox 871 630 926 687; x_wconf 90' lang='grc' dir='ltr'>ἓν</span> <span class='ocrx_word' id='word_1_46' title='bbox 986 619 1204 691; x_wconf 26' lang='grc' dir='ltr'>ἑκατόν..</span> <span class='ocrx_word' id='word_1_47' title='bbox 1249 631 1347 689; x_wconf 79' lang='grc' dir='ltr'><strong>Καὶ</strong></span> <span class='ocrx_word' id='word_1_48' title='bbox 1402 619 1581 709; x_wconf 78' lang='grc' dir='ltr'>ἔλεγεν</span> <span class='ocrx_word' id='word_1_49' title='bbox 1637 632 1842 695; x_wconf 78' lang='grc' dir='ltr'>αὐτοῖς’</span> <span class='ocrx_word' id='word_1_50' title='bbox 1892 619 1949 689; x_wconf 62' lang='grc' dir='ltr'>Ὀ</span> 
     </span>
    </p>
   </div>
   <div class='ocr_carea' id='block_1_9' title="bbox 293 709 1637 739">
    <p class='ocr_par' dir='ltr' id='par_1_9' title="bbox 293 709 1637 739">
     <span class='ocr_line' id='line_1_9' title="bbox 293 709 1637 739; baseline -0.003 0"><span class='ocrx_word' id='word_1_51' title='bbox 293 720 318 739; x_wconf 78' lang='grc' dir='ltr'>ν</span> <span class='ocrx_word' id='word_1_52' title='bbox 518 723 543 739; x_wconf 70' lang='grc' dir='ltr'><strong><em>ν</em></strong></span> <span class='ocrx_word' id='word_1_53' title='bbox 667 721 681 739; x_wconf 70' lang='lat'><strong>9</strong></span> <span class='ocrx_word' id='word_1_54' title='bbox 773 721 785 739; x_wconf 80' lang='grc' dir='ltr'><strong>ι</strong></span> <span class='ocrx_word' id='word_1_55' title='bbox 964 719 978 739; x_wconf 69' lang='grc' dir='ltr'><strong>ν</strong></span> <span class='ocrx_word' id='word_1_56' title='bbox 1099 718 1109 737; x_wconf 74' lang='grc' dir='ltr'><em>ο</em></span> <span class='ocrx_word' id='word_1_57' title='bbox 1270 709 1337 739; x_wconf 59' lang='grc' dir='ltr'><strong>’θλ</strong></span> <span class='ocrx_word' id='word_1_58' title='bbox 1464 718 1505 739; x_wconf 68' lang='lat' dir='ltr'><strong>tu</strong></span> <span class='ocrx_word' id='word_1_59' title='bbox 1551 722 1562 739; x_wconf 80' lang='grc' dir='ltr'>ι</span> <span class='ocrx_word' id='word_1_60' title='bbox 1628 720 1637 735; x_wconf 72' lang='grc'><strong><em>1</em></strong></span> 
     </span>
    </p>
   </div>
   <div class='ocr_carea' id='block_1_10' title="bbox 289 718 1951 801">
    <p class='ocr_par' dir='ltr' id='par_1_10' title="bbox 289 718 1951 801">
     <span class='ocr_line' id='line_1_10' title="bbox 289 718 1951 801; baseline -0.001 -23"><span class='ocrx_word' id='word_1_61' title='bbox 289 720 442 801; x_wconf 77' lang='grc' dir='ltr'>ἔχων</span> <span class='ocrx_word' id='word_1_62' title='bbox 504 723 617 778; x_wconf 79' lang='grc' dir='ltr'>ὦτα</span> <span class='ocrx_word' id='word_1_63' title='bbox 660 721 893 795; x_wconf 78' lang='grc' dir='ltr'><strong>ἀκούειν,</strong></span> <span class='ocrx_word' id='word_1_64' title='bbox 954 718 1213 782; x_wconf 77' lang='grc' dir='ltr'>ἀκουέτω.</span> <span class='ocrx_word' id='word_1_65' title='bbox 1270 718 1402 778; x_wconf 80' lang='grc' dir='ltr'><strong>”οτε</strong></span> <span class='ocrx_word' id='word_1_66' title='bbox 1458 718 1514 776; x_wconf 77' lang='grc' dir='ltr'><strong>δὲ</strong></span> <span class='ocrx_word' id='word_1_67' title='bbox 1551 720 1761 799; x_wconf 64' lang='grc' dir='ltr'>ιγένετο</span> <span class='ocrx_word' id='word_1_68' title='bbox 1790 742 1951 777; x_wconf 85' lang='grc' dir='ltr'>κατα-</span> 
     </span>
    </p>
   </div>
   <div class='ocr_carea' id='block_1_11' title="bbox 292 809 1945 889">
    <p class='ocr_par' dir='ltr' id='par_1_11' title="bbox 292 809 1945 889">
     <span class='ocr_line' id='line_1_11' title="bbox 292 809 1945 889; baseline -0.001 -23"><span class='ocrx_word' id='word_1_69' title='bbox 292 812 487 887; x_wconf 80' lang='grc' dir='ltr'>μόνας,</span> <span class='ocrx_word' id='word_1_70' title='bbox 546 810 834 889; x_wconf 73' lang='grc' dir='ltr'><strong>ἠρώτησαν</strong></span> <span class='ocrx_word' id='word_1_71' title='bbox 919 809 1075 867; x_wconf 72' lang='grc' dir='ltr'>αὐτὸν</span> <span class='ocrx_word' id='word_1_72' title='bbox 1145 812 1194 867; x_wconf 79' lang='grc' dir='ltr'>οἱ</span> <span class='ocrx_word' id='word_1_73' title='bbox 1264 811 1383 888; x_wconf 79' lang='grc' dir='ltr'>περὶ</span> <span class='ocrx_word' id='word_1_74' title='bbox 1452 811 1609 869; x_wconf 76' lang='grc' dir='ltr'>αὐτὸν</span> <span class='ocrx_word' id='word_1_75' title='bbox 1665 810 1756 867; x_wconf 84' lang='grc' dir='ltr'><strong>σὺν</strong></span> <span class='ocrx_word' id='word_1_76' title='bbox 1827 822 1945 874; x_wconf 83' lang='grc' dir='ltr'>τοῖς</span> 
     </span>
    </p>
   </div>
   <div class='ocr_carea' id='block_1_12' title="bbox 290 890 1945 979">
    <p class='ocr_par' dir='ltr' id='par_1_12' title="bbox 290 890 1945 979">
     <span class='ocr_line' id='line_1_12' title="bbox 290 890 1945 979; baseline -0.001 -22"><span class='ocrx_word' id='word_1_77' title='bbox 290 899 498 957; x_wconf 81' lang='grc' dir='ltr'>δώδεκα</span> <span class='ocrx_word' id='word_1_78' title='bbox 556 902 656 966; x_wconf 69' lang='grc' dir='ltr'>τὴν</span> <span class='ocrx_word' id='word_1_79' title='bbox 710 895 1045 979; x_wconf 75' lang='grc' dir='ltr'>παραϐολὴν,</span> <span class='ocrx_word' id='word_1_80' title='bbox 1120 900 1208 955; x_wconf 84' lang='grc' dir='ltr'><strong>καὶ</strong></span> <span class='ocrx_word' id='word_1_81' title='bbox 1259 898 1439 977; x_wconf 68' lang='grc' dir='ltr'>ἔλεγεν</span> <span class='ocrx_word' id='word_1_82' title='bbox 1489 901 1671 964; x_wconf 67' lang='grc' dir='ltr'>αὐτοῖς</span> <span class='ocrx_word' id='word_1_83' title='bbox 1704 916 1722 934; x_wconf 81' lang='grc'><strong><em>⁸</em></strong></span> <span class='ocrx_word' id='word_1_84' title='bbox 1788 890 1945 976; x_wconf 69' lang='grc' dir='ltr'>ἰ’μτν</span> 
     </span>
    </p>
   </div>
   <div class='ocr_carea' id='block_1_13' title="bbox 291 986 1940 1068">
    <p class='ocr_par' dir='ltr' id='par_1_13' title="bbox 291 986 1940 1068">
     <span class='ocr_line' id='line_1_13' title="bbox 291 986 1940 1068; baseline 0 -22"><span class='ocrx_word' id='word_1_85' title='bbox 291 989 498 1047; x_wconf 76' lang='grc' dir='ltr'>δέδοται</span> <span class='ocrx_word' id='word_1_86' title='bbox 558 994 754 1066; x_wconf 73' lang='grc' dir='ltr'>γνῶναι</span> <span class='ocrx_word' id='word_1_87' title='bbox 797 989 860 1045; x_wconf 78' lang='grc' dir='ltr'>τὸ</span> <span class='ocrx_word' id='word_1_88' title='bbox 889 990 1177 1068; x_wconf 80' lang='grc' dir='ltr'>μυστήριον</span> <span class='ocrx_word' id='word_1_89' title='bbox 1220 994 1317 1056; x_wconf 76' lang='grc' dir='ltr'>τῆς</span> <span class='ocrx_word' id='word_1_90' title='bbox 1362 986 1633 1066; x_wconf 83' lang='grc' dir='ltr'>βασιλείας</span> <span class='ocrx_word' id='word_1_91' title='bbox 1662 989 1755 1046; x_wconf 77' lang='grc' dir='ltr'><strong>τοῦ</strong></span> <span class='ocrx_word' id='word_1_92' title='bbox 1786 992 1940 1066; x_wconf 76' lang='grc' dir='ltr'>Θεοῦ,</span> 
     </span>
    </p>
   </div>
   <div class='ocr_carea' id='block_1_14' title="bbox 292 1076 1944 1159">
    <p class='ocr_par' dir='ltr' id='par_1_14' title="bbox 292 1076 1944 1159">
     <span class='ocr_line' id='line_1_14' title="bbox 292 1076 1944 1159; baseline 0.001 -23"><span class='ocrx_word' id='word_1_93' title='bbox 292 1078 512 1143; x_wconf 68' lang='grc' dir='ltr'>ἆκείνοις</span> <span class='ocrx_word' id='word_1_94' title='bbox 570 1076 625 1134; x_wconf 72' lang='grc' dir='ltr'><strong>δὶ</strong></span> <span class='ocrx_word' id='word_1_95' title='bbox 683 1091 803 1141; x_wconf 76' lang='grc' dir='ltr'>τοῖς</span> <span class='ocrx_word' id='word_1_96' title='bbox 857 1077 975 1153; x_wconf 71' lang='grc' dir='ltr'>ἔξω,</span> <span class='ocrx_word' id='word_1_97' title='bbox 1035 1078 1092 1137; x_wconf 65' lang='grc' dir='ltr'>ἓν</span> <span class='ocrx_word' id='word_1_98' title='bbox 1148 1076 1481 1158; x_wconf 77' lang='grc' dir='ltr'>παραϐολαῖς</span> <span class='ocrx_word' id='word_1_99' title='bbox 1509 1079 1576 1136; x_wconf 79' lang='grc' dir='ltr'><strong>τὰ</strong></span> <span class='ocrx_word' id='word_1_100' title='bbox 1604 1079 1775 1137; x_wconf 77' lang='grc' dir='ltr'>πάντα</span> <span class='ocrx_word' id='word_1_101' title='bbox 1807 1080 1944 1159; x_wconf 86' lang='grc' dir='ltr'>γίνε-</span> 
     </span>
    </p>
   </div>
   <div class='ocr_carea' id='block_1_15' title="bbox 289 1165 1947 1249">
    <p class='ocr_par' dir='ltr' id='par_1_15' title="bbox 289 1165 1947 1249">
     <span class='ocr_line' id='line_1_15' title="bbox 289 1165 1947 1249; baseline 0.001 -24"><span class='ocrx_word' id='word_1_102' title='bbox 289 1190 405 1242; x_wconf 84' lang='grc' dir='ltr'>ται,</span> <span class='ocrx_word' id='word_1_103' title='bbox 460 1168 555 1225; x_wconf 82' lang='grc' dir='ltr'>’ίνα</span> <span class='ocrx_word' id='word_1_104' title='bbox 600 1165 913 1245; x_wconf 73' lang='grc' dir='ltr'>βλέποντες,</span> <span class='ocrx_word' id='word_1_105' title='bbox 1001 1166 1262 1244; x_wconf 79' lang='grc' dir='ltr'><strong>βλέπωσι,</strong></span> <span class='ocrx_word' id='word_1_106' title='bbox 1342 1169 1429 1226; x_wconf 83' lang='grc' dir='ltr'><strong>καὶ</strong></span> <span class='ocrx_word' id='word_1_107' title='bbox 1485 1168 1563 1243; x_wconf 82' lang='grc' dir='ltr'><strong>μὴ</strong></span> <span class='ocrx_word' id='word_1_108' title='bbox 1620 1165 1798 1249; x_wconf 71' lang='grc' dir='ltr'>ἴδωσι,</span> <span class='ocrx_word' id='word_1_109' title='bbox 1859 1178 1947 1232; x_wconf 85' lang='grc' dir='ltr'><strong>καὶ</strong></span> 
     </span>
    </p>
   </div>
   <div class='ocr_carea' id='block_1_16' title="bbox 291 1254 1945 1337">
    <p class='ocr_par' dir='ltr' id='par_1_16' title="bbox 291 1254 1945 1337">
     <span class='ocr_line' id='line_1_16' title="bbox 291 1254 1945 1337; baseline 0.001 -23"><span class='ocrx_word' id='word_1_110' title='bbox 291 1257 598 1337; x_wconf 77' lang='grc' dir='ltr'>ἀκούοντες,</span> <span class='ocrx_word' id='word_1_111' title='bbox 630 1254 884 1330; x_wconf 71' lang='grc' dir='ltr'>ἀκούωσι,</span> <span class='ocrx_word' id='word_1_112' title='bbox 936 1258 1025 1314; x_wconf 81' lang='grc' dir='ltr'><strong>καὶ</strong></span> <span class='ocrx_word' id='word_1_113' title='bbox 1076 1258 1156 1333; x_wconf 76' lang='grc' dir='ltr'><strong>μὴ</strong></span> <span class='ocrx_word' id='word_1_114' title='bbox 1205 1258 1665 1335; x_wconf 69' lang='grc' dir='ltr'>συνῶσι,”μήποτε</span> <span class='ocrx_word' id='word_1_115' title='bbox 1699 1256 1945 1337; x_wconf 74' lang='grc' dir='ltr'>ἐπιστρέ-</span> 
     </span>
    </p>
   </div>
   <div class='ocr_carea' id='block_1_17' title="bbox 292 1345 1945 1426">
    <p class='ocr_par' dir='ltr' id='par_1_17' title="bbox 292 1345 1945 1426">
     <span class='ocr_line' id='line_1_17' title="bbox 292 1345 1945 1426; baseline 0.002 -24"><span class='ocrx_word' id='word_1_116' title='bbox 292 1352 463 1422; x_wconf 75' lang='grc' dir='ltr'>ψωσι,</span> <span class='ocrx_word' id='word_1_117' title='bbox 525 1348 612 1403; x_wconf 89' lang='grc' dir='ltr'><strong>καὶ</strong></span> <span class='ocrx_word' id='word_1_118' title='bbox 640 1346 809 1426; x_wconf 67' lang='grc' dir='ltr'>ἀφεθῇ</span> <span class='ocrx_word' id='word_1_119' title='bbox 854 1345 1039 1410; x_wconf 70' lang='grc' dir='ltr'>αὐτοῖς</span> <span class='ocrx_word' id='word_1_120' title='bbox 1087 1346 1154 1402; x_wconf 79' lang='grc' dir='ltr'><strong>τὰ</strong></span> <span class='ocrx_word' id='word_1_121' title='bbox 1212 1345 1595 1424; x_wconf 78' lang='grc' dir='ltr'>ἁμαρτήματα.</span> <span class='ocrx_word' id='word_1_122' title='bbox 1663 1370 1687 1405; x_wconf 76' lang='grc' dir='ltr'><strong>ι</strong></span> <span class='ocrx_word' id='word_1_123' title='bbox 1722 1347 1945 1425; x_wconf 84' lang='grc' dir='ltr'>Πρώτην</span> 
     </span>
    </p>
   </div>
   <div class='ocr_carea' id='block_1_18' title="bbox 292 1432 1944 1517">
    <p class='ocr_par' dir='ltr' id='par_1_18' title="bbox 292 1432 1944 1517">
     <span class='ocr_line' id='line_1_18' title="bbox 292 1432 1944 1517; baseline 0.001 -24"><span class='ocrx_word' id='word_1_124' title='bbox 292 1437 493 1503; x_wconf 81' lang='grc' dir='ltr'>ταύτην</span> <span class='ocrx_word' id='word_1_125' title='bbox 551 1436 651 1503; x_wconf 79' lang='grc' dir='ltr'><strong>την</strong></span> <span class='ocrx_word' id='word_1_126' title='bbox 708 1432 1019 1514; x_wconf 75' lang='grc' dir='ltr'>παραϐολὴν</span> <span class='ocrx_word' id='word_1_127' title='bbox 1073 1436 1245 1503; x_wconf 80' lang='grc' dir='ltr'>τίθησι</span> <span class='ocrx_word' id='word_1_128' title='bbox 1300 1436 1398 1504; x_wconf 73' lang='grc' dir='ltr'>τὴν</span> <span class='ocrx_word' id='word_1_129' title='bbox 1443 1438 1562 1517; x_wconf 86' lang='grc' dir='ltr'>περὶ</span> <span class='ocrx_word' id='word_1_130' title='bbox 1603 1439 1696 1495; x_wconf 76' lang='grc' dir='ltr'><strong>τοῦ</strong></span> <span class='ocrx_word' id='word_1_131' title='bbox 1723 1448 1944 1517; x_wconf 89' lang='grc' dir='ltr'>σπόρου,</span> 
     </span>
    </p>
   </div>
   <div class='ocr_carea' id='block_1_19' title="bbox 288 1524 1947 1605">
    <p class='ocr_par' dir='ltr' id='par_1_19' title="bbox 288 1524 1947 1605">
     <span class='ocr_line' id='line_1_19' title="bbox 288 1524 1947 1605; baseline 0.002 -25"><span class='ocrx_word' id='word_1_132' title='bbox 288 1526 383 1583; x_wconf 82' lang='grc' dir='ltr'>ἶνα</span> <span class='ocrx_word' id='word_1_133' title='bbox 438 1526 643 1602; x_wconf 76' lang='grc' dir='ltr'>ποιήσῃ</span> <span class='ocrx_word' id='word_1_134' title='bbox 702 1524 1218 1605; x_wconf 70' lang='grc' dir='ltr'><strong>προσεκτικωτέρους</strong></span> <span class='ocrx_word' id='word_1_135' title='bbox 1246 1526 1395 1591; x_wconf 66' lang='grc' dir='ltr'>’τοὺς</span> <span class='ocrx_word' id='word_1_136' title='bbox 1451 1526 1734 1604; x_wconf 78' lang='grc' dir='ltr'>ἀκροατάς.</span> <span class='ocrx_word' id='word_1_137' title='bbox 1796 1525 1947 1585; x_wconf 77' lang='grc' dir='ltr'>Ἐπεὶ</span> 
     </span>
    </p>
   </div>
   <div class='ocr_carea' id='block_1_20' title="bbox 286 1613 1945 1698">
    <p class='ocr_par' dir='ltr' id='par_1_20' title="bbox 286 1613 1945 1698">
     <span class='ocr_line' id='line_1_20' title="bbox 286 1613 1945 1698; baseline 0.001 -25"><span class='ocrx_word' id='word_1_138' title='bbox 286 1616 391 1693; x_wconf 74' lang='grc' dir='ltr'><strong>γὰρ</strong></span> <span class='ocrx_word' id='word_1_139' title='bbox 449 1613 633 1691; x_wconf 72' lang='grc' dir='ltr'>μέλλει</span> <span class='ocrx_word' id='word_1_140' title='bbox 678 1616 851 1674; x_wconf 72' lang='grc' dir='ltr'>εἰπεῖν</span> <span class='ocrx_word' id='word_1_141' title='bbox 908 1614 988 1672; x_wconf 77' lang='grc' dir='ltr'><strong>ὅτι</strong></span> <span class='ocrx_word' id='word_1_142' title='bbox 1046 1618 1075 1672; x_wconf 90' lang='lat'><strong>6</strong></span> <span class='ocrx_word' id='word_1_143' title='bbox 1102 1633 1328 1696; x_wconf 53' lang='grc' dir='ltr'>ισπορος</span> <span class='ocrx_word' id='word_1_144' title='bbox 1367 1616 1508 1673; x_wconf 60' lang='grc' dir='ltr'>εστὶν</span> <span class='ocrx_word' id='word_1_145' title='bbox 1538 1619 1566 1674; x_wconf 97' lang='lat'><strong>6</strong></span> <span class='ocrx_word' id='word_1_146' title='bbox 1608 1615 1792 1698; x_wconf 86' lang='grc' dir='ltr'>λόγος,</span> <span class='ocrx_word' id='word_1_147' title='bbox 1840 1618 1945 1695; x_wconf 73' lang='grc' dir='ltr'><strong>ἰμ-</strong></span> 
     </span>
    </p>
   </div>
   <div class='ocr_carea' id='block_1_21' title="bbox 288 1703 2004 1792">
    <p class='ocr_par' dir='ltr' id='par_1_21' title="bbox 288 1703 2004 1792">
     <span class='ocr_line' id='line_1_21' title="bbox 288 1703 2004 1792; baseline 0.002 -31"><span class='ocrx_word' id='word_1_148' title='bbox 288 1706 471 1762; x_wconf 85' lang='grc' dir='ltr'>πεσὼν</span> <span class='ocrx_word' id='word_1_149' title='bbox 504 1703 560 1761; x_wconf 76' lang='grc' dir='ltr'><strong>δὶ</strong></span> <span class='ocrx_word' id='word_1_150' title='bbox 588 1707 666 1769; x_wconf 64' lang='grc' dir='ltr'>εἱς</span> <span class='ocrx_word' id='word_1_151' title='bbox 722 1704 1146 1786; x_wconf 74' lang='grc' dir='ltr'>ἀπροσκέπτως,</span> <span class='ocrx_word' id='word_1_152' title='bbox 1189 1707 1475 1786; x_wconf 65' lang='grc' dir='ltr'>φθείρεται,</span> <span class='ocrx_word' id='word_1_153' title='bbox 1528 1706 1712 1767; x_wconf 76' lang='grc' dir='ltr'>το·5του</span> <span class='ocrx_word' id='word_1_154' title='bbox 1766 1705 1943 1765; x_wconf 70' lang='grc' dir='ltr'>ῐνεκεν</span> <span class='ocrx_word' id='word_1_155' title='bbox 1969 1743 2004 1792; x_wconf 76' lang='grc' dir='ltr'><strong>Β</strong></span> 
     </span>
    </p>
   </div>
   <div class='ocr_carea' id='block_1_22' title="bbox 2042 621 3693 708">
    <p class='ocr_par' dir='ltr' id='par_1_22' title="bbox 2042 621 3693 708">
     <span class='ocr_line' id='line_1_22' title="bbox 2042 621 3693 708; baseline 0.004 -25"><span class='ocrx_word' id='word_1_156' title='bbox 2042 630 2104 684; x_wconf 92' lang='lat' dir='ltr'><strong>et</strong></span> <span class='ocrx_word' id='word_1_157' title='bbox 2122 621 2406 686; x_wconf 81' lang='lat' dir='ltr'><strong>atl‘erebat</strong></span> <span class='ocrx_word' id='word_1_158' title='bbox 2449 645 2632 687; x_wconf 91' lang='lat' dir='ltr'><strong>unum</strong></span> <span class='ocrx_word' id='word_1_159' title='bbox 2681 626 2941 703; x_wconf 84' lang='lat' dir='ltr'><strong>triginta,</strong></span> <span class='ocrx_word' id='word_1_160' title='bbox 2975 636 3032 687; x_wconf 90' lang='lat' dir='ltr'><strong>et</strong></span> <span class='ocrx_word' id='word_1_161' title='bbox 3061 646 3246 689; x_wconf 92' lang='lat' dir='ltr'><strong>unum</strong></span> <span class='ocrx_word' id='word_1_162' title='bbox 3277 626 3604 708; x_wconf 80' lang='lat' dir='ltr'><strong>sexaginta,</strong></span> <span class='ocrx_word' id='word_1_163' title='bbox 3634 637 3693 690; x_wconf 92' lang='lat' dir='ltr'><strong>et</strong></span> 
     </span>
    </p>
   </div>
   <div class='ocr_carea' id='block_1_23' title="bbox 2030 715 3688 789">
    <p class='ocr_par' dir='ltr' id='par_1_23' title="bbox 2030 715 3688 789">
     <span class='ocr_line' id='line_1_23' title="bbox 2030 715 3688 789; baseline 0.003 -14"><span class='ocrx_word' id='word_1_164' title='bbox 2030 729 2214 775; x_wconf 85' lang='lat' dir='ltr'><strong>unum</strong></span> <span class='ocrx_word' id='word_1_165' title='bbox 2248 722 2506 775; x_wconf 86' lang='lat' dir='ltr'><strong>centum.</strong></span> <span class='ocrx_word' id='word_1_166' title='bbox 2534 715 2619 777; x_wconf 85' lang='lat' dir='ltr'><strong>Ac</strong></span> <span class='ocrx_word' id='word_1_167' title='bbox 2641 715 2877 777; x_wconf 88' lang='lat' dir='ltr'><strong>dicebat</strong></span> <span class='ocrx_word' id='word_1_168' title='bbox 2905 716 3054 778; x_wconf 88' lang='lat' dir='ltr'><strong>illis:</strong></span> <span class='ocrx_word' id='word_1_169' title='bbox 3090 716 3199 789; x_wconf 85' lang='lat' dir='ltr'><strong>Qui</strong></span> <span class='ocrx_word' id='word_1_170' title='bbox 3224 715 3595 780; x_wconf 84' lang='lat' dir='ltr'><strong>habetaures</strong></span> <span class='ocrx_word' id='word_1_171' title='bbox 3613 716 3688 780; x_wconf 87' lang='lat' dir='ltr'><strong>ad</strong></span> 
     </span>
    </p>
   </div>
   <div class='ocr_carea' id='block_1_24' title="bbox 2027 801 3684 886">
    <p class='ocr_par' dir='ltr' id='par_1_24' title="bbox 2027 801 3684 886">
     <span class='ocr_line' id='line_1_24' title="bbox 2027 801 3684 886; baseline 0.002 -23"><span class='ocrx_word' id='word_1_172' title='bbox 2027 801 2622 877; x_wconf 82' lang='lat' dir='ltr'><strong>audiendum,audiat</strong></span> <span class='ocrx_word' id='word_1_173' title='bbox 2655 808 2797 867; x_wconf 88' lang='lat' dir='ltr'><strong>Cum</strong></span> <span class='ocrx_word' id='word_1_174' title='bbox 2813 813 3010 867; x_wconf 90' lang='lat' dir='ltr'><strong>autem</strong></span> <span class='ocrx_word' id='word_1_175' title='bbox 3041 806 3320 886; x_wconf 61' lang='lat' dir='ltr'><strong>coepisset</strong></span> <span class='ocrx_word' id='word_1_176' title='bbox 3348 824 3480 868; x_wconf 87' lang='lat' dir='ltr'><strong>esse</strong></span> <span class='ocrx_word' id='word_1_177' title='bbox 3495 806 3684 882; x_wconf 88' lang='lat' dir='ltr'><strong>solus,</strong></span> 
     </span>
    </p>
   </div>
   <div class='ocr_carea' id='block_1_25' title="bbox 2029 890 3684 976">
    <p class='ocr_par' dir='ltr' id='par_1_25' title="bbox 2029 890 3684 976">
     <span class='ocr_line' id='line_1_25' title="bbox 2029 890 3684 976; baseline 0.004 -26"><span class='ocrx_word' id='word_1_178' title='bbox 2029 890 2539 972; x_wconf 86' lang='lat' dir='ltr'><strong>interrogaverunt</strong></span> <span class='ocrx_word' id='word_1_179' title='bbox 2556 912 2691 955; x_wconf 92' lang='lat' dir='ltr'><strong>eum</strong></span> <span class='ocrx_word' id='word_1_180' title='bbox 2725 894 2788 955; x_wconf 92' lang='lat' dir='ltr'><strong>hi</strong></span> <span class='ocrx_word' id='word_1_181' title='bbox 2810 895 2911 975; x_wconf 91' lang='lat' dir='ltr'><strong>qui</strong></span> <span class='ocrx_word' id='word_1_182' title='bbox 2942 895 3102 957; x_wconf 91' lang='lat' dir='ltr'><strong>circa</strong></span> <span class='ocrx_word' id='word_1_183' title='bbox 3131 896 3326 976; x_wconf 90' lang='lat' dir='ltr'><strong>ipsum</strong></span> <span class='ocrx_word' id='word_1_184' title='bbox 3359 904 3684 958; x_wconf 86' lang='lat' dir='ltr'><strong>erantcum</strong></span> 
     </span>
    </p>
   </div>
   <div class='ocr_carea' id='block_1_26' title="bbox 2028 977 3682 1062">
    <p class='ocr_par' dir='ltr' id='par_1_26' title="bbox 2028 977 3682 1062">
     <span class='ocr_line' id='line_1_26' title="bbox 2028 977 3682 1062; baseline 0.005 -22"><span class='ocrx_word' id='word_1_185' title='bbox 2028 977 2345 1043; x_wconf 87' lang='lat' dir='ltr'><strong>duodecim</strong></span> <span class='ocrx_word' id='word_1_186' title='bbox 2377 981 2451 1044; x_wconf 87' lang='lat' dir='ltr'><strong>de</strong></span> <span class='ocrx_word' id='word_1_187' title='bbox 2483 982 2849 1062; x_wconf 89' lang='lat' dir='ltr'><strong>parabola,et</strong></span> <span class='ocrx_word' id='word_1_188' title='bbox 2880 984 3115 1046; x_wconf 89' lang='lat' dir='ltr'><strong>dicebat</strong></span> <span class='ocrx_word' id='word_1_189' title='bbox 3145 984 3255 1047; x_wconf 81' lang='lat' dir='ltr'><strong>eis:</strong></span> <span class='ocrx_word' id='word_1_190' title='bbox 3280 983 3465 1047; x_wconf 82' lang='lat' dir='ltr'><strong>Vobis</strong></span> <span class='ocrx_word' id='word_1_191' title='bbox 3481 984 3682 1048; x_wconf 90' lang='lat' dir='ltr'><strong>datum</strong></span> 
     </span>
    </p>
   </div>
   <div class='ocr_carea' id='block_1_27' title="bbox 2027 1073 3682 1156">
    <p class='ocr_par' dir='ltr' id='par_1_27' title="bbox 2027 1073 3682 1156">
     <span class='ocr_line' id='line_1_27' title="bbox 2027 1073 3682 1156; baseline 0.005 -28"><span class='ocrx_word' id='word_1_192' title='bbox 2027 1076 2121 1156; x_wconf 85' lang='lat' dir='ltr'><strong>est</strong></span> <span class='ocrx_word' id='word_1_193' title='bbox 2166 1088 2342 1133; x_wconf 76' lang='lat' dir='ltr'><strong>nosse</strong></span> <span class='ocrx_word' id='word_1_194' title='bbox 2394 1073 2737 1152; x_wconf 88' lang='lat' dir='ltr'><strong>mysterium</strong></span> <span class='ocrx_word' id='word_1_195' title='bbox 2782 1076 2951 1153; x_wconf 84' lang='lat' dir='ltr'><strong>regni</strong></span> <span class='ocrx_word' id='word_1_196' title='bbox 3003 1074 3139 1151; x_wconf 89' lang='lat' dir='ltr'><strong>Dei;</strong></span> <span class='ocrx_word' id='word_1_197' title='bbox 3187 1074 3308 1137; x_wconf 88' lang='lat' dir='ltr'><strong>illis</strong></span> <span class='ocrx_word' id='word_1_198' title='bbox 3352 1082 3550 1136; x_wconf 89' lang='lat' dir='ltr'><strong>autem</strong></span> <span class='ocrx_word' id='word_1_199' title='bbox 3584 1084 3682 1156; x_wconf 85' lang='lat' dir='ltr'><strong>qui</strong></span> 
     </span>
    </p>
   </div>
   <div class='ocr_carea' id='block_1_28' title="bbox 2029 1155 3684 1241">
    <p class='ocr_par' dir='ltr' id='par_1_28' title="bbox 2029 1155 3684 1241">
     <span class='ocr_line' id='line_1_28' title="bbox 2029 1155 3684 1241; baseline 0.005 -23"><span class='ocrx_word' id='word_1_200' title='bbox 2029 1155 2175 1220; x_wconf 76' lang='lat' dir='ltr'><strong>foris</strong></span> <span class='ocrx_word' id='word_1_201' title='bbox 2204 1168 2364 1237; x_wconf 89' lang='lat' dir='ltr'><strong>sunt,</strong></span> <span class='ocrx_word' id='word_1_202' title='bbox 2400 1178 2507 1241; x_wconf 86' lang='lat' dir='ltr'><strong>per</strong></span> <span class='ocrx_word' id='word_1_203' title='bbox 2539 1162 2846 1240; x_wconf 88' lang='lat' dir='ltr'><strong>parabolas</strong></span> <span class='ocrx_word' id='word_1_204' title='bbox 2868 1168 3068 1226; x_wconf 87' lang='lat' dir='ltr'><strong>omnia</strong></span> <span class='ocrx_word' id='word_1_205' title='bbox 3097 1164 3277 1226; x_wconf 83' lang='lat' dir='ltr'><strong>ﬁunt:</strong></span> <span class='ocrx_word' id='word_1_206' title='bbox 3317 1172 3377 1226; x_wconf 93' lang='lat' dir='ltr'><strong>ut</strong></span> <span class='ocrx_word' id='word_1_207' title='bbox 3409 1155 3684 1227; x_wconf 80' lang='lat' dir='ltr'><strong>videntes</strong></span> 
     </span>
    </p>
   </div>
   <div class='ocr_carea' id='block_1_29' title="bbox 2030 1246 3685 1326">
    <p class='ocr_par' dir='ltr' id='par_1_29' title="bbox 2030 1246 3685 1326">
     <span class='ocr_line' id='line_1_29' title="bbox 2030 1246 3685 1326; baseline 0.004 -19"><span class='ocrx_word' id='word_1_208' title='bbox 2030 1246 2269 1309; x_wconf 79' lang='lat' dir='ltr'><strong>videant</strong></span> <span class='ocrx_word' id='word_1_209' title='bbox 2316 1258 2375 1311; x_wconf 91' lang='lat' dir='ltr'><strong>et</strong></span> <span class='ocrx_word' id='word_1_210' title='bbox 2419 1269 2537 1310; x_wconf 93' lang='lat' dir='ltr'><strong>non</strong></span> <span class='ocrx_word' id='word_1_211' title='bbox 2587 1260 2858 1326; x_wconf 87' lang='lat' dir='ltr'><strong>cernant;</strong></span> <span class='ocrx_word' id='word_1_212' title='bbox 2909 1260 2966 1313; x_wconf 91' lang='lat' dir='ltr'><strong>et</strong></span> <span class='ocrx_word' id='word_1_213' title='bbox 3015 1252 3325 1315; x_wconf 90' lang='lat' dir='ltr'><strong>audientes</strong></span> <span class='ocrx_word' id='word_1_214' title='bbox 3355 1251 3598 1313; x_wconf 90' lang='lat' dir='ltr'><strong>audiant</strong></span> <span class='ocrx_word' id='word_1_215' title='bbox 3627 1262 3685 1314; x_wconf 90' lang='lat' dir='ltr'><strong>et</strong></span> 
     </span>
    </p>
   </div>
   <div class='ocr_carea' id='block_1_30' title="bbox 2030 1337 3681 1421">
    <p class='ocr_par' dir='ltr' id='par_1_30' title="bbox 2030 1337 3681 1421">
     <span class='ocr_line' id='line_1_30' title="bbox 2030 1337 3681 1421; baseline 0.004 -25"><span class='ocrx_word' id='word_1_216' title='bbox 2030 1352 2151 1397; x_wconf 90' lang='lat' dir='ltr'><strong>non</strong></span> <span class='ocrx_word' id='word_1_217' title='bbox 2182 1337 2532 1419; x_wconf 83' lang='lat' dir='ltr'><strong>intelligant,</strong></span> <span class='ocrx_word' id='word_1_218' title='bbox 2577 1341 2891 1421; x_wconf 90' lang='lat' dir='ltr'><strong>nequando</strong></span> <span class='ocrx_word' id='word_1_219' title='bbox 2935 1347 3351 1405; x_wconf 88' lang='lat' dir='ltr'><strong>convertantur</strong></span> <span class='ocrx_word' id='word_1_220' title='bbox 3382 1349 3440 1402; x_wconf 90' lang='lat' dir='ltr'><strong>et</strong></span> <span class='ocrx_word' id='word_1_221' title='bbox 3468 1341 3681 1403; x_wconf 87' lang='lat' dir='ltr'><strong>remit-</strong></span> 
     </span>
    </p>
   </div>
   <div class='ocr_carea' id='block_1_31' title="bbox 2030 1428 3681 1511">
    <p class='ocr_par' dir='ltr' id='par_1_31' title="bbox 2030 1428 3681 1511">
     <span class='ocr_line' id='line_1_31' title="bbox 2030 1428 3681 1511; baseline 0.002 -25"><span class='ocrx_word' id='word_1_222' title='bbox 2030 1432 2229 1487; x_wconf 82' lang='lat' dir='ltr'><strong>tantur</strong></span> <span class='ocrx_word' id='word_1_223' title='bbox 2282 1428 2367 1489; x_wconf 90' lang='lat' dir='ltr'><strong>eis</strong></span> <span class='ocrx_word' id='word_1_224' title='bbox 2419 1438 2747 1509; x_wconf 75' lang='lat' dir='ltr'><strong>peccata.»</strong></span> <span class='ocrx_word' id='word_1_225' title='bbox 2808 1430 3064 1493; x_wconf 88' lang='lat' dir='ltr'><strong>Primam</strong></span> <span class='ocrx_word' id='word_1_226' title='bbox 3126 1431 3282 1493; x_wconf 87' lang='lat' dir='ltr'><strong>hanc</strong></span> <span class='ocrx_word' id='word_1_227' title='bbox 3340 1429 3681 1511; x_wconf 84' lang='lat' dir='ltr'><strong>parabolam</strong></span> 
     </span>
    </p>
   </div>
   <div class='ocr_carea' id='block_1_32' title="bbox 2030 1516 3685 1601">
    <p class='ocr_par' dir='ltr' id='par_1_32' title="bbox 2030 1516 3685 1601">
     <span class='ocr_line' id='line_1_32' title="bbox 2030 1516 3685 1601; baseline 0.005 -27"><span class='ocrx_word' id='word_1_228' title='bbox 2030 1516 2357 1597; x_wconf 70' lang='lat' dir='ltr'><strong>ponit,quze</strong></span> <span class='ocrx_word' id='word_1_229' title='bbox 2380 1527 2471 1580; x_wconf 85' lang='lat' dir='ltr'><strong>est</strong></span> <span class='ocrx_word' id='word_1_230' title='bbox 2499 1520 2575 1581; x_wconf 91' lang='lat' dir='ltr'><strong>de</strong></span> <span class='ocrx_word' id='word_1_231' title='bbox 2607 1520 2991 1601; x_wconf 90' lang='lat' dir='ltr'><strong>semine,quo</strong></span> <span class='ocrx_word' id='word_1_232' title='bbox 3024 1519 3352 1581; x_wconf 87' lang='lat' dir='ltr'><strong>reddantur</strong></span> <span class='ocrx_word' id='word_1_233' title='bbox 3381 1519 3685 1582; x_wconf 88' lang='lat' dir='ltr'><strong>auditores</strong></span> 
     </span>
    </p>
   </div>
   <div class='ocr_carea' id='block_1_33' title="bbox 2027 1606 3681 1680">
    <p class='ocr_par' dir='ltr' id='par_1_33' title="bbox 2027 1606 3681 1680">
     <span class='ocr_line' id='line_1_33' title="bbox 2027 1606 3681 1680; baseline 0.003 -15"><span class='ocrx_word' id='word_1_234' title='bbox 2027 1606 2406 1671; x_wconf 86' lang='lat' dir='ltr'><strong>attentiores.</strong></span> <span class='ocrx_word' id='word_1_235' title='bbox 2467 1606 2593 1680; x_wconf 92' lang='lat' dir='ltr'><strong>Quo</strong></span> <span class='ocrx_word' id='word_1_236' title='bbox 2666 1608 2825 1670; x_wconf 90' lang='lat' dir='ltr'><strong>enim</strong></span> <span class='ocrx_word' id='word_1_237' title='bbox 2903 1609 3175 1671; x_wconf 92' lang='lat' dir='ltr'><strong>dicturus</strong></span> <span class='ocrx_word' id='word_1_238' title='bbox 3252 1618 3378 1671; x_wconf 86' lang='lat' dir='ltr'><strong>erat</strong></span> <span class='ocrx_word' id='word_1_239' title='bbox 3434 1607 3681 1671; x_wconf 86' lang='lat' dir='ltr'><strong>verbum</strong></span> 
     </span>
    </p>
   </div>
   <div class='ocr_carea' id='block_1_34' title="bbox 2029 1696 3678 1778">
    <p class='ocr_par' dir='ltr' id='par_1_34' title="bbox 2029 1696 3678 1778">
     <span class='ocr_line' id='line_1_34' title="bbox 2029 1696 3678 1778; baseline 0.004 -23"><span class='ocrx_word' id='word_1_240' title='bbox 2029 1710 2161 1755; x_wconf 87' lang='lat' dir='ltr'><strong>esse</strong></span> <span class='ocrx_word' id='word_1_241' title='bbox 2193 1696 2601 1777; x_wconf 88' lang='lat' dir='ltr'><strong>semen,quod</strong></span> <span class='ocrx_word' id='word_1_242' title='bbox 2628 1698 2727 1758; x_wconf 86' lang='lat' dir='ltr'><strong>ubi</strong></span> <span class='ocrx_word' id='word_1_243' title='bbox 2759 1698 3040 1759; x_wconf 85' lang='lat' dir='ltr'><strong>ceciderit</strong></span> <span class='ocrx_word' id='word_1_244' title='bbox 3075 1700 3132 1759; x_wconf 92' lang='lat' dir='ltr'><strong>in</strong></span> <span class='ocrx_word' id='word_1_245' title='bbox 3168 1715 3371 1778; x_wconf 89' lang='lat' dir='ltr'><strong>parum</strong></span> <span class='ocrx_word' id='word_1_246' title='bbox 3400 1706 3678 1774; x_wconf 86' lang='lat' dir='ltr'><strong>attentos,</strong></span> 
     </span>
    </p>
   </div>
   <div class='ocr_carea' id='block_1_35' title="bbox 292 1784 1940 1872">
    <p class='ocr_par' dir='ltr' id='par_1_35' title="bbox 292 1784 1940 1872">
     <span class='ocr_line' id='line_1_35' title="bbox 292 1784 1940 1872; baseline 0.002 -22"><span class='ocrx_word' id='word_1_247' title='bbox 292 1796 394 1870; x_wconf 81' lang='grc' dir='ltr'>πρὸ</span> <span class='ocrx_word' id='word_1_248' title='bbox 450 1800 557 1851; x_wconf 75' lang='grc' dir='ltr'><strong>τῶν</strong></span> <span class='ocrx_word' id='word_1_249' title='bbox 612 1792 789 1850; x_wconf 75' lang='grc' dir='ltr'>ἄλλων</span> <span class='ocrx_word' id='word_1_250' title='bbox 840 1795 907 1854; x_wconf 73' lang='grc' dir='ltr'><strong>τὰ</strong></span> <span class='ocrx_word' id='word_1_251' title='bbox 960 1784 1215 1853; x_wconf 67' lang='grc' dir='ltr'>τοιαῦτα</span> <span class='ocrx_word' id='word_1_252' title='bbox 1245 1784 1416 1872; x_wconf 81' lang='grc' dir='ltr'>λέγει,</span> <span class='ocrx_word' id='word_1_253' title='bbox 1472 1796 1545 1859; x_wconf 83' lang='grc' dir='ltr'>ὡς</span> <span class='ocrx_word' id='word_1_254' title='bbox 1596 1796 1659 1853; x_wconf 75' lang='grc' dir='ltr'><strong>ἂν</strong></span> <span class='ocrx_word' id='word_1_255' title='bbox 1713 1793 1940 1854; x_wconf 82' lang='grc' dir='ltr'>σπουδά-</span> 
     </span>
    </p>
   </div>
   <div class='ocr_carea' id='block_1_36' title="bbox 2025 1784 3682 1872">
    <p class='ocr_par' dir='ltr' id='par_1_36' title="bbox 2027 1784 3682 1872">
     <span class='ocr_line' id='line_1_36' title="bbox 2027 1784 3682 1872; baseline 0.005 -30"><span class='ocrx_word' id='word_1_256' title='bbox 2027 1784 2431 1872; x_wconf 84' lang='lat' dir='ltr'><strong>corrumpitur</strong></span> <span class='ocrx_word' id='word_1_257' title='bbox 2456 1804 2470 1849; x_wconf 90' lang='lat'>:</span> <span class='ocrx_word' id='word_1_258' title='bbox 2505 1796 2820 1867; x_wconf 86' lang='lat' dir='ltr'><strong>propterea</strong></span> <span class='ocrx_word' id='word_1_259' title='bbox 2841 1795 2980 1849; x_wconf 88' lang='lat' dir='ltr'><strong>ante</strong></span> <span class='ocrx_word' id='word_1_260' title='bbox 3007 1787 3120 1850; x_wconf 89' lang='lat' dir='ltr'><strong>alia</strong></span> <span class='ocrx_word' id='word_1_261' title='bbox 3150 1787 3277 1849; x_wconf 72' lang='lat' dir='ltr'><strong>haec</strong></span> <span class='ocrx_word' id='word_1_262' title='bbox 3306 1786 3474 1868; x_wconf 84' lang='lat' dir='ltr'><strong>dicit,</strong></span> <span class='ocrx_word' id='word_1_263' title='bbox 3495 1796 3558 1849; x_wconf 91' lang='lat' dir='ltr'><strong>ut</strong></span> <span class='ocrx_word' id='word_1_264' title='bbox 3581 1807 3682 1850; x_wconf 90' lang='lat' dir='ltr'><strong>au-</strong></span> 
     </span>
    </p>
   </div>
   <div class='ocr_carea' id='block_1_37' title="bbox 291 1870 1940 1963">
    <p class='ocr_par' dir='ltr' id='par_1_37' title="bbox 291 1870 1940 1963">
     <span class='ocr_line' id='line_1_37' title="bbox 291 1870 1940 1963; baseline 0.002 -25"><span class='ocrx_word' id='word_1_265' title='bbox 291 1905 457 1939; x_wconf 85' lang='grc' dir='ltr'>σωσιν</span> <span class='ocrx_word' id='word_1_266' title='bbox 510 1886 557 1940; x_wconf 78' lang='grc' dir='ltr'>οἱ</span> <span class='ocrx_word' id='word_1_267' title='bbox 609 1883 863 1963; x_wconf 79' lang='grc' dir='ltr'>ἀκροαταὶ</span> <span class='ocrx_word' id='word_1_268' title='bbox 913 1884 993 1959; x_wconf 74' lang='grc' dir='ltr'>μὴ</span> <span class='ocrx_word' id='word_1_269' title='bbox 1052 1882 1227 1961; x_wconf 67' lang='grc' dir='ltr'>ἐκείνῃ</span> <span class='ocrx_word' id='word_1_270' title='bbox 1381 1890 1453 1961; x_wconf 72' lang='grc' dir='ltr'><strong>γῇ</strong></span> <span class='ocrx_word' id='word_1_271' title='bbox 1492 1884 1815 1960; x_wconf 72' lang='grc' dir='ltr'>ὁμοιωθῆναι</span> <span class='ocrx_word' id='word_1_272' title='bbox 1874 1886 1940 1954; x_wconf 83' lang='grc' dir='ltr'>τῆ</span> 
     </span>
    </p>
   </div>
   <div class='ocr_carea' id='block_1_38' title="bbox 2025 1870 3684 1963">
    <p class='ocr_par' dir='ltr' id='par_1_38' title="bbox 2027 1870 3684 1959">
     <span class='ocr_line' id='line_1_38' title="bbox 2027 1870 3684 1959; baseline 0.005 -28"><span class='ocrx_word' id='word_1_273' title='bbox 2027 1870 2251 1934; x_wconf 88' lang='lat' dir='ltr'><strong>ditores</strong></span> <span class='ocrx_word' id='word_1_274' title='bbox 2281 1875 2558 1937; x_wconf 87' lang='lat' dir='ltr'><strong>studeant</strong></span> <span class='ocrx_word' id='word_1_275' title='bbox 2610 1895 2727 1937; x_wconf 93' lang='lat' dir='ltr'><strong>non</strong></span> <span class='ocrx_word' id='word_1_276' title='bbox 2759 1876 2845 1938; x_wconf 90' lang='lat' dir='ltr'><strong>illi</strong></span> <span class='ocrx_word' id='word_1_277' title='bbox 2886 1884 3061 1938; x_wconf 84' lang='lat' dir='ltr'><strong>terrae</strong></span> <span class='ocrx_word' id='word_1_278' title='bbox 3108 1876 3335 1939; x_wconf 89' lang='lat' dir='ltr'><strong>similes</strong></span> <span class='ocrx_word' id='word_1_279' title='bbox 3369 1875 3521 1958; x_wconf 86' lang='lat' dir='ltr'><strong>ﬁeri,</strong></span> <span class='ocrx_word' id='word_1_280' title='bbox 3551 1897 3684 1959; x_wconf 67' lang='lat' dir='ltr'><strong>qua</strong></span> 
     </span>
    </p>
   </div>
   <div class='ocr_carea' id='block_1_39' title="bbox 290 1964 1940 2054">
    <p class='ocr_par' dir='ltr' id='par_1_39' title="bbox 290 1970 1939 2054">
     <span class='ocr_line' id='line_1_39' title="bbox 290 1970 1939 2054; baseline 0.001 -24"><span class='ocrx_word' id='word_1_281' title='bbox 290 1975 383 2030; x_wconf 80' lang='grc' dir='ltr'>τὸν</span> <span class='ocrx_word' id='word_1_282' title='bbox 435 1974 631 2052; x_wconf 79' lang='grc' dir='ltr'>σπόρον</span> <span class='ocrx_word' id='word_1_283' title='bbox 682 1970 1079 2054; x_wconf 75' lang='grc' dir='ltr'>διαφθειροόσῃ.</span> <span class='ocrx_word' id='word_1_284' title='bbox 1135 1974 1223 2038; x_wconf 88' lang='grc' dir='ltr'>Τίς</span> <span class='ocrx_word' id='word_1_285' title='bbox 1279 1974 1368 2032; x_wconf 82' lang='grc' dir='ltr'>οὖν</span> <span class='ocrx_word' id='word_1_286' title='bbox 1410 1973 1552 2031; x_wconf 75' lang='grc' dir='ltr'>ὶστὶν</span> <span class='ocrx_word' id='word_1_287' title='bbox 1581 1976 1609 2031; x_wconf 90' lang='lat'><strong>6</strong></span> <span class='ocrx_word' id='word_1_288' title='bbox 1663 1974 1939 2053; x_wconf 73' lang='grc' dir='ltr'>σπείρωνς</span> 
     </span>
    </p>
   </div>
   <div class='ocr_carea' id='block_1_40' title="bbox 2025 1964 3682 2054">
    <p class='ocr_par' dir='ltr' id='par_1_40' title="bbox 2025 1964 3682 2054">
     <span class='ocr_line' id='line_1_40' title="bbox 2025 1964 3682 2054; baseline 0.006 -34"><span class='ocrx_word' id='word_1_289' title='bbox 2025 1977 2233 2054; x_wconf 62' lang='lat' dir='ltr'><strong>semen</strong></span> <span class='ocrx_word' id='word_1_290' title='bbox 2264 1964 2579 2054; x_wconf 88' lang='lat' dir='ltr'><strong>disperdit.</strong></span> <span class='ocrx_word' id='word_1_291' title='bbox 2616 1965 2759 2038; x_wconf 86' lang='lat' dir='ltr'><strong>Quis</strong></span> <span class='ocrx_word' id='word_1_292' title='bbox 2790 1965 2969 2044; x_wconf 80' lang='lat' dir='ltr'><strong>igitur</strong></span> <span class='ocrx_word' id='word_1_293' title='bbox 2992 1974 3081 2028; x_wconf 90' lang='lat' dir='ltr'><strong>est</strong></span> <span class='ocrx_word' id='word_1_294' title='bbox 3108 1965 3211 2046; x_wconf 90' lang='lat' dir='ltr'><strong>qui</strong></span> <span class='ocrx_word' id='word_1_295' title='bbox 3242 1966 3530 2029; x_wconf 84' lang='lat' dir='ltr'><strong>seminat?</strong></span> <span class='ocrx_word' id='word_1_296' title='bbox 3549 1968 3682 2048; x_wconf 87' lang='lat' dir='ltr'><strong>ipse</strong></span> 
     </span>
    </p>
   </div>
   <div class='ocr_carea' id='block_1_41' title="bbox 291 2050 1940 2141">
    <p class='ocr_par' dir='ltr' id='par_1_41' title="bbox 291 2050 1940 2141">
     <span class='ocr_line' id='line_1_41' title="bbox 291 2050 1940 2141; baseline -0.001 -21"><span class='ocrx_word' id='word_1_297' title='bbox 291 2064 449 2126; x_wconf 69' lang='grc' dir='ltr'>αὐτὸς</span> <span class='ocrx_word' id='word_1_298' title='bbox 502 2050 551 2119; x_wconf 17' lang='lat' dir='ltr'>6V</span> <span class='ocrx_word' id='word_1_299' title='bbox 588 2050 834 2141; x_wconf 78' lang='grc' dir='ltr'>Χριστὸς,</span> <span class='ocrx_word' id='word_1_300' title='bbox 894 2065 951 2127; x_wconf 84' lang='grc' dir='ltr'>ὃς</span> <span class='ocrx_word' id='word_1_301' title='bbox 1007 2050 1223 2131; x_wconf 57' lang='grc' dir='ltr'>εξῆλθεν</span> <span class='ocrx_word' id='word_1_302' title='bbox 1279 2062 1339 2120; x_wconf 69' lang='grc' dir='ltr'>δκ</span> <span class='ocrx_word' id='word_1_303' title='bbox 1396 2072 1503 2123; x_wconf 75' lang='grc' dir='ltr'>τῶν</span> <span class='ocrx_word' id='word_1_304' title='bbox 1561 2050 1795 2121; x_wconf 66' lang='grc' dir='ltr'><strong>κόλπων⁷</strong></span> <span class='ocrx_word' id='word_1_305' title='bbox 1835 2071 1940 2121; x_wconf 80' lang='grc' dir='ltr'><strong>τῶν</strong></span> 
     </span>
    </p>
   </div>
   <div class='ocr_carea' id='block_1_42' title="bbox 2025 2050 3683 2141">
    <p class='ocr_par' dir='ltr' id='par_1_42' title="bbox 2025 2050 3683 2134">
     <span class='ocr_line' id='line_1_42' title="bbox 2025 2050 3683 2134; baseline 0.002 -20"><span class='ocrx_word' id='word_1_306' title='bbox 2025 2050 2300 2115; x_wconf 88' lang='lat' dir='ltr'><strong>Christus</strong></span> <span class='ocrx_word' id='word_1_307' title='bbox 2332 2053 2434 2134; x_wconf 90' lang='lat' dir='ltr'><strong>qui</strong></span> <span class='ocrx_word' id='word_1_308' title='bbox 2462 2055 2642 2116; x_wconf 70' lang='lat' dir='ltr'><strong>exivit</strong></span> <span class='ocrx_word' id='word_1_309' title='bbox 2664 2074 2695 2116; x_wconf 93' lang='lat' dir='ltr'><strong>e</strong></span> <span class='ocrx_word' id='word_1_310' title='bbox 2715 2056 2980 2117; x_wconf 87' lang='lat' dir='ltr'><strong>Paternis</strong></span> <span class='ocrx_word' id='word_1_311' title='bbox 3004 2055 3239 2117; x_wconf 90' lang='lat' dir='ltr'><strong>sinibus</strong></span> <span class='ocrx_word' id='word_1_312' title='bbox 3268 2054 3549 2117; x_wconf 69' lang='lat' dir='ltr'><strong>inetiabili</strong></span> <span class='ocrx_word' id='word_1_313' title='bbox 3571 2056 3683 2117; x_wconf 83' lang='lat' dir='ltr'><strong>mi-</strong></span> 
     </span>
    </p>
   </div>
   <div class='ocr_carea' id='block_1_43' title="bbox 292 2141 1940 2235">
    <p class='ocr_par' dir='ltr' id='par_1_43' title="bbox 292 2151 1940 2235">
     <span class='ocr_line' id='line_1_43' title="bbox 292 2151 1940 2235; baseline 0 -25"><span class='ocrx_word' id='word_1_314' title='bbox 292 2158 571 2231; x_wconf 65' lang='grc' dir='ltr'>Πατμκῶν</span> <span class='ocrx_word' id='word_1_315' title='bbox 629 2151 989 2231; x_wconf 73' lang='grc' dir='ltr'>φιλανθρωπίᾳ</span> <span class='ocrx_word' id='word_1_316' title='bbox 1058 2154 1147 2211; x_wconf 76' lang='grc' dir='ltr'><strong>καὶ</strong></span> <span class='ocrx_word' id='word_1_317' title='bbox 1222 2152 1611 2233; x_wconf 67' lang='grc' dir='ltr'>συγκαταϐάσει</span> <span class='ocrx_word' id='word_1_318' title='bbox 1695 2156 1940 2235; x_wconf 73' lang='grc' dir='ltr'>ἂνεκφοι-</span> 
     </span>
    </p>
   </div>
   <div class='ocr_carea' id='block_1_44' title="bbox 2025 2141 3679 2235">
    <p class='ocr_par' dir='ltr' id='par_1_44' title="bbox 2025 2141 3679 2235">
     <span class='ocr_line' id='line_1_44' title="bbox 2025 2141 3679 2235; baseline 0.004 -34"><span class='ocrx_word' id='word_1_319' title='bbox 2025 2141 2356 2205; x_wconf 85' lang='lat' dir='ltr'><strong>sericordia</strong></span> <span class='ocrx_word' id='word_1_320' title='bbox 2384 2162 2449 2207; x_wconf 89' lang='lat' dir='ltr'><strong>se</strong></span> <span class='ocrx_word' id='word_1_321' title='bbox 2467 2144 2641 2207; x_wconf 91' lang='lat' dir='ltr'><strong>nobis</strong></span> <span class='ocrx_word' id='word_1_322' title='bbox 2671 2154 3094 2225; x_wconf 88' lang='lat' dir='ltr'><strong>attemperans.</strong></span> <span class='ocrx_word' id='word_1_323' title='bbox 3127 2144 3315 2235; x_wconf 83' lang='lat' dir='ltr'><strong>Exivit</strong></span> <span class='ocrx_word' id='word_1_324' title='bbox 3335 2156 3538 2207; x_wconf 87' lang='lat' dir='ltr'><strong>autem</strong></span> <span class='ocrx_word' id='word_1_325' title='bbox 3561 2166 3679 2209; x_wconf 92' lang='lat' dir='ltr'><strong>non</strong></span> 
     </span>
    </p>
   </div>
   <div class='ocr_carea' id='block_1_45' title="bbox 287 2231 1940 2324">
    <p class='ocr_par' dir='ltr' id='par_1_45' title="bbox 287 2231 1940 2324">
     <span class='ocr_line' id='line_1_45' title="bbox 287 2231 1940 2324; baseline 0.002 -27"><span class='ocrx_word' id='word_1_326' title='bbox 287 2243 495 2311; x_wconf 81' lang='grc' dir='ltr'>τήτως.</span> <span class='ocrx_word' id='word_1_327' title='bbox 553 2239 773 2309; x_wconf 75' lang='grc' dir='ltr'>’Βξῆλθε</span> <span class='ocrx_word' id='word_1_328' title='bbox 815 2241 870 2299; x_wconf 74' lang='grc' dir='ltr'><strong>δὲ</strong></span> <span class='ocrx_word' id='word_1_329' title='bbox 922 2243 1027 2324; x_wconf 68' lang='grc' dir='ltr'>οὔχ</span> <span class='ocrx_word' id='word_1_330' title='bbox 1080 2243 1190 2317; x_wconf 71' lang='grc' dir='ltr'>’ίναζ</span> <span class='ocrx_word' id='word_1_331' title='bbox 1221 2231 1473 2322; x_wconf 67' lang='grc' dir='ltr'>ἰμπρήσῃ</span> <span class='ocrx_word' id='word_1_332' title='bbox 1500 2243 1601 2311; x_wconf 79' lang='grc' dir='ltr'><strong>τὴν</strong></span> <span class='ocrx_word' id='word_1_333' title='bbox 1628 2231 1940 2322; x_wconf 47' lang='grc' dir='ltr'>κατηραμέ-</span> 
     </span>
    </p>
   </div>
   <div class='ocr_carea' id='block_1_46' title="bbox 2025 2231 3679 2324">
    <p class='ocr_par' dir='ltr' id='par_1_46' title="bbox 2025 2231 3679 2310">
     <span class='ocr_line' id='line_1_46' title="bbox 2025 2231 3679 2310; baseline 0.005 -20"><span class='ocrx_word' id='word_1_334' title='bbox 2025 2239 2089 2291; x_wconf 90' lang='lat' dir='ltr'><strong>ut</strong></span> <span class='ocrx_word' id='word_1_335' title='bbox 2114 2231 2398 2296; x_wconf 90' lang='lat' dir='ltr'><strong>incendat</strong></span> <span class='ocrx_word' id='word_1_336' title='bbox 2425 2234 2799 2297; x_wconf 81' lang='lat' dir='ltr'><strong>maledictaw</strong></span> <span class='ocrx_word' id='word_1_337' title='bbox 2835 2244 3052 2297; x_wconf 89' lang='lat' dir='ltr'><strong>terram</strong></span> <span class='ocrx_word' id='word_1_338' title='bbox 3086 2244 3143 2296; x_wconf 91' lang='lat' dir='ltr'><strong>et</strong></span> <span class='ocrx_word' id='word_1_339' title='bbox 3177 2234 3635 2310; x_wconf 88' lang='lat' dir='ltr'><strong>malacorda,ne</strong></span> <span class='ocrx_word' id='word_1_340' title='bbox 3660 2270 3679 2280; x_wconf 92' lang='lat'><strong>-</strong></span> 
     </span>
    </p>
   </div>
   <div class='ocr_carea' id='block_1_47' title="bbox 288 2324 1940 2411">
    <p class='ocr_par' dir='ltr' id='par_1_47' title="bbox 288 2330 1940 2411">
     <span class='ocr_line' id='line_1_47' title="bbox 288 2330 1940 2411; baseline 0.004 -27"><span class='ocrx_word' id='word_1_341' title='bbox 288 2355 391 2397; x_wconf 78' lang='grc' dir='ltr'><strong>νην</strong></span> <span class='ocrx_word' id='word_1_342' title='bbox 442 2334 571 2407; x_wconf 68' lang='grc' dir='ltr'>γῆν,</span> <span class='ocrx_word' id='word_1_343' title='bbox 599 2332 691 2386; x_wconf 83' lang='grc' dir='ltr'><strong>καὶ</strong></span> <span class='ocrx_word' id='word_1_344' title='bbox 731 2333 827 2396; x_wconf 82' lang='grc' dir='ltr'><strong>τὰς</strong></span> <span class='ocrx_word' id='word_1_345' title='bbox 882 2333 1118 2411; x_wconf 76' lang='grc' dir='ltr'>πονηρὰς</span> <span class='ocrx_word' id='word_1_346' title='bbox 1167 2331 1381 2406; x_wconf 76' lang='grc' dir='ltr'>καρδίας</span> <span class='ocrx_word' id='word_1_347' title='bbox 1416 2352 1431 2368; x_wconf 85' lang='grc'>⁶</span> <span class='ocrx_word' id='word_1_348' title='bbox 1478 2330 1595 2390; x_wconf 69' lang='grc' dir='ltr'>οὗδὶ</span> <span class='ocrx_word' id='word_1_349' title='bbox 1620 2332 1712 2389; x_wconf 75' lang='grc' dir='ltr'><strong>ἵνα</strong></span> <span class='ocrx_word' id='word_1_350' title='bbox 1740 2332 1940 2411; x_wconf 64' lang='grc' dir='ltr'>ἐκτέμῃ</span> 
     </span>
    </p>
   </div>
   <div class='ocr_carea' id='block_1_48' title="bbox 2025 2324 3681 2411">
    <p class='ocr_par' dir='ltr' id='par_1_48' title="bbox 2025 2324 3681 2406">
     <span class='ocr_line' id='line_1_48' title="bbox 2025 2324 3681 2406; baseline 0.004 -25"><span class='ocrx_word' id='word_1_351' title='bbox 2025 2337 2142 2401; x_wconf 90' lang='lat' dir='ltr'><strong>que</strong></span> <span class='ocrx_word' id='word_1_352' title='bbox 2164 2331 2229 2383; x_wconf 91' lang='lat' dir='ltr'><strong>ut</strong></span> <span class='ocrx_word' id='word_1_353' title='bbox 2253 2331 2491 2385; x_wconf 82' lang='lat' dir='ltr'><strong>exsecet</strong></span> <span class='ocrx_word' id='word_1_354' title='bbox 2513 2324 2737 2406; x_wconf 87' lang='lat' dir='ltr'><strong>spinas,</strong></span> <span class='ocrx_word' id='word_1_355' title='bbox 2764 2326 2869 2386; x_wconf 90' lang='lat' dir='ltr'><strong>sed</strong></span> <span class='ocrx_word' id='word_1_356' title='bbox 2895 2334 2957 2386; x_wconf 94' lang='lat' dir='ltr'><strong>ut</strong></span> <span class='ocrx_word' id='word_1_357' title='bbox 2981 2325 3243 2387; x_wconf 90' lang='lat' dir='ltr'><strong>seminet</strong></span> <span class='ocrx_word' id='word_1_358' title='bbox 3259 2324 3681 2397; x_wconf 89' lang='lat' dir='ltr'><strong>semen.Quale</strong></span> 
     </span>
    </p>
   </div>
   <div class='ocr_carea' id='block_1_49' title="bbox 289 2420 1941 2501">
    <p class='ocr_par' dir='ltr' id='par_1_49' title="bbox 289 2420 1941 2501">
     <span class='ocr_line' id='line_1_49' title="bbox 289 2420 1941 2501; baseline 0.002 -25"><span class='ocrx_word' id='word_1_359' title='bbox 289 2422 385 2485; x_wconf 77' lang='grc' dir='ltr'><strong>τὰς</strong></span> <span class='ocrx_word' id='word_1_360' title='bbox 446 2421 700 2488; x_wconf 77' lang='grc' dir='ltr'>ἀκάνθας,</span> <span class='ocrx_word' id='word_1_361' title='bbox 756 2420 876 2479; x_wconf 77' lang='grc' dir='ltr'>ἀλλ’</span> <span class='ocrx_word' id='word_1_362' title='bbox 956 2422 1050 2479; x_wconf 79' lang='grc' dir='ltr'>’ἱνα</span> <span class='ocrx_word' id='word_1_363' title='bbox 1103 2425 1295 2501; x_wconf 87' lang='grc' dir='ltr'>σπείρῃ</span> <span class='ocrx_word' id='word_1_364' title='bbox 1349 2424 1440 2481; x_wconf 81' lang='grc' dir='ltr'><strong>τὸν</strong></span> <span class='ocrx_word' id='word_1_365' title='bbox 1498 2423 1714 2501; x_wconf 87' lang='grc' dir='ltr'>σπόρον.</span> <span class='ocrx_word' id='word_1_366' title='bbox 1777 2429 1941 2481; x_wconf 75' lang='grc' dir='ltr'>Ποῖον</span> 
     </span>
    </p>
   </div>
   <div class='ocr_carea' id='block_1_50' title="bbox 290 2504 1941 2594">
    <p class='ocr_par' dir='ltr' id='par_1_50' title="bbox 290 2504 1941 2594">
     <span class='ocr_line' id='line_1_50' title="bbox 290 2504 1941 2594; baseline 0.004 -29"><span class='ocrx_word' id='word_1_367' title='bbox 290 2507 345 2566; x_wconf 72' lang='grc' dir='ltr'><strong>δὲ</strong></span> <span class='ocrx_word' id='word_1_368' title='bbox 401 2511 599 2589; x_wconf 78' lang='grc' dir='ltr'>σπόρον</span> <span class='ocrx_word' id='word_1_369' title='bbox 631 2534 648 2584; x_wconf 88' lang='lat'><strong>;</strong></span> <span class='ocrx_word' id='word_1_370' title='bbox 682 2504 813 2591; x_wconf 75' lang='grc' dir='ltr'>’Δρα</span> <span class='ocrx_word' id='word_1_371' title='bbox 840 2514 932 2570; x_wconf 80' lang='grc' dir='ltr'><strong>τὸν</strong></span> <span class='ocrx_word' id='word_1_372' title='bbox 958 2520 1052 2571; x_wconf 82' lang='grc' dir='ltr'>τοῦ</span> <span class='ocrx_word' id='word_1_373' title='bbox 1085 2513 1320 2574; x_wconf 75' lang='grc' dir='ltr'>Μωσέως</span> <span class='ocrx_word' id='word_1_374' title='bbox 1351 2532 1368 2594; x_wconf 83' lang='grc'>;</span> <span class='ocrx_word' id='word_1_375' title='bbox 1404 2512 1506 2592; x_wconf 78' lang='grc' dir='ltr'>ἆρα</span> <span class='ocrx_word' id='word_1_376' title='bbox 1532 2514 1627 2570; x_wconf 79' lang='grc' dir='ltr'><strong>τὸν</strong></span> <span class='ocrx_word' id='word_1_377' title='bbox 1668 2520 1775 2570; x_wconf 80' lang='grc' dir='ltr'><strong>τῶν</strong></span> <span class='ocrx_word' id='word_1_378' title='bbox 1805 2537 1941 2593; x_wconf 88' lang='grc' dir='ltr'>προ-</span> 
     </span>
    </p>
   </div>
   <div class='ocr_carea' id='block_1_51' title="bbox 289 2601 1941 2684">
    <p class='ocr_par' dir='ltr' id='par_1_51' title="bbox 289 2601 1941 2684">
     <span class='ocr_line' id='line_1_51' title="bbox 289 2601 1941 2684; baseline 0.004 -29"><span class='ocrx_word' id='word_1_379' title='bbox 289 2602 532 2678; x_wconf 70' lang='grc' dir='ltr'>φητῶνς</span> <span class='ocrx_word' id='word_1_380' title='bbox 596 2605 755 2684; x_wconf 74' lang='grc' dir='ltr'>Οὐχὶ,</span> <span class='ocrx_word' id='word_1_381' title='bbox 815 2601 952 2661; x_wconf 77' lang='grc' dir='ltr'>ἀλλὰ</span> <span class='ocrx_word' id='word_1_382' title='bbox 1005 2610 1096 2660; x_wconf 85' lang='grc' dir='ltr'>τὸν</span> <span class='ocrx_word' id='word_1_383' title='bbox 1151 2604 1331 2683; x_wconf 77' lang='grc' dir='ltr'>αὑτοῦ,</span> <span class='ocrx_word' id='word_1_384' title='bbox 1389 2602 1683 2679; x_wconf 70' lang='grc' dir='ltr'>τουτέστιν,</span> <span class='ocrx_word' id='word_1_385' title='bbox 1735 2603 1828 2661; x_wconf 85' lang='grc' dir='ltr'>’ίνα</span> <span class='ocrx_word' id='word_1_386' title='bbox 1878 2607 1941 2662; x_wconf 82' lang='grc' dir='ltr'>τὸ</span> 
     </span>
    </p>
   </div>
   <div class='ocr_carea' id='block_1_52' title="bbox 292 2690 1937 2774">
    <p class='ocr_par' dir='ltr' id='par_1_52' title="bbox 292 2690 1937 2774">
     <span class='ocr_line' id='line_1_52' title="bbox 292 2690 1937 2774; baseline 0.002 -28"><span class='ocrx_word' id='word_1_387' title='bbox 292 2690 615 2768; x_wconf 73' lang='grc' dir='ltr'>Εὖαγγὲλιον</span> <span class='ocrx_word' id='word_1_388' title='bbox 677 2697 835 2751; x_wconf 76' lang='grc' dir='ltr'>αὐτοῦ</span> <span class='ocrx_word' id='word_1_389' title='bbox 875 2692 1098 2771; x_wconf 78' lang='grc' dir='ltr'><strong>κηρύξῃ.</strong></span> <span class='ocrx_word' id='word_1_390' title='bbox 1160 2690 1402 2757; x_wconf 75' lang='grc' dir='ltr'>Ἐκεῖνος</span> <span class='ocrx_word' id='word_1_391' title='bbox 1459 2694 1558 2767; x_wconf 80' lang='grc' dir='ltr'><strong>μὶν</strong></span> <span class='ocrx_word' id='word_1_392' title='bbox 1586 2692 1675 2751; x_wconf 80' lang='grc' dir='ltr'>οὖν</span> <span class='ocrx_word' id='word_1_393' title='bbox 1702 2692 1937 2774; x_wconf 78' lang='grc' dir='ltr'>ἔσπειρε.</span> 
     </span>
    </p>
   </div>
   <div class='ocr_carea' id='block_1_53' title="bbox 287 2778 1941 2863">
    <p class='ocr_par' dir='ltr' id='par_1_53' title="bbox 287 2778 1941 2863">
     <span class='ocr_line' id='line_1_53' title="bbox 287 2778 1941 2863; baseline 0.002 -26"><span class='ocrx_word' id='word_1_394' title='bbox 287 2781 409 2837; x_wconf 72' lang='grc' dir='ltr'><strong>Τῶν</strong></span> <span class='ocrx_word' id='word_1_395' title='bbox 465 2778 521 2835; x_wconf 77' lang='grc' dir='ltr'><strong>δὲ</strong></span> <span class='ocrx_word' id='word_1_396' title='bbox 564 2784 881 2861; x_wconf 75' lang='grc' dir='ltr'>σπερμάτων</span> <span class='ocrx_word' id='word_1_397' title='bbox 936 2784 964 2839; x_wconf 85' lang='grc' dir='ltr'><strong>ὃ</strong></span> <span class='ocrx_word' id='word_1_398' title='bbox 1021 2782 1145 2863; x_wconf 81' lang='grc' dir='ltr'>μὲν,</span> <span class='ocrx_word' id='word_1_399' title='bbox 1188 2780 1375 2838; x_wconf 68' lang='grc' dir='ltr'>ἔπεσεν</span> <span class='ocrx_word' id='word_1_400' title='bbox 1430 2783 1505 2845; x_wconf 82' lang='grc' dir='ltr'><strong>είς</strong></span> <span class='ocrx_word' id='word_1_401' title='bbox 1547 2783 1737 2863; x_wconf 77' lang='grc' dir='ltr'>ψυχὴν</span> <span class='ocrx_word' id='word_1_402' title='bbox 1769 2805 1941 2853; x_wconf 78' lang='grc' dir='ltr'>κατα-</span> 
     </span>
    </p>
   </div>
   <div class='ocr_carea' id='block_1_54' title="bbox 292 2870 1940 2945">
    <p class='ocr_par' dir='ltr' id='par_1_54' title="bbox 292 2870 1940 2945">
     <span class='ocr_line' id='line_1_54' title="bbox 292 2870 1940 2945; baseline 0.005 -22"><span class='ocrx_word' id='word_1_403' title='bbox 292 2870 682 2945; x_wconf 73' lang='grc' dir='ltr'>πεπατημὲνην</span> <span class='ocrx_word' id='word_1_404' title='bbox 732 2873 834 2929; x_wconf 78' lang='grc' dir='ltr'>ὑπὸ</span> <span class='ocrx_word' id='word_1_405' title='bbox 875 2870 1092 2930; x_wconf 80' lang='grc' dir='ltr'>πολλῶν</span> <span class='ocrx_word' id='word_1_406' title='bbox 1127 2889 1143 2908; x_wconf 77' lang='grc' dir='ltr'><strong>ο</strong></span> <span class='ocrx_word' id='word_1_407' title='bbox 1202 2872 1291 2927; x_wconf 85' lang='grc' dir='ltr'><strong>καὶ</strong></span> <span class='ocrx_word' id='word_1_408' title='bbox 1347 2871 1414 2927; x_wconf 77' lang='grc' dir='ltr'><strong>τὰ</strong></span> <span class='ocrx_word' id='word_1_409' title='bbox 1467 2873 1683 2929; x_wconf 84' lang='grc' dir='ltr'>πετεινὰ</span> <span class='ocrx_word' id='word_1_410' title='bbox 1726 2881 1817 2930; x_wconf 76' lang='grc' dir='ltr'>τοῦ</span> <span class='ocrx_word' id='word_1_411' title='bbox 1846 2875 1940 2931; x_wconf 67' lang='grc' dir='ltr'><strong>οὒ·-</strong></span> 
     </span>
    </p>
   </div>
   <div class='ocr_carea' id='block_1_55' title="bbox 287 2959 1934 3043">
    <p class='ocr_par' dir='ltr' id='par_1_55' title="bbox 287 2959 1934 3043">
     <span class='ocr_line' id='line_1_55' title="bbox 287 2959 1934 3043; baseline 0.004 -31"><span class='ocrx_word' id='word_1_412' title='bbox 287 2966 473 3034; x_wconf 76' lang='grc' dir='ltr'>ρανοῦ,</span> <span class='ocrx_word' id='word_1_413' title='bbox 534 2963 580 3016; x_wconf 78' lang='grc' dir='ltr'>οἱ</span> <span class='ocrx_word' id='word_1_414' title='bbox 649 2959 891 3037; x_wconf 80' lang='grc' dir='ltr'>δαίμονες</span> <span class='ocrx_word' id='word_1_415' title='bbox 948 2960 1091 3039; x_wconf 77' lang='grc' dir='ltr'>λέγω</span> <span class='ocrx_word' id='word_1_416' title='bbox 1148 2963 1215 3018; x_wconf 71' lang='lat' dir='ltr'><strong>ol‘</strong></span> <span class='ocrx_word' id='word_1_417' title='bbox 1247 2961 1340 3017; x_wconf 80' lang='grc' dir='ltr'><strong>τὸν</strong></span> <span class='ocrx_word' id='word_1_418' title='bbox 1397 2960 1523 3037; x_wconf 62' lang='grc' dir='ltr'>ἁτέρα</span> <span class='ocrx_word' id='word_1_419' title='bbox 1587 2961 1934 3043; x_wconf 78' lang='grc' dir='ltr'>κατέχοντες,</span> 
     </span>
    </p>
   </div>
   <div class='ocr_carea' id='block_1_56' title="bbox 2022 2412 3680 2495">
    <p class='ocr_par' dir='ltr' id='par_1_56' title="bbox 2022 2412 3680 2495">
     <span class='ocr_line' id='line_1_56' title="bbox 2022 2412 3680 2495; baseline 0.003 -25"><span class='ocrx_word' id='word_1_420' title='bbox 2022 2418 2220 2472; x_wconf 79' lang='lat' dir='ltr'><strong>autem</strong></span> <span class='ocrx_word' id='word_1_421' title='bbox 2252 2412 2493 2475; x_wconf 86' lang='lat' dir='ltr'><strong>semen?</strong></span> <span class='ocrx_word' id='word_1_422' title='bbox 2512 2412 2793 2491; x_wconf 80' lang='lat' dir='ltr'><strong>Nunquid</strong></span> <span class='ocrx_word' id='word_1_423' title='bbox 2826 2414 3032 2483; x_wconf 66' lang='lat' dir='ltr'><strong>Hosis?</strong></span> <span class='ocrx_word' id='word_1_424' title='bbox 3063 2414 3330 2495; x_wconf 91' lang='lat' dir='ltr'><strong>nunquid</strong></span> <span class='ocrx_word' id='word_1_425' title='bbox 3356 2416 3680 2495; x_wconf 84' lang='lat' dir='ltr'><strong>prOpheta-</strong></span> 
     </span>
    </p>
   </div>
   <div class='ocr_carea' id='block_1_57' title="bbox 2024 2500 3681 2582">
    <p class='ocr_par' dir='ltr' id='par_1_57' title="bbox 2024 2500 3681 2582">
     <span class='ocr_line' id='line_1_57' title="bbox 2024 2500 3681 2582; baseline 0.004 -23"><span class='ocrx_word' id='word_1_426' title='bbox 2024 2500 2189 2561; x_wconf 77' lang='lat' dir='ltr'><strong>rum?</strong></span> <span class='ocrx_word' id='word_1_427' title='bbox 2244 2502 2398 2575; x_wconf 91' lang='lat' dir='ltr'><strong>Non,</strong></span> <span class='ocrx_word' id='word_1_428' title='bbox 2452 2503 2554 2563; x_wconf 84' lang='lat' dir='ltr'><strong>sed</strong></span> <span class='ocrx_word' id='word_1_429' title='bbox 2616 2522 2815 2579; x_wconf 89' lang='lat' dir='ltr'><strong>suum,</strong></span> <span class='ocrx_word' id='word_1_430' title='bbox 2872 2504 2986 2566; x_wconf 92' lang='lat' dir='ltr'><strong>hoc</strong></span> <span class='ocrx_word' id='word_1_431' title='bbox 3049 2512 3137 2565; x_wconf 86' lang='lat' dir='ltr'><strong>est</strong></span> <span class='ocrx_word' id='word_1_432' title='bbox 3189 2511 3249 2565; x_wconf 90' lang='lat' dir='ltr'><strong>ut</strong></span> <span class='ocrx_word' id='word_1_433' title='bbox 3296 2503 3681 2582; x_wconf 84' lang='lat' dir='ltr'><strong>Evangelium</strong></span> 
     </span>
    </p>
   </div>
   <div class='ocr_carea' id='block_1_58' title="bbox 2024 2594 3681 2675">
    <p class='ocr_par' dir='ltr' id='par_1_58' title="bbox 2024 2594 3681 2675">
     <span class='ocr_line' id='line_1_58' title="bbox 2024 2594 3681 2675; baseline 0.004 -22"><span class='ocrx_word' id='word_1_434' title='bbox 2024 2610 2198 2654; x_wconf 75' lang='lat' dir='ltr'><strong>suum</strong></span> <span class='ocrx_word' id='word_1_435' title='bbox 2233 2594 2536 2675; x_wconf 64' lang='lat' dir='ltr'><strong>praedicet.</strong></span> <span class='ocrx_word' id='word_1_436' title='bbox 2576 2595 2679 2657; x_wconf 90' lang='lat' dir='ltr'><strong>Ille</strong></span> <span class='ocrx_word' id='word_1_437' title='bbox 2732 2596 2909 2674; x_wconf 83' lang='lat' dir='ltr'><strong>igitur</strong></span> <span class='ocrx_word' id='word_1_438' title='bbox 2945 2595 3278 2661; x_wconf 88' lang='lat' dir='ltr'><strong>seminavit.</strong></span> <span class='ocrx_word' id='word_1_439' title='bbox 3315 2594 3443 2659; x_wconf 84' lang='lat' dir='ltr'><strong>Jam</strong></span> <span class='ocrx_word' id='word_1_440' title='bbox 3477 2614 3681 2659; x_wconf 88' lang='lat' dir='ltr'><strong>semen</strong></span> 
     </span>
    </p>
   </div>
   <div class='ocr_carea' id='block_1_59' title="bbox 2022 2682 3686 2747">
    <p class='ocr_par' dir='ltr' id='par_1_59' title="bbox 2022 2682 3686 2747">
     <span class='ocr_line' id='line_1_59' title="bbox 2022 2682 3686 2747; baseline 0.004 -6"><span class='ocrx_word' id='word_1_441' title='bbox 2022 2682 2178 2743; x_wconf 90' lang='lat' dir='ltr'><strong>aliud</strong></span> <span class='ocrx_word' id='word_1_442' title='bbox 2209 2684 2265 2744; x_wconf 92' lang='lat' dir='ltr'><strong>in</strong></span> <span class='ocrx_word' id='word_1_443' title='bbox 2294 2685 2549 2746; x_wconf 88' lang='lat' dir='ltr'><strong>animam</strong></span> <span class='ocrx_word' id='word_1_444' title='bbox 2575 2707 2609 2745; x_wconf 76' lang='grc' dir='ltr'>ει</span> <span class='ocrx_word' id='word_1_445' title='bbox 2637 2686 2838 2747; x_wconf 88' lang='lat' dir='ltr'><strong>multis</strong></span> <span class='ocrx_word' id='word_1_446' title='bbox 2873 2687 3283 2747; x_wconf 88' lang='lat' dir='ltr'><strong>conculcatam</strong></span> <span class='ocrx_word' id='word_1_447' title='bbox 3329 2685 3585 2746; x_wconf 88' lang='lat' dir='ltr'><strong>cecidit:</strong></span> <span class='ocrx_word' id='word_1_448' title='bbox 3623 2694 3686 2747; x_wconf 91' lang='lat' dir='ltr'><strong>et</strong></span> 
     </span>
    </p>
   </div>
   <div class='ocr_carea' id='block_1_60' title="bbox 2023 2773 3677 2857">
    <p class='ocr_par' dir='ltr' id='par_1_60' title="bbox 2023 2773 3677 2857">
     <span class='ocr_line' id='line_1_60' title="bbox 2023 2773 3677 2857; baseline 0.004 -26"><span class='ocrx_word' id='word_1_449' title='bbox 2023 2773 2283 2835; x_wconf 71' lang='lat' dir='ltr'><strong>volatilia</strong></span> <span class='ocrx_word' id='word_1_450' title='bbox 2300 2775 2772 2856; x_wconf 69' lang='lat' dir='ltr'><strong>cmli,daemones</strong></span> <span class='ocrx_word' id='word_1_451' title='bbox 2796 2776 3068 2857; x_wconf 86' lang='lat' dir='ltr'><strong>dico,qui</strong></span> <span class='ocrx_word' id='word_1_452' title='bbox 3094 2796 3295 2838; x_wconf 91' lang='lat' dir='ltr'><strong>aerem</strong></span> <span class='ocrx_word' id='word_1_453' title='bbox 3322 2776 3677 2853; x_wconf 86' lang='lat' dir='ltr'><strong>inhabitant,</strong></span> 
     </span>
    </p>
   </div>
   <div class='ocr_carea' id='block_1_61' title="bbox 2022 2863 3678 2947">
    <p class='ocr_par' dir='ltr' id='par_1_61' title="bbox 2022 2863 3678 2947">
     <span class='ocr_line' id='line_1_61' title="bbox 2022 2863 3678 2947; baseline 0.003 -25"><span class='ocrx_word' id='word_1_454' title='bbox 2022 2863 2414 2925; x_wconf 82' lang='lat' dir='ltr'><strong>comederunt</strong></span> <span class='ocrx_word' id='word_1_455' title='bbox 2435 2864 2848 2928; x_wconf 87' lang='lat' dir='ltr'><strong>semen.Tales</strong></span> <span class='ocrx_word' id='word_1_456' title='bbox 2871 2866 3030 2926; x_wconf 89' lang='lat' dir='ltr'><strong>enim</strong></span> <span class='ocrx_word' id='word_1_457' title='bbox 3049 2874 3187 2927; x_wconf 89' lang='lat' dir='ltr'><strong>sunt</strong></span> <span class='ocrx_word' id='word_1_458' title='bbox 3211 2866 3312 2947; x_wconf 92' lang='lat' dir='ltr'><strong>qui</strong></span> <span class='ocrx_word' id='word_1_459' title='bbox 3335 2866 3678 2927; x_wconf 87' lang='lat' dir='ltr'><strong>hominibus</strong></span> 
     </span>
    </p>
   </div>
   <div class='ocr_carea' id='block_1_62' title="bbox 2024 2951 3672 3030">
    <p class='ocr_par' dir='ltr' id='par_1_62' title="bbox 2024 2951 3672 3030">
     <span class='ocr_line' id='line_1_62' title="bbox 2024 2951 3672 3030; baseline 0.004 -19"><span class='ocrx_word' id='word_1_460' title='bbox 2024 2951 2258 3030; x_wconf 87' lang='lat' dir='ltr'><strong>placere</strong></span> <span class='ocrx_word' id='word_1_461' title='bbox 2308 2954 2530 3028; x_wconf 89' lang='lat' dir='ltr'><strong>volunt,</strong></span> <span class='ocrx_word' id='word_1_462' title='bbox 2565 2956 2654 3016; x_wconf 89' lang='lat' dir='ltr'><strong>via</strong></span> <span class='ocrx_word' id='word_1_463' title='bbox 2703 2956 2933 3016; x_wconf 88' lang='lat' dir='ltr'><strong>scilicet</strong></span> <span class='ocrx_word' id='word_1_464' title='bbox 2966 2956 3317 3018; x_wconf 87' lang='lat' dir='ltr'><strong>conculcata</strong></span> <span class='ocrx_word' id='word_1_465' title='bbox 3357 2974 3391 3016; x_wconf 89' lang='lat' dir='ltr'><strong>a</strong></span> <span class='ocrx_word' id='word_1_466' title='bbox 3424 2954 3626 3016; x_wconf 91' lang='lat' dir='ltr'><strong>multis</strong></span> <span class='ocrx_word' id='word_1_467' title='bbox 3660 2973 3672 3017; x_wconf 90' lang='lat'>:</span> 
     </span>
    </p>
   </div>
   <div class='ocr_carea' id='block_1_63' title="bbox 284 3041 1940 3132">
    <p class='ocr_par' dir='ltr' id='par_1_63' title="bbox 284 3041 1939 3132">
     <span class='ocr_line' id='line_1_63' title="bbox 284 3041 1939 3132; baseline 0.005 -29"><span class='ocrx_word' id='word_1_468' title='bbox 284 3046 593 3129; x_wconf 71' lang='grc' dir='ltr'>κατέφαγον</span> <span class='ocrx_word' id='word_1_469' title='bbox 625 3052 715 3106; x_wconf 85' lang='grc' dir='ltr'><strong>τὸν</strong></span> <span class='ocrx_word' id='word_1_470' title='bbox 746 3055 966 3130; x_wconf 83' lang='grc' dir='ltr'>σπόρον.</span> <span class='ocrx_word' id='word_1_471' title='bbox 1024 3058 1260 3109; x_wconf 77' lang='grc' dir='ltr'>Τοιοῦτοι</span> <span class='ocrx_word' id='word_1_472' title='bbox 1319 3050 1418 3129; x_wconf 80' lang='grc' dir='ltr'><strong>γὰρ</strong></span> <span class='ocrx_word' id='word_1_473' title='bbox 1473 3054 1601 3108; x_wconf 73' lang='grc' dir='ltr'>εἶσιν</span> <span class='ocrx_word' id='word_1_474' title='bbox 1630 3055 1677 3109; x_wconf 78' lang='grc' dir='ltr'>οἱ</span> <span class='ocrx_word' id='word_1_475' title='bbox 1722 3041 1939 3132; x_wconf 18' lang='grc' dir='ltr'>ῄᾶνθρω-</span> 
     </span>
    </p>
   </div>
   <div class='ocr_carea' id='block_1_64' title="bbox 2025 3041 3679 3132">
    <p class='ocr_par' dir='ltr' id='par_1_64' title="bbox 2025 3041 3679 3132">
     <span class='ocr_line' id='line_1_64' title="bbox 2025 3041 3679 3132; baseline 0.004 -33"><span class='ocrx_word' id='word_1_476' title='bbox 2025 3041 2280 3132; x_wconf 12' lang='lat' dir='ltr'><strong>quando,</strong></span> <span class='ocrx_word' id='word_1_477' title='bbox 2309 3044 2469 3103; x_wconf 90' lang='lat' dir='ltr'><strong>enim</strong></span> <span class='ocrx_word' id='word_1_478' title='bbox 2513 3043 2645 3132; x_wconf 92' lang='lat' dir='ltr'><strong>quis</strong></span> <span class='ocrx_word' id='word_1_479' title='bbox 2677 3042 2877 3103; x_wconf 88' lang='lat' dir='ltr'><strong>omnia</strong></span> <span class='ocrx_word' id='word_1_480' title='bbox 2908 3042 3047 3103; x_wconf 78' lang='lat' dir='ltr'><strong>facit</strong></span> <span class='ocrx_word' id='word_1_481' title='bbox 3077 3044 3308 3132; x_wconf 17' lang='lat' dir='ltr'><strong>utihuic</strong></span> <span class='ocrx_word' id='word_1_482' title='bbox 3340 3051 3398 3104; x_wconf 90' lang='lat' dir='ltr'><strong>et</strong></span> <span class='ocrx_word' id='word_1_483' title='bbox 3424 3042 3510 3105; x_wconf 89' lang='lat' dir='ltr'><strong>illi</strong></span> <span class='ocrx_word' id='word_1_484' title='bbox 3543 3043 3679 3123; x_wconf 89' lang='lat' dir='ltr'><strong>pla-</strong></span> 
     </span>
    </p>
   </div>
   <div class='ocr_carea' id='block_1_65' title="bbox 283 3137 1938 3219">
    <p class='ocr_par' dir='ltr' id='par_1_65' title="bbox 283 3137 1938 3219">
     <span class='ocr_line' id='line_1_65' title="bbox 283 3137 1938 3219; baseline 0.002 -26"><span class='ocrx_word' id='word_1_485' title='bbox 283 3138 566 3219; x_wconf 70' lang='grc' dir='ltr'>πάρετικοι,</span> <span class='ocrx_word' id='word_1_486' title='bbox 614 3137 732 3203; x_wconf 69' lang='grc' dir='ltr'>ὁδὸς</span> <span class='ocrx_word' id='word_1_487' title='bbox 791 3139 1284 3216; x_wconf 74' lang='grc' dir='ltr'>καταπεπατημένη</span> <span class='ocrx_word' id='word_1_488' title='bbox 1339 3141 1442 3196; x_wconf 78' lang='grc' dir='ltr'>ὑπὸ</span> <span class='ocrx_word' id='word_1_489' title='bbox 1510 3139 1725 3198; x_wconf 77' lang='grc' dir='ltr'>πολλῶν</span> <span class='ocrx_word' id='word_1_490' title='bbox 1750 3157 1766 3174; x_wconf 85' lang='grc'><strong>⁹</strong></span> <span class='ocrx_word' id='word_1_491' title='bbox 1814 3141 1938 3199; x_wconf 78' lang='grc' dir='ltr'>ὅταν</span> 
     </span>
    </p>
   </div>
   <div class='ocr_carea' id='block_1_66' title="bbox 282 3226 1936 3310">
    <p class='ocr_par' dir='ltr' id='par_1_66' title="bbox 282 3226 1936 3310">
     <span class='ocr_line' id='line_1_66' title="bbox 282 3226 1936 3310; baseline 0.004 -28"><span class='ocrx_word' id='word_1_492' title='bbox 282 3226 386 3304; x_wconf 74' lang='grc' dir='ltr'><strong>γάρ</strong></span> <span class='ocrx_word' id='word_1_493' title='bbox 445 3250 526 3291; x_wconf 83' lang='grc' dir='ltr'><strong>τις</strong></span> <span class='ocrx_word' id='word_1_494' title='bbox 584 3230 756 3287; x_wconf 80' lang='grc' dir='ltr'>πάντα</span> <span class='ocrx_word' id='word_1_495' title='bbox 797 3230 1005 3306; x_wconf 80' lang='grc' dir='ltr'>πράττῃ</span> <span class='ocrx_word' id='word_1_496' title='bbox 1062 3230 1195 3308; x_wconf 80' lang='grc' dir='ltr'>πρὸς</span> <span class='ocrx_word' id='word_1_497' title='bbox 1248 3230 1309 3286; x_wconf 86' lang='grc' dir='ltr'>τὸ</span> <span class='ocrx_word' id='word_1_498' title='bbox 1365 3229 1576 3310; x_wconf 54' lang='grc' dir='ltr'><strong>ἇιρέσαιΔ</strong></span> <span class='ocrx_word' id='word_1_499' title='bbox 1604 3228 1796 3308; x_wconf 67' lang='grc' dir='ltr'>τούτῳ,</span> <span class='ocrx_word' id='word_1_500' title='bbox 1843 3232 1936 3289; x_wconf 78' lang='grc' dir='ltr'><strong>κά-</strong></span> 
     </span>
    </p>
   </div>
   <div class='ocr_carea' id='block_1_67' title="bbox 284 3307 1937 3398">
    <p class='ocr_par' dir='ltr' id='par_1_67' title="bbox 284 3307 1937 3398">
     <span class='ocr_line' id='line_1_67' title="bbox 284 3307 1937 3398; baseline 0.005 -29"><span class='ocrx_word' id='word_1_501' title='bbox 284 3317 461 3390; x_wconf 67' lang='grc' dir='ltr'>κείνῳ,</span> <span class='ocrx_word' id='word_1_502' title='bbox 514 3320 664 3381; x_wconf 78' lang='grc' dir='ltr'>οὗτος</span> <span class='ocrx_word' id='word_1_503' title='bbox 694 3332 1083 3375; x_wconf 56' lang='grc' dir='ltr'>καταπατεῖται</span> <span class='ocrx_word' id='word_1_504' title='bbox 1113 3319 1216 3375; x_wconf 80' lang='grc' dir='ltr'><strong>ὑπὸ</strong></span> <span class='ocrx_word' id='word_1_505' title='bbox 1263 3317 1502 3381; x_wconf 83' lang='grc' dir='ltr'>πολλῶν,</span> <span class='ocrx_word' id='word_1_506' title='bbox 1541 3307 1684 3398; x_wconf 69' lang='grc' dir='ltr'><strong>υθρα</strong></span> <span class='ocrx_word' id='word_1_507' title='bbox 1708 3317 1770 3376; x_wconf 72' lang='grc' dir='ltr'><strong>δέ</strong></span> <span class='ocrx_word' id='word_1_508' title='bbox 1796 3337 1810 3351; x_wconf 87' lang='grc'>⁶</span> <span class='ocrx_word' id='word_1_509' title='bbox 1844 3323 1937 3379; x_wconf 72' lang='grc' dir='ltr'><strong>οὐκ</strong></span> 
     </span>
    </p>
   </div>
   <div class='ocr_carea' id='block_1_68' title="bbox 281 3398 1932 3487">
    <p class='ocr_par' dir='ltr' id='par_1_68' title="bbox 281 3398 1932 3487">
     <span class='ocr_line' id='line_1_68' title="bbox 281 3398 1932 3487; baseline 0.003 -26"><span class='ocrx_word' id='word_1_510' title='bbox 281 3406 441 3487; x_wconf 73' lang='grc' dir='ltr'>εἶπεν</span> <span class='ocrx_word' id='word_1_511' title='bbox 468 3407 549 3463; x_wconf 82' lang='grc' dir='ltr'>ὅτι</span> <span class='ocrx_word' id='word_1_512' title='bbox 580 3398 848 3487; x_wconf 68' lang='grc' dir='ltr'>’Ἑῤῥιψεν</span> <span class='ocrx_word' id='word_1_513' title='bbox 892 3410 1020 3469; x_wconf 72' lang='grc' dir='ltr'>αὐτὸ</span> <span class='ocrx_word' id='word_1_514' title='bbox 1076 3407 1163 3466; x_wconf 72' lang='grc' dir='ltr'>ἐπὶ</span> <span class='ocrx_word' id='word_1_515' title='bbox 1210 3409 1311 3477; x_wconf 80' lang='grc' dir='ltr'><strong>τὴν</strong></span> <span class='ocrx_word' id='word_1_516' title='bbox 1342 3407 1483 3485; x_wconf 67' lang='grc' dir='ltr'><strong>ξοδδ-ι,</strong></span> <span class='ocrx_word' id='word_1_517' title='bbox 1516 3408 1638 3466; x_wconf 80' lang='grc' dir='ltr'>ἀλλ’</span> <span class='ocrx_word' id='word_1_518' title='bbox 1670 3408 1932 3474; x_wconf 83' lang='grc' dir='ltr'>”Επεσεν,</span> 
     </span>
    </p>
   </div>
   <div class='ocr_carea' id='block_1_69' title="bbox 284 3486 1933 3580">
    <p class='ocr_par' dir='ltr' id='par_1_69' title="bbox 284 3486 1933 3580">
     <span class='ocr_line' id='line_1_69' title="bbox 284 3486 1933 3580; baseline 0.004 -27"><span class='ocrx_word' id='word_1_519' title='bbox 284 3486 342 3554; x_wconf 74' lang='grc' dir='ltr'><strong>Ὀ</strong></span> <span class='ocrx_word' id='word_1_520' title='bbox 404 3498 503 3572; x_wconf 71' lang='grc' dir='ltr'><strong>μὲν</strong></span> <span class='ocrx_word' id='word_1_521' title='bbox 560 3486 673 3577; x_wconf 73' lang='grc' dir='ltr'><strong>γὰρ</strong></span> <span class='ocrx_word' id='word_1_522' title='bbox 732 3499 982 3578; x_wconf 79' lang='grc' dir='ltr'>σπείρων,</span> <span class='ocrx_word' id='word_1_523' title='bbox 1068 3501 1141 3565; x_wconf 83' lang='grc' dir='ltr'><strong>ὡς</strong></span> <span class='ocrx_word' id='word_1_524' title='bbox 1194 3501 1270 3563; x_wconf 79' lang='grc' dir='ltr'><strong>είς</strong></span> <span class='ocrx_word' id='word_1_525' title='bbox 1328 3499 1535 3578; x_wconf 74' lang='grc' dir='ltr'>ἀγαθὴν</span> <span class='ocrx_word' id='word_1_526' title='bbox 1586 3500 1686 3579; x_wconf 76' lang='grc' dir='ltr'><strong>γῆν</strong></span> <span class='ocrx_word' id='word_1_527' title='bbox 1741 3502 1933 3580; x_wconf 78' lang='grc' dir='ltr'>ῥίπτει,</span> 
     </span>
    </p>
   </div>
   <div class='ocr_carea' id='block_1_70' title="bbox 278 3585 1936 3673">
    <p class='ocr_par' dir='ltr' id='par_1_70' title="bbox 278 3585 1936 3673">
     <span class='ocr_line' id='line_1_70' title="bbox 278 3585 1936 3673; baseline 0.005 -32"><span class='ocrx_word' id='word_1_528' title='bbox 278 3585 460 3653; x_wconf 65' lang='grc' dir='ltr'>ἐκείνη</span> <span class='ocrx_word' id='word_1_529' title='bbox 506 3585 560 3644; x_wconf 75' lang='grc' dir='ltr'><strong>δὲ</strong></span> <span class='ocrx_word' id='word_1_530' title='bbox 614 3590 823 3669; x_wconf 80' lang='grc' dir='ltr'>πονηρὰ</span> <span class='ocrx_word' id='word_1_531' title='bbox 878 3588 1254 3669; x_wconf 69' lang='grc' dir='ltr'>εὑρισκομένη,</span> <span class='ocrx_word' id='word_1_532' title='bbox 1316 3590 1508 3669; x_wconf 75' lang='grc' dir='ltr'>φθείρει</span> <span class='ocrx_word' id='word_1_533' title='bbox 1568 3590 1657 3646; x_wconf 80' lang='grc' dir='ltr'><strong>τὸν</strong></span> <span class='ocrx_word' id='word_1_534' title='bbox 1714 3591 1936 3673; x_wconf 81' lang='grc' dir='ltr'>σπόρον,</span> 
     </span>
    </p>
   </div>
   <div class='ocr_carea' id='block_1_71' title="bbox 278 3674 1937 3763">
    <p class='ocr_par' dir='ltr' id='par_1_71' title="bbox 278 3674 1937 3763">
     <span class='ocr_line' id='line_1_71' title="bbox 278 3674 1937 3763; baseline 0.004 -33"><span class='ocrx_word' id='word_1_535' title='bbox 278 3674 402 3743; x_wconf 74' lang='grc' dir='ltr'>ἤτοι</span> <span class='ocrx_word' id='word_1_536' title='bbox 460 3678 551 3732; x_wconf 83' lang='grc' dir='ltr'><strong>τὸν</strong></span> <span class='ocrx_word' id='word_1_537' title='bbox 610 3675 791 3757; x_wconf 91' lang='grc' dir='ltr'>λόγον.</span> <span class='ocrx_word' id='word_1_538' title='bbox 857 3681 1007 3742; x_wconf 66' lang='grc' dir='ltr'>Τινᾶς</span> <span class='ocrx_word' id='word_1_539' title='bbox 1065 3676 1119 3734; x_wconf 80' lang='grc' dir='ltr'><strong>δὲ</strong></span> <span class='ocrx_word' id='word_1_540' title='bbox 1178 3680 1240 3735; x_wconf 76' lang='grc' dir='ltr'><strong>τὸ</strong></span> <span class='ocrx_word' id='word_1_541' title='bbox 1298 3678 1447 3755; x_wconf 79' lang='grc' dir='ltr'>Παρὰ</span> <span class='ocrx_word' id='word_1_542' title='bbox 1476 3680 1576 3746; x_wconf 77' lang='grc' dir='ltr'>τὴν</span> <span class='ocrx_word' id='word_1_543' title='bbox 1606 3676 1725 3736; x_wconf 79' lang='grc' dir='ltr'>ὁδὸν</span> <span class='ocrx_word' id='word_1_544' title='bbox 1754 3679 1937 3763; x_wconf 73' lang='grc' dir='ltr'>ἔπεσε,</span> 
     </span>
    </p>
   </div>
   <div class='ocr_carea' id='block_1_72' title="bbox 275 3764 1932 3849">
    <p class='ocr_par' dir='ltr' id='par_1_72' title="bbox 275 3764 1932 3849">
     <span class='ocr_line' id='line_1_72' title="bbox 275 3764 1932 3849; baseline 0.005 -29"><span class='ocrx_word' id='word_1_545' title='bbox 275 3764 579 3845; x_wconf 71' lang='grc' dir='ltr'>χαριέντως</span> <span class='ocrx_word' id='word_1_546' title='bbox 636 3767 887 3847; x_wconf 69' lang='grc' dir='ltr'>ἐνόησαν,</span> <span class='ocrx_word' id='word_1_547' title='bbox 955 3767 1035 3824; x_wconf 79' lang='grc' dir='ltr'><strong>ὅτι</strong></span> <span class='ocrx_word' id='word_1_548' title='bbox 1067 3768 1256 3826; x_wconf 65' lang='grc' dir='ltr'>ἔπεσεν</span> <span class='ocrx_word' id='word_1_549' title='bbox 1299 3769 1372 3831; x_wconf 79' lang='grc' dir='ltr'><strong>εἰς</strong></span> <span class='ocrx_word' id='word_1_550' title='bbox 1402 3767 1627 3825; x_wconf 74' lang='grc' dir='ltr'>ἄπιστον</span> <span class='ocrx_word' id='word_1_551' title='bbox 1668 3767 1880 3849; x_wconf 79' lang='grc' dir='ltr'>καρδίαν</span> <span class='ocrx_word' id='word_1_552' title='bbox 1915 3787 1932 3804; x_wconf 87' lang='grc'><strong>⁹</strong></span> 
     </span>
    </p>
   </div>
   <div class='ocr_carea' id='block_1_73' title="bbox 271 3853 1939 3937">
    <p class='ocr_par' dir='ltr' id='par_1_73' title="bbox 271 3853 1939 3937">
     <span class='ocr_line' id='line_1_73' title="bbox 271 3853 1939 3937; baseline 0.004 -27"><span class='ocrx_word' id='word_1_553' title='bbox 271 3853 397 3918; x_wconf 79' lang='grc' dir='ltr'>ὁδὸς</span> <span class='ocrx_word' id='word_1_554' title='bbox 455 3855 555 3929; x_wconf 70' lang='grc' dir='ltr'><strong>μὲν</strong></span> <span class='ocrx_word' id='word_1_555' title='bbox 602 3856 701 3935; x_wconf 73' lang='grc' dir='ltr'><strong>γὰρ</strong></span> <span class='ocrx_word' id='word_1_556' title='bbox 733 3859 760 3914; x_wconf 91' lang='lat'><strong>6</strong></span> <span class='ocrx_word' id='word_1_557' title='bbox 812 3858 1036 3937; x_wconf 81' lang='grc' dir='ltr'>Χριστός</span> <span class='ocrx_word' id='word_1_558' title='bbox 1072 3876 1089 3894; x_wconf 80' lang='grc'><strong><em>⁸</em></strong></span> <span class='ocrx_word' id='word_1_559' title='bbox 1146 3858 1291 3934; x_wconf 81' lang='grc' dir='ltr'>παρὰ</span> <span class='ocrx_word' id='word_1_560' title='bbox 1331 3858 1429 3926; x_wconf 78' lang='grc' dir='ltr'><strong>τὴν</strong></span> <span class='ocrx_word' id='word_1_561' title='bbox 1459 3856 1579 3914; x_wconf 81' lang='grc' dir='ltr'>ὁδὸν</span> <span class='ocrx_word' id='word_1_562' title='bbox 1622 3856 1679 3916; x_wconf 76' lang='grc' dir='ltr'><strong>δέ</strong></span> <span class='ocrx_word' id='word_1_563' title='bbox 1730 3861 1862 3917; x_wconf 84' lang='grc' dir='ltr'>εἰσιν</span> <span class='ocrx_word' id='word_1_564' title='bbox 1890 3864 1939 3917; x_wconf 69' lang='grc' dir='ltr'>οἱ</span> 
     </span>
    </p>
   </div>
   <div class='ocr_carea' id='block_1_74' title="bbox 275 3938 1938 4029">
    <p class='ocr_par' dir='ltr' id='par_1_74' title="bbox 275 3938 1938 4029">
     <span class='ocr_line' id='line_1_74' title="bbox 275 3938 1938 4029; baseline 0.005 -30"><span class='ocrx_word' id='word_1_565' title='bbox 275 3944 515 4020; x_wconf 71' lang='grc' dir='ltr'>ἄπιστοι,</span> <span class='ocrx_word' id='word_1_566' title='bbox 549 3950 596 4005; x_wconf 76' lang='grc' dir='ltr'>οἱ</span> <span class='ocrx_word' id='word_1_567' title='bbox 632 3946 731 4013; x_wconf 78' lang='grc' dir='ltr'><strong>ἔξω</strong></span> <span class='ocrx_word' id='word_1_568' title='bbox 757 3952 857 4017; x_wconf 75' lang='grc' dir='ltr'>τῆς</span> <span class='ocrx_word' id='word_1_569' title='bbox 889 3946 1032 4029; x_wconf 75' lang='grc' dir='ltr'>ὁδοῦ,</span> <span class='ocrx_word' id='word_1_570' title='bbox 1075 3947 1315 4005; x_wconf 76' lang='grc' dir='ltr'>τουτέστι</span> <span class='ocrx_word' id='word_1_571' title='bbox 1358 3954 1450 4004; x_wconf 82' lang='grc' dir='ltr'>τοῦ</span> <span class='ocrx_word' id='word_1_572' title='bbox 1474 3954 1725 4027; x_wconf 79' lang='grc' dir='ltr'>Χριστοῦ.</span> <span class='ocrx_word' id='word_1_573' title='bbox 1753 3938 1938 4008; x_wconf 63' lang='grc' dir='ltr'>’Ἄλλο</span> 
     </span>
    </p>
   </div>
   <div class='ocr_carea' id='block_1_75' title="bbox 273 4034 1939 4119">
    <p class='ocr_par' dir='ltr' id='par_1_75' title="bbox 273 4034 1939 4119">
     <span class='ocr_line' id='line_1_75' title="bbox 273 4034 1939 4119; baseline 0.002 -28"><span class='ocrx_word' id='word_1_574' title='bbox 273 4034 328 4091; x_wconf 79' lang='grc' dir='ltr'><strong>δέ</strong></span> <span class='ocrx_word' id='word_1_575' title='bbox 389 4040 571 4093; x_wconf 76' lang='grc' dir='ltr'>πίπτει</span> <span class='ocrx_word' id='word_1_576' title='bbox 628 4037 714 4095; x_wconf 73' lang='grc' dir='ltr'><strong>ἐπὶ</strong></span> <span class='ocrx_word' id='word_1_577' title='bbox 773 4042 961 4118; x_wconf 74' lang='grc' dir='ltr'>ψυχὴν</span> <span class='ocrx_word' id='word_1_578' title='bbox 1019 4036 1263 4117; x_wconf 80' lang='grc' dir='ltr'>πετρώδη</span> <span class='ocrx_word' id='word_1_579' title='bbox 1298 4052 1312 4067; x_wconf 90' lang='grc'>⁶</span> <span class='ocrx_word' id='word_1_580' title='bbox 1354 4037 1477 4101; x_wconf 82' lang='grc' dir='ltr'>τοὺς</span> <span class='ocrx_word' id='word_1_581' title='bbox 1531 4036 1764 4103; x_wconf 71' lang='grc' dir='ltr'>εὐκόλως</span> <span class='ocrx_word' id='word_1_582' title='bbox 1795 4036 1939 4119; x_wconf 75' lang='grc' dir='ltr'>λέγω</span> 
     </span>
    </p>
   </div>
   <div class='ocr_carea' id='block_1_76' title="bbox 272 4125 1935 4207">
    <p class='ocr_par' dir='ltr' id='par_1_76' title="bbox 272 4125 1935 4207">
     <span class='ocr_line' id='line_1_76' title="bbox 272 4125 1935 4207; baseline 0.001 -24"><span class='ocrx_word' id='word_1_583' title='bbox 272 4125 634 4206; x_wconf 76' lang='grc' dir='ltr'>δεχομένους,</span> <span class='ocrx_word' id='word_1_584' title='bbox 696 4132 818 4185; x_wconf 82' lang='grc' dir='ltr'>εἶτα</span> <span class='ocrx_word' id='word_1_585' title='bbox 861 4125 1265 4188; x_wconf 72' lang='grc' dir='ltr'>ἀποϐάλλοντας</span> <span class='ocrx_word' id='word_1_586' title='bbox 1298 4146 1316 4164; x_wconf 81' lang='grc'>⁸</span> <span class='ocrx_word' id='word_1_587' title='bbox 1372 4140 1429 4184; x_wconf 85' lang='lat' dir='ltr'><strong>o’t</strong></span> <span class='ocrx_word' id='word_1_588' title='bbox 1471 4126 1758 4207; x_wconf 70' lang='grc' dir='ltr'>πετρώδεις</span> <span class='ocrx_word' id='word_1_589' title='bbox 1813 4130 1935 4203; x_wconf 73' lang='grc' dir='ltr'>εἰσὶ,</span> 
     </span>
    </p>
   </div>
   <div class='ocr_carea' id='block_1_77' title="bbox 273 4216 1938 4299">
    <p class='ocr_par' dir='ltr' id='par_1_77' title="bbox 273 4216 1938 4299">
     <span class='ocr_line' id='line_1_77' title="bbox 273 4216 1938 4299; baseline 0.001 -27"><span class='ocrx_word' id='word_1_590' title='bbox 273 4217 415 4273; x_wconf 70' lang='grc' dir='ltr'>κατά</span> <span class='ocrx_word' id='word_1_591' title='bbox 459 4240 510 4273; x_wconf 89' lang='grc' dir='ltr'><strong>τι</strong></span> <span class='ocrx_word' id='word_1_592' title='bbox 567 4220 758 4297; x_wconf 71' lang='grc' dir='ltr'>μικρὸι</span> <span class='ocrx_word' id='word_1_593' title='bbox 787 4218 1020 4283; x_wconf 68' lang='grc' dir='ltr'>ὶοικότες</span> <span class='ocrx_word' id='word_1_594' title='bbox 1063 4224 1131 4295; x_wconf 78' lang='grc' dir='ltr'><strong>τῇ</strong></span> <span class='ocrx_word' id='word_1_595' title='bbox 1175 4216 1360 4295; x_wconf 74' lang='grc' dir='ltr'>πέτρᾳ,</span> <span class='ocrx_word' id='word_1_596' title='bbox 1420 4223 1498 4291; x_wconf 86' lang='grc' dir='ltr'>τῷ</span> <span class='ocrx_word' id='word_1_597' title='bbox 1529 4223 1740 4295; x_wconf 79' lang='grc' dir='ltr'>Χριστῷ</span> <span class='ocrx_word' id='word_1_598' title='bbox 1758 4241 1938 4299; x_wconf 49' lang='grc' dir='ltr'>νιρημι,</span> 
     </span>
    </p>
   </div>
   <div class='ocr_carea' id='block_1_78' title="bbox 273 4305 1936 4386">
    <p class='ocr_par' dir='ltr' id='par_1_78' title="bbox 273 4305 1936 4386">
     <span class='ocr_line' id='line_1_78' title="bbox 273 4305 1936 4386; baseline 0 -23"><span class='ocrx_word' id='word_1_599' title='bbox 273 4309 408 4363; x_wconf 74' lang='grc' dir='ltr'>καθὸ</span> <span class='ocrx_word' id='word_1_600' title='bbox 460 4305 698 4373; x_wconf 76' lang='grc' dir='ltr'>ἐδέξαντο</span> <span class='ocrx_word' id='word_1_601' title='bbox 751 4310 845 4365; x_wconf 83' lang='grc' dir='ltr'>τὸν</span> <span class='ocrx_word' id='word_1_602' title='bbox 888 4306 1050 4385; x_wconf 89' lang='grc' dir='ltr'>λόγον</span> <span class='ocrx_word' id='word_1_603' title='bbox 1086 4323 1100 4338; x_wconf 85' lang='grc'><strong><em>⁸</em></strong></span> <span class='ocrx_word' id='word_1_604' title='bbox 1142 4308 1272 4364; x_wconf 82' lang='grc' dir='ltr'>καθὸ</span> <span class='ocrx_word' id='word_1_605' title='bbox 1306 4305 1362 4362; x_wconf 75' lang='grc' dir='ltr'><strong>δὲ</strong></span> <span class='ocrx_word' id='word_1_606' title='bbox 1417 4306 1549 4386; x_wconf 81' lang='grc' dir='ltr'>πρὸς</span> <span class='ocrx_word' id='word_1_607' title='bbox 1605 4308 1787 4386; x_wconf 78' lang='grc' dir='ltr'>καιρὸν</span> <span class='ocrx_word' id='word_1_608' title='bbox 1846 4305 1936 4363; x_wconf 83' lang='grc' dir='ltr'><strong>δέ-</strong></span> 
     </span>
    </p>
   </div>
   <div class='ocr_carea' id='block_1_79' title="bbox 2023 3130 3676 3212">
    <p class='ocr_par' dir='ltr' id='par_1_79' title="bbox 2023 3130 3676 3212">
     <span class='ocr_line' id='line_1_79' title="bbox 2023 3130 3676 3212; baseline 0.001 -22"><span class='ocrx_word' id='word_1_609' title='bbox 2023 3137 2152 3190; x_wconf 89' lang='lat' dir='ltr'><strong>ceat</strong></span> <span class='ocrx_word' id='word_1_610' title='bbox 2181 3138 2239 3189; x_wconf 87' lang='lat' dir='ltr'><strong>et</strong></span> <span class='ocrx_word' id='word_1_611' title='bbox 2267 3130 2378 3193; x_wconf 91' lang='lat' dir='ltr'><strong>iste</strong></span> <span class='ocrx_word' id='word_1_612' title='bbox 2406 3131 2659 3194; x_wconf 85' lang='lat' dir='ltr'><strong>amultis</strong></span> <span class='ocrx_word' id='word_1_613' title='bbox 2690 3132 3098 3194; x_wconf 88' lang='lat' dir='ltr'><strong>conculcatur.</strong></span> <span class='ocrx_word' id='word_1_614' title='bbox 3126 3131 3272 3194; x_wconf 90' lang='lat' dir='ltr'><strong>Vide</strong></span> <span class='ocrx_word' id='word_1_615' title='bbox 3300 3140 3497 3193; x_wconf 89' lang='lat' dir='ltr'><strong>autem</strong></span> <span class='ocrx_word' id='word_1_616' title='bbox 3521 3132 3676 3212; x_wconf 90' lang='lat' dir='ltr'><strong>quod</strong></span> 
     </span>
    </p>
   </div>
   <div class='ocr_carea' id='block_1_80' title="bbox 2022 3219 3673 3301">
    <p class='ocr_par' dir='ltr' id='par_1_80' title="bbox 2022 3219 3673 3301">
     <span class='ocr_line' id='line_1_80' title="bbox 2022 3219 3673 3301; baseline 0.003 -23"><span class='ocrx_word' id='word_1_617' title='bbox 2022 3235 2143 3280; x_wconf 91' lang='lat' dir='ltr'><strong>non</strong></span> <span class='ocrx_word' id='word_1_618' title='bbox 2160 3219 2381 3283; x_wconf 82' lang='lat' dir='ltr'><strong>dixerit</strong></span> <span class='ocrx_word' id='word_1_619' title='bbox 2394 3239 2457 3281; x_wconf 90' lang='lat' dir='ltr'><strong>se</strong></span> <span class='ocrx_word' id='word_1_620' title='bbox 2473 3221 2802 3301; x_wconf 88' lang='lat' dir='ltr'><strong>projecisse</strong></span> <span class='ocrx_word' id='word_1_621' title='bbox 2818 3221 2964 3282; x_wconf 90' lang='lat' dir='ltr'><strong>illud</strong></span> <span class='ocrx_word' id='word_1_622' title='bbox 2986 3221 3044 3281; x_wconf 91' lang='lat' dir='ltr'><strong>in</strong></span> <span class='ocrx_word' id='word_1_623' title='bbox 3059 3221 3344 3296; x_wconf 83' lang='lat' dir='ltr'><strong>viam,sed</strong></span> <span class='ocrx_word' id='word_1_624' title='bbox 3362 3221 3673 3284; x_wconf 89' lang='lat' dir='ltr'><strong>cecidisse.</strong></span> 
     </span>
    </p>
   </div>
   <div class='ocr_carea' id='block_1_81' title="bbox 2022 3305 3673 3391">
    <p class='ocr_par' dir='ltr' id='par_1_81' title="bbox 2022 3305 3673 3391">
     <span class='ocr_line' id='line_1_81' title="bbox 2022 3305 3673 3391; baseline 0.003 -23"><span class='ocrx_word' id='word_1_625' title='bbox 2022 3305 2169 3368; x_wconf 83' lang='lat' dir='ltr'><strong>Nam</strong></span> <span class='ocrx_word' id='word_1_626' title='bbox 2202 3310 2300 3389; x_wconf 90' lang='lat' dir='ltr'><strong>qui</strong></span> <span class='ocrx_word' id='word_1_627' title='bbox 2333 3310 2613 3391; x_wconf 86' lang='lat' dir='ltr'><strong>seminat,</strong></span> <span class='ocrx_word' id='word_1_628' title='bbox 2640 3328 2748 3371; x_wconf 91' lang='lat' dir='ltr'><strong>ceu</strong></span> <span class='ocrx_word' id='word_1_629' title='bbox 2775 3311 2834 3371; x_wconf 93' lang='lat' dir='ltr'><strong>in</strong></span> <span class='ocrx_word' id='word_1_630' title='bbox 2872 3320 3087 3373; x_wconf 88' lang='lat' dir='ltr'><strong>terram</strong></span> <span class='ocrx_word' id='word_1_631' title='bbox 3118 3310 3334 3372; x_wconf 90' lang='lat' dir='ltr'><strong>bonam</strong></span> <span class='ocrx_word' id='word_1_632' title='bbox 3388 3310 3624 3391; x_wconf 83' lang='lat' dir='ltr'><strong>projicit</strong></span> <span class='ocrx_word' id='word_1_633' title='bbox 3660 3333 3673 3373; x_wconf 91' lang='lat'><strong>:</strong></span> 
     </span>
    </p>
   </div>
   <div class='ocr_carea' id='block_1_82' title="bbox 2021 3398 3673 3481">
    <p class='ocr_par' dir='ltr' id='par_1_82' title="bbox 2021 3398 3673 3481">
     <span class='ocr_line' id='line_1_82' title="bbox 2021 3398 3673 3481; baseline 0.002 -24"><span class='ocrx_word' id='word_1_634' title='bbox 2021 3398 2122 3458; x_wconf 92' lang='lat' dir='ltr'><strong>illa</strong></span> <span class='ocrx_word' id='word_1_635' title='bbox 2151 3408 2348 3460; x_wconf 88' lang='lat' dir='ltr'><strong>autem</strong></span> <span class='ocrx_word' id='word_1_636' title='bbox 2383 3400 2439 3460; x_wconf 78' lang='lat' dir='ltr'><strong>si</strong></span> <span class='ocrx_word' id='word_1_637' title='bbox 2464 3400 2702 3461; x_wconf 90' lang='lat' dir='ltr'><strong>inventa</strong></span> <span class='ocrx_word' id='word_1_638' title='bbox 2730 3399 2906 3461; x_wconf 78' lang='lat' dir='ltr'><strong>fuerit</strong></span> <span class='ocrx_word' id='word_1_639' title='bbox 2930 3400 3107 3481; x_wconf 66' lang='lat' dir='ltr'><strong>mala,</strong></span> <span class='ocrx_word' id='word_1_640' title='bbox 3144 3419 3375 3477; x_wconf 90' lang='lat' dir='ltr'><strong>semen,</strong></span> <span class='ocrx_word' id='word_1_641' title='bbox 3401 3418 3505 3461; x_wconf 91' lang='lat' dir='ltr'><strong>seu</strong></span> <span class='ocrx_word' id='word_1_642' title='bbox 3536 3418 3673 3461; x_wconf 88' lang='lat' dir='ltr'><strong>ver-</strong></span> 
     </span>
    </p>
   </div>
   <div class='ocr_carea' id='block_1_83' title="bbox 2024 3486 3676 3571">
    <p class='ocr_par' dir='ltr' id='par_1_83' title="bbox 2024 3486 3676 3571">
     <span class='ocr_line' id='line_1_83' title="bbox 2024 3486 3676 3571; baseline 0.003 -24"><span class='ocrx_word' id='word_1_643' title='bbox 2024 3486 2163 3548; x_wconf 89' lang='lat' dir='ltr'><strong>bum</strong></span> <span class='ocrx_word' id='word_1_644' title='bbox 2195 3489 2544 3570; x_wconf 87' lang='lat' dir='ltr'><strong>corrumpit.</strong></span> <span class='ocrx_word' id='word_1_645' title='bbox 2578 3490 2827 3562; x_wconf 87' lang='lat' dir='ltr'><strong>Quidam</strong></span> <span class='ocrx_word' id='word_1_646' title='bbox 2859 3500 3053 3551; x_wconf 91' lang='lat' dir='ltr'><strong>autem</strong></span> <span class='ocrx_word' id='word_1_647' title='bbox 3102 3508 3207 3571; x_wconf 85' lang='lat' dir='ltr'><strong>per</strong></span> <span class='ocrx_word' id='word_1_648' title='bbox 3262 3508 3467 3552; x_wconf 86' lang='lat' dir='ltr'><strong>semen</strong></span> <span class='ocrx_word' id='word_1_649' title='bbox 3519 3492 3676 3570; x_wconf 87' lang='lat' dir='ltr'><strong>quod</strong></span> 
     </span>
    </p>
   </div>
   <div class='ocr_carea' id='block_1_84' title="bbox 2022 3578 3677 3660">
    <p class='ocr_par' dir='ltr' id='par_1_84' title="bbox 2022 3578 3677 3660">
     <span class='ocr_line' id='line_1_84' title="bbox 2022 3578 3677 3660; baseline 0.001 -22"><span class='ocrx_word' id='word_1_650' title='bbox 2022 3595 2198 3638; x_wconf 88' lang='lat' dir='ltr'><strong>secus</strong></span> <span class='ocrx_word' id='word_1_651' title='bbox 2229 3578 2377 3639; x_wconf 88' lang='lat' dir='ltr'><strong>viam</strong></span> <span class='ocrx_word' id='word_1_652' title='bbox 2403 3579 2641 3659; x_wconf 86' lang='lat' dir='ltr'><strong>cecidit,</strong></span> <span class='ocrx_word' id='word_1_653' title='bbox 2679 3579 2927 3656; x_wconf 74' lang='lat' dir='ltr'><strong>pulchre</strong></span> <span class='ocrx_word' id='word_1_654' title='bbox 2958 3580 3380 3642; x_wconf 83' lang='lat' dir='ltr'><strong>intellexerunt</strong></span> <span class='ocrx_word' id='word_1_655' title='bbox 3403 3580 3561 3660; x_wconf 90' lang='lat' dir='ltr'><strong>quod</strong></span> <span class='ocrx_word' id='word_1_656' title='bbox 3579 3598 3677 3640; x_wconf 90' lang='lat' dir='ltr'><strong>ce-</strong></span> 
     </span>
    </p>
   </div>
   <div class='ocr_carea' id='block_1_85' title="bbox 2020 3668 3671 3744">
    <p class='ocr_par' dir='ltr' id='par_1_85' title="bbox 2020 3668 3671 3744">
     <span class='ocr_line' id='line_1_85' title="bbox 2020 3668 3671 3744; baseline 0.001 -15"><span class='ocrx_word' id='word_1_657' title='bbox 2020 3668 2234 3730; x_wconf 89' lang='lat' dir='ltr'><strong>ciderit</strong></span> <span class='ocrx_word' id='word_1_658' title='bbox 2263 3670 2323 3729; x_wconf 93' lang='lat' dir='ltr'><strong>in</strong></span> <span class='ocrx_word' id='word_1_659' title='bbox 2357 3670 2743 3732; x_wconf 82' lang='lat' dir='ltr'><strong>corinﬁdele.</strong></span> <span class='ocrx_word' id='word_1_660' title='bbox 2774 3669 2877 3733; x_wconf 89' lang='lat' dir='ltr'><strong>Via</strong></span> <span class='ocrx_word' id='word_1_661' title='bbox 2908 3672 3063 3731; x_wconf 90' lang='lat' dir='ltr'><strong>enim</strong></span> <span class='ocrx_word' id='word_1_662' title='bbox 3098 3680 3187 3732; x_wconf 90' lang='lat' dir='ltr'><strong>est</strong></span> <span class='ocrx_word' id='word_1_663' title='bbox 3234 3670 3526 3744; x_wconf 86' lang='lat' dir='ltr'><strong>Christus,</strong></span> <span class='ocrx_word' id='word_1_664' title='bbox 3551 3688 3671 3730; x_wconf 71' lang='lat' dir='ltr'><strong>cae-</strong></span> 
     </span>
    </p>
   </div>
   <div class='ocr_carea' id='block_1_86' title="bbox 2022 3758 3669 3841">
    <p class='ocr_par' dir='ltr' id='par_1_86' title="bbox 2022 3758 3669 3841">
     <span class='ocr_line' id='line_1_86' title="bbox 2022 3758 3669 3841; baseline -0.001 -22"><span class='ocrx_word' id='word_1_665' title='bbox 2022 3766 2215 3819; x_wconf 89' lang='lat' dir='ltr'><strong>terum</strong></span> <span class='ocrx_word' id='word_1_666' title='bbox 2239 3778 2413 3821; x_wconf 86' lang='lat' dir='ltr'><strong>secus</strong></span> <span class='ocrx_word' id='word_1_667' title='bbox 2456 3765 2629 3835; x_wconf 85' lang='lat' dir='ltr'><strong>viam,</strong></span> <span class='ocrx_word' id='word_1_668' title='bbox 2657 3780 2785 3823; x_wconf 66' lang='lat' dir='ltr'><strong>sunt</strong></span> <span class='ocrx_word' id='word_1_669' title='bbox 2824 3760 3099 3823; x_wconf 79' lang='lat' dir='ltr'><strong>inﬁdeles</strong></span> <span class='ocrx_word' id='word_1_670' title='bbox 3152 3760 3249 3841; x_wconf 92' lang='lat' dir='ltr'><strong>qui</strong></span> <span class='ocrx_word' id='word_1_671' title='bbox 3306 3767 3476 3820; x_wconf 69' lang='lat' dir='ltr'><strong>extra</strong></span> <span class='ocrx_word' id='word_1_672' title='bbox 3516 3758 3669 3819; x_wconf 87' lang='lat' dir='ltr'><strong>viam</strong></span> 
     </span>
    </p>
   </div>
   <div class='ocr_carea' id='block_1_87' title="bbox 2021 3848 3669 3925">
    <p class='ocr_par' dir='ltr' id='par_1_87' title="bbox 2021 3848 3669 3925">
     <span class='ocr_line' id='line_1_87' title="bbox 2021 3848 3669 3925; baseline 0.001 -17"><span class='ocrx_word' id='word_1_673' title='bbox 2021 3857 2179 3925; x_wconf 86' lang='lat' dir='ltr'><strong>sunt,</strong></span> <span class='ocrx_word' id='word_1_674' title='bbox 2210 3849 2321 3912; x_wconf 87' lang='lat' dir='ltr'><strong>hoc</strong></span> <span class='ocrx_word' id='word_1_675' title='bbox 2346 3860 2434 3911; x_wconf 85' lang='lat' dir='ltr'><strong>est</strong></span> <span class='ocrx_word' id='word_1_676' title='bbox 2468 3849 2789 3914; x_wconf 84' lang='lat' dir='ltr'><strong>Christum.</strong></span> <span class='ocrx_word' id='word_1_677' title='bbox 2815 3851 2994 3914; x_wconf 87' lang='lat' dir='ltr'><strong>Aliud</strong></span> <span class='ocrx_word' id='word_1_678' title='bbox 3027 3860 3222 3912; x_wconf 89' lang='lat' dir='ltr'><strong>autem</strong></span> <span class='ocrx_word' id='word_1_679' title='bbox 3256 3850 3413 3911; x_wconf 89' lang='lat' dir='ltr'><strong>cadit</strong></span> <span class='ocrx_word' id='word_1_680' title='bbox 3444 3848 3501 3909; x_wconf 88' lang='lat' dir='ltr'><strong>in</strong></span> <span class='ocrx_word' id='word_1_681' title='bbox 3534 3848 3669 3910; x_wconf 87' lang='lat' dir='ltr'><strong>ani-</strong></span> 
     </span>
    </p>
   </div>
   <div class='ocr_carea' id='block_1_88' title="bbox 2022 3938 3679 4021">
    <p class='ocr_par' dir='ltr' id='par_1_88' title="bbox 2022 3938 3679 4021">
     <span class='ocr_line' id='line_1_88' title="bbox 2022 3938 3679 4021; baseline 0.002 -25"><span class='ocrx_word' id='word_1_682' title='bbox 2022 3955 2176 3998; x_wconf 86' lang='lat' dir='ltr'><strong>mam</strong></span> <span class='ocrx_word' id='word_1_683' title='bbox 2210 3949 2507 4018; x_wconf 89' lang='lat' dir='ltr'><strong>petrosam</strong></span> <span class='ocrx_word' id='word_1_684' title='bbox 2546 3959 2687 4001; x_wconf 91' lang='lat' dir='ltr'><strong>:eos</strong></span> <span class='ocrx_word' id='word_1_685' title='bbox 2709 3940 2866 4021; x_wconf 90' lang='lat' dir='ltr'><strong>dico,</strong></span> <span class='ocrx_word' id='word_1_686' title='bbox 2901 3940 3001 4021; x_wconf 91' lang='lat' dir='ltr'><strong>qui</strong></span> <span class='ocrx_word' id='word_1_687' title='bbox 3025 3940 3198 4002; x_wconf 83' lang='lat' dir='ltr'><strong>facile</strong></span> <span class='ocrx_word' id='word_1_688' title='bbox 3228 3938 3582 4019; x_wconf 85' lang='lat' dir='ltr'><strong>suscipiunt,</strong></span> <span class='ocrx_word' id='word_1_689' title='bbox 3618 3948 3679 4001; x_wconf 86' lang='lat' dir='ltr'><strong>et</strong></span> 
     </span>
    </p>
   </div>
   <div class='ocr_carea' id='block_1_89' title="bbox 2020 4027 3679 4111">
    <p class='ocr_par' dir='ltr' id='par_1_89' title="bbox 2020 4027 3679 4111">
     <span class='ocr_line' id='line_1_89' title="bbox 2020 4027 3679 4111; baseline 0 -22"><span class='ocrx_word' id='word_1_690' title='bbox 2020 4027 2241 4090; x_wconf 87' lang='lat' dir='ltr'><strong>deinde</strong></span> <span class='ocrx_word' id='word_1_691' title='bbox 2264 4027 2688 4108; x_wconf 81' lang='lat' dir='ltr'><strong>abjiciuthui</strong></span> <span class='ocrx_word' id='word_1_692' title='bbox 2718 4030 2938 4111; x_wconf 87' lang='lat' dir='ltr'><strong>petrosi</strong></span> <span class='ocrx_word' id='word_1_693' title='bbox 2972 4039 3128 4105; x_wconf 87' lang='lat' dir='ltr'><strong>sunt,</strong></span> <span class='ocrx_word' id='word_1_694' title='bbox 3153 4029 3225 4091; x_wconf 92' lang='lat' dir='ltr'><strong>ad</strong></span> <span class='ocrx_word' id='word_1_695' title='bbox 3260 4048 3506 4111; x_wconf 89' lang='lat' dir='ltr'><strong>parvum</strong></span> <span class='ocrx_word' id='word_1_696' title='bbox 3536 4036 3679 4090; x_wconf 91' lang='lat' dir='ltr'><strong>tem-</strong></span> 
     </span>
    </p>
   </div>
   <div class='ocr_carea' id='block_1_90' title="bbox 2021 4117 3675 4200">
    <p class='ocr_par' dir='ltr' id='par_1_90' title="bbox 2021 4117 3675 4200">
     <span class='ocr_line' id='line_1_90' title="bbox 2021 4117 3675 4200; baseline 0.001 -23"><span class='ocrx_word' id='word_1_697' title='bbox 2021 4133 2130 4195; x_wconf 88' lang='lat' dir='ltr'><strong>pus</strong></span> <span class='ocrx_word' id='word_1_698' title='bbox 2158 4117 2388 4180; x_wconf 88' lang='lat' dir='ltr'><strong>similes</strong></span> <span class='ocrx_word' id='word_1_699' title='bbox 2414 4120 2550 4181; x_wconf 81' lang='lat' dir='ltr'><strong>facti</strong></span> <span class='ocrx_word' id='word_1_700' title='bbox 2582 4128 2764 4200; x_wconf 68' lang='lat' dir='ltr'><strong>petra:</strong></span> <span class='ocrx_word' id='word_1_701' title='bbox 2792 4121 3049 4195; x_wconf 88' lang='lat' dir='ltr'><strong>Christo,</strong></span> <span class='ocrx_word' id='word_1_702' title='bbox 3084 4119 3141 4180; x_wconf 90' lang='lat' dir='ltr'><strong>in</strong></span> <span class='ocrx_word' id='word_1_703' title='bbox 3180 4121 3291 4180; x_wconf 85' lang='lat' dir='ltr'><strong>hoc</strong></span> <span class='ocrx_word' id='word_1_704' title='bbox 3336 4119 3493 4200; x_wconf 91' lang='lat' dir='ltr'><strong>quod</strong></span> <span class='ocrx_word' id='word_1_705' title='bbox 3540 4136 3675 4180; x_wconf 87' lang='lat' dir='ltr'><strong>ser-</strong></span> 
     </span>
    </p>
   </div>
   <div class='ocr_carea' id='block_1_91' title="bbox 2022 4212 3673 4293">
    <p class='ocr_par' dir='ltr' id='par_1_91' title="bbox 2022 4212 3673 4293">
     <span class='ocr_line' id='line_1_91' title="bbox 2022 4212 3673 4293; baseline 0.002 -24"><span class='ocrx_word' id='word_1_706' title='bbox 2022 4227 2260 4270; x_wconf 89' lang='lat' dir='ltr'><strong>monem</strong></span> <span class='ocrx_word' id='word_1_707' title='bbox 2310 4222 2741 4293; x_wconf 89' lang='lat' dir='ltr'><strong>susceperunt:</strong></span> <span class='ocrx_word' id='word_1_708' title='bbox 2778 4213 3099 4276; x_wconf 81' lang='lat' dir='ltr'><strong>dissimiles</strong></span> <span class='ocrx_word' id='word_1_709' title='bbox 3146 4222 3340 4274; x_wconf 90' lang='lat' dir='ltr'><strong>autem</strong></span> <span class='ocrx_word' id='word_1_710' title='bbox 3391 4212 3549 4285; x_wconf 82' lang='lat' dir='ltr'><strong>facti,</strong></span> <span class='ocrx_word' id='word_1_711' title='bbox 3604 4232 3673 4274; x_wconf 87' lang='lat' dir='ltr'><strong>eo</strong></span> 
     </span>
    </p>
   </div>
   <div class='ocr_carea' id='block_1_92' title="bbox 2020 4299 3675 4383">
    <p class='ocr_par' dir='ltr' id='par_1_92' title="bbox 2020 4299 3675 4383">
     <span class='ocr_line' id='line_1_92' title="bbox 2020 4299 3675 4383; baseline 0.003 -26"><span class='ocrx_word' id='word_1_712' title='bbox 2020 4299 2176 4378; x_wconf 84' lang='lat' dir='ltr'><strong>quod</strong></span> <span class='ocrx_word' id='word_1_713' title='bbox 2200 4300 2273 4361; x_wconf 91' lang='lat' dir='ltr'><strong>ad</strong></span> <span class='ocrx_word' id='word_1_714' title='bbox 2302 4309 2536 4382; x_wconf 89' lang='lat' dir='ltr'><strong>tempus</strong></span> <span class='ocrx_word' id='word_1_715' title='bbox 2559 4302 2739 4364; x_wconf 88' lang='lat' dir='ltr'><strong>breve</strong></span> <span class='ocrx_word' id='word_1_716' title='bbox 2766 4311 3245 4383; x_wconf 85' lang='lat' dir='ltr'><strong>susceperunt,et</strong></span> <span class='ocrx_word' id='word_1_717' title='bbox 3266 4302 3485 4363; x_wconf 59' lang='lat' dir='ltr'><strong>deinde</strong></span> <span class='ocrx_word' id='word_1_718' title='bbox 3505 4299 3675 4380; x_wconf 86' lang='lat' dir='ltr'><strong>abje-</strong></span> 
     </span>
    </p>
   </div>
   <div class='ocr_carea' id='block_1_93' title="bbox 273 4388 1940 4476">
    <p class='ocr_par' dir='ltr' id='par_1_93' title="bbox 273 4394 1938 4476">
     <span class='ocr_line' id='line_1_93' title="bbox 273 4394 1938 4476; baseline 0.001 -24"><span class='ocrx_word' id='word_1_719' title='bbox 273 4419 499 4476; x_wconf 73' lang='grc' dir='ltr'>χονται,</span> <span class='ocrx_word' id='word_1_720' title='bbox 552 4397 678 4454; x_wconf 81' lang='grc' dir='ltr'>εἶτα</span> <span class='ocrx_word' id='word_1_721' title='bbox 764 4395 1180 4470; x_wconf 72' lang='grc' dir='ltr'>ἀποϐάλλουσιν,</span> <span class='ocrx_word' id='word_1_722' title='bbox 1241 4394 1575 4458; x_wconf 81' lang='grc' dir='ltr'>ἆπεοικότες.</span> <span class='ocrx_word' id='word_1_723' title='bbox 1637 4397 1736 4454; x_wconf 78' lang='grc' dir='ltr'>Καὶ</span> <span class='ocrx_word' id='word_1_724' title='bbox 1805 4394 1938 4454; x_wconf 75' lang='grc' dir='ltr'>ἄλλο</span> 
     </span>
    </p>
   </div>
   <div class='ocr_carea' id='block_1_94' title="bbox 2025 4388 3676 4476">
    <p class='ocr_par' dir='ltr' id='par_1_94' title="bbox 2025 4388 3676 4454">
     <span class='ocr_line' id='line_1_94' title="bbox 2025 4388 3676 4454; baseline 0.002 -7"><span class='ocrx_word' id='word_1_725' title='bbox 2025 4396 2254 4450; x_wconf 83' lang='lat' dir='ltr'><strong>cerunt.</strong></span> <span class='ocrx_word' id='word_1_726' title='bbox 2287 4388 2359 4449; x_wconf 91' lang='lat' dir='ltr'><strong>Et</strong></span> <span class='ocrx_word' id='word_1_727' title='bbox 2406 4389 2567 4451; x_wconf 85' lang='lat' dir='ltr'><strong>aliud</strong></span> <span class='ocrx_word' id='word_1_728' title='bbox 2615 4390 2675 4451; x_wconf 92' lang='lat' dir='ltr'><strong>in</strong></span> <span class='ocrx_word' id='word_1_729' title='bbox 2706 4392 2961 4451; x_wconf 88' lang='lat' dir='ltr'><strong>animam</strong></span> <span class='ocrx_word' id='word_1_730' title='bbox 3014 4391 3231 4454; x_wconf 80' lang='lat' dir='ltr'><strong>cecidit</strong></span> <span class='ocrx_word' id='word_1_731' title='bbox 3280 4389 3480 4454; x_wconf 88' lang='lat' dir='ltr'><strong>multis</strong></span> <span class='ocrx_word' id='word_1_732' title='bbox 3512 4391 3676 4452; x_wconf 70' lang='lat' dir='ltr'><strong>cunis</strong></span> 
     </span>
    </p>
   </div>
   <div class='ocr_carea' id='block_1_95' title="bbox 272 4483 1933 4568">
    <p class='ocr_par' dir='ltr' id='par_1_95' title="bbox 272 4483 1933 4568">
     <span class='ocr_line' id='line_1_95' title="bbox 272 4483 1933 4568; baseline 0.001 -25"><span class='ocrx_word' id='word_1_733' title='bbox 272 4488 348 4551; x_wconf 78' lang='grc' dir='ltr'><strong>εἰς</strong></span> <span class='ocrx_word' id='word_1_734' title='bbox 408 4486 591 4566; x_wconf 76' lang='grc' dir='ltr'>ψυχὴν</span> <span class='ocrx_word' id='word_1_735' title='bbox 626 4485 983 4568; x_wconf 74' lang='grc' dir='ltr'>πολύφροντιν</span> <span class='ocrx_word' id='word_1_736' title='bbox 1014 4503 1031 4520; x_wconf 83' lang='grc'><strong><em>⁸</em></strong></span> <span class='ocrx_word' id='word_1_737' title='bbox 1108 4484 1327 4544; x_wconf 76' lang='grc' dir='ltr'>ἄκανθαι</span> <span class='ocrx_word' id='word_1_738' title='bbox 1380 4486 1480 4565; x_wconf 82' lang='grc' dir='ltr'>γὰρ</span> <span class='ocrx_word' id='word_1_739' title='bbox 1528 4487 1590 4555; x_wconf 31' lang='grc' dir='ltr'>,αἱ</span> <span class='ocrx_word' id='word_1_740' title='bbox 1644 4483 1933 4565; x_wconf 75' lang='grc' dir='ltr'>φροντίδες.</span> 
     </span>
    </p>
   </div>
   <div class='ocr_carea' id='block_1_96' title="bbox 273 4574 1938 4657">
    <p class='ocr_par' dir='ltr' id='par_1_96' title="bbox 273 4574 1938 4657">
     <span class='ocr_line' id='line_1_96' title="bbox 273 4574 1938 4657; baseline 0.005 -23"><span class='ocrx_word' id='word_1_741' title='bbox 273 4580 347 4637; x_wconf 79' lang='grc' dir='ltr'><strong>Τὸ</strong></span> <span class='ocrx_word' id='word_1_742' title='bbox 409 4574 465 4632; x_wconf 67' lang='grc' dir='ltr'><strong>δὲ</strong></span> <span class='ocrx_word' id='word_1_743' title='bbox 524 4576 797 4657; x_wconf 83' lang='grc' dir='ltr'>τέταρτον,</span> <span class='ocrx_word' id='word_1_744' title='bbox 845 4579 919 4641; x_wconf 84' lang='grc' dir='ltr'>εἷς</span> <span class='ocrx_word' id='word_1_745' title='bbox 990 4582 1092 4656; x_wconf 77' lang='grc' dir='ltr'>γῆν</span> <span class='ocrx_word' id='word_1_746' title='bbox 1158 4577 1390 4655; x_wconf 72' lang='grc' dir='ltr'>ἀγαθήν.</span> <span class='ocrx_word' id='word_1_747' title='bbox 1435 4574 1577 4655; x_wconf 78' lang='grc' dir='ltr'>’Ὅρα</span> <span class='ocrx_word' id='word_1_748' title='bbox 1633 4583 1757 4647; x_wconf 81' lang='grc' dir='ltr'>γοῦν</span> <span class='ocrx_word' id='word_1_749' title='bbox 1823 4579 1938 4642; x_wconf 78' lang='grc' dir='ltr'>πῶς</span> 
     </span>
    </p>
   </div>
   <div class='ocr_carea' id='block_1_97' title="bbox 271 4664 1937 4747">
    <p class='ocr_par' dir='ltr' id='par_1_97' title="bbox 271 4664 1937 4747">
     <span class='ocr_line' id='line_1_97' title="bbox 271 4664 1937 4747; baseline -0.001 -24"><span class='ocrx_word' id='word_1_750' title='bbox 271 4667 476 4725; x_wconf 66' lang='grc' dir='ltr'>σπάνια</span> <span class='ocrx_word' id='word_1_751' title='bbox 515 4670 581 4724; x_wconf 77' lang='grc' dir='ltr'>τὰ</span> <span class='ocrx_word' id='word_1_752' title='bbox 610 4667 772 4745; x_wconf 76' lang='grc' dir='ltr'>καλὰ,</span> <span class='ocrx_word' id='word_1_753' title='bbox 812 4667 899 4725; x_wconf 83' lang='grc' dir='ltr'><strong>καὶ</strong></span> <span class='ocrx_word' id='word_1_754' title='bbox 956 4666 1123 4747; x_wconf 77' lang='grc' dir='ltr'>ὀλίγοι</span> <span class='ocrx_word' id='word_1_755' title='bbox 1164 4669 1213 4724; x_wconf 76' lang='grc' dir='ltr'>οἱ</span> <span class='ocrx_word' id='word_1_756' title='bbox 1257 4666 1548 4741; x_wconf 84' lang='grc' dir='ltr'>σωζόμενοι</span> <span class='ocrx_word' id='word_1_757' title='bbox 1580 4681 1596 4698; x_wconf 87' lang='grc'>⁶</span> <span class='ocrx_word' id='word_1_758' title='bbox 1655 4666 1717 4722; x_wconf 76' lang='grc' dir='ltr'>τὸ</span> <span class='ocrx_word' id='word_1_759' title='bbox 1742 4664 1937 4746; x_wconf 71' lang='grc' dir='ltr'>τέταρ-</span> 
     </span>
    </p>
   </div>
   <div class='ocr_carea' id='block_1_98' title="bbox 272 4753 1933 4839">
    <p class='ocr_par' dir='ltr' id='par_1_98' title="bbox 272 4753 1933 4839">
     <span class='ocr_line' id='line_1_98' title="bbox 272 4753 1933 4839; baseline -0.002 -25"><span class='ocrx_word' id='word_1_760' title='bbox 272 4780 366 4815; x_wconf 89' lang='grc' dir='ltr'><strong>τον</strong></span> <span class='ocrx_word' id='word_1_761' title='bbox 430 4758 530 4835; x_wconf 76' lang='grc' dir='ltr'><strong>γὰρ</strong></span> <span class='ocrx_word' id='word_1_762' title='bbox 600 4757 761 4832; x_wconf 82' lang='grc' dir='ltr'>μόνον</span> <span class='ocrx_word' id='word_1_763' title='bbox 855 4766 949 4815; x_wconf 77' lang='grc' dir='ltr'>τοῦ</span> <span class='ocrx_word' id='word_1_764' title='bbox 1031 4758 1226 4839; x_wconf 78' lang='grc' dir='ltr'>σφόρου</span> <span class='ocrx_word' id='word_1_765' title='bbox 1282 4758 1573 4836; x_wconf 76' lang='grc' dir='ltr'>εὒρίσκεται</span> <span class='ocrx_word' id='word_1_766' title='bbox 1657 4753 1933 4818; x_wconf 76' lang='grc' dir='ltr'>διασωθίν,</span> 
     </span>
    </p>
   </div>
   <div class='ocr_carea' id='block_1_99' title="bbox 275 4845 1938 4925">
    <p class='ocr_par' dir='ltr' id='par_1_99' title="bbox 275 4845 1938 4925">
     <span class='ocr_line' id='line_1_99' title="bbox 275 4845 1938 4925; baseline -0.002 -19"><span class='ocrx_word' id='word_1_767' title='bbox 275 4859 407 4913; x_wconf 73' lang='grc' dir='ltr'>Τοῖς</span> <span class='ocrx_word' id='word_1_768' title='bbox 462 4848 552 4904; x_wconf 57' lang='lat' dir='ltr'><strong>ob;</strong></span> <span class='ocrx_word' id='word_1_769' title='bbox 603 4852 874 4922; x_wconf 76' lang='grc' dir='ltr'>μαθηταῖς</span> <span class='ocrx_word' id='word_1_770' title='bbox 920 4846 1249 4923; x_wconf 72' lang='grc' dir='ltr'>ἐρωτήσασιν</span> <span class='ocrx_word' id='word_1_771' title='bbox 1305 4846 1465 4903; x_wconf 74' lang='grc' dir='ltr'>αὐτὸν</span> <span class='ocrx_word' id='word_1_772' title='bbox 1515 4845 1638 4919; x_wconf 81' lang='grc' dir='ltr'>ἰδίᾳ,</span> <span class='ocrx_word' id='word_1_773' title='bbox 1672 4846 1831 4925; x_wconf 79' lang='grc' dir='ltr'>φησὶν</span> <span class='ocrx_word' id='word_1_774' title='bbox 1858 4845 1938 4903; x_wconf 74' lang='grc' dir='ltr'>ὅτι</span> 
     </span>
    </p>
   </div>
   <div class='ocr_carea' id='block_1_100' title="bbox 277 4925 1939 5016">
    <p class='ocr_par' dir='ltr' id='par_1_100' title="bbox 277 4925 1939 5016">
     <span class='ocr_line' id='line_1_100' title="bbox 277 4925 1939 5016; baseline -0.002 -19"><span class='ocrx_word' id='word_1_775' title='bbox 277 4930 444 5013; x_wconf 71' lang='grc' dir='ltr'>ἰ’μϊν</span> <span class='ocrx_word' id='word_1_776' title='bbox 506 4937 706 4995; x_wconf 79' lang='grc' dir='ltr'>δέδοται</span> <span class='ocrx_word' id='word_1_777' title='bbox 766 4940 961 5016; x_wconf 75' lang='grc' dir='ltr'>γνῶναι</span> <span class='ocrx_word' id='word_1_778' title='bbox 1019 4938 1086 4994; x_wconf 79' lang='grc' dir='ltr'><strong>τὰ</strong></span> <span class='ocrx_word' id='word_1_779' title='bbox 1160 4937 1446 5013; x_wconf 78' lang='grc' dir='ltr'>μυστήρια.</span> <span class='ocrx_word' id='word_1_780' title='bbox 1516 4925 1628 5008; x_wconf 65' lang='grc' dir='ltr'><strong>Ἆρ’</strong></span> <span class='ocrx_word' id='word_1_781' title='bbox 1672 4936 1762 4993; x_wconf 80' lang='grc' dir='ltr'>οὖν</span> <span class='ocrx_word' id='word_1_782' title='bbox 1803 4938 1939 4993; x_wconf 81' lang='grc' dir='ltr'>κατὰ</span> 
     </span>
    </p>
   </div>
   <div class='ocr_carea' id='block_1_101' title="bbox 271 5024 1937 5108">
    <p class='ocr_par' dir='ltr' id='par_1_101' title="bbox 271 5024 1937 5108">
     <span class='ocr_line' id='line_1_101' title="bbox 271 5024 1937 5108; baseline -0.001 -23"><span class='ocrx_word' id='word_1_783' title='bbox 271 5027 662 5108; x_wconf 72' lang='grc' dir='ltr'>ἆπσκλήρωσιν</span> <span class='ocrx_word' id='word_1_784' title='bbox 748 5031 835 5085; x_wconf 85' lang='grc' dir='ltr'><strong>καὶ</strong></span> <span class='ocrx_word' id='word_1_785' title='bbox 889 5027 1218 5106; x_wconf 76' lang='grc' dir='ltr'>εἱμαρμένην</span> <span class='ocrx_word' id='word_1_786' title='bbox 1276 5024 1337 5082; x_wconf 73' lang='grc' dir='ltr'>ἐκ</span> <span class='ocrx_word' id='word_1_787' title='bbox 1393 5025 1597 5106; x_wconf 74' lang='grc' dir='ltr'>φύσεως</span> <span class='ocrx_word' id='word_1_788' title='bbox 1664 5038 1783 5089; x_wconf 77' lang='grc' dir='ltr'>τοῖς</span> <span class='ocrx_word' id='word_1_789' title='bbox 1834 5025 1937 5102; x_wconf 75' lang='grc' dir='ltr'><strong>μὲν</strong></span> 
     </span>
    </p>
   </div>
   <div class='ocr_carea' id='block_1_102' title="bbox 272 5112 1934 5200">
    <p class='ocr_par' dir='ltr' id='par_1_102' title="bbox 272 5112 1934 5200">
     <span class='ocr_line' id='line_1_102' title="bbox 272 5112 1934 5200; baseline -0.005 -21"><span class='ocrx_word' id='word_1_790' title='bbox 272 5118 509 5192; x_wconf 76' lang='grc' dir='ltr'>δέδοται,</span> <span class='ocrx_word' id='word_1_791' title='bbox 541 5134 665 5184; x_wconf 76' lang='grc' dir='ltr'>τοῖς</span> <span class='ocrx_word' id='word_1_792' title='bbox 694 5118 749 5176; x_wconf 78' lang='grc' dir='ltr'><strong>δὲ</strong></span> <span class='ocrx_word' id='word_1_793' title='bbox 780 5121 841 5179; x_wconf 73' lang='grc' dir='ltr'>οὔ</span> <span class='ocrx_word' id='word_1_794' title='bbox 876 5140 893 5200; x_wconf 81' lang='grc'>;</span> <span class='ocrx_word' id='word_1_795' title='bbox 929 5120 1018 5187; x_wconf 76' lang='grc' dir='ltr'><strong>Μὴ</strong></span> <span class='ocrx_word' id='word_1_796' title='bbox 1040 5115 1287 5197; x_wconf 74' lang='grc' dir='ltr'>γένοιτοί</span> <span class='ocrx_word' id='word_1_797' title='bbox 1319 5115 1440 5173; x_wconf 81' lang='grc' dir='ltr'>ἀλλ’</span> <span class='ocrx_word' id='word_1_798' title='bbox 1471 5115 1688 5180; x_wconf 71' lang='grc' dir='ltr'>ἰκτίνοις</span> <span class='ocrx_word' id='word_1_799' title='bbox 1710 5112 1934 5192; x_wconf 77' lang='grc' dir='ltr'>δέδοται,</span> 
     </span>
    </p>
   </div>
   <div class='ocr_carea' id='block_1_103' title="bbox 273 5204 1941 5287">
    <p class='ocr_par' dir='ltr' id='par_1_103' title="bbox 273 5204 1941 5287">
     <span class='ocr_line' id='line_1_103' title="bbox 273 5204 1941 5287; baseline -0.004 -20"><span class='ocrx_word' id='word_1_800' title='bbox 273 5226 400 5275; x_wconf 70' lang='grc' dir='ltr'>τοῖς</span> <span class='ocrx_word' id='word_1_801' title='bbox 459 5217 702 5282; x_wconf 78' lang='grc' dir='ltr'>ζητοῦσι.</span> <span class='ocrx_word' id='word_1_802' title='bbox 769 5233 796 5265; x_wconf 77' lang='grc' dir='ltr'><strong>α</strong></span> <span class='ocrx_word' id='word_1_803' title='bbox 845 5216 1070 5277; x_wconf 71' lang='grc' dir='ltr'>Ζητιττε</span> <span class='ocrx_word' id='word_1_804' title='bbox 1127 5208 1251 5287; x_wconf 81' lang='grc' dir='ltr'>γὰρ,</span> <span class='ocrx_word' id='word_1_805' title='bbox 1309 5207 1462 5287; x_wconf 78' lang='grc' dir='ltr'>φησὶ,</span> <span class='ocrx_word' id='word_1_806' title='bbox 1520 5208 1607 5262; x_wconf 85' lang='grc' dir='ltr'>καὶ</span> <span class='ocrx_word' id='word_1_807' title='bbox 1663 5204 1941 5275; x_wconf 70' lang='grc' dir='ltr'>δοθήσεται</span> 
     </span>
    </p>
   </div>
   <div class='ocr_carea' id='block_1_104' title="bbox 269 5294 1940 5379">
    <p class='ocr_par' dir='ltr' id='par_1_104' title="bbox 269 5294 1940 5379">
     <span class='ocr_line' id='line_1_104' title="bbox 269 5294 1940 5379; baseline -0.006 -19"><span class='ocrx_word' id='word_1_808' title='bbox 269 5306 337 5379; x_wconf 73' lang='grc' dir='ltr'><strong>ὑμ</strong></span> <span class='ocrx_word' id='word_1_809' title='bbox 355 5316 428 5362; x_wconf 71' lang='grc' dir='ltr'><strong>ἵν.</strong></span> <span class='ocrx_word' id='word_1_810' title='bbox 499 5325 524 5358; x_wconf 69' lang='grc' dir='ltr'><strong>ο</strong></span> <span class='ocrx_word' id='word_1_811' title='bbox 584 5303 714 5365; x_wconf 72' lang='grc' dir='ltr'>Τοὺς</span> <span class='ocrx_word' id='word_1_812' title='bbox 768 5298 824 5355; x_wconf 71' lang='grc' dir='ltr'><strong>δὲ</strong></span> <span class='ocrx_word' id='word_1_813' title='bbox 866 5298 1086 5363; x_wconf 63' lang='grc' dir='ltr'>λοιποὺς</span> <span class='ocrx_word' id='word_1_814' title='bbox 1137 5294 1440 5378; x_wconf 65' lang='grc' dir='ltr'>ἐτύφλωσεν</span> <span class='ocrx_word' id='word_1_815' title='bbox 1492 5298 1520 5352; x_wconf 88' lang='lat'><strong>6</strong></span> <span class='ocrx_word' id='word_1_816' title='bbox 1551 5296 1705 5369; x_wconf 86' lang='grc' dir='ltr'>Θεὸς,</span> <span class='ocrx_word' id='word_1_817' title='bbox 1737 5294 1830 5351; x_wconf 73' lang='grc' dir='ltr'>’ἕνα</span> <span class='ocrx_word' id='word_1_818' title='bbox 1861 5295 1940 5370; x_wconf 75' lang='grc' dir='ltr'><strong>μὴ</strong></span> 
     </span>
    </p>
   </div>
   <div class='ocr_carea' id='block_1_105' title="bbox 276 5384 1935 5472">
    <p class='ocr_par' dir='ltr' id='par_1_105' title="bbox 276 5384 1935 5472">
     <span class='ocr_line' id='line_1_105' title="bbox 276 5384 1935 5472; baseline -0.006 -21"><span class='ocrx_word' id='word_1_819' title='bbox 276 5396 411 5472; x_wconf 75' lang='grc' dir='ltr'>πρὸς</span> <span class='ocrx_word' id='word_1_820' title='bbox 477 5390 695 5448; x_wconf 83' lang='grc' dir='ltr'>πλείονα</span> <span class='ocrx_word' id='word_1_821' title='bbox 742 5390 1047 5469; x_wconf 77' lang='grc' dir='ltr'>κατάκρισιν</span> <span class='ocrx_word' id='word_1_822' title='bbox 1094 5388 1265 5445; x_wconf 73' lang='grc' dir='ltr'>αὐτῶν</span> <span class='ocrx_word' id='word_1_823' title='bbox 1308 5386 1400 5455; x_wconf 71' lang='grc' dir='ltr'><strong>εἴη</strong></span> <span class='ocrx_word' id='word_1_824' title='bbox 1443 5387 1505 5443; x_wconf 81' lang='grc' dir='ltr'>τὸ</span> <span class='ocrx_word' id='word_1_825' title='bbox 1535 5398 1679 5442; x_wconf 69' lang='grc' dir='ltr'>νοεῖν</span> <span class='ocrx_word' id='word_1_826' title='bbox 1705 5386 1769 5441; x_wconf 78' lang='grc' dir='ltr'>τὸ</span> <span class='ocrx_word' id='word_1_827' title='bbox 1797 5384 1935 5459; x_wconf 83' lang='grc' dir='ltr'>δέον,</span> 
     </span>
    </p>
   </div>
   <div class='ocr_carea' id='block_1_106' title="bbox 269 5474 1942 5562">
    <p class='ocr_par' dir='ltr' id='par_1_106' title="bbox 269 5474 1942 5562">
     <span class='ocr_line' id='line_1_106' title="bbox 269 5474 1942 5562; baseline -0.007 -19"><span class='ocrx_word' id='word_1_828' title='bbox 269 5486 352 5557; x_wconf 76' lang='grc' dir='ltr'><strong>μὴ</strong></span> <span class='ocrx_word' id='word_1_829' title='bbox 410 5480 760 5562; x_wconf 82' lang='grc' dir='ltr'>πραττόντων</span> <span class='ocrx_word' id='word_1_830' title='bbox 790 5479 938 5543; x_wconf 73' lang='grc' dir='ltr'>αὐτό,</span> <span class='ocrx_word' id='word_1_831' title='bbox 970 5477 1205 5545; x_wconf 56' lang='grc' dir='ltr'>’Ἄλλως</span> <span class='ocrx_word' id='word_1_832' title='bbox 1236 5494 1251 5509; x_wconf 86' lang='grc'>⁶</span> <span class='ocrx_word' id='word_1_833' title='bbox 1289 5476 1470 5539; x_wconf 76' lang='grc' dir='ltr'>Θέλεις</span> <span class='ocrx_word' id='word_1_834' title='bbox 1528 5482 1726 5555; x_wconf 75' lang='grc' dir='ltr'>γνῶναι</span> <span class='ocrx_word' id='word_1_835' title='bbox 1774 5474 1855 5532; x_wconf 76' lang='grc' dir='ltr'>ὅτι</span> <span class='ocrx_word' id='word_1_836' title='bbox 1913 5477 1942 5532; x_wconf 80' lang='lat'><strong>6</strong></span> 
     </span>
    </p>
   </div>
   <div class='ocr_carea' id='block_1_107' title="bbox 350 5648 977 5731">
    <p class='ocr_par' dir='ltr' id='par_1_107' title="bbox 350 5648 977 5731">
     <span class='ocr_line' id='line_1_107' title="bbox 350 5648 977 5731; baseline -0.005 -15"><span class='ocrx_word' id='word_1_837' title='bbox 350 5655 508 5708; x_wconf 66' lang='lat'><strong>77&#39;78</strong></span> <span class='ocrx_word' id='word_1_838' title='bbox 540 5656 688 5717; x_wconf 84' lang='lat' dir='ltr'><strong>Luc.</strong></span> <span class='ocrx_word' id='word_1_839' title='bbox 718 5665 843 5731; x_wconf 82' lang='lat' dir='ltr'><strong>vm,</strong></span> <span class='ocrx_word' id='word_1_840' title='bbox 878 5648 977 5713; x_wconf 77' lang='grc'><strong>10.</strong></span> 
     </span>
    </p>
   </div>
   <div class='ocr_carea' id='block_1_108' title="bbox 2025 4476 3673 4560">
    <p class='ocr_par' dir='ltr' id='par_1_108' title="bbox 2025 4476 3673 4560">
     <span class='ocr_line' id='line_1_108' title="bbox 2025 4476 3673 4560; baseline 0.002 -23"><span class='ocrx_word' id='word_1_841' title='bbox 2025 4476 2364 4552; x_wconf 79' lang='lat' dir='ltr'><strong>obnoxiam,</strong></span> <span class='ocrx_word' id='word_1_842' title='bbox 2402 4480 2589 4559; x_wconf 67' lang='lat' dir='ltr'><strong>spinae</strong></span> <span class='ocrx_word' id='word_1_843' title='bbox 2620 4480 2780 4542; x_wconf 88' lang='lat' dir='ltr'><strong>enim</strong></span> <span class='ocrx_word' id='word_1_844' title='bbox 2817 4499 2974 4541; x_wconf 60' lang='lat' dir='ltr'><strong>cura}</strong></span> <span class='ocrx_word' id='word_1_845' title='bbox 2993 4488 3153 4543; x_wconf 84' lang='lat' dir='ltr'><strong>sunt.</strong></span> <span class='ocrx_word' id='word_1_846' title='bbox 3186 4479 3452 4560; x_wconf 89' lang='lat' dir='ltr'><strong>Denique</strong></span> <span class='ocrx_word' id='word_1_847' title='bbox 3488 4499 3673 4559; x_wconf 75' lang='lat' dir='ltr'><strong>quat--</strong></span> 
     </span>
    </p>
   </div>
   <div class='ocr_carea' id='block_1_109' title="bbox 2028 4567 3673 4649">
    <p class='ocr_par' dir='ltr' id='par_1_109' title="bbox 2028 4567 3673 4649">
     <span class='ocr_line' id='line_1_109' title="bbox 2028 4567 3673 4649; baseline 0.003 -25"><span class='ocrx_word' id='word_1_848' title='bbox 2028 4574 2149 4626; x_wconf 93' lang='lat' dir='ltr'><strong>tum</strong></span> <span class='ocrx_word' id='word_1_849' title='bbox 2184 4567 2243 4627; x_wconf 91' lang='lat' dir='ltr'><strong>in</strong></span> <span class='ocrx_word' id='word_1_850' title='bbox 2267 4576 2485 4629; x_wconf 88' lang='lat' dir='ltr'><strong>terram</strong></span> <span class='ocrx_word' id='word_1_851' title='bbox 2518 4567 2732 4630; x_wconf 89' lang='lat' dir='ltr'><strong>bonam</strong></span> <span class='ocrx_word' id='word_1_852' title='bbox 2767 4570 3001 4632; x_wconf 85' lang='lat' dir='ltr'><strong>cecidit.</strong></span> <span class='ocrx_word' id='word_1_853' title='bbox 3038 4568 3304 4632; x_wconf 88' lang='lat' dir='ltr'><strong>Proinde</strong></span> <span class='ocrx_word' id='word_1_854' title='bbox 3355 4568 3486 4629; x_wconf 91' lang='lat' dir='ltr'><strong>vide</strong></span> <span class='ocrx_word' id='word_1_855' title='bbox 3518 4588 3673 4649; x_wconf 83' lang='lat' dir='ltr'><strong>quo-</strong></span> 
     </span>
    </p>
   </div>
   <div class='ocr_carea' id='block_1_110' title="bbox 2024 4656 3672 4741">
    <p class='ocr_par' dir='ltr' id='par_1_110' title="bbox 2024 4656 3672 4741">
     <span class='ocr_line' id='line_1_110' title="bbox 2024 4656 3672 4741; baseline 0.001 -23"><span class='ocrx_word' id='word_1_856' title='bbox 2024 4656 2201 4718; x_wconf 89' lang='lat' dir='ltr'><strong>modo</strong></span> <span class='ocrx_word' id='word_1_857' title='bbox 2236 4676 2368 4719; x_wconf 87' lang='lat' dir='ltr'><strong>rara</strong></span> <span class='ocrx_word' id='word_1_858' title='bbox 2390 4658 2512 4719; x_wconf 89' lang='lat' dir='ltr'><strong>sint</strong></span> <span class='ocrx_word' id='word_1_859' title='bbox 2543 4657 2782 4731; x_wconf 89' lang='lat' dir='ltr'><strong>bona,et</strong></span> <span class='ocrx_word' id='word_1_860' title='bbox 2816 4660 2984 4739; x_wconf 85' lang='lat' dir='ltr'><strong>pauci</strong></span> <span class='ocrx_word' id='word_1_861' title='bbox 3016 4659 3115 4741; x_wconf 91' lang='lat' dir='ltr'><strong>qui</strong></span> <span class='ocrx_word' id='word_1_862' title='bbox 3145 4668 3460 4719; x_wconf 79' lang='lat' dir='ltr'><strong>serventur</strong></span> <span class='ocrx_word' id='word_1_863' title='bbox 3495 4679 3508 4721; x_wconf 92' lang='lat'>:</span> <span class='ocrx_word' id='word_1_864' title='bbox 3537 4677 3672 4719; x_wconf 90' lang='lat' dir='ltr'><strong>nam</strong></span> 
     </span>
    </p>
   </div>
   <div class='ocr_carea' id='block_1_111' title="bbox 2023 4748 3669 4827">
    <p class='ocr_par' dir='ltr' id='par_1_111' title="bbox 2023 4748 3669 4827">
     <span class='ocr_line' id='line_1_111' title="bbox 2023 4748 3669 4827; baseline 0.002 -21"><span class='ocrx_word' id='word_1_865' title='bbox 2023 4755 2299 4827; x_wconf 85' lang='lat' dir='ltr'><strong>quartum</strong></span> <span class='ocrx_word' id='word_1_866' title='bbox 2334 4750 2457 4810; x_wconf 75' lang='lat' dir='ltr'><strong>I91</strong></span> <span class='ocrx_word' id='word_1_867' title='bbox 2491 4757 2715 4810; x_wconf 90' lang='lat' dir='ltr'><strong>tantum</strong></span> <span class='ocrx_word' id='word_1_868' title='bbox 2748 4769 2952 4811; x_wconf 85' lang='lat' dir='ltr'><strong>semen</strong></span> <span class='ocrx_word' id='word_1_869' title='bbox 3005 4748 3305 4810; x_wconf 89' lang='lat' dir='ltr'><strong>invenitur</strong></span> <span class='ocrx_word' id='word_1_870' title='bbox 3348 4755 3669 4809; x_wconf 80' lang='lat' dir='ltr'><strong>servatum.</strong></span> 
     </span>
    </p>
   </div>
   <div class='ocr_carea' id='block_1_112' title="bbox 2024 4836 3671 4917">
    <p class='ocr_par' dir='ltr' id='par_1_112' title="bbox 2024 4836 3671 4917">
     <span class='ocr_line' id='line_1_112' title="bbox 2024 4836 3671 4917; baseline -0.001 -20"><span class='ocrx_word' id='word_1_871' title='bbox 2024 4838 2207 4898; x_wconf 91' lang='lat' dir='ltr'><strong>Porro</strong></span> <span class='ocrx_word' id='word_1_872' title='bbox 2238 4837 2547 4917; x_wconf 76' lang='lat' dir='ltr'><strong>discipulis</strong></span> <span class='ocrx_word' id='word_1_873' title='bbox 2601 4840 2855 4901; x_wconf 72' lang='lat' dir='ltr'><strong>semsim</strong></span> <span class='ocrx_word' id='word_1_874' title='bbox 2906 4836 3413 4915; x_wconf 81' lang='lat' dir='ltr'><strong>interrogantibus</strong></span> <span class='ocrx_word' id='word_1_875' title='bbox 3454 4836 3671 4917; x_wconf 78' lang='lat' dir='ltr'><strong>inquit,</strong></span> 
     </span>
    </p>
   </div>
   <div class='ocr_carea' id='block_1_113' title="bbox 2029 4924 3673 5010">
    <p class='ocr_par' dir='ltr' id='par_1_113' title="bbox 2029 4924 3673 5010">
     <span class='ocr_line' id='line_1_113' title="bbox 2029 4924 3673 5010; baseline 0 -21"><span class='ocrx_word' id='word_1_876' title='bbox 2029 4951 2054 4981; x_wconf 73' lang='grc' dir='ltr'><strong>α</strong></span> <span class='ocrx_word' id='word_1_877' title='bbox 2081 4926 2261 4989; x_wconf 75' lang='lat' dir='ltr'><strong>Vobis</strong></span> <span class='ocrx_word' id='word_1_878' title='bbox 2290 4930 2491 4990; x_wconf 88' lang='lat' dir='ltr'><strong>datum</strong></span> <span class='ocrx_word' id='word_1_879' title='bbox 2518 4938 2604 4990; x_wconf 83' lang='lat' dir='ltr'><strong>est</strong></span> <span class='ocrx_word' id='word_1_880' title='bbox 2636 4948 2809 4989; x_wconf 83' lang='lat' dir='ltr'><strong>nosse</strong></span> <span class='ocrx_word' id='word_1_881' title='bbox 2848 4929 3123 5010; x_wconf 80' lang='lat' dir='ltr'><strong>mysteria</strong></span> <span class='ocrx_word' id='word_1_882' title='bbox 3153 4924 3363 4986; x_wconf 49' lang='lat'><strong>7748.9</strong></span> <span class='ocrx_word' id='word_1_883' title='bbox 3394 4925 3673 5008; x_wconf 86' lang='lat' dir='ltr'><strong>Nunquid</strong></span> 
     </span>
    </p>
   </div>
   <div class='ocr_carea' id='block_1_114' title="bbox 2026 5016 3678 5099">
    <p class='ocr_par' dir='ltr' id='par_1_114' title="bbox 2026 5016 3678 5099">
     <span class='ocr_line' id='line_1_114' title="bbox 2026 5016 3678 5099; baseline -0.001 -23"><span class='ocrx_word' id='word_1_884' title='bbox 2026 5016 2211 5096; x_wconf 75' lang='lat' dir='ltr'><strong>igitur</strong></span> <span class='ocrx_word' id='word_1_885' title='bbox 2242 5036 2347 5099; x_wconf 85' lang='lat' dir='ltr'><strong>per</strong></span> <span class='ocrx_word' id='word_1_886' title='bbox 2378 5017 2847 5098; x_wconf 75' lang='lat' dir='ltr'><strong>segregationem</strong></span> <span class='ocrx_word' id='word_1_887' title='bbox 2902 5027 2962 5083; x_wconf 90' lang='lat' dir='ltr'><strong>et</strong></span> <span class='ocrx_word' id='word_1_888' title='bbox 3004 5018 3271 5081; x_wconf 86' lang='lat' dir='ltr'><strong>naturale</strong></span> <span class='ocrx_word' id='word_1_889' title='bbox 3328 5018 3511 5078; x_wconf 74' lang='lat' dir='ltr'><strong>fatum</strong></span> <span class='ocrx_word' id='word_1_890' title='bbox 3542 5017 3678 5079; x_wconf 73' lang='lat' dir='ltr'><strong>aliis</strong></span> 
     </span>
    </p>
   </div>
   <div class='ocr_carea' id='block_1_115' title="bbox 2023 5106 3675 5187">
    <p class='ocr_par' dir='ltr' id='par_1_115' title="bbox 2023 5106 3675 5187">
     <span class='ocr_line' id='line_1_115' title="bbox 2023 5106 3675 5187; baseline 0.002 -21"><span class='ocrx_word' id='word_1_891' title='bbox 2023 5106 2266 5187; x_wconf 87' lang='lat' dir='ltr'><strong>quidem</strong></span> <span class='ocrx_word' id='word_1_892' title='bbox 2300 5108 2503 5169; x_wconf 86' lang='lat' dir='ltr'><strong>datum</strong></span> <span class='ocrx_word' id='word_1_893' title='bbox 2538 5112 2645 5183; x_wconf 84' lang='lat' dir='ltr'><strong>cSt,</strong></span> <span class='ocrx_word' id='word_1_894' title='bbox 2672 5108 2804 5169; x_wconf 91' lang='lat' dir='ltr'><strong>aliis</strong></span> <span class='ocrx_word' id='word_1_895' title='bbox 2835 5127 2973 5171; x_wconf 83' lang='lat' dir='ltr'><strong>vero</strong></span> <span class='ocrx_word' id='word_1_896' title='bbox 3007 5107 3153 5171; x_wconf 84' lang='lat' dir='ltr'><strong>non?</strong></span> <span class='ocrx_word' id='word_1_897' title='bbox 3184 5107 3390 5172; x_wconf 79' lang='lat' dir='ltr'><strong>Absit!</strong></span> <span class='ocrx_word' id='word_1_898' title='bbox 3426 5106 3529 5168; x_wconf 88' lang='lat' dir='ltr'><strong>sed</strong></span> <span class='ocrx_word' id='word_1_899' title='bbox 3554 5106 3675 5169; x_wconf 88' lang='lat' dir='ltr'><strong>illis</strong></span> 
     </span>
    </p>
   </div>
   <div class='ocr_carea' id='block_1_116' title="bbox 2024 5196 3668 5278">
    <p class='ocr_par' dir='ltr' id='par_1_116' title="bbox 2024 5196 3668 5278">
     <span class='ocr_line' id='line_1_116' title="bbox 2024 5196 3668 5278; baseline 0 -22"><span class='ocrx_word' id='word_1_900' title='bbox 2024 5197 2228 5257; x_wconf 85' lang='lat' dir='ltr'><strong>datum</strong></span> <span class='ocrx_word' id='word_1_901' title='bbox 2263 5205 2352 5258; x_wconf 89' lang='lat' dir='ltr'><strong>est</strong></span> <span class='ocrx_word' id='word_1_902' title='bbox 2379 5196 2831 5278; x_wconf 84' lang='lat' dir='ltr'><strong>quiinquirunt.</strong></span> <span class='ocrx_word' id='word_1_903' title='bbox 2872 5223 2897 5253; x_wconf 69' lang='grc' dir='ltr'><strong>α</strong></span> <span class='ocrx_word' id='word_1_904' title='bbox 2934 5198 3190 5270; x_wconf 61' lang='lat' dir='ltr'><strong>Quaerite</strong></span> <span class='ocrx_word' id='word_1_905' title='bbox 3241 5197 3425 5270; x_wconf 88' lang='lat' dir='ltr'><strong>enim,</strong></span> <span class='ocrx_word' id='word_1_906' title='bbox 3460 5198 3668 5277; x_wconf 87' lang='lat' dir='ltr'><strong>inquit,</strong></span> 
     </span>
    </p>
   </div>
   <div class='ocr_carea' id='block_1_117' title="bbox 2025 5286 3671 5368">
    <p class='ocr_par' dir='ltr' id='par_1_117' title="bbox 2025 5286 3671 5368">
     <span class='ocr_line' id='line_1_117' title="bbox 2025 5286 3671 5368; baseline 0 -20"><span class='ocrx_word' id='word_1_907' title='bbox 2025 5297 2083 5348; x_wconf 92' lang='lat' dir='ltr'><strong>et</strong></span> <span class='ocrx_word' id='word_1_908' title='bbox 2112 5287 2346 5349; x_wconf 81' lang='lat' dir='ltr'><strong>dabitur</strong></span> <span class='ocrx_word' id='word_1_909' title='bbox 2380 5286 2598 5349; x_wconf 64' lang='lat' dir='ltr'><strong>vobisa</strong></span> <span class='ocrx_word' id='word_1_910' title='bbox 2634 5291 2889 5350; x_wconf 61' lang='lat' dir='ltr'><strong>Caeteros</strong></span> <span class='ocrx_word' id='word_1_911' title='bbox 2919 5296 3114 5349; x_wconf 87' lang='lat' dir='ltr'><strong>autem</strong></span> <span class='ocrx_word' id='word_1_912' title='bbox 3147 5286 3467 5350; x_wconf 68' lang='lat' dir='ltr'><strong>excaacavit</strong></span> <span class='ocrx_word' id='word_1_913' title='bbox 3490 5288 3671 5368; x_wconf 84' lang='lat' dir='ltr'><strong>Deus,</strong></span> 
     </span>
    </p>
   </div>
   <div class='ocr_carea' id='block_1_118' title="bbox 2029 5375 3674 5456">
    <p class='ocr_par' dir='ltr' id='par_1_118' title="bbox 2029 5375 3674 5456">
     <span class='ocr_line' id='line_1_118' title="bbox 2029 5375 3674 5456; baseline -0.001 -18"><span class='ocrx_word' id='word_1_914' title='bbox 2029 5398 2099 5438; x_wconf 86' lang='lat' dir='ltr'><strong>ne</strong></span> <span class='ocrx_word' id='word_1_915' title='bbox 2136 5379 2211 5439; x_wconf 89' lang='lat' dir='ltr'><strong>sit</strong></span> <span class='ocrx_word' id='word_1_916' title='bbox 2246 5378 2361 5440; x_wconf 79' lang='lat' dir='ltr'><strong>illis</strong></span> <span class='ocrx_word' id='word_1_917' title='bbox 2403 5378 2461 5437; x_wconf 94' lang='lat' dir='ltr'><strong>in</strong></span> <span class='ocrx_word' id='word_1_918' title='bbox 2498 5379 2781 5456; x_wconf 81' lang='lat' dir='ltr'><strong>majorem</strong></span> <span class='ocrx_word' id='word_1_919' title='bbox 2817 5378 3375 5440; x_wconf 86' lang='lat' dir='ltr'><strong>condemnationem</strong></span> <span class='ocrx_word' id='word_1_920' title='bbox 3409 5375 3456 5434; x_wconf 86' lang='lat' dir='ltr'><strong>si</strong></span> <span class='ocrx_word' id='word_1_921' title='bbox 3495 5378 3674 5436; x_wconf 63' lang='lat' dir='ltr'><strong>intel-</strong></span> 
     </span>
    </p>
   </div>
   <div class='ocr_carea' id='block_1_119' title="bbox 2026 5465 3675 5549">
    <p class='ocr_par' dir='ltr' id='par_1_119' title="bbox 2026 5465 3675 5549">
     <span class='ocr_line' id='line_1_119' title="bbox 2026 5465 3675 5549; baseline -0.002 -16"><span class='ocrx_word' id='word_1_922' title='bbox 2026 5469 2206 5549; x_wconf 73' lang='lat' dir='ltr'><strong>ligant</strong></span> <span class='ocrx_word' id='word_1_923' title='bbox 2229 5476 2285 5530; x_wconf 81' lang='lat' dir='ltr'><strong>ct</strong></span> <span class='ocrx_word' id='word_1_924' title='bbox 2310 5487 2425 5529; x_wconf 87' lang='lat' dir='ltr'><strong>non</strong></span> <span class='ocrx_word' id='word_1_925' title='bbox 2451 5467 2668 5529; x_wconf 80' lang='lat' dir='ltr'><strong>faciant</strong></span> <span class='ocrx_word' id='word_1_926' title='bbox 2702 5468 2765 5529; x_wconf 78' lang='lat' dir='ltr'><strong>Et</strong></span> <span class='ocrx_word' id='word_1_927' title='bbox 2798 5468 2970 5531; x_wconf 84' lang='lat' dir='ltr'><strong>aliter</strong></span> <span class='ocrx_word' id='word_1_928' title='bbox 3004 5488 3015 5528; x_wconf 89' lang='lat'>:</span> <span class='ocrx_word' id='word_1_929' title='bbox 3044 5466 3147 5530; x_wconf 88' lang='lat' dir='ltr'><strong>Vis</strong></span> <span class='ocrx_word' id='word_1_930' title='bbox 3168 5469 3320 5531; x_wconf 89' lang='lat' dir='ltr'><strong>scire</strong></span> <span class='ocrx_word' id='word_1_931' title='bbox 3349 5470 3488 5547; x_wconf 87' lang='lat' dir='ltr'><strong>quia</strong></span> <span class='ocrx_word' id='word_1_932' title='bbox 3513 5465 3675 5529; x_wconf 82' lang='lat' dir='ltr'><strong>Deus</strong></span> 
     </span>
    </p>
   </div>
  </div>
