4170 6408
475 316 585 382 531

1485 322 2078 385 THEOPHYLACTI
2123 319 2526 383 BULGARLE
2570 321 2928 411 ARCHIEP.

3761 319 3877 383 532

476 452 614 515 facit
642 454 853 517 omnes
883 437 1084 516 videre
1104 453 1134 513 ?
1162 452 1411 516 audi.Ut
1443 454 1851 529 videntes,hoc
1881 464 1972 517 est
2002 456 2131 518 Dei:

2230 455 2351 518 θεὸς
2409 454 2610 519 πάντας
2655 454 2873 522 ἐποίησε
2923 454 3135 532 βλέπειν
3194 458 3253 512 τὸ
3313 453 3479 535 δέον,
3527 455 3709 514 ἄκουε.
3759 446 3884 513 Ἵνα

479 563 600 605 non
624 544 888 612 videant.
918 543 1078 604 istud
1111 552 1201 604 est
1226 543 1466 604 malitiae
1495 543 1755 604 illorum.
1794 544 1953 607 Deus
1980 544 2138 606 enim

482 631 760 694 formavit
785 651 887 693 eos
916 631 1328 713 videntes,hoc
1349 632 1679 695 estbonum
1712 634 2136 712 intelligentes:

481 720 593 801 ipsi
624 728 821 781 autem
858 740 974 781 non
1015 720 1242 796 vident,
1269 739 1374 782 sua
1406 730 1619 801 sponte
1643 723 1848 783 oculos
1863 724 2141 785 clauden-

479 817 590 890 tes,
626 828 699 869 ne
747 818 1172 872 convertantur
1224 822 1281 871 et
1341 812 1758 883 emendentur,
1793 814 1960 892 quasi
2018 831 2140 875 suae

479 898 744 979 ipsorum
780 899 957 959 saluti
1011 907 1070 961 et
1120 899 1521 963 emendationi
1577 901 1906 965 invideant.
1944 906 2140 964 Potest

480 987 655 1050 etiam
692 995 749 1050 et
774 988 860 1049 sic
883 988 1174 1066 intelligi:
1210 989 1356 1050 Aliis
1391 989 1450 1050 in
1480 990 1777 1069 parabolis
1812 992 2049 1071 loquor,
2078 998 2141 1053 ut

476 1077 747 1139 videntes
778 1097 896 1138 non
930 1078 1191 1153 videant,
1228 1079 1616 1139 etaudientes
1643 1098 1756 1141 non
1783 1079 2134 1162 intelligant,

479 1166 798 1248 nequando
829 1186 897 1227 ex
924 1167 1035 1228 hoc
1062 1174 1483 1229 convertantur
1514 1176 1569 1229 et
1601 1168 2015 1231 emendentur.

563 1434 751 1498 Vrsas.
775 1433 992 1496 13-20.
1039 1458 1060 1489 «
1096 1434 1163 1495 Et
1192 1434 1273 1495 ait
1304 1435 1419 1497 illis
1455 1456 1468 1496 :
1500 1437 1757 1499 Nescitis
1804 1437 2141 1518 parabolam

484 1526 675 1588 hanc?
707 1534 763 1585 et
791 1524 1089 1604 quomodo
1125 1542 1333 1585 omnes
1374 1526 1682 1605 parabolas
1730 1526 2143 1606 cognosci-tis?

486 1614 824 1679 Seminator
854 1614 954 1675 ille
988 1632 1323 1675 sermonem
1359 1617 1634 1677 seminat.
1680 1617 1783 1679 [Sti
1837 1636 1974 1678 vero
2008 1626 2145 1679 sunt

483 1705 774 1787 quijuxta
802 1703 956 1764 viam
995 1704 1297 1771 dicuntur,
1336 1702 1432 1765 ubi
1466 1707 1792 1767 seminatur
1824 1725 2047 1785 sermo,
2086 1715 2144 1768 et

2223 541 2510 619 βλέποντες
2544 563 2557 577 ⁸
2607 551 2762 601 τοῦτο
2792 544 2884 601 τοῖ’)
2942 552 3073 601 Θεοῦ
3106 560 3120 575 ⁸
3173 546 3251 620 μὴ
3282 544 3544 620 βλέπωσι,
3590 551 3744 601 τοῦτο
3786 550 3885 612 τῆς

2224 634 2411 696 κακίας
2468 635 2660 697 αὒτῶν,
2726 625 2783 691 Ὀ
2828 633 2924 709 μὲν
2995 634 3093 713 γὰρ
3165 636 3294 697 Θεὸς
3343 633 3639 709 βλέποντας
3699 632 3884 696 αότοὺς

2224 719 2443 795 ἔπλασε,
2508 722 2771 801 τουτέστι,
2836 729 3085 787 νοοῦντας
3159 724 3221 779 τὸ
3277 721 3466 802 καλὸν,
3530 724 3675 782 αὑτοὶ
3730 720 3785 777 δὲ
3827 722 3886 779 οὗ

2220 808 2528 889 βλέπουσιν,
2603 811 2852 876 ἑκουσίως
2929 812 3285 887 καμμύοντες,
3347 809 3440 867 ἵνα
3494 813 3571 888 μὴ
3631 811 3884 890 ἐπιστρα-

2222 905 2358 978 φῶσι
2444 902 2533 955 καὶ
2608 898 2957 979 διορθωθῶσιν
2993 920 3007 937 ο
3086 901 3313 978 ὡσπερεὶ
3344 979 3348 980 ν
3382 902 3482 980 γὰρ
3558 908 3626 978 τῇ
3680 902 3881 957 ἑαυτῶν

2224 989 2459 1068 σωτηρίᾳ
2499 991 2587 1046 καὶ
2642 988 2921 1067 βελτιώσει
2979 992 3277 1068 φθονοῦσιν.
3312 979 3481 1047 ’Ἐστι
3525 988 3700 1046 δὲκαὶ
3742 989 3881 1047 οῧτω

2223 1077 2432 1152 νοῆσαι,
2484 1077 2591 1159 ὅτι,
2651 1088 2779 1142 Τοῖς
2837 1078 3053 1142 λοιποῖς
3103 1079 3158 1136 ἐν
3208 1078 3543 1158 παραϐολαῖς
3589 1078 3755 1158 λέγω,
3786 1079 3879 1136 ἵνα

2224 1166 2508 1241 βλέποντες
2571 1169 2649 1243 μὴ
2704 1168 2965 1249 βλέπωσι,
3027 1170 3115 1225 καὶ
3172 1168 3448 1233 ἀκούοντες
3496 1170 3574 1246 μὴ
3633 1176 3875 1241 συνιῶσι,

2226 1258 2438 1330 μήποτε
2492 1255 2589 1314 κᾶν
2675 1256 2735 1315 ἐκ
2803 1259 2988 1315 τούτου
3057 1258 3418 1338 ἔπιστρὲψωσι
3504 1261 3591 1315 καὶ
3659 1257 3883 1339 διορθω-

2226 1348 2409 1407 θῶσιν.

2308 1455 2337 1489 ε
2375 1436 2472 1493 Καὶ
2522 1433 2666 1513 λέγει
2722 1440 2902 1499 αὐτοῖς
2931 1452 2947 1468 ⁸
3010 1439 3118 1495 Οὐκ
3174 1434 3354 1493 οἴδατε
3415 1436 3515 1503 τὴν
3570 1433 3883 1515 παραϐολήν

2224 1524 2473 1606 ταύτην;
2518 1527 2607 1582 καὶ
2649 1531 2764 1589 πῶς
2809 1526 2984 1590 πάσας
3050 1527 3143 1589 τὰς
3201 1524 3503 1605 παραϐολὰς
3567 1527 3878 1606 γνώσεσθε,

2228 1602 2285 1670 Ὀ
2330 1614 2578 1691 σπείρων,
2612 1616 2702 1671 τὸν
2731 1613 2888 1694 λόγον
2934 1616 3163 1696 σπείρει.
3212 1602 3365 1673 Οὗτοι
3420 1615 3475 1671 δέ
3519 1602 3617 1672 εἶσι
3664 1618 3710 1672 οἱ
3741 1602 3886 1694 παρα

2224 1702 2323 1768 τὴν
2367 1701 2486 1759 ὁδόν
2521 1719 2536 1733 ⁸
2585 1702 2719 1761 ὅπου
2763 1706 3031 1783 σπείρεται
3090 1706 3117 1761 ὀ
3169 1703 3356 1782 λόγος,
3416 1707 3505 1763 καὶ
3563 1704 3688 1761 ὅταν
3717 1705 3882 1761 ἀκού-

482 1812 617 1856 cum
651 1792 972 1865 audierint,
1009 1792 1320 1854 confestim
1365 1795 1523 1855 venit
1566 1797 1831 1869 Satanas,
1867 1807 1922 1856 et
1952 1797 2143 1858 aufert

2230 1813 2414 1871 σωσιν,
2466 1792 2656 1856 εὐθέως
2714 1794 2930 1874 ἔρχεται
3008 1797 3037 1850 ὁ
3096 1801 3357 1870 Σατανᾶς,
3430 1800 3518 1851 καὶ
3589 1793 3731 1873 αἴρει
3788 1794 3883 1850 τόν

481 1900 821 1944 sermonem
857 1881 957 1962 qui
990 1881 1317 1941 seminatus
1352 1891 1440 1943 est
1488 1883 1547 1944 in
1591 1884 1874 1946 cordibus
1908 1904 2134 1948 eorum.

480 1970 666 2035 Etalii
688 1979 826 2031 sunt
846 1970 1123 2032 similiter
1144 1970 1319 2050 quiin
1340 1979 1571 2051 petrosa
1595 1992 1801 2034 semen
1815 1974 2137 2053 accipiunt,

480 2062 584 2143 qui
614 2080 745 2122 cum
772 2060 1070 2122 audierint
1105 2079 1477 2142 sermonem,
1515 2063 1709 2123 statim
1757 2082 1889 2129 cum
1923 2064 2136 2142 gaudio

480 2149 782 2231 accipiunt
805 2149 999 2229 illum,
1027 2159 1083 2209 et
1116 2168 1232 2209 non
1266 2148 1486 2211 habent
1515 2150 1778 2211 radicem
1807 2152 1866 2211 in
1914 2171 2000 2231 se,
2031 2152 2134 2213 sed

485 2238 828 2319 temporarii
861 2248 995 2298 sunt
1021 2260 1032 2294 :
1059 2238 1275 2300 deinde
1312 2247 1509 2300 :oorta
1538 2240 1861 2302 afﬂictione
1880 2252 1977 2303 aut
2000 2259 2140 2320 per-

481 2330 788 2392 secutione
812 2337 1052 2408 propter
1083 2346 1447 2403 sermonem,
1474 2330 1786 2391 confestim
1822 2331 2140 2393 offendun—

485 2418 680 2481 tur.Et
712 2417 813 2478 alii
847 2426 986 2479 sunt
1017 2419 1116 2497 qui
1151 2420 1209 2479 in
1244 2418 1447 2497 Spinas
1478 2438 1684 2480 semen
1718 2420 2037 2499 accipiunt.
2096 2421 2141 2482 Ii

482 2506 734 2587 suntqui
756 2525 1094 2568 sermonem
1113 2506 1381 2569 audiunt:
1407 2517 1463 2568 at
1482 2508 1915 2569 sollicitudines
1936 2510 2138 2572 saeculi

484 2597 1070 2676 bujus,deceptioquo
1091 2596 1923 2679 (livitiarum,c:rterarumque
1936 2618 2135 2661 rerum

482 2686 842 2767 cupiditates
884 2685 1279 2765 introeuntes,
1317 2686 1606 2747 suffocant
1659 2704 2021 2757 sermonem.
2069 2708 2137 2751 ac

484 2775 760 2837 redditur
788 2774 1221 2836 infructifer.Et
1245 2775 1343 2835 alii
1381 2786 1519 2835 sunt
1550 2776 1648 2855 qui
1683 2777 1740 2837 in
1778 2790 1994 2837 terram
2026 2777 2133 2839 bo-

484 2884 620 2926 nam
672 2884 875 2926 semen
910 2874 1295 2942 exceperunt,
1350 2866 1449 2945 qui
1481 2865 1728 2926 audiunt
1776 2866 2040 2928 verbum.
2082 2880 2139 2929 et

484 2954 902 3032 suscipiunt,et
922 2954 1385 3035 fructificant,ita
1403 2954 1640 3015 utaliud
1668 2973 1911 3030 granum
1939 2959 2143 3021 afferat

488 3043 747 3123 triginta,
778 3044 936 3105 aliud
971 3044 1462 3123 sexaginta,aliud
1492 3054 1751 3108 centum.
1786 3072 1810 3101 υ
1851 3050 2000 3110 Tros
2037 3067 2138 3109 or-

2223 1878 2386 1959 λόγον
2429 1882 2521 1937 τὸν
2590 1881 2920 1962 ἐσπαρμένον
2964 1883 3019 1939 ἐν
3074 1897 3198 1947 ταῖς
3254 1883 3489 1964 καρδίαις
3542 1888 3731 1944 αὐτῶν.
3784 1884 3885 1941 Καὶ

2223 1970 2363 2026 οὗτοί
2407 1970 2537 2026 εἰσιν
2600 1972 2800 2046 ὁμοίως
2865 1973 2910 2027 οἱ
2976 1972 3063 2028 ἐπὶ
3105 1974 3172 2029 τὰ
3214 1973 3457 2053 πετρώδη
3516 1974 3884 2052 σπειρόμενοι,

2222 2059 2273 2121 οἳ
2308 2056 2434 2115 ὅταν
2485 2060 2749 2118 ἀκούσωσι
2805 2063 2896 2118 τὸν
2940 2060 3123 2140 λόγον⁹
3160 2062 3344 2126 εὐθέως
3378 2064 3512 2138 μετὰ
3541 2069 3714 2142 χαρᾶς
3745 2060 3885 2137 λαμ.-

2224 2143 2467 2203 ϐάνουσιν
2526 2147 2708 2223 αὐτὸν,
2785 2150 2873 2205 καὶ
2931 2150 3025 2206 οὐκ
3099 2148 3285 2230 ἔχουσι
3328 2152 3470 2229 ῥίζαν
3538 2151 3592 2207 ἐν
3644 2152 3887 2229 ἑαυτοῖς,

2226 2234 2362 2291 ἀλλὰ
2413 2236 2725 2314 πρόσκαιροί
2778 2239 2908 2294 εἰσιν
2942 2254 2957 2269 ⁸
3028 2238 3151 2295 εἶτα
3214 2239 3507 2317 γενομένης
3563 2238 3791 2315 θλίψεως
3850 2240 3891 2308 ἢ

2225 2320 2461 2402 διωγμοῦ
2516 2324 2600 2381 διὰ
2656 2327 2745 2383 τὸν
2799 2325 2983 2405 λόγον,
3038 2327 3229 2392 εὐθέως
3277 2328 3723 2401 σκανδαλίζονται.
3789 2330 3893 2387 Καὶ

2225 2413 2365 2470 οὗτοί
2418 2415 2570 2489 εἰσιν,
2632 2416 2678 2470 οἱ
2737 2417 2812 2480 εἰς
2851 2419 2946 2481 τὰς
2990 2416 3218 2482 ἀκάνθας
3279 2419 3641 2498 σπειρόμενοι,
3687 2421 3735 2474 οἱ
3792 2420 3891 2473 τὸν

2224 2501 2383 2581 λόγον
2423 2504 2727 2580 ἀκούοντες,
2780 2507 2865 2562 καὶ
2938 2508 2987 2563 αἱ
3064 2505 3314 2584 μέριμναι
3369 2515 3462 2564 τοῦ
3508 2509 3695 2571 αἰῶνος
3751 2507 3887 2563 τού-

2219 2613 2332 2668 του,
2381 2597 2469 2649 καὶ
2524 2595 2558 2661 ἡ
2602 2595 2782 2663 ἀπάτη
2838 2602 2931 2653 τοῦ
2988 2594 3217 2656 πλούτου
3270 2598 3358 2653 καὶ
3414 2600 3465 2653 αἱ
3523 2598 3734 2676 περὶτὰ
3762 2594 3885 2653 λοι-

2219 2681 2294 2736 πὰ
2392 2682 2679 2758 ἐπιθυμίαι,
2791 2684 3221 2763 εἰσπορευόμεναι
3319 2687 3665 2763 συμπνίγουσι
3786 2686 3883 2741 τὸν

2219 2768 2399 2849 λόγον,
2461 2774 2549 2827 καὶ
2593 2771 2829 2847 ἄκαρπος
2875 2776 3098 2851 γίνεται,
3150 2775 3246 2832 Καὶ
3303 2774 3446 2832 οὗτοί
3503 2777 3631 2830 εἰσιν
3689 2777 3736 2831 οἱ
3792 2775 3887 2831 ἐπὶ

2220 2861 2318 2927 τὴν
2377 2865 2479 2939 γῆν
2508 2862 2608 2929 τὴν
2654 2862 2822 2931 καλὴν
2854 2864 3165 2942 σπαρέντες,
3200 2864 3254 2920 οἵ
3304 2886 3442 2928 τινες
3483 2865 3729 2921 ἀκούουσι
3786 2868 3885 2921 τὸν

2222 2950 2381 3028 λόγον
2461 2953 2546 3007 καὶ
2645 2951 3058 3033 παραδέχονται,
3150 2955 3235 3010 καὶ
3323 2956 3745 3034 καρποφοροῦσιν
3826 2954 3889 3011 ἓν

2223 3040 2505 3118 τριάκοντα
2558 3043 2643 3097 καὶ
2701 3043 2755 3097 ἓν
2835 3042 3090 3111 ἑξήκοντα
3134 3045 3223 3099 καὶ
3278 3044 3334 3100 ἓν
3394 3046 3603 3102 ἑκατόν.
3647 3066 3670 3099 ε
3720 3045 3887 3123 Τρεῖς

485 3134 657 3195 dines
683 3142 820 3194 sunt
854 3135 964 3195 hoc
1001 3136 1125 3195 loco
1150 3152 1352 3194 eorum
1386 3134 1444 3194 in
1477 3136 1696 3215 quibus
1730 3136 1973 3198 verbum
2010 3157 2141 3219 per-

2230 3127 2396 3194 τάξεις
2474 3131 2601 3186 εἰσὶν
2654 3130 2871 3189 ἐνταῦθα
2941 3132 3039 3199 τῆς
3088 3132 3357 3196 ἀπωλείας
3412 3139 3505 3190 τοῦ
3563 3132 3747 3211 λόγου.
3822 3138 3886 3191 Οἱ

487 3221 829 3287 ditur.Nam
885 3224 945 3284 hi
975 3223 1073 3304 qui
1104 3232 1240 3284 sunt
1272 3242 1447 3287 secus
1481 3224 1655 3307 viam,
1694 3240 1898 3306 parum
1933 3218 2139 3290 attenti

2230 3218 2320 3294 μὲν
2364 3221 2462 3297 γὰρ
2520 3221 2664 3299 παρὰ
2719 3221 2816 3287 τὴν
2874 3220 3012 3294 ὁδὸν,
3098 3222 3436 3298 ἀπρόσεκτοι,
3520 3226 3567 3281 οἱ
3610 3221 3664 3278 δὲ
3742 3224 3885 3301 παρὰ

484 3320 641 3393 sunt;
680 3312 741 3374 hi
771 3321 965 3373 autem
1011 3313 1108 3393 qui
1154 3322 1579 3394 comparantur
1628 3330 1835 3395 petrae,
1892 3318 2138 3396 pusilla-

488 3401 703 3479 nimes;
754 3402 839 3464 illi
873 3420 1010 3463 vero
1044 3404 1144 3482 qui
1179 3413 1600 3483 comparantur
1634 3405 1844 3485 spinis,
1876 3407 2133 3468 delicati.

486 3490 702 3552 Eorum
727 3510 965 3573 quoque
987 3493 1085 3572 qui
1109 3492 1436 3572 suscipiunt
1464 3502 1883 3556 etconservant
1905 3515 2136 3575 semen,

487 3581 763 3643 similiter
794 3589 915 3643 tres
939 3595 1073 3642 sunt
1103 3582 1370 3643 mdines.
1396 3580 1540 3642 Nam
1575 3583 1675 3663 qui
1708 3584 1960 3645 fructum
1996 3587 2143 3646 affe-

487 3678 625 3731 runt
652 3671 1162 3751 centuplum,sunt
1192 3671 1291 3751 qui
1328 3671 1646 3751 perfectam
1679 3681 1733 3732 et
1758 3692 2048 3733 summam
2069 3673 2148 3734 vi-

490 3767 606 3823 tam
641 3773 847 3838 agunt;
879 3760 977 3840 qui
1007 3769 1203 3821 autem
1255 3761 1734 3840 sexagecuplum,
1800 3763 1860 3822 hi
1915 3764 2146 3823 medio-

490 3868 680 3925 crem;
711 3851 769 3911 hi
799 3869 939 3911 vero
1002 3850 1105 3930 qui
1157 3850 1571 3929 trigecuplum,
1630 3859 1768 3910 sunt
1812 3851 1912 3932 qui
1974 3872 2151 3932 parva

490 3939 758 4020 quidem,
785 3940 1039 4000 all‘eruut
1073 3949 1268 4000 tamen
1302 3948 1358 4001 et
1385 3940 1495 4019 ipsi
1525 3959 1628 4019 pro
1675 3941 1798 4001 suis
1830 3941 2071 4022 Viribus,
2093 3951 2152 4004 ut

492 4028 752 4109 exempli
784 4028 987 4107 gratia,
1016 4028 1271 4106 virgines
1297 4037 1354 4089 et
1383 4028 1633 4091 solitarii
1666 4050 1678 4091 :
1716 4030 1853 4091 item
1906 4032 2001 4091 alii
2052 4035 2147 4113 qui

491 4120 553 4181 in
573 4118 861 4181 ccenobiis
894 4127 950 4180 et
980 4118 1540 4196 congregationibus
1569 4119 1892 4181 vivunt:alii
1918 4140 2152 4202 quoque

492 4208 625 4271 laici
656 4217 714 4269 et
746 4210 1069 4288 conjugati.
1122 4211 1546 4270 Verumtamen
1602 4209 1888 4271 Dominus
1940 4230 2149 4274 omnes

490 4306 772 4379 tanquam
820 4298 1078 4360 fructum
1135 4297 1456 4361 afferentes
1509 4298 1771 4380 suscipit.
1813 4300 2011 4363 Gratia
2072 4302 2150 4365 sit

492 4389 623 4468 ejus
654 4387 1082 4449 misericordiae

572 4477 751 4588 Yens.
788 4476 988 4588 ﬁll-:23
1042 4505 1062 4533 ιι
1098 4477 1176 4588 Et
1216 4477 1472 4539 dicebat‘
1497 4477 1616 4588 illis
1653 4497 1666 4537 :
1700 4481 1855 4588 bium
1908 4481 2214 4588 lucerna!)

488 4567 649 4632 venit
680 4567 976 4629 ulsubter
1023 4568 1284 4629 modium
1338 4576 1609 4648 ponatur.
1645 4576 1746 4631 aut
1792 4587 1972 4648 super
2023 4571 2146 4631 lec-

492 4657 650 4723 tum?
680 4656 889 4719 Nonne
920 4666 983 4718 ut
1013 4676 1193 4737 super
1238 4656 1659 4718 candelabrum
1713 4658 1995 4737 ponatur?
2022 4658 2149 4721 Non

489 4758 582 4813 est
600 4753 761 4811 enim
797 4750 926 4809 ⁵92
959 4749 1280 4830 quidquam
1334 4748 1629 4811 occultum
1677 4748 1832 4827 quod
1870 4768 1983 4808 non
2020 4768 2147 4810 ma-

495 4839 850 4901 nifestetur:
890 4858 1084 4920 neque
1117 4840 1220 4900 fuit
1250 4846 1577 4917 secretum,
1609 4837 1724 4898 nisi
1754 4848 1813 4897 ut
1842 4837 1899 4897 in
1931 4857 2150 4919 propa-

491 4928 679 4990 tulum
713 4930 929 4990 veniat.
965 4928 1025 4990 Si
1073 4928 1204 5008 quis
1238 4926 1414 4987 habet
1446 4944 1623 4987 aures
1652 4927 1722 4985 ad
1760 4925 2144 5005 audiendum,

489 5017 712 5080 audiat.
738 5038 766 5078 ε
790 5017 917 5079 Hoc
948 5019 1077 5079 loco
1110 5018 1390 5079 admonet
1416 5018 1714 5095 apostolos
1739 5025 1801 5076 ut
1831 5017 1949 5077 sint
1977 5019 2152 5081 clarae

491 5116 549 5169 et
578 5106 845 5169 honesta:
863 5108 1015 5180 vitae;
1043 5106 1360 5168 dicitenim
1387 5128 1399 5168 :
1426 5105 1592 5168 Sicut
1623 5104 1867 5167 lucerna
1910 5108 2149 5186 punitur

489 5204 555 5259 ut
581 5196 883 5277 luceat,ita
915 5197 1113 5257 etvita‘
1134 5204 1325 5257 vestra
1349 5196 1626 5256 omnibus
1657 5198 1978 5275 conspicua
2012 5199 2144 5273 erit,

487 5293 549 5348 et
578 5304 788 5349 omnes
818 5285 891 5346 ad
933 5285 1124 5366 ipsum
1168 5285 1494 5364 respicient
1528 5306 1539 5343 :
1583 5283 1807 5345 idcirco
1834 5290 1967 5347 date
2000 5306 2148 5367 ope-

488 5392 615 5437 ram
649 5384 714 5437 ut
740 5375 854 5437 vita
882 5384 1075 5437 vestra
1105 5375 1259 5435 bona
1290 5376 1387 5437 sit.
1423 5374 1625 5455 Neque
1649 5374 1809 5434 enim
1843 5376 1898 5435 in
1932 5378 2147 5455 angulo

488 5464 736 5546 sedetis,
770 5465 874 5526 sed
908 5465 1153 5527 lucerna
1184 5466 1631 5527 estis.Lucerna
1669 5472 1864 5524 autem
1896 5484 2010 5525 non
2038 5466 2147 5528 sub

481 5554 635 5617 lecto
667 5555 1140 5631 occultatur,sed
1168 5554 1233 5616 sd
1271 5573 1452 5635 super
1479 5553 1901 5615 candelabrum
1934 5559 2144 5635 posita,

481 5645 661 5717 lucet.
698 5644 797 5708 Est
829 5653 1027 5708 autem
1061 5652 1120 5708 et
1140 5644 1551 5725 unusquisque
1573 5644 2144 5723 nostrum,lucerna,

2221 3307 2321 3374 τὴν
2377 3308 2602 3389 πέτραν,
2661 3313 3015 3389 μικρόψυχοι,
3062 3312 3103 3367 oi
3168 3310 3222 3366 δὲ
3278 3313 3420 3391 παρά
3487 3314 3582 3375 τὰς
3626 3313 3878 3392 ἀκάνθας,

2223 3399 2268 3452 οἱ
2312 3398 2592 3477 τρυιρηταί,
2646 3400 2761 3457 Tum
2839 3398 3022 3475 μέντοι
3066 3398 3506 3479 παραδεξαμένων
3553 3406 3640 3458 καὶ
3681 3399 3885 3458 διασω-

2227 3486 2431 3543 σάντων
2491 3490 2581 3543 τὸν
2614 3510 2831 3568 σπορον,
2890 3487 3049 3544 πάλιν
3108 3503 3255 3569 τρεῖς
3297 3490 3490 3557 τάξεις·
3529 3494 3576 3547 οἱ
3620 3491 3718 3563 μὲν
3745 3513 3885 3569 καρ-

2228 3583 2583 3655 ποφοροῦντες
2643 3575 2696 3632 ἓν
2756 3578 2968 3651 ἑκατὸν,
3028 3580 3076 3635 οἱ
3132 3577 3333 3637 τέλειον
3388 3581 3501 3657 βίον
3556 3582 3643 3636 καὶ
3715 3580 3888 3659 ἀκρό-

2228 3687 2384 3722 τατον
2444 3666 2665 3745 ἔχοντες
2701 3683 2714 3696 ⁸
2764 3669 2811 3723 οἱ
2854 3665 2909 3722 δὲ
2955 3667 3011 3722 ἓν
3040 3667 3315 3744 ἑξήκοντα,
3348 3672 3393 3726 οἷ
3424 3670 3604 3746 μέσως
3636 3669 3882 3750 ἔχοντες,

2230 3756 2278 3810 οἱ
2322 3753 2375 3810 δὲ
2407 3756 2460 3811 ἓν
2518 3761 2820 3835 τριάκοντα,
2884 3755 2999 3813 ὅσοι
3059 3758 3221 3836 μικρὰ
3265 3762 3387 3834 μὲν,
3432 3758 3575 3827 πλὴν
3604 3762 3693 3815 καὶ
3740 3761 3890 3818 αὐτοὶ

2231 3846 2367 3901 κατὰ
2428 3844 2643 3921 δύναμιν
2702 3846 3022 3926 εἰσφέροντες
3058 3862 3071 3875 '
3135 3851 3274 3923 οἷον,
3328 3850 3374 3905 οἱ
3409 3848 3507 3925 μέν
3536 3850 3636 3906 εἶσι
3686 3849 3893 3925 παρθέ-

2234 3954 2318 3991 νοι
2374 3936 2461 3991 καὶ
2505 3936 2773 4014 ἐρημικοὶ,
2836 3934 2987 3993 ἄλλοι
3069 3936 3289 4017 μιγάδες
3361 3940 3448 3995 καὶ
3504 3937 3559 3994 ἐν
3614 3937 3890 4014 κοινοίῖίῳ⁹

2234 4024 2399 4104 ἕτεροι
2445 4026 2627 4082 λαϊκοὶ
2682 4028 2770 4082 καὶ
2820 4026 2874 4082 ἐν
2928 4027 3109 4103 γάμῳ,
3168 4026 3315 4095 Πλὴν
3366 4029 3567 4090 πάντας
3625 4030 3651 4085 ὁ
3699 4029 3893 4108 Κύριος

2232 4117 2305 4179 ὡς
2378 4124 2843 4196 καρποφοροῦντας
2913 4113 3133 4194 δέχεται
3169 4132 3182 4147 ⁸
3248 4119 3333 4173 καὶ
3405 4116 3563 4198 χάρις
3621 4123 3689 4195 τῇ
3732 4122 3897 4178 αύτού

2234 4204 2616 4286 φιλανθρωπίᾳ.

2319 4496 2345 4528 ε
2397 4475 2495 4531 Καὶ
2538 4471 2714 4551 ἔλεγεν
2764 4475 2994 4547 αὐτοῖς·
3042 4476 3129 4545 Μή
3160 4496 3210 4531 τι
3244 4479 3270 4533 ὁ
3301 4475 3499 4557 λύχνος
3532 4476 3749 4557 ἔρχεται
3791 4476 3891 4534 ἵνα

2233 4568 2335 4623 ὑπὸ
2377 4567 2467 4622 τὸν
2524 4562 2709 4640 μόδιον
2753 4567 2901 4643 τεθῇ,
2960 4562 2996 4632 ἢ
3056 4565 3157 4621 ὑπὸ
3214 4567 3310 4634 τὴν
3352 4566 3537 4634 κλίνην
3572 4588 3588 4643 ς
3623 4571 3733 4648 Οὐχ
3794 4568 3895 4625 ’ἱνα

2233 4656 2317 4713 ἐπὶ
2373 4657 2472 4722 τὴν
2531 4653 2751 4734 λυχνίαν
2796 4654 3055 4731 ὲπιτεθῇ;
3115 4655 3187 4713 0")
3246 4656 3344 4734 γάρ
3401 4656 3510 4711 ἐστί
3555 4680 3603 4711 τι
3633 4659 3888 4732 κρυπτὸν,

2233 4748 2261 4804 ὃ
2316 4746 2407 4801 ἐὰν
2464 4747 2541 4821 μή
2586 4748 2881 4825 φανερωθῇ.
2941 4743 3059 4802 οὐδὲ
3106 4745 3314 4825 ἐγένετο
3372 4748 3699 4827 ἀπόκρυφον,
3769 4748 3890 4805 ἀλλ’

2232 4836 2325 4892 ἵνα
2382 4837 2455 4899 εἰς
2516 4837 2739 4917 φανερὸν
2825 4835 2976 4913 ἔλθῃ.
3039 4835 3105 4893 Εἴ
3161 4860 3242 4901 τις
3314 4837 3431 4918 ἔχει
3487 4839 3601 4893 ὦτα
3655 4838 3886 4915 ἀκούειν,

2233 4924 2493 4989 ἀκουέτω.
2572 4949 2601 4982 ι
2688 4924 2942 4986 Ἐνταῦθα
3028 4940 3277 5006 παραινεῖ
3353 4940 3471 4992 τοῖς
3544 4927 3885 5000 ἀποστόλοις,

2232 5014 2505 5094 λαμπροὺς
2540 5016 2682 5071 εἶναι
2734 5017 2871 5072 κατὰ
2927 5018 3019 5073 τὸν
3080 5018 3192 5094 βίον
3271 5018 3359 5073 καὶ
3411 5017 3509 5085 τὴν
3567 5016 3836 5075 πολιτείαν
3872 5035 3887 5049 ⁸

2237 5095 2454 5185 ’Ὠσπερ
2507 5107 2607 5185 γὰρ
2638 5108 2666 5161 ὁ
2710 5105 2932 5186 λύχνος,
2965 5109 3148 5187 φησὶν,
3203 5108 3276 5170 εἰς
3320 5106 3382 5163 τὸ
3410 5105 3641 5183 λάμπειν
3673 5109 3884 5183 τίθεται,

2233 5194 2371 5253 οὕτω
2428 5199 2515 5253 καὶ
2560 5200 2587 5253 ὁ
2631 5194 2880 5274 ὅμέτερος
2923 5198 3036 5274 βίος
3109 5192 3238 5255 πᾶσι
3309 5195 3651 5276 περίϐλεπτος
3717 5197 3879 5267 ἔσται,

2231 5287 2317 5340 καὶ
2362 5287 2555 5350 πάντες
2601 5289 2731 5366 πρὸς
2773 5288 2929 5344 αὑτὸν
2992 5287 3280 5365 βλέψουσιν
3315 5304 3330 5319 ⁸
3393 5286 3531 5342 ὥστε
3561 5284 3884 5343 σπουδάσατε

2232 5377 2426 5455 ἀγαθόν
2456 5378 2568 5454 βίον
2613 5376 2787 5457 ἔχειν,
2835 5379 2907 5436 Οὐ
2964 5380 3063 5456 γὰρ
3119 5378 3173 5434 ὲν
3232 5378 3395 5457 γωνίᾳ
3452 5377 3700 5445 κάθησθε,
3753 5370 3889 5427 ἀλλὰ

2232 5469 2427 5547 Λύχνος
2486 5467 2627 5529 ἐστέ.
2692 5460 2749 5526 Ὀ
2794 5467 2848 5524 δὲ
2884 5467 3085 5548 λύχνος
3135 5469 3239 5549 οὐχ
3268 5469 3370 5524 ὑπὸ
3399 5465 3582 5530 κλίνην
3612 5463 3894 5539 κρύπτεται

2232 5555 2353 5614 ἀλλ’
2417 5557 2472 5613 ἐν
2502 5564 2571 5635 τῇ
2603 5556 2797 5638 λύχνίᾳ
2853 5560 3017 5623 τεθεὶς
3076 5561 3279 5639 φαίνει,
3317 5557 3490 5617 ’Ἔστι
3534 5554 3589 5610 δὲ
3633 5555 3719 5612 καὶ
3743 5551 3899 5628 ἡμῶν

2232 5648 2489 5724 ἕκαστος,
2525 5646 2743 5731 λύχνος,
2804 5649 2860 5715 ὃς
2926 5647 3126 5731 ὀφείλει
3218 5649 3445 5707 τίθεσθαι
3504 5645 3589 5703 ἐπὶ
3645 5644 3743 5713 τὴν
3802 5644 3899 5701 λυ-
