4170 6402
301 349 423 421 537

1062 357 1504 421 ENARRATIO
1547 353 1621 419 IN
1668 350 2175 419 EVANGELIUM
2224 352 2483 413 MARCI.
2537 384 2611 395 —
2656 350 2819 414 CAP.
2871 354 2942 411 ν.

3590 347 3707 413 538

299 494 503 579 γίνεται
576 492 775 570 λαίλαψ
834 493 1028 569 ἀνέμου
1082 488 1320 570 μεγάλη⁹
1393 512 1460 547 τα
1508 487 1563 579 δέ
1593 489 1802 565 κύματα
1859 485 1958 543 ἒπ-

2051 483 2311 565 procella
2330 484 2490 548 venti
2514 492 2814 564 magna,et
2834 482 3049 579 ﬂuctus
3071 482 3381 549 irruebant
3400 484 3463 547 in
3483 485 3703 562 navim,

300 578 523 640 ἄϐαλλεν
593 585 664 649 εἰς
716 584 782 638 τὸ
836 582 1052 661 πλοῖον,
1112 580 1249 637 ὥστε
1315 581 1442 640 αὐτὸ
1497 578 1601 649 ἢδη
1633 580 1958 657 γεμίζεσθαι’

304 672 413 732 Καὶ
483 674 549 741 ἧν
608 674 764 737 αὐτὸς
808 672 894 729 ἐπὶ
922 679 991 749 τῇ
1035 672 1247 751 πρύμνῃ
1300 670 1386 727 ἰπὶ
1426 672 1488 727 τὸ
1536 665 1961 748 προσκεφάλαιον

300 762 592 844 καθεύδων,
682 764 769 820 καὶ
848 761 1186 840 διεγείρουσιν
1268 761 1449 835 αὐτὸν,
1545 762 1633 817 καὶ
1715 756 1960 837 λέγουσιν

301 853 469 927 αὐτῷ’
536 852 854 928 Διδάσκαλε,
893 856 953 911 οὒ
997 852 1148 929 μέλει
1179 875 1262 910 σοι
1296 851 1378 909 ὅτι
1410 850 1753 927 ἀπολλύμεθα
1789 871 1805 922 ;
1860 850 1961 908 Καὶ

301 942 604 1022 διεγερθεὶς,
665 942 955 1020 ἀπετίμησε
1012 950 1088 1018 τῷ
1147 942 1351 1018 ἀνέμῳ,
1414 942 1504 998 καὶ
1561 955 1683 998 εϊπε
1740 946 1810 1017 τῇ
1857 941 1959 995 θα-

300 1031 498 1109 λάσσῃ⁶
559 1034 770 1106 Σιώπα,
843 1033 1147 1114 πεφίμωσο.
1185 1032 1283 1091 Καὶ
1350 1030 1612 1089 ἐκόπασεν
1655 1033 1683 1087 6
1737 1027 1955 1105 ἄνεμος,

300 1124 389 1179 καὶ
446 1121 655 1201 ἐγένετο
713 1121 924 1202 γαλήνη
986 1121 1223 1201 μεγάλη,
1285 1122 1373 1179 καὶ
1434 1121 1590 1177 ε’ίπεν
1642 1120 1850 1183 αὐτοῖς·
1900 1121 1961 1177 Τί

299 1209 465 1269 δειλοί
536 1212 651 1268 ἔστε
681 1212 821 1270 οὕτω
867 1232 883 1288 ;
933 1213 1054 1277 Πῶς
1087 1216 1199 1289 οὒκ,
1215 1211 1371 1292 ἔχετε
1427 1212 1604 1267 πίστιν
1652 1231 1668 1285 ;
1706 1210 1805 1267 Καὶ
1835 1208 1965 1287 ἐφο-

299 1297 541 1371 ϐήθησαν
608 1300 772 1381 φόϐον
824 1300 1017 1380 μέγαν,
1077 1302 1164 1357 καὶ
1230 1299 1416 1379 ’έλεγον
1475 1299 1607 1378 πρὸς
1666 1295 1959 1367 ἀλλήλους’

300 1392 392 1455 τίς
451 1391 552 1470 ἄρα
607 1390 759 1455 οὗτός
791 1389 954 1471 ἐστιν,
988 1390 1069 1448 ὅτι
1113 1390 1201 1447 καὶ
1244 1393 1272 1446 6
1303 1387 1496 1465 ἄνεμος
1545 1387 1698 1466 καὶξή
1726 1385 1966 1443 θάλασσα

298 1482 652 1538 ὑπακούουσιν
719 1484 860 1556 αὐτῷ
895 1503 911 1556 ;
993 1510 1011 1535 1
1055 1479 1289 1543 ’Ἄλλως
1322 1479 1421 1557 μὲν
1450 1486 1615 1538 ταῦτα
1663 1476 1962 1557 διηγήσατο

300 1574 328 1627 6
388 1574 683 1650 Ματθαϊος,
718 1569 893 1635 ἄλλως
936 1569 991 1627 δὲ
1022 1573 1050 1627 6
1096 1572 1333 1650 Μάρκος·
1381 1568 1418 1626 ἅ
1449 1570 1548 1649 γὰρ
1592 1568 1803 1633 ἂκεϊνος
1834 1566 1961 1623 εἶπε

2046 576 2126 637 ita
2157 582 2220 636 ut
2257 575 2357 640 illa
2390 575 2518 656 jam
2556 574 2933 657 impleretur.
2983 573 3057 636 Et
3088 582 3214 636 erat
3255 575 3385 656 ipse
3425 576 3485 638 in
3522 575 3706 658 puppi

2044 682 2228 745 super
2252 664 2504 728 cervical
2537 664 2873 742 dormiens,
2899 672 2958 726 et
2991 666 3245 728 excitant
3273 684 3432 741 eum,
3464 666 3703 729 dicunt-

2045 772 2159 834 que
2189 753 2276 816 illi
2310 774 2323 818 :
2363 756 2730 837 Praeceptor,
2765 770 2884 817 non
2916 763 3004 817 est
3035 754 3138 816 tibi
3169 772 3327 817 curae
3356 754 3510 837 quod
3539 754 3701 836 peri-

2044 844 2323 907 mus?Et
2374 844 2664 908 excitatus
2722 844 3053 927 increpavit
3122 853 3386 921 ventum,
3436 844 3704 926 dixitque

2044 935 2241 996 mari:
2268 937 2446 1017 Tace,
2479 936 2851 999 obmutesce.
2882 937 2959 998 Et
2987 935 3327 1017 conquievit
3354 942 3590 1007 ventus,
3618 936 3702 997 fa-

2043 1032 2255 1106 ctaque
2287 1032 2378 1087 est
2428 1024 2830 1107 tranquillitas
2862 1045 3099 1107 magna,
3132 1037 3192 1088 et
3239 1026 3318 1088 ait
3356 1026 3517 1088 illis:
3549 1024 3701 1099 Quid

2044 1114 2236 1175 timidi
2261 1115 2405 1177 estis
2430 1115 2610 1179 adeo?
2629 1114 2739 1188 Qui
2774 1116 2836 1177 fit
2864 1123 2928 1177 ut
2958 1135 3075 1177 non
3097 1114 3361 1178 habeatis
3392 1115 3704 1179 ﬁduciam?

2049 1201 2122 1265 Et
2153 1204 2476 1266 timuerunt
2536 1205 2749 1266 timore
2806 1223 3043 1284 magno.
3103 1205 3501 1288 dicebantque
3547 1206 3708 1268 inter

2051 1308 2184 1354 sese
2216 1313 2231 1354 :
2264 1292 2550 1365 Quisnam
2584 1294 2681 1355 hic
2714 1301 2825 1375 est,
2860 1294 2999 1376 quia
3030 1304 3242 1357 ventus
3272 1302 3332 1357 et
3358 1304 3521 1358 mare
3552 1292 3702 1356 ohe-

2051 1381 2221 1443 diunt
2251 1382 2358 1445 ei?
2396 1407 2418 1440 »
2455 1382 2643 1446 Aliter
2672 1383 2799 1446 haec
2839 1384 3131 1446 enarravit
3162 1385 3492 1459 Matthaeus,
3528 1385 3704 1448 aliter

2051 1474 2303 1533 Marcus.
2330 1473 2479 1535 Nam
2513 1491 2644 1554 qua:
2675 1473 2775 1535 ille
2816 1472 2963 1535 dixit
2991 1472 3284 1548 diffusius,
3314 1473 3409 1536 hic
3440 1474 3499 1535 in
3531 1493 3699 1537 com-

2051 1561 2335 1642 pendium
2368 1565 2662 1625 contraxit
2695 1581 2708 1625 :
2745 1570 2805 1625 et
2838 1582 2870 1625 e
2900 1564 3134 1626 diverso
3166 1583 3299 1646 quae
3328 1562 3431 1626 ille
3462 1572 3703 1626 contra-

299 1649 676 1740 πλατύτερον,
729 1663 878 1726 οὗτος
962 1649 1285 1717 συνέστειλεο
1349 1660 1437 1717 καὶ
1546 1657 1867 1735 τούναντίον,
1928 1655 1958 1712 ἆ

2051 1649 2222 1727 otius,
2251 1650 2634 1740 hicdiﬂ‘usius
2650 1651 2819 1714 dicit.
2845 1652 3114 1715 Assumit
3136 1652 3317 1733 igitur
3345 1652 3505 1715 solos
3527 1652 3704 1715 disci-

300 1750 507 1814 ἰκεϊνος
536 1738 544 1740 ὴ
574 1749 922 1823 συνέστειλεν,
984 1752 1135 1814 οὗτος
1164 1748 1425 1806 ἐπλάτυνε
1460 1747 1609 1827 (57).
1662 1744 1958 1825 Παραλαμ-

2051 1739 2355 1821 pulos,qui
2376 1740 2556 1801 futuri
2591 1741 2859 1803 miraculi
2890 1750 3258 1822 spectatores
3287 1742 3701 1806 essent.Porro

298 1839 446 1897 ϐάνει
502 1841 588 1899 οὖν
642 1841 833 1917 μόνους
863 1842 985 1904 τοὺς
1017 1839 1283 1915 μαθητὰς,
1330 1839 1521 1901 θεατὰς
1544 1846 1636 1896 τοῦ
1667 1834 1958 1913 μέλλοντος

2051 1847 2118 1891 ne
2149 1829 2580 1891 extollerentur
2608 1831 2765 1909 quod
2799 1830 2959 1912 ipsos
2991 1831 3254 1893 dimissis
3283 1830 3414 1894 aliis
3461 1850 3700 1896 assum-

298 1930 507 1987 ἒσεσθαι
563 1930 829 2007 θαύματος
885 1933 1074 1987 ποιῶν’
1134 1927 1228 1986 ἵνα
1298 1926 1352 1984 δὲ
1389 1927 1468 2003 μὴ
1526 1926 1819 2003 ἐπαρθῶσιν
1876 1925 1957 1981 δτι

2051 1928 2263 2000 pserat,
2291 1927 2349 1981 et
2374 1928 2436 1983 ut
2459 1919 2673 1983 doceat
2701 1920 2978 1982 ferendas
3002 1921 3379 1997 tentationes,
3417 1920 3703 2003 relinquit

298 2020 423 2082 τοὺς
480 2018 674 2084 ἄλλους
735 2018 1015 2096 ἐκπέμψας
1050 2018 1237 2082 αὐτοὺς
1281 2016 1571 2097 κατέσχεν,
1602 2015 1789 2094 ἀφίησι
1820 2012 1956 2069 κλυ-

2051 2026 2145 2071 eos
2189 2009 2471 2091 procellis
2500 2010 2840 2091 periclitari.
2889 2009 3118 2072 Dormit
3161 2023 3384 2083 autem,
3415 2019 3478 2072 ut
3511 2012 3703 2092 majus

299 2107 644 2190 δωνισθῆναι,
701 2112 791 2167 καὶ
845 2109 956 2185 ἅμα
1009 2108 1095 2165 ’ἱνα
1153 2105 1331 2185 διδάξῃ
1382 2106 1706 2186 πειρασμοὺς
1754 2102 1952 2184 φέρειν,

2051 2103 2329 2190 appareat
2372 2100 2751 2175 miraculum,
2787 2119 2921 2161 cum
2973 2101 3135 2181 prius
3166 2100 3390 2164 turbati
3422 2100 3695 2164 fuissent.

303 2196 549 2257 Καθεύδει
620 2186 701 2274 δὲ,
764 2197 857 2255 ’ίνα
888 2198 1076 2274 μεῖζον
1106 2202 1246 2279 φανῇ
1289 2198 1472 2261 αὒτοϊς
1502 2196 1563 2251 τὸ
1593 2198 1789 2270 θαῦμα,
1825 2192 1957 2271 πρό-

2051 2186 2189 2251 Nam
2223 2188 2276 2252 si
2307 2187 2609 2270 vigilasset
2637 2191 2933 2265 Christus,
2960 2199 3019 2253 et
3047 2190 3197 2252 facta
3226 2190 3433 2252 fuisset
3468 2201 3697 2270 tempe-

300 2310 450 2367 τερον
518 2287 907 2367 θορυϐηθεϊσινο
983 2291 1026 2345 εἰ
1056 2289 1156 2366 γὰρ
1186 2286 1540 2366 έγρηγορότος
1590 2294 1683 2343 τοῦ
1732 2290 1958 2364 Χριστοῦ

2051 2286 2187 2354 stas,
2220 2279 2310 2341 vel
2342 2299 2460 2341 non
2492 2279 2953 2354 timuissent,vel
2988 2298 3105 2341 non
3138 2289 3428 2342 orassent:
3453 2281 3701 2360 proinde

298 2380 326 2434 6
356 2375 559 2434 κλύδων
591 2378 826 2457 ἰγένετο,
860 2377 894 2446 ἧ
939 2378 1033 2435 οὔκ
1064 2376 1124 2433 ἄν
1150 2374 1513 2456 εφοϐήθησαν,
1544 2372 1580 2441 ἤ
1599 2375 1694 2431 οὒκ
1724 2372 1786 2429 ἂν
1816 2395 1958 2447 παρ-

2051 2368 2315 2449 permisit
2349 2387 2451 2431 eos
2471 2368 2531 2430 in
2558 2378 2777 2431 metum
2806 2369 3056 2449 periculi
3104 2369 3392 2447 incidere,
3426 2387 3544 2450 quo
3575 2369 3696 2431 vir-

301 2465 581 2527 εκάλεσαν.
612 2464 858 2547 Ἀφίησιν
912 2468 1001 2524 οὖν
1062 2466 1249 2529 αὖτοὺς
1285 2463 1434 2544 φοϐῳ
1464 2462 1702 2521 κινδύνου
1733 2484 1958 2543 περιπε-

2051 2465 2229 2520 tutem
2253 2458 2441 2539 ipsius
2464 2459 2758 2520 sentirent
2783 2459 3330 2533 manifestius.Quia
3363 2460 3522 2521 enim
3544 2458 3700 2521 vide-

298 2570 442 2635 σεϊν,
502 2556 597 2613 ’ἕνα
652 2559 723 2620 εἰς
778 2556 1027 2623 αἴσθησιν
1058 2564 1162 2620 τῶς
1209 2556 1366 2613 αυτοῦ
1408 2553 1680 2631 δυνάμεως
1712 2552 1955 2616 ἔλθωσιν,

2051 2545 2185 2608 bant
2215 2547 2349 2610 aliis
2370 2546 2662 2610 beneﬁcia
2677 2546 2828 2629 dari,
2866 2567 2999 2609 sese
3021 2557 3218 2611 autem
3254 2549 3416 2610 nullo
3437 2549 3532 2611 tali
3559 2548 3698 2624 frui,

299 2646 451 2705 Ἐπεὶ
505 2649 609 2725 γὴρ
661 2649 781 2710 τοὺς
841 2648 938 2723 μὲν
969 2645 1160 2711 ἄλλους
1191 2644 1412 2702 ἔϐλεπον
1461 2641 1953 2723 εὖεργετουμένους,

2051 2637 2370 2717 periculum
2416 2645 2544 2700 erat
2590 2657 2666 2700 ne
2710 2638 2922 2700 tierent
2966 2639 3447 2718 negligentiores.
3500 2637 3705 2720 Itaque

298 2737 444 2793 αὑτοὶ
501 2734 555 2792 δὲ
586 2735 792 2800 οὐδενὸς
824 2738 1058 2793 τοιούτου
1089 2734 1429 2814 ἀπήλαυσαν,
1461 2731 1695 2797 κίνδυνις
1742 2732 1806 2801 ἧν
1856 2732 1956 2810 ῥᾳ-

2051 2735 2459 2808 tempestatem
2479 2727 2638 2789 oriri
2682 2727 2995 2809 permittit.
3026 2727 3211 2790 Porro
3242 2746 3420 2809 super
3451 2729 3701 2794 cervical

296 2828 614 2906 θυμοτίρους
687 2827 874 2891 αὐτοὺς
936 2826 1199 2905 γενέσθαι.
1264 2832 1554 2903 Συγχωρεϊ
1585 2821 1673 2878 οὖν
1707 2820 1957 2899 ἐπιγενέ-

2051 2816 2448 2899 dormit,quod
2473 2817 2535 2878 iu
2563 2818 2698 2879 navi
2746 2825 2891 2898 erat,
2922 2817 3206 2879 nimirum
3241 2817 3702 2895 ligneum.Exci-

298 2918 417 2972 σθαι
474 2918 566 2973 τὸν
622 2923 889 2995 χειμῶνα·
924 2914 1157 2972 καθεύδει
1215 2912 1269 2970 δὶ
1294 2913 1380 2970 ἐπὶ
1410 2914 1471 2969 τὸ
1530 2910 1955 2991 προσκεφάλαιον

2051 2912 2194 2965 tatus
2234 2923 2395 2979 vero,
2424 2905 2683 2986 primum
2730 2905 3058 2991 increpavit
3101 2914 3339 2967 ventum
3387 2906 3508 2987 (hic
3539 2908 3698 2969 enim

297 3007 360 3062 τὸ
415 3013 507 3063 τοῦ
561 3004 769 3086 πλοίου,
844 3004 1047 3071 ξύλινον
1089 3003 1144 3060 δὲ
1175 3025 1385 3068 παντως
1416 3005 1487 3070 ἦν
1528 3011 1705 3063 τοῦτο,
1739 3010 1951 3057 Διυπνι-

2051 3001 2131 3086 est
2156 2994 2257 3086 qui
2288 2996 2455 3086 ferox
2505 2994 2853 3086 reddiderat
2884 2992 3094 3086 mare),
3135 2995 3356 3058 deinde
3408 3004 3467 3086 et
3512 3014 3699 3059 mare.

297 3098 438 3161 σθεὶς
495 3094 592 3177 δὲ,
634 3081 854 3171 ἐπιτιμᾶ
936 3094 1187 3174 πρότερον
1243 3100 1319 3169 τῷ
1405 3091 1586 3167 ἀνέμῳ
1636 3089 1812 3161 (οὗτος
1857 3090 1957 3168 γὰρ

2051 3082 2379 3177 piscipulos
2399 3093 2597 3177 autem
2613 3085 3039 3177 increpavit,eo
3057 3086 3348 3177 quodnon
3372 3085 3705 3151 habuerant

298 3185 443 3243 ἐστιν
515 3172 671 3253 ὁγτὴν
695 3184 962 3242 θάλασσαν
993 3172 1277 3264 ἀγριαίνειν
1322 3180 1786 3261 παρασκευάζων),
1834 3180 1958 3236 εἶτα

2051 3173 2400 3264 fidem.Nam
2426 3172 2475 3235 si
2499 3174 2677 3236 fidem
2701 3174 3480 3255 habuissent,crediuissent
3499 3176 3701 3255 utique

296 3276 390 3332 καὶ
455 3274 718 3352 θαλάσσῃ.
783 3262 1074 3351 Ἐπιτιμᾷῃ
1096 3271 1150 3330 δὲ
1180 3274 1266 3330 καὶ
1297 3285 1416 3338 τοῖς
1445 3274 1739 3348 μαθηταῖς,
1775 3270 1849 3333 ὡς
1880 3270 1958 3344 μὴ

2051 3262 2201 3343 quod
2236 3272 2294 3325 et
2322 3263 2627 3327 dormiens
2661 3272 2863 3345 posset
2899 3264 3033 3324 illos
3064 3280 3302 3326 servare
3328 3264 3565 3326 illaesos.
3606 3265 3701 3326 Di-

298 3364 489 3445 Ξχουσι
563 3365 758 3421 πίστιν*
824 3366 869 3420 εί
927 3365 1028 3443 γὰρ
1087 3364 1250 3444 εἶχον
1308 3361 1502 3435 πίστιν,
1558 3358 1866 3415 ἐπίστευσαν
1899 3356 1958 3413 ἅν

2051 3352 2479 3445 cebantautem
2512 3354 2674 3445 inter
2696 3373 2760 3415 se
2797 3375 2809 3417 :
2857 3352 3141 3425 Quisnam
3172 3362 3262 3417 est
3307 3354 3450 3445 hic?
3491 3354 3701 3445 Adhuc

296 3454 382 3510 ὅτι
438 3453 527 3510 καὶ
584 3454 923 3531 κοιμώμενος
981 3452 1193 3509 δύναται
1225 3448 1481 3515 ἀϐλαϐεῖς
1526 3448 1713 3510 αὐτοὺς
1763 3445 1959 3514 διατη-

296 3550 485 3623 ρῆσαι.
547 3542 795 3622 ’Ἔλεγον
826 3542 879 3599 δὲ
922 3544 1053 3622 πρὸς
1084 3540 1373 3612 ἀλλήλους·
1410 3540 1497 3602 Τίς
1532 3536 1633 3617 ἄρα
1692 3536 1832 3594 ἐστὶν
1864 3536 1961 3592 οὗ·

296 3657 394 3699 τος
428 3649 446 3709 ;
511 3623 642 3691 ’Ἐτι
673 3635 773 3713 γὰρ
818 3632 1127 3715 ἀμφιϐόλως
1158 3632 1321 3711 εἶχον
1354 3630 1471 3708 περὶ
1491 3627 1671 3686 αὒτοῦ·
1705 3628 1833 3682 καθὸ
1863 3625 1962 3702 μὲν

294 3728 399 3803 γὰρ
450 3720 772 3801 ἒπιτάγματι
834 3724 980 3799 μόνῳ
1019 3724 1118 3790 τὴν
1148 3720 1419 3779 θάλασσαν
1475 3715 1963 3803 κατεκοίμισεηκαὶ

294 3795 416 3871 οὔτε
499 3795 695 3891 ῥάϐδῳ,
747 3795 845 3878 ὼς-
881 3816 908 3871 6
954 3795 1177 3885 Μωσῆς,
1238 3808 1353 3867 οὕτε
1386 3806 1666 3878 ἐπικλήσει
1696 3807 1769 3868 ὡς
1800 3808 1827 3861 6
1862 3795 1960 3863 Ἐ-

292 3902 544 3968 λισσαϊος
612 3904 705 3960 τὸν
764 3902 1053 3984 Ἰορδάνην,
1106 3902 1221 3959 οὔτε
1249 3906 1318 3977 τῇ
1366 3896 1578 3972 κιϐωτῷ
1619 3897 1693 3959 ὥς
1753 3894 1959 3984 Ἰησοῦς

293 3996 322 4050 6
355 3993 451 4050 1:05
484 3998 659 4068 Ναυῆ,
726 3991 812 4049 διὰ
841 3981 1013 4051 ⁷’τουτο
1070 3993 1203 4071 ὑπὲρ
1258 3990 1535 4069 ἄνθρωπον
1596 3986 1779 4050 αὐτοῖς
1837 3981 2007 4040 ὶδόκει
2041 3997 2056 4012 °

294 4104 444 4146 νετο.

923 4196 1172 4249 ΚΕΦΑΛ.
1242 4188 1320 4247 Ε’.

291 4279 421 4356 Περὶ
490 4285 584 4335 τοῦ
642 4278 927 4358 λεγεῶνας.
1004 4281 1127 4357 Περὶ
1184 4284 1282 4345 τῆς
1343 4275 1598 4358 θυγατρὸς
1667 4276 1759 4329 τοῦ
1787 4270 1955 4351 ἀρχι-

588 4356 921 4439 συναγώγου.
960 4356 1089 4438 Περὶ
1112 4365 1208 4426 τῆς
1255 4356 1661 4437 αἱμοῤῥοούσης.

380 4468 414 4507 ι
474 4450 571 4508 Καὶ
654 4448 816 4518 ἦλθον
866 4452 940 4515 είς
1012 4454 1072 4507 τὸ
1102 4450 1265 4527 πέραν
1298 4449 1394 4516 τῆς
1425 4444 1720 4515 θαλάσσης,
1753 4442 1825 4507 εἷς
1856 4442 1953 4510 τὴν

290 4538 484 4621 χώραν
553 4540 661 4596 τῶν
730 4537 1070 4620 Γαδαρηνων,
1136 4541 1233 4598 Καὶ
1276 4536 1533 4604 ἐξελθόντι
1578 4534 1722 4607 αὐτῷ
1773 4530 1833 4585 ἐκ
1861 4537 1951 4588 τοῦ

290 4628 504 4703 πλοίου,
568 4629 754 4694 εὖθέως
812 4630 1122 4701 ἀπήντησεν
1192 4633 1335 4704 αὐτῷ
1387 4627 1447 4683 ἐκ
1496 4631 1603 4683 τῶν
1675 4622 1949 4697 μνημείων

288 4719 565 4794 ἄνθρωπος
620 4718 675 4775 ἐν
734 4720 995 4795 πνεύματι
1056 4720 1335 4799 ἀκαθάρτῳ
1365 4716 1423 4781 ὅς
1485 4716 1582 4784 τὴν
1638 4732 1948 4799 κατοικησιν

2044 3442 2207 3504 enim
2241 3444 2316 3505 de
2347 3462 2418 3505 eo
2451 3442 2823 3506 dubitabant.
2858 3446 3149 3507 Caeterum
3180 3442 3510 3505 secundum
3541 3444 3700 3524 quod

2044 3531 2172 3593 solo
2220 3538 2518 3613 praecepto
2582 3550 2747 3594 mare
2806 3531 3054 3608 sedavit,
3118 3540 3176 3594 et
3230 3551 3347 3593 non
3407 3533 3596 3609 virga,
3639 3542 3703 3594 ut

2045 3625 2275 3703 Moyses
2329 3640 2494 3684 mare
2545 3640 2558 3684 :
2624 3640 2821 3704 neque
2882 3621 3275 3697 invocatione,
3334 3629 3398 3682 ut
3456 3620 3702 3683 Elisaeus

2044 3712 2364 3775 Iordanem
2404 3731 2417 3776 :
2452 3731 2646 3795 neque
2676 3731 2833 3787 arca,
2868 3711 3131 3775 utJesus
3161 3710 3355 3774 Nave:
3386 3720 3702 3793 propterea

2046 3819 2227 3882 super
2257 3802 2561 3865 hominem
2594 3803 2713 3865 illis
2743 3801 3073 3865 videbatur.
3107 3801 3173 3863 In
3218 3819 3289 3862 eo
3317 3809 3509 3864 autem
3542 3801 3698 3883 quod
3740 3810 3743 3813 '

2044 3890 2347 3967 dormivit,
2376 3911 2613 3971 rursum
2648 3894 2733 3955 eis
2763 3893 2944 3955 homo
2974 3891 3303 3953 videbatur.

2221 3985 2235 4001 ε
2335 3984 2351 4001 ς
2417 3983 2443 4005 ον
2790 3980 2819 4002 ιι
3353 3985 3368 4009 ,
3551 3980 3565 3998 ι
3617 3983 3667 4000 ..ο

2118 3986 2247 4039 καθο
2304 3980 2358 4039 δε
2416 4005 2728 4060 υπνωττειν,
2786 3986 3059 4065 ανθρωπος
3110 3980 3271 4039 πάλιν
3316 3996 3499 4047 αυτοῖς
3547 4004 3700 4062 εφαι-

2689 4179 2938 4255 CAPUT
2981 4183 3057 4242 V.

2167 4268 2257 4333 De
2286 4271 2523 4353 legione
2551 4271 2915 4353 daemonum,
2968 4270 3060 4333 De
3102 4270 3251 4353 ﬁlia,
3283 4270 3581 4351 principis

2363 4350 2730 4434 Synagogaa.
2767 4353 2854 4411 De
2892 4350 3374 4413 haemorrhois”.

2118 4443 2299 4508 Vens.
2338 4447 2506 4508 1-5.:
2536 4448 2612 4507 Et
2640 4454 2931 4507 venerunt
2960 4445 3204 4522 trajecto
3240 4444 3387 4506 mari
3416 4444 3477 4505 in
3507 4443 3703 4523 regio-

2035 4552 2175 4597 nem
2207 4534 2679 4600 Gadarenorum.
2713 4536 3100 4615 Egrossoque
3132 4532 3187 4595 ei
3233 4533 3308 4596 de
3342 4534 3471 4595 navi
3502 4532 3699 4594 statim

2034 4626 2297 4689 occurrit
2354 4647 2387 4690 e
2428 4627 2837 4689 monumentis
2895 4626 3074 4687 homo
3131 4624 3365 4705 spiritui
3412 4622 3702 4686 obnoxius

2033 4714 2370 4789 immundo,
2407 4717 2509 4799 qui
2539 4714 2906 4778 domicilium
2936 4712 3195 4777 habebat
3224 4714 3284 4774 in
3330 4730 3695 4775 monumen-

291 4809 457 4889 εἶχεν
516 4808 571 4865 ἒν
635 4822 752 4873 τοῖς
813 4811 1079 4887 μνήμασι,
1132 4797 1237 4866 καὶ-
1271 4807 1387 4866 οὔτε
1466 4804 1712 4863 ἄλὺσεσιν
1786 4797 1950 4889 οὖδεὶς

2051 4803 2204 4879 :is,et
2235 4797 2442 4888 neque
2462 4806 2686 4869 catenis
2709 4805 3020 4887 quisquam
3054 4810 3287 4884 poterat
3319 4821 3453 4865 eum
3487 4801 3694 4878 ligare,

290 4886 507 4957 ἀδύνατο
566 4902 723 4957 αὐτὸν
794 4898 980 4975 δῆσαι,
1055 4899 1139 4956 διὰ
1185 4900 1245 4955 τὸ
1277 4898 1434 4955 αὒτὸν
1464 4894 1725 4956 πολλάκις
1770 4886 1953 4955 πέδαις

2051 4886 2348 4975 ποριρτοεί
2376 4896 2533 4977 quod
2566 4914 2699 4957 cum
2735 4912 2893 4974 saepe
2927 4892 3317 4973 compedibus
3368 4900 3427 4954 et
3470 4889 3699 4952 catenis

290 4990 383 5045 καὶ
436 4988 649 5047 ἁλύσεσι
708 4988 963 5070 δεδέσθαι,
1022 4990 1109 5047 καὶ
1180 4988 1487 5046 διεσπάσθαι
1535 4982 1627 5042 ὑπ’
1674 4981 1831 5040 αὗτοῦ
1858 4979 1952 5043 τὰς

2051 4982 2272 5047 vinctus
2301 4985 2532 5067 fuisset,
2566 4983 2880 5065 discerptae
2931 4991 3130 5046 cssent
3180 4981 3253 5045 ab
3296 4982 3398 5045 illo
3447 4989 3695 5077 catenze.

1383 5118 1467 5182 Ex
1497 5115 1823 5181 collatione
1853 5118 2035 5182 codd.
2070 5121 2282 5187 Venet.
2318 5127 2383 5189 S.
2420 5124 2631 5189 Marci.

542 5251 705 5335 idem
738 5251 915 5335 C0d.,
952 5253 1114 5318 Οὗτος
1133 5250 1426 5335 ,ἐπλάτυνες
1447 5248 1623 5335 ΔΜετὰ
1653 5254 1745 5335 τού
1773 5247 1958 5335 πλείου

2051 5258 2338 5322 Cumnavi
2399 5258 2700 5324 videlicet.
2770 5258 2827 5318 in
2864 5272 3003 5335 qua
3055 5263 3182 5318 erat
3232 5253 3525 5335 Christus,
3570 5249 3704 5313 aliae

288 5329 524 5413 δηλαδη,
588 5333 663 5413 ἐν,
692 5337 738 5409 ᾧ
788 5334 854 5400 ἦν
899 5332 927 5389 6
965 5334 1211 5410 Χριστὸς,
1259 5333 1345 5389 καὶ
1378 5330 1514 5413 ἄλλα
1571 5329 1821 5413 πλοιάρια
1850 5329 1913 5398 ἧν
1942 5351 1956 5365 ⁸

2051 5339 2222 5400 etiam
2266 5339 2551 5401 naviculae
2609 5344 2801 5400 erant.
2864 5329 2949 5397 De
3007 5335 3097 5397 his
3147 5353 3285 5397 vero
3332 5333 3698 5395 mentionem

289 5407 588 5490 προσέθηκε
648 5407 719 5469 δέ
755 5415 871 5494 περὶ
924 5407 1126 5494 τούτων
1178 5413 1288 5494 οὔχ
1330 5411 1562 5494 ἁπλῶς,
1601 5407 1737 5494 ἀλλὰ
1786 5407 1953 5483 δεῖξαι

2051 5419 2181 5482 facit
2224 5439 2343 5482 non
2372 5418 2711 5482 inconsulto
2742 5439 2758 5493 ;
2791 5417 2892 5479 sed
2926 5424 2988 5478 ut
3018 5415 3384 5488 ostenderet,
3419 5430 3548 5475 eam
3576 5420 3700 5475 non

288 5494 458 5553 θέλων
505 5494 583 5551 ὅτι
614 5501 769 5552 τοῦτο
825 5491 987 5571 μόνον
1045 5491 1397 5561 ἔκλυδωνῖσθη
1447 5491 1563 5582 κατ’
1629 5492 1953 5582 οξκομονίπιν,

2051 5501 2154 5582 nisi
2187 5500 2386 5562 divina
2416 5491 2867 5582 dispensatione
2899 5497 3176 5562 ﬂuctibus
3192 5495 3467 5579 agitatam
3493 5494 3696 5558 fuisse.

291 5574 702 5652 Παραλάμϐάνει
748 5570 860 5651 οὖν,
914 5598 967 5639 κ,
1011 5597 1065 5638 τ.
1116 5574 1168 5638 λ.
1223 5599 1249 5630 α
1308 5572 1413 5637 Hic
1468 5571 1741 5635 diffusius
1787 5570 1951 5640 dicit.

2051 5581 2305 5645 Assumit
2334 5570 2533 5664 igitur;
2571 5606 2597 5637 υ
2635 5588 2750 5645 etc.
