4170 6398
290 319 401 389 541

1044 332 1490 395 ENARRATIO
1532 331 1616 394 IN
1664 330 2170 393 EVANGELIUM
2219 329 2481 395 MARCI.
2532 362 2604 376 -
2651 332 2818 394 CAP.
2870 332 2943 393 V.

3575 328 3694 392 542

288 463 425 520 κατά
478 464 793 546 ἂνθρώπων,
854 469 898 523 εἰ
955 467 1033 543 μὴ
1078 469 1417 548 συγχωρήσει
1469 470 1497 525 ὀ
1542 469 1696 532 Geor
1731 467 1839 523 νόει
1893 461 1948 519 δὲ

2035 461 2280 526 diuntur
2309 464 2633 541 daemones,
2669 474 2729 528 et
2774 464 3014 528 mittunt
3047 465 3183 527 illos
3230 463 3521 546 pmcipiti
3551 482 3691 546 per-

289 553 375 610 8τι
426 555 516 611 καὶ
588 556 663 621 εἰς
715 556 837 621 τοὺς
903 557 1039 613 κατὰ
1106 558 1321 637 χοίρους
1364 560 1567 630 ζῶντας
1624 556 1956 637 ἀνθρώπους,

2041 551 2272 615 ditione
2300 554 2361 616 in
2399 573 2566 617 mare
2591 555 2771 635 hujus
2803 555 2955 635 vitae,
2991 563 3052 615 ut
3079 553 3471 617 suﬂ‘ocenlur.

293 645 385 701 καὶ
426 651 505 718 τῷ
534 642 778 724 βορϐόρῳ
806 648 906 714 τῆς
933 645 1130 715 ἡδονῆς
1162 646 1591 726 ἐγκυλιομένους,
1626 649 1700 711 εἷς
1730 646 1945 705 τούτους
1979 642 2310 724 εἰσέρχονται
2371 649 2419 703 οἱ
2476 644 2749 727 δαίμονες,
2793 648 2881 703 καὶ
2910 646 3173 725 ῥίπτουσιν
3204 645 3387 710 αὖτοὺς
3420 645 3562 701 κατᾶ
3605 651 3694 700 τοῦ

300 742 542 814 κρημνοῦ
569 734 669 803 τῆς
699 734 993 813 ἀπωλείας,
1032 735 1085 792 ἐν
1115 742 1182 812 τῇ
1209 734 1451 813 θαλάσσῃ
1480 737 1574 793 τοῦ
1603 738 1717 815 βίου
1741 735 1948 802 τούτου,
1983 734 2073 788 καὶ
2102 735 2510 813 ἀποπνίγονται.
3044 730 3055 738 ’

381 848 402 879 ι
470 825 568 883 Καὶ
640 822 856 893 ἐξῆλθον
914 822 1046 881 ἰδεῖν
1117 826 1167 880 τί
1194 826 1308 881 ῐεστι
1350 826 1412 882 τὸ
1465 826 1709 905 γεγονός.
1745 825 1845 884 Καὶ
1874 822 1955 902 ἕρ-

288 936 486 996 χονται
544 915 678 993 πρὸς
751 916 840 970 τὸν
893 913 1121 993 Ἰησοῦν,
1196 916 1281 971 καὶ
1336 918 1589 995 θεωροῦσι
1620 916 1710 972 τὸν
1756 912 1951 984 δαιμο-

290 1005 565 1079 νιζόμενον
637 1005 961 1078 καθήμενον,
1020 1006 1108 1059 καὶ
1166 1004 1512 1080 ἱματισμένον
1582 1006 1668 1062 καὶ
1736 1026 1951 1085 σωφρο-

288 1102 499 1168 νοῦντα,
560 1095 651 1149 τὸν
724 1092 1002 1173 ἐσχηκότα
1031 1094 1121 1149 τὸν
1159 1091 1420 1172 λεγεῶνα,
1467 1096 1555 1152 καὶ
1584 1092 1946 1175 ἐφοϐήθησαν.

293 1184 635 1262 Διηγῆσαντο
704 1179 759 1238 δὲ
814 1187 996 1247 αὐτοῖς
1063 1186 1109 1240 οἱ
1164 1181 1388 1262 ἰδόντες,
1474 1190 1587 1250 πῶς
1622 1183 1830 1263 ἐγένετο
1874 1190 1951 1258 τῷ

287 1271 731 1352 δαιμονιζομένῳ,
789 1274 876 1328 καὶ
934 1275 1053 1349 περὶ
1112 1274 1216 1329 τῶν
1291 1274 1513 1353 χοίρων’
1572 1275 1662 1330 καὶ
1730 1272 1951 1353 ἤρξαντο

288 1361 626 1440 παρακαλεῖν
707 1363 865 1418 αὖτὸν
921 1361 1174 1419 ἀπελθεῖν
1232 1363 1338 1419 ἀπὸ
1409 1368 1513 1420 τῶν
1547 1365 1699 1444 ὁρίων
1755 1365 1945 1420 αὐτῶν·

290 1452 391 1510 Καὶ
460 1448 717 1526 ἐμϐάντος
780 1455 939 1511 αὐτοῦ
983 1454 1057 1517 εἰς
1086 1453 1149 1509 τὸ
1193 1452 1412 1530 πλοῖον,
1462 1453 1748 1530 παρεκάλει
1794 1454 1949 1510 αὐτὸν

286 1540 316 1597 ὃ
370 1538 741 1611 δαιμονισθεὶς,
816 1540 907 1597 ἵνα
955 1542 991 1610 ἦ
1049 1541 1166 1617 μετ’
1232 1546 1410 1601 αὑτοῦ·
1472 1541 1579 1617 όδὲ
1616 1540 1826 1611 Ἰησοῦς
1857 1542 1950 1600 οὒκ

286 1630 495 1709 ἀφῆκεν
552 1630 734 1709 αὖτὸν,
793 1628 930 1685 ἀλλὰ
989 1614 1133 1710 λέγει
1212 1633 1380 1707 αὐτῷ’
1448 1614 1666 1711 ’ὶΐπαγε
1725 1634 1799 1696 εἷς
1859 1634 1949 1689 τὸν

288 1720 444 1777 οἶκόν
529 1742 622 1776 σου
666 1721 797 1797 πρὸς
839 1722 962 1785 τοὺς
992 1722 1116 1784 σοὺς
1162 1722 1249 1778 καὶ
1285 1720 1602 1801 ἀνάγγειλον
1634 1726 1818 1785 αὐτοῖς
1848 1722 1949 1779 ὃσα

286 1831 375 1867 σοι
433 1810 461 1865 ὀ
511 1810 697 1888 Κὺριος
753 1810 1039 1883 πεπυίηκε,
1101 1812 1189 1867 καὶ
1218 1809 1420 1879 ἠλέησέ
1451 1833 1533 1874 σε.
1568 1814 1663 1870 Καὶ
1716 1810 1945 1885 ἀπῆλθε,

286 1900 379 1955 καὶ
428 1896 622 1977 ἤρξατο
677 1898 958 1977 κηρύσσειν
1031 1899 1084 1954 ἓν
1116 1906 1184 1976 τῇ
1218 1900 1534 1972 Δεκαπόλει,
1572 1899 1671 1958 ὅσα
1699 1903 1949 1969 εποίησεν

288 1988 435 2061 αὖτῷ
507 1989 536 2043 ὁ
592 1986 825 2066 Ἰησοῦς,
890 1992 976 2045 καὶ
1048 1990 1243 2055 πάντες
1274 1988 1589 2067 ἰθαύμαζον.
1628 2014 1655 2045 ι
1699 1988 1951 2057 Ἐξῆλθον

286 2078 390 2153 μὲν
444 2079 493 2132 οἱ
546 2082 644 2143 τῆς
700 2076 908 2142 πόλεως
946 2077 1152 2145 ἐκείνης
1197 2082 1330 2159 πρὸς
1359 2082 1451 2137 τὸν
1482 2080 1711 2155 Ἰησοῦν,
1742 2079 1949 2137 ἐκπλα-

287 2164 477 2244 γέντες
547 2166 608 2221 τὸ
656 2169 852 2239 θαῦμα·
912 2167 1233 2232 ἀκούσαντες
1290 2167 1367 2248 δὲ,
1397 2167 1732 2239 ἐφοϐήθησαν
1762 2167 1947 2225 πλέον’

291 2256 391 2312 Διὸ
473 2256 561 2311 καὶ
626 2255 991 2335 παρακαλοῦσι
1039 2260 1131 2313 τὸν
1164 2255 1371 2326 Ἰησοῦν
1426 2259 1519 2314 ’ἕνα
1542 2257 1724 2336 ἐξὲΛθῃ
1755 2262 1816 2315 εκ
1845 2265 1951 2315 τῶν

285 2345 446 2423 ὁρίων
529 2343 724 2406 αὖτῶν.
810 2344 927 2403 Ἐδε
958 2345 1218 2404 δοίκεισαν
1253 2350 1352 2427 γὰρ
1383 2350 1593 2423 μήποτε
1644 2351 1733 2405 καὶ
1762 2349 1949 2424 μεῖζόν

283 2457 338 2491 τι
399 2435 632 2495 πάθωσι.
694 2436 827 2500 Τοὺς
879 2437 979 2514 γὰρ
1010 2438 1224 2516 χοίρους
1283 2436 1663 2512 ἀπολέσαντες,
1709 2440 1797 2496 καὶ
1849 2437 1948 2495 λυ-

286 2523 546 2591 πηθέντες
602 2526 688 2580 hri
727 2530 795 2601 τῇ
838 2524 1099 2604 ἀπωλείᾳ,
1145 2534 1520 2605 παραιτοῦνται
1569 2530 1657 2585 καὶ
1688 2529 1786 2595 τὴν
1818 2549 1949 2607 παρ-

284 2615 466 2671 ουσίαν
523 2620 618 2669 τοῦ
689 2614 898 2691 Κυρίου·
961 2615 989 2670 ὅ
1064 2614 1119 2670 δὲ
1219 2614 1576 2691 δαιμονισθεὶς
1661 2616 1949 2698 παρεκάλει

283 2704 471 2777 αὐτὸν,
528 2702 621 2760 ’ἕνα
663 2702 699 2779 ᾗ
732 2704 850 2779 μετ’
893 2704 1071 2761 αὐτοῦ·
1112 2704 1357 2785 ἐφοϐεῖτο
1388 2707 1488 2787 γὰρ
1533 2709 1745 2784 μήποτε
1789 2709 1952 2783 μόνον

286 2793 529 2872 εὑρόντες
596 2792 754 2850 αὒτὸν
812 2796 858 2850 οἱ
922 2792 1189 2871 δαίμονες,
1236 2796 1398 2853 πάλιν
1441 2797 1731 2855 ἐπέλθωσιν
1782 2803 1947 2873 αὐτῷ.

289 2873 350 2941 Ὀ
409 2880 466 2938 δὲ
499 2883 685 2962 Κύριος
731 2883 950 2941 ἀπολύει
982 2886 1139 2942 αὐτὸν
1168 2888 1241 2950 εἷς
1275 2888 1366 2943 τὸν
1396 2889 1550 2945 οἷκον
1586 2890 1767 2967 αὐτοῦ,
1801 2886 1949 2944 δεικ-

286 2972 426 3029 νύων
482 2974 623 3047 αὒτῷ
674 2973 754 3029 ὃτι
811 2972 908 3029 κΞίν
952 2974 1032 3049 μὴ
1080 2979 1235 3034 αὖτος
1294 2982 1461 3055 παρῇ,
1495 2975 1617 3032 ἀλλ’
1661 2976 1760 3055 ἥγε
1790 2976 1950 3033 δύνα-

287 3082 381 3134 μις
426 3062 582 3119 αὐτοῦ
609 3062 697 3118 καὶ
765 3063 800 3130 ἡ
860 3064 1125 3131 ἐπισκοπὴ
1197 3063 1410 3144 φυλάξει
1473 3066 1653 3138 αὐτὸν,
1712 3065 1823 3141 ἅμα
1867 3063 1944 3144 δέ,

284 3150 384 3206 ’ἕνα
436 3150 523 3206 καὶ
572 3149 777 3228 ἐτέρους
847 3151 1048 3231 ὅραθεὶς
1093 3153 1377 3232 ὠφελήσῃ,
1438 3151 1571 3233 Ἰᾃοὺ
1601 3164 1725 3233 γοῦν
1757 3151 1950 3231 ἣρξατο

283 3240 594 3320 κηρύσσειν,
662 3240 747 3298 καί
807 3240 1000 3307 πάντες
1057 3243 1374 3317 ἐθαὺμαζον,
1466 3225 1610 3323 οὈρα
1645 3241 1700 3299 δὲ
1757 3245 1842 3299 καὶ
1890 3244 1951 3298 τὸ

286 3328 485 3411 ἄτυφον
525 3337 616 3388 τοῦ
646 3335 920 3410 Σωτῆρος.
958 3332 1064 3412 Οὔκ
1097 3333 1251 3388 εἶπεν
1296 3330 1400 3412 ὅτ,
1465 3330 1822 3411 Ἀπάγγειλον
1853 3329 1950 3387 ὅσα

289 3443 376 3477 σοι
432 3420 728 3488 πεποίηκα,
798 3418 942 3497 ἀλλ’,
1020 3403 1168 3479 μΟσα
1199 3443 1281 3478 σοι
1329 3423 1620 3489 πεποίηκεν
1664 3423 1691 3478 ὁ
1738 3422 1948 3500 Κύριος.

286 3509 445 3568 Οὕτω
495 3510 582 3566 καὶ
650 3513 733 3585 σὺ,
795 3508 919 3566 ὅταν
953 3510 1147 3589 ἀγαθὸν
1195 3534 1245 3568 τι
1289 3512 1549 3593 ποιήσῃς,
1596 3512 1675 3587 μὴ
1720 3517 1946 3592 σεαυτῷ,

285 3597 425 3655 ἀλλὰ
451 3605 529 3673 τῷ
573 3606 689 3673 Θεῷ
731 3599 959 3656 ἀνατίθει
991 3602 1050 3656 τὸ
1081 3600 1343 3681 πραχθέν.

379 3712 405 3743 ι
470 3691 569 3747 Καὶ
624 3687 1039 3769 διαπεράσαντος
1071 3690 1165 3747 τοῦ
1196 3690 1397 3766 Ἰησοῦ,
1454 3689 1509 3745 ἐν
1546 3697 1622 3765 τῷ
1652 3690 1822 3766 πλοίῳ
1846 3693 1951 3748 πά·

285 3778 373 3835 λιν
430 3779 503 3844 εἷς
565 3780 626 3835 τὸ
684 3777 871 3857 πέραν,
919 3781 1164 3860 συνήχθη
1196 3780 1362 3860 ὁχλος
1421 3782 1586 3844 πολὺς
1648 3780 1741 3837 ἀπ’
1795 3780 1952 3837 αὒτὸν

283 3870 377 3924 καί
431 3868 497 3935 ἦν
526 3869 668 3945 παρά
722 3871 822 3935 τὴν
882 3868 1175 3931 θάλασσαν,
1241 3872 1340 3927 Καὶ
1398 3867 1506 3926 ἰδοὺ
1579 3870 1793 3951 ἔρχεται
1867 3872 1951 3937 εἷς

285 3964 396 4015 τῶν
470 3958 949 4038 ἀρχισυναγώγων,
1042 3958 1262 4034 ὀνόματι
1349 3959 1590 4039 Ἰάειρος.
1688 3962 1783 4018 Καὶ
1827 3959 1949 4017 ἰδὼν

284 4048 471 4119 αὐτὸν,
532 4048 711 4104 πίπτει
768 4050 899 4126 πρὸς
960 4049 1081 4112 τοὺς
1156 4048 1321 4112 πόδας
1355 4051 1533 4127 αὖτοῦ,
1563 4051 1650 4106 καὶ
1704 4052 1946 4127 παρεκά-

284 4137 375 4194 λει
451 4139 606 4194 αὗτὸν
636 4133 835 4217 πολλὰ,
869 4136 1042 4215 λέγων
1085 4139 1188 4212 ὃτι,
1225 4140 1295 4195 Τὸ
1326 4138 1600 4218 θυγάτριόν
1643 4161 1745 4214 μου
1773 4140 1947 4219 ἐσχά-

287 4248 398 4289 τως
472 4226 612 4307 ἔχει’
686 4226 779 4283 ἵνα
811 4226 973 4283 ἐλθὼν
1028 4227 1213 4304 ἐπιθῇς
1260 4227 1394 4305 αὐτῇ
1422 4229 1515 4291 τὰς
1546 4242 1765 4309 χεῖρας,
1800 4229 1947 4295 ὅπως

284 4320 437 4393 σωθῇ
498 4317 585 4373 καὶ
641 4317 881 4387 ζήσεται,
961 4318 1055 4375 Καὶ
1113 4316 1319 4384 ἀπῆλθε
1403 4315 1522 4392 μετ’
1609 4320 1789 4376 αὐτοῦ’
1860 4329 1949 4381 καὶ

283 4405 569 4475 ἠκολούθει
629 4408 770 4479 αὖτῷ
839 4404 1005 4485 ὄχλος
1061 4405 1251 4482 πολὺς,
1303 4408 1389 4462 καὶ
1421 4405 1719 4467 συνέθλιϐον
1766 4409 1944 4467 αὐτὸν.

2122 822 2297 885 Vsus.
2333 824 2582 888 15-20.:
2609 824 2680 887 Et
2706 826 2930 905 egressi
2955 832 3091 886 sunt
3109 824 3182 885 ad
3201 822 3521 885 videndum
3549 821 3689 903 quid

2036 920 2193 973 esset
2237 913 2396 993 quod
2445 914 2791 977 acciderat:
2844 921 2903 976 et
2951 913 3199 975 veniunt
3241 913 3315 974 ad
3366 910 3592 985 Jesum,
3632 919 3692 973 et

2034 999 2237 1063 vident
2267 1002 2433 1063 illum
2484 1003 2586 1083 qui
2617 1021 2652 1064 a
2679 1002 2973 1065 daemonio
3005 1002 3343 1082 vexabatur,
3378 1001 3687 1065 sedentem

2033 1109 2101 1152 ac
2125 1090 2397 1153 vestitum
2422 1100 2479 1153 et
2499 1111 2661 1154 sanae
2679 1093 2917 1167 mentis,
2940 1090 3340 1174 quihabuerat
3365 1089 3684 1170 legionem,

2034 1189 2092 1243 et
2125 1180 2469 1243 timuerunt.
2525 1181 2595 1244 Et
2648 1192 3035 1245 narraverunt
3086 1181 3207 1243 illis
3250 1181 3350 1261 qui
3394 1180 3683 1255 viderant,

2033 1270 2289 1350 qualiter
2318 1271 2635 1334 accidisset
2669 1280 2730 1334 et
2770 1271 2870 1351 qui
2901 1272 3261 1333 daemonium
3295 1269 3601 1349 habuerat,
3636 1276 3691 1330 et

2034 1360 2110 1422 de
2133 1360 2431 1441 porcis.Et
2454 1380 2665 1441 rogare
2686 1371 2997 1443 cmperunt
3024 1380 3158 1423 eum
3181 1368 3242 1420 ut
3262 1358 3593 1421 discederet
3616 1358 3690 1420 de

2032 1449 2558 1531 finibusipsorum.
2594 1450 2665 1512 Et
2684 1470 2819 1513 cum
2852 1451 3155 1531 ingressus
3177 1457 3335 1511 esset
3355 1447 3573 1523 navim,
3595 1466 3690 1509 ro-

2030 1538 2203 1618 gabat
2232 1539 2398 1601 illum
2450 1541 2553 1622 qui
2596 1541 2790 1602 fuerat
2835 1560 2870 1601 a
2912 1539 3208 1602 daemonio
3253 1545 3585 1618 correptus,
3626 1546 3689 1599 ut

2032 1635 2195 1690 esset
2217 1648 2350 1690 cum
2372 1629 2471 1691 illo
2498 1648 2512 1693 :
2545 1629 2719 1695 Jesus
2747 1638 2944 1692 autem
2972 1647 3092 1692 non
3120 1627 3393 1710 permisit
3414 1628 3687 1709 eum,sed

2030 1718 2113 1780 ait
2141 1717 2227 1780 illi
2263 1740 2276 1782 :
2325 1718 2436 1781 Abi
2469 1720 2526 1779 in
2552 1720 2795 1781 domum
2828 1728 2986 1782 tuam
3013 1718 3086 1780 ad
3116 1726 3270 1798 tuos,
3315 1725 3372 1779 et
3399 1716 3685 1779 annuntia

2030 1807 2150 1869 illis
2181 1817 2398 1889 quanta
2427 1808 2531 1870 tibi
2583 1808 2875 1871 Dominus
2924 1808 3159 1882 fecerit,
3211 1814 3271 1870 et
3311 1805 3588 1868 misertus
3618 1805 3691 1865 sit

1976 1896 2145 1962 Btui.
2209 1899 2280 1961 Et
2326 1897 2491 1979 abiit,
2555 1907 2613 1959 et
2662 1898 2840 1980 coepit
2899 1898 3227 1980 praedicare
3292 1895 3355 1956 in
3411 1894 3690 1975 Decapoli

2034 1995 2252 2067 quanta
2275 1987 2389 2048 sibi
2408 1987 2643 2049 fecisset
2664 1987 2837 2051 Jesus
2863 2010 2878 2059 ;
2915 1995 2973 2048 et
3003 2005 3213 2049 omnes
3245 1982 3630 2045 mirabantur.
3660 2010 3682 2043 υ

2037 2076 2322 2139 Exierunt
2351 2076 2532 2156 igitur
2558 2077 2661 2138 viri
2696 2077 2857 2141 illius
2887 2077 3138 2138 civitatis
3159 2076 3232 2138 ad
3252 2076 3454 2135 .lesum
3480 2080 3680 2154 stupe—

2036 2167 2173 2228 facti
2196 2167 2511 2229 miraculo:
2542 2175 2598 2228 et
2618 2185 2751 2228 cum
2779 2166 3108 2245 audissent,
3134 2166 3458 2226 timuerunt
3480 2164 3686 2241 magis.

2036 2256 2268 2320 Idcirco
2300 2264 2359 2316 et
2407 2259 2608 2317 Jesum
2654 2265 2862 2336 rogant
2910 2263 2973 2316 ut
3022 2254 3364 2334 egrediatur
3410 2270 3443 2311 a
3473 2252 3690 2313 ﬁnibus

2031 2344 2322 2426 ipsorum.
2342 2346 2697 2410 Timuerunt
2714 2346 2871 2407 enim
2895 2344 3211 2426 nequando
3234 2350 3292 2404 et
3314 2340 3505 2419 majus
3525 2341 3695 2421 quid-

2033 2434 2169 2495 dam
2207 2436 2522 2516 patiantur.
2572 2434 2682 2508 Qui
2731 2434 2891 2495 enim
2939 2433 3326 2515 perdiderant
3347 2447 3595 2511 porcos,
3633 2434 3690 2494 in

2036 2523 2373 2604 perditione
2403 2525 2673 2586 dolentes
2715 2518 3046 2604 precantur
3070 2532 3133 2583 ut
3172 2522 3346 2584 abeat
3374 2520 3685 2590 Dominus.

2035 2612 2322 2676 Caeterum
2356 2615 2406 2675 is
2453 2614 2554 2695 qui
2611 2614 2905 2675 daemonio
2954 2614 3200 2692 agitatus
3240 2612 3451 2691 fuerat,
3487 2615 3693 2677 orabat

2034 2702 2201 2764 illum
2257 2713 2321 2766 ut
2359 2723 2493 2765 cum
2548 2704 2678 2785 ipso
2729 2710 2932 2766 esset:
2989 2702 3233 2763 timebat
3264 2704 3451 2786 enim,
3512 2726 3586 2767 ne
3639 2705 3689 2767 si

2033 2793 2269 2876 quando
2297 2794 2599 2856 daemones
2619 2812 2754 2856 eum
2782 2793 3148 2857 invenissent
3165 2794 3603 2864 solum,iterum
3626 2813 3692 2855 se

2032 2883 2289 2946 adirent.
2317 2884 2391 2945 At
2414 2884 2699 2947 Dominus
2725 2883 2951 2946 dimisit
2986 2901 3119 2944 eum
3160 2882 3216 2942 in
3262 2881 3501 2945 domum
3535 2885 3686 2966 ejus,

2035 2973 2359 3035 ostendens
2382 2972 2437 3033 ei
2462 2974 2616 3052 quod
2648 2974 2788 3035 licet
2808 2972 2937 3053 ipse
2959 2991 3073 3033 non
3100 2971 3274 3045 adsit,
3296 2972 3691 3036 nihilominus

2034 3069 2230 3124 tamen
2256 3063 2440 3124 virtus
2455 3082 2563 3125 sua
2580 3071 2640 3125 et
2660 3061 2916 3123 visitatio
2941 3061 3233 3122 custodlut
3250 3080 3417 3124 eum:
3445 3062 3693 3143 insuper

2033 3158 2098 3213 ut
2128 3163 2187 3215 et
2213 3153 2361 3216 alios
2393 3154 2676 3228 lucretur,
2733 3152 2830 3233 qui
2885 3150 3079 3231 ipsum
3124 3151 3305 3212 visuri
3350 3161 3574 3217 essent.
3619 3154 3693 3215 Et

1970 3273 2009 3324 ο
2035 3260 2177 3304 ecce
2208 3244 2533 3323 praedicare
2563 3242 2761 3322 coepit,
2797 3247 2856 3302 et
2887 3258 3098 3301 omnes
3123 3239 3510 3305 mirabantur.
3538 3241 3690 3303 Vide

2037 3342 2233 3395 autem
2283 3354 2457 3415 quam
2506 3334 2737 3396 alienus
2789 3334 2863 3393 sit
2920 3350 2953 3392 a
2996 3330 3148 3393 fastu
3204 3329 3500 3394 Servator.
3558 3333 3689 3393 Non

2037 3422 2184 3484 dixit
2216 3444 2229 3483 ε
2266 3424 2572 3486 Annuntia
2601 3442 2732 3504 quae
2762 3421 2875 3486 tibi
2907 3439 3039 3500 ego,
3077 3420 3207 3493 sed,
3237 3419 3381 3492 Quae
3409 3420 3513 3482 tibi
3555 3420 3693 3485 fecit

2035 3511 2344 3575 Dominus.
2381 3515 2480 3577 Sic
2528 3522 2585 3574 et
2618 3521 2675 3574 tu
2729 3511 2964 3593 quando
2999 3509 3218 3571 bonum
3253 3509 3394 3591 quid
3446 3509 3687 3586 feceris,

2037 3620 2113 3663 ne
2145 3602 2250 3663 tibi
2278 3604 2411 3684 ipsi,
2447 3602 2551 3664 sed
2585 3601 2839 3664 Domino
2875 3600 3094 3662 factum
3129 3598 3373 3661 tribuas.

2119 3694 2298 3755 Vens.
2330 3693 2527 3755 91-29
2565 3716 2587 3747 ιι
2615 3691 2679 3753 Et
2714 3709 2850 3758 cum
2877 3686 3379 3751 transissetJesus
3398 3691 3527 3751 navi
3550 3708 3688 3751 rur-

2033 3802 2135 3845 sus
2163 3783 2223 3844 in
2252 3782 2599 3845 ulteriorem
2631 3783 2847 3863 ripam,
2883 3780 3157 3842 cenvenit
3198 3778 3382 3841 multa
3414 3781 3584 3841 turba
3615 3780 3687 3841 ad

2033 3891 2195 3947 eum,
2217 3882 2274 3933 et
2288 3881 2413 3935 erat
2441 3872 2600 3935 circa
2624 3890 2805 3934 mare.
2830 3870 2895 3932 Et
2921 3888 3062 3932 ecce
3088 3870 3252 3931 venit
3271 3869 3510 3947 quidam
3537 3870 3693 3951 prin-

2034 3963 2231 4043 cipum
2264 3965 2584 4043 Synagogae
2637 3961 2881 4024 nomine
2911 3962 3127 4034 Jairus,
3181 3967 3240 4021 et
3286 3978 3420 4020 cum
3451 3958 3696 4023 vidisset

2033 4070 2194 4128 eum,
2234 4053 2482 4131 procidit
2505 4054 2577 4115 ad
2612 4052 2796 4134 pedes
2827 4051 2979 4131 ejus,
3012 4057 3071 4111 et
3099 4048 3529 4130 deprecabatur
3554 4067 3688 4111 eum

2034 4143 2312 4217 multum,
2350 4142 2558 4206 dicens
2587 4161 2600 4206 :
2639 4141 2848 4207 Filiola
2881 4159 3012 4202 mea
3034 4141 3093 4203 in
3121 4140 3405 4202 extremis
3429 4146 3556 4201 est:
3588 4157 3693 4200 oro

2033 4242 2096 4293 ut
2137 4232 2338 4295 venias
2368 4240 2426 4296 et
2455 4233 2727 4313 imponas
2759 4230 2846 4293 illi
2906 4248 3140 4305 manus,
3196 4237 3259 4290 ut
3308 4228 3467 4290 salva
3518 4228 3593 4288 sit
3635 4234 3695 4290 et
3770 4266 3777 4267 κ

2034 4322 2202 4383 vivet.
2235 4321 2308 4384 Et
2336 4322 2477 4385 abiit
2507 4340 2640 4385 cum
2674 4321 2800 4402 illo,
2836 4328 2893 4382 et
2937 4318 3298 4401 sequebatur
3325 4336 3464 4380 eum
3516 4317 3688 4381 turba

2035 4413 2239 4487 multa,
2275 4419 2332 4473 et
2363 4409 2839 4492 comprimebant
2877 4428 3035 4472 eum.
3069 4408 3141 4470 Et
3174 4407 3393 4469 mulier
3422 4406 3691 4488 quadam

288 4498 391 4556 Καὶ
449 4497 581 4575 γυνή
638 4518 719 4560 τις
792 4496 921 4551 οὖσα
950 4498 1005 4551 ἓν
1049 4497 1189 4574 ῥύσει
1214 4497 1446 4572 αἵματος
1476 4495 1572 4564 ἕτη
1604 4496 1828 4577 δώδεκα,
1862 4499 1949 4554 καὶ

2035 4520 2163 4583 quae
2183 4501 2372 4563 fuerat
2402 4499 2656 4563 obnoxia
2692 4498 2975 4580 proﬂuvio
3014 4496 3317 4577 sanguinis
3339 4496 3512 4558 annis
3534 4497 3690 4557 duo-

284 4584 465 4643 πολλα
512 4589 749 4643 παθοῦσα
796 4586 897 4641 ὑπὸ
956 4583 1171 4641 πολλῶν
1226 4588 1442 4666 ἰατρῶν,
1496 4587 1583 4642 καὶ
1631 4584 1946 4657 δαπανήσαο

454 4676 464 4689 -
644 4675 659 4695 .
758 4676 771 4695 ,
820 4680 843 4690 ς
1004 4676 1015 4695 ι
1267 4676 1282 4695 ι
1449 4675 1487 4695 at
1598 4676 1611 4695 θ
1694 4678 1716 4695 κ
1771 4680 1795 4695 ,ι
1830 4690 1852 4695 _

2035 4591 2570 4673 decim,fueratque
2593 4590 2778 4651 multa
2802 4605 3269 4670 perpessaacom
3281 4585 3547 4695 pluribus
3571 4603 3692 4648 me-

281 4698 356 4733 σα
414 4676 481 4731 τὰ
536 4675 659 4755 παρ’
717 4676 881 4742 αὐτῆς
946 4676 1139 4749 πάντα,
1197 4676 1285 4731 καὶ
1358 4675 1526 4751 μηδὲν
1583 4676 1944 4757 ὠφεληθεῖσα,

2035 4681 2202 4764 dicis,
2236 4694 2295 4744 et
2326 4682 2729 4761 insumpserat
2752 4677 2951 4739 omnia
2982 4694 3108 4750 sua,
3144 4693 3337 4755 neque
3367 4674 3689 4755 quidquam

279 4763 427 4823 ἀλλά
486 4764 691 4840 μᾶλλον
750 4767 822 4828 εἷς
860 4768 919 4821 τὸ
964 4780 1155 4845 χε”ρον
1212 4765 1455 4841 ἐλθοῦσα,
1517 4767 1789 4825 ἆκοὺσασα
1832 4768 1947 4846 περὶ

2035 4770 2358 4852 adjumenti
2382 4767 2788 4849 senserat,sed
2818 4769 3002 4846 magis
3026 4765 3084 4826 in
3109 4764 3371 4827 deterius
3391 4768 3637 4826 venerat
3674 4783 3687 4824 :

280 4866 383 4914 τοῦ
469 4852 665 4929 Ἰησοῦ,
714 4854 938 4914 ἐλθοῦσα
967 4857 1019 4911 ἐν
1085 4862 1161 4930 τῷ
1194 4853 1349 4936 ὄχλῳ
1377 4854 1615 4933 ὄπισθεν,
1648 4856 1826 4933 ἥψατο
1856 4863 1948 4914 τοῦ

2035 4881 2168 4924 cum
2199 4861 2465 4923 audisset
2494 4860 2569 4921 de
2615 4859 2781 4931 .lesu,
2826 4857 2981 4917 venit
3017 4856 3075 4916 in
3110 4852 3280 4915 turba
3328 4872 3362 4912 a
3413 4861 3599 4929 tergo,
3635 4859 3693 4911 rt

278 4946 497 5023 ἱματίου
545 4945 722 5003 α·ὒτοῦ’
758 4945 910 5023 ἔλεγε
941 4947 1040 5023 γὰρ
1084 4946 1187 5024 ὅτι,
1246 4944 1349 5004 Κᾶν
1413 4953 1518 5003 τῶν
1563 4948 1782 5022 ἱματίων
1851 4949 1943 5004 αὖ·

2035 4951 2220 5030 tetigit
2241 4952 2654 5013 vestimentum
2681 4946 2834 5029 ejus;
2859 4944 3093 5007 dicebat
3125 4941 3380 5018 enim,Si
3413 4942 3501 5003 vel
3521 4942 3691 5003 vesti-

280 5042 381 5094 τοῦ
434 5036 683 5112 ἅψωμαι,
787 5036 1121 5109 σωθήσομαν
1200 5037 1287 5092 καὶ
1359 5035 1549 5100 εὐθέως
1606 5034 1865 5116 ἐξηράνθη
1914 5038 1947 5106 ἡ

2038 5049 2235 5102 menta
2258 5042 2385 5121 ejus
2406 5037 2843 5119 tetigero,salva
2866 5054 2989 5097 ero:
3020 5042 3077 5096 et
3099 5032 3411 5095 confestim
3438 5031 3695 5121 siccatus

280 5126 445 5205 πηγὴ
504 5133 593 5182 τοῦ
647 5128 881 5200 α’ἱματος
942 5124 1128 5201 αὒτῆς,
1167 5128 1255 5181 καὶ
1309 5124 1448 5205 ἔγνω
1496 5127 1573 5202 τῷ
1602 5127 1835 5202 σώματι,
1869 5126 1949 5184 ὅτι

2037 5138 2126 5190 est
2157 5120 2303 5193 fons,
2331 5129 2639 5209 sanguinis
2678 5128 2809 5205 ejus
2844 5145 2857 5189 :
2908 5133 2965 5188 et
3007 5122 3195 5186 sensit
3252 5139 3506 5203 corpore
3535 5120 3691 5209 quod

282 5218 441 5274 ἴαται
512 5217 618 5273 ἀπὸ
702 5215 804 5283 τῆς
862 5216 1149 5294 μάστιγος.
1188 5238 1213 5273 ο
1252 5217 1396 5273 Μετὰ
1426 5218 1487 5273 τὸ
1532 5216 1618 5274 ἐπὶ
1648 5224 1724 5292 τῷ
1754 5215 1947 5293 δαιμο-

2037 5228 2238 5281 sanata
2270 5227 2428 5282 esset
2454 5208 2487 5281 a
2516 5217 2770 5298 ﬂagello.
2817 5239 2842 5274 ν
2895 5216 3034 5276 Post
3063 5212 3412 5275 miraculum
3445 5209 3599 5291 quod
3633 5208 3692 5270 in

281 5306 549 5382 νιζομένῳ
625 5309 821 5381 θαῦμα,
910 5304 1088 5384 ἕτερον
1139 5304 1413 5385 ἐργάζεται
1477 5307 1504 5363 ὁ
1568 5308 1777 5387 Κύριος,
1851 5308 1948 5374 τὴν

2037 5310 2403 5372 άωωοηὶίιοο
2453 5318 2672 5380 actum,
2725 5303 2883 5367 aliud
2917 5311 3197 5384 operatur
3246 5301 3375 5363 I97
3411 5299 3695 5361 Dominus

280 5399 543 5478 θυγατέρα
615 5404 710 5455 τοῦ
782 5396 1223 5476 ἀρχισυναγὼγου
1280 5397 1528 5452 ἀριστῶν·
1564 5397 1719 5476 Λέγει
1758 5398 1812 5453 δὲ
1856 5400 1947 5455 καὶ

2035 5399 2367 5463 suscitando
2387 5398 2565 5461 ﬁliam
2590 5393 2878 5478 principis
2890 5390 3474 5472 Synagogaa.Nomen
3498 5398 3694 5451 autem

282 5490 352 5547 τὸ
399 5477 565 5565 ὄνομα
638 5492 733 5543 τοῦ
790 5485 1253 5566 ἀρχισυναγώγου,
1320 5484 1403 5542 διὰ
1490 5487 1609 5549 τοὺς
1667 5486 1944 5551 Ἰουδαίους

2035 5489 2220 5571 ipsius
2247 5489 2526 5570 exprimit
2548 5477 3133 5568 propterJudaeosqui
3160 5477 3695 5571 sciebantidquod

282 5578 407 5642 τοὺς
467 5578 676 5641 εἰδότας
752 5575 813 5632 τὸ
861 5575 1145 5653 γενόμενον
1202 5572 1290 5642 Ἐξ
1319 5576 1567 5653 τημισείας
1597 5574 1651 5632 δὲ
1702 5580 1888 5645 πιστὸς
1919 5580 1947 5635 ὁ

2035 5566 2246 5641 factum
2275 5566 2485 5643 fuerat.
2534 5566 2915 5640 Dimidiatam
2971 5578 3177 5633 autem
3221 5568 3400 5631 fidem
3437 5566 3698 5631 habebat

283 5669 440 5753 ἀνήρ’
500 5670 638 5728 καθὸ
714 5666 813 5744 μὲν
849 5666 948 5746 γὰρ
1005 5667 1192 5724 πίπτει
1248 5667 1389 5747 παρά
1436 5667 1555 5733 τοὺς
1614 5664 1802 5749 πόδας,
1861 5692 1948 5726 πι-

2035 5669 2120 5732 vir
2142 5669 2282 5747 ille;
2316 5668 2511 5734 fidelis
2540 5666 2706 5732 enim
2739 5671 2889 5740 erat,
2924 5679 2997 5725 eo
3040 5659 3199 5745 quod
3240 5657 3590 5742 procidebat
3624 5654 3697 5718 ad
