4170 6412
502 329 621 394 555

1480 328 2081 393 THEOPHYLACTI
2124 328 2531 395 BULGARIJ
2576 326 2934 397 ARCHIEP.

3792 326 3915 390 556

585 466 992 530 Vens.34-40.
1028 494 1053 523 α
1079 468 1153 530 Et
1184 484 1461 545 egressus
1484 464 1625 527 vidit
1651 464 1880 526 turbam
1912 462 2154 525 multam

2328 487 2355 518 ε
2396 466 2492 523 Καὶ
2539 462 2758 531 έΕελθὼν
2817 466 2845 521 δ
2899 462 3132 540 Ἰησοῦς,
3178 460 3292 519 εἶδε
3350 460 3515 520 πολὺν
3571 460 3763 542 ὄχλον,
3810 489 3913 523 ακ-

502 560 696 637 Jcsus,
733 564 790 618 et
818 557 1033 618 affectu
1064 555 1497 619 misericordiae
1527 563 1713 615 tactus
1745 563 1832 615 est
1860 571 2000 632 erga
2028 571 2153 623 eos,

506 646 644 727 quia
686 654 854 707 erant
897 645 1052 707 velut
1100 666 1237 709 oves
1269 665 1390 708 non
1421 644 1710 706 habentes
1733 653 2049 725 pastorem.
2080 642 2159 704 Et

504 735 829 816 ccepitillos
853 735 1073 798 docere
1103 737 1321 798 multa:
1356 743 1414 797 et
1436 753 1569 796 eum
1593 734 1718 814 jam
1743 732 1994 794 multum
2017 738 2162 792 tem-

504 826 665 906 poris
686 823 1538 905 praeterisset,accesseruntad
1559 842 1692 885 eum
1710 821 1988 903 discipuli
2007 820 2161 900 ejus,

504 912 774 977 dicentes
807 931 821 976 :
849 913 1133 977 Desertus
1167 924 1256 976 est
1285 914 1543 989 locus,et
1564 913 1690 992 jam
1724 911 1977 974 multum
2010 919 2164 971 tem-

504 1003 668 1084 poris
719 1004 1106 1065 est:dimitte
1145 1004 1305 1081 illos,
1350 1012 1412 1064 ut
1456 1001 1718 1064 habeant
1748 1001 1810 1063 in
1851 998 2167 1078 circumje-

506 1100 712 1155 centes
739 1093 908 1154 villas
931 1111 999 1154 ac
1045 1092 1223 1169 vicos,
1256 1102 1576 1172 emantque
1603 1090 1718 1153 sibi
1770 1108 1954 1172 panes
1981 1108 1995 1152 :
2030 1105 2167 1149 nam

507 1181 667 1262 quod
702 1182 877 1244 edant
909 1201 1027 1243 non
1050 1181 1302 1245 habent.
1338 1184 1411 1243 At
1439 1180 1542 1243 ille
1586 1179 1961 1259 respondens
1991 1176 2074 1240 ait
2103 1176 2171 1237 il-

509 1270 797 1334 liszDate
844 1269 964 1332 illis
1014 1288 1121 1332 vos
1172 1271 1330 1351 quod
1384 1269 1584 1332 edant.
1635 1270 1710 1333 Et
1765 1268 2042 1329 dixerunt
2070 1266 2165 1329 ei:

509 1359 737 1422 Euntes
768 1378 1037 1421 emamus
1070 1360 1347 1422 ducentis
1378 1358 1642 1420 denariis
1673 1355 2171 1437 panes,etdemus

508 1450 630 1513 illis
664 1449 820 1530 quod
844 1450 1053 1511 edant?
1083 1452 1159 1512 At
1189 1450 1290 1510 ille
1314 1449 1460 1511 dicit
1488 1448 1611 1510 eis:
1643 1447 1797 1519 Quot
1848 1465 2031 1528 panes
2061 1446 2167 1508 ha-

510 1538 693 1601 betis?
716 1542 800 1602 [te
834 1551 892 1602 et
925 1540 1140 1601 videte.
1174 1540 1246 1601 Et
1273 1558 1409 1601 cum
1442 1537 1875 1617 cognovissent,
1906 1535 2113 1597 dicunt
2145 1552 2159 1597 :

2240 552 2642 633 ἐσπλαγχνίσθη
2695 552 2781 610 ἐπ’
2834 555 3039 633 αὑτοῖς,
3084 552 3164 609 ὅτι
3206 552 3343 621 ἦσαν
3398 554 3470 616 ὡς
3517 548 3755 630 πρόϐατα
3814 549 3918 623 μὴὶ

2240 639 2438 724 ἔχοντα
2492 645 2745 721 ποιμένα.
2808 646 2906 703 Καὶ
2935 644 3127 725 ἤρξατο
3151 638 3421 703 διδάσκειν
3468 645 3653 706 αὐτοὺς
3702 640 3880 699 πολλὰ

2244 735 2333 790 καὶ
2363 731 2466 801 ἤδη
2516 734 2654 813 ὥρας
2712 733 2922 803 πολλῆς
2980 736 3297 814 γενομένης,
3350 733 3729 813 προσελθόντες
3762 734 3911 805 αὒτῷ

2250 825 2296 880 οἱ
2340 826 2574 898 μαθηταὶ
2615 825 2793 896 αὑτοῦ,
2825 823 3069 903 λέγωσιν
3101 825 3264 900 αὑτῷ,
3320 825 3425 901 ὅτι,
3460 822 3721 903 ’Ἔρημός
3762 823 3911 877 ἔστιν

2250 914 2277 968 ὁ
2335 913 2521 992 τόπος,
2556 915 2641 989 καὶ
2672 912 2774 981 ἤδη
2806 914 2918 994 ὥρα
2962 913 3167 984 πολλή.
3217 914 3514 972 Ἀπόλυσον
3571 913 3779 986 αὖτοὺς,
3812 912 3906 969 in

2250 1001 2565 1067 ἀπελθόντες
2623 1004 2694 1067 εἰς
2740 1004 2859 1067 τοὺς
2918 1001 3101 1077 κύκλῳ
3153 1003 3343 1083 ἀγροὺς
3394 1004 3483 1059 καὶ
3517 1001 3730 1078 κώμας,
3806 1002 3913 1080 ἆγο

2251 1091 2480 1173 ράσωσιν
2532 1092 2743 1157 έαυτοτς
2788 1091 3000 1172 ἄρτους,
3061 1095 3119 1150 Τί
3176 1093 3275 1170 γὰρ
3331 1093 3571 1173 φάγωσιν
3627 1094 3720 1148 οὐκ
3746 1095 3910 1172 ἔχου·

2252 1203 2355 1239 σιν.
2424 1172 2481 1239 ’0
2552 1179 2607 1237 δὲ
2667 1182 2965 1261 ἀποκριθεὶς
3026 1183 3183 1240 εἶπεν
3241 1180 3423 1247 αὒτοῐς
3454 1196 3466 1211 ⁸
3537 1183 3666 1237 Δότε
3726 1182 3914 1245 αὐτοῖς

2252 1272 2407 1344 ὑμεῖς
2487 1285 2705 1351 φαγεῖν.
2782 1273 2880 1329 Καὶ
2966 1270 3211 1350 λέγουσιν
3284 1275 3425 1345 αὖτῷ
3469 1288 3485 1304 ⁸
3564 1269 3913 1334 Ἀπελθόντες

2253 1359 2603 1439 ἀγοράσωμεν
2660 1358 2939 1418 διακοσίων
2996 1360 3257 1439 δηναρίων
3328 1360 3539 1439 ἄρτους,
3598 1362 3685 1417 καὶ
3734 1357 3915 1435 δῶμεν

2256 1451 2435 1513 αὖτοῖς
2488 1464 2679 1528 φαγεῖν
2716 1469 2734 1526 ς
2794 1440 2852 1507 Ὀ
2894 1447 2950 1506 δὲ
2994 1448 3139 1528 λέγει
3200 1450 3384 1514 αεότοῖς
3422 1469 3433 1481 ⁸
3494 1450 3689 1515 Πόσους
3719 1447 3910 1517 ἄρτους

2249 1536 2455 1619 ἔχετες
2515 1530 2774 1618 ἰ’πεέγετε
2833 1541 2921 1596 καὶ
2972 1538 3138 1599 ἴδετε.
3188 1540 3286 1597 Καὶ
3343 1539 3584 1617 γνόντες,
3641 1537 3853 1619 λέγουσι
3890 1554 3904 1568 ·

510 1629 785 1710 Quinque
804 1638 861 1691 et
890 1629 1041 1691 duos
1066 1629 1371 1711 pisces.Et
1402 1627 1683 1709 praecepit
1707 1627 1825 1688 illis
1849 1637 2162 1688 utaccum-

2250 1628 2432 1707 Πέντε,
2491 1629 2580 1685 καὶ
2622 1626 2708 1685 δύο
2737 1628 2945 1707 ἰχθύας.
2996 1631 3092 1687 Καὶ
3151 1626 3398 1694 ἐπέταξεν
3451 1628 3636 1694 αὒτοῖς
3667 1626 3907 1684 ἀνακλῖ-

510 1718 653 1781 bere
680 1719 948 1781 facerent
969 1738 1199 1796 omnes,
1225 1718 1560 1780 distributis
1593 1716 1881 1780 conviviis
1902 1716 1964 1777 in
1984 1715 2160 1778 viridi

2250 1740 2327 1774 ναι
2364 1719 2588 1793 πάντας,
2624 1719 2893 1791 συμπόσια
2924 1718 3216 1799 συμπόσια,
3246 1718 3331 1775 έπὶ
3360 1721 3438 1789 τῷ
3466 1716 3669 1798 χλωρῷ
3693 1718 3907 1797 χόρτῳ.

506 1809 796 1889 gramine.
821 1807 1349 1871 Etdiscubuerunt
1392 1807 1627 1870 divisim
1657 1807 1719 1868 in
1747 1806 1981 1869 areolas
2024 1806 2162 1867 205

2250 1809 2346 1866 Καὶ
2392 1806 2647 1866 ἀνέπεσον
2708 1808 2923 1886 πρασιαὶ
2981 1810 3218 1886 πρασιαὶ,
3269 1808 3369 1863 ἀνὰ
3417 1808 3607 1864 ἑκατὸν
3659 1810 3748 1864 καὶ
3804 1807 3910 1863 ἀνὰ

504 1899 743 1961 centeni
792 1906 850 1959 et
907 1897 1329 1979 quinquageni.
1368 1922 1395 1954 ι
1434 1896 1720 1959 Pharisaei
1779 1915 1910 1957 cum
1964 1907 2162 1960 essent

2250 1898 2600 1968 πεντήκοντα.
2641 1920 2666 1951 ε
2720 1899 2780 1955 Ol
2812 1904 3121 1976 Φαρισαῖοι,
3155 1898 3307 1953 λύκοι
3336 1895 3483 1961 ὄντος
3516 1896 3776 1976 ἅρπαγες,
3810 1898 3912 1954 οὐκ

506 1987 631 2068 lupi
666 2005 934 2068 rapaces,
972 2006 1089 2049 non
1122 1987 1453 2068 pascebant
1505 1986 1814 2067 populum,
1847 1985 1953 2048 sed
1989 1985 2162 2048 devo-

2250 1986 2558 2062 ἐποίμαινον
2617 1988 2708 2042 τὸν
2739 1984 2890 2060 λαὸν,
2924 1985 3063 2043 ἀλλὰ
3090 1988 3402 2057 κατήσθιον.
3451 1988 3549 2043 Διὰ
3591 1997 3745 2047 τοῦτο
3774 1988 3915 2065 πρὸς

509 2076 759 2139 rabant:
798 2087 1115 2157 propterea
1144 2076 1372 2139 relictis
1405 2076 1545 2151 illis,
1604 2076 1678 2137 ad
1735 2074 2037 2137 Christum
2068 2093 2162 2137 ve-

2250 2079 2339 2134 τὸν
2398 2078 2644 2157 Χριστὸν,
2704 2077 2794 2132 τὸν
2837 2074 3089 2143 ἀληθινὸν
3116 2076 3368 2153 ποιμένα,
3396 2077 3733 2155 συνάγονται,
3761 2075 3912 2133 ἑκεί-

504 2185 637 2229 rum
672 2174 973 2247 pastorem
1009 2166 1198 2229 turba:
1225 2175 1689 2248 congregantur,
1746 2164 1906 2227 unde
1937 2174 1997 2229 et
2034 2166 2161 2246 ipse

2250 2189 2367 2230 νους
2414 2166 2828 2246 ἀποφεύγοντες,
2892 2164 3007 2222 ὅθεν
3067 2168 3216 2231 οὗτος
3246 2166 3447 2246 τροφὴν
3478 2165 3668 2229 αὐτοῖς
3699 2162 3911 2244 δίδωσι,

507 2255 850 2318 alimoniam
884 2255 973 2317 eis
1003 2255 1363 2337 suppeditat,
1400 2264 1457 2318 et
1491 2255 1747 2337 primum
1779 2255 2081 2317 utiliorem
2107 2264 2164 2317 et

508 2344 936 2415 honestiorem,
964 2362 1182 2425 nempe
1209 2344 1453 2407 verbum
1480 2364 1679 2418 suum,
1714 2344 1935 2407 deinde
1965 2354 2163 2407 eteor-

511 2430 967 2515 poralem.Vide
996 2442 1192 2494 autem
1219 2434 1547 2514 discipulos
1576 2432 1873 2515 quomodo
1898 2434 1957 2494 in
1983 2434 2161 2496 mise-

508 2522 769 2584 ricordia
800 2521 1130 2602 proﬁciant.
1168 2522 1579 2586 Misericordia
1634 2523 1792 2584 enim
1838 2524 1982 2585 moti
2022 2542 2163 2603 erga

510 2611 737 2687 turbas,
769 2611 1064 2672 accedunt
1110 2612 1182 2673 ad
1216 2612 1535 2693 Christum,
1573 2620 1631 2674 et
1671 2630 1776 2693 pro
1826 2611 1943 2673 illis
1967 2621 2157 2675 orant.

512 2700 804 2762 Dominus
849 2710 1042 2762 autem
1098 2708 1333 2763 tentans
1391 2712 1449 2764 et
1510 2701 1766 2783 probans
1815 2721 1959 2763 num
1990 2721 2160 2764 suam

512 2798 908 2868 agnoscerent
926 2791 1196 2851 virtutem
1230 2790 1385 2872 quod
1428 2790 1612 2872 possit
1643 2791 1771 2854 illas
1821 2793 2002 2874 alere,
2036 2792 2118 2854 ait
2146 2813 2157 2855 :

517 2880 663 2941 Date
713 2879 829 2941 illis
867 2898 970 2940 vos
1013 2887 1076 2941 ut
1124 2881 1322 2942 edant.
1377 2880 1467 2943 Illi
1517 2889 1712 2943 autem
1749 2888 1808 2943 et
1848 2890 2170 2962 arguerunt

514 2986 675 3041 eum,
711 2977 773 3030 ut
802 2969 1173 3048 ignorantem
1208 2978 1427 3051 quanta
1453 2969 1726 3033 laborent
1755 2990 1955 3033 rerum
1988 2990 2169 3052 penu-

513 3061 625 3131 ria,
684 3069 744 3121 et
789 3066 1009 3139 quanta
1046 3058 1251 3140 populi
1292 3069 1450 3122 esset
1490 3059 1831 3122 multitudo.
1885 3061 2169 3124 Nonnulli

2245 2254 2666 2334 προηγουμένως
2726 2254 2822 2323 τὴν
2898 2253 3331 2335 ἐπωφελεστέραν
3414 2256 3501 2311 καὶ
3558 2252 3910 2332 τιμιωτέραν,

2243 2346 2340 2412 τὴν
2413 2342 2498 2403 διὰ
2552 2342 2741 2423 λόγου,
2796 2343 2919 2400 εἶτα
2970 2345 3057 2400 καὶ
3108 2345 3207 2412 τὴν
3262 2345 3597 2420 σωματικήν.
3662 2335 3813 2423 ’Ὅρα
3844 2341 3908 2399 δὲ

2244 2436 2363 2496 τοὺς
2411 2436 2681 2510 μαθητὰς,
2729 2439 2845 2497 πῶς
2921 2435 3309 2513 προκὸπτουσιν
3367 2432 3453 2489 ἰπὶ
3497 2435 3556 2489 τὸ
3597 2430 3903 2515 φιλανθρω-

2246 2528 2489 2603 πότερον,
2574 2519 2924 2594 Ἐλεήσαντες
3000 2524 3099 2603 γὰρ
3182 2524 3301 2586 τοὺς
3372 2521 3594 2603 ὄχλους,
3677 2522 3908 2603 προσέρ-

2243 2634 2437 2691 χονται
2488 2618 2566 2687 τῷ
2624 2620 2853 2692 Χριστῷ,
2900 2614 2988 2670 καὶ
3030 2602 3148 2693 περὶ
3207 2617 3380 2673 αὐτῶν
3422 2602 3673 2679 ἀξιοῦσιν.
3731 2602 3789 2671 ’0
3841 2610 3902 2668 δὲ

2252 2702 2437 2779 Κύριος
2499 2702 2760 2780 πειράζων
2817 2703 3028 2778 αὐτοὺς,
3084 2703 3172 2759 καὶ
3220 2700 3517 2779 δοκιμάζων
3548 2704 3592 2758 εἰ
3621 2704 3716 2771 τὴν
3748 2703 3914 2758 αὒτοῦ

2252 2790 2559 2868 ἐπέγνωσαν
2628 2789 2881 2872 δύναμιν,
2938 2792 3019 2848 δτι
3090 2790 3303 2849 δύναται
3376 2792 3561 2855 αὐτοὺς
3609 2789 3910 2872 διαθρέψαι,

2254 2878 2397 2957 λέγει
2437 2900 2450 2914 ’
2511 2879 2641 2937 Δότε
2698 2884 2879 2945 αὐτοῖς
2930 2883 3087 2957 ὑμεῖς
3145 2894 3341 2964 φαγεῖν
3375 2897 3389 2912 ⁸
3454 2883 3501 2939 oi
3532 2879 3587 2937 δὲ
3620 2884 3706 2939 καὶ
3736 2902 3912 2939 κατα-

2256 2969 2555 3049 μέμφονται
2614 2971 2795 3050 αὖτὸν,
2864 2973 2935 3037 ὡς
2992 2971 3070 3047 μὴ
3124 2971 3315 3051 γνόντα
3372 2970 3518 3038 πόση
3570 2971 3668 3047 μὲν
3728 2975 3919 3036 αὐτοῖς

2254 3060 2289 3126 ἡ
2335 3058 2526 3135 ἔνδεια,
2563 3059 2729 3117 πόσον
2758 3056 2811 3115 δὲ
2840 3062 2928 3116 καὶ
2956 3062 3017 3116 τὸ
3041 3062 3103 3117 τὸ
3150 3068 3241 3119 τοῦ
3269 3060 3440 3142 ὄχλου
3468 3058 3701 3128 πλῆθος.
3740 3068 3922 3139 Βαρο-

516 3147 673 3209 enim
724 3147 944 3227 gravati
996 3148 1196 3209 animo
1229 3148 1509 3212 dicebant
1538 3167 1551 3211 :
1586 3149 1865 3213 Emamus
1893 3150 2162 3213 ducentis

2256 3148 2466 3223 νόμενοι
2674 3146 3021 3241 λέγουσι-τὸ.
3066 3151 3424 3231 Δγοράσωμεν
3488 3151 3746 3228 δηναρίων
3788 3147 3915 3241 δια-

511 3236 772 3298 denariis
804 3255 1006 3318 panes,
1041 3246 1101 3299 et
1130 3237 1342 3299 demus
1374 3239 1491 3300 illis
1524 3247 1586 3300 ut
1634 3239 1849 3301 edant?
1896 3236 2162 3322 Denique

2250 3240 2441 3294 κοσίων
2494 3235 2706 3317 ἄρτους,
2760 3240 2847 3295 καὶ
2895 3236 3151 3316 δώσωμεν
3205 3239 3389 3307 αὐτοῖς
3444 3253 3683 3321 φαγεῖν,
3739 3236 3910 3305 Τέλος

508 3325 862 3389 recumbere
895 3326 1033 3389 facit
1063 3346 1271 3390 omnes
1302 3329 1357 3390 in
1391 3328 1526 3391 feno
1557 3340 1860 3411 separatos
1896 3351 1908 3392 :
1942 3331 2057 3394 hoc
2077 3338 2165 3393 est

508 3416 672 3478 enim
704 3414 1048 3478 Distributis
1081 3417 1391 3490 conviviis,
1428 3417 1487 3479 id
1518 3427 1607 3480 est
1637 3419 1889 3481 diversis
1909 3419 2158 3496 mensis,

508 3504 665 3585 quod
692 3505 908 3567 iterum
941 3505 1209 3585 designat
1245 3506 1385 3568 dum
1406 3507 1571 3581 dicit,
1601 3508 2043 3573 Discubuerunt
2074 3511 2162 3572 di-

504 3594 676 3655 visim
720 3594 782 3655 in
816 3594 1067 3668 areolas,
1119 3597 1229 3657 hoc
1259 3605 1348 3658 est
1378 3597 1596 3659 multas
1623 3606 1820 3679 partes
1850 3607 1909 3660 et
1939 3600 2159 3661 sectio-

506 3702 637 3745 nes.
691 3684 920 3746 Areolae
971 3684 1129 3746 enim
1178 3686 1461 3749 dicuntur
1514 3688 1690 3750 variae
1744 3689 2046 3752 sectiones
2092 3689 2153 3751 in

506 3771 695 3861 hortis
767 3772 826 3835 in
907 3772 1123 3853 quibus
1184 3775 1520 3855 plantantur
1567 3778 1723 3839 varia
1806 3777 2159 3861 plerumque

507 3860 693 3923 olera.

585 3948 771 4041 Vsus.
806 3950 1023 4041 41-44.
1065 3976 1090 4006 α
1126 3951 1363 4041 Etcum
1394 3955 1723 4034 accepirset
1754 3957 2019 4039 quinque
2051 3980 2160 4041 pa-

508 4056 614 4099 nes
638 4047 695 4099 et
718 4038 868 4100 duos
902 4040 1374 4121 pisces,sublatis
1405 4043 1464 4103 in
1488 4042 1703 4105 calum
1736 4038 1950 4123 oculis,
1969 4038 2161 4112 bene-

507 4128 659 4189 dixit
689 4146 757 4190 ac
804 4128 981 4207 fregit
1014 4148 1218 4211 panes,
1247 4130 1533 4213 deditque
1562 4132 1875 4215 discipulis
1919 4137 2066 4215 suis,
2101 4148 2163 4200 ut

2246 3326 2427 3403 μέντοι
2488 3327 2754 3385 ἆνακλίνει
2812 3328 3011 3395 πάντας
3073 3328 3158 3386 επὶ
3213 3336 3293 3405 τῷ
3348 3330 3534 3410 χόρτῳ
3573 3327 3908 3410 διακεχωρι-

2247 3417 2492 3493 σμένους.
2527 3426 2692 3477 Τοῦτο
2721 3418 2823 3499 γάρ
2850 3420 2964 3477 ἔστι
3006 3420 3087 3493 τὸ,
3151 3419 3432 3496 Συμπόσια
3464 3418 3757 3496 συμπόσια,
3789 3419 3911 3475 ἀντὶ

2243 3515 2334 3563 τοὺ
2376 3505 2636 3580 τραπέζας
2679 3504 2983 3588 διαφόρους.
3045 3516 3212 3567 Τοῦτο
3278 3507 3332 3565 δὲ
3386 3510 3639 3586 σημαίνει
3685 3510 3772 3565 καὶ
3814 3509 3908 3589 τὸ,

2244 3597 2466 3675 Πρασιαὶ
2536 3596 2815 3671 ἀνέπεσον,
2888 3596 3149 3673 τουτέστι,
3226 3595 3451 3678 διάφορα
3508 3598 3763 3675 κόμματα
3815 3620 3889 3655 κα

2238 3659 2394 3766 μέρη.
2448 3687 2669 3766 Πρασιαὶ
2726 3659 2827 3765 γὰρ
2879 3659 3148 3767 λέγονται,
3174 3688 3242 3746 τὰ
3282 3659 3340 3744 ἐν
3379 3659 3497 3753 ⁸ὶοτς
3543 3659 3736 3759 κόποις
3766 3659 3915 3745 διιέ-ὶ

2239 3799 2373 3857 φορα
2416 3775 2694 3852 κόμματα,
2748 3776 2803 3833 έν
2847 3780 2933 3841 οἷς
2996 3777 3305 3857 φυτεύονται
3363 3774 3587 3858 διάφορα
3644 3775 3913 3843 πολλάκις

2242 3865 2483 3945 λάχανα,

2330 3976 2361 4013 ε
2410 3956 2506 4014 Καὶ
2585 3953 2762 4014 λαϐὼν
2818 3956 2939 4021 τοὺς
3026 3956 3183 4015 πέντε
3238 3955 3425 4036 ἄρτους
3497 3959 3585 4013 καὶ
3642 3958 3762 4021 τοὺς
3819 3955 3915 4014 δύο

2244 4046 2457 4125 ἰχθύας,
2534 4043 2839 4121 ἀναϐλέψας
2902 4047 2976 4112 εἷς
3033 4047 3124 4103 τὸν
3196 4045 3414 4125 οὐρανὸν
3424 4093 3444 4125 ,
3490 4045 3772 4126 εὖλόγησν
3819 4051 3915 4105 κᾶὶ

2243 4136 2538 4192 κατέκλασε
2594 4136 2715 4199 τοὺς
2775 4134 2985 4215 ἄρτους,
3059 4137 3145 4193 καὶ
3223 4133 3387 4194 ἐδίδου
3456 4151 3573 4202 τοῖς
3633 4141 3910 4214 μαθηταῖς

504 4225 878 4307 apponerent
908 4217 1025 4280 illis
1059 4240 1072 4279 :
1110 4228 1170 4281 et
1205 4220 1358 4282 duos
1392 4221 1585 4302 pisces
1617 4222 1814 4286 divisit
1858 4226 2158 4292 omnibus.

2250 4224 2426 4300 αὗται,
2486 4223 2581 4282 ἵνα
2640 4228 2945 4300 παραθῶσιν
2996 4228 3178 4290 αὐτοῖς
3214 4244 3227 4259 ⁸
3276 4228 3366 4283 καὶ
3416 4228 3536 4292 τοὺς
3586 4224 3675 4284 δίο
3716 4226 3911 4307 ἰχθύας

503 4306 575 4369 Ει
604 4306 993 4398 comederunt
1022 4328 1253 4391 omnes,
1287 4330 1355 4373 ac
1386 4313 1629 4374 saturati
1655 4322 1882 4390 sunt,et
1911 4318 2137 4381 sustule

2250 4316 2456 4391 ἐμέρισε
2518 4320 2675 4377 πᾶσι.
2739 4315 2838 4373 Καὶ
2892 4313 3089 4396 ἔφαγον
3146 4316 3365 4397 πάντες,
3428 4319 3516 4376 καὶ
3563 4306 3909 4398 ἐχορτάσθη-

503 4404 645 4458 runt
668 4396 1132 4487 fragmentorum
1156 4399 1483 4464 duodecim
1507 4402 1794 4482 c0phinos
1839 4407 2069 4486 plenos,
2106 4418 2162 4470 et

2250 4425 2366 4483 σαν,
2428 4405 2515 4461 καὶ
2558 4405 2693 4484 ἧραν
2739 4402 3061 4479 κλασμάτων
3104 4402 3305 4463 δώδεκα
3350 4396 3911 4487 κοφίνους-πλήρεις,

505 4487 581 4548 de
612 4485 1002 4600 piscibus.'Et
1032 4499 1201 4551 erant
1232 4488 1333 4569 qui
1365 4490 1748 4591 comederunt
1784 4485 2162 4577 panes,quin-

2250 4495 2333 4550 xui
2391 4494 2497 4551 ἀπὸ
2552 4500 2659 4551 τῶν
2706 4495 2931 4575 ἰχθύων.
2995 4496 3093 4554 Καὶ
3150 4495 3289 4565 ⁴ἦσαν
3369 4485 3444 4553 οίή
3471 4499 3728 4578 γαγὸντες
3770 4485 3914 4563 τοὺς

2259 4582 2280 4598 ..
2822 4583 2855 4600 η
2997 4581 3021 4600 ν
3061 4583 3083 4600 ε.
3329 4582 3373 4600 .,
3463 4584 3513 4600 ,ς
3540 4586 3551 4600 ,
3727 4588 3742 4600 .
3851 4588 3866 4600 .

506 4595 621 4657 que
656 4574 842 4666 millia
870 4577 1154 4666 virorum.
1192 4599 1220 4638 ›
1257 4578 1518 4660 Suspicit
1567 4580 1627 4642 in
1672 4574 1915 4666 cadum,
1950 4574 2161 4666 partim

2250 4582 2465 4664 ἄρτους,
2508 4574 2943 4665 πεντακισχίλιοι
2990 4581 3197 4663 ἄνδρες.
3246 4609 3274 4643 ι
3329 4574 3644 4643 ’Λναελέπει
3701 4588 3772 4652 εὶς
3815 4588 3917 4646 τὸν

502 4683 611 4729 nos
636 4664 863 4727 docens
893 4684 927 4726 a
946 4664 1070 4728 Deo
1103 4676 1313 4747 petere
1332 4667 1561 4750 cibum,
1595 4689 1715 4732 non
1746 4690 1781 4733 a
1810 4664 2079 4738 diabolo:
2104 4676 2162 4739 id

2250 4674 2491 4752 οὐρανὸν,
2552 4673 2665 4750 ἅμα
2710 4664 2809 4749 μὶν
2848 4675 2939 4731 καὶ
2979 4677 3126 4752 ἡμᾶς
3152 4672 3411 4733 διδάσκων
3456 4677 3601 4754 παρὰ
3642 4684 3737 4734 τοῦ
3778 4685 3922 4737 θεοῦ

502 4754 925 4835 quodfaciunt
952 4757 1057 4847 qui
1110 4757 1355 4836 injustis
1404 4759 1620 4838 praedis
1669 4764 1869 4824 vivunt
1901 4782 1916 4826 :
1954 4766 2162 4847 partim

2250 4764 2514 4822 αἰτεῖσθαι
2572 4764 2673 4831 τὴν
2740 4764 2965 4844 τροφὴν,
3011 4765 3101 4822 καὶ
3156 4764 3235 4841 μὴ
3298 4765 3442 4843 παρὰ
3496 4774 3590 4824 τοῦ
3636 4764 3917 4826 διαϐόλου·

505 4853 846 4937 monstrans
876 4845 1065 4937 turbis
1110 4864 1176 4909 se
1227 4866 1346 4937 non
1395 4866 1527 4909 esse
1567 4845 1971 4915 adversarium
2015 4855 2162 4937 Deo,

2250 4850 2379 4931 ὅπερ
2430 4855 2671 4910 ποιοὺσιν
2725 4856 2773 4911 οἱ
2844 4851 2895 4918 ἐξ
2953 4850 3147 4910 ἀδίκων
3206 4853 3387 4931 πόρων
3457 4851 3853 4937 διατρεφόμενοι
3895 4874 3913 4888 ⁸

502 4952 681 5023 quem
714 4933 1043 4999 invocabat.
1083 4938 1264 4998 Porro
1287 4936 1603 5017 discipulis
1630 4939 1753 5014 dat,
1784 4960 1860 5004 ne
1883 4933 2160 5008 miraculi

2250 4939 2355 5017 Ξίμα
2416 4939 2470 4997 δὲ
2526 4943 2617 5001 καὶ
2672 4955 2789 5007 τοῖς
2843 4941 3031 5023 ὄχλοις
3075 4945 3196 5001 τότε
3238 4942 3490 5003 δεικνύων
3538 4946 3611 5011 ὡς
3642 4933 3736 5005 οὒκ
3765 4945 3916 5005 ’ἐστιν

503 5021 950 5114 obliviscantur,
986 5024 1123 5106 quia
1143 5026 1265 5087 suis
1298 5027 1571 5089 manibus
1601 5031 2145 5114 tenuissentpanes.

2250 5032 2490 5113 ὶντίθεος,
2550 5030 2685 5088 ἀλλὰ
2741 5035 2832 5090 τὸν
2876 5021 3013 5090 έεὸν
3056 5032 3405 5095 ἐπικαλείται.
3449 5033 3637 5092 Δίδωσι
3681 5035 3735 5092 δὲ
3767 5051 3887 5103 τοῖς

504 5111 748 5173 Residui
781 5122 975 5175 autem
1018 5122 1156 5203 sunt
1180 5115 1495 5178 duodecim
1528 5119 1794 5199 c0pliini,
1831 5111 2043 5187 ead—em
2075 5127 2150 5189 de

2250 5111 2522 5199 ιαθηταϊς,
2583 5123 2676 5181 ’ίνα
2731 5130 2824 5181 τοῦ
2888 5124 3153 5201 θαύματος
3226 5124 3305 5200 μὴ
3362 5123 3737 5203 ἐπιλάθωνται,
3806 5129 3885 5193 ὧς

502 5210 772 5295 causa,ut
800 5203 923 5263 suis
951 5202 1170 5284 quique
1199 5205 1468 5268 humeris
1488 5227 1669 5269 unum
1701 5219 2152 5289 gestantes,i‘.‘.e-

2250 5213 2358 5275 ταῖς
2418 5212 2631 5278 οἰκείαις
2672 5215 2828 5293 χερσὶ
2875 5212 3144 5291 δεξάμενοι
3193 5215 3313 5279 τοὺς
3372 5212 3584 5295 ἄρτους.
3634 5202 3730 5276 Καὶ
3771 5216 3884 5274 δώ-

504 5290 693 5387 moria
743 5308 869 5351 rem
924 5303 1251 5357 servarent.
1282 5295 1532 5358 Virtutis
1564 5306 1761 5360 autem
1815 5304 2151 5379 magnitudo

2250 5300 2368 5357 δεκι
2430 5300 2484 5358 δὲ
2539 5303 2747 5383 κόφινοι
2779 5305 3164 5381 περιττεύουσι,
3198 5301 3264 5359 δι’
3296 5308 3425 5364 αὐτὸ
3478 5313 3656 5387 τοῦτο,
3701 5304 3793 5362 ἵνα
3822 5305 3894 5364 ξπ

503 5377 1010 5477 indicatur,_quod
1046 5402 1166 5444 non
1189 5387 1381 5445 solum
1425 5394 1539 5447 tam
1590 5388 1757 5450 multi
1813 5377 2160 5477 pascuntur,

2250 5394 2408 5469 ὤμων
2470 5377 2691 5460 ἕκαστος
2750 5377 2879 5477 ἄρας
2952 5377 3193 5475 κόφινον,
3253 5394 3607 5463 ἆνεπίληστον
3640 5377 3806 5476 ’τηρῇ
3846 5400 3919 5456 τὸ

503 5466 609 5527 sed
634 5476 693 5529 et
724 5469 905 5532 multa
938 5472 1361 5552 relinquuntur
1398 5476 1655 5541 residua.
1708 5466 1981 5541 Moses!”
1999 5466 2160 5546 enini

2250 5466 2448 5560 θαῦμα.
2493 5466 2796 5565 Περιουσίί
2822 5486 2876 5543 δὶ
2928 5466 3226 5561 δυνόμιωξ,
3286 5487 3348 5542 τὸ
3391 5488 3472 5563 μὴ
3516 5486 3679 5563 μόνον
3721 5466 3921 5568 θρέψαι

582 5637 641 5687 89
670 5637 859 5702 Exod.
894 5657 955 5721 Σ,
992 5639 1094 5701 l2.
