4170 6418
500 330 620 410 550

582 480 764 542 VEns.
792 478 1010 542 53-56.
1052 502 1076 536 α
1108 479 1335 539 Etcum
1368 456 2147 557 trajecissent,veneruntin
2176 482 2209 527 Α

503 581 718 633 terram
760 572 1152 646 Genezareth,
1217 579 1273 630 et
1313 570 1725 650 applicuerunt
1779 572 1833 629 in
1895 574 2151 648 portum.

503 661 768 741 Cumque
787 661 1009 739 egressi
1032 669 1230 721 essent
1253 677 1286 721 e
1310 660 1463 733 navi,
1492 661 1773 721 continuo
1793 664 2156 736 agnoverunt

500 767 663 811 eum:
690 769 756 811 ac
780 757 1201 831 percurrentes
1230 758 1413 810 totam
1458 750 1722 829 undique
1748 746 2051 826 regionem
2077 743 2153 804 il-

501 837 642 919 lam,
676 848 987 920 coeperunt
1018 839 1076 899 in
1101 838 1274 901 lectis
1300 856 1403 899 eos
1420 838 1521 919 qui
1546 838 1697 900 male
1718 834 2013 899 habebant
2033 834 2153 897 cirv

501 928 967 1008 cumferre,cum
988 927 1297 989 audissent
1316 945 1449 989 eum
1478 927 1600 989 illic
1626 935 1848 989 essezet
1876 941 2151 1006 quocun-

501 1034 617 1098 que
646 1016 955 1079 introisset
974 1016 1213 1077 invicos
1254 1025 1355 1083 aut
1402 1016 1694 1089 civitates,
1743 1025 1842 1077 aut
1872 1014 1933 1075 in
1963 1012 2152 1091 villas,

500 1106 563 1166 in
587 1105 800 1186 plateis
822 1106 1121 1187 ponebant
1136 1105 1980 1185 infirmos.etdeprecabantur
1991 1121 2151 1171 eum,

506 1202 571 1255 ut
627 1195 716 1257 vel
774 1194 1073 1256 ﬁmbriam
1139 1195 1470 1257 vestimenti
1528 1196 1659 1274 ejus
1715 1200 2155 1272 tangerentzet

504 1292 797 1364 quotquot
826 1283 1323 1361 tangebanteum,
1360 1283 1502 1345 salvi
1536 1282 1778 1345 ﬁebant.
1811 1309 1835 1339 ι
1864 1281 2004 1342 2οὕ
2029 1280 2153 1347 Ali-

506 1381 725 1452 quanto
741 1380 1106 1452 tempore,ut
1123 1371 1376 1447 videtur,
1400 1376 1813 1452 peregrinatus
1832 1382 1922 1434 est
1952 1370 2153 1432 Domi-

508 1480 620 1522 nus
661 1460 722 1522 iu
751 1461 882 1523 loco
941 1461 1066 1541 illo,
1101 1480 1171 1522 eo
1202 1460 1358 1542 quod
1392 1462 1756 1539 evangelista
1785 1460 1930 1522 dicit
1964 1482 1977 1519 :
2011 1462 2156 1522 Cum

507 1550 1104 1628 agnovissentillum,
1131 1551 1454 1612 attulerunt
1482 1551 1774 1612 inﬁrmos.
1824 1549 1954 1611 Non
1998 1550 2158 1610 enim

507 1640 569 1701 in
602 1640 811 1701 domos
832 1641 1024 1720 ipsum
1057 1640 1367 1715 vocabant,
1404 1640 1508 1701 sed
1555 1640 1670 1720 ipsi
1701 1639 2029 1703 aiferebant
2059 1656 2161 1700 eos

508 1730 611 1811 qui
632 1730 784 1791 male
808 1728 1523 1810 habebant,obsecrantes
1542 1730 1730 1791 utillis
1746 1730 1832 1791 vel
1858 1728 2157 1791 ﬁn‘briam

1466 336 2062 410 THEOPHYLACTI
2114 335 2525 401 BULGARLE
2570 336 2921 402 ARCHIEP.

3775 324 3899 391 560

2322 495 2350 529 ε
2398 476 2497 534 Καὶ
2552 474 2989 556 διαπεράσαντες,
3044 475 3207 542 ἦλθον
3260 472 3346 529 ἐπὶ
3386 473 3486 539 τὴν
3537 472 3641 550 γῆν
3692 476 3897 535 Γεννη-

2240 562 2400 643 σαρέτ
2427 579 2445 598 ⁶
2506 566 2593 623 καὶ
2648 565 3151 645 προσωρμίσθησαν,
3205 565 3292 619 καὶ
3356 559 3671 627 ἐξελθόντων
3723 560 3897 615 αὒτιῦν

2240 653 2300 709 ἐκ
2353 662 2445 711 τοῦ
2514 655 2723 729 πλοίου,
2779 655 2966 719 εὒθέως
3024 653 3330 732 ἐπιγνόντες
3398 652 3579 724 αῦτὸν,
3641 647 3897 729 περιδρα-

2238 744 2429 818 μόντες
2492 744 2625 812 ὅλην
2698 744 2798 811 τὴν
2853 745 3154 823 περίχωρον
3238 742 3470 820 ἐκείνην,
3534 738 3757 819 ἤρξαντο
3811 736 3902 793 ἐπὶ

2238 846 2356 896 τοῖς
2413 832 2728 911 κρώὄάτοις
2813 834 2931 900 τοὺς
3017 833 3195 897 κακῶς
3274 830 3498 911 ἔχοντας
3570 828 3890 909 περιφέρειν,

2238 921 2372 981 ὅπου
2424 923 2619 992 ἤκουον
2678 923 2759 979 ὅτι
2808 922 2925 981 ἐκεῖ
2952 924 3065 979 ἔστι
3098 942 3114 957 ο
3162 924 3249 979 καὶ
3278 921 3412 979 ὅπου
3448 920 3508 977 ἂν
3540 919 3902 997 εἰσεπορεύετο

2238 1014 2312 1077 εἷς
2356 1014 2542 1088 κώμας
2599 1014 2634 1081 ἢ
2672 1011 2856 1078 πόλεις
2900 1013 2936 1081 ἢ
2980 1013 3193 1093 ἀγροὺς,
3241 1014 3297 1068 ὶν
3340 1024 3461 1074 ταῖς
3526 1010 3749 1088 ἀγοραῖς
3785 1007 3898 1063 ἐτί-

2237 1106 2356 1159 θουν
2409 1105 2529 1169 τοὺς
2588 1103 2954 1173 ἀσθενοῦντας,
3028 1105 3117 1159 καὶ
3195 1100 3525 1179 παρεκάλουν
3583 1102 3742 1155 αὖτον
3806 1097 3902 1152 ’ἶνι

2237 1189 2337 1246 κᾶν
2390 1199 2483 1247 τοῦ
2537 1189 2831 1267 κρασπέδου
2886 1199 2979 1250 τοῦ
3033 1192 3243 1267 ἱματίου
3302 1195 3459 1250 αὐτοῦ
3516 1188 3779 1269 ἅψωνται,
3813 1195 3904 1249 καὶ

2239 1278 2353 1336 ὅσοι
2413 1279 2474 1336 ἂν
2531 1280 2763 1348 ἥπτοντο
2818 1285 3002 1354 αὐτοῦ,
3052 1282 3334 1353 ἐσώζοντο.
3386 1282 3484 1337 Διά
3539 1278 3762 1361 χρόνου,
3825 1280 3901 1340 ὡς

2239 1368 2435 1445 ἔοικεν,
2497 1369 2836 1447 ἐπεδήμησεν
2892 1375 2919 1427 ί)
2988 1373 3174 1450 Κύριος
3260 1380 3337 1446 τῷ
3415 1373 3588 1444 τόπῳ,
3647 1373 3741 1426 Διὸ
3815 1371 3903 1423 καὶ

2243 1461 2271 1514 ὁ
2304 1458 2685 1539 εὖαγγελιστνδς
2716 1458 2859 1539 λέγει
2895 1478 2908 1492 ⁸
2974 1450 3313 1540 Ἐπιγνόντες
3364 1460 3545 1540 αῦτὸν,
3579 1459 3905 1539 προσέφερον

2242 1548 2363 1615 τοὺς
2420 1549 2685 1614 ἀσθενεῖς.
2747 1553 2855 1608 Οὐκ
2896 1550 2971 1607 ἔτι
3016 1553 3115 1631 γὰρ
3172 1552 3246 1617 εἰς
3296 1553 3391 1615 τὰς
3426 1551 3593 1614 οἰκίας
3652 1548 3901 1625 ἰκέλουν,

2243 1636 2364 1693 ἀλλ’
2424 1639 2568 1695 αῦτοὶ
2622 1638 2825 1716 μᾶλλον
2886 1643 3209 1722 προσέγερον
3249 1643 3370 1705 τοὺς
3423 1646 3601 1705 κακῶς
3645 1638 3898 1719 ⁷έχοντεις,

2244 1726 2668 1805 παρακαλοῦντες
2740 1730 2831 1787 ἵνα
2918 1730 3013 1787 κᾶν
3093 1734 3189 1788 τοῦ
3264 1726 3558 1811 κρασπέδου
3635 1727 3904 1804 ἅψωνται.

506 1818 851 1880 vestimenti
887 1830 1131 1898 tangere
1166 1818 1360 1880 liceat.
1400 1821 1548 1881 Nam
1590 1818 1941 1881 miraculum
1998 1816 2153 1897 quod

2249 1820 2316 1875 Τὸ
2374 1818 2473 1897 γὰρ
2555 1821 2673 1899 περὶ
2744 1820 2838 1888 τὴν
2910 1818 3187 1900 αἱμόῤῥουν
3263 1824 3457 1896 θαῦμα,
3542 1819 3754 1877 πάντων
3810 1818 3907 1879 τὰς

504 1907 569 1969 in
600 1908 847 1979 muliere
866 1917 1142 1988 operatus
1158 1908 1368 1989 fuerat,
1395 1927 1524 1990 quae
1542 1908 1849 1987 sanguinis
1874 1907 2156 1987 proﬂuvio

505 1996 830 2072 laborabat,
865 1996 938 2058 ad
969 1997 1240 2060 omnium
1272 2016 1448 2060 aures
1488 2011 1837 2079 pervvnerat
1862 1997 2161 2077 ﬁdemque

506 2095 775 2150 auxerat.

1134 2175 1383 2241 CAPUT
1415 2175 1541 2241 νη.

2245 1907 2407 1969 ἀκοὰς
2444 1908 2736 1988 ’ξκατέσχε,
2801 1911 2886 1966 καὶ
2959 1909 3175 1968 πλείονα
3234 1911 3409 1967 πίστιν
3482 1912 3665 1973 αὐτοῖς
3715 1907 3907 1973 ἆνέθη-

2244 2017 2359 2058 κεν,

2881 2184 3261 2244 ΚΕΦΑΛ.ΖἌ

513 2264 605 2328 De
651 2266 984 2359 discipulis
1036 2265 1224 2329 illatis
1246 2268 1532 2359 monibus
1582 2266 2044 2359 commeatibus.
2084 2265 2158 2327 De

2250 2274 2372 2352 Περὶ
2425 2281 2529 2331 τῶν
2583 2279 2837 2359 μαθητῶν
2886 2277 3133 2359 ἀνιπτοῖς
3178 2281 3364 2359 χερσὶν
3417 2277 3714 2335 ἆσθιόντων.
3781 2282 3884 2353 ηερ

590 2358 1068 2433 transgressione
1125 2356 1561 2418 mandatorum
1619 2356 1750 2418 Dei.
1824 2356 1911 2417 De
1972 2355 2165 2435 Syro-

590 2446 927 2524 pliamissa.
966 2447 1049 2505 De
1080 2445 1361 2509 Sabbato.

596 2534 779 2596 Vens.
807 2534 930 2597 1-5.
961 2558 988 2589 α
1023 2532 1095 2595 Et
1122 2534 1575 2596 conveniuntad
1599 2552 1735 2597 eum
1762 2534 2061 2597 Pharisaei.
2113 2542 2171 2595 et

2330 2360 2437 2419 τῶς
2467 2353 2814 2435 παραϐάσεως
2870 2363 2962 2425 τῆς
3005 2353 3360 2425 ἱντολῆξποῦ
3419 2364 3573 2421 Θεοῦ,
3626 2359 3747 2437 Περὶ
3804 2359 3905 2423 τῆς

2332 2439 2823 2515 Συροφοινικίσσης,
2860 2440 2979 2516 Περὶ
3012 2446 3101 2495 τοῦ
3130 2437 3431 2502 Σαϐϐάτου,

2338 2555 2363 2583 α
2408 2531 2503 2587 Καὶ
2560 2531 2872 2609 συνάγονται
2944 2534 3072 2611 πρὸς
3144 2533 3301 2590 αῦτὸν
3346 2534 3392 2589 oi
3456 2538 3767 2612 Φαρισαῖοι,
3816 2533 3907 2588 καί

513 2621 753 2703 quidam
776 2622 850 2684 de
872 2622 1100 2685 Scribis
1122 2622 1224 2703 qui
1244 2631 1531 2685 venerant
1560 2642 1593 2685 a
1621 2621 2048 2705 Hierosolymis
2076 2642 2089 2686 :
2114 2634 2158 2684 el

2252 2641 2389 2683 τινες
2451 2625 2555 2675 τῶν
2615 2622 2976 2700 Γραμματὲων
3036 2622 3272 2686 ἐλθόντες
3329 2622 3436 2679 ἀπὸ
3494 2614 3903 2699 Ἱεροσολύμων,

513 2730 649 2773 cum
673 2711 960 2772 vidissent
975 2712 1263 2792 quosdam
1284 2731 1353 2773 ex
1368 2712 1679 2792 discipulis
1700 2713 2155 2793 ejuscommuni.

516 2799 627 2862 bus
642 2799 1118 2878 manibus,idjest
1140 2800 1537 2872 illotis,edere
1562 2820 1765 2883 panes,
1794 2802 2164 2864 incusabant.

2252 2711 2340 2765 καὶ
2382 2706 2580 2774 ἷδοντες
2636 2712 2782 2775 τινὰς
2833 2718 2938 2769 τῶν
2990 2713 3244 2788 μαθητῶν
3276 2716 3433 2771 αὐτοῦ
3460 2726 3668 2774 κοιναῖς
3724 2714 3906 2791 χερσὶ,

2251 2798 2520 2855 τουτέστιν
2604 2799 2865 2875 ἀνίπτοις,
2952 2801 3214 2868 ἐσθίοντας
3296 2799 3505 2882 ἄρτους,
3566 2800 3902 2878 ἐμέμψαντο,

514 2886 659 2951 Nam
686 2888 967 2951 Pharisaei
991 2897 1051 2950 et
1079 2908 1289 2951 omnes
1305 2889 1520 2963 Judzei,
1548 2892 1660 2952 nisi
1709 2892 2046 2955 cubilaliter
2078 2892 2158 2953 la-

2254 2890 2313 2945 Oi
2373 2888 2472 2966 γὰρ
2540 2889 2826 2967 Φαρισαῖοι
2897 2893 2985 2948 καὶ
3056 2894 3247 2957 πάντες
3303 2895 3348 2949 οἱ
3405 2889 3678 2966 Ἰουδαῖοι,
3706 2892 3785 2946 ἔα.
3826 2893 3907 2965 μὴ

516 2979 711 3041 varint
734 2998 968 3060 manus,
1017 2998 1135 3039 non
1164 2979 1404 3060 capiunt
1433 2981 1659 3053 cibum,
1700 2991 1970 3043 tenentes
1996 2981 2165 3044 insti-

514 3075 637 3131 tuta
662 3070 976 3149 majorum:
1015 3078 1071 3128 et
1104 3088 1137 3130 a
1167 3069 1293 3130 foro
1318 3070 1769 3146 venientes,nisi
1802 3070 1901 3132 loti
1930 3072 2168 3149 fuerint,

515 3176 633 3219 non
667 3158 1034 3235 comedunt;
1071 3168 1127 3220 et
1157 3159 1272 3221 alia
1306 3160 1490 3220 multa
1515 3168 1653 3221 sunt
1683 3180 1815 3241 quas
1878 3180 2158 3241 suscepe-

2253 3162 2368 3233 ρᾶς,
2426 3156 2517 3213 ἐὰν
2575 3158 2648 3233 μὲ
2702 3159 3085 3236 βαπτίσωνται,
3147 3161 3241 3218 οῦκ
3312 3159 3533 3217 ἐσθίουσι
3570 3178 3583 3192 ⁸

512 3256 650 3309 runt
692 3247 1000 3324 servanda,
1039 3267 1257 3328 nempe
1294 3249 1548 3311 lotiones
1579 3254 1923 3330 poculorum
1973 3258 2031 3310 et
2059 3270 2159 3311 ur-

511 3353 776 3399 ceorum.
810 3346 867 3398 et
915 3348 1397 3411 aeramentorum,
1459 3348 1517 3399 et
1574 3340 1884 3403 lectorum.
1937 3340 2165 3401 Deinde

509 3425 873 3505 interrogant
899 3445 1033 3489 eum
1071 3426 1351 3488 Pharisaei
1377 3436 1434 3488 et
1467 3426 1714 3490 Scribae:
1751 3427 1945 3500 Quare
1976 3428 2162 3490 disci-

512 3514 635 3595 puli
669 3516 750 3576 tui
770 3534 885 3576 non
910 3516 1400 3597 ambulantjuxta
1419 3517 1791 3581 traditionem
1827 3518 2158 3593 seniorum,

508 3603 613 3665 sed
645 3603 825 3666 illotis
857 3605 1133 3667 manibus
1163 3606 1349 3667 edunt
1382 3625 1593 3687 panem
1620 3613 1647 3669 ?
1686 3633 1709 3661 ι
1737 3605 2157 3685 DiscipuliDo-

512 3692 656 3753 mini
689 3693 847 3755 docti
878 3697 1063 3755 solam
1108 3698 1381 3756 virtutem
1407 3696 1762 3776 amplexari,
1798 3706 1853 3755 et
1913 3695 1972 3756 in
2029 3696 2160 3756 aliis

511 3800 628 3842 non
664 3801 796 3843 esse
817 3783 1211 3863 superstitiosi
1247 3786 1423 3845 illotis
1446 3783 1719 3845 manibus
1741 3785 2156 3861 cometlebant,

510 3870 863 3951 simpliciter
910 3882 966 3933 et
1014 3872 1236 3953 absque
1285 3874 1646 3936 curiositate.
1686 3873 1967 3936 Pharisaei
2021 3893 2159 3954 ergo

508 3969 846 4041 qumrentes
915 3962 1166 4023 convicii
1211 3962 1613 4044 occasionem,
1653 3963 1794 4024 illud
1830 3965 2158 4045 reprehen-

509 4048 677 4109 dunt:
713 4068 906 4131 neque
931 4053 1388 4130 reprehendunt
1414 4052 1545 4113 illos
1576 4052 2160 4133 uttransgrcdientes

508 4138 725 4219 legem,
758 4140 863 4201 sed
896 4141 1245 4203 traditiones
1307 4143 1636 4205 seniorum.
1692 4140 1817 4202 Non
1878 4142 2038 4204 enim
2096 4142 2157 4204 in

500 4225 639 4311 lege
684 4228 972 4309 scriptum
1014 4239 1141 4291 erat
1176 4252 1188 4264 ·
1227 4232 1535 4293 lavandum
1563 4231 2042 4305 cubitaliter,hoc
2072 4243 2158 4293 est

507 4334 697 4397 usque
728 4318 799 4379 ad
834 4319 1095 4381 cubitum
1135 4321 1393 4400 (cubitus
1423 4322 1581 4384 enim
1638 4321 1856 4383 dicitur
1912 4341 1945 4381 a
2001 4323 2155 4383 ﬂexu

2254 2982 2443 3054 πυγμῇ
2500 2980 2755 3054 νίψωνται
2812 2982 2905 3044 τὰς
2951 2996 3169 3062 χεῖρας,
3204 2981 3300 3039 οῦκ
3346 2980 3594 3054 ἐσθίουσι,
3643 2986 3902 3059 κρατοῦν-

2254 3088 2343 3131 τες
2398 3068 2497 3134 τὴν
2544 3066 2831 3148 παράδοσιν
2879 3076 2983 3126 τῶν
3038 3069 3401 3152 πρεσϐυτέρων
3436 3088 3449 3101 ·
3511 3072 3597 3127 καὶ
3628 3069 3735 3127 ἀπὸ
3765 3069 3905 3148 ἀγο-

3636 3160 3721 3213 καὶ
3767 3157 3903 3215 ἅλλα

2249 3245 2424 3304 πολλᾶ
2465 3245 2608 3304 ἐστιν
2665 3246 2699 3303 ἃ
2759 3247 3059 3328 παρέλαϐον
3103 3264 3345 3330 κρατεῖν,
3403 3247 3730 3326 βαπτισμοὺς
3791 3266 3897 3301 πο-

2251 3336 2444 3414 τηρίων
2473 3336 2788 3413 καὶὲξεστῶν
2825 3340 2913 3396 καὶ
2960 3338 3231 3420 χαλκείων
3290 3341 3377 3396 καὶ
3425 3338 3641 3399 κλινῶν.
3689 3337 3702 3359 ’
3731 3344 3897 3393 Επει-

2248 3447 2313 3481 τα
2354 3427 2693 3505 ἒπερωτῶσιν
2751 3428 2907 3484 αὐτὸν
2960 3431 3006 3487 οἱ
3049 3437 3333 3507 Φαρισαῖοι
3390 3430 3479 3486 καὶ
3535 3429 3583 3485 οἱ
3640 3431 3896 3506 Γραμμα-

2248 3528 2386 3591 τεῖς,
2447 3517 2596 3573 Διατί
2668 3519 2715 3574 οἱ
2774 3522 3003 3595 μαθηταί
3034 3540 3153 3576 σου
3227 3519 3285 3577 οὔ
3350 3523 3696 3597 περιπατοῦσι
3766 3516 3905 3572 κατά

2246 3606 2343 3671 τὴν
2443 3605 2729 3683 παράδοσιν
2827 3611 2933 3665 τῶν
3020 3606 3405 3689 πρεσϐυτέρων,
3484 3605 3603 3663 ἀλλ’
3663 3606 3901 3668 ἀνίπτοις

2247 3696 2428 3774 χερσὶν
2485 3695 2707 3753 ἐσθίουσι
2764 3699 2853 3755 τὸν
2902 3698 3105 3778 ἄρτον;
3171 3723 3193 3755 ι
3257 3702 3317 3757 Οἱ
3354 3706 3446 3755 τοῦ
3504 3698 3688 3775 Κυρίου
3719 3698 3901 3772 μαθη-

2244 3787 2327 3841 ταὶ
2380 3783 2715 3866 διδαχθέντες
2760 3789 2934 3864 μόνης
2992 3788 3309 3869 ἀντέχεσθαι
3378 3794 3476 3856 τῆς
3526 3786 3740 3867 ἀρετῆς,
3800 3783 3896 3841 καὶ

2246 3872 2415 3950 μηδὲν
2515 3875 2646 3933 ἄλλο
2739 3880 3329 3958 προσπεριεργάζεσθαι,
3408 3877 3645 3939 ἀνίπτοις
3715 3876 3900 3956 χερσὶν

2246 3962 2423 4031 ἤσθιον
2507 3966 2829 4047 ἀπεριέργως
2914 3969 3001 4025 vati
3058 3967 3265 4044 ἀπλώς;
3355 3970 3413 4025 Οἱ
3467 3967 3554 4024 οῦν
3609 3973 3897 4046 Φαρισαῖοι

2244 4053 2482 4119 θέλοντες
2567 4058 2738 4136 εὑρεῖν
2824 4058 3148 4136 σκώμματος
3218 4057 3504 4138 πρόφασιν,
3585 4054 3897 4133 δράσσονται

2242 4143 2427 4201 τούτου
2463 4165 2474 4178 ·
2520 4146 2608 4202 καὶ
2661 4148 2721 4203 οῦ
2772 4146 3071 4227 μέμφονται
3120 4148 3307 4210 αὐτοὺς
3351 4149 3423 4211 ὡς
3479 4141 3895 4225 παραϐαίνοντας

2244 4234 2332 4289 τὸν
2391 4234 2574 4310 νόμον,
2634 4234 2771 4292 ἀλλὰ
2835 4235 3121 4315 παράδισιν
3189 4242 3295 4294 τῶν
3373 4232 3759 4316 πρεσϐυτέρων.
3822 4237 3897 4293 Οῦ

2244 4323 2341 4401 γὰρ
2385 4324 2439 4379 ἐν
2496 4332 2573 4399 τῷ
2616 4325 2765 4401 νόμῳ
2812 4326 3103 4406 γέγραπται
3153 4326 3418 4384 νίπτεσθαι
3735 4345 3897 4380 τουτ-

505 4401 733 4496 brachii
768 4426 954 4488 usque
974 4412 1044 4469 ad
1074 4419 1374 4472 extremos
1406 4412 1675 4491 digitos).
1712 4410 1815 4471 sed
1861 4411 1971 4472 hoc
2032 4424 2155 4473 erat

2249 4412 2405 4493 ἐστιν,
2480 4413 2608 4495 ἄχρι
2663 4418 2755 4471 τοῦ
2825 4401 3065 4493 ἀοίκῶνος
3124 4416 3334 4496 (πυγμὴ
3396 4414 3495 4494 γᾶρ
3550 4401 3775 4493 ⁷λέγεται
3830 4415 3894 4469 τὸ

501 4511 535 4554 a
560 4494 902 4558 senioribus
937 4498 1214 4560 traditum

582 4767 760 4828 VEItS.
787 4767 954 4829 6-13.
990 4791 1014 4821 α
1042 4767 1232 4829 Atille
1254 4771 1625 4847 respondens
1653 4770 1804 4831 dixit
1826 4776 1914 4837 eis
1946 4794 1961 4840 :
1992 4776 2153 4839 Bene

493 4854 841 4917 vaticinatus
873 4866 963 4916 est
1004 4854 1185 4917 Isaias
1248 4856 1322 4919 de
1375 4858 1540 4920 vobis
1598 4860 1944 4941 hypocritis,
2001 4866 2151 4927 sicut

495 4943 785 5024 scriptum
820 4956 907 5007 est
937 4968 949 5009 :
985 4945 1244 5026 Pupulus
1276 4948 1371 5009 hic
1404 4948 1583 5009 labiis
1616 4971 1706 5010 me
1741 4952 2014 5030 honorat,
2051 4973 2152 5015 cor

491 5041 687 5095 autem
724 5052 929 5095 eorum
958 5035 1130 5113 longe
1160 5046 1248 5097 est
1277 5057 1309 5097 a
1343 5056 1458 5100 me:
1487 5039 1542 5098 in
1575 5057 1790 5103 vanum
1826 5053 2021 5106 autem
2059 5064 2151 5105 me

2242 4501 2345 4558 ἀπὸ
2402 4510 2493 4560 τοῦ
2538 4503 2775 4583 ἀγκῶνος
2832 4505 2960 4588 ἄχρι
3026 4507 3115 4563 καὶ
3170 4511 3277 4563 τῶν
3333 4503 3508 4586 ἄκρων
3567 4500 3888 4583 δακτύλων),

2240 4588 2359 4647 ἀλλ’
2416 4591 2522 4650 ἀπὸ
2581 4602 2689 4651 τῶν
2735 4593 3099 4675 πρεσϐυτέρων
3158 4596 3324 4677 εἶχον
3392 4599 3547 4652 τοῦτο
3603 4590 3891 4673 παραδεδο-

2240 4702 2420 4755 μενον.

2326 4792 2347 4827 ε
2404 4762 2461 4829 Ὀ
2519 4771 2573 4829 δὲ
2624 4770 2925 4854 ἀποκριθεὶς
2954 4775 3110 4833 εἶπεν
3142 4777 3345 4851 αὐτοῖς,
3397 4774 3503 4851 ὅτι,
3528 4772 3730 4838 ’Καλῶς
3760 4795 3889 4853 προ-

2236 4862 2519 4939 εφήτευσεν
2578 4854 2804 4929 Ἠσαίας
2857 4866 2972 4946 περὶ
3026 4866 3173 4942 ὑμῶν
3239 4871 3345 4922 τῶν
3404 4866 3724 4944 ὑποκριτῶν,
3812 4866 3888 4927 ὡς

2236 4949 2529 5028 γέγραπται
2572 4976 2578 4983 ·
2630 4954 2792 5016 Οὗτος
2838 4957 2866 5010 ὁ
2925 4954 3053 5020 λαὸς
3087 4968 3204 5019 τοῖς
3235 4953 3440 5037 χείλεσί
3471 4975 3536 5031 με
3566 4960 3719 5031 τιμᾷ,
3766 4950 3888 5037 ἠδὲ

2237 5040 2418 5128 καρδία
2473 5045 2643 5101 αὖτῶν
2714 5043 2892 5124 πόῤῥω
2948 5044 3143 5128 ἀπέχει
3218 5036 3312 5102 ἀπ’
3388 5044 3543 5125 ἐμοῦ,
3596 5036 3779 5121 μάτην
3829 5040 3886 5099 δὲ

489 5120 693 5211 colunt
713 5122 997 5185 docentes
1012 5125 1638 5209 doctrinas,praacepta
1659 5130 1965 5194 hominum
2000 5132 2143 5194 Nam

2249 5127 2473 5188 ré50vr1i
2549 5155 2641 5209 με,
2723 5120 3095 5199 διδάσκοντες*
3141 5120 3500 5211 διδασκαλίας,
3527 5120 3541 5125 ⁷
3581 5120 3887 5211 ἐντάλματα

488 5209 710 5272 omisso
737 5223 1032 5306 praecepto
1056 5213 1183 5290 Dei,
1210 5217 1423 5277 tenetis
1444 5219 1924 5284 constitutionem
1947 5224 2143 5285 homi-

2249 5224 2537 5301 ιιθρώπων.
2626 5223 2875 5306 ’Λφέντες
2958 5227 3057 5305 γὰρ
3134 5226 3234 5293 τὴν
3291 5209 3510 5294 ἐντολὴν
3578 5230 3674 5281 τοῦ
3726 5209 3877 5300 Θεοῦ,

488 5300 1036 5395 n_uu_1__:ablutiones
1068 5323 1382 5365 urceorum
1410 5314 1466 5368 et
1502 5313 1871 5388 poculorum,
1910 5312 2143 5392 aliaque

2249 5300 2471 5391 ιρατεῖτε
2527 5315 2624 5382 τὴν
2690 5300 2983 5393 παράδοσιν
3031 5300 3143 5373 τῶν
3194 5316 3504 5395 ἀνθρώπων,
3550 5311 3878 5392 βαπτισμοὺς

484 5386 705 5483 similia
756 5390 845 5450 his
876 5390 1070 5453 facitis
1104 5394 1307 5483 multa.
1349 5398 1418 5457 Et
1475 5386 1715 5461 (licebat
1766 5402 1921 5463 illis:
1974 5386 2138 5462 Bene

2253 5403 2419 5459 εατῶν
2476 5407 2562 5460 καὶ
2620 5404 2911 5483 ποτηρίων,
2973 5407 3062 5461 καὶ
3147 5403 3283 5461 ἄλλα
3341 5405 3607 5481 παρόμοια
3661 5409 3881 5458 τοιαῦτα

483 5475 731 5574 rejicitis
763 5489 1127 5574 praeceptum
1163 5481 1855 5574 Deigutconstitutionem
1882 5499 2134 5555 vestram

2249 5490 2397 5549 πολλὰ
2452 5508 2681 5559 ποιεῖτε,
2746 5475 2846 5555 Καὶ
2892 5475 3082 5574 *ἔλεγεν
3141 5497 3323 5560 αὐτοῖς
3362 5516 3377 5534 ο
3416 5475 3603 5558 ίίαλῶς
3641 5490 3881 5548 ἀθετεῖτε

481 5566 947 5653 servetisMoses
978 5571 1136 5630 enim
1167 5572 1335 5633 dixit:
1365 5572 1599 5636 Honora
1626 5587 1848 5657 patrem
1881 5590 2040 5642 tuum
2076 5590 2133 5642 et

2249 5582 2313 5649 ὴν
2371 5583 2587 5652 ἐντολὴν
2630 5588 2721 5641 τοῦ
2765 5592 2916 5663 Θεοῦ,
2975 5588 3067 5642 ἳνα
3112 5587 3210 5653 τὴν
3254 5585 3546 5665 παράδοσιν
3594 5585 3741 5660 ὑμῶν
3770 5603 3899 5657 τηε
