4170 6412
419 423 537 491 563

1388 422 1980 489 THEOPHYLACTI
2021 417 2433 484 BULGARUB
2474 422 2833 485 ARCHIEP.

3685 415 3814 478 56‘

421 561 578 623 biam
605 561 800 623 statim
824 561 1132 641 subjungit
1158 560 1439 642 superbia
1460 561 1621 623 enim
1643 568 1733 622 est
1752 558 1922 641 quasi
1938 575 2074 621 con-

2159 553 2244 613 διὰ
2299 568 2392 617 τοῦ
2460 556 2731 637 ὀφθαλμώ
2800 558 2936 637 δρῶν
3020 562 3083 614 τὸ
3155 558 3390 642 πονηρὸν
3459 554 3810 642 μετέρχεται.

420 655 685 730 temptus
721 650 850 730 Dei,
884 650 1121 731 quando
1144 650 1277 732 quis
1302 650 1521 712 bonum
1552 658 1858 731 operatur,
1893 648 2081 712 ethoc

420 758 537 801 non
570 738 813 802 ascribit
829 738 1085 816 Deo,sed
1116 740 1354 821 proprie
1377 738 1862 801 virtuti.Stultitia
1876 745 2074 800 autem

417 828 749 891 convicium
778 842 867 890 est
897 830 954 890 in
979 829 1276 905 homines;
1310 848 1519 891 omnes
1579 830 1691 891 illa;
1729 828 2076 890 affectiones

418 917 1107 998 coinquinantanimam,
1143 919 1281 979 207
1308 919 1758 997 scaturiuntque
1793 936 1861 979 ex
1885 916 1987 979 illa
2015 924 2077 980 et

420 1007 832 1087 egrediuntur.
867 1008 1162 1071 Caeterum
1194 1008 1380 1070 turbae
1410 1008 1972 1070 obscuriuslocntus
1988 1014 2078 1068 est

424 1100 582 1160 Deus
623 1119 635 1156 :
666 1097 889 1159 idcirco
922 1105 979 1159 et
1006 1097 1387 1171 dicebatzQui
1416 1097 1592 1159 habet
1622 1114 1801 1159 aures
1830 1096 2077 1159 audien—

420 1186 506 1267 di,
538 1186 762 1260 audiat,
812 1187 924 1248 hoc
956 1195 1067 1260 est,
1103 1188 1444 1266 Intelligeus
1472 1186 1757 1266 intelligat
1813 1188 2076 1267 Aposto-

420 1274 465 1337 li
532 1284 734 1337 autem
835 1275 1192 1356 profundius
1264 1276 1547 1358 quiddam
1620 1276 1825 1337 dicere
1874 1274 2074 1338 Domi-

423 1383 562 1426 num
595 1364 1032 1445 existimarunt,
1067 1375 1125 1427 et
1170 1366 1460 1428 accedunt
1506 1373 1566 1427 et
1608 1367 1974 1444 interrogant
2000 1363 2076 1425 de

424 1452 729 1537 parabola,
767 1453 879 1515 hoc
909 1462 1000 1515 est
1025 1452 1413 1517 obtenebrato
1447 1461 1505 1515 et
1535 1455 1791 1515 obscuro
1836 1470 2074 1515 sermo-

424 1561 526 1608 ne.
560 1541 850 1606 Parabola
880 1544 1041 1605 enim
1073 1561 1273 1605 sermo
1306 1552 1395 1606 est
1427 1542 1800 1606 tenebrosus.
1837 1541 1903 1604 Et
1948 1542 2075 1624 pri-

424 1651 585 1693 mum
610 1631 849 1712 quidem
876 1632 1202 1713 increpavit
1240 1651 1341 1695 eos
1362 1633 1603 1695 dicens:
1628 1631 1862 1695 Siccine
1893 1640 1954 1694 et
1973 1648 2076 1694 vos

422 1720 555 1783 sine
584 1719 887 1783 intellectu
921 1721 1110 1783 estis?
1138 1722 1358 1784 deinde
1388 1722 1562 1786 solvit
1590 1721 1749 1803 quod
1797 1720 2070 1801 augebat.

2162 646 2514 729 Βλασφημίαν
2568 645 2623 703 δὲ
2674 646 2843 724 λέγει,
2887 646 2986 715 τὴν
3030 648 3103 712 είς
3149 648 3279 703 Θεὸν
3338 641 3505 723 ὕϐριν,
3538 647 3656 700 οἷον
3686 641 3813 699 ὅταν

2160 735 2294 815 λέγῃ
2346 758 2426 800 τις
2482 736 2565 793 δτι
2623 737 2731 794 Οὐκ
2772 736 2882 792 ἔστι
2940 736 3182 812 πρόνοια,
3241 742 3394 792 τοῦτο
3448 733 3762 813 βλασφημία
3791 750 3810 768 ⁸

2158 825 2239 883 διὰ
2347 826 2687 883 έπισυνάπτει
2782 826 2880 894 τὴν
2991 826 3349 905 ὑπερηφανίαν
3381 840 3395 854 ⁸
3486 822 3813 902 ὑπερηφανία

2159 917 2259 995 γάρ
2300 915 2441 972 έστιν
2498 915 2689 973 ὡσανεὶ
2740 914 3132 995 κατιφρόνησις
3184 922 3336 994 Θεοῦ,
3369 912 3495 970 ὅταν
3523 934 3605 977 τις
3649 912 3812 991 ἰργα-

2158 1005 2391 1081 σάμενός
2448 1028 2499 1062 τι
2556 1005 2778 1084 ἀγαθὸν,
2847 1004 2907 1061 οὑ
2968 1026 3046 1079 τῳ
3089 1007 3206 1079 Θεῷ
3244 1004 3589 1084 ἐπιγράφεται
3632 1004 3813 1076 τοῦτο,

2157 1092 2293 1150 ἀλλά
2350 1099 2419 1171 τῇ
2448 1094 2614 1167 οἰκείᾳ
2656 1092 2893 1169 δυνάμει.
2938 1090 3268 1173 Ἀφροσόνην
3319 1090 3375 1148 δὲ
3426 1092 3563 1164 νόει,
3596 1092 3696 1159 τὴν
3741 1091 3815 1153 είς

2157 1182 2459 1245 ἀνθοώπους
2512 1178 2679 1262 ὕϐριν.
2750 1182 2929 1239 Πάντα
2983 1181 3072 1238 οὗν
3144 1189 3307 1240 ταῦτα
3360 1182 3426 1239 τὰ
3469 1182 3611 1249 πάθη
3668 1182 3813 1257 μιαί-

2158 1294 2303 1329 νουσι
2361 1272 2462 1341 τὴν
2518 1272 2728 1353 ψυχὴν,
2789 1270 2841 1338 ἑξ
2887 1270 3054 1338 αὑτῆς
3097 1274 3408 1353 πηγάζοντα
3459 1274 3549 1330 καὶ
3594 1270 3814 1352 έξερχό-

2159 1384 2315 1439 μενα.
2377 1364 2514 1441 Πρὸς
2574 1363 2671 1439 μὶν
2730 1362 2819 1420 οὗν
2868 1364 2959 1420 τὸν
3020 1360 3189 1443 ὄχλον
3243 1364 3598 1446 ἀσαφέστερον
3658 1363 3814 1419 εἶπεν

2159 1453 2187 1509 δ
2237 1454 2447 1532 Κύριος,
2503 1449 2583 1509 διὸ
2639 1454 2727 1509 καὶ
2790 1451 2971 1535 ἰλεγεν
3005 1469 3020 1483 ’
3088 1446 3145 1513 Ὀ
3209 1453 3354 1535 ἔχων
3410 1459 3523 1513 ὦτα
3582 1454 3809 1527 ἀκούειν,

2162 1543 2399 1601 ἀκουέτω
2432 1557 2447 1574 ⁹
2494 1542 2790 1617 τουτέστιν,
2838 1532 2898 1601 Ὀ
2927 1550 3064 1601 νοῶν
3095 1532 3303 1607 νοείτω.
3333 1554 3460 1608 τοῖς
3492 1542 3548 1600 δὲ
3578 1543 3813 1600 ἀποστό-

2158 1633 2274 1697 λοις
2332 1632 2577 1706 νομίσασι
2642 1632 2923 1712 βαθύτερόν
2963 1655 3014 1689 τι
3070 1632 3248 1712 λέγειν
3305 1634 3395 1691 τὸν
3457 1635 3664 1713 Κύριον,
3727 1632 3816 1687 καὶ

2158 1721 2505 1802 προσελθοῦσι
2590 1724 2679 1778 καὶ
2766 1720 3001 1799 έρωτῶσι
3078 1724 3197 1800 περὶ
3279 1728 3377 1792 τῆς
3477 1719 3813 1808 παραϐολῆς,

421 1810 685 1883 τουτέστι,
744 1819 838 1868 τοῦ
896 1822 1169 1871 σκοτεινοῦ
1220 1811 1400 1891 λόγου,
1468 1810 1771 1893 (παραϐολὴ
1820 1814 1921 1892 γὰρ
1969 1812 2113 1869 ἐστιν
2180 1815 2209 1869 ὁ
2258 1811 2526 1876 σκοτεινὸς
2595 1808 2787 1891 λόγος)
2838 1818 3046 1892 πρῶτον
3081 1812 3181 1888 μὲν
3223 1810 3567 1889 ἐπετίμησεν,
3626 1813 3809 1869 είπὼν⁶

424 1899 575 1957 Οὕτω
600 1903 690 1958 καὶ
717 1903 874 1977 ὑμεῖς
908 1902 1149 1960 ἀσύνετοί
1178 1902 1294 1959 ὶστε
1330 1923 1345 1983 ς
1379 1903 1505 1959 εἶτα
1531 1901 1734 1959 διέλυσε
1766 1904 1825 1958 τὸ
1856 1901 2079 1981 ἄπορον,

502 1989 686 2052 Vens.
723 1990 943 2055 24-30.
985 2014 1012 2046 ι
1038 1990 1107 2053 Εῑ
1133 2009 1270 2052 cum
1294 1990 1435 2053 inde
1464 1989 1995 2070 surrexisset,abiit
2014 1990 2074 2052 in

2244 1991 2342 2049 Καὶ
2418 1992 2625 2047 ἱκεῖθεν
2676 1990 2932 2064 ἀναστὰς,
3012 1992 3250 2061 ἀπῆλθεν
3320 1994 3393 2057 είς
3464 1993 3529 2048 τὰ
3601 1993 3816 2071 μεθόρια

419 2079 677 2141 conﬁnia
725 2078 862 2161 Tyri
909 2089 966 2141 et
1011 2078 1298 2143 Sidonis:
1335 2091 1393 2142 et
1446 2080 1751 2161 ingressus
1803 2080 2071 2157 domum,

421 2168 723 2231 neminem
758 2169 938 2231 voluit
967 2171 1145 2250 scire,
1195 2189 1306 2233 nec
1358 2170 1547 2251 potuit
1596 2171 1805 2233 latere.
1858 2169 2075 2234 Mulier

420 2257 582 2320 enim
612 2258 810 2320 statim
842 2267 907 2321 ut
935 2256 1162 2320 audivit
1189 2259 1266 2321 de
1292 2278 1386 2333 eo,
1417 2261 1590 2341 cujus
1623 2259 1802 2321 ﬁliola
1822 2258 2077 2322 habebat

421 2345 694 2428 spiritum
726 2348 1293 2423 immundum,venit
1320 2356 1379 2411 et
1408 2348 1711 2423 acciilitad
1745 2348 1927 2429 pedes
1944 2350 2078 2429 ejus

425 2437 579 2515 (erat
592 2442 786 2497 autem
813 2437 1025 2498 mulier
1038 2438 1241 2500 Graeca
1257 2436 1981 2519 Serphmnissa(n)gener
1992 2439 2075 2519 e),

425 2530 486 2586 et
514 2523 755 2603 rogabat
779 2542 911 2586 eum
946 2533 1009 2585 ut
1039 2525 1404 2588 daemonium
1437 2527 1685 2608 ejiceret
1706 2528 1781 2589 de
1804 2528 1925 2589 tilia
1947 2545 2075 2590 sua.

422 2614 597 2674 Jesus
639 2621 837 2676 autem
888 2613 1035 2675 dixit
1069 2614 1181 2676 illi:
1220 2614 1364 2679 Sine
1396 2618 1555 2696 prius
1586 2617 1835 2677 saturari
1874 2616 2027 2679 ﬁlios
2058 2637 2071 2678 :

427 2719 546 2764 non
579 2710 669 2764 est
699 2701 857 2764 enim
906 2703 1224 2765 honestum
1276 2724 1515 2767 sumere
1548 2725 1757 2786 panem
1795 2706 2069 2779 ﬁliorum,

429 2799 487 2853 et
517 2792 818 2871 projicere
847 2793 1185 2856 catellis.At
1217 2794 1317 2855 illa
1349 2795 1659 2876 reSpondit
1680 2803 1737 2856 et
1765 2795 1912 2857 dicit
1934 2795 2021 2857 illi
2055 2813 2069 2858 :

423 2879 607 2942 Etiam
640 2879 919 2958 Domine;
949 2901 1084 2944 nam
1118 2884 1313 2945 catelli
1346 2904 1581 2965 quoque
1613 2886 1933 2946 comedunt
1962 2885 2072 2947 sub

425 2988 629 3032 mensa
658 2970 733 3032 de
756 2971 928 3033 micis
959 2972 1319 3035 ﬁliorum.Et
1346 2973 1429 3037 ait
1464 2974 1547 3036 illi
1581 2977 1872 3055 :Pr0pter
1891 2976 2071 3038 istum

428 3076 768 3121 sermonem
825 3058 988 3135 vade,
1051 3062 1192 3123 exiit
1238 3062 1595 3125 daemonium
1626 3082 1658 3124 a
1687 3064 1809 3125 tilia
1854 3075 1969 3127 tua.
2004 3067 2077 3128 Et

421 3165 555 3209 cum
609 3148 852 3211 abiisset
904 3150 1145 3212 domum
1204 3170 1396 3233 suam,
1430 3153 1660 3234 ceperit
1711 3152 2073 3215 daemonium

423 3236 660 3310 exiisse,
697 3247 754 3300 et
782 3238 962 3302 ﬁliam
988 3240 1291 3320 jacentem
1326 3261 1506 3323 super
1543 3242 1761 3305 lectum
1827 3268 1851 3298 ι
1892 3245 2067 3305 Post-

2159 2080 2323 2158 Τύρου
2390 2081 2479 2137 καὶ
2551 2077 2805 2154 Σιδῶνος,
2867 2082 2956 2138 καὶ
3020 2081 3266 2139 εἰσελθὼν
3342 2084 3417 2147 είς
3477 2083 3666 2158 οἰκίαν,
3724 2081 3818 2137 οὑ·-

2158 2165 2279 2225 δέηδα
2367 2167 2523 2237 ἤθελε
2608 2174 2827 2247 γνῶναι.
2933 2172 3029 2228 Καὶ
3114 2173 3208 2228 οὑκ
3300 2169 3531 2242 ἠδυνήθη
3609 2169 3817 2232 λαθεῖν.

2158 2254 2461 2315 Ἀκούσασα
2518 2259 2618 2338 γὰρ
2674 2259 2807 2337 γυνη
2859 2262 2978 2339 περὶ
3031 2264 3211 2342 αὑτοῦ,
3271 2261 3337 2330 ἦς
3381 2262 3511 2341 εἶχε
3553 2263 3615 2318 τὸ
3650 2262 3817 2339 θυγά-

2163 2369 2305 2427 τριον
2361 2347 2525 2416 αὐτῆς
2595 2355 2802 2424 πνεῦμα
2852 2348 3166 2428 ἀκάθαρτον,
3232 2350 3451 2409 ἐλθοῦσα
3520 2350 3815 2431 προσέπεσε

2162 2438 2293 2517 πρὸς
2364 2438 2486 2504 τοὺς
2540 2435 2703 2502 πόδας
2774 2439 2932 2498 αὑτοῧ
3013 2440 3107 2518 (ἦν
3163 2438 3216 2497 δὲ
3273 2443 3306 2509 ἡ
3364 2442 3499 2519 γυνὴ
3570 2440 3817 2508 Ἑλληνὶς

2164 2528 2544 2607 Συροφοίνισσα
2574 2532 2650 2602 τῷ
2676 2526 2868 2609 γένει),
2899 2530 2987 2585 καὶ
3015 2531 3197 2608 ἠρώτα
3244 2530 3397 2587 αὑτὸν
3453 2531 3546 2587 ’ἕνα
3589 2532 3649 2588 τὸ
3695 2529 3819 2588 δαι-

2163 2617 2346 2692 μόνιον
2403 2614 2603 2693 έκόάλῃ
2664 2617 2723 2674 ἐκ
2778 2618 2875 2686 τῆς
2931 2621 3187 2697 θυγατρὸς
3247 2624 3435 2687 αὑτῆς.
3486 2612 3543 2679 Ὀ
3586 2618 3641 2677 δὲ
3700 2620 3818 2688 ἰη-

2160 2712 2285 2771 σοῦς
2356 2710 2511 2763 εἶπεν
2561 2708 2696 2784 αὑτῇ
2728 2726 2741 2739 ·
2820 2697 2999 2787 ’Ἄφες
3073 2715 3284 2787 πρῶτον
3342 2714 3704 2790 χορτασθῆναι
3753 2711 3820 2768 τά

2157 2794 2314 2851 τέκνα
2348 2811 2363 2826 ’
2425 2794 2485 2853 οὗ
2545 2796 2644 2873 γὰρ
2700 2795 2863 2854 καλόν
2942 2798 3051 2854 ἐστι
3099 2796 3285 2855 λαϐεῖν
3347 2800 3439 2855 τὸν
3496 2798 3652 2879 ἄρτον
3709 2806 3819 2857 τῶν

2156 2884 2375 2963 τέκνων,
2438 2886 2525 2942 καὶ
2577 2884 2767 2961 βαλεῖν
2821 2900 2940 2950 τοῖς
2995 2888 3279 2967 κυναρίοις,
3334 2880 3394 2945 Ἠ
3428 2886 3483 2945 δί
3531 2888 3813 2969 ἀπεκρίθη,

2155 2976 2244 3030 καὶ
2298 2972 2441 3053 λέγει
2516 2979 2677 3048 αὐτῷ’
2755 2977 2875 3055 Ναὶ,
2953 2977 3128 3055 Κύριε·
3189 2980 3277 3034 καὶ
3332 2980 3432 3057 γὰρ
3474 2979 3539 3035 τὰ
3596 2980 3813 3050 κυνάρια

2156 3064 2407 3121 ὑποκάτω
2463 3068 2560 3131 τῆς
2617 3064 2878 3141 τραπέζης
2930 3065 3086 3123 ἐσθίει
3149 3067 3257 3123 ἀπὸ
3309 3074 3413 3124 τῶν
3459 3069 3661 3148 ψιχίων
3704 3069 3811 3125 τῶν

2160 3151 2401 3215 παιδίων,
2464 3155 2562 3212 Καὶ
2619 3154 2775 3210 εἶπεν
2832 3154 2966 3231 αὖτῇ
3005 3170 3019 3184 ⁸
3087 3157 3185 3212 Διά
3242 3164 3427 3214 τοῦτον
3488 3159 3580 3214 τὸν
3622 3156 3807 3234 λόγον,

2156 3241 2352 3322 ὕπαγε,
2399 3242 2676 3313 ἐξελήλυθε
2719 3246 2780 3300 τὸ
2825 3242 3095 3319 δαιμόνιον
3125 3245 3185 3302 έκ
3227 3244 3325 3314 τῆς
3384 3245 3634 3327 θυγατρός
3691 3268 3803 3303 σου.

422 3343 598 3408 quam
632 3327 708 3389 de
736 3326 887 3390 cibis
919 3328 1151 3391 locutus
1185 3339 1274 3391 est
1300 3331 1674 3411 Dominus,et
1708 3332 1850 3394 vidit
1875 3332 2067 3395 incre-

2158 3332 2251 3390 Καὶ
2306 3330 2604 3391 ἀπελθοῦσα
2646 3333 2721 3397 είς
2764 3334 2856 3389 τὸν
2900 3334 3053 3390 οἷκον
3110 3335 3298 3415 αὑτῆς,
3333 3326 3467 3415 εὗρε
3503 3337 3563 3392 τὸ
3604 3332 3799 3410 δαιμό-

350 3422 351 3425 “
418 3415 591 3477 dulos
620 3416 1120 3498 Judaeos,transiit
1150 3419 1209 3479 in
1233 3420 1540 3499 gentilium
1574 3419 1896 3482 ﬁnes.Nam
1930 3440 2063 3483 cum

2149 3444 2259 3479 νιον
2321 3420 2656 3503 ἓξεληλυθὸς,
2715 3426 2803 3480 καὶ
2856 3424 2955 3491 τὴν
3015 3423 3275 3505 θυγατέρα
3330 3423 3670 3501 βεϐλημένην
3728 3424 3817 3487 ἰπὶ

418 3504 714 3594 increduli
743 3516 942 3568 essent
967 3506 1179 3581 Judaei,
1213 3508 1370 3571 salus
1400 3509 1594 3571 futura
1615 3518 1740 3571 erat
1774 3510 2066 3589 gentium.

2158 3517 2252 3579 τῆς
2308 3510 2515 3579 κλίνης.
2559 3536 2582 3566 ι
2620 3514 2758 3569 mea
2788 3516 3038 3591 περὶτῶν
3087 3504 3387 3594 βρωμάτων
3445 3515 3603 3571 εἶπεν
3647 3516 3675 3571 ὁ
3708 3516 3817 3574 Κύ-

416 3593 488 3656 Et
517 3595 644 3676 ipse
676 3595 931 3677 primum
963 3598 1235 3678 quaesivit
1262 3598 1471 3670 latere,
1500 3607 1557 3661 ut
1594 3617 1669 3661 ne
1699 3599 2073 3663 habeantJu-

418 3682 530 3745 ἀεὶ
552 3693 754 3764 postea
793 3705 909 3766 quo
944 3686 1173 3766 possint
1218 3687 1415 3768 ipsum
1469 3706 1774 3755 accusare,
1810 3689 1969 3768 quod
1996 3689 2070 3751 ad

419 3770 759 3834 immundas
807 3783 1015 3851 gentes
1064 3777 1459 3856 praecurrerit.
1495 3776 1620 3838 Non
1656 3781 1839 3859 potuit
1874 3787 2071 3841 tamen

417 3861 606 3923 latere
640 3882 654 3925 :
691 3881 810 3925 non
832 3868 990 3926 enim
1024 3866 1155 3927 ﬁeri
1179 3875 1428 3946 poterat,
1460 3882 1516 3929 ιιι
1556 3887 1589 3928 a
1622 3870 1859 3931 nemine
1885 3888 2068 3948 agno-

420 3962 714 4039 sceretur.
748 3953 959 4015 Mulier
988 3954 1170 4034 igitur
1188 3974 1320 4035 qua
1349 3956 1620 4019 audierat
1648 3957 1723 4020 de
1752 3977 1845 4039 eo,
1880 3966 2073 4021 osten-

421 4038 510 4101 dit
536 4040 789 4102 alacrem
819 4042 996 4104 ﬁdem
1029 4055 1286 4121 suam,et
1304 4054 1616 4126 propterea
1647 4038 1933 4109 Dominus
1950 4066 2072 4111 non

418 4128 614 4190 statim
641 4130 903 4206 exaudit,
939 4132 1044 4194 sed
1080 4145 1347 4195 moratur
1391 4143 1450 4196 et
1483 4135 1685 4199 diﬂ‘ert
1731 4138 1976 4212 donum,
2010 4145 2075 4200 ut

421 4218 697 4308 ostendat
742 4219 1009 4282 mulieris
1068 4221 1316 4285 solidam
1380 4223 1746 4307 ﬁdem,quaz
1807 4226 2078 4308 quamvis

421 4305 820 4391 ablegaretur,
853 4313 1267 4390 perseveravit,
1296 4320 1361 4375 ut
1398 4323 1458 4374 et
1486 4332 1595 4376 nos
1626 4305 1927 4378 discamus
1958 4334 2079 4379 non

421 4398 613 4458 statim
637 4398 873 4461 resilire
902 4419 1036 4462 cum
1072 4419 1409 4482 precamur,
1440 4402 1491 4465 si
1524 4422 1639 4468 non
1672 4406 1871 4469 statim
1905 4414 2071 4468 voto-

418 4504 549 4549 rum
584 4486 871 4550 fuerimus
902 4494 1235 4571 compotes,
1266 4491 1369 4553 sed
1404 4510 1855 4572 perseveremus
1884 4494 2079 4557 donec

2155 3624 2293 3681 ριος,
2353 3602 2441 3658 καὶ
2491 3600 2634 3659 εἶδεν
2679 3602 3023 3667 ἀπειθοῦντας
3075 3604 3196 3668 τοὺς
3268 3602 3572 3677 Ἰουδαίους,
3647 3624 3816 3680 μετα-

2157 3688 2321 3747 ϐαίνει
2392 3691 2477 3747 ἰπὶ
2543 3692 2608 3747 τὰ
2680 3697 2783 3749 τῶν
2859 3695 3076 3750 εθνικῶν
3154 3692 3299 3773 ὅρια,
3374 3692 3817 3761 Ἀπιστησᾶδτων

2155 3780 2255 3859 γὰρ
2310 3785 2415 3836 τῶν
2479 3779 2764 3862 Ἰουδαίων,
2823 3783 2857 3850 ἡ
2912 3782 3145 3862 σωτηρία
3203 3783 3325 3847 τοῖς
3384 3782 3581 3840 ἔθνεσιν
3624 3780 3829 3857 ἔμελλεν

2156 3870 2419 3947 γενέσθαι.
2509 3872 2673 3935 Αὑτὸς
2776 3872 2956 3949 μέντοι
3033 3873 3449 3954 προηγουμένως
3538 3869 3817 3943 σπουδάζει

2157 3958 2363 4033 λαθεῖν,
2417 3956 2511 4017 ἵνα
2564 3965 2641 4038 μὴ
2685 3960 2891 4042 ἔχωσιν
2951 3962 3165 4042 ὕστερον
3224 3964 3483 4020 αἰτιᾶσθαι
3546 3962 3701 4018 αὑτὸν
3768 3963 3822 4017 οἱ

2152 4047 2434 4123 Ἰουδαῖοι,
2491 4052 2564 4115 ὡς
2625 4051 2698 4114 εἰς
2760 4053 2827 4109 τὰ
2885 4052 3154 4132 ἀκάθαρτα
3210 4052 3332 4121 ἔθνη
3390 4049 3815 4132 προσδραμόντα’

2158 4142 2231 4197 Οὑ
2285 4137 2469 4214 μέντοι
2508 4136 2743 4210 ἠδυνήθη
2794 4138 2977 4198 λαθεῖν
3012 4158 3025 4172 ⁸
3086 4142 3145 4200 οὑ
3194 4144 3293 4222 γὰρ
3348 4140 3624 4221 ἐνεδέχετο
3667 4140 3823 4200 αὑτὸν

2160 4227 2370 4307 λαθεῖν,
2418 4228 2506 4284 καὶ
2550 4228 2628 4305 μὴ
2674 4230 2815 4308 παρά
2866 4252 3008 4295 τινος
3068 4235 3366 4309 γνωσθῆναι
3431 4230 3581 4312 (6?).
3621 4222 3685 4286 Ἠ
3728 4230 3820 4286 οὖν

2163 4317 2301 4396 γυνὴ
2360 4317 2631 4373 ακούσασα
2681 4316 2806 4397 (62)
2864 4322 2983 4399 περὶ
3031 4324 3212 4399 αὑτοῦ,
3256 4318 3603 4379 ὶπιδείκνυται
3646 4320 3820 4376 πίστιν

2159 4406 2382 4485 θερμήν.
2444 4407 2543 4463 Διά
2592 4408 2749 4465 τοῦτο
2806 4408 2894 4465 οὗν
2945 4411 3031 4465 καὶ
3103 4412 3130 4466 ὁ
3193 4410 3377 4487 Κύριος
3440 4411 3535 4467 οὑκ
3628 4406 3819 4471 εὑθὲως

2158 4496 2437 4571 ὑπακούει,
2497 4493 2619 4553 ἀλλ’
2676 4496 3030 4556 ἀνακάλλεται
3102 4499 3200 4567 τὴν
3258 4498 3480 4578 δωρεὰν,
3526 4498 3622 4555 ’ίνα
3678 4493 3822 4571 δείξῃ

419 4575 806 4658 accipiamus.
841 4580 1137 4669 Praeterea
1166 4599 1345 4669 canes
1377 4582 1643 4644 nominat
1670 4585 2074 4662 gentiles,tan-

2160 4586 2260 4654 τὴν
2312 4587 2410 4653 τῆς
2469 4587 2715 4665 γυναικὸς
2785 4589 3036 4664 ιπίμονον
3093 4590 3293 4669 πίστιν,
3336 4575 3439 4645 ’καὶ
3496 4586 3575 4645 ὅτι
3648 4587 3819 4643 καίτοι

419 4684 593 4757 quam
617 4684 830 4757 exesos
870 4665 1087 4757 Iudaeis
1117 4668 1375 4732 habitos.
1402 4672 1621 4739 Panem
1656 4683 1853 4735 autem
1889 4675 2074 4734 bene-

2159 4673 2617 4751 ἀποπεμπομένη,
2701 4690 3103 4757 προσκαρτερεῖ,
3179 4665 3287 4734 ἵνα*
3344 4679 3430 4733 καὶ
3486 4680 3650 4754 ἡμεῖς
3708 4675 3823 4749 μά-

420 4754 646 4828 licium,
677 4754 835 4836 quod
868 4756 1091 4836 pueris,
1146 4757 1261 4820 hoc
1294 4767 1384 4821 est
1412 4759 1702 4836 Hebrzeis,
1736 4766 2074 4841 segregaret

2161 4768 2341 4841 θωμεν
2401 4765 2479 4841 μὴ
2538 4754 2819 4839 ἀποπηδᾷν
3066 4766 3191 4824 ὅταν
3246 4765 3521 4842 εὑξάμενοι
3555 4766 3633 4843 μὴ
3677 4764 3830 4821 αὖτί-

419 4846 616 4938 Deus._
643 4845 965 4938 Beneficia»
988 4856 1222 4938 autem”
1238 4847 1507 4911 Hebraeis
1565 4849 1643 4910 im
1653 4851 1900 4927 partitus
1962 4858 2073 4917 est.

2162 4876 2232 4912 κα
2292 4855 2671 4936 τυγχάνωμεν,
2755 4855 2894 4913 ἀλλά
2980 4865 3456 4938 προσκαρτερῶμεν
3542 4856 3700 4937 ἄχρις
3772 4852 3838 4909 ἂν

420 4934 573 5024 Dicit
602 4933 779 5024 igitur
798 4933 1089 4999 Dominus
1124 4958 1137 4997 :
1175 4936 1307 5000 Non
1337 4948 1571 5018 oportet
1595 4939 1847 5017 gentiles
1891 4942 2074 5021 parti-

2164 4943 2437 5021 λάϐωμεν,
2505 4947 2732 5024 Κυνάρια
2820 4945 2869 5003 δί
2952 4947 3197 5023 ὀνομάζει
3273 4948 3391 5011 τοὺς
3451 4945 3709 5024 έθνικοὺς,
3759 4945 3836 5005 ὡς

418 5023 583 5103 cipes
606 5040 737 5085 esse
760 5022 1588 5108 beneﬁciorumgquaJudmis
1606 5028 1901 5093 destinata
1916 5039 2074 5096 sunt.

2166 5036 2387 5113 μιαροὺς
2458 5032 2737 5099 δοκοῦντας
2813 5049 2929 5100 τοῖς
2999 5036 3267 5101 Ἰουδαίοις
3307 5052 3320 5066 ’
3368 5035 3525 5110 ἄρτον
3583 5032 3662 5109 δί,
3740 5032 3833 5098 τὴν

1505 5161 1585 5226 Ex
1619 5165 1941 5228 collatione
1972 5163 2149 5227 codd.
2186 5162 2396 5229 Venet.
2431 5164 2494 5230 S.
2526 5165 2736 5232 Marci.

503 5291 634 5392 (62)
673 5291 817 5354 Cod.
857 5293 935 5354 26
972 5315 985 5351 :
1023 5294 1159 5361 Γυνή
1190 5293 1243 5349 δὲ
1272 5294 1517 5363 Ἑλληνὶς
1541 5297 1637 5369 μὲν
1664 5297 1762 5363 τὴν
1786 5302 2068 5377 θρησκείαν

503 5395 562 5441 pa
606 5372 659 5429 οὶ
691 5379 760 5441 τῇ
789 5372 1069 5441 διαλέκτῳ,
1105 5376 1414 5431 Φοινίκισσα
1448 5374 1502 5432 δὲ
1531 5384 1604 5441 τῲ
1649 5380 1813 5441 γένει,
1850 5378 1969 5441 ἤτοι
2013 5388 2074 5441 τᾶ

2170 5298 2659 5441 perstitionezsed
2690 5300 2973 5364 idiomate
3002 5305 3241 5395 Syra,“
3270 5319 3492 5382 genere
3529 5294 3769 5361 Phoenix
3803 5274 3820 5318 ³

2218 5380 2487 5441 Ιιωηιεθε
2510 5397 2672 5441 enim
2707 5382 3026 5441 Chananaai
3047 5378 3585 5441 dicebantur.auod
3613 5383 3820 5440 metro-

419 5374 562 5452 Σύρα
606 5372 659 5429 δὲ
691 5379 760 5450 τῇ
789 5372 1069 5455 διαλέκτῳ,
1105 5376 1414 5431 Φοινίκισσα
1448 5374 1502 5432 δὲ
1531 5384 1604 5449 τῲ
1649 5372 1827 5458 γένει,
1850 5378 1969 5446 ἤτοι
2013 5388 2074 5454 τις

2170 5372 2487 5442 Phoenices
2510 5379 2672 5443 enim
2707 5382 3026 5445 Chenanaai
3044 5372 3585 5458 dicebantur,quod
3613 5383 3826 5440 metro-

417 5452 551 5509 ἔθνει
581 5452 877 5553 ,((Ιίοίνικες
936 5452 1064 5553 γὰρ
1109 5457 1153 5511 oi
1234 5462 1541 5553 Χαναναῖοι,
1582 5452 1853 5536 ἐλέγοντο,
1902 5459 1987 5516 διὰ
2028 5452 2074 5515 τί

2172 5459 2678 5553 polim‘haberent
2735 5464 3104 5553 thnlcem.
3156 5462 3296 5526 Haec
3343 5452 3522 5542 igitur
3552 5475 3685 5522 cum
3716 5474 3828 5519 au-

417 5533 753 5613 μητρόπολιν
786 5534 935 5619 ἔχειν
1120 5537 1425 5616 Φοινίκην),
1482 5536 1614 5619 αὕτη
1660 5533 1928 5596 ἀκούσασα
1972 5543 2074 5619 περ

2170 5533 2381 5603 diisset
2408 5540 2485 5603 de
2515 5559 2612 5618 eo,
2651 5566 2675 5599 ε
2708 5551 2823 5606 etc.

418 5617 598 5688 αὑτοῦ,
635 5636 690 5675 κ.
720 5637 769 5676 τ.
806 5614 858 5673 λ.
900 5637 925 5667 ι
961 5613 1172 5676 Mulier
1211 5613 1439 5691 autem,
1473 5615 1679 5680 Graeca
1704 5619 1945 5700 quidem
1980 5613 2085 5683 sn-

617 5775 682 5837 In
717 5774 872 5867 ﬁdit.
906 5775 1268 5867 Lul..de08_l,_
1298 5779 1700 5867 Συροφοίνισσα,
1734 5780 1825 5842 vel
1864 5790 2074 5860 Συροοροε

2158 5804 2293 5839 uoca
2324 5792 2389 5844 ut
2419 5787 2574 5867 apud
2608 5789 2660 5850 J.
2697 5786 2943 5850 Millium
2978 5788 3037 5850 in
3072 5790 3238 5851 Novo
3274 5786 3541 5849 Testam.
3623 5782 3832 5846 Gram

413 5853 486 5918 ad
524 5853 686 5918 hunc
715 5854 911 5921 locum
946 5876 1016 5922 ex
1047 5858 1178 5938 ipso
1200 5853 1666 5939 Theoph'ylacto.
