4170 6458
328 376 455 442 565
1065 384 1507 449 ENARRATIO
1553 389 1635 451 IN
1682 385 1990 451 EVANGE

2085 385 2192 446 UM
2241 387 2501 450 MARCI.
2553 423 2628 432 -
2659 392 2822 453 CAP.
2861 393 2994 455 VII.
3609 395 3728 460 866

306 514 634 594 εὐεργεσίαν,
681 517 747 586 ἢν
794 531 917 580 τοῖς
958 517 1230 594 παιδίοις,
1312 519 1432 589 ἤτοι
1488 535 1606 587 τοϊς
1677 520 1964 604 Ἐϐραίοις,

2081 520 2201 594 Quia
2233 541 2370 584 vero
2403 526 2730 605 prudenter
2755 529 3065 609 respondit
3099 531 3314 592 mulier
3346 541 3400 591 et
3437 533 3722 610 ﬁdeliter,

310 603 580 705 §?({)pt¢t‘v
625 608 653 664 ὁ
686 607 815 672 θεός
850 627 865 642 ·
899 608 995 675 τὰς
1040 609 1140 705 γὰρ
1192 607 1489 705 εὖεργεσίας
1531 623 1648 705 τοῖς
1709 603 1974 693 Ἐϐραίοις

2081 611 2342 705 Iesiderii
2388 603 2541 678 facta
2595 625 2685 679 est
2730 603 2996 699 com-pos.
3042 620 3235 682 Judmi
3287 623 3466 692 enim.
3509 603 3723 705 inquit,

312 694 628 759 ἀπέστειλε.
665 698 832 765 Φησὶν
865 701 954 757 οὖν
984 700 1012 756 ὃ
1047 698 1260 779 Κύριος,
1294 697 1401 781 ὅτι,
1434 704 1506 762 Οὖ
1534 698 1618 758 δεῖ
1668 703 1792 766 τοὺς
1833 705 1975 760 30w.-

2081 720 2276 764 ianem
2307 704 2672 787 habent,hoc
2695 715 2784 770 est
2806 694 3207 790 te'totum,qui
3232 729 3264 772 e
3288 712 3456 773 ccelis
3483 694 3729 775 descenl

311 785 439 849 κοὺς
500 800 800 868 μετασχεῖν
877 793 979 856 τῆς
1049 788 1350 867 εύεργεσίας
1423 789 1460 859 ἢ
1515 803 1634 856 τοῖς
1701 789 1976 877 ’Ῑουδαίρις

2081 790 2220 866 iisti,
2248 801 2305 854 et
2339 785 2630 857 beneﬁcia
2650 804 2746 858 tua
2779 815 2791 858 :
2832 805 2890 857 at
2921 817 3028 877 ego
3063 785 3247 861 micas
3285 809 3448 881 peto,
3494 801 3608 863 hoc
3640 811 3729 864 est

315 875 612 955 ἀφώρισται
645 890 660 907 ⁸
724 876 838 934 ἂπεὶ
870 876 951 935 ’δὶ
1026 885 1252 942 συνετῶς
1337 878 1593 959 ἀπεκρίθη
1637 883 1670 949 ἡ
1715 882 1850 962 γυνὴ
1894 875 1980 938 καὶ

2081 882 2426 944 Jeneﬁcium
2504 885 2879 964 particulare.
2939 875 3090 948 Vide
3143 875 3341 950 autem
3408 875 3728 953 Dominum

315 970 546 1034 πιστῶς,
621 964 781 1047 Ῐτυχε
835 967 936 1036 τῆς
995 967 1297 1044 ἐπιθυμίας,
1372 971 1433 1028 Οἱ
1511 970 1611 1046 μὲν
1682 972 1784 1050 γὰρ
1841 968 1979 1029 Ἰου-

2081 972 2366 1050 quomodo
2399 993 2517 1034 non
2539 974 2759 1038 dixerit
2794 996 2806 1036 :
2840 977 3040 1038 Virtus
3068 995 3198 1038 mea
3229 979 3470 1040 salvavit
3501 987 3557 1040 te
3588 980 3727 1044 :sed

316 1051 485 1135 δαῐοι,
535 1057 689 1135 φησὶ,
747 1058 837 1113 τὸν
883 1057 1039 1136 ἄρτον
1081 1057 1294 1137 ἔχουσι,
1341 1058 1606 1134 τουτέστι,
1654 1060 1715 1117 σί
1756 1059 1986 1138 ὀλόκρη-

2081 1059 2212 1140 quid
2271 1062 2466 1126 dicit?
2521 1066 2773 1144 Propter
2827 1083 3167 1128 sermonem
3231 1069 3413 1148 hunc,
3449 1070 3562 1129 hoc
3612 1079 3724 1148 est,

315 1165 430 1221 ρον,
490 1147 582 1200 τὸν
642 1143 696 1211 ἕξ
747 1145 970 1225 ούρανοῦ
1027 1145 1353 1222 καταϐάντα,
1399 1150 1487 1204 καὶ
1543 1150 1637 1212 τὰς
1683 1151 1780 1214 σᾶς
1833 1151 1982 1228 εύερ-

2081 1160 2318 1232 propter
2347 1153 2524 1215 ﬁdem
2549 1143 2739 1232 tuam,
2761 1154 2908 1216 vade
2946 1177 2958 1217 :
2988 1155 3271 1217 mundata
3303 1143 3461 1218 enim
3498 1167 3587 1219 est
3609 1143 3729 1220 ﬁlia

319 1234 503 1311 γεσίας
540 1251 554 1267 ·
589 1234 697 1320 εγὼ
737 1233 790 1292 δὲ
849 1237 1015 1317 ψιχία
1056 1237 1209 1311 αἰτῶ,
1255 1235 1518 1318 τουτέστι,
1567 1240 1792 1319 μερικὴν
1836 1242 1985 1317 εὔερ-

2081 1245 2198 1301 tua.
2235 1238 2412 1302 Disce
2443 1243 2618 1320 igitur
2639 1252 2696 1304 et
2727 1252 2786 1305 tu
2819 1245 2932 1305 hoc
2965 1246 3094 1306 loco
3128 1245 3336 1308 utilem
3370 1247 3724 1309 doctrinam.

321 1324 528 1416 γῑσίαν.
593 1315 745 1403 ’Ὅρα
776 1323 831 1380 δὶ
859 1315 954 1382 καὶν
978 1327 1082 1416 ,τὸν
1131 1326 1343 1416 κύριον,
1388 1315 1511 1391 πῶς.
1537 1315 1650 1385 οὒκ-
1677 1328 1834 1386 εἶπεν
1877 1315 1978 1384 ὅτις

2081 1326 2310 1390 Etenim
2348 1315 2756 1414 unusquisque
2787 1341 3059 1395 nostrum
3080 1335 3219 1394 208
3239 1335 3476 1415 quando
3497 1346 3724 1416 peccat,

319 1405 380 1469 ’Π
429 1410 644 1490 δύναμίς
693 1437 795 1490 μου
820 1413 990 1472 ἴσωσὲ
1022 1435 1103 1474 σε.
1141 1414 1309 1472 Ἀλλὰ
1330 1405 1385 1472 τί
1415 1439 1545 1496 φησι
1580 1439 1596 1496 ;
1635 1419 1732 1478 Διᾶ
1762 1421 1853 1476 τὸν
1885 1418 1973 1474 λο-

2081 1417 2286 1479 nulier
2314 1405 2542 1507 est,h_oc
2565 1405 2913 1483 est'inﬁrma
2933 1405 3475 1507 animagPhienissa
3497 1405 3724 1507 autem,

314 1525 410 1580 γον
468 1510 682 1581 τοῦτον,
732 1503 995 1580 τουτέστι,
1057 1503 1142 1561 διὰ
1209 1505 1310 1572 την
1369 1506 1544 1564 πίστιν
1597 1529 1717 1586 σου,
1775 1507 1972 1586 ὕπαγε,

2081 1514 2340 1579 .anquam
2392 1499 2636 1562 rubrum
2690 1509 2746 1562 et
2779 1503 3226 1582 sanguinarium
3287 1524 3354 1566 ac
3414 1499 3727 1568 cruentum

322 1592 642 1672 ὶκαθαρίσθη
699 1594 799 1673 γὰρ
862 1595 898 1662 in
967 1595 1201 1674 θυγάτηρ
1259 1616 1376 1658 σου,
1441 1596 1683 1654 Μάνθανε
1761 1597 1852 1655 οὖν
1905 1592 1990 1652 καὶ

2081 1597 2383 1666 ρεστ-διατι]
2416 1589 2882 1652 habens.Filiam
2914 1600 3108 1653 autem
3135 1593 3315 1656 habet
3346 1594 3478 1655 talis
3503 1595 3726 1676 anima,

317 1683 382 1738 σὺ
470 1681 704 1744 ἰντεῦθεν
761 1682 1032 1762 δπωφελὶς
1103 1683 1348 1760 μάθημα.
1441 1686 1539 1744 Καὶ
1602 1687 1702 1766 γὰρ
1771 1685 1990 1750 ἕκαστος

2081 1677 2295 1738 malum
2329 1697 2504 1756 opus,
2539 1682 2695 1760 quod
2755 1680 2933 1742 habet
2961 1681 3342 1743 daemonium.
3385 1683 3532 1746 Mala
3566 1684 3727 1746 enim

318 1773 478 1847 ἡμῶν
537 1770 664 1828 ὅταν
715 1771 1017 1851 ἁμαρτάνῃ,
1088 1774 1222 1852 γυνή
1278 1773 1414 1848 ἆστι,
1469 1773 1760 1855 τουτέστιν,
1829 1775 1987 1831 ἀσθε-

2081 1784 2278 1846 opera,
2329 1767 2667 1830 daemonum
2719 1778 2856 1831 sunt
2889 1789 2902 1832 :
2935 1780 3282 1850 peccatores
3339 1775 3535 1854 itaque
3593 1792 3727 1835 cum

319 1862 418 1929 νὴς
464 1863 620 1941 ψυχή
656 1880 671 1896 ⁶
704 1862 1018 1920 Φοινίκισσα
1064 1860 1144 1944 δὶ,
1189 1864 1263 1926 ὣς
1305 1864 1406 1931 τὴν
1451 1867 1698 1944 φοινικῆν
1729 1865 1990 1944 ἁμαρτίαν

2081 1855 2284 1937 simus,
2316 1875 2496 1918 canes
2529 1858 2928 1934 nominamur,
2963 1860 3338 1922 immunditia
3360 1862 3547 1942 pleni,
3585 1881 3727 1942 pro-

320 1953 412 2008 καὶ
474 1950 752 2027 αἱματώδη
809 1953 897 2008 καὶ
956 1953 1262 2033 φονεύτριαν
1317 1951 1542 2034 ἔχουσα.
1607 1953 1877 2033 Θυγατέρα
1940 1951 1988 2007 δὲ

2081 1953 2167 2008 Ιει·
2197 1946 2353 2025 quod
2383 1955 2441 2008 et
2470 1947 2699 2026 indigni
2751 1967 2956 2009 sumus
2987 1949 3088 2030 qui
3119 1950 3482 2030 accipiamus
3516 1970 3728 2031 panem

319 2039 443 2120 ἔχει
502 2042 536 2109 ἠ
595 2041 814 2109 τοιαύτη
872 2044 1054 2123 ψυχὴ,
1112 2042 1214 2110 τὴν
1288 2044 1525 2123 πονηρὰν
1583 2042 1795 2122 πρᾶξιν,
1871 2042 1988 2109 ἥτις

2081 2035 2204 2112 Dei,
2231 2036 2343 2097 hoc
2369 2044 2480 2117 est,
2517 2038 3037 2099 communicemus
3068 2039 3469 2101 immaculatis
3498 2048 3728 2120 myste—

315 2126 439 2208 ἶχει
500 2127 795 2206 δαιμόνιον,
863 2131 925 2188 Αἱ
978 2131 1078 2211 γὰρ
1135 2133 1364 2210 πονηραὶ
1426 2132 1662 2212 πράξεις,
1726 2131 1990 2208 δαιμόνων

2081 2125 2200 2188 riis.
2238 2125 2363 2200 Qod
2398 2127 2447 2188 si
2481 2146 2587 2208 per
2609 2127 3013 2190 humilitatem
3051 2129 3452 2210 nosmetipsos
3480 2149 3730 2208 agnove-

315 2220 448 2275 εἰσίν
475 2237 490 2250 ·
548 2219 856 2299 ἁμαρτωλοὶ
912 2222 1002 2276 οὖν
1061 2218 1233 2296 ὄντες,
1295 2222 1382 2277 καὶ
1454 2221 1675 2298 κυνάρια
1730 2222 1984 2299 ὀνομαζό-

2081 2216 2344 2295 rimus,et
2365 2215 2620 2277 confessi
2655 2216 2944 2278 fuerimus
2979 2235 3086 2278 nos
3117 2235 3249 2278 esse
3281 2237 3729 2286 canes,enarra-

315 2312 480 2382 μεθα,
555 2309 872 2388 ἀκαθαρσίας
950 2309 1183 2389 γέμοντα
1217 2329 1228 2342 '
1319 2308 1405 2368 διὰ
1486 2321 1640 2371 τοῦτο
1696 2309 1812 2368 ούδὲ
1858 2311 1989 2376 ἄξιοί

2081 2304 2449 2385 verimusque
2509 2314 2754 2385 peccata
2814 2315 3035 2382 nostra,
3062 2315 3201 2368 tunc
3260 2307 3566 2368 sanabitur
3609 2307 3730 2369 ﬁlia

314 2399 484 2474 ἐσμεν
534 2396 722 2455 λαϐεῖν
772 2401 862 2455 τὸν
923 2398 1079 2479 ἒέρτον
1148 2406 1240 2457 τοῦ
1298 2407 1451 2479 Θεοῦ,
1511 2399 1629 2468 ἤτοι
1663 2397 1988 2474 μεταλαϐεῖν

2081 2402 2293 2468 nostra,
2329 2395 2443 2454 hoc
2475 2402 2586 2469 est,
2613 2413 2762 2474 opus
2785 2395 3170 2457 diabolicum.

325 2490 438 2544 τῶν
508 2487 788 2568 ἀχράντων
840 2488 1168 2569 μυστηρίων·
1230 2488 1320 2545 ἐὰν
1407 2487 1588 2566 μέντοι
1649 2489 1948 2567 ἐπιγνῶμεν
2008 2487 2223 2547 ἑαυτοὺς
2283 2482 2366 2542 διὰ
2437 2486 2531 2552 τῆς
2588 2487 3095 2566 ταπεινοφροσύνης,
3155 2488 3242 2542 καὶ
3326 2487 3405 2543 ὅτι
3510 2488 3729 2568 κυνάρια

330 2578 496 2653 ἔσμεν
569 2577 1013 2656 ὁμολογήσωμεν,
1086 2579 1176 2636 καὶ
1227 2576 1652 2660 ἐξαγορεύσωμεν
1709 2580 1804 2643 τὰς
1857 2578 2112 2657 ἁμαρτίας
2172 2577 2351 2646 ἡμῶν,
2433 2576 2551 2630 τότε
2610 2576 2877 2644 ἰαθήσεται
2934 2578 2968 2643 ἡ
3040 2574 3296 2655 θυγάτηρ,
3357 2576 3616 2650 τουτέστι,
3693 2580 3728 2644 η

313 2667 505 2748 πρᾶξις
561 2669 596 2736 ἡ
626 2665 1002 2744 δαιμονιώδης.

410 2782 436 2812 α
474 2759 571 2816 Καὶ
649 2757 813 2814 πάλιν
875 2756 1103 2824 ὶξελθὼν
1179 2757 1238 2815 ικ
1288 2764 1394 2815 τῶν
1451 2760 1603 2837 ὁρίων
1661 2760 1826 2839 Τύρου
1895 2769 1982 2822 καὶ

317 2846 577 2920 Σιδῶνος,
637 2849 765 2915 ἦλθε
814 2849 947 2926 πρὸς
1003 2849 1103 2916 τὴν
1186 2847 1450 2905 θάλασσαν
1510 2853 1610 2916 τῆς
1672 2848 1977 2926 Γαλιλαίας,

2153 2755 2304 2815 Vens
2365 2753 2572 2816 3l-37.
2615 2776 2637 2806 «ι
2675 2753 2744 2814 Ει
2785 2772 3023 2815 rursum
3085 2771 3357 2832 egressus
3388 2753 3464 2816 de
3511 2754 3730 2817 ﬁnibus

2068 2842 2206 2923 Tyri
2237 2861 2306 2904 ac
2337 2842 2769 2923 Sidonis,venit
2798 2842 2870 2903 ad
2897 2861 3061 2904 mare
3085 2841 3339 2906 Galilaeaa
3369 2862 3476 2924 per
3499 2844 3730 2906 medios

307 2940 416 2996 ἀνα
476 2937 638 3013 μέσοι
714 2938 820 2995 τῶν
897 2939 1053 3016 ὁρίων
1144 2937 1522 3019 Δεκαπόλεως,
1592 2939 1682 2995 καὶ
1738 2938 1982 3018 φέρουσιν

2081 2936 2219 2994 ﬁnes
2253 2931 2660 3012 Decapolis,et
2687 2931 2989 2993 adducunt
3019 2932 3072 2993 ei
3103 2932 3350 2994 surdum
3383 2933 3583 3013 lingua
3604 2936 3730 2996 hae-

476 3001 488 3013 .
929 3001 939 3016 .
1483 3001 1522 3019 ν,
1755 3001 1760 3005 -
1806 3001 1816 3018 .
1967 3001 1979 3009 .

308 3026 462 3100 αύτῷ
518 3027 697 3104 κωφὸν
777 3025 1096 3104 μογιλάλον,
1183 3027 1273 3084 καὶ
1353 3026 1754 3107 παρακαλοῦσιν
1826 3026 1986 3088 αύτνῖν

2081 3024 2370 3095 sitantem,
2402 3001 2880 3101 etdeprecantur
2912 3040 3046 3082 eum
3080 3029 3141 3082 ut
3175 3021 3440 3101 imponat
3471 3001 3574 3084 illi
3601 3043 3731 3086 ma-

311 3117 414 3171 ῗνα
463 3115 619 3193 ἐπιθῇ
661 3115 802 3189 αὒτῷ
853 3116 952 3183 τὴν
996 3129 1186 3197 χεῖρα,
1246 3119 1332 3173 καὶ
1386 3114 1788 3191 ἀπολαϐόμενος
1834 3117 1988 3173 αὒτὸν

2081 3129 2241 3185 num,
2278 3117 2336 3170 et
2363 3127 2496 3170 cum
2527 3109 3018 3190 apprehendisset
3052 3129 3188 3171 eum
3238 3111 3312 3171 de
3362 3110 3532 3171 turba
3558 3130 3730 3173 seor-

319 3207 433 3261 ἀπὸ
481 3213 575 3261 τοῦ
630 3204 800 3286 ὄχλου
856 3203 978 3262 κατ’
1052 3204 1208 3282 ἰδίαν,
1295 3204 1454 3262 ἔϐαλε
1510 3207 1631 3269 τοὺς
1701 3204 1986 3267 δακτύλους

2081 3217 2226 3274 sum,
2265 3197 2420 3258 misit
2453 3197 2666 3276 digitos
2688 3216 2826 3258 suos
2859 3197 2918 3258 in
2945 3199 3241 3262 auriculas
3291 3201 3442 3280 ejus,
3471 3208 3525 3259 et
3557 3208 3734 3280 sputo

326 3296 491 3352 αὒτου
545 3297 617 3360 εἰς
673 3296 739 3351 τὰ
793 3295 906 3352 ῶτα
969 3301 1127 3355 αὒτοῦ
1160 3313 1174 3326 '
1237 3297 1325 3352 καὶ
1380 3295 1582 3359 πτύσας
1652 3294 1831 3372 ἥψατο
1888 3301 1986 3361 τῆς

2081 3287 2522 3367 emisso,tetigit
2546 3286 2804 3364 linguam
2829 3287 3052 3366 ejus,ac
3078 3288 3488 3369 suscipiensin
3518 3289 3734 3350 coelum

323 3383 574 3463 γλώττης
647 3389 826 3460 αύτοό,
910 3386 999 3442 καὶ
1063 3383 1369 3460 ἀναϐλέψας
1459 3387 1532 3450 εἰς
1594 3386 1686 3442 τὸν
1772 3385 1991 3455 ούρανὸν

323 3471 592 3545 ιστέναξε,
641 3474 730 3529 καὶ
784 3472 928 3552 λέγει
981 3475 1144 3549 αὐτῷ,
1192 3473 1433 3555 Ἐιριραθά
1463 3489 1478 3504 ⁸
1527 3471 1556 3529 ὅ
1601 3473 1737 3548 ἔστι,
1776 3475 1990 3530 Διανοί-

320 3566 492 3641 χθητι
525 3578 538 3592 ⁶
574 3563 662 3618 καὶ
717 3563 908 3626 εὐθέως
963 3562 1349 3644 διηνοίχθησαν
1407 3563 1566 3620 αύτοῦ
1599 3565 1651 3620 αί
1697 3564 1872 3633 ἀκοαὶ,
1907 3564 1994 3619 καὶ

321 3650 486 3717 ἐλύθη
545 3654 573 3708 ὁ
645 3650 837 3728 δεσμὸς
915 3658 1014 3720 τῆς
1092 3653 1338 3732 γλώττης
1409 3654 1588 3723 αὐτοῦ,
1666 3654 1754 3709 καὶ
1815 3651 1992 3712 ἐλάλει

322 3742 513 3818 ὀρθῦς,
567 3742 656 3798 καὶ
708 3740 1031 3799 διεστείλατο
1099 3747 1286 3806 αύτοτς
1341 3741 1436 3798 ἵνα
1494 3740 1680 3819 μηδενὶ
1738 3742 1991 3800 εἴπωσιν.

319 3821 504 3888 ’Ὅσον
536 3828 590 3886 δὶ
621 3832 778 3895 αύτὸς
823 3833 1010 3895 αύτοϊς
1068 3830 1422 3912 διεστέλλετο,
1489 3830 1692 3908 μᾶλλον
1735 3831 1990 3909 περισσό-

321 3941 478 3999 τερον
559 3919 868 3999 ἔκήρυττον,
945 3924 1032 3978 καὶ
1099 3923 1496 4001 ὑπερπερισσῶς
1573 3919 1986 3998 ὶξεπλήσσεντο,

317 4009 571 4087 λέγοντες
602 4027 616 4041 ’
679 4012 866 4076 Καλῶς
929 4013 1104 4069 πάντα
1159 4013 1448 4088 πεποίηκε,
1508 4013 1748 4073 καὶτοὺς
1779 4012 1987 4090 κωνροὺς

323 4113 476 4156 ποιεῖ
505 4099 743 4176 ἀκούειν,
774 4103 862 4159 καὶ
904 4103 1026 4166 τοὺς
1069 4100 1302 4166 ἀλάλους
1335 4101 1548 4164 λαλεῖν.
1587 4125 1610 4160 ε
1650 4103 1757 4161 Οὔκ
1787 4098 1990 4179 ἔμϐρα-

325 4188 465 4245 δύνει
523 4203 641 4254 τοϊς
699 4198 806 4248 τῶν
866 4191 1083 4249 ἐθνικῶν
1135 4192 1348 4270 τόποις,
1417 4191 1554 4248 ἀλλὰ
1612 4191 1827 4272 ταχέως
1874 4194 1994 4264 μιθ-

2077 3376 2385 3455 ingemuit,
2421 3385 2479 3437 et
2511 3375 2591 3435 ait
2621 3375 2712 3436 illi
2746 3393 2758 3437 :
2797 3375 3132 3458 Ephpheta,
3168 3378 3322 3458 quod
3375 3385 3485 3450 est,
3524 3379 3734 3457 Aperi-

2075 3465 2240 3527 re.Et
2265 3463 2458 3526 statim
2497 3472 2716 3544 apertae
2741 3474 2877 3526 sunt
2900 3483 3075 3527 aures
3107 3468 3326 3546 ejus_,et
3358 3466 3618 3528 solutum
3644 3477 3737 3527 est

2077 3559 2372 3620 vinculum
2435 3557 2649 3638 linguae
2706 3558 2856 3638 ejus,
2913 3567 2970 3618 et
3030 3559 3387 3640 loquebatur
3430 3567 3641 3621 recte:
3677 3567 3738 3620 et

2081 3647 2361 3728 praecepit
2397 3647 2514 3708 illis
2546 3665 2619 3707 ne
2642 3649 2734 3708 cui
2767 3646 3059 3708 dicerent.
3097 3648 3211 3710 Sed
3241 3668 3355 3729 quo
3396 3654 3579 3727 magis
3631 3649 3735 3714 ille

2077 3738 2163 3800 eis
2195 3736 2598 3818 praecipiebat,
2633 3736 2744 3798 hoc
2779 3738 3038 3814 amplius
3068 3739 3496 3820 praedicabant,
3550 3749 3607 3802 et
3635 3759 3736 3802 su-

2077 3845 2181 3907 pra
2212 3826 2452 3888 modum
2511 3826 2827 3906 stupebant
2863 3827 3133 3889 dicentes
3169 3846 3181 3889 :
3219 3833 3380 3892 Bene
3410 3828 3612 3890 omnia
3641 3829 3733 3892 fe-

2073 3920 2240 3992 cit,et
2268 3916 2486 3978 surdos
2516 3916 2653 3977 facit
2683 3917 2890 3978 audire
2913 3925 2971 3978 et
3003 3928 3196 3980 mutos
3220 3918 3402 3999 loqui.
3421 3919 3586 3980 oNon
3611 3937 3736 3980 mo-

2071 4015 2234 4069 ratur
2264 4007 2362 4067 diu
2393 4006 2453 4067 in
2488 4005 2793 4086 gentilium
2823 4006 2993 4084 locis,
3021 4007 3124 4069 sed
3146 4009 3338 4069 statim
3375 4009 3604 4084 transit,
3635 4027 3733 4090 ne,

2076 4097 2226 4158 sicut
2274 4095 2571 4176 dicebam,
2607 4095 2774 4157 daret
2817 4097 3191 4158 oecasionetn
3241 4097 3465 4160 Judaeis
3497 4098 3738 4161 dicendi

2079 4186 2235 4267 quod
2270 4186 2756 4267 praevaricaretur
2781 4187 3334 4266 legem,gentilibus
3359 4207 3422 4249 se
3450 4189 3730 4252 miscens.

331 4281 561 4349 ίσταται,
603 4280 718 4351 ἵνα,
766 4284 838 4340 ὡς
885 4281 1040 4361 ἔφην,
1075 4283 1152 4358 μὴ
1185 4280 1330 4359 δώσῃ
1363 4295 1479 4344 τοῖς
1515 4278 1785 4344 Ἰουδαίοις
1817 4279 1990 4358 λέγειν

2081 4277 2384 4338 Secedens
2412 4275 2590 4354 igitur
2611 4295 2640 4336 a
2668 4275 2883 4336 ﬁnibus
2915 4276 3049 4356 Tyri
3076 4289 3134 4339 et
3163 4277 3424 4354 Sidonis,
3476 4279 3634 4341 vadit
3676 4281 3735 4341 in

327 4371 404 4433 ὡς
451 4383 778 4448 παρανομεῖ,
865 4371 1181 4450 μιγνύμενος
1239 4384 1357 4434 τοῖς
1401 4371 1654 4433 ὲθνικοϊς.
1717 4370 1990 4432 Μεταστὲις

2082 4365 2597 4430 GalilaeamJ’orro
2618 4366 2867 4426 surdum
2902 4375 2959 4426 et
2991 4367 3292 4446 impeditae
3321 4367 3536 4443 linguae
3567 4367 3734 4429 illum

329 4457 423 4514 οὗν
483 4464 585 4514 τῶν
632 4460 787 4537 ὁρίων
845 4461 1009 4539 Τύρου
1035 4461 1124 4517 καὶ
1156 4458 1408 4540 Σιδῶνος,
1440 4465 1508 4536 τῇ
1551 4457 1805 4532 Γαλιλαίᾳ
1835 4458 1990 4528 πρόσ-

2083 4455 2422 4516 sanat.Erat
2449 4464 2648 4515 autem
2675 4453 2916 4515 morbus
2946 4455 3047 4517 ille
3072 4476 3104 4516 a
3125 4458 3549 4518 daemoneJam
3577 4458 3736 4538 quod

326 4570 458 4605 εισι.
524 4550 622 4606 Καὶ
678 4547 734 4605 δὲ
798 4551 977 4623 κωφὸν
1021 4548 1336 4629 μογιλάλον,
1389 4550 1492 4606 ἀπὸ
1545 4548 1792 4625 δαίμονος
1837 4546 1890 4602 δέ
1935 4542 1990 4602 τὲ

2083 4545 2158 4605 de
2196 4543 2363 4605 turba
2394 4562 2661 4604 seorsum
2695 4545 3090 4624 apprehendit
3120 4545 3454 4626 illum,ideo
3489 4546 3731 4627 factum,

327 4638 494 4702 πάθος
525 4637 618 4711 ἦν,
649 4641 814 4704 ἰᾶται,
857 4639 988 4698 Κατ’
1029 4638 1160 4696 ἰδίαν
1211 4640 1308 4714 μὶν
1360 4640 1514 4697 αύτὸν
1563 4636 1845 4695 ἀπολαϐών
1879 4657 1892 4671 ·
1943 4641 1990 4696 οὖ

2083 4634 2237 4716 quod
2268 4653 2386 4694 non
2418 4645 2544 4695 erat
2577 4634 2932 4712 arrogantiae
2973 4643 3250 4706 sectator,
3308 4637 3402 4715 qui
3438 4654 3502 4696 se
3535 4637 3734 4698 humi-

325 4729 430 4806 γὰρ
473 4729 539 4794 ἧν
597 4727 932 4809 φιλόκομπος
990 4731 1018 4786 ὃ
1076 4728 1408 4793 ταπεινώσας
1446 4730 1631 4785 ἑαυτὸν
1675 4727 1838 4807 μέχρι
1895 4733 1992 4794 τῆς

325 4816 592 4896 ἡμετέρας
637 4819 938 4898 πτωχείας,
997 4817 1114 4875 ούδὲ
1171 4817 1354 4886 ἤθελεν
1409 4819 1481 4882 ὠς
1513 4818 1597 4875 ἰπὶ
1628 4819 1689 4874 τὸ
1731 4817 1991 4875 πλεῖστον

334 4906 631 4983 ἔμπροσθεν
700 4908 916 4965 πολλῶν
997 4912 1442 4990 θαυματουργετν,
1505 4910 1550 4964 εἰ
1607 4908 1686 4985 μὴ
1752 4905 1851 4986 ἄρα
1909 4905 1992 4962 διὰ

333 4996 434 5064 τὴν
489 5003 594 5052 τῶν
655 4997 898 5077 ὁρώντων
950 4997 1212 5077 ὸφὶλειαν
1259 4996 1433 5077 (63)·
1497 4998 1699 5061 πτύσας
1728 4994 1783 5052 δὲ
1814 4996 1992 5072 ἥψατο

330 5085 427 5153 τῆς
486 5084 734 5164 γλώττης
799 5085 980 5162 αὺτοῦ,
1036 5087 1130 5144 ’ἵνα
1185 5085 1324 5165 δείξῃ
1384 5087 1465 5143 ὅτι
1509 5088 1681 5145 πάντα
1747 5087 1811 5142 τὰ
1856 5086 1990 5162 μέρη

331 5181 432 5241 τῆς
493 5177 642 5254 ἁγίας
701 5181 858 5236 αύτοῦ
916 5180 1109 5258 σαρκὸς
1158 5181 1278 5235 θεῖα
1310 5177 1444 5244 ἦσαν
1473 5177 1564 5234 καὶ
1607 5177 1756 5254 ἅγια,
1814 5177 1989 5255 ὥσπερ

329 5265 419 5320 καὶ
467 5266 526 5320 τὸ
559 5267 773 5342 πτύσμα
806 5265 955 5323 ἔλυσε
1008 5275 1094 5324 νῦν
1140 5269 1226 5324 καὶ
1271 5268 1336 5324 τὰ
1364 5273 1463 5334 τῆς
1495 5265 1741 5346 γλώττης
1772 5264 1939 5340 δεσμὰ
1973 5282 1986 5296 ⁸

2082 4725 2255 4786 liarat
2289 4744 2475 4805 usque
2503 4724 2576 4785 ad
2607 4733 2865 4786 nostram
2895 4725 3150 4806 inopiam
3181 4744 3192 4787 :
3232 4733 3288 4788 et
3321 4735 3384 4787 ut
3416 4726 3734 4801 plurimum

2077 4813 2266 4875 noluit
2323 4832 2520 4875 coram
2584 4814 2786 4876 multis
2840 4815 3126 4875 miracula
3185 4814 3404 4894 facere,
3439 4814 3554 4875 nisi
3585 4815 3737 4878 forte

2081 4912 2323 4984 propter
2353 4903 2678 4965 videntium
2706 4902 3038 4965 utilitatem.
3073 4907 3215 4967 Cum
3245 4922 3384 4964 vero
3410 4904 3730 4984 expuisset,

2078 4993 2265 5073 tetigit
2291 4994 2552 5073 linguam
2586 4995 2769 5074 illius,
2803 5002 2869 5055 ut
2904 4994 3246 5054 ostenderet
3278 5013 3486 5054 omnes
3539 4997 3738 5074 partes

2080 5091 2308 5146 sanctae
2338 5084 2538 5145 carnis
2561 5103 2682 5146 sua:
2704 5091 2937 5145 sanctas
2966 5102 3034 5144 ac
3060 5083 3285 5145 divinas
3319 5103 3477 5165 es<e,
3497 5085 3642 5145 adeo
3674 5093 3740 5146 ut

2079 5187 2135 5241 et
2165 5186 2399 5258 sputum
2429 5197 2584 5238 nunc
2608 5177 2862 5239 solveret
2890 5176 3104 5256 linguae
3141 5177 3476 5239 vinculum:
3506 5178 3739 5239 tametsi

2078 5266 2458 5348 superfluitas
2480 5267 2554 5327 sit
2571 5285 2750 5328 omne
2769 5275 3031 5347 sputum.
3050 5267 3153 5328 sed
3183 5268 3242 5329 in
3267 5268 3515 5329 Domino
3539 5267 3737 5328 admi-

1410 5400 1492 5464 Ex
1534 5398 1852 5462 collatione
1884 5400 2066 5468 codd.
2099 5403 2309 5463 Venet.
2362 5403 2400 5463 δ
2459 5401 2662 5465 Marci.

571 5521 720 5585 Coti.
749 5523 830 5584 26
861 5542 875 5583 :
913 5522 1101 5580 Λαϐὼν
1145 5523 1232 5580 οὗν
1283 5524 1439 5581 αὐτόν
1488 5521 1611 5579 κατ’
1640 5521 1807 5602 ἰδίαν,
1843 5520 1996 5578 ἔϐαλε

322 5605 448 5668 τοὺς
488 5601 772 5667 δακτύλους
818 5607 974 5662 αύτού
1031 5607 1104 5668 είς
1153 5605 1218 5660 τὰ
1264 5604 1376 5661 ὦτα
1407 5608 1587 5676 αὺτοῦ,
1621 5601 1713 5660 ἕνα
1757 5601 1854 5678 μὶν
1901 5604 1994 5671 τῆς

324 5683 496 5749 δεξιᾶς
553 5687 734 5765 χειρὸς
779 5687 851 5748 εὶς
911 5683 1066 5742 τοῧτο
1103 5686 1162 5740 τὸ
1213 5687 1326 5759 οὕς,
1378 5683 1469 5744 ἵνα
1498 5683 1686 5765 δὲ-τῆς
1718 5693 1993 5765 αριστερᾶς

329 5768 403 5831 εἷς
436 5762 636 5823 luteo.
692 5767 787 5825 Καὶ
832 5767 1054 5840 πτύσας,
1086 5789 1140 5830 κ,
1175 5787 1224 5829 τ.
1262 5765 1315 5827 λ.
1365 5785 1391 5824 ι
1448 5762 1767 5846 Accipiens
1817 5762 1996 5854 igitur

2082 5523 2248 5583 illum
2273 5524 2524 5605 seorsim
2558 5523 2715 5585 misit
2748 5522 2963 5600 digitos
2995 5542 3134 5585 suos
3164 5526 3220 5585 in
3256 5524 3551 5586 auriculas
3582 5525 3736 5605 ejus,

2081 5623 2261 5664 unum
2313 5603 2596 5666 videlicet
2651 5607 2914 5669 dextera
2965 5624 3175 5665 manus
3234 5606 3290 5666 in
3346 5607 3518 5668 aliam
3582 5603 3735 5685 ejus,

2081 5704 2262 5745 unum
2288 5703 2495 5747 manus
2527 5686 2781 5747 sinistrae
2805 5686 2864 5746 in
2897 5685 3165 5750 alteram.
3201 5686 3466 5767 Cumque
3497 5685 3740 5766 expuis-

2080 5774 2192 5841 set,
2244 5773 2357 5829 etc.
2399 5792 2424 5821 ι
