4232 6428
508 342 623 410 587

1421 345 2018 414 THEOPHYLACTI
2052 344 2465 412 BULGARLE
2506 344 2867 412 ARCHIEP.

3787 340 3908 411 588

509 481 964 561 ostentaret,sed
999 481 1185 560 magis
1210 486 1278 545 ut
1304 500 1441 544 cum
1477 500 1709 546 summa
1738 484 2030 547 modestia
2057 504 2159 547 sa-

2250 484 2386 541 ἀλλὰ
2442 487 2529 543 καὶ
2586 485 2686 553 τὴν
2738 483 2888 542 ἵαοιν
2940 484 3267 558 ἔπιτίθησιν,
3301 483 3397 540 οὒκ
3428 480 3801 547 ἐπιδεικτικῶς
3831 486 3914 539 θε-

508 577 678 631 naret
692 568 1121 649 puerum.Vide
1142 576 1337 633 autem
1354 572 1649 652 quomodo
1666 592 1782 635 non
1800 592 1922 636 sua;
1937 575 2157 650 virtuti,

508 658 611 719 sed
638 658 799 720 illius
830 658 970 720 ﬁdei
999 658 1313 723 sanitatem
1357 660 1600 738 tribuat,
1634 662 1842 725 dicens
1878 685 1892 724 :
1950 664 2164 727 Omnia

506 746 815 828 possibilia
844 748 1258 812 credenti.Sed
1294 758 1354 813 et
1382 750 1709 832 aliud,cum
1744 753 1989 815 vidisset
2012 773 2160 815 con-

504 836 739 916 gregari
773 835 1364 920 turbam,increpavit
1387 840 1699 920 spiritum:
1731 841 1970 905 nolebat
2000 846 2160 906 enim

503 943 702 987 coram
735 929 910 988 turba
939 936 1239 1004 sanare,et
1268 937 1566 992 ostentare
1590 949 1654 993 se
1679 940 1740 992 ut
1761 940 2159 1011 arrogantem,

501 1015 648 1076 Cum
683 1015 1051 1098 increpasset
1080 1025 1279 1080 autem
1311 1026 1369 1080 et
1399 1019 1646 1083 dixisset
1676 1040 1690 1084 :
1738 1020 2061 1100 Egredere,
2104 1029 2164 1083 et

501 1125 579 1169 ne
609 1108 761 1171 ultra
792 1109 1145 1189 ingrediaris
1174 1130 1187 1174 :
1226 1111 1490 1175 insinuat
1518 1113 1674 1194 quod
1700 1123 1943 1195 propter
1972 1115 2161 1175 incre-

502 1195 813 1260 dulitatem
849 1199 1108 1262 hominis
1144 1200 1553 1281 ingressurum
1589 1204 1800 1265 iterum
1826 1202 2164 1264 fuissetdaa-

502 1286 795 1369 monium,
827 1288 940 1349 nisi
1001 1309 1109 1351 suo
1162 1290 1523 1371 prohibitum
1577 1291 1785 1353 fuisset
1835 1300 2159 1372 praecepto.

503 1375 801 1439 Permittit
831 1387 1025 1440 autem
1059 1379 1317 1461 discerpi
1350 1381 1559 1453 filium,
1593 1389 1657 1442 ut
1708 1400 1917 1442 omnes
1971 1381 2163 1442 sciant

502 1464 793 1528 daemonis
823 1468 1093 1545 insidias,
1124 1479 1181 1532 et
1207 1489 1321 1551 quo
1348 1470 1665 1533 occidisset
1686 1471 2014 1545 hominem,
2042 1470 2157 1532 nisi

501 1555 699 1618 divina
734 1576 911 1619 manu
940 1558 1272 1621 refrenatus
1304 1567 1360 1620 et
1384 1568 1675 1622 retractus
1710 1560 1941 1623 fuisset.
1988 1562 2158 1640 Saepe

501 1647 660 1708 enim
694 1652 751 1707 in
782 1646 979 1727 ignem
1008 1647 1140 1728 quis
1169 1667 1202 1709 a
1222 1648 1495 1711 daemone
1528 1649 1841 1729 projicitur
1863 1648 2155 1729 concupi-

498 1736 740 1797 scentiae
762 1746 819 1798 et
842 1737 1034 1812 irae,et
1052 1738 1109 1798 in
1140 1755 1350 1817 aquam
1374 1738 1743 1800 saecularium
1778 1737 2155 1817 negotiorum

498 1825 779 1904 procellis
808 1804 1158 1888 undantem.
1194 1804 1378 1889 Porro
1409 1827 1641 1888 daemon
1675 1827 1773 1889 hic
1805 1804 2003 1888 minus
2029 1834 2157 1889 erat
2181 1804 2217 1854 Β

497 1922 556 1974 et
580 1915 819 1979 surdus.
853 1915 1078 1979 Surdus
1109 1916 1373 1998 quidem,
1409 1925 1471 1977 ut
1518 1916 1729 1979 audire
1764 1915 1975 1978 nolens
1998 1916 2153 1977 divi-

499 2020 580 2064 na
609 2004 886 2085 eloquia:
938 2012 1137 2067 mutus
1191 2024 1358 2080 vero,
1397 2015 1461 2067 ut
1491 2024 1689 2087 neque
1738 2006 1889 2068 alios
1934 2005 2155 2067 docere

492 2094 693 2155 valens
723 2093 880 2172 quod
914 2094 1333 2175 oportebat.At
1362 2094 1462 2156 ubi
1491 2095 1805 2176 Jesus,hoc
1836 2103 1924 2156 est
1953 2112 2152 2156 sermo

496 2179 912 2266 Evangelicus,
947 2204 1187 2248 manum
1248 2184 1737 2266 apprehenderit,
1790 2184 2152 2264 operativam

493 2272 630 2335 dico
701 2274 1001 2351 virtutem,
1066 2283 1207 2337 tunc
1283 2274 1607 2337 liberamur
1679 2274 1753 2335 ab
1832 2274 1941 2335 hoc
2026 2273 2152 2335 daa-

494 2361 854 2426 mone.Vide
885 2371 1079 2427 autem
1104 2363 1261 2445 quod
1296 2363 1451 2425 Deus
1484 2363 1721 2445 quidem
1754 2363 1992 2443 adjuvat
2017 2382 2148 2438 nos,

496 2451 715 2515 deinde
748 2471 781 2514 a
813 2454 986 2516 nobis
1018 2472 1200 2535 opera
1228 2453 1729 2533 exiguntur.Dicit
1762 2451 2152 2526 enim,Erexit

492 2539 667 2603 illum
690 2544 885 2618 Jesus,
920 2544 1033 2605 hoc
1056 2552 1181 2606 erat
1220 2543 1325 2606 Dei
1356 2542 1749 2623 adjutorium;
1784 2550 1841 2604 et
1862 2542 2144 2622 surrexit,

491 2629 605 2693 hoc
637 2641 726 2694 est
754 2632 915 2695 illius
944 2634 1005 2695 in
1036 2632 1208 2695 bonis
1230 2634 1510 2695 studium.

2249 582 2505 651 ραπεῦσαι
2562 577 2654 631 τὸν
2728 574 2895 632 παῖδα
2964 572 3410 647 ἐπιϐαλλόμενος,
3487 572 3623 629 ἀλλά
3706 571 3909 649 μᾶλλον

2250 667 2385 739 μετὰ
2443 666 2895 745 μετριοφροσύνης
2956 663 3189 731 πολλῆς.
3256 655 3400 743 ’Ὅρα
3450 663 3549 742 γὰρ
3578 668 3695 727 πῶς
3741 663 3801 719 οὗ
3841 668 3907 739 τῇ

2248 755 2412 828 οἰκείᾳ
2470 753 2711 829 δυνάμει,
2784 752 2919 811 ἀλλὰ
2985 760 3054 830 τῇ
3126 753 3328 812 ἐκείνου
3384 753 3559 809 πίστει
3632 752 3901 819 ἀνατίθησι

2244 843 2344 909 τὴν
2398 844 2697 921 θεραπείαν,
2752 840 2945 922 λέγων,
3005 842 3109 915 ὃτι,
3177 840 3351 897 Πάντα
3420 837 3611 897 δυνατὰ
3663 844 3741 912 τῷ
3805 862 3901 895 πι-

2245 932 2505 993 στεύοντι,
2565 928 2732 989 Ἀλλὰ
2791 931 2881 986 καὶ
2951 930 3153 1008 ἕτερον·
3216 927 3339 985 ἰδὼν
3411 929 3512 1007 γὰρ
3577 928 3897 1007 ἔπισυναγό-

2245 1042 2404 1095 μενον
2459 1022 2550 1077 τὸν
2625 1018 2817 1100 ὄχλον,
2877 1019 3166 1095 ἐπετίμησε
3198 1025 3275 1093 τῷ
3304 1020 3588 1093 πνεύματι’
3623 1019 3717 1074 οὒκ
3746 1017 3904 1086 ἤθελε

2244 1112 2342 1187 γὰρ
2400 1109 2692 1188 ἔμπροσθεν
2762 1107 2932 1189 ὄχλου
2986 1108 3315 1187 θεραπεύειν,
3349 1109 3422 1171 ὡς
3468 1114 3739 1189 φανητιῶν
3815 1109 3906 1164 καὶ

2246 1187 2623 1263 ἐπιδεικτικός.
2682 1199 3042 1274 Ἐπιτιμήσας
3077 1196 3249 1253 δὲκαὶ
3301 1197 3488 1269 είπὼν,
3524 1187 3758 1262 ’Ἔξελθε
3817 1200 3905 1254 καὶ

2247 1289 2441 1364 μηκέτι
2500 1288 2757 1366 εἰσέλθῃς
2819 1295 2971 1344 τοῦτο
3026 1288 3331 1359 αἰνίττεται,
3394 1288 3475 1341 ὃτι
3506 1284 3591 1345 διὰ
3640 1288 3739 1353 τὴν
3769 1287 3904 1343 ἀπι-

2244 1383 2390 1438 στίαν
2437 1382 2531 1438 τού
2586 1382 2860 1460 ἀνθρὼπου
2917 1378 3152 1447 εἰσῆλθεν
3212 1379 3274 1434 ἄν
3332 1379 3421 1434 καὶ
3465 1377 3627 1435 πάλιν
3686 1382 3749 1435 τὸ
3779 1377 3904 1436 δαι-

2244 1473 2451 1551 μόνιον,
2515 1473 2558 1527 εί
2608 1472 2687 1547 μὴ
2717 1477 2794 1545 τῷ
2836 1469 3207 1548 προστάγματι
3239 1467 3399 1525 αὐτοῦ
3427 1467 3718 1531 ἆκωλύετο.
3754 1477 3903 1547 Συγ-

2240 1573 2417 1639 χωρεῖ
2473 1558 2527 1616 δὲ
2577 1559 2837 1639 σπαράξαι
2887 1561 2980 1616 τὸν
3036 1558 3221 1638 παῖδο,
3258 1556 3348 1613 ἵνα
3376 1563 3546 1636 γνῶσι
3577 1559 3770 1621 πάντες
3797 1559 3901 1627 τὴν

2238 1657 2329 1706 τοῦ
2378 1648 2625 1726 δαίμονος
2683 1649 2957 1724 ἐπὴρειαν,
3012 1650 3101 1705 καὶ
3154 1647 3235 1703 ὅτι
3292 1647 3619 1704 ἐθανάτωσεν
3691 1648 3753 1704 ἅν
3807 1650 3900 1704 τὸν

2239 1738 2534 1817 ἄνθρωπον,
2608 1741 2652 1795 εί
2708 1740 2787 1815 μὴ
2828 1739 2931 1795 ὑπὸ
2960 1737 3059 1806 τῆς
3089 1741 3231 1801 θείας
3272 1736 3637 1817 ἀνεχαιτίζετο
3680 1739 3894 1818 χειρός,

2242 1818 2506 1885 ’νίπτεται
2564 1827 2619 1884 δὲ
2674 1852 2755 1894 τις
2814 1830 2914 1884 ὕπὸ
2984 1826 3230 1902 δαίμονος
3289 1828 3362 1891 εἷς
3394 1836 3494 1904 πῦρ
3521 1829 3583 1883 τὸ
3614 1828 3705 1883 τοῦ
3727 1831 3899 1905 θυμοῦ

2235 1918 2324 1973 καὶ
2388 1920 2451 1974 τὸ
2520 1923 2618 1986 τῆς
2651 1918 2953 1997 ἐπιθυμίας,
2984 1918 3071 1973 καὶ
3102 1918 3173 1980 εἰς
3197 1915 3357 1995 ὕδωρ,
3392 1918 3453 1973 τὸ
3488 1922 3595 1973 τῶν
3624 1917 3898 1994 βιωτικῶν

2236 2007 2565 2086 πραγμάτων
2621 2006 2930 2064 κλυδώνιον.
3015 2016 3054 2064 O
3108 2005 3309 2081 δαίμων
3367 2004 3421 2061 δὲ
3491 2006 3643 2071 οὗτος
3696 2006 3901 2072 ἀλαλός

2236 2095 2346 2154 ἐστι
2404 2098 2493 2154 καὶ
2548 2097 2749 2175 κωφός.
2802 2097 2987 2175 κωφὸς
3042 2096 3164 2170 μὲν,
3225 2098 3297 2157 ὡς
3364 2096 3441 2170 μὴ
3470 2096 3679 2153 ἀκούειν
3730 2096 3903 2155 θέλων

2235 2192 2343 2242 τῶν
2412 2194 2505 2245 τοῦ
2563 2194 2694 2243 Θεοῦ
2750 2184 2946 2264 λόγων’
3010 2184 3205 2251 ἄλαλος
3261 2184 3340 2260 δὶ,
3391 2188 3465 2249 ὡς
3517 2186 3654 2254 μηδὲ
3686 2188 3903 2268 ἑτέρους

2237 2273 2523 2353 δυνάμενος
2579 2274 2841 2332 διδάσκειν
2899 2277 2960 2331 τὸ
3033 2273 3167 2331 δέον·
3224 2272 3343 2330 ἀλλ’
3412 2275 3502 2332 ἐὰν
3573 2279 3601 2333 ὁ
3655 2276 3895 2355 Ἰησοῦς,

2234 2365 2525 2439 τουτέστιν,
2593 2366 2621 2421 ὀ
2666 2362 3024 2443 Εύαγγελικὸς
3062 2362 3245 2442 λόγος.
3277 2366 3521 2442 κρατὴσῃ
3552 2372 3651 2433 τῆς
3674 2370 3892 2450 χειρὸς,

2232 2460 2331 2522 τῆς
2403 2461 2703 2533 πρακτικῆτ
2775 2452 3267 2535 λέγωηδυνάμεως,
3300 2456 3420 2511 τότε
3464 2454 3892 2535 ἐλευθερωθησό-

2233 2548 2363 2618 μεθα
2419 2553 2512 2601 τοῦ
2580 2543 2851 2620 δαίμονος,
2923 2533 3069 2622 ΗΟρα
3126 2540 3181 2598 δὲ
3225 2542 3306 2599 ὅτι
3338 2544 3365 2599 ὁ
3396 2543 3492 2620 μὲν
3534 2533 3663 2611 Θεὸς
3693 2547 3894 2623 βοηθεῖ

2228 2635 2387 2708 ἡμῖν,
2441 2633 2567 2689 εἶτα
2640 2635 2803 2708 ἡμεῖς
2883 2631 3036 2689 αεότυῖ
3108 2633 3171 2687 τὸ
3253 2633 3449 2710 ἀγαθὸν
3522 2634 3891 2711 ἀπαιτούμεθα

487 2722 819 2801 ἱργάζεσθαι.
865 2726 1007 2791 Φησὶ
1044 2726 1143 2802 γὰρ
1178 2745 1192 2759 ·
1239 2724 1507 2803 ’ίΗγειρεν
1540 2723 1694 2780 αὒτὸν
1724 2726 1751 2778 '0
1796 2721 2002 2789 Ἰησοῦς
2036 2742 2048 2758 '
2094 2725 2248 2778 τοῦτο
2304 2724 2341 2788 η
2397 2729 2490 2780 τοῦ
2534 2730 2666 2779 Θεοῦ
2724 2724 2964 2799 βοήθεια,
3031 2722 3117 2777 καὶ
3148 2721 3370 2798 ἀνέστη,
3415 2730 3574 2780 τοῦτο
3604 2726 3637 2792 ἡ
3684 2724 3891 2783 ἐκείνου

488 2814 648 2870 αὐτοῦ
674 2814 805 2891 πρὸς
850 2815 911 2871 τὸ
942 2813 1134 2892 ἀγαθὸν
1166 2811 1391 2883 σπουδή,

570 2898 756 2965 Vens.
786 2900 884 2977 27,
916 2902 1015 2966 98.
1044 2928 1071 2959 ι
1104 2901 1176 2964 Et
1199 2922 1333 2965 cum
1365 2910 1522 2964 esset
1552 2905 1856 2982 ingressus
1877 2900 2143 2971 domum,

2322 2924 2347 2955 ε
2399 2901 2496 2959 Καὶ
2553 2899 2851 2957 εἰσελθόντα
2920 2899 3077 2956 αὐτὸν
3106 2901 3181 2965 εἰς
3213 2900 3394 2976 οἷκον,
3429 2902 3475 2958 0i
3520 2905 3752 2978 μαθηταὶ
3782 2906 3887 2962 αὖ·

492 2988 772 3071 discipuli
822 2991 984 3054 illius
1032 2992 1477 3071 interrogabant
1506 3010 1643 3053 eum
1678 3008 1947 3052 seorsum
1980 3008 1993 3053 :
2030 2991 2149 3053 Cur

2240 2999 2322 3048 τοῦ
2393 2989 2686 3070 ἐπηρώτων
2755 2990 2913 3048 αύτὺν
2968 2987 3087 3047 κατ’
3144 2990 3298 3047 ίδίαν⁶
3356 2991 3417 3050 Τί
3468 2990 3548 3049 ὅτι
3598 2994 3765 3069 ἡμεῖς
3796 2998 3894 3053 οὒκ

487 3097 599 3140 nos
628 3098 744 3141 non
770 3082 1068 3161 potuimus
1099 3083 1320 3163 ejicere
1345 3080 1547 3143 illum?
1570 3080 1805 3143 Etdixit
1827 3080 1943 3141 illis
1982 3100 1994 3143 :
2023 3078 2146 3141 Hoc

2240 3080 2566 3156 ἠδυνήθημεν
2635 3077 2883 3137 ἐκϐαλεῖν
2940 3080 3066 3139 αὐτὸ
3101 3101 3118 3154 ;
3155 3081 3252 3137 Καὶ
3282 3080 3437 3138 εἶπεν
3482 3081 3691 3148 αύτοῖς’
3726 3094 3896 3145 Τοῦτο

487 3187 675 3247 genus
699 3171 860 3234 nulla
887 3191 956 3235 re
990 3179 1185 3254 potest
1213 3172 1399 3246 exire,
1436 3170 1549 3233 nisi
1586 3188 1694 3252 per
1725 3170 2053 3232 orationem
2090 3175 2148 3230 et

2240 3174 2289 3228 τὸ
2360 3170 2513 3250 γένος
2583 3170 2637 3227 ἐν
2692 3168 2857 3227 οὐδενὶ
2900 3167 3110 3226 δ)ναται
3142 3168 3404 3252 ἐξελθεῖν,
3435 3174 3479 3229 εἶ
3510 3174 3589 3249 μὴ
3614 3173 3669 3230 ἓν
3711 3198 3887 3254 προσ-

482 3238 846 3340 jejunium.»
875 3238 1188 3325 Tirriebant
1216 3238 1490 3342 discipuli
1514 3238 1601 3322 ne.
1623 3259 1773 3322 forte
1806 3258 2146 3321 amisissent

2240 3238 2386 3340 toﬁ}.
2422 3261 2507 3316 καὶ
2577 3261 2816 3332 νηστείᾳ,
2882 3282 2907 3314 ε
2970 3256 3343 3339 Ἐφοόήθησαν
3388 3238 3461 3318 ὀἱ
3505 3238 3735 3339 μαθηταὶ
3754 3238 3881 3341 ’μή-

489 3351 735 3428 gratiam
768 3369 942 3432 quam
968 3352 1055 3413 eis
1085 3352 1330 3415 dederat
1364 3352 1672 3430 Dominus,
1724 3356 1783 3410 et
1832 3356 2143 3429 propterea

2240 3374 2345 3414 πως
2418 3347 2687 3407 ἀπέϐαλον
2740 3350 2841 3418 τὴν
2895 3348 3077 3430 χάριν,
3140 3347 3205 3416 ἦν
3260 3348 3490 3409 δὲκωκεν
3518 3354 3700 3417 αὐτοῖς
3728 3357 3756 3412 ὁ
3782 3357 3882 3414 Κύ-

489 3456 608 3500 ηοη
642 3441 970 3517 potuissent
1000 3442 1220 3522 ejicere
1252 3441 1639 3502 daemonium.
1675 3436 1824 3501 Vide
1854 3446 2053 3499 autem
2087 3448 2145 3502 et

2240 3462 2361 3521 ῡιος,
2421 3440 2509 3497 καὶ
2536 3437 2661 3522 Δ’διὰ
2715 3441 2872 3496 τοῦτο
2923 3442 3018 3497 οὐκ
3088 3436 3424 3509 ἠδυνήθησαν
3475 3440 3725 3501 ὶκϐαλεῖν
3785 3446 3876 3503 τὸν

492 3528 889 3591 reverentiam
912 3518 1119 3591 eorum
1134 3529 1430 3611 quomodo
1462 3546 1727 3592 seorsum
1752 3528 1823 3589 ad
1858 3528 2021 3589 illum
2041 3546 2144 3590 ac—

2240 3518 2471 3605 Ξαίμονα.
2535 3518 2681 3607 "Op:
2750 3526 2805 3584 δὲ
2862 3529 2949 3585 καὶ
3015 3527 3115 3595 τὴν
3193 3526 3467 3588 εὐλάϐειαν
3516 3534 3710 3614 αὐτῶν⁹
3759 3541 3877 3601 πῶς

490 3616 866 3709 ceduntJloc
895 3627 1091 3680 autem
1116 3618 1555 3697 genus.Quale?
1584 3616 1694 3679 Vel
1723 3617 2141 3709 lunaticorum,

2240 3618 2343 3675 ιατ⁹
2400 3618 2532 3709 ἰδίαν
2601 3622 2743 3693 αύτῷ
2812 3616 3236 3698 προσέρχονται.
3289 3626 3454 3679 Τοῦτο
3508 3620 3564 3678 δί
3588 3625 3651 3680 τὸ
3699 3625 3875 3703 γένος.

489 3705 583 3767 vel
613 3725 790 3770 omne
820 3708 1250 3770 daemoniorum
1306 3727 1493 3789 genus
1543 3726 1658 3767 non
1704 3706 2010 3785 egreditur
2028 3707 2142 3769 alio

2240 3710 2394 3765 [Ῑοίον
2427 3728 2444 3786 ;
2515 3705 2590 3765 ’Ἥ
2634 3710 2697 3765 τὸ
2737 3711 2844 3764 τῶν
2873 3706 3355 3785 σεληνιαζομένων,
3387 3710 3423 3778 ἦ
3453 3710 3637 3779 ἁπλῶς
3667 3720 3772 3771 πᾶν
3818 3716 3879 3772 τὸ

492 3798 747 3879 quodam
785 3800 981 3878 modo,
1006 3801 1115 3861 nisi
1149 3799 1491 3880 precatione
1523 3803 1585 3860 et
1609 3797 1864 3877 jejunio.
1900 3795 2145 3878 Oportet

2240 3804 2331 3853 τῶν
2398 3795 2664 3873 δαιμόνων
2719 3796 2870 3876 γένος
2928 3800 3023 3856 οὒκ
3052 3795 3322 3879 ἐξέρχεται
3354 3797 3502 3876 ἄλλῳ
3542 3804 3642 3859 τινὶ
3669 3803 3875 3883 τρόπῳ,

493 3887 654 3948 enim
680 3889 956 3968 jejunare
987 3907 1121 3951 eum
1156 3889 1253 3970 qui
1286 3889 1616 3949 daemonem
1639 3889 1780 3948 219
1818 3888 2056 3967 patitur,
2084 3895 2141 3949 et

2240 3888 2268 3943 ai
2326 3887 2405 3963 μὴ
2464 3888 2518 3945 ἐν
2564 3892 2843 3967 προσευχῇ
2883 3888 2973 3945 καὶ
3016 3890 3253 3962 νηστείᾳ’
3286 3887 3371 3947 δεῖ
3411 3891 3511 3970 γὰρ
3540 3893 3627 3948 καὶ
3651 3894 3743 3951 τὸν
3764 3896 3877 3953 πά-

496 3978 598 4057 qui
631 3984 941 4039 sanaturus
973 3985 1064 4040 est
1090 3996 1103 4041 :
1140 3987 1199 4039 et
1227 3978 1493 4057 utrisque
1524 3977 1926 4039 necessarium
1948 3985 2037 4038 est
2050 3978 2139 4056 je-

2240 3998 2427 4057 ι-χοντα
2483 3981 2779 4053 νηστεύειν,
2850 3979 2937 4033 καὶ
3006 3980 3097 4034 τὸν
3183 3977 3448 4054 μέλλοντα
3532 3983 3869 4059 θεραπεῦσαι.

486 4065 750 4148 junium,
774 4068 957 4146 magis
986 4075 1182 4129 autem
1214 4067 1373 4129 illius
1396 4066 1498 4147 qui
1530 4067 1861 4127 daemonem
1895 4068 2134 4145 patitur,

2242 4066 2561 4147 Αμφοτίρων
2615 4066 2715 4145 γάρ
2756 4064 2945 4146 χρεία’
2979 4066 3213 4143 μάλιστα
3240 4065 3295 4124 δὲ
3347 4067 3445 4135 τὴν
3489 4070 3583 4125 τοῦ
3621 4071 3870 4151 πάσχον-

483 4155 781 4233 jejunium
814 4156 1181 4235 exigitratio.
1216 4155 1465 4237 Oportet
1494 4164 1690 4217 autem
1722 4174 1836 4216 non
1862 4155 2137 4235 jejunare

2240 4176 2309 4221 τος
2374 4156 2621 4222 νηστείαν
2678 4156 2898 4213 ἀπαιτεῖ
2940 4158 2967 4212 ὁ
2997 4156 3180 4235 λόγος.
3221 4167 3315 4214 Δεῖ
3356 4159 3551 4235 καὶμὴ
3596 4162 3869 4227 νηστεύειν

491 4243 724 4321 solum,
773 4245 877 4306 sed
923 4254 980 4307 et
1022 4264 1193 4307 orare
1231 4263 1245 4308 :
1290 4264 1484 4326 neque
1542 4247 1732 4307 solum
1784 4262 1976 4319 orare,
2031 4245 2134 4308 sed

2240 4248 2402 4323 ιόνον,
2463 4244 2601 4302 ἀλλὰ
2669 4247 2757 4302 καὶ
2805 4246 3216 4326 προσεύχεσθαν
3277 4245 3414 4323 μηδὲ
3446 4248 3607 4324 μόνον
3637 4252 3870 4331 προσεύ-

490 4341 550 4395 et
589 4334 890 4414 jejunare.
924 4335 1023 4397 Sic
1067 4336 1224 4397 enim
1283 4353 1437 4397 verae
1486 4353 1696 4416 preces
1742 4334 1911 4409 fiunt,
1952 4334 2136 4397 sinon

2240 4338 2434 4414 (εσθαι,
2507 4333 2643 4391 ἀλλὰ
2700 4336 2788 4392 καὶ
2857 4337 3154 4417 νηστεύειν,
3217 4335 3368 4394 Οῧτω
3398 4339 3498 4416 γὰρ
3548 4340 3585 4408 ἡ
3642 4339 3867 4410 ἀληθινὴ

489 4422 681 4485 solum
723 4431 951 4505 oretur,
975 4426 1082 4488 sed
1128 4433 1186 4488 et
1235 4425 1551 4506 jejunetur
1584 4442 1598 4487 :
1637 4434 1700 4485 ut
1752 4444 1825 4486 ne
1864 4433 2138 4503 gravetur

2240 4423 2497 4503 προσευχή
2525 4423 2812 4507 Ατελεῖται,
2871 4424 2961 4481 ἰὰν
3020 4428 3107 4481 καὶ
3138 4427 3384 4494 νηστείαν
3442 4426 3548 4507 ἔχῃ
3620 4438 3865 4503 συνεζευ-

488 4513 589 4592 qui
613 4521 760 4588 orat,
787 4503 1053 4576 ciborum
1110 4503 1448 4596 vaporibus,
1482 4513 1585 4575 sed
1629 4512 1944 4594 expeditus
1974 4514 2049 4575 sit
2078 4521 2159 4575 et!

2240 4513 2446 4589 ’μένηνο
2523 4503 2661 4572 ’Ὀτε
2718 4515 2777 4571 οὐ
2834 4514 3077 4594 βαρεῖται
3121 4517 3150 4571 ὃ
3180 4503 3613 4597 προσευχόμενος
3663 4532 3781 4584 τοῖς
3811 4524 3871 4577 εκ

482 4602 651 4667 levis.

2240 4610 2324 4659 τῶν
2396 4603 2693 4683 βρωμάτων
2764 4603 2983 4684 ἀτμοῖς,
3086 4602 3224 4661 ἀλλά
3306 4606 3496 4686 κοῦφός
3585 4609 3698 4666 ιστι
3784 4611 3869 4667 καὶ

1576 4745 1579 4749 ,
2218 4690 2419 4771 ἀϐαρής
2430 4740 2441 4751 .

565 4785 753 4850 Vens.
787 4786 887 4860 29,
921 4786 1024 4849 30.
1064 4809 1091 4842 ι
1127 4786 1199 4849 Ει
1230 4785 1395 4847 illinc
1424 4784 1677 4863 digressi
1709 4786 1820 4846 iter
1867 4784 2134 4846 fecerunt

2305 4804 2330 4839 ε
2410 4783 2507 4841 Καὶ
2574 4784 2777 4840 uno”
2833 4781 3150 4861 ἐξελθόντες,
3182 4786 3608 4865 παρεπορεύοντο
3658 4787 3742 4844 διὰ
3770 4787 3867 4856 τῆς

481 4891 590 4953 per
621 4874 1069 4957 Galilaeammec
1099 4875 1329 4937 volebat
1350 4884 1414 4935 ut
1442 4876 1751 4954 quisquam
1784 4873 1983 4933 sciret.
2020 4871 2133 4933 Do-

2240 4871 2520 4949 ἀλιλαίας,
2583 4868 2691 4930 καὶ
2721 4874 2816 4930 ούκ
2882 4871 3091 4949 ἤθελεν,
3166 4872 3259 4931 ἵνα
3315 4896 3397 4939 τις
3428 4880 3561 4954 γνῷ.
3596 4874 3862 4934 Ἐδὶδασκε

479 4962 650 5024 cebat
678 4966 837 5026 enim
870 4965 1196 5045 discipulos
1221 4983 1379 5039 suos,
1418 4972 1476 5025 et
1506 4962 1741 5024 dicebat
1774 4962 1911 5023 illis:
1945 4962 2125 5024 Filius

2244 4966 2306 5045 ἀρ
2359 4966 2480 5029 τοὺς
2533 4966 2774 5040 μαθητὰ)
2846 4964 3025 5045 αὐτοῦ,
3073 4966 3161 5023 καὶ
3190 4964 3369 5045 ἔλεγεν
3420 4970 3629 5042 αὐτοῖς,
3661 4965 3765 5043 ὅτι,
3803 4958 3859 5026 Ὀ

478 5051 737 5115 hominis
767 5055 1019 5116 traditur
1049 5057 1105 5115 in
1133 5072 1342 5116 manus
1389 5053 1718 5126 hominum,
1752 5061 1810 5112 et
1853 5051 2124 5113 occident

2240 5057 2328 5118 ’ἱὸς
2380 5061 2475 5112 τοῦ
2536 5055 2810 5133 ἀνθρώπου
2882 5052 3219 5134 παραδίδοται
3262 5057 3335 5120 εἰς
3384 5068 3581 5137 χεῖρας
3653 5057 3859 5135 ἀνθρώ-

477 5159 636 5217 eum,
667 5144 973 5206 etoccisus
1008 5146 1179 5205 tertio
1211 5143 1308 5204 die
1339 5151 1627 5221 resurget.
1662 5143 1736 5204 At
1766 5140 1853 5201 illi
1882 5140 2122 5220 ignora-

2240 5168 2343 5221 ςων,
2398 5146 2484 5201 καὶ
2539 5148 2917 5202 ἀποκτενοῦσιν
2974 5146 3155 5206 αὒτόν.
3234 5147 3331 5204 Καὶ
3368 5147 3737 5223 ἀποκτανθεὶς,
3791 5152 3860 5223 τῇ

473 5228 615 5292 bant
644 5233 799 5313 quod
827 5233 1075 5313 dixerat,
1106 5242 1161 5294 ct
1192 5232 1478 5293 timebant
1509 5250 1643 5295 cum
1678 5232 2064 5309 interrogare.
2088 5254 2115 5292 ι

2240 5237 2353 5314 ρίτῃ
2413 5233 2588 5313 ἡμέρᾳ
2638 5234 3017 5305 ἀναστήσεται,
3079 5237 3140 5293 Οἱ
3196 5234 3251 5291 δὲ
3305 5236 3533 5315 ἠγνόουν
3594 5237 3657 5293 τὸ
3686 5237 3859 5315 ῥῆμα,

472 5317 703 5401 Ubique
726 5322 1149 5383 miraculorum
1183 5321 1633 5402 operationibus
1663 5321 1964 5381 interserit
1994 5340 2121 5382 ser-

2243 5328 2290 5381 αὶ
2350 5322 2635 5403 ἐφοϐοῦντο
2695 5326 2850 5383 αὐτὸν
2911 5325 3269 5403 ἐπερωτῆσαι,
3309 5347 3334 5385 ε
3405 5332 3691 5406 Πανταχοῦ
3737 5337 3861 5389 ταῖς

471 5426 708 5471 monem
740 5412 816 5473 de
843 5413 1134 5492 passione,
1170 5420 1234 5472 ut
1278 5430 1351 5473 ne
1404 5418 1610 5490 putent
1637 5410 1830 5491 ipsum
1879 5418 2120 5490 propter

2240 5413 2643 5493 κυματουργίαις
2697 5411 3064 5491 παρεμϐάλλει
3121 5416 3213 5471 τὸν
3298 5417 3416 5495 περὶ
3494 5423 3590 5473 τοῦ
3664 5415 3857 5479 πάθους

469 5495 882 5579 impotentiam
937 5502 1077 5581 pati.
1115 5500 1269 5563 Dixit
1322 5499 1497 5579 igitur
1530 5499 1687 5580 quod
1716 5499 1931 5561 durum
1964 5508 2110 5576 erat,

2240 5504 2380 5582 όγον,
2456 5503 2550 5559 ’ίνα
2607 5504 2686 5579 μὴ
2736 5507 2966 5581 νομισθῇ
3034 5504 3114 5561 ὅτι
3192 5503 3233 5562 ι’
3294 5503 3590 5581 ἀδυναμίαν
3646 5505 3859 5567 ἔπαθεν,

467 5586 613 5668 quia
664 5589 940 5651 occident
970 5609 1144 5655 eum:
1181 5590 1377 5653 subdit
1438 5598 1494 5650 et
1553 5590 1710 5671 quod
1753 5589 2109 5669 jucundum,

2240 5594 2374 5649 ἰπὼν
2443 5592 2532 5649 οὗδ
2601 5595 2660 5649 τὸ
2714 5594 3048 5674 σκυθρωπὸν,
3121 5594 3207 5651 ὅοι
3268 5594 3646 5653 ἀποκτενοῦσιν
3680 5594 3859 5667 αὖτόν,

464 5677 563 5760 qui
612 5678 786 5740 tertio
826 5677 925 5741 die
952 5689 1400 5743 resurrecturus
1451 5690 1606 5741 esset
1641 5697 1654 5741 :
1693 5688 1756 5741 ut
1811 5679 2111 5743 discamus

2240 5682 2381 5763 πάγει
2443 5684 2531 5739 καὶ
2586 5684 2645 5739 τὸ
2705 5683 3070 5762 χαρμόσυνον,
3102 5684 3182 5740 ὅνι
3240 5689 3308 5760 τῇ
3337 5685 3486 5764 τρίτῃ
3516 5684 3690 5765 ἡμέρᾳ
3722 5684 3859 5741 ἀνα-
