4232 6422
381 368 501 439 589

1119 370 1565 441 ΕΝΑΒΡιΑΤΙΟ
1610 370 1691 436 IN
1738 367 2048 436 EVANGE

2135 365 2241 426 UM
2289 365 2552 427 MARCI.
2597 398 2674 408 —
2718 363 2882 429 CAP.
2931 364 3034 429 IX.

3656 365 3777 430 590

377 505 651 580 στησεται,
714 505 799 561 ίνα
858 506 1108 582 μᾶθωμεν
1164 504 1245 562 ὅτι
1330 504 1411 560 ἀεὶ
1496 516 1613 565 τοῖς
1698 507 2027 581 σκυθρωποῖς

2134 496 2267 577 ιιιοά
2303 514 2543 577 semper
2573 497 2708 560 laeta
2741 507 3069 579 sequuntur
3099 500 3173 562 ad
3206 500 3420 577 tristia,
3457 510 3516 564 et
3544 503 3602 564 in
3637 502 3775 565 tris-

380 592 731 651 ἐπακολουθεῖ
794 596 860 653 τὰ
920 595 1227 675 εὖφρύσυνα.
1292 594 1381 650 καὶ
1424 592 1501 668 μὴ
1532 592 1712 666 μάτην
1768 591 2035 667 ἀνιώμεθα

381 683 466 740 ἐπὶ
521 697 639 748 τοῖς
698 684 988 765 λυπηροῖς,
1062 682 1183 741 ἀλλ’
1230 682 1527 758 ἐλπίζωμεν
1555 684 1644 738 καὶ
1696 683 1761 738 τὰ
1788 698 2035 762 χρηστο-

383 795 507 851 τερα
518 823 532 837 ,

474 888 498 918 ιι
564 868 659 921 Καὶ
727 863 887 931 ἦλθεν
933 867 1007 928 εἷς
1040 863 1413 941 Καπερναούμ·
1448 864 1535 918 καὶ
1579 861 1631 917 ἐν
1662 868 1731 939 τῇ
1773 863 1909 936 οἰκίᾳ
1937 884 2033 941 γεω

385 953 630 1027 νόμενος,
682 953 934 1033 ἐπηρώτα
968 955 1176 1017 αὐτούς·
1212 952 1271 1010 Τί
1316 954 1369 1007 ἐν
1412 957 1480 1028 τῇ
1523 949 1627 1025 ὁδῷ
1658 953 1786 1029 πρὸς
1818 952 2033 1017 ἑαυτοὺς

384 1041 779 1122 διελογίζεσθε;
844 1046 904 1100 Οἱ
962 1042 1016 1098 δὲ
1088 1042 1357 1099 ἐσιώπων.
1422 1043 1559 1120 Πρὸς
1626 1040 1890 1109 ἀλλήλους
1940 1042 2038 1120 γὰρ

385 1132 737 1213 διελέχθησαν
796 1132 850 1189 ἐν
919 1139 989 1209 τῇ
1059 1130 1187 1211 ὁδῷ,
1247 1132 1325 1194 τίς
1386 1132 1600 1204 μείζων,
1651 1133 1749 1189 Καὶ
1800 1131 2038 1211 καθίσας,

383 1202 623 1303 ἐφώνησε
690 1224 814 1286 τοὺς
885 1220 1108 1293 δώδεκα,
1142 1223 1231 1278 καὶ
1260 1221 1402 1300 λέγει
1433 1225 1637 1287 αὐτοῖς’
1674 1218 1743 1277 Εἴ
1769 1242 1849 1283 τις
1899 1218 2036 1276 θέλει

381 1314 592 1389 πρῶτος
649 1312 816 1390 εἶναι,
877 1310 1025 1367 ἔσται
1092 1311 1306 1366 πάντων
1365 1308 1620 1390 ἔσχατος,
1682 1311 1769 1366 καὶ
1828 1310 2039 1365 πάντων

383 1399 642 1464 διάκονος.
708 1404 804 1460 Καὶ
862 1397 1039 1457 λαϐὼν
1091 1398 1318 1476 παιδίον,
1366 1398 1588 1467 ἔστησεν
1641 1399 1766 1456 αύτὸ
1798 1398 1851 1455 ἐν
1893 1397 2041 1475 μέσῳ

385 1490 578 1563 αὖιῶν,
629 1492 717 1546 καὶ
769 1488 1254 1566 ἐναγκαλισάμενος
1285 1490 1434 1562 αὐτὸ,
1486 1489 1639 1545 εἶπεν
1684 1493 1889 1552 αὐτοῖς’
1931 1480 2038 1552 ’Ὃς

382 1580 474 1636 ἐὰν
532 1579 586 1635 ἕν
650 1580 756 1636 τῶν
815 1580 1065 1636 τοιούτων
1124 1576 1345 1635 παιδίων
1401 1577 1611 1646 δέξηται
1668 1581 1754 1636 ἐπὶ
1807 1584 1885 1653 τῷ
1913 1579 2039 1635 (ivd-

390 1676 516 1744 ματί
570 1692 692 1744 μου,
749 1668 844 1745 ἐμὲ
915 1667 1156 1748 δέχεται,
1189 1670 1278 1724 καὶ
1307 1667 1366 1733 ὅς
1396 1668 1487 1725 ἐὰν
1518 1668 1613 1743 ἐμὲ
1665 1666 1901 1740 δέξηται,
1947 1670 2041 1725 οὐκ

390 1757 485 1831 ἐμὲ
540 1756 781 1837 δέχεται,
806 1756 941 1815 ἀλλὰ
968 1759 1059 1814 τὸν
1100 1756 1486 1814 ἀποστείλαντα
1516 1778 1605 1831 με.
1657 1780 1684 1812 »
1723 1761 1781 1814 Οἱ
1811 1757 2041 1831 μαθηταὶ

388 1847 464 1903 ἔτι
523 1847 962 1926 ἀνθρωπικώτερα
1028 1852 1362 1928 φρονούντες,
1427 1844 1833 1926 διεφιλονείκουν
1907 1848 2039 1924 πρὸς

388 1935 651 2007 ἀλλήλους
709 1938 826 2016 περὶ
872 1943 988 2010 τοῦ,
1021 1950 1178 2001 ποῖος
1224 1936 1397 1992 αὒτῶν
1426 1936 1617 2010 μείζων
1646 1936 1756 1992 ἐστὶ
1786 1937 1873 1992 καὶ
1902 1958 2039 2014 προ-

385 2027 664 2105 τιμότερος
708 2026 849 2106 παρᾶ
921 2032 998 2101 τῷ
1052 2033 1282 2105 Χριστῷ.
1348 2016 1405 2083 Ὀ
1462 2023 1517 2081 δὲ
1574 2026 1759 2105 Κὺριος
1815 2025 1914 2092 τὴν
1946 2025 2044 2100 μὲν

388 2116 665 2192 ἐπιθυμίαν
722 2116 822 2183 τὴν
878 2119 978 2183 τῆς
1035 2117 1411 2194 προτιμήσεως
1472 2120 1532 2173 οὐ
1603 2114 1823 2177 κωλύει,
1886 2114 2043 2171 Θέλει

388 2208 490 2285 γὰρ
545 2207 690 2281 ἡμᾶς
744 2205 1023 2281 ἐπιθυμείν
1098 2227 1191 2261 του
1259 2203 1591 2283 ὑψηλοτέρου
1661 2205 1880 2281 βαθμοῦ.
1974 2205 2047 2261 Οὔ

390 2297 571 2370 μέντοι
624 2295 875 2375 ἁρπάζειν
945 2296 1088 2368 ἡμᾶς
1158 2292 1401 2370 βούλεται
1471 2295 1537 2350 τὰ
1589 2307 1851 2374 πρωτεῖα,
1910 2292 2047 2349 ἀλλὰ

394 2385 479 2441 διὰ
534 2388 633 2451 τῆς
688 2384 1066 2445 ταπεινώσεως
1126 2381 1332 2459 μᾶλλον
1388 2386 1745 2440 κατακτᾶσθαι
1784 2393 1846 2439 τὸ
1897 2384 2047 2459 ὑψη-

398 2474 511 2533 λόν.
580 2471 793 2529 Παιδίον
854 2473 953 2551 γὰρ
1024 2470 1245 2539 ἔστησεν
1319 2472 1393 2536 εἷς
1462 2473 1523 2528 τὸ
1554 2471 1739 2546 μέσον,
1768 2474 1856 2529 καὶ
1926 2471 2046 2531 κατ’

400 2563 578 2620 ἐκεῖνο
650 2562 889 2641 γενέσθαι
942 2563 1031 2618 καὶ
1086 2563 1230 2636 ἡμᾶς
1261 2559 1528 2638 βούλεται.
1564 2563 1635 2618 Τὸ
1674 2562 1773 2640 γὰρ
1816 2560 2047 2620 παιδίον⁶

399 2653 517 2710 οὔτε
573 2649 728 2719 δόξης
797 2651 1024 2730 ἐφίεται,
1087 2649 1200 2708 οὔτε
1261 2653 1469 2730 φθονεῖ,
1517 2648 1632 2706 οὔτε
1696 2665 2047 2725 μνησικακεῖ.

401 2744 498 2801 Καὶ
556 2741 615 2799 οὗ
672 2741 857 2817 μόνον,
923 2742 1102 2821 φησὶν,
1166 2740 1255 2796 ἐὰν
1285 2739 1432 2795 αὐτοὶ
1478 2749 1708 2798 τοιοῦτοι
1739 2742 2046 2820 γενήσεσθε,

398 2834 589 2910 μισθὸν
645 2829 880 2906 λήψεσθε
940 2830 1133 2909 μέγαν,
1187 2828 1323 2887 ἀλλὰ
1375 2827 1475 2885 κᾶίν
1545 2830 1753 2909 ἐτέρους
1783 2832 2050 2896 τοιούτους

399 2922 668 2998 τιμήσητε
753 2917 821 2975 δι’
876 2920 999 2995 ἐμὲ,
1059 2918 1330 2995 βασιλείαν
1388 2919 1618 2997 οὖρανῶν
1694 2918 2049 2983 ἆντιλάϐοιτε,

387 3009 534 3086 Ἐμὲ
593 3012 692 3088 γὰρ
758 3006 999 3089 δέχεσθε·
1061 3008 1155 3085 ἐμέ
1210 3007 1263 3064 δὲ
1322 3006 1631 3088 δεχόμενοι,
1692 3007 1911 3089 δέχεσθε
1963 3012 2055 3067 τὸν

402 3098 787 3158 ἀποστείλαντά
855 3119 945 3175 με.
1024 3089 1179 3177 Ὀρᾷς
1236 3099 1324 3154 οὗν
1356 3098 1495 3155 πόσα
1553 3096 1763 3155 δύναται
1805 3102 2053 3168 ἡταπεί-

2119 586 2276 646 tibus
2309 605 2425 647 non
2460 590 2682 648 frustra
2726 606 3105 665 moereamns,
3140 590 3244 652 sed
3271 592 3605 673 {speremus
3637 609 3770 654 me-

2118 673 2289 736 liora.

2207 854 2378 915 Vsus.
2417 854 2636 919 31-36.
2680 880 2706 911 α
2734 857 2804 918 Et
2840 859 2995 919 venit
3025 858 3085 919 in
3114 860 3487 939 Capernaum
3515 881 3529 922 :
3559 869 3775 923 etcum

2122 943 2377 1003 venisset
2421 943 2481 1003 in
2516 944 2782 1020 domum,
2805 946 3182 1027 interrogavit
3207 948 3375 1013 illos:
3410 950 3561 1023 Quid
3595 951 3651 1012 in
3675 950 3774 1013 iti-

2122 1049 2266 1092 nere
2296 1032 2452 1092 inler
2483 1051 2585 1093 vos
2611 1033 3033 1113 disputabatis?
3058 1038 3130 1097 At
3160 1037 3246 1098 illi
3280 1038 3594 1101 siluerunt.
3626 1041 3773 1101 Nam

2122 1118 2277 1181 inter
2308 1139 2373 1182 se
2403 1120 2846 1202 disputaverunt
2873 1124 3027 1186 inter
3049 1126 3205 1188 viam
3226 1129 3357 1208 quis
3382 1138 3540 1192 esset
3561 1134 3775 1211 major.

2122 1208 2193 1271 Et
2225 1228 2360 1269 cum
2394 1212 2789 1283 consedisset,
2823 1215 3135 1276 accersivit
3163 1217 3508 1293 duodecim,
3541 1229 3598 1281 et
3629 1208 3780 1281 dicit

2122 1297 2239 1359 illis
2265 1316 2278 1360 :
2306 1300 2366 1361 Si
2399 1303 2529 1387 quis
2562 1302 2683 1362 Vult
2710 1303 2939 1381 primus
2971 1323 3127 1381 esse,
3164 1306 3215 1367 is
3234 1308 3348 1369 erit
3378 1309 3643 1370 omnium
3678 1327 3781 1390 po-

2121 1394 2380 1449 stremus
2402 1384 2735 1451 etomnium
2778 1392 3270 1474 minister.Atque
3300 1404 3607 1479 arreptum
3636 1384 3781 1479 pue-

2121 1495 2251 1538 rum
2285 1478 2487 1539 statuit
2518 1479 2576 1538 in
2612 1480 2807 1542 medio
2839 1481 3099 1563 illorum:
3128 1489 3187 1547 et
3225 1504 3360 1547 cum
3394 1478 3653 1567 cepisset
3698 1488 3783 1551 il-

2124 1565 2245 1625 lum
2268 1566 2328 1626 in
2362 1568 2529 1628 ulnas
2559 1587 2721 1650 suas,
2749 1570 2894 1631 dixit
2913 1571 3339 1655 iliiszQuisquis
3371 1565 3553 1637 unum
3587 1596 3656 1640 ex
3690 1585 3779 1640 ta-

2124 1654 2280 1716 libus
2316 1658 2512 1734 pueris
2546 1660 2841 1739 receperit
2864 1659 2924 1721 in
2954 1665 3196 1726 nomine
3224 1654 3387 1741 meo,
3425 1686 3520 1728 me
3542 1667 3779 1749 recipit:

2126 1753 2182 1805 et
2213 1746 2550 1826 quicunque
2592 1766 2687 1808 me
2728 1751 3094 1837 recipit,non
3130 1772 3223 1815 me
3253 1756 3602 1837 recipit,sed
3643 1746 3781 1819 eum

2124 1838 2223 1927 qui
2260 1851 2353 1893 me
2389 1835 2574 1927 niisit.
2609 1861 2629 1890 ι)
2671 1836 2957 1917 Discipuli
2989 1839 3186 1903 adhuc
3225 1835 3553 1906 humanum
3598 1846 3781 1927 quid-

2126 1922 2259 1983 dam
2285 1923 2607 2005 sapientes,
2634 1927 3073 1989 contendebant
3102 1931 3259 1993 inter
3282 1951 3369 2014 se,
3399 1935 3531 2015 quis
3574 1922 3780 1998 eorum

2128 2014 2317 2090 major
2347 2020 2405 2073 et
2433 2014 2667 2092 dignior
2693 2026 2851 2077 esset
2868 2018 3023 2098 apud
3047 2014 3662 2086 Christum.D’eminus
3682 2045 3784 2087 au-

2128 2108 2245 2193 tem
2279 2121 2395 2163 non
2452 2104 2727 2183 prohibet
2782 2109 3140 2187 prazlationis
3186 2113 3569 2193 cupiditatem
3607 2136 3621 2176 :
3664 2115 3786 2177 vult

2131 2192 2287 2252 enim
2322 2212 2429 2254 nos
2460 2194 2808 2273 aspiraread
2837 2196 3250 2262 sublimiorem
3271 2192 3526 2282 gradum
3550 2224 3564 2263 :
3586 2214 3645 2267 at
3667 2225 3784 2268 non

2128 2297 2345 2360 rapere
2379 2302 2484 2344 nos
2513 2284 2630 2344 vult
2666 2287 2884 2364 primas
2928 2287 3263 2367 dignitates,
3296 2293 3400 2355 sed
3453 2294 3648 2375 potius
3680 2315 3789 2371 per

2130 2373 2523 2436 humilitatem
2540 2378 2853 2457 acquirere
2876 2373 3595 2448 sublimitatem.Puevrum
3622 2388 3779 2449 enim

2131 2464 2336 2524 statuit
2367 2465 2425 2524 in
2448 2466 2802 2541 medium,et
2823 2467 2907 2527 illi
2935 2469 3163 2533 similes
3184 2492 3291 2534 nos
3322 2474 3442 2536 vult
3471 2476 3791 2540 ﬁeri.Puer

2130 2553 2289 2614 enim
2324 2573 2515 2633 neque
2550 2554 2797 2634 gloriam
2829 2557 3151 2635 desiderat,
3188 2582 3381 2643 neque
3413 2566 3657 2642 invidet,
3676 2585 3788 2629 ne-

2133 2660 2251 2721 que
2283 2643 2555 2736 vin.lictaa
2584 2644 2833 2736 cupidus
2856 2656 2965 2707 est.
2989 2648 3058 2709 Et
3096 2668 3215 2711 non
3247 2652 3463 2736 solum,
3487 2654 3701 2736 inquit,
3738 2656 3793 2718 si

2134 2731 2248 2813 ipsi
2290 2733 2433 2795 tales
2484 2733 2737 2807 fueritis,
2779 2739 3118 2800 mercedem
3151 2731 3460 2823 accipietis
3493 2731 3792 2825 magnam,

2134 2825 2237 2883 sed
2264 2834 2321 2884 et
2353 2823 2399 2882 si
2433 2824 2580 2885 alios
2614 2825 2758 2886 tales
2790 2827 3219 2891 venerabimini
3272 2842 3518 2913 propter
3567 2823 3661 2898 me
3690 2853 3788 2897 re-

2136 2931 2314 2990 gnum
2350 2912 2633 2975 ccelorum
2665 2915 2972 2996 accipietis
3008 2936 3143 2980 :me
3176 2912 3333 2982 enim
3370 2923 3663 3005 accipitis:
3700 2944 3796 2987 me

2136 3011 2333 3063 autem
2366 3002 2465 3079 qui
2500 3003 2774 3085 suscipit,
2827 3006 3075 3086 suscipit
3128 3028 3262 3071 eum
3309 3013 3409 3093 qui
3465 3002 3560 3076 me
3612 3015 3792 3079 misit.

2135 3088 2314 3185 Vides
2349 3091 2523 3185 igitur
2552 3100 2770 3185 quanta
2802 3104 2998 3185 potest
3039 3088 3796 3185 humilitas,simplicesque

405 3211 588 3270 νωσις,
642 3190 731 3246 καὶ
785 3189 849 3244 10
902 3186 1176 3245 ἂπλαστον
1224 3193 1316 3243 τοῦ
1346 3187 1542 3264 τρόπου
1573 3189 1661 3245 καὶ
1703 3187 1915 3249 ἄδολον.
1951 3192 2049 3248 Τὸν

2140 3187 2197 3240 et
2225 3178 2449 3274 absque
2471 3180 2687 3274 fraude
2712 3183 3157 3248 mores.Filium
3191 3189 3348 3250 enim
3385 3178 3791 3254 etP'atrem'in

409 3282 530 3336 ι’ἱὸν
586 3280 685 3358 γὰρ
735 3279 824 3335 καὶ
863 3278 956 3333 τὸν
999 3276 1207 3356 Πατέρα
1239 3276 1478 3348 ἐνοικίζει
1509 3276 1563 3333 ἐν
1590 3280 1750 3347 ἡμῖν,
1788 3278 2056 3359 Πρόδηλον

410 3367 464 3425 δὲ
498 3367 577 3425 ὅτι
620 3368 708 3424 καὶ
732 3369 796 3422 τὸ
822 3372 1034 3433 Πνεῦμα
1062 3368 1123 3422 τὸ
1149 3365 1326 3444 ἅγιον.

496 3480 523 3511 ι
585 3454 872 3534 Ἀπεκρίθη
928 3452 983 3509 δέ
1052 3456 1194 3529 αὖτῷ
1250 3457 1278 3511 0
1350 3451 1626 3530 Ἰωάννης,
1660 3453 1856 3534 λέγων*
1893 3453 2057 3511 Διδά·

405 3546 595 3620 σκαλε,
655 3542 870 3619 εἴδομέν
926 3565 1043 3599 τινα
1096 3542 1149 3600 ἐν
1222 3550 1298 3618 τῷ
1355 3541 1577 3619 ὀνόματί
1609 3566 1701 3601 σου
1732 3542 2056 3601 ἐκϐάλλοντα

403 3636 673 3712 δαιμόνια,
726 3633 785 3698 ὅς
845 3632 939 3689 οὒκ
996 3632 1277 3689 ἀκολουθεῖ
1332 3634 1492 3708 ἡμῖν’
1574 3636 1659 3690 καὶ
1715 3633 2054 3710 ἐκωλύσαμεν

402 3727 582 3801 ἀῦτὸν,
639 3724 720 3779 ὅτι
774 3724 893 3785 οὒκ..
924 3720 1209 3778 ἀκολουθεῖ
1273 3723 1436 3798 ἡμῖν.
1471 3719 1530 3779 Ὀ
1581 3720 1635 3778 δὲ
1666 3722 1872 3791 Ἰησοῦς
1903 3724 2053 3780 εἷπε⁸

399 3817 490 3884 Μὴ
545 3811 777 3869 κωλύετε
834 3811 1017 3873 αὐτόν.
1077 3808 1255 3876 Οὐδεὶς
1304 3812 1405 3890 γὰρ
1434 3810 1578 3868 ἐστιν
1627 3811 1686 3878 ὅς
1716 3814 1928 3883 ποιήσει
1959 3811 2051 3870 δύ-

394 3926 555 3980 ναμιν
614 3902 699 3958 ἐπὶ
754 3905 833 3974 τῷ
889 3899 1111 3976 ὀνόματί
1139 3922 1265 3977 μου,
1317 3902 1404 3957 καὶ
1459 3900 1750 3973 δυνήσηται
1780 3903 1922 3983 ταχὺ
1948 3925 2053 3959 κα-

397 3992 692 4071 κολογῆσαί
753 4011 845 4067 με,
916 3989 1017 4053 ’Ὃς
1077 3991 1177 4070 γὰρ
1233 3994 1329 4050 οὐκ
1386 3988 1498 4047 ἔστι
1556 3991 1674 4048 καθ’
1702 3993 1884 4072 ἡμῶν,
1927 3994 2057 4049 ὑπὲρ

399 4085 557 4159 ἡμῶν
612 4081 777 4141 ἐστιν.
843 4102 866 4136 ι
930 4081 1003 4137 Ού
1071 4078 1367 4153 ζηλοτυπίᾳ
1397 4082 1496 4137 τινὶ
1525 4082 1615 4137 καὶ
1644 4082 1818 4160 φθόνῳ
1846 4083 2057 4159 ὑπαγό-

403 4194 563 4248 μενος
623 4174 650 4227 ὁ
680 4175 779 4237 τῆς
827 4168 1051 4247 βροντῆς
1112 4170 1222 4234 υἱὸς
1266 4168 1458 4226 κωλύει
1489 4170 1694 4227 ἐκεῖνον
1724 4171 1814 4227 τὸν
1843 4173 1909 4227 τὰ
1939 4170 2059 4228 δαι-

405 4263 564 4338 μόνια
618 4256 964 4335 ἐκϐάλλοντα,
1000 4256 1138 4315 ἀλλὰ
1183 4256 1350 4316 θέλων
1408 4259 1609 4325 πάντας
1685 4263 1806 4325 τοὺς
1865 4259 2059 4317 ἐπικα-

402 4349 694 4426 λουμένους
734 4349 798 4405 τὸ
845 4347 1014 4424 ὄνομα
1068 4354 1161 4405 τοῦ
1254 4355 1482 4428 Χριστοῦ
1560 4349 1647 4405 καὶ
1754 4347 2064 4406 ἀκολουθεῖν

404 4442 571 4516 αύτῷ,
643 4439 730 4495 καὶ
780 4435 835 4492 ἔν
866 4437 1007 4493 εἶναι
1053 4443 1211 4513 σῶμα
1240 4438 1443 4501 πάντας
1470 4437 1594 4501 τούς
1649 4437 1910 4513 μαθητάς.
1975 4438 2065 4496 Ἐν

403 4530 506 4609 γὰρ
561 4531 630 4605 τῇ
678 4528 827 4607 ἀρχῇ
906 4532 998 4583 τοῦ
1078 4527 1443 4607 κηρύγμανος,

2141 3268 2314 3361 nobis
2348 3268 2616 3330 habitare
2663 3270 2821 3333 facit.
2874 3274 3246 3337 Manifestum
3279 3285 3476 3340 autem
3533 3282 3684 3361 quod
3737 3289 3797 3343 et

2140 3356 2423 3438 Spiritum
2457 3364 2751 3423 sanctum.

2220 3445 2400 3509 Vens.
2435 3446 2650 3510 37-39.
2686 3450 3019 3530 Respondit
3066 3462 3264 3517 autem
3297 3459 3349 3519 ei
3382 3459 3663 3532 Joannes,
3696 3459 3793 3522 di-

2140 3555 2283 3597 cens
2310 3557 2321 3597 :
2352 3539 2969 3617 Praeceptor,vldimus
2994 3545 3310 3623 quemdam
3336 3547 3397 3607 in
3429 3548 3672 3611 nomine
3695 3558 3795 3611 tuo

2141 3626 2363 3705 ejicere
2395 3626 2828 3699 daemoniamec
2860 3634 3129 3712 sequitur
3153 3648 3344 3717 nos,et
3379 3637 3797 3717 prohibuimus

2140 3715 2335 3790 illum,
2369 3725 2685 3796 propterea
2709 3720 2870 3798 quod
2904 3740 3019 3781 non
3048 3715 3318 3804 sequitur
3348 3715 3476 3788 nos.
3512 3730 3591 3791 At
3619 3725 3796 3790 Iesus

2141 3806 2257 3899 ait:
2294 3810 2385 3899 t\*e
2414 3806 2784 3899 prohibeatis
2829 3809 3239 3875 illum.Nullus
3270 3815 3430 3877 enim
3466 3826 3576 3893 est,
3616 3817 3715 3899 qui
3745 3818 3795 3878 si

2140 3894 2349 3956 fecerit
2376 3895 2648 3956 virtutem
2685 3916 2792 3977 per
2814 3918 3030 3962 nomen
3065 3894 3797 3986 meum,possitcito_male

2141 3985 2305 4066 loqui
2330 3986 2404 4047 de
2428 4004 2548 4047 me.
2582 3988 2724 4047 220
2750 3987 2859 4060 Qui
2896 3991 3055 4051 enim
3088 4012 3206 4055 non
3236 3985 3324 4056 est
3351 3996 3633 4059 adversus
3664 4017 3797 4073 nos,

2142 4093 2248 4155 pro
2284 4074 2455 4135 nobis
2488 4083 2601 4139 est.
2646 4101 2666 4131 ι
2708 4076 2834 4139 Non
2861 4080 3145 4161 zelotypia
3179 4085 3433 4164 quadam
3464 4087 3554 4148 Vcl
3579 4087 3801 4149 invidia

2144 4164 2357 4255 ductus
2395 4166 2635 4255 tonitrui
2677 4167 2828 4228 filius
2859 4170 3135 4247 prohibet
3166 4173 3325 4234 illum
3359 4176 3463 4255 qui
3505 4176 3802 4239 daemonia

2145 4253 2442 4333 ejicit,sed
2467 4255 2667 4316 volens
2681 4275 2889 4318 omnes
2902 4258 3004 4338 qui
3026 4259 3306 4324 invocant
3326 4253 3546 4327 nomen
3563 4264 3803 4327 Domini

2149 4344 2337 4405 nostri
2385 4346 2524 4407 Jesu
2556 4344 2795 4421 Christi,
2832 4347 3009 4409 etiam
3051 4352 3224 4431 sequi
3277 4354 3493 4433 ipsum,
3527 4363 3588 4417 et
3617 4374 3802 4417 unum

2150 4452 2284 4495 esse
2317 4451 2534 4514 corpus
2566 4452 2774 4495 omnes
2806 4436 3157 4517 discipulos.
3192 4442 3338 4502 Nam
3396 4443 3456 4502 in
3511 4444 3803 4525 principio

1544 4528 1686 4589 τινὶς
1769 4526 2049 4607 φιλοδοξίαι

2151 4524 2590 4615 praedicationis
2623 4524 2886 4615 quidam,
2922 4546 3082 4589 vanae
3127 4530 3328 4607 gloria;
3378 4533 3573 4595 studio
3623 4524 3802 4615 capti,

404 4618 559 4698 ἔρωτι
615 4616 987 4698 κρατούμενοι,
1049 4614 1237 4684 ἤθελον
1303 4619 1390 4674 καὶ
1463 4617 1610 4674 αὐτοὶ
1664 4630 1870 4693 σημεῖα
1914 4615 2049 4683 δῆθεπ

2153 4613 2465 4675 voluerunt
2496 4622 2552 4675 et
2574 4613 2691 4694 ipsi
2714 4615 2882 4693 signa
2912 4616 3131 4679 facere.
3160 4618 3449 4683 Videntes
3478 4632 3678 4684 autem
3697 4613 3805 4684 no-

402 4697 740 4788 ἐργάζεσθαι.
828 4697 1085 4785 Ὀρῶντες
1143 4703 1197 4761 δὲ
1269 4708 1332 4763 τὸ
1362 4707 1525 4783 ὄνομα
1557 4714 1651 4765 τοῦ
1686 4704 1865 4774 Ἰησοῦ
1894 4705 2069 4763 πολλὰ

390 4796 718 4873 δυνάμενον,
792 4794 1043 4874 ἐπέλεγον
1100 4796 1286 4876 τοῦτο,
1354 4796 1444 4854 καί
1490 4795 1556 4865 δὴ
1588 4810 1797 4869 σημεῖα
1832 4796 2063 4870 ἐποίουν,

408 4886 586 4954 ἄλλως
666 4884 868 4952 ἀνάξιοι
921 4882 1067 4950 ὄντες
1099 4886 1198 4951 τῆς
1243 4887 1383 4949 θείας
1424 4887 1648 4967 χάριτος
1684 4886 1835 4967 (69).
1872 4883 2068 4943 Ἦϐού-

410 4975 537 5035 λιτο
617 4977 717 5055 γὰρ
772 4977 800 5032 0
859 4974 1046 5053 Κύριος
1105 4972 1460 5032 πλατύνεσθαι
1517 4978 1578 5032 τὸ
1650 4978 1921 5057 κήρυγμα,
1983 4976 2071 5031 καὶ

409 5064 494 5122 διὰ
553 5074 659 5122 τῶν
716 5064 962 5130 ἀναξίων.
1008 5063 1058 5122 Γί
1100 5064 1189 5121 οἶν
1235 5066 1262 5120 0
1290 5065 1482 5145 Σωτὴρ
1519 5085 1535 5142 ;
1569 5069 1642 5125 Οὔ
1679 5066 1960 5161 συγχωριεῖ
1992 5072 2070 5140 τῷ

2152 4704 2451 4765 menJesu
2478 4704 2728 4763 multum
2754 4704 2973 4780 valere,
3008 4725 3189 4787 super
3210 4708 3475 4771 inﬁrmos
3501 4712 3612 4772 hoc
3634 4711 3804 4773 dice-

2152 4792 2315 4871 bant,
2348 4792 2630 4872 signaque
2659 4792 2973 4869 faciebant,
3010 4796 3229 4877 alioqui
3266 4799 3452 4878 gratia
3481 4798 3680 4861 divina
3710 4801 3806 4861 in-

2154 4882 2642 4961 digni.Volebant
2672 4882 2832 4943 enim
2865 4884 3135 4947 Christus
3165 4888 3401 4949 dilatari
3435 4890 3810 4969 prtedicatio-

2155 4991 2292 5034 nem
2326 4972 2501 5034 etiam
2530 4990 2634 5051 per
2656 4972 2956 5052 indignos.
2978 4974 3129 5047 Quid
3154 4978 3331 5056 igitur
3353 4976 3644 5044 Salvator?
3676 4982 3809 5043 Non

2154 5061 2751 5144 permittitJoannem
2787 5065 3109 5142 prohibere
3139 5071 3304 5146 signa
3349 5068 3689 5133 facientem.
3724 5068 3806 5133 O-

406 5155 637 5231 Ἰωάννῃ
663 5152 884 5212 κωλύειν
904 5155 996 5209 τὸν
1025 5154 1091 5211 τὰ
1123 5166 1329 5229 σημεῖα
1359 5177 1632 5228 ποιουντα,
1679 5154 1824 5233 ἀλλ’,
1861 5156 1875 5178 ’
1898 5151 2049 5234 Ἀφετε

2156 5151 2391 5224 mittite,
2426 5151 2616 5231 inquit
2648 5152 2844 5213 nullus
2875 5154 3032 5214 enim
3068 5156 3169 5236 qui
3200 5157 3409 5219 fecerit
3436 5158 3714 5221 virtutem
3747 5158 3811 5221 in

1498 5285 1580 5350 Ex
1612 5285 1931 5350 collatione
1962 5287 2140 5353 codd.
2176 5286 2390 5349 Venet.
2425 5288 2481 5347 S.
2523 5286 2732 5348 Marci.

493 5419 621 5512 (.69)
649 5417 797 5512 09‘?-
841 5416 967 5512 Qﬁ.‘
1000 5417 1239 5512 "mw?
1290 5420 1395 5512 ,ἷῆς
1478 5423 1617 5512 θείας
1649 5424 1871 5512 xilem;
1916 5422 2049 5512 civica

2162 5422 2465 5512 ¢_Alioqui
2496 5422 2682 5500 gratia
2708 5422 2910 5512 divina
2934 5424 3198 5512 indigni;
3237 5449 3306 5492 eo
3338 5432 3493 5512 quod
3533 5452 3651 5496 non
3683 5455 3817 5501 sese

407 5497 637 5569 ἆνᾶξιοίο
695 5499 776 5557 διὸ
835 5497 952 5588 οὔδε
1008 5500 1428 5567 συνηκολούθουν
1484 5497 1908 5588 a01016'8i01ﬁv
1975 5510 2049 5585 ἐγ.

2153 5505 2224 5566 ad
2229 5497 2520 5588 jugebant
2532 5503 2815 5588 apostolis
2837 5497 3091 5585 propter:
3103 5497 3374 5588 ipsorum
3394 5497 3814 5581 abstinentiam

408 5586 657 5665 κράτιιαν
715 5581 804 5637 καὶ
862 5577 1283 5660 σκληραγωγίαν
1365 5589 1473 5641 τῶν
1520 5662 1537 5673 “
1568 5584 1904 5661 ἀποστόλων,
1983 5577 2049 5644 κα

2157 5577 2340 5673 atque
2396 5582 2456 5643 in
2509 5577 2777 5673 vivendo
2813 5577 3260 5673 austeritatem:
3297 5602 3355 5652 et
3384 5594 3485 5673 qui
3542 5577 3819 5661 volebant

413 5660 498 5722 διὰ
550 5666 613 5720 τὸ
676 5661 846 5752 θέλειν
903 5660 1112 5751 αὐτοὺς.
1169 5663 1412 5752 οἰκείοις-
1461 5662 1757 5752 θελημασιν
1826 5660 2046 5752 ἄγεσθαι

2153 5660 2324 5752 λυᾷιο
2355 5663 2655 5752 propriam
2688 5665 3049 5752 voluntatem
3083 5688 3150 5733 ac
3174 5660 3420 5736 liberius
3434 5660 3821 5752 vivere.0tu'd

412 5748 502 5805 καὶ
558 5741 982 5822 ἀδιαφορώτιρον
1052 5740 1174 5813 ζῆν.
1233 5744 1294 5801 Τί
1353 5743 1442 5802 οὖν
1474 5747 1502 5801 0
1545 5748 1737 5827 Σωτήρ
1777 5764 1801 5825 ;
1848 5740 1903 5811 κ’.
1934 5769 1987 5811 τ.
2017 5747 2049 5804 λ

2154 5740 2371 5829 igitur
2388 5740 2678 5807 Sdlvator
2694 5743 2726 5804 ἵ
2754 5751 2872 5811 etc.
