  <div class='ocr_page' id='page_1' title='image "/cluster/home/n/w/nwhite01/storage/ocr_20150623/123:no.1/coo.31924054870286/303.png"; bbox 0 0 4232 6410; ppageno 0'>
   <div class='ocr_carea' id='block_1_1' title="bbox 483 337 3870 410">
    <p class='ocr_par' dir='ltr' id='par_1_1' title="bbox 483 337 3870 410">
     <span class='ocr_line' id='line_1_1' title="bbox 483 337 3870 410; baseline 0.001 -5"><span class='ocrx_word' id='word_1_1' title='bbox 483 338 593 405; x_wconf 75' lang='grc'><strong>391</strong></span> <span class='ocrx_word' id='word_1_2' title='bbox 1445 340 2033 409; x_wconf 86' lang='lat' dir='ltr'><strong>THEOPHYLACTI</strong></span> <span class='ocrx_word' id='word_1_3' title='bbox 2076 342 2490 408; x_wconf 72' lang='lat' dir='ltr'><strong>BULGARLE</strong></span> <span class='ocrx_word' id='word_1_4' title='bbox 2533 344 2891 410; x_wconf 78' lang='lat' dir='ltr'><strong>AHCHIEP.</strong></span> <span class='ocrx_word' id='word_1_5' title='bbox 3751 337 3870 408; x_wconf 58' lang='grc' dir='ltr'><strong>ὅθί</strong></span> 
     </span>
    </p>
   </div>
   <div class='ocr_carea' id='block_1_2' title="bbox 484 476 2103 562">
    <p class='ocr_par' dir='ltr' id='par_1_2' title="bbox 484 477 2103 562">
     <span class='ocr_line' id='line_1_2' title="bbox 484 477 2103 562; baseline -0.001 -23"><span class='ocrx_word' id='word_1_6' title='bbox 484 478 728 540; x_wconf 87' lang='lat' dir='ltr'><strong>nomine</strong></span> <span class='ocrx_word' id='word_1_7' title='bbox 760 478 1115 551; x_wconf 88' lang='lat' dir='ltr'><strong>meo,statim</strong></span> <span class='ocrx_word' id='word_1_8' title='bbox 1140 477 1359 557; x_wconf 91' lang='lat' dir='ltr'><strong>poterit</strong></span> <span class='ocrx_word' id='word_1_9' title='bbox 1380 478 1456 539; x_wconf 93' lang='lat' dir='ltr'><strong>de</strong></span> <span class='ocrx_word' id='word_1_10' title='bbox 1488 498 1583 542; x_wconf 92' lang='lat' dir='ltr'><strong>me</strong></span> <span class='ocrx_word' id='word_1_11' title='bbox 1616 480 1768 542; x_wconf 89' lang='lat' dir='ltr'><strong>male</strong></span> <span class='ocrx_word' id='word_1_12' title='bbox 1799 479 2103 562; x_wconf 80' lang='lat' dir='ltr'><strong>loqui.Nar</strong></span> 
     </span>
    </p>
   </div>
   <div class='ocr_carea' id='block_1_3' title="bbox 2191 476 3872 562">
    <p class='ocr_par' dir='ltr' id='par_1_3' title="bbox 2191 476 3872 560">
     <span class='ocr_line' id='line_1_3' title="bbox 2191 476 3872 560; baseline -0.002 -23"><span class='ocrx_word' id='word_1_13' title='bbox 2191 478 2347 558; x_wconf 80' lang='grc' dir='ltr'>ιγὰρ,</span> <span class='ocrx_word' id='word_1_14' title='bbox 2411 480 2596 559; x_wconf 69' lang='grc' dir='ltr'>φησὶν,</span> <span class='ocrx_word' id='word_1_15' title='bbox 2670 477 2836 543; x_wconf 76' lang='grc' dir='ltr'>οὒδεὶς</span> <span class='ocrx_word' id='word_1_16' title='bbox 2891 479 2991 560; x_wconf 85' lang='grc' dir='ltr'><strong>γὰρ</strong></span> <span class='ocrx_word' id='word_1_17' title='bbox 3020 478 3296 547; x_wconf 79' lang='grc' dir='ltr'>δυνὴσεται</span> <span class='ocrx_word' id='word_1_18' title='bbox 3326 479 3469 558; x_wconf 79' lang='grc' dir='ltr'>ταχὺ</span> <span class='ocrx_word' id='word_1_19' title='bbox 3509 476 3872 556; x_wconf 70' lang='grc' dir='ltr'><strong>κακολογῆσαί</strong></span> 
     </span>
    </p>
   </div>
   <div class='ocr_carea' id='block_1_4' title="bbox 483 566 2103 651">
    <p class='ocr_par' dir='ltr' id='par_1_4' title="bbox 483 567 2103 651">
     <span class='ocr_line' id='line_1_4' title="bbox 483 567 2103 651; baseline -0.001 -21"><span class='ocrx_word' id='word_1_20' title='bbox 483 588 599 649; x_wconf 92' lang='lat' dir='ltr'><strong>quo</strong></span> <span class='ocrx_word' id='word_1_21' title='bbox 660 574 828 648; x_wconf 87' lang='lat' dir='ltr'><strong>pacto</strong></span> <span class='ocrx_word' id='word_1_22' title='bbox 882 567 1034 629; x_wconf 88' lang='lat' dir='ltr'><strong>male</strong></span> <span class='ocrx_word' id='word_1_23' title='bbox 1093 567 1440 648; x_wconf 82' lang='lat' dir='ltr'><strong>loqueretur</strong></span> <span class='ocrx_word' id='word_1_24' title='bbox 1486 569 1561 630; x_wconf 91' lang='lat' dir='ltr'><strong>de</strong></span> <span class='ocrx_word' id='word_1_25' title='bbox 1620 588 1738 651; x_wconf 88' lang='lat' dir='ltr'><strong>me,</strong></span> <span class='ocrx_word' id='word_1_26' title='bbox 1772 570 1871 651; x_wconf 87' lang='lat' dir='ltr'><strong>qui</strong></span> <span class='ocrx_word' id='word_1_27' title='bbox 1913 588 2103 631; x_wconf 81' lang='lat' dir='ltr'><strong>nomei</strong></span> 
     </span>
    </p>
   </div>
   <div class='ocr_carea' id='block_1_5' title="bbox 2191 566 3874 651">
    <p class='ocr_par' dir='ltr' id='par_1_5' title="bbox 2214 566 3874 648">
     <span class='ocr_line' id='line_1_5' title="bbox 2214 566 3874 648; baseline 0.002 -26"><span class='ocrx_word' id='word_1_28' title='bbox 2214 589 2305 647; x_wconf 83' lang='grc' dir='ltr'><strong>με,</strong></span> <span class='ocrx_word' id='word_1_29' title='bbox 2378 566 2436 632; x_wconf 79' lang='grc' dir='ltr'><strong>ὅς</strong></span> <span class='ocrx_word' id='word_1_30' title='bbox 2467 569 2682 636; x_wconf 73' lang='grc' dir='ltr'>ποιήσει</span> <span class='ocrx_word' id='word_1_31' title='bbox 2713 567 2933 645; x_wconf 85' lang='grc' dir='ltr'>δύναμιν</span> <span class='ocrx_word' id='word_1_32' title='bbox 2978 568 3063 625; x_wconf 80' lang='grc' dir='ltr'>ἐπὶ</span> <span class='ocrx_word' id='word_1_33' title='bbox 3090 575 3169 644; x_wconf 82' lang='grc' dir='ltr'>τῷ</span> <span class='ocrx_word' id='word_1_34' title='bbox 3196 568 3417 645; x_wconf 80' lang='grc' dir='ltr'>ὀνόματί</span> <span class='ocrx_word' id='word_1_35' title='bbox 3443 590 3569 644; x_wconf 82' lang='grc' dir='ltr'>μου,</span> <span class='ocrx_word' id='word_1_36' title='bbox 3627 573 3745 631; x_wconf 86' lang='grc' dir='ltr'><strong>[Ιῶς</strong></span> <span class='ocrx_word' id='word_1_37' title='bbox 3775 569 3874 648; x_wconf 79' lang='grc' dir='ltr'>γὰρ</span> 
     </span>
    </p>
   </div>
   <div class='ocr_carea' id='block_1_6' title="bbox 483 654 2103 739">
    <p class='ocr_par' dir='ltr' id='par_1_6' title="bbox 483 656 2103 739">
     <span class='ocr_line' id='line_1_6' title="bbox 483 656 2103 739; baseline -0.001 -19"><span class='ocrx_word' id='word_1_38' title='bbox 483 678 680 720; x_wconf 92' lang='lat' dir='ltr'><strong>meum</strong></span> <span class='ocrx_word' id='word_1_39' title='bbox 708 658 768 718; x_wconf 90' lang='lat' dir='ltr'><strong>in</strong></span> <span class='ocrx_word' id='word_1_40' title='bbox 801 656 1175 718; x_wconf 88' lang='lat' dir='ltr'><strong>occasionem</strong></span> <span class='ocrx_word' id='word_1_41' title='bbox 1204 656 1407 735; x_wconf 85' lang='lat' dir='ltr'><strong>gloriae</strong></span> <span class='ocrx_word' id='word_1_42' title='bbox 1439 660 1726 739; x_wconf 75' lang='lat' dir='ltr'><strong>praetexit,</strong></span> <span class='ocrx_word' id='word_1_43' title='bbox 1756 669 1813 721; x_wconf 94' lang='lat' dir='ltr'><strong>et</strong></span> <span class='ocrx_word' id='word_1_44' title='bbox 1844 659 2103 721; x_wconf 20' lang='lat' dir='ltr'><strong>invocant</strong></span> 
     </span>
    </p>
   </div>
   <div class='ocr_carea' id='block_1_7' title="bbox 2191 654 3871 739">
    <p class='ocr_par' dir='ltr' id='par_1_7' title="bbox 2213 654 3871 738">
     <span class='ocr_line' id='line_1_7' title="bbox 2213 654 3871 738; baseline 0.007 -27"><span class='ocrx_word' id='word_1_45' title='bbox 2213 654 2276 711; x_wconf 72' lang='grc' dir='ltr'><strong>ἄν</strong></span> <span class='ocrx_word' id='word_1_46' title='bbox 2339 656 2731 737; x_wconf 83' lang='grc' dir='ltr'>κακολογὴσειέ</span> <span class='ocrx_word' id='word_1_47' title='bbox 2817 681 2885 735; x_wconf 84' lang='grc' dir='ltr'><strong>με</strong></span> <span class='ocrx_word' id='word_1_48' title='bbox 2935 661 2963 715; x_wconf 87' lang='grc' dir='ltr'><strong>ὁ</strong></span> <span class='ocrx_word' id='word_1_49' title='bbox 2991 661 3052 715; x_wconf 90' lang='grc' dir='ltr'><strong>τὸ</strong></span> <span class='ocrx_word' id='word_1_50' title='bbox 3096 658 3266 734; x_wconf 78' lang='grc' dir='ltr'>ὄνομά</span> <span class='ocrx_word' id='word_1_51' title='bbox 3295 682 3400 735; x_wconf 87' lang='grc' dir='ltr'><strong>μου</strong></span> <span class='ocrx_word' id='word_1_52' title='bbox 3432 658 3677 738; x_wconf 71' lang='grc' dir='ltr'>ἀφορμήν</span> <span class='ocrx_word' id='word_1_53' title='bbox 3718 655 3871 725; x_wconf 77' lang='grc' dir='ltr'>δόξης</span> 
     </span>
    </p>
   </div>
   <div class='ocr_carea' id='block_1_8' title="bbox 480 744 2103 826">
    <p class='ocr_par' dir='ltr' id='par_1_8' title="bbox 480 745 2103 826">
     <span class='ocr_line' id='line_1_8' title="bbox 480 745 2103 826; baseline -0.001 -16"><span class='ocrx_word' id='word_1_54' title='bbox 480 751 557 811; x_wconf 87' lang='lat' dir='ltr'><strong>do</strong></span> <span class='ocrx_word' id='word_1_55' title='bbox 588 747 734 808; x_wconf 92' lang='lat' dir='ltr'><strong>illud</strong></span> <span class='ocrx_word' id='word_1_56' title='bbox 767 754 1044 826; x_wconf 77' lang='lat' dir='ltr'><strong>operatur</strong></span> <span class='ocrx_word' id='word_1_57' title='bbox 1070 745 1214 807; x_wconf 87' lang='lat' dir='ltr'><strong>mira</strong></span> <span class='ocrx_word' id='word_1_58' title='bbox 1240 745 1264 805; x_wconf 67' lang='grc' dir='ltr'><strong>Υ</strong></span> <span class='ocrx_word' id='word_1_59' title='bbox 1292 746 1541 809; x_wconf 77' lang='lat' dir='ltr'><strong>Videtur</strong></span> <span class='ocrx_word' id='word_1_60' title='bbox 1584 757 1780 810; x_wconf 89' lang='lat' dir='ltr'><strong>autem</strong></span> <span class='ocrx_word' id='word_1_61' title='bbox 1840 748 2103 811; x_wconf 91' lang='lat' dir='ltr'><strong>Dominu</strong></span> 
     </span>
    </p>
   </div>
   <div class='ocr_carea' id='block_1_9' title="bbox 2191 744 3871 826">
    <p class='ocr_par' dir='ltr' id='par_1_9' title="bbox 2213 744 3871 826">
     <span class='ocr_line' id='line_1_9' title="bbox 2213 744 3871 826; baseline 0.003 -25"><span class='ocrx_word' id='word_1_62' title='bbox 2213 744 2383 826; x_wconf 81' lang='grc' dir='ltr'>ἔχων,</span> <span class='ocrx_word' id='word_1_63' title='bbox 2445 748 2533 804; x_wconf 85' lang='grc' dir='ltr'><strong>καὶ</strong></span> <span class='ocrx_word' id='word_1_64' title='bbox 2590 746 2675 804; x_wconf 81' lang='grc' dir='ltr'><strong>διὰ</strong></span> <span class='ocrx_word' id='word_1_65' title='bbox 2733 758 2827 808; x_wconf 92' lang='grc' dir='ltr'><strong>τοῦ</strong></span> <span class='ocrx_word' id='word_1_66' title='bbox 2910 746 3281 806; x_wconf 68' lang='grc' dir='ltr'>ἐπικαλεῖσθαι</span> <span class='ocrx_word' id='word_1_67' title='bbox 3366 755 3524 806; x_wconf 89' lang='grc' dir='ltr'>τοῦτο</span> <span class='ocrx_word' id='word_1_68' title='bbox 3633 752 3871 822; x_wconf 85' lang='grc' dir='ltr'>θαυματ-</span> 
     </span>
    </p>
   </div>
   <div class='ocr_carea' id='block_1_10' title="bbox 477 834 2103 918">
    <p class='ocr_par' dir='ltr' id='par_1_10' title="bbox 477 834 2103 911">
     <span class='ocr_line' id='line_1_10' title="bbox 477 834 2103 911; baseline 0 -12"><span class='ocrx_word' id='word_1_69' title='bbox 477 837 590 899; x_wconf 79' lang='lat' dir='ltr'><strong>sibi</strong></span> <span class='ocrx_word' id='word_1_70' title='bbox 615 834 1293 898; x_wconf 89' lang='lat' dir='ltr'><strong>contradicere.Dixerat</strong></span> <span class='ocrx_word' id='word_1_71' title='bbox 1324 836 1482 898; x_wconf 89' lang='lat' dir='ltr'><strong>enim</strong></span> <span class='ocrx_word' id='word_1_72' title='bbox 1506 838 1648 899; x_wconf 86' lang='lat' dir='ltr'><strong>alibi</strong></span> <span class='ocrx_word' id='word_1_73' title='bbox 1680 857 1694 902; x_wconf 76' lang='grc' dir='ltr'>ε</span> <span class='ocrx_word' id='word_1_74' title='bbox 1732 838 1870 911; x_wconf 68' lang='lat' dir='ltr'><strong>«Qui</strong></span> <span class='ocrx_word' id='word_1_75' title='bbox 1896 858 2013 900; x_wconf 92' lang='lat' dir='ltr'><strong>non</strong></span> <span class='ocrx_word' id='word_1_76' title='bbox 2041 856 2103 900; x_wconf 91' lang='lat' dir='ltr'><strong>es</strong></span> 
     </span>
    </p>
   </div>
   <div class='ocr_carea' id='block_1_11' title="bbox 2191 834 3866 918">
    <p class='ocr_par' dir='ltr' id='par_1_11' title="bbox 2211 837 3866 918">
     <span class='ocr_line' id='line_1_11' title="bbox 2211 837 3866 918; baseline -0.001 -25"><span class='ocrx_word' id='word_1_77' title='bbox 2211 844 2413 916; x_wconf 78' lang='grc' dir='ltr'>ουργῶν</span> <span class='ocrx_word' id='word_1_78' title='bbox 2475 837 2641 918; x_wconf 83' lang='grc'><strong>(70);</strong></span> <span class='ocrx_word' id='word_1_79' title='bbox 2710 847 2872 896; x_wconf 81' lang='grc' dir='ltr'>Δοκεῖ</span> <span class='ocrx_word' id='word_1_80' title='bbox 2928 837 2981 895; x_wconf 74' lang='grc' dir='ltr'>δὲ</span> <span class='ocrx_word' id='word_1_81' title='bbox 3041 838 3249 895; x_wconf 80' lang='grc' dir='ltr'>ἐναντία</span> <span class='ocrx_word' id='word_1_82' title='bbox 3324 837 3500 916; x_wconf 78' lang='grc' dir='ltr'>λέγειν</span> <span class='ocrx_word' id='word_1_83' title='bbox 3586 839 3615 893; x_wconf 82' lang='grc' dir='ltr'>ὁ</span> <span class='ocrx_word' id='word_1_84' title='bbox 3683 837 3866 915; x_wconf 84' lang='grc' dir='ltr'>Κύριος</span> 
     </span>
    </p>
   </div>
   <div class='ocr_carea' id='block_1_12' title="bbox 476 919 2103 1009">
    <p class='ocr_par' dir='ltr' id='par_1_12' title="bbox 476 927 2101 1001">
     <span class='ocr_line' id='line_1_12' title="bbox 476 927 2101 1001; baseline 0.001 -14"><span class='ocrx_word' id='word_1_85' title='bbox 476 946 713 989; x_wconf 90' lang='lat' dir='ltr'><strong>mecum</strong></span> <span class='ocrx_word' id='word_1_86' title='bbox 736 934 942 988; x_wconf 89' lang='lat' dir='ltr'><strong>contra</strong></span> <span class='ocrx_word' id='word_1_87' title='bbox 972 945 1066 987; x_wconf 92' lang='lat' dir='ltr'><strong>me</strong></span> <span class='ocrx_word' id='word_1_88' title='bbox 1091 934 1220 989; x_wconf 89' lang='lat' dir='ltr'><strong>est:</strong></span> <span class='ocrx_word' id='word_1_89' title='bbox 1260 944 1451 989; x_wconf 65' lang='lat' dir='ltr'><strong>inunc</strong></span> <span class='ocrx_word' id='word_1_90' title='bbox 1481 927 1644 990; x_wconf 89' lang='lat' dir='ltr'><strong>dicit:</strong></span> <span class='ocrx_word' id='word_1_91' title='bbox 1689 928 1829 1001; x_wconf 71' lang='lat' dir='ltr'><strong>«Qui</strong></span> <span class='ocrx_word' id='word_1_92' title='bbox 1853 948 1970 989; x_wconf 93' lang='lat' dir='ltr'><strong>non</strong></span> <span class='ocrx_word' id='word_1_93' title='bbox 1989 947 2101 989; x_wconf 92' lang='lat' dir='ltr'><strong>con</strong></span> 
     </span>
    </p>
   </div>
   <div class='ocr_carea' id='block_1_13' title="bbox 2191 919 3861 1009">
    <p class='ocr_par' dir='ltr' id='par_1_13' title="bbox 2209 919 3861 1009">
     <span class='ocr_line' id='line_1_13' title="bbox 2209 919 3861 1009; baseline 0.002 -26"><span class='ocrx_word' id='word_1_94' title='bbox 2209 927 2402 1002; x_wconf 75' lang='grc' dir='ltr'>ἑαυτῷ,</span> <span class='ocrx_word' id='word_1_95' title='bbox 2473 924 2750 1009; x_wconf 83' lang='grc' dir='ltr'>Ἀλλαχοῦ</span> <span class='ocrx_word' id='word_1_96' title='bbox 2806 929 2905 1008; x_wconf 78' lang='grc' dir='ltr'>γὰρ</span> <span class='ocrx_word' id='word_1_97' title='bbox 2936 929 3121 1004; x_wconf 82' lang='grc' dir='ltr'>εἰπὼν,</span> <span class='ocrx_word' id='word_1_98' title='bbox 3163 953 3188 983; x_wconf 83' lang='grc' dir='ltr'><strong>ιι</strong></span> <span class='ocrx_word' id='word_1_99' title='bbox 3227 919 3285 986; x_wconf 68' lang='grc' dir='ltr'>Ὀ</span> <span class='ocrx_word' id='word_1_100' title='bbox 3318 930 3396 1003; x_wconf 74' lang='grc' dir='ltr'>μὴ</span> <span class='ocrx_word' id='word_1_101' title='bbox 3427 928 3501 984; x_wconf 77' lang='grc' dir='ltr'>ὧν</span> <span class='ocrx_word' id='word_1_102' title='bbox 3534 925 3677 1002; x_wconf 84' lang='grc' dir='ltr'>-μετ’</span> <span class='ocrx_word' id='word_1_103' title='bbox 3709 927 3861 1003; x_wconf 74' lang='grc' dir='ltr'>ἐμοῦ,</span> 
     </span>
    </p>
   </div>
   <div class='ocr_carea' id='block_1_14' title="bbox 475 1014 2103 1098">
    <p class='ocr_par' dir='ltr' id='par_1_14' title="bbox 475 1014 2103 1098">
     <span class='ocr_line' id='line_1_14' title="bbox 475 1014 2103 1098; baseline 0.002 -23"><span class='ocrx_word' id='word_1_104' title='bbox 475 1025 564 1078; x_wconf 88' lang='lat' dir='ltr'><strong>tra</strong></span> <span class='ocrx_word' id='word_1_105' title='bbox 584 1034 832 1097; x_wconf 86' lang='lat' dir='ltr'><strong>nos,pro</strong></span> <span class='ocrx_word' id='word_1_106' title='bbox 852 1014 1024 1077; x_wconf 91' lang='lat' dir='ltr'><strong>nobis</strong></span> <span class='ocrx_word' id='word_1_107' title='bbox 1047 1014 1505 1079; x_wconf 76' lang='lat' dir='ltr'><strong>est.»Videntur</strong></span> <span class='ocrx_word' id='word_1_108' title='bbox 1518 1017 1762 1098; x_wconf 91' lang='lat' dir='ltr'><strong>quidem</strong></span> <span class='ocrx_word' id='word_1_109' title='bbox 1789 1019 1914 1079; x_wconf 67' lang='lat' dir='ltr'><strong>haec</strong></span> <span class='ocrx_word' id='word_1_110' title='bbox 1934 1017 2103 1079; x_wconf 87' lang='lat' dir='ltr'><strong>diver</strong></span> 
     </span>
    </p>
   </div>
   <div class='ocr_carea' id='block_1_15' title="bbox 2191 1014 3861 1098">
    <p class='ocr_par' dir='ltr' id='par_1_15' title="bbox 2207 1015 3861 1097">
     <span class='ocr_line' id='line_1_15' title="bbox 2207 1015 3861 1097; baseline 0 -25"><span class='ocrx_word' id='word_1_111' title='bbox 2207 1016 2327 1072; x_wconf 89' lang='grc' dir='ltr'>κατ’</span> <span class='ocrx_word' id='word_1_112' title='bbox 2351 1016 2482 1093; x_wconf 76' lang='grc' dir='ltr'>ἰμοῦ</span> <span class='ocrx_word' id='word_1_113' title='bbox 2510 1016 2643 1091; x_wconf 74' lang='grc' dir='ltr'>ἐστι,</span> <span class='ocrx_word' id='word_1_114' title='bbox 2679 1040 2706 1073; x_wconf 71' lang='grc' dir='ltr'><strong>ι</strong></span> <span class='ocrx_word' id='word_1_115' title='bbox 2743 1024 2831 1074; x_wconf 92' lang='grc' dir='ltr'><strong>νῦν</strong></span> <span class='ocrx_word' id='word_1_116' title='bbox 2862 1017 3031 1097; x_wconf 90' lang='grc' dir='ltr'>λέγει,</span> <span class='ocrx_word' id='word_1_117' title='bbox 3067 1042 3095 1073; x_wconf 72' lang='grc' dir='ltr'><strong>ε</strong></span> <span class='ocrx_word' id='word_1_118' title='bbox 3124 1016 3235 1083; x_wconf 85' lang='grc' dir='ltr'>”Ος</span> <span class='ocrx_word' id='word_1_119' title='bbox 3258 1017 3352 1074; x_wconf 73' lang='grc' dir='ltr'>οὒκ</span> <span class='ocrx_word' id='word_1_120' title='bbox 3376 1016 3485 1072; x_wconf 79' lang='grc' dir='ltr'>ἔστι</span> <span class='ocrx_word' id='word_1_121' title='bbox 3534 1015 3651 1073; x_wconf 84' lang='grc' dir='ltr'>καθ’</span> <span class='ocrx_word' id='word_1_122' title='bbox 3680 1019 3861 1097; x_wconf 74' lang='grc' dir='ltr'>ἡμῶν,</span> 
     </span>
    </p>
   </div>
   <div class='ocr_carea' id='block_1_16' title="bbox 472 1103 2103 1189">
    <p class='ocr_par' dir='ltr' id='par_1_16' title="bbox 472 1103 2099 1189">
     <span class='ocr_line' id='line_1_16' title="bbox 472 1103 2099 1189; baseline -0.001 -19"><span class='ocrx_word' id='word_1_123' title='bbox 472 1126 559 1189; x_wconf 89' lang='lat' dir='ltr'><strong>sa,</strong></span> <span class='ocrx_word' id='word_1_124' title='bbox 590 1126 707 1169; x_wconf 93' lang='lat' dir='ltr'><strong>non</strong></span> <span class='ocrx_word' id='word_1_125' title='bbox 740 1115 877 1168; x_wconf 89' lang='lat' dir='ltr'><strong>sunt</strong></span> <span class='ocrx_word' id='word_1_126' title='bbox 910 1112 1130 1169; x_wconf 91' lang='lat' dir='ltr'><strong>autem.</strong></span> <span class='ocrx_word' id='word_1_127' title='bbox 1163 1103 1309 1166; x_wconf 80' lang='lat' dir='ltr'><strong>Nam</strong></span> <span class='ocrx_word' id='word_1_128' title='bbox 1338 1125 1471 1167; x_wconf 90' lang='lat' dir='ltr'><strong>cum</strong></span> <span class='ocrx_word' id='word_1_129' title='bbox 1499 1107 1667 1182; x_wconf 84' lang='lat' dir='ltr'><strong>dicit,</strong></span> <span class='ocrx_word' id='word_1_130' title='bbox 1699 1133 1721 1163; x_wconf 83' lang='lat'><strong>«</strong></span> <span class='ocrx_word' id='word_1_131' title='bbox 1761 1106 1872 1179; x_wconf 90' lang='lat' dir='ltr'><strong>Qui</strong></span> <span class='ocrx_word' id='word_1_132' title='bbox 1897 1127 2014 1168; x_wconf 92' lang='lat' dir='ltr'><strong>non</strong></span> <span class='ocrx_word' id='word_1_133' title='bbox 2034 1126 2099 1169; x_wconf 88' lang='lat' dir='ltr'><strong>es</strong></span> 
     </span>
    </p>
   </div>
   <div class='ocr_carea' id='block_1_17' title="bbox 2191 1103 3863 1189">
    <p class='ocr_par' dir='ltr' id='par_1_17' title="bbox 2204 1106 3863 1185">
     <span class='ocr_line' id='line_1_17' title="bbox 2204 1106 3863 1185; baseline 0.001 -24"><span class='ocrx_word' id='word_1_134' title='bbox 2204 1106 2334 1185; x_wconf 77' lang='grc' dir='ltr'>ὑπὲρ</span> <span class='ocrx_word' id='word_1_135' title='bbox 2418 1110 2573 1182; x_wconf 78' lang='grc' dir='ltr'>ἡμῶν</span> <span class='ocrx_word' id='word_1_136' title='bbox 2632 1106 2765 1170; x_wconf 71' lang='grc' dir='ltr'>ἔστι,</span> <span class='ocrx_word' id='word_1_137' title='bbox 2824 1126 2854 1166; x_wconf 83' lang='lat'><strong>)</strong></span> <span class='ocrx_word' id='word_1_138' title='bbox 2885 1114 3140 1164; x_wconf 85' lang='grc' dir='ltr'>Δοκοῦσιν</span> <span class='ocrx_word' id='word_1_139' title='bbox 3194 1110 3285 1165; x_wconf 78' lang='grc' dir='ltr'>οὖν</span> <span class='ocrx_word' id='word_1_140' title='bbox 3312 1109 3477 1163; x_wconf 78' lang='grc' dir='ltr'>ταῦτα</span> <span class='ocrx_word' id='word_1_141' title='bbox 3506 1106 3734 1162; x_wconf 78' lang='grc' dir='ltr'>ἐναντία⁸</span> <span class='ocrx_word' id='word_1_142' title='bbox 3770 1107 3863 1162; x_wconf 73' lang='grc' dir='ltr'><strong>οὐκ</strong></span> 
     </span>
    </p>
   </div>
   <div class='ocr_carea' id='block_1_18' title="bbox 474 1192 2103 1279">
    <p class='ocr_par' dir='ltr' id='par_1_18' title="bbox 474 1195 2103 1279">
     <span class='ocr_line' id='line_1_18' title="bbox 474 1195 2103 1279; baseline 0.001 -22"><span class='ocrx_word' id='word_1_143' title='bbox 474 1216 736 1279; x_wconf 83' lang='lat' dir='ltr'><strong>mecum,</strong></span> <span class='ocrx_word' id='word_1_144' title='bbox 770 1203 976 1258; x_wconf 88' lang='lat' dir='ltr'><strong>contra</strong></span> <span class='ocrx_word' id='word_1_145' title='bbox 1007 1214 1103 1257; x_wconf 93' lang='lat' dir='ltr'><strong>me</strong></span> <span class='ocrx_word' id='word_1_146' title='bbox 1133 1204 1224 1257; x_wconf 89' lang='lat' dir='ltr'><strong>est</strong></span> <span class='ocrx_word' id='word_1_147' title='bbox 1251 1196 1336 1269; x_wconf 86' lang='lat'><strong>87,</strong></span> <span class='ocrx_word' id='word_1_148' title='bbox 1371 1199 1448 1258; x_wconf 93' lang='lat' dir='ltr'><strong>de</strong></span> <span class='ocrx_word' id='word_1_149' title='bbox 1478 1195 1847 1258; x_wconf 63' lang='lat' dir='ltr'><strong>daainonibus</strong></span> <span class='ocrx_word' id='word_1_150' title='bbox 1880 1206 1968 1259; x_wconf 93' lang='lat' dir='ltr'><strong>est</strong></span> <span class='ocrx_word' id='word_1_151' title='bbox 1989 1197 2103 1259; x_wconf 87' lang='lat' dir='ltr'><strong>dic-</strong></span> 
     </span>
    </p>
   </div>
   <div class='ocr_carea' id='block_1_19' title="bbox 2191 1192 3863 1279">
    <p class='ocr_par' dir='ltr' id='par_1_19' title="bbox 2209 1192 3863 1276">
     <span class='ocr_line' id='line_1_19' title="bbox 2209 1192 3863 1276; baseline 0 -26"><span class='ocrx_word' id='word_1_152' title='bbox 2209 1196 2305 1252; x_wconf 79' lang='grc' dir='ltr'>εἰσὶ</span> <span class='ocrx_word' id='word_1_153' title='bbox 2347 1194 2424 1259; x_wconf 80' lang='grc' dir='ltr'>δὲ,</span> <span class='ocrx_word' id='word_1_154' title='bbox 2472 1197 2542 1255; x_wconf 84' lang='grc' dir='ltr'>Τὸ</span> <span class='ocrx_word' id='word_1_155' title='bbox 2578 1199 2673 1273; x_wconf 73' lang='grc' dir='ltr'>μὶν</span> <span class='ocrx_word' id='word_1_156' title='bbox 2703 1198 2825 1275; x_wconf 81' lang='grc' dir='ltr'>γὰρ.</span> <span class='ocrx_word' id='word_1_157' title='bbox 2870 1219 2897 1253; x_wconf 74' lang='grc' dir='ltr'><strong>α</strong></span> <span class='ocrx_word' id='word_1_158' title='bbox 2930 1195 2990 1255; x_wconf 87' lang='grc' dir='ltr'>Ὀ</span> <span class='ocrx_word' id='word_1_159' title='bbox 3019 1198 3097 1273; x_wconf 78' lang='grc' dir='ltr'><strong>μῆ</strong></span> <span class='ocrx_word' id='word_1_160' title='bbox 3126 1197 3200 1255; x_wconf 80' lang='grc' dir='ltr'>ὤν</span> <span class='ocrx_word' id='word_1_161' title='bbox 3230 1196 3351 1273; x_wconf 81' lang='grc' dir='ltr'>μετ’</span> <span class='ocrx_word' id='word_1_162' title='bbox 3382 1196 3534 1276; x_wconf 70' lang='grc' dir='ltr'>δμοῦ,</span> <span class='ocrx_word' id='word_1_163' title='bbox 3581 1192 3700 1251; x_wconf 84' lang='grc' dir='ltr'>κατ’</span> <span class='ocrx_word' id='word_1_164' title='bbox 3733 1195 3863 1271; x_wconf 76' lang='grc' dir='ltr'>ἐμοῦ</span> 
     </span>
    </p>
   </div>
   <div class='ocr_carea' id='block_1_20' title="bbox 472 1285 2103 1369">
    <p class='ocr_par' dir='ltr' id='par_1_20' title="bbox 472 1285 2103 1368">
     <span class='ocr_line' id='line_1_20' title="bbox 472 1285 2103 1368; baseline -0.001 -18"><span class='ocrx_word' id='word_1_165' title='bbox 472 1296 624 1363; x_wconf 92' lang='lat' dir='ltr'><strong>tum,</strong></span> <span class='ocrx_word' id='word_1_166' title='bbox 660 1287 757 1368; x_wconf 85' lang='lat' dir='ltr'><strong>qui</strong></span> <span class='ocrx_word' id='word_1_167' title='bbox 787 1285 1026 1347; x_wconf 86' lang='lat' dir='ltr'><strong>student</strong></span> <span class='ocrx_word' id='word_1_168' title='bbox 1055 1304 1088 1347; x_wconf 91' lang='lat' dir='ltr'><strong>a</strong></span> <span class='ocrx_word' id='word_1_169' title='bbox 1120 1285 1336 1346; x_wconf 84' lang='lat' dir='ltr'><strong>divinis</strong></span> <span class='ocrx_word' id='word_1_170' title='bbox 1373 1286 1743 1362; x_wconf 87' lang='lat' dir='ltr'><strong>abstrahere,</strong></span> <span class='ocrx_word' id='word_1_171' title='bbox 1772 1295 1828 1347; x_wconf 91' lang='lat' dir='ltr'><strong>et</strong></span> <span class='ocrx_word' id='word_1_172' title='bbox 1858 1306 1988 1367; x_wconf 84' lang='lat' dir='ltr'><strong>quae</strong></span> <span class='ocrx_word' id='word_1_173' title='bbox 2018 1286 2103 1348; x_wconf 89' lang='lat' dir='ltr'><strong>De</strong></span> 
     </span>
    </p>
   </div>
   <div class='ocr_carea' id='block_1_21' title="bbox 2191 1285 3863 1369">
    <p class='ocr_par' dir='ltr' id='par_1_21' title="bbox 2208 1287 3863 1369">
     <span class='ocr_line' id='line_1_21' title="bbox 2208 1287 3863 1369; baseline -0.001 -25"><span class='ocrx_word' id='word_1_174' title='bbox 2208 1288 2349 1363; x_wconf 73' lang='grc' dir='ltr'>ἐστι,</span> <span class='ocrx_word' id='word_1_175' title='bbox 2406 1313 2429 1346; x_wconf 79' lang='lat' dir='ltr'><strong>o</strong></span> <span class='ocrx_word' id='word_1_176' title='bbox 2493 1291 2611 1369; x_wconf 86' lang='grc' dir='ltr'>περὶ</span> <span class='ocrx_word' id='word_1_177' title='bbox 2682 1288 2946 1365; x_wconf 82' lang='grc' dir='ltr'>δαιμόνων</span> <span class='ocrx_word' id='word_1_178' title='bbox 2973 1288 3212 1369; x_wconf 77' lang='grc' dir='ltr'>εἴρηται,</span> <span class='ocrx_word' id='word_1_179' title='bbox 3256 1296 3362 1346; x_wconf 84' lang='grc' dir='ltr'><strong>τῶν</strong></span> <span class='ocrx_word' id='word_1_180' title='bbox 3395 1289 3501 1345; x_wconf 90' lang='grc' dir='ltr'><strong>ἀπὸ</strong></span> <span class='ocrx_word' id='word_1_181' title='bbox 3533 1290 3665 1345; x_wconf 85' lang='grc' dir='ltr'>Θεοῦ</span> <span class='ocrx_word' id='word_1_182' title='bbox 3694 1287 3863 1368; x_wconf 74' lang='grc' dir='ltr'>ἀφέλ-</span> 
     </span>
    </p>
   </div>
   <div class='ocr_carea' id='block_1_22' title="bbox 470 1375 2103 1459">
    <p class='ocr_par' dir='ltr' id='par_1_22' title="bbox 470 1375 2100 1455">
     <span class='ocr_line' id='line_1_22' title="bbox 470 1375 2100 1455; baseline -0.001 -16"><span class='ocrx_word' id='word_1_183' title='bbox 470 1386 630 1453; x_wconf 82' lang='lat' dir='ltr'><strong>sunt,</strong></span> <span class='ocrx_word' id='word_1_184' title='bbox 664 1377 1036 1455; x_wconf 83' lang='lat' dir='ltr'><strong>dispergere.</strong></span> <span class='ocrx_word' id='word_1_185' title='bbox 1064 1375 1227 1447; x_wconf 82' lang='lat' dir='ltr'><strong>Quod</strong></span> <span class='ocrx_word' id='word_1_186' title='bbox 1249 1384 1447 1437; x_wconf 88' lang='lat' dir='ltr'><strong>autem</strong></span> <span class='ocrx_word' id='word_1_187' title='bbox 1471 1396 1651 1445; x_wconf 86' lang='lat' dir='ltr'><strong>nunc,</strong></span> <span class='ocrx_word' id='word_1_188' title='bbox 1680 1377 1901 1437; x_wconf 91' lang='lat' dir='ltr'><strong>dictum</strong></span> <span class='ocrx_word' id='word_1_189' title='bbox 1927 1377 2003 1437; x_wconf 90' lang='lat' dir='ltr'><strong>de</strong></span> <span class='ocrx_word' id='word_1_190' title='bbox 2025 1376 2100 1437; x_wconf 89' lang='lat' dir='ltr'><strong>ho</strong></span> 
     </span>
    </p>
   </div>
   <div class='ocr_carea' id='block_1_23' title="bbox 2191 1375 3863 1459">
    <p class='ocr_par' dir='ltr' id='par_1_23' title="bbox 2207 1377 3863 1459">
     <span class='ocr_line' id='line_1_23' title="bbox 2207 1377 3863 1459; baseline 0.002 -25"><span class='ocrx_word' id='word_1_191' title='bbox 2207 1399 2319 1435; x_wconf 89' lang='grc' dir='ltr'>κειν</span> <span class='ocrx_word' id='word_1_192' title='bbox 2376 1377 2776 1451; x_wconf 77' lang='grc' dir='ltr'><strong>σπουδαζόντων</strong></span> <span class='ocrx_word' id='word_1_193' title='bbox 2830 1382 2918 1437; x_wconf 86' lang='grc' dir='ltr'>καὶ</span> <span class='ocrx_word' id='word_1_194' title='bbox 2974 1380 3362 1459; x_wconf 81' lang='grc' dir='ltr'>σκορπιζόντων</span> <span class='ocrx_word' id='word_1_195' title='bbox 3417 1378 3486 1447; x_wconf 61' lang='grc' dir='ltr'>τὰ</span> <span class='ocrx_word' id='word_1_196' title='bbox 3542 1385 3635 1435; x_wconf 92' lang='grc' dir='ltr'><strong>τοῦ</strong></span> <span class='ocrx_word' id='word_1_197' title='bbox 3704 1386 3863 1441; x_wconf 80' lang='grc' dir='ltr'>Θεοῦ.</span> 
     </span>
    </p>
   </div>
   <div class='ocr_carea' id='block_1_24' title="bbox 471 1464 2103 1549">
    <p class='ocr_par' dir='ltr' id='par_1_24' title="bbox 471 1464 2103 1547">
     <span class='ocr_line' id='line_1_24' title="bbox 471 1464 2103 1547; baseline -0.002 -18"><span class='ocrx_word' id='word_1_198' title='bbox 471 1467 755 1541; x_wconf 89' lang='lat' dir='ltr'><strong>minibus,</strong></span> <span class='ocrx_word' id='word_1_199' title='bbox 788 1466 890 1547; x_wconf 91' lang='lat' dir='ltr'><strong>qui</strong></span> <span class='ocrx_word' id='word_1_200' title='bbox 915 1465 987 1527; x_wconf 90' lang='lat' dir='ltr'><strong>ad</strong></span> <span class='ocrx_word' id='word_1_201' title='bbox 1012 1464 1198 1527; x_wconf 92' lang='lat' dir='ltr'><strong>Deum</strong></span> <span class='ocrx_word' id='word_1_202' title='bbox 1230 1466 1515 1546; x_wconf 90' lang='lat' dir='ltr'><strong>quosdam</strong></span> <span class='ocrx_word' id='word_1_203' title='bbox 1546 1467 1847 1527; x_wconf 83' lang='lat' dir='ltr'><strong>adducunt</strong></span> <span class='ocrx_word' id='word_1_204' title='bbox 1876 1485 1982 1547; x_wconf 92' lang='lat' dir='ltr'><strong>per</strong></span> <span class='ocrx_word' id='word_1_205' title='bbox 2003 1466 2103 1527; x_wconf 92' lang='lat' dir='ltr'><strong>mi-</strong></span> 
     </span>
    </p>
   </div>
   <div class='ocr_carea' id='block_1_25' title="bbox 2191 1464 3864 1549">
    <p class='ocr_par' dir='ltr' id='par_1_25' title="bbox 2210 1464 3864 1549">
     <span class='ocr_line' id='line_1_25' title="bbox 2210 1464 3864 1549; baseline -0.001 -25"><span class='ocrx_word' id='word_1_206' title='bbox 2210 1468 2280 1524; x_wconf 89' lang='grc' dir='ltr'>Τὸ</span> <span class='ocrx_word' id='word_1_207' title='bbox 2339 1464 2393 1522; x_wconf 81' lang='grc' dir='ltr'>δὲ</span> <span class='ocrx_word' id='word_1_208' title='bbox 2450 1475 2536 1525; x_wconf 90' lang='grc' dir='ltr'><strong>νῦν</strong></span> <span class='ocrx_word' id='word_1_209' title='bbox 2591 1467 2746 1545; x_wconf 79' lang='grc' dir='ltr'>ῥηθὲν</span> <span class='ocrx_word' id='word_1_210' title='bbox 2802 1471 2920 1549; x_wconf 83' lang='grc' dir='ltr'>περὶ</span> <span class='ocrx_word' id='word_1_211' title='bbox 2976 1469 3285 1549; x_wconf 81' lang='grc' dir='ltr'>ἀνθρώπων,</span> <span class='ocrx_word' id='word_1_212' title='bbox 3319 1471 3423 1525; x_wconf 70' lang='grc' dir='ltr'>τῶν</span> <span class='ocrx_word' id='word_1_213' title='bbox 3454 1466 3660 1544; x_wconf 81' lang='grc' dir='ltr'>μᾶλλον</span> <span class='ocrx_word' id='word_1_214' title='bbox 3690 1489 3864 1547; x_wconf 80' lang='grc' dir='ltr'>προσ-</span> 
     </span>
    </p>
   </div>
   <div class='ocr_carea' id='block_1_26' title="bbox 468 1554 2103 1635">
    <p class='ocr_par' dir='ltr' id='par_1_26' title="bbox 468 1554 1271 1635">
     <span class='ocr_line' id='line_1_26' title="bbox 468 1554 1271 1635; baseline -0.005 -16"><span class='ocrx_word' id='word_1_215' title='bbox 468 1556 805 1619; x_wconf 88' lang='lat' dir='ltr'><strong>raculorum</strong></span> <span class='ocrx_word' id='word_1_216' title='bbox 840 1554 1271 1635; x_wconf 82' lang='lat' dir='ltr'><strong>operationem.</strong></span> 
     </span>
    </p>
   </div>
   <div class='ocr_carea' id='block_1_27' title="bbox 2191 1554 3857 1635">
    <p class='ocr_par' dir='ltr' id='par_1_27' title="bbox 2202 1555 3857 1633">
     <span class='ocr_line' id='line_1_27' title="bbox 2202 1555 3857 1633; baseline 0.001 -22"><span class='ocrx_word' id='word_1_217' title='bbox 2202 1555 2440 1633; x_wconf 87' lang='grc' dir='ltr'>αγόντων</span> <span class='ocrx_word' id='word_1_218' title='bbox 2498 1559 2645 1621; x_wconf 84' lang='grc' dir='ltr'>τινὰς</span> <span class='ocrx_word' id='word_1_219' title='bbox 2714 1564 2791 1632; x_wconf 84' lang='grc' dir='ltr'>τῷ</span> <span class='ocrx_word' id='word_1_220' title='bbox 2822 1562 2938 1631; x_wconf 87' lang='grc' dir='ltr'><strong>Θεῷ</strong></span> <span class='ocrx_word' id='word_1_221' title='bbox 2994 1556 3078 1614; x_wconf 79' lang='grc' dir='ltr'><strong>διὰ</strong></span> <span class='ocrx_word' id='word_1_222' title='bbox 3134 1565 3226 1614; x_wconf 92' lang='grc' dir='ltr'><strong>τοῦ</strong></span> <span class='ocrx_word' id='word_1_223' title='bbox 3278 1558 3517 1633; x_wconf 84' lang='grc' dir='ltr'>θαύματα</span> <span class='ocrx_word' id='word_1_224' title='bbox 3563 1556 3857 1620; x_wconf 73' lang='grc' dir='ltr'>ἐπιτελεῖν,</span> 
     </span>
    </p>
   </div>
   <div class='ocr_carea' id='block_1_28' title="bbox 548 1635 2103 1726">
    <p class='ocr_par' dir='ltr' id='par_1_28' title="bbox 548 1644 2103 1724">
     <span class='ocr_line' id='line_1_28' title="bbox 548 1644 2103 1724; baseline 0 -17"><span class='ocrx_word' id='word_1_225' title='bbox 548 1649 728 1709; x_wconf 73' lang='lat' dir='ltr'><strong>Vens.</strong></span> <span class='ocrx_word' id='word_1_226' title='bbox 762 1646 862 1720; x_wconf 85' lang='grc'>40,</span> <span class='ocrx_word' id='word_1_227' title='bbox 896 1645 996 1706; x_wconf 77' lang='grc'><strong>41.</strong></span> <span class='ocrx_word' id='word_1_228' title='bbox 1029 1644 1346 1724; x_wconf 77' lang='lat' dir='ltr'><strong>«Quisquis</strong></span> <span class='ocrx_word' id='word_1_229' title='bbox 1378 1645 1533 1706; x_wconf 91' lang='lat' dir='ltr'><strong>enim</strong></span> <span class='ocrx_word' id='word_1_230' title='bbox 1556 1644 1627 1705; x_wconf 88' lang='lat' dir='ltr'><strong>ad</strong></span> <span class='ocrx_word' id='word_1_231' title='bbox 1662 1644 1984 1707; x_wconf 89' lang='lat' dir='ltr'><strong>bibendum</strong></span> <span class='ocrx_word' id='word_1_232' title='bbox 2006 1646 2103 1707; x_wconf 92' lang='lat' dir='ltr'><strong>de-</strong></span> 
     </span>
    </p>
   </div>
   <div class='ocr_carea' id='block_1_29' title="bbox 2191 1635 3857 1726">
    <p class='ocr_par' dir='ltr' id='par_1_29' title="bbox 2284 1635 3857 1726">
     <span class='ocr_line' id='line_1_29' title="bbox 2284 1635 3857 1726; baseline 0.002 -26"><span class='ocrx_word' id='word_1_233' title='bbox 2284 1668 2313 1700; x_wconf 74' lang='grc' dir='ltr'><strong>σ</strong></span> <span class='ocrx_word' id='word_1_234' title='bbox 2360 1635 2471 1709; x_wconf 77' lang='grc' dir='ltr'><strong>’Ὀς</strong></span> <span class='ocrx_word' id='word_1_235' title='bbox 2525 1647 2624 1725; x_wconf 76' lang='grc' dir='ltr'>γὰρ</span> <span class='ocrx_word' id='word_1_236' title='bbox 2694 1645 2756 1702; x_wconf 76' lang='grc' dir='ltr'>ἄν</span> <span class='ocrx_word' id='word_1_237' title='bbox 2812 1646 3003 1724; x_wconf 78' lang='grc' dir='ltr'><strong>ποτίσῃ</strong></span> <span class='ocrx_word' id='word_1_238' title='bbox 3054 1649 3192 1723; x_wconf 80' lang='grc' dir='ltr'>ὑμᾶς</span> <span class='ocrx_word' id='word_1_239' title='bbox 3248 1648 3501 1726; x_wconf 79' lang='grc' dir='ltr'>ποτήριον</span> <span class='ocrx_word' id='word_1_240' title='bbox 3562 1644 3748 1713; x_wconf 87' lang='grc' dir='ltr'>ῦδατος</span> <span class='ocrx_word' id='word_1_241' title='bbox 3801 1646 3857 1704; x_wconf 70' lang='grc' dir='ltr'>ἓν</span> 
     </span>
    </p>
   </div>
   <div class='ocr_carea' id='block_1_30' title="bbox 465 1735 2103 1827">
    <p class='ocr_par' dir='ltr' id='par_1_30' title="bbox 465 1737 2103 1819">
     <span class='ocr_line' id='line_1_30' title="bbox 465 1737 2103 1819; baseline -0.002 -18"><span class='ocrx_word' id='word_1_242' title='bbox 465 1739 621 1801; x_wconf 91' lang='lat' dir='ltr'><strong>derit</strong></span> <span class='ocrx_word' id='word_1_243' title='bbox 646 1738 815 1800; x_wconf 84' lang='lat' dir='ltr'><strong>vobis</strong></span> <span class='ocrx_word' id='word_1_244' title='bbox 847 1737 1100 1799; x_wconf 86' lang='lat' dir='ltr'><strong>calicem</strong></span> <span class='ocrx_word' id='word_1_245' title='bbox 1124 1754 1290 1817; x_wconf 74' lang='lat' dir='ltr'><strong>aquae</strong></span> <span class='ocrx_word' id='word_1_246' title='bbox 1320 1737 1379 1798; x_wconf 93' lang='lat' dir='ltr'><strong>in</strong></span> <span class='ocrx_word' id='word_1_247' title='bbox 1408 1739 1650 1798; x_wconf 82' lang='lat' dir='ltr'><strong>nomine</strong></span> <span class='ocrx_word' id='word_1_248' title='bbox 1684 1738 2004 1819; x_wconf 90' lang='lat' dir='ltr'><strong>meo,quod</strong></span> <span class='ocrx_word' id='word_1_249' title='bbox 2025 1739 2103 1801; x_wconf 85' lang='lat' dir='ltr'><strong>si-</strong></span> 
     </span>
    </p>
   </div>
   <div class='ocr_carea' id='block_1_31' title="bbox 2191 1735 3855 1827">
    <p class='ocr_par' dir='ltr' id='par_1_31' title="bbox 2196 1735 3855 1818">
     <span class='ocr_line' id='line_1_31' title="bbox 2196 1735 3855 1818; baseline 0.001 -27"><span class='ocrx_word' id='word_1_250' title='bbox 2196 1741 2271 1795; x_wconf 80' lang='grc' dir='ltr'>τῶ</span> <span class='ocrx_word' id='word_1_251' title='bbox 2327 1736 2544 1810; x_wconf 86' lang='grc' dir='ltr'>ὀνόματὶ</span> <span class='ocrx_word' id='word_1_252' title='bbox 2587 1758 2711 1813; x_wconf 86' lang='grc' dir='ltr'>μου,</span> <span class='ocrx_word' id='word_1_253' title='bbox 2759 1736 2839 1793; x_wconf 82' lang='grc' dir='ltr'><strong>ὅτι</strong></span> <span class='ocrx_word' id='word_1_254' title='bbox 2874 1744 3099 1817; x_wconf 82' lang='grc' dir='ltr'>Χριστοῦ</span> <span class='ocrx_word' id='word_1_255' title='bbox 3128 1738 3271 1818; x_wconf 68' lang='grc' dir='ltr'>ἐστε,</span> <span class='ocrx_word' id='word_1_256' title='bbox 3319 1738 3469 1814; x_wconf 75' lang='grc' dir='ltr'>ἀμὴν</span> <span class='ocrx_word' id='word_1_257' title='bbox 3505 1735 3649 1814; x_wconf 81' lang='grc' dir='ltr'>λέγω</span> <span class='ocrx_word' id='word_1_258' title='bbox 3699 1737 3855 1817; x_wconf 72' lang='grc' dir='ltr'>ὑμῖν,</span> 
     </span>
    </p>
   </div>
   <div class='ocr_carea' id='block_1_32' title="bbox 466 1826 2114 1908">
    <p class='ocr_par' dir='ltr' id='par_1_32' title="bbox 466 1826 2114 1908">
     <span class='ocr_line' id='line_1_32' title="bbox 466 1826 2114 1908; baseline 0 -18"><span class='ocrx_word' id='word_1_259' title='bbox 466 1829 537 1891; x_wconf 91' lang='lat' dir='ltr'><strong>tis</strong></span> <span class='ocrx_word' id='word_1_260' title='bbox 555 1828 795 1892; x_wconf 88' lang='lat' dir='ltr'><strong>Christi:</strong></span> <span class='ocrx_word' id='word_1_261' title='bbox 817 1845 991 1889; x_wconf 91' lang='lat' dir='ltr'><strong>amen</strong></span> <span class='ocrx_word' id='word_1_262' title='bbox 1011 1826 1143 1888; x_wconf 89' lang='lat' dir='ltr'><strong>dico</strong></span> <span class='ocrx_word' id='word_1_263' title='bbox 1175 1826 1747 1907; x_wconf 87' lang='lat' dir='ltr'><strong>vobis,nequaquam</strong></span> <span class='ocrx_word' id='word_1_264' title='bbox 1774 1827 2114 1908; x_wconf 84' lang='lat' dir='ltr'><strong>perditurus</strong></span> 
     </span>
    </p>
   </div>
   <div class='ocr_carea' id='block_1_33' title="bbox 463 1914 2109 1996">
    <p class='ocr_par' dir='ltr' id='par_1_33' title="bbox 463 1914 2109 1996">
     <span class='ocr_line' id='line_1_33' title="bbox 463 1914 2109 1996; baseline -0.001 -16"><span class='ocrx_word' id='word_1_265' title='bbox 463 1928 551 1980; x_wconf 93' lang='lat' dir='ltr'><strong>est</strong></span> <span class='ocrx_word' id='word_1_266' title='bbox 581 1918 920 1979; x_wconf 89' lang='lat' dir='ltr'><strong>mercedem</strong></span> <span class='ocrx_word' id='word_1_267' title='bbox 953 1934 1140 1977; x_wconf 92' lang='lat' dir='ltr'><strong>suam.</strong></span> <span class='ocrx_word' id='word_1_268' title='bbox 1173 1916 1247 1977; x_wconf 88' lang='lat' dir='ltr'><strong>Et</strong></span> <span class='ocrx_word' id='word_1_269' title='bbox 1279 1914 1548 1996; x_wconf 82' lang='lat' dir='ltr'><strong>quisquis</strong></span> <span class='ocrx_word' id='word_1_270' title='bbox 1578 1916 1897 1978; x_wconf 75' lang='lat' dir='ltr'><strong>oﬂ’enderit</strong></span> <span class='ocrx_word' id='word_1_271' title='bbox 1926 1936 2109 1978; x_wconf 91' lang='lat' dir='ltr'><strong>unum</strong></span> 
     </span>
    </p>
   </div>
   <div class='ocr_carea' id='block_1_34' title="bbox 462 2005 2113 2089">
    <p class='ocr_par' dir='ltr' id='par_1_34' title="bbox 462 2005 2113 2089">
     <span class='ocr_line' id='line_1_34' title="bbox 462 2005 2113 2089; baseline -0.002 -18"><span class='ocrx_word' id='word_1_272' title='bbox 462 2029 531 2071; x_wconf 89' lang='lat' dir='ltr'><strong>ex</strong></span> <span class='ocrx_word' id='word_1_273' title='bbox 564 2007 796 2089; x_wconf 74' lang='lat' dir='ltr'><strong>pusillis</strong></span> <span class='ocrx_word' id='word_1_274' title='bbox 817 2006 919 2087; x_wconf 90' lang='lat' dir='ltr'><strong>qui</strong></span> <span class='ocrx_word' id='word_1_275' title='bbox 942 2005 1252 2067; x_wconf 82' lang='lat' dir='ltr'><strong>conﬁdunt</strong></span> <span class='ocrx_word' id='word_1_276' title='bbox 1284 2006 1348 2066; x_wconf 94' lang='lat' dir='ltr'><strong>in</strong></span> <span class='ocrx_word' id='word_1_277' title='bbox 1374 2024 1492 2078; x_wconf 93' lang='lat' dir='ltr'><strong>me,</strong></span> <span class='ocrx_word' id='word_1_278' title='bbox 1518 2005 1735 2067; x_wconf 89' lang='lat' dir='ltr'><strong>melius</strong></span> <span class='ocrx_word' id='word_1_279' title='bbox 1766 2006 1918 2068; x_wconf 85' lang='lat' dir='ltr'><strong>foret</strong></span> <span class='ocrx_word' id='word_1_280' title='bbox 1951 2006 2034 2068; x_wconf 89' lang='lat' dir='ltr'><strong>illi</strong></span> <span class='ocrx_word' id='word_1_281' title='bbox 2065 2006 2113 2067; x_wconf 89' lang='lat' dir='ltr'><strong>si</strong></span> 
     </span>
    </p>
   </div>
   <div class='ocr_carea' id='block_1_35' title="bbox 462 2094 2111 2176">
    <p class='ocr_par' dir='ltr' id='par_1_35' title="bbox 462 2094 2111 2176">
     <span class='ocr_line' id='line_1_35' title="bbox 462 2094 2111 2176; baseline -0.002 -16"><span class='ocrx_word' id='word_1_282' title='bbox 462 2096 941 2161; x_wconf 83' lang='lat' dir='ltr'><strong>circumdaretur</strong></span> <span class='ocrx_word' id='word_1_283' title='bbox 971 2113 1177 2157; x_wconf 81' lang='lat' dir='ltr'><strong>saxum</strong></span> <span class='ocrx_word' id='word_1_284' title='bbox 1203 2095 1427 2157; x_wconf 89' lang='lat' dir='ltr'><strong>molare</strong></span> <span class='ocrx_word' id='word_1_285' title='bbox 1457 2095 1616 2156; x_wconf 90' lang='lat' dir='ltr'><strong>circa</strong></span> <span class='ocrx_word' id='word_1_286' title='bbox 1636 2094 1929 2157; x_wconf 87' lang='lat' dir='ltr'><strong>cervicem</strong></span> <span class='ocrx_word' id='word_1_287' title='bbox 1957 2096 2111 2176; x_wconf 86' lang='lat' dir='ltr'><strong>ejus,</strong></span> 
     </span>
    </p>
   </div>
   <div class='ocr_carea' id='block_1_36' title="bbox 459 2184 2113 2268">
    <p class='ocr_par' dir='ltr' id='par_1_36' title="bbox 459 2184 2113 2268">
     <span class='ocr_line' id='line_1_36' title="bbox 459 2184 2113 2268; baseline -0.003 -18"><span class='ocrx_word' id='word_1_288' title='bbox 459 2197 518 2250; x_wconf 91' lang='lat' dir='ltr'><strong>et</strong></span> <span class='ocrx_word' id='word_1_289' title='bbox 546 2187 909 2268; x_wconf 86' lang='lat' dir='ltr'><strong>abjiceretur</strong></span> <span class='ocrx_word' id='word_1_290' title='bbox 952 2185 1013 2246; x_wconf 91' lang='lat' dir='ltr'><strong>in</strong></span> <span class='ocrx_word' id='word_1_291' title='bbox 1045 2202 1232 2246; x_wconf 88' lang='lat' dir='ltr'><strong>mare.</strong></span> <span class='ocrx_word' id='word_1_292' title='bbox 1262 2208 1288 2239; x_wconf 84' lang='grc'><strong>››</strong></span> <span class='ocrx_word' id='word_1_293' title='bbox 1326 2186 1456 2247; x_wconf 91' lang='lat' dir='ltr'><strong>Non</strong></span> <span class='ocrx_word' id='word_1_294' title='bbox 1517 2184 1734 2261; x_wconf 93' lang='lat' dir='ltr'><strong>solum,</strong></span> <span class='ocrx_word' id='word_1_295' title='bbox 1781 2185 1993 2265; x_wconf 88' lang='lat' dir='ltr'><strong>inquit,</strong></span> <span class='ocrx_word' id='word_1_296' title='bbox 2029 2187 2113 2246; x_wconf 76' lang='lat' dir='ltr'><strong>fa-</strong></span> 
     </span>
    </p>
   </div>
   <div class='ocr_carea' id='block_1_37' title="bbox 458 2273 2109 2353">
    <p class='ocr_par' dir='ltr' id='par_1_37' title="bbox 458 2273 2109 2353">
     <span class='ocr_line' id='line_1_37' title="bbox 458 2273 2109 2353; baseline -0.002 -14"><span class='ocrx_word' id='word_1_297' title='bbox 458 2278 685 2339; x_wconf 88' lang='lat' dir='ltr'><strong>cientes</strong></span> <span class='ocrx_word' id='word_1_298' title='bbox 714 2276 990 2337; x_wconf 82' lang='lat' dir='ltr'><strong>virtutem</strong></span> <span class='ocrx_word' id='word_1_299' title='bbox 1019 2274 1079 2335; x_wconf 90' lang='lat' dir='ltr'><strong>in</strong></span> <span class='ocrx_word' id='word_1_300' title='bbox 1104 2274 1346 2334; x_wconf 87' lang='lat' dir='ltr'><strong>nomine</strong></span> <span class='ocrx_word' id='word_1_301' title='bbox 1374 2291 1658 2353; x_wconf 86' lang='lat' dir='ltr'><strong>meo,non</strong></span> <span class='ocrx_word' id='word_1_302' title='bbox 1687 2273 2109 2352; x_wconf 89' lang='lat' dir='ltr'><strong>probibeo:sed</strong></span> 
     </span>
    </p>
   </div>
   <div class='ocr_carea' id='block_1_38' title="bbox 456 2361 2114 2447">
    <p class='ocr_par' dir='ltr' id='par_1_38' title="bbox 456 2361 2114 2447">
     <span class='ocr_line' id='line_1_38' title="bbox 456 2361 2114 2447; baseline -0.001 -20"><span class='ocrx_word' id='word_1_303' title='bbox 456 2368 503 2427; x_wconf 91' lang='lat' dir='ltr'><strong>si</strong></span> <span class='ocrx_word' id='word_1_304' title='bbox 532 2366 663 2447; x_wconf 83' lang='lat' dir='ltr'><strong>quis</strong></span> <span class='ocrx_word' id='word_1_305' title='bbox 714 2364 1022 2427; x_wconf 88' lang='lat' dir='ltr'><strong>minimum</strong></span> <span class='ocrx_word' id='word_1_306' title='bbox 1081 2362 1361 2443; x_wconf 88' lang='lat' dir='ltr'><strong>quiddam</strong></span> <span class='ocrx_word' id='word_1_307' title='bbox 1409 2364 1642 2425; x_wconf 85' lang='lat' dir='ltr'><strong>dederit</strong></span> <span class='ocrx_word' id='word_1_308' title='bbox 1672 2361 1838 2423; x_wconf 86' lang='lat' dir='ltr'><strong>vobis</strong></span> <span class='ocrx_word' id='word_1_309' title='bbox 1870 2372 2114 2443; x_wconf 88' lang='lat' dir='ltr'><strong>propter</strong></span> 
     </span>
    </p>
   </div>
   <div class='ocr_carea' id='block_1_39' title="bbox 455 2452 2105 2533">
    <p class='ocr_par' dir='ltr' id='par_1_39' title="bbox 455 2452 2105 2533">
     <span class='ocr_line' id='line_1_39' title="bbox 455 2452 2105 2533; baseline -0.002 -16"><span class='ocrx_word' id='word_1_310' title='bbox 455 2474 677 2518; x_wconf 89' lang='lat' dir='ltr'><strong>nomen</strong></span> <span class='ocrx_word' id='word_1_311' title='bbox 710 2473 936 2527; x_wconf 91' lang='lat' dir='ltr'><strong>meum,</strong></span> <span class='ocrx_word' id='word_1_312' title='bbox 971 2460 1029 2514; x_wconf 91' lang='lat' dir='ltr'><strong>et</strong></span> <span class='ocrx_word' id='word_1_313' title='bbox 1060 2452 1514 2533; x_wconf 88' lang='lat' dir='ltr'><strong>susceperitvos</strong></span> <span class='ocrx_word' id='word_1_314' title='bbox 1556 2460 1799 2533; x_wconf 83' lang='lat' dir='ltr'><strong>prOpter</strong></span> <span class='ocrx_word' id='word_1_315' title='bbox 1832 2472 1948 2526; x_wconf 86' lang='lat' dir='ltr'><strong>me,</strong></span> <span class='ocrx_word' id='word_1_316' title='bbox 1988 2472 2105 2514; x_wconf 92' lang='lat' dir='ltr'><strong>non</strong></span> 
     </span>
    </p>
   </div>
   <div class='ocr_carea' id='block_1_40' title="bbox 454 2541 2103 2626">
    <p class='ocr_par' dir='ltr' id='par_1_40' title="bbox 454 2541 2103 2626">
     <span class='ocr_line' id='line_1_40' title="bbox 454 2541 2103 2626; baseline -0.003 -19"><span class='ocrx_word' id='word_1_317' title='bbox 454 2553 697 2626; x_wconf 85' lang='lat' dir='ltr'><strong>propter</strong></span> <span class='ocrx_word' id='word_1_318' title='bbox 720 2545 1036 2605; x_wconf 90' lang='lat' dir='ltr'><strong>humanam</strong></span> <span class='ocrx_word' id='word_1_319' title='bbox 1081 2543 1353 2618; x_wconf 79' lang='lat' dir='ltr'><strong>gratiam,</strong></span> <span class='ocrx_word' id='word_1_320' title='bbox 1378 2542 1463 2603; x_wconf 90' lang='lat' dir='ltr'><strong>vel</strong></span> <span class='ocrx_word' id='word_1_321' title='bbox 1499 2541 1880 2621; x_wconf 87' lang='lat' dir='ltr'><strong>mundanam,</strong></span> <span class='ocrx_word' id='word_1_322' title='bbox 1904 2542 2103 2604; x_wconf 89' lang='lat' dir='ltr'><strong>neuti-</strong></span> 
     </span>
    </p>
   </div>
   <div class='ocr_carea' id='block_1_41' title="bbox 453 2630 2099 2716">
    <p class='ocr_par' dir='ltr' id='par_1_41' title="bbox 453 2630 2099 2716">
     <span class='ocr_line' id='line_1_41' title="bbox 453 2630 2099 2716; baseline -0.002 -20"><span class='ocrx_word' id='word_1_323' title='bbox 453 2653 631 2716; x_wconf 83' lang='lat' dir='ltr'><strong>quam</strong></span> <span class='ocrx_word' id='word_1_324' title='bbox 660 2633 863 2713; x_wconf 88' lang='lat' dir='ltr'><strong>perdet</strong></span> <span class='ocrx_word' id='word_1_325' title='bbox 882 2631 1220 2694; x_wconf 88' lang='lat' dir='ltr'><strong>mercedem</strong></span> <span class='ocrx_word' id='word_1_326' title='bbox 1242 2630 1600 2692; x_wconf 78' lang='lat' dir='ltr'><strong>suam.Dixit</strong></span> <span class='ocrx_word' id='word_1_327' title='bbox 1627 2638 1823 2694; x_wconf 90' lang='lat' dir='ltr'><strong>autem</strong></span> <span class='ocrx_word' id='word_1_328' title='bbox 1850 2632 2099 2693; x_wconf 89' lang='lat' dir='ltr'><strong>calicem</strong></span> 
     </span>
    </p>
   </div>
   <div class='ocr_carea' id='block_1_42' title="bbox 451 2722 2097 2807">
    <p class='ocr_par' dir='ltr' id='par_1_42' title="bbox 451 2722 2097 2807">
     <span class='ocr_line' id='line_1_42' title="bbox 451 2722 2097 2807; baseline -0.001 -21"><span class='ocrx_word' id='word_1_329' title='bbox 451 2744 643 2807; x_wconf 69' lang='lat' dir='ltr'><strong>aquae,</strong></span> <span class='ocrx_word' id='word_1_330' title='bbox 695 2732 941 2805; x_wconf 91' lang='lat' dir='ltr'><strong>propter</strong></span> <span class='ocrx_word' id='word_1_331' title='bbox 989 2740 1091 2784; x_wconf 88' lang='lat' dir='ltr'><strong>eos</strong></span> <span class='ocrx_word' id='word_1_332' title='bbox 1141 2722 1243 2802; x_wconf 92' lang='lat' dir='ltr'><strong>qui</strong></span> <span class='ocrx_word' id='word_1_333' title='bbox 1294 2729 1696 2802; x_wconf 86' lang='lat' dir='ltr'><strong>paupertatem</strong></span> <span class='ocrx_word' id='word_1_334' title='bbox 1752 2729 2097 2802; x_wconf 82' lang='lat' dir='ltr'><strong>praetexunt.</strong></span> 
     </span>
    </p>
   </div>
   <div class='ocr_carea' id='block_1_43' title="bbox 449 2810 2102 2891">
    <p class='ocr_par' dir='ltr' id='par_1_43' title="bbox 449 2810 2102 2891">
     <span class='ocr_line' id='line_1_43' title="bbox 449 2810 2102 2891; baseline -0.003 -15"><span class='ocrx_word' id='word_1_335' title='bbox 449 2814 638 2877; x_wconf 91' lang='lat' dir='ltr'><strong>Etiam</strong></span> <span class='ocrx_word' id='word_1_336' title='bbox 670 2815 723 2877; x_wconf 92' lang='lat' dir='ltr'><strong>si</strong></span> <span class='ocrx_word' id='word_1_337' title='bbox 753 2812 1024 2885; x_wconf 87' lang='lat' dir='ltr'><strong>calicem,</strong></span> <span class='ocrx_word' id='word_1_338' title='bbox 1050 2810 1267 2890; x_wconf 89' lang='lat' dir='ltr'><strong>inquit,</strong></span> <span class='ocrx_word' id='word_1_339' title='bbox 1292 2828 1458 2890; x_wconf 62' lang='lat' dir='ltr'><strong>aqua;</strong></span> <span class='ocrx_word' id='word_1_340' title='bbox 1481 2810 1720 2871; x_wconf 88' lang='lat' dir='ltr'><strong>dederis</strong></span> <span class='ocrx_word' id='word_1_341' title='bbox 1750 2810 2102 2891; x_wconf 83' lang='lat' dir='ltr'><strong>contempti—</strong></span> 
     </span>
    </p>
   </div>
   <div class='ocr_carea' id='block_1_44' title="bbox 2198 1823 3854 1903">
    <p class='ocr_par' dir='ltr' id='par_1_44' title="bbox 2198 1823 3854 1903">
     <span class='ocr_line' id='line_1_44' title="bbox 2198 1823 3854 1903; baseline 0 -23"><span class='ocrx_word' id='word_1_342' title='bbox 2198 1825 2257 1880; x_wconf 80' lang='grc' dir='ltr'>οὐ</span> <span class='ocrx_word' id='word_1_343' title='bbox 2320 1824 2397 1899; x_wconf 80' lang='grc' dir='ltr'><strong>μὴ</strong></span> <span class='ocrx_word' id='word_1_344' title='bbox 2458 1823 2697 1903; x_wconf 79' lang='grc' dir='ltr'>ἀπολέσῃ</span> <span class='ocrx_word' id='word_1_345' title='bbox 2757 1828 2850 1883; x_wconf 85' lang='grc' dir='ltr'><strong>τὸν</strong></span> <span class='ocrx_word' id='word_1_346' title='bbox 2908 1828 3094 1903; x_wconf 86' lang='grc' dir='ltr'>μισθὸν</span> <span class='ocrx_word' id='word_1_347' title='bbox 3137 1830 3317 1888; x_wconf 78' lang='grc' dir='ltr'>αὐτοῦ.</span> <span class='ocrx_word' id='word_1_348' title='bbox 3353 1827 3451 1885; x_wconf 80' lang='grc' dir='ltr'><strong>Καὶ</strong></span> <span class='ocrx_word' id='word_1_349' title='bbox 3480 1826 3537 1891; x_wconf 81' lang='grc' dir='ltr'>ὃς</span> <span class='ocrx_word' id='word_1_350' title='bbox 3567 1826 3656 1881; x_wconf 68' lang='grc' dir='ltr'><strong>ἰὰν</strong></span> <span class='ocrx_word' id='word_1_351' title='bbox 3684 1848 3854 1881; x_wconf 88' lang='grc' dir='ltr'>σκαν-</span> 
     </span>
    </p>
   </div>
   <div class='ocr_carea' id='block_1_45' title="bbox 2197 1911 3852 1993">
    <p class='ocr_par' dir='ltr' id='par_1_45' title="bbox 2197 1911 3852 1993">
     <span class='ocr_line' id='line_1_45' title="bbox 2197 1911 3852 1993; baseline 0.001 -24"><span class='ocrx_word' id='word_1_352' title='bbox 2197 1911 2385 1990; x_wconf 77' lang='grc' dir='ltr'>δαλίσῃ</span> <span class='ocrx_word' id='word_1_353' title='bbox 2457 1912 2549 1971; x_wconf 78' lang='grc' dir='ltr'>ἕνα</span> <span class='ocrx_word' id='word_1_354' title='bbox 2592 1922 2696 1971; x_wconf 81' lang='grc' dir='ltr'><strong>τῶν</strong></span> <span class='ocrx_word' id='word_1_355' title='bbox 2724 1918 2947 1993; x_wconf 80' lang='grc' dir='ltr'>μικρῶν</span> <span class='ocrx_word' id='word_1_356' title='bbox 3026 1918 3133 1972; x_wconf 82' lang='grc' dir='ltr'>τῶν</span> <span class='ocrx_word' id='word_1_357' title='bbox 3192 1916 3550 1972; x_wconf 80' lang='grc' dir='ltr'>πιστευόντων</span> <span class='ocrx_word' id='word_1_358' title='bbox 3605 1915 3679 1979; x_wconf 86' lang='grc' dir='ltr'>εἷς</span> <span class='ocrx_word' id='word_1_359' title='bbox 3731 1914 3852 1990; x_wconf 69' lang='grc' dir='ltr'>ἐμὲ,</span> 
     </span>
    </p>
   </div>
   <div class='ocr_carea' id='block_1_46' title="bbox 2196 2001 3862 2085">
    <p class='ocr_par' dir='ltr' id='par_1_46' title="bbox 2196 2001 3862 2085">
     <span class='ocr_line' id='line_1_46' title="bbox 2196 2001 3862 2085; baseline 0.002 -26"><span class='ocrx_word' id='word_1_360' title='bbox 2196 2001 2361 2059; x_wconf 84' lang='grc' dir='ltr'>καλόν</span> <span class='ocrx_word' id='word_1_361' title='bbox 2403 2003 2546 2061; x_wconf 75' lang='grc' dir='ltr'>ἑστιν</span> <span class='ocrx_word' id='word_1_362' title='bbox 2603 2005 2746 2078; x_wconf 80' lang='grc' dir='ltr'><strong>αῦτῷ</strong></span> <span class='ocrx_word' id='word_1_363' title='bbox 2798 2004 3025 2079; x_wconf 81' lang='grc' dir='ltr'>μᾶλλον,</span> <span class='ocrx_word' id='word_1_364' title='bbox 3086 2007 3130 2061; x_wconf 80' lang='grc' dir='ltr'>εἰ</span> <span class='ocrx_word' id='word_1_365' title='bbox 3186 2006 3476 2085; x_wconf 81' lang='grc' dir='ltr'>περίκειται</span> <span class='ocrx_word' id='word_1_366' title='bbox 3533 2003 3674 2068; x_wconf 89' lang='grc' dir='ltr'>λίθος</span> <span class='ocrx_word' id='word_1_367' title='bbox 3706 2004 3862 2079; x_wconf 83' lang='grc' dir='ltr'>μυλι-</span> 
     </span>
    </p>
   </div>
   <div class='ocr_carea' id='block_1_47' title="bbox 2198 2091 3858 2173">
    <p class='ocr_par' dir='ltr' id='par_1_47' title="bbox 2198 2091 3858 2173">
     <span class='ocr_line' id='line_1_47' title="bbox 2198 2091 3858 2173; baseline 0.001 -25"><span class='ocrx_word' id='word_1_368' title='bbox 2198 2094 2291 2156; x_wconf 89' lang='grc' dir='ltr'><strong>κὸς</strong></span> <span class='ocrx_word' id='word_1_369' title='bbox 2354 2093 2472 2171; x_wconf 88' lang='grc' dir='ltr'>περὶ</span> <span class='ocrx_word' id='word_1_370' title='bbox 2540 2093 2630 2149; x_wconf 90' lang='grc' dir='ltr'><strong>τὸν</strong></span> <span class='ocrx_word' id='word_1_371' title='bbox 2689 2093 2964 2173; x_wconf 80' lang='grc' dir='ltr'><strong>τράχηλον</strong></span> <span class='ocrx_word' id='word_1_372' title='bbox 3021 2098 3203 2168; x_wconf 75' lang='grc' dir='ltr'>αὐτοῦ,</span> <span class='ocrx_word' id='word_1_373' title='bbox 3244 2096 3330 2151; x_wconf 78' lang='grc' dir='ltr'><strong>καὶ</strong></span> <span class='ocrx_word' id='word_1_374' title='bbox 3362 2091 3620 2171; x_wconf 78' lang='grc' dir='ltr'>βέϐληται</span> <span class='ocrx_word' id='word_1_375' title='bbox 3652 2094 3725 2157; x_wconf 82' lang='grc' dir='ltr'>εἶς</span> <span class='ocrx_word' id='word_1_376' title='bbox 3754 2095 3858 2161; x_wconf 59' lang='grc' dir='ltr'>τὴν</span> 
     </span>
    </p>
   </div>
   <div class='ocr_carea' id='block_1_48' title="bbox 2198 2181 3855 2265">
    <p class='ocr_par' dir='ltr' id='par_1_48' title="bbox 2198 2181 3855 2265">
     <span class='ocr_line' id='line_1_48' title="bbox 2198 2181 3855 2265; baseline 0.001 -27"><span class='ocrx_word' id='word_1_377' title='bbox 2198 2181 2487 2244; x_wconf 58' lang='grc' dir='ltr'>θάλασσαν,</span> <span class='ocrx_word' id='word_1_378' title='bbox 2579 2204 2606 2237; x_wconf 72' lang='grc' dir='ltr'><strong><em>ι</em></strong></span> <span class='ocrx_word' id='word_1_379' title='bbox 2668 2184 2741 2240; x_wconf 80' lang='grc' dir='ltr'>Οῦ</span> <span class='ocrx_word' id='word_1_380' title='bbox 2786 2186 2949 2260; x_wconf 85' lang='grc' dir='ltr'>μόνον</span> <span class='ocrx_word' id='word_1_381' title='bbox 2997 2185 3151 2265; x_wconf 72' lang='grc' dir='ltr'>φησὶ,</span> <span class='ocrx_word' id='word_1_382' title='bbox 3189 2185 3280 2240; x_wconf 93' lang='grc' dir='ltr'><strong>τὸν</strong></span> <span class='ocrx_word' id='word_1_383' title='bbox 3320 2182 3566 2259; x_wconf 76' lang='grc' dir='ltr'>δυνάμεις</span> <span class='ocrx_word' id='word_1_384' title='bbox 3597 2192 3855 2240; x_wconf 73' lang='grc' dir='ltr'>ποιοῦντα</span> 
     </span>
    </p>
   </div>
   <div class='ocr_carea' id='block_1_49' title="bbox 2199 2269 3863 2352">
    <p class='ocr_par' dir='ltr' id='par_1_49' title="bbox 2199 2269 3863 2352">
     <span class='ocr_line' id='line_1_49' title="bbox 2199 2269 3863 2352; baseline 0.002 -26"><span class='ocrx_word' id='word_1_385' title='bbox 2199 2269 2252 2326; x_wconf 82' lang='grc' dir='ltr'>ἒν</span> <span class='ocrx_word' id='word_1_386' title='bbox 2308 2278 2386 2347; x_wconf 85' lang='grc' dir='ltr'>τῷ</span> <span class='ocrx_word' id='word_1_387' title='bbox 2443 2270 2662 2347; x_wconf 85' lang='grc' dir='ltr'>ὀνόματί</span> <span class='ocrx_word' id='word_1_388' title='bbox 2733 2294 2836 2347; x_wconf 84' lang='grc' dir='ltr'><strong>μου</strong></span> <span class='ocrx_word' id='word_1_389' title='bbox 2892 2276 2952 2330; x_wconf 72' lang='grc' dir='ltr'><strong>οὗ</strong></span> <span class='ocrx_word' id='word_1_390' title='bbox 3017 2272 3230 2345; x_wconf 74' lang='grc' dir='ltr'>κωλύω,</span> <span class='ocrx_word' id='word_1_391' title='bbox 3264 2272 3401 2329; x_wconf 83' lang='grc' dir='ltr'><strong>ἀλλά</strong></span> <span class='ocrx_word' id='word_1_392' title='bbox 3429 2272 3529 2329; x_wconf 73' lang='grc' dir='ltr'><strong>κᾶν</strong></span> <span class='ocrx_word' id='word_1_393' title='bbox 3552 2294 3634 2337; x_wconf 88' lang='grc' dir='ltr'><strong>τις</strong></span> <span class='ocrx_word' id='word_1_394' title='bbox 3665 2272 3863 2352; x_wconf 74' lang='grc' dir='ltr'>ἐλάχιο</span> 
     </span>
    </p>
   </div>
   <div class='ocr_carea' id='block_1_50' title="bbox 2195 2359 3855 2439">
    <p class='ocr_par' dir='ltr' id='par_1_50' title="bbox 2195 2359 3855 2439">
     <span class='ocr_line' id='line_1_50' title="bbox 2195 2359 3855 2439; baseline 0.001 -23"><span class='ocrx_word' id='word_1_395' title='bbox 2195 2363 2319 2417; x_wconf 89' lang='grc' dir='ltr'>στόν</span> <span class='ocrx_word' id='word_1_396' title='bbox 2348 2359 2585 2416; x_wconf 83' lang='grc' dir='ltr'>τιδώσει</span> <span class='ocrx_word' id='word_1_397' title='bbox 2614 2365 2743 2438; x_wconf 72' lang='grc' dir='ltr'>ὑμῖν</span> <span class='ocrx_word' id='word_1_398' title='bbox 2786 2360 2870 2417; x_wconf 85' lang='grc' dir='ltr'><strong>διὰ</strong></span> <span class='ocrx_word' id='word_1_399' title='bbox 2900 2364 2961 2419; x_wconf 85' lang='grc' dir='ltr'><strong>τὸ</strong></span> <span class='ocrx_word' id='word_1_400' title='bbox 2993 2362 3122 2439; x_wconf 79' lang='grc' dir='ltr'>ἐμόν</span> <span class='ocrx_word' id='word_1_401' title='bbox 3163 2361 3356 2439; x_wconf 72' lang='grc' dir='ltr'>ὄνομα,</span> <span class='ocrx_word' id='word_1_402' title='bbox 3402 2363 3491 2418; x_wconf 80' lang='grc' dir='ltr'>καὶ</span> <span class='ocrx_word' id='word_1_403' title='bbox 3534 2359 3855 2429; x_wconf 76' lang='grc' dir='ltr'><strong>ἀποδέξηται</strong></span> 
     </span>
    </p>
   </div>
   <div class='ocr_carea' id='block_1_51' title="bbox 2190 2448 3845 2532">
    <p class='ocr_par' dir='ltr' id='par_1_51' title="bbox 2190 2448 3845 2532">
     <span class='ocr_line' id='line_1_51' title="bbox 2190 2448 3845 2532; baseline 0.001 -28"><span class='ocrx_word' id='word_1_404' title='bbox 2190 2450 2326 2525; x_wconf 77' lang='grc' dir='ltr'>ὑμᾶς</span> <span class='ocrx_word' id='word_1_405' title='bbox 2381 2448 2449 2505; x_wconf 86' lang='grc' dir='ltr'><strong>δι’</strong></span> <span class='ocrx_word' id='word_1_406' title='bbox 2508 2449 2629 2525; x_wconf 70' lang='grc' dir='ltr'>ἐμὲ,</span> <span class='ocrx_word' id='word_1_407' title='bbox 2692 2451 2750 2507; x_wconf 75' lang='grc' dir='ltr'>οῦ</span> <span class='ocrx_word' id='word_1_408' title='bbox 2818 2450 2884 2507; x_wconf 84' lang='grc' dir='ltr'><strong>δι’</strong></span> <span class='ocrx_word' id='word_1_409' title='bbox 2918 2452 3249 2531; x_wconf 78' lang='grc' dir='ltr'>ἀνθρωπίνην</span> <span class='ocrx_word' id='word_1_410' title='bbox 3283 2453 3444 2532; x_wconf 82' lang='grc' dir='ltr'>χάριν</span> <span class='ocrx_word' id='word_1_411' title='bbox 3478 2449 3514 2519; x_wconf 70' lang='grc' dir='ltr'><strong>ἦ</strong></span> <span class='ocrx_word' id='word_1_412' title='bbox 3544 2452 3845 2526; x_wconf 81' lang='grc' dir='ltr'>κοσμικὴν,</span> 
     </span>
    </p>
   </div>
   <div class='ocr_carea' id='block_1_52' title="bbox 2186 2538 3847 2617">
    <p class='ocr_par' dir='ltr' id='par_1_52' title="bbox 2186 2538 3847 2617">
     <span class='ocr_line' id='line_1_52' title="bbox 2186 2538 3847 2617; baseline 0.002 -23"><span class='ocrx_word' id='word_1_413' title='bbox 2186 2538 2245 2595; x_wconf 72' lang='grc' dir='ltr'><strong>οὗ</strong></span> <span class='ocrx_word' id='word_1_414' title='bbox 2292 2540 2371 2616; x_wconf 78' lang='grc' dir='ltr'>μὴ</span> <span class='ocrx_word' id='word_1_415' title='bbox 2442 2539 2678 2617; x_wconf 78' lang='grc' dir='ltr'><strong>ἀπολέσῃ</strong></span> <span class='ocrx_word' id='word_1_416' title='bbox 2713 2541 2803 2596; x_wconf 87' lang='grc' dir='ltr'><strong>τὸν</strong></span> <span class='ocrx_word' id='word_1_417' title='bbox 2857 2543 3044 2616; x_wconf 81' lang='grc' dir='ltr'>μισθὸν</span> <span class='ocrx_word' id='word_1_418' title='bbox 3088 2542 3267 2604; x_wconf 74' lang='grc' dir='ltr'>αὐτοῦ.</span> <span class='ocrx_word' id='word_1_419' title='bbox 3301 2541 3441 2599; x_wconf 78' lang='grc' dir='ltr'>Εἷπε</span> <span class='ocrx_word' id='word_1_420' title='bbox 3471 2538 3525 2597; x_wconf 79' lang='grc' dir='ltr'>δὲ</span> <span class='ocrx_word' id='word_1_421' title='bbox 3572 2542 3633 2596; x_wconf 89' lang='grc' dir='ltr'><strong>τὸ</strong></span> <span class='ocrx_word' id='word_1_422' title='bbox 3664 2541 3847 2608; x_wconf 77' lang='grc' dir='ltr'>ποτῆ-</span> 
     </span>
    </p>
   </div>
   <div class='ocr_carea' id='block_1_53' title="bbox 2186 2627 3843 2711">
    <p class='ocr_par' dir='ltr' id='par_1_53' title="bbox 2186 2627 3843 2711">
     <span class='ocr_line' id='line_1_53' title="bbox 2186 2627 3843 2711; baseline 0.001 -26"><span class='ocrx_word' id='word_1_423' title='bbox 2186 2651 2299 2708; x_wconf 89' lang='grc' dir='ltr'>ριον</span> <span class='ocrx_word' id='word_1_424' title='bbox 2351 2636 2441 2685; x_wconf 92' lang='grc' dir='ltr'><strong>τοῦ</strong></span> <span class='ocrx_word' id='word_1_425' title='bbox 2511 2627 2722 2705; x_wconf 71' lang='grc' dir='ltr'>ὕδατος,</span> <span class='ocrx_word' id='word_1_426' title='bbox 2780 2627 2863 2685; x_wconf 81' lang='grc' dir='ltr'>διὰ</span> <span class='ocrx_word' id='word_1_427' title='bbox 2915 2631 3035 2694; x_wconf 88' lang='grc' dir='ltr'>τοὺς</span> <span class='ocrx_word' id='word_1_428' title='bbox 3087 2630 3573 2711; x_wconf 78' lang='grc' dir='ltr'>προφασιζομένους</span> <span class='ocrx_word' id='word_1_429' title='bbox 3618 2631 3715 2697; x_wconf 77' lang='grc' dir='ltr'><strong>τῆν</strong></span> <span class='ocrx_word' id='word_1_430' title='bbox 3746 2652 3843 2686; x_wconf 88' lang='grc' dir='ltr'>πε-</span> 
     </span>
    </p>
   </div>
   <div class='ocr_carea' id='block_1_54' title="bbox 2186 2717 3840 2799">
    <p class='ocr_par' dir='ltr' id='par_1_54' title="bbox 2186 2717 3840 2799">
     <span class='ocr_line' id='line_1_54' title="bbox 2186 2717 3840 2799; baseline 0 -25"><span class='ocrx_word' id='word_1_431' title='bbox 2186 2719 2315 2780; x_wconf 83' lang='grc' dir='ltr'>νίαν,</span> <span class='ocrx_word' id='word_1_432' title='bbox 2379 2717 2487 2777; x_wconf 78' lang='grc' dir='ltr'>Κᾶίν</span> <span class='ocrx_word' id='word_1_433' title='bbox 2522 2720 2640 2799; x_wconf 83' lang='grc' dir='ltr'>γὰρ,</span> <span class='ocrx_word' id='word_1_434' title='bbox 2676 2720 2828 2796; x_wconf 70' lang='grc' dir='ltr'>φησὶ,</span> <span class='ocrx_word' id='word_1_435' title='bbox 2860 2721 3117 2799; x_wconf 78' lang='grc' dir='ltr'>ποτήριον</span> <span class='ocrx_word' id='word_1_436' title='bbox 3142 2718 3328 2799; x_wconf 83' lang='grc' dir='ltr'>ὕδατος</span> <span class='ocrx_word' id='word_1_437' title='bbox 3348 2718 3557 2793; x_wconf 87' lang='grc' dir='ltr'>δώσεις,</span> <span class='ocrx_word' id='word_1_438' title='bbox 3591 2720 3650 2775; x_wconf 90' lang='grc' dir='ltr'><strong>τὸ</strong></span> <span class='ocrx_word' id='word_1_439' title='bbox 3683 2720 3840 2775; x_wconf 74' lang='grc' dir='ltr'>εὖτε-</span> 
     </span>
    </p>
   </div>
   <div class='ocr_carea' id='block_1_55' title="bbox 2184 2798 3840 2889">
    <p class='ocr_par' dir='ltr' id='par_1_55' title="bbox 2184 2798 3840 2889">
     <span class='ocr_line' id='line_1_55' title="bbox 2184 2798 3840 2889; baseline 0.001 -25"><span class='ocrx_word' id='word_1_440' title='bbox 2184 2807 2461 2888; x_wconf 82' lang='grc' dir='ltr'>λέστατον,</span> <span class='ocrx_word' id='word_1_441' title='bbox 2536 2798 2652 2865; x_wconf 70' lang='grc' dir='ltr'>οῦδὲ</span> <span class='ocrx_word' id='word_1_442' title='bbox 2724 2816 2879 2867; x_wconf 91' lang='grc' dir='ltr'>τοῦτο</span> <span class='ocrx_word' id='word_1_443' title='bbox 2949 2798 3254 2873; x_wconf 79' lang='grc' dir='ltr'>ἀπολέσεις.</span> <span class='ocrx_word' id='word_1_444' title='bbox 3293 2798 3510 2889; x_wconf 57' lang='grc' dir='ltr'>’Ἄὶσπερ</span> <span class='ocrx_word' id='word_1_445' title='bbox 3540 2807 3594 2864; x_wconf 77' lang='grc' dir='ltr'>δὲ</span> <span class='ocrx_word' id='word_1_446' title='bbox 3625 2807 3716 2867; x_wconf 75' lang='grc' dir='ltr'>ἰὰν</span> <span class='ocrx_word' id='word_1_447' title='bbox 3744 2808 3840 2865; x_wconf 80' lang='grc' dir='ltr'>ἕνα</span> 
     </span>
    </p>
   </div>
   <div class='ocr_carea' id='block_1_56' title="bbox 2184 2897 3845 2977">
    <p class='ocr_par' dir='ltr' id='par_1_56' title="bbox 2184 2897 3845 2977">
     <span class='ocr_line' id='line_1_56' title="bbox 2184 2897 3845 2977; baseline 0 -23"><span class='ocrx_word' id='word_1_448' title='bbox 2184 2900 2290 2954; x_wconf 79' lang='grc' dir='ltr'>τῶν</span> <span class='ocrx_word' id='word_1_449' title='bbox 2349 2904 2553 2977; x_wconf 82' lang='grc' dir='ltr'>μικρῶν</span> <span class='ocrx_word' id='word_1_450' title='bbox 2615 2897 2875 2975; x_wconf 77' lang='grc' dir='ltr'>τιμῆσῃς,</span> <span class='ocrx_word' id='word_1_451' title='bbox 2968 2901 3271 2977; x_wconf 71' lang='grc' dir='ltr'>εῦαρεστεῒς</span> <span class='ocrx_word' id='word_1_452' title='bbox 3332 2906 3410 2973; x_wconf 87' lang='grc' dir='ltr'>τῷ</span> <span class='ocrx_word' id='word_1_453' title='bbox 3476 2904 3615 2974; x_wconf 83' lang='grc' dir='ltr'>Θεῷ,</span> <span class='ocrx_word' id='word_1_454' title='bbox 3671 2898 3845 2961; x_wconf 76' lang='grc' dir='ltr'>οὕτως</span> 
     </span>
    </p>
   </div>
   <div class='ocr_carea' id='block_1_57' title="bbox 2184 2985 3850 3071">
    <p class='ocr_par' dir='ltr' id='par_1_57' title="bbox 2184 2985 3850 3071">
     <span class='ocr_line' id='line_1_57' title="bbox 2184 2985 3850 3071; baseline 0.001 -30"><span class='ocrx_word' id='word_1_455' title='bbox 2184 2985 2275 3043; x_wconf 72' lang='grc' dir='ltr'>ἐὰν</span> <span class='ocrx_word' id='word_1_456' title='bbox 2332 2985 2424 3043; x_wconf 75' lang='grc' dir='ltr'>ἕνα</span> <span class='ocrx_word' id='word_1_457' title='bbox 2506 2993 2612 3043; x_wconf 84' lang='grc' dir='ltr'><strong>τῶν</strong></span> <span class='ocrx_word' id='word_1_458' title='bbox 2672 2993 2874 3067; x_wconf 80' lang='grc' dir='ltr'>μικρῶν</span> <span class='ocrx_word' id='word_1_459' title='bbox 2919 2986 3292 3071; x_wconf 79' lang='grc' dir='ltr'>σκανδαλίσῃς,</span> <span class='ocrx_word' id='word_1_460' title='bbox 3340 2987 3610 3045; x_wconf 75' lang='grc' dir='ltr'>τουτέστιν</span> <span class='ocrx_word' id='word_1_461' title='bbox 3640 2986 3850 3063; x_wconf 76' lang='grc' dir='ltr'>ἀτιμά-</span> 
     </span>
    </p>
   </div>
   <div class='ocr_carea' id='block_1_58' title="bbox 3314 3076 3848 3154">
    <p class='ocr_par' dir='ltr' id='par_1_58' title="bbox 3314 3076 3848 3154">
     <span class='ocr_line' id='line_1_58' title="bbox 3314 3076 3848 3154; baseline -0.006 -19"><span class='ocrx_word' id='word_1_462' title='bbox 3314 3079 3359 3135; x_wconf 80' lang='grc' dir='ltr'>εἱ</span> <span class='ocrx_word' id='word_1_463' title='bbox 3416 3076 3579 3154; x_wconf 90' lang='grc' dir='ltr'>μύλος</span> <span class='ocrx_word' id='word_1_464' title='bbox 3664 3077 3848 3141; x_wconf 78' lang='grc' dir='ltr'>ὀνικὸς</span> 
     </span>
    </p>
   </div>
   <div class='ocr_carea' id='block_1_59' title="bbox 453 2899 2097 2983">
    <p class='ocr_par' dir='ltr' id='par_1_59' title="bbox 453 2899 2097 2983">
     <span class='ocr_line' id='line_1_59' title="bbox 453 2899 2097 2983; baseline -0.003 -18"><span class='ocrx_word' id='word_1_465' title='bbox 453 2904 657 2979; x_wconf 86' lang='lat' dir='ltr'><strong>bilem,</strong></span> <span class='ocrx_word' id='word_1_466' title='bbox 688 2921 881 2983; x_wconf 89' lang='lat' dir='ltr'><strong>neque</strong></span> <span class='ocrx_word' id='word_1_467' title='bbox 910 2900 1079 2964; x_wconf 92' lang='lat' dir='ltr'><strong>illum</strong></span> <span class='ocrx_word' id='word_1_468' title='bbox 1115 2899 1870 2980; x_wconf 83' lang='lat' dir='ltr'><strong>perdes.Quemadmodum</strong></span> <span class='ocrx_word' id='word_1_469' title='bbox 1904 2909 2097 2961; x_wconf 84' lang='lat' dir='ltr'><strong>autem</strong></span> 
     </span>
    </p>
   </div>
   <div class='ocr_carea' id='block_1_60' title="bbox 448 2989 2097 3072">
    <p class='ocr_par' dir='ltr' id='par_1_60' title="bbox 448 2989 2097 3072">
     <span class='ocr_line' id='line_1_60' title="bbox 448 2989 2097 3072; baseline -0.002 -17"><span class='ocrx_word' id='word_1_470' title='bbox 448 2993 495 3055; x_wconf 92' lang='lat' dir='ltr'><strong>si</strong></span> <span class='ocrx_word' id='word_1_471' title='bbox 531 3013 715 3055; x_wconf 91' lang='lat' dir='ltr'><strong>unum</strong></span> <span class='ocrx_word' id='word_1_472' title='bbox 752 3012 821 3054; x_wconf 78' lang='lat' dir='ltr'><strong>ex</strong></span> <span class='ocrx_word' id='word_1_473' title='bbox 856 2990 1048 3072; x_wconf 85' lang='lat' dir='ltr'><strong>parvis</strong></span> <span class='ocrx_word' id='word_1_474' title='bbox 1109 2990 1514 3064; x_wconf 87' lang='lat' dir='ltr'><strong>honoraveris,</strong></span> <span class='ocrx_word' id='word_1_475' title='bbox 1548 2997 1750 3069; x_wconf 85' lang='lat' dir='ltr'><strong>gratus</strong></span> <span class='ocrx_word' id='word_1_476' title='bbox 1800 2989 1919 3051; x_wconf 90' lang='lat' dir='ltr'><strong>eris</strong></span> <span class='ocrx_word' id='word_1_477' title='bbox 1953 2993 2097 3070; x_wconf 86' lang='lat' dir='ltr'><strong>Deo,</strong></span> 
     </span>
    </p>
   </div>
   <div class='ocr_carea' id='block_1_61' title="bbox 447 3074 2103 3160">
    <p class='ocr_par' dir='ltr' id='par_1_61' title="bbox 447 3079 2093 3160">
     <span class='ocr_line' id='line_1_61' title="bbox 447 3079 2093 3160; baseline -0.002 -15"><span class='ocrx_word' id='word_1_478' title='bbox 447 3084 532 3146; x_wconf 85' lang='lat' dir='ltr'><strong>sic</strong></span> <span class='ocrx_word' id='word_1_479' title='bbox 562 3083 611 3145; x_wconf 92' lang='lat' dir='ltr'><strong>si</strong></span> <span class='ocrx_word' id='word_1_480' title='bbox 644 3102 825 3143; x_wconf 91' lang='lat' dir='ltr'><strong>unum</strong></span> <span class='ocrx_word' id='word_1_481' title='bbox 859 3100 926 3141; x_wconf 88' lang='lat' dir='ltr'><strong>ex</strong></span> <span class='ocrx_word' id='word_1_482' title='bbox 962 3079 1702 3160; x_wconf 86' lang='lat' dir='ltr'><strong>parvis,scandalizaveris,</strong></span> <span class='ocrx_word' id='word_1_483' title='bbox 1736 3080 1848 3141; x_wconf 90' lang='lat' dir='ltr'><strong>hoc</strong></span> <span class='ocrx_word' id='word_1_484' title='bbox 1881 3079 2093 3153; x_wconf 89' lang='lat' dir='ltr'><strong>est,de-</strong></span> 
     </span>
    </p>
   </div>
   <div class='ocr_carea' id='block_1_62' title="bbox 2191 3074 3216 3160">
    <p class='ocr_par' dir='ltr' id='par_1_62' title="bbox 2191 3074 3216 3159">
     <span class='ocr_line' id='line_1_62' title="bbox 2191 3074 3216 3159; baseline 0.002 -28"><span class='ocrx_word' id='word_1_485' title='bbox 2191 3097 2309 3152; x_wconf 78' lang='grc' dir='ltr'>σῃς,</span> <span class='ocrx_word' id='word_1_486' title='bbox 2368 3074 2747 3157; x_wconf 77' lang='grc' dir='ltr'>δποσκελίσῃς,</span> <span class='ocrx_word' id='word_1_487' title='bbox 2799 3076 3049 3159; x_wconf 76' lang='grc' dir='ltr'><strong>συμφέρει</strong></span> <span class='ocrx_word' id='word_1_488' title='bbox 3106 3100 3216 3153; x_wconf 91' lang='grc' dir='ltr'>σοι,</span> 
     </span>
    </p>
   </div>
   <div class='ocr_carea' id='block_1_63' title="bbox 449 3164 2103 3252">
    <p class='ocr_par' dir='ltr' id='par_1_63' title="bbox 449 3167 2103 3252">
     <span class='ocr_line' id='line_1_63' title="bbox 449 3167 2103 3252; baseline -0.002 -18"><span class='ocrx_word' id='word_1_489' title='bbox 449 3167 1405 3252; x_wconf 82' lang='lat' dir='ltr'><strong>Spexeris,offenderis,expediret</strong></span> <span class='ocrx_word' id='word_1_490' title='bbox 1437 3168 1542 3229; x_wconf 90' lang='lat' dir='ltr'><strong>tibi</strong></span> <span class='ocrx_word' id='word_1_491' title='bbox 1572 3169 1621 3229; x_wconf 94' lang='lat' dir='ltr'><strong>si</strong></span> <span class='ocrx_word' id='word_1_492' title='bbox 1656 3172 1810 3229; x_wconf 90' lang='lat' dir='ltr'><strong>mola</strong></span> <span class='ocrx_word' id='word_1_493' title='bbox 1839 3168 2103 3230; x_wconf 88' lang='lat' dir='ltr'><strong>asinaria</strong></span> 
     </span>
    </p>
   </div>
   <div class='ocr_carea' id='block_1_64' title="bbox 2191 3164 3842 3252">
    <p class='ocr_par' dir='ltr' id='par_1_64' title="bbox 2191 3164 3842 3249">
     <span class='ocr_line' id='line_1_64' title="bbox 2191 3164 3842 3249; baseline -0.001 -27"><span class='ocrx_word' id='word_1_494' title='bbox 2191 3165 2485 3240; x_wconf 70' lang='grc' dir='ltr'>ἱκρεμάσθη</span> <span class='ocrx_word' id='word_1_495' title='bbox 2516 3188 2611 3223; x_wconf 89' lang='grc' dir='ltr'><strong>σου</strong></span> <span class='ocrx_word' id='word_1_496' title='bbox 2639 3166 2695 3222; x_wconf 68' lang='grc' dir='ltr'>ἐν</span> <span class='ocrx_word' id='word_1_497' title='bbox 2724 3173 2802 3243; x_wconf 82' lang='grc' dir='ltr'>τῷ</span> <span class='ocrx_word' id='word_1_498' title='bbox 2844 3166 3129 3248; x_wconf 80' lang='grc' dir='ltr'>τραχήλῳ’</span> <span class='ocrx_word' id='word_1_499' title='bbox 3164 3169 3381 3249; x_wconf 77' lang='grc' dir='ltr'>χείρονα</span> <span class='ocrx_word' id='word_1_500' title='bbox 3411 3168 3536 3247; x_wconf 81' lang='grc' dir='ltr'>γὰρ,</span> <span class='ocrx_word' id='word_1_501' title='bbox 3570 3168 3642 3232; x_wconf 76' lang='grc' dir='ltr'>ὣς</span> <span class='ocrx_word' id='word_1_502' title='bbox 3673 3164 3842 3241; x_wconf 78' lang='grc' dir='ltr'>ἔοικε,</span> 
     </span>
    </p>
   </div>
   <div class='ocr_carea' id='block_1_65' title="bbox 445 3255 2103 3340">
    <p class='ocr_par' dir='ltr' id='par_1_65' title="bbox 445 3259 2098 3340">
     <span class='ocr_line' id='line_1_65' title="bbox 445 3259 2098 3340; baseline -0.002 -17"><span class='ocrx_word' id='word_1_503' title='bbox 445 3263 521 3324; x_wconf 91' lang='lat' dir='ltr'><strong>de</strong></span> <span class='ocrx_word' id='word_1_504' title='bbox 546 3264 696 3323; x_wconf 92' lang='lat' dir='ltr'><strong>collo</strong></span> <span class='ocrx_word' id='word_1_505' title='bbox 719 3270 817 3322; x_wconf 89' lang='lat' dir='ltr'><strong>tuo</strong></span> <span class='ocrx_word' id='word_1_506' title='bbox 840 3259 1663 3340; x_wconf 86' lang='lat' dir='ltr'><strong>suspenderetur,graviorem</strong></span> <span class='ocrx_word' id='word_1_507' title='bbox 1679 3260 1837 3320; x_wconf 91' lang='lat' dir='ltr'><strong>enim</strong></span> <span class='ocrx_word' id='word_1_508' title='bbox 1864 3277 2098 3339; x_wconf 76' lang='lat' dir='ltr'><strong>poenam</strong></span> 
     </span>
    </p>
   </div>
   <div class='ocr_carea' id='block_1_66' title="bbox 2191 3255 3838 3340">
    <p class='ocr_par' dir='ltr' id='par_1_66' title="bbox 2191 3255 3838 3337">
     <span class='ocr_line' id='line_1_66' title="bbox 2191 3255 3838 3337; baseline 0.001 -25"><span class='ocrx_word' id='word_1_509' title='bbox 2191 3255 2441 3335; x_wconf 76' lang='grc' dir='ltr'>τιμωρίαν</span> <span class='ocrx_word' id='word_1_510' title='bbox 2488 3257 2922 3333; x_wconf 80' lang='grc' dir='ltr'>ὑποστησόμεθα,</span> <span class='ocrx_word' id='word_1_511' title='bbox 2980 3259 3248 3325; x_wconf 77' lang='grc' dir='ltr'>Αἶσθητήν</span> <span class='ocrx_word' id='word_1_512' title='bbox 3318 3255 3381 3316; x_wconf 78' lang='grc' dir='ltr'><strong>δά</strong></span> <span class='ocrx_word' id='word_1_513' title='bbox 3428 3255 3683 3337; x_wconf 82' lang='grc' dir='ltr'>τιμωρίαν</span> <span class='ocrx_word' id='word_1_514' title='bbox 3739 3256 3838 3313; x_wconf 72' lang='grc' dir='ltr'>εί-</span> 
     </span>
    </p>
   </div>
   <div class='ocr_carea' id='block_1_67' title="bbox 444 3342 2103 3429">
    <p class='ocr_par' dir='ltr' id='par_1_67' title="bbox 444 3347 2098 3429">
     <span class='ocr_line' id='line_1_67' title="bbox 444 3347 2098 3429; baseline -0.003 -16"><span class='ocrx_word' id='word_1_515' title='bbox 444 3351 897 3414; x_wconf 90' lang='lat' dir='ltr'><strong>sustinebimus.</strong></span> <span class='ocrx_word' id='word_1_516' title='bbox 933 3348 1231 3411; x_wconf 89' lang='lat' dir='ltr'><strong>Sensibile</strong></span> <span class='ocrx_word' id='word_1_517' title='bbox 1280 3356 1480 3410; x_wconf 89' lang='lat' dir='ltr'><strong>autem</strong></span> <span class='ocrx_word' id='word_1_518' title='bbox 1534 3347 1894 3429; x_wconf 90' lang='lat' dir='ltr'><strong>supplicium</strong></span> <span class='ocrx_word' id='word_1_519' title='bbox 1929 3347 2098 3424; x_wconf 75' lang='lat' dir='ltr'><strong>dixit,</strong></span> 
     </span>
    </p>
   </div>
   <div class='ocr_carea' id='block_1_68' title="bbox 2191 3342 3825 3429">
    <p class='ocr_par' dir='ltr' id='par_1_68' title="bbox 2191 3342 3825 3425">
     <span class='ocr_line' id='line_1_68' title="bbox 2191 3342 3825 3425; baseline 0.001 -25"><span class='ocrx_word' id='word_1_520' title='bbox 2191 3364 2303 3419; x_wconf 81' lang='grc' dir='ltr'>πεν,</span> <span class='ocrx_word' id='word_1_521' title='bbox 2365 3342 2606 3425; x_wconf 72' lang='grc' dir='ltr'>ἐκφοϐῶν</span> <span class='ocrx_word' id='word_1_522' title='bbox 2667 3347 2812 3421; x_wconf 76' lang='grc' dir='ltr'>ἡμᾶς</span> <span class='ocrx_word' id='word_1_523' title='bbox 2860 3344 2945 3402; x_wconf 77' lang='grc' dir='ltr'>διὰ</span> <span class='ocrx_word' id='word_1_524' title='bbox 2991 3346 3178 3403; x_wconf 85' lang='grc' dir='ltr'>τούτου</span> <span class='ocrx_word' id='word_1_525' title='bbox 3229 3353 3323 3403; x_wconf 90' lang='grc' dir='ltr'><strong>τοῦ</strong></span> <span class='ocrx_word' id='word_1_526' title='bbox 3380 3347 3632 3415; x_wconf 68' lang='grc' dir='ltr'>αἰσθητοῦ</span> <span class='ocrx_word' id='word_1_527' title='bbox 3684 3346 3825 3402; x_wconf 80' lang='grc' dir='ltr'><strong>ὑπο-</strong></span> 
     </span>
    </p>
   </div>
   <div class='ocr_carea' id='block_1_69' title="bbox 441 3430 2103 3520">
    <p class='ocr_par' dir='ltr' id='par_1_69' title="bbox 441 3438 1766 3520">
     <span class='ocr_line' id='line_1_69' title="bbox 441 3438 1766 3520; baseline 0 -18"><span class='ocrx_word' id='word_1_528' title='bbox 441 3450 676 3504; x_wconf 91' lang='lat' dir='ltr'><strong>terrens</strong></span> <span class='ocrx_word' id='word_1_529' title='bbox 708 3458 816 3502; x_wconf 90' lang='lat' dir='ltr'><strong>nos</strong></span> <span class='ocrx_word' id='word_1_530' title='bbox 846 3458 955 3520; x_wconf 91' lang='lat' dir='ltr'><strong>per</strong></span> <span class='ocrx_word' id='word_1_531' title='bbox 982 3439 1096 3500; x_wconf 91' lang='lat' dir='ltr'><strong>hoc</strong></span> <span class='ocrx_word' id='word_1_532' title='bbox 1126 3438 1409 3501; x_wconf 90' lang='lat' dir='ltr'><strong>sensibile</strong></span> <span class='ocrx_word' id='word_1_533' title='bbox 1442 3438 1766 3517; x_wconf 82' lang='lat' dir='ltr'><strong>exemplar.</strong></span> 
     </span>
    </p>
   </div>
   <div class='ocr_carea' id='block_1_70' title="bbox 2191 3430 2489 3520">
    <p class='ocr_par' dir='ltr' id='par_1_70' title="bbox 2191 3430 2489 3511">
     <span class='ocr_line' id='line_1_70' title="bbox 2191 3430 2489 3511; baseline 0.01 -24"><span class='ocrx_word' id='word_1_534' title='bbox 2191 3430 2489 3511; x_wconf 74' lang='grc' dir='ltr'>Ξείγματος.</span> 
     </span>
    </p>
   </div>
   <div class='ocr_carea' id='block_1_71' title="bbox 520 3520 2103 3605">
    <p class='ocr_par' dir='ltr' id='par_1_71' title="bbox 520 3526 2091 3593">
     <span class='ocr_line' id='line_1_71' title="bbox 520 3526 2091 3593; baseline -0.002 -2"><span class='ocrx_word' id='word_1_535' title='bbox 520 3533 705 3593; x_wconf 67' lang='lat' dir='ltr'><strong>Vens.</strong></span> <span class='ocrx_word' id='word_1_536' title='bbox 743 3528 952 3592; x_wconf 70' lang='lat'><strong>4‘2-49.</strong></span> <span class='ocrx_word' id='word_1_537' title='bbox 991 3527 1093 3588; x_wconf 70' lang='lat' dir='ltr'><strong>«Et</strong></span> <span class='ocrx_word' id='word_1_538' title='bbox 1122 3527 1170 3588; x_wconf 91' lang='lat' dir='ltr'><strong>si</strong></span> <span class='ocrx_word' id='word_1_539' title='bbox 1204 3527 1309 3589; x_wconf 93' lang='lat' dir='ltr'><strong>tibi</strong></span> <span class='ocrx_word' id='word_1_540' title='bbox 1340 3526 1520 3589; x_wconf 81' lang='lat' dir='ltr'><strong>fuerit</strong></span> <span class='ocrx_word' id='word_1_541' title='bbox 1543 3526 1847 3588; x_wconf 87' lang='lat' dir='ltr'><strong>obstaculo</strong></span> <span class='ocrx_word' id='word_1_542' title='bbox 1882 3545 2091 3589; x_wconf 88' lang='lat' dir='ltr'><strong>manus</strong></span> 
     </span>
    </p>
   </div>
   <div class='ocr_carea' id='block_1_72' title="bbox 2191 3520 3835 3605">
    <p class='ocr_par' dir='ltr' id='par_1_72' title="bbox 2264 3520 3835 3605">
     <span class='ocr_line' id='line_1_72' title="bbox 2264 3520 3835 3605; baseline 0.001 -27"><span class='ocrx_word' id='word_1_543' title='bbox 2264 3544 2287 3577; x_wconf 72' lang='grc' dir='ltr'><strong>ε</strong></span> <span class='ocrx_word' id='word_1_544' title='bbox 2353 3525 2451 3580; x_wconf 85' lang='grc' dir='ltr'>Καὶ</span> <span class='ocrx_word' id='word_1_545' title='bbox 2503 3523 2594 3580; x_wconf 67' lang='grc' dir='ltr'>ἰὰν</span> <span class='ocrx_word' id='word_1_546' title='bbox 2651 3520 2972 3601; x_wconf 74' lang='grc' dir='ltr'>σκανδαλὶζῃ</span> <span class='ocrx_word' id='word_1_547' title='bbox 3027 3545 3086 3581; x_wconf 89' lang='grc' dir='ltr'><strong>σε</strong></span> <span class='ocrx_word' id='word_1_548' title='bbox 3141 3525 3176 3593; x_wconf 81' lang='grc' dir='ltr'>ἡ</span> <span class='ocrx_word' id='word_1_549' title='bbox 3208 3527 3329 3605; x_wconf 84' lang='grc' dir='ltr'>χείρ</span> <span class='ocrx_word' id='word_1_550' title='bbox 3378 3546 3494 3600; x_wconf 85' lang='grc' dir='ltr'>σου,</span> <span class='ocrx_word' id='word_1_551' title='bbox 3552 3523 3835 3600; x_wconf 79' lang='grc' dir='ltr'>ἀπόκοψον</span> 
     </span>
    </p>
   </div>
   <div class='ocr_carea' id='block_1_73' title="bbox 441 3611 2103 3699">
    <p class='ocr_par' dir='ltr' id='par_1_73' title="bbox 441 3615 2087 3699">
     <span class='ocr_line' id='line_1_73' title="bbox 441 3615 2087 3699; baseline -0.004 -18"><span class='ocrx_word' id='word_1_552' title='bbox 441 3629 565 3693; x_wconf 90' lang='lat' dir='ltr'><strong>tua,</strong></span> <span class='ocrx_word' id='word_1_553' title='bbox 595 3628 834 3699; x_wconf 87' lang='lat' dir='ltr'><strong>amputa</strong></span> <span class='ocrx_word' id='word_1_554' title='bbox 861 3617 1046 3679; x_wconf 91' lang='lat' dir='ltr'><strong>illam.</strong></span> <span class='ocrx_word' id='word_1_555' title='bbox 1074 3620 1300 3678; x_wconf 88' lang='lat' dir='ltr'><strong>Bonum</strong></span> <span class='ocrx_word' id='word_1_556' title='bbox 1336 3624 1423 3676; x_wconf 89' lang='lat' dir='ltr'><strong>est</strong></span> <span class='ocrx_word' id='word_1_557' title='bbox 1451 3615 1555 3677; x_wconf 90' lang='lat' dir='ltr'><strong>tibi</strong></span> <span class='ocrx_word' id='word_1_558' title='bbox 1582 3615 1850 3675; x_wconf 92' lang='lat' dir='ltr'><strong>mutilum</strong></span> <span class='ocrx_word' id='word_1_559' title='bbox 1883 3617 1955 3677; x_wconf 89' lang='lat' dir='ltr'><strong>ad</strong></span> <span class='ocrx_word' id='word_1_560' title='bbox 2000 3616 2087 3676; x_wconf 82' lang='lat' dir='ltr'><strong>vi-</strong></span> 
     </span>
    </p>
   </div>
   <div class='ocr_carea' id='block_1_74' title="bbox 2191 3611 3835 3699">
    <p class='ocr_par' dir='ltr' id='par_1_74' title="bbox 2191 3611 3835 3695">
     <span class='ocr_line' id='line_1_74' title="bbox 2191 3611 3835 3695; baseline 0.002 -27"><span class='ocrx_word' id='word_1_561' title='bbox 2191 3612 2366 3681; x_wconf 77' lang='grc' dir='ltr'>ιῦτὴν.</span> <span class='ocrx_word' id='word_1_562' title='bbox 2417 3611 2593 3671; x_wconf 83' lang='grc' dir='ltr'>Καλόν</span> <span class='ocrx_word' id='word_1_563' title='bbox 2650 3614 2734 3670; x_wconf 92' lang='grc' dir='ltr'><strong>σοί</strong></span> <span class='ocrx_word' id='word_1_564' title='bbox 2786 3613 2897 3670; x_wconf 68' lang='grc' dir='ltr'>ἔστι</span> <span class='ocrx_word' id='word_1_565' title='bbox 2926 3611 3120 3671; x_wconf 80' lang='grc' dir='ltr'>κυλλὸν</span> <span class='ocrx_word' id='word_1_566' title='bbox 3145 3616 3218 3679; x_wconf 73' lang='grc' dir='ltr'>εἷς</span> <span class='ocrx_word' id='word_1_567' title='bbox 3249 3616 3349 3683; x_wconf 80' lang='grc' dir='ltr'><strong>τὴν</strong></span> <span class='ocrx_word' id='word_1_568' title='bbox 3378 3616 3520 3686; x_wconf 78' lang='grc' dir='ltr'>ζωὴν</span> <span class='ocrx_word' id='word_1_569' title='bbox 3551 3613 3835 3695; x_wconf 75' lang='grc' dir='ltr'>εἰσελθεῖν,</span> 
     </span>
    </p>
   </div>
   <div class='ocr_carea' id='block_1_75' title="bbox 440 3699 2103 3787">
    <p class='ocr_par' dir='ltr' id='par_1_75' title="bbox 440 3703 2088 3787">
     <span class='ocr_line' id='line_1_75' title="bbox 440 3703 2088 3787; baseline -0.002 -18"><span class='ocrx_word' id='word_1_570' title='bbox 440 3718 556 3771; x_wconf 86' lang='lat' dir='ltr'><strong>tam</strong></span> <span class='ocrx_word' id='word_1_571' title='bbox 587 3707 842 3787; x_wconf 81' lang='lat' dir='ltr'><strong>ingredi,</strong></span> <span class='ocrx_word' id='word_1_572' title='bbox 878 3706 1071 3786; x_wconf 90' lang='lat' dir='ltr'><strong>potius</strong></span> <span class='ocrx_word' id='word_1_573' title='bbox 1118 3723 1295 3786; x_wconf 86' lang='lat' dir='ltr'><strong>quam</strong></span> <span class='ocrx_word' id='word_1_574' title='bbox 1326 3704 1471 3765; x_wconf 90' lang='lat' dir='ltr'><strong>duas</strong></span> <span class='ocrx_word' id='word_1_575' title='bbox 1504 3722 1713 3764; x_wconf 89' lang='lat' dir='ltr'><strong>manus</strong></span> <span class='ocrx_word' id='word_1_576' title='bbox 1767 3703 2088 3767; x_wconf 89' lang='lat' dir='ltr'><strong>habentem</strong></span> 
     </span>
    </p>
   </div>
   <div class='ocr_carea' id='block_1_76' title="bbox 2191 3699 3830 3787">
    <p class='ocr_par' dir='ltr' id='par_1_76' title="bbox 2191 3699 3830 3783">
     <span class='ocr_line' id='line_1_76' title="bbox 2191 3699 3830 3783; baseline 0.001 -26"><span class='ocrx_word' id='word_1_577' title='bbox 2191 3699 2207 3768; x_wconf 65' lang='grc' dir='ltr'><strong>ἱ</strong></span> <span class='ocrx_word' id='word_1_578' title='bbox 2275 3702 2370 3766; x_wconf 81' lang='grc' dir='ltr'><strong>τὰς</strong></span> <span class='ocrx_word' id='word_1_579' title='bbox 2430 3700 2520 3759; x_wconf 84' lang='grc' dir='ltr'><strong>δύο</strong></span> <span class='ocrx_word' id='word_1_580' title='bbox 2567 3714 2761 3782; x_wconf 80' lang='grc' dir='ltr'>χεῖρας</span> <span class='ocrx_word' id='word_1_581' title='bbox 2790 3702 3013 3783; x_wconf 73' lang='grc' dir='ltr'>ἔχοντα,</span> <span class='ocrx_word' id='word_1_582' title='bbox 3044 3702 3298 3761; x_wconf 72' lang='grc' dir='ltr'>ἀπελθεῖν</span> <span class='ocrx_word' id='word_1_583' title='bbox 3340 3705 3414 3769; x_wconf 69' lang='grc' dir='ltr'><strong>εις</strong></span> <span class='ocrx_word' id='word_1_584' title='bbox 3442 3704 3545 3771; x_wconf 78' lang='grc' dir='ltr'>τὴν</span> <span class='ocrx_word' id='word_1_585' title='bbox 3587 3703 3830 3781; x_wconf 80' lang='grc' dir='ltr'>γέενναν,</span> 
     </span>
    </p>
   </div>
   <div class='ocr_carea' id='block_1_77' title="bbox 442 3788 2103 3875">
    <p class='ocr_par' dir='ltr' id='par_1_77' title="bbox 442 3792 2086 3875">
     <span class='ocr_line' id='line_1_77' title="bbox 442 3792 2086 3875; baseline -0.003 -16"><span class='ocrx_word' id='word_1_586' title='bbox 442 3797 608 3859; x_wconf 88' lang='lat' dir='ltr'><strong>abire</strong></span> <span class='ocrx_word' id='word_1_587' title='bbox 653 3801 713 3857; x_wconf 88' lang='lat' dir='ltr'><strong>in</strong></span> <span class='ocrx_word' id='word_1_588' title='bbox 765 3797 1122 3875; x_wconf 83' lang='lat' dir='ltr'><strong>gehennam,</strong></span> <span class='ocrx_word' id='word_1_589' title='bbox 1158 3796 1217 3853; x_wconf 92' lang='lat' dir='ltr'><strong>in</strong></span> <span class='ocrx_word' id='word_1_590' title='bbox 1267 3793 1464 3872; x_wconf 89' lang='lat' dir='ltr'><strong>ignem</strong></span> <span class='ocrx_word' id='word_1_591' title='bbox 1511 3792 2086 3872; x_wconf 86' lang='lat' dir='ltr'><strong>inexstinguibilem,</strong></span> 
     </span>
    </p>
   </div>
   <div class='ocr_carea' id='block_1_78' title="bbox 2191 3788 3832 3875">
    <p class='ocr_par' dir='ltr' id='par_1_78' title="bbox 2191 3788 3832 3873">
     <span class='ocr_line' id='line_1_78' title="bbox 2191 3788 3832 3873; baseline 0.003 -30"><span class='ocrx_word' id='word_1_592' title='bbox 2191 3790 2246 3855; x_wconf 71' lang='grc' dir='ltr'><strong>ιίς</strong></span> <span class='ocrx_word' id='word_1_593' title='bbox 2302 3793 2365 3847; x_wconf 90' lang='grc' dir='ltr'><strong>τὸ</strong></span> <span class='ocrx_word' id='word_1_594' title='bbox 2423 3798 2525 3871; x_wconf 77' lang='grc' dir='ltr'><strong>πῦρ</strong></span> <span class='ocrx_word' id='word_1_595' title='bbox 2575 3793 2638 3847; x_wconf 88' lang='grc' dir='ltr'><strong>τὸ</strong></span> <span class='ocrx_word' id='word_1_596' title='bbox 2696 3788 2976 3873; x_wconf 73' lang='grc' dir='ltr'>ἄσϐεστον,</span> <span class='ocrx_word' id='word_1_597' title='bbox 3062 3793 3197 3849; x_wconf 85' lang='grc' dir='ltr'>ὃπου</span> <span class='ocrx_word' id='word_1_598' title='bbox 3223 3792 3253 3849; x_wconf 80' lang='grc' dir='ltr'><strong>ὃ</strong></span> <span class='ocrx_word' id='word_1_599' title='bbox 3308 3791 3523 3860; x_wconf 78' lang='grc' dir='ltr'>σκώληξ</span> <span class='ocrx_word' id='word_1_600' title='bbox 3566 3795 3738 3851; x_wconf 72' lang='grc' dir='ltr'>αὐτῶν</span> <span class='ocrx_word' id='word_1_601' title='bbox 3769 3792 3832 3849; x_wconf 78' lang='grc' dir='ltr'>οῦ</span> 
     </span>
    </p>
   </div>
   <div class='ocr_carea' id='block_1_79' title="bbox 444 3878 2103 3962">
    <p class='ocr_par' dir='ltr' id='par_1_79' title="bbox 444 3881 2090 3962">
     <span class='ocr_line' id='line_1_79' title="bbox 444 3881 2090 3962; baseline -0.002 -15"><span class='ocrx_word' id='word_1_602' title='bbox 444 3887 545 3947; x_wconf 90' lang='lat' dir='ltr'><strong>ubi</strong></span> <span class='ocrx_word' id='word_1_603' title='bbox 560 3886 780 3948; x_wconf 88' lang='lat' dir='ltr'><strong>vermis</strong></span> <span class='ocrx_word' id='word_1_604' title='bbox 802 3885 1040 3946; x_wconf 91' lang='lat' dir='ltr'><strong>illorum</strong></span> <span class='ocrx_word' id='word_1_605' title='bbox 1066 3901 1184 3943; x_wconf 94' lang='lat' dir='ltr'><strong>non</strong></span> <span class='ocrx_word' id='word_1_606' title='bbox 1207 3881 1713 3962; x_wconf 86' lang='lat' dir='ltr'><strong>moritur,etignis</strong></span> <span class='ocrx_word' id='word_1_607' title='bbox 1731 3899 1847 3943; x_wconf 90' lang='lat' dir='ltr'><strong>non</strong></span> <span class='ocrx_word' id='word_1_608' title='bbox 1864 3883 2090 3944; x_wconf 84' lang='lat' dir='ltr'><strong>exstin-</strong></span> 
     </span>
    </p>
   </div>
   <div class='ocr_carea' id='block_1_80' title="bbox 2191 3878 3828 3962">
    <p class='ocr_par' dir='ltr' id='par_1_80' title="bbox 2191 3878 3828 3960">
     <span class='ocr_line' id='line_1_80' title="bbox 2191 3878 3828 3960; baseline 0.002 -25"><span class='ocrx_word' id='word_1_609' title='bbox 2191 3878 2413 3956; x_wconf 74' lang='grc' dir='ltr'>τελευτᾷ,</span> <span class='ocrx_word' id='word_1_610' title='bbox 2474 3881 2564 3937; x_wconf 84' lang='grc' dir='ltr'><strong>καὶ</strong></span> <span class='ocrx_word' id='word_1_611' title='bbox 2617 3881 2680 3937; x_wconf 88' lang='grc' dir='ltr'><strong>τὸ</strong></span> <span class='ocrx_word' id='word_1_612' title='bbox 2734 3880 2837 3960; x_wconf 86' lang='grc' dir='ltr'><strong>πῦρ</strong></span> <span class='ocrx_word' id='word_1_613' title='bbox 2888 3881 2948 3938; x_wconf 75' lang='grc' dir='ltr'>οὐ</span> <span class='ocrx_word' id='word_1_614' title='bbox 3005 3878 3301 3942; x_wconf 79' lang='grc' dir='ltr'>σϐέννυται.</span> <span class='ocrx_word' id='word_1_615' title='bbox 3338 3884 3437 3941; x_wconf 73' lang='grc' dir='ltr'><strong>Καὶ</strong></span> <span class='ocrx_word' id='word_1_616' title='bbox 3466 3880 3555 3940; x_wconf 76' lang='grc' dir='ltr'><strong>ἰὰν</strong></span> <span class='ocrx_word' id='word_1_617' title='bbox 3612 3884 3640 3938; x_wconf 77' lang='grc' dir='ltr'><strong>ὁ</strong></span> <span class='ocrx_word' id='word_1_618' title='bbox 3697 3889 3828 3946; x_wconf 91' lang='grc' dir='ltr'>ποῦς</span> 
     </span>
    </p>
   </div>
   <div class='ocr_carea' id='block_1_81' title="bbox 442 3968 2103 4055">
    <p class='ocr_par' dir='ltr' id='par_1_81' title="bbox 442 3970 2091 4055">
     <span class='ocr_line' id='line_1_81' title="bbox 442 3970 2091 4055; baseline -0.002 -18"><span class='ocrx_word' id='word_1_619' title='bbox 442 3974 739 4055; x_wconf 88' lang='lat' dir='ltr'><strong>guitur.Et</strong></span> <span class='ocrx_word' id='word_1_620' title='bbox 758 3974 808 4035; x_wconf 92' lang='lat' dir='ltr'><strong>si</strong></span> <span class='ocrx_word' id='word_1_621' title='bbox 836 3991 939 4053; x_wconf 90' lang='lat' dir='ltr'><strong>pes</strong></span> <span class='ocrx_word' id='word_1_622' title='bbox 977 3979 1109 4032; x_wconf 90' lang='lat' dir='ltr'><strong>tuus</strong></span> <span class='ocrx_word' id='word_1_623' title='bbox 1140 3970 1320 4033; x_wconf 87' lang='lat' dir='ltr'><strong>fuerit</strong></span> <span class='ocrx_word' id='word_1_624' title='bbox 1351 3970 1456 4031; x_wconf 92' lang='lat' dir='ltr'><strong>tibi</strong></span> <span class='ocrx_word' id='word_1_625' title='bbox 1487 3970 1816 4044; x_wconf 81' lang='lat' dir='ltr'><strong>obstaculo,</strong></span> <span class='ocrx_word' id='word_1_626' title='bbox 1851 3980 2091 4051; x_wconf 84' lang='lat' dir='ltr'><strong>amputa</strong></span> 
     </span>
    </p>
   </div>
   <div class='ocr_carea' id='block_1_82' title="bbox 2191 3968 3825 4055">
    <p class='ocr_par' dir='ltr' id='par_1_82' title="bbox 2191 3968 3825 4051">
     <span class='ocr_line' id='line_1_82' title="bbox 2191 3968 3825 4051; baseline 0.003 -29"><span class='ocrx_word' id='word_1_627' title='bbox 2191 3989 2265 4026; x_wconf 68' lang='grc' dir='ltr'>που</span> <span class='ocrx_word' id='word_1_628' title='bbox 2316 3968 2633 4048; x_wconf 74' lang='grc' dir='ltr'>σκανδαλίζῃ</span> <span class='ocrx_word' id='word_1_629' title='bbox 2699 3991 2785 4051; x_wconf 88' lang='grc' dir='ltr'><strong>σε,</strong></span> <span class='ocrx_word' id='word_1_630' title='bbox 2832 3969 3111 4047; x_wconf 79' lang='grc' dir='ltr'>ἀπόκοψον</span> <span class='ocrx_word' id='word_1_631' title='bbox 3142 3973 3323 4051; x_wconf 76' lang='grc' dir='ltr'>αὐτὸν,</span> <span class='ocrx_word' id='word_1_632' title='bbox 3353 3970 3519 4028; x_wconf 85' lang='grc' dir='ltr'>καλόν</span> <span class='ocrx_word' id='word_1_633' title='bbox 3551 3971 3634 4027; x_wconf 85' lang='grc' dir='ltr'><strong>σοί</strong></span> <span class='ocrx_word' id='word_1_634' title='bbox 3682 3972 3825 4028; x_wconf 80' lang='grc' dir='ltr'>ἐστιν</span> 
     </span>
    </p>
   </div>
   <div class='ocr_carea' id='block_1_83' title="bbox 429 4054 2103 4140">
    <p class='ocr_par' dir='ltr' id='par_1_83' title="bbox 429 4054 2083 4138">
     <span class='ocr_line' id='line_1_83' title="bbox 429 4054 2083 4138; baseline -0.004 -11"><span class='ocrx_word' id='word_1_635' title='bbox 429 4054 863 4128; x_wconf 65' lang='grc' dir='ltr'>’ἰΙΙυιηειιοηυηι</span> <span class='ocrx_word' id='word_1_636' title='bbox 885 4069 975 4123; x_wconf 90' lang='lat' dir='ltr'><strong>est</strong></span> <span class='ocrx_word' id='word_1_637' title='bbox 1003 4060 1190 4121; x_wconf 91' lang='lat' dir='ltr'><strong>tihiut</strong></span> <span class='ocrx_word' id='word_1_638' title='bbox 1220 4059 1571 4138; x_wconf 89' lang='lat' dir='ltr'><strong>ingrediaris</strong></span> <span class='ocrx_word' id='word_1_639' title='bbox 1600 4058 1672 4120; x_wconf 87' lang='lat' dir='ltr'><strong>ad</strong></span> <span class='ocrx_word' id='word_1_640' title='bbox 1704 4059 1885 4121; x_wconf 83' lang='lat' dir='ltr'><strong>vitam</strong></span> <span class='ocrx_word' id='word_1_641' title='bbox 1917 4061 2083 4122; x_wconf 90' lang='lat' dir='ltr'><strong>clau-</strong></span> 
     </span>
    </p>
   </div>
   <div class='ocr_carea' id='block_1_84' title="bbox 2191 4054 3825 4140">
    <p class='ocr_par' dir='ltr' id='par_1_84' title="bbox 2191 4057 3825 4140">
     <span class='ocr_line' id='line_1_84' title="bbox 2191 4057 3825 4140; baseline 0.003 -27"><span class='ocrx_word' id='word_1_642' title='bbox 2191 4057 2423 4116; x_wconf 56' lang='grc' dir='ltr'>ηἰσελθεϊν</span> <span class='ocrx_word' id='word_1_643' title='bbox 2476 4060 2548 4122; x_wconf 76' lang='grc' dir='ltr'><strong>εἰς</strong></span> <span class='ocrx_word' id='word_1_644' title='bbox 2606 4059 2706 4126; x_wconf 82' lang='grc' dir='ltr'><strong>τὴν</strong></span> <span class='ocrx_word' id='word_1_645' title='bbox 2762 4059 2908 4131; x_wconf 77' lang='grc' dir='ltr'>ζωὴν</span> <span class='ocrx_word' id='word_1_646' title='bbox 2954 4058 3167 4140; x_wconf 87' lang='grc' dir='ltr'>χωλὸν,</span> <span class='ocrx_word' id='word_1_647' title='bbox 3224 4060 3261 4129; x_wconf 72' lang='grc' dir='ltr'><strong>ἦ</strong></span> <span class='ocrx_word' id='word_1_648' title='bbox 3329 4060 3453 4125; x_wconf 81' lang='grc' dir='ltr'>τοὺς</span> <span class='ocrx_word' id='word_1_649' title='bbox 3513 4058 3602 4118; x_wconf 81' lang='grc' dir='ltr'><strong>δύο</strong></span> <span class='ocrx_word' id='word_1_650' title='bbox 3652 4059 3825 4126; x_wconf 86' lang='grc' dir='ltr'>πόδας</span> 
     </span>
    </p>
   </div>
   <div class='ocr_carea' id='block_1_85' title="bbox 441 4147 2103 4234">
    <p class='ocr_par' dir='ltr' id='par_1_85' title="bbox 441 4148 2084 4234">
     <span class='ocr_line' id='line_1_85' title="bbox 441 4148 2084 4234; baseline -0.002 -19"><span class='ocrx_word' id='word_1_651' title='bbox 441 4153 777 4234; x_wconf 86' lang='lat' dir='ltr'><strong>dus,potius</strong></span> <span class='ocrx_word' id='word_1_652' title='bbox 811 4152 944 4211; x_wconf 72' lang='lat'><strong>921</strong></span> <span class='ocrx_word' id='word_1_653' title='bbox 992 4168 1168 4230; x_wconf 90' lang='lat' dir='ltr'><strong>quam</strong></span> <span class='ocrx_word' id='word_1_654' title='bbox 1210 4149 1361 4211; x_wconf 89' lang='lat' dir='ltr'><strong>duos</strong></span> <span class='ocrx_word' id='word_1_655' title='bbox 1405 4148 1586 4229; x_wconf 91' lang='lat' dir='ltr'><strong>pedes</strong></span> <span class='ocrx_word' id='word_1_656' title='bbox 1627 4148 1852 4210; x_wconf 88' lang='lat' dir='ltr'><strong>habens</strong></span> <span class='ocrx_word' id='word_1_657' title='bbox 1885 4149 2084 4212; x_wconf 87' lang='lat' dir='ltr'><strong>mitta-</strong></span> 
     </span>
    </p>
   </div>
   <div class='ocr_carea' id='block_1_86' title="bbox 2191 4147 3826 4234">
    <p class='ocr_par' dir='ltr' id='par_1_86' title="bbox 2193 4147 3826 4231">
     <span class='ocr_line' id='line_1_86' title="bbox 2193 4147 3826 4231; baseline 0.001 -26"><span class='ocrx_word' id='word_1_658' title='bbox 2193 4170 2384 4228; x_wconf 79' lang='grc' dir='ltr'>χοντα,</span> <span class='ocrx_word' id='word_1_659' title='bbox 2445 4147 2709 4225; x_wconf 77' lang='grc' dir='ltr'>βληθῆναι</span> <span class='ocrx_word' id='word_1_660' title='bbox 2780 4150 2851 4215; x_wconf 81' lang='grc' dir='ltr'>εἷς</span> <span class='ocrx_word' id='word_1_661' title='bbox 2908 4151 3008 4218; x_wconf 75' lang='grc' dir='ltr'><strong>τὴν</strong></span> <span class='ocrx_word' id='word_1_662' title='bbox 3061 4150 3302 4231; x_wconf 76' lang='grc' dir='ltr'>γέενναν,</span> <span class='ocrx_word' id='word_1_663' title='bbox 3361 4153 3436 4216; x_wconf 84' lang='grc' dir='ltr'>εἷς</span> <span class='ocrx_word' id='word_1_664' title='bbox 3490 4152 3553 4208; x_wconf 92' lang='grc' dir='ltr'><strong>τὸ</strong></span> <span class='ocrx_word' id='word_1_665' title='bbox 3609 4158 3711 4231; x_wconf 87' lang='grc' dir='ltr'><strong>πῦρ</strong></span> <span class='ocrx_word' id='word_1_666' title='bbox 3762 4152 3826 4207; x_wconf 91' lang='grc' dir='ltr'><strong>τὸ</strong></span> 
     </span>
    </p>
   </div>
   <div class='ocr_carea' id='block_1_87' title="bbox 441 4235 2103 4321">
    <p class='ocr_par' dir='ltr' id='par_1_87' title="bbox 441 4236 2085 4321">
     <span class='ocr_line' id='line_1_87' title="bbox 441 4236 2085 4321; baseline -0.002 -17"><span class='ocrx_word' id='word_1_667' title='bbox 441 4244 522 4304; x_wconf 92' lang='lat' dir='ltr'><strong>ris</strong></span> <span class='ocrx_word' id='word_1_668' title='bbox 545 4244 604 4304; x_wconf 93' lang='lat' dir='ltr'><strong>in</strong></span> <span class='ocrx_word' id='word_1_669' title='bbox 635 4242 992 4321; x_wconf 86' lang='lat' dir='ltr'><strong>gehennam,</strong></span> <span class='ocrx_word' id='word_1_670' title='bbox 1044 4239 1102 4299; x_wconf 92' lang='lat' dir='ltr'><strong>in</strong></span> <span class='ocrx_word' id='word_1_671' title='bbox 1140 4238 1339 4315; x_wconf 89' lang='lat' dir='ltr'><strong>ignem</strong></span> <span class='ocrx_word' id='word_1_672' title='bbox 1386 4236 1951 4317; x_wconf 86' lang='lat' dir='ltr'><strong>inexstinguibilem,</strong></span> <span class='ocrx_word' id='word_1_673' title='bbox 1985 4239 2085 4300; x_wconf 84' lang='lat' dir='ltr'><strong>ubi</strong></span> 
     </span>
    </p>
   </div>
   <div class='ocr_carea' id='block_1_88' title="bbox 2191 4235 3824 4321">
    <p class='ocr_par' dir='ltr' id='par_1_88' title="bbox 2191 4235 3824 4321">
     <span class='ocr_line' id='line_1_88' title="bbox 2191 4235 3824 4321; baseline 0.002 -29"><span class='ocrx_word' id='word_1_674' title='bbox 2191 4235 2443 4312; x_wconf 69' lang='grc' dir='ltr'>ἳσϐεστον,</span> <span class='ocrx_word' id='word_1_675' title='bbox 2503 4236 2637 4295; x_wconf 76' lang='grc' dir='ltr'>ὅπου</span> <span class='ocrx_word' id='word_1_676' title='bbox 2706 4239 2735 4293; x_wconf 79' lang='grc' dir='ltr'><strong>ὁ</strong></span> <span class='ocrx_word' id='word_1_677' title='bbox 2785 4236 2999 4306; x_wconf 78' lang='grc' dir='ltr'>σκώληξ</span> <span class='ocrx_word' id='word_1_678' title='bbox 3055 4242 3228 4299; x_wconf 78' lang='grc' dir='ltr'>αὐτῶν</span> <span class='ocrx_word' id='word_1_679' title='bbox 3286 4244 3346 4299; x_wconf 79' lang='grc' dir='ltr'>οὐ</span> <span class='ocrx_word' id='word_1_680' title='bbox 3368 4239 3612 4321; x_wconf 80' lang='grc' dir='ltr'>τελευτᾷ,</span> <span class='ocrx_word' id='word_1_681' title='bbox 3642 4242 3731 4299; x_wconf 80' lang='grc' dir='ltr'><strong>καὶ</strong></span> <span class='ocrx_word' id='word_1_682' title='bbox 3760 4242 3824 4297; x_wconf 86' lang='grc' dir='ltr'><strong>τὸ</strong></span> 
     </span>
    </p>
   </div>
   <div class='ocr_carea' id='block_1_89' title="bbox 436 4323 2103 4409">
    <p class='ocr_par' dir='ltr' id='par_1_89' title="bbox 436 4326 2083 4407">
     <span class='ocr_line' id='line_1_89' title="bbox 436 4326 2083 4407; baseline -0.004 -13"><span class='ocrx_word' id='word_1_683' title='bbox 436 4331 658 4394; x_wconf 90' lang='lat' dir='ltr'><strong>vermis</strong></span> <span class='ocrx_word' id='word_1_684' title='bbox 688 4331 1059 4399; x_wconf 88' lang='lat' dir='ltr'><strong>illorumnon</strong></span> <span class='ocrx_word' id='word_1_685' title='bbox 1087 4326 1593 4404; x_wconf 81' lang='lat' dir='ltr'><strong>moritur,etignis</strong></span> <span class='ocrx_word' id='word_1_686' title='bbox 1613 4346 1731 4387; x_wconf 91' lang='lat' dir='ltr'><strong>non</strong></span> <span class='ocrx_word' id='word_1_687' title='bbox 1757 4328 2083 4407; x_wconf 82' lang='lat' dir='ltr'><strong>exstingui-</strong></span> 
     </span>
    </p>
   </div>
   <div class='ocr_carea' id='block_1_90' title="bbox 2191 4323 3822 4409">
    <p class='ocr_par' dir='ltr' id='par_1_90' title="bbox 2191 4323 3822 4409">
     <span class='ocr_line' id='line_1_90' title="bbox 2191 4323 3822 4409; baseline 0.004 -28"><span class='ocrx_word' id='word_1_688' title='bbox 2191 4333 2265 4405; x_wconf 84' lang='grc' dir='ltr'><strong>ιῦρ</strong></span> <span class='ocrx_word' id='word_1_689' title='bbox 2327 4329 2386 4384; x_wconf 77' lang='grc' dir='ltr'>οὐ</span> <span class='ocrx_word' id='word_1_690' title='bbox 2433 4323 2728 4390; x_wconf 81' lang='grc' dir='ltr'>σϐέννυται,</span> <span class='ocrx_word' id='word_1_691' title='bbox 2785 4328 2886 4386; x_wconf 82' lang='grc' dir='ltr'><strong>Καὶ</strong></span> <span class='ocrx_word' id='word_1_692' title='bbox 2942 4327 3033 4385; x_wconf 73' lang='grc' dir='ltr'><strong>ἐὰν</strong></span> <span class='ocrx_word' id='word_1_693' title='bbox 3102 4330 3132 4385; x_wconf 80' lang='grc' dir='ltr'><strong>ὸ</strong></span> <span class='ocrx_word' id='word_1_694' title='bbox 3164 4328 3435 4409; x_wconf 80' lang='grc' dir='ltr'>ὀφθαλμός</span> <span class='ocrx_word' id='word_1_695' title='bbox 3462 4351 3557 4386; x_wconf 71' lang='grc' dir='ltr'><strong>σου</strong></span> <span class='ocrx_word' id='word_1_696' title='bbox 3585 4327 3822 4387; x_wconf 87' lang='grc' dir='ltr'>σκανδα-</span> 
     </span>
    </p>
   </div>
   <div class='ocr_carea' id='block_1_91' title="bbox 439 4387 2103 4501">
    <p class='ocr_par' dir='ltr' id='par_1_91' title="bbox 439 4387 2077 4497">
     <span class='ocr_line' id='line_1_91' title="bbox 439 4387 2077 4497; baseline -0.004 -14"><span class='ocrx_word' id='word_1_697' title='bbox 439 4421 632 4483; x_wconf 91' lang='lat' dir='ltr'><strong>tur.Et</strong></span> <span class='ocrx_word' id='word_1_698' title='bbox 652 4420 701 4481; x_wconf 92' lang='lat' dir='ltr'><strong>si</strong></span> <span class='ocrx_word' id='word_1_699' title='bbox 722 4396 927 4481; x_wconf 90' lang='lat' dir='ltr'><strong>oculos</strong></span> <span class='ocrx_word' id='word_1_700' title='bbox 949 4428 1081 4478; x_wconf 92' lang='lat' dir='ltr'><strong>tuus</strong></span> <span class='ocrx_word' id='word_1_701' title='bbox 1115 4415 1224 4478; x_wconf 89' lang='lat' dir='ltr'><strong>tibi</strong></span> <span class='ocrx_word' id='word_1_702' title='bbox 1253 4387 1557 4477; x_wconf 64' lang='lat' dir='ltr'><strong>obstaculo</strong></span> <span class='ocrx_word' id='word_1_703' title='bbox 1589 4427 1854 4497; x_wconf 85' lang='lat' dir='ltr'><strong>est,erue</strong></span> <span class='ocrx_word' id='word_1_704' title='bbox 1887 4387 2077 4477; x_wconf 54' lang='lat' dir='ltr'><strong>illum:</strong></span> 
     </span>
    </p>
   </div>
   <div class='ocr_carea' id='block_1_92' title="bbox 2191 4387 3821 4501">
    <p class='ocr_par' dir='ltr' id='par_1_92' title="bbox 2191 4387 3821 4501">
     <span class='ocr_line' id='line_1_92' title="bbox 2191 4387 3821 4501; baseline 0.004 -30"><span class='ocrx_word' id='word_1_705' title='bbox 2191 4387 2282 4491; x_wconf 51' lang='lat'><strong>£2579</strong></span> <span class='ocrx_word' id='word_1_706' title='bbox 2338 4436 2419 4491; x_wconf 84' lang='grc' dir='ltr'><strong>σε,</strong></span> <span class='ocrx_word' id='word_1_707' title='bbox 2508 4387 2919 4474; x_wconf 22' lang='grc' dir='ltr'><strong>ἕκϐαιλεῠοιῦτόν⁸</strong></span> <span class='ocrx_word' id='word_1_708' title='bbox 2967 4416 3133 4474; x_wconf 77' lang='grc' dir='ltr'>καλόν</span> <span class='ocrx_word' id='word_1_709' title='bbox 3164 4387 3248 4476; x_wconf 74' lang='grc' dir='ltr'><strong>σόί</strong></span> <span class='ocrx_word' id='word_1_710' title='bbox 3278 4387 3389 4475; x_wconf 63' lang='grc' dir='ltr'>ἐστι</span> <span class='ocrx_word' id='word_1_711' title='bbox 3421 4387 3821 4501; x_wconf 66' lang='grc' dir='ltr'><strong>⁷μονόφθαλμον</strong></span> 
     </span>
    </p>
   </div>
   <div class='ocr_carea' id='block_1_93' title="bbox 436 4502 2103 4589">
    <p class='ocr_par' dir='ltr' id='par_1_93' title="bbox 436 4505 2075 4584">
     <span class='ocr_line' id='line_1_93' title="bbox 436 4505 2075 4584; baseline -0.004 -11"><span class='ocrx_word' id='word_1_712' title='bbox 436 4511 653 4573; x_wconf 88' lang='lat' dir='ltr'><strong>bonum</strong></span> <span class='ocrx_word' id='word_1_713' title='bbox 679 4522 768 4571; x_wconf 87' lang='lat' dir='ltr'><strong>est</strong></span> <span class='ocrx_word' id='word_1_714' title='bbox 797 4509 897 4571; x_wconf 92' lang='lat' dir='ltr'><strong>tibi</strong></span> <span class='ocrx_word' id='word_1_715' title='bbox 920 4515 985 4569; x_wconf 91' lang='lat' dir='ltr'><strong>ut</strong></span> <span class='ocrx_word' id='word_1_716' title='bbox 1014 4506 1209 4567; x_wconf 82' lang='lat' dir='ltr'><strong>luscus</strong></span> <span class='ocrx_word' id='word_1_717' title='bbox 1240 4506 1502 4568; x_wconf 90' lang='lat' dir='ltr'><strong>introeas</strong></span> <span class='ocrx_word' id='word_1_718' title='bbox 1550 4505 1611 4565; x_wconf 90' lang='lat' dir='ltr'><strong>in</strong></span> <span class='ocrx_word' id='word_1_719' title='bbox 1661 4524 1912 4584; x_wconf 86' lang='lat' dir='ltr'><strong>regnum</strong></span> <span class='ocrx_word' id='word_1_720' title='bbox 1943 4507 2075 4582; x_wconf 90' lang='lat' dir='ltr'><strong>Dei,</strong></span> 
     </span>
    </p>
   </div>
   <div class='ocr_carea' id='block_1_94' title="bbox 2191 4502 3815 4589">
    <p class='ocr_par' dir='ltr' id='par_1_94' title="bbox 2191 4502 3815 4589">
     <span class='ocr_line' id='line_1_94' title="bbox 2191 4502 3815 4589; baseline 0.004 -29"><span class='ocrx_word' id='word_1_721' title='bbox 2191 4502 2420 4561; x_wconf 85' lang='grc' dir='ltr'>ἰσελθεϊν</span> <span class='ocrx_word' id='word_1_722' title='bbox 2478 4507 2551 4568; x_wconf 77' lang='grc' dir='ltr'>εἱς</span> <span class='ocrx_word' id='word_1_723' title='bbox 2610 4506 2707 4573; x_wconf 84' lang='grc' dir='ltr'><strong>τὴν</strong></span> <span class='ocrx_word' id='word_1_724' title='bbox 2749 4504 3021 4582; x_wconf 87' lang='grc' dir='ltr'>βασιλείαν</span> <span class='ocrx_word' id='word_1_725' title='bbox 3049 4513 3142 4563; x_wconf 91' lang='grc' dir='ltr'><strong>τοῦ</strong></span> <span class='ocrx_word' id='word_1_726' title='bbox 3182 4514 3339 4589; x_wconf 87' lang='grc' dir='ltr'>Θεοῦ,</span> <span class='ocrx_word' id='word_1_727' title='bbox 3397 4509 3434 4577; x_wconf 74' lang='grc' dir='ltr'><strong>ἢ</strong></span> <span class='ocrx_word' id='word_1_728' title='bbox 3477 4506 3565 4565; x_wconf 84' lang='grc' dir='ltr'><strong>δύο</strong></span> <span class='ocrx_word' id='word_1_729' title='bbox 3608 4509 3815 4589; x_wconf 77' lang='grc' dir='ltr'>ὀφθαλ-</span> 
     </span>
    </p>
   </div>
   <div class='ocr_carea' id='block_1_95' title="bbox 434 4593 2103 4681">
    <p class='ocr_par' dir='ltr' id='par_1_95' title="bbox 434 4594 2077 4681">
     <span class='ocr_line' id='line_1_95' title="bbox 434 4594 2077 4681; baseline -0.005 -19"><span class='ocrx_word' id='word_1_730' title='bbox 434 4601 629 4681; x_wconf 90' lang='lat' dir='ltr'><strong>potius</strong></span> <span class='ocrx_word' id='word_1_731' title='bbox 651 4618 823 4680; x_wconf 88' lang='lat' dir='ltr'><strong>quam</strong></span> <span class='ocrx_word' id='word_1_732' title='bbox 848 4606 911 4659; x_wconf 90' lang='lat' dir='ltr'><strong>ut</strong></span> <span class='ocrx_word' id='word_1_733' title='bbox 940 4597 1087 4657; x_wconf 91' lang='lat' dir='ltr'><strong>duos</strong></span> <span class='ocrx_word' id='word_1_734' title='bbox 1110 4597 1312 4658; x_wconf 90' lang='lat' dir='ltr'><strong>oculos</strong></span> <span class='ocrx_word' id='word_1_735' title='bbox 1344 4594 1569 4657; x_wconf 90' lang='lat' dir='ltr'><strong>habens</strong></span> <span class='ocrx_word' id='word_1_736' title='bbox 1602 4595 1851 4655; x_wconf 89' lang='lat' dir='ltr'><strong>mittaris</strong></span> <span class='ocrx_word' id='word_1_737' title='bbox 1877 4595 1934 4656; x_wconf 90' lang='lat' dir='ltr'><strong>in</strong></span> <span class='ocrx_word' id='word_1_738' title='bbox 1968 4615 2077 4674; x_wconf 87' lang='lat' dir='ltr'><strong>ge-</strong></span> 
     </span>
    </p>
   </div>
   <div class='ocr_carea' id='block_1_96' title="bbox 2191 4593 3823 4681">
    <p class='ocr_par' dir='ltr' id='par_1_96' title="bbox 2191 4593 3823 4679">
     <span class='ocr_line' id='line_1_96' title="bbox 2191 4593 3823 4679; baseline 0.004 -30"><span class='ocrx_word' id='word_1_739' title='bbox 2191 4594 2292 4657; x_wconf 70' lang='grc' dir='ltr'>ιοὺς</span> <span class='ocrx_word' id='word_1_740' title='bbox 2350 4593 2572 4673; x_wconf 78' lang='grc' dir='ltr'>ἔχοντα,</span> <span class='ocrx_word' id='word_1_741' title='bbox 2633 4593 2892 4671; x_wconf 75' lang='grc' dir='ltr'>βληθῆναι</span> <span class='ocrx_word' id='word_1_742' title='bbox 2960 4596 3032 4662; x_wconf 88' lang='grc' dir='ltr'>εἷς</span> <span class='ocrx_word' id='word_1_743' title='bbox 3060 4597 3157 4666; x_wconf 74' lang='grc' dir='ltr'>τὴν</span> <span class='ocrx_word' id='word_1_744' title='bbox 3236 4598 3453 4677; x_wconf 83' lang='grc' dir='ltr'>γέενναν</span> <span class='ocrx_word' id='word_1_745' title='bbox 3504 4604 3596 4656; x_wconf 88' lang='grc' dir='ltr'><strong>τοῦ</strong></span> <span class='ocrx_word' id='word_1_746' title='bbox 3624 4600 3823 4679; x_wconf 84' lang='grc' dir='ltr'>πυρὸς,</span> 
     </span>
    </p>
   </div>
   <div class='ocr_carea' id='block_1_97' title="bbox 431 4681 2103 4767">
    <p class='ocr_par' dir='ltr' id='par_1_97' title="bbox 431 4684 2080 4767">
     <span class='ocr_line' id='line_1_97' title="bbox 431 4684 2080 4767; baseline -0.003 -15"><span class='ocrx_word' id='word_1_747' title='bbox 431 4692 690 4752; x_wconf 90' lang='lat' dir='ltr'><strong>hennam</strong></span> <span class='ocrx_word' id='word_1_748' title='bbox 730 4688 906 4767; x_wconf 88' lang='lat' dir='ltr'><strong>ignis,</strong></span> <span class='ocrx_word' id='word_1_749' title='bbox 940 4687 1041 4748; x_wconf 90' lang='lat' dir='ltr'><strong>ubi</strong></span> <span class='ocrx_word' id='word_1_750' title='bbox 1065 4685 1284 4747; x_wconf 89' lang='lat' dir='ltr'><strong>vermis</strong></span> <span class='ocrx_word' id='word_1_751' title='bbox 1312 4704 1519 4747; x_wconf 38' lang='lat' dir='ltr'><strong>earum</strong></span> <span class='ocrx_word' id='word_1_752' title='bbox 1561 4703 1679 4753; x_wconf 87' lang='lat' dir='ltr'><strong>non</strong></span> <span class='ocrx_word' id='word_1_753' title='bbox 1715 4684 1982 4758; x_wconf 91' lang='lat' dir='ltr'><strong>moritur,</strong></span> <span class='ocrx_word' id='word_1_754' title='bbox 2020 4695 2080 4747; x_wconf 91' lang='lat' dir='ltr'><strong>et</strong></span> 
     </span>
    </p>
   </div>
   <div class='ocr_carea' id='block_1_98' title="bbox 2191 4681 3826 4767">
    <p class='ocr_par' dir='ltr' id='par_1_98' title="bbox 2193 4681 3826 4767">
     <span class='ocr_line' id='line_1_98' title="bbox 2193 4681 3826 4767; baseline 0.004 -28"><span class='ocrx_word' id='word_1_755' title='bbox 2193 4705 2295 4740; x_wconf 87' lang='grc' dir='ltr'><strong>που</strong></span> <span class='ocrx_word' id='word_1_756' title='bbox 2354 4686 2382 4739; x_wconf 82' lang='grc' dir='ltr'>ὁ</span> <span class='ocrx_word' id='word_1_757' title='bbox 2453 4681 2667 4751; x_wconf 78' lang='grc' dir='ltr'>σκώληξ</span> <span class='ocrx_word' id='word_1_758' title='bbox 2738 4684 2911 4742; x_wconf 76' lang='grc' dir='ltr'>αὐτῶν</span> <span class='ocrx_word' id='word_1_759' title='bbox 2966 4689 3027 4745; x_wconf 81' lang='grc' dir='ltr'>οῦ</span> <span class='ocrx_word' id='word_1_760' title='bbox 3082 4684 3326 4763; x_wconf 71' lang='grc' dir='ltr'>τελευτᾷ,</span> <span class='ocrx_word' id='word_1_761' title='bbox 3384 4688 3473 4744; x_wconf 83' lang='grc' dir='ltr'>καὶ</span> <span class='ocrx_word' id='word_1_762' title='bbox 3504 4690 3565 4745; x_wconf 85' lang='grc' dir='ltr'><strong>τὸ</strong></span> <span class='ocrx_word' id='word_1_763' title='bbox 3612 4697 3715 4767; x_wconf 83' lang='grc' dir='ltr'><strong>πῦρ</strong></span> <span class='ocrx_word' id='word_1_764' title='bbox 3764 4691 3826 4746; x_wconf 81' lang='grc' dir='ltr'>οῦ</span> 
     </span>
    </p>
   </div>
   <div class='ocr_carea' id='block_1_99' title="bbox 428 4770 2103 4857">
    <p class='ocr_par' dir='ltr' id='par_1_99' title="bbox 428 4774 2081 4857">
     <span class='ocr_line' id='line_1_99' title="bbox 428 4774 2081 4857; baseline -0.002 -17"><span class='ocrx_word' id='word_1_765' title='bbox 428 4780 583 4857; x_wconf 90' lang='lat' dir='ltr'><strong>ignis</strong></span> <span class='ocrx_word' id='word_1_766' title='bbox 614 4798 732 4841; x_wconf 92' lang='lat' dir='ltr'><strong>non</strong></span> <span class='ocrx_word' id='word_1_767' title='bbox 765 4775 1179 4852; x_wconf 82' lang='lat' dir='ltr'><strong>exstinguitur.</strong></span> <span class='ocrx_word' id='word_1_768' title='bbox 1209 4778 1356 4837; x_wconf 71' lang='lat' dir='ltr'><strong>Nam</strong></span> <span class='ocrx_word' id='word_1_769' title='bbox 1390 4776 1583 4835; x_wconf 89' lang='lat' dir='ltr'><strong>omnis</strong></span> <span class='ocrx_word' id='word_1_770' title='bbox 1615 4775 1793 4835; x_wconf 89' lang='lat' dir='ltr'><strong>homo</strong></span> <span class='ocrx_word' id='word_1_771' title='bbox 1820 4774 1956 4855; x_wconf 79' lang='lat' dir='ltr'><strong>igne</strong></span> <span class='ocrx_word' id='word_1_772' title='bbox 1990 4794 2081 4836; x_wconf 91' lang='lat' dir='ltr'><strong>sa-</strong></span> 
     </span>
    </p>
   </div>
   <div class='ocr_carea' id='block_1_100' title="bbox 2191 4770 3823 4857">
    <p class='ocr_par' dir='ltr' id='par_1_100' title="bbox 2191 4770 3823 4855">
     <span class='ocr_line' id='line_1_100' title="bbox 2191 4770 3823 4855; baseline 0.004 -26"><span class='ocrx_word' id='word_1_773' title='bbox 2191 4770 2457 4832; x_wconf 66' lang='lat' dir='ltr'><strong>Gévvumz.</strong></span> <span class='ocrx_word' id='word_1_774' title='bbox 2520 4779 2630 4836; x_wconf 82' lang='grc' dir='ltr'><strong>Πᾶς</strong></span> <span class='ocrx_word' id='word_1_775' title='bbox 2685 4774 2787 4853; x_wconf 84' lang='grc' dir='ltr'><strong>γὰρ</strong></span> <span class='ocrx_word' id='word_1_776' title='bbox 2867 4775 2989 4855; x_wconf 87' lang='grc' dir='ltr'>πυρὶ</span> <span class='ocrx_word' id='word_1_777' title='bbox 3076 4774 3443 4847; x_wconf 77' lang='grc' dir='ltr'>ἁλισθήσεται.</span> <span class='ocrx_word' id='word_1_778' title='bbox 3508 4780 3606 4836; x_wconf 80' lang='grc' dir='ltr'><strong>Καὶ</strong></span> <span class='ocrx_word' id='word_1_779' title='bbox 3671 4784 3823 4835; x_wconf 83' lang='grc' dir='ltr'>πᾶσα</span> 
     </span>
    </p>
   </div>
   <div class='ocr_carea' id='block_1_101' title="bbox 430 4861 2103 4941">
    <p class='ocr_par' dir='ltr' id='par_1_101' title="bbox 430 4863 2079 4941">
     <span class='ocr_line' id='line_1_101' title="bbox 430 4863 2079 4941; baseline -0.002 -12"><span class='ocrx_word' id='word_1_780' title='bbox 430 4869 628 4941; x_wconf 89' lang='lat' dir='ltr'><strong>lietur,</strong></span> <span class='ocrx_word' id='word_1_781' title='bbox 662 4877 722 4931; x_wconf 92' lang='lat' dir='ltr'><strong>et</strong></span> <span class='ocrx_word' id='word_1_782' title='bbox 752 4866 951 4929; x_wconf 90' lang='lat' dir='ltr'><strong>omnis</strong></span> <span class='ocrx_word' id='word_1_783' title='bbox 980 4865 1218 4927; x_wconf 84' lang='lat' dir='ltr'><strong>victima</strong></span> <span class='ocrx_word' id='word_1_784' title='bbox 1249 4863 1371 4925; x_wconf 89' lang='lat' dir='ltr'><strong>sale</strong></span> <span class='ocrx_word' id='word_1_785' title='bbox 1401 4863 1839 4925; x_wconf 90' lang='lat' dir='ltr'><strong>salietur.Bona</strong></span> <span class='ocrx_word' id='word_1_786' title='bbox 1861 4881 1957 4924; x_wconf 91' lang='lat' dir='ltr'><strong>res</strong></span> <span class='ocrx_word' id='word_1_787' title='bbox 1989 4877 2079 4925; x_wconf 85' lang='lat' dir='ltr'><strong>est</strong></span> 
     </span>
    </p>
   </div>
   <div class='ocr_carea' id='block_1_102' title="bbox 2191 4861 3822 4941">
    <p class='ocr_par' dir='ltr' id='par_1_102' title="bbox 2191 4861 3822 4933">
     <span class='ocr_line' id='line_1_102' title="bbox 2191 4861 3822 4933; baseline 0.004 -16"><span class='ocrx_word' id='word_1_788' title='bbox 2191 4863 2308 4919; x_wconf 87' lang='grc' dir='ltr'>υσία</span> <span class='ocrx_word' id='word_1_789' title='bbox 2364 4861 2453 4918; x_wconf 82' lang='grc' dir='ltr'>ἁλὶ</span> <span class='ocrx_word' id='word_1_790' title='bbox 2510 4861 2878 4933; x_wconf 76' lang='grc' dir='ltr'>ἁλισθήσεται.</span> <span class='ocrx_word' id='word_1_791' title='bbox 2936 4862 3112 4922; x_wconf 78' lang='grc' dir='ltr'>Καλὸν</span> <span class='ocrx_word' id='word_1_792' title='bbox 3167 4865 3229 4922; x_wconf 79' lang='grc' dir='ltr'><strong>τὸ</strong></span> <span class='ocrx_word' id='word_1_793' title='bbox 3286 4865 3444 4931; x_wconf 72' lang='grc' dir='ltr'>ἅλας,</span> <span class='ocrx_word' id='word_1_794' title='bbox 3521 4865 3645 4924; x_wconf 80' lang='grc' dir='ltr'>Ἐὰν</span> <span class='ocrx_word' id='word_1_795' title='bbox 3675 4864 3729 4923; x_wconf 66' lang='grc' dir='ltr'>δὲ</span> <span class='ocrx_word' id='word_1_796' title='bbox 3762 4868 3822 4925; x_wconf 88' lang='grc' dir='ltr'><strong>τὸ</strong></span> 
     </span>
    </p>
   </div>
   <div class='ocr_carea' id='block_1_103' title="bbox 427 4951 2103 5037">
    <p class='ocr_par' dir='ltr' id='par_1_103' title="bbox 427 4953 2075 5035">
     <span class='ocr_line' id='line_1_103' title="bbox 427 4953 2075 5035; baseline -0.001 -18"><span class='ocrx_word' id='word_1_797' title='bbox 427 4959 545 5020; x_wconf 88' lang='lat' dir='ltr'><strong>sal:</strong></span> <span class='ocrx_word' id='word_1_798' title='bbox 580 4968 857 5020; x_wconf 69' lang='lat' dir='ltr'><strong>caeterum</strong></span> <span class='ocrx_word' id='word_1_799' title='bbox 884 4957 931 5017; x_wconf 91' lang='lat' dir='ltr'><strong>si</strong></span> <span class='ocrx_word' id='word_1_800' title='bbox 962 4955 1045 5017; x_wconf 91' lang='lat' dir='ltr'><strong>sal</strong></span> <span class='ocrx_word' id='word_1_801' title='bbox 1074 4953 1334 5015; x_wconf 91' lang='lat' dir='ltr'><strong>insulsus</strong></span> <span class='ocrx_word' id='word_1_802' title='bbox 1363 4954 1559 5027; x_wconf 85' lang='lat' dir='ltr'><strong>fuerit,</strong></span> <span class='ocrx_word' id='word_1_803' title='bbox 1584 4971 1691 5032; x_wconf 90' lang='lat' dir='ltr'><strong>per</strong></span> <span class='ocrx_word' id='word_1_804' title='bbox 1712 4953 1855 5035; x_wconf 88' lang='lat' dir='ltr'><strong>quid</strong></span> <span class='ocrx_word' id='word_1_805' title='bbox 1882 4953 2075 5033; x_wconf 88' lang='lat' dir='ltr'><strong>ipsum</strong></span> 
     </span>
    </p>
   </div>
   <div class='ocr_carea' id='block_1_104' title="bbox 2191 4951 3814 5037">
    <p class='ocr_par' dir='ltr' id='par_1_104' title="bbox 2191 4951 3814 5037">
     <span class='ocr_line' id='line_1_104' title="bbox 2191 4951 3814 5037; baseline 0.002 -28"><span class='ocrx_word' id='word_1_806' title='bbox 2191 4951 2293 5016; x_wconf 60' lang='grc' dir='ltr'>ἴλας</span> <span class='ocrx_word' id='word_1_807' title='bbox 2345 4951 2539 5009; x_wconf 82' lang='grc' dir='ltr'>ἂναλον</span> <span class='ocrx_word' id='word_1_808' title='bbox 2595 4952 2846 5031; x_wconf 75' lang='grc' dir='ltr'>γένηται,</span> <span class='ocrx_word' id='word_1_809' title='bbox 2874 4952 2930 5009; x_wconf 72' lang='grc' dir='ltr'>ἰν</span> <span class='ocrx_word' id='word_1_810' title='bbox 2958 4954 3057 5011; x_wconf 89' lang='grc' dir='ltr'>τίνι</span> <span class='ocrx_word' id='word_1_811' title='bbox 3089 4954 3217 5011; x_wconf 75' lang='grc' dir='ltr'>αὐτὸ</span> <span class='ocrx_word' id='word_1_812' title='bbox 3253 4955 3505 5030; x_wconf 81' lang='grc' dir='ltr'>ἀρτύσετε</span> <span class='ocrx_word' id='word_1_813' title='bbox 3542 4975 3559 5031; x_wconf 83' lang='grc'><strong>;</strong></span> <span class='ocrx_word' id='word_1_814' title='bbox 3592 4953 3814 5037; x_wconf 73' lang='grc' dir='ltr'>’Ἔχετε</span> 
     </span>
    </p>
   </div>
   <div class='ocr_carea' id='block_1_105' title="bbox 424 5042 2103 5123">
    <p class='ocr_par' dir='ltr' id='par_1_105' title="bbox 424 5042 2073 5123">
     <span class='ocr_line' id='line_1_105' title="bbox 424 5042 2073 5123; baseline -0.002 -16"><span class='ocrx_word' id='word_1_815' title='bbox 424 5046 748 5108; x_wconf 83' lang='lat' dir='ltr'><strong>condietis?</strong></span> <span class='ocrx_word' id='word_1_816' title='bbox 776 5043 1007 5106; x_wconf 86' lang='lat' dir='ltr'><strong>Habete</strong></span> <span class='ocrx_word' id='word_1_817' title='bbox 1054 5044 1112 5103; x_wconf 80' lang='lat' dir='ltr'><strong>in</strong></span> <span class='ocrx_word' id='word_1_818' title='bbox 1152 5042 1467 5123; x_wconf 86' lang='lat' dir='ltr'><strong>vobisipsis</strong></span> <span class='ocrx_word' id='word_1_819' title='bbox 1498 5043 1708 5116; x_wconf 86' lang='lat' dir='ltr'><strong>salem,</strong></span> <span class='ocrx_word' id='word_1_820' title='bbox 1761 5051 1820 5103; x_wconf 92' lang='lat' dir='ltr'><strong>et</strong></span> <span class='ocrx_word' id='word_1_821' title='bbox 1868 5060 2073 5122; x_wconf 89' lang='lat' dir='ltr'><strong>pacem</strong></span> 
     </span>
    </p>
   </div>
   <div class='ocr_carea' id='block_1_106' title="bbox 2191 5042 3809 5123">
    <p class='ocr_par' dir='ltr' id='par_1_106' title="bbox 2191 5042 3809 5123">
     <span class='ocr_line' id='line_1_106' title="bbox 2191 5042 3809 5123; baseline 0.002 -25"><span class='ocrx_word' id='word_1_822' title='bbox 2191 5064 2215 5098; x_wconf 90' lang='grc' dir='ltr'><strong>ν</strong></span> <span class='ocrx_word' id='word_1_823' title='bbox 2287 5044 2499 5107; x_wconf 72' lang='grc' dir='ltr'>ἑαυτοῖς</span> <span class='ocrx_word' id='word_1_824' title='bbox 2570 5042 2729 5121; x_wconf 71' lang='grc' dir='ltr'>ἅλας,</span> <span class='ocrx_word' id='word_1_825' title='bbox 2789 5045 2878 5100; x_wconf 82' lang='grc' dir='ltr'><strong>καὶ</strong></span> <span class='ocrx_word' id='word_1_826' title='bbox 2921 5044 3215 5123; x_wconf 76' lang='grc' dir='ltr'>εἰρηνεύετε</span> <span class='ocrx_word' id='word_1_827' title='bbox 3300 5045 3356 5101; x_wconf 73' lang='grc' dir='ltr'>ἐν</span> <span class='ocrx_word' id='word_1_828' title='bbox 3440 5043 3717 5116; x_wconf 74' lang='grc' dir='ltr'>ἀλλήλοις.</span> <span class='ocrx_word' id='word_1_829' title='bbox 3782 5068 3809 5101; x_wconf 70' lang='grc' dir='ltr'><strong>ι</strong></span> 
     </span>
    </p>
   </div>
   <div class='ocr_carea' id='block_1_107' title="bbox 501 5163 998 5241">
    <p class='ocr_par' dir='ltr' id='par_1_107' title="bbox 501 5163 998 5241">
     <span class='ocr_line' id='line_1_107' title="bbox 501 5163 998 5241; baseline -0.004 -14"><span class='ocrx_word' id='word_1_830' title='bbox 501 5166 561 5215; x_wconf 83' lang='lat'><strong>87</strong></span> <span class='ocrx_word' id='word_1_831' title='bbox 608 5169 749 5228; x_wconf 84' lang='lat' dir='ltr'><strong>Luc.</strong></span> <span class='ocrx_word' id='word_1_832' title='bbox 784 5182 867 5241; x_wconf 83' lang='lat' dir='ltr'><strong>XI,</strong></span> <span class='ocrx_word' id='word_1_833' title='bbox 897 5163 998 5225; x_wconf 71' lang='lat'><strong>23.</strong></span> 
     </span>
    </p>
   </div>
   <div class='ocr_carea' id='block_1_108' title="bbox 1494 5264 2721 5332">
    <p class='ocr_par' dir='ltr' id='par_1_108' title="bbox 1494 5264 2721 5332">
     <span class='ocr_line' id='line_1_108' title="bbox 1494 5264 2721 5332; baseline 0.004 -5"><span class='ocrx_word' id='word_1_834' title='bbox 1494 5268 1579 5327; x_wconf 83' lang='lat' dir='ltr'><strong>Ex</strong></span> <span class='ocrx_word' id='word_1_835' title='bbox 1610 5264 1930 5329; x_wconf 90' lang='lat' dir='ltr'><strong>collatione</strong></span> <span class='ocrx_word' id='word_1_836' title='bbox 1956 5268 2133 5332; x_wconf 84' lang='lat' dir='ltr'><strong>codd.</strong></span> <span class='ocrx_word' id='word_1_837' title='bbox 2167 5267 2384 5331; x_wconf 84' lang='lat' dir='ltr'><strong>Venet.</strong></span> <span class='ocrx_word' id='word_1_838' title='bbox 2418 5265 2480 5331; x_wconf 91' lang='lat' dir='ltr'><strong>S.</strong></span> <span class='ocrx_word' id='word_1_839' title='bbox 2512 5268 2721 5332; x_wconf 86' lang='lat' dir='ltr'><strong>Marci.</strong></span> 
     </span>
    </p>
   </div>
   <div class='ocr_carea' id='block_1_109' title="bbox 501 5386 2103 5475">
    <p class='ocr_par' dir='ltr' id='par_1_109' title="bbox 501 5386 2063 5475">
     <span class='ocr_line' id='line_1_109' title="bbox 501 5386 2063 5475; baseline -0.006 -23"><span class='ocrx_word' id='word_1_840' title='bbox 501 5387 818 5469; x_wconf 77' lang='grc' dir='ltr'><strong>(70)Ιόθῐη</strong></span> <span class='ocrx_word' id='word_1_841' title='bbox 875 5388 1005 5475; x_wconf 71' lang='grc' dir='ltr'><strong>οοᾶ.</strong></span> <span class='ocrx_word' id='word_1_842' title='bbox 1055 5386 1263 5475; x_wconf 79' lang='lat' dir='ltr'><strong>addit_:</strong></span> <span class='ocrx_word' id='word_1_843' title='bbox 1331 5388 1642 5475; x_wconf 37' lang='grc' dir='ltr'>δῦνε-χώρει</span> <span class='ocrx_word' id='word_1_844' title='bbox 1699 5389 1786 5475; x_wconf 76' lang='grc' dir='ltr'><strong>καὶ</strong></span> <span class='ocrx_word' id='word_1_845' title='bbox 1857 5389 2063 5475; x_wconf 85' lang='grc' dir='ltr'>τούτοις</span> 
     </span>
    </p>
   </div>
   <div class='ocr_carea' id='block_1_110' title="bbox 2191 5386 3812 5475">
    <p class='ocr_par' dir='ltr' id='par_1_110' title="bbox 2191 5388 3812 5475">
     <span class='ocr_line' id='line_1_110' title="bbox 2191 5388 3812 5475; baseline 0.002 -25"><span class='ocrx_word' id='word_1_846' title='bbox 2191 5388 2436 5475; x_wconf 78' lang='lat' dir='ltr'><strong>iiracula</strong></span> <span class='ocrx_word' id='word_1_847' title='bbox 2468 5389 2698 5475; x_wconf 56' lang='lat' dir='ltr'><strong>facere,</strong></span> <span class='ocrx_word' id='word_1_848' title='bbox 2725 5397 2848 5451; x_wconf 92' lang='lat' dir='ltr'><strong>tum</strong></span> <span class='ocrx_word' id='word_1_849' title='bbox 2871 5388 2945 5451; x_wconf 88' lang='lat' dir='ltr'><strong>ad</strong></span> <span class='ocrx_word' id='word_1_850' title='bbox 2963 5390 3491 5475; x_wconf 77' lang='lat' dir='ltr'><strong>conﬁrmationem</strong></span> <span class='ocrx_word' id='word_1_851' title='bbox 3525 5389 3812 5475; x_wconf 62' lang='lat' dir='ltr'><strong>pradica-</strong></span> 
     </span>
    </p>
   </div>
   <div class='ocr_carea' id='block_1_111' title="bbox 412 5464 2103 5552">
    <p class='ocr_par' dir='ltr' id='par_1_111' title="bbox 412 5464 2065 5552">
     <span class='ocr_line' id='line_1_111' title="bbox 412 5464 2065 5552; baseline -0.008 -26"><span class='ocrx_word' id='word_1_852' title='bbox 412 5464 855 5552; x_wconf 77' lang='grc' dir='ltr'>θαυματουργεϊν,</span> <span class='ocrx_word' id='word_1_853' title='bbox 908 5472 1018 5552; x_wconf 74' lang='grc' dir='ltr'>ἅμα</span> <span class='ocrx_word' id='word_1_854' title='bbox 1073 5470 1169 5552; x_wconf 51' lang='grc' dir='ltr'><strong>μέν</strong></span> <span class='ocrx_word' id='word_1_855' title='bbox 1204 5470 1275 5552; x_wconf 65' lang='grc' dir='ltr'><strong>είς</strong></span> <span class='ocrx_word' id='word_1_856' title='bbox 1327 5464 1606 5552; x_wconf 75' lang='grc' dir='ltr'>βεϐαίωσιν</span> <span class='ocrx_word' id='word_1_857' title='bbox 1639 5470 1743 5552; x_wconf 60' lang='grc' dir='ltr'><strong>τοῦΔ</strong></span> <span class='ocrx_word' id='word_1_858' title='bbox 1780 5471 2065 5549; x_wconf 70' lang='grc' dir='ltr'>κηρύγμα-</span> 
     </span>
    </p>
   </div>
   <div class='ocr_carea' id='block_1_112' title="bbox 2191 5464 3815 5552">
    <p class='ocr_par' dir='ltr' id='par_1_112' title="bbox 2191 5464 3815 5552">
     <span class='ocr_line' id='line_1_112' title="bbox 2191 5464 3815 5552; baseline 0.003 -23"><span class='ocrx_word' id='word_1_859' title='bbox 2191 5470 2355 5552; x_wconf 80' lang='lat' dir='ltr'><strong>ionis,</strong></span> <span class='ocrx_word' id='word_1_860' title='bbox 2381 5479 2446 5531; x_wconf 92' lang='lat' dir='ltr'><strong>ut</strong></span> <span class='ocrx_word' id='word_1_861' title='bbox 2467 5471 2594 5533; x_wconf 62' lang='lat' dir='ltr'><strong>haec</strong></span> <span class='ocrx_word' id='word_1_862' title='bbox 2622 5470 2799 5552; x_wconf 84' lang='lat' dir='ltr'><strong>etiam</strong></span> <span class='ocrx_word' id='word_1_863' title='bbox 2824 5488 2932 5551; x_wconf 88' lang='lat' dir='ltr'><strong>per</strong></span> <span class='ocrx_word' id='word_1_864' title='bbox 2959 5470 3238 5552; x_wconf 87' lang='lat' dir='ltr'><strong>indignos</strong></span> <span class='ocrx_word' id='word_1_865' title='bbox 3264 5464 3610 5538; x_wconf 63' lang='lat' dir='ltr'><strong>dilataret&#39;ur</strong></span> <span class='ocrx_word' id='word_1_866' title='bbox 3649 5481 3815 5536; x_wconf 89' lang='lat' dir='ltr'><strong>:tum</strong></span> 
     </span>
    </p>
   </div>
   <div class='ocr_carea' id='block_1_113' title="bbox 411 5547 2103 5636">
    <p class='ocr_par' dir='ltr' id='par_1_113' title="bbox 411 5547 2065 5631">
     <span class='ocr_line' id='line_1_113' title="bbox 411 5547 2065 5631; baseline -0.001 -24"><span class='ocrx_word' id='word_1_867' title='bbox 411 5573 527 5631; x_wconf 87' lang='grc' dir='ltr'>τος,</span> <span class='ocrx_word' id='word_1_868' title='bbox 592 5547 738 5607; x_wconf 80' lang='grc' dir='ltr'>ὥστε</span> <span class='ocrx_word' id='word_1_869' title='bbox 803 5553 890 5607; x_wconf 79' lang='grc' dir='ltr'><strong>καὶ</strong></span> <span class='ocrx_word' id='word_1_870' title='bbox 938 5550 1021 5606; x_wconf 83' lang='grc' dir='ltr'>διὰ</span> <span class='ocrx_word' id='word_1_871' title='bbox 1078 5551 1184 5606; x_wconf 77' lang='grc' dir='ltr'><strong>τῶν</strong></span> <span class='ocrx_word' id='word_1_872' title='bbox 1228 5547 1454 5611; x_wconf 78' lang='grc' dir='ltr'>ἀναξίων</span> <span class='ocrx_word' id='word_1_873' title='bbox 1485 5555 1638 5604; x_wconf 89' lang='grc' dir='ltr'>τοῦτο</span> <span class='ocrx_word' id='word_1_874' title='bbox 1689 5547 2065 5625; x_wconf 80' lang='grc' dir='ltr'>πλατύνεσθαι,</span> 
     </span>
    </p>
   </div>
   <div class='ocr_carea' id='block_1_114' title="bbox 2191 5547 3816 5636">
    <p class='ocr_par' dir='ltr' id='par_1_114' title="bbox 2191 5547 3816 5636">
     <span class='ocr_line' id='line_1_114' title="bbox 2191 5547 3816 5636; baseline 0.002 -24"><span class='ocrx_word' id='word_1_875' title='bbox 2191 5547 2687 5636; x_wconf 71' lang='lat' dir='ltr'><strong>deerrectionem</strong></span> <span class='ocrx_word' id='word_1_876' title='bbox 2720 5547 3011 5633; x_wconf 83' lang='lat' dir='ltr'><strong>ipsorum,</strong></span> <span class='ocrx_word' id='word_1_877' title='bbox 3055 5547 3155 5634; x_wconf 75' lang='lat' dir='ltr'><strong>qui</strong></span> <span class='ocrx_word' id='word_1_878' title='bbox 3209 5555 3363 5617; x_wconf 82' lang='lat' dir='ltr'><strong>mira</strong></span> <span class='ocrx_word' id='word_1_879' title='bbox 3389 5555 3816 5636; x_wconf 85' lang='lat' dir='ltr'><strong>operabantur.</strong></span> 
     </span>
    </p>
   </div>
   <div class='ocr_carea' id='block_1_115' title="bbox 409 5626 2103 5711">
    <p class='ocr_par' dir='ltr' id='par_1_115' title="bbox 409 5626 2065 5709">
     <span class='ocr_line' id='line_1_115' title="bbox 409 5626 2065 5709; baseline -0.001 -22"><span class='ocrx_word' id='word_1_880' title='bbox 409 5626 523 5707; x_wconf 73' lang='grc' dir='ltr'>ἅμα</span> <span class='ocrx_word' id='word_1_881' title='bbox 581 5629 635 5687; x_wconf 70' lang='grc' dir='ltr'><strong>δί</strong></span> <span class='ocrx_word' id='word_1_882' title='bbox 690 5633 781 5687; x_wconf 81' lang='grc' dir='ltr'>καὶ</span> <span class='ocrx_word' id='word_1_883' title='bbox 832 5633 902 5697; x_wconf 77' lang='grc' dir='ltr'><strong>εἰς</strong></span> <span class='ocrx_word' id='word_1_884' title='bbox 962 5630 1237 5708; x_wconf 84' lang='grc' dir='ltr'>βελτίωσιν</span> <span class='ocrx_word' id='word_1_885' title='bbox 1298 5631 1468 5685; x_wconf 79' lang='grc' dir='ltr'>αὐτῶν</span> <span class='ocrx_word' id='word_1_886' title='bbox 1502 5626 1565 5695; x_wconf 75' lang='grc' dir='ltr'>δὴ</span> <span class='ocrx_word' id='word_1_887' title='bbox 1598 5632 1703 5684; x_wconf 78' lang='grc' dir='ltr'>τῶν</span> <span class='ocrx_word' id='word_1_888' title='bbox 1732 5633 2065 5709; x_wconf 83' lang='grc' dir='ltr'>θαυματουρ-</span> 
     </span>
    </p>
   </div>
   <div class='ocr_carea' id='block_1_116' title="bbox 2191 5626 2873 5711">
    <p class='ocr_par' dir='ltr' id='par_1_116' title="bbox 2191 5626 2873 5711">
     <span class='ocr_line' id='line_1_116' title="bbox 2191 5626 2873 5711; baseline 0.006 -21"><span class='ocrx_word' id='word_1_889' title='bbox 2191 5629 2405 5692; x_wconf 78' lang='lat' dir='ltr'><strong>&#39;idetur</strong></span> <span class='ocrx_word' id='word_1_890' title='bbox 2432 5640 2653 5711; x_wconf 86' lang='lat' dir='ltr'><strong>autem,</strong></span> <span class='ocrx_word' id='word_1_891' title='bbox 2686 5626 2804 5693; x_wconf 78' lang='lat' dir='ltr'><strong>etc.</strong></span> <span class='ocrx_word' id='word_1_892' title='bbox 2845 5655 2873 5687; x_wconf 74' lang='grc' dir='ltr'><strong>ι</strong></span> 
     </span>
    </p>
   </div>
   <div class='ocr_carea' id='block_1_117' title="bbox 406 5708 2067 5793">
    <p class='ocr_par' dir='ltr' id='par_1_117' title="bbox 406 5708 2067 5793">
     <span class='ocr_line' id='line_1_117' title="bbox 406 5708 2067 5793; baseline 0.002 -25"><span class='ocrx_word' id='word_1_893' title='bbox 406 5713 663 5793; x_wconf 80' lang='grc' dir='ltr'>γούντων,</span> <span class='ocrx_word' id='word_1_894' title='bbox 702 5718 867 5768; x_wconf 82' lang='grc' dir='ltr'>Δοκεῦ</span> <span class='ocrx_word' id='word_1_895' title='bbox 901 5710 978 5785; x_wconf 73' lang='grc' dir='ltr'>δὲ,</span> <span class='ocrx_word' id='word_1_896' title='bbox 1004 5734 1059 5774; x_wconf 84' lang='grc' dir='ltr'><strong>κ,</strong></span> <span class='ocrx_word' id='word_1_897' title='bbox 1084 5735 1132 5769; x_wconf 86' lang='grc' dir='ltr'>τ.</span> <span class='ocrx_word' id='word_1_898' title='bbox 1170 5709 1225 5770; x_wconf 91' lang='grc' dir='ltr'>λ.</span> <span class='ocrx_word' id='word_1_899' title='bbox 1270 5734 1288 5762; x_wconf 78' lang='grc' dir='ltr'><strong>ι</strong></span> <span class='ocrx_word' id='word_1_900' title='bbox 1330 5708 1715 5769; x_wconf 82' lang='lat' dir='ltr'><strong>Permittebat</strong></span> <span class='ocrx_word' id='word_1_901' title='bbox 1742 5710 1921 5770; x_wconf 90' lang='lat' dir='ltr'><strong>etiam</strong></span> <span class='ocrx_word' id='word_1_902' title='bbox 1950 5708 2067 5771; x_wconf 88' lang='lat' dir='ltr'><strong>illis</strong></span> 
     </span>
    </p>
   </div>
  </div>
