  <div class='ocr_page' id='page_1' title='image "/cluster/home/n/w/nwhite01/storage/ocr_20150623/123:no.1/coo.31924054870286/305.png"; bbox 0 0 4232 6442; ppageno 0'>
   <div class='ocr_carea' id='block_1_1' title="bbox 402 345 3793 430">
    <p class='ocr_par' dir='ltr' id='par_1_1' title="bbox 402 345 3793 430">
     <span class='ocr_line' id='line_1_1' title="bbox 402 345 3793 430; baseline -0.005 -2"><span class='ocrx_word' id='word_1_1' title='bbox 402 362 521 428; x_wconf 77' lang='grc'><strong>595</strong></span> <span class='ocrx_word' id='word_1_2' title='bbox 1381 362 1966 430; x_wconf 83' lang='lat' dir='ltr'><strong>THEOPHYLACTI</strong></span> <span class='ocrx_word' id='word_1_3' title='bbox 2016 362 2422 424; x_wconf 73' lang='lat' dir='ltr'><strong>BULGARLE</strong></span> <span class='ocrx_word' id='word_1_4' title='bbox 2464 357 2819 425; x_wconf 77' lang='lat' dir='ltr'><strong>ARCHIEP.</strong></span> <span class='ocrx_word' id='word_1_5' title='bbox 3674 345 3793 413; x_wconf 82' lang='grc'><strong>596</strong></span> 
     </span>
    </p>
   </div>
   <div class='ocr_carea' id='block_1_2' title="bbox 403 486 2064 574">
    <p class='ocr_par' dir='ltr' id='par_1_2' title="bbox 403 490 2054 573">
     <span class='ocr_line' id='line_1_2' title="bbox 403 490 2054 573; baseline 0.001 -19"><span class='ocrx_word' id='word_1_6' title='bbox 403 509 549 573; x_wconf 69' lang='lat' dir='ltr'><strong>suae,</strong></span> <span class='ocrx_word' id='word_1_7' title='bbox 591 499 651 553; x_wconf 91' lang='lat' dir='ltr'><strong>et</strong></span> <span class='ocrx_word' id='word_1_8' title='bbox 679 492 824 553; x_wconf 89' lang='lat' dir='ltr'><strong>ﬁent</strong></span> <span class='ocrx_word' id='word_1_9' title='bbox 851 490 966 553; x_wconf 91' lang='lat' dir='ltr'><strong>duo</strong></span> <span class='ocrx_word' id='word_1_10' title='bbox 999 508 1137 553; x_wconf 91' lang='lat' dir='ltr'><strong>caro</strong></span> <span class='ocrx_word' id='word_1_11' title='bbox 1164 510 1302 554; x_wconf 90' lang='lat' dir='ltr'><strong>una.</strong></span> <span class='ocrx_word' id='word_1_12' title='bbox 1355 490 1562 569; x_wconf 92' lang='lat' dir='ltr'><strong>Itaque</strong></span> <span class='ocrx_word' id='word_1_13' title='bbox 1609 510 1726 553; x_wconf 92' lang='lat' dir='ltr'><strong>non</strong></span> <span class='ocrx_word' id='word_1_14' title='bbox 1763 493 1885 572; x_wconf 90' lang='lat' dir='ltr'><strong>jam</strong></span> <span class='ocrx_word' id='word_1_15' title='bbox 1918 503 2054 555; x_wconf 92' lang='lat' dir='ltr'><strong>sunt</strong></span> 
     </span>
    </p>
   </div>
   <div class='ocr_carea' id='block_1_3' title="bbox 2149 486 3794 574">
    <p class='ocr_par' dir='ltr' id='par_1_3' title="bbox 2149 486 3794 574">
     <span class='ocr_line' id='line_1_3' title="bbox 2149 486 3794 574; baseline -0.002 -24"><span class='ocrx_word' id='word_1_16' title='bbox 2149 496 2221 550; x_wconf 79' lang='grc' dir='ltr'>ιαὶ</span> <span class='ocrx_word' id='word_1_17' title='bbox 2281 495 2378 563; x_wconf 76' lang='grc' dir='ltr'>τὴν</span> <span class='ocrx_word' id='word_1_18' title='bbox 2436 497 2669 574; x_wconf 78' lang='grc' dir='ltr'>μητέρα,</span> <span class='ocrx_word' id='word_1_19' title='bbox 2741 499 2840 554; x_wconf 84' lang='grc' dir='ltr'><strong>Καὶ</strong></span> <span class='ocrx_word' id='word_1_20' title='bbox 2918 493 3446 573; x_wconf 70' lang='grc' dir='ltr'>προσκολληθήσεται</span> <span class='ocrx_word' id='word_1_21' title='bbox 3507 491 3637 569; x_wconf 71' lang='grc' dir='ltr'>πρὸς</span> <span class='ocrx_word' id='word_1_22' title='bbox 3696 486 3794 555; x_wconf 72' lang='grc' dir='ltr'>τὴν</span> 
     </span>
    </p>
   </div>
   <div class='ocr_carea' id='block_1_4' title="bbox 407 577 2064 675">
    <p class='ocr_par' dir='ltr' id='par_1_4' title="bbox 407 579 2051 675">
     <span class='ocr_line' id='line_1_4' title="bbox 407 579 2051 675; baseline 0.001 -32"><span class='ocrx_word' id='word_1_23' title='bbox 407 580 548 675; x_wconf 82' lang='lat' dir='ltr'><strong>duo,</strong></span> <span class='ocrx_word' id='word_1_24' title='bbox 584 579 692 642; x_wconf 92' lang='lat' dir='ltr'><strong>sed</strong></span> <span class='ocrx_word' id='word_1_25' title='bbox 725 598 843 641; x_wconf 86' lang='lat' dir='ltr'><strong>una</strong></span> <span class='ocrx_word' id='word_1_26' title='bbox 892 597 1051 642; x_wconf 86' lang='lat' dir='ltr'><strong>caro.</strong></span> <span class='ocrx_word' id='word_1_27' title='bbox 1084 581 1263 675; x_wconf 65' lang='lat' dir='ltr'><strong>Quod</strong></span> <span class='ocrx_word' id='word_1_28' title='bbox 1304 580 1485 659; x_wconf 80' lang='lat' dir='ltr'><strong>igitur</strong></span> <span class='ocrx_word' id='word_1_29' title='bbox 1538 580 1694 675; x_wconf 83' lang='lat' dir='ltr'><strong>Deus</strong></span> <span class='ocrx_word' id='word_1_30' title='bbox 1735 584 2051 675; x_wconf 86' lang='lat' dir='ltr'><strong>c0pulavit,</strong></span> 
     </span>
    </p>
   </div>
   <div class='ocr_carea' id='block_1_5' title="bbox 2149 577 3790 675">
    <p class='ocr_par' dir='ltr' id='par_1_5' title="bbox 2149 577 3790 675">
     <span class='ocr_line' id='line_1_5' title="bbox 2149 577 3790 675; baseline -0.005 -35"><span class='ocrx_word' id='word_1_31' title='bbox 2149 595 2364 661; x_wconf 70' lang='grc' dir='ltr'>γυναῖκα</span> <span class='ocrx_word' id='word_1_32' title='bbox 2422 585 2601 659; x_wconf 76' lang='grc' dir='ltr'>αὐτοῦ,</span> <span class='ocrx_word' id='word_1_33' title='bbox 2651 586 2737 642; x_wconf 73' lang='grc' dir='ltr'><strong>καὶ</strong></span> <span class='ocrx_word' id='word_1_34' title='bbox 2781 584 2987 642; x_wconf 80' lang='grc' dir='ltr'>ἔσονται</span> <span class='ocrx_word' id='word_1_35' title='bbox 3046 587 3093 640; x_wconf 82' lang='grc' dir='ltr'>οἱ</span> <span class='ocrx_word' id='word_1_36' title='bbox 3156 582 3247 639; x_wconf 84' lang='grc' dir='ltr'><strong>δύο</strong></span> <span class='ocrx_word' id='word_1_37' title='bbox 3290 584 3371 675; x_wconf 53' lang='grc' dir='ltr'><strong>είςἱ</strong></span> <span class='ocrx_word' id='word_1_38' title='bbox 3410 582 3578 650; x_wconf 83' lang='grc' dir='ltr'>σάρκα</span> <span class='ocrx_word' id='word_1_39' title='bbox 3622 577 3748 654; x_wconf 87' lang='grc' dir='ltr'>μίαν</span> <span class='ocrx_word' id='word_1_40' title='bbox 3776 593 3790 606; x_wconf 91' lang='grc'><strong>·</strong></span> 
     </span>
    </p>
   </div>
   <div class='ocr_carea' id='block_1_6' title="bbox 408 663 2064 753">
    <p class='ocr_par' dir='ltr' id='par_1_6' title="bbox 408 663 2057 753">
     <span class='ocr_line' id='line_1_6' title="bbox 408 663 2057 753; baseline 0.001 -21"><span class='ocrx_word' id='word_1_41' title='bbox 408 670 585 732; x_wconf 90' lang='lat' dir='ltr'><strong>homo</strong></span> <span class='ocrx_word' id='word_1_42' title='bbox 617 688 691 731; x_wconf 90' lang='lat' dir='ltr'><strong>ne</strong></span> <span class='ocrx_word' id='word_1_43' title='bbox 722 676 982 749; x_wconf 84' lang='lat' dir='ltr'><strong>separet.</strong></span> <span class='ocrx_word' id='word_1_44' title='bbox 1021 694 1045 724; x_wconf 72' lang='grc' dir='ltr'>ιο</span> <span class='ocrx_word' id='word_1_45' title='bbox 1081 668 1508 750; x_wconf 83' lang='lat' dir='ltr'><strong>Saepenumero</strong></span> <span class='ocrx_word' id='word_1_46' title='bbox 1537 663 1916 753; x_wconf 81' lang='lat' dir='ltr'><strong>relinquebat</strong></span> <span class='ocrx_word' id='word_1_47' title='bbox 1946 675 2057 735; x_wconf 82' lang='lat' dir='ltr'><strong>Do-</strong></span> 
     </span>
    </p>
   </div>
   <div class='ocr_carea' id='block_1_7' title="bbox 2149 663 3794 753">
    <p class='ocr_par' dir='ltr' id='par_1_7' title="bbox 2149 663 3794 750">
     <span class='ocr_line' id='line_1_7' title="bbox 2149 663 3794 750; baseline -0.004 -22"><span class='ocrx_word' id='word_1_48' title='bbox 2149 672 2275 729; x_wconf 63' lang='grc' dir='ltr'>ὦστε</span> <span class='ocrx_word' id='word_1_49' title='bbox 2306 673 2479 732; x_wconf 75' lang='grc' dir='ltr'>οὖκέτι</span> <span class='ocrx_word' id='word_1_50' title='bbox 2511 675 2609 731; x_wconf 83' lang='grc' dir='ltr'>εἰσὶ</span> <span class='ocrx_word' id='word_1_51' title='bbox 2655 672 2764 747; x_wconf 87' lang='grc' dir='ltr'>δύο,</span> <span class='ocrx_word' id='word_1_52' title='bbox 2814 672 2949 729; x_wconf 74' lang='grc' dir='ltr'>ἀλλὰ</span> <span class='ocrx_word' id='word_1_53' title='bbox 3002 673 3094 747; x_wconf 98' lang='grc' dir='ltr'><strong>μία</strong></span> <span class='ocrx_word' id='word_1_54' title='bbox 3148 670 3294 750; x_wconf 76' lang='grc' dir='ltr'>σάρξ.</span> <span class='ocrx_word' id='word_1_55' title='bbox 3333 663 3409 728; x_wconf 69' lang='grc' dir='ltr'><strong>υΟ</strong></span> <span class='ocrx_word' id='word_1_56' title='bbox 3442 669 3531 727; x_wconf 81' lang='grc' dir='ltr'>οὖν</span> <span class='ocrx_word' id='word_1_57' title='bbox 3573 669 3602 724; x_wconf 98' lang='lat'><strong>6</strong></span> <span class='ocrx_word' id='word_1_58' title='bbox 3664 667 3794 729; x_wconf 73' lang='grc' dir='ltr'>Θεὸς</span> 
     </span>
    </p>
   </div>
   <div class='ocr_carea' id='block_1_8' title="bbox 407 755 2064 843">
    <p class='ocr_par' dir='ltr' id='par_1_8' title="bbox 407 757 2055 839">
     <span class='ocr_line' id='line_1_8' title="bbox 407 757 2055 839; baseline 0.002 -19"><span class='ocrx_word' id='word_1_59' title='bbox 407 761 603 820; x_wconf 89' lang='lat' dir='ltr'><strong>minus</strong></span> <span class='ocrx_word' id='word_1_60' title='bbox 629 757 866 820; x_wconf 69' lang='lat' dir='ltr'><strong>Judaaos</strong></span> <span class='ocrx_word' id='word_1_61' title='bbox 889 766 1130 839; x_wconf 86' lang='lat' dir='ltr'><strong>propter</strong></span> <span class='ocrx_word' id='word_1_62' title='bbox 1159 758 1437 820; x_wconf 88' lang='lat' dir='ltr'><strong>invidiam</strong></span> <span class='ocrx_word' id='word_1_63' title='bbox 1459 760 1721 833; x_wconf 92' lang='lat' dir='ltr'><strong>illorum,</strong></span> <span class='ocrx_word' id='word_1_64' title='bbox 1758 781 1915 823; x_wconf 90' lang='lat' dir='ltr'><strong>nunc</strong></span> <span class='ocrx_word' id='word_1_65' title='bbox 1946 782 2055 824; x_wconf 89' lang='lat' dir='ltr'><strong>au-</strong></span> 
     </span>
    </p>
   </div>
   <div class='ocr_carea' id='block_1_9' title="bbox 2149 755 3796 843">
    <p class='ocr_par' dir='ltr' id='par_1_9' title="bbox 2149 755 3796 843">
     <span class='ocr_line' id='line_1_9' title="bbox 2149 755 3796 843; baseline -0.015 -11"><span class='ocrx_word' id='word_1_66' title='bbox 2149 760 2454 835; x_wconf 67' lang='grc' dir='ltr'>πυνέζευξεν,</span> <span class='ocrx_word' id='word_1_67' title='bbox 2489 762 2762 843; x_wconf 77' lang='grc' dir='ltr'>ἅνθρωπος</span> <span class='ocrx_word' id='word_1_68' title='bbox 2823 764 2901 839; x_wconf 66' lang='grc' dir='ltr'>μὴ</span> <span class='ocrx_word' id='word_1_69' title='bbox 2962 760 3265 842; x_wconf 53' lang='grc' dir='ltr'>χωριζτέω.</span> <span class='ocrx_word' id='word_1_70' title='bbox 3309 782 3332 817; x_wconf 72' lang='grc' dir='ltr'><strong>ι</strong></span> <span class='ocrx_word' id='word_1_71' title='bbox 3391 764 3645 838; x_wconf 66' lang='grc' dir='ltr'>Σδνεχῶς</span> <span class='ocrx_word' id='word_1_72' title='bbox 3695 755 3796 823; x_wconf 76' lang='grc' dir='ltr'>τὴν</span> 
     </span>
    </p>
   </div>
   <div class='ocr_carea' id='block_1_10' title="bbox 409 848 2055 932">
    <p class='ocr_par' dir='ltr' id='par_1_10' title="bbox 409 848 2055 932">
     <span class='ocr_line' id='line_1_10' title="bbox 409 848 2055 932; baseline 0.002 -22"><span class='ocrx_word' id='word_1_73' title='bbox 409 857 525 910; x_wconf 91' lang='lat' dir='ltr'><strong>tem</strong></span> <span class='ocrx_word' id='word_1_74' title='bbox 563 848 782 909; x_wconf 89' lang='lat' dir='ltr'><strong>iterum</strong></span> <span class='ocrx_word' id='word_1_75' title='bbox 817 851 873 910; x_wconf 93' lang='lat' dir='ltr'><strong>in</strong></span> <span class='ocrx_word' id='word_1_76' title='bbox 906 866 1114 910; x_wconf 90' lang='lat' dir='ltr'><strong>eorum</strong></span> <span class='ocrx_word' id='word_1_77' title='bbox 1148 849 1452 928; x_wconf 79' lang='lat' dir='ltr'><strong>regionem</strong></span> <span class='ocrx_word' id='word_1_78' title='bbox 1483 852 1711 926; x_wconf 85' lang='lat' dir='ltr'><strong>transit,</strong></span> <span class='ocrx_word' id='word_1_79' title='bbox 1746 852 1885 932; x_wconf 84' lang='lat' dir='ltr'><strong>quia</strong></span> <span class='ocrx_word' id='word_1_80' title='bbox 1918 871 2055 932; x_wconf 89' lang='lat' dir='ltr'><strong>pas-</strong></span> 
     </span>
    </p>
   </div>
   <div class='ocr_carea' id='block_1_11' title="bbox 406 937 2060 1023">
    <p class='ocr_par' dir='ltr' id='par_1_11' title="bbox 406 937 2060 1023">
     <span class='ocr_line' id='line_1_11' title="bbox 406 937 2060 1023; baseline 0.002 -24"><span class='ocrx_word' id='word_1_81' title='bbox 406 937 594 999; x_wconf 89' lang='lat' dir='ltr'><strong>sionis</strong></span> <span class='ocrx_word' id='word_1_82' title='bbox 626 946 860 1019; x_wconf 86' lang='lat' dir='ltr'><strong>tempus</strong></span> <span class='ocrx_word' id='word_1_83' title='bbox 881 937 1542 1020; x_wconf 85' lang='lat' dir='ltr'><strong>appropinquabat.Nec</strong></span> <span class='ocrx_word' id='word_1_84' title='bbox 1570 958 1709 1002; x_wconf 89' lang='lat' dir='ltr'><strong>vero</strong></span> <span class='ocrx_word' id='word_1_85' title='bbox 1728 940 2060 1023; x_wconf 78' lang='lat' dir='ltr'><strong>Hierosoly-</strong></span> 
     </span>
    </p>
   </div>
   <div class='ocr_carea' id='block_1_12' title="bbox 406 1026 2058 1112">
    <p class='ocr_par' dir='ltr' id='par_1_12' title="bbox 406 1026 2058 1112">
     <span class='ocr_line' id='line_1_12' title="bbox 406 1026 2058 1112; baseline 0.002 -24"><span class='ocrx_word' id='word_1_86' title='bbox 406 1046 503 1089; x_wconf 91' lang='lat' dir='ltr'><strong>ma</strong></span> <span class='ocrx_word' id='word_1_87' title='bbox 532 1047 691 1089; x_wconf 91' lang='lat' dir='ltr'><strong>nunc</strong></span> <span class='ocrx_word' id='word_1_88' title='bbox 722 1026 1014 1104; x_wconf 88' lang='lat' dir='ltr'><strong>ascendit,</strong></span> <span class='ocrx_word' id='word_1_89' title='bbox 1045 1028 1149 1089; x_wconf 90' lang='lat' dir='ltr'><strong>sed</strong></span> <span class='ocrx_word' id='word_1_90' title='bbox 1188 1027 1249 1089; x_wconf 90' lang='lat' dir='ltr'><strong>in</strong></span> <span class='ocrx_word' id='word_1_91' title='bbox 1280 1028 1429 1089; x_wconf 84' lang='lat' dir='ltr'><strong>ﬁnes</strong></span> <span class='ocrx_word' id='word_1_92' title='bbox 1454 1029 1693 1111; x_wconf 64' lang='lat' dir='ltr'><strong>Iudaeae,</strong></span> <span class='ocrx_word' id='word_1_93' title='bbox 1726 1038 1792 1092; x_wconf 92' lang='lat' dir='ltr'><strong>ut</strong></span> <span class='ocrx_word' id='word_1_94' title='bbox 1843 1031 2058 1112; x_wconf 90' lang='lat' dir='ltr'><strong>populo</strong></span> 
     </span>
    </p>
   </div>
   <div class='ocr_carea' id='block_1_13' title="bbox 404 1116 2058 1198">
    <p class='ocr_par' dir='ltr' id='par_1_13' title="bbox 404 1116 2058 1198">
     <span class='ocr_line' id='line_1_13' title="bbox 404 1116 2058 1198; baseline 0.001 -19"><span class='ocrx_word' id='word_1_95' title='bbox 404 1118 665 1198; x_wconf 82' lang='lat' dir='ltr'><strong>simplici</strong></span> <span class='ocrx_word' id='word_1_96' title='bbox 698 1118 1449 1198; x_wconf 78' lang='lat' dir='ltr'><strong>prodesset.Hierosolyma</strong></span> <span class='ocrx_word' id='word_1_97' title='bbox 1478 1119 1637 1181; x_wconf 88' lang='lat' dir='ltr'><strong>enim</strong></span> <span class='ocrx_word' id='word_1_98' title='bbox 1668 1116 1860 1181; x_wconf 77' lang='lat' dir='ltr'><strong>omnis</strong></span> <span class='ocrx_word' id='word_1_99' title='bbox 1886 1122 2058 1182; x_wconf 89' lang='lat' dir='ltr'><strong>mali-</strong></span> 
     </span>
    </p>
   </div>
   <div class='ocr_carea' id='block_1_14' title="bbox 409 1208 2056 1288">
    <p class='ocr_par' dir='ltr' id='par_1_14' title="bbox 409 1208 2056 1288">
     <span class='ocr_line' id='line_1_14' title="bbox 409 1208 2056 1288; baseline 0.004 -20"><span class='ocrx_word' id='word_1_100' title='bbox 409 1208 503 1269; x_wconf 64' lang='lat' dir='ltr'><strong>tiae</strong></span> <span class='ocrx_word' id='word_1_101' title='bbox 524 1208 761 1269; x_wconf 83' lang='lat' dir='ltr'><strong>ofﬁcina</strong></span> <span class='ocrx_word' id='word_1_102' title='bbox 790 1216 980 1283; x_wconf 86' lang='lat' dir='ltr'><strong>erant,</strong></span> <span class='ocrx_word' id='word_1_103' title='bbox 1016 1216 1255 1288; x_wconf 87' lang='lat' dir='ltr'><strong>propter</strong></span> <span class='ocrx_word' id='word_1_104' title='bbox 1282 1208 1712 1269; x_wconf 65' lang='lat' dir='ltr'><strong>Pharisaeorum</strong></span> <span class='ocrx_word' id='word_1_105' title='bbox 1748 1210 2056 1275; x_wconf 87' lang='lat' dir='ltr'><strong>malitiam.</strong></span> 
     </span>
    </p>
   </div>
   <div class='ocr_carea' id='block_1_15' title="bbox 409 1296 2060 1377">
    <p class='ocr_par' dir='ltr' id='par_1_15' title="bbox 409 1296 2060 1377">
     <span class='ocr_line' id='line_1_15' title="bbox 409 1296 2060 1377; baseline 0.003 -19"><span class='ocrx_word' id='word_1_106' title='bbox 409 1296 564 1359; x_wconf 89' lang='lat' dir='ltr'><strong>Vide</strong></span> <span class='ocrx_word' id='word_1_107' title='bbox 593 1315 734 1377; x_wconf 84' lang='lat' dir='ltr'><strong>ergo</strong></span> <span class='ocrx_word' id='word_1_108' title='bbox 766 1296 1049 1358; x_wconf 88' lang='lat' dir='ltr'><strong>malitiam</strong></span> <span class='ocrx_word' id='word_1_109' title='bbox 1083 1298 1345 1371; x_wconf 88' lang='lat' dir='ltr'><strong>illorum,</strong></span> <span class='ocrx_word' id='word_1_110' title='bbox 1368 1298 1663 1377; x_wconf 83' lang='lat' dir='ltr'><strong>quomodo</strong></span> <span class='ocrx_word' id='word_1_111' title='bbox 1692 1307 1918 1361; x_wconf 86' lang='lat' dir='ltr'><strong>tentent</strong></span> <span class='ocrx_word' id='word_1_112' title='bbox 1940 1300 2060 1364; x_wconf 90' lang='lat' dir='ltr'><strong>Do-</strong></span> 
     </span>
    </p>
   </div>
   <div class='ocr_carea' id='block_1_16' title="bbox 411 1386 2059 1467">
    <p class='ocr_par' dir='ltr' id='par_1_16' title="bbox 411 1386 2059 1467">
     <span class='ocr_line' id='line_1_16' title="bbox 411 1386 2059 1467; baseline 0.002 -20"><span class='ocrx_word' id='word_1_113' title='bbox 411 1387 664 1460; x_wconf 91' lang='lat' dir='ltr'><strong>minum,</strong></span> <span class='ocrx_word' id='word_1_114' title='bbox 690 1405 809 1449; x_wconf 93' lang='lat' dir='ltr'><strong>non</strong></span> <span class='ocrx_word' id='word_1_115' title='bbox 840 1386 1247 1467; x_wconf 88' lang='lat' dir='ltr'><strong>relinquentes</strong></span> <span class='ocrx_word' id='word_1_116' title='bbox 1276 1386 1552 1458; x_wconf 79' lang='lat' dir='ltr'><strong>illum.ne</strong></span> <span class='ocrx_word' id='word_1_117' title='bbox 1574 1388 1815 1449; x_wconf 83' lang='lat' dir='ltr'><strong>credant</strong></span> <span class='ocrx_word' id='word_1_118' title='bbox 1847 1390 1901 1450; x_wconf 92' lang='lat' dir='ltr'><strong>ei</strong></span> <span class='ocrx_word' id='word_1_119' title='bbox 1936 1398 2059 1451; x_wconf 90' lang='lat' dir='ltr'><strong>tur-</strong></span> 
     </span>
    </p>
   </div>
   <div class='ocr_carea' id='block_1_17' title="bbox 412 1475 2062 1557">
    <p class='ocr_par' dir='ltr' id='par_1_17' title="bbox 412 1475 2062 1557">
     <span class='ocr_line' id='line_1_17' title="bbox 412 1475 2062 1557; baseline 0.002 -19"><span class='ocrx_word' id='word_1_120' title='bbox 412 1475 639 1557; x_wconf 65' lang='lat' dir='ltr'><strong>hm;sed</strong></span> <span class='ocrx_word' id='word_1_121' title='bbox 658 1494 895 1556; x_wconf 81' lang='lat' dir='ltr'><strong>semper</strong></span> <span class='ocrx_word' id='word_1_122' title='bbox 906 1476 1286 1552; x_wconf 89' lang='lat' dir='ltr'><strong>accedunt,et</strong></span> <span class='ocrx_word' id='word_1_123' title='bbox 1301 1486 1617 1557; x_wconf 86' lang='lat' dir='ltr'><strong>sperantse</strong></span> <span class='ocrx_word' id='word_1_124' title='bbox 1636 1479 2062 1557; x_wconf 64' lang='lat' dir='ltr'><strong>quaestionibus</strong></span> 
     </span>
    </p>
   </div>
   <div class='ocr_carea' id='block_1_18' title="bbox 413 1564 2068 1647">
    <p class='ocr_par' dir='ltr' id='par_1_18' title="bbox 413 1564 2068 1647">
     <span class='ocr_line' id='line_1_18' title="bbox 413 1564 2068 1647; baseline 0.005 -22"><span class='ocrx_word' id='word_1_125' title='bbox 413 1564 581 1626; x_wconf 88' lang='lat' dir='ltr'><strong>illum</strong></span> <span class='ocrx_word' id='word_1_126' title='bbox 596 1565 853 1627; x_wconf 81' lang='lat' dir='ltr'><strong>facturos</strong></span> <span class='ocrx_word' id='word_1_127' title='bbox 871 1566 1216 1647; x_wconf 85' lang='lat' dir='ltr'><strong>perplexum</strong></span> <span class='ocrx_word' id='word_1_128' title='bbox 1232 1566 1429 1627; x_wconf 89' lang='lat' dir='ltr'><strong>animo</strong></span> <span class='ocrx_word' id='word_1_129' title='bbox 1444 1576 1501 1628; x_wconf 89' lang='lat' dir='ltr'><strong>et</strong></span> <span class='ocrx_word' id='word_1_130' title='bbox 1518 1568 1920 1629; x_wconf 85' lang='lat' dir='ltr'><strong>confutaturos</strong></span> <span class='ocrx_word' id='word_1_131' title='bbox 1934 1622 1937 1629; x_wconf 90' lang='lat'><strong>.</strong></span> <span class='ocrx_word' id='word_1_132' title='bbox 1952 1572 2068 1633; x_wconf 82' lang='lat' dir='ltr'><strong>Ro-</strong></span> 
     </span>
    </p>
   </div>
   <div class='ocr_carea' id='block_1_19' title="bbox 412 1653 2068 1739">
    <p class='ocr_par' dir='ltr' id='par_1_19' title="bbox 412 1653 2068 1739">
     <span class='ocr_line' id='line_1_19' title="bbox 412 1653 2068 1739; baseline 0.003 -24"><span class='ocrx_word' id='word_1_133' title='bbox 412 1653 813 1734; x_wconf 80' lang='lat' dir='ltr'><strong>gabantenim</strong></span> <span class='ocrx_word' id='word_1_134' title='bbox 846 1657 1235 1736; x_wconf 66' lang='lat' dir='ltr'><strong>quaestionem</strong></span> <span class='ocrx_word' id='word_1_135' title='bbox 1272 1675 1403 1736; x_wconf 80' lang='lat' dir='ltr'><strong>quae</strong></span> <span class='ocrx_word' id='word_1_136' title='bbox 1432 1659 1711 1737; x_wconf 87' lang='lat' dir='ltr'><strong>utrinque</strong></span> <span class='ocrx_word' id='word_1_137' title='bbox 1744 1660 2068 1739; x_wconf 65' lang='lat' dir='ltr'><strong>prmcipitia</strong></span> 
     </span>
    </p>
   </div>
   <div class='ocr_carea' id='block_1_20' title="bbox 2144 845 3793 933">
    <p class='ocr_par' dir='ltr' id='par_1_20' title="bbox 2144 845 3793 933">
     <span class='ocr_line' id='line_1_20' title="bbox 2144 845 3793 933; baseline -0.007 -24"><span class='ocrx_word' id='word_1_138' title='bbox 2144 848 2392 909; x_wconf 89' lang='grc' dir='ltr'>Ἰουδαίαν</span> <span class='ocrx_word' id='word_1_139' title='bbox 2436 853 2575 933; x_wconf 75' lang='grc' dir='ltr'>ἀφίει</span> <span class='ocrx_word' id='word_1_140' title='bbox 2620 857 2647 910; x_wconf 74' lang='grc' dir='ltr'>ὁ</span> <span class='ocrx_word' id='word_1_141' title='bbox 2696 854 2881 931; x_wconf 84' lang='grc' dir='ltr'>Κύριος</span> <span class='ocrx_word' id='word_1_142' title='bbox 2943 850 3027 907; x_wconf 80' lang='grc' dir='ltr'><strong>διὰ</strong></span> <span class='ocrx_word' id='word_1_143' title='bbox 3072 852 3169 917; x_wconf 75' lang='grc' dir='ltr'>τὴν</span> <span class='ocrx_word' id='word_1_144' title='bbox 3216 850 3506 926; x_wconf 70' lang='grc' dir='ltr'>βασκανίαν</span> <span class='ocrx_word' id='word_1_145' title='bbox 3557 845 3793 917; x_wconf 77' lang='grc' dir='ltr'><strong>ἐκείνων,</strong></span> 
     </span>
    </p>
   </div>
   <div class='ocr_carea' id='block_1_21' title="bbox 2142 931 3797 1022">
    <p class='ocr_par' dir='ltr' id='par_1_21' title="bbox 2142 931 3797 1022">
     <span class='ocr_line' id='line_1_21' title="bbox 2142 931 3797 1022; baseline 0.005 -27"><span class='ocrx_word' id='word_1_146' title='bbox 2142 948 2228 997; x_wconf 91' lang='grc' dir='ltr'><strong>νῦν</strong></span> <span class='ocrx_word' id='word_1_147' title='bbox 2278 949 2365 999; x_wconf 83' lang='grc' dir='ltr'><strong>οῦν</strong></span> <span class='ocrx_word' id='word_1_148' title='bbox 2420 931 2788 1022; x_wconf 83' lang='grc' dir='ltr'>ἐπιχωριάζει,</span> <span class='ocrx_word' id='word_1_149' title='bbox 2851 939 3035 1008; x_wconf 72' lang='grc' dir='ltr'>ἐπειδὴ</span> <span class='ocrx_word' id='word_1_150' title='bbox 3066 941 3126 996; x_wconf 82' lang='grc' dir='ltr'><strong>τὸ</strong></span> <span class='ocrx_word' id='word_1_151' title='bbox 3156 940 3323 1002; x_wconf 76' lang='grc' dir='ltr'>πάθος</span> <span class='ocrx_word' id='word_1_152' title='bbox 3357 937 3515 1016; x_wconf 76' lang='grc' dir='ltr'>ἐγγὺς</span> <span class='ocrx_word' id='word_1_153' title='bbox 3574 931 3797 1022; x_wconf 47' lang='grc' dir='ltr'>’ἔμελλεν</span> 
     </span>
    </p>
   </div>
   <div class='ocr_carea' id='block_1_22' title="bbox 2142 1020 3797 1109">
    <p class='ocr_par' dir='ltr' id='par_1_22' title="bbox 2142 1020 3797 1109">
     <span class='ocr_line' id='line_1_22' title="bbox 2142 1020 3797 1109; baseline -0.003 -25"><span class='ocrx_word' id='word_1_154' title='bbox 2142 1030 2307 1089; x_wconf 79' lang='grc' dir='ltr'>εἶναι.</span> <span class='ocrx_word' id='word_1_155' title='bbox 2356 1035 2428 1091; x_wconf 76' lang='grc' dir='ltr'>Οὐ</span> <span class='ocrx_word' id='word_1_156' title='bbox 2472 1020 2578 1107; x_wconf 63' lang='grc' dir='ltr'><strong>μην</strong></span> <span class='ocrx_word' id='word_1_157' title='bbox 2605 1020 2697 1097; x_wconf 36' lang='grc' dir='ltr'>-είς</span> <span class='ocrx_word' id='word_1_158' title='bbox 2738 1033 2805 1088; x_wconf 74' lang='grc' dir='ltr'>τὰ</span> <span class='ocrx_word' id='word_1_159' title='bbox 2865 1022 3205 1109; x_wconf 78' lang='grc' dir='ltr'>Ἰεροσόλυμα</span> <span class='ocrx_word' id='word_1_160' title='bbox 3253 1026 3426 1083; x_wconf 75' lang='grc' dir='ltr'>ἄνεισι</span> <span class='ocrx_word' id='word_1_161' title='bbox 3458 1025 3615 1098; x_wconf 82' lang='grc' dir='ltr'>τέως,</span> <span class='ocrx_word' id='word_1_162' title='bbox 3675 1020 3797 1078; x_wconf 83' lang='grc' dir='ltr'>ἀλλ’</span> 
     </span>
    </p>
   </div>
   <div class='ocr_carea' id='block_1_23' title="bbox 2143 1109 3797 1200">
    <p class='ocr_par' dir='ltr' id='par_1_23' title="bbox 2143 1109 3797 1200">
     <span class='ocr_line' id='line_1_23' title="bbox 2143 1109 3797 1200; baseline -0.002 -26"><span class='ocrx_word' id='word_1_163' title='bbox 2143 1121 2217 1183; x_wconf 83' lang='grc' dir='ltr'><strong>εἰς</strong></span> <span class='ocrx_word' id='word_1_164' title='bbox 2259 1121 2325 1176; x_wconf 76' lang='grc' dir='ltr'><strong>τα</strong></span> <span class='ocrx_word' id='word_1_165' title='bbox 2368 1124 2466 1190; x_wconf 77' lang='grc' dir='ltr'>τῆς</span> <span class='ocrx_word' id='word_1_166' title='bbox 2527 1120 2775 1187; x_wconf 80' lang='grc' dir='ltr'>Ἰουδαίας</span> <span class='ocrx_word' id='word_1_167' title='bbox 2854 1120 2994 1200; x_wconf 80' lang='grc' dir='ltr'>ὅρια,</span> <span class='ocrx_word' id='word_1_168' title='bbox 3053 1118 3148 1174; x_wconf 69' lang='grc' dir='ltr'>’ἕνα</span> <span class='ocrx_word' id='word_1_169' title='bbox 3222 1119 3314 1173; x_wconf 79' lang='grc' dir='ltr'>τὸν</span> <span class='ocrx_word' id='word_1_170' title='bbox 3372 1115 3573 1171; x_wconf 77' lang='grc' dir='ltr'>ἄκακον</span> <span class='ocrx_word' id='word_1_171' title='bbox 3630 1109 3797 1192; x_wconf 76' lang='grc' dir='ltr'>ὄχλον</span> 
     </span>
    </p>
   </div>
   <div class='ocr_carea' id='block_1_24' title="bbox 2143 1201 3795 1290">
    <p class='ocr_par' dir='ltr' id='par_1_24' title="bbox 2143 1201 3795 1290">
     <span class='ocr_line' id='line_1_24' title="bbox 2143 1201 3795 1290; baseline -0.005 -25"><span class='ocrx_word' id='word_1_172' title='bbox 2143 1208 2420 1288; x_wconf 71' lang='grc' dir='ltr'>ὠφελήσῃ.</span> <span class='ocrx_word' id='word_1_173' title='bbox 2482 1212 2558 1270; x_wconf 80' lang='grc' dir='ltr'><strong>Τὰ</strong></span> <span class='ocrx_word' id='word_1_174' title='bbox 2628 1213 2728 1290; x_wconf 84' lang='grc' dir='ltr'>γὰρ</span> <span class='ocrx_word' id='word_1_175' title='bbox 2786 1201 3126 1289; x_wconf 75' lang='grc' dir='ltr'>Ἱεροσόλυμα</span> <span class='ocrx_word' id='word_1_176' title='bbox 3170 1207 3346 1274; x_wconf 85' lang='grc' dir='ltr'>πάσης</span> <span class='ocrx_word' id='word_1_177' title='bbox 3388 1204 3575 1268; x_wconf 88' lang='grc' dir='ltr'>κακίας</span> <span class='ocrx_word' id='word_1_178' title='bbox 3633 1201 3795 1282; x_wconf 79' lang='grc' dir='ltr'>ἐργα-</span> 
     </span>
    </p>
   </div>
   <div class='ocr_carea' id='block_1_25' title="bbox 2144 1293 3795 1377">
    <p class='ocr_par' dir='ltr' id='par_1_25' title="bbox 2144 1293 3795 1377">
     <span class='ocr_line' id='line_1_25' title="bbox 2144 1293 3795 1377; baseline -0.006 -24"><span class='ocrx_word' id='word_1_179' title='bbox 2144 1302 2361 1377; x_wconf 82' lang='grc' dir='ltr'>στήριον</span> <span class='ocrx_word' id='word_1_180' title='bbox 2417 1302 2578 1374; x_wconf 76' lang='grc' dir='ltr'>ἦσαν,</span> <span class='ocrx_word' id='word_1_181' title='bbox 2665 1299 2750 1356; x_wconf 83' lang='grc' dir='ltr'><strong>διὰ</strong></span> <span class='ocrx_word' id='word_1_182' title='bbox 2824 1300 2924 1367; x_wconf 77' lang='grc' dir='ltr'>τὴν</span> <span class='ocrx_word' id='word_1_183' title='bbox 2993 1304 3101 1354; x_wconf 84' lang='grc' dir='ltr'>τῶν</span> <span class='ocrx_word' id='word_1_184' title='bbox 3156 1295 3458 1376; x_wconf 78' lang='grc' dir='ltr'>Φαρισαίων</span> <span class='ocrx_word' id='word_1_185' title='bbox 3516 1293 3795 1371; x_wconf 81' lang='grc' dir='ltr'>πονηρίαν,</span> 
     </span>
    </p>
   </div>
   <div class='ocr_carea' id='block_1_26' title="bbox 2146 1382 3800 1469">
    <p class='ocr_par' dir='ltr' id='par_1_26' title="bbox 2146 1382 3800 1469">
     <span class='ocr_line' id='line_1_26' title="bbox 2146 1382 3800 1469; baseline -0.007 -23"><span class='ocrx_word' id='word_1_186' title='bbox 2146 1388 2268 1446; x_wconf 71' lang='grc' dir='ltr'>’Ἴδε</span> <span class='ocrx_word' id='word_1_187' title='bbox 2329 1397 2454 1469; x_wconf 89' lang='grc' dir='ltr'>γοῦν</span> <span class='ocrx_word' id='word_1_188' title='bbox 2510 1391 2607 1457; x_wconf 79' lang='grc' dir='ltr'>τὴν</span> <span class='ocrx_word' id='word_1_189' title='bbox 2664 1390 2854 1446; x_wconf 87' lang='grc' dir='ltr'>κακίαν</span> <span class='ocrx_word' id='word_1_190' title='bbox 2921 1390 3114 1462; x_wconf 69' lang='grc' dir='ltr'>αὐτῶν,</span> <span class='ocrx_word' id='word_1_191' title='bbox 3186 1393 3300 1449; x_wconf 83' lang='grc' dir='ltr'>πῶς</span> <span class='ocrx_word' id='word_1_192' title='bbox 3350 1384 3650 1464; x_wconf 78' lang='grc' dir='ltr'>πειράζουσι</span> <span class='ocrx_word' id='word_1_193' title='bbox 3707 1382 3800 1437; x_wconf 84' lang='grc' dir='ltr'>τὸν</span> 
     </span>
    </p>
   </div>
   <div class='ocr_carea' id='block_1_27' title="bbox 2150 1474 3801 1559">
    <p class='ocr_par' dir='ltr' id='par_1_27' title="bbox 2150 1474 3801 1559">
     <span class='ocr_line' id='line_1_27' title="bbox 2150 1474 3801 1559; baseline -0.005 -23"><span class='ocrx_word' id='word_1_194' title='bbox 2150 1481 2360 1559; x_wconf 78' lang='grc' dir='ltr'>Κύριον,</span> <span class='ocrx_word' id='word_1_195' title='bbox 2413 1482 2491 1555; x_wconf 84' lang='grc' dir='ltr'>μὴ</span> <span class='ocrx_word' id='word_1_196' title='bbox 2540 1480 2730 1543; x_wconf 79' lang='grc' dir='ltr'><strong>ἐῶντες</strong></span> <span class='ocrx_word' id='word_1_197' title='bbox 2784 1480 2967 1559; x_wconf 76' lang='grc' dir='ltr'>αὐτὸν,</span> <span class='ocrx_word' id='word_1_198' title='bbox 3037 1476 3131 1533; x_wconf 76' lang='grc' dir='ltr'>ἵνα</span> <span class='ocrx_word' id='word_1_199' title='bbox 3176 1475 3527 1533; x_wconf 78' lang='grc' dir='ltr'>πιστεύσωσιν</span> <span class='ocrx_word' id='word_1_200' title='bbox 3571 1474 3711 1546; x_wconf 77' lang='grc' dir='ltr'>αὒτῴ</span> <span class='ocrx_word' id='word_1_201' title='bbox 3753 1475 3801 1528; x_wconf 76' lang='lat' dir='ltr'><strong>oi</strong></span> 
     </span>
    </p>
   </div>
   <div class='ocr_carea' id='block_1_28' title="bbox 2147 1563 3801 1649">
    <p class='ocr_par' dir='ltr' id='par_1_28' title="bbox 2147 1563 3801 1649">
     <span class='ocr_line' id='line_1_28' title="bbox 2147 1563 3801 1649; baseline -0.005 -24"><span class='ocrx_word' id='word_1_202' title='bbox 2147 1568 2332 1649; x_wconf 73' lang='grc' dir='ltr'>ὄχλοι,</span> <span class='ocrx_word' id='word_1_203' title='bbox 2389 1569 2507 1627; x_wconf 83' lang='grc' dir='ltr'>ἀλλ’</span> <span class='ocrx_word' id='word_1_204' title='bbox 2574 1571 2655 1626; x_wconf 83' lang='grc' dir='ltr'>ἀεὶ</span> <span class='ocrx_word' id='word_1_205' title='bbox 2734 1569 3163 1648; x_wconf 80' lang='grc' dir='ltr'>προσερχόμενοι</span> <span class='ocrx_word' id='word_1_206' title='bbox 3239 1567 3327 1622; x_wconf 88' lang='grc' dir='ltr'><strong>καὶ</strong></span> <span class='ocrx_word' id='word_1_207' title='bbox 3383 1563 3657 1625; x_wconf 78' lang='grc' dir='ltr'>δοκοῦντες</span> <span class='ocrx_word' id='word_1_208' title='bbox 3727 1563 3801 1623; x_wconf 80' lang='grc' dir='ltr'><strong>εἰς</strong></span> 
     </span>
    </p>
   </div>
   <div class='ocr_carea' id='block_1_29' title="bbox 2148 1652 3801 1738">
    <p class='ocr_par' dir='ltr' id='par_1_29' title="bbox 2148 1652 3801 1738">
     <span class='ocr_line' id='line_1_29' title="bbox 2148 1652 3801 1738; baseline -0.004 -24"><span class='ocrx_word' id='word_1_209' title='bbox 2148 1660 2369 1738; x_wconf 75' lang='grc' dir='ltr'>ἀπορίαν</span> <span class='ocrx_word' id='word_1_210' title='bbox 2430 1658 2715 1734; x_wconf 73' lang='grc' dir='ltr'>ἐμϐάλλειν</span> <span class='ocrx_word' id='word_1_211' title='bbox 2776 1662 2864 1716; x_wconf 87' lang='grc' dir='ltr'><strong>καὶ</strong></span> <span class='ocrx_word' id='word_1_212' title='bbox 2920 1658 3274 1733; x_wconf 81' lang='grc' dir='ltr'>ἐπιστομίζειν</span> <span class='ocrx_word' id='word_1_213' title='bbox 3323 1652 3406 1710; x_wconf 78' lang='grc' dir='ltr'>διὰ</span> <span class='ocrx_word' id='word_1_214' title='bbox 3464 1656 3567 1709; x_wconf 77' lang='grc' dir='ltr'>τῶν</span> <span class='ocrx_word' id='word_1_215' title='bbox 3625 1660 3801 1723; x_wconf 78' lang='grc' dir='ltr'>ζητη·</span> 
     </span>
    </p>
   </div>
   <div class='ocr_carea' id='block_1_30' title="bbox 413 1741 2064 1828">
    <p class='ocr_par' dir='ltr' id='par_1_30' title="bbox 413 1744 2064 1812">
     <span class='ocr_line' id='line_1_30' title="bbox 413 1744 2064 1812; baseline 0.003 -7"><span class='ocrx_word' id='word_1_216' title='bbox 413 1744 771 1809; x_wconf 80' lang='lat' dir='ltr'><strong>hahebatzan</strong></span> <span class='ocrx_word' id='word_1_217' title='bbox 804 1746 979 1807; x_wconf 89' lang='lat' dir='ltr'><strong>liceat</strong></span> <span class='ocrx_word' id='word_1_218' title='bbox 1002 1746 1230 1807; x_wconf 89' lang='lat' dir='ltr'><strong>homini</strong></span> <span class='ocrx_word' id='word_1_219' title='bbox 1250 1765 1493 1808; x_wconf 86' lang='lat' dir='ltr'><strong>uxorem</strong></span> <span class='ocrx_word' id='word_1_220' title='bbox 1513 1746 1990 1809; x_wconf 83' lang='lat' dir='ltr'><strong>dimittere?Nam</strong></span> <span class='ocrx_word' id='word_1_221' title='bbox 2013 1750 2064 1812; x_wconf 93' lang='lat' dir='ltr'><strong>si</strong></span> 
     </span>
    </p>
   </div>
   <div class='ocr_carea' id='block_1_31' title="bbox 2149 1741 3799 1828">
    <p class='ocr_par' dir='ltr' id='par_1_31' title="bbox 2149 1741 3799 1828">
     <span class='ocr_line' id='line_1_31' title="bbox 2149 1741 3799 1828; baseline -0.008 -20"><span class='ocrx_word' id='word_1_222' title='bbox 2149 1750 2352 1824; x_wconf 80' lang='grc' dir='ltr'>μάτων.</span> <span class='ocrx_word' id='word_1_223' title='bbox 2403 1748 2718 1822; x_wconf 84' lang='grc' dir='ltr'>Ἠρώτησαν</span> <span class='ocrx_word' id='word_1_224' title='bbox 2790 1751 2891 1828; x_wconf 63' lang='grc' dir='ltr'>γὰρ</span> <span class='ocrx_word' id='word_1_225' title='bbox 2960 1749 3118 1806; x_wconf 68' lang='grc' dir='ltr'>αὐτὸν</span> <span class='ocrx_word' id='word_1_226' title='bbox 3187 1745 3438 1825; x_wconf 69' lang='grc' dir='ltr'>ἒρώτημα</span> <span class='ocrx_word' id='word_1_227' title='bbox 3487 1741 3799 1821; x_wconf 71' lang='grc' dir='ltr'>ἁμφοτέρωυ</span> 
     </span>
    </p>
   </div>
   <div class='ocr_carea' id='block_1_32' title="bbox 413 1823 2064 1918">
    <p class='ocr_par' dir='ltr' id='par_1_32' title="bbox 413 1833 2061 1918">
     <span class='ocr_line' id='line_1_32' title="bbox 413 1833 2061 1918; baseline 0.003 -23"><span class='ocrx_word' id='word_1_228' title='bbox 413 1833 644 1895; x_wconf 84' lang='lat' dir='ltr'><strong>diceret</strong></span> <span class='ocrx_word' id='word_1_229' title='bbox 674 1834 833 1915; x_wconf 91' lang='lat' dir='ltr'><strong>quod</strong></span> <span class='ocrx_word' id='word_1_230' title='bbox 859 1835 1067 1897; x_wconf 87' lang='lat' dir='ltr'><strong>liceret</strong></span> <span class='ocrx_word' id='word_1_231' title='bbox 1095 1835 1796 1915; x_wconf 89' lang='lat' dir='ltr'><strong>absolvere,objecissent</strong></span> <span class='ocrx_word' id='word_1_232' title='bbox 1828 1839 1879 1898; x_wconf 90' lang='lat' dir='ltr'><strong>ei</strong></span> <span class='ocrx_word' id='word_1_233' title='bbox 1905 1839 2061 1918; x_wconf 88' lang='lat' dir='ltr'><strong>quod</strong></span> 
     </span>
    </p>
   </div>
   <div class='ocr_carea' id='block_1_33' title="bbox 2149 1823 3800 1918">
    <p class='ocr_par' dir='ltr' id='par_1_33' title="bbox 2149 1823 3800 1918">
     <span class='ocr_line' id='line_1_33' title="bbox 2149 1823 3800 1918; baseline -0.004 -25"><span class='ocrx_word' id='word_1_234' title='bbox 2149 1842 2231 1894; x_wconf 78' lang='grc' dir='ltr'><strong>θεν</strong></span> <span class='ocrx_word' id='word_1_235' title='bbox 2276 1837 2403 1918; x_wconf 80' lang='grc' dir='ltr'>ἕχον</span> <span class='ocrx_word' id='word_1_236' title='bbox 2473 1840 2740 1917; x_wconf 86' lang='grc' dir='ltr'>κρημνούς</span> <span class='ocrx_word' id='word_1_237' title='bbox 2775 1823 2815 1869; x_wconf 29' lang='grc'><strong>’1</strong></span> <span class='ocrx_word' id='word_1_238' title='bbox 2855 1823 2913 1896; x_wconf 64' lang='grc' dir='ltr'>Εἰ</span> <span class='ocrx_word' id='word_1_239' title='bbox 2983 1837 3178 1902; x_wconf 68' lang='grc' dir='ltr'>ἔξεστιν</span> <span class='ocrx_word' id='word_1_240' title='bbox 3217 1823 3495 1912; x_wconf 13' lang='grc' dir='ltr'>ἡάνθρώπῳ</span> <span class='ocrx_word' id='word_1_241' title='bbox 3537 1830 3800 1888; x_wconf 78' lang='grc' dir='ltr'>ἀπολῦσαι</span> 
     </span>
    </p>
   </div>
   <div class='ocr_carea' id='block_1_34' title="bbox 413 1922 2063 1990">
    <p class='ocr_par' dir='ltr' id='par_1_34' title="bbox 413 1922 2063 1990">
     <span class='ocr_line' id='line_1_34' title="bbox 413 1922 2063 1990; baseline 0.004 -7"><span class='ocrx_word' id='word_1_242' title='bbox 413 1922 659 1985; x_wconf 88' lang='lat' dir='ltr'><strong>dixisset</strong></span> <span class='ocrx_word' id='word_1_243' title='bbox 682 1931 843 1985; x_wconf 82' lang='lat' dir='ltr'><strong>extra</strong></span> <span class='ocrx_word' id='word_1_244' title='bbox 861 1943 1097 1986; x_wconf 84' lang='lat' dir='ltr'><strong>causam</strong></span> <span class='ocrx_word' id='word_1_245' title='bbox 1124 1925 1532 1987; x_wconf 83' lang='lat' dir='ltr'><strong>fornicationis</strong></span> <span class='ocrx_word' id='word_1_246' title='bbox 1579 1944 1696 1987; x_wconf 93' lang='lat' dir='ltr'><strong>non</strong></span> <span class='ocrx_word' id='word_1_247' title='bbox 1741 1927 1922 1988; x_wconf 88' lang='lat' dir='ltr'><strong>licere</strong></span> <span class='ocrx_word' id='word_1_248' title='bbox 1956 1927 2063 1990; x_wconf 83' lang='lat' dir='ltr'><strong>ab-</strong></span> 
     </span>
    </p>
   </div>
   <div class='ocr_carea' id='block_1_35' title="bbox 412 2012 2062 2093">
    <p class='ocr_par' dir='ltr' id='par_1_35' title="bbox 412 2012 2062 2093">
     <span class='ocr_line' id='line_1_35' title="bbox 412 2012 2062 2093; baseline 0.004 -19"><span class='ocrx_word' id='word_1_249' title='bbox 412 2012 665 2077; x_wconf 86' lang='lat' dir='ltr'><strong>solvere.</strong></span> <span class='ocrx_word' id='word_1_250' title='bbox 702 2014 762 2077; x_wconf 88' lang='lat' dir='ltr'><strong>Si</strong></span> <span class='ocrx_word' id='word_1_251' title='bbox 786 2023 981 2076; x_wconf 90' lang='lat' dir='ltr'><strong>autem</strong></span> <span class='ocrx_word' id='word_1_252' title='bbox 1016 2015 1244 2076; x_wconf 79' lang='lat' dir='ltr'><strong>diceret</strong></span> <span class='ocrx_word' id='word_1_253' title='bbox 1273 2015 1432 2093; x_wconf 90' lang='lat' dir='ltr'><strong>quod</strong></span> <span class='ocrx_word' id='word_1_254' title='bbox 1472 2034 1590 2076; x_wconf 92' lang='lat' dir='ltr'><strong>non</strong></span> <span class='ocrx_word' id='word_1_255' title='bbox 1625 2016 1855 2089; x_wconf 84' lang='lat' dir='ltr'><strong>liceret,</strong></span> <span class='ocrx_word' id='word_1_256' title='bbox 1898 2027 2062 2080; x_wconf 86' lang='lat' dir='ltr'><strong>taxa-</strong></span> 
     </span>
    </p>
   </div>
   <div class='ocr_carea' id='block_1_36' title="bbox 411 2103 2066 2169">
    <p class='ocr_par' dir='ltr' id='par_1_36' title="bbox 411 2103 2066 2169">
     <span class='ocr_line' id='line_1_36' title="bbox 411 2103 2066 2169; baseline 0.004 -6"><span class='ocrx_word' id='word_1_257' title='bbox 411 2112 548 2163; x_wconf 86' lang='lat' dir='ltr'><strong>rent</strong></span> <span class='ocrx_word' id='word_1_258' title='bbox 572 2121 706 2164; x_wconf 92' lang='lat' dir='ltr'><strong>eum</strong></span> <span class='ocrx_word' id='word_1_259' title='bbox 726 2110 791 2164; x_wconf 94' lang='lat' dir='ltr'><strong>ut</strong></span> <span class='ocrx_word' id='word_1_260' title='bbox 819 2104 1220 2165; x_wconf 89' lang='lat' dir='ltr'><strong>adversarium</strong></span> <span class='ocrx_word' id='word_1_261' title='bbox 1262 2103 1550 2166; x_wconf 86' lang='lat' dir='ltr'><strong>doctrinis</strong></span> <span class='ocrx_word' id='word_1_262' title='bbox 1586 2105 1759 2166; x_wconf 90' lang='lat' dir='ltr'><strong>Mosi.</strong></span> <span class='ocrx_word' id='word_1_263' title='bbox 1795 2107 2066 2169; x_wconf 86' lang='lat' dir='ltr'><strong>Christus</strong></span> 
     </span>
    </p>
   </div>
   <div class='ocr_carea' id='block_1_37' title="bbox 414 2192 2064 2277">
    <p class='ocr_par' dir='ltr' id='par_1_37' title="bbox 414 2192 2064 2277">
     <span class='ocr_line' id='line_1_37' title="bbox 414 2192 2064 2277; baseline 0.005 -25"><span class='ocrx_word' id='word_1_264' title='bbox 414 2192 724 2273; x_wconf 81' lang='lat' dir='ltr'><strong>igitur,qui</strong></span> <span class='ocrx_word' id='word_1_265' title='bbox 754 2199 812 2254; x_wconf 90' lang='lat' dir='ltr'><strong>et</strong></span> <span class='ocrx_word' id='word_1_266' title='bbox 843 2194 1130 2273; x_wconf 87' lang='lat' dir='ltr'><strong>sapientia</strong></span> <span class='ocrx_word' id='word_1_267' title='bbox 1158 2193 1749 2273; x_wconf 87' lang='lat' dir='ltr'><strong>ipsa,respondet‘eis</strong></span> <span class='ocrx_word' id='word_1_268' title='bbox 1781 2214 2064 2277; x_wconf 89' lang='lat' dir='ltr'><strong>responso</strong></span> 
     </span>
    </p>
   </div>
   <div class='ocr_carea' id='block_1_38' title="bbox 415 2281 2063 2368">
    <p class='ocr_par' dir='ltr' id='par_1_38' title="bbox 415 2281 2063 2368">
     <span class='ocr_line' id='line_1_38' title="bbox 415 2281 2063 2368; baseline 0.004 -26"><span class='ocrx_word' id='word_1_269' title='bbox 415 2298 531 2363; x_wconf 92' lang='lat' dir='ltr'><strong>quo</strong></span> <span class='ocrx_word' id='word_1_270' title='bbox 564 2282 808 2363; x_wconf 90' lang='lat' dir='ltr'><strong>laqueos</strong></span> <span class='ocrx_word' id='word_1_271' title='bbox 840 2281 1075 2343; x_wconf 90' lang='lat' dir='ltr'><strong>illorum</strong></span> <span class='ocrx_word' id='word_1_272' title='bbox 1103 2283 1330 2363; x_wconf 79' lang='lat' dir='ltr'><strong>etiugit.</strong></span> <span class='ocrx_word' id='word_1_273' title='bbox 1362 2281 1545 2361; x_wconf 84' lang='lat' dir='ltr'><strong>Rogat</strong></span> <span class='ocrx_word' id='word_1_274' title='bbox 1566 2283 1723 2345; x_wconf 91' lang='lat' dir='ltr'><strong>enim</strong></span> <span class='ocrx_word' id='word_1_275' title='bbox 1758 2285 1892 2346; x_wconf 93' lang='lat' dir='ltr'><strong>illos</strong></span> <span class='ocrx_word' id='word_1_276' title='bbox 1923 2287 2063 2368; x_wconf 90' lang='lat' dir='ltr'><strong>quid</strong></span> 
     </span>
    </p>
   </div>
   <div class='ocr_carea' id='block_1_39' title="bbox 416 2370 2069 2455">
    <p class='ocr_par' dir='ltr' id='par_1_39' title="bbox 416 2370 2069 2455">
     <span class='ocr_line' id='line_1_39' title="bbox 416 2370 2069 2455; baseline 0.004 -24"><span class='ocrx_word' id='word_1_277' title='bbox 416 2370 504 2431; x_wconf 90' lang='lat' dir='ltr'><strong>eis</strong></span> <span class='ocrx_word' id='word_1_278' title='bbox 518 2374 871 2451; x_wconf 72' lang='lat' dir='ltr'><strong>praeceperit</strong></span> <span class='ocrx_word' id='word_1_279' title='bbox 892 2372 1257 2436; x_wconf 79' lang='lat' dir='ltr'><strong>Moses.Cum</strong></span> <span class='ocrx_word' id='word_1_280' title='bbox 1280 2378 1476 2433; x_wconf 91' lang='lat' dir='ltr'><strong>autem</strong></span> <span class='ocrx_word' id='word_1_281' title='bbox 1502 2371 1587 2433; x_wconf 91' lang='lat' dir='ltr'><strong>illi</strong></span> <span class='ocrx_word' id='word_1_282' title='bbox 1615 2374 1902 2436; x_wconf 84' lang='lat' dir='ltr'><strong>dixissent</strong></span> <span class='ocrx_word' id='word_1_283' title='bbox 1924 2395 2069 2455; x_wconf 69' lang='lat' dir='ltr'><strong>prte-</strong></span> 
     </span>
    </p>
   </div>
   <div class='ocr_carea' id='block_1_40' title="bbox 416 2462 2064 2542">
    <p class='ocr_par' dir='ltr' id='par_1_40' title="bbox 416 2462 2064 2542">
     <span class='ocr_line' id='line_1_40' title="bbox 416 2462 2064 2542; baseline 0.005 -21"><span class='ocrx_word' id='word_1_284' title='bbox 416 2468 651 2541; x_wconf 89' lang='lat' dir='ltr'><strong>ceptum</strong></span> <span class='ocrx_word' id='word_1_285' title='bbox 686 2479 817 2523; x_wconf 90' lang='lat' dir='ltr'><strong>esse</strong></span> <span class='ocrx_word' id='word_1_286' title='bbox 848 2462 1721 2542; x_wconf 88' lang='lat' dir='ltr'><strong>dimittendam,interpretatur</strong></span> <span class='ocrx_word' id='word_1_287' title='bbox 1738 2464 1824 2526; x_wconf 90' lang='lat' dir='ltr'><strong>eis</strong></span> <span class='ocrx_word' id='word_1_288' title='bbox 1848 2464 2064 2542; x_wconf 82' lang='lat' dir='ltr'><strong>legem.</strong></span> 
     </span>
    </p>
   </div>
   <div class='ocr_carea' id='block_1_41' title="bbox 416 2548 2067 2631">
    <p class='ocr_par' dir='ltr' id='par_1_41' title="bbox 416 2548 2067 2631">
     <span class='ocr_line' id='line_1_41' title="bbox 416 2548 2067 2631; baseline 0.004 -21"><span class='ocrx_word' id='word_1_289' title='bbox 416 2548 545 2611; x_wconf 90' lang='lat' dir='ltr'><strong>Non</strong></span> <span class='ocrx_word' id='word_1_290' title='bbox 578 2548 726 2612; x_wconf 87' lang='lat' dir='ltr'><strong>adeo</strong></span> <span class='ocrx_word' id='word_1_291' title='bbox 758 2550 1019 2612; x_wconf 88' lang='lat' dir='ltr'><strong>crudelis</strong></span> <span class='ocrx_word' id='word_1_292' title='bbox 1046 2559 1177 2613; x_wconf 88' lang='lat' dir='ltr'><strong>erat</strong></span> <span class='ocrx_word' id='word_1_293' title='bbox 1206 2554 1423 2626; x_wconf 84' lang='lat' dir='ltr'><strong>Moses,</strong></span> <span class='ocrx_word' id='word_1_294' title='bbox 1458 2550 1741 2631; x_wconf 90' lang='lat' dir='ltr'><strong>inquit,ut</strong></span> <span class='ocrx_word' id='word_1_295' title='bbox 1765 2553 1937 2614; x_wconf 89' lang='lat' dir='ltr'><strong>talem</strong></span> <span class='ocrx_word' id='word_1_296' title='bbox 1972 2554 2067 2617; x_wconf 88' lang='lat' dir='ltr'><strong>in-</strong></span> 
     </span>
    </p>
   </div>
   <div class='ocr_carea' id='block_1_42' title="bbox 417 2638 2067 2718">
    <p class='ocr_par' dir='ltr' id='par_1_42' title="bbox 417 2638 2067 2718">
     <span class='ocr_line' id='line_1_42' title="bbox 417 2638 2067 2718; baseline 0.002 -16"><span class='ocrx_word' id='word_1_297' title='bbox 417 2638 759 2702; x_wconf 89' lang='lat' dir='ltr'><strong>troduceret</strong></span> <span class='ocrx_word' id='word_1_298' title='bbox 786 2640 1003 2718; x_wconf 77' lang='lat' dir='ltr'><strong>legem,</strong></span> <span class='ocrx_word' id='word_1_299' title='bbox 1032 2639 1138 2702; x_wconf 93' lang='lat' dir='ltr'><strong>sed</strong></span> <span class='ocrx_word' id='word_1_300' title='bbox 1185 2641 1257 2701; x_wconf 84' lang='lat' dir='ltr'><strong>ad</strong></span> <span class='ocrx_word' id='word_1_301' title='bbox 1310 2644 1518 2702; x_wconf 85' lang='lat' dir='ltr'><strong>vestris</strong></span> <span class='ocrx_word' id='word_1_302' title='bbox 1553 2641 1751 2702; x_wconf 88' lang='lat' dir='ltr'><strong>cordis</strong></span> <span class='ocrx_word' id='word_1_303' title='bbox 1791 2642 2067 2705; x_wconf 87' lang='lat' dir='ltr'><strong>duritiam</strong></span> 
     </span>
    </p>
   </div>
   <div class='ocr_carea' id='block_1_43' title="bbox 417 2729 2072 2811">
    <p class='ocr_par' dir='ltr' id='par_1_43' title="bbox 417 2729 2072 2811">
     <span class='ocr_line' id='line_1_43' title="bbox 417 2729 2072 2811; baseline 0.001 -18"><span class='ocrx_word' id='word_1_304' title='bbox 417 2729 660 2811; x_wconf 88' lang='lat' dir='ltr'><strong>scripsit</strong></span> <span class='ocrx_word' id='word_1_305' title='bbox 689 2729 989 2792; x_wconf 90' lang='lat' dir='ltr'><strong>hoc.Deus</strong></span> <span class='ocrx_word' id='word_1_306' title='bbox 1008 2729 1164 2790; x_wconf 89' lang='lat' dir='ltr'><strong>enim</strong></span> <span class='ocrx_word' id='word_1_307' title='bbox 1191 2729 1389 2790; x_wconf 91' lang='lat' dir='ltr'><strong>sciens</strong></span> <span class='ocrx_word' id='word_1_308' title='bbox 1418 2730 1759 2793; x_wconf 79' lang='lat' dir='ltr'><strong>Judacorum</strong></span> <span class='ocrx_word' id='word_1_309' title='bbox 1793 2732 2072 2795; x_wconf 85' lang='lat' dir='ltr'><strong>inhuma-</strong></span> 
     </span>
    </p>
   </div>
   <div class='ocr_carea' id='block_1_44' title="bbox 421 2819 2070 2903">
    <p class='ocr_par' dir='ltr' id='par_1_44' title="bbox 421 2819 2070 2903">
     <span class='ocr_line' id='line_1_44' title="bbox 421 2819 2070 2903; baseline 0.001 -20"><span class='ocrx_word' id='word_1_310' title='bbox 421 2820 854 2901; x_wconf 86' lang='lat' dir='ltr'><strong>nitatem,quod</strong></span> <span class='ocrx_word' id='word_1_311' title='bbox 888 2819 989 2901; x_wconf 94' lang='lat' dir='ltr'><strong>qui</strong></span> <span class='ocrx_word' id='word_1_312' title='bbox 1020 2819 1208 2881; x_wconf 92' lang='lat' dir='ltr'><strong>semel</strong></span> <span class='ocrx_word' id='word_1_313' title='bbox 1240 2838 1309 2880; x_wconf 81' lang='lat' dir='ltr'><strong>ex</strong></span> <span class='ocrx_word' id='word_1_314' title='bbox 1343 2819 1430 2881; x_wconf 90' lang='lat' dir='ltr'><strong>eis</strong></span> <span class='ocrx_word' id='word_1_315' title='bbox 1461 2819 1595 2880; x_wconf 92' lang='lat' dir='ltr'><strong>odio</strong></span> <span class='ocrx_word' id='word_1_316' title='bbox 1616 2821 1836 2884; x_wconf 78' lang='lat' dir='ltr'><strong>habere</strong></span> <span class='ocrx_word' id='word_1_317' title='bbox 1854 2823 2070 2903; x_wconf 57' lang='lat' dir='ltr'><strong>coepis-</strong></span> 
     </span>
    </p>
   </div>
   <div class='ocr_carea' id='block_1_45' title="bbox 2147 1920 3796 2007">
    <p class='ocr_par' dir='ltr' id='par_1_45' title="bbox 2147 1920 3796 2007">
     <span class='ocr_line' id='line_1_45' title="bbox 2147 1920 3796 2007; baseline -0.005 -23"><span class='ocrx_word' id='word_1_318' title='bbox 2147 1928 2246 1996; x_wconf 79' lang='grc' dir='ltr'><strong>την</strong></span> <span class='ocrx_word' id='word_1_319' title='bbox 2289 1942 2516 2007; x_wconf 80' lang='grc' dir='ltr'>γυναῖκα</span> <span class='ocrx_word' id='word_1_320' title='bbox 2552 1949 2569 2001; x_wconf 83' lang='grc'>;</span> <span class='ocrx_word' id='word_1_321' title='bbox 2604 1920 2729 1986; x_wconf 72' lang='grc' dir='ltr'><strong>υ[να</strong></span> <span class='ocrx_word' id='word_1_322' title='bbox 2757 1928 2844 1985; x_wconf 81' lang='grc' dir='ltr'><strong>ἐὰν</strong></span> <span class='ocrx_word' id='word_1_323' title='bbox 2878 1929 2976 2004; x_wconf 82' lang='grc' dir='ltr'>μὲν</span> <span class='ocrx_word' id='word_1_324' title='bbox 3010 1926 3143 2001; x_wconf 66' lang='grc' dir='ltr'>εἴπῃ</span> <span class='ocrx_word' id='word_1_325' title='bbox 3186 1924 3266 1981; x_wconf 79' lang='grc' dir='ltr'>ὅτι</span> <span class='ocrx_word' id='word_1_326' title='bbox 3298 1923 3493 1989; x_wconf 77' lang='grc' dir='ltr'>ἔξεστιν</span> <span class='ocrx_word' id='word_1_327' title='bbox 3523 1920 3796 1998; x_wconf 81' lang='grc' dir='ltr'>ἀπολύειν,</span> 
     </span>
    </p>
   </div>
   <div class='ocr_carea' id='block_1_46' title="bbox 2148 2010 3801 2093">
    <p class='ocr_par' dir='ltr' id='par_1_46' title="bbox 2148 2010 3801 2093">
     <span class='ocr_line' id='line_1_46' title="bbox 2148 2010 3801 2093; baseline -0.007 -17"><span class='ocrx_word' id='word_1_328' title='bbox 2148 2018 2522 2089; x_wconf 75' lang='grc' dir='ltr'>ἁπαντήσωσιν</span> <span class='ocrx_word' id='word_1_329' title='bbox 2580 2023 2721 2093; x_wconf 79' lang='grc' dir='ltr'><strong>αῦτῷ</strong></span> <span class='ocrx_word' id='word_1_330' title='bbox 2755 2039 2773 2055; x_wconf 68' lang='grc'>⁸</span> <span class='ocrx_word' id='word_1_331' title='bbox 2832 2024 2953 2081; x_wconf 84' lang='grc' dir='ltr'>Πῶς</span> <span class='ocrx_word' id='word_1_332' title='bbox 3007 2016 3095 2072; x_wconf 83' lang='grc' dir='ltr'>οὖν</span> <span class='ocrx_word' id='word_1_333' title='bbox 3138 2019 3298 2076; x_wconf 77' lang='grc' dir='ltr'>εἶπας</span> <span class='ocrx_word' id='word_1_334' title='bbox 3338 2011 3424 2067; x_wconf 79' lang='grc' dir='ltr'><strong>ὅτι</strong></span> <span class='ocrx_word' id='word_1_335' title='bbox 3453 2012 3605 2075; x_wconf 82' lang='grc' dir='ltr'>ἐκτὸς</span> <span class='ocrx_word' id='word_1_336' title='bbox 3638 2010 3801 2088; x_wconf 73' lang='grc' dir='ltr'>λόγου</span> 
     </span>
    </p>
   </div>
   <div class='ocr_carea' id='block_1_47' title="bbox 2148 2098 3798 2186">
    <p class='ocr_par' dir='ltr' id='par_1_47' title="bbox 2148 2098 3798 2186">
     <span class='ocr_line' id='line_1_47' title="bbox 2148 2098 3798 2186; baseline -0.006 -22"><span class='ocrx_word' id='word_1_337' title='bbox 2148 2112 2415 2186; x_wconf 84' lang='grc' dir='ltr'>πορνείας,</span> <span class='ocrx_word' id='word_1_338' title='bbox 2479 2112 2574 2167; x_wconf 84' lang='grc' dir='ltr'><strong>οῦκ</strong></span> <span class='ocrx_word' id='word_1_339' title='bbox 2630 2107 2828 2174; x_wconf 74' lang='grc' dir='ltr'>ἔξεστιν</span> <span class='ocrx_word' id='word_1_340' title='bbox 2883 2105 3185 2179; x_wconf 84' lang='grc' dir='ltr'>ἀπολύειν;</span> <span class='ocrx_word' id='word_1_341' title='bbox 3248 2102 3373 2161; x_wconf 70' lang='grc' dir='ltr'>Ἐςίν</span> <span class='ocrx_word' id='word_1_342' title='bbox 3421 2099 3477 2157; x_wconf 76' lang='grc' dir='ltr'>δὲ</span> <span class='ocrx_word' id='word_1_343' title='bbox 3525 2101 3659 2178; x_wconf 74' lang='grc' dir='ltr'>εἴπῃ</span> <span class='ocrx_word' id='word_1_344' title='bbox 3717 2098 3798 2155; x_wconf 78' lang='grc' dir='ltr'><strong>ὅτι</strong></span> 
     </span>
    </p>
   </div>
   <div class='ocr_carea' id='block_1_48' title="bbox 2150 2190 3798 2277">
    <p class='ocr_par' dir='ltr' id='par_1_48' title="bbox 2150 2190 3798 2277">
     <span class='ocr_line' id='line_1_48' title="bbox 2150 2190 3798 2277; baseline -0.006 -22"><span class='ocrx_word' id='word_1_345' title='bbox 2150 2201 2245 2256; x_wconf 76' lang='grc' dir='ltr'><strong>οὒκ</strong></span> <span class='ocrx_word' id='word_1_346' title='bbox 2297 2196 2517 2277; x_wconf 67' lang='grc' dir='ltr'>ἔξεστιν,</span> <span class='ocrx_word' id='word_1_347' title='bbox 2598 2196 2958 2277; x_wconf 80' lang='grc' dir='ltr'>ἐγκαλέσωσιν</span> <span class='ocrx_word' id='word_1_348' title='bbox 3034 2197 3177 2270; x_wconf 74' lang='grc' dir='ltr'>αῦτῷ</span> <span class='ocrx_word' id='word_1_349' title='bbox 3264 2195 3336 2258; x_wconf 84' lang='grc' dir='ltr'>ὡς</span> <span class='ocrx_word' id='word_1_350' title='bbox 3408 2190 3798 2265; x_wconf 70' lang='grc' dir='ltr'>ἐναντιουμένῳ</span> 
     </span>
    </p>
   </div>
   <div class='ocr_carea' id='block_1_49' title="bbox 2149 2278 3798 2365">
    <p class='ocr_par' dir='ltr' id='par_1_49' title="bbox 2149 2278 3798 2365">
     <span class='ocr_line' id='line_1_49' title="bbox 2149 2278 3798 2365; baseline -0.007 -23"><span class='ocrx_word' id='word_1_351' title='bbox 2149 2299 2266 2350; x_wconf 74' lang='grc' dir='ltr'>τοῖς</span> <span class='ocrx_word' id='word_1_352' title='bbox 2322 2294 2414 2343; x_wconf 88' lang='grc' dir='ltr'><strong>τοῦ</strong></span> <span class='ocrx_word' id='word_1_353' title='bbox 2477 2286 2709 2350; x_wconf 83' lang='grc' dir='ltr'>Μωσέως</span> <span class='ocrx_word' id='word_1_354' title='bbox 2774 2285 3055 2365; x_wconf 83' lang='grc' dir='ltr'>δόγμασιν.</span> <span class='ocrx_word' id='word_1_355' title='bbox 3115 2281 3175 2342; x_wconf 84' lang='grc' dir='ltr'>Ὀ</span> <span class='ocrx_word' id='word_1_356' title='bbox 3221 2283 3310 2341; x_wconf 82' lang='grc' dir='ltr'><strong>οῦν</strong></span> <span class='ocrx_word' id='word_1_357' title='bbox 3364 2282 3609 2361; x_wconf 80' lang='grc' dir='ltr'>Χριστὸς,</span> <span class='ocrx_word' id='word_1_358' title='bbox 3639 2280 3674 2346; x_wconf 77' lang='grc' dir='ltr'>ἡ</span> <span class='ocrx_word' id='word_1_359' title='bbox 3707 2278 3798 2335; x_wconf 75' lang='grc' dir='ltr'>αῦ-</span> 
     </span>
    </p>
   </div>
   <div class='ocr_carea' id='block_1_50' title="bbox 2149 2368 3797 2457">
    <p class='ocr_par' dir='ltr' id='par_1_50' title="bbox 2149 2368 3797 2457">
     <span class='ocr_line' id='line_1_50' title="bbox 2149 2368 3797 2457; baseline -0.006 -24"><span class='ocrx_word' id='word_1_360' title='bbox 2149 2376 2391 2457; x_wconf 71' lang='grc' dir='ltr'>τοσοφία,</span> <span class='ocrx_word' id='word_1_361' title='bbox 2455 2376 2790 2455; x_wconf 78' lang='grc' dir='ltr'>ἀποκρίνεται</span> <span class='ocrx_word' id='word_1_362' title='bbox 2846 2375 3029 2439; x_wconf 73' lang='grc' dir='ltr'>αῦτοϊς</span> <span class='ocrx_word' id='word_1_363' title='bbox 3087 2372 3364 2451; x_wconf 79' lang='grc' dir='ltr'>ἀπόκρισιν</span> <span class='ocrx_word' id='word_1_364' title='bbox 3421 2368 3797 2449; x_wconf 74' lang='grc' dir='ltr'>διαφεύγουσαν</span> 
     </span>
    </p>
   </div>
   <div class='ocr_carea' id='block_1_51' title="bbox 2149 2460 3799 2544">
    <p class='ocr_par' dir='ltr' id='par_1_51' title="bbox 2149 2460 3799 2544">
     <span class='ocr_line' id='line_1_51' title="bbox 2149 2460 3799 2544; baseline -0.005 -23"><span class='ocrx_word' id='word_1_365' title='bbox 2149 2466 2244 2529; x_wconf 77' lang='grc' dir='ltr'>τὰς</span> <span class='ocrx_word' id='word_1_366' title='bbox 2299 2467 2469 2523; x_wconf 74' lang='grc' dir='ltr'>αὐτῶν</span> <span class='ocrx_word' id='word_1_367' title='bbox 2525 2464 2770 2544; x_wconf 85' lang='grc' dir='ltr'>παγίδας,</span> <span class='ocrx_word' id='word_1_368' title='bbox 2832 2462 3038 2543; x_wconf 80' lang='grc' dir='ltr'>Ἐρωτᾷ</span> <span class='ocrx_word' id='word_1_369' title='bbox 3088 2464 3187 2541; x_wconf 72' lang='grc' dir='ltr'>γὰρ</span> <span class='ocrx_word' id='word_1_370' title='bbox 3243 2461 3454 2533; x_wconf 65' lang='grc' dir='ltr'>αὐτοὺς,</span> <span class='ocrx_word' id='word_1_371' title='bbox 3512 2460 3563 2516; x_wconf 86' lang='grc' dir='ltr'><strong>τί</strong></span> <span class='ocrx_word' id='word_1_372' title='bbox 3619 2461 3799 2518; x_wconf 77' lang='grc' dir='ltr'>αῦτοϊς</span> 
     </span>
    </p>
   </div>
   <div class='ocr_carea' id='block_1_52' title="bbox 2151 2546 3799 2624">
    <p class='ocr_par' dir='ltr' id='par_1_52' title="bbox 2151 2546 3799 2624">
     <span class='ocr_line' id='line_1_52' title="bbox 2151 2546 3799 2624; baseline -0.006 -13"><span class='ocrx_word' id='word_1_373' title='bbox 2151 2555 2447 2612; x_wconf 84' lang='grc' dir='ltr'>ἐνετείλατο</span> <span class='ocrx_word' id='word_1_374' title='bbox 2506 2559 2727 2624; x_wconf 76' lang='grc' dir='ltr'>Μωσῆς.</span> <span class='ocrx_word' id='word_1_375' title='bbox 2786 2561 2901 2613; x_wconf 83' lang='grc' dir='ltr'><strong>Τῶν</strong></span> <span class='ocrx_word' id='word_1_376' title='bbox 2956 2553 3011 2609; x_wconf 78' lang='grc' dir='ltr'>δὲ</span> <span class='ocrx_word' id='word_1_377' title='bbox 3101 2552 3356 2609; x_wconf 72' lang='grc' dir='ltr'>εἰπόντων</span> <span class='ocrx_word' id='word_1_378' title='bbox 3413 2549 3494 2605; x_wconf 78' lang='grc' dir='ltr'><strong>ὅτι</strong></span> <span class='ocrx_word' id='word_1_379' title='bbox 3550 2546 3799 2603; x_wconf 84' lang='grc' dir='ltr'>ἀπολύειν</span> 
     </span>
    </p>
   </div>
   <div class='ocr_carea' id='block_1_53' title="bbox 2152 2636 3801 2723">
    <p class='ocr_par' dir='ltr' id='par_1_53' title="bbox 2152 2636 3801 2723">
     <span class='ocr_line' id='line_1_53' title="bbox 2152 2636 3801 2723; baseline -0.006 -23"><span class='ocrx_word' id='word_1_380' title='bbox 2152 2643 2469 2717; x_wconf 74' lang='grc' dir='ltr'>ἐνετείλατο,</span> <span class='ocrx_word' id='word_1_381' title='bbox 2550 2644 2827 2723; x_wconf 76' lang='grc' dir='ltr'>ἑρμηνεύει</span> <span class='ocrx_word' id='word_1_382' title='bbox 2884 2647 3067 2706; x_wconf 70' lang='grc' dir='ltr'>αὐτοῖς</span> <span class='ocrx_word' id='word_1_383' title='bbox 3145 2644 3234 2698; x_wconf 81' lang='grc' dir='ltr'>τὸν</span> <span class='ocrx_word' id='word_1_384' title='bbox 3305 2639 3489 2716; x_wconf 89' lang='grc' dir='ltr'>νόμον.</span> <span class='ocrx_word' id='word_1_385' title='bbox 3559 2637 3631 2696; x_wconf 76' lang='grc' dir='ltr'><strong>Ού</strong></span> <span class='ocrx_word' id='word_1_386' title='bbox 3700 2636 3801 2714; x_wconf 80' lang='grc' dir='ltr'>γὰρ</span> 
     </span>
    </p>
   </div>
   <div class='ocr_carea' id='block_1_54' title="bbox 2152 2726 3801 2812">
    <p class='ocr_par' dir='ltr' id='par_1_54' title="bbox 2152 2726 3801 2812">
     <span class='ocr_line' id='line_1_54' title="bbox 2152 2726 3801 2812; baseline -0.006 -22"><span class='ocrx_word' id='word_1_387' title='bbox 2152 2734 2318 2799; x_wconf 70' lang='grc' dir='ltr'>οὕτως</span> <span class='ocrx_word' id='word_1_388' title='bbox 2374 2734 2587 2802; x_wconf 72' lang='grc' dir='ltr'>ἀπηνὴς</span> <span class='ocrx_word' id='word_1_389' title='bbox 2642 2738 2710 2803; x_wconf 81' lang='grc' dir='ltr'><strong>ἧν</strong></span> <span class='ocrx_word' id='word_1_390' title='bbox 2770 2737 2798 2791; x_wconf 88' lang='lat'><strong>6</strong></span> <span class='ocrx_word' id='word_1_391' title='bbox 2851 2736 3077 2807; x_wconf 71' lang='grc' dir='ltr'>Μωσῆς,</span> <span class='ocrx_word' id='word_1_392' title='bbox 3136 2733 3316 2812; x_wconf 79' lang='grc' dir='ltr'>φησὶν,</span> <span class='ocrx_word' id='word_1_393' title='bbox 3384 2731 3521 2786; x_wconf 83' lang='grc' dir='ltr'>ὣστε</span> <span class='ocrx_word' id='word_1_394' title='bbox 3564 2726 3801 2783; x_wconf 64' lang='grc' dir='ltr'>τοιοῦτον</span> 
     </span>
    </p>
   </div>
   <div class='ocr_carea' id='block_1_55' title="bbox 2153 2814 3798 2904">
    <p class='ocr_par' dir='ltr' id='par_1_55' title="bbox 2153 2814 3798 2904">
     <span class='ocr_line' id='line_1_55' title="bbox 2153 2814 3798 2904; baseline -0.005 -24"><span class='ocrx_word' id='word_1_395' title='bbox 2153 2825 2470 2902; x_wconf 75' lang='grc' dir='ltr'>εἰσενεγκεῖν</span> <span class='ocrx_word' id='word_1_396' title='bbox 2515 2826 2698 2904; x_wconf 84' lang='grc' dir='ltr'>νόμον,</span> <span class='ocrx_word' id='word_1_397' title='bbox 2734 2823 2870 2880; x_wconf 84' lang='grc' dir='ltr'><strong>ἀλλὰ</strong></span> <span class='ocrx_word' id='word_1_398' title='bbox 2923 2826 3053 2902; x_wconf 80' lang='grc' dir='ltr'>πρὸς</span> <span class='ocrx_word' id='word_1_399' title='bbox 3103 2846 3203 2890; x_wconf 83' lang='grc' dir='ltr'><strong>την</strong></span> <span class='ocrx_word' id='word_1_400' title='bbox 3244 2819 3499 2899; x_wconf 82' lang='grc' dir='ltr'>ὑμετέραν</span> <span class='ocrx_word' id='word_1_401' title='bbox 3560 2814 3798 2895; x_wconf 76' lang='grc' dir='ltr'>σκληρο-</span> 
     </span>
    </p>
   </div>
   <div class='ocr_carea' id='block_1_56' title="bbox 416 2906 2064 2993">
    <p class='ocr_par' dir='ltr' id='par_1_56' title="bbox 416 2907 2064 2990">
     <span class='ocr_line' id='line_1_56' title="bbox 416 2907 2064 2990; baseline -0.001 -15"><span class='ocrx_word' id='word_1_402' title='bbox 416 2919 508 2975; x_wconf 88' lang='lat' dir='ltr'><strong>set</strong></span> <span class='ocrx_word' id='word_1_403' title='bbox 540 2911 879 2990; x_wconf 87' lang='lat' dir='ltr'><strong>mulierem,</strong></span> <span class='ocrx_word' id='word_1_404' title='bbox 902 2907 1222 2971; x_wconf 85' lang='lat' dir='ltr'><strong>occidisset</strong></span> <span class='ocrx_word' id='word_1_405' title='bbox 1251 2926 1407 2988; x_wconf 91' lang='lat' dir='ltr'><strong>eam,</strong></span> <span class='ocrx_word' id='word_1_406' title='bbox 1435 2909 1728 2970; x_wconf 88' lang='lat' dir='ltr'><strong>concessit</strong></span> <span class='ocrx_word' id='word_1_407' title='bbox 1758 2913 1843 2973; x_wconf 91' lang='lat' dir='ltr'><strong>eis</strong></span> <span class='ocrx_word' id='word_1_408' title='bbox 1875 2912 2064 2973; x_wconf 87' lang='lat' dir='ltr'><strong>dimit-</strong></span> 
     </span>
    </p>
   </div>
   <div class='ocr_carea' id='block_1_57' title="bbox 2149 2906 3800 2993">
    <p class='ocr_par' dir='ltr' id='par_1_57' title="bbox 2149 2906 3800 2993">
     <span class='ocr_line' id='line_1_57' title="bbox 2149 2906 3800 2993; baseline -0.006 -23"><span class='ocrx_word' id='word_1_409' title='bbox 2149 2912 2361 2991; x_wconf 79' lang='grc' dir='ltr'>καρδίαν</span> <span class='ocrx_word' id='word_1_410' title='bbox 2416 2914 2569 2971; x_wconf 76' lang='grc' dir='ltr'>τοῦτο</span> <span class='ocrx_word' id='word_1_411' title='bbox 2629 2913 2881 2993; x_wconf 58' lang='grc' dir='ltr'>ἕγραίιεν.</span> <span class='ocrx_word' id='word_1_412' title='bbox 2945 2906 3002 2972; x_wconf 68' lang='grc' dir='ltr'>Ὀ</span> <span class='ocrx_word' id='word_1_413' title='bbox 3060 2915 3158 2992; x_wconf 80' lang='grc' dir='ltr'><strong>γὰρ</strong></span> <span class='ocrx_word' id='word_1_414' title='bbox 3209 2913 3363 2983; x_wconf 83' lang='grc' dir='ltr'>Θεὸς,</span> <span class='ocrx_word' id='word_1_415' title='bbox 3396 2908 3670 2987; x_wconf 66' lang='grc' dir='ltr'>γινώσκων</span> <span class='ocrx_word' id='word_1_416' title='bbox 3700 2906 3800 2973; x_wconf 73' lang='grc' dir='ltr'>τὴν</span> 
     </span>
    </p>
   </div>
   <div class='ocr_carea' id='block_1_58' title="bbox 415 2995 2064 3083">
    <p class='ocr_par' dir='ltr' id='par_1_58' title="bbox 415 2997 2064 3079">
     <span class='ocr_line' id='line_1_58' title="bbox 415 2997 2064 3079; baseline -0.001 -16"><span class='ocrx_word' id='word_1_417' title='bbox 415 3011 543 3065; x_wconf 90' lang='lat' dir='ltr'><strong>tere</strong></span> <span class='ocrx_word' id='word_1_418' title='bbox 572 3018 844 3074; x_wconf 86' lang='lat' dir='ltr'><strong>uxorem,</strong></span> <span class='ocrx_word' id='word_1_419' title='bbox 868 3017 987 3059; x_wconf 93' lang='lat' dir='ltr'><strong>non</strong></span> <span class='ocrx_word' id='word_1_420' title='bbox 1018 2997 1131 3059; x_wconf 91' lang='lat' dir='ltr'><strong>sibi</strong></span> <span class='ocrx_word' id='word_1_421' title='bbox 1165 2997 1520 3079; x_wconf 86' lang='lat' dir='ltr'><strong>placentem.</strong></span> <span class='ocrx_word' id='word_1_422' title='bbox 1556 2998 1642 3059; x_wconf 89' lang='lat' dir='ltr'><strong>Ab</strong></span> <span class='ocrx_word' id='word_1_423' title='bbox 1668 2998 1839 3060; x_wconf 90' lang='lat' dir='ltr'><strong>initio</strong></span> <span class='ocrx_word' id='word_1_424' title='bbox 1869 3011 2064 3062; x_wconf 90' lang='lat' dir='ltr'><strong>autem</strong></span> 
     </span>
    </p>
   </div>
   <div class='ocr_carea' id='block_1_59' title="bbox 2149 2995 3798 3083">
    <p class='ocr_par' dir='ltr' id='par_1_59' title="bbox 2149 2995 3798 3083">
     <span class='ocr_line' id='line_1_59' title="bbox 2149 2995 3798 3083; baseline -0.005 -24"><span class='ocrx_word' id='word_1_425' title='bbox 2149 3010 2254 3059; x_wconf 74' lang='grc' dir='ltr'>τῶν</span> <span class='ocrx_word' id='word_1_426' title='bbox 2309 2995 2561 3083; x_wconf 70' lang='grc' dir='ltr'>Ἐϐραίων</span> <span class='ocrx_word' id='word_1_427' title='bbox 2617 3004 3015 3081; x_wconf 75' lang='grc' dir='ltr'>ἀπανθρωπίαν,</span> <span class='ocrx_word' id='word_1_428' title='bbox 3077 3004 3165 3058; x_wconf 87' lang='grc' dir='ltr'><strong>καὶ</strong></span> <span class='ocrx_word' id='word_1_429' title='bbox 3224 3000 3303 3057; x_wconf 83' lang='grc' dir='ltr'><strong>ὅτι</strong></span> <span class='ocrx_word' id='word_1_430' title='bbox 3347 2996 3534 3078; x_wconf 74' lang='grc' dir='ltr'>ῥαδίως</span> <span class='ocrx_word' id='word_1_431' title='bbox 3586 2999 3615 3052; x_wconf 89' lang='lat'><strong>6</strong></span> <span class='ocrx_word' id='word_1_432' title='bbox 3671 2997 3798 3083; x_wconf 64' lang='lat' dir='ltr'><strong>{Bou-</strong></span> 
     </span>
    </p>
   </div>
   <div class='ocr_carea' id='block_1_60' title="bbox 418 3082 2064 3174">
    <p class='ocr_par' dir='ltr' id='par_1_60' title="bbox 418 3087 2064 3167">
     <span class='ocr_line' id='line_1_60' title="bbox 418 3087 2064 3167; baseline -0.002 -13"><span class='ocrx_word' id='word_1_433' title='bbox 418 3111 537 3154; x_wconf 92' lang='lat' dir='ltr'><strong>non</strong></span> <span class='ocrx_word' id='word_1_434' title='bbox 570 3091 656 3152; x_wconf 90' lang='lat' dir='ltr'><strong>sic</strong></span> <span class='ocrx_word' id='word_1_435' title='bbox 678 3088 939 3157; x_wconf 86' lang='lat' dir='ltr'><strong>erat,sed</strong></span> <span class='ocrx_word' id='word_1_436' title='bbox 968 3087 1076 3149; x_wconf 89' lang='lat' dir='ltr'><strong>Dei</strong></span> <span class='ocrx_word' id='word_1_437' title='bbox 1125 3087 1440 3148; x_wconf 89' lang='lat' dir='ltr'><strong>consilium</strong></span> <span class='ocrx_word' id='word_1_438' title='bbox 1492 3089 1775 3167; x_wconf 80' lang='lat' dir='ltr'><strong>conjuges</strong></span> <span class='ocrx_word' id='word_1_439' title='bbox 1806 3090 1875 3149; x_wconf 87' lang='lat' dir='ltr'><strong>ad</strong></span> <span class='ocrx_word' id='word_1_440' title='bbox 1912 3089 2064 3151; x_wconf 90' lang='lat' dir='ltr'><strong>invi—</strong></span> 
     </span>
    </p>
   </div>
   <div class='ocr_carea' id='block_1_61' title="bbox 2149 3082 3799 3174">
    <p class='ocr_par' dir='ltr' id='par_1_61' title="bbox 2151 3082 3799 3174">
     <span class='ocr_line' id='line_1_61' title="bbox 2151 3082 3799 3174; baseline -0.005 -26"><span class='ocrx_word' id='word_1_441' title='bbox 2151 3092 2374 3168; x_wconf 88' lang='grc' dir='ltr'>λόμενος</span> <span class='ocrx_word' id='word_1_442' title='bbox 2405 3082 2617 3174; x_wconf 62' lang='grc' dir='ltr'>φονεύοι</span> <span class='ocrx_word' id='word_1_443' title='bbox 2649 3092 2709 3148; x_wconf 80' lang='grc' dir='ltr'><strong>ἂν</strong></span> <span class='ocrx_word' id='word_1_444' title='bbox 2752 3098 2851 3159; x_wconf 79' lang='grc' dir='ltr'>τὴν</span> <span class='ocrx_word' id='word_1_445' title='bbox 2897 3092 3081 3149; x_wconf 74' lang='grc' dir='ltr'>ἑαυτοῦ</span> <span class='ocrx_word' id='word_1_446' title='bbox 3124 3103 3352 3169; x_wconf 73' lang='grc' dir='ltr'>γυναῖκα</span> <span class='ocrx_word' id='word_1_447' title='bbox 3395 3088 3631 3163; x_wconf 70' lang='grc' dir='ltr'>μισήσας</span> <span class='ocrx_word' id='word_1_448' title='bbox 3662 3082 3799 3149; x_wconf 78' lang='grc' dir='ltr'>ἅπαξ</span> 
     </span>
    </p>
   </div>
   <div class='ocr_carea' id='block_1_62' title="bbox 416 3173 2064 3263">
    <p class='ocr_par' dir='ltr' id='par_1_62' title="bbox 416 3175 2064 3260">
     <span class='ocr_line' id='line_1_62' title="bbox 416 3175 2064 3260; baseline -0.002 -16"><span class='ocrx_word' id='word_1_449' title='bbox 416 3200 546 3244; x_wconf 91' lang='lat' dir='ltr'><strong>cem</strong></span> <span class='ocrx_word' id='word_1_450' title='bbox 572 3178 967 3260; x_wconf 82' lang='lat' dir='ltr'><strong>conjungit,et</strong></span> <span class='ocrx_word' id='word_1_451' title='bbox 994 3175 1220 3238; x_wconf 88' lang='lat' dir='ltr'><strong>relictis</strong></span> <span class='ocrx_word' id='word_1_452' title='bbox 1237 3176 1577 3256; x_wconf 78' lang='lat' dir='ltr'><strong>parentibus</strong></span> <span class='ocrx_word' id='word_1_453' title='bbox 1597 3196 1775 3239; x_wconf 89' lang='lat' dir='ltr'><strong>unum</strong></span> <span class='ocrx_word' id='word_1_454' title='bbox 1809 3178 2064 3241; x_wconf 87' lang='lat' dir='ltr'><strong>facit.Vi-</strong></span> 
     </span>
    </p>
   </div>
   <div class='ocr_carea' id='block_1_63' title="bbox 2149 3173 3800 3263">
    <p class='ocr_par' dir='ltr' id='par_1_63' title="bbox 2153 3173 3800 3263">
     <span class='ocr_line' id='line_1_63' title="bbox 2153 3173 3800 3263; baseline -0.006 -26"><span class='ocrx_word' id='word_1_455' title='bbox 2153 3183 2336 3258; x_wconf 74' lang='grc' dir='ltr'>αὐτὴν,</span> <span class='ocrx_word' id='word_1_456' title='bbox 2400 3182 2775 3263; x_wconf 83' lang='grc' dir='ltr'>συνεχώρησεν</span> <span class='ocrx_word' id='word_1_457' title='bbox 2822 3180 3076 3239; x_wconf 77' lang='grc' dir='ltr'>ἀπολύειν</span> <span class='ocrx_word' id='word_1_458' title='bbox 3133 3183 3231 3245; x_wconf 73' lang='grc' dir='ltr'>τὴν</span> <span class='ocrx_word' id='word_1_459' title='bbox 3280 3189 3532 3257; x_wconf 77' lang='grc' dir='ltr'>γυναῖκα,</span> <span class='ocrx_word' id='word_1_460' title='bbox 3580 3173 3667 3230; x_wconf 72' lang='grc' dir='ltr'>τὸν</span> <span class='ocrx_word' id='word_1_461' title='bbox 3724 3174 3800 3248; x_wconf 77' lang='grc' dir='ltr'>μὴ</span> 
     </span>
    </p>
   </div>
   <div class='ocr_carea' id='block_1_64' title="bbox 414 3264 2064 3350">
    <p class='ocr_par' dir='ltr' id='par_1_64' title="bbox 414 3265 2062 3349">
     <span class='ocr_line' id='line_1_64' title="bbox 414 3265 2062 3349; baseline -0.002 -16"><span class='ocrx_word' id='word_1_462' title='bbox 414 3272 491 3333; x_wconf 91' lang='lat' dir='ltr'><strong>de</strong></span> <span class='ocrx_word' id='word_1_463' title='bbox 516 3278 711 3332; x_wconf 88' lang='lat' dir='ltr'><strong>autem</strong></span> <span class='ocrx_word' id='word_1_464' title='bbox 734 3267 877 3349; x_wconf 92' lang='lat' dir='ltr'><strong>quid</strong></span> <span class='ocrx_word' id='word_1_465' title='bbox 902 3266 1249 3347; x_wconf 88' lang='lat' dir='ltr'><strong>dicat,quod</strong></span> <span class='ocrx_word' id='word_1_466' title='bbox 1273 3265 1427 3327; x_wconf 90' lang='lat' dir='ltr'><strong>Deus</strong></span> <span class='ocrx_word' id='word_1_467' title='bbox 1444 3266 1631 3327; x_wconf 90' lang='lat' dir='ltr'><strong>noluit</strong></span> <span class='ocrx_word' id='word_1_468' title='bbox 1652 3267 2062 3347; x_wconf 73' lang='lat' dir='ltr'><strong>polygamiam,</strong></span> 
     </span>
    </p>
   </div>
   <div class='ocr_carea' id='block_1_65' title="bbox 2149 3264 3799 3350">
    <p class='ocr_par' dir='ltr' id='par_1_65' title="bbox 2153 3264 3799 3350">
     <span class='ocr_line' id='line_1_65' title="bbox 2153 3264 3799 3350; baseline 0.001 -24"><span class='ocrx_word' id='word_1_469' title='bbox 2153 3273 2506 3350; x_wconf 74' lang='grc' dir='ltr'>ἀρεσκόμενον</span> <span class='ocrx_word' id='word_1_470' title='bbox 2575 3276 2731 3349; x_wconf 74' lang='grc' dir='ltr'>αῦτῇ.</span> <span class='ocrx_word' id='word_1_471' title='bbox 2809 3272 2932 3328; x_wconf 87' lang='grc' dir='ltr'>’Λπ’</span> <span class='ocrx_word' id='word_1_472' title='bbox 3004 3271 3181 3350; x_wconf 73' lang='grc' dir='ltr'>ἀρχῆς</span> <span class='ocrx_word' id='word_1_473' title='bbox 3238 3267 3293 3324; x_wconf 73' lang='grc' dir='ltr'><strong>δί</strong></span> <span class='ocrx_word' id='word_1_474' title='bbox 3322 3269 3425 3348; x_wconf 69' lang='grc' dir='ltr'><strong>οὐχ</strong></span> <span class='ocrx_word' id='word_1_475' title='bbox 3486 3264 3653 3328; x_wconf 69' lang='grc' dir='ltr'>οὕτως</span> <span class='ocrx_word' id='word_1_476' title='bbox 3708 3264 3799 3341; x_wconf 78' lang='grc' dir='ltr'><strong>ἦν,</strong></span> 
     </span>
    </p>
   </div>
   <div class='ocr_carea' id='block_1_66' title="bbox 415 3355 2064 3439">
    <p class='ocr_par' dir='ltr' id='par_1_66' title="bbox 415 3355 2064 3438">
     <span class='ocr_line' id='line_1_66' title="bbox 415 3355 2064 3438; baseline -0.002 -16"><span class='ocrx_word' id='word_1_477' title='bbox 415 3369 479 3422; x_wconf 93' lang='lat' dir='ltr'><strong>ut</strong></span> <span class='ocrx_word' id='word_1_478' title='bbox 508 3360 634 3422; x_wconf 67' lang='lat' dir='ltr'><strong>haec</strong></span> <span class='ocrx_word' id='word_1_479' title='bbox 663 3358 1192 3438; x_wconf 84' lang='lat' dir='ltr'><strong>relinqueretur,et</strong></span> <span class='ocrx_word' id='word_1_480' title='bbox 1221 3355 1404 3417; x_wconf 89' lang='lat' dir='ltr'><strong>altera</strong></span> <span class='ocrx_word' id='word_1_481' title='bbox 1436 3356 1758 3418; x_wconf 89' lang='lat' dir='ltr'><strong>duceretur</strong></span> <span class='ocrx_word' id='word_1_482' title='bbox 1782 3376 1928 3419; x_wconf 86' lang='lat' dir='ltr'><strong>uxor</strong></span> <span class='ocrx_word' id='word_1_483' title='bbox 1963 3379 1976 3421; x_wconf 90' lang='lat'><strong>:</strong></span> <span class='ocrx_word' id='word_1_484' title='bbox 2012 3368 2064 3419; x_wconf 92' lang='lat' dir='ltr'><strong>et</strong></span> 
     </span>
    </p>
   </div>
   <div class='ocr_carea' id='block_1_67' title="bbox 2149 3355 3798 3439">
    <p class='ocr_par' dir='ltr' id='par_1_67' title="bbox 2152 3355 3798 3439">
     <span class='ocr_line' id='line_1_67' title="bbox 2152 3355 3798 3439; baseline -0.004 -23"><span class='ocrx_word' id='word_1_485' title='bbox 2152 3361 2271 3417; x_wconf 72' lang='grc' dir='ltr'>ἀλλ’</span> <span class='ocrx_word' id='word_1_486' title='bbox 2313 3365 2346 3431; x_wconf 76' lang='grc' dir='ltr'>ἡ</span> <span class='ocrx_word' id='word_1_487' title='bbox 2390 3366 2483 3419; x_wconf 79' lang='grc' dir='ltr'><strong>τοῦ</strong></span> <span class='ocrx_word' id='word_1_488' title='bbox 2527 3370 2658 3421; x_wconf 90' lang='grc' dir='ltr'>Θεοῦ</span> <span class='ocrx_word' id='word_1_489' title='bbox 2700 3361 2869 3439; x_wconf 76' lang='grc' dir='ltr'>βουλὴ</span> <span class='ocrx_word' id='word_1_490' title='bbox 2915 3359 3184 3439; x_wconf 85' lang='grc' dir='ltr'>συγκολλᾷ</span> <span class='ocrx_word' id='word_1_491' title='bbox 3225 3357 3479 3427; x_wconf 64' lang='grc' dir='ltr'>ἀλληλοις</span> <span class='ocrx_word' id='word_1_492' title='bbox 3522 3355 3642 3415; x_wconf 80' lang='grc' dir='ltr'>τοὺς</span> <span class='ocrx_word' id='word_1_493' title='bbox 3701 3376 3798 3410; x_wconf 84' lang='grc' dir='ltr'>συ-</span> 
     </span>
    </p>
   </div>
   <div class='ocr_carea' id='block_1_68' title="bbox 414 3447 2065 3528">
    <p class='ocr_par' dir='ltr' id='par_1_68' title="bbox 414 3447 2065 3528">
     <span class='ocr_line' id='line_1_68' title="bbox 414 3447 2065 3528; baseline -0.002 -15"><span class='ocrx_word' id='word_1_494' title='bbox 414 3453 627 3513; x_wconf 90' lang='lat' dir='ltr'><strong>iterum</strong></span> <span class='ocrx_word' id='word_1_495' title='bbox 658 3448 1098 3528; x_wconf 85' lang='lat' dir='ltr'><strong>relinqueretur</strong></span> <span class='ocrx_word' id='word_1_496' title='bbox 1123 3447 1316 3527; x_wconf 88' lang='lat' dir='ltr'><strong>ista,et</strong></span> <span class='ocrx_word' id='word_1_497' title='bbox 1338 3456 1745 3508; x_wconf 90' lang='lat' dir='ltr'><strong>assumeretur</strong></span> <span class='ocrx_word' id='word_1_498' title='bbox 1774 3448 1887 3510; x_wconf 84' lang='lat' dir='ltr'><strong>alia</strong></span> <span class='ocrx_word' id='word_1_499' title='bbox 1922 3448 2065 3510; x_wconf 89' lang='lat' dir='ltr'><strong>Nam</strong></span> 
     </span>
    </p>
   </div>
   <div class='ocr_carea' id='block_1_69' title="bbox 413 3536 2066 3616">
    <p class='ocr_par' dir='ltr' id='par_1_69' title="bbox 413 3536 2066 3616">
     <span class='ocr_line' id='line_1_69' title="bbox 413 3536 2066 3616; baseline -0.002 -13"><span class='ocrx_word' id='word_1_500' title='bbox 413 3540 465 3604; x_wconf 91' lang='lat' dir='ltr'><strong>si</strong></span> <span class='ocrx_word' id='word_1_501' title='bbox 496 3542 609 3602; x_wconf 92' lang='lat' dir='ltr'><strong>hoc</strong></span> <span class='ocrx_word' id='word_1_502' title='bbox 640 3546 819 3613; x_wconf 90' lang='lat' dir='ltr'><strong>esset,</strong></span> <span class='ocrx_word' id='word_1_503' title='bbox 848 3536 1088 3599; x_wconf 87' lang='lat' dir='ltr'><strong>fecisset</strong></span> <span class='ocrx_word' id='word_1_504' title='bbox 1130 3538 1287 3596; x_wconf 84' lang='lat' dir='ltr'><strong>Deus</strong></span> <span class='ocrx_word' id='word_1_505' title='bbox 1314 3555 1496 3596; x_wconf 92' lang='lat' dir='ltr'><strong>unum</strong></span> <span class='ocrx_word' id='word_1_506' title='bbox 1550 3536 1785 3616; x_wconf 89' lang='lat' dir='ltr'><strong>quidem</strong></span> <span class='ocrx_word' id='word_1_507' title='bbox 1852 3538 2066 3605; x_wconf 85' lang='lat' dir='ltr'><strong>virum.</strong></span> 
     </span>
    </p>
   </div>
   <div class='ocr_carea' id='block_1_70' title="bbox 414 3625 2066 3707">
    <p class='ocr_par' dir='ltr' id='par_1_70' title="bbox 414 3625 2066 3707">
     <span class='ocr_line' id='line_1_70' title="bbox 414 3625 2066 3707; baseline -0.003 -15"><span class='ocrx_word' id='word_1_508' title='bbox 414 3631 631 3693; x_wconf 85' lang='lat' dir='ltr'><strong>multas</strong></span> <span class='ocrx_word' id='word_1_509' title='bbox 661 3635 857 3689; x_wconf 88' lang='lat' dir='ltr'><strong>autem</strong></span> <span class='ocrx_word' id='word_1_510' title='bbox 892 3625 1201 3699; x_wconf 89' lang='lat' dir='ltr'><strong>mulieres;</strong></span> <span class='ocrx_word' id='word_1_511' title='bbox 1235 3644 1391 3686; x_wconf 90' lang='lat' dir='ltr'><strong>nunc</strong></span> <span class='ocrx_word' id='word_1_512' title='bbox 1411 3633 1606 3685; x_wconf 90' lang='lat' dir='ltr'><strong>autem</strong></span> <span class='ocrx_word' id='word_1_513' title='bbox 1638 3625 1747 3685; x_wconf 91' lang='lat' dir='ltr'><strong>hoc</strong></span> <span class='ocrx_word' id='word_1_514' title='bbox 1767 3644 1883 3686; x_wconf 91' lang='lat' dir='ltr'><strong>non</strong></span> <span class='ocrx_word' id='word_1_515' title='bbox 1907 3628 2066 3707; x_wconf 88' lang='lat' dir='ltr'><strong>fecit,</strong></span> 
     </span>
    </p>
   </div>
   <div class='ocr_carea' id='block_1_71' title="bbox 413 3714 2067 3796">
    <p class='ocr_par' dir='ltr' id='par_1_71' title="bbox 413 3714 2067 3796">
     <span class='ocr_line' id='line_1_71' title="bbox 413 3714 2067 3796; baseline -0.005 -13"><span class='ocrx_word' id='word_1_516' title='bbox 413 3720 519 3783; x_wconf 90' lang='lat' dir='ltr'><strong>sed</strong></span> <span class='ocrx_word' id='word_1_517' title='bbox 552 3716 884 3781; x_wconf 90' lang='lat' dir='ltr'><strong>masculum</strong></span> <span class='ocrx_word' id='word_1_518' title='bbox 912 3722 970 3779; x_wconf 86' lang='lat' dir='ltr'><strong>et</strong></span> <span class='ocrx_word' id='word_1_519' title='bbox 989 3714 1267 3774; x_wconf 86' lang='lat' dir='ltr'><strong>feminam</strong></span> <span class='ocrx_word' id='word_1_520' title='bbox 1300 3714 1655 3792; x_wconf 87' lang='lat' dir='ltr'><strong>fecit,unum</strong></span> <span class='ocrx_word' id='word_1_521' title='bbox 1688 3715 1789 3775; x_wconf 89' lang='lat' dir='ltr'><strong>uni</strong></span> <span class='ocrx_word' id='word_1_522' title='bbox 1821 3718 2067 3796; x_wconf 88' lang='lat' dir='ltr'><strong>copula-</strong></span> 
     </span>
    </p>
   </div>
   <div class='ocr_carea' id='block_1_72' title="bbox 412 3801 2065 3889">
    <p class='ocr_par' dir='ltr' id='par_1_72' title="bbox 412 3801 2065 3889">
     <span class='ocr_line' id='line_1_72' title="bbox 412 3801 2065 3889; baseline -0.003 -18"><span class='ocrx_word' id='word_1_523' title='bbox 412 3808 468 3871; x_wconf 82' lang='lat' dir='ltr'><strong>ri</strong></span> <span class='ocrx_word' id='word_1_524' title='bbox 494 3806 735 3889; x_wconf 82' lang='lat' dir='ltr'><strong>jubens.</strong></span> <span class='ocrx_word' id='word_1_525' title='bbox 772 3807 1091 3866; x_wconf 84' lang='lat' dir='ltr'><strong>Possemus</strong></span> <span class='ocrx_word' id='word_1_526' title='bbox 1120 3801 1271 3863; x_wconf 89' lang='lat' dir='ltr'><strong>forte</strong></span> <span class='ocrx_word' id='word_1_527' title='bbox 1302 3811 1358 3863; x_wconf 91' lang='lat' dir='ltr'><strong>et</strong></span> <span class='ocrx_word' id='word_1_528' title='bbox 1383 3804 1467 3863; x_wconf 86' lang='lat' dir='ltr'><strong>sic</strong></span> <span class='ocrx_word' id='word_1_529' title='bbox 1486 3803 1642 3863; x_wconf 84' lang='lat' dir='ltr'><strong>hunc</strong></span> <span class='ocrx_word' id='word_1_530' title='bbox 1670 3802 1862 3865; x_wconf 90' lang='lat' dir='ltr'><strong>locum</strong></span> <span class='ocrx_word' id='word_1_531' title='bbox 1886 3805 2065 3867; x_wconf 91' lang='lat' dir='ltr'><strong>intel-</strong></span> 
     </span>
    </p>
   </div>
   <div class='ocr_carea' id='block_1_73' title="bbox 417 3892 2067 3977">
    <p class='ocr_par' dir='ltr' id='par_1_73' title="bbox 417 3892 2067 3977">
     <span class='ocr_line' id='line_1_73' title="bbox 417 3892 2067 3977; baseline -0.002 -17"><span class='ocrx_word' id='word_1_532' title='bbox 417 3898 843 3977; x_wconf 81' lang='lat' dir='ltr'><strong>ligere:Sermo</strong></span> <span class='ocrx_word' id='word_1_533' title='bbox 876 3892 1158 3966; x_wconf 87' lang='lat' dir='ltr'><strong>doctoris,</strong></span> <span class='ocrx_word' id='word_1_534' title='bbox 1182 3892 1284 3972; x_wconf 92' lang='lat' dir='ltr'><strong>qui</strong></span> <span class='ocrx_word' id='word_1_535' title='bbox 1312 3911 1517 3953; x_wconf 90' lang='lat' dir='ltr'><strong>semen</strong></span> <span class='ocrx_word' id='word_1_536' title='bbox 1553 3892 1772 3953; x_wconf 91' lang='lat' dir='ltr'><strong>bonum</strong></span> <span class='ocrx_word' id='word_1_537' title='bbox 1810 3894 1984 3956; x_wconf 89' lang='lat' dir='ltr'><strong>mittit</strong></span> <span class='ocrx_word' id='word_1_538' title='bbox 2008 3896 2067 3956; x_wconf 91' lang='lat' dir='ltr'><strong>in</strong></span> 
     </span>
    </p>
   </div>
   <div class='ocr_carea' id='block_1_74' title="bbox 413 3980 2069 4064">
    <p class='ocr_par' dir='ltr' id='par_1_74' title="bbox 413 3980 2069 4064">
     <span class='ocr_line' id='line_1_74' title="bbox 413 3980 2069 4064; baseline -0.003 -14"><span class='ocrx_word' id='word_1_539' title='bbox 413 3987 672 4051; x_wconf 91' lang='lat' dir='ltr'><strong>animam</strong></span> <span class='ocrx_word' id='word_1_540' title='bbox 721 3982 912 4048; x_wconf 83' lang='lat' dir='ltr'><strong>ﬁdelis</strong></span> <span class='ocrx_word' id='word_1_541' title='bbox 944 3980 1228 4055; x_wconf 89' lang='lat' dir='ltr'><strong>hominis,</strong></span> <span class='ocrx_word' id='word_1_542' title='bbox 1268 3981 1442 4043; x_wconf 87' lang='lat' dir='ltr'><strong>habet</strong></span> <span class='ocrx_word' id='word_1_543' title='bbox 1487 3981 1776 4042; x_wconf 89' lang='lat' dir='ltr'><strong>rationem</strong></span> <span class='ocrx_word' id='word_1_544' title='bbox 1804 3984 1905 4046; x_wconf 88' lang='lat' dir='ltr'><strong>viri</strong></span> <span class='ocrx_word' id='word_1_545' title='bbox 1932 4004 2069 4064; x_wconf 76' lang='lat' dir='ltr'><strong>erga</strong></span> 
     </span>
    </p>
   </div>
   <div class='ocr_carea' id='block_1_75' title="bbox 414 4068 2070 4154">
    <p class='ocr_par' dir='ltr' id='par_1_75' title="bbox 414 4068 2070 4154">
     <span class='ocr_line' id='line_1_75' title="bbox 414 4068 2070 4154; baseline -0.002 -16"><span class='ocrx_word' id='word_1_546' title='bbox 414 4076 681 4139; x_wconf 86' lang='lat' dir='ltr'><strong>animam</strong></span> <span class='ocrx_word' id='word_1_547' title='bbox 714 4091 846 4154; x_wconf 86' lang='lat' dir='ltr'><strong>quae</strong></span> <span class='ocrx_word' id='word_1_548' title='bbox 872 4071 1040 4132; x_wconf 91' lang='lat' dir='ltr'><strong>illum</strong></span> <span class='ocrx_word' id='word_1_549' title='bbox 1074 4068 1521 4151; x_wconf 82' lang='lat' dir='ltr'><strong>suscipitSaepe</strong></span> <span class='ocrx_word' id='word_1_550' title='bbox 1549 4070 1728 4149; x_wconf 80' lang='lat' dir='ltr'><strong>igitur</strong></span> <span class='ocrx_word' id='word_1_551' title='bbox 1759 4074 1910 4133; x_wconf 83' lang='lat' dir='ltr'><strong>ratio</strong></span> <span class='ocrx_word' id='word_1_552' title='bbox 1939 4093 2070 4153; x_wconf 83' lang='lat' dir='ltr'><strong>quae</strong></span> 
     </span>
    </p>
   </div>
   <div class='ocr_carea' id='block_1_76' title="bbox 2152 3441 3797 3530">
    <p class='ocr_par' dir='ltr' id='par_1_76' title="bbox 2152 3441 3797 3530">
     <span class='ocr_line' id='line_1_76' title="bbox 2152 3441 3797 3530; baseline -0.006 -23"><span class='ocrx_word' id='word_1_553' title='bbox 2152 3453 2358 3530; x_wconf 79' lang='grc' dir='ltr'>ζύγους,</span> <span class='ocrx_word' id='word_1_554' title='bbox 2422 3454 2508 3508; x_wconf 87' lang='grc' dir='ltr'><strong>καὶ</strong></span> <span class='ocrx_word' id='word_1_555' title='bbox 2572 3452 2625 3508; x_wconf 86' lang='grc' dir='ltr'>ἓν</span> <span class='ocrx_word' id='word_1_556' title='bbox 2670 3465 2841 3524; x_wconf 78' lang='grc' dir='ltr'>ποιεῖ,</span> <span class='ocrx_word' id='word_1_557' title='bbox 2896 3450 3033 3507; x_wconf 79' lang='grc' dir='ltr'>ὥστε</span> <span class='ocrx_word' id='word_1_558' title='bbox 3089 3450 3177 3506; x_wconf 82' lang='grc' dir='ltr'>καὶ</span> <span class='ocrx_word' id='word_1_559' title='bbox 3218 3447 3418 3527; x_wconf 78' lang='grc' dir='ltr'>γονέων</span> <span class='ocrx_word' id='word_1_560' title='bbox 3448 3441 3797 3521; x_wconf 78' lang='grc' dir='ltr'>καταμελεϊν,</span> 
     </span>
    </p>
   </div>
   <div class='ocr_carea' id='block_1_77' title="bbox 2158 3530 3799 3621">
    <p class='ocr_par' dir='ltr' id='par_1_77' title="bbox 2158 3530 3799 3621">
     <span class='ocr_line' id='line_1_77' title="bbox 2158 3530 3799 3621; baseline -0.009 -22"><span class='ocrx_word' id='word_1_561' title='bbox 2158 3530 2303 3621; x_wconf 76' lang='grc' dir='ltr'><strong>ΗΟρα</strong></span> <span class='ocrx_word' id='word_1_562' title='bbox 2346 3540 2400 3596; x_wconf 74' lang='grc' dir='ltr'>δὲ</span> <span class='ocrx_word' id='word_1_563' title='bbox 2456 3542 2506 3597; x_wconf 87' lang='grc' dir='ltr'><strong>τί</strong></span> <span class='ocrx_word' id='word_1_564' title='bbox 2548 3540 2716 3619; x_wconf 81' lang='grc' dir='ltr'>λέγει,</span> <span class='ocrx_word' id='word_1_565' title='bbox 2763 3540 2844 3597; x_wconf 76' lang='grc' dir='ltr'><strong>ὅτι</strong></span> <span class='ocrx_word' id='word_1_566' title='bbox 2889 3544 2917 3597; x_wconf 82' lang='grc' dir='ltr'><strong>ὁ</strong></span> <span class='ocrx_word' id='word_1_567' title='bbox 2963 3542 3091 3602; x_wconf 82' lang='grc' dir='ltr'>Θεὸς</span> <span class='ocrx_word' id='word_1_568' title='bbox 3151 3538 3211 3597; x_wconf 71' lang='grc' dir='ltr'>οὗ</span> <span class='ocrx_word' id='word_1_569' title='bbox 3247 3538 3386 3594; x_wconf 87' lang='grc' dir='ltr'>Θέλει</span> <span class='ocrx_word' id='word_1_570' title='bbox 3442 3532 3799 3611; x_wconf 80' lang='grc' dir='ltr'>πολυγαμίαν,</span> 
     </span>
    </p>
   </div>
   <div class='ocr_carea' id='block_1_78' title="bbox 2152 3622 3796 3708">
    <p class='ocr_par' dir='ltr' id='par_1_78' title="bbox 2152 3622 3796 3708">
     <span class='ocr_line' id='line_1_78' title="bbox 2152 3622 3796 3708; baseline -0.007 -21"><span class='ocrx_word' id='word_1_571' title='bbox 2152 3632 2289 3687; x_wconf 78' lang='grc' dir='ltr'>ὥστε</span> <span class='ocrx_word' id='word_1_572' title='bbox 2345 3632 2541 3697; x_wconf 87' lang='grc' dir='ltr'>ταύτην</span> <span class='ocrx_word' id='word_1_573' title='bbox 2584 3636 2682 3708; x_wconf 62' lang='grc' dir='ltr'>μὲν</span> <span class='ocrx_word' id='word_1_574' title='bbox 2728 3630 3168 3705; x_wconf 76' lang='grc' dir='ltr'>καταλιμπάνειν,</span> <span class='ocrx_word' id='word_1_575' title='bbox 3237 3628 3417 3705; x_wconf 82' lang='grc' dir='ltr'>ἑτέραν</span> <span class='ocrx_word' id='word_1_576' title='bbox 3475 3624 3529 3681; x_wconf 72' lang='grc' dir='ltr'>δὲ</span> <span class='ocrx_word' id='word_1_577' title='bbox 3581 3622 3796 3700; x_wconf 69' lang='grc' dir='ltr'>ἄγεσθαι</span> 
     </span>
    </p>
   </div>
   <div class='ocr_carea' id='block_1_79' title="bbox 2150 3714 3798 3799">
    <p class='ocr_par' dir='ltr' id='par_1_79' title="bbox 2150 3714 3798 3799">
     <span class='ocr_line' id='line_1_79' title="bbox 2150 3714 3798 3799; baseline -0.004 -24"><span class='ocrx_word' id='word_1_578' title='bbox 2150 3734 2401 3799; x_wconf 64' lang='grc' dir='ltr'>γυναῖκα,</span> <span class='ocrx_word' id='word_1_579' title='bbox 2475 3723 2563 3777; x_wconf 82' lang='grc' dir='ltr'><strong>καὶ</strong></span> <span class='ocrx_word' id='word_1_580' title='bbox 2645 3720 2804 3777; x_wconf 77' lang='grc' dir='ltr'>πάλιν</span> <span class='ocrx_word' id='word_1_581' title='bbox 2898 3721 3098 3787; x_wconf 83' lang='grc' dir='ltr'>ταύτην</span> <span class='ocrx_word' id='word_1_582' title='bbox 3180 3715 3623 3793; x_wconf 73' lang='grc' dir='ltr'>καταλιμπάνειν,</span> <span class='ocrx_word' id='word_1_583' title='bbox 3711 3714 3798 3768; x_wconf 88' lang='grc' dir='ltr'><strong>καὶ</strong></span> 
     </span>
    </p>
   </div>
   <div class='ocr_carea' id='block_1_80' title="bbox 2152 3799 3798 3887">
    <p class='ocr_par' dir='ltr' id='par_1_80' title="bbox 2152 3799 3798 3887">
     <span class='ocr_line' id='line_1_80' title="bbox 2152 3799 3798 3887; baseline -0.005 -24"><span class='ocrx_word' id='word_1_584' title='bbox 2152 3810 2304 3886; x_wconf 77' lang='grc' dir='ltr'>ἑτέρᾳ</span> <span class='ocrx_word' id='word_1_585' title='bbox 2357 3808 2666 3872; x_wconf 83' lang='grc' dir='ltr'>κολλασθαι,</span> <span class='ocrx_word' id='word_1_586' title='bbox 2718 3811 2772 3867; x_wconf 77' lang='grc' dir='ltr'>Εἰ</span> <span class='ocrx_word' id='word_1_587' title='bbox 2818 3811 2915 3887; x_wconf 65' lang='grc' dir='ltr'><strong>γὰρ</strong></span> <span class='ocrx_word' id='word_1_588' title='bbox 2958 3816 3112 3865; x_wconf 81' lang='grc' dir='ltr'>τοῦτο</span> <span class='ocrx_word' id='word_1_589' title='bbox 3156 3807 3245 3881; x_wconf 76' lang='grc' dir='ltr'>ἦν,</span> <span class='ocrx_word' id='word_1_590' title='bbox 3298 3806 3548 3871; x_wconf 77' lang='grc' dir='ltr'>ἐποίησεν</span> <span class='ocrx_word' id='word_1_591' title='bbox 3592 3801 3652 3858; x_wconf 81' lang='grc' dir='ltr'><strong>ἂν</strong></span> <span class='ocrx_word' id='word_1_592' title='bbox 3708 3799 3798 3856; x_wconf 80' lang='grc' dir='ltr'>ἕνα</span> 
     </span>
    </p>
   </div>
   <div class='ocr_carea' id='block_1_81' title="bbox 2153 3890 3799 3976">
    <p class='ocr_par' dir='ltr' id='par_1_81' title="bbox 2153 3890 3799 3976">
     <span class='ocr_line' id='line_1_81' title="bbox 2153 3890 3799 3976; baseline -0.005 -23"><span class='ocrx_word' id='word_1_593' title='bbox 2153 3898 2249 3973; x_wconf 80' lang='grc' dir='ltr'>μὲν</span> <span class='ocrx_word' id='word_1_594' title='bbox 2310 3896 2490 3976; x_wconf 71' lang='grc' dir='ltr'>ἄνδρα,</span> <span class='ocrx_word' id='word_1_595' title='bbox 2552 3898 2756 3964; x_wconf 79' lang='grc' dir='ltr'>πολλὰς</span> <span class='ocrx_word' id='word_1_596' title='bbox 2804 3898 2858 3954; x_wconf 80' lang='grc' dir='ltr'>δὲ</span> <span class='ocrx_word' id='word_1_597' title='bbox 2914 3912 3192 3976; x_wconf 74' lang='grc' dir='ltr'>γυναῖκας.</span> <span class='ocrx_word' id='word_1_598' title='bbox 3260 3904 3359 3955; x_wconf 82' lang='grc' dir='ltr'>Νῦν</span> <span class='ocrx_word' id='word_1_599' title='bbox 3419 3893 3473 3951; x_wconf 68' lang='grc' dir='ltr'>δὲ</span> <span class='ocrx_word' id='word_1_600' title='bbox 3532 3895 3591 3949; x_wconf 77' lang='grc' dir='ltr'><strong>οῦ</strong></span> <span class='ocrx_word' id='word_1_601' title='bbox 3646 3890 3799 3947; x_wconf 79' lang='grc' dir='ltr'>τοῦτο</span> 
     </span>
    </p>
   </div>
   <div class='ocr_carea' id='block_1_82' title="bbox 2159 3981 3800 4067">
    <p class='ocr_par' dir='ltr' id='par_1_82' title="bbox 2159 3981 3800 4067">
     <span class='ocr_line' id='line_1_82' title="bbox 2159 3981 3800 4067; baseline -0.004 -25"><span class='ocrx_word' id='word_1_602' title='bbox 2159 3987 2394 4066; x_wconf 82' lang='grc' dir='ltr'>γέγονεν,</span> <span class='ocrx_word' id='word_1_603' title='bbox 2436 3987 2570 4043; x_wconf 73' lang='grc' dir='ltr'>ἀλλ’</span> <span class='ocrx_word' id='word_1_604' title='bbox 2648 3988 2803 4067; x_wconf 68' lang='grc' dir='ltr'>ἄρσεν</span> <span class='ocrx_word' id='word_1_605' title='bbox 2855 3991 2942 4044; x_wconf 88' lang='grc' dir='ltr'><strong>καὶ</strong></span> <span class='ocrx_word' id='word_1_606' title='bbox 3001 3986 3134 4055; x_wconf 75' lang='grc' dir='ltr'>θῆλυ</span> <span class='ocrx_word' id='word_1_607' title='bbox 3206 3987 3478 4063; x_wconf 65' lang='grc' dir='ltr'>εποίησεν,</span> <span class='ocrx_word' id='word_1_608' title='bbox 3552 3981 3642 4037; x_wconf 79' lang='grc' dir='ltr'>ἕνα</span> <span class='ocrx_word' id='word_1_609' title='bbox 3702 3985 3800 4055; x_wconf 76' lang='grc' dir='ltr'><strong>μιᾷ</strong></span> 
     </span>
    </p>
   </div>
   <div class='ocr_carea' id='block_1_83' title="bbox 2153 4069 3797 4146">
    <p class='ocr_par' dir='ltr' id='par_1_83' title="bbox 2153 4069 3797 4146">
     <span class='ocr_line' id='line_1_83' title="bbox 2153 4069 3797 4146; baseline -0.005 -14"><span class='ocrx_word' id='word_1_610' title='bbox 2153 4076 2403 4141; x_wconf 85' lang='grc' dir='ltr'>κελεύσας</span> <span class='ocrx_word' id='word_1_611' title='bbox 2463 4079 2835 4140; x_wconf 73' lang='grc' dir='ltr'>συνάπτεσθαι,</span> <span class='ocrx_word' id='word_1_612' title='bbox 2899 4079 3121 4146; x_wconf 72' lang='grc' dir='ltr'>Μήποτε</span> <span class='ocrx_word' id='word_1_613' title='bbox 3179 4075 3233 4131; x_wconf 72' lang='grc' dir='ltr'>δὲ</span> <span class='ocrx_word' id='word_1_614' title='bbox 3304 4076 3391 4130; x_wconf 78' lang='grc' dir='ltr'><strong>καὶ</strong></span> <span class='ocrx_word' id='word_1_615' title='bbox 3448 4073 3586 4130; x_wconf 74' lang='grc' dir='ltr'>οὕτω</span> <span class='ocrx_word' id='word_1_616' title='bbox 3640 4069 3797 4127; x_wconf 78' lang='grc' dir='ltr'>δυνά-</span> 
     </span>
    </p>
   </div>
   <div class='ocr_carea' id='block_1_84' title="bbox 415 4156 2064 4246">
    <p class='ocr_par' dir='ltr' id='par_1_84' title="bbox 415 4159 2064 4244">
     <span class='ocr_line' id='line_1_84' title="bbox 415 4159 2064 4244; baseline -0.003 -16"><span class='ocrx_word' id='word_1_617' title='bbox 415 4165 578 4241; x_wconf 92' lang='lat' dir='ltr'><strong>cupit</strong></span> <span class='ocrx_word' id='word_1_618' title='bbox 609 4162 894 4244; x_wconf 89' lang='lat' dir='ltr'><strong>prodesse</strong></span> <span class='ocrx_word' id='word_1_619' title='bbox 924 4162 1297 4239; x_wconf 72' lang='lat' dir='ltr'><strong>animae,quae</strong></span> <span class='ocrx_word' id='word_1_620' title='bbox 1326 4159 1573 4221; x_wconf 86' lang='lat' dir='ltr'><strong>verbum</strong></span> <span class='ocrx_word' id='word_1_621' title='bbox 1599 4162 1846 4236; x_wconf 77' lang='lat' dir='ltr'><strong>suscipit</strong></span> <span class='ocrx_word' id='word_1_622' title='bbox 1880 4164 2064 4224; x_wconf 88' lang='lat' dir='ltr'><strong>relin-</strong></span> 
     </span>
    </p>
   </div>
   <div class='ocr_carea' id='block_1_85' title="bbox 2149 4156 3797 4246">
    <p class='ocr_par' dir='ltr' id='par_1_85' title="bbox 2160 4156 3797 4246">
     <span class='ocr_line' id='line_1_85' title="bbox 2160 4156 3797 4246; baseline -0.004 -25"><span class='ocrx_word' id='word_1_623' title='bbox 2160 4170 2293 4242; x_wconf 81' lang='grc' dir='ltr'>μεθα</span> <span class='ocrx_word' id='word_1_624' title='bbox 2337 4172 2525 4235; x_wconf 76' lang='grc' dir='ltr'>νοῆσαι</span> <span class='ocrx_word' id='word_1_625' title='bbox 2581 4170 2642 4224; x_wconf 82' lang='grc' dir='ltr'>τὸ</span> <span class='ocrx_word' id='word_1_626' title='bbox 2686 4169 2854 4246; x_wconf 79' lang='grc' dir='ltr'>παρὸν</span> <span class='ocrx_word' id='word_1_627' title='bbox 2909 4167 3133 4246; x_wconf 77' lang='grc' dir='ltr'>χωρίον,</span> <span class='ocrx_word' id='word_1_628' title='bbox 3196 4156 3253 4223; x_wconf 68' lang='grc' dir='ltr'>Ὀ</span> <span class='ocrx_word' id='word_1_629' title='bbox 3301 4162 3458 4242; x_wconf 88' lang='grc' dir='ltr'>λόγος</span> <span class='ocrx_word' id='word_1_630' title='bbox 3490 4165 3517 4218; x_wconf 84' lang='lat'><strong>6</strong></span> <span class='ocrx_word' id='word_1_631' title='bbox 3546 4159 3797 4216; x_wconf 85' lang='grc' dir='ltr'>διδασκα-</span> 
     </span>
    </p>
   </div>
   <div class='ocr_carea' id='block_1_86' title="bbox 414 4249 2064 4337">
    <p class='ocr_par' dir='ltr' id='par_1_86' title="bbox 414 4250 2064 4335">
     <span class='ocr_line' id='line_1_86' title="bbox 414 4250 2064 4335; baseline -0.001 -21"><span class='ocrx_word' id='word_1_632' title='bbox 414 4254 544 4335; x_wconf 89' lang='lat' dir='ltr'><strong>quit</strong></span> <span class='ocrx_word' id='word_1_633' title='bbox 574 4260 803 4334; x_wconf 90' lang='lat' dir='ltr'><strong>patrem</strong></span> <span class='ocrx_word' id='word_1_634' title='bbox 859 4268 1060 4329; x_wconf 87' lang='lat' dir='ltr'><strong>suum,</strong></span> <span class='ocrx_word' id='word_1_635' title='bbox 1093 4250 1234 4310; x_wconf 74' lang='grc'><strong>225</strong></span> <span class='ocrx_word' id='word_1_636' title='bbox 1283 4250 1396 4310; x_wconf 88' lang='lat' dir='ltr'><strong>hoc</strong></span> <span class='ocrx_word' id='word_1_637' title='bbox 1438 4258 1525 4311; x_wconf 92' lang='lat' dir='ltr'><strong>est</strong></span> <span class='ocrx_word' id='word_1_638' title='bbox 1584 4260 1842 4311; x_wconf 87' lang='lat' dir='ltr'><strong>mentem</strong></span> <span class='ocrx_word' id='word_1_639' title='bbox 1877 4252 2064 4313; x_wconf 92' lang='lat' dir='ltr'><strong>subli-</strong></span> 
     </span>
    </p>
   </div>
   <div class='ocr_carea' id='block_1_87' title="bbox 2149 4249 3801 4337">
    <p class='ocr_par' dir='ltr' id='par_1_87' title="bbox 2150 4249 3801 4337">
     <span class='ocr_line' id='line_1_87' title="bbox 2150 4249 3801 4337; baseline -0.001 -26"><span class='ocrx_word' id='word_1_640' title='bbox 2150 4254 2324 4330; x_wconf 74' lang='grc' dir='ltr'>λικὸς,</span> <span class='ocrx_word' id='word_1_641' title='bbox 2388 4256 2665 4337; x_wconf 82' lang='grc' dir='ltr'>σπέρματα</span> <span class='ocrx_word' id='word_1_642' title='bbox 2752 4258 2921 4336; x_wconf 82' lang='grc' dir='ltr'>ἀγαθὰ</span> <span class='ocrx_word' id='word_1_643' title='bbox 2978 4253 3256 4331; x_wconf 75' lang='grc' dir='ltr'>ἐμϐά)λων</span> <span class='ocrx_word' id='word_1_644' title='bbox 3317 4255 3389 4317; x_wconf 73' lang='grc' dir='ltr'>εἷς</span> <span class='ocrx_word' id='word_1_645' title='bbox 3445 4252 3545 4319; x_wconf 77' lang='grc' dir='ltr'><strong>τὴν</strong></span> <span class='ocrx_word' id='word_1_646' title='bbox 3616 4249 3801 4329; x_wconf 75' lang='grc' dir='ltr'>ψυχὴν</span> 
     </span>
    </p>
   </div>
   <div class='ocr_carea' id='block_1_88' title="bbox 414 4339 2064 4425">
    <p class='ocr_par' dir='ltr' id='par_1_88' title="bbox 414 4339 2063 4420">
     <span class='ocr_line' id='line_1_88' title="bbox 414 4339 2063 4420; baseline -0.001 -15"><span class='ocrx_word' id='word_1_647' title='bbox 414 4361 572 4406; x_wconf 88' lang='lat' dir='ltr'><strong>mem</strong></span> <span class='ocrx_word' id='word_1_648' title='bbox 612 4364 624 4402; x_wconf 95' lang='lat'>:</span> <span class='ocrx_word' id='word_1_649' title='bbox 660 4349 718 4403; x_wconf 88' lang='lat' dir='ltr'><strong>et</strong></span> <span class='ocrx_word' id='word_1_650' title='bbox 751 4348 999 4401; x_wconf 89' lang='lat' dir='ltr'><strong>matrem</strong></span> <span class='ocrx_word' id='word_1_651' title='bbox 1033 4339 1345 4420; x_wconf 88' lang='lat' dir='ltr'><strong>suam,hoc</strong></span> <span class='ocrx_word' id='word_1_652' title='bbox 1378 4339 1738 4413; x_wconf 85' lang='lat' dir='ltr'><strong>est,verbum</strong></span> <span class='ocrx_word' id='word_1_653' title='bbox 1770 4353 2063 4405; x_wconf 85' lang='lat' dir='ltr'><strong>ornatum:</strong></span> 
     </span>
    </p>
   </div>
   <div class='ocr_carea' id='block_1_89' title="bbox 2149 4339 3800 4425">
    <p class='ocr_par' dir='ltr' id='par_1_89' title="bbox 2151 4342 3800 4425">
     <span class='ocr_line' id='line_1_89' title="bbox 2151 4342 3800 4425; baseline -0.004 -24"><span class='ocrx_word' id='word_1_654' title='bbox 2151 4353 2243 4402; x_wconf 89' lang='grc' dir='ltr'><strong>τοῦ</strong></span> <span class='ocrx_word' id='word_1_655' title='bbox 2286 4354 2475 4402; x_wconf 77' lang='grc' dir='ltr'>πιστοῦ</span> <span class='ocrx_word' id='word_1_656' title='bbox 2503 4346 2800 4425; x_wconf 84' lang='grc' dir='ltr'>ἀνθρώπου,</span> <span class='ocrx_word' id='word_1_657' title='bbox 2833 4344 3016 4424; x_wconf 81' lang='grc' dir='ltr'>ἀνδρὸς</span> <span class='ocrx_word' id='word_1_658' title='bbox 3064 4344 3222 4422; x_wconf 79' lang='grc' dir='ltr'>λογον</span> <span class='ocrx_word' id='word_1_659' title='bbox 3281 4343 3468 4422; x_wconf 59' lang='grc' dir='ltr'>ἐπέχει</span> <span class='ocrx_word' id='word_1_660' title='bbox 3526 4342 3657 4418; x_wconf 73' lang='grc' dir='ltr'>πρὸς</span> <span class='ocrx_word' id='word_1_661' title='bbox 3701 4344 3800 4405; x_wconf 86' lang='grc' dir='ltr'><strong>την</strong></span> 
     </span>
    </p>
   </div>
   <div class='ocr_carea' id='block_1_90' title="bbox 412 4401 2064 4515">
    <p class='ocr_par' dir='ltr' id='par_1_90' title="bbox 412 4401 2064 4512">
     <span class='ocr_line' id='line_1_90' title="bbox 412 4401 2064 4512; baseline -0.001 -17"><span class='ocrx_word' id='word_1_662' title='bbox 412 4401 764 4495; x_wconf 72' lang='lat' dir='ltr'><strong>adhaeret</strong></span> <span class='ocrx_word' id='word_1_663' title='bbox 817 4428 986 4491; x_wconf 81' lang='lat' dir='ltr'><strong>uxori</strong></span> <span class='ocrx_word' id='word_1_664' title='bbox 1043 4401 1665 4508; x_wconf 68' lang='lat' dir='ltr'><strong>suae,attemperando</strong></span> <span class='ocrx_word' id='word_1_665' title='bbox 1697 4401 2064 4512; x_wconf 76' lang='lat' dir='ltr'><strong>seilli,</strong></span> 
     </span>
    </p>
   </div>
   <div class='ocr_carea' id='block_1_91' title="bbox 2149 4401 3797 4515">
    <p class='ocr_par' dir='ltr' id='par_1_91' title="bbox 2149 4401 3797 4515">
     <span class='ocr_line' id='line_1_91' title="bbox 2149 4401 3797 4515; baseline -0.003 -25"><span class='ocrx_word' id='word_1_666' title='bbox 2149 4433 2558 4515; x_wconf 79' lang='grc' dir='ltr'>ὑποδεχομένην</span> <span class='ocrx_word' id='word_1_667' title='bbox 2600 4401 2800 4492; x_wconf 47' lang='grc' dir='ltr'>ιαῦτὸνι</span> <span class='ocrx_word' id='word_1_668' title='bbox 2843 4402 3049 4515; x_wconf 36' lang='lat' dir='ltr'><strong>hbui-qv,</strong></span> <span class='ocrx_word' id='word_1_669' title='bbox 3111 4401 3515 4496; x_wconf 48' lang='lat' dir='ltr'><strong>[ionixtcnofw</strong></span> <span class='ocrx_word' id='word_1_670' title='bbox 3572 4432 3599 4486; x_wconf 80' lang='grc' dir='ltr'>ὁ</span> <span class='ocrx_word' id='word_1_671' title='bbox 3642 4428 3797 4506; x_wconf 75' lang='grc' dir='ltr'>λόγος</span> 
     </span>
    </p>
   </div>
   <div class='ocr_carea' id='block_1_92' title="bbox 411 4518 2064 4605">
    <p class='ocr_par' dir='ltr' id='par_1_92' title="bbox 411 4518 2064 4601">
     <span class='ocr_line' id='line_1_92' title="bbox 411 4518 2064 4601; baseline 0 -18"><span class='ocrx_word' id='word_1_672' title='bbox 411 4520 496 4583; x_wconf 91' lang='lat' dir='ltr'><strong>illi</strong></span> <span class='ocrx_word' id='word_1_673' title='bbox 531 4519 846 4601; x_wconf 80' lang='lat' dir='ltr'><strong>expediant</strong></span> <span class='ocrx_word' id='word_1_674' title='bbox 875 4518 1121 4594; x_wconf 91' lang='lat' dir='ltr'><strong>docens,</strong></span> <span class='ocrx_word' id='word_1_675' title='bbox 1158 4526 1215 4579; x_wconf 91' lang='lat' dir='ltr'><strong>et</strong></span> <span class='ocrx_word' id='word_1_676' title='bbox 1241 4536 1398 4597; x_wconf 67' lang='lat' dir='ltr'><strong>saepe</strong></span> <span class='ocrx_word' id='word_1_677' title='bbox 1448 4535 1692 4579; x_wconf 91' lang='lat' dir='ltr'><strong>sensum</strong></span> <span class='ocrx_word' id='word_1_678' title='bbox 1742 4521 2064 4601; x_wconf 84' lang='lat' dir='ltr'><strong>imperfec-</strong></span> 
     </span>
    </p>
   </div>
   <div class='ocr_carea' id='block_1_93' title="bbox 2149 4518 3797 4605">
    <p class='ocr_par' dir='ltr' id='par_1_93' title="bbox 2150 4518 3797 4605">
     <span class='ocr_line' id='line_1_93' title="bbox 2150 4518 3797 4605; baseline -0.005 -24"><span class='ocrx_word' id='word_1_679' title='bbox 2150 4523 2316 4581; x_wconf 83' lang='grc' dir='ltr'>Θέλων</span> <span class='ocrx_word' id='word_1_680' title='bbox 2376 4524 2785 4605; x_wconf 45' lang='lat' dir='ltr'><strong>(basianum</strong></span> <span class='ocrx_word' id='word_1_681' title='bbox 2834 4522 3242 4605; x_wconf 77' lang='grc' dir='ltr'>ὑποδεχομένην</span> <span class='ocrx_word' id='word_1_682' title='bbox 3288 4523 3494 4601; x_wconf 76' lang='grc' dir='ltr'>ψυχὴν,</span> <span class='ocrx_word' id='word_1_683' title='bbox 3528 4518 3797 4595; x_wconf 77' lang='grc' dir='ltr'>καταλιμ-</span> 
     </span>
    </p>
   </div>
   <div class='ocr_carea' id='block_1_94' title="bbox 408 4606 2064 4693">
    <p class='ocr_par' dir='ltr' id='par_1_94' title="bbox 408 4606 2064 4689">
     <span class='ocr_line' id='line_1_94' title="bbox 408 4606 2064 4689; baseline -0.001 -15"><span class='ocrx_word' id='word_1_684' title='bbox 408 4619 531 4674; x_wconf 93' lang='lat' dir='ltr'><strong>tum</strong></span> <span class='ocrx_word' id='word_1_685' title='bbox 563 4629 633 4672; x_wconf 86' lang='lat' dir='ltr'><strong>ac</strong></span> <span class='ocrx_word' id='word_1_686' title='bbox 661 4607 842 4671; x_wconf 88' lang='lat' dir='ltr'><strong>verba</strong></span> <span class='ocrx_word' id='word_1_687' title='bbox 870 4606 1163 4688; x_wconf 88' lang='lat' dir='ltr'><strong>supplicia</strong></span> <span class='ocrx_word' id='word_1_688' title='bbox 1193 4615 1250 4667; x_wconf 91' lang='lat' dir='ltr'><strong>et</strong></span> <span class='ocrx_word' id='word_1_689' title='bbox 1282 4606 1599 4667; x_wconf 87' lang='lat' dir='ltr'><strong>idiotarum</strong></span> <span class='ocrx_word' id='word_1_690' title='bbox 1634 4609 1943 4689; x_wconf 79' lang='lat' dir='ltr'><strong>proferens</strong></span> <span class='ocrx_word' id='word_1_691' title='bbox 1972 4633 1984 4673; x_wconf 92' lang='lat'>:</span> <span class='ocrx_word' id='word_1_692' title='bbox 2012 4619 2064 4672; x_wconf 90' lang='lat' dir='ltr'><strong>et</strong></span> 
     </span>
    </p>
   </div>
   <div class='ocr_carea' id='block_1_95' title="bbox 2149 4606 3801 4693">
    <p class='ocr_par' dir='ltr' id='par_1_95' title="bbox 2150 4610 3801 4693">
     <span class='ocr_line' id='line_1_95' title="bbox 2150 4610 3801 4693; baseline -0.004 -23"><span class='ocrx_word' id='word_1_693' title='bbox 2150 4616 2303 4670; x_wconf 69' lang='grc' dir='ltr'>πάνει</span> <span class='ocrx_word' id='word_1_694' title='bbox 2349 4615 2440 4670; x_wconf 83' lang='grc' dir='ltr'>τὸν</span> <span class='ocrx_word' id='word_1_695' title='bbox 2486 4615 2686 4693; x_wconf 82' lang='grc' dir='ltr'>πατέρα</span> <span class='ocrx_word' id='word_1_696' title='bbox 2745 4615 2924 4688; x_wconf 70' lang='grc' dir='ltr'>αὖτοῦ,</span> <span class='ocrx_word' id='word_1_697' title='bbox 2985 4614 3224 4672; x_wconf 80' lang='grc' dir='ltr'>τουτέστι</span> <span class='ocrx_word' id='word_1_698' title='bbox 3265 4621 3382 4669; x_wconf 78' lang='grc' dir='ltr'>νοῦν</span> <span class='ocrx_word' id='word_1_699' title='bbox 3438 4610 3667 4685; x_wconf 76' lang='grc' dir='ltr'>ὑψηλὸν,</span> <span class='ocrx_word' id='word_1_700' title='bbox 3715 4611 3801 4665; x_wconf 80' lang='grc' dir='ltr'><strong>καὶ</strong></span> 
     </span>
    </p>
   </div>
   <div class='ocr_carea' id='block_1_96' title="bbox 403 4696 2064 4784">
    <p class='ocr_par' dir='ltr' id='par_1_96' title="bbox 403 4696 2064 4774">
     <span class='ocr_line' id='line_1_96' title="bbox 403 4696 2064 4774; baseline -0.001 -11"><span class='ocrx_word' id='word_1_701' title='bbox 403 4708 544 4764; x_wconf 86' lang='lat' dir='ltr'><strong>tunc</strong></span> <span class='ocrx_word' id='word_1_702' title='bbox 570 4707 706 4761; x_wconf 90' lang='lat' dir='ltr'><strong>sunt</strong></span> <span class='ocrx_word' id='word_1_703' title='bbox 737 4699 855 4760; x_wconf 91' lang='lat' dir='ltr'><strong>duo</strong></span> <span class='ocrx_word' id='word_1_704' title='bbox 887 4696 945 4758; x_wconf 90' lang='lat' dir='ltr'><strong>in</strong></span> <span class='ocrx_word' id='word_1_705' title='bbox 976 4714 1157 4759; x_wconf 85' lang='lat' dir='ltr'><strong>carne</strong></span> <span class='ocrx_word' id='word_1_706' title='bbox 1187 4715 1326 4774; x_wconf 89' lang='lat' dir='ltr'><strong>una,</strong></span> <span class='ocrx_word' id='word_1_707' title='bbox 1350 4697 1464 4757; x_wconf 89' lang='lat' dir='ltr'><strong>hoc</strong></span> <span class='ocrx_word' id='word_1_708' title='bbox 1497 4706 1607 4771; x_wconf 92' lang='lat' dir='ltr'><strong>est,</strong></span> <span class='ocrx_word' id='word_1_709' title='bbox 1646 4700 1836 4760; x_wconf 91' lang='lat' dir='ltr'><strong>credit</strong></span> <span class='ocrx_word' id='word_1_710' title='bbox 1866 4701 2064 4762; x_wconf 82' lang='lat' dir='ltr'><strong>anima</strong></span> 
     </span>
    </p>
   </div>
   <div class='ocr_carea' id='block_1_97' title="bbox 2149 4696 3799 4784">
    <p class='ocr_par' dir='ltr' id='par_1_97' title="bbox 2149 4700 3799 4784">
     <span class='ocr_line' id='line_1_97' title="bbox 2149 4700 3799 4784; baseline -0.006 -22"><span class='ocrx_word' id='word_1_711' title='bbox 2149 4704 2250 4769; x_wconf 79' lang='grc' dir='ltr'>τὴν</span> <span class='ocrx_word' id='word_1_712' title='bbox 2310 4703 2515 4782; x_wconf 83' lang='grc' dir='ltr'>μητέρα</span> <span class='ocrx_word' id='word_1_713' title='bbox 2572 4704 2753 4784; x_wconf 69' lang='grc' dir='ltr'>αὐτοῦ,</span> <span class='ocrx_word' id='word_1_714' title='bbox 2800 4704 3040 4764; x_wconf 75' lang='grc' dir='ltr'>τουτέστι</span> <span class='ocrx_word' id='word_1_715' title='bbox 3088 4703 3225 4769; x_wconf 77' lang='grc' dir='ltr'>λέξιν</span> <span class='ocrx_word' id='word_1_716' title='bbox 3262 4700 3799 4774; x_wconf 78' lang='grc' dir='ltr'>κεκαλλωπισμένην,</span> 
     </span>
    </p>
   </div>
   <div class='ocr_carea' id='block_1_98' title="bbox 406 4784 2064 4873">
    <p class='ocr_par' dir='ltr' id='par_1_98' title="bbox 406 4784 2062 4861">
     <span class='ocr_line' id='line_1_98' title="bbox 406 4784 2062 4861; baseline -0.002 -6"><span class='ocrx_word' id='word_1_717' title='bbox 406 4810 647 4855; x_wconf 88' lang='lat' dir='ltr'><strong>carnem</strong></span> <span class='ocrx_word' id='word_1_718' title='bbox 676 4790 890 4851; x_wconf 85' lang='lat' dir='ltr'><strong>factum</strong></span> <span class='ocrx_word' id='word_1_719' title='bbox 926 4804 1063 4849; x_wconf 91' lang='lat' dir='ltr'><strong>esse</strong></span> <span class='ocrx_word' id='word_1_720' title='bbox 1091 4784 1353 4849; x_wconf 83' lang='lat' dir='ltr'><strong>Verbum</strong></span> <span class='ocrx_word' id='word_1_721' title='bbox 1409 4786 1540 4861; x_wconf 90' lang='lat' dir='ltr'><strong>Dei,</strong></span> <span class='ocrx_word' id='word_1_722' title='bbox 1567 4788 1623 4849; x_wconf 88' lang='lat' dir='ltr'><strong>et</strong></span> <span class='ocrx_word' id='word_1_723' title='bbox 1653 4788 1817 4850; x_wconf 88' lang='lat' dir='ltr'><strong>nulla</strong></span> <span class='ocrx_word' id='word_1_724' title='bbox 1848 4793 2062 4851; x_wconf 87' lang='lat' dir='ltr'><strong>huma-</strong></span> 
     </span>
    </p>
   </div>
   <div class='ocr_carea' id='block_1_99' title="bbox 2149 4784 3801 4873">
    <p class='ocr_par' dir='ltr' id='par_1_99' title="bbox 2149 4790 3801 4873">
     <span class='ocr_line' id='line_1_99' title="bbox 2149 4790 3801 4873; baseline -0.002 -24"><span class='ocrx_word' id='word_1_725' title='bbox 2149 4794 2235 4849; x_wconf 88' lang='grc' dir='ltr'>καὶ</span> <span class='ocrx_word' id='word_1_726' title='bbox 2292 4791 2686 4870; x_wconf 74' lang='grc' dir='ltr'>προσ-κολλᾶται</span> <span class='ocrx_word' id='word_1_727' title='bbox 2743 4801 2810 4871; x_wconf 71' lang='grc' dir='ltr'>τῇ</span> <span class='ocrx_word' id='word_1_728' title='bbox 2866 4795 3073 4873; x_wconf 82' lang='grc' dir='ltr'>γυναικὶ</span> <span class='ocrx_word' id='word_1_729' title='bbox 3134 4792 3309 4870; x_wconf 74' lang='grc' dir='ltr'>αὒτοῦ,</span> <span class='ocrx_word' id='word_1_730' title='bbox 3374 4790 3491 4857; x_wconf 74' lang='grc' dir='ltr'>ἤτοι</span> <span class='ocrx_word' id='word_1_731' title='bbox 3547 4792 3612 4845; x_wconf 78' lang='grc' dir='ltr'><strong>τα</strong></span> <span class='ocrx_word' id='word_1_732' title='bbox 3671 4791 3801 4866; x_wconf 82' lang='grc' dir='ltr'>πρὸς</span> 
     </span>
    </p>
   </div>
   <div class='ocr_carea' id='block_1_100' title="bbox 404 4874 2064 4962">
    <p class='ocr_par' dir='ltr' id='par_1_100' title="bbox 404 4874 2064 4961">
     <span class='ocr_line' id='line_1_100' title="bbox 404 4874 2064 4961; baseline -0.001 -18"><span class='ocrx_word' id='word_1_733' title='bbox 404 4899 482 4943; x_wconf 88' lang='lat' dir='ltr'><strong>na</strong></span> <span class='ocrx_word' id='word_1_734' title='bbox 516 4878 795 4961; x_wconf 80' lang='lat' dir='ltr'><strong>cogitatio</strong></span> <span class='ocrx_word' id='word_1_735' title='bbox 827 4883 1024 4959; x_wconf 90' lang='lat' dir='ltr'><strong>potest</strong></span> <span class='ocrx_word' id='word_1_736' title='bbox 1054 4893 1339 4956; x_wconf 88' lang='lat' dir='ltr'><strong>separare</strong></span> <span class='ocrx_word' id='word_1_737' title='bbox 1362 4874 1619 4937; x_wconf 88' lang='lat' dir='ltr'><strong>animam</strong></span> <span class='ocrx_word' id='word_1_738' title='bbox 1651 4897 1683 4939; x_wconf 79' lang='grc' dir='ltr'><strong>ιι</strong></span> <span class='ocrx_word' id='word_1_739' title='bbox 1728 4878 1829 4939; x_wconf 90' lang='lat' dir='ltr'><strong>tali</strong></span> <span class='ocrx_word' id='word_1_740' title='bbox 1861 4880 2003 4943; x_wconf 84' lang='lat' dir='ltr'><strong>ﬁde.</strong></span> <span class='ocrx_word' id='word_1_741' title='bbox 2060 4945 2064 4949; x_wconf 92' lang='lat'><em>_</em></span> 
     </span>
    </p>
   </div>
   <div class='ocr_carea' id='block_1_101' title="bbox 2149 4874 3798 4962">
    <p class='ocr_par' dir='ltr' id='par_1_101' title="bbox 2149 4876 3798 4962">
     <span class='ocr_line' id='line_1_101' title="bbox 2149 4876 3798 4962; baseline -0.002 -25"><span class='ocrx_word' id='word_1_742' title='bbox 2149 4881 2407 4962; x_wconf 74' lang='grc' dir='ltr'>ὠφέλειαν</span> <span class='ocrx_word' id='word_1_743' title='bbox 2466 4888 2566 4949; x_wconf 79' lang='grc' dir='ltr'><strong>τῆς</strong></span> <span class='ocrx_word' id='word_1_744' title='bbox 2629 4888 2814 4962; x_wconf 55' lang='grc' dir='ltr'>ψυΑῆς</span> <span class='ocrx_word' id='word_1_745' title='bbox 2872 4883 3078 4950; x_wconf 68' lang='grc' dir='ltr'>ὲκείνης</span> <span class='ocrx_word' id='word_1_746' title='bbox 3136 4880 3388 4953; x_wconf 80' lang='grc' dir='ltr'>διδάσκει,</span> <span class='ocrx_word' id='word_1_747' title='bbox 3440 4876 3798 4955; x_wconf 59' lang='grc' dir='ltr'>σλγκαταϐαί-</span> 
     </span>
    </p>
   </div>
   <div class='ocr_carea' id='block_1_102' title="bbox 402 4964 3801 5050">
    <p class='ocr_par' dir='ltr' id='par_1_102' title="bbox 402 4964 3801 5050">
     <span class='ocr_line' id='line_1_102' title="bbox 402 4964 3801 5050; baseline -0.002 -21"><span class='ocrx_word' id='word_1_748' title='bbox 402 4993 507 5029; x_wconf 88' lang='grc' dir='ltr'><strong>νων</strong></span> <span class='ocrx_word' id='word_1_749' title='bbox 565 4976 698 5044; x_wconf 74' lang='grc' dir='ltr'><strong>αὒτῇ</strong></span> <span class='ocrx_word' id='word_1_750' title='bbox 787 4969 875 5025; x_wconf 86' lang='grc' dir='ltr'><strong>καὶ</strong></span> <span class='ocrx_word' id='word_1_751' title='bbox 938 4975 1053 5023; x_wconf 91' lang='grc' dir='ltr'>νοῦν</span> <span class='ocrx_word' id='word_1_752' title='bbox 1114 4964 1371 5031; x_wconf 84' lang='grc' dir='ltr'>πολλάκις</span> <span class='ocrx_word' id='word_1_753' title='bbox 1432 4966 1619 5033; x_wconf 73' lang='grc' dir='ltr'>εὐτελῆ</span> <span class='ocrx_word' id='word_1_754' title='bbox 1678 4970 1764 5023; x_wconf 87' lang='grc' dir='ltr'><strong>καὶ</strong></span> <span class='ocrx_word' id='word_1_755' title='bbox 1835 4969 1999 5037; x_wconf 79' lang='grc' dir='ltr'>λέξεις</span> <span class='ocrx_word' id='word_1_756' title='bbox 2055 4970 2325 5034; x_wconf 79' lang='grc' dir='ltr'>ἰδιωτικὰς</span> <span class='ocrx_word' id='word_1_757' title='bbox 2396 4978 2693 5050; x_wconf 83' lang='grc' dir='ltr'>προτιμῶν.</span> <span class='ocrx_word' id='word_1_758' title='bbox 2783 4974 2880 5031; x_wconf 86' lang='grc' dir='ltr'>Καὶ</span> <span class='ocrx_word' id='word_1_759' title='bbox 2935 4971 3123 5030; x_wconf 80' lang='grc' dir='ltr'>λοιπὸν</span> <span class='ocrx_word' id='word_1_760' title='bbox 3191 4971 3423 5050; x_wconf 88' lang='grc' dir='ltr'>γίνονται</span> <span class='ocrx_word' id='word_1_761' title='bbox 3482 4972 3528 5026; x_wconf 80' lang='grc' dir='ltr'>οἱ</span> <span class='ocrx_word' id='word_1_762' title='bbox 3586 4965 3675 5024; x_wconf 83' lang='grc' dir='ltr'><strong>δύο</strong></span> <span class='ocrx_word' id='word_1_763' title='bbox 3726 4969 3801 5030; x_wconf 77' lang='grc' dir='ltr'>εἷς</span> 
     </span>
    </p>
   </div>
   <div class='ocr_carea' id='block_1_103' title="bbox 401 5055 3800 5140">
    <p class='ocr_par' dir='ltr' id='par_1_103' title="bbox 401 5055 3800 5140">
     <span class='ocr_line' id='line_1_103' title="bbox 401 5055 3800 5140; baseline -0.006 -8"><span class='ocrx_word' id='word_1_764' title='bbox 401 5060 572 5138; x_wconf 77' lang='grc' dir='ltr'>σάρκα</span> <span class='ocrx_word' id='word_1_765' title='bbox 618 5059 765 5135; x_wconf 65' lang='grc' dir='ltr'>μίαν,</span> <span class='ocrx_word' id='word_1_766' title='bbox 830 5055 1091 5131; x_wconf 64' lang='grc' dir='ltr'><strong>τουτέστι)</strong></span> <span class='ocrx_word' id='word_1_767' title='bbox 1148 5057 1382 5111; x_wconf 65' lang='grc' dir='ltr'><strong>πιστεύει</strong></span> <span class='ocrx_word' id='word_1_768' title='bbox 1455 5058 1488 5123; x_wconf 76' lang='grc' dir='ltr'>ἦ</span> <span class='ocrx_word' id='word_1_769' title='bbox 1564 5059 1717 5136; x_wconf 75' lang='grc' dir='ltr'>ψυχὴ</span> <span class='ocrx_word' id='word_1_770' title='bbox 1776 5060 1944 5132; x_wconf 71' lang='grc' dir='ltr'>σάρκα</span> <span class='ocrx_word' id='word_1_771' title='bbox 2005 5064 2243 5140; x_wconf 78' lang='grc' dir='ltr'>γενέσθαι</span> <span class='ocrx_word' id='word_1_772' title='bbox 2300 5064 2391 5118; x_wconf 80' lang='grc' dir='ltr'>τὸν</span> <span class='ocrx_word' id='word_1_773' title='bbox 2456 5063 2627 5140; x_wconf 86' lang='grc' dir='ltr'>Λόγον</span> <span class='ocrx_word' id='word_1_774' title='bbox 2698 5068 2790 5119; x_wconf 87' lang='grc' dir='ltr'><strong>τοῦ</strong></span> <span class='ocrx_word' id='word_1_775' title='bbox 2851 5070 3005 5122; x_wconf 85' lang='grc' dir='ltr'>Θεοῦ.</span> <span class='ocrx_word' id='word_1_776' title='bbox 3091 5063 3186 5120; x_wconf 77' lang='grc' dir='ltr'><strong>Καὶ</strong></span> <span class='ocrx_word' id='word_1_777' title='bbox 3242 5059 3407 5124; x_wconf 66' lang='grc' dir='ltr'>οὐδεὶς</span> <span class='ocrx_word' id='word_1_778' title='bbox 3477 5057 3800 5135; x_wconf 79' lang='grc' dir='ltr'>ἀνθρώπινος</span> 
     </span>
    </p>
   </div>
   <div class='ocr_carea' id='block_1_104' title="bbox 402 5146 2366 5228">
    <p class='ocr_par' dir='ltr' id='par_1_104' title="bbox 402 5146 2366 5228">
     <span class='ocr_line' id='line_1_104' title="bbox 402 5146 2366 5228; baseline 0.002 -23"><span class='ocrx_word' id='word_1_779' title='bbox 402 5148 660 5228; x_wconf 78' lang='grc' dir='ltr'>λογισμὸς</span> <span class='ocrx_word' id='word_1_780' title='bbox 690 5146 903 5205; x_wconf 84' lang='grc' dir='ltr'>δύναται</span> <span class='ocrx_word' id='word_1_781' title='bbox 933 5147 1164 5227; x_wconf 88' lang='grc' dir='ltr'>χωρίσαι</span> <span class='ocrx_word' id='word_1_782' title='bbox 1196 5146 1295 5213; x_wconf 79' lang='grc' dir='ltr'>τὴν</span> <span class='ocrx_word' id='word_1_783' title='bbox 1328 5147 1513 5225; x_wconf 76' lang='grc' dir='ltr'>ψυχὴν</span> <span class='ocrx_word' id='word_1_784' title='bbox 1558 5147 1666 5203; x_wconf 80' lang='grc' dir='ltr'>ἀπὸ</span> <span class='ocrx_word' id='word_1_785' title='bbox 1697 5154 1794 5215; x_wconf 84' lang='grc' dir='ltr'>τῆς</span> <span class='ocrx_word' id='word_1_786' title='bbox 1825 5153 2078 5218; x_wconf 86' lang='grc' dir='ltr'>τοιαύτης</span> <span class='ocrx_word' id='word_1_787' title='bbox 2112 5152 2366 5214; x_wconf 85' lang='grc' dir='ltr'>πίστεως.</span> 
     </span>
    </p>
   </div>
   <div class='ocr_carea' id='block_1_105' title="bbox 482 5232 2064 5327">
    <p class='ocr_par' dir='ltr' id='par_1_105' title="bbox 482 5232 2060 5327">
     <span class='ocr_line' id='line_1_105' title="bbox 482 5232 2060 5327; baseline 0.001 -28"><span class='ocrx_word' id='word_1_788' title='bbox 482 5235 676 5327; x_wconf 46' lang='lat' dir='ltr'><strong>Vnus.</strong></span> <span class='ocrx_word' id='word_1_789' title='bbox 702 5234 795 5311; x_wconf 85' lang='grc'><strong>10,</strong></span> <span class='ocrx_word' id='word_1_790' title='bbox 827 5236 927 5327; x_wconf 61' lang='lat' dir='ltr'><strong>ii.</strong></span> <span class='ocrx_word' id='word_1_791' title='bbox 965 5253 993 5293; x_wconf 84' lang='grc'><strong>‹</strong></span> <span class='ocrx_word' id='word_1_792' title='bbox 1016 5232 1086 5327; x_wconf 69' lang='lat' dir='ltr'><strong>Et</strong></span> <span class='ocrx_word' id='word_1_793' title='bbox 1113 5234 1170 5294; x_wconf 90' lang='lat' dir='ltr'><strong>in</strong></span> <span class='ocrx_word' id='word_1_794' title='bbox 1202 5232 1377 5293; x_wconf 92' lang='lat' dir='ltr'><strong>domo</strong></span> <span class='ocrx_word' id='word_1_795' title='bbox 1411 5252 1645 5327; x_wconf 76' lang='lat' dir='ltr'><strong>rursum</strong></span> <span class='ocrx_word' id='word_1_796' title='bbox 1682 5236 1957 5319; x_wconf 85' lang='lat' dir='ltr'><strong>discipuli</strong></span> <span class='ocrx_word' id='word_1_797' title='bbox 1984 5240 2060 5301; x_wconf 89' lang='lat' dir='ltr'><strong>il-</strong></span> 
     </span>
    </p>
   </div>
   <div class='ocr_carea' id='block_1_106' title="bbox 2149 5232 3800 5327">
    <p class='ocr_par' dir='ltr' id='par_1_106' title="bbox 2233 5234 3800 5327">
     <span class='ocr_line' id='line_1_106' title="bbox 2233 5234 3800 5327; baseline -0.002 -32"><span class='ocrx_word' id='word_1_798' title='bbox 2233 5264 2260 5295; x_wconf 77' lang='grc' dir='ltr'><strong>α</strong></span> <span class='ocrx_word' id='word_1_799' title='bbox 2313 5243 2411 5299; x_wconf 81' lang='grc' dir='ltr'>Καὶ</span> <span class='ocrx_word' id='word_1_800' title='bbox 2469 5245 2523 5298; x_wconf 85' lang='grc' dir='ltr'>ῐεν</span> <span class='ocrx_word' id='word_1_801' title='bbox 2579 5247 2646 5318; x_wconf 76' lang='grc' dir='ltr'><strong>τῇ</strong></span> <span class='ocrx_word' id='word_1_802' title='bbox 2689 5242 2825 5313; x_wconf 75' lang='grc' dir='ltr'>οἷκία</span> <span class='ocrx_word' id='word_1_803' title='bbox 2870 5240 3027 5297; x_wconf 79' lang='grc' dir='ltr'>πάλιν</span> <span class='ocrx_word' id='word_1_804' title='bbox 3087 5245 3134 5298; x_wconf 84' lang='grc' dir='ltr'>οἱ</span> <span class='ocrx_word' id='word_1_805' title='bbox 3206 5242 3435 5317; x_wconf 78' lang='grc' dir='ltr'>μαθηταὶ</span> <span class='ocrx_word' id='word_1_806' title='bbox 3483 5242 3638 5297; x_wconf 69' lang='grc' dir='ltr'>αὐτοῦ</span> <span class='ocrx_word' id='word_1_807' title='bbox 3684 5234 3800 5327; x_wconf 62' lang='grc' dir='ltr'>περὶ</span> 
     </span>
    </p>
   </div>
   <div class='ocr_carea' id='block_1_107' title="bbox 401 5317 2064 5409">
    <p class='ocr_par' dir='ltr' id='par_1_107' title="bbox 401 5317 2060 5407">
     <span class='ocr_line' id='line_1_107' title="bbox 401 5317 2060 5407; baseline 0.002 -20"><span class='ocrx_word' id='word_1_808' title='bbox 401 5325 517 5388; x_wconf 91' lang='lat' dir='ltr'><strong>lius</strong></span> <span class='ocrx_word' id='word_1_809' title='bbox 572 5324 780 5387; x_wconf 90' lang='lat' dir='ltr'><strong>eadem</strong></span> <span class='ocrx_word' id='word_1_810' title='bbox 813 5324 888 5386; x_wconf 90' lang='lat' dir='ltr'><strong>de</strong></span> <span class='ocrx_word' id='word_1_811' title='bbox 918 5340 984 5384; x_wconf 89' lang='lat' dir='ltr'><strong>re</strong></span> <span class='ocrx_word' id='word_1_812' title='bbox 1015 5322 1533 5400; x_wconf 84' lang='lat' dir='ltr'><strong>interrogaverunt</strong></span> <span class='ocrx_word' id='word_1_813' title='bbox 1581 5324 1775 5407; x_wconf 90' lang='lat' dir='ltr'><strong>illum,</strong></span> <span class='ocrx_word' id='word_1_814' title='bbox 1812 5317 1869 5388; x_wconf 84' lang='lat' dir='ltr'><strong>et</strong></span> <span class='ocrx_word' id='word_1_815' title='bbox 1919 5328 2060 5392; x_wconf 87' lang='lat' dir='ltr'><strong>dicit</strong></span> 
     </span>
    </p>
   </div>
   <div class='ocr_carea' id='block_1_108' title="bbox 2149 5317 3797 5409">
    <p class='ocr_par' dir='ltr' id='par_1_108' title="bbox 2149 5317 3797 5409">
     <span class='ocr_line' id='line_1_108' title="bbox 2149 5317 3797 5409; baseline -0.001 -24"><span class='ocrx_word' id='word_1_816' title='bbox 2149 5332 2234 5385; x_wconf 77' lang='grc' dir='ltr'><strong>τοῦ</strong></span> <span class='ocrx_word' id='word_1_817' title='bbox 2267 5334 2422 5388; x_wconf 66' lang='grc' dir='ltr'>αὐτοῦ</span> <span class='ocrx_word' id='word_1_818' title='bbox 2456 5330 2812 5409; x_wconf 84' lang='grc' dir='ltr'>ἐπηρώτησαν</span> <span class='ocrx_word' id='word_1_819' title='bbox 2870 5332 3049 5405; x_wconf 71' lang='grc' dir='ltr'>αὑτὸν,</span> <span class='ocrx_word' id='word_1_820' title='bbox 3112 5333 3199 5387; x_wconf 81' lang='grc' dir='ltr'><strong>καὶ</strong></span> <span class='ocrx_word' id='word_1_821' title='bbox 3229 5328 3376 5407; x_wconf 84' lang='grc' dir='ltr'>λέγει</span> <span class='ocrx_word' id='word_1_822' title='bbox 3421 5332 3604 5390; x_wconf 73' lang='grc' dir='ltr'>αὐτοῖς</span> <span class='ocrx_word' id='word_1_823' title='bbox 3640 5345 3655 5362; x_wconf 77' lang='grc'>⁸</span> <span class='ocrx_word' id='word_1_824' title='bbox 3690 5317 3703 5337; x_wconf 43' lang='grc' dir='ltr'><strong>ε</strong></span> <span class='ocrx_word' id='word_1_825' title='bbox 3728 5336 3797 5388; x_wconf 88' lang='grc' dir='ltr'><strong>Ος</strong></span> 
     </span>
    </p>
   </div>
   <div class='ocr_carea' id='block_1_109' title="bbox 401 5410 2064 5497">
    <p class='ocr_par' dir='ltr' id='par_1_109' title="bbox 401 5410 2058 5493">
     <span class='ocr_line' id='line_1_109' title="bbox 401 5410 2058 5493; baseline 0.001 -16"><span class='ocrx_word' id='word_1_826' title='bbox 401 5414 521 5477; x_wconf 90' lang='lat' dir='ltr'><strong>illis</strong></span> <span class='ocrx_word' id='word_1_827' title='bbox 555 5436 568 5479; x_wconf 87' lang='lat'><strong>:</strong></span> <span class='ocrx_word' id='word_1_828' title='bbox 602 5413 953 5493; x_wconf 73' lang='lat' dir='ltr'><strong>Quicunque</strong></span> <span class='ocrx_word' id='word_1_829' title='bbox 1013 5410 1418 5491; x_wconf 89' lang='lat' dir='ltr'><strong>repudiaverit</strong></span> <span class='ocrx_word' id='word_1_830' title='bbox 1467 5433 1712 5476; x_wconf 88' lang='lat' dir='ltr'><strong>uxorem</strong></span> <span class='ocrx_word' id='word_1_831' title='bbox 1761 5435 1954 5493; x_wconf 87' lang='lat' dir='ltr'><strong>suam,</strong></span> <span class='ocrx_word' id='word_1_832' title='bbox 1999 5425 2058 5479; x_wconf 88' lang='lat' dir='ltr'><strong>et</strong></span> 
     </span>
    </p>
   </div>
   <div class='ocr_carea' id='block_1_110' title="bbox 2149 5410 3794 5497">
    <p class='ocr_par' dir='ltr' id='par_1_110' title="bbox 2149 5414 3794 5497">
     <span class='ocr_line' id='line_1_110' title="bbox 2149 5414 3794 5497; baseline -0.003 -23"><span class='ocrx_word' id='word_1_833' title='bbox 2149 5419 2230 5474; x_wconf 67' lang='grc' dir='ltr'>ἐὰν</span> <span class='ocrx_word' id='word_1_834' title='bbox 2261 5418 2503 5495; x_wconf 75' lang='grc' dir='ltr'>ἀπολύσῃ</span> <span class='ocrx_word' id='word_1_835' title='bbox 2550 5419 2649 5486; x_wconf 68' lang='grc' dir='ltr'>τὴν</span> <span class='ocrx_word' id='word_1_836' title='bbox 2694 5433 2921 5497; x_wconf 75' lang='grc' dir='ltr'>γυναῖκα</span> <span class='ocrx_word' id='word_1_837' title='bbox 2966 5420 3122 5477; x_wconf 67' lang='grc' dir='ltr'>αὺτοῦ</span> <span class='ocrx_word' id='word_1_838' title='bbox 3180 5421 3265 5475; x_wconf 85' lang='grc' dir='ltr'>καὶ</span> <span class='ocrx_word' id='word_1_839' title='bbox 3319 5420 3545 5497; x_wconf 62' lang='grc' dir='ltr'>γαμήσῃ</span> <span class='ocrx_word' id='word_1_840' title='bbox 3605 5414 3794 5495; x_wconf 72' lang='grc' dir='ltr'>ἄλλην,</span> 
     </span>
    </p>
   </div>
   <div class='ocr_carea' id='block_1_111' title="bbox 403 5501 2064 5588">
    <p class='ocr_par' dir='ltr' id='par_1_111' title="bbox 403 5501 2048 5578">
     <span class='ocr_line' id='line_1_111' title="bbox 403 5501 2048 5578; baseline 0.001 -11"><span class='ocrx_word' id='word_1_841' title='bbox 403 5501 1215 5578; x_wconf 79' lang='lat' dir='ltr'><strong>duxeritaliam,adulterium</strong></span> <span class='ocrx_word' id='word_1_842' title='bbox 1238 5502 2048 5569; x_wconf 81' lang='lat' dir='ltr'><strong>committitadversusillam.</strong></span> 
     </span>
    </p>
   </div>
   <div class='ocr_carea' id='block_1_112' title="bbox 2149 5501 3800 5588">
    <p class='ocr_par' dir='ltr' id='par_1_112' title="bbox 2149 5503 3800 5588">
     <span class='ocr_line' id='line_1_112' title="bbox 2149 5503 3800 5588; baseline -0.001 -26"><span class='ocrx_word' id='word_1_843' title='bbox 2149 5515 2399 5588; x_wconf 67' lang='grc' dir='ltr'>αοιχᾶται</span> <span class='ocrx_word' id='word_1_844' title='bbox 2433 5508 2515 5564; x_wconf 55' lang='grc' dir='ltr'><strong>ἐπ)</strong></span> <span class='ocrx_word' id='word_1_845' title='bbox 2551 5508 2736 5579; x_wconf 73' lang='grc' dir='ltr'>αὖτήν.</span> <span class='ocrx_word' id='word_1_846' title='bbox 2775 5510 2873 5565; x_wconf 78' lang='grc' dir='ltr'><strong>Καὶ</strong></span> <span class='ocrx_word' id='word_1_847' title='bbox 2920 5511 3010 5565; x_wconf 70' lang='grc' dir='ltr'><strong>εὰν</strong></span> <span class='ocrx_word' id='word_1_848' title='bbox 3069 5511 3203 5587; x_wconf 78' lang='grc' dir='ltr'>γυνὴ</span> <span class='ocrx_word' id='word_1_849' title='bbox 3235 5506 3475 5584; x_wconf 79' lang='grc' dir='ltr'>ἀπολύσῃ</span> <span class='ocrx_word' id='word_1_850' title='bbox 3521 5509 3611 5563; x_wconf 80' lang='grc' dir='ltr'>τὸν</span> <span class='ocrx_word' id='word_1_851' title='bbox 3643 5503 3800 5584; x_wconf 81' lang='grc' dir='ltr'>ἄνδρα</span> 
     </span>
    </p>
   </div>
   <div class='ocr_carea' id='block_1_113' title="bbox 397 5590 2064 5678">
    <p class='ocr_par' dir='ltr' id='par_1_113' title="bbox 397 5590 2054 5677">
     <span class='ocr_line' id='line_1_113' title="bbox 397 5590 2054 5677; baseline 0.001 -21"><span class='ocrx_word' id='word_1_852' title='bbox 397 5593 473 5657; x_wconf 89' lang='grc' dir='ltr'>Ει</span> <span class='ocrx_word' id='word_1_853' title='bbox 500 5593 551 5655; x_wconf 87' lang='lat' dir='ltr'><strong>si</strong></span> <span class='ocrx_word' id='word_1_854' title='bbox 584 5591 802 5654; x_wconf 89' lang='lat' dir='ltr'><strong>mulier</strong></span> <span class='ocrx_word' id='word_1_855' title='bbox 831 5590 1235 5671; x_wconf 80' lang='lat' dir='ltr'><strong>repudiaverit</strong></span> <span class='ocrx_word' id='word_1_856' title='bbox 1269 5590 1452 5652; x_wconf 84' lang='lat' dir='ltr'><strong>virum</strong></span> <span class='ocrx_word' id='word_1_857' title='bbox 1482 5612 1678 5675; x_wconf 84' lang='lat' dir='ltr'><strong>suum,</strong></span> <span class='ocrx_word' id='word_1_858' title='bbox 1700 5605 1757 5656; x_wconf 94' lang='lat' dir='ltr'><strong>et</strong></span> <span class='ocrx_word' id='word_1_859' title='bbox 1785 5597 2054 5677; x_wconf 86' lang='lat' dir='ltr'><strong>nupserit</strong></span> 
     </span>
    </p>
   </div>
   <div class='ocr_carea' id='block_1_114' title="bbox 2149 5590 3802 5678">
    <p class='ocr_par' dir='ltr' id='par_1_114' title="bbox 2149 5596 3802 5678">
     <span class='ocr_line' id='line_1_114' title="bbox 2149 5596 3802 5678; baseline -0.001 -26"><span class='ocrx_word' id='word_1_860' title='bbox 2149 5597 2326 5673; x_wconf 65' lang='grc' dir='ltr'>αὐτῆς,</span> <span class='ocrx_word' id='word_1_861' title='bbox 2381 5600 2467 5654; x_wconf 90' lang='grc' dir='ltr'><strong>καὶ</strong></span> <span class='ocrx_word' id='word_1_862' title='bbox 2516 5601 2735 5677; x_wconf 80' lang='grc' dir='ltr'>γαμηθῇ</span> <span class='ocrx_word' id='word_1_863' title='bbox 2793 5597 2962 5673; x_wconf 67' lang='grc' dir='ltr'>ἄλλῳ,</span> <span class='ocrx_word' id='word_1_864' title='bbox 3031 5606 3316 5678; x_wconf 76' lang='grc' dir='ltr'>μοιχᾶται.</span> <span class='ocrx_word' id='word_1_865' title='bbox 3354 5618 3382 5655; x_wconf 73' lang='grc' dir='ltr'><strong><em>ι</em></strong></span> <span class='ocrx_word' id='word_1_866' title='bbox 3422 5596 3562 5655; x_wconf 73' lang='grc' dir='ltr'>’Ἔτι</span> <span class='ocrx_word' id='word_1_867' title='bbox 3622 5597 3709 5651; x_wconf 79' lang='grc' dir='ltr'><strong>καὶ</strong></span> <span class='ocrx_word' id='word_1_868' title='bbox 3756 5597 3802 5651; x_wconf 77' lang='grc' dir='ltr'>οἱ</span> 
     </span>
    </p>
   </div>
   <div class='ocr_carea' id='block_1_115' title="bbox 396 5678 2064 5766">
    <p class='ocr_par' dir='ltr' id='par_1_115' title="bbox 396 5678 2049 5762">
     <span class='ocr_line' id='line_1_115' title="bbox 396 5678 2049 5762; baseline 0 -17"><span class='ocrx_word' id='word_1_869' title='bbox 396 5679 956 5762; x_wconf 83' lang='lat' dir='ltr'><strong>alteri,adulterium</strong></span> <span class='ocrx_word' id='word_1_870' title='bbox 980 5678 1354 5741; x_wconf 68' lang='lat' dir='ltr'><strong>committit.)</strong></span> <span class='ocrx_word' id='word_1_871' title='bbox 1394 5678 1612 5745; x_wconf 90' lang='lat' dir='ltr'><strong>Iterum</strong></span> <span class='ocrx_word' id='word_1_872' title='bbox 1641 5687 1813 5745; x_wconf 90' lang='lat' dir='ltr'><strong>etiam</strong></span> <span class='ocrx_word' id='word_1_873' title='bbox 1867 5685 2049 5747; x_wconf 89' lang='lat' dir='ltr'><strong>disci-</strong></span> 
     </span>
    </p>
   </div>
   <div class='ocr_carea' id='block_1_116' title="bbox 2149 5678 3800 5766">
    <p class='ocr_par' dir='ltr' id='par_1_116' title="bbox 2149 5684 3800 5766">
     <span class='ocr_line' id='line_1_116' title="bbox 2149 5684 3800 5766; baseline -0.001 -23"><span class='ocrx_word' id='word_1_874' title='bbox 2149 5689 2370 5756; x_wconf 63' lang='grc' dir='ltr'>ιαθηταὶ</span> <span class='ocrx_word' id='word_1_875' title='bbox 2423 5685 2858 5759; x_wconf 64' lang='grc' dir='ltr'>ἐσκανδαλίζοντο</span> <span class='ocrx_word' id='word_1_876' title='bbox 2894 5706 2908 5722; x_wconf 80' lang='grc'><strong><em>⁸</em></strong></span> <span class='ocrx_word' id='word_1_877' title='bbox 2955 5685 3039 5743; x_wconf 79' lang='grc' dir='ltr'>διὰ</span> <span class='ocrx_word' id='word_1_878' title='bbox 3096 5695 3251 5744; x_wconf 78' lang='grc' dir='ltr'>τοῦτο</span> <span class='ocrx_word' id='word_1_879' title='bbox 3299 5694 3388 5747; x_wconf 82' lang='grc' dir='ltr'>οὖν</span> <span class='ocrx_word' id='word_1_880' title='bbox 3447 5688 3534 5743; x_wconf 81' lang='grc' dir='ltr'><strong>καὶ</strong></span> <span class='ocrx_word' id='word_1_881' title='bbox 3567 5684 3800 5766; x_wconf 84' lang='grc' dir='ltr'>προσέρ-</span> 
     </span>
    </p>
   </div>
  </div>
