4232 6398
399 344 520 408 897

1146 345 1594 411 ΙΝΔΒΜΤΙΟ
1637 345 1721 409 1N
1766 339 2275 409 EVANGBLIUH
2326 342 2588 405 MARCI.
2626 373 2692 386 -
2742 342 2907 404 CAP.
2958 342 3036 404 X.

3701 337 3819 403 598

407 503 602 559 χονται
649 481 806 538 πάλιν
850 483 993 555 αῦτῷ
1038 482 1128 539 καὶ
1176 480 1467 561 ἐρωτῶσιν,
1526 481 1597 544 ὡς
1656 480 1823 555 μήπω
1870 479 2043 537 ἱκανῶ.

2149 477 2272 560 puli
2306 478 2686 542 scandalizati
2711 486 3059 560 sunt,atque
3090 497 3218 541 eam
3251 478 3327 540 ob
3348 495 3584 541 causam
3606 476 3767 540 denu

399 570 871 651 ἑκθεραπευθέντος
932 572 1101 628 αὐτῶν
1348 569 1631 649 λογισμοῦ.
1694 559 1753 626 Ὀ
1810 567 1866 624 δί
1918 569 2043 627 ἀπο-

2146 559 2219 629 ad
2250 585 2386 632 eum
2429 568 2722 630 accedunt
2779 578 2836 629 et
2888 559 3272 648 interrogant,
3324 568 3492 647 quasi
3538 567 3811 630 nondum

393 662 625 739 κρίνεται
672 662 881 735 αὒτοϊς,
941 659 1114 739 λέγων
1151 676 1165 691 ⁸

395 842 491 907 τῆς
548 837 817 920 δευτέρας.

390 1032 577 1097 γεῖσα.

483 1131 507 1164 ε
549 1110 648 1168 Καὶ
693 1108 1017 1190 προσέφερον
1045 1108 1189 1184 αῦτῷ
1231 1107 1436 1184 παιδία,
1475 1107 1571 1165 ἵνα
1601 1107 1805 1183 ἅψηται
1834 1110 2005 1167 αὐτῶν
2038 1121 2054 1139 ⁸

393 1200 442 1254 ol.
503 1196 557 1254 δὲ
626 1200 859 1275 μαθηταῖ
921 1198 1187 1274 ἐπετίμων
1258 1212 1382 1263 τοῖς
1446 1196 1853 1279 προσφέρουσιν.
1914 1194 2059 1254 Ἰδὼν

1232 641 1340 725 μΟς
1393 641 1484 717 ξαν
1510 641 1520 647 ν
1540 658 1783 736 ἀπολύσῃ
1831 659 1929 727 τὴν
1959 682 2061 737 γυ-

390 764 555 808 ναῖκα
616 749 775 808 αῦτοῦ
817 752 907 807 καὶ
965 751 1192 829 γαμήσῃ
1236 747 1432 825 ἄλλην,
1493 750 1692 830 μοιχός
1724 748 1863 805 ἐστιν
1895 750 2060 816 αὐτῆς

897 830 1134 916 Ὀμοϊως
1203 840 1290 897 οῦν
1361 840 1459 898 καὶ
1508 839 1545 906 ἡ
1603 839 1737 917 γυνὴ
1805 837 2061 918 μοιχαλίς

391 929 560 1005 ἐστιν,
619 932 655 1001 ἦ
712 929 913 1011 ἀφεῖσα
961 930 1055 987 τὸν
1127 927 1264 987 ἴδιον
1322 927 1507 1006 ἄνδρα,
1561 930 1649 986 καὶ
1694 927 1857 1007 ἑτέρῳ
1900 935 2061 1000 συζυ-

2144 658 2508 721 satisfactum
2537 666 2694 721 esset
2724 658 2909 720 menti
2959 675 3193 722 eorum.
3227 659 3306 721 At
3337 657 3468 738 ipse
3497 656 3813 737 respondit

2145 748 2256 823 eis,
2289 747 2498 810 dicens
2529 770 2542 812 :
2579 747 2691 820 Qui
2722 746 3016 810 dimiserit
3046 765 3287 810 uxorem
3328 765 3520 821 suam,
3547 753 3603 807 et
3627 745 3808 810 duxe~

2143 836 2223 897 rit
2252 837 2451 911 aliam,
2484 837 2718 899 adulter
2748 846 2835 899 est
2866 838 3019 917 ejus,
3050 836 3282 899 scilicet
3309 834 3808 899 secundas.Simi-

2143 926 2278 989 liter
2310 945 2547 1009 quoque
2607 934 2665 989 et
2695 945 2843 989 uxor
2899 926 3172 990 adultera
3216 933 3328 1002 est,
3391 944 3523 1007 qum
3565 924 3810 1007 reliquit

2142 1016 2336 1080 virum
2360 1018 2694 1098 proprium,
2730 1023 2790 1079 et
2818 1014 2987 1078 alteri
3019 1017 3342 1096 conjuncta
3369 1014 3575 1079 fuerit.

2224 1105 2414 1170 Vens.
2448 1106 2656 1171 l2-l6.
2696 1130 2721 1161 α
2748 1105 2820 1168 Ει
2849 1105 3174 1167 attulerunt
3192 1105 3265 1168 ad
3287 1104 3454 1166 illum
3475 1103 3805 1186 puellos,ut

2142 1202 2412 1275 tangeret
2442 1195 2598 1259 illos.
2632 1194 2925 1275 Discipuli
2953 1213 3092 1257 vero
3143 1192 3534 1274 increpabant
3568 1211 3672 1255 eos
3703 1193 3807 1274 qui

389 1286 447 1343 δὲ
493 1290 521 1345 6
566 1286 799 1362 Ἰησοῦς,
833 1288 1177 1367 ἠγανάκτησε
1205 1289 1479 1351 καὶλετπεν
1503 1287 1713 1350 αὐτοῖς’
1751 1283 1965 1367 ’Ἄφετε
1994 1288 2043 1344 τε

2141 1284 2695 1348 adducebant.Cum
2722 1284 2967 1346 vidisset
2995 1290 3194 1345 autem
3222 1282 3419 1359 Jesus,
3456 1281 3802 1362 indignatus

392 1376 579 1434 παιδία
641 1377 891 1458 ἔρχεσθαι
952 1379 1085 1459 πρὸς
1156 1378 1250 1459 μὲ,
1307 1379 1396 1435 καὶ
1464 1377 1541 1454 μὴ
1585 1375 1818 1434 κωλύετε
1873 1376 2007 1437 αὐτά
2039 1397 2054 1411 ⁸

384 1473 499 1523 τῶν
540 1468 642 1547 γὰρ
684 1468 939 1561 τοιρύτων
984 1466 1123 1526 ἐστὶν
1174 1469 1209 1537 ἡ
1253 1466 1496 1545 βασιλεία
1540 1468 1633 1523 τοῦ
1676 1468 1830 1523 Θεοῦ.
1874 1465 2054 1541 Ἀμὴν

386 1556 532 1634 λέγω
561 1557 717 1637 ὑμῖν,
753 1547 861 1622 υΟς
894 1557 984 1615 ἐὰν
1015 1559 1094 1633 μὴ
1125 1556 1338 1626 δέξηται
1367 1557 1466 1625 τὴν
1496 1554 1770 1633 βασιλείαν
1801 1564 1893 1614 τοῦ
1924 1561 2055 1613 Θεοῦ

386 1647 461 1709 ὡς
508 1644 737 1727 παιδίον,
785 1649 846 1705 οὐ
894 1648 972 1723 μὴ
1018 1645 1226 1723 εἰσέλθῃ
1284 1648 1358 1712 εἷς
1406 1647 1593 1717 αὐτήν.
1654 1646 1752 1704 Καὶ
1809 1645 2054 1724 ἀναγκα-

387 1734 673 1810 λισάμενος
733 1736 889 1809 αὐτὰ,
949 1737 1038 1793 καὶ
1111 1737 1271 1801 τιθεὶς
1341 1736 1436 1801 τὰς
1492 1748 1690 1815 χεῖρας
1747 1733 1835 1792 ἐπ’
1890 1735 2052 1808 αὐτὰ,

388 1823 682 1903 εὐλόγησεν
735 1825 892 1889 αὐτά.
933 1849 961 1881 is
1017 1823 1200 1894 Πολλή
1246 1826 1278 1894 ἡ
1334 1826 1509 1889 πίστις
1561 1828 1667 1881 τῶν
1699 1822 1905 1904 ὄχλων,
1936 1824 2054 1902 εἴγε

386 1916 478 1971 καὶ
510 1914 648 1994 μόνῃ
705 1915 774 1984 τῆ
833 1916 940 1972 τῶν
983 1922 1183 1996 χειρῶν
1230 1913 1484 1987 ἐπιθέσει,
1536 1915 1780 1991 εὒλογετν
1812 1913 2052 1989 ἐνόμιζον

385 2006 479 2062 τὸν
537 2006 762 2084 Χριστὸν
820 2005 945 2070 τοὺς
1011 2005 1154 2080 αὐτῷ
1209 2004 1668 2083 προσαγομένους.
1724 2004 1783 2060 Οἱ
1839 2001 1895 2059 δὲ
1952 2024 2054 2076 μα-

387 2094 569 2173 θηταὶ,
615 2101 919 2169 νομίζοντες
963 2094 1175 2161 ἀνάξιον
1222 2115 1378 2152 τουτο
1442 2093 1585 2151 εἶναι
1646 2099 1740 2150 τοῦ
1800 2099 2049 2170 Χριστοῦ,

384 2185 446 2240 16
499 2181 683 2240 παιδία
734 2184 1094 2265 προσάγεσθαι
1153 2183 1321 2259 αὐτῷ,
1381 2181 1665 2239 διεκώλυον
1710 2182 1831 2248 τοὺς
1883 2203 2045 2261 προσ-

385 2274 641 2352 άγοντας.
698 2274 759 2332 Τί
819 2274 908 2331 οῦν
967 2276 995 2330 6
1047 2274 1323 2354 Χριστὸς,
1391 2270 1671 2329 Διδάσκων
1723 2272 1913 2336 αὐτοὺς
1945 2293 2050 2349 με-

385 2376 739 2442 τριοφρονεϊν,
818 2365 907 2420 καὶ
986 2363 1147 2444 τύφον
1224 2366 1561 2419 καταπατεῖν
1616 2363 1898 2438 κοσμικὸν,
1962 2363 2051 2418 καὶ

381 2448 643 2527 λαμϐάνει
686 2454 775 2511 καὶ
832 2451 1266 2532 ἆναγκαλίζεται.
1330 2453 1569 2509 Δείκνυσι
1633 2453 1734 2531 γὰρ
1789 2451 1870 2508 ὅτι
1926 2452 2049 2517 τοὺς

382 2540 614 2605 ἀκάκους
657 2540 1149 2622 προσλαμϐάνεται,
1212 2540 1292 2599 διὸ
1338 2543 1426 2598 καὶ
1454 2540 1626 2623 λέγει,
1664 2564 1692 2595 α
1725 2546 1842 2600 Τῶν
1870 2542 2048 2599 τοιού-

381 2653 489 2687 των
542 2631 643 2709 γάρ
698 2621 842 2689 ἔστιν
895 2634 930 2701 ἡ
980 2630 1222 2710 βασιλεία
1270 2638 1364 2689 τοῦ
1417 2638 1572 2695 Θεοῦ,
1611 2621 1659 2689 in
1733 2621 1909 2712 ’¹Ορα,
1955 2632 2049 2690 οὐκ

382 2720 535 2795 εἷπε,
597 2721 809 2780 Τούτων
858 2720 959 2801 γάρ
1002 2724 1148 2779 ἔστιν
1190 2724 1224 2791 ἡ
1267 2720 1532 2799 βασιλεία,
1565 2719 1702 2777 ἀλλὰ
1732 2728 1838 2779 τῶν
1867 2722 2047 2779 τοιού-

383 2832 516 2885 των,
576 2810 814 2868 τουτέστι
871 2817 977 2869 τῶν
1036 2811 1277 2892 ἆχόντων
1335 2809 1386 2876 ἐξ
1445 2810 1723 2881 ἀσκήσεως
1773 2811 1872 2879 τὴν
1918 2810 2047 2868 ἀκα-

384 2899 527 2978 κίαν,
585 2900 653 2968 ἢν
708 2900 777 2957 τὰ
845 2894 1029 2958 παιδία
1085 2900 1301 2980 ἔχουσιν
1357 2900 1464 2957 ἀπὸ
1527 2900 1761 2980 φύσεως.
1822 2902 1894 2959 Τὸ
1946 2901 2047 2979 γὰρ

383 2986 590 3045 παιδίον
650 2990 769 3047 οὔτε
820 2994 1030 3069 φθονεῖ,
1096 2989 1215 3046 οὕτε
1269 3002 1621 3067 μνησικακεῖ,
1667 2989 1786 3047 οὕτε
1847 3012 2045 3065 μαστι-

383 3077 606 3152 ζόμενον
655 3079 802 3157 παρὰ
886 3083 987 3148 τῆς
1065 3080 1269 3159 μητρὸς
1350 3079 1658 3159 ἀφίσταται.
1720 3077 1889 3136 Ἀλλᾶ
1948 3077 2048 3135 κᾶν

2143 1386 2255 1450 est,
2290 1382 2349 1436 et
2376 1374 2525 1437 dixit
2553 1374 2673 1436 illis
2702 1393 2714 1437 :
2756 1372 2948 1436 Sinite
2983 1372 3214 1453 puellos
3249 1372 3456 1434 venire
3484 1370 3558 1434 ad
3584 1389 3702 1446 me,
3728 1388 3805 1433 ne

2136 1462 2448 1545 prohibete
2477 1463 2854 1545 illos,talium
2888 1464 3049 1526 enim
3074 1471 3164 1525 est
3186 1480 3440 1540 regnum
3467 1460 3802 1524 Dei.Amen

2136 1553 2272 1616 dico
2301 1553 2468 1615 vobis
2506 1572 2518 1617 :
2552 1553 2905 1634 Quicunque
2934 1572 3053 1614 non
3083 1552 3388 1633 acceperit
3416 1569 3669 1631 regnum
3691 1551 3801 1615 Dei

2137 1651 2417 1725 tanquam
2434 1643 3146 1724 puellus.haudquaquam
3161 1640 3607 1722 ingredieturin
3620 1641 3793 1703 illud.

2137 1732 2372 1795 Etcum
2415 1733 2673 1814 cepisset
2700 1732 2836 1794 illos
2862 1733 2921 1794 in
2965 1732 3159 1808 ulnas,
3194 1730 3492 1811 impositis
3522 1729 3800 1793 manibus

2138 1840 2322 1903 super
2351 1821 2486 1884 illos
2517 1821 2824 1883 benedixit
2857 1822 3005 1884 eis.»
3041 1822 3254 1900 Magna
3282 1818 3433 1881 ﬁdes
3463 1819 3795 1896 turbarum,

2137 1931 2269 1994 qua;
2298 1914 2475 1973 etiam
2528 1912 2654 1972 sola
2706 1929 2992 1973 manuum
3045 1909 3429 1991 impositione
3460 1907 3736 1971 benedici
3766 1928 3802 1973 a

2138 2001 2371 2066 Christo
2390 2001 2807 2065 existimabant
2829 1999 3061 2082 puellos
3077 2018 3226 2081 quos
3247 1998 3800 2062 oll'erebant.Disci-

2136 2091 2259 2173 puli
2274 2108 2412 2154 vero
2432 2091 2746 2171 indignum
2772 2090 2888 2152 hoc
2912 2108 3046 2152 esse
3064 2089 3296 2153 Christo
3318 2087 3793 2152 arbitrabantur.

2135 2181 2295 2263 quod
2315 2181 2481 2262 pueri
2499 2180 2946 2243 adducerentur
2967 2178 3039 2241 ad
3064 2180 3281 2259 ipsum:
3311 2186 3373 2240 et
3395 2176 3797 2260 prohibebant

2133 2270 2679 2343 adducentes.Quid
2702 2267 3484 2350 igiturChristus‘lUtdoceat
3500 2266 3801 2329 humilita-

2135 2368 2252 2423 tem
2283 2368 2341 2422 et
2358 2359 2643 2422 mundani
2662 2359 2848 2421 fastus
2866 2357 3440 2440 contemptum,illos
3465 2364 3524 2420 et
3547 2358 3799 2439 suscipit

2134 2458 2191 2513 et
2214 2449 2370 2512 ulnis
2387 2449 2791 2531 amplectitur.
2824 2446 3100 2511 Ostendit
3133 2448 3291 2509 enim
3315 2448 3473 2528 quod
3492 2446 3799 2529 simplices

2134 2548 2193 2604 et
2221 2540 2573 2603 innocentes
2595 2539 2901 2620 suscipiat,
2923 2537 3175 2619 ideoque
3197 2537 3368 2601 dicit:
3398 2562 3421 2593 α
3450 2536 3681 2599 Talium
3707 2547 3800 2600 est

2132 2630 2291 2694 enim
2322 2648 2573 2707 regnum
2609 2630 2741 2692 Dei.
2782 2654 2809 2685 iu
2846 2626 3022 2703 Vide,
3056 2646 3176 2689 non
3224 2626 3399 2708 dixit,
3443 2626 3672 2689 Horum
3705 2635 3800 2690 est

2131 2720 2291 2782 enim
2313 2738 2560 2798 regnum
2594 2718 2727 2793 Dei,
2764 2717 3129 2793 sed,talium,
3164 2716 3278 2778 hoc
3308 2725 3417 2791 est,
3451 2734 3659 2779 eorum
3691 2717 3794 2799 qui

2132 2828 2242 2891 per
2272 2808 2763 2872 exercitationem
2809 2806 3214 2869 innocentiam
3247 2808 3584 2887 acquirunt,
3618 2826 3795 2889 quam

2131 2899 2316 2980 puelli
2338 2916 2373 2959 a
2402 2906 2612 2960 natura
2641 2897 2886 2960 habent.
2932 2900 3090 2959 Puer
3120 2895 3281 2959 enim
3317 2915 3510 2978 neque
3540 2896 3792 2976 invidet,

2131 3007 2327 3070 neque
2358 2987 2682 3050 vindictam
2746 2986 3090 3062 meditatur,
3154 3005 3349 3067 neque
3378 2986 3425 3046 si
3461 2987 3795 3066 ﬂagellatur

2130 3097 2162 3138 a
2196 3078 2648 3154 matre,recedit
2673 3095 2686 3140 :
2714 3078 2817 3141 sed
2844 3077 3021 3151 hanc,
3059 3076 3235 3138 etiam
3254 3076 3305 3138 si
3327 3084 3521 3138 vestes
3545 3076 3794 3140 detritas

380 3167 540 3245 ῥάκια
602 3168 737 3237 αὕτη
793 3175 952 3249 φορῇ,
1013 3169 1109 3237 τῆς
1189 3167 1462 3246 βασιλίδος
1534 3169 1732 3236 ταύτην
1786 3174 2043 3248 προτιμᾷ.

2129 3168 2305 3249 ferat,
2340 3168 2557 3247 reginae
2590 3166 2851 3248 praefert.
2888 3165 2990 3229 Sic
3027 3174 3086 3228 et
3124 3165 3226 3245 qui
3258 3164 3571 3227 virtutibus
3601 3175 3787 3243 vacat,

378 3256 532 3313 Οὕτω
575 3260 662 3315 καὶ
704 3260 733 3315 6
777 3258 895 3315 κατ’
944 3259 1139 3340 ἀρετὴν
1190 3265 1318 3334 ζῶν,
1364 3263 1463 3326 τῆς
1494 3259 1700 3336 μητρὸς
1732 3259 1912 3332 αὐτοῦ,
1947 3259 2045 3326 τῆς

375 3345 698 3414 Ἐκκλησίας
758 3346 925 3427 λέγω,
1006 3347 1153 3409 οὐδὲν
1216 3354 1472 3427 προτιμᾷ,
1533 3346 1648 3403 οῦδὲ
1731 3347 1828 3415 τὴν
1885 3348 2043 3423 βασι-

377 3433 629 3493 λεύουσαν
685 3442 793 3493 τῶν
835 3439 1049 3496 πολλῶν
1102 3436 1324 3509 ἡδονήν.
1382 3438 1474 3494 Διό
1522 3437 1610 3493 καὶ
1639 3436 2044 3515 ἀναγκαλίζεται

379 3526 501 3588 τοὺς
559 3527 827 3590 τοιούτους
881 3530 909 3585 6
972 3528 1189 3609 Κύριος,
1247 3527 1420 3608 λέγων
1452 3546 1468 3562 ⁸
1509 3550 1530 3583 ε
1587 3528 1745 3582 Δεῦτε
1786 3526 1917 3606 πρός
1950 3549 2040 3607 με,

380 3614 573 3679 πάντες
632 3619 679 3673 οἱ
736 3623 1028 3684 κοπιῶντες
1084 3620 1173 3675 καὶ
1232 3615 1666 3698 πεφορτισμένοι.
1722 3639 1744 3669 ι
1799 3618 1897 3674 Καὶ
1951 3619 2042 3675 εῦ-

380 3701 560 3785 λογεῖ,
595 3703 769 3784 λέγων
803 3721 818 3735 ⁸
879 3726 903 3762 ε
958 3708 1144 3787 Δεῦτε,
1196 3707 1244 3763 ot
1290 3705 1643 3782 εὐλογημένοι
1687 3710 1780 3761 τοῦ
1837 3705 2042 3783 Πατρός

382 3816 508 3868 μου.
548 3817 575 3848 ι
627 3793 907 3852 Βασιλείαν
964 3794 1017 3852 δὲ
1075 3804 1167 3855 τοῦ
1210 3804 1364 3869 Θεοῦ,
1410 3798 1471 3852 τὸ
1514 3798 1765 3875 κήρυγμα
1806 3796 1895 3850 καὶ
1945 3796 2043 3863 τὴν

378 3881 699 3963 ἐπαγγελίαν
754 3892 862 3941 τῶν
906 3884 1117 3965 ἀγαθῶν
1174 3886 1391 3944 ἐνταῦθα
1449 3907 1633 3965 φησιν.
1690 3878 1894 3948 ’Ὅστις
1954 3885 2042 3942 οῦν

373 3970 575 4039 δέξεται
618 3976 680 4031 16
732 3976 981 4055 κήρυγμα
1036 3983 1129 4034 τοῦ
1192 3983 1325 4033 Θεοῦ
1386 3976 1459 4040 ὡς
1518 3973 1749 4051 παιδίον,
1801 3974 2039 4033 τουτέστι

374 4060 546 4137 μηδὲν
605 4062 1001 4143 διακρινόμειος
1051 4068 1087 4135 ἢ
1146 4067 1407 4141 ἀπιστῶν,
1477 4064 1682 4128 ἐκεῖνος
1739 4063 2039 4145 εἰσέρχεται

372 4153 447 4215 εἷς
491 4153 591 4221 τὴν
648 4152 920 4231 βασιλείαν
979 4162 1075 4213 τοῦ
1131 4162 1287 4231 Θεοῦ,
1350 4156 1435 4212 καὶ
1519 4156 1593 4219 εἷς
1646 4155 1712 4213 τὰ
1779 4154 1950 4235 ἀγαθὰ
2006 4154 2041 4211 ἃ

371 4240 579 4307 Εὲξατο
613 4242 718 4313 ἤδη
751 4248 819 4323 τῇ
848 4246 1047 4310 πίστει,

457 4356 485 4387 α
551 4337 647 4391 Καὶ
705 4332 1127 4414 ἐκπορευομένου
1209 4341 1368 4396 αὐτοῦ
1424 4340 1496 4405 εἰς
1554 4336 1699 4411 ὁδὸν,
1770 4333 2036 4415 προσδρα-

372 4423 489 4497 μὼν
543 4423 655 4503 εἶς,
707 4425 796 4481 καὶ
852 4426 1222 4503 γονυπετήσας
1281 4428 1446 4503 αὐτῷ,
1521 4426 1775 4506 ἐπηρώτα
1828 4426 1985 4483 αὐτόν
2020 4443 2035 4458 ⁸

376 4509 673 4570 Διδάσκαλε
729 4513 915 4592 ἀγαθὲ,
949 4515 999 4571 τί
1027 4517 1263 4593 ποιήσω,
1299 4516 1390 4574 ἵνα
1441 4518 1586 4589 ζωὴν
1635 4516 1848 4575 αἰώνιον
1893 4514 2035 4583 κλη-

368 4602 655 4679 ρονομήσω
692 4620 708 4683 ;
769 4595 826 4661 ’0
879 4603 933 4660 δὲ
980 4603 1188 4673 Ἰησοῦς
1232 4607 1390 4665 εἶπεν
1436 4609 1579 4684 αῦτῷ
1612 4627 1623 4639 ⁸
1676 4610 1736 4666 Τί
1765 4629 1833 4684 με
1863 4606 2034 4685 λέγεις

369 4690 567 4768 ἀγαθόν
600 4711 617 4771 ;
677 4690 857 4757 Οὖδεῖς
909 4696 1131 4774 ἀγαθὸς,
1168 4697 1211 4752 εί
1243 4698 1320 4773 μὴ
1363 4697 1449 4762 εἷς
1480 4699 1509 4754 6
1540 4698 1670 4761 Θεός
1706 4716 1721 4732 ⁸
1755 4698 1849 4759 τὰς
1881 4695 2033 4753 ἐντο-

367 4777 463 4845 λὰς
510 4778 662 4847 οἶδας
698 4803 714 4858 ;
750 4783 841 4850 Μὴ
874 4785 1196 4865 μοιχεύσῃς,
1243 4788 1321 4863 μὴ
1362 4787 1644 4868 φονεύσῃς,
1693 4787 1770 4864 μὴ
1800 4785 2033 4865 κλέψῃς,

369 4869 449 4943 μὴ
510 4868 1045 4955 ψευδομαρτυρήσῃς,
1136 4876 1213 4951 μὴ
1298 4876 1700 4954 ἀποστερήσῃς.
1751 4877 1890 4953 Τίμα
1944 4879 2034 4931 τὸν

363 4958 569 5036 πατέρα
624 4983 719 5018 σου
777 4963 865 5019 καὶ
908 4966 1009 5032 τὴν
1054 4964 1260 5045 μητέρα
1324 4987 1441 5025 σου.
1494 4957 1552 5025 Ὀ
1595 4965 1651 5022 δὲ
1705 4965 2031 5045 ἀποκριθεὶς,

360 5047 523 5105 εἶπεν
556 5054 697 5125 αὐτῷ
731 5070 746 5086 ⁸
788 5052 1108 5137 Διδάσκαλε,
1146 5063 1309 5115 ταῦτα
1355 5056 1529 5113 πάντα
1572 5054 1913 5137 ἐφυλαξάμην
1974 5054 2034 5112 ἐκ

360 5139 619 5206 νεότητός
678 5146 802 5215 μου.
869 5133 927 5203 Ὀ
980 5144 1035 5200 δὲ
1094 5143 1300 5212 Ἰησοῦς
1342 5133 1624 5223 ἐμϐλέψας.
1676 5146 1838 5223 αὖτῷ,
1887 5145 2029 5225 ἠγά-

359 5250 537 5296 πησεν
593 5232 773 5301 αὺτὸν,
832 5235 923 5290 καὶ
979 5234 1135 5292 εἶπεν
1197 5239 1339 5313 αὐτῷ
1375 5254 1388 5269 ⁸
1472 5227 1588 5295 "Ev
1658 5258 1740 5293 σοι
1795 5237 2029 5316 ὑστερεῖ,

352 5318 550 5397 ὕπαγε,
614 5319 711 5378 ὅσα
766 5322 912 5403 ἕχείς
970 5325 1249 5400 πώλησον,
1328 5327 1416 5384 καὶ
1478 5326 1564 5393 δὸς
1621 5339 1898 5407 πτωχοῖς,
1944 5317 2032 5382 καὶ

355 5408 493 5475 ἕξεις
544 5413 809 5491 θησαυρὸν
869 5419 924 5469 ἐν
961 5419 1186 5493 οὐρανῷ,
1237 5419 1326 5474 καὶ
1378 5417 1525 5497 δεῦρο
1578 5416 1853 5474 ἀκολούθει
1912 5438 2027 5496 μοι,

352 5497 489 5577 ἄρας
547 5501 641 5556 τὸν
703 5503 949 5581 σταυρόν.
1020 5497 1077 5564 Ὀ
1136 5504 1191 5562 δὲ
1247 5508 1543 5586 στυγνάσας
1598 5507 1684 5564 επὶ
1741 5514 1817 5581 τῷ
1858 5504 2030 5585 λόγῳ,

346 5588 562 5657 ἀπῆλθε
583 5676 594 5678 ξ
622 5594 983 5678 Αυπούμενος,
1029 5596 1096 5664 ἦν
1150 5596 1250 5676 γὰρ
1304 5596 1450 5678 ἔχων
1480 5598 1732 5673 κτήματα
1763 5594 1959 5657 πολλά.
1998 5619 2024 5651 ε

356 5679 519 5744 Τινὲς
575 5676 916 5739 διαϐάλλουσι
978 5685 1065 5742 τὸν
1122 5676 1393 5745 νεανίσκον
1469 5694 1679 5762 τοῦτον,
1738 5688 1811 5752 ὡς
1860 5683 2029 5742 ὅπου·

2131 3258 2308 3321 matri
2342 3276 2489 3332 suae,
2514 3256 2798 3319 Ecclesiae
2828 3255 2988 3331 dico,
3018 3274 3215 3336 neque
3236 3254 3624 3335 voluptatem,
3658 3275 3791 3337 quae

2130 3348 2333 3410 multis
2358 3347 2634 3427 imperat,
2671 3364 2867 3427 neque
2918 3344 3224 3426 quippiam
3258 3345 3521 3425 praefert.
3560 3343 3695 3406 Ideo
3726 3344 3790 3408 in

2127 3436 2468 3499 ulnastales
2509 3436 2757 3517 suscipit
2795 3434 3241 3510 Jesus,dicens:
3275 3455 3303 3495 ‹
3327 3434 3541 3497 Venite
3559 3433 3631 3495 ad
3666 3452 3786 3516 me,

2128 3545 2341 3590 omnes
2359 3526 2461 3608 qui
2487 3526 2771 3587 laboratis
2802 3532 2859 3587 et
2890 3525 3116 3586 onerati
3141 3525 3361 3600 estis;»
3395 3532 3452 3586 et
3484 3524 3789 3591 benedicit

2126 3617 2373 3681 dicens:
2404 3641 2430 3673 ι
2457 3616 2694 3691 Venite,
2726 3614 3027 3678 benedicti
3059 3615 3251 3677 Patris
3273 3614 3414 3679 mei.
3453 3638 3479 3673 ι
3518 3612 3785 3691 Regnum

2127 3716 2325 3769 autem
2358 3705 2985 3787 Dei,preedicationem
3020 3714 3078 3767 et
3107 3704 3567 3784 promissionem
3602 3704 3786 3767 bono-

2126 3816 2259 3860 rum
2283 3798 2382 3860 hic
2407 3795 2865 3876 dicit.Quisquis
2895 3795 3075 3872 igitur
3091 3794 3392 3875 acceperit
3416 3794 3786 3875 praedicatio-

2128 3906 2267 3950 nem
2300 3887 2411 3951 Dei
2442 3887 2592 3948 sicut
2614 3904 2913 3965 puer,non
2932 3883 3273 3965 dijudicans
3293 3884 3383 3947 vel
3404 3884 3782 3967 discredens,

2124 3977 2228 4039 ille
2260 3977 2597 4057 ingreditur
2628 3975 2688 4037 in
2722 3993 2973 4053 regnum
3005 3974 3113 4037 Dei
3145 3983 3203 4038 et
3233 3976 3291 4037 in
3322 3974 3478 4038 bona
3514 3994 3645 4057 quae
3656 3975 3783 4055 jam

2123 4067 2240 4130 ﬁde
2274 4066 2559 4148 suscepit.

2204 4331 2395 4393 Vens.
2429 4324 2649 4389 17-99.
2687 4348 2714 4378 «
2752 4325 2828 4387 Et
2882 4343 3015 4385 cum
3072 4323 3263 4387 exiret
3316 4323 3377 4384 in
3428 4322 3603 4399 viam,
3640 4326 3782 4393 294

2120 4417 2378 4481 accurrit
2403 4415 2671 4496 quidam,
2704 4432 2772 4476 ac
2800 4431 2996 4493 genua
3027 4415 3188 4476 ﬂexit
3217 4415 3326 4492 illi,
3356 4425 3415 4480 et
3445 4420 3778 4499 interroga-

2121 4507 2220 4570 bat
2250 4525 2387 4569 eum
2419 4527 2432 4569 :
2496 4508 2835 4584 Praeceptor
2890 4504 3066 4579 bone,
3101 4504 3241 4585 quid
3275 4506 3482 4570 iaciam
3510 4519 3572 4571 ut
3601 4509 3779 4571 vitam

2060 4585 2102 4637 ι)
2121 4606 2404 4661 aeternam
2430 4592 2800 4677 possideam?
2820 4591 2993 4656 Jesus
3016 4603 3211 4655 autem
3236 4594 3383 4657 dixit
3402 4597 3488 4660 illi
3508 4620 3521 4661 :
3545 4600 3661 4661 Cur
3683 4616 3780 4661 me

2119 4687 2270 4750 dicis
2293 4684 2549 4749 bonum?
2568 4686 2759 4747 Nemo
2780 4682 2995 4763 bonus,
3023 4682 3137 4744 nisi
3161 4702 3567 4769 unus,nempe
3592 4688 3773 4751 Deus.

2120 4780 2424 4859 Praecepta
2446 4774 2636 4836 nosti?
2657 4772 2742 4835 Ne
2767 4774 3106 4834 committas
3129 4772 3604 4859 adulterium,ne
3622 4780 3771 4840 occi-

2119 4867 2248 4943 das,
2283 4886 2360 4929 ne
2388 4866 2624 4933 fureris,
2669 4882 2743 4924 ne
2772 4862 2987 4924 falsum
3022 4863 3432 4926 testimonium
3475 4867 3663 4945 dicas,
3700 4886 3778 4931 ne

2117 4958 2381 5033 fraudes,
2416 4958 2645 5019 honora
2676 4959 2906 5034 patrem
2938 4959 3106 5013 tuum
3142 4960 3201 5015 et
3231 4963 3479 5017 matrem
3513 4958 3780 5022 tuam.At

2116 5048 2220 5111 ille
2248 5046 2619 5128 respondens
2651 5042 2800 5105 dixit
2828 5041 2912 5103 illi
2950 5062 2963 5102 :
3013 5040 3371 5126 Praeceptor,
3420 5047 3546 5109 haec
3577 5049 3775 5112 omnia

2116 5138 2345 5201 servavi
2370 5136 2443 5200 ab
2474 5132 2877 5197 adolescentia
2915 5149 3064 5193 mea.
3092 5130 3267 5197 Jesus
3298 5144 3496 5200 autem
3529 5137 3778 5201 intuitus

2116 5229 2306 5303 illum,
2337 5225 2544 5291 dilexit
2572 5242 2734 5304 eum,
2770 5231 2828 5284 et
2856 5222 3006 5285 dlxit
3032 5223 3117 5285 illi
3154 5242 3168 5285 :
3218 5224 3411 5290 Unum
3443 5227 3550 5291 tibi
3581 5229 3777 5307 deest;

2116 5320 2235 5395 abi,
2271 5333 2641 5401 quaecunque
2672 5312 2860 5375 habes
2892 5313 3107 5396 vende,
3145 5324 3202 5377 et
3234 5316 3310 5378 da
3332 5318 3696 5400 pauperibus
3720 5329 3781 5383 et

2114 5408 2363 5473 habebis
2420 5407 2763 5468 thesaurum
2796 5401 2855 5462 in
2889 5403 3063 5480 coelo,
3118 5413 3175 5468 et
3200 5407 3339 5468 veni
3370 5427 3620 5491 sequcre
3654 5429 3772 5488 me,

2112 5499 2343 5563 sublata
2368 5498 2427 5560 in
2462 5498 2744 5559 humer-3s
2770 5510 2972 5557 cruce.
3002 5492 3075 5556 At
3100 5495 3203 5558 ille
3228 5498 3501 5561 molestia
3522 5501 3776 5564 allectus

2113 5608 2223 5674 per
2254 5604 2622 5665 sermonem,
2654 5581 3001 5674 discedebat
3027 5603 3313 5667 mcerens;
3340 5588 3598 5653 habebat
3613 5590 3776 5653 enim

2114 5672 2529 5763 possessiones
2554 5673 2790 5737 multas.
2830 5697 2855 5730 ι
2892 5672 3144 5746 Quidam
3178 5684 3378 5743 texant
3418 5680 3777 5765 adolescen-
