4232 6428
464 355 584 424 603
1458 358 2055 424 THEOPHYLACTI
2099 353 2505 419 BULGARIJE
2549 354 2906 420 ARCHIEP.
3739 353 3857 420 604

465 497 740 579 centupla
771 517 930 562 nunc
960 498 1020 559 in
1054 505 1322 577 tempore
1353 495 1487 574 hoc,
1515 493 1729 555 domus
1778 500 1837 555 et
1885 492 2096 553 fratres

2207 490 2285 563 τῷ
2341 497 2507 579 καιρῷ
2559 490 2750 570 τούτῳ,
2810 491 2997 579 οἰκίας,
3032 492 3120 547 καὶ
3162 487 3440 569 ἀδελφοὺς,
3463 491 3549 546 καὶ
3582 487 3849 579 ἀδελφὰς,

468 597 524 649 et
556 577 813 662 sorores,
846 597 902 650 et
923 596 1164 663 matres,
1192 593 1250 647 et
1272 584 1516 656 liberos,
1545 591 1605 646 et
1626 598 1798 662 agros
1822 600 1959 643 cum
1987 599 2101 662 pert

2199 579 2288 634 καὶ
2319 578 2580 659 μητέρας,
2654 581 2742 636 καὶ
2812 578 2995 655 τέκνα,
3041 580 3129 637 καὶ
3160 580 3377 660 ἀγροὺς,
3412 580 3547 655 μετά
3575 577 3847 659 διωγμῶν,

464 678 972 759 secutionibus,ac
1004 680 1060 739 in
1094 684 1337 741 venturo
1363 673 1579 737 saeculo
1602 672 1780 736 vitam
1805 679 2101 735 aeternam.

2197 672 2287 727 καὶ
2356 671 2409 727 ἒν
2467 677 2544 746 τῷ
2609 674 2759 728 αἰῶνι
2807 680 2883 747 τῷ
2913 671 3215 753 ἐρχομένῳ,
3248 674 3389 745 ζωὴν
3419 674 3655 737 αἰώνιον,
3702 673 3848 731 Πολ-

462 766 627 830 Multi
658 774 852 828 autem
906 766 1085 848 primi
1136 771 1313 828 erunt
1370 761 1679 845 postremi,
1714 770 1773 823 et
1826 762 2101 836 postremi

2196 759 2279 817 λοὶ
2348 759 2402 817 δὲ
2458 760 2663 818 ἔσονται
2721 768 2920 840 πρῶτοι
2953 761 3201 842 ἔσχατοι,
3226 764 3311 819 καὶ
3368 766 3415 820 οἱ
3444 762 3663 841 ἔσχατοι
3696 772 3848 844 πρῶ-

462 855 664 936 primi.
722 882 742 909 η
810 842 1019 917 Petrus
1101 854 1331 917 tametsi
1373 842 1580 934 pauca
1657 850 1906 931 reliquis
1970 858 2101 923 set,

2195 870 2298 912 τοι,
2337 874 2364 905 ι
2432 842 2487 908 Ὀ
2522 851 2717 931 Πέτρος
2750 854 2793 908 εἰ
2823 852 2911 908 καὶ
2944 850 3095 929 ὀλίγα
3138 851 3363 933 ἀφῆκεν,
3395 846 3515 909 ἀλλ’
3559 853 3648 909 οὗν
3677 842 3849 911 πάντα

462 942 599 1023 quia
619 948 820 1007 tamen
853 943 1019 1020 dixit,
1054 943 1276 1018 omnia,
1303 941 1593 1004 indicium
1617 947 1707 1002 est
1744 939 1901 1021 quod
1933 939 2101 1004 etiam

2195 940 2443 1015 ὀνομάζει
2514 948 2698 1003 ταῦτα.
2754 944 2848 999 Καὶ
2895 942 2959 997 τὰ
3015 940 3169 1020 ὀλίγα
3212 942 3312 1020 γὰρ
3362 940 3556 1019 δεσμὸν
3600 964 3848 1022 προσπα-

461 1050 649 1110 pauca
693 1032 932 1096 vinculo
987 1034 1247 1115 quodam
1305 1031 1476 1094 illum
1508 1029 1870 1093 detinuerint
1904 1050 1917 1092 :
1954 1036 2011 1090 et
2032 1028 2101 1089 ita

2194 1031 2333 1095 θείας
2405 1031 2647 1110 ἔχουσιν,
2711 1030 2850 1088 ὥστε
2936 1032 3263 1109 μακαριστὸς
3320 1032 3408 1088 καὶ
3464 1034 3492 1089 ὃ
3570 1032 3637 1088 τὰ
3694 1031 3848 1112 ὀλίγα

460 1121 832 1195 beatificatus
885 1132 973 1185 est
1024 1124 1073 1185 is
1128 1122 1231 1204 qui
1278 1123 1459 1185 etiam
1529 1138 1713 1201 pauca
1762 1118 2101 1199 reliquerat.

2193 1118 2361 1198 ἀφείς·
2418 1126 2521 1177 Τοῦ
2570 1118 2624 1176 δὲ
2681 1120 2878 1199 Πέτρου
2928 1122 3092 1196 μόνου
3177 1120 3565 1202 ἐρωτήσαντος,
3625 1120 3847 1179 καθολι-

461 1210 727 1293 Cumque
758 1212 919 1275 solus
950 1216 1158 1276 Petrus
1185 1218 1469 1291 rogasset,
1497 1207 1774 1271 omnibus
1809 1207 2101 1286 generali-

2192 1210 2285 1265 κὸν
2329 1222 2566 1265 ποιεῖται
2612 1211 2700 1266 τὸν
2753 1209 2913 1289 λόγον
2971 1211 2998 1265 ὁ
3061 1210 3277 1290 Κύριος,
3352 1208 3555 1288 λέγων·
3624 1217 3737 1275 Πᾶς
3793 1211 3850 1276 ὅς

460 1309 552 1363 ter
582 1300 842 1383 loquitur
865 1301 1132 1365 Christus
1163 1300 1371 1364 dicens
1404 1318 1419 1363 :
1456 1298 1667 1363 Omnis
1706 1297 1808 1379 qui
1841 1297 2101 1378 relique-

2197 1298 2400 1377 ἀφῆκεν
2456 1299 2491 1367 ἢ
2541 1312 2769 1378 γυναῖκα
2839 1300 2874 1367 ἢ
2931 1298 3156 1378 πατέρα,
3217 1306 3383 1356 ταῦτα
3411 1298 3467 1355 δὲ
3510 1299 3683 1380 λέγει,
3747 1302 3851 1381 οὐχ

457 1391 535 1452 rit
565 1410 836 1467 uxorem,
866 1392 955 1453 vel
980 1401 1228 1473 patrem.
1260 1389 1399 1453 Haec
1427 1388 1573 1452 dicit
1602 1407 1720 1450 non
1754 1394 1816 1449 ut
1839 1393 2101 1468 parentes

2195 1387 2288 1443 ἵνα
2353 1388 2476 1452 τοὺς
2548 1388 2776 1467 πατέρας
2831 1389 3004 1464 ἐῶμεν
3058 1386 3413 1470 ἀϐοηθήτους,
3458 1391 3545 1447 καὶ
3600 1392 3706 1447 τῶν
3749 1413 3849 1468 γυ-

463 1480 602 1541 velit
631 1480 851 1543 auxilio
882 1480 1146 1560 destitui,
1180 1488 1239 1542 et
1260 1479 1333 1542 ab
1367 1478 1647 1541 uxoribus
1676 1476 1964 1557 separari,
2004 1475 2101 1538 sed

2195 1484 2393 1534 ναικῶν
2451 1479 2824 1559 χωριζώμεθα,
2888 1478 3025 1535 ἀλλά
3056 1477 3316 1535 παιδεύων
3372 1481 3543 1555 ἡμᾶς
3590 1485 3849 1558 προτιμᾷν

462 1571 635 1632 docet
661 1589 771 1633 nos
802 1570 1083 1651 przeferre
1114 1570 1392 1651 pietatem
1425 1586 1567 1647 erga
1610 1566 1798 1628 Deum
1831 1565 2101 1628 omnibus

2194 1566 2293 1633 τὴν
2351 1570 2425 1633 είς
2486 1570 2616 1625 Θεὸν
2675 1567 2941 1627 εὐσέϐειαν
2983 1569 3195 1626 πάντων
3251 1575 3359 1626 τῶν
3403 1576 3671 1649 σαρκικῶν
3702 1568 3852 1627 Ἐπεὶ

460 1658 818 1721 carnalibus.
861 1659 1010 1732 Quia
1040 1660 1194 1721 enim
1228 1676 1363 1720 vero
1415 1656 1638 1718 bellum
1671 1674 1704 1716 a
1734 1654 2101 1735 praedicatio-

2193 1656 2291 1733 γὰρ
2347 1655 2586 1732 πόλεμος
2644 1658 2911 1729 ἀνήπτετο
2982 1659 3088 1715 ἀπὸ
3156 1666 3249 1715 τοῦ
3315 1660 3680 1739 κηρύγματος,
3764 1661 3851 1715 καὶ

461 1766 536 1809 ne
566 1765 883 1807 accensum
910 1756 1057 1827 erat,
1094 1754 1152 1807 et
1183 1744 1451 1824 negaturi
1486 1751 1655 1805 erant
1679 1741 1845 1822 pueri
1882 1760 2101 1821 paren-

2192 1744 2418 1819 ἕμελὶον
2476 1748 2705 1825 πατέρας
2770 1748 3035 1825 ἀρνεῖσθαι
3100 1746 3287 1812 παῖδες
3319 1746 3406 1804 διὰ
3438 1747 3847 1829 τνὶλννεὺσέϐειαν³

461 1845 548 1897 tes
597 1844 838 1917 propter
890 1815 1189 1917 pietatem,
1242 1815 1425 1897 dicit:
1464 1815 1742 1913 Quisquis
1797 1815 2101 1913 reliquerit

2194 1836 2374 1913 φησίν·
2444 1815 2641 1901 ’Ὅστις
2724 1815 2919 1917 ἀφησει
3002 1838 3098 1902 τὰς
3175 1838 3428 1916 σαρκικάς
3516 1815 3845 1918 συγγενείας,

460 1936 742 2005 cognatos
771 1944 919 2006 quos
947 1925 1058 1987 sibi
1094 1935 1303 1987 natura
1327 1924 1510 1997 dedit,
1549 1930 1606 1984 et
1638 1922 1698 1983 in
1732 1940 1965 1983 summa
1984 1940 2101 1983 cor-

2194 1925 2281 1980 καὶ
2343 1923 2523 1990 ἁπλῶς
2582 1926 2752 1982 πάννα
2810 1927 2876 1982 τὰ
2947 1926 3226 2002 σωματικά
3284 1925 3460 1983 ἕνεκεν
3520 1930 3613 1987 τοῦ
3671 1929 3849 2006 Εὔαγ-

460 2015 683 2096 poralia
732 2017 931 2076 omnia
962 2023 1203 2097 propter
1232 2013 1643 2093 Evangelium,
1668 2012 1948 2093 centupla
1979 2031 2101 2073 om-

2194 2011 2398 2093 γελίου,
2461 2013 2979 2072 ἑκατονταπλασίονα
3057 2016 3232 2072 πάντα
3301 2013 3534 2092 λήψεται
3564 2019 3619 2073 ἐν
3656 2023 3733 2091 τῷ
3762 2023 3851 2073 νῦν

456 2104 552 2165 nia
578 2104 831 2184 accipiet
860 2103 918 2164 in
954 2104 1232 2185 praesenti
1263 2103 1501 2181 saeculo,
1531 2110 1590 2163 et
1620 2102 1681 2162 in
1704 2100 1901 2161 futuro
1933 2100 2101 2161 vitam

2194 2107 2369 2180 αίῶνι,
2426 2107 2515 2161 καὶ
2567 2105 2623 2161 ἐν
2692 2114 2769 2181 τῷ
2798 2105 3076 2186 ἐρχομένῳ
3130 2106 3272 2177 ζωὴν
3317 2107 3546 2170 αἰώνιον.
3584 2096 3713 2186 Ἀρι
3761 2107 3851 2164 οὖν

454 2201 758 2256 aeternam.
794 2192 1091 2274 Numquid
1119 2212 1259 2272 ergo
1292 2201 1350 2255 et
1373 2191 1660 2253 mulieres
1692 2199 1930 2252 centum
1962 2190 2101 2252 acci-

2195 2195 2282 2249 καὶ
2338 2208 2597 2271 γυδαϊκας
2654 2194 3206 2259 ἑκατονταπλασίονας
3238 2195 3520 2272 λήψεταις
3570 2198 3691 2256 Ναί·
3753 2196 3851 2254 κᾶν

457 2282 612 2363 piet‘?
650 2282 861 2346 Etiam.
893 2284 1149 2344 Tametsi
1183 2281 1532 2344 maledictus
1563 2279 1830 2343 Julianus
1861 2280 1973 2341 hoc
2022 2280 2101 2341 ir-

2195 2284 2222 2339 ὁ
2292 2284 2588 2363 κατάρατος
2648 2283 2931 2349 Ἰουλιανὸς
2993 2283 3266 2360 ἔκωμῲδει
3335 2293 3511 2343 τοῦτο’
3583 2287 3696 2344 εἶπέ
3758 2310 3849 2363 μοι

451 2372 672 2433 riserit.
696 2370 846 2445 Quid
879 2371 1106 2433 confert
1134 2390 1281 2435 uxor
1310 2372 1516 2433 domui
1540 2369 1678 2433 viri?
1709 2368 1964 2432 Omnino
1997 2388 2101 2430 cu-

2194 2372 2318 2451 γάρ,
2399 2374 2449 2428 τί
2505 2371 2865 2449 συμϐάλλεται
2936 2376 2969 2443 ἡ
3024 2375 3155 2451 γυνὴ
3212 2376 3343 2455 πρὸς
3401 2376 3501 2444 τὴν
3547 2376 3714 2433 οἰκίαν
3760 2386 3851 2435 τοῦ

450 2462 734 2523 ratutvir
764 2460 978 2523 habeat
1006 2461 1162 2543 quod
1221 2462 1379 2536 edat,
1425 2459 1643 2542 quibus
1704 2458 2007 2539 induatur,
2052 2468 2101 2520 et

2195 2459 2379 2541 ἀνδρός
2418 2481 2433 2537 ;
2491 2462 2707 2527 Πάδτως
2767 2462 3106 2538 ἐπιμελεῖται
3151 2470 3248 2531 τῆς
3280 2471 3479 2545 τροφῆς
3512 2474 3603 2525 τοῦ
3636 2464 3847 2545 ἀνδρὸς,

451 2553 664 2614 horum
700 2553 963 2613 omnium
996 2570 1200 2613 curam
1262 2550 1472 2612 adimit
1530 2551 1675 2612 viro.
1709 2549 1861 2612 Vide
1908 2549 2101 2630 itaque

2191 2557 2297 2607 τῶν
2354 2549 2676 2627 ἐνδυμάτων,
2742 2554 2831 2609 κιιὶ
2886 2560 3061 2610 πᾶσαν
3119 2554 3455 2633 ἀφροντισίαν
3484 2556 3590 2611 ἀπὸ
3644 2556 3848 2613 τούτων

448 2642 563 2703 hoc
585 2641 761 2703 etiam
787 2641 849 2702 in
882 2642 1183 2720 apostolis.
1219 2639 1373 2714 Quot
1405 2639 1686 2702 mulieres
1741 2640 1933 2719 fuere,
1966 2640 2101 2720 qui-

2187 2638 2301 2719 ἅγει
2363 2643 2389 2698 ὁ
2440 2641 2595 2720 ἀνὴρ.
2657 2640 2781 2701 ’Ἴδε
2832 2642 3002 2699 τοίνυν
3028 2665 3182 2700 τουτο
3212 2644 3414 2700 καὶέπὶ
3458 2652 3565 2701 τῶν
3611 2644 3849 2701 ἀποστό-

451 2729 564 2791 bus
593 2749 734 2791 cura
766 2738 893 2793 erat
923 2731 997 2792 de
1045 2730 1266 2793 amictu
1328 2739 1385 2792 et
1435 2748 1539 2791 esu
1587 2729 1848 2800 illorum,
1886 2736 1943 2790 et
1975 2746 2101 2809 quae

2187 2729 2315 2806 λων,
2391 2732 2550 2788 πόσαι
2622 2746 2874 2811 γυναῖκες
2930 2732 3229 2814 ἐφρόντιζον
3256 2736 3361 2790 τῶν
3406 2732 3715 2810 ὶνδυμάτων
3759 2736 3848 2791 καὶ

453 2819 866 2882 ministrarunt
920 2819 1026 2896 eis,
1078 2821 1179 2901 qui
1228 2820 1372 2882 nihil
1407 2821 1617 2882 horum
1653 2818 1960 2893 curabant,
1995 2818 2100 2880 sed

2187 2825 2290 2877 τῶν
2382 2822 2679 2900 βρωμάτων
2763 2822 2959 2903 αὒτῶν,
3088 2824 3175 2879 καὶ
3260 2821 3539 2890 διηκόνουν
3650 2826 3838 2883 αὖτοϊς

450 2910 639 2972 solum
672 2928 1013 2972 sermonem
1038 2920 1096 2972 et
1124 2908 1776 2972 doctrinam?Similiter
1807 2915 2025 2969 matres
2046 2915 2101 2969 et

2187 2911 2412 2988 μηδενὸς
2474 2916 2860 2996 φροντίζουσιν,
2922 2918 2965 2972 εἰ
3035 2916 3114 2991 μὴ
3186 2916 3349 2992 μόνου
3392 2918 3486 2973 τοῦ
3532 2915 3692 2996 λόγου
3755 2918 3845 2973 καὶ

452 3008 649 3080 patres
681 3000 895 3061 multos
916 2999 1257 3061 habuerunt
1273 2999 1547 3080 apostoli,
1569 2998 1668 3080 qui
1698 2998 2101 3075 diligerent,et

2187 3001 2276 3069 τῆς
2364 2993 2752 3078 διῖασκαλίαςς
2804 2993 3031 3080 Ὀμοίως
3085 3007 3172 3061 καὶ
3258 3004 3489 3084 πατέρας
3562 2993 3650 3061 καὶ
3727 3028 3844 3081 μη-

449 3088 641 3150 amico
674 3089 889 3150 affectu
919 3107 1057 3168 erga
1086 3108 1151 3151 se
1181 3097 1403 3151 essent.
1433 3090 1507 3153 Et
1538 3088 1750 3150 Petrus
1780 3088 1879 3167 qui
1920 3106 2096 3149 unam

2187 3092 2331 3170 τέρας
2392 3091 2594 3157 πολλὰς
2645 3095 2807 3175 εἶχον
2863 3097 2909 3151 οἱ
2966 3093 3280 3169 ἀπόστολοι,
3372 3096 3494 3159 τοὺς
3584 3094 3843 3173 ἀγαπῶν-

453 3179 696 3240 domum
729 3179 1073 3260 reliquerat,
1124 3188 1326 3260 postea
1353 3179 1618 3241 omnium
1671 3177 2098 3259 discipulorum

2187 3202 2277 3244 τας
2330 3182 2530 3245 πάντας
2614 3184 2701 3239 καὶ
2786 3182 3145 3264 φιλοστόργως
3234 3186 3361 3259 πρὸς
3418 3185 3601 3250 αὖτοὺς
3680 3184 3845 3265 ἔχον-

452 3268 663 3329 domos
690 3268 969 3331 habebat.
996 3269 1065 3330 Et
1096 3288 1252 3330 nunc
1283 3287 1521 3349 quoque
1549 3267 1768 3349 ubique
1809 3276 2099 3328 terrarum

2187 3293 2304 3345 τας,
2380 3270 2515 3327 ἀλλά
2596 3274 2683 3329 καὶ
2738 3273 2904 3330 οἰκίαν
2955 3276 3080 3348 μίαν
3133 3276 3281 3355 ἀφεὶς
3311 3277 3338 3331 ὁ
3371 3273 3592 3354 Πέτρος,
3625 3274 3841 3354 ὕστερον

451 3362 650 3420 erecta
680 3367 816 3420 sunt
845 3360 1061 3439 templa
1092 3359 1152 3420 in
1184 3358 1425 3420 nomine
1456 3358 1608 3438 ejus,
1645 3377 1775 3438 quae
1806 3364 1943 3417 sunt
1975 3356 2101 3417 cla-

2187 3361 2277 3424 τάς
2333 3362 2543 3419 πάντων
2594 3370 2697 3421 τῶν
2757 3367 3009 3439 μαθητῶν
3092 3366 3246 3422 αὑτοῦ
3325 3366 3489 3430 οἰκίας
3539 3365 3690 3446 εἶχε.
3741 3367 3839 3423 Καὶ

449 3466 531 3509 τω
568 3448 802 3511 domus.
838 3449 909 3510 Et
939 3449 1095 3530 quod
1151 3449 1362 3529 majus,
1401 3450 1527 3509 haec
1568 3450 1766 3509 omnia
1797 3446 1855 3507 in
1891 3464 2101 3528 perse-

2187 3460 2272 3510 νῦν
2329 3449 2383 3506 δὲ
2455 3453 2575 3516 τοὺς
2607 3454 2922 3533 ἅπανταχοῦ
2954 3458 3056 3531 γῆς
3086 3454 3239 3517 ναοὺς
3269 3452 3353 3511 ἐπ’
3398 3456 3618 3530 ὀνόματι
3650 3458 3831 3535 αὒτοῧ,

449 3537 789 3600 cutionibus
831 3539 1137 3619 possident
1188 3539 1400 3614 sancti,
1439 3538 1548 3599 hoc
1600 3548 1710 3611 est,
1747 3536 1900 3615 quod
1931 3536 2097 3612 dicit,

448 3646 581 3688 cum
615 3628 1153 3709 persecutionibus,
1191 3628 1247 3687 id
1282 3638 1369 3689 est
1400 3626 1876 3708 persecutionem
1921 3625 2099 3705 passi,

452 3723 511 3778 et
544 3718 696 3779 male
721 3717 917 3779 affecti
943 3725 1120 3798 atque
1148 3716 1374 3780 afﬂicti.
1407 3715 1579 3779 Unde
1620 3724 1675 3777 et
1699 3715 1798 3795 qui
1822 3714 2010 3775 ultimi
2043 3717 2100 3775 in

449 3805 561 3866 hoc
591 3807 806 3868 saeculo
839 3806 1117 3868 videntur
1150 3815 1389 3886 propter
1416 3806 1764 3866 afﬂictiones
1799 3813 1855 3865 et
1889 3822 2100 3884 perse-

449 3896 741 3971 cutiones,
772 3904 948 3957 erunt
980 3895 1154 3976 primi
1182 3903 1422 3975 propter
1452 3914 1617 3975 spem
1652 3895 1711 3955 in
1747 3895 2105 3957 Ueum.227

453 3981 566 4045 Sed
592 3994 649 4046 et
675 3984 958 4047 Pharisaei
980 3985 1082 4065 qui
1107 3986 1383 4045 videntur
1409 3984 1612 4066 primi,
1646 3983 1783 4046 facti
1815 3992 1949 4045 sunt
1974 4003 2105 4063 pos-

454 4072 627 4134 tremi
659 4073 768 4147 Qui
801 4084 996 4136 autem
1023 4074 1248 4137 relictis
1265 4074 1544 4137 omnibus
1566 4073 1755 4137 secuti
1779 4084 1917 4136 sunt
1940 4074 2105 4137 Chri-

451 4170 604 4224 stum
624 4162 759 4225 facti
790 4170 927 4224 sunt
960 4164 1158 4245 primi.

533 4346 713 4408 V'Ens.
750 4343 961 4409 32-34.
1002 4371 1024 4401 (ι
1063 4346 1243 4407 Erant
1274 4355 1467 4408 autem
1501 4345 1559 4407 in
1595 4346 1690 4407 via
1712 4345 2107 4407 ascendentes

2186 3544 2350 3607 οἰκίας
2396 3542 2511 3623 ἔχει
2570 3542 2838 3623 λαμπράς·
2902 3546 2989 3602 καὶ
3046 3547 3107 3602 τὸ
3158 3553 3366 3621 μεῖζον,
3419 3545 3499 3603 ὅτι
3531 3546 3666 3622 μετὰ
3718 3543 3844 3602 διω-

2186 3638 2339 3710 γμῶν
2408 3636 2569 3690 ταῦτα
2628 3635 2798 3691 πάντα
2868 3633 3290 3714 κληρονομοῦσιν
3372 3637 3419 3693 οἱ
3465 3634 3630 3714 ἅγιοι,
3682 3658 3843 3692 τουτ-

2188 3721 2321 3791 έστι,
2404 3720 2741 3796 διωκόμενοι,
2842 3725 2931 3780 καὶ
3030 3724 3125 3781 οὒκ
3229 3723 3599 3804 εὗπαθοῦντες,
3701 3723 3843 3780 ἀλλὰ

2185 3809 2509 3886 θλιϐόμενοι.
2573 3804 2748 3872 ’Ὅθεν
2804 3815 2891 3870 καὶ
2949 3817 2995 3869 οἱ
3055 3804 3272 3894 ἔσχατοι
3333 3814 3388 3870 ἐν
3415 3822 3492 3888 τῷ
3550 3820 3637 3870 νῦν
3696 3816 3843 3869 αἰῶνι

2190 3899 2463 3965 δοκοῦντες
2514 3900 2599 3957 διὰ
2670 3904 2730 3960 τὸ
2789 3900 3051 3960 θλίϐεσθαι
3123 3904 3210 3959 καὶ
3269 3901 3568 3978 διώκεσθαι,
3639 3902 3846 3960 ἔσονται

2191 3996 2388 4068 πρῶτοι
2444 3988 2528 4046 διὰ
2596 3993 2695 4058 τὴν
2756 3992 2829 4053 εἰς
2881 3993 3011 4048 Θεὸν
3047 3990 3254 4065 ἐλπίδα,
3304 3990 3440 4052 ἀλλά
3470 3993 3557 4048 καὶ
3587 3995 3633 4048 οἱ
3664 3999 3837 4070 Φαρι-

2188 4093 2357 4155 σαῖοι,
2412 4086 2613 4157 πρῶτοι
2671 4079 2841 4161 ὄντες,
2890 4080 3132 4160 ἐγένοντο
3187 4080 3433 4162 ἔσχατοι,
3468 4084 3528 4140 Οἱ
3586 4080 3641 4137 δὲ
3668 4081 3835 4161 ἀφέν-

2186 4190 2273 4233 τες
2315 4171 2379 4225 τὰ
2438 4170 2633 4250 πάντα,
2695 4173 2780 4227 καὶ
2852 4169 3307 4242 ἀκολουθήσαντες
3337 4179 3413 4247 τῷ
3445 4178 3678 4253 Χριστῷ,
3723 4171 3844 4251 ἐγέ-

2189 4282 2341 4316 νοντο
2372 4266 2585 4337 ,πρῶτοι
2596 4304 2611 4322 .

2278 4367 2305 4405 (
2367 4336 2532 4404 ’Πίσαν
2586 4345 2639 4403 δὲ
2698 4348 2751 4404 ἐν
2806 4350 2872 4417 τῆ
2928 4348 3032 4424 ὁδῳ
3088 4350 3454 4415 ἀναϐαίνοντες
3498 4352 3571 4415 είς
3610 4341 3839 4429 Ἰεροσό-

447 4432 876 4515 Hierosolyma,
912 4444 969 4496 et
1000 4436 1417 4516 praecedebant
1439 4437 1571 4497 illos
1595 4438 1788 4510 .lesus,
1819 4442 2101 4515 erantque

2189 4434 2353 4512 λυμα,
2415 4438 2502 4493 καὶ
2571 4437 2638 4505 ἧν
2695 4440 2940 4517 προάγων
3014 4441 3254 4505 αὖτοὺςὸ
3286 4438 3515 4512 Ἰησοῦς,
3548 4443 3636 4497 καὶ
3688 4440 3855 4515 ἐθαμ-

447 4524 755 4606 pavefacti,
793 4533 847 4586 et
866 4534 1185 4607 sequentes
1210 4524 1592 4588 timebanLEt
1622 4524 1941 4605 assumptis
1966 4543 2101 4585 rur-

2187 4524 2397 4605 673vto,
2452 4528 2539 4583 καὶ
2594 4526 2994 4594 ἀκολουθοῦντες
3066 4528 3371 4610 ἐφοϐοῦντο⁸
3446 4533 3534 4588 καὶ
3603 4529 3844 4610 παραλαη

445 4634 575 4675 sum
596 4614 937 4689 duodecim,
961 4616 1145 4695 cmpit
1169 4615 1284 4677 illis
1304 4615 1505 4677 dicere
1530 4634 1659 4695 quae
1680 4612 1790 4675 sibi
1825 4621 2101 4674 eventura

2189 4614 2294 4671 ϐὼν
2352 4614 2512 4672 πάλιν
2568 4618 2687 4681 τοὺς
2747 4616 2972 4699 δώδεκα,
3045 4618 3242 4697 ⁴ἤρξατο
3300 4624 3481 4684 αὒτοῒς
3530 4619 3703 4697 λέγειν
3778 4621 3844 4675 τα

444 4704 831 4766 essent:Ecce
853 4703 1099 4764 accendi
1116 4722 1244 4763 mus
1268 4703 1761 4784 Hierosolyma,rt
1785 4700 1967 4762 Filius
1993 4702 2101 4762 ho-

2189 4704 2451 4780 μέλλοντα
2508 4709 2651 4781 αὖτῷ
2708 4708 3031 4782 συμϐαίνειν*
3109 4711 3190 4765 ὃτι
3277 4707 3408 4767 ’ἰδοὺ
3490 4707 3840 4782 ἀναϐαίνομεν

448 4792 627 4853 minis
662 4793 926 4854 tradetur
958 4792 1329 4874 principibus
1361 4794 1731 4856 sacerdotum
1766 4802 1823 4852 et
1851 4790 2100 4870 Scribis,

2189 4798 2262 4860 εἰς
2315 4794 2675 4877 Ἰεροσόλυμα,
2736 4799 2823 4854 καὶ
2879 4800 2906 4855 ὁ
2959 4801 3077 4863 Υἱὸς
3107 4806 3201 4856 τοῦ
3229 4799 3502 4879 ἀνθρώπου
3531 4796 3838 4878 παραδοθη-

446 4891 505 4944 et
536 4881 1023 4943 condemnabunt
1044 4902 1177 4943 eum
1204 4883 1277 4944 ad
1308 4890 1650 4955 mortem,et
1680 4881 1915 4942 tradent
1936 4880 2101 4940 illum

2189 4907 2334 4940 σεται
2405 4899 2523 4947 το⁴ς
2584 4886 2889 4967 ἀρχιερεῦσι
2952 4891 3038 4945 καὶ
3106 4895 3503 4967 Γραμματεύσι,
3536 4890 3622 4944 καὶ
3678 4910 3843 4945 κατα-

444 4970 740 5049 gentibus,
778 4980 836 5032 et
864 4971 1120 5035 illudent
1172 4973 1279 5053 illi,
1332 4982 1391 5034 et
1437 4971 1821 5050 ﬂagellabunt
1851 4989 2010 5046 eum,
2051 4977 2101 5030 et

2187 4984 2447 5044 κρινοζσιν
2507 4978 2661 5032 αὐτὸν
2714 4978 2943 5057 θανάτῳ,
3038 4980 3125 5035 καὶ
3209 4976 3607 5057 παραδώσουσιν
3683 4977 3840 5034 αὺτὸν

444 5064 725 5143 inspuent
751 5064 812 5125 in
835 5064 1027 5140 illum,
1063 5073 1122 5127 et
1173 5067 1445 5128 occident
1478 5085 1638 5141 eum,
1693 5072 1749 5125 et
1793 5063 1965 5125 tertia
2009 5062 2101 5124 die

2188 5077 2305 5127 τοῖς
2358 5063 2550 5140 ἕθιεσι,
2608 5068 2696 5123 καὶ
2748 5066 3089 5142 ἐμπαίξουσιν
3150 5069 3313 5142 αὐτῷ,
3350 5068 3437 5123 καὶ
3468 5066 3843 5146 μαστιγώσου-

442 5162 735 5231 resurget.
772 5178 794 5207 ι
828 5152 1020 5225 Quare
1056 5155 1324 5235 praedicit
1349 5156 1402 5217 ei
1429 5154 1743 5217 eventura?
1772 5152 1848 5216 Ut
1876 5160 2101 5215 mentes

2192 5178 2271 5211 σιν
2324 5156 2502 5235 αὐτὸν,
2556 5157 2644 5211 καὶ
2714 5155 3065 5232 ἐμπτύσουσιν
3115 5158 3255 5232 αὖτῷ
3314 5159 3402 5213 καὶ
3461 5157 3837 5215 ἀποκτενοῦσιν

443 5242 876 5322 discipulorum
911 5253 1223 5324 praeparet,
1258 5266 1373 5327 quo
1409 5246 1574 5326 prius
1631 5243 1828 5306 audita
1878 5242 2101 5305 facilius

2188 5247 2366 5317 αὑτὸν,
2426 5247 2513 5301 καὶ
2572 5252 2640 5322 τῇ
2697 5248 2846 5325 τρίτῃ
2905 5246 3084 5325 ἡμέρᾳ
3153 5247 3532 5317 ἀναστήσεται,
3598 5270 3620 5303 l
3689 5246 3833 5307 Τίνος

444 5331 657 5406 ferant,
693 5340 752 5392 et
783 5350 899 5392 non
933 5343 1177 5413 repente
1202 5335 1604 5415 percellantur
1620 5331 2101 5413 animo.lnsuper

2187 5334 2359 5391 ἕνεκεν
2416 5333 2664 5413 προλέγει
2716 5337 2781 5395 τὰ
2839 5335 3104 5411 μέλλοντα
3165 5339 3307 5409 αὐτῷ
3336 5333 3639 5412 συμϐαίνειν
3675 5351 3692 5409 ;
3729 5334 3831 5389 Διά

447 5428 510 5481 ut
534 5420 722 5480 sciant
743 5422 901 5500 quod
934 5424 1301 5487 voluntarius
1335 5426 1610 5507 patiatur.
1640 5424 1788 5487 Nam
1821 5423 1919 5504 qui
1946 5441 2099 5503 pra:-

2187 5426 2243 5480 τὸ
2299 5422 2656 5501 προομαλίσαι
2714 5427 2816 5481 τῶν
2896 5426 3150 5496 μαθητῶν
3232 5428 3328 5494 τὴν
3377 5423 3633 5500 διάνοιαν,
3692 5423 3834 5479 ὠσὶιν

444 5509 689 5585 novit,et
715 5511 974 5587 effugere
1009 5522 1221 5593 potest,
1247 5525 1306 5577 et
1336 5536 1453 5577 non
1487 5515 1629 5595 fugit
1667 5537 1679 5573 :
1718 5513 2096 5575 manifestum

2187 5513 2634 5591 προακούσαντες,
2698 5516 3052 5595 εεῦφορώτερον
3107 5514 3384 5595 ἐνέγκωσι,
3446 5518 3532 5571 καὶ
3616 5514 3695 5592 μὴ
3762 5521 3836 5588 τῷ

443 5599 598 5678 quod
633 5597 1023 5663 voluntarium
1058 5623 1122 5666 se
1154 5605 1525 5685 passionibus
1546 5604 2096 5686 exponat.Seorsim

2187 5603 2357 5679 ἀθρόῳ
2413 5601 2823 5681 καταπλαγῶσι,
2909 5607 2996 5662 καὶ
3046 5605 3187 5661 ὼσὰν
3268 5603 3474 5681 εἰδεῖεν,
3539 5604 3620 5661 ὅτι
3700 5606 3835 5661 ἑκὼν

441 5697 636 5753 autem
654 5689 904 5752 assumit
924 5682 1336 5776 discipulos,et
1356 5715 1487 5758 cum
1510 5682 1651 5759 solis
1672 5694 1789 5757 illis
1814 5691 2093 5776 loquitur.

2187 5692 2408 5772 πάσχει.
2476 5682 2532 5749 Ὀ
2591 5694 2690 5772 γὰρ
2748 5693 3005 5774 προειδὼς
3075 5697 3160 5753 καὶ
3217 5694 3500 5771 δυνάμενος
3558 5694 3830 5774 ἐκφυγεῖν,
