4232 6416
320 378 475 450 605
1104 385 1552 451 ΕΝΑΒΒΑΤΙΟ
1595 387 1678 451 ΙΝ
1724 380 1979 451 EVANG

2062 380 2232 442 JIUM
2277 377 2534 444 MARCI.
2574 415 2655 427 —
2697 379 2861 446 CAP.
2910 382 2985 447 X.
3608 374 3730 441 606

321 510 406 587 μὴ
470 511 678 593 φεύγων
750 510 829 586 δὲ,
915 509 1185 590 πρόδηλον
1267 512 1339 576 ὡς
1418 511 1665 575 ἑκουσίως
1724 509 1979 569 ἐκδίδωσω

2077 509 2386 575 Secretum
2420 514 2578 575 enim
2600 514 2942 595 mystarium
2971 521 3101 576 erat
3130 510 3348 595 passio,
3373 510 3529 593 quod
3554 507 3731 573 fami-

320 602 514 659 ἑαυτὸν
566 614 685 667 τοῖς
735 599 976 665 πάθεσιν,
1040 599 1166 674 ’ἰδίᾳ
1223 598 1277 656 δὲ
1335 599 1659 678 παραλαϐὼν
1713 601 1838 666 τοὺς
1881 625 1979 677 μα-

2064 600 2411 665 liarioribus
2441 602 2724 666 duntaxat
2753 604 3141 668 revelandum
3173 612 3321 677 erat,
3355 610 3412 664 et
3454 606 3732 681 proptera

320 692 513 766 θητὰς,
560 691 744 768 μόνοις
788 692 972 755 αὐτοῖς
1028 688 1356 769 διαλέγεται.
1408 692 1707 770 Μυστήριον
1766 691 1866 770 γὰρ
1924 692 1982 747 ὃν

320 782 385 837 τὸ
446 780 634 854 πάθος,
687 793 805 843 τοῖς
855 778 1190 859 οἰκειοτέροις
1229 777 1332 834 ἔδει
1376 777 1833 857 ἀποκαλυφθῆναι.
1889 781 1985 836 Διὰ

319 877 481 927 τούτο
538 877 664 949 γοῦν
720 872 806 927 καὶ
848 868 1210 949 προλαμϐάνει
1268 868 1469 933 πάντας
1502 867 1555 924 ἐν
1597 875 1664 946 τῇ
1694 868 1819 945 ὁδῷ,
1867 871 1987 946 βου-

315 958 544 1035 λόμενος
578 959 921 1041 ἀποχωρίσαι
980 958 1073 1015 τοῦ
1116 955 1282 1014 ἄλλου
1325 958 1560 1028 πλήθους
1592 959 1715 1023 τοὺς
1742 959 1985 1035 μαθητὰς

311 1050 498 1109 αὖτοῦ.
563 1040 731 1126 ’Ἀμα
788 1058 878 1108 και
970 1048 1056 1106 διὰ
1128 1058 1223 1108 τοῦ
1293 1048 1550 1127 προάγειν
1627 1049 1831 1112 πάντας
1899 1042 1987 1105 καὶ

313 1140 636 1220 προφθάνειν
694 1140 748 1196 ἐν
800 1145 869 1217 τῇ
912 1136 1040 1213 ὂδῷ,
1098 1136 1358 1194 δείκνυσιν
1417 1138 1497 1194 ὅτι
1543 1138 1863 1218 προστρέχει
1910 1144 1988 1212 τῷ

304 1228 485 1308 πάθει,
544 1230 634 1286 καὶ
691 1232 787 1288 οὒκ
867 1228 1155 1307 ἀποφεύγει
1228 1227 1328 1293 τὴν
1370 1228 1502 1306 ὑπὲρ
1564 1228 1662 1294 τῆς
1722 1226 1986 1306 ἡμετέρας

2067 689 2126 752 in
2159 690 2249 752 via
2279 710 2488 756 omnes
2506 693 2806 775 prmcedit,
2832 694 3037 756 volens
3064 711 3098 755 a
3129 690 3508 754 multitudine
3524 707 3728 767 segre-

2069 798 2209 857 gare
2241 780 2590 864 discipulos.
2628 786 2880 864 Insuper
2906 802 3013 865 per
3028 783 3140 845 hoc
3166 781 3324 864 quod
3351 798 3562 843 omnes
3588 797 3732 859 prae-

2072 869 2231 931 cedit
2265 880 2321 933 et
2354 873 2639 953 praevenit
2669 874 2729 935 in
2756 873 2870 956 via,
2907 873 3165 935 ostendit
3195 871 3353 953 quod
3384 871 3456 932 ad
3491 867 3725 949 passio-

2073 976 2208 1020 nem
2229 970 2716 1038 accurrat,etnon
2730 963 3181 1042 fugiatmortem
3203 969 3448 1043 propter
3464 966 3725 1020 nostram

2070 1047 2346 1114 salutem.
2389 1050 2665 1124 Quamvis
2694 1061 2892 1114 autem
2927 1053 3109 1115 multa
3141 1059 3449 1113 enumerat
3489 1065 3722 1128 aspera,

2071 1140 2336 1203 omnium
2381 1149 2579 1204 tamen
2628 1143 2864 1204 illorum
2913 1142 3215 1204 sufﬁciens
3258 1140 3586 1202 consolatio
3635 1145 3726 1217 est

2072 1245 2255 1289 unum
2294 1230 2428 1305 hoc,
2463 1231 2621 1311 quod
2656 1231 2827 1293 tertia
2859 1232 2957 1292 die
2989 1239 3285 1309 resurget.

318 1318 590 1395 σωτηρίας
632 1317 887 1396 νέκρωσιν
918 1333 933 1347 ⁸
981 1316 1121 1385 πλὴν
1165 1318 1210 1373 εί
1254 1317 1344 1373 καὶ
1398 1318 1465 1374 τὰ
1507 1317 1791 1396 σκυθρωπὰ
1846 1317 2021 1373 πάντα
2084 1318 2399 1401 καταλέγει,
2460 1320 2579 1378 ἀλλ’
2625 1326 2711 1379 οὖν
2754 1323 2968 1378 πάντων
3000 1322 3214 1379 ἐκείνων
3242 1318 3543 1399 παραμυθία
3603 1317 3721 1392 μία,

319 1410 407 1481 τὸ,
440 1410 540 1466 Καὶ
569 1415 638 1486 τῇ
661 1408 813 1488 τρίτῃ
843 1406 1019 1486 ἡμέρᾳ
1063 1407 1443 1476 ἀναστήσεται,

409 1520 431 1556 ι
471 1500 568 1558 Καὶ
623 1497 1073 1578 προσπορεύονται
1134 1497 1278 1571 αὖτῷ
1334 1494 1587 1560 Ἰάκωϐος
1640 1499 1728 1554 καὶ
1789 1494 1977 1555 ἰωάν-

317 1611 443 1665 νης,
496 1591 542 1645 οἱ
571 1590 669 1645 υίοὶ
699 1585 997 1659 Ζεϐεδαίου,
1046 1585 1293 1665 λέγοντες
1329 1606 1344 1623 ο
1386 1584 1703 1661 Διδάσκαλε,
1761 1585 1980 1662 θέλομεν

315 1680 339 1699 η
470 1677 493 1698 η
584 1679 596 1693 ι
1509 1666 1524 1684 ο
1617 1674 1659 1694 κς
1742 1680 1765 1693 ν
1932 1677 1947 1692 ο

322 1700 411 1735 ινα
466 1702 495 1735 ο
550 1677 639 1734 ξαν
672 1678 1006 1757 αἱτήσωμεν,
1047 1677 1284 1751 ποιήσῃς
1314 1677 1474 1751 ἡμῖν.
1529 1685 1568 1733 Ο
1612 1694 1666 1731 οε
1710 1697 1865 1733 ειπεν
1892 1697 1979 1732 αυ-

316 1782 437 1831 τοῖς
469 1785 489 1806 ⁸
520 1769 581 1826 Τί
608 1766 786 1824 θέλετε
826 1766 1049 1834 ποιῆσαί
1093 1787 1161 1840 με
1189 1768 1317 1841 ὑμῖν
1353 1782 1370 1842 ;
1404 1767 1463 1824 Οἱ
1491 1764 1546 1821 δὲ
1578 1766 1738 1822 εἶπον
1781 1767 1922 1840 αὖτῷ
1960 1785 1974 1799 ⁸

320 1859 425 1921 Δὸς
479 1860 613 1932 ἡμῖν
639 1855 734 1914 ἵνα
778 1856 863 1920 εἷς
901 1855 961 1910 ἐκ
989 1853 1171 1922 δεξιῶν
1216 1878 1333 1931 σου,
1363 1857 1452 1911 καὶ
1496 1856 1582 1919 εἷς
1610 1853 1662 1921 ἐξ
1694 1855 1978 1931 εὔωνύμων

316 1970 415 2005 σου
461 1948 780 2022 καθήσωμεν
839 1946 893 2002 ἐν
937 1952 1005 2021 τῇ
1049 1943 1171 2022 δόξῃ
1204 1967 1317 2003 σου.
1370 1936 1427 2003 Ὀ
1470 1942 1526 2000 δὲ
1577 1943 1782 2012 Ἰησοῦς
1826 1949 1980 2002 εἶπεν

318 2039 504 2102 αὐτοῖς
541 2052 555 2068 ⁸
591 2038 698 2094 Οὔκ
724 2033 908 2092 οἴδατε
950 2034 1002 2091 τί
1029 2036 1284 2096 αίτεϊσθε.
1338 2035 1565 2091 Δύνασθε
1596 2049 1742 2091 πιεῖν
1782 2036 1843 2091 τὸ
1873 2057 1980 2091 πο·-

317 2127 503 2205 τήριον
557 2127 586 2182 ὃ
636 2124 745 2204 ἐγὼ
786 2126 943 2199 πίνω,
991 2125 1167 2180 καὶτὸ
1223 2123 1499 2201 βάπτισμα
1528 2125 1554 2179 ὃ
1584 2124 1693 2201 ἐγὼ
1723 2126 1980 2201 βαπτίζο-

313 2237 437 2290 μαι,
500 2215 894 2292 βαπτισθῆναι;
947 2216 1015 2271 Οἳ
1044 2211 1097 2269 δὲ
1143 2214 1304 2271 εἷπον
1363 2215 1507 2288 αὖτῷ
1540 2231 1553 2245 ·
1609 2215 1907 2290 Δυνάμεθα.
1950 2238 1974 2273 υ

320 2303 533 2369 ’Ἄλλος
587 2302 971 2383 εὒαγγελιστής
1003 2325 1164 2384 φησιν
1195 2302 1276 2359 ὅτι
1307 2304 1341 2371 ἡ
1391 2304 1573 2382 μήτηρ
1605 2305 1777 2360 αὐτῶν
1820 2327 1981 2384 προσ-

317 2394 449 2463 ῆλθε
504 2399 581 2468 τῷ
632 2400 868 2474 Χριστῷ.
930 2394 1084 2457 Εἰκὸς
1161 2390 1214 2448 δε
1296 2392 1440 2449 ἰστιν
1492 2393 1766 2473 ἀμφότερα
1822 2393 1976 2472 γενέ-

315 2489 491 2542 σθαι·
554 2485 643 2541 καὶ
711 2486 831 2550 τοὺς
904 2481 1234 2545 ἀποστόλους
1290 2482 1712 2563 αἰσχυνομένους
1786 2482 1982 2562 προϐαι-

316 2575 500 2632 λὲσθαι
563 2575 659 2642 τὴν
703 2572 912 2652 μητέρα
956 2574 1153 2653 αὐτῶν,
1198 2573 1323 2629 εἶτα
1380 2574 1468 2629 καὶ
1528 2575 1715 2636 αὐτοὺς
1746 2573 1977 2653 προσελ-

314 2670 435 2722 θεῖν
492 2662 594 2739 ἰδίᾳ
624 2679 639 2694 ⁹
709 2662 788 2720 διὸ
857 2663 948 2720 καὶ
1011 2664 1039 2719 ὁ
1114 2660 1495 2741 εὖαγγελιστὴς
1571 2662 1980 2730 ἐπισημαίνεται

317 2757 498 2829 τοῦτο,
558 2752 729 2833 λέγων
767 2771 782 2786 ⁸
823 2751 1298 2831 Προσπορεύονται,
1361 2751 1474 2808 ἀντὶ
1521 2760 1638 2826 τοῦ,
1688 2751 1792 2826 ἰδίᾳ
1821 2776 1982 2832 προσ-

318 2844 597 2924 έρχονται,
648 2844 756 2900 τῶν
807 2841 984 2899 ἄλλων
1054 2841 1541 2921 ἀποχωρισθέντες,
1604 2842 1665 2900 Τί
1720 2841 1775 2899 δὲ
1830 2844 1896 2912 ἧν
1953 2846 1981 2901 ὃ

320 2935 565 3012 ᾐτοῦντο,
614 2933 887 3009 μάθωμεν.
950 2930 1226 3007 Ἐνόμιζον
1291 2929 1375 2987 ὅτι
1437 2934 1591 2988 τοῦτο
1640 2933 1668 2988 ὃ
1698 2932 1980 3015 ἀνέρχεται

322 3024 399 3087 εἷς
451 3013 814 3101 Ἱεροσόλυμα,
859 3018 945 3077 διὰ
986 3021 1046 3076 τὸ
1096 3017 1429 3096 βασιλεύσειν
1474 3019 1756 3100 ἀνέρχεται
1788 3013 1980 3090 αἰσθη-

2144 1499 2327 1562 VERS.
2367 1500 2584 1564 35-39.
2622 1527 2644 1558 α
2682 1501 2753 1563 Ει
2781 1502 3074 1564 accedunt
3108 1500 3179 1562 ad
3215 1517 3350 1561 eum
3378 1495 3636 1561 Jacobus
3662 1502 3721 1555 et

2061 1585 2347 1671 Joannes,
2385 1590 2487 1652 ﬁlii
2517 1590 2808 1662 Zebedaei,
2846 1591 3116 1652 dicentes
3151 1610 3163 1653 :
3194 1584 3718 1667 Prmceptor,volu-

2064 1695 2194 1738 mus
2227 1686 2287 1739 ut
2318 1679 2606 1761 quidquid
2636 1682 3003 1761 petierimus,
3032 1680 3210 1742 facias
3232 1678 3424 1739 nobis.
3450 1675 3556 1737 Iile
3576 1692 3718 1736 vero

2001 1825 2040 1875 Β
2063 1766 2209 1828 dicit
2238 1768 2327 1830 eis
2349 1791 2370 1869 ,ε
2406 1767 2556 1875 Q‘uid
2597 1788 2692 1875 me
2724 1769 2898 1831 vultis
2928 1766 3440 1875 facerevobisﬂlli
3471 1763 3719 1875 veroIdi-

2064 1865 2279 1919 xerunt
2308 1857 2364 1920 ei
2399 1878 2412 1921 :
2448 1858 2533 1919 Da
2560 1858 2727 1920 nobis
2760 1867 2825 1920 ut
2857 1877 3009 1920 unus
3042 1857 3146 1919 tibi
3176 1877 3208 1918 a
3230 1854 3546 1935 dextris,et
3568 1853 3718 1913 alter

2067 1944 2173 2006 tibi
2203 1964 2236 2007 a
2257 1946 2518 2008 sinistris
2548 1947 2862 2009 sedeamus
2884 1947 2945 2008 in
2974 1946 3161 2026 gloria
3193 1946 3488 2009 tuaJesus
3518 1949 3713 2002 autem

2064 2034 2207 2096 dixit
2233 2035 2354 2098 iilis
2380 2054 2392 2099 :
2420 2035 2670 2099 Nescitis
2692 2036 2828 2118 quid
2866 2034 3360 2117 pet;xtis.Potestis
3389 2032 3595 2094 bibere
3619 2048 3717 2118 po-

2065 2125 2263 2186 culum
2297 2126 2449 2206 quod
2478 2145 2585 2205 ego
2617 2117 2843 2201 bibo,et
2876 2126 3231 2206 baptismate
3261 2142 3377 2204 quo
3400 2141 3508 2201 ego
3532 2117 3718 2200 bapti-

2064 2232 2168 2275 zor
2198 2214 2534 2296 baptizari?
2565 2215 2638 2277 At
2682 2215 2769 2277 illi
2824 2215 3106 2277 dixerunt
3146 2214 3201 2276 ei
3236 2236 3249 2272 :
3285 2213 3630 2275 Possumus.
3682 2232 3708 2267 ι

2063 2301 2235 2363 Alius
2262 2303 3159 2385 evangelistadicitquodmater
3186 2304 3422 2365 illorum
3436 2317 3714 2361 accesse-

2066 2391 2140 2451 rit
2169 2392 2241 2453 ad
2293 2391 2616 2456 Christum.
2648 2393 2990 2455 Verisimile
3040 2402 3238 2455 autem
3271 2401 3359 2454 est
3393 2398 3714 2468 utrumque

2060 2483 2310 2556 factum,
2332 2490 2390 2543 et
2421 2482 2720 2562 apostolos
2754 2482 2981 2562 pudore
3006 2482 3259 2564 quodam
3293 2486 3541 2542 matrem
3570 2495 3715 2557 prae-

2063 2569 2317 2646 misisse,
2352 2578 2411 2634 et
2440 2572 2681 2633 deinde
2710 2572 2871 2652 ipsos
2903 2571 3153 2635 seorsim
3186 2569 3405 2631 adiisse
3439 2590 3453 2628 :
3486 2566 3712 2628 idcirco

2066 2667 2124 2721 et
2150 2661 2508 2740 evangelista
2529 2661 2786 2740 assignat
2818 2661 2951 2739 hoc,
2989 2660 3195 2722 dicens
3222 2682 3235 2718 :
3262 2656 3716 2736 Accedunt,hoc

2066 2757 2178 2825 est,
2212 2749 2463 2811 seorsim
2496 2752 2744 2825 adeunt,
2777 2751 2850 2811 ab
2881 2750 3011 2811 aliis
3042 2749 3333 2830 segregati
3364 2746 3515 2820 Quid
3540 2744 3718 2824 igitur

2064 2837 2241 2900 fuerit
2268 2840 2425 2918 quod
2462 2840 2777 2919 petierunt,
2806 2839 3126 2903 discamus.
3170 2838 3519 2918 Cogitabant
3556 2832 3714 2914 quod

2064 2928 2417 2990 ascenderet
2464 2930 2524 2989 in
2567 2929 2973 3010 Hierosolyma
3004 2940 3067 2991 ut
3098 2937 3449 3009 regnaturus
3479 2934 3715 3004 tempo-

2066 3017 2175 3078 rali
2206 3017 2459 3098 quodam
2494 3038 2702 3100 regno,
2737 3028 2795 3081 et
2848 3028 3157 3100 postquam
3210 3024 3537 3098 regnasset,
3575 3032 3713 3095 pas-

321 3113 425 3180 τὴν
466 3108 760 3187 βασιλείαν.
800 3111 895 3168 Καὶ
928 3110 1062 3185 μετὰ
1104 3110 1165 3164 τὸ
1222 3108 1557 3185 βασιλεῦσαι,
1593 3110 1714 3166 τότε
1744 3113 1979 3169 πείσεται

2066 3124 2238 3168 surus
2263 3115 2420 3169 esset
2450 3126 2517 3168 ea
2540 3108 2614 3168 de
2645 3108 2859 3189 quibus
2889 3109 3147 3170 dicebat.
3180 3108 3344 3170 Talia
3372 3122 3575 3167 secum
3608 3122 3715 3163 co—

319 3202 356 3259 ἃ
410 3199 603 3277 ’ἔμελλε
660 3202 872 3261 παθεῖν,
950 3205 1125 3256 Ταῦτα
1184 3198 1271 3255 οὖν
1337 3197 1653 3271 ἐννοοῦντες,
1716 3201 1979 3259 αἰτοῦνται

2067 3196 2347 3278 gitantes,
2382 3197 2715 3278 petiverunt
2739 3198 2942 3261 sedem
2977 3206 3037 3262 et
3065 3219 3098 3261 a
3132 3198 3356 3261 dextris
3389 3204 3446 3258 et
3474 3213 3507 3255 a
3528 3193 3713 3254 sinis-

317 3293 409 3349 καὶ
460 3291 559 3358 τὴν
615 3288 675 3346 ἐκ
730 3287 911 3355 δεξιῶν
965 3291 1050 3344 καὶ
1094 3291 1193 3355 τὴν
1256 3287 1308 3354 ἐξ
1365 3288 1646 3363 εόωνύμων
1705 3288 1979 3369 καθέδραν*

2068 3286 2216 3349 tris:
2250 3286 2477 3348 idcirco
2518 3297 2577 3347 et
2616 3286 2902 3348 Dominus
2958 3288 3225 3367 increpat
3278 3304 3380 3347 eos
3436 3292 3713 3363 tanquam

316 3380 399 3438 διὸ
440 3380 529 3437 καὶ
580 3381 609 3436 ὁ
666 3375 852 3456 Κύριος
904 3377 1128 3453 ἐπιτιμᾷ
1184 3380 1368 3441 αὖτοϊς
1417 3380 1492 3440 ὡς
1547 3378 1773 3446 ἀνόητόν
1804 3401 1853 3435 τι
1880 3387 1979 3450 ζη-

2069 3375 2312 3435 stultum
2359 3375 2638 3454 quiddam
2676 3384 2963 3455 petentes.
2995 3374 3247 3438 Nescitis
3278 3372 3460 3449 enim,
3498 3371 3707 3451 inquit,

317 3473 522 3532 τοῦσιν,
579 3468 687 3528 Οὔκ
715 3466 897 3525 οἴδατε
927 3468 1050 3547 γὰρ,
1082 3470 1233 3547 φησι,
1268 3467 1318 3524 τί
1365 3468 1617 3525 αἰτεῖσθε.
1659 3459 1842 3543 ’Υμεϊς
1884 3470 1979 3549 γὰρ

2066 3464 2208 3543 quid
2243 3464 2608 3544 petatis.Vos
2634 3464 2789 3525 enim
2825 3464 3072 3527 creditis
3103 3463 3384 3527 sensibile
3414 3461 3711 3543 quoddam

315 3561 559 3637 νομίζετε
623 3558 883 3626 αἰσθητὴν
938 3558 1080 3613 εἶναι
1140 3558 1238 3625 τὴν
1320 3556 1458 3634 ἐμὴν
1542 3555 1839 3634 βασιλείαν,
1895 3554 1984 3615 καὶ

318 3649 575 3717 αἰσθητὴν
602 3649 704 3715 τήν
755 3644 1007 3724 καθέδραν
1066 3646 1323 3705 αἰτεῖσθε.
1387 3646 1493 3703 Οὐκ
1524 3644 1632 3701 ἔστι
1665 3643 1720 3701 δὲ
1776 3656 1930 3705 τοῦτο
1964 3663 1978 3678 '

316 3737 456 3794 ἀλλὰ
508 3746 674 3796 ταῦτα
731 3736 904 3792 πάντα
944 3734 1074 3814 ὑπὲρ
1131 3746 1251 3795 νοῦν
1302 3736 1424 3795 εἰσι.
1502 3735 1603 3793 Καὶ
1653 3736 1715 3791 τὸ
1773 3736 1980 3792 καθίσαι

315 3827 380 3885 ἐκ
430 3825 611 3893 δεξιῶν
654 3848 757 3901 μου
816 3823 954 3903 μέγα
1013 3824 1145 3901 ἐστὶ,
1220 3826 1309 3882 καὶ
1366 3826 1461 3890 τὰς
1505 3823 1793 3902 ἆγγελικὰς
1826 3826 1981 3900 ὑπερ-

312 3918 501 3976 ϐαϊνον
569 3914 763 3989 τάξεις,
824 3917 912 3972 καὶ
967 3917 1123 3991 ὑμεῖς
1182 3916 1281 3991 μὲν
1354 3915 1440 3972 ἐπὶ
1492 3913 1643 3980 δόξαν
1683 3917 1978 3995 κεχήνατε,

313 4009 423 4087 ἐγὼ
473 4005 527 4063 δὲ
584 4008 656 4071 είς
704 4006 930 4063 θάνατον
972 4008 1107 4069 ὑμᾶς
1167 4013 1338 4068 καλῶ,
1422 4007 1684 4083 Ποτήριον
1744 4007 1845 4084 γὰρ
1892 4000 1979 4063 καὶ

312 4099 593 4175 βάπτισμα
650 4097 742 4153 τὸν
796 4097 1021 4175 σταυρὸν
1080 4096 1378 4171 ὀνομάζει·
1430 4096 1683 4173 ποτήριον
1732 4096 1853 4170 μὲν,
1905 4098 1977 4160 ὡς

314 4190 389 4251 είς
449 4186 611 4244 ὕπνον
663 4186 808 4251 εὐθὺς
859 4184 990 4263 ἄγον
1050 4186 1137 4241 καὶ
1191 4187 1264 4248 ὡς
1316 4184 1484 4253 ἡδέως
1514 4184 1604 4241 ὑπ’
1637 4184 1792 4241 αὑτοῦ
1822 4207 1979 4264 προσ-

311 4277 503 4357 δεχθέν
538 4293 554 4307 ⁶
608 4276 886 4355 βάπτισμα
931 4273 1009 4349 δὲ,
1060 4277 1134 4340 ὡς
1201 4277 1528 4351 καθαρισμὸν
1572 4278 1680 4330 τῶν
1708 4273 1977 4354 ἁμαρτιῶν

314 4366 679 4443 ποιησάμενον
714 4382 729 4395 '
778 4367 825 4422 οἱ
855 4363 933 4439 δε,
969 4366 1046 4439 μὴ
1091 4366 1377 4434 νοήσαντες
1408 4365 1458 4421 τί
1485 4363 1657 4441 λέγοι,
1702 4363 1976 4445 ὑπέσχον-

2068 3571 2268 3615 meum
2299 3571 2549 3633 regnum
2587 3572 2741 3634 esse,
2777 3563 2833 3615 et
2880 3555 3265 3637 temporalem
3315 3552 3518 3615 sedem
3555 3549 3710 3630 peti-

2070 3642 2143 3703 tis
2176 3663 2189 3706 :
2224 3652 2284 3705 at
2310 3661 2404 3704 res
2433 3663 2550 3704 non
2585 3644 2664 3705 ita
2695 3662 2759 3705 se
2783 3644 2980 3721 habet,
3012 3645 3114 3707 sed
3150 3643 3352 3706 omnia
3380 3642 3505 3703 heec
3536 3656 3714 3720 supra

2070 3739 2326 3794 mentem
2370 3732 2631 3795 hominis
2674 3744 2833 3795 sunt.
2868 3733 2938 3795 Et
2965 3735 3177 3797 sedere
3206 3754 3241 3796 a
3268 3732 3490 3795 dextris
3537 3730 3710 3810 meis,

2069 3840 2345 3903 magnum
2381 3830 2492 3895 est,
2529 3832 2588 3885 et
2618 3824 2773 3904 quod
2802 3825 3038 3886 excellit
3073 3824 3250 3888 etiam
3281 3820 3580 3901 angelicos
3611 3838 3713 3880 or—

2063 3913 2403 3977 dines:228
2429 3923 2487 3975 et
2508 3933 2608 3976 vos
2638 3915 2878 3995 quidem
2902 3915 2973 3977 ad
3005 3916 3250 3995 gloriam
3284 3910 3713 3990 festinatis,ego

2061 4015 2259 4067 autem
2292 4004 2365 4066 ad
2402 4012 2653 4066 mortem
2678 4022 2787 4066 vos
2817 4006 3271 4069 voco.Poculum
3306 4002 3463 4066 enim
3485 4008 3542 4063 et
3571 4000 3712 4081 bap-

2065 4098 2239 4156 tisma
2272 4113 2509 4157 crucem
2547 4094 3127 4158 nominat.Poculum
3145 4091 3576 4178 quidem,quod
3600 4100 3715 4152 sta-

2062 4182 2165 4244 tim
2199 4202 2472 4245 somnum
2507 4183 2876 4260 conciliet,et
2904 4184 3061 4265 quod
3092 4184 3164 4247 ab
3186 4186 3315 4266 ipso
3348 4198 3559 4261 magna
3575 4198 3712 4242 cum

2062 4274 2351 4338 suavitate
2392 4281 2684 4346 sumatur;
2729 4272 3020 4353 baptisma
3061 4282 3282 4356 autem,
3315 4273 3470 4354 quod
3518 4270 3715 4333 futura

2063 4376 2220 4427 esset
2242 4374 2620 4446 peccatorum
2647 4365 3002 4447 puriﬁcatio.
3036 4368 3109 4430 Et
3133 4367 3192 4429 hi
3222 4385 3339 4427 non
3370 4362 3712 4443 intelligen~

312 4479 396 4531 το,
460 4456 759 4532 νομίζοντες
819 4454 991 4531 λέγειν
1059 4456 1177 4533 περὶ
1224 4455 1484 4533 ποτηρίου
1546 4456 1813 4521 αἰσθητοῦ,
1892 4460 1979 4515 καὶ

2066 4467 2152 4520 tes
2180 4456 2319 4537 quid
2347 4455 2579 4518 diceret
2610 4455 2859 4536 polliciti
2901 4464 3060 4517 sunt.
3113 4454 3521 4538 Opinabantnr
3550 4452 3710 4515 enim

311 4546 679 4624 βαπτίσματος
740 4545 844 4617 οἿιρ
898 4542 1236 4616 ἐϐαπτίζοντο
1293 4546 1339 4603 οἱ
1401 4542 1672 4623 Ἰουδαῖοι,
1728 4546 1830 4623 πρὸ
1886 4553 1979 4602 τοῦ

310 4649 507 4718 φαγεῖν
536 4633 853 4711 πλυνόμενοι
865 4682 878 4696 ,

479 4717 490 4733 ⁸
589 4724 630 4744 -\\
698 4725 712 4747 ε
852 4733 902 4755 ν,
984 4728 1006 4743 ν
1199 4725 1211 4743 v
1382 4740 1396 4754 ο
1478 4725 1490 4739 ε
1574 4723 1588 4741 ι
1945 4724 1971 4747 τι

400 4747 424 4780 ε
496 4735 535 4784 Ο
584 4737 638 4781 οε
719 4734 901 4791 ιησου.
952 4746 1105 4780 ειπεν
1161 4737 1344 4787 αυτοῖς
1434 4735 1505 4782 Το
1532 4746 1630 4799 μεν
1660 4725 1916 4803 ποτήριον
1947 4748 1975 4780 ο

312 4815 432 4894 ἑγὼ,
464 4817 621 4890 πίνω,
681 4818 886 4893 πίεσθε,
935 4816 1021 4870 καί
1065 4814 1125 4871 τὸ
1183 4814 1462 4890 βάπτισμα
1512 4815 1540 4867 ὃ
1590 4812 1699 4892 ἐγὼ
1728 4814 1975 4890 βαπτίζο-

310 4927 435 4980 μαι,
482 4905 898 4981 βαπτισθήσεθε.
990 4904 1060 4960 Τὸ
1139 4901 1193 4958 δὲ
1248 4903 1456 4959 καθίσαι
1520 4902 1581 4957 ἐκ
1637 4899 1822 4968 δεξιῶν
1880 4925 1982 4977 μου

310 4996 401 5051 καὶ
447 4992 500 5060 ἐξ
550 4995 832 5071 εὸωνύμων
885 5016 1010 5073 μου,
1058 4994 1148 5049 οὑκ
1214 4991 1355 5049 ἔστιν
1414 4991 1544 5068 ἐμὸν
1600 4989 1798 5067 δοῦναι,
1857 4986 1980 5048 ἀλλ’

312 5088 400 5146 οἷς
455 5084 799 5158 ἡτοίμασται.
861 5108 888 5138 ι)
948 5085 1019 5141 Τὸ
1066 5081 1162 5157 μὲν
1223 5081 1536 5162 μαρτύριον,
1581 5082 1764 5162 φησὶν,
1797 5082 1978 5139 ὑπεισ-

312 5172 609 5242 ελεύσεσθε,
663 5175 753 5229 καὶ
808 5173 1162 5229 ἀποθανεῖσθε
1224 5174 1316 5228 τὸν
1394 5172 1523 5251 ὑπὲρ
1571 5176 1671 5239 τῆς
1730 5170 1977 5239 ἀληθείας

307 5264 557 5323 θάνατον.
618 5265 691 5321 Τὸ
746 5260 802 5318 δὲ
881 5262 1114 5334 γαθίσαι,
1180 5262 1274 5317 οὑκ
1348 5260 1490 5336 ἔστιν
1548 5260 1676 5336 ἐμὸν
1774 5258 1972 5325 δοῦναι,

308 5351 567 5410 Ἐνταῦθα
626 5349 681 5408 δὲ
739 5349 829 5408 δύο
857 5352 976 5409 τινὰ
1031 5357 1334 5422 ζητοῦνται.
1371 5333 1626 5427 υΕνμὲν
1656 5348 1800 5415 τόδε,
1846 5345 1977 5428 Ἆρα

312 5442 630 5518 ἡτοίμασθαί
658 5463 760 5497 τινι
815 5444 877 5498 τὸ
924 5442 1184 5516 καθίσαις
1243 5439 1422 5520 ἕτερον
1476 5439 1557 5518 δῖ,
1617 5442 1718 5521 ἆρα
1760 5443 1789 5497 ὁ
1846 5440 1978 5497 πάν-

302 5554 414 5590 των
477 5532 757 5599 Δεσπότης
802 5534 861 5589 οὗ
905 5532 1117 5589 δύναται
1177 5532 1378 5600 ταύτην
1426 5534 1526 5600 τὴν
1576 5531 1828 5611 καθέδραν
1861 5530 1975 5590 δοῦ·

304 5644 445 5698 ναι;
502 5623 748 5701 Λέγομεν
791 5625 881 5679 οὖν
910 5621 991 5679 ὅτι
1044 5619 1207 5686 οὐδεὶς
1243 5624 1308 5678 ἒκ
1357 5620 1537 5687 δεξιῶν
1569 5623 1767 5679 καθίσει
1827 5620 1862 5691 ἢ
1919 5619 1972 5687 ἒξ

304 5712 622 5796 ἀριστερῶν.
688 5709 866 5776 Ἀλλὰ,
920 5708 1016 5768 κᾶν
1078 5708 1363 5791 πολλαχοῦ
1416 5712 1515 5778 τῆς
1573 5714 1786 5793 Γραφῆς
1851 5714 1974 5769 καθ-

2062 4566 2197 4609 eum
2229 4546 2390 4627 loqui
2422 4544 2495 4605 de
2526 4544 2738 4625 poculo
2771 4546 3067 4627 sensibili,
3102 4555 3162 4607 et
3207 4547 3554 4626 baptismate
3593 4561 3710 4622 quo

2060 4634 2509 4718 baptizabantur
2539 4632 2725 4697 Judaei
2749 4653 2883 4696 cum
2910 4645 3048 4699 ante
3075 4637 3274 4698 cibum
3316 4652 3382 4696 se
3423 4634 3707 4696 lavarent.

2148 4728 2327 4787 Vens.
2359 4722 2783 4798 39,40.«Jesus
2812 4730 3012 4788 autem
3048 4725 3195 4788 dixit
3231 4725 3345 4787 illis
3380 4745 3393 4784 :
3427 4722 3708 4783 Poculum

2067 4807 2307 4888 quidem
2341 4804 2498 4884 quod
2531 4822 2637 4882 ego
2670 4804 2832 4880 bibo,
2866 4805 3084 4867 bibetis
3112 4824 3124 4868 :
3148 4814 3205 4868 et
3222 4806 3574 4886 baptismate
3592 4822 3708 4881 quo
3758 4870 3763 4875 η

2064 4916 2173 4975 ego
2203 4894 2489 4976 baptizor,
2512 4892 2979 4971 baptizabimini:
2998 4904 3277 4958 caeterum
3308 4894 3523 4958 sedere
3564 4891 3710 4953 mihi

2062 5006 2096 5048 a
2126 4986 2356 5047 dextris
2377 5002 2444 5045 ac
2475 4982 2762 5058 sinistris,
2795 5003 2913 5046 non
2945 4994 3036 5048 est
3070 5004 3268 5048 meum
3301 4984 3465 5060 dare,
3502 4983 3606 5045 sed
3639 4982 3709 5045 iis

2061 5075 2368 5154 continget
2423 5068 2665 5154 quibus
2695 5082 2963 5155 paratum
3018 5085 3129 5139 est.
3162 5100 3185 5131 υ
3240 5074 3329 5137 Ad
3361 5072 3707 5153 martyrium

2061 5166 2327 5249 quidem,
2357 5162 2571 5249 inquit,
2603 5164 2983 5249 pervenietis,
3012 5173 3071 5228 et
3098 5164 3435 5249 moriemini
3469 5181 3573 5245 pro
3603 5181 3708 5223 ve-

2059 5244 2233 5310 ritate
2265 5267 2278 5303 :
2306 5251 2365 5306 at
2396 5244 2608 5305 sedere
2663 5263 2697 5305 a
2734 5244 2960 5307 dextris
3006 5263 3075 5308 ac
3120 5245 3402 5326 sinistris,
3455 5263 3575 5305 non
3621 5252 3711 5306 est

2060 5355 2257 5401 meum
2314 5333 2483 5396 dare.
2534 5331 2657 5395 Hoc
2699 5334 2828 5396 loco
2858 5335 2975 5400 duo
3008 5335 3193 5417 quaeri
3223 5333 3708 5408 solentzPrimo,

2059 5447 2199 5491 num
2235 5423 2488 5505 cuipiam
2518 5430 2782 5502 paratum
2816 5424 2893 5486 sit
2912 5426 3124 5495 sedere
3154 5447 3167 5484 :
3197 5424 3422 5488 deinde
3467 5443 3541 5487 an
3574 5445 3709 5485 om-

2059 5519 2222 5582 nium
2248 5513 2540 5578 Dominus
2564 5532 2682 5575 non
2704 5514 2890 5595 possit
2918 5513 3127 5578 sedem
3150 5513 3323 5577 istam
3353 5514 3530 5579 dare?
3545 5515 3706 5579 Dici-

2059 5626 2189 5671 mus
2219 5602 2583 5684 igitur,quod
2617 5603 2816 5664 nullus
2839 5622 2871 5665 a
2898 5606 3118 5668 dextris
3167 5603 3399 5667 sedebit
3429 5615 3528 5668 aut
3556 5624 3591 5667 a
3620 5604 3707 5665 si-

2056 5695 2279 5765 nistris.
2315 5692 2387 5755 Et
2416 5711 2549 5755 cum
2581 5710 2740 5776 saepe
2768 5693 2831 5757 in
2860 5695 3187 5778 Scripturis
3202 5694 3466 5759 audieris
3497 5696 3708 5759 cathe-
