4232 6446
486 358 607 425 607
778 375 784 384 ’
1179 439 1182 442 Α
1459 359 2054 430 THEOPHYLACTI
2096 350 2507 420 BULGARI/E
2549 359 2907 423 ARCHIEP.
3757 347 3878 414 608

479 491 668 568 dram,
707 514 820 556 non
853 496 1194 558 cathedram
1229 495 1545 577 intelligas,
1596 496 1700 563 sed
1736 495 2126 560 excellentem

2216 486 2362 562 έδρας
2421 490 2639 570 ἐίκούῃς,
2698 491 2776 567 μὴ
2835 488 3086 569 καθέδραν
3143 489 3275 562 νόει,
3335 485 3474 543 ἀλλὰ
3501 485 3665 562 τιμὴν
3714 486 3877 566 ὑπερ-

471 581 839 661 dignitatem.
869 585 1035 656 Quod
1068 597 1266 648 autem
1301 606 1417 647 non
1466 575 1542 647 sit
1584 605 1781 648 meum
1813 586 1982 665 dare,
2018 584 2131 645 hoc

2213 576 2538 643 ϐάλλουσαν,
2591 582 2662 639 Τὸ
2715 578 2796 656 δὲ,
2852 581 2961 640 Ούκ
3014 579 3158 636 ἔστιν
3201 577 3331 655 ἐμὸν
3387 575 3590 650 δοῦναι,
3634 584 3870 634 τοιοῦτον

471 671 648 732 talem
685 673 860 734 habet
888 693 1128 736 sensum
1169 694 1182 738 :
1213 675 1340 737 Non
1373 685 1461 738 est
1494 677 1841 746 meum,hoc
1871 664 2131 755 est,justi

2212 666 2330 748 ἔχει
2389 670 2481 725 τὸν
2539 677 2658 727 νοῦν
2688 687 2702 703 °
2751 671 2860 728 Οὔκ
2901 668 3043 726 ’ἐστιν
3085 668 3217 744 ἐμοῦ
3257 674 3352 726 τοῦ
3407 664 3608 722 δικαίου
3662 673 3865 747 κριτοῦ,

463 759 708 840 judicis,
735 761 878 824 dare
913 762 1078 826 vobis
1107 765 1178 827 ad
1227 765 1472 844 gratiam
1525 765 1874 846 dignitatem
1925 765 2122 840 istam,

2210 763 2272 814 16
2330 757 2507 816 δοῦναι
2550 761 2682 836 ὑμῖν
2709 758 2848 816 κατὰ
2891 769 3051 840 χάριν
3093 758 3193 827 τὴν
3234 758 3397 834 τιμὴν
3428 756 3648 823 ταύτην·
3683 758 3742 814 06
3769 756 3869 836 γάρ

472 870 590 912 non
620 853 774 913 enim
803 855 1006 934 justus
1038 875 1255 935 essem;
1292 857 1397 919 sed
1430 858 1524 919 his
1572 858 1674 939 qui
1703 857 2123 926 laboraverint.

2209 847 2272 904 ἂν
2321 847 2519 914 δίκαιος
2572 848 2696 918 εἴην
2724 865 2738 880 ³
2776 849 2914 907 ἀλλὰ
2959 863 3079 914 τοῖς
3143 847 3591 928 ἂγωνισαμένοις,
3648 847 3866 911 ικείνοις

473 951 796 1021 praeparata
821 954 911 1006 est
941 945 1196 1022 dignitas
1228 947 1326 1008 illa
1359 965 1371 1009 :
1409 934 1911 1025 quemadmodum
1937 946 2121 1026 sijus-

2208 939 2528 1015 ἡτοίμασται
2585 942 2620 1008 ἡ
2668 941 2802 1016 τιμὴ
2832 938 2992 1013 αὕτη,
3045 938 3227 1018 ὥσπερ
3285 936 3348 994 ἂν
3393 939 3437 993 εἰ
3498 934 3747 1026 βασιλεύς
3804 935 3869 993 δί-

470 1038 563 1092 tus
594 1050 694 1092 rex
720 1034 1072 1112 prasideret
1097 1035 1407 1099 certamini
1429 1038 1777 1117 cuipiam.et
1795 1025 2012 1098 deinde
2027 1054 2121 1096 ac-

2207 1051 2360 1093 καιος
2418 1029 2753 1108 προεκάθητο
2808 1029 3018 1108 ἀγῶνός
3103 1050 3271 1109 τινος,
3347 1029 3471 1085 εἶτα
3533 1025 3870 1106 προσέλθοιεν

468 1119 682 1188 cedant
713 1121 784 1182 ad
818 1123 982 1185 illum
1008 1125 1246 1205 quidam
1279 1127 1456 1188 amici
1488 1115 1642 1206 ejus,
1669 1134 1726 1187 et
1755 1125 1954 1188 dicant
1989 1147 2003 1186 :
2036 1126 2120 1188 Da

2209 1119 2350 1192 αὕτῷ
2396 1141 2536 1185 τινες
2582 1119 2728 1200 φίλοι
2779 1120 2960 1196 αὑτοῦ,
3012 1119 3102 1175 καὶ
3131 1117 3338 1176 εἴποιεν
3366 1131 3381 1148 '
3419 1118 3521 1181 Δὸς
3563 1117 3702 1192 ἡμῖν
3749 1115 3868 1179 τοὺς

471 1209 644 1270 nobis
669 1228 919 1273 coronas
954 1233 967 1273 :
1005 1203 1159 1275 dicet
1192 1214 1418 1295 utique,
1453 1203 1577 1278 Non
1610 1227 1702 1278 est
1727 1235 1926 1277 meum
1956 1215 2120 1286 dare,

2209 1209 2520 1289 στεφάνους,
2572 1210 2730 1267 εἶπεν
2787 1208 2870 1282 ἂν,
2924 1210 3030 1268 οὑκ
3074 1208 3216 1265 ἔστιν
3245 1207 3373 1283 ἐμὸν
3402 1208 3463 1263 τὸ
3490 1204 3692 1286 δοῦναι,
3749 1203 3868 1262 ἀλλ’

472 1297 576 1358 sed
602 1298 648 1359 si
673 1300 804 1379 quis
843 1304 1161 1364 certaverit
1191 1312 1248 1364 et
1278 1305 1508 1385 vicerit,
1548 1305 1633 1366 illi
1679 1313 2005 1386 praeparata
2039 1307 2128 1366 est

2209 1296 2263 1353 εἴ
2318 1321 2401 1363 τις
2445 1299 2763 1377 ἀγωνίσεται
2808 1301 2897 1356 καὶ
2940 1299 3178 1374 νικήσει,
3239 1297 3424 1372 ἐκείνῳ
3476 1295 3803 1371 ἡτοίμασται
3842 1296 3871 1351 ὁ

473 1405 716 1449 corona.
753 1388 823 1449 Et
857 1391 934 1452 ita
963 1391 1142 1453 etiam
1168 1411 1288 1461 vos,
1326 1412 1359 1454 ο
1389 1383 1503 1454 filii
1525 1383 1818 1466 Zebedwi,
1843 1401 2127 1473 martyres

2210 1388 2464 1470 στέφανος
2500 1405 2514 1420 ⁸
2561 1388 2699 1446 ὥστε
2750 1389 2839 1446 καὶ
2894 1390 3077 1468 ὑμεῖς,
3114 1390 3162 1444 οἱ
3203 1397 3296 1447 τοῦ
3338 1383 3610 1442 Ζεϐεδαίου
3652 1383 3868 1459 παῖδες,

474 1475 714 1555 quidem
749 1479 915 1540 eritis
951 1489 1192 1561 propter
1225 1481 1430 1545 mezsi
1460 1492 1657 1546 autem
1697 1482 1830 1564 quis
1854 1482 2126 1544 inventus

2210 1479 2572 1558 μαρτυρήσετε
2633 1479 2731 1554 μὲν
2787 1477 2917 1555 ὑπὲρ
3001 1477 3156 1553 ἐμοῦ,
3217 1476 3308 1533 ἐὰν
3380 1474 3434 1533 δέ
3506 1496 3587 1539 τις
3640 1475 3869 1554 εὑρεθείη

473 1563 647 1626 fuerit
674 1585 807 1627 cum
842 1572 1119 1650 martyrio
1148 1590 1356 1632 omnes
1371 1571 1517 1634 alias
1542 1571 1789 1635 virtutes
1814 1573 2125 1652 possidere

2208 1569 2345 1643 μετὰ
2400 1577 2494 1627 τοῦ
2550 1567 2857 1648 μαρτυρίου,
2917 1569 3007 1625 καὶ
3047 1567 3146 1635 την
3223 1564 3393 1634 ἄλλην
3450 1571 3626 1623 πᾶσαν
3678 1564 3871 1644 ἀρετὴν

471 1653 724 1733 amplius
753 1675 928 1736 quam
960 1676 1087 1732 vos,
1123 1659 1226 1722 ille
1261 1679 1357 1721 vos
1391 1662 1705 1741 praecedet.

2207 1655 2355 1738 ἔχων
2383 1657 2514 1728 ὑπὲρ
2543 1659 2704 1733 ὑμᾶς,
2738 1656 2945 1721 ἐκεῖνος
2975 1654 3191 1737 προάξει
3219 1658 3381 1733 ὑμᾶς.

554 1741 734 1805 Vens.
767 1745 985 1810 41-45.
1029 1771 1052 1803 «
1086 1752 1320 1812 Etcum
1347 1750 1652 1811 audissent
1676 1751 2122 1830 decem.ccepe-
2151 1821 2184 1830 _

2296 1768 2320 1803 ε
2383 1748 2490 1806 Καὶ
2538 1747 2859 1812 ἀκούσαντες
2917 1749 2966 1803 οἱ
3039 1745 3191 1826 δέκα,
3251 1745 3478 1817 ἤρξαντο
3547 1744 3869 1825 ἀγανακτεῖν

471 1839 608 1893 runt
632 1832 926 1914 indignari
954 1856 1132 1917 super
1159 1836 1382 1902 Jacobo
1401 1849 1460 1902 et
1480 1842 1906 1903 JoanneJesus
1928 1821 2122 1902 autem

2207 1837 2328 1916 περὶ
2383 1835 2637 1897 Ἰακώϐου
2691 1839 2780 1894 καὶ
2838 1837 3111 1900 Ἰωάννου,
3176 1821 3234 1896 ἱΟ
3278 1834 3334 1893 δὲ
3393 1821 3609 1904 Ἰησοῦς
3640 1855 3871 1913 προσκα-

471 1940 605 2011 cum
638 1933 905 1987 vocasset
934 1945 1034 1987 eos
1065 1927 1136 1988 ad
1170 1929 1411 1998 se,dicit
1440 1929 1555 1991 illis
1591 1948 1604 1992 :
1640 1931 1817 1993 Scitis
1842 1933 1997 2011 quod
2024 1930 2127 2010 qui

2209 1925 2498 2003 λεσάμενος
2556 1926 2769 2007 αὐτοὺς,
2825 1925 2970 2006 λέγει
3040 1930 3224 1991 αὐτοῖς
3253 1942 3270 1959 ⁶
3321 1923 3515 1984 Οἴδατε
3558 1923 3640 1981 ὅτι
3683 1925 3732 1980 οἱ
3773 1921 3869 1980 δο-

473 2010 744 2073 videntur
789 2015 1080 2095 imperare
1127 2017 1428 2096 gentibus,
1460 2018 1792 2080 dominium
1845 2010 2129 2082 exercent

2207 2023 2425 2081 κοῦντες
2470 2013 2659 2097 ἄρχειν
2702 2022 2811 2073 τῶν
2880 2015 3065 2096 ἐθνῶν,
3125 2019 3590 2092 κατακυριεύουσιν
3648 2016 3819 2072 αὐτῶν
3851 2028 3866 2044 ·

465 2100 744 2163 adversus
770 2103 900 2165 illas
935 2127 948 2161 :
985 2113 1043 2166 et
1072 2106 1170 2186 qui
1209 2116 1510 2185 magnetes
1549 2118 1684 2170 sunt
1717 2109 1873 2172 inter
1893 2129 2127 2191 eas,po-

2207 2107 2297 2162 καὶ
2339 2107 2387 2162 οἱ
2431 2105 2656 2185 μεγάλοι
2700 2105 2872 2162 αύτῶν
2951 2103 3436 2178 κατεξουσιάζουσιν
3499 2103 3697 2163 αὒτῶν.
3754 2105 3872 2182 Ούχ

466 2197 742 2252 testatem
765 2203 1045 2256 exercent
1073 2200 1133 2256 in
1166 2195 1546 2260 illas.Verum
1578 2218 1694 2260 non
1726 2199 1813 2261 sic
1846 2190 2129 2262 eritinter

2209 2194 2347 2251 οὕτω
2401 2193 2457 2252 δὲ
2511 2194 2657 2253 ἔσται
2715 2193 2771 2251 έν
2819 2196 2974 2270 ὑμῖν,
3023 2193 3175 2252 Ἀλλ’
3213 2195 3272 2260 ὃς
3315 2193 3405 2250 ἐὰν
3449 2192 3579 2270 θέλῃ
3627 2190 3873 2272 γενέσθαι

466 2298 568 2340 vos
599 2301 611 2342 :
642 2281 748 2342 sed
799 2285 1140 2366 quicunque
1187 2286 1438 2349 voluerit
1482 2289 1611 2350 ﬁeri
1667 2309 1913 2365 magnus
1971 2291 2129 2350 inter

2210 2283 2378 2362 μέγας
2436 2287 2492 2342 ὲν
2545 2287 2699 2360 ὑμῖν,
2758 2283 2905 2340 ἔσται
2962 2285 3112 2360 ὑμῶν
3159 2281 3421 2350 διάκονος.
3489 2284 3589 2341 Καὶ
3651 2283 3710 2346 ὃς
3781 2279 3870 2338 ἰὰν

467 2388 591 2458 vos,
628 2371 738 2432 erit
765 2373 930 2434 vobis
961 2376 1270 2437 minister:
1311 2385 1366 2437 et
1399 2381 1739 2458 quicunque
1764 2378 2015 2441 voluerit
2048 2398 2120 2440 ex

2206 2373 2335 2450 θέλῃ
2393 2375 2542 2451 ὑμῶν
2589 2374 2829 2454 γενέσθαι
2890 2379 3122 2454 πρῶτος,
3186 2373 3332 2430 ἔσται
3391 2371 3604 2430 πάντων
3659 2368 3867 2434 δοῦλος.

466 2457 632 2520 vobis
664 2479 794 2522 esse
827 2466 1072 2542 primus,
1109 2465 1220 2528 erit
1272 2457 1539 2527 omnium
1603 2457 1831 2532 servus.
1874 2467 2017 2530 Nam
2069 2477 2125 2530 et

2210 2465 2310 2522 Καὶ
2366 2465 2466 2543 γὰρ
2511 2466 2539 2521 6
2585 2465 2705 2528 Υἱὸς
2757 2471 2851 2521 τοῦ
2894 2464 3168 2541 ἀνθρώπου
3214 2467 3307 2522 οὐκ
3374 2461 3503 2531 ἦλθε
3547 2459 3869 2528 διαγονηθῆ-

473 2547 654 2610 Filius
685 2551 942 2614 hominis
975 2573 1092 2614 non
1125 2556 1282 2615 venit
1313 2564 1373 2616 ut
1397 2555 1508 2616 sibi
1534 2557 1992 2638 ministraretur,
2014 2557 2123 2619 sed

2209 2575 2316 2628 ναι,
2375 2551 2514 2609 ἀλλὰ
2569 2551 2907 2629 διακονῆσαι,
2952 2554 3040 2610 καὶ
3100 2551 3278 2610 δοῦναι
3335 2553 3433 2621 τὴν
3481 2550 3668 2631 ψυχὴν
3713 2551 3873 2608 αὑτοῦ

469 2647 532 2697 ιιι
565 2638 693 2720 ipse
728 2641 1120 2718 ministraret,
1146 2664 1213 2706 ac
1231 2645 1397 2706 daret
1420 2645 1678 2708 animam
1699 2667 1861 2708 suam
1893 2647 2128 2709 redem-

2209 2641 2396 2721 λύτρον
2455 2642 2570 2699 ἀντὶ
2601 2641 2840 2703 πολλῶν.
2880 2666 2904 2701 ε
2942 2641 3075 2700 ’Ἔτι
3132 2641 3493 2721 ἀνθρωπίνως,
3551 2638 3869 2716 διακείμενοι

472 2726 736 2807 ptionem
799 2751 901 2811 pro
939 2733 1162 2796 multis.
1206 2758 1229 2788 »
1266 2734 1557 2814 Discipuli
1613 2735 1806 2798 adhuc
1854 2736 2130 2799 humanis

2211 2733 2258 2790 οἱ
2315 2733 2547 2807 μαθηταὶ
2595 2734 2680 2790 καὶ
2736 2733 2908 2813 φθόνῳ
2965 2731 3275 2795 ἐϐάλλοντο,
3319 2732 3432 2814 ..Διὸ
3514 2730 3603 2786 καὶ
3663 2729 3869 2808 ἀγανα-

471 2805 888 2883 aﬂ’ectionibus
936 2829 993 2883 et
1031 2823 1248 2883 invidia
1292 2805 1676 2888 laborabant:
1713 2825 1847 2887 ideo
1878 2836 1934 2887 et
1963 2824 2126 2886 indi-

2211 2828 2394 2878 κτοῠσι
2445 2823 2580 2878 κατὰ
2608 2828 2714 2878 τῶν
2744 2805 2858 2885 660.
2894 2820 3064 2880 Ἀλλὰ
3105 2819 3236 2878 πότε
3270 2839 3287 2901 ;
3319 2805 3444 2878 ”Οτε
3496 2818 3642 2877 εἶδον
3691 2819 3875 2884 αὐτοὺς

475 2918 730 2983 gnantur
759 2910 1042 2972 adversus
1059 2913 1352 2975 duos.Sed
1377 2914 1652 2993 quando?
1668 2915 1810 2977 Cum
1846 2915 2132 2977 vidissent

2213 2911 2290 2986 μὴ
2350 2909 2771 2992 προσδεχθέντλις
2849 2913 2951 2969 ὑπὸ
3026 2919 3124 2969 τ·ῧ
3197 2912 3409 2993 Κύριοι),
3491 2907 3610 2967 ἀλλ’
3684 2910 3875 2966 ὡσανεὶ

473 3014 577 3058 eos
601 3017 717 3059 non
743 3011 1054 3082 susceptos
1082 3020 1215 3063 esse
1233 3021 1265 3063 a
1283 2991 1558 3079 Domino,
1587 3003 1690 3065 sed
1719 3005 1882 3084 quasi
1921 3005 2128 3085 repul-

2212 2991 2586 3075 ἀποσθέντας,
2611 3005 2732 3058 τότε
2777 3003 3186 3082 ἀγανακτοῦσιν.
3229 2991 3413 3081 ’Ἄχρι
3459 3000 3559 3076 μὲν
3602 2999 3702 3080 γὰρ
3756 2998 3872 3055 ἑτι-

470 3103 594 3191 Ξειπι
630 3107 856 3162 passos,
895 3099 1031 3153 tunc
1055 3091 1336 3170 indignati
1370 3101 1529 3153 sunt.
1565 3091 1839 3165 Quandiu
1901 3093 2061 3156 enim
2095 3112 2130 3156 a

2213 3095 2392 3166 μῶντο
2422 3093 2522 3148 ὑπὸ
2553 3102 2646 3152 τοῦ
2691 3093 2896 3172 Κυρίου,
2954 3092 3236 3172 ἠνείχοντο
3293 3094 3372 3167 μὴ
3427 3090 3871 3171 ἀγανακτοῦντες,

468 3172 724 3238 Domino
765 3179 1231 3260 honorabantur,
1265 3180 1536 3243 ferebant
1566 3201 1686 3243 non
1720 3183 2124 3263 indignantes,

2213 3181 2384 3238 καίτοι
2459 3182 2684 3260 ὁρῶντες
2746 3182 2932 3246 αὐτοὺς
3018 3177 3425 3257 ποτιμωμένόος
3459 3196 3474 3214 ⁸
3563 3175 3746 3246 ἐπειδὴ
3815 3176 3873 3234 δὲ

470 3267 742 3345 quamvis
775 3269 1044 3331 viderent
1076 3289 1178 3331 eos
1204 3271 1467 3350 praeferri
1502 3290 1518 3333 :
1555 3290 1689 3333 cum
1721 3280 1919 3333 autem
1973 3291 2124 3332 num-

2211 3268 2432 3327 ἐνταῦθα
2457 3269 2604 3328 αὐτοὶ
2632 3271 2831 3328 ἐκεῖνοι
2860 3271 2960 3339 τὴν
3003 3270 3166 3345 τιμὴν
3219 3270 3514 3349 ᾐτήσαντο,
3545 3269 3606 3326 ού
3660 3266 3871 3350 φέρουσι

470 3352 584 3432 ipsi
617 3357 903 3422 honorem
937 3359 1046 3420 sibi
1081 3360 1435 3440 deposcunt,
1472 3380 1588 3423 non
1619 3361 1815 3422 ferunt
1839 3362 1962 3423 alii.
1997 3361 2128 3424 Cir-

2211 3357 2402 3415 λοιπὸν
2443 3362 2489 3417 οἶ
2535 3359 2737 3423 λοιποί.
2785 3358 2954 3418 Ἀλλὰ
3009 3367 3096 3418 νῦν
3153 3359 3250 3435 μὲν
3321 3357 3487 3422 οὕτως
3539 3361 3698 3438 εἶχον
3741 3358 3870 3414 ἁτε-

472 3452 663 3506 terum
693 3467 848 3509 nunc
866 3448 1106 3528 quidem
1132 3450 1564 3529 itaimperfecte
1595 3471 1659 3512 se
1680 3461 2128 3532 gerunt,po~tea

2211 3445 2342 3522 λῶς,
2403 3449 2617 3528 ὕστερον
2699 3448 2756 3506 δὲ
2842 3448 2965 3525 ὄψει
3051 3449 3236 3512 αὖτοὺς
3287 3448 3376 3505 καὶ
3429 3453 3538 3504 τῶν
3601 3462 3871 3527 πρωτειων

468 3547 668 3595 autem
702 3538 931 3599 videbis
949 3558 1049 3600 eos
1073 3549 1338 3599 mutuum
1360 3539 1473 3600 sibi
1501 3541 1576 3600 de
1600 3541 1853 3619 primatu
1887 3541 2127 3603 cedere.

2213 3535 2473 3607 ἀλλήλοις
2519 3546 2971 3620 παραχωροῦντας
3007 3556 3021 3571 ⁸
3069 3536 3192 3594 ἀλλ’
3244 3539 3273 3595 6
3317 3539 3541 3618 Χριστὸς
3596 3535 3870 3615 θεραπεύει

471 3623 544 3684 At
572 3625 843 3688 Christus
884 3635 1053 3690 sanat
1086 3628 1239 3702 illos,
1268 3637 1324 3688 et
1366 3629 1628 3708 primum
1665 3629 1969 3690 demulcet
2001 3629 2132 3691 illos

2214 3627 2400 3688 αὖτοὺς
2456 3632 2666 3708 πρῶτον
2727 3629 2850 3710 μὲν,
2909 3628 3291 3708 καταπραύνων
3340 3626 3528 3692 αὐτοὺς
3595 3631 3673 3700 τῷ
3713 3625 3870 3706 ὶγγὺς

472 3714 718 3793 propius
768 3715 839 3776 ad
895 3735 959 3778 se
991 3718 1274 3779 vocando.
1308 3719 1450 3779 229
1497 3720 1619 3779 Hoc
1643 3719 1801 3780 enim
1835 3718 2132 3797 signiﬁcat

2214 3718 2372 3772 αὑτοῦ
2429 3716 2876 3796 προσαγαγέσθαι.
2924 3724 3088 3776 Τοῦτο
3145 3717 3246 3796 γὰρ
3304 3716 3552 3792 σημαίνει
3579 3717 3667 3796 τὸ,
3697 3736 3869 3794 προσ-

473 3803 628 3880 quod
666 3803 847 3869 dicit:
875 3805 1017 3868 Cum
1053 3815 1319 3866 vocasset
1349 3808 1541 3869 eosad
1576 3827 1664 3871 se.
1702 3807 1930 3870 Deinde
1955 3827 2128 3868 mon-

2215 3803 2599 3882 καλεσάμενος.
2653 3805 2901 3865 ’Ἔπειτα
2955 3813 3032 3882 τῷ
3105 3805 3298 3878 δεῖξαι,
3360 3805 3440 3864 ὅτι
3502 3808 3564 3864 16
3619 3805 3870 3886 ἁρπάζειν

472 3899 616 3952 strat
647 3893 805 3974 quod
841 3914 1051 3974 rapere
1085 3897 1400 3976 honorem,
1433 3905 1486 3957 et
1519 3895 1747 3957 ambire
1781 3896 2126 3975 dignitates,

2212 3895 2312 3962 τὴν
2360 3897 2547 3976 τιμὴν,
2607 3897 2694 3955 καὶ
2748 3899 2856 3953 τῶν
2911 3898 3189 3976 πρωτείων
3240 3896 3384 3976 έρᾷν,
3443 3895 3644 3954 ὲθνικόν
3702 3894 3867 3958 ἱστιν,

476 3981 738 4056 gentium
773 3983 868 4044 sit.
902 3983 1208 4063 Principes
1254 3986 1412 4045 enim
1461 3987 1728 4064 gentium
1784 4006 1988 4065 magna
2024 4007 2130 4066 po-

2213 3987 2273 4044 Οἱ
2329 3986 2428 4064 γὰρ
2480 3993 2586 4043 τῶν
2644 3985 2804 4061 ἐθνῶν
2877 3983 3160 4066 ἄρχοντες,
3212 3987 3410 4044 ἐκεῖνοι
3469 3985 3871 4052 ἐξουσιαστικῶς

479 4077 687 4131 testate
718 4081 771 4132 et
805 4076 1154 4134 auctoritate
1201 4074 1569 4135 efferuntur:
1610 4074 1885 4155 discipuli
1931 4089 2126 4137 autem

2212 4077 2300 4132 καὶ
2354 4082 2673 4152 τυραννικῶς
2755 4077 3163 4156 προσφέρονται.
3224 4079 3284 4134 Οἱ
3352 4074 3407 4132 δὲ
3462 4075 3581 4152 ἐμοὶ
3639 4077 3874 4150 μαθηταὶ

477 4159 592 4219 mei
625 4178 740 4220 non
763 4161 849 4221 sic
888 4182 900 4224 :
936 4161 1039 4222 sed
1083 4161 1183 4242 qui
1219 4162 1341 4221 vult
1370 4180 1502 4224 esse
1529 4180 1799 4241 magnus,
1835 4164 2129 4225 ministret

2213 4167 2316 4244 οὔχ
2376 4164 2566 4238 οὕτως,
2629 4164 2748 4222 ἀλλ’
2820 4168 2848 4222 6
2896 4165 3063 4222 θέλων
3117 4170 3258 4222 εἶναι
3315 4165 3508 4244 μέγας,
3565 4162 3873 4222 διακονείτω

475 4248 753 4308 omnibus
781 4269 793 4309 :
818 4251 1094 4330 quoniam
1121 4252 1301 4312 ethoc
1327 4270 1551 4330 magna:
1575 4251 1788 4312 anima}
1812 4254 2129 4327 est,omnia

2278 4242 2396 4333 ietv,
2471 4253 2584 4311 ἐπεὶ
2629 4256 2717 4310 καὶ
2786 4262 2939 4312 τοῦτο
2995 4255 3238 4333 μεγάλης
3292 4242 3504 4336 ψυχῆς,
3563 4255 3625 4311 τὸ
3658 4255 3872 4311 πάντων
3941 4242 3949 4250 ”

475 4334 723 4413 ferre,et
747 4341 1022 4400 omnibus
1053 4340 1379 4401 ser\‘ire.Et
1411 4343 1747 4420 exemplum
1771 4341 1828 4401 in
1848 4353 2124 4423 prompti

2210 4343 2496 4422 ἀνέχεσθαι
2554 4345 2641 4400 καὶ
2700 4351 2830 4401 πᾶσι
2887 4343 3172 4408 δουλεύειν.
3251 4334 3477 4402 Καὶητὸ
3533 4341 3870 4423 παράδειγμα

475 4435 622 4490 erat.
650 4426 877 4490 Etenim
904 4429 1084 4490 Filius
1109 4431 1364 4492 hominis
1393 4450 1507 4490 non
1541 4431 1698 4490 venit
1747 4439 1808 4492 ut
1845 4433 1956 4493 sibi
2017 4433 2127 4493 mi-

2268 4434 2426 4511 ’γύθεν
2461 4453 2476 4468 ·
2521 4435 2612 4491 καὶ
2653 4437 2752 4513 γὰρ
2794 4437 2822 4490 6
2899 4436 3019 4498 Υἱὸς
3045 4507 3050 4510 _
3079 4437 3173 4490 τοῦ
3247 4434 3522 4515 ἀνθρώπου
3581 4435 3675 4490 ούκ
3741 4432 3870 4500 ἦλθε
3931 4493 3939 4500 _

474 4517 843 4590 nistraretur,
879 4523 982 4580 sed
1011 4529 1073 4581 ut
1104 4525 1228 4600 ipse
1265 4521 1654 4588 ministraret.
1703 4530 1760 4582 et
1796 4521 1963 4582 daret
1994 4524 2128 4583 ani--

2211 4519 2614 4598 διακονηθῆναι,
2665 4523 2802 4580 ἀλλὰ
2845 4521 3179 4597 διακονῆσαι,
3229 4525 3318 4581 καὶ
3346 4522 3522 4580 δοῦναι
3552 4523 3653 4590 τὴν
3682 4522 3870 4603 ψυχὴν

474 4625 628 4668 mam
659 4627 824 4669 suam
854 4609 1327 4689 redemptionem
1362 4628 1464 4689 pro
1501 4610 1719 4688 multis,
1756 4611 1911 4690 quod
1937 4612 2128 4691 majus

2212 4614 2369 4670 αὐτοῦ
2417 4610 2601 4692 λύτρον
2630 4613 2744 4670 ἀιτὶ
2799 4611 3038 4687 πολλῶν,
3099 4615 3126 4669 ὃ
3171 4612 3354 4689 μεῖζόν
3398 4613 3512 4670 ἐστι
3559 4619 3651 4670 τοῦ
3680 4609 3868 4670 διακο-

472 4705 560 4758 est
590 4716 764 4777 quam
789 4697 1400 4770 ministrare.Qnando
1433 4697 1591 4758 enim
1612 4699 1756 4778 quis
1788 4718 1905 4759 non
1935 4701 2125 4760 solum

2213 4705 2370 4767 νησαι
2407 4719 2421 4732 ·
2487 4702 2614 4759 ὅταν
2657 4704 2757 4782 γὰρ
2799 4725 2878 4766 τις
2939 4704 3000 4759 06
3058 4702 3220 4778 μόνον
3263 4699 3583 4782 διακονήσῃ,
3618 4699 3755 4758 ἀλλὰ
3783 4705 3867 4762 καὶ

473 4785 918 4856 ministraverit,
953 4789 1055 4848 sed
1091 4798 1147 4848 et
1183 4797 1449 4847 mortuus
1480 4787 1653 4847 fuerit
1683 4807 1786 4866 pro
1815 4789 2002 4849 eocui
2025 4791 2131 4850 mi-

2211 4789 2452 4868 ἀποθάνῃ
2481 4792 2611 4870 ὑπὲρ
2663 4798 2760 4850 τοῦ
2808 4789 3239 4867 διακονουμένου,
3298 4792 3347 4847 τί
3375 4792 3560 4848 τούτου
3603 4797 3792 4867 μεῖζον
3833 4789 3869 4858 ἢ

476 4874 703 4944 nistrat,
731 4877 870 4956 quid
903 4877 1006 4938 illo
1041 4877 1229 4956 majus
1253 4884 1311 4937 et
1339 4875 1804 4937 admirabilius?
1857 4877 2126 4939 Attamen

2211 4881 2692 4960 θαυμασιώτερονς
2738 4879 2888 4939 Ἀλλ’
2921 4879 3069 4956 ὅμως
3119 4881 3154 4948 ἡ
3212 4877 3517 4948 διακόνησις
3575 4878 3710 4947 αὕτη
3781 4879 3869 4935 καὶ

477 4966 871 5029 ministerium
909 4968 1050 5029 illud
1077 4977 1136 5030 et
1165 4967 1620 5038 condescensio,
1645 4968 1915 5028 exaltatio
1935 4969 2041 5030 fuit
2061 4989 2130 5030 ac

2212 4971 2246 5036 ἡ
2310 4969 2714 5048 συγκατάϐασις
2767 4971 2970 5048 ὕψωσις
3025 4969 3115 5026 καὶ
3171 4967 3292 5036 δόξα
3339 4969 3525 5049 γέγονε
3567 4971 3658 5027 καὶ
3710 4972 3870 5030 αὑτοῦ

473 5055 660 5133 gloria
691 5065 804 5117 tam
839 5077 943 5119 sua
973 5077 1146 5139 quam
1181 5061 1472 5118 omnium.
1505 5055 1740 5118 Etenim
1782 5059 2126 5138 priusquam

2211 5061 2300 5116 καὶ
2355 5062 2592 5125 πάντων,
2641 5063 2766 5143 Πρὶν
2809 5063 2908 5138 μὲν
2950 5061 3050 5140 γᾶιρ
3091 5059 3329 5139 γενέσθαι
3386 5058 3683 5140 ἅνθρωπος,
3743 5057 3869 5138 παρ’

475 5147 660 5207 factus
692 5157 779 5208 est
811 5149 1013 5220 homo,
1049 5157 1274 5208 tantum
1307 5147 1380 5209 ab
1412 5146 1640 5225 angelis
1671 5149 2124 5225 agnoscebatur:

2211 5149 2461 5230 ἀγγέλοις
2511 5153 2821 5233 ιιγνωρίζετο
2880 5150 3090 5226 μόνοις.
3177 5147 3396 5218 Ἐπειδὴ
3471 5147 3527 5206 δὲ
3597 5149 3867 5227 ἅνθρωπος

478 5244 782 5315 postquam
815 5245 1011 5298 autem
1044 5237 1227 5298 factus
1261 5247 1346 5298 est
1370 5237 1547 5298 homo
1573 5243 1634 5297 et
1665 5237 2129 5312 cruciﬁxus,non

2212 5239 2422 5319 ἐγένετο
2477 5245 2564 5298 καὶ
2619 5241 2948 5321 ἐσταυρώθη,
3001 5243 3061 5299 οὒ
3103 5239 3274 5317 μόνην
3328 5239 3535 5309 ἐκείνην
3575 5240 3675 5307 τὴν
3717 5235 3864 5302 δόξαν

477 5323 667 5384 solum
701 5325 860 5386 illam
895 5326 1139 5402 gloriam
1178 5326 1376 5406 habet,
1407 5325 1510 5386 sed
1545 5334 1604 5385 et
1668 5325 1842 5387 aliam
1875 5327 2127 5409 accepit,

2214 5328 2353 5412 ἔχει,
2410 5330 2548 5389 ἀλλὰ
2605 5332 2693 5388 καὶ
2746 5331 2927 5410 ἑτέραν
2980 5328 3302 5407 προσέλαϐε,
3359 5331 3448 5388 καὶ
3526 5329 3702 5395 πάσης
3767 5325 3863 5393 τῆς

478 5419 536 5472 et
566 5413 622 5472 in
645 5421 764 5475 toto
788 5423 996 5493 regnat
1028 5415 1195 5476 urbe.
1372 5495 1376 5498 _

1182 5462 1195 5475 .
1372 5495 1376 5498 _
2216 5420 2528 5498 οἰκουμένης
2560 5419 2842 5498 βασιλεύει.

557 5501 738 5564 Vens.
770 5505 986 5566 46-52.
1028 5530 1053 5560 α
1105 5504 1174 5564 Ει
1217 5495 1460 5567 veniunt
1518 5503 1844 5566 Hiericho:
1881 5525 2134 5587 cumque

2306 5534 2330 5569 ε
2366 5495 2483 5572 ⁷Καὶ
2536 5495 2787 5591 ἔρχονται
2850 5513 2924 5577 εἷς
3002 5502 3236 5591 Ἰεριχὼ,
3311 5512 3400 5568 καὶ
3452 5505 3868 5590 ἒκπορευομένου

483 5591 870 5682 egrederetur
899 5593 971 5654 ab
1002 5593 1146 5655 urbe
1179 5593 1559 5675 Hiericho,ac
1590 5592 1864 5674 discipuli
1886 5595 2137 5674 illius,et

2220 5600 2378 5659 αὐτοῦ
2451 5603 2556 5660 ἀπὸ
2614 5594 2849 5682 Ἰεριχῶ,
2925 5601 3012 5659 καὶ
3079 5607 3187 5658 τῶν
3262 5603 3516 5677 μαθητῶν
3571 5601 3728 5658 αὐτοῦ
3782 5598 3872 5655 καὶ

480 5680 654 5747 turba
675 5682 1099 5764 copiosa,ﬁlius
1123 5682 1692 5747 TimaaiBartimacus
1726 5703 1920 5749 caecus
1952 5688 2132 5752 sede-

2217 5689 2386 5774 ὄχλου
2435 5695 2637 5770 ἱκανοῦ,
2690 5680 2830 5755 υίὸς
2908 5691 3130 5770 Τιμαίου
3207 5690 3526 5770 Βαρτίμαιος
3587 5691 3617 5748 6
3675 5687 3871 5773 τυφλὸς
