4232 6402
306 332 421 405 609
1029 329 1473 405 ΕΝΛΗΗΑΤῘΟ
1512 340 1594 405 IN
1640 333 1950 406 EVANGE

2034 332 2153 401 ΠΜ
2198 340 2459 405 MARCI.
2510 375 2581 385 —
2630 344 2793 406 CAP.
2843 342 2947 405 XI.
3581 342 3700 408 610

300 474 528 543 ἐκάθητο
570 476 716 555 παρὰ
757 475 855 544 τὴν
887 473 1007 533 686v
1063 475 1391 557 προσαιτῶν.
1443 475 1541 533 Καὶ
1595 475 1825 540 ἀκούσας
1880 473 1950 531 ὅτι

2046 470 2143 533 bat
2166 471 2332 550 juxta
2359 473 2508 535 viam
2545 475 2917 541 mendicans.
2951 477 3019 539 Et
3065 496 3198 539 cum
3249 476 3511 539 audisset
3540 479 3697 560 quod

300 563 509 647 Ἰησοῦς
570 568 600 621 6
656 564 970 644 Ναζωραϊός
1001 564 1169 640 ἔστιν,
1226 563 1418 645 ἤρξατο
1461 564 1668 644 κράζειν
1722 566 1814 622 καὶ
1866 563 1950 621 λέ-

2048 563 2221 623 Jesus
2243 564 2585 625 Nazarenus
2638 575 2816 641 esset,
2842 568 3020 647 ccepit
3057 567 3315 629 clamare
3345 576 3403 630 et
3444 567 3646 630 dicere
3681 589 3695 630 :

298 677 411 734 γειν
445 670 460 685 ⁸
498 646 557 713 Ὀ
587 656 697 719 υἱὸς
746 653 909 713 Δαϐὶδ
936 652 1138 729 Ἰησοῦ,
1171 653 1396 738 ἐλέησόν
1427 675 1519 731 με.
1554 656 1654 714 Καὶ
1698 654 1950 730 ἐπετίμων

2050 650 2155 712 Fili
2189 652 2364 714 David
2395 656 2854 727 Jesu,miserere
2888 646 3100 719 inei.Et
3123 657 3695 738 increpabantillum

298 746 439 819 αὒτῷ
488 743 682 803 πολλοὶ
750 744 844 802 ἵνα
919 746 1207 822 σιωπήσῃ,
1269 735 1328 804 Ὀ
1385 742 1446 801 δὲ
1519 742 1705 819 πολλῷ
1757 743 1950 821 μᾶλλοι

2046 741 2213 800 multi
2249 751 2311 801 ut
2347 750 2587 805 taceret.
2618 746 2691 805 At
2723 744 2824 805 ille
2883 746 3064 807 multo
3120 735 3309 825 magis
3356 746 3645 808 clamabat
3678 764 3692 809 :

298 834 511 915 ἔκραζεν
551 855 566 870 ’
603 836 690 892 Υἱὲ
725 833 907 909 Δαϐὶδ,
961 833 1186 903 ἐλέησόν
1231 856 1323 911 με.
1373 836 1471 892 Καὶ
1514 834 1642 896 στὰς
1675 837 1702 891 ὁ
1727 833 1950 913 Ἰησοῦς1

2045 828 2153 891 Fili
2187 829 2390 912 David,
2426 834 2711 894 miserere
2747 834 2887 897 mei.
2923 834 2988 895 Et
3018 836 3177 896 stetit
3206 837 3402 909 Jesus,
3428 855 3494 897 ac
3516 836 3698 915 jussit

297 926 453 982 εἶπεν
497 925 654 983 αὐτὸν
713 926 1072 1004 φωνηθῆναι·
1146 924 1235 981 καὶ
1290 931 1521 1004 φωνοῦσι
1592 925 1682 1006 16v
1739 923 1950 1006 τυφλὸν1

2044 919 2209 981 illum
2241 924 2459 999 vrcari;
2494 936 2558 983 ut
2587 934 2796 985 vocant
2821 944 3069 1000 caecum,
3105 926 3376 988 dicentes
3398 926 3485 987 illi
3508 926 3696 989 :Bono

295 1013 541 1094 λέγοντες
603 1016 746 1088 αὐτῷ
779 1034 794 1049 ⁸
831 1014 1047 1093 Θάρσει,
1074 1012 1270 1094 ἔγειρε,
1314 1027 1486 1094 φωνεῖ
1517 1035 1597 1075 σε.
1638 1005 1695 1071 Ὀ
1717 1013 1795 1095 δὲ,
1821 1005 1950 1071 ἄπο-

2044 1010 2241 1070 animo
2264 1018 2387 1072 esto
2416 1034 2429 1074 :
2460 1022 2836 1091 surge.vocat
2864 1015 3057 1078 te.llle
3087 1034 3225 1077 vero
3253 1015 3486 1095 aijcto
3513 1016 3690 1097 pallio

295 1102 471 1161 ϐαλὼν
499 1106 561 1161 16
619 1104 833 1181 ἱμάτιον
891 1103 1070 1176 αὐτοῦ,
1119 1103 1349 1167 ἀναστὰς
1402 1102 1530 1170 ἦλθε
1559 1104 1690 1183 πρὸς
1720 1104 1812 1159 τὸν
1839 1102 1950 1170 Ἰη-

2045 1118 2149 1159 suo
2174 1101 2519 1171 surrexit,et
2544 1102 2705 1163 venit
2732 1104 2804 1165 ad
2831 1102 3138 1167 Jesum.Et
3157 1105 3529 1185 respondens
3550 1104 3696 1166 dicit

296 1200 442 1257 σοῦν,
499 1194 598 1253 Καὶ
649 1192 953 1272 ἀπόκριθεὶς
1009 1191 1155 1271 λέγει
1184 1192 1327 1267 αὖτῷ
1376 1194 1404 1248 6
1459 1189 1666 1260 Ἰησοῦς
1699 1211 1714 1224 ·
1749 1193 1809 1250 Τί
1863 1191 1957 1249 θέ-

294 1282 403 1348 λεις
463 1305 677 1345 ποιησω
736 1304 820 1339 σοι
858 1301 875 1352 ς
937 1272 997 1339 Ὀ
1048 1280 1104 1363 δὲ
1146 1280 1340 1363 τυφλὸς
1402 1281 1559 1338 εἶπεν
1602 1283 1767 1356 αὐτῷ’
1808 1272 1957 1338 Ῥαϐ-

294 1370 461 1453 ϐουνὶ,
518 1373 613 1428 ἵνα
666 1369 973 1448 ἀναὸλέψω.
1055 1362 1113 1430 ι0
1170 1362 1232 1426 δὲν
1298 1369 1507 1438 Ἰησοῦς
1563 1371 1718 1428 εἶπεν
1762 1374 1906 1444 αὐτῷ
1937 1386 1951 1401 ⁸

296 1454 548 1543 ἿΥπαγε,
607 1464 643 1531 ἡ
694 1463 870 1528 πίστις
912 1483 1008 1519 σου
1063 1460 1271 1517 σέκωκέ
1318 1483 1401 1525 σε,
1452 1462 1549 1519 Καὶ
1600 1460 1791 1525 εὐθέως
1822 1542 1827 1543 ν
1854 1461 1954 1516 ἆν-

295 1542 487 1629 taxat:
543 1553 632 1608 καὶ
690 1551 971 1619 ἠκολούθει
1032 1557 1110 1625 τῷ
1166 1548 1348 1617 Ἰησοῦ
1402 1554 1457 1607 ἓν
1498 1557 1569 1628 τῇ
1611 1549 1715 1626 ὁδῷ
1754 1574 1775 1606 ι
1816 1542 1874 1609 ιΟ
1900 1548 1955 1607 δὲ

294 1646 566 1707 Ματθαϊος
622 1640 714 1698 δύο
757 1640 984 1721 τυφλοὺς
1015 1639 1163 1720 λέγει
1198 1656 1213 1671 ⁶
1274 1638 1549 1721 ἐνδέχεται
1606 1638 1661 1697 δὲ
1713 1639 1800 1698 δύο
1857 1641 1956 1717 μὲν

292 1732 434 1790 εἶναι
492 1734 615 1797 τοὺς
696 1732 962 1802 ίαθέντας,
1020 1732 1112 1788 τὸν
1172 1727 1226 1785 δὲ
1297 1728 1704 1811 ἐπιφανέστερον
1785 1730 1956 1788 αὐτῶν
1980 1772 2017 1821 Β

292 1829 477 1880 τοῦτον
532 1825 674 1905 εἶναι
732 1822 825 1878 τὸν
881 1823 967 1878 νῦν
1024 1820 1167 1905 παρὰ
1235 1826 1312 1894 τῷ
1358 1820 1558 1898 Μάρκῳ
1613 1822 1949 1896 μνημονευό-

293 1934 478 1989 μενον.
533 1902 680 1991 ’Ὀρα
722 1909 778 1967 δὲ
821 1916 936 1974 πῶς
967 1902 1164 1985 τιμῶσι
1192 1911 1285 1966 τὸν
1328 1905 1536 1976 Ἰησοῦν
1579 1910 1667 1966 καὶ
1697 1912 1745 1966 οἱ
1772 1908 1955 1991 ὄχλοι,

292 2001 429 2059 ὥστε
460 2000 711 2077 ὶπιτιμᾷν
737 2005 816 2074 τῷ
869 1998 1052 2080 τυφλῷ
1094 2000 1312 2076 βοῶντι,
1350 2000 1543 2055 ὡσανεί
1596 2021 1739 2062 τινος
1794 2000 1955 2076 βασι-

292 2091 428 2156 λέως
485 2088 891 2171 παροδεύοντος.
955 2090 1163 2167 Ἐρωτᾷ
1223 2088 1277 2146 δὲ
1322 2090 1481 2148 αὐτὸν
1525 2090 1553 2145 6
1594 2090 1802 2169 Κύριος,
1861 2087 1955 2146 ἵνα

293 2183 453 2257 μήτις
514 2181 648 2258 εἴπῃ
692 2177 774 2236 ὅτι
807 2176 943 2236 ἄλλα
985 2177 1295 2257 βουλομένῳ
1345 2177 1483 2236 ἄλλα
1526 2175 1733 2235 δίδωσιν
1782 2181 1809 2235 6
1843 2180 1952 2236 Κύ-

292 2292 428 2348 ριος.
494 2269 706 2349 Εύγνώρ
720 2291 794 2326 ων
849 2266 905 2324 δὲ
957 2268 1114 2348 ψυχὴ
1159 2274 1255 2326 τοῦ
1311 2266 1530 2347 τυφλοῦ’
1566 2265 1695 2346 ὅσγε
1726 2269 1861 2343 μετὰ
1890 2269 1951 2324 τὸ

288 2359 669 2439 θεραπευθῆναι
723 2357 818 2415 οὒκ
874 2356 1051 2439 ἀφῆκε
1116 2358 1209 2415 τὸν
1271 2356 1486 2436 Κύριον,
1547 2355 1668 2413 ἀλλ’
1716 2356 1952 2425 ἠκολού-

289 2452 366 2506 θει
595 2448 822 2505 Δύναται
853 2445 908 2521 δὶ
937 2448 1026 2504 καὶ
1056 2446 1410 2526 ἆναγωγικῶς
1456 2450 1710 2514 νοηθῆναι
1740 2446 1898 2504 τοῦτο
1929 2463 1946 2480 ⁶

293 2529 505 2620 Ἰεριχὼ
557 2541 586 2595 6
634 2537 799 2601 τόπος
855 2529 1008 2601 οὗτος
1065 2539 1094 2593 6
1136 2536 1307 2600 κάτω.
1360 2536 1567 2617 Τυφλὸς
1619 2535 1673 2592 δὲ
1704 2538 1951 2613 καθήμε-

290 2650 378 2692 νος
434 2628 653 2685 ἐνταῦθα
708 2628 745 2695 ἦ
827 2626 980 2707 φύσις
1062 2626 1097 2694 ἡ
1184 2624 1512 2706 ἀνθρωπίνη,
1572 2623 1689 2693 ἥτις
1744 2627 1854 2690 υίὸς
1882 2628 1951 2693 ἦν

285 2724 381 2774 τοῦ
408 2717 537 2796 ὑπὲρ
564 2723 742 2779 πᾶσαν
771 2717 939 2792 τιμὴν
996 2714 1151 2779 Θεοῦ,
1205 2713 1351 2783 Αῦτη
1401 2716 1574 2773 τοίνυν
1629 2714 1814 2795 ἔκραζε
1873 2721 1951 2789 τῷ

289 2804 465 2875 Ἰησοῦ
496 2803 591 2864 ’διὰ
641 2811 741 2873 τῆς
801 2802 1037 2886 ’[εριχὼ,
1110 2804 1350 2864 τουτέστι
1402 2812 1496 2862 τοῦ
1552 2804 1665 2882 βίου
1736 2806 1946 2887 τούτου,

2042 1187 2127 1261 illi
2156 1187 2330 1273 Jesus
2366 1208 2379 1252 :
2414 1189 2564 1262 Quid
2590 1192 2681 1252 vis
2712 1192 2924 1254 iaciam
2959 1193 3096 1257 tibi?
3118 1194 3322 1256 Caecus
3371 1201 3572 1255 autem
3596 1195 3692 1254 di-

2040 1277 2121 1337 xit
2150 1278 2206 1338 ei
2244 1298 2257 1338 :
2294 1280 2591 1355 Rabboni,
2627 1290 2687 1342 ut
2719 1282 2907 1343 visum
2940 1282 3254 1361 recipiam.
3289 1284 3459 1345 .Iesus
3488 1291 3689 1345 autem

2040 1366 2185 1427 dixit
2214 1367 2296 1429 illi
2333 1390 2346 1431 :
2383 1369 2673 1449 Abi,ﬁdes
2704 1379 2798 1432 tua
2828 1373 3050 1432 salvum
3088 1379 3143 1434 te
3165 1372 3540 1435 reddidit.Ac
3560 1391 3694 1452 pro-

2040 1456 2199 1518 tinus
2221 1459 2446 1538 recepit
2477 1459 2689 1534 visum,
2726 1470 2784 1521 et
2814 1461 3175 1542 sequebatur
3215 1460 3419 1523 Jesum
3453 1462 3511 1522 in
3533 1460 3685 1525 via.»

2038 1546 2346 1608 Mattliaeus
2380 1548 2529 1610 duos
2564 1568 2749 1611 caecos
2780 1559 2981 1612 narrat
3017 1573 3029 1613 :
3064 1559 3119 1612 et
3154 1551 3283 1613 ﬁeri
3325 1560 3517 1631 potest
3546 1551 3696 1612 duos

2038 1634 2282 1715 quidem
2318 1655 2448 1698 esse
2481 1639 2905 1713 sanatos,hunc
2926 1648 3119 1702 autem
3143 1660 3213 1701 ex
3241 1640 3356 1701 illis
3378 1639 3692 1701 clariorem

2040 1723 2244 1798 fuisse,
2282 1727 2450 1805 cujus
2484 1746 2641 1788 nunc
2676 1729 3036 1790 mentionem
3089 1730 3224 1792 facit
3254 1732 3506 1793 Marcus.
3540 1730 3693 1791 Vide

2039 1824 2237 1875 autem
2270 1818 2567 1896 quomodo
2601 1818 2786 1879 turbze
2834 1819 3037 1881 Jesum
3100 1827 3481 1901 venerantur,
3519 1821 3598 1881 ita
3628 1830 3693 1882 ut

2038 1902 2421 1984 increparent
2476 1925 2700 1967 caecum
2751 1908 3136 1982 clamantem,
3170 1910 3337 1989 quasi
3377 1927 3479 1971 rex
3515 1909 3688 1990 quis-

2039 1990 2195 2073 piam
2229 1997 2579 2073 praateriret.
2613 1999 2797 2059 Porro
2831 1999 3001 2059 Jesus
3032 1998 3197 2059 illum
3250 1999 3599 2076 interrogat,
3626 2005 3691 2059 ut

2038 2101 2116 2143 ne
2166 2084 2299 2164 quis
2357 2093 2521 2165 putet
2580 2086 2739 2167 quod
2796 2086 2898 2149 ille
2955 2087 3070 2149 alia
3111 2088 3387 2162 voluerit,
3419 2087 3689 2150 Christus

2035 2180 2232 2231 autem
2264 2172 2378 2234 alia
2408 2173 2658 2236 dederit.
2685 2176 2847 2237 Grati
2872 2184 3070 2237 autem
3104 2177 3282 2236 animi
3313 2194 3505 2237 caecus
3537 2185 3683 2245 erat,

2035 2260 2136 2340 qui
2169 2268 2475 2342 postquam
2510 2271 2747 2325 sanatus
2775 2274 2886 2336 est,
2912 2267 3111 2326 .lesum
3148 2284 3265 2325 nou
3298 2266 3546 2340 dimisit,
3583 2265 3688 2326 sed

2035 2357 2271 2409 secutus
2330 2358 2420 2411 est
2474 2351 2667 2416 illum.
2727 2356 2855 2413 Jam
2891 2362 2949 2415 et
2980 2372 3087 2435 per
3143 2373 3447 2433 anagogen
3508 2355 3686 2415 intel-

2036 2437 2220 2517 ligere
2253 2459 2566 2520 possumus
2599 2460 2612 2504 :
2647 2443 2883 2505 Jericho
2919 2443 3088 2505 locus
3118 2444 3231 2506 iste
3261 2444 3513 2506 inferior
3537 2452 3630 2505 est
3663 2465 3677 2507 :

2035 2546 2228 2590 caecus
2272 2538 2470 2591 autem
2495 2530 2598 2612 qui
2627 2531 2800 2593 sedet
2828 2533 2941 2593 hoc
2974 2533 3130 2613 loco,
3171 2534 3429 2594 humana
3460 2542 3548 2595 est
3576 2552 3688 2593 na-

2038 2624 2186 2698 tura,
2222 2637 2352 2699 quae
2384 2620 2539 2682 ﬁlius
2569 2629 2695 2682 erat
2733 2621 2859 2696 Dei,
2916 2623 3015 2704 qui
3049 2641 3288 2686 omnem
3322 2632 3562 2702 superat
3591 2622 3687 2683 di-

2033 2707 2341 2785 gnitatem.
2374 2708 2492 2770 Ista
2516 2709 2697 2790 igitur
2726 2712 3015 2774 clamabat
3042 2712 3113 2773 ad
3143 2711 3372 2788 Jesum,
3410 2730 3515 2792 per
3544 2710 3688 2773 Hie-

2030 2795 2221 2878 richo,
2257 2797 2317 2858 id
2345 2806 2434 2860 est
2489 2799 2643 2860 hanc
2703 2800 2907 2874 vitam,
2956 2810 3222 2864 euntem.
3286 2802 3691 2863 Misericordia

286 2894 542 2958 ὁδεύοντι.
618 2894 851 2963 Ἥλέησε
906 2893 961 2951 δὲ
1004 2895 1170 2963 αὐτὴν
1238 2895 1328 2950 καὶ
1410 2892 1495 2950 διὰ
1563 2899 1664 2962 τῆς
1721 2895 1950 2959 πίστεως

2034 2895 2228 2947 autem
2260 2896 2456 2949 motus
2487 2907 2628 2969 erga
2654 2889 2835 2965 illam,
2874 2899 2932 2952 et
2962 2901 3203 2971 propter
3234 2891 3433 2971 iidem,
3466 2890 3686 2953 salvam

283 2985 506 3061 ἴσωσεν,
534 2982 898 3061 Ιικδυσαμένην
925 2985 988 3041 16
1030 2982 1261 3041 παλαιὸν
1288 2984 1499 3060 ἱμάτιον
1527 2986 1626 3052 τῆς
1658 2983 1941 3062 ἁμαρτίας.

2034 2992 2164 3035 eam
2211 2975 2374 3053 fecit,
2427 2976 2531 3040 ubi
2582 2988 2747 3040 vetus
2792 2981 3015 3059 peccati
3047 2990 3464 3042 vestuneutum
3499 2981 3680 3041 exuit.

282 3078 531 3133 Σωθετσα
571 3072 627 3131 δὲ
654 3073 1018 3143 ἠκολούθησεν
1040 3072 1209 3149 αὐτῷ,
1243 3070 1576 3152 ἐργαζομένη
1603 3074 1698 3138 τὰς
1728 3071 1948 3137 ἐντολὰς

2034 3064 2276 3126 Servata
2303 3073 2501 3127 autem
2540 3076 2741 3131 secuta
2762 3077 2851 3130 est
2872 3069 3060 3143 illum,
3094 3069 3364 3131 faciendo
3407 3069 3684 3131 mandata

283 3164 340 3221 ἰν
390 3170 458 3242 τῇ
513 3163 642 3245 ὁδῷ,
679 3139 974 3221 γτουτέστιν
1031 3161 1085 3220 ἓν
1437 3139 1630 3237 τούτω,
1692 3161 1948 3220 Ἐνταῦθα

2034 3154 2093 3215 in
2126 3155 2388 3245 via,4hoc
2420 3167 2507 3219 est
2538 3157 2599 3218 in
2632 3159 2741 3221 hac
2783 3160 2921 3222 vita.
2983 3139 3089 3222 Hic
3143 3160 3308 3223 enim
3371 3178 3683 3242 possumus

280 3254 382 3333 γὰρ
445 3253 588 3312 ἔστιν
625 3242 1005 3321 -ἀκολουθῆσαι
1063 3258 1142 3328 τῷ
1192 3257 1405 3329 Χριστῷ
1436 3267 1451 3281 ⁸
1502 3252 1640 3327 μετὰ
1682 3249 1740 3307 δὲ
1784 3258 1950 3309 ταῦτα

2034 3244 2201 3325 sequi
2232 3242 2529 3307 Christum
2557 3268 2570 3307 :
2593 3256 2799 3327 postea
2828 3256 3025 3311 autem
3052 3249 3450 3313 excluduntur
3472 3267 3686 3311 omnes

278 3341 653 3402 ἂποκλείονται
696 3343 894 3407 πάντες
930 3349 1028 3400 τοῦ
1056 3341 1363 3421 ἐργάζεσθαι
1393 3340 1489 3406 τὰς
1519 3338 1766 3406 ἐντολάς.

2034 3351 2065 3394 a
2098 3335 2514 3397 mandatorum
2542 3338 2914 3418 operatione.

903 3438 1158 3498 ΚΕΦΑΔ.
1206 3431 1324 3497 ΙΑ’.

279 3532 405 3611 Περὶ
498 3532 593 3590 τοῦ
658 3529 865 3592 πώλου.
953 3529 1079 3608 Περὶ
1159 3527 1257 3596 τῆς
1338 3526 1683 3607 ξηρανθείσης
1751 3529 1945 3598 συκῆς,

360 3612 487 3692 Περὶ
541 3617 650 3669 τῶν
708 3608 1099 3692 ἐκϐληθέντωνΔ
1132 3606 1194 3665 ἔκ
1240 3619 1336 3692 του
1393 3609 1538 3692 ἱεροῦ
1591 3616 1946 3689 τραπεζιτῶν,

359 3690 485 3773 Περὶ
542 3699 636 3751 τοῦ
704 3692 929 3771 θάρσους
970 3690 1162 3773 ,πρὸς
1227 3691 1322 3773 τὸν
1409 3690 1565 3749 Θεόν.
1603 3692 1766 3773 ,Περὶ
1847 3697 1948 3759 τῆς

358 3768 785 3850 ἀμνησικακίαςξ
863 3771 989 3850 Περὶ
1062 3768 1218 3850 τῶν.
1299 3768 1757 3850 ἐπερωτησάντων
1854 3773 1947 3829 τὸν

364 3846 553 3934 Κύριον
578 3851 877 3935 ἀρχιερέων
917 3846 1006 3908 καὶ
1050 3846 1441 3935 πρεσϐυτέρων,
2107 3847 2289 3910 tibus.

360 3933 462 4006 Rati.
518 3948 607 4004 ὅτε
651 3933 954 4027 νέγγίζουσιν
1010 3945 1087 4010 εἷς
1146 3933 1522 4021 Ἰερουσαλὴμ,
1568 3942 1643 4008 εἷς
1702 3946 1948 4026 Βεθφαγη

2116 3940 2300 4005 Vens.
2334 3941 2459 4003 1-6.
2508 3965 2530 3999 ι
2561 3942 2629 4004 Ει
2658 3963 2793 4005 cum
2826 3943 3302 4025 appropinquant
3345 3944 3685 4027 Hierosoly-

271 4038 367 4095 καὶ
415 4038 679 4106 Βηθανίαν
733 4036 867 4116 πρὸς
924 4035 989 4092 16
1018 4032 1140 4114 ὅρος
1182 4039 1291 4090 τῶν
1335 4031 1593 4115 Ἐλαιῶν,
1624 4034 1943 4116 ἀποστέλλει

2034 4030 2141 4092 mis
2162 4030 2233 4092 ad
2253 4031 2603 4113 Bethphage
2625 4041 2683 4095 et
2701 4034 3052 4096 Bethaniam
3068 4034 3237 4114 juxta
3260 4042 3520 4096 montem
3546 4034 3683 4097 Oli-

270 4125 365 4186 δύο
420 4134 527 4186 τῶν
570 4114 825 4204 μαθητῶν
868 4123 1050 4200 αὐτοῦ,
1100 4123 1189 4179 καὶ
1236 4120 1383 4200 λέγει
1413 4114 1597 4187 αὐτοῖς
1630 4136 1648 4154 ⁸
1684 4114 1941 4205 ’Υπάγετε

2034 4120 2473 4201 varum,emittit
2501 4122 2650 4184 duos
2681 4142 2714 4184 e
2747 4122 3057 4204 discipulis
3083 4123 3306 4203 suis,et
3337 4124 3480 4186 dicit
3511 4124 3630 4186 illis
3667 4148 3683 4190 :

270 4218 351 4283 εἷς
408 4217 510 4286 τὴν
564 4216 759 4292 κώμην
814 4213 916 4282 τὴν
984 4210 1297 4295 κατέναντι.
1340 4212 1488 4288 ὑμῶν
1522 4226 1537 4241 '
1596 4214 1684 4269 καὶ
1747 4213 1939 4287 εὐθέως

2034 4208 2198 4272 Abite
2226 4210 2289 4272 in
2312 4211 2508 4272 vicum
2540 4211 2640 4293 qui
2673 4220 2878 4275 contra
2909 4232 3011 4275 vos
3051 4221 3228 4287 esl,et
3248 4213 3446 4276 statim
3479 4214 3684 4294 ingre-

271 4305 705 4387 εἰσπορευόμενοι
759 4305 832 4370 είς
894 4302 1081 4382 αὐτὴν,
1142 4302 1397 4381 εὗρήσετε
1474 4299 1658 4358 πῶλον
1724 4299 1938 4379 δεδεμέ-

2034 4297 2253 4361 1ἱοηιεε
2279 4300 2337 4387 in
2372 4299 2885 4377 illum,invenietis
2904 4302 3129 4380 pullum
3161 4301 3680 4385 alligatum,supra

271 4418 389 4470 νον,
435 4386 531 4477 ίίφ’
582 4396 639 4453 ὃν
697 4394 863 4459 οὐδεὶς
910 4392 1200 4474 ἀνθρώπων
1242 4390 1511 4454 κεκάθισε.
1545 4391 1810 4459 Λύσαντες
1835 4395 1934 4452 αὖ-

2034 4405 2195 4468 luem
2219 4386 2419 4449 nullus
2448 4387 2751 4477 hominum
2786 4388 2943 4450 sedit
2972 4411 2985 4447 :
3014 4388 3223 4451 solvite
3253 4407 3415 4467 eum,
3450 4398 3505 4451 et
3558 4391 3677 4452 ad-

266 4492 367 4544 τὸν
419 4476 671 4565 ἀγάγετε,
729 4485 819 4543 καὶ
864 4482 954 4541 ἐάν
1011 4503 1091 4546 τις
1176 4483 1307 4557 ὑμῖν
1366 4477 1501 4557 εἴπῃ
1536 4498 1553 4517 ο
1620 4482 1680 4539 τί
1722 4496 1932 4540 ποιεῖτε

2034 4477 2213 4577 lucite
2240 4495 2253 4539 :
2282 4476 2414 4582 si
2439 4477 2570 4577 quis
2607 4476 2768 4539 vobis
2792 4478 3155 4582 dixeri‘t,Cur
3183 4477 3373 4580 facitis
3399 4479 3671 4582 hoq‘idi-

270 4583 483 4657 10610;
544 4573 739 4631 εἴπατε
791 4573 872 4630 ὄτι
930 4574 958 4629 6
1020 4571 1207 4651 Κύριος
1237 4572 1395 4628 αὐτοῦ
1450 4570 1640 4650 χρείαν
1669 4569 1814 4655 ἔχει,
1844 4575 1933 4631 καὶ

2034 4567 2134 4628 :ite
2151 4566 2307 4648 quod
2326 4566 2615 4657 Domiuus
2638 4585 2708 4629 eo
2731 4586 2879 4648 opus
2900 4566 3097 4629 habet:
3126 4576 3185 4628 et
3201 4569 3483 4631 continuo
3500 4569 3670 4631 illum

273 4656 473 4731 εὐθέως
500 4664 658 4722 αὐτὸν
687 4664 978 4721 ἀποστελεῖ
1019 4659 1146 4720 ὧδε.
1196 4660 1468 4728 Ἀπῆλθον
1526 4659 1607 4741 δὲ,
1652 4663 1743 4719 καὶ
1787 4663 1938 4743 εὗρον

2034 4656 2972 4738 mittethuc.Abieruntautem,et
2994 4660 3347 4719 invenerunt
3368 4659 3594 4738 pullum
3619 4659 3677 4719 al

2661 3431 2907 3496 CAPUT
2952 3432 3051 3494 ΧΙ.

2035 3530 2208 3582 280
2252 3523 2337 3609 De
2382 3523 2572 3606 pullo.
2611 3526 2692 3609 De
2744 3528 3013 3609 are/acta
3059 3526 3201 3607 ficu.
3252 3526 3355 3609 Dei
3384 3527 3619 3609 fugatis
3651 3547 3684 3591 ε

2112 3603 2325 3684 templo
2384 3603 2724 3686 trapezita}.
2788 3603 2875 3669 De
2929 3603 3158 3686 ﬁducia
3200 3609 3270 3669 in
3322 3603 3537 3671 Deuin.
3592 3609 3685 3672 De

2110 3685 2497 3769 iniuriarum
2531 3685 2851 3749 oblivione.
2917 3685 3000 3753 De
3048 3687 3436 3769 principibus
3473 3707 3682 3751 sacer-

2107 3765 2342 3850 dotum,
2389 3774 2447 3830 et
2499 3769 2867 3849 presbyteris
2919 3765 3683 3850 Dominum—interrogan-

270 4752 461 4813 πῶλον
488 4751 765 4830 δεδεμένον
823 4753 956 4833 πρὸς
1012 4751 1113 4819 τὴν
1159 4750 1316 4831 θύραν
1345 4747 1468 4828 ἔξω,
1501 4749 1587 4807 ἐπὶ
1633 4756 1734 4820 τῆς
1790 4752 1939 4833 ἀμφ..

272 4843 422 4926 ὁδου,
480 4844 568 4901 καὶ
619 4842 831 4901 λύουσιν
888 4840 1072 4902 αὐτόν.
1132 4841 1233 4900 Καί
1274 4860 1415 4903 τινες
1457 4846 1565 4895 τῶν
1609 4839 1727 4897 ἐκεῖ
1772 4844 1944 4910 ἔστη-

270 4936 452 4993 κότων
509 4931 693 5013 ἔλεγον
736 4932 923 4997 αὐτοῖς
955 4947 972 4967 ⁸
1010 4932 1070 4989 Τί
1111 4942 1320 4988 ποιεῖτε
1350 4927 1567 4993 λύοντες
1594 4931 1686 4985 τὸν
1715 4929 1941 5013 πῶλον;

273 5025 338 5083 Οἱ
396 5021 452 5080 δὲ
508 5026 664 5081 εἷπον
708 5022 921 5097 αὐτοῖς,
981 5020 1158 5084 καθὼς
1208 5015 1503 5075 ἐνετείλατο
1540 5015 1724 5081 αὐτοῖς
1769 5021 1797 5075 6
1826 5015 1946 5086 Ἰη-

272 5121 427 5194 σοῦς,
460 5114 552 5171 καὶ
585 5113 800 5193 ἀφῆκαν
834 5110 1046 5174 αὐτούς.
1082 5125 1109 5166 ο
1156 5105 1424 5194 Πολλάκις
1469 5105 1567 5182 μὲν
1609 5107 1698 5163 καὶ
1753 5105 1948 5165 ἄλλοτε

270 5193 438 5273 ἦλθεν
496 5204 570 5268 εἰς
624 5196 991 5281 Ἰεροσόλυμας
1064 5196 1183 5255 ἀλλ’
1251 5193 1501 5253 οὐδέποτε
1555 5196 1691 5271 μετὰ
1747 5197 1947 5254 τοσαύ-

270 5317 382 5363 της
440 5295 799 5376 περιφανείας,
850 5287 968 5368 μεθ’
1027 5286 1160 5356 ὅσης
1236 5293 1349 5349 νῦν.
1411 5285 1634 5376 Πρωην
1666 5286 1769 5376 μὲν
1840 5287 1941 5367 γὰρ

271 5373 687 5464 ἑκρύπτετοτδιὰ
726 5382 821 5439 τὸν
877 5378 1067 5459 φθόνον
1119 5379 1290 5436 αὐτῶν
1320 5392 1336 5410 ⁶
1391 5381 1480 5432 νῦν
1509 5373 1584 5450 δὲ,
1622 5375 1806 5445 ἐπειδῆ
1848 5386 1943 5437 τοῦ

267 5475 479 5541 πάθους
522 5473 816 5556 ἐφέστηκεν
867 5472 895 5526 6
954 5470 1163 5548 καιρὸς,
1216 5467 1275 5523 ὃν
1324 5467 1481 5531 αὐτὸς
1542 5465 1714 5556 ἑαυτῷ
1756 5466 1939 5547 ὥρισε,

270 5553 655 5646 λαμπρότερον
732 5561 978 5641 ἔρχεται,
1033 5557 1129 5615 ’ίνα
1199 5556 1288 5615 ἐὰν
1372 5556 1472 5632 μὲν
1507 5553 1759 5646 θέλωσι,
1811 5579 1940 5616 συν-

268 5643 458 5727 ήσωσι
486 5643 588 5725 τὴν
618 5652 772 5719 δόξαν
818 5650 1001 5725 αὒτοῦ,
1059 5647 1150 5705 καὶ
1197 5648 1304 5704 ἀπὸ
1346 5651 1452 5703 τῶν
1503 5643 1589 5702 ἐπ’
1620 5650 1763 5724 αὐτῷ
1805 5671 1941 5730 προ-

2022 4748 2265 4827 ligatum
2286 4747 2451 4826 juxta
2463 4746 2708 4826 januam
2725 4747 2870 4808 foris
2888 4747 2949 4808 in
2972 4746 3217 4818 bivioet
3233 4747 3468 4809 solvunt
3489 4748 3677 4811 illum.

2029 4837 2097 4899 Et
2129 4837 2401 4899 nonnulli
2435 4855 2639 4899 eorum
2673 4836 2774 4918 qui
2799 4838 2920 4899 illic
2950 4836 3498 4918 stabant,dicebant
3536 4837 3677 4899 illis:

2029 4928 2172 5009 quid
2210 4926 2404 4991 facitis
2428 4926 2724 4989 solventes
2768 4926 3024 5008 pullum?
3053 4929 3132 4990 At
3162 4927 3247 4988 illi
3277 4927 3553 4989 dixerunt
3594 4928 3684 4991 eis

2031 5016 2533 5099 quemadmodum
2564 5016 2708 5097 ipsis
2736 5022 3102 5098 przeceperat
3129 5019 3391 5097 Jesus,et
3410 5018 3686 5081 sinebant

2032 5107 2187 5170 illos.
2230 5130 2252 5165 υ
2285 5109 2454 5188 Saepe
2476 5105 2652 5168 etiam
2688 5106 2833 5168 alias
2863 5106 3025 5168 venit
3045 5105 3541 5188 Hierosolymam,
3576 5107 3683 5170 sed

2033 5216 2333 5279 nunquam
2367 5215 2500 5258 cum
2536 5204 2695 5257 tanta
2719 5195 3049 5275 majestate,
3081 5204 3296 5278 quanta
3328 5197 3684 5259 nuncJ’rius

2031 5287 2272 5370 quidem
2287 5284 2676 5349 delitescebat
2702 5293 2945 5367 propter
2962 5286 3238 5348 invidiam
3255 5286 3685 5349 illorumznunc

2024 5376 2392 5458 autem.qnia
2418 5374 2713 5456 passionis
2733 5384 2965 5456 tempus
2990 5375 3380 5456 aderat,quod
3412 5376 3541 5457 ipse
3570 5376 3686 5439 sibi

2026 5467 2437 5550 praatiniverat,
2498 5464 2717 5527 clarior
2763 5464 2924 5527 venit
2958 5483 2970 5528 :
3004 5472 3065 5526 ut
3096 5464 3145 5527 si
3198 5465 3402 5546 velint,
3435 5465 3682 5544 gloriam

2027 5563 2157 5641 ejus
2189 5559 2542 5638 intelligant,
2578 5564 2637 5619 et
2665 5575 2735 5619 ex
2767 5557 3096 5640 prophetiis
3127 5576 3260 5638 quae
3303 5556 3364 5617 in
3408 5558 3537 5638 ipso
3566 5556 3683 5618 im-

2028 5651 2199 5733 pletaa
2229 5655 2753 5730 erant,agnoscant
2781 5665 2917 5709 eum
2946 5664 3080 5710 esse
3104 5649 3291 5710 Deum
3330 5664 3554 5728 verum;
3589 5647 3684 5711 sin
