4232 6412
536 325 607 392 61
628 328 650 391 1
1508 323 2105 388 THEOPHYLACTI
2148 318 2561 387 BULGARLS
2603 320 2960 387 ARCHIEP.
3816 316 3937 386 612

525 460 734 533 nolint,
770 460 832 520 in
870 458 1158 538 majorem
1213 456 1778 519 condemnationem
1826 473 2033 516 eorum
2085 454 2185 529 sit,

2273 460 2507 537 φητειῶν
2563 456 2952 534 τελειουμένων
3008 460 3297 537 ἱπιγνῶσιν
3381 457 3463 514 ὅτι
3534 454 3741 526 ἀληθής
3801 456 3932 520 Θεός

530 550 684 630 quod
718 549 894 611 etiam
927 557 1042 609 tam
1076 546 1253 609 claris
1305 546 1607 607 miraculis
1639 564 1757 605 non
1792 543 2183 605 crediderint.

2268 551 2433 610 'asvw.
2496 550 2554 604 Ei
2607 546 2661 603 δὲ
2720 550 2799 623 μὴ
2854 546 3121 619 θελήσωσι
3180 548 3435 629 συνιέναι,
3498 548 3572 611 εἶς
3630 547 3934 626 κατάκριμα

531 638 679 702 Vide
700 638 859 700 enim
902 645 1049 718 quot
1092 635 1211 697 sint
1242 635 1337 697 hic
1371 633 1657 696 miracula
1690 652 1821 714 qua:
1852 634 1936 695 eis
1960 635 2071 695 hoc
2092 634 2182 695 lo-

2271 646 2454 713 μεϊζον
2498 637 2709 701 αὖτοϊς-
2744 636 2866 710 εἴη,
2911 636 2993 693 ὅτι
3038 635 3155 697 οὐδὲ
3226 638 3363 713 μετὰ
3425 644 3656 693 τοσαῦτα
3711 634 3931 716 λαμπρὰ

529 747 599 789 co
630 725 1030 790 dixerit.Dixit
1060 729 1147 787 eis
1183 743 1196 787 :
1250 724 1568 786 Invenietis
1622 723 1883 802 pullum;
1913 722 2186 786 dixiteos

2268 729 2509 803 θαύματα
2566 727 2901 790 ἐπίστευσαν.
2965 726 3102 807 σΟρα
3176 728 3276 807 γὰρ
3349 726 3491 784 πόσα
3549 725 3767 785 ἐνταῦθα
3822 748 3931 793 ση-

526 815 891 897 ρνοιιίιιὶιυῐη
917 814 1011 887 iri,
1040 823 1098 876 et
1127 813 1347 874 deinde
1376 832 1509 874 cum
1543 812 1815 873 dicerent
1848 834 1860 874 :
1895 812 2184 874 Dominus

2268 828 2421 889 μεϊα.
2460 815 2631 872 Εἶπεν
2659 819 2868 894 αὐτοῖς,
2914 814 2999 871 ὅτι
3059 817 3322 895 Εὑρήσετε
3381 814 3587 897 πῶλον.
3624 815 3790 873 Εἶπεν
3847 812 3928 871 ὅτι

524 896 625 966 illo
684 923 833 984 opus
893 904 1091 979 habet,
1144 903 1294 964 dixit
1350 902 1793 963 dimittendum.
1829 900 2182 983 Neutiquam

2270 903 2694 985 κωλυθήσονται,
2756 904 2882 961 εἶτα
2924 904 3185 985 εἰπόντες,
3243 904 3325 961 ὅτι
3388 896 3446 962 Ὀ
3494 906 3681 985 Κύριος
3739 905 3928 985 χρῄζει

525 994 685 1056 enim
718 994 831 1054 hoc
866 1011 1073 1073 paru'n
1111 993 1319 1054 fuisset
1344 992 1631 1073 apostolis
1691 992 1949 1071 permitti
1985 1002 2045 1052 ut
2076 992 2185 1051 ab-

2271 994 2453 1073 αὔτοῦ,
2500 994 2838 1064 ἐαθήσονται.
2900 992 3028 1051 Οὐδὲ
3088 996 3187 1074 γὰρ
3232 994 3346 1051 οὑδέ
3378 1002 3531 1051 τοῦτο
3560 994 3749 1073 μικρόν
3792 994 3925 1073 ἐστι,

522 1086 743 1147 ducant
770 1083 1147 1165 pullum,nisi
1173 1082 1371 1143 divina
1395 1082 1663 1162 quaedam
1695 1080 1885 1141 virtus
1914 1081 2188 1141 dominos

2269 1084 2330 1139 τὸ
2380 1086 2799 1162 συγχωρηθῆναι
2847 1084 2970 1148 τοὺς
3028 1082 3358 1148 ἀποστόλους
3402 1084 3629 1162 ἀπάγειν
3672 1084 3763 1138 τὸν
3820 1088 3932 1139 πῶ-

528 1173 672 1254 pulli
702 1172 1022 1253 adegisset,
1064 1172 1394 1253 praesertim
1432 1189 1749 1253 pauperes,
1786 1180 1849 1233 et.
1895 1171 2189 1250 agricolas

2270 1176 2383 1247 λον,
2432 1171 2560 1249 ὅπερ
2586 1176 2681 1230 οὑκ
2710 1172 2772 1229 ἂν
2802 1172 3013 1251 ἐγένετο
3057 1174 3209 1241 εἰμὴ
3258 1174 3370 1230 θεία
3427 1196 3507 1237 τις
3561 1173 3768 1252 ἀνάγκη
3826 1171 3926 1227 ἐπ-

528 1262 813 1337 fortassis,
843 1271 907 1323 ut
929 1260 1147 1322 animal
1173 1261 1316 1322 illud
1354 1260 2026 1323 dimitterent.Attamen
2058 1258 2187 1319 dis-

2272 1263 2442 1320 έκειτο
2500 1276 2617 1328 τοῖς
2674 1264 2871 1342 κυρίοις
2927 1271 3020 1320 τοῦ
3076 1262 3257 1320 πώλου
3314 1263 3684 1342 ἀναγκάζουσα
3717 1262 3926 1333 αὐτοὺς,

528 1372 597 1413 cc
628 1352 947 1413 Dominum
977 1351 1036 1413 id
1063 1370 1181 1412 non
1207 1352 1335 1411 sine
1355 1369 1533 1412 causa
1565 1350 2003 1429 fecissezueque
2029 1349 2186 1410 enim

2270 1355 2445 1409 καίτοι
2489 1352 2723 1421 πένητας
2754 1351 2911 1417 ὅθτας
2956 1355 3043 1409 καὶ
3101 1354 3369 1432 γεωργοὺς
3401 1354 3592 1432 τυχὸν,
3626 1353 3840 1433 ἀφεῖναι
3867 1352 3929 1407 τὰ

530 1460 681 1522 opus
715 1441 973 1503 habebat
1004 1441 1188 1521 pullo,
1224 1441 1325 1520 qui
1358 1444 1531 1501 toties
1572 1439 1834 1500 Judaeam
1869 1447 1926 1500 et
1954 1438 2189 1501 Galilae-

2270 1449 2427 1514 ζῶον,
2475 1443 2625 1510 Πλὴν
2681 1444 2932 1519 μάνθανε,
2996 1442 3077 1500 ὅτι
3130 1444 3189 1500 οὑ
3232 1443 3409 1519 μάτην
3439 1450 3595 1499 τοῦτο
3623 1442 3873 1508 ἐποίησεν
3901 1444 3929 1497 6

527 1551 620 1593 am
654 1535 1071 1611 peragraverat
1104 1551 1118 1589 :
1154 1531 1258 1591 sed
1295 1529 1658 1590 monstrabat
1689 1528 1845 1609 quod
1879 1546 2059 1607 super
2090 1547 2189 1608 po—

2275 1534 2483 1611 Κύριος.
2518 1530 2648 1590 Οὒδὲ
2709 1533 2809 1611 γὰρ
2866 1532 3063 1612 ἔχρῃζε
3107 1540 3198 1590 τοῦ
3240 1532 3447 1609 πώλου,
3482 1534 3510 1589 6
3537 1530 3802 1594 πολλάκις
3831 1531 3929 1600 τὴν

528 1621 726 1701 pulum
758 1620 1020 1699 gentium
1055 1638 1328 1681 sessurus
1359 1627 1536 1693 esset,
1571 1618 1673 1699 qui
1698 1627 1819 1678 tum
1843 1616 2189 1679 incredulus

2271 1621 2555 1679 Γαλιλαίαν
2610 1623 2697 1680 καὶ
2728 1623 2826 1689 τὴν
2868 1620 3124 1680 Ἰουδαίαν
3167 1621 3379 1679 ἅπασαν
3434 1621 3719 1701 ἐκπεριϊών
3778 1619 3926 1699 (74).

524 1719 649 1772 erat
672 1720 729 1771 et
760 1710 1183 1783 ineruditus,et
1211 1709 1443 1769 vinctus
1475 1708 1732 1788 peccatis
1764 1706 1887 1767 suis
1913 1709 1969 1769 in
2003 1707 2180 1776 bivio.

2268 1711 2407 1768 ἀλλὰ
2463 1711 2712 1768 δεικνύων
2759 1711 2840 1768 ὅτι
2900 1711 2985 1767 ἐπὶ
3014 1714 3107 1768 τὸν
3152 1713 3361 1769 ἓθνικὸν
3421 1710 3550 1767 λαὸν
3588 1707 3925 1790 ἐπιϐήσεται,

524 1801 637 1862 hoc
669 1807 757 1862 est
791 1800 905 1859 vita
939 1800 1073 1879 hac,
1110 1798 1262 1879 apud
1288 1800 1556 1876 januam,
1585 1815 1713 1877 quae
1745 1805 1833 1857 est
1867 1803 2031 1858 extra
2063 1798 2176 1858 Ec-

2264 1802 2321 1864 ὃς
2377 1801 2600 1869 ἀπειθὴς
2663 1801 2760 1877 μὲν
2802 1802 2869 1869 ἧν
2928 1803 3016 1858 καὶ
3058 1800 3395 1876 ἀπαίδευτος,
3432 1799 3635 1857 ἐδέδετο
3691 1799 3746 1856 δὲ
3802 1814 3927 1863 ταῖς

522 1889 795 1952 clesiam.
828 1888 1068 1950 Solutus
1099 1896 1187 1948 est
1216 1896 1414 1949 autem
1440 1886 1513 1946 ab
1545 1886 1827 1966 apostolis
1854 1904 1958 1966 per
1990 1885 2181 1966 bapti.

2265 1892 2482 1954 οἰκείαις
2539 1891 2821 1971 ἆμαρτίαις
2879 1891 2933 1947 ἐν
2986 1897 3057 1967 τῇ
3098 1889 3343 1971 ἀμφόδῳ,
3406 1889 3645 1948 τουτέστι
3700 1896 3777 1965 τῷ
3831 1890 3931 1966 βίῳ

522 1998 713 2041 smum
748 1990 806 2041 et
836 1978 1011 2039 tidem
1049 1997 1061 2039 :
1098 1987 1156 2039 et
1185 1987 1390 2039 vectus
1416 1976 1584 2039 estin
1618 1996 1688 2038 eo
1722 1977 2178 2058 Dominus,cum

2263 1980 2455 2053 τούτῳ,
2502 1981 2635 2059 πρὸς
2680 1985 2779 2046 τῆν
2835 1983 3014 2059 θύραν,
3075 1979 3238 2058 ἤγουν
3282 1978 3381 2045 ἔξω
3422 1984 3521 2046 τῆς
3574 1976 3922 2046 Ἐκκλησίας,

520 2068 770 2149 apostoli
830 2068 1186 2131 vestimenta
1235 2087 1360 2141 sua,
1398 2069 1511 2128 hoc
1548 2082 1659 2141 est,
1696 2084 1932 2127 omnem
1966 2068 2063 2147 qui
2095 2082 2184 2135 est

2265 2068 2458 2136 Ἐλύοη
2519 2068 2573 2126 δὲ
2630 2071 2774 2150 παρὰ
2824 2077 2933 2126 τῶν
2981 2073 3235 2146 μαθητῶν
3282 2068 3365 2125 διὰ
3422 2076 3513 2125 τοῦ
3559 2069 3927 2145 βαπτίσματος

521 2178 592 2220 ex
624 2158 842 2221 virtute
872 2158 1150 2219 decorem
1185 2155 1628 2237 imposuissent.
1670 2155 1837 2216 Prius
1869 2155 2027 2217 enim
2062 2176 2179 2218 nu-

2266 2161 2353 2215 καὶ
2407 2163 2505 2225 τῆς
2560 2160 2787 2224 πίστεως
2823 2177 2840 2195 ⁸
2914 2160 3002 2215 καὶ
3064 2160 3337 2239 ἐπωχήθη
3395 2160 3537 2232 αὑτῷ
3610 2161 3637 2213 6
3710 2158 3922 2237 Κύριος,

520 2248 579 2309 di
614 2256 782 2309 erant
810 2247 1060 2327 gentiles
1110 2254 1169 2307 et
1220 2247 1544 2326 deformes,
1580 2253 1877 2326 patrantes
1911 2244 2175 2313 nefaria;

2264 2248 2548 2305 ἐπιθέντων
2603 2250 2711 2306 τῶν
2773 2247 3088 2306 ἀποστόλων
3147 2250 3211 2305 τὰ
3260 2248 3446 2311 ἱμάτια
3518 2247 3711 2327 αὐτῶν,
3775 2268 3928 2303 τουτ-

528 2347 837 2417 postquam
862 2344 1057 2398 autem
1085 2335 1158 2397 ab
1189 2336 1471 2416 apostolis
1490 2335 2009 2408 adductil‘uerunt,
2043 2344 2180 2397 tunc

2266 2338 2375 2395 ἐστι
2434 2344 2609 2394 πᾶσαν
2665 2340 3077 2419 εὐσχημοσύνην
3160 2337 3259 2405 τὴν
3333 2336 3387 2402 ὶξ
3456 2336 3669 2416 ἀρετῆς.
3732 2335 3922 2414 Πρώην

521 2427 771 2490 honeste
815 2425 1157 2488 didicerunt
1202 2425 1529 2499 ambulare,
1564 2432 1621 2485 et
1647 2434 1960 2506 propterea
2003 2424 2177 2486 etiam

2268 2424 2363 2502 μὲν
2423 2425 2523 2503 γὰρ
2579 2427 2769 2503 γυμνοὶ
2825 2426 2971 2490 ὄντες
3015 2428 3063 2482 οἱ
3106 2424 3157 2491 ἐξ
3208 2426 3368 2481 ἐθνῶν
3400 2424 3710 2505 ἂσχήμονες
3759 2425 3919 2493 ἦσαν,

527 2516 589 2575 in
621 2515 767 2595 ipsis
816 2516 1005 2577 fertur
1034 2522 1294 2592 gestatus
1338 2513 1935 2585 Cbristus.Quoniam
1987 2521 2184 2575 autem

2287 2514 2592 2592 τράττοντες
2650 2515 2879 2591 ἄθεσμα.
2947 2513 3096 2572 Ἐπεὶ
3152 2513 3205 2570 δὲ
3277 2516 3379 2571 61:6
3437 2520 3545 2570 τῶν
3622 2512 3958 2571 ἀποστόλων

518 2605 777 2678 fuerunt,
813 2603 913 2684 qui
946 2604 1111 2684 prius
1144 2611 1314 2665 erant
1342 2602 1568 2664 domini
1598 2602 1764 2681 pulli,
1803 2602 1905 2682 qui
1934 2611 2172 2683 aposto-

2259 2602 2538 2683 ἤχθησαν,
2568 2606 2691 2662 τότε
2721 2603 2776 2661 δὲ
2805 2608 2927 2663 τότε
2958 2604 3313 2685 εὑσχημόνως
3355 2602 3550 2680 ἔμαθον
3581 2618 3922 2684 περιπατεῖν,

518 2693 609 2756 los
667 2692 1077 2774 prohiberent;
1114 2712 1313 2754 nonne
1358 2692 1601 2755 omnino
1647 2694 1775 2753 251
1818 2693 2119 2755 όωηιοηοε
2146 2691 2178 2753 ?

2260 2695 2349 2749 καὶ
2392 2690 2476 2749 διὰ
2507 2702 2663 2752 τοῦτο
2692 2696 2782 2752 καὶ
2806 2694 2889 2751 ἔπ’
2923 2696 3093 2750 αὑτῶν
3125 2693 3337 2774 φέρεται
3369 2696 3397 2749 6
3447 2695 3671 2768 Χριστὸς
3714 2695 3922 2771 βαστα-

523 2783 678 2847 Sane
702 2793 757 2845 et
789 2783 882 2844 his
905 2783 1156 2864 apostoli
1188 2782 1647 2863 praevaluerunt.

2261 2784 2509 2857 ζόμενος.
2543 2785 2689 2847 Τίνες
2721 2783 2777 2841 δὲ
2817 2785 2955 2852 ἦσαν
2977 2787 3023 2840 οἱ
3044 2783 3232 2862 πρώην
3261 2781 3513 2841 δεσπόται
3543 2793 3639 2842 τοῦ
3664 2783 3847 2843 πώλου
3876 2786 3922 2839 oi

532 2873 823 2936 κωλύοντες
858 2875 979 2936 τοὺς
1008 2873 1361 2947 ἀποστόλους,
1396 2873 1431 2942 ἢ
1458 2872 1671 2938 πάντως
1702 2875 1748 2930 οἱ
1778 2870 2021 2948 δαίμονες
2055 2896 2071 2946 ;
2108 2871 2273 2930 Ἀλλὰ
2301 2878 2388 2932 καὶ
2416 2875 2615 2932 τούτων
2645 2873 3073 2955 ἐπικρατέστεροι
3106 2873 3339 2951 γίνοδται
3371 2876 3418 2929 οἱ
3446 2872 3760 2935 ἀπόστολοι,

603 2962 836 3026 νκιιεπ
862 2963 1106 3025 ·1Ο.‹‹Ει
1134 2962 1511 3024 adduxerunt
1542 2963 1766 3043 pullum
1792 2962 1863 3023 ad
1887 2962 2180 3035 Jesum,et
2199 2973 2239 3023 C

2348 2988 2375 3020 α
2415 2966 2512 3023 Καὶ
2595 2963 2799 3045 ἤγαγον
2884 2965 2976 3020 τὸν
3056 2962 3239 3020 πῶλον
3322 2964 3453 3044 πρὸς
3537 2964 3628 3020 τὸν
3683 2962 3918 3029 Ἰησοῦν,

521 3052 579 3113 in
581 3054 859 3133 jecerunt
877 3050 960 3113 illi
985 3051 1336 3115 vestimenta
1355 3052 1763 3133 sua,seditque
1784 3069 1964 3132 super
1982 3052 2173 3115 illum.

2260 3054 2348 3108 καὶ
2406 3049 2664 3109 ἐπέϐαλον
2749 3053 2894 3127 αὒτῷ
2974 3052 3040 3108 τὰ
3123 3051 3310 3127 igitur
3394 3055 3589 3131 αὐτῶν,
3650 3053 3739 3109 καὶ
3796 3051 3920 3107 ἑκά-

517 3141 682 3203 Multi
714 3158 851 3204 vero
884 3139 1234 3202 vestimenta
1263 3160 1371 3202 sua
1402 3140 1755 3203 sternebant
1780 3141 1838 3201 in
1867 3140 2042 3217 viam,
2076 3141 2175 3203 alii

2283 3161 2401 3197 ιισεν
2457 3140 2542 3198 ἐπ’
2586 3142 2769 3205 αὐτόν.
2828 3140 3025 3198 Πολλοὶ
3066 3140 3120 3197 δὲ
3154 3141 3221 3199 τὰ
3248 3140 3435 3217 ἱμάτια
3484 3145 3656 3200 αὐτῶν
3713 3140 3919 3220 ἔστρωυ

514 3249 655 3291 vero
687 3229 931 3292 frondes
957 3229 1304 3291 incidebant
1349 3249 1422 3293 ex
1474 3230 1810 3305 arboribus,
1848 3238 1905 3293 et
1935 3237 2172 3293 sterne-

2260 3254 2355 3288 σαν
2415 3232 2491 3295 εἷς
2546 3231 2645 3299 τὴν
2690 3226 2809 3288 ὁδόν
2841 3250 2856 3265 ·
2890 3230 3043 3288 ἄλλοι
3088 3228 3143 3285 δὲ
3176 3228 3425 3295 στιϐαδας
3470 3228 3695 3288 ἔκοπτον
3731 3229 3792 3287 ἐκ
3813 3236 3926 3287 τῶν

515 3320 658 3382 bant
681 3321 738 3382 in
769 3320 943 3382 viam.
974 3321 1049 3383 Et
1087 3320 1189 3401 qui
1238 3320 1655 3401 praecedebant
1684 3322 1903 3401 quique
1950 3339 2170 3402 seque—

2257 3318 2506 3401 δένδρων,
2566 3320 2655 3376 καὶ
2709 3320 3033 3399 ἐστρώννυον
3077 3321 3150 3384 εἷς
3194 3320 3296 3375 τὴν
3356 3317 3497 3383 ὁδόν,
3550 3322 3650 3378 Καὶ
3693 3321 3740 3377 οἶ
3794 3341 3923 3400 προ-

515 3410 735 3472 bantur
762 3410 1099 3473 clamabant
1123 3410 1393 3473 dicentes
1427 3429 1439 3470 :
1475 3410 1776 3487 Hosanna,
1816 3411 2173 3473 benedictus

2256 3411 2479 3489 άγοντες
2555 3410 2644 3466 καὶ
2721 3410 2769 3466 οἱ
2851 3408 3259 3473 ἀκολοῦθοῦντες
3332 3407 3550 3488 ἔκραζον
3624 3407 3871 3488 λέγοντες
3901 3457 3915 3472 ,

511 3501 610 3581 qui
641 3500 799 3561 venit
828 3500 888 3561 in
919 3500 1164 3562 nomine
1192 3500 1452 3562 Domini.
1486 3500 1878 3562 Benedictum
1899 3501 2057 3581 quod
2079 3519 2175 3563 ve-

2258 3492 2490 3557 Ὠσαννὰ
2546 3499 2908 3579 εὐλογημένος
2964 3501 2991 3557 6
3026 3499 3323 3580 ἐρχόμενος
3353 3499 3407 3556 ἐν
3438 3500 3661 3575 ὀνόματι
3709 3500 3917 3578 Κυρίου.

513 3590 601 3653 nit
623 3588 965 3667 regnum,in
988 3589 1229 3651 nomine
1244 3589 1484 3652 Domini
1516 3590 1695 3671 patris
1727 3589 1913 3653 nostri
1948 3590 2167 3654 David:

2258 3588 2611 3668 Εὐλογημένη
2667 3591 2701 3658 ἡ
2760 3588 3033 3670 ἐρχομένη
3074 3588 3319 3665 βασιλεία
3365 3591 3420 3645 ἐν
3463 3591 3685 3665 ὀνόματι
3731 3589 3921 3669 Κυρίου

512 3681 795 3742 Hosanna
824 3678 885 3739 in
915 3678 1283 3740 altissimis.»
1322 3678 1634 3741 Multitudo
1666 3678 1930 3759 quandiu
1963 3679 2169 3741 incor-

2256 3684 2349 3733 τοῦ
2377 3680 2578 3756 πατρὸς
2607 3680 2764 3754 ἡμῶν
2809 3676 2968 3735 Δαϐίδ
3001 3694 3014 3709 ⁸
3072 3672 3303 3736 Ὠσαννὰ
3353 3679 3407 3735 ἐν
3435 3691 3553 3742 τοῖς
3583 3679 3845 3755 ὑψίστοις.
3885 3700 3912 3732 ι

509 3777 682 3848 rupta
709 3776 926 3844 manet,
943 3772 1210 3845 agnoscit
1238 3772 1530 3849 quantum
1562 3786 1711 3848 opus
1742 3776 1908 3829 erat:
1947 3767 2081 3830 ideo
2112 3774 2177 3832 et

2258 3767 2328 3823 T6
2386 3765 2589 3834 πλῆθος
2646 3768 2838 3847 μέχρις
2902 3768 2965 3823 ἂν
3024 3767 3341 3849 ἀδιάφθορον
3395 3767 3555 3846 μένῃ,
3594 3768 3916 3848 ἐπιγνώσκει

513 3856 730 3936 singuli
765 3874 870 3935 pro
900 3856 1125 3917 viribus
1145 3858 1269 3918 suis
1294 3858 1494 3919 Jesum
1518 3857 2179 3920 venerantur.Laudan-

2259 3858 2321 3913 τὸ
2363 3854 2503 3919 δέον,
2568 3858 2664 3914 Διὰ
2719 3860 2810 3914 καί
2862 3865 3056 3934 τιμῶσι
3113 3861 3203 3916 τὸν
3279 3858 3488 3927 Ἰησουν
3555 3858 3778 3923 ἕκαστος
3843 3860 3916 3922 ὡς

512 3956 602 4006 tes
633 3954 826 4006 autem
871 3944 1012 4025 quid
1047 3945 1332 4027 dixerint,
1366 3945 1693 4008 videamus.
1727 3948 1770 4006 A
1804 3946 1984 4008 David
2031 3966 2175 4009 sane

2260 3946 2392 4026 εἶχε
2432 3944 2726 4024 δυνάμεως.
2774 3948 2835 4007 Οἱ
2888 3946 2943 4004 δὲ
2986 3950 3271 4023 ὑμνοῦντες
3327 3949 3377 4005 τί
3434 3947 3640 4029 ἔλεγον,
3687 3946 3913 4025 ἴδωμεν,

512 4037 795 4114 hymnum
849 4033 1015 4095 illum
1077 4052 1407 4115 sumpsere.
1447 4038 1627 4095 Porro
1684 4034 1963 4097 Hosanna
2002 4037 2173 4116 juxta

2257 4032 2352 4116 Ἕκ
2394 4044 2485 4093 τοῦ
2534 4033 2693 4093 Δαϐὶδ
2735 4038 2835 4113 μὲν
2878 4040 2970 4095 τὸν
3025 4038 3188 4115 ὕμνον
3228 4048 3411 4098 τοῦτον
3473 4035 3687 4096 ἔλαϐον.
3741 4040 3813 4095 T6
3862 4036 3915 4093 δὲ

512 4125 797 4204 quosdam
821 4122 1135 4203 signiﬁcat,
1167 4123 1607 4196 salva,obsecro
1636 4145 1648 4187 :
1675 4125 1846 4204 juxta
1876 4115 2165 4206 quosdam

2258 4115 2508 4201 Ὡσαννὰ,
2556 4127 2693 4184 κατὰ
2736 4126 2832 4202 μέν
2889 4150 3036 4192 τινας
3097 4128 3370 4209 σημαίνει,
3431 4132 3605 4183 σῶσον
3657 4125 3746 4208 δὴ,
3779 4128 3915 4185 κατὰ

504 4213 1253 4309 vero,_by_mnum.R_ecti.us
1283 4221 1601 4309 tamenest
1630 4214 1787 4309 quod
1820 4216 2012 4295 primo
2044 4216 2165 4309 dic-

2270 4215 2304 4272 ἶέ
2347 4237 2492 4281 τινας
2535 4217 2811 4292 σημαίνει,
2868 4215 3057 4280 ὕμνος.
3124 4216 3297 4292 Πλὴν,
3355 4229 3603 4296 κρεῖττον
3658 4218 3722 4272 τὸ
3763 4222 3941 4296 πρῶ-ι

517 4301 940 4365 tum.Habetur
968 4302 1129 4364 enim
1170 4303 1231 4364 in
1286 4304 1613 4366 centesimo
1645 4304 1878 4366 decimo
1911 4304 2162 4387 septimo

2246 4328 2361 4369 τον,
2436 4304 2539 4387 Ἐν
2573 4306 2675 4386 γὰρ
2733 4310 2810 4380 τῷ
2873 4307 3147 4382 ἑκατοστῷ
3222 4303 3656 4387 ἑπτακαιδεκάτῳ
3711 4304 3913 4381 ψαλμῷ

508 4391 759 4473 psalmo,
787 4392 836 4456 Ο
893 4390 1166 4469 Domine,
1222 4394 1402 4468 salva,
1466 4394 1721 4455 obsecro
1757 4412 1770 4456 :
1805 4393 1863 4455 id
1913 4382 2070 4476 quod
2103 4395 2162 4456 in

2247 4408 2425 4452 κεῖται
2455 4414 2469 4430 ο
2510 4382 2787 4475 Tulli-69:5,
2840 4402 3015 4453 σῶσον
3063 4395 3128 4467 δή
3164 4410 3177 4426 ⁸
3227 4395 3357 4476 ὅπερ
3414 4395 3468 4452 ἐν
3522 4400 3599 4469 τῷ
3644 4385 3912 4475 Ἐϐραϊκῷ

506 4480 805 4543 Hebraico
849 4480 1131 4561 Hosanna
1159 4484 1444 4563 scriptum
1480 4489 1590 4545 est.
1648 4481 1916 4562 Regnum
1966 4492 2160 4546 autem

2252 4476 2482 4542 ἰὲσαννᾶ
2532 4485 2849 4564 γέγραπται.
2926 4485 3205 4543 Βασιλείαν
3262 4484 3316 4542 δὲ
3399 4483 3558 4542 Δαϐὶδ
3609 4484 3709 4551 τὴν
3760 4485 3913 4561 βασι-

504 4569 690 4633 David
713 4589 963 4650 regnum
989 4571 1204 4634 Christi
1237 4570 1664 4649 dicebant,tum
1690 4573 1846 4652 quod
1879 4592 1913 4634 a
1936 4575 2165 4637 semine

2248 4577 2393 4635 λείαν
2443 4584 2535 4634 τοῦ
2592 4580 2821 4655 Χριστοῦ
2876 4576 3084 4659 ἔλεγον,
3115 4578 3228 4655 ἅμα
3259 4578 3356 4654 μὲν
3386 4576 3519 4634 διότι
3545 4578 3636 4634 καὶ
3664 4577 3771 4635 ἀπὸ
3816 4583 3911 4635 τοῦ

504 4660 685 4723 David
703 4660 995 4723 deductus
1018 4669 1175 4722 esset
1196 4661 1617 4742 Cbristus,tum
1651 4661 1809 4742 quod
1842 4662 2019 4724 David
2063 4664 2162 4726 in-

2335 4668 2343 4686 ι
2669 4674 2690 4684 «-
2883 4666 2907 4685 κ
3443 4668 3456 4691 ι
3662 4665 3683 4685 ιι·
3832 4664 3876 4687 '\\

2247 4688 2550 4747 σπέρματος
2601 4689 2695 4724 του
2746 4664 2905 4724 Δαϐὶο
2970 4669 3238 4747 κατήγετο
3297 4670 3325 4725 6
3385 4678 3595 4747 Κυριος,
3660 4688 3772 4742 αμα
3827 4684 3905 4741 οε,

505 4750 818 4832 terpretari
835 4749 969 4830 quis
985 4758 1507 4831 potest,potentem
1528 4751 1620 4813 vel
1646 4751 1929 4813 idoneum
1956 4772 2158 4818 manu.

2246 4758 2326 4814 ὅτι
2376 4754 2539 4816 Δαϐὶδ
2609 4757 2983 4838 ἑρμηνεὺεται,
3036 4754 3253 4823 δυνατὸς
3313 4758 3479 4838 χειρὶ,
3538 4755 3659 4824 ἤτοι
3730 4757 3908 4821 ἱκανὸς

505 4840 648 4913 Quis
678 4848 875 4901 autem
905 4839 1059 4901 alius
1089 4858 1265 4901 manu
1296 4859 1490 4922 usque
1519 4841 1673 4903 adeo
1707 4840 1935 4904 validus
1964 4850 2022 4903 et
2053 4863 2159 4923 po-

2244 4848 2409 4927 χειρί,
2474 4848 2563 4911 Τίς
2621 4844 2675 4901 δὲ
2719 4844 2881 4911 ἄλλος
2935 4848 3117 4914 ἱκανὸς
3166 4851 3331 4929 χειρὶ,
3394 4850 3438 4904 εἰ
3494 4848 3573 4923 μὴ
3617 4848 3645 4903 δ
3693 4846 3903 4925 Κύριος,

505 4940 639 4993 tens
670 4938 733 4991 ut
762 4929 1254 5009 Dominus,cujus
1283 4948 1494 4992 manus
1517 4938 1676 4992 tanta
1705 4930 1996 4994 miracula
2021 4942 2155 4994 sunt

2245 4936 2305 4994 οὗ
2362 4940 2412 4993 αἱ
2469 4950 2660 5016 χεῖρες
2718 4938 2950 4993 τοσαῦτα
3004 4937 3247 5013 θαύματα
3319 4936 3675 5014 ἐνήργησαθς
3737 4934 3906 4993 Ἀλλὰ

505 5017 812 5100 operatae?
853 5020 1144 5080 Caeterum
1196 5027 1529 5082 sternamus
1560 5028 1618 5083 et
1648 5038 1756 5082 nos
1808 5021 2161 5085 vestimenta

2243 5027 2348 5105 γὰρ
2394 5025 2719 5103 στρώσωμεν
2773 5026 2860 5081 καὶ
2919 5027 3084 5097 ἡμεῖς
3166 5027 3232 5083 τὰ
3301 5026 3485 5101 ἱμάτια
3541 5026 3722 5105 ἡμῶν,
3783 5024 3902 5093 ἤτοι

504 5117 729 5182 nostra,
751 5108 864 5169 boc
894 5119 986 5169 est
1015 5107 1496 5173 carnem.Vestis
1527 5109 1687 5171 enim
1721 5110 1957 5191 animae,
1992 5129 2152 5193 caro,

2239 5117 2337 5183 τὴν
2378 5116 2548 5194 σάρκα
2603 5114 2840 5193 (ἱμάτιον
2903 5116 3004 5195 γὰρ
3062 5118 3097 5185 ἡ
3176 5113 3302 5194 σὰρξ
3363 5120 3464 5182 τῆς
3521 5119 3750 5195 ψυχῆς),
3815 5117 3902 5172 καὶ

504 5215 679 5278 quam
701 5195 1091 5275 subjiciamus
1120 5196 1465 5279 Domino,et
1485 5205 1820 5260 sternamus
1848 5197 2002 5260 viam
2027 5199 2158 5263 vita}

2238 5203 2586 5281 ὑποτάξωμεν
2628 5203 2829 5271 ταύτην
2886 5211 2963 5278 τῷ
3024 5206 3216 5283 Κυρίῳ.
3282 5204 3378 5262 Καὶ
3421 5202 3745 5282 στρώσωμεν
3798 5203 3900 5268 τὴν

506 5293 727 5347 nostra:
752 5307 765 5348 :
800 5285 1248 5365 deputantes,et
1274 5287 1608 5350 incidentes
1636 5286 1709 5350 ab
1731 5286 2047 5351 arboribus
2066 5308 2155 5351 ra-

2238 5292 2357 5350 ὁδὸν
2415 5303 2510 5353 τοῦ
2564 5293 2825 5372 ἡμετέρου
2880 5292 3019 5370 βίου,
3083 5294 3372 5357 κόπτοντες
3422 5291 3483 5349 ἐκ
3533 5298 3639 5349 τῶν
3676 5288 3898 5369 δένδρων

508 5392 661 5450 mos,
693 5375 806 5435 hoc
840 5383 949 5451 est,
989 5384 1327 5438 sanctorum
1366 5376 1505 5438 vitas
1532 5376 1856 5439 imitemur.
1888 5377 2155 5443 Arbores

2236 5382 2482 5459 κλάδους,
2544 5382 2807 5462 τουτέστι,
2867 5383 2987 5447 τοὺς
3034 5386 3140 5437 τῶν
3194 5381 3359 5460 ἆγίων
3431 5380 3575 5457 βίους
3632 5380 3894 5456 μιμούμε-

1568 5536 1651 5600 Ex
1683 5538 2000 5602 collatione
2027 5541 2203 5608 codd.
2239 5541 2451 5607 Venet.
2483 5545 2544 5608 S.
2582 5542 2789 5608 Marci.

592 5656 715 5739 (74)
750 5657 1070 5739 Ἐκπεριϊὼν
1100 5670 1257 5744 πεζῇ,
1291 5662 1424 5724 cod.
1458 5663 1555 5739 26,
1592 5661 1669 5725 30
1698 5671 1754 5724 et
1789 5662 1889 5728 31.
