4232 6416
496 325 616 390 615
1461 316 2057 388 THEOPHYLACTI
2102 327 2145 386 B

2230 326 2514 389 gGARI/E
2560 324 2917 391 ARCHIEP.
3774 330 3896 395 616

494 462 655 545 quod
690 469 861 525 etiam
898 462 1114 543 punire
1151 462 1355 543 possit.
1390 460 1584 523 Habet
1609 462 1747 522 item
1782 468 1840 521 et
1872 461 2017 550 licus
2047 469 2138 540 ty—

2230 460 2381 518 Βαίων
2446 470 2799 543 Συναγωγῆς,
2847 473 2907 524 οῦ
2962 464 3132 546 φύλλα
3190 465 3352 543 μόνον
3384 467 3574 549 εἶχον,
3620 470 3891 550 τουτέστι,

494 571 637 634 pum
672 571 978 632 synagogas
1000 551 1478 632 Judaaorum,qui
1511 551 1650 613 folia
1679 551 1804 611 sola
1824 549 2143 625 habebant,

2230 552 2390 627 νόμον
2462 556 2612 610 σκιὰν
2670 556 2856 618 αὐτοῖς
2910 555 3246 635 παρέχοντα,
3333 560 3536 637 καρπὸν
3593 556 3647 613 δὲ
3706 549 3891 618 οὐδένα

498 644 609 703 hoc
633 652 722 703 est
746 643 959 720 legem,
999 640 1269 702 umbram
1307 641 1426 701 illis
1460 640 1854 720 prmbentem,
1887 639 2144 701 fructum

2230 641 2413 720 εἶχον,
2469 641 2746 699 Ἐπείνασε
2790 641 2844 698 δὲ
2904 645 2931 699 6
2986 642 3192 711 Ἰησοῦς
3234 646 3333 712 τὴν
3390 647 3657 725 σωτηρίαν
3689 647 3886 706 αὐτῶν.

497 748 632 792 vero
658 730 883 792 nullum
907 731 1255 791 atl'erebant.
1296 729 1607 791 Esuriebat
1635 738 1834 790 autem
1861 727 2036 790 Jesus
2058 748 2146 789 sa-

2230 728 2393 802 Ἐμὸν
2424 731 2548 810 γὰρ,
2595 733 2748 811 φησὶ,
2809 733 3000 811 βρῶμά
3059 732 3228 814 ἐστιν,
3272 735 3365 790 ’ίνα
3424 741 3563 792 ποιῶ
3593 738 3654 792 τὶ
3684 735 3893 813 θέλημα

496 820 676 881 lutem
710 819 970 882 illorum.
1008 821 1174 880 Meus
1204 820 1360 881 enim
1392 819 1559 880 cibus
1593 826 1701 894 est,
1728 819 1938 898 inquit.
1969 828 2029 880 ut
2055 818 2145 879 ta-

2230 825 2322 875 τοῦ
2382 820 2586 899 Πατρός
2642 843 2767 896 μου,
2822 820 3045 897 Θέλημα
3100 820 3153 878 δὲ
3237 830 3370 880 Θεοῦ
3427 825 3489 880 τὸ
3558 825 3892 907 ἐπιστρέφειν

494 910 646 971 ciam
663 909 1027 971 voluntatem
1065 909 1251 970 Patris
1284 908 1721 971 mei.Voluntas
1737 918 1930 970 autem
1960 908 2146 971 Patris

2231 912 2350 972 τοὺς
2408 910 2830 989 ἁμαρτάνοντας.
2881 911 3032 968 Ἐπεὶ
3062 914 3233 969 τοίνυν
3268 914 3364 969 οὒκ
3422 915 3550 995 εἶχε
3603 918 3808 994 καρπὸν
3856 918 3891 985 ἡ

494 1007 606 1079 est,
633 1008 696 1060 ut
726 1008 1073 1060 convertant
1105 1017 1170 1060 se
1201 1007 1573 1079 peccatores.
1599 999 1672 1061 Et
1695 998 1832 1079 quia
1854 1017 2146 1078 synagoga

2230 999 2535 1077 συναγωγὴ,
2582 998 2856 1079 κατηράθη
2925 1002 3011 1057 καὶ
3069 999 3350 1078 ἐξηράνθη,
3414 1006 3551 1079 μήτε
3609 1006 3892 1083 προφήτην

495 1088 749 1150 fructum
784 1106 904 1149 non
936 1087 1542 1162 habebat,maledicta
1571 1096 1661 1149 est
1691 1096 1749 1149 et
1779 1088 2145 1150 exaruit.ne-

2230 1088 2369 1163 μήτε
2400 1085 2712 1146 διδάσκαλον
2741 1088 2941 1169 ἔχουσα
2953 1139 2965 1153 ,
3166 1086 3167 1089 η

494 1197 608 1259 que
628 1178 1003 1258 prophetam,
1038 1196 1233 1258 neque
1254 1177 1557 1239 doctorem
1592 1177 1842 1239 habens.
2860 1170 2868 1177 ’

574 1268 756 1329 \‘Ens.
794 1268 1011 1330 15-18.
1055 1292 1081 1321 α
1124 1265 1193 1327 Et
1238 1267 1489 1330 veniunt
1546 1266 2039 1347 Hierosolymam,
2093 1274 2151 1327 et

493 1357 797 1435 ingressus
825 1356 999 1419 Jesus
1024 1356 1084 1417 in
1119 1357 1431 1436 templum,
1464 1358 1644 1438 coepit
1675 1357 1891 1436 ejicere
1924 1375 2025 1417 eos
2048 1356 2146 1437 qui

2230 1355 2436 1422 Ἰησοῦς
2494 1358 2567 1422 εἷς
2645 1359 2706 1414 τὸ
2763 1359 2926 1437 ἱερὸν,
2990 1356 3182 1438 ἤρξατο
3242 1358 3522 1417 ἐκϐάλλειν
3593 1364 3712 1426 τοὺς
3770 1385 3891 1420 πω-

492 1446 832 1507 vendebant
862 1455 918 1507 et
948 1445 1228 1507 emebant
1262 1448 1318 1507 in
1354 1448 1574 1527 templo
1611 1468 1623 1508 :
1661 1457 1719 1509 (ιι
1749 1464 1984 1507 mensas
2015 1446 2145 1507 col-

2230 1443 2450 1508 λοῦντας
2507 1448 2595 1502 καὶ
2627 1446 2982 1524 ἀγοράζοντας
3031 1448 3087 1503 ὲν
3144 1455 3221 1523 τῷ
3264 1450 3413 1528 ἱερῷ.
3479 1452 3579 1508 Καὶ
3621 1452 3715 1514 τὰς
3758 1474 3893 1531 τρα-

494 1536 927 1615 lybistarum,et
959 1536 1134 1596 sellas
1164 1535 1545 1597 vendentium
1575 1535 1880 1597 columbas
1903 1535 2146 1597 subver-

2230 1533 2390 1605 πέζας
2433 1542 2541 1591 τῶν
2598 1534 2961 1595 κολλυϐιστῶν
3007 1540 3095 1594 καὶ
3151 1540 3245 1603 τὰς
3317 1537 3566 1618 καθέδρας
3626 1541 3731 1597 τῶν
3774 1564 3895 1598 πω-

496 1627 604 1685 tit:
643 1632 700 1685 et
747 1644 863 1685 non
897 1625 1165 1704 permisit
1216 1633 1279 1685 ut
1328 1624 1638 1705 quisquam
1671 1624 2016 1704 deportaret
2049 1644 2146 1686 vas

2230 1621 2462 1680 λούντων
2566 1620 2659 1688 τᾶς
2762 1628 3076 1705 περιστερὰς
3178 1628 3528 1709 κατέστρεψε.
3618 1633 3717 1689 Καὶ
3801 1636 3895 1690 οὒκ

497 1733 603 1794 per
634 1714 918 1794 templum
950 1736 963 1771 :
1001 1722 1058 1773 et
1079 1713 1328 1775 docebat
1360 1714 1570 1776 dicens
1597 1714 1735 1775 illis:
1763 1713 2145 1775 Nonuescri-

2230 1711 2383 1793 ἤφιεν
2450 1712 2543 1769 ἵνα
2605 1736 2685 1778 τις
2740 1712 2981 1793 διενέγκῃ
3040 1723 3226 1782 σκεῦος
3275 1714 3360 1774 διὰ
3416 1725 3506 1775 τοῦ
3557 1720 3720 1798 ἱεροῦ.
3794 1723 3892 1779 Καὶ

496 1813 654 1883 ptum
691 1814 801 1882 est,
829 1802 1050 1864 Domus
1087 1821 1217 1863 mea
1244 1802 1456 1863 domus
1510 1804 1869 1883 precationis
1900 1803 2143 1864 vocabi-

2230 1800 2485 1883 ἒδίδασκε,
2524 1802 2694 1881 λέγων
2750 1808 2933 1867 αὐτοῖς
2971 1823 2985 1838 ⁸
3048 1811 3121 1864 Οὐ
3164 1810 3460 1885 γέγραπται
3494 1807 3599 1878 ὅτι,
3636 1800 3693 1866 Ὀ
3739 1808 3891 1881 οἶκός

494 1901 589 1952 tur
616 1891 896 1954 omnibus
925 1890 1351 1969 gentibus?Vos
1374 1908 1571 1953 au'em
1605 1892 1828 1953 fecistis
1850 1911 1978 1954 eam
2001 1911 2144 1973 spe-

2230 1914 2331 1980 μου
2393 1891 2548 1957 οἶκος
2606 1895 2915 1972 προσευχῆς
2961 1893 3289 1964 κληθήσεται
3332 1900 3461 1951 πᾶσι
3506 1909 3622 1959 τοῖς
3653 1895 3889 1980 ’έθνεσινς

491 1981 725 2042 luncam
761 1981 1079 2044 latronum.
1114 1983 1186 2041 Et
1216 1981 1536 2042 audierunt
1559 1980 1785 2043 Scribae
1817 1981 2146 2061 principes-

2231 1973 2417 2055 Ὑμεῖς
2467 1978 2521 2035 δὲ
2572 1983 2861 2051 ὶποιήσατε
2913 1982 3071 2039 αὐτὸν
3144 1982 3406 2053 σπήλαιον
3483 1982 3718 2062 λῃστῶν,
3796 1973 3895 2044 Kal

488 2090 604 2151 que
636 2069 1036 2150 sacerdotum,
1063 2081 1121 2132 et
1154 2069 1498 2150 quaarebant
1529 2070 1827 2150 quomodo
1860 2070 2028 2131 illum
2056 2088 2146 2132 es-

2230 2069 2460 2136 ἤκουσαν
2530 2072 2577 2125 οἱ
2650 2076 2995 2147 Γραμματεϊς
3053 2074 3141 2129 καὶ
3195 2075 3242 2128 οἱ
3304 2073 3601 2153 ἀρχιερεῖς,
3650 2075 3737 2131 καὶ
3772 2074 3895 2146 ἐζή-

488 2168 622 2221 sent
680 2158 994 2239 perdituri.
1047 2158 1362 2220 Timebant
1413 2159 1571 2220 enim
1631 2178 1791 2233 eum,
1827 2160 1983 2239 quod
2031 2167 2146 2221 tota

2232 2181 2352 2215 τουν
2408 2165 2522 2223 πῶς
2611 2161 2767 2216 αὐτὸν
2829 2160 3184 2220 ἀπολέσωσιν.
3264 2159 3587 2241 Ἐφοϐοῦντο
3630 2164 3731 2243 γὰρ
3790 2168 3892 2222 αὒ-

491 2249 664 2309 turba
692 2247 1099 2309 admirabatur
1132 2249 1464 2309 doctrinam
1495 2248 1714 2310 illius.»
1751 2248 1918 2319 Quod
1945 2250 2145 2328 ejece-

2231 2250 2347 2327 16v,
2408 2247 2489 2304 ὅτι
2534 2255 2638 2312 πᾶς
2695 2252 2724 2305 6
2782 2248 2950 2330 ὄχλος
3010 2250 3366 2321 ἐξεπλήσσετο
3436 2252 3521 2310 ἐπὶ
3572 2258 3639 2329 τῇ
3692 2251 3891 2334 διδαχῇ

488 2340 565 2400 rit
595 2338 943 2414 vendentes,
978 2337 1153 2399 etiam
1178 2340 1441 2399 Joannes
1470 2348 1671 2399 narrat
1711 2361 1722 2397 :
1753 2339 1857 2399 sed
1889 2337 2146 2400 Joannes

2235 2339 2411 2395 αὐτοῦ.
2453 2361 2481 2392 ε
2547 2341 2619 2396 T6
2677 2336 3021 2397 ἐκϐάλλεσθαι
3065 2342 3209 2420 παρὰ
3242 2344 3334 2398 τοῦ
3363 2344 3539 2409 Ιήσοῦ
3594 2343 3714 2408 τοὺς
3770 2365 3888 2398 πω-

2318 1290 2346 1321 α
2408 1268 2504 1325 Καὶ
2563 1266 2811 1349 ἔρχονται
2871 1270 2944 1331 είς
3005 1259 3369 1348 Ἰεροσόλυμα,
3419 1272 3517 1329 Καὶ
3559 1270 3805 1330 εἰσελθὼν
3864 1277 3892 1331 6

490 2431 550 2491 in
577 2428 868 2508 principio
900 2426 1224 2507 Evangelii,
1261 2426 1355 2487 hic
1387 2436 1582 2488 autem
1617 2427 1725 2489 sub
1758 2426 2147 2489 tinem.Veri-

494 2518 691 2579 simile
722 2517 1026 2595 igiturhoc
1045 2515 1308 2577 secundo
1328 2518 1694 2596 famum,quo
1719 2519 1893 2578 etiam
1919 2516 2148 2579 .ludaao-

492 2626 624 2668 rum
659 2607 955 2668 accusatio
990 2606 1179 2683 major
1210 2610 1372 2667 esset
1403 2626 1416 2665 :
1443 2606 1927 2686 quandoquidem
1953 2625 2147 2689 neque

494 2715 628 2758 cum
662 2714 819 2776 saepe
851 2695 1009 2755 idem
1059 2695 1267 2755 fecerit
1316 2695 1632 2774 Dominus,
1668 2703 1806 2755 sunt
1850 2696 2142 2758 conversi.

494 2786 850 2866 Speluncam
882 2791 1076 2845 autem
1097 2783 1389 2845 latronum
1423 2783 1687 2845 nominat
1708 2785 1991 2865 templum
2016 2803 2150 2865 pro-

495 2885 623 2955 pter
674 2874 1002 2936 avaritiam.
1048 2873 1366 2934 Latronum
1402 2873 1561 2935 enim
1596 2892 1786 2952 genus
1811 2873 1884 2934 ad
1919 2874 2147 2935 lucrum

2234 2427 2453 2492 λοῦντας
2507 2429 2596 2484 καὶ
2652 2431 2680 2485 6
2761 2429 3015 2497 Ἰωάννης
3108 2429 3399 2511 διηγεῖται.
3472 2431 3626 2488 Ἀλλ’
3684 2432 3891 2495 ἐκεῖνος

2234 2518 2331 2592 μὲν
2383 2516 2437 2572 ἐν
2466 2523 2534 2593 τῇ
2562 2518 2711 2597 ἀρχῇ
2762 2526 2857 2575 τοῦ
2904 2519 3247 2600 Εὒαγγελίου,
3307 2523 3458 2584 οὗτος
3520 2519 3574 2576 δὲ
3630 2523 3761 2601 πρὸς
3814 2528 3892 2596 τῷ

2230 2604 2394 2668 τέλει,
2459 2608 2611 2669 Εἰκὸς
2687 2615 2773 2664 οῦν
2850 2606 3089 2687 δεύτερον
3161 2610 3401 2687 γενέσθαι
3472 2616 3648 2684 τοῦτο,
3723 2610 3753 2665 ’6
3802 2612 3890 2667 καὶ

2231 2696 2422 2771 μείζων
2479 2699 2776 2775 κατηγορία
2831 2705 2937 2753 τῶν
2996 2697 3281 2774 Ἰουδαίων,
3355 2696 3471 2778 εἷ’γε
3517 2697 3774 2763 πολλάκις
3830 2700 3893 2755 16

2232 2787 2359 2843 αὐτὸ
2441 2788 2765 2857 ποιήσαντος
2855 2788 2949 2844 τοῦ
3012 2790 3220 2869 Κυρίου,
3296 2790 3391 2845 οῦκ
3460 2788 3888 2869 ἐπεστράφησαν.

2232 2874 2507 2945 Σπήλαιον
2570 2875 2623 2931 δὲ
2680 2875 2892 2953 λῃστῶν
2950 2878 3197 2952 ὀνομάζει
3252 2879 3343 2935 τὸν
3395 2900 3543 2955 ναρν,
3593 2876 3676 2934 διὰ
3705 2880 3767 2935 16
3795 2902 3890 2959 φι-

493 2973 739 3045 ερθί-ῑειι.
770 2963 841 3024 Ει
871 2963 1149 3043 quoniam
1202 2962 1379 3023 etiam
1432 2962 1518 3029 illi
1568 2971 1813 3044 propter
1857 2963 2146 3025 sacriﬁcia

2232 2962 2500 3042 λοκερδὲς.
2565 2967 2636 3022 Τὸ
2694 2964 2983 3044 λῃστρικὸν
3052 2967 3152 3045 γὰρ
3194 2966 3347 3045 γένος
3402 2969 3526 3044 περὶ
3578 2969 3639 3023 16
3670 2965 3883 3046 κερδαί-

492 3053 770 3115 animalia
802 3072 933 3133 quae
964 3053 1345 3131 oti‘errentur,
1384 3053 1532 3113 lucri
1569 3053 1756 3129 gratia
1785 3051 2144 3130 vendebant,

2234 3073 2341 3108 νειν
2402 3052 2684 3121 ἐπτόηται.
2760 3053 2910 3111 Ἐπεὶ
2968 3054 3058 3111 οὖν
3115 3056 3202 3111 καὶ
3247 3055 3394 3111 αὐτοὶ
3454 3056 3521 3112 ἰὰ
3577 3053 3660 3111 διὰ
3708 3056 3887 3111 θυσίαν

491 3144 751 3205 latrones
772 3145 933 3223 ipsos
963 3141 1653 3222 nominavit.Col|ybista=.
1672 3150 1873 3203 autem
1906 3142 2146 3204 fuerunt

488 3233 588 3314 qui
621 3250 900 3295 nummos
932 3231 1369 3313 permutabant.
1396 3230 1632 3312 Collyba
1665 3232 1823 3292 enim
1847 3250 2033 3310 genus
2058 3241 2148 3293 est

492 3322 869 3384 numismatis
921 3321 1153 3383 minimi
1201 3321 1362 3383 aerei.
1404 3321 1757 3383 Accusando
1790 3330 1989 3382 autem
2024 3320 2145 3382 illis

491 3411 669 3475 etiam
703 3409 915 3473 Isaiam
950 3411 1299 3492 prophetam
1342 3411 1514 3472 affert
1543 3410 1844 3474 dicentem
1877 3428 1889 3472 :
1921 3412 2144 3472 Domus

493 3520 624 3562 mea
655 3501 869 3563 domus
895 3501 1254 3581 precationis
1288 3500 1613 3562 vocabitur.
1647 3500 2031 3564 Absitautem
2067 3518 2143 3562 ne

2230 3144 2633 3221 προσφερόμενα
2712 3149 2823 3214 ζῶα
2875 3141 3115 3200 ἐπώλουν
3167 3145 3326 3223 χάριν
3399 3142 3633 3222 κέρδους,
3682 3141 3887 3219 λῃστὰς

2230 3232 2416 3295 αὐτοὺς
2460 3233 2730 3308 ὠνόμασε.
2779 3231 3132 3290 Κολλυϐισταὶ
3192 3232 3247 3289 δὲ
3306 3233 3442 3301 ἦσαν
3502 3236 3549 3289 οἱ
3608 3233 3673 3289 τὰ
3732 3233 3887 3308 νομί-

2230 3343 2407 3395 σματα
2464 3320 2845 3387 ἀλλάσσοντες.
2882 3320 3150 3387 Κόλλυϐος
3204 3323 3304 3403 γὰρ
3362 3322 3508 3388 εἶδος
3556 3321 3753 3379 λεπτοῦ
3795 3344 3889 3377 νο-

2229 3411 2495 3486 μίσματος
2553 3410 2786 3492 χαλκοῦ.
2845 3410 3069 3491 Ἐφιστᾷ
3125 3411 3180 3468 δὲ
3226 3416 3409 3477 αὒτοτς
3458 3412 3757 3491 κατήγορον
3801 3413 3891 3471 καὶ

2224 3500 2316 3556 τὸν
2360 3502 2641 3582 προφήτην
2676 3493 2929 3582 Ἠσαλῐαν,
2964 3500 3193 3579 λέγοντα
3224 3517 3239 3531 ⁸
3277 3492 3334 3559 ιΟ
3379 3501 3533 3567 οἶκός
3578 3523 3701 3577 μου,
3736 3502 3891 3565 οἶκος

394 3804 400 3810 -
491 3778 760 3831 ementes
791 3767 1272 3831 deteriora.Sunt
1294 3767 1629 3849 autem‘qui
1662 3777 1717 3830 et
1751 3769 1958 3848 plenas
1983 3788 2148 3830 men-

486 3599 547 3652 et
578 3608 687 3651 nos
717 3601 884 3653 extra
928 3589 1211 3670 templum
1246 3589 1559 3669 ejiciamur
1589 3589 1758 3652 Multi
1803 3590 1961 3651 enim
1996 3598 2053 3651 et
2082 3590 2144 3650 in

2230 3596 2538 3671 προσευχης
2588 3590 2938 3661 κληθήσεται,
2987 3589 3155 3647 Ἀλλὰ
3212 3590 3291 3666 μὴ
3348 3590 3557 3671 γένοιτο
3615 3594 3703 3647 καὶ
3746 3592 3890 3667 ἡμᾶς

490 3689 759 3742 nostrum
786 3678 1072 3759 templum
1098 3678 1470 3756 ingredimur
1490 3679 1815 3740 vendentes
1845 3680 2041 3761 utilia,
2089 3688 2146 3740 et

2230 3677 2331 3744 ἔξω
2372 3688 2466 3737 τοῦ
2535 3682 2675 3757 ἱεροῦ
2733 3679 3079 3748 ἐκϐληθῆναι.
3152 3678 3348 3737 Πολλοὶ
3402 3682 3503 3759 γὰρ
3559 3681 3647 3737 καὶ
3704 3679 3757 3737 ἐν
3815 3685 3894 3755 τῷ

2232 3771 2357 3846 ἱερῷ
2406 3771 2484 3845 τῷ
2519 3769 2767 3847 ἡμετέρῳ
2825 3769 3199 3851 εἰσερχόμεθα,
3246 3768 3551 3834 πωλοῦντες
3616 3772 3682 3827 τὰ
3739 3792 3893 3851 χρη-

488 3878 585 3920 sas
612 3876 991 3919 nummorum
1018 3856 1369 3937 habent.qui
1387 3857 1803 3919 administrant
1833 3866 1892 3919 et
1910 3860 2145 3940 dispen-

2230 3860 2327 3915 στὰ
2370 3861 2457 3915 καὶ
2508 3860 2855 3937 ἀγοράζοντες
2906 3859 2972 3915 τὰ
3025 3858 3216 3937 χείρω.
3264 3860 3375 3915 Εἰσὶ
3432 3856 3486 3914 δὲ
3529 3859 3618 3914 καὶ
3650 3861 3703 3914 οἳ
3758 3881 3892 3939 τρα-

488 3958 620 4010 sant
651 3946 1077 4021 ecclesiastica,
1115 3946 1393 4009 etomnia
1432 3955 1679 4027 propter
1708 3947 2017 4010 avaritiam
2048 3948 2141 4009 fa-

2230 3947 2386 4019 πὲζας
2441 3946 2714 4005 κολλύϐων
2775 3947 2997 4027 πλήρεις
3074 3947 3315 4027 ἔχουσιν,
3375 3949 3422 4005 οἱ
3479 3949 3880 4024 οἰκονομοῦντες

489 4038 676 4102 ciunt.
711 4036 869 4109 Quin
921 4040 983 4099 et
1027 4036 1190 4099 sellae
1236 4035 1621 4099 vendentium
1655 4036 1965 4099 columbas
2004 4036 2145 4098 sub-

2230 4037 2325 4114 μέν
2377 4039 2465 4094 καὶ
2521 4036 2839 4102 διοικοῦντες
2904 4038 2971 4094 τὰ
3018 4036 3459 4112 ἒκκλησιαστικᾶ,
3512 4036 3598 4093 διὰ
3628 4036 3683 4094 δὲ
3718 4042 3890 4120 φιλο-

490 4134 765 4207 vertunt,
830 4126 942 4187 hoc
1000 4136 1090 4187 est
1161 4125 1495 4206 pontiﬁces
1544 4125 1872 4187 vendentes
1958 4127 2145 4207 spiri-

2231 4129 2541 4207 χρηματίαν
2583 4128 2756 4188 πάντα
2814 4133 3113 4191 ποιοῦντες.
3171 4124 3338 4186 Ἀλλὰ
3392 4129 3480 4185 καὶ
3537 4130 3590 4184 αἱ
3646 4127 3889 4208 καθέδραι

484 4217 666 4277 tualia
718 4216 896 4278 dona.
945 4215 1232 4279 Columba
1281 4216 1423 4275 235
1477 4214 1637 4276 enim
1682 4214 2017 4296 symbolum
2060 4224 2146 4277 est

2230 4222 2337 4275 τῶν
2419 4216 2743 4274 πωλούντων
2824 4218 2919 4283 τὰς
3004 4219 3315 4298 περιστερὰς
3409 4217 3883 4299 καταστρέφονται,

488 4305 745 4386 Spiritus
796 4322 809 4367 :
871 4323 1045 4385 quem
1106 4303 1209 4384 qui
1260 4303 1574 4385 vendunt,
1660 4323 1770 4385 per
1820 4304 2143 4368 Dominum

2230 4307 2393 4387 ἤγουν
2464 4308 2587 4372 τοὺς
2648 4308 2926 4388 ἀρχιερεῖς
2982 4310 3107 4375 τοὶς
3166 4306 3478 4373 πωλοῦντας
3533 4311 3600 4369 τὰ
3642 4328 3887 4384 πνευμα-

485 4414 518 4456 a
569 4394 900 4456 sacerdotio
958 4394 1356 4493 repelluntur.
1407 4391 1554 4493 l‘lam
1605 4394 1707 4474 qui
1762 4406 2003 4493 propter
2034 4393 2143 4493 da-

2230 4397 2351 4453 τικα
2406 4398 2715 4476 χαρίσματα
2773 4399 2883 4475 (τοῦ
2960 4398 3060 4476 γὰρ
3144 4398 3451 4474 Πνεύματος
3530 4393 3797 4493 σύμϐολρν
3853 4394 3889 4461 ἡ

489 4495 609 4546 tum
660 4504 866 4545 aurum
926 4484 1180 4557 ordinat,
1216 4482 1523 4565 depositus
1573 4491 1682 4545 est.
1738 4482 1854 4545 Sed
1889 4492 1945 4544 et
1976 4485 2141 4565 quis-

2230 4487 2538 4565 περιστερὰ)
2582 4485 2767 4551 ἐξωθεῖ
2844 4488 2872 4543 6
2944 4488 3135 4565 Κύριος
3190 4488 3251 4543 ὲκ
3318 4493 3418 4553 τῆς
3450 4482 3877 4565 ἀρχιερωσύνης,

486 4575 622 4656 quis
656 4575 901 4651 gratiam
938 4592 1069 4654 qua:
1101 4592 1171 4634 ex
1218 4572 1574 4653 baptismate
1616 4578 1728 4645 est,
1782 4580 1840 4632 «ι
1898 4572 2142 4633 mundi-

2233 4566 2290 4633 Ὀ
2335 4576 2435 4655 γὰρ
2492 4572 2576 4631 διὰ
2634 4576 2852 4655 χρυσίου
2901 4574 3096 4640 δόσεως
3154 4579 3501 4656 χειροτονῶν,
3570 4571 3888 4651 καθῃρημέ-

487 4667 629 4727 tiam
665 4663 858 4745 prodit
884 4663 1144 4734 diabolo,
1180 4663 1277 4723 hic
1306 4662 1514 4727 vendit
1535 4659 1871 4723 columbam
1920 4680 2086 4725 suam
2125 4678 2139 4724 :

2230 4686 2343 4731 νος,
2390 4662 2559 4721 Ἀλλὰ
2614 4666 2703 4720 καὶ
2760 4664 2906 4728 ὅστις
2957 4666 3055 4733 τὴν
3116 4664 3177 4722 ἐκ
3205 4674 3298 4723 τοῦ
3328 4661 3697 4739 βαπτίσματος
3728 4662 3888 4741 χάριν

489 4763 812 4836 propterea
841 4772 911 4814 ex
943 4752 1165 4833 templo
1197 4751 1455 4831 ejicitur.
1668 4757 1672 4761 ’

2230 4753 2327 4810 καί
2383 4755 2719 4834 καθαρότητα
2761 4753 3021 4833 προδώσει
3075 4755 3152 4829 τῷ
3236 4749 3489 4831 διαϐόλῳ,
3536 4749 3685 4815 οὗτος
3738 4750 3889 4807 ἐπώ-

2223 4843 2357 4909 λησε
2415 4844 2513 4910 τὴν
2572 4844 2882 4923 περιστερὰν
2917 4843 3099 4919 αὐτοῦ,
3146 4840 3230 4898 διὰ
3286 4847 3442 4898 τοῦτο
3486 4841 3575 4896 καὶ
3622 4838 3888 4897 ἐκϐάλλε-

2221 4954 2308 4989 ται
2340 4933 2400 4988 ἐκ
2428 4941 2522 4991 τοῦ
2549 4933 2711 5011 ἱερου.

568 5023 727 5090 Vens
784 5026 994 5089 19-23.
1029 5027 1140 5089 «Et
1168 5043 1300 5088 cum
1320 5024 1445 5104 jam
1464 5040 1712 5103 vespera
1735 5028 2135 5101 esset,egres-

2307 5041 2338 5083 ε
2385 5023 2484 5080 Καὶ
2513 5022 2601 5078 ὅτε
2643 5021 2745 5096 ὀψὲ
2799 5019 3035 5099 ἐγένετο,
3098 5020 3438 5100 ἐξεπορεύετο
3496 5017 3599 5085 ἔξω
3639 5020 3737 5089 τῆς
3779 5020 3890 5077 πό-

483 5134 584 5177 sus
604 5114 878 5177 estJesus
902 5133 933 5175 e
960 5113 1295 5178 civitate.Et
1315 5132 1488 5177 mane
1517 5120 1946 5194 praetereuntes
1965 5112 2134 5174 vide-

2230 5113 2379 5176 λεως,
2431 5112 2529 5169 Καὶ
2596 5113 2743 5188 πρωλί
2800 5110 3316 5187 παραπορευόμενοι,
3375 5107 3523 5166 εἶδον
3580 5110 3679 5177 τὴν
3724 5113 3891 5176 συκῆν

483 5211 623 5266 runt
652 5205 825 5267 ticum
856 5205 1157 5266 exaruisse
1186 5203 1476 5266 radicitus
1512 5224 1525 5262 τ
1562 5210 1619 5264 et
1650 5204 1997 5264 recordatus
2016 5204 2137 5265 Pe-

2230 5199 2602 5283 ἑξηρημμένην
2674 5202 2737 5255 ἐκ
2798 5200 2973 5277 ῥιζῶν.
3019 5202 3120 5257 Καὶ
3162 5200 3517 5277 ἄναμνησθεὶς
3575 5201 3603 5255 6
3664 5198 3888 5277 Πέτρος,

1559 5322 1643 5384 Ex
1675 5322 2001 5385 collatione
2032 5324 2212 5392 codd.
2244 5323 2459 5387 Venet.
2494 5321 2558 5385 S.
2590 5320 2794 5384 Marci.

488 5444 648 5527 circo
679 5443 1099 5527 meledictione
1143 5445 1435 5527 perculsa
1456 5443 1686 5525 fuisset,
1716 5444 1855 5527 quia
1883 5444 2137 5508 fructum
2228 5445 2491 5527 caverit;
2527 5445 2631 5508 sed
2663 5443 3173 5527 quemadmodum
3205 5442 3452 5527 dictum,
3493 5448 3581 5503 est
3605 5446 3670 5527 ut
3694 5456 3886 5527 apos-

488 5524 1025 5608 nullumbabebat.
1051 5519 1179 5596 Qua
1202 5525 1384 5603 igitur
1402 5525 1477 5587 de
1500 5519 1683 5586 causa
1712 5519 2032 5608 maledicta
2055 5538 2143 5589 est
2229 5527 2331 5589 toli
2364 5519 2858 5608 discerent-quod
2908 5524 3087 5588 etiam
3149 5524 3363 5607 punire
3424 5525 3647 5603 posset.
3682 5519 3890 5584 Habet

488 5603 669 5669 arbor
698 5604 838 5667 illa?
870 5605 1132 5680 Scilicet,
1168 5626 1286 5667 non
1311 5614 1627 5689 propterea
1652 5607 1812 5688 quod
1846 5607 1971 5689 ipsa
1995 5626 2139 5690 pec-
2228 5612 2379 5671 item
2414 5616 2473 5669 et
2495 5610 2643 5688 ﬁcus
2674 5603 2908 5691 ty'pum,
2943 5614 3060 5669 etc.
3095 5631 3121 5663 π
