4232 6404
357 300 465 363 6‘21
1103 296 1549 366 ENAItRATIO
1599 298 1677 361 IN
1730 290 2238 360 EVANGELIUM
2287 286 2550 355 MARCI.
2588 324 2666 337 —
2709 289 2875 354 CAP.
2902 290 3038 353 XII.
3646 288 3767 356 622

356 409 611 503 Ἰωάννης
688 418 1052 511 έμαρτύρησε,
1137 428 1397 496 δέξασθαι.
1485 416 1632 485 Ἐπεὶ
1689 428 1742 485 δὲ
1798 432 2063 511 ἠπόρηολ

2152 440 2304 503 eque
2337 441 2444 502 ego
2478 422 2612 485 dico
2662 421 2850 503 vobis,
2900 421 3287 511 inquit;gnon
3318 420 3507 511 dixit,
3561 420 3768 505 Neque

364 545 462 580 σαν
510 523 708 581 έκεῖνοι
758 509 1271 595 ὶῧελοκακῆσαντες,
1318 517 1449 578 Οὒδὲ
1502 517 1630 597 ἐγὼ,
1689 525 1840 601 φησὶ,
1886 509 2028 603 λέγω

2151 532 2220 591 go
2249 512 2404 587 dico,
2442 513 2555 573 hoc
2589 520 2696 593 est,
2732 510 2883 584 Quia
2916 509 3189 573 malevoli
3221 510 3386 588 estis,
3421 530 3539 574 non
3563 511 3770 593 digna--

362 615 518 690 ὑμῖν.
562 614 671 672 Οὒκ
719 612 899 687 εἶπεν,
963 611 1045 668 ὅτι
1104 608 1218 668 οὔδε
1278 609 1386 688 ἑγὼ
1440 607 1566 667 οἶδα
1607 611 1657 667 τί
1700 600 1843 671 εἴπω
1872 600 2023 692 ὑμῖν,

2154 620 2217 662 or
2248 621 2348 662 vos
2377 619 2686 682 reSponso.

369 702 518 785 ἀλλ’,
549 701 678 762 Οὐδὲ
722 703 831 782 ἐγὼ
876 702 1045 782 λέγω,
1076 700 1369 779 τουτέστιν,
1402 696 1623 768 Ἐπειδὴ
1653 719 2024 784 κακουργεῖτε,

370 793 467 850 οὒκ
497 792 705 859 ἀξιώσω
730 795 867 871 ὑμᾶς
900 791 1214 871 ἀπολογίας,

1005 891 1256 946 ΚΕΦΑΛ.
1295 873 1401 949 ω’,

371 983 496 1061 Περὶ
544 988 638 1038 τοῦ
728 979 1069 1061 ἀμπελῶνος,

452 1059 460 1061 ⁷
480 1065 494 1081 \
656 1062 669 1084 Ι
840 1059 863 1080 ἢ
893 1063 907 1080 \
1166 1065 1191 1071 ·”
1517 1060 1531 1078 \
1656 1059 1683 1078 εὖ
1880 1060 1932 1081 ους

445 1084 535 1119 τον
599 1072 783 1143 Κυριον
834 1080 921 1118 οια
976 1062 1068 1117 τὸν
1127 1065 1533 1143 κηνσονηΠερι
1615 1083 1723 1118 των
1794 1070 2032 1119 Σαοοου-

445 1145 634 1202 καίων.
676 1138 685 1143 ’
723 1146 846 1221 Περὶ
929 1151 1023 1201 τοῦ
1104 1138 1485 1220 γραμματέως.
1575 1144 1699 1221 Περὶ
1781 1149 1881 1211 τῆς
1935 1150 2030 1200 τοῦ

456 1228 644 1301 Κυρίου
700 1222 1155 1304 ἒπερωτήσεως.ῌ
1193 1221 1317 1304 Περὶ
1385 1226 1477 1278 τοῦ
1546 1222 1834 1304 προσέχειν
1924 1225 2029 1280 ἀπὸ

452 1312 559 1362 τῶν
585 1301 908 1384 ὑποκριτῶν.
941 1304 1065 1373 Περὶ
1094 1301 1189 1370 τῆς
1217 1302 1422 1381 χήρας.

467 1422 492 1456 ε
530 1398 628 1459 Καὶ
684 1395 876 1476 ἤρξατο
926 1396 1111 1461 αὺτοῖς
1157 1394 1212 1451 ἐν
1266 1391 1598 1474 παραϐολαῖς
1644 1394 1854 1455 λαλεῖν·
1890 1395 2032 1473 Ἀμ-

2719 873 2965 938 CAPUT
3016 875 3147 940 XII.

1171 981 1295 1055 Περὶ
1385 980 1523 1061 τῶν,
1574 979 2029 1061 ἐπερωτησάντων

2151 967 2421 1029 ’arabolu
2442 968 2515 1029 de
2537 970 2741 1031 vinea.
2781 970 2871 1061 De
2892 968 3414 1061 ﬁtterrogantibnus
3435 969 3767 1061 ροηιίηιιῃι

2189 1057 2435 1127 propter
2467 1067 2732 1111 censum.
2772 1049 2858 1110 De
2888 1049 3266 1114 Sadduc'wz‘a.
3305 1051 3391 1113 De
3422 1050 3662 1115 Scriba.
3690 1052 3773 1113 De

2198 1130 2672 1207 interrogatione
2705 1132 2973 1193 Domini.
3015 1131 3188 1205 Quod
3219 1133 3553 1195 cavendum
3580 1135 3660 1197 sit
3694 1132 3772 1196 ab

2196 1209 2543 1289 hypocritz‘s.
2582 1211 2663 1270 De
2692 1212 2951 1274 muliere
2979 1213 3191 1275 vidua.

2199 1390 2382 1452 Vens.
2422 1392 2556 1453 1-9.
2603 1416 2623 1444 α
2665 1392 2733 1453 Et
2763 1393 2941 1475 caapit
2965 1393 3085 1457 illis
3120 1411 3227 1475 per
3245 1391 3554 1476 parabolas
3584 1395 3769 1478 loqui:

382 1488 599 1547 πελῶνα
640 1486 917 1567 ἐφύτευσεν
976 1484 1271 1565 ἄνθρωπος,
1309 1484 1424 1539 ’καὶ
1468 1484 1747 1563 περιέθηκε
1796 1490 2039 1567 φραγμὸν

2151 1481 2371 1541 Vineam
2410 1481 2691 1561 plantavit
2721 1483 2923 1564 homo,
2961 1494 3018 1545 et
3038 1485 3519 1547 circumdederat
3539 1504 3770 1567 sepem,

381 1581 471 1636 καὶ
526 1576 717 1657 ὤρυξεν
764 1575 1079 1649 ὑπολήνιον,
1149 1576 1236 1631 καὶ
1295 1572 1607 1650 ᾠκοδομήσε
1661 1577 1881 1655 πύργον.
1943 1579 2039 1635 Καὶ

2151 1578 2181 1633 ει
2203 1572 2429 1633 foderat
2459 1572 2672 1649 lacum,
2717 1582 2777 1634 et
2807 1574 3197 1637 aadiﬁcaverat
3225 1576 3459 1652 turrim,
3485 1584 3545 1638 et
3574 1576 3778 1639 eloca-

380 1666 587 1735 ἐξέδοτο
651 1668 808 1725 αὐτὸν
879 1678 1170 1745 γεωργοῖς,
1250 1664 1339 1720 καὶ
1389 1663 1731 1740 ἀπεδήμησε,
1790 1668 1878 1722 καὶ
1938 1667 2041 1722 ἀπ-

2151 1670 2285 1722 erat
2318 1680 2447 1722 eam
2503 1662 2802 1741 agricolis,
2860 1664 3004 1725 255
3061 1672 3120 1726 et
3177 1681 3432 1745 peregre
3480 1666 3782 1746 profectus

380 1758 585 1816 έστειλε
644 1758 775 1836 πρὸς
830 1737 952 1821 τους
994 1737 1280 1833 ’γεωργοὺς
1340 1760 1417 1828 τῷ
1470 1737 1640 1830 καιρῷ
1694 1737 1901 1829 δοῦλον,
1947 1755 2041 1812 ’ίνα

2151 1762 2216 1813 εει
2251 1774 2264 1808 :
2300 1759 2357 1812 et
2382 1737 2635 1813 misit'ad
2659 1737 2969 1831 agricolas,
2996 1773 3127 1816 cum
3154 1737 3571 1836 témpéstivum
3597 1765 3778 1838 esset,

380 1849 526 1928 παρὰ
580 1853 686 1903 τῶν
727 1851 979 1925 γεωργῶν
1036 1840 1175 1920 λάϐῃ
1246 1843 1351 1899 ἀπὸ
1410 1849 1502 1898 τοῦ
1545 1851 1749 1923 καρποῦ
1791 1855 1883 1904 τοῦ
1930 1844 2042 1921 ἀμ-

2151 1861 2386 1923 ιρννιιιῐι,
2422 1850 2483 1902 ut
2512 1842 2583 1903 ab
2606 1844 2881 1923 agricolis
2905 1844 3203 1925 acciperet
3234 1844 3309 1906 de
3339 1844 3533 1908 fructu
3568 1846 3777 1908 vinea.

383 1938 648 2001 πελῶνος.
710 1939 767 1992 Οἱ
832 1933 912 2015 δὲ,
981 1931 1235 1997 λαϐόντες
1290 1934 1469 2008 αὐτὸν,
1530 1931 1730 2013 ἔδειραν
1788 1936 1876 1991 καὶ
1933 1934 2042 1991 ἀπ-

383 2026 625 2085 έστειλαν
695 2026 867 2086 κενόν.
929 2026 1029 2082 Καὶ
1110 2021 1271 2079 πάλιν
1330 2021 1608 2079 ἀπέστειλε
1668 2026 1798 2103 πρὸς
1860 2024 2046 2088 αὖτοὺς

384 2116 550 2176 ἄλλον
579 2114 783 2195 δοῦλον,
838 2115 1091 2171 κάκεῖνον
1144 2109 1589 2182 λιθοϐολῆσαντες
1620 2112 2042 2194 έκεφαλαίωσαν,

388 2209 478 2264 καὶ
534 2204 849 2263 ἀπέστειλαν
910 2202 1267 2279 ἠτιμημένον,
1345 2203 1444 2260 Καὶ
1498 2202 1659 2259 πάλιν
1716 2200 1876 2259 ἄλλον
1938 2204 2049 2260 ἀπ-

390 2295 615 2376 έστειλε,
674 2296 927 2353 κάκεῖνον
984 2292 1324 2366 ἀπέκτειναν,
1381 2293 1471 2349 καὶ
1528 2290 1761 2357 πολλοὺς
1834 2292 2047 2359 ἄλλους,

389 2388 512 2452 τοὺς
574 2386 671 2462 μὶν
730 2383 990 2464 δέροντες,
1037 2383 1160 2446 τοὺς
1206 2379 1261 2438 δὶ
1316 2381 1735 2447 ἀποκτείνοντες.
1776 2383 1906 2441 ’Ἔτι
1963 2382 2051 2440 οὖν

390 2476 483 2533 ἕνα
537 2477 648 2532 υἱὸν
699 2474 844 2555 ἔχων
900 2472 1183 2551 ἀγαπητὸν
1250 2471 1429 2546 αὐτοῦ,
1485 2471 1765 2529 ἀπέστειλε
1819 2474 1907 2530 καὶ
1952 2474 2052 2530 αὒ-

392 2568 483 2624 τδν
524 2566 655 2642 πρὸς
699 2565 886 2627 αὐτοὺς
936 2561 1192 2643 ἔσχατον,
1249 2559 1446 2639 λέγων,
1480 2559 1562 2617 ὅτι
1596 2558 2052 2641 Ἐντραπήσονται

391 2657 485 2712 τὸν
539 2656 647 2712 υἱόν
718 2673 845 2731 μου.
906 2651 1143 2710 Ἐκεῖνοι
1198 2648 1253 2707 δὲ
1326 2652 1374 2707 οἱ
1431 2652 1658 2730 γεωργοὶ
1716 2652 1877 2709 εἷπον
1920 2653 2052 2731 πρὸς

398 2746 637 2820 ἑαυτοὺς,
684 2744 763 2800 ὅτι
823 2740 989 2807 Οὗτός
1038 2740 1180 2799 ἔστιν
1241 2742 1269 2797 6
1300 2738 1662 2820 κληρονόμος.
1714 2750 1872 2802 Δεῦτε
1914 2742 2057 2799 ἀπο-

397 2836 687 2912 κτείνωμεν
738 2834 919 2913 αὐτὸν,
967 2833 1056 2889 καὶ
1110 2833 1267 2908 ἡμῶν
1298 2829 1447 2888 ἔσται
1477 2832 1512 2899 ἡ
1545 2831 1900 2911 κληρονομία.
1961 2834 2059 2891 Καὶ

400 2923 651 2990 λαϐόντες
711 2923 892 2996 αὐτὸν,
951 2921 1267 2979 ἀπέκτειναν
1357 2921 1447 2983 καὶ
1504 2918 1750 2987 έξέϐαλον
1811 2921 1910 2988 ἔξω
1966 2928 2061 2979 τοῦ

2129 1932 2203 1995 At
2233 1932 2315 1991 illi
2359 1940 2660 2012 arreptum
2701 1933 2867 1993 illum
2916 1934 3287 2009 ceciderunt,
3322 1952 3390 1995 ac
3421 1934 3783 1997 remiserunt

2129 2040 2401 2083 vacuum.
2437 2022 2503 2082 Et
2535 2040 2769 2083 rursum
2806 2023 2967 2083 misit
3009 2023 3083 2083 ad
3134 2023 3270 2085 illos
3299 2023 3479 2085 alium
3520 2042 3780 2102 servum,

2135 2120 2192 2173 et
2216 2111 2327 2181 illi,
2356 2112 2643 2191 conjectis
2664 2112 2725 2172 in
2753 2131 2886 2173 eum
2904 2113 3057 2173 saxis
3080 2114 3562 2176 comminuerunt
3582 2123 3780 2195 caput,

2133 2206 2195 2263 et
2236 2202 2596 2261 remiserunt
2654 2203 3027 2263 contumeliis
3069 2201 3367 2264 affectum.
3428 2201 3499 2263 Et
3547 2222 3785 2265 rursum

2133 2291 2311 2352 alium
2350 2290 2525 2367 misit,
2554 2299 2609 2351 et
2641 2291 2805 2353 illum
2837 2290 3207 2366 occiderunt,
3231 2291 3571 2373 multosque
3600 2293 3785 2355 alios:

2135 2382 2245 2444 hos
2269 2383 2507 2463 quidem
2536 2384 2859 2455 caedentes,
2886 2384 3021 2445 illos
3045 2402 3186 2445 vero
3210 2384 3792 2468 occidentes.ltaque

2135 2495 2267 2537 cum
2301 2496 2485 2538 unum
2518 2477 2992 2561 adhuchaberet
3043 2477 3224 2539 lilium
3257 2496 3429 2540 suum
3478 2478 3788 2555 dilectum,

2138 2565 2299 2627 misit
2332 2566 2506 2627 etiam
2541 2566 2707 2627 illum
2742 2568 2813 2628 ad
2847 2586 2951 2629 eos
2975 2575 3367 2648 postremum,
3391 2568 3597 2631 dicens
3632 2590 3645 2633 :
3674 2568 3795 2632 Re-

2136 2655 2503 2717 verebuntur
2533 2656 2719 2717 ﬁlium
2755 2675 2974 2717 meum.
3012 2656 3101 2717 Illi
3147 2675 3286 2718 vero
3318 2657 3595 2735 agricolae
3624 2659 3795 2721 dice-

2141 2745 2281 2808 bant
2314 2747 2469 2807 inter
2499 2765 2629 2808 sese
2658 2768 2671 2806 :
2707 2746 2813 2808 Hic
2843 2756 2932 2807 est
2976 2747 3191 2823 hzeres,
3224 2748 3423 2811 venite
3455 2749 3799 2812 occidamus

2143 2853 2303 2907 eum,
2342 2844 2398 2896 et
2426 2844 2627 2898 nostra
2656 2837 2768 2897 erit
2816 2837 3155 2900 liaareditas.
3195 2835 3267 2898 Et
3296 2848 3599 2920 arreptum
3631 2838 3801 2900 illum

2144 2925 2515 2999 occiderunt,
2551 2934 2608 2987 et
2639 2927 2945 3003 ejecerunt
2972 2945 3004 2987 e
3039 2925 3231 2987 vinea.
3269 2926 3421 3000 Quid
3454 2927 3637 3007 igitur
3674 2927 3800 2989 fac-

404 3013 744 3092 ἅμπελῶνος.
805 3013 866 3072 Τί
916 3014 1005 3069 οὗν
1048 3012 1269 3082 ποιήσει
1328 3013 1357 3067 6
1412 3010 1589 3090 κύριος
1646 3018 1738 3069 τοῦ
1796 3010 2061 3097 ὰμπελῶέ

2151 3023 2319 3075 turus
2352 3021 2441 3075 est
2469 3014 2747 3075 dominus
2770 3014 3001 3075 vinem?
3032 3012 3268 3091 Veniet,
3302 3030 3355 3077 et
3394 3017 3605 3097 perdet
3642 3016 3802 3096 agri-

403 3086 542 3180 νοςτ,
608 3100 936 3177 Ἐλεύσεται,
994 3103 1083 3159 καὶ
1139 3099 1389 3158 ἀπολέσει
1445 3086 1567 3165 τοὺς
1623 3086 1915 3181 γεωργοὺς,
1975 3095 2062 3158 καὶ

2151 3105 2328 3175 colas,
2363 3112 2423 3165 et
2452 3103 2612 3164 dabit
2641 3104 2873 3165 vineam
2905 3103 3063 3168 aliis.
3102 3129 3128 3160 »
3156 3168 3157 3171 η
3183 3086 3375 3166 Vinea
3394 3086 3661 3187 'populus
3679 3086 3800 3189 Est,

400 3195 558 3251 δώσει
614 3196 706 3250 τὸν
761 3191 1055 3269 ἀμπελῶνα
1085 3188 1295 3254 ἄλλοις.
1352 3213 1376 3248 ε
1410 3188 1721 3267 ’Δμπελὼν,
1756 3192 1784 3248 6
1814 3189 1969 3267 λαὸς,
2001 3191 2060 3247 ὃν

401 3286 675 3365 ἐφύτευσεν
741 3285 770 3339 6
832 3282 1031 3360 κύριος.
1093 3303 1117 3337 ε
1184 3279 1506 3358 Κατάρτισαι
1566 3280 1692 3361 γὰρ,
1751 3281 1902 3361 φησὶ,
1960 3281 2057 3347 τὴν

400 3373 641 3452 ἄμπελον
695 3373 912 3446 ταύτην,
970 3370 1040 3439 ἢν
1114 3370 1396 3450 ἐφύτευσεν
1440 3370 1476 3438 ἡ
1535 3367 1677 3435 δεξιά
1729 3392 1847 3428 σου.
1884 3393 1913 3425 ι)
1964 3372 2061 3428 Καὶ

400 3469 430 3521 6
484 3465 714 3529 Μωΰσῆς
749 3480 767 3499 ο
834 3485 859 3516 ιι
926 3460 1237 3539 Εἷσαγαγὼν
1296 3459 1686 3540 καταφυτευσον
1733 3460 1921 3523 αὐτοὺς
1986 3460 2059 3522 εἰς

402 3554 522 3627 ὅρος
573 3552 725 3630 ἅγιόν
770 3573 887 3612 σου.
942 3573 964 3606 ε
1012 3549 1269 3628 Φραγμὸς
1314 3545 1367 3604 δὲ
1412 3550 1441 3605 6
1485 3547 1667 3624 νόμος,
1721 3549 1942 3605 κωλύων
1976 3550 2063 3606 αὖ·

405 3644 526 3707 τοὺς
572 3641 939 3719 ἐπιμίγνυσθαι
998 3651 1115 3702 τοῖς
1168 3637 1351 3719 ἄλλοις
1406 3636 1598 3701 ἔθνεσι.
1661 3638 1865 3718 Πύργος
1923 3636 1977 3694 δὲ
2035 3640 2063 3694 6

405 3734 556 3807 ναὸς,
614 3716 965 3810 περίϐλεπτος
1026 3727 1123 3789 ὤν.
1174 3716 1494 3799 ’Υπολήνιον
1548 3727 1603 3785 δὲ
1659 3716 1749 3784 τὸ.
1779 3716 2063 3797 θυσιαστή-

406 3844 541 3902 ριον,
604 3819 725 3877 ἔνθα
780 3818 1030 3899 ἱξεχεῖτο
1076 3819 1139 3874 τὸ
1193 3818 1359 3894 αἷμα,
1422 3815 1660 3884 Ἐξὲδοτο
1701 3815 1756 3874 δὲ
1798 3820 1890 3874 τὸν
1940 3817 2069 3874 λαὸν

404 3924 695 3990 γεωργοῖς,
756 3922 875 3973 τοῖς
930 3908 1068 3965 κατά
1109 3909 1294 3986 καιρὸν
1353 3904 1688 3971 διδασκάλοις
1724 3909 1811 3963 καὶ
1840 3906 2067 3988 ἄρχουσι

405 4008 512 4059 τῶν
572 3994 862 4060 Ἰουδαίων,
926 3995 1235 4055 Ἀπέστειλε
1292 3994 1347 4053 δὲ
1398 3994 1583 4054 δοῦλον
1612 3995 1725 4067 ἕνα,
1767 3997 1914 4077 τάχα
1944 3998 2066 4060 τοὺς

408 4092 529 4170 περὶ
583 4092 675 4146 τὸν
735 4079 919 4147 Ἠλίαν
973 4088 1275 4167 προφήτας,
1365 4086 1488 4142 οἷον
1543 4087 1635 4143 τὸν
1693 4087 1955 4167 Μιχαίαν,
2011 4087 2070 4143 ὃν

408 4180 574 4257 ’ἑδειρε
628 4177 873 4241 Σεδεκίας
925 4179 953 4235 6
1011 4174 1484 4258 ψευδοπροφήτης.
1532 4177 1783 4257 Δεύτερον
1841 4175 1896 4232 δὲ
1944 4173 2069 4233 δοῦ-

410 4270 532 4349 λον,
622 4269 679 4325 ὃν
764 4264 1204 4337 λιθοϐολῆσαντες
1295 4264 1716 4346 έκεφαλαίωσαν,
1807 4266 2073 4346 τουτέστι,

412 4357 759 4416 συνετέλεσαν
834 4358 934 4415 καὶ
987 4357 1325 4437 έκορύφωσαν
1398 4356 1500 4425 τὴν
1554 4354 1724 4439 ὕϐριν,
1776 4357 1901 4423 τοὺς
1956 4364 2077 4436 περὶ

2145 3211 2321 3274 quem
2358 3194 2640 3274 plantavit
2680 3192 2987 3255 Dominus.
3045 3218 3071 3249 α
3107 3193 3334 3256 Perﬁce
3367 3196 3552 3271 enim,
3585 3195 3799 3277 inquit,

2144 3282 2376 3343 vineam
2436 3283 2632 3362 istam,
2684 3301 2856 3362 quam
2912 3282 3194 3363 plantavit
3239 3284 3484 3346 dextera
3532 3285 3734 3347 tua95.
3775 3309 3799 3344 ε

2143 3370 2214 3434 Et
2260 3370 2491 3433 Moses:
2554 3397 2578 3427 «
2626 3371 3018 3434 lntroducens
3084 3372 3285 3452 planta
3332 3392 3435 3434 eos
3482 3375 3541 3435 in
3604 3383 3806 3437 monte

2145 3470 2350 3522 sancto
2386 3469 2505 3521 tuo.
2546 3482 2574 3519 ν
2600 3461 2787 3541 Sepes
2827 3474 3051 3537 autem,
3108 3461 3224 3536 lex,
3271 3481 3403 3543 quae
3451 3462 3809 3544 prohibebat

2144 3550 2307 3631 ipsos
2337 3551 2717 3612 commisceri
2735 3549 3042 3630 gentibus.
3063 3549 3273 3613 Turris
3299 3570 3463 3629 vero,
3490 3553 3803 3634 templum;

2148 3658 2283 3701 nam
2317 3640 2705 3721 conspicuum
2741 3648 2887 3702 erat.
2944 3642 3130 3702 Porro
3173 3642 3453 3718 torcular,
3507 3642 3689 3705 altare
3746 3644 3807 3705 in

2151 3748 2267 3810 quo
2292 3730 2708 3791 etfundebatur
2724 3730 2988 3809 sanguis.
3014 3730 3498 3793 Elocaratautem
3524 3732 3806 3813 populum

2150 3818 2445 3898 agricolis,
2483 3820 2594 3880 hoc
2626 3827 2714 3881 est
2744 3818 3108 3900 doctoribus,
3144 3820 3245 3901 qui
3279 3839 3385 3900 per
3416 3820 3474 3882 id
3521 3821 3810 3903 temporis

2153 3919 2345 3989 erant,
2373 3918 2431 3970 et
2458 3908 2827 3989 principibus
2847 3908 3212 3972 Judaeorum.
3236 3909 3394 3973 Misit
3415 3928 3551 3972 vero
3569 3930 3805 3975 servum

2152 4017 2360 4074 unum,
2395 4000 2546 4063 forte
2569 4017 2635 4060 ex
2671 3998 2980 4079 prophetis
2998 3998 3213 4071 Eliam,
3246 4009 3304 4061 et
3328 3999 3430 4081 qui
3454 4008 3593 4061 tunc
3612 4007 3805 4074 erant,

2154 4097 2217 4151 ut
2276 4089 2605 4162 Illichaeam,
2655 4107 2832 4169 quem
2887 4089 3100 4150 cecidit
3157 4086 3502 4164 Sedecbias,
3558 4089 3814 4171 pseudo-

2158 4179 2450 4260 propheta
2481 4179 2730 4240 scilicet.
2764 4179 3107 4241 Secundum
3140 4186 3335 4240 autem
3388 4197 3623 4241 servum
3658 4179 3812 4260 lapi-

2159 4270 2360 4331 datum
2392 4268 2760 4340 ceciderunt,
2799 4269 2912 4329 hoc
2942 4276 3031 4329 est
3079 4267 3448 4343 occiderunt,
3487 4278 3545 4330 et
3596 4278 3813 4331 contu-

2164 4351 2360 4412 meliis
2418 4350 2766 4420 aﬂ‘ecerunt,
2825 4346 2975 4411 Osce
3048 4357 3107 4411 et
3180 4348 3388 4410 Isaiam
3469 4351 3810 4431 prophetas.

412 4414 586 4516 ﬁgens
624 4414 731 4504 καὶ
804 4414 1036 4505 Ἡσαΐαν
1080 4414 1412 4527 ἷπροφήτας.
1457 4414 1672 4525 ’Τρίτδν
1707 4414 1827 4503 ’δεῖ
1865 4414 2063 4526 δοῦλον1

2164 4438 2431 4502 Tertium
2464 4446 2662 4501 autem
2696 4456 2952 4518 servum,
2987 4438 3045 4499 id
3081 4446 3189 4512 est,
3229 4456 3330 4499 eos
3359 4414 3543 4519 qui-in
3567 4414 3814 4521 captivi-

414 4540 539 4603 τοὺς
596 4537 651 4594 έν
708 4544 779 4615 τῇ
829 4536 1199 4617 αἰχμαλωσίᾳ,
1251 4537 1373 4602 τοὺς
1404 4538 1522 4617 περὶ
1556 4535 1756 4604 Δανιὴλ
1797 4537 1886 4593 καὶ
1916 4533 2080 4608 Ἱεζε-

415 4628 569 4699 κιήλ.
627 4626 947 4686 Τελευταῖον
1000 4624 1056 4683 δὲ
1103 4624 1415 4684 ἀπέστειλεν
1469 4629 1498 4683 6
1530 4629 1659 4691 Θεὸς
1693 4628 1784 4683 τὸν
1817 4628 1936 4682 Υἱὸν
1979 4626 2079 4682 αὒ-

414 4720 536 4794 τοῦ,
593 4716 651 4784 ὃς
726 4715 997 4797 ἅνθρωπος
1055 4716 1344 4792 ὠνομάσθη
1411 4713 1498 4773 διὰ
1553 4717 1615 4774 τὸ
1690 4716 2081 4796 φιλάνθρωπον,

416 4808 590 4886 λέγων
647 4803 727 4864 δ’τι
777 4804 1233 4886 Ἐντραπήσονται
1299 4809 1390 4862 τὸν
1450 4806 1558 4863 υἱόν
1629 4826 1756 4881 μου.
1817 4808 1933 4886 Οὐχ
2006 4807 2080 4869 ὡς

419 4896 630 4975 ἀγνοῶν
684 4895 739 4953 δί
795 4898 891 4953 τὸ.
914 4894 1135 4973 μέλλον,
1182 4901 1337 4952 τοῦτο
1367 4895 1547 4970 εἶπεν,
1579 4893 1717 4951 ἀλλά
1757 4894 1819 4952 τὰ
1861 4894 2080 4977 ὀφεῖλον

420 4986 730 5066 πραχθῆναι
786 4985 874 5042 καὶ
927 4986 988 5040 τὸ
1033 4985 1172 5048 εἰκὸς
1227 4982 1424 5063 λέγων,
1487 4986 1534 5042 οἱ
1563 4980 1618 5040 δὲ
1648 4985 1799 5041 κακοὶ
1828 4985 2077 5065 γεωργοὶ,

420 5076 679 5152 μαθόντες
736 5073 819 5131 ὅτι
877 5073 1029 5138 οὗτός
1087 5073 1229 5131 ἔστιν
1281 5074 1309 5129 6
1368 5074 1489 5138 Υἱὸς
1518 5079 1612 5130 τοῦ
1646 5074 1800 5149 Θεοῦ,
1833 5070 2081 5138 ὶξέϐαλον

422 5166 584 5224 αὒτὸν
640 5164 738 5231 ἔξω
790 5171 884 5221 τοῦ
934 5162 1276 5241 ἀμπελῶνος,
1340 5162 1633 5243 τουτέστιν,
1694 5161 1793 5229 ἔξω
1844 5168 1945 5230 τῆς
1988 5163 2083 5220 ἰε-

424 5253 727 5330 ρουσαλήμ,
787 5254 876 5311 καὶ
930 5253 1270 5317 ἀπέκτειναν,
1349 5242 1509 5320 ’Ἐξω
1567 5242 1668 5333 γὰρ
1715 5256 1815 5323 τῆς
1875 5251 2081 5317 πόλεως

421 5343 755 5425 ἱσταυρώθη.
831 5352 871 5402 Ο
914 5345 1003 5401 οὗν
1058 5343 1233 5423 κύριος
1281 5349 1377 5401 τοῦ
1431 5341 1776 5424 ἀμπελῶνος,
1829 5345 1857 5400 6
1900 5348 2085 5423 Πατὴρ

424 5445 522 5494 τοῦ
592 5434 927 5515 φονευθέντος
986 5436 1128 5511 Υἱοῦ,
1174 5431 1379 5511 μᾶλλον
1422 5429 1477 5489 δὲ
1536 5432 1692 5497 αὐτὸς
1748 5435 1776 5491 6
1818 5435 2085 5513 φονευθεὶς

509 5596 581 5648 95
607 5594 766 5661 Pu].
801 5610 1003 5679 me,
1034 5596 1128 5663 ιϐ.

2166 4538 2284 4592 tate
2315 4529 2573 4610 fuerunt,
2609 4538 2671 4589 ut
2712 4528 3019 4589 Danielem
3054 4536 3112 4589 et
3144 4528 3542 4591 Ezechielem.
3595 4527 3813 4591 Ultimo

2164 4630 2362 4684 autem
2398 4619 2555 4682 misit
2592 4619 2803 4679 Filium
2836 4636 3010 4681 suum
3053 4620 3231 4693 Deus,
3270 4618 3375 4697 qui
3407 4619 3582 4680 homo
3617 4618 3815 4681 nomi-

2166 4718 2339 4772 natur
2373 4720 2618 4791 propter
2651 4708 3120 4769 misericordiam
3153 4716 3210 4766 et
3238 4725 3502 4769 amorem
3532 4708 3593 4769 in
3618 4708 3816 4769 homi-

2167 4818 2297 4875 nes,
2331 4800 2580 4862 dicens:
2636 4798 3094 4861 Reverebuntur
3142 4795 3359 4859 Filium
3418 4816 3641 4859 meum.
3690 4795 3818 4858 Non

2166 4899 2230 4951 ut
2279 4889 2564 4969 ignorans
2602 4889 2759 4969 quod
2812 4887 3073 4948 futurum
3124 4893 3271 4967 erat,
3336 4887 3449 4948 hoc
3492 4887 3657 4955 dixit.
3712 4887 3818 4949 sed

2167 4981 2321 5061 quod
2356 4978 2486 5040 ﬁeri
2530 4985 2853 5058 oporteret,
2906 4983 2967 5039 et
3011 4976 3331 5067 verisimile
3376 4985 3501 5038 erat
3530 4977 3819 5067 futurum,

2169 5070 2422 5132 dicens:
2491 5068 2628 5131 Mali
2680 5080 2875 5129 autem
2930 5066 3208 5145 agricolae
3264 5086 3399 5128 cum
3471 5066 3826 5129 didicissent

2169 5159 2328 5241 quod
2361 5158 2457 5220 hic
2501 5166 2661 5219 esset
2708 5156 2893 5218 Filius
2928 5156 3056 5225 Dei,
3109 5157 3421 5236 ejecerunt
3462 5156 3630 5218 illum
3662 5165 3825 5218 extra

2169 5249 2427 5321 vineam,
2463 5248 2521 5310 id
2555 5255 2644 5308 est
2674 5256 2835 5307 extra
2861 5244 3217 5317 Jerusalem,
3262 5254 3322 5309 et
3350 5247 3823 5321 interfecerunt;

2172 5348 2335 5401 extra
2378 5337 2536 5399 enim
2588 5334 2749 5397 illam
2802 5335 3118 5397 cruciﬁxus
3168 5343 3279 5397 est.
3324 5334 3615 5398 Dominus
3653 5334 3829 5415 igitur

2172 5430 2382 5503 vineae,
2439 5429 2612 5489 Pater
2664 5426 2845 5488 occisi
2904 5425 3062 5502 Filii,
3116 5425 3236 5487 imo
3295 5434 3353 5486 et
3411 5425 3540 5507 ipse
3596 5426 3830 5489 occisus
