4232 6442
521 361 643 427 623

1486 361 2083 428 THEOPHYLACTI
2129 363 2541 427 BULGARI/E
2583 364 2938 429 ARCHIEP.

3792 359 3910 429 624

522 496 731 571 Filius,
766 493 1025 576 perdidit
1053 494 1363 573 agricolas,
1398 514 1547 575 quos
1588 496 1833 560 tradidit
1862 496 2150 560 Romanis

2237 501 2407 581 Υἱὸς,
2454 501 2703 558 ἀπολέσει
2733 504 2855 564 τοὺς
2886 502 3177 581 γεωργοὺς,
3232 501 3492 581 παραδοὺς
3551 503 3734 565 αὖτοὺς
3791 514 3911 563 τοῖς

519 594 578 647 et
632 584 913 665 populum
966 583 1277 645 collocavit
1334 583 1467 646 aliis
1538 586 1839 665 agricolis,
1894 587 2176 667 apostolis

521 676 770 738 scilicet.
825 673 928 735 Vis
978 673 1185 734 videre
1232 676 1529 755 quomodo
1588 676 1837 757 apestoli
1890 678 2179 739 coluerint

518 768 798 827 vineam?
843 763 996 841 Lege
1028 762 1245 823 librum
1292 764 1604 840 Actorum,
1656 775 1713 827 et
1759 766 2027 829 invenies
2068 766 2180 828 tria

519 854 705 917 millia
734 861 792 914 et
823 854 1084 934 quinque
1119 853 1301 914 millia
1352 854 1528 915 simul
1576 855 1827 918 credere
1869 875 1936 917 ac
1978 857 2178 920 offerri

511 947 580 1010 iu
618 942 913 1027 primitias
932 941 1079 1004 Deo.

591 1124 777 1188 Vens.
814 1120 1017 1184 10-12.
1056 1142 1086 1180 ι
1116 1121 1207 1183 An
1239 1140 1315 1183 ne
1345 1122 1498 1184 hanc
1529 1122 1770 1204 quidem
1803 1122 2169 1205 Scripturam

511 1216 736 1293 legistis
758 1217 786 1272 ?
818 1212 1104 1289 Lapidem
1124 1230 1302 1291 quem
1334 1211 1808 1293 reprobaverunt
1836 1215 1872 1273 ii
1906 1214 2008 1293 qui
2034 1215 2168 1275 aedi-

520 1303 801 1377 ﬁcabant,
835 1301 933 1361 hic
963 1300 1151 1360 factus
1183 1308 1271 1359 est
1293 1300 1349 1359 in
1374 1309 1548 1380 caput
1578 1302 1777 1379 anguli
1810 1324 1823 1364 :
1856 1321 1890 1363 a
1920 1302 2170 1363 Domino

511 1393 706 1455 factus
740 1396 829 1453 est
858 1390 978 1464 hic,
1016 1399 1073 1449 et
1100 1398 1185 1449 est
1214 1389 1599 1450 admirandus
1624 1391 1684 1450 in
1709 1391 1902 1452 oculis
1926 1393 2168 1455 nostris.

510 1483 584 1546 Et
615 1479 965 1564 quazrebant
995 1497 1129 1539 eum
1162 1480 1702 1557 comprehendere,
1737 1492 1797 1543 et
1828 1480 2173 1542 metuebant

509 1571 742 1633 turbam
780 1588 793 1632 :
832 1567 1097 1629 sciebant
1124 1567 1283 1627 enim
1314 1567 1469 1646 quod
1492 1567 1775 1630 adversus
1804 1568 1967 1650 ipsos
1996 1586 2167 1647 para-

506 1660 703 1722 bolam
765 1656 1034 1719 dixisset.
1086 1654 1159 1715 Et
1211 1656 1421 1717 relicto
1479 1656 1581 1717 illo
1632 1657 1930 1722 abierunt.
1975 1683 2001 1714 ιι
2053 1658 2168 1721 Per

504 1750 704 1811 omnia
732 1749 846 1811 ista
876 1744 1133 1808 ostendit
1166 1745 1392 1824 ejectos
1418 1745 1675 1827 Judaeos,
1708 1756 1918 1825 gentes
1963 1756 2161 1810 autem

2261 579 2562 665 Ῥωμαίοις,
2626 592 2729 653 Καὶ
2772 592 2861 647 τὸν
2902 579 3051 646 ἀλαὸν
3099 579 3368 647 ἐκδόσεται
3400 590 3583 655 ἄλλοις
3618 603 3910 668 γεωργοῖς,

2256 680 2497 736 τουτέστι
2583 695 2703 743 τοῖς
2778 678 3126 744 ἀποστόλοις.
3218 678 3400 745 Θέλεις
3471 682 3573 760 γὰρ
3614 678 3747 737 ίδεῖν
3804 686 3917 744 πῶς

2258 771 2600 848 ἐγεώργησαν
2657 773 2704 826 οἱ
2760 768 3050 827 ἀπόστολοι
3098 771 3190 825 τὸν
3246 769 3540 847 ἀμπελῶνα
3573 790 3589 851 ;
3626 769 3916 849 Ἀνάγνωθι

2262 859 2362 926 τὴν
2418 866 2525 917 τῶν
2570 859 2813 939 Πράξεων
2870 857 3077 936 βίϐλον,
3141 862 3229 917 καὶ
3285 861 3522 937 εὑρήσεις
3586 858 3913 940 τρισχιλίους

2262 950 2349 1005 καὶ
2405 948 2871 1029 πεντακισχιλίους
2926 949 3114 1027 ἀθρόον
3161 950 3508 1015 πιστεύοντας
3561 952 3649 1007 καὶ
3708 971 3909 1029 καρποο

2254 1039 2607 1118 φορουμένους
2636 1046 2713 1113 τῷ
2743 1045 2881 1113 Θεῷ,

2341 1150 2365 1181 ιι
2416 1126 2545 1186 Οὐδὲ
2602 1129 2699 1196 τὴν
2760 1128 2971 1207 Γραφὴν
3021 1127 3219 1196 ταύτην
3276 1128 3539 1205 ἀνέγνωτε
3579 1148 3595 1202 ;
3640 1132 3792 1187 Λίθον
3849 1134 3905 1186 ὃν

2255 1213 2645 1293 ἀπεδοκίμασαν
2721 1218 2769 1274 οἱ
2857 1215 3279 1298 οἰκοδομοῦντες,
3336 1220 3488 1283 οὗτος
3545 1218 3773 1297 ἐγενήθη
3833 1223 3905 1283 εἷς

2253 1302 2491 1383 κεφαλὴν
2546 1308 2739 1383 γωνίας
2775 1325 2791 1342 ·
2866 1308 3009 1384 παρὰ
3093 1304 3286 1385 Κυρίου
3348 1305 3558 1385 ἐγένετο
3617 1306 3750 1375 αὕτη
3819 1312 3905 1365 καὶ

2253 1391 2365 1449 ἔστι
2417 1396 2695 1469 θαυμαστὴ
2753 1395 2806 1452 έν
2866 1393 3164 1471 ὀὸιθαλμοϊς
3194 1398 3375 1473 ἡμῶν,
3411 1394 3514 1457 Καὶ
3546 1397 3760 1468 ἐζήτουν
3804 1403 3902 1457 αὺ-

2251 1484 2344 1538 τὸν
2399 1489 2685 1562 κρατῆσαι,
2732 1490 2819 1542 καὶ
2863 1482 3200 1564 ἐφοϐήθησαν
3245 1488 3335 1541 τὸν
3365 1484 3559 1565 ὄχλον.
3617 1484 3903 1567 ’Έγνωσαν

2250 1572 2350 1650 γὰρ
2406 1571 2492 1629 ὅτι
2558 1576 2687 1652 πρὸς
2720 1574 2906 1639 αὐτοὺς
2939 1575 3032 1641 τὴν
3074 1572 3387 1654 παραϐολὴν
3434 1576 3580 1638 εἷπε,
3614 1575 3720 1637 Καὶ
3749 1578 3903 1657 ἀφέν-

2249 1682 2335 1725 τες
2394 1664 2577 1743 αὐτὸν,
2639 1662 2901 1731 ἀπῆλθον,
2952 1686 2980 1718 ι
3041 1665 3139 1720 Διά
3182 1666 3396 1723 πάντων
3452 1667 3654 1722 τούτων
3679 1664 3902 1723 δείκνυσι

2246 1751 2367 1831 τοὺς
2448 1751 2547 1824 μὲν
2628 1751 2908 1816 Ἰουδαίους
2996 1751 3415 1829 ἀποϐληθέντας,
3502 1757 3569 1811 τὰ
3648 1755 3703 1811 δὲ
3776 1755 3898 1823 ἔθνη

502 1848 801 1919 acceptas.
838 1834 1009 1940 Lapis
1039 1835 1180 1893 256
1231 1835 1391 1894 enim
1432 1834 1579 1940 ille,“
1608 1835 1897 1937 Dominus
1932 1856 1946 1896 :
1982 1838 2154 1899 sedili.

2246 1837 2662 1919 προσδεχθέντα.
2728 1843 2881 1905 Λίθος
2932 1843 3028 1917 μὲν
3078 1843 3179 1923 γὰρ
3223 1845 3379 1907 αὐτὸς
3410 1845 3437 1899 ὁ
3467 1841 3683 1940 ἰξόριος,
3744 1847 3893 1901 οἱκο-

502 1939 705 1991 cantes
722 1935 946 2001 autem,
974 1925 1250 1986 doctores
1280 1925 1504 2005 populi.
1538 1926 1727 1998 Quem
1750 1926 1930 2006 igitur
1956 1946 2161 2009 repro-

501 2018 789 2081 baveruut
817 2017 1114 2090 doctores,
1151 2014 1250 2075 ille
1281 2015 1342 2074 in
1374 2024 1550 2095 caput
1584 2016 1782 2095 anguli
1818 2017 2007 2079 factus
2040 2030 2152 2083 est.

501 2107 687 2188 Caput
717 2107 877 2169 enim
932 2104 1211 2165 Ecclesiae
1262 2104 1450 2166 factus
1508 2114 1617 2167 est.
1673 2106 1943 2184 Angulus
1991 2108 2153 2169 enim

495 2196 784 2277 Ecclesia,
818 2214 953 2276 quae
993 2194 1055 2254 in
1085 2212 1269 2254 unum
1299 2194 1607 2272 conjungit
1632 2194 1870 2256 Judaaos
1902 2204 1961 2256 et
1997 2216 2148 2276 gen-

499 2287 682 2348 tiles:
737 2283 1238 2368 quemadmodum
1286 2292 1346 2344 et
1392 2284 1645 2361 angulus
1694 2284 1843 2345 duos
1894 2286 2154 2365 parietes

495 2376 655 2438 inter
687 2395 755 2439 se
797 2372 1133 2436 committit.
1188 2371 1373 2450 Igitur
1418 2373 1529 2434 iste
1581 2374 1855 2455 angulus,
1904 2375 2018 2437 hoc
2066 2384 2155 2438 est

495 2464 785 2543 Ecclesia,
837 2483 871 2525 a
922 2458 1174 2525 Domino
1222 2462 1432 2524 factus.
1490 2463 1563 2523 Et
1604 2472 1694 2523 est
1745 2462 2041 2525 mirabilis
2093 2466 2152 2526 in

494 2563 833 2617 nostrorum
867 2550 1136 2613 ﬁdelium
1189 2551 1399 2613 oculis.
1446 2552 1544 2613 Ab
1595 2552 1942 2613 inﬁdelibus
1991 2553 2150 2615 enim

495 2645 777 2706 miracula
807 2640 1162 2704 calumniam
1197 2640 1523 2720 patiuntur.
1546 2640 1837 2703 Mirabilis
1855 2653 1946 2704 est
1968 2642 2149 2721 igitur

492 2734 785 2813 Ecclesia,
820 2730 990 2813 quasi
1019 2748 1091 2791 ex
1139 2730 1444 2791 miraculis
1502 2732 1843 2801 constituta,
1898 2731 2147 2794 Domino

490 2831 852 2903 cooperante
902 2818 1209 2900 apostolis,
1252 2829 1310 2879 et
1365 2837 1705 2882 sermonem
1754 2821 2147 2884 conﬁrmante

490 2932 599 2994 per
623 2911 934 2993 sequentia
966 2910 1154 2988 signa.

568 3092 753 3155 Vens.
791 3091 1008 3152 13-17.
1048 3113 1075 3143 α
1110 3088 1186 3151 Et
1216 3087 1453 3148 mittunt
1481 3087 1553 3149 ad
1587 3088 1754 3149 illum
1788 3091 2081 3169 quosdam
2115 3111 2148 3153 e

489 3182 800 3244 Pharisaais
822 3189 881 3242 et
900 3177 1257 3240 Herodianis
1281 3188 1342 3238 ut
1362 3196 1497 3239 eum
1519 3187 1825 3259 captarent
1841 3198 2145 3245 sermone.
2168 3220 2209 3271 ο

490 3274 583 3336 llli
612 3292 755 3334 vero
789 3290 923 3333 cum
981 3268 1305 3343 venissent,
1360 3268 1573 3331 dicunt
1624 3268 1725 3329 ei:
1784 3271 2144 3354 cheptor,

491 3365 712 3425 scimus
742 3360 900 3443 quod
932 3377 1107 3419 verax
1153 3375 1240 3437 es,
1275 3366 1334 3417 et
1365 3376 1483 3418 non
1516 3375 1689 3418 curas
1737 3377 2095 3441 quemquam
2127 3382 2141 3423 :

488 3473 609 3514 non
641 3453 800 3514 enim
834 3448 1085 3530 respicis
1130 3465 1445 3527 personam
1494 3448 1829 3529 hominum,
1865 3452 1969 3511 sed
2008 3471 2144 3514 cum

487 3548 733 3605 veritate
755 3541 911 3602 viam
932 3538 1255 3599 Deidoces.
1283 3537 1447 3599 Licet
1470 3556 1715 3597 censum
1740 3538 1884 3601 dare
1903 3538 2141 3618 Caesari,

486 3652 561 3694 an
592 3630 759 3693 non?
789 3631 1024 3702 demus,
1058 3645 1133 3686 an
1180 3644 1299 3686 non
1354 3624 1611 3687 demus?
1645 3626 1749 3688 llle
1779 3647 1917 3690 Vero
1948 3631 2144 3693 sciens

488 3723 725 3783 illorum
760 3717 1223 3790 simulationem,
1264 3714 1411 3776 dixit
1440 3716 1559 3776 illis
1595 3738 1608 3774 :
1658 3715 1809 3787 Quid
1863 3738 1956 3780 me
2007 3730 2139 3783 ten-

489 3810 670 3873 tatis?
699 3810 921 3871 Afferte
952 3805 1097 3865 mihi
1131 3805 1465 3879 denarium,
1502 3814 1565 3865 ut
1592 3805 1843 3869 videam.
1886 3807 1977 3869 Illi
2001 3829 2140 3873 vero

486 3901 830 3963 attulerunt.
865 3898 941 3959 Et
966 3895 1135 3987 dicit
1166 3894 1253 3956 eis
1288 3912 1328 3987 :H
1350 3896 1535 3974 Cujus
1566 3905 1654 3987 est
1686 3897 1881 3977 imago
1926 3900 2051 3963 haec
2088 3922 2147 3987 et

487 3990 852 4070 inscriptio?
885 3986 978 4050 Illi
1030 3993 1226 4046 autem
1276 3984 1551 4045 dixerunt
1595 3986 1650 4046 ei
1693 4004 1705 4048 :
1757 3989 2027 4054 Caesaris.
2077 3984 2147 4068 Ei

484 4080 859 4161 respondens
885 4076 1083 4155 Jesus,
1118 4073 1266 4134 dixit
1309 4074 1428 4134 illis
1465 4092 1479 4137 :
1528 4076 1786 4138 Reddite
1832 4096 1963 4159 quae
2008 4097 2146 4148 sunt

482 4162 753 4243 Caesaris,
790 4164 1004 4230 Caesari
1040 4186 1052 4222 :
1090 4173 1147 4225 et
1175 4182 1304 4243 quae
1334 4171 1471 4224 sunt
1499 4164 1630 4239 Dei,
1668 4168 1827 4243 Deo;
1860 4177 1919 4229 et
1949 4172 2136 4235 admi-

482 4260 592 4321 rati
623 4267 759 4320 sunt
790 4258 863 4318 de
892 4274 987 4317 eo.
1022 4278 1045 4312 ι»
1084 4254 1354 4314 Diximus
1402 4255 1576 4315 etiam
1626 4256 1771 4317 alias
1818 4258 1893 4319 de
1936 4260 2131 4325 Hero-

481 4349 695 4420 dianis,
730 4346 885 4428 quod
931 4344 1107 4406 fuerit
1154 4344 1404 4404 haeresis
1441 4346 1711 4425 quaedam
1764 4355 1901 4409 tunc
1941 4369 2132 4432 nuper

480 4449 607 4501 orta
638 4439 987 4511 dicentium,
1014 4432 1311 4493 Herodem
1338 4450 1471 4495 esse
1503 4434 1829 4517 Christum,
1868 4456 1939 4499 eo
1970 4442 2127 4521 quod

2246 1926 2528 2004 δομοῦντες
2586 1928 2666 2005 δὲ,
2711 1934 2757 1987 οἱ
2802 1929 3107 1988 διδάσκαλοι
3152 1939 3243 1989 τοῦ
3295 1931 3445 1992 λαοῦ.
3498 1924 3605 1991 υΟν
3647 1934 3736 1990 οὗν
3795 1936 3893 1991 ἀπ-

2240 2017 2562 2095 εδοκίμασαν
2611 2022 2659 2075 οἱ
2716 2017 3040 2095 διδάσκαλοι,
3101 2024 3249 2086 οὗτος
3295 2023 3366 2087 είς
3420 2021 3655 2102 κεφαλὴν
3698 2025 3889 2102 γωνίας

2238 2108 2471 2188 ἐγένετο,
2530 2108 2739 2189 κεφαλὴ
2795 2114 2893 2179 τῆς
2954 2108 3276 2179 Ἐγκλησίας
3355 2111 3663 2190 γενόμενος.
3723 2115 3892 2169 Γωνία

2234 2200 2335 2278 γὰρ
2390 2200 2424 2266 ἡ
2484 2197 2797 2271 Ἐκκλησία,
2888 2202 2961 2265 ὡς
3048 2202 3381 2258 συνάπτουσα
3438 2204 3528 2259 καὶ
3582 2201 3893 2260 ἕνοποιοῦσα

2235 2289 2436 2351 πάντας
2496 2286 2775 2353 Ἰουδαίους
2833 2292 2920 2346 καὶ
2982 2290 3296 2367 ”Ελληνας,
3328 2291 3509 2371 ὥσπερ
3550 2294 3638 2349 καὶ
3666 2294 3701 2361 ἡ
3730 2295 3894 2371 γωνία

2235 2375 2323 2434 δύο
2350 2379 2566 2458 τοίχους
2610 2377 2868 2449 ἀλλήλοις
2929 2383 3205 2461 συνάπτει,
3268 2384 3615 2459 μεπιτεύουσα
3667 2383 3893 2464 ἀμφοῖν.

2236 2466 2380 2534 Αὕτη
2426 2466 2481 2522 δὲ
2536 2469 2571 2535 ἡ
2626 2470 2816 2549 γωνία,
2890 2468 3010 2537 ἤτοι
3074 2471 3105 2537 ἦ
3176 2468 3498 2547 Ἐκκλησία,
3528 2473 3671 2551 παρά
3700 2469 3893 2551 Κυρίου

2234 2557 2467 2637 εγένετο,
2540 2559 2628 2615 καὶ
2685 2558 2794 2614 ἔστι
2878 2560 3157 2637 θαυμαστὴ
3245 2560 3299 2616 ἐν
3352 2561 3651 2641 ὀφθαλμοῖς
3731 2564 3884 2638 ἡμῶν

2233 2647 2340 2703 τῶν
2398 2653 2625 2710 πιστῶν,
2688 2657 2817 2711 Τοῖς
2868 2650 2968 2727 γὰρ
3039 2649 3283 2715 ἀπίστοις
3357 2653 3444 2707 καὶ
3524 2653 3590 2707 τὰ
3642 2652 3879 2727 θαύματα

2229 2733 2625 2799 διαϐάλλονται.
2688 2740 2977 2814 Θαυμαστὴ
3032 2740 3203 2796 τοίνυν
3245 2742 3280 2810 ἡ
3341 2739 3659 2815 Ἐκκλησία,
3703 2743 3777 2805 ὡς
3822 2740 3880 2797 ἐκ

2227 2827 2506 2900 θαυμάτων
2561 2833 2814 2901 συστᾶσα,
2886 2835 2978 2883 τοῦ
3052 2829 3239 2907 Κυρίου
3303 2836 3675 2909 συνεργοῦντος
3760 2845 3877 2892 τοῖς

2228 2913 2549 2979 ἀποστόλοις
2598 2917 2686 2971 γαὶ
2740 2918 2832 2971 τὸν
2890 2914 3050 2995 λόγον
3106 2915 3442 2993 βεϐαιοῦντος
3503 2916 3587 2975 διὰ
3629 2921 3733 2976 τῶν
3776 2920 3877 2977 ἑπ-

2230 3004 2651 3063 ακολουθούντων
2682 3007 2945 3081 σημείων.

2319 3118 2345 3149 α
2396 3096 2495 3153 Καὶ
2551 3094 2936 3179 ἀποστέλλουσι
2980 3098 3112 3175 πρὸς
3169 3096 3327 3154 αὐτόν
3387 3120 3533 3164 τινας
3576 3100 3681 3156 τῶν
3712 3102 3885 3179 Φαρι-

2233 3186 2393 3242 σαίων
2450 3187 2538 3241 καὶ
2600 3175 2962 3264 Ἠρωδιανῶν,
3006 3186 3099 3242 ’ίνα
3144 3188 3300 3243 αὐτὸν
3357 3187 3653 3268 ἀγρεύσωσι
3714 3175 3879 3267 λόγῳ.

2232 3278 2292 3331 Οἱ
2350 3272 2403 3329 δὲ
2482 3274 2745 3354 ἐλθόντες,
2791 3274 3041 3354 λέγουσιν
3084 3275 3228 3349 αὐτῷ
3257 3294 3274 3311 ⁸
3310 3274 3631 3353 Διδάσκαλε,
3665 3276 3887 3354 οἴδαμεν

2229 3362 2312 3419 ὅτι
2371 3362 2577 3431 ἀληθὴς
2608 3364 2689 3439 εἴ,
2722 3366 2811 3421 καὶ
2842 3367 2900 3421 οὐ
2944 3364 3095 3441 μέλει
3144 3388 3227 3422 σοι
3257 3367 3376 3445 περὶ
3405 3366 3614 3433 οὐδενός
3648 3385 3662 3399 ⁸
3695 3371 3756 3427 οὗ
3784 3370 3885 3451 γὰρ

2227 3452 2444 3531 βλέπεις
2501 3456 2573 3518 εἰς
2635 3464 2920 3533 πρόσωπον
2964 3455 3276 3535 ἀνθρώπων,
3323 3454 3443 3512 ἀλλ’
3491 3456 3578 3514 ἐπ’
3632 3457 3881 3526 ἀληθείας

2226 3545 2325 3611 τὴν
2370 3543 2487 3600 ὁδὸν
2541 3551 2633 3601 τοῦ
2690 3547 2825 3601 Θεοῦ
2852 3542 3136 3611 διδάσκεις.
3173 3537 3397 3629 ’Ἔξεστι
3428 3552 3627 3615 κῆνσον
3655 3552 3875 3629 Καίσαρι

2226 3632 2423 3709 δοῦναι,
2458 3635 2494 3702 ἢ
2523 3632 2586 3690 οὔ
2616 3653 2633 3712 ς
2668 3631 2865 3712 δῶμεν,
2898 3634 2934 3703 ἢ
2979 3639 3058 3711 μή
3101 3634 3275 3712 δῶμεν
3308 3655 3326 3717 ς
3385 3628 3441 3694 Ὀ
3489 3636 3566 3718 δὲ,
3600 3635 3749 3703 εἰδὼς
3777 3641 3872 3696 αὖα

2225 3727 2331 3780 θῶν
2372 3724 2470 3791 τὴν
2523 3726 2823 3803 ὑπόκρισιν,
2869 3728 3021 3781 εἶπεν
3066 3728 3249 3789 αὐτοῖς
3284 3742 3298 3756 ⁸
3347 3727 3406 3784 Τί
3449 3748 3516 3803 με
3546 3729 3818 3806 πειράζετε
3855 3748 3870 3805 ;

2223 3813 2419 3892 Φέρετέ
2479 3836 2571 3891 μοι
2630 3812 2878 3894 δηνάριον
2947 3814 3041 3871 ἵνα
3086 3813 3187 3871 ἴδω
3225 3836 3240 3852 ·
3290 3818 3337 3872 οἱ
3391 3814 3445 3871 δὲ
3488 3815 3741 3896 ἤνεγκαν.
3776 3820 3875 3877 Καὶ

2225 3900 2370 3982 λέγει
2425 3904 2608 3966 αὐτοῖς
2639 3917 2653 3931 °
2706 3904 2855 3969 Τίνος
2910 3905 2946 3972 ἡ
3005 3904 3158 3960 εἰκὼν
3189 3904 3346 3981 αὕτη,
3380 3906 3468 3961 καὶ
3494 3908 3529 3973 η
3554 3906 3819 3988 ἐπιγραφή
3857 3926 3874 3982 ;

2227 3996 2287 4050 Οἱ
2338 3990 2391 4047 δέ
2432 3992 2591 4048 εἶπον
2636 3993 2799 4067 αὐτῷ,
2836 3995 3119 4071 Καίσαρος.
3174 3996 3272 4051 Καὶ
3315 3995 3612 4074 ἀποκριθεὶς
3669 3999 3697 4053 ὁ
3759 3996 3875 4064 ἰη-

2226 4082 2347 4147 σοῦς
2406 4083 2562 4139 εἶπεν
2619 4086 2803 4147 αὐτοῖς
2836 4102 2852 4119 ⁸
2904 4081 3161 4139 Ἀπόδοτε
3220 4087 3287 4142 τὰ
3336 4086 3595 4165 Καίσαρος
3628 4087 3870 4165 Καίσαρι,

2224 4174 2313 4228 καὶ
2370 4174 2435 4231 τὰ
2490 4179 2584 4228 τοῦ
2662 4180 2794 4231 Θεοῦ
2876 4179 2952 4247 τῷ
3037 4180 3153 4249 Θεῷ
3190 4193 3204 4209 ·
3260 4177 3349 4231 καὶ
3418 4175 3718 4247 ἐθαύμασαν
3785 4174 3871 4235 ἐπ’

2220 4264 2385 4336 αὐτῷ,
2422 4286 2445 4319 ι
2515 4262 2756 4338 Εἴπομεν
2813 4264 2902 4318 καὶ
2945 4261 3135 4320 ἄλλοτε
3184 4266 3302 4343 περὶ
3356 4269 3464 4321 τῶν
3508 4264 3867 4348 Ἦρωδιανῶν,

2218 4353 2298 4409 ὅτι
2349 4352 2554 4431 αἵρεσίς
2590 4373 2671 4417 τις
2714 4351 2779 4419 ἦν
2845 4354 3104 4433 νεοφανής
3172 4360 3282 4411 τῶν
3333 4353 3599 4433 λεγόντων
3642 4358 3868 4435 Χριστὸν

2213 4447 2352 4499 εἶναι
2382 4445 2473 4498 τὸν
2514 4435 2752 4521 Ἡρώδην
2812 4440 2897 4497 διὰ
2941 4444 3003 4499 τὸ
3051 4442 3106 4499 ἐν
3136 4457 3251 4510 τοῖς
3280 4445 3495 4525 χρόνοις
3527 4446 3684 4503 αὐτοῦ
3712 4444 3862 4502 έκλι-

478 4530 540 4589 in
591 4503 984 4608 temporibus,
1012 4523 1175 4583 illius
1216 4522 1537 4583 defecisset
1576 4503 1877 4586 successio
1923 4503 2154 4608 regum

2237 4534 2340 4589 πεῖν
2396 4534 2489 4597 τὰς
2549 4503 2801 4612 δίαδοχάς
2845 4538 2950 4587 τῶν
2999 4503 3620 4611 ἰωδα’ίκῶςιβασιλέων.
3657 4526 3858 4593 ’Ἄλλοι

474 4617 886 4681 Judaicorum.
923 4614 1040 4675 Alii
1084 4619 1280 4703 autem
1336 4612 1544 4703 dicunt
1591 4612 1967 4678 llerodianos
2016 4621 2126 4682 hoc

2237 4622 2265 4677 έ
2315 4644 2472 4701 φασιν
2526 4612 2873 4700 ’Πρωδιανοὺς
2945 4620 3164 4679 ἐνταῦθα
3215 4623 3460 4703 λέγεσθαι
3512 4625 3633 4687 τοὺς
3690 4645 3855 4700 στρα-

474 4710 604 4770 loco
638 4709 829 4770 dictos
861 4722 994 4767 esse
1029 4701 1249 4763 milites
1273 4702 1553 4776 Herodis,
1590 4722 1734 4782 quos
1758 4706 2041 4769 Pharisaei
2065 4711 2125 4771 in

2243 4712 2402 4775 ιώτας
2458 4721 2550 4768 τοῦ
2597 4706 2852 4791 Ἡρώδου,
2886 4711 2974 4776 οὓς
3003 4701 3395 4793 προσελάϐοντο
3443 4717 3491 4772 οἱ
3546 4720 3853 4793 Φαρισαῖοι,

475 4808 652 4861 testes
693 4816 900 4860 eorum
948 4812 1080 4874 quae
1129 4792 1398 4853 Christus
1442 4793 1709 4854 dicturus
1753 4802 1899 4872 erat,
1948 4817 2122 4860 assu-

2237 4802 2350 4857 ›σάν
2410 4804 2666 4881 μάρτυρες
2724 4804 2822 4857 ὦσι
2907 4808 3013 4859 τῶν
3098 4802 3516 4883 λεχθησομένων
3599 4792 3697 4860 ὑπὸ
3764 4811 3858 4862 τοῦ

471 4898 661 4965 munt,
696 4898 761 4949 ut
798 4890 1237 4964 consequenter
1288 4883 1804 4962 comprehendant
1850 4886 2019 4948 illum
2066 4900 2125 4951 et

2237 4898 2458 4970 ἱριστοῦ,
2519 4894 2606 4948 καὶ
2656 4890 2849 4948 λοιπὸν
2921 4890 3256 4950 συλλάϐωσιν
3343 4894 3524 4971 αὐτόν,
3602 4895 3691 4951 καὶ
3745 4895 3857 4952 ἀπ-

468 4978 783 5040 abducant.
804 4977 952 5039 Vide
975 4983 1175 5063 autem
1211 4972 1497 5063 malitiam
1529 4974 1789 5050 illorum,
1822 4980 2119 5063 quomodo

2240 4982 2497 5061 γάγωσιν.
2561 4972 2707 5061 ΗΟρα
2744 4980 2797 5037 δὲ
2854 4982 2953 5049 τὴν
2999 4986 3315 5054 κακοήθειαν
3346 4988 3540 5063 αὐτῶν,
3574 4992 3689 5049 πῶς
3720 4988 3855 5063 μετὰ

466 5067 805 5128 adulatione
850 5072 1079 5127 tentent
1126 5061 1409 5140 decipere
1465 5061 1806 5123 Dominum.
1856 5062 2114 5147 Scimus,

2237 5070 2482 5137 ολακείας
2544 5072 2826 5151 πειρῶνται
2892 5070 3219 5141 ἐξαπατῆσαι
3270 5075 3359 5131 τὸν
3406 5061 3618 5154 Κύριον.
3679 5061 3851 5133 Οἶδα-

460 5157 691 5237 dicunt,
725 5157 881 5236 quod
914 5171 1032 5213 non
1063 5151 1313 5229 respicis
1341 5169 1654 5230 personam
1685 5154 2019 5237 homiuum,
2052 5168 2113 5221 et

2242 5183 2293 5219 εν
2350 5161 2430 5219 ὅτι
2490 5164 2549 5221 οὒ
2602 5161 2818 5238 βλέπεις
2875 5164 2945 5228 εἰς
3009 5164 3294 5243 πρόσωπον
3351 5151 3650 5246 ἀνθρώπου,
3709 5166 3844 5222 ὥστε

460 5246 539 5305 ita
588 5265 785 5326 neque
832 5245 1123 5306 Caesarem
1170 5242 1485 5303 revereris.
1538 5241 1751 5303 Totum
1792 5246 1953 5306 enim
1997 5248 2111 5311 hoc

2237 5251 2311 5311 ὅδὲ
2381 5255 2470 5311 τὸν
2528 5254 2761 5329 Καίσαρα
2830 5241 3195 5332 εὐλαϐηθήσῃ.
3257 5256 3328 5312 Τὸ
3384 5241 3508 5311 ὅλον
3565 5252 3619 5311 δὲ
3688 5262 3841 5310 τοῦτο

457 5335 769 5396 artiﬁcium
805 5343 930 5395 erat
961 5332 1238 5423 utrinque
1284 5332 1509 5423 habens
1540 5334 1868 5413 praecipitia
1902 5353 1915 5397 :
1964 5346 2026 5398 ut
2060 5340 2106 5399 si

2237 5342 2470 5422 Ξχνασμα
2516 5344 2604 5423 ἧν,
2650 5342 3019 5422 ἀμφοτέρωθεν
3086 5343 3215 5422 ἔχον
3274 5346 3565 5423 κρημνοὺς,
3615 5343 3708 5400 ἵνα
3749 5342 3840 5399 ἐὰν

456 5425 696 5503 quidem
730 5425 957 5485 diceret
990 5422 1148 5512 quod
1182 5420 1357 5512 liceat
1388 5421 1531 5483 dare
1561 5424 1781 5484 Caesari
1813 5425 2102 5489 tributum

2237 5420 2289 5488 ὲν
2328 5433 2463 5509 εἴπῃ
2507 5420 2599 5488 ὅτι
2646 5420 2811 5497 ἔξεστι
2862 5420 3041 5491 τελεῖν
3088 5420 3165 5508 τῷ
3196 5420 3441 5512 Καίσαρι,
3486 5430 3838 5490 διαϐάλλωσιν

452 5522 775 5591 arguerent
804 5532 937 5575 eun:
972 5510 1127 5591 apud
1156 5511 1464 5603 populum,
1488 5520 1763 5593 tanquam
1792 5514 1894 5595 qui
1922 5518 2098 5579 eosin

2237 5524 2343 5579 nbv
2375 5526 2504 5603 πρὸς
2536 5526 2628 5579 τὸν
2656 5520 2847 5603 ὄχλον,
2895 5524 2968 5586 ὡς
3000 5510 3435 5582 καταδουλοῦνταή
3475 5525 3632 5582 αὐτοῦ
3665 5542 3677 5556 ⁸
3712 5526 3755 5580 εί
3785 5523 3840 5580 δὲ

450 5605 802 5664 servitutem
832 5605 1129 5681 redigeret
1162 5619 1174 5659 :
1216 5601 1307 5659 sin
1340 5602 1568 5661 diceret
1608 5621 1728 5663 non
1752 5603 2099 5683 persolven-

2237 5613 2264 5680 ὴ
2308 5601 2487 5670 τελεῖν
2545 5601 2702 5692 εἴπῃ,
2764 5614 3208 5692 κατηγορήσωσιν
3254 5618 3435 5689 αὐτοῦ,
3482 5616 3557 5678 ὡς
3604 5614 3843 5672 ἀναστα-

448 5692 614 5771 dum,
650 5701 998 5755 accusarent
1026 5706 1161 5752 eum
1211 5698 1271 5748 ut
1300 5692 1370 5753 ad
1406 5690 1759 5753 seditionem
1815 5694 2098 5775 populum

2237 5715 2399 5768 ιῡντος
2456 5706 2547 5757 τὸν
2619 5690 2745 5757 λαὸν
2805 5704 2939 5758 κατά
2976 5690 3088 5759 τοῦ
3150 5705 3439 5783 Καίσαρος.
3501 5703 3650 5762 Ἀλλ’
3681 5707 3715 5774 ἡ
3751 5705 3841 5775 τῆς
