  <div class='ocr_page' id='page_1' title='image "/cluster/home/n/w/nwhite01/storage/ocr_20150623/123:no.1/coo.31924054870286/320.png"; bbox 0 0 4232 6400; ppageno 0'>
   <div class='ocr_carea' id='block_1_1' title="bbox 390 338 515 406">
    <p class='ocr_par' dir='ltr' id='par_1_1' title="bbox 390 338 515 406">
     <span class='ocr_line' id='line_1_1' title="bbox 390 338 515 406; baseline -0.032 0"><span class='ocrx_word' id='word_1_1' title='bbox 390 338 515 406; x_wconf 69' lang='grc'><strong>625</strong></span> 
     </span>
    </p>
   </div>
   <div class='ocr_carea' id='block_1_2' title="bbox 1143 338 3097 406">
    <p class='ocr_par' dir='ltr' id='par_1_2' title="bbox 1143 338 3097 406">
     <span class='ocr_line' id='line_1_2' title="bbox 1143 338 3097 406; baseline -0.001 -1"><span class='ocrx_word' id='word_1_2' title='bbox 1143 342 1592 406; x_wconf 75' lang='lat' dir='ltr'><strong>ENARRATIO</strong></span> <span class='ocrx_word' id='word_1_3' title='bbox 1637 342 1720 406; x_wconf 92' lang='lat' dir='ltr'><strong>IN</strong></span> <span class='ocrx_word' id='word_1_4' title='bbox 1766 338 2274 406; x_wconf 85' lang='lat' dir='ltr'><strong>EVANGELIUM</strong></span> <span class='ocrx_word' id='word_1_5' title='bbox 2323 338 2586 403; x_wconf 82' lang='lat' dir='ltr'><strong>MARCI.</strong></span> <span class='ocrx_word' id='word_1_6' title='bbox 2630 372 2696 382; x_wconf 95' lang='lat'><strong>-</strong></span> <span class='ocrx_word' id='word_1_7' title='bbox 2748 338 2913 404; x_wconf 80' lang='lat' dir='ltr'><strong>CAP.</strong></span> <span class='ocrx_word' id='word_1_8' title='bbox 2960 342 3097 403; x_wconf 88' lang='lat' dir='ltr'><strong>XII.</strong></span> 
     </span>
    </p>
   </div>
   <div class='ocr_carea' id='block_1_3' title="bbox 3677 334 3798 401">
    <p class='ocr_par' dir='ltr' id='par_1_3' title="bbox 3677 334 3798 401">
     <span class='ocr_line' id='line_1_3' title="bbox 3677 334 3798 401; baseline 0.017 -2"><span class='ocrx_word' id='word_1_9' title='bbox 3677 334 3798 401; x_wconf 83' lang='lat'>626</span> 
     </span>
    </p>
   </div>
   <div class='ocr_carea' id='block_1_4' title="bbox 390 468 2034 557">
    <p class='ocr_par' dir='ltr' id='par_1_4' title="bbox 390 473 2034 557">
     <span class='ocr_line' id='line_1_4' title="bbox 390 473 2034 557; baseline -0.001 -25"><span class='ocrx_word' id='word_1_10' title='bbox 390 473 581 556; x_wconf 87' lang='grc' dir='ltr'>σοφίας</span> <span class='ocrx_word' id='word_1_11' title='bbox 641 476 796 555; x_wconf 72' lang='grc' dir='ltr'>πηγὴ</span> <span class='ocrx_word' id='word_1_12' title='bbox 875 476 1117 557; x_wconf 67' lang='grc' dir='ltr'>ἐκφεύγει</span> <span class='ocrx_word' id='word_1_13' title='bbox 1171 476 1292 543; x_wconf 80' lang='grc' dir='ltr'>τοὺς</span> <span class='ocrx_word' id='word_1_14' title='bbox 1380 474 1562 540; x_wconf 81' lang='grc' dir='ltr'>δόλους</span> <span class='ocrx_word' id='word_1_15' title='bbox 1640 476 1834 536; x_wconf 77' lang='grc' dir='ltr'>αὒτῶν.</span> <span class='ocrx_word' id='word_1_16' title='bbox 1896 474 2034 533; x_wconf 83' lang='grc' dir='ltr'>Ἐπι·</span> 
     </span>
    </p>
   </div>
   <div class='ocr_carea' id='block_1_5' title="bbox 2118 468 3789 557">
    <p class='ocr_par' dir='ltr' id='par_1_5' title="bbox 2138 468 3789 557">
     <span class='ocr_line' id='line_1_5' title="bbox 2138 468 3789 557; baseline 0.002 -31"><span class='ocrx_word' id='word_1_17' title='bbox 2138 474 2470 557; x_wconf 83' lang='lat' dir='ltr'><strong>moventem</strong></span> <span class='ocrx_word' id='word_1_18' title='bbox 2530 476 2734 531; x_wconf 89' lang='lat' dir='ltr'><strong>contra</strong></span> <span class='ocrx_word' id='word_1_19' title='bbox 2791 468 3105 532; x_wconf 54' lang='lat' dir='ltr'><strong>Caesarem.</strong></span> <span class='ocrx_word' id='word_1_20' title='bbox 3167 471 3240 532; x_wconf 84' lang='lat' dir='ltr'><strong>At</strong></span> <span class='ocrx_word' id='word_1_21' title='bbox 3297 472 3427 534; x_wconf 89' lang='lat' dir='ltr'><strong>fons</strong></span> <span class='ocrx_word' id='word_1_22' title='bbox 3483 468 3789 551; x_wconf 67' lang='lat' dir='ltr'><strong>sapientiae</strong></span> 
     </span>
    </p>
   </div>
   <div class='ocr_carea' id='block_1_6' title="bbox 383 562 2047 646">
    <p class='ocr_par' dir='ltr' id='par_1_6' title="bbox 383 562 2047 646">
     <span class='ocr_line' id='line_1_6' title="bbox 383 562 2047 646; baseline -0.001 -26"><span class='ocrx_word' id='word_1_23' title='bbox 383 563 584 630; x_wconf 78' lang='grc' dir='ltr'>δείξατε</span> <span class='ocrx_word' id='word_1_24' title='bbox 644 564 744 643; x_wconf 76' lang='grc' dir='ltr'><strong>γάρ</strong></span> <span class='ocrx_word' id='word_1_25' title='bbox 802 587 916 641; x_wconf 87' lang='grc' dir='ltr'>μοι,</span> <span class='ocrx_word' id='word_1_26' title='bbox 962 568 1113 646; x_wconf 77' lang='grc' dir='ltr'>φησὶ,</span> <span class='ocrx_word' id='word_1_27' title='bbox 1158 568 1221 623; x_wconf 90' lang='grc' dir='ltr'><strong>τὸ</strong></span> <span class='ocrx_word' id='word_1_28' title='bbox 1265 567 1532 643; x_wconf 83' lang='grc' dir='ltr'>νόμισμα.</span> <span class='ocrx_word' id='word_1_29' title='bbox 1592 562 1739 623; x_wconf 81' lang='grc' dir='ltr'>Ἰδὼν</span> <span class='ocrx_word' id='word_1_30' title='bbox 1767 562 1824 621; x_wconf 80' lang='grc' dir='ltr'>δὲ</span> <span class='ocrx_word' id='word_1_31' title='bbox 1856 564 1935 620; x_wconf 83' lang='grc' dir='ltr'>ὃτι</span> <span class='ocrx_word' id='word_1_32' title='bbox 1967 565 2047 620; x_wconf 76' lang='grc' dir='ltr'><strong>εἷ-</strong></span> 
     </span>
    </p>
   </div>
   <div class='ocr_carea' id='block_1_7' title="bbox 387 652 2049 737">
    <p class='ocr_par' dir='ltr' id='par_1_7' title="bbox 387 652 2049 737">
     <span class='ocr_line' id='line_1_7' title="bbox 387 652 2049 737; baseline 0 -27"><span class='ocrx_word' id='word_1_33' title='bbox 387 654 520 710; x_wconf 87' lang='grc' dir='ltr'>κόνα</span> <span class='ocrx_word' id='word_1_34' title='bbox 564 654 684 734; x_wconf 82' lang='grc' dir='ltr'>ἔχει</span> <span class='ocrx_word' id='word_1_35' title='bbox 739 665 833 714; x_wconf 87' lang='grc' dir='ltr'><strong>τοῦ</strong></span> <span class='ocrx_word' id='word_1_36' title='bbox 864 655 1147 735; x_wconf 77' lang='grc' dir='ltr'>Καίσαρος,</span> <span class='ocrx_word' id='word_1_37' title='bbox 1182 657 1365 737; x_wconf 85' lang='grc' dir='ltr'>φησὶν,</span> <span class='ocrx_word' id='word_1_38' title='bbox 1401 652 1656 713; x_wconf 85' lang='grc' dir='ltr'><strong>Ἀπόδοτε</strong></span> <span class='ocrx_word' id='word_1_39' title='bbox 1686 656 1747 712; x_wconf 91' lang='grc' dir='ltr'><strong>τὸ</strong></span> <span class='ocrx_word' id='word_1_40' title='bbox 1790 653 1922 735; x_wconf 76' lang='grc' dir='ltr'>ἕχον</span> <span class='ocrx_word' id='word_1_41' title='bbox 1950 656 2049 723; x_wconf 79' lang='grc' dir='ltr'><strong>τὴν</strong></span> 
     </span>
    </p>
   </div>
   <div class='ocr_carea' id='block_1_8' title="bbox 388 743 2048 823">
    <p class='ocr_par' dir='ltr' id='par_1_8' title="bbox 388 743 2048 823">
     <span class='ocr_line' id='line_1_8' title="bbox 388 743 2048 823; baseline 0.001 -24"><span class='ocrx_word' id='word_1_42' title='bbox 388 743 593 823; x_wconf 73' lang='grc' dir='ltr'>είκόδα,</span> <span class='ocrx_word' id='word_1_43' title='bbox 641 750 717 818; x_wconf 86' lang='grc' dir='ltr'><strong>τῷ</strong></span> <span class='ocrx_word' id='word_1_44' title='bbox 776 745 1169 821; x_wconf 80' lang='grc' dir='ltr'>εἰκονιζομένῳ,</span> <span class='ocrx_word' id='word_1_45' title='bbox 1220 744 1457 802; x_wconf 77' lang='grc' dir='ltr'><strong>τουτέστι</strong></span> <span class='ocrx_word' id='word_1_46' title='bbox 1522 752 1601 820; x_wconf 83' lang='grc' dir='ltr'>τῷ</span> <span class='ocrx_word' id='word_1_47' title='bbox 1662 744 1905 820; x_wconf 79' lang='grc' dir='ltr'>Καίσαρι,</span> <span class='ocrx_word' id='word_1_48' title='bbox 1962 746 2048 801; x_wconf 88' lang='grc' dir='ltr'>καὶ</span> 
     </span>
    </p>
   </div>
   <div class='ocr_carea' id='block_1_9' title="bbox 389 832 2047 915">
    <p class='ocr_par' dir='ltr' id='par_1_9' title="bbox 389 832 2047 915">
     <span class='ocr_line' id='line_1_9' title="bbox 389 832 2047 915; baseline 0.002 -27"><span class='ocrx_word' id='word_1_49' title='bbox 389 833 458 889; x_wconf 70' lang='grc' dir='ltr'>τὰ</span> <span class='ocrx_word' id='word_1_50' title='bbox 517 840 646 891; x_wconf 87' lang='grc' dir='ltr'>Θεοῦ</span> <span class='ocrx_word' id='word_1_51' title='bbox 690 837 764 908; x_wconf 78' lang='grc' dir='ltr'>τῷ</span> <span class='ocrx_word' id='word_1_52' title='bbox 808 841 950 915; x_wconf 84' lang='grc' dir='ltr'>Θεῷ,</span> <span class='ocrx_word' id='word_1_53' title='bbox 1028 834 1324 909; x_wconf 77' lang='grc' dir='ltr'>τουτέστιν,</span> <span class='ocrx_word' id='word_1_54' title='bbox 1390 833 1535 892; x_wconf 75' lang='grc' dir='ltr'>οῦδὲν</span> <span class='ocrx_word' id='word_1_55' title='bbox 1590 832 1857 910; x_wconf 60' lang='grc' dir='ltr'>ἐμποδίζει</span> <span class='ocrx_word' id='word_1_56' title='bbox 1917 835 2047 910; x_wconf 76' lang='grc' dir='ltr'>ὑμῖν</span> 
     </span>
    </p>
   </div>
   <div class='ocr_carea' id='block_1_10' title="bbox 392 920 2046 1003">
    <p class='ocr_par' dir='ltr' id='par_1_10' title="bbox 392 920 2046 1003">
     <span class='ocr_line' id='line_1_10' title="bbox 392 920 2046 1003; baseline 0.001 -24"><span class='ocrx_word' id='word_1_57' title='bbox 392 924 525 1001; x_wconf 87' lang='grc' dir='ltr'>πρὸς</span> <span class='ocrx_word' id='word_1_58' title='bbox 595 920 895 981; x_wconf 83' lang='grc' dir='ltr'>θεοσέϐειαν</span> <span class='ocrx_word' id='word_1_59' title='bbox 975 926 1037 980; x_wconf 79' lang='grc' dir='ltr'><strong>τὸ</strong></span> <span class='ocrx_word' id='word_1_60' title='bbox 1107 923 1287 981; x_wconf 81' lang='grc' dir='ltr'>τελεῖν</span> <span class='ocrx_word' id='word_1_61' title='bbox 1358 926 1436 1000; x_wconf 80' lang='grc' dir='ltr'><strong>τῷ</strong></span> <span class='ocrx_word' id='word_1_62' title='bbox 1507 924 1750 1003; x_wconf 80' lang='grc' dir='ltr'>Καίσαρι,</span> <span class='ocrx_word' id='word_1_63' title='bbox 1819 924 2046 981; x_wconf 87' lang='grc' dir='ltr'>Δύνασθε</span> 
     </span>
    </p>
   </div>
   <div class='ocr_carea' id='block_1_11' title="bbox 391 1012 2044 1092">
    <p class='ocr_par' dir='ltr' id='par_1_11' title="bbox 391 1012 2044 1092">
     <span class='ocr_line' id='line_1_11' title="bbox 391 1012 2044 1092; baseline 0.001 -24"><span class='ocrx_word' id='word_1_64' title='bbox 391 1014 492 1091; x_wconf 82' lang='grc' dir='ltr'><strong>γὰρ</strong></span> <span class='ocrx_word' id='word_1_65' title='bbox 549 1013 639 1069; x_wconf 79' lang='grc' dir='ltr'><strong>καὶ</strong></span> <span class='ocrx_word' id='word_1_66' title='bbox 694 1019 771 1088; x_wconf 85' lang='grc' dir='ltr'>τῷ</span> <span class='ocrx_word' id='word_1_67' title='bbox 814 1013 1034 1092; x_wconf 80' lang='grc' dir='ltr'>Καίσαρι</span> <span class='ocrx_word' id='word_1_68' title='bbox 1086 1012 1388 1089; x_wconf 73' lang='grc' dir='ltr'>ὑποτελεῖν,</span> <span class='ocrx_word' id='word_1_69' title='bbox 1442 1016 1532 1072; x_wconf 86' lang='grc' dir='ltr'><strong>καὶ</strong></span> <span class='ocrx_word' id='word_1_70' title='bbox 1573 1018 1652 1087; x_wconf 81' lang='grc' dir='ltr'>τῷ</span> <span class='ocrx_word' id='word_1_71' title='bbox 1680 1020 1796 1089; x_wconf 80' lang='grc' dir='ltr'>Θεῷ</span> <span class='ocrx_word' id='word_1_72' title='bbox 1838 1014 1902 1073; x_wconf 79' lang='grc' dir='ltr'>τὰ</span> <span class='ocrx_word' id='word_1_73' title='bbox 1961 1015 2044 1070; x_wconf 82' lang='grc' dir='ltr'><strong>οἷ-</strong></span> 
     </span>
    </p>
   </div>
   <div class='ocr_carea' id='block_1_12' title="bbox 386 1100 2041 1181">
    <p class='ocr_par' dir='ltr' id='par_1_12' title="bbox 386 1100 2041 1181">
     <span class='ocr_line' id='line_1_12' title="bbox 386 1100 2041 1181; baseline 0.001 -24"><span class='ocrx_word' id='word_1_74' title='bbox 386 1114 513 1157; x_wconf 85' lang='grc' dir='ltr'>κεῖα</span> <span class='ocrx_word' id='word_1_75' title='bbox 555 1100 757 1177; x_wconf 85' lang='grc' dir='ltr'>νέμειν,</span> <span class='ocrx_word' id='word_1_76' title='bbox 840 1112 1051 1181; x_wconf 79' lang='grc' dir='ltr'>Καῖσαρ</span> <span class='ocrx_word' id='word_1_77' title='bbox 1107 1101 1162 1160; x_wconf 84' lang='grc' dir='ltr'><strong>δέ</strong></span> <span class='ocrx_word' id='word_1_78' title='bbox 1217 1104 1361 1160; x_wconf 73' lang='grc' dir='ltr'>ἐστιν</span> <span class='ocrx_word' id='word_1_79' title='bbox 1422 1102 1629 1177; x_wconf 74' lang='grc' dir='ltr'>ἑκάστῳ</span> <span class='ocrx_word' id='word_1_80' title='bbox 1683 1104 1840 1178; x_wconf 80' lang='grc' dir='ltr'>ἡμῶν</span> <span class='ocrx_word' id='word_1_81' title='bbox 1876 1103 1964 1159; x_wconf 85' lang='grc' dir='ltr'>καὶ</span> <span class='ocrx_word' id='word_1_82' title='bbox 2007 1105 2041 1171; x_wconf 78' lang='grc' dir='ltr'>ἡ</span> 
     </span>
    </p>
   </div>
   <div class='ocr_carea' id='block_1_13' title="bbox 385 1190 2042 1271">
    <p class='ocr_par' dir='ltr' id='par_1_13' title="bbox 385 1190 2042 1271">
     <span class='ocr_line' id='line_1_13' title="bbox 385 1190 2042 1271; baseline 0.001 -24"><span class='ocrx_word' id='word_1_83' title='bbox 385 1196 477 1247; x_wconf 87' lang='grc' dir='ltr'><strong>τοῦ</strong></span> <span class='ocrx_word' id='word_1_84' title='bbox 546 1191 796 1267; x_wconf 83' lang='grc' dir='ltr'>σώματος</span> <span class='ocrx_word' id='word_1_85' title='bbox 872 1192 1237 1271; x_wconf 75' lang='grc' dir='ltr'>ἀπαραίτητος</span> <span class='ocrx_word' id='word_1_86' title='bbox 1307 1192 1539 1271; x_wconf 78' lang='grc' dir='ltr'>ἀνάγκη.</span> <span class='ocrx_word' id='word_1_87' title='bbox 1599 1190 1813 1251; x_wconf 80' lang='grc' dir='ltr'>Κελεύει</span> <span class='ocrx_word' id='word_1_88' title='bbox 1869 1194 1955 1249; x_wconf 82' lang='grc' dir='ltr'>οὒν</span> <span class='ocrx_word' id='word_1_89' title='bbox 2015 1194 2042 1249; x_wconf 98' lang='lat'><strong>6</strong></span> 
     </span>
    </p>
   </div>
   <div class='ocr_carea' id='block_1_14' title="bbox 391 1280 2039 1362">
    <p class='ocr_par' dir='ltr' id='par_1_14' title="bbox 391 1280 2039 1362">
     <span class='ocr_line' id='line_1_14' title="bbox 391 1280 2039 1362; baseline -0.001 -23"><span class='ocrx_word' id='word_1_90' title='bbox 391 1281 576 1346; x_wconf 74' lang='grc' dir='ltr'>Κύριος</span> <span class='ocrx_word' id='word_1_91' title='bbox 634 1280 939 1339; x_wconf 79' lang='grc' dir='ltr'>ἀποδιδόναι</span> <span class='ocrx_word' id='word_1_92' title='bbox 980 1284 1071 1339; x_wconf 78' lang='grc' dir='ltr'><strong>καὶ</strong></span> <span class='ocrx_word' id='word_1_93' title='bbox 1112 1290 1189 1358; x_wconf 83' lang='grc' dir='ltr'><strong>τῷ</strong></span> <span class='ocrx_word' id='word_1_94' title='bbox 1218 1282 1426 1360; x_wconf 83' lang='grc' dir='ltr'>σώματι</span> <span class='ocrx_word' id='word_1_95' title='bbox 1472 1283 1539 1340; x_wconf 76' lang='grc' dir='ltr'>τὰ</span> <span class='ocrx_word' id='word_1_96' title='bbox 1584 1284 1757 1340; x_wconf 71' lang='grc' dir='ltr'>οἰκεῖα</span> <span class='ocrx_word' id='word_1_97' title='bbox 1784 1282 2039 1362; x_wconf 77' lang='grc' dir='ltr'>βρώματα</span> 
     </span>
    </p>
   </div>
   <div class='ocr_carea' id='block_1_15' title="bbox 384 1369 2041 1449">
    <p class='ocr_par' dir='ltr' id='par_1_15' title="bbox 384 1369 2041 1449">
     <span class='ocr_line' id='line_1_15' title="bbox 384 1369 2041 1449; baseline 0.002 -25"><span class='ocrx_word' id='word_1_98' title='bbox 384 1371 474 1425; x_wconf 83' lang='grc' dir='ltr'><strong>καὶ</strong></span> <span class='ocrx_word' id='word_1_99' title='bbox 528 1369 798 1449; x_wconf 81' lang='grc' dir='ltr'>ἀναγκαῖα</span> <span class='ocrx_word' id='word_1_100' title='bbox 873 1372 1248 1447; x_wconf 76' lang='grc' dir='ltr'>σκεπάσματα,</span> <span class='ocrx_word' id='word_1_101' title='bbox 1335 1372 1423 1429; x_wconf 85' lang='grc' dir='ltr'><strong>καὶ</strong></span> <span class='ocrx_word' id='word_1_102' title='bbox 1505 1372 1572 1429; x_wconf 81' lang='grc' dir='ltr'>τὰ</span> <span class='ocrx_word' id='word_1_103' title='bbox 1627 1378 1720 1429; x_wconf 88' lang='grc' dir='ltr'><strong>τοῦ</strong></span> <span class='ocrx_word' id='word_1_104' title='bbox 1778 1371 1912 1428; x_wconf 88' lang='grc' dir='ltr'><strong>Θεοῦ</strong></span> <span class='ocrx_word' id='word_1_105' title='bbox 1964 1372 2041 1446; x_wconf 82' lang='grc' dir='ltr'><strong>τῷ</strong></span> 
     </span>
    </p>
   </div>
   <div class='ocr_carea' id='block_1_16' title="bbox 385 1458 2035 1542">
    <p class='ocr_par' dir='ltr' id='par_1_16' title="bbox 385 1458 2035 1542">
     <span class='ocr_line' id='line_1_16' title="bbox 385 1458 2035 1542; baseline 0.004 -29"><span class='ocrx_word' id='word_1_106' title='bbox 385 1465 522 1533; x_wconf 82' lang='grc' dir='ltr'>Θεῷ,</span> <span class='ocrx_word' id='word_1_107' title='bbox 584 1460 871 1538; x_wconf 77' lang='grc' dir='ltr'>ἀγρυπνίαν</span> <span class='ocrx_word' id='word_1_108' title='bbox 950 1458 1310 1542; x_wconf 78' lang='grc' dir='ltr'>ἐνδεχομένην</span> <span class='ocrx_word' id='word_1_109' title='bbox 1358 1462 1691 1542; x_wconf 78' lang='grc' dir='ltr'>προσευχήν,</span> <span class='ocrx_word' id='word_1_110' title='bbox 1727 1462 1815 1518; x_wconf 89' lang='grc' dir='ltr'><strong>καὶ</strong></span> <span class='ocrx_word' id='word_1_111' title='bbox 1843 1460 2035 1521; x_wconf 76' lang='grc' dir='ltr'>τᾶλλα.</span> 
     </span>
    </p>
   </div>
   <div class='ocr_carea' id='block_1_17' title="bbox 388 1545 2039 1631">
    <p class='ocr_par' dir='ltr' id='par_1_17' title="bbox 388 1545 2039 1631">
     <span class='ocr_line' id='line_1_17' title="bbox 388 1545 2039 1631; baseline 0.001 -25"><span class='ocrx_word' id='word_1_112' title='bbox 388 1545 555 1607; x_wconf 77' lang='grc' dir='ltr'>Ἀλλά</span> <span class='ocrx_word' id='word_1_113' title='bbox 612 1550 700 1607; x_wconf 81' lang='grc' dir='ltr'><strong>καὶ</strong></span> <span class='ocrx_word' id='word_1_114' title='bbox 743 1556 822 1624; x_wconf 83' lang='grc' dir='ltr'><strong>τῷ</strong></span> <span class='ocrx_word' id='word_1_115' title='bbox 863 1548 1113 1627; x_wconf 85' lang='grc' dir='ltr'>διαϐόλῳ,</span> <span class='ocrx_word' id='word_1_116' title='bbox 1160 1553 1387 1631; x_wconf 83' lang='grc' dir='ltr'>Καίσαρι</span> <span class='ocrx_word' id='word_1_117' title='bbox 1432 1551 1567 1627; x_wconf 82' lang='grc' dir='ltr'>δντι,</span> <span class='ocrx_word' id='word_1_118' title='bbox 1628 1550 1918 1630; x_wconf 78' lang='grc' dir='ltr'>ἀπόῤῥιψον</span> <span class='ocrx_word' id='word_1_119' title='bbox 1973 1552 2039 1608; x_wconf 77' lang='grc' dir='ltr'><strong>τὰ</strong></span> 
     </span>
    </p>
   </div>
   <div class='ocr_carea' id='block_1_18' title="bbox 385 1637 2033 1722">
    <p class='ocr_par' dir='ltr' id='par_1_18' title="bbox 385 1637 2033 1722">
     <span class='ocr_line' id='line_1_18' title="bbox 385 1637 2033 1722; baseline 0.004 -29"><span class='ocrx_word' id='word_1_120' title='bbox 385 1637 511 1717; x_wconf 77' lang='grc' dir='ltr'>παρ’</span> <span class='ocrx_word' id='word_1_121' title='bbox 571 1639 732 1698; x_wconf 72' lang='grc' dir='ltr'>αὐτοῦ</span> <span class='ocrx_word' id='word_1_122' title='bbox 799 1662 883 1698; x_wconf 89' lang='grc' dir='ltr'><strong>σοι</strong></span> <span class='ocrx_word' id='word_1_123' title='bbox 942 1638 1175 1722; x_wconf 75' lang='grc' dir='ltr'>δοθέντα,</span> <span class='ocrx_word' id='word_1_124' title='bbox 1233 1643 1419 1721; x_wconf 88' lang='grc' dir='ltr'>θυμὸν,</span> <span class='ocrx_word' id='word_1_125' title='bbox 1504 1641 1782 1718; x_wconf 76' lang='grc' dir='ltr'>ἐπιθυμίαν</span> <span class='ocrx_word' id='word_1_126' title='bbox 1838 1642 2033 1717; x_wconf 77' lang='grc' dir='ltr'>κακὴν,</span> 
     </span>
    </p>
   </div>
   <div class='ocr_carea' id='block_1_19' title="bbox 384 1729 1499 1810">
    <p class='ocr_par' dir='ltr' id='par_1_19' title="bbox 384 1729 1499 1810">
     <span class='ocr_line' id='line_1_19' title="bbox 384 1729 1499 1810; baseline 0.008 -25"><span class='ocrx_word' id='word_1_127' title='bbox 384 1730 474 1785; x_wconf 86' lang='grc' dir='ltr'><strong>καὶ</strong></span> <span class='ocrx_word' id='word_1_128' title='bbox 504 1729 569 1786; x_wconf 84' lang='grc' dir='ltr'><strong>τά</strong></span> <span class='ocrx_word' id='word_1_129' title='bbox 596 1730 688 1787; x_wconf 76' lang='grc' dir='ltr'><strong>τοῦ</strong></span> <span class='ocrx_word' id='word_1_130' title='bbox 717 1737 871 1806; x_wconf 88' lang='grc' dir='ltr'>Θεοῦ,</span> <span class='ocrx_word' id='word_1_131' title='bbox 904 1731 1226 1810; x_wconf 66' lang='grc' dir='ltr'>προσένεγκε</span> <span class='ocrx_word' id='word_1_132' title='bbox 1253 1735 1332 1805; x_wconf 81' lang='grc' dir='ltr'><strong>τῷ</strong></span> <span class='ocrx_word' id='word_1_133' title='bbox 1359 1731 1499 1807; x_wconf 83' lang='grc' dir='ltr'>Θεῷ.</span> 
     </span>
    </p>
   </div>
   <div class='ocr_carea' id='block_1_20' title="bbox 473 1819 2035 1902">
    <p class='ocr_par' dir='ltr' id='par_1_20' title="bbox 473 1819 2035 1902">
     <span class='ocr_line' id='line_1_20' title="bbox 473 1819 2035 1902; baseline 0.003 -28"><span class='ocrx_word' id='word_1_134' title='bbox 473 1842 494 1874; x_wconf 83' lang='grc' dir='ltr'><strong>ε</strong></span> <span class='ocrx_word' id='word_1_135' title='bbox 537 1820 633 1878; x_wconf 78' lang='grc' dir='ltr'><strong>Καὶ</strong></span> <span class='ocrx_word' id='word_1_136' title='bbox 689 1819 941 1901; x_wconf 73' lang='grc' dir='ltr'>ἔρχονται</span> <span class='ocrx_word' id='word_1_137' title='bbox 1000 1819 1347 1879; x_wconf 76' lang='grc' dir='ltr'>Σαδδουκαῖοι</span> <span class='ocrx_word' id='word_1_138' title='bbox 1405 1823 1537 1902; x_wconf 86' lang='grc' dir='ltr'>πρὸς</span> <span class='ocrx_word' id='word_1_139' title='bbox 1580 1822 1758 1896; x_wconf 72' lang='grc' dir='ltr'>αὐτὸν,</span> <span class='ocrx_word' id='word_1_140' title='bbox 1812 1821 1867 1878; x_wconf 69' lang='grc' dir='ltr'>οἳ</span> <span class='ocrx_word' id='word_1_141' title='bbox 1899 1844 2035 1885; x_wconf 85' lang='grc' dir='ltr'>τινες</span> 
     </span>
    </p>
   </div>
   <div class='ocr_carea' id='block_1_21' title="bbox 382 1907 2036 1992">
    <p class='ocr_par' dir='ltr' id='par_1_21' title="bbox 382 1907 2036 1992">
     <span class='ocr_line' id='line_1_21' title="bbox 382 1907 2036 1992; baseline 0.001 -27"><span class='ocrx_word' id='word_1_142' title='bbox 382 1907 628 1987; x_wconf 85' lang='grc' dir='ltr'>λέγουσιν</span> <span class='ocrx_word' id='word_1_143' title='bbox 684 1911 969 1968; x_wconf 75' lang='grc' dir='ltr'>ἀνάστασιν</span> <span class='ocrx_word' id='word_1_144' title='bbox 1042 1911 1120 1987; x_wconf 82' lang='grc' dir='ltr'>μὴ</span> <span class='ocrx_word' id='word_1_145' title='bbox 1179 1911 1348 1992; x_wconf 79' lang='grc' dir='ltr'>εἶναι,</span> <span class='ocrx_word' id='word_1_146' title='bbox 1391 1912 1479 1970; x_wconf 83' lang='grc' dir='ltr'><strong>καὶ</strong></span> <span class='ocrx_word' id='word_1_147' title='bbox 1525 1910 1881 1989; x_wconf 77' lang='grc' dir='ltr'>ἐπηρώτησαν</span> <span class='ocrx_word' id='word_1_148' title='bbox 1936 1911 2036 1968; x_wconf 76' lang='grc' dir='ltr'><strong>αὒ-</strong></span> 
     </span>
    </p>
   </div>
   <div class='ocr_carea' id='block_1_22' title="bbox 380 1997 2037 2082">
    <p class='ocr_par' dir='ltr' id='par_1_22' title="bbox 380 1997 2037 2082">
     <span class='ocr_line' id='line_1_22' title="bbox 380 1997 2037 2082; baseline 0.002 -28"><span class='ocrx_word' id='word_1_149' title='bbox 380 1999 495 2079; x_wconf 90' lang='grc' dir='ltr'>τὸν,</span> <span class='ocrx_word' id='word_1_150' title='bbox 529 1997 776 2078; x_wconf 82' lang='grc' dir='ltr'>λέγοντες</span> <span class='ocrx_word' id='word_1_151' title='bbox 805 2018 821 2036; x_wconf 84' lang='grc'><strong><em>⁸</em></strong></span> <span class='ocrx_word' id='word_1_152' title='bbox 882 1998 1201 2082; x_wconf 84' lang='grc' dir='ltr'>Διδάσκαλε,</span> <span class='ocrx_word' id='word_1_153' title='bbox 1246 2006 1445 2068; x_wconf 78' lang='grc' dir='ltr'>Μωσῆς</span> <span class='ocrx_word' id='word_1_154' title='bbox 1488 2000 1724 2080; x_wconf 78' lang='grc' dir='ltr'>ἔγραψεν</span> <span class='ocrx_word' id='word_1_155' title='bbox 1767 2003 1903 2076; x_wconf 76' lang='grc' dir='ltr'>ἡμῖν</span> <span class='ocrx_word' id='word_1_156' title='bbox 1955 1999 2037 2058; x_wconf 83' lang='grc' dir='ltr'><strong>ὅτι</strong></span> 
     </span>
    </p>
   </div>
   <div class='ocr_carea' id='block_1_23' title="bbox 378 2087 2039 2170">
    <p class='ocr_par' dir='ltr' id='par_1_23' title="bbox 378 2087 2039 2170">
     <span class='ocr_line' id='line_1_23' title="bbox 378 2087 2039 2170; baseline 0.004 -26"><span class='ocrx_word' id='word_1_157' title='bbox 378 2088 471 2144; x_wconf 70' lang='grc' dir='ltr'>ἐάν</span> <span class='ocrx_word' id='word_1_158' title='bbox 508 2110 650 2153; x_wconf 81' lang='grc' dir='ltr'>τινος</span> <span class='ocrx_word' id='word_1_159' title='bbox 696 2087 921 2170; x_wconf 84' lang='grc' dir='ltr'>ἀδελφὸς</span> <span class='ocrx_word' id='word_1_160' title='bbox 966 2088 1229 2168; x_wconf 79' lang='grc' dir='ltr'>ἀποθάνῃ,</span> <span class='ocrx_word' id='word_1_161' title='bbox 1276 2092 1365 2147; x_wconf 86' lang='grc' dir='ltr'><strong>καὶ</strong></span> <span class='ocrx_word' id='word_1_162' title='bbox 1392 2089 1661 2169; x_wconf 73' lang='grc' dir='ltr'>καταλίπῃ</span> <span class='ocrx_word' id='word_1_163' title='bbox 1691 2103 1923 2169; x_wconf 87' lang='grc' dir='ltr'>γυναῖκα</span> <span class='ocrx_word' id='word_1_164' title='bbox 1950 2097 2039 2151; x_wconf 89' lang='grc' dir='ltr'>καὶ</span> 
     </span>
    </p>
   </div>
   <div class='ocr_carea' id='block_1_24' title="bbox 378 2175 2037 2260">
    <p class='ocr_par' dir='ltr' id='par_1_24' title="bbox 378 2175 2037 2260">
     <span class='ocr_line' id='line_1_24' title="bbox 378 2175 2037 2260; baseline 0.002 -28"><span class='ocrx_word' id='word_1_165' title='bbox 378 2175 540 2235; x_wconf 87' lang='grc' dir='ltr'>τέκνα</span> <span class='ocrx_word' id='word_1_166' title='bbox 571 2176 650 2253; x_wconf 74' lang='grc' dir='ltr'><strong>μὴ</strong></span> <span class='ocrx_word' id='word_1_167' title='bbox 680 2177 817 2258; x_wconf 78' lang='grc' dir='ltr'>ἀφῇ,</span> <span class='ocrx_word' id='word_1_168' title='bbox 846 2177 939 2235; x_wconf 72' lang='grc' dir='ltr'><strong>ἵνα</strong></span> <span class='ocrx_word' id='word_1_169' title='bbox 993 2176 1132 2255; x_wconf 72' lang='grc' dir='ltr'>λάϐῃ</span> <span class='ocrx_word' id='word_1_170' title='bbox 1184 2181 1212 2235; x_wconf 97' lang='lat'><strong>6</strong></span> <span class='ocrx_word' id='word_1_171' title='bbox 1242 2177 1465 2260; x_wconf 87' lang='grc' dir='ltr'>ἀδελφὸς</span> <span class='ocrx_word' id='word_1_172' title='bbox 1496 2183 1653 2238; x_wconf 78' lang='grc' dir='ltr'>αὐτοῦ</span> <span class='ocrx_word' id='word_1_173' title='bbox 1681 2180 1781 2247; x_wconf 80' lang='grc' dir='ltr'><strong>τὴν</strong></span> <span class='ocrx_word' id='word_1_174' title='bbox 1808 2192 2037 2258; x_wconf 88' lang='grc' dir='ltr'>γυναῖκα</span> 
     </span>
    </p>
   </div>
   <div class='ocr_carea' id='block_1_25' title="bbox 377 2266 2033 2350">
    <p class='ocr_par' dir='ltr' id='par_1_25' title="bbox 377 2266 2033 2350">
     <span class='ocr_line' id='line_1_25' title="bbox 377 2266 2033 2350; baseline 0 -25"><span class='ocrx_word' id='word_1_175' title='bbox 377 2269 561 2350; x_wconf 76' lang='grc' dir='ltr'>αὗτοῦ,</span> <span class='ocrx_word' id='word_1_176' title='bbox 626 2268 714 2325; x_wconf 84' lang='grc' dir='ltr'>καὶ</span> <span class='ocrx_word' id='word_1_177' title='bbox 781 2266 1113 2345; x_wconf 77' lang='grc' dir='ltr'>ἐξαναστήσῃ</span> <span class='ocrx_word' id='word_1_178' title='bbox 1175 2268 1387 2350; x_wconf 85' lang='grc' dir='ltr'>σπέρμα</span> <span class='ocrx_word' id='word_1_179' title='bbox 1441 2276 1519 2344; x_wconf 82' lang='grc' dir='ltr'>τῷ</span> <span class='ocrx_word' id='word_1_180' title='bbox 1587 2267 1797 2349; x_wconf 85' lang='grc' dir='ltr'>ἀδελφῷ</span> <span class='ocrx_word' id='word_1_181' title='bbox 1854 2270 2033 2333; x_wconf 72' lang='grc' dir='ltr'>αὐτοῦ,</span> 
     </span>
    </p>
   </div>
   <div class='ocr_carea' id='block_1_26' title="bbox 379 2347 2033 2439">
    <p class='ocr_par' dir='ltr' id='par_1_26' title="bbox 379 2347 2033 2439">
     <span class='ocr_line' id='line_1_26' title="bbox 379 2347 2033 2439; baseline 0.002 -26"><span class='ocrx_word' id='word_1_182' title='bbox 379 2347 552 2414; x_wconf 63' lang='grc' dir='ltr'>Ἐπτά</span> <span class='ocrx_word' id='word_1_183' title='bbox 607 2354 820 2438; x_wconf 79' lang='grc' dir='ltr'>ἀδελφοὶ</span> <span class='ocrx_word' id='word_1_184' title='bbox 869 2357 1031 2439; x_wconf 75' lang='grc' dir='ltr'>ἦσαν,</span> <span class='ocrx_word' id='word_1_185' title='bbox 1087 2360 1174 2415; x_wconf 81' lang='grc' dir='ltr'><strong>καὶ</strong></span> <span class='ocrx_word' id='word_1_186' title='bbox 1218 2361 1246 2416; x_wconf 91' lang='lat'><strong>6</strong></span> <span class='ocrx_word' id='word_1_187' title='bbox 1281 2347 1510 2437; x_wconf 42' lang='grc' dir='ltr'>’πρῶτος</span> <span class='ocrx_word' id='word_1_188' title='bbox 1571 2347 1737 2416; x_wconf 73' lang='grc' dir='ltr'>ἔλαϐε</span> <span class='ocrx_word' id='word_1_189' title='bbox 1782 2372 2033 2438; x_wconf 86' lang='grc' dir='ltr'>γυναῖκα,</span> 
     </span>
    </p>
   </div>
   <div class='ocr_carea' id='block_1_27' title="bbox 379 2447 2036 2529">
    <p class='ocr_par' dir='ltr' id='par_1_27' title="bbox 379 2447 2036 2529">
     <span class='ocr_line' id='line_1_27' title="bbox 379 2447 2036 2529; baseline 0.002 -28"><span class='ocrx_word' id='word_1_190' title='bbox 379 2448 470 2502; x_wconf 82' lang='grc' dir='ltr'><strong>καὶ</strong></span> <span class='ocrx_word' id='word_1_191' title='bbox 522 2447 898 2523; x_wconf 76' lang='grc' dir='ltr'>ἀποθνήσκων,</span> <span class='ocrx_word' id='word_1_192' title='bbox 956 2449 1051 2505; x_wconf 74' lang='grc' dir='ltr'>οὐκ</span> <span class='ocrx_word' id='word_1_193' title='bbox 1108 2448 1280 2529; x_wconf 78' lang='grc' dir='ltr'>ἀφῆκε</span> <span class='ocrx_word' id='word_1_194' title='bbox 1340 2450 1571 2529; x_wconf 82' lang='grc' dir='ltr'>σπέρμα,</span> <span class='ocrx_word' id='word_1_195' title='bbox 1606 2450 1695 2506; x_wconf 86' lang='grc' dir='ltr'><strong>καὶ</strong></span> <span class='ocrx_word' id='word_1_196' title='bbox 1724 2450 1752 2505; x_wconf 81' lang='lat'><strong>6</strong></span> <span class='ocrx_word' id='word_1_197' title='bbox 1796 2448 2036 2526; x_wconf 79' lang='grc' dir='ltr'>δεύτερος</span> 
     </span>
    </p>
   </div>
   <div class='ocr_carea' id='block_1_28' title="bbox 377 2533 2035 2619">
    <p class='ocr_par' dir='ltr' id='par_1_28' title="bbox 377 2533 2035 2619">
     <span class='ocr_line' id='line_1_28' title="bbox 377 2533 2035 2619; baseline 0.003 -29"><span class='ocrx_word' id='word_1_198' title='bbox 377 2533 567 2592; x_wconf 77' lang='grc' dir='ltr'>ἶλαϐεν</span> <span class='ocrx_word' id='word_1_199' title='bbox 623 2538 786 2604; x_wconf 70' lang='grc' dir='ltr'>αὐτὴν</span> <span class='ocrx_word' id='word_1_200' title='bbox 870 2538 960 2594; x_wconf 86' lang='grc' dir='ltr'><strong>καὶ</strong></span> <span class='ocrx_word' id='word_1_201' title='bbox 1015 2536 1265 2618; x_wconf 87' lang='grc' dir='ltr'>ἀπέθανε,</span> <span class='ocrx_word' id='word_1_202' title='bbox 1325 2540 1411 2595; x_wconf 87' lang='grc' dir='ltr'><strong>καὶ</strong></span> <span class='ocrx_word' id='word_1_203' title='bbox 1469 2537 1585 2595; x_wconf 71' lang='grc' dir='ltr'>οὐδὲ</span> <span class='ocrx_word' id='word_1_204' title='bbox 1656 2539 1814 2603; x_wconf 79' lang='grc' dir='ltr'>αὐτὸς</span> <span class='ocrx_word' id='word_1_205' title='bbox 1862 2539 2035 2619; x_wconf 76' lang='grc' dir='ltr'>ἀφῆκε</span> 
     </span>
    </p>
   </div>
   <div class='ocr_carea' id='block_1_29' title="bbox 380 2625 2036 2706">
    <p class='ocr_par' dir='ltr' id='par_1_29' title="bbox 380 2625 2036 2706">
     <span class='ocr_line' id='line_1_29' title="bbox 380 2625 2036 2706; baseline 0.002 -25"><span class='ocrx_word' id='word_1_206' title='bbox 380 2626 615 2703; x_wconf 74' lang='grc' dir='ltr'>σπέρμα,</span> <span class='ocrx_word' id='word_1_207' title='bbox 674 2627 762 2683; x_wconf 81' lang='grc' dir='ltr'><strong>καὶ</strong></span> <span class='ocrx_word' id='word_1_208' title='bbox 804 2628 833 2682; x_wconf 88' lang='lat'><strong>6</strong></span> <span class='ocrx_word' id='word_1_209' title='bbox 874 2625 1051 2706; x_wconf 80' lang='grc' dir='ltr'>τρίτος</span> <span class='ocrx_word' id='word_1_210' title='bbox 1110 2628 1387 2703; x_wconf 82' lang='grc' dir='ltr'>ὡσαύτως,</span> <span class='ocrx_word' id='word_1_211' title='bbox 1449 2630 1537 2685; x_wconf 80' lang='grc' dir='ltr'><strong>καὶ</strong></span> <span class='ocrx_word' id='word_1_212' title='bbox 1566 2625 1756 2685; x_wconf 72' lang='grc' dir='ltr'>ἔλαϐον</span> <span class='ocrx_word' id='word_1_213' title='bbox 1785 2629 1948 2697; x_wconf 72' lang='grc' dir='ltr'>αὐτὴν</span> <span class='ocrx_word' id='word_1_214' title='bbox 1988 2630 2036 2686; x_wconf 77' lang='grc' dir='ltr'>οἱ</span> 
     </span>
    </p>
   </div>
   <div class='ocr_carea' id='block_1_30' title="bbox 376 2714 2035 2798">
    <p class='ocr_par' dir='ltr' id='par_1_30' title="bbox 376 2714 2035 2798">
     <span class='ocr_line' id='line_1_30' title="bbox 376 2714 2035 2798; baseline 0.002 -27"><span class='ocrx_word' id='word_1_215' title='bbox 376 2715 536 2793; x_wconf 71' lang='grc' dir='ltr'>ἑπτά,</span> <span class='ocrx_word' id='word_1_216' title='bbox 594 2717 681 2771; x_wconf 85' lang='grc' dir='ltr'>καὶ</span> <span class='ocrx_word' id='word_1_217' title='bbox 737 2714 833 2772; x_wconf 77' lang='grc' dir='ltr'><strong>οὐκ</strong></span> <span class='ocrx_word' id='word_1_218' title='bbox 886 2715 1102 2796; x_wconf 77' lang='grc' dir='ltr'>ἀφῆκαν</span> <span class='ocrx_word' id='word_1_219' title='bbox 1146 2716 1379 2798; x_wconf 87' lang='grc' dir='ltr'>σπέρμα.</span> <span class='ocrx_word' id='word_1_220' title='bbox 1434 2715 1682 2798; x_wconf 77' lang='grc' dir='ltr'>Ἐσχάτη</span> <span class='ocrx_word' id='word_1_221' title='bbox 1738 2716 1793 2773; x_wconf 79' lang='grc' dir='ltr'>δὲ</span> <span class='ocrx_word' id='word_1_222' title='bbox 1820 2718 2035 2776; x_wconf 87' lang='grc' dir='ltr'>πάντων</span> 
     </span>
    </p>
   </div>
   <div class='ocr_carea' id='block_1_31' title="bbox 375 2804 2032 2884">
    <p class='ocr_par' dir='ltr' id='par_1_31' title="bbox 375 2804 2032 2884">
     <span class='ocr_line' id='line_1_31' title="bbox 375 2804 2032 2884; baseline 0.001 -24"><span class='ocrx_word' id='word_1_223' title='bbox 375 2804 603 2861; x_wconf 84' lang='grc' dir='ltr'>ἀπέθανε</span> <span class='ocrx_word' id='word_1_224' title='bbox 646 2806 735 2861; x_wconf 85' lang='grc' dir='ltr'><strong>καὶ</strong></span> <span class='ocrx_word' id='word_1_225' title='bbox 790 2806 825 2873; x_wconf 80' lang='grc' dir='ltr'>ἡ</span> <span class='ocrx_word' id='word_1_226' title='bbox 897 2806 1055 2883; x_wconf 78' lang='grc' dir='ltr'>γυνή.</span> <span class='ocrx_word' id='word_1_227' title='bbox 1128 2804 1219 2864; x_wconf 87' lang='grc' dir='ltr'>Ἐν</span> <span class='ocrx_word' id='word_1_228' title='bbox 1274 2812 1344 2884; x_wconf 77' lang='grc' dir='ltr'><strong>τῇ</strong></span> <span class='ocrx_word' id='word_1_229' title='bbox 1400 2808 1488 2864; x_wconf 81' lang='grc' dir='ltr'>οὖν</span> <span class='ocrx_word' id='word_1_230' title='bbox 1546 2807 1830 2865; x_wconf 82' lang='grc' dir='ltr'>ἀναστάσει</span> <span class='ocrx_word' id='word_1_231' title='bbox 1908 2806 2032 2866; x_wconf 83' lang='grc' dir='ltr'>ὅταν</span> 
     </span>
    </p>
   </div>
   <div class='ocr_carea' id='block_1_32' title="bbox 376 2893 2033 2977">
    <p class='ocr_par' dir='ltr' id='par_1_32' title="bbox 376 2893 2033 2977">
     <span class='ocr_line' id='line_1_32' title="bbox 376 2893 2033 2977; baseline 0.004 -28"><span class='ocrx_word' id='word_1_232' title='bbox 376 2894 668 2969; x_wconf 83' lang='grc' dir='ltr'>ἀναστῶσι,</span> <span class='ocrx_word' id='word_1_233' title='bbox 722 2893 863 2959; x_wconf 84' lang='grc' dir='ltr'>τίνος</span> <span class='ocrx_word' id='word_1_234' title='bbox 934 2898 1107 2954; x_wconf 67' lang='grc' dir='ltr'>αὐτῶν</span> <span class='ocrx_word' id='word_1_235' title='bbox 1165 2894 1313 2953; x_wconf 77' lang='grc' dir='ltr'>ἕσται</span> <span class='ocrx_word' id='word_1_236' title='bbox 1393 2898 1572 2975; x_wconf 78' lang='grc' dir='ltr'>γυνή;</span> <span class='ocrx_word' id='word_1_237' title='bbox 1638 2900 1685 2954; x_wconf 80' lang='grc' dir='ltr'>οἱ</span> <span class='ocrx_word' id='word_1_238' title='bbox 1742 2897 1842 2977; x_wconf 82' lang='grc' dir='ltr'>γὰρ</span> <span class='ocrx_word' id='word_1_239' title='bbox 1898 2897 2033 2956; x_wconf 78' lang='grc' dir='ltr'>ἐπτά</span> 
     </span>
    </p>
   </div>
   <div class='ocr_carea' id='block_1_33' title="bbox 370 2979 2032 3066">
    <p class='ocr_par' dir='ltr' id='par_1_33' title="bbox 370 2979 2032 3066">
     <span class='ocr_line' id='line_1_33' title="bbox 370 2979 2032 3066; baseline 0.004 -31"><span class='ocrx_word' id='word_1_240' title='bbox 370 2979 536 3061; x_wconf 74' lang='grc' dir='ltr'>ἔσχον</span> <span class='ocrx_word' id='word_1_241' title='bbox 595 2981 759 3050; x_wconf 75' lang='grc' dir='ltr'>αὐτὴν</span> <span class='ocrx_word' id='word_1_242' title='bbox 792 2995 1047 3061; x_wconf 85' lang='grc' dir='ltr'>γυναῖκα.</span> <span class='ocrx_word' id='word_1_243' title='bbox 1083 2985 1181 3042; x_wconf 81' lang='grc' dir='ltr'>Καὶ</span> <span class='ocrx_word' id='word_1_244' title='bbox 1224 2985 1522 3064; x_wconf 79' lang='grc' dir='ltr'>ἀποκριθεὶς</span> <span class='ocrx_word' id='word_1_245' title='bbox 1554 2988 1581 3042; x_wconf 88' lang='grc' dir='ltr'><strong>ὁ</strong></span> <span class='ocrx_word' id='word_1_246' title='bbox 1613 2983 1845 3066; x_wconf 83' lang='grc' dir='ltr'>Ἰησοῦς,</span> <span class='ocrx_word' id='word_1_247' title='bbox 1880 2999 2032 3042; x_wconf 90' lang='grc' dir='ltr'>εῖπεν</span> 
     </span>
    </p>
   </div>
   <div class='ocr_carea' id='block_1_34' title="bbox 376 3058 2092 3155">
    <p class='ocr_par' dir='ltr' id='par_1_34' title="bbox 376 3058 2092 3155">
     <span class='ocr_line' id='line_1_34' title="bbox 376 3058 2092 3155; baseline 0.004 -28"><span class='ocrx_word' id='word_1_248' title='bbox 376 3058 563 3135; x_wconf 67' lang='grc' dir='ltr'>αῦτοῖς</span> <span class='ocrx_word' id='word_1_249' title='bbox 598 3087 616 3108; x_wconf 77' lang='grc' dir='ltr'><strong>ο</strong></span> <span class='ocrx_word' id='word_1_250' title='bbox 651 3072 709 3127; x_wconf 78' lang='grc' dir='ltr'>οὗ</span> <span class='ocrx_word' id='word_1_251' title='bbox 740 3058 825 3129; x_wconf 88' lang='grc' dir='ltr'><strong>διά</strong></span> <span class='ocrx_word' id='word_1_252' title='bbox 854 3080 1010 3130; x_wconf 90' lang='grc' dir='ltr'>τοῦτο</span> <span class='ocrx_word' id='word_1_253' title='bbox 1043 3071 1309 3155; x_wconf 81' lang='grc' dir='ltr'>πλανᾶσθε</span> <span class='ocrx_word' id='word_1_254' title='bbox 1340 3058 1417 3151; x_wconf 74' lang='grc' dir='ltr'>μὴ</span> <span class='ocrx_word' id='word_1_255' title='bbox 1448 3073 1642 3141; x_wconf 73' lang='grc' dir='ltr'>εἰδότες</span> <span class='ocrx_word' id='word_1_256' title='bbox 1671 3076 1767 3141; x_wconf 81' lang='grc' dir='ltr'><strong>τὰς</strong></span> <span class='ocrx_word' id='word_1_257' title='bbox 1796 3058 2027 3155; x_wconf 80' lang='grc' dir='ltr'>Γραφάς,</span> <span class='ocrx_word' id='word_1_258' title='bbox 2051 3058 2092 3109; x_wconf 74' lang='lat' dir='ltr'><strong><em>C</em></strong></span> 
     </span>
    </p>
   </div>
   <div class='ocr_carea' id='block_1_35' title="bbox 374 3154 2035 3244">
    <p class='ocr_par' dir='ltr' id='par_1_35' title="bbox 374 3154 2035 3244">
     <span class='ocr_line' id='line_1_35' title="bbox 374 3154 2035 3244; baseline 0.005 -31"><span class='ocrx_word' id='word_1_259' title='bbox 374 3157 513 3233; x_wconf 74' lang='grc' dir='ltr'>μηδὲ</span> <span class='ocrx_word' id='word_1_260' title='bbox 554 3159 654 3227; x_wconf 84' lang='grc' dir='ltr'><strong>τὴν</strong></span> <span class='ocrx_word' id='word_1_261' title='bbox 697 3158 912 3236; x_wconf 84' lang='grc' dir='ltr'>δύναμιν</span> <span class='ocrx_word' id='word_1_262' title='bbox 942 3161 1035 3218; x_wconf 88' lang='grc' dir='ltr'><strong>τοῦ</strong></span> <span class='ocrx_word' id='word_1_263' title='bbox 1066 3170 1231 3237; x_wconf 87' lang='grc' dir='ltr'>Θεοῦ;</span> <span class='ocrx_word' id='word_1_264' title='bbox 1267 3154 1439 3227; x_wconf 62' lang='lat' dir='ltr'><strong>uomni</strong></span> <span class='ocrx_word' id='word_1_265' title='bbox 1472 3165 1571 3243; x_wconf 81' lang='grc' dir='ltr'>γὰρ</span> <span class='ocrx_word' id='word_1_266' title='bbox 1596 3163 1657 3221; x_wconf 75' lang='grc' dir='ltr'>ἐκ</span> <span class='ocrx_word' id='word_1_267' title='bbox 1681 3154 1882 3244; x_wconf 78' lang='grc' dir='ltr'>νεκρῶν</span> <span class='ocrx_word' id='word_1_268' title='bbox 1909 3154 2035 3222; x_wconf 87' lang='grc' dir='ltr'>ἀνα-</span> 
     </span>
    </p>
   </div>
   <div class='ocr_carea' id='block_1_36' title="bbox 380 3250 2034 3331">
    <p class='ocr_par' dir='ltr' id='par_1_36' title="bbox 380 3250 2034 3331">
     <span class='ocr_line' id='line_1_36' title="bbox 380 3250 2034 3331; baseline 0.003 -26"><span class='ocrx_word' id='word_1_269' title='bbox 380 3250 597 3323; x_wconf 77' lang='grc' dir='ltr'>στῶσιν,</span> <span class='ocrx_word' id='word_1_270' title='bbox 659 3250 777 3307; x_wconf 69' lang='grc' dir='ltr'>οὔτε</span> <span class='ocrx_word' id='word_1_271' title='bbox 837 3273 1095 3330; x_wconf 79' lang='grc' dir='ltr'>γαμουσιν</span> <span class='ocrx_word' id='word_1_272' title='bbox 1139 3250 1257 3310; x_wconf 61' lang='grc' dir='ltr'>οὔτε</span> <span class='ocrx_word' id='word_1_273' title='bbox 1300 3252 1671 3331; x_wconf 84' lang='grc' dir='ltr'>γαμίσκονται.</span> <span class='ocrx_word' id='word_1_274' title='bbox 1726 3252 1877 3311; x_wconf 84' lang='grc' dir='ltr'>Ἀλλ’</span> <span class='ocrx_word' id='word_1_275' title='bbox 1908 3256 2034 3311; x_wconf 76' lang='grc' dir='ltr'>εἰσὶν</span> 
     </span>
    </p>
   </div>
   <div class='ocr_carea' id='block_1_37' title="bbox 377 3337 2032 3422">
    <p class='ocr_par' dir='ltr' id='par_1_37' title="bbox 377 3337 2032 3422">
     <span class='ocr_line' id='line_1_37' title="bbox 377 3337 2032 3422; baseline 0.005 -28"><span class='ocrx_word' id='word_1_276' title='bbox 377 3340 453 3403; x_wconf 79' lang='grc' dir='ltr'><strong>ὡς</strong></span> <span class='ocrx_word' id='word_1_277' title='bbox 499 3337 716 3417; x_wconf 67' lang='grc' dir='ltr'>ἄγγελοι</span> <span class='ocrx_word' id='word_1_278' title='bbox 761 3342 805 3396; x_wconf 80' lang='grc' dir='ltr'>οἱ</span> <span class='ocrx_word' id='word_1_279' title='bbox 862 3340 918 3397; x_wconf 75' lang='grc' dir='ltr'>ἐν</span> <span class='ocrx_word' id='word_1_280' title='bbox 974 3354 1094 3406; x_wconf 79' lang='grc' dir='ltr'>τοῖς</span> <span class='ocrx_word' id='word_1_281' title='bbox 1138 3343 1405 3420; x_wconf 72' lang='grc' dir='ltr'>οὒρανοῖς.</span> <span class='ocrx_word' id='word_1_282' title='bbox 1444 3344 1564 3421; x_wconf 85' lang='grc' dir='ltr'>Περὶ</span> <span class='ocrx_word' id='word_1_283' title='bbox 1606 3340 1661 3399; x_wconf 80' lang='grc' dir='ltr'>δὲ</span> <span class='ocrx_word' id='word_1_284' title='bbox 1703 3349 1810 3400; x_wconf 82' lang='grc' dir='ltr'><strong>τῶν</strong></span> <span class='ocrx_word' id='word_1_285' title='bbox 1836 3349 2032 3422; x_wconf 83' lang='grc' dir='ltr'>νεκρῶν</span> 
     </span>
    </p>
   </div>
   <div class='ocr_carea' id='block_1_38' title="bbox 379 3427 2028 3515">
    <p class='ocr_par' dir='ltr' id='par_1_38' title="bbox 379 3427 2028 3515">
     <span class='ocr_line' id='line_1_38' title="bbox 379 3427 2028 3515; baseline 0.003 -31"><span class='ocrx_word' id='word_1_286' title='bbox 379 3429 462 3484; x_wconf 80' lang='grc' dir='ltr'><strong>ὅτι</strong></span> <span class='ocrx_word' id='word_1_287' title='bbox 522 3427 830 3509; x_wconf 78' lang='grc' dir='ltr'>έγείρονται,</span> <span class='ocrx_word' id='word_1_288' title='bbox 894 3433 990 3488; x_wconf 76' lang='grc' dir='ltr'><strong>οὒκ</strong></span> <span class='ocrx_word' id='word_1_289' title='bbox 1041 3430 1305 3511; x_wconf 82' lang='grc' dir='ltr'>ἀνέγνωτε</span> <span class='ocrx_word' id='word_1_290' title='bbox 1363 3432 1417 3489; x_wconf 80' lang='grc' dir='ltr'>ἐν</span> <span class='ocrx_word' id='word_1_291' title='bbox 1460 3439 1530 3509; x_wconf 78' lang='grc' dir='ltr'><strong>τῇ</strong></span> <span class='ocrx_word' id='word_1_292' title='bbox 1574 3431 1741 3510; x_wconf 84' lang='grc' dir='ltr'>βίϐλῳ</span> <span class='ocrx_word' id='word_1_293' title='bbox 1769 3434 2028 3515; x_wconf 78' lang='grc' dir='ltr'>Μωσέως,</span> 
     </span>
    </p>
   </div>
   <div class='ocr_carea' id='block_1_39' title="bbox 378 3518 2031 3600">
    <p class='ocr_par' dir='ltr' id='par_1_39' title="bbox 378 3518 2031 3600">
     <span class='ocr_line' id='line_1_39' title="bbox 378 3518 2031 3600; baseline 0.004 -27"><span class='ocrx_word' id='word_1_294' title='bbox 378 3518 464 3574; x_wconf 75' lang='grc' dir='ltr'><strong>ἐπὶ</strong></span> <span class='ocrx_word' id='word_1_295' title='bbox 496 3522 595 3586; x_wconf 81' lang='grc' dir='ltr'>τῆς</span> <span class='ocrx_word' id='word_1_296' title='bbox 650 3519 811 3595; x_wconf 86' lang='grc' dir='ltr'>βάτου</span> <span class='ocrx_word' id='word_1_297' title='bbox 868 3522 943 3585; x_wconf 85' lang='grc' dir='ltr'>ὡς</span> <span class='ocrx_word' id='word_1_298' title='bbox 988 3521 1144 3578; x_wconf 77' lang='grc' dir='ltr'>εἶπεν</span> <span class='ocrx_word' id='word_1_299' title='bbox 1192 3522 1337 3594; x_wconf 77' lang='grc' dir='ltr'><strong>αὒτῷ</strong></span> <span class='ocrx_word' id='word_1_300' title='bbox 1364 3521 1393 3578; x_wconf 80' lang='lat'><strong>6</strong></span> <span class='ocrx_word' id='word_1_301' title='bbox 1421 3523 1550 3586; x_wconf 85' lang='grc' dir='ltr'>Θεὸς</span> <span class='ocrx_word' id='word_1_302' title='bbox 1574 3520 1745 3600; x_wconf 89' lang='grc' dir='ltr'>λέγων</span> <span class='ocrx_word' id='word_1_303' title='bbox 1778 3538 1792 3554; x_wconf 87' lang='grc'>⁶</span> <span class='ocrx_word' id='word_1_304' title='bbox 1831 3522 1975 3600; x_wconf 86' lang='grc' dir='ltr'><strong>Ἐγὼ</strong></span> <span class='ocrx_word' id='word_1_305' title='bbox 2004 3526 2031 3579; x_wconf 89' lang='lat'><strong>6</strong></span> 
     </span>
    </p>
   </div>
   <div class='ocr_carea' id='block_1_40' title="bbox 374 3605 2028 3691">
    <p class='ocr_par' dir='ltr' id='par_1_40' title="bbox 374 3605 2028 3691">
     <span class='ocr_line' id='line_1_40' title="bbox 374 3605 2028 3691; baseline 0.004 -29"><span class='ocrx_word' id='word_1_306' title='bbox 374 3608 505 3671; x_wconf 84' lang='grc' dir='ltr'>Θεὸς</span> <span class='ocrx_word' id='word_1_307' title='bbox 564 3605 835 3689; x_wconf 83' lang='grc' dir='ltr'>Ἀϐραὰμ,</span> <span class='ocrx_word' id='word_1_308' title='bbox 893 3611 982 3666; x_wconf 88' lang='grc' dir='ltr'>καὶ</span> <span class='ocrx_word' id='word_1_309' title='bbox 1036 3613 1066 3667; x_wconf 86' lang='lat'><strong>6</strong></span> <span class='ocrx_word' id='word_1_310' title='bbox 1124 3611 1253 3673; x_wconf 84' lang='grc' dir='ltr'>Θεὸς</span> <span class='ocrx_word' id='word_1_311' title='bbox 1308 3608 1513 3691; x_wconf 83' lang='grc' dir='ltr'>’[σαάκ,</span> <span class='ocrx_word' id='word_1_312' title='bbox 1573 3613 1661 3667; x_wconf 85' lang='grc' dir='ltr'><strong>καὶ</strong></span> <span class='ocrx_word' id='word_1_313' title='bbox 1691 3614 1719 3667; x_wconf 89' lang='lat'><strong>6</strong></span> <span class='ocrx_word' id='word_1_314' title='bbox 1750 3612 1881 3673; x_wconf 87' lang='grc' dir='ltr'>Θεὸς</span> <span class='ocrx_word' id='word_1_315' title='bbox 1913 3610 2028 3669; x_wconf 86' lang='grc' dir='ltr'><strong>Ἰα-</strong></span> 
     </span>
    </p>
   </div>
   <div class='ocr_carea' id='block_1_41' title="bbox 372 3694 2025 3779">
    <p class='ocr_par' dir='ltr' id='par_1_41' title="bbox 372 3694 2025 3779">
     <span class='ocr_line' id='line_1_41' title="bbox 372 3694 2025 3779; baseline 0.004 -28"><span class='ocrx_word' id='word_1_316' title='bbox 372 3694 488 3779; x_wconf 78' lang='grc' dir='ltr'>κώϐ</span> <span class='ocrx_word' id='word_1_317' title='bbox 514 3715 530 3770; x_wconf 88' lang='grc'><strong>;</strong></span> <span class='ocrx_word' id='word_1_318' title='bbox 557 3696 664 3755; x_wconf 78' lang='grc' dir='ltr'><strong>Οὐκ</strong></span> <span class='ocrx_word' id='word_1_319' title='bbox 708 3696 850 3753; x_wconf 78' lang='grc' dir='ltr'>ἔστιν</span> <span class='ocrx_word' id='word_1_320' title='bbox 906 3701 933 3755; x_wconf 87' lang='lat'><strong>6</strong></span> <span class='ocrx_word' id='word_1_321' title='bbox 995 3700 1125 3764; x_wconf 87' lang='grc' dir='ltr'>Θεὸς</span> <span class='ocrx_word' id='word_1_322' title='bbox 1184 3699 1404 3779; x_wconf 83' lang='grc' dir='ltr'>νεκρῶν,</span> <span class='ocrx_word' id='word_1_323' title='bbox 1450 3698 1589 3756; x_wconf 87' lang='grc' dir='ltr'><strong>ἀλλά</strong></span> <span class='ocrx_word' id='word_1_324' title='bbox 1631 3701 1759 3763; x_wconf 87' lang='grc' dir='ltr'>Θεὸς</span> <span class='ocrx_word' id='word_1_325' title='bbox 1790 3701 2025 3771; x_wconf 81' lang='grc' dir='ltr'>ζώντων.</span> 
     </span>
    </p>
   </div>
   <div class='ocr_carea' id='block_1_42' title="bbox 373 3777 2029 3868">
    <p class='ocr_par' dir='ltr' id='par_1_42' title="bbox 373 3777 2029 3868">
     <span class='ocr_line' id='line_1_42' title="bbox 373 3777 2029 3868; baseline 0.002 -25"><span class='ocrx_word' id='word_1_326' title='bbox 373 3777 562 3860; x_wconf 65' lang='grc' dir='ltr'>ἰ’μεῖς</span> <span class='ocrx_word' id='word_1_327' title='bbox 623 3786 713 3844; x_wconf 82' lang='grc' dir='ltr'><strong>οῦν</strong></span> <span class='ocrx_word' id='word_1_328' title='bbox 774 3787 909 3845; x_wconf 82' lang='grc' dir='ltr'>πολὺ</span> <span class='ocrx_word' id='word_1_329' title='bbox 970 3777 1323 3848; x_wconf 47' lang='grc' dir='ltr'>πλανᾶσθε.)</span> <span class='ocrx_word' id='word_1_330' title='bbox 1387 3787 1603 3868; x_wconf 72' lang='grc' dir='ltr'>Αἵρεσις</span> <span class='ocrx_word' id='word_1_331' title='bbox 1661 3786 1950 3864; x_wconf 78' lang='grc' dir='ltr'>Ἰουδαίων,</span> <span class='ocrx_word' id='word_1_332' title='bbox 1983 3794 2029 3847; x_wconf 77' lang='grc' dir='ltr'>οἱ</span> 
     </span>
    </p>
   </div>
   <div class='ocr_carea' id='block_1_43' title="bbox 371 3875 2027 3959">
    <p class='ocr_par' dir='ltr' id='par_1_43' title="bbox 371 3875 2027 3959">
     <span class='ocr_line' id='line_1_43' title="bbox 371 3875 2027 3959; baseline 0.002 -27"><span class='ocrx_word' id='word_1_333' title='bbox 371 3875 753 3953; x_wconf 83' lang='grc' dir='ltr'>Σαδδουκαῖοι,</span> <span class='ocrx_word' id='word_1_334' title='bbox 812 3877 1060 3957; x_wconf 82' lang='grc' dir='ltr'>λέγοντες</span> <span class='ocrx_word' id='word_1_335' title='bbox 1104 3883 1183 3956; x_wconf 79' lang='grc' dir='ltr'>μὴ</span> <span class='ocrx_word' id='word_1_336' title='bbox 1226 3882 1386 3953; x_wconf 58' lang='grc' dir='ltr'>εἶναιῖ</span> <span class='ocrx_word' id='word_1_337' title='bbox 1411 3878 1720 3954; x_wconf 89' lang='grc' dir='ltr'>ἀνάστασιν,</span> <span class='ocrx_word' id='word_1_338' title='bbox 1753 3881 1891 3956; x_wconf 81' lang='grc' dir='ltr'>μήτε</span> <span class='ocrx_word' id='word_1_339' title='bbox 1922 3880 2027 3959; x_wconf 74' lang='grc' dir='ltr'><strong>ἅγ-</strong></span> 
     </span>
    </p>
   </div>
   <div class='ocr_carea' id='block_1_44' title="bbox 368 3964 2026 4049">
    <p class='ocr_par' dir='ltr' id='par_1_44' title="bbox 368 3964 2026 4049">
     <span class='ocr_line' id='line_1_44' title="bbox 368 3964 2026 4049; baseline 0.004 -28"><span class='ocrx_word' id='word_1_340' title='bbox 368 3964 553 4047; x_wconf 85' lang='grc' dir='ltr'>γελον,</span> <span class='ocrx_word' id='word_1_341' title='bbox 585 3968 724 4044; x_wconf 76' lang='grc' dir='ltr'>μήτε</span> <span class='ocrx_word' id='word_1_342' title='bbox 768 3976 999 4043; x_wconf 84' lang='grc' dir='ltr'>πνεῦμα,</span> <span class='ocrx_word' id='word_1_343' title='bbox 1046 3967 1293 4047; x_wconf 85' lang='grc' dir='ltr'>Πλαγίως</span> <span class='ocrx_word' id='word_1_344' title='bbox 1349 3966 1405 4025; x_wconf 75' lang='grc' dir='ltr'>δὲ</span> <span class='ocrx_word' id='word_1_345' title='bbox 1460 3971 1536 4033; x_wconf 83' lang='grc' dir='ltr'><strong>ὡς</strong></span> <span class='ocrx_word' id='word_1_346' title='bbox 1591 3967 1758 4025; x_wconf 86' lang='grc' dir='ltr'>δόλιοι</span> <span class='ocrx_word' id='word_1_347' title='bbox 1791 3969 2026 4049; x_wconf 86' lang='grc' dir='ltr'>προσελ-</span> 
     </span>
    </p>
   </div>
   <div class='ocr_carea' id='block_1_45' title="bbox 365 4055 2024 4137">
    <p class='ocr_par' dir='ltr' id='par_1_45' title="bbox 365 4055 2024 4137">
     <span class='ocr_line' id='line_1_45' title="bbox 365 4055 2024 4137; baseline 0.002 -24"><span class='ocrx_word' id='word_1_348' title='bbox 365 4056 546 4121; x_wconf 87' lang='grc' dir='ltr'>θόντες</span> <span class='ocrx_word' id='word_1_349' title='bbox 595 4056 886 4118; x_wconf 85' lang='grc' dir='ltr'>πλάττουσι</span> <span class='ocrx_word' id='word_1_350' title='bbox 943 4058 1039 4126; x_wconf 72' lang='grc' dir='ltr'><strong>τὴν</strong></span> <span class='ocrx_word' id='word_1_351' title='bbox 1114 4057 1364 4137; x_wconf 78' lang='grc' dir='ltr'>διήγησιν</span> <span class='ocrx_word' id='word_1_352' title='bbox 1429 4058 1647 4133; x_wconf 80' lang='grc' dir='ltr'>ταύτην,</span> <span class='ocrx_word' id='word_1_353' title='bbox 1700 4055 1784 4115; x_wconf 83' lang='grc' dir='ltr'><strong>διὰ</strong></span> <span class='ocrx_word' id='word_1_354' title='bbox 1825 4060 2024 4127; x_wconf 80' lang='grc' dir='ltr'>ταύτης</span> 
     </span>
    </p>
   </div>
   <div class='ocr_carea' id='block_1_46' title="bbox 369 4143 2020 4229">
    <p class='ocr_par' dir='ltr' id='par_1_46' title="bbox 369 4143 2020 4229">
     <span class='ocr_line' id='line_1_46' title="bbox 369 4143 2020 4229; baseline -0.004 -17"><span class='ocrx_word' id='word_1_355' title='bbox 369 4143 529 4212; x_wconf 67' lang='grc' dir='ltr'>δῆθεν</span> <span class='ocrx_word' id='word_1_356' title='bbox 583 4146 966 4227; x_wconf 73' lang='grc' dir='ltr'>ἀνατρέποντες</span> <span class='ocrx_word' id='word_1_357' title='bbox 1041 4148 1142 4215; x_wconf 75' lang='grc' dir='ltr'>τὴν</span> <span class='ocrx_word' id='word_1_358' title='bbox 1211 4148 1518 4224; x_wconf 84' lang='grc' dir='ltr'>ἀνάστασιν,</span> <span class='ocrx_word' id='word_1_359' title='bbox 1593 4149 1839 4205; x_wconf 82' lang='grc' dir='ltr'>ὑπόθεσιν</span> <span class='ocrx_word' id='word_1_360' title='bbox 1884 4150 2020 4229; x_wconf 81' lang='grc' dir='ltr'>ὑφά-</span> 
     </span>
    </p>
   </div>
   <div class='ocr_carea' id='block_1_47' title="bbox 370 4236 2023 4320">
    <p class='ocr_par' dir='ltr' id='par_1_47' title="bbox 370 4236 2023 4320">
     <span class='ocr_line' id='line_1_47' title="bbox 370 4236 2023 4320; baseline 0.011 -29"><span class='ocrx_word' id='word_1_361' title='bbox 370 4257 553 4303; x_wconf 87' lang='grc' dir='ltr'>ναντες</span> <span class='ocrx_word' id='word_1_362' title='bbox 589 4236 882 4320; x_wconf 22' lang='grc' dir='ltr'>,μηδέποτε</span> <span class='ocrx_word' id='word_1_363' title='bbox 953 4238 1272 4320; x_wconf 82' lang='grc' dir='ltr'>γενομένην,</span> <span class='ocrx_word' id='word_1_364' title='bbox 1325 4237 1462 4314; x_wconf 67' lang='grc' dir='ltr'>μηδὲ</span> <span class='ocrx_word' id='word_1_365' title='bbox 1514 4237 1653 4303; x_wconf 66' lang='grc' dir='ltr'>ἴσως</span> <span class='ocrx_word' id='word_1_366' title='bbox 1708 4242 2023 4317; x_wconf 76' lang='grc' dir='ltr'>γενησομή-</span> 
     </span>
    </p>
   </div>
   <div class='ocr_carea' id='block_1_48' title="bbox 370 4317 2030 4407">
    <p class='ocr_par' dir='ltr' id='par_1_48' title="bbox 370 4317 2030 4407">
     <span class='ocr_line' id='line_1_48' title="bbox 370 4317 2030 4407; baseline 0.005 -27"><span class='ocrx_word' id='word_1_367' title='bbox 370 4349 493 4394; x_wconf 91' lang='grc' dir='ltr'>νην.</span> <span class='ocrx_word' id='word_1_368' title='bbox 587 4317 755 4384; x_wconf 71' lang='grc' dir='ltr'>ἐπτά</span> <span class='ocrx_word' id='word_1_369' title='bbox 845 4325 900 4383; x_wconf 71' lang='grc' dir='ltr'>δὶ</span> <span class='ocrx_word' id='word_1_370' title='bbox 969 4317 1267 4385; x_wconf 77' lang='grc' dir='ltr'>συντιθέασι</span> <span class='ocrx_word' id='word_1_371' title='bbox 1342 4329 1462 4393; x_wconf 73' lang='grc' dir='ltr'>τοὺς</span> <span class='ocrx_word' id='word_1_372' title='bbox 1531 4330 1876 4407; x_wconf 78' lang='grc' dir='ltr'>γαμήσαντας</span> <span class='ocrx_word' id='word_1_373' title='bbox 1932 4331 2030 4399; x_wconf 84' lang='grc' dir='ltr'><strong>τὴν</strong></span> 
     </span>
    </p>
   </div>
   <div class='ocr_carea' id='block_1_49' title="bbox 369 4411 2026 4497">
    <p class='ocr_par' dir='ltr' id='par_1_49' title="bbox 369 4411 2026 4497">
     <span class='ocr_line' id='line_1_49' title="bbox 369 4411 2026 4497; baseline 0.005 -26"><span class='ocrx_word' id='word_1_374' title='bbox 369 4428 623 4497; x_wconf 77' lang='grc' dir='ltr'>γυναῖκα,</span> <span class='ocrx_word' id='word_1_375' title='bbox 668 4417 762 4473; x_wconf 68' lang='grc' dir='ltr'>’ἵνα</span> <span class='ocrx_word' id='word_1_376' title='bbox 821 4414 1030 4493; x_wconf 82' lang='grc' dir='ltr'>μᾶλλον</span> <span class='ocrx_word' id='word_1_377' title='bbox 1088 4416 1371 4495; x_wconf 83' lang='grc' dir='ltr'>διασύρωσι</span> <span class='ocrx_word' id='word_1_378' title='bbox 1444 4418 1542 4487; x_wconf 80' lang='grc' dir='ltr'>τὴν</span> <span class='ocrx_word' id='word_1_379' title='bbox 1598 4418 1909 4482; x_wconf 87' lang='grc' dir='ltr'>ἀνάστασιν.</span> <span class='ocrx_word' id='word_1_380' title='bbox 1970 4411 2026 4479; x_wconf 70' lang='grc' dir='ltr'>Ὀ</span> 
     </span>
    </p>
   </div>
   <div class='ocr_carea' id='block_1_50' title="bbox 369 4505 2029 4586">
    <p class='ocr_par' dir='ltr' id='par_1_50' title="bbox 369 4505 2029 4586">
     <span class='ocr_line' id='line_1_50' title="bbox 369 4505 2029 4586; baseline 0.004 -25"><span class='ocrx_word' id='word_1_381' title='bbox 369 4507 459 4563; x_wconf 80' lang='grc' dir='ltr'><strong>οὖν</strong></span> <span class='ocrx_word' id='word_1_382' title='bbox 521 4507 733 4586; x_wconf 74' lang='grc' dir='ltr'>Κύριος,</span> <span class='ocrx_word' id='word_1_383' title='bbox 789 4505 974 4575; x_wconf 73' lang='grc' dir='ltr'>έπειδὴ</span> <span class='ocrx_word' id='word_1_384' title='bbox 1053 4506 1446 4586; x_wconf 83' lang='grc' dir='ltr'>προεϐάλλοντο</span> <span class='ocrx_word' id='word_1_385' title='bbox 1524 4508 1721 4565; x_wconf 76' lang='grc' dir='ltr'>ἐκεῖνοι</span> <span class='ocrx_word' id='word_1_386' title='bbox 1792 4509 2029 4574; x_wconf 82' lang='grc' dir='ltr'>Μωσέως</span> 
     </span>
    </p>
   </div>
   <div class='ocr_carea' id='block_1_51' title="bbox 370 4594 2023 4678">
    <p class='ocr_par' dir='ltr' id='par_1_51' title="bbox 370 4594 2023 4678">
     <span class='ocr_line' id='line_1_51' title="bbox 370 4594 2023 4678; baseline 0.005 -30"><span class='ocrx_word' id='word_1_387' title='bbox 370 4594 555 4675; x_wconf 84' lang='grc' dir='ltr'>νόμον,</span> <span class='ocrx_word' id='word_1_388' title='bbox 620 4594 876 4653; x_wconf 83' lang='grc' dir='ltr'>δείκνυσιν</span> <span class='ocrx_word' id='word_1_389' title='bbox 958 4596 1147 4659; x_wconf 73' lang='grc' dir='ltr'>αὐτοὺς</span> <span class='ocrx_word' id='word_1_390' title='bbox 1221 4597 1536 4675; x_wconf 85' lang='grc' dir='ltr'>ἀγνοοῦντας</span> <span class='ocrx_word' id='word_1_391' title='bbox 1607 4597 1702 4661; x_wconf 81' lang='grc' dir='ltr'><strong>τὰς</strong></span> <span class='ocrx_word' id='word_1_392' title='bbox 1767 4600 1975 4678; x_wconf 85' lang='grc' dir='ltr'>Γραφάς</span> <span class='ocrx_word' id='word_1_393' title='bbox 2008 4614 2023 4631; x_wconf 81' lang='grc'><strong><em>⁸</em></strong></span> 
     </span>
    </p>
   </div>
   <div class='ocr_carea' id='block_1_52' title="bbox 372 4684 2025 4767">
    <p class='ocr_par' dir='ltr' id='par_1_52' title="bbox 372 4684 2025 4767">
     <span class='ocr_line' id='line_1_52' title="bbox 372 4684 2025 4767; baseline 0.003 -28"><span class='ocrx_word' id='word_1_394' title='bbox 372 4684 446 4767; x_wconf 66' lang='grc' dir='ltr'><strong>ς)οό</strong></span> <span class='ocrx_word' id='word_1_395' title='bbox 476 4698 651 4742; x_wconf 88' lang='grc' dir='ltr'>νοεῖτε</span> <span class='ocrx_word' id='word_1_396' title='bbox 694 4686 821 4766; x_wconf 77' lang='grc' dir='ltr'>γὰρ,</span> <span class='ocrx_word' id='word_1_397' title='bbox 853 4687 1008 4766; x_wconf 80' lang='grc' dir='ltr'>φησὶ,</span> <span class='ocrx_word' id='word_1_398' title='bbox 1058 4686 1216 4744; x_wconf 86' lang='grc' dir='ltr'>ποίαν</span> <span class='ocrx_word' id='word_1_399' title='bbox 1262 4686 1548 4746; x_wconf 81' lang='grc' dir='ltr'>ἀνάστασιν</span> <span class='ocrx_word' id='word_1_400' title='bbox 1577 4689 1612 4755; x_wconf 76' lang='grc' dir='ltr'>ἡ</span> <span class='ocrx_word' id='word_1_401' title='bbox 1644 4687 1827 4767; x_wconf 74' lang='grc' dir='ltr'>Γραφὴ</span> <span class='ocrx_word' id='word_1_402' title='bbox 1858 4686 2025 4766; x_wconf 87' lang='grc' dir='ltr'>λέγει,</span> 
     </span>
    </p>
   </div>
   <div class='ocr_carea' id='block_1_53' title="bbox 377 4764 2033 4855">
    <p class='ocr_par' dir='ltr' id='par_1_53' title="bbox 377 4764 2033 4855">
     <span class='ocr_line' id='line_1_53' title="bbox 377 4764 2033 4855; baseline 0.003 -26"><span class='ocrx_word' id='word_1_403' title='bbox 377 4764 571 4849; x_wconf 78' lang='grc' dir='ltr'>Τμεῖς</span> <span class='ocrx_word' id='word_1_404' title='bbox 604 4778 704 4855; x_wconf 82' lang='grc' dir='ltr'><strong>γαρ</strong></span> <span class='ocrx_word' id='word_1_405' title='bbox 749 4764 959 4833; x_wconf 81' lang='grc' dir='ltr'>δοκεῖτε</span> <span class='ocrx_word' id='word_1_406' title='bbox 1017 4775 1098 4832; x_wconf 80' lang='grc' dir='ltr'><strong>ὅτι</strong></span> <span class='ocrx_word' id='word_1_407' title='bbox 1128 4774 1288 4833; x_wconf 89' lang='grc' dir='ltr'>πάλιν</span> <span class='ocrx_word' id='word_1_408' title='bbox 1317 4776 1538 4843; x_wconf 81' lang='grc' dir='ltr'>τοιαύτη</span> <span class='ocrx_word' id='word_1_409' title='bbox 1568 4764 1889 4840; x_wconf 79' lang='grc' dir='ltr'>κατάστασις</span> <span class='ocrx_word' id='word_1_410' title='bbox 1920 4764 2033 4834; x_wconf 83' lang='grc' dir='ltr'>σω-</span> 
     </span>
    </p>
   </div>
   <div class='ocr_carea' id='block_1_54' title="bbox 375 4863 2034 4942">
    <p class='ocr_par' dir='ltr' id='par_1_54' title="bbox 375 4863 2034 4942">
     <span class='ocr_line' id='line_1_54' title="bbox 375 4863 2034 4942; baseline 0.002 -22"><span class='ocrx_word' id='word_1_411' title='bbox 375 4864 715 4938; x_wconf 74' lang='grc' dir='ltr'>ματικωτέρα</span> <span class='ocrx_word' id='word_1_412' title='bbox 758 4863 943 4938; x_wconf 85' lang='grc' dir='ltr'>μέλλει</span> <span class='ocrx_word' id='word_1_413' title='bbox 1003 4865 1171 4940; x_wconf 74' lang='grc' dir='ltr'>εἶναι,</span> <span class='ocrx_word' id='word_1_414' title='bbox 1231 4864 1327 4922; x_wconf 76' lang='grc' dir='ltr'><strong>οὒκ</strong></span> <span class='ocrx_word' id='word_1_415' title='bbox 1384 4864 1489 4922; x_wconf 71' lang='grc' dir='ltr'>ἔστι</span> <span class='ocrx_word' id='word_1_416' title='bbox 1531 4864 1608 4930; x_wconf 87' lang='grc' dir='ltr'>δέ.</span> <span class='ocrx_word' id='word_1_417' title='bbox 1642 4865 1793 4925; x_wconf 75' lang='grc' dir='ltr'>Οὕτω</span> <span class='ocrx_word' id='word_1_418' title='bbox 1818 4867 1916 4942; x_wconf 82' lang='grc' dir='ltr'>μὲν</span> <span class='ocrx_word' id='word_1_419' title='bbox 1944 4867 2034 4924; x_wconf 82' lang='grc' dir='ltr'>οὖν</span> 
     </span>
    </p>
   </div>
   <div class='ocr_carea' id='block_1_55' title="bbox 373 4950 2034 5034">
    <p class='ocr_par' dir='ltr' id='par_1_55' title="bbox 373 4950 2034 5034">
     <span class='ocr_line' id='line_1_55' title="bbox 373 4950 2034 5034; baseline 0.004 -28"><span class='ocrx_word' id='word_1_420' title='bbox 373 4950 621 5029; x_wconf 80' lang='grc' dir='ltr'>ἀγνοεῖτε</span> <span class='ocrx_word' id='word_1_421' title='bbox 691 4958 792 5021; x_wconf 77' lang='grc' dir='ltr'>τῆς</span> <span class='ocrx_word' id='word_1_422' title='bbox 854 4954 1063 5034; x_wconf 83' lang='grc' dir='ltr'>Γραφῆς</span> <span class='ocrx_word' id='word_1_423' title='bbox 1147 4954 1248 5021; x_wconf 72' lang='grc' dir='ltr'>τὴν</span> <span class='ocrx_word' id='word_1_424' title='bbox 1305 4952 1532 5030; x_wconf 69' lang='grc' dir='ltr'>ἔννοιαν,</span> <span class='ocrx_word' id='word_1_425' title='bbox 1588 4953 1726 5011; x_wconf 88' lang='grc' dir='ltr'>ἀλλὰ</span> <span class='ocrx_word' id='word_1_426' title='bbox 1779 4957 1867 5012; x_wconf 83' lang='grc' dir='ltr'>καὶ</span> <span class='ocrx_word' id='word_1_427' title='bbox 1932 4956 2034 5023; x_wconf 76' lang='grc' dir='ltr'><strong>τὴν</strong></span> 
     </span>
    </p>
   </div>
   <div class='ocr_carea' id='block_1_56' title="bbox 377 5038 2030 5123">
    <p class='ocr_par' dir='ltr' id='par_1_56' title="bbox 377 5038 2030 5123">
     <span class='ocr_line' id='line_1_56' title="bbox 377 5038 2030 5123; baseline 0.004 -27"><span class='ocrx_word' id='word_1_428' title='bbox 377 5038 597 5117; x_wconf 74' lang='grc' dir='ltr'>δύναμιν</span> <span class='ocrx_word' id='word_1_429' title='bbox 655 5050 747 5101; x_wconf 84' lang='grc' dir='ltr'><strong>τοῦ</strong></span> <span class='ocrx_word' id='word_1_430' title='bbox 827 5043 961 5101; x_wconf 91' lang='grc' dir='ltr'>Θεοῦ</span> <span class='ocrx_word' id='word_1_431' title='bbox 1028 5043 1274 5123; x_wconf 87' lang='grc' dir='ltr'>ἀγνοεῖτε</span> <span class='ocrx_word' id='word_1_432' title='bbox 1307 5059 1321 5074; x_wconf 79' lang='grc'><strong><em>⁸</em></strong></span> <span class='ocrx_word' id='word_1_433' title='bbox 1388 5046 1544 5119; x_wconf 81' lang='grc' dir='ltr'>ὑμεῖς</span> <span class='ocrx_word' id='word_1_434' title='bbox 1604 5043 1702 5119; x_wconf 83' lang='grc' dir='ltr'>μὲν</span> <span class='ocrx_word' id='word_1_435' title='bbox 1746 5043 1846 5123; x_wconf 88' lang='grc' dir='ltr'><strong>γάρ</strong></span> <span class='ocrx_word' id='word_1_436' title='bbox 1894 5044 2030 5109; x_wconf 83' lang='grc' dir='ltr'>’ίσως</span> 
     </span>
    </p>
   </div>
   <div class='ocr_carea' id='block_1_57' title="bbox 380 5128 2032 5215">
    <p class='ocr_par' dir='ltr' id='par_1_57' title="bbox 380 5128 2032 5215">
     <span class='ocr_line' id='line_1_57' title="bbox 380 5128 2032 5215; baseline 0.004 -30"><span class='ocrx_word' id='word_1_437' title='bbox 380 5128 711 5189; x_wconf 81' lang='grc' dir='ltr'>ἀποϐλέπετε</span> <span class='ocrx_word' id='word_1_438' title='bbox 784 5134 916 5213; x_wconf 90' lang='grc' dir='ltr'>πρὸς</span> <span class='ocrx_word' id='word_1_439' title='bbox 974 5134 1037 5190; x_wconf 88' lang='grc' dir='ltr'><strong>τὸ</strong></span> <span class='ocrx_word' id='word_1_440' title='bbox 1091 5132 1335 5215; x_wconf 86' lang='grc' dir='ltr'>χαλεπὸν</span> <span class='ocrx_word' id='word_1_441' title='bbox 1390 5144 1483 5193; x_wconf 90' lang='grc' dir='ltr'><strong>τοῦ</strong></span> <span class='ocrx_word' id='word_1_442' title='bbox 1536 5131 1871 5213; x_wconf 76' lang='grc' dir='ltr'>πράγματος,</span> <span class='ocrx_word' id='word_1_443' title='bbox 1944 5136 2032 5191; x_wconf 89' lang='grc' dir='ltr'><strong>καὶ</strong></span> 
     </span>
    </p>
   </div>
   <div class='ocr_carea' id='block_1_58' title="bbox 374 5218 2031 5299">
    <p class='ocr_par' dir='ltr' id='par_1_58' title="bbox 374 5218 2031 5299">
     <span class='ocr_line' id='line_1_58' title="bbox 374 5218 2031 5299; baseline 0.004 -25"><span class='ocrx_word' id='word_1_444' title='bbox 374 5218 461 5275; x_wconf 70' lang='grc' dir='ltr'><strong>διὰ</strong></span> <span class='ocrx_word' id='word_1_445' title='bbox 511 5228 667 5279; x_wconf 87' lang='grc' dir='ltr'>τοῦτο</span> <span class='ocrx_word' id='word_1_446' title='bbox 718 5220 1060 5299; x_wconf 67' lang='grc' dir='ltr'>ὶξαπορεῖσθε</span> <span class='ocrx_word' id='word_1_447' title='bbox 1104 5230 1218 5289; x_wconf 82' lang='grc' dir='ltr'><strong>πῶς</strong></span> <span class='ocrx_word' id='word_1_448' title='bbox 1259 5221 1572 5295; x_wconf 82' lang='grc' dir='ltr'>δυνήσονται</span> <span class='ocrx_word' id='word_1_449' title='bbox 1616 5224 1681 5279; x_wconf 81' lang='grc' dir='ltr'>τὰ</span> <span class='ocrx_word' id='word_1_450' title='bbox 1728 5221 2031 5281; x_wconf 88' lang='grc' dir='ltr'>διαλυθέντα</span> 
     </span>
    </p>
   </div>
   <div class='ocr_carea' id='block_1_59' title="bbox 373 5310 2031 5393">
    <p class='ocr_par' dir='ltr' id='par_1_59' title="bbox 373 5310 2031 5393">
     <span class='ocr_line' id='line_1_59' title="bbox 373 5310 2031 5393; baseline 0.005 -29"><span class='ocrx_word' id='word_1_451' title='bbox 373 5310 597 5385; x_wconf 83' lang='grc' dir='ltr'>σώματα</span> <span class='ocrx_word' id='word_1_452' title='bbox 657 5310 929 5370; x_wconf 82' lang='grc' dir='ltr'>συνελθεῖν</span> <span class='ocrx_word' id='word_1_453' title='bbox 983 5325 1105 5378; x_wconf 88' lang='grc' dir='ltr'>ταῖς</span> <span class='ocrx_word' id='word_1_454' title='bbox 1162 5317 1396 5393; x_wconf 78' lang='grc' dir='ltr'>ψυχαῖς.</span> <span class='ocrx_word' id='word_1_455' title='bbox 1457 5318 1535 5389; x_wconf 80' lang='grc' dir='ltr'><strong>Τῇ</strong></span> <span class='ocrx_word' id='word_1_456' title='bbox 1582 5311 1635 5369; x_wconf 82' lang='grc' dir='ltr'>δὲ</span> <span class='ocrx_word' id='word_1_457' title='bbox 1679 5310 1893 5389; x_wconf 86' lang='grc' dir='ltr'>δυνάμει</span> <span class='ocrx_word' id='word_1_458' title='bbox 1937 5322 2031 5373; x_wconf 89' lang='grc' dir='ltr'><strong>τοῦ</strong></span> 
     </span>
    </p>
   </div>
   <div class='ocr_carea' id='block_1_60' title="bbox 370 5394 2030 5474">
    <p class='ocr_par' dir='ltr' id='par_1_60' title="bbox 370 5394 2030 5474">
     <span class='ocr_line' id='line_1_60' title="bbox 370 5394 2030 5474; baseline 0.002 -19"><span class='ocrx_word' id='word_1_459' title='bbox 370 5406 504 5456; x_wconf 84' lang='grc' dir='ltr'>Θεοῦ</span> <span class='ocrx_word' id='word_1_460' title='bbox 547 5409 619 5466; x_wconf 82' lang='grc' dir='ltr'>ὼς</span> <span class='ocrx_word' id='word_1_461' title='bbox 662 5398 810 5461; x_wconf 68' lang='grc' dir='ltr'>οὐδέν</span> <span class='ocrx_word' id='word_1_462' title='bbox 851 5401 962 5459; x_wconf 79' lang='grc' dir='ltr'>ἐστι</span> <span class='ocrx_word' id='word_1_463' title='bbox 992 5401 1171 5465; x_wconf 72' lang='grc' dir='ltr'>τοῦτο.</span> <span class='ocrx_word' id='word_1_464' title='bbox 1226 5401 1437 5461; x_wconf 78' lang='grc' dir='ltr'>’Ἔσται</span> <span class='ocrx_word' id='word_1_465' title='bbox 1466 5402 1555 5460; x_wconf 80' lang='grc' dir='ltr'>οὖν</span> <span class='ocrx_word' id='word_1_466' title='bbox 1586 5394 1893 5474; x_wconf 74' lang='grc' dir='ltr'>ἀνάστασις,</span> <span class='ocrx_word' id='word_1_467' title='bbox 1942 5404 2030 5460; x_wconf 82' lang='grc' dir='ltr'><strong>καὶ</strong></span> 
     </span>
    </p>
   </div>
   <div class='ocr_carea' id='block_1_61' title="bbox 367 5488 2030 5572">
    <p class='ocr_par' dir='ltr' id='par_1_61' title="bbox 367 5488 2030 5572">
     <span class='ocr_line' id='line_1_61' title="bbox 367 5488 2030 5572; baseline 0.002 -27"><span class='ocrx_word' id='word_1_468' title='bbox 367 5488 429 5545; x_wconf 68' lang='grc' dir='ltr'>οὔ</span> <span class='ocrx_word' id='word_1_469' title='bbox 484 5490 793 5564; x_wconf 79' lang='grc' dir='ltr'>σωματικὴ,</span> <span class='ocrx_word' id='word_1_470' title='bbox 874 5490 1013 5549; x_wconf 89' lang='grc' dir='ltr'><strong>ἀλλά</strong></span> <span class='ocrx_word' id='word_1_471' title='bbox 1084 5492 1321 5572; x_wconf 85' lang='grc' dir='ltr'>θειοτέρα</span> <span class='ocrx_word' id='word_1_472' title='bbox 1384 5514 1465 5556; x_wconf 91' lang='grc' dir='ltr'><strong>τις</strong></span> <span class='ocrx_word' id='word_1_473' title='bbox 1537 5492 1861 5555; x_wconf 89' lang='grc' dir='ltr'>κατάστασις</span> <span class='ocrx_word' id='word_1_474' title='bbox 1916 5494 2030 5569; x_wconf 85' lang='grc' dir='ltr'>βίου</span> 
     </span>
    </p>
   </div>
   <div class='ocr_carea' id='block_1_62' title="bbox 370 5578 2027 5663">
    <p class='ocr_par' dir='ltr' id='par_1_62' title="bbox 370 5578 2027 5663">
     <span class='ocr_line' id='line_1_62' title="bbox 370 5578 2027 5663; baseline 0.004 -30"><span class='ocrx_word' id='word_1_475' title='bbox 370 5582 462 5634; x_wconf 85' lang='grc' dir='ltr'><strong>καὶ</strong></span> <span class='ocrx_word' id='word_1_476' title='bbox 520 5579 811 5659; x_wconf 74' lang='grc' dir='ltr'>ἀγγελική.</span> <span class='ocrx_word' id='word_1_477' title='bbox 858 5578 1076 5650; x_wconf 77' lang='grc' dir='ltr'>Ἐπειδὴ</span> <span class='ocrx_word' id='word_1_478' title='bbox 1135 5583 1235 5661; x_wconf 77' lang='grc' dir='ltr'><strong>γὰρ</strong></span> <span class='ocrx_word' id='word_1_479' title='bbox 1290 5584 1350 5640; x_wconf 79' lang='grc' dir='ltr'>οὐ</span> <span class='ocrx_word' id='word_1_480' title='bbox 1400 5581 1669 5660; x_wconf 82' lang='grc' dir='ltr'>μέλλομεν</span> <span class='ocrx_word' id='word_1_481' title='bbox 1710 5584 2027 5663; x_wconf 81' lang='grc' dir='ltr'>φθείρεσθαι,</span> 
     </span>
    </p>
   </div>
   <div class='ocr_carea' id='block_1_63' title="bbox 369 5667 2023 5753">
    <p class='ocr_par' dir='ltr' id='par_1_63' title="bbox 369 5667 2023 5753">
     <span class='ocr_line' id='line_1_63' title="bbox 369 5667 2023 5753; baseline 0.003 -29"><span class='ocrx_word' id='word_1_482' title='bbox 369 5667 490 5724; x_wconf 86' lang='grc' dir='ltr'>ἀλλ’</span> <span class='ocrx_word' id='word_1_483' title='bbox 544 5672 590 5726; x_wconf 75' lang='grc' dir='ltr'>οἱ</span> <span class='ocrx_word' id='word_1_484' title='bbox 633 5670 780 5727; x_wconf 76' lang='grc' dir='ltr'>αὐτοὶ</span> <span class='ocrx_word' id='word_1_485' title='bbox 834 5669 1036 5753; x_wconf 82' lang='grc' dir='ltr'>μένειν,</span> <span class='ocrx_word' id='word_1_486' title='bbox 1100 5669 1185 5729; x_wconf 76' lang='grc' dir='ltr'><strong>διὰ</strong></span> <span class='ocrx_word' id='word_1_487' title='bbox 1239 5679 1394 5732; x_wconf 86' lang='grc' dir='ltr'>τοῦτο</span> <span class='ocrx_word' id='word_1_488' title='bbox 1425 5675 1511 5731; x_wconf 83' lang='grc' dir='ltr'>καὶ</span> <span class='ocrx_word' id='word_1_489' title='bbox 1541 5675 1569 5731; x_wconf 89' lang='lat'><strong>6</strong></span> <span class='ocrx_word' id='word_1_490' title='bbox 1598 5673 1770 5753; x_wconf 82' lang='grc' dir='ltr'>γάμος</span> <span class='ocrx_word' id='word_1_491' title='bbox 1810 5673 2023 5753; x_wconf 75' lang='grc' dir='ltr'>ἀναιρε-</span> 
     </span>
    </p>
   </div>
   <div class='ocr_carea' id='block_1_64' title="bbox 2134 554 3784 643">
    <p class='ocr_par' dir='ltr' id='par_1_64' title="bbox 2134 554 3784 643">
     <span class='ocr_line' id='line_1_64' title="bbox 2134 554 3784 643; baseline 0.003 -28"><span class='ocrx_word' id='word_1_492' title='bbox 2134 554 2303 617; x_wconf 91' lang='lat' dir='ltr'><strong>dolos</strong></span> <span class='ocrx_word' id='word_1_493' title='bbox 2333 556 2573 620; x_wconf 87' lang='lat' dir='ltr'><strong>illorum</strong></span> <span class='ocrx_word' id='word_1_494' title='bbox 2605 559 2819 623; x_wconf 89' lang='lat' dir='ltr'><strong>evadit.</strong></span> <span class='ocrx_word' id='word_1_495' title='bbox 2862 558 3177 623; x_wconf 90' lang='lat' dir='ltr'><strong>Ostendite</strong></span> <span class='ocrx_word' id='word_1_496' title='bbox 3209 560 3378 635; x_wconf 90' lang='lat' dir='ltr'><strong>mihi,</strong></span> <span class='ocrx_word' id='word_1_497' title='bbox 3425 560 3635 643; x_wconf 81' lang='lat' dir='ltr'><strong>inquit,</strong></span> <span class='ocrx_word' id='word_1_498' title='bbox 3669 578 3784 620; x_wconf 90' lang='lat' dir='ltr'><strong>nu-</strong></span> 
     </span>
    </p>
   </div>
   <div class='ocr_carea' id='block_1_65' title="bbox 2134 645 3789 731">
    <p class='ocr_par' dir='ltr' id='par_1_65' title="bbox 2134 645 3789 731">
     <span class='ocr_line' id='line_1_65' title="bbox 2134 645 3789 731; baseline 0.002 -27"><span class='ocrx_word' id='word_1_499' title='bbox 2134 645 2367 708; x_wconf 89' lang='lat' dir='ltr'><strong>misma.</strong></span> <span class='ocrx_word' id='word_1_500' title='bbox 2398 648 2541 711; x_wconf 86' lang='lat' dir='ltr'><strong>Cum</strong></span> <span class='ocrx_word' id='word_1_501' title='bbox 2567 649 2726 711; x_wconf 91' lang='lat' dir='ltr'><strong>enim</strong></span> <span class='ocrx_word' id='word_1_502' title='bbox 2750 649 2996 712; x_wconf 73' lang='lat' dir='ltr'><strong>vidisset</strong></span> <span class='ocrx_word' id='word_1_503' title='bbox 3019 649 3175 731; x_wconf 88' lang='lat' dir='ltr'><strong>quod</strong></span> <span class='ocrx_word' id='word_1_504' title='bbox 3200 650 3518 730; x_wconf 81' lang='lat' dir='ltr'><strong>imaginem</strong></span> <span class='ocrx_word' id='word_1_505' title='bbox 3542 648 3789 710; x_wconf 83' lang='lat' dir='ltr'><strong>haberet</strong></span> 
     </span>
    </p>
   </div>
   <div class='ocr_carea' id='block_1_66' title="bbox 2132 734 3787 821">
    <p class='ocr_par' dir='ltr' id='par_1_66' title="bbox 2132 734 3787 821">
     <span class='ocr_line' id='line_1_66' title="bbox 2132 734 3787 821; baseline 0.002 -26"><span class='ocrx_word' id='word_1_506' title='bbox 2132 734 2399 811; x_wconf 63' lang='lat' dir='ltr'><strong>Bassaris,</strong></span> <span class='ocrx_word' id='word_1_507' title='bbox 2434 738 2580 799; x_wconf 89' lang='lat' dir='ltr'><strong>dicit</strong></span> <span class='ocrx_word' id='word_1_508' title='bbox 2615 760 2627 801; x_wconf 92' lang='lat'><strong>:</strong></span> <span class='ocrx_word' id='word_1_509' title='bbox 2663 738 2917 800; x_wconf 80' lang='lat' dir='ltr'><strong>Reddite</strong></span> <span class='ocrx_word' id='word_1_510' title='bbox 2948 739 3105 821; x_wconf 89' lang='lat' dir='ltr'><strong>quod</strong></span> <span class='ocrx_word' id='word_1_511' title='bbox 3142 739 3321 800; x_wconf 88' lang='lat' dir='ltr'><strong>habet</strong></span> <span class='ocrx_word' id='word_1_512' title='bbox 3350 740 3692 818; x_wconf 84' lang='lat' dir='ltr'><strong>imaginem,</strong></span> <span class='ocrx_word' id='word_1_513' title='bbox 3732 737 3787 799; x_wconf 89' lang='lat' dir='ltr'><strong>ei</strong></span> 
     </span>
    </p>
   </div>
   <div class='ocr_carea' id='block_1_67' title="bbox 2132 824 3785 908">
    <p class='ocr_par' dir='ltr' id='par_1_67' title="bbox 2132 824 3785 908">
     <span class='ocr_line' id='line_1_67' title="bbox 2132 824 3785 908; baseline 0.001 -25"><span class='ocrx_word' id='word_1_514' title='bbox 2132 824 2304 903; x_wconf 89' lang='lat' dir='ltr'><strong>cujus</strong></span> <span class='ocrx_word' id='word_1_515' title='bbox 2334 828 2484 904; x_wconf 88' lang='lat' dir='ltr'><strong>gerit</strong></span> <span class='ocrx_word' id='word_1_516' title='bbox 2514 827 2979 906; x_wconf 86' lang='lat' dir='ltr'><strong>imaginem,hoc</strong></span> <span class='ocrx_word' id='word_1_517' title='bbox 3000 839 3090 891; x_wconf 90' lang='lat' dir='ltr'><strong>est</strong></span> <span class='ocrx_word' id='word_1_518' title='bbox 3111 830 3326 891; x_wconf 85' lang='lat' dir='ltr'><strong>Caesari</strong></span> <span class='ocrx_word' id='word_1_519' title='bbox 3359 850 3371 891; x_wconf 92' lang='lat'><strong>:</strong></span> <span class='ocrx_word' id='word_1_520' title='bbox 3409 838 3465 890; x_wconf 91' lang='lat' dir='ltr'><strong>et</strong></span> <span class='ocrx_word' id='word_1_521' title='bbox 3494 845 3627 908; x_wconf 64' lang='lat' dir='ltr'><strong>quae</strong></span> <span class='ocrx_word' id='word_1_522' title='bbox 3648 834 3785 887; x_wconf 89' lang='lat' dir='ltr'><strong>sunt</strong></span> 
     </span>
    </p>
   </div>
   <div class='ocr_carea' id='block_1_68' title="bbox 2129 911 3780 997">
    <p class='ocr_par' dir='ltr' id='par_1_68' title="bbox 2129 911 3780 997">
     <span class='ocr_line' id='line_1_68' title="bbox 2129 911 3780 997; baseline 0.001 -24"><span class='ocrx_word' id='word_1_523' title='bbox 2129 911 2262 994; x_wconf 87' lang='lat' dir='ltr'><strong>Dei,</strong></span> <span class='ocrx_word' id='word_1_524' title='bbox 2296 917 2440 992; x_wconf 91' lang='lat' dir='ltr'><strong>Deo,</strong></span> <span class='ocrx_word' id='word_1_525' title='bbox 2477 918 2588 978; x_wconf 92' lang='lat' dir='ltr'><strong>hoc</strong></span> <span class='ocrx_word' id='word_1_526' title='bbox 2620 926 2728 997; x_wconf 88' lang='lat' dir='ltr'><strong>est,</strong></span> <span class='ocrx_word' id='word_1_527' title='bbox 2764 918 2909 979; x_wconf 87' lang='lat' dir='ltr'><strong>nihil</strong></span> <span class='ocrx_word' id='word_1_528' title='bbox 2942 918 3138 981; x_wconf 86' lang='lat' dir='ltr'><strong>obstat</strong></span> <span class='ocrx_word' id='word_1_529' title='bbox 3188 918 3353 980; x_wconf 88' lang='lat' dir='ltr'><strong>vobis</strong></span> <span class='ocrx_word' id='word_1_530' title='bbox 3382 918 3453 978; x_wconf 89' lang='lat' dir='ltr'><strong>ad</strong></span> <span class='ocrx_word' id='word_1_531' title='bbox 3504 916 3780 997; x_wconf 87' lang='lat' dir='ltr'><strong>pietatem</strong></span> 
     </span>
    </p>
   </div>
   <div class='ocr_carea' id='block_1_69' title="bbox 2130 1006 3780 1085">
    <p class='ocr_par' dir='ltr' id='par_1_69' title="bbox 2130 1006 3780 1085">
     <span class='ocr_line' id='line_1_69' title="bbox 2130 1006 3780 1085; baseline 0.002 -22"><span class='ocrx_word' id='word_1_532' title='bbox 2130 1007 2481 1081; x_wconf 80' lang='lat' dir='ltr'><strong>persolvere</strong></span> <span class='ocrx_word' id='word_1_533' title='bbox 2512 1006 2748 1070; x_wconf 65' lang='lat' dir='ltr'><strong>Caesari.</strong></span> <span class='ocrx_word' id='word_1_534' title='bbox 2794 1007 3048 1070; x_wconf 87' lang='lat' dir='ltr'><strong>Potestis</strong></span> <span class='ocrx_word' id='word_1_535' title='bbox 3082 1009 3239 1070; x_wconf 91' lang='lat' dir='ltr'><strong>enim</strong></span> <span class='ocrx_word' id='word_1_536' title='bbox 3289 1016 3346 1069; x_wconf 91' lang='lat' dir='ltr'><strong>et</strong></span> <span class='ocrx_word' id='word_1_537' title='bbox 3374 1006 3591 1070; x_wconf 68' lang='lat' dir='ltr'><strong>Caesari</strong></span> <span class='ocrx_word' id='word_1_538' title='bbox 3640 1023 3780 1085; x_wconf 90' lang='lat' dir='ltr'><strong>per-</strong></span> 
     </span>
    </p>
   </div>
   <div class='ocr_carea' id='block_1_70' title="bbox 2127 1091 3774 1175">
    <p class='ocr_par' dir='ltr' id='par_1_70' title="bbox 2127 1091 3774 1175">
     <span class='ocr_line' id='line_1_70' title="bbox 2127 1091 3774 1175; baseline 0.001 -25"><span class='ocrx_word' id='word_1_539' title='bbox 2127 1091 2383 1175; x_wconf 77' lang='lat' dir='ltr'><strong>solvere,</strong></span> <span class='ocrx_word' id='word_1_540' title='bbox 2410 1103 2467 1156; x_wconf 90' lang='lat' dir='ltr'><strong>et</strong></span> <span class='ocrx_word' id='word_1_541' title='bbox 2498 1098 2621 1158; x_wconf 91' lang='lat' dir='ltr'><strong>Deo</strong></span> <span class='ocrx_word' id='word_1_542' title='bbox 2654 1114 2792 1159; x_wconf 91' lang='lat' dir='ltr'><strong>suas</strong></span> <span class='ocrx_word' id='word_1_543' title='bbox 2823 1097 3109 1161; x_wconf 90' lang='lat' dir='ltr'><strong>tribuere.</strong></span> <span class='ocrx_word' id='word_1_544' title='bbox 3143 1100 3339 1159; x_wconf 67' lang='lat' dir='ltr'><strong>Caesar</strong></span> <span class='ocrx_word' id='word_1_545' title='bbox 3374 1096 3516 1159; x_wconf 84' lang='lat' dir='ltr'><strong>item</strong></span> <span class='ocrx_word' id='word_1_546' title='bbox 3546 1094 3774 1157; x_wconf 89' lang='lat' dir='ltr'><strong>unicui-</strong></span> 
     </span>
    </p>
   </div>
   <div class='ocr_carea' id='block_1_71' title="bbox 2126 1183 3782 1265">
    <p class='ocr_par' dir='ltr' id='par_1_71' title="bbox 2126 1183 3782 1265">
     <span class='ocr_line' id='line_1_71' title="bbox 2126 1183 3782 1265; baseline 0.002 -25"><span class='ocrx_word' id='word_1_547' title='bbox 2126 1198 2241 1260; x_wconf 88' lang='lat' dir='ltr'><strong>que</strong></span> <span class='ocrx_word' id='word_1_548' title='bbox 2297 1193 2562 1245; x_wconf 90' lang='lat' dir='ltr'><strong>nostrum</strong></span> <span class='ocrx_word' id='word_1_549' title='bbox 2634 1186 2991 1248; x_wconf 87' lang='lat' dir='ltr'><strong>inevitabilis</strong></span> <span class='ocrx_word' id='word_1_550' title='bbox 3070 1188 3167 1248; x_wconf 90' lang='lat' dir='ltr'><strong>illa</strong></span> <span class='ocrx_word' id='word_1_551' title='bbox 3248 1186 3517 1265; x_wconf 90' lang='lat' dir='ltr'><strong>corporis</strong></span> <span class='ocrx_word' id='word_1_552' title='bbox 3589 1183 3782 1245; x_wconf 86' lang='lat' dir='ltr'><strong>nostri</strong></span> 
     </span>
    </p>
   </div>
   <div class='ocr_carea' id='block_1_72' title="bbox 2127 1272 3778 1355">
    <p class='ocr_par' dir='ltr' id='par_1_72' title="bbox 2127 1272 3778 1355">
     <span class='ocr_line' id='line_1_72' title="bbox 2127 1272 3778 1355; baseline 0.002 -26"><span class='ocrx_word' id='word_1_553' title='bbox 2127 1272 2451 1335; x_wconf 89' lang='lat' dir='ltr'><strong>necessitas</strong></span> <span class='ocrx_word' id='word_1_554' title='bbox 2466 1283 2578 1335; x_wconf 89' lang='lat' dir='ltr'><strong>est.</strong></span> <span class='ocrx_word' id='word_1_555' title='bbox 2608 1274 2781 1338; x_wconf 85' lang='lat' dir='ltr'><strong>Jubet</strong></span> <span class='ocrx_word' id='word_1_556' title='bbox 2802 1276 2981 1355; x_wconf 85' lang='lat' dir='ltr'><strong>igitur</strong></span> <span class='ocrx_word' id='word_1_557' title='bbox 3008 1278 3295 1339; x_wconf 88' lang='lat' dir='ltr'><strong>Dominus</strong></span> <span class='ocrx_word' id='word_1_558' title='bbox 3319 1275 3578 1337; x_wconf 88' lang='lat' dir='ltr'><strong>reddere</strong></span> <span class='ocrx_word' id='word_1_559' title='bbox 3603 1272 3778 1334; x_wconf 90' lang='lat' dir='ltr'><strong>etiam</strong></span> 
     </span>
    </p>
   </div>
   <div class='ocr_carea' id='block_1_73' title="bbox 2123 1362 3781 1440">
    <p class='ocr_par' dir='ltr' id='par_1_73' title="bbox 2123 1362 3781 1440">
     <span class='ocr_line' id='line_1_73' title="bbox 2123 1362 3781 1440; baseline 0 -19"><span class='ocrx_word' id='word_1_560' title='bbox 2123 1362 2357 1440; x_wconf 88' lang='lat' dir='ltr'><strong>corpori</strong></span> <span class='ocrx_word' id='word_1_561' title='bbox 2389 1382 2493 1425; x_wconf 91' lang='lat' dir='ltr'><strong>sua</strong></span> <span class='ocrx_word' id='word_1_562' title='bbox 2523 1366 2883 1440; x_wconf 87' lang='lat' dir='ltr'><strong>necessaria,</strong></span> <span class='ocrx_word' id='word_1_563' title='bbox 2910 1367 3077 1427; x_wconf 91' lang='lat' dir='ltr'><strong>cibos</strong></span> <span class='ocrx_word' id='word_1_564' title='bbox 3107 1366 3333 1430; x_wconf 87' lang='lat' dir='ltr'><strong>scilicet</strong></span> <span class='ocrx_word' id='word_1_565' title='bbox 3361 1383 3429 1426; x_wconf 89' lang='lat' dir='ltr'><strong>ac</strong></span> <span class='ocrx_word' id='word_1_566' title='bbox 3458 1370 3651 1424; x_wconf 85' lang='lat' dir='ltr'><strong>vestes</strong></span> <span class='ocrx_word' id='word_1_567' title='bbox 3677 1382 3690 1422; x_wconf 89' lang='lat'><strong>:</strong></span> <span class='ocrx_word' id='word_1_568' title='bbox 3723 1369 3781 1423; x_wconf 89' lang='lat' dir='ltr'><strong>et</strong></span> 
     </span>
    </p>
   </div>
   <div class='ocr_carea' id='block_1_74' title="bbox 2123 1450 3777 1535">
    <p class='ocr_par' dir='ltr' id='par_1_74' title="bbox 2123 1450 3777 1535">
     <span class='ocr_line' id='line_1_74' title="bbox 2123 1450 3777 1535; baseline 0 -25"><span class='ocrx_word' id='word_1_569' title='bbox 2123 1467 2255 1528; x_wconf 60' lang='lat' dir='ltr'><strong>qua;</strong></span> <span class='ocrx_word' id='word_1_570' title='bbox 2283 1450 2414 1531; x_wconf 89' lang='lat' dir='ltr'><strong>Dei,</strong></span> <span class='ocrx_word' id='word_1_571' title='bbox 2452 1455 2599 1528; x_wconf 87' lang='lat' dir='ltr'><strong>Deo,</strong></span> <span class='ocrx_word' id='word_1_572' title='bbox 2634 1472 2849 1535; x_wconf 89' lang='lat' dir='ltr'><strong>nempe</strong></span> <span class='ocrx_word' id='word_1_573' title='bbox 2880 1454 3107 1535; x_wconf 85' lang='lat' dir='ltr'><strong>vigilias</strong></span> <span class='ocrx_word' id='word_1_574' title='bbox 3156 1463 3403 1535; x_wconf 88' lang='lat' dir='ltr'><strong>quantas</strong></span> <span class='ocrx_word' id='word_1_575' title='bbox 3436 1468 3777 1532; x_wconf 88' lang='lat' dir='ltr'><strong>possumus,</strong></span> 
     </span>
    </p>
   </div>
   <div class='ocr_carea' id='block_1_75' title="bbox 2124 1538 3775 1624">
    <p class='ocr_par' dir='ltr' id='par_1_75' title="bbox 2124 1538 3775 1624">
     <span class='ocr_line' id='line_1_75' title="bbox 2124 1538 3775 1624; baseline 0.002 -27"><span class='ocrx_word' id='word_1_576' title='bbox 2124 1538 2445 1614; x_wconf 88' lang='lat' dir='ltr'><strong>orationes,</strong></span> <span class='ocrx_word' id='word_1_577' title='bbox 2498 1550 2613 1603; x_wconf 89' lang='lat' dir='ltr'><strong>etc.</strong></span> <span class='ocrx_word' id='word_1_578' title='bbox 2668 1543 2786 1605; x_wconf 86' lang='lat' dir='ltr'><strong>Sed</strong></span> <span class='ocrx_word' id='word_1_579' title='bbox 2848 1552 2905 1605; x_wconf 89' lang='lat' dir='ltr'><strong>et</strong></span> <span class='ocrx_word' id='word_1_580' title='bbox 2961 1544 3219 1619; x_wconf 89' lang='lat' dir='ltr'><strong>diabolo,</strong></span> <span class='ocrx_word' id='word_1_581' title='bbox 3274 1544 3374 1624; x_wconf 91' lang='lat' dir='ltr'><strong>qui</strong></span> <span class='ocrx_word' id='word_1_582' title='bbox 3430 1546 3625 1605; x_wconf 85' lang='lat' dir='ltr'><strong>Caesar</strong></span> <span class='ocrx_word' id='word_1_583' title='bbox 3665 1548 3775 1616; x_wconf 91' lang='lat' dir='ltr'><strong>est,</strong></span> 
     </span>
    </p>
   </div>
   <div class='ocr_carea' id='block_1_76' title="bbox 2123 1626 3777 1712">
    <p class='ocr_par' dir='ltr' id='par_1_76' title="bbox 2123 1626 3777 1712">
     <span class='ocr_line' id='line_1_76' title="bbox 2123 1626 3777 1712; baseline 0.001 -23"><span class='ocrx_word' id='word_1_584' title='bbox 2123 1626 2316 1706; x_wconf 83' lang='lat' dir='ltr'><strong>objice</strong></span> <span class='ocrx_word' id='word_1_585' title='bbox 2350 1648 2481 1710; x_wconf 64' lang='lat' dir='ltr'><strong>qua;</strong></span> <span class='ocrx_word' id='word_1_586' title='bbox 2526 1630 2630 1691; x_wconf 88' lang='lat' dir='ltr'><strong>tibi</strong></span> <span class='ocrx_word' id='word_1_587' title='bbox 2681 1632 2754 1694; x_wconf 89' lang='lat' dir='ltr'><strong>ab</strong></span> <span class='ocrx_word' id='word_1_588' title='bbox 2795 1633 2897 1695; x_wconf 91' lang='lat' dir='ltr'><strong>illo</strong></span> <span class='ocrx_word' id='word_1_589' title='bbox 2929 1633 3110 1694; x_wconf 90' lang='lat' dir='ltr'><strong>data:</strong></span> <span class='ocrx_word' id='word_1_590' title='bbox 3155 1632 3328 1712; x_wconf 90' lang='lat' dir='ltr'><strong>iram,</strong></span> <span class='ocrx_word' id='word_1_591' title='bbox 3364 1634 3501 1694; x_wconf 77' lang='grc'><strong>257</strong></span> <span class='ocrx_word' id='word_1_592' title='bbox 3546 1648 3777 1692; x_wconf 91' lang='lat' dir='ltr'><strong>concu—</strong></span> 
     </span>
    </p>
   </div>
   <div class='ocr_carea' id='block_1_77' title="bbox 2124 1715 3691 1801">
    <p class='ocr_par' dir='ltr' id='par_1_77' title="bbox 2124 1715 3691 1801">
     <span class='ocr_line' id='line_1_77' title="bbox 2124 1715 3691 1801; baseline 0.003 -24"><span class='ocrx_word' id='word_1_593' title='bbox 2124 1715 2474 1796; x_wconf 86' lang='lat' dir='ltr'><strong>piscentiam</strong></span> <span class='ocrx_word' id='word_1_594' title='bbox 2500 1722 2716 1782; x_wconf 88' lang='lat' dir='ltr'><strong>malam</strong></span> <span class='ocrx_word' id='word_1_595' title='bbox 2749 1741 2763 1781; x_wconf 91' lang='lat'><strong>:</strong></span> <span class='ocrx_word' id='word_1_596' title='bbox 2798 1731 2856 1782; x_wconf 88' lang='lat' dir='ltr'><strong>et</strong></span> <span class='ocrx_word' id='word_1_597' title='bbox 2881 1740 3012 1801; x_wconf 63' lang='lat' dir='ltr'><strong>quae</strong></span> <span class='ocrx_word' id='word_1_598' title='bbox 3044 1722 3153 1784; x_wconf 90' lang='lat' dir='ltr'><strong>Dei</strong></span> <span class='ocrx_word' id='word_1_599' title='bbox 3184 1733 3342 1797; x_wconf 88' lang='lat' dir='ltr'><strong>sunt,</strong></span> <span class='ocrx_word' id='word_1_600' title='bbox 3376 1722 3526 1783; x_wconf 78' lang='lat' dir='ltr'><strong>offer</strong></span> <span class='ocrx_word' id='word_1_601' title='bbox 3546 1720 3691 1783; x_wconf 91' lang='lat' dir='ltr'><strong>Deo.</strong></span> 
     </span>
    </p>
   </div>
   <div class='ocr_carea' id='block_1_78' title="bbox 2208 1807 3774 1874">
    <p class='ocr_par' dir='ltr' id='par_1_78' title="bbox 2208 1807 3774 1874">
     <span class='ocr_line' id='line_1_78' title="bbox 2208 1807 3774 1874; baseline 0.001 -7"><span class='ocrx_word' id='word_1_602' title='bbox 2208 1807 2391 1870; x_wconf 72' lang='lat' dir='ltr'><strong>Vens.</strong></span> <span class='ocrx_word' id='word_1_603' title='bbox 2432 1808 2632 1871; x_wconf 71' lang='lat'><strong>18-27.</strong></span> <span class='ocrx_word' id='word_1_604' title='bbox 2674 1835 2700 1865; x_wconf 78' lang='grc' dir='ltr'><strong><em>α</em></strong></span> <span class='ocrx_word' id='word_1_605' title='bbox 2735 1809 2805 1871; x_wconf 87' lang='lat' dir='ltr'><strong>Et</strong></span> <span class='ocrx_word' id='word_1_606' title='bbox 2834 1811 3077 1872; x_wconf 90' lang='lat' dir='ltr'><strong>veniunt</strong></span> <span class='ocrx_word' id='word_1_607' title='bbox 3124 1810 3433 1874; x_wconf 67' lang='lat' dir='ltr'><strong>Sadducmi</strong></span> <span class='ocrx_word' id='word_1_608' title='bbox 3479 1811 3552 1872; x_wconf 90' lang='lat' dir='ltr'><strong>ad</strong></span> <span class='ocrx_word' id='word_1_609' title='bbox 3602 1809 3774 1871; x_wconf 90' lang='lat' dir='ltr'><strong>illum</strong></span> 
     </span>
    </p>
   </div>
   <div class='ocr_carea' id='block_1_79' title="bbox 2122 1895 3775 1981">
    <p class='ocr_par' dir='ltr' id='par_1_79' title="bbox 2122 1895 3775 1981">
     <span class='ocr_line' id='line_1_79' title="bbox 2122 1895 3775 1981; baseline 0.001 -25"><span class='ocrx_word' id='word_1_610' title='bbox 2122 1895 2222 1976; x_wconf 91' lang='lat' dir='ltr'><strong>qui</strong></span> <span class='ocrx_word' id='word_1_611' title='bbox 2253 1897 2459 1959; x_wconf 90' lang='lat' dir='ltr'><strong>dicunt</strong></span> <span class='ocrx_word' id='word_1_612' title='bbox 2489 1918 2607 1960; x_wconf 91' lang='lat' dir='ltr'><strong>non</strong></span> <span class='ocrx_word' id='word_1_613' title='bbox 2641 1918 2772 1961; x_wconf 91' lang='lat' dir='ltr'><strong>esse</strong></span> <span class='ocrx_word' id='word_1_614' title='bbox 2794 1902 3320 1981; x_wconf 87' lang='lat' dir='ltr'><strong>resurrectionem,</strong></span> <span class='ocrx_word' id='word_1_615' title='bbox 3376 1902 3775 1977; x_wconf 83' lang='lat' dir='ltr'><strong>interrogave-</strong></span> 
     </span>
    </p>
   </div>
   <div class='ocr_carea' id='block_1_80' title="bbox 2121 1987 3777 2072">
    <p class='ocr_par' dir='ltr' id='par_1_80' title="bbox 2121 1987 3777 2072">
     <span class='ocr_line' id='line_1_80' title="bbox 2121 1987 3777 2072; baseline 0.004 -29"><span class='ocrx_word' id='word_1_616' title='bbox 2121 1994 2378 2066; x_wconf 90' lang='lat' dir='ltr'><strong>runtque</strong></span> <span class='ocrx_word' id='word_1_617' title='bbox 2404 2005 2539 2048; x_wconf 89' lang='lat' dir='ltr'><strong>eum</strong></span> <span class='ocrx_word' id='word_1_618' title='bbox 2572 1988 2842 2052; x_wconf 88' lang='lat' dir='ltr'><strong>dicentes</strong></span> <span class='ocrx_word' id='word_1_619' title='bbox 2874 2011 2885 2052; x_wconf 96' lang='lat'>:</span> <span class='ocrx_word' id='word_1_620' title='bbox 2924 1992 3284 2072; x_wconf 66' lang='lat' dir='ltr'><strong>Praeceptor,</strong></span> <span class='ocrx_word' id='word_1_621' title='bbox 3318 1992 3513 2053; x_wconf 83' lang='lat' dir='ltr'><strong>Moses</strong></span> <span class='ocrx_word' id='word_1_622' title='bbox 3540 1987 3777 2069; x_wconf 85' lang='lat' dir='ltr'><strong>scripsit</strong></span> 
     </span>
    </p>
   </div>
   <div class='ocr_carea' id='block_1_81' title="bbox 2121 2074 3772 2161">
    <p class='ocr_par' dir='ltr' id='par_1_81' title="bbox 2121 2074 3772 2161">
     <span class='ocr_line' id='line_1_81' title="bbox 2121 2074 3772 2161; baseline 0.002 -26"><span class='ocrx_word' id='word_1_623' title='bbox 2121 2074 2331 2137; x_wconf 90' lang='lat' dir='ltr'><strong>nobis:</strong></span> <span class='ocrx_word' id='word_1_624' title='bbox 2368 2074 2428 2139; x_wconf 87' lang='lat' dir='ltr'><strong>Si</strong></span> <span class='ocrx_word' id='word_1_625' title='bbox 2459 2079 2629 2159; x_wconf 86' lang='lat' dir='ltr'><strong>cujus</strong></span> <span class='ocrx_word' id='word_1_626' title='bbox 2660 2080 2839 2141; x_wconf 83' lang='lat' dir='ltr'><strong>frater</strong></span> <span class='ocrx_word' id='word_1_627' title='bbox 2870 2080 3178 2156; x_wconf 88' lang='lat' dir='ltr'><strong>moriatur,</strong></span> <span class='ocrx_word' id='word_1_628' title='bbox 3206 2100 3274 2141; x_wconf 90' lang='lat' dir='ltr'><strong>ac</strong></span> <span class='ocrx_word' id='word_1_629' title='bbox 3297 2080 3596 2161; x_wconf 88' lang='lat' dir='ltr'><strong>relinquat</strong></span> <span class='ocrx_word' id='word_1_630' title='bbox 3621 2097 3772 2141; x_wconf 84' lang='lat' dir='ltr'><strong>uxo-</strong></span> 
     </span>
    </p>
   </div>
   <div class='ocr_carea' id='block_1_82' title="bbox 2121 2166 3774 2251">
    <p class='ocr_par' dir='ltr' id='par_1_82' title="bbox 2121 2166 3774 2251">
     <span class='ocr_line' id='line_1_82' title="bbox 2121 2166 3774 2251; baseline 0.002 -27"><span class='ocrx_word' id='word_1_631' title='bbox 2121 2182 2276 2246; x_wconf 89' lang='lat' dir='ltr'><strong>rem,</strong></span> <span class='ocrx_word' id='word_1_632' title='bbox 2303 2174 2357 2226; x_wconf 92' lang='lat' dir='ltr'><strong>et</strong></span> <span class='ocrx_word' id='word_1_633' title='bbox 2381 2166 2604 2229; x_wconf 90' lang='lat' dir='ltr'><strong>liberos</strong></span> <span class='ocrx_word' id='word_1_634' title='bbox 2628 2188 2746 2231; x_wconf 88' lang='lat' dir='ltr'><strong>non</strong></span> <span class='ocrx_word' id='word_1_635' title='bbox 2767 2169 3163 2250; x_wconf 87' lang='lat' dir='ltr'><strong>relinquat,ut</strong></span> <span class='ocrx_word' id='word_1_636' title='bbox 3178 2170 3429 2251; x_wconf 89' lang='lat' dir='ltr'><strong>accipiat</strong></span> <span class='ocrx_word' id='word_1_637' title='bbox 3444 2170 3624 2231; x_wconf 81' lang='lat' dir='ltr'><strong>frater</strong></span> <span class='ocrx_word' id='word_1_638' title='bbox 3641 2170 3774 2248; x_wconf 90' lang='lat' dir='ltr'><strong>ejus</strong></span> 
     </span>
    </p>
   </div>
   <div class='ocr_carea' id='block_1_83' title="bbox 2121 2257 3770 2339">
    <p class='ocr_par' dir='ltr' id='par_1_83' title="bbox 2121 2257 3770 2339">
     <span class='ocr_line' id='line_1_83' title="bbox 2121 2257 3770 2339; baseline 0.002 -24"><span class='ocrx_word' id='word_1_639' title='bbox 2121 2272 2365 2317; x_wconf 82' lang='lat' dir='ltr'><strong>uxorem</strong></span> <span class='ocrx_word' id='word_1_640' title='bbox 2393 2257 2572 2333; x_wconf 90' lang='lat' dir='ltr'><strong>illius,</strong></span> <span class='ocrx_word' id='word_1_641' title='bbox 2599 2267 2657 2320; x_wconf 88' lang='lat' dir='ltr'><strong>et</strong></span> <span class='ocrx_word' id='word_1_642' title='bbox 2678 2260 2927 2321; x_wconf 89' lang='lat' dir='ltr'><strong>suscitet</strong></span> <span class='ocrx_word' id='word_1_643' title='bbox 2949 2279 3159 2321; x_wconf 87' lang='lat' dir='ltr'><strong>semen</strong></span> <span class='ocrx_word' id='word_1_644' title='bbox 3179 2261 3344 2321; x_wconf 86' lang='lat' dir='ltr'><strong>fratri</strong></span> <span class='ocrx_word' id='word_1_645' title='bbox 3368 2278 3497 2323; x_wconf 92' lang='lat' dir='ltr'><strong>suo.</strong></span> <span class='ocrx_word' id='word_1_646' title='bbox 3531 2262 3770 2339; x_wconf 89' lang='lat' dir='ltr'><strong>Septem</strong></span> 
     </span>
    </p>
   </div>
   <div class='ocr_carea' id='block_1_84' title="bbox 2118 2343 3773 2431">
    <p class='ocr_par' dir='ltr' id='par_1_84' title="bbox 2118 2343 3773 2431">
     <span class='ocr_line' id='line_1_84' title="bbox 2118 2343 3773 2431; baseline 0.003 -27"><span class='ocrx_word' id='word_1_647' title='bbox 2118 2343 2330 2406; x_wconf 88' lang='lat' dir='ltr'><strong>fratres</strong></span> <span class='ocrx_word' id='word_1_648' title='bbox 2360 2346 2617 2423; x_wconf 88' lang='lat' dir='ltr'><strong>fuerunt,</strong></span> <span class='ocrx_word' id='word_1_649' title='bbox 2652 2368 2720 2411; x_wconf 87' lang='lat' dir='ltr'><strong>ac</strong></span> <span class='ocrx_word' id='word_1_650' title='bbox 2752 2350 2978 2430; x_wconf 87' lang='lat' dir='ltr'><strong>primus</strong></span> <span class='ocrx_word' id='word_1_651' title='bbox 3024 2350 3255 2431; x_wconf 89' lang='lat' dir='ltr'><strong>accepit</strong></span> <span class='ocrx_word' id='word_1_652' title='bbox 3301 2369 3569 2424; x_wconf 80' lang='lat' dir='ltr'><strong>uxorem,</strong></span> <span class='ocrx_word' id='word_1_653' title='bbox 3604 2350 3773 2429; x_wconf 89' lang='lat' dir='ltr'><strong>isque</strong></span> 
     </span>
    </p>
   </div>
   <div class='ocr_carea' id='block_1_85' title="bbox 2121 2436 3775 2519">
    <p class='ocr_par' dir='ltr' id='par_1_85' title="bbox 2121 2436 3775 2519">
     <span class='ocr_line' id='line_1_85' title="bbox 2121 2436 3775 2519; baseline 0.001 -22"><span class='ocrx_word' id='word_1_654' title='bbox 2121 2436 2388 2497; x_wconf 89' lang='lat' dir='ltr'><strong>moriens</strong></span> <span class='ocrx_word' id='word_1_655' title='bbox 2421 2456 2539 2498; x_wconf 91' lang='lat' dir='ltr'><strong>non</strong></span> <span class='ocrx_word' id='word_1_656' title='bbox 2568 2439 2812 2519; x_wconf 89' lang='lat' dir='ltr'><strong>reliquit</strong></span> <span class='ocrx_word' id='word_1_657' title='bbox 2842 2458 3048 2501; x_wconf 92' lang='lat' dir='ltr'><strong>semen</strong></span> <span class='ocrx_word' id='word_1_658' title='bbox 3076 2461 3091 2500; x_wconf 88' lang='lat'><strong>:</strong></span> <span class='ocrx_word' id='word_1_659' title='bbox 3128 2449 3184 2501; x_wconf 91' lang='lat' dir='ltr'><strong>et</strong></span> <span class='ocrx_word' id='word_1_660' title='bbox 3215 2439 3515 2501; x_wconf 80' lang='lat' dir='ltr'><strong>secundus</strong></span> <span class='ocrx_word' id='word_1_661' title='bbox 3544 2438 3775 2518; x_wconf 90' lang='lat' dir='ltr'><strong>accepit</strong></span> 
     </span>
    </p>
   </div>
   <div class='ocr_carea' id='block_1_86' title="bbox 2118 2525 3767 2610">
    <p class='ocr_par' dir='ltr' id='par_1_86' title="bbox 2118 2525 3767 2610">
     <span class='ocr_line' id='line_1_86' title="bbox 2118 2525 3767 2610; baseline 0.002 -25"><span class='ocrx_word' id='word_1_662' title='bbox 2118 2525 2303 2602; x_wconf 89' lang='lat' dir='ltr'><strong>illam,</strong></span> <span class='ocrx_word' id='word_1_663' title='bbox 2338 2546 2404 2588; x_wconf 90' lang='lat' dir='ltr'><strong>ac</strong></span> <span class='ocrx_word' id='word_1_664' title='bbox 2438 2537 2849 2609; x_wconf 86' lang='lat' dir='ltr'><strong>mortuusest,</strong></span> <span class='ocrx_word' id='word_1_665' title='bbox 2876 2540 2933 2591; x_wconf 94' lang='lat' dir='ltr'><strong>et</strong></span> <span class='ocrx_word' id='word_1_666' title='bbox 2964 2548 3076 2591; x_wconf 89' lang='lat' dir='ltr'><strong>nec</strong></span> <span class='ocrx_word' id='word_1_667' title='bbox 3107 2530 3234 2610; x_wconf 90' lang='lat' dir='ltr'><strong>ipse</strong></span> <span class='ocrx_word' id='word_1_668' title='bbox 3258 2530 3499 2609; x_wconf 88' lang='lat' dir='ltr'><strong>reliquit</strong></span> <span class='ocrx_word' id='word_1_669' title='bbox 3528 2545 3767 2590; x_wconf 83' lang='lat' dir='ltr'><strong>semen:</strong></span> 
     </span>
    </p>
   </div>
   <div class='ocr_carea' id='block_1_87' title="bbox 2117 2616 3771 2699">
    <p class='ocr_par' dir='ltr' id='par_1_87' title="bbox 2117 2616 3771 2699">
     <span class='ocr_line' id='line_1_87' title="bbox 2117 2616 3771 2699; baseline 0.002 -24"><span class='ocrx_word' id='word_1_670' title='bbox 2117 2624 2175 2675; x_wconf 92' lang='lat' dir='ltr'><strong>et</strong></span> <span class='ocrx_word' id='word_1_671' title='bbox 2198 2616 2404 2677; x_wconf 87' lang='lat' dir='ltr'><strong>tertius</strong></span> <span class='ocrx_word' id='word_1_672' title='bbox 2427 2618 2717 2679; x_wconf 88' lang='lat' dir='ltr'><strong>similiter.</strong></span> <span class='ocrx_word' id='word_1_673' title='bbox 2752 2630 2807 2680; x_wconf 90' lang='lat' dir='ltr'><strong>et</strong></span> <span class='ocrx_word' id='word_1_674' title='bbox 2836 2628 3195 2699; x_wconf 90' lang='lat' dir='ltr'><strong>acceperunt</strong></span> <span class='ocrx_word' id='word_1_675' title='bbox 3220 2637 3348 2680; x_wconf 88' lang='lat' dir='ltr'><strong>eam</strong></span> <span class='ocrx_word' id='word_1_676' title='bbox 3376 2624 3631 2698; x_wconf 78' lang='lat' dir='ltr'><strong>septem,</strong></span> <span class='ocrx_word' id='word_1_677' title='bbox 3660 2636 3771 2679; x_wconf 88' lang='lat' dir='ltr'><strong>nec</strong></span> 
     </span>
    </p>
   </div>
   <div class='ocr_carea' id='block_1_88' title="bbox 2115 2704 3770 2788">
    <p class='ocr_par' dir='ltr' id='par_1_88' title="bbox 2115 2704 3770 2788">
     <span class='ocr_line' id='line_1_88' title="bbox 2115 2704 3770 2788; baseline 0.002 -24"><span class='ocrx_word' id='word_1_678' title='bbox 2115 2704 2490 2785; x_wconf 88' lang='lat' dir='ltr'><strong>reliquerunt</strong></span> <span class='ocrx_word' id='word_1_679' title='bbox 2506 2724 2737 2780; x_wconf 89' lang='lat' dir='ltr'><strong>semen;</strong></span> <span class='ocrx_word' id='word_1_680' title='bbox 2766 2717 3065 2788; x_wconf 90' lang='lat' dir='ltr'><strong>postremo</strong></span> <span class='ocrx_word' id='word_1_681' title='bbox 3091 2726 3227 2769; x_wconf 90' lang='lat' dir='ltr'><strong>vero</strong></span> <span class='ocrx_word' id='word_1_682' title='bbox 3243 2707 3509 2769; x_wconf 91' lang='lat' dir='ltr'><strong>omnium</strong></span> <span class='ocrx_word' id='word_1_683' title='bbox 3540 2714 3770 2768; x_wconf 87' lang='lat' dir='ltr'><strong>mortua</strong></span> 
     </span>
    </p>
   </div>
   <div class='ocr_carea' id='block_1_89' title="bbox 2118 2796 3775 2879">
    <p class='ocr_par' dir='ltr' id='par_1_89' title="bbox 2118 2796 3775 2879">
     <span class='ocr_line' id='line_1_89' title="bbox 2118 2796 3775 2879; baseline 0.002 -25"><span class='ocrx_word' id='word_1_684' title='bbox 2118 2804 2205 2854; x_wconf 92' lang='lat' dir='ltr'><strong>est</strong></span> <span class='ocrx_word' id='word_1_685' title='bbox 2236 2804 2293 2855; x_wconf 91' lang='lat' dir='ltr'><strong>et</strong></span> <span class='ocrx_word' id='word_1_686' title='bbox 2326 2814 2497 2867; x_wconf 77' lang='lat' dir='ltr'><strong>uxor;</strong></span> <span class='ocrx_word' id='word_1_687' title='bbox 2521 2796 2580 2857; x_wconf 90' lang='lat' dir='ltr'><strong>in</strong></span> <span class='ocrx_word' id='word_1_688' title='bbox 2606 2798 3044 2859; x_wconf 89' lang='lat' dir='ltr'><strong>resurrectione</strong></span> <span class='ocrx_word' id='word_1_689' title='bbox 3065 2798 3405 2879; x_wconf 89' lang='lat' dir='ltr'><strong>igitur,cum</strong></span> <span class='ocrx_word' id='word_1_690' title='bbox 3432 2814 3775 2858; x_wconf 83' lang='lat' dir='ltr'><strong>resurrexe-</strong></span> 
     </span>
    </p>
   </div>
   <div class='ocr_carea' id='block_1_90' title="bbox 2115 2882 3775 2967">
    <p class='ocr_par' dir='ltr' id='par_1_90' title="bbox 2115 2882 3775 2967">
     <span class='ocr_line' id='line_1_90' title="bbox 2115 2882 3775 2967; baseline 0.002 -24"><span class='ocrx_word' id='word_1_691' title='bbox 2115 2882 2432 2964; x_wconf 85' lang='lat' dir='ltr'><strong>rint,cujus</strong></span> <span class='ocrx_word' id='word_1_692' title='bbox 2452 2886 2684 2946; x_wconf 91' lang='lat' dir='ltr'><strong>illorum</strong></span> <span class='ocrx_word' id='word_1_693' title='bbox 2707 2887 2819 2947; x_wconf 88' lang='lat' dir='ltr'><strong>erit</strong></span> <span class='ocrx_word' id='word_1_694' title='bbox 2840 2886 3165 2949; x_wconf 82' lang='lat' dir='ltr'><strong>uxor?Nam</strong></span> <span class='ocrx_word' id='word_1_695' title='bbox 3181 2895 3412 2967; x_wconf 89' lang='lat' dir='ltr'><strong>septem</strong></span> <span class='ocrx_word' id='word_1_696' title='bbox 3436 2886 3775 2948; x_wconf 88' lang='lat' dir='ltr'><strong>habuerunt</strong></span> 
     </span>
    </p>
   </div>
   <div class='ocr_carea' id='block_1_91' title="bbox 2116 2979 3772 3059">
    <p class='ocr_par' dir='ltr' id='par_1_91' title="bbox 2116 2979 3772 3059">
     <span class='ocr_line' id='line_1_91' title="bbox 2116 2979 3772 3059; baseline 0.002 -24"><span class='ocrx_word' id='word_1_697' title='bbox 2116 2993 2246 3035; x_wconf 90' lang='lat' dir='ltr'><strong>eam</strong></span> <span class='ocrx_word' id='word_1_698' title='bbox 2281 2996 2547 3038; x_wconf 88' lang='lat' dir='ltr'><strong>uxorem.</strong></span> <span class='ocrx_word' id='word_1_699' title='bbox 2584 2980 2660 3039; x_wconf 86' lang='lat' dir='ltr'><strong>Et</strong></span> <span class='ocrx_word' id='word_1_700' title='bbox 2702 2979 3076 3059; x_wconf 88' lang='lat' dir='ltr'><strong>respondens</strong></span> <span class='ocrx_word' id='word_1_701' title='bbox 3116 2981 3311 3053; x_wconf 84' lang='lat' dir='ltr'><strong>Jesus,</strong></span> <span class='ocrx_word' id='word_1_702' title='bbox 3348 2980 3492 3041; x_wconf 80' lang='lat' dir='ltr'><strong>dixit</strong></span> <span class='ocrx_word' id='word_1_703' title='bbox 3519 2980 3644 3041; x_wconf 88' lang='lat' dir='ltr'><strong>eis:</strong></span> <span class='ocrx_word' id='word_1_704' title='bbox 3680 2983 3772 3042; x_wconf 88' lang='lat' dir='ltr'><strong>An</strong></span> 
     </span>
    </p>
   </div>
   <div class='ocr_carea' id='block_1_92' title="bbox 2117 3068 3768 3149">
    <p class='ocr_par' dir='ltr' id='par_1_92' title="bbox 2117 3068 3768 3149">
     <span class='ocr_line' id='line_1_92' title="bbox 2117 3068 3768 3149; baseline 0.002 -24"><span class='ocrx_word' id='word_1_705' title='bbox 2117 3084 2236 3125; x_wconf 90' lang='lat' dir='ltr'><strong>non</strong></span> <span class='ocrx_word' id='word_1_706' title='bbox 2266 3076 2581 3147; x_wconf 86' lang='lat' dir='ltr'><strong>propterea</strong></span> <span class='ocrx_word' id='word_1_707' title='bbox 2612 3069 2841 3142; x_wconf 84' lang='lat' dir='ltr'><strong>erratis,</strong></span> <span class='ocrx_word' id='word_1_708' title='bbox 2877 3070 3033 3149; x_wconf 86' lang='lat' dir='ltr'><strong>quod</strong></span> <span class='ocrx_word' id='word_1_709' title='bbox 3088 3069 3367 3131; x_wconf 90' lang='lat' dir='ltr'><strong>nesciatis</strong></span> <span class='ocrx_word' id='word_1_710' title='bbox 3407 3068 3768 3149; x_wconf 90' lang='lat' dir='ltr'><strong>Scripturas,</strong></span> 
     </span>
    </p>
   </div>
   <div class='ocr_carea' id='block_1_93' title="bbox 2119 3158 3773 3235">
    <p class='ocr_par' dir='ltr' id='par_1_93' title="bbox 2119 3158 3773 3235">
     <span class='ocr_line' id='line_1_93' title="bbox 2119 3158 3773 3235; baseline 0.003 -20"><span class='ocrx_word' id='word_1_711' title='bbox 2119 3174 2313 3235; x_wconf 89' lang='lat' dir='ltr'><strong>neque</strong></span> <span class='ocrx_word' id='word_1_712' title='bbox 2348 3158 2619 3219; x_wconf 89' lang='lat' dir='ltr'><strong>virtutem</strong></span> <span class='ocrx_word' id='word_1_713' title='bbox 2668 3158 2825 3221; x_wconf 82' lang='lat' dir='ltr'><strong>Dei?</strong></span> <span class='ocrx_word' id='word_1_714' title='bbox 2860 3158 3003 3220; x_wconf 83' lang='lat' dir='ltr'><strong>Cum</strong></span> <span class='ocrx_word' id='word_1_715' title='bbox 3038 3160 3195 3221; x_wconf 87' lang='lat' dir='ltr'><strong>enim</strong></span> <span class='ocrx_word' id='word_1_716' title='bbox 3236 3178 3269 3219; x_wconf 70' lang='grc' dir='ltr'><strong>ε</strong></span> <span class='ocrx_word' id='word_1_717' title='bbox 3301 3159 3548 3219; x_wconf 89' lang='lat' dir='ltr'><strong>mortuis</strong></span> <span class='ocrx_word' id='word_1_718' title='bbox 3578 3177 3773 3220; x_wconf 86' lang='lat' dir='ltr'><strong>resur-</strong></span> 
     </span>
    </p>
   </div>
   <div class='ocr_carea' id='block_1_94' title="bbox 2116 3246 3769 3328">
    <p class='ocr_par' dir='ltr' id='par_1_94' title="bbox 2116 3246 3769 3328">
     <span class='ocr_line' id='line_1_94' title="bbox 2116 3246 3769 3328; baseline 0.002 -23"><span class='ocrx_word' id='word_1_719' title='bbox 2116 3246 2400 3322; x_wconf 85' lang='lat' dir='ltr'><strong>rexerint,</strong></span> <span class='ocrx_word' id='word_1_720' title='bbox 2437 3265 2631 3327; x_wconf 88' lang='lat' dir='ltr'><strong>neque</strong></span> <span class='ocrx_word' id='word_1_721' title='bbox 2669 3250 3025 3309; x_wconf 90' lang='lat' dir='ltr'><strong>contrahunt</strong></span> <span class='ocrx_word' id='word_1_722' title='bbox 3070 3248 3537 3322; x_wconf 89' lang='lat' dir='ltr'><strong>matrimonium,</strong></span> <span class='ocrx_word' id='word_1_723' title='bbox 3576 3266 3769 3328; x_wconf 89' lang='lat' dir='ltr'><strong>neque</strong></span> 
     </span>
    </p>
   </div>
   <div class='ocr_carea' id='block_1_95' title="bbox 2118 3338 3763 3418">
    <p class='ocr_par' dir='ltr' id='par_1_95' title="bbox 2118 3338 3763 3418">
     <span class='ocr_line' id='line_1_95' title="bbox 2118 3338 3763 3418; baseline 0.003 -22"><span class='ocrx_word' id='word_1_724' title='bbox 2118 3346 2365 3417; x_wconf 91' lang='lat' dir='ltr'><strong>nuptum</strong></span> <span class='ocrx_word' id='word_1_725' title='bbox 2392 3338 2611 3399; x_wconf 89' lang='lat' dir='ltr'><strong>dantur</strong></span> <span class='ocrx_word' id='word_1_726' title='bbox 2639 3360 2653 3399; x_wconf 91' lang='lat'><strong>:</strong></span> <span class='ocrx_word' id='word_1_727' title='bbox 2688 3339 2791 3399; x_wconf 91' lang='lat' dir='ltr'><strong>sed</strong></span> <span class='ocrx_word' id='word_1_728' title='bbox 2815 3347 2954 3400; x_wconf 92' lang='lat' dir='ltr'><strong>sunt</strong></span> <span class='ocrx_word' id='word_1_729' title='bbox 2975 3339 3131 3400; x_wconf 88' lang='lat' dir='ltr'><strong>velut</strong></span> <span class='ocrx_word' id='word_1_730' title='bbox 3152 3338 3347 3416; x_wconf 90' lang='lat' dir='ltr'><strong>angeli</strong></span> <span class='ocrx_word' id='word_1_731' title='bbox 3368 3339 3469 3418; x_wconf 86' lang='lat' dir='ltr'><strong>qui</strong></span> <span class='ocrx_word' id='word_1_732' title='bbox 3489 3341 3545 3399; x_wconf 89' lang='lat' dir='ltr'><strong>in</strong></span> <span class='ocrx_word' id='word_1_733' title='bbox 3571 3338 3763 3401; x_wconf 80' lang='lat' dir='ltr'><strong>caelis.</strong></span> 
     </span>
    </p>
   </div>
   <div class='ocr_carea' id='block_1_96' title="bbox 2115 3424 3766 3508">
    <p class='ocr_par' dir='ltr' id='par_1_96' title="bbox 2115 3424 3766 3508">
     <span class='ocr_line' id='line_1_96' title="bbox 2115 3424 3766 3508; baseline 0.002 -23"><span class='ocrx_word' id='word_1_734' title='bbox 2115 3424 2409 3487; x_wconf 62' lang='lat' dir='ltr'><strong>Craterum</strong></span> <span class='ocrx_word' id='word_1_735' title='bbox 2443 3428 2517 3488; x_wconf 91' lang='lat' dir='ltr'><strong>de</strong></span> <span class='ocrx_word' id='word_1_736' title='bbox 2552 3428 2799 3488; x_wconf 91' lang='lat' dir='ltr'><strong>mortuis</strong></span> <span class='ocrx_word' id='word_1_737' title='bbox 2829 3427 2987 3508; x_wconf 90' lang='lat' dir='ltr'><strong>quod</strong></span> <span class='ocrx_word' id='word_1_738' title='bbox 3030 3429 3483 3499; x_wconf 85' lang='lat' dir='ltr'><strong>resuscitantur,</strong></span> <span class='ocrx_word' id='word_1_739' title='bbox 3520 3446 3639 3488; x_wconf 91' lang='lat' dir='ltr'><strong>non</strong></span> <span class='ocrx_word' id='word_1_740' title='bbox 3673 3427 3766 3489; x_wconf 90' lang='lat' dir='ltr'><strong>le-</strong></span> 
     </span>
    </p>
   </div>
   <div class='ocr_carea' id='block_1_97' title="bbox 2114 3515 3766 3599">
    <p class='ocr_par' dir='ltr' id='par_1_97' title="bbox 2114 3515 3766 3599">
     <span class='ocr_line' id='line_1_97' title="bbox 2114 3515 3766 3599; baseline 0.001 -25"><span class='ocrx_word' id='word_1_741' title='bbox 2114 3515 2282 3593; x_wconf 84' lang='lat' dir='ltr'><strong>gistis</strong></span> <span class='ocrx_word' id='word_1_742' title='bbox 2304 3516 2363 3576; x_wconf 90' lang='lat' dir='ltr'><strong>in</strong></span> <span class='ocrx_word' id='word_1_743' title='bbox 2388 3515 2545 3577; x_wconf 86' lang='lat' dir='ltr'><strong>libro</strong></span> <span class='ocrx_word' id='word_1_744' title='bbox 2568 3517 2739 3599; x_wconf 89' lang='lat' dir='ltr'><strong>Mosi,</strong></span> <span class='ocrx_word' id='word_1_745' title='bbox 2762 3517 3058 3599; x_wconf 90' lang='lat' dir='ltr'><strong>quomodo</strong></span> <span class='ocrx_word' id='word_1_746' title='bbox 3083 3519 3142 3578; x_wconf 90' lang='lat' dir='ltr'><strong>in</strong></span> <span class='ocrx_word' id='word_1_747' title='bbox 3166 3516 3319 3580; x_wconf 91' lang='lat' dir='ltr'><strong>rubo</strong></span> <span class='ocrx_word' id='word_1_748' title='bbox 3337 3518 3658 3580; x_wconf 84' lang='lat' dir='ltr'><strong>locutussit</strong></span> <span class='ocrx_word' id='word_1_749' title='bbox 3684 3517 3766 3579; x_wconf 91' lang='lat' dir='ltr'><strong>illi</strong></span> 
     </span>
    </p>
   </div>
   <div class='ocr_carea' id='block_1_98' title="bbox 2112 3604 3766 3686">
    <p class='ocr_par' dir='ltr' id='par_1_98' title="bbox 2112 3604 3766 3686">
     <span class='ocr_line' id='line_1_98' title="bbox 2112 3604 3766 3686; baseline 0.001 -20"><span class='ocrx_word' id='word_1_750' title='bbox 2112 3604 2293 3681; x_wconf 91' lang='lat' dir='ltr'><strong>Deus,</strong></span> <span class='ocrx_word' id='word_1_751' title='bbox 2324 3606 2531 3667; x_wconf 86' lang='lat' dir='ltr'><strong>dicens</strong></span> <span class='ocrx_word' id='word_1_752' title='bbox 2573 3628 2585 3664; x_wconf 87' lang='lat'>:</span> <span class='ocrx_word' id='word_1_753' title='bbox 2642 3610 2760 3686; x_wconf 89' lang='lat' dir='ltr'><strong>Ego</strong></span> <span class='ocrx_word' id='word_1_754' title='bbox 2797 3607 2896 3669; x_wconf 90' lang='lat' dir='ltr'><strong>ille</strong></span> <span class='ocrx_word' id='word_1_755' title='bbox 2949 3609 3104 3670; x_wconf 90' lang='lat' dir='ltr'><strong>Deus</strong></span> <span class='ocrx_word' id='word_1_756' title='bbox 3152 3607 3470 3681; x_wconf 86' lang='lat' dir='ltr'><strong>Abraham,</strong></span> <span class='ocrx_word' id='word_1_757' title='bbox 3518 3616 3574 3668; x_wconf 94' lang='lat' dir='ltr'><strong>et</strong></span> <span class='ocrx_word' id='word_1_758' title='bbox 3608 3608 3766 3670; x_wconf 86' lang='lat' dir='ltr'><strong>Deus</strong></span> 
     </span>
    </p>
   </div>
   <div class='ocr_carea' id='block_1_99' title="bbox 2110 3692 3761 3773">
    <p class='ocr_par' dir='ltr' id='par_1_99' title="bbox 2110 3692 3761 3773">
     <span class='ocr_line' id='line_1_99' title="bbox 2110 3692 3761 3773; baseline 0.002 -18"><span class='ocrx_word' id='word_1_759' title='bbox 2110 3692 2297 3767; x_wconf 88' lang='lat' dir='ltr'><strong>Isaac,</strong></span> <span class='ocrx_word' id='word_1_760' title='bbox 2333 3705 2391 3757; x_wconf 90' lang='lat' dir='ltr'><strong>et</strong></span> <span class='ocrx_word' id='word_1_761' title='bbox 2419 3694 2576 3757; x_wconf 92' lang='lat' dir='ltr'><strong>Deus</strong></span> <span class='ocrx_word' id='word_1_762' title='bbox 2620 3695 2801 3759; x_wconf 81' lang='lat' dir='ltr'><strong>Jacob</strong></span> <span class='ocrx_word' id='word_1_763' title='bbox 2824 3695 2853 3755; x_wconf 84' lang='lat'><strong>‘?</strong></span> <span class='ocrx_word' id='word_1_764' title='bbox 2898 3698 3027 3759; x_wconf 88' lang='lat' dir='ltr'><strong>Non</strong></span> <span class='ocrx_word' id='word_1_765' title='bbox 3062 3706 3148 3758; x_wconf 88' lang='lat' dir='ltr'><strong>est</strong></span> <span class='ocrx_word' id='word_1_766' title='bbox 3178 3697 3335 3758; x_wconf 91' lang='lat' dir='ltr'><strong>Deus</strong></span> <span class='ocrx_word' id='word_1_767' title='bbox 3366 3705 3761 3773; x_wconf 87' lang='lat' dir='ltr'><strong>mortuorum,</strong></span> 
     </span>
    </p>
   </div>
   <div class='ocr_carea' id='block_1_100' title="bbox 2111 3784 3757 3864">
    <p class='ocr_par' dir='ltr' id='par_1_100' title="bbox 2111 3784 3757 3864">
     <span class='ocr_line' id='line_1_100' title="bbox 2111 3784 3757 3864; baseline 0.001 -21"><span class='ocrx_word' id='word_1_768' title='bbox 2111 3784 2215 3845; x_wconf 88' lang='lat' dir='ltr'><strong>sed</strong></span> <span class='ocrx_word' id='word_1_769' title='bbox 2247 3788 2403 3847; x_wconf 88' lang='lat' dir='ltr'><strong>Deus</strong></span> <span class='ocrx_word' id='word_1_770' title='bbox 2430 3785 2772 3847; x_wconf 90' lang='lat' dir='ltr'><strong>viventium.</strong></span> <span class='ocrx_word' id='word_1_771' title='bbox 2810 3788 2927 3847; x_wconf 90' lang='lat' dir='ltr'><strong>Vos</strong></span> <span class='ocrx_word' id='word_1_772' title='bbox 2957 3785 3138 3864; x_wconf 87' lang='lat' dir='ltr'><strong>igitur</strong></span> <span class='ocrx_word' id='word_1_773' title='bbox 3170 3786 3419 3848; x_wconf 90' lang='lat' dir='ltr'><strong>multum</strong></span> <span class='ocrx_word' id='word_1_774' title='bbox 3454 3787 3689 3848; x_wconf 90' lang='lat' dir='ltr'><strong>erratis.</strong></span> <span class='ocrx_word' id='word_1_775' title='bbox 3735 3811 3757 3844; x_wconf 75' lang='grc' dir='ltr'><strong>ιι</strong></span> 
     </span>
    </p>
   </div>
   <div class='ocr_carea' id='block_1_101' title="bbox 2111 3872 3765 3956">
    <p class='ocr_par' dir='ltr' id='par_1_101' title="bbox 2111 3872 3765 3956">
     <span class='ocr_line' id='line_1_101' title="bbox 2111 3872 3765 3956; baseline 0.002 -21"><span class='ocrx_word' id='word_1_776' title='bbox 2111 3872 2388 3936; x_wconf 72' lang='lat' dir='ltr'><strong>Haeretici</strong></span> <span class='ocrx_word' id='word_1_777' title='bbox 2424 3876 2580 3956; x_wconf 91' lang='lat' dir='ltr'><strong>apud</strong></span> <span class='ocrx_word' id='word_1_778' title='bbox 2612 3875 2851 3938; x_wconf 76' lang='lat' dir='ltr'><strong>Judaeos</strong></span> <span class='ocrx_word' id='word_1_779' title='bbox 2894 3886 3062 3938; x_wconf 87' lang='lat' dir='ltr'><strong>erant</strong></span> <span class='ocrx_word' id='word_1_780' title='bbox 3109 3875 3441 3953; x_wconf 68' lang='lat' dir='ltr'><strong>Sadducaai,</strong></span> <span class='ocrx_word' id='word_1_781' title='bbox 3490 3878 3765 3940; x_wconf 87' lang='lat' dir='ltr'><strong>dicentes</strong></span> 
     </span>
    </p>
   </div>
   <div class='ocr_carea' id='block_1_102' title="bbox 2112 3968 3764 4051">
    <p class='ocr_par' dir='ltr' id='par_1_102' title="bbox 2112 3968 3764 4051">
     <span class='ocr_line' id='line_1_102' title="bbox 2112 3968 3764 4051; baseline 0.004 -28"><span class='ocrx_word' id='word_1_782' title='bbox 2112 3982 2231 4024; x_wconf 84' lang='lat' dir='ltr'><strong>non</strong></span> <span class='ocrx_word' id='word_1_783' title='bbox 2265 3983 2395 4030; x_wconf 89' lang='lat' dir='ltr'><strong>esse</strong></span> <span class='ocrx_word' id='word_1_784' title='bbox 2439 3968 2970 4049; x_wconf 88' lang='lat' dir='ltr'><strong>resurrectionem,</strong></span> <span class='ocrx_word' id='word_1_785' title='bbox 3008 3987 3198 4049; x_wconf 90' lang='lat' dir='ltr'><strong>neque</strong></span> <span class='ocrx_word' id='word_1_786' title='bbox 3231 3976 3532 4047; x_wconf 78' lang='lat' dir='ltr'><strong>angelum,</strong></span> <span class='ocrx_word' id='word_1_787' title='bbox 3568 3988 3764 4051; x_wconf 89' lang='lat' dir='ltr'><strong>neque</strong></span> 
     </span>
    </p>
   </div>
   <div class='ocr_carea' id='block_1_103' title="bbox 2110 4055 3765 4138">
    <p class='ocr_par' dir='ltr' id='par_1_103' title="bbox 2110 4055 3765 4138">
     <span class='ocr_line' id='line_1_103' title="bbox 2110 4055 3765 4138; baseline 0.005 -26"><span class='ocrx_word' id='word_1_788' title='bbox 2110 4055 2671 4137; x_wconf 87' lang='lat' dir='ltr'><strong>spiritum.0blique</strong></span> <span class='ocrx_word' id='word_1_789' title='bbox 2698 4065 2919 4138; x_wconf 86' lang='lat' dir='ltr'><strong>autem,</strong></span> <span class='ocrx_word' id='word_1_790' title='bbox 2941 4068 3003 4119; x_wconf 92' lang='lat' dir='ltr'><strong>ut</strong></span> <span class='ocrx_word' id='word_1_791' title='bbox 3032 4058 3247 4133; x_wconf 86' lang='lat' dir='ltr'><strong>dolosi,</strong></span> <span class='ocrx_word' id='word_1_792' title='bbox 3280 4059 3765 4138; x_wconf 65' lang='lat' dir='ltr'><strong>agressiﬁngunt</strong></span> 
     </span>
    </p>
   </div>
   <div class='ocr_carea' id='block_1_104' title="bbox 2109 4146 3762 4227">
    <p class='ocr_par' dir='ltr' id='par_1_104' title="bbox 2109 4146 3762 4227">
     <span class='ocr_line' id='line_1_104' title="bbox 2109 4146 3762 4227; baseline 0.004 -24"><span class='ocrx_word' id='word_1_793' title='bbox 2109 4146 2514 4207; x_wconf 85' lang='lat' dir='ltr'><strong>narrationem</strong></span> <span class='ocrx_word' id='word_1_794' title='bbox 2534 4147 2847 4227; x_wconf 90' lang='lat' dir='ltr'><strong>quamdam</strong></span> <span class='ocrx_word' id='word_1_795' title='bbox 2864 4166 2979 4227; x_wconf 89' lang='lat' dir='ltr'><strong>qua</strong></span> <span class='ocrx_word' id='word_1_796' title='bbox 2995 4147 3287 4210; x_wconf 69' lang='lat' dir='ltr'><strong>subvertat</strong></span> <span class='ocrx_word' id='word_1_797' title='bbox 3300 4147 3762 4222; x_wconf 88' lang='lat' dir='ltr'><strong>urresurrectio,</strong></span> 
     </span>
    </p>
   </div>
   <div class='ocr_carea' id='block_1_105' title="bbox 2109 4240 3765 4319">
    <p class='ocr_par' dir='ltr' id='par_1_105' title="bbox 2109 4240 3765 4319">
     <span class='ocr_line' id='line_1_105' title="bbox 2109 4240 3765 4319; baseline 0.004 -26"><span class='ocrx_word' id='word_1_798' title='bbox 2109 4243 2386 4297; x_wconf 84' lang='lat' dir='ltr'><strong>contexto</strong></span> <span class='ocrx_word' id='word_1_799' title='bbox 2418 4245 2765 4314; x_wconf 90' lang='lat' dir='ltr'><strong>argumento</strong></span> <span class='ocrx_word' id='word_1_800' title='bbox 2789 4244 2944 4315; x_wconf 88' lang='lat' dir='ltr'><strong>quod</strong></span> <span class='ocrx_word' id='word_1_801' title='bbox 2980 4256 3279 4318; x_wconf 88' lang='lat' dir='ltr'><strong>nunquam</strong></span> <span class='ocrx_word' id='word_1_802' title='bbox 3316 4240 3530 4319; x_wconf 90' lang='lat' dir='ltr'><strong>evenit,</strong></span> <span class='ocrx_word' id='word_1_803' title='bbox 3566 4257 3765 4317; x_wconf 84' lang='lat' dir='ltr'><strong>neque</strong></span> 
     </span>
    </p>
   </div>
   <div class='ocr_carea' id='block_1_106' title="bbox 2114 4320 3763 4405">
    <p class='ocr_par' dir='ltr' id='par_1_106' title="bbox 2114 4320 3763 4405">
     <span class='ocr_line' id='line_1_106' title="bbox 2114 4320 3763 4405; baseline 0.002 -23"><span class='ocrx_word' id='word_1_804' title='bbox 2114 4320 2264 4383; x_wconf 86' lang='lat' dir='ltr'><strong>forte</strong></span> <span class='ocrx_word' id='word_1_805' title='bbox 2297 4324 2549 4385; x_wconf 87' lang='lat' dir='ltr'><strong>eveniet.</strong></span> <span class='ocrx_word' id='word_1_806' title='bbox 2575 4322 2814 4404; x_wconf 86' lang='lat' dir='ltr'><strong>Septem</strong></span> <span class='ocrx_word' id='word_1_807' title='bbox 2838 4334 3035 4386; x_wconf 88' lang='lat' dir='ltr'><strong>autem</strong></span> <span class='ocrx_word' id='word_1_808' title='bbox 3062 4328 3287 4404; x_wconf 85' lang='lat' dir='ltr'><strong>ﬁngunt</strong></span> <span class='ocrx_word' id='word_1_809' title='bbox 3315 4326 3415 4405; x_wconf 91' lang='lat' dir='ltr'><strong>qui</strong></span> <span class='ocrx_word' id='word_1_810' title='bbox 3448 4345 3623 4387; x_wconf 90' lang='lat' dir='ltr'><strong>unam</strong></span> <span class='ocrx_word' id='word_1_811' title='bbox 3654 4326 3763 4385; x_wconf 86' lang='lat' dir='ltr'><strong>du-</strong></span> 
     </span>
    </p>
   </div>
   <div class='ocr_carea' id='block_1_107' title="bbox 2114 4414 3757 4495">
    <p class='ocr_par' dir='ltr' id='par_1_107' title="bbox 2114 4414 3757 4495">
     <span class='ocr_line' id='line_1_107' title="bbox 2114 4414 3757 4495; baseline 0 -21"><span class='ocrx_word' id='word_1_812' title='bbox 2114 4420 2254 4474; x_wconf 91' lang='lat' dir='ltr'><strong>cunt</strong></span> <span class='ocrx_word' id='word_1_813' title='bbox 2277 4431 2668 4494; x_wconf 81' lang='lat' dir='ltr'><strong>uxorem,quo</strong></span> <span class='ocrx_word' id='word_1_814' title='bbox 2685 4414 2868 4493; x_wconf 89' lang='lat' dir='ltr'><strong>magis</strong></span> <span class='ocrx_word' id='word_1_815' title='bbox 2884 4414 3384 4477; x_wconf 90' lang='lat' dir='ltr'><strong>resurrcctionem</strong></span> <span class='ocrx_word' id='word_1_816' title='bbox 3397 4416 3757 4495; x_wconf 90' lang='lat' dir='ltr'><strong>discerpant.</strong></span> 
     </span>
    </p>
   </div>
   <div class='ocr_carea' id='block_1_108' title="bbox 2116 4502 3765 4583">
    <p class='ocr_par' dir='ltr' id='par_1_108' title="bbox 2116 4502 3765 4583">
     <span class='ocr_line' id='line_1_108' title="bbox 2116 4502 3765 4583; baseline 0.001 -20"><span class='ocrx_word' id='word_1_817' title='bbox 2116 4502 2298 4581; x_wconf 86' lang='lat' dir='ltr'><strong>lgitur</strong></span> <span class='ocrx_word' id='word_1_818' title='bbox 2330 4502 2467 4583; x_wconf 86' lang='lat' dir='ltr'><strong>quia</strong></span> <span class='ocrx_word' id='word_1_819' title='bbox 2505 4506 2904 4582; x_wconf 70' lang='lat' dir='ltr'><strong>praetexebant</strong></span> <span class='ocrx_word' id='word_1_820' title='bbox 2945 4504 3027 4565; x_wconf 89' lang='lat' dir='ltr'><strong>illi</strong></span> <span class='ocrx_word' id='word_1_821' title='bbox 3061 4504 3255 4582; x_wconf 82' lang='lat' dir='ltr'><strong>legem</strong></span> <span class='ocrx_word' id='word_1_822' title='bbox 3294 4506 3469 4580; x_wconf 81' lang='lat' dir='ltr'><strong>Mosi,</strong></span> <span class='ocrx_word' id='word_1_823' title='bbox 3504 4505 3765 4567; x_wconf 88' lang='lat' dir='ltr'><strong>ostendit</strong></span> 
     </span>
    </p>
   </div>
   <div class='ocr_carea' id='block_1_109' title="bbox 2115 4590 3759 4673">
    <p class='ocr_par' dir='ltr' id='par_1_109' title="bbox 2115 4590 3759 4673">
     <span class='ocr_line' id='line_1_109' title="bbox 2115 4590 3759 4673; baseline 0 -19"><span class='ocrx_word' id='word_1_824' title='bbox 2115 4609 2217 4654; x_wconf 86' lang='lat' dir='ltr'><strong>eos</strong></span> <span class='ocrx_word' id='word_1_825' title='bbox 2235 4590 2523 4653; x_wconf 84' lang='lat' dir='ltr'><strong>Dominus</strong></span> <span class='ocrx_word' id='word_1_826' title='bbox 2547 4592 2779 4671; x_wconf 88' lang='lat' dir='ltr'><strong>ignaros</strong></span> <span class='ocrx_word' id='word_1_827' title='bbox 2809 4593 3275 4673; x_wconf 86' lang='lat' dir='ltr'><strong>Scripturarum.</strong></span> <span class='ocrx_word' id='word_1_828' title='bbox 3308 4592 3435 4655; x_wconf 88' lang='lat' dir='ltr'><strong>Non</strong></span> <span class='ocrx_word' id='word_1_829' title='bbox 3470 4595 3628 4655; x_wconf 90' lang='lat' dir='ltr'><strong>enim</strong></span> <span class='ocrx_word' id='word_1_830' title='bbox 3662 4596 3759 4655; x_wconf 89' lang='lat' dir='ltr'><strong>iu-</strong></span> 
     </span>
    </p>
   </div>
   <div class='ocr_carea' id='block_1_110' title="bbox 2114 4681 3763 4763">
    <p class='ocr_par' dir='ltr' id='par_1_110' title="bbox 2114 4681 3763 4763">
     <span class='ocr_line' id='line_1_110' title="bbox 2114 4681 3763 4763; baseline 0.001 -20"><span class='ocrx_word' id='word_1_831' title='bbox 2114 4682 2396 4761; x_wconf 87' lang='lat' dir='ltr'><strong>telligitis,</strong></span> <span class='ocrx_word' id='word_1_832' title='bbox 2434 4682 2645 4762; x_wconf 90' lang='lat' dir='ltr'><strong>inquit,</strong></span> <span class='ocrx_word' id='word_1_833' title='bbox 2699 4681 2773 4743; x_wconf 92' lang='lat' dir='ltr'><strong>de</strong></span> <span class='ocrx_word' id='word_1_834' title='bbox 2805 4702 2920 4763; x_wconf 87' lang='lat' dir='ltr'><strong>qua</strong></span> <span class='ocrx_word' id='word_1_835' title='bbox 2970 4683 3412 4745; x_wconf 89' lang='lat' dir='ltr'><strong>resurrectione</strong></span> <span class='ocrx_word' id='word_1_836' title='bbox 3458 4683 3763 4763; x_wconf 88' lang='lat' dir='ltr'><strong>Scriptura</strong></span> 
     </span>
    </p>
   </div>
   <div class='ocr_carea' id='block_1_111' title="bbox 2118 4772 3760 4854">
    <p class='ocr_par' dir='ltr' id='par_1_111' title="bbox 2118 4772 3760 4854">
     <span class='ocr_line' id='line_1_111' title="bbox 2118 4772 3760 4854; baseline 0.002 -22"><span class='ocrx_word' id='word_1_837' title='bbox 2118 4772 2417 4853; x_wconf 87' lang='lat' dir='ltr'><strong>loquatur.</strong></span> <span class='ocrx_word' id='word_1_838' title='bbox 2454 4773 2569 4833; x_wconf 78' lang='lat' dir='ltr'><strong>Vos</strong></span> <span class='ocrx_word' id='word_1_839' title='bbox 2600 4772 2755 4833; x_wconf 89' lang='lat' dir='ltr'><strong>enim</strong></span> <span class='ocrx_word' id='word_1_840' title='bbox 2789 4773 3118 4853; x_wconf 88' lang='lat' dir='ltr'><strong>opinamini</strong></span> <span class='ocrx_word' id='word_1_841' title='bbox 3146 4774 3300 4854; x_wconf 89' lang='lat' dir='ltr'><strong>quod</strong></span> <span class='ocrx_word' id='word_1_842' title='bbox 3324 4774 3544 4835; x_wconf 77' lang='lat' dir='ltr'><strong>iterum</strong></span> <span class='ocrx_word' id='word_1_843' title='bbox 3578 4781 3760 4836; x_wconf 89' lang='lat' dir='ltr'><strong>status</strong></span> 
     </span>
    </p>
   </div>
   <div class='ocr_carea' id='block_1_112' title="bbox 2121 4861 3755 4941">
    <p class='ocr_par' dir='ltr' id='par_1_112' title="bbox 2121 4861 3755 4941">
     <span class='ocr_line' id='line_1_112' title="bbox 2121 4861 3755 4941; baseline 0.001 -19"><span class='ocrx_word' id='word_1_844' title='bbox 2121 4862 2249 4923; x_wconf 87' lang='lat' dir='ltr'><strong>talis</strong></span> <span class='ocrx_word' id='word_1_845' title='bbox 2281 4862 2463 4941; x_wconf 89' lang='lat' dir='ltr'><strong>magis</strong></span> <span class='ocrx_word' id='word_1_846' title='bbox 2493 4861 2819 4941; x_wconf 89' lang='lat' dir='ltr'><strong>corporalis</strong></span> <span class='ocrx_word' id='word_1_847' title='bbox 2850 4862 2925 4922; x_wconf 88' lang='lat' dir='ltr'><strong>sit</strong></span> <span class='ocrx_word' id='word_1_848' title='bbox 2966 4863 3237 4925; x_wconf 89' lang='lat' dir='ltr'><strong>futurus:</strong></span> <span class='ocrx_word' id='word_1_849' title='bbox 3269 4872 3325 4924; x_wconf 91' lang='lat' dir='ltr'><strong>at</strong></span> <span class='ocrx_word' id='word_1_850' title='bbox 3354 4883 3473 4925; x_wconf 90' lang='lat' dir='ltr'><strong>non</strong></span> <span class='ocrx_word' id='word_1_851' title='bbox 3505 4865 3589 4925; x_wconf 90' lang='lat' dir='ltr'><strong>sic</strong></span> <span class='ocrx_word' id='word_1_852' title='bbox 3622 4865 3755 4926; x_wconf 85' lang='lat' dir='ltr'><strong>erit.</strong></span> 
     </span>
    </p>
   </div>
   <div class='ocr_carea' id='block_1_113' title="bbox 2117 4950 3761 5033">
    <p class='ocr_par' dir='ltr' id='par_1_113' title="bbox 2117 4950 3761 5033">
     <span class='ocr_line' id='line_1_113' title="bbox 2117 4950 3761 5033; baseline 0.002 -20"><span class='ocrx_word' id='word_1_853' title='bbox 2117 4952 2319 5033; x_wconf 88' lang='lat' dir='ltr'><strong>Itaque</strong></span> <span class='ocrx_word' id='word_1_854' title='bbox 2348 4952 2635 5031; x_wconf 88' lang='lat' dir='ltr'><strong>ignoratis</strong></span> <span class='ocrx_word' id='word_1_855' title='bbox 2677 4950 2997 5033; x_wconf 68' lang='lat' dir='ltr'><strong>Scriptum</strong></span> <span class='ocrx_word' id='word_1_856' title='bbox 3043 4964 3349 5014; x_wconf 86' lang='lat' dir='ltr'><strong>mentem:</strong></span> <span class='ocrx_word' id='word_1_857' title='bbox 3388 4954 3492 5016; x_wconf 91' lang='lat' dir='ltr'><strong>sed</strong></span> <span class='ocrx_word' id='word_1_858' title='bbox 3549 4963 3606 5017; x_wconf 89' lang='lat' dir='ltr'><strong>et</strong></span> <span class='ocrx_word' id='word_1_859' title='bbox 3653 4958 3761 5020; x_wconf 90' lang='lat' dir='ltr'><strong>Dei</strong></span> 
     </span>
    </p>
   </div>
   <div class='ocr_carea' id='block_1_114' title="bbox 2116 5041 3757 5122">
    <p class='ocr_par' dir='ltr' id='par_1_114' title="bbox 2116 5041 3757 5122">
     <span class='ocr_line' id='line_1_114' title="bbox 2116 5041 3757 5122; baseline 0.003 -20"><span class='ocrx_word' id='word_1_860' title='bbox 2116 5044 2388 5103; x_wconf 84' lang='lat' dir='ltr'><strong>virtutem</strong></span> <span class='ocrx_word' id='word_1_861' title='bbox 2434 5042 2739 5122; x_wconf 89' lang='lat' dir='ltr'><strong>ignoratis.</strong></span> <span class='ocrx_word' id='word_1_862' title='bbox 2771 5041 3087 5105; x_wconf 83' lang='lat' dir='ltr'><strong>Enimvero</strong></span> <span class='ocrx_word' id='word_1_863' title='bbox 3115 5062 3217 5104; x_wconf 89' lang='lat' dir='ltr'><strong>vos</strong></span> <span class='ocrx_word' id='word_1_864' title='bbox 3246 5044 3316 5105; x_wconf 91' lang='lat' dir='ltr'><strong>ad</strong></span> <span class='ocrx_word' id='word_1_865' title='bbox 3350 5045 3757 5108; x_wconf 72' lang='lat' dir='ltr'><strong>difﬁcultatem</strong></span> 
     </span>
    </p>
   </div>
   <div class='ocr_carea' id='block_1_115' title="bbox 2113 5132 3761 5212">
    <p class='ocr_par' dir='ltr' id='par_1_115' title="bbox 2113 5132 3761 5212">
     <span class='ocr_line' id='line_1_115' title="bbox 2113 5132 3761 5212; baseline 0.002 -19"><span class='ocrx_word' id='word_1_866' title='bbox 2113 5132 2200 5193; x_wconf 91' lang='lat' dir='ltr'><strong>rei</strong></span> <span class='ocrx_word' id='word_1_867' title='bbox 2261 5132 2509 5193; x_wconf 83' lang='lat' dir='ltr'><strong>fortasse</strong></span> <span class='ocrx_word' id='word_1_868' title='bbox 2558 5132 2878 5212; x_wconf 87' lang='lat' dir='ltr'><strong>respicitis,</strong></span> <span class='ocrx_word' id='word_1_869' title='bbox 2919 5140 2977 5193; x_wconf 89' lang='lat' dir='ltr'><strong>et</strong></span> <span class='ocrx_word' id='word_1_870' title='bbox 3037 5141 3350 5212; x_wconf 87' lang='lat' dir='ltr'><strong>propterea</strong></span> <span class='ocrx_word' id='word_1_871' title='bbox 3407 5134 3761 5197; x_wconf 90' lang='lat' dir='ltr'><strong>addubitatis</strong></span> 
     </span>
    </p>
   </div>
   <div class='ocr_carea' id='block_1_116' title="bbox 2113 5221 3757 5304">
    <p class='ocr_par' dir='ltr' id='par_1_116' title="bbox 2113 5221 3757 5304">
     <span class='ocr_line' id='line_1_116' title="bbox 2113 5221 3757 5304; baseline 0.002 -21"><span class='ocrx_word' id='word_1_872' title='bbox 2113 5221 2415 5300; x_wconf 90' lang='lat' dir='ltr'><strong>quomodo</strong></span> <span class='ocrx_word' id='word_1_873' title='bbox 2478 5231 2760 5302; x_wconf 83' lang='lat' dir='ltr'><strong>poterunt</strong></span> <span class='ocrx_word' id='word_1_874' title='bbox 2810 5222 3096 5283; x_wconf 90' lang='lat' dir='ltr'><strong>dissoluta</strong></span> <span class='ocrx_word' id='word_1_875' title='bbox 3142 5242 3393 5304; x_wconf 87' lang='lat' dir='ltr'><strong>corpora</strong></span> <span class='ocrx_word' id='word_1_876' title='bbox 3439 5225 3638 5287; x_wconf 88' lang='lat' dir='ltr'><strong>redire</strong></span> <span class='ocrx_word' id='word_1_877' title='bbox 3685 5228 3757 5287; x_wconf 89' lang='lat' dir='ltr'><strong>ad</strong></span> 
     </span>
    </p>
   </div>
   <div class='ocr_carea' id='block_1_117' title="bbox 2113 5310 3762 5392">
    <p class='ocr_par' dir='ltr' id='par_1_117' title="bbox 2113 5310 3762 5392">
     <span class='ocr_line' id='line_1_117' title="bbox 2113 5310 3762 5392; baseline 0.003 -19"><span class='ocrx_word' id='word_1_878' title='bbox 2113 5310 2522 5374; x_wconf 85' lang='lat' dir='ltr'><strong>animam.Sed</strong></span> <span class='ocrx_word' id='word_1_879' title='bbox 2544 5310 2739 5392; x_wconf 80' lang='lat' dir='ltr'><strong>virtuti</strong></span> <span class='ocrx_word' id='word_1_880' title='bbox 2766 5311 2980 5373; x_wconf 60' lang='lat' dir='ltr'><strong>divinae</strong></span> <span class='ocrx_word' id='word_1_881' title='bbox 3006 5312 3117 5372; x_wconf 93' lang='lat' dir='ltr'><strong>hoc</strong></span> <span class='ocrx_word' id='word_1_882' title='bbox 3133 5314 3302 5392; x_wconf 89' lang='lat' dir='ltr'><strong>quasi</strong></span> <span class='ocrx_word' id='word_1_883' title='bbox 3325 5314 3473 5376; x_wconf 88' lang='lat' dir='ltr'><strong>nihil</strong></span> <span class='ocrx_word' id='word_1_884' title='bbox 3498 5315 3762 5378; x_wconf 88' lang='lat' dir='ltr'><strong>erit.Erit</strong></span> 
     </span>
    </p>
   </div>
   <div class='ocr_carea' id='block_1_118' title="bbox 2118 5391 3765 5472">
    <p class='ocr_par' dir='ltr' id='par_1_118' title="bbox 2118 5391 3765 5472">
     <span class='ocr_line' id='line_1_118' title="bbox 2118 5391 3765 5472; baseline 0.003 -19"><span class='ocrx_word' id='word_1_885' title='bbox 2118 5392 2301 5471; x_wconf 82' lang='lat' dir='ltr'><strong>igitur</strong></span> <span class='ocrx_word' id='word_1_886' title='bbox 2328 5391 2715 5472; x_wconf 85' lang='lat' dir='ltr'><strong>resurrectio,</strong></span> <span class='ocrx_word' id='word_1_887' title='bbox 2747 5402 2805 5452; x_wconf 70' lang='lat' dir='ltr'><strong>ct</strong></span> <span class='ocrx_word' id='word_1_888' title='bbox 2833 5412 2949 5453; x_wconf 90' lang='lat' dir='ltr'><strong>non</strong></span> <span class='ocrx_word' id='word_1_889' title='bbox 2998 5391 3343 5472; x_wconf 72' lang='lat' dir='ltr'><strong>corpbrahs,</strong></span> <span class='ocrx_word' id='word_1_890' title='bbox 3374 5396 3476 5456; x_wconf 92' lang='lat' dir='ltr'><strong>sed</strong></span> <span class='ocrx_word' id='word_1_891' title='bbox 3506 5397 3765 5458; x_wconf 85' lang='lat' dir='ltr'><strong>divinior</strong></span> 
     </span>
    </p>
   </div>
   <div class='ocr_carea' id='block_1_119' title="bbox 2115 5481 3760 5569">
    <p class='ocr_par' dir='ltr' id='par_1_119' title="bbox 2115 5481 3760 5569">
     <span class='ocr_line' id='line_1_119' title="bbox 2115 5481 3760 5569; baseline 0.005 -28"><span class='ocrx_word' id='word_1_892' title='bbox 2115 5482 2352 5563; x_wconf 89' lang='lat' dir='ltr'><strong>quidam</strong></span> <span class='ocrx_word' id='word_1_893' title='bbox 2376 5481 2510 5543; x_wconf 66' lang='lat' dir='ltr'><strong>vitae</strong></span> <span class='ocrx_word' id='word_1_894' title='bbox 2527 5488 2732 5556; x_wconf 87' lang='lat' dir='ltr'><strong>status,</strong></span> <span class='ocrx_word' id='word_1_895' title='bbox 2753 5481 3061 5561; x_wconf 79' lang='lat' dir='ltr'><strong>angelicus</strong></span> <span class='ocrx_word' id='word_1_896' title='bbox 3087 5482 3382 5547; x_wconf 89' lang='lat' dir='ltr'><strong>videlicet.</strong></span> <span class='ocrx_word' id='word_1_897' title='bbox 3403 5484 3760 5569; x_wconf 86' lang='lat' dir='ltr'><strong>Incurrupti-</strong></span> 
     </span>
    </p>
   </div>
   <div class='ocr_carea' id='block_1_120' title="bbox 2113 5569 3756 5657">
    <p class='ocr_par' dir='ltr' id='par_1_120' title="bbox 2113 5569 3756 5657">
     <span class='ocr_line' id='line_1_120' title="bbox 2113 5569 3756 5657; baseline 0.003 -23"><span class='ocrx_word' id='word_1_898' title='bbox 2113 5572 2265 5634; x_wconf 91' lang='lat' dir='ltr'><strong>biles</strong></span> <span class='ocrx_word' id='word_1_899' title='bbox 2287 5569 2444 5632; x_wconf 90' lang='lat' dir='ltr'><strong>enim</strong></span> <span class='ocrx_word' id='word_1_900' title='bbox 2479 5572 2723 5645; x_wconf 90' lang='lat' dir='ltr'><strong>erimus,</strong></span> <span class='ocrx_word' id='word_1_901' title='bbox 2754 5580 2808 5632; x_wconf 87' lang='lat' dir='ltr'><strong>et</strong></span> <span class='ocrx_word' id='word_1_902' title='bbox 2840 5570 3023 5632; x_wconf 87' lang='lat' dir='ltr'><strong>iidem</strong></span> <span class='ocrx_word' id='word_1_903' title='bbox 3052 5570 3151 5651; x_wconf 92' lang='lat' dir='ltr'><strong>qui</strong></span> <span class='ocrx_word' id='word_1_904' title='bbox 3183 5589 3389 5636; x_wconf 90' lang='lat' dir='ltr'><strong>sumus</strong></span> <span class='ocrx_word' id='word_1_905' title='bbox 3423 5586 3756 5657; x_wconf 89' lang='lat' dir='ltr'><strong>manentes,</strong></span> 
     </span>
    </p>
   </div>
   <div class='ocr_carea' id='block_1_121' title="bbox 2112 5659 3758 5745">
    <p class='ocr_par' dir='ltr' id='par_1_121' title="bbox 2112 5659 3758 5745">
     <span class='ocr_line' id='line_1_121' title="bbox 2112 5659 3758 5745; baseline 0.001 -21"><span class='ocrx_word' id='word_1_906' title='bbox 2112 5669 2546 5745; x_wconf 89' lang='lat' dir='ltr'><strong>proptereaque</strong></span> <span class='ocrx_word' id='word_1_907' title='bbox 2573 5659 2856 5722; x_wconf 86' lang='lat' dir='ltr'><strong>tollentur</strong></span> <span class='ocrx_word' id='word_1_908' title='bbox 2886 5661 3062 5723; x_wconf 89' lang='lat' dir='ltr'><strong>etiam</strong></span> <span class='ocrx_word' id='word_1_909' title='bbox 3111 5663 3352 5743; x_wconf 84' lang='lat' dir='ltr'><strong>nuptiae.</strong></span> <span class='ocrx_word' id='word_1_910' title='bbox 3400 5665 3570 5729; x_wconf 90' lang='lat' dir='ltr'><strong>Nunc</strong></span> <span class='ocrx_word' id='word_1_911' title='bbox 3602 5666 3758 5729; x_wconf 91' lang='lat' dir='ltr'><strong>enim</strong></span> 
     </span>
    </p>
   </div>
  </div>
