4232 6398
500 407 617 474 627

505 542 733 625 ιιιιριὶω
765 550 1006 624 propter
1029 543 1469 622 corruptionem
1497 542 1665 614 ﬁunt,
1693 550 1757 603 ut
1786 538 2165 602 successione

2251 536 2465 605 θήσεται
2500 552 2515 568 ⁸

2244 623 2338 681 ἵνα
2393 632 2463 703 τῇ
2503 625 2743 709 διαδοχῇ
2785 634 2877 686 τοῦ
2920 627 3103 707 γένους
3158 626 3558 702 συνιστάμενοι,
3604 623 3683 699 μὴ
3727 622 3920 699 ἀφανι⁹

506 632 749 713 generis
790 633 1077 694 durantes
1125 632 1403 694 homines
1453 650 1572 693 non
1623 631 1967 693 intereant:
2024 640 2165 687 tunc

505 730 703 784 autem
738 722 894 783 sicut
922 721 1111 799 angeli
1145 722 1373 803 absque
1396 720 1647 801 nuptiali
1673 721 2059 782 successione
2082 715 2163 777 illi

504 810 621 891 ipsi
655 820 851 890 erunt,
884 820 943 873 et
971 829 1272 892 nunquam
1297 811 1576 873 deﬁcient
1606 832 1618 871 :
1654 811 1740 871 sic
1766 809 1939 890 etqui
1971 826 2166 870 resur-

504 907 672 980 gunt,
715 902 843 961 sine
895 900 1121 979 nuptiis
1172 909 1550 982 permanent,
1601 917 1903 980 nunquam
1961 897 2164 958 immi-

506 988 727 1051 nuendi
748 990 835 1053 94.
866 990 936 1051 Ει
967 990 1143 1052 aliter
1173 1009 1409 1071 quoque
1431 998 1704 1051 taxantur
1735 998 1797 1051 ut
1830 988 2166 1050 nescientes

506 1078 935 1159 Scripturas.Si
959 1080 1119 1141 enim
1143 1080 1576 1142 intellexissent
1606 1078 2168 1156 illas,intelligerent

508 1167 689 1233 etiam
724 1169 1025 1249 quomodo
1050 1168 1338 1249 scriptum
1373 1169 1472 1229 sit.
1524 1168 1647 1247 Ego
1682 1187 1809 1229 sum
1863 1167 1962 1227 ille
2011 1169 2167 1229 Deus

507 1256 834 1337 Abraham,
866 1266 1072 1337 utpote
1110 1258 1422 1320 manifeste
1461 1258 1810 1319 viventium.
1846 1256 1974 1317 Non
2007 1254 2165 1316 enim

510 1346 684 1427 dixit,
719 1345 837 1426 Ego
890 1365 1077 1421 eram,
1132 1349 1259 1420 sed,
1299 1366 1453 1425 sum,
1508 1356 1711 1427 utpote
1764 1346 2163 1424 praesentium,

510 1436 653 1497 258
682 1446 858 1517 atque
886 1435 1128 1497 illorum
1162 1456 1280 1497 non
1319 1437 1709 1517 perditorum.
1742 1434 1871 1496 Jam
1906 1434 2170 1495 fortassis

511 1525 671 1589 dicet
702 1528 857 1606 quis,
888 1527 1046 1607 quod
1074 1527 1184 1588 hoc
1214 1526 1288 1588 de
1319 1526 1444 1587 sola
1462 1526 1715 1588 Abrahae
1736 1526 1933 1587 anima
1956 1523 2170 1585 dixerit

514 1615 825 1687 Dominus,
862 1624 921 1677 et
953 1633 1069 1678 non
1102 1616 1242 1677 item
1279 1615 1353 1676 de
1388 1634 1663 1695 corpore,
1712 1623 1769 1675 et
1801 1614 1879 1675 ita
1917 1632 2165 1693 corpora

513 1724 633 1766 non
661 1714 999 1785 resurgunt.
1039 1706 1181 1767 Dico
1225 1705 1406 1781 igitur
1450 1705 1702 1785 primum
1737 1704 1977 1784 quidem
2009 1702 2167 1783 quod

511 1794 815 1857 Abraham
852 1802 1171 1874 utrumque
1212 1793 1470 1875 dicatur,
1508 1794 1703 1855 animo
1739 1801 1798 1854 et
1841 1812 2078 1872 corpus,
2109 1800 2171 1852 et

1482 406 2029 477 THOPHYLACTI
2072 400 2482 466 BULGARI/E
2526 404 2882 468 ARCHIEP.

3798 394 3920 459 6‘28

2579 545 2667 596 νῦν
2710 539 2809 618 γὰρ
2870 540 2898 595 6
2951 537 3125 617 γάμος
3183 535 3267 593 διὰ
3307 536 3408 604 τὴν
3453 533 3646 614 φθορὰν
3676 532 3896 611 γίνεται,

2247 718 2477 791 σθῶμεν.
2511 719 2642 775 Τότε
2673 716 2753 793 δὲ,
2800 718 2979 797 ὥσπερ
3028 719 3077 773 οἱ
3108 714 3329 795 ἄγγελοι
3364 714 3487 771 ἄνευ
3522 710 3781 791 διαδοχῆς
3814 731 3917 786 γα-

2248 811 2414 879 μικῆς
2472 808 2521 863 οἱ
2565 810 2708 864 αὐτοί
2768 810 2889 881 εἶσι,
2953 809 3041 863 οιαὶ
3121 804 3372 863 οὐδέποτε
3433 803 3685 882 λήγουσιν
3721 818 3733 831 ⁸
3783 797 3920 855 οὕτω

2249 897 2338 950 καὶ
2381 899 2427 952 οἱ
2472 898 2811 972 ἀνιστάμενοι
2866 896 2990 954 ἄνευ
3062 897 3238 975 γάμου
3299 892 3655 949 ἀνελάττωτοι
3725 886 3916 962 διαμέ-

2250 1006 2415 1047 νουσι,
2472 987 2572 1044 Καὶ
2613 986 2789 1052 ἄλλως
2847 985 2901 1043 δὲ
2944 985 3261 1066 ἐλέγχονται
3306 983 3385 1060 μὴ
3432 980 3626 1044 εἰδότες
3655 979 3748 1041 τὰς
3780 983 3911 1056 Γρα-

2250 1073 2374 1152 φάς.
2410 1076 2466 1131 Εἰ
2496 1075 2595 1155 γὰρ
2626 1075 2804 1133 ἐνόουν
2846 1075 3067 1149 ταύτας,
3114 1075 3343 1141 ἐνόησαν
3392 1071 3455 1129 ἂν
3507 1071 3595 1128 καὶ
3647 1073 3762 1131 πῶς
3821 1066 3909 1155 εῖ-

2250 1185 2405 1240 ρηται
2451 1166 2534 1239 τὸ,
2570 1153 2740 1243 -Ἔγὼ
2799 1166 2906 1239 εἶμι
2965 1167 2992 1220 6
3052 1166 3183 1228 Θεὸς
3244 1161 3513 1242 ’Λϐραάμ,
3575 1162 3648 1224 ὡς
3704 1153 3908 1243 δηλᾳδή

2251 1236 2485 1323 ζώντων,
2517 1236 2588 1314 Οὐ
2617 1236 2716 1334 γάρ
2746 1236 2927 1336 εἶπεν,
2960 1252 3041 1310 ὅτι
3099 1254 3208 1333 ἐγὼ
3236 1236 3407 1329 ἥμην,
3446 1236 3592 1328 ἀλλ’,
3630 1250 3774 1336 Eii“:
3814 1236 3905 1336 i9":

2251 1341 2555 1400 ἐνεστώτων
2611 1331 2923 1419 κάκείνων(
2979 1345 3068 1400 καὶ
3142 1331 3220 1421 μὴ
3296 1338 3668 1415 ἀπολομένων.
3758 1331 3907 1391 Ἀλλ’

2250 1432 2388 1497 ἴσως
2418 1432 2565 1491 εἴποι
2595 1457 2674 1497 τις
2706 1437 2779 1498 ὡς
2807 1434 2962 1491 τοῦτο
3011 1434 3130 1512 περὶ
3194 1434 3293 1499 τῆς
3329 1429 3513 1510 ψυχῆς
3545 1434 3636 1483 τοῦ
3668 1422 3911 1500 Ἀϐραὰμ

2252 1521 2439 1603 εἴρηκε
2487 1524 2658 1599 μόνης
2718 1527 2746 1581 ὁ
2800 1524 3012 1603 Κύριος,
3060 1524 3184 1602 οὐχὶ
3214 1522 3306 1577 καὶ
3347 1521 3588 1598 περὶτοῦ
3634 1515 3908 1590 σώματος,

2249 1613 2386 1670 ὥστε
2441 1614 2507 1669 τὰ
2549 1614 2773 1690 σώματα
2816 1616 2911 1671 οὒκ
2965 1613 3297 1673 ἀνίστανται.
3356 1610 3513 1687 Λέγω
3557 1607 3645 1664 οὖν
3701 1611 3909 1683 πρῶτον

2250 1704 2372 1782 μὲν,
2433 1701 2513 1759 ὅτι
2592 1700 2833 1783 Ἀϐραὰμ
2897 1705 2959 1760 τὸ
3016 1701 3417 1782 συναμφότερον
3461 1698 3698 1775 λέγεται,
3757 1692 3911 1772 ψυχὴ

2248 1794 2337 1848 καὶ
2395 1797 2575 1873 σῶμα,
2634 1793 2771 1849 ὥστε
2821 1793 2915 1849 καὶ
2958 1799 3052 1849 τοῦ
3104 1792 3353 1867 σώματός
3387 1789 3496 1846 ἐστι
3530 1787 3685 1857 Θεὸς,
3716 1789 3911 1855 ζῶντος

511 1884 593 1945 ita
624 1883 801 1945 etiam
835 1883 991 1945 Deus
1024 1871 1118 1945 est
1157 1871 1640 1964 corporis,'quod
1694 1891 1753 1944 et
1801 1871 1995 1963 ipsum
2031 1883 2166 1943 vivit

2253 1883 2339 1936 καὶ
2396 1881 2555 1941 αὐτοῦ
2596 1883 2739 1961 παρὰ
2781 1887 2858 1955 τῷ
2905 1885 3045 1955 Θεῷ,
3096 1881 3184 1938 καὶ
3235 1881 3313 1957 μὴ
3344 1879 3518 1944 πάντη
3548 1878 3620 1938 είς
3652 1875 3713 1930 τὸ
3745 1872 3821 1947 μὴ
3852 1871 3909 1925 ὃν

511 1973 668 2054 apud
704 1975 914 2048 Deum,
950 1982 1008 2034 et
1038 1992 1154 2035 non
1189 1976 1433 2035 omnino
1467 1972 1526 2033 in
1560 1972 1811 2033 nihilum
1848 1972 2163 2050 redigitur.

512 2060 766 2143 Insuper
795 2062 935 2143 quia
980 2062 1291 2126 Sadducaai
1323 2062 1396 2124 de
1427 2063 1697 2143 corporis
1728 2062 2169 2123 resurrectione

515 2149 888 2227 dubitabant,
922 2161 1151 2213 certum
1194 2152 1353 2232 quod
1388 2152 1679 2214 Dominus
1709 2152 1785 2214 de
1819 2170 1907 2212 co:
1931 2152 2170 2231 poribus

517 2243 732 2305 dixerit
771 2244 926 2325 quod
979 2244 1176 2305 vivant
1215 2244 1370 2324 apud
1402 2243 1613 2315 Deum,
1652 2263 1772 2304 non
1826 2243 1899 2304 de
1948 2244 2165 2304 anima.

516 2330 660 2394 Nam
693 2333 849 2395 istud
879 2334 1003 2413 jam
1040 2350 1112 2395 ex
1145 2332 1420 2395 confesso
1455 2340 1579 2394 erat
1612 2334 1787 2395 etiam
1840 2332 1998 2411 apud
2035 2352 2171 2394 car-

519 2424 686 2483 nales
710 2421 1095 2484 Sadducteos.
1128 2421 1393 2486 Observa
1422 2430 1477 2483 et
1502 2423 1637 2484 hoc.
1675 2423 2056 2485 itesurrectio
2082 2430 2173 2484 est

519 2512 650 2592 ejus
679 2510 836 2591 quod
888 2511 1191 2572 ceciderat
1233 2510 1545 2573 surrectio.
1586 2511 1940 2573 Immortalis
1971 2519 2169 2572 autem

519 2601 717 2663 anima
748 2619 866 2661 non
914 2600 1156 2677 cecidit,
1216 2600 1322 2662 sed
1380 2619 1593 2680 corpus
1654 2602 1811 2676 hoc;
1867 2601 2064 2680 itaque
2115 2610 2171 2662 et

516 2698 789 2769 resurget
817 2690 1060 2767 iterum,
1096 2690 1391 2769 conjugali
1416 2690 1629 2751 animae
1656 2690 2084 2770 complicitum.

598 2783 783 2843 VERS.
813 2780 1029 2844 28-34.
1089 2804 1117 2835 ιι
1164 2780 1239 2841 Ει
1288 2799 1421 2841 cum
1468 2780 1818 2841 accessisset
1866 2781 2100 2860 quidam
2137 2801 2167 2842 e

518 2869 771 2943 Scribis,
807 2879 864 2930 et
883 2868 1146 2930 audisset
1178 2888 1280 2930 eos
1315 2870 1489 2931 simul
1515 2870 2164 2949 disputantes,videret-

519 2978 635 3041 que
667 2958 825 3039 quod
852 2957 1005 3019 bene
1023 2958 1434 3038 respondisset
1456 2958 1953 3037 cis,intcrrogavit
1980 2960 2166 3021 illum:

519 3048 687 3121 Quod
721 3057 810 3110 est
852 3047 1105 3127 primum
1140 3047 1405 3108 omnium
1454 3057 1883 3129 praeceptorum
1918 3049 1947 3108 ἱ)
1997 3047 2172 3110 Josus

518 3145 713 3200 autem
746 3136 1055 3217 respondit
1087 3135 1214 3197 illi:
1250 3136 1516 3198 Primum
1553 3138 1817 3199 omnium
1853 3148 2172 3219 praecepto-

2251 1972 2626 2051 χωρήσαντος.
2692 1962 2931 2029 ’Ἔπειτα
2987 1972 3067 2027 ὃτι
3128 1971 3175 2027 οἱ
3225 1967 3571 2051 Σαδδουκαῖοι
3629 1966 3746 2036 περὶ
3809 1964 3908 2026 τῆς

2252 2067 2357 2118 τῶν
2401 2063 2670 2139 σωμάτων
2698 2062 3037 2124 ἀναστάσεως
3083 2057 3443 2139 ἀμφέϐαλλον.
3506 2046 3685 2110 υΩστε
3741 2050 3828 2105 καὶ
3885 2052 3913 2105 6

2256 2152 2443 2229 Κύριος
2500 2154 2617 2229 περὶ
2669 2157 2776 2206 τῶν
2821 2151 3084 2226 σωμάτων
3141 2152 3293 2205 εἶπεν
3341 2145 3429 2203 ὅτι
3485 2146 3613 2217 ζῶσι
3644 2140 3785 2218 παρά
3826 2142 3913 2229 Δτῷ

2256 2226 2396 2320 Θεῶ,
2430 2226 2582 2320 οὐχὶ-
2611 2241 2729 2319 περὶ
2772 2246 2878 2297 τῶν
2940 2244 3159 2319 ψυχῶν.
3221 2244 3387 2297 Τοῦτο
3429 2236 3529 2313 γάρ
3572 2230 3674 2299 ἤδη
3700 2226 3918 2320 ,ὡμολό-

2254 2319 2391 2411 γητο
2444 2319 2533 2387 καὶ
2586 2331 2729 2408 παρά
2762 2329 2881 2394 τοῖς
2914 2342 3191 2409 σαρκικοῖς
3240 2325 3636 2387 Σαδδουκαίοις,
3667 2319 3921 2378 ’Ἔπειτα

2252 2424 2341 2478 καὶ
2383 2426 2539 2477 τοῦτο
2583 2419 2794 2484 σκόπει,
2844 2420 2879 2486 ἡ
2933 2419 3245 2491 ἀνάστασις,
3276 2426 3369 2475 τοῦ
3398 2410 3745 2474 πεπτωκότος
3777 2407 3918 2464 ἐστὶν

2254 2510 2568 2573 ἀνάστασις,
2626 2508 2847 2568 ’Ἔπεσε
2905 2506 2961 2565 δὲ
3022 2507 3129 2588 οὔχ
3171 2509 3205 2575 ἡ
3253 2506 3428 2585 ψυχὴ,
3476 2502 3734 2563 ἀθάνατος
3785 2498 3911 2575 γὰρ,

2255 2598 2392 2656 ἀλλά
2422 2600 2482 2655 τὸ
2527 2604 2685 2675 σῶμα
2722 2614 2734 2627 ·
2769 2607 2925 2658 τοῦτο
2951 2597 3051 2676 ἄρα
3092 2586 3179 2653 καὶ
3224 2596 3602 2670 ἀναστήσεται,
3633 2586 3912 2668 προσπλα-

2254 2690 2342 2745 xiv
2372 2688 2532 2745 πάλιν
2562 2695 2631 2767 τῇ
2677 2688 2925 2764 ὀμοζύγῳ
2955 2692 3132 2767 ψυχῇ.

2341 2801 2365 2835 α
2413 2780 2514 2837 Καὶ
2564 2766 2866 2858 προσελθὼν
2919 2778 2991 2841 εἷς
3035 2766 3153 2833 τῶν
3226 2772 3612 2855 Γραμματὲων,
3671 2766 3902 2858 ἀκοόσας

2253 2868 2421 2927 αὐτῶν
2482 2856 2867 2941 συζητούντων,
2928 2864 3075 2932 εἰδὼς
3132 2865 3213 2922 ὅτι
3287 2863 3466 2926 καλῶς
3544 2862 3727 2922 αὐτοῖς
3785 2856 3901 2911 ἀπ-

2253 2960 2455 3038 εκρίοη,
2519 2957 2866 3036 ἐ’τετηριίητησεν
2925 2958 3102 3027 αὺτὸν,
3142 2957 3269 3012 ποία
3323 2954 3432 3011 ἐστι
3477 2951 3664 3031 πρώτη
3716 2949 3907 3038 πασῶν

2250 3046 2495 3127 ἐντολή;
2562 3038 2618 3104 Ὀ
2675 3046 2728 3101 δὲ
2789 3043 2998 3113 Ἰησοῦς
3059 3047 3313 3121 ἀπεκρίθη
3370 3048 3535 3117 αὐτῷ,
3581 3038 3661 3095 ὅτι
3721 3035 3916 3115 πρώτη

2254 3144 2437 3193 πασῶν
2483 3125 2587 3193 τῶν
2647 3133 2905 3207 ἐντολῶν,
2950 3135 3165 3195 ’Ἄκουε
3212 3132 3448 3213 Ἰσραὴλ,
3504 3130 3691 3208 Κύριος
3723 3128 3750 3183 6
3784 3125 3922 3187 Θεὸς

517 3246 649 3290 rum
706 3235 795 3289 est
843 3214 863 3290 ξ
916 3225 1072 3288 Audi
1130 3226 1341 3306 Israel,
1399 3227 1686 3289 Dominus
1735 3214 1893 3289 Deus
1942 3214 2166 3306 noster,

2258 3230 2436 3302 ἡμῶν,
2488 3227 2673 3306 Κύριος
2719 3226 2804 3289 εἷς
2880 3224 3013 3300 ἐστι,
3073 3228 3162 3283 καὶ
3223 3225 3522 3304 ἀγαπήσεις
3583 3219 3771 3297 Κύριον
3824 3214 3925 3270 τὸν

518 3317 811 3381 Dominus
827 3335 980 3378 unus
1005 3324 1116 3379 est:
1142 3326 1199 3377 et
1222 3316 1437 3395 diliges
1459 3316 1774 3378 Dominum
1796 3317 1977 3379 Deum
2002 3327 2166 3378 tuum

2256 3317 2387 3373 Θεόν
2445 3338 2538 3372 σου
2599 3316 2649 3381 ἐξ
2710 3314 2840 3382 ὅλης
2882 3321 2979 3383 τῆς
3030 3314 3244 3395 καρδίας
3281 3336 3392 3390 σου,
3429 3314 3515 3369 καὶ
3544 3310 3596 3377 ἐξ
3624 3308 3757 3374 ὅλης
3815 3310 3923 3395 τῆς

519 3428 588 3472 ex
623 3415 739 3469 toto
775 3406 956 3469 corde
987 3413 1108 3483 tuo,
1146 3415 1203 3467 et
1237 3424 1305 3467 ex
1340 3393 1462 3467 tota
1484 3407 1678 3467 anima
1715 3414 1832 3477 tua,
1870 3415 1929 3467 et
1960 3426 2025 3467 ex
2055 3416 2166 3468 tota

2254 3406 2440 3485 ψυχῆς
2499 3428 2614 3480 σου,
2678 3409 2765 3463 καὶ
2822 3405 2874 3472 ἐξ
2931 3406 3063 3473 ὅλης
3107 3393 3221 3474 ντῆς
3277 3404 3506 3468 διανοίας
3566 3423 3679 3476 σου,
3727 3398 3815 3455 καὶ
3858 3393 3921 3460 ἐξ

521 3507 722 3560 mente
741 3505 859 3577 tua,
886 3504 945 3558 et
974 3514 1043 3557 ex
1071 3495 1206 3557 totis
1227 3495 1450 3556 viribus
1485 3495 1618 3556 tuis.
1650 3498 1774 3558 Hoc
1801 3505 1886 3556 est
1914 3496 2166 3575 primum

2254 3493 2385 3560 ὅλης
2444 3497 2543 3562 τῆς
2574 3496 2761 3576 ἰσχύος
2809 3519 2924 3555 σου.
2974 3495 3116 3562 Αὕτη
3148 3496 3334 3575 πρώτη
3380 3491 3568 3562 ἐντολή
3606 3510 3617 3522 ⁸
3667 3490 3754 3546 καὶ
3787 3485 3913 3542 δευ-

519 3594 879 3669 praeceptum
908 3605 921 3648 :
957 3596 1017 3646 et
1045 3584 1375 3646 secundum
1409 3585 1604 3645 simile
1636 3585 1747 3646 hoc
1780 3594 1907 3647 est:
1945 3586 2168 3664 Diliges

518 3675 854 3759 proximum
927 3682 1091 3735 tuum
1152 3682 1216 3735 ut
1275 3674 1551 3754 teipsum.
1615 3677 1802 3755 Majus
1863 3676 1952 3735 his
2011 3677 2166 3737 aliud

520 3773 879 3848 praeceptum
915 3783 1033 3825 non
1079 3771 1189 3825 est.
1233 3763 1302 3825 Et
1349 3764 1495 3827 dixit
1540 3765 1624 3825 illi
1672 3765 1923 3826 Scriba:
1978 3766 2160 3837 Bene,

519 3863 875 3938 praeceptor,
894 3873 1028 3915 cum
1050 3854 1294 3917 veritate
1313 3853 1530 3927 dixisti,
1550 3856 1704 3936 quod
1733 3876 1882 3916 unus
1898 3858 1969 3915 sit
1989 3859 2163 3931 Deus,

520 3953 581 4008 et
626 3964 746 4006 non
777 3945 852 4005 sit
896 3942 1046 4004 alius
1095 3949 1317 4023 praeter
1358 3944 1565 4005 illum:
1613 3947 1891 4026 quodque
1922 3947 2169 4024 diligere

518 4053 657 4097 eum
673 4052 742 4096 ex
762 4041 888 4096 toto
901 4033 1106 4104 corde,
1130 4041 1192 4094 et
1207 4051 1275 4094 ex
1298 4040 1418 4096 tota
1438 4033 1847 4116 intelligentia,
1876 4044 1935 4097 et
1958 4056 2024 4097 ex
2052 4044 2169 4099 tota

517 4123 740 4199 anima,
774 4130 831 4184 et
862 4142 939 4184 ex
989 4122 1125 4184 totis
1157 4121 1406 4198 viribus,
1442 4142 1509 4184 ac
1542 4123 1792 4203 diligere
1830 4126 2168 4205 proximum

518 4219 581 4275 ut
598 4213 890 4293 seipsum,
916 4211 1047 4293 plus
1069 4213 1143 4273 sit
1168 4231 1341 4293 quam
1370 4212 1642 4274 universa
1669 4213 2171 4276 holocaustomata

517 4311 576 4365 et
607 4301 878 4366 victimae.
931 4301 1006 4363 At
1043 4302 1218 4365 Jesus
1264 4320 1395 4362 cum
1446 4302 1674 4364 videret
1723 4303 1879 4383 quod
1930 4305 2172 4365 cordate

515 4390 946 4472 respondisset,
981 4389 1125 4453 dixit
1157 4390 1239 4452 illi
1272 4410 1284 4450 :
1322 4387 1489 4452 Haud
1525 4391 1699 4470 longe
1732 4392 1874 4453 abes
1906 4412 1938 4453 a
1984 4412 2168 4469 regno

513 4480 643 4545 Dei.
679 4480 748 4542 Et
779 4499 956 4543 nemo
981 4486 1111 4561 post
1133 4479 1234 4541 illa
1255 4480 1511 4559 audebat
1539 4480 1704 4541 illum
1730 4480 2161 4560 interrogare.»

2251 3583 2377 3662 τέρα
2435 3586 2593 3661 ὁμοία
2652 3587 2786 3653 αὕτη
2822 3606 2836 3620 ·
2898 3586 3226 3664 Ἀγαπήσεις
3270 3586 3361 3642 τὸν
3404 3581 3629 3649 πλησίον
3681 3601 3775 3636 σου
3830 3579 3908 3639 ὡς

2246 3675 2493 3741 σεαυτόν.
2588 3676 2788 3747 Μείζων
2872 3676 3072 3732 τούτων
3148 3673 3288 3741 ἄλλη
3364 3671 3554 3739 ἐντολὴ
3612 3674 3708 3729 οὒκ
3763 3666 3900 3725 ἔστι.

2276 3776 2289 3787 γ
2335 3769 2349 3788 \
2440 3768 2465 3789 τ
2666 3766 2678 3781 9
2736 3772 2759 3781 -ο
3209 3765 3220 3784 γ
3480 3769 3497 3776 -π
3605 3759 3624 3777 Ν
3652 3757 3675 3777 Ν
3693 3760 3703 3779 Ι
3853 3778 3873 3789 ³

2255 3776 2354 3823 Im:
2412 3786 2566 3823 ειπεν
2626 3788 2770 3839 αυτῳ
2820 3768 2847 3820 6
2908 3771 3252 3842 Γραμματευς
3285 3782 3301 3799 ·
3352 3769 3561 3839 Καλῶς,
3597 3755 3898 3829 οιοασκαλε,

2251 3854 2335 3911 ἐπ’
2394 3856 2642 3921 ἀληθείας
2704 3855 2882 3926 εἶπες,
2947 3852 3027 3908 ὅτι
3088 3856 3170 3916 εἷς
3239 3853 3350 3907 ἐστι
3428 3852 3581 3927 Θεὸς,
3656 3850 3741 3904 καὶ
3812 3848 3908 3903 οὒκ

2256 3946 2397 4002 ἔστιν
2458 3943 2619 4007 ἄλλος
2686 3943 2825 4010 πλὴν
2883 3944 3065 4013 αὐτοῦ,
3119 3944 3206 3998 καὶ
3263 3943 3324 3997 τὸ
3379 3940 3587 4017 ἀγαπᾷν
3630 3938 3782 3993 αὐτὸν
3855 3934 3909 3999 ἐξ

2255 4033 2385 4101 ὅλης
2437 4038 2537 4101 τῆς
2595 4028 2833 4110 καρδίας,
2896 4032 2983 4087 καὶ
3028 4029 3079 4097 ἐξ
3136 4029 3269 4097 ὅλης
3317 4034 3418 4096 τῆς
3478 4025 3761 4102 συνέσεως,
3820 4023 3909 4079 καὶ

2254 4124 2305 4189 ἐξ
2350 4121 2483 4190 ὅλης
2543 4126 2640 4190 τῆς
2673 4126 2883 4200 ψυχῆς,
2916 4122 3004 4177 καὶ
3035 4118 3085 4185 ἐξ
3114 4118 3249 4187 ὅλης
3282 4124 3380 4185 τῆς
3432 4118 3645 4197 ἰσχύος,
3705 4112 3792 4169 καὶ
3846 4112 3910 4167 τὸ

2254 4214 2469 4291 ἀγαπᾷν
2525 4213 2615 4268 τὸν
2660 4210 2888 4278 πλησίον
2927 4213 2999 4274 ὡς
3064 4210 3271 4284 ἑαυτὸν,
3318 4208 3509 4265 πλεῖόν
3540 4206 3650 4261 ἐστι
3693 4204 3908 4259 πάντων

2252 4306 2359 4361 τῶν
2416 4303 2876 4380 ὁλοκαυτωμάτων
2933 4305 3021 4359 καὶ
3062 4302 3169 4359 τῶν
3211 4301 3424 4363 θυσιῶν.
3463 4300 3559 4356 Καὶ
3613 4298 3640 4352 ὁ
3695 4294 3905 4360 Ἰησοῦς

2252 4392 2399 4475 ἰδὼν,
2446 4392 2526 4450 ὅτι
2581 4399 2848 4473 νουνεχῶς
2907 4393 3189 4473 ἀπεκρίθη,
3237 4392 3392 4447 εἶπεν
3424 4394 3565 4463 αὒτῷ
3598 4404 3612 4419 ⁸
3658 4386 3730 4445 Οὐ
3790 4407 3901 4459 μα-

2251 4485 2383 4563 κράν
2426 4484 2481 4541 εἶ
2515 4484 2621 4540 ἀπὸ
2665 4490 2762 4550 τῆς
2820 4482 3090 4560 βασιλείας
3147 4490 3238 4539 τοῦ
3270 4488 3422 4543 Θεοῦ,
3460 4481 3553 4538 Καὶ
3580 4476 3743 4539 ουδεὶς
3773 4477 3903 4532 οὐκ-

511 4570 821 4635 Matthaaus
852 4568 1093 4651 quidem
1128 4569 1318 4651 inquit
1346 4570 1501 4650 quod
1536 4579 1768 4632 tentans
1805 4574 2164 4634 accesserit:

2254 4562 2329 4632 ἑτι
2379 4572 2579 4650 ἐτόλμα
2623 4572 2780 4628 αὐτὸν
2852 4572 3207 4651 ἐπερωτῆσαι.
3262 4591 3291 4630 )
3356 4562 3414 4628 Ὀ
3472 4568 3568 4645 μὲν
3628 4566 3903 4629 Ματθαῖός

510 4662 745 4723 Marcus
789 4678 930 4722 vero
971 4660 1117 4722 dicit
1174 4660 1329 4740 quod
1395 4660 1718 4741 prudenter
1764 4663 2164 4742 responderit.

508 4749 790 4833 Nunquid
817 4768 958 4830 ergo
992 4749 1202 4812 dicunt
1234 4750 1557 4814 contraria?
1574 4750 1842 4814 Minime:
1873 4755 1974 4813 sed
2010 4755 2169 4814 veri-

508 4839 706 4902 simile
736 4848 825 4903 est
876 4838 1141 4922 primum
1204 4838 1446 4921 quidem
1499 4839 1692 4921 ipsum
1750 4850 1809 4901 ut
1842 4849 2167 4904 tentantem

507 4929 936 5009 interrogasse,
968 4928 1188 4992 deinde
1216 4947 1349 4990 cum
1385 4930 1705 5010 profuisset
1736 4930 1791 4992 ei
1813 4949 2167 5011 responsum

511 5018 759 5093 Christi,
787 5028 847 5080 et
875 5018 1115 5080 cordate
1143 5019 1569 5098 respondisset,
1605 5018 1677 5080 ab
1711 5020 1812 5081 illo
1837 5020 2164 5085 laudatum.

508 5106 660 5171 Vide
690 5116 888 5170 autem
922 5115 979 5170 et
1008 5106 1267 5171 laudem.
1292 5106 1420 5170 Non
1444 5109 1639 5189 perfer
1656 5118 1775 5169 tum
1800 5110 1967 5172 illum
1995 5121 2167 5175 testa-

512 5206 630 5262 tur.
659 5197 788 5262 Non
813 5198 971 5260 enim
998 5197 1334 5278 dixit,lntra
1357 5218 1604 5278 regnum
1627 5200 1899 5261 calerum
1927 5220 2009 5265 es:
2032 5204 2162 5279 sed,

510 5305 631 5348 non
694 5288 901 5369 procul
955 5305 1043 5349 es.
1098 5286 1292 5360 Quare
1342 5298 1539 5350 autem
1594 5290 1745 5349 hanc
1795 5290 2164 5369 potissimum

510 5377 898 5458 quaestionem
951 5377 1334 5458 legisperitus
1383 5380 1483 5440 ille
1533 5380 1842 5459 proposuit
1886 5381 2166 5446 Christo?

516 5465 770 5529 Putabat
799 5467 1161 5550 reprehendi
1192 5486 1367 5548 posse
1393 5470 1722 5544 Christum,
1756 5470 1855 5549 qui
1887 5474 2168 5535 emenda-

504 5562 670 5619 turus
704 5566 860 5620 esset
890 5558 1107 5636 legem,
1145 5556 1303 5619 unde
1349 5559 1616 5622 accusari
1651 5568 1855 5638 posset
1888 5568 2163 5645 tanquam

570 5733 638 5788 οι
665 5733 857 5803 Exod.
893 5748 984 5804 ιιι.

2254 4687 2440 4744 φησιν,
2496 4661 2576 4729 ὅτι
2626 4663 2884 4742 πειράζων
2928 4661 3325 4744 προσῆλθεν,μὸ
3354 4659 3409 4717 δὲ
3441 4661 3653 4739 Μάρκος
3685 4657 3904 4714 ἐνταῦθα

2254 4740 2424 4834 λέγει,
2480 4753 2559 4810 6'1:
2620 4740 2888 4831 νουνεχῶς
2933 4740 3390 4831 ἀπεκρίθηξτΑρα
3440 4750 3528 4806 οὗ)
3575 4750 3903 4827 ἐναντιοφω-

2255 4854 2400 4903 νοῦσι
2436 4865 2451 4921 ς
2486 4843 2644 4923 Οὐχὶ,
2697 4839 2815 4898 ἀλλ’
2867 4843 3006 4906 εἰκὸς
3035 4848 3245 4920 πρῶτον
3277 4842 3373 4916 μὲν
3406 4840 3563 4896 αὐτὸν
3607 4840 3679 4897 ὡς
3711 4840 3905 4916 πειρά-

2252 4941 2407 5005 ζοντα
2462 4931 2747 5009 ἐρωτῆσαι,
2808 4930 2932 4987 εἶτα
2990 4929 3329 5011 ὠφεληθέντα
3384 4931 3490 4986 ἀπὸ
3547 4930 3647 4995 τῆς
3681 4928 3906 5007 ἀποκρί-

2252 5043 2388 5087 σεως
2446 5028 2536 5077 τοῦ
2591 5027 2839 5097 Χριστοῦ,
2886 5022 2974 5076 καὶ
3016 5027 3281 5099 νουνεχῶς
3328 5017 3697 5098 ἀποκριθέντα,
3746 5025 3899 5075 €111:-

2252 5114 2485 5180 νεθῆναι.
2537 5101 2690 5188 ’Ὂρα
2738 5108 2792 5165 δὲ
2848 5110 2936 5166 καὶ
2990 5110 3081 5165 τὸν
3108 5107 3347 5188 ἔπαινον,
3391 5113 3504 5173 πῶς
3547 5108 3668 5187 οὐχὶ
3698 5105 3899 5163 τέλειον

2252 5202 2405 5259 αὐτὸν
2467 5199 2608 5256 εἶναι
2639 5211 2918 5278 μαρτυρεῖ,
2967 5200 3039 5256 Οὐ
3066 5200 3165 5277 γὰρ
3195 5198 3350 5255 εἶπεν
3380 5196 3458 5254 ὅτι
3503 5196 3684 5262 Ἐντὸς
3717 5196 3772 5253 εἴ
3803 5205 3898 5268 τῆς

2249 5289 2518 5369 βασιλείας
2579 5299 2668 5349 τοῦ
2740 5295 2891 5362 Θεοῦ,
2939 5286 3057 5344 ἀλλ’
3118 5292 3178 5346 οὗ
3224 5290 3431 5367 μακρὰν
3492 5289 3567 5348 εἶ.
3636 5292 3785 5355 Τίνος
3843 5287 3896 5345 δὲ

2249 5371 2426 5438 ἕνεκεν
2479 5376 2621 5443 ὅλως
2679 5378 2876 5445 ταύτην
2936 5378 3033 5445 τὴν
3106 5377 3366 5457 ἐρώτησιν
3408 5376 3764 5457 προεϐάλλετο
3818 5386 3894 5453 τῷ

2252 5479 2462 5551 Χριστῳ
2514 5470 2542 5525 6
2600 5470 2817 5545 νομικὸς
2878 5470 3079 5544 οὗτος;
3125 5470 3369 5545 Νομίζων
3411 5468 3765 5546 ἐπιλήψεσθαι
3807 5467 3900 5527 τοῦ

2251 5567 2479 5641 Χριστοῦ
2520 5560 2591 5622 ὡς
2626 5555 3133 5637 ἐπιδιορθωσομένου
3162 5566 3252 5618 τὸν
3298 5562 3480 5641 νόμον,
3513 5563 3609 5617 καὶ
3629 5558 3712 5623 διὰ
3743 5566 3896 5617 τοῦτο
