4232 6416
451 353 574 419 629

1164 358 1610 430 ENARRATIO
1651 330 1737 427 1N
1780 364 2072 428 EVANGl

2160 364 2293 426 [UM
2339 364 2598 426 MARCI.
2647 392 2726 405 -
2769 362 2933 425 CAP.
2981 362 3118 424 XII.

3730 358 3853 427 630

447 492 848 570 κατηγορήσειν
902 495 1063 553 αὖτοῦ
1118 498 1192 562 ὣς
1251 496 1516 555 ἀντιθέτου
1580 503 1657 572 τῷ
1713 495 1882 574 νόμῳ,
1955 494 2072 555 Ἀλλ

2160 494 2337 573 ,ιθείε
2384 492 2779 555 adversarius.
2815 493 3035 553 Verum
3081 490 3371 554 Dominus
3421 492 3745 555 ostendens
3787 495 3847 557 ei

445 581 489 668 ὁ,
508 581 694 660 Κύριος
726 579 971 641 δεικνύων
1006 586 1147 661 αὒτῷ
1187 583 1267 644 ὅτι
1299 587 1404 643 ἀπὸ
1434 594 1528 644 τοῦ
1559 588 1636 664 μὴ
1665 586 1816 668 ἔχειν
1859 586 2098 667 ἀγάπην,

442 667 585 726 ἀλλὰ
634 678 710 746 τῷ
764 674 937 752 φθόνῳ
997 676 1273 755 τήκεσθαι,
1320 678 1538 757 ἔρχεται
1612 677 1697 733 ἐπὶ
1765 678 1831 733 τὰ
1888 680 2102 734 τοιαῧτα

445 758 791 838 ὲΡωτπῖμαπιται,
833 766 991 844 φησὶν
1042 764 1192 847 (81),
1255 766 1333 824 ὅτι
1376 767 1564 847 πρώτη
1607 768 1694 825 καὶ
1748 766 1958 846 μεγάλη
2012 768 2099 824 ἐν-

444 853 607 934 τολὴ,
668 853 727 909 τὸ
778 853 991 932 ἀγαπᾷν
1055 858 1146 914 τὸν
1218 859 1372 938 Θεὸν,
1434 854 1648 936 δευτέρα
1716 854 1770 912 δὲ
1813 857 1993 937 ὁμοία,
2040 859 2099 913 τὸ

445 945 659 1021 ἀγαπᾷν
723 944 813 1001 τὸν
872 943 1122 1012 πλησίον.
1186 953 1307 1010 ῐΙῶς
1391 945 1447 1004 δὲ
1525 946 1732 1023 ὁμοία;
1811 946 1955 1004 Διότι
2010 946 2097 1003 ὑπ’

442 1032 698 1104 ἀλλήλων
739 1035 1172 1113 συγκρατοῦνται,
1237 1028 1294 1095 Ὀ
1370 1037 1471 1116 γὰρ
1528 1038 1751 1116 ἀγαπῶν
1792 1037 1884 1092 τὸν
1942 1038 2094 1108 Θεὸν,

441 1122 627 1200 ἀγαπᾷ
676 1126 762 1180 καὶ
819 1126 881 1181 τὸ
959 1125 1168 1202 ποίημα
1236 1130 1394 1186 αὺτοῦ
1427 1142 1441 1157 ⁶
1511 1127 1835 1184 οἰκειότατον
1886 1123 1941 1182 δὲ
1990 1132 2097 1182 τῶν

444 1213 785 1293 ποιημάτων,
848 1216 875 1271 6
920 1214 1214 1293 ἅνθρωπος,
1270 1216 1407 1273 ὥστε
1463 1218 1490 1273 6
1539 1215 1760 1295 ἀγαπῶν
1802 1216 1894 1272 τὸν
1938 1218 2088 1290 Θεὸν,

440 1301 708 1380 ἀγαπήσει
766 1305 851 1360 καὶ
932 1304 1132 1369 πάντας
1210 1305 1535 1386 ἀνθρώπους,
1596 1306 1624 1361 ὃ
1682 1326 1739 1361 τε
1794 1307 1885 1362 τὸν
1942 1305 2091 1373 πλη-

443 1393 555 1447 σίον
610 1392 860 1472 ἀγαπῶν,
930 1392 1117 1470 πολλῷ
1199 1394 1406 1471 μᾶλλον
1481 1398 1574 1452 τὸν
1649 1393 1779 1451 Θεόν
1866 1396 1923 1452 Εἰ
1991 1397 2089 1474 γὰρ

439 1480 740 1559 ἀνθρώπους
797 1482 1001 1559 ἀγαπᾷ,
1066 1485 1190 1549 τοὺς
1254 1484 1514 1550 πολλάκις
1559 1485 1807 1565 ἀφορμὴν
1852 1482 2085 1540 σκανδά-

438 1569 547 1627 λων
588 1572 676 1628 καὶ
736 1573 915 1646 μίσους
960 1573 1316 1654 παρέχοντας,
1374 1574 1560 1648 πολλῷ
1590 1573 1793 1649 μᾶλλον
1824 1575 1916 1630 τὸν
1962 1576 2091 1630 Θεὸν

436 1660 528 1715 τὸν
586 1660 667 1717 ἀεὶ
698 1660 1091 1741 εὐεργετοῦντα.
1146 1655 1353 1721 ’Ἄκουε
1397 1663 1451 1720 δὲ
1491 1667 1579 1721 καὶ
1621 1685 1711 1719 του
1741 1662 1933 1742 Κυρίου
1968 1679 1981 1692 ⁸
2034 1654 2089 1721 Ὀ

436 1749 659 1826 ἀγαπῶν
718 1773 807 1831 με,
882 1753 977 1817 τὰς
1052 1752 1267 1818 ἐντολάς
1326 1778 1427 1831 μου
1483 1755 1738 1833 τηρήσει,”
1798 1741 1951 1831 Ὀρᾷς
2011 1752 2089 1810 ὅτι

2186 583 2343 663 quod
2357 583 2709 645 charitatem
2725 581 3077 661 simpliciter
3100 600 3221 645 non
3242 580 3455 645 habeat
3470 582 3597 663 ,sed
3622 583 3846 646 invidia

2184 683 2496 752 corruptus
2548 674 2807 734 venisset
2856 672 2925 732 ad
2985 674 3114 733 haec
3164 672 3608 752 interrOganda,
3643 672 3839 736 dicit:

2185 761 2453 825 Primum
2474 771 2531 825 et
2552 780 2825 841 magnum
2852 761 3195 824 mandatum
3214 768 3329 837 est,
3347 762 3597 841 diligere
3621 761 3835 837 Deum,

2184 862 2241 913 et
2263 852 2589 913 secundum
2608 852 2802 914 simile
2830 851 3202 931 (a),diligere
3215 850 3842 933 proximum.Quomo-

2183 944 2255 1005 do
2281 952 2480 1005 autem
2515 942 2759 1005 simile?
2786 944 2872 1006 Eo
2896 943 3052 1024 quod
3077 942 3251 1004 simul
3283 943 3441 1006 inter
3470 960 3534 1003 se
3564 961 3837 1005 connexa

2181 1039 2341 1097 sunt.
2368 1034 2477 1106 Qui
2510 1033 2668 1095 enim
2694 1033 2885 1112 diligit
2914 1035 3099 1095 Deum
3122 1032 3205 1109 95,
3241 1031 3433 1113 diligit
3462 1038 3520 1094 et
3546 1032 3833 1094 facturam

2181 1124 2329 1202 ejus.
2367 1124 2556 1186 Homo
2590 1132 2785 1184 autem
2830 1123 3084 1185 maxime
3128 1122 3368 1203 propria
3420 1122 3645 1184 factura
3691 1124 3832 1185 239

2179 1213 2282 1275 Dei
2322 1232 2335 1276 :
2384 1223 2442 1276 et
2486 1216 2563 1275 ila
2593 1213 2693 1293 qui
2725 1212 2916 1291 diligit
2947 1212 3160 1287 Deum,
3184 1212 3390 1292 diliget
3422 1211 3601 1274 etiam
3620 1230 3832 1274 omnes

2175 1304 2487 1366 homines:
2523 1314 2579 1364 ct
2609 1303 2752 1363 dum
2785 1303 3119 1382 proximum
3170 1301 3382 1379 diligit,
3422 1301 3606 1363 multo
3638 1302 3828 1381 magis

2175 1396 2358 1457 Deum
2384 1393 2593 1469 diligit.
2629 1391 2774 1453 Nam
2808 1392 2856 1452 si
2901 1392 3177 1454 homines
3218 1392 3434 1471 diligit,
3469 1391 3573 1472 qui
3605 1391 3824 1453 multas

2174 1503 2332 1564 saepe
2346 1484 2761 1545 scandalorum
2783 1483 3128 1545 occasiones
3150 1492 3208 1546 et
3230 1483 3366 1545 odia
3386 1481 3829 1561 fovent,quanlo

2179 1574 2361 1651 magis
2391 1574 2598 1635 Deum.
2637 1572 2737 1652 qui
2771 1591 3014 1652 semper
3046 1572 3384 1635 benefacit?
3428 1571 3581 1633 Audi
3624 1579 3825 1632 autem

2174 1663 2489 1724 Dominum
2526 1684 2538 1725 :
2573 1662 2685 1735 Qui
2725 1661 2917 1739 diligit
2971 1681 3086 1737 me,
3126 1662 3403 1723 mandata
3453 1678 3586 1723 mea
3615 1678 3826 1722 serva-

2175 1753 2357 1817 bit96.
2393 1754 2576 1816 Vides
2609 1772 2716 1813 nos
2740 1751 3045 1829 diligendo
3066 1751 3253 1813 Deum
3278 1769 3518 1815 servare
3551 1749 3827 1811 mandata

434 1836 540 1893 ἀπὸ
599 1846 691 1895 τοῦ
764 1840 972 1918 ἀγαπᾷν
1045 1844 1134 1899 τὸν
1195 1845 1326 1900 Θεὸν
1383 1845 1646 1920 τηροῦμεν
1704 1842 1798 1904 τὰς
1872 1840 2072 1898 ἐντολὰς

2175 1844 2599 1923 ejus.lllandata
2621 1842 2748 1920 ejus
2762 1841 2963 1903 omnia
2987 1842 3059 1902 de
3083 1860 3285 1903 amore
3318 1850 3519 1902 mutuo
3544 1847 3821 1901 tractant.

436 1925 616 2005 αὐτοῦ,
665 1931 717 1984 αἱ
774 1927 828 1986 δὲ
872 1929 1078 1988 ἐντολαὶ
1121 1936 1279 1991 αὖτοῦ
1335 1940 1499 1989 πᾶσαι
1543 1933 1659 2011 περὶ
1706 1937 1805 1999 τῆς
1863 1933 1936 1995 είς
1983 1930 2072 1987 ἀλ·

2170 1934 2238 1995 Ει
2260 1935 2497 2013 iterum,
2529 1934 2593 1995 In
2626 1934 2737 1994 hoc
2760 1932 2952 1992 scient
2985 1950 3196 1992 omnes
3214 1931 3373 2011 quod
3402 1930 3517 1991 mei
3542 1928 3821 2008 discipuli

435 2012 629 2086 λήλους
688 2027 917 2099 στοργῆς
965 2020 1399 2099 διαλαμϐάνουσι.
1436 2023 1540 2086 Καὶ
1569 2023 1759 2103 πάλιν,
1792 2022 1883 2081 Ἐν
1914 2025 2083 2098 τούτῳ

432 2106 720 2183 γνώσονται
780 2111 993 2191 πάντες,
1055 2113 1133 2171 ὅτι
1181 2113 1299 2189 ἐμοὶ
1344 2114 1574 2191 μαθηταί
1616 2114 1757 2187 ἐστε,
1804 2113 1893 2169 ἐὰν
1938 2114 2075 2191 ἀγα-

429 2202 581 2287 πᾶτε,
623 2197 911 2270 ἀλλήλους.
976 2194 1086 2285 ’ρᾷς
1158 2205 1343 2287 πάλιν,
1417 2212 1532 2268 πῶς
1592 2202 1650 2259 ἐκ
1712 2202 1806 2260 τοῦ
1862 2202 2073 2281 ἀγαπᾷν

429 2284 693 2357 ἀλλήλους
737 2284 1037 2351 συνίσταται
1081 2297 1142 2353 τὸ
1196 2284 1346 2376 ἔχειν
1388 2294 1564 2377 φιλίαν
1618 2294 1748 2371 πρὸς
1794 2294 1886 2349 τὸν
1948 2301 2079 2370 Χρι-

429 2377 575 2450 στὸν,
635 2380 723 2435 καὶ
778 2381 922 2439 εἶναι
970 2384 1127 2442 αὖτοῦ
1170 2386 1413 2462 μαθητὰς
1467 2386 1557 2441 καὶ
1612 2382 1792 2464 φίλους
1830 2400 1847 2458 ;
1881 2383 2080 2439 Σκόπει

427 2463 483 2521 δὲ
540 2466 654 2531 πῶς
708 2470 882 2535 πάσας
935 2474 1029 2539 τὰς
1084 2475 1182 2544 τῆς
1229 2478 1414 2551 ψυγῆς
1473 2463 1717 2550 δυνάμεις
1765 2471 2079 2551 ἀπηριθμή-

428 2576 581 2617 σατο.
642 2555 815 2618 ’Ἔστι
874 2563 975 2643 γὰρ
1033 2568 1222 2645 ψυχῆς
1292 2563 1530 2641 δύναμις,
1604 2564 1639 2631 ἡ
1695 2558 1914 2633 ζωώδης
1951 2576 1964 2590 ⁸
2015 2562 2080 2629 ἦν

428 2646 707 2705 αἰνίττεται
751 2649 807 2706 ἐν
854 2657 932 2726 τῷ
988 2654 1182 2730 εἰπεῖν,
1236 2653 1288 2721 ἐξ
1319 2653 1451 2721 ὅλης
1480 2658 1578 2721 τῆς
1609 2651 1814 2731 ψυχῆς.
1849 2652 1950 2709 Τὸν
1979 2654 2075 2707 θυ-

426 2735 527 2807 μὸν
597 2738 697 2817 γὰρ
750 2743 837 2797 καὶ
890 2742 990 2811 τὴν
1047 2743 1321 2821 ἐπιθυμίαν
1383 2742 1483 2800 ὅλα
1526 2740 1722 2799 διδόναι
1765 2747 1834 2818 τῇ
1888 2739 2072 2817 ἀγάπῃ

422 2826 515 2881 τοῦ
557 2833 689 2884 Θεοῦ
727 2828 996 2906 βούλεται.
1047 2823 1213 2892 ’Ἐστι
1256 2834 1344 2891 καὶ
1401 2831 1551 2913 ἑτέρα
1594 2830 1811 2908 δύναμις
1857 2834 2067 2910 ψυχῆς,

417 2914 790 3004 ήκαλουμένη
850 2924 1071 3004 φυτική,
1112 2922 1230 2992 ἥτις
1280 2922 1491 3003 λέγεται
1542 2922 1799 3001 θρεπτικῆ
1836 2922 1923 2977 καὶ
1968 2925 2067 3004 F5"

2168 2025 2333 2098 estis,
2365 2025 2410 2084 si
2435 2022 2677 2102 diligitis
2704 2039 2805 2083 vos
2831 2022 3103 2083 invicem.
3129 2020 3312 2083 Vides
3330 2021 3545 2082 iterum
3566 2018 3725 2100 quod
3747 2036 3820 2081 ex

2165 2121 2366 2174 mutuo
2388 2131 2595 2173 amore
2630 2112 2877 2172 discitur
2908 2129 3075 2171 amor
3105 2128 3245 2189 erga
3287 2110 3614 2189 Christum,
3639 2108 3722 2169 ita
3756 2121 3822 2173 ut

2166 2202 2352 2262 simus
2385 2200 2512 2279 ejus
2536 2199 2811 2280 discipuli
2833 2208 2891 2261 et
2920 2199 3119 2261 amici.
3155 2199 3421 2261 Observa
3442 2210 3642 2259 autem
3674 2214 3819 2277 quo-

2168 2289 2343 2353 modo
2375 2308 2583 2351 omnes
2610 2292 2823 2351 animae
2854 2289 3095 2350 virtutes
3118 2290 3504 2351 enumerarit.
3529 2288 3637 2350 Est
3655 2284 3816 2346 enim

2170 2380 2350 2440 virtus
2386 2379 2597 2439 anima;
2636 2378 2927 2453 animalis,
2963 2396 3140 2458 quam
3172 2378 3433 2439 insinuat
3461 2377 3604 2439 dum
3642 2374 3810 2449 dicit,

2165 2488 2231 2531 ex
2254 2479 2375 2531 tota
2392 2468 2614 2531 anima.
2641 2471 2791 2529 lram
2810 2467 2969 2529 enim
2986 2476 3043 2529 et
3060 2467 3606 2549 concupiscentiam
3634 2473 3813 2529 totam

2162 2559 2468 2620 dilectioni
2492 2558 2596 2619 Dei
2632 2557 2757 2618 dari
2775 2557 2919 2618 vult.
2941 2557 3239 2620 Estetiam
3260 2557 3376 2619 alia
3400 2555 3818 2618 virtusanima':

2163 2667 2293 2729 quae
2322 2648 2539 2709 dicitur
2559 2647 2860 2723 nutritiva,
2896 2665 2965 2709 ea
2996 2656 3085 2709 est
3107 2660 3167 2709 et
3198 2648 3529 2728 plantarum
3558 2668 3571 2709 :
3603 2664 3734 2727 quae
3759 2654 3811 2705 et

2158 2739 2285 2818 ipsa
2309 2757 2545 2818 quoque
2572 2737 2694 2798 Deo
2728 2744 2850 2799 tota
2870 2743 2961 2798 est
2987 2736 3205 2799 danda.
3229 2736 3331 2799 Est
3364 2736 3611 2817 insuper
3641 2734 3817 2798 ratio-

2157 2828 2304 2889 nalis
2328 2827 2618 2909 vis,quam
2645 2826 2971 2887 nominavit
2990 2827 3083 2887 lex
3100 2822 3814 2907 intelligentiamﬂmnes

2154 2917 2335 2993 igitur
2364 2918 2577 2977 animae
2609 2916 2849 2976 virtutes
2883 2916 3156 2979 charitati
3189 2916 3513 2978 offerenda;
3543 2921 3702 2977 sunt.

418 3003 630 3077 ξητική.
692 3006 796 3070 Καὶ
826 3000 1022 3080 ταύτην
1055 3000 1143 3070 οὖν
1185 3000 1365 3072 δοτέον
1419 3000 1687 3087 ὅληνγτῴ
1744 3015 1884 3085 Θεῷ,
1942 3000 2107 3067 ’Ἐστι
2163 3007 2215 3063 δὲ
2274 3009 2361 3063 καὶ
2405 3010 2439 3076 ἡ
2484 3006 2676 3085 λογικὲ⁸
2717 3005 2954 3086 δύναμις,
3007 3008 3074 3076 ἢν
3117 3009 3392 3083 ὠνόμασεν
3425 3011 3452 3064 ὁ
3482 3006 3644 3083 νόμος
3689 3004 3809 3063 διά-

417 3116 583 3155 νοιαν.
613 3098 795 3164 Πάσας
826 3100 1119 3168 τοίνυνντᾶς
1149 3103 1247 3172 τῆς
1280 3109 1466 3184 ψυχῆς
1511 3100 1756 3178 δυνάμεις
1789 3098 2069 3157 ἀναθετέον
2098 3103 2167 3174 τῇ
2200 3097 2404 3173 ἀγάπῃ,

505 3208 529 3241 ι
589 3184 696 3249 Καὶ
745 3189 1046 3271 ἀποκριθεὶς
1118 3196 1146 3251 6
1205 3191 1408 3262 Ἰησοῦς
1467 3191 1641 3270 ἔλεγε,
1689 3188 1947 3247 διδάσκων
2012 3189 2065 3244 ὲν

2231 3184 2411 3247 Vsus.
2451 3185 2778 3248 35-40.aEt
2803 3185 3178 3266 respondens
3206 3188 3380 3249 Jesus
3410 3185 3669 3267 dicebat,
3702 3186 3803 3250 do-

418 3283 494 3351 τῷ
546 3278 695 3359 ἱερῷ,
728 3279 849 3346 Πῶς
880 3280 1123 3361 λέγουσιν
1167 3286 1214 3340 οἱ
1272 3290 1614 3363 Γραμματεῖς
1646 3279 1725 3337 ὅτι
1757 3282 1784 3337 6
1818 3281 2065 3358 Χριστὸς,

419 3367 529 3431 υἱός
572 3366 681 3425 ἐστι
745 3368 902 3428 Δαόίδ
931 3392 947 3453 ς
1008 3376 1163 3438 αὐτὸς
1216 3376 1315 3453 γὰρ
1350 3372 1507 3430 Δαϐὶδ
1535 3373 1690 3430 εἶπεν
1721 3370 1775 3427 ἐν
1804 3370 2066 3444 Πνεύματι

419 3457 554 3544 ᾇγίφ
586 3475 599 3488 ’
668 3460 836 3518 Εἶπεν
878 3465 906 3519 δ
958 3464 1148 3543 Κύριος
1206 3470 1284 3539 τῷ
1353 3463 1531 3544 Κυρίῳ
1599 3485 1720 3538 μου,
1782 3459 1959 3521 Κάθου
2010 3459 2067 3514 ἐκ

417 3542 599 3612 δεξιῶν
640 3571 764 3622 μου,
813 3550 913 3615 ἕως
956 3542 1135 3612 avos.
1177 3556 1298 3618 τοὺς
1340 3542 1562 3635 ἐχθρούς
1633 3573 1726 3609 σου
1782 3547 2068 3606 ὑποπόδιον

414 3641 518 3693 τῶν
576 3637 750 3695 ποδῶν
810 3663 923 3703 σου.
986 3644 1152 3709 Αὐτὸς
1195 3646 1283 3702 οὖν
1334 3642 1493 3701 Δαὸιδ
1548 3641 1692 3720 λέγει
1737 3641 1892 3697 αὖτὸν
1950 3638 2064 3700 Κύ-

413 3749 552 3801 ριον,
601 3732 688 3785 καὶ
731 3732 891 3788 πόθεν
938 3735 1047 3798 υίὸς
1092 3735 1251 3791 αὐτοῦ
1298 3735 1407 3792 ἐστι
1442 3752 1457 3811 ;
1492 3732 1596 3795 Καὶ
1627 3734 1654 3788 ὃ
1698 3728 1860 3793 πολὺς
1896 3728 2064 3808 ὄχλος

408 3816 596 3883 ἤκουεν
654 3824 812 3881 αὒτού
852 3820 1046 3890 ἡδέως.
1108 3823 1213 3887 Καὶ
1271 3823 1449 3904 ἔλεγεν
1517 3822 1698 3885 αὐτοῖς
1758 3821 1812 3877 ἐν
1870 3826 1938 3896 τῇ
1980 3818 2064 3875 δι-

407 3903 555 3987 δαχῇ
606 3913 765 3970 αὐτοῦ
799 3931 812 3944 “
876 3912 1108 3971 Βλέπετε
1178 3915 1286 3972 ἀπὸ
1343 3903 1449 3972 τῶν
1506 3911 1892 3993 Γραμματέων,
1954 3910 2059 3965 zth

402 3994 666 4054 θελόντων
725 4000 778 4058 ἐν
822 4002 1045 4068 στολαῖς
1101 4018 1437 4085 περιπατεῖν,
1498 4004 1586 4060 καὶ
1642 4001 1956 4076 ἀσπασμοὺς
2009 3998 2061 4053 ἐν

405 4085 527 4151 τᾶτς
600 4090 851 4170 ἀγοραῖς,
911 4093 1011 4150 παῖ
1060 4094 1514 4175 πρωτοκαθεδρίας
1575 4092 1629 4149 ἐν
1671 4103 1793 4156 ταῖς
1824 4112 2064 4165 συναγω-

407 4189 557 4254 γαῖς,
618 4180 706 4236 καὶ
789 4182 1176 4262 πρωτοκλισίας
1234 4183 1288 4241 ἐν
1346 4198 1463 4251 τοῖς
1523 4182 1776 4257 δείπνοις,
1838 4182 1886 4236 οἱ
1926 4201 2060 4234 κατ-

406 4268 665 4335 εσθίοντες
711 4271 805 4336 τὰς
864 4274 1031 4339 οἰκίας
1092 4277 1196 4331 τῶν
1241 4274 1457 4355 χηρῶν,
1502 4276 1589 4331 καὶ
1632 4270 1891 4352 προφάσει
1950 4291 2059 4343 μκ-

408 4357 510 4435 κρὰ
594 4360 1039 4442 προσευχόμενοι,
1132 4363 1274 4421 οὗτοι
1354 4362 1616 4441 λήψονται
1691 4358 2062 4439 περισσότερον

403 4461 598 4524 κρῖμα.
657 4472 681 4508 ι
748 4450 967 4523 Ἐπειδὴ
1022 4454 1155 4534 πρὸς
1196 4456 1258 4511 τὸ
1315 4446 1481 4517 πάθος
1542 4450 1762 4530 ἔμελλεν
1814 4448 2057 4529 ἔρχεσθαι

403 4539 432 4593 6
488 4536 704 4619 Κύριος,
752 4539 1045 4621 διορθοῦται
1103 4545 1201 4612 τὴν
1254 4543 1676 4621 πεπλανημένην
1720 4546 1826 4599 τῶν
1874 4547 2055 4617 Γραμ-

480 4655 793 4722 951mm.
827 4676 910 4740 Iv,
942 4663 1003 4727 5.
1090 4662 1161 4714 96
1189 4665 1360 4730 Joan.
1392 4681 1512 4745 xw,
1542 4664 1639 4728 15.

2152 3294 2295 3337 cens
2322 3275 2381 3336 in
2410 3276 2629 3356 templo
2660 3296 2673 3340 :
2708 3276 3015 3348 Quomodo
3033 3275 3238 3337 dicunt
3261 3274 3487 3338 Scriba;
3503 3275 3803 3339 Christum

2151 3384 2283 3427 esse
2317 3366 2501 3427 tilium
2535 3365 2765 3427 David?
2796 3384 2931 3426 nam
2964 3365 3093 3445 ipse
3143 3365 3326 3429 David
3376 3365 3529 3427 dixit
3575 3366 3805 3429 alllatus

2153 3454 2375 3535 Spiritu
2435 3463 2638 3517 sancto
2694 3477 2706 3517 :
2767 3454 2925 3518 Dixit
2970 3454 3258 3517 Dominus
3303 3454 3557 3518 Domino
3613 3474 3798 3516 meo:

2152 3546 2308 3607 Sede
2336 3564 2371 3607 a
2401 3545 2624 3607 dextris
2659 3544 2827 3622 mihi,
2858 3545 3049 3607 donec
3072 3562 3325 3626 posuero
3355 3543 3635 3608 inimicos
3671 3554 3803 3607 tuos

2150 3634 2470 3696 scabellum
2510 3635 2721 3714 pedum
2758 3643 3013 3697 tuorum.
3049 3635 3181 3715 lpse
3224 3653 3359 3713 ergo
3412 3633 3594 3696 David
3638 3643 3806 3696 vocat

2151 3744 2283 3786 eum
2318 3724 2658 3797 Dominum,
2695 3734 2751 3784 et
2780 3724 2939 3785 unde
2972 3724 3129 3786 ﬁlius
3159 3725 3292 3805 ejus
3324 3724 3464 3787 est?
3496 3725 3571 3787 Et
3600 3724 3800 3805 plera-

2151 3834 2265 3896 que
2297 3816 2467 3876 turba
2489 3813 2767 3876 audiebat
2794 3813 2961 3875 illum
2992 3814 3271 3879 libenter.
3306 3816 3381 3878 Et
3411 3814 3645 3877 dicebat
3684 3814 3800 3875 illis

2148 3904 2209 3964 in
2242 3903 2508 3965 doctrina
2533 3923 2637 3964 sua
2665 3924 2677 3966 :
2714 3903 2924 3965 Cavete
2945 3922 2978 3965 a
3009 3902 3256 3978 Scribis,
3292 3903 3393 3986 qui
3424 3910 3624 3965 amant
3644 3903 3799 3965 infu-

2148 3994 2245 4054 lali
2276 3993 2758 4073 obambulare,et
2781 4002 2981 4055 amant
3001 3994 3387 4057 salutationes
3414 3993 3477 4055 in
3497 3993 3799 4073 foris,pri-

2149 4103 2392 4164 masque
2415 4085 2666 4145 sellasin
2690 4084 3277 4163 congregationibus,
3305 4091 3363 4146 et
3384 4084 3608 4165 primos
3626 4103 3801 4145 accu-

2148 4175 2303 4235 bitus
2336 4174 2395 4234 in
2430 4176 2635 4248 caenis,
2673 4173 2773 4253 qui
2822 4174 3109 4235 devorant
3138 4174 3345 4235 domos
3374 4174 3707 4254 viduarum,
3743 4182 3802 4235 et

2149 4263 2259 4327 sub
2295 4273 2575 4344 praetextu
2601 4263 2807 4342 longas
2834 4264 3059 4324 faciunt
3086 4282 3296 4344 preces
3329 4285 3342 4322 :
3372 4264 3467 4325 isti
3498 4264 3798 4345 accipient

2146 4354 2474 4433 graviorem
2502 4354 2965 4415 damnationem.
3016 4376 3038 4411 η
3076 4353 3226 4425 Quia
3256 4352 3528 4416 Christus
3557 4353 3631 4415 ad
3659 4374 3798 4434 pas-

2145 4444 2376 4505 sionem
2407 4460 2757 4504 accessurus
2782 4450 2932 4522 erat,
2974 4441 3216 4521 corrigit
3256 4442 3421 4521 prius
3450 4440 3794 4522 opinionem

2144 4532 2483 4596 Scribarum
2514 4549 2852 4607 erroneam,
2888 4530 2989 4611 qui
3021 4530 3479 4612 suspicabantur
3498 4529 3796 4595 Christum

1488 4790 1569 4853 Ex
1602 4790 1923 4855 collatione
1956 4781 2131 4845 codd.
2168 4780 2382 4841 Venet.
2408 4774 2471 4839 S.
2506 4773 2707 4838 Marci.

483 4902 616 4986 (81)
644 4905 789 4993 Cod.
824 4907 950 4993 26.:
1008 4899 1283 4993 ’Ἔρχεται
1330 4911 1415 4993 ἐπι
1469 4911 1572 4993 τὰῃ
1593 4919 1812 4969 τοιαῦτα
1843 4910 2053 4992 ἐρωτή-

2160 4902 2230 4993 i_it
2285 4900 2358 4993 ad
2420 4899 2546 4993 Ι]ξο
2604 4896 3050 4993 interroganda,
3081 4896 3296 4990 .dicit:
3351 4899 3545 4993 Audi,
3567 4898 3794 4993 'Isfnel,

404 4979 829 5074 ματα,’3ησὶν,
879 4979 1170 5074 imaeue,"
1212 4990 1454 5074 Ἰσραὴλ,
1528 4991 1720 5074 Κύριος
1812 4979 1882 5050 δ’
1925 4993 2055 5074 Θεὸς

398 5068 572 5143 ὑμῶν,
611 5068 811 5155 Κύριος
869 5071 953 5137 εἶς
1009 5072 1175 5155 ἐστιν,
1210 5068 1483 5155 Ἐμφαίνει
1529 5072 1582 5129 δὲ
1614 5068 1699 5131 καὶ
1746 5080 1902 5129 τοῦτο
1961 5073 2054 5134 τὰς

400 5159 545 5234 τρεῖς
606 5149 915 5234 ὑποστάσεις
974 5154 1062 5209 καὶ
1117 5153 1217 5221 την
1274 5149 1399 5230 μίαν
1455 5155 1605 5234 φύσιν
1635 5161 1731 5223 τῆς
1777 5158 2053 5223 θεοτητος,

400 5228 472 5315 Τὸ
503 5230 601 5307 γὰρ
631 5227 825 5315 Ιξύριος
855 5233 943 5315 καὶ
989 5235 1051 5290 τὸ
1106 5237 1134 5291 6
1184 5227 1337 5315 Θεὸς,
1384 5227 1478 5291 καὶ·
1515 5234 1665 5298 αὖθις
1719 5238 1781 5315 τὸ
1836 5234 2053 5312 Κύριος,

400 5314 508 5365 τῶν
552 5310 711 5387 τριῶν
754 5313 1055 5391 προσώπων
1111 5317 1208 5372 εἶσὶ
1256 5310 1527 5383 δηλωτικά
1563 5336 1575 5349 ⁶
1628 5318 1688 5372 τὸ
1720 5310 1928 5391 ’δέ-εἷς,
1957 5321 2054 5381 τῆς

394 5395 524 5474 tua}
571 5387 807 5474 ιριίνξεως.⁷
858 5390 962 5454 Καὶ
1005 5394 1198 5474 ἑτέρως
1248 5394 1303 5452 δὲ
1353 5398 1571 5465 σύνηθες
1625 5409 1746 5462 τοῖς
1794 5387 2053 5472 Ἑϐραίοις

388 5471 424 5537 ἡ
465 5468 827 5558 ἀναδίπλωσις
868 5481 984 5558 τοῦ,
1045 5468 1259 5556 Κόριος,
1310 5476 1528 5558 Κύριος,
1585 5480 1746 5555 καὶξιὸ
1809 5468 1963 5545 Θεὸς,
2028 5480 2054 5531 6

391 5551 545 5637 Θεὸς,
592 5550 691 5637 Αδιά
746 5556 845 5622 τὴν
899 5550 1199 5637 ὑπεροχήν,
1248 5550 1417 5615 Marc":
1500 5550 1653 5616 τοῦτο
1677 5550 2051 5637 ξξγὲγραπται,

2142 4983 2441 5045 Dominus
2471 4981 2629 5041 Deus
2660 4986 2879 5058 vester,
2919 4978 3211 5041 Dominus
3241 4997 3401 5042 unus
3423 4978 3539 5044 est.
3566 4978 3800 5042 Iudicat

2143 5081 2281 5124 vero
2344 5070 2401 5121 et
2458 5062 2568 5122 hoc
2628 5068 2748 5119 tres
2806 5076 3116 5136 personas,
3183 5068 3240 5121 et
3286 5078 3464 5122 unam
3526 5067 3797 5123 naturam

2141 5143 2407 5205 Deitatis.
2448 5139 2612 5212 Quod
2648 5139 2805 5199 enim
2836 5138 3073 5220 dicitur,
3105 5140 3401 5204 Dominus
3435 5147 3494 5203 et
3520 5141 3706 5212 Deus,
3742 5151 3802 5204 et

2143 5227 2355 5287 iterum
2396 5222 2711 5300 Dominus,
2754 5228 2879 5281 tres
2931 5238 3216 5300 personas
3262 5222 3605 5302 signiﬁcat:
3663 5242 3797 5284 cum

2142 5314 2379 5375 additur
2408 5329 2589 5384 unus,
2631 5327 2745 5372 una
2777 5317 2983 5371 natura
3014 5310 3347 5373 denotatur.
3385 5311 3542 5374 Alias
3570 5320 3797 5385 autem,

2140 5393 2451 5456 familiaris
2475 5400 2561 5454 est
2582 5390 2847 5452 Hebraeis
2873 5390 3260 5471 reduplicatio
3287 5392 3443 5455 haec:
3480 5392 3619 5453 Dom
3635 5398 3798 5467 inus,

2140 5475 2463 5537 Dominus.
2498 5480 2556 5534 et
2587 5473 2762 5544 Deus,
2810 5471 2997 5546 Deus,
3046 5472 3117 5532 ad
3156 5474 3570 5535 excellentiam
3605 5476 3801 5535 deno-

2140 5555 2404 5617 tandam.
2437 5556 2652 5615 Postea
2700 5551 2989 5630 scriptum
3044 5559 3155 5628 est,
3210 5554 3443 5634 Diliges
3472 5553 3801 5617 Dominum

384 5629 723 5717 tavit-deft:
809 5634 898 5717 καὶ
981 5629 1174 5717 Κύριον
1262 5641 1352 5696 τὸν
1431 5640 1562 5697 Θεόν
1622 5629 1757 5716 σου,
1809 5629 1914 5695 ’καὶ
1987 5629 2053 5694 τὰ

2160 5637 2337 5698 Deum
2370 5643 2564 5707 tuum,
2616 5641 2673 5717 et
2718 5651 2848 5713 quae
2886 5642 3235 5713 sequuntur.
3282 5629 3413 5698 Hoc
3436 5638 3710 5716 primum
3743 5641 3805 5695 et

389 5710 533 5778 ἑξῆς.
583 5712 728 5781 Αὕτη
773 5715 959 5797 πρώτη
976 5710 1079 5795 ⁶καῖ
1110 5717 1323 5799 μεγάλη
1354 5719 1570 5796 ἐντολὴ,
1604 5742 1661 5781 κ.
1692 5710 1744 5785 τ’.
1780 5720 1834 5781 λ.
1874 5744 1895 5776 ι
1939 5718 2050 5780 Ve-

2160 5733 2428 5797 nagnum
2462 5710 2819 5779 mandatum
2850 5710 3021 5792 est,'»
3055 5723 3168 5778 etc.

468 5818 553 5899 (a)
583 5818 648 5884 In
683 5820 827 5887 edit.
862 5824 994 5890 Lut.
1036 5823 1295 5891 desunt:
1335 5827 1554 5905 Deum,
1589 5834 1645 5893 et
1674 5825 2003 5893 secundum
2029 5821 2264 5887 simile.
