4232 6448
425 331 535 399 631
1428 337 1532 398 ΤΗ
1542 330 2026 398 EOPHYLACTI
2072 330 2482 396 BULGARI/E
2528 329 2884 397 ARCHIEP.
3714 327 3834 392 632

428 485 562 530 esse
595 467 779 532 lilium
812 468 1018 546 David,
1041 470 1146 532 sed
1180 487 1298 531 non
1330 467 1670 530 Dominum.
1705 467 2088 529 Demonstrat

2176 463 2383 538 ματέων
2438 463 2614 546 δόξαν,
2688 464 3175 542 ὑπολαμϐανόντων
3259 465 3347 520 τὸν
3408 467 3633 538 Χριστὸν
3690 462 3832 518 εἶναι

428 557 610 637 igitur
639 577 705 620 se
736 559 919 621 Deum
957 578 1026 621 ex
1057 559 1206 639 ipsis
1231 558 1413 620 David
1444 557 1638 618 verbis
1674 575 1686 620 :
1718 564 1774 618 et
1806 575 1923 616 non
1947 553 2087 614 sim-

2176 555 2278 610 υἱὸν
2323 563 2414 612 τοῦ
2460 553 2640 635 Δαϐὶδ,
2687 554 2810 612 ἀλλ’
2853 555 2977 636 οὗχὶ
3025 555 3222 634 κύριον,
3257 551 3618 610 Ἀποδιίκνυσι
3665 552 3834 608 τοίνυν

431 631 689 727 pliciter,
724 647 828 709 sed
869 631 1153 721 deterret,
1186 666 1256 709 eo
1287 647 1442 728 quod
1471 646 1633 725 dicit,
1678 672 1700 702 ιι
1740 645 1942 706 Donec
1977 662 2084 722 po-

2176 645 2359 703 ἑαυτὸν
2405 647 2558 719 Θεὸν,
2703 647 2874 702 αὐτῶν
2919 631 3034 701 ’τῶν
3081 631 3172 700 τοῦ
3222 641 3380 699 Δαϐὶδ
3435 643 3713 728 ῥημάτων,
3747 631 3833 696 καὶ

429 721 606 798 suero
638 736 916 798 inimicos
951 743 1081 797 tuos
1112 721 1438 798 scabellum
1489 721 1702 817 pedum
1755 721 2016 794 tuorum.
2056 758 2080 785 ι)

2176 737 2276 813 οὐχ
2323 733 2528 808 ἁπλῶς,
2576 733 2697 791 ἀλλ’
2734 733 2973 815 ἐκφοϐῶν
3018 732 3104 790 διὰ
3145 739 3238 789 τοῦ
3269 732 3466 812 λέγειν,
3528 753 3551 786 α
3590 721 3744 793 ’Ἕως
3772 731 3832 785 ἂν

431 826 576 887 Nam
612 823 722 904 ipsi
757 825 1000 886 omnino
1036 833 1205 887 erant
1237 825 1464 886 inimici
1515 823 1670 905 ejus,
1703 842 1850 904 quos
1897 822 2090 902 posuit.

2176 827 2245 881 θῶ
2302 825 2425 888 τοὺς
2477 825 2702 904 ἐχθροὺς
2757 847 2849 881 σου
2904 822 3198 881 ὑποπόδιον
3259 823 3366 879 τῶν
3425 821 3601 878 ποδῶν
3646 843 3763 883 σου,
3804 843 3826 874 ι

428 912 585 975 Deus
617 913 792 976 Pater
821 915 1151 977 scabellum
1187 915 1404 996 pedum
1433 915 1672 978 Christi.
1707 913 1856 976 Vide
1885 917 2082 974 autem

429 1012 488 1065 et
542 1005 840 1085 quomodo
891 1006 1241 1085 interroget.
1299 1009 1428 1069 Non
1481 1005 1641 1066 enim
1697 1003 1881 1064 dixit:
1936 1002 2083 1074 Quid

427 1092 596 1154 vobis
625 1095 863 1155 videtur
883 1095 962 1157 de
994 1115 1112 1170 me,
1152 1096 1283 1169 sed,
1329 1095 1404 1157 de
1447 1096 1678 1158 Christo
1702 1100 1728 1154 ?
1761 1099 1829 1158 Et
1866 1096 1939 1156 ita
1971 1109 2087 1153 non

431 1184 779 1263 perstringit
832 1203 958 1246 eos.
1006 1184 1078 1246 Et
1126 1204 1320 1265 neque
1373 1186 1616 1266 potestis
1681 1185 1826 1245 mihi
1883 1183 2087 1244 dicere

432 1273 592 1354 quod
619 1273 845 1354 absque
866 1275 1089 1354 Spiritu
1115 1276 1222 1336 hoc
1242 1275 1455 1336 dixerit
1476 1275 1679 1353 David,
1708 1273 1811 1335 sed
1837 1273 2090 1352 Spiritus

431 1367 622 1428 sancti
652 1367 850 1429 afﬂatu
899 1369 1045 1430 dixit
1093 1387 1228 1431 eum
1283 1369 1620 1443 Dominum,
1657 1369 1712 1428 itl
1768 1375 1857 1428 est
1899 1376 2090 1426 n'uatus

431 1456 620 1535 gratia
648 1456 924 1538 Spiritus.
973 1457 1278 1530 Quomodo
1311 1476 1450 1537 ergo
1483 1457 1753 1520 Christus
1796 1456 1952 1518 [ilius
1996 1464 2086 1516 est

2172 915 2328 970 Αὐτοὶ
2370 911 2424 969 δὲ
2472 916 2683 979 πάντως
2737 915 2875 980 ἦσαν
2936 916 2984 969 οἱ
3040 913 3223 994 ἐχθροὶ
3285 913 3465 986 αὐτοῦ,
3511 911 3598 974 οῧς
3649 909 3835 977 ἔθηκεν

2173 1005 2200 1058 6
2256 1005 2384 1067 Θεὸς
2436 1005 2523 1060 καὶ
2581 1004 2763 1081 Πατὴρ
2847 1000 3134 1060 ὑποπόδιον
3192 1009 3296 1059 τῶν
3353 1001 3527 1058 ποδῶν
3572 1013 3664 1062 τοῦ
3695 1011 3832 1078 Χρι-

2173 1104 2319 1155 στοῦ,
2383 1087 2538 1169 "Op:
2566 1091 2620 1150 δὲ
2650 1095 2738 1150 γαὶ
2768 1095 2884 1156 πῶς
2927 1093 3122 1166 ἐρωτᾷ.
3167 1096 3240 1152 Οὐ
3270 1093 3370 1170 γὰρ
3423 1093 3572 1166 εἶπε,
3606 1095 3664 1152 Τί
3705 1094 3834 1166 ὑμῖν

2172 1186 2322 1243 δοκεῖ
2374 1185 2492 1261 περὶ
2552 1182 2703 1262 ἐμοῦ,
2759 1181 2920 1256 ἀλλὰ,
2967 1185 3086 1263 περὶ
3119 1189 3214 1239 τοῦ
3255 1189 3530 1262 Χριστοῦ;
3575 1182 3712 1238 ὥστε
3758 1181 3834 1255 μὴ

2173 1270 2373 1340 πλῆξαι
2409 1274 2614 1338 αὒτούς.
2648 1271 2796 1329 Ἀλλ’
2831 1271 2947 1330 οὖδέ
2996 1272 3152 1352 ’ἐχετέ
3196 1293 3285 1348 μοι
3338 1273 3510 1327 εἰπεῖν
3543 1271 3621 1329 ὅτι
3666 1273 3833 1351 χωρὶς

2173 1369 2266 1418 τοῦ
2300 1364 2605 1438 Πνεύματος
2635 1370 2788 1420 τοῦτο
2818 1363 2975 1419 εἶπεν
3020 1365 3047 1418 6
3098 1359 3278 1436 Δαϐὶδ,
3339 1360 3454 1418 ἀλλ’
3487 1360 3542 1416 ἐν
3572 1363 3831 1436 Πνεύματι

2174 1451 2423 1509 ἐκάλεσεν
2483 1454 2640 1511 αὐτὸν
2703 1459 2914 1532 Κύριον,
2973 1451 3238 1530 τουτέστι,
3297 1457 3364 1528 τῇ
3393 1459 3484 1509 τοῦ
3528 1449 3831 1524 Πνεῦματος

434 1543 639 1619 David,
667 1563 740 1606 an
768 1565 883 1608 non
919 1548 1204 1609 Dominus
1227 1549 1355 1626 ejus
1387 1557 1444 1608 et
1467 1547 1622 1609 Deus
1647 1547 1670 1608 1’
1695 1545 1894 1610 Turba
1911 1547 2088 1624 igitur

2176 1543 2476 1617 κινούμενος
2536 1541 2741 1621 χάριτι.
2829 1547 2950 1605 Πῶς
3027 1540 3115 1598 οὖν
3195 1543 3223 1597 6
3281 1542 3502 1619 Χριστὸς
3552 1539 3660 1602 υἱός
3724 1538 3832 1594 ἐστι

434 1633 715 1696 audiebat
748 1654 881 1696 eum
915 1636 1196 1699 libenter.
1233 1640 1303 1698 Et
1332 1636 1567 1698 dicebat
1611 1636 1838 1697 turbae:
1877 1636 2088 1697 Cavete

2176 1638 2262 1688 τοῦ
2339 1628 2519 1704 Δαϐὶδ,
2573 1629 2695 1686 ἀλλ’
2756 1631 2879 1711 οὖχὶ
2928 1631 3017 1688 καὶ
3073 1631 3252 1708 κύριος
3325 1633 3479 1688 αὺτοῦ
3523 1632 3608 1686 καὶ
3652 1629 3833 1708 Θεόςς

433 1743 470 1784 a
499 1723 745 1798 Scribis,
781 1725 880 1805 qui
914 1725 1354 1806 splendidiores
1384 1726 1584 1788 ferunt
1615 1725 1815 1797 stolas,
1853 1731 1910 1784 et
1943 1744 2049 1804 pro
2074 1757 2087 1767 -

2176 1711 2234 1778 Ὀ
2287 1720 2376 1776 οὖν
2407 1720 2574 1800 ὄχλος
2616 1719 2806 1788 ἤκουεν
2836 1723 2994 1778 αὐτοῦ
3023 1719 3218 1789 ἡδέως.
3275 1721 3368 1778 Καὶ
3402 1718 3583 1797 ἔλεγεν
3628 1734 3833 1786 αὐτοῖς,

436 1821 572 1894 pter
599 1812 732 1874 illas
763 1815 1026 1894 praeferri
1055 1816 1279 1897 volunt,
1307 1815 1811 1894 salutationesque
1845 1822 1902 1874 et
1933 1813 2089 1874 cele-

2176 1824 2290 1874 τοῖς
2353 1818 2443 1868 τοῦ
2484 1810 2655 1891 ὄχλου
2700 1812 2860 1890 φημὶ,
2892 1809 3222 1867 Φυλάττεσθε
3271 1811 3377 1866 ἀπὸ
3424 1811 3530 1867 τῶν
3575 1816 3835 1888 Γραμμα-

437 1901 684 1964 britates
725 1903 835 1964 fori
888 1903 1163 1984 probant,
1209 1914 1267 1967 et
1317 1906 1520 1986 gloriae
1569 1904 1846 1966 omnibus
1901 1904 2091 1964 modis

2176 1900 2332 1980 τέων,
2393 1907 2498 1956 τῶν
2557 1899 2750 1963 στολὰς
2815 1901 3118 1980 φορούντων
3204 1900 3546 1979 σεμνοτέρας,
3620 1901 3708 1956 καὶ
3778 1899 3838 1955 ἐκ

434 1992 678 2054 student
709 2009 724 2054 :
760 1994 856 2073 qui
890 2001 948 2056 et
978 1993 1191 2056 domus
1220 1995 1521 2057 viduarum
1574 1994 1914 2056 comedunt.
1951 1993 2090 2052 240

433 2080 596 2144 Clam
627 2083 784 2143 enim
815 2092 1111 2146 accedunt
1141 2084 1214 2146 ad
1266 2085 1550 2147 mulieres
1587 2083 1862 2165 praesidio
1899 2083 2086 2145 desti-

436 2176 611 2244 tutas,
634 2171 799 2250 quasi
851 2172 1084 2234 illarum
1141 2174 1320 2234 futuri
1375 2182 1602 2234 tutores
1633 2181 1691 2234 et
1743 2172 1971 2253 patroni
2034 2187 2091 2232 et

438 2267 720 2338 praetextu
752 2260 943 2340 longae
963 2264 1246 2324 orationis
1267 2271 1324 2324 et
1350 2263 1580 2345 pietatis
1603 2263 1800 2324 colore
1833 2270 1889 2322 et
1910 2261 2090 2322 simu-

438 2347 656 2410 latione
679 2347 982 2426 decipiunt
1028 2350 1450 2432 simpliciores,
1498 2352 1850 2412 devorantes
1882 2350 2091 2411 domos

437 2436 708 2500 divitum.
748 2438 836 2500 [lli
867 2439 1044 2518 igitur
1068 2441 1398 2519 graviorem
1429 2441 1724 2522 accipient
1760 2440 2088 2501 damnatio-

439 2545 602 2600 nem,
635 2547 810 2608 quam
847 2530 947 2590 alii
980 2531 1168 2592 Judaei
1203 2539 1543 2612 peccantes.
1601 2533 1884 2593 Potentes
1929 2529 2087 2590 enim

443 2618 739 2696 potentius
770 2620 1095 2696 punientur
1112 2622 1196 2682 9".
1225 2619 1466 2681 Interim
1497 2627 1555 2680 et
1583 2618 1881 2699 ap-‘Istulos
1913 2619 2090 2680 docet

442 2723 520 2768 ne
566 2706 735 2786 juxta
789 2708 1133 2770 Scribarum
1193 2728 1418 2770 morem
1470 2711 1690 2780 vivant,
1744 2708 1846 2770 sed
1900 2709 2088 2789 ipsum

442 2795 768 2857 imitentur.
813 2799 1096 2860 Doctores
1129 2801 1287 2861 enim
1337 2801 1468 2860 illos
1518 2801 1800 2860 ordinans
1830 2817 2089 2860 consen—

444 2899 684 2947 taneum
721 2894 868 2968 erat,
899 2895 962 2948 ut
993 2897 1048 2949 et
1083 2889 1220 2950 vita;
1249 2908 1372 2950 suae
1399 2889 1619 2950 faceret
1665 2888 2008 2948 imitatores.

2173 1989 2374 2046 τούτων
2449 1988 2710 2046 θελόντων
2817 1993 3192 2067 προτιμᾶσθαι,
3276 1991 3364 2046 καὶ
3453 1990 3570 2054 τοὺς
3654 1989 3834 2045 ἀσπα-

2173 2079 2338 2154 σμοὺς
2391 2076 2445 2134 δὲ
2516 2079 2604 2135 καὶ
2665 2079 2758 2144 τὰς
2829 2079 3090 2157 εὔφημίας
3153 2076 3568 2158 ἀποδεχομένων
3627 2077 3680 2133 ἐν
3710 2091 3833 2146 ταῖς

2174 2170 2422 2247 ἀγοραῖς,
2514 2170 2602 2225 καὶ
2677 2167 2776 2224 ὅσα
2834 2166 2971 2224 ἄλλα
3048 2170 3178 2247 πρὸς
3265 2166 3412 2234 δόξαν
3487 2167 3833 2233 ἐπιτηδευόν-

2173 2281 2304 2331 των,
2362 2259 2414 2314 ο’ἰ
2470 2259 2558 2315 καὶ
2632 2259 2728 2322 τὰς
2802 2257 2967 2321 οἰκίας
3019 2263 3125 2314 τῶν
3205 2263 3393 2338 χηρῶν
3450 2258 3832 2319 κατεσθίουσιν,

2179 2339 2603 2428 ἰ’πεισήρχοντο
2686 2348 2787 2425 γὰρ
2857 2348 2951 2409 τὰς
3022 2346 3473 2426 ἀπροστατεύτους
3549 2360 3833 2426 γυναῖκας,

2173 2439 2246 2501 ὡς
2301 2435 2452 2506 δῆθεν
2524 2437 2813 2516 προστάται
2886 2439 3057 2492 αῦτῶν
3126 2435 3392 2511 ἐσόμενοι,
3442 2438 3527 2492 καὶ
3579 2437 3835 2514 προφάσει

2173 2534 2268 2583 τοῦ
2325 2527 2500 2604 μακρὰ
2561 2526 2972 2606 προσεὺχεσθαι,
3035 2525 3122 2581 καὶ
3180 2526 3530 2604 προσχήματι
3564 2521 3835 2587 εῦλαϐείας

2174 2617 2264 2672 καὶ
2371 2616 2640 2695 ὑποκρίσει
2767 2615 3076 2678 ἀπατῶντες
3187 2615 3310 2677 τοὺς
3438 2611 3834 2694 ἀφελεστέρους,

2175 2705 2461 2774 κατήσθιον
2517 2706 2610 2767 τὰς
2672 2703 2836 2766 οἰκίας
2891 2704 2998 2758 τιῦν
3083 2702 3368 2766 πλουσίων,
3437 2706 3596 2759 Οὗτοι
3667 2702 3838 2758 τοίνυν

2177 2793 2547 2874 περισσότερον
2633 2794 3110 2872 κατακριθήσονται
3191 2798 3294 2849 τῶν
3350 2789 3526 2848 ἄλλων
3573 2789 3836 2849 Ἰουδαίων

2178 2887 2284 2942 τῶν
2345 2885 2779 2962 ἁμαρτανόντων.
2845 2883 3063 2937 Δυνατοὶ
3124 2884 3246 2962 γὰρ,
3321 2880 3552 2946 δυνατῶς
3605 2881 3834 2951 ἐτασθή-

443 2997 662 3033 σονται.
708 2967 867 3052 ’Ἀμα
927 2976 979 3032 δὲ
1031 2977 1114 3034 διὰ
1171 2981 1370 3035 τούτων
1455 2981 1542 3033 καὶ
1620 2980 1741 3040 τοὺς
1814 2977 2146 3042 ἀπόστολους
2225 2973 2455 3030 διδάσκει
2538 2975 2615 3048 μὴ
2673 2972 2809 3028 κατᾶ
2878 2971 2996 3034 τοὺς
3059 2977 3400 3049 Γραμματεΐς
3463 2970 3833 3027 πολιτεύεσθαι

442 3063 562 3120 ἀλλ’
617 3067 772 3122 αὐτόν
829 3070 1108 3141 μιμεῖσθαι
1121 3115 1132 3127 .

443 3157 661 3218 τίθεται,

526 3245 704 3307 Vens.
737 3245 959 3307 41-44.
989 3270 1008 3300 ε
1040 3245 1263 3307 Etcum
1290 3247 1532 3307 sederet
1556 3249 1728 3308 Jesus
1751 3263 1820 3308 ex
1847 3245 2091 3308 adverso
2113 3254 2154 3303 C

442 3333 867 3414 gazophylacii,
917 3335 1226 3413 spectabat
1271 3335 1569 3416 quomodo
1619 3335 1788 3397 turba
1841 3335 2098 3395 mitteret

445 3442 525 3486 aes
557 3424 616 3484 in
641 3425 1155 3505 gazophylacium,
1200 3433 1259 3486 et
1312 3426 1482 3486 multi
1524 3425 1735 3486 divites
1787 3424 2098 3486 mittebant

448 3512 631 3575 multa
663 3533 678 3572 :
727 3521 788 3574 et
815 3514 976 3575 venit
1022 3514 1294 3594 quaadam
1329 3514 1505 3575 vidua
1535 3533 1782 3596 pauper,
1819 3514 2097 3594 misitque

448 3602 674 3664 minuta
701 3603 841 3678 duo,
878 3605 1033 3684 quod
1067 3612 1154 3664 est
1184 3604 1506 3684 quadrans.
1539 3602 1890 3683 Vocatisque
1927 3604 2000 3664 ad
2033 3622 2096 3662 se

448 3691 762 3772 discipulis
791 3693 915 3753 suis
946 3691 1092 3753 dicit
1115 3692 1232 3752 illis
1267 3709 1280 3754 :
1315 3693 1503 3754 Amen
1538 3693 1670 3754 dico
1715 3692 1900 3768 vobis,
1936 3693 2093 3773 quod

445 3781 620 3844 vidua
652 3781 776 3842 haec
822 3800 1051 3862 pauper
1096 3781 1225 3861 plus
1275 3783 1455 3853 misit.
1510 3800 1688 3864 quam
1742 3800 1948 3842 omnes
1998 3786 2093 3861 qui

448 3869 742 3934 miserunt
774 3871 834 3932 in
887 3871 1396 3951 gazophylacium.
1453 3871 1597 3933 Nam
1647 3890 1856 3932 omnes
1905 3891 1971 3932 ex
2026 3891 2097 3932 eo

447 3959 602 4042 quod
638 3959 788 4040 ipsis
812 3977 1145 4040 supererat,
1183 3963 1474 4022 miserunt
1501 3980 1514 4024 :
1545 3969 1601 4022 at
1632 3961 1759 4022 bwc
1790 3979 1824 4022 θ
1846 3962 2092 4040 penuria

445 4065 554 4110 sua
584 4047 786 4110 omnia
832 4067 1201 4130 quaecunque
1233 4048 1489 4110 habebat
1523 4049 1701 4124 misit,
1739 4056 1917 4110 totam
1949 4049 2088 4110 sub--

1216 3067 1570 3130 Διδασκαίλονς
1643 3069 1741 3146 γὰρ
1832 3069 2016 3130 αὖτοὺς
2097 3069 2443 3145 μιροτονῶν,

2530 3064 2744 3127 εἰκότως
2804 3062 2893 3117 καὶ
2951 3063 3068 3139 περὶ
3125 3064 3219 3118 τοῦ
3273 3063 3386 3138 βίον
3445 3063 3625 3124 αὐτοῖς
3701 3064 3835 3117 ῦπο-

2267 3267 2290 3300 ιι
2331 3246 2430 3304 Καὶ
2486 3243 2701 3306 καθίσας
2760 3246 2787 3298 ὁ
2850 3242 3056 3310 Ἰησοῦς
3133 3241 3408 3298 κατέναντι
3465 3242 3558 3296 τοῦ
3612 3247 3839 3320 γαζοφυ-

2181 3333 2390 3409 λακίου,
2451 3331 2660 3410 ἐθεώρει
2721 3339 2833 3394 πῶς
2889 3335 2916 3388 ὁ
2977 3330 3144 3412 ὄχλος
3199 3329 3384 3406 βάλλει
3436 3328 3644 3409 χαλκὸν
3676 3331 3747 3393 είς
3780 3329 3839 3384 τὸ

2181 3422 2589 3503 γαζοφυλάκιον.
2654 3423 2754 3480 Καὶ
2811 3421 2999 3478 πολλοὶ
3057 3420 3298 3477 πλούσιοι
3363 3417 3584 3475 ἔϐαλλον
3640 3416 3835 3497 πολλὰ,

2183 3514 2269 3568 καὶ
2311 3511 2529 3568 ἐλθοῦσα
2573 3511 2666 3586 μία
2721 3512 2869 3591 χήρα
2925 3511 3124 3590 πτωχὴ
3181 3507 3368 3565 ἔϐαλλε
3419 3507 3585 3564 λεπτὰ
3641 3505 3753 3586 δύο,
3811 3509 3838 3562 ὃ

2180 3601 2291 3659 ἔστι
2336 3599 2652 3679 κοδράντης.
2718 3603 2814 3658 Καὶ
2870 3599 3368 3679 προσκαλεσάμενος
3441 3599 3562 3659 τοὺς
3600 3598 3838 3672 μαθητὰς

2181 3693 2361 3764 αὐτοῦ,
2409 3689 2554 3770 λέγει
2599 3692 2783 3754 αὐτοῖς
2817 3709 2829 3720 ·
2897 3687 3070 3764 Ἀμὴν
3114 3687 3256 3766 λέγω
3297 3689 3425 3762 ὑμῖν
3483 3687 3561 3743 ὅτι
3618 3689 3652 3753 ἡ
3689 3687 3841 3766 χήρα.

2181 3779 2314 3846 αὕτη
2372 3782 2406 3847 ἡ
2465 3780 2667 3860 πτωχὴ
2720 3777 2910 3835 πλεῖον
2969 3779 3184 3834 πάντων
3239 3775 3470 3853 βέϐληκε
3502 3783 3607 3832 τῶν
3650 3775 3838 3851 βαλόν-

2180 3893 2287 3927 των
2332 3871 2403 3934 εἰς
2453 3871 2514 3924 τὸ
2572 3867 2984 3948 γαζοφυλάκιον,
3047 3868 3247 3930 Πάντες
3308 3867 3407 3945 γὰρ
3437 3865 3498 3920 ἐκ
3527 3872 3617 3922 τοῦ
3649 3886 3839 3943 περισ-

2179 3960 2424 4024 σεύοντος
2485 3961 2667 4022 αὐτοῖς
2715 3955 2923 4027 ἔϐαλον,
2987 3957 3119 4023 αὕτη
3151 3955 3229 4036 δὲ,
3276 3955 3336 4010 ἐκ
3378 3955 3482 4017 τὼς
3512 3955 3840 4032 ὑστερήσεως

2177 4050 2365 4130 αὐτῆς,
2419 4049 2594 4106 πάντα
2661 4045 2760 4104 ὅσα
2807 4051 2964 4126 εἶχεν
3019 4043 3229 4118 ἔϐαλεν,
3291 4044 3415 4102 ὅλον
3455 4045 3552 4100 τὸν
3601 4044 3712 4119 βίον
3746 4045 3839 4099 αῦ-

446 4138 719 4200 stantiam
751 4156 942 4201 suam.
998 4163 1022 4197 »
1072 4138 1360 4201 Mirabilis
1403 4139 1670 4220 quaedam
1726 4138 2091 4200 consuetudo

2176 4141 2297 4205 τῆς.
2340 4162 2361 4194 ι
2428 4138 2742 4214 Θαυμαστόν
2775 4159 2822 4192 τι
2855 4136 2967 4198 ἔθος
3023 4137 3165 4214 παρὰ
3213 4147 3329 4194 τοῖς
3365 4131 3632 4195 Ἰουδαίοις
3677 4131 3839 4209 ἐκρά-

445 4226 604 4307 apud
635 4225 872 4290 Judaaos
895 4236 1042 4292 erat.
1068 4227 1181 4300 Qui
1211 4228 1368 4289 enim
1403 4219 1673 4308 poterant
1708 4237 1764 4289 et
1790 4227 2084 4292 volebant.

2177 4249 2279 4304 τει,
2339 4228 2478 4286 ὥστε
2535 4228 2656 4289 τοὺς
2749 4225 2978 4306 ἔχοντας
3056 4227 3144 4282 καὶ
3202 4222 3556 4302 βουλομένους
3627 4219 3840 4299 βάλλειν

447 4315 764 4380 mittebant
821 4323 880 4378 in
939 4317 1280 4379 thesaurum
1343 4319 1571 4400 templi,
1627 4319 1726 4400 qui
1779 4319 2092 4380 vocabatur

2181 4319 2252 4384 εἷς
2293 4320 2386 4374 τὸν
2444 4317 2499 4373 ἐν
2566 4322 2644 4390 τῷ
2699 4316 2822 4395 ἱερῷ
2870 4316 3133 4392 θησαυρὸν
3191 4318 3361 4388 (οὗτος
3437 4314 3536 4392 γὰρ
3596 4311 3844 4400 ἐκαλεῖτο

430 4407 953 4489 gazophylacium,
986 4425 1020 4468 e
1049 4428 1162 4488 quo
1214 4399 1553 4470 sacerdotes
1590 4416 1650 4472 et
1701 4425 1993 4490 pauperes
2042 4419 2092 4469 et

2181 4404 2621 4486 γαζοφυλάκιον),
2665 4407 2740 4467 ὡς
2775 4404 2838 4460 ἂν
2868 4407 2921 4462 οἳ
2951 4426 3008 4460 τε
3050 4407 3212 4481 ἱερεῖς
3241 4407 3328 4460 καὶ
3386 4407 3430 4458 οἱ
3474 4402 3698 4468 πένητες
3757 4399 3842 4455 καὶ

443 4495 639 4560 vidua;
685 4495 1016 4558 alebantur.
1072 4496 1339 4578 Cumque
1391 4497 1448 4558 id
1501 4499 1666 4559 multi
1710 4501 1990 4561 tacerent.
2043 4510 2092 4558 et

2181 4499 2234 4551 αἱ
2293 4497 2460 4576 χῆραι
2520 4494 2581 4551 ἐκ
2631 4496 2833 4551 τούτων
2903 4491 3283 4574 διατρέφοιντο.
3349 4491 3570 4550 Πολλῶν
3627 4491 3714 4547 οὖν
3782 4491 3841 4546 τὸ

440 4586 616 4648 vidua
647 4590 917 4657 accessit,
953 4605 1117 4648 suam
1148 4587 1508 4651 voluntatem
1541 4587 1852 4650 declarans
1886 4587 2092 4668 opibus

2181 4596 2388 4645 τοιοῦτο
2431 4585 2752 4665 ποιούντων,
2819 4585 2908 4640 καὶ
2965 4585 3113 4663 χήρα
3172 4583 3530 4659 προσελθοῦσα
3573 4586 3670 4648 τὴν
3716 4581 3840 4639 ἐαυ-

440 4674 959 4737 abundantiorem.
991 4675 1193 4740 Gloria
1224 4676 1352 4748 tibi,
1387 4676 1643 4748 Christe,
1690 4676 1792 4757 qui
1826 4684 1882 4738 et
1924 4696 2092 4757 parva

2181 4681 2279 4742 τῆς
2336 4675 2640 4754 προαίρεσιν
2696 4671 2994 4739 ἐπεδείξατο
3062 4674 3429 4753 εὐπορωτέραν
3511 4694 3610 4738 της
3685 4668 3841 4728 δυνά-

438 4762 699 4844 gratiora
729 4783 888 4846 saepe
909 4764 1093 4827 habes
1114 4783 1289 4846 quam
1325 4784 1557 4844 magna.
1584 4765 1796 4838 Quaeso
1828 4775 1892 4828 ut
1915 4766 2091 4828 etiam

2180 4787 2348 4841 μεως.
2412 4764 2546 4830 Δόξα
2577 4785 2682 4833 σοι,
2737 4764 2952 4843 Χριστὲ,
2998 4764 3055 4825 ὃς
3098 4765 3186 4819 καὶ
3231 4763 3295 4817 τὰ
3341 4764 3503 4838 μικρὰ
3547 4761 3684 4840 δέχῃ
3715 4761 3843 4836 ὑπὲρ

442 4871 576 4916 mea
602 4853 802 4916 anima
830 4854 1004 4916 vidua
1027 4854 1164 4916 talis
1196 4856 1292 4930 sit,
1328 4873 1459 4935 quae
1500 4855 1743 4936 abjiciat
1790 4854 2086 4924 Satanam,

2179 4856 2243 4910 τὰ
2286 4854 2496 4932 μεγάλα
2542 4851 2829 4918 πολλάκις.
2893 4853 3105 4910 Γένοιτο
3175 4855 3263 4908 καὶ
3323 4855 3418 4920 τὴν
3477 4852 3614 4927 ἐμὴν
3662 4851 3844 4930 ψυχὴν

439 4942 536 5005 cui
565 4943 837 5019 adhaesit,
866 4952 924 5006 et
954 4943 1149 5005 mittat
1186 4944 1245 5004 in
1295 4945 1637 5006 thesaurum
1689 4964 1920 5007 sacrum
1977 4947 2092 5006 duo

2179 4944 2357 5023 χήραν
2390 4941 2653 5021 γενέσθαι,
2686 4939 3065 4999 ἂποϐαλοῦσαν
3121 4943 3214 4997 τὸν
3273 4946 3538 5019 Σατανᾶν,
3671 4959 3841 5016 προσ-

442 5031 692 5106 minuta,
724 5049 964 5094 carnem
1018 5043 1077 5096 et
1130 5041 1413 5103 mentem.
1463 5034 1712 5115 ipsaque
1757 5035 2090 5114 imminuat,

2178 5030 2470 5111 εκολλήθη,
2531 5033 2619 5088 καὶ
2674 5029 2866 5108 βαλεῖν
2928 5033 3002 5096 είς
3076 5031 3166 5088 τόν
3244 5033 3382 5109 ἱερὸν
3440 5029 3702 5106 θησαυρὸν
3757 5024 3845 5088 δύο

439 5120 807 5182 continentia
837 5122 1082 5202 quidem
1107 5141 1374 5203 carnem,
1404 5123 1738 5185 humilitate
1759 5142 1897 5186 vero
1931 5144 2092 5188 men-

2176 5121 2372 5201 λεπτὰ,
2431 5121 2529 5189 τὴν
2588 5121 2758 5199 σάρκα
2810 5123 2900 5177 καὶ
2951 5122 3042 5176 τὸν
3100 5127 3241 5195 νοῦν,
3317 5118 3645 5176 λεπτύνασαν
3689 5116 3838 5196 αὔτα,

441 5216 584 5290 tem,
615 5218 680 5270 ut
708 5220 765 5271 et
809 5227 917 5290 ego
963 5211 1198 5273 audiam
1245 5211 1403 5292 quod
1445 5219 1624 5273 totam
1674 5232 1866 5275 meam
1917 5219 2089 5275 vitam

2176 5209 2257 5267 διὰ
2313 5215 2410 5277 τῆς
2455 5210 2760 5288 ἐγκρατείας
2817 5210 2916 5285 μὲν
2957 5210 3054 5277 τὴν
3108 5211 3302 5288 σάρκα,
3348 5208 3432 5264 διὰ
3491 5206 3546 5263 δὲ
3602 5211 3700 5273 τῆς
3743 5226 3843 5292 τα-

440 5298 843 5360 consecrarim
876 5301 1021 5373 Deo,
1058 5319 1177 5361 non
1207 5291 1414 5362 relicta
1456 5301 1572 5361 ulla
1621 5303 1975 5382 cogitatione
2003 5305 2092 5366 vel

2176 5301 2505 5374 πεινώσεως,
2564 5301 2657 5355 τὸν
2714 5307 2856 5374 νοῦν,
2914 5298 3008 5356 ’ίνα
3065 5300 3149 5356 καὶ
3199 5298 3308 5377 ἐγὼ
3355 5299 3567 5355 ἀκούσω
3595 5295 3675 5352 ὅτι
3720 5291 3842 5349 ὅλον

438 5385 756 5448 affectione
790 5387 929 5450 huic
965 5389 1213 5450 mundo.

2180 5414 2282 5467 μου
2309 5393 2402 5447 τὸν
2431 5391 2545 5466 βιον
2575 5391 2717 5468 ἱερὸν
2749 5389 3112 5466 ἐποιησάμην,
3169 5387 3314 5449 οὐδὲν
3343 5387 3637 5464 ὁπολείψας
3667 5383 3842 5458 νόημα

2182 5481 2218 5549 ἢ
2246 5480 2446 5556 κίρημα
2469 5487 2546 5553 τῷ
2589 5479 2798 5554 κόσμῳ.

511 5593 574 5643 9'7
600 5593 748 5676 Sap.
781 5611 864 5666 vr,
895 5597 959 5658 7.
