4232 6398
347 336 470 407 633

990 490 1243 548 ΚΕΦΑΛ,
1281 483 1368 547 η’.

356 570 481 647 Περὶ
549 576 647 639 τῆς
722 572 1042 636 συντελείας.
1110 574 1231 650 Περὶ
1283 578 1380 640 τῆς
1432 573 1636 654 ἡμέρας
1706 575 1792 631 καὶ
1839 574 2002 653 ὥρας.

445 684 473 714 ι
523 664 621 720 Καὶ
650 661 1068 743 ἐκπορευομένου
1117 666 1273 722 αὐτοῦ
1341 663 1402 720 ἐκ
1470 670 1563 720 τοῦ
1619 663 1789 743 ἱέροῦ,
1863 661 2005 741 λέγει

358 753 501 824 αὖτῷ
555 751 641 813 εἷς
699 757 804 808 τῶν
835 756 1086 829 μαθητῶν
1130 754 1308 809 αὒτοῦο
1362 750 1675 828 Διδάσκαλε,
1719 750 1802 808 ἴδε
1833 774 2006 810 ποτα-

359 844 447 899 ποὶ
518 841 672 923 λίθοι,
729 843 817 899 καὶ
873 844 1107 900 ποταπαὶ
1166 842 1460 919 οἰκοδομαί.
1544 845 1643 903 Καὶ
1722 846 1749 900 ὁ
1802 842 2005 911 Ἰησοῦς

353 931 655 1010 ἀποκριθεὶς
728 933 885 989 εἶπεν
928 932 1091 1007 αὐτῷ·
1128 932 1348 999 Βλέπεις
1393 934 1585 999 ταύτας
1626 934 1721 996 τὰς
1766 930 2004 1011 μεγάλας

348 1018 627 1096 οἰκοδομάς
663 1036 680 1096 ;
713 1022 772 1077 0-3
828 1023 905 1097 μη
960 1022 1127 1103 ἀφεθῇ
1169 1020 1311 1085 λίθος
1369 1022 1456 1079 ἐπὶ
1512 1021 1639 1095 λίθῳ
1703 1019 1761 1086 ὅς
1812 1023 1873 1078 οὐ
1928 1022 2006 1097 μὴ

346 1109 640 1188 καταλυθῇ,
705 1112 803 1169 Καὶ
876 1110 1178 1187 καθημένου
1252 1116 1409 1171 αὐτοῦ
1474 1114 1548 1177 εἷς
1619 1113 1680 1168 τὸ
1737 1110 1859 1190 ὅρος
1899 1118 2004 1167 τῶν

344 1197 596 1271 Ἐλαιῶν,
663 1199 942 1257 κατέναντι
1000 1210 1092 1261 τοῦ
1147 1202 1307 1281 ἱεροῦ,
1343 1201 1629 1281 ἐπηρώτων
1684 1202 1839 1257 αὒτὸν
1884 1198 2002 1257 κατ’

348 1286 479 1345 ἰδίαν
539 1290 733 1369 Πέτρος
779 1292 865 1346 καὶ
926 1287 1176 1355 Ἰάκωϐος
1258 1293 1344 1347 καὶ
1407 1288 1656 1357 ἰωσίννης
1715 1290 1804 1346 καὶ
1873 1288 2001 1346 Ἀν-

352 1379 526 1459 δρέας·
610 1381 735 1438 Εἰπὲ
795 1381 931 1455 ἡμῖν
981 1380 1113 1437 πότε
1169 1390 1331 1440 ταῦτα
1358 1381 1508 1439 ἔσται
1549 1397 1564 1457 ;
1610 1384 1695 1438 καὶ
1739 1382 1787 1439 τί
1816 1383 1876 1437 τὸ
1909 1404 2000 1447 ση-

355 1483 509 1541 μεῖον
562 1472 689 1527 ὃταν
758 1469 932 1549 μέλλῃ
995 1471 1159 1527 ταῦτα
1258 1469 1428 1528 πάντα
1517 1470 1881 1530 σ·.›ντελε“ισθαι
1916 1493 1931 1544 ;
1970 1496 1996 1525 ι

353 1559 572 1628 Ἐπειδὴ
628 1560 804 1618 πολλὰ
862 1562 979 1641 περὶ
1036 1564 1132 1629 της
1191 1564 1513 1639 ἱρημώσεως
1583 1563 1683 1629 τῆς
1714 1552 2002 1638 Ἰερουσα-

352 1648 467 1724 λὴμ
519 1648 699 1728 ἔλεγεν
755 1650 789 1708 ὅ
817 1652 1029 1732 Κύριος,
1076 1652 1178 1731 ὃτι,
1215 1649 1450 1732 Ἀφίεται
1483 1654 1510 1709 ὁ
1538 1665 1688 1717 οἶκος
1714 1653 1861 1727 ὑμῶν
1884 1650 2003 1731 ἔρη-

350 1762 475 1818 μος,
583 1743 629 1797 οἱ
713 1741 945 1817 μαθηταὶ
1031 1745 1187 1800 αὺτοῦ
1268 1743 1645 1817 θαυμάζοντες,
1722 1742 1899 1820 ὥσπερ
1960 1743 2003 1797 εἰ

1014 349 1461 413 ENARRATIO
1508 350 1589 413 IN
1636 346 2145 412 EVANGELIL'M
2195 347 2455 410 MARCI.
2512 381 2575 391 --
2625 348 2791 411 CAP.
2840 348 3009 410 XIII.

2028 502 2067 538 Α

3630 340 3746 406 634

2700 481 2946 547 CAPUT
2993 479 3123 543 XIII

2287 568 2371 629 De
2417 574 2976 635 consummatione.
3021 570 3105 633 Dc
3145 570 3243 633 die
3285 577 3342 633 et
3385 567 3561 632 hara.

2172 658 2353 727 Vens.
2390 667 2518 727 1-4.
2556 687 2578 720 α
2616 664 2689 727 Ει
2720 685 2856 728 cum
2889 666 3079 728 exiret
3109 665 3182 727 de
3213 664 3460 745 tomplo,
3494 661 3637 724 dicit
3657 659 3741 721 illi

2090 751 2332 831 quidam
2360 771 2393 815 θ
2414 754 2728 836 discipulis
2750 756 2908 817 illius
2940 776 2953 819 :
2990 758 3346 836 Praeceptor,
3377 751 3512 813 vide
3537 750 3743 830 quales

2090 839 2342 921 lapides,
2377 850 2435 903 et
2455 844 2661 923 quales
2678 844 3169 907 substructiones.
3208 845 3280 907 Et
3305 842 3332 906 .l
3343 861 3479 904 esus
3498 859 3742 920 respon-

2088 929 2258 1002 dens,
2292 933 2373 992 ait
2402 931 2489 995 illi
2525 953 2538 995 :
2573 932 2756 996 Vides
2803 935 2908 995 has
2956 952 3197 1012 magnas
3228 929 3743 994 substructiones?

2088 1019 2221 1081 Non
2270 1020 2647 1102 relinquetur
2698 1023 2847 1104 lapis
2904 1042 3086 1105 super
3136 1022 3422 1105 lapidem,
3468 1020 3569 1101 qui
3620 1037 3738 1080 non

2089 1106 2383 1172 diruatur.
2420 1109 2655 1174 Etcum
2707 1113 2947 1177 sederet
3002 1117 3060 1175 in
3120 1120 3321 1175 monte
3368 1111 3654 1172 olivarum
3708 1127 3741 1167 e

2089 1198 2332 1276 regione
2365 1202 2569 1282 templi
2619 1202 3245 1282 interrogabantillum
3271 1210 3501 1263 secreto
3529 1201 3741 1261 Petrus

2088 1297 2146 1350 et
2176 1285 2457 1365 Jacobus,
2492 1299 2549 1353 et
2594 1293 2854 1354 Joannes
2902 1301 2959 1354 et
3013 1292 3332 1355 Andreas:
3386 1289 3492 1351 Dic
3543 1284 3734 1360 nobis,

2085 1377 2323 1456 quando
2356 1377 2482 1441 haec
2523 1382 2749 1442 erunt?
2778 1389 2837 1443 et
2876 1381 3034 1464 quod
3083 1381 3318 1461 signum
3371 1386 3463 1440 est
3504 1374 3738 1457 quando

2088 1466 2213 1529 haec
2245 1468 2444 1530 omnia
2475 1470 2592 1531 sint
2619 1470 3134 1533 consummanda?
3169 1490 3199 1530 )
3229 1468 3515 1543 Quoniam
3551 1464 3736 1527 multa

2086 1554 2163 1617 de
2220 1556 2593 1622 desolatione
2648 1559 2981 1623 Jerusalem
3030 1560 3266 1621 dicebat
3322 1560 3517 1631 Jesus,
3576 1554 3732 1637 quod

2085 1646 2529 1728 relinqueretur
2562 1650 2772 1712 domus
2795 1660 2990 1712 vestra
3019 1650 3278 1723 deserta,
3303 1646 3585 1728 discipuli
3607 1646 3735 1727 ejus

2085 1734 2471 1813 admirantes,
2552 1740 2709 1820 quod
2778 1749 2950 1803 tantae
3009 1737 3432 1820 magnitudinis
3497 1745 3735 1816 tamque

347 1837 578 1887 τοσαῦτα
661 1830 861 1910 μεγέθη
946 1833 1032 1887 καὶ
1103 1829 1279 1899 κάλλη
1336 1830 1777 1908 οἰκοδομημάτων
1820 1831 1998 1912 ἀφανι-

2090 1824 2337 1905 pulchra
2381 1827 2633 1890 aediﬁcia
2673 1828 2968 1891 abolenda
3017 1836 3237 1903 essent,
3287 1826 3608 1889 ostendunt
3649 1824 3734 1885 illi

346 1921 622 1993 σθήσεται,
697 1918 1016 1978 δεικνύουσιν
1077 1923 1218 1995 αύτῷ
1294 1922 1391 1990 τὴν
1448 1928 1541 1978 τοῦ
1570 1928 1694 1977 ναοῦ
1740 1920 1998 1987 τοσαύτην

347 2008 683 2088 εὐπρέπειαν.
777 2001 833 2068 Ὀ
920 2009 974 2066 δὲ
1058 2008 1203 2067 οὖδὲν
1310 2013 1464 2077 ἧττον
1549 2009 1999 2080 ἀπολεσθήσεσθαι

350 2107 511 2156 ταῦτα
567 2113 967 2180 προαναφωνεϊ,
1029 2102 1115 2157 καὶ
1181 2110 1450 2182 τοσοῦτον,
1512 2101 1648 2158 ὥστε
1691 2098 1827 2168 μηδὲ
1860 2099 1998 2157 λίθον

349 2188 434 2245 ἐπὶ
491 2188 619 2263 λίθῳ
672 2203 879 2265 μεῖναι.
957 2192 1054 2248 Καὶ
1125 2192 1232 2272 μην
1297 2192 1423 2272 φασί
1490 2212 1629 2254 τινες
1681 2192 1753 2255 ὡς
1825 2188 1999 2248 πολλὰ

347 2278 637 2354 ἀπέμειναν
702 2279 926 2356 λείψανα
1008 2282 1106 2346 τῆς
1173 2271 1521 2358 Ἰερουσαλὴμ
1589 2285 1689 2347 τῆς
1761 2279 1999 2344 παλαιᾶς

350 2367 585 2443 πόλεως,
657 2370 795 2427 ὥστε
854 2378 1138 2449 πειρῶνται
1196 2370 1361 2437 δεῖξαι
1393 2369 1560 2447 ψευδῆ
1611 2372 1703 2426 τὸν
1752 2371 1996 2448 Χριστὸν,

348 2457 467 2515 ἀλλ’
524 2459 618 2515 οὒκ
649 2459 762 2515 ἔστι
833 2466 1010 2530 τοῦτο,
1074 2462 1130 2517 Εἰ
1179 2462 1279 2538 γὰρ
1332 2462 1420 2517 καὶ
1451 2459 1837 2539 ὅπελείφθησάν
1884 2480 1999 2513 τινα

347 2547 591 2623 λείψανα,
643 2548 773 2629 ὅπερ
832 2552 928 2607 οὒκ
983 2551 1126 2607 ἐστιν
1189 2548 1403 2620 ἀληθὲς,
1456 2548 1576 2605 ἀλλ’
1605 2549 1693 2605 οὗν
1727 2545 1853 2629 ἄχρι
1900 2552 1997 2613 τῆς

346 2637 571 2696 καθόλου
628 2638 927 2704 συντελείας
998 2640 1057 2696 ού
1116 2641 1192 2715 μὴ
1265 2642 1423 2717 μείνῃ
1479 2638 1619 2703 λίθος
1709 2638 1793 2695 ἐπὶ
1847 2637 1993 2710 λίθῳ.

350 2726 495 2795 Πλὴν
550 2729 849 2806 ἱστόρηται,
922 2728 1002 2785 ὅτι
1060 2731 1088 2785 ὃ
1122 2729 1308 2793 Αἴλιος
1371 2720 1641 2808 Ἀδριανὸς
1694 2727 1999 2803 κατέσκαψε

347 2818 445 2885 τὴν
503 2816 655 2875 πόλιν
715 2822 803 2875 καὶ
872 2821 933 2875 τὸ
966 2820 1106 2898 ἱερὸν
1154 2819 1214 2875 ἐκ
1282 2820 1487 2899 βάθρων
1518 2822 1711 2879 αὐτῶν,
1749 2817 1887 2875 ὥστε
1912 2818 1999 2873 καὶ

347 2915 501 2967 τοῦτο
558 2907 645 2965 ἐπ’
702 2913 859 2968 αὒτου
931 2909 1300 2989 πληρωθῆναι,
1367 2911 1450 2981 τὸ,
1502 2906 1637 2985 μηδὲ
1672 2908 1813 2964 λίθον
1863 2908 2000 2963 ὓπο-

348 2996 623 3076 λειφθῆναι
682 2999 767 3055 ἐπὶ
825 2997 972 3072 λίθῳ.
1050 3000 1361 3075 Καθημένου
1404 2997 1455 3054 δὲ
1489 3001 1647 3057 αὒτοῦ
1690 2998 1762 3060 εἰς
1790 2998 1852 3052 τὸ
1882 2997 2000 3075 ὂρος

347 3088 455 3144 τῶν
511 3087 761 3161 Ἐλαιῶν,
810 3087 1109 3167 προσῆλθον
1146 3090 1287 3163 αὒτῷ
1316 3088 1640 3163 ἐρωτῶντες,
1674 3087 1805 3143 Πότε
1839 3093 2000 3141 ταῦτα

345 3179 541 3261 ἔσται,
602 3182 862 3251 τουτέστι,
932 3180 1060 3237 πότε
1135 3178 1599 3250 συντελεσθήσεται
1638 3179 1705 3246 τη
1734 3182 1833 3245 τῆς
1893 3176 1997 3233 ἰε-

346 3268 622 3347 ρουσαλημ
658 3290 674 3351 ;
747 3269 806 3327 Ὀ
836 3268 915 3349 δὲ,
943 3272 1044 3349 πρὸ
1088 3277 1179 3327 τοῦ
1211 3270 1586 3350 ἀποκρίνασθαι
1634 3272 1821 3331 αὐτοῖς
1885 3287 2001 3343 περι

340 3363 416 3414 ὧν
472 3360 783 3438 ἠρώτησαν,
844 3359 1184 3439 ἀσφαλίζιται
1244 3360 1341 3427 τὴν
1396 3358 1628 3416 διάνοιαν
1680 3359 1873 3429 αὖτῶν,
1906 3356 1997 3410 ’ἕνα

342 3450 421 3524 μὴ
473 3448 837 3517 πλανηθῶσιν,
903 3448 1052 3507 Ἐπεὶ
1112 3450 1212 3529 γὰρ
1324 3447 1628 3529 ἀρξαμένων
1686 3453 1793 3503 τῶν
1864 3445 1999 3500 κατὰ

340 3540 440 3607 τὴν
495 3538 749 3597 Ἰουδαίαν
808 3552 1012 3612 νοσεῖν,
1085 3539 1452 3607 ἐπανέστησαν
1482 3559 1620 3600 τινες
1651 3534 1993 3597 διδασκάλους

342 3630 557 3693 ὗαυτοὺς
611 3627 881 3707 λέγοντες,
928 3630 1087 3709 φησὶν
1118 3632 1144 3685 ὁ
1178 3628 1389 3709 Κύριος⁶
1452 3626 1683 3686 Βλέπετε
1728 3625 1807 3701 μὴ
1848 3622 2025 3687 πλαο,

340 3721 562 3786 νηθῆτε.

430 3837 457 3867 α
507 3811 564 3870 Ὀ
619 3810 673 3869 δὲ
721 3810 949 3885 Ἰησοῦς,
986 3811 1281 3892 ἀποκριθεὶς
1314 3811 1522 3891 αὐτοῖς,
1569 3807 1763 3890 ἤρξατο
1792 3807 1989 3888 λέγειν,

344 3901 569 3961 Βλέπετε
603 3903 683 3978 μὴ
705 3925 787 3967 τις
817 3904 953 3978 ὑμᾶς
998 3902 1271 3979 πλανὴση·
1330 3901 1518 3958 πολλοὶ
1546 3903 1645 3979 γὰρ
1688 3898 1994 3956 ἐλεύσονται

341 3993 427 4049 ἐπὶ
456 4000 532 4067 τῷ
560 3992 782 4069 ὀνόματί
811 4015 937 4073 μου,
970 3991 1213 4072 λέγοντες
1259 3992 1361 4061 ὅτι,
1414 3990 1558 4069 Ἐγὼ
1601 3990 1708 4065 εἰμι
1742 3989 1991 4067 Χριστὸς,

342 4082 429 4138 καὶ
472 4080 701 4147 πολλοὺς
731 4081 1112 4151 πλανήσουσιν
1160 4081 1285 4138 ὅταν
1335 4080 1389 4138 δὲ
1420 4080 1682 4146 ἀκούσητε
1725 4076 1994 4153 πολέμους

341 4174 430 4228 καὶ
498 4172 659 4234 ἀκοὰς
716 4168 990 4244 πολέμων,
1026 4172 1104 4247 μὴ
1143 4175 1405 4251 θροεῖσθε⁶
1448 4168 1531 4226 δεῖ
1581 4166 1844 4247 γενέσθαι,
1874 4162 1993 4222 ἀλλ’

343 4261 490 4319 οὔπω
558 4263 619 4318 τὸ
706 4259 880 4322 τέλος.
940 4260 1315 4340 Ἐγερθήσεται
1372 4260 1472 4338 γὰρ
1543 4257 1687 4320 ἒθνος
1710 4255 1794 4313 έπὶ
1824 4255 1992 4329 ἔθνος,

344 4353 432 4408 καὶ
502 4350 742 4428 βασιλεία
800 4351 887 4406 ἐπὶ
947 4349 1237 4426 βασιλεὶαν.
1334 4348 1438 4411 Καὶ
1504 4348 1713 4404 ἔσονται
1794 4346 1998 4421 σεισμοὶ

346 4442 480 4499 κατὰ
507 4440 726 4505 τόπους.
773 4437 877 4501 Καὶ
928 4439 1135 4496 ἔσονται
1181 4440 1331 4516 λιμοὶ
1366 4440 1454 4496 καὶ
1497 4436 1745 4516 ταραχαί,
1805 4434 1998 4515 Ἀρχαὶ

2086 1913 2367 1977 decorem
2433 1917 2660 1998 templi.
2724 1919 2795 1980 At
2863 1919 2963 1981 ille
3022 1917 3410 1979 nihilominus
3472 1913 3738 1997 prtedicit

2085 2004 2416 2087 perdenda,
2478 2015 2535 2068 et
2585 2008 2644 2069 in
2697 2016 2944 2085 tantum,
2998 2018 3062 2070 ut
3103 2026 3295 2089 neque
3353 2006 3502 2087 lapis
3556 2022 3737 2084 super

2086 2094 2343 2191 lapidem
2369 2099 2789 2191 maneat._24t
2825 2099 2993 2191 .ttqui
3025 2099 3227 2191 diqnnt
3252 2096 3493 2177 quidam
3527 2094 3736 2191 multas

2083 2184 2300 2245 veteris
2331 2184 2584 2247 civitatis
2612 2184 2945 2250 Jerusalem
2979 2184 3261 2269 reliquias
3293 2184 3735 2266 superstites,et

2084 2272 2165 2334 ita
2196 2271 2490 2336 Christum
2540 2279 2887 2340 mendacem
2934 2277 3265 2340 ostendere
3322 2283 3568 2354 tentant,
3627 2271 3731 2333 sed

2086 2362 2199 2424 hoc
2229 2364 2574 2447 neutiquam
2609 2386 2809 2430 verum
2842 2377 2952 2431 est.
3007 2371 3149 2430 Nam
3187 2364 3420 2429 etiarnsi
3467 2363 3735 2445 reliquias

2084 2452 2355 2533 quaedam
2387 2455 2618 2517 relictae
2650 2469 2868 2533 essent,
2904 2458 3059 2540 quod
3092 2474 3293 2518 verum
3329 2474 3444 2516 non
3478 2462 3589 2533 est,
3611 2471 3727 2513 non

2086 2550 2285 2604 tamen
2344 2544 2717 2627 relinquetur
2774 2567 2961 2629 usque
3027 2547 3097 2608 ad
3158 2542 3727 2608 consummationem

2082 2635 2283 2697 saeculi
2318 2637 2463 2718 lapis
2494 2657 2676 2718 super
2706 2638 2989 2719 lapidem.
3040 2637 3192 2711 Quin
3226 2634 3485 2697 historize
3516 2633 3737 2695 habent

2082 2726 2245 2805 quod
2304 2726 2491 2790 Elius
2544 2730 2838 2791 Adrianus
2897 2730 3182 2811 templum
3244 2736 3301 2788 et
3356 2727 3645 2787 civitatem
3703 2741 3737 2784 a

2084 2816 2490 2881 fundamentis
2523 2819 2821 2895 effoderit,
2854 2831 2911 2883 et
2954 2821 3029 2881 ita
3070 2820 3127 2880 in
3159 2818 3262 2879 illo
3304 2815 3612 2895 impletum
3644 2822 3734 2875 est

2085 2906 2243 2984 quod
2273 2925 2393 2968 non
2424 2909 2500 2969 sit
2528 2908 2775 2971 relictus
2804 2910 2954 2992 lapis
2986 2926 3169 2989 super
3215 2905 3495 2987 lapidem.
3550 2906 3733 2965 Porro

2086 2995 2335 3057 sedente
2367 2996 2469 3057 illo
2503 2999 2559 3059 in
2612 3007 2811 3060 monte
2860 2999 3174 3071 olivarum,
3235 3000 3615 3057 accesserunt
3660 2993 3731 3053 ad

2088 3100 2225 3144 eum
2259 3084 2694 3166 interrogantes
2726 3109 2738 3150 :
2788 3088 3034 3161 Quando
3066 3088 3191 3148 haec
3222 3083 3440 3146 erunt?
3480 3083 3592 3143 hoc
3620 3092 3732 3155 est,

2086 3173 2323 3254 quando
2365 3177 2876 3239 consummabitur
2907 3176 3286 3241 Jerusalem?
3328 3174 3399 3235 At
3429 3173 3556 3251 ipse
3597 3180 3731 3234 tan-

2086 3280 2260 3343 quam
2296 3266 2687 3345 responderet
2720 3268 2803 3328 eis
2834 3267 2908 3328 de
2943 3267 3038 3328 his
3083 3265 3158 3326 de
3203 3262 3423 3345 quibus
3471 3260 3732 3324 interro-

2083 3350 2301 3429 gabant
2334 3354 2521 3416 munit
2550 3355 2969 3434 cogitationem
3004 3356 3263 3417 illorum.
3300 3360 3361 3413 ut
3403 3370 3477 3412 ne
3507 3357 3726 3411 errent.

2084 3440 2233 3513 Quia
2259 3441 2688 3525 incipientibus
2715 3454 2912 3508 autem
2938 3445 3116 3508 rebus
3144 3441 3405 3507 Judaicis
3428 3440 3735 3502 tabescere

2079 3543 2466 3594 surrexerunt
2513 3535 2751 3616 quidam
2803 3534 2903 3618 qui
2954 3554 3018 3596 se
3062 3533 3338 3596 dicebant
3396 3528 3729 3608 magistros,

2078 3619 2226 3681 dicit
2258 3619 2548 3686 Dominus
2576 3646 2589 3689 :
2630 3626 2840 3690 Videte
2872 3644 2947 3688 ne
2978 3620 3380 3705 decipiamini.

2160 3800 2346 3865 Vens.
2391 3804 2565 3867 5-10.
2614 3830 2634 3860 ι
2690 3807 2762 3868 At
2793 3805 2968 3867 Jesus
2997 3801 3367 3885 respondens
3402 3798 3520 3861 illis
3551 3796 3734 3877 ccepit

2079 3890 2283 3954 dicere
2320 3915 2333 3954 :
2397 3892 2602 3956 Videte
2648 3914 2723 3957 ne
2767 3894 2900 3976 quis
2943 3913 3042 3955 vos
3087 3892 3291 3954 fallat:
3351 3888 3517 3951 multi
3569 3886 3728 3976 enim

2081 3982 2320 4044 venient
2349 3984 2411 4046 in
2445 3984 2689 4046 nomine
2722 3974 2855 4047 meo
2885 3983 3153 4046 dicentes
3181 4002 3194 4042 :
3243 3982 3364 4060 Ego
3392 3996 3522 4039 sum
3555 3974 3731 4039 Chri-

2080 4079 2225 4141 stus,
2258 4074 2593 4157 multosque
2624 4074 2945 4156 decipient.
2980 4072 3127 4137 Cum
3178 4079 3373 4133 autem
3423 4065 3733 4130 audieritis

2079 4159 2238 4222 bella
2270 4171 2327 4225 et
2355 4181 2629 4227 rumores
2662 4164 2980 4239 bellorum,
3008 4180 3082 4225 ne
3115 4158 3473 4223 turbemini:
3503 4163 3735 4237 oportet

2082 4249 2241 4310 enim
2273 4251 2427 4325 fieri,
2463 4261 2521 4314 at
2562 4252 2823 4314 nondum
2871 4252 3028 4313 ﬁnis.
3064 4252 3334 4327 lnsurget
3380 4249 3539 4308 enim
3586 4261 3733 4323 gens

2081 4340 2367 4403 adversus
2396 4359 2659 4423 gentem,
2711 4352 2769 4403 et
2821 4360 3067 4419 regnum
3122 4341 3401 4401 adversus
3453 4352 3727 4413 regnum.

2082 4428 2152 4490 Et
2191 4440 2365 4494 erunt
2394 4440 2567 4494 terra;
2616 4441 2812 4493 motus
2862 4432 2919 4493 in
2952 4429 3203 4507 singulis
3245 4427 3414 4499 locis,
3452 4433 3511 4485 et
3559 4431 3734 4485 erunt

342 4529 543 4589 ὠδίνων
604 4536 791 4588 ταῦτα.
846 4526 1076 4585 Βλέπετε
1137 4528 1186 4585 δί
1259 4533 1414 4606 ὑμεῖς
1462 4527 1692 4591 ἑαυτούς.
1748 4522 1991 4604 παραδωο

2085 4521 2269 4583 fames
2330 4542 2399 4585 ac
2453 4522 2840 4586 turbationes.
2897 4521 3071 4583 Initia
3114 4518 3385 4581 dolorum
3436 4516 3584 4606 haec,
3625 4515 3731 4575 sed

343 4642 491 4678 σουσι
564 4620 665 4700 γὰρ
734 4620 871 4693 ὑμᾶς
932 4621 1003 4680 εἰς
1079 4618 1339 4699 συνέδρια,
1421 4619 1508 4675 καὶ
1559 4618 1631 4679 εἰς
1686 4613 1998 4690 συναγωγὰς

339 4710 651 4789 δαρήσεσθε,
715 4709 804 4765 καὶ
862 4707 948 4765 ἐπί
1002 4708 1287 4786 ἡγεμόνων
1343 4710 1430 4764 καὶ
1485 4704 1747 4784 βασιλέων
1794 4702 1999 4771 σταθή-

340 4803 490 4856 σεσθε
560 4799 739 4855 ἓνεκεν
819 4796 969 4872 ἐμοῦ,
1033 4800 1105 4861 εἷς
1164 4799 1444 4877 μαρτύριον
1516 4797 1716 4857 αυτοῖς.
1768 4790 1871 4853 Καὶ
1924 4792 1996 4856 είς

339 4891 511 4946 πάντα
580 4890 644 4943 τὰ
693 4886 817 4954 ἔθνη
876 4885 959 4943 δεῖ
1012 4894 1223 4965 πρῶτον
1296 4886 1633 4967 κηρυχθῆναι
1662 4885 1723 4940 τὸ
1760 4880 1995 4959 Εὐαγγέ-

342 4978 477 5041 λιον,
559 4999 584 5037 ι
650 4975 850 5035 Πολλοὶ
904 4976 1234 5052 ἐλεύσονται,
1310 4982 1425 5043 οἷος
1481 4977 1546 5043 ἦν
1598 4970 1820 5050 Ἰούδας,
1882 4974 1997 5031 οἶος

342 5066 557 5142 Θευδᾶς,
617 5066 671 5122 οῗ
732 5064 915 5144 ἔλεγον
976 5067 1191 5131 ἑαυτοὺς
1220 5069 1321 5124 ὑπὸ
1353 5074 1445 5125 τοῦ
1491 5070 1622 5122 Θεοῦ
1666 5061 1996 5141 πεμφθῆναι.

344 5156 615 5233 Πολέμους
674 5152 728 5211 δὲ
800 5154 1107 5231 ἀκούσεσθε,
1184 5159 1365 5236 φησὶν,
1427 5153 1515 5219 οὕς
1545 5152 1689 5211 καὶὸ
1731 5146 1998 5213 Ἰώσηπος

338 5252 530 5319 ἱστορει
586 5245 901 5325 γεγενῆσθαι
976 5247 1078 5325 πρὸ
1130 5235 1225 5313 τῆξ
1253 5246 1533 5307 ἁλώσεως,
1576 5238 1681 5303 Καὶ
1709 5238 1809 5316 γὰρ
1866 5235 1997 5325 ἀντ-

339 5345 434 5418 ἦρι
496 5324 609 5412 μὲν
662 5324 725 5391 τὸ
794 5334 962 5408 ἔθνος,
1022 5324 1109 5393 καὶ
1139 5340 1234 5396 οὐκ
1265 5334 1429 5393 ἐδίδου
1457 5334 1578 5396 τοὺς
1639 5328 1828 5410 φόρους
1862 5324 1993 5383 Ῥωο

339 5430 567 5503 μαίοιςι.
630 5426 689 5483 Οἱ
749 5422 827 5505 δὲ,
887 5424 1239 5504 ὀργισθέντες,
1310 5424 1542 5492 ἐπῆλθον
1590 5421 1677 5477 καὶ
1748 5427 1998 5495 συνεχεῖς

337 5516 550 5599 ὶφόδους
595 5514 830 5589 ὶποίουν,
903 5512 1024 5570 ἀλλ’
1077 5516 1223 5574 οὔπω
1295 5515 1349 5572 δῖ
1405 5514 1557 5576 τέλος
1590 5516 1686 5577 τῆς
1740 5506 1999 5599 Ἰερουσα-

335 5594 474 5685 λημ.
542 5604 1094 5688 Ἐφιλανθρωπεύοντο
1146 5609 1245 5689 γὰρ
1275 5609 1320 5664 οἱ
1390 5605 1678 5682 Ῥωμαῖοι.
1715 5599 1787 5656 Οὔ
1834 5594 1994 5671 μόνον

2085 4622 2287 4674 cavete
2324 4630 2419 4673 vos
2439 4612 2628 4675 vobis.
2662 4612 2923 4675 Tradent
2953 4610 3112 4672 enim
3145 4626 3246 4669 vos
3274 4607 3335 4667 in
3364 4604 3639 4676 concilia,
3674 4611 3733 4662 et

2084 4702 2143 4762 in
2199 4703 2506 4783 synagogis
2564 4701 2901 4778 caademini,
2958 4711 3013 4763 et
3072 4698 3182 4761 sub
3241 4694 3620 4783 principibus
3662 4711 3731 4753 ac

2084 4781 2326 4869 regibus
2353 4781 2679 4855 iducemini
2731 4800 2977 4873 propter
3031 4808 3148 4869 me,
3209 4787 3268 4847 in
3326 4781 3727 4873 testimonium

2083 4879 2223 4942 illis.
2258 4881 2325 4943 Et
2354 4881 2509 4962 apud
2532 4871 2747 4943 omnes
2762 4871 2969 4960 gentes
2990 4886 3225 4961 Oportet
3248 4875 3410 4957 prius
3427 4871 3730 4962 praedicari

2086 4961 2488 5051 Evangelium.
2531 4998 2556 5027 ι
2592 4972 2746 5033 Multi
2800 4971 3059 5050 venient,
3108 4966 3300 5050 qualis
3343 4974 3469 5027 erat
3521 4961 3726 5036 Judas,

2083 5060 2274 5142 qualis
2299 5060 2597 5136 Theudae,
2623 5063 2721 5143 qui
2753 5059 3109 5124 dicebantse
3130 5078 3163 5120 a
3192 5057 3314 5119 Deo
3340 5055 3551 5115 missos
3572 5070 3727 5114 esse.

2083 5150 2247 5212 Bella
2280 5159 2476 5214 autem
2512 5153 2705 5214 futura
2738 5152 2901 5228 dicit,
2938 5169 3071 5233 qua:
3101 5158 3160 5211 et
3186 5148 3487 5228 Josephus
3531 5153 3733 5206 narrat

2084 5248 2220 5301 ante
2247 5241 2645 5321 captivitatem
2689 5242 2858 5305 facta.
2905 5240 3050 5302 Nam
3100 5238 3441 5318 insurgebat
3488 5235 3728 5318 quidem

2079 5350 2249 5409 gees,
2285 5340 2348 5392 et
2371 5350 2487 5393 non
2512 5330 2798 5395 reddebat
2829 5331 3067 5394 tributa.
3100 5327 3351 5392 Romani
3380 5336 3576 5388 autem
3597 5325 3729 5389 irati

2082 5438 2187 5485 eos
2248 5419 2625 5498 infestarunt,
2679 5431 2739 5485 et
2794 5421 3093 5485 continuis
3155 5418 3608 5482 excursionibus
3663 5440 3731 5481 ac

2084 5508 2359 5572 cladibus
2388 5512 2740 5589 atfecerunt,
2774 5511 2880 5575 sed
2911 5511 3171 5575 nondum
3206 5508 3339 5571 ﬁnis
3367 5509 3728 5574 Jerusalem.

2080 5598 2333 5663 Romani
2393 5602 2549 5664 enim
2614 5601 3033 5667 misericordes
3081 5607 3271 5667 erant.
3348 5602 3478 5664 Non
3537 5600 3729 5662 solum
