4232 6424
393 418 515 483 637

1087 430 1534 492 ENARRATIO
1580 428 1658 493 IN
1705 424 2213 493 EVANGELIUM
2252 430 2514 494 MARCI.
2562 464 2639 475 -—
2685 432 2849 497 CAP.
2902 429 3062 496 XIII.
3117 424 3126 433 ’

3666 422 3786 492 638

390 559 475 633 τὸ,
529 551 760 620 ’Ἐδεκεν
806 563 936 639 ἐμοῦ
1005 562 1184 623 ἔσεσθε
1249 566 1587 642 μισούμενοι,
1635 567 1707 625 Τὸ
1738 567 1837 645 γὰρ
1864 564 2015 621 ἕνεκε

2122 570 2354 641 rentur,
2391 573 2450 628 et
2483 568 2818 649 periculum
2854 566 3086 629 facilius
3115 566 3346 629 ferant:
3380 563 3605 628 deinde
3635 564 3782 627 con-

388 649 551 707 αὖτοῦ
619 654 917 726 μισετσθαι,
968 652 1149 710 ἰκανόν
1199 655 1316 711 ἐστι
1371 654 1544 719 πάσας
1587 654 1918 735 ἐπικουφίσαι
1947 653 2013 709 τὰ

2125 652 2333 716 solatio
2358 658 2809 738 sequitur,quod
2836 660 3089 736 Propter
3112 675 3207 717 me
3221 655 3357 718 odio
3382 654 3549 717 eritis
3572 652 3782 716 habiti.

386 739 681 817 συμφοράς.
771 739 938 799 Ἀλλὰ
1026 744 1115 800 καὶ
1173 744 1236 799 τὸ
1322 744 1662 814 σωθήσεσθαυ
1751 746 1842 800 τὸν
1899 743 2037 800 ὕπο-

385 829 637 900 μείναντα
662 831 734 894 εἰς
778 830 953 907 τέλος,
987 834 1078 889 καὶ
1108 842 1263 893 τοῦτο
1295 833 1522 911 μεγίστη
1566 832 1925 913 παράκλησις.

469 1116 493 1152 ε
529 1085 708 1156 ”Οταν
752 1096 808 1155 δὲ
840 1098 993 1167 ἴδητε
1037 1101 1098 1157 τὸ
1141 1099 1412 1178 βδέλυγμα
1462 1106 1561 1171 τῆς
1593 1102 1943 1182 ἐρημώσεως,
1977 1104 2037 1173 τὸ

375 1184 532 1262 ῥηθὲν
579 1185 681 1243 ὑπὸ
747 1188 948 1256 Δανιὴλ
1003 1196 1099 1246 τοῦ
1139 1191 1438 1271 προφήτου,
1474 1191 1640 1255 ἑστὼς
1672 1190 1804 1248 ὅπου
1835 1193 1895 1249 οὐ
1924 1188 2030 1256 δεῖ,

377 1276 406 1330 ὁ
479 1274 862 1355 ἀναγινώσκων
908 1280 1115 1359 νοείτω,
1175 1279 1298 1337 τότε
1328 1283 1375 1337 οἱ
1406 1279 1462 1336 ἐν
1491 1286 1560 1357 τῇ
1622 1279 1846 1354 Ἰουδαίᾳ
1902 1302 2031 1362 φευ-

376 1363 612 1442 γέτωσαν
674 1367 747 1431 εἰς
810 1369 876 1425 τὰ
931 1368 1054 1447 ὄρη,
1121 1366 1178 1426 Ὀ
1242 1366 1297 1425 δὲ
1368 1370 1455 1427 ἐπὶ
1512 1377 1604 1427 τοῦ
1634 1368 1899 1446 δώματος,
1954 1370 2031 1445 μὴ

375 1451 658 1512 καταϐάτω
738 1458 811 1522 εἰς
868 1458 969 1525 τὴν
1016 1458 1206 1534 οἰκίαν,
1272 1458 1408 1534 μηδὲ
1480 1458 1758 1516 εἰσελθέτω
1805 1460 1924 1537 ἇραί
1981 1482 2029 1517 τι

374 1540 437 1599 ἐκ
477 1548 575 1610 τῆς
646 1544 812 1610 οἰκίας
872 1547 1052 1620 αἰτοῦ,
1114 1549 1201 1603 καὶ
1256 1550 1284 1604 ὁ
1336 1550 1409 1611 είς
1470 1549 1557 1604 νὸν
1607 1548 1768 1627 ἀγρὸν
1796 1548 1893 1622 ὧν,
1955 1549 2032 1623 μὴ

372 1634 746 1712 ἐπιστρεψάτω
803 1637 876 1700 εἰς
933 1638 998 1693 τὰ
1052 1637 1243 1710 ὀπίσω,
1306 1637 1428 1715 ἆραι
1485 1639 1547 1694 τὸ
1578 1638 1788 1714 ἱμάτιον
1844 1640 2025 1699 αὐτοῦ.

373 1725 501 1781 Οὐαὶ
554 1721 609 1779 δὲ
665 1738 787 1788 ταῖς
846 1728 903 1782 ’ev
956 1730 1141 1805 γαστρὶ
1197 1727 1450 1807 ἐχούσαις
1478 1729 1567 1784 καὶ
1608 1741 1731 1791 ταῖς
1762 1726 2029 1799 θηλαζού-

371 1834 491 1877 σαις
546 1814 601 1870 ἐν
658 1814 879 1880 ἐκείναις
939 1830 1061 1882 ταῖς
1091 1816 1342 1893 ἡμέραις.
1381 1840 1404 1872 ιι
1454 1815 1732 1895 Βδέλυγμα
1775 1817 1872 1885 τῆς
1895 1820 2026 1898 ἐρη-

2123 740 2288 814 Quod
2326 745 2483 806 enim
2521 747 2974 829 propteripsum
3000 745 3241 808 fuerunt
3272 744 3409 807 odio
3427 742 3784 815 habiti,satis

2121 840 2250 893 erat
2279 833 2349 895 ad
2372 854 2581 897 omnes
2613 836 2977 899 calamitates
3003 835 3336 898 leniendas.
3361 833 3511 906 Quin
3544 831 3779 913 etquod

2123 922 2394 985 salvandi
2427 936 2597 988 erant
2624 926 3059 1008 perseveraturi
3083 944 3270 1006 usque
3302 925 3361 986 in
3394 920 3777 1003 finem,etiam

2122 1009 2316 1091 ipsum
2354 1013 2669 1076 maximam
2704 1015 2990 1078 afferebat
3015 1015 3510 1078 consolationem.

2207 1104 2376 1165 Vens.
2425 1107 2667 1169 14-11::
2691 1109 2875 1168 Porro
2901 1127 3033 1167 cum
3081 1106 3352 1167 videritis
3384 1102 3776 1166 abominatio-

2119 1210 2255 1253 nem
2290 1192 2674 1257 desolationis
2725 1197 2799 1258 de
2859 1217 2974 1277 qua
3033 1196 3259 1258 dictum
3308 1203 3398 1257 est
3449 1213 3482 1256 a
3533 1191 3776 1257 Daniele

2118 1282 2427 1361 propheta,
2481 1294 2734 1347 slantem
2792 1286 2891 1347 ubi
2937 1305 3053 1346 non
3102 1291 3360 1364 oportet,
3412 1282 3513 1363 qui
3567 1281 3776 1361 legerit

2116 1370 2429 1449 intelligat.
2480 1371 2777 1456 'l‘unc’qui
2811 1377 3031 1437 fuerint
3078 1375 3136 1436 in
3170 1373 3397 1443 Judzea,
3432 1372 3654 1450 fugiant
3700 1370 3770 1432 ad

2118 1469 2349 1521 montes
2387 1483 2399 1525 :
2434 1462 2532 1543 qui
2566 1483 2700 1523 vero
2732 1464 2913 1527 fuerit
2946 1466 3001 1525 in
3037 1472 3212 1537 tecto,
3252 1480 3324 1524 ne
3354 1460 3683 1523 descendat
3713 1459 3773 1519 in

2115 1546 2505 1630 domum,nec
2532 1553 2897 1630 ingrediatur
2926 1563 2985 1614 ut
3007 1553 3322 1635 quicquam
3357 1551 3521 1613 tollat
3542 1568 3573 1610 e
3595 1549 3771 1610 domo

2114 1655 2220 1699 sua
2258 1659 2271 1697 :
2310 1650 2366 1700 et
2398 1641 2494 1721 qui
2529 1641 2702 1703 fuerit
2753 1644 2813 1704 in
2863 1662 3027 1723 agro,
3079 1662 3152 1704 ne
3186 1648 3520 1703 revertatur
3576 1639 3648 1700 ad
3705 1657 3774 1700 ea

2114 1746 2247 1806 qua:
2278 1730 2520 1810 reliquit
2549 1751 2581 1791 a
2616 1741 2799 1811 tergo,
2837 1735 2907 1793 ad
2943 1732 3267 1795 to'lendum
3304 1731 3547 1811 pallium
3572 1748 3767 1790 suum.

2112 1816 2213 1877 Vae
2243 1828 2437 1879 autem
2473 1822 2933 1899 przegnantibus.
2974 1832 3029 1883 et
3071 1821 3425 1883 lactantibus
3456 1821 3512 1881 in
3559 1818 3773 1880 diebus

370 1923 618 1977 μωσεως,
681 1906 710 1961 ὁ
779 1902 988 1984 ἀνδριὰς
1018 1912 1112 1961 τοῦ
1160 1906 1257 1973 τὴν
1288 1904 1446 1962 πόλιν
1480 1905 1714 1969 ἑλόντος.
1754 1904 2015 1985 Βδέλυγμα

2115 1904 2256 1967 illis.
2292 1932 2317 1963 »
2348 1908 2730 1972 Abominatio
2763 1911 3152 1974 desolationis
3180 1919 3371 1973 statua
3403 1918 3489 1971 est
3518 1909 3647 1989 ejus
3671 1910 3767 1983 qui

368 1991 469 2070 γὰρ
523 1997 627 2048 πᾶν
706 1991 932 2049 εἴδωλον
1003 1992 1237 2071 λέγεται.
1299 1993 1662 2075 Ἐρημώσεως
1718 1994 1798 2075 δὲ,
1899 1993 2028 2052 διότι

369 2079 599 2149 ἁλούσης
659 2087 757 2150 τῆς
820 2082 1196 2163 Ἰερουσαλὴμ,
1246 2085 1332 2141 καὶ
1376 2083 1646 2164 έρὴμωσιν
1706 2086 2027 2163 πασχούσης

367 2169 599 2238 ἔστησαν
652 2174 778 2229 αὐτὸ
835 2172 940 2230 ἔσω
996 2180 1103 2229 τῶν
1160 2172 1361 2230 ἀδύτων
1389 2182 1483 2231 τοῦ
1521 2185 1665 2234 ναοῦ.
1732 2173 1898 2231 Ἀλλὰ
1940 2178 2027 2232 καὶ

367 2262 397 2316 ὁ
454 2259 708 2337 Πιλᾶτος,
768 2262 864 2327 τὰς
921 2270 1013 2319 τοῦ
1074 2264 1333 2342 Καίσαρος
1366 2265 1570 2330 εἰκόνας
1616 2265 1818 2343 νύκτωρ
1850 2267 1922 2330 εἰς
1965 2267 2026 2322 τὸ

363 2349 505 2429 ἱερὸν
560 2349 799 2430 ἀγαγὼν,
864 2350 1065 2409 πολλου
1112 2350 1331 2431 θορύϐου
1404 2360 1480 2428 τῷ
1553 2352 1744 2424 πλήθει
1817 2353 2026 2433 ἐγένετο

365 2441 571 2503 αἰτιος.
619 2439 657 2467 ”
672 2448 863 2498 Εκτοτε
893 2440 1089 2517 ἤρξατο
1119 2443 1207 2498 καὶ
1238 2444 1265 2499 ὁ
1295 2442 1531 2518 πόλεμος
1607 2446 1694 2500 καὶ
1722 2446 1756 2513 ἡ
1802 2444 2023 2523 ἐρήμω-

363 2550 447 2593 σις
512 2534 611 2597 τῆς
666 2526 1037 2607 Ἰερουσαλὴμ.
1100 2531 1228 2589 Τότε
1288 2533 1458 2589 τοίνυν
1490 2533 1537 2589 οἱ
1567 2536 1622 2589 ἓν
1673 2539 1742 2610 τῇ
1801 2531 2025 2606 Ἰουδαίᾳ

364 2616 530 2693 ὄντες,
590 2618 924 2699 φευγέτωσαν
984 2621 1057 2685 εἰς
1088 2620 1153 2677 τὰ
1181 2621 1304 2700 ὃρη.
1356 2619 1545 2685 Καλῶς
1574 2621 1628 2678 δὲ
1660 2636 1837 2697 εἶπεν,
1871 2626 1919 2679 οἱ
1968 2623 2023 2679 ἐν

363 2714 435 2785 τῇ
493 2705 740 2782 Ἰουδαίᾳ.
795 2713 856 2767 Οἱ
927 2710 1027 2789 γὰρ
1122 2709 1417 2769 ἀπόστολοι
1484 2712 1581 2768 οὒκ
1650 2716 1788 2781 ἦσαν
1843 2712 1897 2769 ἐν
1952 2719 2021 2790 τῇ

363 2795 610 2879 Ἰουδαίᾳ,
669 2795 815 2872 ἀλλ’,
848 2801 921 2863 ὡς
966 2798 1195 2879 ἔφημεν,
1227 2802 1327 2879 πρὸ
1359 2808 1451 2857 τοῦ
1481 2800 1721 2877 πολέμου
1758 2800 2019 2883 ἐδιώχθη-

361 2909 459 2944 σαν
518 2888 626 2945 ἆπὸ
695 2895 794 2957 τῆς
853 2886 1225 2965 Ἰερουσαλήμ⁶
1264 2888 1468 2966 μᾶλλον
1499 2888 1553 2946 δὲ
1598 2890 1814 2958 ἐξῆλθον
1844 2892 2011 2967 αὒτοὶ,

358 2977 483 3053 θείῳ
538 2979 834 3055 κινούμενοι
887 2980 1179 3055 Πνεύματι.
1236 2983 1297 3038 Οἱ
1352 2982 1476 3057 γοῦν
1536 2981 1829 3059 εὑρεθέντες
1862 2980 1915 3036 ἐν
1944 2988 2012 3059 τῇ

361 3065 609 3148 Ἰουδαίᾳ,
681 3069 1041 3149 φευγέτωσαν,
1101 3070 1188 3126 καὶ
1236 3072 1263 3126 ὁ
1295 3068 1380 3125 ἐπὶ
1405 3076 1495 3126 τοῦ
1525 3068 1794 3150 δώματος,
1851 3070 2007 3145 μηδε-

358 3160 447 3222 νὸς
506 3164 610 3216 τῶν
683 3158 738 3215 ἐν
793 3164 861 3236 τῇ
928 3159 1066 3232 οἰκίᾳ
1121 3158 1525 3238 ἐπιστραφήτω,
1573 3156 1883 3238 Ἀγαπητὸν
1915 3161 2013 3238 γὰρ

355 3249 403 3303 εἰ
458 3248 547 3305 καὶ
600 3254 785 3328 γυμνῴ
842 3250 1051 3325 σώματι
1137 3246 1417 3314 διασωθείη
1504 3270 1613 3327 τις,
1707 3246 1844 3303 ἀλλά
1927 3251 2014 3305 καὶ

2116 1995 2410 2059 civitatem
2447 1998 2760 2061 destruxit.
2818 2002 3192 2065 Abominatio
3227 2002 3384 2061 enim
3429 2017 3604 2060 omne
3636 1997 3768 2059 ido-

2115 2084 2235 2145 lnm
2267 2087 2490 2150 dicitur
2526 2107 2538 2151 :
2576 2090 2962 2151 desolationis
2991 2110 3131 2151 vero
3162 2110 3233 2151 eo
3279 2089 3460 2170 quod,
3493 2097 3661 2169 capta
3713 2095 3771 2148 et

2113 2174 2377 2238 deSolata
2402 2176 2758 2256 Jerusalem,
2789 2180 2951 2241 illam
2986 2188 3317 2241 statuerunt
3346 2178 3499 2239 intra
3528 2177 3765 2258 adytum

2113 2266 2341 2345 templi.
2381 2268 2603 2330 Pilatus
2636 2289 2874 2350 quoque
2923 2269 3167 2334 Caesaris
3212 2268 3467 2347 imagine
3504 2278 3676 2327 noctu
3709 2268 3768 2326 in

2110 2356 2403 2435 templum
2441 2358 2624 2432 illata,
2663 2359 2857 2437 magni
2894 2359 3179 2421 tumultus
3210 2367 3418 2420 auctor
3442 2358 3550 2418 fuit
3583 2356 3765 2437 plebi.

2111 2442 2278 2506 Tunc
2304 2448 2460 2508 enim
2489 2449 2667 2528 cmpit
2701 2461 2759 2511 et
2782 2449 3003 2511 bellum
3030 2458 3083 2510 et
3104 2447 3390 2511 desolatio
3413 2447 3764 2510 Jerusalem.

2109 2531 2293 2612 Igitur
2326 2543 2463 2597 tunc
2493 2539 2551 2597 lii
2601 2539 2700 2619 qui
2754 2540 2812 2600 in
2863 2540 3062 2602 Iudaea
3117 2539 3362 2619 fuerint,
3423 2537 3646 2616 fugiant
3702 2537 3760 2598 in

2109 2632 2367 2689 montes.
2402 2625 2567 2687 Bene
2595 2641 2789 2689 autem
2824 2629 2994 2703 dixit,
3032 2629 3091 2691 hi
3131 2629 3230 2710 qui
3264 2628 3322 2689 in
3354 2627 3577 2689 Iudaea.
3614 2625 3757 2687 Nam

2105 2714 2358 2794 apostoli
2392 2733 2508 2776 non
2544 2718 2783 2778 fuerunt
2815 2718 2871 2780 in
2904 2717 3111 2779 Iudaea
3150 2736 3162 2781 :
3224 2717 3359 2795 sed,
3388 2723 3453 2780 ut
3481 2715 3761 2788 diximus,

2102 2814 2419 2886 antequam
2468 2805 2688 2867 bellum
2726 2808 2867 2868 245
2903 2818 3172 2869 exortum
3209 2817 3318 2883 est,
3375 2810 3435 2867 in
3478 2824 3762 2887 persecu-

2103 2894 2267 2955 tione
2298 2896 2489 2956 exacti
2522 2905 2657 2957 sunt
2690 2916 2720 2959 e
2750 2899 3108 2978 Jerusalem,
3141 2898 3261 2959 imo
3307 2896 3420 2978 ipsi
3461 2896 3759 2969 exierunt,

2099 2983 2295 3044 divino
2332 2985 2508 3045 afﬂati
2543 2986 2789 3065 Spiritu.
2826 2987 2937 3060 Qui
2970 2987 3151 3065 igitur
3190 2987 3413 3049 inventi
3448 2985 3669 3047 fuerint
3702 2986 3762 3046 in

2098 3073 2322 3148 Iudaea,
2360 3075 2583 3152 fugiant
2620 3097 2631 3138 :
2683 3086 2738 3137 et
2772 3077 2822 3138 is
2870 3078 2967 3158 qui
3023 3096 3202 3158 supra
3248 3084 3492 3150 tectum,
3543 3075 3762 3136 nullius

2097 3165 2182 3224 rei
2216 3164 2402 3241 gratia
2432 3183 2562 3245 quae
2593 3165 2652 3226 in
2686 3166 2886 3237 domo,
2923 3174 3275 3229 revertatur.
3312 3165 3571 3246 Expedit
3600 3165 3756 3226 enim

2098 3261 2161 3313 ut
2191 3254 2323 3333 quis
2351 3254 2439 3315 vel
2474 3255 2631 3316 nudo
2660 3274 2910 3335 corpore
2941 3256 3135 3319 salvus
3162 3257 3282 3317 fiat.
3325 3255 3579 3336 Insuper
3601 3273 3683 3315 vae
3705 3263 3763 3316 et

352 3350 477 3402 τοῖς
526 3336 780 3418 ἐχούσαις
838 3340 996 3397 τέκνα
1050 3340 1140 3396 καὶ
1181 3345 1305 3401 τᾶϊς
1353 3336 1585 3417 ἐγκύοις,
1641 3339 1774 3396 οὐαὶ.
1816 3339 2011 3413 Διατί;

2102 3342 2565 3426 prazgnantibus,
2601 3352 2659 3405 et
2684 3345 3033 3407 lactantibus
3056 3364 3160 3407 vae.
3200 3344 3393 3417 Quare
3415 3351 3443 3408 ?
3472 3342 3620 3415 Quia
3642 3362 3758 3404 non

360 3428 509 3484 Διότι
558 3429 610 3483 αἱ
665 3429 763 3503 μὲν
830 3428 1049 3509 ’έχουσαι
1115 3428 1271 3485 τέκνα
1445 3428 1573 3506 πρὸς
1628 3426 1759 3485 αὒτὰ
1816 3432 2015 3506 στοργῇ

354 3516 744 3598 κατεχόμεναι,
809 3521 869 3576 ού
898 3516 1209 3589 δυνήσονται
1254 3517 1488 3597 φεύγειν,
1525 3519 1574 3572 αἱ
1631 3516 1687 3572 δὲ
1717 3516 1771 3573 ἐν
1829 3518 2015 3595 γαστρὶ

357 3606 604 3687 ἔχουσαι,
665 3605 749 3664 διὰ
777 3611 838 3665 τὸ
866 3612 964 3675 τῆς
995 3608 1275 3689 κυοφορίας
1329 3604 1520 3686 ἄχθος,
1555 3604 1671 3664 οὐδὲ
1703 3609 1854 3663 αὗται
1913 3605 2011 3685 ρᾳ-

354 3696 469 3753 δίαν
524 3698 622 3764 τὴν
678 3698 850 3777 φυγὴν
918 3697 1138 3764 ἕξουσιν.
1199 3698 1369 3770 Οἶμαι
1400 3696 1455 3753 δὲ
1503 3698 1592 3754 καὶ
1622 3697 1719 3763 τὴν
1748 3717 2014 3775 τεκνοφα-

354 3788 474 3864 γίαν
541 3790 758 3847 ἐνταῦθα
809 3789 1108 3864 σημαίνειν.
1147 3789 1233 3845 Ἐν
1267 3787 1366 3865 γὰρ
1397 3796 1472 3862 τῷ
1505 3786 1648 3863 λιμῷ
1696 3786 2014 3865 πολιορκού-

353 3899 529 3957 μενοι,
562 3880 648 3935 καὶ
675 3883 783 3933 τῶν
815 3878 1009 3936 τέκνων
1047 3878 1283 3954 ἥψαντο,

441 3992 467 4022 α
520 3968 882 4047 Προσεύχεσθε
954 3966 1032 4049 δὲ,
1090 3968 1182 4024 ’ίνα
1212 3971 1290 4043 μὴ
1336 3968 1553 4047 γένητιι
1605 3966 1640 4033 ἦ
1687 3967 1829 4046 φυγὴ
1859 3967 2013 4041 ἡμῶν

352 4063 649 4139 χειμῶνος.
713 4049 975 4115 ’Ἔσονται
1047 4059 1146 4138 γὰρ
1199 4060 1250 4114 αἱ
1300 4057 1494 4137 ἡμέραι
1547 4054 1751 4113 ἐκεῖναι
1808 4054 2008 4131 θλίψις,

350 4145 444 4202 οἵα
503 4147 561 4203 οὒ
619 4147 807 4227 γέγονε
872 4148 1094 4214 τοιαύτη
1153 4146 1247 4204 ἀπ’
1306 4147 1482 4227 ἀρχῆς
1514 4146 1736 4208 κτίσεως
1765 4143 1833 4212 ἧς
1860 4142 2008 4201 ἔκτι-

347 4257 439 4292 σεν
498 4239 526 4293 δ
584 4240 715 4302 Θεὸς
786 4236 886 4299 ἕως
916 4248 1008 4296 τοῦ
1039 4244 1149 4311 νῦν,
1183 4238 1271 4293 καὶ
1312 4241 1371 4295 οὒ
1400 4236 1479 4311 μή
1527 4235 1767 4313 γένηται.
1815 4236 1909 4292 Καὶ
1966 4236 2009 4290 εἰ

348 4327 429 4402 μὴ
504 4327 690 4406 Κύριος
749 4325 1048 4385 ἐκολόϐωσε
1106 4328 1199 4392 τας
1279 4325 1507 4405 ἡμέρας,
1563 4329 1657 4383 οὒκ
1726 4322 1788 4379 ἄν
1835 4323 2006 4391 ἐσώθη

348 4422 498 4474 πᾶσα
554 4417 703 4497 σὰρξ,
762 4416 900 4473 ἀλλὰ
944 4415 1027 4472 διὰ
1082 4418 1203 4479 τοὺς
1277 4415 1553 4478 ἐκλεκτοὺς
1587 4412 1676 4477 οὕς
1709 4411 2001 4482 ἐξελέξατο,

2100 3442 2351 3508 possunt
2382 3433 2899 3512 fugere§mulieres
2929 3434 3148 3515 quibus
3179 3444 3316 3495 sunt
3347 3433 3539 3514 pueri,
3574 3432 3756 3493 affec-

2102 3521 2263 3581 tione
2321 3541 2457 3602 erga
2516 3523 2649 3584 illos
2710 3524 2983 3587 detentae.
3067 3528 3450 3603 Praegnantes
3521 3541 3759 3603 quoque

2100 3620 2348 3692 propter
2379 3613 2532 3673 uteri
2565 3614 2855 3675 sarcinam
2911 3632 3105 3695 neque
3154 3614 3301 3693 ipsa:
3356 3612 3527 3675 facile
3562 3612 3756 3691 fugam

2101 3698 2435 3762 inveniunt.
2474 3701 2757 3763 Existimo
2789 3712 2989 3764 autem
3044 3703 3198 3782 quod
3265 3709 3317 3762 et
3378 3719 3596 3779 pueros
3648 3700 3758 3761 hoc

2103 3788 2233 3850 loco
2268 3792 2565 3869 significet
2596 3797 2915 3854 vorandos.
2952 3792 3132 3855 Fame
3176 3793 3334 3853 enim
3369 3790 3596 3853 obsessi
3648 3808 3756 3852 nec

2103 3881 2306 3961 pueris
2340 3890 2757 3961 pepercerunt.

2184 3959 2362 4023 Vens.
2410 3962 2620 4024 18-20.
2672 3987 2697 4017 (ι
2755 3959 2935 4024 Orate
2983 3969 3179 4022 autem
3228 3980 3301 4023 ne
3360 3961 3498 4040 fuga
3554 3967 3752 4021 vestra

2098 4049 2199 4111 fiat
2231 4052 2467 4130 hyeme.
2505 4052 2696 4113 Erunt
2746 4051 2904 4112 enim
2964 4051 3094 4112 dies
3154 4050 3238 4112 illi
3301 4049 3433 4113 talis
3481 4048 3751 4130 afflictio,

2095 4140 2285 4221 qualis
2317 4160 2435 4201 non
2468 4141 2579 4202 fuit
2618 4141 2690 4202 ab
2724 4140 2895 4202 initio
2942 4159 3143 4202 rerum
3181 4139 3576 4213 conditarum,
3610 4156 3757 4219 quas

2093 4229 2361 4290 condidit
2395 4231 2575 4301 Deus,
2612 4250 2800 4310 usque
2835 4232 2904 4291 ad
2955 4230 3068 4291 hoc
3114 4238 3370 4311 tempus,
3419 4246 3529 4291 nec
3560 4231 3757 4289 futura

2095 4331 2204 4380 est.
2241 4320 2315 4381 Et
2338 4319 2449 4379 nisi
2482 4319 2769 4381 Dominus
2792 4319 3351 4381 abhreviassetdies
3378 4316 3534 4398 illos,
3571 4316 3753 4378 haud-

2094 4426 2385 4487 quaquam
2420 4408 2575 4468 salva
2608 4407 2818 4468 fuisset
2850 4405 3125 4468 universa
3156 4424 3319 4468 caro.
3362 4405 3479 4469 Sed
3514 4413 3757 4486 propter

349 4505 649 4564 ἐκολόϐωσε
704 4508 800 4572 τὰς
852 4506 1077 4585 ἣμέρας.
1145 4531 1172 4560 ιι
1210 4508 1267 4564 Εἰ
1326 4527 1598 4586 χειμωνος
1670 4505 1769 4582 γὰρ
1799 4503 2004 4581 γένοιτο

2102 4499 2315 4559 electos
2345 4516 2494 4578 quos
2526 4497 2726 4576 elegit,
2761 4497 3125 4558 abbreviavit
3156 4496 3306 4558 dies.
3349 4520 3371 4554 ι
3432 4497 3490 4558 Si
3541 4496 3753 4586 hyeme

347 4600 385 4666 ἡ
445 4598 612 4678 φυγὴ,
668 4598 773 4655 ἀπὸ
828 4602 927 4665 τῆς
965 4583 1077 4654 -τοῡ
1133 4583 1642 4674 καιροῦηδυσκολίας
1685 4592 2002 4669 ἐμποδισθῆ-

2102 4586 2229 4665 :‘uga
2260 4588 2449 4667 fieret,
2478 4588 2764 4678 tomporis
2791 4588 3009 4666 injuria
3038 4586 3465 4678 impedimenta
3491 4583 3752 4678 habituri

348 4708 532 4745 σονται
591 4689 637 4744 οἰ
688 4688 898 4768 φεύγειν
955 4686 1221 4755 θέλοντες,
1295 4686 1382 4741 καὶ
1431 4683 1570 4747 ὅλως
1595 4682 1770 4757 θλίψις
1827 4680 1994 4753 ἔσται,

2095 4685 2295 4739 essent
2326 4678 2530 4755 fugere
2559 4676 2850 4756 volentes,
2885 4686 2942 4737 et
2973 4676 3219 4737 omnino
3262 4673 3504 4736 afflictio
3554 4673 3750 4734 futura

347 4783 453 4833 τῶν
525 4778 744 4835 πώποτε
804 4775 1105 4855 γενομένων
1136 4774 1171 4843 ἦ
1211 4772 1585 4853 γενησομένων
1628 4770 2003 4852 χαλεπωτέρα.

2102 4776 2185 4827 est
2217 4786 2453 4841 earum,
2487 4785 2615 4847 quae
2647 4765 2885 4828 fuerunt
2909 4766 2995 4828 vel
3022 4776 3197 4827 erunt
3229 4783 3485 4845 unquam
3518 4766 3748 4844 gravis-

350 4867 449 4925 Kad
504 4868 548 4923 εἰ
609 4866 686 4943 μὴ
746 4863 1076 4923 ἐκολόϐωσεν
1150 4865 1178 4921 δ
1239 4865 1393 4937 Θεὸς,
1427 4862 1692 4942 τουτέστι,
1734 4863 2009 4937 συντόμως

347 4956 601 5013 κατέλυσε
672 4958 763 5014 τὸν
817 4956 1049 5031 πόλεμον
1110 4962 1214 5012 τῶν
1274 4953 1574 5029 Ῥωμαίων,
1608 4955 1703 5010 οὐκ
1731 4948 1793 5007 ἄν
1835 4951 2007 5019 ἐσώθη

348 5052 493 5103 πᾶσα
550 5046 707 5123 σάρξ,
754 5044 1047 5119 τουτέστιν,
1106 5042 1364 5108 Ἰουδαῖος
1423 5046 1516 5101 οὐκ
1585 5040 1647 5096 ἄν
1691 5040 2002 5122 ὑπελείφθτγ

348 5135 485 5193 ἀλλὰ
555 5134 640 5193 διὰ
697 5136 819 5198 τοὺς
893 5134 1193 5198 ἐκλεκτοδς.
1227 5132 1464 5190 τουτέστι
1493 5132 1615 5196 τοὺς
1661 5128 1712 5195 ἐξ
1747 5129 2005 5209 Ἐϐραίων

347 5226 758 5306 πιστεύσαντας,
810 5224 845 5292 ἤ
912 5227 999 5282 καὶ
1074 5223 1287 5302 ὕστερον
1354 5221 1646 5292 μέλλοντας
1715 5220 1999 5295 πιστεύειν,

347 5315 608 5383 κατελύθη
680 5315 955 5391 συντόμως
1015 5317 1043 5371 ὁ
1084 5313 1346 5389 πόλεμος.
1407 5311 1465 5371 Ὀ
1517 5312 1617 5390 γὰρ
1648 5312 1779 5374 Θεὸς
1819 5332 2006 5389 προγι-

349 5406 590 5486 νώσκων,
642 5404 722 5462 ὅτι
773 5403 825 5471 ἐξ
894 5403 1151 5484 Ἐϐραίων
1209 5401 1399 5461 πολλοὶ
1475 5401 1809 5457 πιστεύσουσι
1870 5400 2003 5473 μετὰ

342 5496 443 5564 τὴν
493 5494 716 5574 ἅλωσιν,
778 5495 964 5554 τούτου
1012 5495 1172 5575 χάριν
1237 5494 1298 5550 οὔ
1348 5491 1692 5571 συνεχώρησε
1724 5488 2001 5553 παντελῶς

342 5584 693 5666 ἀφανισθῆναι
746 5585 806 5640 τὸ
876 5583 1055 5664 γένος,
1116 5583 1342 5640 Δύναται
1392 5578 1447 5636 δὲ
1516 5587 1679 5638 ταῦτα
1727 5580 1814 5636 καὶ
1861 5577 1998 5634 ἀνα-

338 5678 540 5755 χθῆναι
597 5672 939 5749 ἠθικώτερον,
1006 5671 1282 5752 Βδέλυγμα
1344 5670 1436 5755 τῆς
1494 5669 1844 5750 ἐρημώσεως,
1893 5667 2000 5726 ἐστὶ

336 5744 441 5823 πᾶν
501 5764 677 5843 νόημα
730 5744 1034 5844 σατανικὸν,
1070 5744 1235 5828 ἑστώς
1294 5764 1348 5817 ιν
1379 5744 1533 5836 τδπῳ¹
1574 5744 1729 5841 ἇγίῳ,
1764 5766 1842 5834 τῷ
1868 5760 1999 5835 ἣμε-

2093 4855 2267 4931 sima,
2303 4864 2360 4917 et
2393 4856 2504 4917 nisi
2557 4854 2962 4918 abbreviasset
3014 4855 3196 4936 Deus,
3247 4855 3360 4916 hoc
3415 4862 3525 4927 est,
3574 4854 3748 4916 citius

2092 4944 2496 5007 Romanorum
2532 4944 2753 5007 bellum
2788 4945 3177 5021 dissolvisset,
3202 4963 3320 5005 non
3355 4947 3564 5007 fuisset
3590 4946 3747 5006 salva

2091 5037 2367 5097 universa
2397 5036 2678 5111 caro,hoc
2703 5036 3064 5110 est,Judzeus
3092 5054 3209 5096 non
3244 5034 3447 5096 fuisset
3480 5035 3744 5096 relictus.

2090 5125 2206 5188 Sed
2244 5135 2485 5205 propter
2516 5126 2762 5201 electos,
2805 5127 2916 5187 hoc
2948 5134 3057 5202 est,
3117 5144 3219 5187 eos
3272 5124 3371 5205 qui
3430 5142 3500 5185 ex
3531 5124 3749 5187 Judaeis

2090 5216 2502 5288 crediderunt,
2558 5215 2647 5275 vel
2706 5224 2913 5296 postea
2962 5214 3251 5278 credituri
3310 5224 3468 5290 sunt,
3523 5214 3746 5276 bellum

2088 5304 2259 5367 citius
2292 5304 2655 5384 diremptum
2688 5318 2793 5365 est.
2822 5305 2981 5368 Deus
3006 5308 3163 5366 enim
3187 5304 3325 5386 quia
3356 5305 3750 5385 praecognovit

2087 5413 2155 5456 ex
2189 5393 2461 5457 Hebraeis
2495 5394 2715 5456 multos
2767 5403 2899 5475 post
2951 5395 3349 5475 captivitatem
3385 5394 3743 5473 credituros,

2086 5504 2203 5546 non
2241 5485 2510 5565 permisit
2543 5493 2727 5546 totum
2768 5504 2956 5561 genus
2986 5486 3237 5547 aboleri.
3275 5487 3746 5548 Possuntautem

2086 5575 2211 5636 haec
2248 5574 2456 5635 morali
2488 5592 2668 5636 sensu
2702 5574 2799 5647 sic.
2833 5575 3050 5652 eXponi
3087 5594 3099 5637 :
3153 5574 3537 5636 Abominatio
3568 5575 3746 5638 deso-

2085 5664 2321 5727 lationis
2356 5675 2447 5725 est
2477 5664 2671 5725 omnis
2703 5663 2995 5728 diabolica
3026 5662 3344 5747 Cogitatio,
3380 5683 3511 5745 quae
3541 5674 3657 5727 stat
3685 5666 3743 5727 in
3832 5722 3836 5725 .

2086 5755 2216 5817 loco
2247 5761 2477 5836 sancto,
2512 5754 2627 5816 hoc
2654 5761 2745 5816 est
2775 5763 2973 5818 nostra
3004 5755 3411 5818 mente.Tunc
3443 5752 3622 5833 igitur
3643 5757 3744 5837 qui
