4232 6410
514 317 634 381 639

1488 324 2083 390 THEOPHYLACTI
2130 320 2536 387 BULGARLE
2585 322 2940 389 ARCHIEP.

3795 322 3917 391 640

517 463 609 517 est
637 455 696 516 in
716 454 938 532 Iudaea,
974 457 1156 539 fugiat
1192 459 1250 521 in
1285 470 1584 537 montana,
1620 462 1732 524 hoc
1765 469 1880 536 est,
1904 461 2003 544 qui
2033 479 2143 523 con

2229 458 2391 539 ,τέρῳ
2439 462 2536 522 νοί.
2600 460 2729 519 Τότε
2787 462 2958 519 τοίνυν
3010 466 3037 519 ὁ
3106 466 3160 519 ὲν
3190 469 3256 540 τῇ
3316 459 3539 537 Ἰουδαίᾳ
3565 463 3642 520 ὧι
3670 463 3908 543 φευγέτω

515 544 710 607 fessus
738 544 940 626 fuerit,
978 561 1177 611 currat
1210 549 1282 610 ad
1336 550 1611 612 virtutum
1648 560 1902 614 montes.
1956 550 2160 613 Judaaa

515 633 673 696 enim
723 633 1017 697 confessio
1037 637 1277 702 dicitur.
1310 639 1380 701 Et
1404 639 1503 720 qui
1535 642 1593 703 ln
1621 659 1855 703 summo
1880 648 2010 703 stat.
2041 660 2158 702 non

2243 550 2317 613 εἰς
2371 550 2441 607 τὰ
2509 550 2707 629 ὀρεινὰ,
2780 551 3072 634 τουτέστιν,
3138 555 3166 609 6
3212 551 3748 632 ἐξομολογησάμενος
3780 553 3907 611 ἀνα-

2246 636 2483 718 τρεχέτω
2540 640 2613 701 εὶς
2680 640 2746 696 τὰ
2793 637 2891 719 ὄρη
2963 648 3069 699 τῶν
3134 640 3357 720 ἀρετῶν.
3405 638 3631 699 Ἰουδυία
3664 642 3765 721 γὰρ
3812 640 3903 708 65-

512 723 1112 798 descendat.Quando
1130 729 1287 790 enim
1316 731 1551 794 affectio
1574 733 1844 812 quaedam
1875 731 1933 792 in
1960 740 2144 793 mente

2242 726 2571 806 ομολόγησις
2617 726 2865 812 λέγεται·
2900 730 2986 787 καὶ
3017 732 3044 787 6
3095 730 3150 786 ἐν
3217 727 3413 806 ὑψηλῴ
3480 730 3763 807 ἱστάμενος
3819 733 3898 807 μὴ

512 831 712 874 nostra
764 815 1087 894 reperitur,
1149 828 1383 899 oportet
1438 838 1547 898 per
1595 820 2025 882 confessionem
2081 821 2153 883 ad

509 921 742 965 summa
784 922 1121 978 recurrere,
1174 916 1234 969 et
1275 927 1309 969 a
1363 909 1703 971 summitate
1756 908 1986 972 virtutis
2038 930 2156 971 non

507 990 901 1057 descendere.
938 993 1007 1055 Et
1036 995 1137 1077 qui
1181 1006 1461 1078 operatur
1491 998 1735 1074 bonum,
1785 1018 1902 1061 non
1949 1018 2156 1061 rever-

506 1087 661 1143 tatur
682 1089 751 1146 ut
782 1084 945 1145 tollat
976 1094 1235 1148 veterem
1261 1088 1685 1151 conscientiam
1719 1108 1852 1171 qua;
1872 1089 2156 1165 estvestis

508 1190 680 1252 quam
717 1173 903 1237 exuit.
934 1172 1035 1237 Vw
1063 1187 1262 1238 autem
1294 1177 1544 1259 fugienti
1577 1179 1636 1239 in
1669 1177 2157 1261 hyeme.0portet

508 1264 669 1325 enim
704 1284 813 1327 nos
841 1266 1047 1345 fugere
1076 1287 1109 1330 a
1139 1278 1383 1350 peccato
1417 1290 1550 1332 cum
1598 1270 1919 1346 alacritate,
1954 1279 2012 1333 et
2038 1291 2155 1333 non

510 1352 721 1442 frigide
754 1364 809 1415 et
840 1356 1121 1433 segniter.
1156 1355 1280 1421 Hoc
1313 1361 1470 1421 enim
1499 1378 1605 1442 per
1633 1359 1828 1440 fugam
1859 1361 1919 1422 in
1945 1362 2154 1442 hyeme

508 1441 865 1509 insinuatur.

588 1623 1009 1688 \’Ens.21-‘26.
1050 1651 1074 1681 α
1108 1627 1272 1689 Tunc
1298 1628 1345 1688 si
1372 1629 1502 1709 quis
1538 1628 1701 1691 vobis
1733 1630 1968 1702 dixerit,
2004 1630 2154 1693 Ecce

509 1710 603 1773 hic
635 1712 933 1789 Christus,
965 1734 1107 1777 ecce
1138 1716 1257 1778 illic
1290 1737 1302 1776 :
1360 1736 1434 1777 ne
1472 1718 1748 1781 credatis.
1801 1718 2156 1781 Exorientur

2241 814 2543 873 καταϐάτω.
2614 809 2797 876 ’Ὅταν
2852 820 2953 898 γὰρ
3009 818 3242 895 ἐμπαθές
3300 842 3351 877 τι
3403 820 3583 896 νόημα
3648 824 3817 898 σταθῇ
3844 821 3900 879 έν

2240 906 2398 982 ἡμῖν,
2458 904 2543 964 δεῖ
2597 904 2682 964 διὰ
2738 913 2838 975 τῆς
2882 906 3321 989 ὶξομολογήσεως
3353 908 3669 990 ἀνατρέχειν
3715 911 3788 975 είς
3833 912 3899 968 τὰ

2239 993 2444 1070 ὑψηλὰ,
2496 997 2583 1053 καὶ
2647 996 2725 1073 μὴ
2783 994 3117 1055 καταϐαίνειν
3165 998 3398 1057 ἀπὸτοῦ
3439 999 3604 1075 ὕψους
3636 1004 3734 1067 τῆς
3769 999 3896 1079 ἀρε-

2238 1088 2339 1151 τῆς
2440 1086 2537 1143 Καὶ
2596 1084 2625 1140 ὃ
2681 1084 3033 1164 ἐργαζόμενος
3086 1088 3149 1145 τό
3191 1086 3354 1146 καλὸν
3403 1088 3482 1164 μὴ
3527 1087 3899 1168 έπιστρεψάτω

2238 1173 2375 1230 ὥστε
2446 1174 2565 1253 ἆραι
2639 1174 2739 1242 τὴν
2798 1174 3029 1233 παλαιὰν
3081 1176 3398 1253 συνείδησιν,
3429 1177 3547 1245 ἥτις
3603 1178 3897 1256 έστὶνίμά-

2242 1286 2374 1338 τιον,
2434 1264 2468 1320 ὀ¹
2519 1263 2837 1326 ἀπεδύσατο.
2896 1268 3024 1325 Οὐαὶ
3054 1264 3110 1323 δὲ
3155 1273 3232 1341 τῷ
3262 1267 3316 1323 έν
3348 1274 3579 1350 χειμῶνι
3622 1269 3890 1348 φεύγοντι·

2238 1350 2322 1409 δεῖ
2397 1354 2495 1433 γὰρ
2553 1356 2695 1429 ἡμᾶς
2757 1356 2965 1435 φεύγειν
3025 1356 3130 1413 ἀπὸ
3160 1362 3259 1425 τῆς
3304 1358 3565 1436 ἁμαρτίας
3608 1358 3745 1433 μετὰ
3772 1361 3893 1438 θερ-

2238 1444 2496 1517 μότητος,
2556 1445 2641 1500 καὶ
2693 1444 2770 1519 μὴ
2848 1449 3071 1526 ψυχρῶς
3129 1448 3219 1503 καὶ
3288 1446 3579 1517 ἀκινήτως.
3641 1447 3890 1505 Τοιοῦτον

2178 1568 2179 1571 η
2237 1533 2347 1612 γάρ-
2367 1534 2426 1589 τὸ
2463 1532 2518 1589 έν
2548 1538 2624 1607 τῷ
2652 1540 2884 1614 χειμῶνι
2907 1535 3117 1615 φεύγειν
3148 1536 3452 1597 αἰνίττεται.

2325 1643 2349 1675 ιι
2398 1619 2529 1678 Τότε
2561 1620 2651 1679 ἐὰν
2692 1642 2773 1685 τις
2802 1622 2931 1698 ὑμῖν
2960 1622 3116 1703 εἴπῃ,
3153 1621 3285 1684 ’ἰδοὺ
3309 1623 3410 1683 ὦδε
3450 1625 3479 1681 ό
3508 1626 3753 1704 Χριστὸς,
3786 1623 3893 1683 ἰδοὺ

2238 1708 2376 1789 ἐκεῖ,
2443 1710 2523 1784 μὴ
2550 1710 2892 1778 πιστεύσητε,
2939 1711 3350 1793 Ἐγερθήσονται
3382 1714 3482 1793 γὰρ
3512 1712 3890 1795 ψευδόχριστοι

504 1800 951 1878 pseudochristi
972 1812 1030 1866 et
1053 1806 1680 1886 pseudoprophetamt
1699 1808 1877 1870 edent
1900 1810 2064 1888 signa
2087 1829 2144 1871 ac

2236 1800 2325 1855 καὶ
2377 1797 2833 1879 ψευδοπροφῆται,
2892 1802 2981 1859 καὶ
3040 1801 3265 1861 δώσουσι
3326 1818 3531 1879 σημεῖα
3573 1806 3661 1861 καὶ
3703 1804 3893 1884 τέρατα

506 1890 774 1972 prodigia
800 1893 872 1954 ad
912 1894 1357 1976 decipiendum,
1380 1896 1430 1958 si
1465 1898 1592 1959 fieri
1613 1887 2003 1979 possit,etiam
2034 1901 2144 1963 ele-

2237 1890 2369 1979 πρὸς
2424 1890 2485 1945 τὸ
2549 1887 2885 1966 ἀποπλανᾷν,
2946 1892 2989 1947 εί
3045 1890 3285 1973 δυνατὸν,
3320 1895 3407 1950 καὶ
3438 1894 3555 1959 τούς
3586 1891 3889 1957 ὶκλειιτούς.

501 1986 667 2049 ctos;
703 1999 804 2042 vos
834 1992 1030 2046 autem
1057 1995 1284 2061 cavete,
1306 2005 1446 2050 ecce
1466 1987 1712 2068 praedixi
1743 1988 1905 2049 vobis
1925 1992 2148 2054 omnia.

502 2073 793 2131 Caeterum
829 2072 889 2133 in
923 2072 1041 2134 illis
1072 2073 1284 2136 diebus
1309 2084 1439 2155 post
1461 2077 1849 2139 afflictionem
1880 2078 2038 2140 illam
2064 2082 2149 2141 sol

500 2156 1237 2235 obtenebrabitur,etluna
1252 2183 1368 2225 non
1383 2165 1547 2228 dabit
1566 2166 1943 2245 Splendorem
1962 2188 2149 2236 suum,

499 2254 556 2308 ct
586 2248 775 2309 stellae
807 2250 941 2311 caeli
972 2252 1273 2327 decident,
1322 2262 1379 2314 et
1420 2254 1663 2319 virtutes
1713 2276 1844 2336 quae
1885 2256 1943 2317 in
1986 2258 2151 2319 cmlis

496 2346 657 2412 sunt,
679 2341 1135 2403 concutientur:
1174 2351 1385 2405 ettunc
1415 2344 1693 2407 videbunt
1722 2346 1939 2409 Filium
1965 2348 2150 2409 homi-

499 2424 593 2487 nis
624 2428 961 2491 venientem
1004 2431 1064 2491 in
1098 2430 1355 2495 nubibus
1384 2452 1517 2494 cum
1554 2443 1842 2515 potestate
1874 2443 1930 2497 et
1961 2436 2149 2516 gloria

498 2516 703 2579 multa.
736 2517 915 2591 aQuia
940 2520 1206 2600 implevit
1236 2542 1365 2603 quae
1396 2522 1466 2585 ad
1496 2521 1831 2587 Jerusalem
1863 2525 2143 2602 attinent,

497 2606 635 2667 244
668 2606 879 2687 incipit
909 2609 1091 2689 igitur
1117 2631 1275 2674 nunc
1306 2613 1381 2675 de
1403 2614 1655 2675 adventu
1679 2615 2027 2678 Antichristi
2050 2617 2145 2678 di-

498 2715 659 2760 cere.
694 2697 859 2770 Quod
894 2710 1092 2762 autem
1129 2700 1294 2781 dicit,
1331 2710 1493 2776 tunc,
1542 2723 1615 2764 ne
1666 2705 1959 2784 intelligas
1988 2708 2141 2786 quod

496 2787 732 2866 quando
753 2788 894 2849 fient
917 2807 985 2849 ea
1006 2808 1133 2870 quae
1157 2810 1335 2871 supra
1361 2793 1520 2855 dicta
1540 2803 1675 2854 sunt
1696 2794 1769 2856 de
1790 2794 2143 2869 Jerusalem,

497 2882 637 2938 tunc
660 2876 709 2938 si
731 2877 864 2958 quis
885 2877 1051 2941 vobis
1072 2879 1311 2943 dixerit:
1333 2883 1484 2944 Ecce
1496 2882 1593 2945 hic
1612 2882 1903 2963 Christus,
1929 2903 2003 2946 ne
2020 2903 2145 2947 cre-

498 2965 788 3028 datiszsed
814 2966 1024 3031 scitote
1046 2968 1526 3051 quodScriptura;
1550 2974 1876 3054 proprietas
1892 2975 2016 3035 haec
2032 2984 2140 3045 est,

498 3054 651 3115 sicut
672 3056 1165 3121 etiamMatthaus
1185 3072 1316 3142 post
1334 3063 1959 3143 genealogiamChristi
1975 3064 2141 3125 dicit:

498 3144 561 3205 In
587 3143 797 3208 diebus
823 3147 934 3209 illis
956 3147 1192 3210 advenit
1208 3148 1728 3225 Joannes.Quibus
1744 3152 1984 3216 diebus?
2004 3172 2142 3214 num

2239 1968 2425 2055 ’Υμετς
2489 1976 2543 2034 δὲ
2585 1977 2831 2054 βλέπετε·
2880 1978 2987 2037 ίδοῖι
3016 1968 3310 2061 προείρηκά
3340 1984 3471 2059 ὑμῖν
3517 1983 3710 2044 πάντα.
3741 1979 3889 2039 Ἀλλ’

2234 2070 2289 2124 ἓν
2346 2069 2567 2132 ἐκείναις
2599 2082 2719 2135 ταῖς
2763 2068 3011 2151 ἡμέραις,
3061 2073 3197 2148 μετὰ
3238 2072 3337 2139 τὴν
3378 2071 3554 2148 θλίψιν
3599 2072 3829 2143 ἐκείνην,
3864 2073 3892 2128 6

2240 2156 2384 2224 ἥλιος
2451 2159 2879 2232 σκοτισθήσεται,
2950 2161 3038 2216 καὶ
3097 2162 3127 2230 ἡ
3160 2159 3361 2229 σελήνη
3393 2165 3452 2220 οὒ
3480 2159 3635 2219 δώσει
3668 2163 3729 2218 τὸ
3751 2161 3890 2241 φέγ-

2231 2270 2328 2326 γος
2384 2249 2573 2320 αὐτῆς,
2634 2249 2722 2304 καὶ
2791 2250 2838 2304 οἱ
2887 2248 3102 2329 ἀστέρες
3159 2259 3254 2310 τοῦ
3310 2250 3527 2329 οὒρανοῦ
3557 2249 3762 2309 ἔσονται
3793 2248 3886 2305 έκ-

2235 2338 2539 2412 πίπτοντες,
2600 2337 2687 2394 καὶ
2744 2340 2795 2393 αἱ
2854 2335 3102 2413 δυνάμεις
3159 2342 3210 2395 αἱ
3240 2338 3296 2396 έν
3350 2353 3468 2403 τοῖς
3498 2339 3741 2419 ούρανοτς
3784 2360 3887 2396 σα-

2234 2425 2599 2493 λευθὴσονται.
2662 2428 2759 2485 Καὶ
2787 2427 2904 2484 τότε
2936 2424 3157 2503 ὄψονται
3184 2430 3276 2485 τὸν
3310 2430 3427 2486 rte»
3488 2439 3581 2489 τοῦ
3610 2429 3888 2508 ἀνθρώπω

2232 2515 2527 2597 ἐρχόμενον
2602 2515 2657 2571 έν
2741 2515 2986 2592 νεφέλαις
3066 2519 3202 2593 μετά
3285 2517 3556 2595 δυνάμεως
3638 2520 3727 2576 καὶ
3806 2516 3887 2574 δύο

2232 2607 2325 2674 Εης
2381 2605 2614 2673 πολλῆς.
2692 2629 2716 2665 ε
2779 2605 3108 2687 Πεπὶήρωκε
3138 2607 3236 2684 μὲν
3280 2606 3383 2677 ἤδη
3416 2610 3483 2665 τὰ
3512 2612 3629 2689 περὶ
3657 2614 3753 2677 τῆς
3789 2604 3889 2669 Ἰε-

2230 2695 2528 2775 ρουσαλήμ..
2590 2694 2877 2776 ’Ἀρχεται
2948 2696 3003 2753 δὲ
3062 2696 3251 2756 λοιπὸν
3307 2698 3551 2777 περὶτῆς
3580 2706 3675 2756 τοῦ
3703 2698 3884 2756 Ἀντι-

2230 2787 2449 2867 χριστου
2509 2787 2795 2866 παρουσίας
2864 2784 3063 2865 λέγειν.
3153 2789 3225 2846 Τὸ
3254 2785 3332 2863 δὲ,
3364 2795 3509 2863 τότε,
3543 2788 3621 2864 μὴ
3654 2790 3881 2865 νοὴσῃς.

2228 2875 2310 2933 ὅτι
2372 2875 2499 2933 ὅταν
2556 2879 2620 2932 τὰ
2669 2875 2919 2955 ἀνωτέρω
2972 2877 3197 2954 ῥηθέντα
3242 2880 3490 2958 περὶτῆς
3536 2871 3883 2958 Ἰερουσαλὴμ.

2228 2966 2508 3046 γένωνται,
2565 2965 2685 3022 τότε
2740 2965 2829 3021 ἐὰν
2886 2986 2964 3031 τις
3019 2968 3147 3043 ὑμῖν
3178 2965 3335 3044 εἴη’
3385 2964 3517 3025 Ἰδοὺ
3558 2967 3661 3025 ὦδε
3690 2970 3717 3025 6
3749 2975 3881 3047 Χρι-

2229 3056 2376 3132 στὸς,
2437 3056 2515 3131 μη
2558 3054 2897 3130 πιστεύσητε,
2934 3053 3071 3112 ἀλλὰ
3099 3055 3389 3135 γινώσκετε
3439 3056 3522 3114 ὅτι
3551 3055 3742 3133 ἰδίωμα
3771 3056 3880 3114 ἐστι

2227 3146 2324 3211 τῆς
2395 3150 2609 3223 Γραφῆς
2680 3143 2861 3218 τοῦτο,
2898 3143 3078 3224 ὥσπερ
3108 3146 3197 3202 καὶ
3227 3148 3255 3202 6
3286 3149 3583 3221 Ματθατος,
3617 3147 3751 3223 μετὰ
3782 3148 3883 3215 τὴν

494 3251 625 3295 mox
651 3236 1036 3315 sequentibus
1060 3248 1188 3318 post
1211 3238 1426 3302 Christi
1449 3241 1846 3305 nativitatem?
1867 3242 2021 3321 Non,
2043 3243 2143 3303 sed

2232 3236 2477 3312 γέννησιν
2554 3243 2645 3293 τοῦ
2743 3239 2993 3313 Χριστοῦ,
3080 3232 3246 3313 λέγει’
3334 3231 3422 3291 Ἐν
3477 3248 3601 3301 ταῖς
3655 3235 3879 3314 ἡμέραις

493 3322 924 3413 indefinite.Sic
942 3326 1315 3407 igiturethoc
1336 3331 1935 3410 locodicit,tunc:uon
1965 3348 2147 3413 quan-

492 3412 567 3472 do
589 3414 919 3477 Jerusalem
940 3418 1205 3480 desofata
1230 3420 1464 3484 fuitsed
1494 3430 1840 3502 pertempus
1859 3412 2144 3483 adventus

492 3502 864 3587 Antichristi,
903 3526 976 3567 ne
1006 3509 1401 3572 seducamini.
1438 3510 1601 3573 Multi
1639 3512 1796 3573 enim
1825 3530 1923 3590 pri
1948 3520 2144 3572 texent

494 3610 707 3655 nomen
739 3596 980 3671 Christi,
1014 3597 1094 3659 ita
1121 3608 1186 3659 ut
1216 3607 1274 3659 et
1317 3600 1535 3661 electos
1583 3601 1871 3663 seducere
1897 3612 2139 3681 queant.

492 3682 570 3741 At
596 3692 726 3762 post
754 3685 1068 3747 adventum
1102 3687 1451 3751 Antichristi
1484 3691 1683 3752 omnia
1711 3699 1983 3753 creatura
2024 3691 2141 3750 im-

491 3772 836 3861 mutabitur,
858 3777 1093 3857 quando
1108 3779 1298 3841 stellae
1322 3779 1875 3842 obtenebrabuutur
1900 3790 2146 3861 propter

487 3857 839 3924 immensam
876 3865 1069 3927 lucem
1097 3866 1337 3931 Christi.
1374 3857 1922 3932 Commovebuntur
1945 3857 2142 3931 autem

487 3957 545 4009 et
576 3951 856 4029 angelica;
879 3953 1268 4029 virtutes,hoc
1292 3967 1403 4040 est,
1429 3959 1851 4041 obstupescent
1874 3960 2145 4021 videntes

488 4045 707 4101 tantam
741 4061 943 4104 rerum
981 4048 1362 4108 mutationem
1397 4050 1548 4123 fieri,
1578 4059 1634 4110 et
1659 4068 1975 4111 conservos
2003 4069 2145 4111 suos

479 4127 840 4206 judicari.Et
862 4142 998 4196 tunc
1020 4130 1628 4201 videbuntDominum
1646 4140 1931 4202 utFilium
1958 4140 2144 4201 homi-

489 4218 725 4287 nis,hoc
750 4234 841 4286 est
859 4223 918 4284 in
944 4225 1368 4306 corpore.Nam
1389 4229 1543 4311 quod
1572 4229 2143 4308 spectatur,omnino

486 4328 701 4389 corpus
732 4323 840 4376 est.
877 4314 1159 4386 Quamvis
1201 4327 1394 4380 autem
1445 4321 1502 4380 in
1552 4338 1801 4401 corpore
1853 4329 1917 4378 ut
1966 4320 2142 4380 homo

486 4403 701 4477 veniet,
723 4402 915 4464 aderit
936 4415 1129 4467 tamen
1156 4427 1293 4469 cum
1316 4417 1601 4490 potestate
1620 4420 1673 4473 et
1691 4408 1877 4489 gloria
1903 4426 2133 4485 magna.

485 4495 573 4548 τὸν
634 4496 851 4571 Κύριον,
913 4499 986 4561 ὡς
1042 4499 1161 4553 Υἷὸν
1218 4500 1516 4577 ἀνθρώπου,
1590 4501 1858 4558 τουτέστιν
1944 4500 2275 4573 ἐντὼματσν.

2228 3324 2452 3403 ἐκείναις
2524 3324 2865 3403 παραγίνεται
2927 3324 2955 3379 ό
3015 3321 3290 3393 Ἰωάννης.
3374 3326 3555 3391 Ποίαις
3602 3324 3877 3402 ἡμέραιςς

2229 3402 2357 3495 Ἀρα
2413 3426 2536 3477 ταῖς
2608 3402 2793 3493 ἑφεξῆς
2851 3414 2985 3488 μετὰ
3053 3413 3152 3482 τὴν
3203 3415 3297 3472 τοῦ
3325 3420 3549 3494 Χριστοῦ
3579 3414 3878 3495 γέννησιν;

2228 3505 2387 3584 Οὐχὶ,
2439 3499 2557 3558 ἀλλ’
2629 3502 2910 3584 ἀορίστως.
2964 3501 3143 3568 Οὕτως
3212 3502 3298 3561 o'w
3342 3504 3429 3559 καὶ
3460 3502 3679 3560 ἐνταῦθα
3708 3501 3880 3581 λέγει,

2226 3583 2369 3674 τότε,
2431 3594 2533 3673 οὔχ
2598 3593 2722 3649 ὃταν
2797 3594 2832 3660 ἡ
2880 3583 3228 3671 Ἰερουσαλὴμ
3257 3592 3531 3673 ἑρημωθῇ,
3566 3591 3704 3652 ἀλλὰ
3744 3593 3880 3650 κατὰ

2228 3684 2347 3747 τοὺς
2405 3683 2617 3761 καιροὺς
2674 3686 2774 3747 τῆς
2843 3688 2937 3738 τοῦ
2994 3679 3366 3762 Ἀντιχρίστου
3423 3684 3737 3760 παρουσίας,
3798 3682 3877 3757 μὴ

2228 3773 2558 3839 πλανηθῆτε,
2622 3768 2817 3827 Πολλοὶ
2873 3770 2973 3848 γὰρ
3027 3771 3448 3841 ὑποποιήσονται
3504 3774 3567 3828 τὸ
3632 3778 3726 3828 τοῦ
3758 3779 3885 3851 Χρι-

2228 3871 2355 3921 στοῦ
2408 3861 2601 3937 ὄνομα,
2659 3859 2798 3916 ὥστε
2868 3860 2957 3915 καὶ
2985 3860 3107 3925 τοὺς
3138 3858 3418 3927 ἐκλεκτοὺς
3461 3861 3690 3934 πλανᾷν.
3736 3862 3882 3917 Μετὰ

2228 3949 2283 4007 δὲ
2336 3952 2438 4019 τὴν
2493 3958 2585 4007 τοῦ
2643 3949 3009 4029 Ἀντιχρίστου
3071 3950 3385 4031 παρουσίαν,
3440 3952 3475 4019 ἡ
3537 3950 3707 4016 κτίσις
3738 3956 3882 4007 πᾶσα

2227 4042 2668 4113 ἀλλοίωθήσεται,
2738 4038 3127 4114 σκοτιζομένων
3190 4046 3290 4098 τῶν
3364 4041 3602 4121 ἀστέρων
3650 4039 3735 4097 διὰ
3781 4041 3882 4108 τὴν

2225 4129 2523 4203 ὑπερϐολὴν
2578 4137 2674 4188 τοῦ
2728 4132 2903 4211 φωτὸς
2936 4135 3027 4185 τοῦ
3057 4137 3304 4209 Χριστοῦ.
3352 4129 3777 4201 Σαλευθήσονται
3826 4128 3881 4185 δὲ

2227 4224 2278 4278 αἱ
2355 4218 2636 4299 ἀγγελικαὶ
2721 4216 2990 4299 δυνάμεις,
3070 4218 3339 4276 τουτέστιν
3422 4218 3879 4299 ἐκπλαγήσονται,

2226 4314 2423 4389 ὁρῶσαι
2484 4310 2747 4376 τοσαύτην
2831 4306 3135 4384 μεταϐολὴν
3227 4309 3539 4389 γινομένην,
3616 4310 3703 4367 καὶ
3760 4310 3880 4373 τοὺς

2225 4398 2533 4462 συνδούλους
2592 4402 2763 4457 αὐτῶν
2848 4399 3209 4479 κρινομένους.
3298 4401 3397 4458 Καὶ
3453 4398 3574 4455 τότε
3657 4398 3879 4474 ὄψονται

2367 4492 2438 4549 Τὸ
2503 4489 2603 4566 γὰρ
2660 4489 3045 4567 θεωρούμενον,
3106 4488 3319 4552 πάντως
3378 4488 3560 4565 σῶμα,
3619 4485 3775 4545 Ἀλλ’
3835 4491 3879 4545 εί

482 4583 568 4637 καὶ
597 4583 896 4657 έντὼματος
929 4589 1000 4649 ὡς
1038 4586 1309 4663 Ξίνδρωποςι
1339 4590 1581 4669 ἔρχεται,
1619 4589 1753 4646 ἀλλά
1786 4612 1845 4668 γε
1874 4589 2007 4664 μετᾶ
2038 4587 2307 4661 δυνάμεως
2340 4582 2429 4638 δαὶ
2455 4576 2613 4669 δοξῆς,
2655 4576 2885 4669 πολλῆς.

562 4669 745 4735 VERs.
780 4674 998 4738 97-31.
1045 4699 1065 4729 α
1104 4660 1175 4737 Et
1208 4660 1573 4741 tunc'm'ittet
1606 4660 1849 4756 angelos
1876 4660 2041 4749 suos,
2085 4683 2143 4736 et

2313 4693 2335 4726 ε
2403 4670 2499 4729 Καὶ
2555 4668 2675 4723 τότε
2734 4667 3029 4725 ἀποστελεῖ
3086 4671 3207 4733 τοὺς
3269 4667 3529 4749 ἀγγέλους
3574 4670 3757 4745 αὑτοῦ,
3790 4676 3879 4726 καὶ

483 4763 824 4843 aggregabit
855 4765 1082 4828 electos
1112 4785 1250 4828 suos
1281 4786 1313 4828 a
1340 4778 1590 4849 quatuor
1613 4768 1869 4842 ventis,a
1900 4785 2132 4827 summo

482 4859 655 4912 terraa
688 4872 874 4934 usque
901 4854 973 4915 ad
1008 4873 1308 4917 summum
1336 4858 1493 4919 cceli.
1529 4859 1572 4920 A
1608 4859 1723 4921 ficu
1752 4874 1891 4919 vero
1923 4855 2133 4917 discite

478 4940 954 5005 similitudinem:
983 4964 1116 5006 cum
1143 4963 1345 5008 ramus
1368 4947 1497 5025 ejus
1528 4956 1698 5010 tener
1720 4945 1893 5008 fuerit
1918 4945 2129 5025 produ-

481 5031 751 5112 xeritque
790 5033 951 5114 folia,
988 5034 1154 5096 scitis
1192 5037 1346 5116 quod
1391 5055 1573 5118 prope
1608 5038 1682 5098 sit
1715 5046 1906 5098 aastas.
1944 5033 2040 5095 Sic
2072 5040 2133 5093 el

480 5139 601 5183 vos.
629 5140 763 5182 cum
796 5122 1066 5184 videritis
1088 5125 1215 5187 hzec
1241 5125 1389 5199 ﬁeri,
1427 5128 1635 5188 scitote
1664 5126 1817 5208 quod
1854 5142 2036 5204 prope
2059 5122 2134 5182 sit

482 5209 541 5269 in
572 5209 818 5272 foribus.
848 5215 1039 5275 Amen
1073 5213 1208 5275 dico
1243 5214 1433 5296 vobis,
1466 5217 1618 5297 quod
1659 5236 1776 5277 non
1817 5213 2137 5296 praeteribit

477 5299 781 5375 generatio
813 5300 939 5363 haec
970 5301 1163 5363 donec
1193 5306 1393 5365 omnia
1416 5306 1539 5367 haec
1560 5306 1711 5367 facta
1744 5304 1981 5365 fuerint.
2010 5301 2136 5363 Coe-

481 5388 601 5448 Ium
637 5396 692 5448 et
725 5394 884 5452 terra
915 5391 1271 5465 transibunt,
1319 5395 1422 5456 sed
1456 5395 1634 5458 verba
1670 5414 1799 5457 mea
1829 5413 1943 5455 non
1980 5409 2133 5470 pra:-

480 5474 762 5541 teribunt.
805 5503 827 5535 υ
882 5478 1062 5543 Vides
1110 5481 1265 5562 quod
1309 5492 1367 5544 et
1414 5484 1596 5548 Filius
1642 5485 1885 5563 angelos
1938 5478 2130 5559 mittit,

476 5563 709 5659 sicutet
740 5568 937 5659 gater.
964 5568 1075 5659 tibi
1106 5570 1283 5651 igitur
1306 5582 1445 5634 sunt
1477 5575 1577 5656 qui
1606 5575 1849 5659 dicunt:
1884 5572 2012 5634 Non
2046 5576 2138 5629 est

476 5653 718 5737 aqualis
738 5654 860 5720 Deo
890 5666 949 5721 et
978 5658 1182 5724 Patri?
1208 5661 1471 5725 Veniant
1497 5653 1679 5745 igitur
1696 5656 1892 5746 angeli
1910 5670 1973 5725 ut
1998 5676 2131 5721 con-

2218 4756 2514 4824 ἐπισυνάξει
2570 4758 2691 4823 τοὺς
2750 4756 3032 4823 ὶκλεκτοὺς
3114 4762 3273 4817 αὐτού
3332 4759 3393 4817 ἐκ
3447 4764 3555 4816 τῶν
3606 4759 3878 4838 τεσσάρων

2215 4852 2449 4927 ἀνέμων,
2523 4845 2618 4903 ἀπ’
2689 4846 2853 4926 ἄκρου
2909 4854 3013 4927 γῆς
3070 4849 3171 4915 ἕως
3256 4848 3419 4929 ἄκρου
3447 4851 3686 4928 οὐρανοῦ.
3740 4850 3875 4906 Ἀπὸ

2215 4940 2269 4997 δὲ
2328 4946 2427 5007 τῆς
2486 4941 2653 5004 συκῆς
2713 4938 2907 5013 μάθετε
2962 4939 3062 5007 τὴν
3134 4936 3469 5019 παραϐολὴν·
3534 4937 3661 4996 ὅταν
3710 4940 3874 5005 αὐτῆς

2215 5029 2321 5100 ἢδη
2389 5032 2416 5086 6
2477 5024 2669 5091 κλάδος
2725 5025 2932 5092 ἁπαλὸς
2975 5028 3219 5108 γένηται,
3255 5029 3342 5085 καὶ
3388 5028 3556 5108 έκφυῇ
3585 5029 3650 5086 τὰ
3679 5026 3871 5109 φύλλα,

2216 5119 2506 5200 γινώσκετε
2576 5114 2659 5174 ὅτι
2711 5116 2867 5195 ἐγγὺς
2899 5120 2960 5175 τὸ
2989 5120 3137 5199 θέρος
3159 5119 3325 5179 ἐστὶν.
3360 5116 3512 5176 Οὕτω
3554 5118 3641 5175 καὶ
3686 5120 3867 5194 ὑμεῖς,

2218 5209 2344 5266 ὅταν
2399 5216 2563 5266 ταῦτα
2636 5203 2792 5272 ἴδητε
2862 5208 3139 5286 γινόμενα,
3203 5207 3492 5289 γινώσκετε
3550 5205 3631 5264 ὅτι
3680 5205 3865 5285 ὶγγύς,

2218 5299 2361 5355 ἔστιν
2419 5298 2505 5354 ἐπὶ
2561 5297 2759 5374 θύραις.
2822 5296 2996 5373 Ἀμὴν
3056 5298 3199 5379 λέγω
3226 5300 3355 5374 ὑμῖν
3400 5295 3481 5352 ὅτι
3510 5295 3570 5351 οὒ
3617 5296 3694 5372 μὴ
3729 5315 3869 5372 παρ..

2222 5386 2347 5465 ἐλθῃ
2490 5386 2644 5463 γενεὰ
2729 5382 2887 5459 αὕτη,
2945 5388 3139 5470 μέχρις
3205 5390 3266 5447 οὗ
3293 5387 3467 5444 πάντα
3515 5391 3680 5442 ταῦτα
3707 5382 3871 5462 γένη-

2219 5500 2331 5537 ται.
2394 5466 2452 5534 ιΟ
2511 5473 2731 5553 ούρανδς
2774 5477 2863 5531 καὶ
2891 5478 2926 5546 ἢ
2970 5466 3525 5558 παρελεύσονται,
3550 5473 3681 5531 οἱδὶ
3724 5471 3872 5553 λόγοι

2219 5588 2321 5642 μου
2397 5567 2458 5624 οὖ
2487 5564 2566 5641 μὴ
2612 5561 2964 5643 παρέλθωσιν,
3003 5592 3031 5625 ι
3090 5559 3243 5649 Ὀρᾷς
3289 5568 3370 5624 ὃτι
3396 5565 3486 5622 καὶ
3528 5565 3558 5621 6
3602 5564 3725 5627 Υἱὸς
3754 5563 3873 5629 τώς

2218 5654 2476 5738 ἀγγέλους
2542 5653 2777 5739 στέλλει,
2832 5655 3015 5738 ὥσπερ
3048 5661 3134 5718 καὶ
3163 5662 3193 5718 6
3250 5655 3486 5735 ﬂatile;
3543 5652 3652 5713 Ποῦ
3706 5652 3877 5711 τοίνυν
