4232 6412
515 294 637 357 643

1498 292 2100 356 THEOPHYLACTI
2147 283 2561 351 BULGARIE
2602 286 2954 350 ARCHIEP.

3800 286 3915 351 044

524 428 987 492 Consideremus
1018 434 1217 491 autem
1272 428 1472 492 verba.
1504 427 1697 490 Tarde
1755 426 1991 507 quidem
2038 435 2170 485 tunc

2259 420 2559 477 συντέλειαν
2612 431 2703 479 τοῦ
2768 422 2902 497 βίου,
2960 421 3073 478 εἴτε
3130 422 3229 489 τὴν
3284 420 3593 503 καθολικὴν,
3653 425 3766 480 εἴτε
3816 427 3915 492 τῆν

519 518 687 579 adest
710 519 865 592 ﬁnis,
888 518 1125 599 quando
1157 519 1289 600 quis
1334 519 1393 580 in
1447 518 1601 579 bona
1630 526 1873 578 senecta
1902 517 2171 576 moritur.

518 607 712 671 Media
728 616 925 669 autem
948 618 1283 681 nocte,cum
1314 609 1570 670 mediam
1590 614 1827 671 aetatem
1856 604 2174 686 peregerit.

519 694 580 756 ln
601 696 901 774 gallicinio
921 697 1389 778 autemquando
1423 698 1481 758 in
1515 696 1685 757 nobis
1709 696 1856 756 ratio
1880 694 2176 775 completa

514 783 711 848 fuerit.
745 784 946 849 Gallus
976 786 1135 849 enim
1170 791 1321 847 ratio
1367 797 1478 854 est.
1525 804 1654 867 qua}
1711 804 1816 846 nos
1875 804 1908 845 a
1965 804 2172 844 somno

517 874 817 949 excitat,et
843 883 1145 956 stuporem
1176 875 1588 957 repellit.Cum
1608 875 1948 954 igiturpuer
1974 874 2179 953 incipit

508 965 674 1044 juxta
700 965 989 1027 rationem
1008 966 1208 1027 vivere
1236 975 1291 1027 et
1314 973 1697 1047 sapere,tunc
1712 964 1903 1043 gallus
1923 964 1975 1023 ei
1994 963 2172 1024 canit.

516 1054 850 1115 Diluculum
884 1063 1081 1117 autem
1106 1055 1349 1117 omnino
1372 1054 1617 1136 puerilis
1644 1063 1783 1115 aetas
1814 1061 1924 1115 est.
1951 1056 2176 1115 Omnes

512 1143 693 1220 igitur
724 1143 901 1203 ﬁnem
938 1145 997 1204 in
1034 1145 1321 1206 memoria
1355 1143 1580 1205 habere
1630 1150 1907 1222 oportet:
1945 1140 2174 1201 etiamsi

517 1231 649 1313 quis
682 1251 831 1311 puer
861 1232 1396 1313 sit,providendum
1432 1252 1504 1293 ne
1526 1232 1672 1292 forte
1705 1250 1821 1291 non
1846 1229 2174 1309 baptizatus

516 1323 822 1384 moriatur.
849 1320 1144 1384 Omnibus
1174 1332 1367 1383 autem
1405 1322 1527 1382 haec
1560 1320 1832 1401 praecipit
1862 1318 2169 1399 Dominus,

514 1420 572 1473 et
603 1410 695 1471 his
729 1410 829 1491 qui
882 1412 941 1472 in
993 1411 1215 1472 mundo
1262 1412 1488 1485 vivunt,
1522 1420 1581 1470 et
1612 1412 1702 1471 his
1754 1409 1852 1489 qui
1898 1426 2172 1470 secesse-

514 1498 984 1571 runl.Debemus
1015 1501 1193 1580 igitur
1218 1500 1457 1579 vigilare
1489 1508 1547 1561 et
1572 1497 2173 1579 orare.Utraqueh&c

521 1590 861 1651 necessaria
891 1598 1047 1651 sunt.
1099 1589 1263 1651 Multi
1302 1589 1458 1650 enim
1506 1588 1761 1664 vigilant,
1799 1588 1900 1649 sed
1938 1597 2169 1649 noctem

516 1680 669 1741 male
694 1678 1192 1741 absumuntA’ide
1222 1688 1419 1741 autem
1454 1674 1753 1758 quomodo
1781 1696 1894 1738 non
1927 1677 2166 1739 dixerit:

2322 514 2333 529 κ
2767 511 2791 533 (Ι
2933 513 2944 531 ε
3062 510 3113 530 ’Ν
3288 511 3314 531 ν
3536 522 3559 532 υ
3636 512 3645 531 Ι

2262 512 2375 574 ἑνος
2450 511 2695 586 ἑκάστου,
2776 533 2860 567 ινα
2919 534 2992 575 ως
3050 514 3248 583 αοήλου
3279 535 3428 577 οντος
3472 535 3564 571 του
3592 512 3802 590 τελους,
3837 516 3916 570 ἀεὶ

2260 601 2665 679 ἀγωνιζώμεθα,
2761 600 3155 680 προσδοκῶντες
3246 602 3372 659 αὖτὸ
3439 604 3527 660 καὶ
3597 601 3916 685 φοϐύμενοι

2261 691 2339 766 μὴ
2397 691 2696 767 ἀνετοίμοις
2755 689 2973 769 ἐπιστῇ.
3049 692 3165 768 (84)
3213 694 3585 770 Σκοπήσωμεν
3613 692 3667 749 δὲ
3704 695 3793 751 καὶ
3823 696 3917 758 τὰς

2260 779 2449 855 λέξεις,
2527 782 2641 856 Οψὶ
2666 780 2765 855 μὲν
2822 781 3094 860 ἐφίσταται
3125 783 3188 839 16
3214 781 3392 859 τέλος,
3453 782 3579 840 ὅταν
3612 806 3694 850 τις
3740 786 3918 865 γηρά-

2262 892 2357 934 σας
2430 870 2694 947 ἀποθάνῃ.
2769 873 3122 929 Μεσονυκτίου
3165 870 3241 948 δὲ,
3302 872 3433 930 ὅταν
3459 896 3540 937 τις
3570 873 3746 949 μέσης
3786 873 3915 943 ἡλι-

2259 960 2395 1023 κίας·
2435 958 2551 1026 ε’ίη.
2626 959 3109 1041 Ἀλεκτοροφωνίας
3154 959 3209 1018 δὲ
3239 961 3367 1018 ’ὃταν
3401 965 3428 1019 6
3473 962 3633 1043 λόγος
3659 966 3719 1021 εν
3781 966 3919 1040 ἡμῖν

2260 1049 2648 1130 συμπληρωθῇ.
2737 1048 3006 1129 Ἀλέκτωρ
3074 1053 3173 1131 γὰρ
3257 1054 3285 1109 6
3354 1052 3535 1133 λόγος,
3611 1056 3639 1110 6
3701 1054 3920 1134 ἐγείρων

2256 1141 2399 1214 ἡμᾶς
2474 1140 2578 1197 ἀπὸ
2633 1141 2729 1197 τοῦ
2795 1141 2958 1202 ὕπνου
3027 1147 3127 1210 τῆς
3186 1144 3553 1211 ἀναισθησίας.
3594 1133 3772 1203 ΩὈτταν
3830 1144 3920 1201 οὖν

2259 1226 2476 1307 ἄρξηται
2536 1231 2673 1286 κατὰ
2718 1229 2877 1309 λόγον
2940 1237 3033 1308 ζῇν
3092 1235 3120 1288 6
3170 1246 3304 1297 παῖς
3347 1234 3435 1289 καὶ
3462 1246 3703 1313 φρονεῖν,
3732 1234 3855 1293 τότε
3884 1237 3912 1290 6

2258 1318 2496 1392 ἀλέκτωρ
2559 1320 2613 1376 ἐν
2672 1323 2814 1395 αὐτῷ
2867 1343 3051 1399 φωνει.
3133 1324 3320 1401 Πρωία
3395 1320 3473 1401 δὲ,
3548 1325 3583 1391 ἡ
3639 1322 3916 1388 παντελῶς

2258 1407 2479 1476 παιδικὴ
2510 1408 2714 1477 ἡλικία.
2752 1419 2849 1466 Δεῖ
2876 1411 2970 1465 οὗν
3023 1411 3225 1477 πάντας
3283 1416 3621 1492 προνοεῖσθαι
3675 1421 3768 1470 τοῦ
3820 1413 3915 1469 τέ-

2258 1499 2406 1562 λους.
2470 1498 2577 1556 Κᾶν
2630 1500 2729 1578 γὰρ
2784 1498 2990 1557 παιδίον
3048 1500 3166 1577 εἴη,
3230 1502 3557 1582 προνοητέον
3588 1503 3675 1559 καὶ
3703 1504 3915 1580 τούτου,

2257 1588 2456 1662 μήπως
2486 1588 2810 1645 ἀϐάπτιστον
2852 1589 3096 1653 ἀπέλθοι.
3158 1597 3292 1647 Πᾶσι
3334 1590 3388 1647 δὲ
3417 1599 3582 1649 ταῦτα
3610 1592 3919 1673 παραγγελ-

2254 1676 2335 1733 λει
2370 1680 2397 1733 ὁ
2444 1679 2651 1757 Κύριος,
2687 1680 2775 1735 καὶ
2818 1693 2937 1744 τοῖς
2994 1679 3439 1761 κοσμικωτέροις,
3504 1683 3590 1737 καὶ
3620 1696 3739 1746 τοῖς
3782 1681 3918 1740 ἀνα-

512 1769 728 1832 Nescio
762 1769 917 1829 enim
943 1767 1174 1846 quando
1211 1778 1444 1849 tempus
1467 1777 1558 1829 est
1610 1766 2023 1841 sed,Nescitis.
2052 1769 2169 1831 0c-

2257 1781 2562 1848 χωρηταῖς.
2633 1768 2948 1850 Ὀφείλομεν
3006 1770 3096 1827 οὖν
3182 1786 3473 1849 γρηγορεῖν
3545 1774 3630 1828 καὶ
3690 1774 3918 1851 προσεύ-

512 1858 752 1920 cultavit
781 1858 939 1919 enim
973 1859 1112 1919 246
1146 1867 1403 1919 nostram
1452 1858 1526 1919 ob
1562 1859 1877 1918 utilitatem
1940 1855 2082 1917 Nam
2117 1857 2168 1917 si

2250 1862 2439 1937 χεσθαι
2525 1856 2688 1937 ἄμφω
2744 1866 2932 1923 ταῦτα,
3015 1858 3211 1917 Πολλοὶ
3281 1863 3381 1940 γὰρ
3450 1870 3768 1941 γρηγοροῦσι
3820 1863 3920 1938 μὲν

511 1966 691 2023 nunc,
722 1966 855 2008 cum
888 1955 975 2008 est
1008 1948 1139 2008 ﬁnis
1182 1947 1389 2009 mundi
1424 1949 1712 2017 incertus,
1753 1944 1970 2005 mutuis
2021 1946 2170 2007 odiis

2254 1946 2373 2003 ἀλλ’
2431 1950 2504 2011 εἷς
2548 1950 2759 2026 πονηρὰ
2813 1950 2907 2014 τὰς
2973 1950 3163 2015 νύκτας
3236 1948 3634 2015 ἀναλίσκοντες,
3708 1960 3817 2030 Ορα
3865 1949 3919 2007 δὲ

512 2037 862 2111 insanimus,
888 2036 1027 2117 quid
1053 2056 1169 2098 non
1204 2036 1538 2098 faceremus
1569 2039 1829 2098 scientes
1864 2034 2075 2096 linem?
2107 2035 2170 2096 In

2256 2045 2372 2102 πῶς
2418 2037 2741 2120 ὠκέἷπεν,
2798 2037 2905 2119 ὅτι,
2967 2041 3073 2097 Οὔκ
3115 2038 3243 2097 οῖδα
3282 2040 3411 2097 πότε
3442 2042 3470 2097 ὁ
3514 2041 3693 2120 καιρός
3750 2041 3916 2122 ἐστιν,

509 2135 831 2187 extremam
850 2144 994 2186 sane
1011 2126 1287 2188 malitiam
1314 2126 1751 2187 insumeremus
1773 2134 1887 2186 tem
1897 2143 2004 2205 pus
2016 2124 2170 2206 quod

2259 2125 2379 2183 ἀλλ’
2439 2129 2545 2184 Οὐκ
2603 2126 2807 2187 οἴδατε.
2871 2130 2969 2186 Διὰ
3025 2130 3125 2209 γὰρ
3184 2132 3245 2185 16
3302 2131 3456 2205 ἡμῶν
3509 2129 3774 2211 συμφέρον
3817 2131 3919 2187 ἀπ-

512 2216 642 2276 vitae
676 2217 855 2276 ﬁnem
891 2215 1279 2295 praecederet,
1312 2216 1529 2276 deinde
1571 2213 1777 2275 ultimo
1812 2215 1909 2275 die
1941 2234 2170 2277 summa

2259 2216 2510 2297 ἔκρυψεν.
2575 2220 2631 2277 Εἰ
2674 2219 2775 2297 γὰρ
2808 2221 2897 2275 καὶ
2955 2227 3042 2275 νῦν
3097 2218 3295 2290 ἀδήλου
3365 2229 3457 2279 τοῦ
3510 2218 3697 2286 τέλους
3738 2218 3914 2293 ὄντος,

511 2324 646 2367 cum
666 2305 898 2384 jactura
932 2305 1340 2384 paenitentiam
1366 2322 1702 2384 ageremus.

2254 2307 2372 2365 κατ’
2402 2307 2677 2378 ἀλλήλων
2736 2308 3057 2389 μαινόμεθα,
3132 2311 3183 2367 τί
3257 2310 3351 2366 οὒκ
3410 2308 3472 2366 ἂν
3524 2312 3809 2388 ὶποιοῦμεν
3865 2319 3911 2373 εἰ

510 2396 867 2473 ὲγινώσκομεν
916 2398 977 2451 τὸ
1009 2394 1215 2475 τέλος;
1274 2398 1357 2459 Εἰς
1412 2396 1655 2474 ἓσχάτην
1713 2396 1813 2473 γὰρ
1870 2396 2061 2451 κακίαν
2112 2397 2205 2451 τὸν
2246 2398 2351 2477 πρὸ
2381 2403 2481 2466 τῆς
2536 2396 2791 2465 τελευτῆς
2834 2400 3017 2480 καιρὸν
3070 2397 3426 2477 ἀνηλὶσκομεν
3471 2397 3581 2481 ἃν,
3613 2403 3733 2458 εἶτα
3807 2408 3911 2478 μιᾷ

508 2484 683 2563 ἡμέρᾳ
714 2485 993 2560 μετάνοιαν
1037 2483 1443 2559 ἐνδεικνύμενοι,
1480 2483 1847 2560 ἐϐλαπεόμεθα
1894 2484 1956 2540 ἂν
1987 2487 2049 2541 τὰ
2086 2487 2355 2566 χείριστα.

1155 2573 1394 2638 CAPUT
1434 2573 1588 2636 XIV.

508 2668 597 2730 De
616 2668 892 2748 muliere
927 2666 1175 2730 Domini
1204 2668 1382 2748 pedes
1414 2676 1705 2746 ungente.
1747 2669 1829 2729 De
1852 2668 2164 2731 Paschate.

598 2746 689 2810 De
719 2749 1042 2810 traditione
1088 2746 1336 2810 Christi.
1379 2749 1465 2809 [le
1497 2751 1817 2828 negatione
1847 2748 2041 2812 Petri.
2078 2749 2170 2810 De

598 2829 898 2969 imlpost'tts
930 2828 1174 2891 Christo
1224 2846 1424 2891 comm
1474 2830 1755 2909 principe
1786 2829 2163 2891 sacerdotum

596 2927 666 2972 cu
697 2926 952 2971 ummts.

514 3002 517 3007 λ
588 3000 1107 3066 Vsus.1-5.aErat
1128 3011 1324 3064 autem
1350 3004 1571 3065 Pascha
1602 3016 1652 3064 et
1676 3022 2013 3084 azymorum
2038 2986 2227 3065 diesc

510 3094 687 3154 futuri
723 3100 852 3172 post
884 3091 1126 3153 biduum
1160 3092 1229 3153 Et
1264 3094 1610 3173 quazrebant
1640 3097 1853 3156 summi
1886 3093 2170 3156 sacerdo-

506 3190 595 3247 tes
612 3201 678 3244 ac
698 3181 923 3246 Scribaa
943 3182 1241 3262 quomodo
1267 3202 1401 3243 eum
1429 3202 1534 3263 per
1556 3183 1755 3245 dolum
1779 3183 2173 3263 comprehen-

506 3291 639 3334 sum
672 3270 1335 3334 occiderent.Dicebant
1365 3282 1562 3334 autem
1593 3292 1606 3336 :
1634 3275 1762 3337 Non
1784 3272 1842 3333 in
1875 3273 1972 3333 die
1992 3274 2168 3353 festo,

516 3382 593 3423 ne
621 3360 906 3422 tumultus
932 3362 1031 3421 ﬁat
1065 3362 1289 3443 populi.
1326 3363 1397 3424 Et
1426 3382 1559 3423 cum
1592 3374 1747 3424 esset
1778 3362 2078 3424 Bethanize
2106 3362 2165 3423 in

514 3450 962 3513 domoSimonis
994 3450 1634 3531 leprosi,accumbente
1658 3471 1752 3526 eo,
1778 3453 1937 3513 venit
1959 3452 2169 3515 mulier

508 3541 738 3602 habens
757 3538 1111 3602 alabastrum
1131 3542 1415 3620 unguenti
1440 3542 1607 3602 nardi
1629 3542 1852 3621 pistica:
1872 3544 2164 3622 pretiosae;

509 3641 569 3694 et
616 3630 985 3692 comminuto
1016 3629 1310 3692 alabastro
1346 3632 1551 3692 effudit
1580 3631 1665 3691 illi
1690 3632 1744 3691 in
1776 3643 1970 3712 caput.
1993 3631 2172 3701 Erant

506 3729 703 3782 autem
760 3719 1003 3799 quidam
1064 3719 1163 3800 qui
1215 3720 1670 3799 indignarentur
1718 3724 1869 3800 apud
1913 3740 2069 3801 sese,
2104 3740 2173 3783 ac

504 3810 794 3870 dicerent:
825 3810 916 3869 Ad
945 3809 1084 3888 quid
1121 3810 1375 3888 perditio
1409 3812 1532 3872 haec
1563 3811 1886 3887 unguenti?
1914 3830 2044 3871 nam
2073 3832 2170 3892 po-

504 3908 657 3960 terat
689 3900 798 3958 hoc
831 3897 1007 3957 vendi
1043 3899 1226 3977 pluris
1258 3918 1432 3979 quam
1471 3900 1753 3961 trecentis
1784 3900 2071 3971 denariis,
2100 3919 2168 3963 ac

501 3988 627 4050 dari
654 3986 1109 4067 pauperibusEt
1141 3988 1579 4050 infremuerunt
1612 3988 2102 4053 adversusillam.
2141 4014 2161 4047 ε

502 4076 676 4140 Feria
702 4084 906 4157 quarta
940 4077 1257 4138 concilium
1280 4079 1644 4153 convenit,et
1664 4080 2163 4159 proptereajeju-

506 4184 717 4228 namus
740 4165 914 4229 etiam
944 4185 1052 4226 nos
1074 4167 1303 4246 quartis
1331 4168 1517 4229 feriis.
1554 4167 1644 4229 Illi
1668 4168 1908 4247 quidem
1933 4169 2166 4231 consul-

502 4254 1125 4317 tabantsolemnitatis
1155 4263 1392 4336 tempus
1425 4258 1905 4336 prmtermittere,
1942 4266 1998 4318 at
2048 4278 2166 4320 non

500 4346 856 4427 permissum
892 4352 982 4405 est
1011 4345 1127 4420 eis,
1162 4346 1266 4407 sed
1304 4347 1433 4425 ipse
1464 4345 1578 4407 sibi
1610 4346 1724 4425 ipsi
1762 4353 1998 4427 tempus
2030 4367 2166 4428 pas-

2892 2585 3146 2640 ΚΕΦΑΛ.
3179 2577 3293 2641 IA'.

2252 2670 2528 2751 115911-71:
2591 2670 2894 2748 ἀλειψάσης
2950 2674 3042 2729 τὸν
3117 2672 3303 2751 Κύριον
3360 2673 3532 2751 μύρῳ.
3626 2674 3751 2751 Περὶ
3822 2681 3916 2731 τοῦ

2332 2750 2551 2831 Πάσχα.
2633 2754 2758 2832 Περὶ
2856 2753 2951 2821 τῆς
3050 2758 3143 2809 τοῦ
3196 2750 3456 2831 ⁷Χριστοῦ
3539 2750 3909 2832 παραδόσεως.

2333 2834 2459 2929 Περὶ,
2512 2832 2609 2900 τῆς
2651 2835 2956 2929 ,ἀρμσεως
3038 2835 3130 2929 10:3
3211 2834 3436 2929 Qé1pop.
3494 2836 3625 2929 μερὶ
3674 2840 3779 2893 τῶν
3836 2840 3914 2909 τῷ

2335 2914 2506 2994 ξυρίῳ
2534 2914 2677 2993 παρὰ
2706 2919 2784 2987 τῷ
2814 2914 3062 2994 ἀρχιερεῖ
3090 2913 3430 2972 ἰπιτεθεισῶν
3458 2913 3668 2979 αἰτιῶν.

2333 2993 2431 3063 Ἠν
2487 3006 2546 3063 δὲ
2588 3009 2650 3063 16
2694 2993 2892 3087 Πάσχα
2936 3010 3024 3063 καὶ
3080 3007 3147 3062 τά
3176 3004 3373 3083 ἄζυμα,
3405 3011 3539 3084 μετὰ
3567 3007 3657 3066 δύο
3686 3009 3910 3090 ἡμέρας.

2257 3097 2355 3154 Καὶ
2411 3095 2628 3166 ἐζήτουν
2686 3098 2734 3154 οἱ
2778 3096 3054 3177 ἀρχιερεῖς
3104 3097 3200 3153 καὶ
3257 3100 3304 3155 οἱ
3373 3104 3742 3177 Γραμματεῖς,
3798 3105 3913 3163 πῶς

2254 3184 2409 3241 αὐτὸν
2466 3184 2522 3241 ἰν
2577 3183 2717 3261 δόλῳ
2771 3188 3133 3265 κρατήσαντες
3203 3186 3610 3252 ἀποκτείνωσιν,
3667 3186 3915 3267 ’Ἔλεγον

2253 3272 2334 3357 δὲ,
2382 3276 2471 3343 Μὴ
2516 3275 2569 3332 ὲν
2599 3281 2667 3353 τῇ
2700 3277 2881 3355 ἑορτῇ,
2943 3278 3153 3351 μήποτε
3208 3274 3423 3356 θόρυϐος
3455 3275 3600 3334 ἔσται
3631 3284 3726 3335 τοῦ
3754 3276 3912 3341 λαοῦ,

2256 3366 2355 3423 Καὶ
2410 3363 2561 3431 ὄντος
2618 3368 2777 3423 αὗτοῦ
2846 3366 2899 3423 ἓν
2957 3366 3189 3439 Βηθανίᾳ
3232 3366 3286 3421 ἐν
3342 3366 3478 3440 οἰκίᾳ
3533 3367 3776 3443 Σίμωνος
3820 3374 3914 3424 τοῦ

2250 3453 2471 3535 λεπροῦ,
2505 3454 2891 3532 κατακειμένου
2950 3456 3131 3537 αὐτοῦ,
3177 3454 3303 3523 ἦλθε
3354 3457 3490 3537 γυνὴ
3540 3455 3745 3536 ἔχουσα
3774 3455 3915 3513 ἀλά-

2252 3542 2479 3623 ϐαστρον
2537 3545 2699 3623 μύρου
2770 3542 2957 3623 νάρδου
3038 3550 3315 3618 πιστικῆς,
3404 3545 3752 3613 πολυτελοῦς.
3816 3548 3915 3605 Καὶ

2253 3636 2689 3715 συντρίψασα-τὸ
2715 3632 3071 3713 ἀλάϐαστρον,
3104 3634 3364 3715 κατέχεεν
3410 3635 3571 3693 αὺτοῦ
3626 3638 3761 3693 κατὰ
3812 3640 3911 3703 τῆς

2256 3721 2521 3803 κεφαλῆς.
2586 3712 2753 3780 Ἠσαν
2810 3721 2864 3779 δέ
2926 3712 3066 3787 τινες
3121 3712 3542 3802 ἀγανακτοῦντες
3592 3727 3724 3803 πρὸς
3782 3726 3912 3783 δαυ-

2255 3814 2375 3877 τοὺς
2423 3814 2512 3869 καὶ
2570 3811 2843 3893 λέγοντες,
2908 3815 2995 3877 Εἷς
3052 3816 3102 3869 τί
3136 3816 3170 3881 ἡ
3201 3813 3442 3871 ἀπώλεια
3467 3813 3600 3882 αὕτη
3630 3821 3723 3872 τοῦ
3753 3816 3916 3893 μύρου

2252 3902 2520 3982 γέγονεν;
2579 3901 2805 3971 ἠδύνατο
2863 3904 2963 3983 γὰρ
3019 3911 3172 3960 τοῦτο
3229 3908 3490 3981 πραθῆναι
3536 3902 3714 3960 ἐπάνω
3761 3926 3913 3985 τρια-

2250 3995 2445 4050 κοσίων
2500 3991 2784 4071 δηναρίων,
2864 3995 2952 4049 καὶ
3010 3991 3224 4060 δοθῆναι
3270 4006 3390 4057 τοῖς
3452 4006 3727 4073 πτωχοῖς.
3817 3997 3917 4052 Καὶ

2251 4080 2603 4162 ἐνεϐριμῶντο
2636 4082 2793 4159 αὐτῇ,
2857 4100 2883 4139 ε
2916 4082 2995 4151 Τῆ
3037 4078 3244 4159 τετράδι
3293 4084 3354 4137 τὸ
3409 4080 3727 4155 συμϐούλιον
3782 4105 3912 4139 συν-

2252 4172 2403 4239 έστη.
2469 4173 2567 4230 Καὶ
2623 4169 2708 4228 διὰ
2763 4178 2917 4229 τοῦτο
2974 4172 3298 4246 νηστεύομεν
3340 4172 3427 4227 καὶ
3482 4173 3646 4247 ἡμεῖς
3690 4173 3784 4237 τὰς
3815 4193 3912 4229 τε-

2249 4260 2467 4340 τράδας,
2534 4259 2770 4317 Ἐκεῖνοι
2838 4260 2938 4337 μὲν
2995 4260 3085 4317 οὗν
3114 4258 3406 4327 ἠϐούλοντο
3455 4263 3543 4317 τὸν
3588 4266 3688 4329 τῆς
3722 4262 3913 4338 ἑορτῆς

2248 4352 2431 4431 καιρὸν
2474 4349 2803 4430 ὑπερθέσθαι,
2882 4352 2941 4407 οὐ
2986 4352 3441 4432 συνεχωρήθησαν
3496 4349 3571 4424 δὲ,
3636 4349 3757 4407 ἀλλ’
3811 4354 3912 4409 αὒ-

501 4436 689 4498 sionis
710 4435 1064 4509 slatuens,in
1097 4434 1319 4496 Pascha
1342 4434 1609 4514 cruciﬁgi
1639 4436 1821 4497 voluit
1854 4435 1983 4516 Ipse
2005 4438 2163 4498 enim

2254 4445 2341 4506 τὸς
2401 4444 2571 4516 ἑαυτῷ
2626 4443 2718 4498 τὸν
2776 4445 2960 4521 καιρὸν
3017 4450 3109 4500 τοῦ
3165 4444 3363 4507 πάθους
3432 4445 3634 4523 τηρῶν,
3684 4444 3821 4501 κατὰ
3848 4446 3915 4501 16

502 4534 630 4588 erat
663 4523 883 4587 Pascha
931 4542 1160 4586 verum.
1200 4524 1368 4587 Unde
1399 4526 1680 4586 virtutem
1717 4527 1847 4602 ejus
1878 4527 2166 4595 admirari

501 4618 659 4680 licet.
695 4616 838 4678 Nam
882 4635 1014 4678 cum
1035 4616 1117 4676 illi
1148 4616 1366 4678 vellent
1392 4618 1582 4696 ipsum
1616 4618 2159 4701 comprehendere,

2253 4533 2449 4612 Πάσχα
2506 4529 2759 4599 εὐδόκησε
2842 4536 3231 4610 σταυρωθῆναι.
3307 4532 3477 4596 Αὐτὸς
3560 4533 3661 4613 γὰρ
3726 4533 3793 4601 ἦν
3850 4537 3914 4590 16

2250 4624 2445 4703 Πάσχα
2502 4623 2564 4679 τὸ
2638 4620 2913 4703 ἀληθινόν.
2972 4615 3149 4680 ἿΟθεν
3229 4623 3494 4697 θαυμάσαι
3547 4623 3768 4701 πάρεστι
3813 4624 3916 4691 τὴν

500 4728 618 4771 non
650 4714 965 4789 potuerunt
997 4726 1010 4765 :
1057 4708 1295 4787 quando
1327 4717 1521 4768 autem
1556 4707 1644 4771 illi
1676 4711 1993 4769 noluerunt
2015 4700 2161 4791 pro-4

2254 4700 2408 4773 16106
2456 4708 2693 4787 δύναμιν.
2746 4700 2886 4769 u01¢
2942 4711 3041 4788 μὲν
3098 4712 3199 4792 γὰρ
3249 4711 3446 4769 ἐκεῖνοι
3505 4700 3795 4780 ἠϐούλοντο
3822 4736 3915 4771 κα-

1585 4829 1667 4892 Ex
1699 4830 2019 4893 collatione
2049 4831 2229 4895 codd.
2262 4829 2576 4911 Venet.pS.
2616 4827 2824 4891 Marci.

592 4955 687 5029 ‘84
716 4954 863 5019 Cod.
897 4955 974 5017 96
1002 4954 1165 5016 addit
1201 4974 1214 5015 ε
1273 4965 1405 5011 Εἶτα
1436 4952 1693 5029 λαμϐάνει
1742 4956 1828 5010 καὶ
1872 4955 2167 5031 ὑπόδειγμα

2254 4952 2379 5025 Em,
2410 4974 2467 5010 κ.
2496 4972 2550 5014 τ.
2585 4948 2636 5031 λ,
2672 4972 2695 5007 ε
2724 4948 2875 5011 Dein
2891 4948 3067 5031 affert
3088 4947 3427 5031 exemplum
3450 4948 3527 5011 de
3550 4947 3919 5031 ﬁdelibus,et

500 5040 620 5111 περὶ
674 5040 779 5093 τῶν
832 5044 1060 5113 πιστῶν,
1118 5038 1206 5093 καὶ
1263 5038 1380 5111 περὶ
1438 5035 1647 5109 ἑαυτοῦ,
1718 5036 1807 5090 καί
1850 5058 2011 5115 φησιν
2093 5047 2166 5099 Ως

2254 5033 2329 5122 de
2352 5032 2573 5122 seipse,
2602 5030 2811 5122 dicens
2841 5029 3031 5122 :IjJrit
3050 5026 3662 5122 sicqthpnmoperegfe
3675 5030 3918 5122 profec-

501 5110 792 5196 ἅνθρωπως
861 5110 1159 5193 ἀποδημῶν
1245 5110 1411 5183 ἔσται,
1502 5116 1776 5195 ἄνθρωπον
1831 5110 1927 5191 μὲν
1984 5117 2168 5174 ἑαυτὸν

2254 5110 2495 5177 tus.Pér
2512 5112 2815 5175 hominem
2834 5111 3099 5196 seipsum
3124 5110 3440 5188 signiﬁcat,
3462 5120 3524 5172 ut
3545 5110 3771 5196 pluries
3791 5112 3921 5174 dic-

500 5192 805 5274 ὒποδηλῶν,
852 5200 924 5262 ὡς
985 5198 1036 5253 ἐν
1087 5196 1316 5261 πολλοῖς
1370 5192 1630 5275 εἴρηταί·
1705 5196 2012 5272 ἀποδημίαν
2086 5194 2165 5267 δὲ,

2254 5202 2375 5256 tum
2397 5202 2487 5275 est
2511 5214 2525 5251 :
2562 5211 2670 5275 per
2679 5192 3248 5275 peregrinationem
3269 5193 3916 5267 autem,ascensionem

498 5282 593 5347 τὴν
653 5281 727 5341 εἰς
771 5280 988 5356 οὐρανὸν
1035 5277 1302 5353 ἀνάληψιν
1332 5297 1342 5309 ’
1399 5274 1564 5333 οἰκίαν
1598 5275 1651 5332 δὲ
1684 5279 1863 5357 αὐτοῦ,
1898 5280 1988 5334 τὸν
2017 5299 2157 5357 παρ-

2254 5279 2305 5357 in
2330 5274 2573 5357 cretum;
2596 5291 2702 5354 per
2721 5274 2979 5357 domum
3001 5290 3193 5357 suam,
3215 5281 3585 5357 prasentem
3622 5275 3914 5335 mundum

499 5360 625 5416 ὄντα
666 5351 868 5433 κόσμον
905 5374 918 5388 ⁸
982 5356 1193 5423 δούλους
1228 5351 1301 5414 δὲ
1368 5357 1526 5414 αὒτοῦ
1586 5358 1708 5421 τοὺς
1764 5351 2106 5437 Χρίστιανούς
2140 5373 2154 5389 ⁸

2254 5354 2539 5433 intelligit;
2557 5351 2672 5436 per
2699 5372 2899 5437 servos
2928 5351 3481 5437 ejus,Christianos;
3499 5371 3912 5437 persuumcu-

504 5440 725 5495 ἑκάστου
781 5437 835 5493 δὲ
880 5440 941 5495 16
987 5438 1162 5516 ἔργον,
1209 5440 1308 5505 τὴν
1356 5437 1597 5517 φυλακὴν
1645 5446 1749 5495 τῶν
1780 5433 2010 5496 ἐντολῶν
2058 5442 2157 5494 αὒ-

2254 5440 2462 5517 iusque
2486 5433 2660 5516 opus,
2680 5433 3579 5517 robservautiamimandatorum
3611 5435 3823 5517 ipsius,
3853 5444 3915 5497 et

501 5526 615 5593 τοῦ,
672 5521 761 5576 καὶ
821 5515 1067 5598 ἐργασίαν
1146 5525 1251 5575 τῶν
1318 5515 1517 5597 ἀρετῶν
1551 5538 1564 5550 ’
1636 5522 1865 5597 θυρωρὸν
1924 5518 2003 5595 δὲ,
2068 5521 2159 5576 τὸν

2254 5515 2602 5581 exercitium
2635 5516 2944 5588 Virtutum;
2980 5534 3087 5597 per
3124 5515 3447 5598 janitorem
3497 5515 3767 5593 demum,
3800 5534 3913 5598 ωε

498 5601 724 5675 ἑκάστου
754 5596 903 5674 νοῦν,
954 5602 1043 5655 τὸν
1102 5596 1481 5657 ἐπιστατῶντα
1512 5612 1630 5663 τοῖς
1675 5596 1839 5677 θυρίσι
1892 5606 1987 5668 τῆς
2048 5604 2156 5675 ψυ-

2254 5599 2465 5681 jusque
2498 5605 2787 5671 mentem,
2820 5596 3267 5681 quaa_p_ra3_s_idet
3288 5597 3517 5681 foribus
3559 5597 3806 5681 animae,
3819 5597 3915 5662 vel

2248 5676 2679 5761 sensuum,per
2698 5676 2856 5759 quos
2882 5676 3173 5761 spiritalis
3201 5677 3296 5740 fur
3324 5677 3559 5741 insilire
3582 5677 3914 5744 solet.Con-

500 5685 634 5759 λῆς,
668 5678 825 5757 ἤγουν
871 5680 965 5746 τῆς
999 5682 1311 5753 αἰσθήσεως,
1365 5678 1430 5734 δι’
1486 5682 1561 5734 ῶν
1605 5684 1631 5734 ὁ
1677 5686 1867 5749 νοητὸς
1923 5679 2159 5747 κλέπτης

500 5704 634 5759 ’.7.ς’
668 5704 825 5757 ηγωγι
871 5704 965 5746 της
999 5704 1311 5753 αισῠησεως,
1365 5704 1409 5734 οι
1486 5704 1561 5734 ων
1605 5704 1631 5734 Ο
1677 5704 1867 5749 νοητος
1923 5704 2159 5747 κΛεπτης

499 5704 762 5831 ἔπιπηδῷ
847 5762 1015 5821 εἷωθε,
1107 5762 1475 5835 Σκοπτίσωμεν
1560 5758 1611 5816 δὲ
1698 5765 1783 5819 καὶ
1872 5764 1964 5826 τὰς
2062 5761 2157 5818 λό-

2254 5704 2679 5761 sensuuul,per
2698 5704 2851 5759 quo!
2882 5704 3173 5759 aplruuus
3201 5704 3270 5740 llll

2254 5761 2586 5823 rideremus
2607 5768 2816 5823 autem
2838 5757 3052 5835 verba,
3088 5783 3115 5816 ι
3155 5766 3270 5821 etc.

525 5756 762 5831 πιπηδᾷν
847 5762 1015 5821 εἷωθε,
1107 5762 1475 5835 Σκοπτίσωμεν
1560 5758 1611 5816 δὲ
1698 5765 1783 5819 καὶ
1872 5764 1964 5826 τὰς
2062 5761 2157 5818 λό-
