4232 6410
495 338 613 403 647

1468 326 2061 397 THEOPHYLACTI
2107 321 2517 389 BULGARLE
2562 324 2918 389 ARCHIEP.

3761 323 3880 388 648

500 474 716 535 Christi
751 476 807 536 in
836 472 1028 533 viliori
1064 483 1338 552 ponatur,
1370 477 1697 549 praetexens
1726 454 1963 527 scilicet»
1996 482 2132 543 pau-

2230 461 2462 536 λύτιμον,
2525 464 2610 519 καὶ
2663 463 2974 540 ἀναγκάζων
3042 465 3100 517 τὸ
3161 469 3315 538 σῶμα
3389 465 3479 521 του
3552 466 3774 540 Χριστοῦ
3829 461 3881 516 ἐν

501 581 697 644 peres,
732 561 877 623 sciat
906 561 1078 641 cujus
1111 559 1291 641 partis
1321 559 1416 619 sit.

578 738 759 801 Vens.
800 738 1001 811 10,11.
1045 761 1066 793 α
1109 739 1177 799 Ει
1202 737 1381 800 ludas
1409 736 1723 799 Iscarimes
1752 755 1908 797 unus
1934 756 1967 798 e
1989 737 2141 797 duo-

500 828 691 891 decim
716 826 859 888 abiit
888 826 959 888 ad
992 846 1260 887 summos
1277 827 1712 894 sacerdotes.ut
1732 825 1990 886 traderet
2007 844 2143 888 eum

464 984 465 987 η
498 916 775 989 illis.Quo
795 916 998 980 audito
1030 915 1116 977 illi
1142 916 1326 995 gavisi
1358 926 1517 994 sunt,
1544 923 1601 977 et
1630 914 1882 993 polliciti
1907 920 2144 989 sunt,se

499 1008 554 1071 ei
583 1007 827 1069 daturos
858 1003 1272 1087 pecuniamEt
1295 1004 1597 1085 quaeri-bat
1616 1004 1909 1081 quomodo
1927 1024 2143 1085 Oppor—

496 1107 635 1160 tune
667 1095 833 1158 illum
865 1096 1149 1157 traderet.
1183 1120 1209 1151 ι
1246 1092 1392 1157 Cum
1419 1094 1635 1156 mulier
1670 1112 1835 1155 suam
1870 1093 2138 1156 liberali-

498 1195 674 1249 tatem
698 1184 1052 1260 declararet,
1078 1183 1411 1246 insaniebat
1432 1183 1758 1263 discipulus
1779 1202 1929 1245 unus
1946 1204 1978 1246 e
2001 1184 2145 1246 duo-

496 1277 857 1338 decim.Non
888 1274 1048 1335 enim
1084 1282 1309 1335 temere
1338 1273 1605 1334 additum
1639 1282 1910 1345 est,unus
1932 1292 1964 1334 e
1987 1274 2141 1335 duo—

499 1364 833 1444 decim,sed
861 1372 921 1423 ut
955 1362 1373 1424 ostenderetur
1400 1363 1554 1443 quod
1585 1381 1736 1423 unus
1765 1380 1797 1422 ο
1824 1362 2141 1424 duodecim

502 1453 861 1518 electoribus
891 1464 1068 1514 esset.
1106 1453 1254 1525 Quid
1289 1458 1486 1515 autem
1521 1463 1608 1511 est
1641 1452 1750 1512 hoc
1784 1451 1943 1531 quod
1971 1454 2145 1525 ait,ut

504 1545 765 1607 traderet
795 1541 1013 1604 illum?
1042 1542 1155 1604 hoc
1188 1552 1299 1615 est,
1334 1541 1699 1619 signiﬁcaret
1743 1540 1862 1601 illis
1908 1540 2146 1622 quando

2227 550 2575 631 εύτελεστέρῳ
2629 553 2879 628 τίθεσθαι,
2942 551 3399 632 προφασιζόμενος
3455 548 3509 606 δὲ
3541 551 3665 614 τοὺς
3727 572 3881 607 πτω-

2227 641 2385 720 χοὺς,
2422 641 2729 719 γινωσκέτω
2750 641 2907 703 ποίας
2938 638 3145 720 μερίδος
3189 640 3354 699 ἐστίν.

2315 753 2343 783 α
2403 732 2498 788 Καὶ
2554 729 2751 793 Ἰούδας
2807 732 2834 785 ὁ
2921 726 3289 810 Ἰσκαριώτης,
3348 730 3434 793 εἰς
3486 736 3593 785 τῶν
3648 727 3878 802 δώδεκα,

2229 817 2432 893 ἄπῆλθε
2489 821 2619 898 πρὸς
2678 820 2798 877 τοὺς
2853 819 3129 899 ἀρχιερεῖς
3186 818 3279 875 ’ἕνα
3338 818 3559 898 παραδῷ
3589 819 3744 877 αὐτὸν
3780 822 3879 877 αὖ·

2226 922 2363 970 τοῖς.
2423 912 2482 965 Οἱ
2541 907 2594 965 δὲ
2644 908 2960 974 ἀκούσαντες
3003 908 3305 989 ἐχάρησαν,
3340 915 3428 965 καὶ
3485 906 3881 987 ἐπηγγείλαντο

2226 1001 2368 1072 αὐτῷ
2425 998 2667 1078 ἆργὺριον
2738 997 2940 1078 δοῦναι·
2972 1000 3061 1055 καὶ
3090 1000 3294 1070 έζήντει
3328 1005 3443 1062 πῶς
3477 999 3730 1077 εὐκαίρως
3780 997 3881 1053 αὗ·-

2223 1088 2315 1142 τὸν
2371 1077 2611 1166 παραδῷ.
2674 1111 2701 1143 ι
2762 1077 2902 1145 "Ou
2973 1090 3009 1155 ὴ
3062 1089 3197 1165 γυνὴ
3225 1091 3325 1155 τὴν
3355 1089 3552 1145 οἰκείαν
3574 1085 3883 1168 φιλοτιμίαν

2229 1173 2551 1254 ἐπεδείξατο,
2608 1178 2730 1234 τότε
2783 1180 3023 1253 μαίνεται
3095 1180 3123 1233 ὁ
3154 1178 3422 1253 μαθητὴς,
3457 1179 3485 1232 ὃ
3517 1177 3603 1241 εἷς
3634 1178 3739 1233 τῶν
3771 1173 3884 1231 δώ-

2229 1263 2376 1346 δεκα.
2439 1265 2510 1323 Οὔ
2538 1268 2638 1346 γὰρ
2692 1265 2876 1330 ἁπλῶς
2933 1279 3109 1323 κεῖται
3179 1268 3265 1341 τὸ,
3327 1267 3411 1329 εἷς
3465 1273 3572 1323 τῶν
3655 1263 3880 1322 δώδεκα”

2227 1345 2352 1411 ἀλλ’
2399 1356 2491 1412 ἴνα
2548 1345 2713 1433 δείξῃ,
2772 1357 2853 1412 ὅτι
2917 1360 2997 1422 εἷς
3031 1358 3134 1413 τῶν
3165 1356 3457 1435 προκρίτων
3513 1354 3764 1419 ἐκλεκτὸς
3795 1362 3883 1417 καὶ

2228 1446 2382 1508 αὐτὸς
2442 1445 2537 1507 ὤν.
2593 1448 2652 1504 Τί
2716 1443 2771 1501 δέ
2800 1446 2910 1503 ἔστι
2941 1449 3023 1519 τὸ,
3054 1444 3149 1503 ’ίνα
3178 1448 3336 1505 αὐτὸν
3379 1444 3639 1525 παραδῷς
3695 1445 3883 1501 τουτέ-

2227 1556 2334 1615 τιν,
2367 1534 2459 1591 ἵνα
2486 1557 2841 1612 καταμηνυσῃ
2886 1540 3067 1600 αὐτοῖς
3098 1536 3227 1593 πότε
3259 1538 3421 1611 μόνος
3463 1536 3602 1594 ἐστίν
3639 1556 3656 1612 ;
3686 1535 3883 1592 ἐκεῖνοι

502 1634 665 1695 solus
696 1641 881 1695 esset:
918 1630 1209 1693 timebant
1236 1630 1395 1693 enim
1428 1649 1563 1692 eum
1588 1629 1869 1693 invadere
1892 1621 2023 1690 cum
2048 1630 2147 1690 do-

2231 1624 2330 1702 γὰρ
2390 1621 2675 1705 ἐφοϐοὖντο
2725 1627 3004 1682 Επιπεσεῖν
3058 1628 3199 1699 αὐτῷ
3250 1623 3568 1701 διδάσκοντι,
3640 1623 3722 1683 διὰ
3794 1625 3887 1680 τὸν

500 1731 685 1799 ceret,
720 1731 963 1802 propter
986 1720 1239 1782 turbam.
1269 1722 1400 1799 Ipse
1433 1720 1632 1800 itaque
1656 1718 2146 1799 pollicebaturil-

2230 1712 2424 1792 ὄχλον.
2474 1712 2715 1779 Ἐκεῖνος
2766 1718 2855 1772 οὖν
2882 1715 3153 1796 ὑπέσχετο
3184 1715 3565 1792 μεμονωμένον
3589 1717 3745 1772 αὐτὸν
3774 1736 3885 1770 πα·-

499 1813 571 1875 lis
602 1832 667 1873 se
699 1801 991 1872 dicturum
1025 1809 1261 1890 quando
1284 1808 1384 1873 ille
1416 1808 1577 1870 solus
1609 1817 1787 1870 esset.

2231 1801 2473 1882 ραδοῦναι
2507 1806 2690 1868 αὒτοῖς
2870 1849 2883 1865 .

579 1900 762 1964 Vens.
797 1898 1008 1962 12-15.
1046 1923 1072 1953 σ
1110 1901 1193 1960 Ac
1228 1899 1420 1979 primo
1451 1898 1550 1959 die
1592 1899 1972 1977 Azymorum,
2004 1916 2140 1959 cum

2316 1917 2339 1950 ε
2390 1896 2491 1952 Καὶ
2614 1894 2800 1975 πρώτῃ
2828 1895 3002 1976 ἡμέρᾳ
3018 1902 3121 1951 τῶν
3155 1894 3421 1971 Ἀζύμων,
3447 1895 3534 1951 ὅτε
3578 1897 3639 1951 τὸ
3689 1896 3885 1977 Πάσχα

498 1992 723 2055 Pascha
756 1990 1155 2068 immolarent,
1190 1989 1396 2051 dicunt
1429 1988 1515 2051 illi
1548 1987 1828 2067 discipuli
1854 1987 1945 2049 sui
1981 2005 1994 2050 :
2030 1986 2143 2051 Ubi

2230 1986 2397 2057 ἔθυον,
2440 1981 2709 2063 λέγουσιν
2784 1984 2924 2060 αύτῷ
2997 1987 3044 2042 οἶ
3100 1986 3334 2060 μαθηταὶ
3364 1987 3542 2042 αὐτοῦ’
3581 1985 3687 2042 Ποῦ
3714 1986 3884 2051 Θέλεις

496 2081 581 2144 vis
610 2090 672 2142 ut
693 2080 975 2142 abeamus
997 2087 1055 2139 et
1081 2097 1359 2158 paremus
1388 2087 1445 2138 ut
1470 2077 1610 2139 edas
1630 2076 1959 2139 Pascha?Et
1980 2077 2143 2138 cmit-

2230 2073 2543 2138 ἂπελθόντες
2605 2074 2998 2151 ἑτοιμάσωμεν,
3057 2075 3150 2131 ’ἱνα
3194 2075 3367 2155 φάγῃς
3398 2076 3461 2132 τὸ
3504 2074 3700 2156 Πάσχα
3735 2096 3750 2152 ;
3789 2077 3887 2135 Καὶ

496 2172 566 2232 tit
594 2172 744 2232 duos
776 2188 808 2231 e
838 2168 1151 2249 discipulis
1179 2168 1393 2240 suis,et
1420 2166 1725 2229 dicitillis:
1759 2165 1920 2228 [tein
1945 2166 2143 2229 civita-

499 2271 615 2321 tem
628 2266 991 2332 ,etoccurret
1007 2258 1175 2319 vobis
1192 2258 1370 2318 homo
1391 2257 1655 2337 hydriam
1671 2274 1837 2336 aqua:
1850 2255 1944 2335 baj
1955 2256 2146 2338 ulans;

500 2348 820 2429 sequimini
841 2347 1192 2422 248illum,
1229 2356 1288 2408 et
1314 2365 1668 2426 quocunque
1697 2345 2005 2424 ingressus
2029 2346 2151 2408 fue-

498 2439 597 2520 rit,
622 2438 803 2500 dicite
826 2435 1552 2518 patrifamilias,Magister
1582 2435 1728 2497 dicit
1763 2457 1775 2499 :
1815 2434 1925 2497 Ubi
1960 2434 2152 2496 estdi-

500 2527 830 2590 versorium
866 2525 967 2588 ubi
999 2527 1227 2588 Pascha
1255 2544 1391 2587 cum
1426 2524 1736 2605 discipulis
1770 2524 1919 2585 meis
1949 2524 2153 2587 edam?

502 2620 572 2678 Et
605 2617 705 2679 ille
728 2616 895 2678 \obis
927 2615 1199 2677 ostendet
1218 2614 1540 2677 triclinium
1568 2632 1851 2694 magnum
1874 2621 2149 2690 stratum,

500 2716 768 2787 paratum
802 2723 815 2767 :
850 2705 973 2767 illic
1013 2710 1216 2785 parate
1256 2703 1490 2765 nobis.»
1528 2703 1791 2764 Primum
1822 2702 1979 2764 diem
2012 2706 2153 2784 Αιγ-

501 2814 731 2856 morum
757 2794 915 2856 diem
947 2794 1224 2875 quintum
1270 2792 1412 2854 dicit
1442 2792 1542 2873 qui
1574 2800 1701 2852 erat
1744 2801 1880 2853 ante
1910 2793 2147 2872 Azyma.

499 2888 718 2966 Azyma
734 2885 889 2945 enim
907 2901 1011 2945 seu
1041 2883 1453 2944 infermentata
1475 2881 1571 2942 die
1591 2898 1941 2962 parascevea
1956 2900 2153 2943 come-

499 2974 1135 3036 debantur.Accedunt
1166 2976 1365 3052 itaque
1392 2970 1671 3051 discipuli
1696 2980 1755 3033 et
1785 2970 2154 3050 interrogant

2234 2160 2550 2220 ἆποστέλλει
2615 2161 2702 2220 δύο
2757 2169 2865 2219 τών
2919 2167 3174 2239 μαθητῶν
3231 2166 3409 2237 αὐτοῦ,
3453 2164 3540 2219 καὶ
3598 2161 3739 2242 λέγει
3788 2166 3887 2221 αὖ·

2232 2267 2377 2317 τοῖς·
2436 2252 2677 2332 Υπαίγετε
2751 2256 2822 2318 εἰς
2881 2254 2983 2320 τὴν
3032 2251 3215 2333 πολιν,
3273 2254 3361 2309 καὶ
3431 2252 3726 2323 ἀπαντήσει
3756 2254 3886 2329 ὑμῖν

2234 2344 2505 2420 ἅνθρωπος
2562 2345 2809 2422 κεράμιον
2884 2341 3073 2406 ὕδατος
3149 2343 3449 2419 βαστάζωνο
3496 2339 3884 2409 ἂκολουθὴσατε

2233 2434 2396 2506 αὗ.ᾦ,
2451 2432 2538 2488 καὶ
2590 2431 2723 2487 ὅπου
2764 2432 2855 2489 ἐὰν
2885 2430 3116 2509 εἰσέλθῃ,
3167 2430 3355 2487 εἴπατε
3385 2437 3463 2505 τῷ
3508 2427 3885 2507 οἰκοδεσπότῃ,

2236 2512 2294 2579 Ὀ
2316 2518 2626 2585 διδάσκαλος
2656 2519 2825 2600 λέγει*
2873 2528 2979 2578 Ποῦ
3006 2524 3121 2577 ἔστι
3154 2523 3216 2578 τὸ
3271 2518 3575 2597 κατάλυμα,
3638 2520 3769 2575 ὅπου
3824 2522 3884 2575 τὸ

2234 2610 2430 2690 Πάσχα
2499 2611 2633 2668 μετὰ
2684 2615 2790 2667 τῶν
2851 2613 3102 2687 μαθητῶν
3162 2632 3264 2686 μου
3319 2610 3513 2689 φάγω;
3571 2611 3668 2667 Καὶ
3726 2609 3880 2671 αὐτὸς

2232 2701 2362 2774 ὑμῖν
2418 2696 2568 2765 δείξει
2625 2700 2860 2779 ἀνώγεον
2938 2700 3099 2778 μέγα,
3200 2698 3552 2777 ἐστρωμένον,
3644 2695 3879 2771 ἕτοιμον,

2231 2792 2348 2845 εκεῖ
2418 2790 2733 2864 ἑτοιμάσατε
2791 2790 2951 2864 ἡμῖν.
3014 2813 3042 2844 ι
3110 2789 3333 2867 Πρώτην
3362 2787 3566 2867 ἡμέραν
3593 2788 3698 2842 τῶν
3736 2786 3887 2856 ’Ᾱζύο

2232 2902 2372 2955 μων,
2434 2880 2533 2947 τὴν
2603 2879 2857 2956 πέμπτην
2929 2879 3096 2958 λέγει,
3157 2876 3276 2945 ἥτις
3334 2880 3437 2957 πρὸ
3494 2874 3736 2952 Ἀζύμων
3794 2873 3884 2942 ἦν,

2231 2970 2307 3026 τὰ
2378 2970 2478 3048 γὰρ
2536 2968 2708 3045 ἂζυμα
2760 2968 2837 3047 (α)
2900 2974 2963 3045 νῇ
2991 2974 3303 3045 παρασκευῇ
3333 2967 3598 3035 ἠσθίοντο.
3652 2964 3888 3044 Προσέρ-

499 3063 597 3124 ubi
630 3063 943 3124 comedant
974 3061 1219 3123 Pascha.
1256 3060 1334 3122 Ex
1368 3061 1481 3122 hoc
1513 3068 1706 3122 autem
1769 3059 2147 3121 manifestum

2234 3081 2424 3139 χονται
2482 3061 2571 3114 οὖν
2630 3062 2676 3116 οἱ
2735 3061 2989 3134 μαθηταὶ,
3050 3056 3349 3137 ἐρωτῶντες
3409 3063 3511 3113 ποῦ
3568 3056 3781 3135 φάγωσι
3828 3055 3891 3109 τὸ

495 3160 585 3213 est
612 3150 910 3215 Christum
937 3170 1054 3212 non
1078 3149 1360 3212 habuisse
1386 3148 1688 3230 proprium
1721 3149 2140 3223 diversorium,

2238 3148 2454 3227 Πάσχα.
2515 3144 2608 3205 Ἐκ
2664 3148 2849 3205 τούτου
2900 3145 2956 3203 δὲ
3005 3144 3191 3223 δῆλον,
3252 3148 3325 3211 ὡς
3357 3148 3451 3203 ούκ
3484 3148 3612 3225 εἶχε
3642 3145 3892 3222 καταγώ-

494 3248 554 3306 et
586 3260 696 3303 nec
729 3240 1056 3319 discipulos
1085 3239 1363 3301 habuisse
1394 3238 1639 3300 domum
1667 3235 2141 3318 pr0priam.Nam

2230 3260 2343 3317 γιον
2390 3240 2419 3293 ὁ
2484 3239 2707 3317 Χριστὸς
2758 3236 2921 3317 ἴδιον,
2980 3235 3100 3293 ἀλλ’
3152 3234 3267 3292 οὒδέ
3328 3237 3373 3293 οἱ
3436 3235 3669 3310 μαθηταὶ
3724 3234 3891 3297 οἰκίας

495 3335 541 3393 si
578 3330 947 3411 habuissent,
984 3329 1105 3390 iilic
1140 3348 1277 3390 eum
1303 3328 1915 3408 suscepissent.Mittit
1944 3335 2143 3389 autem

2230 3327 2417 3407 εἶχον,
2482 3328 2538 3385 Εἰ
2592 3328 2691 3406 γὰρ
2762 3325 2849 3407 άν,
2903 3323 3297 3407 προσελάϐοντο
3356 3327 3512 3383 αὐτὸν
3552 3323 3689 3383 ἐκεῖ.
3726 3320 3890 3380 Ἀπο-

497 3420 646 3482 duos
676 3440 709 3483 e
740 3419 1047 3500 discipulis
1078 3418 1199 3481 suis
1228 3422 1467 3482 Petrum
1494 3427 1553 3479 et
1580 3416 2058 3491 Joannem,sicut
2089 3425 2147 3478 et

2230 3414 2436 3472 στέλλει
2492 3414 2548 3471 δὲ
2628 3414 2717 3473 δύο
2789 3422 2896 3473 τῶν
2954 3417 3206 3491 μαθητῶν
3280 3416 3459 3487 αὐτοῦ,
3550 3412 3747 3493 Πέτρον
3796 3411 3891 3467 καῖ

496 3511 683 3572 Lucas
714 3509 928 3590 inquit,
953 3508 1024 3570 ad
1048 3507 1353 3570 hominem
1385 3508 1652 3586 ignotum
1682 3526 1695 3569 :
1728 3505 2054 3568 ostendens
2077 3506 2145 3568 il-

2230 3505 2506 3586 Ἰωάννην,
2566 3506 2639 3571 ὡς
2697 3508 2725 3561 ὁ
2798 3511 3001 3570 Λουκᾶς
3023 3504 3193 3584 λέγει,
3227 3507 3357 3583 πρὸς
3403 3504 3675 3583 ἄνθρωπον
3706 3501 3890 3580 ἀγνώ-

496 3600 570 3696 lis
590 3598 746 3679 quod
770 3607 975 3696 posset
1002 3616 1121 3659 non
1152 3596 1415 3696 βαιῇ(ὶυὶ
1447 3596 1609 3658 enim
1644 3606 1905 3657 mentem
1933 3595 2144 3696 homi-

2231 3617 2431 3696 ριστον,
2491 3594 2740 3652 δεικνύων
2799 3595 3008 3670 αὒτοῖς,
3063 3594 3145 3650 ὅτι
3193 3593 3421 3663 ἠδύνατο
3499 3594 3578 3669 μὴ
3670 3595 3889 3653 παθεῖν,

497 3688 786 3768 nisignoti
819 3688 1143 3749 conciliare
1173 3686 1287 3747 sibi
1343 3693 1570 3766 poterat
1606 3694 1670 3747 ut
1700 3704 1765 3746 se
1817 3684 2143 3764 exciperet,

2236 3681 2293 3743 1')
2348 3686 2447 3764 γὰρ
2510 3684 2609 3752 τὴν
2668 3682 2901 3742 διάνοιαν
2953 3684 3140 3741 τούτου
3193 3691 3286 3741 τοῦ
3346 3683 3674 3762 ἆγνωρίστου
3703 3681 3889 3745 πείσας

495 3778 640 3859 quid
664 3796 781 3839 non
805 3776 1042 3840 fecisset
1071 3776 1129 3836 in
1160 3776 1320 3838 aliis?
1344 3778 1639 3838 Praeterea
1652 3774 1751 3836 dat
1771 3774 1890 3835 illis
1914 3774 2145 3852 signum

2230 3772 2573 3840 ὑποδέξασθαι
2659 3776 2838 3856 αὐτόν,
2900 3775 2952 3831 τί
2982 3776 3076 3831 οὐκ
3107 3772 3167 3829 ἅν
3226 3773 3508 3854 εἰργάσατο
3568 3772 3623 3829 ἰν
3651 3783 3767 3834 τοῖς
3800 3767 3867 3827 ἄλ

496 3866 795 3948 quomodo
828 3864 1135 3927 inveniant
1167 3864 1410 3926 domum
1449 3886 1462 3927 :
1500 3881 1716 3943 nempe
1742 3871 1804 3924 ut
1828 3871 2147 3941 sequantur

2237 3862 2401 3939 λοις;
2466 3861 2655 3920 Δίδωσι
2708 3862 2762 3920 δὲ
2820 3866 3003 3930 αὐτοῖς
3061 3865 3148 3920 καὶ
3194 3875 3427 3939 σημεῖον
3457 3871 3550 3920 τού
3579 3864 3753 3941 εὑρεῖν
3793 3861 3894 3927 τὴν

499 3954 1146 4034 hominem,ﬁgulinum
1164 3971 1443 4034 vasaquaz
1460 3952 1959 4032 gestantem.ch
1977 3953 2147 4015 etiam

2239 3954 2431 4028 οἰκίαν,
2488 3954 2549 4008 τὸ
2604 3952 2957 4021 ἀκολουθῆσαι
3037 3953 3298 4031 ἀνθρώπῳ
3354 3953 3668 4028 βαστάζοντι
3729 3949 3894 4029 κερά-

498 4044 809 4107 sublimius
831 4043 1078 4121 intelligi
1106 4050 1389 4124 possunt.
1422 4041 1701 4123 Hydriam
1753 4041 1975 4122 bajulat
2005 4041 2147 4123 bap-

2240 4066 2361 4121 μιον
2408 4039 2621 4106 ὓδατος.
2682 4050 2856 4100 Ταῦτα
2907 4041 2961 4098 δὲ
3017 4045 3106 4100 καὶ
3176 4042 3476 4122 ἀναχθῆναι
3522 4039 3760 4101 δύναται.
3786 4050 3893 4098 Κε-

508 4131 935 4197 tizatu3.Vadit
966 4143 1163 4194 autem
1198 4133 1257 4193 in
1288 4132 1553 4208 domum,
1579 4150 1710 4213 qua}
1740 4131 2019 4193 rationali
2049 4151 2155 4193 suo

498 4223 709 4285 ordine
739 4223 916 4302 digna
945 4231 1055 4287 est.
1091 4222 1202 4295 Qui
1237 4222 1397 4284 enim
1431 4221 2036 4303 halietbaptisma,ad
2061 4240 2152 4283 re-

498 4312 697 4394 quiem
717 4312 1069 4391 vadit,juxta
1090 4313 1384 4375 rationem
1409 4313 1701 4385 vivens,et
1716 4311 1853 4372 vivit
1868 4313 1927 4374 in
1946 4311 2154 4374 ordine

2239 4135 2428 4212 ράμιον
2484 4134 2583 4209 μὲν
2640 4130 2826 4196 ὕδατος
2897 4134 3147 4210 βαστάζει
3181 4130 3675 4209 ὃβεϐαπτισμένος.
3710 4129 3900 4209 Ἀπέρ·

2235 4246 2394 4303 χεται
2454 4221 2509 4279 δὲ
2560 4224 2633 4287 εἰς
2680 4224 2869 4303 οἰκίαν,
2901 4224 2995 4291 τὴν
3024 4223 3328 4303 πρέπουσαν
3358 4235 3477 4287 τοῖς
3514 4220 3759 4301 λογικοῖς
3788 4241 3895 4275 κα-

2235 4315 2511 4375 τάστασιν.
2570 4312 2630 4370 ’0
2675 4312 2775 4391 γὰρ
2815 4313 2877 4369 τὸ
2902 4312 3181 4390 βάπτισμα
3211 4312 3513 4388 βαστάζων,
3549 4312 3622 4375 εἰς
3653 4306 3896 4366 ἀνάπαυ-

497 4402 667 4483 quasi
722 4402 782 4463 in
828 4400 1005 4465 domo
1059 4401 1342 4484 quadam.
1377 4401 1807 4464 Paterfamilias
1839 4420 2009 4462 mens
2038 4408 2147 4478 est,

2236 4425 2319 4459 σιν
2370 4400 2613 4483 ἔρχεται,
2670 4403 2809 4459 κατὰ
2864 4400 3023 4480 λόγον
3090 4408 3218 4482 ζῶν,
3288 4402 3376 4458 καὶ
3432 4400 3612 4478 ὥσπερ
3643 4399 3698 4457 ἓν
3760 4399 3897 4471 οἰκίᾳ

498 4492 600 4574 qui
632 4491 890 4554 ostendit
923 4511 1194 4571 magnum
1232 4491 1582 4572 triclinium,
1614 4490 1901 4553 sublimes
1925 4490 2147 4552 scilicet

2234 4499 2303 4569 τῇ
2358 4493 2677 4549 καταστάσει
2735 4492 2902 4568 ταύτῃ
2946 4491 3444 4567 ἑπαναπαυόμενος.
3500 4487 3895 4555 Οἰκοδεσπότης

496 4600 733 4646 sensus.
767 4583 985 4643 Verum
1018 4582 1343 4644 triclinium
1378 4582 1490 4642 hoc
1512 4589 1756 4642 stratum
1784 4580 2017 4655 est,hoc
2039 4589 2147 4661 est,

2236 4581 2288 4636 δὲ
2344 4584 2371 4637 ὃ
2506 4588 2529 4598 ’³
2573 4602 2585 4614 ο
2640 4580 2668 4635 ὅ
2769 4581 2782 4599 ’
2846 4581 2857 4602 ’
3105 4582 3115 4598 ’
3246 4579 3268 4597 “
3398 4582 3410 4602 ¹
3566 4579 3582 4603 ‘
3613 4579 3638 4601 "
3726 4601 3745 4613 ο
3838 4580 3881 4616 ’-

2444 4604 2561 4648 νους
2674 4604 2697 4645 ς
2760 4602 2993 4659 ανωγεον
3051 4585 3185 4658 μεθα
3240 4602 3490 4655 οεικνυει,
3520 4601 3583 4635 το
3611 4583 3742 4655 υψο..
3790 4600 3896 4635 των

498 4670 731 4733 tametsi
757 4670 1014 4732 sublime
1038 4669 1291 4750 sit,nihil
1317 4678 1513 4731 tamen
1531 4668 1716 4731 habet
1736 4669 1825 4730 vel
1846 4687 2147 4750 asperum,

2236 4671 2395 4729 αὒτοῦ
2448 4671 2757 4747 νοημάτων,
2820 4668 2987 4727 Ἀλλὰ
3038 4678 3195 4728 τοῦτο
3224 4672 3286 4727 τὸ
3317 4669 3553 4749 ἆνώγεον
3583 4670 3673 4725 καὶ
3702 4667 3897 4745 ἰστρω-

496 4763 585 4824 vel
605 4758 1066 4841 superbum;sed
1085 4768 1334 4822 stratum
1353 4759 1873 4834 est,ethumilitate
1894 4758 2147 4840 compla-

2236 4761 2394 4837 μένον
2446 4762 2583 4835 εστὶ,
2641 4760 2932 4832 τουτέστιν,
2993 4761 3036 4817 εἰ
3067 4762 3155 4817 καὶ
3184 4758 3392 4836 ὑψηλόν
3434 4758 3603 4834 ἐστιν,
3648 4756 3770 4815 ἀλλ’
3800 4756 3897 4813 οὒ-

493 4849 835 4915 natum.Hic
870 4849 1109 4929 ergo,in
1142 4847 1243 4911 tali
1273 4849 1518 4930 inquam
1550 4856 2147 4929 mente,przeparatul

2243 4849 2329 4907 δὲν
2386 4851 2557 4931 τραχὺ
2614 4853 2702 4908 καὶ
2763 4852 3095 4931 ὑπερήφανον
3155 4849 3299 4931 ἔχει,
3358 4846 3480 4906 ἀλλ’
3523 4848 3781 4928 ἕστρωται
3810 4847 3901 4903 καὶ

498 4940 720 5003 Pascha
738 4939 973 5005 Christo
988 4959 1019 5000 a
1036 4938 1272 5001 duobus
1292 4936 1813 5019 discipulis,Petro
1834 4941 2147 5015 etJoanne;

2241 4939 2542 5017 ὡμάλισται
2601 4946 2671 5017 τῇ
2726 4941 3204 5021 ταπεινοφροσύνῃ.
3270 4941 3423 4996 Ἐκεῖ
3477 4937 3675 5012 τοίνυν,
3709 4941 3762 4994 ἒν
3822 4941 3901 5011 τῷ

502 5033 756 5112 practica
778 5029 914 5092 dico
940 5036 997 5090 et
1016 5027 1708 5109 contemplativa.Petrus
1733 5025 1891 5089 enim
1916 5037 2147 5110 proptel

2240 5031 2465 5104 τοιούτῷ
2518 5028 2661 5110 λέγω
2704 5036 2800 5111 νῷ,
2829 5030 3163 5105 ἓτοιμάζεται
3226 5032 3288 5085 τὸ
3337 5028 3533 5108 Πάσχα
3567 5034 3645 5103 τῷ
3690 5031 3901 5106 Χριστῷ

1579 5148 1664 5213 Ex
1693 5150 2011 5213 collatione
2042 5148 2471 5225 codd.,Venet.
2509 5147 2573 5213 S.
2608 5147 2814 5211 Marci.

582 5275 715 5355 (85)·
738 5274 885 5336 ϐοά.
918 5273 1005 5355 Ξρ
1019 5272 1237 5355 addit;
1271 5275 1367 5329 ,ιιά
1422 5274 1510 5329 καὶ
1541 5273 1846 5355 ἐχάρησαν,
1902 5271 1961 5355 οὒ
1992 5268 2147 5355 μόνον

2242 5293 2271 5323 α
2306 5267 2590 5355 Ιάοῇιιοοιζ-
2624 5266 2811 5355 gavisi
2867 5276 3027 5355 sunt,
3060 5286 3203 5355 non
3240 5265 3643 5355 solum__quod
3673 5263 3898 5355 absque

501 5346 803 5435 Stt‘xmpig
854 5352 1069 5435 θορύϐου
1099 5352 1320 5429 ἔμελλον
1376 5356 1532 5411 αὐτὸν
1569 5346 1875 5435 *συλλαϐεῖν
1915 5353 2017 5409 ὑπὸ
2046 5354 2147 5407 τῶν

2239 5346 2698 5435 tumultuillum
2722 5367 2755 5410 a
2773 5346 2927 5435 Juda
2946 5348 3312 5435 tradendum
3343 5346 3519 5435 facile
3542 5353 3746 5435 essent
3764 5362 3896 5435 cap-

503 5426 677 5493 Ἰούδῖ
729 5426 1144 5537 παραδιδόμενον
1208 5435 1487 5515 εὖκαίρως,
1543 5432 1662 5491 ἄλλ’
1738 5432 1835 5490 ὅτι
1906 5434 2010 5489 ὑπὸ
2046 5437 2147 5537 siina

579 5518 605 5537 Δ
653 5520 714 5537 ῃ*
876 5515 896 5537 Γ
1182 5528 1207 5537 ..
1240 5519 1267 5537 Δ
1405 5524 1442 5537 η
1484 5517 1497 5533 δ
1564 5520 1590 5531 α’
1720 5514 1732 5535 Ι
1914 5536 1917 5537 ,
1984 5536 2003 5537 κ

2236 5431 2381 5537 ειμι,
2544 5430 2719 5537 etiarn
2750 5430 2909 5526 quod
3025 5429 3327 5537 inciperet
3343 5429 3483 5491 odio
3498 5427 3708 5490 haberi
3723 5445 3757 5489 a
3776 5426 3900 5488 suis

502 5518 754 5590 μαθητῶν
806 5509 997 5595 ἤρξατο
1057 5509 1369 5591 μισεῖσθαι(
1405 5517 1503 5573 Καὶ
1530 5520 1599 5592 τῇ
1626 5514 1837 5595 πρώτῃ,
1889 5536 1944 5576 κ.
1976 5536 2029 5576 τ.
2090 5510 2143 5575 λ.

2234 5510 2565 5592 discipulis.
2603 5511 2687 5573 At
2705 5509 2907 5589 primo
2935 5509 3058 5574 die.
3098 5534 3123 5570 ι
3151 5509 3277 5575 etc.

581 5636 664 5709 (α)
702 5628 820 5691 Hoc
852 5633 909 5692 in
942 5632 1070 5693 loco
1097 5634 1376 5694 ml-ndum
1411 5632 1750 5714 su3picatur
1782 5631 1990 5694 Petrus
2024 5634 2344 5697 Arcudius.
