4232 6428
498 287 612 356 651
1487 292 2082 360 THEOPHYLACTI
2127 289 2534 352 BULGARUE
2579 290 2935 353 ARCHIEP.
3775 285 3895 351 65'!

502 435 560 488 et
587 446 828 489 carnem
861 427 1151 507 videntes,
1180 447 1297 489 non
1320 425 1633 509 ferremus,
1668 433 1774 491 sed
1807 430 2130 492 abhorrere

2235 423 2481 498 κείμενον
2540 425 2625 480 καὶ
2707 424 2877 503 σάρκα
2955 424 3206 504 δρῶντες,
3283 423 3377 480 οὒκ
3464 422 3526 479 ἂν
3583 422 3908 501 ὖνέγκαμεν,

503 536 636 578 mus
676 540 688 580 :
725 518 949 579 idcirco
983 517 1324 578 misericors
1367 520 1526 580 Deus
1565 527 1780 581 nostrae
1828 521 2130 581 inlirmitat

2240 511 2359 568 ἀλλ’
2391 513 2838 592 ἆπεναρκήσαμεν
2874 528 2887 543 ⁸
2949 511 3038 569 δια
3094 523 3250 573 τοῦτο
3293 512 3726 592 συγκαταϐαίνων
3774 515 3912 586 ἡμῖν

502 607 1280 688 condescendens,speciem
1296 608 1535 688 quidem
1552 611 1720 690 panis
1737 620 1793 670 et
1810 612 1923 672 vini
1937 619 2129 672 servat

2239 604 2266 656 6
2327 600 2721 681 φιλάνθρωπος,
2771 605 2830 660 τὸ
2875 605 2974 678 μὲν
3019 602 3162 667 εἶδος
3217 603 3376 682 ἄρτου
3406 606 3495 660 καὶ
3523 603 3674 659 οἴνου
3702 602 3905 681 φυλάτ-

501 698 557 757 in
593 697 861 757 virtutem
896 705 1094 757 autem
1153 700 1348 758 carnis
1400 707 1458 759 et
1499 701 1810 778 sanguinis
1859 702 2130 762 trausele'

2235 711 2315 746 τει
2352 709 2365 722 ·
2415 693 2489 754 εἰς
2541 692 2764 767 δύναμιν
2823 691 2877 747 δὲ
2937 695 3131 772 σάρκὸς
3191 695 3279 748 καὶ
3339 693 3575 768 αἵματος
3624 713 3905 767 μεταστοι-

499 794 739 847 mentat.
797 787 1147 864 Sanguinem
1212 805 1352 848 vero
1410 787 1549 849 Novi
1607 791 1944 851 testamenti
1977 791 2121 851 dixit

2234 793 2414 859 χειοῖ,
2471 781 2623 856 Αἷμα
2667 781 2721 837 δὲ
2771 786 2972 848 Καινῆς
3037 785 3310 852 Διαθήκης
3372 783 3518 853 εἷπε,
3568 785 3700 860 πρὸς
3748 782 3900 836 ἀντι-

497 876 854 956 opponendo
885 875 1113 939 Veteri.
1141 874 1408 940 Habebat
1431 879 1589 940 enim
1639 886 1699 942 et
1732 882 1912 941 Vetus
1938 879 2130 941 Testa-

2237 867 2525 938 διαστολὴν
2587 876 2685 938 τῆς
2745 870 3002 936 Παλαιᾶς.
3066 875 3163 928 Καὶ
3193 873 3293 949 γὰρ
3322 873 3356 938 ἡ
3389 871 3597 927 Παλαιὰ
3630 873 3898 945 Διαθήκη,

493 972 760 1026 mentum
789 965 1134 1044 sanguinem
1169 985 1283 1045 quo
1309 969 1774 1048 aspergebantur
1791 984 1847 1032 et
1873 972 2126 1052 populus

2235 959 2454 1026 κάκείνη
2501 961 2644 1035 αἷμα
2688 963 2842 1040 εἶχε,
2880 959 2944 1015 δι’
2991 963 3050 1017 0-3
3092 959 3398 1038 ερῥαντίσθη
3444 963 3472 1017 ὃ
3528 982 3584 1016 τε
3625 959 3754 1023 λαὸς
3813 965 3901 1016 καὶ

494 1063 552 1116 et
581 1055 738 1116 liber
769 1055 915 1133 legis
945 1056 988 1114 ί.
1037 1054 1160 1116 Non
1208 1047 1402 1118 autem
1456 1058 1652 1120 bibam
1706 1078 1776 1121 ex
1827 1047 2126 1121 hocivino

2233 1051 2295 1104 τὸ
2354 1047 2561 1125 βιϐλίον
2605 1051 2697 1106 τοῦ
2741 1053 2930 1124 νόμου,
2994 1054 3067 1108 Οὔ
3112 1052 3189 1124 μὴ
3234 1051 3340 1104 πίω
3383 1051 3437 1105 δὲ
3484 1051 3541 1106 ἐκ
3584 1061 3676 1108 του
3727 1051 3897 1128 οῗνου,

492 1144 663 1217 dicit,
699 1163 889 1225 usque
911 1145 984 1205 ad
1008 1147 1537 1209 resurrectionem.
1570 1148 1837 1228 Regnum
1861 1149 2020 1210 enim
2047 1169 2130 1212 res

2235 1136 2403 1217 λέγει,
2482 1140 2614 1218 ἄχρι
2669 1144 2767 1206 τῆς
2843 1140 3210 1202 ἀναστάσεως.
3297 1139 3574 1195 Βασιλείαν
3634 1142 3733 1218 γὰρ
3803 1142 3904 1207 τὴν

491 1234 925 1296 surrectionem
977 1245 1164 1317 vocat,
1222 1244 1497 1316 tanquam
1557 1227 1674 1300 rexi
1712 1239 1810 1318 qui
1871 1237 2130 1300 adversu:

2233 1227 2525 1285 ἀνάστασιν
2598 1231 2871 1309 ὀνομάζει,
2945 1231 3018 1292 ὡς
3089 1228 3406 1305 βασιλευσας
3452 1231 3572 1285 τότε
3617 1233 3754 1286 κατὰ
3810 1242 3902 1289 τοῦ

491 1333 742 1384 mortem
790 1325 1050 1395 certarit,
1085 1334 1144 1385 et
1173 1325 1567 1403 regnat.Sane
1602 1335 1734 1402 post
1766 1329 2130 1389 resurrectio-

2230 1319 2478 1380 θανάτου,
2543 1321 2686 1374 Μετὰ
2731 1327 2856 1396 γοῦν
2899 1319 2996 1385 τὴν
3050 1319 3360 1396 ἀνάστασιν,
3419 1319 3579 1398 ἔφαγε
3639 1322 3724 1375 καὶ
3781 1319 3896 1375 ἔπιε

491 1431 627 1473 nem
663 1413 812 1474 bibit
841 1423 897 1474 et
927 1414 1184 1476 comedit
1213 1433 1345 1475 cum
1370 1415 1968 1496 discigulisqirobans
1984 1418 2130 1496 quod

2231 1409 2366 1478 μετὰ
2419 1414 2526 1462 τῶν
2577 1411 2855 1488 μαθητῶν,
2899 1410 3266 1483 πιστούμενος,
3332 1409 3412 1464 ὅτι
3473 1411 3629 1472 αὖτὸς
3687 1409 3896 1473 ἐκεῖνός

489 1503 590 1563 ille
624 1505 749 1584 ipse
779 1513 935 1565 esset
956 1505 1050 1584 qui
1076 1523 1281 1585 passus
1303 1493 1758 1568 fuerat.Novum
1779 1516 1972 1567 autem
1998 1493 2130 1567 illud

2228 1493 2371 1552 ἐστιν
2427 1499 2454 1552 ὁ
2531 1497 2735 1556 παθών.
2822 1500 3012 1555 Και·,·ὸν
3078 1496 3131 1552 δὲ
3195 1499 3331 1554 πίνει
3389 1501 3539 1578 αὐτὸ,
3596 1500 3890 1580 τουτέστιν,

493 1593 662 1667 bibit,
690 1595 802 1654 hoc
842 1598 932 1655 est
965 1612 1114 1654 novo
1141 1594 1399 1673 quodam
1436 1595 1612 1655 modo
1647 1603 1703 1655 et
1734 1595 1996 1677 insolito,
2026 1616 2130 1658 non

2226 1586 2407 1641 καινόν
2451 1609 2568 1642 τινα
2598 1588 2792 1665 τρόπον
2849 1590 2936 1643 καὶ
2987 1586 3155 1661 ξένον,
3218 1592 3308 1646 οὖν
3341 1587 3417 1644 ἔτι
3447 1591 3547 1666 γὰρ
3577 1596 3734 1663 σῶμα
3777 1613 3886 1644 πα-

489 1683 646 1777 enim
681 1684 838 1744 ultra
857 1701 1076 1777 corpus
1115 1682 1371 1777 habebat
1395 1675 2130 1777 passibile,quod_ciboin-

2226 1677 2387 1740 θητὸν
2420 1677 2573 1755 εἶχε,
2608 1675 2860 1752 δεόμενον
2913 1679 3139 1777 τροφῆς,
3196 1675 3315 1733 ἀλλ’
3346 1676 3605 1757 ἄφθαρτον
3636 1681 3723 1734 καὶ
3755 1679 3888 1734 ἀθά-

487 1772 741 1849 digeret,
769 1772 870 1833 sed
905 1772 1239 1832 immortale
1271 1781 1325 1832 et
1359 1763 1831 1852 incorruptibile.
1874 1773 2130 1853 lntellige

2229 1786 2406 1824 νατον,
2461 1766 2583 1822 Νόει
2615 1763 2669 1820 δὲ
2701 1769 2787 1822 καὶ
2819 1765 2991 1831 αὕτως
3029 1783 3041 1796 ·
3084 1763 3395 1843 ’”Αμπελος,
3430 1770 3458 1823 6
3492 1769 3675 1845 Κύριος
3706 1770 3886 1840 αὐτὸς,

486 1871 681 1923 autem
719 1860 895 1922 etiam
926 1860 1012 1921 sic
1047 1881 1059 1922 :
1096 1858 1246 1921 Vitis
1275 1860 1561 1922 Dominus
1592 1861 1722 1942 ipse
1755 1872 1864 1938 est,
1919 1863 2130 1925 fructus

2225 1853 2466 1932 γέννημα
2524 1853 2578 1911 δὲ
2649 1855 2914 1930 ἀμπέλου,
2977 1859 3042 1912 τὰ
3101 1858 3389 1936 μυστήρια,
3452 1858 3539 1912 καὶ
3586 1859 3621 1925 ἡ
3693 1864 3890 1934 γνῶσις

484 1959 680 2012 autem
707 1951 842 2011 vitis
867 1949 1153 2029 mysteria
1192 1959 1329 2011 sunt
1379 1959 1437 2012 et
1487 1951 1836 2013 abscondita
1866 1953 2130 2024 scientia,

2226 1945 2260 2011 ἡ
2317 1943 2648 2023 ἂπόκρυφος,
2709 1946 2772 2012 ἢν
2834 1947 2987 2008 αὐτὸς
3035 1951 3216 2023 γεννᾷ,
3290 1949 3316 2001 6
3365 1943 3625 2002 διδάσκων
3683 1944 3891 2024 ἅνθρω-

483 2059 656 2121 quam
693 2041 819 2121 ipse
851 2040 1092 2120 profert,
1127 2040 1350 2101 docens
1381 2041 1684 2102 hominem
1720 2041 2055 2106 scientiam.
2077 2042 2139 2104 In

481 2148 666 2209 regno
691 2130 889 2210 itaque
912 2127 1040 2202 Dei,
1074 2130 1186 2190 hoc
1210 2138 1319 2203 est,
1361 2130 1420 2190 in
1453 2139 1655 2192 octavo
1706 2132 1946 2207 saeculo,
1979 2132 2130 2194 bibet

2223 2121 2389 2196 ἐστιν,
2424 2122 2479 2178 ἐν
2518 2130 2598 2198 τῷ
2627 2121 2799 2202 ὀγδόῳ
2844 2125 3015 2197 αἰῶνι,
3063 2126 3237 2180 πίεται
3285 2126 3419 2199 μετὰ
3474 2133 3581 2180 τῶν
3635 2129 3892 2194 μαθητῶν

2225 2055 2324 2089 πον
2382 2040 2600 2112 γνῶσιν.
2654 2037 2742 2092 Ἐν
2797 2036 2971 2091 τοίνυν
3025 2041 3092 2111 τῇ
3143 2035 3386 2110 βασιλείᾳ
3415 2045 3509 2091 τοὺ
3554 2043 3708 2115 Θεοῦ,
3741 2059 3895 2093 τουτ-

485 2238 617 2280 cum
653 2218 961 2298 discipulis
990 2217 1300 2292 suis,250
1340 2220 1616 2300 mysteria
1673 2230 1725 2280 et
1786 2221 2135 2302 sapientiam

483 2326 693 2369 novam
728 2305 1044 2387 quamdam
1068 2307 1291 2368 docens
1318 2315 1515 2381 nos,et
1536 2309 1808 2370 revelans
1832 2327 1964 2389 quae
1980 2329 2138 2372 nunc

480 2397 827 2459 abscondita
856 2406 1012 2457 sunt.

562 2487 750 2550 Vens.
773 2486 992 2549 26-31.
1035 2511 1060 2541 α
1088 2486 1158 2548 Et
1189 2506 1320 2548 cum
1353 2488 1636 2568 hymnum
1668 2487 1976 2564 dixissent,
2002 2492 2130 2552 exi-

485 2587 661 2639 erunt
711 2577 770 2638 in
801 2585 1059 2637 montem
1085 2575 1380 2638 Olivarum
1417 2599 1430 2641 :
1471 2591 1526 2638 et
1556 2577 1701 2639 dicit
1746 2578 1866 2638 illis
1905 2580 2078 2641 Jesus
2115 2601 2128 2643 :

479 2665 702 2729 Omnes
716 2665 1140 2726 offendiculum
1156 2667 1458 2744 patiemini
1485 2686 1590 2748 per
1613 2668 1779 2729 mein
1803 2668 1912 2729 hac
1936 2679 2130 2741 nocte;

483 2758 621 2838 quia
645 2756 929 2835 scriptum
951 2763 1068 2818 est:
1097 2757 1429 2818 l’crcutiam
1465 2767 1786 2838 pastorem,
1822 2767 1880 2818 et
1899 2760 2132 2839 disper-

475 2843 985 2927 genturoves.Sed
1005 2853 1380 2926 posteaquam
1395 2849 2132 2926 resurrexero,przecedam

481 2956 582 2998 vos
613 2937 672 2997 in
702 2935 1028 2999 Galilaeam.
1069 2934 1276 2996 Petrus
1309 2945 1504 2997 autem
1537 2937 1682 2998 dixit
1713 2938 1794 2997 illi
1836 2959 1848 3001 :
1892 2937 2134 3000 Etiamsi

2223 2211 2404 2286 αὐτοῦ,
2465 2215 2532 2268 τὰ
2589 2216 2858 2289 μυστήρια
2935 2216 3022 2269 καὶ
3100 2216 3200 2281 τὴν
3275 2215 3488 2293 σοφίαν,
3546 2216 3706 2270 καινά
3767 2237 3884 2272 τινα

2221 2299 2482 2358 διδάσκων
2510 2304 2681 2378 ἡμᾶς,
2711 2305 2800 2359 καὶ
2833 2302 3227 2360 ἀποκαλύπτων
3258 2302 3290 2359 ἂ
3323 2310 3411 2360 νῦν
3442 2305 3754 2382 κέκρυπται,

2301 2503 2329 2535 α
2367 2485 2463 2539 Καὶ
2545 2484 2902 2559 ὑμνῆσαντες,
2991 2482 3206 2552 ὲξῆλθον
3289 2487 3362 2547 εἱς
3438 2485 3501 2540 τὸ
3569 2483 3690 2564 ὅρος
3769 2492 3877 2540 τῶν

2219 2569 2471 2646 Ἐλαιῶν,
2532 2575 2616 2628 καὶ
2674 2571 2818 2651 λέγει
2901 2575 3086 2638 αὺτοῖς
3148 2576 3176 2629 6
3235 2574 3468 2653 Ἰησοῦς,
3525 2573 3605 2629 ὅτι
3673 2579 3870 2638 Πάντες

2220 2658 2734 2732 σκανδαλισθήσεσθε
2799 2661 2852 2718 ἐν
2911 2662 3056 2742 ἐμοὶ,
3115 2663 3169 2718 ἐν
3228 2670 3297 2741 τῇ
3357 2666 3500 2720 νυκτὶ
3557 2666 3744 2743 ταύτῃ,
3793 2664 3874 2718 ὅτι

2221 2749 2558 2828 γέγραπται’
2645 2752 2870 2816 Πατάξω
2952 2754 3042 2808 τὸν
3095 2753 3352 2833 ποιμένα,
3423 2762 3510 2810 καὶ
3556 2751 3880 2832 διασκορπι-

2223 2841 2507 2907 σθήσονται
2565 2841 2631 2896 τὰ
2683 2839 2946 2919 πρόϐατα,
3027 2840 3192 2897 Ἀλλὰ
3273 2845 3409 2918 μετὰ
3493 2845 3551 2897 τὸ
3601 2842 3882 2920 ἐγερθῆναί

2219 2949 2308 3002 με,
2362 2928 2575 3007 προάξω
2635 2932 2769 3006 ὑμᾶς
2820 2933 2890 2996 εἰς
2949 2932 3045 2998 τὴν
3109 2931 3418 2995 Γαλιλαίαν.
3468 2924 3524 2989 ’0
3569 2930 3622 2987 δὲ
3680 2933 3880 3008 Πέτρος

479 3044 690 3088 omnes
733 3025 1158 3086 offendiculum
1194 3026 1355 3106 passi
1387 3026 1628 3101 fuerint,
1658 3037 1714 3088 at
1745 3047 1852 3106 ego
1885 3048 2028 3088 non.
2065 3028 2130 3090 Et

2221 3016 2320 3097 ἔφη
2378 3021 2540 3093 αὐτῷ,
2587 3020 2690 3079 Καὶ
2750 3023 2793 3076 εἰ
2850 3021 3048 3086 πάντες
3106 3020 3684 3101 σκανδαλισθήσονται,
3759 3020 3882 3077 ἀλλ’

477 3117 622 3178 dicit
648 3117 734 3176 illi
761 3117 934 3178 Jesus
972 3120 1206 3179 :Amen
1244 3115 1376 3176 divo
1421 3116 1528 3177 tibi
1561 3117 1714 3197 quod
1752 3125 1809 3178 tu
1845 3118 2022 3179 hodie
2070 3119 2128 3179 in

479 3216 653 3267 nocte
685 3207 794 3266 hac
820 3206 1161 3287 priusquam
1189 3204 1279 3266 bis
1307 3205 1494 3284 gallus
1526 3205 1932 3286 cecinerit,ter
1953 3207 2133 3269 abne-

476 3297 646 3375 gabis
678 3313 794 3355 me.
827 3299 904 3356 At
939 3296 1035 3355 ille
1062 3295 1471 3356 vehementius
1503 3295 1774 3358 dicebat:
1811 3299 1933 3357 lmo
1967 3297 2012 3356 si
2037 3316 2133 3360 me

477 3384 809 3466 oportuerit
835 3385 1120 3445 commori
1151 3383 1278 3457 tibi,
1304 3404 1419 3445 non
1460 3395 1515 3446 te
1563 3384 1807 3464 negabo.
1845 3385 2134 3449 Similiter

475 3484 673 3536 autem
709 3482 767 3536 et
797 3494 1008 3535 omnes
1037 3473 1374 3535 dicebant.»
1412 3473 1639 3537 Gratias
1671 3484 1917 3553 egerunt
1940 3489 1994 3536 et
2028 3495 2126 3536 an-

476 3573 717 3644 tequam
767 3563 1100 3625 bibissent:
1141 3571 1199 3622 et
1230 3571 1538 3643 postquam
1587 3562 1875 3624 bibissent
1918 3565 2134 3642 gratias

477 3663 726 3734 egerunt
752 3674 764 3715 :
789 3661 851 3712 ut
882 3661 939 3712 et
969 3671 1078 3712 nos
1107 3650 1405 3712 discamus
1438 3653 1591 3732 quod
1625 3661 1890 3732 oporteat
1921 3655 2134 3732 gratias

478 3762 657 3823 agere
690 3743 928 3805 Christo
978 3751 1034 3802 et
1071 3741 1263 3819 ipsum
1299 3741 1541 3802 laudare
1565 3751 1622 3803 et
1651 3753 1786 3803 ante
1817 3743 2040 3818 cibum,
2078 3753 2135 3804 et

479 3841 613 3915 post
643 3831 1175 3893 cibum.Praeterea
1207 3833 1381 3891 etiam
1410 3832 1519 3892 hoc
1550 3831 1943 3912 indicatquod
1968 3842 2134 3911 grata

479 3923 555 3985 sit
587 3925 638 3982 ei
672 3939 835 3982 mors
869 3938 972 4000 pro
1028 3919 1221 3992 nobis,
1272 3923 1552 3998 quoniam
1601 3921 1776 3981 etiam
1839 3923 2038 3984 exiens
2070 3934 2133 3983 ut

490 4010 1060 4083 traderetur,laudat
1085 4009 1691 4072 Dominum.0mnino
1722 4019 1917 4073 autem
1948 4020 2006 4072 et
2025 4032 2132 4074 nos

485 4106 679 4182 docet,
715 4100 764 4162 si
798 4099 1032 4181 quando
1066 4099 1127 4159 in
1172 4100 1418 4160 adversa
1459 4118 1564 4180 pro
1598 4101 1914 4162 multorum
1945 4102 2133 4164 salute

485 4192 981 4269 inciderimus,ne
1013 4188 1216 4250 tristes
1240 4189 1558 4269 simus,sed
1589 4199 1644 4251 et
1660 4192 1872 4270 gratias
1893 4211 2134 4267 agamus

479 4279 734 4360 Deo,qui
757 4288 1017 4339 nostram
1042 4277 1420 4338 amictionem
1438 4281 1495 4339 in
1529 4279 1849 4340 multorum
1881 4280 2129 4342 salutem

486 4379 786 4452 operatur.
824 4366 1134 4446 Egreditur
1179 4385 1317 4428 vero
1350 4367 1410 4428 in
1444 4379 1704 4429 montem
1738 4369 2038 4431 Olivarum
2072 4379 2135 4430 ut

2215 3111 2308 3165 οὐκ
2364 3110 2493 3186 ἐγώ.
2548 3112 2645 3168 Καὶ
2703 3109 2850 3189 λέγει
2902 3112 3044 3186 αὐτῷ
3089 3113 3116 3166 6
3172 3111 3382 3178 Ἰησοῦς
3417 3130 3434 3148 ⁸
3500 3111 3678 3187 Ἀμὴν
3737 3111 3880 3189 λέγω

2215 3219 2322 3274 σοι,
2384 3197 2464 3254 ὅτι
2523 3200 2585 3254 σὺ
2643 3201 2874 3279 σήμερον
2927 3199 2982 3254 ὲν
3047 3206 3117 3277 τῇ
3160 3203 3306 3258 νυκτὶ
3347 3202 3531 3276 ταύτῃ,
3581 3202 3701 3276 πρὶν
3733 3201 3768 3268 ἢ
3801 3199 3876 3262 δὶς

2215 3286 2479 3366 ἀλέκτορα
2539 3294 2815 3369 φωνῆσαι,
2848 3291 2958 3367 τρὶς
3005 3290 3289 3368 ἀπαρνήσῃ
3334 3312 3424 3366 με.
3486 3284 3541 3348 Ὀ
3573 3289 3626 3346 δὲ
3672 3289 3732 3345 ἐκ
3772 3311 3874 3346 πε·-

2216 3385 2394 3456 ρισσοῦ
2447 3376 2598 3456 ἔλεγε
2627 3394 2640 3408 ⁸
2690 3378 2907 3436 Μᾶλλον
2958 3377 3046 3433 ἐάν
3093 3401 3159 3454 με
3203 3377 3295 3454 δέῃ
3325 3384 3710 3437 συναποθανεῖν
3765 3401 3872 3458 σοι,

2215 3467 2274 3522 οὒ
2333 3469 2408 3542 μή
2447 3488 2506 3522 σε
2559 3471 2974 3548 ἀπαρνήσωμαι,
3039 3460 3314 3532 Ὠσαύτως
3401 3468 3456 3525 δὲ
3515 3471 3601 3526 καὶ
3680 3471 3876 3528 πάντες

2215 3554 2424 3633 ἔλεγον,
2471 3577 2501 3615 )
2566 3558 2976 3638 Εὐχαρίστησαν
3040 3559 3126 3614 καὶ
3183 3561 3285 3636 πρὸ
3343 3567 3433 3615 τοῦ
3503 3573 3674 3634 πιεῖν,
3721 3560 3881 3638 εὖχα·

2213 3647 2466 3723 ρίστησαν
2525 3648 2614 3701 καὶ
2670 3649 2806 3722 μετὰ
2850 3651 2910 3703 τὸ
2967 3662 3141 3727 πιεῖν,
3200 3649 3293 3703 ’ίνα
3339 3651 3424 3705 καὶ
3466 3653 3630 3724 ἡμεῖς
3690 3651 3878 3724 μάθω-

2216 3755 2334 3810 μεν,
2395 3735 2476 3791 ὅτι
2535 3734 2618 3793 δεῖ
2661 3737 3007 3817 εὐχαριστεῖν
3059 3741 3147 3794 γαὶ
3204 3741 3418 3814 ὑμνεῖν,
3475 3741 3564 3797 καὶ
3617 3741 3719 3818 πρὸ
3777 3745 3876 3806 τῆς

2214 3831 2439 3905 τροφῆς,
2499 3829 2586 3882 καὶ
2642 3829 2777 3902 μετὰ
2825 3828 2923 3894 τῆν
2971 3830 3200 3907 τροφήν,
3249 3823 3418 3904 "Apr:
3477 3828 3530 3884 δὲ
3585 3832 3673 3886 καὶ
3720 3837 3876 3886 τοῦτο

2215 3911 2495 3990 δείκνυσιν,
2557 3915 2637 3972 ὅτι
2697 3917 2969 3982 ἀσπαστός
3032 3918 3176 3975 ἐστιν
3236 3920 3378 3993 αὒτῴ
3437 3922 3464 3975 6
3534 3920 3663 3996 ὑπὲρ
3720 3922 3875 3994 ἡμῶν

2215 4005 2461 4079 θάνατος,
2520 4005 2577 4069 ὅς
2631 4028 2691 4084 γε
2773 4007 2859 4062 ἐπὶ
2937 4009 3012 4082 τῷ
3086 4007 3452 4088 παραδοθῆναι
3507 4008 3657 4074 ἒξιῶν
3715 4011 3875 4084 ὑμνεῖ

2215 4094 2304 4149 τὸν
2337 4097 2491 4156 Θεόν.
2538 4097 2756 4158 Πάντως
2815 4095 2869 4151 δὲ
2927 4099 3017 4154 καὶ
3061 4101 3206 4174 ἡμᾶς
3235 4097 3491 4173 διδάσκει,
3525 4097 3650 4154 ὅταν
3679 4097 3867 4154 θλιϐε-

2215 4185 2333 4259 ροῖς
2391 4187 2762 4263 περιπέσωμεν
2829 4189 2902 4251 είς
2964 4189 3231 4267 σωτηρίαν
3290 4187 3527 4263 πολλῶν,
3588 4189 3668 4260 μὴ
3739 4189 3868 4248 ἀθυ-

2217 4288 2366 4350 μεῖν,
2425 4273 2544 4330 ἀλλ’
2611 4277 2953 4354 εὐχαριστεῖν
3012 4284 3088 4352 τῷ
3147 4284 3286 4355 Θεῷ,
3330 4285 3406 4352 τῷ
3449 4278 3532 4335 διὰ
3574 4285 3670 4346 τῆς
3724 4282 3870 4355 ἡμε-

2215 4365 2367 4442 τέρας
2445 4364 2674 4439 θλίψεως
2771 4367 3211 4445 κατεργαζομένῳ
3289 4373 3557 4446 σωτηρίαν
3628 4368 3868 4428 πολλῶν.

486 4461 809 4524 solitarium
869 4457 1268 4536 adorirentur,
1304 4467 1359 4518 et
1390 4457 1750 4520 detinerent.
1791 4478 1864 4518 ne
1896 4467 2123 4520 tantum

2215 4454 2522 4533 Ἐξέρχεται
2572 4452 2627 4510 δὲ
2659 4457 2731 4518 εἰς
2759 4457 2820 4511 τὸ
2852 4453 2987 4535 ὅρως
3020 4463 3126 4513 τῶν
3159 4456 3413 4538 Ἐλαιῶν,
3443 4459 3538 4514 ἵνα
3567 4461 3874 4535 καταμόνας

483 4551 804 4612 tumultum
842 4547 1079 4608 faciant.
1130 4545 1273 4607 Nam
1307 4547 1356 4608 si
1389 4547 1449 4607 in
1481 4547 1717 4609 civitate
1741 4547 1934 4628 ipsum
1959 4547 2129 4609 inva-

484 4641 726 4711 sissent,
760 4637 1032 4699 fortassis
1057 4635 1296 4697 suborta
1331 4635 1540 4698 fuisset
1584 4636 1775 4711 turba,
1812 4645 1868 4699 et
1899 4636 2130 4699 inimici

483 4729 799 4792 occasione
831 4726 1270 4806 quapiam,quae
1292 4726 1456 4805 jnsta
1485 4727 1669 4788 videri
1705 4726 2124 4807 potuisset,ap-

478 4821 796 4901 prehensa,
829 4815 940 4876 visi
975 4815 1224 4876 fuissent
1254 4815 1448 4895 ipsum
1477 4815 1638 4895 justo
1668 4828 1733 4879 ut
1776 4815 2124 4879 seditiosum

477 4903 1122 4970 interficere.Pr:edicit
1151 4913 1347 4965 autem
1387 4903 1502 4966 illis
1533 4906 1689 4984 quod
1724 4912 1785 4967 et
1807 4905 2127 4966 offendicu-

478 4998 600 5060 lum
633 4997 860 5078 passuri
895 5003 1113 5056 essent.
1151 4998 1358 5055 Postea
1389 5013 1462 5055 ne
1493 4994 1803 5057 videantur
1837 4995 1963 5056 haec
1995 5012 2126 5058 esse

475 5088 536 5148 in
592 5086 959 5148 manifestam
1018 5083 1282 5144 omnium
1351 5085 1786 5146 accusationem
1819 5135 1833 5161 ,
1888 5084 2128 5145 adducit

477 5180 652 5238 etiam
691 5172 1092 5238 testimonium
1129 5192 1196 5233 ex
1224 5173 1510 5253 propheta
1541 5173 1819 5237 Zacharia
1841 5174 1996 5255 quod
2031 5173 2126 5234 di-

477 5264 799 5346 spergendi
852 5271 1074 5326 essent.
1110 5263 1381 5342 Denique
1413 5272 1468 5323 et
1498 5265 1964 5326 consolationem
2009 5263 2129 5329 illis

471 5357 645 5418 affert
677 5355 882 5415 dicens
913 5374 924 5414 :
961 5350 1297 5412 Przecedam
1323 5370 1422 5412 vos
1444 5351 1502 5411 in
1535 5351 1980 5433 Galilaeam,hoc
2012 5360 2125 5425 est,

471 5442 860 5524 praeveniam.
894 5447 968 5503 At
996 5443 1202 5503 Petrus
1227 5439 1458 5502 obsistit
1484 5462 1496 5503 :
1531 5442 1666 5508 ideo
1687 5452 1744 5506 et
1773 5445 1937 5506 audit
1966 5442 2121 5526 quod

547 5605 580 5655 4
607 5600 796 5668 Exod.
829 5618 988 5676 xxiv,
1019 5601 1080 5666 8.

2214 4541 2325 4600 ὄντι
2384 4543 2692 4606 ἐπελθόντες
2762 4545 2852 4600 καὶ
2901 4544 3296 4625 κατασχόντες,
3338 4549 3417 4624 μὴ
3475 4549 3726 4604 τοσοῦτον
3776 4549 3873 4605 θό-

2213 4630 2367 4711 ρυϐον
2425 4633 2751 4701 ποιήσωσιν,
2803 4635 2860 4690 Εἰ
2889 4636 2990 4714 γὰρ
3020 4633 3075 4690 ἑν
3131 4641 3200 4713 τῇ
3243 4635 3396 4693 πόλει
3455 4636 3569 4693 ὄντι
3616 4636 3869 4713 ἒπῆλθον,

2210 4724 2378 4802 τυχὸν
2436 4719 2496 4776 ἂν
2559 4721 2834 4803 ἐταράχθη
2898 4726 2958 4780 τὸ
3015 4724 3219 4793 πλῆθος
3275 4724 3361 4783 ἐπ’
3417 4731 3583 4802 αὐτῷ’
3633 4729 3719 4784 καὶ
3748 4730 3870 4785 τότε

2211 4811 2598 4892 εὖλογοφανοῦς
2642 4814 2889 4894 ἀφορμῆς
2946 4813 3259 4893 δραξάμενοι
3326 4819 3373 4874 οἱ
3425 4816 3630 4897 ἐχθροὶ,
3689 4816 3869 4884 ἔδοξαν

2209 4901 2270 4957 ἂν
2325 4901 2482 4957 αὐτὸν
2543 4900 2756 4959 ἀνελεῖν
2810 4901 3026 4970 δικαίως
3080 4906 3154 4969 ὡς
3225 4909 3575 4977 στασιαστήν,
3638 4914 3863 4987 Προφη-

2208 4991 2348 5048 τεύει
2402 4989 2458 5046 δὲ
2512 4992 2697 5056 αὐτοῖς
2751 4993 2829 5048 ὅτι
2877 4995 2966 5049 καὶ
2995 4992 3564 5065 σκανδαλισθήσονται.
3596 4997 3735 5056 Εἶτα
3770 4997 3865 5056 ’ίνα

2208 5081 2287 5157 μὴ
2364 5079 2489 5156 δόξῃ
2561 5084 2835 5160 προφανὴς
2911 5087 3051 5140 εἶναι
3134 5087 3429 5164 κατηγορία
3499 5089 3714 5144 πάντων
3800 5090 3862 5144 τὸ

2215 5178 2470 5249 τοιοῦτον,
2541 5172 2765 5249 παράγει
2840 5174 2928 5228 καὶ
3005 5173 3295 5252 μαρτυρίαν
3338 5174 3398 5232 ἐκ
3440 5184 3534 5232 τοῦ
3587 5180 3864 5257 προφήτου

2211 5261 2499 5341 Ζαχαρίου,
2558 5259 2637 5316 ὅτι
2713 5261 3308 5341 διασκορπισθήσονται.
3389 5265 3709 5326 Τελευταῦον
3779 5265 3856 5341 δὲ,

2210 5353 2298 5408 καὶ
2352 5351 2684 5429 παραμυθίαν
2761 5352 2948 5431 ἐπάγει
3020 5357 3225 5431 αὐτοῖς,
3317 5354 3396 5413 ὂίτι
3455 5357 3673 5436 Προάξω
3723 5357 3858 5431 ὑμᾶς

2211 5443 2284 5507 εἷς
2336 5443 2433 5507 τὴν
2479 5438 2788 5516 Γαλιλαίαν,
2848 5443 3108 5504 τουτέστι.
3157 5443 3433 5524 προλάϐω,
3471 5445 3621 5503 Ἀλλ’
3666 5448 3694 5504 6
3752 5447 3860 5502 Πέ-
