4232 6408
320 310 440 377 653

1032 320 1479 387 ENARRATIO
1523 321 1606 384 IN
1652 317 2160 384 EVANGELIUM
2208 315 2473 381 MARCI.
2520 350 2594 363 -—
2644 320 2808 385 CAP.
2860 321 3022 385 XIV.

3606 324 3723 391 654

312 470 440 524 τρος
496 449 787 530 ἐνίσταται,
850 452 929 510 διὸ
990 456 1077 511 καὶ
1134 454 1342 533 ἀκούει,
1376 449 1457 509 ὅτι
1504 451 1696 531 Πρὶνῆ
1727 450 1985 533 ἀλέκτορα

2076 452 2400 532 Antequam
2434 453 2623 533 gallus
2657 454 2746 518 bis
2777 465 2969 539 canat,
3005 465 3095 519 ter
3120 476 3213 520 me
3243 459 3724 540 abnegabis.Hoc

316 535 390 600 δὶς
443 541 717 619 φωνῆσαι,
773 545 885 623 τρὶς
944 544 1234 623 ἀπαρνήσῃ
1293 564 1385 619 με.
1445 544 1610 600 Τοῦτο
1652 540 1706 597 δὲ
1749 542 1986 599 τοιοῦτό)

320 626 489 689 ἔστιν.
546 629 851 710 ’Πρνήσατο
926 632 1063 699 ἅπαξ
1149 635 1177 689 6
1255 632 1493 710 Πέτρος·
1575 636 1698 687 εἶτα
1749 629 1986 709 ἀλέκτωρ

322 716 621 798 ἐφώνησεν,
682 721 1055 802 ἀρνησαμένου
1111 721 1167 778 δὲ
1228 722 1441 785 καὶτὰς
1486 720 1650 785 ἄλλας
1680 717 1770 776 δύο
1814 720 1985 799 ἀρνή-

321 828 458 875 σεις,
516 809 636 866 τότε
694 811 972 891 ἐφώνησεν
1030 814 1058 868 6
1114 811 1376 881 ἀλέκτωρ.
1431 818 1596 868 Τοῦτο
1645 811 1733 866 οὖν
1763 808 1982 866 ἐνταὺθα

318 896 467 976 λέγει
504 917 526 981 Ἀ
598 901 723 978 Πρὶν
783 900 1048 981 ἀλέκτορα
1104 901 1347 981 φωνῆσαι
1412 898 1514 979 δὶς,
1573 900 1857 977 ἀπαρνὴσῃ
1914 920 1980 973 με

312 990 450 1065 τρίς.
515 979 744 1065 Ὀμοίως
831 990 886 1046 δὲ
978 979 1070 1048 καὶ
1118 979 1347 1054 ἠπάντες
1406 991 1713 1065 θερμότητα
1769 991 1983 1068 ψυχρὰν

312 1075 729 1160 ἐνδεικνύμενοι,
787 1082 1149 1161 ὑπισχνοῦντο
1188 1102 1199 1115 ·
1251 1081 1349 1147 τὴν
1407 1078 1791 1149 αὖτοαλήθειαν
1848 1079 1983 1154 ψεύ-

312 1165 488 1224 δεσθαι
539 1178 837 1244 ποιοῦντες,
884 1169 964 1227 διὸ
1026 1172 1115 1227 καὶ
1168 1183 1496 1249 παραχωρεῖ
1552 1172 1579 1225 6
1637 1170 1849 1247 Κύριος,
1896 1169 1985 1223 καὶ

317 1259 351 1325 ἡ
401 1257 701 1335 ἀνθρωπωη
759 1261 909 1339 φύσις
956 1260 1023 1316 τὰ
1081 1259 1272 1327 ἑαυτῆς
1331 1257 1707 1319 ἐπιδείκνυται,
1767 1259 1986 1321 Πάντως

322 1347 426 1426 γὰρ
470 1349 497 1403 ὁ
545 1349 726 1423 Κύριος
773 1348 997 1415 ἠδύνατο
1063 1354 1297 1429 τηρῆσαι
1350 1349 1559 1421 αὐτοὺς,
1611 1349 1699 1403 καὶ
1752 1346 1988 1423 μάλιστα

322 1438 415 1492 τὶν
477 1437 670 1509 Πέτρον
704 1456 718 1469 ·
780 1437 901 1495 ἀλλ’
940 1439 1089 1515 ὅμως
1149 1439 1373 1518 ἀφῆκεν,
1404 1438 1497 1493 Ἵνα
1551 1438 1628 1512 μὴ
1675 1434 1986 1498 πεποιθότες

324 1527 469 1599 ὦμεν
525 1525 606 1606 ἔφ’
669 1528 909 1591 ἑαυτοῖς.
969 1531 1041 1586 Τὸ
1098 1526 1175 1602 δὲ,
1248 1527 1470 1592 Πατάξω
1528 1528 1617 1583 τόν
1662 1524 1913 1605 ποιμένα,
1959 1526 1986 1580 6

330 1616 514 1694 Πατὴρ
571 1615 737 1693 λέγει.
797 1617 948 1674 Ἐπεὶ
1025 1619 1125 1695 γὰρ
1195 1617 1555 1697 παρεχώρησε
1616 1618 1983 1695 παταχθῆναι,

322 1705 551 1770 πατάξαι
611 1709 765 1770 αὐτὸς
798 1706 1012 1781 λέγεται
1071 1709 1163 1763 τὸν
1215 1709 1351 1763 κατὰ
1400 1705 1793 1785 παραχώρησιν
1831 1705 1990 1760 αὒτοῦ

2069 556 2268 629 autem
2304 542 2363 603 in
2391 544 2548 606 hunc
2583 547 2821 607 modum
2856 565 2921 609 se
2953 548 3166 611 habet:
3202 547 3723 629 Negaveratsemel

2068 628 2300 704 Petrus,
2338 632 2555 694 deinde
2586 634 2774 712 gallus
2806 636 3059 697 cantavit
3096 659 3108 694 :
3145 646 3205 698 et
3234 628 3369 701 cum
3401 640 3545 701 alias
3578 640 3725 702 duas

2064 718 2484 798 abnegationes
2506 723 2769 807 fecisset,
2796 734 2854 785 et
2881 734 3019 787 tunc
3051 745 3287 807 quoque
3311 736 3480 789 canta
3493 729 3565 789 vit
3591 729 3721 807 gal-

2065 808 2175 899 lus.
2214 812 2287 871 Et
2320 812 2430 873 hoc
2477 822 2563 873 est
2615 814 2774 895 quod
2826 815 2937 876 hoc
2985 815 3111 876 loco
3145 816 3335 880 dicit:
3373 816 3718 899 Priusquam

2062 898 2252 977 gallus
2288 899 2374 960 bis
2398 910 2613 975 cantet,
2653 912 2741 963 ter
2774 922 2867 964 me
2898 903 3244 983 abnegabis.
3282 898 3578 968 Similiter
3610 925 3720 967 au-

2063 994 2180 1047 tem
2216 996 2271 1048 et
2302 1008 2511 1051 omnes
2533 991 2806 1068 frigidam
2834 991 3198 1054 alacritatem
3232 995 3724 1069 ostendentes,et

2063 1076 2249 1166 ipsam
2289 1079 2584 1140 veritatem
2619 1081 2969 1143 mendacem
3003 1083 3310 1166 facientes,
3340 1084 3719 1165 pollicentur:

2064 1164 2201 1226 ideo
2232 1166 2518 1229 Dominus
2547 1171 2834 1248 permittit
2883 1181 2944 1231 ut
2988 1172 3247 1234 humana
3296 1164 3505 1237 natura
3555 1193 3721 1237 suam

2071 1257 2280 1334 prodat
2311 1257 3074 1323 imbecillitatemﬂmnino
3099 1262 3258 1323 enim
3283 1263 3724 1343 potuissetillos

2070 1345 2358 1408 Dominus
2388 1366 2648 1411 servare.
2686 1360 2743 1411 et
2764 1353 3002 1412 Petrum
3039 1350 3291 1412 maxime
3326 1372 3347 1414 :
3370 1352 3475 1413 sed
3506 1353 3725 1435 permi-

2067 1435 2169 1513 sit,
2209 1443 2270 1495 ut
2315 1454 2390 1497 ne
2438 1436 2496 1497 in
2546 1438 2866 1518 nobisipsis
2897 1439 3359 1504 conﬁderemus.
3405 1440 3721 1516 Caeterum,

2069 1525 2396 1613 Percutiam
2441 1535 2763 1607 pastorem,
2798 1547 2905 1590 vox
2947 1537 3036 1590 est
3065 1528 3256 1591 Patris
3291 1551 3305 1591 :
3341 1531 3724 1613 quandoqui-

2068 1612 2204 1674 dem
2240 1617 2461 1691 percuti
2495 1617 3159 1698 permisit,percussisse
3190 1619 3317 1699 ipse
3348 1619 3567 1682 dicitur
3587 1612 3723 1682 eum

2070 1702 2169 1782 qui
2220 1703 2404 1783 ipsius
2451 1706 2744 1785 permissu
2791 1724 3114 1787 percussus
3167 1720 3279 1769 est.
3332 1712 3483 1771 Oves
3519 1717 3724 1772 autem

324 1793 688 1873 παττχθέντα.
753 1794 997 1875 Πρόϐατα
1053 1794 1106 1852 δὲ
1155 1796 1277 1859 τοὺς
1332 1793 1689 1867 ἀποστόλους,
1731 1795 1803 1855 ὡς
1851 1792 1986 1849 ἀκέ-

2076 1792 2391 1873 apostolos,
2428 1802 2492 1855 ut
2528 1794 2878 1857 innocentes
2909 1796 3193 1857 nominat.

322 1903 451 1946 κους
481 1882 779 1957 ὠνόμασεν,

414 1995 440 2024 ι
475 1971 569 2028 Καὶ
634 1971 886 2053 ἔρχονται
944 1975 1018 2037 εἰς
1051 1974 1253 2054 χωρίον
1285 1973 1344 2028 οὗ
1375 1974 1435 2028 τὸ
1484 1973 1653 2047 ὄνομα
1707 1974 1988 2046 Γηθσεμα-

329 2067 422 2140 νή,
450 2063 539 2117 καὶ
565 2060 711 2138 λέγει
742 2077 863 2125 τοῖς
921 2067 1194 2138 μαθηταῖς
1225 2062 1385 2119 αύτοῦ
1418 2083 1429 2095 ·
1470 2063 1727 2119 Καθίσατε
1756 2059 1858 2118 ὧδε
1885 2058 1988 2123 ἵως

329 2150 725 2229 προσεύξωμαι.
810 2154 908 2211 Καὶ
975 2149 1384 2233 παραλαμϐάνει
1463 2153 1553 2208 τὸν
1626 2151 1823 2226 Πέτρον
1903 2152 1992 2207 καὶ

334 2239 605 2317 Ἰάκωϐον,
684 2245 773 2300 καὶ
840 2244 1091 2311 Ἰωάννην
1166 2243 1281 2319 μεθ’
1356 2242 1566 2322 ἑαυτοῦ,
1641 2243 1727 2298 καὶ
1798 2238 1994 2319 ἤρξατο

332 2327 712 2405 ἐκθαμϐεῖσθαι
770 2333 865 2387 καί
934 2332 1253 2409 ἀδημονεῖν.
1289 2333 1389 2390 Καὶ
1419 2330 1565 2410 λέγει
1607 2332 1792 2394 αὺτοῖς
1826 2348 1840 2362 ·
1882 2336 1990 2386 Πε-

331 2418 547 2498 ρίλυπός
607 2419 748 2477 ἐστιν
802 2424 838 2491 ἡ
927 2424 1081 2503 ψυχὴ
1154 2443 1258 2498 μου
1325 2419 1426 2484 ἕως
1478 2418 1722 2481 θανάτου,
1773 2422 1996 2476 Μείνατε

328 2508 454 2583 ὧδε,
516 2510 604 2566 καὶ
646 2526 991 2591 γρηγορεῖτε.
1044 2513 1142 2570 Καὶ
1196 2509 1501 2591 προσελθὼν
1547 2511 1763 2590 μικρὸν,
1808 2509 1995 2565 ἔπεσεν

333 2599 419 2655 ἐπὶ
476 2605 577 2667 τῆς
636 2600 761 2681 γῆς,
808 2606 893 2658 καὶ
951 2602 1296 2682 προσηύχετο
1338 2599 1456 2680 ἵνα,
1503 2601 1547 2655 εἰ
1602 2596 1820 2657 δυνατόν
1854 2598 1991 2674 ἐστι,

334 2689 571 2768 παρέλθῃ
647 2690 739 2748 ἀπ’
814 2694 973 2749 αὒτοῦ
1027 2695 1062 2760 ἡ
1120 2692 1256 2770 ὥρα,
1320 2692 1418 2749 Καὶ
1460 2689 1643 2769 ἔλεγεν
1677 2707 1692 2721 ⁰
1743 2686 1912 2747 Ἀϐϐἇ
1967 2690 1994 2744 6

341 2779 544 2859 Πατὴρ,
619 2782 792 2837 πάντα
854 2780 1045 2837 δυνατά
1103 2803 1209 2861 σοι,
1272 2779 1564 2858 παρένεγκε
1619 2781 1682 2836 τὸ
1737 2780 1993 2857 ποτήριον

340 2867 432 2925 ἀπ’
488 2870 618 2944 ἐμοῦ
672 2878 850 2943 τοῦτο,
902 2870 1020 2927 ἀλλ’
1087 2872 1147 2927 οὒ
1191 2872 1239 2926 τί
1282 2870 1392 2947 ἐγὼ
1433 2868 1594 2950 θέλω,
1640 2867 1779 2925 ἄλλα
1820 2873 1870 2922 τί
1906 2868 1992 2927 σύ.

346 2960 442 3015 Καὶ
498 2959 743 3039 ἔρχεται,
806 2962 894 3017 καὶ
955 2962 1177 3040 εὑρίσκει
1236 2960 1423 3023 αὐτοὺς
1493 2956 1860 3033 καθεύδοντας,
1908 2959 1996 3013 καὶ

339 3046 480 3127 λέγει
528 3057 602 3125 τῷ
662 3050 844 3126 Πέτρῳ
879 3070 891 3084 ·
956 3050 1160 3126 Σίμων,
1234 3047 1551 3121 καθεύδεις;
1611 3048 1719 3105 Οὔκ
1761 3046 1994 3127 ἴσχυσας

2156 1971 2333 2034 VERS.
2360 1972 2574 2037 32-42.
2612 1974 2721 2036 «Et
2750 1974 2993 2035 veniunt
3014 1973 3075 2035 in
3097 1974 3292 2037 locum
3317 1977 3487 2056 cujus
3505 1996 3723 2039 nomen

2072 2060 2479 2144 Gethsemani,
2512 2072 2571 2124 et
2614 2062 2758 2124 dicit
2801 2061 3109 2144 discipulis
3153 2063 3276 2125 suis
3309 2085 3324 2127 :
3360 2065 3573 2128 Sedete
3604 2066 3722 2143 hic,

2074 2148 2265 2210 donec
2296 2150 2597 2229 digressus
2626 2152 2972 2213 oravero.Et
3003 2152 3255 2214 assumit
3284 2152 3529 2217 Petrum
3563 2157 3726 2218 etJa-

2075 2237 2289 2299 cobum
2322 2249 2379 2301 et
2408 2241 2694 2302 Joannem
2728 2240 2860 2301 25l
2924 2260 3124 2303 secum
3156 2260 3170 2305 :
3212 2242 3510 2324 cmpitque
3539 2263 3723 2325 expa-

2078 2345 2317 2390 vescere
2346 2338 2405 2389 et
2433 2331 2591 2409 angi.
2625 2332 2697 2393 Et
2727 2331 2873 2393 dicit
2900 2330 3044 2393 illis:
3081 2330 3296 2393 Dolore
3318 2333 3580 2396 afﬁcitur
3600 2334 3728 2395 ani-

2078 2436 2172 2477 ma
2203 2436 2335 2479 mea
2365 2438 2553 2500 usque
2582 2420 2654 2481 ad
2692 2422 3214 2483 mortcm.Manete
3242 2422 3426 2496 ltic,et
3459 2422 3723 2502 vigilate.

2075 2504 2145 2567 Et
2175 2524 2528 2586 progressus
2558 2509 2825 2591 paulum,
2860 2517 3188 2590 prostratus
3220 2519 3311 2572 est
3331 2510 3391 2571 in
3417 2518 3728 2588 terram,et

2077 2596 2263 2656 oravit
2308 2606 2369 2657 ut
2390 2597 2440 2657 si
2466 2598 2748 2678 possibile
2777 2608 2953 2674 esset,
2989 2600 3271 2662 transiret
3300 2617 3334 2661 a
3362 2618 3428 2662 se
3459 2601 3624 2663 liora.
3660 2601 3730 2664 Et

2076 2687 2312 2749 dicebat
2347 2706 2359 2751 :
2388 2689 2555 2752 Abba
2603 2693 2801 2765 Pater,
2831 2690 3033 2752 omnia
3063 2691 3368 2772 possibilia
3409 2702 3547 2754 sunt
3579 2693 3726 2757 tibi:

2076 2777 2243 2837 aufer
2273 2778 2544 2857 poculum
2578 2798 2612 2841 a
2644 2799 2739 2842 me
2785 2781 2898 2841 hoc
2932 2800 2947 2842 :
2982 2789 3389 2841 verumtamen
3439 2800 3556 2842 non
3587 2782 3731 2864 quid

2079 2883 2185 2945 ego
2220 2868 2419 2939 velim,
2448 2869 2550 2929 sed
2577 2870 2714 2948 quid
2745 2870 2908 2932 tu.Et
2931 2869 3091 2932 venit
3113 2879 3169 2930 et
3191 2869 3438 2932 offendit
3461 2889 3563 2933 eos
3584 2873 3732 2933 dor-

2078 2954 2625 3039 mivnteszdicitque
2650 2957 3353 3039 Petro:Simon,dormis?
3376 2978 3494 3021 non
3514 2960 3734 3040 potuis-

2080 3045 2119 3104 ti
2144 3063 2318 3105 unam
2352 3046 2554 3105 horam
2583 3044 3109 3125 vigilarc?Vigilate
3135 3054 3193 3107 et
3225 3054 3388 3109 orate
3418 3066 3493 3109 ne
3526 3050 3731 3111 venia-

337 3139 460 3213 μίαν
494 3139 637 3213 ὥραν
692 3145 1028 3219 γρηγορῆσαι
1061 3159 1077 3216 ;
1138 3146 1459 3218 Γρηγορεῖτε
1490 3140 1578 3193 καὶ
1608 3140 1992 3234 προσεύχεσθε,

2081 3134 2227 3196 tisin
2249 3135 2907 3216 tentationem,spiritus
2920 3136 3161 3216 quidem
3188 3145 3732 3218 promptus,atcaro

336 3226 429 3284 ἵνα
487 3230 565 3304 μὴ
608 3229 880 3297 εἰσέλθητε
962 3230 1034 3292 εἰς
1092 3228 1388 3307 πειρασμόν
1424 3247 1436 3259 ’

336 3319 623 3399 πρόθυμον,
682 3321 716 3387 ἡ
771 3317 826 3375 δὲ
882 3318 1008 3398 σὰρξ
1072 3318 1322 3387 ἀσθενής.
1392 3317 1489 3375 Καὶ
1534 3314 1693 3376 πάλιν
1752 3312 1993 3371 ἀπελθὼν

338 3408 697 3486 προσηύξατο,
758 3411 849 3465 τὸν
907 3410 1063 3465 αὺτὸν
1117 3406 1275 3486 λόγον
1332 3406 1517 3468 εἰπών.
1581 3408 1679 3463 Καὶ
1730 3404 1994 3484 ὑποστρέ-

338 3502 466 3573 ψας,
530 3500 674 3577 εὗρεν
722 3499 909 3564 αὖτοὺς
954 3497 1116 3555 πάλιν
1176 3495 1524 3557 καθεύδοντας
1562 3517 1574 3529 ·
1621 3496 1757 3563 ἦσαν
1806 3497 1906 3573 γὰρ
1949 3496 1995 3550 οἰ

338 3576 599 3667 ὀφθαλμοὶ
663 3588 834 3644 αὖτῶν
920 3576 1299 3664 βεϐαρημένοι,
1361 3587 1450 3642 καὶ
1535 3585 1628 3641 οὐκ
1686 3584 1898 3661 ᾔδεισαν
1949 3583 1999 3639 τί

340 3679 480 3751 αὐτῷ
522 3678 872 3756 ἀποκριθῶσι.
923 3679 1022 3735 Καὶ
1076 3675 1295 3755 ἔρχεται
1358 3676 1420 3731 τὸ
1476 3676 1675 3755 τρίτον,
1721 3675 1810 3730 καὶ
1852 3673 1997 3753 λέγει

338 3771 522 3833 αὒτοτς
556 3785 571 3799 ·
670 3765 953 3825 Καθεύδετε
1059 3767 1119 3822 τὸ
1202 3764 1392 3821 λοιπὸν
1473 3766 1562 3821 καὶ
1646 3765 1995 3842 ἁναπαύεσθε,

339 3857 555 3937 ἀπέχει.
618 3847 809 3913 Ἠλθεν
860 3859 893 3925 ἡ
951 3854 1089 3936 ὥρα,
1142 3854 1252 3911 ἰδοὺ
1308 3852 1650 3935 παραδίδοται
1681 3857 1708 3911 6
1752 3855 1873 3918 Υἱὸς
1906 3856 1997 3909 τοῦ

339 3949 615 4026 ἀνθρώπου
671 3948 745 4009 εἰς
808 3947 904 4010 τὰς
961 3958 1159 4025 χεῖρας
1238 3946 1343 4000 τῶν
1403 3942 1757 4021 ἁμαρτωλῶν,
1818 3942 1994 4021 Ἐγεί-

340 4041 510 4116 ρεσθε,
572 4034 810 4115 ἄγωμεν,
866 4033 974 4093 ἰδοὺ
1033 4037 1061 4091 6
1134 4032 1448 4113 παραδιδούς
1508 4055 1576 4111 με
1639 4031 1884 4113 ἤγγικεν.
1960 4053 1992 4092 ι

344 4125 663 4203 Καταμόνας
748 4124 937 4182 εἴωθεν
1024 4125 1105 4181 ἀεὶ
1188 4123 1600 4203 προσεύχεσθαι,
1674 4123 1838 4179 τύπον
1912 4123 1999 4179 οιαὶ

339 4219 476 4293 ἡμῖν
533 4214 728 4297 διδοὺς,
786 4214 880 4271 ’ἵνα
935 4215 1032 4282 τὴν
1090 4212 1322 4293 ἡσυχίαν
1374 4212 1712 4288 ἐπιζητῶμεν
1760 4211 1816 4268 ἐν
1871 4225 1996 4277 ταῖς

343 4318 699 4387 προσευχαῖς.
774 4300 1186 4384 Παρύαμόάνει
1269 4300 1325 4358 δὲ
1395 4303 1518 4367 τοὺς
1572 4315 1720 4381 τρεῖς
1777 4304 1992 4378 μόνους,

1499 3228 1560 3282 τὸ
1619 3227 1716 3301 μὲν
1788 3224 1992 3300 πνεῦμα

2078 3224 2341 3284 infirma.
2373 3224 2446 3285 Et
2475 3244 2710 3286 rursum
2744 3226 3045 3305 digressus
3087 3226 3316 3306 orabat,
3352 3235 3410 3287 et
3450 3228 3731 3289 eumdem

2077 3312 2224 3375 dixit
2253 3332 2616 3375 sermonem.
2655 3318 2725 3375 Et
2745 3333 3020 3377 reversus
3049 3314 3297 3376 offendit
3328 3314 3464 3377 illos
3492 3334 3731 3378 rursum

2080 3403 2647 3476 dormientes,vrant
2678 3405 2835 3466 enim
2861 3405 3019 3465 oculi
3050 3422 3258 3465 eorum
3284 3405 3732 3486 gravati,neque

2079 3491 2345 3553 sciebant
2378 3494 2519 3573 quid
2548 3495 2630 3554 illi
2662 3494 3122 3575 responderent.
3152 3493 3223 3555 Et
3251 3495 3410 3555 venit
3441 3496 3612 3557 tertio
3630 3495 3731 3557 di—

2084 3581 2276 3661 citque
2307 3581 2429 3643 illis
2458 3603 2471 3645 :
2500 3583 2766 3645 Dormite
2803 3582 3139 3664 posthac,et
3169 3583 3732 3663 requiescite,sufﬁ-

2081 3669 2368 3732 cit.Venit
2400 3671 2716 3745 hora,ecce
2750 3672 3001 3733 traditur
3024 3672 3207 3733 Filius
3240 3671 3502 3733 hominis
3524 3674 3586 3734 in
3611 3691 3732 3734 ma—

2079 3778 2191 3821 nus
2218 3770 2615 3839 peccatorum.
2652 3760 2912 3842 Surgite,
2949 3780 3155 3823 eamus
3189 3782 3200 3821 :
3235 3780 3378 3823 ecce
3407 3763 3506 3842 qui
3539 3762 3735 3842 prodit

2081 3867 2200 3926 me,
2232 3849 2690 3931 appropinquat.
2726 3872 2754 3910 ›
2792 3849 3071 3911 Seorsum
3104 3868 3343 3930 semper
3372 3870 3551 3913 orare
3582 3870 3732 3912 con-

2080 3939 2290 4018 suevit,
2322 3939 2468 4000 dans
2490 3941 2667 4002 etiam
2700 3940 2873 4001 nobis
2905 3940 3267 4018 exemplum,
3304 3949 3365 4000 ut
3394 3940 3733 4021 quietemin

2081 4028 2361 4109 precibus
2419 4029 2809 4111 inquiramus.
2864 4030 3131 4092 Assumit
3159 4038 3356 4091 autem
3390 4029 3581 4091 solum
3616 4042 3735 4092 tres

2082 4118 2213 4188 illos
2237 4119 2336 4199 qui
2363 4138 2486 4181 suae
2513 4121 2570 4180 in
2594 4118 2835 4182 Thabor
2855 4120 3065 4200 gloriae
3086 4126 3455 4200 spectatores
3477 4123 3733 4198 fuerant,

2079 4216 2145 4269 ut
2166 4208 2251 4269 illi
2282 4209 2394 4289 ipsi
2425 4210 2526 4289 qui
2550 4209 2804 4289 gloriosa
2836 4210 3127 4290 viderant,
3159 4209 3395 4270 videant
3426 4218 3485 4270 et
3516 4210 3727 4273 tristia:

2081 4297 2430 4378 discantque
2461 4300 2615 4379 quod
2648 4307 2707 4360 et
2733 4299 2862 4379 ipse
2885 4317 3022 4360 vere
3050 4300 3229 4360 homo
3260 4299 3358 4370 sit,
3394 4307 3455 4360 et
3484 4308 3736 4362 maereat

340 4398 464 4462 τοὺς
514 4385 602 4452 καὶ
654 4400 755 4463 τῆς
808 4391 961 4461 δόξης
1011 4391 1172 4449 αύτοῦ
1200 4390 1255 4447 ἐν
1282 4397 1361 4467 τῷ
1391 4388 1579 4470 Θαϐὼρ
1604 4393 1793 4455 θεατὰς
1837 4413 1992 4471 γενο-

2082 4395 2141 4447 et
2161 4397 2408 4466 angatur
2438 4387 2588 4449 sicut
2627 4404 2759 4449 nos.
2792 4386 2936 4448 Nam
2971 4394 3031 4449 et
3068 4385 3170 4468 qui
3198 4395 3385 4448 totum
3430 4389 3736 4450 hominem

342 4487 558 4563 μένους,
614 4484 709 4541 ἵνα
766 4486 813 4541 οἱ
860 4481 1059 4547 ἰδόντες
1103 4482 1171 4539 τὰ
1211 4479 1414 4553 ἔνδοξα,
1455 4479 1611 4537 ἴδωσι
1661 4481 1841 4538 καὶτὰ
1870 4503 1997 4538 σκυ-

340 4576 547 4655 θρωπὰ,
612 4575 699 4630 καὶ
757 4573 1018 4652 μάθωσιν,
1065 4568 1148 4627 ὅτι
1187 4570 1277 4627 καὶ
1320 4570 1477 4636 αὐτὸς
1527 4568 1739 4637 ἀληθῶς
1789 4569 1998 4649 ἅνθρω-

340 4689 442 4730 πος
496 4664 588 4737 ἦν,
651 4664 740 4720 καὶ
798 4661 1048 4719 λυπεῖται
1101 4661 1191 4718 καὶ
1269 4657 1531 4736 ἀδημονεϊ
1589 4659 1779 4727 ἐπίσης
1835 4661 1997 4736 ἡμῖν,

342 4757 496 4814 Ἐπεὶ
551 4757 653 4835 γὰρ
708 4751 833 4809 ὅλον
874 4753 966 4809 τὸν
1019 4750 1292 4829 ἄνθρωπον
1361 4748 1648 4806 ἂνελάϐετο
1717 4751 1854 4827 μετὰ
1895 4752 1999 4807 τῶν

342 4848 576 4926 φυσικῶν
650 4843 978 4919 ἰδιωμάτων,
1060 4841 1275 4900 πάντως
1335 4842 1426 4897 καὶ
1493 4838 1856 4911 λυπηθήσεται
1912 4848 2000 4902 καὶ

343 4933 674 5011 ὰδημονήσει
731 4933 990 5015 ιρυσικῶς,
1050 4932 1112 4989 Oi
1167 4930 1266 5010 γὰρ
1316 4928 1603 5009 ἄνθρωποι,
1667 4927 1816 5010 φύσει
1868 4932 1999 5010 πρὸς

341 5026 432 5081 τὸν
488 5025 710 5081 θάνατον
767 5020 946 5090 ἁηδῶς
1003 5019 1331 5096 διακείμεθα.
1400 5027 1487 5094 Τῷ
1531 5020 1629 5095 μὲν
1672 5022 1760 5077 οὖν
1803 5020 1996 5094 εἰπεῖν,

343 5113 659 5195 Παρελθέτω
741 5113 802 5170 τὸ
873 5113 1152 5190 ποτήριον,
1240 5107 1398 5175 ἔδειξε
1474 5109 1806 5188 ἀνθρώπινον
1848 5124 1861 5138 ⁹
1924 5110 2002 5184 τῷ

347 5204 403 5260 δὲ
443 5206 639 5278 εἰπεῖν,
676 5201 793 5281 Οὖχ
823 5202 851 5256 ὃ
894 5202 1002 5279 ἐγὼ
1028 5199 1189 5269 θέλω,
1222 5197 1342 5255 ἀλλ’
1385 5200 1414 5255 ὃ
1442 5199 1527 5273 σὺ,
1573 5195 1804 5255 διδάσκει
1833 5200 2001 5274 ἡμᾶς,

2082 4495 2215 4539 cum
2251 4476 2617 4537 naturalibus
2638 4476 3082 4538 conditionibus
3099 4476 3383 4557 suscepit,
3412 4478 3656 4540 omnino
3679 4486 3740 4540 et

2082 4566 2375 4627 tristitiam
2406 4576 2465 4629 et
2486 4584 2769 4644 angorem
2804 4565 3132 4628 naturalem
3163 4564 3619 4629 habuit.0mnes
3637 4585 3740 4629 au-

2084 4663 2201 4719 tem
2228 4665 2439 4717 natura
2472 4654 2792 4716 insuaviter
2816 4672 2958 4734 erga
2988 4663 3240 4716 mortem
3274 4655 3469 4716 affecti
3501 4675 3734 4721 sumus.

2082 4748 2376 4808 Caeterum
2408 4745 2659 4806 dicendo
2692 4765 2705 4807 :
2740 4745 3028 4807 TranSeat
3056 4744 3230 4818 calix,
3261 4746 3611 4808 monstravit
3633 4746 3741 4807 hu-

2086 4834 2729 4898 manitatem.Dicendo
2753 4842 2984 4897 autem:
3008 4836 3142 4897 Non
3160 4834 3317 4915 quod
3342 4852 3451 4911 ego
3473 4835 3740 4912 volo,sed

2083 4926 2238 5007 quod
2272 4925 2536 5000 tu,docet
2565 4943 2675 4986 nos
2701 4932 2765 4984 ut
2790 4923 3165 4985 invadentem
3196 4941 3265 4983 ac
3296 4932 3607 5002 urgentem
3639 4944 3744 4986 na-

2087 5026 2274 5078 turam
2299 5012 2939 5094 contemnamus,quod
2953 5011 3074 5073 Deo
3090 5020 3318 5091 gratum
3344 5022 3738 5095 estpetentes.

2086 5105 2407 5184 Postquam
2429 5111 2625 5165 autem
2652 5112 2782 5184 post
2810 5120 3018 5183 preces
3030 5101 3213 5182 venit,
3237 5102 3590 5166 invenittres
3608 5104 3743 5167 dor-

2095 5194 2434 5273 mientes,et
2460 5192 2783 5272 increpavit
2806 5195 3045 5253 Petrum
3067 5190 3284 5272 solum,
3318 5193 3487 5273 quasi
3506 5194 3643 5256 talia
3663 5194 3743 5256 ad

342 5294 434 5351 ἴνα
488 5296 577 5351 καὶ
633 5292 730 5359 τῆς
757 5279 991 5371 ῄιρύσεως
1062 5288 1385 5367 βιαζομένης
1447 5289 1880 5369 ὑπερφρονῶμεν,
1946 5304 1992 5359 ta

2090 5285 2284 5364 ipsum
2340 5282 2587 5344 dicens:
2621 5280 2791 5371 Tune
2817 5279 2951 5371 _ille
2982 5298 3079 5371 es,
3110 5280 3213 5361 qui
3268 5282 3564 5362 pollicitus
3593 5302 3657 5345 es
3689 5292 3745 5346 te

343 5386 564 5465 ἀρεστὸν
592 5389 669 5454 τῷ
699 5367 816 5456 Θεῷ
874 5380 1200 5457 αἰτούμενοι.
1254 5370 1347 5443 Ὠς
1396 5377 1450 5433 δὲ
1508 5367 1643 5453 μετὰ
1696 5377 1794 5444 τὴν
1838 5378 1992 5458 εὐχὴ.

2094 5368 2785 5435 mihicommoriturum?
2817 5367 3006 5432 Unam
3068 5369 3275 5431 horam
3327 5391 3445 5433 non
3504 5372 3749 5453 potuisti

343 5458 529 5551 ἐλθὼν,
604 5476 720 5552 εὗρε
795 5472 916 5536 τοὺς
977 5483 1125 5551 τρεῖς
1202 5466 1575 5543 καθεύδοντας,
1633 5467 1855 5543 ἐπιτιμᾷ
1924 5475 1992 5543 τῷ

2090 5459 2664 5543 vigilare,quomodo
2689 5466 2938 5552 mortem
2963 5458 3342 5552 contemnes?
3363 5459 3482 5552 Sed
3518 5462 3750 5541 vigilate

348 5548 530 5645 Πέτρω
585 5548 759 5643 μόνῳ,
790 5548 1081 5642 μονονουχὶ
1134 5566 1352 5618 τοιαῦτα
1382 5557 1557 5638 λέγων
1600 5559 1733 5637 πρὸς
1791 5557 1947 5617 αὐτόν
1984 5576 1992 5589 ·

2084 5562 2143 5616 et
2172 5558 2359 5645 orate,
2396 5561 2461 5612 ut
2492 5568 2567 5610 ne
2595 5548 2847 5645 veniatis
2879 5548 2941 5610 in
2971 5548 3357 5611 tentatiouem
3413 5549 3750 5645 abnegaudi

345 5656 419 5717 Οὒ
454 5638 537 5712 ’σῦ
586 5638 639 5711 εἶ
685 5656 713 5710 6
742 5638 1144 5733 ’ὕποσχόμε-νος
1190 5651 1281 5707 σὺν
1328 5648 1446 5725 ἐμοὶ
1497 5648 1840 5723 ἀποθανεῖν’;
1870 5646 1992 5705 Μίαπ

2091 5638 2478 5721 me.Spiritus
2507 5638 2752 5721 quidem
2784 5647 3097 5720 promptus
3116 5647 3298 5721 est,ut
3318 5661 3414 5708 me
3430 5661 3549 5708 non
3568 5642 3751 5711 abite.
