4232 6410
498 329 616 401 655
1366 339 1961 404 THEOPHYLACTI
2005 334 2416 398 BULGARI/E
2489 332 2848 398 ARCHIEP.
3769 320 3908 399 656

497 480 616 550 get,
652 479 712 534 et
740 484 1052 554 propterea
1081 475 1258 536 etiam
1283 493 1384 536 vos
1417 473 1778 555 pollicemini
1809 475 1954 536 mihi
1987 476 2099 536 hoc

2214 468 2380 548 ὥραν
2439 469 2532 526 οῦκ
2590 467 2823 549 ἴσχυσας
2883 471 3239 548 γρηγορῆσαι,
3303 468 3391 525 καὶ
3447 467 3674 524 θανάτου
3730 489 3906 524 κατα-

499 561 604 622 sed
639 580 777 624 caro
808 562 1044 625 inﬁrma
1087 571 1195 638 est,
1231 573 1288 626 et
1319 565 1399 626 ita
1429 564 1480 626 si
1511 583 1628 625 non
1663 584 1769 645 per
1823 565 2130 626 oratim'en

2240 560 2574 639 φρονήσειςς
2640 557 2810 615 Ἀλλὰ
2867 559 2967 636 γὰρ
3025 559 3351 638 γρηγορεῖτε
3405 559 3493 613 καὶ
3522 557 3919 636 προσεύχεσθε,

501 651 772 712 virtutem
805 652 1038 715 dederit
1057 655 1218 716 Deus
1245 652 2126 734 carni,periclitabimini.Etite

2237 647 2329 703 ’ίνα
2391 649 2469 722 μὴ
2530 647 2804 714 εἰσέλθητε
2851 650 2925 711 εἰς
2977 651 3068 704 τὸν
3113 649 3410 727 πειρασμὸν
3469 647 3562 703 τοῦ
3593 647 3922 724 ἀρνήσασθαι

494 757 627 800 rum
662 760 796 802 cum
820 741 1126 822 abivisset,
1161 742 1373 819 oravit,
1409 752 1466 806 et
1501 744 1776 805 eumdem
1799 762 2130 820 ,sermoneu

2238 759 2327 813 με.
2384 741 2454 795 Τὸ
2515 739 2610 814 μεν
2683 738 2783 816 γὰρ
2841 745 3050 812 πνεῦμα
3106 739 3254 812 ὑμῶν
3321 738 3589 815 πρόθυμον
3649 735 3793 792 ἐστιν
3839 737 3914 799 εἷς

495 828 664 903 dixit,
705 839 768 890 ut
798 831 972 892 etiam
1008 835 1271 894 secundo
1295 833 1518 894 orando
1547 833 1796 895 credere
1829 833 2000 894 faciat
2025 850 2147 908 eos,

493 918 653 1000 quod
686 919 766 982 sit
791 939 928 982 vere
959 929 1018 982 et
1048 921 1515 985 substantialiter
1535 923 1738 993 homo,
1766 931 1823 984 et
1852 931 1914 982 ut
1943 923 2158 982 doceat

494 1007 670 1070 etiam
703 1029 812 1072 nos
843 1029 1001 1090 saepe
1033 1019 1297 1085 orare,et
1329 1032 1447 1073 non
1480 1012 1680 1073 statim
1713 1021 1774 1074 ut
1795 1012 1982 1074 semel
2008 1011 2154 1092 peti-

493 1097 1127 1173 verimus,cessare.Et
1149 1121 1283 1163 cum
1305 1102 1631 1164 invenisset
1653 1122 1756 1164 eos
1781 1102 1998 1164 iterum
2022 1100 2156 1162 dor-

494 1187 898 1263 mientes,non
916 1189 1088 1251 valde
1119 1191 1448 1271 increpavit
1485 1211 1608 1263 eos,
1637 1200 1805 1252 erant
1833 1192 1988 1252 enim
2016 1209 2151 1269 gra-

491 1278 609 1340 vati
634 1278 1034 1354 somnogunde
1059 1279 1222 1341 disce
1253 1281 1574 1342 humanam
1595 1281 1890 1342 levitatem
1909 1289 1965 1340 et
1994 1281 2154 1340 inﬁr-

494 1368 782 1442 mitatem,
807 1368 1044 1450 quando
1065 1369 1306 1450 quidem
1331 1373 1431 1450 qui
1463 1391 1657 1450 neque
1692 1390 1900 1430 somno
1935 1389 2145 1450 possu-

494 1475 625 1518 mus
655 1456 968 1532 obsistere,
980 1459 1377 1537 promittimus
1395 1478 1550 1540 saepe
1576 1480 1704 1539 qua:
1738 1459 1906 1520 nobis
1929 1459 2149 1538 impos-

492 1545 690 1608 sibilia
707 1545 1058 1626 sunt.lgitur
1071 1567 1230 1610 nunc
1250 1549 1418 1609 tertio
1441 1557 1992 1628 precatur,propter
2016 1548 2146 1608 illas

487 1636 648 1716 ipsas
679 1655 889 1698 causas
919 1655 1064 1717 quas
1095 1657 1273 1718 supra
1302 1638 1581 1701 diximus.
1619 1638 1686 1699 Et
1708 1638 1869 1700 venit
1901 1642 2139 1708 iterum.

486 1744 556 1786 ac
586 1725 736 1788 dicit
762 1726 1025 1787 illisznon
1047 1727 1171 1806 jam
1207 1729 1615 1807 perstringens
1642 1729 1849 1789 durius
1873 1729 2140 1808 quamvis

489 1815 684 1877 meriti
705 1823 926 1892 essent,
960 1817 1098 1896 quia
1139 1826 1266 1898 post
1320 1819 1460 1878 252
1513 1818 1984 1898 increpationem
2021 1838 2137 1879 non

485 1914 653 1966 erant
677 1905 806 1966 facti
843 1905 1251 1982 meliores,sed
1275 1927 1485 1970 somno
1507 1909 1980 1970 indulserant.Et
1997 1909 2136 1990 quid

483 1994 676 2058 dicit?
715 1993 986 2058 Dormite
1017 2015 1200 2078 nunc,
1233 2009 1289 2058 et
1315 1998 1696 2079 requiescite.
1734 2000 1848 2060 Per
1884 1998 2136 2060 ironiam

481 2084 608 2146 haec
636 2085 754 2146 illis
784 2085 1067 2166 loquitur;
1100 2089 1238 2167 quia
1270 2087 1429 2148 enim
1451 2087 1679 2149 sciebat
1708 2087 1910 2151 venire
1940 2087 2138 2166 prodi-

484 2181 696 2246 torem,
729 2174 872 2237 dicit
892 2174 961 2236 ad
999 2174 1164 2237 illos:
1196 2174 1364 2236 Nunc
1390 2184 1622 2254 tempus
1652 2182 1743 2236 est
1766 2173 2130 2247 dormiendi,

479 2263 734 2325 dormite
757 2283 1083 2336 nunc,ecce
1109 2265 1387 2326 inimicus
1415 2263 1729 2326 veniulloc
1760 2271 1958 2325 autem
1981 2262 2133 2324 dixit

477 2352 734 2414 irridens
759 2371 966 2414 eorum
985 2353 1547 2415 somnolentiam.Et
1575 2353 1730 2434 quod
1756 2371 1861 2432 per
1879 2351 2132 2413 ironiam

480 2441 852 2522 dixerit,audi
875 2443 1155 2522 quoniam
1184 2461 1316 2504 mox
1345 2442 1594 2503 subdat:
1630 2439 2126 2520 Surgite,eamus:

479 2550 596 2592 non
630 2536 695 2594 ut
725 2531 949 2610 fugiant
991 2531 1102 2592 hoc
1145 2531 1370 2611 dicens,
1422 2529 1526 2592 sed
1584 2530 1770 2609 magis
1801 2539 1864 2590 ut
1895 2529 2126 2591 obviam

478 2629 614 2682 eant
642 2619 920 2682 inimicis.
957 2619 1208 2692 Quidam
1234 2627 1430 2682 autem
1458 2621 1572 2683 hoc
1600 2620 1758 2700 quod
1791 2619 2128 2682 dicitzTris-

478 2710 550 2770 tis
574 2718 660 2770 est
681 2710 881 2771 anima
909 2727 1039 2771 mea
1057 2728 1244 2789 usque
1272 2709 1345 2769 ad
1392 2718 1668 2783 mortem,
1689 2710 1773 2771 sic
1806 2708 2125 2771 intellexe-

475 2807 614 2861 runt
649 2821 661 2862 :
695 2801 906 2861 Tristis
937 2819 1092 2871 sum,
1132 2817 1247 2860 non
1280 2801 1416 2878 quia
1446 2799 1796 2870 moriturus,
1854 2798 1955 2858 sed
1991 2798 2128 2878 quia

473 2889 760 2950 Israelita:
811 2888 1120 2950 domestici
1175 2888 1293 2950 mei
1347 2907 1441 2949 me
1484 2887 1823 2948 crucifixuri
1875 2897 2028 2948 sunt.
2071 2897 2129 2948 et

473 2988 788 3059 propterea
818 2996 1004 3058 regno
1039 2977 1143 3039 Dei
1175 2977 1506 3056 ejicientur.

471 3069 637 3147 λέγει,
699 3067 816 3124 ἀλλ’
886 3069 979 3124 ’ἶνα
1033 3067 1236 3143 μᾶλλον
1295 3070 1657 3138 συναντήσωσι
1729 3083 1846 3131 τοῖς
1901 3069 2142 3150 ἐχθροῖς,

2234 831 2294 884 τὸ
2366 828 2444 904 μὴ
2499 828 2823 904 ἀρνήσασθαί
2881 849 2945 903 με
2987 847 2999 860 ·
3081 829 3170 884 καὶ
3255 825 3337 883 διὰ
3395 829 3548 882 τοῦτο
3605 829 3694 883 καὶ
3753 828 3908 901 δμεῖς

2238 919 2588 998 ῦπισχνεῖσθέ
2633 939 2723 992 μοι
2783 925 2937 973 τοῦτο
2974 933 2988 946 “
3037 915 3158 972 ἀλλ’
3204 917 3240 984 ἡ
3301 916 3424 996 σὰρξ
3457 917 3681 985 ἀσθενής
3719 937 3732 950 ⁸
3766 917 3906 972 ὥστε

2237 1009 2327 1064 ἐὰν
2385 1008 2464 1083 μὴ
2515 1006 2598 1063 διὰ
2641 1012 2740 1074 τῆς
2789 1012 3100 1087 προσευχῆς
3131 1005 3241 1080 δῴη
3274 1005 3492 1082 δύναμιν
3530 1007 3557 1062 ὃ
3607 1008 3791 1084 Κύριος
3836 1013 3905 1083 τῇ

2236 1099 2410 1178 σαρκὶ,
2487 1095 2874 1158 κινδυνεύσετε,
2961 1101 3057 1154 Καὶ
3135 1097 3297 1152 πάλιν
3357 1097 3604 1153 ἀπελθὼι
3657 1099 3898 1176 προσηύ-

2236 1185 2382 1262 ξατο,
2417 1189 2507 1245 τὸν
2553 1190 2708 1244 αὐτὸν
2768 1185 2928 1265 λόγον
2987 1188 3172 1261 εἰπὼν,
3206 1187 3296 1243 Ἵνα
3341 1188 3428 1242 καὶ
3458 1185 3541 1242 διὰ
3569 1195 3662 1243 τοῦ
3715 1185 3900 1243 δεύτε-

2235 1300 2324 1355 ρον
2397 1276 2803 1356 προσεύξασθαι,
2881 1278 3242 1350 πιστώσηται,
3318 1276 3398 1332 ὅτι
3487 1275 3750 1340 οῦτιωδῶς
3811 1279 3900 1332 καὶ

2233 1366 2446 1433 ἀληθῶς
2477 1367 2752 1445 ἄνθρωπος
2784 1367 2849 1433 ἦν
2889 1383 2899 1395 ⁸
2935 1369 3023 1422 καὶ
3053 1366 3144 1422 ’ἵνα
3187 1363 3370 1441 διδάξῃ
3429 1368 3515 1422 καὶ
3547 1369 3713 1446 ἡμᾶς,
3762 1367 3900 1422 πολ-

2228 1455 2382 1521 λάκις
2441 1458 2860 1536 προσεύχεσθαι,
2950 1459 3037 1512 καὶ
3132 1456 3211 1532 μὴ
3281 1455 3417 1521 ἅπαξ
3497 1458 3744 1521 εἰπόντας
3819 1480 3895 1527 τι,

2227 1545 2681 1609 ἀπαλλάττεσθαι,
2745 1548 2921 1625 Εὑρὼν
2965 1545 3018 1600 δὲ
3083 1546 3271 1610 αὖτοὺς
3331 1545 3492 1602 πάλιν
3523 1545 3893 1619 καθεύδοντας,

2226 1638 2283 1692 οὐ
2329 1635 2567 1717 σφοδρῶς
2628 1635 2846 1711 ἐπιτιμᾷ
2883 1653 2896 1666 ⁸
2944 1637 3078 1704 ἦσαν
3147 1637 3246 1714 γὰρ
3303 1634 3658 1715 βεϐαρημένοι
3719 1637 3891 1710 ὕπνῳ.

2231 1719 2403 1783 "005v
2437 1728 2666 1802 μάνθανε
2724 1727 2822 1793 τὴν
2855 1727 3191 1805 ἀνθρωπίνην
3234 1728 3538 1806 κουφότητα
3583 1729 3670 1783 καὶ
3729 1728 3889 1784 ἀσθέ-

2222 1839 2387 1892 νειαν,
2453 1815 2599 1879 ὅπως
2659 1814 2796 1891 μηδέ
2841 1819 2972 1895 πρὸς
3026 1816 3190 1873 ὕπνον
3242 1817 3524 1896 ἀντισχεῖν
3581 1816 3884 1893 δυνάμενοι,

2223 1905 2663 1985 ἐπαγγελλόμεθα
2717 1905 2978 1971 πολλάκις
3041 1908 3107 1961 τὰ
3195 1904 3417 1962 ἀδύνατα
3480 1909 3640 1981 ἡμῖν.
3720 1907 3888 1964 Πάλιν

2222 1995 2309 2052 οῦν
2365 1996 2426 2051 ἐκ
2483 1996 2659 2074 τρίτου
2729 1997 3108 2075 προσεύχεται,
3189 1994 3275 2050 διὰ
3332 1997 3428 2058 τὰς
3502 1997 3662 2059 αὐτὰς
3716 1997 3886 2060 αἰτίας

2221 2084 2282 2149 ἃς
2340 2084 2566 2160 εἴπομεν
2627 2083 2756 2146 ἅνω,
2823 2085 2920 2142 Καὶ
2980 2084 3196 2164 ἔρχεται
3256 2083 3441 2164 πάλιν,
3501 2086 3588 2140 xui
3619 2084 3764 2164 λέγει
3798 2090 3889 2144 αὖ·

2218 2187 2338 2236 τοῖς
2385 2171 2655 2253 (86·87),
2717 2177 2811 2232 οῦκ
2871 2172 3220 2243 ἐπιπλήσσων
3255 2188 3269 2203 ⁶
3303 2174 3476 2230 καίτοι
3505 2173 3611 2229 ἔδει
3645 2173 3888 2242 ἐπιπλῆ-

2218 2261 2322 2338 Ξαι,
2385 2265 2458 2327 ὡς
2512 2261 2648 2338 μηδέ
2709 2264 2844 2324 μετὰ
2917 2264 3013 2329 τὴν
3093 2261 3398 2338 ἐπιτίμησιν
3475 2261 3882 2339 βελτιωθέντας,

2215 2351 2353 2409 ἀλλὰ
2395 2350 2786 2431 παραδοθέντας
2845 2358 2922 2426 τῷ
2964 2351 3111 2424 ὕπνῳ
3146 2367 3160 2381 ⁶
3224 2354 3272 2407 τί
3314 2355 3402 2408 οὖν
3445 2351 3636 2428 λέγει;
3679 2355 3878 2410 Καθεύ-

2213 2441 2329 2498 δετε
2374 2443 2435 2498 τὸ
2505 2441 2695 2498 λοιπὸν
2750 2443 2838 2498 καὶ
2922 2442 3272 2503 ἀναπαύεσθε,
3348 2443 3764 2519 Εἶρωνευόμενος
3822 2441 3878 2498 δὲ

2213 2542 2368 2591 τοῦτο
2411 2531 2556 2610 λέγει
2613 2533 2742 2606 πρὸς
2776 2530 2966 2595 αύτούς
3001 2547 3015 2561 ⁸
3056 2532 3170 2587 ἐπεὶ
3211 2532 3310 2610 γὰρ
3368 2529 3484 2611 ᾔδει
3527 2531 3608 2588 ὅτι
3652 2531 3871 2612 ἔρχεται

2211 2624 2239 2678 ὁ
2299 2619 2589 2701 προδότης,
2648 2622 2778 2700 φῆσὶ
2821 2623 2953 2700 πρὸς
2999 2621 3185 2684 αύτούς
3239 2618 3319 2677 ὅτι
3364 2629 3466 2678 Νῦν
3523 2622 3700 2700 κριρός
3759 2622 3869 2678 ἐστι

2209 2719 2302 2768 τοῦ
2357 2713 2664 2786 κοιμᾶσθαι,
2747 2708 3021 2766 καθεύδετε
3055 2729 3071 2745 ·
3135 2708 3242 2766 ἰδοὺ
3289 2712 3316 2766 ὁ
3374 2711 3561 2790 ἐχθρὸς
3621 2710 3860 2791 ἔρχεται.

2211 2807 2377 2858 Τοῦτο
2419 2797 2473 2855 δὲ
2518 2799 2667 2871 εἶπε,
2720 2798 2983 2878 ἐπιγελῶν
3041 2803 3118 2874 τῷ
3167 2799 3316 2874 ὕπνῳ
3375 2804 3563 2859 αὐτῶν.
3631 2792 3665 2827 ’¹
3676 2811 3767 2859 Οτι
3813 2799 3867 2857 δὲ

2211 2889 2614 2964 εἰρωνευόμενος
2677 2896 2835 2946 τοῦτο
2893 2893 3070 2964 εἶπεν,
3131 2889 3287 2946 ἄκουε
3357 2896 3471 2953 πῶς
3529 2893 3872 2967 παρακατιὼν

2210 2978 2350 3056 λέγει
2384 2994 2398 3009 ’
2462 2976 2778 3056 Ἐγείρεσθε,
2841 2977 3076 3055 ἅγωμεν⁶
3125 2980 3230 3058 οὐχ
3276 2979 3370 3034 ἵνα
3401 2977 3455 3034 δὲ
3483 2980 3686 3059 φύγωσι
3719 2988 3876 3043 τοῦτο

2213 3069 2360 3131 Τινὲς
2416 3067 2469 3122 δὲ
2529 3069 2612 3141 τὸ,
2649 3066 2937 3145 Περίλυπός
2983 3067 3125 3123 ἐστιν
3154 3070 3190 3137 ἡ
3221 3068 3375 3148 ψυχὴ
3409 3091 3511 3144 μου
3539 3067 3639 3133 ἕως
3695 3071 3861 3128 θανά-

469 3181 584 3234 του,
657 3160 822 3222 οὕτως
895 3160 1144 3233 ἐνόησαν,
1208 3158 1287 3216 ὅτι
1348 3165 1649 3233 Λυποῦμαι,
1725 3165 1783 3218 οὗ
1841 3158 1972 3217 διότι
2023 3161 2225 3236 μέλλων
2264 3158 2576 3233 ἀποθανεῖν,
2625 3157 2761 3216 αλλὰ
2808 3156 2937 3215 διότι
2969 3161 3015 3216 οἱ
3045 3157 3404 3239 Ἰσραηλῖται,
3441 3163 3488 3216 οἱ
3518 3161 3706 3216 οίκεῖοί
3737 3183 3875 3241 μου,

468 3251 613 3306 αῦτοὶ
637 3252 936 3327 σταυρῶσαί
981 3273 1047 3324 με
1087 3248 1362 3323 μέλλουσι,
1396 3252 1484 3305 καὶ
1514 3247 1599 3304 δια
1642 3252 1793 3305 τοῦτο
1840 3249 2190 3331 ἆποῤῥιιρῆναι
2220 3249 2319 3318 τῆς
2349 3250 2620 3326 βασιλείας
2651 3247 2745 3305 τοῦ
2786 3255 2940 3306 Θεοῦ.

546 3337 729 3402 Vsus.
767 3339 985 3402 43-49.
1019 3363 1044 3393 α
1077 3340 1145 3400 Et
1167 3337 1471 3413 continuo,
1505 3338 1698 3399 adhuc
1725 3357 1792 3399 eo
1819 3340 2121 3419 loquente,
2145 3350 2185 3401 C

465 3428 697 3490 accedit
723 3425 929 3508 Judas,
965 3427 1063 3510 qui
1099 3436 1226 3490 erat
1256 3446 1414 3487 unus
1447 3445 1477 3488 e
1510 3428 1856 3509 duodecim,
1895 3436 1952 3488 et
1983 3446 2117 3490 cum

465 3515 567 3576 illo
599 3515 770 3577 turba
801 3517 978 3576 multa
1010 3536 1142 3577 cum
1175 3516 1381 3594 gladiis
1422 3525 1481 3576 et
1525 3515 1776 3578 fustibus
1808 3536 1840 3577 a
1873 3516 2123 3576 summis

468 3605 875 3667 sacerdotibus
906 3621 963 3668 et
987 3605 1211 3668 Scribis
1253 3615 1309 3667 et
1339 3605 1696 3668 senioribus.
1729 3607 1980 3668 Dederat
2012 3626 2121 3666 au-

471 3706 590 3756 tem
623 3696 671 3756 is
704 3695 804 3775 qui
840 3695 1126 3774 prodebat
1167 3714 1328 3775 eum,
1363 3715 1680 3756 commune
1715 3695 1946 3773 signum
1978 3696 2118 3770 illis,

471 3783 715 3844 dicens:
741 3782 1167 3864 Quemcunque
1199 3785 1499 3845 osculatus
1529 3785 1774 3863 fuero,is
1805 3794 1913 3858 est,
1952 3805 2118 3846 com-

472 3872 823 3952 prehendite
854 3882 1080 3946 eum,et
1100 3873 1375 3934 abducite
1395 3883 1562 3934 caute
1595 3872 1666 3935 Et
1683 3893 1815 3934 cum
1836 3874 2115 3936 venisset.

473 3961 740 4039 protinus
797 3961 1025 4022 accedit
1081 3962 1150 4022 ad
1206 3962 1397 4031 illum,
1451 3962 1711 4042 dicitque
1771 3963 1847 4041 ei,
1909 3963 2120 4042 Babbi,

475 4049 667 4112 Rabbi
694 4069 708 4112 ε
736 4069 803 4111 ac
827 4051 1204 4113 deosculatus
1228 4059 1315 4113 est
1345 4051 1600 4114 eum.Illi
1629 4070 1762 4112 vero
1787 4052 2124 4131 injecerunt

471 4140 531 4199 in
563 4139 728 4200 illum
763 4159 970 4201 manus
1018 4159 1180 4222 suas,
1213 4151 1271 4202 et
1319 4142 1904 4221 comprehenderunt
1963 4163 2094 4203 eum

471 4227 633 4290 Unus
690 4237 887 4291 autem
931 4230 1222 4310 quiSpiam
1264 4231 1604 4302 astantium,
1642 4231 1854 4293 educto
1901 4232 2122 4314 gladio,

473 4319 766 4397 percussit
796 4337 1027 4380 servum
1061 4321 1273 4379 summi
1309 4320 1657 4396 sacerdotis,
1695 4329 1752 4382 et
1799 4322 2127 4402 amputavit

470 4407 795 4470 auriculam
838 4409 992 4487 ejus.
1037 4407 1107 4469 Et
1150 4408 1522 4489 respondens
1549 4406 1750 4485 Jesus,
1784 4409 1929 4470 dixit
1960 4409 2076 4470 illis
2108 4431 2120 4471 :

471 4494 773 4578 Tanquam
814 4499 884 4558 ad
937 4497 1223 4559 latronem
1259 4497 1462 4559 existis
1493 4517 1626 4559 cum
1651 4498 1862 4577 gladiis
1899 4517 1965 4560 ac
1997 4499 2123 4559 fus-

2298 3363 2323 3392 α
2362 3340 2458 3396 Καὶ
2517 3337 2728 3413 εὐθέως,
2786 3337 2862 3394 ἔτι
2937 3339 3098 3395 αὐτοῦ
3153 3335 3463 3409 λαλοῦντος,
3525 3339 3873 3418 παραγίνεται

2206 3427 2402 3491 Ἰούδας
2463 3428 2549 3492 εἷς
2606 3433 2710 3482 τῶν
2767 3424 2994 3501 δώδεκα,
3050 3427 3136 3482 καὶ
3171 3426 3286 3502 μετ’
3321 3431 3476 3486 αὐτοῦ
3506 3427 3671 3508 ὄχλος
3702 3431 3870 3494 πολὺς

2206 3520 2341 3593 μετᾶ
2419 3525 2705 3595 μαχαιρῶν
2785 3518 2872 3573 καὶ
2942 3515 3129 3590 ξύλων,
3193 3518 3334 3595 παρὰ
3395 3525 3502 3574 τῶν
3574 3520 3866 3598 ἀρχιερέων

2205 3609 2291 3666 καὶ
2347 3615 2452 3664 τῶν
2510 3607 2873 3683 Γραμματέιην
2951 3607 3039 3663 καὶ
3098 3613 3201 3663 τῶν
3258 3605 3645 3689 πρεσϐυτέρων.
3712 3608 3864 3665 Ἔδε-

2206 3697 2361 3754 δώκει
2543 3699 2570 3752 ὁ
2629 3694 2940 3775 παραδιδοὺς
2994 3695 3149 3751 αὐτὸν
3211 3697 3482 3773 σύσσημον
3517 3699 3724 3771 αὺτοῖς,
3771 3697 3868 3755 λέ-

2205 3811 2314 3864 γων
2341 3805 2355 3820 ⁸
2405 3769 2526 3841 ο,[Ιν
2568 3783 2629 3841 ἂν
2674 3783 2907 3863 φιλήσω,
2957 3785 3114 3849 αὗτός
3159 3787 3269 3840 εστι
3304 3805 3319 3818 ⁶
3354 3789 3655 3860 κρατήσατε
3687 3789 3866 3862 αῦτὸν,

2205 3877 2293 3932 καὶ
2351 3876 2657 3952 ἀπαγάγετε
2702 3872 2976 3953 ἀσφαλῶς,
3050 3875 3149 3931 Καὶ
3212 3873 3397 3946 ἐλθών,
3461 3877 3650 3941 εὐθέως
3695 3899 3867 3956 προσ-

2208 3965 2323 4021 “0‘
2469 3965 2564 3999 ’,α-
2627 3963 2748 4019 );._
2858 3964 2956 3997 p_~
2998 3979 3010 3990 .
3080 3955 3133 4001 ⁹-)
3174 3962 3252 3990 PP‘
3343 3955 3356 3976 τ
3438 3963 3540 3998 ρον,
3664 3968 3678 3986 ε

2255 4005 2265 4020 κ
2300 3988 2372 4021 ων
2431 3989 2593 4040 αν).ῳ,
2647 3988 2773 4042 apt
2825 3987 2966 4036 1J.(p
3101 3975 3278 4037 Imm,
3364 3975 3518 4021 Ραοοι
3593 3990 3681 4022 και
3733 3990 3870 4023 κατ-

2209 4055 2460 4134 εφίλησεν
2513 4055 2690 4116 αὐτόν,
2753 4056 2812 4110 Οἱ
2899 4051 2953 4108 δὲ
3037 4051 3298 4110 ἐπέϐαλον
3380 4054 3464 4110 ἐπ’
3536 4058 3693 4112 αὐτὸν
3774 4059 3870 4122 τὰς

2210 4159 2427 4224 χεῖρας,
2487 4146 2575 4199 καὶ
2634 4143 2932 4222 ἐκράτησαν
2986 4143 3163 4204 αὐτόν,
3222 4145 3322 4208 Εἷς
3367 4142 3420 4199 δέ
3465 4167 3546 4208 τις
3592 4153 3697 4202 τῶν
3729 4170 3869 4226 παρ-

2208 4235 2538 4313 εστηκότων,
2598 4233 2936 4307 σπασάμενος
2991 4232 3292 4312 μάχαιραν,
3355 4232 3543 4290 ἔπαισε
3601 4237 3690 4292 τὸν
3749 4234 3863 4293 δοῦ-

2207 4321 2298 4378 λον
2354 4329 2445 4377 τοῦ
2504 4320 2819 4400 ἀρχιερέως,
2889 4321 2977 4376 καὶ
3052 4319 3272 4401 ἀφεῖλεν
3345 4325 3501 4381 αὐτοῦ
3562 4326 3621 4380 τὸ
3678 4325 3858 4384 ὠτίον.

2213 4413 2310 4469 Καὶ
2380 4412 2676 4487 ἀποκριθεὶς
2738 4413 2765 4466 ὁ
2823 4408 3031 4477 Ἰησοῦς
3102 4411 3259 4468 εἶπεν
3330 4415 3512 4475 αὗτοῖς
3549 4430 3562 4443 ·
3630 4405 3720 4476 Ὠς
3776 4417 3864 4471 επὶ

2209 4501 2416 4578 λῃστὴν
2459 4497 2703 4570 ἐξήλθετε
2762 4501 2897 4574 μετὰ
2956 4507 3242 4580 μαχαιρῶν
3298 4503 3389 4559 xui
3436 4500 3601 4567 ξύλων
3658 4501 3861 4560 συλλα-

471 4585 627 4647 tibus
677 4587 749 4647 ad
801 4587 1434 4667 comprehendendum
1485 4605 1624 4649 me:
1659 4588 1926 4669 quotidie
1960 4605 2122 4650 eram

2214 4588 2325 4647 δεῖν
2357 4609 2464 4666 με·
2525 4588 2643 4647 καθ’
2698 4587 2903 4666 ἡμέραν
2960 4586 3109 4665 ἥμην
3167 4591 3298 4669 πρὸς
3357 4591 3493 4667 ὑμᾶς
3553 4591 3606 4648 ἐν
3634 4600 3712 4668 τῷ
3739 4595 3872 4671 ἱερῷ

468 4674 771 4737 vobiscum
798 4677 852 4736 in
893 4676 1112 4755 templo
1144 4676 1457 4758 docens,et
1479 4696 1595 4738 non
1627 4678 2123 4757 comprehendis-

470 4764 542 4825 tis
576 4784 670 4826 me
703 4783 716 4827 :
745 4765 849 4826 sed
883 4765 993 4826 ista
1022 4765 1188 4838 fiunt,
1225 4773 1289 4826 ut
1323 4766 1681 4845 impleantur
1713 4764 2056 4844 Scripturae.
2087 4789 2113 4826 ιο

465 4851 594 4916 Non
625 4854 843 4918 frustra
861 4854 1158 4934 adjectum
1185 4853 1468 4918 estzUnus
1487 4874 1558 4918 ex
1576 4855 2030 4931 duodecim,sed
2058 4858 2116 4918 in

2205 4678 2493 4760 διδάσκων,
2539 4681 2628 4735 καὶ
2671 4681 2764 4736 οὒκ
2808 4677 3143 4756 ἐκρατήσατέ
3201 4699 3291 4756 με,
3343 4679 3464 4736 ἀλλ’
3495 4680 3588 4738 ἵνα
3634 4681 3863 4750 πληρω-

2203 4773 2360 4827 θῶσιν
2420 4771 2469 4825 ui
2527 4769 2746 4848 Γραφαί,
2786 4785 2816 4826 )
2872 4769 2968 4842 Τὸ,
3001 4767 3102 4832 Εἷς
3133 4773 3240 4823 τῶν
3283 4765 3510 4846 δώδεκα,
3575 4770 3634 4828 οὗ
3690 4773 3868 4846 μάτην

2201 4860 2542 4940 πρόσκειται,
2644 4853 2800 4914 Ἀλλ’
2881 4858 2955 4922 εἷς
3023 4859 3347 4936 κατηγορίαν
3417 4867 3512 4919 τοῦ
3581 4860 3861 4941 προδότου,

1537 4977 1616 5038 Ex
1649 4977 1969 5040 collatione
1998 4977 2176 5044 codd.
2211 4977 2428 5042 Venet.
2459 4981 2522 5043 S.
2558 4976 2762 5042 Marci.

542 5099 808 5192 (8678?).
843 5101 989 5192 (ἶςὶόζ
1042 5103 1119 5166 96
1167 5101 1382 5192 addit:
1433 5099 1731 5192 ⁵Καθεύδετε
1784 5100 1974 5192 λοιπὸν
2026 5102 2113 5192 καὶ

2214 5100 2542 5192 {estposuit
2569 5097 2948 5192 requiescite:
2970 5096 3395 5192 stt/ﬁcit,th
3415 5101 3754 5192 hora.Quid
3769 5114 3870 5167 est

461 5181 784 5240 ἀναπαύεσθε
818 5198 831 5211 ·
890 5183 1108 5262 ἀπέχει,
1197 5183 1354 5249 ἦλθεν
1425 5184 1458 5248 ἡ
1537 5182 1669 5259 ὥρα,

460 5260 654 5340 ἀπέχει
690 5281 706 5335 ;
741 5261 940 5340 Εἵρηκε
967 5287 969 5290 ·
1000 5260 1102 5336 μέν
1149 5284 1256 5335 τις,
1316 5261 1394 5317 ὁτι
1444 5260 1653 5318 ’Ἒλαϐε
1681 5263 1780 5329 τὴν
1811 5260 1926 5318 κατ’
1985 5261 2116 5335 ἐμοῦ

459 5339 690 5406 ἐξουσίαν
747 5345 774 5397 ὁ
817 5341 1088 5405 διάϐολος.
1123 5343 1277 5418 Ἐμοὶ
1306 5340 1359 5397 δὲ
1387 5343 1444 5397 οὑ
1473 5340 1645 5399 δοκεῖ’
1694 5341 1834 5397 ἀλλὰ
1879 5342 2112 5399 τοιοῦτόν

455 5440 505 5475 τι
572 5418 755 5493 δηλοῖ,
818 5422 1036 5501 Ῥπέχει
1081 5423 1146 5478 τὰ
1187 5420 1306 5479 κατ’
1365 5421 1484 5496 ἐμὲ,
1540 5422 1725 5500 ἤγουν,
1775 5421 1937 5500 πέρας
1969 5421 2110 5501 ἔχει·

457 5501 545 5580 καὶ
600 5502 699 5580 γαρ
757 5503 898 5578 παρὰ
952 5511 1045 5559 τοῦ
1113 5508 1288 5559 Λουκᾶ
1348 5501 1590 5580 εἴρηται,
1678 5505 1752 5560 Τὰ
1805 5503 1922 5579 περὶ
1985 5505 2117 5575 ἐμοῦ

457 5523 545 5556 και
600 5523 699 5634 γαέρ
757 5523 898 5578 παρα
952 5524 1045 5559 του
1113 5523 1288 5559 Λουκα
1348 5523 1590 5580 ειρηται,
1678 5523 1752 5560 ἰα
1805 5525 1922 5579 περι
1986 5523 2113 5575 εμου

454 5579 608 5642 τέλος
642 5601 800 5674 κχει.
863 5581 957 5674 ’l‘lx
999 5583 1173 5674 τρίτου
1229 5589 1353 5660 γοῦν
1408 5583 1714 5660 προσελθὼν
1783 5597 1890 5643 τοῖς
1933 5587 2113 5658 μαθη-

453 5672 578 5727 ταῖς
642 5657 810 5742 λέγει,
857 5659 951 5716 οιῖικ
1008 5657 1378 5739 ἐπιπλήσσων,
1439 5657 1494 5721 κ.
1551 5685 1604 5726 τ.
1652 5662 1705 5722 λ.
1767 5686 1794 5719 ι
1841 5657 2117 5726 Dor-mite

1756 5182 1814 5238 Τί
1872 5181 2000 5267 ἐστὶ,
2053 5183 2113 5236 τὸ
2194 5178 2370 5267 illud,
2401 5180 2658 5258 sufﬁcit?
2679 5178 3573 5267 Dixeritequidemnonnemo,
3607 5185 3724 5247 hoc
3743 5205 3852 5267 pe-

2197 5258 2372 5342 rinde
2393 5278 2548 5333 esse,
2581 5258 3022 5342 ac,Accepi_t_in
3052 5276 3147 5320 me
3168 5258 3442 5342 diabolus
3465 5258 3842 5342 potestatem.

2199 5341 2341 5403 Mihi
2370 5351 2564 5425 autem
2594 5359 2716 5425 non
2751 5341 2831 5400 ita
2851 5338 3118 5420 ’videtur;
3150 5339 3258 5402 sed
3289 5341 3405 5404 tale
3447 5338 3588 5423 quid
3620 5345 3852 5425 signiti-

2200 5439 2337 5484 care
2363 5439 2376 5504 ς
2403 5422 2717 5504 Sufﬁciunt
2746 5437 2978 5504 eaquae
3008 5427 3216 5504 contra
3247 5439 3342 5482 me
3370 5422 3512 5484 sunt
3543 5447 3556 5489 :
3592 5422 3704 5488 hoc
3738 5435 3848 5504 est,

2202 5503 2518 5588 terminum
2549 5497 2943 5588 habentl‘iam
2970 5509 3027 5588 e_t
3056 5500 3464 5588 aLucalxxn,
3494 5504 3596 5588 37)
3615 5497 3853 5579 dicitur:

2205 5584 2355 5667 Quae
2375 5584 2583 5667 deme
2607 5586 2759 5667 sunt
2778 5580 2961 5667 ﬁnem
2993 5579 3252 5667 (tabent.
3277 5577 3475 5647 Tertio
3535 5577 3716 5667 igitur
3749 5607 3855 5650 ve—

2203 5663 2372 5726 niens
2400 5664 2473 5726 ad
2508 5661 2856 5743 discipulos,
2893 5660 3060 5742 dicit,
3086 5679 3208 5723 non
3229 5662 3354 5743 jam
3387 5660 3850 5754 perstringens.»
