4232 6398
363 350 482 417 657

1063 356 1510 422 ENARRATIO
1557 359 1640 420 IN
1684 359 2200 424 EVANGELIUM
2248 361 2510 424 MARGI.
2557 395 2636 406 -—
2676 358 2844 426 CAP.
2894 364 3056 426 XIV.

3645 363 3764 431 658

365 467 379 484 .

383 485 502 546 Ὀτι
533 489 628 547 τοῦ
671 491 880 568 πρώτου
905 494 1071 572 χοροῦ
1099 494 1198 564 ὢν,
1229 492 1371 554 κατὰ
1412 495 1507 549 τοῦ
1552 493 1824 552 Δεσπότου
1869 493 2009 551 ἐλύτι

2114 492 2432 573 proditoris
2460 494 3114 577 detestationem,quod
3139 515 3272 560 cum
3295 516 3365 560 ex
3390 500 3582 580 primo
3604 500 3766 564 ordi-

354 599 540 645 τησεν.
610 569 726 637 ιἰδθε
784 577 839 636 δὲ
1084 581 1185 649 τὴν
1257 581 1611 649 ἀναισθησίαν
1666 581 1848 663 αὐτοῦ,
1904 584 2020 653 πῶς

354 666 568 743 ἐνόμισε
600 667 784 726 λαθεῖν
824 671 918 727 τὸν
948 671 1138 751 Κύριον
1182 670 1244 728 ἐκ
1296 670 1394 729 τοῦ
1441 671 1764 753 φιλήματος,
1800 675 1873 738 ὡς
1919 672 2020 742 δῆ-

345 759 434 812 θεν
493 757 643 838 φίλος
685 759 1166 836 νομισθησόμενος.
1219 761 1320 828 Καὶ
1393 763 1437 817 εἰ
1503 763 1654 845 φίλος
1731 761 2017 845 ἐτύγχανε,

346 846 486 910 τίνος
546 845 702 904 ἕνεκα
751 849 889 924 μετὰ
945 850 1052 907 τῶν
1091 849 1306 929 ,ἐχθρῶν
1349 841 1562 928 ἧλθενξ
1599 841 1815 917 ’Ὄντως
1846 841 2020 922 ἀνόηέ»

347 956 442 990 τον
493 937 527 1004 ἡ
583 940 834 1018 πονηρία.
897 943 995 1003 Εἷς
1054 937 1114 996 δέ
1169 962 1247 1004 τις
1318 947 1427 997 τῶν
1478 942 1919 1022 παρεστηκότων,
1992 946 2020 999 ὁ

349 1023 545 1104 Πέτρος
599 1026 751 1090 οὗτος
798 1027 890 1103 ἧν,
951 1029 1240 1101 ἀποσιωπᾷ
1295 1027 1350 1086 δὲ
1407 1031 1469 1086 τὸ
1529 1030 1699 1107 ὄνομα
1765 1033 1926 1091 αὐτοῦ
1991 1037 2020 1090 ὁ

353 1113 586 1195 Μάρκος,
617 1117 710 1178 ’ἕνα
740 1118 817 1192 μὴ
846 1116 971 1194 δόξῃ
1035 1121 1278 1178 ὲπαινετν
1332 1122 1422 1177 τὸν
1483 1119 1805 1179 διδάσκαλον
1859 1122 2020 1179 αὒτοῦ

353 1203 572 1282 Πέτρον,
633 1208 707 1270 ὡς
773 1205 1092 1278 ζηλώσαντα
1151 1210 1282 1288 ὑπὲρ
1367 1209 1461 1267 τοῦ
1526 1217 1775 1290 Χριστοῦ,
1833 1210 2018 1277 Καλῶς

348 1293 404 1351 δὲ
461 1297 523 1350 τὸ
577 1295 734 1353 ὠτίον
783 1305 876 1353 τοῦ
923 1296 1111 1354 δούλου
1155 1306 1252 1356 τοῦ
1311 1298 1598 1378 ἀρχιερέπς
1643 1300 1883 1380 ἀφεῖλεν,
1918 1302 2016 1356 Αἰ-

349 1385 577 1438 νίττεται
653 1385 747 1463 γὰρ
805 1384 884 1442 ὅτι
943 1387 1206 1465 παρήκοοι
1267 1388 1403 1456 ἦσαν
1460 1390 1548 1444 καὶ
1606 1388 1874 1463 ἀπειθεῖς,
1910 1393 2014 1445 τῶν

349 1479 385 1527 Γ
390 1473 570 1550 ρανρῶν
652 1473 1100 1550 καταμελοῦντες,
1183 1479 1242 1534 Εἰ
1316 1477 1416 1555 γὰρ
1475 1477 1636 1556 εἶχον
1699 1480 1834 1551 ῶτα,
1909 1479 2014 1533 τῶν

349 1568 566 1641 Γραφῶν
619 1565 1004 1636 κατακούοντα,
1053 1567 1148 1622 οὐκ
1191 1565 1251 1622 ἂν
1322 1567 1415 1621 τὸν
1467 1566 1656 1645 Κύριον
1700 1569 1798 1632 τῆς
1859 1565 2012 1634 δόξης

345 1652 700 1728 ἐσταύρωσαν.
765 1656 872 1711 Οὔκ
922 1651 1084 1712 ἄλλον
1129 1654 1182 1711 δὲ
1235 1653 1418 1713 δοῦλον
1449 1655 1664 1712 ἔπαισεν
1711 1659 1737 1712 ὁ
1791 1657 2008 1734 Πέτρος,

345 1740 484 1797 ἀλλὰ
539 1744 631 1797 τοῦ
674 1743 994 1823 ἀρχιερέως.
1044 1747 1104 1804 Οἱ
1158 1747 1258 1824 γὰρ
1315 1746 1587 1824 ἀρχιερεῖς
1648 1752 1848 1825 πρῶτοι
1904 1748 2010 1802 τῶν

2106 601 2184 644 ne
2205 585 2471 658 esset,ita
2501 595 2708 647 contra
2737 586 3082 664 magistrum
3108 588 3769 653 insanaverit.Videau-

2107 679 2223 734 tem
2245 682 2554 754 stuporem
2587 675 3076 756 illius,quomodo
3109 678 3324 758 poterit
3355 697 3530 758 posse
3553 679 3764 742 Domi-

2105 781 2242 822 num
2267 764 2634 845 latere,quod
2663 783 2765 844 pro
2785 766 2976 827 amico
3003 765 3314 828 habendus
3341 777 3498 829 esset
3523 778 3765 848 propter

2103 851 2392 927 osculum;
2419 871 2555 914 nam
2589 853 2637 914 si
2661 854 2884 915 amicus
2913 864 3060 929 erat,
3109 874 3295 936 quare
3326 875 3464 918 cum
3498 857 3761 920 inimicis

2100 937 2412 1002 veniebat?
2441 942 2670 1004 Revera
2705 943 2928 1002 malitia
2961 961 3201 1022 semper
3239 945 3420 1005 stulta
3441 952 3555 1006 est.
3589 943 3758 1008 Unus

2101 1035 2297 1092 autem
2332 1029 2627 1110 quispiam
2647 1030 2984 1106 astantium,
3016 1035 3223 1093 Petrus
3254 1033 3348 1094 hic
3373 1034 3759 1107 erat,obticet

2101 1126 2298 1178 autem
2326 1137 2542 1180 nomen
2565 1119 2695 1199 ejus
2731 1123 2978 1194 Marcus,
3013 1129 3076 1181 ut
3101 1140 3175 1180 ne
3208 1122 3483 1184 videatur
3512 1124 3755 1186 laudare

2104 1215 2530 1286 praeceptorem
2586 1227 2755 1269 suum
2809 1211 3046 1271 Petrum
3098 1210 3338 1290 majoris
3371 1230 3477 1292 pro
3511 1213 3753 1279 Christo

2100 1296 2208 1356 zeli
2244 1295 2422 1358 Recte
2451 1306 2644 1358 autem
2669 1299 2999 1360 auriculam
3032 1301 3187 1361 servi
3215 1301 3434 1361 summi
3469 1301 3752 1364 sacerdo-

2103 1388 2173 1447 tis
2195 1391 2537 1468 amputavit.
2569 1390 2764 1451 lnnuit
2799 1392 2958 1451 enim
2994 1391 3150 1471 quod
3183 1391 3391 1452 audire
3441 1393 3667 1454 nollent
3696 1404 3754 1455 et

2099 1478 2367 1548 credere,
2405 1488 2858 1541 contemnentes
2892 1480 3247 1560 Scripturas.
3285 1480 3346 1542 Si
3379 1481 3539 1544 enim
3581 1500 3755 1544 aures

2097 1566 2448 1627 habuissent
2480 1587 2609 1646 quae
2632 1569 2972 1648 Scripturas
3002 1569 3750 1650 exaudirentmequaquam

2099 1651 2412 1715 Dominum
2445 1656 2651 1733 gloria:
2683 1655 3140 1718 cruciﬁxissent.
3171 1655 3301 1717 Non
3338 1664 3532 1718 autem
3567 1656 3747 1717 alium

2096 1762 2271 1822 quam
2304 1745 2596 1822 pontificis
2625 1764 2862 1806 servum
2897 1745 3188 1825 percussit
3232 1749 3457 1808 Petrus.
3494 1746 3744 1808 Pontifi-

348 1837 569 1911 Γραφῶν
638 1835 968 1912 παρήκουον,
1046 1823 1237 1892 δοῦλοι
1294 1836 1483 1914 φθόνου
1572 1837 1660 1891 καὶ
1737 1834 2009 1915 φιλαυτίας

2097 1850 2194 1892 ces
2224 1834 2378 1893 enim
2416 1833 2588 1912 primi
2640 1823 2945 1913 Sriptums
2977 1835 3470 1914 aspernabantur,
3507 1835 3639 1896 facti
3665 1836 3752 1896 in-

347 1922 649 1996 γενόμενοι,
712 1923 852 1980 Είπε
911 1922 965 1979 δὲ
1048 1938 1166 1988 τοῖς
1224 1923 1414 2004 ὄχλοις
1450 1945 1464 1960 ·
1516 1916 1609 1988 Ὧς
1668 1923 1752 1981 ἐπὶ
1803 1923 2010 2002 λῃστὴν

347 2010 592 2080 ἐξήλθετε
630 2033 642 2045 ·
677 2011 794 2068 καθ’
853 2013 1058 2093 ἡμέραν
1098 2011 1363 2072 ἐδίδασκον
1421 2014 1476 2070 ἐν
1531 2022 1608 2089 τῷ
1651 2016 1796 2091 ἱερῷ.
1845 2024 2010 2072 Τοῦτο

345 2099 402 2155 δὲ
454 2101 552 2168 τὴν
611 2103 838 2168 θεότητα
903 2105 1061 2162 αὐτοῦ
1119 2101 1398 2166 δείκνυσιν,
1462 2093 1608 2161 "Ore
1677 2105 1778 2182 γὰρ
1839 2103 1892 2158 ἐν
1934 2110 2010 2178 τῷ

346 2192 470 2269 ἱερῷ
554 2188 843 2268 ἐδίδασκεν,
918 2194 1013 2250 οὐκ
1089 2191 1424 2263 ἠδυνήθησαν
1503 2195 1657 2250 αὐτὸν
1755 2207 2004 2274 συσχεϊν,

344 2280 516 2335 καίτοι
546 2278 598 2336 έν
627 2281 810 2360 χερσὶν
837 2285 1008 2341 αὐτῶν
1053 2280 1200 2353 ὄντα,
1267 2281 1347 2338 ὅτι
1394 2284 1562 2359 μήπω
1617 2285 1646 2338 υ
1702 2284 1886 2361 καιρὸς
1941 2283 2008 2351 ἦν

341 2377 435 2426 τοῦ
491 2371 708 2436 πάθους.
774 2363 920 2428 "Ore
978 2369 1032 2428 δὲ
1082 2370 1333 2446 ἠθέλησε,
1379 2373 1500 2429 τότε
1559 2374 1743 2431 ἑαυτὸν
1776 2372 2009 2453 παρέδω-

344 2481 458 2532 κεν,
547 2460 639 2516 ’ίνα
728 2460 1081 2530 πληρωθῶσιν
1142 2465 1192 2519 αἱ
1256 2465 1456 2542 Γραφαὶ
1514 2471 1618 2520 τῶν
1690 2471 2002 2544 προφητῶν,

343 2548 424 2604 ὅτι
487 2541 579 2612 Ὠς
630 2549 892 2626 πρόϐατον
976 2551 1062 2608 ἐπὶ
1129 2541 1338 2633 σφαγὴν
1398 2551 1568 2633 ἤχθη,
1631 2541 1743 2612 οὒκ-
1795 2541 2000 2634 έρίζων,

346 2637 462 2694 οὐδὲ
504 2640 835 2718 κραυγάζων,
867 2638 988 2697 ἀλλ’
1018 2641 1278 2718 ἑπόμενος
1303 2643 1464 2704 ἑκών,

439 2841 457 2872 ι
500 2829 592 2876 Κοι
635 2818 853 2900 ἀφέντες
911 2821 1066 2878 αὐτὸν
1114 2822 1332 2896 πάντες,
1385 2821 1600 2902 ἔφυγον.
1637 2823 1735 2880 Καὶ
1793 2823 1879 2887 εἷς
1922 2845 2004 2888 τις

345 2908 613 2973 νεανίσκος
668 2909 943 2976 ἠκολούθει
1012 2911 1177 2986 αὑτῷ,
1259 2908 1714 2991 περιϐεϐλημένος
1790 2910 2003 2969 σινδόνα

341 2996 428 3052 ἐπὶ
477 3007 700 3075 γυμνοῦ.
752 3000 850 3056 Καὶ
914 3006 1193 3076 κρατοῦσιν
1271 3000 1428 3057 αὐτὸν
1471 3003 1520 3056 οἱ
1578 3000 1862 3060 νεανίσκοι.
1941 2992 2000 3059 Ὀ

336 3084 391 3141 δὲ
443 3085 753 3144 καταλιπὼν
805 3088 905 3154 τὴν
962 3086 1192 3163 σινδόνα,
1229 3091 1428 3168 γυμνὸς
1461 3087 1647 3170 ἔφυγεν
1677 3087 1772 3145 ἀπ’
1801 3090 1994 3156 αὐτῶν,

2093 1923 2262 1982 vidiee
2293 1931 2350 1983 et
2381 1925 2466 1983 sui
2502 1923 2764 2002 ipsorum
2817 1923 3040 1984 amoris
3071 1923 3390 2004 mancipia.
3419 1923 3576 1986 Dixit
3606 1925 3744 1985 item

2097 2009 2332 2072 turbis:
2369 2010 2672 2090 Tanquam
2732 2011 2803 2072 ad
2853 2012 3140 2072 latronem
3193 2013 3266 2072 ad
3323 2031 3418 2074 me
3452 2012 3742 2087 exivistis,

2094 2100 2353 2180 quotidie
2385 2100 2669 2162 docebam
2704 2102 2760 2161 in
2795 2101 3038 2181 templo.
3082 2101 3204 2163 Hoc
3235 2111 3429 2164 autem
3465 2102 3744 2164 divinita-

2096 2201 2212 2253 tem
2249 2195 2378 2272 ejus
2401 2193 2785 2256 monstrabat.
2821 2192 3065 2266 Quando
3097 2193 3257 2254 enim
3289 2194 3350 2255 in
3382 2197 3607 2275 templo
3639 2193 3746 2255 do-

2093 2282 2280 2344 cebat.
2316 2302 2430 2343 non
2457 2292 2768 2362 potuerunt
2800 2284 2963 2344 illum
2999 2284 3746 2364 comprehendere,quam-

2093 2371 2178 2431 vis
2212 2371 2269 2430 in
2308 2371 2542 2432 illorum
2581 2371 2850 2432 manibus
2884 2373 3208 2453 esset,quia
3229 2373 3492 2434 nondum
3517 2381 3748 2453 tempus

2093 2471 2214 2521 erat
2257 2461 2541 2540 patiendi;
2565 2463 2804 2541 quando
2835 2471 3030 2522 autem
3065 2461 3264 2522 voluit.
3304 2471 3445 2524 tunc
3476 2462 3741 2539 seipsum

2090 2549 2394 2626 obtulit,ut
2419 2550 2778 2630 impleantur
2799 2552 3122 2631 Scripturze
3153 2552 3577 2631 prophetarum
3601 2549 3746 2612 255

2089 2641 2244 2719 quod
2269 2641 2436 2700 Sicut
2467 2640 2590 2700 ovis
2621 2642 2692 2700 ad
2729 2641 3086 2701 occisionem
3123 2641 3340 2703 ductus
3363 2641 3586 2715 sit,non
3605 2659 3747 2701 con-

2091 2731 2366 2812 tendens,
2402 2750 2594 2811 neque
2626 2732 2912 2805 clamans,
2949 2731 3052 2792 sed
3086 2750 3194 2792 sua
3222 2739 3430 2812 sponte
3457 2749 3739 2813 sequens.

2168 2819 2352 2882 Vsus.
2390 2821 2606 2884 50-54.
2647 2846 2672 2878 α
2711 2823 2781 2880 Ει
2807 2821 3012 2882 relicto
3049 2821 3149 2882 illo
3197 2840 3404 2882 omnes
3436 2822 3739 2901 fugerunt.

2087 2908 2155 2972 Et
2188 2928 2338 2970 unus
2359 2909 2652 2989 quispiam
2677 2909 3162 2971 adolescentulus
3190 2909 3552 2990 sequebatur
3577 2909 3746 2972 illum

2086 2999 2564 3059 circumamictus
2586 2998 2835 3059 sindone
2880 3015 3060 3079 super
3091 2999 3340 3072 nudum,
3375 3007 3435 3061 et
3460 3017 3742 3079 compre-

2086 3087 2357 3149 hendunt
2394 3088 2557 3148 illum
2589 3087 3042 3149 adolescentuli.
3075 3088 3180 3149 Ille
3210 3106 3350 3150 vero
3382 3088 3588 3150 relicta
3612 3089 3744 3150 sin-

340 3177 440 3233 Καὶ
482 3176 768 3255 ἀπήγαγον
800 3179 894 3234 τὸν
923 3174 1096 3244 ἰησῦν
1145 3155 1276 3258 πρὸς
1297 3155 1403 3235 ’τὸν
1455 3155 1732 3259 ἀρχιερέα,
1781 3180 1868 3235 καὶ
1899 3200 1998 3235 συ·-

2097 3176 2240 3240 1οιιθ
2267 3175 2466 3236 nudus
2496 3176 2698 3254 eﬂ‘ugit
2755 3177 2828 3237 ab
2876 3177 3012 3240 illis.
3042 3175 3114 3237 Et
3141 3176 3740 3239 adduxeruntJesum

336 3265 619 3345 νέρχονται
671 3271 816 3340 αὗτῷ
857 3267 1054 3330 πάντες
1098 3270 1144 3325 οἱ
1174 3269 1477 3348 ἀρχιερεῖς,
1507 3270 1596 3325 καὶ
1626 3271 1674 3326 οἱ
1703 3265 1990 3340 πρεσϐύτε-

337 3377 417 3433 ροι
448 3356 535 3410 καὶ
579 3357 626 3412 οἱ
668 3362 1040 3435 Γραμματεϊς.
1091 3359 1190 3419 Καὶ
1247 3360 1274 3414 ὁ
1333 3356 1530 3426 Πέτρος
1572 3357 1678 3414 ἀπὸ
1738 3357 2000 3436 μακρόθεν

335 3443 696 3512 ἠκολούθησεν
747 3446 889 3520 αὖτῷ
941 3444 1041 3510 ἕως
1085 3444 1193 3502 ἔσω
1244 3449 1316 3513 εἷς
1347 3449 1446 3514 τὴν
1491 3445 1656 3516 αδλῆν
1683 3455 1777 3504 τοὺ
1804 3447 2001 3526 ἀρχιε·

340 3535 495 3614 ρέως,
557 3536 643 3592 καὶ
686 3539 754 3604 ῆν
817 3537 1221 3614 συγκαθήμενος
1266 3539 1401 3613 μετὰ
1455 3544 1560 3594 τῶν
1607 3538 1888 3616 ὑπηρετῶν
1916 3532 2004 3595 καὶ

339 3624 752 3700 θερμαινόμενος
812 3628 943 3703 πρὸς
987 3628 1046 3682 τὸ
1091 3629 1228 3707 φῶς.
1269 3651 1293 3685 ιι
1346 3617 1598 3706 ’Ἐφυγον
1644 3628 1690 3683 οἱ
1747 3627 2008 3700 μαθηταί.

341 3715 452 3771 Οὔκ
507 3713 574 3780 ἦν
618 3715 720 3793 γὰρ
780 3716 1070 3790 ψεύσασθαι
1122 3716 1220 3783 τὴν
1272 3715 1682 3792 αὐτοαλήθειαν,
1732 3715 1847 3772 οὒδὲ
1891 3718 2013 3776 τοὺς

335 3805 643 3884 προφήτας.
710 3810 805 3868 Εἷς
858 3805 911 3862 δέ
955 3829 1034 3871 τις
1084 3808 1356 3872 νεανίσκος
1409 3806 1779 3876 ἠκολούθησεν
1838 3810 2008 3884 αὑτῷ·

337 3894 407 3951 ον
565 3893 612 3926 κε
901 3896 912 3915 ι
1151 3899 1200 3929 Α
1289 3896 1314 3916 υ
1540 3898 1567 3908 υ
1687 3921 1697 3930 .
1863 3902 1876 3920 τ
1967 3901 2010 3920 ν·

379 3916 500 3958 υτος
559 3913 615 3950 οε
676 3899 704 3952 ὁ
771 3917 1040 3962 νεανισκος
1102 3899 1243 3962 εἱκος
1287 3920 1367 3956 οτι
1401 3898 1461 3954 ἐκ
1502 3920 1602 3966 της
1635 3897 1805 3962 οἰκίας
1866 3921 1977 3956 εκει

333 4007 434 4051 νης
477 3986 566 4058 ἦν,
602 3985 657 4041 ἐν
767 3985 964 4066 ἔφαγον
1007 3989 1066 4043 τὸ
1119 3987 1333 4067 πάσχα,
1357 3987 1516 4060 ,Τινὲς
1549 3985 1605 4043 δέ
1633 4009 1762 4066 φασι
1795 3997 1984 4047 τοῦτον

335 4072 589 4132 Ἰάκωϐον
670 4079 810 4132 εἶναι
894 4077 986 4132 τὸν
1057 4074 1394 4156 ἀδελφόθεον,
1480 4078 1574 4133 τὸν
1646 4075 2014 4144 ἐπικληθέντα

338 4165 583 4228 Δίκαιον,
637 4165 804 4229 Οὗτος
867 4167 966 4245 γὰρ
1022 4165 1096 4224 ἐνὶ
1179 4165 1503 4244 περιϐολαίῳ
1577 4166 1849 4247 ἐκέχρητο
1901 4175 2011 4224 πᾶ-

334 4276 434 4310 σαν
491 4257 592 4322 τὴν
636 4257 797 4312 αὖτοῦ
854 4257 998 4326 ζωήν
1034 4273 1046 4285 ·
1082 4256 1141 4320 ὃς
1172 4258 1260 4314 καὶ
1303 4259 1394 4313 τὸν
1452 4257 1635 4334 θρόνον
1687 4263 1796 4313 τῶν
1843 4247 2013 4335 Ἰερο-

336 4342 587 4419 σολύμιον
631 4346 773 4422 παρά
826 4351 932 4402 τῶν
994 4345 1309 4403 ἀποστόλων
1354 4344 1509 4403 ἔλαϐε
1581 4347 1718 4422 μετὰ
1777 4347 1880 4413 τὴν
1924 4345 2015 4404 τοῦ

2082 3265 2153 3325 ad
2207 3283 2506 3326 summum
2559 3265 2952 3334 sacerdotem.
2988 3274 3046 3326 et
3083 3266 3445 3327 conveniunt
3474 3285 3608 3328 cum
3640 3267 3741 3327 illo

2086 3372 2294 3414 omnes
2319 3354 2537 3414 summi
2563 3357 2906 3416 sacerdotes
2937 3364 2994 3416 et
3025 3355 3298 3417 seniores
3326 3364 3383 3416 et
3404 3353 3650 3417 Scriba}.
3671 3354 3742 3417 Et

2085 3442 2299 3505 Petrus
2356 3442 2591 3505 eminus
2629 3443 2990 3523 sequebatur
3047 3444 3213 3504 illum
3257 3444 3414 3504 intro
3466 3462 3652 3524 usque
3681 3444 3744 3504 iu

2097 3531 2308 3592 atrium
2337 3531 2553 3592 summi
2584 3532 2933 3608 sacerdotis,
2970 3541 3027 3594 et
3055 3540 3183 3594 erat
3211 3533 3428 3594 sedens
3451 3551 3569 3593 una
3607 3551 3744 3592 cum

2102 3621 2404 3694 ministris,
2435 3629 2493 3680 et
2525 3620 2834 3683 caleliebat
2865 3623 2936 3682 ad
2971 3623 3192 3683 lumen.
3228 3645 3249 3680 ιι
3283 3622 3587 3701 Fugerunt
3617 3621 3744 3682 dis-

2099 3711 2301 3789 cipuli,
2358 3728 2552 3791 neque
2606 3713 2763 3771 enim
2823 3711 3057 3772 mentiri
3092 3720 3317 3792 poterat
3345 3712 3558 3772 veritas
3588 3714 3741 3792 ipsa,

2102 3818 2292 3879 neque
2327 3803 2649 3880 prephetae.
2683 3800 3176 3864 Adulescentulus
3219 3811 3417 3864 autem
3451 3801 3744 3882 quispiam

2099 3889 2828 3969 sequebatur.Verisimi|e
2860 3900 2946 3952 est
2968 3893 3126 3972 quod
3153 3892 3749 3954 hicadolescentulus

2099 3988 2224 4041 erat
2258 3981 2491 4058 quidam
2537 3998 2569 4040 e
2617 3981 2793 4041 domo
2825 3982 2885 4041 in
2917 4001 3032 4062 qua
3062 3982 3444 4043 comederant
3505 3983 3746 4062 pascha.

2100 4069 2350 4141 Quidam
2405 4080 2602 4131 autem
2654 4069 2858 4132 dicunt
2890 4071 3053 4133 illum
3087 4071 3270 4134 fuisse
3299 4071 3582 4134 Jacobum
3625 4072 3749 4132 t'ra-

2103 4170 2250 4220 trem
2323 4160 2584 4233 Domini,
2637 4161 2734 4240 qui
2795 4161 3319 4239 cognominabatur
3368 4165 3587 4226 Justus.
3639 4159 3752 4224 Hic

2097 4251 2256 4309 enim
2291 4269 2406 4310 una
2440 4258 2608 4313 .veste
2643 4268 2782 4309 usus
2815 4260 2901 4310 est
2933 4270 3040 4331 per
3067 4271 3306 4313 omnem
3350 4253 3523 4314 vitam
3555 4270 3746 4332 suam,

2098 4339 2303 4419 qui,et
2331 4338 2535 4399 sedem
2567 4337 3159 4418 Hierosolymitanam
3210 4340 3283 4402 ab
3329 4341 3613 4421 apostolis
3642 4359 3747 4402 ac-

344 4435 534 4512 Κυρίου
581 4435 874 4511 ἀνάληψιν.
951 4437 1048 4494 Καὶ
1103 4439 1255 4499 οὗτος
1317 4441 1490 4494 τοίνυν
1549 4434 1860 4494 καταλιπὼν
1913 4437 2009 4504 τὴ»

2099 4430 2254 4508 cepit
2290 4436 2418 4508 post
2450 4429 2918 4508 assumptionem
2944 4431 3204 4492 Domini.
3226 4435 3298 4492 Et
3328 4431 3426 4492 hic
3448 4431 3626 4507 igitur
3653 4449 3750 4493 re-

342 4523 582 4605 σινδόνα,
637 4525 848 4605 ἔφυγεν.
910 4525 1071 4584 Οὐδὲν
1123 4525 1178 4582 δὲ
1237 4528 1417 4583 καινὸν
1468 4527 1512 4582 εἰ
1543 4533 1649 4581 τῶν
1713 4526 2013 4606 κορυφαίων

339 4615 639 4695 φυγόντων,
722 4619 810 4673 γαὶ
891 4619 1044 4680 οὗτος
1100 4616 1358 4673 κατέλιπε
1429 4618 1520 4673 τὸν
1578 4615 1791 4695 Κύριον.
1860 4614 2012 4673 Ἀλλ’

339 4701 435 4781 ὅγε
524 4704 720 4783 Πέτρος
795 4704 1103 4786 ἀκολουθεῖ,
1193 4707 1526 4785 θερμοτάτην
1587 4706 1802 4784 ἀγάπην
1881 4708 2012 4785 πρὸς

337 4796 431 4850 τὸν
481 4791 809 4853 Διδάσκαλον
865 4794 1288 4872 ἐκδεικνύμενος.
1353 4802 1454 4854 Τοῦ
1511 4792 1565 4850 δὲ
1610 4795 1774 4870 νόμου
1819 4794 2009 4852 κελεύ-

340 4906 496 4948 οντος
554 4885 646 4942 ἕνα
728 4889 868 4942 εἷναι
949 4885 1204 4967 ἀρχιερέα
1272 4884 1356 4941 διὰ
1433 4886 1568 4965 βίου,
1630 4884 1818 4942 πολλοὶ
1892 4885 2012 4942 τότε

337 4975 503 5047 ἦσαν,
574 4973 920 5040 ἐξωνούμενοι
1020 4975 1139 5033 καθ’
1236 4974 1460 5032 ἕκαστον
1549 4973 1783 5032 ἐνιαυτὸν
1869 4975 2013 5054 παρὰ

347 5056 628 5140 Ῥωμαίων
688 5067 782 5129 τὰς
826 5065 1026 5146 ἀρχάς,
1077 5065 1383 5145 Ἀρχιερεϊς
1437 5063 1525 5121 οὖν
1555 5063 1722 5144 λέγει,
1756 5066 1877 5128 τοὺς
1908 5062 2010 5131 ἤδη

342 5153 776 5226 πεπληρωκότας
845 5157 936 5212 τὸν
1007 5155 1303 5234 ὡρισμένον
1376 5155 1557 5227 καιρόν
1634 5153 1844 5225 αὐτοῖς,
1924 5156 2010 5210 καὶ

339 5242 812 5320 ἀποϐαλλομένους
843 5247 943 5314 τὴν
972 5245 1399 5326 ἀρχιερωσύνην,

428 5358 452 5390 ιι
494 5337 555 5394 Οἱ
600 5332 654 5391 δὲ
713 5335 991 5415 ἀρχιερεῖς
1057 5337 1145 5392 καὶ
1191 5333 1315 5392 ὅλον
1359 5335 1421 5392 τὸ
1475 5330 1737 5412 συνέδριον
1794 5331 2011 5404 ἐζήτουν

339 5428 478 5483 κατά
535 5425 631 5482 τοῦ
684 5423 862 5493 Ἰησοῦ
907 5449 1194 5506 μαρτυριαν
1237 5427 1308 5492 εἰς
1356 5427 1418 5482 τὸ
1468 5428 1767 5482 θανατῶσαι
1803 5427 1957 5481 αῢτον
1993 5439 2005 5452 ⁸

339 5519 428 5574 καὶ
482 5517 590 5596 ούχ
650 5514 914 5595 εὕρισκον,
951 5514 1148 5572 Πολλοὶ
1207 5517 1308 5594 γὰρ
1367 5513 1850 5593 ἐψευδομαρτύρουν
1893 5514 2010 5571 κατ’

337 5608 521 5687 αἰτοῦ,
600 5606 690 5661 καὶ
739 5604 860 5662 ’ἶσαι
923 5608 976 5660 αἱ
1035 5605 1311 5685 μαρτυρίαι
1366 5609 1460 5662 οὒκ
1503 5604 1663 5672 ἦσαν,
1727 5601 1834 5664 Καί
1876 5623 2012 5666 τινες

331 5696 692 5770 ἀναστέντες,
757 5693 1243 5775 ἐψευδομαρτύρουν
1318 5695 1438 5753 κατ’
1501 5696 1682 5774 αὐτοῦ,
1740 5692 2014 5774 λέγοντες,

2098 4520 2235 4580 licta
2258 4518 2511 4578 sindone
2543 4518 2711 4595 fugit.
2747 4515 3116 4581 Nihilautem
3150 4522 3281 4581 novi
3317 4521 3366 4580 si
3387 4520 3751 4599 fugientibus

2101 4608 2414 4688 praecipuis
2447 4607 2623 4668 etiam
2653 4607 2748 4668 hic
2779 4607 3091 4687 reliquerit
3147 4609 3493 4673 Dominum.
3542 4615 3750 4671 Petrus

2099 4717 2235 4758 vero
2267 4706 2506 4758 secutus
2537 4705 2644 4767 est,
2681 4696 3033 4776 ampliorem
3085 4717 3220 4778 erga
3269 4699 3587 4760 Dominum
3636 4698 3748 4760 de-

2097 4790 2330 4849 clarans
2404 4804 2694 4848 amorem.
2756 4785 2898 4847 Cum
2973 4796 3169 4850 autem
3231 4789 3322 4851 lex
3400 4788 3754 4870 praeciperet

2098 4897 2281 4940 unum
2343 4896 2476 4939 esse
2535 4875 2872 4957 pontiﬁcem
2934 4895 3040 4956 per
3103 4887 3278 4939 totam
3323 4879 3528 4954 vitam,
3581 4878 3751 4948 multi

2099 4979 2238 5030 tunc
2292 4977 2461 5030 erant
2509 4973 2776 5029 ementes
2826 4968 3142 5043 quotannis
3188 4986 3222 5029 a
3269 4967 3554 5030 Romanis
3595 4967 3754 5047 prin-

2097 5060 2349 5140 cipatus.
2417 5057 2732 5120 l’ontitices
2785 5056 2982 5137 itaque
3038 5057 3185 5119 dicit
3241 5077 3382 5135 eos,
3438 5058 3539 5140 qui
3597 5066 3751 5118 tem-

2102 5169 2210 5230 pus
2261 5168 2432 5210 suum
2471 5149 2594 5227 jam
2649 5154 2987 5227 exegerant,
3027 5156 3085 5209 et
3119 5149 3523 5228 pontiﬁcatum
3561 5151 3752 5230 depo-

2098 5247 2362 5381 “"333:
2399 5319 2636 5383 55-614
2655 5318 2971 5384 Pontiﬁces
3001 5337 3139 5381 vero
3163 5327 3422 5382 ettotum
3443 5319 3758 5382 consilium

2099 5409 2444 5492 qua-arebant
2471 5410 2756 5473 adversus
2783 5409 2985 5471 Jesum
3023 5409 3424 5471 testimonium
3478 5417 3540 5470 ut
3584 5415 3762 5477 morti

2101 5503 2408 5563 traderent
2436 5519 2715 5571 eum,nec
2739 5498 3150 5561 inveniebant.
3175 5499 3322 5561 Nam
3349 5499 3520 5560 multi
3548 5500 3761 5561 falsum

2101 5590 2504 5652 testimonium
2555 5589 2824 5652 dixerant
2883 5589 3170 5650 adversus
3226 5588 3417 5668 illum,
3454 5605 3565 5648 nec
3595 5597 3765 5650 erant

2100 5683 2241 5743 satis
2273 5682 2488 5742 idonea
2519 5681 2881 5743 testimonia.
2912 5680 2986 5742 Et
3013 5679 3252 5762 quidam
3283 5677 3680 5758 assurgebant
3708 5694 3767 5749 et
