4232 6414
452 376 574 443 659
1411 370 2007 443 THEOPHYLACTI
2054 366 2469 431 BULGARIIE
2513 371 2874 433 ARCHIEP.
3740 357 3869 431 660

454 508 670 571 falsum
698 508 1108 571 testimonium
1141 508 1412 571 ferebant
1455 508 1735 570 adversus
1796 506 1989 583 illum,
2017 501 2112 564 di-

2211 500 2279 556 irt
2313 491 2507 579 Ἠμετς
2551 504 2857 580 ἠκούσαμεν
2902 504 3059 560 αὐτοῦ
3089 501 3365 582 λέγοντος,
3415 502 3495 560 ὅτι
3528 503 3671 582 Ἐγὼ
3699 524 3863 559 καταο

458 606 695 660 centes:
723 600 843 661 Nos
859 598 1193 660 audivimus
1216 616 1349 660 eum
1372 598 1671 660 dicentem
1695 618 1713 657 :
1742 598 1863 675 Ego
1883 594 2113 657 diruam

2211 591 2341 647 i636)
2398 594 2489 648 τὸν
2549 592 2673 649 ναὸν
2738 599 2925 649 τοῦτον
2996 593 3089 649 τὸν
3147 591 3529 672 χειροποίητον
3556 612 3569 626 ·
3627 594 3715 648 καὶ
3776 591 3861 647 διὰ

461 687 745 767 templum
776 688 910 763 hoc,
945 688 1102 768 quod
1137 697 1225 749 est
1257 688 1534 749 manibus
1564 688 1806 759 factum,
1842 698 1901 746 et
1928 682 2118 745 tribus

2211 687 2357 759 τριῶν
2398 683 2615 762 ἡμερῶν
2645 680 2806 740 ἄλλον
2864 681 3285 763 ἀχειροποίητον
3345 680 3703 757 οἰκοδομήσω.
3758 680 3865 744 Καὶ

459 775 669 837 diebus
701 777 858 837 aliud
892 778 1020 839 sine
1046 777 1324 839 manibus
1357 778 1571 839 factum
1606 772 2011 839 exstruamEt
2042 790 2117 833 ne

460 864 546 926 sic
569 864 808 945 quidem
826 866 965 927 satis
985 865 1269 929 idoneum
1286 875 1412 929 erat
1425 864 1825 929 testimonium
1853 862 2114 924 illorum.

464 954 530 1015 Et
554 972 803 1034 surgens
818 974 1088 1019 summus
1108 956 1389 1019 sacerdos
1417 957 1478 1018 in
1511 954 1768 1017 medium
1793 954 2118 1030 interroga-

462 1044 560 1106 bat
579 1042 1025 1118 Jesum,dicens
1050 1067 1062 1109 :
1088 1048 1217 1109 Non
1242 1045 1571 1125 respondes
1601 1040 1957 1125 quidquam?
1973 1039 2117 1122 quid

461 1134 556 1195 isti
573 1134 883 1195 adversum
922 1143 976 1197 te
1008 1135 1214 1197 dicunt
1244 1134 1613 1197 testimonia?
1646 1134 1715 1195 At
1739 1132 1838 1193 ille
1862 1129 2112 1205 tacebat,

464 1242 658 1304 neque
672 1222 998 1304 quidquam
1026 1225 1445 1308 respondebat.
1460 1223 1707 1286 nJudicii
1722 1222 1968 1283 formam
1984 1238 2117 1280 ser-

464 1320 605 1374 vant
628 1312 713 1373 illi
744 1312 858 1392 ipsi
885 1314 1384 1376 eondemnatione
1417 1313 1675 1392 digni,ut
1698 1310 2011 1371 videantur
2041 1308 2117 1369 il-

466 1401 588 1463 lum
622 1402 1000 1480 cumjudicio
1034 1404 1333 1468 occidere.
1368 1402 1674 1476 Quomodo
1736 1401 1893 1461 enim
1948 1398 2117 1479 judi-

466 1493 622 1552 cium
644 1493 896 1571 justum,
919 1512 1051 1554 eum
1086 1494 1233 1555 tales
1278 1494 1494 1555 adsunt
1545 1500 1747 1563 testes,
1790 1489 1931 1550 nihil
1966 1488 2115 1565 sani,

466 1580 571 1642 sed
607 1580 841 1642 turbata
868 1594 924 1645 et
956 1583 1271 1663 inaequalia
1301 1582 1570 1644 dicentes
1614 1579 1841 1641 omnia?
1883 1578 1950 1639 Et
2007 1577 2119 1657 ipsi

467 1690 703 1752 quoque
726 1670 827 1752 qui
859 1671 965 1732 visi
1004 1682 1143 1733 sunt
1186 1673 1384 1734 dicere
1418 1669 1720 1743 quiddam,
1755 1667 2122 1729 mendaciter

466 1759 764 1822 dixerunt.
792 1760 919 1823 Non
950 1762 1093 1823 dixit
1119 1761 1305 1834 enim,
1338 1766 1456 1840 Ego
1493 1760 1791 1820 destruam
1829 1757 2116 1837 templum

466 1848 578 1920 hoc
609 1869 622 1912 :
658 1849 789 1923 sed,
818 1849 1036 1913 Solvite
1070 1872 1083 1913 :
1112 1859 1173 1912 et
1207 1868 1323 1911 non
1356 1849 1525 1929 dixit,
1561 1846 1985 1909 manufactum:
2015 1845 2119 1907 sed

2211 1849 2437 1921 Ἰησοῦν,
2504 1846 2824 1924 βουλόμενος
2884 1847 2957 1908 εἷς

467 1938 842 2019 simpliciter,
881 1940 1196 2021 templum.
1252 1938 1522 2003 Pontifex
1572 1946 1769 1998 autem
1822 1935 2032 2015 surgit,
2069 1944 2127 1997 et

468 2027 791 2108 interrogat
818 2028 1046 2102 Jesum,
1089 2030 1291 2091 volens
1343 2030 1536 2109 ipsum
1586 2026 1654 2087 ad
1714 2026 2125 2087 defensionem

469 2119 731 2197 trahere,
768 2126 831 2179 ut
860 2119 955 2179 vel
989 2138 1059 2180 ex
1092 2119 1443 2182 defensione
1494 2125 1551 2178 et
1608 2132 1894 2195 responso
1938 2116 2128 2195 ipsum

466 2208 1026 2288 comprehenderet.
1064 2210 1138 2271 At
1167 2207 1341 2271 Jesus
1376 2215 1555 2280 tacet,
1612 2205 1809 2266 sciens
1844 2205 1975 2265 illos
2010 2226 2128 2267 non

467 2304 799 2358 attenturos
842 2297 933 2360 his
967 2317 1095 2378 quae
1126 2296 1198 2359 ab
1224 2298 1349 2377 ipso
1382 2296 1748 2375 dicerentur,
1786 2294 1841 2354 id
1890 2295 2044 2374 quod
2073 2305 2130 2358 et

2200 768 2315 826 οὒδὲ
2372 770 2536 837 οὕτως
2586 769 2686 838 ἴση
2746 773 2780 840 ἡ
2834 771 3091 851 μαρτυρία
3144 772 3340 834 αὐτῶν,
3392 770 3497 832 Καὶ
3553 772 3779 837 ἀναστὰς
3833 775 3862 828 6

2200 859 2482 940 ἀρχιερεὺς
2513 863 2585 927 εἷς
2633 863 2818 938 μέσον,
2852 860 3170 940 ἐπηρώτησε
3218 862 3311 916 τὸν
3354 859 3584 936 Ἰησοῦν,
3636 860 3808 940 λέγων
3843 881 3858 898 ο

2202 953 2309 1008 06x
2364 949 2622 1031 ἀποκρίνῃ
2667 948 2865 1026 οὒδένς
2924 950 2984 1008 Τί
3054 949 3197 1005 οὗτοί
3268 972 3362 1006 σου
3421 958 3857 1030 καταμαρτυροῦ-

2200 1058 2336 1111 σινς
2391 1030 2448 1098 Ὀ
2503 1030 2558 1096 δὲ
2616 1039 2819 1097 ἰσιώπα
2862 1040 2950 1096 καὶ
3003 1035 3150 1097 οὐδὲν
3204 1038 3541 1118 ἁπεκρίνατο.
3593 1064 3620 1095 ι
3658 1042 3862 1120 Σχῆμα

2200 1125 2355 1195 δῆθεν
2411 1131 2683 1209 κριτηρίου
2738 1131 2785 1186 οἱ
2856 1128 3295 1208 αὖτοκατάκριτοι
3366 1128 3712 1204 πλάττονται,
3769 1128 3861 1186 ἵνα

2202 1215 2396 1284 δόξωσι
2453 1220 2587 1295 μετὰ
2631 1220 2851 1299 κρίσεως
2908 1217 3064 1275 αὐτὸν
3125 1217 3358 1277 ἀνελεῖν.
3408 1224 3515 1277 Ποῦ
3563 1220 3662 1297 γὰρ
3715 1220 3865 1298 ὀρθὸν

2201 1310 2497 1388 κριτήριον,
2576 1308 2710 1367 ὅπου
2824 1308 3078 1387 μάρτυρες
3176 1310 3403 1365 τοιοῦτοι
3509 1309 3858 1386 παράγονται,

2202 1396 2347 1457 ούδὲν
2387 1400 2531 1474 ὑγιὲς
2589 1398 2862 1477 λέγοντες,
2923 1395 3060 1453 ἀλλὰ
3133 1397 3303 1454 πάντα
3345 1397 3715 1476 τεταραγμένα
3773 1408 3865 1461 καὶ

2202 1488 2382 1564 ἄνισας
2428 1486 2534 1550 Καὶ
2564 1488 2709 1545 αὖτοὶ
2738 1485 2792 1543 δὲ
2820 1490 2864 1544 0‘
2897 1485 3138 1553 δόξαντες
3199 1509 3248 1542 τι
3293 1486 3492 1566 λέγειν,
3549 1485 3716 1562 ψευδῆ
3771 1488 3864 1543 ε’ί-

2202 1602 2324 1637 πον.
2391 1569 2449 1635 Ὀ
2492 1579 2591 1658 γὰρ
2648 1576 2839 1657 Κύριος
2888 1578 2983 1634 οὐκ
3040 1578 3191 1653 εἶπε,
3258 1574 3557 1637 Καταλύσω
3611 1576 3720 1655 ἐγὼ
3773 1578 3865 1631 τὸν

2202 1670 2351 1741 ναὸν,
2388 1666 2547 1742 ἀλλὰ,
2595 1666 2815 1725 Λύσατε.
2849 1664 2953 1726 Καὶ
3012 1664 3155 1737 οὒδὲ,
3216 1671 3622 1746 χειροποίητον,
3685 1670 3863 1740 εἶπεν,

2203 1756 2323 1814 ἀλλ’
2368 1757 2573 1837 ἅπλῶς,
2609 1757 2755 1816 ναόν.
2791 1748 2847 1814 ιΟ
2880 1754 2933 1812 δὲ
2964 1756 3241 1836 ἀρχιερεὺς
3274 1756 3504 1819 ἀναστὰς
3565 1755 3735 1829 ἐρωτᾷ
3777 1758 3865 1811 τὸν

3046 1845 3338 1924 ἀπολογίαν
3412 1847 3567 1901 αὐτὸν
3626 1844 3867 1923 ἑλκύσαι,

2205 1937 2301 1995 ἵνα
2344 1940 2406 1995 ὲκ
2436 1939 2533 2004 τῆς
2591 1934 2881 2015 ἀπολογίας
2926 1933 3173 2012 δράξηται
3219 1935 3396 1996 αὖτοῧ.
3450 1926 3506 1992 Ὀ
3552 1932 3606 1989 δὲ
3668 1942 3868 2007 σιωπᾷ,

2208 2028 2486 2107 γινώσκων
2566 2026 2645 2084 ὅτι
2710 2028 2767 2083 o6
2842 2024 3154 2105 προσέξουσι
3234 2038 3354 2088 τοῖς
3428 2029 3585 2084 αὐτοῦ
3641 2024 3820 2101 λόγοις
3854 2040 3867 2054 ⁸

2211 2120 2238 2174 ὃ
2293 2120 2380 2174 καὶ
2433 2120 2460 2174 6
2517 2123 2721 2181 Λουκᾶς
2785 2115 2960 2195 λέγει,
3020 2114 3100 2171 ὅτι
3158 2115 3503 2193 ἐρωτώμενος
3562 2117 3591 2170 6
3650 2114 3874 2193 Κύριος,

2212 2208 2367 2264 εἶπεν
2402 2226 2417 2243 ο
2482 2198 2604 2263 Ἐὰν
2659 2204 2801 2261 εἵπω
2860 2206 3015 2285 ὑμῖν,
3076 2208 3135 2263 06
3194 2205 3272 2279 μὴ
3316 2204 3659 2271 πιστεύσητε⁸
3696 2204 3785 2260 ἐὰν
3815 2202 3871 2260 δὲ

2213 2295 2489 2376 ἐρωτήσω,
2526 2295 2583 2352 οὗ
2626 2297 2705 2371 μὴ
2740 2297 3086 2372 ἀποκριθῆτε,

470 2384 658 2447 Lucas
691 2386 856 2462 dicit,
891 2389 1033 2465 quia
1058 2406 1190 2447 cum
1225 2386 1697 2464 interrogaretur
1740 2384 1881 2443 254
1916 2385 2226 2462 Dominus,
2260 2384 2407 2446 dixit
2440 2406 2452 2443 :
2487 2383 2551 2447 Si
2581 2383 2786 2446 dixero
2814 2382 3005 2459 vobis,
3039 2401 3160 2445 non
3191 2381 3449 2445 credetis
3484 2400 3497 2445 :
3533 2382 3625 2443 sin
3670 2381 3862 2445 inter-

471 2494 752 2555 rogavero
784 2496 909 2558 vos,
971 2498 1087 2538 non
1146 2475 1606 2557 respondebitis.

552 2567 741 2628 VERS.
769 2567 972 2631 61-65.
1004 2568 1303 2628 «Rursum
1331 2584 1599 2625 summus
1631 2564 1909 2625 sacerdos
1940 2565 2127 2626 inter-

475 2654 701 2733 rogavit
732 2655 946 2733 ipsum.
986 2664 1042 2715 et
1069 2653 1319 2716 dicitilli
1354 2654 1478 2717 :Tu
1513 2672 1575 2713 es
1610 2654 1708 2713 illo
1728 2651 1992 2715 Christus
2022 2651 2127 2714 Fi-

478 2742 592 2811 lius
616 2741 721 2804 Dei
745 2743 1076 2806 benedicti?
1122 2742 1295 2807 Jesus
1351 2750 1549 2804 aulem
1582 2744 1767 2805 dixit:
1806 2742 1923 2821 Ego
1970 2762 2125 2817 sum,

478 2839 536 2893 et
580 2830 853 2893 videbitis
901 2832 1108 2895 Filium
1172 2831 1431 2893 hominis
1488 2830 1798 2892 sedentem
1844 2850 1878 2891 a
1908 2830 2131 2892 dextris

478 2920 729 2997 virtutis,
766 2930 823 2982 et
855 2922 1197 2983 venientem
1230 2922 1287 2982 in
1338 2920 1595 2980 nubibts
1645 2920 1799 2983 eceli.
1854 2923 2132 2982 Summus

475 3018 674 3071 autem
736 3010 1012 3072 sacerdos
1056 3011 1393 3072 dilaceratis
1446 3008 1709 3070 vestibus
1761 3010 1883 3071 suis
1934 3008 2130 3071 dixit:

478 3098 627 3172 Quid
669 3108 952 3179 praeterea
1002 3119 1151 3180 opus
1207 3099 1495 3160 habemus
1552 3098 1831 3161 testibus?
1875 3100 2136 3160 Audistis

479 3187 932 3270 blasphemiam,
966 3190 1108 3271 quid
1139 3190 1311 3250 vobis
1341 3189 1605 3251 videtur?
1635 3188 1725 3250 Illi
1758 3208 1894 3251 vero
1927 3208 2135 3251 omnes

2298 2585 2326 2624 ι
2362 2563 2527 2625 Πάλιν
2582 2567 2610 2622 6
2666 2564 2948 2644 ἀρχιερεὺς
3019 2563 3272 2643 ἐπηρώτα
3335 2565 3512 2644 αὐτὸν,
3578 2566 3664 2620 καὶ
3723 2564 3865 2642 λέγει

2212 2658 2354 2729 αὖτῷ
2391 2670 2405 2685 ⁸
2457 2655 2529 2710 Σὺ
2560 2654 2615 2712 εἴ
2646 2657 2673 2711 6
2703 2656 2926 2733 Χριστὸς
2957 2655 2984 2709 6
3019 2654 3137 2717 Υἱὸς
3168 2661 3259 2711 τοῦ
3308 2652 3596 2732 εὐλογητοῦ
3627 2672 3642 2728 ;
3694 2645 3750 2713 Ὀ
3812 2653 3867 2710 δί

2215 2744 2419 2812 Ἰησούς
2464 2758 2617 2801 εῖπεν
2651 2763 2663 2776 ⁸
2701 2741 2844 2822 Ἐγώ
2902 2744 3036 2821 εἰμι,
3093 2744 3177 2798 καὶ
3235 2742 3426 2819 ὄψεσθε
3484 2744 3572 2799 τὸν
3618 2744 3737 2798 Υἱὸν
3779 2746 3871 2798 τοῦ

2214 2835 2487 2914 ἀνθρώπου
2538 2834 2598 2891 ἐκ
2666 2832 2847 2899 δεξιῶν
2912 2835 3215 2907 καθήμενον
3291 2838 3390 2899 τῆς
3448 2830 3745 2909 δυνάμεως,
3790 2833 3878 2888 καὶ

2216 2927 2514 3005 ὶρχόμενον
2558 2926 2692 3000 μετὰ
2723 2930 2828 2981 τῶν
2861 2922 3093 3003 νεφελῶν
3127 2930 3219 2979 τοῦ
3274 2927 3512 3000 ούρανοῦ.
3553 2914 3611 2981 Ὀ
3666 2920 3720 2978 δὲ
3778 2923 3876 2999 ἁρ-

2221 3015 2463 3095 χιερεὺς,
2497 3013 2775 3093 διαρρήξας
2827 3014 2949 3075 τοὺς
3010 3019 3247 3092 χιτῶνας
3305 3012 3486 3087 αὐτοῦ,
3552 3011 3754 3090 λέγει·
3826 3016 3887 3070 Τί

2218 3104 2295 3160 ἔτι
2357 3106 2544 3183 χρείαν
2591 3103 2794 3184 ἔχομεν
2849 3103 3177 3182 μαρτύρωνς
3226 3100 3516 3158 Ἠκούσατε
3565 3108 3664 3169 τῆς
3708 3101 3882 3179 βλασ-

2218 3194 2446 3273 φημίας,
2507 3194 2558 3250 τί
2614 3195 2742 3269 ὑμῖν
2815 3194 3103 3272 φαίνεται,
3178 3194 3236 3248 Οἱ
3283 3188 3338 3246 δὲ
3394 3191 3588 3254 πάντες
3627 3191 3878 3269 κατέκρι-

478 3277 1024 3340 condemnaverunt
1052 3297 1188 3339 eum
1220 3297 1353 3340 esse
1385 3296 1551 3338 reum
1591 3278 1899 3342 mortis.Et
1931 3297 2128 3359 empe-

2219 3305 2311 3339 ναν
2361 3284 2515 3339 αὑτὸν
2572 3283 2714 3339 εἶναι
2767 3281 2957 3361 ἕνοχυν
3014 3280 3238 3338 θανάτου
3266 3298 3281 3313 ⁸
3327 3281 3413 3336 καὶ
3471 3278 3694 3359 ἤρξαντό
3736 3302 3876 3345 τινες

479 3374 621 3428 runt
652 3367 896 3446 quidam
924 3386 1256 3449 conspuere
1292 3366 1353 3428 in
1377 3376 1600 3447 eum,el
1625 3367 1897 3429 obvelare
1921 3368 2128 3429 faciem

2218 3372 2468 3446 ἐμπτύειν
2547 3374 2711 3452 αὐτῷ,

480 3455 659 3529 illius,
688 3463 746 3517 et
774 3456 1044 3538 colaphis
1069 3476 1204 3519 eum
1238 3457 1468 3519 caedere
1502 3466 1556 3518 et
1586 3456 1791 3518 dicere
1822 3456 1934 3537 illi,
1968 3457 2130 3517 Divi-

481 3564 599 3621 na;
631 3564 699 3607 ac
731 3546 985 3608 ministri
1019 3546 1220 3627 alapas
1266 3546 1352 3607 illi
1403 3545 1827 3626 impingebant.
1863 3571 1888 3603 n
1948 3548 2135 3623 Rogat

481 3637 678 3699 denuo
700 3636 984 3717 pontifex,
1020 3655 1135 3698 non
1172 3645 1235 3696 ut
1255 3636 1448 3697 discat
1470 3644 1526 3696 et
1557 3636 1756 3697 credat
1788 3654 1801 3698 :
1830 3636 1931 3697 sed
1958 3645 2020 3696 ut
2040 3655 2133 3697 ea-

482 3733 603 3806 ptet
632 3734 839 3787 contra
869 3745 1002 3787 eum
1038 3726 1437 3788 occasionem.
1473 3725 1692 3805 Adjicit
1722 3733 1916 3786 autem
1943 3726 2011 3785 ad
2046 3725 2133 3787 is-

482 3814 584 3876 tud
621 3832 636 3877 :
670 3812 758 3875 Tu
787 3832 851 3877 es
880 3814 1174 3886 Christus,
1212 3815 1390 3876 etiam
1424 3815 1557 3886 hoc,
1594 3814 1774 3877 Filius
1809 3815 1911 3877 Dei
1947 3815 2135 3876 hune-

482 3903 645 3965 dicti.
681 3904 842 3965 Multi
874 3903 1032 3965 enim
1066 3904 1306 3965 fuerunt
1342 3904 1572 3975 christi,
1599 3922 1775 3982 reges
1806 3904 2045 3984 inquam
2080 3913 2139 3965 et

484 3992 815 4074 pontifices,
874 3993 978 4054 sed
1026 3993 1223 4054 nullus
1282 3993 1491 4055 horum
1525 3993 1630 4053 fuit
1660 3992 1840 4055 Filius
1875 3993 1999 4066 Dei,
2036 3993 2136 4073 qui

481 4088 573 4143 est
603 4099 841 4162 semper
872 4079 1321 4143 benedicendus
1353 4090 1406 4143 et
1436 4082 1794 4145 laudandus.
1828 4084 1999 4145 Jesus
2044 4082 2138 4143 di-

481 4170 565 4232 xit
598 4191 611 4229 :
639 4170 760 4249 Ego
788 4189 944 4234 sum.
974 4170 1209 4233 Sciebat
1241 4171 1483 4253 quidem
1517 4171 1671 4253 quod
1709 4191 1822 4231 non
1855 4170 2138 4233 credituri

481 4268 705 4334 essent,
730 4267 990 4321 attamen
1023 4262 1334 4342 respondit
1364 4270 1627 4335 coaetus,
1666 4269 1727 4320 ut
1778 4280 1850 4321 ne
1883 4261 2138 4323 habeant

483 4356 687 4429 postea
716 4349 872 4430 quod
914 4349 1107 4412 dicant
1134 4370 1148 4415 :
1178 4350 1239 4413 Si
1273 4350 1585 4412 manifeste
1634 4350 1826 4430 ipsum
1874 4350 2137 4411 audivis-

480 4455 682 4499 semus
726 4439 837 4501 hoc
882 4438 1124 4521 dixisse,
1175 4440 1661 4515 eredidissemus;
1724 4448 1778 4501 et
1825 4450 2140 4520 propterea

480 4526 901 4588 condemnatio
934 4545 1139 4589 eorum
1177 4530 1371 4609 major
1401 4528 1529 4603 fuit,
1566 4529 1701 4609 quia
1729 4538 1781 4589 et
1816 4529 1970 4589 hunc
2003 4548 2136 4590 cum

2798 3373 2886 3427 καὶ
2972 3368 3375 3448 περικαλύπτειν
3460 3371 3521 3425 τὸ
3593 3370 3876 3444 πρόσωπον

2216 3462 2397 3535 αὒτοῦ,
2457 3465 2545 3519 καὶ
2602 3461 2902 3543 κολαφίζειν
2953 3460 3131 3534 αὺτὸν,
3183 3460 3271 3516 καὶ
3302 3458 3476 3537 λέγειν
3506 3461 3668 3534 αὐτῷ,
3734 3467 3870 3536 Προ-

2216 3553 2475 3631 φήτευσον
2510 3568 2522 3581 ⁸
2574 3554 2659 3608 καὶ
2717 3553 2763 3606 οἱ
2820 3550 3077 3629 ὑπηρέται
3134 3550 3453 3627 ῥαπίσμασιν
3506 3548 3661 3604 αὐτὸν
3710 3546 3872 3605 ἔϐαλ-

2216 3641 2331 3703 λον,
2397 3666 2424 3696 ι
2487 3640 2693 3718 Ἐρωτᾷ
2748 3641 2905 3697 πάλιν
2963 3643 2991 3696 6
3044 3640 3348 3719 ἀρχιερεὺς,
3408 3640 3513 3719 οὐχ
3554 3639 3647 3694 ’ἕνα
3694 3640 3873 3714 μαθὼν

2220 3732 2500 3810 πιστεύσῃ,
2534 3730 2654 3787 ἀλλ’
2710 3730 2803 3786 Ἵνα
2856 3728 3110 3809 νδραξηταί
3165 3750 3306 3793 τινος
3351 3730 3597 3808 ἀφορμῆς
3636 3746 3649 3761 ⁸
3707 3751 3876 3807 προσ-

2219 3823 2391 3889 τίθησι
2451 3820 2505 3876 δὲ
2559 3827 2658 3899 τῷ,
2734 3821 2806 3875 Σὺ
2860 3820 2915 3875 εἶ
2970 3822 2997 3875 6
3060 3820 3308 3897 Χριστὸς,
3369 3820 3452 3899 τὸ,
3512 3822 3539 3874 6
3614 3820 3733 3880 Υἱὸς
3791 3820 3883 3873 τού

2221 3908 2535 3988 εὖλογητοῦ,
2597 3908 2793 3966 Πολλοὶ
2862 3910 2962 3987 γὰρ
3018 3908 3153 3975 ἦσαν
3226 3910 3459 3986 χριστοὶ,
3524 3910 3571 3965 oi
3630 3906 3874 3985 βασιλεῖς

2219 4000 2361 4078 λέγω
2391 4000 2476 4056 καὶ
2535 4002 2582 4055 oi
2640 4000 2937 4078 ἀρχιερεῖς,
2998 3996 3118 4053 ἀλλ’
3170 3996 3333 4062 οὐδεὶς
3384 3999 3583 4055 τούτων
3642 4001 3759 4060 Υἱὸς
3815 3997 3878 4064 ἦν

2219 4098 2310 4147 τοῦ
2371 4091 2524 4168 Θεοῦ,
2586 4095 2680 4144 τοῦ
2738 4087 2817 4143 ἀεὶ
2876 4086 3237 4165 εὖλογημένου
3286 4090 3371 4144 καὶ
3418 4088 3765 4163 ὑμνουμένου.
3821 4078 3878 4144 Ὀ

2223 4177 2264 4198 ﬂ“
2319 4178 2332 4200 ν
2471 4186 2491 4195 .-
2600 4182 2622 4196 ν-
2816 4176 2841 4195 νι
2944 4176 2956 4199 ι
3068 4177 3078 4196 ν
3166 4178 3179 4191 ε
3305 4175 3343 4203 τι
3406 4174 3429 4195 κ
3554 4178 3567 4193 ς
3680 4178 3691 4192 ι

2219 4198 2272 4235 οε
2339 4190 2523 4246 ιησους
2568 4199 2743 4250 ειπεν,
2807 4200 2886 4233 οτι
2970 4186 3091 4255 Εγω
3140 4198 3270 4251 ειμι.
3354 4184 3477 4233 Ηοει
3510 4199 3608 4251 μεν
3637 4199 3737 4255 γαρ
3795 4179 3875 4232 ὁτι

2220 4273 2279 4328 οὗ
2331 4269 2701 4326 πιστεύσουσιν
2738 4288 2751 4302 ·
2824 4264 2969 4342 ὅμως
3028 4264 3075 4320 δ’
3138 4270 3225 4323 οὖν
3296 4267 3633 4341 ἀποκρίνεται
3687 4265 3875 4323 εκϐια-

2220 4360 2379 4432 σθεὶς,
2425 4357 2519 4414 ’ἕνα
2577 4358 2655 4433 μὴ
2706 4356 2908 4437 ἔχωσιν
2937 4356 3151 4435 ὕστερον
3194 4355 3391 4434 λέγειν,
3427 4355 3506 4412 ὅτι
3538 4355 3662 4413 Ἐὰν
3694 4362 3873 4436 σαφῶς

2220 4449 2460 4513 εἰπόντος
2514 4450 2672 4506 αὐτοῦ
2722 4447 3046 4521 ἠκούσαμεν,
3128 4446 3511 4521 ἐπιστεύσαμεν
3591 4445 3652 4501 ἂν
3688 4462 3701 4477 ⁸
3794 4444 3878 4500 διὰ

2220 4546 2373 4595 τοῦτο
2430 4540 2519 4594 καί
2576 4544 2759 4613 μεῖζον
2820 4538 3000 4602 αὐτοῖς
3043 4538 3105 4591 τὸ
3147 4536 3471 4614 κατάκριμα,
3537 4534 3616 4591 ὅτι
3674 4536 3761 4591 καὶ
3792 4538 3878 4590 νῦν

476 4615 849 4704 audiverunt,
887 4633 1007 4678 non
1035 4618 1441 4681 crediderunt.
1482 4616 1553 4678 Et
1585 4617 1880 4692 videbitis,
1922 4618 2128 4698 inquit,

2220 4629 2563 4701 ἀκούσαντες,
2612 4626 2707 4682 οὒκ
2749 4625 3082 4686 ἐπίστευσαν,
3143 4624 3248 4686 Καὶ
3301 4624 3491 4699 ὄψεσθέ
3543 4646 3632 4699 με,
3693 4626 3878 4704 φησὶν,

480 4722 575 4765 me
607 4712 668 4765 ut
698 4703 910 4765 Filium
945 4705 1205 4767 hominis
1238 4708 1548 4768 sedentem
1580 4707 1649 4767 ad
1676 4706 1977 4767 dexteram
2015 4709 2135 4769 vir-

480 4793 644 4868 tutis,
680 4811 898 4874 nempe
930 4795 1117 4856 Patris
1153 4814 1167 4858 :
1203 4796 1475 4858 virtutem
1532 4798 1713 4876 enim,
1756 4796 1987 4857 Patrem
2026 4800 2135 4859 hoc

477 4881 610 4944 loco
643 4881 805 4945 dicit.
841 4881 970 4945 Non
1003 4884 1162 4945 enim
1198 4884 1328 4946 sine
1354 4904 1607 4967 corpore
1647 4886 1980 4960 veniet,sed
2005 4886 2135 4949 talis

477 4972 577 5052 qui
605 4971 785 5033 videri
818 4973 1003 5053 possit
1032 4984 1091 5036 et
1123 4975 1359 5054 agnosci
1392 4974 1464 5034 ab
1501 4976 1591 5036 his
1622 4976 1721 5055 qui
1766 4993 1899 5035 eum
1933 4976 2131 5037 cruci-

476 5062 970 5142 fixerunt.Itaque
1002 5063 1261 5142 pontifex
1299 5082 1526 5125 morem
1561 5062 1903 5125 .ludzcorum
1931 5066 2133 5127 obser-

474 5148 843 5221 vat.Quando
876 5151 1035 5211 enim
1066 5171 1241 5232 grave
1269 5161 1326 5213 et
1356 5161 1521 5213 atrox
1558 5154 1856 5233 quippiam
1889 5158 2130 5218 evenie-

477 5238 575 5327 bat
600 5241 709 5321 eis,
738 5241 1143 5306 dilacerabant
1172 5244 1422 5305 tunicas.
1460 5243 1542 5305 Ita
1572 5253 1629 5304 et
1663 5249 1770 5309 hoc
1800 5245 1928 5306 loco
1965 5247 2129 5327 quasi

478 5326 951 5409 blasphemasset
980 5331 1355 5414 Dominus,et
1388 5334 1727 5395 malefactor
1758 5326 2007 5412 magnus
2026 5356 2127 5398 es-

476 5418 881 5493 set,diseindit
906 5430 1127 5483 vestem
1164 5422 1421 5502 pontifex
1454 5422 1634 5485 Recte
1666 5425 1798 5505 quis
1824 5425 1936 5487 hoc
1959 5425 2124 5489 Davi-

474 5504 567 5567 dis
597 5507 691 5567 hic
720 5507 1006 5573 diceretzu
1038 5509 1281 5573 Discissi
1313 5521 1450 5574 sunt
1474 5513 1522 5588 3,
1558 5520 1617 5576 et
1649 5504 1763 5575 non
1797 5524 1933 5576 sunt
1963 5537 2125 5579 eom-

554 5650 581 5695 9
612 5651 765 5713 t'sal.
800 5668 977 5716 xxxiv
1004 5655 1101 5720 16.

2220 4721 2293 4782 ὡς
2358 4719 2478 4774 Υἱὸν
2536 4716 2833 4796 ἀνθρώπω,
2905 4717 3206 4791 καθήμενον
3262 4718 3322 4771 εκ
3385 4713 3565 4779 δεξιῶν
3630 4720 3730 4780 τῆς
3785 4713 3878 4772 δυ-

2219 4809 2428 4885 νάμεως
2507 4814 2601 4862 τοῦ
2682 4806 2886 4878 Πατρός
2928 4826 2939 4837 ·
3014 4805 3231 4880 δύναμιν
3308 4806 3409 4883 γὰρ
3486 4804 3726 4879 ἐνταῦθα,
3787 4805 3877 4859 τὸν

2218 4897 2425 4975 Πατέρα
2486 4897 2646 4976 φησίν
2682 4915 2695 4929 ⁸
2758 4900 2817 4954 o6
2873 4895 2972 4974 γὰρ
3029 4895 3195 4973 χωρίς
3257 4896 3508 4969 σώματος
3577 4893 3871 4973 ἐλεύσεται,

2215 4984 2334 5043 ἀλλ’
2386 4986 2505 5049 οἷος
2540 4986 2787 5055 θεαθῆναι
2837 4986 2941 5040 ὑπὸ
2991 4988 3094 5040 τῶν
3134 4986 3575 5062 σταυρωσάντων,
3617 4986 3702 5039 καὶ
3747 4982 3870 5038 ἐπι-

2214 5080 2541 5156 γνωσθῆναι.
2589 5067 2647 5134 Ὀ
2694 5084 2817 5153 γοῦν
2886 5074 3188 5155 ἀρχιερεὺς,
3233 5072 3345 5136 ἔθος
3396 5071 3690 5129 Ἰουδαϊκὸν
3721 5070 3869 5138 πλη-

2212 5154 2322 5244 ροῖ.
2382 5154 2559 5223 ΗΟταν
2613 5166 2713 5243 γὰρ
2757 5162 2924 5219 δεινόν
2979 5186 3027 5220 τι
3070 5164 3156 5219 καὶ
3212 5161 3465 5242 δυσχερὲς
3526 5161 3737 5231 ἀπήντα
3786 5159 3870 5214 αὖ·

2210 5270 2350 5331 τοῖς,
2412 5253 2716 5333 διέῤῥησσον
2760 5254 2881 5317 τοὺς
2932 5254 3193 5331 χιτῶνας.
3246 5250 3522 5312 Κάνταῦθα
3555 5252 3750 5327 τοίνυν,
3797 5250 3867 5309 ὡς

2208 5344 2700 5425 βλασφημήσαντος
2778 5350 2871 5399 τοῦ
2937 5340 3150 5422 Κυρίου,
3243 5344 3331 5398 καὶ
3412 5338 3647 5418 μεγάλου
3704 5341 3871 5393 κακοῦ

2208 5435 2512 5514 γεγονότος,
2602 5431 2902 5511 διαῤῥήσσει
2984 5433 3106 5497 τοὺς
3178 5438 3413 5512 χιτῶνας
3473 5433 3501 5486 6
3571 5428 3869 5510 ἀρχιερεύς.

2209 5523 2369 5582 Εἴποι
2400 5533 2525 5602 γοῦν
2555 5522 2617 5579 ἅν
2651 5544 2729 5586 τις
2775 5522 2860 5578 ἐπὶ
2892 5522 3095 5586 τούτοις
3128 5522 3379 5601 εὐκαίρως
3411 5521 3470 5576 τὸ
3512 5531 3604 5579 του
3666 5516 3822 5575 Δαϐίδ
3857 5557 3875 5576 .
