4232 6422
393 385 506 453 661

1082 391 1530 458 ΙΝΑΗΒΑΤΙΟ
1574 392 1659 457 IN
1705 392 2018 458 EVANGI

2107 393 2217 457 ΠΜ
2263 392 2526 458 ΜΑΒΟΙ.
2563 426 2627 439 -—
2679 394 2843 457 CAP.
2893 394 3058 459 XIV.

3667 394 3784 462 662

394 548 424 582 ε
477 527 892 609 Διεσχίσθησαν,
963 530 1052 587 καὶ
1106 532 1167 589 οὗ
1237 528 1601 607 κατενύγησαν
1634 544 1649 559 ⁶
1700 552 1729 584 ι
1792 526 2018 606 σύμϐολα

2103 550 2114 584 ι
2140 528 2368 607 puncti.
2436 552 2464 585 ι
2510 525 2732 591 Verum
2775 527 3010 607 signum
3060 527 3172 589 hoc
3204 536 3350 605 erat,
3409 530 3645 592 tametsi
3694 531 3781 593 illi

380 612 439 669 δὲ
481 616 570 672 καὶ
617 625 773 675 τοῦτο
800 619 889 699 ἦν,
921 618 1021 675 κᾶν
1048 618 1256 682 ἐκεῖνος
1300 622 1362 679 06
1391 620 1574 701 συνίει,
1606 618 1700 677 τοῦ
1727 618 1826 688 τὴν
1854 619 2034 699 ἀρχιει

380 704 623 780 ρωσύνην
681 713 788 763 τῶν
865 706 1129 767 Ἰουδαίων
1184 707 1525 790 διαῤῥαγῆναι
1586 708 1675 766 καὶ
1732 708 2036 788 ἀφανισθῆ-

376 816 494 853 ναι.
538 792 690 853 Ἐπεὶ
732 799 905 855 τοίνυν
957 800 992 867 ἡ
1036 798 1189 867 κοινὴ
1219 800 1398 879 ψῆφος
1439 804 1547 856 τῶν
1589 795 1883 877 ἀρχιερέων
1912 818 2040 853 κατ-

378 882 582 959 έκρινεν
638 887 819 967 αὐτὸν,
894 886 1017 945 τότε
1099 889 1149 944 οἱ
1226 886 1486 965 ὑπηρέται
1556 885 2034 963 περικαλύπτοντες

376 973 557 1054 αὐτὸν,
612 972 796 1034 ἔπαιον
834 978 922 1034 καὶ
979 976 1163 1056 ἔλεγον
1199 993 1213 1009 ⁸
1261 979 1655 1059 Προφήτευσον,
1700 976 1777 1040 τίς
1821 975 1963 1033 ἐστιν
2007 978 2034 1033 6

377 1062 569 1128 παίσας
614 1085 673 1123 σε
708 1086 725 1137 ς
769 1065 916 1124 Πόσα
956 1068 1128 1124 τοίνυν
1156 1067 1411 1143 πάθοιμεν
1440 1066 1502 1125 ἂν
1539 1068 1725 1143 ἡμεῖς,
1761 1065 1853 1123 ’ίνα
1881 1065 2033 1123 ἀντι-

376 1149 595 1228 δοίημεν
666 1155 731 1212 τὰ
785 1154 881 1213 ’ίσα
960 1162 1037 1231 τῷ
1100 1159 1394 1233 Δεσπότης
1451 1157 1653 1235 Φρίκης
1711 1162 1873 1213 ταῦτα
1926 1178 2030 1231 με-

372 1242 495 1305 στά,

458 1353 485 1385 ι
534 1332 639 1390 Καὶ
697 1331 850 1397 ὄντος
882 1340 974 1390 τοῦ
1042 1333 1240 1414 Πέτρου
1269 1338 1327 1392 ὲν
1354 1342 1423 1412 τῇ
1465 1335 1601 1412 αὒλῇ
1657 1336 1829 1415 κάτω,
1859 1334 2023 1416 ἔρχε-

369 1440 457 1475 ται
488 1424 582 1495 μία
614 1428 722 1478 τῶν
751 1421 1045 1480 παιδισκῶν
1074 1431 1167 1480 τοῦ
1216 1424 1508 1505 ἀρχιερέως
1535 1444 1551 1460 ⁶
1585 1426 1673 1481 καὶ
1703 1422 1882 1483 ἰδοῦσα
1936 1427 2026 1483 τὸν

372 1507 570 1586 Πέτρον
604 1512 1042 1591 θερμαινόμενον,
1100 1511 1412 1589 ἒμϐλέψασα
1470 1516 1634 1589 αὐτῷ,
1667 1512 1811 1593 λέγει
1846 1534 1861 1550 ⁸
1927 1510 2023 1573 Καὶ

368 1599 430 1655 σὺ
483 1600 618 1674 μετὰ
679 1609 773 1658 τοῦ
818 1609 1124 1681 Ναζαρηνοῦ
1185 1603 1363 1671 Ἰησοῦ
1428 1605 1587 1673 ἦσθα.
1638 1596 1695 1662 l0
1754 1602 1807 1660 δὲ
1850 1605 2021 1684 ἠρνή-

368 1709 521 1767 σατο,
554 1687 726 1767 λέγων
759 1708 773 1723 ⁶
814 1693 921 1749 Οὐκ
946 1689 1096 1772 οῖδα,
1144 1690 1261 1750 οὐδὲ
1291 1693 1581 1769 ἐπίσταμαι
1610 1695 1662 1751 τί
1692 1695 1753 1751 σὺ
1796 1693 1969 1773 λέγεις
2004 1712 2018 1727 ⁸

368 1779 456 1834 καὶ
497 1777 709 1848 ἐξῆλθεν
755 1780 854 1847 ἔξω
898 1784 971 1847 εἰς
1021 1782 1082 1837 τὸ
1126 1782 1434 1861 προαύλιον,
1467 1785 1565 1841 Καὶ
1595 1782 1834 1864 ἀλέκτωρ
1875 1784 2020 1863 ἐφώ-

2124 634 2242 677 non
2277 617 2695 696 intelligerent,
2729 615 3129 696 rumpendum
3162 623 3224 681 et
3251 616 3612 681 abolendum
3662 618 3775 682 Ju-

2121 704 2385 767 daaorum
2436 704 2857 768 sacerdotium.
2916 702 3119 786 Itaque
3177 706 3418 787 quando
3479 711 3778 771 communi

2122 796 2470 874 pontificum
2503 795 2780 873 suﬂ'ragio
2811 794 3244 859 condemnatus
3278 805 3389 872 est,
3426 807 3563 859 tunc
3594 798 3776 860 mini--

2119 884 2225 945 stri
2280 884 2704 947 obvelaverunt
2733 884 2901 946 illum
2935 892 2995 947 et
3028 883 3405 959 ceciderunt,
3452 886 3773 949 dixerunt-

2118 991 2232 1054 que
2269 995 2281 1034 :
2316 974 2696 1056 Prophetiza,
2744 974 2877 1054 quis
2907 982 2997 1036 est
3026 974 3127 1056 qui
3159 982 3215 1036 te
3249 976 3589 1055 percussit?
3617 976 3771 1049 Quid

2116 1061 2293 1140 igitur
2324 1064 2442 1144 pati
2474 1073 2532 1126 et
2561 1082 2669 1125 nos
2700 1063 3015 1144 debemus,
3050 1070 3111 1125 ut
3139 1063 3460 1126 reddamus
3502 1083 3608 1146 par
3643 1065 3766 1128 Do-

2118 1151 2309 1215 mino?
2338 1151 2601 1215 Horrore
2634 1152 2808 1232 plena
2835 1161 2974 1214 sunt
3001 1153 3149 1215 haec.
3179 1205 3194 1218 .

2196 1331 2603 1394 VERs.66-72.
2637 1330 2741 1393 «Et
2764 1349 2901 1392 cum
2933 1339 3093 1393 esset
3113 1330 3398 1392 Petrusin
3430 1333 3577 1394 atrio
3609 1332 3767 1397 infe—

2108 1420 2424 1500 rius,venit
2443 1439 2559 1481 una
2588 1421 2937 1484 ancillarum
2964 1421 3182 1483 summi
3206 1420 3555 1496 sacerdotis,
3594 1442 3766 1483 cum-

2108 1528 2223 1588 que
2259 1510 2500 1572 vidisset
2524 1515 2758 1572 Petrum
2796 1511 3244 1573 calefacientem
3278 1510 3766 1578 se,intuitail|um

2106 1597 2251 1659 dicit
2280 1621 2292 1659 :
2322 1601 2391 1661 Et
2421 1610 2481 1661 tu
2514 1617 2647 1662 Cum
2677 1600 2819 1663 Jesu
2843 1599 3145 1662 Nazarene
3194 1598 3388 1660 fuisti?
3413 1599 3487 1660 At
3516 1600 3617 1662 ille
3649 1620 3763 1663 ne-

2104 1690 2263 1768 gavit
2290 1692 2533 1756 dicens:
2569 1692 2699 1753 Non
2731 1692 2890 1765 novi,
2927 1709 3121 1772 neque
3156 1691 3277 1751 scio
3310 1691 3450 1771 quid
3475 1691 3660 1755 dicas.
3696 1692 3767 1754 El

2106 1780 2278 1841 exivit
2337 1781 2494 1842 foras
2543 1781 2601 1842 in
2658 1780 3043 1856 vestibulum,
3078 1790 3136 1842 et
3165 1779 3354 1860 gallus
3404 1780 3645 1841 cecinit.
3694 1781 3766 1843 Et

368 1888 520 1934 νησε.
568 1870 667 1928 Καὶ
719 1872 752 1940 ἡ
810 1869 1062 1939 παιδίσκη
1129 1870 1307 1931 ἰδοῦσα
1379 1875 1535 1931 αὐτὸν
1593 1874 1780 1948 πάλιν,
1827 1871 2018 1953 ἤρξατο

2103 1868 2317 1931 ancilla
2347 1890 2482 1932 cum
2517 1871 2761 1932 vidisset
2793 1890 2954 1950 eum,
2979 1888 3216 1931 rursum
3244 1868 3422 1948 ccepit
3447 1869 3651 1933 dicere
3672 1871 3762 1932 his

366 1955 544 2035 λέγειν
626 1972 745 2023 τοῖς
842 1964 1255 2041 παρεστηκόσιν,
1337 1962 1417 2019 ὅτι
1492 1965 1654 2027 Οὗτος
1732 1961 1783 2029 ἐξ
1849 1966 2019 2020 αὒτῶν

364 2049 508 2103 ἔστιν
540 2063 555 2077 ·
617 2048 645 2104 6
702 2047 757 2105 δὲ
815 2049 975 2107 πάλιν
1018 2054 1256 2123 ἠρνεῖτο,
1324 2054 1423 2111 Καὶ
1481 2054 1618 2127 μετὰ
1674 2054 1863 2131 μικρὸν
1918 2054 2020 2110 πά-

362 2133 470 2215 λιν,
530 2140 576 2193 οἱ
639 2147 972 2217 παρεστῶτες
1056 2140 1239 2221 ἔλεγον
1322 2148 1399 2217 τῷ
1481 2140 1664 2220 Πέτρῳ
1695 2158 1711 2174 ⁸
1776 2138 2017 2213 Ἀληθῶς

362 2224 414 2290 ἐξ
460 2226 631 2282 αὐτῶν
674 2231 750 2309 εἷ,
811 2230 1031 2309 καὶγὰρ
1083 2229 1362 2295 Γαλιλαίος
1407 2235 1486 2307 εἴ,
1529 2231 1617 2288 καὶ
1654 2231 1689 2299 ἡ
1733 2229 1893 2288 λαλιά
1925 2254 2019 2290 σου

360 2315 626 2388 ὁμοιάζει,
676 2307 733 2375 Ὀ
806 2316 861 2374 δὲ
926 2307 1118 2397 ἤρξατο
1174 2320 1567 2395 ἀναθεματίζειν
1635 2322 1724 2377 καὶ
1779 2321 2013 2401 ὀμνύει),

359 2402 448 2459 ὅτι
478 2406 588 2463 Οὐκ
614 2404 738 2463 οῖδα
767 2406 857 2464 τὸν
902 2407 1175 2487 ἄνθρωπον
1202 2411 1391 2467 τοῦτον
1446 2410 1506 2465 ὃν
1548 2407 1756 2477 λέγετε.
1814 2413 1912 2469 Καὶ
1963 2411 2025 2467 ἐκ

358 2491 599 2566 δευτέρου
654 2494 896 2577 ἀλέκτωρ
956 2497 1222 2578 ἐφώνησε,
1307 2501 1394 2555 καὶ
1450 2500 1755 2574 ἀνεμνήσθη
1828 2502 1857 2556 6
1916 2500 2021 2556 Πέσ

359 2605 481 2662 τρες
538 2592 630 2642 τοῦ
682 2586 947 2664 ῥήματος,
1009 2587 1069 2645 οὗ
1122 2589 1282 2646 εἶπεν
1364 2593 1507 2664 αὖτῴ
1566 2592 1594 2646 6
1637 2588 1875 2671 Ἰησοῦς,
1938 2589 2020 2649 ὅτι

362 2676 486 2751 Πρὶν
539 2674 802 2756 ἀλέκτορα
850 2682 1094 2757 φωνῆσαι
1143 2678 1243 2754 δὶς,
1277 2679 1562 2757 ἀπαρνήσῃ
1606 2699 1673 2756 με
1712 2680 1822 2759 τρίς
1857 2701 1871 2716 ’

358 2759 649 2839 ἐπιϐαλὼν,
697 2754 928 2828 ἔκλαιεν,
994 2789 1023 2822 ι
1083 2754 1402 2835 Ἦσθένησεν
1470 2770 1497 2824 ὃ
1538 2754 1773 2847 Πέτρος,
1834 2769 1878 2824 εἰ
1932 2754 2021 2824 καὶ

354 2853 666 2934 θερμότερος
724 2856 815 2937 ἧν,
874 2857 961 2913 καὶ
1005 2855 1244 2936 ἀρνεῖται
1326 2858 1419 2914 τὸν
1480 2857 1668 2935 Κύριον
1728 2857 1831 2913 ὑπὸ
1910 2860 2007 2925 τῆς

354 2940 550 3006 δειλίας
592 2942 966 3026 διαταραχθείς
995 2965 1008 2979 ·
1055 2948 1145 3004 καὶ
1204 2953 1369 3004 ταῦτα
1423 2944 1707 3014 παιδίσκης
1767 2946 1995 3014 ἐκπτοη·

350 3032 521 3100 σέσης
564 3033 722 3092 αὐτόν
758 3050 773 3066 '
804 3042 962 3092 τοῦτο
1018 3034 1074 3092 δὲ
1116 3034 1235 3093 κατ’
1284 3034 1589 3112 οἰκονομίαν
1632 3036 2007 3117 συνεχώρησεν

348 3122 506 3179 αὐτὸν
562 3125 590 3180 6
644 3125 774 3189 Θεὸς
830 3128 1042 3200 παθεῖν,
1101 3124 1196 3183 ’ίνα
1252 3126 1332 3201 μὴ
1391 3125 1697 3205 ἑπαίρηται,
1762 3128 1850 3183 καὶ
1892 3125 2005 3184 in:

348 3208 445 3269 ἵνα
492 3214 583 3270 καὶ
632 3227 748 3278 τοῖς
807 3215 1050 3272 πταίουσι
1121 3217 1402 3291 συμπαθὴς
1475 3216 1596 3289 εἴη,
1667 3214 1758 3295 ἀφ’
1816 3216 2003 3274 ἑαυτοῦ

352 3299 642 3367 παιδευθεὶς
712 3307 775 3362 τὸ
860 3309 957 3373 τῆς

355 3390 666 3472 Ἀδιὰφορον
725 3392 779 3451 δὲ
820 3394 934 3453 εἴτε
976 3398 1010 3465 ἡ
1063 3396 1196 3464 αὐτὴ
1250 3393 1505 3463 παιδίσκη
1535 3396 1622 3468 ἦν,
1674 3394 1787 3453 εἴτε
1844 3395 2006 3471 ἄλλη,

355 3484 391 3550 ἡ
460 3482 716 3563 ἒλέγξασα
771 3486 863 3541 τὸν
918 3485 1136 3566 Πέτρον.
1191 3488 1466 3551 Ματθατος
1522 3486 1620 3561 μὲν
1679 3485 1779 3566 γὰρ
1842 3484 2011 3554 ἀλλην

356 3573 556 3640 ταύτην
606 3572 749 3651 λέγει
783 3594 798 3608 ·
862 3576 1074 3654 Μάρκος
1132 3573 1186 3631 δὲ
1228 3576 1326 3641 τὴν
1369 3573 1557 3646 αὐτήν,
1592 3573 1748 3635 Οὐδὲν
1778 3573 1832 3631 δὲ
1876 3577 2012 3645 ἡμῖν

351 3669 509 3720 τοῦτο
567 3661 819 3739 ἐμπόδιον
861 3666 993 3742 πρὸς
1048 3666 1149 3734 τήν
1190 3663 1443 3736 ἀλήθειαν
1484 3670 1579 3722 τοῦ
1634 3664 1954 3744 Εὗαγγελίου
1988 3683 2001 3697 '

349 3752 428 3827 μὴ
485 3754 583 3831 γὰρ
640 3753 697 3810 ἐν
757 3753 979 3834 μεγάλῳ
1020 3757 1121 3813 τινὶ
1149 3756 1237 3812 καὶ
1265 3759 1554 3829 συνεκτικιρ
1584 3754 1682 3824 τῆς
1741 3758 2005 3836 σωτηρίας

351 3843 503 3916 ἡμων
555 3840 872 3921 διαφωνοῦσι
910 3865 926 3916 ;
981 3846 1069 3912 Μὴ
1122 3847 1150 3902 6
1194 3844 1292 3920 μὲν
1324 3845 1504 3925 εἶπεν,
1559 3843 1641 3900 ὅτι
1700 3844 2005 3925 ἐσταυρώθη

346 3932 376 3986 6
427 3929 634 4008 Κύριος,
697 3934 725 3989 6
782 3931 864 4010 δὲ,
925 3932 1039 4009 οὕς
1097 3932 1293 4012 ἄπαγε.
1350 3923 1407 3991 ‘0
1452 3923 1623 3989 τοίνυν
1666 3923 1872 4012 Πέτρος.
1907 3937 2007 3993 ὑπὸ

345 4026 446 4087 τῆς
505 4019 699 4087 δειλίας
741 4026 1134 4106 διαταραχθεὶς,
1197 4025 1285 4081 καὶ
1337 4022 1721 4098 ἐπιλαθόμενος
1756 4032 1851 4082 τοῦ
1908 4025 2009 4083 λόο-

343 4118 441 4189 γοῦ
514 4110 574 4168 οὗ
632 4112 787 4170 εἶπεν
859 4115 887 4170 6
948 4112 1155 4194 Κύριος,
1218 4112 1300 4170 ὅτί
1354 4114 1456 4171 Τὸν
1526 4113 1894 4191 ἀρνησάμενόν
1950 4140 2019 4192 με

346 4200 646 4277 ἀρνήσομαι
690 4200 843 4281 κάγὼ
929 4202 1187 4260 ἐνώπιον·
1229 4208 1322 4260 τού
1380 4201 1585 4280 Πατρός
1650 4225 1777 4284 μου,
1837 4204 2019 4285 ἡρνή-

346 4310 504 4368 σατο,
564 4288 685 4347 ἀλλ’
740 4294 774 4360 ἡ
819 4292 1073 4367 μετάνοια
1102 4292 1265 4350 πάλιν
1294 4293 1453 4349 αὒτὸν
1483 4292 1723 4367 ᾡκείωσε
1768 4301 1845 4368 τῷ
1882 4302 2014 4375 Χρι-

346 4384 483 4452 στῷ,
556 4381 643 4436 καὶ
692 4381 759 4438 τά
807 4379 1024 4460 δάκρυα.
1060 4379 1373 4440 Ἐπιϐαλὼν
1415 4379 1538 4459 γὰρ,
1572 4380 1759 4461 φησὶν,
1806 4380 2017 4458 ἔκλαιε,

347 4467 641 4545 τουοέστιν,
721 4469 1184 4548 ἐπικαλυψαμενος
1272 4472 1372 4539 τὴν
1460 4468 1702 4550 κεφαλήν
1735 4485 1749 4499 ⁸
1818 4470 1855 4539 ἢ
1906 4472 2022 4530 ἀντὶ

348 4565 465 4637 τοῦ,
525 4558 815 4637 ἀρξάμενος
874 4563 1010 4637 μετὰ
1078 4560 1439 4642 σφοδρότητος
1483 4579 1498 4595 °

349 4648 569 4729 ἀσαφῶς
624 4652 652 4707 6
696 4655 995 4726 Ματθαϊος,

348 4738 682 4816 ἡρμήνευσεν
739 4744 769 4798 6
840 4743 1076 4823 Μάρκος,
1137 4739 1219 4797 ὅτι
1269 4741 1394 4819 Πρὶν
1438 4743 1683 4819 φωνῆσαι
1743 4737 1843 4804 δίς.
1874 4740 2022 4797 Ἐἰώ-

349 4832 469 4884 θασι
528 4830 627 4909 γὰρ
664 4834 712 4888 οἱ
770 4831 1076 4911 ἀλέκτορες,
1135 4831 1271 4888 κατά
1318 4830 1441 4906 μίαν
1472 4828 1698 4907 ἀγωγὴν
1758 4828 2018 4895 πολλάκις

350 4932 574 4998 φωνεῖν,
633 4925 756 4979 εἶτα
804 4922 927 4982 οἷον
982 4922 1297 4999 ὑπνώττειν,
1363 4921 1453 4977 καὶ
1507 4916 1670 4975 πάλιν
1718 4918 1858 4994 μετά
1899 4943 2018 4978 τινα

353 5012 560 5087 καιρὸν,
597 5012 788 5092 ὲτάραν
830 5013 1008 5094 ἀρχὴν
1066 5014 1331 5070 ποιεῖσθαι
1365 5011 1459 5067 τοῦ
1510 5020 1737 5089 φωνεῖν.
1800 5001 1814 5022 ²
1839 5020 1879 5068 Ο
1934 5011 2022 5067 οὖν

352 5099 510 5156 εἶπεν
564 5103 591 5159 6
654 5107 951 5179 Ματθαϊος,
1012 5102 1167 5162 τοῦτό
1218 5100 1385 5180 ἐστιν,
1441 5097 1520 5155 ὅτι
1580 5098 1707 5176 Πρὶν
1767 5097 2024 5179 ἀλέκτορα

354 5195 623 5271 φωνῆσαι,
657 5193 922 5268 τουτέστι,
979 5193 1263 5274 πληρῶσαι
1308 5191 1403 5255 τὰς
1448 5188 1683 5267 κραυγὰς
1714 5194 1811 5256 τῆς
1868 5191 2014 5271 πρώ.

357 5302 453 5346 νης
514 5281 756 5362 ἀγωγῆς,
830 5284 1115 5364 ἀπαρνήσῃ
1168 5304 1234 5358 με
1291 5281 1422 5359 τρίς.
1489 5279 1931 5358 Αἰσχυνὲσθωσαν
1973 5280 2026 5337 δὲ

355 5370 404 5425 οὶ
447 5375 767 5429 Ναυατιανοὶ
815 5374 863 5431 οὶ
931 5374 1051 5438 τοὺς
1125 5372 1262 5448 μετά
1317 5372 1379 5427 τὸ
1457 5368 1737 5444 βάπτισμα
1792 5370 1881 5425 καὶ
1926 5371 2027 5437 τὴν

350 5458 659 5537 μετάληψιν
713 5468 818 5520 τῶν
880 5464 1186 5542 μυστηρίων
1233 5459 1670 5539 ἁμαρτήσαντας,
1733 5458 1812 5533 μὴ
1868 5457 2027 5541 δεχό-

349 5570 525 5624 μειοι.
591 5550 722 5609 Ἰδοὺ
781 5553 881 5632 γὰρ
952 5554 981 5609 6
1068 5552 1287 5632 Πέτρος,
1389 5548 1478 5605 καὶ
1550 5543 1868 5621 μεταλαϐὼν
1934 5549 2027 5606 τοῦ

348 5639 620 5720 ἀχράντου
676 5642 927 5717 σώματος
998 5644 1086 5700 καὶ
1156 5640 1415 5719 αἵματος,
1484 5636 1573 5693 καὶ
1628 5633 2023 5714 ἀρνησάμενος,

1042 3279 1396 3386 ἀνθρωπίνης
1452 3279 1728 3369 ἀσθενείας⁸
1804 3307 1997 3383 βίαιον.
2019 3279 2061 3329 C

2103 1958 2205 2037 qui
2233 1959 2503 2021 astabant
2538 1978 2550 2023 :
2586 1960 2696 2022 Hic
2726 1980 2797 2022 ex
2830 1960 2945 2021 illis
2979 1959 3173 2022 est.At
3195 1959 3293 2020 ille
3322 1977 3557 2021 rursum
3585 1979 3764 2040 nega-

2104 2047 2241 2127 bat;
2275 2066 2343 2109 ac
2377 2049 2546 2128 paulo
2582 2057 2710 2129 post
2740 2049 2959 2111 iterum
3008 2048 3108 2130 qui
3152 2046 3445 2123 astabant,
3482 2047 3763 2110 (licebant

2109 2138 2280 2198 Petro
2308 2158 2320 2199 :
2357 2136 2510 2199 Vore
2537 2156 2609 2199 ex
2634 2138 2751 2199 illis
2782 2156 2846 2201 es
2881 2160 2893 2198 :
2926 2157 3065 2199 nam
3091 2145 3149 2198 et
3178 2135 3457 2205 Galilaeus,
3485 2144 3641 2206 es.et
3664 2137 3758 2199 lo-

2106 2228 2278 2305 quela
2306 2235 2402 2288 tua
2433 2228 2730 2290 convenit.
2760 2231 2837 2291 At
2867 2228 2971 2291 ille
3003 2227 3185 2308 coepit
3216 2226 3511 2289 exsecrari
3550 2245 3619 2288 ac
3644 2227 3755 2287 de-

2097 2319 2322 2395 jerare:
2360 2321 2491 2381 Non
2516 2318 2651 2378 novi
2675 2317 2977 2379 hominem
3010 2318 3188 2378 istum
3212 2318 3286 2378 de
3304 2333 3422 2396 quo
3441 2315 3663 2380 dicitis.
3684 2317 3761 2379 Et

2104 2405 2319 2467 iterum
2346 2406 2533 2485 gallus
2560 2406 2779 2470 cecinit
2805 2430 2818 2471 :
2843 2407 3305 2486 recordatusque
3342 2403 3483 2465 255
3513 2414 3605 2467 est
3642 2408 3756 2466 Pe-

2106 2502 2229 2556 trus
2260 2496 2419 2558 verbi
2442 2496 2599 2578 quod
2623 2495 2853 2558 dixerat
2884 2496 2967 2557 illi
2994 2493 3552 2575 JesuszPriusquam
3568 2494 3760 2573 gallus

2104 2583 2385 2647 cecinerit
2420 2585 2865 2664 bis,abnegabis
2899 2605 2994 2647 me
3026 2594 3136 2648 ter.
3159 2583 3231 2645 Et
3257 2602 3391 2645 cum
3423 2583 3753 2664 injecisset,

2104 2678 2324 2738 flexit.-
2352 2676 2631 2740 Intirmus
2662 2687 2790 2740 erat
2811 2677 3044 2759 Petrus,
3081 2679 3313 2739 tametsi
3339 2676 3539 2738 alacer
3569 2685 3752 2749 esset,

2105 2782 2158 2829 et
2186 2786 2305 2846 pra:
2336 2771 2550 2831 timore
2598 2769 2865 2830 turbatus
2896 2769 3213 2830 Dominum
3262 2766 3540 2842 abnegat,
3577 2766 3758 2847 idque

2092 2857 2164 2918 ab
2189 2856 2407 2920 ancilla
2429 2858 2894 2938 obstupefactus.
2933 2857 3210 2921 Permisit
3240 2863 3438 2917 autem
3478 2854 3639 2917 Deus
3668 2857 3753 2917 is-

2092 2947 2191 3007 tud
2222 2947 2507 3023 singulari
2538 2947 2989 3028 dispensatione
3019 2947 3174 3020 ﬁeri,
3213 2954 3274 3006 ut
3305 2964 3379 3007 ne
3425 2944 3750 3007 extollere-

2091 3043 2273 3110 tur,et
2301 3036 2373 3098 ad
2407 3036 2613 3111 hoc,ut
2642 3044 3085 3118 compateretur
3112 3034 3470 3109 labentibus,
3498 3054 3529 3096 a
3554 3035 3754 3115 seipso

2087 3126 2356 3188 eruditus
2368 3135 2587 3207 quanta
2605 3127 2679 3187 sit
2693 3126 2959 3189 humana
2972 3124 3351 3188 imbecillitas
3364 3133 3423 3186 et
3438 3124 3750 3202 fragilitas.

2087 3215 2217 3277 Non
2248 3215 2433 3276 refert
2458 3216 2583 3277 sive
2617 3215 2884 3289 una,sive
2926 3215 3059 3277 duae
3086 3214 3319 3277 ancilla:
3348 3213 3568 3275 fuerint
3614 3231 3747 3294 qua:

2091 3303 2396 3382 arguerint
2426 3303 2695 3367 Petrum.
2722 3304 3029 3367 Matthteus
3060 3322 3203 3365 sane
3226 3303 3395 3364 istam
3430 3321 3546 3363 non
3581 3321 3746 3364 eam-

2092 3393 2227 3454 dem
2259 3393 2669 3465 dicit,Marcus
2700 3412 2838 3456 vero
2858 3392 3327 3456 eamdem.Nihil
3354 3399 3550 3453 autem
3577 3391 3752 3453 nobis

2093 3482 2151 3544 in
2185 3483 2297 3544 hoc
2327 3483 2616 3545 obstaculi
2648 3483 2720 3545 ad
2756 3484 3057 3563 Evangelii
3102 3481 3435 3544 veritatem.
3472 3482 3750 3561 Nunquid

2094 3573 2253 3633 enim
2279 3572 2337 3633 in
2375 3592 2585 3650 magno
2609 3574 2807 3654 aliquo
2831 3582 2888 3635 et
2909 3575 3165 3635 salutem
3198 3581 3459 3634 nostram
3491 3570 3751 3651 comple-

2091 3670 2288 3725 ctente
2318 3661 2701 3723 discordant?
2728 3660 3011 3744 Nunquid
3045 3663 3148 3724 ille
3177 3661 3325 3723 dixit
3357 3660 3515 3741 quod
3549 3660 3751 3722 cruci-

2090 3755 2239 3815 ﬁxus
2260 3753 2422 3832 sit,et
2448 3752 2597 3813 alius
2628 3755 2781 3814 non?
2799 3753 2977 3815 absit.
2998 3751 3181 3830 Igitur
3202 3751 3412 3813 Petrus
3444 3769 3564 3832 pra:
3591 3758 3753 3811 metu

2049 3904 2055 3912 ,
2093 3842 2383 3919 turbatus,
2409 3851 2466 3902 et
2494 3842 2715 3906 oblitus
2748 3843 3045 3904 sermonis
3071 3860 3247 3923 quem
3281 3841 3512 3902 dixerat
3540 3838 3751 3903 Domi-

2092 3931 2389 4012 nus,quod
2406 3930 2551 3991 Eum
2576 3931 2677 4013 qui
2700 3950 2796 3992 me
2817 3929 3538 4010 abnegaverit,abnegabo
3560 3935 3619 3989 et
3637 3946 3752 4007 ego

2103 4039 2302 4083 coram
2336 4020 2504 4081 Patre
2527 4020 3063 4098 meo,neg:wit:sed
3099 4018 3447 4100 poenitentia
3476 4025 3534 4079 et
3559 4017 3753 4097 lacry-

2107 4129 2215 4171 mze
2243 4110 2409 4171 illum
2431 4108 2504 4169 ad
2529 4108 2828 4172 Christum
2861 4109 3252 4171 reduxerunt.
3306 4107 3378 4171 Et
3409 4126 3542 4169 cum
3595 4106 3755 4185 inje-

2104 4199 2472 4275 cisset,ﬂevit
2498 4218 2511 4260 :
2540 4198 2652 4259 hoc
2685 4205 2776 4259 est
2801 4217 2936 4259 cum
2970 4215 3144 4280 caput
3175 4198 3621 4271 obvelasset,ve|
3649 4214 3757 4276 pro

2104 4308 2175 4350 eo
2199 4288 2358 4370 quod
2390 4288 2567 4367 ccepit
2592 4306 2804 4361 magna
2834 4285 3380 4349 vehementiaJam
3406 4286 3566 4366 quod
3605 4289 3756 4346 Mat-

2105 4379 2290 4440 thatus
2322 4376 2575 4439 obscure
2597 4376 2930 4457 dixit,quod
2959 4376 3300 4457 Priusquam
3326 4375 3513 4455 gallus
3535 4383 3755 4449 cantet,

2105 4470 2526 4548 interpretatus
2556 4474 2645 4528 est
2675 4469 2926 4546 Marcus,
2952 4466 3088 4546 quia
3125 4465 3477 4546 Priusquam
3514 4463 3603 4525 bis
3624 4482 3759 4525 can-

1557 4557 1688 4640 ὅπερ
1745 4557 1801 4615 δὲ
1863 4561 2018 4619 εἶπεν

2109 4568 2214 4620 ιεῑ.
2252 4559 2698 4621 Consueverunt
2729 4554 2889 4615 enim
2944 4555 3082 4634 galli
3132 4574 3247 4615 uno
3299 4563 3567 4634 tempore
3599 4571 3758 4633 saepe

1086 4651 1167 4708 ὅτι
1225 4652 1349 4730 Πρὶν
1409 4648 1672 4729 ἀλέκτορα
1744 4655 2018 4730 φωνῆσαι,

2105 4666 2341 4721 sonare,
2390 4653 2448 4706 et
2482 4652 2684 4725 postea
2724 4643 3009 4718 dormire,
3043 4652 3100 4705 et
3136 4652 3266 4723 post
3295 4654 3530 4721 tempus
3561 4642 3756 4722 quod-

2106 4736 2241 4799 dam
2294 4736 2509 4797 iterum
2562 4742 2799 4795 cantum
2859 4734 3147 4814 incipere.
3182 4732 3352 4805 Quod
3401 4731 3581 4809 igitur
3606 4733 3758 4793 Mat-—

2104 4828 2269 4888 liqu
2299 4824 2465 4899 dixit,
2488 4824 2601 4885 hoc
2631 4832 2720 4885 es'.
2746 4843 2758 4886 :
2794 4824 3146 4905 Priusquam
3175 4821 3365 4903 gallus
3395 4830 3613 4901 cantet,
3643 4821 3758 4882 hoc

2104 4930 2218 4990 est,
2253 4915 2499 4995 impleat
2536 4912 2857 4975 clamorem
2894 4915 3069 4994 primi
3099 4921 3328 4988 cantus,
3366 4909 3611 4990 negabis
3661 4926 3759 4972 me

2109 5017 2216 5069 ter.
2256 5003 2625 5067 Erubescant
2655 5002 3103 5084 Novatiani,qui
3133 5022 3236 5065 eos
3266 5000 3365 5083 qui
3399 5009 3533 5080 post
3561 4999 3759 5081 bapti-

2108 5114 2301 5157 smum
2334 5106 2393 5154 et
2424 5101 2938 5154 sacramentorum
2998 5093 3483 5154 communionem
3542 5108 3761 5169 pecca-

2109 5193 2269 5264 runt,
2297 5203 2412 5244 non
2444 5181 2794 5262 suscipiunt.
2822 5181 2975 5245 Ecce
3007 5192 3065 5244 et
3098 5184 3307 5244 Petrus
3336 5186 3614 5257 suscepto
3642 5176 3760 5239 im-

2116 5275 2406 5336 maculato
2426 5290 2675 5351 corpore
2706 5271 3092 5352 etsanguine,
3124 5289 3257 5332 cum
3293 5273 3586 5349 negasset,
3625 5284 3762 5347 pro-

2113 5376 2245 5444 pter
2276 5361 2681 5444 paenitentiam
2716 5371 2992 5443 receptus
3028 5370 3137 5422 est.
3193 5363 3547 5422 Sanctorum
3603 5356 3766 5418 enim

2110 5455 2327 5516 delicta
2347 5452 2481 5513 idco
2515 5451 2738 5532 scripta
2767 5462 2928 5531 sunt,
2960 5460 3025 5512 ut
3048 5460 3108 5513 et
3137 5469 3246 5512 nos
3277 5449 3327 5510 si
3351 5447 3589 5529 quando
3624 5447 3769 5528 lapsi

2110 5543 2395 5604 fuerimus
2425 5559 2546 5601 non
2578 5538 3437 5621 animadvertendo,possimus
3466 5536 3528 5598 in
3557 5554 3768 5599 exem-

2112 5634 2206 5715 pla
2230 5632 2462 5693 illorum
2495 5632 2827 5712 respicere,
2856 5648 2913 5693 et
2940 5649 3046 5712 per
3077 5628 3485 5711 paenitentiam
3520 5624 3763 5704 corrigi.

350 5718 436 5787 διά
497 5735 600 5797 τῆς
657 5733 941 5806 μετανοίας
1002 5730 1360 5814 προσεδὲχθη.
1422 5728 1501 5788 Τὰ
1555 5727 1659 5805 γὰρ
1716 5724 2067 5807 ἐλαττώμα;α
2132 5731 2238 5783 τῶν
2294 5723 2457 5799 ἁγίων
2520 5719 2611 5779 δια
2681 5735 2836 5784 τοῦτο
2893 5724 3289 5805 ἀνεγράφησαν,
3333 5720 3426 5775 ’ἕνα
3474 5719 3560 5773 καὶ
3581 5718 3769 5794 ἡμεῖς,
