4232 6402
2026 128 2051 153 \-

362 309 487 395 665
1118 313 1566 379 ENARRATIO
1610 316 1694 379 IN
1737 312 2247 378 EVANGELIUM
2292 311 2548 378 MARCI.
2590 348 2669 360 —
2712 314 2876 379 CAP.
2926 309 3049 377 xv.
3636 300 3753 365 666

360 448 797 521 ὑποκατακλιθεὶς
853 457 930 525 τῷ
992 448 1253 526 θελήματι
1320 449 1563 529 ἐκείνων,
1610 445 2008 530 ἐφραγγέλλωσὲ

2104 455 2455 527 putarentur
2481 449 2786 530 accepisse
2819 467 2925 529 pro
2957 446 3243 510 tribunali
3262 444 3751 519 condemnatum:

358 558 417 593 τε
489 539 583 595 τὸν
643 540 831 619 Κύριον
882 540 1175 615 τουτέστιν,
1203 538 1449 615 ἒμάστιξε
1493 538 1747 604 πλεκτοῖς
1800 536 2008 615 λώροις,

2102 543 2160 597 et
2189 536 2431 599 tradidit
2457 538 2577 601 illis
2600 557 2733 601 eum
2760 531 3571 618 utcruciﬁgeretur.Volebat
3592 530 3749 592 enim

359 626 453 684 ’ίνα
509 626 726 694 δόξωσιν
781 630 863 686 ὅτι
921 630 1028 686 ἀπὸ
1078 629 1417 708 δικαστηρίω
1486 628 1641 685 αὐτὸν
1698 647 2008 704 κατακεκρι-

2102 625 2441 689 satisfacere
2470 628 2774 708 plebi,hoc
2807 635 2919 709 est,
2954 626 3273 707 gratiﬁcari
3303 630 3591 702 quantum
3624 638 3755 699 pos-

361 716 520 791 μένον
578 716 903 798 παρέλαϐον·
957 720 1047 777 καὶ
1099 717 1404 797 παρέδωκεν
1472 718 1630 775 αυτὸν
1680 720 1890 794 αὐτοῖς,
1922 715 2008 771 ἵνα

2101 713 2301 792 sibile,
2336 735 2457 778 non
2486 726 2684 781 autem
2718 717 2875 799 quod
2906 728 3136 795 gratum
3172 721 3297 777 erat
3310 715 3470 795 justo
3504 720 3561 773 et
3601 712 3749 773 Deo.

361 810 662 884 σταυρωθῇ.
732 806 1022 866 Ἠϐοὺλετο
1080 809 1180 888 γὰρ
1237 810 1299 865 τὸ
1369 807 1548 866 ἱκανὸν
1604 812 1683 882 τῷ
1731 805 1887 887 ὄχλῳ
1942 809 2188 885 ποιῆσαι,
2236 807 2497 880 τουτέστι,
2554 810 2614 865 τὸ
2662 810 2904 890 ἄρεα-τὸν,
2939 811 2999 865 τὸ
3066 806 3437 887 ἐνδεχόμενον.
3517 802 3638 881 ουχὶ
3691 800 3752 855 τὸ

356 896 578 974 ἀρεστὸν
609 902 687 971 τῷ
714 895 903 971 δικαίῳ
945 898 1034 954 καὶ
1075 905 1150 973 τῷ
1192 904 1309 973 Θεῷ

447 1006 472 1041 ι
536 987 599 1044 Οἱ
655 984 710 1042 δὲ
767 994 1087 1066 στρατιῶται
1135 988 1417 1066 ἆπὴγαγον
1446 988 1602 1045 αὐτὸν
1628 986 1737 1043 ἔσω
1764 992 1861 1054 τῆς
1914 986 2015 1042 αὖ·

355 1074 480 1156 λῆς,
538 1074 574 1132 ὅ
637 1076 749 1135 ἐστι
803 1080 1148 1157 πραιτώριον,
1205 1080 1291 1134 καὶ
1335 1076 1688 1156 συγκαλοῦσιν
1732 1075 1866 1143 ὅλην
1917 1076 2008 1143 τὴν

2099 1073 2335 1137 introin
2366 1077 2609 1159 atrium,
2640 1077 2799 1158 quod
2832 1085 2921 1139 est
2955 1076 3323 1158 praetorium,
3345 1082 3403 1136 et
3427 1075 3755 1159 convocant

354 1178 601 1242 σπεῖραν,
665 1168 752 1226 καὶ
808 1164 1068 1223 ἐνδύουσιν
1128 1169 1283 1226 αὐτὸν
1318 1168 1609 1248 πορφύραν,
1663 1168 1751 1223 καὶ
1803 1188 2008 1245 περιτι-

2100 1173 2276 1226 totam
2314 1157 2738 1241 cohortem,iet
2771 1157 3027 1229 induunt
3058 1166 3225 1227 illum
3261 1157 3750 1245 purpura,etcir--

352 1256 529 1313 θέασιν
589 1260 732 1331 αὐτῷ
762 1255 1048 1322 πλέξαντες
1073 1257 1347 1314 ἀκάνθινον
1377 1257 1655 1338 στέφανον·
1702 1257 1788 1312 καὶ
1816 1255 2008 1330 ἤρξαν-

2098 1266 2466 1335 cumponunt
2496 1258 2550 1318 ei
2575 1267 2908 1318 contextam
2941 1276 2973 1317 e
3005 1256 3191 1336 spinis
3222 1258 3594 1315 coronam.el
3626 1266 3749 1308 coe-

351 1367 412 1401 το
470 1344 791 1417 ἀσπάζεσθαι
851 1347 1027 1402 αὐτόν·
1068 1354 1256 1425 Χαῖρε,
1314 1346 1533 1423 βασιλεῦ
1587 1347 1693 1402 τῶν
1751 1343 2008 1402 Ἰουδαίων

2100 1347 2592 1422 peruntsalutare
2625 1347 2793 1409 illum
2827 1368 2839 1409 :
2868 1348 3121 1426 Ave,rex
3150 1339 3752 1408 JudmorumEtver—

356 1436 454 1493 Καὶ
483 1433 706 1491 ἔτυπτον
736 1435 836 1502 τὴν
868 1434 1106 1516 κεφαλὴν
1139 1442 1301 1493 αὐτοῦ
1343 1434 1594 1511 καλάμῳ,
1642 1436 1730 1491 καὶ
1760 1434 2008 1490 ἐνέπτυον

2096 1434 2383 1496 berabant
2413 1436 2576 1499 illius
2600 1447 2775 1517 caput
2821 1438 3137 1515 arundine,
3168 1442 3226 1496 et
3281 1430 3638 1511 inspuebant
3686 1427 3747 1487 in

352 1526 518 1604 αὐτῷ,
574 1526 662 1583 καὶ
719 1524 949 1590 τιθέντες
1010 1526 1077 1580 τὰ
1161 1524 1383 1604 γόνατα,
1446 1525 1796 1604 προσεκύνουν
1841 1528 2005 1595 αὐτῷ.

2095 1524 2283 1599 illum,
2320 1536 2375 1587 et
2416 1526 2618 1607 positis
2648 1526 2899 1606 genibus
2951 1524 3278 1587 adorabant
3311 1518 3585 1583 illum.Et
3614 1535 3748 1577 cum

356 1616 454 1671 Καὶ
510 1613 598 1669 ὅτε
656 1612 934 1679 ἐνέπαιξαν
993 1618 1153 1689 αὐτῷ,
1218 1612 1458 1680 ἐξέδυσαν
1483 1614 1641 1670 αὐτὸν
1670 1615 1768 1682 τὴν
1797 1614 2005 1692 πορφύ-

2095 1613 2418 1676 illusissent
2453 1617 2528 1690 ei,
2555 1626 3000 1677 exuerunteum
3036 1632 3318 1695 purpura,
3350 1608 3752 1672 etinduerunt

351 1725 467 1783 ραν,
502 1704 589 1759 καὶ
617 1701 860 1763 ὶνέδυσαν
894 1705 1049 1761 αὐτὸν
1078 1705 1146 1759 τὰ
1175 1704 1358 1779 ἱμάτια
1387 1706 1455 1759 τὰ
1488 1702 1619 1759 ἴδια·
1668 1705 1754 1760 καὶ
1786 1701 2008 1779 ἐξάγουω

2095 1703 2258 1763 illum
2298 1704 2560 1767 vestibus
2594 1705 2848 1785 propriis
2886 1727 2898 1767 :
2933 1705 3070 1764 2‘57
3121 1712 3180 1764 et
3212 1702 3471 1763 educunt
3519 1716 3653 1757 eum
3686 1703 3749 1754 ut

350 1815 433 1848 σιν
489 1794 673 1867 αὐτὸν,
734 1791 827 1849 ἵνα
875 1794 1249 1870 σταυρώσωσιν
1296 1794 1475 1873 αὐτὸν,
1524 1794 1610 1849 καὶ
1660 1793 2008 1871 ἀγγαρεύουσι

2098 1794 2514 1873 cruciﬁgerent
2561 1814 2722 1855 eum.
2772 1795 2845 1855 Et
2909 1801 3234 1873 coegerunt
3292 1794 3745 1871 praetereuntem

2180 985 2344 1050 VEBS
2397 988 2616 1052 16-91.
2670 1012 2691 1043 ι
2731 987 2943 1050 Milites
2973 993 3171 1049 autem
3204 985 3582 1047 abduxerunt
3612 996 3749 1040 eum

350 1882 659 1960 παράγοντά
740 1904 859 1939 τινα
928 1884 1146 1958 Σίμωνα
1207 1892 1530 1960 Κυρηναῖον,
1587 1882 1882 1963 ἐρχόμενον
1917 1880 2009 1937 ἀπ’

349 1973 533 2052 ὀγροῦ⁹
606 1974 698 2028 τὸν
765 1972 968 2051 πατέρα
1029 1970 1372 2051 Ἀλεξάνδρου
1455 1974 1542 2029 καὶ
1616 1966 1856 2053 Ῥούφου,
1922 1973 2012 2027 ἴνα

350 2061 451 2138 ἄρῃ
510 2064 605 2117 τὸν
672 2062 894 2137 σταυρὸν
930 2065 1113 2125 αὐτοῦ,
1163 2085 1190 2115 ιι
1227 2064 1298 2119 T6
1323 2064 1703 2140 στρατιωτικὸν
1739 2061 1900 2141 φῦλον
1932 2061 2013 2117 ἀεὶ

349 2149 584 2216 ἀταξίαις
654 2164 856 2231 χαῖρον
917 2152 1005 2207 καὶ
1059 2148 1259 2229 ὕϐρεσι,
1323 2152 1389 2207 τὰ
1448 2152 1625 2208 οἰκεῖα
1652 2150 2007 2208 ἐπεδείκνυτο’

350 2243 415 2297 εἰ·
450 2242 549 2320 γὰρ
605 2242 651 2297 οἱ
722 2242 920 2319 μυρίων
980 2239 1332 2297 διδασκαλιῶν
1365 2241 1686 2304 ἀκούσαντες
1728 2239 2005 2321 Ἰουδαῖοι,

349 2338 571 2388 τοιαῦτα
625 2330 782 2387 αὐτὸν
833 2328 1083 2405 διέθεντο,
1146 2334 1191 2387 οἱ
1256 2328 1432 2387 πολλὰ
1461 2332 1551 2388 καὶ
1573 2329 1833 2395 πολλάκις
1866 2333 2009 2409 εὔερ-

350 2419 688 2499 γετηθέντες,
761 2420 811 2475 τί
864 2418 926 2475 ἅν
999 2419 1222 2500 ἔχοιμεν
1253 2422 1430 2477 εἰπεῖν
1462 2422 1579 2499 περὶ
1609 2426 1715 2477 τῶν
1745 2421 1962 2477 ἐθνικῶν
1988 2440 2003 2499 ς

352 2507 713 2587 Συγκαλοῦσιν
770 2518 858 2568 οὖν
923 2508 1056 2577 ὃλην
1126 2511 1226 2577 τὴν
1282 2524 1536 2590 σπεῖραν,
1585 2512 1701 2567 ἀντὶ
1736 2518 1852 2585 τοῦ,
1886 2509 2008 2567 ὅλον

2099 1884 2415 1964 quemdam
2452 1883 2755 1946 Simonem
2791 1886 3216 1963 Cyrenensem,
3250 1882 3347 1961 qui
3381 1878 3649 1940 veniebat
3678 1894 3744 1935 ex

2096 1993 2259 2051 agro,
2296 1988 2524 2054 patrem
2559 1974 2879 2036 Alexandri
2912 1983 2968 2034 et
2997 1973 3219 2045 Ruﬁ,ut
3242 1972 3476 2031 tolleret
3505 1984 3742 2027 crucem

2096 2065 2286 2143 ejus.»
2323 2064 2576 2124 Militare
2607 2082 2795 2142 genus
2826 2082 3064 2143 semper
3094 2060 3403 2133 conviciis,
3440 2059 3655 2136 gaudet
3676 2074 3743 2116 ac

2096 2153 2471 2225 tumultibus,
2508 2162 2568 2214 et
2595 2153 2707 2214 sibi
2728 2153 2924 2214 simile
2957 2151 3218 2213 est.Natn
3253 2168 3386 2211 cum
3409 2145 3618 2220 Judzei,
3645 2144 3745 2225 qui

2094 2243 2383 2324 plurimas
2413 2242 2725 2304 audierant
2753 2242 3144 2315 doctrinas,et
3167 2242 3224 2301 in
3247 2258 3395 2320 quos
3425 2237 3607 2297 multa
3629 2233 3748 2295 col-

2092 2335 2212 2395 lata
2246 2340 2413 2394 erant
2448 2333 2760 2408 beneﬁcia,
2806 2333 3000 2393 taliter
3031 2330 3224 2392 affecti
3256 2336 3442 2395 erant,
3478 2325 3620 2406 quid
3672 2324 3745 2384 de

2092 2421 2415 2503 gentilibus
2431 2440 2744 2502 possumus
2765 2420 3338 2483 dicere?Convocant
3357 2418 3551 2497 itaque
3571 2422 3748 2476 totam

2093 2513 2547 2586 cohortem,hoc
2569 2520 2873 2588 est,totum
2906 2511 3320 2581 exercitum,et
3338 2508 3591 2569 induunt
3611 2522 3746 2565 eum

351 2601 412 2655 τὸ
479 2600 682 2678 τάγμα,
743 2601 831 2655 καὶ
888 2598 1151 2657 ἐνδύουσιν
1209 2603 1366 2660 αὐτὸν
1433 2603 1727 2681 πορφύραν,
1775 2603 1850 2663 ὡς
1904 2602 2008 2677 βα·-

2097 2610 2450 2685 purpura,ut
2480 2602 2604 2683 regi
2634 2603 2954 2664 illudentes
2985 2624 2997 2661 :
3028 2610 3083 2662 et
3106 2618 3387 2662 coronam
3411 2616 3519 2676 pro
3547 2592 3750 2685 diade-

352 2688 507 2744 σιλέα
565 2688 865 2760 παίζοντες’
927 2691 1015 2745 καὶ
1066 2691 1157 2746 τὸν
1209 2689 1467 2771 στέφανον
1540 2692 1653 2747 ἀντὶ
1739 2688 2008 2766 διαδήμα-

2097 2683 2275 2769 mate,
2311 2700 2373 2753 et
2402 2693 2694 2754 calamum
2728 2712 2835 2775 pro
2868 2700 3108 2772 sceptro
3140 2696 3447 2753 assumunt
3481 2686 3593 2775 hoc
3620 2683 3749 2745 loco

351 2801 465 2853 τος,
525 2779 614 2835 καὶ
670 2781 762 2835 τὸν
819 2778 1063 2853 κάλαμον
1132 2777 1196 2836 δὲ
1265 2780 1380 2838 ἀντὶ
1413 2783 1683 2861 σκήπτρου
1722 2779 2008 2859 παραλαμ-

2097 2782 2474 2843 diabolorum
2510 2782 2679 2845 socii.
2712 2773 3041 2861 Angariant
3087 2788 3285 2843 autem
3336 2773 3653 2857 quemdam
3689 2780 3753 2831 ut

352 2866 599 2925 ϐαίνουσιν
671 2868 890 2924 ἐνταῦθα
948 2870 994 2925 οἱ
1054 2876 1140 2926 τοῦ
1196 2867 1443 2928 διαϐόλου
1507 2870 1780 2951 χορευταί’
1837 2869 2008 2948 ἀγγα-

2101 2873 2266 2933 tollat
2300 2890 2542 2933 crucem
2575 2874 2725 2951 ejus,
2750 2873 3016 2952 quamvis
3045 2871 3194 2933 alius
3221 2861 3754 2952 evangelistadicat

352 2957 561 3036 ρεύουσι
619 2955 675 3013 δὲ
718 2979 859 3024 τινα,
904 2956 1000 3013 ’ίνα
1043 2956 1144 3039 ἄρῃ
1175 2961 1266 3015 τὸν
1297 2961 1521 3037 σταυρὸν
1550 2962 1735 3034 αὐτοῦ,
1779 2960 2008 3038 καίτοιγε

2100 2961 2255 3043 quod
2286 2951 3035 3041 hajulans5lesusicrucem
3059 2954 3557 3043 exierit.Utraque
3573 2951 3754 3030 igitur

351 3046 517 3111 ἄλλος
590 3046 975 3127 εὖαγγελιστής
1031 3070 1220 3129 φησιν,
1292 3047 1373 3105 ὅτι
1418 3049 1694 3125 βαστάζων
1724 3052 1752 3106 6
1796 3048 2007 3115 Ἰησοῦς

2095 3041 2245 3115 facta
2273 3058 2427 3112 sunt.
2464 3050 2822 3131 Aliquandiu
2855 3051 3014 3112 enim
3049 3046 3300 3130 portavit
3327 3047 3453 3125 ipse
3497 3041 3747 3131 lignum,

351 3139 444 3194 τὸν
513 3139 735 3215 σταυρὸν
787 3142 946 3196 αὑτοῦ
1000 3136 1236 3206 ἐξῆλθεν
1314 3139 1587 3219 ἀμφότερα
1647 3141 1735 3197 οὖν
1792 3138 2003 3217 γέγονε*

352 3226 516 3307 μέχρι
573 3228 672 3303 μὲν
728 3229 829 3306 γὰρ
884 3249 1050 3302 τινος,
1124 3222 1409 3299 ἓϐάσταζεν
1466 3229 1624 3292 αὖτὸς
1689 3230 1748 3285 τὸ
1834 3227 2008 3293 ξύλονο

354 3317 470 3374 ἐπεὶ
521 3315 578 3372 δί
632 3319 781 3396 εὗρον
825 3318 917 3373 τὸν
974 3319 1335 3398 βαστάσοντα,
1390 3318 1725 3398 ἠγγάρευσαν
1775 3317 2006 3394 ἐκεῖνον,

353 3409 442 3464 καὶ
499 3405 688 3463 λοιπὸν
744 3403 1062 3478 ἐϐαστάζετο
1110 3404 1200 3463 ὑπ’
1274 3410 1431 3464 αὐτου
1481 3410 1508 3464 6
1561 3408 1807 3487 σταυρός.
1860 3408 2009 3471 Τίνος

355 3495 412 3552 δὲ
493 3495 670 3553 ἕνεκεν
726 3497 875 3575 εἷπε,
951 3498 1042 3553 καὶ
1068 3497 1225 3553 τίνων
1256 3495 1459 3554 παίδων
1487 3497 1554 3565 ἧν
1584 3499 1762 3577 πατὴρ
1794 3517 1811 3571 ;
1874 3498 2011 3575 Πρὸς

355 3587 612 3643 πίστωσιν
671 3585 913 3643 πλείονα⁹
986 3588 1127 3649 εἰκὸς
1181 3587 1281 3666 γὰρ
1334 3593 1428 3663 ζῇν
1458 3589 1546 3643 τὸν
1596 3586 1868 3666 ἄνθρωπον
1910 3587 2011 3661 ἔτι,

354 3678 444 3732 καὶ
501 3674 744 3733 δύνασθαι
813 3677 880 3732 τὰ
940 3676 995 3733 ἐν
1052 3682 1129 3749 τῷ
1187 3685 1396 3754 σταυρῷ
1471 3678 1644 3733 πάντα
1717 3677 2008 3757 ἀφηγήσα-

354 3769 473 3821 σθαι
510 3765 656 3845 (88).
713 3764 879 3822 Ἀλλὰ
947 3767 1047 3845 γὰρ
1104 3767 1410 3845 φορέσωμεν
1452 3770 1541 3825 καὶ
1593 3767 1764 3844 ἡμεῖς
1818 3768 2016 3848 πορφύ-

356 3877 473 3934 ραν,
540 3858 637 3924 τὴν
680 3854 963 3932 βασιλικὴν
997 3855 1217 3926 στολήν’
1254 3857 1373 3913 οἷόν
1421 3880 1472 3914 τι
1505 3856 1671 3935 λέγω³
1713 3849 1805 3921 Ὠς
1849 3858 2010 3933 βασι-

353 3945 474 4009 λεῖς
536 3944 812 4025 ὀφείλομεν
864 3960 1198 4024 περιπατεῖν,
1270 3954 1558 4013 πατοῦντες
1609 3948 1787 4004 ἐπάνω
1838 3948 2007 4028 ὄφεων

353 4036 444 4091 καὶ
498 4036 787 4116 σκορπίων,
846 4038 930 4092 καὶ
1015 4045 1467 4115 κατακρατοῦντες
1551 4040 1650 4104 της
1720 4038 2001 4116 ἁμαρτίας’

359 4126 658 4203 λριστιανοὶ
715 4126 815 4204 γὰρ
886 4123 1174 4202 λεγόμεϐα,
1237 4127 1508 4205 τουτέστι,
1544 4126 1891 4207 κεχρισμένοι
1922 4129 2012 4183 καὶ

358 4215 524 4295 αὐτοὶ,
585 4214 764 4294 ὥσπερ
819 4216 940 4270 τότε
1017 4217 1064 4271 οἱ
1149 4214 1391 4290 βασιλεῖς
1465 4216 1716 4295 ἐλέγοντο
1773 4217 2008 4295 Χριστοί.

2093 3140 2315 3204 deinde
2348 3149 2542 3201 autem
2569 3130 2703 3202 eum
2727 3138 3095 3201 invenissent
3142 3137 3401 3218 aliquem
3421 3130 3523 3213 qui
3548 3135 3746 3218 porta-

2091 3239 2181 3294 ret
2212 3238 2537 3309 coegerunt
2570 3230 2762 3311 illum,
2794 3237 2851 3290 et
2884 3237 3086 3309 postea
3131 3216 3355 3307 gestata
3415 3229 3504 3282 est
3544 3219 3619 3279 ab
3643 3216 3745 3278 illo

2092 3339 2253 3382 crux.
2301 3318 2495 3391 Quare
2525 3327 2721 3380 autem
2748 3318 3176 3398 dixit,quorum
3208 3314 3384 3376 etiam
3424 3325 3744 3398 puerorum

2096 3418 2253 3472 esset
2273 3415 2469 3489 pater?
2499 3407 2587 3471 Ad
2608 3409 2891 3489 majorem
2925 3397 3063 3469 fidei
3088 3397 3751 3468 conﬁrmationem.Ve-

2094 3498 2346 3560 risimile
2380 3496 2540 3558 enim
2566 3504 2695 3561 erat
2726 3496 3027 3559 hominem
3060 3494 3254 3558 adhuc
3282 3491 3500 3563 vivere,
3534 3494 3593 3547 et
3616 3503 3749 3561 pos-

2097 3606 2161 3649 se
2192 3604 2478 3648 enarrare
2498 3587 2697 3648 omnia
2720 3606 2851 3667 qua)
2879 3586 2939 3647 in
2973 3603 3148 3647 cruce
3180 3583 3354 3645 facta.
3388 3582 3572 3667 Porro
3597 3576 3747 3637 fera-

2101 3695 2234 3738 mus
2261 3684 2319 3738 et
2353 3695 2461 3737 nos
2512 3666 2864 3756 purpuram,
2915 3675 3176 3753 regalem
3230 3679 3477 3739 vestem;
3522 3666 3635 3727 hoc
3661 3671 3752 3725 est

2100 3766 2256 3846 quod
2291 3766 2425 3828 dico
2459 3784 2475 3830 :
2511 3766 2674 3830 Sicut
2707 3785 2880 3845 reges
2910 3764 3220 3827 ambulare
3251 3761 3540 3823 debemus
3570 3771 3751 3853 super

2096 3864 2406 3936 serpentes
2437 3866 2494 3917 et
2515 3858 2950 3937 scorpiones,et
2978 3854 3274 3934 imperare
3299 3846 3749 3937 peccato.Gl_1ri-

2093 3933 2269 4006 stia'ni
2316 3946 2475 4006 enim
2529 3933 2814 4020 dicimur,
2848 3933 2959 4007 hoc
2990 3933 3102 4017 est,
3132 3941 3302 4004 uncti
3331 3946 3391 4001 et
3419 3934 3556 4018 ipsi,
3596 3933 3750 3993 sicut

2094 4046 2233 4098 tunc
2258 4053 2430 4116 reges
2462 4037 2815 4099 dicebantur
2844 4033 3183 4098 ChristiSit
3205 4032 3382 4112 igitur
3411 4029 3526 4087 vita
3549 4030 3747 4116 nostra

2097 4144 2211 4188 non
2248 4113 2478 4187 servilis
2510 4136 2569 4188 et
2597 4126 2924 4201 illiberalis,
2960 4126 3062 4187 sed
3094 4123 3308 4203 regalis
3329 4140 3397 4182 ac
3427 4113 3753 4179 libera.Fe-

2096 4235 2299 4277 ramus
2328 4226 2525 4277 autem
2572 4227 2631 4278 et
2681 4235 2960 4278 coronam
3009 4214 3304 4297 spineam,
3340 4212 3455 4272 hoc
3483 4213 3594 4277 est,
3620 4213 3749 4297 stu-

356 4286 553 4361 "Ec1:w
609 4306 697 4359 οὖν
753 4306 782 4360 6
866 4305 976 4380 βιος
1034 4306 1190 4377 ipsi»:
1243 4307 1317 4376 μὴ
1370 4304 1611 4370 δουλικὸς
1643 4306 1731 4361 καὶ
1756 4305 2008 4385 ἀγεννὴς,

2098 4306 2351 4367 deamus
2396 4306 2669 4367 coronari
2725 4286 3058 4386 asperitate.
3102 4312 3159 4364 et
3206 4286 3574 4361 continentia
3595 4293 3749 4365 vitae,

356 4392 498 4450 ἀλλὰ
554 4392 832 4469 βασιλικὸς
907 4395 995 4449 καὶ
1081 4395 1375 4472 ἐλεύθερος
1439 4395 1745 4475 φορέσωμεν
1802 4393 1858 4451 δὲ
1928 4398 2008 4452 καὶ

2103 4414 2220 4455 non
2254 4395 2622 4475 voluptuarie
2654 4413 2849 4475 neque
2878 4393 3155 4455 delicate.
3212 4390 3411 4452 Simus
3464 4392 3660 4447 autem
3694 4390 3754 4443 et

356 4483 635 4539 ἀκάνθινον
694 4484 972 4562 στέφανον,
1034 4482 1299 4564 τουτέστι,
1361 4480 1742 4558 σπουδάσωμεν
1817 4505 2008 4564 στεφα-

2105 4483 2335 4565 Simon,
2372 4484 2526 4563 quod
2555 4496 2648 4546 est
2678 4483 3017 4546 obedientia
3050 4501 3062 4544 τ
3098 4491 3155 4543 et
3179 4480 3455 4542 tollamus
3509 4491 3746 4535 crucem

355 4572 590 4639 νωθῆναι
649 4579 727 4646 τῷ
794 4587 995 4652 τραχεῖ
1026 4573 1123 4647 βίῳ
1173 4574 1259 4628 καὶ
1314 4573 1566 4650 ἐγκρατεῖ
1615 4575 1703 4629 καὶ
1754 4572 2008 4647 ἆνηδόνῳ,

2102 4574 2267 4653 Jesu,
2301 4592 2433 4655 quae
2462 4574 2780 4636 mortificet
2834 4572 3103 4634 membra
3151 4578 3353 4631 nostra
3402 4584 3533 4647 quae
3570 4580 3753 4642 super

358 4663 437 4738 μὴ
496 4666 575 4734 τῷ
628 4660 885 4741 τρυφηλῷ
940 4664 1027 4717 καὶ
1072 4660 1199 4733 λείῳ
1225 4663 1314 4718 καὶ
1344 4661 1603 4737 ἐνηδόνῳο
1664 4664 1937 4740 γενώμεθα
1966 4663 2008 4720 δέ

2106 4673 2327 4726 terram
2360 4672 2516 4727 sunt.

358 4752 450 4808 καὶ
482 4753 686 4833 Σίμων,
734 4751 764 4808 ὅ
796 4751 936 4808 ἐστιν
992 4752 1227 4825 ὑπακοὴ,
1262 4754 1351 4809 καὶ
1394 4751 1604 4830 ἅρωμεν
1635 4754 1726 4808 τὸν
1758 4756 1979 4833 σταυρὺν
2003 4762 2097 4813 τοῦ
2131 4755 2328 4827 Ἰησοῦ,
2393 4755 2751 4833 νεκρώσαντες
2789 4755 2847 4810 τὰ
2876 4753 3015 4828 μέλη
3049 4754 3190 4827 ἐμῶν
3222 4750 3287 4805 τὰ
3345 4748 3430 4803 ἐπὶ
3472 4751 3570 4812 τῆς
3621 4744 3744 4821 γῆς.

448 4864 477 4895 α
556 4843 651 4897 Καὶ
721 4841 963 4923 φέρουσιν
994 4843 1149 4897 αὒτὸν
1194 4839 1279 4896 ἐπὶ
1310 4840 1577 4914 Γολγοθᾶν
1606 4842 1792 4916 τόπον,
1837 4841 1866 4897 ὅ
1901 4843 2008 4899 ἐστι

2182 4842 2703 4907 Vsas.‘22-‘28.«Et
2719 4844 2943 4906 ducunt
2965 4860 3101 4904 eum
3125 4838 3183 4901 in
3215 4836 3506 4917 Golgotha
3527 4834 3747 4923 locum,

326 4922 886 5009 .μεθερμηνευόμενον
947 4938 1167 5010 Κρανίοτ
1250 4931 1438 4995 τόπος·
1496 4932 1584 4987 καὶ
1657 4929 1853 4987 ἐδίδουν
1914 4934 2008 4987 αὕ-

2098 4934 2255 5009 quod
2286 4942 2396 5008 est,
2424 4936 2472 4995 si
2503 4929 3225 5013 interpreteris,Calvariaz
3254 4927 3438 4988 locus.
3472 4923 3542 4987 Et
3562 4922 3751 4985 dede-

359 5025 439 5096 τῷ
486 5036 634 5078 πιεῖν
713 5020 1127 5100 ἐσμυρνισμὲνον
1185 5025 1355 5079 οἴνον’
1439 5022 1467 5077 6
1540 5017 1595 5076 δί
1682 5022 1775 5077 ουκ
1831 5019 2008 5082 ἔλαϐε.

2100 5030 2239 5085 runt
2270 5021 2357 5084 illi
2391 5021 2598 5085 bibere
2644 5023 3012 5103 myrrhatum
3059 5019 3284 5093 vinum,
3339 5015 3442 5078 sed
3498 5014 3597 5075 ille
3631 5031 3751 5075 non

364 5110 465 5169 Καὶ
514 5111 912 5185 σταυρώσαντες
1014 5113 1191 5182 αὑτὸν,
1271 5109 1658 5191 διαμερίζονται
1701 5111 1768 5166 τὰ
1828 5110 2008 5186 ἱμάτια

2099 5111 2377 5193 sumpsit.
2436 5115 2705 5194 Cumque
2736 5111 3169 5174 cruciﬁxissent
3203 5127 3364 5182 cum,
3393 5103 3592 5187 partiti
3616 5114 3755 5169 sunt

441 5218 677 5282 3‘Joan.
708 5234 834 5294 nx,
876 5217 970 5283 17.

1414 5336 1503 5398 Ex
1533 5333 1852 5397 collatione
1884 5336 2060 5402 codd.
2097 5337 2311 5401 Venet.
2344 5340 2408 5402 S.
2439 5339 2652 5405 Marci.

608 5462 759 5528 C011.
790 5459 869 5523 26
900 5459 1038 5543 ῢωοῄ
1058 5456 1319 5543 supplet,
1355 5458 1441 5515 καὶ
1491 5459 1613 5521 τοὺς
1669 5458 1807 5543 υἱους
1836 5460 2008 5543 τούτῳ,

2110 5459 2626 5543 fuisse__apostolis
2659 5478 2672 5519 :
2706 5455 3190 5543 quandoquidem
3222 5453 3491 5543 nonnulli
3522 5452 3754 5543 dicunt,

359 5534 713 5625 γινῶσνίεσθαι
787 5564 905 5608 τοις
1018 5534 1366 5611 ἀποστόλοις,
1440 5539 1861 5602 πεπιστευκότας
1950 5541 2008 5596 εἷ‹

2111 5558 2211 5625 eos
2242 5534 2560 5602 adhaesisse
2590 5534 2872 5620 apostolis
2909 5534 2999 5619 (α)
3036 5546 3094 5599 et
3126 5537 3186 5598 in
3217 5536 3517 5600 Christum
3550 5534 3753 5596 credi-

357 5618 611 5704 Χριστον.
668 5618 858 5698 Ἄλλὰ,
922 5644 975 5681 κ.
1030 5643 1084 5682 τ.
1142 5619 1197 5683 λ.
1262 5642 1285 5677 α
1354 5618 1614 5700 Ejusque
1647 5618 1800 5681 ﬁlios
1854 5624 2008 5682 noto:

2109 5620 2292 5684 disse.
2327 5625 2529 5696 Porro,
2571 5647 2589 5676 ι
2628 5618 2742 5683 etc.

399 5818 426 5873 ι
444 5725 1331 5889 (αέἔοτδεᾲἒαῗῖὲοᾳαὶὼω..
1348 5775 1390 5791 ..
1414 5727 1705 5807 apostolis
1722 5724 1783 5787 in
1815 5724 2022 5792 Graeco
2034 5728 2417 5812 praetermisit
2447 5729 2843 5815 typographus
2860 5730 3143 5805 Venetus,
3169 5724 3242 5790 ab
3263 5722 3747 5803 homoeoteleuto,

450 5827 510 5875 τι
616 5828 708 5889 ur,
845 5828 883 5874 ιι
918 5886 919 5889 η
994 5854 1013 5873 .

356 5826 426 5875 ιιι
450 5826 723 5907 “sese.
742 5826 1013 5905 αοιινμιεο
