4232 6414
416 329 532 396 .67!

1389 336 1492 398 ΤΗ
1503 335 1980 400 EOPHYLACTI
2027 326 2438 398 BULGARLE
2482 330 2836 398 ARCHLEP.

3689 325 3810 391 672

417 455 666 540 deserti,
703 458 804 522 ille
828 478 1134 544 nunquam
1167 479 1200 522 a
1231 463 1407 525 Patre
1423 461 1746 526 derelictus
1776 462 2045 527 fuit.Aud

2154 459 2362 516 ἐκεῖνοσ
2419 457 2472 516 δὲ
2517 461 2612 517 οὒκ
2642 458 3023 540 ἐγκατελείφθη
3067 459 3198 516 ποτέ
3240 459 3382 540 παρὰ
3424 467 3518 518 τοῦ
3573 459 3800 536 Πατρός.

417 546 574 608 enim
608 549 742 628 quid
781 549 938 610 dicat
971 570 984 609 :
1024 554 1155 612 Non
1188 570 1316 612 sum
1350 553 1535 628 solus,
1561 553 1772 636 inquit,
1809 554 1914 616 sed
1949 553 2056 615 Pa-

416 644 507 697 ter
545 656 777 698 mecum
805 647 893 699 est
943 638 1048 702 Vel
1074 641 1248 701 etiarn
1304 661 1407 722 pro
1458 642 1723 710 Hebraeis
1743 643 1909 718 dicit,
1935 653 2064 708 erat

413 724 572 786 enim
605 725 890 788 Hebraeus
915 739 974 788 et
1004 729 1129 809 ipse
1163 731 1490 794 secundum
1515 750 1779 797 carnem.
1805 734 1926 796 Cur
1941 752 2059 809 me,

410 813 519 874 hoc
549 822 660 887 est,
712 835 818 876 cur
875 815 1232 880 Hebraicum
1289 821 1569 901 populum
1625 821 1964 896 deseruisti,
2001 831 2065 890 ut

409 903 826 980 cruciﬁgerent
852 905 1068 968 Filium
1105 910 1299 970 tuum?
1338 909 1848 984 Quemadmodum
1900 911 2060 974 enim

409 993 826 1055 consuevimus
858 995 1244 1072 dicere,Deus
1274 999 1407 1060 tulit
1435 1019 1553 1071 me,
1587 1001 1700 1063 hoc
1729 1009 1818 1064 est
1857 1002 2061 1062 huma-

409 1101 539 1143 nam
572 1093 840 1145 naturam
873 1107 885 1148 :
920 1085 969 1146 si
1017 1095 1073 1148 et
1094 1088 1212 1149 hoc
1243 1088 1373 1150 loco
1392 1089 1774 1174 Dereliquisti
1803 1110 1918 1162 me,
1950 1093 2062 1154 hoc

405 1182 518 1252 est,
549 1173 638 1234 vel
674 1193 867 1236 meam
900 1176 1218 1238 humanam
1255 1186 1545 1254 naturam,
1579 1173 1668 1242 vel
1722 1201 1916 1243 meum
1945 1202 2054 1263 po-

407 1263 608 1342 pulum
635 1261 974 1326 Judaicum.
1004 1268 1278 1329 Cucurrit
1298 1287 1435 1330 vero
1460 1290 1613 1331 unus
1642 1279 1707 1332 ut
1736 1261 1967 1332 acetum
2001 1273 2053 1332 ei

405 1355 726 1432 potandum
765 1357 1116 1435 porrigeret,
1157 1379 1270 1439 quo
1305 1359 1478 1420 citius
1509 1379 1641 1421 eum
1688 1361 1834 1422 aceti
1866 1364 2054 1424 couti-

403 1451 567 1504 ceret
599 1444 1104 1508 amaritudoﬂum
1133 1457 1328 1508 autem
1361 1449 1672 1511 clamasset
1705 1449 1880 1512 Jesus
1911 1469 2056 1512 voce

406 1550 639 1610 magn-1,
679 1535 1024 1614 exspiravit,
1062 1537 1232 1616 quasi
1267 1538 1510 1599 irritans
1543 1549 1791 1600 mortem
1824 1548 1883 1600 ut
1937 1540 2052 1602 Do-

406 1621 626 1702 minus,
661 1634 717 1683 et
750 1631 1037 1702 potestate
1068 1644 1171 1686 sua
1206 1627 1491 1690 moriens.
1521 1627 1661 1700 Quae
1709 1639 1905 1689 autem
1951 1650 2054 1690 vox

2147 547 2362 607 ηΑκουε
2433 551 2532 630 γὰρ
2593 550 2769 624 αὐτοῦ,
2833 561 2882 606 τί
2925 570 3107 632 φησιν·
3145 553 3252 609 Οὔκ
3281 550 3387 626 εἰμὶ
3417 551 3605 632 μὸνος,
3640 549 3720 608 ὅτι
3773 551 3802 606 6

2146 640 2326 720 Πατὴρ
2381 639 2496 717 μετ’
2573 639 2706 718 ἐμοῦ
2755 631 2947 720 ἐστιν,
2987 639 3074 698 ’Ἦ
3106 642 3194 696 καὶ
3224 641 3352 719 ὅπερ
3395 647 3502 696 τῶν
3543 631 3799 718 Ἑϐραίων

2145 729 2299 786 τουτό
2371 750 2554 808 φησιν,
2614 730 2689 794 ὡς
2749 719 2995 808 Ἐϐραῖος
3038 730 3125 785 καὶ
3156 731 3314 792 αῦτὸς
3359 729 3419 785 τὸ
3465 729 3603 785 κατὰ
3631 729 3799 808 σάρκα

2145 817 2240 873 ὤν·
2307 819 2391 882 Εἰς
2439 817 2489 874 τί
2521 819 2638 894 ἐμὲ,
2675 818 2940 892 τουτέστι,
2987 820 3076 876 τὸν
3110 809 3387 898 Ἐϐραικὸν
3427 817 3580 893 λαὸν,
3628 818 3797 898 ἔγκα-

2145 905 2380 986 τέλιπες,
2439 907 2532 964 ’ίνα
2591 908 2930 984 σταυρώσωσι
2990 910 3084 964 τὸν
3155 910 3275 964 ι’ἱὸν
3305 909 3395 964 τὸν
3428 905 3571 984 adv;
3619 917 3798 988 Ωσπερ

2145 998 2244 1078 γὰρ
2301 998 2554 1072 εἰώθαμεν
2587 995 2783 1076 λέγειν,
2838 999 2918 1054 ὃτι
2953 990 3010 1056 Ὀ
3061 999 3190 1060 Θεὸς
3219 998 3471 1078 ἒφόρεσεν
3515 998 3634 1073 ἐμὶ,
3684 998 3798 1056 ἀντὶ

2142 1090 2258 1168 τοῦ,
2332 1088 2432 1155 τὴν
2483 1087 2814 1165 ἀνθρωπίνην
2885 1090 3061 1170 φύσιν
3137 1087 3278 1144 οὕτω
3307 1090 3396 1144 καὶ
3438 1088 3655 1145 ἐνταῦθα
3710 1092 3793 1163 τὸ,

2146 1174 2524 1256 Ἐγκατέλιπές
2581 1200 2671 1257 με,
2731 1178 2838 1234 νόει
2911 1179 3026 1235 ἀντί
3056 1186 3169 1247 τοῦ,
3202 1179 3303 1246 τὴν
3332 1177 3469 1253 ipim
3513 1179 3664 1257 φύσιν
3697 1180 3795 1247 τήν

2139 1266 2492 1346 ἀνθριυτίνην,
2569 1267 2602 1334 ἥ
2673 1269 2764 1323 τὸν
2837 1267 2965 1344 ἐμὸν
2993 1268 3122 1324 λαὸν
3177 1269 3268 1324 τὸν
3298 1265 3612 1327 Ἰουδαϊκόν.
3653 1277 3794 1348 Δρα-

2139 1358 2254 1432 μὼν
2312 1355 2364 1412 δὲ
2420 1358 2528 1431 εἷς,
2604 1358 2718 1423 ὄξος
2776 1358 3013 1430 ἐπότιζεν
3044 1358 3225 1432 αὖτὸν,
3261 1357 3351 1412 ἵνα
3400 1358 3794 1435 συντομώτερον

2142 1448 2293 1504 αὑτὸν
2351 1447 2384 1513 ἡ
2441 1444 2694 1525 δριμύτης
2762 1455 2853 1504 τοῦ
2883 1445 3029 1513 ὄξους
3060 1447 3360 1523 θανατώση.
3430 1446 3630 1525 κράξας
3677 1445 3732 1502 δὲ
3764 1450 3791 1503 ὁ

2140 1532 2344 1601 Ἰησοῦς
2403 1542 2554 1613 φωνῇ
2612 1536 2848 1614 μεγάλῃ,
2911 1537 3235 1610 ἐξέπνευσεν,
3272 1537 3430 1592 οἱονεὶ
3459 1535 3795 1615 προσκαλού-

2139 1647 2296 1700 μενος
2358 1627 2448 1681 τῖλν
2531 1626 2776 1699 θάνατον,
2830 1628 2904 1690 ὡς
2939 1628 3213 1692 Δεσπότης
3248 1627 3332 1680 καὶ
3381 1622 3498 1680 κατ’
3558 1624 3791 1691 ἐξουσίαν

402 1710 503 1772 illa
536 1711 730 1792 fuerit,
774 1717 958 1774 Lucas
1017 1715 1448 1778 manifestavit:
1489 1719 1680 1787 Pater,
1721 1737 1780 1776 in
1846 1739 2047 1782 immus

2139 1715 2510 1784 ἀποθνήσκων.
2579 1717 2665 1778 Τίς
2719 1713 2771 1770 δὲ
2803 1718 2870 1782 ἦν
2983 1717 3159 1796 φωνὴ,
3188 1713 3454 1784 ἐδήλωσεν
3501 1717 3528 1770 ὁ
3561 1721 3787 1777 Λουκᾶς⁶

402 1807 530 1860 tuas
577 1801 931 1861 commendo
990 1804 1265 1882 spiritum
1317 1825 1535 1866 meum.
1591 1805 1821 1866 Etenim
1854 1808 2047 1869 ethoc

2143 1805 2330 1883 Πάτερ,
2396 1807 2466 1869 εἰς

402 1887 758 1950 beneﬁcium
796 1890 1014 1952 Christi
1048 1902 1158 1970 est,
1196 1895 1353 1974 quod
1386 1915 1541 1955 nunc
1567 1904 1904 1956 sam-torum
1929 1899 2050 1978 Spi~

397 1979 546 2039 ritus
579 1978 636 2040 in
673 1999 880 2041 manus
915 1981 1096 2044 Patris
1127 1985 1476 2059 ascendunt,
1512 1986 1610 2065 qui
1645 1984 1781 2044 olim
1839 1987 1911 2047 ab
1955 1990 2048 2050 in-

395 2067 563 2128 ferno
619 2069 991 2141 tenebantur,
1029 2072 1220 2135 donec
1269 2075 1495 2136 veniret
1553 2076 1653 2156 qui
1716 2077 2052 2157 praedicavit

398 2157 646 2237 captivis
679 2158 1122 2224 remissionem.

477 2339 664 2399 Vicus.
701 2338 776 2398 38
809 2339 908 2400 41.
951 2365 977 2394 α
1015 2338 1081 2400 Ει
1116 2342 1307 2402 velum
1345 2344 1547 2426 templi
1595 2346 1842 2408 scissum
1874 2349 2050 2410 estin

398 2425 549 2486 duas
581 2436 830 2507 partesa
861 2447 1095 2489 summo
1129 2450 1315 2511 usque
1347 2434 1415 2494 ad
1451 2425 1657 2495 imum.
1681 2438 1822 2497 Cum
1850 2445 2044 2499 autem

396 2515 638 2578 vidisset
670 2517 943 2579 centurio
983 2519 1123 2579 260
1163 2521 1260 2600 qui
1294 2523 1519 2584 astabat
1551 2543 1618 2586 ex
1651 2526 1896 2588 adverso
1938 2528 2043 2601 illi,

391 2605 551 2686 quod
585 2607 673 2668 sic
702 2608 918 2669 emisso
969 2609 1228 2671 clamore
1281 2613 1857 2692 eXspirasset,(lixit:
1893 2619 2050 2678 Vere

391 2695 567 2756 homo
596 2697 693 2758 hic
727 2696 910 2758 Filius
944 2708 1070 2760 erat
1098 2699 1418 2762 Dei.Eraut
1446 2711 1642 2764 autem
1678 2713 1736 2765 et
1765 2705 2047 2767 mulieres

393 2803 426 2845 ε
485 2786 810 2867 longinquo
862 2797 1224 2866 spectantes.
1281 2792 1436 2852 inter
1489 2812 1639 2872 quas
1683 2803 1808 2855 erat
1865 2796 2049 2858 Maria

2540 1807 2736 1885 γεϊράς
2799 1828 2889 1861 σου
2961 1807 3285 1884 παρατίθημι
3337 1805 3397 1859 τὸ
3429 1803 3636 1878 πνεῦμᾶ
3665 1826 3788 1878 μου.

2143 1896 2236 1950 Καὶ
2287 1896 2388 1972 γὰρ
2441 1897 2527 1951 καὶ
2588 1903 2740 1951 τοῦτο
2791 1895 3136 1973 κατώρθωσεν
3193 1896 3328 1968 ἡμῖν
3389 1895 3416 1948 ὁ
3473 1893 3683 1970 Κύριος,
3730 1914 3792 1947 το

2137 1982 2211 2044 εἷς
2267 1996 2460 2062 χεῖρας
2519 1991 2612 2038 τοῦ
2671 1991 2802 2039 Θεοῦ
2846 1981 3142 2038 ἀναϐαίνειν
3172 1984 3235 2038 τα
3266 1991 3371 2036 τῶν
3419 1982 3581 2060 ἁγίων
3627 1981 3788 2036 πνεύ-

2460 2073 2470 2092 ,
2653 2075 2663 2085 .
2761 2075 2771 2094 ,
2871 2071 2931 2090 ..π
3109 2073 3118 2088 ,
3557 2072 3569 2087 ι
3631 2071 3665 2102 ,ε

2137 2093 2302 2144 ματα’
2365 2094 2549 2144 πρώην
2610 2095 2709 2150 γαρ
2763 2095 2813 2128 εν
2870 2095 2992 2144 ᾳοου
3053 2094 3262 2128 παντων
3322 2073 3368 2126 αἱ
3403 2076 3573 2150 ψυχαι
3627 2091 3788 2150 εκρα-

2140 2162 2348 2235 τοῦντο,
2409 2161 2508 2224 ἕως
2543 2164 2602 2217 οῦ
2656 2161 2812 2228 ἦλθεν
2845 2164 2872 2216 6
2904 2161 3128 2237 κηρύξας
3175 2157 3544 2239 αἰχμαλώτοις
3579 2158 3788 2238 ἄφεσιν.

2228 2271 2250 2304 α
2318 2252 2414 2308 Καὶ
2472 2253 2532 2306 τὸ
2592 2251 2974 2323 καταπέτασμα
3018 2257 3108 2308 τοῦ
3165 2257 3288 2306 ναοῦ
3319 2247 3542 2329 ἐσχίσθη
3573 2251 3645 2312 εἰς
3677 2247 3786 2325 δύο,

2138 2339 2244 2394 ἀπὸ
2303 2337 2495 2396 ἂνωθεν
2553 2339 2650 2401 ἕως
2705 2341 2872 2401 κάτει),
2936 2337 3081 2397 Ἰδὼν
3135 2337 3188 2394 δὲ
3221 2341 3248 2394 6
3280 2339 3558 2417 κεντυρίων
3589 2341 3787 2418 ὁπαρο·

2138 2430 2378 2495 έστηκὼς
2436 2428 2487 2494 ἐξ
2545 2429 2780 2493 ἐναντίας
2840 2431 2997 2486 αὐτοῦ
3045 2429 3124 2484 ὄτι
3157 2426 3487 2506 οὕτωκράξας
3538 2427 3787 2493 ἐξέπνευ-

2133 2539 2246 2590 σεν,
2307 2519 2485 2576 εἶπεν⁶
2550 2517 2792 2585 Ἀληθῶς
2817 2522 2844 2575 6
2875 2518 3144 2597 ἅνθρωπος
3178 2521 3327 2582 οὗτος
3367 2521 3480 2579 Υἱὸς
3515 2519 3579 2586 ἧν
3630 2526 3780 2580 Θεοῦ,

2132 2598 2296 2667 Ἠσαν
2355 2609 2408 2666 δὲ
2468 2619 2555 2668 καί
2614 2626 2866 2688 γυναῖκες
2925 2612 3032 2667 ἀπὸ
3065 2611 3324 2690 μακρόθεν
3367 2613 3676 2688 θεωροῦσαι,
3728 2611 3784 2667 ἐν

2133 2703 2220 2764 αἷς
2278 2700 2342 2767 ἦν
2404 2703 2572 2780 Μαρία
2631 2704 2664 2768 ἡ
2725 2699 3074 2780 Μαγδαληνὴ,
3106 2703 3194 2756 καὶ
3228 2701 3394 2775 Μαρία
3442 2703 3476 2769 ἡ
3532 2697 3783 2756 Ἰακώϐου

2132 2796 2223 2844 τοῦ
2265 2789 2476 2869 μικροῦ,
2545 2792 2630 2846 καὶ
2703 2789 2864 2858 Ἰωσῆ
2893 2791 3095 2867 μὴτ-ηρ,
3133 2790 3216 2846 καὶ
3250 2787 3510 2864 Σαλώμη.
3557 2788 3625 2845 Αἵ
3688 2792 3776 2844 καὶ

391 2874 756 2967 Magdalene,
793 2885 850 2938 et
877 2878 1063 2940 Maria
1102 2878 1307 2942 Jacobi
1355 2883 1540 2962 parvi,
1575 2891 1633 2944 et
1659 2883 1799 2946 Jose
1832 2893 2042 2967 mater,

2133 2877 2217 2934 ὅτε
2284 2877 2349 2945 ἦν
2420 2879 2474 2935 ἐν
2505 2885 2572 2957 τῇ
2604 2878 2880 2954 Γαλιλαίᾳ,
2913 2878 3232 2946 ἠκολούθουν
3274 2883 3434 2953 αὐτῷ,
3468 2880 3555 2934 καὶ
3589 2877 3780 2945 διηκόσ-

392 2972 447 3026 et
479 2963 714 3028 Salome
747 2986 760 3026 :
799 2986 930 3047 qua:
960 2970 1135 3030 etiam
1169 2989 1302 3030 cum
1352 2981 1512 3034 esset
1558 2971 1619 3033 in
1650 2974 1912 3047 Galilaza,
1945 2963 2045 3038 se;

2133 2989 2248 3024 νουν
2312 2971 2475 3043 αὒτῷ.
2540 2971 2627 3025 καὶ
2680 2966 2836 3026 ἄλλαι
2896 2967 3110 3044 πολλαὶ,
3166 2970 3217 3024 αἱ
3262 2965 3613 3025 συναναϐᾶσαι
3644 2969 3783 3074 αξτῷ

2156 3058 2168 3070 ς
2265 3049 2296 3074 ν,
2447 3057 2479 3074 ,κ
2804 3057 2856 3074 an
2950 3059 2961 3074 ι
2996 3061 3020 3074 Α
3152 3059 3165 3074 \
3432 3057 3442 3072 ο

390 3061 540 3120 cuia:
577 3054 812 3120 fuerant
859 3056 1052 3139 illum,
1087 3069 1144 3120 et
1177 3061 1657 3124 ministraverant
1689 3063 1768 3139 ei,
1799 3064 2044 3146 aliaeque

2133 3058 2200 3119 εἰς
2265 3049 2625 3137 Ἱεροσόλυμα.
2709 3084 2733 3112 ιο
2804 3057 3062 3140 Ἐσχίσθη
3117 3059 3178 3114 τὸ
3240 3057 3648 3138 καταπέτασμα,
3680 3055 3783 3125 δη-

389 3144 730 3224 complures
753 3165 884 3228 quae
906 3148 1086 3210 simul
1107 3149 1644 3214 ascenderantcum
1673 3172 1742 3215 eo
1769 3144 2048 3216 Hieroso-

388 3233 665 3313 lymam.»
703 3233 964 3298 Scissum
999 3246 1080 3300 est
1117 3239 1451 3320 velum,per
1481 3243 1592 3305 hoc
1626 3243 2044 3308 manifestante

385 3322 509 3414 ilco
539 3343 653 3403 quo
685 3327 868 3404 gratia
918 3328 1174 3406 Spiritus
1205 3351 1235 3388 e
1268 3331 1488 3409 templo
1535 3333 1746 3412 ewlet,
1782 3343 1839 3394 et
1886 3335 2040 3414 quod

388 3411 604 3474 Sancta
626 3424 964 3478 sanctorum
997 3418 1276 3479 omnibus
1324 3421 1646 3501 conspicua
1699 3411 1755 3482 et
1807 3411 2044 3484 accessa

389 3502 572 3565 ﬁent:
611 3505 763 3584 quod
801 3516 858 3566 et
893 3507 1110 3568 factum
1167 3517 1276 3580 est,
1313 3511 1598 3572 Romanis
1649 3511 1960 3589 ingressis;
1997 3517 2054 3574 el

385 3592 541 3671 quod
601 3595 798 3672 lugeat
855 3597 1028 3656 etiam
1085 3598 1370 3677 templum
1408 3616 1421 3660 :
1455 3619 1588 3660 nam
1619 3602 1772 3680 quod
1810 3602 1867 3662 in
1903 3604 2056 3664 cala‘

387 3681 904 3744 mitatibuslacere
937 3686 1132 3746 solent
1176 3686 1389 3755 Judazi,
1430 3707 1562 3748 cum
1600 3699 1790 3750 vestes
1821 3691 2049 3753 dilace-

383 3780 541 3851 rant,
578 3773 688 3833 hoc
712 3781 768 3832 et
799 3775 1084 3852 templum
1121 3779 1302 3858 quasi
1339 3779 1666 3838 animatum
1694 3792 1873 3853 esset,
1903 3781 2044 3843 fecit

384 3862 755 3940 compalieus
787 3863 1090 3924 Conditori
1122 3883 1229 3925 suo
1265 3867 1537 3944 patienti,
1574 3877 1629 3928 et
1660 3878 1856 3929 vestes
1905 3890 2042 3932 suas

384 3947 787 4029 disrumpens:
820 3953 1054 4012 «'taliud
1087 3955 1363 4033 quiddam
1396 3956 1451 4016 in
1478 3957 1590 4017 hoc
1615 3959 2037 4020 manifestatur.

386 4039 534 4100 Caro
566 4039 693 4118 ipsa
729 4041 1129 4104 velamentum
1168 4053 1255 4103 est
1291 4045 1474 4106 nostri
1509 4048 1732 4126 templi,
1768 4049 1880 4108 hoc
1926 4060 2036 4130 est,

293 4193 296 4196 η
388 4128 625 4188 mentis.
683 4131 886 4210 Itaque
915 4131 1102 4194 virtus
1132 4151 1309 4213 quam
1352 4135 1554 4196 habuit
1585 4156 1722 4197 caro
1762 4128 2042 4200 adversus

385 4217 682 4298 spiritum,
719 4221 1099 4298 passionibus
1132 4223 1349 4286 Christi
1377 4226 1661 4288 dissoluta
1695 4237 1802 4297 est,
1829 4249 1859 4287 a
1883 4249 2044 4288 sum-

389 4327 482 4366 mo
518 4327 706 4388 usque
734 4309 1035 4390 deorsum,
1073 4313 1184 4374 hoc
1217 4323 1325 4387 est,
1387 4315 1459 4375 ab
1518 4317 1700 4377 Adam
1754 4339 1938 4398 usque
1967 4320 2038 4380 ad

2127 3143 2342 3211 λοῦντος
2413 3154 2504 3203 τοῦ
2555 3154 2709 3222 θεοῦ,
2771 3146 2852 3203 ὅτι
2909 3149 2942 3214 ἡ
3003 3147 3164 3228 χάρις
3197 3153 3289 3228 τοῦ
3331 3145 3636 3221 Πνεῦματος
3672 3147 3782 3202 ἀπ-

2130 3233 2256 3302 έστη
2316 3235 2421 3292 ἀπὸ
2479 3239 2573 3292 τοῦ
2655 3244 2801 3311 ναοῦ,
2863 3241 2951 3296 καὶ
2981 3235 3066 3292 ὅτι
3138 3237 3204 3292 τὰ
3237 3226 3418 3314 ’Ἅγια
3464 3235 3568 3291 τῶν
3620 3235 3781 3314 ἁγίων

2127 3330 2257 3380 πᾶσι
2327 3326 2486 3383 θεατᾶ
2538 3327 2625 3382 καὶ
2679 3327 2882 3403 βάσιμα
2939 3327 3390 3395 καταστήσονται·
3466 3324 3494 3380 ὅ
3538 3325 3626 3380 καὶ
3683 3323 3781 3402 γέ-

2140 3434 2284 3489 γονε,
2360 3417 2465 3470 τῶν
2527 3406 2799 3491 Ῥωμαίων
2854 3413 3214 3471 εἰσελθόντων⁶
3287 3415 3376 3470 καὶ
3456 3412 3538 3469 ὅτι
3599 3417 3782 3470 πενθεῖ

2137 3505 2224 3558 καὶ
2281 3506 2309 3560 ὁ
2365 3505 2514 3568 ναός.
2586 3504 2756 3584 ’Ὅπερ
2828 3505 2926 3583 γὰρ
2956 3506 3197 3561 εἰώθασιν
3251 3501 3498 3561 Ἰουδαῖοι
3548 3503 3602 3559 ἐν
3658 3516 3780 3569 ταῖς

2137 3595 2437 3673 συμφοραῖς
2496 3611 2701 3666 ποιεῖν,
2763 3595 2852 3650 καὶ
2919 3591 3285 3672 διαῤῥηγνύναι
3343 3594 3464 3656 τοὺς
3515 3599 3777 3673 χιτῶνας,

2134 3690 2286 3738 τοῦτο
2343 3687 2428 3740 καὶ
2514 3687 2540 3740 ὸ
2599 3687 2746 3755 ναὸς,
2807 3686 2999 3740 ὡσανεὶ
3047 3684 3312 3763 ἔμψυχος,
3359 3681 3643 3747 ἐνεδείξατο
3695 3683 3780 3739 ἐπι

2124 3778 2200 3845 τῷ
2271 3775 2463 3851 κτίστῃ
2515 3775 2803 3853 πάσχοντι,
2872 3778 2930 3830 τὸ
2976 3775 3161 3832 ἑαυτοῦ
3225 3774 3433 3849 ἱμάτιον
3478 3770 3772 3850 διαρῥήξας·

2125 3866 2211 3920 καὶ
2270 3863 2400 3921 ἄλλο
2457 3864 2510 3921 δὲ
2582 3889 2630 3922 τι
2690 3865 2750 3922 ἐκ
2803 3868 2989 3923 τούτου
3047 3864 3324 3932 δηλοῦται.
3382 3856 3443 3920 ἸΙ
3477 3863 3600 3942 σὰρξ
3645 3864 3778 3930 αὕτη

2124 3954 2514 4031 καταπέτασμα
2579 3956 2690 4012 ἐστι
2764 3963 2854 4013 τοῦ
2911 3956 3164 4035 ἡμετέρου
3196 3963 3342 4035 ναοῦ,
3391 3954 3654 4028 τουτέστι,
3689 3961 3781 4009 τοῦ

2127 4045 2266 4107 νοός·
2332 4048 2362 4114 ἡ
2421 4054 2544 4123 γοῦν
2616 4046 2713 4114 τῆς
2774 4048 2962 4124 σαρκὸς
2993 4045 3234 4120 δύναμις,
3270 4045 3337 4113 ἢν
3363 4045 3492 4124 εἶχε
3523 4044 3657 4100 κατὰ
3687 4051 3779 4101 του

2133 4140 2442 4210 πνευματος,
2517 4133 2762 4214 διεῤῥέγη
2821 4135 2939 4198 τοῖς
2996 4137 3182 4192 πάθεσι
3238 4141 3329 4192 τοῦ
3377 4135 3623 4212 Χριστοῦ,
3671 4133 3778 4189 ἀπὸ

2128 4223 2321 4279 ἄνωθεν
2378 4225 2477 4288 ἕως
2550 4230 2717 4300 κάτω,
2779 4226 3068 4300 τουτέστιν,
3131 4227 3237 4282 ἀπὸ
3306 4223 3475 4300 Ἀδὰμ
3532 4224 3634 4288 ἓως
3690 4225 3779 4279 καὶ

2126 4321 2231 4369 τῶν
2289 4314 2602 4370 τελευταίων
2659 4316 2968 4394 ἀνθρώπων.
3049 4317 3146 4374 Καὶ
3175 4316 3275 4394 γὰρ
3347 4318 3373 4371 ὁ
3407 4313 3577 4390 Ἀδὰμ
3612 4314 3774 4390 ἡγία-

385 4397 737 4458 novissimos
791 4400 1094 4461 homines.
1155 4403 1388 4464 Etenim
1453 4406 1637 4467 Adam
1683 4397 2042 4468 sam-tiﬁcato

2133 4424 2247 4458 σται
2307 4418 2426 4466 τοῖς
2484 4406 2671 4461 πάθεσι
2724 4415 2813 4462 τοῦ
2871 4413 3117 4484 Χριστοῦ,
3179 4407 3265 4462 καὶ
3296 4405 3392 4461 οὒκ
3463 4404 3602 4471 ἒτιὴ
3653 4400 3777 4480 σὰρξ

384 4487 762 4566 passionibus
798 4490 1166 4567 Christi,non
1193 4493 1343 4554 ultra
1367 4515 1501 4556 caro
1540 4496 1698 4558 illius
1730 4498 2046 4558 maledicta

2133 4492 2330 4549 ἐκείνου
2386 4494 2768 4574 ἐπικαταρατος
2837 4493 3005 4574 ἔσται,
3096 4493 3212 4552 οὖδέ
3293 4499 3457 4574 φθορᾷ
3555 4493 3773 4574 ἔνοχος,

381 4575 720 4657 erit,neque
747 4581 1110 4658 corrUptioni
1145 4583 1533 4657 obnoxia,sed
1569 4587 2042 4665 incorruptibili-

2133 4581 2247 4637 ἀλλ’
2330 4585 2586 4664 ἀφθαρσίᾳ
2671 4583 2996 4660 ἓτιμὴθημεν
3093 4585 3342 4648 ἅπαντες.
3435 4582 3580 4642 Ἰδὼν
3637 4583 3691 4638 δὲ
3749 4585 3777 4638 6

382 4674 499 4726 tate
530 4667 803 4728 honorati
836 4687 1043 4730 sumus
1096 4691 1330 4736 omnes.
1366 4677 1550 4738 Porro
1602 4678 1894 4748 centurio,
1932 4677 2042 4736 hoc

2133 4675 2428 4751 κεντυρίων,
2494 4675 2786 4752 τουτέστιν,
2847 4677 2873 4730 ὁ
2930 4675 3323 4755 ἑκατόνταρχος
3384 4672 3635 4754 (κέντουμ
3677 4675 3778 4751 γὰρ

380 4764 493 4835 est,
527 4759 624 4838 qui
665 4767 933 4819 sanctum
964 4771 1234 4839 prmerat,
1265 4763 1469 4826 videns
1503 4755 1658 4846 quod
1693 4775 1808 4826 tam
1837 4775 2042 4846 poten-

2133 4762 2377 4841 λέγουσιν
2427 4766 2472 4820 οἱ
2535 4755 2792 4839 Ῥωμαῖοι
2861 4767 2923 4821 τὸ
2981 4766 3188 4838 ἑκατόν)
3232 4764 3312 4822 ὅτι
3389 4765 3527 4822 οὕτω
3578 4762 3778 4820 δεσπο-

381 4854 575 4907 tenter
601 4861 655 4907 et
692 4847 843 4910 sicut
879 4847 1164 4910 Dominus
1200 4856 1404 4915 mortis
1431 4857 1813 4936 exspirasset,
1847 4855 2040 4915 admi-

2133 4858 2286 4916 τικως
2346 4853 2668 4929 ἐξέπνευσεν,
2723 4853 2983 4930 ἐθαύμασε
3052 4857 3141 4912 καὶ
3197 4855 3576 4934 ὡμολόγησεν,
3633 4847 3778 4932 ’Ὀρα

382 4944 544 4998 ratus
576 4945 664 4997 est
693 4945 750 4997 et
783 4937 1114 4999 confessus.
1155 4939 1298 5004 Vide
1329 4952 1524 5005 autem
1571 4945 1842 5005 ordinem
1894 4964 2036 5006 con-

2133 4942 2178 4998 δὲ
2250 4944 2337 4999 καὶ
2389 4945 2486 5011 την
2539 4944 2681 5007 τάξιν
2732 4944 3198 5026 ἀντιστραφετσαν’
3262 4947 3309 5002 οἱ
3341 4942 3586 5002 Ἰουδαῖοι
3609 4947 3776 5002 θανα-

379 5043 638 5088 versum.
680 5024 868 5115 Judaei
927 5027 1315 5106 interficiunt,
1377 5035 1612 5111 gentilis
1670 5036 2034 5094 confitetur:

2133 5039 2320 5112 τοῦσιν,
2375 5035 2402 5089 ὸ
2471 5036 2673 5098 ὶθνικὸς
2702 5032 2984 5114 ὁμολογεῖ·
3025 5039 3072 5092 οἱ
3106 5036 3338 5112 μαθηταὶ
3386 5035 3690 5115 φεύγουσιν,
3726 5037 3777 5090 αἱ

3096 4493 3212 4552 οῦδὲ

3093 4585 3342 4648 ἅπαντες.

377 5114 652 5193 discipuli
705 5113 951 5193 fugiunt,
992 5119 1275 5180 mulieres
1326 5133 1586 5184 manent.
1636 5123 1815 5186 Erant
1848 5125 2031 5198 enim,

382 5202 590 5294 inquit,
739 5212 799 5294 et
829 5205 1131 5279 mulieres,
1166 5210 1323 5271 inter
1353 5232 1501 5294 quas
1555 5215 1740 5276 Maria
1791 5214 2035 5293 Magda-

382 5292 538 5366 lene,
573 5301 634 5355 et
661 5291 842 5355 Maria
885 5294 1092 5356 Jacobi
1156 5297 1236 5359 et'
1267 5291 1404 5362 Jose
1439 5313 1648 5376 mater,
1675 5303 1745 5366 Et
1775 5291 1908 5365 haac'
1930 5303 2035 5364 Dei

379 5379 641 5473 genitrix
675 5391 823 5459 erat,
849 5402 979 5464 qua:
1009 5397 1306 5465 quatenus
1357 5387 1618 5473 Josephc
1678 5393 2036 5472 desponsata

381 5469 712 5561 fuit,ma:er
743 5481 870 5561 erat
903 5483 961 5534 et
984 5476 1240 5538 filiarum
1268 5469 1694 5561 Joseph,cujus
1725 5469 1832 5546 ﬁlii
1867 5487 2036 5545 fuere

376 5559 630 5621 lacubus
661 5569 716 5621 et
743 5559 934 5626 Joses.
992 5565 1216 5628 Dicitur
1265 5559 1477 5632 horum
1534 5559 1746 5656 mater,
1781 5576 1893 5636 hoc
1921 5585 2030 5647 est,

379 5666 671 5714 noverca:
706 5650 858 5711 sicut
896 5661 954 5714 et
977 5657 1200 5738 Joseph
1231 5677 1382 5722 uxor
1411 5650 1741 5737 dicebatur,
1777 5665 1888 5727 hoc
1921 5674 2030 5744 est,

2119 5136 2368 5201 γυναῖκες
2454 5125 2868 5204 παραμένωσιν,
2953 5134 3100 5183 Ησαν
3156 5127 3278 5204 γὰρ,
3327 5126 3481 5205 φησὶ,
3542 5126 3630 5180 καὶ
3682 5146 3778 5203 γυ-

2118 5227 2326 5288 ναῖκες,
2404 5218 2458 5270 ἒν
2517 5217 2609 5280 αἶς
2662 5218 2728 5285 ἦν
2760 5221 2933 5298 Μαρία
2973 5218 3008 5284 ἡ
3046 5213 3400 5294 Μαγδαληνὴ,
3461 5215 3550 5270 καὶ
3605 5214 3775 5291 Μαρία

2118 5305 2152 5371 ἡ
2203 5301 2479 5384 Ἰακώϐου,
2547 5307 2635 5363 καὶ
2679 5306 2836 5375 ἰωσῆ
2865 5307 3068 5386 μὴτι.ρ’
3119 5306 3251 5373 αὕτη
3303 5303 3380 5380 δὲ,
3518 5305 3774 5364 Θεοτόκος

2118 5394 2206 5465 ἦν,
2264 5393 2385 5459 ἥτις
2444 5397 2559 5452 καθ’
2639 5395 2667 5452 ὅ
2744 5398 3078 5472 τεμνηστεύθη
3151 5403 3227 5470 τῷ
3310 5395 3534 5475 Ἰωσὴφ,
3595 5392 3775 5471 μὴτηρ

2119 5482 2292 5538 αὒτῶν
2366 5484 2452 5552 ἦν·
2516 5494 2609 5542 τοῦ
2664 5485 2719 5542 δὲ
2750 5487 2952 5566 Ἰωσὴφ
2983 5483 3172 5551 παῖδες
3202 5485 3365 5561 ἦσαν,
3397 5481 3646 5547 Ἰάκωϐος
3689 5492 3780 5547 καὶ

2120 5566 2339 5635 ’Ῑιυσῆςο
2394 5571 2612 5648 Λέγεται
2671 5575 2843 5631 τοίνυν
2934 5576 3115 5653 μήτηρ
3201 5574 3396 5647 αὐτῶν,
3471 5572 3588 5628 ἀντὶ
3658 5582 3775 5652 τοῦ,

2119 5660 2370 5738 μητρυιά·
2459 5661 2637 5738 ὥσπερ
2694 5667 2782 5721 καὶ
2839 5673 2929 5722 τοῦ
2973 5665 3173 5745 Ἰωσὴφ
3203 5664 3414 5743 ἐλέγετο
3447 5665 3606 5742 γυνὴ,
3667 5664 3781 5721 ἀντὶ
