4232 6400
363 283 485 410 673
1124 343 1570 409 ENARRATIO
1614 339 1696 406 IN
1743 325 2257 405 EVANGELIUM
2299 329 2558 400 MARCI.
2612 373 2681 383 —-
2730 337 2895 402 CAP.
2941 333 3070 402 XV.
3633 334 3749 402 674

361 487 476 556 τοῦ,
566 479 802 556 μνηστή,
862 468 924 535 Ἠ
975 475 1216 552 Σαλώμη
1247 471 1326 550 δὲ,
1354 473 1422 544 ἦν
1447 476 1480 542 ἡ
1515 474 1696 552 μήτηρ
1745 473 1852 530 τῶν
1883 472 1988 530 Υἱῶ

2076 486 2343 548 .sponsa.
2379 469 2614 534 Salome
2644 481 2838 536 autem
2874 483 3001 535 erat
3051 482 3238 534 mater
3269 473 3523 536 filiorum
3556 473 3749 536 Zebe-

360 565 658 630 Ζέεεδαίου.
698 570 794 627 Καὶ
847 565 1008 625 ἄλλαι
1079 563 1136 622 δὲ.
1195 562 1415 627 πολλαί.
1451 569 1568 622 Τῶν
1593 564 1693 642 γὰρ
1739 559 1990 639 ἐπισημο-

2099 557 2232 620 dzei.
2262 558 2348 620 Εί
2377 560 2520 623 aliae
2550 581 2785 644 quoque
2815 564 3043 637 multm,
3081 565 3324 625 nomina
3374 564 3533 624 enim
3584 566 3748 627 cele-

355 657 522 738 τέρων
549 659 802 734 ὀνομαστὶ
832 656 1252 734 ἐμνημόνευσεν.

2098 645 2361 709 briorum
2391 658 2613 712 tantum
2641 652 3149 717 commemoravit.

447 773 474 804 σ
538 749 634 806 Καὶ
705 745 807 815 ἤδη
839 747 997 823 ὀψίας
1041 744 1359 824 γενομένης,
1410 743 1524 800 ἐπεὶ
1581 741 1646 812 ἦν
1674 741 2010 819 Παρασκευὴ,

354 837 384 895 ὅ
453 839 566 897 ἐστι
623 835 1020 919 προσάϐϐατον,
1079 835 1240 905 ἦλθεν
1302 833 1502 912 Ἰωσὴφ
1557 833 1585 889 ὸ
1642 833 1748 888 ἀπὸ
1779 829 1990 906 Ἀριμα-

2178 824 2355 919 Vens.
2392 827 2597 893 42-47.
2637 855 2662 886 ‹‹
2699 829 2767 892 Et
2825 851 2958 894 cum
3012 833 3136 911 jam
3188 833 3444 894 venisset
3476 852 3744 914 veSpera,

350 931 499 994 θαίας
572 917 870 1008 εὐσχήμων
940 925 1248 1004 βουλευτὴς,
1324 925 1382 986 ὃς
1439 925 1526 980 καὶ
1555 922 1713 985 αὐτὸς
1744 919 1809 989 ἧν
1840 944 1990 1000 προσ-

2096 917 2375 1008 quoniam
2427 929 2552 980 erat
2577 919 2896 982 Parasceve
2923 941 3050 1002 qua:
3085 922 3363 1002 prmeedit
3394 921 3740 996 Sahbatum,

349 1006 829 1099 δεχόμενος-τὴν
907 1014 1180 1094 βασιλείαν
1225 1019 1230 1025 ’
1283 1020 1378 1070 τοῦ
1494 1015 1648 1069 Θεοῦ⁶
1737 1009 1990 1086 τολμήσαι

2097 1007 2249 1067 venit
2281 1006 2502 1089 Joseph
2524 1018 2687 1072 ortus
2712 1029 2779 1072 ex
2813 1011 3050 1073 civitate
3076 1011 3745 1085 Arimathazadionestus

349 1107 561 1175 εἰσῆλθε
620 1109 752 1186 πρὸς
817 1105 1072 1178 Πιλᾶτον,
1134 1105 1220 1161 καὶ
1294 1103 1534 1180 ᾐτήσατο
1587 1103 1648 1157 τὸ
1709 1107 1865 1175 σῶμα
1921 1107 1990 1156 τοί

2096 1100 2465 1178 senator,qui
2499 1107 2555 1160 et
2586 1101 2713 1180 ipse
2745 1110 2870 1160 erat
2901 1117 3254 1181 exspectans
3280 1120 3528 1180 regnum
3552 1103 3744 1178 i‘ei;et

349 1196 547 1266 Ἰησοῦ.
613 1188 670 1254 Ὀ
735 1196 790 1252 δὲ
853 1194 1082 1261 Πιλάτος
1128 1194 1448 1270 ἐθαύμασεν,
1524 1192 1568 1248 εἱ
1624 1187 1731 1259 ἤδη
1763 1189 1982 1258 τέθνηκε

2093 1195 2326 1266 Sumpta
2349 1188 2594 1250 audacia
2637 1189 2940 1266 ingressus
2962 1201 3052 1252 est
3081 1190 3153 1251 ad
3188 1191 3456 1263 Pilatum,
3495 1198 3552 1250 et
3579 1190 3746 1270 petiit

345 1289 437 1343 καὶ
519 1285 1018 1366 προσκαλεσάμενος
1138 1285 1231 1340 τὸν
1330 1303 1422 1339 κεν
1437 1306 1451 1336 :
1464 1281 1673 1360 )pitovz,
1791 1280 1990 1356 ἐπηρώ-

2093 1293 2311 1354 corpus
2346 1279 2509 1338 Jesu.
2551 1279 2774 1340 Pilatus
2806 1290 2999 1340 autem
3054 1279 3380 1341 admiratus
3413 1289 3501 1339 est
3531 1280 3579 1339 si
3617 1281 3741 1360 jam

344 1398 506 1444 τησεν
560 1377 740 1456 αὐτὸν,
797 1379 842 1432 εἰ
895 1374 1061 1432 παλαι
1162 1373 1413 1432 ἀπέθανε·
1500 1374 1587 1429 καὶ
1674 1372 1828 1450 γνοὺς
1906 1371 1990 1427 ἀπὶ

2095 1375 2360 1428 mortuus
2383 1366 2640 1428 esset.Et
2661 1370 2948 1430 accersito
2971 1369 3039 1429 ad
3078 1389 3144 1431 se
3175 1370 3524 1431 centurione
3554 1369 3746 1430 inten-

343 1475 440 1526 τοῦ
495 1466 866 1545 κεντυρίωνος,
939 1461 1246 1542 ἐδωρήσατο
1317 1463 1380 1518 τὸ
1465 1464 1622 1537 σῶμα
1721 1467 1796 1535 τῷ
1879 1466 1990 1517 Ἰω-

2089 1460 2312 1532 rogavit
2341 1456 2614 1529 illum,an
2640 1459 2993 1537 jamdudum
3031 1467 3294 1520 mortuus
3327 1457 3746 1521 fuisset.Etre-

343 1557 478 1636 σεῦ-ιφ.
537 1557 634 1613 Καὶ
704 1554 971 1634 ἀγοράσας
1023 1551 1236 1609 σινδόνα
1335 1553 1424 1609 καὶ
1498 1549 1738 1608 καθελὼν
1824 1551 1990 1608 αὖτὸνη

2092 1545 2329 1636 cognita
2364 1565 2432 1606 ex
2454 1547 3076 1619 centunione,donavit
3110 1567 3326 1628 corpus
3357 1547 3467 1628 ipsi
3498 1547 3743 1629 Joseph.

342 1633 580 1712 ἐνείλησε
638 1648 706 1719 τῇ
763 1633 988 1718 σινδόνι,
1047 1643 1133 1698 καὶ
1182 1640 1479 1708 κατέθηκεν
1551 1641 1708 1696 αὖτὸν
1755 1638 1807 1695 ἐν
1859 1663 1967 1706 μνη

2095 1633 2164 1694 Ει
2195 1636 2244 1694 is
2277 1643 2575 1695 mercatus
2606 1636 2946 1711 sindonem,
2973 1637 3304 1714 depositum
3340 1655 3474 1698 eum
3509 1638 3747 1699 involvit

343 1737 499 1810 μείῳ,
573 1734 600 1788 ὃ
669 1731 734 1800 ἧν
793 1729 1250 1807 λελατομημένον
1321 1730 1383 1787 ἐκ
1430 1728 1651 1809 πέτραςο
1712 1730 1799 1786 καὶ
1829 1751 1990 1818 προσ-

2090 1722 2351 1796 sindoni,
2375 1725 2763 1806 rcposuitque
2787 1725 2844 1785 in
2873 1734 3261 1787 monumento
3293 1727 3450 1806 quod
3485 1737 3613 1788 erat
3638 1747 3744 1788 ex-

341 1808 550 1881 εκύλισε
601 1821 746 1880 λίθον
799 1820 884 1878 ἐπὶ
943 1822 1043 1889 τὴν
1100 1821 1256 1899 θὺραν
1306 1829 1400 1878 τοῦ
1479 1808 1768 1895 μνημείου.
1829 1808 1891 1874 ’Β
1943 1816 1990 1873 δὲ

2087 1812 2272 1873 cisum
2304 1833 2335 1873 e
2370 1822 2532 1894 petra
2566 1832 2579 1876 :
2618 1815 2909 1876 etavolvit
2954 1815 3206 1895 Eapidem
3256 1815 3326 1876 ad
3371 1816 3585 1877 ostium
3621 1837 3742 1878 mo-

343 1913 516 1991 Μαρία
569 1912 606 1979 ⁵η
664 1909 997 1991 Μαγδαληνὴ
1055 1911 1143 1967 καὶ
1201 1910 1376 1988 Μαρία
1443 1911 1480 1978 ἡ
1513 1907 1699 1983 Ἰωσῆ,
1745 1907 1997 1988 ἐθεώρουν

342 1997 448 2060 που
504 2002 720 2058 τίθεται.
780 2023 804 2059 ι)
873 1991 929 2060 Ὀ
984 2000 1243 2079 μακάριος
1301 1998 1527 2082 Ἰωσὴφ,
1584 1997 1662 2054 Su
1722 2005 1801 2072 τῷ
1849 1997 1998 2072 νόμῳ

342 2089 624 2167 δουλεύων,
679 2091 768 2147 καὶ
823 2091 915 2146 τὸν
986 2090 1211 2169 Χριστὸν
1284 2090 1415 2145 Θεὸν
1474 2086 1706 2166 ἐπέγνω,
1769 2085 1848 2143 διὸ
1910 2088 1998 2143 καὶ

342 2180 516 2256 τολμᾷ
572 2174 779 2256 τόλμαν
849 2179 1154 2248 ἐπαινετὴν·
1219 2176 1705 2260 οὖχδὺπελογίσατο
1760 2177 1880 2257 γὰρ,
1915 2176 1996 2234 ὅτι

344 2269 604 2334 Πλούσιός
678 2272 812 2348 εἶμι,
865 2271 954 2330 καὶ
1035 2272 1375 2346 ἱκπεσοὺμαι-
1445 2275 1545 2348 τοῦ,
1596 2265 1847 2341 πλούτου,
1907 2266 1995 2324 ἐὰν

344 2361 647 2436 αἰτήσωμαι
704 2347 766 2417 τὸ
816 2362 976 2436 σῶμα
1029 2366 1134 2418 τοῦ-
1179 2358 1264 2414 ἐπὶ
1321 2347 1581 2437 τυραννίδι
1649 2354 1994 2436 κατακριθέν-

343 2471 460 2530 τος,
517 2435 605 2508 καὶ
659 2435 1085 2530 διαϐληθήσομαι
1139 2461 1261 2514 τοῖς
1323 2435 1612 2512 Ἰουδαίοις·
1663 2435 1830 2502 οὐδὲν
1867 2446 1996 2503 τού-

341 2528 454 2596 των
506 2543 630 2596 εἷπε
701 2528 821 2596 καθ’
864 2539 1074 2598 ἑαυτόν
1147 2534 1286 2596 ἀλλᾶ
1345 2536 1517 2594 πάντα
1561 2535 1776 2614 δεύτερα
1846 2535 1994 2614 ἡγη-

343 2629 592 2703 σάμενος,
651 2630 893 2706 ᾐτήσατο
960 2625 1056 2688 ἵνα
1101 2629 1247 2706 θάψῃ
1292 2628 1354 2683 τὸ
1405 2632 1488 2683 τοῦ
1544 2623 1994 2706 κατακεκριμένον.)

345 2724 523 2793 σῶμα.
601 2708 656 2778 ’0
713 2716 768 2774 δὲ
827 2716 1054 2783 Πιλάτος
1096 2709 1412 2793 ἐθαύμασεν,
1473 2716 1515 2772 εἱ
1563 2711 1670 2784 ἢδη
1716 2714 1989 2782 τέθνηκεν,

346 2806 551 2883 ἐνόμιζε
623 2809 722 2888 γὰρ
773 2811 929 2867 αὐτὸν
999 2807 1084 2865 ἐπὶ
1139 2805 1275 2864 πολὺ
1334 2804 1594 2886 ἀνθέξειν,
1669 2805 1847 2884 ὥσπερ
1904 2805 2008 2862 καῖ

342 2897 464 2962 τοὺς
525 2896 750 2974 λῃστάς,
815 2896 1169 2978 Ἐπηρώτησε
1238 2893 1292 2952 δὲ
1322 2897 1410 2952 καὶ
1453 2896 1543 2952 τὸν
1601 2895 1918 2973 κεντυρίωνα
1951 2895 1992 2950 εἰ

346 2985 509 3066 πάλαι
579 2986 826 3066 ἀπέθανε,
883 2986 1176 3060 τουτέστιν,
1239 2986 1281 3042 εἰ
1351 2987 1453 3066 πρὸ
1495 2985 1636 3065 ὥρας
1709 2982 1989 3043 ἀπέθανεν.

2081 1904 2349 1965 numenti
2383 1904 2457 1964 At
2509 1905 2688 1966 Maria
2716 1904 3054 1984 Magdalene
3088 1913 3144 1966 et
3165 1906 3349 1968 Maria
3392 1905 3532 1969 Jose
3563 1924 3741 1987 spec-

2085 1990 2284 2052 tabant
2317 1991 2417 2053 ubi
2451 2002 2794 2074 poneretur.
2835 2019 2862 2049 ››
2899 1995 3115 2055 Beatus
3150 1993 3374 2075 Joseph
3409 1994 3604 2057 adhuc
3626 1995 3741 2074 legi

2080 2080 2209 2142 261
2253 2083 2548 2158 serviens,
2605 2083 2903 2146 Christum
2953 2082 3138 2145 Deum
3192 2085 3451 2166 agnovit,
3497 2083 3634 2145 ideo
3685 2099 3744 2152 et

2082 2169 2387 2231 laudatum
2418 2171 2599 2233 audet
2653 2172 2902 2233 facinus.
2937 2171 3141 2253 Neque
3193 2172 3486 2252 cogitabat
3525 2171 3744 2234 :Dive’s

2081 2277 2237 2339 sum,
2271 2268 2330 2321 et
2360 2259 2593 2322 divitias
2643 2261 2918 2323 amittere
2960 2281 3200 2341 possum
3233 2283 3246 2324 :
3281 2263 3330 2324 si
3366 2262 3738 2344 postulavero

2079 2367 2299 2429 corpus
2329 2350 2461 2428 ejus
2494 2349 2596 2431 qui
2629 2361 2871 2433 propter
2899 2352 3269 2431 tyrannidem
3301 2347 3573 2414 an‘ect'am
3599 2357 3740 2414 cori-

2080 2439 2395 2500 demnatus
2439 2449 2548 2513 est,
2581 2439 2906 2502 accusabor
2947 2459 2982 2502 a
3031 2441 3272 2504 Iudaeis.
3306 2439 3464 2502 Nihil
3492 2441 3607 2504 tale
3633 2459 3736 2505 se-

2079 2527 2339 2610 dicebat,
2375 2529 2481 2590 sed
2513 2529 2717 2609 omnia
2745 2530 3108 2611 posthabens
3131 2538 3188 2592 et
3211 2531 3456 2593 minoris
3484 2530 3735 2608 faciens,

2080 2617 2284 2698 petivit
2308 2618 2669 2699 utsepeliret
2695 2618 3074 2680 condemnati
3106 2638 3348 2700 corpus.
3379 2619 3602 2683 Pilatus
3633 2639 3737 2683 ve-

2080 2725 2144 2768 ro
2199 2707 2522 2769 mirabatur
2565 2707 2724 2788 quod
2766 2708 2892 2787 jam
2953 2719 3220 2771 mortuus
3271 2719 3452 2771 esset.
3484 2709 3730 2773 Putabat

2077 2799 2238 2858 enim
2270 2798 2462 2878 ipsum
2494 2797 2597 2858 diu
2628 2797 2686 2858 in
2717 2815 2905 2876 agone
2937 2798 3318 2872 luctaturum,
3352 2799 3508 2860 sicut
3538 2809 3596 2861 et
3640 2801 3732 2862 la-

2079 2896 2301 2948 trones.
2359 2885 2689 2966 Interrogat
2734 2903 2931 2949 autem
2982 2897 3040 2949 et
3068 2889 3508 2964 centurionem,
3544 2889 3593 2951 si
3628 2890 3734 2952 du-

2076 2977 2217 3037 dum
2247 2981 2515 3038 mortuus
2549 2987 2732 3056 esset,
2767 2975 2900 3038 hoc.
2923 2987 3015 3039 est
3068 2988 3206 3038 ante
3238 2977 3466 3038 horam.
3502 2975 3728 3060 Joseph

347 3065 408 3134 Ὀ
461 3074 640 3134 τοίνυν
672 3065 871 3155 ’[ωσῆιρ
897 3073 1074 3133 λαϐὼν
1107 3077 1166 3132 τὸ
1199 3079 1378 3151 σῶμα,
1397 3065 1402 3066 7
1423 3075 1660 3155 ἠγόρασε
1687 3075 1783 3150 μὲν
1814 3074 1990 3130 σινδό-

2076 3066 2272 3146 itaque
2299 3073 2546 3149 accepto
2579 3083 2830 3145 corpore
2854 3075 3148 3126 mercatus
3180 3074 3271 3127 est
3299 3067 3640 3141 sindonem,
3671 3069 3733 3130 in

344 3187 428 3224 να,
494 3164 738 3224 Καθελὼν
797 3163 851 3221 δὲ
911 3167 1091 3239 αὐτὸν,
1154 3163 1390 3232 ἐνείλησε
1439 3169 1508 3240 τῇ
1566 3163 1783 3238 σινδόνι,
1818 3165 1878 3221 τὸ
1908 3163 1993 3218 τί-

343 3277 468 3329 μιον
534 3257 722 3331 τιμίως
787 3254 1134 3335 ἐνταφιάζων.
1194 3255 1450 3321 Μαθητὴς
1491 3256 1590 3334 γὰρ
1622 3255 1688 3321 ἦν
1719 3255 1805 3310 καὶ
1836 3253 1990 3315 αὐτός

340 3346 434 3399 τοῦ
500 3351 746 3423 Χριστοῦ,
817 3347 904 3402 καὶ
958 3343 1102 3408 ὅπως
1163 3343 1246 3400 δεῖ
1301 3349 1466 3420 τιμᾷν
1562 3345 1652 3400 τὸν
1715 3343 1991 3410 Δεσπότην

341 3429 516 3498 εἰδώς·
573 3436 658 3491 καὶ
735 3434 1051 3514 εὒσχγςμων,
1139 3433 1377 3490 τουτέστι
1435 3435 1652 3508 σεμνὸς,
1737 3429 1987 3506 εὐλαϐὴς,

336 3522 639 3598 ἄμεμπτος.
706 3523 1000 3590 Βουλευτὴς
1055 3522 1110 3579 δὲ
1160 3522 1365 3598 ἀξίωμά
1418 3546 1467 3579 τι
1524 3525 1615 3602 ἦν,
1673 3520 1877 3597 μᾶλλον
1936 3522 1989 3577 δὲ

336 3611 699 3691 λειτούργημα
756 3615 842 3669 καὶ
909 3615 1064 3692 βάρος
1138 3611 1439 3685 πολιτικὸν,
1528 3613 1554 3667 ὅ
1639 3615 1685 3669 οἱ
1767 3611 1987 3692 ἔχοντες

335 3703 700 3781 ἠναγκάζοντο
741 3704 806 3760 τὰ
874 3705 973 3770 τῆς
1028 3703 1221 3782 ἀγορᾶς
1305 3702 1637 3759 ἐπισκοπεϊν’
1701 3703 1790 3759 καὶ
1846 3701 1985 3759 πολ-

333 3791 458 3855 λοῖς
527 3791 783 3859 πολλάκις
840 3791 1070 3855 κίνδυνος
1127 3791 1351 3860 ἐπῆλθεν
1404 3791 1464 3849 ἐκ
1531 3793 1738 3866 τούτου,
1782 3789 1865 3848 διὰ
1894 3794 1990 3860 τὴν

333 3887 436 3949 τῆς
493 3882 688 3961 ἀγορᾶς
740 3883 1128 3961 κακοπραγίαν.
1210 3880 1575 3938 Ἀκουέτωσαν
1623 3884 1669 3938 οἱ
1721 3881 1988 3954 πλούσιοι,

331 3973 424 4029 καὶ
507 3969 784 4047 δημοσίοις
840 3970 1292 4051 ἐνασχολούμενοι
1350 3972 1682 4050 πράγμασιν,
1737 3969 1884 4034 ὅπως
1915 3979 1990 4047 τῷ

335 4062 536 4140 Ἰωσὴφ
592 4059 739 4116 οὖδὲν
787 4059 1058 4117 ἐνεπόδισε
1106 4062 1237 4139 πρὸς
1301 4061 1494 4140 ἀρετὴν
1537 4063 1598 4117 τὸ
1655 4059 1991 4136 βουλευτικὸν

332 4149 563 4226 ἀξίωμα,
618 4149 816 4230 Ἰωσὴφ
869 4147 923 4206 δὲ
1019 4151 1387 4230 ἑρμηνεύεται,
1477 4150 1776 4230 πρόσθεσις·
1839 4149 1993 4230 Ἀρι-

333 4243 562 4314 μαθαῒος
617 4237 697 4313 δὲ,
758 4238 927 4319 αἴρων
987 4239 1188 4302 ἐκεῖνο,
1252 4239 1464 4295 Γένοιτο
1519 4245 1608 4295 οὖν
1691 4240 1780 4295 καὶ
1852 4241 1996 4312 ἡμᾶς

329 4329 471 4385 κατᾶ
521 4330 612 4386 τὸν
688 4328 890 4409 Ἰωσὴφ
964 4328 1242 4409 γενέσθαι,
1312 4327 1394 4384 ἀεί
1469 4330 1842 4407 προστιθεντας
1918 4333 1995 4401 τῷ

2075 3176 2188 3235 qua
2219 3155 2554 3234 depositum
2588 3154 2830 3215 involvit
2865 3175 2877 3216 :
2914 3163 2971 3215 et
3002 3155 3158 3236 quod
3201 3155 3428 3217 honore
3456 3156 3725 3236 dignum,

2075 3265 2210 3306 Ctlm
2246 3245 2472 3305 honore
2505 3244 2794 3323 sepelivit.
2829 3245 2964 3305 Erat
2998 3245 3157 3305 enim
3205 3253 3262 3306 et
3304 3246 3428 3325 ipse
3461 3247 3727 3326 discipu-

2076 3335 2165 3394 lus
2187 3335 2552 3406 Jcsu,sciens
2573 3333 2812 3411 dignum
2843 3337 3068 3395 honore
3093 3333 3501 3408 Dominum;et
3520 3337 3733 3398 hones-

2079 3429 2190 3499 lus,
2228 3423 2338 3484 hoc
2371 3422 3222 3502 est,pius,irreprehensibilis;
3245 3431 3485 3484 senator
3504 3435 3726 3496 autem,

2075 3532 2204 3592 qua:
2235 3513 2486 3590 dignitas
2511 3511 2778 3591 quaedam
2815 3521 2942 3572 erat
2971 3511 3051 3572 vel
3090 3512 3283 3591 potius
3329 3513 3724 3574 ininistcrimn

2075 3617 2129 3662 et
2164 3623 2312 3660 unus
2343 3601 2515 3662 civile
2543 3620 2647 3680 per
2701 3601 2855 3681 quod
2910 3601 3270 3678 cogebantur
3301 3601 3614 3663 intendere
3640 3603 3729 3669 his

2072 3714 2202 3774 qua:
2235 3694 2339 3752 t‘ori
2375 3702 2565 3772 erant,
2596 3702 2652 3754 ct
2685 3693 2867 3753 multa
2898 3711 3055 3771 saepe
3081 3692 3220 3753 inde
3253 3692 3726 3774 oriebanturpe-

2077 3783 2266 3844 ricula
2307 3795 2551 3863 propter
2588 3782 2701 3842 fori
2753 3783 3060 3846 malitiam.
3109 3783 3369 3844 Audiant
3416 3784 3645 3859 divites,
3673 3792 3729 3845 et

2079 3871 2328 3953 publicis
2367 3871 2716 3932 muneribus
2760 3872 3093 3954 fungentes,
3126 3873 3425 3953 quomodo
3467 3872 3727 3954 Joscpho

2077 3961 2223 4023 nihil
2263 3961 2510 4021 obsistat
2543 3962 2612 4021 ad
2655 3961 2928 4022 virtutem
2968 3964 3261 4024 senatoria
3311 3963 3585 4041 dignitas.
3618 3963 3724 4025 Jo-

2075 4052 2223 4132 seph
2263 4051 2640 4130 interpretari
2678 4071 2992 4131 possumus
3022 4061 3404 4130 augmentum
3434 4070 3452 4113 :
3487 4054 3726 4114 Arima—

2078 4142 2264 4201 thccus
2283 4159 2446 4220 vero,
2485 4139 2698 4201 tollens
2727 4142 2860 4200 hoc.
2899 4142 3196 4204 Concedat
3225 4150 3417 4202 ant-nt
3451 4141 3634 4223 Deus,
3667 4154 3729 4204 ut

2077 4223 2253 4291 etiam
2285 4247 2393 4290 nos
2426 4230 2816 4309 sicutJoseph
2848 4230 2946 4291 ille
2973 4232 3184 4291 ﬁamus
3207 4249 3447 4308 semper
3475 4232 3727 4312 aucti,et

2075 4319 2429 4399 adjicientes
2467 4318 2526 4378 in
2570 4337 2743 4379 cursu
2798 4319 3056 4400 virtutis,
3088 4337 3156 4380 ac
3190 4320 3466 4380 tollentes
3497 4321 3630 4394 hoc,
3665 4322 3723 4382 id

331 4416 513 4495 δρόμῳ
579 4423 679 4487 τῆς
736 4408 958 4499 ἇριτῆς,
1017 4419 1105 4476 καὶ
1159 4417 1411 4491 αἴροντας
1466 4415 1667 4493 ἐκεῖνο,
1723 4415 1989 4491 τουτέστι,

2077 4415 2188 4479 est,
2239 4408 2297 4468 id
2333 4408 2492 4487 quod
2555 4417 2644 4470 est
2699 4426 2834 4470 vere
2887 4409 3109 4470 bonum
3146 4427 3158 4470 :
3195 4409 3555 4489 accipiamus
3587 4429 3724 4472 vero

331 4507 406 4563 τὸ
467 4503 631 4570 ὅντως
682 4506 899 4587 ἀγαθόν’
931 4505 1119 4566 λαϐεῖν
1176 4504 1231 4562 δὲ
1271 4507 1450 4564 καὶτὸ
1483 4513 1638 4582 σῶμα
1665 4513 1758 4564 τοῦ
1807 4505 1984 4574 Ἰησοῦ

331 4595 419 4653 διὰ
478 4592 579 4664 τῆς
635 4597 940 4678 κοινωδίας,
975 4598 1062 4654 καὶ
1095 4593 1413 4654 καταθέσθαι
1457 4604 1612 4654 τοῦτο
1653 4595 1707 4653 ἐν
1737 4597 1986 4673 μνημείῳ

334 4684 772 4762 λελατομημένῳ,
821 4686 896 4744 Ex:
951 4687 1175 4767 πέτρας,
1231 4685 1527 4760 τουτέστιν,
1590 4685 1645 4742 ἐν
1675 4691 1986 4767 μνημονικῇ

333 4781 500 4856 ψυχῇ,
548 4779 637 4835 καὶ
689 4778 770 4854 μὴ
841 4763 1294 4852 ἐπιλανθάνομένῃ
1366 4784 1458 4834 τοῦ
1517 4782 1672 4839 θεοῦ.
1705 4763 1899 4834 ’Ἐστω
1929 4773 1984 4831 δὲ

333 4866 512 4935 ἐκείνη
567 4869 602 4936 ἡ
660 4866 839 4948 ψυχὴ,
891 4865 952 4924 ἐκ
992 4861 1656 4945 πέτραςλελατομημένη,
1687 4865 1984 4946 τσυτέστιν,

335 4957 442 5012 ἀπὸ
515 4961 764 5036 Χριστοῦ,
825 4955 881 5022 ὅς
923 4955 1064 5012 ἐστιν
1122 4956 1158 5023 ἡ
1213 4953 1377 5034 πέτρα
1431 4952 1632 5034 ἔχουσα
1661 4955 1758 5023 τὴν
1787 4956 1984 5013 σύστα-

335 5063 440 5103 σιν⁸
482 5035 756 5114 ἒνειλῆσαι
811 5043 868 5102 δὲ
918 5047 1048 5102 αὐτὸ
1103 5043 1157 5100 ἐν
1213 5035 1408 5101 σινδόνι
1437 5043 1729 5116 τουτέστιν,
1761 5047 1817 5102 iv
1873 5044 1988 5101 σώ-

335 5159 488 5213 ματι.
520 5139 735 5216 καθαρῷ
790 5133 1029 5200 δέξασθαι
1100 5132 1249 5190 αὐτό·
1313 5130 1502 5190 σινδὼν
1532 5133 1632 5213 γὰρ
1660 5138 1760 5201 τῆς
1799 5137 1984 5214 ψυχῆς

333 5227 422 5282 καὶ
481 5228 602 5281 οἷον
657 5225 892 5301 ἱμάτιον,
943 5225 1006 5280 τὸ
1064 5230 1249 5298 σῶμα,
1320 5231 1414 5279 Δεῖ
1461 5217 1550 5279 οὖν
1608 5221 1686 5297 μὴ
1729 5222 1889 5298 μόνον
1932 5226 1987 5277 ἓν

335 5320 492 5396 ψυχῇ
561 5317 765 5394 καθαρᾷ
821 5310 1068 5393 δέχεσθαι
1126 5314 1188 5368 τὸ
1244 5315 1391 5369 θετον
1443 5311 1598 5387 σῶμα
1629 5318 1723 5368 τοῦ
1777 5312 1984 5389 Κυρίου,

332 5403 478 5461 ἀλλὰ
539 5404 630 5462 καὶ
688 5403 744 5460 ἐν
812 5403 1022 5478 σώματι
1097 5403 1340 5474 τοιούτῳ⁶
1415 5397 1642 5457 ἐνειλετν
1697 5398 1752 5458 δὲ
1808 5403 1986 5480 τοῦτο,

332 5494 597 5568 τουτέστι,
685 5490 989 5572 συστρέφειν
1084 5491 1172 5547 καὶ
1251 5487 1577 5566 συστέλλειν,
1680 5488 1818 5546 ἀλλὰ
1911 5490 1989 5566 μὴ

337 5582 617 5651 ἐξαπλοῦν·
675 5583 739 5638 τὸ
824 5582 924 5660 γὰρ
1006 5580 1296 5657 μυστήριον
1373 5577 1795 5656 συνεσταλμένον
1881 5579 1988 5636 ἐστὶ

332 5676 418 5732 καὶ
451 5673 786 5754 ἀπόκρυφον,
820 5673 908 5729 καὶ
936 5672 1032 5729 οὒκ
1059 5667 1462 5746 ὶξηπλωμένον.

2073 4515 2285 4578 corpus
2313 4495 2453 4558 Jesu
2481 4515 2586 4577 per
2607 4498 3120 4575 communionem,
3158 4507 3215 4560 et
3258 4498 3620 4560 collocemus
3663 4500 3724 4563 in

2070 4594 2458 4649 monumento
2489 4586 2688 4647 exciso
2709 4605 2778 4647 ex
2812 4595 3000 4668 petra,
3025 4589 3137 4648 hoc
3159 4588 3337 4664 est,in
3369 4586 3567 4648 anima
3592 4608 3722 4650 me-

2073 4677 2248 4758 mori,
2281 4693 2414 4758 quae
2443 4675 2633 4738 Deum
2668 4694 2783 4737 non
2813 4676 3214 4740 obliviscatur.
3247 4675 3332 4738 Sit
3353 4685 3549 4738 autem
3585 4678 3720 4738 ani—

2074 4786 2170 4828 ma
2192 4755 2390 4829 illa'ex
2423 4773 2590 4846 petra
2624 4766 2840 4840 excisa,
2874 4765 2985 4827 hoc
3015 4774 3125 4842 est,
3161 4765 3465 4840 aChristo,
3491 4767 3592 4847 qui
3637 4775 3727 4828 est

2074 4865 2241 4938 petra
2263 4857 2324 4916 in
2346 4873 2462 4935 qua
2488 4854 2815 4916 consistere
2841 4854 3190 4936 poterimus.
3226 4856 3556 4918 Iuvolvatur
3585 4874 3720 4916 vero

2071 4948 2131 5006 in
2158 4946 2430 5009 sindone.
2470 4942 2581 5009 hoc
2615 4947 2796 5022 est,in
2819 4967 3070 5030 corpore
3101 4949 3322 5009 mundo
3346 4949 3722 5030 suscipiatur.

2073 5035 2216 5098 Nam
2249 5036 2460 5098 Sindon
2492 5037 2707 5098 animae
2739 5046 2827 5100 est
2857 5056 3072 5118 corpus
3098 5039 3265 5118 quasi
3298 5039 3499 5099 vestis.
3526 5040 3726 5120 Opor-

2074 5127 2363 5209 tetigitur
2412 5145 2529 5188 non
2564 5128 2754 5188 solum
2784 5129 2845 5189 in
2877 5129 3074 5189 anima
3117 5147 3265 5209 pura
3293 5131 3598 5210 suscipere
3627 5131 3724 5190 di-

2072 5217 2271 5277 vinum
2304 5235 2522 5296 corpus
2542 5216 2805 5293 Domini,
2841 5217 2942 5280 sed
2995 5219 3052 5278 in
3112 5236 3364 5298 corpore
3417 5237 3583 5298 puro.
3618 5218 3723 5281 In-

2073 5305 2424 5368 volvendum
2456 5314 2655 5368 autem
2693 5315 2782 5368 est
2836 5307 2974 5386 hoc,
3000 5306 3058 5367 id
3105 5316 3215 5380 est,
3250 5309 3723 5370 contrahendum

2074 5405 2133 5457 et
2179 5396 2606 5458 continendum
2635 5405 2692 5458 et
2724 5415 2841 5458 non
2875 5396 3338 5478 explanandum.
3380 5399 3722 5480 Mysterium

2074 5487 2234 5549 enim
2262 5487 2320 5547 in
2355 5494 2656 5549 contracto
2689 5495 2778 5548 est
2809 5494 2867 5550 et
2916 5485 3238 5563 occultum,
3273 5496 3331 5549 et
3381 5507 3497 5550 non
3541 5489 3728 5552 cuivis

2074 5575 2493 5658 aperiendum.
