4232 6424
413 297 532 369 675

1014 424 1261 490 CAPUT
1306 424 1457 488 XVI.

429 529 515 591 De
545 524 979 589 resurrectione
1008 521 1258 584 Christi.
1291 521 1514 596 Quibus
1528 526 1659 597 post
1679 522 2068 582 resurrectio-

501 626 635 669 nem
690 607 980 667 Dominus
1035 607 1344 681 apparuit.
1418 599 1726 676 Quomodo
1786 601 2074 680 apostolis

498 686 827 765 Evangelii
853 684 1349 763 praedicationem
1379 682 1785 743 demandauit.

498 780 679 843 Vens.
741 781 865 841 1-8.
930 803 956 831 α
993 777 1063 838 Et
1110 796 1243 838 cum
1306 776 1673 856 praeterisset
1717 773 2065 837 Sabbatuni.

415 871 598 936 Maria
619 869 961 948 Magdalene
994 873 1054 929 et
1102 866 1283 928 Maria
1312 865 1516 927 Jacobi
1549 873 1608 924 et
1630 864 1870 926 Salome
1897 882 2067 926 eme-

411 972 551 1026 runt
579 970 842 1024 aromata
875 958 1221 1019 utvenirent
1248 966 1304 1018 et
1331 967 1626 1031 ungerent
1650 955 1889 1017 eum.Et
1908 974 2037 1015 sum

415 1073 512 1115 mo
544 1051 802 1112 diluculo
822 1050 942 1110 diei
970 1048 1143 1129 primi
1166 1047 1560 1107 Sabbatorum
1584 1047 1828 1108 veniunt
1847 1049 1919 1106 ad
1953 1064 2073 1105 mo-

418 1153 769 1208 numentum
806 1150 1007 1203 exorto
1050 1140 1195 1203 sole.
1234 1138 1629 1219 dicebantque
1691 1138 1844 1199 inter
1882 1157 2014 1199 sese
2051 1158 2063 1200 :

415 1234 556 1309 Quis
580 1234 839 1297 revulvet
871 1230 1041 1292 nobis
1076 1228 1330 1309 lapidem
1366 1228 1436 1289 ab
1465 1229 1611 1288 ostio
1645 1228 2068 1309 monumenti?

414 1308 642 1390 Etcum
671 1322 1095 1404 respexissent,
1132 1319 1329 1379 vident
1355 1318 1611 1399 lapidem
1664 1338 1795 1379 esse
1829 1308 2066 1379 revolu-

414 1427 565 1490 tum,
597 1415 735 1474 269
776 1432 907 1474 nam
955 1421 1077 1472 erat
1116 1429 1357 1487 magnus
1391 1408 1660 1469 valdeEt
1692 1409 1977 1486 ingressae
2006 1408 2066 1468 in

415 1513 891 1575 monumentum,
933 1499 1668 1561 \ideruntadulescentem
1704 1497 2067 1558 scdentema

418 1595 639 1657 dextris
669 1593 949 1654 amictum
984 1589 1130 1649 stola
1162 1588 1437 1667 candida,
1472 1595 1531 1647 et
1573 1595 1956 1666 expaverunt.
1992 1588 2068 1646 At

415 1686 513 1745 ille
541 1684 685 1744 dicit
710 1682 799 1743 eis
826 1701 838 1741 :
873 1679 958 1741 Ne
986 1677 1388 1758 expavescatis
1441 1675 1642 1739 Jesum
1669 1674 1932 1755 quaeritis
1952 1674 2066 1735 Na-

414 1791 715 1845 zarenum,
766 1770 867 1850 qui
922 1768 1027 1828 fuit
1066 1767 1418 1828 cruciﬁxus?
1463 1765 1759 1846 Surrexit,
1812 1784 1929 1826 non
1976 1773 2127 1859 estB

414 1863 528 1924 hic.
583 1862 735 1923 Ecce
799 1863 961 1921 locus
1019 1856 1117 1918 ubi
1162 1865 1480 1937 posuerant
1506 1855 1695 1916 illum.
1731 1854 1846 1916 Sed
1880 1854 2061 1927 abite,

411 1953 590 2014 dicite
621 1950 929 2031 discipulis
960 1948 1090 2027 ejus
1122 1957 1178 2008 et
1209 1946 1407 2021 Petro,
1444 1945 1600 2026 quod
1652 1944 1752 2005 ille
1784 1944 2069 2021 prazcedit

411 2062 512 2103 vos
543 2043 601 2103 in
636 2041 958 2105 Galilaeam.
997 2036 1119 2098 [llic
1147 2055 1282 2097 eum
1312 2034 1765 2109 videbitis,sicut
1795 2033 1941 2095 dixit
1961 2053 2064 2094 vo-

412 2132 523 2194 bis.
574 2129 642 2191 Et
672 2131 958 2191 abeuntes
988 2127 1264 2206 fugerunt
1294 2142 1324 2185 a
1350 2132 1772 2187 monumento:
1807 2121 2067 2185 habebat

411 2221 569 2282 enim
600 2219 731 2279 illas
763 2228 986 2278 tremor
1016 2223 1073 2276 et
1098 2225 1328 2294 stupor;
1362 2231 1556 2293 neque
1588 2212 1862 2291 cuiquam
1896 2210 2067 2272 dice-

410 2308 869 2390 bant,timebant
894 2302 1282 2367 enimaNibil
1306 2300 2065 2382 magnum,nequedignum

411 2399 632 2460 deitate
654 2399 789 2460 .Iesu
806 2395 1106 2477 sapientes
1123 2392 1409 2455 mulieres
1432 2391 1549 2453 illae
1578 2391 1845 2453 assident
1870 2390 2065 2471 sepul-

411 2496 605 2569 cro,et
632 2496 937 2563 unguenta
972 2490 1199 2557 emunt,
1227 2491 1292 2542 ut
1321 2480 1651 2542 secundum
1678 2480 2065 2540 consuetudi-

410 2597 546 2640 nem
572 2578 912 2640 Judaiorum
937 2580 1161 2649 ungant
1178 2579 1493 2652 corpus,ut
1514 2570 1780 2647 fragrans
1804 2578 2062 2645 maneat,

413 2681 563 2732 etne
596 2665 735 2747 quid
769 2664 1037 2725 fcetidum
1090 2680 1159 2723 ex
1217 2660 1599 2740 corruptione
1639 2660 1881 2732 oriatur,
1917 2666 1975 2719 et
2007 2668 2069 2720 ut

411 2765 737 2838 unguenta,
775 2762 832 2815 et
862 2753 976 2813 alia
1007 2769 1136 2832 quae
1184 2751 1456 2811 virtutem
1505 2748 1767 2809 siccandi
1824 2748 2063 2823 habent,

410 2850 842 2924 bumoremque
874 2841 1144 2921 corporis
1174 2839 1522 2918 absorbent,
1548 2838 1956 2917 incorruptum
1992 2838 2063 2897 il-

416 2940 511 3002 lud
537 2943 793 2999 servent.
849 2933 917 2993 Et
948 2930 1084 2991 talia
1117 2929 1355 3009 quidem
1390 2926 1728 2988 sentiebant
1759 2926 2061 2987 mulieres.

409 3029 479 3091 Et
495 3026 665 3088 valde
707 3041 837 3083 man
848 3021 957 3088 e,id
976 3021 1279 3081 Mattbaeus
1295 3035 1599 3098 vesperam
1619 3015 2063 3083 Sabbatorum‘,

408 3128 467 3179 et
486 3118 672 3178 Lucas
698 3111 1049 3193 profundum
1069 3108 1393 3170 diluculum
1419 3108 1594 3167 dicit5
1619 3104 1838 3168 5Unius
1861 3117 2061 3168 autem

1382 291 1981 358 THEOPHYLACTI
2020 293 2433 357 BULGARIz’E
2476 294 2836 360 ARCHIEP.

3689 298 3812 366 676

2761 438 3012 491 suam.
3059 432 3192 507 ις’.

2364 520 2461 589 τῆς
2545 531 2637 582 τοῦ
2719 524 2943 597 Χριστοῦ
3025 525 3389 588 ἀναστάσεως.

2236 601 2336 685 τὴν
2392 602 2600 680 ἔγερσιν
2684 605 2711 659 ὀ
2775 606 2959 683 Κύριος
3019 604 3190 685 ὤφθη.
3255 606 3375 671 Πῶς
3458 621 3578 673 τοῖς
3666 601 3809 668 ἆπο-

2236 681 2447 747 στόλοις
2498 686 2597 749 τὴν
2667 691 2761 740 τοῦ
2851 681 3176 765 Εὖαγγελίου
3257 686 3471 766 κήρυξιν
3551 687 3804 757 διέταξεν.

2243 797 2300 864 ιΔ
2335 776 2432 864 Kal
2488 774 2859 854 διαγενομένου
2942 789 3034 838 τοῦ
3126 777 3424 859 Σαϐϐάτιιυ,
3528 784 3698 864 Μαρία
3772 787 3808 854 ἡ

2158 861 2513 945 Μαγδαληνὴ,
2554 867 2641 922 καί
2695 866 2867 946 Μαρία
2925 869 2960 936 ἡ
3026 876 3116 925 τοῦ
3149 867 3399 926 Ἰακώϐου
3424 873 3514 928 καί
3540 861 3805 951 Σαλώμη,

2153 952 2422 1032 ἠγόρασαν
2478 955 2767 1035 ἀρώματα,
2818 955 2912 1012 ’ίνα
2979 957 3225 1015 ἒλθοῦσαι
3258 958 3550 1037 ἀλείψωσιν
3624 964 3805 1026 αὐτόν.

2155 1040 2258 1102 Καὶ
2307 1042 2421 1100 λίαν
2481 1048 2624 1124 πρωί
2674 1050 2773 1113 τῆς
2838 1053 2963 1122 μιᾶς
3021 1046 3309 1106 Σαϐϐάτων
3353 1050 3604 1132 ἔρχονται
3631 1052 3716 1110 ἐπὶ
3744 1057 3807 1110 τὸ

2158 1149 2427 1209 μνημεῖον
2483 1133 2853 1199 ἀνατείλαντος
2922 1146 3015 1196 τοῦ
3069 1137 3245 1219 ἡλίου,
3302 1143 3393 1197 καὶ
3431 1140 3617 1221 ἔλεγον
3673 1145 3807 1223 πρὸς

2152 1223 2362 1287 ἑαυτάς⁹
2419 1224 2506 1289 Τίς
2560 1223 2866 1281 ἀποκυλίσει
2921 1229 3057 1301 ἡμῖν
3110 1229 3203 1283 τὸν
3258 1227 3401 1285 λίθον
3422 1229 3483 1285 ἐκ
3510 1236 3611 1299 τῆς
3652 1234 3807 1312 θύρας

2151 1318 2244 1369 τοῦ
2298 1314 2559 1387 μνημείου
2609 1334 2624 1389 ;
2720 1314 2823 1375 Καὶ
2913 1314 3305 1397 ἀναϐλέψασαι,
3361 1322 3645 1397 θεωροῦσιν
3726 1322 3806 1377 ὅτι

2152 1400 2564 1458 ἀποκεκύλισται
2615 1405 2643 1459 6
2694 1401 2856 1467 λίθος⁶
2916 1406 2984 1471 ἦν
3040 1406 3139 1485 γὰρ
3196 1410 3372 1486 μέγας
3425 1407 3645 1489 σφόδρα⁶
3718 1412 3807 1467 καὶ

2152 1489 2474 1547 εἰσελθοῦσαι
2545 1493 2619 1558 εἷς
2675 1501 2735 1548 τό
2794 1506 3089 1569 μνημεῖον,
3164 1494 3311 1552 εἶδον
3369 1498 3641 1554 νεανίσκον
3671 1503 3806 1556 καθ-

2158 520 2286 605 Περξ
2364 520 2461 605 τῇς
2545 531 2637 582 τοῦ
2719 524 2943 597 Χριστοῦ
3025 525 3389 588 ἀναστάσεως.
3476 528 3589 586 Τίσι
3675 531 3810 605 μετὰ

2150 1580 2348 1654 ήμενον
2381 1580 2433 1637 ἐν
2478 1594 2593 1644 τοῖς
2623 1580 2840 1655 δεξιοῖς,
2870 1581 3323 1661 περιϐεϐλημένον
3352 1585 3549 1654 στολὴν
3578 1586 3804 1664 λευκὴν,

2148 1672 2236 1725 καὶ
2284 1667 2734 1746 ἐξεθαμϐήθησαν,
2809 1664 2865 1729 ²Ο
2896 1670 2950 1727 δὶ
2981 1671 3125 1751 λέγει
3178 1678 3391 1738 αὗταϊς·
3456 1678 3544 1744 Μὴ
3598 1679 3806 1753 ἔκθαμ-

2148 1755 2351 1815 ϐεϊσθεο
2416 1761 2619 1828 Ἰησοῦν
2678 1770 2892 1833 ζητεῖτε
2958 1764 3049 1819 τὸν
3106 1766 3414 1843 Ναζαρηνὸν
3469 1766 3560 1822 τὸν
3614 1769 3808 1826 ἓσταυ-

2150 1848 2386 1924 ρωμένον
2419 1865 2436 1924 ;
2494 1849 2751 1930 Ἠγέρθη,
2799 1850 2894 1909 οὔκ
2937 1851 3079 1908 ἔστιν
3104 1850 3228 1915 ὧδε.
3266 1851 3381 1911 ’Ὶδε
3412 1856 3439 1910 ὀ
3465 1856 3628 1919 τόπος
3676 1855 3807 1913 ὅπου

2150 1937 2343 2005 ἔθηκαν
2415 1939 2594 2003 αὐτόν,
2659 1938 2809 1997 Ἀλλ’
2858 1942 3111 2020 ὑπάγετε,
3167 1942 3357 2000 εἴπατε
3387 1957 3503 2009 τοῖς
3535 1948 3807 2021 μαθηταῖς

2149 2030 2308 2085 αὐτοῦ
2372 2030 2460 2085 καὶ
2513 2034 2590 2102 τῷ
2648 2030 2855 2111 Πέτρῳ,
2912 2029 2993 2086 ὅτι
3079 2032 3305 2111 Προάγει
3382 2034 3518 2108 ὑμᾶς
3576 2035 3649 2097 εἷς
3706 2037 3804 2102 τὴν

2150 2115 2462 2173 Γαλιλαίαν·
2527 2117 2644 2176 ἐκεῖ
2712 2121 2869 2178 αὐτὸν
2937 2118 3152 2196 ὄψεσθε,
3208 2122 3384 2186 καθὼς
3437 2123 3593 2180 εἶπεν
3649 2126 3801 2201 ὑμῖν.

2151 2204 2253 2267 Καὶ
2314 2205 2633 2283 ἐξελθοῦσαι,
2721 2209 2913 2290 ἔφυγον
2969 2212 3073 2266 ἀπὸ
3143 2217 3236 2267 τοῦ
3312 2214 3593 2287 μνημείου·
3675 2215 3804 2294 εἶχε

2150 2295 2205 2351 δὲ
2261 2295 2418 2360 αὐτὸς
2474 2298 2671 2375 τρόμος
2725 2300 2815 2355 καὶ
2892 2298 3160 2364 ἔκστασις·
3222 2302 3311 2357 καὶ
3410 2300 3574 2358 οὐδενὶ
3659 2301 3803 2362 οὐδὲν

2150 2384 2331 2440 εἷπον·
2390 2384 2681 2465 ἐφοϐοῦντο
2753 2388 2874 2467 γάρ.
2931 2410 2956 2443 n
3020 2386 3180 2446 Οὐδὲν
3251 2388 3391 2469 μέγα
3460 2389 3575 2448 οῦδὲ
3663 2391 3806 2458 ἄξιον

2148 2477 2247 2540 τῆς
2300 2481 2393 2531 τοῦ
2456 2474 2635 2543 Ἰησοῦ
2707 2478 2961 2543 θεότητος
3058 2488 3339 2557 φρονοῦσαι
3420 2481 3472 2535 αἱ
3552 2494 3805 2558 γυναῖκες

2148 2565 2266 2642 περὶ
2349 2566 2529 2642 αὐτοῦ,
2608 2566 3009 2646 παρακάθηνται
3085 2574 3161 2642 τῷ
3237 2568 3411 2649 τάφῳ,
3501 2572 3588 2626 καὶ
3666 2572 3804 2651 μύρα

2150 2650 2514 2731 ἀγοράζουσιν,
2586 2653 2677 2711 ἵνα
2748 2657 2885 2711 κατὰ
2934 2656 2996 2711 τὸ
3030 2654 3145 2720 ’έθος
3176 2662 3283 2712 τῶν
3331 2655 3595 2714 Ἰουδαίων
3651 2650 3803 2715 ἂλεί-

2151 2746 2291 2815 ψωσι
2348 2744 2410 2798 τὸ
2471 2748 2649 2818 σῶμα,
2712 2746 2785 2807 ὡς
2817 2742 2878 2804 ἄν
2909 2743 3047 2821 μένῃ
3106 2742 3320 2825 εὐῶδες,
3368 2747 3454 2801 καὶ
3486 2746 3561 2822 μὴ
3589 2768 3639 2803 τι
3671 2746 3800 2804 δυσ-

2148 2827 2280 2895 ὦδες
2364 2831 2422 2887 ἐκ
2492 2831 2589 2899 τῆς
2646 2830 2931 2898 διαλύσεως
3017 2835 3183 2911 πάθῃ’
3275 2834 3386 2910 ἅμα
3466 2833 3521 2890 δί
3590 2838 3678 2892 καὶ
3736 2839 3799 2893 τὰ

2150 2920 2287 2999 μύρα
2346 2918 2665 2999 ξηραντικὴν
2721 2944 2832 2978 τινα
2891 2920 3106 2997 δύναμιν
3157 2922 3377 3004 ἔχοντα,
3410 2924 3509 2991 τὴν
3539 2925 3799 3003 ὑγρότητα

2147 3016 2241 3065 τοῦ
2289 3010 2535 3086 σώματος
2593 3012 2936 3091 ἀναπίνοντα,
3015 3012 3255 3079 ἄσηπτον
3341 3014 3467 3070 αὐτὸ
3551 3023 3799 3093 τηροῦσι.

2148 3098 2370 3177 Τοιαῦτρ
2452 3100 2699 3179 ἐφρόνουν
2773 3102 2826 3157 αἱ
2898 3114 3171 3180 γυναῖκες.
3272 3104 3359 3159 καὶ
3445 3102 3561 3160 λίαν
3631 3108 3800 3185 πρωΐ,

406 3186 935 3277 sabbatorum,hoc
967 3198 1295 3278 est,primae
1313 3195 1609 3257 exdiebus
1642 3194 2053 3256 hebdomadis.

2145 3186 2275 3278 ὅπερ
2335 3190 2367 3246 6'
2423 3191 2520 3264 μὲν
2566 3194 2861 3267 Ματθαϊος,
2922 3192 3021 3267 ὀψὲ
3073 3190 3368 3267 Σαϐϐάτον,
3418 3196 3446 3249 6
3489 3191 3544 3249 δὲ
3575 3200 3799 3271 Λουκᾶς,

409 3295 665 3359 Sabbata
697 3291 853 3351 enim
890 3288 1017 3349 dies
1034 3287 1425 3348 hebdomadas
1457 3284 2051 3353 nominabant,unam

404 3394 600 3447 autem
636 3380 908 3461 primam.
938 3375 1334 3439 Surrexerunt
1365 3383 1424 3437 et
1446 3374 1693 3435 veniunt
1730 3373 1804 3433 ad
1836 3392 2057 3434 monu-

409 3483 699 3550 mentum,
734 3480 790 3530 et
817 3466 1255 3546 disceptabant,
1290 3465 1421 3542 quis
1454 3464 1784 3524 revolveret
1815 3462 1932 3523 illis
1964 3464 2053 3524 la-

404 3559 907 3642 pidem.Cumque
942 3557 1065 3617 [nec
1097 3556 1213 3615 illae
1238 3552 2058 3642 cogitarent,angelusrevale

405 3641 484 3712 vit
519 3650 799 3730 lapidem,
835 3666 950 3707 non
975 3644 1377 3706 sentientibus
1410 3642 1779 3702 mulieribus.
1804 3641 1865 3702 Id
1900 3641 2055 3721 quod

405 3750 464 3803 et
498 3740 803 3803 Matthzeus
834 3735 995 3809 dicit,
1033 3732 1187 3813 quod
1235 3751 1370 3793 curn
1411 3731 1719 3792 venissent
1748 3731 2052 3807 mulieres,

403 3830 648 3907 angelus
708 3824 1020 3887 revolverit
1072 3822 1357 3902 lapidem.
1396 3824 1522 3883 Hoc
1580 3828 1776 3880 autem
1830 3820 2056 3881 Marcus

405 3916 751 3997 siluit,quod
780 3913 1085 3975 Matthqu
1111 3912 1359 3972 dixisset
1380 3929 1413 3969 a
1434 3930 1547 3990 quo
1569 3909 1871 3969 revolutus
1902 3918 2057 3969 esset

402 4004 748 4087 lapis.Quod
772 4009 966 4063 autem
999 4001 1307 4064 Matthaaus
1338 3998 1502 4074 dicit,
1538 3998 1812 4076 angelum
1846 3998 2059 4060 sedere

405 4114 586 4175 super
641 4093 919 4174 lapidem,
954 4094 1188 4153 Marcus
1237 4107 1375 4150 vero
1412 4097 1720 4168 postquam
1778 4088 2060 4165 ingressa;

405 4192 544 4246 sunt
568 4184 627 4244 in
649 4178 1348 4255 monumentum,vidisse
1377 4176 1570 4257 ipsum
1600 4177 1880 4239 mulieres
1903 4178 2056 4238 intro

402 4277 633 4340 sedere.
671 4290 789 4333 non
821 4278 912 4331 est
946 4269 1299 4330 mirandum.
1328 4266 1524 4329 Potest
1556 4266 1713 4327 enim
1746 4267 1871 4326 ﬁeri
1896 4268 2051 4346 quod

401 4383 577 4444 quem
610 4361 888 4422 viderunt
913 4359 1056 4421 foris
1089 4358 1323 4437 sedere,
1360 4356 1513 4417 sicut
1544 4355 1854 4419 Matthaaus
1884 4355 2050 4432 dicit,

399 4472 579 4534 super
602 4450 885 4531 lapidem,
922 4449 1085 4511 illum
1109 4448 1324 4509 iterum
1352 4445 1608 4506 viderint
1641 4446 1800 4506 intus
1830 4445 1889 4505 in
1917 4464 2051 4506 mo-

2142 3277 2323 3356 ὄρθρου
2377 3279 2585 3356 βαθέος,
2631 3282 2779 3359 φασὶ,
2826 3287 2951 3356 μιᾶς
3002 3287 3108 3337 τῶν
3141 3279 3453 3354 Σαϐϐάτων,
3486 3282 3625 3340 τοῦτ’
3665 3283 3798 3361 ἔστι,

2136 3373 2236 3434 τῆς
2289 3369 2506 3444 πρώτης
2564 3376 2672 3426 τῶν
2729 3370 2827 3438 τῆς
2900 3368 3186 3446 ἑϐδομάδος
3257 3373 3472 3450 ἡμερῶν
3527 3370 3803 3452 (Σάϐϐατα

2137 3459 2239 3537 γὰρ
2282 3460 2378 3523 τὰς
2425 3464 2524 3525 τῆς
2585 3456 2872 3535 ἑϐδομάδος
2931 3459 3137 3539 ἡμέρας
3186 3460 3486 3535 ὠνόμαζον,
3541 3463 3665 3538 μίαν
3723 3461 3798 3536 δὲ,

2142 3548 2241 3613 τὴν
2262 3546 2503 3627 πρώτην)
2538 3548 2828 3604 ἀναστᾶσαι
2852 3548 3104 3628 ἔρχονται
3135 3550 3267 3627 πρὸς
3298 3552 3359 3605 τὸ
3389 3565 3685 3628 μνημεῖον,
3715 3553 3803 3608 καὶ

2143 3634 2525 3715 διαλογίζονται
2582 3638 2659 3703 τίς
2736 3638 3043 3695 ἀποκυλίσει
3099 3640 3189 3695 τὸν
3234 3638 3374 3696 λίθον
3410 3655 3423 3669 ⁶
3473 3641 3527 3696 ἐν
3584 3641 3694 3716 ὅσῳ
3746 3640 3799 3697 δὲ

2143 3728 2307 3782 ταῦτα
2364 3725 2664 3803 ἐλογίζοντο
2708 3728 2887 3802 αὗται,
2934 3727 3158 3807 ἅγγελος
3225 3729 3509 3807 ἀπεκύλισε
3565 3733 3655 3787 τὸν
3710 3730 3797 3787 λί-

2143 3819 2228 3871 θον
2262 3816 2339 3891 μὴ
2384 3818 2707 3891 αἰσθομένων
2737 3816 2845 3872 τῶν
2890 3821 3177 3895 γυναικῶν.
3231 3800 3307 3876 (‘0
3339 3821 3427 3875 καὶ
3465 3822 3493 3875 6
3524 3820 3796 3884 Ματθαῖος

2143 3903 2310 3983 λέγει,
2369 3904 2448 3961 ὅτι
2500 3908 2633 3981 μετὰ
2693 3909 2753 3962 τὸ
2813 3906 2988 3963 ὲλθεϊν
3044 3909 3138 3972 τὰς
3189 3922 3465 3986 γυναῖκας,
3500 3910 3528 3963 ὃ
3570 3908 3797 3989 ἄγγελος

2143 3993 2432 4050 ἀπεκύλισε
2475 3997 2567 4051 τὸν
2597 3993 2739 4052 λίθον
2766 4011 2779 4025 ·
2826 4006 2979 4056 τοῦτο
3008 3994 3062 4052 δὲ
3112 4001 3520 4076 παρεσιώπησεν
3574 4001 3603 4055 6
3647 4000 3799 4079 Μάρ-

2140 4106 2259 4164 κος,
2319 4085 2393 4147 ὠς
2440 4090 2533 4139 τοῦ
2608 4085 2873 4142 Ματθαίου
2932 4085 3171 4149 εἰπόντος
3216 4087 3358 4165 παρὰ
3399 4087 3539 4146 τίνος
3597 4089 3797 4145 ἀπεκυ-

2140 4173 2292 4241 λίσθη
2360 4175 2388 4229 ὁ
2431 4173 2597 4235 λίθος.
2642 4175 2701 4230 Εἰ
2744 4171 2799 4229 δὲ
2846 4177 2874 4231 6
2905 4174 3003 4250 μὲν
3054 4177 3318 4240 Ματθαιός
3349 4199 3479 4257 φησι
3509 4178 3601 4234 τὸν
3629 4176 3796 4258 ἅγγε-

2138 4263 2229 4319 λον
2272 4264 2530 4328 καθῆσθαι
2588 4263 2674 4319 ἐπὶ
2730 4270 2807 4338 τῷ
2860 4262 3008 4339 λίθῳ,
3070 4266 3099 4320 ὃ
3157 4264 3212 4321 δὲ
3264 4266 3499 4347 Μάρκος,
3560 4268 3694 4343 μετὰ
3736 4268 3796 4323 τὸ

2138 4348 2394 4407 εἰσελθεῖν
2449 4352 2522 4415 εἷς
2578 4352 2641 4408 τὸ
2700 4365 2971 4428 μνημεῖον
3028 4351 3162 4409 ἰδεῖν
3212 4356 3369 4412 αὑτὸν
3411 4357 3507 4419 τὰς
3538 4369 3796 4434 γυναῖκας

2137 4439 2243 4497 ἔσω
2292 4441 2615 4522 καθήμενον,
2667 4443 2727 4498 οὒ
2768 4439 2852 4499 δεῖ
2888 4443 3259 4522 ταράττεσθαι,
3316 4442 3636 4526 Ἐνδέχεται
3695 4447 3797 4527 γὰρ

400 4526 819 4620 ηυ’ῐηθηιό,(]υἱ
852 4537 1202 4619 praevenerit
1236 4535 1609 4609 mulieres,et
1634 4536 1933 4612 ingressus
1954 4534 2050 4596 sit.

2144 4531 2197 4585 ὃν
2254 4526 2402 4585 εἶδον
2460 4528 2560 4595 ἔξω
2602 4532 2927 4607 καθήμενον,
2965 4530 3039 4597 ὥς
3096 4555 3256 4599 φησιν
3297 4535 3324 4589 ὁ
3369 4538 3665 4616 Ματθατος,
3710 4526 3795 4593 ἐπὶ

399 4632 650 4705 Quidam
683 4640 876 4691 autem
924 4627 1128 4689 dicunt
1157 4627 1312 4706 quod
1364 4624 1494 4686 aliae
1542 4623 1782 4704 quidem
1831 4622 2056 4684 fuerint

401 4722 686 4783 mulieres
718 4737 851 4798 quae
889 4717 1044 4799 apud
1098 4715 1456 4785 Ma'rthzeum,
1510 4713 1641 4774 alia:
1689 4722 1886 4773 autem
1925 4731 2055 4792 quae

398 4812 552 4892 apud
579 4806 1220 4889 Marcum,Magdalene
1243 4822 1381 4866 vero
1406 4802 1671 4865 omnium
1695 4820 1898 4864 comes
1922 4802 2054 4863 fue-

397 4904 477 4963 rit
506 4900 784 4961 nimirum
829 4899 986 4978 quod
1039 4895 1253 4957 alacris
1310 4901 1485 4965 esset,
1539 4893 1935 4972 ﬂagransque,
1987 4909 2056 4953 ac

397 4989 686 5051 ofﬁciosa.
720 4987 875 5049 Dixit
906 4987 1082 5065 igitur
1114 4981 1465 5045 mulieribus
1497 4982 1598 5044 ille
1626 4981 1729 5061 qui
1759 4997 2053 5060 apparue-

396 5076 602 5142 rat:Ne
633 5072 1371 5157 expavescutisJ’rincipio
1397 5090 1430 5132 a
1454 5079 1615 5131 metu
1638 5069 2053 5149 liberat,dein-

395 5168 470 5229 de
500 5166 722 5228 bonum
756 5165 900 5225 illud
955 5165 1029 5225 de
1068 5160 1514 5223 resurrectione
1558 5160 1829 5221 nuntium
1859 5158 2048 5220 aﬂ‘ert.

396 5256 751 5318 Cruciﬁxum
786 5265 981 5315 autem
1006 5255 1195 5334 ipsum
1224 5249 1648 5313 nominat.Non
1682 5248 1839 5312 enim
1868 5248 2049 5329 pudet

397 5347 754 5425 crucis,qua3
777 5344 933 5404 salus
957 5352 1044 5405 est
1076 5342 1477 5421 bominum,et
1516 5342 1807 5402 bonorum
1847 5347 2044 5418 caput.

399 5433 687 5496 Surrexit.
724 5432 892 5496 Unde
919 5431 1323 5494 manifestum?
1353 5432 1486 5493 Non
1523 5440 1611 5491 est
1637 5429 1795 5491 enim
1827 5429 1949 5491 hic.
1975 5429 2048 5489 Et

475 5604 508 5655 4
536 5604 701 5669 Matt.
734 5618 938 5681 xxvm,
981 5612 1030 5665 ι.
1116 5603 1208 5655 5'5
1237 5605 1379 5664 Luc.
1414 5617 1575 5677 xxxx,
1612 5602 1670 5664 1.

2138 4626 2212 4694 τῷ
2268 4619 2419 4694 Λίθῳ,
2477 4626 2663 4676 τοῦτον
2720 4618 2852 4677 ἰδεῖν
2907 4620 3067 4679 πάλιν
3117 4621 3223 4678 ἔσω
3275 4625 3333 4678 ετ
3387 4627 3467 4696 τῷ
3522 4625 3791 4701 μνημείῳ,

2138 4706 2475 4788 προλαϐόντα
2527 4709 2621 4775 τὰς
2671 4709 2934 4789 γυναῖκας
2989 4719 3077 4768 καί
3162 4710 3487 4776 εἰσελθόντα,
3546 4714 3696 4780 Τινὲς
3739 4713 3793 4771 δὲ

2138 4800 2381 4879 λέγουσιν
2439 4801 2514 4865 ὡς
2557 4798 2713 4861 ἄλλαι
2758 4800 2857 4877 μὲν
2919 4800 3056 4868 ἦσαν
3115 4804 3167 4859 αἱ
3225 4803 3369 4881 παρὰ
3422 4806 3501 4878 τῷ
3544 4807 3795 4881 Ματθαίῳ

2138 4901 2416 4969 γυναῖκες,
2479 4886 2635 4945 ἄλλαι
2693 4887 2747 4944 δί
2805 4892 2855 4945 αἱ
2913 4893 3055 4969 παρὰ
3097 4893 3174 4967 τῷ
3218 4894 3415 4971 Μάρκῳ
3447 4908 3461 4923 ⁸
3532 4895 3567 4961 ἡ
3612 4895 3794 4970 μέντοι

2137 4975 2491 5058 Μαγδαληνὴ,
2578 4978 2615 5046 ἢ
2686 4978 2885 5042 πάσαις
2970 4980 3377 5058 παρηκολούθει,
3462 4985 3631 5061 θερμή
3709 5006 3790 5048 τις

2135 5071 2266 5127 οὖσα
2324 5068 2409 5123 οιαὶ
2481 5065 2728 5146 διάπυρος
2802 5069 2903 5136 τὴν
2960 5068 3194 5141 σπουδήν
3226 5090 3238 5103 ⁸
3316 5072 3473 5127 εἶπεν
3521 5072 3609 5129 οὖν
3667 5088 3792 5138 ταῖς

2135 5157 2365 5238 γυναιξὶν
2422 5159 2449 5213 ὁ
2494 5159 2673 5236 φανεὶς
2730 5160 2942 5221 ἐκεϊνος
2975 5179 2989 5194 ο
3066 5160 3154 5226 Μὴ
3215 5156 3588 5235 ἐκθαμϐεῖσθε,
3651 5163 3793 5240 Πρό-

2132 5268 2280 5329 τερον
2338 5247 2438 5324 γὰρ
2496 5246 2819 5305 ἀπαλλάττει
2878 5249 3072 5314 ταύτας
3126 5255 3217 5305 τοῦ
3273 5248 3442 5325 δέους,
3508 5251 3632 5307 εἶτα
3704 5253 3791 5308 καὶ

2130 5342 2249 5419 περὶ
2298 5341 2394 5403 τῆς
2467 5336 2804 5400 ἀναστάσεως
2874 5336 3287 5418 εὒαγγελίζεται.
3354 5339 3789 5418 Ἐσταυρωμένον

2129 5428 2183 5486 δὲ
2215 5430 2372 5489 αὐτὸν
2400 5426 2647 5501 ὀνομάζει
2687 5447 2700 5460 ·
2736 5429 2796 5485 οὗ
2821 5428 2920 5508 γὰρ
2970 5430 3347 5509 ἐπαισχυνεται
3390 5432 3482 5486 τὸν
3513 5431 3735 5512 σταυρόν
3769 5478 3782 5494 ,
