4232 6442
456 363 578 429 683

1421 365 2014 431 THEOPHYLACTI
2065 369 2476 430 BULGARl/E
2522 363 2876 430 ARCHIEP.

3732 363 3854 427 684

2707 498 3782 524 m

1426 645 2906 814 ΘΕΟΦΥΛΑΚΤΟΥ

1651 922 2200 980 ΛΡΧΙΕΠΙΣΚΟΠΟΥ
2244 919 2662 977 ΒΟΥΛΓΛΡΙΑΣ
2746 983 2750 986 _

766 1116 1350 1202 EPMHNEIA
1420 1120 1593 1204 ΕΙΣ
1667 1119 1811 1205 ΤΟ
1884 1118 2080 1202 ΚΑἸ

2166 1181 2178 1199 .
2243 1113 2700 1201 ΛΟΥΚΑΝ
2770 1113 3505 1207 ΕΥΑΓΓΕΛΙΟΝ.

1277 1444 3048 1622 THEOPHYLACTI

1637 1715 2212 1784 ARCHIEPISCOPI
2254 1715 2660 1783 BULGARhE

1025 1919 1756 2019 ENARRATIO
1817 1922 1943 2020 IN
2007 1919 2823 2021 EVANGELIUM
2903 1920 3262 2018 LUCIE

893 2261 1068 2326 VITA
1117 2264 1385 2328 SANCTI
1437 2265 1650 2329 LUCJ‘]

860 2358 1201 2420 Secundum
1233 2359 1672 2439 Sophronium.

519 2451 661 2512 265
681 2451 868 2512 Lucas
883 2451 1154 2512 medicus
1176 2452 1814 2526 Alitiochensis,Grzeci
1841 2451 2084 2511 idioma-

441 2542 516 2601 lis
534 2560 648 2600 non
677 2540 2080 2623 inexpertus,Pauliapostolistudiosus,etomnis

2177 2561 2317 2615 ματα
2368 2541 2526 2598 αὒτοῦ
2597 2539 2783 2616 δηλοῖ,

440 2631 570 2708 ejus
603 2629 1101 2710 peregrinationis
1133 2651 1334 2693 comes
1365 2631 1657 2707 assiduus,
1705 2628 2086 2707 Evangelium
2175 2628 2508 2698 σπουδαστὴς

439 2718 817 2798 conscripsit.
854 2716 938 2778 De
965 2739 1079 2798 quo
1115 2721 1350 2800 Paulus,
1384 2719 1672 2801 Misimus,
1708 2721 1917 2801 inquit,
1952 2738 2084 2780 cum

2116 2281 2150 2323 Α
2723 2275 2872 2325 ΒῙΟΣ
2907 2276 3034 2326 ΤΟΥ
3066 2275 3292 2325 ΛΟΥΚΑ

2747 2362 2893 2419 Κατὰ
2924 2363 3254 2441 Σωφρόνιον.

2261 2458 2488 2527 Λουκᾶς,
2539 2454 2719 2531 ἱατρὸς
2779 2449 3119 2530 Ἀντιοχεὺς,
3201 2451 3377 2514 καθὼς
3433 2449 3499 2505 τά
3554 2449 3833 2528 συγγράμ-

2871 2548 2965 2596 106
3023 2538 3346 2608 Ἐλληνικοῧ
3419 2542 3515 2597 οὒκ
3590 2537 3828 2616 ἄπειρος,

2594 2628 2801 2686 Παύλου
2877 2627 3199 2703 ἀποστόλου,
3275 2628 3364 2684 καὶ
3433 2626 3614 2693 πάσης
3671 2627 3832 2682 αὖτοῦ

2171 2723 2270 2785 τῆς
2329 2717 2640 2786 ἀλλοδαπῆς
2713 2717 3024 2794 ἀκόλουθος,
3117 2715 3392 2782 συνέταξεν
3480 2713 3823 2794 Εὖαγγέλιον,

439 2808 541 2870 illo
574 2809 838 2872 fratrem.
870 2807 1040 2886 cujus
1072 2808 1197 2869 laus
1247 2811 1303 2870 in
1357 2808 1673 2889 Evangelio
1726 2832 1828 2892 per
1878 2833 2080 2875 omnes

2270 2810 2283 2828 ἱ
2350 2810 2373 2829 ν’
2445 2812 2459 2832 9
2506 2811 2520 2828 \
2679 2810 2705 2828 Τ
2875 2807 2891 2830 Ί
3117 2808 3128 2830 Ι
3485 2807 3500 2828 \
3592 2806 3605 2823 ἱ
3722 2805 3738 2826 9
3792 2811 3816 2820 -

2172 2829 2286 2886 περι
2316 2832 2376 2864 ου
2407 2829 2561 2871 αυτος
2595 2807 2827 2878 Παυλος,
2899 2806 3324 2884 Απεστειλαμεν,
3373 2827 3524 2887 φησι,
3558 2827 3651 2862 συν
3685 2825 3827 2878 αυτῳ

435 2895 758 2958 Ecclesias.
797 2895 865 2957 Et
896 2897 953 2956 in
999 2898 1249 2977 epistola
1291 2900 1360 2960 ad
1412 2899 1828 2966 Colossenses:
1864 2902 2080 2966 Salu‘at

437 3003 539 3048 vos
573 2989 759 3046 Lucas
792 2985 1059 3047 medicus
1091 2988 1367 3049 dilectus.
1424 2988 1492 3050 Et
1539 2990 1608 3050 ad
1654 2988 2032 3054 Timotheum
2067 3015 2080 3055 :

433 3073 621 3136 Lucas
668 3091 900 3134 mecum
951 3084 1040 3134 est
1084 3077 1269 3137 solus.
1315 3078 1580 3139 Alterum
1635 3080 1810 3141 etiam
1867 3082 2081 3144 librum

434 3162 715 3224 eximium
749 3162 919 3222 nobis
951 3165 1212 3244 reliquit,
1247 3166 1354 3228 sub
1377 3167 1547 3228 titulo
1573 3168 1823 3230 Actnum
1856 3181 2084 3251 aposto-

433 3252 652 3326 lorum,
679 3251 849 3330 cujus
884 3251 1128 3314 historia
1159 3255 1231 3316 ad
1261 3255 1565 3318 biennium
1600 3278 1788 3339 usque
1819 3261 2080 3322 extendi,

433 3351 548 3422 tur,
583 3341 947 3430 quoiPaulus
979 3343 1183 3405 Romae
1215 3345 1348 3426 fuit,
1399 3347 1511 3408 hoc
1547 3359 1657 3419 est,
1705 3350 1774 3410 ad
1809 3361 2080 3430 quartum

433 3429 670 3511 imperii
701 3429 955 3491 Neronis
985 3453 1203 3493 annum
1235 3455 1251 3511 ;
1285 3437 1442 3496 unde
1473 3436 1645 3498 facile
1686 3429 1948 3500 animum
1987 3440 2082 3499 in-

2170 2899 2259 2952 τὸν
2316 2895 2563 2976 ἀδελφὸν,
2624 2897 2683 2954 οὗ
2742 2895 2776 2952 6'
2839 2896 3055 2961 ἔπαινος
3113 2895 3166 2951 ἐν
3223 2902 3301 2970 τῷ
3356 2892 3662 2974 Εὖαγγελίῳ
3689 2895 3827 2956 κατὰ

2168 2986 2341 3051 πάσας
2398 2989 2492 3050 τὰς
2552 2984 2904 3053 Ἐκκλησίας.
2970 2988 3068 3042 Καὶ
3115 2987 3247 3065 πρὸς
3276 2985 3400 3048 τοὺς
3433 2981 3772 3048 Κολασσαεϊς
3809 3003 3825 3021 ο

2166 3073 2488 3146 Ἀσπάζεται
2544 3077 2682 3152 ὑμᾶς
2757 3079 2961 3136 Λουκᾶς
3007 3076 3034 3130 ὁ
3077 3075 3257 3154 ἱατρὸς
3302 3076 3330 3130 ὁ
3373 3072 3680 3151 ἀγαπητός.
3730 3081 3829 3138 Καὶ

2167 3166 2296 3243 πρὸς
2330 3167 2589 3242 Τιμόθεον
2626 3185 2638 3198 ·
2689 3171 2894 3227 Λουκᾶς
2938 3164 3049 3221 ἔστι
3095 3161 3216 3238 μετ’
3294 3163 3428 3240 ἐμοῦ
3483 3163 3672 3237 μόνος.
3734 3170 3832 3226 Καὶ

2166 3253 2346 3332 ἕτερον
2389 3253 2443 3309 δὲ
2489 3253 2707 3320 ἐξέδωκε
2738 3255 2935 3333 τεῦχος
2993 3251 3278 3334 ἐξαίρετον,
3337 3252 3639 3332 ἱπιγραφὴν
3683 3253 3831 3332 Πρά-

2167 3343 2272 3408 Εεις
2315 3343 2655 3419 ἀποστόλων,
2701 3342 2760 3400 οὖ
2802 3345 2836 3410 ἡ
2881 3343 3081 3420 ἱστορία
3112 3340 3214 3405 ἕως
3270 3338 3494 3405 διετείας
3552 3339 3830 3420 διάγοντος

2169 3435 2222 3488 ἐν
2265 3437 2332 3509 τῇ
2378 3424 2560 3510 Ῥώμῃ
2618 3431 2830 3490 Παύλου
2873 3431 3185 3513 ἐκτείνεται,
3232 3431 3529 3508 τουτέστιν,
3587 3431 3688 3494 ἕως
3744 3452 3830 3487 τι·

436 3521 712 3582 (lucimus
735 3521 790 3580 in
814 3521 1020 3581 eadem
1051 3523 1198 3584 urbe
1217 3524 1433 3585 librum
1456 3525 1530 3586 ab
1556 3526 1654 3588 illo
1679 3530 2079 3608 conscriptum

2166 3524 2356 3603 τάρτου
2400 3523 2641 3603 Νέρωνος
2688 3521 2948 3580 ἐνιαυτοῦ.
2985 3518 3204 3601 Ἀφ’ὧν
3257 3522 3610 3596 πεπείσμεθα,
3656 3523 3710 3578 ἓν
3756 3525 3826 3596 τῇ

433 3609 640 3673 fuisse.
673 3614 916 3683 Caetera,
954 3611 1263 3690 periodum
1312 3613 1473 3675 Pauli
1526 3625 1586 3676 et
1632 3617 1867 3678 Thecla;
1921 3621 2078 3692 quod

433 3699 664 3774 attinet,
687 3719 804 3760 non
835 3718 1008 3760 secus
1029 3720 1095 3762 ac
1124 3701 1339 3763 Leonis
1367 3704 1640 3784 baptizati
1686 3706 1902 3780 fabula,
1931 3709 2086 3768 inter

434 3789 802 3869 apocrypbas
831 3787 1156 3867 scripturas
1205 3793 1639 3857 recensebitnr.
1689 3793 1892 3875 Neque
1923 3797 2078 3856 enim

437 3879 565 3939 fieri
601 3886 1007 3955 poterat,«-um
1033 3879 1134 3958 qui
1167 3881 1444 3941 assiduus
1472 3895 1597 3944 erat
1630 3885 1891 3944 omnium
1921 3887 2080 3948 Pauli

435 3969 889 4046 occupationum
925 3976 1220 4045 spectator
1254 3979 1309 4029 et
1341 3989 1562 4044 comes,
1600 3972 1799 4034 istbaac
1823 3974 2075 4053 ignoras-

437 4074 522 4144 se.
543 4053 665 4144 Sub
694 4053 851 4114 idem
879 4062 1112 4134 tempus
1134 4058 1426 4119 exstitisse
1452 4060 1854 4140 presbyterum
1880 4083 2081 4144 quern-

438 4143 572 4205 dam
608 4143 666 4202 in
695 4144 845 4231 Asia
899 4145 1080 4205 refert
1128 4145 1557 4222 Tertullianus,
1614 4151 1781 4212 l’auli
1835 4143 2082 4231 apostoli

437 4231 706 4313 apprime
727 4233 1081 4308 SlUtllOSllm,
1126 4236 1223 4315 qui
1267 4237 1591 4318 increpitus
1627 4257 1658 4298 ει
1691 4239 1919 4302 Joanne
1951 4252 2077 4304 tan-

437 4340 610 4412 quam
646 4321 824 4412 luzjus
851 4321 985 4382 libri
1017 4333 1245 4396 auctor,
1273 4326 1578 4387 confessus
1622 4345 1711 4388 ρει
1764 4349 1826 4390 se
1880 4340 2079 4412 utpote

437 4411 598 4474 Pauli
616 4410 840 4500 philtro
866 4414 1374 4492 correptumistud
1395 4415 1630 4489 fecisse,
1658 4417 1911 4500 ideoque
1929 4410 2081 4500 ejec-

436 4510 556 4561 tum
590 4499 750 4559 illum
787 4499 970 4561 fuisse
1001 4502 1238 4581 quidam
1273 4513 1602 4566 autumant.
1640 4507 1885 4580 Quoties
1918 4499 2074 4572 enim

435 4591 653 4652 Paulus
688 4593 742 4648 in
769 4589 890 4650 suis
915 4589 1192 4670 Epistolis
1219 4593 1320 4666 ait,
1347 4597 1674 4655 secundum
1701 4595 2079 4676 Evangelium

2167 3602 2300 3689 αὖτῇ
2356 3602 2509 3669 πόλει
2565 3613 2664 3680 τὴν
2716 3609 2895 3688 βίϐλον
2956 3611 3334 3690 συντετάχθαι,
3398 3602 3460 3666 Ἠ
3514 3611 3615 3690 γὰρ
3671 3611 3822 3689 περί-

2167 3701 2285 3764 οδος
2333 3701 2543 3759 Παὺλου
2585 3704 2677 3759 καὶ
2734 3701 2966 3776 Θέκλας,
3025 3702 3114 3757 καὶ
3159 3707 3265 3764 πᾶς
3323 3699 3351 3755 ὃ
3423 3705 3583 3776 μῦθος
3630 3702 3824 3758 ὡσανεὶ

2168 3791 2390 3856 Λέοντος
2444 3791 2852 3872 βαπτισθέντος,
2924 3793 2997 3856 εἷς
3060 3791 3156 3853 τὰς
3225 3791 3561 3870 κποιιρύῳους
3619 3791 3824 3870 γραφὰς

2167 3883 2590 3962 ψηφισθήσεται.
2650 3881 2779 3941 Οὐδὲ
2858 3881 2960 3961 γὰρ
3045 3879 3300 3959 ἐνεχώρει
3357 3881 3448 3937 τὸν
3517 3880 3824 3960 ἀχώριστον

2163 3980 2258 4027 10-3
2315 3969 2650 4029 Ἀποστόλου
2710 3968 2905 4046 μεταξὺ
2963 3975 3071 4026 τῶν
3143 3971 3345 4026 λοιπῶν
3387 3973 3545 4028 αὐτοῦ
3586 3969 3823 4044 πῴξεων

2167 4062 2319 4117 τοῦτο
2374 4060 2721 4139 ἠγνοηκέναι,
2761 4058 2927 4116 Ἀλλὰ
2983 4060 3072 4114 καὶ
3144 4055 3554 4138 Τερτουλλιανὸς
3611 4057 3824 4115 ἐκεῖνον

2165 4151 2253 4205 τὸν
2317 4152 2513 4229 χρόνον
2571 4149 2818 4229 ἀναφέρει
2872 4145 3222 4228 πρεσϐύτερόν
3276 4168 3394 4204 τινα
3450 4147 3506 4203 έν
3533 4153 3602 4224 τῇ
3645 4145 3819 4221 Ἀσίᾳ,

2165 4239 2500 4306 σπουδαστὴν
2583 4237 2794 4296 Παύλου
2900 4235 3225 4309 ἀποστόλου,
3329 4235 3652 4319 ἐλεγχθέντα
3738 4235 3826 4296 ἐπὶ

2165 4327 2432 4402 Ἰωάννου,
2479 4332 2573 4385 οἶα
2614 4325 2740 4408 παρ’
2811 4328 2966 4384 αὐτοῦ
3012 4327 3361 4405 συνταγείσης
3405 4325 3610 4402 βίϐλου,
3670 4334 3822 4403 ὡμο-

2162 4417 2449 4495 λογηκέναι
2509 4417 2708 4499 φίλτρῳ
2768 4416 3139 4498 κατεχόμενον
3197 4415 3429 4491 Παύλου,
3497 4424 3652 4474 τοῦτο
3713 4438 3816 4474 πε-

2163 4507 2466 4574 ποιηκέναι.
2535 4509 2627 4564 Διὸ
2713 4509 2798 4564 καὶ
2855 4505 3208 4572 ἐκϐεϐλῆσθαι
3261 4507 3450 4564 τοῦτόν
3495 4529 3636 4572 τινες
3679 4509 3819 4564 ὑπο-

2163 4596 2546 4673 λαμϐάνουσιν,
2597 4589 2812 4662 Ὀσάκις
2869 4598 2970 4675 γὰρ
3029 4595 3234 4660 Παῦλος
3308 4595 3364 4652 ἐν
3420 4610 3544 4662 ταῖς
3601 4598 3820 4661 οἰκείαις

432 4697 651 4742 meum.
683 4685 842 4757 patet
865 4679 919 4738 id
940 4681 1013 4741 de
1033 4681 1181 4742 lll)l‘O
1204 4684 1371 4744 Lucae
1393 4683 1663 4765 intelligi,
1691 4705 2078 4767 eumquenon

2166 4687 2515 4750 Ἐπιστολαῖς
2568 4685 2737 4765 λέγει,
2783 4689 2920 4743 κατὰ
2990 4687 3052 4742 τὸ
3117 4684 3442 4765 Εὗαγγελιόν
3487 4709 3612 4762 μου,
3658 4684 3821 4755 δῆλον

432 4768 620 4856 solum
644 4768 716 4828 ab
739 4770 1005 4850 apostolo
1036 4769 1216 4832 Paulo
1249 4772 1625 4851 Evangelium
1661 4776 1984 4856 accepisse,
2021 4789 2080 4840 ut

2166 4779 2234 4838 ὡς
2293 4779 2412 4856 περὶ
2461 4784 2552 4834 τοῦ
2608 4778 2838 4856 τεύχους
2921 4783 3015 4832 τοῦ
3087 4776 3222 4834 κατᾶ
3291 4781 3496 4832 Λουκᾶν
3548 4778 3820 4852 σημαίνει,

430 4856 529 4938 qui
554 4855 831 4931 Domino,
854 4877 986 4918 cum
1011 4860 1251 4940 viveret,
1283 4882 1396 4923 non
1434 4843 1821 4925 conversatus
1843 4867 1938 4939 sit,
1971 4843 2074 4929 sed

2166 4869 2250 4922 καὶ
2307 4872 2510 4923 Λουκᾶν
2569 4869 2628 4925 οὗ
2684 4865 2846 4942 μόνον
2903 4865 3048 4942 παρὰ
3107 4871 3200 4922 106
3255 4864 3558 4922 ἀποστόλου
3614 4867 3825 4924 Παύλου

430 4955 540 5036 eta
565 4947 793 5007 caeteris
813 4949 1282 5036 apostolis,quod
1310 4960 1366 5012 et
1390 4953 1514 5032 ipse
1539 4953 1846 5015 manifeste
1869 4960 2080 5020 asserit

2166 4955 2529 5030 μεμαθηκέναι
2585 4956 2646 5013 τὸ
2727 4953 3076 5034 Εὖαγγέλιον,
3137 4955 3235 5011 οἶα
3291 4955 3426 5028 μετὰ
3481 4962 3574 5012 106
3629 4953 3823 5036 Κυρίου

429 5033 487 5095 in
523 5034 652 5115 ipso
680 5035 768 5095 sui
804 5035 940 5096 libri
975 5040 1238 5114 exordio,
1275 5041 1780 5121 quemadmodum
1816 5045 2079 5108 tradide-

2166 5055 2450 5112 τηνικαῦτα
2507 5045 2561 5101 ἐν
2617 5053 2693 5120 τῷ
2753 5033 2961 5121 σώματι
3049 5044 3128 5121 μὴ
3187 5044 3495 5122 γενομένου,
3542 5043 3678 5101 ἀλλὰ
3715 5033 3820 5104 *καὶ

426 5135 565 5214 runt
595 5124 906 5214 nobisqui
942 5126 1016 5186 ab
1046 5126 1209 5189 initio
1241 5134 1370 5209 ejus
1417 5138 1784 5210 spectatores
1816 5133 2068 5198 fuerunt.

2166 5137 2301 5214 παρὰ
2327 5141 2432 5191 τῶν
2475 5133 2679 5192 λοιπῶν
2737 5133 3078 5206 ἀποστόλων,
3124 5131 3254 5213 ὅπερ
3301 5135 3390 5191 καὶ
3437 5135 3591 5200 αὐτὸς
3635 5135 3690 5191 ἐν
3746 5143 3816 5214 τῇ

421 5211 714 5284 Quocirca
757 5213 1141 5304 Evangelium
1185 5219 1422 5296 scripsit
1467 5227 1530 5278 ut
1558 5219 1883 5281 audiverat.
1919 5225 2068 5287 Acta

2166 5223 2303 5304 ὶρχῇ
2361 5234 2454 5284 τοῦ
2495 5223 2623 5282 ἰδίου
2665 5225 3033 5302 συντάγματος
3078 5228 3380 5304 περιφανῶς
3425 5221 3592 5303 λέγει,
3639 5227 3816 5291 καθὼς

420 5319 560 5361 vero
598 5302 1023 5381 apostolorum,
1063 5315 1122 5365 ut
1158 5326 1252 5367 res
1281 5317 1334 5367 et
1367 5309 1511 5368 ordo
1549 5308 1771 5390 habuit,
1809 5311 2069 5374 historiae

2166 5302 2448 5391 παρέδοσαν
2498 5317 2636 5389 ἡμῖν
2692 5315 2740 5370 οἱ
2799 5311 2892 5370 ἀπ’
2952 5313 3131 5392 ἀρχῆς
3188 5302 3470 5374 αὐτόπται.
3501 5302 3812 5394 τοιγαροῦν

419 5390 1116 5485 manci-avitllllatarsunl
1143 5397 1270 5475 ejus
1288 5396 1554 5477 reliquiae
1577 5400 2068 5482 Constantinopo-

2166 5390 2586 5482 :6E6a~néltov
2632 5405 2808 5467 καθὼς
2858 5390 3091 5473 ἀκήκοέν
3140 5401 3364 5482 ἔγραψε.
3398 5404 3503 5467 Τὰς
3546 5401 3602 5460 δὲ
3638 5390 3807 5485 Πρά-

415 5478 546 5550 lim,
570 5478 775 5574 ibique
797 5482 1077 5544 vicesimo
1113 5487 1480 5548 Constantini
1512 5487 1885 5568 imperatoris
1908 5478 2063 5553 anno

2166 5493 2250 5558 ξεις
2314 5495 2422 5550 τῶν
2476 5492 2814 5567 ἀποστόλων,
2890 5494 3026 5549 καθὰ
3099 5494 3378 5571 ἱστόρησεν
3457 5494 3638 5574 αὐτὸς,
3724 5502 3814 5557 καὶ

411 5585 628 5648 corpus
643 5568 772 5647 ejus
791 5587 922 5630 cum
952 5573 1220 5654 reliquiis
1242 5575 1496 5638 Andreae
1518 5578 1767 5657 apostoli
1802 5581 2059 5642 transla-

2166 5585 2443 5650 τυνέταξεν.
2506 5585 2745 5664 Ἠνέχθη
2819 5584 2885 5639 τὰ
2947 5582 3173 5659 λείψανα
3215 5584 3396 5656 αὐτοῦ,
3444 5587 3532 5641 καὶ
3583 5587 3816 5655 ἀπετὲθτ,

410 5664 533 5718 tum
564 5664 712 5754 εει..
850 5749 863 5754 _
2143 5673 2197 5729 ἐν
2275 5671 3025 5754 Κωνσταντινουπόλεινς,εἷς
3098 5672 3164 5743 ἢν
3237 5672 3394 5744 πόλιν
3442 5679 3520 5746 τῷ
3587 5678 3810 5753 εἰκοστῷ

409 5745 802 5806 Κωνσταντίνου
845 5749 1071 5823 ἆνιαυτῷ
1122 5755 1183 5809 τὸ
1223 5755 1408 5810 τούτου
1435 5761 1591 5831 σῶμα
1633 5759 1772 5830 μετὰ
1823 5765 1929 5816 τῶν
1985 5760 2255 5838 λειψάνων
2302 5759 2542 5841 Ἀνδρέου
2585 5771 2677 5819 τοῦ
2719 5745 3019 5820 ἀποστόλου
3062 5762 3396 5841 μετηνέχθη.
