4232 6416
451 384 562 466 691

1421 392 2014 458 THEOPHYLACTI
2058 391 2470 454 BULGARl/E
2511 387 2868 454 ARCHIEP.

3722 387 3847 465 692

453 529 2758 557 _______________________.._________

618 679 1551 811 EPMHNEIA
1651 679 1930 804 ΕΙΣ
2035 677 2092 801 ⁷]

2180 674 2262 801 D
2374 671 2845 802 ΚΑΤΑ
2951 670 3675 802 ΛΟΥΚΑΝ

1817 946 2517 1033 ΕΥΑΓΓΕΛΙΟΝ

1035 1287 1766 1384 ENARRATIU
1835 1281 1944 1375 ΙΝ
2037 1279 2839 1378 EVANGELIUM
2924 1281 3276 1380 LUCZE

969 1616 1112 1681 269
1160 1611 1588 1680 ΡΒᾸΕῈΑΤΙΟ.

541 1695 723 1763 Vsus.
770 1699 902 1762 1-4.
955 1722 980 1752 α
1019 1696 1312 1770 Quoniam
1345 1694 1516 1756 multi
1563 1698 1930 1756 attentarunt
1960 1707 2109 1750 con-

459 1776 662 1849 texere
693 1786 1098 1850 narrationem
1142 1804 1345 1848 earum
1385 1783 1704 1866 quaeinter
1749 1798 1858 1842 nos
1908 1776 2111 1866 multis

454 1875 825 1954 argumentis
859 1874 1259 1956 comprobata;
1287 1865 1422 1936 sunt
1451 1891 1650 1935 rerum
1694 1869 1869 1933 sicuti
1921 1865 2107 1929 tradi-

454 1963 673 2026 derunt
697 1963 871 2026 nobis
900 1965 983 2038 bi,
1018 1965 1118 2045 qui
1149 1963 1222 2026 ab
1257 1962 1427 2024 initio
1457 1962 1581 2024 suis
1598 1959 1787 2023 oculis
1811 1957 2108 2034 viderunt,

457 2061 516 2115 et
545 2052 807 2116 ministri
835 2054 1080 2116 fuerunt
1100 2051 1418 2129 sermonis,
1439 2051 1628 2113 visum
1662 2057 1752 2112 est
1781 2055 1840 2111 et
1869 2046 2110 2120 mihi,ut

455 2150 670 2205 cuncta
697 2141 770 2205 ab
797 2143 966 2206 initio
993 2143 1314 2222 diligenter
1344 2139 1747 2222 pervestigans
1768 2137 1978 2200 ordine
2001 2133 2107 2196 tibi

455 2230 740 2307 scribam,
774 2241 1017 2295 strenue
1046 2231 1404 2311 Theophile,
1437 2249 1551 2311 quo
1581 2245 1868 2309 agnoscas
1898 2242 2106 2286 eorum

456 2319 677 2399 quibus
705 2322 1028 2383 instructus
1045 2339 1110 2384 es
1139 2338 1485 2384 sermonum
1507 2315 2063 2380 communitionem.
2081 2338 2102 2371 ι

455 2407 569 2482 Qui
600 2409 845 2473 fuerunt
893 2411 1062 2472 muiti
1111 2409 1195 2471 illi
1241 2409 1344 2491 qui
1388 2405 1800 2470 attentarunt?
1843 2403 2112 2466 Pseudo-

456 2499 794 2580 apostoli.M
802 2498 909 2560 ulti
929 2499 1089 2562 enim
1112 2508 1252 2562 tunc
1271 2493 2109 2578 conscripseruntEvangelia,

457 2589 540 2649 uti
571 2597 662 2650 est
693 2588 851 2668 quod
887 2600 1099 2650 vocant
1137 2587 1518 2669 Evangelium
1556 2583 1882 2646 secundum
1923 2581 2108 2662 [Egy-

464 2677 637 2758 ptios,
671 2686 730 2740 et
777 2678 934 2760 quod
968 2677 1312 2742 inscribitur
1353 2675 1734 2756 Emugelium
1781 2673 2109 2735 secundum

461 2764 798 2830 duodecim.
835 2766 1008 2830 Tales
1039 2767 1239 2849 itaque
1267 2773 1637 2830 attentas-unt
1668 2763 1970 2844 duntaxat,
2005 2765 2110 2825 sed

2133 1615 2167 1663 Α
2819 1615 3185 1670 ΠΡΟΟΙΜΙΟΝ
3199 1658 3212 1672 .

2283 1725 2309 1755 ι
2387 1698 2705 1781 Ἐπειδήπιρ
2779 1700 2967 1760 πολλοὶ
3057 1703 3412 1784 ἐπεχείρησαν
3496 1701 3847 1766 ἀνατάξασθαι

2194 1787 2444 1867 διήγησιν
2501 1793 2618 1870 περὶ
2674 1790 2780 1847 τῶν
2839 1791 3404 1872 πεπληροφορημένων
3450 1791 3501 1848 ἒν
3550 1793 3687 1867 ἡμῖν
3717 1812 3848 1869 πρα-

2192 1880 2433 1956 γμάτων,
2490 1882 2664 1945 καθὼς
2735 1879 3029 1960 παρέδοσαν
3083 1884 3219 1957 ἡμῖν
3285 1885 3332 1938 0i
3375 1881 3470 1938 απ⁹
3519 1881 3696 1961 ἀρχῆς
3732 1881 3848 1934 αὕτη

2192 1969 2351 2024 όπται
2438 1971 2526 2026 καὶ
2610 1971 2866 2048 ὑπηρέται
2955 1971 3230 2050 γενόμενοι
3291 1982 3382 2030 τοὺ
3450 1970 3634 2049 λόγου,
3708 1966 3845 2032 ἔδοξε

2190 2058 2351 2135 κᾶμοὶ
2449 2060 2947 2139 παρηκολουθηκότι
3048 2061 3243 2118 ἄνωθεν
3329 2069 3484 2119 πᾶσιν
3588 2056 3840 2138 ἀκριϐῶς.

2188 2147 2411 2216 καθεξῆς
2472 2171 2554 2207 σοι
2607 2152 2837 2231 γράψαι,
2884 2151 3131 2229 κράτιστε
3177 2151 3397 2233 Θεόφιλε
3433 2170 3445 2183 ⁸
3496 2151 3588 2206 Ιἵνα
3617 2150 3845 2227 ἐπιγνῷς

2191 2240 2307 2315 περὶ
2349 2241 2422 2295 ὧν
2487 2242 2808 2320 κατηχήθης
2892 2237 3068 2318 λόγων
3124 2241 3221 2308 τὴν
3265 2239 3577 2320 ἀσφάλειαν,
3619 2263 3640 2296 ιι
3701 2238 3844 2303 Τίνες

2195 2327 2332 2396 ἦσαν
2389 2329 2436 2384 οἰ
2492 2328 2682 2386 πολλοὶ
2725 2331 2867 2386 οὗτοι
2917 2331 2964 2386 οἱ
3018 2329 3510 2410 ἐπιχειρήσαντεςς
3571 2331 3630 2386 0i
3679 2326 3843 2404 ψευδ-

2196 2416 2482 2474 απόστολοι
2521 2435 2536 2455 ⁸
2568 2416 2756 2475 πολλοὶ
2803 2420 2902 2497 γὰρ
2947 2421 3281 2496 συνέγραψαδ
3334 2417 3630 2497 Εὒαγγέλια
3668 2416 3840 2491 δῆθεν,

2196 2508 2317 2564 οὒόν
2345 2508 2460 2564 ἐστι
2495 2510 2556 2564 τὸ
2584 2506 2706 2565 κατ’
2764 2510 3103 2588 Αἰγυπτίους,
3149 2510 3236 2565 καὶ
3293 2509 3353 2564 τὸ
3398 2507 3843 2588 ἐπιγραφόμενον,

2197 2601 2312 2654 Τῶν
2371 2594 2596 2659 δώδεκα.
2647 2599 2706 2655 Οἱ
2745 2605 2973 2656 τοιοῦτοι
3016 2597 3104 2654 οὖν
3160 2597 3516 2677 ἐπεχείρησαν
3571 2597 3752 2675 μόνον,
3786 2597 3846 2652 οὗ

2197 2685 2377 2759 μέντοι
2435 2687 2522 2743 καὶ
2580 2685 2892 2743 ἐτελείωσαν
2927 2704 2943 2722 ⁸
2976 2689 3092 2743 επεὶ
3120 2687 3218 2764 γὰρ
3271 2689 3438 2766 χωρὶς
3482 2687 3619 2751 θείας
3676 2687 3837 2765 χάρι-

2193 2797 2282 2838 τος
2342 2775 2588 2853 ἤρξαντο,
2635 2774 2720 2832 διὰ
2775 2783 2927 2832 τοῦτο
2985 2776 3100 2832 οὖδέ
3131 2775 3462 2837 ἐτελείωσαν.
3512 2774 3697 2838 Καλῶς
3756 2777 3844 2831 οὖν

460 2873 580 2916 non
613 2855 1014 2937 perfecerunt.
1050 2856 1197 2931 Quia
1227 2856 1384 2919 enim
1432 2854 1656 2946 absque
1697 2853 1893 2916 divina
1924 2855 2092 2946 grati:

2192 2878 2344 2921 εἶπεν
2404 2865 2432 2920 ὁ
2462 2870 2691 2938 Λουκᾶς,
2739 2866 2819 2921 ὅτι
2850 2868 2893 2924 0i
2924 2864 3111 2922 πολλοὶ
3142 2865 3495 2946 ἐπεχείρησαν
3534 2883 3550 2900 ⁸
3585 2867 3632 2920 οἱ
3663 2864 3841 2940 μέντοι

459 2955 794 3027 coeperunt,
856 2956 1169 3029 propterea
1223 2964 1418 3028 neque
1473 2943 1878 3008 absolverunt.
1941 2944 2092 3008 Bent

2191 2953 2384 3032 ὀλίγοι,
2445 2955 2565 3011 οἷον
2602 2957 2629 3011 ὁ
2691 2958 2986 3026 Ματθαῖος,
3047 2957 3074 3011 ὸ
3127 2956 3365 3033 Μάρκος,
3416 2955 3510 3011 οὒκ
3541 2955 3843 3034 ὶπειγῠιίρτρ

458 3036 640 3118 igitur
666 3037 808 3100 dixit
838 3038 1048 3112 Lucas,
1075 3039 1242 3102 multi
1273 3037 1470 3101 conati
1496 3045 1634 3098 sunt
1665 3055 1680 3097 :
1729 3045 1787 3097 at
1817 3037 2009 3115 pauci,
2044 3051 2092 3100 ul

2187 3065 2282 3099 σαν
2339 3045 2522 3122 μόνον,
2574 3043 2710 3100 ἀλλὰ
2750 3048 2836 3100 καὶ
2892 3044 3200 3100 ἐτελείωσαν
3237 3061 3249 3074 ⁸
3281 3046 3342 3100 τὸ
3374 3045 3472 3123 γὰρ
3501 3043 3765 3101 τελειοποι
3792 3067 3843 3125 g-

456 3126 766 3192 Matthasus
811 3137 868 3190 et
914 3131 1171 3200 Marcus,
1207 3147 1325 3190 non
1370 3136 1592 3189 tantum
1642 3132 2092 3204 attentaverunt,

2185 3140 2392 3207 πνεῦμα
2451 3137 2635 3213 εἶχοι,
2703 3133 3274 3214 Ιιεπλτροφορημένων
3355 3131 3408 3189 δε
3490 3134 3616 3190 εἷπε
3706 3157 3845 3213 πρα-

457 3217 563 3280 sed
602 3225 660 3280 et
703 3217 1103 3298 perfecerunt.
1135 3220 1283 3282 Nam
1336 3216 1617 3298 Spiritum
1667 3217 1857 3278 sortiti
1903 3228 2092 3300 erant,

2182 3223 2399 3303 γμάτων
2434 3241 2450 3258 ⁸
2481 3225 2540 3279 οὗ
2569 3226 2668 3302 γὰρ
2700 3224 2884 3286 ἁπλῶς
2940 3225 3074 3279 κατὰ
3125 3222 3290 3299 ψιλην
3339 3219 3622 3302 παράδοσιν
3652 3225 3750 3279 εἰσι
3782 3226 3846 3281 τα

455 3307 556 3388 qui
588 3308 848 3386 perfecta
874 3319 1173 3390 operatur.
1203 3307 1320 3372 Res
1340 3307 1539 3370 multis
1558 3307 1921 3386 argumentis
1941 3326 2090 3368 com-

2189 3319 2282 3367 τοῦ
2345 3312 2594 3392 Χριστοῦ,
2627 3313 2746 3369 ἀλλ’
2807 3313 2862 3370 ἐν
2924 3311 3140 3385 ἀληθείᾳ
3198 3313 3286 3368 καὶ
3315 3313 3485 3367 πίστει
3517 3309 3702 3387 βεϐαίᾳ
3760 3315 3845 3370 καὶ

457 3395 733 3478 probatas
762 3397 930 3462 dixit.
967 3399 1088 3463 Res
1121 3399 1278 3462 enim
1330 3397 1551 3461 Christi
1605 3416 1718 3458 non
1754 3395 2110 3475 simpliciter

456 3493 517 3548 et
543 3486 955 3550 nudetraditaa
996 3493 1164 3564 sunt,
1207 3487 1313 3550 sed
1352 3505 1489 3548 vera
1539 3495 1597 3548 et
1635 3485 1827 3547 solida
1870 3487 2010 3559 ﬁde,
2047 3500 2105 3553 et

455 3575 774 3637 multorum
788 3586 1280 3655 argumentorum
1297 3575 1762 3640 certitudine.Et
1779 3578 2104 3657 quomodo,

2193 3403 2323 3473 μετὰ
2377 3402 2554 3467 πάσης
2615 3401 2999 3483 πληραερορίας.
3058 3409 3176 3468 Πῶς
3231 3400 3284 3458 δέ
3343 3403 3440 3458 εἰσι
3496 3400 3843 3482 πεπληροφοι

2193 3492 2398 3568 ρημενα
2457 3502 2640 3572 ταυτα,
2704 3492 2840 3571 εἰπὲ,
2910 3495 2955 3549 ὦ
3017 3494 3236 3566 Λουκᾶς
3301 3493 3480 3556 Καθὼς
3552 3490 3846 3570 παρέδοσαν

2193 3582 2328 3654 ἡμῖν
2372 3583 2420 3635 οἱ
2463 3579 2554 3636 ἀπ’
2589 3581 2760 3660 ἀργῆς
2815 3583 3071 3641 αὐτόπται
3109 3584 3193 3638 καὶ
3225 3580 3481 3656 ὑπηρέται
3512 3588 3604 3638 τοῦ
3633 3578 3790 3660 λόγου
3825 3601 3839 3615 ⁸

457 3662 576 3742 dic,
609 3666 786 3746 Luca,
821 3665 1022 3728 multis
1066 3666 1431 3746 argumentis
1465 3663 1862 3743 comprobatae
1915 3668 2092 3731 sunt?

2191 3669 2253 3722 ὶκ
2310 3670 2490 3725 τοῦτου
2532 3669 2716 3743 ὀηῗδον,
2788 3670 2867 3726 ὅτι
2926 3673 3020 3728 οὔκ
3072 3673 3140 3737 ἦν
3195 3674 3221 3726 ὁ
3281 3677 3485 3733 Λουκᾶς
3531 3669 3623 3725 ἀπ’
3664 3670 3841 3750 ἀρχῆς

455 3750 623 3817 Sicut
643 3753 1015 3817 tradiderunt
1036 3755 1207 3817 nobis
1229 3755 1313 3832 hi,
1335 3755 1436 3836 qui
1468 3753 1540 3815 ab
1570 3753 1739 3814 initio
1771 3755 1894 3816 suis
1916 3757 2092 3818 oculis

2187 3759 2457 3837 μαθητὴς,
2520 3757 2639 3814 ἀλλ’
2669 3759 3051 3840 ὑστερόχρονος
3087 3776 3099 3790 ⁸
3139 3758 3293 3815 ἄλλοι
3347 3759 3446 3838 γὰρ
3477 3760 3615 3827 ἦσαν
3647 3762 3692 3815 οἱ
3746 3761 3841 3816 ἀπ’

458 3841 765 3916 Viderunt,
793 3851 853 3906 et
881 3843 1139 3906 ministri
1169 3844 1408 3906 fuerunt
1435 3842 1749 3906 sermonis.
1781 3841 1934 3906 Hinc
1967 3865 2092 3909 ma-

2186 3846 2360 3928 αρχῆς
2391 3850 2803 3917 μαθητευθέντες
2835 3868 2848 3883 ⁸
2911 3852 2957 3905 οἱ
3007 3852 3121 3928 περὶ
3172 3852 3366 3926 Πέτρον
3411 3850 3499 3906 καὶ
3555 3850 3676 3911 τοὺς
3736 3859 3830 3907 τοὺ

452 3932 735 3995 nifestum
765 3941 856 3994 est
884 3935 1102 3996 Lucam
1134 3933 1210 3996 ab
1258 3933 1424 3996 initio
1465 3952 1582 3994 non
1614 3933 1797 3996 fuisse
1827 3935 2092 4017 discipu-

2183 3934 2455 3993 Ζεϐεδαίου
2493 3961 2504 3972 ·
2540 3941 2594 3993 ο’ἱ
2651 3939 2739 3994 καὶ
2794 3936 3087 4016 παρέδοσαν
3127 3941 3268 4013 αὐτῷ
3297 3939 3395 3994 ὅσα
3441 3939 3535 3994 οὐκ
3563 3937 3708 3995 εἶδεν
3740 3943 3832 3998 αὖ·

451 4020 600 4101 lum,
633 4020 736 4084 sed
771 4021 1200 4102 posterioribus
1231 4021 1620 4103 temporibus.
1673 4024 1784 4086 Alii
1834 4026 1994 4087 enim
2025 4027 2092 4089 ab

2181 4027 2294 4096 τὸς,
2356 4026 2475 4083 οὕτε
2534 4029 2792 4097 αὐτήκοος
2854 4027 3086 4105 ἐγένετο.
3135 4030 3193 4086 Τί
3236 4027 3290 4084 δέ
3321 4027 3431 4086 ἐστι
3476 4029 3558 4096 τὸ,
3606 4028 3696 4084 ἵνα
3727 4031 3838 4084 επι-

447 4107 1004 4204 initiodidicerant,
1043 4119 1106 4172 ut
1138 4113 1345 4175 Petrus
1368 4119 1426 4204 et
1456 4111 1561 4174 ﬁlii
1588 4110 1882 4204 Zcbedaei,
1915 4115 2015 4196 qui
2042 4125 2092 4178 et

2180 4122 2321 4193 γνῷς
2378 4117 2476 4185 τὴν
2507 4116 2798 4197 ἀσφάλειαν
2848 4120 2964 4204 περὶ
3019 4121 3094 4172 ὠν
3150 4121 3472 4199 κατηχήθης
3509 4141 3523 4189 ;
3562 4120 3721 4175 Διττὰ
3765 4121 3836 4184 εἷς

448 4198 820 4288 tradiderunt
836 4200 974 4264 huic
985 4218 1356 4283 quaecunque
1372 4201 1501 4284 ipse
1515 4220 1632 4264 non
1650 4201 2092 4286 viderat,neque

2181 4211 2335 4260 τοῦτο
2393 4204 2509 4285 ἔχω
2542 4207 2810 4282 νοήματα,
2849 4198 2861 4213 ’
2893 4215 2957 4263 liv
2993 4208 3114 4284 μὲν,
3162 4206 3242 4262 ὅτι
3270 4209 3522 4288 πρότερον
3551 4208 3649 4283 μὲν
3678 4207 3833 4286 ἆγρά-

445 4287 574 4368 ipse
615 4289 906 4354 audierat.
940 4289 1092 4364 Quid
1152 4300 1347 4353 autem
1407 4299 1500 4353 est
1550 4294 1710 4373 quod
1763 4293 1928 4370 dicit,
1979 4314 2092 4377 quo

2180 4315 2292 4372 φως
2350 4316 2408 4350 σε
2465 4297 2780 4375 κατήχησα,
2829 4298 2874 4354 ὦ
2931 4296 3151 4376 Θεόφιλε
3187 4315 3204 4334 ⁸
3241 4309 3328 4353 νυν
3357 4296 3409 4354 δὲ
3443 4299 3718 4376 ἐγγράφως
3751 4321 3833 4354 σοι

442 4395 729 4456 agnoscas
749 4397 980 4452 eorum,
1001 4381 1080 4442 de
1099 4381 1240 4441 270
1263 4379 1484 4462 quibus
1508 4381 1754 4444 edoctus
1777 4401 1844 4446 es
1867 4402 2092 4446 sermo-

2180 4381 2490 4460 παραδιδοὺς
2529 4385 2588 4442 τι)
2651 4385 2992 4468 Εὖαγγέλιον,
3052 4387 3403 4468 ἀσφαλίζομαι
3449 4391 3538 4444 τὸν
3598 4390 3687 4444 σὸν
3733 4387 3828 4446 λο-

442 4485 582 4530 num
613 4470 1140 4532 communitionem
1161 4477 1190 4535 ?
1218 4470 1376 4536 Duos
1407 4471 1469 4533 in
1503 4471 1618 4533 hoc
1639 4489 1850 4536 sensus
1875 4472 2064 4536 habeo

443 4554 604 4646 unus
623 4557 864 4640 quidem
888 4561 1104 4624 esthic:
1138 4559 1311 4622 Prius
1334 4568 1390 4623 te
1411 4560 1544 4623 sine
1569 4561 1810 4642 scriptis
1833 4561 2084 4646 institui,

435 4666 472 4710 o
494 4645 848 4730 Theophile,
869 4669 1029 4712 nunc
1049 4650 1336 4732 scriptum
1360 4650 1464 4712 tibi
1487 4651 1654 4713 trado
1678 4645 2082 4732 Evangelium:

434 4745 608 4819 atque
632 4739 714 4800 ita
745 4748 1006 4803 mentem
1041 4748 1200 4804 tuam
1236 4741 1463 4816 munio,
1502 4739 1569 4802 nt
1593 4759 1668 4802 ne
1708 4740 2090 4805 obliviscatur

433 4845 640 4890 eorum
663 4847 799 4908 qua;
820 4829 952 4891 sine
990 4830 1226 4911 scriptis
1249 4829 1462 4892 tradita
1492 4837 1648 4893 sunt.
1699 4831 1866 4893 Alter
1896 4849 2034 4896 vero
2067 4854 2082 4897 :

432 4916 708 4980 Solemus
738 4937 848 4980 nos
903 4919 1180 4982 homines
1232 4938 1391 5001 saepe
1447 4920 1682 5000 quando
1732 4919 1864 5002 quis
1912 4921 2086 4984 nobis

430 5005 560 5068 sine
585 5007 900 5090 scripturis
943 5009 1224 5090 loquitur,
1271 5008 1563 5090 suspicari
1609 5029 1684 5071 ne
1737 5011 1886 5073 forte
1939 5011 2078 5091 quid

429 5096 720 5160 mendacii
733 5097 1054 5160 admistum
1071 5098 1166 5161 sit:
1195 5098 1433 5179 quando
1455 5107 1652 5161 autem
1671 5099 1849 5162 etiam
1873 5101 2079 5163 scribit

423 5203 558 5267 qua:
587 5186 871 5268 loquitur,
901 5195 1040 5250 tunc
1060 5187 1361 5251 credimus
1388 5189 1544 5269 quod
1571 5208 1687 5250 non
1714 5189 2071 5270 scripsisset,

425 5275 538 5337 nisi
557 5294 694 5338 vera
710 5295 776 5340 se
792 5277 997 5341 dicere
1017 5278 1370 5342 conﬁderet.
1393 5278 1622 5340 Idcirco
1643 5288 1702 5342 et
1716 5281 2076 5360 evangelista

419 5363 568 5427 dicit
601 5386 616 5427 :
661 5367 989 5448 Propterea
1009 5368 1226 5449 scripsi
1258 5368 1363 5430 tibi
1389 5368 1799 5451 Evangelium,
1826 5379 1889 5431 ut
1910 5389 1980 5431 ea
2000 5371 2074 5433 de

421 5453 638 5535 quibus
667 5457 796 5519 sine
824 5456 1062 5538 scriptis
1112 5458 1377 5519 eruditus
1421 5478 1509 5538 cs,
1543 5461 1601 5520 in
1651 5460 1863 5541 majori
1895 5479 2071 5521 secu-

420 5541 595 5604 ritate
611 5547 1250 5627 conserves,majorem
1277 5547 1417 5608 mihi
1435 5549 1614 5611 ﬁdem
1638 5567 1798 5611 nunc
1821 5549 2069 5625 habens,

418 5633 519 5714 qui
549 5632 700 5695 adeo
731 5633 806 5695 de
832 5633 925 5696 bis
955 5653 1088 5715 qua;
1117 5653 1234 5696 non
1267 5636 1491 5718 scripto
1513 5637 1714 5701 docui.
1747 5639 2069 5716 conﬁdam,

2175 4474 2390 4552 γισμὸν,
2445 4474 2536 4531 ἵνα
2589 4475 2667 4550 μὴ
2717 4474 3036 4543 ἐπιλάθηται
3067 4485 3172 4534 τῶν
3226 4479 3475 4557 ἀγράφως
3539 4476 3827 4555 παραδεδο-

2175 4561 2367 4636 μένων.
2405 4561 2649 4640 ’Ἕτερον
2680 4562 2734 4620 δὲ
2772 4573 3003 4623 τοιοῦτον
3038 4582 3051 4594 '
3087 4569 3144 4624 ΟΞ
3180 4567 3438 4645 ἅνθρωποι
3471 4565 3582 4628 ἔθος
3631 4566 3830 4646 ἔχομεν

2173 4649 2460 4724 πολλάκις,
2524 4653 2648 4708 ὅταν
2690 4675 2769 4718 τις
2827 4655 3078 4736 ἀγράφως
3141 4654 3272 4732 λέγῃ
3304 4657 3460 4730 ἡμῖν,
3514 4656 3826 4712 ὑποπτεύειν

2171 4747 2355 4797 τοῦτον
2406 4743 2479 4806 ὡς
2521 4743 2689 4822 τυχὸν
2747 4743 3072 4820 ψευδόμενον
3107 4765 3120 4780 ο
3181 4743 3306 4799 ὅταν
3366 4741 3417 4797 δὲ
3464 4744 3548 4797 καὶ
3579 4744 3760 4820 γρέψῃ
3796 4745 3826 4798 ἂ

2169 4828 2340 4910 λέγει,
2400 4831 2520 4888 τότε
2571 4834 2914 4909 πιστεύομεν,
2949 4836 3023 4897 ὡς
3069 4834 3156 4889 ἐὰν
3189 4834 3266 4906 μὴ
3300 4830 3522 4909 ἐθαῤῥει,
3571 4831 3651 4886 ὅτι
3683 4832 3824 4898 ἀλη-

2166 4922 2232 4987 θῆ
2293 4919 2462 4998 λέγει,
2519 4920 2614 4978 οὒκ
2673 4921 2736 4976 ἂν
2796 4922 3014 5002 ἔγραφε,
3076 4933 3240 4981 Τοῦτο
3303 4921 3391 4976 οὖν
3448 4921 3534 4975 καὶ
3591 4922 3618 4975 ὁ
3661 4922 3819 4997 εὐαγ-

2166 5011 2420 5087 γεΛιστής
2451 5033 2637 5090 φησιν,
2670 5009 2773 5083 ὅτι,
2840 5012 2931 5066 Διὺ
2993 5012 3145 5068 τοῦτό
3179 5033 3260 5065 σοι
3294 5009 3498 5088 ἔγραψα
3541 5011 3602 5064 τὸ
3656 5010 3822 5087 Εὔαγ-

2164 5097 2367 5178 γέλιον,
2426 5099 2514 5155 ’ἕνα
2587 5099 2619 5154 ἃ
2703 5100 2956 5180 ἀγράφως
3031 5103 3378 5181 κατηχήθης,
3457 5099 3508 5154 ἐν
3569 5097 3824 5180 ἀσφαλεῖᾳ

2158 5187 2363 5244 πλείονι
2436 5188 2703 5268 κατέχῃς.
2764 5192 3061 5254 ’Πιστεύσας
3141 5212 3232 5266 μοι
3303 5188 3508 5265 μᾶλλον
3569 5214 3674 5258 νυν,
3749 5191 3822 5254 ὡς

2157 5285 2407 5334 τοσοῦτον
2451 5276 2724 5356 θαρροῦντι
2779 5278 2864 5336 ἰπὶ
2926 5293 3042 5342 τοῖς
3089 5280 3368 5360 ἀγράφοις,
3407 5279 3543 5335 ὥστε
3594 5281 3681 5336 καὶ
3740 5281 3823 5358 ἐγ.

2156 5369 2368 5448 γράφως
2410 5375 2575 5424 ταῦτα
2629 5371 2865 5426 ἐκθεῖναι
2980 5371 3074 5449 δρα
3121 5370 3173 5426 δὲ
3205 5371 3292 5425 καὶ
3324 5372 3406 5449 τὸ,
3439 5375 3690 5448 ἐπιγνῲς.
3751 5371 3822 5427 Οὖ

2157 5459 2258 5535 γὰρ
2303 5458 2451 5537 εἷπε,
2487 5465 2650 5537 γνῷς,
2685 5456 2832 5540 ἀλλ’,
2864 5462 3118 5537 ἒπιγνῷς,
3168 5459 3458 5533 τουτέστιν,
3493 5458 3554 5514 ἐκ
3581 5456 3820 5538 δευτέρον

2156 5546 2376 5603 πλείονα
2430 5553 2626 5624 γνῶσιν
2681 5545 2878 5629 λάϐῃς,
2937 5551 3022 5605 καὶ
3053 5548 3234 5628 θάῤῥος
3266 5551 3352 5605 καὶ
3395 5548 3687 5628 ἀσφαλειαν
3743 5551 3817 5613 ὡς

2156 5639 2214 5695 οὑ
2245 5633 2528 5712 ψεύδομαι.

2980 5371 3074 5449 δρα
3121 5370 3173 5426 δὲ
3205 5371 3292 5425 καὶ
3324 5372 3383 5426 τὸ

409 5729 476 5786 ut
499 5722 678 5788 etiam
707 5723 1024 5806 scripturis
1055 5727 1313 5808 prodere
1346 5745 1467 5790 non
1500 5728 1898 5792 formidarim.
1957 5729 2215 5792 Attende
2244 5725 2385 5790 item
2417 5725 2580 5807 quod
2609 5725 2779 5800 dicit,
2823 5744 3141 5809 agnoscas,
3177 5745 3319 5802 non,
3349 5725 3524 5798 scias,
3562 5729 3671 5787 hoc
3701 5735 3811 5803 est,

406 5813 673 5880 secundo
707 5815 997 5894 majorem
1043 5813 1307 5896 accipias
1334 5816 1644 5880 scientiam
1677 5828 1735 5881 et
1763 5817 2044 5882 ﬁduciam
2072 5837 2145 5882 ac
2172 5814 2555 5882 securitatem
2579 5814 2739 5899 quod
2773 5834 2893 5880 non
2922 5817 3197 5881 mentiar.
