4232 6408
1049 487 1300 543 ΚΕΦΑΛ.
1348 492 1388 539 Α
1401 471 1434 541 ⁸.

409 573 536 651 Περὶ
592 579 698 629 τῶν
776 573 975 651 γονέων
1024 571 1272 630 Ἰωάννου
1328 581 1421 630 τοῦ
1491 578 1816 642 Βαπτιστοό,
1851 569 2070 651 καὶτῆς

486 648 645 712 αὗτοῦ
673 648 1000 730 γεννήσεως.
1049 654 1174 732 Περὶ
1216 658 1310 710 τοῦ
1365 651 1649 728 ἀσπασμοῦ
1699 658 1814 732 τοῦ,
1841 648 2069 732 ἀγγέλου

488 735 620 814 πρὸς
654 735 893 814 Μαριάμ,
930 735 1052 812 Περὶ
1080 730 1174 791 τοῦ
1204 733 1489 810 ἀσπασμοῦ
1529 737 1629 798 τῆς
1678 731 1903 814 Μαρίας.
1935 730 2066 808 πρὸς

605 811 912 876 Ἐλισάϐετ,

491 923 516 956 α
554 901 798 981 Ἐγένετο
828 904 883 961 ἑν
940 916 1063 968 ταῖς
1121 901 1349 981 ἡμέραις
1405 895 1640 976 Ἡρώδου
1682 911 1777 960 τοῦ
1803 897 2065 977 βασιλέως

441 996 465 1007 α.
555 988 569 1010 9
666 991 688 1010 κ
1005 992 1018 1013 ο
1265 992 1277 1009 ς
1332 991 1342 1008 Ι
1861 986 1909 1009 Ῥ

405 1014 504 1058 της
578 994 834 1066 Ιουοαὶας,
882 994 1050 1067 ἱερευς
1109 1013 1190 1055 τις
1253 1013 1475 1067 ονοματι
1521 991 1809 1070 Ζαχαρίας,
1860 1009 1911 1053 ες
1970 985 2068 1066 ἐφ-

406 1081 634 1155 ημερίας
680 1078 855 1155 Ἀϐιᾶ,
911 1083 998 1138 καὶ
1053 1083 1088 1149 ἡ
1144 1081 1278 1159 γυνὴ
1328 1081 1486 1139 αὐτοῦ
1537 1080 1595 1136 ἐκ
1626 1085 1732 1137 τῶν
1773 1075 2070 1154 θυγατέρων

408 1169 618 1248 Ἀαρών
655 1191 668 1203 ο
731 1172 819 1227 καὶ
869 1172 932 1227 τὸ
975 1169 1148 1245 ὄνομα
1193 1170 1356 1238 αὐτῆς
1389 1167 1750 1232 Ἐλισάϐετ,.ιι
1789 1167 2067 1242 Μέμνηται

407 1263 504 1326 τῆς
563 1258 834 1336 βασιλείας
883 1249 1138 1332 Ἡρώδου,
1185 1259 1295 1333 ἅμα
1328 1257 1447 1334 μὲν,
1481 1258 1616 1315 κατὰ
1644 1260 1735 1315 τὸν
1766 1258 1930 1313 τύπον
1960 1260 2067 1310 τῶν

407 1353 691 1428 προφητῶν
723 1345 1075 1426 διηγούμενος
1105 1363 1118 1379 ⁸
1152 1347 1358 1404 ὶκεῖνοι
1409 1347 1509 1425 γὰρ
1539 1346 1706 1411 οὕτως
1752 1344 2009 1425 ἄρχονται
2045 1359 2058 1372 ·

403 1435 497 1493 Ἐν
538 1450 663 1500 ταῖς
694 1437 923 1516 ἡμέραις
951 1435 1187 1518 Ἰωάχαζ
1217 1438 1303 1492 καὶ
1334 1435 1590 1508 Ἐζεκίου.
1626 1438 1715 1492 καὶ
1744 1435 1836 1491 τοῦ
1865 1433 2065 1504 δεῖνος,

396 1525 607 1601 ἒγένετο
635 1524 758 1582 τάδε
795 1543 807 1556 ⁰
865 1525 979 1601 ἅμα
1034 1524 1088 1582 δὲ
1151 1525 1265 1582 ἐπεὶ
1317 1527 1436 1604 περὶ
1479 1533 1572 1582 τοῦ
1601 1527 1833 1599 Χριστοῦ
1879 1521 2066 1598 μέλλει

394 1616 594 1696 εἰπεῖν,
639 1613 722 1671 διὰ
766 1621 922 1673 τοῦτο
979 1614 1251 1690 μέμνηται
1312 1623 1403 1672 τοῦ
1465 1606 1722 1693 Ἡρώδου,
1785 1613 1880 1669 ἵνα
1922 1610 2062 1689 δείξῃ

396 1701 479 1759 ὅτι
513 1694 722 1770 ἀληθῶς
749 1702 910 1772 ⁴ἦλθεν
940 1705 968 1760 ὁ
1017 1706 1244 1783 Χριστὸς
1286 1703 1371 1760 ἐπὶ
1407 1694 1663 1783 Ἡρώδου.
1697 1712 1861 1764 Οῦτος
1889 1701 1988 1779 γὰρ
2034 1695 2061 1750 δ

1156 347 1602 412 ENARRATIO
1647 349 1730 411 IN
1775 342 2284 410 EVANGELIUM
2331 345 2572 408 LUCZE.
2630 382 2693 392 —
2742 350 2906 411 CAP.
2959 351 3006 411 Ι.

2090 481 2136 532 Α
2826 478 3065 544 CAPUT
3097 481 3142 544 Ι.

3693 347 3809 415 694

2154 556 2240 616 De
2249 557 2621 642 Parentibus
2641 561 2897 622 Joannis
2921 561 3214 642 Baptistae
3232 568 3291 624 et
3309 563 3440 642 ejus
3461 565 3807 626 nativitate.

2297 655 2328 695 e
2362 637 2727 701 salutatione
2762 642 2973 719 angeli
2995 637 3075 702 od
3124 637 3404 706 Mariam.
3467 643 3550 705 De
3588 647 3812 708 visita-

2231 718 2394 779 tione
2425 720 2648 783 Mariae
2676 720 2756 782 ad
2785 718 3128 785 Elisabeth.

2233 893 2408 960 Vens.
2443 899 2501 960 5.
2545 923 2567 956 ‹
2605 899 2745 961 Erat
2775 900 2835 962 in
2863 901 3076 964 diebus
3097 901 3352 965 Herodis
3378 903 3542 982 regis
3561 904 3804 983 ludam,

2157 985 2438 1047 sacerdos
2469 987 2709 1068 quidam
2744 989 2986 1052 nomine
3016 991 3350 1072 Zacharias,
3385 992 3461 1055 de
3482 993 3613 1054 vice
3632 992 3805 1075 Abia,

2156 1080 2214 1162 et
2243 1093 2390 1136 uxor
2418 1075 2578 1137 illius
2619 1077 2693 1139 de
2742 1078 2975 1140 ﬁliabus
3023 1080 3242 1154 Aaron,
3299 1088 3356 1141 et
3413 1100 3632 1144 nomen
3678 1083 3807 1162 ejus

2153 1161 2473 1227 Elisabeth.
2491 1167 2896 1229 )Mentionem
2924 1169 3064 1230 facit
3095 1170 3262 1248 regni
3287 1169 3564 1252 Herodis,
3593 1161 3721 1232 tum,
3742 1179 3806 1232 ut

2155 1253 2453 1314 narrando
2477 1255 2891 1335 prophetarum
2917 1257 3164 1318 formam
3185 1269 3401 1323 servet:
3426 1260 3510 1320 illi
3535 1260 3692 1321 enim
3718 1259 3806 1324 sic

2155 1340 2447 1421 incipiunt
2477 1365 2489 1402 :
2525 1341 2589 1405 In
2620 1343 2831 1407 diebus
2855 1345 3108 1408 Joachaz
3138 1355 3196 1409 et
3227 1348 3520 1428 Ezechiae,
3554 1356 3616 1411 et
3645 1347 3805 1410 illius

2154 1431 2509 1513 cujuspiam,
2542 1433 2692 1495 facta
2741 1443 2879 1495 sunt
2909 1437 3036 1498 haec
3071 1457 3084 1500 :
3138 1447 3257 1499 tum
3291 1437 3430 1518 quia
3459 1437 3534 1500 de
3565 1439 3804 1501 Christo

2151 1520 2418 1582 dicturus
2448 1531 2559 1603 est,
2594 1523 2730 1585 ideo
2776 1525 3048 1586 meminit
3095 1526 3373 1608 Herodis,
3421 1535 3483 1589 ut
3530 1527 3807 1590 ostendat

2149 1609 2304 1687 quod
2335 1613 2444 1671 sub
2475 1612 2712 1677 Herode
2739 1632 2876 1675 vere
2910 1615 3136 1676 venerit
3167 1616 3460 1679 Christus.
3497 1616 3605 1679 Hic
3639 1617 3800 1679 enim

2145 1695 2415 1760 Herodes
2443 1701 2553 1762 fuit
2583 1721 2716 1762 cum
2750 1702 3114 1766 defecissent
3139 1703 3294 1786 apud
3319 1704 3554 1768 .ludzeos
3585 1706 3803 1786 princi-

402 1783 670 1870 Ἠρώδης.
731 1792 1058 1850 ἐκλιπόντων
1123 1793 1230 1850 τῶν
1299 1794 1441 1872 παρὰ
1503 1799 1609 1849 τῶν
1654 1789 1917 1850 Ἰουδαίων
1961 1790 2059 1869 ἆρ-

2149 1806 2299 1879 pes,_
2318 1791 2488 1879 juxta
2533 1791 2902 1871 prophetiam
2957 1783 3191 1855 Jacobf
3223 1793 3392 1857 Unde
3439 1783 3802 1858 monstratur

402 1904 638 1961 χοντων,
682 1881 920 1960 ἒγένετο,
980 1884 1053 1946 ὡς
1109 1884 1143 1950 ἡ
1188 1889 1280 1938 τοῦ
1341 1879 1534 1938 Ἰακὼϐ
1554 1881 1849 1961 προφητεία
1877 1877 2057 1946 δηλοῖ,

406 1963 583 2030 ’Ὅθεν
611 1971 871 2031 δεέκνυται
921 1974 950 2030 ὁ
1005 1975 1226 2050 Χριστος
1283 1971 1469 2031 ἐλθὼν.
1541 1974 1640 2030 Καὶ
1697 1970 1874 2050 ἕτερον
1913 1968 1967 2025 δέ
2010 1986 2060 2027 τι

405 2064 652 2139 κατορθοῖ
686 2080 702 2096 ο
774 2059 970 2128 ἀληθὲς
1039 2059 1264 2117 δείκνυσι
1337 2062 1398 2117 τὸ
1459 2059 1781 2137 Εὖαγγέλιον
1838 2057 1922 2114 διὰ
1969 2065 2060 2114 τοῦ

400 2149 578 2228 λέγειν
633 2153 724 2209 τὸν
767 2151 987 2230 χρόνον.
1031 2149 1306 2216 Ἐξουσίαν
1365 2150 1464 2228 γὰρ
1507 2147 1684 2206 δίδωσι
1716 2162 1833 2212 τοῖς
1863 2147 2055 2225 βουλο-

401 2239 581 2314 μένοις
623 2239 880 2311 ἐξετάζειν
908 2239 1068 2322 (96),
1121 2242 1210 2296 καὶ
1263 2239 1370 2296 ἀπὸ
1426 2246 1517 2296 τοῦ
1551 2238 1746 2319 χρόνου
1778 2240 2059 2314 μανθάνειν

401 2328 496 2395 τὴν
539 2335 632 2384 τοῦ
668 2326 990 2407 Εὖαγγελίου
1019 2327 1272 2398 ἀλήθειαν
1303 2347 1318 2361 ·
1351 2326 1586 2408 ἅρχεταϊ
1616 2325 1670 2384 δὲ
1702 2327 1808 2383 ἀπὸ
1838 2349 1929 2384 του
1961 2335 2057 2383 Ζα-

398 2418 590 2497 χαρίου
659 2420 746 2474 καὶ
802 2418 902 2486 τῆς
961 2417 1054 2474 τοῦ
1129 2417 1377 2474 Ἰωάννου
1425 2418 1746 2494 γεννήσεως,
1812 2417 2051 2478 εἰκότως·

394 2509 509 2563 ἐπεὶ
541 2509 640 2584 γὰρ
671 2507 916 2588 περὶτῆς
975 2517 1068 2567 τοῦ
1126 2506 1353 2587 Χριστοῦ
1395 2507 1700 2584 γεννήσεως
1744 2504 1928 2580 μέλλει
1981 2507 2059 2560 εὶ-

398 2609 547 2671 πεῖν,
585 2595 883 2675 Προδρομίας
941 2597 997 2653 δὲ
1059 2597 1150 2655 τοῦ
1207 2597 1435 2675 Χριστοῦ
1462 2597 1490 2651 ὃ
1524 2595 1798 2675 Ἰωάννης,
1844 2596 2059 2669 εἰκότως

398 2687 501 2764 πρὸ
545 2689 643 2754 τῆς
695 2694 787 2744 τοῦ
845 2693 1071 2764 Χριστοῦ
1145 2687 1444 2764 γεννήσεως
1501 2685 1598 2753 τὴν
1649 2691 1744 2742 τοῦ
1815 2681 2061 2742 Ἰωάννου

399 2774 695 2854 διηγεῖται.
741 2773 870 2834 Οὖδὲ
929 2777 1120 2851 αὺτην,
1180 2773 1303 2832 ἄνευ
1358 2775 1630 2850 θαύματος
1675 2777 1857 2834 οὖσαν.
1911 2771 2062 2839 Ἐπεὶ

400 2865 501 2940 γὰρ
553 2864 811 2941 Παρθένος
843 2863 1036 2940 ἔμελλε
1065 2878 1268 2943 τεκεῖν,
1324 2865 1778 2945 προῳκονὸμησεν
1822 2865 1857 2931 ἡ
1900 2863 2058 2943 χάρις

399 2953 492 3009 ἵνα
535 2959 696 3031 γραῦς
740 2953 868 3026 τέκᾳ
922 2954 981 3010 οὺ
1036 2955 1175 3011 κατὰ
1217 2955 1382 3030 νόμον
1437 2955 1668 3034 φύσεως,
1715 2954 1760 3008 εἱ
1805 2953 1890 3008 καὶ
1925 2952 2060 3027 μετᾶ

399 3040 610 3116 ἀνδρός.
659 3045 720 3100 Τί
761 3041 816 3099 δέ
873 3043 984 3099 ἐστι
1048 3045 1132 3118 τὸ,
1193 3043 1244 3110 ἐξ
1303 3044 1591 3124 ἐφημερίας
1649 3040 1860 3116 Ἀϐιᾶς
1907 3042 2058 3106 Τινὲς

395 3131 493 3202 μὲν
552 3131 688 3189 οὕτω
732 3139 970 3213 νοοῦσιν,
1017 3132 1100 3190 ὅτι
1144 3132 1232 3190 δύο
1274 3134 1414 3202 ἦσαν
1470 3136 1656 3211 ἱερεῖς,
1709 3131 1770 3188 ἐκ
1798 3129 2056 3210 διαδοχῆς

395 3222 495 3289 τὴν
551 3220 880 3301 λειτουργίαν
911 3222 1183 3287 τελοῦντες
1217 3240 1233 3256 '
1269 3225 1297 3279 ὁ
1345 3222 1483 3280 οὕτω
1525 3221 1817 3300 λεγόμενος
1876 3217 2054 3293 Ἀϐιᾶ,

391 3313 483 3367 καὶ
535 3311 565 3366 ὃ
623 3313 920 3392 Ζαχαρίας,
976 3309 1127 3370 Ἐπεὶ
1174 3315 1262 3370 οὖν
1307 3313 1604 3390 ἱεράτευσεν
1636 3311 1690 3367 ἐν
1717 3317 1784 3387 τῇ
1813 3309 2056 3387 λειτουρ-

390 3401 536 3479 γέᾳό
580 3399 760 3474 ’Λϐιᾶ,
821 3403 956 3475 μετὰ
1013 3403 1110 3470 τὴν
1165 3402 1364 3459 ἐκείνου
1419 3401 1713 3481 ὶερημερίαν
1785 3399 2051 3476 ἐλειτούρ-

391 3509 475 3568 γει
532 3493 560 3546 ὃ
606 3491 877 3570 Ζαχαρίας
911 3507 924 3521 ⁸
973 3489 1123 3547 δοκεῖ
1165 3489 1220 3547 δὲ
1264 3493 1368 3571 οὔχ
1402 3490 1569 3555 οὕτως
1614 3488 1781 3570 ἔχειν.
1843 3479 1900 3544 ’0
1957 3489 2057 3564 γὰρ

397 3580 675 3655 Σολομὼν.
712 3582 805 3636 τὸν
863 3582 988 3636 ναὸν
1043 3579 1285 3653 τελέσας,
1346 3581 1643 3646 κατέστησε
1705 3580 1789 3634 καὶ
1845 3576 2040 3656 ἐφημε-

401 3670 535 3748 ρίας,
594 3673 623 3726 ὃ
681 3668 821 3726 ἔστιν
870 3669 1164 3745 ἓϐδομάδας
1201 3687 1214 3700 '
1268 3673 1356 3727 καὶ
1413 3671 1467 3726 ἑν
1499 3673 1596 3745 μὲν
1627 3668 1753 3746 τῇδε
1778 3668 1946 3746 τυχὸν
1989 3672 2057 3743 τῇ

401 3757 649 3835 ἐϐδομάδι
707 3759 1006 3827 κατέστησε
1065 3764 1188 3823 τοὺς
1245 3763 1386 3824 υἱοὺς
1449 3761 1608 3840 Κορὲ,
1667 3759 1721 3815 ἐν
1778 3756 1832 3813 δὲ
1904 3755 2055 3834 τῇδε,

397 3851 488 3904 τὸν
528 3846 722 3929 Ἀσαιρ,
785 3848 837 3904 ἐν
864 3848 919 3905 δὲ
963 3847 1111 3927 τῇδε,
1167 3852 1258 3907 τὸν
1309 3847 1488 3928 Ἀϐια,
1548 3850 1601 3905 ἐν
1645 3847 1701 3903 δὲ
1733 3847 1905 3926 ἑτέρᾳ,
1940 3844 2054 3901 ἕτε-

396 3961 510 4016 ρον.
572 3927 748 4016 ’Ὅπερ
807 3939 896 3995 οὖν
952 3938 1096 4016 λέγει
1155 3939 1237 3994 ὅτι
1294 3939 1349 3995 ἐν
1378 3927 1646 4018 Ζαχαρίας
1681 3936 1732 4002 ἐξ
1764 3935 2056 4016 ἐφημερίας

393 4026 571 4101 Ἀϐιᾶ,
631 4027 772 4084 οὕτω
822 4026 907 4084 δεῖ
965 4041 1133 4100 νοεῖν,
1196 4027 1277 4084 ὅτι
1309 4028 1414 4084 ἀπὸ
1445 4037 1542 4099 τῆς
1571 4034 1664 4084 του
1701 4023 1856 4082 Ἀϐιᾶ
1901 4022 2057 4080 ἐϐδο-

390 4115 556 4190 μάδος
609 4117 700 4184 ἦν.
762 4120 877 4196 οὔχ
935 4116 1018 4173 ὅτι
1077 4118 1214 4192 μετὰ
1273 4118 1368 4185 τὴν
1425 4125 1515 4173 τοῦ
1582 4113 1737 4172 Ἀϐιᾶ
1796 4109 2056 4189 ἑϐδομάδα

391 4204 798 4284 παρελάμϐανεν
860 4207 1014 4272 αὐτὸς
1081 4209 1182 4274 τὴν
1227 4205 1550 4284 λειτουργίαν
1588 4221 1601 4235 ’
1656 4205 1782 4261 εἷπε
1840 4205 1939 4282 γὰρ
1996 4203 2057 4258 ἂν

391 4295 474 4351 ὅτι
530 4297 668 4370 μετα
708 4295 807 4363 τὴν
867 4294 1158 4375 ἔφημερίαν
1205 4293 1360 4352 Ἀϐιᾶ
1394 4311 1406 4325 ⁸
1464 4303 1551 4352 νῦν
1581 4293 1635 4351 δὲ
1667 4292 1720 4359 ἐξ
1766 4292 2056 4373 ἐφημερίας

2149 1877 2303 1956 quod
2337 1876 2606 1940 Christus
2637 1880 2885 1942 vererit.
2927 1880 3039 1944 Sed
3074 1891 3136 1945 et
3177 1881 3237 1943 in
3271 1882 3384 1945 hoc
3433 1892 3593 1946 recte
3636 1884 3795 1961 facit,

2146 1966 2300 2046 quod
2326 1968 2694 2030 ostendendo
2728 1978 2980 2050 tempus,
3010 1971 3230 2033 certius
3252 1972 3514 2033 ostendit.
3542 1971 3800 2052 Evange-

2144 2053 2312 2118 lium.
2348 2057 2589 2136 Copiam
2643 2057 2802 2120 enim
2853 2058 3181 2138 quaerendi,
3226 2060 3272 2121 si
3324 2061 3422 2141 qui
3467 2061 3692 2131 volent,
3741 2068 3802 2124 et

2142 2143 2729 2226 discendiEvangelii
2753 2147 3058 2210 veritatem
3083 2169 3116 2211 a
3143 2158 3411 2230 tempore
3429 2149 3588 2214 facit.
3614 2151 3683 2213 Et
3707 2151 3798 2212 in-

2141 2233 2284 2314 cipit
2304 2252 2338 2295 a
2362 2235 2646 2299 Zacharia
2667 2245 2724 2298 et
2749 2237 3048 2299 nativitate
3075 2238 3356 2302 Joannis:
3391 2239 3573 2320 idque
3605 2240 3797 2302 meri-

2144 2331 2221 2385 to.
2257 2321 2502 2395 Quando
2534 2326 2774 2406 quidem
2811 2327 2970 2388 enim
3004 2327 3078 2389 de
3109 2327 3331 2392 Christi
3362 2329 3666 2391 nativitate
3694 2329 3795 2391 di-

2141 2419 2344 2473 cturus
2366 2415 2738 2488 erat,Christi
2762 2423 2958 2476 autem
2979 2435 3312 2497 praecursor
3334 2427 3494 2480 esset
3511 2421 3794 2482 Joannes:

2145 2510 2548 2565 consentanee
2577 2513 2713 2566 ante
2744 2505 2965 2568 Christi
2999 2507 3632 2581 nativitatem,Joannis
3663 2527 3791 2569 nar-

2145 2600 2230 2652 rat
2257 2591 2644 2670 nativitatem,
2675 2600 2930 2675 eamque
2955 2614 3072 2657 non
3091 2597 3223 2658 sine
3248 2596 3636 2660 miraculo.Et
3658 2597 3792 2678 quia

2145 2681 2307 2760 virgo
2341 2682 2604 2760 paritura
2635 2692 2782 2757 erat,
2833 2685 3253 2764 praeordinavit
3296 2686 3454 2749 Deus
3499 2694 3562 2748 ut
3603 2686 3797 2749 vetula

2145 2779 2404 2852 pareret,
2437 2790 2556 2833 non
2588 2773 2914 2834 secundum
2949 2773 3139 2854 legem
3176 2781 3426 2846 naturae,
3456 2779 3694 2838 tametsi
3728 2795 3799 2840 ex

2145 2861 2290 2926 viro.
2324 2860 2473 2934 Quid
2505 2869 2701 2923 autem
2736 2870 2846 2937 est,
2900 2881 2969 2925 ex
3023 2864 3148 2926 vice
3197 2865 3406 2928 Abia‘?
3459 2866 3800 2945 lntelligunt

2142 2950 2384 3029 quidam
2411 2951 2520 3022 sic,
2546 2952 2702 3032 quod
2730 2951 2846 3012 duo
2890 2952 3111 3016 fuerint
3146 2955 3515 3029 sacerdotes,
3551 2973 3798 3016 succes-

2143 3038 2312 3100 sione
2335 3038 2738 3101 ministerium
2761 3041 3160 3121 perticientes,
3176 3061 3422 3124 quorum
3445 3062 3601 3106 unus
3621 3043 3794 3122 Abia,

2141 3127 2293 3190 alter
2317 3136 2514 3190 autem
2548 3128 2883 3192 Zacharias.
2910 3129 3056 3203 Quia
3087 3132 3261 3209 igitur
3288 3133 3619 3194 sacerdotio
3656 3133 3796 3195 fun-

2142 3227 2271 3280 ctus
2303 3226 2429 3280 erat
2459 3217 2630 3291 Abia,
2671 3227 2800 3299 post
2833 3219 2995 3281 illius
3025 3221 3418 3284 ministerium
3447 3222 3798 3284 ministravit

2141 3307 2317 3368 etiam
2351 3307 2688 3369 Zacharias.
2729 3307 2976 3370 Videtur
2992 3310 3122 3369 271
3165 3319 3362 3372 autem
3390 3329 3508 3372 non
3531 3311 3616 3372 sic
3634 3329 3788 3374 esse.

2136 3398 2416 3459 Salomon
2439 3397 2598 3459 enim
2624 3416 2756 3458 cum
2781 3398 3126 3477 perfecisset
3159 3400 3468 3480 templum,
3491 3400 3795 3462 constituit

2143 3496 2200 3546 et
2220 3487 2401 3566 vices,
2427 3488 2540 3548 hoc
2572 3495 2659 3548 est
2695 3486 3134 3551 hebdomadas:
3171 3496 3230 3551 et
3260 3489 3320 3550 in
3344 3507 3461 3551 una
3485 3489 3794 3552 constituit

2142 3575 2296 3636 ﬁlios
2317 3575 2600 3656 Chore,iu
2622 3577 2738 3636 alia
2753 3577 2974 3657 Asaph,
2989 3577 3049 3638 in
3068 3577 3183 3639 alia
3197 3577 3438 3648 Abia,in
3457 3578 3788 3642 aliaalium.

2141 3665 2324 3745 Igitur
2353 3665 2509 3745 quod
2544 3665 2688 3726 dicit
2723 3665 2905 3727 fuisse
2953 3665 3192 3729 device
3223 3667 3394 3748 Abia,
3441 3667 3527 3729 sic
3557 3675 3795 3746 oportet

2143 3754 2498 3833 intelligere,
2527 3754 2688 3834 quod
2741 3754 2814 3815 de
2846 3754 3221 3817 hebdomade
3251 3755 3402 3818 Abia
3431 3757 3629 3818 fuerit.
3662 3755 3791 3818 Non

2145 3844 2298 3922 quod
2328 3843 3063 3924 posthebdomadamAbia
3082 3844 3317 3908 functus
3333 3845 3410 3907 sit
3437 3845 3788 3908 ministerio:

2143 3933 2390 3996 dixisset
2417 3934 2736 4013 enim,post
2758 3933 3194 3996 hebdomadam
3219 3934 3389 3998 Abia:
3426 3943 3788 3996 nuncautem

2143 4042 2276 4084 cum
2309 4022 2477 4086 dixit.
2517 4023 2592 4085 de
2617 4023 2741 4084 vice
2771 4023 2943 4100 Abia,
2979 4025 3238 4087 ostendit
3286 4025 3440 4106 quod
3474 4041 3547 4087 ex
3577 4025 3792 4088 ordine

2143 4121 2200 4174 et
2228 4111 2779 4174 hebdomadeAbiaa
2801 4112 3342 4176 fuerit.Ostendere
3360 4123 3557 4176 autem
3593 4115 3792 4180 volens

2141 4201 2296 4283 quod
2331 4221 2399 4263 ex
2433 4211 2684 4283 utroque
2718 4211 2964 4282 parente
2995 4205 3257 4282 legitime
3285 4204 3462 4265 fuerit
3493 4197 3562 4266 ei
3588 4224 3792 4268 sacer-

2143 4291 2323 4353 dotali
2345 4309 2566 4370 genere
2585 4291 3044 4368 Joannes,dicit,
3069 4292 3140 4354 Et
3162 4313 3310 4354 uxor
3327 4296 3458 4373 ejus
3473 4293 3544 4354 de
3559 4294 3794 4358 ﬁliabus

394 4383 552 4441 Ἀιϐιᾶ
623 4387 810 4462 εἰπὼν,
869 4387 1184 4463 παρίστησι-ι
1264 4383 1346 4440 ὅτι
1412 4387 1474 4441 ὲκ
1541 4389 1639 4452 τῆς
1709 4383 1906 4449 τάξεως
1969 4392 2060 4440 τοῦ

2147 4383 2362 4443 Aaron.
2387 4381 2520 4444 Non
2554 4381 2714 4442 enim
2749 4381 2964 4443 licebat
2992 4399 3063 4442 ex
3086 4383 3199 4443 alia
3221 4383 3379 4443 tribu
3404 4400 3649 4444 uxorem
3673 4384 3790 4445 du-

399 4473 558 4531 ’.τλὸιᾶ
602 4477 690 4531 καὶ
745 4480 845 4542 τῆς
901 4472 1187 4550 ἑϐδομάδος
1245 4476 1353 4542 ἦν’
1415 4473 1581 4540 δεῖξαι
1634 4472 1689 4529 δὲ
1755 4473 1919 4530 θέλων
1979 4470 2059 4527 ὅτι

398 4565 722 4645 ἑκατέρωθεν
772 4565 1011 4640 νομίμως
1067 4564 1134 4631 ἧν
1189 4567 1454 4643 ἱερατικοῦ
1485 4564 1670 4642 γένους
1702 4563 1730 4618 Et
1776 4560 2058 4640 Ἰωάννης,

2144 4489 2304 4548 cere,
2341 4471 2444 4533 sed
2476 4489 2543 4532 ex
2575 4469 2807 4533 eadem.
2843 4469 3142 4532 Elisabeth
3174 4471 3657 4551 interpretamur,
3681 4471 3794 4535 Dei

2145 4561 2397 4638 quietem
2423 4581 2434 4620 :
2469 4559 3032 4638 Zachariasﬁautem,
3056 4562 3412 4622 memoriam
3437 4561 3709 4623 Domini.

398 4657 553 4734 φησὶ,
590 4655 684 4711 Καὶ
728 4655 763 4722 ἡ
792 4654 926 4731 γυνὴ
971 4654 1130 4710 αὐτοῦ
1160 4653 1221 4710 ἐκ
1248 4661 1352 4710 τῶν
1386 4653 1687 4732 θυγατέρων
1717 4651 1926 4730 ’Λαρών
1964 4667 1976 4680 ⁶
2015 4655 2075 4710 οὗ
2103 4652 2204 4730 γὰρ
2235 4649 2355 4717 ἐξῆν
2389 4650 2480 4707 ἀπ’
2512 4648 2680 4716 ἄλλης
2724 4649 2890 4729 φυλῆς
2924 4649 3213 4728 ἀγαγέσθαι
3244 4651 3498 4729 γυναῖκα,
3533 4649 3653 4706 ἀλλ’
3688 4651 3793 4716 ἀπὸ

398 4747 498 4812 τῆς
527 4747 690 4810 αὖτῆς
729 4763 742 4779 ⁶
778 4741 1058 4801 Ἐλισάϐετ
1089 4741 1140 4798 δὲ
1174 4744 1544 4824 ἑρμηνεύεται,
1578 4751 1710 4801 Θεοῦ
1739 4742 2034 4806 ἀνάπαυσις
2069 4757 2083 4772 ⁸
2120 4741 2388 4820 Ζαχαρίας
2435 4737 2514 4814 δὲ,
2550 4741 2740 4814 μνήμη
2773 4738 2991 4818 Κυρξου,

493 4857 517 4890 ι
564 4823 732 4892 Ἦσαν
761 4831 816 4889 δὲ
847 4832 1042 4890 δίκαιοι
1090 4835 1378 4914 ἀμφότεροι
1423 4835 1650 4890 ἐνώπιον
1693 4841 1784 4890 τοῦ
1838 4839 1993 4894 Θεοῦ,
2037 4853 2056 4886 ι

402 4921 666 4988 Πολλάκις
728 4921 868 4986 τινές
917 4925 1017 4980 εἰσι
1073 4922 1289 4998 δίκαιοι,
1352 4922 1472 4980 ἀλλ’
1531 4922 1627 4979 οὒκ
1688 4921 1915 4978 ἐνώπιον
1973 4926 2066 4978 τοῦ

397 5019 555 5093 Θεοῦ,
617 5011 754 5069 ἀλλὰ
809 5012 948 5070 κατὰ
1005 5014 1068 5070 τὸ
1123 5013 1470 5093 φαινόμενον,
1533 5013 1623 5069 καὶ
1677 5011 1902 5068 ἐνώπιον
1957 5016 2065 5066 τῶν

399 5103 693 5178 ἀνθρώπων
729 5119 742 5133 ⁸
793 5101 991 5159 ἐκεῖνοι
1054 5101 1108 5160 δέ
1186 5125 1245 5180 γε
1306 5104 1529 5160 ἐνώπιον
1589 5108 1682 5158 τεῦ
1735 5109 1869 5158 Θεοῦ
1933 5101 2066 5166 ἦσαν

402 5203 656 5255 τοιοῦτοι,
694 5217 722 5247 n
786 5194 1138 5271 Πορευόμετοι
1197 5193 1249 5250 ἐν
1307 5194 1504 5255 πάσαις
1537 5206 1661 5256 ταῖς
1709 5189 1952 5253 ἐντολαῖς
1982 5190 2068 5244 καὶ

403 5283 730 5357 δικαιώμασι
761 5291 854 5342 τοῦ
875 5283 1081 5362 Κυρίου,
1117 5280 1419 5358 ἄμεμπτοι.
1455 5306 1482 5337 »
1520 5279 1765 5340 Ἐντολαὶ
1796 5278 1916 5358 μὲν,
1950 5277 2067 5334 οἷον

405 5375 491 5447 το,
543 5373 616 5430 Οἱ)
648 5373 982 5452 μοιχεύσεις,
1031 5372 1102 5428 (ὶῦ
1145 5371 1363 5448 κλέψεις
1396 5391 1408 5404 ⁸
1459 5371 1794 5440 δικαιώματα
1840 5367 1916 5440 δὲ,
1951 5367 2070 5424 οἷον

409 5465 496 5541 τὸ,
547 5452 603 5518 Ὀ
659 5461 970 5539 κακολογῶν
1017 5462 1220 5540 πατέρα
1276 5462 1312 5530 ἢ
1373 5461 1603 5538 μητέρα,
1651 5460 1859 5532 θανάτῳ
1887 5455 2070 5513 τελευ-

405 5552 601 5609 τάτω·
653 5548 851 5608 δίκαιον
905 5551 1003 5629 γὰρ
1062 5551 1236 5612 τοῦτο.
1301 5553 1539 5608 Γίνωσκε
1594 5549 1674 5624 δὲ,
1736 5547 1816 5605 ὅτι
1861 5545 2072 5604 δύναται

401 5643 494 5697 καὶ
551 5644 585 5706 ἡ
669 5639 858 5706 ἐντολὴ
949 5639 1213 5715 δικαίωμα
1301 5642 1675 5716 ὀνομάζεσθαι,
1741 5641 1815 5701 ὡς
1875 5635 2073 5692 δίκαιον

2231 4831 2405 4892 Vens.
2445 4829 2504 4893 6.
2537 4853 2564 4885 α
2589 4827 2767 4890 Erant
2789 4840 2986 4888 autem
3012 4825 3188 4889 ambo
3200 4829 3352 4908 justi
3374 4845 3572 4890 coram
3604 4827 3724 4890 Deo
3761 4855 3795 4906 »ι

2149 4917 2398 4990 Quidam
2425 4918 2572 4997 justi
2605 4937 2764 4998 szepe
2796 4925 2956 4994 sunt,
3000 4925 3058 4979 at
3102 4936 3222 4979 non
3273 4936 3472 4980 coram
3506 4920 3654 4993 Deo,
3687 4918 3794 4981 sed

2146 5005 2210 5070 in
2266 5007 2530 5089 speciem
2589 5015 2840 5078 tantum,
2903 5015 2961 5069 et
3009 5024 3215 5069 coram
3267 5006 3660 5070 hominibus:
3708 5006 3798 5070 illi

2149 5105 2344 5159 autem
2379 5098 2554 5159 etiam
2590 5115 2788 5159 coram
2817 5099 2936 5159 Deo
2956 5097 3101 5176 justi
3121 5107 3312 5159 erant.
3348 5122 3373 5151 α
3410 5096 3800 5160 Ambulantes

2151 5188 2209 5247 in
2243 5187 2516 5249 omnibus
2549 5187 2862 5268 prmceptis
2903 5194 2960 5247 et
2996 5186 3523 5265 justificationibus
3564 5186 3801 5248 Domini

2155 5276 2716 5356 irreprehensibiles
2775 5301 2800 5331 ι
2837 5276 3110 5339 Mandata
3140 5276 3379 5358 quidam
3419 5285 3577 5357 sunt,
3611 5282 3678 5339 ut
3725 5281 3802 5338 n'e

2157 5365 2416 5442 occidas,
2449 5383 2524 5426 ne
2554 5365 2908 5426 adulterium
2942 5367 3277 5427 committas
3309 5365 3804 5445 :justilicationes

2157 5465 2378 5535 autem,
2413 5464 2479 5518 ut
2508 5455 2609 5535 qui
2640 5455 3012 5517 maledixerit
3047 5455 3220 5536 patri,
3257 5455 3347 5516 vel
3381 5457 3578 5528 matri,
3613 5464 3804 5517 morte

2158 5544 2468 5606 moriatur.
2499 5545 2727 5608 Justum
2762 5546 2916 5606 enim
2952 5544 3084 5606 hoc.
3119 5541 3276 5607 Scito
3308 5554 3504 5607 autem
3539 5545 3695 5627 quod
3743 5553 3814 5618 et,

2158 5633 2498 5696 mandatum
2553 5634 2902 5714 justificatio
2966 5634 3262 5696 nominari
3322 5643 3536 5714 potest,
3604 5642 3804 5712 utpote

1501 5791 1582 5852 Ex
1613 5785 1930 5851 collatione
1956 5780 2133 5845 codd.
2166 5779 2379 5850 Venet.
2407 5783 2470 5847 S.
2509 5785 2711 5848 Marci.

500 5917 626 6001 (96)
661 5916 810 5984 00d.
842 5916 945 5998 32,
979 5917 1236 5995 ἐξετάζειν
1279 5921 1522 5992 εἰκότως.
