4232 6430
445 369 563 434 695

1416 369 2008 432 THEOPHYLACTI
2054 365 2461 430 BULGARIIQ
2506 369 2865 432 ARCHIEP.

3707 358 3824 426 696

442 504 669 585 justum
700 501 924 565 faciens
956 500 1285 572 hominem,
1335 499 1458 562 imo
1500 506 1559 561 et
1600 498 1707 562 Dei
1749 500 2093 581 justiticatio

2177 507 2402 557 ποιοῦσα
2457 501 2547 557 τόν
2590 500 2885 581 ἄνθρωπον,
2933 500 3136 578 μᾶλλον
3186 500 3241 556 δὲ
3299 499 3386 556 καὶ
3412 504 3505 555 τοῦ
3539 503 3674 553 Θεοῦ
3703 496 3829 552 οὖσα

450 590 769 655 exsistens.
801 587 866 649 In
898 588 999 651 die
1026 589 1184 650 enim
1219 588 1338 669 illa,
1372 587 1538 670 quasi
1579 588 1861 669 scriptam
1893 609 2094 672 quam-

448 680 585 744 dam
607 678 1098 760 justiﬁcationem
1151 677 1380 740 habens
1410 679 1573 742 Deus
1618 676 1746 758 ipsa
1795 681 2092 763 mandata,

444 769 805 836 condemnat
847 785 979 831 nos.
1027 764 1153 829 Nisi
1202 768 1360 830 enim
1404 766 1727 848 venissem,
1773 769 1986 851 inquit,
2038 781 2098 833 et

445 860 678 923 locutus
707 873 900 920 essem
930 855 1040 937 eis,
1089 864 1396 937 peccatum
1448 874 1568 917 non
1615 856 1989 922 habuissent.
2023 859 2094 922 Et

444 949 703 1011 iterum:
739 944 952 1009 Sermo
1000 963 1181 1026 quem
1230 945 1463 1007 locutus
1503 962 1635 1006 sum
1681 946 1790 1021 eis,
1846 946 1945 1010 ille
1993 968 2097 1011 eos

444 1035 891 1102 condemnabit.
931 1033 1128 1107 Qnare
1156 1042 1350 1096 autem
1370 1052 1505 1097 cum
1534 1034 1699 1109 dixit,
1723 1034 2098 1100 ambulantes

444 1128 506 1191 in
540 1124 817 1189 omnibus
850 1124 1167 1196 mandatis,
1188 1122 1477 1203 adjunxit,
1505 1124 2099 1204 irrepr‘ehensibiles?

444 1215 621 1280 Audi.
655 1212 821 1277 Multi
878 1211 1183 1274 ambulant
1237 1213 1296 1273 in
1352 1212 1483 1290 lege
1538 1213 1667 1292 Dei,
1736 1215 1839 1276 sed
1900 1217 2100 1279 omnia

444 1306 670 1370 faciunt
701 1314 767 1368 ut
802 1302 1119 1366 videantur
1161 1301 1237 1363 ab
1284 1301 1647 1364 hominibus.
1700 1302 1873 1365 Tales
1918 1306 2100 1385 igitur

449 1414 568 1459 non
598 1402 737 1456 sunt
766 1390 1351 1473 irreprehensibiles.
1378 1390 1493 1453 Sed
1522 1392 1833 1455 Zacharias
1862 1402 1921 1455 et
1959 1395 2099 1457 fecit

447 1485 750 1558 mandata,
784 1489 843 1544 et
880 1480 1030 1543 citra
1082 1479 1615 1560 reprehensionem
1663 1481 1822 1543 fecit.
1873 1502 1992 1547 non
2035 1496 2096 1549 ut

446 1571 795 1638 hominibus
825 1570 1053 1653 placeat
1085 1570 1220 1632 talia
1250 1569 1496 1632 faciens.

524 1661 712 1726 Vens.
749 1661 807 1722 7.
847 1684 867 1716 ι
911 1658 1034 1722 Nec
1065 1666 1191 1721 erat
1237 1658 1359 1720 illis
1389 1660 1611 1741 proles,
1648 1679 1718 1721 eo
1761 1662 1917 1743 quod
1964 1665 2093 1729 Eli-

444 1752 652 1816 sabeth
693 1749 914 1844 sterilis
940 1757 1100 1810 esset
1143 1757 1202 1844 et
1228 1746 1403 1809 ambo
1431 1758 1723 1844 provectaa
1745 1750 1869 1830 jam
1906 1756 2095 1818 aetatis
2117 1794 2155 1844 Β

445 1851 704 1905 essent.»
723 1842 1024 1900 Justorum
1053 1836 1336 1899 mulieres
1366 1838 1638 1919 etjustae,
1670 1857 1830 1920 saepe
1859 1844 2094 1906 steriles

440 1931 705 2010 fuerunt,
741 1937 804 1990 ut
832 1928 1026 1989 discas
1062 1928 1254 2006 legem
1286 1944 1406 1988 non
1432 1930 1670 2006 exigere
1695 1932 2091 2009 corporalium

443 2019 701 2084 ﬁliorum
763 2015 1261 2098 procreationem,
1311 2015 1416 2078 sed
1465 2015 1894 2097 spiritualium.
1944 2023 2093 2083 Pro-

440 2116 627 2173 vectaa
648 2116 847 2171 autem
869 2107 1056 2169 aetatis
1076 2104 1252 2167 ambo
1271 2113 1464 2187 erant,
1490 2112 1608 2168 tam
1624 2125 1900 2187 corpore,
1918 2128 2093 2190 quam

441 2199 662 2262 anima.
724 2195 961 2261 Etenim
1014 2196 1182 2275 juxta
1247 2194 1505 2256 animam
1556 2196 1988 2277 profecerant5
2038 2208 2098 2262 et

443 2286 746 2368 progressi
775 2294 971 2360 erant,
1016 2290 1307 2366 ponentes
1345 2285 1733 2349 ascensiones
1782 2286 1843 2348 in
1891 2291 2094 2372 corde,

442 2386 503 2440 et
529 2378 690 2441 diem
731 2375 1046 2449 habentes,
1079 2373 1185 2435 sed
1224 2392 1343 2435 non
1392 2383 1627 2437 noctem
1661 2377 1839 2439 vitam
1875 2401 1888 2437 :
1937 2388 2003 2441 ut
2034 2379 2094 2441 in

445 2467 578 2531 luce
607 2466 858 2528 honeste
886 2471 1153 2545 agentes.

523 2643 707 2708 Vens.
731 2642 897 2709 8-10.
937 2665 959 2699 ι
991 2639 1238 2704 Factum
1270 2648 1363 2705 est
1380 2649 1578 2704 autem
1602 2662 1735 2704 cum
1761 2647 2097 2714 sacerdOtio

442 2733 797 2815 fungeretur
839 2730 1152 2795 Zacharias
1183 2730 1244 2791 in
1291 2730 1507 2793 ordine
1549 2733 1691 2793 vicis
1743 2753 1866 2797 suae
1896 2756 2094 2799 coram

444 2826 592 2897 Deo,
621 2822 952 2885 secundum
997 2819 1495 2883 consuetudinem
1539 2821 1863 2885 functionis
1894 2844 2097 2889 sacer-

443 2912 682 2993 dotalis,
729 2929 860 2972 sors
919 2909 1007 2971 illi
1062 2909 1299 2971 obvenit
1354 2919 1417 2970 ut
1472 2911 1689 2973 odores
1746 2913 2099 2980 incenderet

442 3003 750 3083 ingressus
766 3001 827 3063 in
860 3000 1145 3082 templum
1179 2999 1438 3077 Domini,
1465 3010 1523 3062 et
1554 3002 1749 3065 omnis
1780 3005 2094 3070 multitudo

443 3090 647 3175 populi
694 3089 1048 3172 precabatur
1084 3089 1228 3151 foris
1278 3096 1546 3171 tempore
1597 3092 2014 3173 thymiamatis.
2066 3126 2087 3151 ι»

2179 585 2467 663 δικαίωμα,
2517 586 2607 646 Ἐν
2654 591 2755 669 γὰρ
2805 596 2871 667 τῇ
2903 591 3077 669 ἡμέρᾳ
3105 588 3280 665 ἐκείνῃ
3309 588 3491 664 ὥσπερ
3520 607 3571 641 τι
3611 582 3830 641 δικαίω-

2180 699 2254 751 μα
2304 676 2588 758 ἴγγραφον,
2655 678 2800 759 ἔχων
2863 682 2891 736 ὁ
2947 681 3078 743 Θεὸς
3110 680 3203 744 τας
3231 675 3475 755 ἐντολὰς,
3534 674 3834 751 κατακρίνει

2177 765 2348 840 ἡμᾶς.
2396 769 2453 825 Εἰ
2496 768 2576 842 μή
2619 767 2785 835 ἦλθον
2825 769 2950 849 γὰρ,
2998 769 3151 848 φησὶ,
3185 769 3272 823 καὶ
3332 764 3572 831 ἐλάλησα
3621 764 3833 840 αὐτοῖς,

2178 856 2435 935 ἁμαρτίαν
2466 858 2561 915 οὒκ
2603 858 2766 939 εἶχον
2797 875 2812 891 ⁸
2862 860 2951 914 καὶ
2981 857 3162 937 πάλιν,
3202 849 3259 914 Ὀ
3304 854 3462 933 λόγος
3495 854 3555 910 ὃν
3598 851 3836 918 ἐλάλησα

2178 947 2387 1017 αὐτοῖς,
2446 944 2656 1009 ἐκεῖνος
2702 947 2889 1010 αὐτοὺς
2940 960 3137 1026 κρινεῖ,
3193 946 3343 1009 Τίνος
3373 942 3427 999 δὲ
3458 941 3635 999 ἕνεκεν
3668 939 3830 1019 πρόσο

2178 1053 2347 1089 κειται
2422 1037 2522 1113 τῷ,
2584 1035 2929 1113 πορευόμενοι
3002 1036 3056 1092 ἐν
3132 1036 3327 1097 πάσαις
3385 1046 3509 1094 ταῖς
3560 1030 3833 1107 ἐντολαῖς,

2177 1123 2263 1193 τὸ,
2316 1120 2588 1197 ἄμεμπτοι
2624 1143 2641 1199 ;
2685 1122 2900 1183 "Anu:
2935 1140 2948 1154 ⁸
2985 1123 3242 1188 πολλάκις
3274 1124 3410 1184 τινὲς
3444 1122 3751 1200 πορεύονται
3781 1119 3835 1175 ἐν

2180 1215 2257 1283 τῷ
2312 1211 2460 1286 νόμῳ
2512 1223 2604 1272 τοὺ
2662 1213 2815 1285 Θεοῦ,
2878 1213 3014 1270 ἀλλὰ
3072 1215 3245 1270 πάντα
3302 1222 3510 1270 ποιοῦσι
3584 1211 3714 1285 πρὸς
3775 1210 3837 1267 τὸ

2179 1300 2426 1365 θεαθῆναι
2470 1314 2589 1364 τοῖς
2647 1302 2941 1380 ἀνθρώποις
2976 1319 2991 1333 ⁶
3037 1300 3243 1359 οὔκουν·
3277 1301 3549 1376 ἄμεμπτοι
3579 1299 3627 1353 οἱ
3657 1304 3834 1354 τοιοῦ-

2178 1401 2313 1444 τοι·
2378 1391 2405 1445 ὁ
2457 1388 2511 1445 δὲ
2569 1393 2839 1471 Ζαχαρίας
2888 1414 2976 1448 και
3033 1392 3257 1470 ἔπραττε
3313 1392 3407 1453 τας
3462 1386 3703 1459 ἐντολὰς,
3748 1385 3837 1442 καὶ

2182 1477 2462 1553 ἂμέμπτος
2508 1478 2754 1557 ἔπραττε,
2818 1480 2896 1557 μὴ
2954 1478 3038 1536 διὰ
3098 1482 3158 1535 τὸ
3188 1479 3370 1558 ἀρέσαι
3399 1490 3518 1540 τοῖς
3545 1477 3834 1554 ἀνθρώποις

2178 1567 2371 1632 ταύτας
2402 1567 2596 1631 τελῶν,

2424 1659 2437 1676 \
2530 1659 2545 1678 9
2650 1658 2676 1678 Ὺ
2807 1658 2820 1675 Ἰ
3030 1656 3039 1673 ο
3327 1653 3341 1674 θ
3373 1655 3398 1676 Ρ
3499 1657 3509 1677 ι
3558 1654 3572 1675 9
3607 1652 3637 1674 u‘
3728 1654 3737 1666 ⁸

2265 1677 2289 1711 ιι
2344 1666 2441 1713 Και
2494 1679 2588 1713 ουκ
2648 1680 2713 1725 ην
2770 1671 2953 1723 αυτοῖς
2984 1677 3191 1730 τεκνον,
3224 1662 3323 1714 καθ
3372 1678 3452 1711 οτι
3492 1680 3524 1722 η
3580 1651 3837 1711 βλισαϐετ

2178 1748 2245 1812 ἦν
2295 1758 2481 1823 στεῖρα
2510 1758 2529 1778 ⁸
2601 1748 2687 1802 καὶ
2767 1746 3052 1827 ὂμφότεροι
3121 1743 3510 1826 προϐεϐηκότες
3583 1744 3635 1800 ἐν
3710 1755 3834 1804 ταῖς

2177 1831 2401 1911 ἡμέραις
2444 1838 2616 1892 αὐτῶν
2662 1840 2819 1903 ἦσαν.
2863 1860 2890 1890 ιο
2951 1837 3015 1892 Αἱ
3064 1842 3167 1891 τῶν
3198 1833 3413 1890 δικαίων
3441 1846 3715 1911 γυναῖκες.
3748 1834 3835 1887 καὶ

2177 1923 2227 1977 αἱ
2281 1919 2502 1997 δίκαιαι,
2536 1923 2800 1989 πολλάκις
2835 1924 3044 1982 ἄτεκνοι
3080 1946 3095 1961 θ
3127 1925 3221 1981 ’ἵνα
3252 1927 3311 1979 συ
3344 1926 3540 1999 μάθῃς,
3578 1921 3655 1977 ὅτι
3690 1924 3717 1977 ὁ
3749 1921 3834 1976 νόο

2178 2032 2277 2086 μος
2335 2013 2429 2068 οὐκ
2484 2014 2705 2069 ἀπαιτεῖ
2734 2012 3081 2073 πολυτεκνίαν
3126 2012 3466 2086 σωματικὴν,
3497 2009 3633 2066 ἀλλὰ
3675 2032 3832 2066 πνευ-

2179 2102 2434 2175 ματικήν,
2521 2101 2917 2182 [Ιροῦεϐηκότες
2999 2100 3054 2159 δὲ
3129 2103 3264 2171 ἦσαν
3354 2101 3667 2181 ἀμφότεροι,
3750 2108 3837 2160 καὶ

2178 2192 2313 2246 κατὰ
2343 2193 2404 2247 τὸ
2434 2192 2589 2265 σῶμα
2630 2196 2717 2248 καὶ
2772 2194 2909 2250 κατὰ
2956 2195 3016 2249 τὸ
3042 2198 3250 2268 πνεῦμα
3284 2208 3297 2222 ’
3330 2194 3417 2247 καὶ
3447 2192 3546 2268 γὰρ
3577 2191 3661 2245 καὶ
3703 2191 3839 2245 κατὰ⁴

2179 2280 2364 2359 ψυχὴν
2434 2279 2761 2361 προέϐησαν,
2834 2282 3070 2339 τουτέστι
3145 2282 3469 2359 προέκοψαν,
3558 2277 3837 2342 ἀναϐάσεις

2178 2367 2233 2422 ἰν
2288 2376 2357 2445 τῇ
2398 2367 2583 2446 καρδὶᾳ
2610 2372 2893 2447 τιθέμενοι,
2958 2374 3045 2428 καὶ
3099 2372 3303 2446 ἡμέραν
3333 2371 3578 2450 ἔχοντες,
3610 2367 3731 2423 ἀλλ’
3775 2370 3838 2424 οὔ

2179 2456 2335 2513 νύκτα
2365 2459 2455 2515 τὸν
2482 2460 2621 2535 βίον,
2666 2463 2739 2520 ὡς
2789 2460 2843 2517 ἐν
2894 2463 3028 2541 φωτὶ
3073 2463 3483 2540 περιπατοῦντες
3550 2460 3833 2537 εὐσχημό-

2179 2568 2304 2610 νως.

2267 2660 2291 2691 ιι
2328 2635 2575 2715 Ἐγένετο
2636 2637 2691 2695 δὲ
2739 2641 2794 2697 ἐν
2840 2646 2917 2713 τῷ
2970 2640 3250 2718 ἱερατεύειν
3310 2639 3465 2696 αὐτὸν
3498 2637 3553 2693 ἐτ
3588 2643 3652 2714 τῇ
3694 2637 3835 2702 τέξει

2178 2725 2275 2792 τῆς
2326 2724 2614 2806 ἐφημερίας
2667 2729 2822 2786 αὐτού
2887 2728 3056 2785 ἔναντι
3108 2736 3201 2785 τοῦ
3242 2735 3397 2800 Θεοῦ,
3448 2728 3585 2783 κατὰ
3632 2728 3693 2783 τὸ
3723 2724 3837 2792 ἔθος

2180 2816 2279 2891 τῆς
2331 2818 2611 2893 ἱερατείας,
2673 2816 2839 2897 ἔλαχε
2898 2830 2989 2877 τοῦ
3030 2819 3306 2895 θυμιάσαι,
3357 2815 3602 2872 εἰσελθὼν
3635 2817 3707 2879 εἰς
3745 2816 3835 2872 τὸν

2182 2905 2306 2957 ναὸν
2355 2916 2448 2963 τοὺ
2503 2906 2686 2985 Κυρίου
2720 2922 2734 2935 ⁹
2800 2909 2886 2964 καὶ
2937 2916 3040 2965 πᾶν
3106 2911 3158 2963 τὸ
3218 2906 3420 2973 πλῆθος
3465 2906 3531 2972 ἦν
3561 2908 3653 2961 τοῦ
3708 2912 3837 2962 λαοῦ

2178 2996 2614 3073 προσευχόμενον
2670 2994 2769 3061 ἔξω
2812 3002 2878 3073 τῇ
2906 2998 3017 3075 ὥρᾳ
3061 3004 3151 3053 του
3207 2996 3565 3071 θυμιάματος.
3602 3018 3627 3048 ι
3688 2992 3832 3051 ’Ἔν-

2180 3104 2294 3137 αντι
2353 3091 2485 3140 Θεοῧ
2530 3088 2575 3139 οἱ
2643 3088 2856 3164 καθαροὶ
2926 3089 3079 3163 μόνοι
3152 3085 3502 3163 ἱερατέυοοσιν
3542 3101 3554 3113 ·
3617 3085 3722 3138 ἀπὸ
3780 3082 3836 3139 δὲ

443 3173 654 3247 Coram
686 3179 808 3271 Deo
826 3178 1032 3241 mundi
1064 3177 1339 3271 δοῦ-222
1372 3180 1710 3271 sacerdotio
1741 3182 2088 3271 funguntur,

2177 3178 2282 3225 των
2333 3175 2409 3247 μὴ
2468 3177 2709 3253 καθαρῶν
2760 3176 3075 3255 ἀποστρέφει
3130 3177 3157 3231 ὅ
3221 3175 3361 3269 Θεὸς⁸
3429 3175 3489 3230 τὸ
3545 3173 3832 3245 πρόσωπον

2217 3262 2229 3271 ι
2307 3263 2331 3271 ι.
2410 3261 2483 3271 -ι
2584 3262 2618 3271 ι.
2661 3262 2702 3271 ...ι
2988 3270 2993 3271 ,
3124 3266 3132 3271 .
3327 3252 3405 3271 Ἰ--
3500 3263 3510 3271 ι

440 3271 515 3334 ab
536 3269 789 3353 impuris
802 3276 997 3331 autem
1016 3269 1227 3331 avertit
1248 3268 1405 3331 Deus
1417 3269 1627 3331 faciem
1643 3261 2088 3346 suam.Quando

2176 3262 2353 3323 αὐτού.
2409 3261 2544 3317 Πότε
2576 3262 2631 3317 δὲ
2661 3262 2825 3343 ἔλαχε
2858 3287 2947 3319 του
2980 3266 3231 3339 θυμιάσαι
3267 3279 3283 3336 ;
3332 3261 3409 3317 ’Ἠ
3441 3263 3651 3323 πάντως
3696 3283 3833 3317 κατα

441 3369 636 3424 autem
670 3378 800 3421 sors
833 3358 921 3419 illi
951 3358 1191 3421 obvenit
1226 3366 1292 3421 ut
1320 3358 1669 3423 incenderet
1696 3360 1960 3424 odores?
1988 3361 2087 3427 Vel

441 3448 686 3511 omnino
712 3448 1041 3511 secundum
1086 3456 1321 3527 tempus
1350 3446 1814 3528 deprecationis,
1852 3455 2088 3532 quando

441 3539 603 3601 solus
634 3539 692 3600 in
721 3539 938 3601 Sancta
966 3546 1311 3600 sanctorum
1341 3536 1791 3616 ingrediebatur
1820 3559 2090 3605 summus

440 3626 722 3691 sacerdos
747 3647 760 3685 :
790 3635 854 3687 ut
881 3625 1181 3688 discamus
1204 3625 1363 3707 quod
1395 3626 1896 3703 quemadmodum
1924 3649 2052 3691 sum
2076 3668 2088 3675 -

442 3735 575 3780 mus
604 3716 886 3779 sacerdos
917 3716 1027 3778 iste
1055 3715 1361 3794 ingressus
1402 3714 1464 3776 in
1497 3714 1713 3778 Sancta
1751 3729 2091 3783 sanctorum

439 3807 701 3869 fructum
729 3804 985 3886 accepit,
1017 3804 1104 3867 sic
1155 3812 1212 3868 et
1251 3803 1539 3866 Dominus
1566 3804 1740 3867 Jesus
1774 3806 1904 3888 ipse
1932 3810 2095 3872 solus

441 3904 502 3960 et
532 3914 741 3958 revera
783 3913 1051 3958 summus
1100 3893 1379 3957 sacerdos
1422 3895 1723 3971 ingressus
1763 3897 1822 3958 in
1880 3900 2093 3962 Sancta

440 3993 808 4059 sanctorum,
842 3985 954 4047 hac
979 3992 1072 4046 est
1103 3984 1162 4044 in
1189 3983 1405 4045 caelum
1443 4002 1576 4046 cum
1610 4002 1813 4066 carne,
1842 3986 2091 4050 fructum

439 4074 672 4155 accepit
701 4092 986 4155 suaa,quae
1008 4073 1069 4134 in
1096 4090 1275 4135 carne
1301 4072 1807 4146 erat,visitationis
1832 4086 2090 4140 nostram

438 4162 687 4226 salutem
720 4172 778 4227 et
807 4163 864 4224 in
899 4162 1055 4225 ﬁlios
1086 4162 1491 4243 adoptionem.

519 4251 701 4316 Vens.
742 4254 835 4316 11.
877 4273 903 4311 ε
926 4252 1216 4334 Apparuit
1243 4259 1439 4315 autem
1473 4251 1560 4313 illi
1589 4252 1834 4332 angelus
1862 4254 2097 4318 Domini

439 4349 603 4405 stans
632 4360 667 4405 a
688 4341 913 4405 dextris
933 4342 1136 4406 altaris
1167 4341 1792 4423 thymiamatis.)Non
1817 4345 2097 4407 omnibus

435 4439 685 4514 apparet
710 4432 982 4513 angelus,
1031 4432 1137 4494 sed
1186 4430 1428 4493 mundis
1476 4432 1679 4507 corde,
1733 4433 1926 4513 qualis
1969 4443 2097 4497 erat

432 4521 769 4586 Zacharias.
804 4522 1005 4585 Altare
1052 4529 1249 4584 autem
1304 4520 1703 4601 thymiamatis
1751 4522 1919 4599 dixit,
1955 4525 2093 4605 quia

433 4618 562 4673 erat
592 4618 651 4674 et
673 4612 929 4675 alterum
959 4611 1144 4675 altare
1175 4611 1686 4674 holocaustorum.

513 4787 697 4854 Vsus.
739 4788 952 4855 12-14.
990 4814 1019 4846 α
1052 4791 1125 4853 Et
1166 4788 1437 4852 turbatus
1483 4798 1572 4850 est
1617 4788 1953 4867 Zacharias,
1988 4790 2090 4852 illo

430 4879 578 4954 viso,
612 4897 682 4941 ac
712 4877 893 4941 timor
921 4878 1091 4941 irruit
1144 4896 1327 4961 super
1365 4896 1530 4941 eum.
1580 4877 1738 4940 Dixit
1783 4888 1982 4943 autem
2015 4881 2087 4941 ad

430 4986 568 5030 eum
622 4968 871 5046 angelus
922 4987 936 5032 :
993 4966 1078 5031 Ne
1139 4969 1367 5040 timeas,
1430 4966 1739 5044 Zacharia,
1809 4967 2089 5048 quoniam

431 5057 705 5121 exaudita
751 5066 842 5120 est
879 5058 1226 5138 deprecatio
1273 5065 1408 5119 tua:
1448 5076 1721 5138 uxorque
1773 5064 1872 5119 tua
1901 5056 2089 5119 Elisa-

430 5145 572 5209 beth
623 5147 814 5229 pariet
862 5148 966 5210 tibi
1020 5147 1234 5222 ﬁlium,
1281 5154 1342 5209 et
1393 5146 1630 5209 vocabis
1683 5164 1900 5209 nomen
1959 5147 2089 5226 ejus

426 5236 716 5299 Joannem
771 5259 785 5297 :
847 5246 905 5300 et
963 5236 1079 5298 erit
1123 5237 1403 5318 gaudith
1462 5236 1570 5298 tibi
1634 5245 1693 5297 et
1743 5234 2080 5310 exsultatio,

431 5325 715 5408 multique
746 5326 805 5387 in
839 5327 1136 5389 nativitate
1158 5327 1286 5407 ejus
1314 5325 1680 5406 gaudebunt.
1723 5350 1747 5381 η
1785 5323 2085 5387 Turbatur

427 5412 672 5495 quidem
713 5415 1049 5479 Zacharias.
1083 5414 1344 5478 Insolitai
1388 5416 1548 5478 enim
1598 5414 1854 5479 visiones
1903 5414 2077 5475 etiam

422 5511 662 5567 sanctos
691 5504 953 5569 turbant.
987 5503 1209 5569 Verum
1244 5505 1474 5585 angelis
1504 5504 1815 5568 confestim
1866 5501 2073 5565 turba-

499 5640 532 5690 δ
565 5639 716 5703 Psal.
744 5654 991 5713 unm,
1028 5642 1088 5702 1.

2172 3350 2261 3405 τὸν
2310 3354 2490 3429 καιρὸν
2543 3362 2634 3408 του
2664 3352 2913 3429 ἱλασμοῦ,
2975 3353 3059 3409 ὅτε
3119 3354 3279 3427 μόνος
3334 3352 3620 3430 εἰσήρχετο
3651 3351 3724 3414 εἷς
3766 3350 3834 3407 τὰ

2177 3438 2349 3517 ’Ἅγια
2406 3447 2512 3496 τῶν
2574 3443 2737 3521 ἁγίων
2798 3445 2823 3498 ὁ
2892 3445 3172 3522 ἀρχιερεύς
3211 3458 3223 3471 ·
3298 3440 3390 3495 Ἵνα
3458 3442 3708 3515 μάθωμεν
3750 3438 3833 3495 ὅτι

2176 3529 2352 3602 ὥσπερ
2414 3533 2440 3585 ὁ
2472 3531 2745 3610 ἀρχιερεὺς
2799 3535 2977 3602 οὗτος,
3026 3532 3274 3587 εἰσελθὼν
3319 3531 3390 3595 εἷς
3425 3531 3487 3584 τὰ
3522 3519 3696 3606 ιἈγια
3726 3534 3832 3585 τῶν

2178 3618 2341 3691 ἁγίων
2400 3617 2552 3675 ἔλαϐε
2612 3621 2836 3699 καρπὸν,
2902 3622 3040 3678 οὕτω
3081 3624 3168 3678 καὶ
3211 3624 3238 3676 ὁ
3300 3622 3482 3695 Κύριος
3533 3616 3740 3684 ἰτισοῧς
3806 3619 3836 3675 δ

2178 3711 2335 3783 μόνος
2386 3711 2470 3764 καὶ
2500 3710 2669 3788 μέγας
2700 3717 2777 3783 τῷ
2832 3710 2943 3767 ὄντι
2990 3711 3293 3790 ἀρχιερεὺς,
3341 3707 3587 3764 εἰσελθὼν
3640 3709 3710 3768 εἷς
3769 3709 3836 3763 τὰ

3086 3848 3101 3879 ,
3148 3802 3220 3863 εἰς
3296 3800 3384 3854 τὸν
3440 3799 3655 3876 οὐρανὸν
3698 3798 3837 3871 μετὰ

2179 3888 2392 3964 σαρκὸς,
2440 3884 2596 3943 ἔλαϐε
2647 3889 2847 3964 καρπόν
2892 3889 2985 3957 τῆς
3034 3888 3285 3968 ἰνσέρκου
3334 3889 3491 3945 αὐτοῦ
3520 3882 3830 3967 ἐπιδημίας,

2175 3979 2273 4044 την
2305 3976 2565 4053 ἡμετέραν
2609 3978 2864 4033 υἱοθεσίαν
2894 4000 2981 4033 και
3011 3979 3301 4057 σωτηρίαν.

2266 4090 2291 4119 α
2330 4057 2520 4145 "alcon
2550 4062 2601 4120 δὲ
2637 4069 2776 4140 αὐτῷ
2832 4066 3056 4145 ἅγγελος
3110 4066 3325 4146 Κυρίου,
3360 4067 3525 4127 ἑστὼς
3562 4064 3619 4119 ἐκ
3649 4063 3831 4130 δεξιῶν

2179 4164 2269 4213 τοῦ
2309 4156 2680 4234 θυσιαστηρίου
2735 4168 2826 4211 του
2881 4159 3236 4233 θυμιάματος,
3292 4183 3317 4215 ο
3382 4155 3454 4213 Oi)
3485 4163 3613 4210 πᾶσι
3644 4156 3832 4234 φαίνε-

2180 4269 2264 4302 ται
2295 4249 2322 4302 ὁ
2365 4243 2614 4325 ἅγγελος,
2647 4244 2783 4300 ἀλλὰ
2813 4260 2931 4309 τοῖς
2986 4250 3237 4325 καθαροῖς
3274 4252 3339 4323 τῇ
3368 4244 3576 4324 καρδίᾳ,
3611 4245 3731 4311 οἶος
3766 4246 3833 4312 ἦν

2180 4340 2206 4392 ὁ
2252 4336 2544 4414 Ζαχαρίας.
2606 4338 2989 4413 Θυσιαστήριον
3129 4343 3222 4393 τοῦ
3270 4337 3599 4410 θυμιάματος
3648 4335 3827 4409 εἶπεν,

2180 4424 2292 4481 insi
2331 4423 2397 4493 ἦρ
2450 4423 2537 4479 καὶ
2578 4422 2752 4502 ἕτερον
2810 4427 3199 4504 θυσιαστήριον,
3263 4448 3319 4480 τι)
3370 4447 3473 4480 των
3521 4423 3832 4481 ὁλοκαυτω-

2179 4516 2383 4591 μάτων.

2182 3788 2355 3873 ’Ἅγια
2398 3798 2505 3853 τῶν
2565 3800 2754 3876 ἁγίων,
2812 3801 3077 3856 τουτέστιν

2260 4805 2287 4835 α
2334 4779 2439 4843 Καὶ
2484 4780 2754 4861 ἐταράχθη
2786 4785 3056 4861 Ζαγαρίας
3117 4783 3259 4862 ἰδὼν,
3312 4783 3397 4836 καὶ
3444 4780 3604 4861 φόϐος
3638 4783 3831 4837 ὶπέτε-

2174 4892 2263 4926 σεν
2294 4871 2379 4928 ἐπ’
2440 4870 2619 4933 αὐτόν,
2670 4875 2805 4928 Εἷπε
2851 4871 2905 4927 δὲ
2950 4875 3081 4950 πρὸς
3129 4874 3280 4928 αὐτον
3326 4874 3353 4925 ὁ
3402 4869 3631 4947 ἄγγελος
3670 4886 3682 4898 ⁸
3746 4872 3837 4937 Μὴ

2176 4959 2363 5040 φοϐοῦ,
2412 4961 2675 5039 Ζαχαρία,
2736 4958 2873 5015 διότι
2933 4963 3252 5028 εἰσηκούσθη
3297 4963 3332 5027 η
3360 4959 3541 5025 δέησις
3573 4982 3664 5015 σου
3701 4979 3711 4990 ·
3752 4962 3841 5014 καὶ

2174 5052 2207 5117 ἡ
2261 5051 2392 5128 γυνή
2445 5071 2538 5105 σου
2596 5047 2873 5105 Ἐλισαϐετ
2927 5052 3173 5128 γεννήσει
3230 5051 3340 5105 υἱόν
3412 5069 3513 5127 σοι,
3592 5049 3679 5103 καὶ
3731 5070 3837 5104 κα-

2172 5138 2343 5202 λέσεις
2389 5140 2448 5195 τὸ
2478 5134 2645 5214 ὄνομα
2703 5139 2861 5196 αὐτοῦ
2899 5138 3150 5206 Ἰωάννην
3184 5156 3198 5170 ·
3262 5140 3348 5193 καὶ
3383 5137 3528 5192 ἔσται
3560 5139 3705 5217 χαρά
3752 5160 3835 5192 σοι

2169 5231 2257 5286 καὶ
2308 5226 2641 5308 ἀγγελίασις,
2703 5231 2788 5284 καὶ
2856 5228 3046 5286 πολλοὶ
3103 5229 3187 5285 ἐπὶ
3261 5234 3329 5303 τῇ
3385 5247 3630 5305 γεννησει
3676 5229 3837 5284 αὒτοὺ

2167 5321 2518 5399 χαρήσονται.
2571 5340 2594 5374 ε
2674 5319 2997 5397 Ταράττεται
3045 5319 3141 5394 μὲν
3192 5321 3219 5373 ὁ
3291 5316 3582 5395 Ζαχαρίας.
3631 5315 3828 5370 Ἀσυν-

2165 5413 2299 5481 ήθης
2345 5409 2443 5487 γὰρ
2484 5409 2606 5481 idat;
2679 5411 2765 5464 καὶ
2829 5410 2952 5473 τοὺς
3005 5410 3182 5488 ἁγίοιλς
3246 5410 3509 5485 ταράττει,
3586 5403 3739 5462 Ἀλλ’
3801 5408 3828 5460 ὁ

2165 5496 2390 5576 ἅγγελος
2462 5496 2812 5553 καταστέλλει
2868 5500 2965 5563 τὴν
3017 5500 3260 5577 ταραχήν
3299 5513 3310 5526 ’
3391 5500 3668 5571 πανταχοῦ
3730 5518 3829 5572 ’,παρ
