4232 6442
499 332 612 410 707

1467 344 2070 410 THEOPHYLACTI
2114 334 2529 405 BULGARIE
2569 340 2921 406 ARCHIEP.

3779 334 3899 400 708

501 501 672 559 uxor,
710 482 1026 561 Elisabeth
1076 480 1255 542 etiam
1305 479 1605 542 Zachariae
1646 497 1815 553 uxor,
1880 487 2156 558 tanquam

2241 480 2339 561 τοῦ»
2401 471 2608 553 Ἀαρὼν
2669 474 2821 552 γυνὴ,
2883 475 2943 533 ἐκ
3000 477 3097 545 τῆς
3143 476 3313 534 Ἰούδα
3370 478 3540 555 φυλῆς
3569 480 3661 545 ἦν.
3696 473 3894 531 Σκόπει

503 591 570 633 ex
604 573 702 633 illa
730 568 1246 632 descendens.Sed
1280 569 1586 631 videamus
1607 569 1749 649 quid
1774 569 1931 628 dicat
1953 566 2155 644 Virgo:

509 687 532 715 ι
572 665 720 723 Ecce
750 660 966 721 ancilla
1025 658 1282 738 Domini,
1320 660 1417 718 fiat
1448 659 1589 719 mihi
1633 657 1961 719 Socundum
2012 673 2154 717 ver-

502 749 637 810 bum
674 759 855 809 tuum.
898 774 924 803 ι)
964 746 1195 809 Tabula
1227 764 1356 807 sum
1413 746 1682 826 pictoria,
1721 746 1920 827 pingat
1967 743 2158 825 pictor

498 838 654 919 quod
687 836 957 917 voluerit,
997 837 1173 897 faciat
1207 837 1362 897 Deus
1392 837 1550 914 quod
1584 835 1834 896 voluerit
1863 833 2155 915 Atqueita

499 929 673 988 etiam
699 927 855 1007 quod
891 927 1051 1006 prius
1081 927 1309 986 dixerat
1348 944 1362 988 :
1397 925 1706 998 Quomodo
1734 924 1849 985 erit
1873 924 2016 985 hoc?
2035 942 2152 983 non

502 1017 607 1079 fuit
626 1015 1189 1095 incretlulitatis,sod
1216 1013 1499 1075 desiderii
1516 1012 1860 1075 addiscendi
1884 1011 2147 1076 modum.

492 1108 640 1170 Nam
676 1105 723 1167 si
753 1104 1579 1185 discredidisset,neutiquam
1614 1103 1859 1164 dixisset
1891 1122 1904 1161 ε
1945 1123 1971 1160 ι
2001 1100 2151 1162 Ecce

494 1196 709 1257 ancilla
740 1194 1107 1267 Domini,ﬁat
1132 1194 1277 1255 mihi
1301 1193 1629 1255 secundum
1651 1191 1895 1253 verbum
1917 1200 2146 1254 tuum.»

496 1288 669 1350 Disce
719 1292 915 1346 autem
975 1283 1130 1363 quod
1182 1283 1444 1363 Gabriel,
1481 1283 1665 1363 siquis
1705 1283 2146 1361 interpretatur,

501 1377 657 1438 idem
690 1384 781 1435 est
807 1374 964 1454 quod
998 1375 1175 1434 homo
1222 1375 1403 1435 Deus.
1461 1373 1645 1434 Maria
1690 1390 1854 1445 vero,
1889 1372 2152 1445 domina,

500 1464 790 1527 Nazareth
839 1472 1062 1535 autem,
1100 1462 1520 1525 sanctiﬁcatio.
1560 1463 1770 1524 Merito
1819 1460 1999 1538 igitur
2025 1480 2157 1522 cum

502 1556 661 1619 nasci
693 1552 874 1614 voluit
902 1550 1061 1613 Deus
1095 1553 1298 1625 homo,
1349 1552 1564 1612 missus
1614 1560 1702 1611 est
1749 1550 2014 1630 Gabriel,
2050 1552 2160 1612 hoc

500 1655 587 1705 est
620 1647 796 1705 homo
828 1640 961 1705 Dei.
988 1640 1101 1704 Sed
1137 1642 1196 1701 in
1221 1650 1423 1702 sancto
1462 1641 1591 1702 loco
1623 1642 1686 1701 fit
1716 1640 2013 1715 salutatio,
2044 1641 2160 1704 hoc

2243 560 2298 618 δὲ
2350 563 2441 619 καὶ
2494 564 2555 619 τὸ
2601 569 2701 631 τῆς
2769 567 3075 644 συγγενείας
3133 565 3611 647 παρακολούθημα·
3675 561 3900 623 Ἐλισά-

2240 648 2355 725 ϐετ,
2428 653 2462 720 ἡ
2523 654 2620 709 τοῦ
2673 650 2891 734 Ἀαρὼν
3176 653 3641 736 Ελισιὶϐετ,καὶὴ
3684 662 3777 713 τοῦ
3806 659 3907 709 Ζα-

2238 741 2453 822 χοιρίον,
2514 743 2589 807 ὡς
2648 740 2703 808 ἒξ
2760 743 2969 813 ἐκείναις
3022 745 3395 825 πωγομένη,
3427 742 3577 803 Ἀλλ’
3624 741 3824 820 ἴδωμεν
3853 742 3904 798 τί

2237 852 2400 909 φησιν
2456 832 2492 899 ἠ
2564 831 2846 911 Παρθένος·
2923 854 2947 889 ι
3008 832 3207 903 Ἰδοῦὴ
3434 835 3649 914 Κυρίου,
3692 830 3901 913 γένοιτό

2236 942 2329 994 μοι
2385 921 2522 977 κατά
2576 922 2636 978 τὸ
2690 923 2839 1000 ῥῆμά
2896 945 3010 984 σου.
3056 942 3081 981 ο
3114 924 3272 990 Πίναξ
3321 926 3431 1001 εἰμὶ
3479 930 3837 1006 (milia?
3872 922 3902 977 δ

2234 1007 2479 1085 βούλεται
2538 1013 2566 1067 6
2627 1013 2885 1092 γραφεὺς,
2948 1013 3218 1094 γραφέτω⁶
3274 1012 3302 1070 ὅ
3368 1013 3531 1091 θέλει,
3592 1008 3821 1071 παιείτω
3871 1013 3913 1068 ἃ

2238 1099 2449 1177 Κύριος’
2509 1099 2646 1157 ὥστε
2691 1102 2780 1159 καὶ
2830 1100 2858 1157 ὅ
2916 1101 3042 1159 εἶπε
3092 1102 3372 1183 πρότερον,
3421 1110 3542 1169 Πῶς
3598 1102 3746 1160 ἔσται
3808 1123 3907 1177 μοι

2233 1196 2388 1246 τοῦτο
2423 1212 2439 1264 ;
2503 1193 2597 1250 οὐκ
2654 1191 2903 1258 ἀπιστίας
2978 1192 3065 1267 ἦν,
3119 1191 3239 1249 ἀλλ’
3271 1193 3548 1271 ἐπιθυμίας
3578 1200 3673 1250 τοῦ
3709 1195 3901 1269 μαθεῖν

2233 1280 2325 1334 τὸν
2390 1280 2611 1357 τρόπον·
2670 1282 2717 1338 εἰ
2774 1282 2876 1360 γὰρ
2931 1281 3170 1364 ἠπίστει,
3206 1283 3302 1341 οῦκ
3335 1280 3397 1341 ἅν
3428 1284 3611 1345 εἶπεν.
3644 1303 3667 1336 ι
3704 1278 3838 1339 Ἰδοὺ
3864 1281 3902 1346 ἡ

2242 1366 2407 1436 δούλη
2469 1372 2680 1445 Κυρίου,
2744 1372 2954 1451 γένοιτό
3010 1396 3102 1449 μοι
3174 1375 3310 1430 κατά
3369 1374 3430 1430 τὸ
3499 1373 3646 1452 ῥῆμά
3701 1393 3819 1429 σου.
3871 1391 3897 1425 ε

2245 1461 2485 1515 Μαίνθανε
2528 1458 2582 1515 δὲ
2641 1459 2722 1517 ὅτι
2798 1460 3030 1543 Γαϐριὴλ
3082 1463 3180 1539 μὲν
3211 1463 3586 1542 ἑρμηνεύεται,
3629 1460 3904 1542 ἅνθρωπος

2244 1548 2399 1612 Θεός’
2463 1551 2679 1626 Μαριὰμ
2766 1550 2844 1633 δὲ,
2947 1553 3120 1633 κυρία⁶
3182 1554 3419 1633 Ναζαρὲτ
3475 1552 3554 1634 δὲ,
3611 1550 3903 1631 ἀγιασμός.

2248 1638 2483 1702 Εἰκότως
2540 1639 2630 1696 οὖν
2679 1639 2807 1698 ὅταν
2869 1640 3062 1718 ἔμελλε
3114 1643 3355 1722 γενέσθαι
3385 1646 3414 1701 6
3444 1644 3574 1708 Θεὸς
3603 1641 3903 1721 ἅνθρωπος,

500 1743 590 1796 est
623 1734 679 1794 in
711 1731 1020 1794 Nazareth.
1049 1729 1162 1793 Ubi
1195 1731 1357 1793 enim
1417 1731 1597 1804 Deus,
1634 1730 1716 1791 ibi
1777 1729 1921 1792 nihil
1957 1730 2156 1812 impu-

2245 1727 2646 1786 ἀποστέλλεται
2700 1733 2730 1787 6
2787 1728 3050 1813 Γαϐριήλ,
3103 1731 3161 1798 ὅς
3218 1733 3562 1814 ἑρμηνεύεται
3632 1731 3904 1813 ἅνθρωπος

501 1842 656 1903 rum,
691 1822 837 1882 nihil
870 1839 986 1881 non
1018 1828 1318 1883 sanctum.

586 2095 763 2155 VEns.
788 2086 1395 2168 39-49.tExsurgens
1423 2096 1619 2149 autem
1656 2090 1839 2165 Maria
1868 2090 1925 2149 in
1952 2088 2163 2150 diebus

502 2186 614 2258 bis,
648 2181 792 2244 abiit
819 2179 880 2240 in
911 2188 1192 2240 montana
1209 2197 1343 2239 cum
1370 2178 1753 2239 festinatione
1776 2178 1836 2238 in
1859 2179 2160 2241 civitatem

495 2272 668 2349 Juda,
695 2278 753 2334 et
781 2268 1093 2331 intravitin
1127 2268 1370 2328 domum
1415 2268 1738 2348 Zachariae,
1780 2287 1848 2329 ac
1882 2267 2167 2329 salutavit

500 2364 826 2427 Elisabeth.
860 2362 999 2423 278
1043 2360 1113 2422 Et
1165 2361 1380 2422 factum
1435 2368 1544 2436 est,
1584 2368 1645 2421 ut
1674 2360 1898 2422 audivit
1934 2360 2164 2422 saluta-

500 2456 721 2516 tionem
745 2452 948 2515 Mariae
978 2449 1468 2524 Elisabeth,saliit
1498 2450 1694 2511 infans
1721 2450 1781 2509 in
1810 2459 1982 2510 utero
2006 2450 2162 2529 ejus,

501 2552 560 2606 et
586 2543 813 2624 repleta
843 2549 933 2603 est
955 2539 1177 2620 Spiritu
1209 2548 1416 2601 sancto
1443 2537 2163 2603 Elisabeth.exclatnavit-

498 2654 613 2715 que
643 2650 786 2694 voce
815 2648 1043 2710 magna,
1070 2638 1128 2690 et
1159 2628 1305 2690 dixit
1339 2646 1352 2691 :
1392 2626 1713 2691 Benedicta
1738 2637 1797 2688 tu
1831 2628 1990 2689 inter
2024 2648 2161 2689 mu-

498 2723 701 2795 lieres,
728 2730 786 2783 et
816 2720 1168 2783 benedictus
1197 2718 1423 2779 fructus
1450 2718 1676 2780 ventris
1709 2717 1856 2781 tui.»
1882 2718 2025 2779 Cum
2046 2736 2155 2778 au-

500 2812 687 2873 disset
717 2809 898 2889 Virgo
917 2807 993 2871 ab
1006 2808 1215 2887 angelo
1239 2806 1395 2888 quod
1432 2806 1802 2886 concepisset
1829 2806 2153 2881 Elisabeth,

500 2902 693 2963 statim
727 2898 871 2960 abiit
897 2898 969 2959 ad
1005 2897 1188 2963 illam.
1234 2906 1291 2958 et
1323 2896 1589 2974 gaudens
1621 2895 1695 2957 de
1730 2897 1885 2957 bono
1934 2915 2157 2975 cogna-

504 3001 596 3070 tae,
631 2999 689 3052 et
716 2990 919 3049 volens
951 2996 1013 3049 ut
1043 2986 1506 3067 prudentissima
1536 2985 1762 3065 majore
1799 2985 2159 3048 certitudine

504 3081 722 3143 certior
750 3078 921 3141 reddi
954 3096 1095 3139 num
1119 3094 1262 3138 vera
1293 3076 1542 3137 dixisset
1564 3074 1664 3155 qui
1700 3083 2060 3155 apparuerat
2089 3076 2165 3157 ei,

501 3180 564 3232 ut
588 3189 655 3231 ex
689 3170 799 3229 hoc
831 3188 939 3229 nec
973 3167 1046 3228 tle
1078 3185 1183 3227 suo
1216 3165 1519 3226 dubitaret
1552 3164 1826 3226 Prudens
1852 3164 2010 3224 enim
2033 3184 2166 3226 cum

2189 1810 2223 1858 Β
2247 1819 2406 1882 Θεὸς·
2463 1816 2600 1877 ἀλλά
2657 1822 2745 1877 καὶ
2801 1820 2856 1877 έν
2903 1810 3044 1901 ἇγίῳν
3093 1810 3256 1898 tri-mp
3288 1825 3486 1902 γίνεται
3518 1825 3547 1879 6
3589 1810 3899 1897 ἀσπασμὸς,

2245 1906 2535 1980 τουτέστιν,
2589 1907 2645 1965 ἐν
2716 1910 2977 1989 Ναζαρέτ’
3041 1910 3174 1969 ὅπου
3225 1913 3327 1993 γὰρ
3370 1915 3523 1990 Θεὸς,
3557 1910 3702 1970 οὐδὲν
3730 1911 3900 1989 ἄναγ-

2248 2018 2360 2056 νον.

2334 2100 2361 2133 α
2395 2075 2696 2135 Ἀναστᾶσα
2760 2078 2815 2137 δὲ
2869 2080 3087 2160 Μαριὰμ
3140 2080 3196 2137 ἐν
3225 2095 3348 2149 ταῖς
3378 2080 3602 2160 ἡμέραις
3662 2082 3903 2153 ταύταις,

2248 2165 2507 2245 ἐπορεύθη
2567 2168 2642 2231 εἰς
2695 2169 2798 2237 τὴν
2855 2171 3065 2247 ὀρεινὴν
3120 2173 3257 2247 μετά
3307 2169 3563 2252 σπουδῆς,
3622 2172 3696 2237 είς
3750 2168 3909 2228 πόλιν

2248 2254 2444 2313 Ἰούδα·
2500 2258 2588 2315 καὶ
2659 2258 2895 2326 εἰσῆλθεν
2968 2262 3041 2322 εἰς
3092 2262 3185 2318 τὸν
3258 2261 3412 2319 οἷκον
3470 2261 3759 2342 Ζαχαρίου,
3820 2260 3911 2316 καὶ

2249 2344 2529 2413 ἠσπάσατο
2587 2348 2686 2415 τὴν
2750 2347 3051 2414 ’κλισάϐετ.
3089 2352 3186 2408 Καὶ
3215 2351 3449 2430 ἐγένετο,
3495 2354 3571 2417 ὡς
3616 2350 3841 2419 ἤκουσεν
3872 2352 3906 2417 ἦ

2249 2434 2529 2492 Ἐλισάϐετ
2592 2440 2684 2493 τὸν
2745 2439 3028 2515 ἀσπασμὸν
3086 2440 3185 2508 τῆς
3245 2442 3471 2522 Μαρίας,
3518 2442 3797 2520 ἐσκίρτησε
3841 2440 3905 2495 τὸ

2246 2524 2436 2606 βρέφος
2509 2525 2563 2582 ἐν
2620 2526 2686 2603 τῇ
2716 2526 2891 2602 κοιλίᾳ
2923 2528 3111 2598 αὖτῆς’
3168 2531 3256 2587 καὶ
3297 2530 3538 2602 ἐπλήσθη
3591 2531 3900 2607 Πνεῦματος

2249 2615 2398 2693 ἁγίου
2454 2617 2489 2683 ἡ
2543 2614 2847 2693 Ἐλισᾶϐετ,
2923 2620 3012 2675 καὶ
3090 2620 3398 2700 ἀνεφώνησε
3482 2626 3635 2703 φωνῇ
3686 2619 3899 2698 μεγάλῃ

2244 2707 2333 2761 καὶ
2390 2705 2569 2762 εἶπεν·
2632 2705 2984 2786 Εὐλογημένη
3041 2710 3104 2764 συ
3170 2709 3224 2766 ἐν
3267 2709 3488 2789 γυναιξὶ,
3521 2712 3609 2768 καὶ
3659 2708 3891 2787 εὐλογη-

2243 2793 2401 2870 μένος
2462 2796 2490 2851 6
2547 2797 2751 2875 καρπὸς
2821 2803 2921 2865 τῆς
2991 2797 3196 2865 κοιλίας
3251 2821 3365 2859 σου.
3434 2824 3462 2856 ι
3510 2789 3575 2856 Ἠ
3632 2799 3891 2878 Παρθένος

2242 2884 2512 2941 ἀκούσασα
2563 2888 2705 2966 παρά
2774 2893 2866 2943 τοῦ
2921 2886 3174 2970 ἀγγέλου,
3207 2887 3289 2946 ὅτι
3358 2887 3640 2946 συνέλαϐεν
3669 2890 3705 2957 ἡ
3747 2887 3893 2947 Ἐλι-

2244 2971 2427 3050 σάϐετ,
2474 2973 2668 3054 ἔδραμε
2726 2979 2859 3057 πρὸς
2903 2979 3137 3058 ἐκείνην,
3199 2977 3310 3054 ἃμα
3359 2980 3457 3057 μὲν
3505 3000 3770 3061 χαιρουσα
3812 2978 3898 3035 ἐπὶ

2253 3070 2331 3137 τῷ
2402 3063 2586 3142 ἀγαθῷ
2641 3065 2742 3132 τῆς
2802 3074 3110 3147 συγγενοῦς,
3174 3067 3287 3143 ἅμα
3355 3067 3409 3125 δὲ
3437 3071 3525 3127 καὶ
3563 3071 3635 3132 ὡς
3666 3089 3901 3125 συνετω-

2252 3155 2414 3228 τάτη,
2488 3153 2964 3236 πληρογορηθῆναι
3038 3156 3265 3215 θέλουσα
3317 3157 3557 3234 τελείως,
3624 3159 3669 3214 εί
3725 3156 3902 3224 ἀληθῆ

500 3266 681 3331 esset,
716 3256 961 3319 timebat
992 3275 1065 3317 ne
1083 3256 1235 3317 forte
1258 3255 1859 3335 deciperetur,etnon
1892 3253 2156 3315 utincre-

2254 3243 2408 3300 εἶπεν
2456 3246 2485 3300 6
2546 3246 2722 3323 φανεὶς
2784 3246 2943 3323 αὖτῇ,
2993 3246 3084 3303 ἵνα
3162 3246 3222 3303 ἐκ
3278 3249 3460 3305 τούτου
3514 3248 3751 3325 καὶπερὶ
3807 3254 3903 3303 τοῦ

503 3347 773 3423 dula,sed
795 3355 855 3407 ut
885 3345 1142 3425 diligens
1171 3362 1300 3406 rem
1335 3331 1651 3424 explorare
1682 3342 2156 3405 volebat.Zacha-

2250 3334 2443 3425 οἰκείου
2503 3333 2581 3409 μὴ
2652 3334 2986 3425 ἀμφιϐάλλῃ.
3046 3332 3315 3415 Ἀσιραλὴς
3355 3338 3454 3416 γὰρ
3498 3333 3898 3425 0565;905:1-

501 3438 619 3498 rias
657 3437 852 3515 itaque
880 3436 937 3496 in
966 3433 1263 3495 montanis
1296 3432 1542 3505 habitat,
1578 3438 1638 3494 et
1669 3440 1987 3512 propterea
2018 3431 2159 3495 illuc

501 3526 747 3590 abiit.At
776 3523 1037 3587 Joannes
1069 3531 1343 3601 suscepto
1377 3521 1663 3600 singulari
1696 3540 1871 3601 supra
1894 3521 2158 3602 reliquos

500 3616 775 3679 homines
806 3616 961 3676 dono
981 3614 1068 3675 vel
1095 3611 1706 3683 munere,exsultatin
1734 3620 1902 3673 utero
1930 3612 2152 3673 matris:

503 3708 662 3768 unde
693 3715 752 3768 et
783 3708 973 3785 major
1004 3715 1091 3766 est
1117 3704 1599 3785 pr0phetis.Nam
1622 3702 1721 3763 alii
1746 3706 1987 3782 quidem
2014 3722 2156 3783 prae-

499 3798 776 3858 dixerunt
830 3795 1024 3855 futura
1078 3803 1387 3873 postquam
1439 3792 1557 3853 nati
1610 3805 1790 3853 sunt:
1830 3791 1928 3853 ille
1959 3800 2154 3853 autem

503 3905 633 3946 cum
668 3884 861 3946 adhuc
886 3883 1119 3943 essetin
1152 3892 1323 3943 utero
1358 3881 1845 3962 matris,gratiam
1872 3881 2047 3941 talem
2069 3900 2158 3942 as-

503 3983 740 4035 secutus
781 3972 908 4032 fuit.
936 3970 1085 4033 Vizle
1117 3972 1274 4031 enim
1307 3989 1319 4032 :
1367 3970 1636 4032 salutavit
1669 3969 1847 4046 Virgo
1885 3970 2155 4033 Elisabe-

506 4064 688 4135 tham,
726 4064 837 4123 hoc
863 4069 971 4129 est,
997 4060 1159 4140 prior
1188 4059 1444 4120 allocuta
1476 4058 1712 4121 est.Vox
1738 4060 1935 4139 itaque
1958 4059 2155 4139 Virgi-

504 4153 596 4212 nis
625 4170 729 4211 vox
765 4158 890 4211 erat
920 4149 1211 4211 incarnati
1245 4150 1301 4209 in
1338 4149 1437 4209 illa
1470 4148 1599 4223 Dei,
1628 4157 1686 4210 et
1725 4150 1947 4210 idcirco
1978 4150 2149 4210 etiam

506 4244 945 4304 Praecursorem
980 4239 1037 4299 in
1072 4247 1243 4300 utero
1294 4238 1484 4317 gratia
1548 4247 1899 4319 prosecutus
1953 4248 2063 4313 est,
2097 4250 2161 4304 et

504 4331 854 4410 prophetam
888 4330 1048 4390 fecit.
1082 4328 1461 4409 Quaecunque
1489 4329 1646 4389 enim
1678 4328 1824 4389 dixit
1854 4328 2156 4390 Elisabeth

505 4420 851 4499 prophetice
865 4418 937 4478 ad
964 4420 1350 4490 Mariam,nou
1376 4418 1554 4478 verba
1572 4416 2152 4487 fueruntElisabeth,

501 4509 604 4570 sed
642 4507 913 4569 infantis:
951 4527 1015 4567 os
1045 4516 1239 4569 autem
1275 4506 1573 4568 Elisabeth
1601 4516 1823 4567 tantum
1862 4506 2160 4567 ministra-

505 4599 599 4663 vit.
632 4598 786 4658 sicut
820 4607 878 4659 et
907 4617 973 4658 os
1006 4599 1204 4660 Mariae
1232 4597 1589 4658 ministravit
1644 4595 1794 4657 Filio
1831 4595 1935 4657 Dei
1968 4597 2066 4676 qui
2097 4597 2160 4658 in

499 4697 672 4749 utero
703 4689 831 4767 ejus
862 4697 1011 4749 erat.
1049 4686 1278 4767 Quippe
1325 4706 1460 4748 cum
1521 4686 1880 4776 exsultasset
1912 4704 2060 4764 puer
2093 4685 2157 4776 in
2186 4728 2225 4776 υ

498 4785 694 4849 utero,
748 4789 886 4838 tunc
928 4778 1173 4858 impleta
1227 4786 1318 4838 ρει
1373 4773 1598 4855 Spiritu
1650 4774 1976 4836 Elisabeth.
2031 4775 2157 4838 Nisi

502 4868 661 4928 enim
698 4886 845 4947 puer
876 4868 1347 4935 exiiltassetmon
1384 4867 1798 4946 prophetasset
1831 4862 2161 4947 illa.Itaque

501 4956 657 5018 sicut
678 4957 880 5017 dicunt
911 4958 1230 5036 prophetas
1264 4955 1522 5036 primum
1559 4962 1761 5015 mente
1785 4954 2076 5017 excedere
2099 4962 2160 5016 et

501 5046 764 5106 divinum
793 5047 931 5126 quid
967 5052 1104 5125 pati,
1138 5065 1206 5107 ac
1236 5056 1355 5105 tum
1399 5046 1659 5123 denique
1691 5042 2102 5123 prophetizare
2138 5067 2151 5104 :

500 5136 580 5197 ita
612 5145 669 5197 et
696 5138 957 5197 Joannes
986 5136 1134 5197 forte
1166 5136 1329 5217 prius
1359 5135 1589 5195 saltavit
1614 5143 1673 5194 ut
1698 5132 1963 5193 divinum
1988 5134 2127 5214 quid

501 5226 634 5287 dam
672 5226 926 5306 patiens,
961 5234 1160 5305 postea
1195 5243 1301 5305 per
1342 5243 1408 5284 os
1446 5222 1648 5284 matris
1704 5221 2151 5303 prophetizavit.

500 5313 654 5385 Quid
684 5323 879 5376 autem
917 5313 1732 5394 prophetizavithBenedicta
1765 5320 1821 5372 tu
1855 5311 1911 5371 in
1946 5312 2145 5374 mulie-

504 5402 690 5467 ribus.
727 5427 748 5456 ι
788 5403 1012 5465 Deinde
1036 5404 1173 5485 quia
1203 5406 1403 5465 multae
1426 5411 1643 5465 sanctae
1666 5402 1949 5462 mulieres
1975 5420 2154 5483 pepe-

502 5501 714 5554 rerunt
742 5492 1074 5574 improbos,
1108 5500 1172 5553 ut
1202 5492 1473 5555 Rebecca
1502 5494 1682 5566 Esau,
1711 5489 1853 5553 dicit
1885 5509 1901 5550 :
1945 5487 2062 5552 Sed
2095 5499 2154 5554 et

503 5580 729 5642 fructus
758 5582 979 5644 ventris
1009 5583 1095 5643 tui
1126 5582 1702 5645 benedictus.Aliter
1726 5598 1962 5662 quoque
1980 5579 2152 5645 intel-

502 5668 607 5749 ligi
637 5678 829 5752 potest
855 5692 870 5734 :
898 5671 1218 5735 Benedicta
1240 5680 1302 5733 tu
1318 5671 1379 5733 in
1410 5669 2012 5747 mulieribus,deinde
2032 5671 2152 5734 vel-

2242 3445 2303 3479 το
2362 3424 2559 3498 μήπως
2616 3422 2887 3501 πλανηθῇ·
2942 3426 3029 3483 καί
3074 3427 3176 3505 οὐχ
3205 3427 3278 3491 ὡς
3321 3426 3638 3507 ἀπιστοῦσα,
3668 3422 3789 3481 ἀλλ’
3819 3426 3895 3489 ὡς

2242 3511 2612 3592 ἀκριϐέστερον
2668 3518 2860 3591 μαθεῖν
2902 3514 3204 3591 βουλομένη
3267 3518 3329 3573 τὸ
3376 3523 3618 3596 πρᾶγμα.
3681 3515 3771 3572 Ἐν
3826 3520 3898 3592 τῇ

2242 3604 2417 3681 ὀρεινῇ
2472 3605 2561 3658 οῦν
2631 3601 2758 3675 ᾤκει
2789 3606 2816 3660 6
2848 3605 3139 3686 Ζαχαρίας,
3201 3607 3288 3663 καὶ
3344 3606 3428 3662 διὰ
3476 3616 3630 3665 τοῦτο
3672 3603 3894 3684 ἔδραμεν

2240 3692 2376 3749 ἐκεϊ’
2443 3694 2471 3749 6
2536 3691 2589 3748 δὲ
2681 3693 2953 3768 Ἰωάννης,
3023 3694 3280 3772 ἐξαίρετόν
3336 3719 3387 3753 τι
3460 3693 3701 3777 χάρισμα
3749 3695 3894 3773 παρά

2239 3782 2361 3844 τοὺς
2419 3780 2636 3846 λοιποὺς
2694 3783 2995 3863 ἀνθρώπους
3039 3782 3241 3865 λαϐὼν,
3287 3792 3474 3865 σκιρτᾷ
3502 3786 3557 3842 ἐν
3601 3791 3669 3862 τῇ
3720 3784 3894 3858 κοιλίᾳ

2241 3874 2339 3939 τῆς
2405 3873 2631 3952 μητρὸς,
2700 3872 2816 3929 ὅθεν
2882 3875 2968 3929 καὶ
3039 3876 3232 3949 μείζων
3303 3881 3411 3931 τῶν
3465 3880 3777 3956 προφητῶν,
3833 3873 3894 3930 Οἱ

2242 3960 2337 4033 μὲν
2399 3962 2522 4039 γὰρ,
2596 3962 2732 4037 μετὰ
2800 3963 2862 4018 τὸ
2917 3967 3241 4041 γεννηθῆναι
3300 3966 3726 4045 προεφήτευσαν,
3763 3965 3791 4019 6
3841 3960 3895 4018 δὲ

2242 4047 2316 4105 ἔτι
2390 4050 2443 4105 ἐν
2513 4056 2581 4127 τῇ
2608 4049 2783 4123 κοιλίᾳ
2807 4057 2923 4134 Δτῆς
2969 4054 3172 4132 μητρὸς
3205 4053 3301 4134 ὢν,
3350 4053 3552 4123 ἠξιώθη
3582 4060 3676 4111 τοῦ
3714 4053 3896 4111 τοιού-

2237 4160 2331 4196 του
2384 4140 2740 4219 χαρίσματος.
2806 4130 2953 4220 ’Ὅρα
3022 4130 3145 4222 γάρ·
3206 4130 3486 4211 ἠσπάσατο
3533 4146 3567 4213 ἡ
3625 4142 3895 4223 ’Παρθένος

2240 4231 2337 4295 τὴν
2390 4217 2709 4301 ἽδΕλισάὸετ,
2772 4217 3047 4289 τουτέστι⁷
3096 4217 3553 4314 προσηγόρευσεν.
3625 4217 3685 4291 Ἠ
3719 4217 3894 4312 ’φωνὴ

2241 4319 2330 4374 οὗν
2388 4325 2488 4387 τῆς
2561 4321 2824 4401 Παρθένου
2874 4330 2967 4378 τοῦ
3022 4326 3077 4380 ἐν
3155 4324 3289 4402 αὐτῇ
3357 4325 3713 4404 σαρκουμένου
3763 4331 3895 4381 Θεοῦ

2243 4409 2393 4490 φωνὴ
2451 4411 2541 4476 ἦν’
2615 4413 2703 4467 καὶ
2761 4409 2843 4470 διὰ
2901 4422 3056 4472 τοῦτο
3113 4415 3200 4471 καὶ
3257 4417 3346 4471 τὸν
3389 4414 3694 4495 Πρόδρομον
3724 4413 3780 4470 ἐν
3823 4420 3892 4491 τῇ

2243 4500 2417 4574 μὴτρᾳ
2479 4500 2795 4580 ἐχαρίτωσε,
2865 4503 2953 4559 καί
3028 4502 3247 4571 ἐποίησε
3333 4507 3719 4585 προφητεῦσαι·
3793 4501 3891 4559 ὅσα

2243 4590 2343 4667 γὰρ
2402 4590 2558 4647 εἶπεν
2601 4592 2635 4658 ἦ
2668 4589 2950 4648 Ἐλισάϐετ
2993 4600 3340 4674 προφητικῶς
3372 4596 3503 4674 πρὸς
3534 4594 3633 4662 τὴν
3664 4593 3891 4673 Μαρίαν,

2245 4678 2306 4735 οὐ
2362 4682 2464 4746 τῆς
2518 4677 2799 4737 Ἐλισάϐετ
2827 4680 2961 4748 ἦσαν
3018 4682 3256 4763 ῥήματα,
3313 4682 3453 4740 ἀλλὰ
3506 4690 3598 4741 τοῦ
3646 4682 3892 4763 βρέφους’

2249 4771 2304 4824 τὸ
2360 4769 2533 4845 στόμα
2561 4766 2614 4825 δὲ
2676 4770 2840 4845 μόνον
2896 4776 2995 4839 τῆς
3040 4768 3320 4828 Ἐλισάϐετ
3372 4773 3641 4854 δπούργει,
3715 4770 3898 4851 ὥσπερ

2246 4859 2334 4914 καὶ
2389 4859 2451 4914 τὸ
2531 4859 2705 4933 στόμα
2800 4866 2899 4928 τῆς
2956 4861 3160 4940 Μαρίας
3226 4862 3530 4943 ῦποῦργησε
3585 4870 3664 4938 τῷ
3721 4861 3776 4917 ἐν
3831 4867 3901 4937 τῇ

2243 4949 2421 5029 μήτρᾳ
2478 4952 2642 5016 αὐτῆς
2700 4948 2809 5006 ὄντι
2868 4953 2974 5025 ι’ἱῷ
3031 4958 3124 5007 τοῦ
3183 4958 3336 5009 Θεοῦ’
3371 4954 3755 5033 σκιρτήσαντος
3798 4952 3899 5030 γὰρ

2241 5040 2350 5120 τοῦΔ
2390 5038 2613 5118 βρέφους
2672 5038 2727 5095 ἐν
2797 5044 2866 5115 τῇ
2921 5040 3129 5120 γαστρὶ,
3163 5041 3282 5098 τότε
3314 5041 3557 5113 ἐπλήσθη
3589 5043 3897 5118 Πνεῦματος

2239 5131 2273 5197 ἧ
2340 5117 2639 5189 Ἐλισᾶδετο
2705 5130 2761 5187 El
2819 5130 2895 5204 μὴ
2925 5117 3027 5209 ’ξάρ
3055 5117 3115 5185 Ἐὖ
3166 5130 3357 5211 βρὶφος
3414 5117 3747 5212 ἐσκίρτησεν,
3798 5133 3897 5189 οὐκ

2241 5220 2302 5279 ἄν
2356 5221 2749 5299 προεφήτευσεν
2806 5217 2962 5285 αὕτη·
3025 5218 3205 5299 ὥσπερ
3262 5220 3350 5277 οῦν
3405 5244 3530 5303 φασι
3574 5223 3696 5288 τούς
3751 5242 3892 5299 προ-

2241 5311 2414 5391 φήτας
2476 5309 2729 5389 πρότερον
2782 5306 3151 5385 ἐξισταμένους
3176 5311 3266 5367 καὶ
3305 5310 3705 5391 ἐνθουσιῶντας,
3767 5311 3895 5368 εἶτα

2237 5388 2648 5480 προφητεύειν,
2690 5396 2829 5454 οὕτω
2883 5398 3031 5479 τάχα
3091 5399 3180 5458 καὶ
3231 5402 3260 5456 6
3335 5388 3583 5473 Ἰωάννης
3639 5402 3896 5480 πρότερον

2235 5489 2567 5570 ἐσκίρτησεν,
2631 5488 2752 5545 οἷον
2813 5486 3117 5569 ἐνθουσιῶν,
3180 5489 3306 5547 εἶτα
3360 5487 3443 5546 διὰ
3487 5501 3581 5551 τοῦ
3628 5490 3896 5567 στόματος

2235 5584 2336 5648 τῆς
2421 5580 2627 5660 μητρὸς
2722 5578 3111 5658 προεφήτευσν
3172 5580 3224 5637 τί
3319 5577 3375 5637 δι
3452 5582 3897 5663 προεφήτευσενς

2243 5697 2269 5729 ιι
2306 5669 2658 5751 Εὒλογημένη
2714 5669 2778 5725 σὺ
2805 5667 2863 5725 ἐν
2916 5666 3169 5747 γυναιξίν.
3230 5692 3257 5729 ι
3307 5673 3445 5730 Εἶτα
3472 5669 3661 5739 ἐπειδὴ
3704 5667 3900 5731 πολλαὶ
