4232 6396
292 306 412 372 709

1047 309 1491 379 ENARRATIO
1537 314 1613 378 IN
1660 310 2166 381 EVANGELIUM
2208 311 2443 385 LUCxE.
2490 356 2569 371 --
2611 320 2778 388 CAP.
2828 327 2874 386 i.

3570 335 3689 408 710

596 445 620 462 ν’
842 447 869 464 ο
1579 442 1591 463 9

294 460 544 543 γυναῖκες
588 469 734 525 αγιαι
773 448 1032 524 βεοήλους
1118 449 1318 523 ἔτεκον,
1374 453 1448 515 ὡς
1513 451 1543 519 ἦ
1597 451 1826 511 Ρεϐἐκκα
1854 454 1944 511 τόν

2032 458 2110 515 uti
2144 457 2436 537 quispiam
2470 457 2797 538 interroget
2826 462 3041 541 quare?
3071 464 3257 543 ipsam
3314 484 3555 528 causam
3589 469 3684 530 di-

298 522 490 614 Ἠσαῦ,
548 522 709 615 φησὶν
766 522 873 611 ὅτι,
936 528 1099 597 Ἀλλὰ
1154 541 1243 596 καὶ
1302 542 1559 620 ὁκαρπὸς
1593 548 1691 607 τῆς
1742 543 1946 607 κοιλίας

294 644 392 680 σου
462 622 849 702 εὐλογημένος*
894 629 983 685 καὶ
1042 627 1220 693 ἄλλως
1249 627 1305 685 δὲ
1336 633 1675 706 νοηθήσεται,
1715 632 1950 712 Εὒλογη-

295 716 434 804 μὲνη
494 720 558 775 σὺ
607 719 662 775 ἐν
717 721 968 799 γυναιξίν
1007 736 1127 779 εττα
1159 723 1336 799 ὥσπερ
1367 724 1736 804 ἐρωτήσαντος
1780 751 1945 802 τινος,

297 803 483 885 διατίς
532 807 676 887 λέγει
747 812 845 879 τὴν
905 813 1096 875 αἰτίαν.
1135 803 1508 893 Εὐλογημένος
1553 818 1654 896 γὰρ
1684 818 1712 874 ὁ
1746 820 1946 891 καρπὸς

292 901 397 964 τῆς
446 898 650 963 κοιλίας
707 922 824 973 σου,
870 903 1132 983 τουτὲστι,
1195 906 1324 970 Θεὸς
1382 905 1481 984 γὰρ
1538 908 1565 962 ὀ
1617 910 1818 984 καρπὸς
1850 914 1947 976 τῆς

294 986 501 1051 κοιλίας
557 1010 675 1068 σου,
734 990 1094 1069 εὐλογημένος
1138 993 1237 1073 γὰρ
1265 994 1427 1069 μόνος
1457 996 1485 1051 ὀ
1529 999 1682 1061 Θεόςο
1730 1000 1802 1062 ὡς
1856 997 1949 1054 καὶ

295 1078 324 1133 ὀ
384 1077 551 1135 Δαυΐδ
618 1078 786 1158 λέγει·
826 1081 1192 1162 Εὐλογημένος
1246 1085 1275 1140 ὀ
1317 1083 1632 1165 ἐρχόμενος
1668 1085 1824 1144 εἴωθε
1851 1089 1950 1168 γὰρ

295 1168 330 1235 ἡ
391 1169 572 1249 Γραφὴ
639 1171 752 1243 τὸν,
806 1173 917 1246 καὶ,
977 1170 1264 1249 σύνδεσμον
1294 1174 1408 1231 ἀντὶ
1449 1182 1565 1249 τοῦ,
1617 1177 1740 1255 γὰρ,
1775 1200 1947 1255 παρα-

2034 546 2113 605 cit
2148 569 2158 603 :
2196 545 2556 609 Benedictus
2589 554 2745 610 enim
2781 552 3008 612 fructus
3036 554 3262 616 ventris
3288 556 3391 626 tui,
3428 557 3540 619 hoc
3571 570 3680 633 est,

2033 635 2191 697 Deus
2223 638 2381 697 enim
2416 648 2503 699 est
2526 638 2749 699 fructus
2779 641 2879 702 ille
2909 641 3137 702 ventris
3170 644 3253 704 tui
3326 644 3685 708 Benedictus

2035 727 2189 786 enim
2224 726 2385 787 solus
2415 726 2593 792 Deus.
2632 728 2787 788 sicut
2822 737 2879 788 et
2904 728 3083 789 David
3120 730 3289 811 dicit,
3326 733 3684 796 Benedictus

2031 816 2130 895 qui
2145 816 2821 878 venit.Consuevitenim
2842 818 3142 899 Scriptura
3163 822 3680 901 conjunttionem,

2031 914 2108 974 et,
2147 923 2276 983 pro,
2310 907 2468 966 enim
2531 906 2845 985 accipere:
2882 916 2964 982 ut,
3021 908 3105 969 Da
3168 912 3338 970 nobis
3372 913 3680 993 auxilium,

2035 1002 2092 1053 et
2123 1012 2265 1054 vana
2297 995 2453 1055 salus
2485 994 2785 1054 hominis:
2823 996 2932 1056 boc
2974 1008 3084 1077 est,
3138 999 3297 1059 Vana
3330 1002 3487 1062 enim
3519 1003 3678 1063 salus

2034 1083 2313 1145 hominis.
2354 1084 2422 1145 Et
2445 1083 2659 1145 iterum
2693 1103 2706 1142 :
2743 1083 2830 1144 Tu
2864 1088 3043 1145 iratus
3079 1086 3260 1168 fuisti,
3296 1096 3355 1150 et
3403 1110 3510 1151 nos
3533 1111 3678 1171 pec-

2032 1173 2317 1246 cavimus,
2352 1174 2463 1234 hoc
2496 1182 2607 1253 est,
2644 1192 2751 1234 nos
2781 1174 2939 1235 enim
2973 1177 3368 1255 peccavimus.
3406 1182 3681 1241 Fructum

296 1255 608 1334 λαμϐὰνειν’
672 1262 745 1325 ὡς
776 1262 861 1334 τὸ,
931 1264 1031 1326 Δὸς
1090 1264 1227 1339 ἡμῖν
1282 1263 1552 1341 βοὴθειαν,
1607 1268 1694 1322 καὶ
1749 1269 1945 1343 ματαία

2032 1273 2224 1325 autem
2260 1263 2484 1324 ventris
2532 1263 2639 1325 Dei
2692 1265 3010 1327 Genitricis
3060 1267 3203 1326 dicit
3250 1269 3586 1351 Dominum,
3624 1282 3681 1333 et

292 1350 531 1427 σωτηρία
586 1350 881 1429 ἀνθρώπου,
925 1353 1041 1409 ἀντὶ
1096 1360 1211 1429 τοῦ,
1276 1361 1484 1433 Mam}:
1537 1357 1640 1435 γὰρ
1710 1360 1945 1436 σωτηρία

2032 1355 2164 1415 ideo
2186 1354 2316 1416 sine
2348 1353 2473 1413 viro
2504 1360 2881 1431 conceptum.
2920 1352 3092 1414 I‘uct‘i
3125 1355 3284 1415 enim
3326 1356 3429 1417 alii
3458 1350 3682 1419 l'ruCtus

294 1436 592 1517 ἀνθρώπου·
651 1441 738 1497 καὶ
813 1440 995 1522 πάλιν,
1028 1522 1039 1525 _
1086 1443 1159 1498 Σὺ
1228 1444 1515 1524 ὠργίσθης,
1614 1448 1702 1502 καὶ
1779 1449 1944 1523 ἡμεϊς

2032 1457 2165 1505 sunt
2200 1454 2426 1525 patrum
2464 1463 2477 1502 :
2522 1443 2789 1505 Christus
2821 1460 2956 1502 vero
2988 1444 3173 1504 solius
3207 1446 3428 1505 ventris
3477 1449 3679 1509 Maria)

292 1528 628 1605 ἡμάρτομεν,
683 1530 798 1588 ἀντὶ
852 1539 965 1607 τοῦ,
1028 1522 1216 1608 Ἠμετς
1277 1522 1389 1614 γὰρ
1432 1536 1763 1615 ἡμάρτομεν.
1804 1522 1947 1617 Καρ-

2033 1522 2258 1596 fructus
2294 1551 2311 1597 ;
2344 1532 2473 1612 ipsa
2504 1532 2663 1593 euim
2696 1530 2822 1592 sola
2853 1532 3008 1593 hunc
3042 1534 3297 1594 fructum
3334 1537 3595 1615 protulit.

291 1619 395 1674 πὸν
449 1617 503 1675 δὲ
532 1620 627 1688 τῆς
659 1620 860 1685 κοιλίας
892 1622 1016 1679 εἶπε
1042 1628 1141 1690 τῆς
1187 1625 1447 1685 Θεοτόκου
1475 1628 1565 1682 τὸν
1612 1629 1820 1706 Κύριον,
1877 1626 2009 1685 διότι
2055 1626 2173 1682 ἄνευ
2217 1622 2397 1703 ἀνδρὸς
2454 1625 2486 1689 ἡ
2532 1623 2720 1691 κύησις
2757 1642 2773 1658 ο
2806 1622 2980 1697 οἱμὲν
3025 1626 3121 1702 γὰρ
3166 1622 3318 1680 ἄλλοι
3349 1626 3535 1693 παῖδες
3580 1628 3683 1683 τῶν

290 1707 534 1787 πατέρων
564 1711 660 1767 εἰσὶ
704 1712 917 1789 καρποὶ,
952 1714 979 1768 ὁ
1022 1710 1077 1768 δὲ
1108 1715 1331 1793 Χριστὸς
1376 1716 1544 1783 μόνης
1574 1722 1674 1784 τῆς
1699 1716 1902 1783 κοιλίας
1932 1718 2029 1785 τῆς
2059 1715 2319 1771 Θεοτόκου
2363 1714 2564 1792 καρπός
2603 1730 2617 1745 ⁶
2651 1714 2790 1786 μόνη
2824 1713 2923 1790 γὰρ
2954 1713 3105 1767 αὑτὸν
3137 1713 3518 1793 ἐκυοφόρησεν.

376 1817 406 1857 ‹
472 1799 570 1857 Καὶ
640 1800 798 1857 πόθεν
854 1823 947 1877 μοι
1003 1806 1177 1879 τοῦτο,
1237 1805 1331 1860 ’ίνα
1388 1802 1515 1882 ἔλθῃ
1544 1806 1579 1873 ἡ
1632 1807 1825 1886 Μητηρ
1854 1813 1947 1864 τοῦ

2108 1806 2294 1864 VERS.
2320 1802 2538 1863 43-45.
2579 1822 2601 1856 α
2630 1799 2697 1860 Ει
2729 1799 2886 1861 unde
2917 1801 3027 1861 hoc
3062 1801 3227 1877 mihi,
3260 1811 3322 1862 ut
3343 1804 3541 1865 veniat
3558 1805 3680 1867 Ma-

297 1889 485 1967 Κυρίου
543 1911 646 1964 μου
702 1896 835 1970 πρὸς
866 1891 933 1967 μέ
977 1912 993 1973 ;
1051 1890 1180 1951 Ἰδοὺ
1211 1894 1311 1973 γὰρ
1341 1896 1414 1959 ὡς
1445 1894 1655 1974 εγενετο
1697 1898 1730 1965 ἡ
1791 1898 1942 1977 φωνὴ

2032 1901 2118 1955 ter
2151 1891 2386 1957 Domini
2418 1891 2535 1952 mei
2554 1889 2623 1951 ad
2653 1890 2783 1950 me?
2808 1890 2963 1951 Ecce
2995 1890 3155 1951 enim
3188 1900 3250 1951 ut
3280 1892 3429 1953 facta
3465 1903 3556 1955 est
3576 1913 3684 1956 vox

289 1986 384 2034 τού
435 1978 721 2056 ἀσπασμοῦ
774 2002 868 2037 σου
938 1983 1013 2046 εἷς
1060 1984 1129 2039 τὰ
1178 1983 1291 2040 ὦτά
1354 2006 1480 2060 μου,
1534 1984 1810 2065 ἐσκίρτησε
1881 1987 1942 2042 τὸ

2032 1981 2400 2043 salutationis
2459 1988 2574 2040 tua:
2621 1977 2683 2039 in
2713 1979 2959 2039 auribus
3009 1980 3177 2061 meis,
3218 1982 3531 2044 exsultavit
3559 2002 3683 2064 prae

290 2067 479 2148 βρέφος
553 2068 607 2124 ἐν
663 2068 979 2149 ἀγαλλιάσει
1038 2072 1093 2129 ἐν
1160 2079 1228 2150 τῇ
1258 2072 1434 2147 κοιλίᾳ
1472 2096 1597 2150 μου.
1631 2076 1728 2133 Καὶ
1759 2097 1942 2149 μακα-

2032 2072 2239 2151 gaudio
2286 2070 2480 2132 infans
2522 2070 2663 2129 279
2712 2067 2772 2127 in
2825 2076 2991 2129 utero
3040 2088 3196 2132 meo.
3230 2069 3300 2130 Et
3331 2070 3500 2133 beata
3551 2091 3683 2151 quae

292 2157 377 2236 ρία
426 2158 461 2224 ἦ
533 2159 882 2234 πιστεύσασα,
930 2159 1011 2218 ὅτι
1055 2161 1202 2218 ἔσται
1245 2161 1520 2228 τελείωσις
1550 2177 1667 2227 τοῖς
1699 2163 1940 2231 λελαλη-

2032 2160 2302 2233 credidit,
2339 2159 2616 2240 quoniam
2648 2159 3033 2237 perlicientur
3055 2175 3121 2218 ea
3146 2177 3278 2239 quae
3303 2158 3457 2220 dicta
3473 2162 3683 2223 suntei

291 2246 473 2322 μένοις
528 2250 662 2325 αὐτῇ
715 2251 858 2328 παρὰ
930 2251 1137 2330 Κυρίου,
1174 2275 1202 2308 ι
1265 2242 1483 2333 ’Ὠσπερ
1552 2252 1765 2334 ὕστερον
1844 2252 1941 2309 ιλ-

2032 2269 2059 2314 a
2092 2251 2365 2313 Domino.
2404 2272 2431 2303 ι
2464 2247 2629 2309 Sicut
2660 2255 2863 2328 postea
2893 2248 3158 2309 Joannes
3188 2247 3512 2324 Christum,
3545 2271 3680 2312 cum

291 2335 449 2395 θόντα
518 2338 613 2419 τὸν
666 2340 891 2418 Χριστὸν
942 2342 1015 2405 εἷς
1072 2342 1133 2397 τὸ
1188 2341 1542 2419 βαπτισθῆναι
1602 2345 1631 2399 ὁ
1685 2342 1940 2411 Ἰωάννης

2032 2341 2286 2402 venisset
2317 2348 2377 2399 ut
2397 2337 3122 2417 baptizaretur,prohibuit
3144 2347 3387 2417 propter
3408 2358 3683 2402 reveren-

290 2425 490 2483 ὲκώλυε
543 2416 614 2482 δι’
669 2416 968 2506 εύλάϐειαν,
1029 2416 1229 2509 λέγων’
1290 2436 1397 2492 Οὐκ
1446 2433 1551 2508 εἱμὶ
1609 2431 1767 2506 ἄξιος,
1806 2432 1943 2490 οὕτω

2032 2430 2188 2502 tiam,
2226 2430 2434 2490 dicens
2474 2416 2485 2489 Ξ
2521 2426 2639 2506 Ego
2675 2416 2801 2486 non
2822 2416 2953 2486 sum
2986 2416 3201 2505 dignus
3231 2416 3283 2507 Ἰ,
3319 2428 3404 2488 sic
3436 2439 3491 2489 et
3526 2448 3683 2492 nunc

288 2521 379 2577 καὶ
427 2527 515 2577 νῦν
571 2517 655 2577 διὰ
710 2525 808 2591 τῆς
866 2525 1070 2599 μητρὸς
1102 2525 1260 2582 αὐτοῦ
1290 2525 1570 2605 φθέγγεται
1644 2526 1809 2583 Πόθεν
1851 2549 1941 2603 μοι

2032 2538 2134 2600 per
2167 2528 2413 2579 matrem
2442 2536 2608 2578 suam
2632 2515 2894 2596 loquitur
2926 2536 2939 2577 :
2975 2513 3145 2579 Unde
3181 2518 3326 2578 mihi
3353 2518 3682 2599 hoc,utve-

288 2619 469 2685 τοῦτο,
528 2608 622 2666 ’ἵνα
665 2609 790 2688 ἔλθῃ
843 2615 878 2681 ἡ
939 2615 1133 2693 Μήτηρ
1187 2617 1282 2671 τοῦ
1312 2616 1497 2695 Κυρίου
1540 2636 1642 2692 μου
1663 2618 1795 2694 πρὸς
1826 2616 1891 2692 μέ
1925 2632 1941 2691 ;

2032 2609 2149 2669 niat
2181 2618 2366 2670 mater
2396 2606 2634 2668 Domini
2684 2606 2797 2667 mei
2828 2606 2898 2665 ad
2936 2612 3077 2668 me?
3109 2607 3453 2687 priusquam
3486 2611 3680 2689 pariat

290 2701 414 2779 πρὶν
484 2697 520 2767 ἧ
574 2699 708 2777 τέκῃ
761 2703 854 2758 τὸν
926 2700 1141 2782 Κύριον,
1176 2704 1381 2783 μητέρα
1426 2706 1525 2774 τὴν
1580 2708 1943 2786 κυοφοροῦσαν

2032 2697 2369 2771 Dominum,
2409 2706 2656 2758 matrem
2683 2713 2899 2756 vocans
2932 2714 3088 2770 eam,
3120 2715 3252 2777 quia
3284 2700 3342 2757 in
3366 2706 3538 2759 utero
3570 2719 3677 2777 ge-

290 2791 587 2864 ὀνομάζων.
652 2790 773 2848 Ἐπὶ
831 2792 930 2867 μὲν
955 2793 1055 2871 γὰρ
1083 2800 1188 2850 τῶν
1245 2792 1449 2870 ἄλλων,
1477 2796 1597 2874 πρὶν
1627 2794 1662 2863 ἦ
1688 2796 1939 2884 τὲκωσιν,

2032 2788 2210 2850 rebat.
2258 2788 2421 2850 Alias
2469 2785 2627 2848 enim
2690 2786 3031 2866 priusquam
3083 2785 3332 2865 pariant,
3369 2806 3484 2848 non
3518 2790 3681 2850 sole-

292 2886 353 2942 οὗ
407 2884 520 2965 χρὴ
578 2885 816 2963 μητὲρας
872 2886 1150 2962 ὸνομάζειν
1206 2885 1290 2943 διὰ
1336 2887 1428 2968 τὸν
1456 2886 1618 2968 φόϐον
1674 2893 1773 2956 τῆς
1830 2874 1942 2964 ἁμέ

2032 2896 2159 2939 mus
2183 2886 2403 2938 matres
2425 2893 2635 2937 vocare
2669 2882 2916 2955 pr0pter
2939 2883 3160 2935 metum
3187 2874 3524 2938 abortiendi
3561 2899 3573 2940 :
3625 2882 3681 2941 in

290 2964 566 3054 ὄλώσεως,
615 2976 853 3032 τουτὲστι
921 2981 1022 3043 τῆς
1071 2975 1371 3045 ἀποϐολῆς.
1408 2964 1534 3035 Ἐπὶ
1569 2976 1622 3034 δέ
1671 2978 1771 3046 τῆς
1803 2983 1939 3058 Παρο

2032 2965 2255 3045 virgine
2278 2974 2483 3027 autem
2517 2964 2666 3025 nihil
2691 2964 2807 3024 tale
2837 2964 3130 3041 susiiicari
3155 2965 3566 3058 op_ortebat.Et
3587 2968 3673 3027 id-

294 3064 439 3121 θὲνου
496 3063 641 3123 οὐδὲν
715 3072 954 3122 τοιοῦτον
1008 3066 1373 3126 ὑπωπτεύετο.
1464 3069 1564 3123 Διᾶ
1632 3074 1787 3125 τοῦτο
1852 3069 1941 3124 καὶ

2032 3055 2183 3119 circo
2213 3056 2554 3136 priusquam
2609 3054 2823 3133 parias.
2881 3060 3069 3113 mater
3120 3062 3179 3113 et
3227 3054 3398 3115 beata
3429 3074 3496 3117 es
3526 3065 3612 3136 tu,
3644 3076 3680 3117 ο

295 3156 394 3232 πρὸ
452 3154 545 3212 τοῦ
598 3167 782 3211 τεκεῖν
837 3157 1019 3235 μήτηρ
1062 3157 1149 3213 καὶ
1218 3158 1450 3235 μακαρία
1479 3158 1740 3238 ὑπάρχεις
1765 3157 1852 3230 σὺ,
1896 3158 1943 3214 ὦ

2032 3148 2234 3225 Maria,
2270 3164 2402 3225 quae
2432 3142 2762 3238 credidisti,
2797 3142 2936 3221 quia
2966 3141 3376 3222 implebuntur
3404 3163 3475 3206 ea
3503 3165 3682 3226 quaea

290 3244 491 3322 Μαρία,
548 3245 584 3312 ἡ
654 3232 1097 3302 πιστεύσασα-ὅτι
1143 3245 1291 3304 ἔσται
1324 3232 1599 3311 τελείωσις
1622 3232 1741 3311 τοῖς
1774 3245 1941 3304 λελα-

2032 3233 2277 3296 Domino
2306 3233 2413 3295 tibi
2446 3232 2603 3293 dicta
2628 3240 2791 3293 sunt.

294 3332 555 3411 λημένοις
584 3357 667 3392 σοι
696 3336 837 3415 παρὰ
867 3336 1074 3415 Κυρίου.
2106 3415 2154 3422 υ
2449 3412 2518 3422 ,Α
2652 3408 2711 3422 η
2776 3410 2810 3422 ,_
2850 3413 2897 3422 __
2977 3409 2989 3421 .
3122 3414 3165 3422 _,
3298 3414 3305 3419 .

379 3408 403 3480 ὲ
461 3426 558 3482 Καὶ
612 3425 738 3482 εἶπε
775 3408 1039 3505 ’Μαριᾶμσ
1098 3426 1394 3505 Μεγαλύνει
1454 3428 1490 3495 ἡ
1521 3428 1678 3507 ψυχὴ
1708 3449 1810 3503 μου
1850 3429 1942 3485 τὸν

2106 3415 2290 3475 Vens.
2325 3412 2544 3475 46-50.
2585 3433 2614 3471 ι
2650 3408 2817 3507 Etait
2848 3409 3031 3507 maria
3065 3429 3081 3507 ξ
3120 3410 3680 3507 ᾃιεςωιίεειεηίιηε

285 3510 504 3595 Κύριον·
540 3516 627 3571 καὶ
698 3500 990 3594 ἠγαλλίασε
1045 3517 1108 3572 τὸ
1164 3500 1373 3592 πνεῦμά
1425 3500 1654 3591 (1.00.511
1684 3500 1760 3591 τῷ
1828 3523 1945 3591 Θεῷ

2032 3523 2158 3567 mea
2192 3504 2533 3574 Dominum,
2569 3508 2626 3561 et
2658 3500 2967 3562 exsultavit
2995 3500 3239 3580 spiritus
3270 3519 3437 3562 meus
3463 3502 3525 3564 in
3558 3506 3679 3566 Deo

284 3589 383 3681 τῷ·
436 3604 644 3684 Σωτῆρί
714 3589 838 3686 μου,
899 3604 979 3663 ὅτι
1052 3589 1344 3682 ἐπέϐλεψεν
1375 3589 1459 3663 ἐπὶ
1490 3607 1589 3673 τὴν
1629 3589 1944 3665 ταπείνωσιν

2032 3594 2339 3658 Salvatore
2371 3590 2684 3662 meo.Quia
2708 3590 2971 3689 respexit
2992 3592 3063 3650 ad
3084 3589 3481 3689 humilitatem
3499 3595 3680 3655 ancil-

290 3679 392 3762 τῆς
447 3679 640 3762 δούλης
692 3679 871 3752 αὐτοῖν
932 3694 1040 3752 ἰδοὺ
1111 3697 1211 3776 γὰρ
1240 3679 1346 3752 ἀπὸ
1388 3702 1481 3753 τού
1512 3698 1600 3753 νῦν
1627 3697 1946 3776 μακαριοῦσί

2032 3686 2101 3747 ιω
2121 3704 2264 3759 suae,
2290 3701 2428 3744 ecce
2452 3682 2610 3743 enim
2630 3700 2701 3742 ex
2726 3681 2840 3742 hoc
2864 3679 3098 3741 beatam
3132 3697 3226 3740 me
3247 3679 3448 3742 dicent
3472 3698 3682 3746 omnes

291 3807 363 3862 με
432 3791 597 3843 πᾶσαι
651 3788 703 3842 αἱ
762 3786 961 3866 γενεαὶ,
1033 3769 1137 3842 ὅτι⁷
1169 3769 1387 3853 ἐποίησέ
1447 3807 1539 3861 μοι
1598 3769 1861 3865 μεγαλεῖα
1917 3789 1945 3844 ό

2032 3770 2621 3857 generationes.Quia
2652 3770 2795 3833 fecit
2830 3769 2973 3830 mihi
2996 3769 3309 3874 magniﬁca
3339 3770 3439 3850 qui
3471 3781 3683 3852 potens

290 3858 529 3940 δυνατός*
604 3876 693 3932 καὶ
747 3858 901 3953 έγιον
945 3858 1022 3933 ’τὸ
1093 3875 1260 3952 ὄνομα
1290 3858 1467 3938 αὐτοῦ,
1527 3858 1630 3939 Καὶ
1672 3858 1734 3934 τὸ
1793 3877 1940 3942 ἕλεος

2032 3874 2141 3939 est,
2178 3873 2235 3926 et
2264 3872 2533 3925 sanctum
2570 3878 2786 3922 nomen
2810 3860 2966 3939 ejus.
2996 3858 3063 3919 Et
3095 3858 3506 3960 misericordia
3551 3864 3681 3942 ejus

290 3968 452 4024 αὐτοῦ
507 3967 580 4031 εἷς
638 3968 822 4044 γενεὰν
880 3968 968 4022 καὶ
1040 3968 1225 4046 γενεὰν
1290 3966 1410 4031 τοῖς
1463 3964 1806 4047 φοϐουμένοις
1838 3973 1938 4028 αὒ-

2032 3965 2085 4026 in
2105 3954 2451 4036 progeniem
2466 3958 2523 4013 et
2549 3949 2897 4031 progeniem
2927 3946 3274 4010 timentibus
3291 3965 3450 4009 eum.
3466 3977 3487 4009 ιο
3504 3952 3680 4031 Virgo

286 4058 405 4122 τόν,
482 4076 507 4112 1
573 4038 663 4114 ’Ἡ⁷
708 4054 967 4134 Παρθένος
1053 4038 1371 4134 τελεώτερον
1442 4038 1934 4137 π’ληροιρορηθεϊσα,

2032 4046 2245 4108 certior
2273 4042 2508 4105 reddita
2536 4043 2612 4103 de
2644 4041 2785 4101 fcetu
2817 4038 3428 4137 concepto-gloriﬁcat
3458 4042 3679 4126 Deum,

269 4145 571 4225 ’δοξολογεῖ
629 4148 721 4203 τὸν
779 4128 932 4220 θεὸν,
990 4143 1174 4219 ἐκείνῳ
1219 4128 1581 4225 ἒπιγράφουσα
1628 4128 1700 4202 τὸ*
1746 4128 1942 4222 θαῦμα,

2032 4135 2111 4196 illi
2145 4132 2497 4195 miraculum
2530 4130 2884 4204 attribuens,
2915 4147 3038 4225 non
3070 4128 3327 4207 sibiipsi.
3364 4129 3467 4191 Ille
3492 4132 3677 4225 enim,

291 4236 400 4318 υῦχ
431 4218 617 4305 ἑαυτῆ.
677 4218 927 4300 Ἐκεῖνος
973 4234 1096 4314 γὰρ,
1157 4218 1358 4314 φησὶνξ
1401 4218 1692 4311 ἐπέελεψεν
1734 4218 1946 4314 ἔπ’

2032 4226 2199 4299 dicit,
2248 4222 2506 4302 respexit
2535 4221 2594 4281 in
2635 4237 2729 4280 me
2760 4218 3079 4289 humilem,
3125 4235 3243 4317 non
3271 4236 3379 4318 ego
3409 4220 3487 4320 ad
3508 4219 3679 4284 illum

290 4309 400 4394 τήἶ
448 4325 729 4402 ταπεινὴν,
804 4324 900 4382 ούκ
1171 4309 1308 4403 πρὸς
1396 4309 1618 4380 ἐκεῖνον
1658 4309 1943 4401 ἀνέϐλεψναο

2032 4313 2292 4396 respexi.
2322 4312 2432 4373 Ille
2481 4329 2576 4371 tne
2608 4318 2961 4403 prosecutus
2992 4315 3083 4367 est
3114 4309 3553 4403 misericordia,
3576 4329 3684 4390 ego

289 4415 501 4481 ὶκεϊνός
574 4436 640 4492 με
696 4397 951 4487 ἧλέησεν,
1023 4397 1118 4471 οὒκ
1194 4397 1304 4492 ἐγὼ
1361 4412 1520 4470 αὐτὸν
1568 4413 1827 4485 ἑζήτησα’
1861 4397 1947 4471 καὶ

2032 4406 2197 4467 illum
2233 4420 2349 4464 non
2382 4399 2645 4481 quaesivi.
2681 4398 2755 4459 Et
2783 4415 2858 4458 ex
2884 4397 2997 4457 hoc
3031 4405 3300 4497 tempore
3337 4397 3567 4497 beatam
3589 4419 3684 4461 me

293 4506 402 4564 ἀπὸ
468 4513 560 4563 τοῦ
616 4514 703 4565 νῦν
760 4505 1075 4584 μααριοῦσί
1155 4524 1223 4579 με
1279 4508 1445 4560 πᾶσαι
1518 4505 1569 4560 αἱ
1626 4504 1825 4582 γενεαίο
1890 4505 1947 4561 οὒ

2032 4495 2235 4557 dicent
2266 4508 2477 4552 omnes
2527 4486 2944 4567 generationes
2976 4506 2989 4543 :
3024 4502 3141 4584 non
3174 4484 3301 4544 sola
3355 4484 3679 4563 Elisabeth,

294 4597 438 4671 μόνη
507 4571 810 4669 Ἐλισάϐετ,
874 4571 1013 4651 ἀλλὰ
1071 4571 1167 4650 καὶ,
1190 4594 1257 4674 αἱ
1281 4597 1388 4650 τῶν
1419 4571 1816 4652 πιστευσαντων
1843 4614 1941 4673 γε-

2032 4584 2133 4647 sed
2161 4590 2218 4644 et
2241 4599 2446 4642 eorum
2471 4576 2779 4655 generatio
2801 4573 2903 4655 qui
2935 4571 3323 4657 crediderint.
3350 4574 3543 4646 Quare
3569 4596 3682 4640 au-

297 4663 434 4748 :aui.
492 4682 627 4742 διατι
685 4682 740 4740 δὲ
794 4663 1144 4763 μαηριοῦσιν
1179 4700 1195 4763 ς
1228 4669 1360 4761 Ἀρα
1390 4679 1474 4738 διὰ
1501 4684 1601 4750 τὴν
1631 4681 1768 4759 ἐμὴν
1817 4663 1943 4763 ἄρε-

2032 4683 2143 4738 tem
2165 4672 2395 4734 beatam
2421 4663 2883 4730 medicent‘INon
2904 4671 3144 4763 propter
3167 4681 3361 4724 meam
3385 4664 3680 4741 virtutem,

296 4776 394 4845 τὴν
433 4794 451 4851 ;
496 4778 653 4855 Οὒχίο
678 4771 799 4831 ἀλλ’
828 4772 910 4830 ὅτι
979 4772 1198 4839 ἐποίησε
1258 4770 1377 4848 μετ’
1438 4771 1569 4848 ἐμοῦ
1625 4770 1889 4852 μεγαλεῖα
1918 4773 1946 4829 ὁ

296 4865 452 4929 Bede.
514 4865 742 4925 Δυνατόν
796 4863 852 4919 δὶ
906 4862 1184 4940 ὠνόμασεν
1251 4862 1432 4938 αὐτὸν,
1474 4860 1568 4919 ἵνα
1598 4860 1781 4939 μηδεὶς
1813 4861 1945 4919 ἀπι-

298 4956 474 5032 στήσῃ
542 4966 661 5018 τοῖς
718 4952 1053 5031 λεγομένοις,
1111 4949 1462 5030 λογισάμενος
1494 4952 1575 5007 ὃτι
1605 4953 1701 5009 οὒκ
1750 4949 1946 5007 ὀδύνα-

296 5046 387 5109 τός
446 5031 553 5103 ἔστι
601 5051 766 5102 ταῦτα
806 5048 1034 5111 ποιῆσαι
1078 5042 1107 5098 ὀ
1153 5044 1366 5119 Κύριος.
1418 5031 1616 5121 ’Ὰγιον
1646 5039 1701 5097 δὲ
1731 5040 1857 5098 εἶπε
1886 5041 1947 5097 τὸ

297 5133 465 5212 ὄνομα
522 5133 705 5208 αὐτοῦ,
766 5129 996 5199 δηλοῦσα
1066 5128 1147 5187 ὅτι
1218 5127 1364 5188 οὐδὲν
1418 5129 1700 5207 μολύνεται
1742 5132 1799 5185 ἓν
1845 5150 1947 5208 γυ-

298 5227 479 5290 ναικὸς
537 5225 716 5304 μήτρα
782 5218 1283 5299 συλλαμϐανόμενος
1326 5221 1355 5277 ὸ
1392 5220 1790 5301 καθαρώτατος,
1827 5217 1947 5275 ἀλλ’

298 5317 451 5395 ἅγιος
502 5314 676 5392 μένει.
727 5312 835 5372 Οὔκ
892 5313 966 5376 εἷς
1021 5310 1117 5389 {pb
1171 5308 1226 5368 δὲ
1297 5323 1472 5387 μόνην
1498 5312 1563 5366 τὸ
1586 5309 1732 5375 ἕλεος
1761 5308 1947 5383 αὐτοῦ,

2029 4765 2134 4827 sed
2164 4761 2302 4843 quia
2332 4758 2473 4821 fecit
2496 4772 2731 4817 mecum
2765 4771 2975 4833 magna
3002 4752 3104 4833 qui
3129 4762 3337 4833 potens
3353 4756 3684 4817 est.Poten-

2030 4862 2148 4916 tem
2180 4860 2374 4912 autem
2423 4846 2687 4908 nominat
2743 4843 2957 4919 Deum,
2991 4853 3053 4903 ut
3084 4860 3161 4903 ne
3205 4844 3336 4923 quis
3386 4844 3685 4907 discredat

2032 4944 2124 5006 his
2154 4960 2286 5023 qua:
2314 4958 2345 5001 a
2376 4956 2441 4999 se
2473 4932 3184 5008 dicuntur,considerans
3214 4933 3371 5013 quod
3406 4936 3563 4996 Deus
3586 4935 3686 4995 illa

2032 5034 2229 5095 facere
2262 5035 2473 5110 potens
2493 5025 2785 5087 sitJ’orro
2818 5033 3086 5083 sanctum
3121 5042 3338 5083 nomen
3371 5023 3501 5102 ejus
3520 5034 3685 5085 vocat

2032 5117 2514 5198 declaransquod
2553 5133 2672 5176 non
2709 5112 3685 5193 inquineturmundissimusillein

2029 5221 2202 5275 utero
2232 5214 2579 5287 conceptus,
2613 5204 2718 5266 sed
2744 5210 2983 5265 sanctus
3014 5200 3482 5283 maneat.Neque
3506 5202 3566 5263 in
3589 5220 3688 5264 me

2032 5303 2160 5367 sola
2188 5309 2277 5364 est
2307 5294 2716 5361 misericordia
2746 5295 2898 5375 ejus,
2936 5293 3045 5356 sed
3097 5294 3158 5357 in
3202 5311 3410 5355 omnes
3454 5294 3555 5374 qui
3606 5292 3685 5354 ti-

299 5382 436 5464 ἀλλὰ
499 5382 591 5463 καὶ
646 5405 720 5468 εἰς
776 5402 979 5467 πάντας
1051 5382 1175 5465 τοὺς
1242 5382 1597 5482 φοϐουμένους
1666 5399 1850 5457 αὐτον·
1902 5382 1947 5455 οἷ

2033 5401 2198 5457 ment
2215 5392 2406 5453 illum.
2431 5385 2545 5460 Qui
2569 5385 2736 5448 enim
2768 5401 2889 5449 non
2916 5384 3127 5445 timent
3148 5382 3685 5484 ipsum,sed_omni-

296 5498 398 5578 γὰρ
438 5496 532 5575 μὴ
588 5494 904 5575 φοκούμενοι
960 5492 1142 5567 ἀύτὸν,
1199 5472 1339 5550 ἀλλὰ
1395 5472 1574 5559 πάντη
1600 5488 1823 5568 ἀνάξιοι,
1856 5488 1947 5546 οὐκ

2032 5503 2110 5547 no
2130 5478 2359 5562 indigni
2380 5484 2538 5552 sunt,
2565 5494 2684 5537 non
2700 5481 3096 5555 assequuntur
3114 5472 3607 5535 misericordiam.
3620 5473 3687 5539 1n

384 5630 407 5678 7
442 5626 652 5692 Matth.
690 5641 773 5698 ut,
814 5629 905 5685 tl.
