4232 6410
534 321 639 385 711

1515 323 2060 388 THOPHYLACTI
2103 318 2511 383 BULGARI/E
2557 320 2909 382 ARCHIEP.

3808 316 3930 384 712

535 462 976 535 generationem
1010 469 1208 522 autem
1247 467 1308 523 et
1337 457 1783 537 generationem
1817 458 2023 517 dicens
2047 474 2181 517 esse

2267 451 2567 513 ἱλεοῦνται.
2625 455 2713 520 Εἷς
2779 456 2965 533 γενεὰν
3023 455 3079 511 δὲ
3136 457 3221 511 καὶ
3275 457 3463 533 γενεὰν
3520 457 3738 513 εἰποῦσα
3782 455 3927 513 εἶναι

540 549 1006 612 misericordiam
1040 550 1168 620 Dei,
1204 550 1461 610 ostendit
1493 546 1647 627 quod
1711 546 2179 607 misericordiam

536 649 923 719 assequentur
949 647 1002 698 et
1035 641 1092 700 in
1135 637 1414 718 praesenti
1468 636 1708 715 saeculo,
1744 643 1801 697 et
1852 634 1912 695 in
1960 638 2176 709 luturo,

536 727 1160 804 nempeaaternoNum
1181 728 1273 787 hic
1288 726 1629 806 centuplum
1656 724 2039 804 accipiunt,ct
2059 725 2181 785 illic

537 818 709 895 longe
737 817 991 893 amplius
1022 818 1484 879 Attendeautem
1509 814 1662 896 quod
1686 814 1938 893 primum
1966 813 2184 891 magni-

535 909 665 966 licat
691 907 887 967 anima
920 907 1257 977 Dominum,
1295 915 1352 965 et
1377 906 1596 965 deinde
1632 904 1875 982 spiritus
1908 906 2179 965 exsultat:

534 1004 594 1054 ut
622 994 817 1056 simile
847 996 989 1076 quid
1024 996 1242 1065 dicam,
1267 995 1602 1073 magniﬁcat
1631 996 1843 1065 Deum,
1876 995 1973 1070 qui
2009 994 2186 1072 digne

524 1084 693 1163 juxta
727 1091 909 1145 Deum
942 1084 1228 1147 ambulat.
1262 1086 1517 1145 Vocatus
1549 1102 1613 1144 es
1638 1082 2031 1155 Christianus,
2067 1103 2185 1144 non

533 1182 849 1234 attenuans
880 1191 1097 1234 nomen
1145 1183 1202 1235 et
1257 1172 1605 1252 dignitatem
1658 1171 1873 1234 Christi
1914 1172 2185 1233 faciendo

534 1263 687 1341 quod
723 1282 840 1323 non
873 1271 1136 1341 oportet,
1171 1264 1275 1324 sed
1314 1262 1701 1341 magniﬁcans
1739 1263 2038 1340 operando
2065 1281 2187 1322 ma-

536 1370 669 1423 gna,
724 1353 1111 1433 cmlestiaque
1154 1372 1360 1431 opera.
1413 1351 1481 1413 Et
1536 1360 1677 1413 tunc
1720 1353 1891 1412 etiam
1945 1352 2189 1432 spiritus

538 1450 671 1501 tuus
706 1443 1042 1523 exsultabit,
1080 1445 1189 1505 huc
1223 1452 1334 1516 est,
1392 1442 1697 1522 spirituale
1749 1444 1968 1501 donum
2028 1440 2185 1520 quod

534 1532 814 1609 accepisti
841 1550 946 1610 per
974 1534 1210 1612 egregia
1242 1551 1447 1611 opera,
1472 1530 1784 1591 exsultabit
1812 1541 1869 1592 et
1892 1531 2181 1610 proﬁciet.

538 1620 608 1680 Et
640 1640 755 1679 non
774 1624 1182 1693 contrahetur,
1217 1631 1297 1701 et,
1331 1631 1388 1681 ut
1422 1622 1495 1682 ita
1531 1620 1746 1681 dicam.
1794 1619 2183 1682 mortificabi-

2264 542 2324 596 τὸ
2394 539 2542 606 ἕλεος
2592 549 2684 601 τοῦ
2754 550 2907 617 Θεοῦ,
2975 554 3131 604 τοῦτο
3195 540 3487 616 ἐδήλωσεν,
3520 543 3602 601 ὅτι
3657 545 3746 600 καὶ
3776 543 3832 599 ἐν
3862 549 3931 618 τῇ

2264 637 2352 687 νῦν
2402 636 2559 709 γενεᾷ
2615 630 2908 707 ἐλεοῦνται,
2982 633 3221 691 τουτέστι
3276 639 3355 707 τῷ
3450 640 3538 690 νῦν
3595 635 3768 690 αἰιῦνι⁶
3839 638 3928 690 καί

2268 717 2322 773 ’έν
2362 725 2433 797 τῇ
2488 718 2761 798 μελλοῦσῃ
2816 728 2998 800 γενεᾷ,
3082 728 3162 797 τῷ
3212 722 3493 800 ἆπεράντῳ
3546 721 3694 802 λέγω
3748 724 3925 780 αἰῶνν

2267 808 2531 866 κάνταῦθα
2596 812 2698 890 γὰρ
2780 811 3297 870 ἑκατονταπλασίονα
3394 809 3749 893 λαμϐάνουσι,
3818 811 3926 869 κᾶ-

2267 912 2417 955 κεῒσε
2488 898 2676 975 πολλῷ
2726 899 2967 963 πλείονα.
3019 903 3268 983 Πρόσχεσ
3321 900 3377 960 δί
3409 900 3505 959 λὸτι
3536 905 3791 983 πρότερον
3821 924 3923 968 με·

2267 986 2482 1066 γαλῦνει
2538 991 2573 1057 ἡ
2636 991 2792 1071 ψυχὴ
2844 993 2934 1049 τὸν
2997 994 3206 1072 Κύριον,
3241 996 3362 1050 εἶτα
3390 993 3453 1050 τὸ
3480 1000 3687 1067 πνεῦμα
3745 991 3923 1071 ἀγαλ-

2269 1075 2467 1135 λιᾶται·
2530 1080 2650 1137 οἶόν
2706 1102 2755 1137 τι
2814 1080 2979 1159 λέγω⁶
3042 1081 3341 1159 Μεγαλύνει
3399 1084 3490 1139 τὸν
3519 1084 3650 1139 Θεὸν
3685 1083 3715 1140 ὀ
3770 1080 3925 1147 ἀξίως

2269 1174 2362 1224 τοῦ
2447 1175 2577 1226 Θεοῦ
2664 1173 3044 1248 πορευόμενος,
3132 1173 3444 1253 Χριστιανὸς
3526 1171 3782 1248 ἐκλήθης,
3843 1174 3924 1246 μὴ

2272 1260 2565 1337 σμικρύνῃς
2629 1262 2692 1318 τὸ
2744 1260 2948 1338 ἀξίωμα
3008 1270 3101 1321 τοῦ
3176 1270 3400 1342 Χριστοῦ
3479 1263 3566 1320 καὶ
3612 1264 3675 1319 τὸ
3727 1261 3921 1337 ὄνομα,

2271 1344 2356 1403 διὰ
2406 1359 2499 1409 τοῦ
2552 1352 2801 1430 πράττειν
2857 1355 2923 1409 τὰ
2980 1355 3057 1428 μὴ
3112 1350 3318 1434 δέοντα,
3392 1352 3528 1411 ἀλλὰ
3627 1351 3924 1431 μεγάλυνον

2270 1438 2420 1518 αὐτὸ,
2484 1439 2723 1519 μεγάλας
2782 1444 2871 1499 καὶ
2924 1443 3191 1523 οὐρανίους
3265 1442 3479 1522 πράξεις
3559 1445 3751 1500 τελῶν’
3836 1442 3925 1498 καὶ

2266 1525 2389 1583 τότε
2444 1532 2532 1586 καὶ
2578 1532 2641 1587 τὸ
2693 1533 2902 1609 πνεῦμά
2957 1555 3050 1589 σου
3106 1531 3512 1611 ἅγαλλιάσεται,
3570 1531 3805 1590 τουτέστι
3861 1532 3924 1586 τὸ

2266 1620 2623 1692 πνευματικὸν
2688 1622 2952 1701 χάρισμα,
3020 1621 3049 1679 ὅ
3121 1620 3306 1686 ἔλαϐες
3358 1620 3441 1679 διὰ
3505 1622 3612 1679 τῶν
3672 1619 3925 1700 μεγάλων

539 1718 653 1771 tur.
681 1708 845 1771 Scias
875 1720 1163 1790 praaterea
1201 1711 1386 1771 videri
1419 1711 1510 1772 St'l
1532 1710 1785 1789 ipturain
1832 1708 2183 1788 simpliciter

2267 1705 2527 1791 πράξεων,
2598 1713 2871 1789 σκιρτήσει
2941 1713 3030 1769 καὶ
3085 1712 3369 1791 προκόψεν
3426 1710 3547 1769 ἀλλ’
3605 1712 3666 1768 οῦ
3719 1730 3920 1766 συστα-

532 1796 689 1857 idem
714 1799 915 1860 dicere
938 1800 1207 1877 Spiritum
1240 1807 1298 1860 et
1330 1799 1589 1860 animam
1620 1798 1673 1869 8,
1711 1799 1949 1878 proprie
1983 1808 2180 1861 tamen

2268 1790 2489 1880 λήσεται
2547 1799 2657 1879 καὶ³
2733 1804 2852 1857 οἷον
2909 1790 3135 1875 εἰπεῖν,
3193 1802 3605 1880 νεκρωθήσεται.
3688 1799 3920 1856 Γίνωσκε

532 1886 748 1948 differt.
780 1889 1111 1951 Animalem
1151 1889 1306 1950 enim
1338 1898 1508 1948 τευ
1540 1888 1841 1949 hominem
1874 1887 2021 1950 dicit
2043 1908 2180 1949 eum

532 1975 629 2054 qui
652 1977 818 2054 juxta
854 1988 1116 2039 naturam
1155 1980 1308 2057 vivit,
1346 1989 1403 2040 et
1437 1979 1710 2039 humanis
1743 1977 2067 2039 rationibus
2092 1998 2184 2040 re-

531 2066 702 2142 gitur,
738 2066 1027 2147 siquando
1059 2067 1332 2128 esuriens
1353 2067 1796 2138 comedat,odio
1823 2065 2036 2128 haheat
2059 2068 2181 2128 ini-

532 2156 778 2229 micum,
814 2165 871 2217 et
902 2160 957 2216 in
992 2176 1244 2236 summa,
1280 2158 1327 2217 si
1364 2157 1509 2218 nihil
1543 2175 1720 2236 supra
1746 2156 2047 2217 hominem
2072 2175 2181 2236 ap-

534 2255 755 2322 pareat.
804 2244 1184 2325 Spiritualem
1233 2265 1394 2322 vero,
1441 2245 1540 2326 qui
1598 2246 1964 2307 transcendit
2021 2245 2185 2325 leges

530 2344 778 2409 natura},
820 2345 878 2396 et
906 2355 1022 2395 non
1058 2336 1319 2397 humano
1366 2354 1531 2397 more
1583 2336 1751 2415 sapit.
1814 2338 1880 2397 Et
1926 2335 2053 2397 haec
2094 2346 2185 2397 est

533 2425 877 2489 diﬂ‘erentia
905 2426 1117 2499 anima;
1148 2435 1202 2487 et
1230 2426 1479 2506 spiritus
1511 2425 1569 2487 in
1598 2425 1929 2505 Scriptura.
1973 2428 2183 2488 Medici

533 2514 777 2576 forsitan
811 2515 934 2576 haec
963 2516 1134 2576 aliter
1162 2515 1536 2591 discernunt,
1570 2516 1671 2577 sed
1715 2515 1882 2577 nobis
1912 2514 2185 2594 Sciptura

532 2604 698 2665 cordi
726 2612 838 2681 est,
873 2603 1095 2666 medici
1124 2622 1262 2666 vero
1293 2605 1546 2668 valeant.

615 2872 796 2934 Vens.
832 2873 1051 2934 fil-56.
1084 2902 1105 2923 σε
1132 2872 1298 2934 Fecit
1335 2872 1517 2935 robur
1549 2875 1604 2935 in
1640 2873 1883 2935 brachio
1920 2894 2047 2947 suo,
2082 2877 2178 2938 tti-

530 2963 750 3044 spersit
768 2960 1062 3042 superbos
1080 2963 1432 3041 cognatione
1452 2964 1651 3024 cordis
1683 2963 2182 3045 ipsorum.Detra-

2266 1879 2321 1938 δὲ
2384 1885 2464 1941 ὅτι
2535 1888 2570 1955 ἡ
2628 1890 2811 1970 Γραφή
2883 1889 3069 1953 ἁπλῶς
3127 1892 3225 1967 μὲν
3289 1879 3352 1948 τὸ
3383 1893 3510 1949 αὐτὸ
3566 1888 3717 1948 δοκεῖ
3744 1889 3920 1967 λέγειν

2268 1981 2475 2050 πνεῦμα
2543 1979 2630 2034 καὶ
2704 1982 2914 2059 ψυχὴν,
2950 1980 3150 2060 κυρίως
3208 1979 3263 2037 δί
3319 1978 3642 2040 διαστέλλει·
3688 1983 3922 2060 ψυχικὸν

2268 2072 2366 2139 μὲν
2420 2067 2519 2146 γὰρ
2591 2068 2863 2148 ἄνθρωπον
2920 2069 3066 2151 λέγει
3100 2072 3191 2127 τὸν
3227 2072 3366 2128 κατὰ
3412 2072 3564 2151 φύσιν
3604 2077 3804 2150 ζῶντα,
3833 2072 3923 2128 καὶ

2268 2152 2607 2233 ἀνθρωπίνοις
2719 2158 3004 2240 λογισμοῖς
3084 2159 3471 2237 διοικούμενον,
3565 2161 3688 2219 οῖον
3791 2159 3923 2217 ὅταν

2267 2249 2443 2319 πεινᾷ,
2504 2245 2766 2323 ἐσθίοντα,
2825 2251 2918 2307 τὸν
2974 2250 3168 2330 ἐχθρὸν
3242 2256 3523 2326 μισοῦντα,
3556 2252 3642 2308 καὶ
3706 2249 3923 2324 ἁπλῶς,

2269 2331 2436 2407 μηδὲν
2494 2334 2623 2415 ὑπὲρ
2693 2338 2845 2418 φύσιν
2918 2341 3335 2418 φανταζόμενον
3412 2341 3765 2416 πνευματικὸν
3836 2337 3917 2413 δὲ,

2264 2423 2357 2478 τὸν
2425 2424 2823 2501 ὑπεραναϐάντα
2896 2428 3019 2492 τοὺς
3104 2429 3202 2496 τῆς
3271 2430 3477 2509 φύσεως
3554 2429 3773 2509 νόμους,
3830 2431 3921 2486 καὶ

2266 2509 2435 2585 μηδὲν
2489 2513 2815 2592 ἀνθρώπινον
2872 2519 3183 2597 φρονοῦντα’
3264 2518 3352 2575 καὶ
3428 2517 3563 2585 αὕτη
3661 2518 3801 2575 ἔστὶν
3881 2520 3917 2585 ἡ

2265 2598 2485 2688 διαφορὰ
2546 2607 2733 2684 ψυχῆς
2792 2606 2878 2661 καὶ
2934 2607 3233 2683 πνεύματος
3264 2607 3319 2664 ἂν
3375 2612 3444 2683 τῇ
3509 2612 3716 2688 Γραφῇ⁶
3770 2605 3918 2687 τάχα

2264 2686 2319 2745 δὲ
2386 2691 2553 2770 ἰατροὶ
2625 2690 2801 2758 ἄλλως
2870 2702 3036 2753 ταῦτα
3093 2693 3464 2775 διακρίνουσιν*
3498 2686 3786 2772 ἀλλ’ήίημῖν
3816 2686 3916 2762 τῆς

2264 2782 2476 2860 Γραιρῆς
2517 2780 2693 2856 μέλει·
2727 2783 2895 2863 ἰατροὶ
2927 2782 2982 2841 δὶ
3011 2784 3422 2865 γθειρέσθωσαν,

2351 2890 2378 2923 ε
2439 2869 2691 2938 Ἐποίησε
2750 2874 2941 2951 κράτος
3015 2874 3070 2930 ἐν
3119 2875 3366 2955 βραχίονι
3424 2877 3605 2935 αὐτοῦ’
3666 2872 3912 2953 διεσκόρ-

2265 2979 2419 3015 πισεν
2486 2960 2852 3041 ὑπερηφάνους
2896 2960 3099 3036 διανοίᾳ
3153 2961 3368 3043 καρδίας
3440 2966 3632 3023 αὐτῶν·
3696 2962 3914 3020 καθεῖλε

534 3057 613 3115 xit
646 3061 919 3131 potentes
945 3052 1019 3113 de
1043 3052 1376 3125 sedibus,et
1406 3053 1679 3115 exaltavit
1708 3054 1989 3119 humiles.
2024 3057 2181 3119 Esu-

2267 3044 2521 3112 δυνάστας
2577 3050 2682 3107 ἀπὸ
2741 3051 2960 3131 θρόνων,
3022 3053 3110 3110 καὶ
3181 3053 3363 3129 ὕψωσε
3407 3053 3717 3117 ταπεινούς
3788 3073 3917 3109 πει-

532 3144 759 3202 ι’ἰιληιθδ
799 3142 1060 3221 ἱιιψιιινὶι
1103 3142 1299 3217 bonis,
1351 3152 1404 3203 et
1443 3142 1654 3203 divites
1687 3144 1911 3206 dimisit
1946 3146 2175 3211 inanes.

2267 3144 2465 3203 νῶντας
2534 3139 2827 3208 ὶνέπλησεν
2931 3143 3166 3221 ἀγαθῶν,
3240 3144 3328 3200 καὶ
3412 3141 3767 3207 πλουτοῦντας
3826 3140 3917 3207 ἑξ-

530 3231 803 3312 Suscepit
832 3230 1009 3292 lsrael
1046 3251 1294 3311 puerum
1329 3251 1527 3306 suum,
1552 3242 1611 3294 ut
1646 3252 1874 3295 memor
1895 3245 2052 3297 esset
2079 3236 2183 3297 mi-

2267 3226 2543 3285 απέστειλε
2600 3232 2803 3294 κενούς’
2860 3230 3179 3289 ἀντελάϐετο
3239 3228 3450 3305 Ἰσραὴλ
3520 3230 3707 3298 παιδὸς
3731 3233 3913 3312 αὑτοῦ,

528 3321 891 3382 sericordize.
929 3319 1090 3382 Sicut
1136 3322 1368 3382 locutus
1425 3332 1515 3383 est
1568 3325 1638 3382 ad
1694 3332 1890 3403 patres
1920 3337 2174 3400 nostros,

2267 3321 2561 3392 μνησθῆναι
2610 3319 2811 3391 ἱλέους,
2901 3324 3073 3387 καθὼς
3157 3321 3386 3390 ἑλάλησε
3443 3324 3574 3402 πρὸς
3630 3324 3753 3388 τοὺς
3811 3344 3919 3379 πα-

526 3410 848 3484 Abraham,
878 3419 933 3471 et
963 3410 1178 3471 semini
1203 3411 1354 3490 ejus,
1387 3411 1446 3472 in
1474 3412 1779 3475 sreculum.
1827 3414 2036 3475 Mansit
2065 3434 2174 3476 au-

2267 3405 2415 3484 τέρας
2470 3409 2626 3483 ἡμῶν
2682 3418 2759 3485 τῷ
2820 3408 3065 3488 Ἀϐραὰμ
3117 3413 3207 3468 καὶ
3266 3418 3343 3487 τῷ
3403 3412 3667 3492 σπέρματι
3725 3413 3910 3484 αὐτοῦ,

526 3510 646 3562 tem
682 3500 859 3562 Maria
890 3519 1021 3561 cum
1054 3500 1151 3562 illa
1176 3501 1477 3562 mensibus
1504 3502 1743 3564 circiter
1775 3503 2051 3581 tribus,et
2077 3524 2173 3566 re-

2267 3516 2330 3559 ιις
2387 3498 2476 3553 τὸν
2524 3499 2713 3561 αἰῶνα.
2773 3499 3010 3576 ”Εμεινε
3061 3499 3115 3557 δὲ
3162 3503 3381 3579 Μαριὰμ
3438 3503 3533 3559 σὺν
3590 3504 3724 3578 αὒτῇ
3789 3499 3917 3557 ὡσεὶ

525 3610 695 3650 vorsa
725 3598 815 3651 est
840 3590 897 3649 in
923 3590 1162 3649 domum
1196 3610 1386 3653 suam.
1419 3616 1444 3645 ι)
1484 3590 1799 3652 Bracliium
1836 3593 2039 3671 patris,
2071 3595 2169 3656 Fi-

2267 3588 2430 3651 αῆνας
2501 3600 2671 3665 τρεῖς,
2726 3591 2823 3646 Καὶ
2871 3589 3201 3670 ὑπέστρεψεν
3232 3592 3305 3671 είς
3332 3593 3426 3647 τὸν
3456 3591 3614 3648 οἶκον
3655 3592 3844 3657 αὐτῆς.
3885 3611 3909 3646 ι

529 3682 666 3740 lius.
696 3679 860 3740 Fecit
902 3678 1079 3755 igitur
1108 3679 1288 3739 robur
1321 3688 1377 3739 et
1420 3679 1693 3741 virtutem
1736 3701 1801 3741 ac
1836 3666 2172 3754 potentia'n

2267 3676 2507 3756 Βραχίων
2562 3688 2653 3736 τοῦ
2708 3681 2931 3758 Πατρὸς,
2995 3666 3217 3744 ὀΨΥἱός,
3280 3666 3565 3747 Ἐποίησεν
3589 3679 3679 3737 οὗν
3721 3679 3916 3757 κράτος

527 3778 731 3830 contra
760 3778 1027 3828 naturam
1048 3770 1212 3829 Deus
1235 3767 1476 3829 etPater
1499 3770 1553 3829 in
1578 3769 1728 3832 Filio
1752 3773 2175 3835 suo.lncarna-

2267 3767 2347 3821 καὶ
2403 3764 2619 3842 δύναμιν
2690 3770 2827 3825 κατὰ
2899 3772 2998 3838 τῆς
3056 3771 3261 3849 φύσεως
3313 3770 3343 3825 ὀ
3402 3770 3533 3832 Θεὸς
3594 3769 3684 3826 καὶ
3730 3767 3917 3847 Πατὴρ

530 3858 770 3932 to_enim
793 3856 965 3927 Filio,
1000 3857 1145 3917 victa
1195 3865 1286 3917 est
1336 3872 1566 3928 natura,
1605 3858 1849 3937 Virgine
1884 3862 2170 3941 pariente,

2267 3853 2315 3910 ὲν
2371 3862 2448 3930 τῷ
2506 3857 2611 3931 Υἱῴ
2642 3858 2820 3920 αὑτοῦ.
2899 3859 3273 3937 Σαρκωθέντος
3331 3859 3433 3937 γὰρ
3504 3859 3595 3914 τοῦ
3626 3858 3769 3937 Υἱοῦ,
3831 3857 3920 3912 έν-

528 3947 649 4007 Deo
675 3947 917 4008 homine
947 3946 1137 4008 facto:
1174 3946 1414 4008 homine
1436 3967 1574 4009 vero
1614 3948 1911 4011 deilicato.
1947 3951 2015 4012 Et
2045 3953 2173 4014 dis-

2267 3946 2439 4015 ηκήθη
2496 3948 2530 4013 ἡ
2588 3946 2760 4026 φύσις,
2820 3948 3079 4028 παρθένου
3136 3948 3420 4023 τεκούσης,
3456 3954 3589 4004 Θεοῦ
3642 3946 3915 4025 ἀνθρωπι-

528 4037 712 4114 persit
736 4034 1023 4097 Dominus
1053 4035 1343 4115 superbos
1375 4037 1701 4112 dmmones,
1730 4040 1933 4117 ejectis
1958 4041 2075 4103 illis
2104 4060 2170 4104 ex

2267 4033 2493 4115 τιθέντος,
2554 4034 2827 4114 ἀνθρώπου
2910 4037 3221 4100 θεωθέντοςο
3296 4038 3385 4095 καὶ
3467 4034 3829 4114 διεσκόρπισεν
3887 4038 3916 4093 ὁ

527 4127 801 4186 humanis
822 4123 1222 4199 animabus,et
1242 4125 1372 4186 aliis
1396 4126 1637 4206 quidem
1668 4127 1726 4188 in
1749 4130 2020 4209 abyssum
2036 4132 2178 4193 mis-

2267 4124 2448 4203 Κύριος
2516 4123 2636 4189 τοὺς
2701 4126 3067 4207 ὑπερηφάνους
3119 4124 3398 4207 δαίμονας,
3443 4123 3684 4184 ἐκϐαλὼν
3727 4124 3915 4187 αὐτοὺς

528 4213 770 4285 sis,a|iis
785 4223 982 4274 autem
1012 4215 1071 4273 in
1100 4231 1309 4294 porcos
1343 4218 1560 4277 Poterit
1581 4226 1774 4279 autem
1792 4222 1935 4281 etde
1958 4222 2176 4282 .ludteis

2267 4214 2365 4269 ἀπὸ
2426 4218 2531 4271 τῶν
2596 4215 2933 4294 ἀνθρωπίνων
3000 4221 3215 4297 ψυχῶν*
3276 4218 3363 4274 καί
3420 4214 3508 4279 οὓς
3553 4216 3655 4291 μὶν
3699 4216 3772 4281 εἷς
3812 4213 3915 4283 τὴν

524 4302 973 4383 intelligi,quos
1019 4302 1301 4383 dispersit
1348 4304 1405 4365 in
1452 4324 1687 4367 omnem
1743 4308 2083 4385 regionem:
2117 4320 2176 4372 et

2267 4299 2485 4360 ἕϐυσσον
2535 4303 2780 4380 πέμψας,
2838 4305 2925 4371 οὖς
2976 4304 3031 4363 δὲ
3089 4308 3163 4372 εἰς
3221 4306 3343 4371 τοὺς
3386 4305 3626 4386 χοίρους.
3686 4306 3915 4361 Δύναται

526 4410 681 4452 nunc
695 4392 953 4472 dispersi
971 4392 1318 4454 sunt.Porro
1335 4393 1589 4457 detraxit
1611 4396 1785 4458 etiam
1818 4400 2177 4477 potentesde

2267 4389 2313 4447 δὲ
2383 4394 2470 4449 καὶ
2526 4395 2643 4472 περὶ
2702 4397 2807 4451 τῶν
2863 4392 3140 4453 Ἰουδαίων
3170 4399 3449 4468 νοηθῆναι,
3483 4394 3572 4460 οῦς
3603 4392 3915 4474 διεσκόρπι-

527 4481 792 4553 sedibus,
827 4481 1130 4542 dremones
1158 4482 1315 4555 dico,
1351 4483 1453 4563 qui
1486 4492 1692 4546 contra
1720 4485 1993 4549 homines
2017 4507 2171 4569 prae-

2267 4501 2346 4537 τεν
2401 4483 2475 4546 εἷς
2536 4489 2708 4541 πᾶσαν
2761 4484 2970 4566 χώραν,
3026 4486 3114 4544 καὶ
3207 4494 3295 4544 νῦν
3358 4482 3729 4561 διεσπαρμένοι
3791 4485 3910 4541 εἶσίο

526 4580 854 4643 valuerunt,
889 4580 945 4631 et
975 4572 1149 4633 sedes
1179 4573 1237 4632 in
1274 4573 1548 4634 humanis
1580 4575 1875 4637 habebant
1908 4581 2171 4657 pectori-

2267 4571 2471 4629 καθεῖλε
2544 4571 2597 4629 δὲ
2671 4577 2759 4632 καὶ
2817 4575 3071 4640 δυνάστας
3102 4576 3210 4634 ἀπὸ
3237 4576 3462 4657 θρόνων,
3491 4576 3615 4641 τοὺς
3658 4573 3914 4652 δαίμονας

526 4663 727 4741 hus,in
756 4661 876 4722 illis
897 4662 1362 4741 rcquiescentes.
1390 4663 1553 4725 Sicut
1575 4672 1636 4727 et
1656 4665 1937 4727 Pharisaei
1972 4676 2175 4745 poten-

2267 4662 2423 4741 λέγω,
2496 4661 2553 4719 οἵ
2622 4663 3060 4724 κατεδυνάστευον
3118 4672 3225 4723 τῶν
3296 4664 3609 4744 ἀνθρώπων,
3641 4667 3729 4723 καὶ
3784 4666 3913 4745 θρό-

524 4751 923 4831 tes,nimirum
949 4770 1019 4811 ea
1050 4770 1182 4831 qum
1200 4757 1552 4832 pauperum,
1584 4753 2044 4835 deripientes,et
2074 4776 2174 4819 ca—

2267 4774 2377 4815 νους
2435 4752 2597 4832 εἶχον
2651 4756 2744 4820 τὰς
2799 4754 3129 4836 ἀνθρωπίνας
3186 4756 3392 4837 ψυχὰς,
3424 4759 3481 4813 ὲν
3528 4760 3718 4821 αὐταῖς
3775 4756 3915 4819 ἄνα-

525 4842 765 4902 thcdras
796 4838 1019 4902 habent
1052 4850 1113 4899 ut
1142 4840 1482 4913 doctores,a
1505 4842 1721 4922 quibus
1740 4844 1988 4924 depositi
2013 4856 2150 4907 sunt

2267 4841 2577 4918 παυόμενοι·
2626 4842 2763 4899 ἀλλὰ
2818 4847 2906 4901 καὶ
2964 4847 3010 4903 οἷ
3058 4852 3344 4925 Φαρισαῖοι
3415 4844 3693 4927 δύνάσται,
3720 4847 3794 4911 ὣς
3848 4847 3918 4904 τὰ

524 4930 593 4991 Et
624 4929 896 4991 exaltavit
926 4930 1484 5009 humiles,homiues
1515 4952 1663 5012 quos
1682 4933 2171 5016 humiliaratpec-

2267 4933 2365 4990 εῶν
2434 4938 2675 5014 πτωχῶν
2704 4936 3151 5015 καθαρπάζοντες,
3198 4934 3496 5015 θρόνουςδὶ
3533 4934 3781 5018 ἔχοντες,
3837 4938 3916 4999 ὡς

522 5019 838 5094 catum,vel
862 5019 1388 5097 gentes.Exaltavit
1417 5029 1615 5082 autern
1643 5023 1937 5103 adoptatis
1962 5024 2095 5086 illos
2113 5027 2171 5089 in

2267 5018 2583 5099 διδάσκαλοι,
2642 5023 2734 5103 ἀφ’
2794 5026 2869 5082 ὧν
2922 5026 3311 5106 καθῃρέθησαν·
3381 5028 3471 5083 καὶ
3550 5028 3735 5101 ’ὐψωσε
3809 5047 3914 5084 τα-

524 5109 701 5170 ﬁlios.
736 5108 917 5188 Igitur
937 5108 1091 5170 sicut
1112 5117 1171 5170 et
1194 5108 1529 5172 esurientes
1548 5112 1750 5175 dicere
1775 5112 1907 5175 licet
1929 5116 2173 5179 eosdem

2267 5111 2470 5176 πεινοὺς
2525 5113 2646 5179 τοὺς
2704 5114 3029 5197 ἀνθρώπους,
3086 5114 3174 5181 οὕς
3244 5114 3594 5173 ἐταπείνωσεν
3638 5117 3674 5187 ἡ
3731 5117 3912 5195 ἁμαρ-

525 5199 1013 5277 gentiles,utpote
1045 5217 1161 5259 non
1190 5198 1482 5263 habentes
1504 5200 1593 5262 vel
1614 5202 2074 5283 Scripturas,vel
2096 5204 2176 5268 le-

2267 5203 2365 5282 τία,
2424 5201 2462 5270 ἢ
2517 5203 2585 5260 τὰ
2640 5202 2785 5287 ἔθνηο
2818 5204 3000 5280 ὕψωσε
3025 5206 3125 5286 γὰρ
3154 5213 3341 5281 ταῦτα,
3373 5206 3629 5263 υἱοθεσίαν
3674 5206 3914 5287 χαρισά-

525 5305 680 5363 gem,
718 5291 802 5348 vel
832 5289 1125 5362 mandata,
1161 5307 1310 5366 quos
1337 5288 1602 5369 implevit
1636 5290 1806 5354 bonis
1838 5291 2169 5375 Scriptura-

2267 5312 2418 5367 μενος
2477 5293 2682 5357 αὐτοῖς,
2722 5283 2940 5375 υΩσπερ
2970 5283 3058 5354 οὖν
3085 5283 3174 5353 καὶ
3220 5302 3515 5361 πεινῶντας
3541 5296 3664 5361 τοὺς
3695 5283 3909 5371 αὖτοὺς,

525 5392 656 5468 rum
683 5377 762 5438 ita
782 5386 844 5440 et
874 5377 1109 5468 .ludreos
1142 5375 1352 5468 divites
1381 5386 1439 5439 et
1464 5379 1521 5439 in
1554 5379 1706 5460 lege,
1740 5400 1808 5443 ac
1839 5382 1897 5443 in
1932 5384 2174 5446 manda-

2267 5384 2375 5448 τοὺς
2398 5380 2474 5447 Δἐξ
2498 5380 2659 5441 ὲθνῶν
2688 5381 2855 5463 λέγω*
2889 5384 2949 5444 οὗ
2980 5386 3080 5466 γὰρ
3110 5385 3274 5465 εἶχον
3303 5386 3540 5467 Γραφὰς,
3584 5386 3620 5454 ἣ
3653 5386 3843 5468 νόμον,
3874 5386 3913 5455 ἢ

525 5462 624 5543 tis,
646 5483 797 5543 quos
828 5466 1006 5528 etiam
1042 5466 1241 5527 emisit
1272 5475 1435 5529 extra
1462 5475 1760 5534 terrenam
1782 5480 1842 5535 et
1865 5472 2171 5536 crelestem

2267 5471 2497 5535 ivtoMc°
2531 5471 2823 5539 ἐνέπλησεν
2895 5462 3106 5553 ἀγαθῶν
3161 5462 3265 5534 τιῦν
3324 5462 3627 5556 [ipa-995v,
3686 5462 3912 5557 τοῦξδρ

603 5633 635 5681 ⁸
664 5635 688 5697 Ι
716 5632 856 5695 Cor.
891 5651 960 5711 ιι,
994 5634 1091 5697 15.
