4232 6410
299 350 417 423 713

1103 346 1548 419 ENARRATIO
1592 357 1676 423 IN
1721 350 2235 423 EVANGELIUM
2281 359 2521 429 LUC/ﬂ.
2573 396 2649 409 -—
2701 364 2868 427 CAP.
2929 360 2954 427 Ι

3580 363 3700 432 714

301 483 660 551 πλουτοῦντας
704 485 1010 563 Ἰουδαίους,
1095 488 1151 546 ἕν
1217 513 1274 547 τε
1337 491 1485 569 νόμῳ
1539 493 1629 550 καὶ
1686 492 1954 574 ἐντολαῖς,

2054 493 2366 556 Ierusalem
2391 495 2600 574 quovis
2626 495 2783 557 bono
2817 498 3065 559 inanes:
3103 498 3252 561 nihil
3283 499 3441 563 enim
3477 500 3697 563 habent

304 572 666 639 ἐξαπέστειλεν
719 577 819 643 ἔξω
860 580 958 647 τῆς
1018 570 1384 660 Ἰερουσαλὴμ,
1430 584 1519 640 καὶ
1570 588 1669 650 τῆς
1722 581 1832 639 ἅνω
1873 590 1962 645 καὶ

305 669 399 731 τῆς
460 666 631 742 κάτω,
678 670 861 735 κενοὺς
916 671 1114 734 παντὸς
1163 670 1363 749 ἀγαθοῦ
1397 688 1412 703 ⁸
1450 670 1595 730 οὐδὲν
1626 674 1726 753 γὰρ
1774 671 1960 753 ἔχουσι

309 763 391 813 νῦν
446 757 493 810 οἱ
551 754 826 838 Ἰουδαῖοι,
888 757 986 815 κᾶν
1030 757 1252 816 δοκῶσιν
1297 759 1444 841 ἔχειν
1477 777 1492 792 ⁸
1547 759 1862 819 ἀντελάϐετο
1904 760 1959 817 δὲ

309 843 520 922 Ἰσραὴλ
580 844 765 911 παιδὸς
819 848 1001 924 αὖτοῦ,
1048 849 1084 917 ἢ
1131 851 1383 929 περὶτῶν
1428 852 1689 919 αἰσθητῶν
1738 849 1957 929 Ἰσραη-

307 933 463 989 λιτῶν
517 934 685 1014 λέγει.
734 935 935 994 Πολλαὶ
977 939 1077 1018 γὰρ
1131 942 1219 996 καὶ
1262 940 1323 997 ἐκ
1391 942 1589 997 τούτων
1648 941 1957 997 ἐπίστευσαν

305 1023 573 1103 μυριάδες,
626 1027 717 1083 καὶ
760 1025 1045 1106 ἐπληρώθη
1089 1030 1122 1097 ἡ
1167 1030 1313 1109 πρὸς
1342 1031 1433 1087 τὸν
1479 1028 1723 1110 Ἀϐραὰμ
1776 1031 1956 1108 ἒπαγ-

302 1112 471 1193 γελὶα,
527 1115 764 1180 εἰπόντος
838 1118 969 1197 πρὸς
1026 1120 1182 1176 αὐτὸν
1240 1127 1332 1177 τοῦ
1391 1126 1544 1195 Θεοῦ,
1591 1120 1671 1176 ὅτι
1728 1120 1819 1177 Ἐν
1880 1126 1957 1193 τῷ

299 1203 557 1289 σπέρματί
611 1227 704 1261 σου
782 1205 1232 1286 εὐλογηθήσονται
1295 1216 1461 1267 πᾶσαι
1526 1213 1578 1267 αἱ
1643 1209 1801 1290 φυλαὶ
1858 1209 1956 1278 τῆς

303 1297 421 1371 γῆς.
491 1283 573 1350 ’Ἡ
632 1296 720 1351 καὶ
775 1298 895 1375 περὶ
921 1283 1029 1354 ⁷τοῦ
1084 1306 1277 1365 νοητοῦ
1335 1299 1551 1378 Ἰσραὴλ
1609 1283 1753 1379 λέγει
1788 1316 1801 1330 ·
1852 1306 1957 1363 πᾶς

305 1384 404 1464 γὰρ
448 1387 475 1440 6
518 1387 653 1464 ὁρῶν
698 1388 854 1463 Θεὸν,
902 1386 1118 1467 Ἰσραήλ
1162 1387 1399 1470 λέγεται,
1454 1390 1593 1447 οὕτω
1648 1392 1747 1469 γὰρ
1780 1391 1954 1470 ἑρμη-

311 1474 587 1549 νευόμενον
643 1474 705 1531 τὰ
754 1475 922 1552 ὄνομα
974 1475 1158 1558 δηλοῖ,
1212 1469 1377 1558 Ὀρῶν
1423 1480 1574 1540 Θεόν,
1613 1469 1957 1536 Ἀντελᾶὅετο

312 1564 398 1620 οὗν
452 1564 651 1620 τούτων
702 1572 807 1622 τῶν
892 1566 1135 1645 ὃρὼντωι
1208 1570 1361 1642 Θεὸν,
1440 1570 1513 1634 εἷς
1568 1569 1669 1638 τὴν
1725 1567 1961 1648 οὖράνιον

309 1652 668 1732 κληρονομίαν
729 1655 1032 1734 ἀναγαγών,
1096 1653 1332 1733 ’Ἔμεινε
1389 1656 1444 1714 δὲ
1490 1659 1707 1736 Μαριὰμ
1759 1659 1851 1715 σὺν
1894 1663 1962 1734 τῇ

312 1740 588 1799 Ἐλισάϐετ
670 1746 796 1800 ὡσεὶ
879 1752 1054 1821 μῆνας
1140 1748 1314 1828 τρεῖς,
1400 1748 1524 1803 εἶτα
1611 1747 1957 1828 ὃπέστρεψεν.

2043 581 2252 671 iudici,
2290 584 2469 647 etiam
2519 585 2571 646 si
2604 585 2742 666 quid
2774 586 2998 666 habere
3052 588 3383 651 videantur.
3416 588 3697 671 Suscepit

2044 669 2222 732 Israel
2256 692 2502 752 puerum
2537 693 2734 748 suum,
2768 674 2857 736 vel
2889 677 3158 738 carnales
3206 675 3499 739 Israelitas
3528 669 3690 741 dicit.-

2044 761 2219 822 Multo
2247 761 2405 822 enim
2441 761 2625 824 millia
2655 782 2726 824 ex
2755 764 2871 825 illis
2904 765 3312 839 crediderunt,
3358 776 3419 830 et
3448 767 3695 842 impleta

2042 860 2129 911 est
2153 852 2466 931 promissio
2489 852 2639 913 facta
2660 852 3016 934 Abrahae,ad
3044 873 3225 936 quem
3249 856 3481 918 dixerat
3508 857 3688 920 Deus:

2040 940 2105 999 ln
2139 941 2366 1003 semine
2400 949 2496 1001 tuo
2529 940 2962 1004 benedicentur
2991 962 3200 1005 omnes
3231 945 3417 1007 tribus
3443 956 3613 1008 terra;
3635 946 3687 1010 9.

2039 1026 2146 1090 Vel
2196 1029 2370 1090 etiam
2422 1030 2496 1091 de
2542 1031 2836 1111 spirituali
2885 1031 3108 1095 Israel:
3145 1034 3356 1096 Omnis
3386 1035 3546 1097 enim
3589 1038 3693 1117 qui

2037 1116 2197 1206 videt
2217 1117 2429 1206 Deum,
2453 1118 2636 1182 Israel
2661 1118 3071 1201 dicitur,juxta
3101 1121 3362 1184 nominis
3396 1116 3694 1206 interpre-

2040 1204 2631 1287 tationem.Suscepit
2659 1208 2857 1289 itaque
2890 1228 2994 1270 eos
3025 1210 3126 1291 qui
3157 1211 3356 1273 vident
3386 1204 3600 1293 Deum,
3634 1213 3694 1276 iu

2040 1294 2343 1355 coalestem
2394 1296 2799 1358 haereditatem
2855 1299 3186 1360 adducens.
3245 1300 3460 1361 Mansit
3491 1311 3691 1363 autem

2040 1383 2223 1471 Maria
2269 1403 2401 1444 cum
2467 1384 2768 1447 Elisabeth
2817 1386 3059 1448 circiter
3114 1388 3417 1451 mensibus
3473 1389 3689 1471 tribus,

2042 1470 2265 1534 deinde
2297 1491 2537 1535 reversa
2568 1485 2679 1535 est.
2715 1473 2862 1546 Quia
2891 1475 3050 1536 enim
3112 1477 3374 1556 paritura
3403 1488 3530 1539 erat
3561 1470 3691 1541 Eli?-

2043 1561 2277 1634 sabeth,
2312 1563 2579 1624 abscedit
2610 1562 2787 1643 Virgo
2840 1574 3084 1645 propter
3114 1566 3557 1629 multitudinem
3592 1568 3696 1648 qui

2042 1651 2114 1712 ad
2144 1660 2373 1731 partum
2399 1653 2746 1714 conventnri
2776 1664 2967 1717 erant.
3005 1654 3298 1716 lndecens
3327 1663 3525 1717 autem
3567 1658 3692 1719 vir-

2042 1740 2167 1819 gini
2195 1741 2256 1802 in
2287 1742 2503 1803 talibus
2538 1742 2775 1803 versari.
2812 1741 2980 1815 Quod
3011 1752 3209 1805 autem
3259 1763 3393 1805 cum
3428 1747 3697 1825 paritura

310 1831 529 1901 Ἐπειδὴ
582 1835 683 1913 γὰρ
740 1833 933 1909 ἔμελλε
993 1849 1171 1893 τεκεῖν
1232 1839 1265 1906 ἡ
1325 1834 1627 1912 Ἐλισάϐετ,
1677 1839 1957 1917 ὑποχωρεῖ

2054 1840 2198 1892 esset
2224 1831 2553 1905 Elisabeth,
2587 1849 2835 1901 reversa
2865 1834 2938 1893 sit
2963 1832 3690 1912 Virgo,manifestum281

307 1924 340 1991 ἠ
400 1922 660 2003 Παρθένος
708 1921 792 1980 διὰ
846 1927 909 1981 τὸ
964 1924 1164 1994 πλῆθος
1230 1933 1336 1984 τῶν
1395 1925 1701 2004 μελλόντων
1732 1925 1956 2007 συνδρα-

313 2025 441 2088 μεῖν
490 2014 565 2075 εἷς
608 2013 699 2069 τὸν
739 2016 897 2071 τόκον
934 2030 949 2044 ⁶
1007 2014 1239 2095 ἀπρεπὲς
1299 2018 1398 2097 γὰρ
1452 2016 1692 2095 παρθένῳ
1740 2016 1794 2072 ἒν
1839 2030 1957 2080 τοῖς

312 2104 571 2166 τοιούτοις
615 2101 1024 2183 ἀναστρέφεσθαι
1059 2121 1074 2135 ⁸
1147 2105 1227 2162 ὅτι
1303 2104 1359 2161 δὲ
1412 2106 1712 2182 μελλούσης
1780 2118 1958 2162 τεκεῖν

310 2196 408 2259 τῆς
468 2191 748 2250 Ἐλισάϐετ
798 2194 1121 2272 ὑπέστρεψεν
1169 2198 1204 2265 ἠ
1248 2196 1523 2276 παρθένος,
1583 2194 1745 2263 δῆλον
1776 2194 1956 2253 ἐντεῦ-

2041 1921 2182 1983 hinc
2214 1929 2301 1983 est
2331 1922 2487 2003 quod
2522 1940 2727 1983 mense
2756 1932 2923 1985 sexto
2974 1927 3245 2003 concepti
3303 1926 3699 1991 Praecursoris

2041 2012 2199 2073 venit
2230 2011 2474 2090 angelus
2510 2011 2583 2072 ad
2612 2011 2881 2087 Mariam,
2926 2020 2984 2073 et
3016 2013 3230 2073 mansit
3270 2012 3369 2074 illa
3397 2033 3531 2074 cum
3560 2016 3695 2077 Eli-

2042 2100 2254 2163 sabeth
2286 2101 2477 2162 tribus
2500 2099 2739 2163 circiter
2762 2100 3253 2166 mensibus.Ecce
3275 2103 3462 2164 ferme
3488 2123 3697 2167 novem

2044 2209 2305 2254 menses.

310 2285 417 2338 oti"
481 2286 560 2357 τῷ
616 2286 746 2359 μηνὶ
803 2291 880 2359 τῷ
937 2285 1076 2360 ἓκτῳ
1145 2287 1245 2354 τῆς
1297 2285 1615 2363 συλλήψεως
1691 2288 1786 2344 τοῦ
1836 2284 2163 2367 Προδρόμου,
2226 2280 2380 2349 ἦλθεν
2438 2282 2464 2338 ὀ
2528 2280 2747 2359 ἅγγελος
2802 2283 2930 2347 πρὸς
2982 2286 3220 2361 Μαριάρε
3306 2283 3481 2359 ἔμεινε
3551 2283 3605 2341 δὲ
3664 2288 3700 2353 ἡ

316 2374 534 2453 Μαριὰμ
562 2376 699 2450 μετὰ
725 2380 824 2442 τῆς
871 2374 1173 2458 Ἐλισάϐετ,
1219 2379 1345 2435 ὡσεὶ
1376 2381 1549 2447 μῆνας
1579 2389 1751 2443 τρεῖς.
1787 2367 1916 2434 Ἰδοὺ
1960 2373 2151 2458 σχεδὸν
2181 2372 2353 2434 ἐννέα.
3728 2393 3733 2399 ‘

391 2486 419 2517 α
454 2468 534 2539 Τῇ
587 2460 642 2519 δὲ
695 2462 977 2522 Ἐλισάϐετ
1036 2464 1278 2537 ἐπλήσθη
1335 2468 1363 2523 6
1415 2467 1611 2547 χρόνος
1641 2477 1736 2527 τοῦ
1780 2468 1964 2524 τεκεῖν

313 2553 499 2621 αὖτῦιν,
564 2555 651 2610 καὶ
702 2554 983 2632 ιγέννησεν
1039 2556 1172 2619 υἱόν,
1237 2559 1336 2615 Καὶ
1392 2557 1626 2624 ἥκουσαν
1669 2561 1716 2615 οἱ
1758 2559 1955 2636 περίοι-

313 2664 396 2697 κιιι
453 2643 541 2699 καὶ
603 2645 651 2699 οἱ
710 2657 988 2723 συγγενεῖς
1032 2648 1196 2714 αὐτῆς
1240 2646 1321 2704 ὅτι
1352 2646 1640 2726 ἐμεγάλυνε
1675 2648 1860 2726 Κύριος
1904 2648 1966 2703 τὸ

314 2730 463 2794 ἕλεος
523 2733 681 2792 αὐτοῦ
737 2731 854 2808 μετ’
906 2738 1094 2813 αὐτῆς,
1153 2737 1243 2793 καὶ
1299 2737 1614 2818 συνέχαιρον
1659 2740 1813 2814 αὐτῇ.
1868 2738 1966 2795 Καὶ

317 2820 527 2899 ἐγένετο
584 2820 640 2876 ἐν
692 2828 762 2899 τῇ
820 2820 983 2902 ὀγδόῃ
1014 2823 1189 2903 ἡμέρᾳ
1231 2826 1391 2894 ἦλθον
1421 2841 1730 2904 περιτεμεῖν
1762 2828 1822 2883 τὸ
1850 2848 1975 2883 παι-

317 2907 447 2988 δίον,
504 2911 593 2966 καὶ
648 2909 870 2968 ἓκάλουν
931 2916 1073 2987 αὐτῷ
1114 2914 1201 2971 ἐπὶ
1227 2920 1305 2989 τῷ
1353 2915 1579 2991 ὀνόματι
1628 2925 1721 2974 τοῦ
1778 2916 1974 2993 πατρὸς

322 2999 500 3079 αὒτοῦ,
562 3000 855 3080 Ζαχαρίαν.
919 3005 1016 3061 Καὶ
1074 3005 1420 3084 ἀποκριθεῖσα
1468 3006 1503 3073 ἡ
1554 3006 1736 3084 μήτηρ
1791 3006 1970 3077 αὐτοῦ,

2130 2464 2316 2523 Vsus.
2350 2460 2569 2524 57—64.
2610 2485 2631 2515 «
2668 2458 3029 2522 Elisabethze
3078 2479 3213 2524 vero
3269 2461 3578 2544 impletum
3612 2474 3704 2525 est

2051 2558 2285 2629 tempus
2315 2550 2607 2631 pariendi,
2660 2558 2718 2610 et
2765 2550 2997 2630 peperit
3040 2550 3251 2611 ﬁlium.
3287 2551 3358 2613 Et
3385 2552 3707 2615 audierunt

2049 2640 2225 2701 vicini
2258 2652 2316 2701 et
2347 2640 2585 2718 cognati
2635 2639 2788 2717 ejus,
2831 2640 2989 2720 quod
3047 2642 3362 2719 magniﬁce
3415 2641 3707 2707 Dominus

2063 2728 2474 2791 misericordia
2504 2746 2612 2789 sua
2639 2745 2785 2788 usus
2815 2736 2974 2789 esset
3005 2746 3143 2808 erga
3174 2728 3424 2808 illam,et
3451 2732 3709 2808 gratula-

2060 2817 2272 2879 bantur
2297 2817 2458 2880 ei.Et
2487 2817 2704 2879 factum
2738 2825 2832 2878 est
2852 2816 2914 2880 in
2944 2817 3045 2879 die
3066 2827 3296 2894 octavo,
3326 2821 3708 2882 veneruntad

2057 2906 2605 2971 circumcidendum
2635 2908 3291 2987 puerum,et_vocabant
3310 2927 3446 2970 eum
3470 2911 3715 2973 nomine

2058 3002 2240 3077 patris
2268 2998 2357 3056 sui
2391 2996 2755 3059 Zachariam.
2800 2996 2873 3058 Et
2928 2997 3303 3077 respondens
3363 3009 3551 3061 mater
3579 3001 3713 3080 ejus

327 3089 479 3145 εἶπεν
514 3106 528 3119 ⁸
590 3091 746 3169 Οὐχὶ,
794 3090 931 3147 ἀλλὰ
973 3083 1298 3164 κληθήσεται
1341 3095 1621 3162 Ἰωάννης.
1670 3083 1770 3153 Καὶ
1813 3094 1970 3149 εἷπον

2056 3085 2249 3147 dixit:
2295 3083 2699 3165 Nequaquam,
2759 3085 2862 3145 sed
2938 3085 3246 3147 vocabitur
3297 3090 3583 3151 Joannes.
3643 3090 3713 3152 Et

323 3180 451 3257 πρὸς
493 3179 681 3254 αὐτὴν,
714 3177 794 3235 ὅτι
827 3179 1002 3245 Οὑδεὶς
1033 3181 1175 3239 ἐστιν
1218 3182 1273 3238 ὲν
1321 3188 1391 3260 τῇ
1427 3184 1703 3263 συγγενείᾳ
1761 3204 1855 3240 σου
1912 3183 1971 3245 ὃς

318 3265 567 3325 καλεῖται
611 3269 699 3325 ἐπὶ
753 3276 830 3344 τῷ
878 3271 1098 3347 ὀνόματι
1147 3272 1342 3348 τούτῳ.
1380 3271 1646 3332 Ἐνένευον
1675 3273 1730 3328 δὲ
1761 3277 1839 3346 τῷ
1868 3294 1973 3328 πα-

320 3358 402 3436 τρὶ
456 3358 614 3415 αὑτοῦ
668 3359 755 3429 τὸ,
808 3360 860 3415 τί
902 3359 964 3415 ἂν
1009 3361 1148 3419 θέλοι
1178 3360 1458 3419 καλεῖσθαι
1490 3364 1668 3425 αὐτόν,
1706 3362 1803 3421 Καὶ
1824 3362 1975 3430 αἰτή-

320 3468 416 3511 σας
485 3445 799 3521 πινακίδιον,
870 3448 1092 3529 ἔγραψε,
1169 3449 1339 3531 λέγων
1372 3469 1392 3489 ⁶
1439 3452 1699 3520 Ἰωάννης
1758 3450 1866 3507 ἐστὶ
1911 3451 1973 3505 τὸ

318 3535 490 3612 ὄνομα
548 3541 724 3597 αὐτοῦ,
788 3542 885 3598 Καὶ
933 3540 1230 3618 ἐθαύμασαν
1303 3542 1523 3607 πάντες.
1586 3542 1865 3621 Ἀνεῲχθη
1918 3538 1973 3595 δὲ

318 3629 379 3682 τὸ
436 3628 607 3685 στόμα
661 3629 816 3686 αὓτοῦ
857 3636 1218 3713 παραχρῆμα,
1282 3634 1393 3713 καὶΔ
1424 3635 1460 3702 ἡ
1515 3631 1734 3712 γλῶσσα
1790 3634 1969 3710 αὐτοῦ,

319 3717 408 3772 καὶ
465 3714 641 3775 ἐλάλει
694 3717 928 3798 εὐλογῶν
969 3710 1059 3777 τὸν
1105 3710 1258 3787 Θεό-ν,
1309 3745 1338 3777 ι
1386 3710 1620 3798 ἰ’Ἔμεινε
1652 3721 1748 3797 μὲν
1773 3723 1809 3790 ἡ
1838 3726 1979 3799 Παρ-

320 3804 466 3870 θένος
522 3807 648 3863 ὡσεὶ
706 3813 882 3883 μῆνας
938 3823 1085 3888 τρεῖς
1143 3813 1278 3887 μετὰ
1327 3812 1426 3881 τῆς
1486 3808 1785 3887 Ἐλισάόετ,
1840 3811 1978 3873 ἴσως

326 3892 413 3952 ἰπὶ
439 3897 501 3952 τὸ
530 3893 808 3974 παραδόξῳ
853 3897 1264 3977 ὲκπληττομένη
1298 3917 1313 3932 ⁸
1375 3903 1463 3959 καὶ
1519 3900 1747 3978 δεομένη
1802 3922 1980 3979 παρα-

325 3986 508 4058 μυθίας
565 3987 730 4061 τινὸς,
793 3987 861 4056 ἢν
915 3987 1137 4064 ἔμελλεν
1195 3991 1347 4072 ἔχειν
1402 3992 1508 4049 ἆπὸ
1583 3998 1676 4048 τοῦ
1747 4002 1981 4048 συνεῖναι

322 4079 396 4151 τῇ
438 4072 720 4159 Ἐλισάϐετ
752 4091 767 4107 ·
802 4076 916 4134 ἐπεὶ
961 4076 1017 4134 δέ
1052 4077 1370 4153 ἐπλησίαζεν
1415 4084 1443 4138 6
1472 4081 1656 4155 τόκος,
1687 4079 1984 4159 ὑπεχώρη-

323 4184 436 4222 σεν.
503 4154 597 4229 Ὠς
652 4163 709 4221 δὲ
765 4164 1011 4238 ὶπλήσθη
1083 4174 1151 4246 τῇ
1211 4168 1491 4227 Ἐλισιίϐετ
1548 4173 1577 4228 6
1645 4154 1840 4250 χρόνος
1882 4154 1986 4225 τοῦ

324 4269 529 4333 τεκεῖν,
604 4256 1014 4335 παρατηρητέον
1054 4255 1137 4314 ὅτι
1195 4260 1283 4316 ἰπὶ
1350 4265 1459 4316 τῶν
1524 4257 1856 4339 ἁμαρτωλῶν
1928 4258 1987 4314 οὐ

328 4341 541 4422 λέγεται
571 4344 659 4419 τὸ,
705 4343 985 4416 Ἐπλήσθη
1034 4349 1063 4405 6
1109 4349 1305 4429 χρόνος
1345 4355 1441 4406 τοῦ
1484 4361 1688 4429 τεκεῖν,
1721 4346 1859 4405 ἀλλὰ
1887 4348 1988 4423 μὸ-

2056 3174 2332 3236 dixerunt
2354 3175 2429 3235 ad
2463 3175 2648 3236 illam:
2674 3172 2861 3235 Nemo
2894 3184 2984 3235 est
3019 3179 3077 3234 in
3108 3177 3464 3253 cogitatione
3494 3186 3592 3240 tua
3611 3179 3714 3260 qui

2055 3274 2293 3325 vocetur
2316 3264 2423 3325 i~to
2456 3263 2722 3326 nomine.
2768 3261 3100 3324 Innuebant
3152 3274 3348 3326 autem
3376 3267 3528 3346 patri
3552 3268 3712 3349 ejus,

2055 3352 2198 3435 quid
2231 3353 2410 3414 vellet
2440 3352 2633 3413 vocari
2662 3370 2821 3415 eum.
2860 3350 3057 3432 Isque,
3092 3353 3402 3433 postulatis
3446 3356 3708 3431 tabellis,

2055 3442 2293 3522 scripsit
2324 3441 2529 3504 dicens
2564 3458 2577 3503 :
2608 3441 2870 3503 Joannes
2901 3450 2990 3502 est
3020 3460 3237 3503 nomen
3268 3444 3499 3523 ejus.Et
3518 3446 3716 3510 mirati

2056 3542 2190 3593 sunt
2218 3532 2499 3595 universi.
2533 3535 2816 3610 Apertum
2845 3538 2933 3593 est
2963 3540 3158 3593 autem
3188 3551 3254 3593 os
3278 3534 3407 3613 ejus
3437 3534 3620 3610 illico,
3656 3543 3717 3598 et

2061 3620 2262 3700 lingua
2292 3621 2443 3701 ejus,
2481 3630 2538 3681 et
2566 3620 2918 3701 loquebatur
2948 3620 3199 3682 laudans
3231 3624 3443 3684 Deum.
3471 3649 3494 3680 υ
3533 3622 3713 3704 Virgo

2061 3711 2303 3792 quidem
2338 3710 2580 3772 circiter
2628 3708 2814 3770 tribus
2838 3708 3145 3770 mensibus
3169 3711 3383 3771 mansit
3425 3713 3578 3793 apud
3600 3712 3718 3775 Eli-

2062 3800 2294 3875 sabeth,
2326 3800 2597 3862 fortassis
2620 3806 2777 3860 tanto
2834 3798 3078 3858 attonita
3120 3798 3427 3875 miraculo,
3466 3809 3527 3861 et.
3553 3801 3714 3863 indi-

2062 3909 2210 3972 gens
2240 3890 2643 3952 consolatione
2674 3887 2925 3969 quadam
2971 3907 3151 3968 quam
3182 3907 3253 3950 ex
3283 3890 3717 3953 consuetudine

2066 3980 2369 4044 Elisabeth
2403 3978 2608 4041 habuit
2662 3976 2884 4041 Verum
2913 3976 3014 4039 ubi
3043 3979 3534 4060 appropinquavit
3575 3998 3714 4061 par—

2069 4078 2186 4153 tus,
2211 4070 2522 4132 abscessit.
2551 4066 2659 4132 Ubi
2680 4075 2876 4129 autem
2910 4067 3218 4148 impletum
3254 4076 3491 4149 tempus
3522 4069 3717 4132 Elisa-

2067 4158 2212 4222 beth
2243 4169 2307 4221 ut
2339 4168 2592 4239 pareret,
2624 4157 3060 4219 observandum
3087 4158 3243 4236 quod
3274 4157 3334 4218 in
3387 4160 3718 4239 peccatori-

2068 4250 2181 4312 bus
2212 4268 2330 4310 non
2360 4249 2579 4309 dicitur
2617 4268 2631 4309 :
2668 4245 2981 4326 Impletum
3016 4254 3109 4307 est
3159 4255 3391 4328 tempus
3420 4249 3721 4329 pariendi;

2069 4340 2173 4401 sed
2204 4340 2319 4400 hoc
2348 4338 2630 4400 duntaxat
2658 4335 2930 4397 invenies
2964 4335 3067 4397 ubi
3098 4336 3175 4398 de
3213 4337 3516 4415 justorum
3552 4346 3722 4417 partu

327 4455 417 4491 vov
445 4432 579 4491 ὅπου
605 4432 804 4499 δίκαιος
834 4435 976 4493 ἐστιν
1007 4439 1036 4494 6
1088 4423 1425 4521 τικτόμενος,
1469 4439 1587 4497 ἐκεῖ
1614 4423 1825 4518 λέγεται
1857 4454 1874 4470 ⁶
1912 4438 1970 4493 ὧι

2070 4429 2327 4491 habetur
2360 4428 2604 4488 mentio.
2658 4423 2803 4486 Nam
2855 4434 2916 4485 ut
2950 4431 3219 4506 apparet,
3281 4426 3612 4532 impertecti
3663 4438 3725 4489 et

326 4522 469 4579 ’έοικε
525 4524 626 4602 γὰρ
682 4522 953 4583 ἀτέλεστοι
1009 4529 1098 4585 καὶ
1154 4516 1461 4608 ἀπλήρωτοι
1509 4533 1616 4587 τῶν
1645 4516 1970 4607 ἁμαρτωλῶν

2069 4538 2187 4581 non
2238 4517 2469 4598 impleti
2520 4524 2898 4598 peccatorum
2950 4524 3085 4576 sunt
3132 4522 3356 4596 partus,
3391 4516 3724 4597 meliusque

328 4615 375 4669 οἱ
431 4614 582 4673 τόκοι
617 4629 633 4644 ⁹
691 4626 938 4694 κρεῖττον
992 4613 1049 4673 δὲ
1106 4617 1291 4682 αὺτοῖς
1350 4619 1395 4675 εί
1448 4619 1540 4675 οδκ
1592 4618 1972 4697 ἓγεννήθησαν,

333 4702 427 4760 Διὸ
482 4702 535 4759 τί
600 4702 657 4760 δὲ
713 4706 852 4779 μετὰ
906 4706 1005 4775 τὴν
1062 4706 1362 4786 περιτομὴν
1414 4706 1607 4764 ἐτίθετο
1648 4708 1710 4762 τὸ
1757 4704 1974 4782 ὄνομας

333 4794 480 4851 Διότι
538 4794 796 4874 πρότερον
852 4792 936 4853 δεῖ
983 4798 1080 4864 τὴν
1124 4798 1187 4852 ἔκ
1226 4803 1359 4859 Θεοῦ
1394 4795 1659 4878 σφραγῖδα
1710 4794 1974 4874 δέξασθαι,

326 4885 420 4940 καὶ
463 4882 585 4940 τότε
638 4886 703 4941 τὸ
732 4885 1059 4965 ἀνθρώπινον
1101 4884 1269 4963 ὄνομα
1304 4902 1319 4919 °
1381 4886 1558 4951 ἄλλως
1612 4908 1693 4962 τε,
1735 4888 1770 4954 ἡ
1819 4906 1979 4964 περι-

331 4974 479 5049 τομή
534 4981 690 5032 τοῦτο
746 4976 1021 5051 σημαίνει,
1076 4973 1352 5044 ἀποϐολὴν
1389 4983 1495 5034 τῶν
1546 4982 1835 5057 σαρκικῶν.
1880 4974 1990 5033 06-

331 5063 437 5128 δεὶς
498 5064 588 5123 οὖν
644 5067 690 5123 εἰ
747 5066 825 5142 μὴ
866 5067 1119 5148 πρότερον
1171 5066 1441 5148 ἆποῤῥίψῃ
1494 5070 1583 5125 καὶ
1627 5070 1898 5146 περικόψῃ
1927 5065 1994 5120 τὰ

333 5156 586 5233 σαρκικὰ,
703 5153 846 5222 ἄξιός
945 5156 1087 5213 ἐστιν
1190 5158 1550 5235 ὀνομασθῆναι
1664 5155 1993 5236 στρατιώτης

334 5251 474 5303 Θεοῦ
518 5244 665 5325 (97),
726 5247 816 5302 καὶ
857 5251 913 5302 εν
953 5251 1024 5323 τῇ
1071 5244 1239 5324 βίϐλῳ
1266 5247 1374 5305 τῶν
1404 5248 1636 5327 οὺρανῶν
1673 5246 1994 5323 ἀπογραφῆ-

333 5356 420 5397 ναι
451 5336 614 5396 αὑτοῦ
652 5336 716 5393 τὸ
759 5333 951 5413 ὄνομα.
1015 5327 1077 5393 Ἠ
1136 5334 1191 5392 δὲ
1241 5334 1545 5419 Ἐλισάὄετ,
1601 5337 1675 5400 ὡς
1736 5333 1996 5415 προφῆτις

416 5471 451 5522 9
479 5469 624 5537 Cen.
658 5487 802 5548 xxn,
836 5471 935 5535 38.

2058 4608 2179 4681 illis
2199 4607 2250 4668 si
2274 4606 2397 4668 nati
2423 4625 2546 4669 non
2579 4601 3056 4674 fuissent.Quare
3078 4614 3275 4664 autem
3308 4615 3440 4686 post
3469 4606 3721 4667 circum-

2060 4698 2344 4763 cisionem
2366 4696 2683 4778 imponitur
2693 4692 3092 4766 uouien‘lQuia
3104 4694 3264 4773 prius
3278 4695 3724 4776 suscipiendum

2062 4798 2153 4853 est
2170 4788 2539 4869 signaculum
2566 4785 2697 4860 Dei,
2727 4792 2786 4845 et
2810 4793 2949 4851 tunc
2971 4784 3296 4844 humanum
3336 4802 3582 4845 nomen.
3616 4782 3725 4846 Vel

2062 4880 2257 4953 aliter,
2289 4875 2669 4939 circumcisio
2716 4872 3013 4951 signiﬁcat
3041 4873 3372 4933 carnalium
3429 4872 3727 4953 abjectio-

2074 4988 2236 5034 nem.
2272 4966 2482 5029 Nullus
2511 4965 2690 5047 igitur
2720 4963 2835 5024 nisi
2868 4962 3031 5042 prius
3060 4961 3303 5041 abjiciat
3362 4971 3419 5023 et
3463 4970 3731 5042 amputet

2074 5058 2337 5121 carnalia
2359 5057 2574 5135 dignus
2626 5062 2715 5115 est
2743 5060 2807 5112 ut
2833 5051 3178 5113 nominetur
3209 5051 3380 5114 miles
3411 5052 3543 5126 Dei,
3577 5060 3635 5113 et
3665 5058 3729 5115 ut

2076 5149 2138 5211 in
2162 5147 2316 5210 libro
2348 5145 2638 5208 caelorum
2671 5141 2965 5203 scribatur
2996 5158 3214 5202 nomen
3246 5142 3400 5220 ejus.
3424 5141 3729 5204 Elisabeth

2079 5255 2221 5300 vero
2252 5244 2318 5297 ut
2347 5232 2723 5317 prophetissa
2751 5230 3033 5292 indicavit
3062 5249 3305 5304 nomen,
3340 5232 3549 5293 dicens
3583 5252 3598 5291 :
3632 5232 3728 5292 di-

2081 5346 2262 5391 cens:
2296 5327 2554 5389 Joannes
2603 5330 2694 5384 est
2750 5338 2966 5382 nomen
3018 5320 3169 5399 ejus.
3207 5320 3500 5403 Fortassis
3530 5330 3729 5383 autem

1415 5579 1495 5641 l‘lx
1530 5580 1848 5643 collatione
1878 5578 2028 5641 codd
2092 5576 2305 5637 Venet.
2342 5572 2403 5633 S.
2438 5570 2617 5645 Marci

438 5688 565 5767 (97)
602 5685 746 5750 God.
782 5686 881 5769 32,
915 5690 1021 5752 υῑις
1053 5696 1202 5749 Θεοῦ.

715 5798 977 5859 Parnm”
1023 5797 1138 5861 Gn.
1183 5797 1453 5860 CXXIII.

3301 5784 3405 5846 23.
