4232 6396
290 335 399 404 7l7
1084 342 1533 411 ENARRATIO
1578 348 1661 412 IN
1703 346 2216 414 EVANGELIUM
2260 351 2499 417 LUCﬁ.
2538 388 2619 401 —
2661 354 2827 420 CAP.
2875 357 2924 421 Ι.
3568 353 3692 422 718

291 479 457 539 καθὼς
492 477 761 546 ἐλάλησαν
803 482 849 537 οἱ
900 485 1202 567 προφῆται.
1266 482 1467 547 Πάντες
1518 483 1620 562 γὰρ
1665 484 1788 564 περὶ
1847 483 1935 549 τῆς

2033 478 2109 541 de
2141 478 2553 547 incarnatione
2576 485 2760 549 locuti
2789 496 2931 551 sunt
2950 489 3251 567 Michaeas,
3275 493 3452 557 etiam
3476 493 3692 560 domus

288 567 602 646 σαρκώσεως
659 572 837 632 εἷπον.
900 561 958 628 Ὀ
1014 569 1069 627 δὲ
1116 571 1378 651 Μιγαίας,
1411 575 1499 630 καὶ
1542 576 1635 630 τοῦ
1664 572 1822 632 οἴκου
1850 579 1935 629 τοῐ

2030 569 2238 651 David,
2274 575 2585 636 Bethleem
2634 577 2793 653 dico,
2863 561 3400 643 mentionem-facit
3427 583 3685 647 dicens:

295 655 469 732 Δαϐὶδ,
526 658 623 726 τῆς
677 658 919 735 Βηθλεὲμ
968 658 1132 749 λέγω,
1187 660 1481 742 μέμνηται,
1516 661 1688 743 λέγων
1723 685 1739 703 ο
1780 686 1806 718 α
1846 658 1935 721 Καῖ

2035 657 2139 720 «Et
2163 670 2219 721 tu
2244 662 2584 736 Bethleem.
2612 670 2956 749 neutiquam
2992 668 3238 732 minima
3259 664 3509 748 es,ex'te
3527 674 3685 736 enim

292 747 375 818 σὺ,
423 745 686 824 Βηθλεὲμ,
744 746 987 825 οὐδαμῶς
1046 748 1308 830 ἐλαχίστη
1373 751 1451 810 εἴ.
1521 754 1615 810 Ἐκ
1687 760 1780 810 τοῦ
1840 753 1935 831 γὰρ

2028 752 2366 829 egredietur
2418 755 2534 816 dux
2588 757 2729 816 10.»
2766 745 2933 821 Fecit
2980 768 3179 821 autem
3239 745 3685 825 misericodiam

293 836 613 903 ἐξελεύσεται
655 838 975 917 ἡγούμενος.
1017 862 1044 893 ι
1096 840 1348 908 Ἐποίησε
1378 839 1433 896 δὲ
1481 841 1655 918 ἔλεος,
1688 848 1748 902 οὗ
1801 842 1935 919 μετά

2024 857 2141 900 non
2166 841 2356 933 solum
2393 864 2525 905 cum
2560 845 2917 928 viventibus,
2956 848 3061 910 sed
3112 857 3171 911 et
3225 869 3359 913 cum
3416 852 3687 933 patribus

290 933 391 983 τῶν
446 928 661 998 ζώντων
720 927 905 1009 μόνον,
972 927 1109 986 ἀλλὰ
1185 932 1272 988 καὶ
1354 933 1492 1006 μετά
1546 937 1654 989 τῶν
1710 932 1935 1009 πατέρω

2043 931 2283 1022 nostris.
2318 932 2533 995 Christi
2566 934 2724 996 enim
2749 927 2933 1015 gratia
2956 937 3132 999 etiam
3156 938 3216 1000 in
3246 940 3378 1002 illos
3408 927 3508 1022 qui
3542 941 3684 1005 olim

291 1018 487 1092 ἡμῶνο
543 1025 635 1074 τοῦ
684 1018 784 1097 γὰρ
837 1025 1071 1099 Χριστοῦ
1126 1021 1161 1087 ἡ
1223 1020 1408 1101 χάρις,
1450 1023 1539 1078 καὶ
1582 1024 1655 1085 εἷς
1718 1022 1935 1082 ἐκείνουι

2040 1021 2280 1105 mortui,
2319 1023 2620 1104 pertingit,
2674 1032 2738 1085 nt
2785 1025 2956 1087 verbi
3010 1028 3244 1105 gratia:
3290 1018 3465 1092 Dedit
3511 1030 3686 1094 nobis

293 1105 571 1187 ἀνέδραμε,
634 1108 755 1170 τοὺς
823 1107 926 1177 ἤδη
996 1110 1317 1177 τεθνηκότας
1348 1129 1363 1146 ⁶
1432 1111 1552 1169 οἶόν
1610 1135 1661 1168 τι
1743 1110 1935 1190 λέγω·

2030 1104 2365 1172 viventibus
2394 1130 2558 1193 spem
2588 1104 3131 1197 resurrectionis,et
3157 1134 3558 1197 resurgemus:
3579 1120 3685 1183 sed

290 1194 524 1253 Δὲδωκεν
578 1198 714 1272 ἡμῖν
784 1211 903 1264 τοῖς
960 1205 1119 1270 ζῶσιν
1175 1199 1361 1259 ἐλπίδα
1424 1202 1788 1276 ἀναστάσεως,
1848 1224 1921 1260 κα

2040 1212 2156 1257 non
2190 1198 2303 1261 soli
2335 1217 2440 1263 nos
2468 1200 2619 1261 hanc
2649 1202 2898 1280 gratiam
2935 1194 3356 1285 assequemur,
3380 1208 3485 1269 scd
3505 1223 3564 1270 et
3584 1210 3686 1291 qui

286 1287 686 1363 ἀναπησόμεθα
720 1303 735 1316 ⁶
788 1287 910 1345 ἀλλ’
994 1293 1052 1348 οὗ
1135 1290 1287 1364 μόνοι
1343 1293 1506 1367 ἡμεῖς
1573 1290 1790 1358 ταύτης
1848 1292 1935 1360 τῆς

2033 1293 2169 1348 ante
2204 1307 2309 1349 nos
2341 1288 2606 1352 defuncti
2636 1290 3107 1355 fuerant.0mnis
3127 1294 3285 1355 enim
3316 1304 3523 1358 natura
3546 1287 3683 1359 boni

282 1378 503 1458 χάριτος
560 1375 982 1455 ἀξιωθησόμεθα,
1042 1379 1202 1436 ἀλλά
1257 1382 1346 1437 καὶ
1416 1383 1465 1438 οἱ
1521 1380 1935 1460 προτετελευτη-

2033 1375 2331 1458 particeps
2360 1378 2488 1443 fuit.
2525 1379 2630 1441 Vel
2650 1380 2822 1443 aliter
2861 1381 3002 1443 fecit
3042 1383 3513 1447 misericordiam
3547 1405 3681 1448 cum

294 1465 446 1530 κότες
481 1485 497 1501 ⁸
559 1473 707 1524 πᾶσα
759 1467 859 1547 γὰρ
913 1470 947 1536 ἡ
1009 1470 1161 1549 φύσις
1215 1468 1376 1551 ἔτυχε
1435 1478 1528 1528 τοῦ
1586 1470 1804 1549 ἀγαθού·
1860 1473 1935 1527 καῖ

2029 1464 2295 1545 patribus
2318 1484 2388 1528 eo
2418 1468 2574 1547 quod
2606 1488 2774 1549 spem
2808 1470 3044 1532 illorum
3076 1471 3652 1555 implevit.Adimple
3672 1512 3686 1522 -

292 1555 467 1621 ἄλλως
527 1555 581 1613 δὲ
652 1557 901 1624 ἐποίησεν
960 1557 1109 1622 ἕλεος
1162 1561 1299 1635 μετά
1353 1566 1460 1617 τῶν
1517 1561 1784 1637 πίτὲρων,
1817 1560 1935 1615 καθέ

2030 1560 2087 1614 ta
2117 1555 2274 1643 enim
2306 1544 2585 1619 viderunt
2612 1544 2982 1641 quaecunque
3014 1562 3089 1623 de
3109 1544 3351 1623 Christo
3382 1544 3683 1643 exspecta-

292 1647 384 1711 τάς
451 1644 666 1711 ἐλπίδας
713 1646 1045 1727 ἐπλήρωσεν.
1100 1639 1253 1707 ΗΟσςι.
1295 1650 1395 1730 γὰρ
1453 1647 1812 1730 προσεδόκων,
1859 1646 1935 1706 ἐπῖ

2027 1642 2303 1733 rant.Sed
2336 1652 2394 1705 et
2423 1646 2575 1707 filios
2604 1665 2744 1709 suos
2786 1639 2920 1708 cum
2962 1649 3163 1712 vident
3206 1660 3405 1731 patres
3465 1639 3684 1716 talibus

291 1744 366 1813 τῷ
426 1742 658 1816 Χριστῷ,
691 1735 836 1793 εἶδον
868 1736 1214 1795 τελειωθέντα
1250 1755 1264 1771 ⁶
1301 1738 1438 1797 ἀλλά
1479 1738 1544 1807 δὴ
1574 1740 1663 1796 καὶ
1692 1740 1756 1794 τὰ
1783 1738 1935 1796 τέκνα

2027 1730 2199 1823 bonis
2234 1734 2366 1807 lrui,
2401 1736 2660 1814 gaudent
2687 1743 2745 1797 et
2776 1737 3093 1819 participes
3115 1730 3263 1802 sunt
3289 1740 3533 1819 lastitiae,
3572 1761 3682 1823 pe-

287 1828 483 1907 αὺτῶν,
545 1827 592 1884 οἱ
652 1826 875 1906 πατέρες
944 1826 1231 1904 βλέποντες
1291 1827 1629 1885 ἀπολαύοντα
1683 1835 1785 1886 τῶν
1842 1850 1935 1885 το-

2026 1821 2198 1883 rinde
2218 1823 2357 1883 283
2375 1843 2443 1885 ac
2475 1825 2525 1885 si
2558 1825 2618 1886 in
2652 1844 2719 1888 se
2758 1826 2971 1892 collata
3006 1838 3227 1889 essent.
3260 1830 3443 1909 Cujus
3479 1821 3680 1894 autem

288 1917 490 1973 σούτων
549 1915 779 1994 ἀγαθῶν,
844 1916 1117 1997 χαίρουσι,
1163 1918 1251 1974 καὶ
1309 1919 1553 1974 κοινωνοὶ
1596 1917 1694 1985 τῆς
1747 1921 1935 1998 εὖφρο-

2029 1914 2369 1976 testamenti
2395 1922 2447 1975 et
2483 1915 2654 1994 cujus
2678 1915 3013 1993 jusjurandi
3046 1918 3201 1997 quod
3237 1917 3542 1980 Abraham
3563 1920 3683 1980 fac-

286 2005 448 2073 σύνης
501 2026 795 2084 γινομενοι,
842 2008 914 2068 εἰς
966 2006 1181 2072 ἑαυτοὺς
1252 2008 1314 2063 τὸ
1355 2006 1505 2070 ἕλεος
1564 2005 1937 2087 ἀναδέχονται.

290 2095 453 2158 Ποίας
512 2093 565 2150 δὲ
627 2092 881 2165 διαθήκης
942 2093 1206 2177 ἐμνήσθῃ,
1252 2098 1341 2154 καὶ
1395 2097 1549 2156 ποίου
1596 2095 1754 2176 ὅρκου
1807 2098 1939 2176 πρὸς

287 2186 380 2241 τὸν
440 2181 681 2263 Ἀϐραὰμ
738 2184 1072 2264 γενομένους
1135 2164 1195 2241 1nﬂ
1259 2186 1474 2249 πάντως
1533 2194 1647 2261 τοῦ,
1694 2208 1719 2243 ι
1768 2184 1944 2244 Εὐλο-

292 2280 401 2352 γῶν
446 2273 724 2353 εὐλογήσω
814 2297 898 2349 σε,
984 2277 1072 2331 καὶ
1124 2274 1406 2341 πληθύνων
1469 2273 1721 2342 πληθυνῶ
1778 2296 1860 2338 σε,
1912 2299 1939 2330 ι

288 2362 626 2432 Ἐπληθύνθη
653 2366 751 2443 γὰρ
803 2364 968 2429 ὅντως
1027 2371 1113 2420 νῦν
1146 2366 1174 2420 6
1218 2362 1486 2445 Ἀϐραὰμ,
1540 2365 1752 2425 πάντων
1784 2364 1947 2428 ἐθνῶν

287 2454 696 2523 υἱοθετηθέντων
776 2455 919 2529 αύτῷ
1001 2453 1086 2511 διὰ
1154 2455 1255 2522 τῆς
1324 2456 1553 2521 πίστεως
1587 2472 1602 2486 ’
1690 2456 1764 2519 ὡς
1844 2456 1944 2535 γὰρ

284 2546 494 2611 ἐκεῖνος
530 2546 856 2619 ἐπίστευσεν,
918 2544 1057 2602 οὕτω
1113 2546 1202 2602 καὶ
1230 2546 1393 2602 ταῦτα
1443 2545 1527 2602 διὰ
1552 2550 1652 2613 τῆς
1710 2546 1943 2607 πίστεως

293 2637 637 2710 ῲκειώθησαν
671 2652 686 2666 ⁶
749 2633 997 2713 ἐῤῥύσατο
1066 2632 1121 2690 δὲ
1199 2637 1344 2710 ἡμᾶς
1425 2635 1485 2692 ἐκ
1567 2642 1675 2692 τῶν
1732 2634 1938 2715 ἐχθρῶν

286 2723 497 2807 ἀφόϐως
528 2744 542 2760 ⁸
591 2723 854 2789 πολλάκις
897 2726 999 2804 γὰρ
1055 2746 1197 2788 τινες
1242 2725 1447 2803 ῥύονται
1480 2725 1602 2802 μὲν,
1634 2724 1770 2781 ἀλλά
1803 2727 1939 2801 μετά

283 2813 449 2897 φόϐου
505 2816 590 2871 καὶ
644 2814 866 2894 ἀγώνων
924 2812 1139 2871 πολλῶν
1183 2817 1271 2871 καὶ
1318 2813 1556 2890 πολέμου
1588 2830 1602 2845 ·
1639 2818 1668 2871 6
1699 2813 1755 2871 δὲ
1806 2823 1937 2894 Χρι-

283 2907 431 2981 στὸς,
484 2902 654 2981 μηδὲν
704 2907 859 2979 ἡμῶν
919 2906 1313 2981 κοπιασάντων,
1373 2904 1504 2984 ὑπὲρ
1558 2906 1713 2980 ἡμῶν
1744 2904 1936 2961 ἐσταυ-

288 2995 429 3074 ρώθη
466 3012 480 3027 ⁸
528 2996 617 3051 καὶ
661 2994 909 3074 ἐρρύσατο
948 2992 1135 3051 λοιπὸν
1187 2995 1333 3069 ἡμᾶς
1382 2991 1618 3074 ἀφόϐως,
1663 2993 1936 3051 τουτέστιν

286 3082 595 3147 ἀκινδύνως.
647 3084 796 3141 Διατί
825 3082 879 3139 δὲ
926 3082 1177 3162 ἒῤῥύσατο
1235 3084 1402 3158 ἡμᾶς,
1437 3083 1537 3162 ἆρα
1580 3082 1664 3140 διὰ
1693 3083 1753 3140 τὸ
1806 3106 1934 3163 τρυ-

286 3179 439 3255 φᾷν;
502 3175 639 3253 Οὒχί
673 3193 687 3207 ο
744 3172 881 3230 ἀλλά
936 3181 1029 3230 τοῦ
1079 3172 1346 3252 λατρεύειν
1406 3176 1571 3250 αὐτῷ,
1619 3175 1723 3253 οὐχ
1774 3172 1935 3255 ἅπαξ,

288 3261 406 3323 οὐδὲ
443 3261 531 3320 δύο
561 3262 790 3342 ἡμέρας,
840 3261 978 3319 ἀλλά
1008 3263 1182 3326 πάσας
1213 3262 1306 3327 τὰς
1356 3262 1559 3342 ἡμέρας
1595 3277 1610 3292 ⁸
1672 3262 1943 3342 λατρεύειν

289 3351 368 3434 δὲ,
455 3353 515 3410 οὗ
580 3352 664 3410 διὰ
756 3353 1067 3430 σωματικῆς
1140 3353 1303 3428 μόνον
1382 3354 1794 3433 προσκυνήσεως
1855 3360 1943 3416 καὶ

280 3444 590 3525 ὑπουργίας,
653 3440 776 3499 ἀλλ’
805 3446 862 3498 ἐν
920 3442 1158 3511 ὁσιότητι
1219 3444 1308 3498 καὶ
1364 3440 1668 3509 δικαιοσύνη
1704 3460 1718 3473 ⁶
1777 3442 1943 3500 ’Ἔστι

279 3532 335 3590 δὲ
381 3534 599 3601 ὁσιότης
644 3533 764 3613 μὲν,
825 3534 886 3589 τὸ
944 3526 1075 3610 πρὸς
1135 3533 1264 3588 Θεὸν
1322 3529 1522 3589 δίκαιον
1558 3548 1572 3563 ⁸
1619 3530 1927 3600 δικαιοσύνη

277 3622 357 3706 δὲ,
420 3625 480 3680 τὸ
523 3625 656 3701 πρὸς
715 3622 1020 3701 ἀνθρώπους
1053 3640 1066 3655 ·
1118 3626 1261 3698 οἷον,
1296 3621 1386 3679 ἐάν
1413 3643 1495 3685 τις
1523 3621 1797 3703 ἀπέχηται
1830 3623 1926 3698 μὲν

274 3719 383 3771 τῶν
441 3716 619 3792 ἱερῶν,
660 3714 749 3769 καὶ
800 3715 894 3770 οὑκ
952 3712 1205 3792 ἐπιχειρῇ
1232 3723 1352 3775 τοῖς
1383 3714 1541 3775 θείοις
1572 3712 1761 3788 ἀθέως,
1792 3711 1929 3771 ἀλλά

273 3810 453 3861 πᾶσαν
506 3804 671 3880 τιμὴν
740 3802 995 3880 ἀποσώζῃ
1051 3804 1183 3882 πρὸς
1231 3802 1299 3858 τὰ
1361 3803 1532 3878 τίμια,
1580 3804 1608 3859 6
1662 3810 1923 3884 τοιοῦτος,

279 3894 430 3958 ὅσιος
466 3912 483 3930 ·
544 3893 746 3970 ὁμοίως
801 3894 891 3952 καὶ
947 3895 975 3949 6
1032 3895 1155 3957 τούς
1185 3904 1367 3971 γονεῖς
1418 3888 1728 3967 σεϐόμενος,
1762 3890 1929 3957 ὅσιοςο

275 3985 366 4040 καὶ
428 3983 569 4041 οὗτοι
632 3984 733 4063 γὰρ
783 3983 892 4039 θεοὶ
947 3979 1285 4039 κατοικίδιοι·
1338 3981 1383 4037 εἰ
1416 3978 1470 4037 δέ
1515 4003 1599 4045 τις
1645 3982 1706 4037 οὗ
1735 3980 1933 4040 πλεον-

280 4075 447 4142 έκτης
492 4074 611 4154 εἴη,
674 4075 772 4131 οὐκ
825 4071 1020 4153 ἅρπαξ,
1065 4074 1125 4131 ού
1176 4068 1437 4145 κλέπτης,
1492 4072 1552 4127 οὑ
1608 4071 1831 4152 μοιχὸς,
1877 4077 1936 4132 οὐ

276 4166 500 4245 πόρνος·
536 4166 564 4220 6
616 4169 880 4238 τοιοῦτος,
942 4160 1172 4225 δίκαιος.
1228 4158 1407 4224 Οὕτως
1433 4159 1523 4217 οὖν
1550 4158 1636 4217 δεῖ
1665 4158 1935 4239 λατρεύειν

274 4263 421 4331 Θεῷ,
470 4254 528 4311 ἐν
587 4252 856 4334 ὑσιότητι,
916 4256 985 4329 τῇ
1038 4252 1168 4331 πρὸς
1225 4251 1293 4310 τὰ
1333 4253 1453 4307 θεῖα
1481 4247 1624 4328 λέγω
1668 4248 1935 4324 εὐλαϐείᾳ,

268 4349 365 4405 καὶ
425 4343 755 4420 δικαιοσύνῃ,
841 4348 913 4420 τῇ
974 4342 1106 4422 πρὸς
1164 4340 1231 4398 τὰ
1312 4338 1612 4419 ἀνθρώπινα
1683 4337 1940 4417 ἐπαινετῇ

2030 2008 2178 2073 tum,
2212 2002 2522 2064 meminit?
2553 2004 2659 2065 Vel
2690 2004 2937 2066 omnino
2989 2006 3207 2084 hujus:
3242 2029 3263 2061 α
3303 2005 3683 2070 Benndicens

2027 2088 2373 2153 benedicam
2404 2099 2553 2167 te,et
2585 2093 2929 2174 multiplans
2960 2094 3366 2176 multiplicabo
3381 2096 3681 2161 Μελινο-

2029 2197 2094 2240 re
2127 2198 2282 2241 nunc
2316 2181 2734 2261 multiplicatus
2765 2183 3230 2257 Ahraham,cu'n
3255 2184 3311 2245 ei
3336 2185 3527 2248 ﬁliiex
3562 2205 3682 2248 om-

2030 2268 2209 2331 nibus
2235 2270 2511 2349 gentibus
2542 2271 2803 2352 adoptati
2830 2285 2966 2334 sunt
2987 2290 3093 2353 per
3123 2272 3324 2334 ﬁdem.
3356 2272 3502 2335 Nam
3534 2275 3683 2337 sicut

2026 2356 2128 2420 ille
2158 2359 2431 2433 credidit,
2468 2358 2548 2422 ita
2573 2360 2672 2422 isti
2705 2379 2812 2441 per
2836 2361 3012 2422 fidem
3038 2363 3498 2442 appropriarunt
3529 2364 3583 2425 ei
3604 2363 3679 2430 ‘9.

2028 2446 2324 2511 Liberavit
2348 2458 2544 2510 autem
2578 2467 2686 2511 nos
2710 2450 2786 2512 de
2816 2449 3077 2512 inimicis
3106 2452 3238 2512 sine
3269 2451 3684 2535 timore.Saepe

2026 2537 2282 2600 liberant
2321 2539 2584 2620 quidam.
2642 2538 2747 2600 sed
2808 2559 2927 2601 non
2985 2539 3115 2601 sine
3175 2549 3383 2602 nostro
3442 2543 3681 2618 timore,

2024 2645 2212 2706 agone
2244 2639 2302 2690 et
2333 2628 2658 2690 certamine
2690 2645 2703 2691 :
2732 2628 3003 2692 Christus
3031 2646 3195 2703 vero,
3244 2649 3377 2692 cum
3413 2650 3520 2692 nos
3563 2651 3683 2694 non

2026 2717 2600 2798 laborassemus,pro
2628 2717 2800 2780 nobis
2830 2719 3151 2780 cruciﬁxus
3178 2728 3291 2801 est,
3321 2728 3381 2782 et
3416 2720 3688 2783 liberavit

2022 2826 2132 2869 nos
2154 2807 2285 2868 sine
2316 2808 2550 2881 timore,
2586 2808 2699 2869 hoc
2739 2816 2854 2889 est,
2884 2808 3109 2888 absque
3168 2809 3460 2889 periculo.
3493 2809 3689 2883 Quare

2019 2905 2215 2958 autem
2248 2896 2524 2958 Iiberaxit
2556 2904 2694 2961 nos?
2756 2899 2911 2960 Num
2972 2906 3220 2979 propter
3253 2898 3449 2960 cibum
3482 2907 3545 2964 et
3575 2920 3685 2981 po-

2022 2986 2179 3049 tum?
2205 2986 2334 3047 Non
2369 3006 2383 3046 :
2414 2987 2518 3048 sed
2555 2995 2618 3047 ut
2652 2987 2989 3048 serviamus
3032 2986 3140 3062 illi,
3175 3006 3294 3048 non
3325 2988 3534 3063 semel,
3571 3009 3684 3051 ne-

2020 3095 2137 3159 que
2168 3076 2401 3137 duobus
2441 3075 2674 3151 diebus,
2707 3076 2815 3138 sed
2847 3075 3130 3137 omnibus
3159 3075 3394 3158 diebus,
3442 3079 3684 3141 Servia-

2029 3184 2161 3228 mus
2184 3175 2378 3227 autem
2408 3184 2526 3226 non
2552 3166 2682 3227 sola
2707 3164 3004 3246 corporali
3041 3165 3388 3228 adoratione
3418 3176 3475 3229 ct
3503 3169 3685 3230 mini-

2028 3256 2209 3318 sterio
2242 3256 2346 3316 sed
2387 3254 2446 3317 iu
2479 3254 2794 3317 sanctitate
2818 3265 2875 3317 et
2904 3253 3157 3334 justitia,
3185 3253 3286 3317 Est
3310 3264 3510 3317 autem
3541 3276 3686 3320 sanc

2030 3345 2416 3426 titas.justitia
2446 3363 2584 3422 erga
2616 3344 2829 3407 Deum:
2858 3343 3094 3426 justitia
3117 3362 3279 3420 vero,
3313 3363 3452 3425 erga
3482 3346 3682 3409 homi-

2029 3454 2170 3497 nes:
2197 3444 2262 3495 ut
2288 3432 2542 3513 exempli
2563 3433 2772 3512 gratia,
2794 3432 2845 3493 si
2876 3433 3007 3513 quis
3028 3431 3326 3494 abstineat
3355 3453 3387 3494 a
3411 3435 3596 3498 sacris
3626 3445 3687 3498 et

2012 3526 2083 3592 ad
2109 3524 2315 3588 divina
2338 3542 2456 3584 non
2480 3523 2713 3584 accedit
2740 3522 3059 3602 impie,sed
3082 3521 3520 3586 venerabilibus
3545 3544 3678 3586 om-

2010 3634 2148 3681 nem
2182 3615 2472 3676 honorem
2503 3613 2774 3689 exhibet,
2805 3612 2857 3672 is
2884 3618 3126 3673 sanctus
3157 3620 3268 3675 est.
3302 3613 3597 3676 Similiter
3627 3626 3683 3677 et

2010 3709 2112 3792 qui
2127 3709 2381 3769 honorat
2403 3711 2936 3786 parentes,sanctus
2949 3710 3202 3764 estznam
3218 3703 3684 3769 etillidiidome—
3745 3718 3752 3725 '

2009 3798 2263 3871 stici.At
2292 3795 2341 3856 si
2376 3795 2511 3875 quis
2544 3814 2660 3855 non
2690 3794 2866 3855 fuerit
2900 3810 3135 3870 avarus,
3169 3812 3287 3854 non
3324 3811 3526 3876 rapax,
3560 3816 3675 3858 non

2019 3889 2140 3965 fur,
2167 3906 2287 3949 non
2311 3885 2566 3960 adulter,
2602 3903 2723 3945 non
2754 3891 3071 3963 scortator,
3118 3882 3167 3943 is
3190 3884 3390 3963 justus
3419 3884 3680 3950 dicetur.

2017 3983 2223 4057 Itaque
2254 3984 2484 4055 oportet
2531 3974 2754 4036 servire
2804 3971 2925 4034 Deo
2958 3971 3018 4032 in
3050 3972 3379 4049 sanctitate,
3419 3973 3533 4036 hoc
3564 3985 3679 4058 cst,

2017 4066 2353 4131 reverentia
2378 4083 2518 4143 erga
2539 4063 2736 4125 divina
2771 4080 2784 4123 :
2821 4071 2880 4124 et
2910 4062 3166 4142 justitia,
3199 4062 3409 4137 hoc,es
3440 4062 3678 4127 laudata

2018 4158 2080 4221 in
2108 4157 2291 4220 rebus
2338 4154 2617 4217 humanis
2647 4151 2782 4214 vita.
2826 4151 3217 4214 Serviendum
3270 4151 3532 4234 denique
3585 4164 3678 4217 est

2020 4266 2219 4310 coram
2249 4247 2401 4326 ipso,
2437 4262 2555 4303 non
2587 4260 2786 4304 coram
2842 4241 3211 4319 hominibus,
3270 4241 3431 4304 sicut
3468 4243 3527 4304 bi
3585 4246 3680 4325 qui

2020 4335 2368 4401 hominibus
2399 4332 2640 4414 placere
2676 4330 2895 4405 volunt,
2919 4339 2985 4392 ut
3007 4330 3330 4411 hypocrita;
3350 4331 3594 4396 faciunt.

270 4435 538 4508 πολιτείᾳο
594 4431 862 4513 λατρεύειν
919 4429 975 4488 δὲ
1031 4429 1257 4488 ἐνώπιον
1308 4430 1487 4505 αὐτοῦ,
1565 4428 1643 4505 μὴ
1727 4428 1951 4487 ἐνώπιον
2054 4434 2161 4484 τῶν
2260 4424 2571 4503 ἀνθρώπων,
2615 4425 2688 4486 ὡς
2753 4425 2800 4478 οἱ
2859 4422 3294 4501 ἀνθρωπάρεσκοι
3378 4423 3469 4478 καὶ
3541 4424 3678 4480 ὕπο-

277 4524 479 4607 κριταί.

367 4639 393 4673 ι
430 4616 530 4675 Καὶ
586 4615 672 4695 σὺ,
727 4610 957 4690 παιδίον,
1004 4611 1285 4693 προφήτης
1340 4602 1591 4687 ’Υψίστου
1632 4606 1932 4687 κληθήσθῃ.

2101 4605 2283 4671 Vens.
2306 4603 2523 4695 76-80.
2537 4601 3241 4695 «Et_tu,puer,propbet_a
3270 4599 3559 4695 Altissimi
3576 4620 3678 4663 vo-

272 4706 620 4787 προπορεύσῃ
676 4705 776 4785 γὰρ
832 4705 936 4784 πρὸ
1012 4704 1299 4783 προσώπου
1384 4699 1594 4780 Κυρίου,
1654 4699 1931 4776 ἑτοιμάσαι

279 4796 434 4860 ὁδοὺς
490 4799 674 4877 αὐτοῦ,
728 4801 822 4852 τοῦ
877 4792 1053 4853 δοῦναι
1107 4799 1302 4871 γνῶσιν
1356 4791 1624 4869 σωτηρίας
1686 4795 1764 4877 τῷ
1818 4787 1933 4864 λαῷ

274 4888 467 4961 αὐτοῦ,
528 4884 583 4943 ἐν
626 4876 807 4966 ἀφέσει
867 4884 1140 4964 ἁμαρτιῶν
1222 4883 1419 4966 αύτῶν,
1489 4884 1587 4935 Δια
1643 4876 1934 4958 σπλάγχνα

269 4977 459 5042 ἐλέους
514 4983 647 5034 Θεο)
679 4965 684 4966 ν
715 4977 895 5052 ἡμῶν,
956 4973 1011 5030 ἐν
1083 4975 1167 5037 οἷς
1224 4965 1559 5046 ἐπεσκέψατο
1608 4969 1752 5044 ἡμᾶς
1795 4967 1931 5023 ἀνα-

266 5066 414 5136 τολή
474 5066 527 5134 ἐξ
581 5065 769 5142 ὕψους,
830 5065 1078 5145 ἐπιφᾶναι
1148 5073 1267 5125 τοῖς
1306 5062 1363 5117 ἐν
1443 5058 1621 5115 σκότει
1666 5058 1755 5113 καὶ
1812 5061 1936 5145 σκιᾷ

268 5158 505 5217 θανάτου
580 5144 945 5232 καθημένοις,
998 5163 1093 5212 τοῦ
1162 5154 1470 5211 κατευθῦναι
1557 5147 1681 5211 τοὺς
1769 5144 1933 5210 πόδας

266 5251 437 5327 ἡμῶν
496 5248 569 5311 εἷς
631 5242 750 5303 ὁδὸν
804 5247 1042 5325 εἰρήνης.
1106 5245 1177 5301 Τὸ
1232 5242 1287 5301 δὲ
1346 5238 1554 5298 παιδίον
1614 5234 1936 5327 ηύξανεηκαὶ

266 5323 620 5419 ἐκραταιοῦτο
677 5323 960 5413 πνεύματι,
1033 5335 1121 5392 καὶ
1161 5334 1227 5403 ἦν
1268 5333 1323 5390 ἐν
1372 5344 1489 5393 ταῖς
1546 5328 1766 5419 ἐρήμοις
1820 5323 1922 5419 ἕως

266 5415 483 5506 ἡμέρας
523 5424 832 5493 ἀναδείξεως
871 5429 1030 5485 αὐτοῦ
1071 5426 1204 5505 πρὸς
1246 5425 1338 5482 τὸν
1382 5417 1622 5501 Ἰσραήλ.
1682 5415 1925 5506 .-ξ-Ξένον

265 5501 516 5600 φαίνεται
546 5518 607 5574 τ’)
636 5516 809 5597 λέγειν
867 5518 957 5573 τὸν
1010 5514 1279 5596 Ζαχαρίαν
1334 5513 1465 5592 πρὸς
1517 5510 1581 5567 τὸ
1617 5501 1844 5579 παιδίον,
1892 5506 1926 5563 ἃ

360 5681 424 5732 1ο
456 5679 635 5746 Mich
676 5695 735 5760 v,
768 5682 826 5738 2.
858 5678 907 5721 ίί
944 5676 1094 5741 Gen.
1126 5693 1273 5759 xxn,
1313 5675 1403 5738 t7.
1434 5671 1490 5719 1³
1517 5673 1693 5736 Rom.
1726 5684 1805 5750 1v,
1845 5670 1900 5731 t.

2016 4696 2274 4776 caberis,
2308 4693 2543 4776 praeibis
2575 4691 2737 4754 enim
2768 4699 2903 4752 ante
2934 4691 3149 4752 faciem
3181 4688 3419 4753 Domini
3458 4691 3530 4751 ad
3564 4709 3676 4772 pa-

2015 4786 2267 4851 randum
2296 4786 2419 4845 vias
2449 4783 2601 4863 ejus;
2651 4782 2725 4843 ad
2784 4780 3037 4842 dandam
3098 4778 3408 4841 scientiam
3465 4779 3676 4841 salutis

2017 4876 2235 4959 papqu
2266 4873 2481 4955 ipsius,
2513 4890 2620 4954 per
2639 4869 3060 4959 remissionem
3096 4876 3478 4959 peccatorum
3510 4870 3665 4949 ejus.

2016 4956 2133 5030 Per
2152 4964 2379 5025 viscera
2410 4960 2839 5023 misericordiaa
2872 4958 2975 5022 Dei
3008 4956 3219 5033 nostri,
3249 4957 3311 5018 in
3350 4957 3570 5039 quibus
3593 4960 3673 5021 vi-

2017 5055 2212 5120 sitavit
2254 5072 2362 5115 nos
2411 5051 2614 5113 oriens
2644 5070 2716 5113 ex
2743 5050 2883 5112 alto.
2930 5046 3005 5110 Ut
3034 5048 3414 5109 illucesceret
3448 5047 3541 5109 his
3572 5050 3676 5129 qui

2017 5143 2368 5208 intenebris
2424 5150 2481 5203 et
2537 5138 2749 5201 umbra
2797 5136 3003 5199 mortis
3033 5137 3267 5212 sedent,
3301 5136 3372 5199 ad
3405 5136 3675 5217 dirigen-

2018 5236 2127 5299 dos
2153 5233 2337 5316 pedes
2365 5238 2599 5293 nostros
2621 5229 2683 5290 in
2712 5228 2864 5290 viam
2888 5225 3072 5309 pacis.
3108 5228 3268 5289 Puer
3296 5234 3494 5288 autem
3529 5245 3669 5289 cre-

2006 5324 2303 5401 scebat,et
2334 5320 2832 5383 corroborahatur
2861 5316 3100 5399 spiritu,
3127 5327 3186 5377 et
3220 5324 3349 5378 erat
3372 5316 3432 5377 in
3465 5316 3673 5379 deser-

2008 5417 2087 5480 tis
2115 5415 2313 5476 donec
2335 5409 2566 5473 veniret
2588 5409 2716 5470 dies
2750 5427 2866 5489 quo
2916 5405 3325 5470 ostendendus
3360 5414 3485 5468 erat
3517 5407 3673 5487 apud

2008 5502 2331 5570 Israelitas.
2364 5526 2391 5558 ι
2457 5498 2670 5561 Mirum
2730 5497 2963 5560 videtur
3009 5495 3166 5577 quod
3219 5494 3536 5560 Zacharias
3600 5497 3676 5561 ad
