4232 6404
512 398 628 465 719

515 549 762 609 puerum
778 529 1035 609 loquitur
1051 528 1248 589 adhuc
1265 527 1630 587 insensatum
1654 545 1722 587 ea
1737 545 1868 607 quae
1888 527 2173 607 loquitur.
2199 550 2238 584 Α
2263 524 2405 604 λέγει
2439 541 2454 556 ·

511 618 734 680 Dicend
745 635 844 682 um
858 618 1035 695 igitur
1046 617 1201 697 quod
1216 617 1366 678 sicut
1382 616 1677 677 insolitam
1694 626 1751 677 et
1763 616 2177 679 admirabilem

1476 393 2074 461 THEOPHYLACTI
2118 389 2531 455 BULGARI/E
2576 386 2932 452 ARCHIEP.

3791 370 3914 444 720

2514 525 2730 582 πάντως
2784 524 2885 603 γὰρ
2940 522 3243 594 ἀναισθήτῳ
3302 523 3413 577 ὁντι
3459 525 3536 593 τῷ
3579 515 3794 589 παιδίῳ,
3856 518 3917 574 οὗ

2260 614 2364 672 ἔδει
2422 614 2665 693 ὁμιλεῖν,
2716 614 2921 671 ’Ἔστιν
2987 615 3074 669 οὗν
3144 612 3315 667 εἰπεῖν
3372 609 3477 684 ὅτι,
3538 608 3717 684 ὥσπερ
3760 604 3914 673 ξένην

510 707 711 769 habuit
744 707 1122 770 nativitatum
1164 726 1336 788 puer,
1372 706 1470 787 qui
1505 706 1812 767 exsultavit
1836 716 1893 766 et
1922 707 2153 787 prophe

2259 710 2389 788 ἔσχε
2449 710 2548 774 τὴν
2591 707 2840 786 γέννησιν
2883 705 2943 761 τὸ
3001 702 3225 776 παιδίον,
3281 706 3573 781 σκιρτῆσαν
3619 699 3707 754 καὶ
3769 720 3909 775 προ-

509 796 648 858 tavit
678 798 736 857 in
772 804 938 857 utero
985 795 1057 856 ad
1114 785 1436 857 adventum
1495 796 1699 858 Mariae
1734 814 1746 859 :
1784 796 1869 856 sic
1920 785 2052 856 non
2087 813 2151 856 es

2257 785 2523 877 φητεῦσαν
2583 785 2637 851 ὲν
2680 800 2749 872 τῇ
2806 796 2986 873 μήτρᾳ
3038 795 3126 849 lani
3190 792 3258 860 τῆ
3316 792 3573 865 παρουσίᾳ
3634 792 3732 854 τῆς
3791 794 3911 877 μα-

507 887 721 948 mirum
757 886 807 947 si
838 885 1015 946 etiam
1056 904 1127 946 ea
1176 905 1305 965 quae
1349 905 1382 946 a
1423 893 1590 965 patre
1639 884 2015 956 dicebantur,
2042 890 2174 963 post

506 976 869 1037 nativitatem
930 974 1318 1036 intellexerit.
1382 973 1628 1035 Praeibis
1683 983 1902 1050 autem,
1959 974 2169 1054 inquit,

503 1073 640 1125 ante
692 1063 1011 1126 Dominum
1050 1082 1145 1124 me
1180 1064 1355 1144 paulo
1405 1072 1537 1143 post
1586 1063 1893 1125 derelicto.
1933 1061 2173 1125 Sciebat

505 1154 665 1215 enim
718 1154 1032 1216 Zacharias
1088 1153 1245 1233 quod
1285 1173 1403 1214 non
1436 1153 1621 1213 multo
1675 1161 1805 1233 post
1855 1153 2173 1233 privandus

503 1252 661 1305 esset
690 1243 1029 1323 eo,quando
1064 1242 1355 1323 fugiturus
1386 1252 1512 1304 erat
1542 1243 1602 1303 in
1639 1241 2173 1315 desertum.Quare

504 1342 703 1394 autem
738 1331 1007 1413 praeibis?
1036 1330 1111 1394 Ut
1146 1342 1433 1413 parentur
1482 1333 1587 1393 viae
1622 1332 1878 1394 Domini.
1910 1330 2039 1395 Viae
2063 1351 2171 1391 au-

500 1429 618 1483 tem
655 1431 792 1483 sunt
821 1422 1040 1482 anima:
1070 1422 1132 1481 in
1164 1422 1377 1502 quibus
1426 1421 1649 1481 incedit
1679 1421 1989 1494 Dominus,
2020 1438 2169 1500 quas

504 1512 1218 1593 praeparavitPrzecufsm'
1246 1520 1308 1572 ut
1330 1512 1390 1571 in
1415 1510 1500 1572 eis
1520 1510 1856 1571 ambularet
1875 1509 2164 1572 Christus.

502 1599 806 1673 Quomodo
829 1608 1025 1661 autem
1053 1599 1189 1660 illas
1216 1596 1605 1681 praeparavit?
1624 1599 1829 1661 Dando
1860 1597 2170 1660 scientiam

503 1689 707 1750 salutis
734 1688 1157 1768 populo.Salus
1182 1688 1425 1768 quidem
1456 1696 1582 1748 erat
1600 1686 1893 1750 Dominus
1914 1689 2170 1750 28418-

501 1778 777 1840 sus.Data
801 1787 887 1837 est
913 1777 1093 1855 igitur
1108 1776 1357 1838 scientia
1382 1777 1609 1845 salutis,
1641 1777 1753 1838 hoc
1786 1788 1896 1857 est,
1925 1776 2166 1856 Christi,

2256 889 2406 966 ριὰμ,
2466 884 2631 960 οὕτως
2718 882 2867 939 οὖδὲν
2940 882 3163 939 ἄπιστον
3265 882 3351 937 καὶ
3422 880 3527 935 τῶν
3602 876 3910 956 λεγομένων

2253 977 2395 1055 παρά
2451 985 2543 1033 τοῦ
2601 974 2801 1053 πατρὸς
2876 972 3206 1028 αἰσθάνεσθαι
3273 970 3409 1038 μετὰ
3468 970 3567 1035 την
3641 968 3907 1042 γέννησιν,

2254 1065 2598 1144 Προπορεύσῃ
2643 1061 2721 1141 δὲ,
2758 1064 2939 1141 φησὶν,
3001 1060 3294 1135 ἔμπροσθεν
3338 1065 3431 1114 τοῦ
3479 1058 3685 1135 Κυρίου,
3736 1078 3909 1111 κατα-

2253 1153 2424 1211 λιπὼν
2482 1153 2579 1229 ἒμὲ
2665 1153 2790 1211 ὅσον
2859 1153 3030 1209 οὔπω.
3106 1151 3400 1228 Ἐγίνωσκε
3485 1149 3585 1227 γὰρ
3644 1147 3910 1226 Ζαχαρίας

2254 1244 2334 1300 ὅτι
2383 1244 2764 1321 στερηθήσεται
2844 1238 2963 1316 μετ’
3042 1239 3221 1318 ὀλίγον
3266 1240 3449 1314 αὐτοῦ,
3496 1241 3569 1301 εἱς
3623 1238 3718 1299 τὰς
3779 1234 3909 1313 ἐρήσ-

2254 1356 2385 1409 μους
2445 1332 2738 1409 μέλλοντος
2796 1344 3007 1412 φυγεῖν.
3058 1333 3205 1385 Διατί
3248 1327 3302 1384 δὲ
3364 1329 3750 1406 προπορεύσῃῖ,
3811 1326 3907 1381 Διὰ

2249 1426 2312 1478 τὸ
2371 1422 2648 1496 ἕτοιμάσαι
2723 1422 2817 1487 τὰς
2894 1419 3042 1483 ὁδοὺς
3100 1418 3195 1475 τοῦ
3270 1418 3457 1497 Κυρίου
3490 1434 3505 1449 ⁸
3564 1414 3671 1472 ὁδοὶ
3714 1413 3793 1490 δὲ,
3855 1418 3908 1469 αἱ

2252 1513 2425 1591 ψυχαὶ
2482 1510 2562 1591 ἐφ’
2594 1515 2669 1567 ὧν
2716 1509 2885 1567 ὁδεύει
2934 1513 2961 1566 6
3009 1510 3194 1587 Κύριος
3229 1527 3241 1540 ⁸
3289 1509 3382 1570 τὰς
3413 1509 3502 1563 οὖν
3546 1506 3724 1585 ψυχὰς
3754 1504 3905 1571 ἦτοι-

2253 1623 2421 1675 μασεν
2479 1602 2506 1656 6
2566 1597 2894 1679 Πρόδρομος,
2951 1596 3046 1653 ἵνα
3102 1596 3157 1653 ἐν
3235 1599 3424 1659 αύταϊς
3481 1595 3821 1674 περιπατήσῃ
3876 1596 3905 1648 6

2252 1690 2506 1768 Χριστός,
2580 1689 2701 1751 Πῶς
2759 1686 2814 1743 δὲ
2892 1688 3087 1749 ταύτας
3142 1685 3460 1760 ἡτοίμασες
3523 1684 3655 1746 Δοὺς
3708 1690 3906 1761 γνῶσιν

2253 1779 2517 1857 σωτηρίας
2576 1784 2654 1852 τῷ
2709 1777 2826 1850 λαῷ
2862 1798 2875 1813 ·
2938 1777 3176 1855 σωτηρία
3221 1775 3321 1851 μὶν
3364 1774 3451 1829 οὖν
3486 1776 3512 1829 6
3562 1774 3754 1850 Κύριος
3784 1772 3904 1838 Ἰη-

499 1867 715 1947 populo
766 1886 799 1926 a
828 1867 1076 1929 Joanne.
1127 1865 1392 1927 Joannes
1425 1867 1584 1926 enim
1622 1867 2056 1928 testiﬁcabatur
2086 1867 2153 1927 de

2250 1874 2372 1933 σοῦς
2413 1884 2425 1896 ’
2487 1864 2641 1934 ἐδόθη
2687 1865 2741 1922 δὲ
2800 1868 2834 1935 ἡ
2894 1872 3090 1941 γνῶσις
3147 1868 3247 1931 τῆς
3302 1863 3596 1942 σωτηρίας,
3642 1860 3902 1933 τουτέστι,

496 1956 659 2019 Jesu.
692 1954 955 2018 Scientia
987 1967 1186 2016 autem
1219 1965 1351 2018 erat
1382 1956 1441 2016 in
1472 1956 1830 2017 remissione
1871 1974 2151 2036 peccato-

495 2064 652 2107 rum.
674 2046 804 2106 Non
828 2044 986 2104 enim
1020 2044 1193 2105 aliter
1221 2044 1491 2107 Christus
1515 2044 1750 2124 agnitus
1784 2045 1993 2107 fuisset
2023 2062 2156 2106 esse

496 2132 802 2208 Deus,nisi
823 2132 1148 2193 remisisset
1183 2142 1425 2213 peccata
1462 2135 1702 2214 populo.
1739 2134 1843 2195 Dei
1876 2134 2035 2194 enim
2062 2143 2155 2195 est

492 2224 800 2285 remittere
834 2230 1101 2302 peccata.
1141 2222 1395 2285 Remisit
1424 2233 1621 2284 autem
1658 2222 1829 2284 nobis
1863 2223 2149 2304 istn,pro-

496 2322 626 2393 pter
680 2312 906 2372 viscera
966 2310 1417 2373 misericordiae.
1489 2314 1619 2376 Non
1672 2316 1830 2373 enim
1906 2322 2154 2393 propter

495 2420 677 2483 opera
713 2409 933 2474 nostra,
970 2400 1119 2461 nihil
1172 2401 1331 2461 enim
1394 2402 1644 2462 fecimus
1681 2401 1823 2462 boni
1859 2420 1871 2463 :
1911 2403 2015 2463 sed
2050 2402 2151 2463 ille

492 2490 744 2552 visitavit
774 2508 882 2550 nos
908 2508 977 2550 ex
1001 2489 1140 2564 alto,
1175 2490 1278 2568 qui
1330 2490 1533 2553 oriens
1584 2490 1827 2553 dicitur.
1857 2492 1957 2552 Sol
1990 2493 2147 2552 enim

487 2580 735 2661 justitize
767 2589 875 2655 est,
911 2588 969 2640 et
998 2580 1192 2642 illuxit
1248 2580 1419 2642 nobis
1470 2582 1569 2661 qui
1602 2583 1661 2642 in
1695 2582 1957 2643 tenebris
2012 2600 2148 2643 era—

495 2688 652 2743 mus,
716 2669 826 2729 hoc
886 2677 998 2742 est,
1057 2679 1116 2730 et
1174 2668 1528 2751 ignorantia,
1559 2680 1615 2731 et
1668 2670 1879 2732 umbra
1914 2672 2147 2750 mortis,

499 2758 611 2818 hoc
634 2764 747 2829 est,
780 2755 1060 2835 peccatis,
1094 2755 1531 2819 sedentes.Duo
1557 2758 1715 2817 enim
1748 2758 1903 2819 mala
1934 2759 2150 2819 huma-

497 2865 636 2907 num
692 2862 878 2922 genus
934 2844 1287 2907 invaserunt
1334 2866 1346 2905 :
1404 2846 1737 2926 ignorantia
1792 2846 1922 2923 Dei,
1975 2866 2149 2927 quam

495 2933 794 2996 habebant
821 2933 1115 3010 gentiles:
1166 2942 1224 2995 et
1255 2943 1590 3015 peccatum,
1639 2936 1794 3016 quod
1857 2935 2155 2997 habebant

496 3022 757 3103 Hebraei,
783 3022 925 3083 licet
959 3021 1144 3084 Deum
1174 3025 1923 3105 cognoscerent.Apparuit
1955 3025 2154 3105 itaque

487 3113 767 3173 humanae
798 3120 1044 3186 natura,
1081 3116 1147 3174 ut
1178 3120 1234 3173 et
1261 3132 1361 3174 eos
1394 3112 1494 3194 qui
1523 3114 1582 3174 in
1609 3115 2017 3195 tenebris,hoc
2040 3126 2153 3195 est,

2240 1966 2332 2014 τοῦ
2396 1958 2645 2035 Χριστοῦ,
2725 1963 2801 2031 τῷ
2858 1956 2975 2029 λαῷ
3034 1955 3177 2034 παρὰ
3234 1960 3328 2009 τοῦ
3387 1953 3637 2009 Ἰωάννου
3670 1966 3684 1981 ⁸
3738 1954 3766 2007 6
3810 1951 3910 2029 γὰρ

2240 2046 2494 2113 Ἰωάννης
2544 2046 2823 2124 ἐμαρτύρει
2884 2048 3001 2125 περὶ
3060 2052 3153 2101 τοῦ
3203 2043 3381 2111 ἰησοῦ
3419 2059 3430 2071 ·
3492 2044 3526 2109 ἡ
3585 2040 3640 2097 δὲ
3684 2048 3906 2120 γνῶσις,

2238 2136 2293 2192 ἐν
2353 2137 2536 2216 ἀφέσει
2610 2136 2884 2213 ἁμαρτιῶν
2946 2134 3180 2213 ἐγένετο,
3243 2134 3351 2190 Οὐκ
3426 2131 3487 2188 ἂν
3573 2133 3672 2209 γὰρ
3729 2128 3905 2194 ἄλλως

2239 2226 2549 2305 ἐπεγνώσθη
2610 2226 2741 2288 Θεὸς
2814 2225 2957 2280 εἶναι
3003 2228 3030 2279 6
3093 2224 3307 2303 Κύριος,
3370 2222 3415 2277 εί
3453 2222 3532 2296 μὴ
3590 2220 3763 2300 ἀφῆκε
3807 2220 3902 2281 τὰς

2236 2315 2493 2393 ἁμαρτίας
2553 2321 2630 2389 τῷ
2673 2313 2788 2389 λαῷ
2817 2333 2835 2352 ο
2909 2320 3041 2369 Θεοῦ
3099 2314 3199 2391 γὰρ
3242 2313 3303 2367 τὸ
3362 2310 3570 2390 ἀφιέναι
3613 2310 3897 2388 ἁμαρτίας.

2235 2406 2442 2484 ,Αφῆκε
2501 2403 2555 2460 δὲ
2607 2403 2738 2480 ἡμῖν
2781 2405 2997 2478 ταύτας,
3059 2400 3144 2458 διὰ
3202 2400 3493 2480 σπλάγχνα
3549 2398 3725 2464 ἐλεους
3760 2419 3773 2432 ο
3836 2402 3894 2455 ο.)

2235 2496 2335 2573 γὰρ
2387 2494 2471 2550 διὰ
2499 2495 2565 2549 τὰ
2595 2493 2724 2573 ἔργα
2754 2495 2910 2568 ἡμῶν
2950 2510 2964 2523 ⁸
3016 2495 3076 2550 ού
3127 2493 3227 2571 γὰρ
3271 2488 3599 2565 ἐποιήσαμέν
3652 2512 3701 2545 τι
3759 2489 3892 2567 ἀγα-

2233 2586 2323 2640 θόν
2356 2605 2369 2619 ο
2460 2580 2581 2639 ἀλλ’
2666 2582 2873 2647 ἐκεῖνος
2961 2582 3297 2658 ἒπεσκέψατο
3372 2580 3517 2655 ἡμᾶς
3594 2577 3644 2643 ἐξ
3701 2579 3891 2657 ὕψους,

2237 2671 2473 2740 ἄνατολὴ
2517 2671 2810 2751 λεγόμενος
2846 2694 2860 2709 ⁶
2897 2663 3105 2737 ἿΗΛιος
3135 2672 3235 2750 γὰρ
3264 2668 3601 2735 δικαιοσύνης
3633 2668 3764 2730 ἐστί,
3797 2671 3895 2726 Καὶ

2238 2762 2496 2842 ἐπέφανεν
2550 2764 2708 2836 ἡμῖν,
2758 2776 2877 2825 τοῖς
2922 2761 2975 2817 ἐν
3046 2761 3251 2841 σκότει,
3293 2758 3556 2837 τουτέστι,
3602 2764 3670 2835 τῇ
3712 2758 3894 2837 ἀγνω-

2237 2854 2363 2925 σίᾳ·
2426 2854 2514 2909 καὶ
2573 2858 2642 2928 τῇ
2697 2859 2821 2924 σκιᾷ
2875 2859 2967 2909 τοῦ
3022 2851 3271 2929 Θανάτου,
3331 2854 3401 2925 τῇ
3448 2846 3700 2923 ἁμαρτίᾳ,
3763 2852 3893 2904 καθ-

2237 2941 2459 3016 ημένοις
2496 2960 2513 2979 °
2576 2938 2664 2998 δύο
2721 2943 2821 3020 γὰρ
2879 2942 3018 2999 κακὰ
3056 2940 3262 3019 ἐκράτει
3320 2941 3418 3006 τῆς
3469 2945 3576 2993 τῶν
3605 2938 3897 3017 ἀνθρώπων

2237 3032 2441 3111 φύσεως
2478 3047 2492 3061 ⁸
2548 3017 2803 3109 ἀγνωσία.
2835 3030 3074 3111 Θεοῦνῆν
3121 3017 3295 3108 εἶχον
3340 3030 3387 3084 οἱ
3434 3017 3711 3094 ’Ἐλληνες
3744 3043 3757 3056 ⁸
3812 3029 3898 3084 καὶ

2238 3110 2490 3201 ἆμαρτία,
2540 3122 2605 3189 ἣν
2657 3121 2823 3200 εἶχον
2876 3123 2922 3176 οἱ
2984 3110 3250 3196 Ἐϐραϊοι,
3310 3117 3352 3173 εί
3408 3118 3496 3172 καὶ
3549 3118 3679 3172 Θεὸν
3709 3116 3893 3196 ἐπεγί-

500 3202 607 3264 Dei
636 3201 989 3281 ignorantia,
1018 3209 1077 3261 et
1106 3201 1317 3263 umbra
1340 3204 1571 3279 mortis,
1601 3204 1713 3265 hoc
1742 3213 1854 3279 est,
1884 3214 2149 3285 peccato,

2240 3233 2465 3273 νωτκον,
2521 3209 2815 3289 Ἐπέιρανεν
2898 3210 2987 3266 οὖν
3069 3213 3138 3284 τῇ
3213 3206 3513 3286 ἀνθρωπίνῃ
3570 3206 3741 3284 φύσει,
3797 3205 3891 3263 ἵνα

491 3299 581 3352 est
606 3291 764 3353 enim
798 3297 1105 3370 pet-catum
1141 3290 1352 3352 umbra
1386 3294 1613 3366 mortis,
1649 3302 1817 3354 erant
1848 3294 2151 3376 sedentes,

492 3381 845 3442 illustraret.
881 3378 1020 3440 Ideo
1048 3390 1243 3441 autem
1280 3380 1549 3443 umbram
1586 3383 1795 3444 mortis
1817 3384 2160 3463 diciopinor

501 3478 830 3550 peccatum,
865 3468 1018 3547 quod
1050 3469 1200 3529 sicut
1234 3470 1445 3531 umbra
1477 3471 1747 3551 sequitur
1798 3490 2038 3551 corpus,
2072 3474 2154 3534 ita

489 3560 587 3621 ubi
625 3576 807 3632 mors,
842 3557 967 3618 illic
1018 3568 1073 3619 et
1134 3569 1462 3637 peccatum.
1520 3560 1689 3624 Unde
1720 3562 1857 3641 quia
1886 3570 2153 3622 mortuus

511 3659 598 3710 est
627 3649 1317 3721 Adam,consentaneum
1352 3648 1436 3709 ibi
1469 3650 1646 3710 etiam
1681 3668 1815 3711 esse
1838 3659 2143 3729 peccatum

489 3738 561 3800 Et
593 3753 785 3818 neque
819 3734 1034 3796 Christi
1070 3744 1321 3796 mortem
1376 3737 1507 3800 sine
1558 3746 1800 3817 peccato
1853 3739 2141 3802 invenies.

490 3831 754 3890 Mortuus
814 3832 902 3883 est
955 3824 1113 3884 enim
1147 3824 1438 3907 Christus,
1474 3827 1579 3887 sed
1635 3836 1877 3908 propter
1907 3837 2149 3907 peccata

493 3913 792 3978 nostra.Et
825 3913 903 3973 ita
936 3914 1142 3972 merito
1179 3927 1487 3993 peccatum
1523 3915 1742 3977 dicitur
1773 3935 1904 3977 esse
1936 3916 2149 3978 umbra

499 4004 729 4077 mortis,
762 4002 903 4082 quia
954 4019 1190 4081 semper
1248 4002 1565 4065 comitatur
1624 4005 1808 4084 ipsam
1869 4023 2145 4067 mortem.

494 4099 744 4159 Possent
768 4101 825 4152 et
849 4092 963 4151 alia
990 4092 1061 4151 ad
1094 4091 1206 4151 hoc
1240 4092 1379 4167 dici,
1416 4101 1471 4153 et
1502 4094 1715 4174 opinor
1737 4095 1956 4157 dictum
1988 4114 2152 4156 ano-

497 4187 588 4248 bis
618 4185 678 4246 in
710 4183 1004 4244 Matthazo.
1038 4183 1191 4243 Num
1224 4182 1404 4259 igitur
1434 4184 1651 4244 sufficit
1679 4186 1868 4246 solum
1922 4184 2150 4246 illuxis—

494 4300 559 4341 se
591 4274 1032 4340 obtenehratis?
1067 4274 1317 4336 Minime
1352 4298 1365 4338 ;
1402 4277 1513 4341 sed
1558 4277 1733 4339 etiam
1795 4297 1942 4359 opus
1973 4287 2060 4339 est
2090 4283 2153 4338 ut

492 4370 826 4449 dirigantur
883 4365 1065 4444 pedes
1126 4364 1311 4425 nostri
1358 4366 1417 4425 in
1474 4366 1622 4427 viam
1657 4367 1842 4448 pacis,
1872 4368 1989 4429 hoc
2034 4374 2145 4442 est,

2240 3302 2326 3357 καὶ
2380 3301 2503 3365 τοὺς
2565 3299 2620 3356 ἐν
2678 3307 2755 3374 τῷ
2814 3300 3017 3373 σκότει,
3069 3297 3332 3375 τουτέστι,
3406 3300 3474 3372 τῇ
3530 3292 3764 3371 ἆγνωσίᾳ
3799 3306 3889 3360 καὶ

2237 3389 2416 3471 ἆθεῗᾳ,
2462 3390 2550 3446 καὶ
2580 3390 2700 3451 τοὺς
2732 3389 2786 3445 ἐν
2815 3394 2884 3466 τῇ
2913 3394 3037 3461 σκιᾷ
3087 3394 3180 3443 τοῦ
3220 3385 3467 3465 θανάτου,
3515 3390 3585 3461 τῇ
3630 3382 3886 3464 ἁμαρτίᾳ,

2236 3479 2562 3555 καθημένους
2635 3480 2841 3559 φωτίσῃ
2871 3494 2884 3508 ⁸
2948 3480 2983 3547 ἡ
3030 3476 3085 3533 δὲ
3145 3475 3375 3556 ἁμαρτία
3420 3475 3549 3532 σκιὰ
3590 3480 3681 3531 τοῦ
3736 3477 3893 3530 θανα-

2233 3589 2324 3623 του
2383 3567 2493 3624 ἒστὶ
2524 3568 2661 3625 κατὰ
2690 3574 2899 3642 τοῦτον,
2963 3569 3038 3630 ὡς
3098 3566 3282 3641 οἶμαι,
3316 3564 3408 3621 τὸν
3441 3561 3601 3642 λόγον
3636 3579 3650 3593 ⁸
3711 3562 3891 3643 ὥσπερ

2232 3658 2267 3725 ἡ
2312 3658 2435 3713 σκιὰ
2490 3662 2569 3731 τῷ
2627 3657 2835 3732 σώματι
2896 3654 3103 3730 ἕπεται,
3150 3654 3292 3712 οὕτω
3338 3654 3428 3709 καὶ
3475 3652 3595 3709 ἔνθα
3644 3653 3890 3735 θάνατος,

2233 3745 2349 3803 ἐκεῖ
2418 3748 2503 3803 καὶ
2564 3746 2820 3825 ἁμαρτία,
2871 3747 3029 3821 Οἶον,
3091 3744 3350 3801 ἀπέθανεν
3409 3744 3436 3799 ὁ
3508 3739 3703 3822 Ἀδὰμ,
3773 3743 3892 3800 ἐκεῖ

2232 3834 2419 3892 λοιπὸν
2462 3838 2550 3891 καὶ
2608 3836 2837 3915 ἁμαρτία
2863 3855 2877 3869 ’
2912 3837 3000 3891 καὶ
3030 3832 3146 3892 οὐδὲ
3189 3834 3281 3889 τὸν
3311 3839 3405 3889 τοῦ
3455 3839 3683 3912 Χριστοῦ
3722 3836 3890 3889 θάνα-

2231 3948 2319 3983 τον
2364 3928 2603 4005 εὑρήσεις
2663 3927 2831 4007 χωρὶς
2876 3926 3135 4005 ἁμαρτίας
3172 3943 3188 3961 ⁸
3254 3922 3481 3979 ἀπέθανε
3540 3924 3641 4002 γὰρ
3683 3924 3711 3978 6
3753 3930 3884 4001 Χρι-

2234 4017 2381 4090 στὸς,
2437 4013 2574 4071 ἀλλὰ
2617 4013 2700 4071 διὰ
2758 4016 2851 4080 τὰς
2906 4013 3039 4090 ἐμὰς
3113 4013 3372 4092 ἁμαρτίας
3410 4030 3424 4046 ο
3471 4010 3607 4068 ὥστε
3669 4012 3885 4076 εἰκότως

2236 4102 2447 4182 λέγεται
2495 4104 2618 4160 σκιὰ
2674 4104 2817 4160 εἶναι
2877 4110 2969 4160 τοῦ
3025 4101 3248 4159 θανάτου
3300 4102 3335 4168 ἡ
3386 4101 3637 4179 ἁμαρτία,
3683 4103 3757 4165 ὼς
3806 4101 3888 4157 ἀεὶ

2239 4192 2587 4272 παρεπομένη
2647 4194 2788 4267 αὐτῷ
2819 4209 2835 4225 ⁸
2898 4193 2985 4248 καὶ
3041 4190 3178 4248 ἄλλα
3253 4188 3308 4247 δέ
3391 4188 3533 4247 ἔστιν
3586 4192 3755 4247 εἰπεῖν
3811 4191 3885 4253 είς

2234 4290 2410 4340 τοῦτο’
2445 4284 2533 4338 καὶ
2566 4283 2747 4359 οἶμαι,
2795 4282 3024 4358 εἴπομεν
3070 4281 3420 4361 ἐξηγούμενοι
3450 4281 3541 4337 τὸν
3586 4284 3883 4343 Ματθαῖον.

2237 4362 2363 4452 Ἀρα
2406 4368 2462 4427 δὲ
2494 4372 2649 4451 ἀρκεῖ
2678 4374 2739 4428 τὸ
2767 4374 3019 4453 ὶπιφᾶναι
3050 4372 3215 4448 μόνον
3270 4386 3392 4435 τοῖς
3438 4370 3833 4447 ἑσκοτισμένοις
3868 4390 3886 4447 ;

486 4458 752 4538 justitiae.
792 4453 959 4516 Sicut
979 4453 1139 4515 enim
1166 4462 1469 4542 peccatum
1497 4455 1827 4517 inimicitia
1852 4466 2144 4518 suntcum

2238 4462 2420 4542 Οὐχί·
2467 4462 2605 4519 ἀλλὰ
2660 4461 2743 4519 δεῖ
2788 4464 2876 4519 καὶ
2919 4465 3226 4519 κατευθύναι
3280 4463 3402 4525 τοὺς
3434 4459 3599 4525 πόδας
3629 4464 3784 4537 ἡμῶν
3814 4463 3888 4524 εἰς

489 4532 638 4623 Deo,
668 4548 743 4608 ita
773 4544 1018 4625 justitia,
1042 4532 1289 4623 pax.’Via
1322 4543 1498 4623 igitur
1531 4546 1693 4626 pacis
1722 4546 1837 4607 vita
1870 4556 1953 4607 est
1973 4546 2147 4625 justi-

2238 4532 2353 4607 δδξξᾷ
2430 4553 2669 4629 εἰρήνης,
2749 4551 3014 4627 τουτέστι,
3088 4552 3189 4620 τῆς
3262 4548 3602 4619 δικαιοσύνης
3637 4569 3653 4586 ο
3711 4551 3889 4630 ὥσπερ

490 4637 685 4713 ti33,ad
720 4654 897 4715 quam
925 4632 1141 4693 direxit
1189 4633 1519 4694 animarum
1560 4644 1894 4697 nostrarum
1940 4636 2142 4715 pedes,

488 4729 587 4811 qui
621 4746 688 4788 ex
743 4742 977 4786 summo
1010 4733 1176 4784 ortus
1207 4733 1293 4782 est
1326 4722 1616 4786 Christus.
1670 4728 1961 4785 Craterum
1999 4744 2148 4803 puer

484 4816 795 4880 crescebat
818 4816 988 4893 juxta
1019 4820 1298 4873 staturam
1332 4815 1727 4894 corporalem,
1753 4823 1810 4875 et
1853 4813 2141 4876 corrobo-

482 4909 727 4969 rahatur
754 4904 999 4984 Spiritu.
1037 4900 1179 4963 Cum
1215 4920 1468 4983 corpore
1502 4904 1677 4965 simul
1731 4906 2036 4965 crescebat
2081 4913 2135 4964 et

2228 4641 2329 4718 γὰρ
2358 4643 2392 4709 ἡ
2435 4641 2689 4721 ἁμαρτία,
2746 4640 2912 4721 ἔχθρα
2962 4642 3037 4707 είς
3085 4642 3239 4716 Θεὸν,
3290 4638 3456 4704 οὕτως
3484 4642 3519 4706 ἡ
3551 4638 3883 4719 δικαιοσύνη,

2229 4731 2440 4810 εἰρήνη,
2504 4722 2655 4797 Ὀδὸς
2716 4733 2803 4787 οὖν
2863 4732 3103 4810 εἰρήνης,
3165 4731 3199 4797 ἡ
3254 4733 3353 4795 τῆς
3409 4725 3750 4795 δικαιοσύνης
3778 4752 3883 4786 πο-

2227 4817 2421 4892 λιτεία,
2453 4822 2589 4881 παὸς
2640 4820 2705 4889 ἢν
2748 4821 3029 4877 κατεύθυνε
3086 4819 3208 4881 τοὺς
3250 4814 3417 4879 πόδας
3468 4822 3574 4873 τῶν
3605 4817 3881 4896 ἡμετέρων

2225 4913 2441 4989 ψυχῶν,
2476 4912 2503 4967 6
2534 4909 2586 4975 ἐξ
2637 4909 2800 4986 ὕψους
2858 4907 3137 4972 ἀνατείλας
3168 4906 3396 4985 Χριστός
3431 4921 3448 4939 ⁸
3482 4906 3672 4973 ηὔξανε
3718 4903 3774 4962 δὲ
3814 4909 3875 4962 τὸ

483 4993 792 5077 spirituale
878 4991 1127 5051 donum.
1184 4992 1256 5052 Et
1311 5002 1528 5072 quanto
1588 4993 1774 5070 magis
1831 4992 2138 5055 crescebat

2238 4996 2427 5055 παιδίον
2484 5000 2621 5056 κατὰ
2703 5001 2801 5067 τὴν
2886 4997 3201 5075 σωματικὴν
3266 4994 3507 5071 ἠλικίαν,
3563 4996 3653 5053 καὶ
3707 4998 3873 5074 ἔκρα-

487 5104 656 5164 pner,
694 5091 851 5145 tanto
900 5078 1088 5158 magis
1143 5084 1204 5141 et
1257 5081 1535 5143 efﬁcaciae
1567 5078 1821 5162 Spiritus
1852 5082 1910 5142 in
1943 5083 2040 5143 illo
2072 5100 2135 5143 se

2238 5096 2430 5146 ταιοῦτο
2474 5090 2743 5163 Πνεύματι
2778 5106 2793 5120 ·

2217 5176 2283 5243 ἧν
2344 5179 2432 5234 καὶ
2486 5180 2549 5235 τὸ
2604 5180 2965 5254 πνευματικὸν
3015 5178 3263 5259 χάρισμα
3295 5196 3311 5213 ο
3374 5177 3462 5233 καὶ
3509 5174 3619 5250 ὅσῳ
3672 5174 3878 5252 μᾶλλον

482 5173 897 5247 ostendebant,
962 5187 1182 5247 organo
1233 5169 1464 5231 illarum
1522 5190 1738 5251 capace
1788 5172 2129 5234 exsistente.

481 5265 678 5337 Quae
708 5271 904 5324 autem
936 5268 1063 5320 erat
1107 5260 1161 5319 in
1198 5260 1483 5322 desertis?
1528 5259 1601 5323 Ut
1632 5280 1705 5322 ne
1738 5262 2135 5324 multitudinis

2856 5096 2934 5164 τῷ
3004 5089 3104 5168 γὰρ
3162 5085 3370 5163 σώματι
3427 5084 3875 5163 συναυξανόμενον

2223 5263 2406 5331 ηὔξετο
2465 5270 2492 5324 6
2538 5283 2692 5343 παῖς,
2739 5270 2978 5342 τοσούτῳ
3019 5270 3109 5324 καὶ
3155 5268 3205 5324 αἱ
3240 5273 3333 5325 τοῦ
3376 5268 3681 5344 Πνεύματος
3724 5265 3880 5346 ἐνέρ-

482 5354 721 5415 malitiae
752 5351 1047 5432 particeps
1078 5349 1266 5428 fieret,
1298 5358 1355 5411 et
1392 5358 1453 5411 ut
1484 5351 1786 5412 neminem
1838 5352 2129 5413 reveritus

2238 5377 2355 5431 ςειαι
2412 5354 2755 5414 διεδείκνυντο
2787 5373 2807 5392 ⁶
2866 5364 2961 5414 τοῦ
3017 5358 3243 5437 ὀργάνου
3319 5355 3612 5433 δυναμένου
3672 5370 3880 5437 χωρεῖν

476 5442 664 5503 libere
715 5438 1205 5521 reprehenderet.
1249 5440 1394 5501 Nam
1447 5440 1493 5499 si
1543 5440 1749 5502 fuisset
1780 5441 1840 5501 in
1877 5441 2122 5516 mundo,

2207 5446 2425 5508 ταύτας.
2496 5448 2595 5503 Διὰ
2650 5448 2700 5503 τί
2753 5445 2805 5502 δὲ
2868 5447 2935 5515 ἦν
2978 5446 3033 5503 ἐν
3079 5460 3203 5510 ταῖς
3260 5446 3534 5525 ἐρήμοιςς
3597 5439 3721 5502 ’Ἵνα
3777 5444 3879 5511 ἔξω

472 5530 739 5592 fortassis
761 5528 1189 5590 consuetudine
1220 5529 1545 5590 amicorum
1582 5538 1639 5590 et
1659 5530 1941 5592 societate
1961 5531 2121 5592 coin-

2238 5539 2297 5600 ῆς
2355 5541 2462 5590 τῶν
2521 5535 2737 5594 πολλῶν
2780 5538 2969 5601 κακίας
3014 5534 3200 5616 διάγῃ,
3252 5537 3342 5593 καὶ
3384 5536 3477 5595 ἵνα
3532 5534 3733 5613 μηδένα
3781 5537 3868 5593 αἷ-

473 5622 753 5703 quinatus
781 5618 985 5679 fuisset
1019 5637 1032 5708 ς
1071 5618 1175 5708 sed
1212 5627 1267 5678 et
1300 5619 1495 5679 utfide
1525 5619 1736 5697 dignus
1766 5620 2108 5693 haberetur,

2238 5624 2473 5701 >ύμενος,
2534 5625 2739 5707 ἐλέγχῃ
2810 5626 2945 5704 μετὰ
2997 5625 3294 5704 παῤῥησίας
3325 5646 3337 5659 ·
3407 5628 3451 5683 εἴ
3523 5628 3623 5708 γὰρ
3676 5626 3743 5695 ἧν
3806 5626 3861 5683 ἄν

468 5712 565 5795 qui
600 5710 944 5793 praedicaret
972 5704 1295 5781 Christum,
1323 5715 1523 5787 utpote
1569 5708 1841 5784 eremita,
1871 5709 2106 5791 vitaque

2238 5720 2267 5787 ᾗ
2339 5714 2551 5789 κόσμῳ,
2832 5716 2895 5771 ἂν
2953 5713 3223 5791 ὶμολύνθη
3304 5704 3655 5795 φιλίαιςκαῖ
3726 5736 3856 5772 συν-
