4232 6414
368 331 476 398 721

1098 332 1547 398 ENARRATIO
1590 333 1674 397 IN
1720 324 2232 396 EVANGELIUM
2294 329 2541 392 LUC/l4].
2585 364 2664 374 —
2706 332 2874 395 CAP.
2922 327 3000 391 ΙΙ.

3633 327 3754 392 722

360 469 568 534 ηθείαις
623 467 914 540 ἀνθρώπων
949 484 963 499 ’
1019 466 1134 543 ἅμα
1182 464 1238 521 δὲ
1289 465 1379 522 καὶ
1419 463 1515 520 ’ίνα
1570 461 1874 530 ἀξιόπιστος
1933 460 2017 525 εἴη

2112 458 2411 522 excellens
2440 440 2813 524 alios.Latuit
2836 470 3031 524 autem
3063 461 3123 522 in
3154 461 3430 537 desertis,
3465 463 3656 524 donec
3671 462 3762 522 vi-

364 553 580 629 μέλλων
637 556 756 633 περὶ
811 554 1045 635 Χρεστού
1111 554 1416 633 κηρύττειν,
1489 555 1582 609 οἷα
1640 548 1706 619 δὴ
1763 549 2017 628 ἒρημίτης

2106 565 2234 609 sum
2266 548 2375 611 fuit
2406 550 2528 613 Deo
2547 549 2943 614 Israelitarum
2979 551 3193 633 populo
3233 551 3400 613 illum
3431 552 3757 614 ostenden-

359 646 450 700 καὶ
508 643 640 726 ὑπὲρ
698 645 820 709 τοὺς
896 643 1129 709 πολλοὺς
1206 643 1282 701 ὥν
1315 661 1331 677 '
1380 641 1666 721 ἐκρύπτετο
1708 638 1763 697 δὲ
1799 640 1854 696 ἐν
1897 651 2021 702 ταῖς
2107 636 2247 698 dum
2278 657 2433 703 esse.

363 733 587 812 ἐρήμοις
637 733 800 816 ἄχρις
844 737 905 792 οὗ
947 733 1232 801 εὐδόκησεν
1274 735 1303 790 6
1346 732 1476 797 Θεὸς
1545 729 1812 797 ἀναδεῖξαι
1863 730 2022 789 αὐτὸν

362 830 444 899 τῷ
476 822 784 904 ἰσραηλίτῃ
815 824 953 901 λαῷ,

1006 916 1383 981 KE¢AA.BC

366 1012 489 1091 Περὶ
544 1017 645 1080 τῆς
707 1012 1047 1093 ἀπογραφῆς.

440 1090 657 1173 κετοῢη
710 1090 839 1173 Περί
855 1090 863 1093 ’
919 1090 1025 1151 τῶν
1110 1090 1405 1173 ποιμένων.
1500 1092 1625 1173 Περὶ
1674 1090 2011 1173 ΔΣυι.ι,ε‹ἷι’›νος,

440 1174 565 1251 Περὶ
622 1166 840 1242 ’Ἂννης
911 1178 1011 1241 τῆς
1077 1166 1420 1251 προῴήτιδος.
1492 1166 1616 1250 Περὶ
1674 1166 1852 1238 Ἰησοῦ
1920 1172 2013 1227 εὖ·

432 1252 676 1334 ρεθέντος
711 1255 766 1312 ἐν
800 1252 952 1331 μέσῳ
980 1259 1086 1311 τῶν
1131 1251 1485 1315 διδασκάλων,

442 1367 471 1398 ι
533 1342 782 1423 Ἐγένετο
840 1342 895 1400 δὲ
957 1343 1011 1400 ἰν
1079 1356 1204 1409 ταῖς
1260 1343 1487 1420 ἡμέραις
1546 1341 1792 1421 ἐκείναις,
1827 1338 2011 1409 ἐξῆλθε

352 1432 528 1513 δόγμα
616 1434 761 1512 παρὰ
846 1433 1110 1509 Καίσαρος
1223 1433 1525 1511 Αὐγούστου
1613 1430 2009 1511 ἀπογράφεσθαι

354 1530 531 1580 πᾶσαν
588 1524 687 1590 τὴν
751 1523 1071 1598 οἰκουμένην
1106 1539 1121 1554 ⁶
1186 1522 1322 1590 αὕτη
1378 1523 1412 1590 ἡ
1457 1521 1764 1603 ἀπογραφὴ,
1825 1519 2011 1597 πρώτη

354 1612 564 1691 ὶγὲνετο
605 1611 1026 1691 ἢγεμονεύοατος
1097 1617 1197 1681 τῆς
1276 1612 1468 1692 Συρίας
1562 1611 1817 1691 Κυρηνίου
1849 1624 1864 1639 ⁶
1925 1613 2013 1668 καί

356 1700 669 1780 ἐπορεύοδτο
744 1703 941 1766 πάντες
1034 1701 1432 1783 ἀπογράφεσθαι
1508 1699 1729 1765 ἕκαστος
1782 1700 1856 1764 εἰς
1912 1698 2011 1765 τὴν

353 1762 486 1849 ἰδίαν
535 1790 717 1853 πόλιν.
787 1762 981 1859 Ἀνέϐη
1032 1789 1087 1848 δὲ
1263 1762 1487 1872 ⁸⁴⁹Ιωσὴφ
1550 1791 1656 1848 ἀπὸ
1711 1762 1806 1859 τῆς
1842 1762 2073 1846 ῨΓαλιοθ

355 1880 509 1946 λαίας
564 1881 626 1938 ἐκ
685 1880 895 1945 πόλεως
950 1880 1210 1955 Ναζαρὲτ,
1273 1882 1346 1945 εἷς
1436 1882 1534 1948 τὴν
1608 1878 1880 1955 Ἰουδαίαν,
1941 1880 2012 1945 εἷς

355 1970 511 2028 πόλιν
571 1970 764 2047 Auni"),
826 1969 946 2039 ἥτις
1006 1968 1257 2027 καλεῖται
1317 1968 1575 2047 Βεθλεὲμ,
1620 1968 1705 2026 διὰ
1746 1971 1808 2027 τὸ
1867 1970 2011 2027 εἶναι

352 2061 509 2119 αὐτὸν
567 2059 620 2126 ἐξ
666 2059 821 2118 οἴκου
878 2062 965 2117 καὶ
1034 2066 1260 2139 πατριᾶς
1336 2059 1525 2134 Δαυῖδ,
1604 2059 2009 2139 ἀπογράψασθαι

348 2151 441 2207 σὺν
486 2151 711 2230 Μαριὰμ
752 2157 821 2228 τῇ
898 2149 1347 2227 μεμνηπευμένῃ
1403 2153 1546 2224 αὒτῷ
1585 2150 1814 2228 γυναικὶ,
1876 2148 2006 2225 οὔσῃ

353 2241 532 2318 ἐγκύῳ
559 2255 574 2271 ⁸
630 2239 843 2318 ἐγένετο
901 2239 955 2295 δὲ
998 2239 1053 2295 ἐν
1095 2244 1172 2313 τῷ
1216 2240 1360 2296 εἶναι
1405 2239 1592 2297 αὐτούς
1642 2240 1780 2315 ἐκεῖ,
1834 2236 2010 2308 ἐπλή-

350 2333 520 2397 θησαν
574 2331 625 2385 αἱ
679 2328 879 2408 ἡμέραι
944 2338 1035 2387 τοῦ
1092 2342 1271 2386 τεκεῖν
1326 2330 1490 2398 αὑτήν
1525 2348 1542 2364 ο
1595 2330 1683 2385 καὶ
1730 2326 1875 2385 ἔτεκε
1918 2330 2009 2384 τὸν

356 2422 477 2476 Υίὸν
528 2419 695 2487 αὐτῆς
756 2421 852 2475 τὸν
895 2421 1259 2499 πρωτὸτοκον,
1321 2420 1409 2476 καὶ
1448 2417 1857 2499 ἐσπαργάνωσεν
1906 2419 2005 2474 αὖ·

354 2511 444 2566 τὸν
475 2510 563 2567 καὶ
594 2508 863 2566 ἀνέκλινεν
918 2510 1076 2568 αὐτὸν
1119 2508 1174 2565 ἐν
1231 2514 1299 2585 τῇ
1356 2509 1528 2589 φάτνῃ
1563 2527 1580 2543 ⁶
1631 2507 1763 2564 διότι
1806 2511 1900 2567 οὐκ
1942 2507 2007 2575 ἦν

357 2599 541 2664 αὒτοϊς
576 2600 741 2662 τόπος
803 2598 856 2655 ἐν
907 2606 985 2673 τῷ
1027 2596 1383 2674 καταλύματι.
1419 2618 1448 2658 ›
1506 2598 1603 2654 Διὰ
1639 2604 1785 2654 τοῦτο
1816 2597 2015 2669 γίνεται

352 2689 669 2768 ἀπογραφὴ,
739 2688 833 2745 ’ίνα
913 2688 1128 2744 πάντων
1197 2686 1459 2745 ἐλθόντων
1538 2689 1611 2750 εἷς
1668 2687 1763 2750 τὰς
1821 2686 2013 2750 οἰκείας

363 2776 639 2857 πατρίδας,
701 2776 895 2854 ἀνέλθῃ
937 2778 1025 2834 καὶ
1066 2779 1101 2846 ἡ
1162 2776 1419 2849 Παρθένος
1475 2778 1548 2841 εἷς
1599 2777 1694 2845 τὴν
1746 2774 2010 2852 Βηθλεὲμ,

1136 1014 1260 1092 Περὶ
1340 1017 1434 1069 τοῦ
1515 1015 1616 1077 τῆς
1701 1010 1901 1092 Μαρίας
1928 1031 2017 1066 το-

2656 732 2797 792 285
2840 731 3085 797 CAPUT
3131 732 3204 796 I‘I.

2104 823 2190 887 De
2218 828 2661 909 conscriptione
2685 829 2872 909 orbis.
2913 826 2999 889 De
3032 834 3356 909 puerperio
3404 828 3644 909 Mariae.
3684 828 3760 889 Dc

2181 906 2639 989 pastoribusﬂe
2670 908 2987 989 Symcone.
3023 906 3104 970 De
3134 906 3315 971 Anna
3344 908 3750 989 prophetissa.

2182 985 2265 1047 De
2290 989 2433 1050 Jexu
2464 994 2699 1067 reperto
2721 985 2899 1051 inter
2926 988 3212 1051 doctores.

2184 1077 2493 1143 VensJ-7.
2526 1078 2801 1142 «Factum
2824 1087 2911 1142 est
2936 1088 3132 1142 autem
3156 1080 3217 1141 in
3236 1078 3445 1141 diebus
3470 1078 3760 1150 illis,exiit

2099 1166 2408 1230 decretum
2441 1188 2475 1230 a
2506 1168 2740 1231 Casare
2760 1175 3029 1248 Augusto
3088 1178 3151 1230 ut
3199 1175 3547 1231 censeretur
3596 1177 3754 1231 totus

2096 1254 2257 1316 orbis
2274 1255 2425 1318 Haec
2448 1256 2772 1339 descriptio
2799 1257 2990 1338 prima
3012 1257 3162 1319 facta
3180 1265 3270 1321 est
3297 1255 3546 1337 praeside
3574 1255 3756 1337 Syriae

2095 1341 2347 1424 Cyreno.
2395 1345 2467 1407 Et
2496 1346 2656 1409 ibam
2688 1364 2896 1407 omnes
2928 1355 2991 1407 ut
3017 1347 3460 1427 proﬁterentur,
3496 1344 3558 1405 in
3588 1364 3752 1406 suam

2095 1433 2346 1515 quisque
2388 1435 2702 1497 civitatem.
2756 1437 3041 1498 Ascendit
3092 1444 3289 1497 autem
3345 1442 3406 1496 et
3458 1432 3683 1514 Joseph
3717 1454 3752 1496 a

2097 1522 2332 1586 Galilaea
2364 1526 2439 1586 de
2465 1526 2697 1588 civitate
2728 1525 3012 1588 Nazareth
3045 1526 3108 1587 in
3139 1524 3501 1607 Juilaaampn
3541 1524 3745 1586 civita-

2098 1619 2213 1676 tem
2250 1613 2456 1691 David,
2486 1634 2617 1697 quae
2646 1624 2889 1678 vocatur
2931 1615 3266 1689 Bethleem,
3301 1632 3372 1675 eo
3401 1613 3558 1694 quod
3591 1622 3751 1674 esset

2097 1700 2171 1763 de
2196 1702 2373 1764 domo
2405 1713 2463 1766 et
2491 1704 2714 1767 familia
2734 1704 2939 1780 David,
2973 1714 3039 1767 ut
3060 1704 3442 1786 proﬁteretur
3466 1721 3599 1764 cum
3632 1706 3752 1763 Ma-

2096 1791 2184 1851 ria
2215 1791 2575 1874 desponsata
2604 1795 2716 1855 sibi
2746 1812 3092 1875 uxore,quae
3122 1802 3247 1854 erat
3274 1810 3608 1872 praegnans.
3641 1792 3751 1854 Ac-

2095 1880 2237 1941 cidit
2259 1891 2620 1965 autem,cum
2656 1891 2855 1945 essent
2878 1882 3304 1962 ibi,complecti
3339 1888 3479 1944 sunt
3500 1881 3630 1943 dies
3653 1900 3755 1962 pa-

2088 1970 2378 2041 riendi;et
2402 1973 2631 2053 peperit
2649 1972 2859 2034 Filium
2884 1991 3055 2034 suum
3083 1969 3653 2052 primogenitum,ac
3673 1970 3751 2032 fa-

2092 2059 2229 2120 sciis
2242 2079 2374 2120 eum
2390 2060 3069 2143 involvitreclinavitque
3082 2079 3218 2122 eum
3233 2059 3293 2120 in
3313 2059 3747 2141 praesepi,quod

2092 2168 2209 2210 non
2236 2161 2393 2213 esset
2421 2153 2506 2212 eis
2529 2152 2692 2213 locus
2713 2151 2773 2212 in
2794 2151 3119 2213 diversorio
3154 2174 3176 2207 »
3197 2151 3520 2230 Propterea
3545 2149 3609 2210 ﬁt
3637 2148 3747 2210 de-

2094 2241 2597 2320 scriptio,ut,cum
2622 2260 2831 2304 omnes
2864 2242 2919 2303 in
2954 2259 3091 2301 suas
3123 2240 3341 2319 patrias
3364 2241 3749 2310 irent,ascen-

2092 2329 2263 2391 deret
2308 2328 2565 2409 etVirgo
2599 2332 2657 2392 in
2690 2331 3025 2410 Bethleem,
3062 2349 3191 2411 quae
3223 2330 3351 2409 ejus
3384 2327 3568 2408 patria
3598 2336 3746 2401 erat,

2092 2428 2556 2501 nasccreturque
2616 2420 2702 2481 sic
2754 2420 3045 2482 Dominus
3111 2420 3172 2480 in
3238 2417 3546 2481 Bethleem
3578 2417 3654 2491 ‘3,
3683 2435 3751 2478 ac

2092 2507 2443 2589 impleretur
2457 2509 3101 2590 prophetia.Decebant
3124 2516 3319 2569 autem
3345 2514 3571 2587 ut,cum
3594 2507 3751 2569 Deus

2101 2616 2253 2659 unus
2284 2599 2603 2660 multorum
2652 2600 2901 2661 deorum
2934 2599 3118 2660 cultui
3152 2600 3329 2659 ﬁnem
3366 2604 3525 2658 esset
3552 2595 3748 2675 impo-

2098 2688 2509 2768 siturus,unus
2540 2689 2715 2751 etiam
2746 2708 2874 2766 rex,
2900 2707 3116 2770 nempe
3149 2689 3364 2760 Caesar,
3400 2685 3747 2765 imperaret.

2102 2779 2280 2839 Porro
2315 2779 2581 2840 Christus
2612 2798 2746 2840 cum
2788 2779 3065 2840 omnibus
3087 2776 3465 2839 describitur.
3507 2774 3754 2854 Oportet

364 2870 438 2931 ὼς
494 2868 690 2925 οἰκείαν
753 2866 998 2945 πατρίδα,
1058 2869 1145 2923 καὶ
1202 2866 1340 2923 οὕτω
1413 2866 1584 2948 τέχθῇ
1639 2869 1667 2923 6
1708 2866 1897 2945 Κύριος
1956 2868 2013 2922 ἒν

2098 2867 2255 2929 enim
2285 2867 2458 2929 etiam
2495 2868 2814 2931 Dominum
2848 2887 2982 2931 cum
3016 2876 3137 2930 toto
3179 2865 3328 2928 orbe
3378 2864 3634 2941 censeri,
3688 2874 3750 2924 ut

362 2956 632 3036 Βηθλεὲμ,
676 2958 766 3014 καὶ
822 2955 1083 3033 πληρωθῇ
1123 2957 1159 3025 ἡ
1203 2957 1499 3037 προφητεία
1532 2975 1545 2989 '
1614 2955 1720 3012 ἔδει
1772 2954 1829 3011 δὲ
1882 2962 2014 3012 Θεοῦ

2098 2956 2492 3018 sanctiﬁcaret
2522 2976 2625 3019 eos
2676 2957 2778 3039 qui
2809 2967 3151 3037 censentur,
3206 2955 3591 3034 aboleretque
3620 2972 3752 3015 ser-

358 3048 474 3110 ἑνὸς
534 3044 826 3121 μέλλοντος
876 3051 1073 3102 παῦσαι
1139 3046 1238 3113 τὴν
1295 3044 1606 3125 πολυθεΐαν,
1655 3047 1740 3102 καὶ
1783 3043 1874 3101 ἕνα
1905 3046 2012 3121 βα-

2098 3045 2648 3125 vitutem:quoniam
2665 3049 2815 3109 sicut
2830 3047 3146 3109 circumcis
3158 3064 3219 3106 3s
3231 3043 3748 3106 circumcisionem

354 3136 506 3194 ωλέα
584 3136 869 3215 κρατῆσαι,
960 3136 1053 3191 τὸν
1142 3135 1377 3214 Καίσαρα
1413 3154 1428 3170 ⁶

356 3228 447 3305 καὶ
501 3228 529 3283 6
589 3227 815 3304 Χριστὸς
861 3225 995 3301 μετὰ
1051 3225 1288 3305 πάντων,
1346 3222 1449 3281 ἔδει
1494 3226 1594 3304 γὰρ
1642 3226 1729 3281 καὶ
1769 3224 1861 3280 τόν
1899 3224 2001 3282 K6-

363 3338 501 3396 ριον,
560 3322 630 3392 τῇ
712 3314 996 3391 οἰκουμένῃ
1085 3315 1574 3396 συναπογραφῆναι,
1640 3314 1733 3371 ’ίνα
1811 3314 2010 3392 ἁγιάσῃ

359 3408 479 3469 τοὺς
524 3405 1021 3485 ἀπογραφομένους,
1078 3405 1162 3460 κοὶ
1227 3405 1542 3483 καταργήσῃ
1585 3403 1685 3471 τὴν
1727 3402 1962 3460 δουλείαν
1991 3418 2008 3434 ⁸

359 3496 539 3573 ὥσπερ
595 3497 696 3573 γὰρ
753 3493 1118 3575 περιτμηθεὶς,
1168 3495 1479 3574 κατήργησε
1530 3495 1631 3561 τὴν
1688 3494 2008 3571 περιτομὴν,

361 3585 528 3650 οὕτως
585 3585 911 3664 ἀπογραφεὶς
978 3585 1052 3647 ὡς
1116 3581 1326 3657 δοῦλος,
1385 3584 1695 3663 κατήργησε
1733 3584 1831 3651 τὴν
1888 3581 2011 3639 δου-

360 3674 506 3731 λείαν
548 3674 643 3742 τῆς
702 3675 905 3755 φύσεως
949 3674 1129 3749 ἡμῶν,
1182 3675 1288 3731 Οὔκ
1366 3672 1443 3729 ἔτι
1507 3674 1607 3751 γὰρ
1664 3671 1838 3731 δοῦλοί
1884 3674 2013 3729 εἰσιν

360 3764 672 3843 ἀνθρώπων,
724 3766 770 3820 οἱ
853 3770 931 3837 τῷ
996 3764 1166 3842 Κυρίῳ
1225 3760 1581 3836 δουλεύοντες,
1640 3764 1713 3827 ὡς
1759 3765 1786 3819 6
1838 3759 2011 3820 Ἀπό-

358 3853 548 3918 στολος
607 3851 751 3931 λέγει
786 3870 802 3887 ·
873 3872 894 3907 ι
974 3851 1064 3919 Μὴ
1121 3852 1323 3931 γίνεσθε
1381 3850 1555 3909 δοῦλοι
1602 3851 1890 3932 ἀνθρώπων
1924 3870 1941 3887 ⁶
1982 3873 2006 3911 ι)

357 3943 479 4000 ἀλλ’
530 3945 574 3999 εἰ
632 3944 721 3998 καὶ
794 3945 870 4014 τῷ
912 3939 1122 4016 σώματι
1180 3939 1379 4022 δοῦλοι,
1439 3940 1699 4020 ελείθεροι
1747 3949 1825 4017 τῷ
1854 3942 2017 3998 πνεύ-

363 4055 514 4111 ματι,
566 4032 644 4109 μὴ
687 4038 757 4109 τῇ
800 4026 1015 4103 ἀσεϐείᾳ
1071 4031 1179 4088 τῶν
1227 4030 1496 4088 δεσποτῶν
1564 4032 2015 4111 συναπαγόμενοι,

368 4124 715 4203 Πρωτότοκον
798 4119 854 4178 δὶ
939 4123 1062 4178 Υἱὸν
1146 4122 1391 4199 ὠνόμασε
1473 4127 1573 4189 τῆς
1633 4120 1893 4200 Παρθένου
1930 4124 2018 4178 τὸν

371 4215 582 4294 Κύριον,
667 4213 839 4269 καίτοι
925 4212 1003 4287 μὴ
1086 4210 1325 4291 δευτέρου
1368 4212 1507 4273 τινὸς
1537 4211 1846 4291 τεχθέντος,
1875 4212 2020 4267 εἰκό-

364 4324 470 4366 τως
505 4318 519 4332 ⁶
610 4302 951 4382 πρωτότοκος
1033 4302 1134 4381 γὰρ
1217 4300 1456 4380 λέγεται.
1491 4302 1519 4357 6
1571 4306 1782 4380 πρῶτος
1811 4301 2021 4380 τεχθεὶς

361 4390 461 4448 κᾶν
519 4392 597 4468 μὴ
648 4389 885 4472 δεύτερος
930 4390 1197 4472 ἐπετέχθη
1229 4409 1244 4427 ”
1307 4390 1363 4447 ἐν
1419 4388 1602 4471 φάτνῆ,
1647 4388 1701 4445 δὲ
1757 4388 2017 4447 κατακλί-

358 4504 528 4556 νεται,
575 4482 724 4562 τάχα
753 4481 852 4558 μὲν
909 4485 997 4539 καὶ
1042 4480 1310 4541 εὐτέλειαν
1368 4482 1514 4556 ἡμᾶς
1570 4476 1622 4544 ἒξ
1670 4479 1849 4559 ἀρχῆς
1880 4502 2016 4536 παι-

361 4570 523 4628 δεύων
560 4620 574 4634 ,
641 4571 791 4652 τάχα
860 4568 915 4627 δὲ
981 4571 1070 4628 καὶ
1152 4568 1487 4647 συμϐολικῶς
1573 4567 1844 4643 δεικνύων,
1935 4566 2017 4625 ὅτι

360 4659 669 4737 ἐπεδήμησε
713 4667 790 4735 τῷ
844 4659 1031 4737 κόσμῳ
1087 4660 1284 4735 τούτῳ,
1338 4660 1491 4732 τόπῳ
1559 4654 1670 4715 δ’ντι
1726 4658 1882 4733 ημῶν
1913 4664 2019 4715 τῶν

362 4764 478 4815 τοῖς
539 4748 725 4828 ἀλόγοι
784 4751 1033 4821 κτήνεσιν
1092 4748 1459 4826 ὁμοιωθέντων
1494 4764 1508 4779 ·

362 4840 537 4922 φάτνῃ
568 4839 674 4897 τῶν
704 4838 916 4919 ἀλόγων
987 4841 1184 4905 οἰκεῖος
1235 4838 1420 4913 τόπος,
1455 4835 1595 4894 οὕτω
1623 4838 1711 4893 καὶ
1734 4837 1761 4893 ό
1816 4837 2020 4913 κόσμος

368 4933 523 4992 οὗτος
565 4930 727 5005 ἡμῶν
758 4944 771 4959 ⁸

364 5119 521 5170 τοῦτο
547 5114 766 5169 ενταῦθα
794 5112 1135 5191 παρεγένετο.

452 5227 476 5255 ι
515 5202 614 5259 Καὶ
672 5200 924 5276 ποιμένες
973 5199 1110 5268 ἦσαν
1166 5200 1220 5256 ἐν
1280 5205 1347 5276 τῇ
1377 5201 1534 5279 χώρᾳ
1561 5203 1630 5273 τῇ
1660 5196 1793 5275 αὒτῇ
1821 5198 2022 5278 ἀγραυ-

836 4929 982 4986 ἔστιν
1012 4931 1098 4986 οὖν
1148 4927 1186 4995 ἡ
1248 4928 1445 5009 φάτνῃ,
1480 4927 1509 4983 ὅ
1561 4926 1781 4998 κόσμος
1832 4928 2023 5007 ἡμεῖς,
2078 5004 2079 5007 η

368 5020 436 5076 τα
493 5017 663 5097 ἄλογα
696 5037 711 5052 ⁸
745 5018 837 5075 ἵνα
866 5017 919 5074 δὲ
962 5020 1106 5095 ἡμᾶς
1138 5016 1479 5097 λυτρώσηται
1510 5020 1609 5083 τῆς
1638 5014 1881 5093 ἀλογίας,
1943 5014 2028 5073 διὰ

1521 3135 1882 3216 ἂπογράφεται
1953 3133 2009 3190 δὲ

2098 3136 2350 3197 abolevit
2371 3137 2450 3217 14,
2482 3138 2559 3199 ita
2584 3137 2921 3218 descriptus
2954 3137 3108 3198 sicut
3140 3152 3370 3207 servus,
3406 3132 3746 3194 servitutem

2094 3232 2317 3286 natura:
2342 3226 2556 3287 nostra
2583 3226 2864 3289 abolevit.
2892 3228 3022 3289 Non
3055 3223 3220 3286 enim
3253 3222 3408 3284 ultra
3436 3230 3572 3283 sunt
3594 3222 3749 3283 servi

2094 3315 2429 3389 hominum,
2468 3316 2567 3396 qui
2617 3317 2867 3380 Domino
2913 3314 3200 3387 serviunt,
3232 3312 3386 3373 sicut
3427 3312 3748 3393 Apostolus

2095 3403 2505 3467 dicituNolite
2537 3405 2667 3467 ﬁeri
2684 3406 2843 3467 servi
2876 3404 3272 3466 hominum”:
3306 3428 3331 3458 »
3371 3401 3475 3464 sed
3503 3401 3745 3464 tametsi

2096 3511 2346 3575 corpore
2374 3494 2562 3557 simus
2591 3496 2771 3569 servi,
2805 3494 3013 3575 spiritu
3066 3503 3266 3554 tamen
3297 3510 3504 3553 sumus
3544 3490 3743 3567 liberi,

2100 3602 2295 3664 neque
2326 3604 2457 3645 cum
2494 3585 2799 3666 impietate
2848 3583 3227 3646 dominorum
3286 3581 3461 3643 simul
3496 3580 3745 3643 abduci-

2102 3691 2260 3736 mur.
2291 3672 2755 3753 Primogenitum
2802 3692 2939 3735 vero
2987 3672 3195 3736 Filium
3260 3671 3586 3733 nominavit
3614 3669 3749 3732 Vir.

2098 3763 2253 3842 ginis
2300 3762 2642 3839 Dominum,
2679 3763 2945 3845 quamvis
3000 3763 3227 3824 nullum
3280 3760 3608 3823 secundum
3642 3779 3741 3841 pe-

2100 3854 2272 3932 perit.
2307 3853 2490 3935 quue
2550 3855 2783 3917 merito.
2816 3852 3253 3932 Primogenitus
3305 3850 3463 3913 enim
3506 3849 3746 3930 dicitur,

2101 3942 2200 4024 qui
2224 3943 2450 4024 primus
2474 3953 2646 4008 natus
2694 3943 3046 4019 est,etiamsi
3082 3961 3201 4004 non
3236 3948 3514 4003 nascatur
3545 3947 3751 4020 postea

2102 4032 2420 4096 secundus.
2446 4032 2509 4095 In
2543 4034 2899 4114 praesepium
2932 4041 3127 4094 autem
3160 4029 3752 4123 reclinatumforte'ut

2104 4123 2301 4183 statim
2352 4124 2428 4185 ab
2478 4123 2645 4184 initio
2691 4124 2824 4185 vitae
2872 4122 3266 4201 frugalitatem
3322 4120 3429 4179 nos
3459 4120 3746 4181 doceret:

2105 4213 2255 4272 forte
2287 4212 2462 4274 etiam
2489 4212 2739 4295 quodam
2764 4212 3029 4293 symbolo
3060 4209 3378 4271 declaravit
3403 4208 3559 4289 quod
3586 4226 3756 4288 ρει-ε-

2105 4300 2368 4381 grinatus
2397 4301 2472 4362 sit
2506 4302 2565 4365 in
2600 4302 2711 4363 hoc
2737 4302 2981 4374 mundo,
3019 4301 3119 4381 qui
3177 4300 3343 4360 locus
3386 4305 3587 4359 noster
3636 4304 3750 4377 est,

2103 4395 2201 4471 qui
2251 4390 2439 4451 brutis
2490 4390 2892 4452 animantibus
2945 4388 3265 4467 comparati
3313 4405 3539 4447 sumus.
3588 4384 3754 4448 Sicut

2101 4479 2259 4542 enim
2298 4499 2563 4561 praesepe
2595 4479 2873 4560 proprius
2898 4479 3201 4540 brutorum
3238 4478 3401 4538 locus
3432 4474 3630 4548 est,ita
3654 4494 3758 4536 no-

2101 4568 2195 4632 bis
2256 4569 2419 4631 locus
2464 4570 2741 4650 proprius
2796 4576 2886 4632 est
2944 4568 3224 4632 mundus;
3261 4565 3518 4626 mundus
3558 4564 3754 4644 itaque

2102 4676 2368 4740 praesepe
2394 4667 2505 4735 est,
2541 4678 2648 4720 nos
2681 4677 2821 4720 vero
2852 4657 3025 4719 bruta
3059 4676 3072 4719 :
3109 4670 3173 4716 ut
3202 4666 3405 4717 autem
3449 4670 3557 4735 nos
3588 4652 3751 4712 redi-

1587 4746 1767 4825 ὥσπερ
1823 4749 1924 4827 γὰρ
1980 4749 2014 4815 ἡ

2102 4756 2291 4810 meret
2329 4748 2678 4811 abrutorum
2711 4767 2889 4809 sensu
2924 4757 2982 4809 et
3016 4744 3536 4812 irrationibilitate,
3565 4759 3751 4822 prop-

2107 4847 2312 4920 pterea
2340 4846 2398 4899 et
2423 4838 2551 4920 ipse
2581 4838 2681 4900 tali
2712 4839 2839 4901 loco
2874 4838 2982 4901 fuit
3013 4836 3354 4902 reclinatus.

2194 5201 2374 5262 νεεδ.
2412 5199 2586 5262 8-14.
2619 5196 2725 5259 «Et
2749 5204 3012 5289 pastores
3043 5208 3210 5289 erant
3230 5198 3291 5259 in
3323 5198 3528 5289 regipe
3550 5197 3759 5261 eadem

365 5292 612 5371 λοῦντες,
672 5292 761 5347 καὶ
810 5289 1167 5371 φυλάσσοντες
1226 5289 1461 5371 φυλακὰς
1516 5292 1617 5355 τῆς
1685 5289 1873 5351 νυκτὸς
1940 5287 2017 5344 hri

2110 5288 2489 5360 rusticantes,
2524 5296 2580 5349 et
2610 5287 2973 5350 excubantes
3031 5287 3316 5350 excubias
3371 5287 3547 5350 nocte
3579 5307 3763 5368 super

360 5383 466 5449 τὴν
523 5380 758 5458 ποίμνην
815 5382 1011 5451 αὐτῶν,
1072 5382 1162 5438 καὶ
1215 5378 1325 5437 ἰδοὺ
1384 5376 1614 5457 ἄγγελος
1671 5378 1858 5455 Κυρίου
1924 5378 2023 5435 ἐπ-

368 5472 500 5539 έστη
560 5474 744 5535 αὐτοῖς
778 5486 795 5503 ’
846 5473 934 5528 καὶ
990 5467 1112 5536 δόξα
1172 5470 1356 5550 Κυρίου
1395 5466 1757 5547 περιέλαμψεν
1788 5466 1975 5533 αύτούς
2010 5484 2024 5499 ’

2110 5396 2346 5458 gregem
2372 5396 2543 5439 suum
2580 5397 2593 5438 :
2629 5388 2686 5439 et
2702 5396 2843 5439 ecce
2873 5378 3117 5458 angelus
3152 5378 3388 5441 Domini
3419 5378 3760 5461 astititillis,

2113 5479 2171 5531 et
2200 5467 2437 5530 claritas
2463 5467 2708 5533 Domini
2739 5468 3133 5533 circumfulsit
3155 5469 3313 5544 illos,
3349 5477 3408 5532 et
3438 5469 3770 5533 timuerunt

454 5640 515 5692 ‘3
547 5638 737 5706 lich.
768 5655 831 5719 v,
855 5636 918 5704 2.
1002 5637 1062 5691 ἰ
1088 5638 1279 5705 Galat.
1308 5657 1366 5718 ν,
1392 5639 1453 5703 3.
1538 5636 1602 5690 ’ὅ
1627 5636 1811 5703 IGor.
1846 5651 1973 5719 vm,
2005 5638 2107 5702 23.
