4232 6438
468 372 590 441 728

472 616 615 662 ecce
652 598 810 661 enim
843 597 1134 659 annuntio
1155 596 1323 658 vobis
1348 594 1631 675 gaudium
1654 594 1795 654 286
1824 610 2129 674 magnum,

473 688 627 769 quod
661 688 924 748 futurum
958 694 1052 747 est
1079 686 1183 748 toti
1207 686 1452 768 populo,
1483 685 1622 765 quia
1650 693 1822 746 natus
1857 694 1943 745 est
1967 682 2131 743 vobis

470 776 651 838 hodie
676 775 980 849 Servator,
1014 777 1116 856 qui
1148 786 1238 837 est
1262 775 1540 838 Christus
1561 774 1873 853 Dominus,
1908 774 1966 834 in
1990 771 2131 833 civi-

470 872 593 929 tate
617 864 823 928 David.
852 867 926 929 Et
954 865 1066 928 hoc
1088 866 1254 928 vobis
1281 865 1514 944 signum
1547 883 1560 927 :
1586 862 1905 928 Invenietis
1930 861 2129 923 infan-

470 963 588 1017 tem
639 955 843 1016 fasciis
890 954 1241 1029 involutum,
1300 952 1558 1034 positum
1607 953 1664 1013 in
1718 952 1991 1033 praesepi.
2059 954 2129 1015 Et

470 1043 667 1105 subito
700 1045 852 1105 facta
882 1053 973 1107 est
1005 1062 1140 1106 cum
1173 1043 1385 1122 angelo
1412 1040 1730 1104 multitudo
1756 1041 1982 1102 militiae
2002 1056 2127 1102 cm-

475 1132 646 1195 lestis
668 1133 1036 1195 laudantium
1074 1132 1294 1203 Deum,
1325 1150 1392 1194 ac
1422 1130 1746 1193 dicentium
1778 1152 1792 1191 :
1826 1130 2031 1193 Gloria
2070 1129 2129 1190 in

473 1221 779 1284 altissimis
802 1221 951 1298 Deo,
985 1231 1040 1284 et
1070 1223 1132 1283 in
1168 1231 1327 1284 terra
1358 1240 1490 1301 pax,
1525 1221 1584 1281 in
1608 1219 1947 1282 hominibus
1978 1219 2133 1280 bena

473 1311 767 1373 voluntas.
789 1333 817 1373 ι
856 1315 1133 1375 Pastores
1165 1320 1337 1373 erant
1366 1310 1745 1383 rusticantes,
1781 1310 1893 1370 hoc
1928 1318 2016 1370 est
2038 1306 2133 1369 vel

476 1401 759 1463 rusticam
796 1410 1042 1481 agentes
1071 1400 1272 1477 vitam,
1306 1400 1392 1461 vel
1419 1400 1478 1460 in
1507 1418 1651 1477 agro
1683 1399 2050 1460 stabulantes
2074 1404 2132 1459 et

475 1499 785 1552 versantes
820 1509 833 1554 :
876 1489 1096 1571 quibus
1142 1499 1391 1570 apparet
1417 1488 1687 1567 angelus,
1724 1496 1964 1569 propter
1994 1486 2134 1547 sim-

477 1577 794 1658 plicitatem
815 1589 875 1642 et
896 1579 1299 1642 innocentiam
1328 1597 1558 1639 morum
1591 1578 1816 1658 etquod
1830 1577 2131 1657 justorum

472 1665 651 1728 vitam
682 1667 901 1730 imitari
927 1668 1267 1731 videantur.
1298 1666 1535 1727 Etenim
1570 1666 1750 1747 prisci
1778 1664 2131 1745 patriarchae

478 1764 742 1835 pastores
764 1766 952 1839 erant,
988 1766 1052 1820 ut
1085 1757 1269 1819 Jacob
1297 1756 1381 1836 ίϐ,
1416 1756 1629 1838 Moses,
1687 1755 1891 1819 David.
1925 1754 2131 1835 Neque

475 1844 536 1906 in
566 1845 891 1909 Jerusalem
926 1846 1199 1928 apparuit
1243 1845 1562 1909 Pbarisaeis
1592 1845 1681 1907 vel
1733 1843 1980 1924 Scribis,
2027 1844 2131 1923 qui

478 1934 673 1995 omnis
706 1936 945 1998 malitia:
998 1935 1382 2017 receptacula
1416 1942 1607 1996 erant.
1642 1933 1734 1995 Illi
1762 1942 1959 1996 autem
1996 1952 2130 1995 cum

476 2024 779 2104 simplices
814 2034 1035 2101 essent,
1071 2024 1287 2086 divinis
1319 2023 1676 2104 spectaculis
1728 2022 1891 2104 potiti
1946 2029 2082 2083 sunt
2112 2042 2127 2083 :

478 2121 845 2177 monstrante
876 2114 1019 2189 Deo,
1051 2115 1210 2195 quod
1245 2114 1440 2175 statim
1472 2112 1545 2174 ab
1593 2112 1759 2175 initio
1795 2130 1897 2174 eos
1929 2129 2130 2191 agres-

477 2201 658 2265 tiores
718 2222 839 2283 prae
886 2204 1018 2266 aliis
1078 2204 1349 2283 elegerit,
1417 2220 1841 2283 praeconesque
1903 2202 2131 2263 fecerit.

477 2291 769 2354 Abierunt
797 2297 981 2368 enim,
1016 2305 1074 2355 et
1120 2294 1194 2356 de
1225 2291 1508 2355 omnibus
1560 2292 1677 2353 illis
1709 2290 2129 2373 praedicarunt.

478 2379 739 2459 Angelus
802 2399 941 2443 vero
975 2400 1252 2461 magnum
1315 2380 1432 2442 illis
1483 2379 1764 2460 gaudium
1830 2379 2131 2457 evangeli-

478 2468 656 2545 zavit,
689 2469 846 2550 quod
878 2472 1014 2551 erit,
1048 2470 1261 2550 inquit,
1296 2468 1461 2531 omni
1486 2468 1727 2549 populo,
1766 2469 1864 2549 qui
1895 2469 2133 2548 proprie

483 2557 736 2639 papulus
768 2558 1037 2622 Dei.Non
1069 2560 1226 2621 enim
1258 2577 1467 2621 omnes
1494 2556 1682 2618 Judaei
1717 2557 1968 2637 populus
1999 2555 2130 2619 Dei.

480 2647 626 2707 Nam
659 2655 717 2708 et
747 2647 1015 2708 omnium
1046 2649 1352 2709 hominum
1410 2648 1625 2728 populo
1678 2645 2003 2707 incarnatio
2026 2645 2134 2708 Dei

479 2736 633 2798 facta
656 2746 747 2799 est
776 2736 1080 2816 gaudium.
1108 2736 1259 2809 Quid
1290 2744 1484 2801 autem
1515 2738 1763 2817 hymnus
1786 2735 2131 2814 angelorum

479 2824 773 2887 declarat?
797 2825 905 2888 Vel
937 2826 1180 2888 omnino
1207 2826 1528 2906 gratiarum
1573 2827 1865 2886 actionem
1915 2844 2131 2906 super-

480 2933 691 2976 norum
726 2915 1116 2986 exercituum,
1154 2923 1212 2976 et
1242 2914 1549 2995 gaudium,
1580 2933 1649 2974 eo
1705 2913 1860 2994 quod
1910 2914 2135 2976 terreni

1446 370 2048 439 THEOPHYLAGTI
2088 369 2503 433 BULGARI/E
2544 366 2907 432 ARCHIEP.

470 511 691 574 tlmore
719 506 1197 589 magno.Etdixit
1225 507 1346 570 illis
1375 506 1621 586 angelus
1653 526 1668 566 :
1699 504 1787 566 Ne
1816 504 2075 565 timeatis
2112 525 2125 569 :

2213 506 2300 561 καὶ
2353 502 2693 583 εφοϐήθησαν
2752 500 2914 582 φόϐον
2957 502 3127 580 μέγαν
3162 517 3174 533 ⁶

3740 366 3861 431 724

3252 504 3338 559 καὶ
3407 503 3562 559 εἶπεν
3608 503 3792 568 αὐτοῖς
3836 505 3866 559 6

2215 592 2441 672 ἄγγελος
2478 612 2491 625 ·
2542 594 2632 661 Μὴ
2676 591 2921 673 φοϐεῖσθε
2956 608 2971 623 ⁸
3018 591 3124 648 ἰδοὺ
3168 592 3271 671 γὰρ
3303 590 3705 671 εῦαγγελίζομαι
3734 594 3867 668 ὑμῖν

2215 683 2390 763 χαρὰν
2438 679 2702 763 μεγάλην,
2762 680 2880 749 ἥτις
2938 680 3083 738 ἔσται
3134 682 3290 738 παντὶ
3320 689 3398 754 τῷ
3424 680 3561 759 λαῷ,
3596 681 3683 738 ὅτι
3743 681 3865 738 ἐτέ-

2215 775 2324 850 χθη
2369 774 2498 847 ὑμῖν
2550 773 2784 851 σήμερον
2828 771 3041 850 Σωτὴρ,
3091 772 3149 835 ὃς
3211 771 3321 827 ἐστι
3366 773 3588 842 Χριστὸς
3649 772 3862 850 Κύριος,

2215 861 2270 918 ἐν
2298 860 2451 918 πόλει
2486 858 2647 918 Δαϐίδ
2681 876 2695 891 ⁸
2734 862 2823 918 καὶ
2853 859 3009 917 τοῦτο
3038 862 3168 936 ὑμῖν
3210 862 3271 917 τὸ
3300 874 3531 936 σημεῖον
3552 876 3566 890 ⁸
3603 863 3866 939 Εὑρήσετε

2213 949 2404 1030 βρέφος
2460 949 2960 1029 ἐσπαργανωμένον,
3041 951 3284 1024 κείμενον
3369 949 3423 1006 ἐν
3506 958 3575 1027 τῇ
3645 951 3816 1029 φάτνῃ
3845 967 3865 987 ⁶

2210 1041 2299 1097 καὶ
2349 1039 2594 1120 ἐξαίφνης
2639 1039 2850 1119 ἐγένετο
2908 1040 3000 1097 σὺν
3057 1046 3135 1113 τῷ
3192 1039 3407 1119 ἀγγέλῳ
3462 1038 3663 1107 πλῆθος
3696 1062 3864 1120 στρα-

2210 1135 2326 1192 τιᾶς
2384 1130 2647 1206 οὐρανίου,
2736 1128 3018 1186 αἰνούντων
3076 1129 3167 1184 τὸν
3240 1130 3369 1185 Θεὸν
3422 1131 3507 1185 καὶ
3549 1128 3812 1208 λεγόντων
3846 1145 3857 1157 ·

2217 1217 2352 1284 Δόξα
2401 1217 2455 1274 ἐν
2512 1219 2751 1294 ὑψίστοις
2796 1225 2913 1293 Θεῷ
2944 1236 2960 1251 ⁸
3021 1218 3110 1274 καὶ
3167 1217 3253 1274 ἰπὶ
3297 1219 3398 1298 γῆς
3431 1220 3637 1296 εἰρήνη,
3671 1222 3726 1276 ἓν
3768 1220 3868 1274 ἁν-

2219 1308 2448 1387 θρώποις
2521 1306 2749 1370 εύδοκία,
2806 1331 2834 1362 ι»
2923 1306 3178 1383 Ποιμένες
3253 1309 3390 1376 ἦσαν
3461 1308 3861 1388 ἀγραυλοῦντες,

2218 1397 2510 1472 τουτέστιν,
2572 1397 2853 1476 ἀγροτικὸν
2944 1394 3244 1467 αὐλοῦντες,
3314 1398 3351 1466 ἢ
3408 1397 3461 1454 ἐν
3552 1406 3629 1473 τῷ
3720 1400 3869 1478 ἀγρῷ

2219 1487 2549 1561 αὒλιζόμενοι
2602 1488 2689 1543 καὶ
2757 1484 3025 1563 διάγοντες
3056 1501 3070 1515 '
3145 1484 3472 1566 ἐπιφαίνεται
3537 1484 3592 1544 δὲ
3661 1489 3868 1551 τούτοις

2219 1579 2246 1633 6
2282 1575 2529 1656 ἅγγελος,
2597 1573 2681 1632 διὰ
2723 1576 2784 1631 τὸ
2829 1572 3099 1635 ἄπλαστον
3156 1582 3249 1631 τοῦ
3305 1575 3460 1644 ἤθους
3507 1580 3595 1633 καὶ
3644 1575 3865 1638 ἄκακον,

2214 1664 2364 1725 Ἐπεὶ
2418 1666 2505 1723 καὶ
2554 1665 2653 1733 τὴν
2707 1666 2815 1721 τῶν
2857 1662 3070 1721 δικαίων
3120 1663 3391 1721 πολιτείαν
3449 1666 3720 1745 φαίνονται
3769 1691 3867 1743 μι-

2215 1757 2467 1833 μούμενοι
2496 1772 2514 1789 ⁸
2574 1756 2660 1812 καὶ
2700 1755 2799 1834 γὰρ
2853 1756 2901 1810 οἱ
2960 1752 3202 1831 παλαιοὶ,
3263 1754 3535 1831 ποιμένες,
3583 1758 3629 1814 οἱ
3670 1779 3868 1836 πατρι-

2213 1847 2401 1927 άρχαι,
2435 1842 2651 1924 Ἰακὼϐ,
2685 1849 2905 1918 Μωσῆς,
2958 1841 3142 1906 Δαϐίδ.
3204 1846 3277 1902 Οὗ
3308 1846 3406 1922 γὰρ
3436 1839 3870 1926 ἐν.Ἰερουσαλὴμ

2215 1937 2452 2017 ἐπεφάνη
2509 1935 2817 2014 Φαρισαίοις
2900 1934 2937 2003 ἢ
3014 1940 3392 2013 Γραμματεῦσι
3430 1952 3443 1965 ·
3530 1939 3706 2005 πάσης
3769 1939 3868 2016 γὰρ

2213 2026 2473 2105 πονηρίας
2533 2022 2729 2104 δοχεϊα
2800 2027 2999 2080 ἒκεϊνοι
3037 2040 3049 2053 ⁸
3112 2022 3254 2080 οὗτοι
3338 2021 3393 2079 δὲ
3459 2024 3639 2083 ἄδολοι
3694 2025 3865 2106 ὀντες,

2214 2114 2365 2171 θείων
2420 2114 2701 2190 θεαμάτων
2773 2112 3077 2180 ὗξιώθησαν
3112 2128 3126 2143 ⁸
3191 2110 3489 2180 δεικνύντος
3562 2122 3655 2172 τοῦ
3713 2124 3866 2197 Θεοῦ,

2217 2202 2297 2260 ὅτι
2354 2204 2477 2269 τοὺς
2533 2202 2935 2282 ἀγροικοτέρους
2980 2208 3091 2258 τῶν
3150 2200 3350 2279 ἄλλων,
3407 2202 3553 2269 εὐθὺς
3604 2203 3658 2270 ἒξ
3690 2205 3869 2285 ἀρχῆς

2215 2291 2484 2360 ἐξελέξατο
2546 2294 2635 2349 καὶ
2719 2293 2950 2371 κήρυκας
3012 2289 3260 2358 ἐποίησεν
3288 2309 3302 2325 ⁸
3377 2291 3695 2359 ἀπελθόντες
3769 2296 3869 2372 γὰρ

2216 2382 2473 2462 ἐκήρυξαν
2525 2384 2645 2462 περὶ
2702 2383 2915 2439 πάντων
2970 2382 3170 2439 τούτων
3199 2401 3213 2416 ·
3277 2381 3659 2461 εὐηγγελίσατο
3729 2381 3783 2440 δὲ.
3839 2387 3867 2441 6

2216 2471 2445 2551 ἄγγελος
2477 2472 2653 2553 χαρὰν
2711 2470 2978 2549 μεγάλην,
3040 2469 3156 2538 ἥτις
3206 2470 3377 2545 ἔσται,
3410 2473 3561 2551 φησὶ,
3594 2475 3751 2530 παντὶ
3792 2480 3869 2546 τῷ

2215 2560 2354 2637 λαῷ,
2414 2565 2492 2636 τῷ
2539 2561 2726 2640 κυρίως
2785 2560 2900 2636 λαῷ
2941 2568 3032 2618 τοῦ
3076 2568 3208 2617 Θεοῦ
3242 2575 3257 2591 ⁵
3323 2561 3381 2616 οὗ
3430 2563 3624 2628 πάντες
3678 2565 3777 2643 γὰρ
3819 2566 3867 2621 οἱ

2217 2649 2493 2730 Ἰουδαῖοι,
2552 2649 2680 2715 λαὸς
2734 2658 2826 2707 τοῦ
2884 2657 3037 2710 Θεοῦ.
3107 2648 3274 2708 Ἀλλὰ
3314 2652 3402 2708 καὶ
3445 2654 3602 2708 παντὶ
3643 2661 3719 2729 τῷ
3759 2658 3865 2711 τῶν

2216 2741 2503 2819 ἀνθρώπων
2548 2739 2663 2813 λαῷ
2719 2740 2865 2820 χαρὰ
2915 2739 3126 2819 ἐγένετο
3178 2741 3212 2808 ἡ
3258 2743 3519 2818 σαρκωσις
3562 2748 3653 2799 τοῦ
3706 2748 3861 2802 Θεοῦ.

2217 2832 2277 2888 Τί
2306 2828 2360 2885 δὲ
2392 2828 2552 2897 δηλοῖ
2582 2832 2609 2885 6
2640 2829 2802 2905 ὕμνος
2832 2835 2939 2885 τῶν
2970 2828 3212 2908 ἀγγέλων
3247 2852 3264 2904 ;
3303 2820 3363 2887 Ἠ
3398 2830 3606 2894 πάντως
3638 2830 3863 2910 εὔχαρι-

2217 2920 2364 2975 στίαν
2394 2925 2498 2976 τῶν
2557 2918 2667 2974 ἄνω
2721 2918 3011 2997 ταγμάτων
3056 2921 3141 2975 καὶ
3199 2920 3399 2999 χαρὰν,
3459 2917 3594 2975 διότι
3639 2919 3865 2998 εῦηργε-

481 3003 779 3065 beneticia
820 3013 979 3066 tanta
1036 3022 1501 3085 consequamur.
1536 3002 1739 3067 Gloria
1771 3003 1930 3065 enim
1982 3003 2130 3080 Deo,

2215 3011 2453 3085 τήθημεν
2512 3011 2558 3065 οἱ
2614 3007 2700 3065 ἐπὶ
2769 3008 2865 3076 τῆς
2910 3011 3037 3087 γῆς.
3095 3008 3231 3075 Δόξα
3269 3010 3368 3089 γὰρ
3397 3016 3474 3084 τῷ
3505 3016 3645 3090 Θεῷ,
3690 3012 3869 3090 φασὶν,

480 3092 723 3156 dicunt:
758 3112 939 3174 super
968 3102 1183 3155 terram
1215 3102 1411 3154 autem
1445 3111 1554 3182 pax
1600 3110 1758 3155 nunc
1811 3092 1962 3153 facta
1995 3099 2125 3169 est;

2216 3096 2300 3153 ἐπὶ
2344 3103 2446 3176 γῆς
2490 3099 2589 3177 γὰρ
2632 3100 2815 3177 εἰρήνη
2875 3109 2962 3157 νῦν
3021 3098 3207 3177 γέγονε
3243 3116 3258 3132 ⁸
3304 3100 3490 3174 πρώην
3535 3100 3634 3174 μὲν
3696 3101 3796 3179 γὰρ
3835 3102 3870 3169 ἡ

479 3189 538 3244 et
567 3202 700 3247 cum
737 3182 899 3263 prius
930 3184 1188 3245 humana
1216 3190 1426 3244 natura
1474 3181 1719 3243 inimica
1766 3182 1940 3244 fuerit
1976 3182 2121 3257 Deo,

2213 3186 2514 3268 ἀνθρωπίνη
2574 3189 2723 3269 φύσις
2802 3187 2996 3267 ἔχθραν
3079 3188 3207 3267 εἶχε
3292 3188 3423 3267 πρὸς
3499 3188 3627 3245 Θεόν
3666 3204 3679 3219 ⁸

482 3291 639 3334 nunc
668 3272 750 3334 ita
780 3272 1092 3335 conciliata
1121 3281 1232 3347 est,
1266 3280 1410 3334 utet
1439 3271 1565 3334 Deo
1615 3272 1893 3351 adjuncta
1940 3274 2038 3347 sit,
2073 3280 2131 3334 et

2213 3274 2267 3330 δὲ
2354 3279 2604 3334 τοσοῦτον
2696 3276 3037 3357 κατηλλάγη,
3125 3277 3263 3333 ὥστε
3347 3278 3434 3333 καὶ
3519 3275 3869 3356 προσεπλᾶιιη

476 3362 782 3424 incarnato
817 3362 1005 3426 unita.
1039 3360 1222 3424 Vides
1247 3362 1423 3440 igitur
1462 3380 1664 3441 pacem
1698 3360 1804 3423 Dei
1837 3381 1972 3423 cum
2015 3363 2127 3424 ho-

2213 3371 2289 3439 τῷ
2374 3374 2512 3441 Θεῷ,
2601 3368 2688 3422 καὶ
2792 3366 2972 3434 ἠνώθη
3056 3365 3199 3441 αὐτῷ
3280 3366 3622 3443 καρκωθέντι.
3713 3358 3869 3447 Ὀρᾷς

478 3450 671 3513 mine?
700 3450 771 3512 Et
818 3452 992 3513 aliter
1019 3470 1260 3533 quoque
1290 3450 1678 3527 intelligitur:
1709 3471 1816 3531 pax
1859 3461 1947 3513 est
2001 3452 2129 3533 ipse

2214 3459 2303 3513 οῦν
2376 3458 2590 3534 εἰρήνην
2655 3464 2750 3514 τοῦ
2804 3458 2936 3512 Θεοῦ
3003 3458 3134 3535 πρὸς
3199 3456 3289 3511 τὸν
3365 3452 3680 3535 ἄνθρωπον,
3765 3458 3869 3516 Καὶ

480 3541 666 3603 Filius
687 3539 817 3603 Dei.
850 3540 971 3620 Ego
1000 3540 1185 3617 enim,
1219 3539 1436 3622 inquit,
1457 3543 1600 3605 Pax.
1635 3539 1751 3602 Ista
1781 3542 1960 3620 igitur
1993 3560 2127 3622 pax,

2213 3544 2387 3610 ἄλλως
2452 3545 2507 3602 δὲ
2562 3550 2881 3615 νοηθήσεται
2922 3561 2936 3575 ⁵
3016 3547 3214 3625 Εἰρήνη
3275 3545 3423 3603 ἒστίν
3469 3545 3625 3610 αὑτὸς
3676 3549 3703 3603 6
3749 3550 3869 3613 Υἱὸς

476 3629 660 3693 Filius
691 3630 825 3703 Dei,
860 3629 1127 3710 inquam,
1152 3648 1333 3710 super
1366 3644 1583 3691 terram
1633 3632 1784 3691 facta
1834 3640 1944 3694 est.
1973 3632 2129 3695 Etin

2213 3642 2301 3693 τοῦ
2361 3645 2494 3695 Θεοῦ
2525 3651 2539 3665 ⁶
2591 3636 2736 3715 Ἐγὼ
2787 3637 2912 3715 γαρ,
2969 3639 3151 3717 φησὶν,
3220 3638 3254 3704 ἡ
3321 3637 3504 3714 εἰρήνη
3542 3653 3555 3667 ·
3604 3636 3735 3704 αὕτη
3781 3641 3869 3694 οὖν

477 3717 826 3779 hominibus
877 3717 1034 3779 bona
1077 3718 1354 3780 voluntas
1385 3720 1490 3781 *7:
1545 3720 1657 3780 hoc
1705 3729 1817 3800 est,
1861 3719 1967 3781 Dei
2026 3738 2129 3783 re-

2213 3727 2246 3793 ἡ
2308 3727 2515 3805 εἰρήνη,
2573 3727 2601 3782 6
2662 3728 2780 3790 Υἱὸς
2837 3733 2927 3782 τοῦ
2994 3725 3146 3800 Θεοῦ,
3214 3724 3301 3781 ἐπὶ
3361 3731 3463 3803 γῆς
3524 3725 3734 3805 γέγονε,
3780 3720 3871 3783 καὶ

478 3810 670 3891 quies.
703 3811 1014 3891 Requievit
1040 3811 1197 3871 enim
1229 3810 1353 3873 sive
1382 3811 1741 3873 refocillatus
1773 3821 1861 3873 est
1884 3832 2043 3875 nunc
2075 3821 2131 3874 et

2213 3813 2265 3870 ὲν
2327 3828 2440 3878 τοῖς
2514 3814 2808 3895 ἀνθρώποις
2889 3812 3117 3887 εὐδοκία,
3177 3813 3452 3871 τουτέστιν
3509 3815 3869 3880 ἐπανάπαυσις

478 3898 635 3962 bene
673 3899 907 3961 habitus
962 3901 1025 3961 in
1071 3899 1455 3962 hominibus:
1487 3920 1625 3961 nam
1682 3900 1846 3981 prius
1890 3902 2131 3981 quidem

2218 3909 2313 3958 τοῦ
2369 3909 2524 3982 Θεοῦ,
2570 3903 2907 3970 ἐπανεπαύθη
2964 3904 3063 3981 γὰρ
3121 3905 3148 3959 ὁ
3225 3904 3354 3965 Θεὸς
3419 3910 3505 3959 νῦν
3547 3905 3634 3959 καὶ
3676 3903 3867 3982 εῦηρε-

476 4007 597 4054 non
628 3989 741 4051 sibi
772 3989 1271 4072 complacuit,uec
1300 3989 1520 4053 bonum
1546 3992 1817 4055 allectum
1846 3992 2051 4054 habuit
2073 3992 2131 4054 in

2220 3993 2389 4062 στήθη
2423 3992 2477 4049 ἐν
2522 4006 2639 4057 τοῖς
2672 3994 2987 4069 ἀνθρώποις,
3033 3994 3089 4055 ὃς
3119 3993 3306 4072 πρώην
3364 4013 3447 4072 γε,
3511 3994 3603 4051 οὐκ
3632 3992 3865 4075 ηὒδόκει,

3763 3183 3871 3244 νυνὶ

476 4078 850 4152 hominibus.

556 4167 741 4231 Vens.
784 4170 993 4233 15-20.
1043 4196 1061 4223 ο
1101 4168 1174 4233 Ει
1202 4170 1420 4233 factum
1455 4180 1569 4245 est,
1604 4178 1667 4232 ut
1728 4171 2135 4235 disc<sserunt

472 4256 548 4320 ab
574 4258 662 4320 eis
674 4258 871 4337 angeli
889 4258 951 4319 in
972 4258 1498 4333 cmlumJiomines
1520 4268 1787 4342 pastores
1810 4260 2131 4342 loqueban-

474 4354 571 4410 tur
598 4347 757 4409 inter
776 4366 946 4410 sese:
979 4348 1380 4412 Transeamus
1400 4352 1522 4430 jam
1555 4349 1868 4412 Bethleem
1916 4370 2124 4433 usque,

472 4445 531 4500 et
559 4437 864 4500 videamus
893 4438 1009 4500 hoc
1041 4437 1201 4518 qupd
1231 4437 1637 4519 accidit,quod
1662 4441 1951 4504 Dominus
1979 4458 2127 4523 ape-

468 4526 812 4629 ruihnobis.
856 4527 926 4589 Et
958 4536 1254 4631 venerunt
1278 4527 1652 4609 festinantes,
1681 4538 1739 4591 et
1772 4529 2131 4594 invenerunt
2156 4581 2196 4631 ο

468 4616 713 4681 Mariam
740 4626 799 4680 et
827 4618 1138 4696 Joseph,et
1158 4616 1448 4679 infantem
1475 4619 1730 4699 positum
1764 4620 1823 4681 in
1854 4619 2125 4701 praesepi.

466 4708 615 4769 Cum
641 4705 928 4769 vidissent
947 4715 1167 4780 autem,
1198 4706 1648 4785 divulgaverunt
1671 4708 1746 4770 de
1769 4708 1947 4770 verbo
1972 4708 2129 4789 quod

467 4798 690 4859 dictum
727 4808 855 4860 erat
875 4796 1021 4879 ipsis
1050 4797 1125 4859 de
1160 4816 1346 4877 puero
1378 4799 1494 4860 hoc
1524 4790 1629 4862 :"et
1651 4818 1861 4861 omnes
1892 4801 1990 4882 qui
2014 4818 2126 4862 au-

465 4885 733 4968 dierunt,
766 4886 962 4949 mirati
996 4896 1137 4949 sunt
1167 4887 1242 4947 de
1268 4885 1362 4947 his
1392 4906 1523 4967 quae
1552 4886 1707 4948 dicta
1744 4894 1915 4951 erant
1934 4907 1967 4948 a
1992 4907 2127 4969 pas-

469 4977 704 5039 toribus
733 4977 805 5038 ad
849 4976 1031 5057 ipsos.
1068 5002 1089 5032 ο
1119 4974 1394 5037 Pastores
1418 4976 1502 5037 illi
1530 4978 1714 5056 figura
1758 4986 1894 5038 sunt
1941 4976 2126 5057 spiri-

462 5064 767 5128 ritualium
822 5074 1121 5147 pastorum
1182 5072 1242 5127 et
1296 5064 1639 5145 praesulum.
1675 5066 1921 5146 Oportet
1950 5066 2129 5146 igitur

462 5155 778 5236 episcopos
823 5153 1121 5217 custodire
1180 5171 1421 5233 gregem
1476 5173 1673 5231 suum,
1738 5164 1795 5216 et
1833 5156 2124 5236 ἀγραυλεῖν

460 5244 522 5305 in
570 5262 713 5323 agro
760 5261 1005 5324 canere,
1051 5243 1165 5305 hoc
1211 5252 1321 5324 est,
1371 5261 1589 5305 canere
1629 5243 2006 5324 sipiritualia,
2067 5253 2127 5308 et

465 5331 686 5395 docere
716 5333 1026 5414 papulum,
1064 5340 1124 5393 et
1153 5332 1237 5393 sic
1271 5332 1435 5411 digni
1484 5333 1620 5394 fient
1668 5337 1757 5413 (α)
1799 5334 2125 5398 visionibus

538 5492 605 5543 θθ
630 5494 785 5559 Gen.
820 5510 1001 5569 XLVII,
1025 5496 1083 5557 3.
1172 5492 1234 5542 B7
1267 5493 1411 5555 Luc.
1446 5510 1510 5570 ιι,
1546 5495 1646 5559 14.

2218 4079 2333 4139 οῦδὲ
2362 4081 2616 4160 ἠρέσκετο
2645 4082 2700 4139 ἐν
2728 4096 2847 4147 τοῖς
2880 4082 3200 4160 ἀνθρώποις.

2304 4196 2329 4227 ιι
2369 4173 2464 4229 Καὶ
2528 4171 2739 4250 ἒγένετο
2795 4175 2866 4238 ὡς
2924 4172 3163 4240 ἀπῆλθον
3207 4170 3302 4230 ἀπ’
3344 4178 3517 4233 αὐτῶν
3574 4175 3621 4228 οἱ
3653 4172 3868 4252 ἄγγελοι

2215 4264 2285 4326 εἷς
2318 4264 2411 4318 τὸν
2453 4264 2693 4341 οὗρανὸν,
2752 4264 2839 4318 καὶ
2893 4265 2939 4320 οἱ
2997 4262 3262 4341 ἄνθρωποι
3319 4267 3366 4321 οἱ
3425 4264 3675 4339 ποιμένες
3713 4264 3868 4319 εἶπον

2213 4353 2344 4431 πρὸς
2375 4349 2662 4423 ἀλλήλους.
2701 4351 3002 4429 Διέλθωμεν
3032 4350 3097 4420 δὴ
3126 4351 3227 4417 ἕως
3261 4352 3527 4433 Βηθλεὲμ,
3589 4356 3677 4409 καὶ
3732 4350 3867 4409 ἴδω-

2212 4461 2309 4517 μεν
2367 4443 2429 4497 τὸ
2470 4442 2620 4519 ῥῆμα
2661 4443 2817 4499 τοῦτο
2858 4444 2920 4500 τὸ
2972 4442 3217 4522 γεγονὸς,
3249 4445 3277 4500 ὃ
3307 4447 3334 4499 6
3368 4445 3555 4522 Κύριος
3586 4442 3867 4522 ἐγνώρισεν

2213 4532 2350 4606 ἡμῖν
2386 4548 2397 4560 ‘
2458 4533 2547 4588 καὶ
2605 4530 2767 4599 ἦλθον
2810 4532 3131 4598 σπεύσαντες
3167 4548 3178 4560 ·
3242 4534 3328 4587 καὶ
3386 4532 3601 4609 ἀνεῦρον
3655 4533 3755 4600 τήν
3810 4552 3869 4587 τε

2214 4619 2433 4698 Μαριὰμ
2490 4621 2722 4689 καὶτὸν
2779 4619 3004 4700 Ἰωσὴφ,
3090 4624 3177 4678 καὶ
3259 4622 3321 4676 τὸ
3378 4620 3570 4698 βρέφος
3626 4622 3870 4695 κείμενον

2214 4709 2267 4766 ἐν
2323 4716 2392 4787 τῇ
2435 4711 2608 4790 φάτνῃ
2644 4726 2656 4740 ⁶
2706 4709 2901 4777 ἰδόντες
2950 4710 3007 4767 δὲ
3062 4708 3402 4789 διεγνώρισαν
3461 4711 3576 4785 περὶ
3616 4716 3709 4763 τοῦ
3761 4709 3866 4785 ῥή-

2213 4821 2382 4875 ματος
2436 4810 2527 4859 τοῦ
2569 4798 2891 4867 λαληθέντος
2949 4802 3132 4866 αὐτοῖς
3174 4802 3291 4879 περὶ
3333 4806 3425 4854 τοῦ
3476 4796 3682 4853 παιδίου
3735 4799 3864 4854 τού-

2211 4912 2302 4948 του
2340 4909 2353 4923 ·
2388 4891 2476 4946 καὶ
2526 4891 2721 4954 πάντες
2770 4893 2816 4947 οἱ
2872 4891 3214 4969 ἀκούσαντες,
3266 4888 3564 4964 ἐθαύμασαν
3614 4887 3731 4964 περὶ
3758 4893 3864 4942 τῶν

2210 4977 2546 5046 λαληθέντων
2576 4980 2678 5036 ὑπὸ
2721 4980 2828 5037 τῶν
2856 4979 3127 5055 ποιμένωι
3171 4982 3301 5059 πρὸς
3334 4977 3541 5041 αὐτούς.
3581 5000 3608 5032 ι)
3649 4977 3708 5035 Οἱ
3740 4998 3866 5033 ποι-

2210 5066 2367 5144 μένες
2426 5070 2569 5125 οὗτοι
2628 5066 2893 5146 σύμϐολόν
2974 5070 3073 5125 εἰσι
3124 5076 3229 5127 τῶν
3304 5073 3674 5143 πνευματικῶν
3740 5088 3867 5123 ποι-

2208 5158 2408 5235 μένων,
2467 5165 2573 5215 τῶν
2624 5160 2917 5239 ἀρχιερέων
2955 5179 2967 5194 ’
3017 5157 3101 5217 δεῖ
3157 5160 3245 5218 εῦν
3290 5161 3412 5224 τοὺς
3460 5158 3733 5239 ἀρχιερεῖς
3765 5180 3867 5237 φυ-

2206 5246 2421 5306 λάσσειν
2464 5250 2564 5315 τὴν
2605 5257 2835 5325 ποίμνην
2865 5252 3034 5309 αὐτῶν
3079 5252 3169 5307 καὶ
3227 5248 3537 5328 ἀγραυλεῖν,
3575 5248 3863 5326 τουτέστιν,

2204 5336 2347 5412 ᾅδειν
2399 5339 2731 5415 πνευματικά
2817 5361 2959 5415 τινα,
3058 5342 3148 5397 καὶ
3230 5336 3492 5396 διδάσκειν
3562 5340 3651 5396 τὸν
3712 5336 3865 5413 λαὸν,

530 5625 623 5706 (α)
663 5625 825 5691 Edit.
858 5629 991 5690 Lut.
1027 5644 1147 5689 non
1177 5626 1458 5708 exprimit
1487 5628 1750 5692 Graecam
1784 5648 2020 5720 vocem,
2050 5634 2131 5703 ἆξι

2213 5640 2454 5708 ήσονται.
