4232 6424
373 359 486 428 725

364 503 453 559 καὶ
546 501 714 567 οὕτως
825 504 1204 573 ἀξιωθήσονται
1315 503 1467 557 θείων

362 592 734 667 ἀκουσμάτων.
811 590 1054 668 Βηθλεὲμ
1115 590 1170 647 δὲ
1253 590 1596 669 ἑρμηνεύεται
1680 587 1835 650 οἷιιος
1919 586 2011 641 τοῦ

353 680 512 759 ἄρτου
545 700 561 717 ⁶
623 682 701 746 τίς
759 679 815 739 δὲ
874 680 1033 745 ἄλλος
1087 680 1225 738 ἐστὶν
1276 682 1305 737 ὁ
1388 680 1542 743 οϊκος
1595 687 1689 738 τοῦ
1744 677 1924 757 ἄρτου,
1973 674 2008 742 ἢ

353 772 389 839 ἡ
440 768 760 846 Ἐκκλησία,
816 771 873 828 ἐν
933 772 970 840 ἦ
1027 773 1055 827 ὁ
1111 768 1267 850 ἄρτος
1310 770 1592 827 ἀπόκειται
1628 790 1644 841 ;
1678 767 1892 847 ’Ἒγρον
1920 764 2008 822 οὖν

354 859 465 917 ἐστι
495 873 612 926 τοῖς
639 860 885 940 λογιγοῖς
914 860 1161 936 ποιμέσιν
1192 859 1467 931 ἐπιζητεῖν
1520 857 1758 937 οὐράνιον
1797 856 1953 935 ἄρτον
1989 870 2002 883 ⁸

351 951 445 1007 καὶ
500 949 617 1015 μεθ’
697 951 727 1007 ὃ
786 948 941 1007 ἴδωσι
1016 952 1107 1006 τὸν
1173 947 1354 1028 ἄρτον,
1436 948 1701 1030 ὀφείλουσι
1757 948 1844 1004 καὶ
1896 957 2013 1008 τοῖς

358 1038 543 1104 ἄλλοις
573 1040 855 1121 κηρύττειν
888 1057 903 1073 ⁸
952 1039 1130 1117 ὥσπερ
1159 1041 1249 1095 καὶ
1300 1040 1347 1095 οἱ
1403 1037 1654 1115 ποιμένες
1709 1035 1906 1100 ἰδόντες
1954 1035 2014 1090 τὸ

357 1128 573 1209 βρέφος,
620 1127 943 1197 διελάλησαν
973 1130 1061 1187 καὶ
1090 1140 1208 1193 τοῖς
1240 1126 1442 1195 ἄλλοις,

447 1243 475 1273 ι
513 1210 574 1275 Ἠ
608 1217 663 1275 δὲ
694 1220 913 1299 Μαριὰμ
954 1219 1128 1276 πάντα
1184 1220 1456 1297 συνετήρει
1498 1217 1564 1274 τὰ
1592 1218 1805 1296 ῥήματα
1846 1224 2010 1274 ταῦτα

361 1306 736 1384 συμϐάλλουσα
792 1308 848 1364 ἐν
890 1314 958 1386 τῇ
1012 1306 1197 1387 καρδίᾳ
1269 1312 1435 1376 αὑτῆς
1468 1328 1484 1343 ⁸
1544 1308 1632 1365 καὶ
1680 1306 2010 1384 δπέστρεψαν

357 1401 404 1456 οἱ
460 1399 735 1479 ποιμένες,
795 1396 1097 1470 δοξάζοντες
1155 1399 1243 1455 καὶ
1287 1401 1552 1463 αἰνοῦντες
1598 1399 1691 1454 τὸν
1736 1397 1866 1453 Θεὸν
1925 1395 2011 1451 ἐπὶ

355 1493 541 1567 πᾶσιν,
603 1488 693 1552 οἷς
750 1486 984 1555 ἥκουσαν
1028 1488 1117 1544 καὶ
1160 1484 1326 1561 εἶδον,
1360 1488 1534 1551 καθὼς
1586 1484 1822 1557 ἐλαλήθη
1878 1484 2009 1563 πρὸς

351 1577 563 1642 αὒτούς.
602 1601 630 1633 ιι
666 1584 808 1635 Ποῖα
853 1578 1068 1655 ῥήματα
1124 1578 1395 1658 συνετήρει
1447 1579 1481 1646 ἡ
1514 1575 1774 1657 Παρθένος
1810 1595 1825 1655 ;
1862 1573 2009 1636 Τινὲς

351 1667 451 1742 μὲν
513 1665 757 1746 λέγουσιν
815 1666 896 1724 ὅτι
940 1666 1041 1724 ὅσα
1098 1667 1294 1745 εἰρήκει
1352 1669 1486 1744 αὖτῇ
1541 1669 1569 1724 ὁ
1615 1663 1864 1745 ἅγγελος,
1926 1665 2011 1719 καὶ

351 1754 453 1812 ὅσα
510 1758 557 1814 οἱ
592 1756 845 1832 ποιμένες
891 1758 1075 1837 εἶπον,
1122 1755 1367 1828 ἐπετήρει
1429 1758 1529 1836 γὰρ
1559 1762 1723 1813 ταῦτα
1749 1756 1838 1811 καὶ
1881 1774 2001 1809 συν--

1104 360 1554 427 ENARRATIO
1598 361 1682 423 IN
1728 355 2241 423 EVANGELIUM
2286 358 2528 424 LUCE.
2576 396 2653 406 —
2695 359 2862 425 CAP.
2910 364 2992 426 II.

3639 359 3760 427 726

1573 497 1852 574 θεαμάτων
1933 488 2007 547 καί

2104 487 2347 569 divinis,
2378 501 2435 555 et
2466 493 2896 557 auditionibus.
2930 494 3238 558 Bethleem
3292 495 3760 575 interpretamur

2094 578 2321 643 donum
2381 584 2575 663 panis.
2608 584 2750 658 Quae
2798 593 2996 647 autem
3048 584 3163 645 alia
3195 592 3285 646 est
3314 586 3528 648 domus
3562 586 3758 673 panis,

2091 689 2266 749 quam
2303 674 2595 750 Ecclesia,
2628 675 2687 735 in
2720 694 2836 753 qua
2870 675 3039 755 panis
3085 674 3223 735 287
3280 677 3577 756 repositus
3609 686 3755 741 est?

2091 758 2364 825 Ofﬁcium
2396 765 2593 847 itaque
2624 765 3023 846 spiritualium
3056 775 3352 846 pastorum
3387 765 3757 849 fuerit,quae-

2096 868 2232 913 rere
2277 872 2491 934 panem
2539 855 2873 928 caelestem,
2922 873 3098 935 quem
3159 874 3294 916 cum
3327 855 3603 938 viderint,
3642 857 3753 919 de-

2098 939 2244 1002 bent
2299 942 2468 1004 illum
2529 951 2587 1005 et
2638 944 2770 1005 aliis
2832 942 3160 1023 praedicare
3214 965 3227 1006 :
3289 944 3440 1006 sicut
3492 953 3550 1006 et
3608 965 3752 1025 pas-

2097 1036 2257 1091 tores
2305 1032 2408 1113 qui
2449 1032 2728 1095 viderunt
2754 1032 3068 1109 infantem,
3104 1032 3287 1095 locuti
3318 1044 3455 1096 sunt
3484 1034 3560 1096 de
3592 1054 3662 1097 eo
3696 1044 3757 1098 et

2095 1116 2245 1179 aliis.

2174 1205 2359 1271 Vsus.
2398 1210 2491 1279 19,
2526 1209 2623 1274 20.
2667 1209 2880 1272 «Maria
2901 1220 3101 1276 autem
3135 1212 3521 1277 conservabat
3553 1218 3753 1276 omnia

2095 1296 2273 1358 verba
2303 1299 2780 1370 liwc,confereus
2810 1302 2871 1363 in
2904 1303 3086 1365 corde
3115 1324 3245 1366 suo.
3273 1302 3341 1364 Et
3366 1303 3592 1365 reversi
3615 1314 3751 1366 sunt

2095 1395 2363 1467 pastores
2416 1390 2821 1469 glorificantes
2871 1410 2938 1454 ac
2994 1392 3306 1455 laudantes
3350 1392 3537 1454 Deum
3574 1412 3754 1475 super

2046 1504 2051 1509 ι
2095 1477 2372 1539 omnibus
2403 1497 2535 1558 quae
2562 1480 2881 1541 audierant
2931 1490 2991 1543 et
3020 1482 3292 1544 viderant
3320 1481 3403 1544 ita
3434 1489 3496 1543 ut
3526 1481 3750 1544 dictum

2097 1564 2287 1627 fuerat
2314 1565 2479 1646 ipsis.
2518 1593 2542 1623 ι»
2580 1567 2721 1640 Qua)
2752 1568 2930 1631 verba
2961 1570 3355 1633 conservabat
3386 1570 3748 1648 Virgo‘?Qui-

2094 1655 2233 1716 dam
2263 1654 2469 1717 dicunt
2499 1657 2653 1738 quod
2680 1676 2749 1719 ea
2772 1676 2903 1738 quae
2926 1660 3172 1739 angelus
3196 1660 3251 1721 ei
3280 1659 3595 1732 dixerat,et
3619 1680 3751 1741 quae

2096 1750 2367 1825 pastores
2403 1756 2812 1822 narraverant,
2834 1752 3200 1811 conservarit
3231 1757 3289 1810 et
3312 1749 3637 1811 contulerit
3657 1767 3751 1810 se-

351 1844 570 1903 έϐαλλεν
628 1846 682 1902 ἐν
758 1853 828 1924 τῇ
888 1844 1073 1926 καρδίᾳ
1130 1847 1319 1927 αὐτῆς,
1392 1845 1659 1917 τουτέστι,
1719 1843 2006 1921 συνέκρινε,

2097 1852 2253 1915 cum,
2293 1835 2710 1917 inveneritque
2741 1836 2805 1899 in
2837 1838 3116 1900 omnibus
3146 1837 3500 1900 sententiam
3538 1857 3748 1900 conso-

353 1939 445 1992 γαὶ
488 1936 725 2015 εὕρισκεν
792 1936 854 1993 ἐκ
910 1937 1123 1993 πάντων
1176 1936 1300 2012 μίαν
1328 1936 1608 2015 σύμφωνον
1638 1934 1886 2014 γνώμην,
1931 1932 2011 1989 ὅτι

357 2025 487 2089 Θεός
548 2030 690 2083 ἐστιν
745 2028 773 2082 ὁ
834 2028 955 2091 Υἱὸς
1002 2025 1191 2094 αὐτῆς.
1252 2021 1404 2101 Ἐμοὶ
1480 2024 1535 2080 δὲ
1593 2023 1743 2082 δοκεῖ
1801 2025 2014 2101 ῥήματα

355 2114 575 2173 ἐνταῦθα
624 2115 693 2172 τὰ
752 2116 1040 2195 πράγματα
1072 2113 1317 2193 λέγεσθαι
1343 2130 1358 2145 ⁸
1408 2114 1547 2172 ὥστε
1589 2118 1729 2170 εἶναι
1759 2114 1819 2170 τὸ
1849 2111 2013 2191 λεγόο

352 2226 514 2279 μενον
570 2214 810 2264 τοιοῦτον
843 2224 859 2241 ο
906 2207 942 2274 ἡ
997 2204 1053 2261 δὲ
1121 2206 1339 2286 Μαριὰμ
1400 2206 1668 2283 συνετήρει
1712 2204 1884 2260 πάντα
1942 2203 2008 2259 τὰ

348 2294 588 2375 ῥήματα,
635 2292 755 2362 ἤτοι
804 2295 872 2351 τὰ
931 2295 1221 2374 πράγματα
1266 2301 1454 2375 ταῦτα,
1502 2293 1534 2349 ἂ
1577 2296 1662 2352 νῦν
1696 2292 1806 2373 ἐγὼ
1864 2291 2008 2369 λέγω

351 2384 443 2439 καὶ
472 2390 613 2441 ποιῶ
642 2384 793 2441 εἶναι
833 2384 1049 2462 ῥήματα
1078 2399 1096 2446 ,⁸
1130 2385 1192 2441 τὸ
1237 2384 1339 2462 γὰρ
1384 2390 1603 2464 πρᾶγμα
1652 2381 1776 2438 ὅταν
1806 2380 2005 2462 λεχθῇ,

352 2472 554 2549 γίνεται
609 2472 755 2550 ῥῆμα
788 2487 801 2502 ⁸
857 2472 1191 2553 ὑπέστρεψαν
1247 2471 1301 2530 δὲ
1380 2476 1426 2530 οἱ
1484 2471 1730 2547 ποιμένες
1778 2473 2004 2551 εὔχαρι-

350 2568 598 2626 στούντες
656 2570 733 2638 τῷ
776 2570 893 2637 Θεῷ
937 2562 1023 2620 ἐπὶ
1080 2570 1241 2620 πᾶσιν
1274 2578 1288 2594 ⁸
1342 2564 1403 2621 οὔ
1450 2562 1549 2642 γὰρ
1579 2562 1715 2631 ἦσαν
1744 2562 2001 2642 φθονεροὶ,

353 2652 491 2708 κατὰ
518 2653 641 2718 τοὺς
673 2650 974 2716 Ἰουδαίους.

443 2763 465 2796 ι
518 2744 615 2801 Καὶ
672 2741 761 2799 ὅτε
831 2742 1177 2814 ἐπλήσθησαν
1248 2742 1444 2823 ἡμέραι
1518 2742 1660 2800 ὀκτὼ
1704 2741 1795 2798 τοῦ
1850 2762 2005 2821 περι-

357 2845 545 2907 τεμεῖν
573 2831 758 2904 αὐτὸν,
803 2834 892 2889 καὶ
942 2831 1141 2903 ἐκλήθη
1173 2834 1233 2890 τὸ
1263 2831 1433 2908 ὄνομα
1460 2834 1617 2890 αύτοῦ
1659 2829 1887 2904 Ἰησοῦς,
1947 2832 2008 2886 τὸ

352 2921 545 2989 κληθὲν
574 2924 677 2980 ὑπὸ
708 2930 799 2980 τοῦ
845 2921 1075 3003 ἀγγέλου
1133 2925 1236 3003 πρὸ
1291 2930 1383 2980 τοῦ
1431 2923 1793 3002 συλληφθῆναι
1852 2921 2006 2979 αὐτὸν

351 3013 406 3069 ἐν
558 3011 733 3084 κοιλίᾳ
769 3031 780 3045 ⁸
813 3016 902 3070 καὶ
955 3012 1044 3069 ὅτε
1075 3013 1421 3084 ἐπλήσθησαν
1453 3016 1505 3069 αἱ
1532 3012 1728 3087 ἡμέραι
1759 3018 1852 3069 τοῦ
1908 3032 2006 3067 κα-

353 3107 610 3181 θαρισμοῦ
666 3106 839 3161 αὐτῶν
882 3103 1021 3160 κατὰ
1070 3104 1163 3160 τὸν
1200 3102 1364 3178 νόμον
1421 3102 1677 3181 Μωσέως,
1738 3101 2006 3179 ἀνήγογον

353 3194 509 3250 αὐτὸν
565 3193 639 3254 εἷς
689 3182 1052 3268 Ἱεροσόλυμα,
1103 3196 1439 3271 παραστῆσαι
1469 3198 1546 3266 τῷ
1578 3191 1746 3270 Κυρίῳ
1782 3209 1798 3224 ⁸
1831 3190 2001 3256 καθὼς

2099 1942 2233 1985 nam
2266 1943 2468 1999 unam,
2504 1926 2665 2006 quod
2702 1925 2854 1987 Deus
2876 1927 2954 1989 sit
2983 1926 3169 1990 Filius
3193 1945 3359 1991 suus.
3387 1926 3524 1989 Mihi
3546 1935 3745 1989 autem

2097 2012 2374 2075 videntur
2401 2015 2580 2077 verba
2613 2016 2725 2077 hoc
2757 2016 2888 2081 loco
2937 2036 3035 2078 res
3090 2017 3181 2078 vel
3230 2026 3397 2096 gesta
3426 2015 3565 2089 dici,
3603 2025 3662 2078 et
3686 2016 3744 2077 id

2099 2120 2231 2164 esse
2261 2104 2419 2184 quod
2449 2104 2666 2166 dicitur
2703 2127 2715 2169 :
2748 2106 2934 2168 Maria
2964 2114 3163 2169 autem
3200 2105 3592 2168 conservabat
3622 2126 3748 2167 om-

2098 2192 2194 2252 nia
2224 2192 2402 2255 verba
2431 2193 2580 2269 haec,
2616 2195 2675 2256 id
2709 2204 2819 2276 est,
2876 2205 3041 2275 gesta
3094 2197 3221 2258 haec
3284 2214 3416 2278 quae
3449 2214 3606 2257 nunc
3637 2213 3744 2275 ego

2089 2281 2225 2343 dico
2259 2291 2316 2344 et
2343 2283 2495 2345 facio
2528 2303 2660 2346 esse
2690 2285 2895 2347 verba.
2927 2289 3108 2350 Gesta
3138 2285 3299 2347 enim
3335 2285 3573 2367 quando
3601 2304 3745 2347 nar-

2089 2382 2317 2458 rantur,
2370 2376 2653 2439 dicuntur
2706 2378 2910 2441 verba.
2964 2382 3149 2441 Porro
3204 2386 3473 2459 pastores
3512 2379 3744 2439 reversi

2089 2472 2227 2526 sunt
2255 2465 2470 2543 gratias
2500 2474 2744 2543 agentes
2776 2469 2898 2530 Deo
2930 2467 2992 2530 in
3019 2467 3323 2532 omnibus.
3349 2465 3554 2548 Neque
3586 2467 3744 2529 enim

2091 2561 2261 2615 erant
2290 2554 2477 2617 invidi
2500 2565 2562 2616 ut
2592 2556 2802 2619 Judaei.

2172 2731 2353 2797 Vnus.
2380 2734 2601 2797 22-24.
2643 2762 2669 2791 α
2700 2737 2771 2798 Et
2802 2744 3108 2818 postquam
3162 2736 3562 2800 consummati
3610 2747 3748 2800 sunt

2093 2821 2222 2885 dies
2253 2833 2387 2886 octo
2445 2832 2508 2887 ut
2555 2826 3092 2889 circumcideretur
3149 2846 3319 2908 puer,
3353 2834 3620 2888 vocatum
3655 2835 3747 2888 est

2097 2932 2314 2975 nomen
2348 2916 2478 2994 ejus
2509 2918 2700 2987 Jesus,
2738 2916 2896 2997 quod
2952 2925 3223 2978 vocatum
3273 2924 3399 2978 erat
3427 2916 3504 2979 ab
3536 2916 3746 2994 angelo

2094 3003 2438 3085 priusquam
2471 3006 2531 3067 in
2564 3015 2733 3069 utero
2766 3008 3209 3088 conciperetur.
3244 3006 3314 3068 Et
3343 3014 3544 3088 postea
3567 3025 3746 3087 quam

2091 3110 2219 3152 com
2229 3092 2370 3172 pleti
2383 3094 2632 3157 fuissent
2657 3095 2784 3157 dies
2799 3096 3167 3176 purgationis
3190 3114 3397 3157 eorum
3412 3095 3744 3158 secundum

2087 3181 2277 3260 legem
2314 3184 2515 3265 Moysi,
2569 3184 2941 3248 adduxerunt
2973 3204 3108 3248 eum
3143 3185 3641 3266 Hierosolymam,
3678 3193 3745 3244 ut

351 3280 645 3360 γέγραπται
674 3281 727 3337 ἐν
780 3282 930 3358 νόμῳ
987 3283 1196 3361 Κυρίου,
1242 3281 1321 3338 ὅτι
1368 3288 1479 3337 Πᾶν
1521 3280 1677 3360 ἄρσεν
1730 3279 1999 3357 διανοῖγον

2092 3272 2522 3336 sisterenteum
2556 3276 2830 3351 Domino,
2858 3278 3013 3339 sicut
3041 3277 3329 3357 scriptum
3370 3284 3459 3337 est
3511 3275 3572 3337 in
3606 3275 3740 3354 lege

1591 3371 1679 3427 καὶ
1704 3376 1797 3426 τοῦ
1825 3366 2001 3426 δοῦναι

1825 3457 2008 3537 ζεῦγος

349 3373 583 3450 μήτραν,
627 3369 780 3449 ἅγιον
832 3378 909 3446 τῷ
974 3373 1145 3451 Κυρίῳ
1192 3370 1545 3451 κληθήσεται,

348 3460 525 3517 θυσίαν
579 3462 717 3517 κατὰ
759 3462 819 3516 τὸ
862 3460 1139 3540 εἰρημένον
1196 3460 1252 3517 ἐν
1304 3460 1452 3537 νόμῳ
1529 3459 1737 3539 Κυρίου,

347 3550 635 3630 τρυγόνων,
693 3550 728 3618 ἢ
788 3549 878 3607 δύο
955 3550 1205 3614 νεοσσοὺς
1242 3555 1587 3628 περιστερῶν.
1626 3569 1656 3608 )
1707 3557 1810 3606 Τοῦ
1844 3547 2010 3623 νόμου

351 3639 531 3703 δόντος
563 3638 801 3713 ἐντολὰς,
838 3643 884 3697 οἱ
927 3637 1340 3719 παραϐαίνοντες
1391 3641 1585 3705 ταύτας
1627 3639 1729 3695 ὑπὸ
1778 3639 2009 3715 κατάραν

353 3730 512 3797 ἦσαν,
566 3719 623 3786 “Ο
669 3729 840 3785 τοίνυν
894 3735 1083 3809 Κύριος
1136 3733 1529 3808 περιτέμνεται,
1576 3728 1669 3783 ἵνα
1713 3726 1809 3783 κάν
1840 3726 2010 3799 τούτῳ

350 3817 640 3894 πληρώσας
689 3818 781 3874 τὸν
841 3820 1002 3894 νόμον
1044 3820 1131 3875 καὶ
1192 3816 1361 3894 μηδὲν
1405 3817 1652 3893 ἐλλείψας
1695 3817 1771 3870 ὧν
1800 3814 2005 3878 ἐκεῖνος

351 3907 686 3989 ἐντέταλκεν,
761 3908 1005 3978 ἐξέληται
1077 3908 1229 3985 ἡμῆς
1298 3914 1398 3977 τῆς
1476 3909 1709 3989 κατάρας
1745 3923 1759 3937 ⁸
1824 3906 2005 3984 ἐντρέ-

348 4020 552 4055 πωνται
607 3996 663 4055 δὲ
706 3998 940 4057 ἐντεῦθεν
979 4002 1025 4056 οἱ
1082 3998 1354 4078 λέγοντες,
1412 3997 1492 4056 ὅτι
1553 3999 1689 4055 κατὰ
1718 3999 2005 4079 φαντασίαν

2096 3362 2332 3424 Domini
2368 3385 2380 3422 :
2415 3362 2605 3426 Omne
2656 3365 3052 3427 masculinum
3100 3364 3458 3444 adaperiens
3489 3364 3743 3436 vulvam,

2094 3459 2360 3512 sanctum
2385 3452 2638 3516 Domino
2665 3454 2966 3516 vocabitur
3001 3476 3013 3517 :
3051 3463 3111 3516 et
3154 3463 3215 3517 ut
3247 3456 3461 3515 darent
3493 3452 3745 3514 hostiam

2092 3541 2422 3603 secundum
2458 3544 2612 3623 quod
2642 3544 2865 3605 dictum
2885 3544 3049 3606 estin
3084 3545 3212 3624 lege
3228 3543 3608 3624 Domini,par
3629 3552 3745 3603 tur-

2095 3637 2313 3713 turum,
2342 3640 2443 3694 aut
2464 3633 2611 3695 duos
2640 3633 2833 3714 pullos
2859 3632 3454 3706 columbarum.»Qui
3474 3633 3749 3694 mandata

2092 3721 2240 3799 legis
2262 3722 2945 3802 prmvaricabantur,sub
2974 3724 3401 3788 maledictione
3425 3724 3747 3784 erant.Do-

2094 3811 2292 3872 minus
2326 3814 2505 3891 igitur
2530 3815 3077 3889 circumciditur,ut
3113 3814 3289 3876 etiam
3321 3814 3381 3875 in
3416 3814 3529 3875 hoc
3560 3813 3750 3874 adim-

2093 3900 2250 3980 pleta
2268 3901 2486 3982 lege,et
2503 3903 2664 3964 nullo
2684 3904 3085 3984 praetermisso
3107 3903 3261 3985 quod
3279 3903 3380 3964 illa
3402 3901 3746 3984 mandabat,

2091 3990 2305 4072 eripiat
2339 4013 2447 4055 nos
2471 4012 2502 4056 a
2523 3993 2861 4057 maledicto.
2896 3996 3308 4058 Revereantur
3327 3995 3468 4056 hinc
3498 3993 3601 4074 qui
3651 3992 3746 4055 di-

348 4086 651 4166 ἐσαρκώθη.
706 4094 828 4152 Πῶς
874 4090 974 4169 γὰρ
1030 4091 1386 4168 περιετμήθη,
1431 4090 1474 4145 εἰ
1520 4089 1656 4145 κατὰ
1716 4088 2003 4168 φαντασίαν

2092 4089 2229 4142 cunt
2258 4083 2414 4163 quod
2445 4084 2714 4147 Christus
2746 4085 3087 4146 incarnatus
3118 4085 3195 4146 sit
3228 4092 3595 4165 apparenter
3628 4090 3753 4144 tan-

345 4176 625 4256 ἐσαρκώθη
661 4196 678 4259 ;
736 4178 1024 4246 ’Λνόνητον
1054 4176 1109 4235 δὲ
1138 4180 1228 4235 καὶ
1255 4180 1317 4236 τὸ
1360 4178 1617 4251 ἐξετάζειν
1657 4187 1760 4237 ποῦ
1803 4176 1914 4234 ἐστι
1938 4177 1999 4232 τὸ

2092 4176 2230 4233 tum.
2266 4171 2575 4244 Quomodo
2601 4174 2762 4237 enim
2787 4174 3182 4239 circumcisus
3206 4174 3443 4246 fuisset,
3483 4172 3533 4234 si
3564 4191 3751 4253 appa-

344 4267 655 4342 ἀποτμηθὲν
712 4267 887 4325 ἐκεῖνο
947 4267 1139 4348 μόριον
1173 4284 1189 4301 ⁸
1254 4266 1289 4324 ἂ
1335 4269 1435 4347 γὰρ
1465 4269 1501 4335 ἡ
1544 4268 1726 4348 Γραφὴ
1757 4267 1997 4325 ἀπεσιώ-

2092 4269 2283 4324 renter
2313 4262 2651 4325 incarnatus
2686 4264 3225 4327 fuisset?lnutiliter
3253 4272 3449 4325 autem
3463 4264 3751 4343 quaeritur

348 4378 545 4432 πησεν,
575 4358 635 4415 οὔ
666 4356 751 4415 δεῖ
806 4356 1088 4432 ἐξετάζειν,
1135 4359 1223 4414 καὶ
1269 4364 1433 4415 ταῦτα
1476 4357 1559 4415 ἐπὶ
1590 4356 1826 4435 μηδεμιᾷ
1854 4357 1999 4436 ὠφε-

2092 4350 2193 4412 ubi
2228 4350 2303 4411 sit
2331 4352 2567 4414 absecta
2606 4354 2705 4416 illa
2739 4354 3049 4434 particula.
3086 4357 3236 4417 Nam
3270 4370 3400 4433 qum
3433 4353 3749 4433 Scriptura

350 4446 469 4518 λείᾳ
497 4463 512 4478 ⁸
547 4447 657 4504 ’ἐστι
701 4446 759 4504 δὲ
789 4448 983 4523 εἰπεῖν,
1018 4446 1099 4504 ὅτι
1128 4448 1250 4505 τότε
1280 4448 1377 4525 μὶν
1423 4446 1511 4505 ὅτε
1556 4447 1864 4527 ἀπετμήθη,
1908 4451 2007 4514 τῆς

2094 4441 2373 4509 tacuit,ea
2401 4461 2669 4522 quaarcre
2690 4462 2810 4505 non
2834 4443 3428 4524 oportet,praesertim
3458 4441 3559 4502 ubi
3583 4441 3747 4504 nulla

351 4543 456 4615 γῆς
487 4541 717 4618 ψαῦσαν,
773 4538 961 4617 ἧγίασε
1016 4539 1241 4618 ταύτην,
1287 4540 1467 4619 ὥσπερ
1524 4539 1613 4595 καὶ
1662 4540 1722 4594 τὸ
1754 4538 1896 4613 αἷμα
1926 4558 2007 4599 καῖ

2098 4531 2474 4605 utilitas.Dici
2506 4538 2703 4597 autem
2738 4542 2937 4614 posset
2961 4533 3117 4613 quod
3140 4531 3376 4612 quando
3407 4549 3476 4592 ea
3507 4531 3750 4592 absecta

353 4629 416 4684 τὸ
472 4625 633 4708 ὕδωρ,
692 4626 726 4683 ἃ
784 4627 847 4684 ἐκ
902 4628 1000 4697 τῆς
1034 4627 1265 4707 πλεῦρας
1308 4629 1473 4687 αὒτοῦ
1503 4628 1747 4708 ἕῤῥευσαν
1783 4644 1796 4657 ⁸
1832 4629 1921 4691 οἷς
1965 4626 2007 4693 δὲ

2102 4632 2318 4685 terram
2348 4624 2722 4703 tetigit.,illam
2746 4619 3553 4703 quoquesanctiﬁcarit,sicut
3571 4620 3748 4682 etiam

354 4715 471 4775 οἶδε
526 4717 731 4798 λόγοις,
778 4717 1000 4799 ἐφύλαξε
1056 4720 1214 4775 τοῦτο
1270 4721 1333 4775 τὸ
1397 4719 1580 4795 μόριον
1638 4716 1888 4783 ἀϐλαϐές⁸
1934 4727 2007 4775 κα⁴

2102 4711 2344 4791 sanguis
2366 4721 2425 4774 et
2444 4732 2593 4794 aqua
2611 4733 2742 4794 quae
2768 4733 2836 4775 ex
2866 4714 3056 4774 latere
3077 4712 3208 4791 ejus
3230 4712 3549 4799 ﬂuxerunt.
3573 4710 3647 4772 Et
3666 4709 3749 4771 vi-

354 4811 490 4886 μετὰ
537 4810 637 4866 τὴν
695 4809 984 4866 ἀνάστασιν
1055 4808 1456 4886 ἀναλαϐόμενος
1538 4819 1717 4891 τοῦτο,
1790 4807 2007 4890 ἠγέρθη,

2104 4802 2278 4865 detur
2308 4802 2463 4884 quod
2495 4804 2741 4865 servarit
2775 4802 3061 4884 particula
3089 4798 3520 4891 illaesam,et_in
3545 4816 3747 4891 resur-

350 4901 446 4958 ’ἷνα
482 4902 569 4957 καὶ
630 4899 768 4956 κατὰ
821 4901 979 4957 τοῦτο
1043 4898 1342 4966 ἁνελλιπῶς
1400 4899 1548 4980 ἔχων
1618 4902 1800 4981 εὑρεθῇ
1834 4916 1847 4929 ⁸
1903 4896 2007 4955 ἐπεῖ

2099 4874 2365 4957 rectione
2396 4893 2609 4957 iterum
2632 4874 3044 4974 resumpserit,
3068 4899 3131 4952 ut
3161 4891 3288 4981 haec
3315 4874 3599 4970 particula
3615 4906 3750 4981 non

350 4992 439 5048 καὶ
464 4991 628 5066 ἡμεῖς
659 4988 869 5045 τέλειον
900 4991 959 5046 τὸ
991 4989 1254 5069 ἡμέτερον
1308 4996 1467 5067 σῶμα
1518 4989 1571 5046 ἐν
1617 4998 1687 5064 τῇ
1734 4988 2007 5046 ἀναστάσει

2100 4984 2434 5046 inveniatur
2465 4984 2701 5047 deesse.
2745 4983 2976 5063 Quippe
3008 4989 3064 5043 et
3085 4998 3192 5042 nos
3218 4980 3279 5041 in
3308 4977 3752 5069 resurrectione

351 5080 770 5156 ἀποληψόμεθα.
833 5067 1249 5155 Σημείωσαι-δὲ
1308 5080 1389 5137 ὅτι
1448 5082 1552 5160 οὔχ
1597 5079 1708 5157 ἅμα
1740 5086 1815 5153 τῷ
1846 5080 2007 5135 εἰπεῖν

2103 5075 2431 5155 perfectum
2458 5093 2673 5155 corpus
2698 5072 3062 5152 resumpturi
3095 5088 3303 5132 sumus
3340 5067 3608 5160 Qbserva
3637 5086 3749 5160 au-

352 5173 445 5227 τὸν
474 5169 724 5249 ἄγγελον,
762 5166 896 5227 Ἰδοὺ
940 5166 1196 5247 συλλήψῃ
1238 5171 1375 5245 υἱὸν,
1408 5157 1709 5249 συνελήφθη
1740 5172 1765 5225 ὃ
1804 5169 2007 5247 Κύριος1

2103 5172 2221 5225 tem
2252 5165 2408 5244 quod
2443 5183 2561 5225 non
2587 5164 2781 5225 statim
2817 5171 2881 5223 ut
2902 5161 3048 5223 dixit
3075 5157 3508 5249 angelus,Ecce
3538 5157 3749 5218 conci-

359 5248 677 5337 a’zlAa‘tpeu‘z
718 5264 884 5315 ταῦτα
953 5256 1042 5315 ὅτε
1093 5258 1353 5327 ἠθέλησεν
1391 5277 1405 5290 ⁸
1481 5258 1573 5340 ὅρα
1616 5248 1715 5339 γὰρ
1772 5258 1822 5315 τί
1873 5256 2007 5335 λέγει

2104 5253 2232 5334 pies
2268 5253 2500 5327 Filium,
2537 5260 2863 5333 conceptus
2903 5260 2991 5313 est
3031 5249 3347 5340 Dominus,
3381 5248 3485 5340 sed
3520 5250 3751 5340 postea,

356 5352 600 5423 ἐνταῦθα,
662 5348 734 5406 Τὸ
787 5344 980 5413 κληθὲν
1035 5349 1139 5405 ὑπὸ
1193 5356 1289 5407 τοῦ
1345 5337 1575 5429 ἀγγέλου
1622 5337 1725 5427 πρὸ
1752 5354 1844 5405 τοῦ
1876 5345 2007 5403 συλ-

2098 5342 2334 5423 quando
2366 5343 2726 5409 voluit.Vide
2746 5342 2904 5403 enim
2930 5340 3073 5421 quid
3102 5339 3261 5401 dicat
3280 5338 3392 5429 hoc
3420 5337 3754 5429 loco.Quod

354 5442 625 5521 ληφθῆναι
683 5437 838 5494 αὖτὸν
896 5436 949 5494 ἐν
982 5444 1051 5515 τῇ
1095 5438 1271 5512 κοιλίᾳ
1307 5457 1320 5470 ·
1486 5439 1582 5496 ἀπ’
1619 5441 1781 5505 αὐτῆς
1812 5436 1866 5494 δὲ
1908 5442 2007 5504 τῆς

2094 5441 2364 5495 vocatum
2393 5444 2479 5494 est
2502 5434 2573 5494 ab
2606 5432 2817 5510 angelo
2859 5433 3201 5511 priusquam
3225 5427 3757 5521 concipct'etur_in

353 5515 572 5604 λέξεως,
631 5525 889 5584 δείκνυται
945 5534 1103 5585 τοῦτο
1138 5548 1152 5562 ⁸
1203 5531 1264 5588 οὗ
1306 5530 1406 5609 γὰρ
1450 5530 1632 5603 εἶπεν,
1682 5525 1816 5586 ’ἰδοὺ
1876 5526 2007 5583 συλ-

2095 5522 2366 5585 utero.Et
2387 5523 2499 5585 hoc
2523 5522 2701 5585 verbo
2729 5520 3066 5584 ostenditur
3091 5517 3321 5609 idquod
3341 5515 3757 5609 dixi_m_us.Non

351 5620 670 5696 λαμϐάνειςο
707 5612 851 5695 ἀλλ’,
891 5614 1025 5675 Ἰδοὺ
1054 5607 1329 5696 συλλήψηξ
1365 5607 1549 5678 ’⁷Ωστε
1577 5620 1639 5677 ἐκ
1667 5619 1867 5676 τούτων
1899 5616 2007 5673 ἔστι

2093 5612 2254 5674 enim
2283 5612 2618 5689 dixit,Ecce
2650 5612 2943 5692 concipis,
2979 5608 3272 5685 sed,Ecce
3302 5607 3750 5696 concipiesAt—

350 5695 792 5790 συλλογίσασθαι,
850 5702 931 5762 ὅτι
989 5714 1057 5788 τῇ
1099 5708 1211 5789 ὥρα
1263 5695 1361 5785 μὲν
1418 5710 1595 5779 ἐκείνη
1646 5707 2007 5789 συνελήφθηὸ

2095 5721 2209 5784 que
2222 5720 2290 5764 ex
2304 5703 2395 5764 his
2408 5703 2882 5765 animadvertere
2896 5698 3223 5781 licet,quod
3241 5700 3385 5760 hora
3398 5696 3637 5778 quidem
3659 5695 3759 5791 illa
