4232 6432
482 355 600 422 727
1442 358 2039 422 THEOPHYLACTI
2082 360 2497 426 BULGARIJE
2538 362 2899 427 ARCHIEP.
3757 364 3880 432 728

486 502 811 575 conceptus
842 492 1020 555 fuerit
1041 492 1475 554 Dominusznon
1488 500 1685 555 autem
1706 493 1810 554 illo
1834 497 2134 553 momento

2237 493 2431 572 ἰύριος,
2494 492 2552 551 οῦ
2602 494 2710 570 μὴν
2755 494 2889 563 αὗτῆ
2933 502 3001 573 τῇ
3047 503 3251 575 στιγμῇ
3283 496 3401 553 καθ’
3436 497 3499 563 ἢν
3531 499 3560 553 6
3589 496 3631 524 ”
3639 495 3877 576 Αγγελος

488 602 606 666 quo
632 582 878 662 angelus
898 581 1065 655 dixit;
1095 581 1201 642 sed
1224 581 1375 642 forte
1403 589 1794 663 posteaquam
1824 579 2145 661 complevit

2237 581 2434 662 ἔλεγεν,
2492 581 2629 643 ἀλλὰ
2684 586 2875 664 τυχὸν,
2957 584 3043 641 ὅτε
3119 583 3425 642 συνετέλεσε
3484 588 3606 651 τοὺς
3662 586 3879 665 λόγους.

488 672 956 735 sermones.288
975 672 1322 734 Haecautem
1340 691 1458 733 non
1474 672 1806 734 dixerimus
1818 669 2141 733 deﬁnitive.

2237 679 2403 729 Γαῦτα
2459 670 2514 728 δὲ
2574 674 2632 730 οῦ
2683 671 3019 752 δογματικῶς
3076 672 3331 754 λέγομεν.
3395 674 3776 746 Ἐπλήσθησαν
3826 675 3882 733 δὲ

486 761 721 842 Impleti
745 769 945 823 autem
966 770 1105 823 sunt
1123 761 1253 824 dies
1277 761 1646 843 purgationis
1665 761 1904 823 illorum
1932 779 2144 824 secun-

2237 764 2281 819 αἶ
2354 761 2548 841 ἡμέραι
2606 771 2698 821 τοῦ
2752 767 3082 844 καθαρισμοῦ
3138 765 3310 822 αὐτῶν
3382 768 3518 823 κατὰ
3572 769 3663 823 τὸν
3717 768 3883 843 νόμον

489 850 630 912 dum
684 850 876 930 legem
936 851 1108 914 Mosi.
1160 853 1326 913 Bene
1376 851 1523 913 dixit
1564 852 1892 913 secundum
1950 851 2143 930 legem

2237 853 2489 917 Μωσέως.
2544 853 2732 918 Καλῶς
2763 854 2889 911 εἶπε
2924 854 3058 912 ιιατὰ
3084 857 3176 911 τὸν
3224 856 3385 926 νόμον
3431 856 3664 919 Μωσέως
3702 874 3712 885 ·
3750 857 3885 913 κατὰ

488 938 716 1002 Mosi”:
740 959 875 1001 nam
901 940 1229 1003 secundum
1254 941 1563 1003 veritatem
1593 941 1755 1002 nulla
1788 940 2147 1002 necessitate

2237 943 2330 1021 γὰρ
2383 942 2482 1010 τὴν
2540 940 2817 1015 ἀλήθειαν,
2878 944 2973 1001 οὐκ
3032 944 3190 1024 εἶχεν
3246 944 3486 1023 ἀνάγκην
3543 946 3577 1013 ἡ
3622 945 3883 1024 Παρθένος

489 1028 671 1104 Virgo
704 1028 1145 1108 astringebatur
1174 1030 1673 1110 exspectaredies
1692 1029 2145 1110 puriﬁcationis,

2237 1032 2533 1111 περιμένειν
2591 1032 2686 1097 τὰς
2784 1032 2987 1110 ἡμέρας
3071 1040 3163 1090 τοῦ
3245 1038 3598 1111 καθαρισμοῦ,
3685 1037 3888 1099 αἵτινες

492 1117 593 1199 qui
625 1127 764 1179 sunt
796 1118 1208 1199 quadraginta,
1246 1128 1387 1182 nato
1409 1119 1838 1182 mare.Dictum
1869 1119 2027 1178 enim
2060 1137 2151 1196 εει

2237 1122 2367 1189 ἦσαν
2421 1122 2835 1203 τεσσαράκοντα,
2909 1122 2996 1179 ἐπὶ
3053 1122 3228 1203 ἄρσενι
3300 1126 3572 1204 τεχθέντι,
3661 1124 3888 1205 Εἴρηται

493 1207 556 1269 in
589 1207 966 1286 lege,Mulier
996 1228 1126 1288 qua:
1156 1216 1434 1290 suscepto
1466 1209 2154 1289 semineconceperit,et

2237 1213 2334 1291 γὰρ
2377 1212 2432 1268 ἐν
2475 1218 2552 1286 τῷ
2608 1212 2759 1287 νόμῳ
2792 1228 2806 1242 ⁸
2872 1212 3008 1281 Γυνὴ
3068 1213 3186 1280 ἥτις
3233 1213 3320 1272 ἐὰν
3364 1219 3749 1294 σπερματισθῇ,
3801 1215 3891 1270 καὶ

495 1296 731 1378 peperit
780 1298 1134 1361 masculum.
1166 1297 1339 1376 Virgo
1371 1308 1570 1360 autem
1605 1317 1723 1359 non
1752 1298 2029 1378 concepit
2076 1298 2151 1358 de

2237 1302 2364 1379 τέκῃ
2417 1299 2571 1381 ἄρσεν
2606 1317 2619 1332 ⁶
2703 1304 2737 1371 ἡ
2815 1301 2870 1359 δὲ
2946 1304 3203 1383 Παρθένος
3287 1304 3384 1360 οὐκ
3466 1304 3887 1381 ἐσπερματίσθη,

495 1385 751 1466 semine,
786 1385 890 1448 sed
925 1405 994 1447 ex
1022 1385 1247 1468 Spiritu
1279 1395 1484 1449 sancto
1507 1390 1740 1469 peperit
1769 1405 1783 1450 :
1813 1388 1971 1448 unde
1994 1387 2153 1447 nulla

2237 1389 2355 1447 ἀλλ’
2431 1391 2491 1447 ἐκ
2542 1392 2847 1468 Πνεύματος
2904 1392 3057 1471 ἁγίου
3128 1391 3305 1449 ἔτεκεν
3334 1412 3348 1428 ⁶
3400 1394 3538 1450 ὥστε
3584 1396 3680 1450 οῦκ
3730 1394 3891 1474 εἶχεν

494 1473 661 1536 illam
679 1474 1010 1537 necessitas
1031 1475 1303 1555 urgebat;
1319 1475 1425 1538 sed
1438 1480 1641 1538 volens
1658 1476 1911 1555 implere
1932 1477 2148 1557 legem,

2237 1480 2500 1559 ἀνάγκην,
2559 1479 2696 1537 ἀλλὰ
2740 1480 3023 1560 πληρῶσαι
3072 1483 3164 1538 τὸν
3193 1484 3355 1559 νόμον
3386 1483 3634 1563 θέλουσα,
3667 1473 3892 1550 ἀνῆλθεν

497 1563 658 1625 venit
689 1563 749 1624 in
772 1564 1288 1644 templum.Quare
1314 1575 1510 1626 autem
1540 1565 1600 1625 in
1634 1566 1897 1627 masculo
1921 1574 2149 1646 septem

2237 1571 2309 1634 εἰς
2367 1574 2429 1627 τὸ
2485 1571 2644 1649 ἱερόν.
2684 1572 2782 1627 Διὰ
2808 1572 2858 1628 τί
2900 1570 2953 1627 δὲ
2983 1573 3071 1629 ἒπὶ
3114 1571 3211 1647 μὶν
3259 1571 3441 1652 ἄρσενι
3495 1573 3629 1629 ἑπτὰ
3670 1572 3887 1651 ἡμέραι,

497 1652 651 1732 dies,
679 1652 738 1713 in
775 1654 1025 1715 muliere
1055 1673 1193 1716 vero
1234 1654 1326 1715 bis
1373 1654 1619 1715 totidem
1647 1654 1678 1715 ?
1718 1655 1930 1716 Mulier
1965 1656 2148 1729 enim,

2237 1658 2321 1717 ἐπὶ
2350 1657 2405 1715 δὲ
2435 1660 2622 1734 θηλείᾳ
2650 1658 2839 1718 διπλαῖ
2872 1680 2889 1741 ;
2950 1662 3087 1730 Γυνὴ
3134 1663 3253 1741 γὰρ,
3289 1664 3473 1742 φησὶν,
3507 1662 3598 1718 ἐὰν
3641 1683 3889 1741 σπερμα-

500 1742 769 1823 inquit,si
790 1751 1066 1824 suscepto
1089 1746 1320 1806 semine
1345 1745 1677 1808 masculum
1713 1744 2154 1825 pepererit,im-

2237 1753 2418 1830 τισθῇ,
2497 1752 2589 1807 καὶ
2664 1749 2797 1828 τέκῃ
2881 1750 3060 1829 ἄρσεν,
3141 1753 3277 1807 ἑπτὰ
3326 1752 3527 1830 ἡμέρας
3598 1751 3892 1831 ἀκάθαρτος

496 1832 720 1893 munda
750 1832 864 1893 erit
894 1841 1120 1912 septem
1155 1833 1371 1895 diebus
1406 1855 1418 1896 :
1454 1835 1545 1895 sin
1587 1839 1814 1895 autem!
1841 1833 2149 1905 feminam,

2238 1838 2384 1896 ἕσται
2420 1855 2434 1869 ⁸
2483 1838 2570 1896 ἐὰν
2616 1837 2670 1896 δε
2698 1840 2856 1919 θῆλυ,
2908 1839 2983 1905 δὶς
3016 1841 3171 1901 ἑπτὰ.
3222 1839 3445 1909 Ἐπειδὴ
3474 1843 3509 1909 ἡ
3544 1842 3641 1912 μὲν
3669 1848 3893 1897 τεκοῦτα

496 1920 805 1983 immunda
828 1921 942 1983 erit
973 1923 1204 1984 duabus
1238 1922 1737 1985 hebdomadibus.
1773 1922 2059 1995 Quoniam
2086 1941 2154 1985 ea

2237 1930 2297 1985 τὸ
2356 1926 2535 2008 ἄρσεν,
2568 1927 2807 2009 δεύτερον
2851 1927 3021 2005 Ἀδὰμ
3065 1932 3139 1993 εἰς
3182 1932 3273 1988 τὸν
3320 1931 3523 2006 κόσμον
3556 1932 3841 2008 εἰσήγαγεν
3874 1950 3891 1965 ο

497 2028 629 2091 quae
646 2012 949 2091 pepererit
969 2013 1127 2091 quod
1147 2013 1473 2074 masculum
1489 2013 1940 2087 est,secundum
1962 2012 2152 2075 Adam

496 2098 558 2161 in
588 2100 877 2161 mundum
904 2100 1310 2173 induxit.Qum
1338 2121 1479 2163 vero
1520 2102 1674 2183 1u0d
1709 2101 2030 2174 muliebre,
2052 2121 2154 2163 se-

498 2187 756 2250 cundam
787 2187 965 2250 Evam
1006 2191 1330 2271 pepererit,
1365 2209 1467 2252 vas
1499 2199 1669 2272 putre
1692 2199 1748 2253 et
1774 2190 1997 2265 debile,
2021 2210 2152 2251 am-

499 2278 748 2358 phoram
775 2280 1110 2341 contritam.
1153 2280 1426 2342 baculum
1461 2280 2155 2361 deceptionis,induc'ri-

500 2387 632 2431 cem
691 2368 1133 2433 inobedientiae.
1190 2372 1357 2444 Quod
1390 2381 1589 2435 autem
1628 2373 1795 2447 dicit,
1830 2372 2020 2435 Omne
2042 2375 2153 2433 ad-

501 2459 777 2540 aperiens
825 2461 1052 2523 vulvam
1104 2470 1376 2523 sanetum
1434 2462 1728 2524 Domino:
1792 2463 2030 2544 proprie
2080 2464 2153 2523 ad

504 2548 809 2611 Christum
828 2550 1019 2611 solum
1042 2551 1472 2632 pertinet.Ipse
1496 2552 1654 2612 enim
1682 2552 1911 2629 aperuit
1931 2551 2154 2612 vulvam

504 2637 792 2717 Virginis,
825 2659 959 2700 cum
992 2641 1123 2701 aliis
1154 2643 1239 2702 vir
1280 2641 1506 2723 aperiat
1554 2642 1807 2702 vulvam.
1860 2643 2154 2703 Caeterum

508 2746 617 2807 par
658 2736 956 2790 turturum
988 2730 1191 2791 offerri
1218 2730 1399 2811 jussit
1436 2731 1885 2803 lex,ostentlens
1907 2730 2061 2811 quod
2087 2749 2157 2791 ex

506 2824 669 2878 casto
699 2819 975 2898 conjugiu
1010 2830 1357 2896 procreatus
1387 2820 1486 2882 sit.
1524 2820 1739 2883 Dicunt
1771 2820 1930 2882 enim
1964 2828 2156 2881 turtu-

503 2928 630 2972 rem
656 2930 787 2973 esse
806 2921 1032 2974 castum
1054 2913 1299 2987 animal,
1335 2932 1591 2994 cumque
1623 2915 1934 2993 conjugem
1976 2912 2155 2973 amit-

505 3003 594 3075 tit,
630 3020 747 3063 non
778 3002 1042 3064 secundo
1074 3022 1138 3063 se
1168 3003 1432 3083 capulet.
1467 3001 1613 3065 Cum
1639 3015 1841 3063 autem
1895 3020 2012 3063 non
2050 3003 2157 3062 lia-

506 3093 720 3154 berent
746 3101 1031 3168 turtures,
1066 3095 1403 3157 offerebant
1432 3095 1581 3156 duos
1614 3096 1805 3176 pullos
1839 3094 2155 3155 columba-

501 3199 661 3259 rum,
695 3192 757 3245 ut
780 3184 1190 3265 multiplicatio
1216 3185 1399 3266 prolis
1429 3186 1599 3246 ﬁeret
1629 3184 1742 3244 vita
1777 3183 1944 3262 pueri
1970 3182 2150 3246 illius:

501 3271 823 3333 fecundum
857 3273 1014 3334 enim
1046 3274 1266 3335 animal
1299 3274 1595 3336 columba.

584 3361 769 3426 Vsus.
795 3362 1014 3427 25-31
1047 3389 1073 3419 α
1098 3364 1168 3426 Et
1196 3383 1338 3426 ecce
1370 3366 1547 3425 homo
1570 3372 1697 3426 erat
1731 3363 2155 3444 Hierosolymis

501 3453 595 3513 cui
629 3471 845 3514 nomen
874 3453 1143 3534 Simeon,
1178 3462 1236 3516 et
1267 3454 1443 3515 homo
1478 3457 1588 3515 iste
1631 3454 1827 3533 justus
1875 3472 1945 3513 ac
1996 3454 2148 3533 pius,

502 3553 851 3623 exspectans
880 3543 1346 3605 consolationem
1380 3542 1587 3617 Israel,
1624 3554 1681 3603 et
1710 3541 1966 3623 Spiritus
1989 3562 2153 3602 sanc-

504 3646 596 3699 tus
609 3645 931 3718 eratsuper
944 3647 1168 3700 eumzet
1184 3632 1534 3718 responsum
1561 3634 2154 3717 acceperataSpiritu

500 3736 854 3804 sancto,non
887 3729 1148 3789 visurum
1180 3748 1245 3790 se
1284 3739 1552 3802 mortem,
1589 3729 1703 3790 nisi
1747 3729 1908 3808 prius
1935 3729 2155 3788 videret

502 3815 801 3881 Christum
857 3817 1117 3880 Domini.
1152 3817 1226 3878 Et
1256 3814 1418 3879 venit
1448 3836 1556 3898 per
1585 3817 1868 3897 Spiritum
1906 3816 1963 3876 in
2002 3833 2155 3875 tem-

504 3910 913 3991 plum.Etcum
930 3911 1285 3973 inducerent
1306 3930 1554 3991 puerum
1576 3910 1782 3972 Jesum
1807 3919 2076 3990 parentes
2096 3918 2158 3972 ut

500 4000 765 4061 facerent
784 4001 1109 4075 secundum
1127 3999 1619 4061 consuetudinem
1642 3999 1787 4079 legis
1802 4017 1905 4079 pro
1927 3999 2156 4077 eo,ipse

502 4108 744 4169 quoque
775 4090 1003 4167 accepit
1047 4107 1181 4150 eum
1218 4089 1276 4149 in
1310 4088 1480 4149 ulnas
1530 4107 1691 4162 suas,
1741 4097 1797 4149 et
1848 4088 2157 4151 benedixit

2235 2019 2271 2087 ἡ
2332 2016 2386 2075 δὲ
2456 2020 2518 2075 τὸ
2580 2018 2737 2093 θῆλυ,
2798 2018 3041 2098 δευτέραν
3104 2021 3239 2077 Εὕαν
3315 2020 3515 2078 ἔτεκεν*
3572 2023 3635 2077 τὸ
3704 2022 3895 2098 σαθρὸν

2237 2118 2448 2186 σκεῦος,
2507 2114 2569 2169 τὸ
2625 2112 2840 2177 ἀσθενὲς
2891 2112 3137 2191 ἀγγεῖον,
3189 2114 3249 2169 τὸ
3307 2112 3750 2192 συντετριμμένον
3795 2134 3894 2168 κε-

2238 2203 2449 2281 ράμιον,
2508 2202 2606 2269 τὴν
2665 2203 2955 2281 βακτηρίαν
2998 2202 3097 2269 τῆς
3144 2202 3379 2274 ἀπάτης,
3422 2204 3520 2271 τὴν
3550 2203 3895 2282 χειραγωγὸν

2237 2297 2335 2358 τῆς
2397 2293 2698 2371 παρακοῆς.
2759 2300 2851 2348 τοῦ
2910 2290 2964 2347 δὲ
3009 2292 3172 2368 νόμου
3216 2291 3467 2370 λέγοντος
3502 2306 3517 2322 ⁹
3565 2298 3675 2347 Πᾶν
3700 2293 3761 2347 τὸ
3806 2289 3892 2346 δι-

2237 2394 2460 2459 ανοῖγον
2519 2382 2751 2461 μήτραν,
2796 2381 2949 2461 ἅγιον
2995 2389 3072 2456 τῷ
3120 2387 3314 2461 Κυρίῳ,
3350 2383 3423 2443 εἰς
3476 2382 3700 2455 Χριστὸν
3731 2380 3894 2455 μόνον

2237 2472 2429 2549 κυρίως
2480 2468 2635 2538 ἒξέόη
2666 2473 2821 2527 τοῦτο
2848 2487 2861 2501 ⁸
2930 2473 3086 2535 αὐτὸς
3136 2473 3237 2549 γὰρ
3283 2470 3514 2541 διήνοιξε
3542 2472 3641 2537 τὴν
3686 2472 3893 2547 μήτραν

2236 2565 2335 2627 τῆς
2398 2559 2680 2641 Παρθένου,
2735 2560 2846 2617 ἐπεὶ
2877 2573 2999 2627 ταῖς
3045 2582 3107 2640 γε
3157 2559 3342 2622 ἄλλαις
3378 2562 3664 2640 μητράσιν,
3700 2561 3727 2615 6
3759 2559 3893 2635 ἀνὴρ

2239 2646 2489 2727 διανοίγει
2536 2648 2634 2716 τὴν
2714 2652 2943 2728 μήτραν,
3028 2658 3219 2729 Ζεῦγος
3290 2648 3344 2705 δὲ
3400 2649 3665 2729 τρυγόνων
3725 2670 3893 2728 προσο

2240 2740 2415 2819 φέρειν
2446 2736 2718 2795 ἐκέλευσεν
2750 2742 2777 2796 6
2835 2741 3019 2820 νόμος,
3070 2739 3321 2796 δεικνύων
3376 2738 3457 2795 ὅτι
3489 2740 3594 2794 ὰπὸ
3625 2739 3893 2817 σώφρονος

2240 2829 2482 2909 συζδγίας
2540 2831 2574 2898 ἡ
2631 2827 2940 2887 παιδοποιία
2976 2851 2988 2865 ·
3049 2832 3175 2911 φασὶ
3204 2831 3303 2909 γὰρ
3346 2850 3445 2897 την
3474 2829 3720 2908 τρυγόνα,
3780 2834 3894 2884 σῶ-

2239 2941 2367 2999 φρον
2422 2918 2564 2975 εἶναι
2594 2925 2753 2993 ζῶον,
2788 2919 2925 2975 ὥστε
2982 2922 3067 2976 καὶ
3111 2917 3482 2977 ἀποϐαλοῦσαν
3529 2920 3620 2974 τὸν
3650 2918 3892 2995 σύζυγον,

2241 3008 2319 3085 μὴ
2376 3006 2785 3088 δευτερογαμεῗν
2822 3028 2836 3045 ο
2901 3011 2944 3065 εἰ
2999 3009 3053 3064 δὲ
3108 3009 3186 3084 μὴ
3220 3009 3381 3089 εἶχον
3410 3007 3693 3087 τρυγόνας,
3721 3028 3895 3085 προσ-

2244 3096 2423 3177 έφερον
2472 3097 2561 3155 δύο
2617 3100 2862 3161 νεοσσοὺς
2908 3099 3255 3176 περιστερῶν,
3317 3097 3408 3153 ἵνα
3464 3095 3547 3152 ἐπὶ
3607 3095 3896 3168 πολυτοκίᾳ

2238 3187 2458 3264 γένηται
2506 3191 2541 3256 ὴ
2604 3195 2716 3259 ζωὴ
2758 3195 2849 3244 τοῦ
2881 3187 3063 3250 παιδὸς
3114 3187 3315 3243 ἐκείνου
3342 3206 3356 3221 ⁶
3400 3188 3435 3255 ἡ
3467 3187 3567 3265 γὰρ
3609 3187 3895 3264 περιστερὰ

2238 3275 2534 3335 πολύτοκον
2565 3280 2699 3349 ζῶον
2711 3326 2724 3340 ,

2323 3393 2348 3423 α
2401 3371 2498 3427 Καὶ
2528 3368 2637 3426 ἰδοὺ
2666 3371 2731 3435 ἦν
2792 3368 3066 3447 ἅνθρωπος
3120 3368 3174 3425 ἐν
3237 3359 3607 3446 Ἰερουσαλὴμ,
3640 3369 3686 3439 ᾧ
3728 3364 3897 3440 ὄνομα

2240 3459 2457 3534 Συμεών
2483 3477 2498 3493 ⁶
2534 3460 2621 3515 καὶ
2677 3461 2705 3515 6
2737 3457 3009 3532 ἅνθρωπος
3068 3460 3242 3538 οὗτος,
3280 3456 3476 3518 δίκαιος
3508 3458 3592 3514 καὶ
3638 3452 3891 3527 εὐλαϐὴς,

2236 3547 2669 3630 προσδεχόμενος
2727 3548 3062 3627 παράκλησιν
3110 3556 3202 3606 τοῦ
3254 3545 3469 3625 Ἰσραὴλ
3502 3561 3517 3577 ⁸
3553 3547 3638 3602 καὶ
3684 3551 3896 3618 Πνεῦμα

2237 3638 2389 3717 ἅγιον
2441 3639 2506 3707 ἧν
2568 3637 2654 3696 ἐπ’
2697 3641 2879 3720 αύτὸν,
2929 3640 3014 3695 mi
3067 3637 3132 3705 ἧν
3196 3642 3337 3710 αὒτῷ
3391 3632 3896 3715 κεχρηματισμένον

2239 3729 2340 3783 ὑπὸ
2398 3751 2491 3785 το)
2552 3730 2856 3805 Πνεύματος
2917 3736 3009 3785 τοῦ
3091 3728 3267 3806 ἀγῖου,
3347 3728 3425 3802 μὴ
3482 3724 3614 3781 ἰδεῖν
3672 3723 3895 3779 θάνατον

2240 3818 2358 3896 πρὶν
2414 3817 2450 3885 ἢ
2513 3816 2605 3895 ἴδῃ
2667 3821 2755 3875 τὸν
2803 3820 3026 3897 Χριστὸν
3076 3818 3260 3896 Κυρίου
3294 3831 3308 3844 '
3370 3816 3457 3870 καὶ
3504 3812 3662 3881 ἦλθεν
3705 3812 3758 3867 ἐν
3821 3820 3898 3885 τῷ

2239 3908 2505 3982 Πνεύματι
2561 3910 2632 3971 εἰς
2692 3911 2753 3965 τὸ
2805 3909 2945 3987 ἱερόν
2978 3928 2993 3945 ο
3058 3909 3148 3963 καὶ
3198 3906 3252 3961 ἐν
3308 3910 3385 3978 τῷ
3441 3905 3747 3980 εἰσαγαγεῖν
3773 3900 3895 3963 τοὺς

2238 4009 2419 4075 γονεῖς
2451 3997 2510 4053 τὸ
2553 3996 2760 4054 παιδίον
2823 3996 3052 4073 Ἰησοῦν,
3112 4004 3204 4053 τοῦ
3260 4000 3482 4062 ποιῆσαι
3542 3993 3732 4055 αὐτοὺς
3760 3991 3897 4047 κατα

2238 4088 2298 4141 τὸ
2332 4086 2622 4162 εἰθισμένον
2653 4087 2743 4144 τοῦ
2800 4087 2961 4163 νόμου
3016 4088 3134 4164 περὶ
3166 4086 3346 4162 αὐτοῦ,
3380 4084 3466 4139 καὶ
3500 4083 3655 4146 αὐτὸς
3688 4079 3898 4145 ἐδέξατο

503 4180 720 4250 Deum,
752 4197 822 4239 ac
853 4177 1001 4238 dixit
1036 4198 1049 4240 :
1081 4179 1250 4240 Nunc
1277 4178 1533 4240 absolvis
1555 4197 1789 4239 servum
1814 4188 1996 4245 tuum.
2025 4179 2147 4239 Do-

2237 4176 2358 4232 αὑτὸ
2404 4178 2477 4240 εἰς
2518 4178 2613 4239 τὰς
2648 4176 2885 4255 ἀγκάλας
2925 4179 3078 4233 αύτοῦ
3112 4192 3125 4205 °
3176 4176 3261 4231 καὶ
3293 4173 3552 4251 εὖλόγησε
3584 4173 3676 4226 τὸν
3736 4171 3893 4255 θεὸν,

501 4270 687 4348 mine,
718 4268 1048 4331 secundum
1083 4266 1329 4330 verbum
1367 4268 1624 4348 mum,in
1658 4268 1971 4348 pacezquia
1994 4269 2151 4329 vitle-

2237 4267 2320 4321 καὶ
2351 4266 2523 4341 εἶπεή
2585 4268 2686 4323 Νῦν
2743 4265 2993 4331 ἀπολύεις
3043 4266 3134 4322 τὸν
3194 4262 3377 4320 δοῦλόν
3441 4284 3560 4341 σου,
3625 4259 3891 4327 Δέσποτα,

499 4368 639 4421 runt
674 4347 829 4419 oculi
879 4356 996 4418 mei
1043 4358 1302 4420 salutare
1354 4347 1548 4429 tuum,
1578 4347 1733 4438 quod
1773 4347 1985 4438 parasti
2015 4366 2152 4419 ante

2237 4354 2369 4410 κατὰ
2426 4356 2488 4411 τὸ
2531 4356 2679 4434 ῥῆμά
2729 4379 2847 4431 σου,
2897 4355 2951 4411 ἐν
2985 4357 3170 4435 εἰρήνῃ
3206 4373 3223 4389 ο
3257 4354 3337 4410 ὅτι
3383 4351 3529 4409 εἶδον
3559 4353 3604 4406 οἱ
3635 4347 3898 4429 ὀφθαλμοί

497 4447 708 4510 faciem
733 4447 998 4510 omnium
1014 4446 1393 4527 populorum:
1413 4446 1614 4509 lumen
1637 4448 1708 4507 ad
1728 4446 2150 4509 revelationem

2237 4466 2338 4519 μου
2391 4447 2452 4500 τὸ
2497 4446 2760 4524 σωτήριόν
2812 4468 2928 4520 σου,
2985 4447 3013 4502 ὃ
3062 4446 3359 4521 ἡτοίμασας
3414 4443 3553 4499 κατὰ
3608 4442 3896 4517 πρόσωπον

496 4536 792 4616 gentium,
827 4545 883 4598 et
932 4536 1184 4615 gloriam
1246 4535 1439 4616 plebis
1482 4546 1594 4597 tute
1624 4535 1827 4599 Israel.
1864 4540 1998 4599 Non
2031 4544 2156 4598 erat

495 4624 738 4690 Simeon
771 4626 1187 4701 sacerdos,sed
1214 4626 1391 4686 homo
1418 4627 1603 4687 Deum
1629 4635 1928 4697 amans,et
1951 4644 2156 4705 exspe-

494 4724 659 4778 etans
672 4715 912 4797 quando
926 4715 1405 4779 veniatChristus
1418 4715 1842 4799 consolaturus
1855 4714 2153 4797 Hebraeos,

493 4814 553 4866 et
580 4805 941 4867 liberaturus
974 4824 1008 4865 a
1040 4804 1328 4866 servitute
1375 4803 1630 4884 peccati,
1663 4804 1814 4866 forte
1846 4816 1905 4865 et
1929 4823 2001 4866 ea
2039 4823 2156 4886 qua

492 4895 781 4959 Romanis
812 4903 870 4955 et
893 4893 1111 4955 Herodi
1158 4893 1519 4957 serviebant.
1570 4891 1718 4955 Nam
1768 4894 1867 4974 qui
1918 4894 2153 4955 Christo

491 4984 705 5055 credit,
741 4983 895 5046 liber
915 4993 1006 5045 est
1038 5001 1270 5057 revera,
1308 4991 1365 5045 et
1414 4983 1737 5043 honoratur
1759 5002 1792 5043 a
1816 4983 2054 5063 regibus
2084 5003 2152 5046 ac

489 5072 833 5137 hominibus
859 5072 1161 5141 omnibus.
1195 5070 1346 5135 Vide
1392 5072 1715 5152 apostolos,
1758 5093 1875 5133 non
1913 5073 2153 5134 fuerunt

489 5163 643 5226 servi
668 5165 1109 5227 Romanorum?
1125 5161 1228 5223 sed
1252 5179 1410 5222 nunc
1435 5171 1790 5223 venerantur
1812 5181 1914 5223 eos
1939 5164 2152 5226 Roma.

2237 4534 2451 4591 πάντων
2500 4540 2607 4590 τῶν
2665 4534 2808 4591 λαῶν
2845 4552 2859 4567 ·
2913 4540 3023 4615 φῶς
3070 4537 3145 4597 εἰς
3197 4530 3531 4606 ἀποκάλυψιν
3587 4531 3771 4603 ἐθνῶν,
3808 4537 3899 4591 καὶ

2236 4621 2387 4689 δόξαν
2448 4622 2581 4681 λαοῦ
2622 4646 2717 4681 σου
2768 4624 3007 4705 Ἰσραήλ.
3049 4649 3072 4683 ιι
3112 4626 3219 4684 Οὐκ
3261 4628 3327 4693 ἦν
3377 4624 3545 4701 ἱερεὺς
3587 4623 3614 4677 ὁ
3648 4620 3895 4694 Συμεὼν.

2236 4713 2355 4770 ἄλλ’
2402 4713 2672 4795 ἄνθρωπος
2703 4715 2976 4796 θεοφιλὴς,
3036 4717 3125 4773 καὶ
3163 4711 3705 4796 προσδεχόμενος-ὄτι
3739 4707 3897 4764 ἐλεύ-

2236 4825 2384 4859 σεται
2431 4806 2458 4860 ὁ
2499 4792 2763 4882 Χριστὸς,
2808 4792 3346 4884 παραμυθησόμενος
3418 4804 3539 4865 τοὺς
3599 4792 3895 4875 Ἐϐραίους,

2236 4894 2325 4949 καὶ
2376 4892 2657 4950 ἀπολύσων
2712 4900 2811 4962 τῆς
2871 4893 3106 4959 δουλείας
3165 4896 3260 4963 τῆς
3320 4894 3421 4949 ὑπὸ
3463 4892 3564 4958 τὴν
3610 4889 3893 4966 ἂμαρτίαν,

2234 4983 2383 5063 τάχα
2414 4980 2468 5039 δὲ
2501 4986 2716 5051 καὶτῆς
2771 4986 2872 5041 ὑπό
2917 4986 3038 5048 τοὺς
3100 4977 3387 5060 Ῥωμαίους
3447 4984 3536 5038 καὶ
3590 4982 3681 5036 τὸν
3714 4971 3897 5057 Ἠρώ-
3934 5006 3942 5012 -

2234 5071 2329 5139 δην
2365 5089 2381 5104 ⁹
2441 5074 2469 5130 ὅ
2513 5075 2612 5152 γὰρ
2644 5081 2721 5150 τῷ
2773 5082 2990 5154 Χριστῷ
3020 5077 3328 5149 πιστεύσας,
3366 5072 3633 5150 ἐλεύθερος
3665 5074 3743 5142 τῷ
3784 5066 3897 5124 ὄντι

2236 5162 2398 5243 ἐστὶν,
2432 5165 2536 5220 ὑπὸ
2590 5163 2853 5240 βασιλέων
2898 5167 2986 5221 καὶ
3044 5166 3254 5225 πάντων
3314 5168 3421 5220 τῶν
3465 5162 3753 5239 ἀνθρώπων
3811 5180 3889 5215 τι.

491 5272 703 5315 norum
734 5272 931 5334 reges.
989 5253 1194 5334 Itaque
1241 5252 1349 5313 hos
1394 5270 1529 5312 cum
1588 5261 1791 5313 essent
1842 5252 2145 5328 Israelitte,

2237 5251 2503 5329 μώμενος.
2539 5250 2664 5311 ’Ἴδε
2706 5255 2829 5319 τοὺς
2855 5252 3183 5317 ἀποστόλους
3220 5271 3232 5284 ’
3272 5257 3367 5312 οὐκ
3402 5253 3543 5318 ἦσαν
3587 5246 3761 5305 δοῦλοι
3786 5254 3895 5303 τῶν

487 5332 832 5404 consolatus
862 5352 953 5405 est
978 5332 1272 5405 Christus.
1310 5343 1493 5403 Porro
1530 5341 1623 5401 hic
1656 5339 1901 5403 Simeon
1926 5340 2149 5422 Spiritu

2237 5332 2507 5417 Ῥωμαίων
2542 5360 2557 5375 ο
2618 5341 2752 5399 ὑλλὰ
2808 5345 2898 5399 νῦν
2954 5343 3157 5419 τιμῶσι
3213 5344 3302 5399 καὶ
3357 5348 3738 5421 προσκυνοῦσιν
3791 5336 3895 5391 αὒ-

488 5440 690 5491 sancto
727 5442 922 5495 motus
951 5430 1303 5493 ascenditin
1326 5429 1611 5509 templum
1639 5432 1875 5511 quando
1903 5428 2149 5491 adduxit

2237 5431 2351 5494 τοὺς
2409 5434 2457 5487 οἱ
2504 5422 2779 5508 Ῥωμαίων
2834 5431 3078 5510 βασιλεῖς
3114 5452 3129 5467 ⁶
3176 5430 3285 5488 ἰδοὺ
3339 5432 3428 5488 οὖν
3478 5431 3681 5493 τούτοις
3710 5427 3889 5502 παρά-

490 5519 807 5582 Dominum
832 5518 1038 5597 Mater,
1072 5529 1133 5581 et
1156 5526 1436 5600 suscepto
1469 5518 1595 5593 illo,
1622 5520 1807 5583 Deum
1838 5521 2147 5581 confessus

2237 5520 2420 5588 ιιλησις
2467 5521 2684 5602 γέγονεν
2732 5525 2760 5578 6
2810 5524 3057 5604 Χριστὸς,
3122 5520 3479 5602 Ἰσραηλίταις
3510 5518 3655 5576 οὖσιν
3688 5535 3703 5549 ⁸
3739 5518 3893 5579 οὗτος

561 5651 625 5703 68
657 5653 839 5715 Levit.
868 5670 976 5736 xu,
1008 5654 1070 5729 3,
1103 5655 1166 5718 4.
