4232 6476
441 375 568 440 ’799

1189 378 1636 442 ENARRATIO
1679 378 1760 440 IN
1808 373 2312 440 EVANGELIUM
2362 372 2604 438 LUGIE.
2650 411 2723 420 —
2769 376 2935 439 CAP.
2988 377 3064 438 II.

3718 367 3835 436 730

430 510 521 568 οὖν
576 514 604 568 ὁ
665 515 910 588 Συμεὼν,
961 514 1222 588 Πνεύματι
1285 513 1419 591 ἀγίῳ
1486 513 1822 589 κινούμενος,
1868 507 2070 578 ἀνῆλθε·

2173 501 2508 591 est.Dicere
2531 505 2670 569 289
2690 507 3054 589 enim,Nunc
3079 508 3336 571 absolvis
3367 525 3604 572 servum
3629 515 3823 580 tuum,

433 603 507 666 είς
557 602 617 659 τό
670 604 834 682 ἱερὸν,
869 602 957 659 ὅτε
988 603 1228 682 ἀνήγαγε
1277 605 1368 659 τὸν
1425 603 1620 682 Κύριον
1670 605 1704 671 ἡ
1736 604 1919 680 μήτηρ
1955 618 1968 632 ⁸
2001 601 2088 656 καὶ

433 689 717 768 δεξάμενος
766 694 944 764 αὑτὸν,
1009 695 1138 750 θεὸν
1197 693 1456 771 ὁμολογεῖ⁹
1489 711 1504 726 ⁸
1565 695 1626 750 τὸ
1655 695 1755 771 γὰρ
1787 695 1960 750 εἰπεῖν
2003 697 2091 746 νῦν

432 781 683 847 ἀπολύεις
739 805 833 859 με,
902 783 1173 864 Δέσποτα,
1221 783 1611 862 ὁμολογοῦντός
1657 786 1822 862 ἔστιν,
1867 781 1948 839 ὅτι
1977 779 2092 842 Κύ-

432 892 542 948 ριος
587 871 740 934 αὐτός
792 871 903 928 ἔστι
960 879 1100 943 ζωῆς
1155 875 1241 930 καὶ
1279 874 1530 934 θανάτου.
1579 864 1732 952 ’Ὅρα
1775 871 1829 929 δὲ
1871 879 1986 940 πῶς
2045 867 2091 928 οἶ

430 961 602 1040 ἅγιοι,
660 959 856 1037 δεσμὸν
898 961 1198 1041 λογίζονται
1257 964 1319 1020 τὸ
1376 964 1533 1039 σῶμα
1569 984 1584 1000 ο
1647 961 1728 1019 διὸ
1785 964 1874 1020 καὶ
1915 961 2084 1038 λέγει·

433 1049 538 1107 Νὖν
564 1049 838 1126 ἀπολύεις,
894 1054 968 1112 ὡς
1013 1052 1118 1108 ἀπὸ
1161 1050 1356 1126 δεσμοῦ
1392 1071 1405 1086 ·
1469 1053 1604 1110 κατὰ
1633 1054 1694 1108 τὸ
1721 1052 1866 1130 ῥῆμά
1896 1073 1990 1107 σου
2032 1050 2086 1106 δὲ

429 1139 581 1212 εἶπε,
615 1138 701 1196 διὰ
741 1142 833 1196 τὸν
863 1143 1116 1221 χρηστὸν
1147 1143 1204 1197 ὃν
1249 1139 1455 1216 ἔλαϐεν,
1506 1141 1586 1198 ὅτι
1618 1146 1678 1201 οὔ
1721 1142 1800 1218 μὴ
1846 1140 2083 1219 ἀποθάνῃ

424 1228 527 1294 ἕως
569 1232 630 1285 οὔ
679 1227 771 1296 ἴδη
832 1232 924 1287 τὸν
970 1232 1192 1308 Χριστόν
1224 1247 1238 1261 ⁸
1287 1233 1349 1288 τὸ
1379 1231 1456 1301 δὲ,
1486 1231 1540 1289 ἐν
1571 1233 1777 1312 εἰρήνῃ,
1812 1232 1924 1287 ἀντὶ
1965 1239 2078 1310 τοῦ,

423 1317 480 1374 ἰν
535 1317 826 1376 ἀναπαύσει
862 1338 878 1354 ·
935 1319 1036 1385 ἕως
1094 1321 1193 1395 μὲν
1237 1323 1336 1400 γὰρ
1397 1328 1463 1398 ζῇ
1492 1324 1520 1378 ὁ
1552 1320 1846 1400 ἅνθρωπος,
1879 1322 2076 1397 ταράτ-

421 1428 592 1488 τεται,
640 1409 775 1466 κοιθά
803 1410 892 1466 καὶ
925 1409 1096 1466 Δαυῖὃ
1122 1409 1265 1490 λέγει
1302 1431 1315 1443 ·
1367 1411 1646 1468 ἀποθατὼν
1675 1409 1754 1485 δὲ,
1801 1408 2074 1490 εἰρηνεύειο

423 1498 513 1554 καὶ
569 1495 747 1563 ἄλλως
791 1496 844 1554 δὲ
879 1501 940 1555 τὸ
972 1499 1026 1555 ἐν
1059 1501 1242 1578 εἷρὴνῃ
1288 1502 1524 1580 νοήσεις,
1555 1500 1847 1580 τουτέστιν,
1895 1500 1949 1557 ἐν
2007 1507 2075 1578 τῇ

423 1586 520 1654 τῆς
551 1583 761 1650 ἐλπῖδος
822 1586 1116 1662 ἀπολήψει,
1163 1591 1288 1669 Πρὶν
1345 1589 1441 1664 μὲν
1484 1591 1584 1669 γὰρ
1614 1588 1736 1670 ἴδω,
1771 1591 1924 1668 φησὶ,
1981 1589 2076 1645 τὸν

430 1677 639 1754 Κύριον,
695 1678 789 1734 οὒκ
872 1677 1137 1756 είρήνευον
1211 1692 1329 1736 τοῖς
1399 1677 1710 1758 λογισμοῖς,
1770 1677 2074 1757 προσδοκῶν

423 1764 584 1822 αὗτὸν
641 1767 730 1822 καὶ
799 1766 882 1822 ἀεὶ
938 1770 1226 1846 φροντίζων
1298 1769 1428 1825 πότε
1488 1768 1758 1826 ἐλεύσεται
1791 1785 1806 1801 ⁸
1881 1777 1966 1827 νῦν
2025 1767 2080 1824 δὲ

425 1855 719 1914 latin"
904 1860 1048 1914 I'
1198 1860 1556 1916 ’ρ·“ἀ
1797 1856 2081 1916 ίν⁸ἵ’

531 1881 548 1910 δ
605 1880 762 1916 αυτον
833 1880 902 1915 κα
1008 1881 1310 1937 ειρηνευσα,
1374 1882 1458 1917 και
1561 1883 1792 1941 ποοροντ
1815 1883 1932 1930 σαη
2035 1884 2062 1914 ν

421 1947 591 2012 οὕτως
625 1946 791 2021 εἴπω,
853 1947 1155 2025 ἀπολύομαι
1191 1969 1205 1984 ⁸

422 2059 591 2094 κωσιν
659 2043 751 2094 τοῦ
835 2045 1188 2118 Μονογενοῦς,
1249 2040 1314 2108 ἢν
1379 2039 1668 2114 ἡτοίμασεν
1728 2042 1754 2095 ὁ
1801 2041 1931 2103 Θεὸς
1981 2041 2082 2118 πρὸ

420 2127 638 2183 πάντων
685 2133 792 2184 τῶν
832 2127 1038 2184 αἰώνων
1070 2144 1085 2160 ⁸
1124 2129 1262 2184 κατά
1303 2130 1590 2209 πρόσωπον
1621 2127 1672 2184 δὲ
1718 2129 1931 2184 πάντων
1975 2135 2081 2184 τῶν

421 2216 566 2272 λαῶν
620 2219 817 2284 ταύτην
860 2218 959 2284 τὴν
1004 2217 1269 2295 σωτηρίαν
1301 2217 1592 2293 ἡτοίμασεν
1627 2223 1643 2248 ‘
1674 2216 1766 2274 ἵνα
1799 2219 1899 2296 γὰρ
1931 2218 2079 2294 σώσῃ

419 2307 512 2361 τὸν
545 2304 774 2383 κόσμον,
816 2309 904 2363 καὶ
949 2306 1042 2362 ’ἕνα
1097 2313 1258 2364 πᾶσιν
1310 2307 1615 2387 ἐμφανισθῇ
1669 2309 1697 2374 ἱ,
1730 2308 1887 2364 αὐτοῦ
1944 2306 2074 2384 σάρ-

422 2416 612 2468 κωσις,
680 2397 866 2452 τούτου
951 2395 1128 2452 ἕνεκεν
1197 2396 1498 2473 ἐσαρκώθη.
1578 2397 1648 2453 Τὸ
1701 2395 1756 2452 δὲ
1816 2397 2080 2470 σωτήριον

375 2519 380 2522 -
423 2491 578 2542 τοῦτο
639 2491 751 2565 φῶς
813 2485 956 2542 ἐστιν
1011 2487 1085 2548 εἰς
1142 2485 1480 2562 ἀποκάλυψιν
1542 2484 1725 2560 ἐθνῶν,
1785 2486 2076 2564 τουτέστιν,

422 2576 498 2640 εἰς
556 2577 830 2655 φωτισμόν
907 2581 1014 2631 τῶν
1090 2575 1479 2650 ἐσκοτισμένων
1538 2578 1724 2648 ὲθνῶν,
1784 2576 1872 2631 καὶ
1930 2573 2082 2639 δόξαν

422 2668 527 2721 τῶν
589 2665 935 2744 Ἰσραηλιτῶν
969 2680 984 2696 ⁸
1049 2664 1171 2730 δόξα
1229 2667 1330 2743 γαρ
1387 2668 1413 2721 ὁ
1470 2667 1694 2745 Χριστὸς
1732 2673 1826 2722 τοῦ
1865 2663 2077 2732 ἀληθῶς

424 2753 558 2810 λαοῦ
597 2762 692 2812 τοῦ
744 2753 980 2832 Ἰσραὴλ,
1040 2757 1169 2811 καθὸ
1222 2755 1275 2820 ἒξ
1334 2759 1504 2812 αὐτῶν
1562 2753 1884 2811 ἀνατέταλκε
1920 2772 1934 2786 ⁸
1991 2757 2077 2810 καὶ

425 2841 918 2921 ἐγκαλλωπίζονται
976 2843 1146 2916 τούτῳ
1215 2847 1262 2900 οἱ
1319 2844 1482 2907 ὅντως
1517 2845 1847 2921 εὔγνώμονες
1903 2847 2076 2902 Ταῧτα

417 2937 448 2991 ὁ
509 2933 752 3009 Συμεών.
806 2943 969 2991 Δοκεῖ
1007 2931 1062 2990 δέ
1104 2957 1196 3009 μοι
1240 2935 1328 2990 καὶ
1365 2936 1430 2990 τὰ
1471 2937 1565 2990 τοῦ
1600 2933 1768 2993 Δαυ³ιδ
1793 2933 1877 2990 ἐπὶ
1907 2934 2075 3008 τούτῷ

413 3023 668 3101 ἁρμόζειν
710 3025 787 3098 τῷ
817 3014 1058 3100 Συμεῶνι
1095 3039 1110 3054 ⁸
1147 3023 1496 3102 Μακρόττ,τος
1547 3025 1761 3102 ἡμερῶν
1811 3022 2076 3099 ἐμπλήσω

417 3115 595 3185 αὑτὸν,
631 3115 718 3168 καὶ
744 3111 894 3178 δείξω
922 3115 1062 3186 αὖτῷ
1091 3115 1152 3169 τὸ
1182 3114 1448 3191 σωτήριόν
1472 3136 1598 3189 μον.

504 3227 527 3257 ι
568 3204 664 3262 Καὶ
693 3203 760 3271 ἢν
805 3201 1003 3282 Ἰωσὴφ
1047 3204 1135 3259 καὶ
1180 3205 1214 3271 ἡ
1263 3205 1445 3282 μήτηρ
1476 3203 1656 3276 αὗτοῦ,
1713 3203 2070 3278 θαυμάζοντες

414 3293 502 3350 επὶ
558 3305 677 3354 τοῖς
764 3290 1111 3366 λαλουμένοις
1190 3292 1308 3369 περὶ
1365 3294 1524 3350 αὒτοῦ
1558 3312 1572 3326 ⁸
1635 3293 1723 3348 καὶ
1783 3290 2072 3369 εὖλόγησει

417 3382 607 3444 αὐτοὺς
658 3381 901 3456 Συμεὼν,
956 3383 1042 3437 καὶ
1101 3385 1224 3437 εἶπε
1282 3381 1413 3458 πρὸς
1474 3381 1688 3460 Μαριὰμ
1734 3381 1832 3448 τὴν
1868 3381 2073 3460 μητέρα

421 3475 578 3532 αὐτοῦ
609 3491 628 3510 °
683 3469 816 3528 ’ἰδοὺ
864 3478 1016 3536 ουτος
1047 3484 1224 3527 κεῖται
1282 3473 1356 3534 εἰς
1411 3475 1614 3528 πτῶσιν
1657 3472 1744 3526 καὶ
1787 3470 2073 3527 ἀνάστασιν

414 3561 628 3618 πολλῶν
682 3560 736 3615 ἐν
767 3568 844 3634 τῷ
888 3559 1124 3640 Ἰσραὴλ,
1150 3563 1237 3616 καὶ
1269 3563 1342 3625 εἷς
1375 3574 1605 3635 σημεῖον
1636 3559 2068 3638 ἀντιλεγόμενον⁸

408 3653 497 3708 καὶ
548 3658 643 3708 σοῦ
691 3650 746 3706 δὲ
803 3649 968 3715 αὐτῆς
1029 3651 1129 3716 τὴν
1187 3651 1374 3730 ψυχὴν
1431 3649 1752 3706 διελεύσεται
1809 3651 2061 3730 ῥομφαία,

409 3739 558 3803 ὅπως
603 3739 665 3796 ἂν
722 3737 1166 3819 ἀποκαλυφθῶσιν
1211 3740 1271 3796 ἐκ
1337 3739 1552 3798 πολλῶν
1609 3738 1837 3820 καρδιῶν
1888 3737 2060 3796 διαλο·

403 3832 610 3908 γισμοί.
654 3853 676 3884 ιι
738 3827 1010 3906 Εὖλόγησε
1058 3829 1154 3902 μὲν
1213 3829 1541 3910 ἀμφοτέρους
1598 3831 1625 3886 ὁ
1692 3829 1934 3905 Συμεών·
1969 3831 2058 3885 τὸν

399 3919 454 3976 δέ
500 3919 844 3994 νομιζόμενον
897 3917 1099 3996 πατέρα
1137 3919 1312 3999 ἀνρεὶς,
1365 3942 1496 3987 προς
1547 3922 1648 3976 τὴν
1693 3917 1906 3984 ἀληθῶς
1939 3942 2054 3993 μη-

395 4012 522 4088 τέρι
571 4009 851 4088 ἐφθέγγετι,
877 4025 893 4044 ο
941 4004 1095 4076 Ἰδοὺ,
1146 4011 1328 4088 φησὶν,
1371 4017 1519 4075 ουτος
1563 4009 1744 4064 κεῖται
1795 4010 1867 4071 εἷς
1898 4015 2052 4064 πτῶ-

399 4123 481 4158 σιν
539 4100 627 4154 καὶ
685 4097 970 4154 ἀνάστασιν
1029 4097 1240 4154 πολλῶν
1303 4099 1354 4154 ἐν
1415 4109 1491 4174 τῳ
1551 4097 1790 4178 Ἰσραήλ·
1857 4105 2058 4154 πτῶσιν

1351 4190 1639 4244 ἀνάστασιν
1682 4186 1760 4268 δὲ,
1819 4195 1923 4244 τῶν
1966 4211 2063 4244 πι-

1371 4017 1519 4075 ουτος

402 4189 523 4267 μὲν,
585 4194 690 4244 τῶν
751 4188 830 4262 μὴ
889 4187 1243 4243 πιστευόντων
1280 4206 1294 4221 ⁸

734 4297 747 4312 ⁸
782 4276 819 4345 ἢ
851 4278 937 4332 καί
982 4275 1182 4355 ἄλλως,
1235 4281 1306 4341 εἷς
1349 4280 1552 4334 πτὼσιν
1585 4292 1761 4333 κεῒτοι
1794 4279 1820 4334 ὁ
1857 4278 2064 4353 Κύριος,

1590 4368 1660 4428 εἷς
1697 4367 1989 4422 ἀνάστασιν
2019 4365 2070 4422 δὲ

400 4279 698 4335 στευόντων

403 4375 510 4424 τῶν
561 4369 620 4423 ἓν
677 4379 800 4430 ταῖς
851 4370 1059 4445 ψυχαῖς
1112 4370 1260 4440 ἡμῶν
1313 4375 1492 4422 κακῶν
1525 4383 1540 4396 ⁸

399 4463 508 4512 τῶν
567 4457 798 4533 ἀγαθῶν,
834 4457 1021 4511 Πῖπτει
1081 4457 1321 4532 πορνεία,
1376 4457 1652 4512 ἀνίσταται
1708 4456 2022 4535 σωφροσύνη
2055 4467 2067 4479 '

398 4549 488 4601 καὶ
518 4543 694 4609 ἄλλως
739 4543 794 4601 δὲ
823 4541 1035 4600 δύναται
1067 4549 1323 4611 νοηθῆναι
1365 4563 1378 4575 ⁸
1413 4560 1594 4601 κεῖται
1640 4546 1741 4622 γὰρ
1787 4547 1814 4601 ὁ
1847 4547 2069 4624 Χριστὸς

2169 590 2792 668 Domine,contitentis
2819 597 3101 677 est,quod
3129 599 3260 678 ipse
3290 599 3364 659 sit
3396 597 3684 662 Dominus
3698 595 3827 656 vitae

2162 693 2239 742 “ac
2273 683 2663 748 mortis.Vide
2685 696 2881 748 autem
2915 687 3212 768 quomodo
3243 687 3431 749 sancti
3455 705 3560 766 pro
3587 685 3827 746 vinculo

2173 788 2388 851 corpus
2413 772 2658 838 habent.
2694 775 2924 839 Idcirco
2955 776 3138 839 dicit:
3173 779 3343 841 Nunc
3373 773 3826 857 absolvis,quasi

2173 877 2206 922 a
2238 861 2474 924 vinculo
2511 884 2524 922 ε
2560 866 2886 927 secundum
2920 867 3166 929 verbum
3203 884 3387 940 tuum,
3425 876 3666 948 propter
3695 882 3826 926 ora-

2175 949 2374 1012 culum
2408 953 2563 1034 quod
2595 965 2906 1035 acceperat
2936 958 3086 1037 quod
3121 975 3238 1018 non
3289 966 3447 1018 esset
3478 956 3819 1028 moriturus,

2171 1038 2365 1102 donec
2397 1041 2625 1104 videret
2658 1042 2981 1108 Christum.
3016 1045 3078 1106 In
3135 1065 3278 1126 pace
3310 1055 3529 1118 autem,
3565 1047 3679 1107 hoc
3708 1053 3820 1114 est,

2169 1129 2388 1208 quiete,
2417 1149 2552 1191 nam
2578 1132 2754 1193 homo
2785 1136 2975 1214 quoad
3011 1133 3536 1208 vivitturbatur‘9,
3571 1134 3721 1196 sicut
3767 1144 3824 1194 et

2168 1217 2351 1281 David
2385 1219 2531 1282 dicit
2568 1242 2580 1284 :
2609 1231 2873 1284 mortuus
2908 1241 3042 1284 vero
3074 1243 3278 1304 pacem
3301 1223 3618 1286 liabet.Vel
3645 1223 3823 1286 aliter

2162 1307 2476 1388 intellige:
2518 1308 2580 1370 In
2643 1329 2814 1391 pace,
2850 1313 2964 1373 hoc
3023 1322 3135 1392 est,
3179 1314 3307 1393 spei
3363 1312 3815 1375 consecutione.

2158 1394 2532 1479 Priusquam,
2561 1398 3059 1481 inquit,vidissem
3078 1403 3420 1483 Dominum,
3468 1422 3585 1464 non
3615 1411 3821 1482 pacata

2159 1495 2359 1548 mente
2389 1505 2574 1563 eram,
2596 1498 2943 1570 exspectans
2963 1489 3222 1562 illum,et
3252 1509 3494 1571 semper
3525 1491 3813 1552 sollicitus

2157 1576 2392 1657 quando
2422 1577 2837 1641 veniattnunc
2857 1590 3050 1642 autem
3105 1580 3236 1659 ipso
3282 1579 3430 1662 viso,
3475 1588 3534 1642 et
3589 1598 3816 1661 pacem,

2162 1675 2544 1748 cousecutus,
2577 1676 2634 1730 et
2657 1669 2867 1730 sollicil
2883 1669 3064 1732 udine
3096 1669 3476 1744 liberatus,ut
3496 1669 3814 1742 sicdicam,

2163 1753 2741 1820 absolvor.Salutare
2763 1766 2984 1831 autem,
3017 1758 3351 1822 incarnatio
3377 1759 3676 1838 Unigeniti
3704 1767 3814 1832 est,

2164 1861 2342 1924 quam
2367 1855 2505 1908 ante
2535 1847 2751 1908 saecula
2773 1849 2975 1909 omnia
3029 1851 3189 1911 Deus
3235 1848 3605 1929 praeparavit.
3663 1851 3818 1911 Ante

1256 1951 1520 2030 σωτήριοι
1548 1947 1602 2005 δὲ
1649 1951 1797 2024 εἶπε,
1827 1950 1928 2016 τὴν
1958 1950 2070 2028 σάρ-

2165 1932 2374 1994 faciem
2389 1953 2530 1996 vero
2550 1939 2814 1998 omnium
2843 1937 3382 2017 populorumistam
3401 1938 3650 2000 salutem
3673 1956 3818 2018 prae-

2168 2023 2483 2104 paravit,ut
2515 2025 2770 2086 salvaret
2809 2027 3187 2092 mundum.et
3211 2035 3270 2087 ut
3299 2026 3817 2107 omnibusliquida

2164 2113 2263 2173 ﬁat
2293 2114 2426 2193 ejus
2457 2114 2806 2196 incarnatio,
2840 2117 3008 2190 cujus
3037 2116 3222 2195 gratia
3245 2126 3303 2177 et
3334 2116 3675 2178 incarnatus
3699 2121 3814 2180 est.

2164 2199 2435 2264 Salutare
2461 2223 2699 2285 quoque
2733 2206 2869 2282 hoc,
2907 2207 3106 2267 lumen
3148 2215 3235 2266 est
3281 2207 3354 2267 ad
3391 2205 3811 2268 revelationezu

2163 2293 2448 2370 gentium,
2485 2294 2598 2354 hoc
2623 2303 2734 2374 est,
2763 2295 2835 2355 ad
2868 2294 3326 2356 illustrationem
3360 2295 3627 2374 gentium
3652 2295 3818 2356 obte.

2163 2381 2635 2459 nebratarum,et
2655 2385 2900 2461 gloriam
2928 2385 3632 2448 lsraelitarum.Cbristus
3655 2385 3818 2447 enim

2163 2472 2352 2550 gloria
2383 2481 2471 2534 est
2504 2475 2698 2554 p0puli
2721 2475 2820 2555 qui
2846 2493 2982 2536 vere
2999 2474 3180 2536 Israel
3203 2475 3532 2536 secundum
3559 2474 3714 2555 quod
3742 2493 3813 2536 ex

2166 2563 2270 2622 illo
2302 2574 2471 2624 ortus
2504 2572 2679 2637 est,et
2711 2565 2770 2624 in
2805 2565 2915 2626 hoc
2948 2573 3236 2625 ornantur
3259 2563 3358 2642 qui
3382 2562 3619 2644 sapiunt
3641 2582 3706 2624 ac
3731 2564 3816 2625 in-

2167 2650 2605 2730 telligunt.Ha3c
2627 2652 3200 2716 Simeon.Videntur
3215 2664 3410 2714 autem
3437 2651 3580 2714 milii
3604 2659 3664 2714 et
3685 2670 3815 2732 quae

2161 2741 2318 2802 dicta
2347 2749 2485 2801 sunt
2515 2761 2548 2802 a
2582 2742 2792 2822 David,
2819 2746 3136 2804 convenire
3153 2742 3422 2804 Simeoni
3456 2765 3467 2800 :
3503 2741 3815 2820 uLongitu-

2159 2829 2301 2892 dine
2331 2830 2566 2892 dierum
2593 2832 2849 2912 implebo
2877 2841 3102 2907 eum,ct
3127 2832 3431 2894 ostendam
3467 2830 3550 2892 illi
3583 2831 3812 2894 saluta-

2160 2936 2226 2982 re
2257 2938 2456 2981 meum
2486 2920 2561 2978 90.
2604 2945 2630 2976 η

2239 3185 2424 3251 Vens.
2455 3186 2670 3250 33-35.
2715 3187 2815 3250 cEt
2845 3200 3011 3250 erant
3043 3200 3208 3270 pater
3237 3199 3296 3251 et
3328 3197 3516 3250 mater
3547 3189 3678 3270 ejus
3705 3190 3810 3250 mi-

2156 3289 2356 3341 rantes
2387 3299 2567 3362 super
2597 3281 2686 3342 his
2717 3300 2850 3362 qua;
2879 3282 3232 3343 dicebantur
3263 3283 3336 3344 de
3370 3283 3493 3345 illo.
3528 3282 3596 3343 Et
3620 3281 3810 3344 bene-

2156 3367 2304 3430 dixit
2336 3369 2451 3432 illis
2483 3370 2816 3433 Simeonzet
2839 3371 2984 3432 dixit
3011 3373 3082 3433 ad
3107 3371 3352 3434 Mariam
3386 3380 3630 3432 matrem
3655 3371 3806 3451 ejus:

2153 3462 2307 3522 Ecce
2331 3460 2553 3540 positus
2588 3469 2672 3520 est
2709 3460 2803 3520 hic
2841 3461 2900 3520 in
2933 3462 3190 3542 ruinam,
3223 3469 3281 3523 et
3308 3460 3807 3522 resurrectionem

2157 3549 2478 3609 multorum
2515 3549 2570 3610 in
2597 3549 2866 3626 lsrael,et
2886 3551 2944 3610 in
2968 3551 3203 3630 signum
3229 3551 3321 3612 cui
3341 3549 3805 3613 contradicetur.

2158 3636 2306 3709 Quin
2339 3647 2397 3699 et
2430 3649 2586 3699 tuam
2623 3639 2810 3718 ipsius
2845 3639 3104 3700 animam
3143 3638 3476 3720 penetrabit
3499 3639 3728 3716 gladius
3749 3656 3812 3707 ut

2146 3736 2490 3806 retegantur
2512 3746 2579 3788 ex
2614 3728 2816 3790 multis
2839 3728 3121 3789 cordibus
3143 3729 3536 3807 c0gitationes
3570 3728 3807 3790 »Βοηθ-

2143 3816 2291 3878 dixit
2318 3815 2561 3897 quidem
2588 3817 2876 3879 ambobus
2893 3819 3155 3884 Sitne-0n:
3181 3820 3610 3898 rejectoauteni
3642 3826 3806 3897 patre

2143 3907 2438 3987 putativo,
2479 3909 2549 3969 ad
2593 3927 2792 3968 veram
2829 3921 3077 3970 matrem
3106 3909 3339 3972 locutus
3365 3917 3488 3970 est:
3526 3909 3680 3971 Ecce
3709 3909 3808 3969 hic

2143 3995 2371 4076 positus
2404 4006 2491 4058 est
2526 3996 2586 4057 in
2614 3996 3454 4078 ruinam,etresurrectionem
3484 3998 3803 4060 multorum

2145 4095 2203 4157 in
2238 4085 2709 4148 lsraelJluinam
2741 4087 2981 4168 quidem
3017 4088 3160 4152 dicit
3191 4108 3395 4152 eorum
3422 4089 3521 4170 qui
3541 4108 3658 4149 non
3681 4107 3806 4150 cre-

2147 4174 2452 4244 diderunt,
2489 4177 2591 4256 qui
2647 4195 2780 4237 vero
2832 4178 3241 4255 crediderunt,
3275 4179 3802 4240 resurrectionem.

2154 4265 2262 4326 Vel
2296 4266 2470 4327 etiam
2503 4267 2678 4328 aliter
2712 4287 2726 4327 :
2762 4265 2826 4329 In
2858 4269 3094 4330 ruinam
3145 4269 3370 4351 positus
3400 4278 3489 4330 est
3519 4270 3810 4332 Dominus

2159 4356 2447 4417 malorum
2486 4374 2617 4435 quae
2648 4357 2705 4417 in
2753 4356 3066 4420 animabus
3115 4359 3332 4421 nostris
3370 4381 3384 4423 :
3418 4359 3475 4419 in
3529 4377 3805 4420 resurre-

2154 4445 2412 4506 ctionem
2475 4463 2612 4506 vero
2663 4445 2980 4510 bonorum.
3011 4449 3183 4510 Cadit
3235 4447 3573 4524 fornicatio,
3620 4448 3806 4526 surgit

2153 4534 2541 4595 continentia.
2585 4535 2686 4596 Vel
2736 4535 2908 4598 aliter
2957 4557 3193 4619 quoque
3246 4537 3500 4615 intelligi
3561 4547 3798 4618 potest:

396 4637 470 4698 εἰς
512 4637 741 4707 πτῶσιν,
776 4635 891 4690 ἀντὶ
935 4657 1025 4690 του
1072 4635 1265 4690 Μέλλει
1321 4638 1514 4691 παθεῖν
1544 4637 1726 4706 αὐτὸς,
1759 4637 1848 4692 καὶ
1876 4651 2068 4691 πεσενν

2159 4624 2393 4686 l’ositus
2423 4633 2512 4685 est
2540 4625 2699 4685 enim
2730 4623 3013 4689 Dominus
3043 4627 3102 4689 in
3132 4628 3393 4702 ruinam,
3419 4628 3532 4688 hoc
3555 4626 3805 4706 est,ipse

394 4727 469 4790 εἰς
498 4725 748 4804 θάνατον,
807 4726 895 4780 καὶ
953 4724 1245 4791 ἀναστῆναι
1292 4723 1547 4800 μέλλουσι
1611 4723 1826 4798 πολλοὶ,
1861 4725 2060 4781 πεσόν-

395 4837 486 4877 τος
533 4815 716 4876 αὐτοῦ,
754 4812 935 4879 Στίξον
981 4825 1068 4873 οὑν
1101 4814 1154 4867 ἐν
1199 4819 1298 4893 τῷ,
1327 4815 1400 4877 εἷς
1433 4820 1638 4871 πτῶσιν
1675 4832 1691 4850 ο
1724 4818 1844 4870 εἶτα
1889 4811 2060 4892 ἄρξαι,

397 4906 483 4960 καὶ
537 4905 828 4965 ἀνάστασιν
887 4902 1100 4959 πολλῶν
1138 4920 1151 4934 ⁸
1201 4917 1432 4965 σημεῖον
1477 4903 1556 4965 δὲ,
1604 4907 1631 4960 ὸ
1701 4903 1948 4965 σταυρὸς.
2007 4905 2020 4958 ἑ

396 4994 564 5072 μέχρι
619 5002 710 5050 τοῦ
767 5000 855 5050 νῦν
917 4992 1276 5072 ἀντιλέγεται,
1308 4994 1578 5049 τουτέστιν
1611 4997 1671 5052 οὒ
1699 4989 2060 5071 πιραδέχιται

396 5085 542 5160 παρά
590 5087 695 5140 τῶν
753 5083 1015 5142 ἀπίστων.
1081 5083 1304 5160 Λέγεται
1351 5082 1404 5137 δὲ
1454 5083 1689 5157 σημεῖον
1717 5082 1870 5149 καὶὴ
1925 5082 2058 5161 σάρ-

396 5195 563 5237 κωσις
608 5183 700 5232 τοῦ
742 5170 934 5252 Κυρίου
965 5193 981 5206 ·
1043 5173 1130 5227 καὶ
1188 5170 1331 5237 ξένον
1363 5187 1615 5246 σημεῖον,
1656 5173 1784 5237 θεὸς
1816 5171 1916 5248 γὰρ
1960 5169 2060 5234 (ξίν,τ

393 5265 606 5341 θρωπος
651 5263 836 5342 γέγονε
874 5278 888 5293 ⁸
925 5263 1013 5318 καὶ
1068 5262 1347 5341 παρθένος,
1383 5264 1566 5342 μήτηρ
1601 5277 1616 5292 ⁸
1649 5263 1710 5318 τὸ
1741 5260 1794 5318 δὲ
1825 5263 2059 5335 σημεῖον

390 5362 576 5425 τοῦτο,
609 5354 642 5421 ἦ
679 5352 944 5432 σάρκωσις
1003 5349 1144 5430 λέγω
1210 5353 1303 5408 τοῦ
1359 5359 1610 5429 Χριστοῦ,
1673 5349 2002 5428 ἀντιλέγεται
2039 5363 2052 5378 ⁸

389 5444 437 5499 οἱ
487 5444 590 5519 μέν
643 5444 765 5523 γὰρ,
831 5442 884 5509 ἐξ
944 5447 1165 5520 ούρανοῦ
1217 5443 1278 5498 τὸ
1314 5442 1470 5518 σῶμά
1493 5465 1648 5523 φασιν
1683 5458 1696 5472 ⁸
1735 5448 1781 5499 οἱ
1809 5439 1889 5522 δὲ,
1924 5440 2061 5496 κατά

387 5533 704 5611 φαντασίανο
737 5536 787 5591 οἱ
815 5531 895 5613 δὲ,
925 5530 1060 5590 ἄλλο
1105 5553 1154 5587 τι
1186 5530 1497 5611 φλυαροῦσι.
1537 5533 1634 5592 Καὶ
1665 5540 1757 5590 σοῠ
1787 5531 1841 5588 δὲ
1864 5530 2053 5601 «ὠτῆς,

1201 4917 1432 4978 σημεῖον
1477 4903 1556 4977 δὲ,
1604 4907 1631 4960 ὃ
1701 4903 1948 4980 σταυρὸς,
2007 4904 2063 4964 ὃς

465 5693 531 5749 σθ
556 5693 715 5760 Psal.
738 5708 984 5768 Luxu,
1019 5693 1080 5756 7.
1169 5691 1236 5746 ²θ
1266 5693 1430 5758 Psal.
1452 5709 1558 5774 XL,
1589 5695 1684 5760 16.

2147 4732 2430 4794 passurus
2459 4723 2639 4790 est,et
2671 4733 2917 4776 casurus
2947 4727 3036 4778 est
3057 4716 3116 4778 in
3150 4729 3402 4780 mortem
3429 4737 3443 4775 :
3469 4725 3679 4776 etcum
3697 4734 3801 4775 ce-

2148 4803 2363 4866 ciderit
2397 4805 2872 4886 ipse,resurgent
2906 4806 3396 4868 multi.Punctum
3429 4814 3625 4867 autem
3651 4823 3804 4885 pune

2148 4913 2282 4954 rum
2317 4893 2565 4963 dixeris.
2594 4893 2654 4956 in
2686 4894 2921 4957 ruinam
2949 4914 2962 4960 :
2999 4896 3221 4959 deinde
3252 4896 3472 4975 incipe,
3504 4903 3564 4957 et
3601 4913 3802 4956 resur-

2148 4985 2476 5047 rectionem
2493 4986 2815 5047 niultorum
2831 4986 3094 5064 .Signum
3111 4985 3604 5060 autem,crux.cui
3617 5002 3802 5066 usque

2144 5075 2204 5136 in
2224 5075 2336 5138 hoc
2359 5083 2594 5154 tempus
2627 5075 3204 5152 contradicitur,hoc
3228 5085 3337 5148 est.
3375 5095 3491 5136 non
3517 5075 3806 5154 recipitur

2143 5164 2216 5228 ab
2240 5163 2832 5227 iucredulis.Dicitur
2854 5176 2911 5228 et
2934 5166 3265 5228 incarnatio
3280 5165 3520 5228 Domini
3541 5165 3799 5244 signum,

2143 5267 2200 5319 et
2227 5255 2499 5317 mirabile
2531 5257 2788 5334 signum.
2823 5256 2982 5319 Deus
3007 5257 3164 5318 enim
3199 5256 3376 5318 homo
3400 5255 3528 5338 fuit,
3551 5266 3611 5318 et
3643 5257 3802 5335 \irgo

2145 5352 2355 5419 mater;
2388 5345 2528 5407 huic
2579 5352 2777 5406 autem
2839 5346 3034 5428 signo,
3087 5345 3498 5420 incarnationi,
3535 5345 3798 5428 inquam,

2139 5434 2360 5498 Cliristi
2387 5433 3103 5510 contradicitur.Quidam
3131 5438 3292 5498 enim
3327 5435 3535 5499 dicunt
3561 5454 3801 5498 carnem

2141 5545 2175 5590 e
2193 5525 2333 5587 990
2353 5523 2772 5606 cmlo,quidatn
2799 5543 2937 5592 vero
2959 5524 3588 5618 apparenter,quidam
3604 5534 3801 5598 autem
