4232 6404
451 326 558 393 731

1427 319 2013 390 THEOPHYLACTI
2063 312 2469 377 BULGARI/E
2514 303 2872 374 ARCHIEP.

3723 304 3841 370 732

449 460 609 523 aliud
638 461 919 542 quiddam
973 468 1292 540 nugantur.
1318 459 1389 521 Et
1414 467 1572 521 tuam
1605 457 1817 539 ipsius,
1846 453 2094 536 Virginis

2186 450 2285 513 τῆς
2318 444 2603 524 Παρθένου,
2636 444 2738 511 τὴν
2769 442 2956 523 ψυχὴν
2998 439 3322 499 διελεύσεται
3378 441 3611 520 ῥομφαία
3645 460 3660 474 ο
3692 441 3843 542 τάγῖα

448 548 869 630 dico,animam
895 550 1280 630 pertransibit
1314 549 1564 629 gladius.
1587 547 1877 609 Fortassis
1906 554 2099 607 autem

449 647 508 701 et
539 638 806 702 dolorem
841 658 1021 721 quem
1051 641 1106 700 in
1143 639 1422 720 passione
1450 636 1875 711 tulit,fortassis
1904 643 2103 697 autem

447 730 859 790 etscandalum
894 729 1040 790 dicit
1070 729 1507 810 rhomphaeam,
1542 745 1659 809 quo
1710 726 1941 787 offensa
1971 725 2098 787 fuit.

450 816 663 879 videns
693 818 853 879 enim
887 819 1260 901 cruciﬁxum,
1294 818 1563 880 fortassis
1592 815 1910 897 cogitabat,
1942 834 2098 897 quo-

446 906 621 968 modo
653 908 755 989 qui
785 915 958 969 natus
990 918 1077 972 est
1113 908 1243 971 sine
1279 907 1530 982 semine,
1559 907 1660 987 qui
1685 906 1971 967 miracula
2009 905 2097 966 fe-

444 995 649 1075 cit,qui
670 1005 938 1059 mortuos
969 996 1619 1079 suscitavit,cruciﬁxus
1651 1002 2100 1076 est,consputuS

443 1093 832 1160 est,mortuus
854 1086 976 1149 est?
993 1086 1159 1160 Quod
1184 1098 1380 1150 autem
1413 1085 1657 1161 dicit,Ut
1673 1085 2013 1149 revelentur
2028 1102 2099 1149 ex

445 1176 650 1238 multis
681 1176 962 1239 cordibus
994 1178 1409 1257 cogitationes,
1445 1178 1563 1238 hoc
1590 1176 1906 1255 signiﬁcat,
1937 1176 2092 1257 quod

443 1265 890 1328 Bevelabuntur
920 1276 975 1328 et
1010 1266 1547 1329 manifestabuntur
1587 1265 1905 1327 multorum
1935 1266 2094 1345 cogi-

445 1355 829 1437 tationes,qui
862 1356 1427 1437 scandalizantur,et
1456 1354 1804 1437 reprehensi
1837 1358 2097 1435 repenti-

446 1462 588 1505 num
622 1446 929 1508 invenient
958 1446 1293 1508 remedium
1321 1460 1335 1508 :
1372 1447 1523 1507 sicut
1554 1452 1613 1506 et
1635 1453 1720 1517 tu,
1747 1463 1780 1503 o
1804 1442 2109 1527 Virgo,re-

450 1533 829 1607 velaberis,et
850 1535 1159 1597 manifesta
1184 1534 1301 1596 eris
1331 1535 1469 1617 quid
1499 1534 1720 1597 sentias
1743 1535 1817 1595 de
1847 1536 2102 1613 Christo,

445 1622 664 1686 deinde
721 1627 1067 1687 conﬁrmata
1110 1626 1232 1687 eris
1266 1626 1381 1687 ﬁde
1413 1624 1472 1685 in
1505 1625 1697 1688 illum.
1735 1623 2022 1688 Similiter
2048 1636 2107 1690 et

447 1714 655 1776 Petrus
687 1715 1050 1777 revelabitur
1079 1734 1213 1777 cum
1248 1716 1570 1793 negaverit,
1598 1734 1799 1776 verum
1843 1716 2097 1778 demon-

441 1810 593 1865 stata
624 1810 710 1864 est
736 1803 842 1865 Dei
876 1805 1303 1885 potentia,quae
1334 1823 1440 1885 per
1473 1804 1880 1885 pmnitentiam
1906 1806 2096 1885 ipsum
2130 1836 2135 1843 ·

440 1892 727 1973 suscepit.
764 1894 837 1955 Et
866 1894 1039 1956 aliter
1074 1913 1086 1957 :
1122 1894 1415 1956 Revelatae
1444 1902 1581 1955 sunt
1616 1914 1648 1955 e
1680 1894 1962 1956 cordibus
1992 1915 2098 1959 co-

440 1980 774 2059 gitationes,
810 2002 942 2045 cum
975 1984 1321 2064 apparuerit
1354 1984 1643 2063 proditor,
1696 1994 1753 2045 et
1801 2003 2098 2066 apparue-

436 2071 551 2131 rint
583 2070 1113 2151 diligentesillum,
1142 2073 1333 2153 qualis
1355 2074 1462 2134 fuit
1482 2074 1703 2154 Ioseph
1727 2076 1824 2155 qui
1849 2077 2103 2139 accessit

431 2159 505 2221 ad
540 2160 786 2222 Pilatum
823 2183 835 2225 :
871 2162 1083 2244 quales
1116 2165 1355 2225 fuerunt
1389 2162 1670 2225 mulieres
1694 2184 1824 2245 quae
1856 2184 2097 2246 perma-

442 2248 665 2314 nebant
693 2251 848 2331 apud
880 2270 1144 2313 crucem.

518 2341 700 2402 VEns.
736 2340 954 2406 36-40.
987 2367 1014 2398 α
1044 2344 1117 2406 Ει
1146 2352 1271 2405 erat
1320 2347 1494 2407 Anna
1546 2343 1919 2426 prOphetissa
1969 2346 2094 2408 ﬁlia

440 2429 727 2499 Phanuel,
754 2430 829 2494 de
853 2431 1007 2494 tribu
1027 2433 1343 2495 Aser.Ha3c
1367 2442 1740 2514 processerat
1762 2435 1821 2495 in
1841 2435 2087 2498 multum

438 2525 692 2594 aetatem,
723 2527 781 2581 et
809 2521 1031 2583 vixerat
1059 2541 1193 2584 cum
1225 2523 1348 2584 viro
1380 2523 1554 2584 annis
1585 2538 1813 2605 septem
1845 2543 1879 2585 a
1911 2524 2090 2603 virgi-

440 2607 621 2668 nitate
651 2626 778 2683 sua,
814 2617 871 2671 et
892 2611 1017 2672 haec
1047 2611 1225 2673 vidua
1257 2631 1548 2674 annorum
1591 2612 1775 2674 ferme
1802 2615 2096 2693 octoginta

438 2704 851 2778 quatuor,quaa
878 2719 991 2760 non
1014 2699 1360 2763 discedebat
1389 2722 1421 2763 e
1454 2702 1695 2782 templo,
1731 2704 1980 2783 jejuniis
2022 2722 2093 2767 ac

442 2786 961 2867 deprecationibus
990 2790 1259 2873 serviens
1294 2801 1468 2853 nocte
1496 2810 1563 2853 ac
1584 2792 1701 2853 die.
1738 2794 1809 2855 Et
1840 2793 1964 2854 haec
1986 2813 2089 2855 ea-

439 2875 575 2937 dem
608 2877 754 2939 hora
784 2880 1513 2957 superveniens,vicissim
1545 2882 1937 2944 conﬁtebatur
1967 2884 2087 2946 Do-

441 2965 624 3053 mino,
651 2967 1076 3048 etloquebatur
1100 2970 1173 3031 de
1207 2970 1306 3031 illo
1335 2970 1613 3033 omnibus
1645 2973 1743 3052 qui
1778 2984 2088 3053 exspecta-

2187 537 2284 612 μὶν
2317 536 2405 591 καὶ
2450 537 2484 603 ἡ
2514 533 2691 609 θλίψις
2722 534 2757 601 ἡ
2786 533 2871 589 ἐπὶ
2900 539 2977 607 τῷ
3033 535 3186 591 πάθει
3232 530 3496 609 γενομένη
3534 548 3549 564 ⁸
3585 530 3732 611 τάχα
3759 529 3839 609 δὲ,

2184 625 2444 704 ῥομφαίαν
2505 623 2649 701 λέγει
2700 628 2790 677 καὶ
2853 623 2945 679 τὸν
3016 618 3409 696 σκανδαλισμὸν
3465 621 3521 676 ὃν
3580 618 3842 676 ἐσκανδα-

2184 714 2338 781 λίσθη
2396 716 2573 793 ὁρῶσα
2629 714 2722 768 τὸν
2779 712 2965 790 Κύριον
3033 711 3446 790 σταυρούμενον.
3508 709 3684 773 ’Ἴσως
3743 710 3842 790 γὰρ

2183 804 2417 880 ὑπενόει,
2454 810 2574 866 Πῶς
2626 805 2653 859 ὁ
2703 804 2912 882 τεχθεὶς
2944 801 3215 879 ἀσπόρως,
3250 802 3277 857 ὁ
3305 800 3547 877 θαύματα
3583 802 3841 882 ποιήσας,

2182 896 2210 951 ό
2270 895 2481 972 νεκροὺς
2566 892 2896 972 ἀναστήσας,
2987 890 3320 970 ἐσταυρώθη,
3392 892 3480 946 καὶ
3551 890 3840 970 ἒνεκρώθη,

2180 984 2268 1038 καὶ
2328 982 2615 1048 ένεπτύσθη
2650 1000 2667 1061 ;
2700 983 2772 1040 Τὸ
2829 979 2909 1061 δὲ,
2942 978 3126 1046 ’Ὅπως
3175 978 3236 1035 ἂν
3296 979 3735 1059 ἀποκαλυφθῶσιν
3783 980 3843 1036 ἐκ

2181 1069 2398 1128 πολλῶν
2454 1069 2680 1148 καρδιῶν
2760 1068 3115 1148 διαλογισμοὶ,
3200 1068 3355 1125 τοῦτο
3428 1070 3699 1145 σημαίνει,
3760 1069 3839 1126 ὅτι

2180 1160 2721 1241 ἀποκαλυφθήσονται
2780 1161 2865 1216 καὶ
2922 1160 3382 1240 φανερωθήσονται
3463 1158 3680 1217 πολλῶν
3741 1158 3838 1216 λο-

2178 1256 2361 1333 γισμοὶ
2413 1250 2760 1328 σκανδαλιζομ
2775 1252 2929 1325 ένων,
2988 1253 3077 1308 καὶ
3132 1250 3502 1331 ἐλεγχθέντες,
3564 1252 3840 1331 εὑρήσουσι

2179 1358 2415 1423 ταχεῖαν
2473 1344 2569 1411 τὴν
2621 1342 2767 1398 ἴασιν
2801 1358 2817 1375 ⁸
2873 1343 2995 1399 οἷον
3048 1344 3137 1398 καὶ
3168 1342 3252 1416 σὺ,
3281 1342 3326 1397 ὦ
3358 1341 3609 1421 Παρθένε,
3644 1341 3843 1401 ἀποκα-

2192 1430 2434 1513 λυφθήσῃ
2490 1434 2578 1488 καὶ
2652 1432 3028 1512 φανερωθήσῃ,
3108 1432 3157 1486 τί
3251 1445 3463 1511 φρονεῖς
3536 1434 3652 1511 περὶ
3750 1440 3845 1491 τοῦ

2191 1526 2418 1600 Χριστοῦ
2452 1537 2465 1551 ⁸
2519 1535 2638 1578 εἶτα
2697 1518 3036 1599 βεϐαιωθήσῃ
3080 1520 3164 1576 ἰπὶ
3311 1523 3383 1583 εἰς
3428 1522 3585 1580 αὐτὸν
3616 1522 3788 1580 πίστει
3821 1540 3836 1556 ⁸

2188 1613 2385 1684 ὁμοίως
2443 1619 2531 1668 καί
2604 1611 2803 1690 Πέτρος
2859 1609 3203 1690 ἀπεκαλύφθη
3276 1609 3664 1692 ἀονησοίμενος,
3721 1612 3838 1669 ἀλλ’

2187 1700 2399 1781 ἐδείχθη
2443 1700 2478 1767 ἡ
2523 1702 2681 1780 ἰσχὺς
2729 1710 2822 1759 τοῦ
2866 1706 3019 1774 Θεοῦ,
3066 1697 3503 1778 προσλαϐομένου
3551 1700 3709 1757 αὺτὸν
3757 1699 3841 1759 διὰ

2182 1790 2277 1860 τῆς
2330 1792 2611 1867 μετανοίας
2648 1806 2663 1821 ⁹
2699 1790 2786 1846 καὶ
2816 1788 2993 1853 ἄλλως
3038 1788 3094 1845 δὲ
3144 1788 3587 1870 ἀπεκαλύφθησαν
3620 1790 3679 1847 ἐκ
3708 1790 3843 1850 πολ-

2184 1877 2292 1935 λῶν
2350 1877 2577 1958 καρδιῶν
2668 1876 3027 1957 διαλογισμοὶ,
3088 1879 3342 1957 φανέντος
3415 1886 3509 1936 τοῦ
3563 1879 3839 1958 προδότου,

2184 1968 2452 2049 φανέντων
2510 1971 2613 2025 τῶν
2644 1968 2977 2047 ἀγαπώντων
3017 1967 3175 2024 αὐτόν
3212 1983 3226 1997 ‘
3276 1972 3396 2031 οἶος
3450 1970 3513 2037 ἧν
3558 1967 3756 2049 Ἰωσὴφ
3813 1972 3841 2027 ὁ

2183 2056 2346 2113 ἐλθὼν
2402 2060 2533 2135 πρὸς
2595 2058 2822 2113 Πιλάτον
2861 2076 2876 2092 ο
2910 2062 3023 2114 οἷαι
3056 2058 3107 2113 αἱ
3159 2070 3415 2137 γυναῖκες
3447 2060 3496 2115 αἱ
3529 2065 3604 2134 τῷ
3634 2066 3843 2135 σταυρῷ

2181 2149 2581 2227 παραμένουσαι
2594 2193 2605 2206 .

2262 2351 2290 2382 α
2328 2329 2423 2384 Καὶ
2477 2328 2543 2395 ἦν
2601 2325 2789 2383 "Aw:
2849 2326 3138 2406 προφῆτις,
3172 2325 3408 2405 θυγάτηρ
3437 2328 3717 2405 Φανουὴλ,
3778 2333 3841 2388 ‘ex

2176 2415 2347 2496 φυλῆς
2378 2416 2547 2495 Ἀσήρ
2582 2433 2594 2447 ⁶
2632 2417 2765 2483 αὕτη
2799 2414 3167 2496 προϐεϐηκυῖα
3224 2416 3277 2471 ἐν
3308 2416 3532 2495 ἡμέραις
3578 2417 3837 2501 πολλαῖς,

2175 2508 2381 2578 ζήσασα
2439 2506 2533 2575 ἔτη
2595 2507 2731 2582 μετά
2787 2505 2972 2584 ἀνδρὸς
3035 2506 3189 2579 ἑπτα,
3246 2504 3351 2561 ἀπὸ
3403 2512 3501 2573 τῆς
3558 2511 3839 2588 παρθενίας

2179 2596 2369 2665 αὒτῆς,
2404 2596 2508 2658 Καὶ
2557 2596 2691 2662 αὕτη
2743 2597 2890 2676 χήρα
2924 2597 2997 2659 ὡς
3028 2594 3161 2651 ἐτῶν
3208 2593 3836 2679 ὀγδοηκοντατεσσάρων,

2176 2686 2210 2753 ἢ
2268 2688 2361 2742 οὒκ
2408 2687 2660 2765 ἀφίστατο
2718 2684 2823 2741 ἀπὸ
2868 2692 2961 2741 τοῦ
3010 2688 3175 2764 ἱεροῦ,
3210 2686 3479 2751 νηστείαις
3506 2689 3595 2744 καὶ
3624 2686 3835 2757 δεὴσεσι

2176 2773 2497 2855 λατρεύουσα
2553 2777 2711 2832 νύκτα
2766 2778 2853 2831 καὶ
2910 2775 3138 2854 ἡμέραν.
3207 2773 3310 2835 Καὶ
3370 2776 3503 2843 αὕτη
3562 2779 3696 2855 αύτῇ
3767 2786 3835 2856 τῇ

2174 2866 2284 2946 ὥρα
2342 2866 2625 2946 ἐπιστᾶσα,
2672 2864 3104 2944 ἀνθωμολογεῖτο
3164 2870 3241 2938 τῷ
3301 2866 3495 2945 Κυρίῳ,
3528 2870 3614 2925 καὶ
3655 2868 3833 2927 ἐλάλει

2174 2959 2291 3035 περὶ
2349 2962 2505 3016 αὒτοῦ
2561 2965 2690 3035 πᾶσι
2744 2970 2862 3017 τοϊς
2920 2954 3374 3036 προσδεχομένοις
3448 2956 3707 3037 λύτρωσιν
3778 2960 3833 3017 ἐν

436 3052 535 3115 bat
589 3037 1064 3149 redemptionem
1115 3059 1572 3140 Hierosolymis.
1708 3069 1772 3122 ut
1816 3037 2091 3138 perfece-

2178 3037 2524 3125 Ἰερουσαλήμ
2559 3064 2574 3079 ⁸
2635 3051 2723 3104 καὶ
2780 3049 2853 3111 ὼς
2909 3045 3157 3101 ἐτέλεσαν
3218 3044 3429 3101 ἅπαντα
3487 3049 3551 3102 τὰ
3580 3050 3717 3105 κατά
3740 3052 3832 3107 τὸν

2222 3130 2231 3149 Ι
2396 3135 2436 3149 Ir
2516 3137 2527 3149 ο
2703 3138 2715 3149 ο
2785 3136 2793 3149 Ι
2941 3140 2951 3149 ι
3120 3136 3133 3149 ι
3272 3135 3283 3149 \
3390 3140 3424 3149 -ο
3466 3135 3482 3149 ς
3522 3136 3539 3149 \
3599 3140 3607 3149 ι
3784 3142 3797 3149 ι

438 3130 1154 3210 ωηιοηιηίείδεουῐιάυιη
1186 3150 1377 3229 legem
1397 3130 1664 3232 Domini,
1690 3152 1912 3213 reversi
1955 3162 2090 3215 sunt

2178 3130 2336 3211 νόμον
2393 3135 2610 3217 Κυρίου,
2698 3136 3035 3214 ὑπέστρεψαν
3093 3136 3166 3199 εἰς
3231 3135 3332 3201 τὴν
3390 3135 3695 3222 Γαλιλαίαν,
3756 3142 3831 3206 είς

2217 3226 2227 3240 ‘
2376 3225 2410 3247 ΙἺ
2558 3228 2572 3247 ν
2631 3232 2648 3240 υ
2751 3236 2786 3247 ιν
2830 3233 2856 3247 υ
2939 3226 2948 3241 ¹
3072 3227 3127 3247 m‘
3199 3222 3239 3247 δῖ
3358 3246 3361 3247 ,
3396 3222 3437 3247 91
3513 3222 3530 3234 ⁸
3566 3225 3618 3247 (ΙΡ
3815 3233 3827 3247 \

434 3233 496 3295 in
518 3234 816 3298 Galilaeam
833 3237 890 3298 in
923 3237 1215 3301 civitatem
1236 3225 1400 3301 suam
1421 3225 2091 3304 Nazaretli.Puerautem

2178 3226 2273 3293 τὴν
2316 3225 2472 3282 πόλιν
2520 3228 2687 3282 αὐτῶν
2751 3226 3008 3301 Ναζαρέτ.
3072 3227 3142 3282 Τὸ
3193 3225 3247 3279 δὲ
3291 3225 3494 3281 παιδίον
3513 3225 3714 3294 ἠὔξανε
3745 3233 3832 3286 καὶ

2180 3315 2192 3333 Ἰ
2429 3324 2448 3332 υ
2714 3317 2725 3333 Ι
3019 3312 3039 3333 λ
3169 3314 3180 3333 Ι
3550 3318 3559 3333 Ι
3815 3329 3823 3333 -

438 3324 1505 3412 succrescebat,corroborabaturque
1535 3330 1845 3409 spirituet
1876 3330 2093 3412 implo-

2178 3315 2515 3394 ἐκραταιοῦτο
2600 3317 2887 3395 πνεύματι,
2977 3312 3348 3393 πληρούμενον
3438 3318 3648 3397 σοφίας,
3744 3329 3833 3383 καὶ

438 3410 611 3500 batur
639 3414 932 3494 sapientia
962 3438 975 3477 :
1005 3425 1065 3478 et
1093 3418 1279 3496 gratia
1310 3418 1412 3480 Dei
1448 3428 1572 3480 erat
1603 3438 1782 3500 super
1827 3410 2018 3485 illum.
2058 3447 2084 3477 ῃ

435 3498 800 3581 Evangelista
840 3504 1026 3568 Anum
1072 3507 1296 3588 profert
1345 3498 1774 3587 genea'ogiam,
1830 3527 2084 3571 enume-

434 3607 573 3652 rans
604 3592 736 3671 ejus
768 3602 993 3674 patrem
1024 3615 1092 3657 ac
1126 3598 1440 3678 tribum,ut
1469 3598 1729 3659 sciamus
1755 3598 1920 3659 illum
1954 3617 2089 3660 vera

435 3681 751 3752 dicere,tot
782 3685 1030 3747 testibus
1053 3689 1381 3762 accersitis,
1415 3688 1515 3769 qui
1560 3697 1785 3769 patrem
1823 3690 2086 3752 tribum-

435 3788 554 3849 que
580 3770 708 3849 ejus
740 3774 1174 3837 noverunt.Ista
1205 3778 1381 3856 igitur
1410 3777 1666 3838 vicissim
1702 3779 2091 3841 conﬁtebatur

437 3858 837 3929 Domino,hoc
868 3872 958 3924 est
994 3866 1209 3943 gratias
1241 3867 1470 3945 agebat,
1519 3876 1575 3928 et
1607 3867 1857 3929 docebat
1878 3888 2088 3931 omnes

435 3946 512 4007 de
541 3946 790 4011 Domino
815 3954 968 4031 quod
1002 3955 1130 4033 ipse
1161 3965 1318 4018 esset
1362 3955 1649 4031 Salvator,
1678 3966 1733 4018 et
1766 3958 2088 4021 consolatio

439 4038 623 4098 nostri
682 4044 1152 4121 exspectantium
1206 4046 1704 4125 redemptionem.
1768 4050 2087 4129 Postquam

437 4136 632 4188 autem
680 4131 1053 4206 perfecerunt
1083 4135 1209 4196 haec
1239 4135 1689 4208 omnia,reversi
1722 4145 1857 4197 sunt
1888 4138 1945 4197 in
1970 4140 2086 4201 Ga-

439 4216 648 4277 lilaeam
684 4219 740 4280 in
774 4220 1064 4283 civitatem
1091 4243 1263 4285 suum
1319 4224 1628 4289 Nazareth.
1674 4226 1809 4287 Erat
1844 4228 2087 4307 quidem

440 4313 499 4367 et
530 4308 826 4371 Bethleem
857 4311 1063 4374 civitas
1086 4314 1371 4396 ipsorum,
1398 4315 1501 4377 sed
1534 4323 1594 4375 ut
1629 4317 1816 4396 patria
1847 4337 1861 4377 :
1900 4315 2087 4378 Naza-

436 4397 568 4487 reth
601 4415 738 4460 vero
762 4409 822 4460 ut
854 4400 1230 4465 habitationis
1259 4405 1622 4467 locusJesus
1641 4424 1777 4467 vero
1800 4415 2087 4487 quantum

2174 3408 2333 3485 χάρις
2395 3408 2529 3463 Θεοῦ
2570 3407 2635 3474 ἦν
2719 3402 2834 3488 ἔπ’-
2866 3407 3033 3479 αὐτῷ.
3104 3426 3130 3458 ιι
3191 3404 3467 3479 Ἐπιμένει
3516 3409 3544 3463 ὁ
3601 3409 3827 3488 εὐαγγε-

2172 3484 2359 3561 λιστης
2421 3494 2487 3571 τῇ
2517 3498 2635 3573 περὶ
2665 3500 2763 3562 τῆς
2798 3484 3011 3560 "Aw-nc
3069 3493 3367 3573 ἀφηγήσει,
3398 3495 3486 3550 καὶ
3513 3497 3603 3552 τὸν
3629 3484 3829 3578 πατέρα

2170 3586 2259 3640 καὶ
2290 3587 2389 3651 τὴν
2440 3584 2610 3664 φυλὴν
2653 3583 2991 3662 καταλέγων,
3070 3582 3159 3638 ἵνα
3205 3584 3458 3660 μάθωμεν
3507 3584 3587 3641 ὅτι
3650 3587 3825 3657 ἀληθῆ

2172 3670 2339 3750 λέγει,
2430 3696 2695 3754 μαρτυρας
2767 3676 2958 3729 ὡσανεὶ
3043 3671 3274 3738 πολλοὺς
3334 3674 3821 3753 προσκαλούμενος,

2172 3764 2291 3826 τοὺς
2354 3763 2553 3828 εἰδότας
2604 3765 2690 3821 καὶ
2751 3766 2843 3821 τὸν
2900 3762 3104 3841 πατέρα
3147 3764 3236 3819 καὶ
3278 3765 3378 3829 την
3434 3763 3623 3843 φυλήν·
3688 3766 3825 3836 αὕτη

2173 3860 2261 3909 οὖν
2318 3854 2751 3932 ἀνθωμολογεῖτο
2784 3859 2861 3927 τῷ
2914 3851 3112 3933 Κυρίῳ,
3150 3851 3449 3930 τουτέστιν,
3483 3854 3821 3938 ηὗχαρίστει,

2172 3944 2257 3998 καὶ
2319 3942 2551 4000 ἐδίδασκε
2610 3945 2811 4008 πάντας
2859 3945 2978 4021 περὶ
3018 3950 3110 3999 τοῦ
3164 3943 3373 4021 Κυρίου,
3435 3941 3515 3999 ὅτι
3548 3945 3702 4011 αὐτὸς
3732 3946 3825 4015 εἴη

2172 4035 2199 4089 ὁ
2260 4034 2450 4112 Σωτὴρ
2503 4034 2589 4090 καὶ
2637 4033 2671 4100 ἠ
2703 4031 3047 4111 παράκλησις
3093 4032 3248 4107 ἡμῶν
3278 4037 3384 4088 τῶν
3413 4031 3828 4112 προσδοκώντων

2178 4123 2271 4190 τη)
2324 4122 2737 4200 ἀπολύτρωσιν·
2797 4123 2934 4198 μετά
2990 4120 3046 4177 δὲ
3097 4122 3158 4177 τὸ
3198 4119 3410 4177 τελέσαι
3470 4123 3663 4199 πάντα,
3717 4127 3826 4183 ὑπ-

2175 4212 2431 4290 έστρεψαν
2489 4214 2561 4275 εἰς
2619 4212 2719 4280 τὴν
2778 4210 3087 4287 Γαλιλαίαν,
3163 4212 3237 4274 εἷς
3289 4212 3388 4278 την
3472 4211 3627 4269 πόλιν
3657 4216 3828 4273 αὖτῶν

2176 4301 2410 4380 Ναζαρέτ
2438 4320 2451 4335 ⁸
2509 4302 2575 4369 ἦν
2634 4302 2731 4376 μὲν
2788 4302 2887 4380 γὰρ
2947 4302 3035 4357 καὶ
3063 4301 3099 4367 ἦ
3133 4298 3397 4376 Βηθλεὲμ,
3433 4300 3588 4367 πόλις
3631 4306 3824 4383 αὐτῶν,

2172 4390 2293 4446 ἀλλ’
2350 4394 2421 4456 ὡς
2467 4392 2653 4470 πατρίς
2688 4410 2704 4426 ⁸
2737 4391 2774 4459 ἦ
2816 4390 2868 4447 δὲ
2941 4391 3198 4471 Ναζαρὲτ,
3245 4393 3319 4453 ὡς
3376 4394 3826 4474 κατοικητηριον⁹

437 4486 509 4547 ad
535 4505 749 4568 corpus
781 4491 989 4567 erevit,
1017 4494 1283 4573 quamvis
1317 4495 1607 4574 potuisset
1639 4514 1706 4556 ex
1750 4479 1916 4557 utero
1958 4498 2081 4558 Ma-

2178 4479 2357 4548 ηὕξανε
2411 4480 2465 4538 δὲ
2506 4482 2534 4538 ὃ
2592 4481 2797 4549 Ἰησοῦς
2854 4482 2992 4538 κατά
3059 4483 3121 4538 τὸ
3176 4487 3358 4557 σῶμα,
3433 4482 3607 4539 καίτοι
3668 4482 3830 4545 δυνά-

438 4576 545 4638 tris
579 4578 634 4639 in
665 4586 889 4642 statura
919 4570 1052 4642 viri'
1080 4570 1330 4664 perfecti
1368 4583 1720 4665 procedere;
1754 4585 1943 4646 visum
1978 4604 2089 4647 au-

2178 4591 2335 4645 μενος
2395 4571 2455 4627 ἐκ
2487 4573 2693 4650 μήτρας
2742 4570 2924 4644 mag,
2973 4572 3047 4635 εἰς
3098 4570 3290 4648 μέτρον
3340 4570 3551 4638 ἡλικίας
3584 4571 3831 4653 ἀνδρικῆς

441 4673 558 4726 tem
590 4667 795 4729 fuisset
824 4669 1265 4748 pliantasma,et
1288 4686 1605 4754 promerea
1631 4674 1905 4754 paulatim
1932 4694 2090 4737 creso

437 4758 539 4817 cit.
574 4756 716 4819 Cum
750 4767 949 4822 autem
1003 4772 1320 4837 cresceret,
1364 4763 1608 4825 emicuit
1641 4765 1746 4826 Dei
1778 4763 1959 4826 Verbi
1992 4784 2090 4825 sa-

439 4846 679 4926 pientia.
708 4852 841 4912 Non
868 4848 1029 4911 enim
1065 4853 1304 4932 sapiens
1335 4852 1442 4914 fuit
1471 4852 1865 4932 proﬁciendo,
1900 4854 2085 4915 absit:

440 4935 543 4996 sed
563 4936 839 5014 paulatim
860 4938 1187 5001 declaravit
1209 4942 1444 5003 insitam
1471 4942 2096 5022 sapientiam,etjuxta

438 5025 707 5105 corporis
739 5034 1022 5089 staturam
1050 5029 1273 5092 dicitur
1302 5032 1593 5110 proﬁcere
1626 5039 1685 5091 et
1716 5032 2096 5093 corroborari

438 5115 674 5195 spiritu.
709 5114 772 5178 Si
803 5116 961 5177 enim
992 5120 1254 5199 quandiu
1287 5120 1487 5183 brevis
1518 5122 1648 5182 291
1680 5121 1887 5184 fuisset
1918 5129 2096 5182 statu-

436 5222 525 5277 ra,
558 5204 918 5267 ostendisset
960 5227 1198 5269 omnem
1246 5210 1624 5291 sapientiam,
1680 5210 1837 5271 visus
1887 5210 2097 5273 fuisset

440 5292 811 5374 prodigiosus
849 5317 861 5355 :
899 5315 1058 5358 nunc
1091 5300 1481 5379 autemjuxta
1503 5301 1791 5361 rationem
1827 5309 2090 5375 staturae,

437 5382 699 5462 seipsum
733 5402 836 5462 pro
863 5384 1390 5468 ipsiuscapacitate
1420 5389 2092 5469 ostendens,dispensa-

440 5471 663 5559 tionem
714 5471 1020 5552 implebat,
1100 5497 1219 5539 non
1297 5498 1663 5559 praesumens
1741 5478 2097 5559 sapientiam

444 5555 611 5641 (quid
643 5560 803 5652 enim
833 5564 1156 5641 perfectius
1182 5555 1420 5650 eo,_qui
1472 5570 1546 5632 ab
1580 5570 1749 5631 initio
1796 5555 1903 5632 fuit
1954 5587 2096 5652 per-

437 5652 629 5716 fectus
651 5650 704 5733 ?)
741 5667 944 5715 verum
980 5657 1258 5735 paulatim
1291 5658 1452 5721 illam
1490 5659 1774 5723 denudat.

2174 4658 2456 4736 ἀναϐῆναι,
2495 4661 2615 4717 ἀλλ’
2674 4658 2846 4727 ἔδοξεν
2907 4661 2967 4717 ἂν
3026 4661 3309 4740 φαντασία,
3361 4658 3452 4716 διὰ
3500 4670 3653 4720 τοῦτο
3699 4666 3835 4721 κατά

2175 4752 2365 4829 μικρὸν
2422 4751 2625 4817 αὐξάνει
2684 4768 2697 4782 ⁸
2784 4748 3097 4816 αὐξάνοντος
3154 4747 3235 4830 δὲ,
3300 4748 3595 4829 ἐξεφαίνετο
3637 4754 3673 4821 ἠ
3743 4756 3836 4811 τοῦ

2177 4848 2309 4897 Θεοῦ
2364 4841 2536 4919 Λόγου
2596 4846 2750 4921 σοφία
2787 4859 2802 4875 ⁸
2865 4842 2925 4897 οὒ
2981 4842 3080 4919 γὰρ
3134 4840 3269 4895 κατά
3326 4843 3602 4917 προκοπὴν
3634 4843 3834 4922 ἐγίνετο

2180 4932 2366 5011 σοφὸς,
2427 4930 2621 5009 ἄπαγε.
2709 4929 2877 4988 Ἀλλά
2942 4932 3080 4987 κατα
3136 4930 3322 5005 μικρὸν
3405 4928 3665 5011 ἐκφαίνων
3735 4934 3833 5000 τὴν

2181 5020 2408 5101 ἔμφυτον
2461 5028 2673 5102 σοφίαν,
2761 5019 3062 5077 ἀκολούθων
3129 5020 3195 5094 τῇ
3265 5022 3547 5094 σωματικὴ
3628 5020 3834 5096 ἡλικίᾳ,

2180 5109 2390 5188 λέγεται
2449 5110 2769 5189 προκόπτειν
2828 5111 2916 5166 καὶ
2970 5111 3345 5187 κραταιοῦσθαι
3400 5113 3478 5181 τῷ
3521 5111 3779 5187 πνεύματι
3817 5127 3831 5142 ⁶

2181 5202 2224 5256 εί
2255 5202 2353 5280 γὰρ
2385 5201 2437 5257 ἐν
2467 5200 2577 5274 ὅσῳ
2618 5204 2685 5269 ἦν
2736 5201 2941 5279 βραχὺς
2992 5199 3091 5264 τὴν
3138 5197 3374 5271 ἠλικίαν,
3413 5196 3630 5279 ἐξέφηνε
3660 5207 3837 5257 πᾶσαν

2181 5293 2387 5371 σοφίαν,
2449 5288 2618 5356 ἔδοξεν
2648 5290 2709 5346 ἂν
2740 5289 2894 5369 τέρας
2934 5304 2947 5318 ⁶
3002 5290 3088 5344 νῦν
3120 5285 3175 5342 δὲ
3220 5284 3495 5364 ἀναλόγως
3529 5289 3597 5365 τῇ
3646 5288 3836 5364 ἡλικίᾳ

2176 5380 2436 5446 ἐνδεικνὺς
2469 5381 2651 5438 ἑαηὸν
2682 5383 2756 5443 ὡς
2817 5381 3098 5459 ἒνεχώρει,
3159 5376 3258 5444 τὴν
3310 5377 3614 5454 οἰκονομίαν
3659 5378 3837 5451 ἐπλή-

2181 5496 2292 5552 ρου,
2374 5474 2434 5530 οὗ
2525 5470 2920 5552 προλαμϐάνων
2996 5469 3181 5548 σοφίαν
3266 5465 3340 5546 (τί
3418 5470 3519 5548 γὰρ
3576 5476 3667 5527 τοῦ
3741 5468 3836 5525 ἀπ’

2181 5562 2358 5642 ἀρχῆς
2413 5562 2614 5619 τελείου
2671 5562 2867 5641 γένοιτ’
2945 5561 3007 5617 ἂν
3082 5557 3411 5637 τελειότερον
3447 5564 3489 5640 ς)
3548 5558 3683 5616 ἀλλά
3737 5559 3840 5627 τὴν

2184 5660 2343 5712 οὖσαν
2383 5654 2519 5710 κατά
2548 5655 2724 5734 βραχὺ
2752 5656 3133 5733 παραγυμνῶν.
