4232 6456
400 363 520 437 733

1170 373 1612 440 ENARRATIO
1670 379 1751 441 IN
1799 369 2312 440 EVANGELIUM
2358 371 2597 433 LUCE.
2646 401 2723 414 —
2767 371 2931 433 CAP.
2980 371 3062 433 II.

3677 363 3794 429 734

487 534 513 564 α
548 508 651 572 Καὶ
711 512 1023 591 ἐπορεύοντο
1080 515 1127 569 οἱ
1178 525 1356 590 γονεῖς
1431 516 1591 572 αὑτοῦ
1646 511 1764 569 κατ’
1812 509 1929 575 ἶτος
1982 513 2037 566 εἷς

2139 497 2407 591 ___VEns.
2441 500 2647 591 41-50Ἴ
2691 522 2716 559 ι
2742 500 2813 562 Ει
2835 500 2997 563 ibant
3028 510 3303 583 parentes
3325 503 3457 581 ejus
3479 496 3798 591 quotannis

402 590 752 680 Ἰερουσαλὴμ
816 590 891 678 τῇ
953 603 1109 680 ἑορτῇ
1165 602 1259 658 τοῦ
1334 602 1548 683 Πάσχα·
1607 604 1697 659 καὶ
1722 601 1816 683 ,ὅτε
1847 602 2056 679 ἐγένετο

401 689 828 771 ἐτὼναδώδεκα,
890 690 1193 749 ἀναϐάντων
1280 693 1451 748 αὑτῶν
1528 694 1600 756 εἷς
1718 682 2057 772 Ἰεροσόλυμα

402 782 541 837 κατά
596 782 659 837 τὸ
715 781 829 845 ἔθος
886 786 985 848 τῆς
1058 783 1267 859 ἑορτῆς,
1350 783 1436 838 καὶ
1508 782 1902 838 τελειωσάντων
1958 783 2055 845 τας

404 868 631 948 ἡμέρας,
717 870 771 927 ὲν
848 872 924 946 τῷ
1046 870 1392 952 ὑποστρέφειν
1478 872 1686 942 αὑτοὺς,
1775 870 2057 946 ἀπέμεινεν

404 956 607 1027 ἰησοῦς
667 963 695 1017 ὃ
754 975 883 1027 παῖς
939 962 992 1018 ἐν
1050 952 1421 1041 Ἰερουσαλὴμ,
1480 963 1567 1018 γαὶ
1619 964 1713 1019 οὒκ
1764 961 1903 1038 ἔγνω
1934 959 2055 1018 ’ῐω-

401 1049 513 1130 ei?
571 1051 657 1107 καὶ
717 1052 749 1118 ἡ
810 1053 991 1128 μήτηρ
1022 1054 1200 1110 αὑτοῦ·
1237 1052 1546 1126 νομίσαντες
1577 1049 1630 1107 δὲ
1678 1052 1834 1110 αὑτὸν
1877 1050 1931 1105 ἐν
1987 1057 2054 1127 τῇ

401 1138 606 1214 συνοδιᾳ
665 1142 831 1221 εἶναι,
892 1141 1053 1209 ἦλθον
1133 1141 1336 1218 ἡμέρας
1405 1139 1544 1197 ὀδόν·
1606 1143 1693 1198 καὶ
1771 1142 2052 1212 ἀνεζήτουν

396 1228 553 1285 αὑτὸν
623 1229 676 1286 ἐν
735 1245 853 1293 τοῖς
906 1229 1179 1308 συγγενέσι
1253 1232 1339 1287 καὶ
1392 1230 1445 1286 ἐν
1474 1244 1591 1294 τοῖς
1644 1243 1926 1309 γνωστοῖς⁹
1962 1235 2050 1289 καὶ

400 1319 476 1394 μὴ
536 1319 773 1398 εὑρόντες
846 1322 1028 1392 αὑτὸν,
1098 1320 1434 1400 ὑπέστρεψαν
1464 1322 1534 1382 εἰς
1570 1311 1917 1398 Ἰερουσαλὴμ
1943 1327 2045 1390 ζη-

392 1416 602 1473 τοῦντες
674 1409 854 1483 αὑτὸν,
902 1410 990 1465 καὶ
1034 1408 1267 1487 ἐγένετο,
1302 1409 1417 1485 μεθ’
1463 1410 1667 1485 ἡμέρας
1699 1423 1843 1489 τρεῖς
1896 1409 2044 1478 εὖρον

394 1500 551 1556 αὑτὸν
609 1497 663 1554 ἐν
719 1506 796 1572 τῷ
851 1500 996 1576 ἱερῷ,
1060 1502 1407 1574 καθεζόμενον
1467 1497 1522 1554 ἐν
1581 1499 1729 1573 μέσῳ
1756 1506 1862 1555 τῶν
1893 1497 2043 1555 διδα-

395 1586 630 1662 σκάλων,
704 1589 794 1645 καὶ
861 1587 1121 1644 ἀκούοντα
1206 1588 1401 1668 αὑτῶν,
1435 1590 1521 1645 καὶ
1579 1588 1924 1666 ἐπερωτῶντα
1954 1593 2049 1647 αὑ-

392 1677 535 1741 τούς.
596 1677 896 1743 Ἐξίσταντο
952 1675 1007 1733 δὲ
1062 1679 1255 1741 πάντες
1289 1680 1335 1735 οἱ
1385 1678 1665 1743 ἀκούοντες
1722 1683 1904 1750 αὑτοῦ,
1962 1678 2046 1735 ἐπὶ

393 1774 462 1843 τῇ
520 1768 721 1824 συνέσει
777 1769 867 1824 καὶ
922 1782 1044 1832 ταῖς
1118 1768 1461 1846 ἀποκρίσεσιν
1522 1769 1698 1825 α·3τοῦ’
1732 1771 1819 1825 καὶ
1849 1768 2045 1832 ἰδόντες

395 1856 574 1937 αὑτὸν,

390 1950 540 2002 εἴπεο
614 1945 830 2015 Τέκνον,
887 1948 936 2001 τί
993 1946 1249 2014 ἐποίησας
1292 1949 1430 2023 ἡμῖν
1460 1948 1625 2011 οὕτως
1661 1968 1677 2021 ;
1716 1947 1847 2005 ἰδιιὺ
1880 1952 1907 2005 ὁ
1937 1972 2044 2005 πα-

642 1855 1027 1935 ἐξεπλσίγησαν·
1065 1860 1151 1914 καὶ
1206 1860 1337 1937 πρὸς
1400 1859 1553 1918 αὑτόν
1595 1858 1632 1926 ἡ
1677 1860 1858 1938 μήτηρ
1890 1859 2047 1916 αὑτοῦ
2071 1834 2108 1885 Β

2138 586 2604 669 Hierosolymam
2634 589 2694 651 in
2726 591 2826 653 die
2857 592 3008 653 festo
3040 592 3302 654 Paschaa.
3340 592 3415 653 Et
3445 609 3578 651 cum
3608 588 3796 649 factus

2139 688 2295 739 esset
2325 697 2617 741 annorum
2651 680 2989 761 duodecim,
3025 680 3488 744 ascendentibus
3509 679 3627 739 illis
3648 677 3793 739 Hie-

2143 771 2498 852 rosolymam
2548 772 2877 835 secundum
2927 774 3421 835 consuetudinem
3471 772 3584 833 diei
3633 770 3789 851 festi,

2142 860 2688 943 consummatisque
2718 862 2929 924 diebus
2951 882 3084 923 cum
3118 863 3385 926 redirent
3415 861 3522 936 illi,
3558 877 3793 922 reman-

2139 948 2213 1010 sit
2247 968 2394 1030 puer
2420 949 2595 1012 Jesus
2638 950 3089 1031 Hierosolymis,
3130 962 3186 1014 et
3231 972 3348 1013 non
3394 956 3793 1030 cognoverunt

2140 1047 2417 1119 parentes
2450 1040 2901 1119 ejus.Caterum
2925 1041 3214 1102 ratiilhnn
3249 1042 3458 1104 essein
3480 1039 3787 1112 comitatu,

2138 1136 2427 1190 venerunt
2458 1128 2671 1191 itinere
2718 1129 2860 1199 diei,
2909 1137 2967 1190 et
3006 1132 3392 1212 requirebant
3444 1149 3576 1192 cum
3633 1128 3789 1189 inter

2134 1225 2420 1296 COgnatos
2451 1227 2511 1281 et
2542 1217 2699 1279 inter
2733 1228 2928 1283 notos.
2964 1221 3038 1282 Et
3068 1240 3203 1281 cum
3257 1240 3372 1282 non
3423 1218 3789 1281 invenissent

2131 1324 2293 1387 eum,
2325 1307 2549 1368 reversi
2580 1316 2715 1369 sunt
2746 1308 3234 1391 Hierosolymam,
3260 1317 3592 1391 quaerentes
3616 1327 3776 1371 eum.

2130 1395 2198 1456 Et
2227 1396 2445 1457 accidit
2479 1406 2608 1477 post
2634 1398 2923 1474 triduum,
2958 1400 3312 1462 invenerunt
3343 1400 3509 1461 illum
3544 1400 3601 1459 in
3634 1406 3779 1458 tem-

2130 1485 2569 1567 plosedentcm
2592 1486 2653 1548 in
2674 1487 2872 1549 medio
2894 1489 3225 1564 doctorum,
3259 1490 3599 1551 audientem
3623 1486 3777 1559 illos,

2131 1587 2190 1640 et
2248 1578 2707 1658 interrogantem
2766 1598 2890 1641 eos.
2946 1579 3274 1661 Stupebant
3323 1589 3516 1643 autem
3572 1597 3783 1639 omnes

2131 1668 2228 1748 qui
2249 1685 2382 1728 eum
2416 1667 2759 1742 audiebant,
2776 1687 2959 1747 super
2984 1670 3372 1748 intelligentia
3393 1679 3451 1732 et
3479 1666 3782 1749 responsis

2132 1756 2283 1836 eius,
2312 1765 2369 1817 et
2387 1758 2504 1819 viso
2530 1776 2624 1837 eo,
2649 1756 2924 1818 admirati
2957 1767 3095 1821 sunt
3153 1761 3227 1823 Et
3255 1760 3402 1822 dixit
3434 1768 3620 1820 mater
3650 1757 3780 1836 ejus

2131 1844 2204 1905 ad
2241 1846 2405 1907 illum
2439 1865 2452 1906 :
2486 1845 2620 1920 Fili,
2657 1865 2763 1908 cur
2806 1846 3002 1907 fecisti
3040 1848 3215 1910 nobis
3244 1848 3385 1911 sic?
3432 1849 3583 1910 Ecce
3616 1855 3780 1927 pater

2131 1942 2264 1995 tuus
2293 1944 2349 1997 et
2380 1955 2487 2013 ego
2534 1935 2805 1998 dolentes
2862 1939 3274 2016 quaerebamus
3325 1949 3406 2002 te.
3454 1938 3524 1999 Et
3572 1938 3654 1997 ait
3703 1934 3775 1995 ad

388 2036 489 2114 τὴρ
549 2057 641 2092 σου
686 2036 860 2115 κάγὼ,
922 2034 1239 2111 ὀδυνώμενοι
1311 2038 1601 2112 εζητοῦμέν
1633 2060 1711 2096 σε.
1751 2039 1846 2096 Καὶ
1919 2043 2037 2095 εἶπε

2129 2023 2262 2085 illos
2296 2045 2309 2087 :
2353 2023 2502 2098 Quid
2548 2032 2637 2087 est
2666 2026 2821 2105 quod
2856 2042 2969 2105 qua.
2991 2028 3213 2091 rebalis
3252 2048 3345 2089 me
3370 2028 3400 2089 ἲ)
3430 2029 3518 2089 An
3551 2024 3779 2087 nescie-

386 2125 517 2203 πρὸς
576 2125 782 2189 αὑτούς
855 2126 915 2183 Τί
970 2124 1051 2181 ὅτι
1083 2125 1326 2197 ἐζητεῖτέ
1357 2148 1423 2201 με
1460 2146 1477 2203 ;
1512 2126 1618 2185 Οὑκ
1647 2125 1830 2206 ᾔδειτε
1874 2128 1954 2184 ὅτι
1986 2127 2037 2184 ἐν

2128 2112 2276 2174 batis
2306 2114 2560 2206 quodin
2593 2114 2687 2176 his
2713 2133 2845 2196 quae
2874 2114 3062 2206 Patris
3087 2118 3201 2179 mei
3233 2128 3388 2192 sunt,
3420 2123 3652 2200 oportet
3681 2132 3777 2175 me

384 2228 502 2278 τοῖς
550 2224 643 2273 τοῦ
714 2214 916 2292 Πατρός
991 2238 1092 2289 μου
1149 2213 1232 2271 δεῖ
1289 2217 1429 2272 εἶναιί
1457 2237 1575 2297 pe;
1634 2218 1731 2275 Καὶ
1788 2220 1933 2276 αὑτοὶ
1979 2218 2036 2275 οὗ

2124 2222 2255 2266 esse
2278 2211 2306 2267 ?
2337 2205 2411 2265 At
2458 2204 2546 2265 illi
2580 2224 2697 2265 non
2750 2205 3172 2268 intellexerunt
3202 2227 3566 2280 sermonem,
3597 2222 3773 2285 quem

386 2308 621 2370 συνῆκαν
672 2304 733 2360 τὸ
780 2304 927 2380 ῥῆμα
972 2302 999 2358 ὅ
1043 2301 1303 2371 ἐλάλησεν
1328 2304 1536 2368 αὑτοῖς,
1562 2292 1599 2359 ὐ
1661 2304 2033 2365 Σδναναϐαίνει

2122 2292 2356 2354 locutus
2388 2303 2475 2354 est
2508 2293 2670 2373 ipsis.
2714 2318 2741 2350 ι
2803 2292 2997 2356 Simul
3045 2297 3204 2359 venit
3250 2318 3381 2361 cum
3435 2294 3777 2378 parentibus

388 2406 507 2457 τοῖς
561 2399 799 2470 γονεῦσιν
858 2394 930 2457 εἰς
994 2383 1365 2470 Ἰερουσαλὴμ,
1426 2394 1517 2451 ἵνα
1540 2393 1624 2450 διὰ
1651 2395 1865 2451 πάντων
1893 2394 2033 2473 δείξῃ

2122 2389 2182 2450 in
2226 2381 2588 2458 Jerusalem,
2638 2392 2701 2444 ut
2735 2401 2842 2461 per
2873 2385 3073 2448 omnia
3111 2389 3382 2451 ostendat
3409 2406 3474 2449 se
3506 2406 3623 2448 non
3663 2383 3775 2445 ad-

387 2481 471 2539 ὅτι
554 2483 649 2540 οὑκ
709 2482 851 2540 ’ἐστιν
909 2482 1163 2555 ἀντίθεος,
1198 2482 1305 2539 οὐδ’
1337 2484 1703 2541 ἀντιτάσσεται
1733 2499 1850 2548 τοῖς
1875 2508 2024 2542 νενο-

2122 2472 2447 2532 versarium
2492 2470 2638 2546 Deo,
2721 2491 2916 2554 neque
2959 2485 3389 2555 repugnantem
3436 2477 3531 2539 his
3578 2493 3711 2556 quae
3743 2491 3779 2533 a

392 2572 802 2647 poOsmuéiozc'
887 2570 1283 2629 τελειωσάντων
1359 2572 1413 2629 δὲ
1472 2574 1566 2636 τὰς
1646 2574 1869 2653 ἡμέρας,
1950 2576 2037 2639 τὰς

2127 2561 2260 2640 lege
2295 2561 2483 2641 posita
2514 2561 2777 2623 fuerunt.
2826 2564 2971 2625 Cum
3009 2566 3397 2645 perfecissent
3428 2574 3625 2627 autem
3649 2564 3779 2625 dies

391 2662 527 2720 ἑπτὰ
578 2659 783 2729 δηλαδὴ
841 2671 931 2719 τοῦ
987 2662 1203 2741 Πάσχα,
1267 2662 1549 2738 ἀπέμεινεν
1580 2663 1633 2718 ἐν
1670 2654 2037 2743 Ἰερουσαλήμ·

2126 2666 2382 2743 septem,
2444 2654 2692 2716 Pascth
2741 2655 2995 2729 scilicet,
3051 2659 3265 2719 mansit
3311 2658 3370 2720 in
3417 2658 3774 2721 Jerusalem.

389 2752 674 2822 Συιιεζήτει
740 2748 795 2805 δὲ
848 2752 983 2825 μετά
1039 2757 1143 2807 τῶν
1177 2751 1566 2830 Γραμματέων,
1610 2754 1717 2809 ἀπὸ
1760 2753 1851 2809 τοῦ
1882 2756 2037 2829 νόμου

2127 2742 2479 2823 Disputabat
2502 2752 2697 2804 autem
2729 2762 2861 2804 cum
2897 2745 3143 2821 Scribis,
3169 2766 3384 2826 rogans
3400 2766 3503 2808 eos
3526 2747 3599 2807 de
3620 2749 3771 2822 lege:

382 2839 595 2906 ἐρωτῶν
652 2840 860 2903 αὑτούς·
923 2841 1009 2895 καὶ
1067 2839 1335 2906 ἐξίσταντο
1417 2842 1632 2905 πάντες,
1711 2835 1864 2922 Ὀρᾷς
1926 2851 2037 2907 πῶς

2128 2842 2186 2894 οι
2216 2833 2657 2913 obstupuerunt
2687 2832 3106 2896 omnes.Vides
3133 2839 3430 2918 quo.nodo
3464 2835 3778 2917 profecerit

384 2928 712 3007 προέκοπτεν
785 2929 870 3006 ἐπὶ
928 2931 1107 3009 σοφίᾳ,
1166 2928 1251 2985 διὰ
1281 2938 1372 2986 τοὺ
1403 2931 1751 3009 γινώσκεσθαι
1812 2932 2037 2996 πολλοῖς

2124 2922 2184 2983 in
2217 2924 2533 3002 sapientia,
2570 2941 2639 2983 eo
2670 2923 2826 3003 quod
2873 2936 3222 2987 nosceretur
3273 2947 3306 2989 a
3355 2929 3577 2999 multis,
3613 2935 3672 2987 et
3716 2928 3775 2986 in

382 3020 471 3074 καὶ
529 3018 925 3094 θαυμάζεσθαις
998 3021 1033 3086 ἡ
1112 3020 1207 3098 γὰρ
1277 3017 1526 3100 ἔνφανσις
1566 3021 1663 3088 τῆς
1724 3023 1907 3101 σοφίας
1939 3024 2037 3078 αὑ-

2123 3012 2515 3073 aduiiratione
2543 3012 2749 3072 esset?
2787 3012 3066 3075 Emicatio
3099 3015 3257 3077 enim
3294 3017 3602 3097 sapientiae
3622 3020 3771 3091 ejus,

380 3116 499 3187 τοῦ,
588 3108 722 3175 αὕτη
795 3107 932 3164 ἐστὶν
989 3110 1023 3177 ἡ
1084 3109 1332 3183 προκοπὴ
1386 3111 1561 3168 αὑτοῦ.
1600 3110 1806 3189 Πατέρα
1837 3108 1891 3166 δὲ
1946 3111 2037 3167 τὸν

2125 3102 2420 3181 profectus
2452 3101 2581 3181 ipse
2632 3109 2742 3162 ist.
2800 3104 2985 3163 Porro
3034 3104 3231 3184 ipsum
3278 3107 3497 3187 Ioseph
3546 3114 3770 3184 patrem

385 3195 585 3278 Ἰωσὴφ
656 3198 903 3273 ὀνομάζει
960 3200 994 3267 ἡ
1057 3199 1339 3273 Θεοτόκος,
1416 3198 1584 3256 εἰδυῖα
1630 3200 1729 3275 μὶν
1799 3202 1871 3263 ὡς
1945 3204 2037 3258 οὒκ

2125 3191 2393 3252 nominat
2441 3190 2546 3253 Dei
2593 3190 2884 3265 Genitrix,
2930 3194 3127 3255 sciens
3177 3197 3417 3277 quidem
3479 3215 3593 3257 non
3640 3213 3772 3257 esse

382 3287 495 3343 ἔστι
542 3287 745 3365 πατὴρ·
806 3286 945 3354 πλὴν
1004 3285 1086 3342 διὰ
1145 3288 1266 3351 τοὺς
1327 3286 1630 3361 Ἰουδαίους,
1682 3288 1775 3344 ’ἕνα
1808 3290 1884 3364 μὴ
1941 3312 2034 3346 νο-

2122 3290 2349 3360 patrem
2387 3298 2399 3342 :
2435 3288 2847 3342 verumtamen
2883 3292 3125 3364 propter
3152 3285 3412 3360 Judaeos,
3453 3293 3514 3346 ut
3567 3302 3641 3345 ne
3674 3284 3767 3344 vi-

385 3380 548 3451 μισθῇ
602 3375 661 3431 ἐκ
745 3377 987 3454 πορνείας
1059 3375 1231 3449 εἶναι,
1306 3377 1508 3456 πατέρα
1540 3378 1698 3434 αὑτοῦ
1728 3376 1872 3456 λέγει
1942 3381 2033 3435 τὸν

2122 3368 2413 3431 deaturex
2435 3369 2833 3431 fornicatione
2863 3382 3206 3451 prognatus,
3240 3384 3468 3455 patrem
3487 3373 3772 3456 ejusdicit

389 3465 612 3547 Ἰωσὴφ*
688 3463 865 3529 ἄλλως
924 3488 980 3521 τε
1038 3467 1125 3522 καὶ
1192 3468 1390 3545 πατρὸς
1434 3466 1753 3544 κηδεμονίαν
1798 3466 2032 3534 ἐνδειΞά-

380 3577 564 3631 μενον,
626 3558 717 3612 καὶ
779 3557 1058 3634 ὑπουργίαν
1151 3556 1217 3612 ἐν·
1287 3563 1353 3633 τῇ
1436 3558 1726 3638 ἀνατροφῇ,
1812 3558 2028 3621 εἰκότως

376 3645 652 3720 ὠνόμασεν
738 3646 895 3702 αὑτὸν
955 3646 1179 3719 πατέρα’
1212 3648 1404 3703 ὡσανεὶ
1448 3655 1709 3723 τιμῶντος
1756 3650 1910 3704 αὑτὸν
1939 3657 2031 3706 τοῦ

375 3736 526 3813 ἁγίου
581 3735 887 3809 Πνεύμανος
945 3742 1011 3811 τῇ
1083 3746 1174 3795 τοῦ
1245 3739 1443 3815 πατρὸς
1500 3738 1853 3815 προσηγορίᾳ.
1934 3740 2031 3794 Διά

370 3824 421 3880 τί
450 3822 503 3879 δὲ
534 3823 750 3896 ἐζήτουν
782 3822 938 3882 αὐτόν
970 3845 986 3897 ;
1030 3814 1154 3903 Ἀρα
1208 3825 1482 3901 ὑπόληψιν
1514 3825 1732 3907 ἔχοντες
1792 3826 1873 3882 ὅτι
1917 3826 2025 3883 ἀπ-

366 3913 570 3971 όλωλε)
603 3913 638 3983 ἢ
671 3912 1009 3981 πεπλάνηται
1041 3917 1113 3976 ὡς
1147 3916 1282 3979 παῖς
1314 3937 1330 3987 ;
1364 3908 1616 3994 ”Απαγε.
1652 3916 1782 3974 Οὔτε
1811 3917 1910 3996 γὰρ
1934 3926 2027 3983 τῆς

364 4004 639 4085 πανσόφου
696 4004 896 4080 Μαρίας
941 4014 1095 4062 τοῦτο
1150 4005 1240 4080 ἧν,
1317 4007 1504 4085 μυρίας
1561 4004 1852 4082 δεξαμένης
1912 4008 2031 4085 περὶ

368 4097 528 4153 αὑτοῦ
597 4092 991 4171 ἀποκαλύψεις,
1054 4092 1171 4151 οὔτε
1229 4102 1323 4153 τοῦ
1382 4094 1609 4177 Ἰωσὴφ,
1640 4102 1732 4153 τοῦ
1755 4097 1844 4152 καὶ
1876 4099 2031 4155 αὑτοῦ

368 4182 826 4263 ἀποκαλυῬΘὲντος
888 4183 968 4240 ὅτι
1000 4187 1061 4240 ὲκ
1095 4186 1403 4260 Πνεύμκτος
1437 4187 1586 4264 ἀγίον
1640 4186 1802 4244 ἐστίν.
1876 4185 2028 4243 Ἀλλ’

370 4274 589 4344 ἐζήτουν
662 4275 840 4347 αὑτὸν,
913 4276 1108 4350 μήπως
1184 4275 1391 4344 ἀπέστη
1433 4275 1526 4332 ἀπ’
1588 4276 1785 4348 αὑτῶν,
1833 4278 2028 4353 μήπως

1087 4365 1236 4421 Ἐπεὶ
1292 4363 1346 4421 δὲ
1432 4367 1581 4441 εὗρον
1656 4367 1833 4437 αὑτὸν,
1936 4367 2031 4441 ὃρα

371 4362 761 4420 καταλέλοιπεν
828 4364 1035 4429 αὑτούς,
1087 4365 1236 4421 Ἐπεὶ
1292 4363 1346 4421 δὲ
1432 4367 1581 4446 εὗρον
1656 4367 1833 4437 αὑτὸν,

372 4460 488 4515 πῶς
543 4453 727 4517 αὑτοῖς
784 4453 1144 4515 ἀποκρίνεται·
1218 4458 1317 4523 τῆς
1410 4458 1507 4535 γὰρ
1582 4456 1865 4535 Παρθένου,
1939 4458 2031 4511 τὸν

2115 3456 2365 3539 Joseph.
2403 3457 2507 3521 Vel
2553 3459 2765 3520 aliter:
2804 3459 3093 3531 Quoniam
3143 3464 3300 3525 velut
3346 3475 3511 3546 pater
3567 3482 3767 3525 curam

2118 3549 2284 3628 pueri
2314 3546 2580 3627 gerebat,
2616 3556 2675 3609 et
2706 3548 2880 3608 simul
2932 3556 3343 3615 conversando
3379 3550 3767 3629 ministrabat,

2114 3635 2846 3724 meritonominavitillum
2865 3647 3116 3718 patrem,
3147 3652 3421 3724 tanquam
3439 3643 3771 3704 honoranto

2112 3725 2284 3786 illum
2320 3722 2542 3805 Spiritu
2574 3734 2779 3786 sancto
2804 3728 2986 3805 patris
3010 3722 3323 3794 vocabulo.
3354 3733 3547 3806 Quare
3569 3740 3766 3794 autem

2113 3813 2457 3906 quaarebant
2504 3814 2717 3906 illum?
2764 3814 2914 3876 Num
2960 3822 3419 3903 suspicabantur
3468 3826 3763 3906 perditum

2112 3905 2282 3996 illum
2311 3912 2419 3996 aut
2448 3906 2603 3996 quod
2628 3903 2967 3996 aberrasset
2998 3919 3056 3970 ut
3088 3932 3238 3993 puer
3259 3921 3286 3976 ?
3315 3903 3482 3976 Absit
3509 3917 3523 3977 !
3561 3915 3767 3996 Neque

2116 3995 2275 4055 enim
2292 3994 2431 4086 hoc
2451 3994 2908 4075 sapientissime
2936 4000 3137 4064 Maria:
3167 4003 3368 4083 fuerit,
3405 4024 3537 4086 qua:
3569 3994 3756 4086 pluri-

2115 4101 2246 4176 mas
2272 4082 2349 4176 de
2372 4082 2812 4176 illoacceperat
2842 4090 3258 4176 revelationes,
3289 4082 3481 4176 neque
3516 4082 3762 4175 Joseph,

2113 4173 2204 4237 tui
2238 4182 2293 4235 et
2325 4171 2435 4254 ipsi
2468 4172 2676 4265 de_i_llo
2709 4174 3033 4240 revelatum
3069 4191 3198 4244 erat
3242 4171 3401 4265 quod
3453 4203 3488 4245 τι
3538 4171 3761 4265 Spiritu

2113 4270 2317 4356 sancto
2346 4271 2526 4356 esset.
2557 4261 2777 4325 Verum
2797 4261 3348 4350 quaerebantilluin,
3376 4293 3449 4335 ne
3466 4261 3763 4356 quo-pacto

2113 4351 2187 4413 ab
2219 4352 2306 4413 eis
2335 4350 2603 4445 abiisset,
2643 4370 2835 4433 neque
2878 4357 3027 4420 forte
3060 4362 3403 4445 reliquisset
3451 4350 3611 4426 illos:
3650 4363 3763 4426 Ubi

2117 4448 2317 4533 autem
2352 4443 2707 4533 invenerunt
2737 4462 2895 4520 eum,
2940 4448 3072 4511 vide
3114 4443 3413 4532 quomodo
3444 4453 3589 4533 ipsis
3630 4472 3762 4514 res-

369 4541 571 4621 Ἰωσήφ
630 4543 830 4623 πατέρα
888 4545 1136 4611 εἰπούσης
1199 4548 1377 4620 αὑτοῦ,
1440 4546 1645 4609 ἐκεῖνός
1694 4563 1877 4625 φησιν’
1928 4546 2034 4603 Οὑκ

2122 4531 2367 4625 pondet.
2413 4529 2775 4625 tiumhenim
2836 4536 3014 4616 Virgo
3071 4529 3290 4622 ,ιο-δειρῇ
3351 4529 3577 4622 patrem
3636 4542 3765 4621 ejus

371 4633 526 4697 αὑτός
603 4632 745 4688 ἐστιν
811 4635 838 4689 ὁ
898 4632 1102 4703 ἀληθής
1169 4659 1271 4709 μου
1303 4636 1506 4715 Πατὴρ,
1566 4635 1601 4703 ἧ
1648 4636 1747 4713 γὰρ
1781 4631 1841 4688 ἀν
1872 4634 1927 4690 ἐν
1957 4640 2033 4708 τῴ

2122 4621 2384 4695 dixisset,
2413 4619 2730 4715 ille-dixit:
2764 4625 2894 4686 Non
2925 4628 3019 4689 hic
3053 4619 3229 4690 verus
3256 4619 3421 4710 pater
3453 4650 3619 4693 meus
3648 4619 3759 4705 est,

368 4722 508 4797 οἴκῳ
554 4723 712 4780 αὑτοῦ
741 4722 914 4798 ἤμην’
961 4722 1081 4779 ἀλλ’
1127 4728 1153 4781 ὁ
1188 4726 1313 4790 Θεός
1367 4710 1477 4783 ἐστί
1522 4747 1623 4801 μου
1663 4710 1872 4803 Πατήρ.
1924 4722 2029 4784 Καὶ

2122 4713 2335 4794 alioqui
2389 4711 2447 4770 in
2496 4710 2674 4773 domo
2720 4714 2849 4793 ejus
2894 4718 3245 4779 mansissem
3283 4741 3296 4777 :
3350 4719 3455 4781 sed
3487 4719 3645 4781 Deus
3676 4729 3763 4779 est
3801 4744 3812 4754 -

364 4809 451 4867 διὰ
507 4820 663 4869 τοῦτο
744 4812 799 4868 ἐν
871 4822 946 4889 τῷ
1004 4815 1142 4890 οἴκῳ
1176 4809 1329 4873 αὑτοῦ
1360 4818 1489 4890 εἰμι,
1548 4814 1816 4872 τουτέστιν
1845 4814 1900 4870 έν
1952 4821 2029 4889 τῷ

367 4908 479 4975 ναῷ
552 4903 731 4964 αὑτοῦ.
798 4900 948 4960 Ἀλλ’
1000 4904 1148 4961 αὒτοί
1184 4907 1243 4961 οὑ
1297 4910 1527 4973 συνῆκαν
1560 4904 1587 4960 δ
1616 4903 1875 4970 ἐλάλησεν
1929 4905 2024 4960 αὑ-

365 5002 510 5053 τοϊς⁶
561 4993 852 5071 μυστήριον
883 4994 981 5071 γαρ
1012 4993 1099 5060 ἦν,

452 5097 482 5139 (
548 5080 646 5138 Καὶ
703 5079 906 5149 κατέϐη
964 5081 1084 5157 μετ’
1131 5081 1326 5156 αότῶν,
1358 5085 1445 5138 καὶ
1483 5081 1641 5150 ἦλθεν
1696 5084 1766 5146 είς
1856 5088 2026 5152 Ναζα-

2114 4804 2289 4864 Pater
2306 4811 2561 4874 meus,et
2586 4812 2896 4884 propterea
2912 4806 2969 4866 in
2988 4807 3165 4868 domo
3186 4808 3346 4869 illius
3358 4809 3633 4882 sum,hoc
3648 4817 3757 4880 est,

2112 4893 2171 4953 in
2204 4891 2420 4971 templo
2456 4891 2867 4955 illius.\'erum
2892 4896 3005 4977 ipsi
3030 4916 3146 4958 non
3180 4897 3757 4977 intellexeruntquiil

2109 4984 2343 5045 locutus
2365 4981 2506 5042 292
2532 4992 2688 5044 esset
2720 4983 2805 5047 eis
2835 5004 2848 5045 :
2884 4996 3323 5049 sacramentum
3348 4988 3505 5047 enim
3532 4995 3678 5049 erat.

2190 5071 2373 5135 Vsus.
2409 5073 2511 5153 51,
2541 5076 2639 5137 52.
2676 5096 2697 5128 ε
2738 5075 2808 5136 lit
2839 5076 3149 5137 descendit
3179 5096 3313 5140 cum
3350 5077 3456 5151 eis,
3487 5076 3765 5158 venitque

366 5169 479 5248 ρέτ.
557 5171 655 5228 Καὶ
717 5171 782 5239 ἧν
858 5173 1286 5248 ὑποτασσόμενος
1346 5173 1554 5236 αὑτο”ς·
1615 5174 1703 5229 καὶ
1750 5174 1783 5238 ἡ
1841 5172 2026 5250 μήτηρ

2122 5163 2445 5225 Nazareth:
2499 5174 2743 5244 eratque
2790 5164 3062 5228 subditus
3108 5167 3246 5231 illis.
3296 5165 3366 5227 Et
3417 5174 3605 5246 mater
3635 5168 3765 5246 ejus

365 5259 527 5315 αὑτοῦ
581 5256 811 5340 διετήρει
898 5263 1071 5318 πάντα
1128 5262 1191 5318 τά
1247 5262 1462 5339 ῥήματα
1492 5270 1654 5319 ταῦτα
1689 5262 1742 5318 ἐν
1771 5267 1839 5338 τῇ
1888 5282 2023 5340 mp-

362 5346 447 5422 δίᾳ
514 5349 702 5417 αὗτῆς.
778 5352 874 5407 Καὶ
906 5350 1112 5420 Ἰησοῦς
1156 5351 1455 5431 προέκοπτε
1487 5354 1641 5433 σοφίᾳ
1682 5352 1769 5409 καὶ
1816 5349 2017 5422 ἡλικίᾳ,

360 5439 453 5495 καὶ
510 5438 694 5519 χάριτι
749 5443 892 5520 παρα
947 5447 1063 5516 Θεῷ
1106 5442 1192 5497 καὶ
1224 5441 1543 5519 ἀνθρώποις,
1583 5464 1607 5499 ιι
1666 5434 2025 5498 ἰ’πετὰσσετο

356 5541 476 5594 τοῖς
548 5535 783 5606 γονεῦσι,
845 5531 1009 5588 τύπον
1039 5528 1210 5595 διδούς
1241 5533 1328 5587 καὶ
1362 5532 1524 5608 ημῖν,
1556 5535 1629 5596 ὡς
1662 5532 1723 5589 ἄν
1751 5544 1869 5594 τοῖς
1907 5552 2019 5587 πα-

2109 5251 2500 5315 conservabat
2530 5252 2731 5314 omnia
2762 5253 2944 5315 verba
2975 5256 3101 5318 haec
3154 5257 3212 5318 in
3263 5255 3445 5318 corde
3506 5274 3638 5319 suo.
3690 5257 3764 5318 Et

2108 5344 2280 5407 Jesus
2314 5340 2661 5422 proﬁciebat
2693 5341 2985 5422 sopientia
3017 5355 3073 5407 et
3103 5355 3299 5426 zelate,
3330 5346 3587 5426 etgratia
3605 5347 3759 5427 apud

2108 5433 2294 5496 Deum
2326 5439 2506 5511 atque
2538 5430 2812 5492 homines
2878 5460 2898 5487 ιι
2940 5433 3221 5497 Subditus
3252 5435 3361 5498 fuit
3387 5435 3758 5518 parentibus,

2108 5525 2245 5585 dato
2278 5521 2455 5584 etiam
2494 5519 2667 5581 nobis
2698 5523 2971 5604 exemplo
3010 5534 3069 5586 ut
3101 5524 3365 5607 patribus
3397 5525 3582 5586 simus
3611 5525 3759 5587 ube-

358 5619 548 5696 τράσιι
598 5619 1033 5697 ὑποταττώμεθα⁶
1100 5623 1371 5701 συνετήρει
1429 5620 1483 5678 δὲ
1544 5622 1709 5679 ταῦτα
1772 5621 1942 5678 πάντα
1985 5621 2020 5690 ἡ

2122 5615 2361 5675 lientes.
2416 5607 2816 5701 Conservabat
2867 5620 3065 5674 autem
3123 5615 3249 5676 haec
3305 5615 3503 5676 omnii
3553 5614 3755 5696 Virgo.

358 5708 647 5788 Παρθένος.
711 5719 843 5767 θεῖα
914 5709 1015 5791 γὰρ
1067 5711 1131 5780 ἦν
1205 5710 1271 5767 1i
1328 5733 1385 5769 τε
1450 5712 1792 5792 πραττόμενα
1824 5711 2019 5767 καὶτὰ

2106 5704 2313 5770 Divina
2341 5698 2501 5764 enim
2536 5707 2703 5761 erant
2734 5716 2864 5782 qua:
2893 5701 3247 5766 dicebantur
3277 5711 3336 5766 et
3364 5704 3696 5783 agebantur
3725 5721 3759 5764 a
