4232 6400
508 333 628 398 739

1424 392 1427 397 ,
1492 317 2089 393 THEOPHYLACTI
2133 314 2543 383 BULGARl/E
2588 319 2941 385 ARCHIEP.

3773 320 3895 391 740

510 489 679 533 cans.
736 469 864 535 Nisi
924 469 1101 547 igitur
1156 464 1558 548 pmnitentiam
1617 457 1881 539 egeritis,
1943 452 2133 548 inquit

2218 474 2443 509 ,πτουσα
2486 455 2607 516 τοὺς
2628 454 2866 520 ἆναξίοτς
2898 455 2957 513 ἐκ
2984 461 3083 522 τῆς
3108 461 3274 527 ζωῆς.
3313 459 3368 515 Εἰ
3398 459 3478 533 μὴ
3499 458 3588 515 οὖν
3623 462 3892 535 μετανοή-

511 560 873 623 excidemini
920 546 993 620 ab
1023 561 1133 619 hac
1158 546 1299 619 vita.
1331 553 1575 615 Securis
1624 550 1782 610 enim
1838 546 2029 626 posita
2066 552 2157 605 est

508 651 581 712 ad
614 650 874 711 radicem
913 659 1241 709 vestrarum
1273 644 1582 706 arborum.
1617 636 1872 700 Proinde
1905 644 1966 695 ut
1996 634 2153 695 dixi-

511 758 664 813 mus,
708 757 812 819 per
865 737 1155 808 radicem,
1206 735 1322 796 vita
1369 729 1740 809 intelligitur.
1800 723 2156 819 intelligitur

506 813 794 890 antem-et
825 845 934 905 per
978 826 1267 895 radicem,
1302 821 1562 885 Abrahae
1604 815 1894 894 cognatio.
1948 813 2153 905 Itaque

503 918 652 980 rami
684 918 784 978 illo
817 904 1044 995 indigni
1094 914 1452 977 exciduntur
1488 910 1561 972 ab
1614 908 1742 987 ejus
1773 904 2147 995 cognati-one,

497 1008 664 1088 juxta
685 992 1057 1086 Apostolum.
1082 1004 1372 1067 Caeterum
1406 1000 1623 1081 duplex
1647 1003 1733 1057 est
1764 992 2147 1088 supplicium.

501 1082 787 1159 Peccator
818 1095 976 1157 enim
1012 1102 1071 1156 et
1101 1092 1321 1155 sterilis
1369 1108 1485 1151 non
1536 1088 1726 1149 solum
1783 1082 2077 1145 exciditur
2119 1100 2153 1143 a

502 1186 854 1265 cognatione
878 1185 1201 1264 justorum,
1236 1180 1341 1243 sed
1381 1186 1440 1241 et
1482 1178 1540 1240 in
1583 1178 1782 1254 ignem
1815 1172 2150 1254 conjicitur.

584 1363 764 1428 Vens.
785 1363 987 1425 10-18.
1004 1387 1023 1418 ι
1044 1361 1116 1423 Et
1137 1361 1351 1423 intem
1370 1357 1583 1438 gabant
1602 1374 1735 1417 eum
1753 1352 2152 1417 turbmdicen-

503 1464 624 1518 tes:
662 1453 814 1527 Quid
835 1472 978 1531 ergo
1008 1450 1329 1512 faciemus?
1365 1445 1762 1528 llespondens
1782 1453 1981 1505 autem
2007 1442 2150 1504 dicit

501 1543 758 1617 illiszQui
782 1542 959 1604 habet
978 1543 1123 1603 duas
1151 1536 1713 1618 tunicas,impertiat
1736 1553 1854 1595 non
1880 1531 2141 1594 habenti:

502 1644 562 1696 et
593 1634 692 1715 qui
710 1632 885 1694 habet
902 1648 1091 1711 escas,
1119 1627 1395 1690 similiter
1415 1625 1929 1715 faciat.Venerunt
1948 1631 2145 1715 autem

2238 563 2390 617 σητε,
2472 544 2656 624 φησὶν,
2730 544 3093 616 ὲκαιοπήσεσθε
3123 546 3230 603 ἂπὸ
3261 552 3359 615 τῆς
3390 553 3557 620 ζωῆς,
3591 546 3890 607 Ἐπίκειται

2237 633 2335 711 γὰρ
2390 634 2425 701 ἡ
2482 632 2630 701 ἀξίνη
2689 636 2821 715 πρὸς
2875 636 2975 704 τὴν
3032 636 3173 714 ῥίζαν
3230 638 3378 713 ὑμῶν
3438 638 3543 696 τῶν
3641 637 3885 717 δένδρων.

2236 731 2452 779 Νοεῖται
2510 722 2607 797 μὲν
2662 726 2750 782 οὖν
2806 725 2941 806 ῥίζα,
2988 727 3022 794 ἡ
3072 726 3207 799 ζωὴ,
3242 727 3316 791 ὡς
3372 726 3622 804 εἴπομεν,
3657 731 3889 797 Νοηθείη

2234 807 2281 864 δ’
2338 810 2399 865 ἂν
2481 814 2569 869 καὶ
2624 812 2761 891 ῥίζα,
2818 816 2852 882 ἡ
2909 816 3003 871 τοῦ
3043 812 3291 894 Ἀϐραὰμ
3348 816 3648 897 συγγένεια·
3681 815 3772 896 ἂφ’
3820 822 3888 887 ἦς

2236 901 2561 979 συγγενείας
2595 909 2689 958 τοῦ
2746 900 2991 979 Ἀϐραὰμ
3045 903 3394 961 ἐκκόπτονται
3465 909 3513 963 οἱ
3586 907 3663 983 μὴ
3737 907 3911 973 ὄντες

2234 983 2365 1051 ἄξιοι
2405 986 2591 1046 κλάδοι
2620 990 2764 1047 εῖναι
2809 993 2988 1069 αὐτοῦ,
3036 993 3173 1049 κατά
3200 994 3292 1049 τὸν
3324 992 3671 1056 Ἀπόστολον.
3709 995 3887 1064 Διπλῆ

2233 1074 2288 1131 δὲ
2344 1078 2380 1146 ἡ
2419 1081 2686 1166 τιμωρία.
2758 1084 2819 1139 οὐ
2873 1082 3035 1158 μόνον
3090 1083 3190 1162 γὰρ
3261 1081 3576 1141 ἇκκόπτεται
3606 1090 3705 1152 τῆς
3750 1088 3885 1166 πρὸς

2234 1167 2354 1256 τους
2411 1164 2641 1234 δικαίους
2712 1173 3018 1251 συγγενείας
3076 1174 3104 1229 ὁ
3156 1173 3474 1253 ἁμαρτωλὸς
3502 1175 3592 1232 καὶ
3620 1164 3882 1256 ἄκαρπος,

2235 1254 2372 1312 ἀλλὰ
2400 1259 2490 1314 καὶ
2518 1260 2591 1322 εἷς
2617 1266 2718 1340 πῦρ
2760 1259 3037 1338 βάλλεται.

2317 1367 2349 1404 ¢
2378 1343 2482 1407 Καὶ
2511 1348 2804 1429 ἐπηρώτων
2861 1353 3018 1411 αὐτὸν
3046 1353 3094 1408 οἱ
3137 1351 3319 1433 ὄχλοι,
3364 1352 3632 1432 Αέγοντες.
3667 1357 3727 1413 Τί
3784 1354 3878 1411 οὖν

2231 1437 2573 1525 ποιήσομεν;
2636 1440 2964 1519 Ἀποκριθεὶς
3017 1439 3095 1519 δὲ,
3160 1440 3304 1521 λέγει
3364 1442 3570 1509 αὐτοῖς’
3620 1436 3679 1503 Ὀ
3734 1442 3884 1525 ἔχων

2231 1523 2318 1582 δύο
2398 1531 2652 1609 χιτῶνας,
2712 1528 2990 1606 μεταδότω
3059 1535 3166 1615 τῷ-
3192 1533 3270 1607 μὴ
3318 1531 3523 1609 ἕψοντι*
3558 1535 3646 1591 καὶ
3676 1536 3704 1590 ὁ
3734 1523 3881 1615 ἴχων

2230 1616 2508 1699 βρώματα,
2568 1620 2765 1696 ὁμοίως
2824 1622 3064 1685 ποιείτω.
3136 1609 3329 1679 Ἠλθον
3377 1620 3433 1679 δὲ
3512 1626 3599 1681 καὶ
3655 1609 3880 1681 τελῶναι

499 1732 559 1786 et
579 1705 879 1804 publicani
913 1728 970 1782 ut
1003 1705 1531 1799 ba'ptizarenturﬁt
1551 1715 1830 1804 dixerunt
1850 1712 1923 1773 ad
1948 1711 2134 1804 illum:

2227 1705 2601 1804 βαπτισθῆναι,
2656 1711 2750 1804 ,καὶ
2776 1710 2962 1804 ⁸ε’ίπον
3019 1712 3151 1790 πρὸς
3202 1713 3380 1771 αὐτόν’
3444 1710 3769 1794 Διδάσκαλε,
3830 1714 3883 1769 τί

494 1785 791 1892 Magister,
825 1810 965 1892 quid
998 1785 1325 1870 faciemus?
1354 1806 1428 1866 At
1450 1785 1559 1866 ille
1585 1803 1732 1866 dixit
1761 1803 1831 1863 ad
1875 1821 1976 1863 eos
2010 1824 2025 1864 ε
2059 1800 2134 1863 Ne

2229 1796 2592 1892 ποιήσωμενὲ
2656 1790 2715 1857 Ὀ
2770 1797 2826 1856 δὲ
2888 1800 3013 1857 εἷπε
3062 1785 3205 1882 ’πρὸς
3263 1802 3470 1866 αὐτούς’
3509 1801 3685 1871 Μηδὲν
3714 1785 3880 1860 πλέον

492 1902 636 1983 quid
668 1901 920 1981 amplius
951 1917 1128 1980 quam
1174 1897 1330 1978 quod
1387 1894 1773 1958 constitutum
1810 1902 1899 1954 est
1949 1892 2139 1983 vobis.

493 1981 1212 2071 exigatianterrogabant
1232 1995 1428 2047 autem
1458 2003 1591 2046 eum
1609 1991 1666 2044 et
1692 1981 2147 2071 milites,diceu—

492 2089 580 2144 tes
598 2070 627 2140 ﬂ:
666 2082 738 2143 Et
770 2098 877 2141 nos
911 2078 1051 2159 quid
1086 2074 1423 2138 faciemus?
1454 2074 1526 2137 Et
1556 2073 1635 2135 ait
1667 2072 1786 2134 illis
1813 2093 1826 2135 :
1859 2070 1947 2133 Ne
1968 2090 2143 2152 quem

493 2170 863 2243 concutialis,
889 2186 964 2230 ne
984 2186 1161 2247 quem
1185 2162 1656 2238 calumniemini,
1684 2171 1742 2227 et
1763 2161 2025 2223 contenti
2049 2180 2144 2223 es-

492 2274 612 2327 tote
643 2263 905 2326 obsoniis
932 2260 1166 2324 vestris.
1190 2259 1587 2340 Exspectante
1607 2266 1801 2319 autem
1829 2256 2071 2338 populo,
2091 2265 2147 2317 et

492 2351 885 2431 cogitantibus
909 2350 1188 2411 omnibus
1221 2349 1277 2410 in
1311 2348 1488 2411 corde
1519 2368 1624 2408 suo
1647 2347 1719 2408 de
1740 2346 2142 2419 Joanne,num

2232 1886 2372 1964 παρὰ
2430 1888 2489 1943 τὸ
2545 1886 2954 1968 διατεταγμένον
3023 1893 3153 1968 ὑμῖν
3211 1893 3498 1971 πράσσετε·
3551 1893 3881 1972 Ἐπηρώτων

2228 1972 2282 2029 δὲ
2338 1977 2495 2033 αὑτὸν
2550 1980 2639 2035 καὶ
2702 1981 3135 2060 στρατευόμενοι,
3169 1980 3440 2061 λέγοντες·
3475 1982 3580 2046 Καὶ
3633 1985 3800 2060 ἡμεῖς
3830 1983 3881 2039 τί

2227 2066 2575 2143 ποιήσομενς
2636 2071 2733 2127 Καὶ
2783 2070 2908 2127 εἶπε
2974 2074 3106 2149 πρὸς
3162 2073 3372 2136 αὐτούς·
3431 2071 3645 2141 Μηδένα
3675 2071 3877 2130 διασεί-

2229 2175 2382 2232 σητε,
2440 2156 2576 2233 μηδέ
2636 2162 3096 2240 συκοφαντήσητε,
3150 2164 3239 2219 καὶ
3301 2164 3545 2243 ἀρκεῖσθε
3574 2177 3691 2228 τοῖς
3723 2166 3876 2240 ὀψω-

2228 2245 2357 2311 νίοις
2412 2248 2583 2321 ὑμῶν.
2669 2248 3070 2331 Προσδοκῶντος
3097 2250 3151 2307 δὲ
3185 2253 3279 2309 τοῦ
3312 2259 3459 2334 λαοῦ,
3505 2254 3593 2310 καὶ
3635 2251 3873 2333 διαλογι-

2227 2335 2465 2410 ζομένων
2522 2339 2735 2395 πάντων
2792 2338 2846 2395 ἓν
2900 2354 3024 2407 ταῖς
3093 2339 3329 2421 καρδίαις
3377 2344 3550 2401 αὐτῶν
3606 2344 3724 2421 περὶ
3782 2351 3874 2401 τοῦ

491 2421 620 2524 ipse
644 2440 1073 2504 essvtChristus
1096 2436 1796 2519 ille,respondit.loannes
1820 2434 2134 2511 universis,

2226 2421 2495 2524 :st'tvveo,
2562 2429 2777 2524 μήποτε
2808 2428 2964 2493 αὐτὸς
2995 2428 3087 2497 εἴη
3131 2432 3159 2487 ὁ
3204 2432 3452 2509 Χριστὸς,
3498 2431 3814 2511 ἀπεκρίνατο
3844 2434 3873 2488 ὃ

490 2512 699 2595 dicens
731 2552 744 2594 :
777 2529 897 2609 Ego
929 2528 1170 2610 quidem
1204 2512 1354 2608 aqua
1384 2526 1617 2608 baptizo
1648 2545 1772 2597 vos,
1807 2525 1909 2587 sed
1946 2524 2134 2585 veniet

2226 2512 2478 2583 Ἰωάννης
2550 2516 2738 2594 ἅπασι,
2800 2517 2994 2598 λέγων,
3058 2520 3201 2599 Ἐγὼ
3271 2521 3370 2596 μὲν
3432 2519 3578 2577 ὕδατι
3636 2521 3872 2597 βαπτίζω

489 2622 700 2685 fortior
722 2603 855 2700 me,
860 2603 1031 2699 cujus
1046 2638 1161 2680 non
1186 2603 1317 2681 sum
1341 2603 1554 2696 dignus
1574 2616 1801 2677 solvere
1826 2614 2134 2693 corrigiam

2223 2605 2385 2700 ύμᾶς·
2445 2603 2663 2700 ἒῖρχεται
2699 2605 2776 2700 ,δὲ
2836 2610 2865 2664 ὀ
2916 2610 3270 2700 ’ἶσχορότερός
3327 2633 3451 2687 μου,
3510 2610 3571 2667 οὗ
3619 2614 3713 2669 οὐκ
3762 2611 3869 2687 εἰμὶ

494 2694 1061 2782 calceamentorum,
1086 2708 1216 2787 ipse
1244 2725 1339 2769 vos
1355 2694 1672 2787 baptizabit
1692 2704 1915 2787 Spiritu
1938 2714 2134 2766 sancto

2224 2694 2402 2758 ἱκανός
2453 2694 2607 2753 λῦσαι
2663 2699 2755 2753 τὶν
2824 2698 3019 2773 ἱμάντα
3088 2706 3194 2756 τῶν
3259 2698 3613 2775 ὑποδημάτων
3686 2702 3866 2775 αὐτοῦ,

491 2811 549 2863 et
583 2796 907 2880 igni,cujus
928 2785 1322 2859 ventilabrum
1344 2795 1403 2856 in
1430 2785 1609 2855 manu
1629 2785 1902 2874 ipsius,et
1925 2812 2134 2873 purga-

2223 2785 2377 2850 αὐτὸς
2426 2786 2563 2861 ὑμᾶς
2631 2786 2874 2863 βαπτίσει
2932 2786 2985 2842 ἒν
3036 2790 3301 2865 Πνεύματι
3331 2791 3465 2869 ἁγίῳ
3491 2790 3579 2846 καὶ
3632 2790 3774 2869 πυρὶ·
3810 2790 3872 2846 οὗ

490 2892 575 2954 bit
595 2875 797 2953 aream
812 2875 1079 2962 vsuam,et
1099 2884 1753 2964 congregabittriticum
1776 2884 1834 2942 in
1855 2883 2134 2943 horreum

2220 2875 2281 2930 τὸ
2353 2876 2514 2933 πτύον
2574 2876 2626 2933 ἐν
2684 2884 2752 2951 τῇ
2811 2880 2951 2959 χειρὶ
3007 2881 3186 2955 αὐτοῦ,
3247 2881 3336 2937 καὶ
3392 2878 3723 2961 διακαθαριεῖ
3770 2880 3870 2947 τὴν

487 3000 686 3061 suum,
704 2980 899 3061 paleas
920 2985 1115 3039 autem
1151 2962 1463 3037 coinburet
1492 2973 1613 3052 igni
1636 2970 2131 3051 inexstinguibili.

2219 2962 2399 3022 ἂλωνα
2474 2968 2652 3041 αὐτοῦ,
2709 2969 2797 3024 καὶ
2855 2968 3058 3034 συνάξει
3115 2972 3205 3026 τὸν
3236 2983 3387 3028 σῖτον
3418 2972 3493 3034 εἰς
3533 2970 3632 3039 τὴν
3668 2969 3869 3038 ἀποθη-

488 3054 683 3134 Multa.
702 3054 944 3151 quidem
971 3074 1028 3127 et
1066 3064 1181 3127 alia
1222 3064 1537 3126 exhortans
1558 3060 2134 3151 evangelizabatpo-

2218 3076 2320 3120 κην
2364 3056 2542 3131 αὐτοῦ,
2628 3058 2688 3113 τὸ
2737 3054 2794 3113 δὲ
2849 3056 3050 3139 ἄχυρον
3105 3060 3425 3119 κανακαύσει
3454 3060 3575 3140 πυρὶ
3601 3057 3864 3133 ἀσϐέστῳ.

488 3160 648 3240 pulo.
684 3142 1039 3221 {Admonet
1083 3165 1141 3217 et
1171 3155 1516 3217 exhortatur
1546 3160 1664 3216 tres
1708 3152 1842 3214 illos
1891 3150 2134 3212 ordines

2222 3142 2400 3240 [ξολλιὶ
2449 3146 2557 3240 ’μὲν
2617 3148 2706 3203 οὖν
2761 3147 2874 3240 καὶ
2903 3148 3054 3240 ἕτερα
3102 3147 3446 3229 παρακαλῶν,
3496 3146 3866 3228 εὐηγγελίζετο

487 3233 588 3331 qui
608 3247 679 3310 ad
703 3246 991 3311 Joannem
1011 3252 1415 3317 accesserant,
1441 3242 1664 3319 turbas,
1690 3240 2134 3322 publicanos,et

2218 3234 2335 3331 τὸν.
2363 3233 2513 3299 λαόν,
2591 3258 2620 3291 ι
2678 3238 2804 3315 Τρία
2874 3236 3121 3315 τάγματα
3204 3236 3559 3318 προσελθόντα
3611 3237 3775 3318 αὐτῷ,
3837 3238 3866 3293 ὁ

486 3321 731 3401 milites.
758 3336 829 3399 Et
852 3335 1053 3398 turbas
1077 3334 1317 3415 quidem
1340 3332 1620 3395 admonet
1648 3341 1711 3393 ut
1737 3321 2132 3412 eleemosynae

2218 3321 2469 3415 ’[ῳάννης
2541 3328 2798 3405 νουθετεῖ,
2857 3326 2981 3390 τοὺς
3044 3325 3269 3407 ὃχλους,
3327 3328 3449 3392 τοὺς
3485 3325 3743 3409 τελώνας,
3775 3327 3865 3384 καὶ

480 3439 710 3501 vacent,
722 3424 1066 3508 praacipiens
1091 3422 1492 3485 habentiduas
1508 3422 2136 3490 veStes,communica-

481 3537 547 3579 re
574 3518 627 3579 ei
659 3518 758 3598 qui
785 3535 902 3578 non
922 3512 1470 3576 habet.l’ublicanis
1492 3530 1632 3573 vero
1656 3530 1772 3573 non
1796 3511 1928 3592 plus
1950 3529 2125 3593 quam

481 3608 868 3670 constitutum
900 3613 987 3666 est
1019 3604 1164 3684 ipsis
1194 3610 1569 3683 extorquere,
1598 3601 1710 3662 hoc
1734 3610 1824 3663 est
1848 3604 2123 3681 exigere:

482 3696 770 3758 militibus
801 3703 999 3755 autem
1053 3712 1172 3754 non
1208 3711 1443 3773 rapere,
1495 3691 1598 3752 sed
1650 3700 1963 3754 contentos
1998 3710 2131 3753 esse

482 3785 771 3865 obsoniis,
797 3784 907 3845 hoc
931 3792 1041 3858 est,
1069 3782 1161 3843 his
1191 3800 1320 3863 quae
1351 3799 1384 3842 a
1413 3798 1559 3861 rege
1580 3781 1751 3860 juxta
1782 3792 2127 3842 consuetam

478 3875 896 3936 liberalitatem
914 3871 1618 3950 erogantur.Videautem
1633 3869 1928 3951 quomodo
1946 3870 2130 3932 turbis

479 3982 590 4026 ceu
622 3961 1046 4024 innocentibus
1076 3962 1244 4035 dicit,
1270 3961 1584 4022 exhortans
1607 3970 1669 4020 ut
1700 3958 1919 4021 bonum
1950 3961 2127 4041 quid-

472 4054 614 4115 ‘dam
646 4052 880 4131 faciant,
914 4051 1024 4113 hoc
1059 4060 1170 4125 est,
1205 4060 1266 4112 ut
1295 4048 1760 4114 communicent.
1790 4050 2128 4113 Publicanis

481 4161 614 4205 vero
641 4141 1073 4221 mllitibusque,
1092 4149 1153 4201 ut
1173 4140 1463 4202 absistant
1483 4159 1514 4200 a
1538 4139 1715 4203 malo.
1741 4142 1947 4221 Neque
1964 4140 2123 4202 enim

2212 3414 2335 3477 τοὺς
2386 3416 2739 3492 στρατιώτας,
2797 3416 2931 3479 Τοῖς
3017 3416 3113 3493 μὲν
3194 3426 3283 3475 οὖν
3342 3416 3529 3497 ὄχλοις
3612 3428 3867 3496 παραινεῖ

2212 3506 2500 3584 προσέχειν
2556 3512 2625 3583 τῇ
2679 3504 3044 3583 ἐλεημοσύνη,
3105 3508 3198 3564 τὸν
3257 3506 3459 3588 ἔχοντα
3492 3506 3581 3564 δύο
3624 3512 3861 3588 χιτῶνας

2214 3592 2441 3650 κελεύων
2501 3592 2813 3669 μεταδοῦναι
2843 3596 2921 3671 τῷ
2985 3597 3063 3671 μὴ
3094 3594 3303 3677 ἔχοντι·
3333 3609 3451 3662 τοῖς
3495 3596 3549 3653 δὲ
3578 3596 3856 3672 τελώναις,

2212 3684 2273 3739 τὸ
2334 3682 2501 3759 μηδὲν
2570 3682 2733 3741 πλέον
2780 3686 3136 3765 εἶσπράσσειν,
3200 3685 3492 3763 τουτέστιν,
3580 3688 3855 3743 ἀπαιτεῖνο

2212 3785 2331 3837 τοῖς
2388 3771 2444 3829 δὲ
2496 3775 2869 3851 στρατιώταις,
2940 3776 3002 3831 τὸ
3057 3776 3136 3852 μὴ
3207 3777 3480 3855 ἁρπάζειν,
3515 3774 3635 3833 ἀλλ’
3666 3777 3858 3855 ἀρκεῖ-

2214 3868 2330 3920 σθαι
2415 3878 2534 3928 τοῖς
2593 3865 2868 3945 ὀψωνίοις,
2928 3868 3190 3938 τουτέστι,
3223 3880 3347 3930 ταῖς
3387 3865 3686 3947 διδομέναις
3715 3868 3859 3947 παρὰ

2210 3955 2304 4010 τοό
2352 3952 2615 4030 βασιλέως
2677 3956 2813 4011 κατὰ
2867 3956 3141 4025 συνήθειαν
3199 3954 3547 4037 φιλοτιμίαις,
3602 3945 3747 4036 υΟρα
3796 3945 3858 4011 -δέ

2209 4047 2325 4107 πῶς
2383 4056 2499 4107 τοῖς
2549 4043 2649 4119 μὲν
2691 4040 2879 4123 ὄχλοις
2922 4046 2995 4108 ὡς
3026 4044 3246 4111 ἀκάκοις
3276 4045 3389 4102 οὖσι
3420 4059 3673 4125 παραινεῖ
3714 4051 3857 4125 πρᾶ-

2210 4131 2289 4198 ξαί
2344 4154 2393 4188 τι
2456 4132 2676 4212 ἀγαθὸν,
2734 4134 2997 4215 τουτέστι,
3052 4135 3112 4191 τὸ
3155 4134 3493 4212 μεταδοῦναι,
3528 4149 3646 4200 τοῖς
3677 4133 3730 4192 δὲ
3774 4157 3858 4191 τε-

474 4250 723 4314 capaces
756 4231 838 4293 illi
870 4237 1060 4310 erant,
1095 4249 1287 4311 neque
1320 4230 1540 4292 bonum
1590 4229 1892 4311 quidpiam
1927 4231 2125 4293 facere

2218 4225 2399 4287 ζώναις
2456 4223 2544 4278 καὶ
2630 4223 3002 4301 στρατιώταις,
3068 4225 3399 4305 ἀποσχέσθαι
3500 4228 3594 4282 “co-5
3661 4233 3851 4284 κακοῦ.

472 4310 765 4402 poterant,
797 4319 903 4381 sed
955 4310 1285 4381 sufficiebat
1342 4319 1428 4379 eis
1481 4310 1838 4380 nonfacere
1872 4319 2118 4383 malum.

2218 4310 2357 4369 οὔπω
2411 4312 2511 4391 γὰρ
2567 4311 2808 4392 ἐχώρουν
2865 4316 3031 4389 οὗτοι,
3089 4312 3205 4372 οὒδὲ
3247 4313 3503 4383 ἠδύναντο
3556 4316 3778 4385 ποιῆσαί
3804 4339 3854 4374 τι
3926 4346 3947 4363 ο

474 4400 614 4473 295
647 4409 896 4482 Quidam
930 4410 1274 4487 anagogiam
1310 4408 1404 4469 hic
1433 4408 1769 4482 admittunt,
1807 4417 1865 4469 et
1894 4408 2120 4471 intelli-

2218 4402 2423 4480 ὶγαθὸν,
2474 4400 2595 4458 ἀλλ’
2651 4402 2870 4482 ἀρκετὸν
2922 4408 3106 4471 αὐτοῖς
3177 4407 3239 4462 τὸ
3293 4406 3370 4481 μὴ
3430 4408 3567 4464 κατὰ
3649 4420 3851 4471 ποιεῖν,

475 4510 621 4582 gunt
650 4500 805 4582 quod
834 4498 1123 4561 habentes
1144 4498 1291 4559 duas
1309 4505 1498 4561 vestes
1533 4498 1979 4560 communicare
2009 4499 2119 4561 de-

2218 4492 2357 4557 Γινές
2407 4491 2461 4547 δὲ
2514 4493 2602 4549 καὶ
2652 4495 2789 4550 κατὰ
2841 4494 3129 4575 ἀναγωγὴν
3183 4502 3357 4554 νοοῦσι
3388 4498 3468 4569 τὸ,
3517 4498 3608 4553 τὸν
3658 4497 3854 4578 ἔχοντα

474 4581 805 4654 Βεθηιίιιοῐι
837 4587 1104 4658 habenti,
1131 4587 1398 4650 dicentes
1420 4592 1566 4650 duas
1602 4598 1812 4664 vestes,
1847 4589 2119 4668 spiritum

2218 4582 2291 4639 Ξύο
2352 4589 2589 4663 χιτῶνας
2648 4581 2960 4661 μεταδοῦναι
3014 4592 3091 4661 τῷ
3133 4587 3211 4663 μὴ
3237 4584 3443 4666 ἔχοντιο
3480 4586 3604 4666 φασὶ
3632 4589 3733 4666 γὰρ
3762 4585 3853 4646 δύο

473 4680 818 4762 Scriptura},
846 4687 903 4739 et
932 4678 1211 4740 litteram:
1248 4686 1305 4739 et
1334 4679 1680 4740 exhortatur
1700 4696 1833 4739 eum
1854 4678 1953 4758 qui
1976 4678 2120 4739 duas

2218 4675 2441 4754 {.ttmvac
2503 4673 2671 4749 εἶναι,
2727 4675 2791 4730 τὸ
2847 4696 2905 4730 τε
2959 4676 3168 4753 πνεῦμα
3218 4680 3316 4743 τῆς
3386 4680 3622 4756 Γραφῆς,
3652 4678 3741 4733 καὶ
3788 4680 3851 4733 τὸ

472 4770 673 4845 habet,
710 4780 768 4832 ut
802 4769 1206 4831 communicet
1235 4770 1290 4830 ei
1322 4770 1419 4850 qui
1473 4772 1717 4830 omnino
1756 4768 1952 4830 nudus
1977 4776 2068 4830 est
2100 4789 2115 4832 :

2218 4763 2448 4841 γράμμα.
2515 4764 2618 4822 Τὶν
2675 4762 2875 4844 ἕχσντα
2920 4764 3009 4822 οὖν
3070 4768 3137 4823 τὰ
3208 4762 3317 4839 δύο,
3411 4764 3762 4844 προτρὲπεται
3822 4769 3850 4822 ὁ

469 4868 534 4921 ιιι
563 4861 611 4921 si
643 4860 775 4941 quis
806 4861 877 4921 sit
908 4860 1009 4940 qui
1042 4858 1408 4940 Scripturam
1443 4857 1712 4919 bifariam
1748 4858 2122 4937 intelligat,et

2218 4853 2457 4921 Ιωάννης
2516 4850 2828 4930 μεταδοῦναι
2886 4862 2963 4931 τῷ
3050 4854 3326 4919 παντελῶς
3411 4860 3620 4935 γυμνῷ·
3706 4858 3847 4931 οἷον,

467 4951 795 5012 secundum
830 4948 1127 5030 spiritum,
1165 4957 1222 5009 et
1264 4948 1593 5011 secundum
1628 4948 1911 5023 litteram,
1946 4966 2117 5010 com-

468 5039 732 5101 municet
759 5040 811 5101 ei
837 5040 936 5121 qui
971 5058 1089 5100 non
1112 5039 1315 5113 habet,
1340 5041 1453 5102 hoc
1476 5047 1590 5119 est,
1617 5039 1823 5100 doceat
1845 5038 2120 5117 ignoran-

469 5138 614 5210 tem,
642 5137 701 5190 et
723 5131 824 5191 det
845 5131 897 5191 ei
923 5131 1010 5190 vel
1031 5128 1507 5193 litteram.Tanta
1523 5137 1719 5191 autem
1744 5128 1850 5190 fuit
1873 5128 2118 5193 Joannis

464 5218 678 5294 virtus,
712 5227 774 5280 ut
803 5238 1014 5280 omnes
1057 5218 1386 5298 cogitarent
1413 5227 1566 5299 apud
1599 5237 1664 5280 se
1694 5218 1767 5280 de
1812 5219 1913 5280 illo
1954 5221 2111 5301 quod

468 5308 1129 5371 esseLChristus.Talem
1155 5310 1350 5389 itaque
1372 5306 1774 5389 suspicionem
1788 5309 2111 5391 repellens,

466 5398 659 5477 inquit
692 5415 706 5460 :
760 5396 1015 5462 Tantum
1039 5399 1199 5459 inter
1223 5416 1316 5458 me
1341 5405 1400 5459 et
1424 5396 1722 5460 Christum
1746 5397 2017 5476 interest,
2052 5407 2117 5460 ut

466 5506 575 5566 ego
631 5485 871 5567 quidem
930 5487 991 5547 in
1050 5505 1204 5568 aqua
1251 5487 1576 5569 baptizem,
1630 5487 1731 5549 ille
1780 5496 1980 5551 autem
2051 5488 2113 5549 in

466 5576 689 5657 Spiritu
722 5584 780 5637 et
809 5575 931 5656 igni
968 5598 983 5636 :
1017 5585 1074 5638 et
1094 5594 1287 5658 neque
1308 5595 1416 5653 ego
1446 5576 1662 5656 dignus
1692 5595 1822 5639 sum
1853 5577 1955 5660 qui
1986 5596 2115 5641 cor-

462 5666 681 5750 rigiam
716 5666 1255 5730 calceamentorum
1304 5666 1465 5729 illius
1506 5667 1752 5730 solvam.
1808 5668 1960 5742 Quid
2000 5689 2113 5734 au-

2200 4942 2311 5000 ἴστι
2368 4965 2449 5007 τις
2501 4946 2601 5012 τὴν
2652 4945 2863 5025 Γραφὴν
2916 4947 3050 5002 νοῶν
3078 4943 3289 5027 διττῶς,
3323 4947 3462 5004 κατά
3491 4967 3548 5004 τε
3589 4947 3652 5003 τὸ
3680 4947 3855 5025 γράμ-

2201 5057 2276 5110 μα
2331 5037 2419 5092 καὶ
2462 5034 2597 5092 κατὰ
2625 5035 2687 5092 τὸ
2714 5045 2945 5111 πνεῦμα,
2980 5033 3257 5111 μεταδότω
3299 5037 3389 5093 οὖν
3417 5043 3494 5111 τῷ
3532 5037 3611 5113 μὴ
3639 5035 3849 5117 ἔχοντι,

2200 5122 2457 5190 διδαξάτω
2523 5126 2615 5180 τὸν
2670 5123 2983 5204 ἆγνοοῦντα,
3040 5128 3128 5182 καὶ
3186 5123 3323 5183 δότω
3396 5127 3538 5201 αὐτῷ
3619 5127 3719 5183 κᾶν
3789 5130 3851 5183 τὸ

2200 5214 2442 5293 γράμμα.
2505 5214 2747 5280 Τοσαύτη
2818 5212 2873 5270 δὲ
2918 5216 2985 5283 ἦν
3010 5217 3045 5283 ἡ
3075 5224 3170 5275 τοῦ
3220 5215 3465 5273 Ἰωάννου
3498 5216 3679 5295 ἆρετὴ,
3714 5216 3852 5273 ὥστε

2196 5305 2399 5367 πάντας
2470 5302 2867 5383 ὑπολογίζεσθαι
2917 5306 3034 5385 περὶ
3090 5308 3270 5385 αὐτοῦ,
3329 5307 3543 5382 μήποτε
3607 5305 3705 5385 ἄρα
3749 5306 3851 5362 αύ-

2197 5396 2287 5461 τός
2332 5396 2472 5453 ἐστιν
2516 5396 2544 5451 ὁ
2593 5397 2843 5473 Χριστός.
2878 5395 2986 5463 Τὴν
3015 5396 3267 5463 τοιαύτην
3311 5395 3401 5451 οὖν
3428 5395 3676 5454 ὑπόνοιαν
3707 5395 3851 5452 ἀπο-

2197 5485 2541 5565 κρουόμενος,
2612 5485 2799 5564 φησὶν,
2862 5486 2960 5542 Καὶ
3015 5491 3265 5543 τοσοῦτον
3312 5488 3443 5562 ὲμοῦ
3507 5492 3734 5564 Χριστοῦ
3786 5487 3850 5542 τὸ

2196 5576 2470 5655 διάφορον,
2523 5573 2662 5631 ὥστε
2720 5574 2830 5653 ἆγὼ
2874 5575 2995 5655 μὲν,
3028 5573 3083 5631 ἐν
3136 5573 3284 5633 ὕδατι
3329 5576 3590 5653 βαπτίζω,
3638 5576 3849 5637 ἰκτῖνος

2197 5674 2252 5732 δὲ
2319 5670 2378 5725 ἰν
2428 5665 2691 5743 Πνεύματι
2747 5666 2838 5723 καὶ
2888 5666 3031 5745 πυρί·
3093 5666 3181 5723 καὶ
3253 5662 3410 5748 ἄλλο,
3481 5665 3563 5723 δτι
3613 5664 3725 5723 θ’Βέ
3756 5666 3847 5723 τὸν
