4232 6442
323 350 431 417 741

1040 350 1487 419 ENARRATIO
1533 355 1615 419 ΙΝ
1666 342 2175 419 EVANGELIUM
2228 346 2466 413 LUC/ﬂ.
2502 376 2579 398 -
2621 350 2785 414 CAP.
2840 352 2951 414 ΙΙΙ.

3606 354 3727 419 742

337 485 525 561 ἱμάντα
597 486 706 544 τῶν
772 486 1131 565 ὑποδημάτων
1200 490 1357 548 αὐτοῦ
1403 489 1580 552 ἱκανός
1646 488 1753 564 εἶμι
1809 485 1956 543 λῦσαι

2041 511 2052 535 ι
2069 483 2194 566 tem
2228 476 2354 540 haec
2378 478 2490 541 sibi
2517 479 2760 542 volunt?
2808 479 3129 562 Baptizavit
3181 500 3280 545 vos
3312 482 3373 545 in
3415 485 3638 566 Spiritu
3669 497 3729 549 et

333 576 391 633 Τί
418 571 473 631 δὲ
514 581 680 633 ταῦτα
708 574 966 658 δηλοῦσις
1002 579 1074 636 Τὸ
1104 578 1227 657 μὲν,
1261 578 1515 635 Βαπτίσει
1556 578 1692 653 ὑμᾶς
1725 575 1779 632 ὲν
1809 576 1979 631 Πνεῦ-

325 685 450 739 ματι
521 666 610 723 καὶ
669 668 814 746 πυρὶ,
890 665 1159 748 πρόδηλον
1215 667 1453 732 πάντως·
1517 669 1607 724 καὶ
1693 667 1793 746 γὰρ
1861 679 1980 730 τοῖς

325 753 645 819 ἀποστόλοις
703 753 917 833 ἔπεμψε
960 758 1034 814 ’τὸ
1088 767 1319 833 πνεῦμα,
1375 757 1463 814 καὶ
1490 757 1699 835 πύριναι
1742 754 1979 835 γλῶσσαι

323 841 576 923 ὤφθησαν
632 846 973 922 μεριζόμεναι
1033 848 1242 910 αὐτοῖς.
1317 847 1387 905 Τὸ
1416 844 1583 923 δὲμὴ
1614 845 1756 903 εἶναι
1798 847 1979 902 ἰκανὸν

321 930 472 991 λῦσαι
528 935 621 990 τὸν
683 935 879 1009 ἱμάντα
936 941 1042 992 τῶν
1097 934 1456 1012 ὑποδημάτων
1486 935 1669 1009 αὒτοῦ,
1714 934 1850 991 κατὰ
1879 934 1977 1008 μὲν

318 1021 418 1088 τὴν
489 1028 734 1103 προφανῆ
765 1022 996 1105 ἔννοιαν,
1042 1022 1123 1081 ὅτι
1157 1023 1287 1084 Οὐδὲ
1319 1024 1551 1104 ἔσχατος
1583 1021 1767 1087 δοῦλος
1820 1022 1978 1080 αὒτοῦ

320 1112 425 1185 εἰμι
489 1110 631 1178 ἄξιος
692 1113 995 1178 τάττεσθαι,
1062 1115 1209 1172 Κατὰ
1260 1112 1315 1171 δὲ
1374 1116 1435 1171 τὸ
1464 1115 1840 1196 κρυφιώτερον,
1886 1112 1977 1171 δύο

316 1198 636 1275 ὑποδήματά
694 1203 793 1259 εἱσι
852 1206 946 1260 τοῦ
1006 1204 1222 1285 Κυρίου,
1281 1202 1319 1270 ἤ
1373 1225 1431 1260 τε
1488 1201 1541 1269 ἐξ
1619 1206 1835 1283 οὐρανοῦ
1892 1202 1977 1261 ἐπὶ

315 1288 412 1356 τὴν
471 1290 571 1368 γῆν
630 1289 911 1373 ἐπιδημία,
970 1295 1123 1362 καὶὴ
1167 1293 1229 1351 ἐκ
1259 1295 1363 1373 γῆς
1406 1292 1493 1351 ἐπὶ
1526 1295 1614 1349 τὸν
1644 1292 1797 1366 ᾃδην·
1845 1294 1973 1350 τού-

312 1398 421 1434 των
474 1379 561 1435 οὗν
617 1383 724 1438 τῶν
781 1380 871 1440 δύο
914 1381 1216 1460 ἔπιδημιῶν
1244 1383 1367 1447 τοὺς
1391 1382 1644 1462 τρόπους,
1676 1384 1735 1440 οὗ
1764 1381 1975 1440 δύναταί

312 1487 391 1531 τις
452 1465 627 1545 λῦσαι,
689 1470 805 1530 οὐδὲ
861 1473 905 1528 εἰ
964 1472 1102 1529 κατὰ
1161 1469 1410 1540 Ἰωάννην
1445 1472 1576 1535 ἐστί.
1611 1472 1699 1537 Τίς
1746 1473 1847 1551 γὰρ
1876 1470 1971 1529 δὺ-

310 1578 469 1614 ναται
520 1561 715 1642 εἰπεῖν,
777 1562 812 1629 ἢ
869 1567 985 1625 πῶς
1018 1560 1317 1642 ἒσαρκώθη,
1354 1562 1391 1631 ἢ
1445 1567 1562 1625 πῶς
1606 1561 1867 1630 κατῆλθεν
1896 1564 1969 1627 εἷς

308 1642 443 1717 ἅδην
488 1665 506 1723 ;
580 1651 651 1707 Τὸ
708 1648 762 1706 δὲ
826 1651 899 1709 Οὗ
939 1653 1003 1708 τὸ
1031 1653 1195 1710 πτύον
1224 1650 1278 1708 ἐν
1323 1658 1392 1729 τῇ
1420 1653 1563 1732 χειρὶ
1603 1654 1782 1728 αὐτοῦ,
1815 1659 1969 1711 τοῦτο

306 1737 581 1809 σημαίνει,
657 1738 765 1820 ὅτι,
822 1742 880 1798 Εἰ
936 1742 1025 1798 καὶ
1097 1742 1341 1818 βαπτίσει
1390 1742 1550 1817 ὑμᾶς,
1600 1741 1679 1816 μὴ
1732 1742 1968 1817 νομίζετε

305 1824 383 1879 ὃτι
445 1824 549 1894 ἤδη
616 1828 778 1886 ἆθῶοί
814 1829 957 1888 ἐστε·
992 1829 1113 1888 ἀλλ’
1173 1832 1217 1888 εἰ
1247 1831 1326 1907 μὴ
1351 1832 1443 1888 τὸν
1475 1832 1611 1903 μετὰ
1659 1838 1825 1887 ταῦτα
1854 1832 1966 1907 βίον

2062 565 3127 655 igni,manifestumomnino.Etenim
3146 565 3723 655 apostolisSpiritum

2064 654 2255 729 misit,
2284 666 2341 718 et
2363 658 2551 737 igneae
2583 660 3222 740 lingmeapparuerunt
3239 654 3565 744 diSpertitte
3583 666 3722 728 illis.

2064 742 2191 806 Non
2208 754 2407 808 autem
2429 748 2674 826 dignum
2699 768 2837 811 esse
2858 759 2921 810 ut
2951 750 3136 812 solvat
3157 742 3471 830 corrigiam
3491 754 3727 817 calcea-

2068 839 2601 913 mentorum,clara
2620 839 2920 900 sententia
2950 841 3225 921 est,quod
3261 861 3377 903 non
3410 843 3482 903 sit
3513 844 3727 923 dignus

2062 924 2163 1004 qui
2188 926 2346 986 inter
2366 937 2666 988 extremos
2688 946 2892 988 servos
2909 928 3314 992 ordinetur.ln
3331 951 3508 993 sensu
3526 944 3721 996 autem

2060 1014 2540 1087 occultiore,duo
2565 1015 2967 1078 calceamenta
2989 1018 3723 1101 Doniini,suntperfectio-

2060 1121 2169 1164 nes
2203 1105 2333 1183 ejus
2367 1104 2519 1179 dua),
2547 1123 2664 1165 una
2696 1124 2727 1166 e
2765 1107 2931 1167 caelis
2960 1106 3018 1167 in
3053 1110 3490 1189 terram,altera
3511 1120 3719 1175 eterra

2058 1197 2122 1258 in
2154 1192 2452 1254 infernum
2493 1215 2506 1252 :
2543 1193 2753 1255 harum
2811 1195 2968 1255 enim
3006 1195 3257 1257 duarum
3294 1200 3719 1278 profectionum

2059 1283 2305 1343 modum
2342 1302 2461 1343 non
2491 1290 2684 1363 potest
2715 1284 3012 1364 quispiam
3047 1286 3304 1359 solvere,
3332 1307 3406 1349 ne
3430 1290 3480 1349 si
3504 1288 3722 1358 Joanni

2056 1370 2299 1451 quidem
2322 1372 2535 1433 similis
2555 1372 2763 1435 fuerit.
2794 1371 2936 1444 Quis
2968 1374 3127 1434 enim
3162 1375 3458 1456 explicare
3480 1380 3717 1458 poterit,

2054 1469 2157 1520 aut
2188 1461 2492 1541 quomodo
2529 1462 2871 1524 incarnatus
2903 1463 3508 1544 sit,autquomodoin
3532 1470 3715 1531 infer-

2052 1564 2194 1610 num
2222 1550 2606 1612 descenderit
2629 1550 2798 1614 Nam
2835 1552 3237 1614 ventilabrum
3267 1553 3326 1617 in
3354 1574 3530 1618 manu
3563 1559 3715 1640 ejus,

2052 1637 2167 1699 hoc
2190 1638 2405 1729 signat,
2441 1641 2598 1721 quod
2653 1639 2822 1703 Licet
2857 1641 3175 1722 baptizavit
3224 1662 3347 1725 vos,
3380 1664 3457 1707 ne
3502 1637 3720 1729 putetis

2050 1728 2208 1809 quod
2234 1730 2360 1808 jam
2418 1730 2691 1790 insontes
2751 1730 2881 1792 sitis
2916 1747 2931 1793 :
2969 1732 3075 1792 sed
3113 1732 3229 1792 nisi
3263 1728 3515 1813 posthac,
3539 1737 3715 1800 vitam

2050 1819 2301 1896 egeritis
2331 1820 3013 1897 immaculatam,exuret
3038 1839 3137 1882 vos
3178 1823 3299 1901 igni
3328 1824 3717 1906 inexstingui-

302 1910 534 2001 άμωμον
595 1916 899 2001 ἐνδείξεσθε,
972 1904 1292 1978 κατακαύσει
1351 1922 1486 1997 ὑμᾶς
1548 1922 1669 1999 πυρὶ
1699 1904 1956 1995 ἀσϐέστῳ⁴

2050 1904 2180 1969 bili.
2207 1908 2386 1970 Palea
2407 1909 2569 1969 enim
2593 1917 2685 1970 est
2709 1910 2808 1990 qui
2828 1910 3206 1972 infecundam
3233 1904 3712 1995 mentemhabet,

301 1998 507 2082 ἄχυρον
563 2006 665 2085 γὰρ
739 1998 908 2071 ἐστιν.
970 2012 997 2066 ὁ
1029 2008 1265 2088 ἂκαρπον
1296 2008 1443 2091 ἔχων
1473 1998 1629 2083 νοῦν,
1672 2010 1759 2066 καὶ
1804 2011 1965 2085 μόνον

300 2095 559 2173 συρφετὸν
616 2094 783 2154 πολὺν
841 2099 1108 2175 βιωτικῶν
1165 2099 1498 2179 πραγμάτων
1558 2100 1963 2179 ἐπιφερόμενος,

305 2205 330 2237 α
406 2182 592 2246 Πολλὰ
662 2184 715 2243 δὶ
773 2190 862 2246 καὶ
887 2188 1043 2269 ἕτερα
1090 2189 1442 2268 παρακαλῶν,
1476 2190 1846 2269 εὐηγγελίζετο
1874 2192 1966 2248 τὸν

297 2269 451 2331 λαόν.
518 2297 547 2329 ι
608 2276 947 2355 Παράκλησις
1018 2280 1120 2359 γὰρ
1180 2277 1347 2344 ὅντως
1375 2280 1516 2336 ἐστὶν
1544 2282 1579 2347 ἡ
1611 2280 1784 2357 ἀγαθὴ
1815 2278 1967 2337 διδα-

295 2361 513 2449 σκαλία·
549 2366 639 2422 καὶ
671 2366 978 2449 εὐαγγέλιον
1021 2368 1075 2425 δὲ
1120 2367 1337 2432 εἰκοίτως
1365 2367 1427 2426 ἂν
1457 2368 1702 2449 λεχθείη.

377 2476 405 2508 ιι
481 2444 541 2512 Ὀ
603 2453 658 2511 δὲ
719 2444 959 2540 ᾟρῶδης
1014 2461 1043 2515 ὃ
1102 2458 1415 2540 Τετράρχης
1460 2444 1823 2538 ἐλεγχόμενος
1873 2461 1963 2517 ὑπ’

296 2542 459 2599 αἶγτοῦ
520 2547 644 2625 περὶ
748 2538 1068 2627 Ἡρωδιάδος
1114 2538 1213 2617 τῆς
1283 2538 1532 2628 γυναικὸς
1591 2556 1683 2606 τοῦ
1738 2547 1964 2629 ἀδελφοῦ

293 2631 482 2707 αὐτοῦ,
543 2637 632 2692 καὶ
690 2638 808 2717 περὶ
855 2638 1070 2695 πάντων
1138 2642 1212 2695 ὧν
1297 2638 1516 2707 ἐποίησε
1601 2646 1848 2719 πονηρῶν
1931 2643 1959 2697 ὁ

297 2710 569 2799 Ἡρώδης,
632 2710 929 2805 προσέθηκε
998 2729 1083 2785 κοὶ
1152 2738 1307 2789 τοῦτο
1377 2728 1464 2786 ἐπὶ
1506 2734 1663 2803 πᾶσι,
1703 2731 1791 2785 καὶ
1820 2752 1957 2787 κατ-

296 2810 503 2869 έκλεισε
560 2816 655 2871 τὸν
717 2815 973 2885 ἰωάννην
1031 2818 1086 2875 ἐν
1134 2824 1203 2895 τῇ
1260 2816 1494 2899 φυλακῇ.
1543 2818 1792 2897 Ἐγένετο
1820 2818 1873 2875 δὲ
1905 2818 1957 2877 ἐν

298 2906 371 2975 τῷ
423 2904 783 2980 βαπτισθῆναι
857 2907 1067 2965 ἅπαντα
1125 2909 1216 2966 τὸν
1248 2907 1400 2980 λαὸν,
1433 2910 1520 2965 καὶ
1550 2906 1728 2976 Ἰησοῦ
1756 2910 1956 2986 βαπτι-

301 2991 504 3057 σθέντος
561 2997 652 3053 καὶ
722 2998 1181 3078 προσευχομένου,
1227 2997 1567 3077 ἀνεῳχθηναι
1596 2997 1688 3054 τᾶν
1741 2999 1958 3077 οὐρανὸν

303 3081 386 3137 καὶ
454 3081 751 3153 καταϐῆναι
822 3088 885 3143 τὸ
949 3094 1160 3163 Πνεῦμα
1202 3089 1265 3143 τὸ
1318 3086 1466 3166 ἅγιον
1502 3090 1793 3163 σωματικῷ
1822 3085 1956 3144 εἴδει

298 3169 413 3227 ὡσεὶ
468 3176 781 3255 περιστερὰν
834 3176 923 3234 ἐπ’
985 3179 1163 3258 αὐτὸν,
1215 3179 1303 3234 καὶ
1396 3176 1571 3258 φωιὴν
1623 3175 1675 3242 ἐξ
1733 3176 1955 3254 οὐρανοῦ

295 3259 553 3337 γενέσθαι,
584 3263 865 3344 Αέγουσςιιν⁹
941 3267 1015 3323 Σὺ
1048 3268 1105 3325 εἴ
1138 3270 1165 3324 ὁ
1201 3266 1319 3330 Υἱός
1351 3288 1454 3341 μου
1483 3268 1511 3323 ὁ
1554 3264 1860 3343 ἀγαπητὸς,
1894 3265 1948 3322 ἐν

2051 2008 2112 2057 et
2148 1999 2556 2060 tantummodo
2585 2018 2859 2079 magnam
2892 2018 3094 2063 rerum
3154 2004 3569 2083 temporalium
3602 2026 3710 2068 cu-

2049 2101 2175 2146 ram
2208 2087 2387 2166 gerit.
2424 2113 2449 2143 α
2490 2088 2673 2151 Multa
2703 2099 2902 2152 autem
2935 2100 2992 2151 et
3033 2090 3147 2152 alia
3177 2092 3496 2155 exhortans
3527 2114 3712 2157 evan-

2049 2175 2341 2253 gelizabat
2396 2178 2642 2259 populo.
2687 2205 2713 2234 ι)
2772 2180 3117 2241 Consolatio
3148 2181 3308 2242 cnim
3344 2191 3402 2243 et
3430 2184 3710 2248 exhorta-

2050 2264 2155 2339 tio,
2191 2285 2400 2328 revera
2422 2278 2511 2328 est
2542 2268 2821 2330 doctrina
2844 2268 3087 2349 bona,et
3110 2271 3249 2350 jure
3281 2272 3500 2337 dicitur
3532 2296 3711 2341 evan-

2049 2354 2272 2433 gelium

2127 2442 2311 2507 Vens.
2355 2446 2565 2509 19-22.
2608 2472 2633 2502 α
2670 2448 2943 2510 Herodes
2975 2458 3172 2512 autem
3211 2449 3535 2517 Tetrarcha
3568 2474 3704 2519 cum

2045 2534 2454 2614 corriperetur
2475 2536 2547 2597 ab
2573 2536 2676 2597 illo
2704 2538 2778 2598 de
2799 2538 3139 2601 Herodiade
3170 2560 3352 2603 ustore
3368 2543 3566 2606 fratris
3587 2547 3702 2624 sui,

2042 2620 2544 2715 dequeiomnibus
2574 2627 2745 2688 malis
2775 2646 2908 2709 quae
2930 2628 3180 2691 faciebat
3207 2629 3495 2709 Herodes,
3531 2620 3702 2715 adje;

2042 2711 2123 2773 cit
2154 2720 2215 2776 et
2244 2714 2357 2775 hoc
2391 2735 2574 2797 super
2596 2717 3140 2799 omnia,etinclusit
3167 2719 3460 2784 Joannem
3484 2724 3546 2785 in
3568 2711 3700 2786 car-

2042 2819 2266 2865 cerem.
2306 2806 2547 2866 Factum
2574 2815 2661 2867 est
2683 2814 2876 2869 autem
2902 2827 3035 2870 cum
3080 2809 3480 2890 baptizeretur
3509 2816 3701 2876 omnis

2046 2893 2400 2974 populus,ut
2433 2904 2490 2955 et
2516 2895 2658 2958 Jesu
2692 2895 2984 2978 baptizato
3017 2906 3075 2959 et
3100 2898 3307 2963 brante
3327 2911 3602 2983 apertum
3626 2906 3702 2966 sit

2041 2983 2286 3058 coelum,
2322 3003 2389 3045 ac
2447 2985 2757 3046 descendit
2810 2985 3065 3067 Spiritus
3114 3000 3354 3051 sanctus
3405 2994 3699 3074 corporali

2040 3073 2242 3151 specie
2266 3074 2438 3153 quasi
2461 3074 2739 3136 columba
2760 3078 2817 3138 in
2838 3078 3127 3157 ipsum,et
3149 3097 3254 3139 vox
3275 3080 3350 3141 de
3381 3073 3529 3143 εωΙό
3546 3084 3700 3147 facta

2037 3170 2128 3222 est
2150 3180 2281 3241 quae
2321 3162 2549 3225 diceret
2582 3182 2598 3223 :
2628 3161 2715 3226 Tu
2743 3183 2803 3225 es
2825 3164 3012 3254 Filius
3034 3166 3134 3227 ille
3166 3169 3696 3254 mensdilectus,in

2038 3258 2096 3312 te
2116 3252 2534 3333 complacitum
2560 3261 2648 3315 est
2667 3253 3087 3317 mihi.nMerito
3105 3256 3408 3320 interserit
3429 3261 3542 3322 hoc
3563 3252 3693 3325 loco

292 3349 367 3405 σοὶ
411 3341 716 3420 ηὐδόκησα,
758 3378 780 3410 ι
856 3355 1092 3421 Εἰκότως
1120 3353 1477 3437 παρενέϐαλεν
1505 3357 1535 3412 ὁ
1563 3341 1949 3434 εὗαγγελιστὴς

2041 3341 2395 3420 evangelista
2412 3342 2485 3403 de
2500 3341 2925 3425 Herode.quasi
2942 3344 3002 3406 iu
3019 3345 3179 3407 hunc
3196 3347 3438 3409 modum
3459 3350 3688 3417 dicens:

291 3436 509 3498 ἐνταῦθα
556 3443 624 3501 τὰ
682 3446 799 3524 περὶ
860 3436 1116 3525 Ἠρώδου,
1177 3436 1468 3524 μονονουχῖ
1514 3443 1690 3503 τοιάδε
1750 3443 1947 3524 λέγων’

292 3526 348 3616 έΟ
378 3531 479 3606 μὲν
528 3530 720 3615 ὄχλος,
752 3534 969 3593 τοιαῦτα
1009 3537 1129 3616 περὶ
1163 3533 1409 3594 Ἰωάννου
1454 3533 1794 3615 διελογίζετο,
1842 3537 1870 3591 ὁ
1901 3534 1955 3591 δὲ

295 3615 534 3699 Ἡρώδης
594 3621 957 3703 ἐλεγχόμενος
1022 3623 1112 3682 ὑπ’
1194 3627 1373 3702 αὐτοῦ,
1474 3625 1773 3704 προσζθηκε
1864 3626 1957 3682 καὶ

286 3716 438 3769 τοῦτο
514 3710 601 3769 ἐπὶ
654 3720 810 3795 πᾶσι,
853 3717 915 3772 τὸ
946 3714 1299 3774 κατακλεῖσαι
1330 3715 1485 3772 αὐτὸν
1517 3715 1571 3771 ἂν
1602 3720 1670 3792 τῇ
1712 3713 1946 3795 φυλακῇ·

284 3799 472 3857 ὡσανεὶ
546 3803 635 3860 οὗν
696 3802 1057 3886 σχετλιάζων,
1108 3812 1272 3863 ταῦτα
1332 3802 1601 3883 διηγεῖται
1631 3805 1723 3861 καὶ
1769 3802 1946 3862 δεινο-

284 3893 488 3965 παθῶν,
560 3891 675 3971 εἴγι
743 3900 838 3951 τοῦ
896 3894 1068 3976 ὄχλου
1124 3895 1379 3963 τοιαύτην
1436 3892 1824 3970 ὑπόληψιψέπὶ
1866 3901 1947 3966 τῷ

284 3975 510 4058 Ἰωάννῃ
564 3979 814 4065 ἔχοντος,
888 3986 917 4042 ὁ
960 3975 965 3976 ⁷
1005 3976 1243 4064 Ἡρώδης
1330 3990 1548 4042 τοιαῦτα
1620 3980 1939 4049 ἐπεδείξατο.

285 4066 584 4149 ’Λνοίγεται
614 4069 670 4127 δὲ
701 4074 730 4129 ὃ
758 4073 1006 4154 οὐρανὸς,
1040 4075 1132 4131 ἳνα
1150 4072 1342 4154 δειχθῇ
1383 4074 1521 4150 Σημῖν
1552 4072 1633 4129 ὅτι
1663 4075 1725 4129 τὸ
1754 4073 1945 4149 βάπτι-

283 4178 389 4233 σμα
444 4160 653 4240 ἀνοίγει
722 4169 853 4220 πᾶσι
938 4166 1030 4222 τον
1062 4165 1307 4244 οὐρανὸν,
1354 4162 1411 4220 ὅν
1442 4166 1469 4219 ὃ
1501 4160 1671 4239 Ἀδὰμ
1714 4161 1945 4227 ἔκλεισε.

286 4248 506 4306 Κάτεισί
576 4273 634 4308 τε
690 4254 751 4310 τὸ
810 4260 1027 4331 Πνεῦμα
1099 4253 1185 4311 ἐπὶ
1212 4255 1304 4311 τὸν
1348 4249 1578 4330 Ἰησοῦν,
1624 4252 1717 4309 ἵνα
1765 4254 1854 4311 καὶ
1886 4254 1946 4311 ἐκ

282 4339 470 4396 τούτου
546 4341 800 4420 μάθωμεν
855 4345 937 4401 ὃτι
1006 4344 1096 4401 καὶ
1150 4346 1286 4421 ἡμῖν
1329 4341 1737 4419 βαπτιζομένοις
1770 4341 1941 4401 ἔπεισι

279 4427 338 4484 τὸ
394 4435 640 4506 Πνεῦμα·
713 4436 774 4493 οῦ
827 4434 927 4514 γὰρ
956 4431 1023 4503 δὴ
1055 4435 1083 4491 ὁ
1111 4430 1304 4513 Κύριος
1358 4429 1535 4489 ἒδέετο
1555 4431 1651 4489 τοῦ
1694 4433 1936 4508 Πνεύμα-

278 4538 389 4583 τος.
469 4518 642 4577 Ἀλλὰ
674 4522 845 4580 πάντα
888 4521 954 4579 δι’
985 4525 1128 4600 ἡμᾶς
1172 4535 1344 4599 ποιεῖ,
1397 4523 1485 4578 καὶ
1528 4521 1752 4602 ἀπαρχὴ
1783 4524 1942 4589 αὒτὸς

280 4609 483 4686 γίνεται
541 4611 780 4689 πάντων,
852 4614 927 4671 ὧν
1009 4612 1306 4690 ἒμέλλομεν
1400 4614 1565 4689 ἡμεῖς
1652 4609 1942 4689 λαμϐάνειν

2040 3425 2240 3493 Turba
2264 3433 2505 3512 quidem
2538 3433 2675 3494 talia
2704 3433 2778 3495 de
2807 3432 3035 3496 Joanne
3066 3435 3381 3511 sentiebat,
3422 3436 3695 3505 Herodes

2039 3532 2247 3582 autem
2274 3542 2405 3583 cum
2431 3524 2667 3603 repreht
2691 3531 2975 3585 nderetur
2994 3523 3068 3585 ab
3091 3526 3369 3598 eo,etiam
3392 3529 3465 3590 ad
3490 3531 3694 3596 omnia

2038 3609 2153 3671 alia
2171 3612 2433 3673 facinora
2454 3614 2669 3694 adjecit
2692 3623 2754 3675 ut
2776 3612 3109 3675 includeret
3138 3614 3305 3678 illum
3336 3617 3398 3678 in
3424 3637 3688 3688 carcere.

2036 3700 2249 3764 Narrat
2282 3707 2476 3783 itaque
2508 3704 2633 3765 haec
2684 3702 2966 3764 miserum
3000 3704 3167 3765 illum
3200 3714 3257 3767 et
3285 3725 3687 3773 aerumnosum

2028 3788 2325 3868 indicans,
2360 3793 2849 3873 quandoquidem
2887 3794 3023 3855 talia
3052 3813 3230 3857 ausus
3265 3797 3482 3876 fuerat,
3518 3801 3690 3864 turba

2029 3886 2274 3973 tantam,
2297 3881 2641 3964 opinionem
2682 3883 2937 3945 habente
2967 3884 3041 3946 de
3070 3886 3212 3947 296
3237 3885 3490 3952 Joanne.
3523 3890 3689 3973 Ape-

2026 3969 2182 4034 ritur
2201 3982 2398 4034 autem
2435 3973 2675 4047 caelum,
2708 3982 2773 4035 ut
2797 3983 3172 4038 monstretur
3202 3975 3374 4040 nobis
3402 3982 3559 4062 quod
3578 3969 3685 4045 ba-

2030 4060 2245 4142 ptisma
2276 4064 2502 4144 aperiat
2531 4062 2810 4125 omnibus
2841 4064 3082 4148 ccelum,
3106 4067 3263 4147 quod
3294 4060 3487 4132 Adam
3518 4072 3687 4135 clau-

2030 4159 2208 4223 serat,
2244 4150 2568 4214 Descendit
2614 4161 2812 4215 autem
2849 4155 3112 4235 Spiritus
3150 4156 3212 4218 in
3254 4154 3486 4236 Jesum,
3520 4174 3585 4226 ut
3616 4184 3687 4228 ex

2028 4238 2142 4302 hoc
2173 4240 2477 4304 discamus
2526 4243 2680 4322 quod
2710 4251 2797 4331 ~et
2828 4242 2889 4304 in
2943 4264 3070 4319 nos,
3107 4264 3242 4307 cum
3286 4245 3677 4331 baptizamur,

2027 4329 2354 4393 descendat
2380 4330 2653 4411 Spiritus.
2706 4329 2911 4413 Neque
2945 4334 3104 4395 enim
3138 4329 3381 4417 Spiritui
3396 4329 3681 4405 Dominus

2024 4438 2174 4512 opus
2204 4419 2482 4512 habebat,
2514 4420 2619 4482 sed
2651 4421 2854 4512 omnia
2873 4433 3120 4505 propter
3142 4443 3250 4485 nos
3277 4426 3439 4505 facit,
3474 4438 3533 4493 et
3561 4432 3681 4512 pri-

2025 4510 2204 4572 mitiae
2236 4510 2366 4591 ipse
2410 4510 2474 4570 fit
2502 4510 2766 4573 omnium
2819 4529 2951 4593 quae
3006 4531 3116 4575 nos
3146 4518 3441 4595 sumpturi
3473 4510 3678 4583 sumus

2027 4600 2294 4680 posthac,
2329 4608 2393 4661 ut
2421 4599 2520 4661 fiat
2557 4598 2993 4680 primogenitus
3022 4601 3082 4663 in
3118 4603 3318 4665 multis
3369 4606 3673 4675 fratribus.

278 4685 522 4780 ὕστερον,
585 4702 657 4768 ὡς
714 4685 777 4759 ἄν
826 4685 1165 4783 πρωτότοκος
1212 4685 1274 4762 *ἐν
1304 4685 1532 4767 πολλοῖς
1562 4685 1815 4784 ἀδελφοῖς
1841 4702 1941 4782 γέ-

2041 4691 2091 4753 ln
2122 4690 2322 4771 specie
2350 4697 2546 4753 autem
2581 4689 2872 4751 columba:
2902 4690 3235 4769 descendit,
3289 4702 3349 4755 ut
3377 4696 3677 4762 discamus

282 4809 461 4856 νηταν
538 4791 613 4855 ὡς
671 4794 954 4872 περιστερὰ
1011 4792 1092 4875 δὲ,
1147 4792 1241 4850 ἵνα
1296 4793 1547 4869 μάθωμεν
1604 4790 1687 4848 ὅτι
1742 4793 1940 4872 πράους

280 4879 427 4953 ἡμᾶς
494 4893 635 4938 εἶναι
676 4880 762 4939 δεῖ
802 4884 891 4939 καὶ
949 4883 1228 4963 καθαρούς·
1260 4884 1349 4941 καὶ
1392 4882 1473 4940 ὃτι
1522 4880 1703 4961 ὥσπερ
1733 4880 1820 4938 ἐπὶ
1849 4889 1940 4939 τοῦ

280 4974 422 5050 Νῶε,
484 4972 771 5050 περιστερὰ
850 4974 1081 5049 ἒμήνυσε
1137 4977 1237 5042 τὴν
1307 4971 1641 5029 κατάπαυσιν
1688 4968 1787 5039 τῆς
1846 4979 1941 5028 106

282 5065 411 5116 Θεοῦ
478 5061 669 5139 ὀργῆς,
731 5060 871 5119 οὕτω
938 5064 1027 5120 καὶ
1069 5063 1311 5137 ἐνταῦθα,
1346 5064 1409 5119 τί)
1452 5066 1666 5136 Πνεῦμα
1701 5061 1757 5117 τὸ
1785 5058 1937 5139 ἅγιον

279 5148 614 5220 κατήλλαξεν
686 5152 825 5228 ἡμᾶς
883 5159 961 5228 τῷ
1012 5159 1153 5230 Θεῷ,
1213 5149 1586 5225 κατακλυσμὸν
1608 5153 1709 5217 τῆς
1756 5149 1936 5229 ἆμαρ-

281 5239 393 5302 τίας
462 5241 858 5317 ποιησάμενον*
931 5244 1019 5300 καὶ
1091 5244 1210 5307 Υἱὸς
1266 5240 1322 5298 δὲ
1380 5240 1581 5313 ἀκούει,
1642 5239 1785 5319 παρὰ
1847 5242 1939 5296 106

282 5330 489 5407 Πατρὸς
547 5328 854 5410 ἐνεχθείσης
939 5334 1039 5400 τῆς
1069 5337 1279 5413 φωνῆς,
1311 5329 1512 5393 δεικνὺς
1546 5327 1627 5386 ὅτι
1657 5329 1747 5386 καὶ
1801 5329 1938 5407 ἡμῖν

278 5417 716 5501 βαπτιζομένοις,
787 5421 884 5489 τὴν
938 5423 1196 5483 υἱοθεσίαν
1248 5421 1536 5503 ἐχαρίσατο
1597 5418 1688 5476 Ἐν
1745 5419 1827 5476 σοὶ
1881 5417 1937 5475 δὲ

281 5506 568 5591 εὐδόκησα,
613 5509 729 5568 ἀντὶ
752 5517 872 5593 τοῦ,
914 5511 1308 5582 ἐπανεπαύθην,

359 5665 420 5720 3'
449 5665 602 5733 Gen.
632 5683 760 5747 vni,
794 5670 888 5736 11.

2024 4782 2181 4863 quod
2214 4790 2560 4844 mansuetos
2610 4798 2720 4842 nos
2776 4797 2909 4842 esse
2961 4790 3259 4863 oporteat,
3293 4802 3363 4847 ac
3393 4789 3672 4854 mundos.

2023 4869 2096 4934 Et
2122 4871 2273 4935 sicut
2306 4880 2574 4953 tempore
2601 4868 2725 4932 Noe
2783 4868 3063 4933 columba
3118 4872 3468 4953 signiﬁcavit
3496 4878 3674 4959 quie-

2020 4960 2174 5023 visse
2194 4961 2343 5022 iram
2376 4961 2481 5024 Dei
2527 4960 2603 5036 59,
2636 4960 2719 5022 sic
2752 4967 2811 5022 et
2840 4960 2951 5022 lioc
2983 4960 3113 5028 loco
3144 4963 3402 5044 Spiritus
3438 4977 3675 5031 sanctus

2016 5049 2353 5113 conciliavit
2388 5069 2498 5113 nos
2529 5053 2676 5126 Deo,
2737 5050 2892 5111 facto
2924 5052 3154 5132 peccati
3186 5053 3434 5119 diluvio.
3468 5056 3541 5119 Et
3571 5058 3670 5121 Fi-

2018 5140 2136 5203 lius
2164 5142 2389 5205 audita
2423 5144 2591 5203 Patre
2621 5160 2823 5202 vocem
2853 5141 3112 5219 allatam,
3146 5152 3485 5209 monstrans
3512 5149 3672 5230 quod

2022 5240 2080 5293 et
2110 5230 2284 5292 nobis
2313 5230 2413 5313 qui
2439 5231 2827 5313 baptizamur,
2860 5231 3240 5311 adoptionem
3272 5233 3532 5298 ﬁliorum
3566 5238 3674 5300 Dei

2023 5323 2269 5403 largitus
2321 5322 2415 5387 sit.
2482 5324 2547 5386 In
2600 5331 2656 5385 te
2705 5322 2859 5385 bene
2896 5322 3177 5405 placitum
3235 5333 3325 5387 est
3354 5326 3524 5405 mihi,
3560 5329 3671 5394 lioc

2021 5421 2134 5491 est,
2173 5413 2232 5475 in
2266 5420 2323 5474 te
2354 5412 2616 5494 quietem
2646 5414 2873 5495 accepi.
