4232 6436
512 371 631 438 747
1484 375 2079 439 THEOPHYLACTI
2123 374 2534 440 summm
2578 379 2935 442 ARCHIEP.
3781 360 3908 441 74's

515 514 593 575 ita
623 511 972 593 nugabatur,
1006 513 1054 574 si
1102 509 1367 572 fortassis
1409 510 1748 573 adulatione
1779 511 2063 591 deceptus
2095 530 2186 572 se.

2243 513 2435 575 ταύτας
2470 529 2483 545 ⁸
2544 513 2686 581 πλὴν
2747 513 2866 571 ἀλλ’
2900 518 2960 573 οὗ
2989 516 3125 571 κατὰ
3176 513 3408 571 διάνοιαν
3452 516 3633 589 οἶμαι,
3664 512 3783 569 ἀλλ’
3819 516 3902 569 αἷ-

514 601 728 665 Filium
760 602 867 664 Dei
899 608 1198 663 ostentare
1218 601 1376 675 velit,
1410 601 1749 681 dejiciendo
1775 619 1839 662 se
1861 601 2166 675 deorsum,

2250 607 2454 670 σθητῶς
2499 605 2692 668 ταύτας
2749 606 2891 679 αὐτῷ
2947 605 3235 679 ὑπέδειξεν,
3272 606 3327 661 ὲν
3356 607 3619 685 φαντασίᾳ
3670 606 3906 673 ποιήσας

512 700 906 771 cognosceret
953 692 1222 770 quisnam
1282 699 1459 751 esset.
1518 692 1591 752 At
1650 692 1939 753 Dominus
1997 690 2165 751 illum

2249 699 2500 771 φανῆναι,
2533 701 2628 750 τοῦ
2688 696 2873 772 Κυρίου
2933 696 3010 769 μὴ
3063 695 3496 773 φανταζομένου⁶
3552 697 3725 772 τρίτον
3768 695 3910 765 αὒτῷ

511 780 836 862 Scripturis
866 780 1149 862 repellit:
1204 804 1227 835 α
1263 782 1395 843 Non
1430 780 1706 851 tentabis.
1742 780 2137 861 inquit,Domi

2246 779 2592 862 προσϐλλλει,
2641 782 2747 839 άπὸ
2800 788 2901 847 τῆς
2955 783 3273 863 φιλοδοξίας·
3324 787 3379 841 Εἰ
3429 786 3539 848 υἱὸς
3571 786 3692 862 γὰρ,
3723 783 3905 863 φησὶν,

511 889 651 935 num
681 873 867 934 Deum
894 879 1081 934 tuum.
1127 894 1146 925 ι
1184 869 1390 951 Neque
1420 869 1578 932 enim
1613 874 1746 950 quis
1783 889 1848 931 se
1880 870 1939 930 in
1972 871 2165 930 mani-

2248 870 2303 927 εἶ
2345 879 2439 927 τοῦ
2490 874 2643 948 Θεοῦ,
2692 870 2823 948 βάλε
2867 875 3088 930 σεαυτὸν
3141 874 3289 929 κάτω
3321 890 3334 903 ’
3386 874 3689 930 κολακεύων
3720 870 3774 927 δὲ
3806 872 3905 926 αύ-

508 961 749 1023 festaria
778 960 1050 1042 pericula
1095 960 1273 1021 debet
1323 958 1608 1039 objicere,
1662 959 1970 1041 probando
2022 978 2164 1020 num

2246 961 2358 1040 τὸν,
2418 963 2486 1017 τὰ
2540 968 2758 1019 τοιαῦτα
2802 961 3007 1041 ἐλήρει,
3068 962 3121 1018 εἴ
3178 986 3292 1027 πως
3344 964 3450 1019 ἀπὸ
3493 968 3592 1029 τῆς
3624 960 3904 1022 κολακείας

499 1050 671 1131 juvet
703 1069 769 1113 se
817 1051 996 1113 Deus.
1048 1050 1475 1113 Animadverte
1526 1049 1764 1110 interim
1824 1057 2041 1129 quanta
2085 1051 2164 1111 slt

2247 1044 2563 1129 ἀπατηθεὶς,
2621 1052 2709 1106 καὶ
2753 1050 2920 1107 θέλων
2963 1050 3131 1117 δεῖξαι
3164 1053 3348 1108 ἑαυτὸν
3391 1054 3512 1107 Γὶὸν
3564 1057 3717 1123 Θεοῦ,
3766 1049 3907 1127 βάλῃ

511 1141 734 1204 utilitas
758 1141 911 1204 scire
939 1141 1297 1221 Scripturas.
1334 1139 1659 1221 Scripturis
1684 1139 1841 1199 enim
1872 1138 2163 1201 Dominus

2249 1139 2432 1196 ἑαυτὸν
2492 1139 2663 1216 κάτω,
2721 1143 2809 1197 καὶ
2854 1141 2992 1198 οὕτω
3036 1139 3337 1220 διαγνωσθῇ
3392 1143 3554 1215 αὐτῷ,
3600 1142 3676 1206 τίς
3737 1140 3901 1198 ἐστιν.

508 1233 786 1295 Satanam
816 1232 1056 1312 repulit.
1090 1230 1220 1293 Hoe
1268 1230 1454 1292 enim.
1498 1229 1625 1291 Non
1670 1229 1795 1289 solo
1844 1247 1994 1306 pane
2026 1228 2164 1289 vivit

2249 1221 2306 1285 Ὅ
2364 1227 2418 1285 δὲ
2482 1232 2667 1309 Κύριος
2727 1229 2823 1310 ὅρα
2866 1234 2983 1295 πῶς
3044 1231 3394 1310 ἀποκρούεται
3443 1231 3601 1287 αὐτὸν
3655 1231 3761 1287 ἀπὸ
3802 1235 3903 1296 τῆς

508 1320 714 1397 homo,
740 1321 1064 1384 Mosaicum
1085 1328 1176 1382 est
1205 1319 1280 1380 de
1314 1322 1523 1380 Manna
1549 1318 1770 1380 dictum
1806 1340 1819 1380 :
1855 1336 1989 1378 nam
2024 1318 2162 1379 licet

2244 1323 2457 1399 Γραφῆς
2494 1336 2507 1349 ⁸
2573 1343 2595 1375 α
2648 1324 2755 1379 Οὐκ
2811 1322 3141 1399 ἐκπειράσεις
3198 1323 3322 1400 γὰρ,
3384 1322 3534 1401 φησὶ,
3595 1322 3783 1398 Κύριον
3812 1323 3901 1377 τὸν

509 1428 630 1471 non
663 1419 821 1472 esset
849 1409 1017 1490 panis
1038 1409 1347 1483 Manna,eo
1376 1417 1570 1469 tamen
1589 1407 1858 1468 alebatur
1882 1407 2156 1486 populus.

2244 1408 2373 1465 Θεόν
2436 1431 2550 1468 σου.
2608 1434 2635 1465 ιι
2703 1410 2774 1467 Οὔ
2844 1412 2945 1490 γὰρ
3002 1408 3086 1466 δεῖ
3158 1413 3231 1473 εἰς
3288 1425 3585 1490 προφανεῖς
3637 1407 3903 1474 κινδύνους

507 1496 803 1563 Similiter
830 1508 889 1561 et
916 1499 1017 1561 illa
1047 1518 1081 1560 a
1110 1498 1266 1560 Mose
1288 1498 1638 1577 deprompta
1660 1505 1820 1571 sunt,
1841 1497 2157 1559 Dominum

2242 1496 2531 1571 ἐμϐαλλειν
2605 1501 2723 1555 τινα
2799 1501 3007 1579 ἑαυτὸν,
3089 1499 3445 1576 δοκιμάζοντα
3516 1502 3559 1556 εἰ
3645 1501 3899 1576 βοηθήσει

505 1597 703 1651 autem
736 1588 925 1650 Deum
960 1597 1121 1650 tuum
1154 1586 1454 1667 adorabis,
1487 1596 1546 1648 et
1578 1605 1590 1649 :
1639 1585 1767 1647 Non
1796 1586 2076 1647 tentabis.

2243 1591 2385 1661 αὐτῷ
2415 1590 2442 1643 6
2476 1589 2627 1651 Θεός,
2664 1589 2974 1663 Σημείωσαι
3030 1588 3083 1645 δὲ
3127 1592 3215 1646 καὶ
3244 1597 3425 1664 τοῦτο,
3454 1589 3534 1645 ὅτι
3567 1591 3705 1670 μέγα
3770 1589 3897 1668 ὄφε-

505 1679 599 1745 λος
656 1683 719 1737 τὰ
763 1678 949 1737 εἰδέναι
994 1682 1087 1744 τὰς
1118 1679 1326 1758 Γραφάς
1366 1698 1377 1710 ·
1428 1680 1515 1734 καὶ
1544 1680 1643 1756 γὰρ
1672 1678 1760 1733 καὶ
1792 1680 1818 1732 6
1854 1679 2037 1756 Κύριυς
2088 1679 2176 1732 τὸν
2221 1683 2459 1734 Σατανᾶν
2510 1678 2617 1734 ἀπὸ
2673 1686 2777 1735 τῶν
2828 1678 3048 1758 Γραφῶν
3098 1679 3460 1759 ἀπεκρούσατο
3496 1700 3505 1711 ·
3541 1681 3601 1736 τό
3654 1702 3710 1736 τε
3774 1682 3896 1758 γὰρ.

506 1770 617 1826 Οὔκ
676 1772 763 1827 ἔπ’
818 1770 959 1848 ἄρτῳ
1015 1768 1164 1843 μόνῳ
1206 1769 1422 1838 ζήσεται
1480 1766 1776 1846 ἅνθρωπος,
1835 1766 2109 1822 Μοσαϊκόν
2188 1765 2323 1844 ἐστι,
2383 1769 2501 1844 περὶ
2572 1775 2663 1825 τοῦ
2739 1770 2918 1824 Μάννα
2976 1768 3131 1844 ῥηθὲν
3165 1788 3180 1805 ⁶
3246 1770 3307 1824 τὸ
3351 1770 3451 1847 γὰρ
3511 1770 3693 1825 Μάννα
3745 1768 3898 1847 ἄρτος

505 1860 582 1933 μὴ
638 1860 722 1939 ὃν,
780 1858 926 1935 ὅμως
954 1858 1138 1936 ἔθρεψε
1167 1860 1258 1914 τὸν
1290 1858 1417 1914 λαόν
1453 1873 1465 1886 ·
1498 1858 1699 1936 καὶτὸ,
1737 1857 1922 1934 Κύριον
1954 1853 2008 1910 δὲ
2052 1857 2142 1913 τὸν
2188 1855 2318 1911 Θεόν
2364 1878 2456 1913 σου
2512 1860 2925 1938 προσκυνήσεις,
2988 1860 3074 1915 καὶ
3117 1861 3202 1933 τὸ,
3258 1858 3364 1915 Οὔκ
3404 1858 3766 1938 ἒκπειράσεις,
3812 1859 3900 1914 καὶ

502 1954 666 2005 ταῦτα
698 1949 982 2011 Μωσαϊκά,

587 2038 770 2101 Vens.
809 2037 886 2098 13
915 2038 1015 2102 15.
1045 2062 1071 2093 ι(
1105 2035 1176 2098 Et
1206 2044 1616 2099 consummata
1640 2036 1800 2097 omni
1834 2034 2159 2097 tentatione
2182 2047 2220 2095 Β

2329 2058 2357 2089 κ
2406 2037 2506 2094 Καὶ
2552 2036 2868 2102 συντελέσας
2926 2039 3097 2094 πάντα
3154 2039 3450 2113 πειρασμὸν
3523 2040 3550 2094 6
3626 2036 3894 2113 διάϐολος,

501 2126 776 2189 diabolus
805 2127 1056 2188 recessit
1084 2127 1156 2188 ab
1200 2126 1302 2188 illo
1333 2145 1522 2207 usque
1551 2126 1622 2187 ad
1656 2132 1913 2205 tempus.
1947 2124 2019 2186 Et
2049 2143 2151 2186 re-

2237 2123 2445 2191 ἀπέστη
2500 2126 2595 2183 ἀπ’
2659 2127 2819 2186 αὖτοῦ
2876 2127 3003 2208 ἄχρι
3060 2126 3245 2206 καιροῦ
3278 2146 3292 2161 ⁶
3358 2131 3444 2184 καὶ
3487 2128 3811 2209 ὑπέστρεψεν
3870 2134 3897 2185 6

501 2234 709 2278 versus
740 2226 831 2279 est
856 2214 1033 2278 Jesus
1064 2217 1123 2277 in
1155 2216 1365 2277 virtute
1394 2215 1641 2296 spiritus
1671 2216 1731 2276 in
1760 2214 2154 2285 Galilaeam.et

2234 2211 2441 2280 Ἰησοῦς
2498 2214 2551 2272 ἐν
2610 2223 2679 2292 τῇ
2732 2214 2947 2291 δυνάμει
3003 2224 3096 2274 τοῦ
3145 2217 3443 2291 πνεύματος
3498 2219 3570 2281 εἷς
3600 2220 3699 2287 την
3730 2220 3894 2275 Γαλι-

500 2305 655 2368 fama
679 2305 822 2368 exiit
852 2324 959 2386 per
990 2305 1328 2367 universam
1359 2306 1664 2383 regionem
1700 2305 1772 2365 de
1793 2303 2151 2384 illo.Etipse

2232 2300 2384 2359 λαίαν
2416 2326 2428 2338 ·
2493 2307 2577 2362 καὶ
2628 2308 2787 2387 φήμη
2840 2306 3023 2375 ἐξῆλθε
3080 2307 3197 2363 καθ’
3247 2306 3379 2374 ὅλης
3437 2313 3537 2375 τῆς
3589 2310 3894 2388 περιχώρου

501 2395 759 2457 docebat
800 2396 861 2457 in
894 2395 1209 2475 synagogis
1233 2413 1464 2474 eorum,
1500 2403 1559 2455 et
1602 2394 2046 2473 gloriﬁcabatur
2070 2392 2146 2455 ab

2233 2393 2351 2469 περὶ
2412 2395 2569 2451 αὐτοῦ
2603 2415 2614 2427 ·
2667 2398 2753 2452 καὶ
2830 2399 2985 2461 αὐτὸς
3042 2394 3305 2453 ἐδίδασκεν
3364 2396 3418 2451 ἐν
3474 2411 3594 2463 ταῖς
3644 2421 3892 2478 συναγω-

500 2483 805 2549 omnibus.
845 2512 869 2541 ι
903 2487 1159 2547 Omnem
1190 2483 1579 2546 tentationem
1612 2483 1755 2544 dicit
1788 2486 1985 2545 Lucas
2014 2501 2151 2543 con-

2234 2492 2362 2557 γαϊς
2424 2483 2600 2537 αὑτῶν
2659 2483 3007 2559 δοξαζόμενος
3064 2486 3166 2540 ὑπὸ
3222 2486 3460 2549 πάντων,
3502 2507 3530 2546 )
3566 2488 3742 2544 Πάντα
3767 2510 3892 2544 πει-

499 2592 831 2636 summasse
852 2574 1200 2655 Dominum,
1225 2572 1491 2654 quamvis
1511 2572 1698 2633 tribus
1718 2572 2004 2633 duntaxat
2026 2581 2150 2632 ten-

2236 2570 2440 2645 ρασμόν
2512 2594 2674 2650 φησιν
2731 2576 2759 2628 6
2843 2579 3047 2637 Λουκᾶς
3120 2572 3427 2631 συντελέσαι
3512 2577 3603 2631 τὸν
3677 2584 3890 2654 Κύριον,

500 2664 824 2726 tationibus
842 2673 1125 2726 tentatum
1156 2685 1169 2725 :
1203 2681 1271 2724 eo
1295 2662 1449 2741 quod
1472 2662 1858 2723 tentationum
1883 2662 2150 2722 omnium

2236 2658 2407 2714 καίτοι
2456 2673 2605 2737 τρεῖς
2663 2663 2991 2740 πειρασμοὺς
3048 2662 3423 2739 πειρασθέντα,
3456 2661 3596 2719 δνότι
3629 2665 3889 2744 κεφάλαια

410 2756 411 2759 “
498 2753 619 2815 sint
668 2754 860 2833 capita
887 2755 1023 2834 tria,
1073 2753 1342 2831 avaritia,
1389 2753 1545 2831 gula,
1593 2760 1651 2812 et
1694 2752 1888 2813 inanis
1936 2751 2081 2830 glori

2233 2754 2341 2802 τῶν
2399 2756 2708 2829 πειρασμῶν
2768 2752 2982 2807 πάντων
3022 2754 3069 2807 οἶ
3112 2764 3257 2827 τρεῖς
3301 2751 3443 2807 οὗτοί
3494 2753 3648 2828 εἰσιν,
3709 2757 3737 2809 6
3793 2760 3888 2822 τῆς

504 2841 690 2905 Porro
726 2844 878 2921 gulae
912 2843 1299 2905 tentationem
1348 2843 1585 2923 repulit,
1620 2842 1827 2903 dicens
1860 2861 1874 2902 :
1927 2843 2057 2904 Non
2092 2841 2151 2901 in

2233 2835 2691 2916 φιλοχρηματίας,
2752 2842 2781 2896 6
2834 2839 2931 2907 τῆς
2986 2839 3433 2919 γαστριμαργίας,
3486 2843 3513 2896 ὁ
3572 2843 3672 2908 τῆς
3730 2842 3885 2922 φιλο-

500 2933 628 2995 solo
653 2952 804 3015 pane
826 2933 973 2995 vivet
1003 2935 1204 2995 homo.
1221 2936 1340 2995 Hac
1357 2935 1515 2995 enim
1544 2933 1731 3012 primo
1757 2931 1971 2993 invasit
1988 2950 2145 3003 eum,

2233 2924 2427 3015 δοξίας.
2474 2930 2577 2985 Τὸν
2632 2930 2730 3004 μὲν
2798 2929 2887 2985 οὗν
2930 2933 3029 2998 τῆς
3074 2932 3495 3008 γαστριμαργίας
3550 2934 3885 3010 ἀπεκρούσα-

496 3013 736 3085 εἱουιει
766 3023 1077 3085 Adamum.
1097 3024 1285 3085 Adam
1301 3025 1458 3084 enim
1482 3041 1599 3083 non
1625 3022 1812 3102 potuit
1832 3040 1936 3101 per
1957 3021 2149 3082 avari-

2233 3036 2293 3071 το
2324 3013 2408 3071 διὰ
2456 3024 2550 3073 τοῦ
2613 3018 2813 3092 εἰπεῖν,
2861 3018 2941 3074 ὅτι
2987 3021 3095 3077 Οὔκ
3151 3018 3238 3075 ἐπ’
3288 3016 3431 3098 ἄρτῳ
3478 3021 3627 3095 μόνῳ
3669 3023 3886 3092 ζήσεται

498 3113 636 3175 tiam
655 3114 1170 3195 supplantariznon
1188 3114 1346 3176 enim
1365 3119 1593 3194 poterat
1609 3113 1887 3193 pluraille
1900 3131 2145 3193 cupere,

2232 3103 2505 3183 ἅνθρωπος
2540 3124 2553 3137 ·
2656 3115 2870 3187 πρῶτον
2954 3110 3056 3187 γὰρ
3153 3110 3244 3165 τὸν
3319 3112 3617 3188 πειρασμὸν
3704 3118 3891 3168 τοῦτον

496 3203 553 3266 id
589 3204 729 3266 299
759 3205 916 3283 quod
949 3203 1206 3265 avaritiae
1252 3211 1364 3277 est,
1398 3202 1557 3263 solus
1594 3200 1907 3264 exsistens.
1942 3200 2147 3282 Neque

2229 3197 2572 3275 προσήγαγεν
2623 3200 2785 3271 αὐτῷ,
2818 3201 2891 3262 ὡς
2925 3200 3013 3255 καὶ
3056 3205 3134 3273 τῷ
3164 3196 3335 3274 Ἀδάμ
3367 3213 3385 3230 ⁸
3432 3200 3522 3257 τὸν
3575 3200 3675 3279 γὰρ
3717 3198 3890 3277 Ἀδὰμ

496 3311 605 3372 per
637 3292 785 3354 iram
814 3314 829 3354 :
865 3292 959 3354 cui
979 3292 1138 3353 enim
1163 3290 1637 3353 succensuisset?
1653 3289 1860 3370 Neque
1878 3308 1986 3369 per
2007 3292 2147 3351 invi-

2231 3283 2349 3339 οὕτε
2406 3283 2513 3341 ἀπὸ
2567 3286 2872 3352 πλεονεξίας
2953 3285 3179 3355 ἠδύνατο
3230 3286 3598 3369 ὑποσκελίσαι,
3661 3292 3719 3346 οὒ
3792 3292 3892 3369 γὰρ

494 3383 679 3446 diam.
713 3382 1125 3482 Proinde.per
1155 3381 1348 3460 gulam
1398 3380 2165 3482 supplantavitl._Caeteruni,

2230 3373 2359 3451 εἶχε
2417 3382 2507 3430 τὸν
2578 3374 3093 3458 πλεονεκτούμενον,
3165 3377 3331 3452 μόνος
3360 3376 3457 3440 ὤν.
3498 3378 3629 3436 Οὔτε
3661 3378 3768 3435 ἀπὸ
3792 3381 3888 3458 ὁρ-

2266 3464 3614 3482 ,,,,,,,--,η..,.
3791 3470 3876 3482 ,.

494 3474 768 3535 avaritiae
797 3471 1182 3535 tentationem
1221 3473 1438 3551 repulit
1480 3490 1595 3531 non
1650 3469 1965 3549 procidens
2010 3464 2165 3530 ante

2226 3466 2328 3539 γῆς
2363 3478 2376 3492 ⁸
2424 3465 2486 3521 οὐ
2527 3464 2627 3543 γάρ
2671 3469 2828 3545 εἶχεν
2872 3470 2917 3541 ᾧ
2947 3467 3193 3545 ὀργισθῇ,
3224 3468 3357 3525 Οὒτε
3383 3467 3490 3525 ἀπὸ
3518 3467 3706 3549 φθόνου
3732 3488 3747 3504 ⁸
3781 3470 3889 3526 ἀπὸ

494 3562 825 3633 diabolum,
862 3580 1060 3641 neque
1093 3580 1231 3622 eum
1263 3560 1542 3621 adorans.
1575 3557 1719 3621 Nam
1744 3578 1877 3620 cum
1902 3559 2148 3621 demon-

2226 3555 2327 3618 τῆς
2385 3552 2591 3617 κοιλίας
2623 3554 2712 3612 οὖν
2764 3554 3107 3614 ὑπεσκέλισεν
3161 3556 3342 3615 αὐτόν.
3376 3559 3477 3615 Τὸν
3507 3558 3565 3613 δὲ
3596 3563 3696 3625 τῆς
3729 3558 3888 3639 φιλο-

493 3662 740 3715 strasset
763 3651 963 3712 omnia
983 3668 1166 3728 regna
1188 3648 1554 3711 sensibiliter
1572 3649 1698 3728 ejus
1718 3648 2141 3727 imaginationi,

2227 3647 2537 3719 χρηματίας
2609 3644 2996 3728 ἀπεκρούσατο,
3055 3644 3141 3703 διὰ
3217 3645 3311 3703 τοῦ
3356 3648 3435 3723 μὴ
3489 3661 3700 3721 πεσεῖν,
3750 3648 3886 3724 μηδέ

493 3762 611 3804 non
637 3741 709 3803 ad
751 3759 821 3801 ea
857 3727 1155 3819 respexit:
1193 3742 1425 3800 tametsi
1470 3727 1737 3798 nonnulli
1785 3738 1898 3798 hoc
1929 3756 2046 3798 non
2071 3736 2147 3798 de

2226 3738 2587 3808 προσκυνῆσαι
2654 3738 2820 3809 αὐτῷ,
2887 3727 3243 3801 ’Υποδείξαντι
3292 3737 3393 3815 γὰρ
3462 3737 3556 3803 τὰς
3613 3738 3887 3815 βασιλείας

492 3828 877 3891 sensibilibus
896 3827 1119 3907 regnis,
1146 3827 1247 3891 sed
1273 3825 1634 3888 mentalibus
1653 3826 2145 3900 intellex<lrint,ut

2228 3820 2403 3885 πάσας
2461 3824 2725 3890 αἰσθητῶς
2809 3827 2949 3882 κατὰ
3018 3826 3333 3906 φαντασίαν,
3413 3826 3520 3907 οὐχ
3599 3827 3833 3904 ὑπέκυψε
3866 3845 3880 3859 ⁶

493 3921 650 4001 quod
683 3916 1104 3979 monstraverit
1133 3916 1197 3991 ei
1220 3934 1467 3995 regnum
1502 3916 1735 3978 invidiae
1764 3934 2016 3994 regnum
2048 3917 2145 3977 iu-

2227 3909 2398 3966 καίτοι
2442 3910 2504 3990 γέ
2560 3934 2700 3978 τινες
2756 3918 2817 3972 οὐ
2867 3916 2987 3993 περὶ
3063 3916 3329 3981 αἰσθητῶν
3385 3914 3673 3991 βασιλειῶν
3728 3928 3885 3976 τοῦτο

492 3996 875 4071 continentia)
921 4015 979 4067 et
1039 4005 1100 4065 in
1150 4024 1381 4065 summa
1430 4006 1694 4065 omnium
1765 4013 2141 4086 peccatorum

2227 3996 2478 4076 ἐνοησαν,
2521 3999 2656 4057 ἀλλὰ
2723 4004 2841 4083 περὶ
2883 4002 3184 4080 νοουμένων
3217 4019 3232 4035 ⁸
3268 4004 3415 4077 οἷον,
3448 4002 3712 4072 ὑπέδειξεν
3742 4011 3884 4082 αὐτῷ

493 4116 716 4177 regna:
754 4105 813 4158 et
843 4096 1008 4176 quasi
1045 4094 1183 4156 talia
1225 4094 1281 4156 ei
1332 4095 1599 4156 diceret:
1647 4093 1706 4157 Si
1760 4096 1841 4156 vis
1890 4112 2142 4171 regnare

2225 4087 2325 4154 τὴν
2379 4088 2651 4165 βασιλείαν
2711 4092 2809 4159 τῆς
2886 4092 3204 4173 ἀκολασίας,
3285 4094 3386 4161 τὴν
3450 4094 3722 4171 βασιλείαν
3788 4106 3881 4154 τοῦ

491 4186 901 4263 affectionibus
919 4184 1201 4265 illis,etin
1225 4184 1332 4245 lioc
1353 4184 1650 4260 venisti,ut
1671 4202 1772 4245 eos
1792 4184 1895 4265 qui
1912 4184 2021 4245 sub
2046 4202 2139 4245 me

2223 4178 2436 4265 ιρθόνου,
2494 4181 2583 4236 καὶ
2652 4180 2836 4246 ἁπλῶς
2887 4189 3073 4239 πασῶν
3128 4183 3235 4241 τῶν
3290 4183 3565 4264 ἁμαρτιῶν
3590 4187 3685 4251 τὰς
3716 4188 3877 4264 βασι-

500 4285 641 4338 sunt
662 4263 1139 4357 rapias,procide
1162 4282 1218 4336 et
1241 4274 1421 4335 adora
1446 4292 1581 4336 me:
1615 4284 1672 4335 et
1701 4263 1906 4354 accipe
1933 4292 2140 4336 omnes

2221 4263 2367 4331 λείας
2404 4284 2418 4297 ⁸
2482 4272 2568 4325 καὶ
2620 4271 2813 4327 ὡσανεὶ
2869 4280 3087 4330 τοιαῦτα
3135 4271 3317 4352 ἔλεγεν
3374 4275 3516 4349 αὐτῷ
3551 4292 3566 4305 ⁸
3606 4277 3666 4333 Ei
3707 4263 3878 4341 θέλε.ς

492 4366 594 4448 qui
637 4384 672 4428 a
703 4354 795 4425 me
827 4363 1256 4441 gubernantur.
1306 4363 1594 4426 Dominus
1641 4374 1837 4425 autem
1887 4381 2139 4441 regnare

2220 4354 2527 4430 βασιλεῦσαι
2587 4361 2787 4416 τούτων
2828 4368 2935 4417 τῶν
2966 4365 3173 4437 παθῶν,
3223 4363 3312 4419 καὶ
3365 4362 3450 4419 ἐπὶ
3479 4364 3648 4438 τούτῳ
3674 4363 3880 4436 ἒλήλυ-

492 4446 733 4539 quidem
757 4455 904 4528 vult,
931 4462 989 4514 et
1023 4454 1093 4515 ad
1137 4454 1250 4515 boc
1291 4453 1469 4515 venit:
1499 4471 1748 4532 regnare
1785 4463 1981 4515 autem
2019 4460 2146 4513 non‘

2222 4446 2339 4524 θας,
2402 4446 2494 4503 ἵνα
2551 4450 2675 4513 τοὺς
2734 4449 2825 4506 ὑπ’
2882 4450 3014 4528 ἐμοῦ
3070 4451 3470 4532 κατεχομένους
3528 4453 3874 4534 ἀφαρπάσῃς,

492 4536 626 4607 cum
661 4552 925 4625 peccato,
959 4561 1152 4623 neque
1176 4561 1303 4603 sme
1317 4543 1666 4623 certamine,
1700 4544 1803 4604 sed
1828 4552 2063 4605 certans
2081 4552 2139 4603 et

2219 4536 2397 4591 πεσὼν
2452 4538 2816 4615 προνκύνησόν
2860 4563 2974 4615 μοι,
3025 4542 3113 4597 καὶ
3160 4538 3435 4621 παράλαϐε
3506 4544 3711 4607 πάντας
3754 4547 3878 4611 τοὺς

488 4621 755 4699 vincens.
784 4630 882 4695 Sic
901 4621 1143 4713 quidam
1168 4632 1625 4693 intellexerunt:
1651 4621 1837 4712 quem
1864 4650 2132 4705 sensum,

2218 4622 2307 4713 ὑπ’
2366 4624 2499 4700 ἐμοῦ
2553 4626 3023 4705 βασιλευομένους,
3085 4621 3142 4689 ’0
3202 4628 3256 4685 δὲ
3316 4627 3509 4707 Κύριος
3571 4632 3879 4709 βασιλεῦσαι

487 4725 536 4784 si
566 4723 663 4785 cui
694 4709 1222 4804 placetirecipial.
1258 4722 1444 4781 Porro
1498 4730 1555 4785 et
1595 4709 1833 4782 inanem
1885 4721 2158 4799 gloriam

2218 4710 2337 4804 pia
2373 4712 2539 4804 θελει,
2600 4719 2689 4774 καὶ
2745 4719 2820 4782 εἷς
2879 4726 3037 4776 τοῦτο
3077 4717 3323 4796 ἐλήλυθε,
3369 4719 3684 4797 βασιλεῦσαι
3737 4722 3791 4780 δὲ
3821 4728 3882 4782 οὐ

484 4802 710 4893 repulit
721 4809 1625 4891 verboScripturaz.Eripeigitur
1637 4819 1696 4872 et
1716 4828 1847 4884 nos,
1861 4809 2129 4884 Domine,

2220 4802 2356 4893 μετὰ
2410 4802 2692 4882 ἁμαρτίας,
2751 4806 2860 4864 οὐδ’
2918 4807 3040 4864 ἄνευ
3119 4807 3350 4890 ἀγῶνος,
3410 4808 3547 4866 ἀλλὰ
3606 4811 3876 4878 παλαίσας

484 4918 519 4983 a
540 4892 728 4983 tribus
745 4899 862 4983 illis
880 4898 1171 4983 capitibus
1186 4898 1487 4983 draconis.
1511 4898 1803 4983 Reversus
1824 4908 1915 4983 est
1934 4914 2131 4983 autem

2216 4892 2304 4947 καὶ
2363 4894 2611 4963 νικήσας,
2670 4898 2843 4953 Ταῦτά
2906 4918 3047 4961 τινας
3105 4895 3333 4965 ἐνοησαν
3364 4914 3380 4931 ⁸
3426 4898 3534 4972 ὅτῳ
3590 4898 3645 4957 δὲ
3693 4902 3872 4983 φίλον,

480 4979 656 5044 Jesus
681 4981 741 5041 in
764 4977 976 5069 virtute
998 4979 1261 5059 spiritus.
1291 4977 1539 5040 Videtur
1568 4979 1713 5069 mihi
1739 4979 1897 5059 quod
1930 4979 2132 5041 divino

2216 4978 2602 5062 παραδεχέσθω
2655 4992 2843 5050 ταῦτα,
2890 4985 3061 5046 Ἀλλὰ
3100 4987 3190 5043 καὶ
3261 4989 3353 5043 τὸν
3416 4989 3514 5058 τῆς
3578 4977 3873 5069 φιλοδοξίαξ

485 5069 742 5149 quodam
772 5068 973 5129 afﬂatu
1020 5077 1330 5159 correptus
1364 5068 1648 5131 redierit:
1701 5068 1812 5130 hoc
1844 5069 2003 5159 enim
2046 5083 2137 5136 est

2216 5071 2602 5159 άπεκρούσατο,
2664 5073 2748 5130 διὰ
2822 5086 2916 5135 τοῦ
2984 5078 3047 5132 τὸ
3112 5078 3369 5155 γραφικὸν
3435 5068 3608 5136 εἰπεῖν
3683 5082 3869 5159 ῥητόν.

481 5159 641 5240 quod
660 5159 834 5251 ait,in
847 5161 1059 5219 virtute
1070 5157 1599 5251 spiri-tus.Attende
1621 5177 1857 5239 quoque
1868 5157 2130 5239 Scriptu—

2214 5158 2430 5225 Ἐξελοῦ
2472 5162 2560 5220 οὖν
2594 5165 2681 5220 καὶ
2709 5165 2878 5240 ἡμᾶς,
2912 5166 3089 5244 Κύριε,
3140 5167 3342 5223 τούτων
3372 5170 3478 5224 τῶν
3510 5157 3865 5251 τριῶννκεφα-

480 5265 634 5324 ram,
659 5247 816 5329 quod
836 5256 1146 5328 postquam
1172 5246 1313 5307 vicit
1331 5255 1679 5322 tentantem,
1705 5256 1762 5308 et
1781 5248 2126 5311 monstravit

2209 5247 2317 5306 λῶν
2374 5257 2469 5307 τοῦ
2522 5249 2829 5330 δράκοντος.
2907 5244 3231 5333 ’Υπέστρεψε
3290 5252 3344 5312 δὲ
3390 5259 3417 5313 6
3464 5244 3671 5326 Ἰησοῦς
3720 5244 3873 5333 ἐν’τῇ

479 5321 755 5399 virtutem
784 5321 1154 5410 suam,'tunc
1197 5336 1343 5396 illud
1373 5337 1658 5416 scriptum
1692 5337 1790 5411 sit,
1822 5338 1882 5398 in
1912 5339 2121 5399 virtute

2207 5337 2421 5416 δυνάμει
2475 5321 2568 5398 τού
2608 5343 2906 5419 πνεύματος
2944 5360 2957 5373 ·
3007 5321 3302 5421 δοκεῖ’μοι
3365 5345 3445 5403 ὅτι
3500 5321 3783 5407 ἐνθουσιῶν

481 5424 748 5518 spiritus.
780 5422 1049 5518 Recessit
1076 5423 1373 5518 autemab
1404 5424 1507 5485 illo
1540 5445 1728 5507 usque
1759 5427 1832 5487 ad
1866 5437 2119 5509 tempus,

2209 5427 2418 5496 ἰησοῦς
2469 5430 2794 5511 ὑπέστρεψεν
2820 5449 2834 5464 ’
2896 5433 3049 5490 τοῦτο
3092 5434 3193 5513 γάρ
3227 5435 3338 5492 ἐστι
3386 5438 3470 5518 τὸ,
3506 5438 3561 5495 ἐν
3590 5446 3658 5517 τῇ
3711 5439 3868 5497 δυνά-

480 5511 903 5610 bunc_sensum
928 5512 1137 5577 habet:
1163 5512 1443 5610 Diabolus
1459 5515 1873 5610 affectionibus
1895 5516 2125 5578 duabus

2205 5525 2423 5610 pen-tofi
2477 5521 2777 5597 πνεύματος
2811 5540 2826 5555 ·
2893 5524 3040 5604 τάχα
3070 5511 3123 5578 δὲ
3152 5511 3392 5604 προσχες
3519 5511 3725 5610 Γραξρῇ,
3787 5531 3868 5588 ὅτι

481 5600 1510 5692 Dominumadortusest,voluptatis
1524 5605 2120 5685 scilicetactristitize;
2204 5605 2320 5683 μεθ’
2351 5607 2380 5664 ὀ
2430 5609 2640 5677 ἐνίκησε
2686 5612 2775 5669 τὸν
2799 5600 3139 5692 πειράζδντα,
3196 5600 3333 5670 ’καῖ
3367 5600 3526 5683 ἔδειξε
3561 5600 3688 5687 ’τήν
3710 5600 3869 5677 δύνα-

481 5697 540 5754 et
565 5689 817 5753 accessit
861 5691 934 5750 ad
967 5689 1282 5752 Dominum
1327 5692 1401 5753 de
1446 5693 1740 5775 voluptate
1786 5705 2020 5757 tentans
2062 5699 2121 5759 in

2205 5720 2296 5773 μιν
2351 5697 2537 5774 αὐτοῦ,
2592 5700 2711 5756 τότε
2774 5702 3073 5782 γέγραπται
3120 5704 3204 5775 τὸ,
3259 5702 3314 5758 ἐν
3364 5713 3432 5783 τξ,
3489 5705 3702 5785 δυνάμει
3778 5718 3869 5768 τού
