4232 6396
365 349 487 416 749

365 487 669 562 πνεύματος
711 503 723 517 ⁸
783 488 845 542 τὸ

364 579 603 632 τοιοῦτον
650 574 767 655 ἔχει
814 584 954 635 νοῦν.
1005 565 1064 632 Ὀ
1116 572 1361 638 διάϐολος
1395 573 1480 631 διὰ
1523 573 1612 633 δύο
1642 565 1824 632 παθῶν
1856 596 2026 654 προσ-

1120 349 1564 417 ENARRATIO
1609 351 1687 416 IN
1733 344 2238 417 EVANGELIUM
2278 343 2522 447 LUCIE.
2561 384 2639 397 --
2681 347 2849 415 CAP.
2897 348 3003 418 IV.

901 484 980 557 δὲ,
1029 483 1236 554 ἀπέστη
1295 483 1389 543 ἀπ’
1448 487 1606 544 αὑτοῦ
1648 484 1777 567 ἄχρι
1820 493 2027 565 καιροῦ,

2118 491 2339 548 monte.
2376 484 2626 547 recessit
2654 503 2792 547 vero
2823 504 3013 567 usque
3037 485 3111 549 ad
3143 494 3401 569 tempus,
3435 490 3633 555 crucis
3654 493 3767 555 sci-

3643 345 3765 421 750

2112 571 2270 648 licet,
2308 582 2445 636 tunc
2474 574 2640 636 illum
2689 594 2796 656 per
2823 576 3071 639 adversa
3099 596 3168 639 ac
3219 576 3370 641 dura
3404 588 3756 644 tentaturus.

362 663 549 722 ϐάλλει
581 672 659 740 τῷ
692 667 889 745 Κυρίῳ,
934 663 1128 735 ἡδονῆς
1179 667 1269 721 καὶ
1333 664 1506 732 λύπης
1542 683 1556 697 ⁸
1606 668 1693 722 καὶ
1770 666 1869 744 γὰρ
1924 661 2217 744 προσέϐαλε
2278 671 2355 737 τῷ
2414 668 2582 742 Κυρίῳ
2638 664 2722 722 διὰ
2781 665 2996 741 ἡδονῆς,
3045 666 3223 747 ὥσπερ
3268 668 3352 725 ἐπὶ
3396 678 3485 728 τοῦ
3541 672 3691 752 ὄρους
3740 694 3754 708 ’

363 755 569 823 ἀπέστη
600 754 646 811 δ’
677 753 771 812 ἀπ’
804 755 985 830 αὒτοῦ,
1019 754 1150 836 ἄχρι
1194 762 1406 836 καιροῦ,
1434 758 1700 814 τουτέστιν
1732 754 1861 834 ἄχρι
1892 762 1984 811 τοῦ
2012 755 2200 831 καιροῦ
2244 760 2336 809 τοῦ
2367 764 2588 834 σταυροῦ
2621 771 2634 785 ⁸
2669 756 2789 812 τότε
2819 758 2919 836 γὰρ
2949 754 3271 835 προσϐαλεῖν
3297 761 3440 835 αὖτῷ
3469 758 3553 817 διὰ
3583 759 3755 830 λύπης

366 843 611 913 ἔμελλεν.
1704 906 1713 913 .

464 866 611 907 ΑΛεν.
1704 906 1713 913 .

393 866 481 986 {ut
540 934 637 992 Καὶ
697 932 857 1002 ἦλθεν
902 934 975 999 εἷς
1037 933 1136 1003 τὴν
1188 934 1452 1014 Ναζαρὲτ,
1496 934 1557 992 οὗ
1599 934 1665 1002 ἦν
1721 931 2022 1011 τεθραμμέ-

370 1046 480 1103 νος,
544 1025 632 1080 καὶ
698 1023 906 1092 εἰσῆλθε
963 1024 1101 1080 κατά
1141 1025 1203 1082 τὸ
1247 1026 1431 1088 εἰωθὸς
1479 1026 1621 1099 αὐτῷ
1668 1024 1722 1080 ἓν
1752 1030 1821 1100 τῇ
1853 1023 2026 1101 ἡμέρᾳ

364 1120 473 1170 τῶν
531 1110 845 1185 Σαϐϐάτων,
937 1115 1010 1177 εἰς
1093 1114 1192 1181 τὴν
1262 1115 1617 1194 Συναγωγὴν,
1672 1115 1759 1170 καὶ
1829 1112 2025 1179 ἀνέστη

330 1196 687 1283 ἀναγνῶναι,
744 1205 833 1260 καὶ
890 1201 1116 1270 ἐπεδόθη
1174 1204 1318 1278 αὑτῷ
1387 1200 1596 1280 βιϐλίον
1654 1195 1877 1260 Ἠσαίου
1935 1209 2029 1259 τοῦ

366 1296 639 1374 προφήτου
674 1311 687 1324 ⁸
747 1294 838 1351 καὶ
894 1292 1193 1358 ἀναπτύξας
1248 1295 1311 1349 τὸ
1361 1290 1589 1373 βιϐλίον,
1642 1296 1754 1371 εὗρε
1791 1294 1883 1349 τὸν
1925 1293 2024 1348 τό-

363 1406 464 1440 πον
519 1392 579 1441 οῦ
620 1383 685 1451 ἦν
742 1382 1112 1462 γεγραμμένον
1146 1398 1159 1412 ⁸
1236 1388 1450 1457 Πνεῦμα
1506 1383 1698 1463 Κυρίου
1754 1381 1842 1438 ἐπ’
1900 1381 2019 1457 ἐμὲ,

365 1475 428 1531 οὗ
482 1474 660 1530 ἕνεκεν
703 1473 889 1553 ’ἑχρισέ
951 1494 1041 1549 με,
1102 1470 1541 1551 εὐαγγελίσασθαι
1604 1485 1856 1552 πτωχοῖς
1911 1471 2020 1529 ἀπ-

2189 928 2369 993 Vens.
2407 932 2613 995 16-21.
2653 958 2678 988 α
2715 933 2789 995 Et
2816 933 2980 997 venit
3008 935 3322 1017 Nazareth,
3370 935 3471 999 ubi
3502 945 3631 1000 erat
3651 958 3757 1001 nu-

2107 1019 2278 1080 tritus
2305 1042 2317 1078 :
2354 1031 2412 1082 et
2438 1023 2671 1084 intravit
2699 1023 3029 1085 secundum
3062 1025 3559 1089 consuetudinem
3586 1046 3753 1089 suam

2108 1111 2207 1172 die
2238 1112 2625 1175 Sabbatorum
2652 1114 2713 1175 iu
2741 1112 3204 1195 Synagogam,et
3224 1119 3478 1181 surrexit
3499 1126 3563 1182 ut
3585 1120 3754 1198 lege-

2109 1209 2224 1263 ret.
2261 1203 2330 1263 Et
2360 1203 2607 1265 traditus
2638 1213 2729 1266 est
2756 1204 2844 1265 illi
2866 1204 3021 1267 liber
3042 1206 3207 1268 Isaia;
3231 1208 3578 1288 prophetae:
3614 1221 3676 1272 et
3695 1218 3761 1272 ut

2110 1289 2397 1379 explicuit
2431 1293 2672 1375 librum,
2699 1294 2921 1355 invenit
2943 1294 3140 1357 locum
3162 1296 3262 1358 ubi
3283 1297 3570 1379 scriptum
3597 1309 3755 1363 erat:

2107 1377 2366 1460 Spiritus
2410 1381 2646 1445 Domini
2678 1401 2861 1464 super
2892 1402 3010 1460 me,
3049 1393 3365 1466 propterea
3405 1377 3564 1469 quod
3599 1389 3762 1451 unxit

2109 1487 2231 1549 me,
2263 1469 2335 1531 ad
2378 1471 2902 1549 evangelizandum
2937 1473 3296 1554 pauperibus
3346 1475 3509 1538 misit
3544 1496 3662 1553 me,
3697 1486 3762 1539 ut

365 1564 589 1623 έσταλκέ
644 1585 711 1638 με
747 1580 760 1594 ⁸
794 1564 1035 1620 ἰάσασθαι
1089 1563 1214 1627 τοὺς
1246 1562 1723 1642 συντετριμμένους
1755 1563 1852 1629 τὴν
1896 1584 2023 1641 καρ-

2118 1577 2308 1621 sanem
2324 1561 2609 1622 contritos
2632 1561 2836 1636 corde,
2866 1570 2929 1623 ut
2952 1562 3267 1642 praedicem
3291 1564 3540 1645 captivis
3554 1568 3764 1629 remis—

363 1656 475 1713 δίαν
514 1674 527 1684 ⁹

364 1745 657 1822 ἀνάϐλεψιν
691 1763 706 1778 ⁸
781 1742 1101 1801 ἀποστεῖλαι
1186 1743 1600 1819 τεθραυσμένους
1678 1742 1733 1798 ἐν
1789 1742 1969 1822 ἀφέσει
2008 1758 2022 1772 ⁸

359 1836 580 1915 κηρύξαι
662 1835 897 1892 ἐνιαυτὸν
985 1833 1170 1912 Κυρίου
1253 1830 1457 1893 δεκτόν,
1518 1834 1616 1891 Καὶ
1684 1830 1878 1898 πτύξας
1965 1834 2029 1889 τὸ

364 1924 591 2005 βιϐλίον,
648 1923 877 1988 ἀποδοὺς
923 1928 1000 1997 τῷ
1054 1922 1319 2002 ὑπηρέτῃ,
1377 1920 1586 1978 ἐκάθισε
1623 1937 1638 1952 ⁸
1684 1922 1774 1977 καὶ
1814 1920 2028 1977 πάντων

344 2019 415 2085 ,οἱ
458 2014 720 2096 ὁιγθαλμοὶ
771 2014 826 2071 ἒν
879 2019 952 2090 τῇ
1006 2017 1308 2092 Συναγωγῇ
1337 2015 1475 2080 ἦσαν
1505 2011 1826 2083 ἀτενίζοντες
1860 2014 2023 2085 αὐτῷ.

366 2106 621 2178 ’¹Ηρξατο
649 2105 705 2161 δὲ
738 2103 919 2184 λέγειν
959 2104 1090 2182 πρὸς
1123 2102 1337 2182 αὐτοὺς,
1384 2101 1465 2158 ὅτι
1523 2102 1772 2181 Σήμερον
1806 2098 2026 2170 πεπλή-

368 2219 530 2278 ρωται
575 2198 610 2265 ἡ
643 2194 827 2273 Γραφή
854 2192 988 2260 αὕτη
1019 2193 1072 2249 ἐν
1101 2204 1220 2255 τοῖς
1271 2193 1399 2248 ὠσὶν
1442 2192 1616 2267 ὑμῶν.
1653 2214 1680 2245 ι
1742 2187 2030 2247 Ἠϐούλετο

366 2288 466 2363 μὲν
510 2288 538 2342 6
572 2285 757 2363 Κύριος
802 2282 1013 2362 ἐμφανῆ
1068 2282 1256 2340 ἑαυτὸν
1300 2281 1629 2346 ιιαταστῆσαι
1672 2292 1792 2343 τοῖς
1849 2278 2028 2357 Ἰσρα-

367 2376 605 2454 ηλίταις,
667 2374 757 2430 καὶ
798 2372 878 2428 ὅτι
926 2372 1069 2446 παρά
1110 2377 1202 2427 τοῦ
1246 2376 1378 2427 Θεοῦ
1426 2371 1517 2426 καὶ
1570 2370 1774 2449 Πατρὸς
1804 2368 2029 2448 ἐχρίσθη

348 2469 445 2530 ¹εἷς
490 2466 552 2522 τὸ
595 2470 767 2521 σῶσαι
829 2462 947 2525 τοὺς
992 2459 1077 2517 ὑπ’
1153 2459 1397 2539 οὖρανόν.
1459 2458 1777 2535 ἲαυμασίως
1831 2456 1887 2513 δὲ
1938 2458 2027 2512 καὶ

365 2563 523 2613 τοῦτο
578 2556 880 2628 οἰκονομεῖ,
956 2551 1065 2629 Πρὸ
1121 2556 1229 2606 τῶν
1288 2546 1464 2605 ἄλλων
1521 2562 1640 2612 τοῖς
1696 2547 1751 2603 ὲν
1797 2547 2033 2627 Ναζαρὲτ

369 2648 558 2704 ἑαυτὸν
618 2644 940 2724 ἐμφανίζων,
988 2640 1077 2703 οἷς
1141 2640 1505 2719 συνανετράιρη
1540 2657 1555 2673 ⁸
1612 2638 1708 2694 ’ίνα
1749 2639 1837 2694 καὶ
1887 2639 2031 2713 ἡμᾶς

367 2736 570 2813 διδάξῃ,
617 2734 872 2812 πρότερον
915 2730 1037 2795 τοὺς
1079 2729 1301 2793 οἰκείους
1375 2728 1697 2808 εὐεργετεῖν,
1759 2728 1849 2784 καὶ
1903 2727 2029 2783 τού-

367 2849 489 2891 τους
522 2821 871 2897 ἐκδιδάσκειν,
919 2824 1041 2877 εἶτα
1083 2821 1171 2876 καὶ
1215 2821 1289 2883 εἷς
1346 2819 1468 2883 τοὺς
1518 2816 1739 2882 λοιποὺς
1770 2817 1871 2885 τὴν
1902 2822 2030 2897 φιλ-

372 2917 667 2996 ανθρωπίαν
765 2911 998 2993 ἐκχέειν.
1104 2907 1387 2967 Ἐπιδοθὲν
1470 2908 1525 2964 δὲ
1609 2912 1752 2980 αὐτῷ
1832 2903 2034 2996 βιϐλίον

615 1652 835 1733 κηρύξαι
921 1651 1293 1733 αἰχμαλώτοις
1382 1650 1592 1732 ἄφεσιν,
1653 1652 1742 1709 καὶ
1795 1650 2018 1731 τυφλοῖς

2118 1647 2355 1729 sionem,
2377 1654 2632 1713 etcaecis
2654 1651 2867 1726 visum,
2900 1660 2965 1712 ut
2992 1653 3257 1717 emittam
3293 1655 3625 1717 confractos
3657 1674 3765 1737 per

2110 1737 2527 1801 remissionem
2540 1748 2623 1815 ,ut
2637 1740 2953 1821 praedicem
2971 1744 3762 1826 aunumDominiacceptum

2111 1826 2186 1889 Et
2216 1828 2569 1909 complicato
2602 1828 2752 1891 libro
2792 1829 3055 1892 reddidit
3085 1831 3382 1906 ministro,
3416 1852 3484 1895 ac
3513 1834 3762 1901 resedit.

2111 1914 2179 1976 Et
2209 1917 2475 1978 omnium
2509 1917 2571 1978 in
2603 1919 2911 1999 Synagoga
2938 1920 3093 1982 oculi
3125 1928 3295 1983 erant
3323 1923 3575 1985 deﬁxiin
3598 1942 3759 1985 eum.

2112 2006 2300 2087 C(epit
2319 2016 2516 2069 autem
2542 2007 2747 2070 dicere
2761 2008 2832 2069 ad
2853 2009 3023 2072 illos:
3053 2007 3243 2072 Hodie
3266 2010 3509 2092 impleta
3530 2023 3620 2075 est
3637 2014 3765 2076 haec

2112 2097 2415 2175 Scriptura
2466 2097 2526 2158 in
2579 2097 2829 2160 auribus
2870 2100 3101 2163 vestris.
3136 2125 3162 2155 ι
3222 2099 3467 2163 Volebat
3518 2102 3762 2183 quidem

2112 2186 2285 2247 Jesus
2318 2186 2695 2248 manifestum
2727 2206 2791 2249 se
2828 2186 3085 2249 reddere
3117 2186 3423 2264 lsraelitis,
3457 2200 3516 2252 et
3545 2193 3702 2273 quod
3731 2211 3767 2254 ι

2115 2276 2239 2336 Deo
2270 2293 2338 2335 ac
2368 2277 2541 2338 Patre
2565 2287 2780 2338 unctus
2802 2276 2877 2337 sit
2900 2285 2961 2338 ut
2984 2278 3168 2340 salvet
3197 2297 3302 2341 eos
3341 2280 3442 2361 qui
3473 2279 3583 2341 sub
3613 2281 3765 2344 ccelo

2114 2376 2271 2427 sunt.
2292 2370 2437 2428 Cum
2462 2386 2669 2447 magna
2687 2368 3082 2431 admiratione
3101 2379 3160 2431 et
3191 2372 3302 2434 hoc
3328 2372 3609 2449 agitJ’raa
3633 2373 3768 2435 aliis

2113 2465 2311 2518 autem
2344 2476 2408 2518 se
2453 2455 2774 2519 Nazarenis
2817 2477 2951 2519 cum
3004 2460 3219 2539 quibus
3277 2461 3766 2539 conversabatur,

2118 2546 2495 2609 manifestat:
2530 2556 2593 2608 ut
2626 2555 2684 2609 et
2717 2566 2823 2608 nos
2861 2547 3094 2624 doceat,
3128 2550 3386 2630 primum
3420 2558 3480 2613 et
3510 2553 3769 2633 propriis

2118 2636 2493 2718 benefacere,
2538 2646 2714 2719 atque
2743 2637 2878 2700 illos
2910 2636 3156 2713 docere,
3190 2648 3249 2701 et
3294 2649 3497 2721 postea
3527 2642 3586 2703 in
3616 2642 3767 2705 alios

2114 2746 2350 2808 quoque
2383 2727 2809 2807 benignitatem
2834 2728 3269 2791 transfundere.
3295 2728 3480 2793 Porro
3502 2730 3767 2794 oblatum

2115 2815 2228 2877 sibi
2266 2816 2482 2877 librum
2524 2816 2780 2897 aperuit,
2812 2836 2882 2879 ac
2905 2817 3150 2893 invenit,
3177 2836 3295 2880 non
3320 2820 3476 2901 quod
3499 2818 3651 2882 forte
3669 2840 3767 2882 oc-

2116 2905 2474 2986 currit,500
2495 2905 2600 2967 sed
2625 2906 2780 2986 quod
2812 2906 2939 2987 ipse
2962 2906 3263 2970 voluit.Ne
3283 2910 3441 2969 enim
3462 2910 3768 2972 existimes

377 2994 645 3079 ἀνέπτυξε,
710 3005 797 3061 καὶ
854 3006 1023 3078 εὗρεν,
1069 3003 1174 3080 οὔχ
1235 3002 1263 3056 ὃ
1292 2999 1618 3079 παρέτυχεν,
1653 2997 1773 3055 ἀλλ’
1804 2999 1831 3054 ὃ
1861 2994 2029 3064 ἠϐού-

2118 2995 2266 3057 forte
2295 3002 2503 3076 aperto
2535 2994 2685 3057 libro
2709 2996 2995 3058 incidisse
3026 3016 3165 3059 eum
3190 2997 3250 3060 in
3275 2998 3441 3060 illum
3477 2999 3673 3061 locum
3706 3001 3768 3063 in

382 3096 505 3153 λετο
562 3093 737 3160 αὐτός.
804 3093 895 3160 Μὴ
971 3093 1071 3170 γὰρ
1146 3090 1350 3164 νόμιζε,
1412 3088 1494 3145 ὅτι
1552 3090 1688 3145 κατά
1749 3086 2031 3166 συντυχίαν

377 3184 673 3251 ἀνοίξαντας
722 3186 880 3242 αὐτοῦ
907 3184 969 3239 τὸ
999 3179 1224 3258 βιϐλίον,
1272 3178 1458 3260 εὑρέθη
1511 3181 1539 3236 6
1590 3179 1753 3242 τόπος
1799 3177 2029 3249 ἐκεῖνος,

375 3276 435 3334 οὗ
488 3274 784 3354 ἐγέγραπτο
836 3272 905 3329 τὰ
955 3272 1073 3350 περὶ
1130 3272 1288 3329 αὐτοῦ
1319 3285 1333 3301 ⁸
1369 3266 1490 3354 ἀλλ’
1523 3270 1680 3326 αὐτοῦ
1708 3266 2030 3337 θελήσαντος

372 3350 792 3444 τοῦτοέγ-ένετο,
826 3364 885 3421 Τί
914 3360 970 3417 δὲ
1004 3360 1301 3441 ἐγέγραπτο
1335 3378 1351 3439 ;
1416 3350 1451 3386 ”
1460 3368 1555 3417 Οτι
1604 3364 1812 3432 πνεῦμα
1846 3354 2034 3433 Κυρίου

348 3455 558 3537 ίέχρισέ
588 3475 680 3533 με,
727 3451 1019 3525 τουτέστιν,
1067 3448 1331 3529 ἀφιέρωσέ
1389 3471 1482 3518 με.
1519 3445 1828 3537 Κατέστησέ
1859 3466 1925 3537 με
1958 3445 2031 3506 είς

371 3534 441 3603 τδ
478 3542 916 3623 εὒαγγελίσασθαι
961 3553 1080 3603 τοῖς
1124 3550 1407 3619 πτωχοῖς,
1466 3535 1704 3595 τουτέστι
1732 3538 1852 3598 τοῖς
1884 3534 2032 3623 ἔθνε-

372 3659 483 3717 σιν,
544 3622 597 3690 a’
628 3622 753 3691 οὕτε
814 3630 997 3706 νόμον,
1062 3632 1178 3687 οὔτε
1238 3630 1515 3709 προφήτας
1560 3626 1787 3708 ἔχοντα,
1817 3632 1895 3699 τῷ
1924 3622 2035 3680 ὄντι

375 3727 431 3783 ἐν
470 3715 655 3801 πολλῇ
696 3722 941 3801 πτωχείᾳ
983 3723 1122 3791 ἦσαν
1156 3737 1171 3753 ⁸
1218 3721 1266 3777 οἱ
1328 3717 1383 3775 δὲ
1441 3715 1876 3797 συντετριμμένοι
1935 3716 2036 3780 τὴν

373 3816 615 3893 γαρδίαν,
669 3814 810 3882 ἦσαν
880 3814 1027 3893 τάχα
1084 3812 1132 3867 οἱ
1217 3808 1269 3875 ἐξ
1351 3806 1595 3889 Ἰσραὴλ,
1655 3809 1730 3863 ὦν
1800 3807 1835 3874 ἡ
1904 3824 2036 3882 καρ-

375 3907 459 3964 δία
518 3905 774 3984 πρότερον
844 3900 1058 3980 μεγάλη
1128 3921 1187 3958 τε
1232 3900 1298 3967 ἧν
1341 3900 1429 3955 καὶ
1485 3895 1696 3977 ὑψηλὴ,
1742 3898 1830 3952 καὶ
1883 3895 2038 3960 οἶκος

378 4002 531 4058 Θεοῦ,
591 3984 858 4073 ’Ὕστερον
891 3989 947 4048 δὲ
1005 3987 1609 4069 εἰδωλολατρησάντων,
1658 3988 1745 4042 καὶ
1775 3984 2038 4065 διαφόρως

377 4085 753 4167 ἀμαρτόντων,
812 4077 1088 4157 συνετρίϐη
1170 4080 1206 4147 ἡ
1278 4076 1465 4156 καρδία
1518 4075 1717 4167 αὒτῶν,
1770 4075 2037 4167 καὶΛκατ-

380 4162 564 4248 ελύθη,
598 4174 714 4229 ἀντὶ
739 4162 849 4231 τοῦ
892 4175 1043 4235 οἶκος
1088 4168 1232 4225 εἶναι
1292 4174 1446 4247 Θεοῦ,
1481 4166 1744 4245 γενομένη
1773 4162 2039 4233 σπήλαιον

380 4264 617 4341 λῃστῶν,
674 4257 860 4319 Ἦλθεν
890 4259 983 4318 οὖν
1028 4261 1056 4315 6
1107 4256 1326 4337 Κύριος,
1380 4256 1473 4312 ’ίνα
1514 4256 1604 4312 καὶ
1633 4255 1847 4315 τούτους
1876 4253 2039 4341 ἰάση-

377 4340 487 4433 ται,
547 4354 636 4410 καὶ
692 4364 813 4417 τοῖς
870 4348 1244 4430 αἰχμαλώτοις
1297 4344 1351 4402 δὲ
1405 4342 1614 4424 ἄφεσιν,
1662 4346 1752 4433 καὶ
1802 4340 2039 4433 ,τυφλοῖς

379 4430 672 4518 ἀνάϐλεψιν
700 4439 796 4515 δῷ,
842 4453 963 4503 τοῖς
993 4459 1052 4496 τε
1082 4435 1134 4504 ἐξ
1179 4436 1342 4493 ἒθνῶν
1370 4435 1459 4492 καὶ
1514 4446 1634 4495 τοῖς
1686 4432 1737 4499 ἐξ
1797 4430 2033 4510 Ἰσραήλ.

385 4535 689 4613 Ἀμφοτερα
731 4531 832 4610 γὰρ
887 4534 1055 4586 ταῦτα
1096 4528 1164 4584 τὰ
1218 4526 1357 4605 μέρη
1413 4524 1523 4613 καὶ,
1552 4521 1875 4613 αἰχμάλωτα
1905 4522 2042 4587 ἦσαν

386 4609 637 4680 ὕπὸ-τὸν
695 4609 964 4691 Σατανᾶν,
1038 4616 1127 4675 καὶ
1183 4614 1379 4696 τυφλά.
1458 4612 1716 4669 Δύνανται
1774 4609 1828 4666 δὲ
1878 4616 2043 4666 ταῦτα

379 4715 634 4781 νοηθῆναι
699 4710 787 4765 καὶ
830 4708 945 4787 περὶ
1006 4711 1109 4762 νῶν
1168 4711 1369 4785 νεκρῶν
1398 4719 1412 4733 ⁸
1460 4703 1549 4760 καὶ
1580 4704 1722 4760 οῦτοι
1765 4701 1865 4779 γὰρ
1909 4700 2041 4778 αἰχ-

382 4801 622 4878 μάλωτοι
680 4798 827 4862 ὄντες
918 4801 1006 4854 καὶ
1087 4793 1488 4876 τεθραυσμένοι,
1550 4789 1889 4857 ἀπελύθησαν
1946 4790 2040 4878 τῆς

383 4876 478 4949 τοῦ
531 4889 655 4963 ᾅδου
699 4888 933 4955 ἔξουσίας
985 4885 1070 4943 διὰ
1130 4889 1230 4953 τῆς
1292 4884 1633 4946 ἀναστάσεως
1669 4898 1683 4912 ⁸
1731 4878 1947 4959 ἐκήρυξε
1989 4876 2043 4934 δὲ

383 4984 470 5039 καὶ
526 4982 766 5038 ἐνιαυτὸν
797 4977 1003 5037 δεοιτόν.
1053 4978 1142 5041 Τίς
1196 4975 1251 5033 δὲ
1307 4977 1377 5043 ἦν
1407 4976 1436 5031 6
1466 4973 1702 5034 ἐνιαυτὸς
1740 4972 1768 5026 ὀ
1811 4968 1991 5034 δεκτός
2027 4988 2043 5049 ς

384 5074 538 5154 Τάχα
584 5073 682 5149 μὲν
739 5072 830 5128 καὶ
888 5070 917 5126 6
989 5066 1202 5144 μέλλων
1258 5066 1412 5139 αἰὼν,
1475 5064 1594 5154 περὶ
1639 5067 1699 5154 οῦ
1742 5058 2047 5154 έκήρυξενδ

386 5147 600 5242 ne}...
657 5160 882 5239 λέγων’
919 5156 1010 5215 ἐν
1056 5156 1233 5234 εκείνη
1262 5156 1360 5223 τὴν
1409 5152 1585 5242 ἡμέραν
1752 5147 2048 5242 iam“?

385 5237 474 5328 με,
508 5248 679 5313 οὒδέν.
737 5237 845 5311 Καὶ
903 5246 1064 5306 πάλιν
1097 5262 1112 5277 ⁸
1162 5244 1444 5326 ’Ἔρχεται
1487 5241 1600 5321 ὥρα
1650 5237 1737 5296 ὅτε
1771 5239 1818 5328 οἱ
1876 5240 2048 5317 νεκροὶ

383 5326 797 5412 ἀναστήσονται.
860 5339 1058 5401 Δεκτὸς
1089 5336 1146 5393 δέ
1226 5336 1370 5392 ἐστιν
1427 5333 1635 5397 ἐκεῖνος
1694 5331 1722 5385 6
1785 5326 2045 5402 ἐνιαυτὸς,

381 5432 678 5511 τουτέστιν,
742 5430 1076 5504 ἒπιθυμητὸς
1132 5440 1251 5490 τοῖς
1314 5423 1532 5486 δικαίοις
1576 5422 1664 5511 καί⁵
1704 5418 1991 5511 ἐπέραστος
2029 5433 2042 5447 ⁸

382 5523 442 5579 ὃν
498 5508 893 5600 προσδέχονται
953 5518 1149 5582 πάντες
1229 5518 1277 5573 oi
1350 5515 1568 5573 ἐνταῦθα
1641 5508 2042 5589 ἔργαζόμενοιο·

458 5682 527 5733 9⁸
556 5684 611 5747 ΙΙ
646 5680 783 5747 Cor.
818 5696 901 5757 νι,
933 5680 996 5745 2.

2116 3104 2233 3165 quo
2260 3089 2387 3147 haec
2417 3085 2493 3146 de
2517 3084 2646 3165 ipso
2678 3084 2901 3165 scripta
2930 3093 3131 3148 erant:
3167 3106 3302 3149 nam
3358 3087 3486 3169 ipso
3533 3089 3772 3152 volente

2116 3174 2232 3235 hoc
2260 3173 2497 3237 accidit.
2534 3172 2684 3246 Quid
2726 3183 2923 3235 autem
2967 3175 3255 3256 scriptum
3288 3178 3462 3239 erat?
3512 3175 3771 3258 Spiritus

2119 3261 2353 3326 Domini
2390 3262 2556 3325 unxit
2588 3281 2705 3339 me,
2727 3263 2840 3324 hoc
2861 3274 2977 3345 est,
2999 3266 3371 3327 consecravit
3393 3285 3513 3343 me,
3550 3267 3771 3330 consti-

2118 3354 2225 3415 tuit
2248 3372 2365 3427 me,
2395 3361 2459 3414 ut
2479 3353 2946 3433 evangelizarem
2973 3355 3356 3436 pauperibus,
3382 3357 3494 3419 hoc
3513 3366 3773 3438 est,gen-

2120 3445 2274 3506 tibus
2294 3462 2425 3524 quae
2439 3462 2635 3524 neque
2656 3443 2869 3523 legem,
2894 3462 3089 3526 neque
3104 3445 3422 3526 prophetas
3444 3448 3767 3529 habebant,

2119 3543 2177 3596 et
2204 3552 2415 3595 revera
2474 3535 2644 3596 valde
2700 3552 2996 3615 pauperes
3040 3545 3231 3600 erant.
3269 3537 3523 3599 Contriti
3570 3545 3768 3601 autem

2120 3624 2301 3686 corde
2331 3624 2597 3686 fortassis
2617 3624 2855 3687 fuerunt
2874 3625 3176 3707 Israelita),
3203 3644 3454 3707 quorum
3478 3645 3583 3688 cor
3608 3627 3772 3709 prius

2122 3714 2230 3775 fuit
2259 3732 2534 3793 magnum
2570 3722 2628 3775 et
2657 3713 2937 3789 sublime,
2965 3723 3023 3777 et
3044 3715 3259 3777 domus
3280 3715 3412 3779 Dei.
3441 3718 3649 3781 Postea
3671 3735 3773 3779 au-

2126 3814 2246 3867 tem
2279 3803 2380 3865 ubi
2412 3822 2623 3866 vacare
2674 3813 2983 3885 coeperunt
3032 3804 3229 3879 idolis,
3279 3814 3337 3867 et
3369 3806 3547 3867 variis
3580 3806 3775 3868 modis

2126 3899 2468 3973 peccarunt,
2490 3891 2809 3953 contritum
2830 3892 3265 3955 etdestructum
3285 3903 3374 3956 est
3388 3913 3493 3957 cor
3509 3895 3772 3972 illorum,

2124 3982 2238 4043 hoc
2268 3989 2379 4057 est,
2417 3982 2629 4044 domus
2660 3980 2763 4044 Dei
2806 3982 2963 4046 faota
2992 3992 3082 4045 est
3121 3984 3412 4065 spelunca
3449 3984 3772 4049 latronum.

2126 4072 2304 4134 Venit
2329 4070 2512 4151 igitur
2539 4072 2825 4134 Dominus
2846 4082 2910 4134 ut
2932 4081 2991 4135 et
3022 4072 3158 4135 illos
3179 4084 3507 4148 sanaret,et
3528 4076 3777 4157 captivis

2124 4162 2543 4224 remissionem
2576 4162 2763 4238 daret,
2802 4170 2860 4223 et
2890 4162 3066 4224 caecis
3093 4164 3304 4234 visum.
3341 4165 3453 4227 hoc
3486 4174 3575 4227 est
3595 4165 3783 4245 genti-

2124 4251 2235 4312 bus
2257 4260 2313 4312 et
2332 4250 2555 4313 Iudaeis
2584 4250 2777 4313 Ambo
2791 4251 2951 4313 enim
2971 4253 3057 4315 illi
3076 4254 3278 4335 populi
3299 4263 3356 4315 et
3372 4255 3583 4334 captivi
3609 4264 3780 4317 erant

2064 4314 2234 4403 Dsub
2265 4339 2502 4422 Satana,
2536 4359 2605 4403 ac
2656 4340 2823 4405 caaci.
2880 4314 3664 4406 Possuntlautemvlim—cet—
3701 4344 3779 4407 de

2127 4430 2378 4492 mortuis
2423 4429 2691 4509 intelligi.
2727 4429 2914 4494 Erant
2963 4431 3120 4493 edim
3156 4443 3214 4494 et
3245 4433 3331 4494 illi
3362 4434 3570 4513 captivi
3601 4442 3781 4515 atque

2124 4519 2334 4597 saucii,
2370 4520 2723 4601 liberalique
2754 4530 2891 4582 sunt
2913 4540 2946 4583 a
2979 4530 3265 4601 potestate
3298 4523 3515 4585 inferni
3550 4541 3658 4605 per
3686 4519 3777 4585 re-

2126 4610 2577 4673 surrectionem.
2609 4609 2948 4671 l’raadicavit
2967 4611 3110 4672 item
3125 4620 3182 4672 et
3203 4630 3423 4673 annum
3443 4619 3776 4692 acceptum.

2128 4698 2272 4772 Quis
2300 4709 2499 4762 autem
2553 4699 2659 4761 fuit
2718 4717 2914 4762 annus
2963 4700 3063 4762 ille
3107 4700 3441 4781 acceptus?
3488 4700 3780 4765 Fortassis

2129 4790 2410 4852 saeculum
2442 4789 2730 4870 futurum,
2763 4790 2836 4850 de
2874 4809 2992 4871 quo
3016 4790 3353 4873 praedicavit
3374 4790 3663 4854 Dominus
3691 4791 3781 4853 di-

2130 4898 2273 4955 cens
2300 4900 2315 4941 :
2349 4877 2415 4941 In
2447 4879 2544 4941 die
2571 4879 2673 4941 illa
2692 4898 2811 4941 non
2846 4878 3288 4958 interrogabitis
3310 4898 3404 4942 me
3430 4880 3776 4963 quidquam.

2131 4971 2205 5033 Et
2234 4971 2451 5032 iterum
2488 4989 2502 5029 :
2538 4966 2713 5031 Venit
2747 4969 2892 5031 liora
2923 4971 3159 5051 quando
3192 4969 3409 5031 mortui
3440 4979 3778 5050 resurgent.

2130 5061 2427 5141 Acceptus
2458 5067 2654 5119 autem
2690 5066 2781 5121 est
2826 5058 2927 5121 ille
2955 5078 3172 5134 annus,
3205 5059 3318 5120 hoc
3348 5069 3436 5121 est
3467 5060 3780 5122 desidera-

2132 5149 2292 5223 bilis,
2323 5157 2382 5211 et
2396 5147 2576 5228 justis
2604 5146 2916 5210 amabilis:
2972 5168 3148 5230 quem
3200 5158 3544 5231 exspectant
3573 5169 3782 5215 omnes

2132 5240 2235 5322 qui
2263 5239 2359 5301 hic
2387 5247 2734 5317 operantur.
2767 5239 2873 5301 Est
2901 5248 3100 5302 autem
3129 5249 3187 5303 et
3220 5249 3455 5323 tempus
3484 5241 3782 5308 Dominici

2131 5332 2418 5394 adventus
2448 5328 2509 5390 in
2547 5346 2726 5390 carne
2756 5347 2945 5391 annus
2969 5340 3251 5412 acceptus
3276 5349 3291 5394 :
3326 5331 3401 5393 de
3429 5350 3546 5413 quo
3568 5331 3786 5398 Paulus

2132 5420 2276 5484 dicit
2306 5438 2320 5479 :
2365 5442 2389 5475 ιι
2426 5420 2599 5481 Nune
2631 5428 2865 5501 tempus
2907 5430 2997 5482 est
3029 5420 3417 5503 acceptabile,
3462 5442 3619 5485 nunc
3655 5424 3786 5487 dies

2132 5508 2437 5575 salutis”.
2478 5533 2501 5567 ι
2563 5513 2746 5573 Porro
2803 5509 2904 5573 ubi
2954 5512 3079 5574 baac
3129 5512 3295 5595 legit,
3349 5513 3547 5577 dixit:
3595 5512 3785 5581 Hodie
