4232 6406
501 369 613 437 751

1469 368 2067 437 THEOPHYLACTI
2110 364 2524 431 BULGARLE
2566 363 2927 431 ARCHIEP.

3775 356 3902 426 752

505 509 751 591 impleta
782 518 871 570 est
901 505 1198 588 scriptura
1226 507 1352 568 haec
1396 506 1455 567 in
1493 505 1735 568 auribus
1762 505 1996 587 vestris,
2033 523 2154 567 ma-

2239 500 2348 559 ἕστι
2406 501 2460 559 δὲ
2504 504 2591 559 καὶ
2649 507 2676 559 ὸ
2728 502 2826 571 τῆς
2886 501 2976 559 τοῧ
3032 501 3218 579 Κυρίου
3279 500 3335 557 iv
3389 501 3541 575 σαρκὶ
3614 497 3899 576 ἐπιδημίας

506 599 718 661 nifeste
747 616 813 659 se
840 595 1221 659 audientibus
1268 596 1715 672 commendans,
1764 597 1900 677 quia
1929 596 2058 677 ipse
2087 595 2164 655 sit

508 689 583 751 de
612 706 730 769 quo
763 688 889 749 haec
919 685 1140 765 scripta
1167 686 1408 748 fuerint.

2246 594 2429 673 καιρὸς
2503 593 2740 657 ἐνιαυτὸς
2801 591 2983 655 δεκτός
3018 607 3032 622 ⁸
3083 592 3207 669 Περὶ
3271 600 3332 650 οὖ
3385 593 3413 647 ὁ
3457 588 3660 655 Παῦλος
3704 586 3903 669 λέγει·

2252 706 2275 740 ε
2329 692 2431 742 Νῦν
2488 684 2668 762 καιρὸς
2701 679 3083 762 εὖπρόσδεκτος
3118 697 3133 711 ⁸
3182 688 3272 738 νῦν
3312 680 3488 760 τημέρα
3535 681 3822 758 σωτηρίας.
3875 704 3900 736 ιι

506 778 789 855 Ἀναγνοὺς
817 774 871 831 δὲ
899 775 1085 849 ταῦτα,
1126 775 1277 854 ε’ίπε,
1310 775 1553 851 Σήμερον
1586 775 1932 847 πεπλήρωται
1960 776 1994 843 ἡ
2026 775 2208 853 Γραφὴ
2238 771 2372 840 αὕτη
2402 774 2459 828 iv
2487 784 2603 837 τοῖς
2627 772 2753 830 ὠσὶν
2782 773 2954 849 ὑμῶν,
2988 777 3229 852 φανερῶς
3264 771 3451 826 ἑαυτὸν
3474 772 3744 848 παριστῶν
3773 783 3896 835 τοῖς

504 868 803 946 ἀκούωσιν,
835 864 913 921 ὅτι
944 865 1100 930 αὐτός
1144 864 1256 922 ἐστι
1284 866 1402 943 περὶ
1433 865 1493 920 οὗ
1522 872 1685 922 ταῦτα
1730 866 2056 945 γέγραπται.

585 954 771 1019 Vens.
795 954 1051 1017 22-304
1078 951 1150 1014 Et
1173 970 1386 1014 omnes
1405 954 1814 1015 testimonium
1838 952 1923 1014 illi
1945 952 2163 1015 dabant

502 1063 572 1108 ac
602 1042 972 1107 mirabantur
1001 1060 1185 1123 super
1223 1044 1407 1121 gratia
1436 1061 1778 1105 sermonum
1811 1042 1913 1124 qui
1947 1060 2159 1123 proce-

502 1132 724 1198 debant
754 1153 823 1196 ex
857 1150 961 1194 ore
992 1132 1207 1213 ipsius,
1237 1131 1669 1212 dicebantque:
1707 1131 1915 1193 Nonne
1944 1132 2039 1193 hic
2069 1137 2162 1195 est

502 1224 659 1287 ﬁlius
679 1220 934 1303 Joseph?
956 1222 1028 1283 Et
1049 1221 1129 1282 ait
1146 1220 1296 1282 illis:
1323 1219 1581 1283 Omnino
1605 1221 1815 1284 dicetis
1841 1220 1985 1283 mihi
2008 1223 2161 1283 hanc

503 1312 987 1387 similitudinem,
1013 1310 1273 1391 Medice,
1302 1330 1446 1372 cura
1466 1311 1745 1391 teipsum.
1781 1310 2156 1392 Quaecunque

500 1404 836 1468 audivimus
864 1401 1017 1463 facta
1045 1400 1107 1461 in
1139 1401 1637 1480 Capernaum,fac
1670 1409 1729 1462 et
1762 1400 1858 1461 hic
1887 1402 1949 1463 in
1968 1401 2158 1481 patria

2328 974 2357 1007 α
2419 955 2519 1012 Καὶ
2560 953 2754 1016 πάντες
2810 951 3130 1030 ὶμαρτυρουν
3203 953 3366 1026 αὖτῷ.
3447 948 3552 1011 Καὶ
3608 949 3899 1025 ἐθαύμαζον

2242 1041 2327 1098 ἐπὶ
2370 1056 2490 1107 τοῖς
2522 1042 2701 1122 λόγοις
2731 1042 2832 1108 τῆς
2885 1041 3110 1121 χάριτος
3167 1054 3288 1106 τοῖς
3345 1039 3781 1119 ἐκπορευομένοις
3837 1044 3900 1096 ὲκ

2240 1136 2333 1187 τοῦ
2388 1131 2654 1207 στόματος
2710 1133 2892 1206 αὗτοῦ,
2936 1130 3024 1186 καὶ
3069 1128 3256 1209 ἔλεγον
3291 1150 3304 1163 ⁸
3355 1130 3473 1210 Οὐχ
3514 1130 3664 1193 οὗτός
3696 1128 3837 1185 ἑστιν
3869 1132 3899 1184 δ

2240 1221 2350 1282 υἱὸς
2388 1230 2500 1293 ,τοῦ
2554 1220 2803 1302 Ἰωσὴφ;
2866 1221 2965 1277 Καὶ
3026 1220 3157 1275 οῖπε
3213 1222 3348 1297 πρὸς
3406 1220 3616 1299 αὐτοὺς,
3678 1220 3900 1283 Πάντως

2239 1309 2411 1389 ἐρεῖτέ
2456 1333 2547 1387 μοι
2605 1313 2703 1378 τὴν
2748 1306 3060 1389 παραϐολὴν
3116 1310 3342 1384 ταύτην,
3414 1308 3606 1385 Ἰατρέ,
3638 1309 3899 1386 θεράπευ-

2237 1420 2331 1455 σον
2374 1400 2595 1456 σεαυτόν
2623 1417 2639 1433 ⁸
2672 1398 2773 1455 ὅσα
2822 1398 3127 1473 ἠκούσαμεν
3174 1398 3436 1476 γενόμενα
3476 1398 3531 1453 iv
3560 1404 3629 1473 τῇ
3682 1407 3902 1477 Καπερο

500 1503 628 1557 tua.
662 1494 759 1556 Ait
788 1499 983 1554 autem
1022 1508 1036 1553 ε
1073 1492 1266 1552 Amen
1299 1490 1432 1552 dico
1455 1489 1642 1572 vobis,
1670 1511 1844 1552 nemo
1870 1492 2154 1572 propheta

2240 1489 2430 1565 ναοὺμ,
2478 1490 2703 1558 ποίησον
2766 1490 2850 1544 καὶ
2887 1486 2988 1543 ὦδε
3018 1488 3071 1544 ἒδ
3114 1494 3186 1565 τῇ
3211 1486 3420 1568 πατρίδι
3451 1510 3567 1550 σου.
3628 1488 3765 1545 Εἷπε
3817 1484 3896 1544 δέ·

501 1593 782 1666 acceptus
804 1589 894 1644 est
921 1583 981 1643 in
1016 1580 1205 1661 patria
1234 1598 1364 1643 sua.
1394 1578 1512 1643 Sed
1545 1580 1606 1641 in
1637 1582 1885 1644 veritate
1904 1581 2039 1644 dico
2056 1602 2154 1643 vo-

2241 1575 2417 1654 ’Λμὴν
2472 1578 2617 1658 λέγω
2669 1580 2821 1655 ὑμῖν,
2872 1576 2966 1666 ὅτι,
3006 1575 3172 1641 οὖδεὶς
3230 1579 3514 1666 προφήτης
3545 1575 3727 1666 δεκτός
3758 1576 3901 1634 ἔστιν

499 1673 593 1737 bis
632 1665 664 1737 τί
699 1672 899 1735 multae
928 1671 1123 1733 viduae
1154 1678 1323 1731 erant
1367 1673 1426 1732 in
1476 1670 1687 1733 diebus
1716 1670 1859 1733 Elia:
1888 1671 1949 1733 in
1976 1671 2154 1733 Israel

2240 1668 2295 1724 iv
2325 1669 2395 1737 τῇ
2451 1667 2657 1749 πατρίδι
2714 1672 2895 1728 αὒτοῦ.
2957 1665 3078 1725 Ἐπ’
3135 1667 3387 1734 ἀληθείας
3437 1665 3491 1723 δὲ
3552 1665 3698 1745 λέγω
3744 1669 3897 1743 ὑμῖν,

499 1764 735 1847 quando
758 1762 1020 1824 clausum
1040 1768 1132 1822 est
1160 1760 1383 1847 omium
1426 1762 1597 1823 annis
1637 1760 1824 1823 tribus
1848 1769 1905 1823 et
1927 1761 2154 1823 mensi-

2239 1757 2434 1847 πολλαὶ
2492 1765 2662 1840 χῆραι
2717 1763 2855 1827 ἦσαν
2913 1758 2968 1814 iv
3027 1771 3151 1821 ταῖς
3198 1758 3422 1837 ἁμέραις
3481 1756 3666 1815 Ἠλιοὺ
3711 1758 3766 1814 iv
3822 1765 3902 1834 τῷ

498 1846 612 1916 bus
643 1870 774 1933 sex,
809 1868 944 1913 cum
976 1849 1318 1927 factaesset
1341 1846 1526 1911 fames
1546 1868 1757 1930 magna
1788 1870 1895 1933 per
1916 1870 2154 1912 omnem

2239 1846 2478 1927 Ἰσραὴλ,
2541 1849 2630 1906 ὅτε
2700 1847 2944 1915 ἐκλείσθη
2997 1850 3024 1904 ὁ
3088 1850 3306 1928 οὖρανὸς
3361 1850 3447 1905 ini
3501 1847 3595 1915 ἔτη
3638 1849 3756 1928 τρία
3811 1853 3901 1905 καὶ

496 1952 717 2007 terram
745 1959 759 2005 :
796 1949 855 2003 et
882 1940 956 2003 ad
984 1938 1207 2001 nullam
1241 1937 1475 2000 illarum
1509 1941 1728 2001 missus
1757 1953 1848 2002 est
1866 1939 2023 2002 Elias
2045 1942 2154 2017 nisi

2241 1943 2418 2013 μῆνας
2469 1938 2544 2015 ἓξ,
2601 1942 2673 2003 ὡς
2729 1937 2940 2017 ὶγένετο
2996 1936 3155 2014 λιμὸς
3210 1936 3379 2015 μέγας
3418 1936 3505 1995 ἐπὶ
3568 1943 3745 1993 πᾶσαν
3798 1937 3900 2005 τὴν

496 2034 559 2095 in
582 2030 915 2114 Sarepbtha
931 2028 1176 2090 Sidonis
1199 2027 1270 2090 ad
1287 2028 1600 2090 mulierem
1623 2029 1963 2092 viduam.Et
1985 2032 2154 2100 multi

2242 2033 2371 2109 γῆν,
2418 2030 2506 2086 καὶ
2560 2031 2690 2108 πρὸς
2747 2025 2991 2102 οὐδεμίαν
3055 2027 3227 2083 αὐτῶν
3287 2024 3533 2106 ὶπέμφθη
3595 2026 3800 2104 Ἠλίας,
3857 2034 3903 2091 εἰ

494 2122 726 2206 leprosi
745 2128 914 2184 erant
932 2119 991 2180 in
1006 2118 1192 2181 Israel
1217 2116 1559 2206 subEliszeo
1584 2120 1961 2200 propheta,et
1982 2140 2154 2183 nemo

2243 2118 2323 2193 μὴ
2371 2119 2444 2182 είς
2492 2117 2743 2197 Σαραφθὰ
2790 2120 2890 2206 τῆς
2950 2114 3182 2180 Σιδῶνος
3219 2116 3350 2195 πρὸς
3402 2129 3634 2195 γυναῖκα
3692 2118 3897 2196 χήραν’

497 2204 702 2276 eorum
735 2209 1057 2273 mundatus
1079 2216 1170 2269 est
1189 2207 1305 2269 nisi
1327 2205 1586 2270 Naaman
1618 2207 1822 2289 Syrus.
1849 2209 1917 2272 Et
1944 2212 2154 2292 repleti

2241 2209 2329 2265 καὶ
2384 2205 2574 2265 πολλοὶ
2618 2204 2806 2283 λεπροί
2867 2205 3003 2273 ἦσαν
3059 2204 3145 2292 ἐπὶ
3191 2205 3496 2262 Ἐλισσαίου
3543 2215 3640 2265 τοῦ
3687 2206 3905 2285 προφή-

495 2311 634 2366 sunt
681 2317 892 2363 omnes
939 2300 998 2361 in
1052 2299 1358 2378 Synagoga
1396 2300 1504 2379 ira,
1552 2299 1677 2361 haec
1712 2291 2052 2363 audientes.
2084 2302 2154 2365 Et

2240 2318 2332 2353 του
2386 2294 2440 2352 iv
2482 2301 2561 2370 τῷ
2590 2292 2834 2375 Ἰσραὴλ,
2893 2294 2982 2350 καὶ
3034 2291 3200 2357 οὐδεὶς
3259 2295 3432 2350 αὑτῶν
3489 2292 3803 2373 ἐκαθαρίσθη
3861 2294 3905 2347 εί

494 2394 977 2469 insurrexerunt,
1028 2389 1458 2469 ejeceruntque
1504 2389 1670 2451 illum
1717 2409 1749 2452 e
1795 2391 2051 2473 civitate,
2100 2401 2154 2454 et

2241 2387 2320 2461 μὴ
2375 2386 2585 2457 Νεεμὰν
2616 2387 2643 2439 ὁ
2681 2384 2872 2462 Σύρος.
2936 2384 3033 2439 Καὶ
3091 2381 3437 2452 ἐπλήσθησαν
3489 2385 3685 2447 πάντες
3739 2387 3905 2445 θυμοῦ

497 2483 793 2545 duxerunt
822 2479 991 2540 illum
1022 2495 1210 2558 usque
1233 2476 1304 2538 ad
1322 2477 1707 2557 supercilium
1729 2472 2154 2562 montis,sUper

2242 2474 2296 2530 iv
2335 2480 2405 2551 τῇ
2448 2479 2748 2552 Συναγωγῇ
2802 2473 3124 2537 ἀκούσαντες
3166 2480 3356 2535 ταῦτα.
3421 2474 3518 2530 Καὶ
3549 2472 3899 2547 ἀναστάντες,

494 2590 671 2654 quem
706 2570 908 2632 civitas
938 2566 1179 2627 illorum
1211 2575 1339 2627 erat
1368 2567 1680 2643 aedificata,
1714 2576 1777 2629 ut
1816 2569 2154 2650 prazcipita—

492 2662 950 2739 renteum.Ipse
969 2665 1166 2718 autem
1194 2656 1498 2718 transiens
1516 2675 1623 2737 per
1640 2658 1902 2719 medium
1917 2658 2152 2721 illorum

496 2751 643 2814 ibat.
682 2771 709 2811 ι
747 2750 893 2813 Cum
950 2745 1227 2810 audirent
1282 2746 1469 2807 turba:
1525 2765 1658 2827 qua;
1712 2747 2064 2809 dicebantur
2119 2766 2153 2808 a

492 2841 767 2916 Christo,
830 2835 1279 2900 admirabantur
1333 2854 1519 2916 super
1575 2836 1953 2898 sermonibus
2013 2839 2142 2897 '50!

493 2931 813 3012 gratiarum
832 2927 1233 2990 .Atlmirantes
1250 2924 1753 2994 autem,dicteriis
1776 2925 2155 2990 incessebant

491 3040 628 3084 eum
646 3021 914 3082 dicentes
938 3037 952 3077 :
982 3014 1190 3077 Nonne
1213 3013 1309 3075 hic
1334 3022 1423 3074 est
1463 3013 1614 3075 fabri
1638 3016 1798 3076 ﬁlius
1817 3021 1845 3078 ?
1875 3015 2156 3088 Quamvis

491 3110 633 3193 quid
658 3105 1213 3191 proliiberetipsum
1234 3101 1779 3193 diciadmirabilem
1805 3113 1863 3167 et
1884 3105 2146 3167 adorabi-

2239 2560 2486 2628 ἐξέϐαλον
2536 2563 2696 2620 αὐτὸν
2753 2560 2851 2626 ἔξω
2909 2566 3009 2627 τῆς
3054 2560 3261 2626 πόλεως
3296 2581 3311 2597 ·
3367 2562 3455 2617 καὶ
3504 2560 3708 2639 ἤγαγον
3740 2563 3899 2618 αὐτὸν

2238 2654 2341 2717 ἕως
2384 2658 2482 2720 τῆς
2544 2652 2731 2731 ὀφρύος
2762 2654 2855 2707 τοῦ
2886 2651 3063 2729 ὄρους,
3098 2640 3183 2729 ἐφ’
3213 2657 3273 2707 οὖ
3303 2653 3338 2718 ἡ
3369 2649 3526 2714 πόλις
3556 2656 3729 2709 αὐτῶν
3757 2653 3897 2725 ᾠκο-

2237 2740 2465 2817 δόμητο,
2500 2742 2573 2805 εἷς
2604 2742 2666 2796 τὸ
2695 2739 3123 2819 κατακρημνίσαι
3158 2739 3315 2796 αὐτόν
3349 2758 3364 2774 ⁸
3398 2738 3555 2803 αὐτὸς
3587 2736 3642 2794 δὲ
3672 2736 3888 2797 διελθὼν

2236 2828 2320 2886 διὰ
2378 2830 2542 2905 μέσου
2600 2833 2797 2909 αὐτῶν,
2848 2827 3151 2909 ἐπορεύετο,
3206 2851 3234 2884 ι
3297 2826 3611 2893 Ἀκούοντες
3664 2829 3730 2884 τὰ
3786 2828 3887 2884 ὑπᾶ

2239 2926 2464 2987 Χριστοῦ
2522 2918 2785 2999 λεγόμενα
2815 2921 2862 2976 οἱ
2905 2917 3091 3000 ὄχλοι,
3124 2918 3416 2994 ἐθαύμαζον
3446 2918 3531 2975 ini
3560 2931 3679 2981 τοῖς
3710 2917 3891 2996 λόγοις

2236 3015 2335 3078 τῆς
2394 3010 2641 3090 χάριτος.
2728 3009 3098 3085 Θαυμάζοντες
3154 3006 3209 3064 δὲ
3279 3005 3651 3083 διεκωμῴδουν
3708 3006 3891 3076 αὐτὸν,

2240 3100 2485 3179 λέγοντες
2510 3116 2525 3131 ⁸
2577 3103 2695 3179 Οὒχ
2749 3101 2901 3164 οὗτός
2945 3098 3087 3155 ἐστιν
3115 3100 3143 3154 ὁ
3171 3107 3266 3157 τοῦ
3308 3097 3553 3163 τέκτονος
3580 3098 3689 3163 υἱός
3715 3114 3732 3173 ;
3768 3096 3896 3155 Καί-

492 3178 802 3263 ΙὶπϋίΝοη
825 3195 990 3257 vides
1013 3178 1230 3274 quanta
1258 3190 1421 3253 facit?
1442 3190 1572 3254 Non
1595 3194 1761 3256 audis
1781 3214 2154 3277 qucecunque

2239 3213 2318 3248 τοι
2373 3191 2423 3248 τί
2464 3191 2526 3247 τὸ
2555 3187 2762 3247 κωλύον
2792 3190 2936 3246 εἶναι
2981 3190 3139 3246 αὐτὸν
3180 3189 3482 3264 θαυμαστὸν
3539 3188 3627 3263 καὶ
3655 3208 3897 3266 προσκυο

495 3291 667 3353 dicit?
694 3287 924 3350 Deinde
956 3281 1238 3345 conviciis
1268 3289 1494 3363 patrem
1528 3283 1691 3346 illius
1714 3284 2002 3347 lacessis?
2035 3284 2152 3348 Re-

498 3398 643 3447 vera
675 3380 750 3441 de
779 3377 898 3439 illis
927 3373 1129 3436 dicere
1161 3370 1336 3433 licet:
1367 3370 1523 3434 Ecce
1562 3375 1817 3455 populus
1851 3375 2069 3437 stultus
2099 3386 2157 3438 et

492 3471 722 3552 absque
745 3466 949 3540 corde;
973 3462 1129 3524 oculi
1153 3461 1388 3552 illorum
1410 3481 1526 3524 non
1545 3464 1955 3546 vident,aures
1973 3465 2152 3527 etiam

494 3551 886 3622 non’audiunt
905 3554 987 3613 25.
1010 3551 1297 3615 Dominus
1328 3551 1507 3632 igitur
1527 3554 1666 3634 quid
1695 3554 1869 3615 dicit?
1891 3555 2152 3617 Omnino

495 3650 708 3712 dicetis
734 3646 902 3716 mihi,
937 3647 1140 3707 Facet
1171 3642 1231 3703 in
1265 3641 1455 3722 patria
1484 3652 1583 3704 tua
1616 3642 1913 3705 mirabilia
1938 3663 2069 3726 qua;
2092 3646 2153 3705 in

494 3741 867 3820 Capernaum
893 3732 1241 3796 fecisti.Hoc
1260 3734 1416 3793 enim
1434 3741 1522 3793 est
1541 3733 1697 3812 quod
1718 3733 2149 3809 dicitzMedice,

498 3847 642 3891 cura
660 3828 939 3907 teipsum.
977 3821 1365 3886 Proverbium
1392 3822 1549 3882 enim
1580 3830 1710 3883 erat
1739 3824 1895 3902 apud
1920 3823 2155 3885 Iudaeos

499 3922 656 4004 quod
683 3917 1103 4000 aegrotantibus
1128 3913 1379 4004 medicis
1409 3914 1746 3977 dicebatur.
1782 3918 1856 3978 At
1887 3936 1996 3994 ego
2019 3918 2155 3981 dico

499 4003 670 4072 vobis
700 4009 857 4090 quod
893 4005 1169 4066 fecissem
1215 4003 1401 4063 multa
1425 4003 1598 4082 signa
1625 4005 1803 4068 etiam
1840 4007 1993 4087 apud
2025 4027 2149 4083 vos,

2239 3282 2401 3349 νητόν
2437 3300 2453 3356 ;
2486 3282 2603 3360 Οὒχ
2633 3282 2756 3359 ὁρᾷς
2802 3278 2902 3335 ὅσα
2931 3292 3079 3335 ποιεῖ
3114 3298 3131 3359 ς
3175 3278 3285 3336 Οὔκ
3318 3278 3527 3360 ἁκοόεις
3564 3276 3664 3333 ὅσα
3694 3275 3839 3355 λέγει
3875 3295 3892 3356 ;

2240 3371 2377 3429 Εἶτα
2434 3358 2718 3446 κωμῷδεῖς
2772 3372 2867 3426 τὸν
2918 3369 3122 3447 πατέρα
3179 3369 3381 3442 ixi-:06;
3438 3358 3659 3432 ’Ὄντως
3702 3364 3898 3434 ἀληθὲς

2239 3459 2325 3517 ἐπ’
2384 3462 2571 3525 αὐτοῖς
2631 3461 2804 3517 εἰπεῖν
2837 3474 2852 3489 ⁸
2900 3455 3032 3516 ’ἰδοὺ
3085 3458 3213 3521 λαὸς
3274 3458 3453 3537 μωρὸς
3506 3458 3594 3513 καὶ
3615 3453 3894 3535 ἀκάρδιος⁸

2236 3550 2495 3631 ὀφθαλμοὶ
2556 3549 2769 3624 αὖτοῖς,
2824 3550 2913 3606 καὶ
2966 3553 3027 3609 οὒ
3094 3545 3380 3625 βλέπουσιν
3413 3563 3429 3579 ⁸
3475 3548 3609 3622 ὦτα,
3664 3547 3751 3602 καὶ
3799 3544 3895 3603 οὒκ

2237 3641 2540 3703 ἀκούουσίν,
2592 3631 2648 3698 Ὀ
2710 3640 2896 3719 Κύριος
2945 3645 3034 3695 οὖν
3090 3636 3147 3694 τί
3190 3658 3353 3718 φησιν
3392 3635 3627 3710 αὒτοῖς;
3674 3636 3895 3702 Πάντως

2237 3730 2410 3809 ἐρεῖτέ
2465 3753 2587 3806 μοι,
2635 3728 2715 3786 ὅτι
2747 3728 2801 3785 iv
2832 3734 2901 3805 τῇ
2929 3726 3134 3807 πατρίδι
3194 3747 3290 3783 σου
3347 3727 3573 3794 ποίησον
3628 3727 3895 3802 θαυμάσια

2237 3820 2337 3875 ὅσα
2366 3823 2455 3876 καὶ
2485 3817 2536 3876 iv
2569 3816 2955 3896 Καπερναούμ.
3018 3826 3182 3875 Τοῦτο
3224 3816 3325 3893 γάρ
3380 3814 3492 3872 ἑστι
3548 3819 3634 3894 τὸ,
3698 3814 3893 3893 ἰατρὲ,

2237 3910 2558 3989 θεράπευσον
2597 3907 2817 3965 σεαυτόν
2856 3925 2869 3938 ⁸
2923 3906 3102 3971 κοινὸς
3147 3905 3248 3983 γὰρ
3276 3903 3342 3971 ἦν
3370 3902 3532 3984 λόγος
3580 3904 3724 3984 παρὰ
3778 3917 3897 3971 τοῖς

2240 3996 2512 4063 Ἰουδαίοις
2556 4008 2732 4077 οὗτος,
2795 4009 2915 4059 τοῖς
2972 3994 3329 4074 ἆῤῥωστοῦσιν
3385 3997 3592 4074 ἱατροῖς
3642 3993 3899 4073 ἰπιλεγό-

503 4082 784 4183 patriotas
811 4114 1015 4158 meos:
1053 4091 1155 4154 sed
1179 4092 1302 4153 scio
1327 4111 1703 4183 communem
1731 4082 1997 4158 omnium
2020 4082 2154 4160 effe?

2240 4111 2421 4165 μενος.
2484 4086 2633 4145 Ἀλλ’
2679 4086 2788 4166 ἰγὼ
2842 4084 2984 4164 λέγω
3041 4086 3197 4162 ὑμῖν,
3246 4083 3326 4141 ὅτι
3376 4084 3608 4152 ἐποίησα
3633 4082 3695 4139 ἂν
3723 4082 3899 4142 πολλὰ

504 4172 693 4266 ctum,
728 4187 883 4269 quod
916 4191 1379 4246 contemnantur
1404 4182 1579 4244 etiam
1604 4203 1702 4246 res
1726 4186 2016 4269 maximaa,
2042 4188 2154 4250 nisi

2240 4192 2448 4255 σημεῖα
2478 4179 2565 4235 καὶ
2610 4175 2736 4256 παρ’
2782 4177 2912 4251 ὑμῖν
2968 4188 3087 4239 τοῖς
3144 4174 3300 4250 ἐμοῖς
3356 4175 3720 4254 πατριώταις⁸
3776 4172 3897 4230 ἀλλ’

505 4297 639 4340 cum
668 4261 817 4340 rarae
844 4274 1082 4347 fuerint,
1121 4272 1169 4332 si
1199 4271 1446 4350 vulgatae
1476 4275 1594 4334 sint
1618 4261 2068 4355 etquotidianie,
2100 4287 2154 4339 ei

2240 4265 2364 4324 οῖδα
2414 4268 2476 4323 τὸ
2522 4268 2701 4324 κοινὸν
2758 4267 2845 4322 καὶ
2874 4264 3040 4321 ἅπασι
3071 4261 3365 4341 συμϐαῖνον
3394 4264 3586 4344 πάθος,
3621 4262 3702 4319 ὅτι
3731 4284 3898 4320 κατα-

506 4370 593 4431 eis
624 4386 830 4431 omnes
877 4364 1116 4445 copiose
1147 4361 1435 4422 fruantur.
1486 4351 1741 4444 Semper
1772 4368 1931 4427 enim
1964 4351 2154 4429 solent

2240 4364 2551 4438 φρονοῦνται
2608 4358 2694 4413 καὶ
2749 4357 2816 4412 τὰ
2858 4354 3093 4433 ἐξαίρετα
3150 4359 3257 4413 τῶν
3335 4354 3686 4434 πραγμάτων,
3769 4351 3898 4410 ὅταν

504 4459 782 4521 homines
810 4444 1031 4518 rara’et
1057 4451 1431 4513 admirabilia
1463 4471 1693 4529 curare,
1729 4453 2037 4536 despicere
2057 4476 2154 4518 au-

2239 4449 2318 4523 μη
2378 4460 2574 4503 σπάνια
2628 4447 2690 4522 ἦ,
2750 4445 2887 4502 ἀλλὰ
2958 4446 3113 4502 κοινὰ.
3165 4446 3255 4502 καὶ
3297 4445 3525 4523 συνήθη,
3569 4445 3657 4500 καὶ
3700 4444 3897 4508 πάντες

507 4559 626 4612 tem
655 4544 995 4610 communia
1017 4551 1075 4603 et
1101 4540 1432 4603 familiaria.
1464 4543 1535 4603 Et
1562 4542 1788 4605 idcirco
1809 4534 2008 4607 nullus
2029 4565 2154 4625 pro-

2240 4535 2324 4593 ἐπ’
2370 4535 2545 4601 ἀδείας
2591 4536 2795 4616 ἔχωσιν
2824 4534 3114 4592 ἀπολαύειν
3147 4536 3319 4591 αὐτῶν
3353 4550 3367 4563 ⁸
3428 4535 3509 4589 ἀεὶ
3543 4535 3645 4614 γὰρ
3702 4535 3894 4591 εἰώθα-

506 4640 684 4721 pheta
704 4638 766 4699 in
786 4635 973 4717 patria
996 4648 1101 4694 sua
1124 4631 1442 4721 pretiosus:
1469 4632 1570 4693 sed
1597 4632 1646 4721 si
1670 4633 1912 4694 aliunde
1934 4622 2150 4709 veniat,

2241 4648 2323 4684 σιν
2380 4628 2427 4680 οἱ
2507 4623 2769 4701 ἄνθρωποι
2844 4629 2953 4681 τῶν
3008 4624 3108 4700 μὲν
3164 4622 3323 4689 ξένων
3391 4624 3478 4679 καὶ
3521 4628 3756 4681 σπανίων
3810 4624 3900 4680 καὶ

507 4712 880 4790 admiraniur
909 4724 1100 4786 illum.
1138 4719 1237 4783 Sic
1270 4728 1326 4781 et
1369 4719 1567 4781 Eliam.
1590 4718 1934 4784 Judaaorum
1968 4725 2154 4786 vidum

2241 4717 2532 4797 φοοντίζειν
2584 4717 2673 4771 καὶ
2728 4715 3039 4791 θαυμάζειν,
3069 4720 3177 4771 τῶν
3227 4712 3283 4770 δὲ
3329 4720 3523 4771 κοινῶν
3585 4715 3674 4770 καὶ
3729 4715 3899 4783 συνή-

508 4837 627 4879 ηοη
651 4818 1080 4894 susceperunt:
1118 4809 1532 4889 Sarephtbana
1561 4818 1755 4871 autem
1779 4814 2063 4893 suscepit.
2089 4812 2154 4874 Et

2239 4810 2344 4863 θων
2387 4818 2743 4885 καταφρονεῖν
2775 4818 2789 4835 ⁸
2839 4803 2925 4860 διὰ
2966 4824 3123 4860 τουτο
3180 4801 3347 4867 ουδεὶς
3396 4804 3678 4883 προφήτης
3724 4804 3902 4879 τίμιός

508 4907 756 4969 Elisaeus
788 4891 1179 4979 alienigenam
1223 4899 1521 4980 leprosum
1557 4900 1913 4979 puriﬁcavit,
1950 4891 2067 4963 ﬁde
2097 4906 2154 4965 in

2240 4898 2383 4953 ἑστιν
2442 4895 2497 4951 iv
2552 4902 2621 4972 τῇ
2678 4892 2885 4970 πατρίδι
2931 4897 3090 4952 αὐτοῦ
3126 4910 3141 4926 ⁸
3201 4892 3323 4949 ἀλλ’
3370 4892 3459 4949 ἐὰν
3491 4891 3713 4949 ἄλλοθέν
3739 4897 3901 4952 ποθεν

508 4997 673 5059 illum
705 4994 1020 5057 declarata.
1059 4993 1207 5053 Nam
1240 4979 1559 5049 familiares
1591 4989 1739 5069 ejus,
1764 4990 1861 5071 qui
1886 4992 2154 5070 ejusdem

2239 4984 2388 5063 ἔλθῃ,
2450 4986 2799 5061 θαυμάζουσιν
2845 4983 3003 5040 αὐτόν
3034 4997 3051 5013 ⁸
3109 4981 3247 5039 οὕτω
3296 4984 3386 5039 καὶ
3442 4984 3534 5039 τὸν
3605 4979 3790 5071 ᾜλίαν
3845 4985 3899 5040 αἱ

507 5097 682 5149 erant
714 5084 941 5165 patriae,
979 5081 1031 5142 ei
1059 5099 1175 5141 non
1198 5078 1581 5147 crediderunt
1612 5088 1671 5141 et
1694 5069 2006 5161 propterea
2038 5101 2154 5144 non

2240 5078 2339 5153 μὲν
2396 5081 2495 5144 τῆς
2554 5073 2805 5140 Ἰουδαίας
2850 5078 3022 5165 χῆραι
3079 5076 3175 5131 οὒκ
3217 5072 3477 5148 ἐδέξαντο,
3536 5075 3571 5142 ἡ
3628 5069 3683 5129 δὲ
3716 5080 3898 5153 Σαρα-

507 5184 644 5237 sunt
672 5153 990 5257 puriﬁcaii.
1019 5168 1311 5233 Similiter
1338 5175 1397 5228 et
1416 5186 1527 5248 ego
1560 5153 1730 5230 vobis
1754 5153 2019 5251 patriotis
2036 5190 2154 5234 non

2239 5168 2357 5257 q>0iaz
2415 5163 2621 5232 ἐδέξατο
2648 5182 2661 5197 ⁸
2718 5164 2807 5221 καὶ
2859 5153 2913 5220 νὸ
2974 5153 3299 5257 Ἐλισσαῖος.
3340 5164 3433 5257 τὸν
3489 5160 3634 5228 ξένον
3698 5160 3897 5242 λεπρὸν

505 5250 713 5326 videor
735 5260 1127 5335 admirabilis,
1148 5258 1250 5319 sed
1273 5264 1651 5337 contemptus
1682 5278 1694 5319 :
1730 5250 1790 5321 et
1808 5258 2029 5321 idcirco
2054 5279 2153 5323 ne-

2239 5255 2534 5336 ἒκαθσίρισε,
2595 5254 2771 5310 πίστιν
2857 5254 2931 5317 εἰς
2984 5252 3142 5308 αὐτὸν
3218 5250 3579 5328 ἐνδειξάμενον
3609 5268 3625 5284 ⁸
3688 5252 3735 5309 oi
3790 5253 3893 5332 γὰρ

506 5372 620 5434 que
643 5353 810 5431 signa
829 5351 1002 5413 facio.
1032 5348 1138 5411 His
1162 5366 1305 5409 sane
1327 5346 1427 5429 qui
1450 5348 1506 5408 in
1531 5346 1925 5428 Capernaum,
1953 5349 2154 5414 videor

2239 5348 2478 5417 συνήθεις
2571 5344 2661 5401 καὶ
2732 5348 3136 5422 συμπατριῶται
3218 5343 3378 5401 αὺτοῦ
3455 5342 3550 5398 οὐκ
3618 5341 3892 5400 ἐπίστευον

512 5421 906 5517 ἇόωίνῖιὺίιίε,
941 5450 999 5502 et
1038 5438 1203 5518 signa
1235 5421 1411 5509 facio,
1447 5445 1505 5498 et
1549 5421 1831 5519 accoptus
1878 5421 1967 5500 eis
1996 5459 2150 5505 sum.

2239 5439 2401 5511 αὐτῷ,
2464 5435 2551 5491 καὶ
2631 5432 2714 5489 διὰ
2790 5432 2948 5489 τοῦτο
3017 5435 3110 5490 οὐκ
3159 5431 3595 5511 ἐκαθαρίσθησαν.
3661 5421 3890 5510 ιΟμοίως

468 5550 471 5551 ⁷
505 5530 831 5594 Audientes
860 5538 1056 5591 autem
1090 5528 1216 5588 haec
1267 5528 1325 5587 hi
1375 5526 1477 5607 qui
1524 5526 1582 5586 in
1614 5524 1917 5608 Synagoga
1961 5540 2151 5607 erant,

2240 5536 2329 5585 οὖν
2385 5525 2539 5604 κάγὼ
2576 5526 2706 5601 ὑμῖν
2750 5524 2850 5599 μὲν
2916 5535 3037 5586 τοῖς
3093 5522 3419 5603 πατριώταις
3467 5522 3529 5578 εὖ
3577 5519 3717 5579 δοκῶ
3759 5527 3888 5581 θαυ-

579 5693 646 5745 αἱ
675 5692 895 5756 Jerem.
930 5708 989 5769 v,
1022 5689 1123 5755 21.
