4232 6394
346 339 465 410 753
1075 349 1524 443 ENARRATIO
1567 350 1651 415 IN
1696 348 2207 414 EVANGELIUM
2255 351 2496 415 LUCIE.
2550 387 2617 398 —
2663 355 2831 418 CAP.
2882 358 2988 421 IV.
3638 360 3767 427 754'

337 485 592 574 μαστὸς,
620 483 759 541 ἀλλὰ
817 492 1250 574 καταφρονοῦμαι
1285 501 1299 517 ⁸
1351 484 1433 542 διὸ
1461 484 1579 545 οῦδὲ
1608 495 1817 561 σημεῖα
1840 481 1993 539 ποιεῖν

2092 479 2493 574 implebantur
2521 484 2913 574 l'urore,quod
2937 497 3171 568 oportet
3200 490 3575 573 admirari,et
3597 511 3744 574 pra;-

340 585 459 636 τοῖς
504 571 555 629 δ’
580 572 635 630 ἐν
671 576 1024 655 Καπερναοὺμ
1082 573 1254 632 δοκῶν
1314 575 1638 651 θαυμαστὸς,
1675 575 1763 631 καὶ
1799 584 1993 649 σημεῖα

2089 569 2334 649 cipitare
2366 572 2756 638 conabantur.
2790 575 2863 637 At
2902 576 3030 657 ipse
3060 596 3168 658 per
3194 580 3458 642 medium
3494 569 3739 645 illo—rum

342 668 485 719 ποιῶ
514 665 602 720 καὶ
632 662 815 729 δεκτὸς
873 665 1063 730 αὐτοῖς
1115 666 1249 740 είμι,
1303 662 1616 729 Ἀκούοντες
1647 662 1897 721 δὲταῦτα
1951 660 1993 716 ἐι

2088 658 2216 733 ivit,
2251 679 2369 722 non
2415 663 2655 753 quidem
2703 667 3039 744 passionem
3080 667 3336 748 fugiens,
3372 670 3477 732 sad
3510 678 3744 753 tempus

344 757 413 829 τῇ
469 759 780 832 συναγωγῇ,
867 753 1195 835 ἐπληροῦντο
1276 754 1460 831 θυμοῦ,
1522 752 1639 811 δέον
1693 752 1993 839 θαυμάζειν1

2086 751 2642 830 exspectans.Venit
2674 755 2832 816 enim
2864 764 2927 817 ut
2960 776 3064 836 pro
3096 757 3271 819 nobis
3299 766 3601 839 pateretur
3632 751 3739 823 sed

343 843 433 898 καὶ
496 844 787 922 ἐπειρῶντο
869 844 1294 924 κατακρημνίσαι
1378 845 1557 906 αὐτόν,
1645 838 1795 900 Ἀλλ’
1847 841 1993 904 αὐτὸς

2088 838 2316 900 nuncin
2333 841 2771 921 prazdicationis
2789 845 3031 906 exordio
3059 865 3177 907 non
3200 838 3456 910 debebat
3476 868 3541 911 se
3560 849 3747 912 morti

343 928 560 989 διελθὼν
617 929 703 988 διὰ
759 932 926 1007 μέσου
982 933 1180 1007 αῦτῶν,
1242 933 1501 1013 ἐπορεύθη
1537 954 1553 970 θ
1603 936 1663 991 οὗ
1705 932 1766 988 τὸ
1811 934 2002 988 παθεῖν

342 1022 576 1100 φεύγων,
635 1020 773 1079 ἀλλὰ
829 1024 919 1079 τὸν
964 1024 1149 1093 καιρὸν
1178 1022 1481 1097 ἀναμένων,
1528 1023 1615 1088 Εἷς
1643 1022 1744 1099 γὰρ
1783 1021 1847 1077 τὸ
1873 1019 2002 1098 ὑπὲρ

338 1112 497 1185 ἡμῶν
553 1114 744 1168 παθεῖν
776 1110 1029 1183 ἐλήλυθεν
1065 1128 1079 1143 ⁸
1142 1111 1283 1168 ἀλλὰ
1312 1119 1400 1169 νῦν
1430 1112 1610 1192 ἀρχὴν
1640 1110 1865 1191 ἔχοντος
1907 1117 1999 1167 τοῦ

333 1202 703 1279 κηρύγματος,
768 1206 864 1262 οὐκ
916 1200 1024 1259 ἔδει
1086 1203 1273 1259 ἑαυτὸν
1318 1199 1583 1259 ἐπιδοῦναι
1633 1207 1710 1275 τῷ
1762 1200 1994 1275 θανάτῳ,

330 1289 455 1347 ἀλλ’
507 1293 702 1354 ἱκανῶς
781 1289 1081 1371 διδαξαντα,
1166 1291 1306 1350 οὕτω
1386 1290 1734 1358 τελειωθῆναι
1768 1306 1783 1319 ·
1857 1288 1993 1346 ὥστε

326 1380 389 1435 ἐκ
440 1380 630 1437 τούτου
690 1378 879 1455 δῆλον,
954 1380 1038 1437 ὅτι
1097 1386 1158 1441 οὗ
1202 1378 1251 1437 δ’
1295 1378 1423 1437 ὅταν
1486 1378 1817 1459 ἐσταυρώθη,
1851 1376 1993 1433 ἄκων

331 1470 664 1550 ἐσταυρώθη,
727 1468 847 1527 ἀλλ’
900 1472 1039 1527 ὶκὼν
1112 1471 1298 1528 ἑαυτὸν
1354 1468 1575 1536 ἐξέδωκε
1629 1476 1705 1543 τῷ
1756 1468 1988 1541 θανάτῳ,

2086 945 2409 1008 exponere:
2436 931 2537 991 sed
2554 939 2691 1001 tunc
2715 934 2888 1007 mori,
2916 954 3049 995 cum
3075 936 3502 1000 suﬂicientibus
3525 938 3741 1001 doctri-

2084 1016 2173 1076 nis
2194 1036 2300 1079 nos
2316 1018 2721 1081 docuisset.Et
2743 1021 2821 1082 ita
2835 1041 2903 1083 ex
2930 1023 3041 1084 hoc
3068 1024 3445 1087 manifestum
3470 1036 3561 1089 est
3581 1029 3738 1109 quod

2084 1124 2276 1185 neque
2299 1125 2431 1167 cum
2456 1110 3168 1191 cruciﬁgeretur,invitus
3190 1113 3265 1174 sit
3285 1115 3737 1195 cruciﬁxus,sed

2079 1204 2289 1274 sponte
2310 1204 2557 1285 mortem
2584 1197 2818 1260 obierit.
2845 1198 3009 1261 Scias
3023 1210 3222 1263 autem
3240 1204 3395 1281 quod
3422 1204 3738 1285 propheta-

2079 1302 2209 1344 rum
2245 1284 2456 1365 patria.
2496 1288 2804 1367 Synagoga
2830 1287 3177 1351 Judaaorum
3211 1299 3325 1370 est,
3362 1284 3567 1373 inqua
3600 1312 3737 1373 pro-

2080 1374 2271 1453 phetze
2302 1374 2703 1454 despicabiles
2735 1386 2895 1453 sunt,
2930 1386 2989 1439 et
3022 1398 3140 1440 non
3166 1380 3591 1460 suscipiuntur:
3628 1402 3736 1444 nos

2076 1471 2270 1523 autem
2302 1463 2656 1543 alienigenae
2697 1469 3076 1547 suscepimus
3124 1468 3281 1531 illos.
3330 1468 3524 1533 Vidua
3575 1471 3735 1545 enim

334 1559 488 1617 ’Ίσθι
537 1558 592 1616 δὲ
632 1559 715 1617 ὅτι
760 1562 948 1639 πατρὶς
990 1568 1098 1617 τῶν
1154 1566 1444 1641 προφητῶν
1484 1560 1519 1628 ἡ
1549 1556 1814 1617 ἰοδδαίων
1845 1564 1987 1616 Συν-

2078 1552 2363 1641 Ecclesia.
2399 1552 2665 1633 inquam,
2700 1575 2829 1636 quae
2853 1575 2919 1617 ex
2943 1557 3224 1634 gentibus
3244 1558 3514 1634 collecta,
3537 1578 3736 1622 susce-

339 1649 554 1729 αγωγή,
601 1649 656 1706 ἐν
713 1652 749 1728 ᾗ
804 1650 1149 1727 ἀτιμάζονται
1200 1640 1281 1707 ίοιί
1326 1654 1596 1730 προφῆται
1631 1664 1644 1678 ⁶
1723 1645 1839 1704 οὐδὲ
1891 1646 1991 1726 γὰρ

2078 1640 2160 1722 pit
2174 1640 2357 1703 Eliam
2371 1695 2377 1707 ,
2392 1642 2502 1703 hoc
2517 1652 2605 1703 est
2622 1645 3032 1723 propheticum
3053 1665 3558 1727 sermonem,cum
3574 1656 3736 1710 esset

336 1737 511 1795 δεκτοί
548 1741 680 1796 εἰσιν
714 1758 733 1778 ο
774 1743 940 1817 ἡμεῖς
988 1738 1043 1797 δὲ
1087 1744 1135 1797 οἱ
1209 1737 1478 1816 ἀλλότριοι
1529 1736 1808 1813 ἐδεξάμεθα
1858 1736 1988 1792 τού-

2088 1730 2274 1791 fames
2298 1731 2622 1810 spiritualis
2656 1733 2805 1794 facta
2837 1734 2896 1795 in
2925 1734 3169 1808 Judcea;
3204 1736 3418 1812 fames,
3455 1737 3731 1819 inquam,

335 1849 457 1889 τους
493 1844 507 1857 ’
556 1828 592 1897 ἡ
622 1829 724 1907 γὰρ
752 1829 923 1908 χήρα,
972 1828 1007 1897 ἡ
1049 1826 1103 1894 ἐξ
1155 1827 1315 1885 ἐθνῶν
1366 1825 1661 1894 Ἐκκλησία
1691 1824 1856 1903 λέγω,
1884 1822 1992 1880 ἰδέ·

2078 1820 2352 1881 audiendi
2373 1840 2711 1883 sermonem
2730 1823 2950 1888 Dei.De
2974 1825 3083 1885 hac
3107 1844 3249 1887 sane
3270 1826 3444 1888 vidua
3472 1828 3727 1908 prophe-

332 1915 456 1981 Ξατο
508 1919 600 1974 τὸν
656 1917 864 1997 Ἠλίαν,
919 1917 1181 1991 τουτέστι,
1243 1918 1337 1973 τὸν
1411 1916 1743 1995 προφητικὸν
1801 1912 1985 1992 λόγον,

2078 1917 2127 1970 ta
2158 1908 2303 1970 dicit
2326 1909 2481 1989 quod
2515 1911 2715 1991 plures
2754 1922 2890 1974 sunt
2928 1913 3033 1974 ﬁlii
3064 1914 3339 1987 desertae,
3362 1921 3552 1997 quam
3597 1919 3730 1995 ejus

328 2006 485 2083 λιμοῦ
538 1996 857 2085 γενομένου
892 2007 1085 2075 νοητοῦ
1154 2006 1208 2065 ἐν
1251 2012 1321 2084 τῇ
1372 2003 1617 2078 Ἰουδαίᾳ,
1672 2004 1832 2081 λιμοῦ
1891 2008 1986 2059 τοῦ

2078 2017 2197 2078 quae
2238 1996 2415 2059 habet
2448 1998 2664 2063 virum.
2707 1999 2777 2061 Et
2819 2020 3056 2062 rursum
3080 2001 3219 2082 quia
3249 1996 3471 2065 sterilis
3496 2003 3729 2083 peperit

326 2097 548 2155 ἀκοῦσαι
606 2096 766 2175 λόγον
821 2104 955 2155 Θεοῦ
988 2112 1002 2126 ⁸
1051 2097 1171 2175 περὶ
1212 2096 1410 2163 ταύτης
1464 2094 1519 2150 δὲ
1570 2100 1669 2162 τῆς
1726 2094 1906 2173 χήρας
1951 2094 1979 2148 6

2078 2095 2317 2167 septem:
2341 2100 2401 2147 et
2422 2107 2552 2169 quae
2575 2088 2791 2153 multos
2807 2090 3070 2152 habebat
3095 2090 3267 2168 ﬁlias,
3295 2092 3590 2154 inﬁrmata
3610 2101 3722 2155 est.

338 2188 620 2266 προφήτης
652 2188 835 2267 φησὶν,
874 2184 955 2243 ὅτι
987 2185 1162 2243 πολλὰ
1186 2186 1251 2242 τὰ
1280 2183 1440 2242 τέκνα
1467 2184 1567 2253 τῆς
1601 2185 1803 2264 ἐρήμου
1848 2179 2052 2259 μᾶλλον
2109 2180 2146 2247 ἢ
2175 2184 2272 2245 τῆς
2322 2180 2557 2257 ἐχούσης
2588 2181 2675 2235 τὸν
2711 2179 2865 2260 ἄνδρα
2900 2202 2912 2215 ·
2960 2184 3049 2239 καὶ
3076 2181 3235 2239 πάλιν
3266 2181 3511 2263 ὅτατεϊρα
3551 2186 3726 2240 ἔτεκεν

327 2277 481 2352 ἑπτὰ,
515 2278 601 2333 καὶ
625 2278 655 2345 ἡ
680 2276 860 2343 πολλὴ
891 2274 947 2332 ἐν
976 2274 1183 2342 τέκνοις
1214 2274 1536 2342 ἠσθένησεν.

415 2386 445 2424 ε
482 2366 581 2425 Καὶ
639 2364 902 2433 κατῆλθεν
960 2366 1033 2428 εἷς
1092 2364 1470 2442 Καπερναοὺμ,
1530 2361 1685 2420 πόλιν
1729 2367 1828 2429 τῆς
1874 2366 1986 2417 Γα-

334 2452 539 2519 λιλαίας
573 2468 588 2482 ⁸
652 2454 741 2510 καὶ
796 2453 861 2521 ἦν
904 2450 1163 2509 διδάσκων
1204 2453 1392 2517 αὐτοὺς
1434 2455 1491 2508 ὶν
1545 2464 1666 2516 τοῖς
1724 2447 1982 2507 Σάϐϐασιο

330 2545 419 2599 καὶ
471 2540 863 2612 ἐξεπλήσσοντο
904 2541 1089 2619 ἐπὶτῇ
1129 2539 1328 2622 διδαχῇ
1379 2543 1560 2615 αὐτοῦ,
1620 2539 1701 2597 ὅτι
1727 2542 1784 2597 ἐν
1830 2538 1983 2606 ἐξου-

330 2633 415 2704 σία
472 2634 539 2698 ἦν
596 2632 624 2688 6
669 2629 827 2709 λόγος
867 2634 1024 2691 αὐτοῦ
1056 2648 1072 2665 ⁸
1135 2632 1223 2688 καὶ
1273 2630 1329 2687 ἐν
1372 2630 1439 2699 τῆ
1474 2636 1771 2708 Συναγωγῇ
1800 2628 1866 2696 ἧν
1895 2627 1979 2684 ἄν-

327 2724 555 2800 θρωπος,
622 2721 770 2801 ἔχων
855 2727 1065 2795 πνεῦμα
1140 2718 1430 2801 δαιμονίου,
1488 2718 1786 2796 ἀκαθάρτου
1819 2733 1833 2748 ⁶
1894 2719 1984 2774 καὶ

329 2799 578 2889 ἀννέκραξε
841 2807 1077 2889 μεγάλη,
1137 2808 1311 2889 λέγων
1339 2825 1355 2839 ⁸
1418 2799 1432 2821 ²
1460 2817 1559 2889 Εα,
1618 2809 1668 2864 τί
1713 2809 1850 2883 ἡμῖν
1893 2809 1983 2863 καὶ

330 2902 435 2980 συὶ,
487 2901 667 2967 Ἰησοῦ
725 2899 1023 2979 Ναζαρηνέ,
1075 2898 1231 2966 ἦλθες
1289 2898 1551 2956 ἀπολέσαι
1603 2898 1791 2977 ἡμᾶςς
1843 2894 1981 2955 Οἶδά

328 3012 387 3045 σε
446 2989 523 3052 τίς
576 2991 628 3046 εἴ
658 3009 672 3024 °
745 2980 803 3048 Ὀ
832 2989 984 3068 ἅγιος
1024 2995 1119 3046 του
1148 2996 1306 3051 Πεοῦ.
1342 2990 1442 3047 Καὶ
1489 2988 1811 3063 ἐπετίμησεν
1841 2989 1982 3061 αὐτῷ

337 3081 365 3134 'o
416 3076 639 3158 Ἰησοῦς,
694 3076 869 3157 λέγων
903 3094 916 3107 ⁸
977 3078 1258 3155 Φιμώθητι
1298 3079 1387 3135 καὶ
1433 3076 1603 3144 ἔξελθε
1660 3074 1712 3142 ἐξ
1769 3076 1929 3133 αὐτοῦ
1960 3089 1975 3106 ’

2157 2358 2337 2419 Vens.
2374 2356 2589 2422 3t-37.
2633 2381 2655 2415 ιι
2691 2356 2762 2419 Ει
2794 2358 3109 2420 descendit
3141 2359 3201 2421 in
3232 2361 3603 2441 Capernaum
3633 2360 3725 2423 ci-

2072 2446 2312 2508 vitatem
2346 2445 2622 2518 Galilaaze,
2652 2446 2855 2527 ibique
2879 2447 3133 2509 docebat
3166 2448 3300 2510 illos
3332 2447 3630 2512 Sabbatis.
3656 2449 3726 2510 Et

2069 2537 2387 2617 stupebant
2409 2555 2591 2613 super
2622 2536 2890 2598 doctrina
2919 2537 3069 2617 ejus,
3104 2538 3241 2618 quia
3267 2558 3397 2599 cum
3434 2545 3726 2619 potestate

2070 2627 2417 2702 conjunctus
2450 2636 2575 2687 crat
2617 2644 2814 2687 sermo
2848 2627 3047 2707 ipsius.
3086 2631 3156 2690 Et
3178 2630 3234 2689 in
3258 2628 3396 2688 509.
3420 2630 3726 2709 Synagoga

2067 2724 2193 2776 erat
2228 2717 2403 2777 homo
2436 2715 2666 2777 habens
2694 2716 2967 2795 spiritum
3004 2716 3630 2793 daamonisimmundi,
3662 2725 3725 2783 et

2068 2805 2420 2867 exclamavit
2450 2824 2591 2866 voce
2621 2824 2830 2882 magna
2872 2805 3120 2869 dicens:
3158 2805 3257 2867 Eia
3284 2807 3426 2887 quid
3462 2806 3567 2869 tibi
3611 2827 3726 2871 no-

2068 2892 2300 2955 biscum
2325 2903 2431 2971 est,
2458 2896 2595 2956 Jesu
2621 2896 2915 2956 Nazarene
2940 2894 2972 2954 ?
3003 2894 3221 2957 venisti
3249 2896 3318 2960 ad
3353 2896 3727 2976 perdendum

2070 3002 2176 3044 nos
2194 2993 2221 3045 ’ἰ
2253 2982 2387 3046 Scio
2422 2991 2481 3045 te
2512 2983 2613 3064 qui
2643 2984 2763 3047 sis:
2798 2986 3051 3047 Sanctus
3082 2984 3183 3046 ille
3219 2984 3348 3049 Dei.
3403 2985 3476 3047 Et
3521 2988 3724 3050 incre-

2068 3073 2223 3151 pavit
2249 3072 2413 3135 illum
2442 3072 2652 3136 Jesus:
2688 3071 3076 3154 Ohmutesce,
3103 3081 3161 3135 et
3184 3075 3368 3137 exiab
3391 3094 3484 3139 eo.
3504 3075 3723 3138 Etcum

334 3169 420 3225 καὶ
473 3168 627 3247 ῥίψαν
671 3170 830 3228 αὒτὸν
888 3169 949 3225 τὸ
1004 3166 1279 3243 δαιμόνιον
1336 3169 1411 3232 είς
1447 3169 1510 3226 τὸ
1540 3166 1728 3243 μέσον,
1763 3165 1981 3261 ἐξῆλθεν

2078 3163 2423 3241 projecisset
2455 3162 2623 3223 illum
2668 3163 3027 3223 daemonium
3064 3164 3123 3224 in
3158 3164 3446 3245 medium,
3480 3165 3621 3227 exiit
3650 3165 3724 3227 ab

331 3258 422 3315 ἀπ’
481 3258 661 3337 αὐτοῦ,
719 3256 888 3333 μηδὲν
943 3256 1155 3335 βλάψεν
1186 3257 1369 3319 αὐτόν.
1418 3258 1516 3316 Καὶ
1544 3256 1755 3335 ἐγένετο
1781 3252 1984 3330 θάμϐος

2078 3250 2173 3311 illo
2206 3250 2472 3333 nihilque
2501 3253 2583 3314 illi
2619 3252 2842 3313 nocuit.
2880 3251 2949 3313 Et
2978 3253 3168 3314 factus
3200 3262 3289 3315 est
3331 3272 3511 3333 pavor
3540 3272 3723 3336 super

328 3348 413 3404 ἐπὶ
457 3349 659 3411 πάντας
691 3365 708 3382 ⁸
772 3349 861 3404 καὶ
918 3345 1238 3405 συνελάλουν
1293 3348 1425 3426 πρὸς
1479 3344 1772 3425 ἀλλήλους,
1806 3343 1990 3423 λέγον.

330 3460 414 3502 τες
452 3457 466 3473 ·
524 3438 613 3501 Τίς
646 3439 674 3493 6
704 3435 866 3514 λόγος
916 3446 1090 3516 οῦτος,
1152 3434 1233 3493 ὅτι
1279 3434 1333 3491 ἐν
1402 3435 1607 3508 ἐξουσίᾳ
1653 3436 1742 3491 καὶ
1771 3432 1983 3509 δυνάμει

326 3528 600 3584 ἐπιτάσσει
662 3539 781 3589 τοῖς
839 3525 1155 3605 ἀκαθάρτοις
1236 3526 1523 3601 πνεύμασι,
1584 3526 1673 3580 καὶ
1732 3522 1985 3603 ἐξέρχον-

327 3635 466 3685 ut;
529 3617 628 3674 Καὶ
684 3614 1019 3683 ἐξεπορεύετο
1075 3617 1220 3695 ἦχος
1292 3617 1411 3693 περὶ
1469 3615 1629 3673 αὔτοῦ
1684 3615 1754 3680 εἷς
1814 3611 1987 3669 πάντα

324 3707 491 3762 τόπον
541 3710 641 3772 τῆς
700 3704 1032 3785 περιχώρου.
1068 3728 1096 3759 n
1163 3702 1383 3773 Ἐπειδὴ
1434 3705 1556 3769 τοὺς
1586 3703 1838 3766 ἀπίστους
1869 3702 1988 3759 οὔτε

319 3794 630 3853 διδασκαλία
688 3792 976 3875 ἐφέλκεται
1033 3795 1165 3873 πρὸς
1194 3795 1397 3875 πίστιν,
1441 3792 1525 3851 διὰ
1554 3801 1709 3852 τοῦτο
1738 3794 1765 3849 6
1796 3791 1988 3872 Κύριος

322 3887 417 3948 τὰς
460 3885 891 3965 θαυματουργίας
943 3885 1222 3963 προσάγει,
1283 3885 1404 3942 οἶόν
1458 3907 1511 3941 τι
1567 3883 1989 3962 δραστικώτατον

330 3977 612 4056 φάρμακον
647 3990 662 4005 ⁶
695 3979 1091 4054 θαυματουργεῐ
1147 3981 1237 4031 οῦν
1282 3974 1337 4031 ἐν
1397 3974 1746 4053 Καπερναούμ
1779 3992 1793 4006 ’
1855 3973 1988 4029 ἀπι-

331 4066 577 4123 στότατοι
635 4065 737 4143 γὰρ
767 4073 912 4123 οῦτοι
943 4066 1031 4121 καὶ
1084 4062 1301 4120 πολλῶν
1351 4062 1593 4141 δεόμενοι
1623 4064 1755 4142 πρὸς
1786 4062 1986 4120 πίστιν*

331 4155 446 4211 ἐπεὶ
501 4154 673 4211 τοίνυν
726 4152 951 4220 ἐδίδαξεν
1002 4157 1223 4228 ἱκανῶς,
1283 4154 1371 4210 καὶ
1425 4162 1582 4212 τοῦτο
1642 4155 1715 4217 ὡς
1758 4151 1994 4219 ἐξουσίαν

331 4245 478 4325 ἔχων
531 4243 628 4323 (0'3
686 4245 786 4324 γὰρ
838 4243 1013 4322 ἔλεγε,
1071 4241 1195 4301 τάδε
1252 4242 1395 4323 λέγει
1460 4245 1672 4323 Κύριος,
1722 4240 1841 4299 ἀλλ’
1888 4242 1998 4320 ἐγὼ

332 4332 477 4409 λέγω
531 4334 685 4407 ὑμῖν,
722 4332 803 4389 ὅτι
834 4331 971 4408 μηδὲ
1013 4334 1087 4395 ὡς
1146 4333 1231 4399 εἷς
1286 4340 1394 4389 τῶν
1424 4339 1714 4414 προφητῶν
1744 4334 1838 4405 ἦν,
1872 4330 1997 4388 ἀλλ’

332 4422 538 4490 ἀληθὴς
602 4424 720 4489 Υἱὸς
772 4430 864 4480 τοῦ
921 4422 1108 4501 Θεοῦ),
1160 4424 1297 4498 μετὰ
1346 4430 1512 4480 ταῦτα
1564 4422 1752 4501 ἐπάγει
1796 4422 1885 4477 καὶ
1934 4422 1996 4479 τὸ

334 4516 531 4587 θαῦμα,
594 4514 686 4568 καὶ
753 4512 1028 4591 θεραπεύει
1126 4513 1216 4568 τὸν
1287 4510 1747 4587 δαιμονιζομένον,
1825 4502 1882 4569 Ὀ
1938 4507 1994 4565 δὲ

330 4572 532 4677 δαίμων
588 4572 846 4681 πρότερον
903 4600 1166 4679 ὁμολογεῖ
1220 4602 1319 4669 τὴν
1375 4572 1597 4682 ἐχθράν,
1636 4572 1743 4659 ἵνα
1769 4603 1804 4670 ἡ
1851 4572 2061 4678 μαρ-Ῑ)

332 4693 482 4769 τυρία
538 4689 845 4757 ἀξιόπιστος
891 4692 985 4759 ε’ίη
1020 4707 1036 4722 ⁸
1094 4691 1220 4748 εἶτα
1261 4691 1451 4769 ἐπάγει
1504 4691 1604 4759 τὴν
1657 4691 1942 4770 μαρτυρίαν
1977 4709 1992 4723 ο

335 4778 536 4838 Οἶδάσε
565 4781 643 4843 τίς
675 4780 753 4838 εἴ.
784 4772 844 4838 Ὀ
872 4779 1025 4858 ἅγιος
1056 4788 1151 4839 τοῦ
1181 4788 1334 4843 Θεοῦ.
1368 4780 1631 4859 Πρὸτερον
1656 4786 1744 4837 οῦν
1777 4778 1998 4859 ἐγκαλεῖ

342 4874 485 4943 αὗτῷ
517 4888 534 4907 ⁸
571 4872 630 4927 Τί
660 4869 818 4939 ἦλθες
850 4868 953 4926 ὧδε
991 4868 1250 4928 ἀπολέσαι
1280 4871 1425 4945 ἡμᾶς
1463 4885 1480 4943 ;
1513 4869 1654 4927 Εἶτα
1692 4867 1996 4944 κολακεύει,

337 4957 508 5017 δοκῶν
565 4962 655 5015 τὸν
689 4960 877 5040 Κύριον
935 4961 1039 5017 ὑπὸ
1093 4960 1194 5028 τῆς
1251 4958 1536 5023 κολακείας
1582 4957 1995 5034 μαλακισθέντα,

339 5050 514 5106 ἐάσειν
589 5050 745 5106 αῦτόν
782 5065 798 5080 °
865 5049 1031 5113 οὕτως
1089 5048 1318 5117 ἀνόητον
1372 5050 1409 5117 ἡ
1467 5049 1695 5128 πονηρία
1731 5066 1744 5081 '
1807 5045 1927 5103 ἀλλ’
1972 5051 2000 5105 6

343 5140 554 5219 Κύριος.
630 5136 891 5196 διδάσκων
949 5140 1122 5219 ἡμᾶς,
1170 5138 1264 5195 ἵνα
1294 5138 1373 5214 μή
1405 5138 1699 5219 χρῄζωμεν
1747 5137 1847 5205 τῆς
1896 5137 2001 5194 ἀπὸ

337 5235 443 5285 τῶν
540 5226 807 5304 δαιμόνων
892 5250 1178 5308 μαρτυριας
1248 5230 1337 5285 καὶ
1424 5227 1750 5299 συστάσεως,
1817 5227 1949 5307 φησί
1982 5242 1996 5257 '

334 5318 644 5394 Φιμώθητι,
698 5320 788 5375 καὶ
861 5317 1033 5384 ἔξελθε
1082 5316 1137 5383 ἐξ
1193 5317 1375 5377 αὒτοῦ.
1455 5324 1747 5397 Συγχωρεϊ
1812 5314 1866 5371 δὲ
1924 5321 2000 5390 τῷ

336 5408 548 5486 δαίμονι
606 5408 756 5486 ῥίψαι
815 5410 905 5465 τὸν
940 5405 1265 5488 ¹ἄνθρωπον,
1335 5408 1428 5464 ’ἱνα
1488 5408 1725 5483 μάθωσιν
1782 5408 1827 5463 οἱ
1859 5428 2002 5486 παρ-

335 5506 592 5579 εστιὶιτες,
656 5498 738 5554 ὅτι
787 5497 954 5561 ὄντως
996 5497 1271 5574 δαιμόνιον
1327 5500 1481 5579 εἶχε,
1538 5496 1790 5556 Κάκείνου
1822 5496 1888 5565 ἧν
1942 5497 2007 5552 τὰ

337 5590 580 5669 ῥήματα,
642 5590 687 5645 εἰ
746 5590 835 5646 καὶ
890 5590 925 5658 ἡ
970 5587 1189 5667 γλῶσσα
1234 5596 1327 5645 τοῦ
1369 5587 1645 5667 ἀνθρώπου
1704 5586 1954 5665 ὕπούργει
1990 5634 2005 5649 ,

340 5680 432 5735 καὶ
489 5675 555 5745 δὴ
614 5677 933 5736 συνελάλουν
977 5679 1108 5758 πρὸς
1166 5677 1433 5748 ἀλλήλους
1486 5676 1745 5753 ἅπαντες,
1795 5675 2008 5753 θαυμά-

2069 3361 2299 3404 omnes.
2355 3351 2411 3403 et
2456 3342 2955 3424 colloquebantur
3007 3344 3164 3405 inter
3203 3362 3363 3425 sese,
3399 3345 3671 3407 dicentes
3705 3368 3719 3407 :

2070 3430 2214 3503 Quis
2242 3451 2440 3495 sermo
2475 3433 2571 3495 hic
2608 3442 2720 3508 est,
2752 3433 2890 3513 quia
2933 3453 3067 3495 cum
3116 3434 3466 3497 auctoritate
3510 3443 3568 3496 et
3600 3454 3709 3516 po-

2073 3528 2282 3584 testate
2322 3522 2575 3603 imperat
2619 3523 2946 3584 immundis
2988 3523 3319 3604 spiritibus,
3355 3533 3415 3586 et
3462 3523 3756 3587 exeunt?‘

2070 3611 2143 3673 Et
2178 3610 2587 3691 divulgabatur
2633 3613 2786 3673 fama
2836 3612 2910 3674 de
2962 3613 3063 3674 illo
3112 3614 3170 3673 in
3230 3632 3469 3675 omnem
3528 3615 3725 3676 locum

2074 3700 2336 3782 undique
2362 3701 2626 3764 ﬁnitimae
2650 3701 2974 3781 regionis.»
3016 3705 3329 3783 Postquam
3356 3721 3551 3784 neque
3573 3703 3726 3765 ratio

2073 3809 2267 3871 neque
2300 3790 2571 3853 doctrina
2600 3792 2671 3853 ad
2706 3792 2883 3853 ﬁdem
2916 3791 3113 3872 rapuit
3144 3791 3725 3867 incredulos,Domi-

2074 3901 2187 3942 nus
2217 3880 2287 3941 ad
2327 3881 2749 3943 miraculorum
2783 3882 3190 3962 operationem
3214 3900 3277 3943 se
3300 3883 3729 3957 convertit,ceu

2076 3970 2496 4033 efﬁcassimum
2521 3972 2935 4051 pltarmacum.
2958 3970 3435 4050 Miraculaigitur
3453 3981 3732 4053 operatur
3828 3988 3839 3997 '

2076 4060 2136 4120 in
2183 4059 2576 4140 Capernaum.
2632 4061 2817 4123 Valde
2866 4060 3025 4121 enim
3087 4060 3383 4123 increduli
3436 4072 3626 4137 erant,
3674 4072 3734 4125 et

2081 4148 2284 4210 multis
2341 4150 2411 4211 ad
2465 4151 2642 4212 ﬁdem
2708 4150 3096 4229 indigebant:
3152 4150 3373 4212 idcirco
3423 4159 3729 4232 postquam

2081 4238 2227 4298 satis
2259 4238 2546 4319 docuit,et
2568 4240 2625 4301 id
2653 4248 2927 4320 tanquam
2964 4246 3252 4319 potestate
3285 4241 3564 4319 praeditus
3588 4241 3763 4321 (non,

2082 4327 2239 4389 enim
2275 4328 2533 4401 dicebat,
2568 4328 2704 4390 Haac
2735 4329 2879 4389 dicit
2922 4326 3232 4401 Dominus,
3266 4330 3395 4401 sed,
3431 4328 3551 4408 Ego
3597 4330 3732 4391 dico

2082 4417 2285 4480 vobis:
2322 4421 2457 4498 quia
2487 4438 2603 4478 non
2637 4437 2788 4479 unus
2822 4436 2890 4478 ex
2936 4418 3240 4498 prophetis
3269 4426 3416 4492 erat,
3453 4417 3559 4480 sed
3589 4435 3735 4481 vere

2084 4506 2188 4570 Dei
2240 4506 2472 4589 Filius),
2537 4507 2735 4568 subdit
2796 4506 2969 4567 etiam
3026 4506 3401 4579 miraculum,
3457 4522 3509 4568 et
3567 4515 3737 4569 sanat

2080 4594 2375 4657 daemonio
2395 4598 2701 4676 agitatum.
2740 4599 2815 4657 At
2845 4595 3077 4655 daemon
3112 4594 3453 4655 inimicitias
3475 4596 3733 4675 primum

2078 4685 2315 4760 fatetur,
2373 4706 2505 4766 quo,
2539 4684 2947 4748 testimonium
3000 4684 3129 4762 ejus
3173 4683 3291 4744 ﬁde
3340 4684 3576 4762 dignius
3606 4683 3730 4749 sit:

2081 4774 2218 4836 dein
2240 4774 2480 4856 subjicit
2503 4776 2905 4836 testimonium
2937 4795 2950 4834 :
2980 4775 3120 4835 Scio
3147 4786 3227 4849 te,
3255 4774 3354 4853 qui
3374 4774 3739 4845 sis,Sanctus

2084 4865 2178 4927 ille
2206 4864 2335 4928 Dei.
2388 4865 2555 4927 Prius
2588 4866 2766 4945 igitur
2798 4864 3067 4942 increpat
3097 4863 3264 4924 illum
3298 4884 3310 4926 :
3367 4865 3489 4926 Cur
3523 4864 3737 4926 venisti

2085 4956 2197 5016 huc
2250 4955 2500 5034 perdere
2554 4955 2718 5018 nos?
2772 4960 2976 5014 Postea
3040 4952 3338 5025 adulatur,
3391 4952 3739 5015 existimans

2084 5044 2400 5107 Dominum
2437 5045 2779 5107 adulatione
2821 5044 3069 5104 fractum
3117 5043 3315 5103 sinere
3346 5042 3514 5105 illum
3552 5061 3565 5105 :
3620 5051 3737 5104 tam

2086 5134 2262 5195 stulta
2295 5153 2390 5196 res
2422 5145 2509 5194 est
2540 5134 2760 5195 malitia
2789 5154 2805 5211 ;
2839 5132 2943 5195 sed
2981 5132 3269 5194 Dominus
3286 5132 3511 5194 docens
3532 5151 3641 5194 nos
3665 5150 3741 5194 ne

2088 5232 2322 5285 utamur
2352 5225 2689 5286 daemonum
2725 5221 3085 5284 testimoniis
3116 5230 3173 5284 et
3206 5220 3518 5283 sententiis
3548 5240 3561 5282 :
3612 5220 3741 5286 Ob-

2089 5324 2376 5390 mutesce,
2436 5316 2648 5397 inquit,
2704 5326 2761 5378 et
2810 5314 3099 5393 cgredere
3153 5332 3221 5374 ex
3274 5314 3372 5373 illo
3454 5312 3746 5375 Permittit

2087 5414 2282 5465 autem
2318 5405 2570 5465 darmoni
2602 5418 2660 5465 ut
2693 5404 2962 5487 projiciat
2989 5403 3320 5477 hominem,
3352 5412 3414 5463 ut
3444 5403 3751 5465 discrrent

2090 5495 2546 5556 circumstantes
2601 5496 2765 5557 illum
2827 5511 2963 5554 vere
3023 5492 3301 5554 habuisse
3354 5492 3744 5567 daemonium,

2092 5584 2263 5663 cujus
2295 5596 2459 5644 erant
2501 5584 2699 5659 verba,
2736 5584 2974 5645 tametsi
3021 5581 3221 5662 lingua
3263 5582 3525 5645 hominis
3574 5582 3752 5645 mini-

2096 5676 2665 5755 straret.Propterea
2687 5675 3183 5755 colloquebantur
3203 5671 3361 5735 inter
3380 5690 3513 5735 sese
3534 5688 3749 5734 omnes
