4232 6404
487 364 608 430 785
1452 360 2049 447 THEOPHYLAGTI
2095 361 2139 422 B

2230 358 2508 422 .GARl/E
2552 357 2905 421 ARCHIEP.
3756 346 3880 411 756

488 503 853 567 admirantes
883 503 957 564 de
981 501 1201 593 talibus
1232 503 1402 593 factis
1424 510 1490 593 et
1511 500 1781 593 dicentes
1808 521 1821 564 :
1855 498 1998 572 Quis
2020 513 2144 593 ser:

2230 500 2407 564 ζοντες
2439 492 2524 549 ἐπὶ
2568 508 2685 558 τοῖς
2730 492 3062 571 γενομένοις,
3101 492 3186 546 καὶ
3221 489 3469 567 λέγοντες
3508 506 3525 525 ⁸
3560 490 3648 552 Τίς
3678 489 3706 542 6
3738 484 3898 593 λόγος

489 613 584 655 mo
619 593 741 666 hic,
770 593 827 652 id
861 600 949 654 est
973 592 1312 654 mandatum
1342 592 1495 653 istud
1530 590 1683 672 quod
1720 590 2010 671 imperat:
2038 586 2141 649 Exi

2230 583 2402 657 οὗτος,
2462 582 2727 661 τουτέστι,
2780 581 2859 645 τίς
2902 582 2936 649 ἡ
2983 577 3268 659 πρόσταξις
3313 579 3472 657 αὕτη,
3522 577 3578 634 ἐν
3619 577 3897 653 προστάσ-

486 682 560 744 ab
590 681 809 763 illo,et
835 680 1233 745 obmutesce?
1263 681 1431 744 Scias
1461 665 1654 743 autem
1708 665 1858 759 quod
1894 688 1951 742 et
1982 697 2138 740 nunc

2230 694 2326 741 σει,
2386 671 2467 729 ὅτι
2530 669 2767 737 ’Ἔξελθε
2823 669 2874 735 ἐξ
2932 672 3112 743 αὐτοῦ,
3159 670 3246 725 καὶ
3291 670 3612 749 φιμώθητις
3664 665 3898 721 Γίνωσκε

488 775 654 835 multi
688 761 910 835 habent
942 773 1260 849 daamonia,
1295 774 1395 854 qui
1440 777 1778 837 daemonum
1822 771 2138 853 perﬁciunt
2221 761 2276 854 ᾅὲ

488 862 1032 943 concupiscentias,
1086 871 1147 924 ut
1192 848 1510 925 iracundus
1543 862 1649 956 qui
1686 848 1866 924 habet
1909 862 2136 956 daemo-

2230 852 2492 931 Βαιμόνων
2576 853 2959 928 ἐπιθυμήματα
3030 848 3272 907 τελοῦσιν
3309 869 3324 885 ·
3412 854 3509 907 οἷο·

2230 947 2240 956 .
2346 941 2398 956 ,ει
2599 945 2623 956 ..
2811 940 2835 956 κ
2954 942 2964 956 .
3174 938 3196 956 ..
3350 942 3375 956 Α
3484 946 3509 956 -

487 954 649 1014 nium
684 938 810 1015 ira».
846 953 918 1014 At
946 954 994 1013 si
1020 938 1260 1014 venerit
1288 952 1463 1017 Jesus
1510 938 1577 1013 in
1615 951 1975 1045 Synagogam
2025 952 2136 1012 hoc

2230 941 2495 1020 ὶυμώδης,
2566 945 2718 1006 οὗτος
2806 940 3083 1017 δαιμόνιον
3174 938 3291 1019 ἔχει
3349 942 3514 1015 θυμοῦ
3547 957 3560 971 ’
3626 938 3744 994 ἀλλ’
3808 938 3855 990 ὲᾶ

2230 1023 2311 1045 ιι.-
2417 1034 2430 1045 .
2473 1032 2503 1045 ,κ
2622 1040 2642 1045 -
2721 1031 2736 1045 .
2870 1037 2893 1045 _
3224 1035 3244 1045 ,
3459 1029 3468 1044 ,
3647 1028 3671 1045 ,,
3833 1024 3855 1039 ..

2221 1023 2354 1110 ἷλθῃ
2412 1034 2439 1089 6
2470 1032 2674 1100 Ἰησοῦς
2720 1031 2773 1088 ὲν
2832 1037 2900 1108 τῇ
2964 1035 3273 1107 συναγωγῇ,
3320 1029 3610 1101 τουτέστιν,
3645 1028 3770 1083 ὅταν
3804 1024 3897 1089 εἴη

487 1050 601 1121 est,
636 1061 771 1103 cum
803 1061 972 1104 mens
1002 1041 1178 1104 fuerit
1209 1042 1632 1119 coadunata,et
1664 1062 1779 1103 non
1804 1041 2129 1120 divagatur,

488 1137 629 1193 tunc
661 1129 822 1193 dicet
852 1131 1145 1193 daemonio
1176 1131 1303 1204 irae,
1341 1151 1470 1213 qua}
1501 1132 1766 1193 coerceri
1811 1130 2088 1210 nequibat
2116 1149 2128 1188 :

485 1219 889 1285 Obmutesce:
927 1230 980 1281 et
1014 1222 1207 1282 statim
1243 1240 1375 1283 cum
1404 1222 1721 1303 projecerit
1752 1221 2052 1281 hominem
2074 1221 2132 1277 in

486 1309 775 1386 medium,
836 1311 1184 1391 egredietur
1245 1330 1310 1372 ex
1358 1330 1451 1371 eo.
1506 1309 1654 1383 Quid
1708 1318 1900 1370 autem
1949 1310 2026 1370 sit
2076 1308 2131 1367 in

488 1398 749 1460 medium
816 1400 1051 1479 projici,
1123 1399 1285 1462 disce
1368 1398 1615 1480 Oportet
1669 1399 1969 1460 hominem
2020 1418 2132 1458 non

484 1484 731 1546 omnino
757 1485 1109 1548 iracundum
1138 1505 1271 1551 esse
1306 1497 1362 1549 et
1385 1502 1679 1567 amarum,
1706 1487 1961 1549 crudelis
1987 1486 2142 1547 enim

493 1572 607 1636 hoc
639 1582 698 1636 et
729 1576 1084 1637 truculenta
1115 1576 1319 1638 bestia;
1345 1577 1540 1638 fuerit.
1581 1595 1774 1657 neque
1798 1576 2041 1637 omnino
2062 1576 2145 1636 ira

492 1673 821 1738 carentem,
854 1684 988 1725 nam
1044 1667 1154 1727 hoc.
1190 1666 1484 1729 insensati
1516 1666 1714 1745 fuerit,
1749 1666 1853 1726 sed
1890 1665 2142 1727 mediam

488 1754 775 1815 incedere
807 1755 985 1830 viam,
1019 1765 1076 1817 et
1125 1758 1387 1818 furorem
1425 1774 1663 1818 servare
1710 1766 1917 1817 contra
1967 1754 2143 1816 mali-

488 1844 650 1942 tiam.
685 1843 830 1942 pum
865 1844 1041 1942 igitur
1074 1846 1129 1942 in
1170 1846 1428 1942 medium
1482 1845 1612 1927 quis
1642 1864 1675 1906 a
1727 1846 1881 1906 malo
1934 1845 2142 1926 spiritu
2171 1893 2207 1942 Β

485 1931 821 2012 projicitur,
856 1933 1219 2014 relinquitur
1247 1934 1321 1995 ab
1352 1953 1450 1997 eo.

566 2018 751 2082 Vens.
787 2020 993 2085 38-44.
1030 2048 1055 2078 α
1091 2026 1240 2092 Cum
1265 2025 1621 2087 surrexisset
1651 2032 1845 2086 autem
1877 2026 2047 2086 .lesus
2070 2027 2143 2087 de

2336 763 2417 818 ὅτι
2474 763 2562 819 καὶ
2612 762 2701 819 νῦν
2759 760 2949 817 πολλοὶ
2979 759 3167 840 ἔχουσι
3226 758 3498 834 δαιμόνια,
3551 757 3671 815 ὅσοι
3699 756 3766 811 τὰ
3794 758 3903 808 τῶν

3412 854 3559 922 οἷον,
3615 847 3731 904 ἔστι
3817 866 3898 907 τις

3626 935 3744 994 ἀλλ’
3808 934 3899 990 ἐὰν

2226 1126 2253 1179 ὃ
2312 1124 2429 1185 νοῦς
2477 1121 2807 1200 συνηγμένος
2854 1121 2943 1175 καὶ
2981 1119 3059 1195 μὴ
3091 1117 3468 1198 διαχεόμενος,
3518 1120 3635 1175 τότε
3670 1117 3780 1193 ἐρεῖ
3827 1120 3899 1185 τῷ

2227 1210 2483 1287 δαιμονίῳ
2528 1214 2617 1268 τοῦ
2658 1214 2849 1287 θυμοῦ,
2909 1208 3188 1280 ἀκαθέκτῳ
3242 1208 3351 1264 ὄντι
3390 1226 3402 1239 '
3437 1209 3719 1283 Φιμώθητι
3756 1226 3767 1239 ·
3812 1203 3901 1260 καὶ

2227 1300 2373 1365 εὐθὺς
2430 1301 2588 1378 ῥίψαν
2630 1302 2723 1357 τὸν
2786 1298 3057 1376 ἄνθρωπον
3102 1298 3175 1362 εἰς
3234 1297 3294 1353 τὸ
3344 1296 3530 1372 μέσον,
3564 1296 3892 1363 ἐξελεύσεται

2229 1388 2325 1445 ἀπ’
2383 1388 2559 1445 αὐτοῦ.
2598 1390 2658 1447 Τί
2699 1387 2756 1445 δέ
2816 1386 2926 1443 ἐστι
2970 1388 3032 1443 τὸ
3075 1387 3224 1462 ῥίψαι
3270 1388 3344 1450 εἰς
3405 1389 3467 1443 τὸ
3513 1386 3698 1463 μέσον,
3754 1386 3895 1459 μάν-

2227 1482 2349 1535 θανε
2385 1494 2399 1507 ’
2446 1480 2538 1535 τὸν
2569 1477 2843 1556 ἄνθρωπον
2892 1475 3012 1533 οὕτε
3055 1476 3232 1542 πάντη
3284 1475 3502 1551 θυμωδη
3552 1477 3641 1532 καὶ
3709 1476 3899 1551 πικρὸν

2229 1566 2314 1624 δεῖ
2372 1568 2520 1625 εἶναι
2557 1587 2576 1605 ο
2648 1566 2906 1647 θηριῶδες
2979 1567 3079 1645 γάρ
3116 1585 3129 1598 '
3190 1565 3308 1623 οὔτε
3380 1567 3555 1632 πάντη
3606 1566 3896 1644 ἀόργητον,

2230 1658 2543 1725 ἀναίσθητον
2604 1658 2727 1738 γὰρ,
2789 1656 2928 1713 ἀλλὰ
2987 1657 3087 1723 τὴν
3143 1654 3332 1738 μέσηνῄ
3375 1653 3497 1712 ὁδὸν
3528 1655 3779 1733 βαδίζειν,
3809 1657 3899 1710 καὶ

2229 1748 2320 1804 τὸν
2348 1749 2511 1824 θυμὸν
2537 1736 2685 1828 ἔχειν
2714 1736 2867 1804 κατὰ
2910 1751 3010 1812 τῆς
3042 1745 3255 1807 κακίας.
3295 1736 3472 1803 ιὈτιιν
3503 1746 3591 1802 οῦν
3620 1766 3737 1801 τινα
3769 1743 3898 1823 ῥίψῃ

2230 1838 2301 1899 εἷς
2358 1838 2420 1893 τὸ
2476 1836 2637 1913 μέσον
2695 1838 2757 1894 τὸ
2844 1837 3079 1915 πονηρὸν
3164 1842 3398 1910 πνεῦμα,
3472 1834 3743 1916 ἐξέρχεται
3802 1833 3897 1890 ἀπ’

2228 1926 2411 1990 αὐτοῦ,

2313 2040 2341 2071 α
2389 2014 2653 2083 Ἀναστὰς
2711 2015 2765 2074 δὲ
2825 2017 2886 2073 ἐκ
2942 2021 3042 2083 τῆς
3104 2015 3439 2094 συναγωγῆς,
3515 2014 3755 2084 εἰσῆλθεν
3824 2017 3899 2078 εἷς

484 2107 812 2190 Synagoga,
863 2111 1128 2175 introivit
1178 2114 1235 2174 in
1287 2114 1529 2176 domum
1584 2113 1867 2177 Simonis.
1925 2114 2143 2177 Socrus

2230 2109 2328 2175 τὴν
2358 2108 2527 2163 οἰκίαν
2575 2108 2818 2172 Σίμωνος
2851 2127 2862 2139 ·
2927 2108 2961 2175 ἡ
3013 2105 3237 2185 πενθερὰ
3281 2103 3333 2160 δὲ
3378 2106 3620 2181 Σίμωνος
3672 2106 3737 2173 ἧν
3769 2127 3897 2161 συν-

484 2206 683 2261 autem
727 2200 988 2264 Simonis
1014 2202 1329 2265 tenebatur
1353 2203 1509 2265 febri
1542 2223 1781 2282 magna,
1817 2212 1873 2266 et
1902 2222 2142 2283 rogave-

484 2296 624 2350 runt
650 2288 817 2351 illum
846 2310 949 2371 pro
976 2310 1066 2355 ea.
1097 2294 1166 2354 Et
1194 2284 1406 2355 astans
1430 2312 1609 2374 supra
1649 2294 1834 2368 illam,
1861 2294 2138 2375 increpa-

485 2377 565 2439 vit
587 2377 836 2453 febrem,
858 2388 914 2438 et
946 2379 1131 2442 febris
1162 2380 1388 2445 dimisit
1422 2381 1583 2443 illam
1617 2404 1628 2442 :
1665 2383 1983 2464 statimque
2012 2403 2140 2445 sur-

486 2485 654 2544 gens,
692 2466 1064 2533 ministrabat
1093 2470 1213 2533 illis
1270 2474 1415 2535 Cum
1452 2481 1652 2535 autem
1686 2474 1825 2532 505
1856 2473 1942 2533 sol
1977 2473 2143 2534 occi-

486 2557 684 2627 deret,
709 2576 845 2618 omn
858 2576 920 2619 es
942 2560 1041 2640 qui
1070 2559 1370 2622 habebant
1405 2561 1671 2622 inﬁrmos
1699 2561 1925 2624 morbis
1943 2563 2140 2642 variis,

487 2642 787 2705 ducebant
810 2645 944 2707 illos
966 2649 1038 2709 ad
1064 2667 1228 2713 eum.
1266 2651 1345 2710 At
1374 2650 1476 2713 ille
1502 2650 1751 2729 singulis
1787 2670 1993 2712 manus
2027 2652 2143 2711 im-

486 2751 740 2811 ponens,
766 2735 1012 2797 sanabat
1036 2756 1160 2800 eos.
1184 2736 1432 2800 Exibaut
1463 2748 1659 2800 autem
1697 2748 1753 2798 et
1790 2740 2085 2800 daemonia
2116 2761 2146 2801 a

487 2822 712 2902 multis,
732 2823 1048 2887 clamantia
1069 2847 1138 2889 ac
1159 2827 1443 2903 dicentia;
1468 2829 1552 2888 Tu
1578 2846 1642 2888 es
1664 2829 1939 2888 Christus
1965 2830 2146 2892 Filius

488 2912 617 2975 Dei.
652 2911 717 2973 Et
750 2913 1071 2996 increpans
1101 2937 1218 2978 non
1244 2918 1477 2979 sinebat
1505 2936 1572 2983 ca
1598 2919 1784 3000 loqui,
1821 2922 1955 3000 quia
1988 2921 2143 2981 scie-

483 3000 625 3062 bant
647 3001 839 3083 ipsum
859 3023 990 3067 esse
1008 3005 1517 3069 Christum.Facto
1531 3019 1729 3071 autem
1751 3008 1848 3069 die
1872 3028 2148 3089 egressus

484 3090 605 3153 ibat
633 3090 690 3153 in
716 3092 1276 3175 desertumlocum,
1312 3107 1368 3157 et
1395 3097 1585 3159 turba:
1614 3097 1960 3178 quaerebant
1983 3118 2139 3160 eum.

2228 2196 2470 2276 εχομένη
2520 2202 2731 2276 πυρετῷ
2762 2194 2983 2274 μεγάλῳ
3016 2209 3031 2225 ⁸
3091 2196 3181 2251 καὶ
3237 2193 3512 2274 ἐρώτησαν
3569 2194 3727 2251 αὒτὸν
3780 2200 3899 2274 περὶ

2228 2286 2392 2353 αὐτῆς
2424 2302 2440 2317 ⁶
2504 2288 2593 2343 καὶ
2663 2287 2885 2349 επιστὰς
2957 2285 3137 2341 ἐπάνω
3212 2285 3396 2357 αὐτῆς,
3465 2285 3757 2359 ἔπετίμησε
3814 2293 3893 2359 τῷ

2227 2382 2459 2454 πυρετῷ,
2518 2379 2604 2432 καὶ
2661 2377 2864 2456 ἀφῆκεν
2922 2376 3087 2444 αὐτήν
3122 2390 3136 2405 ⁶
3214 2375 3302 2430 καὶ
3359 2380 3695 2454 παραχρῆμα
3759 2375 3896 2430 ἀνα-

2229 2471 2400 2522 στᾶσα
2458 2462 2693 2532 διηκόνει
2754 2467 2963 2526 αύτοῖς.
3015 2465 3270 2526 Δύνοντος
3315 2462 3370 2519 δὲ
3414 2470 3508 2520 τοῦ
3559 2462 3737 2543 ἡλίου,
3770 2465 3900 2520 πέν-

2232 2576 2320 2618 τες
2381 2553 2495 2611 ὅσοι
2527 2555 2692 2634 εἶχον
2735 2554 3079 2616 ἀσθενοῦντας
3131 2552 3303 2613 νόσοις
3358 2550 3656 2628 ποικέλαις,
3691 2553 3896 2633 ἤγαγον

2232 2643 2420 2707 αὐτοὺς
2460 2644 2593 2722 πρὸς
2640 2641 2795 2702 αὐτόν
2826 2655 2846 2673 ⁹
2882 2644 2909 2697 6
2957 2639 3035 2713 δὲ,
3084 2640 3158 2695 ἑνὶ
3191 2640 3400 2715 ἑκάστῳ
3431 2640 3602 2696 αὐτῶν
3631 2644 3726 2705 τὰς
3758 2657 3894 2722 χεῖ-

2231 2753 2324 2811 ρας
2382 2731 2600 2811 ἐπιθεὶς,
2662 2732 3005 2809 ἐθεράπευσεν
3068 2728 3281 2793 αὐτούς.
3345 2727 3641 2808 Ἐξτςρχετο
3695 2728 3750 2785 δὲ
3810 2734 3897 2788 καὶ

2230 2820 2476 2897 δαιμόνια
2508 2822 2612 2877 ἀπὸ
2642 2820 2882 2893 πολλῶν,
2922 2818 3179 2896 κράζοντα
3222 2818 3311 2874 καὶ
3370 2817 3618 2896 λέγοντα,
3678 2817 3758 2873 ὅτι
3822 2822 3894 2875 Σὺ

2231 2912 2286 2968 εἴ
2331 2914 2359 2967 6
2417 2913 2640 2990 Χριστος
2705 2913 2731 2967 6
2794 2912 2910 2970 Υἱὸς
2954 2910 3046 2964 τοῦ
3103 2910 3234 2964 Θεοῦ
3266 2926 3284 2941 ⁶
3333 2909 3421 2964 καὶ
3453 2909 3741 2987 επιτιμῶν,
3802 2913 3895 2968 οὒκ

2231 2999 2483 3059 εἴαίαῦτὰ
2528 2998 2736 3070 λαλεῖν,
2773 2998 2853 3054 ὅτι
2905 2996 3121 3074 ᾔδεισαν
3150 2998 3241 3052 τὸν
3275 2998 3497 3074 Χριστὸν
3530 2996 3686 3051 αὐτὸν
3717 2997 3885 3059 εἶναι,

2230 3088 2529 3165 Γενομένης
2587 3086 2641 3143 δὲ
2697 3087 2921 3166 ἡμέρας,
2986 3084 3204 3151 ἐξελθὼν
3249 3082 3504 3155 ἐπορεύθη
3565 3085 3636 3149 εἷς
3693 3084 3892 3163 ἔρημον

487 3189 544 3242 et
568 3191 859 3244 venerunt
882 3202 1067 3265 usque
1090 3185 1159 3245 ad
1192 3172 1481 3265 ipsum,et
1512 3172 1858 3249 detinebant
1881 3188 2045 3250 illum
2072 3211 2144 3251 ne

2233 3178 2397 3234 τόπον
2422 3195 2436 3211 ⁶
2482 3181 2567 3234 καὶ
2628 3180 2675 3235 οἱ
2706 3175 2866 3257 ὄχλοι
2928 3175 3212 3247 ἐπεζήτουν
3268 3174 3447 3253 αὐτὸν,
3480 3176 3568 3229 καὶ
3596 3172 3760 3242 ἦλθον
3791 3172 3893 3237 ἕως

486 3267 831 3333 discederet
851 3271 925 3332 ab
950 3271 1413 3345 eis.Qnibusille
1431 3276 1548 3336 ait:
1578 3276 1645 3337 Et
1665 3276 1795 3337 aliis
1817 3276 2150 3339 civitatibus

483 3365 722 3439 oportet
754 3380 848 3423 me
880 3363 1283 3439 evangelizare
1314 3383 1565 3445 regnum
1616 3366 1738 3441 Dei,
1775 3387 1908 3429 nam
1943 3369 2003 3428 in
2038 3370 2149 3430 hoc

488 3448 707 3509 missus
731 3468 886 3513 sum.
912 3451 987 3512 Et
1014 3452 1377 3533 praedicabat
1403 3454 1461 3515 in
1486 3456 1798 3535 synagogis
1828 3455 2141 3518 ϐοΗῖρω..

488 3536 1055 3600 Dominusomnium
1072 3559 1105 3601 a
1122 3540 1435 3622 discipulis
1453 3542 1863 3624 excipiebatur
1881 3553 1933 3604 et
1948 3564 2149 3624 pasce-

485 3624 1193 3707 batur,quemadmodum
1214 3649 1373 3692 nunc
1399 3651 1637 3712 quoque
1657 3642 1708 3691 ιι
1735 3633 1887 3712 apud
1907 3632 2143 3694 Petrum

483 3716 742 3796 hOSpitio
777 3718 1090 3798 excipitur,
1125 3729 1185 3780 et
1214 3729 1384 3782 sanat
1414 3723 1546 3801 ejus
1577 3741 1813 3782 socrum
1851 3745 1861 3781 :
1915 3732 1975 3783 ut
2008 3734 2065 3783 et
2095 3734 2147 3784 te

483 3804 737 3865 instruat
774 3824 849 3866 ne
870 3807 1110 3887 rejicias
1134 3826 1461 3888 pauperum
1500 3810 1979 3873 benevolentiam
2016 3812 2144 3874 Non

483 3893 842 3974 simpliciter
854 3904 1053 3958 autem
1070 3906 1237 3958 curat
1260 3898 1417 3958 illam
1437 3918 1469 3959 a
1493 3899 1835 3977 morbo,sed
1854 3910 1910 3962 et
1930 3900 2142 3963 bonam

484 3982 886 4044 valetudinem
914 3993 973 4045 et
997 3985 1182 4047 robur
1210 3986 1281 4047 ad
1308 3987 1767 4050 ministrandnm
1798 3991 1849 4051 ei
1877 3993 2149 4073 suppedi-

483 4079 587 4161 tat.
610 4072 688 4134 Et
716 4090 825 4132 nos
860 4092 1098 4155 quoque
1135 4076 1184 4137 si
1236 4076 1404 4138 illum
1440 4079 1883 4161 exceperimus,
1918 4072 2145 4144 exstin—

481 4158 621 4241 guet
644 4169 905 4252 nostram
921 4163 1142 4252 febrim
1164 4166 1263 4228 ira:
1284 4174 1341 4226 et
1362 4158 1947 4248 concupiscentiae,et
1962 4173 2151 4252 erige!

486 4268 556 4313 ac
586 4249 1003 4313 conroborabit
1034 4273 1164 4336 nos,
1192 4256 1270 4316 ita
1294 4264 1357 4316 ut
1379 4256 1431 4317 ei
1458 4257 1803 4319 ministrare
1825 4249 2145 4344 valeamus,

488 4341 601 4402 hoc
624 4348 712 4401 cst
733 4340 933 4405 facere
955 4363 1087 4425 qua:
1109 4346 1163 4407 ei
1187 4346 1601 4427 placent.\’ide
1637 4340 2145 4425 autem,obseero,

2234 3271 2412 3344 αὐτοῦ,
2474 3269 2561 3324 καὶ
2617 3281 2883 3347 κασεῖχον
2940 3267 3095 3324 αὐτὸν
3157 3272 3251 3321 τοῦ
3294 3264 3372 3339 μὴ
3430 3264 3742 3338 πορεύεσθαι
3799 3264 3893 3321 ἀπ’

2235 3360 2405 3415 αὐτῶν
2442 3377 2457 3392 ⁶
2505 3360 2533 3414 6
2571 3355 2626 3414 δὲ
2684 3358 2809 3413 εἶπε
2841 3358 2970 3436 πρὸς
3005 3356 3214 3434 αὐτοὺς,
3264 3354 3345 3410 ὅτι
3380 3355 3476 3411 Καὶ
3520 3367 3641 3415 ταῖς
3694 3353 3894 3433 ἑτέραις

2235 3447 2455 3505 πόλεσιν
2513 3445 2950 3526 εὗαγγελίσασθαί
3023 3467 3089 3521 με
3160 3442 3244 3500 δεῖ
3316 3443 3415 3510 τὴν
3472 3441 3743 3520 βασιλείαν
3807 3455 3900 3503 τοῦ

2236 3544 2389 3616 θεοῦ,
2437 3535 2518 3593 ὅτι
2564 3538 2635 3602 εἰς
2678 3538 2834 3592 τοῦτο
2889 3532 3251 3613 ἆπέσταλμαι,
3297 3534 3384 3588 καὶ
3414 3532 3481 3599 ἧν
3511 3535 3788 3603 κηρύσσων
3843 3533 3898 3589 ἐν

2233 3614 2383 3691 ταῖς.
2413 3641 2755 3705 συναγωγαῖς
2798 3630 2897 3691 τῆς
2943 3631 2978 3679 Γ
2984 3623 3252 3685 αλιλαίας,
3291 3646 3317 3677 ιο
3357 3614 3414 3680 ι0
3458 3620 3723 3690 δεσπότης
3753 3624 3895 3680 πάν-

2233 3740 2339 3773 των
2398 3717 2537 3797 παρὰ
2620 3729 2738 3778 τοῖς
2822 3718 3094 3789 μαθηταῖς
3196 3713 3522 3786 Ξενιζόμενος
3594 3712 3838 3794 ἐτρέφετο
3875 3733 3889 3749 ο

2232 3808 2409 3887 ὥσπερ
2454 3806 2542 3863 οὖν
2600 3807 2687 3862 καὶ
2757 3806 2898 3883 παρὰ
2972 3803 3152 3879 Πέτρῳ
3208 3812 3293 3861 νῦν
3356 3801 3709 3878 ξενιζόμενος,
3754 3805 3895 3860 ἰᾶται

2232 3898 2330 3964 τὴν
2372 3898 2573 3953 ἑκείνου
2618 3895 2870 3968 πενθεράν
2907 3913 2918 3924 ·
2972 3893 3064 3948 ’ἕνα
3095 3894 3181 3948 καὶ
3227 3892 3285 3948 σὲ
3316 3889 3572 3969 παιδεύσῃ
3618 3893 3756 3968 μηδὲ
3798 3894 3895 3957 τὰς

2233 3994 2335 4043 τῶν
2438 3984 2667 4042 εὐτελῶν
2771 3982 3180 4057 ἀποπέμπεσθαι
3266 3981 3650 4063 φιλοφροσύνας
3684 3999 3698 4014 ⁸
3789 3984 3894 4064 οὐχ

2232 4074 2414 4137 ἁπλῶς
2474 4074 2532 4130 δὲ
2584 4073 2859 4154 θεραπεύει
2904 4073 3066 4139 αὐτὴν
3109 4071 3213 4127 ἀπὸ
3270 4076 3367 4138 τῆς
3398 4073 3577 4147 νόσου,
3610 4072 3747 4130 ἀλλὰ
3806 4077 3893 4131 καὶ

2234 4166 2515 4243 εὖρωστίαν
2574 4167 2709 4238 αὖτῇ
2746 4163 2834 4219 καὶ
2890 4159 3107 4235 δύναμιν
3176 4160 3458 4240 ἐντίθησιν,
3520 4164 3592 4227 εἰς
3651 4165 3713 4219 τὸ
3772 4162 3894 4220 δἀ-

2233 4268 2432 4312 κονεῖν.
2499 4255 2558 4311 Εἰ
2614 4255 2702 4309 καὶ
2743 4254 2909 4327 ἡμεῖς
2972 4250 3060 4308 οὖν
3106 4249 3461 4327 ὑποδεξάμεθα
3495 4252 3673 4328 αὐτὸν,
3720 4277 3893 4311 κατα-

2234 4342 2408 4400 σϐέσει
2466 4344 2554 4399 καὶ
2612 4344 2701 4399 τὸν
2745 4342 3003 4421 ἡμέτερον
3058 4343 3300 4422 πυρετὸν,
3350 4343 3439 4398 τόν
3492 4365 3546 4397 τε
3592 4350 3682 4397 τοῦ
3732 4349 3896 4420 θυμοῦ

485 4438 544 4494 et
564 4430 753 4494 turbae
774 4433 976 4505 tidem,
1014 4439 1309 4515 quomodo
1333 4438 1510 4499 etiam
1538 4438 1662 4518 jam
1688 4442 2001 4503 occidente
2023 4444 2144 4505 sole

2236 4436 2322 4490 καὶ
2382 4436 2473 4490 τὸν
2529 4432 2626 4500 τῆς
2687 4432 3007 4509 ἐπιθυμίας*
3046 4438 3133 4489 καὶ
3191 4433 3369 4512 ἐγερεῖ
3421 4436 3564 4509 ἡμᾶς
3609 4435 3746 4491 ὥστε
3777 4435 3892 4491 δια-

480 4520 756 4583 lntirmos
783 4523 1091 4597 all‘erebat,
1130 4545 1327 4606 neque
1358 4536 1633 4608 tempore
1682 4530 2144 4606 impediebatur.

478 4608 607 4672 Non
633 4610 769 4672 sinit
803 4623 998 4675 autem
1026 4614 1320 4677 dmmonia
1344 4616 1529 4697 loqui,
1568 4632 1691 4678 tum
1728 4619 1883 4699 quod
1912 4640 2025 4681 non
2051 4623 2145 4681 in-

482 4699 717 4779 digebat
746 4703 1192 4766 immundorum
1230 4708 1424 4775 laude.
1465 4728 1657 4790 neque
1690 4711 1846 4771 enim
1881 4712 2149 4790 speciosa

482 4790 611 4852 laus
633 4790 693 4851 in
728 4811 833 4854 ore
858 4796 1189 4873 peccatoris
1208 4796 1420 4877 g’6,tum
1448 4799 1605 4879 quod
1636 4798 1871 4860 nolebat
1899 4803 2147 4863 accendi

480 4879 766 4941 invidiam
792 4880 1203 4958 Hebraeorum,
1239 4888 1564 4951 videntium
1600 4908 1737 4949 eum
1772 4889 1844 4950 ab
1872 4892 2150 4955 omnibus

483 4968 1029 5035 celebrari.Turbze
1052 4975 1189 5037 item
1218 4988 1640 5057 quaerunteum
1668 4980 1842 5062 etiam
1870 4979 1929 5041 in
1954 4980 2149 5045 locum

478 5058 783 5121 desertum
798 5060 1148 5146 abeuntem,
1170 5076 1226 5127 et
1241 5066 1512 5129 detinent
1536 5068 1624 5129 .At
1640 5058 1740 5128 ille
1760 5086 1875 5130 non
1893 5088 2007 5131 uno
2023 5072 2151 5136 loco

476 5146 1012 5227 circumscribitur,
1039 5155 1169 5231 sed,
1209 5157 1388 5218 Etiam
1412 5157 1561 5228 aliis,
1580 5157 1790 5239 inquit,
1818 5158 2149 5224 civitatibus

476 5245 709 5332 oportet
744 5259 839 5301 me
878 5244 1285 5324 evangelizare
1331 5266 1577 5326 regnum
1611 5246 1742 5309 Dei.
1777 5245 1941 5309 Unde
1974 5270 2144 5332 opor-

470 5326 753 5389 tetetiam
790 5350 897 5393 nos
922 5352 1038 5395 non
1077 5354 1312 5413 segnes,
1341 5355 1666 5415 nequeuno
1692 5337 1818 5397 loco
1836 5326 2144 5402 contentos

477 5430 631 5485 esse,
654 5417 757 5511 sed
779 5418 999 5501 ubique
1022 5423 1365 5502 circumire,
1389 5435 1447 5487 et
1473 5427 1754 5506 prodesse
1780 5426 2140 5511 quibusque.

2237 4538 2414 4581 κονεῖν
2472 4528 2639 4599 αὐτῷ,
2697 4524 2963 4592 τουτέστι,
3022 4525 3087 4580 τὰ
3162 4524 3355 4597 ἀρεστᾶ
3411 4528 3553 4598 αύτῷ
3617 4528 3889 4603 πράττειν,

2238 4606 2383 4691 ΗΟρα
2414 4612 2469 4670 δέ
2498 4635 2591 4690 μοι
2636 4616 2725 4670 καὶ
2767 4622 2859 4671 τοῦ
2887 4612 3057 4693 ὄχλου
3087 4614 3187 4679 τὴν
3230 4614 3428 4693 πίστιν,

2234 4727 2322 4767 τος
2381 4714 2475 4762 τοῦ
2543 4703 2698 4771 ἧλίου
2728 4703 3053 4784 προσέφερον
3098 4704 3218 4765 -ιοὺς
3269 4702 3587 4781 ἀῤῥώστους,
3624 4704 3750 4779 μηδ’
3792 4708 3896 4763 ὑπὸ

2233 4802 2325 4851 τοῦ
2381 4801 2566 4874 καιροῦ
2625 4792 3029 4870 ἐμποδιζόμενοι
3062 4808 3074 4821 ⁸

2233 4886 2445 4968 λαλεῖν,
2504 4887 2617 4962 ἅμα
2678 4886 2775 4960 μὲν
2818 4886 2897 4961 μὴ
2948 4883 3193 4960 δεόμενος
3227 4885 3322 4952 τῆς
3354 4886 3494 4963 παρὰ
3519 4887 3626 4943 τῶν
3658 4887 3897 4966 ἀκαθάρ-

2239 5003 2343 5037 των
2387 4979 2657 5060 εὐφημίας
2696 4994 2709 5008 ⁸

2235 5070 2566 5151 ἁμαρτωλῶν
2599 5086 2614 5102 ·
2664 5069 2776 5145 ἅμα
2820 5068 2875 5124 δὲ
2919 5070 2997 5145 μὴ
3051 5068 3218 5126 θέλων
3271 5068 3522 5124 ἁνάπτειν
3568 5071 3657 5126 τὸν
3710 5072 3897 5150 φθόνον

2234 5168 2337 5216 τῶν
2400 5151 2677 5233 Ἐϐραίων,
2723 5158 2781 5214 ἐκ
2824 5165 2917 5215 τοῦ
2974 5158 3115 5237 παρὰ
3176 5164 3335 5213 πᾶσιν
3379 5158 3733 5237 εὐφημεῖσθαι
3774 5181 3785 5192 ’
3853 5165 3897 5218 οἱ

2230 5248 2283 5305 δὲ
2340 5247 2499 5330 ὄχλοι
2555 5250 2644 5305 καὶ
2714 5249 2788 5314 εἷς
2864 5248 3061 5327 ἔρημον
3113 5248 3276 5303 τόπον
3335 5245 3631 5304 ἀπελθόντα
3674 5257 3895 5321 ζητοῦσι

2227 5342 2313 5395 καὶ
2372 5338 2694 5418 κατέχουσιν
2738 5338 2894 5394 αὐτόν
2931 5357 2945 5373 ·
3005 5333 3124 5393 ἀλλ’
3184 5336 3390 5400 ἐκεῖνος
3464 5338 3567 5417 οὐχ
3627 5338 3701 5396 ἐνὶ
3746 5340 3898 5415 τόπῳ

2230 5429 2601 5509 περιορζεται.
2661 5426 2829 5486 Ἀλλὰ
2882 5430 2970 5485 καὶ
3028 5440 3151 5490 ταῖς
3204 5427 3429 5507 ἑτέραις,
3484 5432 3635 5509 qna},
3675 5430 3897 5488 πόλεσιν

3462 4621 3575 4678 πῶς
3606 4618 3693 4670 καὶ
3722 4614 3894 4671 δύνον-

3129 4797 3227 4850 οὒκ
3255 4793 3440 4873 ἀφίησι
3472 4792 3520 4849 δὲ
3558 4796 3621 4849 τὰ
3652 4794 3899 4871 δαιμόνια

2767 4978 2872 5059 οὐχ
2927 4981 3127 5057 ὡραὋς
3196 4979 3295 5057 γὰρ
3356 4979 3508 5042 αἶνος
3574 4978 3626 5035 ἐν
3674 4982 3898 5056 στόματι

477 5505 910 5585 εὒαγγελίσασθαί
940 5536 1006 5588 με
1040 5513 1124 5572 δεῖ
1154 5517 1253 5585 τὴν
1283 5518 1552 5594 βασὲλείαν
1586 5522 1677 5574 τοῦ
1705 5526 1860 5578 Θεοῦ.
1902 5512 2067 5579 ”Οθε·ι
2113 5523 2164 5579 δὲ
2213 5524 2299 5577 καὶ
2354 5521 2498 5595 ἡμᾶς
2551 5520 2630 5596 μὴ
2687 5519 2893 5595 ὀκνεῖν,
2941 5517 3079 5595 μηδὲ
3123 5517 3197 5575 ἐνὶ
3227 5518 3376 5592 τόπῳ
3428 5518 3900 5598 περικλειομένους

473 5591 773 5672 ἀρκεῖσθαι,
809 5596 943 5654 ἆλΑα
972 5614 1253 5687 πανταχοῦ
1287 5606 1571 5686 περιιέναι,
1606 5607 1659 5664 εἴ
1691 5631 1802 5675 πως
1832 5610 2181 5693 ὠφελήσομέν
2214 5631 2356 5674 τινα,

549 5749 615 5802 9⁸
639 5749 829 5819 Εοοιί-
865 5781 963 5844 xv,
1000 5765 1061 5831 9.
