4232 6462
462 315 583 421 759
1432 346 2024 416 THEOPHYLACTI
2073 342 2481 405 BULGARI/E
2521 339 2878 405 sacenae.
3733 339 3860 404 70-0

466 509 576 572 per
595 493 938 573 anagogiam
957 491 1004 553 si
1023 489 1114 552 vis
1136 486 1514 567 intelligas.N
1519 483 1642 573 avis
1663 490 1751 544 est
1769 479 2106 573 Iudaeorum
2131 519 2138 533 ι

2230 476 2356 555 τέρῳ
2399 469 2570 533 πλοίὼ
2604 495 2617 509 ·
2653 473 2736 532 δια
2765 477 3024 551 νεύματος
3073 474 3130 532 δὲ
3185 477 3366 539 αότοὺς
3413 475 3806 556 προσκαλεῖται
3841 479 3856 494 ’

471 563 814 662 Synagoéa:
837 590 910 644 et'
939 582 1152 643 Petrus
1177 563 1356 656 gerit"
1378 585 1572 656 typum
1607 572 1917 662 doctorum
1952 567 2119 646 legis.

2221 563 2390 633 ιπειδῆ
2434 563 2522 623 διὰ
2561 564 2662 633 τῆν
2690 565 2777 622 hri
2838 571 2903 641 τῇ
2951 564 3089 645 ἄγρα
3147 563 3413 640 ἕκοληξιν,
3458 563 3576 622 οὐδὲ
3631 563 3862 632 λαλῆσαι

471 653 914 735 Laborav'enunt-
937 677 1134 731 autem
1182 653 1294 746 per
1337 653 1513 726 totam
1566 669 1802 722 noctem
1853 658 2126 718 doctores

2221 654 2432 722 ἣδύνατο
2464 673 2479 689 ⁶
2527 654 2634 711 ἀπὸ
2688 653 2895 722 πολλῆς
2954 653 3009 710 δὲ
3050 653 3322 720 εὐλαϐείας
3367 657 3395 711 6
3439 655 3633 734 Πέτρος
3663 676 3861 732 παραι-

469 761 567 840 qui
617 767 756 820 ante
801 759 1100 822 Christum
1160 740 1425 816 fuerunt.
1479 746 1947 840 Tempusenim
1993 753 2128 806 ante

2221 745 2384 801 τεῖται
2413 746 2504 800 τὸν
2538 740 2748 812 Ἰησοῦν
2786 751 2876 801 τοῦ
2905 744 2982 820 μή
3017 745 3160 801 εἶναι
3205 743 3258 800 ἐν
3288 751 3364 819 τῷ
3394 745 3586 819 πλοίῳ,
3617 744 3865 822 ἀμαρτω-

469 835 601 924 ejus
629 848 943 910 adventum
967 866 1079 908 nox
1099 863 1151 906 ei
1168 851 1316 916 at,et
1339 841 1484 903 nihil
1511 835 2123 919 comprehenderunt:

472 945 782 1018 postquam
815 945 1010 997 autem
1039 934 1200 996 venit
1225 929 1781 1009 Cbristus,diesque
1802 928 1993 1018 factus
2013 932 2122 1018 est,

469 1013 723 1105 aposioli
785 1027 840 1086 in
901 1025 1097 1087 locum
1141 1023 1290 1102 legis
1339 1019 1650 1081 doctorum
1707 1013 2020 1093 surrogati,
2067 1013 2129 1074 in

469 1113 650 1176 verbo
682 1115 834 1194 ejus,
869 1114 980 1175 hoc
1012 1122 1103 1174 est
1138 1113 1198 1173 in
1244 1118 1542 1191 praecepto
1591 1107 1742 1185 ejus,
1782 1105 1975 1166 laxant
2006 1111 2132 1164 rete

471 1199 798 1284 Evangelii,
835 1211 892 1264 et
949 1200 1394 1263 multitudinem
1449 1195 1756 1258 hominum
1818 1202 2128 1284 venantur.

473 1292 594 1354 Soli
628 1280 823 1353 autem
858 1291 1102 1370 apostoli
1155 1307 1270 1350 non
1319 1293 1566 1368 possunt
1613 1285 1847 1344 trahere
1881 1291 2006 1342 rete
2041 1280 2134 1359 pi-

476 1384 690 1455 scium,
726 1393 1116 1462 annuuntque
1161 1379 1341 1440 sociis
1380 1377 1526 1448 suis,
1563 1384 1619 1434 et
1667 1371 2132 1446 communicant,

475 1481 534 1534 et
565 1489 698 1532 cum
734 1471 820 1534 eis
854 1470 1114 1532 trahunt.
1159 1467 1232 1530 Hi
1277 1475 1472 1528 autem
1527 1462 1666 1522 305
1698 1472 1834 1522 sunt
1873 1469 2137 1542 pastores

477 1572 534 1622 et
583 1559 858 1622 doctores
911 1557 1309 1620 Ecclesiarnm
1364 1556 1419 1616 in
1471 1553 1723 1632 singulis
1770 1550 2136 1632 temporibus

479 1650 576 1729 qui
610 1649 1078 1728 interpretantur
1099 1655 1155 1709 et
1175 1644 1391 1706 docent
1415 1641 2136 1724 apostolica,trahuntque

479 1757 613 1802 cum
648 1737 956 1818 apostolis,
983 1747 1046 1796 ut
1079 1736 1382 1813 piscentur
1409 1729 2134 1795 homines.Animadverle

2210 835 2302 890 Αὸν
2355 834 2540 890 ἑαυτὸν
2585 831 2784 914 λέγων,
2836 834 2922 890 καὶ
2971 832 3068 890 οὒκ
3097 831 3238 899 ἄξιον
3271 840 3364 891 τοῦ
3393 833 3578 906 ἐκείνῳ
3605 846 3864 894 συνεῖναι.

2212 923 2422 990 Νόησον
2466 921 2520 978 δὲ
2578 930 2746 979 ταῦτα
2804 924 2891 978 καὶ
2946 923 3082 981 κατὰ
3124 922 3434 1003 ἀναγωγὴν,
3483 923 3526 979 εἰ
3553 921 3747 986 θέλεις.
3794 924 3866 980 T6

2211 1011 2406 1070 πλοῖόν
2447 1014 2592 1068 εστιν
2644 1013 2678 1080 ἡ
2723 1015 2828 1068 τῶν
2898 1009 3164 1071 Ἰουδαίων
3210 1014 3506 1092 Συναγωγή
3541 1027 3554 1042 ⁸
3593 1014 3622 1068 6
3675 1012 3868 1091 Πέτρος

2211 1101 2380 1158 τύπον
2440 1100 2630 1180 ἐπέχει
2672 1107 2777 1158 τῶν
2824 1101 2878 1158 ἐν
2922 1108 2999 1176 τῷ
3026 1115 3177 1176 νόμῳ
3219 1100 3546 1159 διδασκάλων
3581 1116 3597 1133 ⁶
3645 1101 3867 1158 ἐκοπία-

2217 1212 2313 1248 σαν
2373 1190 2462 1247 οὗν
2518 1189 2586 1246 δι’
2644 1189 2775 1258 ὅλης
2835 1196 2932 1258 τῆς
2992 1193 3176 1253 νυκτὸς
3233 1193 3280 1248 οἱ
3339 1192 3442 1269 πρὸ
3499 1199 3592 1249 τοῦ
3648 1197 3870 1268 Χριστοῦ

2218 1279 2525 1338 διδάσκαλοι
2580 1280 2690 1359 (νὺξ
2753 1281 2852 1359 γάρ
2923 1283 2950 1338 6
3011 1289 3112 1360 πρὸ
3152 1285 3250 1350 τῆς
3310 1288 3535 1359 Χριστοῦ
3587 1278 3870 1354 ἐπιδημίας

2217 1372 2439 1450 καιρὸς),
2488 1374 2577 1426 και
2635 1369 2780 1428 οὐδὲν
2823 1369 3038 1430 ἔλαϐον.
3096 1368 3380 1434 Ἐλθὸντος
3409 1368 3465 1426 δὲ
3492 1379 3586 1428 τοῦ
3619 1378 3869 1452 Χριστοῦ,

2217 1461 2307 1515 καὶ
2348 1458 2554 1539 ἡμέρας
2603 1460 2918 1538 γενομένης,
2955 1461 3026 1524 εἷς
3055 1460 3145 1517 16v
3202 1462 3364 1517 τόπον
3419 1467 3526 1516 τῶν
3584 1456 3871 1535 νομοδιδα-

2217 1548 2430 1609 σκάλων
2489 1549 2726 1616 τεθέντες
2774 1552 2819 1606 οἱ
2861 1549 3177 1626 ἀπόστολοι,
3229 1550 3314 1607 ἐπὶ
3343 1555 3420 1623 τῷ
3448 1551 3646 1628 ῥήματι
3689 1552 3868 1618 αὐτοῦ,

2219 1639 2486 1696 τουτέστιν
2572 1639 2658 1696 ἐπὶ
2735 1646 2803 1717 τῇ
2871 1638 3173 1719 προστάξει,
3259 1639 3470 1721 χαλῶσι
3557 1642 3617 1696 τὸ
3667 1638 3872 1696 δίκτυον

2217 1736 2307 1786 τοῦ
2361 1730 2706 1807 mamma,
2792 1732 2882 1786 καὶ
2967 1728 3170 1797 πλῆθος
3227 1729 3514 1810 ἀνθρώπων
3587 1732 3869 1808 ζωγροῦσι,

476 1826 618 1888 item
655 1816 712 1887 et
756 1825 1341 1891 1Ῑεῑίοηθηι,1λδιᾶι“θ
1374 1831 1525 1884 rete.
1561 1819 1942 1899 Evangelium
1973 1819 2132 1879 enim

2221 1818 2382 1875 Μόνοι
2443 1816 2497 1874 δὲ
2555 1820 2603 1876 οἱ
2670 1818 2958 1876 ἀπόστολοι
3042 1819 3100 1876 οὗ
3184 1817 3428 1876 δύνανται
3511 1819 3728 1876 ἑλκύσαι
3812 1819 3873 1875 16

479 1923 568 1976 est
592 1918 1084 1986 rete,orationem
1118 1912 1344 1974 habens
1368 1909 1655 1972 humilem
1683 1918 1739 1969 ct
1771 1907 2130 1988 pedestrem,

479 2011 538 2066 et
569 2002 640 2064 ad
671 2003 1006 2064 auditorum
1055 2000 1460 2063 inﬁrmitatem
1496 2018 1560 2061 se
1591 2007 2078 2079 attemperantem
2116 2017 2130 2057 :

479 2101 539 2155 et
566 2092 790 2154 idcirco
824 2091 1042 2154 dicitur
1074 2090 1284 2155 laxari.
1309 2089 1370 2152 Si
1404 2090 1497 2152 cui
1525 2097 1726 2152 autem
1759 2097 1818 2149 et
1849 2106 2134 2149 sen~uum

481 2179 850 2262 profunditas
913 2179 1235 2260 signiﬁcari
1297 2179 1568 2241 videatur
1623 2197 1727 2260 per
1777 2177 2135 2239 laxationem

478 2269 650 2344 retis,
685 2289 878 2352 neque
905 2270 1099 2351 ipsum
1134 2289 1165 2330 a
1199 2288 1335 2330 vero
1366 2269 1614 2331 abludit.
1650 2267 1937 2348 Impletur
1977 2266 2136 2326 enim

481 2366 542 2422 et
571 2360 682 2421 hoc
711 2359 1016 2441 prophetae
1048 2358 1145 2438 qui
1176 2357 1322 2420 dicit
1349 2377 1401 2421 εει
1435 2356 1589 2419 Ecce
1623 2376 1729 2435 ego
1762 2355 1924 2417 mitto
1952 2355 2140 2436 pisca-

483 2457 646 2510 tores
665 2447 1443 2522 multos,dicitDominus,et
1459 2456 1658 2529 postea
1679 2448 1904 2508 mittam
1921 2445 2136 2505 multos

481 2546 821 2613 venatores,
880 2546 937 2599 et
986 2537 1370 2600 \enabuntur
1427 2537 1678 2598 illos97:
1735 2561 1758 2592 ι
1810 2535 2137 2616 pi-catores

485 2626 730 2707 quidem
763 2634 998 2688 sanctos
1019 2626 1320 2706 apostolos
1339 2647 1579 2689 vocans.
1618 2647 1668 2685 ιι
1692 2634 1924 2684 natores
1941 2631 2136 2684 autem

485 2733 590 2777 eos
621 2714 723 2795 qui
755 2715 1126 2796 temporibus
1147 2715 1542 2792 sequentibus
1566 2714 1748 2776 habiti
1773 2723 1910 2772 sunt
1929 2713 2138 2772 docto-

483 2821 582 2873 res
608 2802 1009 2866 Ecclesiarum
1043 2814 1102 2867 et
1135 2805 1415 2886 przefecti.

485 2893 755 2975 χαλᾶσθαι
817 2897 876 2950 16
908 2892 1136 2968 δῖκτυον,
1199 2892 1314 2950 οὐδὲ
1367 2897 1522 2951 τοῦτο
1574 2895 1790 2955 ἀπεικός
1828 2909 1841 2922 ’

2218 1905 2421 1965 δίκτυον
2477 1915 2584 1964 τῶν
2640 1910 2860 1990 ἰχθύων,
2926 1911 3014 1967 καὶ
3065 1911 3277 1966 ’νεύουσι
3307 1910 3556 1972 καὶτοῖς
3615 1913 3874 1989 μετόχοις

2218 1996 2390 2053 αῦτῶν
2447 1998 2532 2053 καὶ
2587 2011 2894 2069 κοινωνοῖς,
2941 1999 3029 2055 καὶ
3073 2001 3398 2078 συναίρονται
3450 2003 3656 2062 αὐτοῖς.
3721 2000 3875 2056 Οὗτοι

2219 2083 2275 2141 δέ
2324 2086 2453 2142 εἰσιν
2508 2089 2554 2144 οἱ
2607 2087 2726 2144 καθ’
2785 2089 3037 2153 ἑκάστους
3096 2090 3309 2169 καιροὺς
3368 2092 3616 2164 ποιμένες
3661 2090 3747 2144 καὶ
3788 2085 3872 2144 δι·-

2221 2172 2473 2232 δάσκαλοι
2517 2183 2622 2233 τῶν
2667 2175 3029 2252 Ἐκκλησιῶν,
3074 2180 3128 2236 οἳ
3173 2179 3240 2235 τά
3313 2177 3640 2236 ἀποστολικά
3700 2179 3874 2258 ἑρμη-

2221 2265 2456 2330 νεύοντες
2510 2267 2598 2322 καὶ
2640 2263 2993 2343 διδάσκοντες,
3060 2269 3384 2347 συναίρονται
3459 2282 3574 2333 τοῖς
3621 2267 3868 2325 ἀποστό-

2219 2352 2330 2419 λοις
2391 2356 2520 2435 πρὸς
2549 2357 2609 2412 τὸ
2639 2363 2913 2437 ζωγρῆσαι
2965 2358 3272 2439 ἀνθρώπους
3308 2372 3322 2388 ⁵
3360 2359 3550 2415 σκόπει
3581 2357 3636 2414 δὲ
3665 2360 3752 2414 καὶ
3779 2358 3876 2425 τὴν

2219 2443 2357 2510 λέξιν
2401 2451 2515 2517 τοῦ,
2547 2444 2760 2502 Χαλῶσι
2791 2449 2852 2504 τὸ
2908 2445 3134 2510 δικτυον,
3179 2449 3250 2506 Τὸ
3296 2449 3392 2505 ιιὲν
3422 2450 3520 2528 γάρ
3552 2447 3874 2526 Εὖαγγελιόν

2223 2534 2334 2591 ἐστι
2390 2535 2452 2590 τὸ
2493 2533 2698 2592 δίκτυον
2723 2550 2738 2564 ⁶
2800 2534 2938 2601 λέξιν
2982 2535 3038 2592 δὲ
3091 2536 3222 2617 ἕχον
3279 2538 3537 2604 ταπεινὴν
3565 2538 3654 2592 καὶ
3681 2538 3872 2612 πεζὴν,

2223 2625 2311 2678 καὶ
2366 2621 2829 2700 συγκαταϐατικῆν
2882 2626 3014 2704 πρὸς
3071 2628 3171 2691 την
3226 2622 3486 2680 ἰδιωτείαν
3549 2627 3651 2680 τῶν
3711 2624 3874 2680 ἀκου-

2225 2711 2416 2783 όντων,
2476 2710 2561 2767 διὰ
2615 2722 2770 2772 τοῦτο
2813 2711 3025 2792 λέγεται
3071 2712 3432 2792 χαλασθῆναι.
3483 2714 3540 2770 Ei
3585 2712 3640 2769 δέ
3667 2735 3748 2778 τις
3790 2715 3879 2769 καὶ

2225 2801 2286 2857 τὸ
2342 2801 2499 2878 βάθος
2577 2807 2681 2857 τῶν
2757 2802 3042 2878 νοημάτων
3115 2801 3398 2869 δηλοῦσθαι
3457 2804 3586 2884 φαίη
3647 2800 3731 2858 διά
3786 2816 3878 2863 τοῦ

1903 2891 2251 2970 πεπλήρωται
2303 2897 2428 2970 γοῦν
2486 2890 2574 2947 καὶ
2627 2893 2688 2948 τὸ
2725 2903 2818 2952 τοῦ
2867 2894 3160 2973 προφήτου,
3197 2891 3431 2954 εἰκόντος
3468 2913 3480 2924 ·
3516 2916 3549 2946 -α
3599 2889 3729 2950 ’ἰδοὺ
3773 2891 3881 2970 ἐγὼ

492 2981 778 3040 ἀποστελῶ
810 2983 983 3049 ἀλιετς
1027 2983 1281 3058 πολλοὺς,
1314 2983 1458 3063 λέγει
1494 2985 1710 3063 Κύριος·
1746 2985 1833 3038 ναὶ
1879 2985 2013 3057 μετά
2046 2990 2208 3038 ταῦτα
2236 2979 2517 3037 ἀποστελῶ
2547 2980 2777 3044 πολλοὺς
2808 2983 3088 3063 θηρευτὰς,
3115 2985 3204 3038 καὶ
3231 2983 3574 3056 θηρεύσουσιν
3602 2984 3810 3048 αὐτούς’
3849 3006 3875 3034 ιι

483 3074 605 3138 τοὺς
652 3075 750 3148 μὲν
796 3073 967 3135 ἀλιεῒς

483 3166 570 3220 καὶ
597 3162 937 3229 διδασκάλους
950 3213 964 3226 .

975 3122 993 3150 ,
1027 3074 1146 3136 τοὺς
1194 3075 1372 3152 ἁγίους
1419 3073 1746 3137 ἀποστόλους
1779 3071 1952 3151 λέγων
1990 3090 2001 3101 ·

567 3253 754 3315 νειιε.
797 3254 989 3318 12-16.
1025 3277 1047 3310 ι
1086 3253 1156 3314 Ει
1184 3253 1401 3315 factum
1432 3261 1542 3328 est,
1568 3273 1701 3314 cum
1736 3260 1895 3314 e~set
1918 3251 1975 3312 in
2003 3261 2199 3330 qua-C

485 3340 625 3403 dam
675 3341 934 3417 civitate,
999 3350 1057 3405 et
1094 3360 1234 3404 erce
1265 3345 1354 3403 vir
1393 3343 1603 3424 plenus
1646 3343 1834 3422 lepra,
1882 3359 2139 3421 rumque

488 3430 736 3493 vidisset
763 3431 993 3508 Jesum,
1031 3441 1358 3513 prostratus
1389 3434 1448 3494 in
1481 3433 1695 3494 faciem
1728 3433 1954 3510 rogavit.
1981 3451 2141 3508 eum,

485 3519 738 3583 dicens:
777 3519 1054 3595 Domine,
1091 3520 1140 3580 si
1187 3523 1296 3596 vis,
1345 3533 1514 3603 potes
1566 3541 1660 3583 me
1710 3523 2020 3582 mundare.
2081 3519 2146 3583 l'Il

485 3617 768 3690 protensa
800 3628 975 3671 manu
1012 3611 1200 3689 tetigit
1223 3630 1382 3691 eum,
1416 3612 1660 3673 dicens:
1702 3611 2143 3690 \‘olo,mundus

487 3707 646 3760 esto.
674 3696 749 3757 Et
775 3697 1085 3760 confestim
1121 3698 1285 3778 lepra
1334 3699 1607 3760 discessit
1641 3699 1714 3758 ab
1754 3699 1877 3758 illo.
1913 3699 1980 3760 Et
2016 3698 2145 3776 ipse

489 3787 771 3866 praecepit
805 3787 888 3847 illi
915 3807 988 3849 ne
1011 3786 1286 3868 cuiquam
1316 3787 1582 3851 diceret:
1617 3788 1718 3848 sed
1754 3787 2140 3866 vade,inqnit,

489 3879 738 3942 ostende
798 3880 1054 3960 teipsum
1113 3879 1431 3954 sacerdoti,
1485 3889 1537 3941 et
1591 3880 1740 3941 oﬁ‘cr
1792 3898 2005 3940 munus
2037 3898 2142 3959 pro

488 3968 919 4031 emundattone
948 3971 1054 4043 tui,
1086 3970 1592 4050 quemadmodum
1644 3968 1922 4050 pra3cepit
1952 3971 2144 4029 Moses

489 4056 550 4117 in
587 4058 991 4120 testimonium
1040 4058 1182 4120 illis.
1239 4057 1675 4138 Pervagabatur
1719 4069 1914 4119 autem
1960 4057 2144 4136 magis

487 4163 695 4207 rumor
724 4147 800 4208 de
851 4147 976 4222 illo,
1014 4156 1073 4208 et
1111 4146 1548 4209 conveniebant
1601 4147 1793 4210 turba)
1839 4147 2039 4207 multae
2084 4159 2145 4207 ut

485 4235 786 4309 audirent,
813 4244 872 4297 et
903 4246 1258 4298 sanarentur
1281 4237 1355 4299 ab
1383 4236 1829 4298 inﬁrmitatibus
1859 4236 2144 4314 suis.lpse

483 4331 680 4386 autem
714 4324 927 4402 agebat
961 4326 1020 4387 in
1051 4345 1291 4388 secessu
1341 4326 1400 4387 in
1454 4327 1709 4388 desertis
1759 4335 1816 4387 et
1845 4326 2074 4388 orabat.
2115 4355 2135 4384 ι

489 4412 904 4476 Admiratione
927 4415 1142 4494 dignus
1161 4425 1249 4477 est
1281 4417 1552 4496 leprosus
1583 4416 1706 4489 ille,
1740 4415 1879 4498 quia
1907 4417 2142 4496 dignam

484 4505 608 4567 Deo
638 4503 716 4566 de
747 4503 981 4567 Christo
1011 4506 1354 4586 opinionem
1383 4505 1587 4567 habuit
1618 4515 1676 4568 et
1708 4506 1852 4567 dixit
1891 4529 1904 4569 :
1939 4508 1998 4568 Si
2036 4507 2140 4588 vis,

484 4601 654 4671 potes
686 4612 781 4655 me
813 4593 1128 4658 mundare.
1162 4593 1289 4657 Hoc
1333 4595 1492 4657 enim
1525 4594 1746 4656 indicat
1778 4595 1970 4676 ipsum
2000 4616 2142 4657 scn-

2065 3071 2318 3151 θηρευτάς
2349 3070 2426 3153 δὲ,
2473 3073 2595 3138 τοὺς
2625 3073 2764 3130 κατά
2793 3075 3004 3151 καιροὺς
3048 3080 3156 3128 τῶν
3189 3069 3524 3137 Ἐκκλησιῶν
3554 3072 3878 3152 ἡγουμένους

2311 3274 2332 3307 ε
2375 3250 2472 3310 Καὶ
2531 3253 2741 3332 ἐγένετο
2796 3252 2849 3310 ἔν
2909 3259 2985 3329 τῷ
3029 3253 3173 3310 εἶναι
3219 3251 3377 3310 αὐτὸν
3408 3251 3464 3310 ὲν
3509 3261 3604 3327 μιᾷ
3634 3259 3739 3309 τῶν
3771 3253 3880 3310 πό-

2222 3339 2383 3418 λεων,
2434 3345 2523 3401 καὶ
2560 3343 2670 3404 ἰδού
2713 3344 2847 3424 ἀνὴρ
2917 3343 3129 3423 πλήρης
3201 3343 3420 3421 λέπρας,
3485 3345 3573 3399 καὶ
3615 3342 3736 3400 ἰδὼν
3791 3346 3881 3400 τὸν

2223 3430 2456 3515 ⁹ιησιῦν,
2517 3435 2695 3492 πεσὼν
2764 3434 2850 3491 ἐπὶ
2909 3434 3218 3513 πρόσωπον,
3295 3431 3484 3504 ἐδεήθη
3541 3435 3720 3512 αὐτοῦ,
3783 3432 3880 3489 λὲ-

2228 3544 2338 3599 γων
2372 3539 2387 3555 ⁸
2426 3524 2605 3604 Κύριε,
2667 3525 2757 3583 ἐὰν
2816 3523 2996 3600 θὲλνις,
3059 3522 3272 3580 δύνασαί
3327 3545 3395 3598 με
3427 3526 3725 3601 καθαρίσαι.
3777 3521 3883 3584 Καὶ

2228 3612 2463 3676 ἒάτείνας
2517 3612 2617 3680 τὴν
2675 3627 2861 3693 χεῖρα,
2940 3612 3120 3689 ἥψατο
3197 3616 3378 3682 αὐτοῦ,
3455 3613 3641 3692 εἰπὼν,
3707 3611 3881 3693 Θέλω,

2229 3701 2570 3776 καθαρίσθητι
2609 3718 2624 3732 '
2700 3706 2789 3760 καὶ
2874 3703 3062 3766 εῦθέως
3128 3704 3162 3770 ἡ
3239 3699 3408 3782 λέπρα
3481 3701 3717 3769 ἀπῆλθεν
3788 3700 3884 3757 ἀπ’

2228 3790 2408 3847 αὐτοῦ.
2461 3793 2556 3848 Καὶ
2602 3793 2756 3854 αὐτὸς
2801 3791 3158 3870 παρήγγειλεν
3209 3793 3349 3866 αύτῷ
3414 3791 3599 3867 μηδενὶ
3657 3793 3828 3848 εἰπεῖν
3862 3806 3882 3827 ⁸

2227 3876 2365 3934 ἀλλά
2424 3879 2691 3960 ἀπελθὼν,
2739 3879 2908 3947 δεῖξον
2973 3883 3195 3938 σεαυτὸν
3247 3889 3324 3956 τῷ
3380 3884 3535 3959 ἱερεῖ,
3581 3883 3668 3938 καὶ
3712 3903 3888 3960 προσ-

2228 3966 2410 4046 ένεγκε
2466 3972 2583 4049 περὶ
2657 3981 2750 4030 τοῦ
2823 3975 3150 4051 καθαρισμου
3205 3993 3299 4027 σου
3365 3973 3536 4036 καθὼς
3596 3969 3884 4052 προσέταξε

2230 4059 2450 4134 Μωσῆς,
2498 4062 2570 4124 εἰς
2616 4061 2896 4140 μαρτύριον
2956 4061 3162 4123 αὐτοῖς,
3215 4063 3483 4142 Διῆρχετο
3523 4060 3810 4133 δὲμᾶλλον
3854 4065 3884 4119 6

2226 4145 2385 4227 λόγος
2446 4151 2562 4229 περὶ
2612 4152 2790 4208 αὐτοῦ.
2864 4153 2962 4210 Καὶ
3033 4155 3366 4232 συνήρχοντο
3452 4150 3610 4232 ὄχλοι
3663 4150 3878 4226 πολλοὶ,

2227 4239 2436 4295 ἀκούειν
2492 4241 2580 4297 καὶ
2621 4241 2993 4320 θεραπεύεσθαι
3051 4243 3140 4299 ὑπ’
3185 4245 3342 4301 αἰετοῦ
3399 4243 3506 4299 ἀπὸ
3561 4243 3667 4299 τῶν
3719 4243 3880 4299 ἀσθε-

2225 4336 2380 4384 venir:
2433 4334 2626 4394 αὐτῶν,
2662 4333 2829 4397 Αὐτὸς
2860 4329 2913 4387 δὲ
2946 4333 3012 4399 ἦν
3042 4335 3340 4415 ὑποχωρῶν
3372 4334 3425 4390 ἐν
3467 4347 3590 4398 ταῖς
3634 4333 3878 4412 ἐρήμοις,

2227 4421 2315 4475 καὶ
2360 4421 2816 4502 προσευχόμενος.
2880 4446 2908 4478 ι)
2975 4419 3415 4499 ’Λειοθαύμαστος
3450 4427 3478 4482 6
3523 4423 3741 4500 λεπρὸς,
3797 4421 3881 4480 ὅτι

2226 4513 2495 4587 θεοπρεπῆ
2527 4511 2727 4568 ἔννοιαν
2777 4515 2894 4591 περὶ
2950 4516 3044 4569 τοῦ
3105 4517 3287 4594 Κυρίου
3319 4515 3488 4595 ἔχων,
3523 4516 3706 4595 φησὶν,
3752 4513 3883 4570 Ἐἀν

2226 4598 2412 4673 θέλης,
2471 4599 2685 4658 δύνασαί
2742 4624 2808 4678 με
2864 4603 3170 4684 καθαρίσαι.
3250 4615 3414 4663 Τούτο
3472 4605 3571 4682 γὰρ
3629 4601 3882 4658 δείκνυσιν

481 4664 726 4743 tientrm
767 4683 842 4744 de
887 4682 1130 4746 Christo
1161 4693 1218 4745 ut
1255 4685 1328 4746 de
1381 4686 1526 4747 Deo.
1579 4683 1705 4745 Non
1761 4664 1919 4746 enim
1974 4695 2034 4746 ut
2071 4685 2138 4747 ad

2345 4664 2354 4667 -
2396 4664 2410 4673 ,
2742 4664 2752 4678 ,
3004 4664 3014 4684 ,
3487 4664 3498 4682 ,
3545 4664 3553 4682 ,

2228 4691 2384 4746 αὑτὸν
2441 4690 2719 4748 ἐννοοῦντα
2774 4694 2892 4769 περὶ
2923 4701 3018 4750 τοῦ
3050 4697 3297 4766 Χριστοῦ,
3333 4695 3406 4757 ὡς
3439 4694 3556 4770 περὶ
3588 4700 3720 4748 Θεοῦ
3755 4709 3769 4722 ·
3818 4693 3883 4748 ού

480 4771 784 4833 medicum
817 4781 1177 4842 accesserat,
1213 4792 1408 4855 neque
1442 4773 1602 4835 enim
1638 4778 1800 4852 lepra
1831 4796 1864 4835 a
1896 4775 2138 4836 medicis

2227 4780 2327 4858 γάρ
2383 4781 2457 4844 ὡς
2524 4782 2688 4859 ἱατρῷ
2745 4784 3090 4862 προσήρχετο
3168 4783 3223 4864 (ἡ
3290 4785 3390 4862 γάρ
3465 4781 3631 4862 λέπρα
3687 4783 3879 4860 ἰατρῶν

479 4859 676 4921 curari
717 4869 933 4950 potest,
967 4862 1072 4923 sed
1105 4872 1169 4923 ut
1208 4863 1281 4924 ad
1337 4863 1550 4926 Deum.
1611 4865 1782 4943 cujus
1836 4865 2022 4926 solius
2053 4874 2138 4926 est

2227 4869 2409 4948 χερσὶν
2455 4859 3068 4950 ἀνεπιχείρητος),νάλλ’
3113 4859 3186 4937 ὡς
3242 4859 3404 4946 θεῷ’·
3439 4859 3624 4928 τούτου
3655 4871 3753 4948 γὰρ
3779 4859 3879 4945 μό-

478 4967 691 5010 sanare
723 4949 780 5010 id
814 4969 1003 5030 genus
1027 4951 1400 5014 morborum.
1434 4951 1704 5015 AtJesus
1737 4953 1917 5031 tangit
1947 4954 2138 5033 illum,

2226 4980 2316 5014 νου
2359 4959 2420 5014 16
2477 4959 2544 5014 τά
2587 4969 2805 5018 τοιαῦτα
2837 4961 3033 5018 ἰᾶσθαι.
3073 4950 3131 5019 Ὀ
3175 4959 3228 5017 δὲ
3263 4963 3447 5038 Κύριος
3494 4961 3716 5017 ἅπτεται
3776 4961 3873 5014 αὒ-

478 5055 590 5128 nee
607 5038 739 5128 sine
771 5041 1086 5119 causa,sed
1114 5042 1398 5122 quoniam
1433 5041 1778 5103 immundus
1810 5042 2138 5105 habebatur

2223 5055 2338 5127 τοῦ,
2400 5049 2494 5104 οῦκ
2559 5046 2795 5128 ἀλόγως,
2848 5047 2971 5105 ἀλλ’
3030 5049 3213 5118 ἐπειδὴ
3271 5053 3409 5108 κατά
3465 5052 3556 5106 τὸν
3599 5051 3782 5125 νόμον.
3850 5050 3876 5106 ὁ

470 5125 641 5221 juxta
670 5127 888 5206 legem,
922 5130 1024 5210 qui
1056 5130 1358 5211 leprosum
1385 5129 1685 5213 tangebat,
1714 5131 1918 5192 volens
1947 5144 2136 5194 osten-

2222 5125 2520 5213 ἀπτύμενος
2603 5125 2798 5218 λεπροῦ
2881 5137 3049 5196 ἐδόκει
3132 5141 3422 5221 ἀκάθαρτος
3478 5141 3644 5214 εἶναι,
3707 5139 3876 5196 θέλων

476 5215 620 5309 dare
650 5217 807 5297 quod
844 5237 960 5279 non
1010 5229 1290 5282 teneatur
1333 5220 1403 5281 ad
1451 5221 1740 5281 servanda
1773 5230 1888 5281 tam
1924 5225 2136 5301 exigua

2221 5225 2412 5299 δεῖξαι,
2471 5225 2551 5284 ὅτι
2595 5228 2690 5290 τάς
2748 5228 2998 5294 τοιαύτας
3055 5229 3397 5309 μικρολογίας
3427 5237 3523 5288 τοῦ
3566 5231 3730 5306 νόμου
3781 5228 3877 5285 οῦκ

475 5301 624 5383 legis
644 5306 907 5399 _dicta,et
934 5309 1091 5399 quod
1125 5309 1254 5399 ipse
1285 5309 1363 5370 sit
1395 5309 1685 5372 Dotrinns
1714 5310 1952 5390 legis,et
1974 5315 2131 5392 quod

2221 5317 2458 5395 ἀνάγκην
2515 5316 2632 5399 ἔχει
2677 5315 2980 5398 φυλάττειν,
3032 5317 3153 5376 ἀλλ’
3207 5321 3362 5384 αὐτός
3398 5319 3540 5378 ἐστιν
3572 5323 3599 5377 6
3637 5327 3728 5376 τοῦ
3778 5319 3870 5375 νό-

476 5394 742 5490 mundus
793 5416 910 5458 non
971 5397 1391 5480 coinquinetur
1451 5419 1518 5460 ex
1582 5418 1651 5460 eo
1697 5399 1852 5480 quod
1899 5401 2130 5464 videtur

2221 5429 2318 5481 μου
2383 5407 2588 5487 Κύριος,
2635 5408 2723 5463 καὶ
2775 5405 2855 5463 ὅτι
2901 5406 3047 5464 οῦδὲν
3097 5409 3125 5465 ὁ
3181 5412 3407 5489 καθαρὸς
3483 5410 3768 5486 μολύνεται
3812 5408 3874 5467 ἐκ

475 5483 875 5567 immundmn,
909 5487 1016 5550 sed
1065 5489 1402 5550 animorum
1455 5489 1618 5570 lepra
1669 5490 1746 5550 sit
1794 5509 1927 5572 qua:
1957 5493 2126 5552 coin-

2221 5504 2304 5555 τοῦ
2345 5483 2622 5562 δοκοῦντος
2655 5496 2979 5574 ἀκαθάρτου,
3017 5496 3137 5556 ἀλλ’
3188 5501 3223 5568 ἡ
3267 5483 3374 5557 τῶν
3429 5483 3624 5581 ψυχῶν
3674 5498 3869 5579 λέπρα,

553 5647 614 5704 π
637 5651 861 5714 larem.
897 5671 1019 5737 xw,
1043 5657 1158 5724 ‘16.
