4232 6406
333 335 435 399 76!
1083 331 1529 401 ENARRA‘TIO
1570 330 1653 392 IN
1698 321 2203 388 EVANGELIUM
2267 325 2510 387 LUC/E.
2558 359 2633 382 —.
2676 329 2837 390 CAP.
2888 328 2962 389 V.
3621 327 3740 391 762

333 468 509 535 ἐκείνη
558 468 700 525 ἐστὶν
753 470 789 536 ἠ
849 466 1148 543 μολύνουσα
1181 480 1196 495 ⁸
1287 463 1473 520 τούτου
1536 461 1711 519 ἕνεκεν
1752 459 1996 520 ἅπτεται·

2085 458 2314 540 quinat,
2347 469 2405 523 et
2435 461 2570 524 ideo
2601 462 2793 544 tangit
2834 484 2849 527 :
2900 465 3141 529 interim
3201 473 3260 529 et
3310 466 3424 530 hoc
3465 466 3740 531 indicans

333 558 445 635 ἅμα
496 555 578 638 δὲ,
632 579 724 635 και
749 556 844 614 ἵνα
875 555 1020 633 δείξῃ
1077 552 1159 612 ὅτι
1202 556 1237 623 ἡ
1286 554 1413 631 ἁγία
1458 552 1618 611 αότοῦ
1675 550 1801 633 σὰρξ
1859 554 1997 610 θείαν

2083 549 2238 629 quod
2273 560 2475 613 sancta
2507 552 2637 632 ejus
2662 572 2801 616 caro
2819 554 3079 618 divinam
3108 555 3325 621 habeat
3354 557 3657 635 virtutem,
3681 564 3741 620 et

336 649 454 730 ἔχει
498 646 744 724 δύναμιν,
813 647 903 705 καὶ
961 649 1255 726 καθαρτικη
1331 646 1461 703 οὖσα
1510 645 1601 701 καὶ
1666 649 1997 722 ζωογνοῦσα,

2086 640 2357 730 puriﬁcet
2396 660 2465 703 ac
2515 643 2790 725 viviﬁcet,
2827 653 3031 728 utpote
3066 666 3198 729 qua
3245 648 3325 711 sit
3371 667 3509 711 caro
3555 647 3740 710 Verbi

459 745 555 796 106
612 736 742 794 Θεοῦ
785 736 959 815 Λόγου
1019 737 1148 792 οὖσα
1198 732 1345 814 σάρξ.
1404 730 1771 814 Παραγγέλλει
1819 730 1873 788 δὲ
1923 734 1997 808 τῷ

2084 728 2217 793 Dei.
2253 732 2545 813 Praecepit
2594 741 2789 797 autem
2825 734 3059 817 leproso
3088 728 3180 799 ne
3224 738 3319 800 cui
3348 738 3597 812 diceret,
3630 756 3739 800 nos

339 828 522 909 λεπρῷ
576 827 672 884 ’ίνα
715 825 902 903 μηδενὶ
931 826 1089 902 εἴπῃ,
1123 822 1381 882 διδάσκων
1410 826 1556 901 ἡμᾶς
1590 823 1667 894 μὴ
1698 829 1885 894 ζητετν
1914 822 1997 879 s6-

2088 818 2314 881 docens
2358 829 2420 882 ut
2451 820 2524 883 ab
2556 820 2672 903 bis,
2706 822 2920 903 quibus
2961 824 3464 909 benefecerimus,
3498 827 3735 890 laudem

340 918 547 1000 φημίας
576 917 722 997 παρὰ
778 923 886 973 τῶν
943 914 1422 997 εὖεργετουμένων.
1457 911 1732 971 Ἀπελθὼν
1761 911 1816 969 8‘s
1848 914 1997 993 φησὶ,

2090 927 2208 1000 non
2270 928 2629 991 quaeramus.
2681 911 2799 974 Abi
2850 922 3069 991 autem,
3121 916 3335 997 inquit,
3387 926 3446 979 et
3487 916 3738 979 ostende

338 996 511 1075 δεῖξον
556 996 777 1066 σεαυτὸν
806 1008 884 1083 τῷ
925 996 1082 1087 ἱερετ,
1129 1006 1217 1061 καὶ
1278 1002 1602 1084 προσένεγκε
1644 1004 1706 1059 τὸ
1735 1001 1901 1081 δῶρον
1931 1004 1997 1068 εἰς

2090 996 2344 1087 teipsum
2378 1000 2695 1074 sacerdoti,
2732 1010 2789 1063 et
2820 1004 2968 1065 offer
2996 996 3217 1067 munus
3240 1005 3299 1068 in
3328 1007 3735 1069 testimonium

336 1098 620 1179 μαρτύριον
653 1098 837 1159 αὐτοῖς
873 1112 889 1128 ·
924 1095 1086 1172 νόμος
1132 1094 1233 1172 γὰρ
1283 1093 1372 1169 ἦν,
1404 1094 1497 1149 τὸν
1528 1091 1669 1172 ἱερέα
1697 1089 2000 1166 δοκιμάζειν

332 1188 455 1255 τοὺς
528 1185 919 1266 λεπρωθέντας,
1007 1185 1096 1242 καὶ
1165 1183 1359 1263 κρίνειν
1415 1183 1460 1238 εί
1529 1181 1943 1261 ἐκαθαρίσθησαν
1978 1194 1997 1212 ⁸

332 1278 423 1335 καὶ
468 1276 561 1334 ἐὰν
618 1275 718 1349 μὲν
801 1272 870 1331 δι’
929 1275 1063 1332 ἑπτὰ
1136 1274 1353 1352 ἡμερῶν
1412 1270 1758 1351 ἐκαθαρίσθη,
1814 1270 2000 1346 ἔμειεν

332 1366 440 1424 ἔσω
495 1367 598 1435 τῆς
656 1364 866 1428 πόλεως
924 1367 953 1421 ὁ
1017 1362 1212 1442 λεπρός
1245 1379 1260 1394 ’
1323 1364 1368 1418 εἰ
1425 1360 1479 1417 δὲ
1513 1363 1615 1442 μη,
1662 1359 1999 1427 ἑξεϐάλλετο.

331 1462 502 1516 T0610
541 1456 713 1513 τοίνυν
755 1456 914 1536 φησὶν
955 1456 983 1511 ὁ
1016 1453 1226 1531 Κύριος,
1289 1476 1310 1507 ι
1353 1444 1597 1529 ”Υπαγε,
1631 1449 1804 1517 δεῖξον
1834 1472 1999 1507 σεαυ-

332 1547 427 1617 τὸν
480 1550 559 1618 τῷ
598 1548 752 1624 ἱερεῖ,
814 1545 904 1601 καὶ
960 1541 1284 1622 προσένεγκε
1340 1543 1403 1598 τὸ
1454 1539 1644 1620 δῶρον.
1683 1564 1707 1600 l
1746 1541 1807 1599 Τί
1835 1538 1891 1597 δὲ
1933 1540 1999 1609 ῆν

334 1637 397 1692 τὸ
438 1634 604 1714 δῶρον
638 1656 655 1710 ;
707 1634 809 1691 A60
839 1633 1038 1711 ὀρνίθια
1073 1652 1085 1665 ·
1134 1632 1185 1688 τί
1226 1630 1281 1688 δέ
1330 1630 1449 1689 ἐστι
1492 1631 1577 1706 τὸ,
1611 1632 1686 1695 εἰς
1717 1630 2000 1710 μαρτύριον

339 1728 521 1789 αὐτοῖς
558 1743 575 1799 ;
620 1723 921 1794 Τουτέστιν,
970 1725 1045 1788 είς
1094 1720 1325 1802 ἔλεγχον
1397 1726 1568 1777 αὐτῶν
1611 1720 1700 1776 καὶ
1757 1741 1999 1798 κατηγο-

334 1815 474 1893 ρίαν,
519 1812 596 1869 ’ἔν’
645 1812 772 1871 ὅταν
824 1811 1165 1892 κατηγορῶσί
1215 1834 1319 1888 μου
1348 1811 1423 1875 ὡς
1453 1807 1867 1890 παραϐαίνοντος
1910 1811 2001 1869 τὸν

333 1905 527 1985 νόμον,
571 1902 633 1961 ἐκ
685 1902 874 1960 τούτου
927 1900 1262 1982 ἐλέγχωνται
1313 1899 1395 1958 ὅτι
1449 1900 1509 1957 o6
1549 1895 1882 1977 παραϐαίνω,
1941 1897 2003 1956 ἰκ

333 1999 429 2050 106
483 1990 771 2066 προστάξαι
822 2013 905 2048 σοι
960 2002 1337 2069 προσενεγκεῖν
1388 1989 1451 2046 τὸ
1507 1986 1698 2066 δῶρον,
1750 1987 1780 2043 ’ὃ
1830 2010 2002 2067 προσ-

332 2080 487 2150 έταξε
541 2086 743 2149 Μωσῆς
779 2100 795 2118 ⁸
834 2086 953 2146 Πῶς
985 2078 1040 2136 δὲ
1082 2080 1149 2136 τὰ
1192 2077 1280 2136 δύο
1337 2079 1535 2148 ὀρνίθια
1592 2076 1774 2134 ἐκεῖνα
1828 2099 2002 2157 προσ-

333 2174 540 2252 ήγοντο
595 2178 673 2245 τῷ
721 2177 862 2245 Θεῷ,
922 2171 1016 2227 οὒκ
1073 2168 1293 2246 ἄκαιρον
1338 2170 1536 2225 εἰπεῖν·
1569 2163 1822 2246 ἐσφάζετο
1848 2168 1909 2223 τὸ
1940 2168 1996 2225 ἓν

333 2262 584 2341 ὀρνίθιον.
643 2259 750 2323 Καὶ
807 2258 1135 2340 ὑπεδέχοντο
1176 2260 1240 2315 τὸ
1284 2258 1427 2333 αἷμα
1457 2256 1638 2333 αὐτοῦ,
1698 2255 1753 2312 ἒν
1798 2256 1997 2336 ἀγγείῳ

336 2351 629 2429 όστρακίνῳ
658 2356 826 2426 καινῷ
856 2365 873 2382 ⁹
909 2351 1035 2406 εἶτα
1088 2355 1180 2406 τοῦ
1240 2347 1419 2428 ἐτέρου
1448 2347 1670 2427 ὀρνιθίου
1725 2346 2009 2427 ἀμφότερα·

337 2444 401 2501 τὰ
454 2442 623 2512 πτερὰ
665 2438 958 2498 ἐϐάπτοντο
1018 2439 1074 2495 ἒν
1127 2445 1205 2513 τῷ
1262 2437 1484 2513 αἵματι,
1530 2436 1619 2492 καὶ
1662 2434 1829 2502 οὕτως
1886 2437 1998 2494 ἀπ-

340 2532 522 2590 ελύετο
565 2533 627 2589 τὸ
671 2531 891 2610 ὀρνίθιον
920 2535 1047 2601 ζῶν.
1096 2528 1370 2599 Εἰκόνιζον
1431 2525 1522 2583 οὗν
1549 2526 1715 2584 ταῦτα
1745 2528 1811 2583 τὰ
1865 2527 2001 2584 κατὰ

339 2625 428 2681 τὸν
490 2620 717 2702 Χριστόν
753 2636 767 2652 ⁸
827 2620 894 2680 τὰ
958 2617 1048 2676 δύο
1085 2619 1186 2697 γὰρ
1235 2618 1454 2696 ὀρνίθια,
1489 2619 1541 2673 αἱ
1584 2614 1674 2674 860
1701 2616 1880 2697 φύσεις
1911 2623 2003 2673 106

340 2721 587 2793 Χριστοῦ,
647 2711 685 2778 ἣ
732 2732 791 2767 τε
833 2710 946 2767 θεία
991 2710 1080 2767 καὶ
1121 2710 1156 2777 ἡ
1207 2707 1536 2787 ἀνθρωπίνη,
1570 2709 1643 2764 ὧν
1673 2708 1737 2763 τὸ
1794 2707 1893 2783 μὲν
1946 2707 2003 2763 ἓν

338 2800 564 2881 ἐσφάγη,
617 2798 884 2881 τουτέστιν
936 2801 971 2868 ἢ
1033 2797 1335 2877 ἀνθρωπίνη
1372 2818 1387 2834 ο
1436 2798 1499 2853 τὸ
1550 2795 1607 2853 δὲ
1668 2796 1845 2877 ἕτερον
1890 2798 2001 2853 ἁπ-

336 2879 491 2961 ελόθη
550 2897 679 2963 ζῶν.
738 2879 802 2947 Ἠ
845 2889 947 2969 γὰρ
988 2889 1105 2945 θεία
1150 2887 1303 2968 φύσις
1335 2886 1546 2954 ἀπαθὴς
1577 2885 1833 2967 διέμεινε,
1865 2910 2001 2967 χρι-

339 2988 521 3042 σθεϊσα
559 2990 639 3058 τῷ
681 2983 879 3060 α’ίματι
923 2983 1023 3049 τῆς
1054 2981 1329 3048 παθούσης
1361 2981 1593 3059 φύσεως,
1621 2981 1714 3037 καὶ
1734 2982 1809 3044 εἰς
1871 2981 1998 3040 ἑαυ-

344 3074 440 3141 τὴν
491 3075 553 3131 τὸ
594 3073 755 3137 πάθος
815 3069 1178 3148 ἀναδεξαμένη
1214 3084 1228 3099 ⁶
1289 3071 1351 3128 τὸ
1407 3067 1461 3124 δὲ
1509 3069 1654 3144 αἷμα
1682 3076 1776 3126 τοῦ
1803 3067 2000 3148 Κυρίου

345 3162 547 3230 ἐδέξατο
597 3165 818 3243 ἀγγεῖον
875 3162 1192 3241 ὁστράκινον
1236 3160 1419 3217 καινόν
1455 3179 1470 3194 ·

344 3258 519 3321 καινὸς
564 3256 592 3312 ὃ
622 3252 674 3321 ἔξ
702 3257 889 3328 ἐθνῶν,
921 3255 950 3310 ὁ
991 3258 1090 3319 τῆς
1146 3255 1344 3317 Καινῆς
1402 3251 1674 3321 Διαθήκης
1730 3248 1996 3314 δεκτικός,

346 3336 491 3425 ῌΟρα
537 3344 604 3402 ’δέ
662 3342 742 3401 ὅτι
800 3340 916 3420 μεθ’
971 3338 1006 3399 δ’
1049 3364 1129 3407 τις
1158 3343 1449 3420 καθαρισθῆ
1492 3345 1592 3405 τῆς
1622 3338 1845 3420 λέπρας,
1876 3339 1997 3396 τότε

341 3434 483 3501 ἄξιός
526 3434 639 3492 ἐστι
682 3432 998 3513 προσφέρειν
1021 3432 1083 3488 τὸ
1112 3429 1284 3509 δῶρον
1311 3437 1493 3511 τοῦτο,
1547 3428 1811 3509 τουτέστι,
1859 3429 1998 3486 θύειν

338 3525 566 3604 Χριστὸν
625 3524 714 3580 καὶ
755 3524 1050 3603 ἱερουργεῖν
1085 3536 1098 3551 ·
1160 3519 1355 3600 λεπρὸς
1405 3522 1507 3600 γὰρ
1536 3521 1613 3577 ὣν
1642 3520 1729 3575 καὶ
1759 3519 1997 3597 ἀκάθαρ-

334 3637 426 3679 τος
472 3615 571 3683 τὴν
602 3612 814 3693 ψυχὴν,
847 3613 942 3669 οὒκ
981 3610 1043 3668 ἂν
1086 3609 1329 3677 ἀξιωθείη
1372 3620 1591 3670 τοιαῦτα
1641 3608 1783 3686 δῶρα
1825 3630 1997 3688 προσ-τ

334 3704 538 3786 φέρειν,
599 3702 719 3771 ἤτοι
790 3701 1164 3779 προσκομίζειν
1208 3702 1273 3758 τὸ
1326 3706 1483 3775 σῶμα
1534 3701 1621 3756 καὶ
1673 3699 1819 3774 αἷμα
1903 3708 1998 3758 τοῦ

326 3783 546 3875 Κυρίου,
604 3794 667 3850 τὸ
722 3798 791 3870 τῇ
843 3791 955 3865 θείᾳ
1011 3794 1164 3871 φύσει
1225 3789 1443 3852 ἐνωθέν.
1502 3793 1753 3870 Πρόσχες
1806 3788 1860 3845 δὲ
1911 3783 1999 3845 καὶ

322 3894 504 3959 τοῦτο,
561 3888 678 3947 πῶς
737 3882 1009 3958 ἀμύθητον
1066 3879 1185 3961 ἔχει
1236 3881 1332 3949 τὴν
1395 3880 1675 3961 ὑπεροχὴν
1731 3881 1759 3935 ὁ
1804 3878 1993 3958 Κύριος

322 3977 455 4055 πρὸς
508 3976 603 4031 τὸν
660 3978 887 4043 Μωσῆν.
935 3976 1135 4037 Μωσῆς
1180 3970 1277 4046 μὲν
1323 3970 1424 4048 γὰρ
1473 3970 1842 4049 λεπρωθετσαν
1892 3968 1991 4035 τὴν

319 4064 561 4146 ἀδελφὴν
618 4062 801 4137 c.6106,
846 4063 1021 4120 καίτοι
1078 4059 1256 4118 πολλὰ
1334 4058 1563 4139 δεηθεὶς,
1621 4060 1716 4117 οὐκ
1758 4056 1996 4129 ἠδυνήθη

320 4160 647 4236 θεραπευσαι
676 4158 691 4184 ‘
727 4154 755 4209 ὁ
786 4150 843 4208 δὲ
890 4152 1080 4231 Κύριος
1113 4149 1257 4229 λόγῳ
1287 4150 1435 4226 μόνῳ
1482 4152 1575 4207 τὸν
1620 4148 1814 4229 λεπρὸν
1859 4148 1995 4205 ἐκα-

320 4247 570 4325 θάρισεν.
629 4241 833 4302 Ἐννόει
877 4240 931 4298 δὲ
993 4242 1080 4298 καὶ
1129 4240 1230 4298 τὴν
1287 4240 1603 4296 ταπείνωσιν
1646 4248 1739 4298 τοῦ
1784 4238 1991 4318 Κυρίου,

323 4342 442 4400 πῶς
502 4341 597 4392 106
639 4331 811 4413 ὄχλου
865 4332 1242 4406 ἐπιθυμοῦντος
1296 4329 1549 4387 ἅπτεσθαι
1600 4329 1784 4405 αὐτοῦ,
1839 4329 1994 4394 αὐτὸς

322 4424 379 4480 ἐν
423 4434 553 4487 ταῖς
582 4423 806 4501 ὶρήμοις
838 4419 1042 4495 μᾶλλον
1073 4416 1326 4499 διέτριϐεν
1377 4418 1649 4495 ἀσμένως,
1693 4421 1782 4475 καὶ
1823 4439 1992 4497 προσ-

2088 1085 2229 1177 illis.
2260 1087 2381 1177 Lex
2417 1088 2661 1151 cavebat
2690 1109 2723 1152 a
2746 1091 3056 1158 sacerdote
3081 1093 3422 1174 probandos
3443 1096 3734 1177 leprosos,

2084 1178 2183 1266 qui
2208 1175 2509 1266 judicaret
2554 1197 2628 1240 an
2671 1180 2965 1259 puriﬁcati
2999 1192 3221 1246 essent.
3273 1185 3348 1247 Et
3392 1185 3439 1245 si
3488 1175 3729 1266 quidem

2084 1264 2240 1354 intra
2265 1265 2393 1329 dies
2410 1276 2638 1347 septem
2663 1269 3091 1350 puriﬁcabatur
3117 1264 3554 1354 quis,manebat
3576 1268 3735 1335 intra

2084 1353 2429 1419 civitatem:
2493 1358 2583 1420 sin
2632 1358 2851 1434 minus,
2904 1353 3278 1441 ejiciebatur.
3330 1362 3401 1424 Et
3448 1364 3560 1426 hoc
3616 1370 3730 1444 est,

2083 1444 2242 1524 quod
2277 1444 2421 1505 dicit
2448 1444 2783 1511 Dominus:
2848 1473 2869 1505 ι
2911 1450 3096 1525 Vade,
3142 1450 3390 1514 ostende
3432 1460 3488 1513 te
3528 1470 3733 1514 sacer-

2084 1534 2228 1607 doti,
2264 1543 2322 1595 et
2351 1536 2500 1596 oﬂ‘er
2527 1555 2764 1600 munus.
2801 1561 2831 1595 ι)
2868 1538 3035 1611 Quod
3076 1549 3272 1604 autem
3306 1549 3432 1604 erat
3473 1540 3733 1604 munus?

2083 1625 2228 1687 Duae
2256 1643 2415 1689 aves.
2452 1623 2567 1688 Sed
2598 1627 2739 1708 quid
2762 1629 2900 1689 506
2931 1638 3041 1706 est,
3065 1630 3126 1693 in
3152 1632 3558 1695 testimonium
3581 1630 3733 1693 illis?

2025 1762 2063 1812 Β
2085 1711 2209 1812 Hoc
2241 1722 2350 1789 est,
2388 1714 2447 1775 in
2481 1717 3012 1812 reprehensionem
3065 1728 3123 1783 et
3168 1721 3729 1783 condemnationem

2086 1802 2349 1877 illorum,
2380 1812 2443 1865 ut
2472 1805 2709 1886 quando
2736 1807 3166 1871 comdemnant.
3198 1828 3292 1872 me
3320 1829 3431 1873 ceu
3459 1809 3732 1891 praevari-

2087 1899 2343 1954 catorem
2382 1893 2549 1973 legis,
2585 1912 2657 1957 ex
2682 1896 2795 1957 hoc
2823 1906 3144 1977 arguantur
3173 1918 3269 1960 me
3298 1918 3415 1960 non
3448 1899 3729 1980 praevari-

2086 1980 2207 2042 cari
2238 1981 2395 2063 quod
2430 1983 2760 2046 mandarim
2794 1994 2857 2046 ut
2886 1985 3002 2048 illis
3024 1988 3305 2050 offeratur
3332 1987 3553 2049 donum
3577 1987 3733 2049 sicut

2084 2070 2365 2151 prmcepit
2411 2071 2623 2136 Moses.
2664 2072 2972 2147 Quomodo
3003 2087 3201 2139 autem
3256 2078 3388 2140 duae
3431 2095 3568 2139 aves
3614 2077 3732 2140 illas

2085 2159 2488 2223 olferebantur
2518 2161 2794 2245 Domino,
2844 2184 2960 2227 non
3012 2166 3495 2248 intempestivum
3554 2166 3733 2229 fuerit

2079 2248 2326 2315 dixisse.
2380 2251 2784 2315 Occitlebatur
2838 2273 2959 2316 una
3014 2256 3157 2338 avis,
3220 2266 3278 2319 et
3327 2256 3733 2337 suscipiebant

2077 2339 2430 2418 sanguinem
2483 2341 2613 2420 ejus
2666 2340 2727 2403 in
2776 2361 2902 2405 vase
2950 2350 3208 2408 testaceo
3240 2365 3390 2408 novo
3438 2367 3451 2409 :
3514 2346 3735 2408 deinde

2081 2427 2330 2490 alterius
2353 2429 2478 2490 avis
2509 2438 2774 2511 utraeque
2798 2432 2908 2495 alae
2932 2434 3309 2513 tingebantur
3329 2434 3391 2496 in
3412 2435 3729 2513 sanguine,

2084 2517 2244 2578 etsic
2276 2517 2833 2596 dimittebatur'avis
2865 2523 3012 2585 viva.
3048 2523 3510 2604 Praeﬁgurabant
3531 2533 3730 2587 autem

2086 2606 2213 2668 haec
2246 2626 2342 2668 res
2375 2607 2617 2675 Christi.
2649 2608 2792 2672 Duae
2823 2612 2980 2673 enim
3022 2631 3159 2675 aves
3187 2614 3319 2675 duae
3346 2622 3571 2676 naturze
3599 2622 3738 2677 sunt

2085 2695 2326 2777 Christi,
2358 2696 2558 2758 divina
2592 2706 2649 2760 et
2681 2699 3230 2783 humana,quarum
3255 2723 3375 2765 una
3406 2703 3604 2765 occisa
3621 2712 3733 2784 est,

2084 2803 2302 2866 nempe
2330 2787 2609 2868 humana,
2644 2789 2829 2851 altera
2878 2809 3017 2853 vero
3050 2791 3295 2855 dimissa
3341 2795 3491 2856 viva.
3525 2792 3734 2855 Divina

2084 2878 2241 2937 enim
2274 2876 2353 2936 im
2363 2876 2665 2956 passibilis
2684 2882 3031 2960 permansit,
3052 2891 3229 2944 uncta
3246 2883 3533 2961 sanguine
3551 2883 3737 2962 passi-

2084 2963 2220 3026 bilis
2252 2973 2481 3026 naturae
2513 2976 2574 3027 et
2605 2966 2666 3028 in
2699 2987 2765 3029 se
2807 2969 3148 3049 passionem
3193 2971 3547 3053 suscipiens.
3582 2970 3735 3035 San-

2082 3053 2322 3134 guinem
2382 3062 2576 3116 autem
2626 3055 2875 3135 Domini
2940 3078 3040 3120 vas
3111 3062 3371 3142 suscepit
3428 3061 3732 3141 ﬁgulinum

1533 3162 1562 3216 δ
1591 3158 1744 3235 λαὸς,
1778 3144 1938 3240 φημὶ,
1972 3162 1997 3217 δ

2086 3162 2325 3219 novum,
2362 3144 2641 3225 populus,
2666 3146 2934 3227 inquam,
2960 3167 3145 3211 novus
3177 3170 3245 3212 ex
3277 3151 3734 3228 gentibus,Novi

2085 3232 2449 3295 Testamenli
2480 3254 2687 3315 capax.
2728 3237 2877 3298 \‘ide
2921 3247 3117 3301 autem
3166 3240 3323 3321 quod
3373 3239 3473 3301 ubi
3518 3239 3735 3322 aliquis

2082 3323 2259 3385 fuerit
2288 3343 2319 3384 a
2350 3323 2515 3404 lepra
2541 3326 2906 3405 puriﬁcatus,
2945 3336 3086 3390 tunc
3114 3328 3374 3411 denique
3405 3329 3619 3407 dignus
3643 3332 3735 3393 est

2082 3413 2299 3475 olferre
2331 3412 2584 3475 Domino
2618 3415 2842 3476 donum
2890 3417 3070 3495 istud,
3123 3421 3234 3481 hoc
3266 3428 3374 3499 est,
3420 3418 3732 3482 immolare

2082 3503 2379 3567 Christum
2415 3513 2473 3566 et
2499 3504 2854 3567 sacriﬁcare.
2891 3505 3034 3567 Nam
3088 3509 3185 3588 qui
3228 3509 3494 3589 leprosus
3534 3515 3625 3569 est
3672 3512 3735 3571 et

2083 3593 2429 3655 immundus
2457 3593 2680 3670 anima,
2714 3595 2868 3656 haud
2902 3596 3114 3676 dignus
3142 3597 3322 3660 fuerit
3349 3598 3566 3659 offerre
3598 3595 3733 3658 talia

2084 3684 2265 3760 dona,
2301 3683 2412 3744 hoc
2446 3694 2557 3757 est,
2596 3684 2815 3746 offerre
2846 3703 3062 3766 corpus
3111 3695 3170 3748 et
3219 3686 3564 3766 sanguinem
3608 3684 3730 3746 Do-

2083 3773 2252 3847 mini,
2283 3772 2438 3855 quod
2465 3772 2678 3834 divinae
2710 3782 2934 3838 natura)
2959 3776 3187 3838 unitum
3222 3785 3335 3839 est.
3361 3775 3510 3838 Vide
3531 3784 3727 3837 autem

2084 3872 2142 3926 et
2198 3864 2311 3925 hoc
2375 3862 2675 3944 quomodo
2747 3864 3032 3927 ineffabili
3091 3868 3445 3930 excellentia
3488 3868 3732 3947 Moysen

2080 3953 2379 4034 praecellat
2409 3953 2718 4016 Deminus.
2756 3956 2985 4035 Moyses
3027 3957 3185 4018 enim
3243 3974 3509 4019 sororem
3565 3973 3732 4019 suam

2081 4046 2249 4127 lepra
2277 4042 2673 4124 laborantem,
2733 4044 3002 4125 quamvis
3057 4047 3303 4108 multum
3353 4053 3571 4122 oraret,
3613 4065 3729 4107 non

2081 4134 2271 4215 potuit
2316 4151 2527 4196 sanare
2568 4133 2673 4196 58:
2725 4135 3015 4197 Dominus
3068 4156 3206 4197 vero
3264 4154 3544 4199 sermone
3602 4134 3731 4197 solo

2081 4224 2389 4287 mundavit
2418 4225 2745 4304 leprosum.
2781 4223 3042 4288 Observa
3073 4225 3215 4288 item
3250 4234 3307 4287 et
3335 4224 3729 4287 humilitatem

2079 4314 2340 4387 Domini,
2374 4313 2675 4395 quomodo
2700 4311 2871 4375 turba
2889 4313 3267 4378 desiderante
3299 4323 3362 4377 ut
3396 4315 3560 4376 illum
3598 4323 3731 4375 tan-

2076 4412 2264 4485 geret,
2296 4403 2356 4465 in
2388 4400 2811 4464 solitudinibus
2845 4403 3035 4484 magis
3066 4406 3410 4466 versabatur
3441 4402 3727 4483 placidus,

319 4514 536 4595 ηύχετο
573 4530 588 4546 ⁸
613 4489 796 4574 ὀῦνως
996 4512 1188 4574 τύπιιυς
1243 4510 1383 4584 ἡμῖν
1415 4508 1470 4564 ἐν
1504 4514 1665 4566 πᾶσιν
1708 4506 1874 4565 ἐδίδου
1904 4516 1996 4566 106

2080 4514 2145 4557 ac
2175 4494 2421 4557 orabat:
2460 4501 2522 4554 ut
2554 4491 2724 4553 nobis
2770 4489 2830 4553 in
2875 4491 3152 4555 omnibus
3202 4493 3539 4573 exemplum
3575 4511 3731 4571 pra:-

321 4625 380 4660 τε
397 4580 538 4660 ’κατ’
598 4599 729 4659 ἰδίαν
780 4601 1199 4681 προσεύχεσθαι,
1259 4600 1348 4655 καὶ
1393 4606 1486 4657 106
1540 4599 1636 4666 τὴν
1704 4596 1855 4665 δόξαν
1900 4598 1993 4654 ἐκ·

2080 4583 2248 4645 beret
2276 4588 2339 4646 et
2368 4581 2622 4645 seorsim
2654 4580 2890 4656 orandi,
2921 4590 2977 4642 et
3000 4582 3247 4659 gloriam
3279 4580 3645 4644 declinandi.

318 4692 549 4756 κλίνειν.

408 4808 439 4839 α
475 4780 581 4844 Κάὶ
610 4780 824 4861 ἐγένετο
854 4780 908 4836 ἐν
940 4785 1037 4857 μιᾷ
1065 4784 1172 4838 τῶν
1194 4778 1432 4858 ἡμερῶν,
1461 4778 1549 4834 καὶ
1577 4779 1735 4842 αὐτὸς
1762 4778 1826 4846 ἧν
1857 4775 1997 4834 διδά-

500 4887 515 4902 .
620 4874 633 4894 ε
670 4872 699 4894 τ
924 4871 1005 4926 οτι.
1571 4869 1585 4887 ‘
1847 4867 1861 4886 '

318 4897 471 4931 σκων
549 4895 639 4931 και
670 4894 809 4941 ησαν
854 4893 922 4927 κα
980 4894 1025 4947 ,μ
1040 4891 1149 4925 ενοι
1179 4877 1469 4948 Φαρισαῖοι
1499 4890 1589 4924 και
1616 4865 1999 4941 νομοδιδασκα-

318 4962 498 5037 λοι,ο’ἰ
529 4961 667 5029 ῆσαν
696 4959 1011 5029 ἐληλυθότες
1044 4959 1106 5017 ἐκ.
1125 4957 1302 5025 πάσης
1333 4956 1528 5033 κώμης
1557 4964 1654 5027 τῆς
1685 4956 1993 5038 Γαλιλαίας,

316 5054 409 5110 καὶ
474 5049 757 5125 Ἰουδαίας,
817 5052 906 5108 καὶ
941 5040 1291 5128 Ἰερουσαλήμ
1324 5063 1339 5078 °
1375 5049 1464 5105 καὶ
1493 5050 1527 5117 ἡ
1558 5046 1776 5125 δύναμις
1809 5048 1996 5127 Κυρίου

316 5142 388 5213 ῆν
442 5143 520 5206 είς
568 5142 630 5199 τὸ
683 5143 863 5205 ἰᾶσθαι,
917 5140 1127 5204 αὐτούς.
1195 5139 1294 5196 Καὶ
1360 5135 1469 5195 ἰδοὺ
1512 5136 1693 5218 ἄνδρες
1751 5136 1995 5219 φέροντες

318 5233 410 5291 ἐπὶ
472 5230 664 5298 κλίνης
711 5229 987 5310 ἄνθρωπον
1044 5230 1102 5293 ὃς
1133 5228 1198 5296 ῆν
1242 5224 1700 5304 παραλελυμένος,
1733 5230 1821 5284 καὶ
1863 5226 1992 5300 ἐζή-

313 5343 446 5381 τουν
492 5321 649 5378 αὐτὸν
708 5322 1036 5400 εἰσενεγκεῖν
1066 5318 1158 5375 καὶ
1187 5322 1359 5375 θεῖναι
1389 5316 1620 5375 ἒνώπιον
1653 5319 1809 5374 αὑτοῦ
1845 5333 1858 5348 ⁸
1905 5320 1994 5376 καὶ

316 5413 401 5489 μὴ
463 5411 704 5491 εὑρόντες
750 5409 834 5467 διὰ
901 5410 1057 5475 ποίας
1111 5408 1487 5487 εἰσενέγκωσιν
1536 5409 1693 5465 αὑτὸν
1748 5405 1833 5466 διὰ
1900 5411 1993 5465 τὸν

312 5499 517 5583 ὄχλον,
578 5498 869 5566 ἀναϐάντες
932 5498 1019 5558 ἐπὶ
1076 5500 1141 5557 τὸ
1200 5495 1372 5576 δῶμα,
1440 5494 1524 5556 διὰ
1578 5504 1685 5556 τῶν
1748 5496 1992 5578 κεράμων

401 5678 468 5730 ’8
492 5675 668 5744 Νιιω.
706 5695 811 5757 xu,
841 5677 946 5743 15.

2162 4766 2342 4828 Vrsas.
2385 4762 2596 4827 17-96.
2640 4782 2663 4817 ε
2718 4761 2791 4821 Et
2840 4760 3059 4823 factum
3111 4768 3200 4823 est
3229 4760 3485 4842 quodam
3518 4758 3639 4839 die,
3672 4767 3732 4820 et

2078 4854 2209 4935 ipse
2238 4853 2510 4922 docebat,
2540 4859 2829 4932 erantque
2856 4851 3140 4914 Pharisaei
3163 4851 3468 4931 sedentes,
3493 4868 3560 4910 ac
3583 4846 3731 4928 legis

2076 4946 2377 5021 doctores,
2403 4942 2505 5026 qui
2528 4952 2814 5003 venerant
2843 4960 2912 5002 ex
2936 4942 3101 5003 omni
3128 4941 3368 5003 castello
3390 4938 3735 5010 Galilaeam

2076 5036 2321 5111 Judaeaa,
2359 5042 2417 5095 et
2444 5030 2801 5107 Jerusalem,
2838 5040 2895 5092 et
2946 5029 3128 5091 virtus
3158 5028 3395 5091 Domini
3427 5029 3632 5089 aderat
3658 5026 3730 5088 ad

2077 5127 2402 5189 sanandum
2433 5141 2557 5185 eos.
2588 5122 2653 5182 Et
2669 5138 2809 5183 ecce
2825 5118 2935 5180 viri
2954 5128 3264 5201 portantes
3283 5118 3343 5180 in
3366 5119 3518 5181 lecto
3540 5113 3734 5178 homi-

2078 5236 2214 5280 nem
2246 5218 2344 5298 qui
2380 5221 2507 5276 erat
2549 5211 2929 5293 paralyticus,
2965 5218 3023 5272 et
3053 5212 3398 5291 quaerebant
3447 5226 3581 5269 eum
3637 5207 3733 5267 in-

2074 5309 2233 5370 ferre
2257 5319 2317 5367 et
2342 5322 2567 5386 ponere
2590 5312 2726 5364 ante
2760 5302 2952 5363 illum.
2988 5302 3060 5363 Et
3086 5321 3200 5363 non
3227 5299 3595 5362 invenientes
3617 5314 3734 5377 qua

2076 5406 2246 5480 parte
2270 5394 2436 5457 illum
2466 5393 2757 5459 inferrent
2782 5411 2901 5474 prae
2925 5390 3528 5480 turba,ascenderunt
3549 5406 3734 5480 supra

2082 5475 2324 5561 tectum,
2349 5503 2418 5547 ac
2441 5502 2546 5566 per
2561 5482 2785 5563 tegulas
2802 5481 3169 5547 demiserunt
3194 5500 3329 5547 eum
3357 5498 3490 5545 cum
3515 5475 3736 5545 lectulo
