4232 6406
508 327 626 399 763
1481 333 2082 402 THEOPHYLACTI
2125 333 2538 396 BULGARIE
2580 335 2941 400 ARCHIEP.
3794 331 3917 399 764

501 469 559 530 in
595 472 856 533 medium
889 481 1028 534 ante
1066 474 1292 535 Jesum.
1346 474 1610 545 Quorum
1643 473 1823 535 fidem
1871 483 1936 534 ut
1983 467 2155 543 vidit,

2242 470 2481 534 καθῆκαν
2538 469 2696 525 αὐτὸν
2739 471 2830 526 σὺν
2872 477 2949 544 τῷ
2991 469 3229 543 κλινιδίῳ
3271 473 3345 536 εἰς
3387 473 3449 528 τὸ
3501 473 3668 547 μέσον
3697 471 3909 551 ἔμπρο-

500 557 652 619 dixit
682 560 807 622 illi:
845 562 1056 640 Homo,
1092 561 1472 623 remittantur
1511 561 1613 623 tibi
1648 570 1893 640 peccata
1937 569 2055 623 tua.
2087 555 2155 625 El

2248 559 2367 612 σθεν
2423 564 2516 614 τοῦ
2561 555 2736 625 Ἰησοῦ
2774 578 2785 591 ·
2842 561 2930 616 καὶ
2973 559 3094 616 ἰδὼν
3137 561 3235 628 τὴν
3278 561 3454 617 πίστιν
3497 565 3694 632 αὐτῶν,
3754 561 3913 618 εἶπεν

501 659 810 726 cceperunt
837 650 1096 728 cogitare
1139 651 1362 714 Scribae
1394 660 1454 713 et
1500 651 1788 714 Pharisaei
1834 651 2105 714 dicentes
2144 649 2155 686 ⁵

2247 649 2412 722 αὐτῷ·
2451 645 2769 725 ’¹Ανθρωπε,
2831 649 3096 730 ἀφέωνταί
3137 672 3222 708 σοι
3269 653 3322 708 αἱ
3351 651 3603 732 ἁμαρτίαι
3645 673 3764 711 σου.
3821 651 3921 712 Καὶ

500 734 611 807 Qui
643 745 732 798 est
763 738 813 798 is
840 739 944 819 qui
979 739 1240 820 loquitur
1290 739 1689 820 blasphemlas
1715 740 1745 801 ?
1792 740 1937 814 Quis
1967 750 2155 822 potest

2246 734 2469 814 ἤρξαντο
2528 736 2912 816 διαλογίζεσθαι
2985 741 3031 798 οἱ
3095 746 3439 817 Γραμματεϊς
3504 743 3591 798 καὶ
3646 743 3694 798 οἱ
3752 749 3918 819 Φαριο

499 826 811 889 remittere
844 837 1106 908 peccata,
1157 829 1270 890 nisi
1323 829 1486 892 solus
1529 830 1743 893 Deus?
1771 829 1847 893 Ut
1889 831 2155 909 cognovit

2246 839 2416 897 σαϊοι,
2477 827 2745 906 λὲγοντες·
2781 831 2868 894 Τίς
2899 828 3042 886 ἐστιν
3073 832 3224 896 οὗτος
3252 832 3310 894 ὃς
3340 829 3499 888 λαλεῖ
3538 830 3911 912 βλασφημίας

499 923 697 976 autem
734 918 904 979 .lesus
939 919 1333 995 cogitationes
1354 937 1585 994 eorum,
1612 921 1985 1000 respondens
2015 921 2155 982 dixit

2245 914 2330 980 Τίς
2395 914 2607 973 δύναται
2671 917 2882 996 ἀφιέναι
2912 918 3197 997 ἁμαρτίας,
3249 922 3293 976 εί
3338 921 3416 996 μὴ
3449 921 3610 984 μόνος
3655 922 3684 978 6
3729 921 3859 984 Θεός
3899 939 3915 995 ;

499 1004 570 1065 ad
607 1005 743 1068 illos
771 1028 784 1069 :
818 1005 968 1080 Quid
993 1008 1261 1087 cogitatis
1285 1009 1342 1069 in
1377 1009 1659 1071 cordibus
1682 1009 1924 1072 vestris?
1949 1009 2155 1073 Utrum

502 1103 594 1156 est
625 1096 862 1159 facilius
893 1099 1136 1162 dicere:
1172 1098 1571 1160 Remittantur
1613 1099 1717 1160 tibi
1753 1110 1993 1182 peccata
2034 1114 2157 1181 tua,

500 1201 573 1245 an
611 1185 857 1251 dicere:
894 1187 1084 1265 Surge
1115 1197 1173 1250 et
1226 1188 1511 1251 ambula?
1572 1188 1642 1252 Ut
1691 1197 1882 1252 autem
1934 1189 2156 1270 sciatis,

501 1276 658 1353 quod
693 1277 876 1340 Filius
901 1279 1158 1340 hominis
1181 1277 1394 1339 habeat
1425 1287 1769 1358 potestatem
1791 1279 1850 1339 in
1881 1289 2038 1341 terra
2059 1299 2159 1342 re-

510 1363 782 1428 mittendi
812 1377 1075 1446 peccata,
1108 1367 1190 1428 ait
1222 1368 1536 1448 paralytico
1563 1391 1576 1428 :
1613 1368 1743 1432 Tibi
1772 1368 2158 1449 dico,Surge,

513 1454 654 1516 tolle
685 1455 966 1518 lectulum
996 1465 1182 1539 tuum,
1204 1465 1262 1518 et
1283 1458 1430 1519 vade
1457 1457 1516 1518 in
1543 1458 1784 1522 domum
1814 1459 1948 1518 507
1975 1467 2156 1522 tuam.

510 1542 688 1624 lsque
710 1545 1025 1608 confestim
1051 1565 1304 1625 surgens
1335 1566 1534 1609 coram
1556 1547 1950 1622 illis,tollebat
1967 1550 2023 1609 in
2045 1569 2159 1630 quo

504 1631 799 1712 jaCuerat,
861 1635 1124 1716 abiitque
1173 1636 1234 1698 in
1283 1636 1525 1698 domum
1579 1656 1765 1698 suam.
1821 1637 2161 1718 glorificans

509 1721 720 1786 Deum.
756 1725 832 1787 Et
856 1733 1064 1804 stupor
1087 1725 1374 1825 corripuit
1405 1745 1636 1825 omnes,
1673 1734 1730 1786 et
1750 1726 2162 1825 glorificabant
2188 1776 2222 1825 Β

511 1817 724 1890 Deum,
760 1825 819 1878 et
851 1818 1059 1898 repleti
1088 1830 1226 1878 sunt
1248 1818 1484 1897 timore,
1518 1818 1788 1880 dicentes
1822 1838 1835 1880 :
1888 1820 2162 1883 Vidimus

507 1905 885 1968 incredibilia
913 1908 1114 1970 hodie.
1155 1934 1182 1964 κο
1235 1907 1555 1988 Oportebat
1596 1908 1914 1971 Dominum
1968 1911 2162 1972 rarius

509 1996 808 2076 quoddam
841 2016 1040 2059 coram
1074 1998 1334 2060 inimicis
1363 1999 1562 2062 facere
1596 2001 1971 2082 miraculum,
2019 2020 2161 2081 pro-

508 2084 652 2146 inde
681 2096 849 2148 sanat
875 2087 1178 2150 hominem
1214 2088 1544 2150 difficillimi
1578 2090 1865 2158 morbi.ut
1895 2092 2161 2154 sanando

507 2181 732 2238 tantum
767 2176 1065 2248 morbum.
1100 2188 1336 2240 sanaret
1366 2187 1424 2239 et
1455 2179 1843 2241 insanabilem
1872 2182 2160 2244 Pharisa-

503 2283 673 2326 orum
705 2265 1024 2328 insaniam.
1059 2267 1324 2328 Primum
1356 2268 1542 2347 igitur
1570 2270 1825 2331 animam
1860 2272 2156 2352 sanat,di--

506 2373 672 2417 cens:
698 2354 1096 2417 Remittantur
1119 2356 1219 2418 tibi
1246 2366 1507 2435 peccata;
1531 2366 1596 2419 ut
1617 2358 1920 2423 discamus
1945 2362 2156 2424 multas

504 2445 932 2507 inﬁrmitatesa
953 2447 1212 2526 peccatis
1234 2446 1393 2508 nasci
1424 2468 1440 2524 ;
1474 2447 1693 2510 deinde
1720 2458 1777 2512 et
1809 2469 2022 2532 corpus
2055 2472 2154 2514 sa-

502 2543 625 2614 nat,
651 2536 771 2598 visa
799 2536 1176 2599 efferentium
1204 2538 1342 2600 fide.
1373 2536 1543 2618 Szepe
1559 2539 1717 2601 enim
1743 2541 1890 2603 alios
1912 2551 2157 2623 propter

499 2625 750 2687 aliorum
785 2635 978 2688 servat
1010 2627 1208 2690 fidem.
1239 2626 1423 2688 Porro
1455 2626 1736 2691 Pharisaei
1767 2630 2003 2693 dicunt:
2039 2631 2157 2694 Cur

503 2715 607 2777 ille
649 2714 908 2787 loquitur
937 2715 1385 2795 blasphemias?
1427 2715 1569 2789 Quis
1611 2727 1800 2799 potest
1847 2719 2153 2783 remittere

501 2812 743 2884 peccata
765 2803 879 2866 nisi
902 2807 1064 2867 solus
1091 2805 1276 2869 Deus?
1306 2804 1444 2868 Hazc
1473 2817 1670 2869 autem
1696 2807 1925 2884 dicunt,
1947 2811 2158 2873 mortis

499 2913 668 2957 reum
693 2895 1182 2958 condemn'antes.
1214 2897 1370 2976 Lege
1393 2897 1555 2960 enim
1588 2905 1892 2967 statutum.
1913 2906 1974 2960 ut
1994 2898 2156 2962 blas-

501 2985 790 3068 phemans
831 2984 891 3046 in
933 2988 1122 3049 Deum
1175 2995 1364 3049 morte
1414 2987 1727 3066 puniretur
1747 2987 1830 3047 99.
1867 2989 2156 3052 Dominus

2243 1003 2526 1083 Ἐπιγνοὺς
2600 1004 2656 1063 δὲ
2713 1011 2740 1064 ὁ
2812 1007 3018 1075 Ἰησοῦς
3097 1011 3221 1073 τοὺς
3278 1008 3654 1088 διαλογισμοὺς
3713 1014 3913 1084 αὐτῶν,

2242 1089 2540 1170 ἀποκριθεὶς
2570 1095 2691 1151 εἶπε
2743 1097 2876 1174 πρὸς
2930 1095 3118 1162 αὐτούς
3156 1113 3168 1129 ⁸
3207 1099 3266 1155 Τί
3296 1096 3651 1177 διαλογίζεσθε
3681 1097 3736 1155 ἐν
3779 1111 3906 1162 ταῖς

2245 1178 2479 1258 καρδίαις
2505 1184 2651 1258 ὑμῶν
2678 1199 2694 1258 ;
2755 1186 2815 1242 Τί
2870 1184 3011 1242 ἐστιν
3045 1186 3407 1265 εὐκοπώτερον
3437 1189 3634 1258 εἰπεῖν,
3668 1184 3910 1269 Ἀφέων-

2243 1270 2332 1324 ταί
2360 1293 2442 1328 σοι
2476 1274 2824 1357 αἶ’-ἁμαρτίαι
2855 1297 2970 1355 σου,
3011 1275 3047 1341 ἢ
3107 1278 3302 1351 εἰπεῖν,
3339 1277 3599 1357 ’Έγειραι
3631 1279 3718 1334 καὶ
3747 1298 3913 1356 περι-

2244 1359 2404 1417 mite:
2441 1380 2457 1441 ;
2525 1352 2650 1420 Ηινα
2707 1361 2762 1418 δὲ
2820 1352 3016 1444 εἰδῆτε,
3071 1365 3151 1422 ὅτι
3185 1365 3420 1432 ἐξουσίαν
3443 1352 3581 1447 ’ἕχζει
3612 1369 3641 1424 6
3671 1369 3792 1431 Υἱὸς
3822 1375 3915 1424 τοῦ

2245 1447 2518 1536 ἀνθρώπου
2576 1450 2662 1509 ἐπὶ
2712 1457 2812 1520 τῆς
2873 1453 2974 1532 γῆς
3030 1454 3237 1536 ἀφιέναι
3298 1457 3587 1536 ἁμαρτίας,
3659 1457 3788 1514 εἷπε
3831 1461 3910 1529 τῷ

2244 1535 2660 1626 παραλελυμένῳ
2693 1556 2707 1571 ⁸
2743 1543 2835 1598 Σοὶ
2893 1535 3086 1622 λέγω,
3122 1545 3321 1625 ἕγειραι
3357 1564 3374 1580 ⁸
3408 1547 3496 1602 καὶ
3526 1535 3652 1626 ἄρας
3695 1547 3757 1602 τὸ
3786 1544 3909 1604 κλιο

2243 1624 2401 1683 νίδιόν
2463 1650 2579 1708 σου,
2636 1632 2861 1705 πορεύου
2918 1633 2990 1698 εἰς
3040 1635 3132 1691 τὸν
3180 1624 3332 1692 οἶκόν
3396 1658 3512 1696 σου.
3577 1637 3676 1695 Καὶ
3731 1657 3912 1714 παρα-

2244 1721 2436 1794 χρῆμα
2476 1718 2707 1783 ἀναστὰς
2765 1720 2992 1778 ἐνώπιον
3046 1725 3242 1798 αὐτῶν,
3275 1723 3403 1804 ἄρας
3434 1725 3519 1807 ἔφ’
3550 1726 3578 1782 ὃ
3608 1727 3911 1806 κατέκειτο,

2245 1803 2480 1871 ἀπῆλθεν
2534 1809 2607 1871 είς
2665 1811 2754 1866 τὸν
2809 1811 2965 1868 οἷκον
3011 1813 3166 1870 αὐτοῦ
3209 1803 3436 1887 δοξάζων
3478 1803 3575 1873 ’τὸν
3619 1817 3774 1872 Θεὸν·
3824 1803 3913 1872 καὶ

2245 1892 2490 1960 ἔκστασις
2523 1896 2679 1954 ἔλαϐε
2728 1899 2955 1964 πάντας.
3011 1903 3110 1960 Καὶ
3154 1901 3394 1975 ἐδόξαζον
3451 1907 3543 1962 τὸν
3597 1907 3751 1978 Θεὸν,
3822 1905 3912 1962 καὶ

2246 1982 2589 2054 ἐπλήσθησαν
2647 1986 2834 2068 φόϐου,
2895 1988 3163 2073 λέγοντες,
3223 1992 3304 2049 ὅτι
3368 1992 3596 2070 Εῗδομεν
3643 1991 3909 2071 παράδοξα

2246 2075 2502 2154 σήμερον.
2537 2100 2564 2131 ι
2601 2075 2638 2104 ’¹
2652 2075 2786 2151 Εδει,
2821 2080 3165 2158 συνηγμένων
3192 2088 3299 2137 τῶν
3329 2086 3556 2162 ἐχθρῶν,
3590 2083 3896 2163 καινότερόν

2240 2184 2290 2218 τι
2335 2167 2747 2244 τερατουργῆσαι
2793 2169 2886 2224 τὸν
2942 2168 3127 2249 Κύριον
3163 2190 3178 2205 ο
3233 2173 3507 2252 θεραπεύει
3566 2173 3655 2230 οὖν
3701 2172 3910 2253 ἄνθρω-

2239 2275 2339 2310 πον
2401 2265 2654 2315 νοσοῦντα
2712 2257 2863 2314 νόσον
2895 2257 3134 2317 δυσίατον
3169 2277 3182 2291 ⁸
3216 2260 3311 2319 ’ίνα
3339 2261 3423 2318 διὰ
3452 2272 3546 2321 τοῦ
3576 2265 3636 2320 τὸ
3664 2271 3905 2321 τοιοῦτον

2237 2342 2482 2400 ἰάσασθαι
2528 2347 2739 2422 νόσημα
2781 2349 2868 2404 καὶ
2929 2349 3030 2416 τὴν
3099 2348 3509 2428 δυσθεράπευτον
3580 2361 3685 2411 τῶν
3739 2361 3908 2432 Φαρι-

2239 2433 2401 2488 σαίων
2458 2436 2648 2504 μανίαν
2707 2436 3002 2504 ἐξιάσηται.
3064 2445 3279 2519 Πρῶτον
3326 2442 3414 2498 οὖν
3467 2444 3534 2499 τὶι
3573 2449 3670 2510 τῆς
3715 2442 3901 2523 ψυχῆς

2237 2524 2534 2600 θεραπεύει,
2610 2526 2773 2582 εἰπών
2805 2541 2818 2556 ⁸
2871 2525 3164 2607 Ἀφέωνταί
3220 2551 3302 2586 σοι
3367 2535 3419 2587 αἱ
3476 2533 3726 2611 ἁμαρτίαι
3785 2554 3905 2612 σου,

2235 2609 2329 2666 ἵνα
2389 2614 2664 2689 μάθωμεν,
2699 2613 2779 2670 ὅτι
2838 2617 2905 2671 τὰ
2932 2615 3108 2672 πολλὰ
3150 2620 3257 2672 τῶν
3317 2609 3750 2697 ἀρρωστημάτων
3800 2609 3908 2678 ὰπὸ

2234 2699 2342 2756 τῶν
2399 2703 2671 2781 ἁμαρτιῶν
2730 2705 2996 2760 τίκτονται
3034 2725 3047 2738 ·
3101 2706 3227 2761 εἶτα
3277 2709 3363 2763 καὶ
3411 2709 3477 2763 τὰ
3519 2717 3612 2765 τοῦ
3653 2710 3905 2784 σώματος

2237 2791 2532 2867 θεραπεύει,
2609 2790 2732 2849 ἰδὼν
2786 2794 2887 2861 τὴν
2971 2794 3146 2850 πίστιν
3217 2796 3324 2852 τῶν
3404 2800 3898 2876 προσενεγκάντων.

2239 2877 2504 2943 Πολλάκις
2562 2883 2662 2961 γὰρ
2711 2880 2796 2939 διὰ
2846 2883 2946 2951 τὴν
2995 2883 3188 2962 ἑτέρων
3246 2885 3419 2943 πίστιν
3477 2887 3685 2964 ἑτέρους
3715 2887 3896 2958 σώζει,

2240 2970 2300 3027 0i
2334 2967 2388 3024 δὲ
2421 2973 2707 3048 Φαρισαῐοί
2741 2995 2867 3053 φασι
2899 2995 2910 3006 ·
2948 2974 3008 3031 Τί
3037 2976 3188 3038 οὗτος
3221 2973 3382 3032 λαλεῖ
3411 2975 3777 3058 βλασφημίαςς
3811 2977 3899 3040 Τίς

498 3054 675 3156 igitur
703 3084 1042 3140 monstrans
1073 3078 1161 3140 eis
1184 3096 1247 3139 se
1279 3097 1485 3140 verum
1509 3077 1720 3152 Deum,
1745 3088 1801 3141 et
1833 3099 1950 3141 non
1982 3098 2154 3142 arro-

2239 3055 2453 3116 δύναται
2481 3061 2690 3140 ἀφιέναι
2720 3062 2982 3142 ἁμαρτίας
3015 3064 3059 3120 εἰ
3113 3064 3189 3139 μὴ
3252 3066 3413 3140 μόνος
3447 3068 3476 3124 6
3510 3054 3640 3132 Θεός
3676 3084 3693 3143 ;
3726 3054 3900 3126 Ταῦτα

495 3166 696 3246 gantia
727 3166 876 3229 illud
910 3187 944 3230 a
975 3186 1040 3230 se
1085 3168 1340 3241 dictum,
1375 3168 1490 3230 alio
1522 3168 1692 3248 signo
1745 3169 1867 3232 illis
1919 3170 2148 3234 suadet.

498 3255 738 3320 Sciebat
767 3257 924 3320 enim
965 3257 1102 3338 quid
1138 3257 1220 3319 illi
1248 3257 1596 3334 cogitarent.
1621 3257 1792 3322 Unde
1812 3259 2056 3321 omnino
2080 3260 2148 3322 li-

494 3345 764 3426 quidum.
786 3365 918 3408 eum
946 3366 1079 3410 esse
1102 3347 1314 3411 Deum.
1351 3349 1455 3408 Dei
1483 3349 1641 3410 enim
1672 3358 1762 3410 est
1800 3349 2001 3411 videre
2023 3369 2146 3422 cor;

494 3436 1001 3516 proptereadixit:
1027 3437 1176 3510 Quid
1204 3437 1372 3498 vobis
1405 3437 1670 3500 videtur?
1701 3439 2018 3502 faciliusne
2043 3459 2144 3502 re-

2238 3146 2293 3204 δὲ
2323 3147 2558 3229 λέγουσι,
2605 3152 2826 3208 θάνατον
2876 3156 3031 3212 αὐτοῦ
3079 3153 3595 3231 καταγινώσκοντες.
3643 3157 3745 3215 Τὸν
3800 3156 3901 3234 γὰρ

2236 3241 2449 3297 εἰπόντα
2502 3242 2847 3324 βλασφημίαν
2904 3245 3040 3300 κατὰ
3097 3246 3191 3299 τοῦ
3235 3244 3369 3302 Θεοῦ
3407 3247 3629 3305 θάνατον
3687 3244 3901 3320 ὑπομέ-

2234 3351 2341 3387 νειν
2371 3331 2724 3410 προσέταττεν
2773 3334 2801 3389 6
2859 3335 3043 3408 νόμος.
3125 3324 3183 3392 Ὀ
3241 3341 3368 3412 γοῦν
3429 3337 3612 3415 Κύριος
3688 3335 3894 3398 δεικνὺς

2233 3424 2440 3497 αὐτοῖς,
2490 3420 2569 3478 ὅτι
2614 3421 2781 3487 ὅντως
2831 3424 2958 3489 Θεός
3002 3423 3136 3497 ἐστι,
3173 3424 3259 3480 καὶ
3289 3424 3348 3480 οὗ
3379 3427 3641 3501 κομπάζει
3685 3426 3892 3502 μάτην,

496 3504 730 3587 initierc
745 3527 1174 3606 peccatum,vel
1197 3545 1408 3588 sanare
1431 3529 1684 3608 corpus?
1702 3527 1958 3590 Omnino
1979 3529 2145 3609 juxta

2238 3510 2320 3591 ἆρ’
2376 3513 2552 3589 ἑτέρου
2609 3513 2832 3588 σημείου
2899 3513 3064 3570 πείθει
3096 3514 3306 3577 αὐτούς,
3371 3504 3447 3571 ’Ἃ
3507 3518 3607 3596 γὰρ
3691 3516 3896 3572 ἐκεῖνοι

2238 3603 2254 3615 .
2307 3599 2324 3615 κ
2733 3610 2751 3615 _
2915 3605 2928 3615 .
2975 3605 2986 3615 .
3206 3603 3216 3615 .
3429 3596 3466 3615 ..
3513 3609 3530 3615 -
3734 3605 3745 3615 .

493 3599 761 3677 vestram.
778 3599 1135 3678 sententiam
1162 3617 1397 3678 videtur
1417 3599 1648 3679 facilius
1676 3599 2143 3698 remittere'pec-

2238 3599 2599 3678 ζιελογίζοντο,
2658 3610 2822 3658 ταῦτα
2876 3605 3030 3666 αὐτὸς
3105 3603 3364 3670 σλνίησιν,

3467 3609 3594 3664 Οθσν
3673 3605 3895 3666 πάντως

492 3713 643 3778 cata,
671 3714 734 3768 ut
765 3705 1110 3780 obscurum,
1145 3712 1203 3766 et
1225 3725 1345 3767 non
1375 3689 2143 3787 reprehensibile,quamvis

2238 3689 2412 3772 ῖῆλον,
2472 3689 2552 3747 ἔτι
2588 3691 2716 3754 Θεός
2775 3692 2909 3755 ἐστι.
2961 3700 3096 3750 Θεοῦ
3139 3694 3240 3772 γὰρ
3293 3695 3356 3750 τὸ
3406 3693 3598 3752 εἰδέναι
3656 3694 3895 3776 καρδίας,

490 3795 788 3856 difﬁci'ius
848 3796 966 3857 sit:
1016 3812 1227 3857 sanare
1286 3804 1484 3857 autem
1551 3813 1796 3877 corpus,
1850 3805 1913 3857 ut
1965 3797 2154 3860 oculis

492 3883 908 3964 conspicuum,
944 3883 1250 3946 difficilius
1298 3885 1561 3966 videtur,
1613 3885 1881 3965 quamvis
1941 3895 2151 3948 natura

491 3974 728 4036 facilius
763 3994 775 4035 :
827 3981 1090 4035 attamen
1129 3992 1236 4054 ego
1273 3982 1330 4035 et
1359 3975 1473 4035 hoc
1505 3984 1562 4035 et
1592 3973 1740 4035 illud
1774 3974 1984 4036 faciam
2025 3996 2037 4038 :
2096 3986 2152 4037 et

490 4061 739 4142 idcirco,
773 4081 908 4123 cum
949 4060 1173 4122 sanabo
1206 4081 1444 4144 corpus,
1480 4080 1613 4144 qua:
1663 4080 1758 4124 res
1793 4061 1956 4124 vobis
1988 4063 2154 4125 diffi-

489 4151 660 4212 cilior
688 4150 942 4226 videtur,
979 4150 1331 4214 credibilem
1370 4151 1533 4213 vobis
1585 4152 1794 4214 faciam
1847 4160 1902 4214 et
1936 4152 2153 4216 anima:

489 4241 887 4315 sanationem,
935 4260 1065 4322 quae
1119 4260 1326 4304 revera
1373 4241 1677 4305 difﬁcilior
1721 4250 1832 4321 est,
1885 4241 2153 4321 quamvis

2235 3783 2405 3849 Φησὶν
2458 3781 2588 3854 οὗι,
2618 3785 2678 3838 Τί
2735 3781 2884 3839 δοκεῖ
2941 3783 3069 3858 ὑμνν
3127 3783 3512 3864 εὐκοπώτερον,
3571 3787 3633 3843 τὸ
3686 3786 3899 3868 ἀφιέναι

2237 3872 2536 3950 ἁμαρτίας,
2572 3871 2608 3940 ἢ
2664 3870 2726 3926 τὸ
2782 3872 2993 3948 ὑγιάσαι
3052 3877 3258 3945 σῶμα;
3335 3874 3550 3941 Πάντως
3610 3877 3746 3932 κατὰ
3801 3875 3901 3942 τὴν

2235 3960 2495 4040 σᾷμετέραν
2558 3962 2740 4040 ψῆφον
2796 3962 2858 4016 τὸ
2914 3960 3124 4039 ἀφιέναι
3167 3962 3426 4040 ἁμαρτίας
3505 3962 3657 4021 δοκεῖ
3739 3963 3898 4022 εὔκο-

2237 4051 2497 4127 πώτερον,
2547 4052 2619 4113 ὡς
2690 4050 2886 4130 ἀφανὲς
2931 4053 3020 4106 καὶ
3076 4049 3414 4130 ἀνέλεγκτον,
3481 4055 3653 4110 καίτοι
3704 4052 3897 4111 δυσκο-

2236 4138 2464 4212 λώτερον
2498 4141 2576 4196 ἓν.
2614 4141 2684 4198 Τὸ
2728 4137 2782 4195 δέ
2815 4162 2872 4218 γε
2918 4144 3231 4218 θεραπεῦσαι
3291 4148 3448 4218 σῶμα
3492 4141 3658 4200 δωκεϊ
3702 4143 3891 4201 δυσκο-

2236 4228 2526 4321 λώτερονη
2553 4231 2624 4293 ὡς
2682 4232 3020 4310 φαινόμενον,
3059 4231 3224 4287 καίτοι
3285 4231 3653 4313 εὖκοπώτερον
3711 4234 3768 4290 ὃν
3825 4242 3896 4311 τῇ

485 4329 673 4404 vobis,
710 4330 850 4411 quia
875 4312 1001 4393 ino'n
1031 4330 1284 4405 videtur,
1318 4332 1507 4395 facilis
1529 4312 1830 4395 videatur:
1857 4312 2008 4394 Vide
2041 4351 2148 4392 au-

2238 4321 2408 4400 φύσει,
2489 4312 2684 4395 υΟμως
2744 4320 2853 4399 ἑγὼ
2907 4321 3006 4376 καὶ*
3057 4327 3215 4378 τοῦτο
3273 4320 3494 4379 κάκεῖνο
3525 4323 3761 4394 πύιήσω.
3797 4326 3896 4383 Καὶ

489 4429 607 4482 tem
629 4421 782 4502 quod
804 4440 986 4502 super
1004 4429 1218 4483 terram
1238 4423 1620 4485 remittantur
1644 4429 1907 4504 peccata.
1935 4420 2152 4494 Quam-

485 4511 584 4571 diu
622 4511 780 4572 enim
816 4529 1001 4591 super
1033 4520 1247 4574 terram
1299 4531 1528 4593 sumus,
1565 4511 1900 4594 poterimus
1945 4511 2151 4572 delere

488 4609 729 4681 peccata
758 4609 980 4663 nostra:
1007 4609 1064 4662 at
1093 4609 1400 4684 postquam
1425 4611 1637 4664 eterra
1667 4601 2144 4682 migraverimus,

487 4710 603 4751 non
639 4689 796 4751 ultra
829 4690 1159 4770 nobisipsis
1193 4691 1517 4770 poterimus
1549 4710 1656 4773 per
1703 4689 2145 4752 confessionem

2235 4409 2320 4466 διὰ
2369 4417 2460 4465 τοῦ
2511 4414 2824 4489 θεραπεῦσαι
2880 4412 2941 4466 τὸ
2994 4411 3172 4492 σῶμα,
3227 4412 3256 4466 ὃ
3286 4410 3437 4467 δοκεῖ
3465 4414 3594 4488 ὑμῖν
3623 4412 3894 4471 δυσκολω-

2233 4521 2404 4578 τερον,
2467 4500 2804 4576 πιστώσομαι
2879 4501 2965 4556 καὶ
3022 4523 3121 4568 την
3188 4502 3464 4580 θεραπείαν
3523 4508 3622 4569 τῆς
3684 4507 3893 4585 ψυχῆς,

2232 4589 2348 4656 ἥτις
2392 4591 2435 4646 εἰ
2479 4591 2568 4646 καὶ
2603 4588 2870 4675 ’δυσκολύς
2929 4589 3064 4666 ἐστι,
3113 4589 3265 4648 δοκεῖ
3314 4592 3448 4666 ’ὑμῖν
3515 4591 3755 4675 εὔκολον,
3813 4592 3899 4650 διὰ

2231 4681 2292 4735 τὸ
2323 4678 2539 4762 ἀφανές.
2579 4662 2723 4758 "Op:
2754 4677 2810 4735 δὲ
2839 4679 2916 4736 ὅτι
2950 4662 3160 4748 ἐπὶττῆς
3215 4685 3317 4758 γῆς
3353 4662 3598 4760 ’ἀφίενται
3630 4686 3682 4739 αἱ
3713 4662 3892 4762 ἁμαρ-

487 4788 725 4862 pecrata
754 4779 956 4841 delere
994 4801 1007 4843 :
1037 4758 1257 4840 'clau'sa
1291 4779 1448 4842 enim
1503 4758 1594 4842 est
1634 4781 1841 4860 janua.
1876 4778 2148 4840 Diximus

2238 4770 2359 4832 τίαι,
2417 4758 2573 4832 "Em:
2629 4769 2689 4825 οὗ
2745 4769 2845 4850 γάρ
2903 4769 3062 4846 ἐσμεν
3121 4769 3207 4826 ἐπὶ
3264 4774 3364 4838 τῆς
3412 4758 3571 4852 -γῆς,
3633 4758 3896 4846 δυνάμεθα

486 4869 560 4932 de
595 4869 703 4931 hac
734 4869 999 4932 clausula
1031 4871 1089 4930 in
1122 4871 1255 4932 aliis
1287 4870 1677 4950 Evangelistis
1722 4868 1990 4930 uberius.

2229 4858 2509 4934 ἐξαλεῖψαι
2571 4860 2664 4923 τὰς
2737 4859 2994 4938 ἁμαρτίας
3052 4861 3233 4936 ἡμῶν.
3312 4858 3438 4918 Μεθ’
3469 4863 3498 4919 ὃ
3549 4862 3734 4937 μέντοι
3792 4868 3893 4928 τῆς

485 4961 584 5038 γῆς
622 4960 1030 5035 ἆπχνχστῶμεν,
1066 4962 1161 5017 οὒκ
1193 4961 1268 5018 ἔτι
1308 4946 1475 5035 ἣμετς
1500 4962 1645 5017 αὑτοὶ
1675 4959 1936 5034 δυναίμεθα
1963 4956 2027 5013 δι’
2063 4951 2503 5032 ἐξομολογήσεως
2535 4946 2815 5025 ἐξαλεῖψαι
2839 4950 2934 5012 τὰς
2963 4951 3222 5030 ἁμαρτίας
3245 4952 3423 5027 iii-15W-
3449 4950 3892 5012 Ἀποκέκλεισται

486 5051 585 5128 γὰρ
628 5051 660 5117 ἡ
706 5050 853 5126 θύρα.
907 5049 1148 5125 Εἴπομεν
1183 5049 1236 5106 δὲ

566 5135 752 5200 Vens.
775 5138 982 5197 27-32.
1019 5163 1038 5194 ι
1074 5137 1141 5198 Ει
1174 5147 1304 5220 post
1333 5139 1458 5200 haec
1495 5137 1634 5198 exiit
1671 5156 1739 5198 ac
1770 5137 1916 5198 vidit
1943 5135 2140 5218 publi-

483 5245 694 5288 canum
731 5228 974 5290 nomine
999 5228 1131 5290 Levi
1165 5229 1473 5289 sedentem
1509 5227 1579 5288 ad
1610 5227 1898 5288 telonium
1935 5235 2032 5299 ;et
2064 5227 2144 5286 ait

2238 5224 2446 5299 Ξνέματι
2511 5221 2690 5298 Λευίν,

484 5315 571 5376 illi
606 5336 619 5374 :
656 5315 918 5398 Sequere
953 5335 1068 5380 me.
1105 5319 1293 5400 Atque
1327 5317 1645 5388 is,relictis
1677 5316 1984 5389 omnibus,
2016 5334 2143 5376 sur-

1267 5051 1384 5129 περὶ
1428 5051 1623 5114 ταύτης
1660 5054 1758 5116 τῆς
1792 5054 2092 5127 περικοπῆς
2124 5047 2178 5102 ἐν
2211 5043 2334 5105 τοῖς
2367 5039 2564 5119 ἑτέροις
2601 5038 3023 5118 Εὑαγγελισταϊς
3055 5039 3402 5126 πλατύτερον.

2414 5141 2428 5152 ν
2473 5131 2487 5150 ς
2621 5130 2671 5164 ,ε
2815 5133 2836 5143 -ι
2965 5129 3044 5170 ἐν
3214 5153 3226 5164 ,
3284 5133 3298 5152 ς
3464 5132 3478 5154 r
3771 5133 3782 5155 θ

2316 5155 2342 5190 «
2395 5142 2490 5189 hau
2549 5152 2687 5205 μετα
2742 5151 2906 5187 ταυτα
2961 5129 3166 5206 ε..ηλθε,
3217 5153 3302 5187 και
3358 5134 3609 5190 ἒθεασατο
3655 5132 3894 5204 τελωνην

2791 5222 3094 5296 καθήμενον
3191 5222 3276 5278 ἐπὶ
3335 5223 3394 5279 τὸ
3449 5223 3727 5286 τελώνιον.
3791 5226 3891 5284 Καὶ

2229 5314 2384 5370 εἶπεν
2445 5313 2587 5383 αὐτῷ
2619 5329 2633 5341 ·
2674 5309 2977 5368 Ἀκολούθει
3029 5333 3145 5386 μοι,
3184 5313 3279 5370 Καὶ
3311 5312 3620 5371 καταλιπὼν
3653 5313 3886 5388 ἅπαντα,

483 5422 634 5482 gens
658 5415 996 5468 secutusest
1018 5427 1176 5470 eum:
1199 5398 1254 5469 et
1275 5408 1413 5470 fecit
1437 5408 1487 5469 ei
1513 5407 1844 5469 convivium
1865 5425 2142 5487 magnum

2238 5401 2458 5463 Ξῑναστὰς
2487 5398 2848 5467 ἠκολούθησεν
2907 5401 3070 5475 αὒτῷ.
3139 5404 3238 5461 Καὶ
3291 5403 3510 5473 ἐποίησε
3557 5404 3730 5487 δοχὴν
3780 5427 3884 5480 με-

488 5494 700 5556 Leviin
724 5494 900 5558 demo
923 5514 1027 5559 sua
1054 5519 1067 5562 :
1102 5506 1163 5561 et
1189 5507 1316 5560 erat
1347 5498 1525 5561 turba
1556 5501 1741 5560 multa
1784 5497 2140 5581 publicano-

562 5654 627 5707 99
655 5653 840 5718 Lavit.
875 5673 1055 5738 xxrv;
1091 5660 1112 5722 Ι
1149 5657 1344 5725 Paral.
1387 5677 1520 5724 xm.

2229 5492 2402 5572 γάλην
2434 5493 2462 5548 6
2496 5493 2659 5545 Aeo‘i‘v
2691 5489 2833 5564 αὐτῷ
2884 5491 2938 5547 ἐν
2969 5513 3036 5569 τῃ
3082 5491 3219 5568 οἰκίᾳ
3249 5493 3428 5555 αὐτοῦ.
3481 5498 3575 5555 Καὶ
3607 5495 3673 5565 ἢν
3718 5495 3888 5577 ὄχλος
