4232 6444
342 366 462 434 765
1092 372 1541 435 ENARRATIO
1588 372 1666 434 IN
1716 372 2222 437 EVANGELIUM
2273 376 2514 442 [λύσω.
2562 414 2639 423 -
2682 380 2848 441 CAP.
2900 382 2971 443 ν.
3620 360 3739 443 766

344 512 592 564 τελωνῶν
671 503 862 581 πολὺς,
935 507 1024 563 καὶ
1083 504 1283 583 ἄλλων,
1347 507 1403 565 οἳ
1459 507 1596 577 ἦσαν
1643 506 1763 584 μετ’
1832 510 2004 567 αὒτῶν

2095 524 2221 569 rum
2246 516 2308 571 et
2335 510 2587 574 aliorum
2608 512 2709 594 qui
2726 532 2860 576 cum
2894 512 3011 576 illis
3025 510 3558 577 accumbebant.Et
3578 530 3741 576 mur-

344 594 740 671 κατακείμενοι.
806 595 904 655 Καὶ
976 595 1266 675 ὶίόγγυζον
1322 599 1368 654 οἱ
1428 602 1774 675 Γραμματεῖς
1831 596 2003 653 αύτῶν

2095 599 2403 662 murabant
2427 601 2647 665 Scriba;
2676 609 2737 666 et
2788 603 3067 665 Pharisaei
3098 603 3172 666 ad
3184 622 3383 666 versus
3410 602 3737 684 discipulos

347 688 433 744 καὶ
482 687 530 744 οἱ
592 694 876 766 Φαρισαῖοι
910 687 1040 765 πρὸς
1072 687 1194 750 τοὺς
1226 687 1468 762 μαθητὰς
1518 690 1696 768 αὐτοῦ,
1729 686 1998 768 λέγοντες³

2095 686 2240 767 ejus,
2275 688 2585 754 dicentes:
2622 691 2818 764 Quare
2846 711 2981 754 cum
3015 692 3347 774 publicanis
3378 700 3435 755 et
3457 699 3735 770 peccato-

351 778 448 836 Διὰ
503 776 556 832 τί
609 776 744 852 μετὰ
806 775 1054 834 τελωνῶν
1108 778 1197 833 καὶ
1281 776 1612 858 ἁμαρτωλῶν
1665 777 1859 835 ἐσθίετε
1916 779 2003 836 καὶ

2095 775 2252 839 ribus
2284 779 2463 843 editis
2488 788 2547 842 et
2579 780 2781 843 bibitis
2802 784 2832 844 ?
2861 782 3257 864 Respondens
3285 782 3459 845 Jesus
3486 780 3634 843 dixit
3662 779 3737 841 ad

347 868 521 925 πίνετε
556 887 573 942 ;
631 866 732 925 Καὶ
773 865 1072 941 ἀποκριθεὶς
1102 868 1130 923 6
1171 864 1400 948 Ἰησοῦς,
1450 867 1577 925 εἶπε
1619 869 1751 947 πρὸς
1785 868 1994 932 αὐτούς’

2095 865 2220 928 illos
2256 888 2269 931 :
2305 870 2436 932 Non
2483 880 2660 951 egent
2691 874 2790 954 qui
2839 873 2968 935 sani
3015 882 3153 935 sunt
3211 871 3464 943 medico,
3499 870 3602 933 sed
3635 868 3738 951 qui

348 957 421 1016 Οὔ
474 956 661 1038 χρείαν
731 954 948 1036 ἔχουοιν
994 959 1040 1013 οἱ
1070 956 1386 1035 δγιαίνοντες
1430 957 1630 1037 ἰατροῦ,
1664 955 1782 1014 ἀλλ’
1823 959 1870 1013 οἱ
1896 979 2001 1014 κα-

2095 956 2243 1019 male
2273 958 2516 1023 habent.
2551 961 2680 1024 Non
2711 963 2841 1024 veni
2878 981 3088 1025 vocare
3127 964 3346 1043 justos,
3378 960 3482 1022 sed
3517 978 3736 1041 pecca-

347 1049 454 1111 κώς
511 1048 757 1127 ἔχοντες,
818 1046 926 1105 Ούκ
982 1043 1209 1113 ἑλὶιλυθα
1287 1045 1507 1131 καλέσαι
1564 1044 1817 1122 δικαίους,
1866 1045 2005 1103 ἀλλά

2095 1053 2248 1110 tores
2278 1049 2349 1111 ad
2398 1050 2832 1131 paenitentiam.
2867 1078 2893 1109 »
2944 1052 3250 1115 Matthwus
3295 1069 3515 1113 nomen
3561 1068 3734 1110 suum

347 1126 694 1219 ἁμαρτωλοὺς
771 1137 844 1201 είς
937 1132 1247 1211 μετάνοιαν.
1327 1160 1350 1194 ε
1439 1126 1499 1194 Ὀ
1559 1137 1658 1213 μὲν
1730 1140 2002 1200 Ματθαῖος

2095 1153 2207 1197 non
2240 1126 2414 1218 tegit,
2441 1140 2544 1201 sed
2577 1141 2737 1204 clare
2762 1143 3028 1219 invulgat
3058 1142 3302 1204 dicens:
3345 1164 3368 1197 α
3403 1138 3566 1202 Vidit
3600 1138 3734 1199 Mat-

347 1227 811 1308 ἁπαρακαλύπτως
882 1228 943 1283 τὸ
1006 1226 1191 1283 ἕαυτοῦ
1244 1224 1414 1302 ὄννμα
1471 1225 1843 1306 ἂνακηρύττει,
1906 1226 2008 1283 λὲ-ν

2095 1226 2310 1288 thaaum
2345 1228 2726 1309 publicanum
2753 1235 2926 1296 Jesus
2947 1232 3253 1295 sedentem
3278 1231 3338 1292 in
3366 1228 3588 1291 telonio
3607 1229 3732 1303 '50;o

349 1337 480 1397 γων’
544 1338 569 1373 α
635 1315 764 1376 Εἶδε
822 1319 1095 1373 Ματθαῖον
1136 1318 1228 1373 τὸν
1259 1315 1499 1382 τελώνην
1534 1318 1562 1372 ὁ
1599 1314 1807 1383 Ἰησοῦς
1838 1317 2004 1388 καθή-

2095 1312 2275 1377 Lucas
2306 1335 2448 1379 vero
2500 1327 2559 1381 et
2607 1319 2838 1383 Marcus
2879 1322 3243 1383 honorantes
3285 1318 3731 1395 evangelistam,

348 1429 510 1485 μενον
566 1406 653 1465 ἐπὶ
706 1408 768 1463 τὸ
822 1404 1097 1470 τελώνιον,
1161 1424 1185 1463 ο
1244 1397 1303 1463 Ὀ
1331 1404 1386 1462 δὲ
1421 1411 1627 1470 Λουκᾶς
1656 1408 1744 1464 καὶ
1774 1409 1802 1463 6
1844 1407 1999 1486 Μάρ-

2095 1402 2245 1467 aliud
2270 1406 2398 1486 ejus
2423 1425 2640 1472 nomen
2666 1410 2801 1473 Levi
2835 1410 2896 1472 in
2930 1411 3192 1473 medium
3214 1407 3353 1469 508
3375 1413 3736 1489 proponunt.

348 1521 462 1571 κος,
524 1503 786 1572 τιμῶντες
844 1497 937 1552 τὸν
1023 1494 1428 1577 εὐαγγελιστὴν,
1489 1497 1552 1553 τὸ
1609 1493 1784 1576 ἕτερον
1843 1496 2001 1556 αὐτοῦ

2095 1492 2400 1559 Admirare
2422 1506 2620 1561 autem
2646 1499 2753 1562 Dei
2778 1494 3582 1580 misericordiam,quomodo
3607 1512 3744 1556 vasa

350 1586 541 1667 ὄνομα,
600 1589 663 1643 τὸ
720 1586 911 1661 Λευίν,
969 1586 1042 1649 είς
1101 1585 1262 1663 μέσον
1319 1585 1644 1666 προτιθέασι.
1723 1587 2002 1663 Θαύμασον

2095 1583 2334 1663 maligni
2363 1586 2627 1668 diripiat.
2662 1591 2916 1652 Telones
2960 1589 3122 1652 enim
3170 1607 3269 1650 vas
3314 1593 3440 1649 erat
3471 1584 3737 1665 maligni,

349 1678 407 1735 δὲ
463 1687 556 1736 τοῦ
605 1682 736 1733 Θεοῦ
792 1676 891 1744 τὴν
961 1673 1377 1756 φιλανθρωπίαν,
1437 1680 1550 1743 πῶς
1603 1676 1671 1733 τά
1707 1677 1870 1745 σκεύη
1909 1684 2004 1735 τοῦ

2095 1679 2147 1761 et
2174 1674 2328 1737 mala
2357 1676 2569 1739 bestia.
2605 1679 2815 1743 Sciunt
2843 1681 2941 1761 qui
2988 1679 3215 1761 experti
3247 1686 3383 1739 sunt
3411 1693 3588 1757 quam
3621 1676 3741 1736 sint

348 1773 583 1847 πονηροῦ
640 1763 936 1845 διαρπάζει.
995 1763 1252 1855 Τελώνης,
1275 1766 1397 1845 γὰρ,
1454 1768 1639 1830 σκεῦος
1683 1776 1775 1826 τοῦ
1824 1789 2002 1835 πονη-

2095 1759 2415 1855 importuni
2449 1777 2775 1831 exactores.
2816 1759 3122 1832 Publicani
3156 1767 3317 1831 enim
3346 1773 3485 1829 sunt
3515 1763 3615 1845 qui
3634 1782 3739 1844 pu-

350 1864 461 1937 ροῦ,
493 1844 610 1914 Ἵκαὶ
666 1844 901 1933 πονηρόν
969 1855 1173 1934 θηρίον,
1237 1844 1459 1913 ’Ἶσασιν
1518 1858 1564 1913 οἱ
1620 1857 2001 1936 πεπειραμένοι

2095 1848 2245 1914 blica
2271 1854 2576 1935 vectigalia
2610 1867 2836 1934 emunt,
2885 1868 3176 1940 quatenus
3207 1856 3347 1919 inde
3385 1856 3735 1918 damnosum

348 1954 454 2005 τῶν
523 1950 726 2025 πικρῶν
796 1946 1132 2013 ἀπαιτητῶν,
1194 1944 1349 2005 Οὗτοι
1420 1946 1521 2025 γὰρ
1550 1949 1599 2003 οἱ
1639 1944 1892 2021 τελῶναι,
1954 1948 2001 2004 οἱ

2095 1940 2210 2004 suis
2239 1946 2552 2009 animabus
2581 1948 2721 2030 quid
2754 1949 3082 2011 lucrentur.
3117 1948 3191 2010 At
3216 1965 3334 2008 non
3360 1945 3551 2007 solum
3585 1945 3737 2003 Mat-

350 2038 412 2095 νὰ
468 2035 702 2113 δημόσια
771 2033 904 2102 τέλη
990 2035 1302 2111 ὠνούμενοι,
1361 2032 1444 2116 ἐφ’
1514 2037 1561 2111 ᾧ
1642 2034 2005 2116 ἀποκερδῆσαι

2095 2034 2303 2096 ιὶιωιιιίι
2326 2042 2465 2097 tunc
2483 2036 2746 2100 lucratus
2758 2038 2982 2113 est,sed
3007 2038 3181 2100 etiam
3196 2035 3344 2098 alios
3367 2033 3738 2116 publicanos,

348 2128 481 2187 κατᾶ
530 2131 640 2183 ¹ιῶν
720 2124 927 2182 οἰκείων
956 2129 1173 2206 ψυχῶνο
1220 2127 1293 2184 Οὔ
1321 2125 1481 2202 μόνον
1511 2123 1566 2182 δὲ
1597 2122 1697 2205 ἄρα
1724 2128 1817 2183 τὸν
1847 2133 2003 2183 Mat-

346 2224 498 2277 θαῖον
564 2212 864 2296 ἐκέρδησεν,
926 2213 1063 2271 ἀλλὰ
1117 2215 1207 2271 καὶ
1234 2215 1356 2280 τοὺς
1401 2215 1608 2296 ἐτέρους
1649 2215 1882 2281 τελώνας
1914 2220 2000 2280 οἷς

352 2311 703 2386 συνειστιᾶτο,
790 2302 1042 2384 κερδῆσαι
1124 2303 1445 2376 ιεσπούδαζεν
1513 2307 1542 2362 6
1632 2306 1849 2385 Κύριος,
1907 2306 2005 2362 Διὰ

348 2401 446 2481 γὰρ
503 2404 659 2455 τοῦτο
716 2392 960 2461 κατάξιοῖ
1040 2399 1463 2470 συνεστιαθῆναι,
1554 2396 1646 2454 ἵνα
1732 2396 2004 2461 κάκείνους

348 2488 727 2570 ἔφελκύσηται.
785 2488 846 2543 Οἱ
901 2492 1187 2565 Φαρισαῖοι
1217 2483 1273 2541 δὲ
1316 2486 1622 2564 αἰτιώμενοι
1667 2487 1845 2567 αύτὺν,
1908 2485 2003 2566 ὅρα

345 2581 396 2638 τί
450 2578 732 2636 ἀκούουσιν
776 2597 794 2650 ;
857 2577 965 2633 Οὔκ
994 2573 1245 2655 ἐλήλυθα,
1292 2576 1445 2656 φησὶ,
1495 2576 1715 2634 καλέσαι
1746 2574 2000 2652 δικαίως,

346 2667 635 2739 τουτέστιν,
696 2667 832 2741 ὒμᾶς
899 2665 1024 2730 τοὺς
1111 2662 1441 2731 δικαιοῦντας
1540 2667 1782 2731 ἑαυτούς·
1867 2664 2005 2722 ἀλλά

2088 2143 2224 2186 cum
2244 2123 2459 2206 quibus
2477 2127 3143 2205 convivabatur,lucrari
3170 2125 3403 2188 volebat
3423 2122 3736 2187 Dominus.

2084 2212 2229 2276 Nam
2255 2224 2574 2297 propterea
2597 2228 2655 2279 et
2676 2219 2920 2281 conviva
2945 2218 3181 2281 illorum
3206 2217 3293 2297 fit,
3322 2224 3385 2277 ut
3406 2214 3580 2276 etiam
3606 2211 3739 2274 illos

2084 2304 2361 2365 attrahat.
2397 2304 2548 2366 Vide
2577 2314 2776 2370 autem
2823 2308 2965 2389 quid
3012 2307 3174 2370 dicat
3202 2302 3515 2367 Pharisaais
3543 2302 3737 2381 ipsum

2087 2394 2691 2473 reprehendentibus.
2727 2397 2855 2459 Non
2888 2396 3047 2474 veni,
3068 2396 3281 2477 inquit,
3298 2411 3504 2455 vocare
3517 2392 3739 2471 justos,

2087 2482 2202 2544 hoc
2235 2490 2324 2544 est
2353 2502 2475 2559 vos,
2510 2485 2611 2566 qui
2644 2505 2744 2548 vos
2775 2488 2937 2568 ipsos
2963 2484 3348 2567 justiticatis‘:
3384 2482 3490 2545 sed
3522 2499 3737 2562 pecca-

2089 2580 2247 2634 tores
2278 2574 2410 2635 veni
2440 2593 2676 2652 voeare,
2709 2596 2827 2638 non
2851 2586 2914 2641 ut
2933 2578 2992 2638 in
3027 2574 3284 2654 peccatis
3308 2578 3608 2646 maneant,
3633 2568 3739 2630 sed

2088 2671 2150 2723 ut
2179 2665 2591 2740 paenitentiam
2622 2668 2939 2748 agant.Vel
2965 2667 3173 2729 aliter:
3214 2664 3344 2727 Non
3368 2664 3502 2724 veni
3526 2677 3739 2723 vocare

350 2755 703 2838 ἁμαρτωλοὺς
757 2755 918 2824 ἦλθον
1002 2753 1248 2835 καλέσαι,
1332 2757 1437 2836 οὐχ
1491 2757 1584 2814 ἳνα
1652 2756 1722 2832 τῇ
1776 2756 2007 2837 ἀμαρτίᾳ

2095 2754 2294 2832 iustos.
2331 2752 2532 2817 Nullos
2556 2757 2713 2818 enim
2746 2754 3513 2838 invenio,quandoquidem
3536 2767 3745 2812 omnes

348 2848 676 2929 ὶμμένωσιν,
726 2844 847 2904 ἀλλ’
903 2844 995 2902 ἵνα
1067 2846 1461 2920 μετανοήσωσι.
1525 2847 1626 2906 Καὶ
1657 2845 1853 2913 ἄλλως*
1897 2848 2004 2906 Οὐκ

353 2938 515 3008 ἦλθον
569 2936 791 2994 καλέσαι
847 2934 1108 2999 δικαίους.
1180 2933 1310 2995 Οὐδὲ
1359 2937 1459 3015 γὰρ
1503 2935 1746 3017 εδρίσκω,
1794 2936 2006 2993 πάντων

361 3028 718 3107 ἁμαρτόντων,
789 3023 941 3107 Ἐπεὶ
996 3025 1040 3081 εἰ
1095 3025 1163 3093 ἦν
1231 3023 1446 3082 δυνατὸν
1517 3028 1690 3106 εὑρεῖν
1750 3024 2002 3102 δικαίους,

2090 2854 2341 2922 peccant
2358 2844 2442 2905 δι.
2480 2845 2646 2918 Quod
2667 2846 2718 2908 si
2746 2846 3027 2927 possibile
3049 2853 3208 2909 esset
3233 2843 3503 2905 invenire
3520 2842 3743 2922 justos,

2090 2950 2208 2994 non
2241 2934 2561 2997 venissem.
2614 2935 2713 2997 Est
2753 2945 2952 2998 autem
3007 2935 3360 3016 publicanus
3392 2931 3610 3005 omnis,
3644 2929 3745 3010 qui

2092 3023 2301 3085 mundi
2329 3023 2569 3085 domino
2594 3026 2870 3106 servit,et
2896 3026 3119 3088 tributa
3142 3024 3306 3086 carni
3339 3024 3460 3084 dat.
3486 3020 3746 3086 Gulosus

363 3104 572 3174 οὒκ-ἄν
626 3114 809 3184 ἦλθον.
866 3104 1033 3172 ’Ἐστι
1093 3112 1145 3171 δὲ
1207 3114 1442 3183 τελώνης
1470 3104 1700 3179 καὶγπᾶς
1732 3117 1761 3172 6
1789 3118 1867 3190 τῷ
1915 3137 2007 3172 κο-

2098 3112 2284 3174 ventri
2334 3113 2551 3175 tributa
2607 3115 2709 3177 dat
2759 3104 2947 3188 cibos,
3002 3122 3291 3177 scortator
3334 3112 3553 3176 fmdum
3595 3130 3743 3173 con-

364 3205 676 3285 σμοκράτορι
749 3203 1032 3285 δουλεύων,
1089 3205 1178 3261 καὶ
1247 3203 1377 3272 τέλη
1434 3212 1504 3282 τῇ
1566 3206 1718 3277 σαρκὶ
1775 3205 2009 3285 προσφέ-

2095 3219 2387 3280 gressum,
2423 3211 2480 3264 et
2513 3203 2662 3265 alius
2700 3205 2883 3267 aliud.
2936 3207 3085 3267 Cum
3120 3204 3301 3283 igitur
3330 3202 3498 3264 illum
3528 3201 3747 3262 viderit

358 3317 486 3375 ρων,
540 3287 599 3355 Ὀ
671 3295 1067 3375 γαστρίμαργος
1136 3293 1285 3351 τελεῖ
1340 3300 1409 3371 τῇ
1487 3297 1673 3374 γαστρὶ
1729 3296 2009 3374 βρώματα,

2096 3290 2406 3372 Dominus,
2432 3293 2544 3355 hoc
2568 3300 2660 3357 est
2691 3294 3070 3373 evangelicus
3092 3312 3315 3365 sermo,
3349 3292 3658 3353 sedentem
3687 3289 3749 3350 in

353 3386 383 3443 6
441 3386 659 3464 πόρνος,
730 3384 830 3453 τὴν
905 3383 1137 3464 ῥυπαρὰν
1239 3382 1398 3465 μίξιν,
1460 3385 1547 3440 καὶ
1639 3382 1799 3448 ἄλλος
1855 3382 2009 3446 ἄλλο,

354 3465 537 3539 ’Ὅταν
601 3473 692 3531 οὖν
740 3471 837 3551 ἴδῃ
906 3474 1063 3530 αὐτὸν
1093 3475 1121 3530 6
1154 3473 1368 3553 Κύριος,
1404 3472 1669 3531 τουτέστιν
1713 3476 1740 3530 6
1785 3473 2013 3553 εὐαγγε-

352 3564 503 3630 λικὸς
556 3563 742 3643 λόγος,
802 3564 1103 3639 καθήμενον
1150 3562 1235 3620 ἐπὶ
1292 3566 1353 3620 τὸ
1409 3562 1687 3639 τελώνιον,
1746 3563 2009 3639 τουτέστι,

355 3655 433 3731 μὴ
486 3654 854 3734 προκόπτοντα
912 3650 1048 3730 μηδὲ
1107 3651 1459 3727 προοδεύοντα
1542 3654 1630 3710 καὶ
1704 3654 2014 3728 κινοῦμενον

354 3745 428 3807 εἷς
485 3742 706 3802 πλείονα
751 3741 960 3817 κακίαν,
1010 3738 1128 3798 ἀλλ’
1173 3744 1328 3800 οἱονεὶ
1388 3743 1670 3824 ἀργοῦντα,
1717 3743 1837 3800 τότε
1884 3742 2014 3799 ἀνα-

354 3834 612 3905 στήσεται
670 3834 778 3889 ἀπὸ
819 3841 913 3892 τοῦ
971 3839 1134 3889 κακοῦ
1190 3834 1278 3889 καὶ
1297 3832 1648 3904 ἀκολουθήσει
1702 3834 1779 3908 τῷ
1810 3831 2012 3907 Ἰησοῦ,

2100 3381 2343 3455 telonio,
2380 3382 2492 3443 hoc
2543 3392 2634 3445 est
2668 3401 2783 3445 non
2824 3385 3137 3464 proiicere,
3170 3401 3363 3464 neque
3396 3379 3749 3462 procedere,

2100 3489 2294 3551 neque
2341 3473 2565 3533 moveri
2617 3473 2690 3535 ad
2744 3474 3032 3553 majorem
3084 3474 3395 3547 malitiam,
3429 3470 3534 3533 sed
3585 3469 3753 3551 quasi

2100 3560 2380 3631 otiosum,
2410 3568 2550 3624 tunc
2572 3563 2957 3626 resuscitabit
2986 3583 3019 3624 a
3050 3563 3227 3638 malo,
3259 3571 3316 3625 et
3345 3566 3632 3642 sequetur
3656 3560 3756 3621 ille

2098 3653 2327 3724 .lesum,
2357 3660 2416 3713 et
2447 3652 2778 3732 excipietin
2805 3654 2982 3715 domo
3006 3654 3218 3715 animae
3240 3650 3579 3714 Dominum.
3613 3655 3749 3712 Pha-

2099 3739 2258 3801 risaei
2285 3747 2478 3802 autem
2514 3754 2868 3819 arrogantes
2901 3752 2957 3804 et
2988 3743 3292 3804 dmmones
3323 3740 3570 3803 absecti.
3606 3738 3757 3801 Pha-

2100 3829 2308 3891 risaaus
2366 3832 2523 3893 enim
2575 3833 2799 3896 dicitur
2851 3833 2951 3914 qui
3013 3832 3086 3895 ab
3139 3832 3270 3894 aliis
3323 3839 3752 3912 sequestratur,

356 3925 444 3981 καὶ
499 3922 823 4003 ὑποδέχεται
894 3921 948 3978 ἐν
1018 3929 1096 3997 τῷ
1150 3922 1288 3996 οἴκῳ
1341 3928 1442 3989 τῆς
1493 3928 1678 4003 ψυχῆς
1722 3926 1878 3981 αὐτοῦ
1923 3924 2009 3979 τὸν

2100 3929 2476 3982 murmurant
2503 3922 2661 4003 quod
2686 3942 2821 3985 cum
2857 3922 3271 4004 peccatoribus
3306 3920 3590 3983 comedit.

375 4014 588 4093 Κύριον.
637 4015 698 4072 Οἱ
740 4009 795 4068 δὲ
826 4018 1140 4090 Φαρισαῖοι,
1170 4013 1217 4067 οἱ
1248 4010 1502 4082 ἀλαζόνες
1530 4014 1620 4069 καὶ
1646 4010 2086 4088 ἂποκεκομμὲνοι
2129 4008 2399 4085 δαίμονες,
2452 4021 2608 4071 τοῦτο
2658 4014 2757 4093 γὰρ
2783 4016 2809 4070 6
2836 4021 3151 4095 Φαρισαῖος,
3188 4010 3623 4089 ἆποκεκομμὲνος
3656 4018 3761 4069 τῶν

360 4100 560 4185 ἄλλων,
594 4102 964 4183 γογγαουσιν,
997 4099 1076 4158 ὅτι
1106 4113 1224 4166 τοῖς
1270 4101 1617 4181 ἁμαρτωλοῖς
1651 4102 1929 4165 συνεσθίει,

445 4216 470 4250 ι
510 4195 571 4252 Οἱ
599 4191 656 4250 δὲ
683 4194 840 4249 ιιϊπον
884 4193 1014 4269 πρὸς
1047 4191 1226 4249 αὐτόν·
1271 4192 1362 4248 Διᾶ
1392 4192 1442 4249 τί
1470 4194 1517 4249 οἱ
1561 4194 1796 4269 μαθηταὶ
1820 4192 2009 4250 Ἰωάν-

2182 4188 2369 4253 VERS.
2403 4190 2615 4256 33-39.
2653 4217 2679 4248 α
2714 4192 2790 4254 At
2820 4192 2904 4254 illi
2936 4192 3215 4256 dixerunt
3238 4191 3313 4255 ad
3346 4211 3524 4255 eum:
3561 4190 3758 4263 Quare

358 4306 450 4341 νου
505 4282 814 4351 νηστεύουσι
873 4279 1044 4337 πυκνᾶ
1098 4281 1185 4336 καὶ
1214 4279 1422 4350 δεήσεις
1473 4283 1769 4357 ποιοῦνται,
1818 4281 2009 4357 ὁμοίως

2103 4278 2381 4360 discipuli
2410 4282 2656 4344 Joannis
2681 4282 2960 4361 jejunant
2988 4283 3355 4363 frequenter,
3386 4290 3446 4344 et
3469 4281 3760 4343 obsecra-

360 4375 447 4431 καὶ
501 4377 549 4432 οἱ
605 4372 712 4429 τῶν
770 4372 1092 4449 Φαρισαίων,
1157 4372 1203 4424 οἱ
1263 4368 1318 4426 δὲ
1387 4370 1467 4427 σοὶ
1523 4369 1750 4428 ἐσθίουσι
1799 4372 1889 4428 καὶ
1934 4374 2009 4427 πί-

2107 4368 2299 4431 tiones
2322 4369 2563 4446 faciunt,
2590 4370 2870 4433 similiter
2890 4383 2951 4435 et
2985 4371 3413 4433 Pharisaeorum
3447 4393 3459 4433 :
3509 4372 3590 4432 tui
3624 4390 3762 4432 vero

361 4482 590 4537 νουσιν;
665 4452 723 4519 ’0
781 4458 836 4516 δὲ
893 4460 1020 4516 εἶπε
1083 4460 1213 4537 πρὸς
1276 4460 1484 4523 αὐτούς’
1518 4467 1609 4527 Μὴ
1657 4458 1871 4517 δύνασθε
1900 4461 2009 4525 τοὺς

2106 4457 2291 4520 edunt
2323 4468 2383 4522 et
2413 4459 2671 4523 bibunt?
2700 4459 2927 4533 Quibus
2971 4460 3100 4542 ipse
3147 4462 3226 4523 ait
3261 4483 3273 4523 :
3323 4460 3475 4522 Num
3511 4460 3763 4540 potestis

360 4555 502 4618 υἱοὺς
559 4559 652 4610 τοῦ
709 4552 1011 4631 νυμφῶνος,
1072 4548 1126 4605 ὲν
1198 4550 1241 4624 ᾦ
1300 4547 1418 4625 μετ’
1450 4554 1621 4610 αὐτῶν
1652 4550 1794 4607 ἐστιν
1825 4552 1853 4607 6
1884 4573 2009 4626 νυμ-

2106 4547 2305 4610 facere
2337 4557 2402 4611 ut
2429 4549 2534 4611 filii
2568 4550 2836 4631 thalami,
2859 4550 2999 4612 dum
3040 4569 3174 4613 cum
3211 4549 3325 4612 illis
3359 4559 3448 4612 est
3476 4566 3755 4631 sponsus,

361 4642 500 4722 φίος,
556 4639 782 4709 ποιῆσαι
827 4638 1101 4706 νηστεύειν
1147 4660 1163 4710 ;
1201 4637 1536 4697 Ἐλεύσονται
1596 4637 1651 4695 δὲ
1680 4639 1900 4719 ἡμέραι,
1935 4642 2009 4696 καῖ

2100 4637 2409 4718 jejunent?
2431 4637 2687 4701 Venient
2710 4648 2907 4702 autem
2931 4639 3153 4716 dies,et
3175 4659 3306 4701 cum
3339 4639 3569 4702 ablatus
3588 4637 3767 4699 fuerit

361 4730 485 4789 ὅταν
551 4731 763 4809 ἀπαρθῇ
834 4726 927 4786 ἀπ’
1003 4727 1175 4784 αὖτῶν
1218 4730 1247 4784 6
1301 4729 1547 4810 νυμφίος,
1620 4729 1742 4786 τότε
1794 4730 2009 4797 νηστεύ-

2107 4728 2181 4789 ab
2212 4727 2335 4791 illis
2353 4728 3157 4810 sponsus,tuncjejunabunt
3182 4731 3239 4790 in
3259 4729 3378 4791 illis
3399 4728 3633 4790 diebus.
3667 4726 3762 4788 Di-

362 4843 541 4880 σουσιν
599 4807 676 4876 ivi
713 4819 938 4882 ἐκείναις
970 4831 1093 4881 ταῖς
1137 4816 1391 4898 ἡμέραις,
1421 4807 1649 4896 ”Ἐλεγε
1679 4816 1733 4874 δὲ
1775 4821 1863 4876 καὶ
1906 4842 2009 4876 πα-

2108 4818 2285 4881 cebat
2313 4807 2512 4881 autem
2530 4807 2986 4883 similitudinem
3020 4818 3092 4881 ad
3122 4820 3291 4882 illos:
3317 4817 3505 4881 Nemo
3530 4816 3763 4879 immis-

363 4910 594 4991 ραϐολην
652 4910 783 4987 πρὸς
847 4909 1057 4987 αὐτοὺς,
1097 4906 1178 4964 ὅτι
1253 4905 1432 4971 Οὐδεὶς
1488 4906 1760 4985 ἐπίϐλημα
1815 4911 2009 4985 ἱματίοι

2107 4926 2307 4969 suram
2342 4909 2479 4971 novi
2527 4908 2862 4970 vestimenti
2912 4909 3177 4971 immittit
3224 4910 3280 4971 in
3341 4907 3759 4970 vestimentum

360 5001 544 5059 καινοῦ
599 4997 876 5058 ἐπιϐάλλει
924 4998 1011 5055 ἐπὶ
1053 4994 1260 5073 ἱμάτιον
1322 4997 1573 5054 παλαιόν’
1609 4999 1652 5055 εἰ
1711 4996 1765 5054 δὲ
1810 4998 1889 5075 μή
1959 5021 2021 5077 γε

359 5091 448 5149 καὶ
516 5093 579 5148 τὸ
639 5091 820 5147 καινὸν
864 5091 1059 5169 σχίζει,
1096 5089 1185 5145 καὶ
1215 5095 1292 5163 τῷ
1339 5086 1554 5147 παλαιῶ
1586 5087 1646 5146 οὒ
1675 5089 2019 5170 συμφωνήσει

361 5182 422 5238 τὸ
475 5178 752 5255 ἒπίϐλημα
808 5180 870 5236 τὸ
939 5177 1045 5235 ἀπὸ
1103 5184 1196 5236 τοῦ
1253 5184 1463 5238 καιροῦ.
1510 5179 1612 5236 Καὶ
1641 5175 1803 5244 οὐδεὶς
1831 5177 2019 5255 βάλλει

360 5271 510 5328 οἶνον
570 5269 687 5327 νέον
745 5270 818 5335 είς
863 5268 1057 5332 ἀσκοὺς
1129 5265 1413 5333 παλαιούς⁶
1463 5267 1507 5324 εἰ
1537 5265 1591 5323 δὲ
1622 5267 1700 5344 μὴ
1749 5288 1835 5347 γε,
1873 5267 2017 5345 ῥήξει

358 5359 388 5416 6
448 5359 562 5427 νέος
622 5359 773 5425 οἶνος
830 5359 951 5424 τοὺς
1009 5357 1227 5438 ἀσκοὺς,
1278 5358 1367 5414 καὶ
1425 5359 1578 5423 αὐτὸς
1635 5357 2015 5438 ἐκχυθήσεται,

357 5450 448 5506 καὶ
504 5450 551 5506 οἱ
620 5448 771 5506 ἀσκοὶ
803 5446 1148 5508 ἀπολοῦνται.
1183 5444 1349 5503 Ἀλλὰ
1380 5445 1531 5503 οἶνον
1562 5444 1678 5503 νέον
1709 5448 1782 5510 είς
1825 5447 2015 5509 ἀσκοὺς

356 5540 570 5604 καινοὺς
627 5537 879 5617 βλητέον,
940 5538 1028 5596 καὶ
1102 5536 1377 5617 ἀμφότερα
1448 5535 1848 5615 συντηροῦνται,
1910 5534 2015 5599 Καὶ

428 5697 494 5751 30
520 5695 722 5764 Matth.
757 5716 840 5783 Ix,
874 5699 935 5765 9.
972 5696 1024 5745 ³ί
1058 5698 1212 5767 Rom
1236 5738 1253 5760 .
1281 5710 1411 5777 vui,
1439 5696 1543 5766 20.

2106 5007 2274 5059 vetus
2307 5015 2319 5060 :
2357 4998 2619 5079 alioquin
2669 5008 2725 5061 et
2773 5018 2993 5061 novum
3046 5008 3287 5080 rumpet
3326 5008 3382 5060 et
3422 4998 3609 5060 veteri
3642 5016 3759 5057 non

2104 5087 2419 5150 conveniet
2437 5089 2778 5151 immissura
2803 5107 2874 5152 ex
2891 5089 3146 5151 novo.Et
3171 5108 3345 5151 nemo
3362 5088 3543 5149 mittit
3561 5087 3761 5148 vinum

2104 5196 2331 5240 novum
2362 5179 2421 5240 in
2455 5187 2617 5241 utres
2666 5189 2923 5254 veteres,
2973 5179 3239 5260 alioquin
3288 5186 3526 5259 rumpet
3558 5177 3756 5239 vinum

2104 5287 2318 5329 novum
2353 5277 2537 5349 utres,
2573 5278 2630 5331 et
2679 5269 2872 5349 ipsum
2908 5270 3269 5345 effundetur,
3303 5279 3362 5331 et
3408 5277 3570 5330 utres
3603 5268 3759 5348 peri-

2103 5356 2402 5421 bunt.Sed
2426 5357 2625 5420 vinum
2647 5367 2903 5420 mustum
2929 5361 2986 5421 in
3008 5370 3173 5421 utres
3194 5378 3373 5421 novos
3398 5356 3753 5419 mittendum

2102 5456 2214 5522 est,
2251 5456 2309 5510 et
2340 5457 2589 5530 utraque
2620 5464 3072 5511 conservantur.
3107 5451 3180 5513 Et
3211 5468 3387 5511 nemo
3417 5447 3519 5528 qui
3542 5445 3762 5508 biberit

2103 5546 2294 5615 vetus,
2328 5539 2523 5601 statim
2558 5539 2678 5602 vult
2709 5558 2924 5602 novum
2954 5558 2969 5614 ;
3006 5539 3153 5601 dicit
3174 5538 3334 5602 enim
3366 5557 3380 5602 :
3419 5536 3600 5602 Vetus
3628 5557 3759 5601 nte-
