4232 6404
498 318 614 385 767
1453 326 2049 393 THEOPIIYLACTI
2095 323 2508 387 BULGARIIE
2550 321 2913 387 ARCHIEP.
3775 317 3897 386 768

499 456 613 520 lius
644 466 757 523 est.
794 486 819 517 ι
858 462 1124 531 Diximus
1172 463 1246 526 de
1296 464 1391 525 his
1432 462 1492 526 in
1547 461 1839 535 Matthaeo,
1892 470 1951 524 et
1994 476 2144 521 nunc

2237 454 2403 521 οὐδεὶς
2456 457 2599 513 πιὼν
2665 454 2917 529 παλαιὸν,
2991 454 3181 519 εὐθέως
3234 453 3375 511 θέλει
3426 454 3567 526 νέον⁹
3617 454 3764 533 λέγει
3794 457 3894 536 γὰρ

497 546 1164 613 dicemussuccinctius.
1191 552 1509 635 Apostolos
1530 550 1861 614 vocattilios
1885 549 2144 628 thalami,

2240 536 2297 604 Ὀ
2370 544 2596 609 παλαιὸς
2648 547 3031 626 ,χρηστότερος
3066 543 3233 607 ἐστιν,
3273 567 3301 599 n
3360 545 3591 620 Εἱπομεν
3620 547 3739 623 περὶ
3767 546 3891 603 τού-

498 637 802 700 Adventus
818 640 976 703 enim
997 640 1233 705 Domini
1252 632 1616 717 assimilatur
1635 642 1878 723 nuptiis,
1900 659 1972 703 eo
1994 639 2144 721 quod

2235 658 2341 693 των
2398 636 2453 692 ἐν
2514 643 2590 709 τῷ
2659 636 2794 691 κατά
2859 634 3156 692 Ματθαῖον.
3234 635 3329 693 Καὶ
3361 642 3447 693 νῦν
3476 632 3531 692 δὲ
3588 656 3892 711 συντετμη-

496 727 823 790 Ecclesiam
856 733 918 791 in
951 749 1230 811 sponsam
1264 731 1526 795 duxerit.
1559 722 1819 793 Proinde
1851 729 2144 811 apostolos

2235 726 2407 801 μένως
2465 726 2704 807 ἐροῦμεν,
2762 724 2843 782 ὅτι
2896 725 3019 789 τοὺς
3050 722 3377 790 ἀποστόλους
3420 726 3561 789 υἱοὺς
3615 728 3892 806 νυμφῶνος

486 817 764 895 jejunare
792 838 911 882 non
944 808 1254 902 oportebat
1289 846 1303 885 :
1343 822 1621 903 discipuli
1655 830 1854 884 autem
1888 808 2144 883 Iloannis

2243 816 2513 891 ὀνομάζει,
2586 808 2648 873 Ἠ
2705 816 2804 894 γὰρ
2874 824 2966 875 τοῦ
3013 815 3200 894 Κυρίου
3246 815 3500 894 παρουσία
3540 816 3701 894 γάμῳ
3730 816 3891 873 ἀπει-

492 903 791 970 debebant
800 910 1397 990 jejunare,nimirum
1418 902 1559 991 quia
1572 911 1850 973 virtutem
1876 910 2144 990 magistei

2240 905 2484 978 κάζεται,
2569 906 2713 963 Διότι
2801 905 2900 972 τὴν
2998 902 3321 971 Ἐκκλησίαν
3422 907 3891 981 μνηστευσάμενος

493 993 732 1059 illorum
755 999 958 1092 labore
980 1001 1433 1082 parabat.Venit
1461 1000 1632 1092 enim~
1654 1000 2144 1092 inquit,ﬁJ_oanne_r

2239 996 2497 1074 ἠγάγετο.
2573 997 2643 1053 Οὸ
2700 993 2783 1051 δεῖ
2839 995 3006 1053 τοίνυν
3064 995 3185 1059 τοὺς
3248 993 3578 1059 ἀποστόλους
3618 996 3893 1063 νηστεὺειν

493 1104 689 1166 neque
717 1089 1065 1165 comedens,
1122 1110 1321 1173 neque
1364 1093 1504 1153 509
1556 1090 1790 1153 bibens.
1864 1089 2144 1169 Discipuli

2240 1094 2348 1143 νῦν·
2449 1089 2494 1143 οἱ
2550 1088 2646 1162 μὲν
2701 1086 2801 1163 γαρ
2860 1092 2952 1141 τοῦ
3029 1082 3269 1143 Ἰωάννου
3337 1085 3567 1158 μαθηταὶ
3622 1082 3891 1164 ὀφείλουσι

488 1182 683 1267 autem
720 1176 837 1267 mei
862 1179 961 1259 qui
986 1172 1422 1261 mecum’agunt
1442 1179 1621 1242 veluti
1643 1178 1979 1241 cumVerbo
2014 1179 2144 1254 Dei,

2236 1177 2530 1251 νηστεύειν,
2582 1173 2672 1233 ἅτε
2745 1182 2917 1250 πόνῳο
2948 1175 3034 1231 καὶ
3092 1173 3318 1249 καμάτῳ
3372 1172 3470 1240 τὴν
3529 1175 3722 1251 ἀρετὴν
3753 1196 3891 1233 κατ-

487 1283 605 1326 non
636 1264 905 1346 indigent
952 1287 1110 1332 nunc
1146 1260 1364 1349 jejunii
1416 1269 1709 1333 utilitate:
1761 1268 2042 1350 quoniam
2077 1287 2144 1330 ex

2231 1266 2559 1343 ορθώσαντος
2640 1262 2952 1322 διδασκάλου
3031 1265 3227 1322 αὖτῶν.
3294 1260 3448 1319 Ἦλθε
3517 1264 3641 1342 γὰρ,
3704 1265 3887 1343 φησὶν,

489 1371 622 1416 mea
650 1356 1103 1420 conversatione
1133 1362 1383 1437 gratiam
1416 1358 1725 1422 consecuti
1755 1366 1914 1432 sunt,
1942 1367 2001 1419 et
2040 1377 2144 1441 per

2231 1353 2509 1435 Ἰωάννης,
2597 1356 2734 1430 μήτε
2800 1352 3006 1428 ἰσθίων,
3068 1354 3206 1429 μήτε
3265 1351 3454 1413 πίνων.
3542 1354 3601 1411 Οἱ
3660 1350 3715 1409 δὲ
3770 1355 3893 1430 ἒμοὶ

487 1462 582 1506 me
603 1446 1038 1509 custodiuntur.
1065 1446 1179 1512 Ubi
1209 1458 1411 1511 autem
1446 1468 1555 1528 ego
1587 1457 1925 1527 assumptus
1951 1448 2141 1523 fuero,

489 1542 548 1594 et
578 1533 691 1615 ipsi
723 1535 797 1597 ad
824 1537 1264 1616 praedicandum
1290 1540 1453 1601 missi
1486 1538 1731 1620 fuerint,
1758 1545 1895 1600 tunc
1918 1539 2142 1619 etjeju-

487 1622 737 1698 nabunt,
768 1632 827 1686 et
861 1626 1137 1703 orabunt,
1172 1638 1376 1709 utpote
1424 1628 1498 1690 ad
1545 1647 1754 1707 magna
1808 1629 2141 1692 certamina

484 1724 1070 1815 sese-praeparantes.
1108 1719 1214 1815 yet
1243 1719 1419 1781 etiam
1455 1718 1648 1780 aliter.
1681 1717 2015 1815 l‘lunecum
2047 1723 2141 1815 in_-
2169 1765 2206 1815 Β

486 1801 642 1863 ﬁrmi
671 1811 828 1877 sunt,
863 1813 922 1867 et
949 1824 984 1866 a
1018 1804 1244 1886 Spiritu
1290 1816 1495 1870 sancto
1539 1807 1805 1869 nondum
1855 1807 2138 1889 innowti,

485 1892 784 1955 veteribus
808 1904 1229 1975 comparantur
1244 1897 1472 1959 utribus
1489 1897 1915 1959 etvestimento
1934 1899 2142 1973 veteri,

482 1980 640 2043 haud
662 1993 895 2064 oportet
936 1984 1071 2048 illos
1102 1987 1356 2065 graviori
1382 1987 1617 2051 vivendi
1648 1988 1879 2049 ratione
1910 1990 2140 2068 gravari

484 2077 545 2132 et
572 2089 830 2155 onerari,
860 2074 1014 2137 sicut
1043 2095 1240 2157 neque
1272 2077 1457 2140 veleri
1487 2077 1841 2139 vestimento
1862 2097 2012 2140 nova
2032 2078 2143 2140 ad-

482 2160 1043 2227 daturimmissura.
1096 2168 1268 2229 Potes
1318 2186 1486 2243 sane,
1538 2175 1603 2228 ut
1653 2167 1798 2248 dixi,
1840 2186 1945 2249 per
1976 2176 2139 2231 utres

481 2260 713 2315 veteres
734 2251 1071 2332 intelligere
1092 2256 1419 2336 apostolos,
1437 2264 1640 2339 utpote
1661 2258 2139 2320 inﬁrmos.Potes

481 2340 659 2403 etiam
707 2342 1041 2406 Pbariszeos
1070 2344 1434 2425 inleiligere,
1490 2346 1595 2427 qui
1640 2346 1868 2408 utribus
1899 2346 2140 2408 assimi-

484 2431 680 2494 lantur
713 2453 726 2491 :
771 2432 938 2514 quasi
967 2433 1198 2497 diceret
1228 2434 1544 2509 Dominus,
1570 2437 1698 2498 Mea
1727 2435 1971 2516 quidem
1995 2436 2139 2498 doc-

482 2520 637 2582 trina
670 2520 867 2583 vinum
891 2530 984 2585 est
1012 2542 1225 2585 novum
1254 2545 1267 2587 :
1304 2543 1405 2586 vos
1426 2530 1624 2585 autem
1653 2543 1789 2585 cum
1819 2524 1947 2585 sitis
1974 2531 2140 2585 utres

481 2617 737 2684 veteres,
762 2611 905 2673 illud
923 2630 1139 2693 capere
1163 2632 1281 2674 non
1307 2612 1551 2694 potestis
1578 2634 1590 2675 :
1618 2612 1724 2674 sed
1743 2613 1947 2675 vinum
1970 2626 2140 2675 vetus

483 2698 788 2775 bibentes,
820 2701 930 2764 hoc
961 2709 1051 2764 est
1082 2710 1342 2765 veterem
1365 2702 2141 2784 traditionem,meam,quae

486 2808 635 2851 nova
666 2796 776 2870 est,
810 2809 929 2851 non
982 2792 1193 2867 vultis,
1244 2791 1349 2853 sed
1396 2791 1641 2856 dicitis:
1690 2796 1877 2857 Vetus
1906 2791 2136 2869 vinum,

484 2879 601 2941 hoc
631 2886 722 2941 est
750 2887 914 2942 vetus
939 2880 1408 2958 Testamentum,
1446 2882 1659 2945 melius
1689 2890 1801 2944 est.

2228 1446 2483 1518 μαθηταὶ,
2552 1446 2627 1508 ὡς
2682 1451 2759 1520 τῷ
2829 1446 2946 1518 Θεῷ
2978 1443 3135 1521 Λόγῳ
3192 1441 3310 1518 ἐμοὶ
3342 1448 3610 1517 συνόντες,
3645 1446 3705 1502 οὗ
3734 1444 3886 1522 χρῄ-

2226 1542 2371 1606 ζουσι
2428 1534 2561 1598 τέως
2589 1535 2687 1603 τῆς
2746 1534 2852 1590 ἀπὸ
2906 1536 3004 1600 τῆς
3065 1533 3308 1600 νηστείας
3338 1531 3619 1612 ὠφελείας,
3650 1532 3893 1612 ,αὐτόθεν

2228 1602 2612 1704 γαριτωθέντες
2648 1602 2758 1679 καὶ
2809 1621 3195 1703 φυλαττόμενα
3267 1620 3358 1677 ὑπ’
3398 1602 3570 1698 έμοῦ.
3604 1602 3803 1679 ἊΟταν
3833 1620 3889 1677 δὲ

2227 1712 2335 1791 ἐγὼ
2381 1713 2479 1790 μὲν
2564 1712 2874 1793 ἀνύηφθῶ,
2934 1712 3081 1769 αὐτοὶ
3137 1709 3191 1766 δὲ
3260 1709 3345 1767 ἐπὶ
3374 1712 3436 1766 τὸ
3468 1711 3719 1790 κήρυγμα
3748 1732 3887 1767 στα-

2227 1803 2385 1876 Λῶσι,
2444 1800 2566 1859 τότε
2623 1803 2711 1858 καὶ
2762 1802 3104 1868 νηστεύσουσι
3163 1800 3251 1857 καὶ
3336 1798 3731 1880 προσεόξονται,
3788 1804 3881 1857 οἷα

2227 1894 2300 1956 είς
2370 1892 2578 1971 ἀγῶνας
2652 1889 2917 1971 μεγάλους
2970 1887 3334 1955 ἀποδυθέντες.
3374 1890 3473 1949 Καὶ
3503 1887 3680 1955 ἄλλως
3710 1887 3762 1946 δὲ
3799 1898 3889 1947 νῦν

2226 1983 2464 2047 ἀσθενεῖς
2522 1981 2694 2056 ὄντες,
2750 1982 2838 2038 καὶ
2909 1983 3078 2057 μήπω
3149 1979 3503 2043 καινισθέντες
3599 1981 3702 2037 ὑπὸ
3796 1989 3890 2039 τοῦ

2227 2073 2558 2148 ΙΙνεόματος,
2635 2071 2827 2135 ἀσκοῖς
2886 2069 3090 2127 ἐοίκασι
3176 2070 3429 2134 παλαιοῖς
3510 2070 3597 2126 καὶ
3693 2072 3887 2147 ἱματίῳ

2222 2160 2457 2237 παλαιῷ’
2547 2163 2619 2219 Οὐ
2648 2159 2731 2218 δεῖ
2800 2161 2889 2218 οὖν
2921 2163 3102 2226 αὐτοῖς
3132 2158 3420 2240 βαρυτέραν
3448 2160 3566 2217 τινὰ
3610 2157 3884 2240 διαγωγὴν

2222 2250 2675 2331 ἐπιφορτισθῆναι,
2736 2251 2916 2331 ὥσπερ
2978 2248 3091 2309 οὐδὲ
3157 2249 3352 2325 ἱματίῳ
3429 2247 3645 2325 παλαιῷ
3713 2248 3886 2306 ἐπιτί-

2221 2345 2364 2398 θεται
2423 2339 2538 2397 νέον
2614 2338 2908 2417 έπίὸλημα,
2968 2341 3195 2397 Δύνασαι
3263 2340 3363 2416 μὲν
3419 2341 3532 2421 οὖν,
3591 2340 3666 2404 ὡς
3724 2338 3883 2421 ἔφην,

2222 2431 2342 2494 τοὺς
2427 2428 2758 2493 ἀποστόλους
2830 2428 3141 2488 ἑκλαϐέσθαι
3193 2428 3433 2493 ἐοικότας
3518 2428 3709 2495 ἀσκοῖς
3767 2452 3881 2486 πα-

2222 2519 2423 2599 λαιοῖς,
2482 2522 2576 2576 οἷα
2628 2518 2703 2575 ἔτι
2759 2519 3002 2583 ἀσθενεῖς
3061 2516 3244 2582 ὄντας.
3282 2518 3509 2573 Δύνασαι
3552 2516 3721 2575 δὲκαὶ
3762 2520 3884 2585 τοὺς

2222 2610 2540 2688 Φαρισαίους
2598 2608 2787 2676 νοῆσαι
2846 2609 3053 2671 τούτοις
3098 2605 3539 2687 ἀπεικασθέντας,
3594 2612 3884 2690 μονονουχὶ

2223 2687 2469 2777 λέγοντος
2542 2701 2726 2764 αὖτοῖς
2758 2705 2849 2754 τοῦ
2879 2697 3090 2776 Κυρίο),
3135 2695 3216 2752 ὅτι
3264 2687 3328 2751 Ἠ
3358 2696 3458 2770 μὲν
3500 2695 3606 2771 ἐμὴ
3628 2687 3881 2755 διδασκαξ

2222 2788 2310 2846 λία
2350 2787 2528 2854 ὀἶνός
2586 2786 2699 2844 ὲσιι
2754 2788 2893 2851 νέος⁸
2948 2788 3103 2862 ὑμεῖς
3138 2783 3193 2841 δὲ
3237 2785 3389 2842 ἀσκοὶ
3416 2784 3565 2847 ὅντες
3638 2784 3878 2866 παλαιοὶ,

2221 2880 2282 2937 οὖ
2340 2876 2555 2935 δύνασθε
2650 2875 2894 2943 δέξασθαι
2965 2875 3191 2957 ταύτην,
3226 2872 3363 2930 ἀλλᾶ
3394 2874 3605 2939 πιόντες
3648 2876 3740 2931 τὸν
3771 2897 3879 2933 πα-

486 2968 638 3026 λαιὸν
670 2970 845 3046 οἶνον,
879 2971 1120 3029 τουτέστι
1152 2974 1251 3040 τὴν
1294 2971 1525 3031 παλαιὰν
1558 2972 1871 3053 παράδοσιν,
1907 2974 1965 3031 οὒ
2008 2971 2185 3029 θέὶετε
2242 2970 2339 3038 τὴν
2371 2967 2495 3024 νέαν
2554 2966 2651 3036 τὴν
2680 2968 2840 3044 ὶμὴν,
2873 2964 3010 3025 ἀλλά
3052 2961 3235 3043 λέγετε
3269 2963 3351 3020 ὅτι
3382 2965 3410 3021 ὁ
3440 2962 3670 3029 παλαιὸς
3701 2965 3880 3049 οἶνος,

483 3058 753 3115 τουτέστιν
793 3062 827 3129 ἡ
864 3060 1071 3119 Παλαιὰ
1106 3064 1372 3135 Διαθήκτ,,
1408 3063 1746 3143 χρηστοτέρα
1789 3063 1951 3121 ἐστίν.

1126 3154 1368 3220 CAPUT
1400 3155 1504 3220 VI.

484 3241 572 3304 De
598 3241 916 3335 discipulis
942 3247 1031 3335 _in
1060 3244 1330 3335 sabbato

563 3340 629 3385 eo
657 3326 767 3403 qui
816 3326 1062 3388 aridum
1112 3327 1369 3389 habebat
1411 3345 1685 3389 manum.
1720 3329 1804 3390 De
1848 3327 2137 3391 electione

565 3404 993 3487 apostolorum.
1029 3406 1109 3468 De
1139 3407 1636 3470 beatitudinibus.
1672 3407 1845 3484 Quod
1864 3416 2137 3487 oporteat

568 3484 844 3547 inimicos
893 3487 1175 3565 diligere.
1246 3490 1327 3550 De
1376 3507 1497 3551 non
1545 3484 1952 3551 contendendo
2001 3507 2137 3552 cum

559 3567 865 3643 proximo.
901 3568 1074 3643 Quod
1098 3570 1401 3630 neminem
1434 3569 1613 3631 liceat
1632 3570 1934 3649 judicare.

566 3822 751 3887 Vens.
779 3824 1185 3888 l-5.¢Accidit
1208 3835 1402 3888 autem
1430 3836 1490 3888 ut
1511 3827 1571 3888 in
1597 3825 1855 3889 Sabbato
1879 3826 2141 3889 secundo

487 3912 681 3993 primo
705 3914 981 3975 transiret
1002 3932 1107 3994 per
1132 3924 1278 3990 sata,
1306 3935 1374 3977 ac
1392 3915 1691 3977 vellebant
1712 3915 1989 3996 discipuli
2014 3916 2143 3996 ejus

488 4002 708 4084 spicas,
742 4002 1119 4086 edebantque
1141 4005 1545 4067 confricantes
1578 4005 2142 4079 manibus.QuidaIn

486 4100 683 4155 autem
737 4092 1170 4155 Pharisaeorum
1223 4095 1503 4157 dicebant
1555 4094 1721 4158 illis:
1772 4094 1923 4168 Quid
1958 4096 2148 4159 facitis

490 4181 646 4263 quod
670 4201 788 4243 non
822 4182 1000 4245 liceat
1023 4183 1217 4245 facere
1241 4186 1298 4247 in
1325 4183 1597 4248 Sabbatis
1619 4185 1649 4245 ?
1672 4185 1745 4247 Et
1773 4186 2148 4267 respondens

484 4274 657 4333 Jesus
687 4272 760 4333 ad
792 4291 895 4334 eos
925 4272 1075 4336 dixit
1104 4293 1117 4334 :
1160 4277 1250 4338 Ne
1281 4275 1391 4337 hoc
1427 4274 1669 4357 quidem
1722 4274 1952 4356 legistis
1987 4276 2145 4357 quod

485 4360 628 4422 fecit
645 4360 825 4423 David
847 4381 980 4423 cum
1004 4363 1525 4445 esurissetipse,et
1547 4366 1642 4445 qui
1668 4384 1801 4426 cum
1824 4364 1923 4426 illo
1946 4363 2149 4427 erant?

487 4450 796 4523 Quomodo
826 4451 1067 4513 intravit
1095 4453 1156 4513 in
1181 4452 1423 4514 domum
1458 4452 1586 4528 Dei,
1626 4461 1684 4515 et
1716 4472 1897 4534 panes
1921 4472 2146 4537 propo-

2863 3154 3115 3213 ΚΕΦΛΛ.
3147 3146 3257 3223 ς’.

1376 3247 1577 3326 spicas
1628 3245 2012 3310 vellentibus.
2050 3246 2136 3308 De

1411 3345 1685 3382 manum-
1721 3329 1804 3382 De
1848 3327 2137 3382 electione

2227 3245 2342 3303 [Ιεὶ
2392 3251 2498 3301 τῶν
2550 3248 2803 3320 μαθητῶν
2858 3249 2952 3300 τοῦ
3002 3248 3225 3323 Χριστου
3308 3239 3363 3296 ἐν
3418 3236 3681 3315 Σαϐϐάτῳ
3749 3238 3876 3298 τιλ-

2294 3268 2499 3382 ςόντων
2553 3326 2674 3382 τοὺς
2745 3324 3001 3382 στάγυας.
3082 3322 3207 3382 Περὶ
3304 3327 3396 3377 τοῦ
3476 3318 3639 3382 ξηρὰν
3710 3322 3876 3382 ἔγον-

2332 3326 2499 3384 όντων
2553 3318 2674 3390 τοὺς
2745 3324 3001 3404 στάχυας.
3049 3318 3207 3402 ⁷Περὶ
3304 3327 3396 3404 τοῦ
3476 3318 3639 3404 ξηρὰν
3710 3322 3887 3404 ἔχον-

2299 3429 2388 3472 τος
2445 3406 2542 3472 τὴν
2599 3420 2789 3483 χεῖρα,
2849 3400 2973 3483 Περὶ
3030 3404 3128 3471 τῆς
3161 3400 3291 3459 τῶν
3346 3400 3666 3458 ἀποστόλων
3714 3400 3881 3459 έκλος-

2299 3493 2430 3566 γῆς.
2492 3483 2640 3565 Περῖ’
2672 3491 2779 3542 τῶν
2838 3490 3213 3566 μακαρισμῶν,
3282 3483 3403 3566 Περὶ
3461 3488 3572 3566 τοῦ-
3610 3483 3878 3566 φιλεῖσθαι

2300 3560 2421 3647 τοὺς
2482 3560 2722 3647 ἐχθρούς.
2781 3560 2905 3645 Περὶ
2970 3560 3083 3621 τούν
3130 3564 3267 3647 πρὸςΔ
3338 3560 3431 3618 τὸν
3496 3560 3744 3647 Δπλησίον
3801 3564 3879 3647 μὴ

2303 3642 2652 3728 φιλονεικεῖν,
2727 3642 2868 3726 Περῖ
2911 3652 3003 3703 τοῦ
3088 3645 3168 3720 μὴ
3246 3643 3359 3700 δεῖν
3460 3644 3554 3700 τὸν
3650 3642 3880 3712 πλησίον

2305 3729 2523 3807 κρίνειν.

2312 3846 2340 3876 α
2413 3820 2659 3901 Ἐγένετο
2732 3818 2786 3877 δέ
2848 3819 2903 3876 ἐν
2950 3817 3206 3892 Σαϐϐάτῳ
3234 3817 3641 3898 δευτεροπρώτῳ
3687 3814 3883 3874 διαπο-

2228 3911 2460 3991 ρεύεσθαι
2520 3911 2676 3967 αὐτὸν
2775 3908 2859 3966 διὰ
2915 3916 3018 3966 τῶν
3080 3908 3376 3985 σπορίμων.
3412 3909 3510 3966 Καὶ
3580 3904 3788 3964 ’έτιλλον
3832 3906 3881 3962 οἱ

2229 4003 2461 4077 μαθηταὶ
2520 4002 2677 4057 αὺτοῦ
2734 4002 2853 4063 τοὺς
2926 3999 3190 4079 στάχυας,
3238 3997 3335 4053 καὶ
3366 3996 3550 4066 ἢσθιον
3598 3996 3883 4077 ψώχοντες

2226 4105 2349 4156 ταῖς
2406 4090 2581 4171 χερσί.
2647 4089 2796 4153 Τινὲς
2873 4087 2926 4144 δὲ
2979 4091 3085 4145 τῶν
3128 4088 3430 4168 Φαρισαίων
3473 4088 3633 4145 εἷπον
3672 4086 3879 4150 αὐτοῖς·

2228 4183 2288 4240 Τί
2337 4193 2545 4238 ποιεῖτε
2575 4178 2602 4235 ὅ
2635 4180 2729 4237 οὒκ
2774 4178 2939 4244 ἔξεστι
2970 4190 3150 4235 ποιεῖν
3198 4181 3253 4234 ἓν
3296 4190 3416 4241 τοῖς
3465 4174 3700 4233 Σάϐϐασι
3730 4191 3752 4251 ‘,
3787 4178 3887 4236 Καὶ

2230 4271 2527 4350 ἀποκριθεὶς
2585 4271 2717 4349 πρὸς
2778 4269 2966 4332 αὐτούς
3028 4268 3185 4325 εἶπεν
3244 4270 3272 4324 ὁ
3302 4265 3531 4344 ⁹Ιῃσοῦς³
3568 4265 3699 4326 Οὐδὲ
3730 4273 3887 4324 τοῦτο

2230 4361 2491 4439 ἀνέγνωτε
2548 4362 2574 4417 ὂ
2626 4359 2844 4426 ἐποίησε
2905 4356 3095 4433 Λαυΐδ,
3170 4358 3331 4415 ὁπότε
3390 4357 3664 4414 ἐπείνασεν
3728 4357 3887 4419 αὐτὸς

2231 4453 2317 4508 καὶ
2389 4454 2437 4506 οἱ
2494 4449 2615 4526 μετ’
2688 4448 2846 4507 ώτοῦ
2870 4446 3045 4519 ὄντες,
3092 4449 3165 4511 ὡς
3210 4445 3449 4515 εἰσῆλθεν
3504 4448 3577 4513 εἰς
3607 4448 3701 4503 τὸν
3731 4450 3889 4504 οἷκον

488 4539 721 4601 sitionis
752 4541 1028 4620 sumpsit,
1062 4541 1329 4621 editque,
1379 4561 1449 4604 ac
1482 4541 1649 4605 dedit
1696 4528 1875 4604 etiam
1922 4528 2144 4624 bis-qui

2235 4543 2325 4598 τοῦ
2384 4548 2538 4622 Θεοῦ,
2612 4542 2701 4597 καὶ
2756 4540 2879 4602 τοὺς
2949 4537 3137 4618 ἄρτους
3192 4544 3291 4606 τῆς
3357 4537 3656 4615 προθέσεως
3708 4528 3889 4593 λαϐὼν

485 4648 689 4691 secum
724 4637 930 4691 erant:
966 4648 1116 4709 quos
1167 4650 1285 4691 non
1340 4630 1476 4693 licet
1524 4632 1709 4693 edere
1753 4631 1870 4693 nisi
1922 4639 2146 4694 tantum

484 4717 929 4781 sacerdotibus?
956 4718 1026 4780 Et
1055 4718 1292 4781 dicebat
1315 4720 1431 4782 illis
1462 4740 1475 4783 :
1509 4721 1800 4782 Dominus
1843 4731 1932 4784 est
1963 4721 2151 4785 Filius

486 4808 747 4869 hominis
778 4808 955 4869 etiam
989 4805 1257 4871 Sabbati.
1295 4809 1517 4872 nJudaai
1551 4829 1731 4872 omne
1762 4811 1974 4873 festum
2001 4809 2150 4874 Sab-

488 4898 688 4960 batum
722 4896 1131 4960 nominabant.
1167 4898 1489 4963 Sabbatum
1528 4901 1684 4962 enim
1711 4903 1881 4982 quies
1901 4900 2143 4967 dicitur.

487 4986 656 5069 Saape
691 4988 866 5067 igitur
918 4987 1270 5050 occurrebat
1319 4989 1532 5051 festum
1583 4990 1643 5052 in
1696 4993 2040 5061 Parasceve,
2092 4996 2149 5053 et

486 5079 775 5140 vocabant
825 5080 1209 5141 Parascevem
1243 5078 1565 5142 Sabbatum
1614 5089 1854 5161 propter
1883 5082 2094 5143 festum
2127 5101 2141 5142 :

484 5166 707 5231 deinde
738 5166 894 5249 quod
927 5166 1167 5247 proprie
1218 5177 1306 5229 est
1353 5168 1706 5245 Sabbatum,
1759 5170 2149 5233 nominabant

484 5257 1039 5337 secundoprimum,
1067 5277 1136 5317 eo
1171 5260 1327 5339 quod
1352 5269 1639 5340 sequatur
1668 5261 1882 5322 festum
1918 5270 1975 5322 et
2003 5260 2119 5323 Sab

486 5346 691 5408 batum
708 5346 863 5427 quod
885 5349 1758 5429 prmcesseraLContigitigitur
1775 5359 1911 5412 tunc
1924 5350 2146 5432 aliquid

492 5437 626 5497 tale:
658 5444 717 5496 et
744 5434 1062 5497 Sabbatum
1084 5436 1232 5498 illud
1253 5439 1574 5502 vocabatur
1593 5440 2144 5522 secundoprimum.

2235 4630 2418 4713 ἔφαγε,
2477 4631 2565 4688 καὶ
2634 4627 2797 4686 ἔδωκε
2868 4642 2987 4693 τοῖς
3048 4626 3166 4704 μετ’
3219 4629 3401 4710 αὐτοῦ,
3462 4627 3549 4695 οῧς
3579 4631 3674 4687 οὐκ
3720 4626 3888 4694 ἔξεστί

2234 4736 2453 4800 φαγεῖν,
2505 4722 2548 4777 εἰ
2593 4721 2671 4796 μὴ
2698 4720 2893 4795 μόνους
2922 4720 3043 4782 τοὺς
3087 4720 3251 4798 ἱερεῖς
3282 4741 3298 4795 ;
3329 4719 3428 4777 Καὶ
3487 4717 3670 4797 ἔλεγεν
3702 4718 3889 4781 αὗτοῖς

2233 4811 2313 4868 ὅτι
2387 4809 2577 4889 Κύριός
2633 4810 2773 4866 ἐστιν
2830 4812 2858 4866 ὸ
2915 4811 3035 4873 Υἱὸς
3064 4810 3157 4866 τοῦ
3186 4808 3459 4889 ἀνθρὼποο
3488 4809 3577 4865 καὶ
3615 4815 3710 4866 τοῦ
3740 4806 3891 4864 Σαϐ-

2231 4899 2411 4961 ϐάτου.
2482 4922 2504 4955 ε
2568 4902 2627 4957 0i
2678 4897 2930 4957 Ἰουδαῖοι
2974 4906 3149 4956 πᾶσαν
3206 4898 3393 4977 ἑορτὴν
3441 4894 3719 4955 Σάϐϐατόν
3748 4898 3889 4955 ὠνό-

2232 4996 2418 5065 μαζον”
2480 4990 2773 5053 ἀνάπαυσις
2822 4990 2921 5069 γὰρ
2991 4988 3053 5044 τό
3128 4986 3425 5045 Σάϐϐατόν·
3496 4986 3760 5051 πολλάκις
3799 4997 3892 5048 οὖν

2230 5080 2443 5149 ἀπήντα
2492 5080 2526 5147 ἡ
2592 5079 2748 5158 ἑορτὴ
2811 5078 2865 5134 ἒν
2954 5083 3287 5155 Παρασκευῇ,
3349 5078 3435 5135 καὶ
3487 5076 3710 5134 ἐκάλουν
3791 5079 3894 5146 τὴν

2231 5171 2575 5249 Παρασκετὴν
2651 5165 2923 5225 Σάϐϐατόν
2981 5167 3065 5224 διὰ
3121 5168 3221 5235 τὴν
3281 5168 3492 5247 ἑορτὴν,
3543 5168 3668 5225 εἶτα
3696 5169 3758 5224 τὸ
3789 5190 3891 5228 κυ-

2232 5259 2354 5337 ρίως
2412 5255 2684 5315 Σέϐϐατον
2759 5258 3035 5333 ὠνόμαζοδ
3114 5257 3561 5339 δευτερόπρωτον,
3624 5259 3696 5322 ὡς
3766 5257 3893 5314 δεύ-

2230 5370 2380 5428 τερον
2438 5347 2518 5421 ὅν,
2578 5347 3037 5425 προηγησαμένης
3109 5345 3277 5415 ἄλλης
3341 5348 3531 5425 ἑορτῆς
3582 5348 3671 5402 καὶ
3741 5343 3893 5402 Σαϐ-

2232 5436 2415 5501 ϐάτου,
2484 5429 2729 5517 ’Ἔτυχεν
2792 5438 2881 5492 οἶν
2928 5438 3016 5493 καὶ
3070 5436 3189 5492 τότε
3242 5436 3483 5515 γενέσθαι
3534 5438 3595 5492 τὸ
3624 5442 3891 5511 τοιοῦτον,

485 5530 677 5608 Atque
702 5544 835 5587 cum
871 5526 1149 5589 Pharisaei
1185 5528 1514 5610 discipulos
1546 5530 1873 5611 carpebant
1894 5530 2050 5613 quod
2080 5530 2141 5591 in

2233 5531 2319 5585 καὶ
2387 5529 2694 5603 ὠνομάζετο
2764 5524 3185 5608 δευτερόπρωτον
3241 5527 3303 5583 τὸ
3361 5523 3633 5583 Σάϐϐατόν
3687 5525 3891 5588 ἐκεῖνοί

490 5614 747 5703 Sabbato
793 5615 1193 5679 comedebant
1238 5618 1582 5698 evellentes,
1634 5620 1747 5683 hoc
1794 5629 1886 5685 est
1932 5620 2142 5685 aristas

2227 5618 2571 5695 Αἱτιωμένοις
2641 5615 2697 5674 δὲ
2754 5630 2873 5680 τοῖς
2930 5616 3272 5703 Φαρισαίοιςἶ
3315 5617 3435 5683 τοὺς
3491 5616 3761 5693 μαθητὰς,
3804 5615 3891 5682 ὅτι

483 5702 900 5773 abstrahentes
925 5724 941 5769 :
965 5712 1024 5767 et
1045 5706 1599 5792 confricantes,hoc
1617 5717 1709 5773 est
1730 5718 1993 5775 terentes
2020 5728 2144 5772 ma-

2227 5709 2280 5768 ἰν
2338 5714 2415 5783 τῷ
2500 5704 2757 5781 Σαϐϐάτῳ
2812 5706 2997 5776 ἢσθιον
3079 5702 3371 5788 τίλλοντες,
3430 5706 3701 5765 τουτέστιν
3755 5706 3888 5763 ἀνα-
