4232 6406
544 337 650 403 771
1440 335 1542 396 ΤΗ
1556 330 2039 396 EOPHYLACTI
2084 328 2203 391 ΒΗ]

2292 325 2497 405 ARUE
2525 325 2887 391 ABCHIEP.
3821 330 3945 395 772

538 471 691 533 cavit
721 468 1049 550 discipulos
1085 485 1248 543 suos,
1286 474 1343 528 et
1382 465 1562 544 elegit
1591 462 1908 525 duodecim
1938 480 2008 523 ex
2046 459 2192 542 ipsis

2287 480 2655 550 προσεφωνησε
2712 463 2835 528 τοὺς
2909 465 3154 539 μαθητὰς
3211 464 3390 527 αὐτοῦ,
3443 466 3540 523 Καὶ
3586 463 3940 539 ἐκλεξάμενος

541 580 688 643 quos
721 568 779 621 et
808 547 1114 648 ap—qstolvs
1153 556 1480 648 nominavit
1511 575 1524 616 :
1560 552 1894 648 Simonem,
1931 557 2199 648 quem‘et

2287 547 2374 604 im’
2434 551 2606 606 αὐτῶν
2676 548 2901 634 δώδεκα,
2962 553 3051 618 οὓς
3116 554 3203 611 καὶ
3280 553 3610 621 ἀποστόλους
3663 556 3935 631 ὠνόμασε·

544 642 779 711 Petrum
816 642 1168 721 nominavit,
1206 652 1264 706 et
1294 645 1594 707 Andream
1628 644 1868 704 fratrem
1897 642 2186 722 ejus,5ll

545 738 825 800 Jacobum
847 734 1572 814 etJoannem,Philippum
1596 742 1655 795 et
1675 731 2195 803 Bartholomazum,

543 827 878 889 Matthaaum
911 835 969 887 et
996 825 1315 898 Thomam,
1345 822 1635 887 Iacobum
1670 821 1897 903 Alphaei
1930 820 2117 881 lilium
2144 828 2202 882 et

545 915 877 991 Simonem,
912 915 1014 996 qui
1066 922 1307 976 vocatur
1356 913 1609 986 Zelotes,
1655 910 1866 974 Judam
1898 909 2109 973 Jacobi
2141 916 2202 973 et

544 1006 752 1069 ludam
789 1008 1157 1078 Iscariotem,
1188 1004 1288 1084 qui
1318 1002 1476 1065 idem
1504 1002 1611 1063 fuit
1644 1001 1932 1081 proditor.
1968 999 2037 1061 Et
2067 1000 2201 1062 des-

546 1097 812 1159 cendens
844 1115 978 1159 cum
1010 1094 1131 1157 illis
1156 1094 1321 1157 stetit
1350 1094 1409 1154 in
1442 1094 1575 1154 loco
1610 1091 1954 1172 campestri,
1993 1090 2198 1151 turba-

544 1206 660 1269 que
689 1186 1116 1266 discipulorum
1142 1185 1298 1265 ejus,
1325 1192 1385 1247 et
1414 1181 1729 1244 multitudo
1751 1184 1990 1261 copiosa
2009 1180 2198 1261 plebis

551 1297 623 1339 ex
652 1279 815 1339 omni
846 1275 1051 1340 Judaea
1082 1284 1138 1337 et
1163 1274 1564 1346 Hierusalem,
1591 1282 1648 1334 et
1669 1292 1702 1333 a
1732 1272 2028 1333 maritima
2048 1269 2199 1352 Tyro

551 1376 609 1428 et
640 1365 863 1429 Sidone
896 1388 910 1430 :
944 1366 1043 1445 qui
1074 1372 1360 1426 venerant
1407 1372 1466 1425 ut
1508 1362 1787 1423 audirent
1816 1381 1976 1438 eum,
2009 1369 2067 1421 et
2097 1380 2199 1421 sa-

552 1464 837 1518 narentur
865 1475 897 1518 a
927 1455 1153 1519 morbis
1182 1455 1308 1515 suis
1335 1475 1349 1526 ;
1382 1461 1439 1514 et
1466 1454 1565 1531 qui
1598 1452 1967 1514 vexabantur
2008 1469 2041 1511 a
2070 1450 2198 1530 spi-

554 1546 768 1609 ritibns
799 1546 1127 1608 immundis
1171 1553 1228 1607 et
1269 1544 1650 1608 sanabantur.
1703 1542 1773 1604 Et
1806 1541 2000 1604 omnis
2030 1540 2201 1603 turba

2282 638 2521 714 Σίμωνα,
2582 638 2642 695 ὅν
2708 643 2795 698 καὶ
2849 640 3095 719 ὠνόμασε
3154 643 3375 725 Πέτρον,
3434 646 3523 701 καὶ
3555 643 3805 724 Ἀνδρέαν
3848 645 3943 701 τόν

2282 725 2508 807 ἀδελφὸν
2564 733 2741 811 αὐτοῦ,
2819 731 3092 808 Ἰάκωϐον,
3165 735 3255 791 καὶ
3306 734 3583 809 Ἰωάννην⁹
3645 734 3938 808 Φίλιππον,

2285 819 2373 873 καὶ
2430 818 2853 903 Βαρθολομαῖον,
2910 826 3209 898 Ματθαϊον,
3264 825 3352 881 καὶ
3412 830 3632 900 Θωμᾶν,
3681 822 3939 883 Ἰάκωϐον

2283 908 2374 965 τὸν
2429 909 2523 966 τοῦ
2576 909 2859 992 Ἀλφαίου,
2918 916 3007 970 καὶ
3065 914 3281 989 Σίμωνα
3338 914 3431 970 τὸν
3476 913 3800 991 καλούμειον
3831 923 3939 988 ζη-

2283 994 2485 1072 λωτὴν,
2564 997 2763 1058 Ἰούδαν
2834 999 3112 1085 Ἰακώϐου,
3170 1004 3256 1060 καὶ
3314 1000 3509 1062 Ἰούδαν
3569 1001 3941 1084 Ἰσκαριώτην,

2283 1086 2342 1150 ὅς
2398 1092 2487 1146 καὶ
2544 1090 2751 1170 ἐγένετο
2806 1092 3089 1171 προδότης,
3151 1093 3256 1157 Καὶ
3312 1093 3547 1161 καταϐὰς
3592 1096 3711 1171 μετ’
3742 1098 3944 1173 αὐτῶν,

2281 1176 2409 1245 ἔστη
2481 1179 2566 1236 ἐπὶ
2623 1180 2789 1241 τόπου
2843 1181 3076 1259 πεδνιοῦ,
3125 1185 3221 1241 ’καὶ
3251 1182 3419 1264 ὄχλος
3452 1188 3705 1259 μαθητῶν
3755 1186 3942 1266 αὐτοῦ,

2280 1268 2369 1323 καὶ
2427 1266 2631 1336 πλῆθος
2685 1270 2822 1328 πολὺ
2879 1279 2972 1329 τοῦ
3031 1272 3164 1331 λαοῦ
3190 1273 3295 1330 ἀπὸ
3342 1274 3522 1342 πάσης
3552 1280 3652 1343 τῆς
3689 1273 3945 1341 Ἰουδαίας

2281 1358 2369 1413 καὶ
2443 1348 2813 1441 Ἰερουσαλὴμ,
2873 1364 2960 1418 καὶ
3009 1364 3107 1431 τῆς
3167 1362 3427 1443 παραλίου
3485 1365 3649 1444 Τύρου
3703 1366 3792 1422 καὶ
3838 1372 3938 1420 Σι-

2283 1445 2472 1528 δῶνος,
2534 1449 2589 1507 οἵ
2659 1449 2818 1518 ἦλθον
2865 1452 3085 1509 ἀκοῦσαι
3118 1453 3274 1510 αὐτοῦ
3305 1455 3392 1511 καὶ
3444 1456 3651 1523 ἰαθῆναι
3696 1456 3804 1512 ἀπὸ
3832 1460 3941 1511 τῶν

2282 1538 2453 1594 νόσων
2512 1540 2706 1616 αὐτῶν,
2794 1544 2883 1598 καὶ
2938 1545 2985 1599 οἱ
3056 1541 3380 1623 ὀχλούμενοι
3434 1544 3536 1601 ὑπὸ
3620 1545 3939 1622 πνευμάτων

556 1635 857 1718 quaerebat
882 1654 1016 1697 eum
1052 1645 1317 1713 tangere,
1347 1633 1485 1714 quia
1514 1633 1698 1694 virtus
1748 1630 1821 1692 ab
1868 1630 1970 1692 illo
2002 1629 2199 1692 exibat

2287 1627 2611 1709 ἀκαθάρτων,
2670 1632 2755 1687 καὶ
2830 1634 3223 1710 ἐθεραπεύοντο.
3306 1634 3403 1692 Καὶ
3490 1640 3592 1697 πᾶς
3678 1637 3705 1691 ὁ
3776 1633 3946 1714 ὄχλος

553 1736 610 1788 et
638 1726 886 1787 sanabat
916 1741 1148 1787 omnes.
1191 1757 1211 1783 ι
1254 1724 1543 1786 Dominus
1572 1721 1745 1782 docet
1782 1739 1891 1782 nos
1922 1730 1985 1782 ut
2015 1738 2199 1800 opera

2287 1718 2462 1787 ἐζήτει
2523 1719 2778 1776 ἃπτεσθαι
2836 1721 3017 1798 αὐτοῦ,
3080 1722 3160 1779 ὅτι
3261 1721 3478 1799 δύναμις
3571 1723 3697 1803 παρ’
3784 1725 3943 1782 αὐτοῦ

550 1835 655 1878 sua
684 1815 1011 1889 imitemur,
1041 1823 1099 1875 et
1136 1814 1289 1875 sicut
1319 1813 1447 1893 ipse
1480 1811 1637 1886 fecit,
1673 1811 1753 1871 ita
1784 1820 1841 1871 et
1879 1829 1985 1872 nos
2012 1809 2197 1871 facia-

2287 1805 2566 1887 ἐξήρχετο.
2632 1811 2731 1867 Καὶ
2779 1812 2894 1868 ἰᾶτο
2926 1813 3155 1878 πάντας.
3209 1836 3233 1867 ιι
3272 1814 3449 1874 Πάντα
3491 1827 3641 1870 ποιεῖ
3696 1813 3723 1869 ὃ
3754 1816 3944 1888 Κύριος

554 1925 705 1968 mus.
751 1906 907 1968 Ecce
939 1911 1213 1966 oraturus
1245 1912 1395 1983 erat,
1428 1911 1486 1965 et
1515 1901 1788 1964 ascendit
1816 1902 1878 1961 in
1910 1908 2198 1961 montem.

2287 1894 2542 1952 διδάσκων
2584 1899 2754 1979 ἡμᾶς,
2813 1900 2904 1956 ἵνα
2964 1903 3051 1957 καὶ
3100 1903 3265 1977 ἡμεῖς
3313 1901 3452 1959 οὕτω
3483 1908 3745 1979 ποιῶμεν,
3812 1900 3945 1959 Ἰδοὺ

552 1996 789 2060 Etenim
823 2001 1057 2076 oportet
1087 1994 1263 2056 etiam
1295 2011 1403 2055 nos
1433 2010 1468 2054 a
1495 1991 1746 2072 negotiis
1771 1991 1992 2052 otiosos
2007 2008 2201 2072 orare,

2287 1994 2407 2076 γοῦν
2464 1985 2676 2076 μέλλων
2734 1988 2993 2071 εὔξασθαι,
3055 1991 3221 2047 ἔνεισί
3277 2012 3334 2048 τε
3393 1994 3467 2056 εἰς
3498 1990 3616 2071 ὄρος
3692 1992 3789 2049 Καὶ
3842 1990 3943 2070 γὰρ

552 2095 610 2146 et
641 2103 759 2146 non
789 2074 1079 2145 in'medio
1129 2083 1475 2164 multorum,
1510 2084 1615 2144 sed
1653 2086 2095 2163 pernoctantes,
2130 2098 2203 2142 ne

2287 2074 2369 2131 δεῖ
2425 2074 2791 2155 σχολάζοντας
2849 2081 3377 2161 προσεύχεσθαι,καὶ
3431 2081 3508 2157 μὴ
3536 2081 3591 2137 ἐν
3621 2079 3770 2156 μέσῳ
3799 2079 3945 2137 πολ-

556 2176 751 2237 statim
787 2185 849 2236 ut
897 2177 1281 2255 ceperimus,
1317 2189 1643 2234 cessemus.
1696 2171 1833 2232 Post
1876 2170 2205 2232 orationem

553 2275 751 2328 autem
784 2264 965 2343 elegit
987 2262 1623 2344 discipulos,utdoceat
1645 2261 1821 2323 etiam
1840 2278 1950 2322 nos
1970 2260 2207 2340 quando

559 2354 902 2436 quempiam
937 2353 996 2415 in
1030 2352 1339 2434 spirituale
1371 2351 1767 2413 ministerium
1801 2354 2006 2412 sumus
2037 2350 2204 2411 ordi-

561 2444 756 2506 naturi
784 2462 919 2505 cum
959 2442 1238 2524 precibus
1287 2442 1444 2503 hunc
1496 2441 1811 2520 eligamus,
1843 2448 1908 2502 ut
1956 2440 2146 2501 όοιιίε
2174 2456 2209 2500 a

561 2535 686 2597 Deo
719 2542 777 2595 et
816 2533 892 2594 ab
925 2532 1028 2594 illo
1053 2530 1395 2613 petentibus
1421 2533 1644 2593 revelet
1673 2530 1806 2612 quis
1838 2530 2089 2590 idoneus
2112 2528 2207 2591 sit.

559 2622 896 2702 Assumpsit
927 2639 1067 2700 ergo
1095 2622 1439 2697 duodecim,
1475 2621 1907 2701 descenditque
1929 2638 2064 2681 cum
2092 2617 2212 2680 illis

562 2714 638 2776 de
669 2723 869 2775 monte
899 2734 915 2786 ;
945 2720 1010 2774 ut
1038 2730 1141 2775 eos
1164 2712 1265 2792 qui
1293 2731 1363 2774 ex
1395 2711 1646 2774 urbibus
1679 2717 1983 2783 venerant,
2015 2717 2207 2783 sanet,

554 2802 879 2883 etgeminis
905 2802 1218 2866 beneficiis
1252 2800 1736 2883 prosequatur,in
1760 2800 1960 2861 anima
1982 2798 2211 2861 scilicet

552 2911 620 2954 ac
650 2911 925 2973 corpore.
958 2892 1114 2954 Audi
1166 2892 1324 2954 enim
1362 2893 1504 2971 quid
1548 2891 1704 2953 dicat
1740 2912 1753 2954 :
1807 2888 2114 2952 Venerunt
2146 2887 2211 2950 ut

552 2982 830 3044 audirent
859 3000 1019 3058 eum,
1057 2983 1212 3064 quod
1246 2982 1316 3042 ad
1350 2982 1565 3043 animae
1596 2998 1796 3042 curam
1832 2978 2203 3060 pertinebat:

2292 2164 2420 2241 λῶν,
2488 2165 2626 2222 ἀλλὰ
2681 2170 2766 2224 καὶ
2825 2166 3340 2251 διανυκτερεύοντας,
3400 2172 3477 2247 μὴ
3534 2170 3681 2233 εὖθὺς
3712 2169 3941 2246 ἱσταμέ-

2293 2278 2411 2321 νους
2482 2258 2556 2321 εἰς
2625 2260 2961 2339 προσευχὴν,
2992 2261 3115 2318 ε’ίτα
3142 2260 3555 2341 ἀφισταμένους,
3590 2261 3735 2317 Μετὰ
3762 2256 3816 2315 δὲ
3846 2260 3947 2329 τὴν

2293 2346 2461 2426 εὐχὴν
2534 2344 2809 2425 ἐκλέγεται
2864 2350 2986 2413 τοὺς
3043 2353 3310 2425 μαθητὰς,
3380 2353 3455 2415 ὡς
3511 2348 3574 2408 ἅν
3625 2347 3805 2427 διδάξῃ
3855 2350 3944 2405 καὶ

2293 2437 2437 2511 ἡμᾶς
2490 2433 2618 2491 ὅταν
2662 2435 2944 2511 μέλλωμέν
3001 2461 3117 2495 τινα
3173 2441 3244 2502 εἰς
3277 2438 3543 2496 διακονίαν
3573 2443 3745 2495 θεῖναι
3774 2459 3943 2497 πνευ-

2294 2526 2546 2599 μαιικήο,
2611 2526 2744 2601 μετὰ
2808 2530 2977 2606 εὐχῆς
3036 2535 3191 2585 τοῦτο
3218 2532 3503 2609 αἱρεῖσθαι,
3555 2526 3943 2607 δδηγουμένους

2292 2612 2395 2667 ὑπὸ
2454 2618 2608 2686 Θεοῦ,
2675 2616 2764 2670 καὶ
2822 2614 2948 2693 παρ’
2977 2615 3176 2674 ἐκείνου
3203 2619 3478 2681 αἰτοῦντας
3507 2617 3945 2695 ἀποκαλυφθῆναι

2293 2702 2431 2776 ἡμῖν
2502 2702 2591 2757 τὸν
2650 2699 2888 2776 δόκιμον.
2954 2695 3241 2781 Ἐλόμενος
3298 2704 3356 2761 δὲ
3410 2707 3532 2771 τοὺς
3562 2704 3788 2783 δώδεκα,
3822 2708 3946 2763 κάτ-

2295 2814 2429 2849 εισιν
2488 2794 2548 2850 ἐκ
2606 2792 2700 2852 λοῦ
2749 2796 2927 2875 ὄρους,
2999 2799 3070 2861 ὡς
3134 2797 3195 2854 ἂν
3252 2799 3371 2864 τοὺς
3430 2797 3536 2855 ἀπὸ
3563 2802 3669 2855 τῶν
3730 2797 3943 2855 πόλεων

2291 2881 2537 2949 ἐλθόντας
2601 2886 2838 2966 ἰάσηται,
2914 2889 3001 2943 καὶ
3057 2885 3257 2968 διπλῶς
3315 2888 3639 2968 εὖεργετῂσῃ
3696 2890 3832 2944 κατὰ
3886 2908 3944 2944 τε

2290 2974 2478 3054 ψυχὴν
2520 2976 2607 3031 καὶ
2636 2976 2773 3032 κατὰ
2802 2982 2979 3051 σῶμα.
3030 2967 3239 3035 ’Ἄκουε
3270 2966 3506 3058 γὰρ,δτι
3536 2966 3727 3035 1Ἠλθον
3776 2977 3943 3034 ἀκοῦ-

555 3080 614 3134 et
644 3081 1063 3134 sanarentura
1110 3070 1335 3133 morbis
1364 3070 1511 3146 suis,
1565 3070 1678 3131 hoc
1731 3070 1804 3131 de
1855 3068 2203 3150 corporibus

2292 3086 2379 3121 σαι
2437 3067 2617 3138 αὒτοῦ,
2694 3071 2850 3122 τοῦτο
2878 3065 3021 3123 ἔστιν
3078 3068 3112 3135 ἡ
3170 3072 3277 3123 τῶν
3311 3068 3504 3148 ψυχῶν
3550 3067 3823 3147 θεραπεία,
3855 3067 3945 3122 καὶ

552 3162 720 3225 dicit.
745 3161 981 3224 Etenim
1011 3163 1196 3221 virtus
1217 3160 1415 3223 abillo
1440 3159 1946 3239 egrediebatur,et
1966 3159 2210 3221 sanabat

555 3270 791 3313 omnes.
823 3250 970 3313 Nam
1007 3251 1313 3331 prophetae
1335 3257 1393 3311 et
1410 3249 1511 3310 alii
1541 3249 1726 3311 sancti
1760 3268 1876 3310 non
1909 3248 2209 3312 habebant

554 3342 829 3403 virtutem
864 3359 897 3402 a
927 3359 992 3403 se
1023 3339 1457 3417 egredientem.
1486 3338 1617 3400 Non
1638 3340 1796 3401 enim
1831 3338 2069 3401 fuerunt
2089 3335 2204 3420 ipsi

554 3430 749 3493 fontes
779 3430 1086 3493 virtutum.
1122 3432 1202 3496 At
1230 3428 1520 3491 Dominus
1551 3429 1758 3491 habuit
1786 3429 2064 3491 virtutem
2092 3447 2208 3492 ase

554 3521 988 3597 egredientem,
1023 3519 1509 3602 quandoquidem
1550 3519 1679 3599 ipse
1724 3519 1856 3580 fons
1899 3519 2198 3581 virtutum.

553 3610 623 3671 Et
656 3611 737 3673 ita
766 3610 1073 3692 propheta:
1106 3629 1175 3673 ac
1204 3610 1389 3673 sancti
1417 3609 1696 3674 virtutem
1743 3627 1913 3672 suam
1946 3626 2207 3690 superne

552 3707 942 3780 acceperunt.

634 3876 818 3941 Vens.
860 3879 1065 3949 20-26,.
1104 3900 1136 3939 ε
1165 3879 1236 3941 Et
1285 3881 1411 3961 ipse
1440 3879 1723 3942 attollens
1753 3878 1957 3940 oculos
1979 3896 2117 3940 suos
2142 3879 2203 3941 in

2291 3153 2499 3221 ἰαθῆναι
2552 3154 2660 3210 ἀπὸ
2714 3161 2823 3211 τῶν
2890 3155 3061 3212 νόσων
3112 3160 3309 3236 αὐτῶν,
3371 3167 3548 3235 τοῦτο,
3582 3160 3618 3227 ἡ
3676 3158 3782 3213 τῶν
3830 3176 3948 3211 σω-

2291 3242 2497 3318 μάτων⁵
2562 3242 2785 3319 δέναμις
2844 3245 2945 3325 γὰρ
2998 3245 3127 3326 παρ’
3181 3247 3341 3304 αὐτοῦ
3399 3245 3659 3327 ἐξήρχετο
3688 3246 3776 3301 καὶ
3826 3245 3946 3302 ἰᾶτο

2290 3333 2517 3396 πάντας.
2607 3337 2667 3392 Οἱ
2724 3335 2823 3411 μὲν
2867 3336 2967 3415 γὰρ
2996 3336 3263 3416 προφῆται
3308 3338 3395 3394 καὶ
3425 3339 3471 3393 οἱ
3494 3335 3647 3394 ἄλλοι
3675 3335 3817 3414 ἅγιοι
3846 3338 3942 3394 οὒκ

2291 3422 2453 3502 εἶχον
2512 3421 2731 3501 δύναμιν
2797 3423 3156 3506 ἐξερχομένην
3208 3423 3302 3484 ἀπ’
3334 3429 3529 3485 αὐτῶνθ
3563 3428 3623 3483 οὒ
3649 3428 3749 3505 γὰρ
3806 3429 3945 3494 ἦσαν

2290 3513 2434 3569 αὐτοὶ
2503 3515 2675 3593 πηγαὶ
2731 3512 3024 3592 δυνάμεων,
3088 3506 3145 3574 Ὀ
3202 3513 3257 3572 δὲ
3288 3518 3474 3598 Κύριος
3520 3515 3738 3593 δὺναμιν
3782 3515 3947 3595 εἶχον

2289 3599 2671 3687 ἐξερχομὲνην,
2705 3602 2800 3661 ἀπ’
2859 3605 3038 3663 αὐτοῦ’
3102 3607 3259 3671 αὐτὸς
3294 3608 3395 3687 γὰρ
3450 3609 3519 3675 ἦν
3546 3609 3581 3677 ἡ
3640 3606 3795 3684 πηγὴ
3843 3609 3945 3674 τῆς

2287 3687 2582 3769 δυνάμεως.
2658 3685 2750 3760 Ὠς
2809 3695 2864 3752 οἵ
2923 3716 2985 3775 γε
3015 3697 3285 3778 προφῆται
3311 3685 3402 3754 καὶ
3433 3699 3482 3756 οἱ
3512 3695 3654 3777 ἅγιοι
3694 3693 3945 3776 ἐδέχοντο

2287 3781 2493 3856 μᾶλλον
2522 3783 2690 3842 ἅνωθε
2706 3808 2723 3842 δ
2755 3784 2995 3863 δύναμιν.

2374 3894 2401 3926 ι
2466 3876 2564 3932 Καὶ
2615 3877 2773 3939 αὐτὸς
2832 3875 3030 3955 ἐπάρας
3087 3877 3211 3941 τοὺς
3298 3874 3599 3957 ὀφθαλμοὺς
3660 3878 3819 3934 αὐτοῦ
3870 3875 3949 3939 εἰς

551 3967 897 4048 discipulos,
924 3968 1199 4031 dicebat:
1237 3969 1401 4030 Beati
1425 3987 1735 4049 pauperes,
1772 3970 1912 4049 quia
1941 3977 2201 4031 vestrum

2287 3963 2407 4029 τοὺς
2432 3966 2674 4039 μαθητὰς
2734 3965 2915 4047 αὖτοῦ,
2990 3965 3165 4045 ἕλεγεο
3251 3967 3515 4046 Μακάριοι
3604 3968 3651 4023 οἱ
3704 3964 3946 4046 πτωχοὶ,

548 4066 637 4117 est
670 4075 920 4135 regnum
946 4056 1254 4119 Dei.Beati
1285 4058 1388 4138 qui
1418 4058 1659 4120 esuritis
1684 4077 1866 4139 nunc,
1892 4058 2031 4139 quia
2049 4068 2203 4121 satu-

2287 4051 2367 4109 ὅτι
2422 4056 2649 4135 ὑμετέρα
2704 4056 2844 4113 ἐστὶν
2902 4058 2937 4125 ἡ
2982 4056 3225 4133 βασιλεία
3255 4079 3349 4114 του
3378 4057 3534 4121 Θεοῦ,
3589 4056 3851 4137 Μακάριοι
3897 4055 3949 4111 οἱ

552 4144 854 4210 rabimini.
876 4146 1042 4210 Beati
1074 4147 1173 4231 qui
1198 4148 1353 4209 ﬂetis
1377 4165 1556 4225 nunc,
1584 4147 1723 4229 quia
1742 4148 2203 4212 ridebitis.Beati

2289 4141 2561 4208 κλαίοντες
2620 4151 2729 4220 νῦν,
2789 4144 2871 4202 ὅτι
2957 4145 3236 4225 γελάσετε.
3320 4147 3582 4227 Μακάριοί
3637 4149 3757 4204 ἐστε
3815 4144 3948 4201 ὅταν

552 4234 717 4297 eritis
748 4254 882 4297 cum
916 4254 1017 4297 vos
1059 4234 1294 4298 oderint
1346 4235 1644 4315 homines,
1698 4246 1754 4299 et
1802 4238 2203 4319 separaverint

2291 4235 2591 4309 μισήσωσιν
2646 4236 2783 4310 ὑμᾶς
2847 4238 2893 4292 οἰ
2967 4236 3254 4314 ἅνθρωποι,
3286 4238 3373 4294 καὶ
3402 4237 3724 4318 ἀφορίσωσιν
3780 4236 3951 4311 ὑμᾶς,

553 4342 681 4401 vos,
708 4333 766 4386 et
795 4325 1372 4407 exprobraverint,et
1404 4328 1926 4407 ejeceriutnomen
1947 4336 2203 4409 vestrum

2291 4324 2378 4380 καὶ
2424 4321 2739 4406 ὀνειδίσωσι,
2811 4326 2896 4383 καὶ
2940 4324 3208 4383 ἐκϐάλωσι
3238 4328 3299 4383 τὸ
3329 4326 3496 4403 ὄνομα
3551 4328 3701 4389 ὑμῶν
3730 4328 3805 4391 ὡς
3836 4346 3946 4382 πο-

548 4425 827 4496 tanquam
863 4415 1081 4477 malum
1117 4428 1361 4498 propter
1384 4406 1599 4480 Filium
1625 4418 1909 4480 hominis.
1941 4406 2203 4480 Gaudete

2290 4414 2472 4491 νηρὸν,
2531 4411 2685 4471 ἕνεκα
2741 4422 2833 4472 τοῦ
2899 4417 3020 4476 ι’ἱοῦ
3089 4424 3184 4473 τοῦ
3240 4416 3537 4495 ἀνθρώπου,
3614 4416 3834 4496 Χαίρετε
3892 4414 3953 4469 ἐν

548 4506 609 4565 in
643 4505 747 4566 illo
777 4506 874 4567 die
904 4514 961 4567 et
996 4506 1286 4568 exsultate
1317 4528 1330 4569 :
1366 4525 1507 4570 ecce
1538 4508 1696 4569 enim
1748 4527 1981 4571 merces
2012 4515 2205 4570 vestra

553 4596 738 4655 multa
759 4603 847 4656 est
876 4595 937 4656 in
970 4597 1158 4659 caelis.
1184 4597 1529 4659 Secundum
1561 4598 1687 4659 haec
1719 4602 1879 4660 enim
1907 4596 2205 4660 faciebant

550 4686 857 4766 prophetis
889 4695 1083 4766 patres
1133 4705 1363 4748 eorum.
1423 4690 1850 4751 Verumtamen
1910 4708 1995 4750 vae
2035 4689 2204 4750 vobis

550 4775 859 4851 divitibus,
890 4777 1031 4857 quia
1058 4776 1295 4839 habetis
1320 4778 1787 4842 consolationem
1815 4778 2204 4843 vestram.Vae

551 4865 716 4926 vobis
748 4866 850 4946 qui
879 4867 1128 4930 saturati
1158 4870 1301 4929 estis
1352 4888 1533 4944 nunc,
1588 4871 1726 4950 quia
1769 4870 2070 4934 esurietis.
2104 4870 2206 4931 Vae

550 4955 720 5017 vobis
750 4954 853 5037 qui
882 4956 1091 5018 ridetis
1121 4976 1304 5033 nunc,
1339 4958 1480 5038 quia
1528 4959 1810 5039 lugebitis
1856 4970 1913 5022 et
1960 4959 2202 5021 ﬂebitis.

550 5042 653 5106 Va:
674 5063 811 5106 cum
856 5045 1229 5107 laudaverint
1269 5066 1369 5108 vos
1399 5066 1609 5110 omnes
1638 5049 1939 5113 homines.
1974 5048 2206 5111 Secun-

2282 4504 2460 4580 ἐκείνῃ
2508 4525 2575 4577 τᾳ
2632 4504 2808 4584 ἡμέρᾳ
2865 4508 2953 4563 καὶ
2984 4508 3331 4586 σκιρτήσατε.
3364 4499 3493 4565 Ἰδοὺ
3523 4507 3624 4587 γὰρ
3654 4508 3683 4562 ὁ
3755 4505 3945 4582 μισθὸς

2285 4593 2431 4669 ὑμῶν
2486 4593 2652 4659 πολὺς
2710 4596 2764 4651 ἐν
2819 4609 2939 4661 τοῖς
3020 4601 3294 4677 οὐρανοῖς.
3382 4598 3528 4656 Κατὰ
3600 4606 3765 4656 ταῦτα
3843 4596 3947 4675 γὰρ

2284 4682 2493 4739 ὶποίουν
2561 4698 2680 4749 τοῖς
2746 4689 3045 4767 προφήταις
3109 4690 3156 4744 οι
3229 4687 3451 4769 πατέρες
3537 4686 3733 4746 αὐτῶν.
3795 4684 3945 4753 Πλὴν

2285 4775 2399 4829 οὐαὶ
2450 4776 2579 4851 ὑμῖν
2634 4789 2753 4843 τοῖς
2809 4775 3110 4858 πλουσίοις,
3182 4777 3262 4835 ὅτι
3328 4778 3565 4860 ἀπέχετε
3611 4778 3707 4846 τὴν
3763 4776 3946 4855 παρά-

2285 4862 2478 4931 κλησιν
2530 4867 2703 4941 ὑμῶν.
2763 4870 2895 4927 Οὐαὶ
2949 4870 3106 4947 ὑμῖν,
3137 4872 3185 4926 οἱ
3216 4867 3660 4946 ἐμπεπλησμένοι
3694 4875 3805 4943 νῦν,
3853 4865 3940 4924 ὅτι

2285 4956 2584 5015 πεινάσετε.
2647 4960 2773 5018 Οὐαὶ
2828 4961 2981 5041 ὑμῖν,
3070 4962 3118 5017 οἰ
3161 4959 3425 5040 γελῶντες
3483 4966 3598 5034 νῦν,
3626 4958 3707 5015 ὅτι
3738 4959 3945 5028 πενθή-

2291 5067 2410 5101 σετε
2467 5048 2556 5103 καὶ
2625 5047 2905 5111 κλαὺσετε.
2977 5051 3103 5107 Οὐαὶ
3160 5049 3287 5108 ὅταν
3345 5056 3527 5114 καλῶς
3581 5052 3718 5126 ὑμᾶς
3747 5047 3945 5106 εἴπωσι

548 5135 690 5196 dum
720 5135 851 5198 haec
895 5137 1052 5197 enim
1098 5136 1398 5199 faciebant
1442 5138 1982 5221 pseudoprophetis
2013 5148 2203 5219 patres

2291 5137 2484 5201 πάντες
2536 5143 2583 5196 οἰ
2654 5136 2938 5221 ἅνθρωποι.
3003 5141 3149 5198 Κατὰ
3208 5140 3371 5198 ταῦτα
3427 5141 3527 5221 γὰρ
3586 5139 3793 5197 ἐποίουν
3823 5150 3946 5205 τοῖς

549 5244 781 5290 eorum.
822 5227 1177 5307 »Postquam
1207 5227 1868 5310 ordinavitdiscipulns,
1897 5248 2000 5311 per
2022 5230 2203 5293 beati-

2290 5226 2749 5311 ψευδοπροφήταις
2810 5234 2857 5287 οἰ
2887 5230 3109 5310 πατέρες
3154 5229 3351 5295 αὐτῶν,
3408 5254 3431 5287 ι
3470 5232 3616 5288 Μετὰ
3661 5230 3722 5287 τὰ
3754 5250 3950 5310 χειρο-

549 5316 789 5377 tudines
819 5326 877 5378 et
909 5317 1210 5380 doctrinas
1237 5318 1297 5379 in
1333 5318 1607 5381 ordinem
1634 5321 1819 5401 magis
1835 5311 2203 5401 spiritualem

2288 5324 2508 5386 τονῆσαι
2558 5321 2678 5384 τοὺς
2736 5322 3001 5397 μαθητὰς,
3059 5322 3286 5400 ῥυθμίζει
3358 5322 3546 5382 αὐτοὺς
3606 5321 3690 5378 διὰ
3740 5341 3798 5377 τε
3840 5318 3948 5375 τῶν

551 5405 775 5466 inducit
808 5425 875 5467 ac
908 5409 1233 5488 componit.
1272 5407 1415 5471 Nam
1442 5409 1511 5471 ad
1552 5410 1688 5474 illos
1709 5430 1773 5473 se
1796 5420 2037 5473 vertens
2063 5431 2197 5475 ser-

2287 5417 2640 5490 μακαρισμῶν
2691 5412 2776 5466 καὶ
2846 5416 2946 5479 τῆς
3019 5410 3359 5477 διδασκαλίας
3417 5415 3490 5479 εἷς
3576 5432 3948 5487 πνευματικω-

552 5513 789 5585 nionem
822 5496 979 5558 facit.
1016 5503 1087 5559 Et
1124 5499 1383 5578 primum
1435 5499 1641 5563 beatos
1685 5502 1827 5563 dicit
1877 5521 2192 5585 pauperes,

2287 5499 2429 5580 πέραν
2481 5502 2826 5565 κατάστασιν,
2902 5505 3038 5581 Πρὸς
3097 5504 3198 5583 γὰρ
3258 5504 3445 5567 αὐτοὺς
3527 5503 3942 5578 ἀποτεινόμενος

548 5584 689 5643 519
721 5584 843 5645 sive
872 5585 1126 5648 humiles
1142 5589 1478 5667 intelligere
1505 5591 1784 5661 volueris.
1813 5592 1941 5654 sive
1962 5610 1998 5654 a
2018 5584 2196 5674 pecu-

2287 5605 2515 5649 ποιεῖται
2598 5591 2691 5648 τὸν
2760 5590 2944 5671 λόγον,
3017 5594 3113 5651 Καὶ
3172 5595 3384 5673 πρῶτον
3468 5594 3747 5673 μακαρίζει
3820 5597 3944 5660 τοὺς

548 5674 661 5735 uiae
718 5674 1043 5755 cupiditate
1096 5678 1345 5740 alienos.
1402 5679 1469 5741 Et
1530 5700 1736 5743 omnes
1793 5683 2192 5747 beatitudines

2287 5683 2551 5762 πτωχοὺς,
2626 5682 2738 5739 εἴτε
2796 5684 2916 5748 τούς
2991 5684 3421 5763 ταπεινόφρονας
3485 5682 3701 5760 βούλοιο
3776 5701 3925 5745 νοεῖν
