4232 6406
494 356 607 432 775
1457 361 2056 430 'I‘HEOPHYLACTI
2100 353 2512 424 BULGARUE
2554 358 2914 424 ARCHIEP.
3112 410 3115 414 .
3773 346 3894 415 776

493 500 602 563 rali
638 500 768 581 lege
799 510 857 564 te
886 500 1108 564 docuit.
1143 501 1292 564 Nam
1324 498 1480 580 quod
1513 509 1574 560 tu
1606 498 1711 559 tibi
1744 497 1831 559 vis
1853 495 2003 575 ﬁeri,
2034 496 2132 557 hOt

2232 496 2363 575 πρὸς
2421 496 2559 573 ὑμᾶς
2618 494 3096 576 πονηρευομένους,
3159 493 3335 570 ὅμοιοί
3364 491 3482 550 ἐστε
3508 493 3588 566 τῷ
3631 494 3771 564 Θεῷ,
3821 487 3892 581 ,ὅς

495 591 666 651 etiam
695 579 867 653 alteri
887 590 1003 653 fac.
1030 589 1257 652 Deinde
1288 579 1400 652 eta
1424 590 1540 651 line
1560 608 1628 650 ac
1650 586 1958 668 mercede,
1985 602 2132 647 mer-

2229 590 2379 643 ἔστιν
2448 586 2645 665 ἀγαθὸς
2721 586 2807 642 ἐπὶ
2875 586 3000 650 τοὺς
3058 582 3388 664 ἀχαρίστους
3460 583 3548 639 καὶ
3602 579 3889 659 πονηρούς.

495 679 700 740 cedem
724 679 881 742 enim
908 680 1223 761 pollicetur
1237 678 1587 760 vobis,quod
1614 677 1840 739 similes
1862 675 2123 739 ﬁatisDei

2235 683 2403 733 Ποῖον
2450 676 2569 745 οὖν,
2606 675 2807 756 θέλετε,
2881 675 3058 750 ’ὁμοιοι
3103 674 3248 730 εἶναι
3303 679 3411 730 τῶν
3462 669 3822 752 ἁμαρτωλῶν,
3853 668 3890 735 ἤ

494 773 669 849 ὅμοιοι
716 776 858 832 εἶναι
903 757 995 833 τοῦ
1027 782 1164 831 Θεοῦ
1196 796 1211 855 ς
1251 757 1770 854 (Θρᾷξ-διδασκαλίαν
1798 774 1940 828 θείαν
1973 791 1990 847 ;
2023 770 2060 798 ’¹
2074 770 2265 827 Επεισέ
2322 792 2381 827 σε
2411 774 2621 850 πρῶτον
2652 770 2759 827 ἀπὸ
2788 775 2886 826 τοῦ
2914 778 3137 850 φυσικοῦ
3168 770 3358 845 νόμου,
3394 757 3454 825 Ὀ
3482 767 3583 846 γὰρ
3612 764 3781 829 θέλεις
3827 763 3892 819 σὺ

491 863 731 942 γενέσθαι
766 887 874 944 σοι,
921 873 1076 922 τοῦτο
1106 853 1380 928 καὶναῦτὸς
1441 862 1621 926 ἄλλοις
1676 861 1837 922 ποίει.
1902 862 2038 918 Εἶτα
2094 859 2259 916 πείθει
2317 880 2377 916 σε
2434 862 2521 917 καὶ
2552 861 2658 917 ἀπὸ
2690 866 2785 917 τοῦ
2812 856 2996 924 τέλους
3039 859 3251 917 καὶτοῦ
3297 857 3485 935 μισθοῦ
3518 876 3532 891 ⁸
3569 857 3754 932 μισθὸν
3788 853 3891 933 γὰρ

490 955 834 1033 ὑπισχνεῖται
878 957 1008 1031 ὑμῖν
1051 958 1113 1011 τὸ
1143 955 1355 1030 ὁμοίους
1386 954 1629 1033 γενέσθαι
1665 958 1802 1025 Θεῷ,
3465 1016 3470 1021 η

573 1029 749 1103 Vens.
778 1029 983 1106 37-40.
1022 1068 1049 1099 α
1083 1029 1277 1104 Nolite
1297 1029 1590 1122 judicare,
1621 1050 1677 1102 et
1708 1059 1824 1102 non
1845 1035 2132 1117 judicabi-

2321 1063 2349 1095 α
2384 1041 2473 1108 Μὴ
2515 1040 2741 1120 κρίνετε,
2801 1039 2891 1095 καὶ
2946 1037 3006 1095 οὗ
3073 1038 3153 1114 μὴ
3181 1039 3419 1116 κριθῆτε,
3455 1034 3545 1102 Μὴ
3591 1029 3887 1089 καταδικά-

492 1129 660 1191 mini.
696 1132 892 1194 Nolite
915 1132 1411 1206 condemnare,et
1431 1151 1547 1192 non
1573 1126 2124 1192 eondemnabimini

2232 1135 2374 1203 ζετε,
2433 1130 2521 1186 καὶ
2593 1131 2654 1186 06
2741 1127 2820 1205 μὴ
2917 1125 3364 1194 καταδικασθῆτε⁶
3446 1122 3727 1202 ἀπολύετε,
3800 1123 3889 1178 καὶ

491 1219 821 1297 Remittite,
855 1230 912 1283 et
944 1221 1284 1285 remittetur
1315 1219 1498 1282 vobis.
1528 1220 1693 1294 Date,
1723 1228 1780 1280 et
1802 1217 2037 1279 dabitur
2052 1234 2132 1278 νο

2230 1217 2647 1290 ἀπολυθήσεσθε.
2709 1216 2911 1293 Δίδοτε,
2970 1218 3059 1274 καὶ
3121 1215 3399 1287 δοθήσεται
3457 1216 3610 1291 ὑμῖν.
3683 1212 3888 1291 Μέτρον
3989 1217 3999 1223 ”

490 1306 604 1369 bis.
642 1310 980 1372 Mensuram
1012 1311 1228 1373 bonam
1262 1320 1318 1373 et
1348 1311 1674 1372 confertam
1709 1317 1767 1371 et
1794 1324 2132 1369 concussam

2227 1308 2392 1365 καλὸν
2446 1307 2823 1384 πεπιεσμένον,
2881 1309 2971 1364 καὶ
2998 1305 3413 1382 σεσαλευμένον,
3441 1306 3530 1361 καὶ
3582 1305 3885 1383 ὑπερεκχυ-

488 1405 668 1477 atque
679 1400 1076 1462 exundantem
1093 1400 1315 1461 dabunt
1338 1401 1395 1460 in
1412 1401 1606 1461 sinum
1631 1394 2132 1461 vestrum.Eadem

2230 1399 2452 1472 νόμενον
2512 1395 2736 1454 δώσουσι
2794 1399 2869 1460 εἰς
2925 1397 3018 1452 τὸν
3060 1393 3259 1452 κόλπον
3287 1396 3460 1471 ὑμῶν.
3492 1399 3580 1468 Τῷ
3609 1394 3709 1473 γὰρ
3738 1395 3881 1465 αὐτῷ

491 1485 713 1567 quippe
735 1507 1012 1550 mensura
1039 1510 1151 1570 qua
1174 1487 1935 1564 metimini,metienturalii
1950 1484 2132 1549 vobis.

2229 1485 2406 1567 μέτρῳ
2466 1489 2512 1561 ᾧ
2568 1499 2837 1566 μετρεῖτε,
2900 1485 3338 1564 ἀντιμετρηθεται
3413 1486 3566 1560 ὑμῖν.
3615 1482 3753 1540 Εἷπε
3794 1479 3885 1570 ,δὲ

488 1572 731 1637 Dicebat
762 1587 955 1657 autem
991 1568 1108 1640 illis
1138 1579 1613 1641 similitudinem.
1646 1576 1925 1658 Nunquid
1951 1583 2132 1657 potest

2226 1578 2316 1632 καὶ
2399 1573 2710 1656 παραϐολὴν
2766 1579 2973 1641 αὐτοῖς.
3009 1576 3097 1646 Μή
3139 1596 3191 1631 τι
3221 1572 3434 1631 δύναται
3465 1570 3660 1653 τυφλὸς
3689 1568 3884 1650 τυφλὸν

489 1681 682 1727 caecus
704 1685 921 1728 caecum
945 1668 1396 1731 ducere?nonne
1412 1668 1655 1729 amboin
1671 1664 2132 1729 foveamcadent‘t

2231 1662 2450 1744 ὁδηγεῖν
2483 1684 2499 1745 ;
2546 1667 2684 1745 Οὗχὶ
2713 1664 3003 1746 ἀμφότεροι
3035 1666 3109 1729 εἰς
3137 1665 3354 1742 βόθυνον
3398 1663 3681 1721 πεσοῦνται
3717 1678 3734 1736 ;
3777 1661 3886 1717 Οὔκ

490 1752 616 1815 Non
639 1756 1066 1837 estdiscipulus
1083 1777 1262 1837 supra
1278 1759 1621 1837 magistrum
1647 1776 1844 1837 suum,
1854 1756 2132 1836 perfectut

2232 1753 2341 1811 ἔστι
2393 1756 2637 1831 μαθητής
2707 1753 2838 1831 ὖπὲρ
2883 1756 2975 1811 τὸν
3033 1750 3347 1810 διδάσκαλον
3404 1756 3585 1815 αὐτοῦ,
3663 1759 3883 1828 Κατ-ηρ-

489 1852 687 1904 ειιιεω
727 1846 920 1907 omnis
953 1847 1084 1911 erit.
1122 1848 1272 1909 sicut
1308 1848 1585 1926 mag'ster
1614 1847 1822 1927 ipsius.
1860 1843 2132 1907 nOmnen

2230 1843 2473 1921 τισμένος
2530 1842 2584 1900 δὲ
2650 1850 2755 1909 πᾶς
2807 1844 2955 1902 ἔσται
3025 1846 3099 1909 ὡς
3158 1846 3186 1900 6
3268 1841 3583 1906 διδάσκαλος
3633 1842 3813 1899 αὒτοῦ.
3854 1864 3879 1899 ε

490 1932 764 1995 morbum
789 1936 1097 1998 difﬁcilem
1123 1938 1196 1999 ab
1228 1937 1540 1999 animabus
1565 1937 1781 1998 nostris
1802 1954 2010 1998 amove
2040 1934 2132 1995 Do-

2232 1932 2594 2013 Παγχάλεπον
2650 1934 2862 2009 νόσημα
2890 1933 3176 2010 ἀποτέμνει
3247 1940 3354 1989 τῶν
3383 1932 3659 2012 ἡμετέρων
3688 1934 3885 2013 ψυχῶν

488 2021 712 2099 minus,
744 2025 1007 2087 radicem
1040 2027 1174 2089 dico
1206 2026 1535 2108 superbiae.
1567 2029 1713 2090 Nam
1739 2027 1838 2107 qui
1881 2024 2132 2106 seipsum

2228 2025 2256 2078 6
2318 2012 2528 2103 Κύριος,
2585 2024 2685 2092 τὴν
2740 2023 2881 2101 ῥίζαν
2939 2022 3082 2103 λέγω
3148 2027 3248 2091 τῆς
3318 2023 3632 2101 ὑπεροψίας,
3683 2012 3741 2078 ¹Ο
3782 2020 3883 2098 γάρ

487 2130 603 2174 non
635 2115 1000 2197 considerat,
1035 2128 1095 2179 et
1127 2118 1319 2179 solum
1358 2118 1605 2181 attendit
1634 2136 1731 2178 res
1765 2116 2043 2197 proximi,
2076 2114 2132 2175 il-

2228 2113 2306 2188 μὴ
2366 2114 2552 2169 ἑαυτὸν
2608 2114 3088 2195 ἐπισκεπτόμενος,
3161 2112 3299 2170 ἀλλὰ
3382 2114 3448 2169 τὰ
3504 2117 3598 2169 τοῦ
3654 2109 3883 2177 πλησίον

485 2200 688 2282 lasque
720 2212 917 2267 taxare
946 2207 1090 2280 vult,
1124 2215 1348 2269 certum
1384 2208 1541 2288 quod
1577 2206 1858 2287 superbia
1889 2205 2132 2287 capitur,

2226 2203 2388 2278 μόνον
2412 2205 2640 2284 ἐφορῶν,
2698 2204 2786 2260 καὶ
2859 2212 3025 2262 ταῦτα
3094 2204 3363 2281 μωμεύειν
3392 2203 3586 2283 θέλων,
3615 2197 3881 2280 πρόδηλον

486 2299 547 2351 et
575 2291 944 2356 obliviscitur
972 2295 1083 2356 sui.
1119 2294 1375 2359 Omnino
1407 2298 1564 2358 enim
1609 2297 1683 2357 de
1734 2315 1799 2357 se
1831 2296 1989 2377 quod
2023 2314 2132 2357 non

2224 2290 2305 2348 ὅτι
2335 2293 2595 2373 ὑπεροψίᾳ
2644 2292 2999 2371 ἁλισκόμενος
3064 2292 3285 2362 λέληθεν
3387 2292 3597 2357 ἑαυτόν.
3695 2289 3879 2348 Οἴεται

488 2390 697 2459 peccet
727 2384 928 2459 sentit,
961 2394 1019 2446 et
1049 2398 1370 2466 pr0pterea
1398 2386 1547 2447 alios
1580 2394 1897 2467 peccantes
1931 2403 2141 2465 repre-

486 2469 717 2532 hendit.
750 2469 936 2550 Igitur
964 2477 1014 2536 si
1046 2476 1126 2536 vis
1171 2475 1669 2538 incondemnatus
1700 2494 1856 2550 esse,
1882 2493 1958 2536 ne
1989 2493 2138 2535 con-

488 2559 738 2622 demnes
767 2562 936 2625 alios.
972 2565 1077 2627 Dic
1098 2566 1283 2642 enim,
1315 2584 1535 2647 quaeso.
1568 2584 1752 2647 quare
1774 2566 2143 2627 condemnas

489 2648 675 2711 alium
710 2660 771 2713 ut
799 2656 1279 2733 praevaricanlem
1314 2656 1542 2717 divinas
1588 2657 1800 2735 leges?
1830 2657 2046 2718 Annon
2083 2661 2141 2717 et

493 2746 552 2798 tu
574 2742 976 2819 praevaricaris
999 2744 1256 2807 divinam
1282 2745 1471 2825 legem
1497 2746 1526 2807 ?
1555 2745 1630 2809 Ut
1662 2756 1886 2808 taceam
1910 2746 1985 2806 de
2007 2744 2140 2806 aliis

488 2834 773 2912 peccatis,
797 2841 960 2895 certe
990 2834 1048 2895 in
1078 2834 1178 2896 illo
1200 2836 1327 2917 ipso
1360 2836 1515 2916 quod
1549 2836 1696 2898 alios
1722 2836 2137 2916 judicas,pec-

484 2934 582 2978 cas
600 2919 682 2979 5³.
718 2922 954 2984 Etenim
995 2923 1191 2986 divina
1220 2926 1316 2987 lex
1349 2925 1618 3006 praecipit
1649 2924 1754 2987 tibi
1789 2944 1865 2987 ue
1897 2924 2138 3005 judice:

2226 2383 2326 2462 γὰρ
2379 2383 2593 2447 πάντως
2652 2387 2770 2460 περὶ
2829 2386 3039 2462 ἑαυτοῦ,
3097 2384 3177 2440 ὅτι
3247 2386 3351 2463 οὐχ
3406 2382 3721 2463 ἁμαρτάνει.
3785 2381 3881 2438 Καὶ

2223 2471 2308 2530 διὰ
2355 2480 2524 2541 ,τοῦτο
2597 2475 2721 2537 τοῖρς
2776 2473 2970 2538 ἄλλους
3047 2474 3444 2554 ἁμαρτάνοντας
3504 2474 3754 2532 αἰτιᾶται.
3822 2471 3881 2527 Ei

2225 2564 2311 2619 οὖν
2369 2560 2539 2625 θέλεις
2612 2563 2966 2642 ἂκατάκριτος
2997 2563 3163 2641 εἶναι,
3208 2562 3289 2638 μὴ
3316 2561 3599 2640 κατάκρινε
3646 2560 3876 2640 ἑτέρως.

2224 2650 2351 2707 Εἰπέ
2410 2673 2501 2727 μοι
2568 2652 2668 2730 γὰρ
2730 2650 2867 2707 διατί
2922 2651 3255 2730 κατακρίνεις
3311 2648 3514 2729 ἕτερον,
3575 2653 3649 2713 ὡς
3698 2670 3877 2727 παρα-

2221 2737 2465 2796 ϐαίνοντα
2532 2741 2745 2804 πάντως
2775 2742 2898 2806 τοὺς
2923 2741 3090 2804 θείους
3119 2740 3313 2816 νόμους
3348 2759 3363 2814 ;
3399 2740 3472 2794 Σὺ
3503 2737 3558 2794 δὲ
3589 2739 3747 2801 αὐτὸς
3819 2739 3880 2794 οὗ

2220 2826 2565 2907 παραϐαίνεις
2621 2833 2769 2887 θεῖον
2833 2831 2995 2907 νόμον
3044 2849 3062 2906 ;
3135 2827 3359 2909 Ἀφὶημι
3413 2828 3467 2885 ὲν
3522 2839 3643 2892 ταῖς
3690 2824 3877 2888 ἄλλαις

2224 2918 2527 2997 ἁμαρτίαις,
2603 2917 2722 2976 ἀλλ’
2784 2920 2837 2976 ἐν
2895 2919 3039 2995 αὒτῷ
3087 2920 3259 2992 τούτῳ
3311 2925 3389 2992 τῷ
3416 2916 3611 2997 κρίνειν
3641 2914 3875 2994 ἐτέρους,

481 3006 826 3073 fratrem.Et
849 3011 930 3074 ita
953 3012 1127 3075 etiam
1156 3024 1213 3076 tu
1235 3005 1645 3095 praevaricaris
1669 3015 1883 3095 legem.
1909 3012 1980 3077 Et
2002 3033 2132 3076 cum

2222 3008 2436 3073 πάντως
2484 3010 2585 3089 γὰρ
2647 3009 2809 3085 νόμος
2837 3013 2984 3074 θεῖος
3030 3007 3389 3065 διακελεύεταί
3418 3028 3502 3064 σοι
3548 3006 3627 3082 μὴ
3679 3005 3875 3084 κρίνειν

481 3099 894 3177 praevaricator
922 3120 1009 3177 es,
1042 3123 1158 3166 non
1192 3104 1376 3166 debes
1399 3104 1675 3185 judicare
1690 3105 1871 3166 alium
1898 3113 1960 3166 ut
1982 3122 2132 3186 prae-

2220 3097 2313 3186 τὸν
2370 3095 2616 3186 ἀδελφόν
2668 3098 2807 3155 ὥστε
2878 3098 2968 3156 καὶ
3115 3096 3453 3178 παραϐαίνεις
3482 3097 3669 3172 νόμον,
3695 3101 3876 3172 Παρα-

480 3187 1169 3255 V'aricatoremJudicem
1188 3194 1346 3255 enim
1362 3184 1732 3275 snperiorem
1757 3211 1890 3255 esse
1907 3184 2132 3275 oportet

2222 3184 2389 3254 ϐάτης
2442 3185 2497 3244 δί
2555 3187 2653 3268 ὥν,
2722 3192 2817 3247 οὒκ
2873 3187 3100 3270 ὀφείλεις
3184 3186 3363 3268 ἕτερον
3392 3192 3587 3265 κρίνειν
3606 3186 3680 3249 ὡς
3706 3205 3878 3275 παρα.

482 3285 689 3374 natura
704 3291 1027 3374 peccante.
1065 3281 1320 3347 Remitte
1343 3274 1617 3364 igitur,et
1639 3274 1976 3347 remittetur
2006 3283 2132 3347 tibi:

2220 3275 2413 3346 ϐάτην.
2474 3276 2765 3358 Ἀνώτερον
2820 3278 2922 3357 γὰρ
2992 3278 3136 3335 εἶναι
3206 3275 3291 3335 δεῖ
3331 3277 3430 3345 τῆς
3465 3274 3875 3355 ἁμαρτανούσης

482 3367 578 3448 da,
610 3377 666 3430 et
686 3368 929 3433 dabitur
951 3372 1081 3437 tibi.
1104 3363 1445 3437 Mensuram
1465 3374 1626 3437 enim
1646 3374 2132 3456 bonam,confer—

2220 3368 2429 3449 φύσεως
2480 3370 2573 3426 τὸν
2644 3370 2855 3448 κριτήν.
2918 3366 3147 3425 Ἀπόλυε
3219 3368 3333 3442 οὗν,
3386 3368 3475 3424 καὶ
3531 3363 3875 3456 ἀπολυθήσῃο

480 3464 596 3518 tam
631 3468 689 3521 et
724 3478 1075 3524 concussam
1110 3464 1583 3527 etexuudantem
1608 3464 1833 3528 dabunt
1855 3454 1916 3527 in
1939 3464 2132 3528 sinum

2219 3457 2381 3541 δίδου,
2442 3461 2532 3517 καὶ
2590 3456 2871 3531 δοθήσεταί
2924 3480 3032 3524 σοι,
3108 3456 3313 3537 Μέτρον
3358 3458 3461 3537 γὰρ
3529 3454 3719 3529 καλὸν,
3769 3474 3876 3510 πε-

480 3556 762 3612 vestrum.
798 3551 929 3613 Non
962 3554 1119 3614 enim
1152 3572 1327 3635 parce
1349 3556 1663 3617 remetitur
1693 3556 2003 3630 Dominus,
2029 3555 2132 3618 sed

2217 3548 2505 3625 πιεσμένον
2560 3550 2650 3606 καὶ
2716 3548 3129 3625 σεσαλευμένον,
3214 3549 3308 3606 καὶ
3382 3547 3875 3627 ὑπερεκχυνόμενον

478 3636 784 3717 opulente.
830 3638 994 3702 Sicut
1023 3642 1205 3722 igitur
1241 3660 1557 3706 mensurus
1598 3645 1849 3707 farinam
1885 3645 2132 3726 promis,

2216 3636 2471 3697 δώσουσιν
2541 3641 2615 3706 εἷς
2661 3641 2755 3696 τὸν
2811 3638 3015 3698 κόλπον
3061 3640 3236 3716 ὑμῶν,
3294 3638 3368 3697 Ού
3396 3635 3874 3726 γὰρ-,φειδομένως

477 3729 771 3815 concutis,
796 3719 1223 3813 exundareque
1247 3733 1717 3815 facis,siquidem
1743 3719 1966 3815 absque
1991 3719 2131 3815 par-9

2216 3728 2526 3809 ἆντιμετρεῖ
2607 3733 2637 3787 6
2707 3730 2919 3810 Κύριος,
2973 3729 3111 3787 ἀλλὰ
3179 3727 3468 3794 πλουσίως.
3509 3719 3729 3803 υΩσετιτερ
3783 3728 3873 3784 οὖν

478 3814 740 3879 cimonia
760 3817 960 3879 metiri
989 3820 1113 3882 vis:
1150 3821 1232 3883 ita
1262 3830 1320 3883 et
1342 3814 1630 3884 Dominus
1653 3814 2132 3885 mensuramma-

2217 3817 2307 3874 ἐὰν
2389 3818 2595 3896 μέλλῃς
2665 3820 2950 3897 μετρήσειν
3000 3820 3168 3899 τυχὸν
3193 3818 3435 3898 ἄλευρον,
3491 3818 3689 3889 πιέζεις
3718 3820 3875 3874 τοῦτο

476 3922 652 3983 gnam
686 3916 744 3968 et
772 3908 1171 3972 exundantem
1205 3911 1368 3972 dabit
1415 3911 1542 3975 tibi.
1578 3912 1685 3974 llle
1717 3912 1869 3973 forte
1905 3912 2132 3973 acutior

2216 3910 2305 3964 καὶ
2361 3907 2622 3982 σαλεύεις,
2681 3909 2770 3964 καὶ
2825 3910 3241 3988 ὑπερεκχεῖσθιι
3293 3921 3497 3984 ποιεῖς,
3559 3907 3676 3986 εἴγε
3700 3905 3875 3969 θέλεις

479 3995 771 4075 quispiam
802 3998 1123 4081 quaesierit,
1150 4002 1449 4081 quomodo
1473 4014 1784 4083 postquam
1819 4000 1984 4072 dixit,
2007 4000 2132 4073 Qua

2216 3996 2365 4054 τοῦτο
2427 4003 2685 4078 μετρῆσαι
2752 4000 2921 4077 χωρὶς
2978 3995 3285 4077 φειδωλίας·
3346 3997 3486 4055 οὕτω
3540 3999 3629 4055 καὶ
3673 4000 3702 4054 6
3760 3997 3873 4055 Κὺ-

480 4100 757 4145 mensura
792 4085 1111 4165 metimini,
1139 4090 1460 4152 metientur
1485 4090 1650 4152 vobis
1673 4098 1732 4154 et
1753 4090 1878 4165 alii,
1910 4090 2129 4153 iterum

2216 4109 2325 4167 ριος
2385 4087 2575 4167 μέτρον
2662 4087 2801 4168 μέγα
2851 4089 2940 4145 καὶ
2994 4087 3488 4169 ὑπερεκχυνόμενον
3545 4086 3703 4169 eam
3760 4108 3872 4146 σοι.

479 4171 623 4264 dicit
642 4174 797 4255 quod
820 4194 1099 4241 mensura
1121 4181 1410 4245 exundet?
1431 4180 1491 4244 Si
1514 4182 1674 4243 enim
1700 4182 2132 4264 exundet,quo-

2216 4165 2497 4249 Ζητήσειεν
2531 4174 2577 4234 δ’
2625 4176 2687 4233 ἄν
2726 4165 2807 4239 τις
2838 4165 3107 4258 ὀξύτερος,
3137 4165 3253 4244 πῶνς
3297 4178 3461 4236 εἰπὼν
3487 4176 3568 4235 ὅτι
3600 4165 3665 4258 ἐξ
3694 4176 3874 4255 μέτρῳ

481 4263 658 4325 modo
686 4282 970 4329 mensura
992 4268 1116 4331 haec
1138 4271 1346 4332 eadem
1371 4271 1760 4334 est?Dicimus
1782 4263 1985 4353 itaque
2010 4263 2126 4334 non

2216 4283 2485 4346 μετρεῖτε,
2544 4268 3055 4347 ἀντιμετρηθήσεται
3102 4270 3260 4344 ύμῖν,
3328 4266 3488 4329 πάλιν
3560 4266 3731 4345 λέγει,
3789 4267 3870 4322 ὃτι

480 4370 614 4414 esse
644 4355 869 4417 dictum
891 4358 1045 4436 quod
1072 4368 1229 4421 tanta
1249 4379 1529 4424 mensura
1555 4362 1873 4425 metientur
1887 4362 2053 4424 vobis
2076 4372 2132 4425 et

2216 4357 2408 4438 μέτρον
2456 4358 2950 4438 ὑπερεκχυνόμενον
3006 4356 3291 4431 ⁵δώσουσιν
3350 4359 3425 4423 εἷς
3501 4358 3591 4415 τὸν
3668 4356 3871 4414 κόλπον

476 4442 598 4518 alii,
623 4443 727 4505 sed
756 4448 993 4512 eadem.
1025 4448 1331 4531 Siquidem
1367 4452 1614 4514 dixisset
1633 4460 1792 4515 tanta
1824 4470 2127 4530 mensura,

2216 4449 2361 4523 ὑμῶν
2405 4470 2423 4527 ς
2488 4451 2547 4505 Ei
2602 4449 2702 4527 γὰρ
2757 4448 3197 4528 ὑπερεκχύνεται,
3256 4454 3373 4512 πῶς
3415 4450 3480 4505 τὸ
3536 4447 3662 4503 αύνό
3709 4446 3870 4523 Ean;

479 4540 617 4595 tunc
650 4553 769 4595 non
800 4536 1090 4600 defuisset
1119 4540 1439 4603 difﬁcultas
1482 4550 1541 4604 et
1577 4542 1969 4605 contrarietas
1996 4561 2128 4604 ser-

2216 4537 2451 4619 Λέγομεν
2501 4538 2589 4595 οὖν
2621 4536 2702 4594 ὅτι
2732 4539 2828 4596 οὐκ
2870 4538 3021 4614 εἷπε,
3053 4539 3300 4614 Τοσούτῳ
3350 4537 3527 4617 μέτρῳ
3546 4536 3874 4616 ἀντιμετρη-

478 4623 661 4686 moni.
694 4625 867 4688 Nunc
887 4636 1084 4691 autem
1117 4649 1253 4691 cum
1278 4631 1485 4693 eadem
1517 4631 1751 4708 dixerit,
1783 4632 1955 4695 solvit
1978 4652 2128 4694 con-

2216 4617 2431 4699 θήσεται
2493 4630 2646 4705 ὑμῖν,
2703 4625 2861 4705 αλλὰ,
2897 4635 2973 4703 τῷ
3049 4628 3214 4701 αύτῷ.
3251 4628 3427 4704 Εἷμέν
3470 4628 3570 4707 γὰρ
3589 4630 3735 4707 εἶπε,
3772 4649 3871 4683 το·-

476 4714 869 4780 trarietatem.
903 4718 1235 4782 Licetenint
1262 4720 1405 4784 dare
1428 4723 1633 4788 eadem
1660 4741 1963 4800 mensura,
1988 4725 2129 4785 5M

472 4805 578 4866 sed
610 4824 728 4867 non
754 4815 938 4870 tanta.
964 4811 1091 4872 Hoc
1114 4812 1297 4891 igitur
1324 4812 1465 4875 dicit
1494 4813 1813 4877 Dominus:
1851 4813 1915 4877 Si
1949 4813 2131 4877 bene-

475 4894 987 4990 [eceri_s,beneiiet
1007 4899 1269 4990 tibi.Hoc
1291 4903 1454 4963 enim
1478 4911 1565 4964 est
1586 4903 1795 4965 eadem
1822 4923 2125 4967 mensura.

471 4982 880 5048 Exundantem
913 4996 1111 5051 autem
1133 4988 1468 5072 dicit,quod
1501 5011 1635 5053 cum
1662 4992 1847 5054 semel
1879 4993 2130 5057 benefe-

475 5074 993 5147 ceris,innumeris
1016 5079 1208 5141 modis
1228 5080 1336 5143 tibi
1358 5080 1814 5144 beneﬁet.Idem
1842 5091 1931 5144 est
1952 5085 2129 5147 etiam

472 5164 531 5224 in
563 5164 1084 5229 condemnatione.
1110 5167 1226 5243 Qui
1252 5170 1411 5232 enim
1438 5171 1797 5233 condemnat
1830 5179 1888 5235 et
1910 5172 2130 5237 deinde

472 5253 925 5331 condemnatur,
962 5258 1170 5319 eadem
1228 5278 1509 5322 mensura
1537 5260 1752 5342 recipit
1782 5282 1795 5324 :
1834 5270 2128 5341 quatenus

474 5352 668 5404 autem
687 5363 779 5405 am
790 5346 943 5426 plins
955 5348 1388 5411 condemnatur
1407 5351 1564 5432 quod
1577 5350 1834 5414 similem
1849 5353 2127 5415 condem-

474 5432 651 5508 narit,
686 5433 746 5494 in
774 5435 886 5496 hoc
931 5438 1239 5499 exundans
1281 5448 1371 5500 est
1405 5457 1708 5505 mensura.
1742 5438 1881 5504 Hec
1926 5451 2123 5505 autem

473 5520 619 5581 dixit
650 5523 939 5585 Dominus
977 5544 1012 5587 ε
1057 5529 1558 5592 condemnatione
1604 5549 1715 5593 nos
1771 5531 2121 5613 prohibens.

550 5685 607 5729 ³³
633 5688 813 5752 Rom.
847 5703 910 5766 Il,
943 5690 1004 5752 1.

2215 4721 2387 4794 σούτῳ
2433 4718 2635 4799 μέτρῳ,
2692 4718 2815 4775 τότε
2885 4717 2948 4775 ἄν
2978 4718 3108 4799 εἶχε
3138 4716 3449 4799 δυσχέρειαν
3494 4720 3585 4775 καὶ
3626 4716 3871 4775 ἐναντιό-

2210 4832 2349 4877 τητα
2419 4812 2449 4866 6
2496 4808 2682 4889 λόγος,
2752 4816 2855 4867 Νῦν
2902 4808 2980 4886 δὲ,
3039 4810 3118 4885 τῷ
3169 4812 3312 4884 αύτῷ
3369 4808 3556 4886 εἰπὼν,
3612 4805 3723 4865 λύει
3769 4806 3871 4875 τὴν

2212 4888 2585 4968 ἐναντιότητα,
2644 4888 2810 4956 ’Ἐστι
2863 4900 2964 4978 γὰρ
3021 4896 3329 4972 διδόναιτῷ
3373 4900 3515 4973 αύτῷ
3547 4897 3748 4979 μέτρῳ,
3806 4896 3869 4954 ού

2211 4992 2322 5067 μὴν
2382 4990 2640 5065 τοσούτῳ.
2700 4990 2865 5048 Τοῦτο
2942 4995 3065 5068 γοῦν
3153 4987 3299 5066 λέγει
3381 4990 3409 5045 6
3502 4989 3717 5069 Κύριος,
3788 4986 3870 5044 ὅτι

2213 5080 2605 5161 Εύεργέτησας,
2685 5081 3078 5159 εύεργετηθήσῃ
3128 5085 3285 5136 τοῦτο
3344 5080 3408 5136 τὸ
3462 5080 3590 5138 αὐτὸ
3647 5077 3868 5158 μέτρον,

2212 5172 2283 5231 Τὸ
2341 5169 2395 5227 δὲ
2442 5170 2960 5251 ὑπερεκχυνόμενον,
3021 5170 3102 5226 ὃτι
3162 5166 3513 5249 εὐεργέτης-ας
3558 5166 3721 5243 ἅπαξ,
3770 5189 3874 5245 μυ-

2210 5259 2532 5340 ριοπλασίως
2604 5261 3028 5340 εὒεργετηθώσῃ.
3083 5260 3155 5317 Τὸ
3234 5260 3362 5318 αύτό
3436 5261 3524 5316 καὶ
3610 5258 3696 5316 ἐπὶ
3766 5259 3870 5326 τῆς

2209 5354 2585 5431 κατακρίσεως.
2657 5343 2715 5408 ι0
2767 5351 2868 5431 γὰρ
2942 5349 3297 5430 κατακρίνων,
3361 5350 3488 5407 εἶτα
3543 5350 3869 5429 κατακρινό-

2210 5466 2391 5520 μενος,
2445 5450 2522 5518 τῷ
2564 5441 2710 5515 αὒτῷ
2738 5441 2917 5521 μέτρῳ
2946 5436 3345 5516 ἀντιλαμϐάνει·
3406 5441 3536 5496 καθό
3566 5437 3620 5495 δὲ
3674 5437 3870 5496 πλεῖον

2208 5535 2600 5614 κατακρίνεται,
2661 5531 2743 5588 ὅτι
2800 5533 2892 5588 τὸν
2944 5529 3127 5607 ὅμοιον
3182 5530 3479 5609 κατέκρινε,
3521 5530 3659 5588 κατὰ
3708 5539 3868 5589 τοῦτο
