4232 6396
353 361 467 425 777

358 498 846 579 ὑπερεκχυνομενόν
902 501 1014 558 ἐστι
1069 501 1131 556 τὸ
1188 498 1399 575 μέτρον.

358 588 385 642 ὁ
436 584 652 663 Κύριος,
709 591 796 647 καὶ
852 588 1092 654 κωλύσας
1137 589 1283 663 ἡμᾶς
1340 587 1446 643 ἀπὸ
1504 594 1595 644 τοῦ
1647 588 1997 666 κατακρίνειν,

352 674 491 754 λέγει
547 678 635 734 καὶ
692 676 1002 756 παραϐολὴν
1068 680 1228 754 ἡμῖν,
1313 675 1580 733 τουτέστιν
1676 674 1997 755 ὑπόδειγμα.

354 765 480 821 Εἰπέ
551 788 640 840 μοι
698 768 820 846 γὰρ,
868 767 1051 847 φησὶν,
1110 767 1139 821 ὁ
1195 763 1373 844 ἕτερον
1427 766 1638 843 κρίνων,
1702 767 1790 821 καὶ
1844 767 2001 829 αὐτὸς

349 855 414 910 τὰ
470 857 601 914 αὐτὰ
654 855 996 936 ἁμαρτάνων,
1058 856 1151 911 οὐκ
1204 852 1381 917 ἔοικας
1436 852 1617 933 τυφλῷ
1670 851 1862 933 τυφλόν
1907 852 1999 909 ὁδ-

348 945 562 1020 ηγοῦντι
612 947 719 1020 ;Εί
789 945 890 1022 γὰρ
943 946 1035 1000 τὸν
1100 942 1275 1020 ἕτερον
1336 942 1553 1021 κρίνεις,
1600 943 1754 1005 αὐτὸς
1796 939 1851 996 δὲ
1879 953 1997 1005 τοῖς

349 1035 529 1098 αὐτοῖς
584 1034 942 1112 περιπίπτεις,
1056 1031 1345 1113 ἀμφότεροι
1424 1029 1630 1111 τυφλοί·
1682 1031 1769 1087 καὶ
1825 1028 2002 1094 δοκεῖς

346 1122 445 1195 μὲν
506 1120 725 1199 ὁδηγεῖν
784 1129 990 1180 ἐκεῖνον
1048 1123 1135 1178 ἰπὶ
1203 1122 1265 1178 τὸ
1322 1119 1488 1178 καλὸν
1558 1117 1642 1175 διὰ
1694 1126 1787 1175 τοῦ
1830 1141 2001 1175 κατα-

344 1211 557 1288 κρίνειν,
618 1217 721 1294 οὖχ
777 1210 994 1291 ὀδηγεϊς
1026 1209 1102 1271 δέ.
1139 1215 1259 1277 Πῶς
1290 1212 1391 1290 γὰρ
1448 1213 1596 1268 ἔσται
1642 1209 1847 1273 ἐκεῖνος
1917 1207 2003 1269 ἐπὶ

342 1302 406 1355 τὸ
462 1299 624 1358 καλὸν
683 1300 1039 1380 ὁδηγούμενος
1082 1302 1185 1357 ὑπὸ
1217 1308 1331 1381 σοῦ,
1373 1298 1497 1356 ὅταν
1527 1298 1615 1355 καὶ
1667 1298 1729 1353 σὺ
1759 1297 1999 1375 πταίῃςς

266 1424 287 1441 ε
343 1393 451 1449 Οὐκ
533 1388 643 1446 ἔστι
704 1392 804 1469 γὰρ
871 1390 1113 1466 μαθητὴς
1154 1390 1283 1466 ὑπὲρ
1311 1390 1402 1445 τὸν
1434 1384 1772 1446 διδάσκαλον.
1820 1388 1878 1443 Εἰ
1908 1387 1997 1443 οὗν

341 1479 404 1534 σὺ
461 1482 489 1535 ὁ
545 1477 856 1545 διδάσκαλος
914 1476 1080 1536 δοκῶν
1111 1481 1199 1535 καὶ
1227 1476 1444 1557 ὀδηγός,
1505 1477 1734 1555 πταίεις,
1778 1476 1991 1557 πάντως

338 1589 437 1624 που
494 1570 581 1625 καὶ
652 1571 680 1625 ὃ
750 1568 1177 1644 μαθητευόμενος
1234 1569 1322 1625 καὶ
1393 1565 1770 1644 ὁδηγούμενος.
1802 1556 1860 1622 Ὀ
1890 1565 1990 1644 γὰρ

336 1657 757 1737 κατηρτισμένος
842 1658 1114 1734 μαθητὴς,
1194 1655 1434 1714 τουτέστι
1546 1652 1984 1734 τετελειωμένος,

336 1743 484 1802 ἔσται
537 1748 610 1810 ὡς
671 1743 981 1809 διδάσκαλος
1040 1744 1220 1806 αὐτοῦ.
1284 1751 1458 1802 Ταῦτα
1526 1747 1649 1800 εἶπε
1672 1820 1679 1825 θ
1706 1743 1823 1820 περὶ
1897 1745 1988 1799 τοῦ

1084 366 1529 432 ENARRATIO
1570 366 1654 431 IN
1702 364 2210 433 EVANGELIUM
2258 368 2498 433 LUC/E.
2546 402 2625 414 —
2670 371 2835 435 CAP.
2882 373 2986 438 VI.

1496 504 1669 556 Ταῦτα
1737 496 1792 553 δὲ
1850 500 1978 556 εἰπὼ

2063 496 2245 591 ,picit
2273 508 2469 591 autem
2488 510 2544 562 et
2565 500 2900 582 parabolam
2928 503 3243 587 nobis,hoc
3266 515 3356 569 est
3376 510 3740 591 exemplum.

3625 376 3747 443 778

2084 585 2189 649 Dic
2220 590 3075 673 enim,quaeso,inquit,nonne
3105 585 3358 656 alterum
3378 585 3661 675 judicans
3683 609 3743 661 et

2086 675 2214 755 ipse
2246 677 2454 739 eadem
2491 696 2770 762 peccans,
2797 689 3179 761 comparatus
3209 700 3274 744 es
3323 703 3479 747 caeco
3512 705 3737 749 caecum

2082 762 2355 854 ducenti?
2386 765 2535 828 Nam
2565 768 2615 828 si
2645 769 2825 830 alium
2859 770 3250 846 condemnas,
3279 780 3339 834 et
3369 773 3500 854 ipse
3537 776 3598 836 in
3631 794 3737 837 ea-

2082 851 2216 915 dem
2251 854 2471 918 incidis
2504 860 3012 939 peccata,utrique
3047 860 3184 922 caeci
3213 861 3355 922 estis
3384 851 3408 924 ε’
3429 871 3487 925 et
3514 863 3737 928 videris

2082 942 2321 1022 quidem
2352 943 2438 1005 illi
2466 945 2580 1006 dux
2611 964 2744 1007 esse
2772 947 2844 1007 ad
2879 948 3122 1023 bonum,
3166 967 3235 1010 eo
3260 951 3417 1030 quod
3448 953 3736 1014 condem-

2085 1049 2192 1091 nas
2228 1051 2242 1092 :
2276 1051 2393 1094 non
2426 1042 2513 1095 est
2541 1043 2737 1095 autem
2770 1035 2908 1098 dux.
2949 1036 3257 1108 Quomodo
3293 1040 3453 1101 enim
3479 1041 3580 1103 ille
3614 1061 3648 1103 a
3677 1050 3736 1104 te

2085 1119 2158 1181 ad
2190 1118 2409 1182 bonum
2458 1121 2800 1198 inducetur,
2835 1143 2971 1186 cum
3003 1134 3059 1186 et
3094 1132 3155 1186 tu
3184 1125 3401 1189 labaris
3424 1128 3455 1189 ?
3485 1128 3613 1191 Non
3645 1139 3736 1192 est

2086 1210 2242 1270 enim
2276 1210 2602 1290 discipulus
2643 1231 2825 1292 super
2876 1215 3221 1291 magistrum
3251 1217 3335 1277 34.
3368 1215 3430 1279 Si
3463 1218 3642 1297 igitur
3671 1228 3731 1282 tu

2086 1297 2186 1378 qui
2221 1298 2437 1359 videris
2461 1318 2593 1361 esse
2630 1301 2917 1381 magister
2944 1303 3162 1377 etdux,
3198 1302 3418 1367 laberis
3450 1306 3731 1370 omnibus

2087 1387 2278 1449 modis
2301 1387 2469 1449 cadet
2489 1390 2665 1450 etiam
2693 1390 2793 1471 qui
2816 1389 3064 1452 docetur
3092 1410 3161 1452 ac
3190 1392 3732 1457 ducitur.Elabora-

2076 1484 2167 1537 tus
2190 1477 2350 1538 enim
2383 1477 2731 1557 discipulus,
2783 1480 2895 1541 hoc
2954 1487 3048 1542 est
3076 1480 3396 1561 perfectus,
3433 1484 3549 1545 erit
3578 1487 3731 1547 sicut

2074 1565 2355 1644 magister
2383 1566 2860 1646 ejusHaacdicit
2890 1569 3069 1632 etiam
3098 1578 3161 1631 ut
3198 1589 3277 1632 ne
3311 1572 3726 1635 condemnen-

2074 1663 2168 1714 tur
2197 1653 2257 1714 bi
2289 1653 2391 1735 qui
2425 1663 2561 1717 sunt
2590 1655 2909 1719 inferiores
2939 1657 3134 1739 nobis,
3161 1659 3212 1720 si
3251 1660 3562 1723 videantur
3580 1680 3724 1742 pec—

2071 1743 2452 1805 care.Subdit
2472 1762 2708 1824 quoque
2732 1752 2791 1805 et
2819 1745 2978 1807 aliud
3001 1746 3274 1826 ejusdem
3305 1751 3661 1827 argumenti.

340 1834 419 1906 μὴ
446 1831 560 1892 δεῖν
588 1836 921 1913 κατακρίνειν
949 1834 1073 1899 τοὺς
1105 1831 1505 1910 ὑποδεεστέρους
1562 1833 1741 1907 ἡμῶν,
1798 1830 1885 1886 καὶ
1937 1828 2219 1895 δοκοῦντας
2286 1831 2630 1910 ἁμαρτάνειν,
2684 1834 2907 1912 Ἐπάγει
2962 1833 3014 1891 δὲ
3066 1837 3153 1891 καὶ
3196 1836 3348 1913 ἕτερα
3403 1839 3500 1905 τῆς
3558 1841 3723 1907 αὑτῆς

334 1921 659 1988 ὑποθέσεως.

417 2033 442 2067 ι
519 2012 579 2070 Τί
606 2010 661 2069 δὲ
703 2010 919 2089 βλέπεις
949 2013 1011 2070 τὸ
1036 2012 1259 2093 κάρφος,
1290 2013 1351 2067 τὸ
1394 2010 1449 2067 ἐν
1477 2016 1555 2084 τῷ
1609 2007 1862 2089 ὀφθαλμῷ
1892 2014 1978 2065 τοῦ

2152 2008 2558 2073 νειιε.41-45.
2588 2009 2738 2083 Quid
2760 2018 2956 2073 autem
2975 2010 3139 2074 vides
3156 2012 3441 2076 festucam
3465 2016 3526 2077 in
3548 2018 3720 2079 oculo

328 2097 555 2181 ἆδελφοῦ
610 2123 725 2176 σου,
781 2103 879 2171 τὴν
950 2100 1005 2158 δὲ
1035 2101 1188 2159 δοκὸν
1230 2102 1326 2169 τὴν
1355 2100 1410 2157 ἐν
1452 2106 1530 2175 τῷ
1567 2097 1681 2175 ἰδίῳ
1722 2096 1978 2179 ὀφθαλμῷ

329 2192 391 2247 οὗ
442 2205 728 2254 κατανοεῖς
775 2211 793 2264 ;
856 2182 942 2249 ’Ἡ
1018 2198 1132 2256 πῶς
1190 2188 1405 2247 δύνασαι
1447 2187 1622 2267 λέγειν
1663 2192 1741 2260 τῷ
1769 2184 1978 2265 ἀδελφῷ

328 2300 445 2353 σου,
505 2277 747 2360 Ἀδελφέ,
818 2279 947 2360 ἄφες
1002 2277 1215 2338 ἒκϐάλω
1269 2280 1330 2336 τὸ
1381 2278 1600 2358 κὰρφος,
1673 2278 1735 2333 τὸ
1779 2275 1833 2331 ἒν
1902 2282 1978 2350 τῷ

326 2366 583 2447 ὀφθαλμῷ
637 2391 752 2443 σου,
815 2372 967 2436 αὐτὸς
1019 2370 1120 2438 τὴν
1151 2368 1204 2425 ἐν
1246 2372 1325 2441 τῷ
1373 2366 1630 2441 ὀφθαλμῷ
1679 2388 1773 2424 σου
1822 2363 1977 2420 δοκὸν

323 2457 387 2513 οὒ
442 2456 696 2536 βλέπων,
754 2451 1063 2539 Ὺποκριτὰ,
1118 2455 1307 2515 ἔκϐαλε
1349 2463 1557 2536 πρῶτον
1585 2456 1687 2523 τὴν
1734 2452 1888 2510 δοκὸν
1918 2453 1977 2509 ἐκ

323 2555 418 2605 τοῦ
472 2546 741 2626 ὀφθαλμοῦ
799 2570 914 2628 σου,
972 2549 1059 2605 καὶ
1120 2547 1240 2604 τότε
1270 2543 1573 2621 διαϐλέψεις
1616 2540 1866 2600 ἐκϐαλεῖν
1916 2543 1977 2598 τὸ

324 2635 522 2716 κάρφος
577 2638 640 2692 τὸ
695 2637 751 2693 ἐν
814 2644 891 2713 τῷ
920 2634 1175 2717 ὀφθαλμῷ
1202 2643 1295 2694 τοῦ
1323 2632 1550 2715 ἀδελφοῦ
1592 2655 1712 2695 σου.
1757 2630 1830 2689 Οὒ
1876 2631 1977 2709 γὰρ

324 2723 435 2781 ἐστι
487 2722 692 2805 δένδρον
738 2725 927 2807 καλὸν,
980 2732 1166 2783 ποιοῦν
1236 2726 1439 2804 καρπὸν
1522 2723 1745 2807 σαπρὸν,
1858 2717 1974 2776 οὐδὲ

323 2810 529 2871 δένόδον
598 2801 821 2894 σαπρὸν,
855 2801 1038 2872 πόιοῦν
1075 2815 1276 2894 καρπὸν
1310 2801 1498 2873 καλόν.
1549 2801 1831 2868 ’Ἕκαστον
1873 2809 1973 2888 γὰρ

324 2900 528 2981 δένδρον
584 2902 645 2961 ἐκ
712 2910 802 2961 τοῦ
844 2903 970 2961 ἰδίου
1010 2910 1215 2975 καρποῦ
1258 2901 1601 2981 γινώσκεται.
1648 2901 1721 2957 Οὒ
1749 2898 1849 2977 γὰρ
1920 2896 1973 2962 ἐξ

326 2991 562 3047 ἀκανθῶν
631 2990 940 3071 συλλέγουσι
1013 2999 1168 3072 σῦκα,
1227 2988 1343 3048 οὖδέ
1417 2988 1476 3045 ὲκ
1531 2988 1693 3064 βάτου
1743 2989 1972 3065 τρυγῶσι

329 3078 615 3159 σταφυλήν.
678 3072 737 3140 Ὀ
793 3082 986 3161 ἀγαθὸς
1045 3080 1317 3159 ἄνθρωπος
1374 3078 1435 3135 ἐκ
1476 3085 1567 3134 τοῦ
1617 3076 1816 3154 ἀγαθοῦ
1869 3078 1974 3141 θη-

325 3171 516 3245 σαυροῦ
562 3175 663 3238 τῆς
720 3169 932 3249 καρδίας
1002 3170 1161 3227 αὐτοῦ
1228 3168 1475 3249 προφέρει
1518 3168 1580 3222 τὸ
1633 3164 1851 3243 ἀγαθόν’
1886 3164 1976 3219 καὶ

322 3260 352 3314 ὁ
408 3261 639 3337 πονηρὸς
708 3257 977 3335 ἅνθρωπος
1035 3259 1097 3316 ἐκ
1151 3266 1245 3315 τοῦ
1300 3262 1539 3335 πονηροῦ
1584 3258 1848 3329 θησαυροῦ
1873 3257 1972 3319 τῆς

2060 2098 2257 2160 fratris
2291 2099 2632 2173 tui,trabem
2665 2107 2868 2162 autem
2898 2102 3106 2181 quaein
3129 2102 3303 2164 oculo
3326 2105 3568 2184 proprio
3591 2114 3715 2183 tuo,

2062 2207 2180 2250 non
2199 2189 2774 2253 animadvertis?Aut
2800 2191 3099 2269 quomodo
3133 2199 3303 2269 potes
3334 2192 3537 2255 dicere
3552 2194 3718 2257 fratri

2063 2278 2826 2359 tuo:Frates,sine,ejiciam
2854 2279 3141 2340 festucam
3161 2298 3295 2360 quae
3324 2282 3379 2342 in
3413 2282 3586 2343 oculo
3616 2292 3717 2346 tuo

2061 2368 2313 2447 est,ipse
2334 2368 2391 2427 in
2411 2367 2580 2429 oculo
2598 2377 2694 2429 tuo
2721 2368 2947 2429 trabem
2971 2388 3090 2430 non
3117 2368 3354 2432 videns?
3372 2371 3713 2451 Hypocrita,

2062 2455 2213 2533 ejice
2238 2455 2491 2536 primum
2523 2455 2753 2518 trabem
2784 2475 2854 2518 ex
2886 2458 3057 2518 oculo
3091 2465 3215 2536 tuo,
3249 2470 3307 2518 et
3330 2466 3468 2520 tunc
3492 2461 3720 2542 perspi-

2060 2544 2181 2605 cies
2199 2555 2260 2605 ut
2282 2544 2487 2622 ejicias
2517 2545 2800 2607 festucam
2829 2564 2959 2625 quae
2986 2552 3077 2606 est
3098 2546 3154 2605 in
3176 2547 3349 2608 oculo
3377 2546 3577 2609 fratris
3602 2551 3711 2613 tui.

2058 2632 2186 2695 Non
2209 2643 2298 2693 est
2315 2635 2473 2694 enim
2498 2634 2676 2695 arbor
2707 2634 2862 2695 bona
2881 2653 3013 2715 quae
3036 2634 3173 2697 facit
3190 2636 3442 2697 fructum
3469 2638 3711 2700 malum:

2061 2740 2253 2803 neque
2274 2721 2453 2784 arbor
2479 2723 2632 2784 mala
2651 2723 2879 2786 faciens
2903 2723 3155 2785 fructum
3179 2723 3716 2808 bonum.Unaquaa-

2057 2830 2175 2891 que
2207 2810 2367 2872 enim
2398 2811 2578 2873 arbor
2610 2832 2677 2874 ex
2708 2812 2902 2876 fructu
2954 2831 3060 2874 suo
3110 2815 3475 2893 agnoscitur.
3512 2814 3719 2897 Neque

2056 2901 2213 2962 enim
2248 2918 2281 2961 e
2311 2900 2501 2981 spinis
2524 2900 2809 2981 colligunt
2842 2902 3009 2968 ficus.
3045 2920 3237 2982 neque
3269 2921 3302 2963 e
3329 2902 3479 2965 rubo
3500 2904 3717 2968 vinde-

2058 2988 2244 3049 miant
2275 3009 2468 3053 uvam.
2493 2991 2693 3051 Bonus
2715 2991 2893 3051 homo
2918 3009 2990 3052 ex
3021 2990 3177 3051 bono
3200 2990 3485 3053 thesauro
3518 2995 3716 3057 cordis

2056 3078 2146 3138 sui
2167 3078 2720 3157 profertbonum,et
2743 3079 2931 3140 malus
2961 3081 3139 3140 homo
3171 3098 3243 3140 ex
3264 3079 3419 3141 malo
3439 3081 3717 3145 thesauro

2057 3166 2256 3228 cordis
2280 3168 2373 3230 sui
2401 3167 2629 3248 profert
2648 3166 2980 3229 malum.Ex
3002 3167 3318 3229 abundatio
3336 3170 3493 3230 enim
3515 3171 3717 3233 cordis

2059 3255 2399 3335 loquituros
2417 3257 2568 3335 ejus.
2603 3280 2630 3311 ι
2667 3254 2818 3327 Quid
2839 3266 3038 3317 autem
3063 3255 3245 3335 vides,
3277 3256 3488 3338 inquit,
3524 3259 3713 3321 festu-

318 3345 532 3426 καρδίας
602 3350 759 3405 αὐτοῦ
812 3348 1059 3428 προφέρει
1126 3349 1190 3404 τὸ
1245 3346 1504 3425 πονηρόν.
1568 3343 1666 3401 Ἐκ
1723 3343 1823 3420 γὰρ
1881 3343 1974 3397 τοῦ

2063 3344 2332 3420 cam,boc
2364 3354 2474 3420 est,
2503 3363 2745 3424 parvum
2777 3352 3081 3425 peccatum
3114 3343 3313 3406 fratris
3342 3346 3449 3420 tui,
3482 3347 3710 3409 trabem

317 3438 737 3516 περισσεύμανος
792 3442 890 3505 τῆς
960 3435 1175 3517 καρδίας
1215 3435 1374 3494 λιλετ
1403 3436 1465 3492 τὸ
1524 3434 1697 3509 στόμα
1724 3432 1901 3493 άῦτοῦ.
1940 3452 1965 3488 ε

316 3526 382 3583 Τί
448 3525 686 3606 βλέπεις,
758 3527 909 3608 φησὶ,
967 3528 1027 3583 τὸ
1084 3527 1305 3607 κὰρφος,
1377 3523 1637 3596 τουτέστι,
1670 3522 1729 3577 τὸ
1780 3521 1968 3599 μικρὸν

313 3615 612 3692 ἁμάρτημα
666 3623 759 3674 τοῦ
815 3614 1039 3696 ἀδελφοῦ
1094 3637 1210 3690 σου,
1271 3616 1370 3684 τὴν
1398 3615 1454 3670 δὲ
1484 3610 1661 3685 δοκὸν,
1712 3610 1773 3667 τὸ
1830 3608 1970 3687 μέγα

311 3704 609 3785 ἅμάρτημα
679 3708 739 3763 τὸ
804 3708 897 3763 σὸν
954 3710 1014 3766 οὒ
1062 3719 1396 3782 κατανοετς;
1449 3710 1615 3762 Τοῦτο
1647 3699 1702 3757 δὲ
1746 3701 1966 3779 ἁρμόζει

307 3797 403 3852 καὶ
474 3797 605 3876 πρὸς
662 3796 862 3856 πάντας
934 3795 1057 3875 μὲν,
1086 3794 1320 3872 μάλιστα
1362 3793 1417 3850 δὲ
1446 3795 1578 3873 πρὸς
1626 3787 1968 3853 διδασκάλους

308 3886 406 3942 καὶ
476 3885 767 3966 ἄρχοντας,
813 3883 868 3942 οἵ
896 3887 962 3944 τὰ
992 3885 1088 3962 μὲν
1117 3888 1223 3942 τῶν
1253 3887 1356 3941 ὑπὸ
1387 3897 1554 3965 χεῖρα
1580 3880 1963 3959 ἁμαρτήματα,

307 3975 405 4031 καὶ
477 3976 639 4053 μικρᾶ
704 3973 829 4031 ὄντα
881 3972 1190 4051 κολάζουσι,
1225 3975 1292 4030 τὰ
1320 3972 1375 4030 δὲ
1406 3976 1601 4044 οἰκεῖα,
1633 3969 1732 4027 κᾶν
1762 3966 1969 4045 μεγάλα

306 4066 467 4143 ὦσιν,
521 4063 680 4121 ἐῶσιν
734 4061 1029 4125 ἀκόλαστα.
1100 4065 1197 4119 Λιὸ
1258 4065 1345 4119 καὶ
1400 4059 1684 4139 ὑποκριτὰς
1753 4054 1968 4120 τούτους

304 4152 478 4211 καλεῖ
532 4155 561 4210 ὁ
614 4154 826 4234 Κύριος,
869 4155 944 4218 ὡς
986 4151 1119 4210 ἄλλο
1148 4151 1244 4229 μὲν
1275 4149 1645 4233 φαινομένους,
1696 4146 1757 4203 ἐκ
1783 4152 1875 4203 τοῦ
1902 4145 1970 4201 τὰ

304 4247 422 4298 τῶν
478 4239 655 4299 ἄλλων
726 4243 1081 4321 ὑμαρτήματα
1165 4238 1429 4315 κολάζειν,
1513 4238 1785 4320 φαίνονται
1868 4235 1969 4312 γὰρ

303 4330 529 4406 δίκαιοι,
601 4330 732 4388 ἄλλο
803 4328 858 4387 δὲ
914 4328 1093 4405 ὄντας,
1156 4332 1217 4387 ὲκ
1270 4334 1363 4386 τοῦ
1432 4329 1519 4385 καὶ
1579 4326 1767 4387 αὐτοὺς
1798 4323 1968 4403 χείρω

302 4420 656 4498 ἁμαρτάνειν,
718 4419 857 4477 Εἶτα
913 4419 1002 4475 καὶ
1071 4418 1177 4475 ἀπὸ
1232 4414 1613 4495 ὑποδείγματος
1688 4420 1965 4498 πιστοῦται

300 4497 438 4566 τὸνί
472 4507 632 4586 λόγον
687 4509 865 4569 αὑτοῦ.
904 4501 1130 4587 ’Ὥσπερ
1158 4508 1284 4585 γὰρ,
1328 4506 1512 4585 φησὶν,
1556 4507 1652 4561 οὒκ
1693 4502 1809 4558 ἔστι
1842 4497 1965 4556 δέν-

297 4597 431 4677 δρον
510 4596 700 4669 καλὸν,
753 4603 936 4654 ποιοῦν
993 4597 1198 4674 καρπὸν
1233 4596 1458 4670 σαπρὸν,
1491 4590 1606 4653 οὐδὲ
1636 4588 1845 4677 δένδρον
1871 4610 1966 4645 σα-

295 4689 468 4765 πρὸν,

2055 3440 2559 3511 autem,magnum
2593 3444 2898 3514 peccatum
2930 3441 3247 3507 tuum,non
3278 3434 3570 3496 advertis?
3587 3435 3713 3499 Hoc

2053 3530 2249 3582 autem
2275 3522 2553 3584 omnibus
2580 3523 2696 3584 dici
2729 3530 2944 3602 potest,
2978 3530 3036 3583 et
3067 3522 3322 3584 maxime
3367 3523 3713 3587 doctoribus

2054 3619 2111 3671 et
2133 3611 2526 3692 principibus,
2561 3610 2664 3691 qui
2714 3610 3089 3673 subditorum
3139 3619 3381 3691 peccata
3439 3616 3710 3693 quamvis

2054 3717 2231 3778 parva
2259 3699 2511 3780 puniunt
2546 3718 2689 3762 -sua
2719 3712 2916 3761 autem
2944 3699 3119 3761 etiam
3148 3701 3711 3782 maximaimpunita

2052 3787 2272 3849 sinunt.
2302 3789 2530 3851 Idcirco
2564 3788 2701 3849 illos
2731 3797 2790 3851 et
2820 3789 3151 3868 bypocritas
3200 3796 3366 3850 vocat
3394 3790 3704 3853 Dominus.

2053 3874 2204 3937 Sunt
2234 3877 2337 3937 alii
2360 3878 2603 3958 quidem
2627 3877 3152 3957 apparentes,dum
3178 3877 3425 3939 aliorum
3465 3891 3709 3960 peccata

2053 3966 2347 4045 puniunt:
2385 3968 2443 4028 in
2475 3967 2586 4028 hoc
2617 3968 2775 4028 enim
2803 3966 2952 4045 justi
2998 3975 3305 4047 apparent.
3338 3966 3456 4029 Alii
3505 3978 3702 4031 autem

2053 4063 2188 4115 sunt
2234 4075 2304 4117 ex
2354 4075 2423 4118 eo
2468 4056 2624 4137 quod
2656 4063 2715 4117 et
2746 4056 2858 4135 ipsi
2886 4055 3122 4134 gravius
3166 4065 3438 4135 peccent.
3492 4059 3708 4121 Postea

2052 4141 2587 4223 etiametexemplo
2605 4143 2916 4204 conﬁrmat
2939 4160 3277 4203 sermonem
3310 4142 3701 4221 suum.Sicut,

2050 4229 2268 4312 inquit,
2301 4250 2419 4292 non
2443 4238 2534 4293 est
2562 4230 2741 4292 arbor
2765 4230 2920 4292 bona
2948 4249 3083 4311 quae
3109 4231 3252 4292 facit
3297 4231 3554 4293 fructum
3589 4252 3703 4314 pu-

2052 4327 2429 4401 trem,neque
2451 4319 2629 4381 arbor
2652 4318 2841 4398 putris
2858 4338 2990 4399 quae
3010 4319 3150 4380 facit
3170 4320 3426 4382 fructum
3450 4320 3698 4385 bonum:

2048 4407 2130 4469 ita
2152 4417 2210 4469 et
2236 4411 2339 4490 qui
2369 4408 2515 4470 alios
2545 4408 2832 4485 castigare
2857 4416 2914 4469 et
2942 4408 3266 4487 corrigere,
3302 4418 3359 4469 et
3378 4410 3451 4470 ad
3476 4409 3700 4472 bonum

2047 4498 2189 4559 διδ
2219 4498 2540 4559 transferre
2562 4503 2831 4566 attentat.
2871 4515 2987 4557 non
3020 4496 3195 4556 fuerit
3224 4497 3415 4559 malus
3449 4516 3462 4559 :
3496 4498 3547 4559 si
3586 4516 3699 4559 au-

2050 4598 2168 4651 tem
2202 4587 2391 4649 malus
2420 4586 2620 4666 fuerit,
2646 4584 2793 4646 alios
2825 4603 2946 4645 non
2975 4583 3153 4646 faciet
3175 4583 3700 4647 meliores.Unius-

562 4694 742 4743 ποιοῦν
800 4687 1002 4763 καρπὸν
1032 4683 1216 4759 καλὸν,
1253 4682 1392 4739 οὕτω
1420 4684 1508 4739 καὶ
1537 4684 1566 4738 ὁ
1595 4682 1717 4744 τοὺς
1767 4676 1960 4742 ἄλλους

2063 4679 2330 4757 :ujusque
2353 4675 2511 4736 enim
2545 4692 2650 4735 cor
2668 4674 2980 4765 thesaurus
3002 4673 3244 4765 estzetsi
3273 4674 3698 4765 quidemibona

295 4760 648 4856 σῶφρονίζειν
672 4762 675 4765 Δ
702 4777 790 4832 καὶ
866 4760 1188 4855 διορθοῦσθαι
1278 4772 1568 4853 ἐπιχειρῶν
1822 4787 1959 4862 μετ-

2063 4766 2278 4841 iabeat.
2313 4766 2486 4826 etiam
2513 4764 2690 4825 homo
2718 4763 3049 4862 bonus_est,
3085 4769 3143 4822 et
3172 4760 3328 4862 bona
3372 4762 3643 4862 loquitur
3677 4785 3691 4827 :

294 4851 458 4943 the};
486 4866 572 4924 ἐπὶ
600 4868 662 4923 τὸ
704 4864 933 4943 βέλτιον,
952 4851 1143 4953 νοῦκᾶν
1171 4862 1264 4929 εἴη
1295 4851 1552 4941 πονηρὸς,
1583 4862 1627 4916 εἰ
1655 4859 1709 4915 δὲ
1725 4857 1960 4953 πονηρδς

2063 4855 2135 4916 ιίιι
2156 4874 2296 4918 vero
2312 4854 2481 4915 malis
2502 4872 2607 4914 cor
2626 4853 2869 4933 plenum
2901 4851 3283 4953 fuerit,e_tiam
3303 4851 3482 4912 homo
3505 4852 3694 4953 malus

296 4938 424 5027 εἵη,
502 4958 594 5014 οὒκ
648 4938 713 5012 ἄν
776 4938 982 5034 ἑτέρους
1051 4951 1287 5029 βελτίους
1370 4938 1676 5031 ἐργάσαιτο.
1738 4938 1830 5034 ἨΔ
1859 4948 1960 5024 γὰρ

2063 4954 2221 5025 :st,et
2245 4944 2398 5004 mala
2421 4943 2884 5034 loquitur.l’ote_s
2913 4949 3108 5034 autem
3142 4939 3268 5000 haec
3302 4941 3454 5001 etde
3488 4941 3692 5034 Pbari-

296 5045 533 5103 ἑκάστου
613 5042 797 5123 καρδία
847 5032 1109 5122 θησαυρός
1140 5042 1277 5119 ἐστι,
1323 5039 1420 5097 κᾶν
1451 5040 1549 5116 μὲν
1611 5037 1781 5115 ἁγαθὰ
1822 5032 1954 5114 ἔχῃ,

2041 5038 2173 5095 sagis
2202 5033 2289 5094 sic
2319 5031 2672 5109 intelligere.
2695 5029 2786 5094 Ad
2816 5030 2952 5091 illos
2972 5030 3134 5091 enim
3164 5045 3503 5091 sermonem
3533 5031 3689 5093 diri-

294 5138 394 5195 καὶ
464 5140 492 5193 ὁ
550 5117 819 5216 ἄνθρῶπος
872 5117 1066 5215 ἁγαθδς
1118 5117 1265 5216 ἔστι,
1319 5136 1405 5192 καὶ
1461 5132 1630 5213 ἀγαθὰ
1657 5130 1837 5219 λαλεῖο
1912 5128 1957 5183 εί

2063 5140 2209 5200 gens,
2243 5122 2455 5202 inquit,
2480 5121 2644 5200 Ejice
2675 5120 2930 5219 primum
2952 5118 3181 5219 trabem
3204 5117 3478 5219 ex_oculo
3500 5128 3691 5219 tuo,et

295 5222 362 5281 δὲ
414 5208 663 5305 πονηρῶν
718 5225 890 5300 μεστή
920 5208 1075 5280 ⁷ἐστιν
1143 5225 1178 5292 ἡ
1235 5208 1441 5302 καρδία,
1476 5208 1563 5278 καὶ
1608 5223 1637 5277 ὁ
1678 5218 1951 5309 ἅνθρωπος

2064 5232 2179 5275 unc
2209 5212 2492 5273 festucam
2525 5227 2659 5290 qum
2691 5216 2781 5272 est
2824 5208 2887 5269 in
2917 5208 3089 5269 oculo
3132 5208 3330 5269 fratris
3360 5208 3447 5268 tui
3481 5225 3499 5269 :
3531 5208 3688 5271 sicut

294 5297 572 5395 πονηρός.
605 5297 740 5390 ἔστι,
797 5314 886 5371 καὶ
953 5315 1161 5393 πονηρὰ
1188 5297 1368 5371 λαλεῖ.
1420 5312 1649 5401 Δύνασαι
1690 5308 1746 5365 δὲ
1788 5316 1951 5363 ταῦτα

2063 5302 2209 5364 tiam
2243 5300 2383 5362 alibi
2416 5298 2578 5372 dicit,
2608 5297 2911 5401 Gamelum
2945 5298 3283 5401 glutientes,
3321 5304 3381 5396 et
3430 5297 3682 5401 culicem

295 5386 475 5463 πάντα
531 5403 620 5461 καὶ
672 5386 744 5469 ὡς
799 5402 920 5477 περί
975 5405 1081 5460 τῶν
1098 5386 1411 5482 ’Φαρισαίων
1440 5400 1704 5481 λεγόμενα
1734 5401 1945 5486 νοῆσαι.

2063 5390 2395 5453 εχοοιειηιοε.
2429 5386 2739 5459 Quomodo
2763 5386 2950 5486 igitur:
2962 5405 3065 5449 vos
3100 5386 3386 5486 Pharisaei
3408 5386 3510 5486 qui
3538 5389 3684 5451 estis

300 5494 442 5570 Πρὸς
475 5492 703 5556 ἰκείνους
733 5492 833 5569 γὰρ
859 5474 1293 5570 ἆποτεινόμενος,
1338 5474 1528 5572 φησὶν,
1555 5474 1660 5565 ὅτι,
1693 5483 1947 5544 ’Ἔκϐαλε

2063 5480 2274 5543 rbores
2336 5485 2564 5558 putres,
2612 5476 2883 5555 poteritis
2924 5476 3149 5537 fructus
3200 5474 3388 5536 bonos
3416 5476 3682 5540 afferre?

381 5626 447 5677 ³4
475 5626 648 5691 Joan.
680 5639 808 5707 xm,
839 5624 941 5691 16.

618 5749 883 5812 Parnm.
926 5747 1042 5811 Gn.
1086 5746 1357 5812 CXXIII.

3243 5728 3356 5793 25.
