4202 6440
530 400 652 474 779
1516 402 2112 474 THEOPHYLACTI
2155 409 2189 469 Ε

2279 398 2568 469 μοιειιπ
2610 400 2947 469 ΔΗΟΗΙΒΡ
3816 400 3938 473 780

530 544 751 607 Vester
777 545 938 607 enim
968 562 1166 606 sermo
1192 562 1430 624 semper
1462 542 1650 623 putris
1673 544 1947 621 est,sicut
1968 549 2027 603 et
2048 541 2186 604 vita.

2276 543 2484 621 πρῶτον
2567 543 2665 609 τὴν
2723 541 2876 599 δοκὸν
2908 543 2967 599 ἐκ
2995 553 3087 602 τοῦ
3131 542 3405 623 ὀφθαλμοῦ
3436 567 3553 626 σου,
3584 546 3673 603 καὶ
3718 548 3838 602 τότε
3870 549 3934 603 τὸ

530 630 870 713 Loquimini
919 634 1077 695 enim
1111 653 1179 695 ex
1210 632 1570 694 abundantia
1618 632 1836 693 cordis.
1873 629 2184 702 Quomodo

2273 632 2464 710 κάρφος
2524 633 2585 686 τὸ
2654 634 2714 686 ἒν
2751 637 2818 704 τῷ
2850 631 3104 711 ὀφθαλμῴ
3132 641 3223 688 τοῦ
3254 631 3478 714 ἅδελφοῦ
3534 624 3650 694 σου.
3713 624 3932 715 ’Ὠσπερ

530 722 712 799 igitur
731 724 879 785 alios
908 724 1241 804 corrigetis,
1270 730 1327 784 et
1356 723 1607 783 aliorum
1634 730 1875 802 peccata
1900 719 2181 800 punietis,

2277 722 2355 774 καὶ
2420 718 2665 799 ἀλλοιχοῦ
2721 718 2889 798 λέγει,
2949 722 2996 777 οἱ
3066 722 3164 789 τὴν
3234 722 3481 799 κάμηλον
3524 727 3936 807 καταπίγοντες,

526 809 640 890 ipsi
673 814 909 891 gravius
933 811 1281 893 peccantes?

2269 810 2355 864 καὶ
2399 810 2491 865 τὸν
2540 810 2772 866 κώνωπα
2815 808 3153 895 διυλίζοντες.
3203 812 3322 875 Πῶς
3353 814 3467 887 οὖν,
3509 816 3693 895 φησὶν,
3745 818 3928 892 ὑμεῖς,

526 901 573 956 ὦ
601 890 913 981 Φαρισαῖοι,
933 890 1127 978 -δένδρα
1154 901 1300 964 ὄντες
1333 905 1530 983 σαπρὰ,
1565 902 1844 971 δυνήσεσθε
1892 900 2119 978 καρποὺς
2164 900 2389 976 ἀγαθοὺς
2421 912 2765 977 προενεγκεῖν
2802 915 2817 971 ς
2858 890 3033 975 ιΥμών
3066 902 3164 979 γὰρ
3206 903 3295 957 καὶ
3325 905 3353 958 6
3385 890 3546 982 λόγος
3577 890 3803 984 σαπρὸς,
3839 908 3914 970 ὡς

526 992 614 1045 καὶ
663 995 690 1047 ὁ
720 993 860 1072 βίος,
908 992 968 1047 ἐκ
1022 993 1123 1069 γὰρ
1176 994 1269 1048 τοῦ
1325 994 1741 1070 περισσεύματος
1801 991 1897 1057 τῆς
1957 986 2168 1067 καρδίας
2230 985 2439 1066 λέγετε,
2503 994 2622 1051 Πῶς
2680 989 2853 1047 τοίνυν
2914 989 3119 1068 ἑτέρους
3178 988 3519 1071 διορθώσεσθε
3552 1015 3569 1030 ο
3602 996 3689 1051 καὶ
3723 996 3917 1075 ἐτέρων

526 1079 889 1159 ἁμαρτήματα
931 1081 1210 1153 κολάσετε,
1246 1083 1391 1139 αὐτοὶ
1423 1083 1486 1136 τὰ
1518 1083 1679 1157 μείζω
1711 1082 2102 1158 ἁμαρτάνοντες
2140 1097 2156 1151 ;

604 1168 785 1236 Vens.
819 1172 1039 1234 46-49.
1072 1170 1254 1241 «Quid
1286 1179 1480 1231 autem
1513 1170 1731 1232 vocatis
1755 1188 1872 1243 me,
1908 1167 2181 1240 Domine,

2356 1186 2380 1222 ι
2452 1169 2512 1224 Τί
2577 1164 2629 1222 δὲ
2662 1188 2728 1242 με
2772 1166 3014 1247 καλεῖτε,
3054 1169 3236 1249 Κύριε³
3269 1167 3452 1250 Κύριε,
3486 1174 3572 1228 καὶ
3601 1172 3660 1229 οὔ
3709 1188 3916 1232 ποιεῖτε

523 1256 801 1336 Domine,
837 1271 895 1323 et
925 1280 1041 1321 non
1071 1260 1263 1321 facitis
1302 1278 1433 1339 qua:
1483 1259 1650 1342 dico?
1700 1257 1979 1338 Quisquis
2024 1255 2182 1317 venit

2265 1254 2297 1310 ἂ
2355 1254 2498 1334 λέγω
2531 1276 2548 1332 ;
2610 1263 2717 1321 Πᾶς
2746 1259 2773 1313 6
2829 1256 3125 1336 ἐρχόμενος
3150 1260 3281 1337 πρός
3332 1283 3421 1337 με,
3465 1264 3551 1318 καὶ
3580 1264 3786 1320 ἀκούων
3816 1288 3917 1340 μου

522 1347 595 1408 ad
624 1368 743 1425 me,
781 1358 840 1412 et
868 1349 1031 1410 audit
1062 1366 1372 1410 sermones
1396 1356 1651 1427 meos,et
1687 1348 1822 1408 facit
1852 1355 2181 1420 eos,osten-

2260 1351 2364 1401 τῶν
2436 1344 2633 1424 λόγων,
2696 1348 2788 1403 καὶ
2844 1353 3012 1403 ποιῶν
3070 1350 3283 1423 αὐτοὺς,
3356 1351 3612 1417 ὑποδείξω
3659 1355 3787 1428 ὑμῖν
3817 1357 3914 1411 τίνι

524 1435 660 1498 dam
691 1438 855 1500 vobis
885 1440 980 1500 cui
1013 1438 1226 1500 similis
1248 1437 1343 1497 sit.
1376 1426 1597 1498 Similis
1620 1436 1950 1498 esthomini
1978 1435 2169 1495 aediﬁ-

2329 1436 2393 1491 εἰν
2452 1436 2660 1510 ὃμοιος,
2722 1426 2957 1511 ’Ὁμοιός
3012 1438 3156 1492 ἔστιν
3243 1438 3504 1517 ἀνθρώπῳ
3548 1426 3915 1518 οἰκοδομοῦντι
3970 1459 3988 1473 ⁸

526 1526 683 1586 cauti
715 1527 985 1606 domum,
1021 1527 1120 1607 qui
1146 1525 1365 1585 foditin
1395 1525 1601 1599 altum,
1635 1534 1692 1586 et
1724 1525 1919 1604 posuit
1953 1524 2170 1586 funda-

2254 1524 2443 1599 οἰκίαν,
2498 1525 2555 1587 ὃς
2609 1524 2807 1600 ἐσκαψε
2869 1526 2955 1581 καὶ
3012 1524 3247 1607 ἐϐάθυνε,
3321 1532 3407 1585 καὶ
3458 1530 3613 1597 ἔθηκε
3664 1532 3913 1606 θεμέλιον

522 1624 786 1676 mentum
821 1633 1000 1696 super
1030 1624 1280 1695 petram.
1333 1613 1724 1676 Inundatione
1754 1623 1949 1673 autem
1994 1613 2166 1692 facta,

2253 1616 2335 1669 ἐπὶ
2409 1616 2506 1682 τὴν
2558 1614 2777 1693 πέτραν.
2824 1616 3154 1694 Πκημμύρας
3214 1615 3267 1673 δὲ
3297 1620 3615 1697 γενομένης,
3672 1624 3912 1702 προσέρ-

520 1702 740 1765 illisum
774 1713 864 1767 est
893 1706 1117 1765 ﬂumen
1146 1703 1349 1764 domui
1401 1703 1509 1776 illi,
1547 1711 1605 1763 et
1652 1721 1769 1763 non
1820 1701 2005 1781 potuit
2034 1720 2165 1763 eam

2247 1702 2401 1791 ῥηξεν
2454 1706 2481 1759 6
2538 1705 2779 1779 ποταμὸς
2836 1710 2903 1780 τῇ
2960 1705 3095 1777 οἰκίᾳ
3151 1705 3350 1783 ἐκείνῃ,
3412 1710 3499 1766 καὶ
3557 1712 3650 1767 οὐκ
3711 1701 3906 1791 ἴσχυσε

518 1810 781 1874 movere,
812 1794 1055 1855 fundata
1081 1792 1238 1854 enim
1272 1800 1399 1853 erat
1420 1809 1600 1870 super
1629 1800 1881 1872 petram.
1914 1790 2021 1862 Qui
2054 1810 2162 1851 au-

2247 1790 2497 1875 σαλεῦσαι
2553 1793 2742 1861 αὖτήν’
2801 1791 3151 1867 τεθεμελίωτο
3222 1796 3323 1875 γὰρ
3379 1796 3463 1853 ἐπὶ
3520 1799 3616 1866 τὴν
3675 1790 3895 1873 πέτραν,

516 1888 634 1941 tem
666 1870 911 1959 audivit,
946 1892 1003 1944 et
1036 1901 1156 1944 non
1204 1881 1363 1961 fecit,
1396 1880 1610 1941 similis
1632 1870 1643 1872 ⁷
1667 1888 1756 1941 est
1805 1879 2033 1940 homini
2065 1880 2161 1959 qui

2250 1870 2306 1935 Ὀ
2364 1878 2419 1936 δὲ
2490 1881 2719 1946 ἀκούσας
2770 1882 2857 1938 καὶ
2915 1882 2992 1956 μὴ
3064 1870 3315 1961 ποιήσας,
3381 1885 3566 1962 ὅμοιός
3616 1870 3900 1944 ἐστινάν-

514 1969 823 2032 aedificavit
850 1971 1092 2032 domum
1125 1989 1290 2032 suam
1323 1988 1504 2049 super
1536 1978 1749 2030 terram
1783 1968 2005 2049 absque
2034 1969 2163 2029 fun-

2242 1969 2436 2045 θρώπῳ
2495 1968 2899 2046 οἰκοδομήσαντι
2959 1973 3127 2028 οἰκίαν
3178 1972 3262 2029 ἐπὶ
3330 1975 3427 2042 τὴν
3459 1981 3562 2054 γῆν
3593 1979 3761 2055 χωρὶς
3806 1980 3898 2034 θε-

514 2058 813 2136 damento,
849 2061 910 2121 in
933 2079 1106 2141 quam
1139 2060 1327 2121 illisus
1358 2067 1446 2120 est
1475 2058 1709 2133 ﬂuvius,
1768 2071 1824 2121 et
1875 2057 2159 2119 continuo

2245 2056 2446 2131 μελίου’
2510 2062 2546 2135 ᾗ
2590 2058 2939 2137 προσέῤῥηξεν
2981 2061 3009 2116 6
3039 2064 3302 2137 ποταμὸς,
3346 2066 3433 2120 καὶ
3476 2065 3666 2130 εὐθέως
3712 2065 3893 2148 ἔπεσε,

512 2149 748 2235 cecidit,
784 2160 840 2211 et
872 2151 1022 2211 facta
1071 2159 1161 2211 est
1216 2150 1387 2210 ruina
1419 2147 1633 2209 domus
1663 2147 1825 2208 illius
1857 2166 2088 2226 magna.
2127 2174 2153 2203 ι

2242 2150 2329 2203 καὶ
2382 2148 2592 2227 ἐγένετο
2648 2171 2707 2205 το
2737 2150 2917 2227 ῥῆγμα
2947 2153 3048 2218 τῆς
3078 2153 3241 2219 οἰκίας
3285 2155 3491 2222 ἐκείνης
3526 2157 3687 2235 μέγα.
3729 2181 3753 2212 n
3793 2147 3889 2215 Καὶ

509 2233 583 2297 Ει
611 2238 722 2299 hoc
773 2239 1108 2300 necessario
1151 2236 1322 2298 nobis
1357 2236 1593 2312 dicitur,
1620 2237 1720 2316 qui
1771 2255 1875 2297 ore
1918 2236 2157 2316 quidem

2240 2244 2394 2294 τουτο
2452 2237 2745 2317 ἀναγκαῖον
2798 2262 2929 2316 προς
2983 2243 3152 2317 ἡμᾶς,
3210 2244 3330 2307 τοὺς
3366 2233 3759 2324 ὁμολογοῦντας
3791 2248 3890 2322 μὲν

510 2326 807 2389 Christum
832 2329 1206 2400 confitemur,
1242 2344 1422 2406 opere
1443 2334 1641 2386 autem
1673 2344 1956 2403 negamus
1984 2328 2066 2387 35.
2094 2326 2158 2388 Si

2240 2328 2395 2382 αὺτὸν
2464 2340 2583 2391 τοῖς
2639 2327 2843 2407 χείλεσι
2919 2331 3126 2410 Κύριον,
3158 2344 3277 2395 τοῖς
3317 2330 3370 2388 δὲ
3426 2333 3597 2414 "amore
3629 2335 3890 2413 ἀρνουμέ-

507 2416 668 2476 enim
714 2416 999 2478 Dominus
1030 2435 1185 2497 sum,
1218 2415 1431 2495 inquit,
1466 2414 1710 2475 omnino
1766 2429 2031 2475 vestrum
2066 2424 2153 2476 est

2235 2437 2376 2480 νους.
2438 2419 2495 2473 Εἰ
2525 2418 2623 2495 γὰρ
2670 2418 2855 2497 Κύριός
2887 2419 3017 2499 εἰμι,
3052 2422 3203 2498 φησὶ,
3249 2423 3459 2487 πάντως
3489 2425 3625 2500 ὑμᾶς
3694 2423 3795 2481 ἔδει
3825 2428 3887 2481 τὸ

505 2504 704 2567 facere
729 2524 797 2567 ea
827 2526 958 2587 quae
987 2514 1125 2567 sunt
1154 2522 1484 2566 servorum.
1513 2501 1675 2564 Servi
1706 2503 1865 2564 enim
1900 2522 2048 2584 Opus
2065 2512 2152 2566 est

2233 2510 2337 2559 τῶν
2395 2503 2594 2561 δούλων
2623 2527 2819 2565 ποιειι.
2857 2506 3067 2563 Δούλων
3112 2507 3165 2564 δὲ
3196 2508 3370 2589 ἔργον,
3402 2514 3464 2568 τὸ
3514 2515 3763 2593 πράττειν
3794 2514 3825 2569 ἄ
3856 2518 3883 2570 6

502 2602 667 2655 recte
700 2595 895 2658 facere
921 2595 1076 2675 quod
1105 2593 1383 2654 dominus
1416 2593 1687 2671 imperat.
1725 2592 1973 2667 Deinde,
2008 2593 2152 2654 dicit

2232 2604 2405 2661 κύριος
2462 2594 2753 2657 ἐπιτάττει.
2807 2598 2944 2653 Εἶτα
3001 2595 3144 2675 λέγει
3176 2600 3310 2674 ἡμῖν
3338 2600 3389 2655 τί
3417 2592 3668 2679 κερδαίνει
3701 2605 3729 2659 6
3782 2607 3881 2662 αὒ-

502 2682 676 2744 nobis
700 2685 841 2763 quid
895 2684 1161 2745 lucretur
1186 2700 1249 2742 se
1280 2680 1551 2755 audiens,
1588 2688 1644 2741 et
1668 2700 1781 2742 non
1814 2681 2005 2741 solum
2038 2701 2148 2742 au-

2230 2689 2322 2763 τοῦ
2376 2682 2602 2758 ἀκούων,
2670 2686 2755 2740 καὶ
2814 2685 2891 2759 μὴ
2950 2687 3109 2761 μόνον
3139 2689 3365 2763 ἀκούων,
3401 2688 3537 2745 ἀλλὰ
3566 2693 3652 2747 καὶ
3682 2698 3874 2755 ποιῶν,

501 2761 810 2853 diens,sed
842 2781 900 2833 et
931 2769 1412 2833 faciens.Similis
1435 2769 1695 2830 estenim
1720 2769 1943 2830 homini
1970 2770 2151 2831 adifi-

2236 2761 2469 2845 ιὈμοιος
2526 2774 2625 2852 γὰρ
2675 2772 2816 2829 ἐστιν
2846 2776 3106 2854 ἀντρώπῳ
3150 2761 3411 2852 οἰκοδόμῳ
3438 2780 3496 2842 ὁς
3526 2777 3874 2855 ᾠκοδόμησεν

500 2860 791 2942 canti,qui
821 2861 1131 2922 aedificavit
1160 2878 1339 2939 super
1370 2868 1623 2939 petram.
1648 2856 1819 2922 Petra
1853 2860 2029 2937 igitur
2060 2868 2151 2923 est

2231 2859 2315 2915 ἐπὶ
2367 2862 2467 2928 τὴν
2512 2862 2728 2941 πέτραν.
2804 2864 2979 2943 Πέτρα
3039 2864 3134 2941 μὲν
3192 2864 3279 2921 οὖν
3334 2868 3362 2923 6
3422 2870 3663 2947 Χριστὸς,
3714 2871 3787 2933 ὡς
3846 2873 3874 2925 6

499 2948 789 3023 Christus,
819 2949 973 3011 sicut
1001 2947 1319 3027 Apostolus
1346 2955 1590 3007 testatur
1616 2947 1700 3009 56.
1740 2948 1909 3009 Fodit
1943 2954 2142 3010 autem

2231 2948 2558 3014 Ἀπόστολος
2633 2966 2916 3031 μαρτυρεῖ,
2971 2955 3205 3013 Σκᾶπτει
3262 2951 3316 3011 δὲ
3372 2958 3459 3012 καὶ
3541 2958 3769 3033 βαθύνει,
3813 2959 3870 3021 ὃς

495 3036 559 3098 in
600 3038 981 3119 profundum,
1015 3037 1115 3113 qui
1170 3054 1287 3097 non
1338 3035 1791 3115 superficialiter
1840 3054 2147 3099 sermones

2230 3042 2306 3112 μῆ
2337 3116 2351 3125 _
2377 3040 2699 3105 ἒπιπολαίως
2763 3038 2978 3121 δέχεται
3031 3044 3152 3108 τοὺς
3208 3048 3307 3111 τῆς
3394 3050 3605 3125 Γραφῆς
3662 3044 3873 3125 λόγους,

494 3116 819 3207 Scriptura;
847 3116 1085 3205 accipit,
1121 3127 1225 3187 sed
1260 3133 1558 3186 scrutatur
1591 3125 1880 3205 profunda
1910 3125 2143 3187 illarum

2230 3116 2351 3210 αλλ’
2408 3126 2586 3206 ἔρευνᾷ
2644 3131 2708 3185 τὰ
2764 3116 2901 3207 βάθη
2964 3132 3163 3189 τούτων
3212 3135 3349 3209 μετὰ
3402 3116 3875 3210 τοῦ’πνεύματος.

492 3215 556 3276 in
586 3206 821 3297 spiritu.
855 3218 1011 3279 Talis
1042 3217 1216 3294 igitur
1246 3223 1304 3276 et
1334 3232 1511 3293 supra
1542 3223 1769 3295 petram
1824 3216 2050 3296 fundat,
2088 3225 2147 3276 et

2319 3223 2555 3282 τοιοῦτος
2627 3220 2716 3276 οὖν
2774 3222 2860 3276 καὶ
2917 3218 3000 3277 ἐπὶ
3058 3221 3157 3287 τὴν
3186 3220 3383 3299 πέτραν
3415 3222 3682 3299 θεμελιοΐ.
3742 3224 3881 3281 Εἶτα
3971 3266 3976 3272 -

490 3304 710 3368 deinde
740 3306 889 3368 facta
910 3312 1281 3385 tempestate,
1318 3304 1430 3364 hoc
1476 3313 1563 3363 est
1597 3303 2015 3383 persecutione
2052 3306 2139 3366 vel

2222 3302 2546 3385 πλημμύρας
2607 3308 2921 3387 γενομένης,
2981 3306 3217 3386 διωγμοῦ
3277 3311 3440 3390 τυχὸν
3470 3313 3504 3378 ἡ
3557 3316 3881 3391 πειρασμοῦ,

489 3396 841 3470 tentatione,
875 3395 1051 3455 illidit
1081 3396 1302 3455 ﬂumen
1334 3391 1542 3481 domui
1566 3392 1674 3460 illi,
1712 3400 1989 3473 tentator,
2014 3393 2136 3456 sive

2221 3397 2509 3473 προσρήσει
2581 3398 2609 3451 ὃ
2659 3398 2901 3472 ποταμὸς
2976 3403 3045 3474 τῇ
3077 3397 3214 3455 οἰκία
3246 3397 3445 3479 ἐκείνῃ,
3492 3402 3521 3456 6
3577 3405 3870 3481 πειραστὴς

488 3481 744 3559 daemon,
791 3484 912 3545 sive
965 3484 1170 3562 homo,
1204 3490 1263 3542 et
1292 3500 1409 3541 non
1460 3480 1613 3540 valet
1652 3499 1890 3543 movere
1947 3482 2130 3544 illam.

2221 3481 2332 3539 εἴτε
2402 3482 2603 3559 δαίμων
2662 3484 2773 3541 εἴτε
2832 3485 3125 3567 ἄνθρωπος,
3158 3488 3246 3544 καὶ
3275 3491 3365 3547 οὖν
3413 3490 3587 3569 ἰσχύει
3619 3480 3872 3548 σαλεῦσαι

488 3570 750 3635 Flumini
781 3591 924 3634 sane
950 3581 1182 3633 tentans
1205 3572 1305 3631 ille
1336 3571 1511 3630 homo
1543 3569 1866 3643 confertur,
1900 3579 1959 3632 et
2004 3573 2131 3634 val-

2219 3574 2440 3641 ταύτην,
2515 3581 2749 3651 Ποτειμῷ
2806 3573 2852 3630 δ’
2910 3575 2972 3632 ἂν
3027 3575 3393 3656 παραϐληθείτ⁸
3422 3580 3740 3658 ὁπειράζων
3771 3579 3870 3641 ἄν-

488 3662 564 3723 de
597 3663 833 3737 merito;
861 3662 1016 3724 sicut
1044 3662 1200 3722 enim
1235 3661 1459 3720 ﬂumen
1486 3659 1779 3720 inundare
1826 3660 1963 3721 facit
1986 3681 2135 3742 aqua

2217 3665 2449 3740 θρωπος,
2511 3666 2598 3721 καὶ
2668 3666 2814 3740 μάλα
2870 3666 3110 3730 εἰκότωςο
3143 3668 3322 3746 ὥσπερ
3343 3667 3443 3746 γὰρ
3470 3669 3560 3725 τὸν
3627 3671 3871 3744 ποταμὸν

488 3768 621 3831 qua
645 3769 903 3831 superne
933 3750 1175 3820 decidit,
1207 3749 1285 3809 ita
1312 3757 1369 3808 et
1398 3754 1718 3808 tentantem
1742 3748 1908 3809 illum
1934 3751 2133 3812 homi-

2219 3753 2252 3819 ἠ
2304 3751 2499 3810 ἂνωθεν
2551 3754 2815 3812 πίπτουσα
2895 3756 3075 3836 βροχῆ
3127 3759 3475 3835 πλημμυρεῐν
3509 3772 3679 3833 ποιεῖ,
3732 3758 3870 3815 οὕτω

489 3841 711 3899 minem
742 3838 1009 3909 Satanas,
1056 3838 1158 3918 qui
1194 3856 1225 3898 e
1254 3836 1529 3916 supernis
1574 3838 1811 3918 cecidit,
1864 3857 2135 3901 crescere

2220 3844 2306 3898 καὶ
2357 3845 2448 3899 τὸν
2506 3846 2799 3924 πειραστὴν
2868 3845 3143 3925 ἄνθρωπον
3199 3849 3227 3902 6
3271 3845 3468 3903 ἄνωθεν
3518 3850 3696 3905 πεσὼν
3756 3856 3872 3905 Σα-

484 3926 645 3989 facit.
678 3926 897 3987 Domus
919 3934 1113 3988 autem
1148 3944 1351 3987 eorum
1378 3926 1476 4006 qui
1510 3944 1625 3986 non
1648 3926 1869 3988 faciunt
1900 3946 2133 3991 sermo-

2217 3937 2379 3996 τανᾶς
2438 3931 2608 3998 αὔξειν
2663 3948 2835 3998 ποιεῖ,
2896 3941 3013 3993 Τῶν
3065 3932 3118 3989 δὲ
3178 3936 3255 4010 μὴ
3297 3937 3590 3993 ποιούντων
3629 3938 3748 4002 τοὺς
3780 3945 3873 3994 τοῦ

487 4033 627 4078 nem
652 4015 887 4077 Domini
917 4016 1162 4090 cadit,et
1193 4016 1255 4075 fit
1284 4014 1452 4076 ruina
1482 4015 1694 4076 domus
1718 4016 1875 4077 illius
1898 4036 2130 4098 magna.

2224 4022 2409 4098 Κυρίου
2466 4020 2656 4100 λόγους
2716 4025 2750 4091 ἡ
2810 4026 2946 4080 οἰκία
3013 4025 3219 4100 πίπτει,
3255 4025 3341 4081 καὶ
3370 4026 3567 4103 γίνεται
3601 4028 3663 4084 τὸ
3691 4028 3874 4106 ῥῆγμα

488 4108 704 4185 Magna
755 4107 911 4167 enim
945 4108 1114 4167 ruina
1145 4112 1236 4167 est
1265 4123 1468 4166 eorum
1503 4104 1602 4185 qui
1635 4105 1882 4167 audiunt
1927 4115 1985 4169 et
2016 4127 2136 4169 non

2219 4111 2317 4174 τῆς
2388 4110 2554 4175 οἰκὶας
2612 4111 2816 4180 ἐκείνης
2873 4113 3030 4191 μέγα.
3098 4112 3319 4192 Μεγάλα
3375 4115 3476 4192 γὰρ
3506 4116 3607 4170 εἰσι
3641 4104 3705 4173 τᾶ
3728 4104 3871 4178 πτώ.

484 4194 729 4259 faciunt.
762 4194 906 4256 Nam
934 4196 1033 4277 qui
1067 4214 1185 4257 non
1216 4194 1401 4274 audit,
1436 4204 1491 4254 et
1522 4213 1637 4254 non
1668 4194 1830 4269 facit,
1868 4214 1985 4257 non
2019 4205 2133 4257 tam

2220 4220 2362 4272 ματα
2419 4200 2526 4255 τῶν
2581 4200 2879 4259 ἀκουόντων
2940 4202 3061 4280 μὲν,
3098 4202 3175 4278 μὴ
3228 4204 3521 4260 ποιούντων
3553 4201 3629 4267 δέ.
3682 4196 3738 4262 Ὀ
3769 4206 3870 4281 μὶν

485 4284 743 4364 graviter
767 4285 945 4363 cadit,
980 4285 1082 4366 qui
1109 4294 1306 4348 autem
1338 4283 1500 4346 audit
1530 4292 1587 4346 et
1638 4304 1758 4346 non
1801 4284 1962 4365 facit,
1994 4303 2133 4364 gra—

2218 4287 2318 4364 γὰρ
2375 4289 2512 4363 μήτε
2574 4288 2802 4355 ἀκούσας
2834 4291 2972 4367 μὴτε
3004 4291 3260 4368 ποιήσας,
3312 4289 3635 4372 ἔλαφρότερα
3663 4296 3868 4369 πταίει,

486 4373 613 4436 vius
644 4383 871 4456 peccat.

2218 4377 2246 4430 6
2305 4373 2358 4430 δὲ
2415 4375 2639 4444 ἀκούσας
2707 4380 2826 4461 μὲν,
2914 4380 2993 4457 μὴ
3067 4381 3297 4450 ποιήσας
3353 4378 3433 4457 δὲ,
3512 4380 3866 4461 χαλεπώτερα

2218 4464 2529 4543 ἁμαρτάνει.

1092 4557 1338 4624 CAPUT
1388 4556 1515 4624 VlI.

2863 4564 3093 4618 ΚΕΦΛΛ
3131 4558 3187 4615 Ζ¹
3202 4607 3216 4623 .

590 4650 673 4714 De
701 4659 1073 4717 centurione.
1108 4653 1357 4736 Dei/ilio
1388 4654 1613 4715 vidum.
1646 4652 1732 4714 De
1762 4652 1962 4713 missis
1990 4673 2028 4713 a
2222 4654 2249 4704 ῐ

2222 4651 2344 4725 Περὶ
2390 4658 2483 4707 τοῦ
2538 4651 2955 4736 ὁκατοντάρχου.
3008 4654 3132 4731 Περί
3187 4660 3281 4736 του
3359 4654 3472 4736 υἱοῦ
3565 4658 3662 4725 τῆς
3747 4658 3867 4736 χή-

1176 4735 1435 4796 Joanne.
1473 4790 1475 4793 .
2161 4767 2202 4816 υ
2301 4747 2417 4809 ρας*
2467 4734 2589 4810 Περὶ
2619 4735 2726 4789 τῶν
2754 4732 2835 4789 στι

2161 4767 2202 4816 D
2301 4747 2417 4809 ρας’
2467 4734 2589 4810 Περὶ
2619 4735 2726 4789 τῶν
2754 4732 3050 4791 σταλέντων
3082 4734 3225 4813 παρὰ
3254 4733 3526 4800 Ἰωάννου.

561 4829 747 4891 VEns.
781 4829 961 4891 1-10.
1013 4831 1145 4890 516
1204 4851 1225 4885 (ι
1254 4831 1397 4891 Cum
1430 4835 1626 4889 autem
1660 4835 2135 4890 consummasset

2306 4848 2328 4881 ιι
2394 4824 2544 4881 Ἐπεὶ
2615 4824 2668 4881 δὲ
2740 4825 3017 4907 ἐπλήρωσε
3047 4826 3220 4883 πάντα
3248 4827 3314 4885 τὰ
3342 4828 3557 4905 ῥήματα
3592 4831 3751 4890 αὐτοῦ
3796 4831 3872 4894 εἰς

481 4917 680 4978 omnia
712 4917 895 4979 verba
920 4936 1025 4979 sua
1054 4917 1335 4979 audiente
1368 4916 1610 4997 populo,
1638 4918 1873 4979 intravit
1904 4917 2130 4997 Caper-

2213 4915 2309 4980 τὰς
2369 4916 2531 4982 ἀκοὰς
2584 4926 2677 4977 τοῦ
2706 4917 2859 4997 λαοῦ,
2895 4916 3136 4985 εἰσῆλθεν
3163 4918 3236 4982 εἰς
3266 4921 3645 4997 Καπερναουμ.
3697 4909 3865 4978 Ἐκα-

477 5023 679 5066 naum.
715 5008 1092 5069 Centurionis
1144 5015 1339 5068 autem
1393 5007 1701 5086 cujusdam
1738 5024 1946 5068 servus
1976 5007 2127 5069 male

2211 5006 2505 5087 τοντάρχου
2561 5006 2615 5063 δὲ
2662 5029 2807 5071 τινος
2874 5006 3056 5074 δοῦλος
3111 5013 3289 5073 κακῶς
3320 5006 3489 5087 ἔχων,
3527 5007 3717 5085 ἔμελλε
3773 5030 3870 5067 τε-

479 5092 707 5156 habens
728 5094 937 5173 agebat
960 5096 1241 5168 animam,
1282 5096 1379 5175 qui
1416 5094 1500 5157 illi
1532 5103 1662 5155 erat
1690 5096 1930 5156 charus.
1977 5093 2124 5156 Cum

2208 5094 2395 5169 λευτᾷν
2452 5095 2509 5160 ὅς
2566 5095 2631 5164 ἧν
2688 5098 2830 5154 αύτῶ
2890 5096 3125 5174 ἔντιμος,
3169 5097 3428 5160 Ἀκούσας
3486 5097 3542 5154 δὲ
3601 5102 3718 5179 περὶ
3771 5107 3863 5157 τοῦ

476 5183 740 5246 audisset
768 5192 962 5245 autem
995 5184 1069 5245 de
1098 5184 1260 5259 Jesu,
1291 5184 1450 5245 misit
1479 5184 1550 5245 ad
1584 5203 1717 5245 eum
1742 5185 2008 5246 seniores
2024 5184 2125 5248 Ju~

2207 5184 2410 5260 Ἰησοῦ,
2508 5186 2786 5245 ἀπέστειλε
2862 5190 2994 5267 πρὸς
3052 5188 3208 5245 αὒνὸν
3316 5184 3695 5269 πρεσϐυτέρους
3752 5196 3860 5246 τῶν

476 5270 761 5345 deorum,
780 5292 996 5351 rogans
1020 5292 1153 5335 eum
1189 5282 1249 5334 ut
1278 5274 1504 5335 veniret
1529 5282 1585 5335 et
1605 5282 1867 5335 servaret
1885 5293 2120 5336 servum

2208 5274 2492 5351 Ἰουδαίων,
2560 5277 2770 5355 ἐρωτῶν
2824 5278 2981 5335 αὐτὸν
3050 5276 3195 5343 ὅπως
3253 5275 3415 5333 ἐλθὼν
3478 5276 3713 5357 διασώσῃ
3764 5281 3859 5335 τὸν

476 5376 673 5423 suum.
708 5363 781 5424 At
809 5363 897 5423 illi
928 5383 1060 5424 cum
1096 5363 1397 5425 venissent
1444 5364 1517 5425 ad
1571 5363 1797 5438 Jesum,
1835 5363 2122 5443 rogabant

2208 5364 2389 5423 δοῦλον
2450 5370 2627 5427 αὐτοϋ.
2691 5370 2750 5424 Οἱ
2805 5365 2885 5447 δὲ,
2948 5368 3367 5445 παραγενόμενοι
3415 5367 3545 5445 πρὸς
3592 5370 3684 5425 τὸν
3737 5368 3859 5437 ἰη-

474 5466 608 5510 cum
660 5452 947 5526 studiose,
1008 5452 1275 5515 dicentes
1311 5475 1322 5516 :
1358 5454 1583 5533 Dignus
1630 5462 1717 5516 est
1766 5463 1830 5515 ut
1888 5455 2001 5515 hoc
2032 5455 2120 5515 illi

2204 5458 2347 5533 σοῦν,
2409 5458 2743 5534 παρεκάλουν
2804 5459 2961 5514 αὒτον
3048 5452 3366 5536 σπουδαίως,
3444 5454 3689 5536 λέγοντες
3777 5457 3859 5516 ὅτι

548 5617 612 5669 35
640 5615 753 5681 Tit.
790 5636 831 5698 ι,
879 5622 973 5683 16.
1004 5621 1120 5683 331
1151 5623 1287 5685 Cor.
1323 5640 1383 5701 χ,
1416 5626 1474 5685 4.
