4202 6394
383 362 491 430 781

1092 367 1538 437 ENARRATIO
1582 369 1665 432 IN
1714 363 2222 431 EVANGELIUM
2274 367 2509 431 LUCxE.
2556 402 2633 413 —-
2676 371 2840 433 CAP.
2888 370 3021 436 VII.

3659 340 3779 453 732'

381 490 577 567 ’Ἄξιός
632 503 775 561 ἐστιν
842 509 889 580 ᾧ
955 504 1165 581 παρέξει
1209 511 1387 594 τοῦτο,
1420 503 1732 594 ἀγιπᾷᾼγάρ
1775 502 1836 557 τὸ
1883 499 2029 594 ἔθνος

2114 507 2359 594 praestes
2393 500 2620 594 :diligit
2643 503 2801 565 enim
2834 511 3073 594 gentem
3102 515 3400 587 nostram,
3429 518 3486 571 et
3518 510 3775 594 Synagoo

380 591 559 665 ἡμῶν,
634 594 722 648 καὶ
773 594 871 659 τὴν
919 594 1235 671 συναγωγὴν
1293 593 1448 655 αὐτὸς
1500 590 1843 671 ᾠκοδόμησεν
1875 589 2031 664 ἡμῖν.

385 669 443 735 Ὀ
540 678 595 735 δὲ
654 679 863 749 Ἰησοῦς
892 669 1170 763 ἐπορεύετο
1200 682 1292 738 σὺν
1323 682 1534 745 αὐτοῖς.
1572 670 1725 746 ’Ἡδη
1782 678 1837 734 δὲ
1881 680 2038 736 αὐτοῦ

380 769 443 825 οὖ
513 770 720 849 μακρὰν
775 771 1074 852 ἀπέχοντος
1134 772 1240 827 ἀπὸ
1294 776 1395 839 τῆς
1439 770 1632 847 οἰκίας,
1665 768 1875 844 ἔπεμψε
1905 768 2035 846 πρὸς

382 860 539 919 αὒτὸν
599 865 626 919 6
687 863 1082 944 ἑκατόνταρχος
1142 862 1348 944 φίλους,
1404 862 1577 941 λέγων
1635 862 1799 936 αὐτῷ’
1854 860 2034 939 Κύριε,

380 952 460 1026 μὴ
514 950 764 1032 σκύλλου,
836 957 894 1013 οὗ
958 955 1057 1033 γὰρ
1129 955 1238 1029 εἰμι
1303 954 1483 1016 ἱκανὸς
1513 951 1605 1007 ἵνα
1652 974 1754 1026 μου
1780 951 1886 1005 61:6
1937 948 2037 1015 τὴν

380 1040 576 1118 στέγην
648 1040 913 1120 εἰσέλθῃς.
983 1044 1077 1099 Διὸ
1146 1040 1262 1099 οὐδὲ
1317 1041 1545 1118 ἐμαυτὶν
1573 1039 1770 1108 ἠξίωσα
1819 1038 1949 1112 πρός
1978 1058 2036 1093 σε

381 1128 578 1190 ἐλθεῖν.
638 1128 791 1188 Ἀλλ’
848 1131 963 1189 εἰπὲ
1021 1130 1187 1211 λόγῳ,
1243 1134 1332 1187 καὶ
1360 1131 1634 1201 ἰαθήσεται
1688 1132 1715 1185 ὁ
1746 1142 1879 1192 παῖς
1908 1149 2033 1202 μου.

384 1218 482 1275 Καὶ
538 1218 637 1296 γὰρ
667 1219 776 1299 ἐγὼ
818 1221 1092 1300 ἄνθρωπός
1124 1222 1231 1295 εἶμι
1274 1220 1376 1276 61:6
1402 1218 1639 1287 ἔξουσίαν
1680 1217 2033 1293 τασσόμενος,

381 1304 527 1386 ἔχων
592 1309 681 1364 ὑπ’
712 1310 940 1386 ἐμαυτὸν
1010 1309 1362 1389 στρατιώτας,
1393 1310 1483 1389 καὶ
1512 1308 1655 1387 λέγω
1696 1307 1888 1387 τούτῳ,
1922 1313 2036 1363 Πο-

382 1400 612 1476 ρεύθητι,
641 1400 728 1455 καὶ
752 1399 1051 1479 πορεύεται·
1084 1400 1173 1457 καὶ
1202 1397 1373 1499 ἄλλῳ,
1406 1388 1646 1499 ”Ερχου,
1676 1398 1763 1453 καὶ
1793 1395 2032 1499 ἔρχεται·

381 1487 468 1542 καὶ
508 1493 587 1563 τῷ
616 1486 784 1563 δούλῳ
836 1511 959 1565 μου,
1023 1490 1255 1556 Ποίησον
1285 1488 1475 1562 τούτῳ,
1510 1489 1599 1543 καὶ
1616 1499 1793 1543 ποιεῖ.
1835 1485 2028 1542 Ἂκού-

382 1597 479 1639 σας
526 1574 580 1632 δὲ
635 1584 801 1634 ταῦτα
853 1581 882 1633 6
911 1578 1143 1652 Ἰησοῦς,
1178 1577 1468 1653 ἐθαύμασεν
1498 1577 1683 1635 αὐτόν.
1712 1577 1812 1634 Καὶ
1863 1596 2030 1654 στρα-

381 1666 516 1746 φεὶς,
594 1673 670 1741 τῷ
740 1666 1109 1726 ἀκολουθοῦντι
1140 1667 1282 1741 αὖτῷ
1321 1664 1475 1746 ὄχλῳ
1533 1679 1676 1722 εἴπε⁶
1714 1665 1864 1743 Λέγω
1902 1666 2030 1739 ὑμῖν

382 1754 462 1809 ὃτι
521 1752 637 1811 066's
694 1754 746 1811 ἐν
804 1763 882 1830 τῷ
913 1754 1126 1833 Ἰσραὴλ
1169 1755 1432 1821 τοσαύτην
1488 1755 1662 1811 πίστιν
1716 1755 1884 1832 εὗρον.
1937 1754 2032 1811 Καὶ

380 1843 804 1923 ὑποστρέψαντες
868 1848 914 1901 οἱ
985 1843 1310 1923 πεμφθέντες
1367 1844 1438 1907 εἰς
1498 1845 1609 1923 τὸν
1647 1842 1824 1915 οἷκον,
1885 1841 2030 1919 εὗρον

380 1934 471 1989 τὸν
526 1922 840 1991 ἀσθενοῦντα
911 1922 1469 2011 δοῦλονίὺγιαίνοντα.
1533 1956 1560 1987 n
1600 1922 1657 1989 Ὀ
1687 1931 1843 1993 αὐτός
1891 1930 2032 1988 ἐστιν

383 2021 535 2086 οὗτος
601 2030 679 2098 τῷ
736 2024 882 2104 παρά
937 2030 1015 2098 τῷ
1073 2022 1342 2097 Ματθαίῳ.
1407 2019 1516 2079 Κᾶν
1571 2022 1670 2099 γὰρ
1716 2020 1792 2095 μὴ
1840 2018 1974 2098 λέγῃ
2005 2022 2032 2076 6

385 2115 653 2177 Ματθαϊος
702 2112 783 2169 ὅτι
831 2113 1041 2188 ἔπεμψε
1124 2112 1246 2171 τοὺς
1328 2108 1604 2175 Ἰουδαίους
1682 2110 1891 2188 ἐρωτῶν
1950 2111 2036 2166 καὶ

382 2202 630 2260 ἱκετεύων
678 2202 862 2274 αὐτὸν,
919 2205 969 2259 τί
1025 2212 1179 2262 τοῦτο
1218 2221 1234 2278 ;
1294 2202 1447 2263 Εἰκὸς
1498 2199 1893 2278 γὰρ,πρότερον
1937 2198 2033 2271 μὲν

381 2290 592 2368 πέμψαι
648 2292 769 2355 τοὺς
829 2290 1128 2361 Ἰουδαίους,
1189 2291 1312 2349 εἶτα
1369 2290 1525 2346 αὐτὸν
1574 2288 1781 2346 ἐκεῖνον
1833 2287 2029 2344 ἐλθεῖν·

383 2378 411 2436 ὅ
444 2388 568 2460 γοῦν
611 2380 930 2459 παρέλειψεν
960 2383 988 2437 6
1033 2384 1331 2449 Ματθαῐος,
1377 2377 1521 2457 λέγει
1553 2380 1580 2434 6
1611 2383 1841 2441 Λουκᾶς.
1875 2378 2033 2457 Τάχα

383 2470 485 2550 γὰρ
534 2492 615 2526 τοι
673 2472 761 2527 καὶ
838 2473 884 2526 οἱ
962 2468 1209 2528 Ἰοοδατοι
1278 2468 1450 2549 φθόνῳ
1542 2467 1855 2547 τηκόμενοι,
1916 2465 2032 2523 οὒδὲ

385 2557 574 2617 εἴασαν
622 2558 683 2617 ἄν
754 2561 843 2617 τὸν
915 2558 1307 2640 ἑκατόνταρχον
1378 2558 1511 2637 πρὸς
1582 2558 1704 2619 τοὺς
1733 2554 1898 2622 πόδας
1943 2563 2036 2614 τοῦ

385 2650 562 2718 Ἰησοῦ
635 2650 831 2712 ἐλθεῖν.
887 2649 1051 2717 Δὸξαν
1105 2651 1205 2729 γὰρ
1230 2648 1382 2730 ἔφερε
1439 2655 1516 2723 τῷ
1575 2650 1754 2715 Ἰησοῦ
1780 2655 1958 2729 τοῦτο,
1992 2649 2036 2705 εἱ

382 2739 691 2798 τελευταῖον
774 2742 931 2805 αὐτὸς
975 2741 1403 2819 ἀναγκαζόμενος
1479 2737 1776 2819 προσῆλθεν
1841 2737 1904 2800 ἄν
1958 2744 2037 2813 τῷ

382 2827 583 2897 Ἰησοῦ,
661 2828 812 2886 ’Λλλ’
884 2829 1021 2892 ἴσως
1085 2828 1247 2887 πάλιν
1319 2828 1636 2908 ἀπορήσειεν
1666 2825 1729 2883 ἂν
1770 2843 1874 2891 τις⁶
1914 2834 2032 2891 [Ιῶς

388 2919 476 2975 οὖν
533 2922 562 2975 6
618 2920 717 2995 μὲν
768 2920 1041 2982 Ματθατός
1084 2942 1248 2999 φησιν
1274 2915 1355 2974 ὅτι
1401 2918 1557 2981 αὐτὸς
1589 2916 1798 2980 ἐκεῖνος
1830 2917 2033 2974 οἰκειο-

387 3008 572 3088 φώνως
628 3022 922 3088 παρῃτεῖτο
994 3006 1165 3064 ἐλθεῖν
1224 3009 1313 3063 τὸν
1360 3006 1617 3083 Ἰησοῦν;
1656 3009 1683 3062 ὅ
1726 3004 1781 3062 δὲ
1826 3012 2032 3069 Λουκᾶς

389 3096 602 3157 ἐνταῦθά
657 3120 819 3178 φησιν
872 3096 953 3153 ὅτι
1010 3096 1230 3172 πέμψας
1286 3094 1573 3172 παρεκάλει
1632 3096 1788 3154 αὐτὸν
1818 3095 1895 3169 μὴ
1937 3093 2033 3150 έλ-

385 3189 496 3244 θετν
528 3209 546 3262 ς
596 3186 802 3245 ’Ἔστιν
860 3187 949 3244 οὖν
1006 3188 1176 3243 εἰπεῖν
1208 3185 1289 3242 ὅτι
1320 3183 1467 3241 οὒδὲν
1499 3186 1676 3241 καινὸν
1703 3186 1793 3241 καὶ
1825 3183 2033 3263 ἐτέρους

386 3276 615 3353 πέμψαι,
681 3278 770 3334 καὶ
829 3277 988 3333 αὑτὸν
1072 3274 1509 3363 ἐλθόντα-,ταῦτα
1578 3272 1775 3353 λέγειν,
1831 3295 2029 3363 παραι-
2049 3311 2090 3363 C

382 3366 638 3441 τούμενον
697 3365 774 3440 μὴ
844 3364 1041 3425 ἐλθεῖν.
1103 3361 1251 3429 Ἀξία
1304 3361 1358 3419 δὲ
1428 3364 1464 3430 ἡ
1518 3364 1696 3427 πίστις
1726 3369 1820 3420 τοῦ
1848 3359 2028 3437 ἀνδρὸς

378 3455 753 3530 θαυμάζεσθαι,
817 3452 1024 3519 ἀνάξιον
1076 3454 1262 3509 ἑαυτὸν
1320 3450 1602 3513 καλοῦντος
1682 3451 1780 3519 τῆς
1836 3448 2029 3517 ἐπιδη-

379 3543 505 3619 μίας
560 3551 653 3600 τοῦ
677 3542 876 3610 Ἰησοῧ.
915 3544 1008 3598 Διὸ
1036 3542 1125 3598 καὶ
1154 3542 1181 3596 6
1209 3538 1403 3617 Κύριός
1434 3562 1619 3620 φησιν,
1653 3537 1759 3613 ὅτι,
1794 3537 1923 3598 Οὐδὲ
1979 3539 2032 3596 ἐν

380 3639 457 3708 τῷ
525 3631 900 3713 Ἰσραηλιτικῷ
954 3630 1071 3705 λαῷ
1112 3629 1376 3695 τοσαύτην
1421 3628 1598 3685 πίστιν
1638 3627 1806 3713 εὗρον.
1854 3627 2033 3687 Ἐθνι-

381 3724 476 3786 κὸς
547 3709 648 3801 γάρ
718 3723 785 3790 ἦν
843 3724 870 3777 6
930 3720 1349 3799 ἑκατόνταρχος,
1402 3719 1510 3775 ἀπὸ
1556 3723 1664 3775 τῶν
1714 3709 2031 3793 Ῥωμαϊκῶν

381 3809 519 3876 ἴσως
573 3809 883 3890 ταγμάτων·
948 3810 1340 3887 ἑκατόνταρχος
1395 3805 1449 3864 δέ
1506 3807 1618 3864 ἐστι
1646 3808 1736 3863 καὶ
1762 3813 1867 3872 πᾶς
1912 3816 2031 3871 νοῦς

383 3898 442 3964 ὃς
526 3899 683 3981 ἂρχει
741 3898 956 3957 πολλῶν
985 3899 1039 3955 ἐν
1080 3904 1260 3971 κακίᾳ,
1305 3896 1594 3975 πράγματα
1628 3894 1803 3953 πολλά
1844 3896 1900 3952 ἐν
1954 3898 2031 3972 τῷ

383 3990 482 4067 βίῳ
514 3988 684 4071 ἔχων.
720 3988 891 4070 ’Ἔχει
935 3986 991 4044 δὲ
1022 3986 1205 4044 δοῦλον
1250 3996 1521 4062 νοσοῦντα,
1555 3987 1617 4043 τὸ
1648 3982 1839 4064 ἄλογον
1870 3986 2028 4065 μέρος

380 4080 483 4147 τῆς
530 4083 741 4160 ψδχῆς,
813 4079 977 4155 θυμὸν
1035 4076 1178 4156 λέγω
1246 4076 1333 4132 καὶ
1363 4074 1664 4151 ἐπιθυμίαν·
1723 4072 1883 4131 δοῦλα
1928 4076 2028 4154 γὰρ

380 4175 547 4228 ταῦτα
601 4170 906 4249 ἐτάχθησαν
951 4167 1115 4225 εἶναι’
1163 4166 1251 4222 καὶ
1277 4162 1618 4223 ἒπικαλεϊται
1646 4165 1738 4221 τὸν
1792 4161 2021 4241 Ἰησοῦν,

379 4258 599 4336 πέμψας
656 4261 787 4339 πρὸς
843 4260 1002 4317 αὐτὸν
1054 4256 1270 4333 μεσίτας
1328 4255 1450 4319 τοὺς
1506 4252 1809 4328 Ἰουδαίους,
1865 4277 2027 4311 τουτ-

381 4350 516 4427 ἐστι,
576 4350 700 4413 τοὺς
756 4352 856 4417 τῆς
905 4345 1339 4424 ἔξομολογήσεως
1381 4342 1667 4421 λογισμούς
1697 4344 1887 4427 τερκαὶ
1928 4341 2029 4400 λύ-

2118 605 2248 665 gam
2276 588 2405 669 ipse
2436 592 2745 653 aedificavit
2786 592 2976 655 nobis.
3033 594 3207 658 Jesus
3247 606 3443 660 autem
3477 588 3598 663 ibat
3631 588 3771 664 cum

2118 675 2257 766 illis.
2301 679 2371 740 Et
2401 698 2533 742 cum
2558 680 2685 759 jam
2710 700 2827 743 non
2860 682 3034 761 longe
3063 682 3348 749 abesseta
3369 688 3574 766 domo,
3611 691 3774 752 misit

2117 764 2190 825 ad
2221 785 2357 827 eum
2391 769 2661 830 centurio
2685 770 2932 847 amicos,
2969 772 3178 835 dicens
3209 774 3288 837 ei:
3332 764 3608 861 Domine,
3645 779 3773 841 noli

2118 854 2338 918 vexari:
2364 875 2482 917 non
2501 857 2663 929 enim
2694 877 2825 920 sum
2856 860 3069 940 dignus
3087 871 3149 924 ut
3170 863 3280 926 sub
3315 872 3536 929 tectum
3572 854 3771 930 meum

2118 941 2712 1025 intres.0uapropter
2734 966 2845 1010 nec
2867 948 3109 1028 dignum
3134 952 3427 1033 meipsum
3450 957 3772 1019 arbitratus

2120 1049 2276 1113 sum,
2309 1038 2373 1092 ut
2393 1035 2653 1095 venirem
2678 1034 2751 1096 ad
2778 1043 2832 1097 te
2861 1038 3001 1100 :sed
3024 1039 3119 1100 dic
3150 1040 3353 1113 verbo,
3385 1048 3443 1105 et
3466 1044 3774 1107 sanabitur

2121 1139 2270 1202 puer
2298 1140 2489 1215 meus.
2517 1121 2661 1215 Nam
2693 1134 2751 1185 et
2780 1144 2887 1215 ego
2920 1127 3098 1189 homo
3131 1148 3261 1191 sum
3320 1132 3429 1194 sub
3484 1142 3773 1215 potestate

2120 1210 2498 1291 constitutus,
2533 1210 2762 1275 haliens
2794 1213 2904 1275 sub
2934 1234 3028 1277 me
3061 1216 3300 1291 milites,
3339 1228 3397 1281 et
3426 1210 3561 1283 dico
3592 1222 3767 1286 huic:

2116 1299 2302 1379 Vade,
2330 1307 2386 1359 et
2411 1299 2568 1360 vadit
2593 1322 2605 1359 :
2634 1309 2692 1363 et
2714 1302 2925 1364 alteri:
2960 1303 3130 1379 Veni,
3164 1315 3221 1367 et
3268 1308 3431 1370 venit
3459 1330 3472 1369 :
3500 1318 3557 1371 et
3599 1329 3770 1373 servo

2118 1405 2280 1463 meo,
2316 1389 2431 1450 Fac
2463 1388 2599 1466 hoc,
2643 1399 2702 1453 et
2742 1392 2895 1453 facit.
2944 1392 3180 1457 Auditis
3217 1405 3418 1460 autem
3466 1398 3561 1460 his
3601 1401 3772 1463 Iesus

2118 1477 2366 1538 miratus
2399 1486 2489 1538 est
2512 1497 2672 1552 eum,
2704 1492 2763 1540 et
2793 1499 3114 1544 conversus
3165 1486 3440 1565 sequenti
3489 1506 3553 1549 se
3587 1488 3773 1551 turbae

2113 1565 2257 1628 dixit
2285 1586 2297 1627 :
2324 1565 2467 1627 Dico
2487 1566 2763 1642 vobis,ne
2784 1570 2845 1630 in
2874 1572 3052 1634 Israel
3076 1573 3318 1654 quidem
3345 1583 3569 1639 tantam
3592 1578 3772 1640 ﬁdem

2114 1654 2418 1717 inveni.Et
2439 1658 2663 1718 reversi
2683 1659 2781 1738 qui
2809 1660 2970 1721 missi
2992 1661 3225 1724 fuerant
3240 1664 3302 1725 in
3327 1663 3771 1742 domum,inveo

2116 1754 2333 1807 nerunt
2352 1762 2587 1806 servum
2607 1747 2705 1827 qui
2728 1747 3034 1828 languerat
3053 1769 3328 1814 sanum.»
3358 1752 3524 1817 Idem
3557 1763 3647 1817 est
3674 1757 3772 1818 hic

2115 1852 2247 1895 cum
2292 1833 2392 1894 illo
2434 1853 2611 1915 quem
2654 1836 2969 1900 Matthazus
2997 1839 3185 1918 ponit,
3213 1842 3447 1904 etiamsi
3478 1862 3595 1905 non
3614 1844 3775 1907 dicat

2116 1923 2423 1985 Matthaeus
2445 1923 2601 2003 quod
2638 1925 2869 1987 miserit
2895 1923 3382 2008 Judaeos,rogans
3413 1939 3473 1994 et
3493 1951 3669 1995 orans
3690 1932 3770 1994 il-

2114 2012 2658 2075 illum.Verisimile
2678 2014 2837 2075 enim
2863 2023 2952 2077 est
2973 2018 3130 2098 quod
3150 2021 3407 2099 primum
3435 2019 3775 2083 miseritJu-

2115 2100 2524 2191 dgos,deinde
2547 2102 2722 2163 etiam
2741 2103 2871 2184 ipse
2892 2106 3318 2180 venerit.Quod
3336 2108 3514 2188 igitur
3531 2118 3773 2191 praeter-

2118 2190 2287 2253 misit
2304 2191 2634 2265 Matthaeus,
2669 2192 2781 2254 hoc
2805 2193 2950 2255 dicit
2970 2194 3481 2262 Lucas.Fortassis
3503 2190 3562 2261 et
3580 2198 3771 2262 Judaei

2116 2278 2718 2344 invidiatabescentes
2731 2301 2848 2343 non
2864 2285 3771 2363 permiseruntcenturionemad

2116 2369 2299 2453 pedes
2317 2367 2347 2431 J
2354 2386 2459 2431 esu
2478 2370 2921 2434 venirezfuisset
2940 2375 3097 2435 enim
3120 2375 3234 2436 hoc
3250 2376 3310 2437 in
3334 2376 3584 2456 gloriam
3605 2379 3771 2453 Jesu,

2116 2462 2166 2523 si
2190 2459 2449 2538 denique
2484 2457 2613 2538 ipse
2645 2472 2897 2540 urgente
2930 2464 3283 2528 necessitate
3319 2467 3674 2528 accessisset
3698 2466 3772 2528 ad

2114 2546 2467 2611 Jesum.Sed
2484 2547 2645 2610 forte
2659 2547 2874 2611 iterum
2898 2550 3031 2631 quis
3053 2551 3773 2633 interrogaritanomodo

2121 2637 2305 2717 igitur
2323 2635 2627 2697 Matthaaus
2647 2637 2790 2699 dicit
2813 2640 2973 2719 quod
3019 2640 3118 2702 ille
3157 2642 3397 2723 propria
3422 2662 3568 2706 voce
3591 2643 3776 2706 obse-

2118 2726 2297 2789 crarit
2323 2733 2388 2785 ut
2414 2724 2645 2787 veniret
2671 2727 2867 2798 Jesus,
2906 2729 3094 2793 Lucas
3124 2749 3263 2793 vero
3315 2732 3429 2793 hoc
3474 2732 3604 2795 loco
3631 2732 3778 2794 dicit

2116 2814 2272 2896 quod
2303 2815 2479 2877 amici
2518 2814 2890 2878 obsecrarint
2914 2836 3051 2879 eum
3087 2838 3163 2881 ne
3194 2820 3770 2885 veniatiDicendum

2115 2904 2314 2985 itaque
2346 2904 2505 2984 quod
2530 2904 2676 2994 nihil
2696 2924 2912 2967 novum
2936 2907 3115 2969 etiam
3138 2909 3290 2971 alios
3310 2911 3642 2989 mittere,et
3667 2930 3776 2994 per

2115 3011 2182 3055 se
2212 2991 2434 3067 venire,
2460 3000 2518 3053 et
2551 2993 2760 3054 eadem
2791 2994 2995 3065 dicere
3026 3014 3095 3058 ac
3120 2997 3427 3077 deprecari
3456 3018 3532 3063 ne
3549 2991 3767 3062 veniat.

2116 3081 2301 3160 Digna
2326 3089 2524 3142 autem
2557 3080 2665 3141 viri
2707 3082 2857 3144 ﬁdes
2879 3091 2972 3144 est
2992 3103 3167 3164 quam
3192 3086 3585 3164 admiremur,
3619 3089 3774 3151 indi-

2115 3188 2296 3249 gnum
2326 3187 2391 3230 se
2420 3169 2682 3231 vocantis
2710 3170 2964 3233 adventu
2992 3171 3135 3235 Jesu
3166 3174 3391 3246 Idcirco
3409 3176 3775 3241 etDominus

2114 3258 2259 3321 dicit
2275 3258 2431 3339 quod
2456 3276 2652 3336 neque
2674 3258 2734 3319 in
2756 3260 3086 3323 Israelitico
3111 3264 3328 3344 populo
3355 3272 3572 3327 tantam
3592 3266 3772 3329 [idem

2114 3346 2429 3409 invenerit.
2464 3345 2713 3409 Gentilis
2743 3348 2905 3409 enim
2950 3357 3077 3411 erat
3099 3353 3399 3435 centurio,
3426 3353 3672 3418 forsitan
3704 3374 3775 3418 ex

2113 3436 2520 3500 Romanorum
2575 3436 2944 3499 cohortibus.
2982 3437 3265 3523 centurio
3315 3460 3552 3523 quoque
3578 3445 3773 3506 omnis

2117 3535 2285 3605 mens
2315 3525 2404 3578 est
2435 3533 2582 3605 Aquae
2641 3524 2854 3592 praeest
2890 3518 3111 3605 _multi_s
3142 3520 3202 3605 in
3235 3518 3479 3598 malitia,
3530 3524 3627 3585 cui
3669 3543 3776 3605 per

2116 3598 2292 3659 vitam
2328 3598 2511 3657 multa
2542 3605 2679 3656 sunt
2705 3597 3031 3682 _negotia,et
3056 3599 3241 3682 habet
3289 3597 3527 3664 servum
3576 3597 3770 3682 agro-

2117 3684 2602 3762 tantem,partem
2621 3677 2835 3762 animae
2855 3677 3102 3762 rationis
3122 3682 3611 3762 expertem,iram
3633 3677 3773 3749 dico

2116 3768 2175 3821 et
2191 3756 3040 3837 concupiscentiam:ordinata
3064 3756 3224 3822 enim
3243 3771 3382 3824 sunt
3405 3756 3530 3825 haec
3552 3773 3616 3825 ut
3636 3782 3769 3827 ser-

2116 3841 2307 3902 viant:
2336 3847 2394 3921 et
2413 3837 2854 3921 accesitJesum
2876 3839 3172 3921 mittitque
3188 3842 3262 3902 ad
3283 3842 3453 3904 illum
3475 3844 3770 3907 interces-

2115 3937 2285 4000 sores
2332 3915 2594 4000 Judaeos,
2627 3919 2763 4000 517
2806 3918 2918 4000 hoc
2960 3928 3050 3980 est
3073 3915 3478 4000 cogitationes
3502 3933 3561 3984 et
3596 3926 3772 3987 verba

2116 3998 2530 4080 confessionis.
2566 3998 2947 4080 Judasenim
2982 3998 3409 4080 interpretatur
3443 4005 3767 4068 confessio.

2111 4079 2320 4143 Nonne
2340 4078 2500 4140 enim
2521 4078 2915 4140 confessionis
2932 4089 2990 4141 et
3007 4078 3357 4145 humilitatis
3378 4084 3559 4146 verba
3578 4093 3756 4150 snnt:

2111 4169 2241 4234 Non
2258 4187 2389 4230 sum
2421 4166 2631 4246 dignus
2673 4181 2737 4230 ut
2757 4167 3114 4247 ingrediaris
3136 4170 3245 4232 sub
3271 4180 3489 4235 tectum
3518 4193 3721 4237 meum
3741 4176 3774 4237 ‘I

2113 4252 2442 4329 etc.ltaque
2467 4265 2600 4310 cum
2625 4248 2753 4310 haec
2773 4249 3099 4311 crediderit
3115 4250 3174 4310 in
3200 4252 3420 4320 Jesum.
3445 4255 3645 4317 statim
3670 4274 3772 4317 re-

2113 4339 2258 4421 cipit
2276 4355 2508 4399 servum
2524 4354 2694 4398 suum
2715 4338 3104 4418 sanum,iram
3126 4340 3741 4421 etconcupiscentiam
3755 4392 3771 4408 .

380 4412 533 4519 γουξ.
566 4412 765 4503 Ἰούδας
799 4412 897 4516 ψὰρ
940 4412 1324 4513 ἐξξμολξςγησις
1370 4412 1738 4508 ἑρμηνεύεται.
1772 4412 1859 4489 ιὶΗ
1900 4432 2001 4512 γὰρ
2027 4435 2123 4490 οὒκ
2149 4412 2833 4519 ἐξομολογήσεωςὲῥηματα
2862 4412 2950 4519 καί
2992 4428 3365 4495 ταπεινώσεως
3392 4412 3492 4511 πὸ,
3522 4434 3630 4489 Οὐκ
3660 4434 3769 4509 εἰμὶ

379 4516 521 4594 ἀξιος
551 4529 646 4586 ’ίνα
674 4549 777 4601 μου
805 4527 907 4583 ὑπὸ
935 4527 1034 4593 τὴν
1067 4523 1261 4603 στέγην
1317 4520 1580 4597 εἰσέλθῃς,
1618 4522 1707 4576 καὶ
1733 4520 1800 4577 τὰ
1840 4519 1985 4589 ἑξῆς.
2040 4519 2331 4582 Πιστεύσας
2362 4523 2451 4573 οὖν
2482 4522 2632 4580 οὗτος
2664 4516 2751 4571 επὶ
2780 4517 2869 4572 τὸν
2916 4516 3146 4594 Ἰησοῦν,
3179 4519 3395 4598 ταχέως
3427 4518 3771 4597 ἀπολήψεται

378 4620 470 4675 τὸν
496 4616 681 4677 δοῦλον
725 4621 882 4678 αὒτοῦ
905 4614 1205 4695 ὑγιαίνοντα
1238 4632 1254 4649 ⁸
1287 4613 1381 4668 τὸν
1409 4613 1574 4713 θυμὸν
1604 4610 1860 4713 λέγωκαὶ
1902 4613 2002 4713 τῂν
2033 4610 2334 4713 ἐπιθυμίαν.
2421 4696 2437 4713 ι
2462 4696 2477 4713 .
2538 4693 2601 4713 m
2732 4692 2797 4713 ΠΛ
2829 4693 2854 4713 ﬁ
2923 4700 2935 4713 ι
3150 4701 3162 4713 ι
3235 4694 3251 4713 ἱ
3299 4695 3312 4708 θ
3561 4697 3596 4713 η
3662 4708 3672 4713 _
3711 4700 3724 4713 ο

467 4732 493 4764 α
568 4712 668 4768 Καὶ
714 4707 923 4787 ἐγένετο
952 4692 1034 4761 “ὲν
1085 4710 1164 4779 τῷ
1235 4702 1379 4783 ἑξῆς,
1438 4701 1718 4781 ἐπορεύετο
1747 4701 1821 4764 εἰς
1869 4701 2023 4760 πόλιν

2188 4697 2378 4761 VEns.
2413 4696 2505 4757 ll-
2536 4693 2628 4757 16.
2670 4716 2693 4750 α
2730 4692 2801 4755 Ει
2826 4693 3045 4787 factum
3078 4701 3189 4787 est,
3217 4694 3503 4778 deinceps
3556 4697 3679 4761 ibat
3707 4700 3770 4762 in

377 4796 717 4876 καλουμένην
786 4801 948 4861 Ναῖν,
998 4796 1096 4854 Καὶ
1160 4792 1567 4876 συνεπορεύοντο
1605 4789 1748 4865 αύτῷ
1797 4792 2028 4866 μαθηταὶ

379 4873 559 4948 αὖτοῦὝ
580 4888 769 4962 ἱκανοὶ,
803 4887 889 4944 καὶ
911 4884 1077 4966 ὅχὶος
1122 4881 1314 4947 πολύς.
1351 4873 1445 4945 Ὠς
1479 4878 1533 4936 δὲ
1563 4878 1752 4959 ἤγγισε
1782 4885 1849 4954 τῇ
1881 4878 2024 4948 πύλη

376 4983 480 5045 τῆς
539 4976 773 5058 πόλεως,
824 4977 913 5033 καὶ
987 4970 1096 5031 ἰδοὺ
1171 4970 1520 5058 ἐξεκομίζετο-
1579 4969 1847 5058 τεθνηκὼς
1915 4970 2025 5025 uid:

379 5067 674 5147 μονογενὴς
732 5055 801 5142 τῇ
857 5063 1020 5143 μητρὶ
1077 5059 1257 5134 αὐτοῦ,
1315 5059 1404 5116 καὶ
1460 5055 1593 5124 αὕτη
1621 5057 1687 5125 ἧν
1714 5057 1886 5147 χήραν
1937 5059 2025 5114 καὶ

381 5144 548 5237 ὄχλος
606 5161 706 5224 τῆς
757 5154 967 5217 πόλεως
997 5153 1178 5215 ἱκανὸς
1248 5150 1341 5237 σὺν
1372 5148 1530 5224 αὐτῇ,
1567 5147 1664 5205 Καὶ
1695 5144 1817 5202 ἰδὼν
1860 5147 2025 5215 αὐτὴν

378 5223 456 5303 6"
475 5248 691 5326 Κύριος,
743 5242 1145 5323 ἐσπλαγχνίσθη
1197 5235 1283 5296 ἐπ’
1341 5241 1498 5314 αὐτῇ,
1557 5237 1646 5292 καὶ
1683 5239 1839 5292 εἶπεν
1867 5239 2021 5326 αὐτῇ·

378 5337 472 5405 Μὴ
540 5324 724 5398 κλαῖε.
802 5335 901 5393 Καὶ
954 5329 1259 5411 προσελθὼν
1318 5327 1498 5404 4ἥψατο
1527 5331 1627 5393 τῆς
1671 5331 1847 5401 σοροῦ.
1884 5327 1944 5383 Οἱ
1968 5324 2023 5381 δὲ

2111 4787 2409 4850 civitatem
2433 4801 2567 4865 quae
2597 4791 2837 4844 vocatur
2860 4782 3009 4845 Nain
3034 4801 3047 4846 :
3071 4791 3131 4845 et
3147 4783 3314 4846 ibant
3333 4805 3471 4848 cum
3493 4804 3562 4849 eo
3596 4789 3772 4851 disci-

2109 4876 2231 4959 puli
2286 4875 2417 4954 ejus
2467 4871 2663 4950 multi,
2722 4872 3015 4953 turbaque
3056 4874 3318 4955 copiosa.
3364 4878 3511 4938 Cum
3569 4886 3766 4941 autem

2108 4965 2612 5048 apprOpinquaret
2660 4970 2844 5043 portae
2893 4961 3173 5040 civitatis,
3238 4981 3381 5028 ecce
3444 4965 3767 5032 defunctus

2107 5054 2464 5117 efferebatur
2486 5051 2640 5113 ﬁlius
2670 5052 2882 5113 unicus
2927 5051 3100 5113 matri
3131 5071 3269 5125 suae,
3307 5062 3361 5117 et
3409 5055 3535 5118 haec
3595 5056 3769 5120 vidua

2107 5153 2280 5207 erat:
2317 5147 2378 5206 et
2408 5140 2581 5202 turba
2638 5140 2897 5203 civitatis
2958 5141 3139 5203 multa
3197 5160 3333 5207 cum
3387 5143 3513 5209 illa.
3577 5144 3763 5219 Quam

2110 5252 2247 5296 cum
2282 5230 2521 5293 vidisset
2551 5229 2859 5305 Dominus,
2898 5229 3309 5295 misericordia
3355 5241 3554 5296 motus
3585 5253 3767 5316 super

2109 5340 2261 5395 eam,
2297 5319 2442 5382 dixit
2487 5318 2617 5381 illi:
2652 5318 2788 5381 Noli
2819 5319 2989 5382 flere.
3024 5318 3098 5381 Et
3146 5324 3400 5383 accessit
3450 5323 3762 5407 tetigitque

376 5427 728 5504 βαστάζοντες
783 5408 1035 5491 ἔστησαν.
1112 5420 1212 5479 Καὶ
1243 5419 1390 5492 εἶπε,
1426 5417 1702 5504 Νεανίσκε,
1743 5415 1825 5504 σοὶ
1854 5412 2018 5504 λέγω,

2114 5411 2388 5474 loculum.
2417 5411 2597 5470 Porro
2620 5408 2737 5504 qui.
2757 5408 3097 5488 portabant,
3109 5411 3625 5504 substiteruntEt
3654 5416 3757 5481 ait:

375 5496 639 5596 ἐγέρθητι,
715 5514 814 5572 Καὶ
870 5510 1179 5568 ἀνεκάθισεν
1236 5510 1264 5564 6
1319 5506 1525 5596 νεκρδςρ
1555 5506 1644 5562 καὶ
1671 5501 1864 5596 ἧρξαξτο
1881 5501 2016 5596 ,λοξῗ

2114 5501 2489 5573 Adolescens,
2528 5498 2646 5596 tibi.
2680 5496 3070 5596 dico,_surge.
3108 5501 3180 5596 Iit
3208 5502 3436 5596 resedit
3481 5506 3583 5596 qui
3636 5518 3765 5569 erat

374 5586 516 5664 λετν·
566 5606 656 5663 καὶ
708 5601 901 5660 ἔδωκεν
961 5601 1116 5658 αὒτὸν
1172 5603 1243 5675 τῇ
1271 5596 1432 5674 μητρὶ
1472 5594 1649 5653 αὐτοῦ.
1712 5590 1930 5649 ’Ἔλαϐε
1959 5591 2013 5648 δὲ

2114 5599 2393 5671 nortuus,
2414 5594 2475 5651 et
2496 5588 2677 5669 coepit
2707 5586 2892 5669 loqui,
2920 5599 2981 5650 et
3011 5588 3178 5652 dedit
3207 5590 3373 5653 illum
3409 5595 3583 5657 matri
3608 5614 3755 5657 suae.

374 5694 536 5780 φόϐος
592 5694 817 5768 πάντας,
876 5694 964 5749 καὶ
1021 5688 1256 5758 ὶδόξαζον
1311 5687 1405 5743 τὸν
1436 5687 1588 5760 Θεὸν,
1633 5683 1901 5762 λέγοντες,
1929 5682 2010 5740 ὅτι

2114 5678 2349 5760 Accepit
2372 5688 2576 5741 autem
2596 5695 2805 5739 omnes
2826 5678 3092 5753 timor,et
3106 5679 3521 5761 glorificabant
3538 5683 3724 5747 Deum
