4202 6458
514 430 627 496 783

1457 436 2055 500 THEOPHYLACTI
2098 436 2511 499 BULGARIE
2554 393 2915 500 Ananiae.

3777 442 3898 507 784

500 564 774 627 dicentes
802 584 822 624 :
856 564 1155 645 Propheta
1182 584 1430 646 magnus
1459 570 1713 631 surrexit
1742 570 1899 634 inter
1939 586 2067 639 nos,
2104 586 2119 628 ι

2204 570 2532 647 ὶΠροφήτης
2592 570 2761 647 μέγας
2834 570 3116 649 ἐγήγερται
3174 575 3231 628 ἒν
3300 574 3462 650 ἡμῖν,
3512 576 3600 630 καὶ
3654 575 3735 631 ὃτι
3793 576 3898 632 ἒπ-

498 653 657 715 Deus
682 653 944 717 visitavit
976 654 1210 734 plebem
1243 674 1472 718 suam.»
1500 657 1812 739 Postquam
1843 658 2115 721 centurio

2241 657 2509 731 εσκέψατο
2565 658 2593 714 ὅ
2667 660 2796 722 Θεὸς
2824 661 2917 715 τὸν
2989 660 3169 723 αὐτοῦ.
3210 684 3233 719 ι)
3287 660 3504 732 Ἐπειδή
3534 685 3631 741 περ
3662 666 3754 719 τὸν
3803 668 3898 720 τοῦ

498 742 589 803 nis
618 761 853 804 servum
893 742 1068 804 etiarn
1104 742 1325 806 absens
1351 748 1603 827 sanavit,
1639 748 1800 810 aliud
1838 748 2032 809 rarius
2061 748 2151 809 fa-

494 831 573 893 cit
601 832 971 893 miraculum.
1009 836 1099 894 Ne
1121 834 1253 915 quis
1272 834 1449 909 dicat,
1482 834 1554 896 Et
1584 836 1725 916 quid
1759 838 1891 899 novi
1927 838 1987 898 in
2036 838 2149 898 hoc

493 937 671 983 servo
692 920 968 999 contigit?
1000 920 1269 985 fortassis
1299 923 1521 1003 alioqui
1574 943 1689 986 non
1744 925 1951 987 fuisset
1981 944 2147 986 mor-

495 1017 655 1085 tuus,
689 1019 1007 1090 propterea
1068 1021 1365 1073 mortuum
1420 1011 1593 1073 illum
1627 1014 1730 1091 qui
1770 1014 2148 1085 efferebatur,

491 1099 907 1163 suscitat.Non
941 1102 1131 1162 solum
1167 1110 1369 1163 autem
1394 1103 1572 1163 verbo
1604 1103 1747 1164 facit
1770 1103 2145 1177 miraculum,

489 1187 598 1251 sed
629 1197 688 1251 et
716 1188 977 1253 loculum
1013 1191 1199 1270 tangit
1235 1213 1248 1254 :
1285 1201 1350 1253 ut
1379 1191 1677 1253 discamus
1724 1193 1880 1274 quod
1933 1211 2149 1273 corpus

489 1283 621 1362 ejus
649 1300 870 1365 corpus
900 1282 1196 1344 vivificum
1229 1283 1627 1356 sit.Quoniam
1666 1286 1824 1346 enim
1857 1303 1994 1347 caro
2018 1287 2146 1365 ejus

486 1368 641 1433 facta
669 1380 759 1433 est
791 1372 1030 1452 propria
1052 1371 1238 1437 Verbi
1268 1373 1468 1433 omnia
1496 1372 1865 1455 viviﬁcantis,
1884 1383 2131 1455 propte-

487 1478 591 1522 rea
618 1460 852 1522 viviﬁca
872 1470 963 1523 est
994 1472 1053 1522 et
1082 1462 1233 1541 ipsa,
1268 1461 1537 1540 tollitque
1569 1472 1821 1523 mortem
1856 1471 2108 1525 etcorru

486 1550 774 1631 ptionem.
809 1548 991 1611 Porro
1024 1550 1251 1612 resedit
1292 1560 1581 1632 mortuus,
1616 1561 1677 1614 et
1730 1553 1906 1631 ccepit
1945 1552 2133 1633 loqui,

484 1645 550 1699 ut
580 1656 655 1701 ne
686 1648 1044 1719 apparenter
1074 1648 1298 1700 tantum
1330 1639 1685 1720 quibusdam
1714 1642 2032 1702 suscitatus
2058 1641 2137 1701 vi-

483 1726 715 1791 deatur.
740 1726 887 1790 Nam
921 1747 1073 1790 verae
1095 1729 1555 1790 resurrectionis
1586 1729 1819 1808 signum
1864 1729 1993 1804 fuit,
2030 1749 2131 1792 re-

483 1816 684 1879 sidere
714 1828 774 1880 et
803 1817 991 1897 loqui.
1024 1816 1418 1880 Inanimatum
1471 1818 1631 1879 enim
1681 1837 1899 1899 corpus
1937 1838 2132 1900 neque

2240 746 2642 833 ἑκατοντάρχου
2696 746 2879 806 δοῦλον
2962 751 3083 827 ὑγιᾶ
3138 752 3226 805 γαὶ
3278 750 3358 833 μὴ
3398 753 3581 831 παρὼν
3614 752 3890 833 ἐποίησεν,

2234 832 2411 914 ἕτερον
2464 837 2768 916 καινότερον
2826 839 3245 916 θαυματουργεῖ,
3321 830 3446 897 ’Ἰνα
3480 830 3600 920 ίγὰρ
3673 844 3751 917 μὴ
3807 830 3890 908 τις

2234 924 2388 1002 ε’ίπῃ,
2438 927 2536 984 Καὶ
2578 926 2627 982 τί
2657 929 2838 983 καινὸν
2868 927 2953 984 ἐπὶ
2983 934 3047 1000 τᾷ
3076 925 3246 1003 δούλῳ
3268 928 3516 997 ἐποίησεν
3550 950 3566 1007 ;
3606 921 3752 995 Ἰσως
3784 931 3884 1011 γόιρ

2238 1012 2354 1070 οὐδὲ
2425 1014 2681 1071 ἀπέθανεν
2737 1014 2799 1073 ἄν
2856 1013 3063 1090 δοῦλος,
3097 1014 3180 1075 διὰ
3207 1023 3359 1074 τοῦτο
3410 1020 3502 1074 τὸν
3529 1021 3889 1095 ἒκκομιζόμε-

2233 1123 2321 1157 νον
2380 1100 2585 1159 ἐκεῖνον
2641 1105 2823 1182 νεκρὸν
2854 1105 3061 1175 ἂνιστᾷ.
3096 1108 3168 1164 O6
3195 1103 3343 1184 λόγῳ
3385 1104 3439 1162 δὲ
3490 1110 3885 1187 θαυματουργεῖ

2232 1191 2417 1266 μόνον,
2481 1192 2616 1249 ἀλλὰ
2672 1195 2760 1249 καὶ
2816 1198 2914 1261 τῆς
2966 1202 3125 1273 σοροῦ
3179 1194 3429 1252 ἅπτεταιο
3487 1194 3582 1253 ἵνα
3633 1198 3886 1274 μάθωμεν

2230 1280 2309 1337 ὅτι
2365 1284 2426 1338 τὸ
2499 1290 2654 1358 σῶμα
2712 1287 2869 1342 αὐτοῦ
2930 1286 3085 1359 σῶμα
3158 1290 3301 1355 ζωῆς
3332 1284 3497 1349 ἐστιν,
3533 1284 3752 1353 Ἐπειδὴ
3784 1289 3885 1367 γὰρ

2222 1367 2324 1432 ἰδία
2395 1370 2581 1449 γέγονε
2644 1380 2738 1429 τοῦ
2795 1373 2967 1450 Λόγου
3024 1374 3057 1439 ἡ
3134 1371 3258 1451 σὰρξ
3307 1385 3399 1433 τοῦ
3455 1376 3628 1431 πάντα
3675 1382 3883 1455 ζωογο-

2221 1465 2454 1532 νοῦντος,
2530 1458 2614 1514 διὰ
2672 1466 2827 1516 τοῦτο
2883 1461 3147 1531 ζωοποιός
3211 1460 3322 1518 ἐστι
3390 1464 3477 1520 καὶ
3551 1461 3711 1538 αὕτη,
3791 1466 3879 1520 καὶ

2220 1548 2442 1604 θανάτου
2502 1550 2589 1604 καὶ
2651 1551 2840 1627 φθορᾶς
2899 1549 3226 1628 ἀναιρετική.
3289 1550 3627 1608 ’Λνεκάθισεν
3699 1551 3787 1608 οὗν
3846 1555 3875 1609 6

2220 1638 2425 1716 νεκρὸς,
2487 1638 2574 1693 καὶ
2636 1637 2829 1716 ἤρξατο
2884 1637 3094 1712 λαλεῖν,
3141 1639 3233 1695 ἵνα
3277 1641 3354 1716 μὴ
3384 1642 3520 1697 κατὰ
3581 1644 3869 1721 φαντασίαν

2217 1723 2341 1801 δοξῃ
2398 1727 2531 1782 τισὶν
2600 1726 2904 1806 ἐγηγέρθαι,
2964 1725 3070 1789 Καὶ
3111 1728 3211 1806 γὰρ
3257 1727 3482 1795 ἀληθοῦς
3532 1730 3868 1794 ἀναστάσεως

2218 1828 2447 1889 σημεῖα,
2526 1816 2588 1871 τὸ
2635 1815 2941 1871 ἆνακαθίσαι
3024 1818 3111 1872 καὶ
3182 1817 3443 1884 λαλῆσαι·
3500 1818 3615 1874 ἐπεί
3670 1820 3751 1876 τοι
3806 1840 3866 1898 γε

479 1905 777 2000 residere,
810 1924 1007 2000 neque
1036 1906 1199 1987 loqui
1231 1905 1705 2000 potest.Viduam
1728 1918 1924 2000 autem
1958 1908 2119 2000 in_tel

2220 1902 2429 1983 ἄψυχον
2482 1910 2638 1978 σῶμα
2711 1904 2826 1961 οὔτε
2885 1904 3220 1982 ἆνακαθίσαι,
3280 1905 3397 1963 οὔτε
3439 1906 3673 1974 λαλῆσαι
3703 1906 3865 1965 δόνα-

482 1994 634 2074 ligas
665 2002 724 2056 et
759 1995 1045 2070 animam,
1079 2014 1211 2077 quae
1249 1996 1438 2057 virum
1490 2013 1685 2072 suum,
1724 1996 1970 2058 verbum
2000 1997 2119 2073 Dei,

2216 2014 2328 2054 ται,
2404 1993 2585 2070 Χήραν
2616 1989 2671 2048 δὲ
2702 1994 2911 2063 νοήσεις
2946 1997 3034 2051 καὶ
3062 1995 3158 2063 τὴν
3191 1996 3377 2075 ψυχὴν
3407 1995 3507 2063 τὴν
3564 1993 3864 2054 ἀποϐαλοῦ-

479 2086 584 2164 qui
636 2084 861 2147 bonum
906 2085 1220 2149 seminavit
1268 2103 1499 2166 semen,
1531 2086 1765 2148 amisit:
1803 2086 1961 2148 filius
1992 2105 2131 2148 vero

476 2175 629 2255 ejus,
665 2192 837 2236 mens
867 2182 1099 2236 mortua
1131 2182 1240 2249 est,
1268 2184 1325 2234 et
1346 2174 1593 2236 effertur
1614 2185 1781 2236 extra
1810 2194 2127 2256 supernam

475 2264 797 2338 civitatem,
827 2264 1200 2337 Jerusalem;
1248 2264 1413 2343 regio
1471 2264 1631 2324 enim
1678 2263 1994 2325 viventium
2026 2265 2127 2327 illa

474 2363 583 2416 est.
616 2353 879 2417 Proinde
906 2354 1193 2416 Dominus
1240 2354 1652 2424 misericordia
1705 2364 1899 2416 motus
1943 2355 2127 2434 tangit

476 2443 756 2507 loculum.
794 2444 1057 2506 Loculus
1116 2443 1330 2505 mentis
1372 2451 1464 2505 est
1493 2461 1732 2522 corpus.
1768 2445 2122 2523 Sepulcrum

473 2532 633 2595 enim
669 2540 730 2594 et
758 2533 992 2595 loculus
1023 2551 1237 2614 corpus
1263 2540 1372 2607 est,
1405 2531 1565 2594 unde
1596 2540 1654 2593 et
1676 2531 1866 2595 Graeci
1905 2551 2122 2613 corpus

477 2629 632 2699 σῶμα
665 2632 894 2697 vocant,
928 2623 1097 2703 quasi
1129 2629 1300 2701 σῆμα,
1332 2622 1444 2684 hoc
1474 2629 1561 2683 est
1590 2621 2120 2699 sepulcrum.Tac-

472 2720 533 2772 to
564 2719 761 2774 autem
819 2729 1078 2789 corpore
1110 2710 1399 2772 Dominus
1429 2710 1673 2771 suscitat
1705 2719 1989 2788 mentem,
2017 2712 2121 2791 ju-

477 2800 731 2861 venilem
779 2811 841 2862 et
881 2800 1095 2862 fortem
1134 2799 1296 2859 illam
1329 2799 1574 2875 faciens,
1611 2800 2033 2881 quaaresidet,
2066 2809 2124 2863 et

466 2856 539 2951 ui
551 2856 839 2951 ’ὲίἱςζὲῖιαῐέ
874 2856 1112 2952 illiilli}
1134 2856 2124 2969 agilia:ge‘gcsi;'a;eipis1g;

470 2979 596 3059 qui,
624 2978 734 3039 hoc
752 2986 863 3053 est,
897 2979 1119 3041 docere
1148 2976 1606 3048 alios.Quandiu
1635 2977 1793 3039 enim
1818 2978 1875 3039 in
1910 2997 2119 3059 pecca-

469 3074 526 3129 to
553 3067 1005 3142 detinetur,non
1039 3073 1231 3146 potest
1264 3065 1484 3128 docere
1509 3074 1568 3127 et
1598 3065 1926 3147 loqui,quis
1959 3068 2118 3131 enim

463 3156 522 3218 ei
552 3156 873 3220 crederet?

2218 2102 2312 2137 σαν
2354 2081 2446 2137 τὸν
2474 2079 2631 2159 ἄνδρα
2677 2085 2858 2152 αὐτῆς,
2897 2085 2989 2138 τὸν
3019 2082 3179 2162 λόγον
3210 2092 3303 2141 τοῦ
3347 2087 3498 2155 Θεοῦ,
3546 2086 3637 2141 τὸν
3692 2085 3866 2163 ἀγαθὰ

2214 2169 2493 2248 σπέρματα
2563 2173 2867 2249 σπείρσντα,
2930 2174 3049 2235 Υὶὸς
3107 2171 3161 2229 δὲ
3191 2175 3387 2241 ταύτης
3432 2176 3460 2230 6
3505 2180 3646 2247 νοῦς,
3694 2176 3721 2230 6
3766 2195 3865 2231 τε-

2209 2260 2417 2325 θνηκὼς
2446 2259 2535 2315 καὶ
2591 2258 2689 2324 ἔξω
2750 2265 2849 2327 τῆς
2913 2260 3146 2337 πόλεως,
3180 2268 3279 2328 τῆς
3331 2261 3441 2318 ἂνω
3487 2253 3857 2341 Ἰερουσαλὴμ,

2208 2348 2590 2424 κομιζόμενος.
2653 2351 2810 2429 Χώρα
2892 2351 2992 2429 γὰρ
3023 2356 3125 2405 τῶν
3168 2351 3382 2422 ζώντων
3425 2351 3562 2407 ἐστὶν
3595 2350 3795 2419 ἐκείνη⁶
3828 2355 3856 2408 6

2206 2444 2332 2514 γοῦν
2406 2439 2595 2516 Κύριος
2666 2436 3105 2517 σπλαγχνισθεὶς,
3189 2439 3412 2496 ἅπτεται
3505 2441 3599 2508 τῆς
3674 2451 3850 2519 σοροῦ.

2205 2528 2371 2598 Σορὸς
2410 2524 2481 2582 -δὲ
2566 2533 2656 2583 τοῦ
2708 2533 2820 2604 νοῦ,
2877 2530 2938 2585 τὸ
2969 2535 3148 2603 σῶμα.
3204 2530 3380 2607 Τάφος
3411 2531 3510 2607 γὰρ
3553 2529 3717 2593 ὄντως
3766 2532 3856 2587 καὶ

2208 2619 2357 2690 σῆμα
2410 2617 2472 2671 τὸ
2524 2622 2704 2691 σῶμα.
2770 2618 2917 2674 Καθὰ
2966 2618 3053 2674 καὶ
3123 2638 3259 2683 τινες
3318 2621 3475 2675 εἷπον
3519 2621 3646 2678 αὐτὸ
3706 2619 3852 2692 σῆμα

2208 2704 2374 2776 εἶναι,
2434 2703 2676 2761 τουτέστι
2733 2706 2922 2784 τάφον,
3001 2696 3301 2782 Ἀψάμενος
3333 2707 3422 2763 οῦν
3465 2708 3557 2763 τοῦ
3607 2708 3853 2782 σώματος

2209 2794 2237 2847 6
2325 2793 2510 2872 Κύριος
2570 2793 2757 2874 ἐγείρει
2802 2796 2893 2850 τὸν
2936 2804 3077 2870 νοῦν,
3126 2796 3366 2853 νεανικὸν
3410 2796 3566 2852 αὐτὸν
3595 2799 3683 2853 καὶ
3726 2816 3855 2875 γεν-

2210 2895 2361 2938 ναῖον
2432 2886 2624 2944 ποιῶν.
2686 2883 3034 2949 Ἀνακαθίσας
3105 2883 3159 2940 δὲ
3215 2887 3243 2941 6
3296 2886 3591 2958 νεανίσκος,
3643 2888 3669 2941 6
3741 2889 3857 2949 νοῦς

2209 2968 2350 3048 λέγω
2421 2971 2597 3045 οὗτος,
2673 2974 2761 3029 καὶ
2819 2972 3049 3051 ἐγερθεὶς
3086 2974 3193 3031 ἀπὸ
3220 2982 3314 3032 τοῦ
3343 2976 3511 3055 τάφου
3556 2975 3651 3042 τῆς
3681 2976 3860 3055 ἁμαρ-

2203 3068 2340 3135 τίας,
2399 3062 2521 3118 τότε
2592 3059 2801 3140 ἄρξεται
2858 3061 3071 3139 λαλεῖν,
3130 3064 3369 3121 τουτέστι
3428 3063 3690 3121 διδάσκειν
3749 3064 3864 3121 ἑτέ-

2204 3172 2346 3222 ρους.
2412 3150 2501 3208 Ἐν
2536 3151 2645 3223 ὅσῳ
2686 3152 2786 3230 γὰρ
2814 3158 2883 3229 τῇ
2913 3153 3147 3232 ἁμαρτίᾳ
3176 3153 3489 3233 κατέχεται,
3541 3158 3599 3212 οὐ
3640 3151 3855 3211 δύναται

2202 3235 2465 3296 διδάσκειν
2500 3241 2589 3297 καὶ
2617 3238 2825 3297 λαλεῖν·
2873 3242 2953 3305 τίς
2986 3244 3086 3320 γὰρ
3117 3246 3260 3316 αὖτῷ
3288 3243 3558 3300 πιστεύσει
3588 3264 3606 3317 ;

546 3335 724 3399 VERS.
759 3335 959 3399 17-29.
994 3359 1021 3390 α
1052 3334 1119 3396 Et
1149 3335 1292 3398 exiit
1320 3334 1419 3396 hic
1451 3353 1658 3396 rumor
1689 3335 1749 3396 in
1780 3335 2115 3397 universam

2289 3351 2313 3382 (ι
2381 3329 2479 3387 Καὶ
2533 3327 2749 3395 εξῆλθεν
2795 3331 2823 3385 6
2864 3327 3023 3409 λόγος
3083 3332 3232 3394 οὗτος
3263 3330 3317 3387 ὲν
3377 3329 3477 3407 ὃλῃ
3506 3336 3575 3407 τῇ
3627 3327 3854 3404 Ἰουδαίᾳ

458 3422 731 3487 Judzeam
766 3426 841 3487 de
870 3444 962 3498 eo,
1000 3434 1313 3489 etomnem
1345 3425 1650 3487 finitimam
1686 3424 2016 3503 regionem.
2050 3424 2121 3487 Et

465 3517 883 3577 nuntiaverunt
908 3513 1121 3575 Joanni
1168 3513 1443 3594 discipuli
1475 3513 1659 3593 ipsius
1690 3512 1765 3574 de
1799 3514 1887 3574 his
1918 3513 2118 3575 omni-

469 3600 683 3664 bus.Et
711 3603 1002 3664 invocavit
1028 3603 1179 3664 duos
1207 3603 1284 3663 de
1316 3601 1628 3681 discipulis
1676 3602 1799 3663 suis
1827 3600 2114 3679 Joannes,

470 3689 753 3770 misitque
773 3693 846 3753 ad
866 3691 1069 3754 Jesum
1091 3692 1298 3751 dicens
1329 3711 1340 3752 :
1369 3689 1456 3751 Tu
1493 3708 1557 3750 es
1588 3690 1688 3769 qui
1724 3700 2003 3752 venturus
2028 3711 2113 3763 es,

467 3779 684 3840 518m
714 3780 893 3841 alium
929 3785 1371 3858 exspectamus?
1396 3782 1540 3842 Cum
1572 3788 1768 3841 autem
1813 3781 2117 3842 venissent

464 3866 537 3928 ad
561 3886 695 3929 eum
726 3868 861 3943 viri,
898 3868 1209 3928 dixerunt:
1246 3867 1505 3929 Joannes
1537 3866 1798 3947 Baptista
1829 3869 1986 3930 misit
2006 3887 2116 3931 nos

465 3955 537 4015 ad
573 3965 651 4028 te,
699 3957 906 4019 dicens
944 3979 955 4019 :
991 3955 1078 4017 Tu
1129 3975 1193 4017 es
1248 3956 1347 4016 ille
1399 3957 1500 4036 qui
1549 3965 1833 4020 venturus
1892 3967 2001 4040 est,
2039 3978 2112 4020 an

464 4042 648 4105 alium
682 4051 1121 4123 exspectamus?
1149 4044 1213 4106 In
1249 4044 1458 4106 eadem
1491 4054 1685 4106 autem
1720 4047 1865 4107 hora
1896 4048 2113 4112 multos

467 4135 695 4195 curavit
722 4153 757 4196 a
788 4134 1011 4196 morbis
1041 4152 1107 4195 ac
1140 4134 1325 4214 plagis
1378 4142 1435 4195 et
1484 4134 1790 4214 spiritibus
1823 4137 2014 4218 malis,
2050 4146 2111 4199 et

465 4223 638 4286 ctecis
685 4224 886 4286 multis
935 4224 1174 4285 donavit
1217 4225 1427 4287 visum.
1462 4224 1537 4286 Et
1566 4224 1934 4304 respondens
1963 4226 2109 4289 dixit

2204 3418 2322 3496 περὶ
2378 3418 2556 3492 αὐτοῦ,
2609 3421 2697 3475 καὶ
2753 3418 2807 3476 ἒν
2865 3420 3014 3496 πάσῃ
3054 3426 3125 3497 τῇ
3179 3419 3491 3500 περιχώρῳ.
3528 3420 3626 3478 Καὶ
3656 3419 3853 3499 ἀπήγ-

2202 3506 2384 3586 γειλαν
2442 3505 2664 3585 Ἰωάννῃ
2722 3511 2768 3565 οὶ
2838 3511 3069 3585 μαθηταὶ
3127 3509 3284 3567 αὐτοῦ
3311 3511 3430 3590 περὶ
3458 3510 3673 3566 πάντων
3716 3510 3848 3566 τοὺ-

2200 3620 2329 3657 τοον.
2389 3598 2494 3660 Καὶ
2550 3597 3051 3678 προσκαλεσάμενος
3121 3596 3209 3655 δύο
3251 3601 3398 3662 τινὰς
3438 3605 3546 3656 τὼν
3594 3602 3848 3675 μαθητῶν

2200 3686 2358 3743 αὐτοῦ
2416 3690 2443 3744 6
2498 3687 2776 3764 Ἰωάννης,
2837 3688 3047 3765 ἔπεμψε
3078 3690 3209 3766 πρὸς
3242 3691 3331 3747 τὸν
3361 3691 3593 3765 ⁶Ιησοῦν,
3652 3687 3850 3768 λέγων·

2199 3779 2271 3833 Σὺ
2329 3778 2384 3834 εἴ
2446 3780 2472 3834 6
2504 3776 2821 3858 ἐρχόμενος,
2857 3778 2892 3846 ἥ
2936 3776 3102 3836 ἄλλον
3134 3777 3517 3856 παοσδοκῶμεν
3550 3801 3566 3851 ;
3600 3784 3848 3859 Παραγε-

2197 3867 2410 3942 νόμενοι
2468 3865 2523 3923 δὲ
2592 3870 2723 3946 πρὸς
2784 3867 2940 3924 αὐτόν
2983 3871 3030 3924 οἱ
3073 3864 3277 3948 ἄνδρες,
3326 3871 3504 3925 εἷπον·
3539 3866 3851 3935 Ἰωάννηςό

2197 3958 2500 4024 Βαπτιστὴς
2557 3956 2888 4013 ἀπέσταλκεν
2928 3959 3074 4034 ἡμᾶς
3114 3958 3244 4037 πρός
3303 3979 3388 4039 σε,
3421 3956 3613 4036 λέγων’
3662 3958 3735 4012 Σὺ
3791 3958 3849 4014 εἷ

2195 4047 2222 4101 ὁ
2292 4046 2613 4126 ἐρχόμενος.
2646 4046 2683 4113 ἢ
2725 4044 2884 4102 ἄλλον
2915 4045 3293 4126 προσδοκῶμεν
3344 4067 3359 4123 ;
3391 4047 3483 4104 Ἐν
3512 4047 3646 4122 αὐτῇ
3687 4043 3742 4102 δὲ
3772 4051 3840 4113 τῆ

2193 4134 2304 4213 ὥρᾳ
2362 4136 2671 4215 ἐθεράπευσε
2734 4134 2963 4200 πολλοὺς
3016 4136 3124 4192 ἀπὸ
3192 4138 3363 4193 νὸσων
3432 4136 3520 4193 καὶ
3570 4138 3843 4215 μαστίγων

2190 4226 2278 4280 καὶ
2325 4225 2640 4300 πνευμάτων
2698 4231 2969 4303 πονηρῶν,
3017 4228 3103 4282 καὶ
3131 4224 3352 4306 τυφλοῖς
3398 4224 3625 4288 πολλοῖς
3654 4226 3844 4305 ἒχαρί-

466 4312 622 4376 illis:
650 4314 875 4377 Euntes
890 4315 1227 4375 renuntiate
1257 4311 1472 4375 Joanni
1504 4333 1635 4394 qua
1663 4313 1889 4377 vidistis
1911 4325 1968 4377 et
1995 4334 2105 4377 au-

2204 4336 2321 4369 τατο
2372 4316 2432 4369 τὸ
2488 4313 2726 4390 βλέπειν,
2795 4316 2890 4372 Καὶ
2918 4314 3218 4394 ἀποκριθεὶς
3250 4315 3409 4372 εἶπεν
3469 4317 3679 4378 αὐτοῖς’
3726 4319 3841 4371 Ποα-

467 4403 659 4476 distis,
693 4404 848 4485 quod
882 4404 1021 4465 caeci
1048 4404 1305 4472 videant,
1332 4404 1526 4465 claudi
1549 4402 2108 4485 ambulent,leprosi

2204 4402 2454 4466 >ευθέντες
2524 4400 2897 4485 ἀπαγγείλατε
2941 4406 3184 4482 Ἰωάννη,
3257 4404 3295 4461 ἅ
3358 4403 3531 4462 εἴδετε
3563 4406 3651 4461 καὶ
3681 4404 3844 4471 ἠκού-

464 4492 1022 4574 mundentur,surdi
1051 4493 1314 4565 audiant,
1349 4491 1564 4553 mortui
1591 4501 1923 4571 resurgant,
1952 4484 2109 4573 pau-

2204 4512 2342 4565 πατε,
2403 4492 2483 4548 ὅτι
2555 4491 2740 4572 τυφλοὶ
2788 4484 3165 4568 ἆναξλέπουσι,
3240 4493 3419 4574 χωλοί
3465 4499 3842 4571 περιπατοῦσι,

464 4582 707 4663 peribus
754 4583 1135 4644 annuntietur
1193 4580 1574 4661 Evangelium
1610 4602 1622 4640 :
1660 4590 1719 4643 et
1777 4585 1982 4643 beatus
2023 4592 2113 4665 est

2204 4581 2377 4660 Αεπροὶ
2447 4581 2835 4660 καθαρίζονται,
2893 4580 3060 4663 κωφοὶ
3116 4578 3397 4665 ἦκοόουσι,
3466 4584 3643 4663 νεκροὶ
3688 4583 3845 4662 {feli-

463 4657 802 4753 quicunque
834 4690 952 4732 non
985 4671 1163 4732 fuerit
1190 4657 1452 4731 oﬂ‘ensus
1485 4688 1590 4750 per
1620 4672 1969 4732 me.Etcum
1997 4657 2110 4732 dis-

2204 4657 2395 4746 >ονται,
2459 4657 2671 4750 πτωχοὶ
2727 4657 3172 4750 εὐαγγελίζονται.
3235 4671 3334 4732 Καὶ
3380 4657 3644 4752 μακᾶρὶός
3671 4657 3842 4748 ἔστιν,

464 4761 785 4823 cessissent
816 4759 1002 4821 nuntii
1031 4757 1300 4837 Joannis,
1337 4759 1513 4838 cmpit
1540 4758 1617 4819 de
1646 4759 1874 4821 Joanne
1904 4758 2106 4820 dicere

2204 4760 2248 4823 ἲς
2307 4760 2396 4816 ἐὰν
2479 4760 2559 4836 μὴ
2637 4757 2989 4829 σκανδαλισθῆ
3042 4760 3102 4817 tv
3157 4760 3297 4837 ἒμοί.
3350 4761 3724 4820 Ἀπελθόντων
3785 4761 3840 4817 δὲ

461 4849 533 4910 ad
562 4850 764 4911 turbas
790 4869 805 4909 :
830 4849 982 4920 Quid
1022 4849 1222 4909 existis
1252 4849 1308 4908 in
1341 4849 1642 4908 desertum
1678 4855 1741 4909 ut
1778 4842 2106 4910 videretis?

2204 4854 2293 4906 τῶν
2361 4848 2605 4928 ἀγγέλων
2663 4848 2930 4925 Ἰωάννου,
2986 4846 3179 4929 ἣρξατο
3240 4850 3415 4931 λέγειν
3473 4860 3592 4917 τοῖς
3645 4851 3837 4933 ὄχλοις

469 4939 824 5001 arundinem
862 4957 991 5019 quae
1045 4945 1221 4998 vento
1270 4938 1547 5015 agitatur?
1578 4934 1692 4997 Sed
1726 4936 1867 5016 quid
1900 4937 2103 4997 existis

462 5027 667 5090 visuri?
727 5029 1030 5089 hominem
1084 5026 1360 5087 mollibus
1388 5026 1754 5087 vestimentis
1796 5025 2101 5087 indutum?

456 5115 608 5178 Ecce
631 5118 728 5197 qui
749 5116 961 5176 vestitu
992 5115 1305 5195 splendido
1337 5115 1752 5192 vestiuntur,et
1780 5114 1843 5173 in
1872 5112 2102 5175 deliciis

452 5214 658 5284 agunt,
694 5206 752 5267 in
785 5206 935 5267 aulis
965 5223 1172 5283 regum
1219 5213 1377 5265 sunt.
1413 5203 1530 5266 Sed
1589 5202 1728 5281 quid
1788 5202 1989 5265 existis
2025 5204 2096 5264 ad

452 5293 807 5357 videndum?
830 5292 1213 5375 prophetam?
1234 5292 1446 5373 Utique
1473 5293 1607 5354 dico
1652 5291 1844 5366 vobis,
1879 5300 1938 5353 et
1969 5294 2099 5373 plus

451 5402 627 5463 quam
678 5384 1045 5464 prophetam.
1096 5381 1204 5444 Hic
1252 5392 1341 5443 est
1371 5383 1445 5443 de
1475 5402 1590 5463 quo
1634 5382 1921 5461 scriptum
1956 5391 2093 5445 est:

449 5470 603 5533 Ecce
635 5472 800 5533 mitto
822 5472 1097 5550 angelum
1130 5491 1326 5533 meum
1358 5479 1494 5533 ante
1524 5470 1735 5533 faciem
1770 5478 1955 5551 tuam,
1988 5472 2088 5552 qui

449 5559 802 5641 praeparabit
824 5561 973 5620 viam
1010 5570 1168 5624 tuam
1200 5573 1341 5623 ante
1388 5570 1464 5622 te.
1502 5560 1642 5626 Dico
1680 5562 1836 5621 enim
1868 5559 2034 5620 vobis
2066 5582 2080 5622 :

446 5651 631 5729 Major
654 5648 809 5709 inter
840 5660 1010 5712 natos
1042 5652 1358 5713 mulierum
1383 5651 1670 5732 propheta
1712 5651 1937 5712 Joanne
1967 5647 2081 5711 Ba-

440 5738 617 5823 ptista
648 5755 821 5799 nemo
846 5746 936 5801 est
971 5760 983 5802 :
1015 5748 1277 5803 attamen
1307 5740 1411 5820 qui
1441 5740 1636 5801 minor
1678 5747 1766 5800 est
1796 5737 1860 5799 in
1899 5744 2084 5817 regno

2184 4941 2301 5017 περὶ
2354 4940 2623 4997 Ἰωάννουο
2696 4940 2755 4996 Τί
2809 4937 3155 5007 ἓξεληλόθατε
3219 4942 3293 5005 εἲς
3347 4942 3444 5010 τὴν
3475 4943 3677 5018 ἔρημον
3703 4943 3831 4999 0εᾶ-

2183 5032 2421 5104 σασθαι;
2480 5025 2721 5104 κάλαμον
2772 5028 2874 5084 ὑπὸ
2940 5029 3137 5106 ἀνέμου
3192 5028 3597 5107 σαλεσόμενον;
3662 5029 3829 5088 Ἀλλᾶ

2182 5118 2231 5173 τί
2273 5116 2615 5184 ἐξεληλύθατε
2676 5110 2812 5174 ὶδεῖν
2846 5138 2861 5195 ς
2893 5116 3163 5197 ἄνθρωπον
3194 5122 3250 5175 εν
3280 5117 3550 5194 μαλακοῖς
3597 5120 3829 5193 ipa-tim:

2181 5207 2591 5288 ἠμφιεσμένον;
2654 5205 2785 5264 Ἰδοὺ
2852 5209 2901 5264 οὶ
2974 5206 3029 5263 ἒν
3113 5204 3387 5284 ἱματισμῷ
3471 5207 3661 5284 ένδοξῳ
3734 5220 3829 5275 τεαὶ

2181 5303 2349 5377 τρυφῇ
2396 5298 2749 5377 ὑπάρχοντες,
2814 5296 2869 5352 ἐν
2932 5311 3049 5363 τοῖς
3110 5292 3399 5375 βασιλείοις
3442 5300 3604 5363 εἰσίν,
3662 5298 3831 5356 Ἀλλὰ

2180 5388 2230 5445 τί
2288 5378 2633 5453 ἐξεληλὺθατε
2685 5382 2867 5465 ἰδεῒνς
2940 5387 3273 5467 προφήτην;
3325 5389 3424 5444 Ναὶ
3478 5386 3622 5466 λίγω
3674 5389 3827 5464 ὁμντν,

2171 5477 2259 5531 καὶ
2308 5473 2679 5552 περισσότερον
2729 5475 3026 5555 προφήτου.
3082 5475 3245 5540 Οὗτός
3298 5477 3413 5532 ἔστι
3465 5478 3582 5556 περὶ
3637 5478 3701 5535 οὗ
3744 5477 3832 5556 τέ·-

2170 5582 2421 5643 γραπται·
2483 5559 2615 5619 Ἰδού
2668 5556 2778 5642 ἐγὼ
2828 5559 3152 5621 έάποστέλλω
3174 5566 3273 5622 τὸν
3328 5562 3558 5644 ἄγγελόν
3590 5584 3694 5642 μου

2168 5652 2453 5732 προσώπου
2508 5673 2624 5726 σου,
2685 5651 2743 5717 ὃς
2771 5654 3154 5711 κατασκευάσει
3198 5655 3295 5722 τήν
3324 5652 3441 5711 ὁδὸν
3483 5676 3577 5712 σου
3618 5654 3825 5736 ἔμπροδ

2166 5740 2283 5803 σθέν
2344 5764 2458 5804 σου,
2512 5740 2670 5819 Λέγω
2725 5741 2823 5820 γὰρ
2908 5743 3060 5820 ὁμίῐν,
3091 5742 3369 5820 ’ἐν
3400 5752 3690 5823 fta/vniat?
3720 5766 3822 5825 γνω
