4202 6454
412 328 533 396 789

401 461 746 539 μαρτυρήσας
803 462 919 540 περὶ
976 468 1225 540 Χριστοῦ,
1299 470 1383 519 νῦν

400 550 447 605 εί
500 548 664 611 αὖτός
732 546 875 606 ἐστιν
933 553 961 607 6
997 550 1314 630 ἐρχόμενος,
1375 548 1459 607 διὰ
1486 558 1637 608 τοῦτο
1681 549 1822 629 λέγει
1854 552 1881 605 6
1926 558 2057 627 Χρι-

1148 331 1597 397 ENARRATIO
1641 333 1723 395 IN
1772 328 2285 393 EVANGELIUM
2333 331 2572 393 LUC/E.
2612 364 2690 377 --
2735 335 2898 396 CAP.
2926 336 3061 397 VII.

1496 460 1810 519 ἀποστείλας
1863 461 2047 540 ἐρωτΞῂ1

2143 459 2489 523 testiﬁcetur
2518 463 2591 526 de
2630 482 2748 544 me,
2785 483 2943 526 nunc
2975 474 3167 527 autem
3211 468 3442 547 ignoret
3496 487 3614 531 me.
3640 468 3786 532 Nam

3679 335 3802 402 790

2140 547 2189 608 si
2210 548 2413 611 fuisset
2436 551 2591 626 talis,
2631 553 2806 632 cujus
2827 555 3013 633 gratia
3042 555 3374 619 exivissetis
3403 560 3461 619 in
3485 557 3789 621 desertum

402 638 526 703 στὸς
590 640 723 717 πρὸς
781 640 901 704 τοὺς
974 638 1193 720 ὄχλους,
1230 638 1311 696 ὅτι
1356 638 1533 707 Μηδὲν
1573 649 1811 699 τοιοῦτον
1853 639 2047 697 ὑπολά-

2139 644 2200 697 υι
2219 637 2495 701 videretis
2522 640 2689 702 eum?
2719 640 2833 705 Sed
2867 662 3060 725 neque
3077 646 3338 707 animum
3366 665 3538 709 suum
3558 648 3794 712 deliciis

402 726 534 795 ϐητε
592 729 713 807 περὶ
757 728 1021 790 Ἰωάννου.
1070 729 1158 795 Μὴ
1188 730 1286 807 γὰρ
1328 728 1567 804 κάλαμός
1599 728 1759 802 ἐστιν,
1808 732 1881 793 ὡς
1923 730 2052 786 ποτὲ

407 817 508 891 μὲν
566 814 694 890 ὦδε,
751 817 881 873 ποτὲ
957 815 1010 872 δὲ
1041 815 1158 873 ἐκεῖ
1188 815 1476 897 κλίνεσθαι,
1508 818 1594 874 καὶ
1638 826 1726 875 νῦν
1768 819 1866 893 μὲν
1912 841 2053 896 μαρ-

404 920 579 986 τυρεῖν
649 908 766 983 περὶ
835 906 989 982 ἐμοῦ,
1054 916 1140 965 νῦν
1198 905 1253 963 δὲ
1311 907 1526 985 ἀγνοεῖν
1586 906 1702 983 ἐμέ.
1755 909 1814 965 Εἰ
1858 908 1955 986 γὰρ
1985 909 2048 975 ἧν

401 1005 661 1067 τοιοῦτος,
727 996 867 1062 τίνος
940 996 1116 1053 ἕνεκεν
1172 995 1415 1067 ἐξήλθετε
1445 999 1518 1062 εἰς
1546 997 1646 1064 τὴν
1676 995 1873 1077 ἔρημον
1903 1000 2045 1070 τότε,

401 1085 542 1142 ὥστε
592 1086 874 1143 θεάσασθαι
930 1085 1134 1166 αὖτόνς
1196 1084 1362 1142 Ἀλλᾶ
1393 1087 1601 1160 μήποτε
1648 1088 1749 1142 ὑπὸ
1791 1092 1890 1153 τῆς
1922 1109 2065 1164 τρυ-·

399 1180 507 1255 ιρῆς
564 1172 813 1255 διεφθάρη
872 1175 963 1231 τὸν
1005 1183 1149 1255 νοῦν,
1223 1173 1360 1231 ἀλλὰ
1409 1174 1577 1242 στολὴ
1607 1174 1860 1232 δείκνυσιν
1893 1175 2049 1232 αῦτὸν

395 1263 640 1342 ὑπεράνω
704 1264 880 1332 πάσης
933 1269 1156 1343 τρυφῆς.
1234 1266 1292 1321 Εἰ
1348 1263 1449 1342 γὰρ
1518 1264 1733 1344 ἐτρόφα,
1768 1265 1822 1320 ἐν
1884 1265 2044 1341 βασι-

393 1352 556 1417 λείοις
612 1353 673 1409 ἄν
702 1353 791 1421 ἦν,
824 1350 992 1410 Ἀλλὰ
1027 1354 1306 1434 προφήτην
1333 1353 1491 1410 άῦτὸν
1533 1352 1690 1434 ἔχετε
1728 1373 1744 1427 ;
1778 1356 1877 1412 Ναὶ
1906 1354 2048 1432 λέγω

391 1444 545 1522 ὑμῖν,
619 1443 707 1499 καὶ
761 1446 1135 1521 περισσὸτερον
1210 1443 1505 1521 προφήτου.
1544 1446 1603 1500 Οἱ
1631 1443 1727 1517 μὲν
1758 1444 1857 1521 γὰρ
1895 1442 2048 1499 ἄλλοι

395 1544 654 1610 προεῖπον
710 1533 828 1609 περὶ
887 1532 1113 1610 Χριστοῦ
1169 1531 1356 1607 μόνον,
1418 1534 1568 1597 οὗτος
1625 1531 1680 1588 δὲ
1711 1533 1799 1589 καὶ
1823 1530 1936 1588 εἶδε
1967 1522 2051 1588 καὶ

394 1605 580 1694 ἔδειξε,
655 1605 849 1700 λέγων’
927 1605 1048 1680 ’,Ιδε
1106 1624 1134 1680 ὁ
1165 1605 1363 1697 Ἂμνός
1392 1623 1486 1679 τοῦ
1516 1622 1665 1680 Θεοῦ.
1718 1624 1817 1680 Καὶ
1858 1624 1904 1679 οἱ
1955 1622 2051 1697 μὲν

396 1709 548 1768 ἄλλοι
609 1716 907 1791 προφῆται,
998 1711 1135 1787 μετὰ
1188 1712 1249 1767 τὸ
1306 1709 1540 1775 ἒξελθεῖν
1609 1710 1671 1767 ἐκ
1725 1717 1821 1778 τῆς
1850 1711 2052 1775 κοιλίας

394 1807 503 1857 τῶν
566 1800 814 1880 μητέρων
885 1803 1085 1873 αὐτῶν,
1145 1802 1568 1880 προεφήτευσαν*
1627 1799 1778 1864 οὗτος
1845 1798 1897 1855 δὲ
1968 1797 2055 1857 καὶ

2137 729 2422 807 corrupit,
2459 730 2637 792 vestis
2683 733 2844 793 enim
2907 734 3037 813 ejus
3096 735 3364 797 declarat
3393 735 3626 799 deliciis
3655 756 3794 800 eum

2134 817 2508 896 superiorem
2545 839 2700 884 esse.
2721 820 2954 883 Etenim
2988 823 3035 885 si
3066 825 3412 887 arrisissent
3444 824 3499 886 ei
3530 825 3786 901 delicia,

2135 906 2194 966 in
2228 906 2456 986 palatiis
2506 909 2771 973 vixisset.
2810 914 2888 974 At
2919 913 3266 992 prophetam
3325 914 3492 976 illum
3549 914 3793 978 dicitis?

2132 993 2366 1076 Ubique
2398 996 2532 1059 dico
2562 999 2952 1079 vobis,major
2982 1011 3072 1062 est
3102 1002 3564 1082 propheta.Nam
3596 1004 3791 1068 aliide

2134 1082 2366 1147 Christo
2393 1094 2616 1148 tantum
2644 1087 3063 1165 praedixerunt,
3100 1090 3199 1151 hic
3222 1092 3397 1153 etiam
3446 1100 3504 1153 et
3535 1093 3699 1167 vidit,
3730 1101 3791 1156 et

2134 1176 2485 1236 monstravit
2540 1176 2747 1237 dicens
2781 1196 2793 1239 :
2829 1178 2985 1240 Ecce
3033 1180 3234 1259 Agnus
3273 1180 3375 1243 ille
3417 1181 3547 1245 Dei.
3585 1184 3658 1245 Et
3688 1183 3787 1245 alii

2128 1263 2369 1343 quidem
2404 1267 3533 1351 prophetaeprophetizaruntpostquam
3561 1272 3788 1351 egressi

2130 1359 2268 1414 sunt
2288 1371 2356 1414 ex
2378 1353 2565 1415 uteris
2597 1364 2847 1417 matrum
2872 1378 2883 1418 :
2911 1357 3009 1419 hic
3034 1367 3232 1420 autem
3256 1368 3575 1439 antequam
3600 1361 3791 1423 exiret

2131 1440 2206 1501 de
2238 1442 3106 1522 utero,agnovitDominum,et
3131 1449 3466 1510 exsultavit.
3501 1451 3644 1511 Post
3666 1451 3791 1512 haec

2131 1531 2299 1591 atl'ert
2324 1537 2381 1591 et
2413 1533 2765 1611 prOphetam
2799 1542 3037 1611 testem;
3065 1534 3213 1596 dicit
3242 1537 3402 1597 enim
3433 1554 3447 1599 :
3475 1537 3585 1599 Hic
3609 1538 3789 1601 estde

2136 1636 2252 1698 quo
2283 1618 2569 1700 scriptum
2603 1629 2734 1684 est:
2760 1623 2914 1684 Ecce
2936 1624 3101 1684 mitto
3122 1624 3397 1703 angelum
3430 1626 3791 1688 meum.An-

2137 1706 2307 1784 gelus
2339 1707 2497 1769 enim
2528 1708 2793 1771 Joannes
2822 1710 2958 1790 fuit,
2981 1710 3248 1774 fortassis
3269 1717 3426 1792 quod
3459 1714 3785 1793 angelicam

2136 1795 2311 1857 vitam
2374 1808 2432 1859 et
2481 1817 2598 1859 non
2635 1799 2956 1873 carnalem,
2992 1800 3098 1862 sed
3150 1801 3523 1880 spiritualem
3576 1804 3783 1885 egerit,

397 1892 499 1969 πρὸ
554 1900 647 1950 τοῦ
696 1888 929 1955 ὶξελθεῖν
983 1892 1045 1947 ἒκ
1101 1895 1201 1957 τῆς
1257 1891 1492 1967 μήτρας,
1522 1888 1731 1967 ἐπέγνω
1776 1891 1866 1945 τὸν
1940 1890 2047 1948 Κύ-

2137 1884 2404 1947 fortassis
2426 1884 2602 1948 etiam
2635 1888 2793 1967 quod
2836 1888 3153 1950 adventum
3189 1888 3511 1952 Salvatoris
3540 1894 3787 1953 nuntia-

392 2003 527 2058 ριον,
586 1981 673 2036 καὶ
730 1979 1064 2059 ἐσκίρτησεν.
1126 1983 1262 2038 Εἶτα
1328 1978 1554 2058 παράγει
1585 1980 1792 2035 καὶτὸν
1833 1983 2045 2059 προφή-

389 2091 491 2137 την
549 2068 804 2148 μάρτυρα,
866 2070 1009 2135 Φησὶ
1063 2068 1186 2148 γὰρ,
1242 2068 1408 2131 Οὗτός
1453 2067 1563 2125 ἐστι
1611 2068 1727 2148 περὶ
1758 2067 1817 2124 οὗ
1845 2069 2044 2146 γέγρα-

387 2178 537 2216 πται’
589 2146 727 2216 ’ἰδοὺν
744 2157 1060 2216 ἀποστέλλω
1078 2146 1181 2215 τὸν
1211 2156 1439 2235 ἄγγελόν
1469 2179 1595 2231 μου.
1634 2146 1670 2183 ’¹
1680 2156 1915 2235 Αγγελος
1947 2159 2048 2236 γὰρ

386 2252 419 2306 ὃ
475 2248 750 2318 Ἰωάννης,
804 2248 951 2328 τάχα
1008 2246 1104 2321 μέν
1162 2247 1250 2304 καὶ
1308 2245 1393 2301 διὰ
1452 2247 1514 2302 τὸ
1547 2244 1740 2326 σχεδὸν
1773 2243 1930 2302 ἄϋλον
1955 2254 2046 2302 τοῦ

390 2338 506 2415 βίου
572 2338 659 2394 καὶ
713 2336 1023 2415 ἀγγελικὸν,
1073 2336 1218 2416 τάχα
1263 2333 1317 2390 δὲ
1347 2336 1433 2391 καὶ
1464 2333 1550 2391 διὰ
1578 2336 1639 2391 τὸ
1664 2334 1914 2413 ἀγγεῖλαι
1945 2338 2045 2402 τὴν

393 2429 487 2484 τοῦ
545 2427 794 2503 Σωτῆρος
850 2423 1158 2501 ἐπιδημίαν,
1220 2424 1397 2499 Ἀμην
1428 2423 1573 2502 λέγω
1602 2425 1754 2497 ὑμῖν,
1788 2425 1881 2480 οὒκ
1912 2424 2043 2501 ἐγή-

393 2538 574 2594 γερται
645 2515 698 2571 ἐν
769 2528 1052 2593 γεννητοῖς
1083 2515 1345 2593 γυναικῶν
1388 2513 1582 2588 μείζων
1634 2512 1902 2587 Ἰωάννου,
1936 2520 2043 2569 τῶν

386 2604 569 2662 ἄλλων
627 2605 840 2661 πάντων
898 2602 1113 2684 ἐξαίρων
1200 2606 1291 2660 τὸν
1326 2601 1650 2682 Πρόδρομον.
1686 2603 1824 2659 Εἶτα
1853 2605 2044 2659 ὡσανεί

1154 2702 1177 2713 υ
1219 2692 1261 2717 bs
1306 2692 1451 2717 μ’,γγ
1517 2694 1545 2715 τ

395 2784 536 2841 ἐστίν
571 2804 588 2854 ;
638 2784 846 2862 ἐπάγει·
912 2781 971 2841 Ὀ
1027 2781 1083 2861 δὲ
1154 2784 1465 2861 μικρότερος
1496 2784 1654 2838 αὖτοῦ
1684 2781 1817 2859 ἐγὼ,
1853 2782 2045 2856 μείζων

386 2876 494 2932 elui
544 2873 599 2929 έν
667 2881 738 2950 τῇ
770 2872 1011 2951 βασιλείᾳ
1040 2879 1146 2930 τῶν
1204 2874 1459 2950 οὐρανῶν,
1494 2871 1788 2947 Νομίζομαι
1822 2871 1918 2944 μὲν
1946 2872 2045 2948 γὰρ

389 2972 480 3021 νῦν
550 2965 860 3043 μικρότερος
910 2963 1067 3020 αὒτοῦ
1113 2964 1201 3020 καὶ
1272 2963 1410 3019 κατὰ
1468 2961 1731 3038 εὐγένειαν
1774 2961 1860 3017 καὶ
1908 2960 2041 3028 ἡλι-

398 3054 513 3110 κίαν
568 3055 656 3109 καὶ
711 3052 887 3127 δόξαν,
958 3051 1077 3109 ἀλλ’
1140 3052 1195 3107 ἐν
1243 3058 1310 3127 τῇ
1370 3050 1609 3126 βασιλείᾳ
1663 3056 1768 3106 τῶν
1813 3053 2043 3127 οὐρανῶν

396 3144 587 3218 μείζων
663 3142 823 3198 αὐτοῦ
878 3144 1009 3217 εἶμι,
1070 3141 1337 3197 τουτέστιν
1399 3139 1452 3195 ἐν
1511 3145 1640 3196 πᾶσι
1685 3152 1801 3203 τοῖς
1886 3139 2043 3202 θείοις

390 3234 480 3288 καὶ
532 3244 943 3307 πνευματικοῖς.
1001 3237 1110 3295 Πᾶς
1169 3233 1256 3287 οῦν
1341 3232 1369 3285 6
1442 3229 1571 3292 λαὸς
1627 3229 1855 3286 ἀκούσας
1953 3236 2044 3285 τοῦ

2130 1974 2425 2036 rit.Amen
2450 1975 2581 2037 dico
2605 1975 2919 2049 vobis,non
2938 1978 3192 2038 surrexit
3215 1978 3369 2039 inter
3388 1986 3555 2040 natos
3578 1980 3787 2042 mulie-

2132 2081 2261 2123 rum
2287 2064 2475 2142 major
2500 2063 2753 2127 Joanne.
2776 2066 3019 2127 Praefert
3044 2066 3174 2128 aliis
3197 2067 3785 2131 omnibus.Praacur-

2132 2170 2354 2214 sorem.
2389 2152 2623 2216 Deinde
2653 2155 2823 2234 quasi
2854 2156 2986 2235 quis
3008 2155 3277 2231 dixisset,
3309 2158 3401 2218 An
3434 2169 3491 2219 et
3518 2166 3573 2219 te
3596 2159 3788 2237 major

2130 2240 2232 2301 ille
2264 2242 2382 2302 est?
2406 2241 2614 2303 subdit
2647 2265 2659 2305 :
2694 2242 2813 2322 Ego
2847 2254 3047 2306 autem
3108 2244 3209 2325 qui
3271 2247 3462 2307 minor
3491 2246 3593 2307 illo
3623 2266 3781 2323 sum,

2131 2331 2326 2409 major
2349 2349 2480 2392 sum
2514 2331 2573 2391 in
2605 2348 2789 2410 regno
2818 2333 3129 2394 caelorum.
3177 2332 3416 2396 Habeor
3437 2336 3593 2396 enim
3626 2355 3786 2397 nunc

2131 2418 2326 2480 minor
2356 2419 2458 2481 illo
2493 2428 2548 2481 et
2585 2430 2827 2501 propter
2855 2431 3114 2503 aetatem,
3148 2431 3206 2483 et
3238 2431 3482 2503 propter
3511 2432 3787 2503 genus,et

2130 2516 2371 2587 propter
2408 2508 2684 2585 gloriam,
2710 2511 2814 2571 sed
2853 2511 2913 2570 in
2948 2529 3132 2588 regno
3155 2512 3436 2573 ccelorum
3470 2514 3662 2592 major
3686 2514 3786 2577 illo

2132 2615 2287 2672 sum,
2321 2598 2432 2658 hoc
2464 2607 2574 2670 est,
2610 2599 2665 2658 in
2704 2598 2982 2659 omnibus
3004 2599 3221 2661 divinis
3254 2607 3311 2660 et
3344 2600 3783 2680 spiritualibus.

2131 2684 2386 2747 Proinde
2419 2687 2613 2747 omnis
2629 2689 2882 2768 populus
2914 2690 3012 2768 qui
3038 2688 3784 2773 audieratJoannem,jus-

2132 2776 2368 2836 liﬁcavit
2383 2777 2716 2851 Deum,hoc
2735 2780 3295 2853 est,honoraverunt
3314 2782 3605 2857 Deum,eo
3631 2782 3788 2863 quod

2130 2865 2485 2945 prophetam
2518 2866 2643 2943 ejus
2673 2866 2788 2946 ipsi
2811 2868 3241 2947 suscepissent:
3276 2868 3559 2932 Pharisaei
3584 2880 3785 2933 autem

2130 2973 2249 3014 non
2300 2954 2743 3015 honoraverunt
2781 2955 2997 3037 Deum,
3033 2975 3151 3017 non
3205 2967 3480 3038 suscepto
3526 2963 3785 3024 Joanne.

2129 3041 2385 3114 Quidam
2415 3045 2798 3125 autem,inter
2828 3044 2982 3106 ﬁlios
3016 3046 3784 3119 mulierum,sicintellexe-

2129 3139 2289 3207 runt,
2314 3132 2472 3212 quod
2502 3133 2657 3194 bene
2680 3133 2919 3211 dixerit,
2953 3134 3109 3197 inter
3136 3134 3291 3195 filios
3314 3136 3670 3198 mulierum:
3706 3138 3789 3200 ita

2131 3221 2288 3282 enim
2325 3222 2554 3299 excepit
2585 3221 2851 3299 seipsum
2884 3222 3686 3305 Dominus,quandoquidem
3710 3227 3786 3290 de

384 3320 660 3393 Ἰωάννου,
723 3321 1031 3378 ἐδικαίωσαν
1082 3323 1174 3376 τὸν
1235 3321 1386 3393 Θεὸν,
1457 3318 1727 3376 τουτέστιν
1791 3318 2047 3393 ἐτίμησαν

2134 3310 2365 3388 virgine
2394 3297 2566 3371 fuerit
2591 3297 2914 3385 natus,non
2934 3311 3007 3372 de
3033 3297 3281 3373 muliere
3305 3297 3495 3374 virum
3514 3324 3783 3394 experta.

388 3411 481 3468 τόν
555 3410 716 3489 Θεόν,
771 3408 851 3468 ὅτι
922 3412 1012 3466 τδν
1074 3410 1356 3488 προφήτην
1427 3410 1590 3465 αὒτοῦ
1613 3405 1872 3473 ἐδέξαντο.
1910 3409 1969 3464 Οἱ
1999 3402 2053 3461 δὲ

388 3508 675 3578 Φαρισαῖοι
731 3501 995 3572 ἠτίμασαν
1015 3498 1107 3555 τόν
1152 3500 1307 3571 Θεὸν,
1341 3504 1417 3573 μή
1468 3495 1738 3572 δεξάμενοι
1772 3495 2048 3561 Ἰωάννην·

386 3588 540 3651 Tui;
594 3584 648 3643 δέ
705 3587 788 3660 τό,
834 3586 889 3642 ἐν
939 3599 1224 3665 γεννητοῖς
1269 3592 1555 3663 γυναικῶν,
1594 3583 1762 3649 οὕτως
1793 3583 2050 3650 ἐνόησαν,

382 3676 467 3733 ὅτι
525 3675 705 3739 καλῶς
765 3677 946 3752 εἶπεν,
1006 3674 1059 3731 ἐν
1107 3688 1387 3751 γεννητοῖς
1416 3679 1702 3753 γυναικῶν,
1764 3671 2053 3750 ὑπεξαίρων

378 3765 563 3822 ἑαυτόν
634 3766 661 3821 ὀ
724 3764 942 3844 Κύριος,
1002 3766 1167 3829 Αῇτός
1199 3765 1299 3841 γὰρ
1358 3763 1621 3841 παρθύνου
1667 3762 1733 3829 ἧν
1764 3762 2043 3837 γεννητός,

376 3854 500 3934 οὐχὶ
569 3854 842 3934 γυναικός,
920 3853 1159 3910 τουτέστι
1221 3851 1616 3930 γεγαμημένης
1699 3849 1865 3926 ἀνδρί.
1945 3848 2047 3910 Καὶ

372 3946 459 4015 τό,
518 3944 545 3998 ὁ
597 3945 906 4022 μικρότερος
975 3942 1031 3998 δὲ
1100 3942 1155 3997 ἐν
1212 3947 1282 4017 τῇ
1336 3940 1582 4015 βασιλεία
1649 3946 1755 3996 τῶν
1787 3941 2044 4019 οὗρανων,

377 4030 554 4095 ἄλλως
639 4032 886 4101 ἐνόησαν,
950 4031 1031 4089 ὅτι
1094 4032 1121 4087 ὁ
1193 4030 1503 4108 μικρότερος
1537 4030 1591 4085 ἐν
1628 4033 1711 4103 ¹τῷ
1740 4030 1877 4085 κατὰ
1915 4036 2045 4104 Χρι-

378 4121 502 4176 στὸε
553 4122 678 4201 βίῳ,
733 4122 925 4193 μείζων
982 4121 1066 4177 ἐπὶ
1123 4118 1215 4176 τοῦ
1269 4118 1322 4174 ἐν
1354 4126 1430 4193 τῷ
1461 4118 1611 4193 νόμω
1663 4118 1892 4192 κικαίιιυ,
1927 4117 2051 4172 οἷον

379 4209 632 4277 Ἰωάννης
695 4211 791 4284 μέν
870 4212 1007 4267 κατὰ
1094 4210 1195 4277 τὴν
1249 4207 1304 4264 ἐν
1361 4216 1437 4283 τῷ
1492 4210 1643 4283 νόμῳ
1716 4205 2052 4271 δικαιοσύνην

383 4299 687 4374 ἄμεμπτος.
749 4301 812 4358 Εἴ
871 4323 950 4365 τις
1022 4296 1076 4355 δὲ
1134 4300 1318 4377 εὑρεθῇ
1400 4295 1839 4374 βεϐαπτισμένοις
1927 4295 2045 4371 μὲν,

2137 3399 2207 3461 Et
2238 3399 2393 3480 quod
2429 3399 2596 3479 dicit,
2633 3399 2829 3461 minor
2856 3401 2917 3462 in
2949 3420 3135 3479 regno
3160 3402 3472 3477 caelorum,
3508 3402 3785 3466 aliterin-

2140 3489 2513 3550 tellexerunt.
2568 3489 2761 3548 Minor
2810 3489 2869 3550 in
2928 3490 3043 3550 vita
3092 3490 3445 3565 Christiana,
3481 3493 3670 3572 major
3698 3502 3787 3556 est

2131 3577 2291 3656 justo
2314 3578 2485 3656 juxta
2512 3578 2730 3657 legem,
2766 3586 2828 3638 ut
2851 3581 3110 3640 Joannes
3127 3580 3293 3659 juxta
3316 3580 3606 3659 justitiam
3640 3582 3788 3663 legis

2139 3675 2264 3728 erat
2295 3666 2863 3745 irreprehensibilis.
2914 3668 2975 3731 Si
3034 3670 3166 3750 quis
3211 3677 3407 3731 autem
3453 3670 3788 3735 inveniatur

2138 3756 2467 3837 baptizatus
2511 3756 2776 3836 quidem,
2813 3759 3076 3819 nondum
3126 3772 3325 3821 autem
3374 3762 3514 3822 320
3564 3763 3783 3824 malum

2132 3845 2426 3926 quoddam
2453 3848 2543 3907 vel
2578 3844 2799 3906 bonum
2827 3856 3107 3927 operatus
3131 3848 3326 3919 fuerit,
3365 3850 3462 3911 hic
3507 3852 3787 3913 minimus

2134 3935 2305 3996 estin
2340 3953 2525 4011 regno
2572 3936 2878 4009 caelorum,
2926 3938 3041 3998 hoc
3091 3947 3202 4013 est,
3254 3939 3315 4000 in
3366 3939 3788 4019 praedicatione

2136 4023 2375 4102 Christi,
2403 4030 2660 4085 attamen
2697 4027 2848 4105 mjor
2883 4035 2973 4086 est
3005 4046 3122 4087 non
3174 4028 3492 4110 baptizata,
3521 4029 3790 4111 quamvis

2135 4113 2235 4174 ille
2259 4113 2318 4172 in
2351 4113 2483 4190 lege
2505 4115 2698 4192 justus
2730 4114 3040 4177 fuerit.Vel
3072 4117 3285 4179 aliter:
3318 4117 3411 4181 Sis
3441 4118 3580 4180 licet
3603 4118 3787 4180 mini-

2139 4220 2234 4263 me
2264 4201 2656 4280 carnalis,sed
2691 4204 2878 4265 ferme
2900 4215 2962 4264 ut
2992 4206 3251 4268 Joannes
3280 4207 3787 4287 spiritualiszatta-

2140 4309 2275 4351 men
2303 4291 2788 4371 quandoquidem
2821 4292 3013 4354 adhuc
3038 4295 3094 4354 in
3129 4314 3307 4356 carne
3351 4314 3437 4371 es,
3474 4306 3790 4377 propterea

387 4390 555 4463 μήπω
610 4387 665 4445 δὲ
723 4412 772 4445 τι
828 4389 991 4447 κακόν
1148 4387 1343 4465 ἀγαθόν
1437 4386 1828 4466 ἐργασάμενος,
1893 4387 2047 4444 οὗτος

2143 4379 2423 4441 minimus
2448 4382 2505 4442 in
2538 4385 2995 4456 resurrectione,
3024 4402 3199 4462 quam
3226 4402 3471 4462 regnum
3497 4386 3786 4448 caelorum

385 4476 674 4556 ἐλάχιστος
729 4478 802 4535 ὤν
855 4479 908 4535 ὲν
964 4483 1032 4552 τῇ
1074 4475 1311 4554 βασίλείᾳ
1340 4477 1445 4532 τῶν
1477 4480 1735 4554 οὐρανῶν,
1775 4473 2047 4531 τουτέστικ

2142 4488 2274 4531 esse
2302 4469 2464 4543 dicit,
2501 4469 2691 4547 major
2723 4477 2777 4529 te
2812 4479 2923 4533 est.
2959 4474 3128 4533 Tunc
3159 4472 3317 4533 enim
3361 4472 3437 4532 ab
3470 4474 3787 4553 incorrup-

390 4567 444 4623 ἐν
632 4568 769 4624 κατὰ
828 4550 1048 4646 Χριστόν
1074 4550 1427 4644 κηρύγματι,
1487 4550 1633 4639 ὅμως
1680 4566 1871 4639 μείζων
1929 4563 2043 4625 ἐστὲ

2134 4558 2296 4620 tione
2335 4557 2500 4618 omni
2532 4558 2726 4638 liberi,
2756 4578 2871 4619 non
2908 4559 3059 4620 ultra
3084 4560 3247 4639 juxta
3276 4579 3517 4622 carnem
3561 4550 3783 4624 ambu-

386 4657 480 4719 τοῦ
546 4653 890 4737 ἀϐαπτίστου,
951 4656 1006 4712 ἓν
1062 4655 1211 4730 νόμῳ
1268 4652 1322 4710 δὲ
1380 4653 1601 4711 δικαίου.
1682 4655 1777 4711 Καὶ
1838 4652 2036 4714 ἄλλως·

392 4746 474 4802 ὅτι
544 4750 587 4802 εἱ
643 4748 730 4804 καὶ
788 4745 1007 4825 ἄσερκος
1067 4752 1255 4826 μικροῦ
1286 4747 1312 4801 ὁ
1342 4744 1615 4812 Ἰωάννης,
1647 4744 1733 4799 καὶ
1764 4742 1920 4807 ἂυλος
1953 4752 2040 4801 οῦν

2124 4648 2479 4712 labimus.Et
2506 4648 2601 4726 qui
2626 4654 2764 4708 tunc
2799 4667 3031 4729 parvus,
3058 4650 3246 4728 major
3273 4659 3364 4711 est
3386 4670 3456 4712 eo
3490 4652 3592 4732 qui
3616 4670 3783 4714 nunc

2123 4739 2366 4818 quidem
2400 4746 2489 4799 est
2506 4738 2729 4817 justus,
2764 4737 2865 4798 sed
2899 4757 3141 4799 carnem
3175 4738 3369 4800 adhuc
3399 4748 3613 4818 gestat.

393 4836 469 4892 ἔτι
501 4834 556 4891 ἐν
586 4836 762 4915 σαρκί.
815 4838 911 4894 Καὶ
942 4834 1024 4892 διὰ
1053 4834 1210 4892 τοῦτο
1242 4837 1269 4890 6
1313 4832 1597 4913 ἐλάχιστος
1631 4833 1684 4888 ἐν
1714 4838 1782 4908 τῇ
1834 4832 2141 4903 ἀναστάσει,
2195 4829 2261 4895 ἣν
2294 4828 2564 4904 βασιλείαν
2598 4828 2829 4905 οὖρανῶν
2861 4829 3004 4884 εἶναί
3033 4852 3188 4908 φησι,
3235 4831 3425 4903 μείζων
3457 4832 3617 4888 αὐτοῦ
3646 4830 3780 4893 ἐστι.

396 4927 526 4983 Τότε
564 4926 664 5004 γὰρ
693 4924 910 4985 τελείως
942 4923 1397 5005 ἄφθαρτισθέντες,
1460 4927 1554 4981 οὒκ
1600 4922 1676 4979 ’ἐτι
1721 4922 1858 4978 κατᾶ
1915 4922 2083 5000 σάρκα
2140 4919 2599 4997 περιπατήσομεν,
2664 4920 2760 4975 Καὶ
2791 4921 2817 4973 6
2847 4919 2966 4973 τότε
2998 4920 3184 4995 μικρὸς
3214 4922 3405 4995 μείζων
3436 4922 3546 4976 ἐστὶ
3574 4927 3667 4977 τοῦ
3693 4928 3782 4977 νῦν

401 5011 603 5070 δικαίου
637 5015 756 5088 μὶν,
791 5013 932 5082 πλὴν
960 5013 1038 5069 ἔτι
1071 5014 1239 5089 σάρκα
1269 5019 1577 5092 φοροῦντος.

485 5126 512 5157 α
565 5103 701 5160 Εἶπε
759 5101 813 5159 δὲ
869 5104 897 5159 ὀ
948 5103 1155 5181 Κύριος·
1222 5102 1332 5160 Τίνι
1402 5100 1492 5156 οὖν
1525 5100 1775 5174 ὁμοιώσω
1805 5099 1924 5162 τούς
1946 5100 2041 5153 ἁν-

395 5192 636 5270 θρώπους
705 5198 802 5259 τῆς
868 5199 1053 5270 γενεᾶς
1087 5192 1281 5258 ταύτης
1320 5209 1336 5263 ;
1380 5192 1468 5246 καὶ
1514 5190 1614 5245 τίνι
1647 5187 1782 5244 εἰσίν
1814 5186 1991 5261 ὅμειοι
2028 5205 2043 5260 ;

397 5283 607 5357 Ὀμοιοί
664 5285 763 5339 εἰσι
822 5281 1051 5345 παιδίοις
1106 5296 1224 5345 τοῖς
1257 5282 1311 5338 ἐν
1364 5281 1531 5358 ἀγορᾷ
1577 5278 1923 5353 καθημένοις,
1959 5278 2047 5333 καὶ

396 5382 796 5451 προσφωνοῦσιν
863 5370 1126 5441 ἀλλήλοις
1213 5374 1301 5427 καὶ
1384 5370 1646 5448 λέγουσιν’
1727 5366 2046 5439 Ηύλήσαμεν

390 5464 548 5537 ὑμῖν,
606 5462 696 5518 καὶ
759 5463 855 5518 οὒκ
910 5462 1247 5541 ὠρχήσασθε.
1327 5458 1727 5539 Ἐθρηνήσαμεν
1757 5459 1908 5532 ὑμῖν,
1959 5457 2047 5510 καὶ

392 5550 493 5607 οὒκ
564 5550 876 5613 ἐκλαύσατε,
926 5550 1183 5620 Ἐλήλυθε
1226 5551 1324 5628 γὰρ
1371 5547 1621 5613 Ἰωάννης
1668 5548 1695 5602 ὁ
1741 5546 2042 5612 Βαπτιστης

393 5643 538 5716 μῆτε
596 5640 750 5719 ἄρτον
800 5639 1004 5715 ἐσθίων,
1066 5643 1202 5713 μήτε
1263 5640 1415 5696 οἶνον
1472 5639 1659 5711 πίνων,
1720 5634 2041 5713 καὶλὲγετε⁶

2215 5095 2624 5159 νεῐιεΒΟ-35.
2640 5120 2665 5151 ιι
2681 5096 2771 5158 Ait
2798 5103 2992 5157 autem
3017 5094 3442 5158 Dominus:Cui
3464 5114 3604 5175 ergo
3623 5096 3787 5159 simi-

2131 5185 2219 5245 les
2251 5184 2444 5245 dicam
2478 5184 2751 5247 homines
2766 5184 3170 5264 generationis
3193 5184 3460 5265 hujus?et
3487 5186 3583 5247 cui
3612 5186 3786 5248 simi-

2131 5274 2217 5335 les
2248 5274 2415 5335 sunt?
2447 5273 2687 5336 Similes
2719 5283 2855 5335 sunt
2888 5275 3086 5355 pueris
3117 5273 3541 5336 sedentibusin
3569 5279 3790 5352 foro,et

2131 5362 2592 5428 acclamantibus
2615 5363 2770 5424 inter
2796 5383 2883 5433 se,
2909 5382 2975 5424 ac
2997 5364 3333 5426 dicentibus
3365 5386 3379 5424 :
3413 5366 3789 5430 Ganlavimus

2130 5452 2297 5513 vobis
2328 5452 2581 5523 tibiis,et
2606 5473 2729 5514 non
2758 5452 3379 5533 saltastis,cecinimus
3413 5454 3580 5516 vobis
3612 5456 3788 5536 lugu-

2133 5542 2347 5615 bria,et
2383 5560 2499 5601 non
2534 5543 3015 5621 plorastis.Venit
3047 5544 3203 5604 enim
3235 5545 3492 5606 Joannes
3523 5546 3792 5624 Baptista

2133 5648 2331 5710 neque
2362 5630 2548 5693 edens
2566 5651 2803 5711 panem,
2837 5651 3036 5714 neque
3061 5633 3275 5695 bibens
3296 5633 3525 5710 vinum,
3551 5642 3610 5697 et
3630 5634 3788 5697 dici-
