4202 6436
424 332 532 397 791
1398 330 1994 397 THEOPHYLACTI
2039 326 2445 389 BULGARLIE
2491 326 2846 391 ABGHIEP.
3684 317 3804 384 792

426 463 503 526 tis
537 486 550 528 :
580 464 948 529 Daemonium
982 464 1372 528 habet.Venit
1395 462 1581 527 Filius
1599 461 1858 525 hominis
1889 458 2062 523 edens

2162 458 2447 533 Δαιμόνιον
2504 460 2646 540 ἔχει.
2722 457 3011 531 Ἐλήλυθεν
3068 461 3097 517 ό
3157 460 3275 523 Υἱός
3360 466 3451 516 τοῦ
3534 453 3808 532 ἀνθρώπου

426 572 495 617 ac
527 554 766 636 bibens,
794 564 852 617 et
881 555 1114 617 dicitis:
1148 554 1303 616 Ecce
1330 555 1505 615 homo
1539 551 1709 627 edax,
1746 558 1802 612 et
1836 548 1951 610 vini
1978 566 2062 627 po-

2160 546 2343 604 ἐσθίων
2429 550 2516 605 γαὶ
2562 549 2751 623 πίνων,
2810 550 2898 605 καὶ
2922 548 3127 628 λέγετε,
3164 548 3294 607 Ἰδοὺ
3332 546 3606 636 ἅνθρωπος
3637 542 3806 636 φάγος

423 653 543 725 tor,
576 628 803 706 amicus
826 643 1279 723 publicanorum
1299 662 1367 706 ac
1396 640 1879 722 peccatorum,Et
1892 636 2062 718 justi-

2158 637 2247 725 καὶ
2302 638 2608 720 οἰνοπότης,
2672 636 2823 718 φίλος
2879 637 3125 695 τελωνῶν
3163 639 3251 694 καὶ
3312 634 3667 725 ἁμαρτωλῶν,
3723 628 3811 687 καὶ

425 723 597 795 licata
631 741 720 794 est
757 734 1045 812 sapientia
1080 751 1114 793 a
1158 732 1297 793 ﬁliis
1352 733 1473 793 suis
1532 728 1833 790 omnibus.
1869 753 1891 781 ιι
1939 725 2062 787 Erat

2155 723 2439 812 ἐδικαιώθη
2497 730 2532 796 ἡ
2591 728 2748 807 σοφία
2775 728 2882 785 ἀπό
2911 728 3018 785 τῶν
3048 726 3249 784 τέκνων
3292 731 3454 794 αὐτῆς
3501 724 3740 782 πάντων.
3782 740 3804 772 ³

422 821 720 903 quoddam
748 804 871 882 ludi
904 840 1091 899 genus
1121 820 1276 901 apud
1310 819 1563 883 Judaeos.
1588 818 1651 881 In
1683 822 1881 898 partes
1909 816 2062 876 enim

2155 804 2256 871 Ἠν
2315 840 2365 874 τι
2416 818 2557 896 πορά
2625 804 2747 882 τοῖς
2807 816 3081 881 Ἰουδαίοις
3118 815 3262 880 εἶδος
3294 815 3506 879 παιδιᾶς
3550 819 3811 885 τοιοῦτον,

420 901 571 972 duas
600 911 769 989 pueri
802 910 974 971 multi
1003 909 1440 981 dividebantur,
1473 917 1530 970 et
1560 910 1721 989 quasi
1754 906 1929 966 vitam
1955 904 2062 965 de-

2150 906 2227 967 ιῖς
2288 907 2425 984 μέρη
2492 905 2582 963 δύο
2613 906 2816 974 πληθὺς
2869 905 3091 963 παιδίων
3123 906 3399 979 ἐτέμνετο.
3454 906 3552 964 Καὶ
3582 905 3674 961 τόν
3702 901 3813 977 βίον

418 997 721 1079 ridebant,
753 999 853 1060 alii
884 1018 953 1062 ex
978 1018 1094 1060 una
1129 1007 1293 1079 parte
1326 998 1799 1060 lamentabantur
1834 1012 1846 1057 :
1880 994 2062 1055 aliiex

2163 996 2355 1051 ὡσανεί
2410 995 2698 1075 γελῶντες,
2753 998 2799 1051 οἱ
2856 996 2956 1071 μὲν
3012 995 3153 1053 ἔνθεν
3200 996 3472 1075 ἐθρήνουν,
3504 998 3551 1051 οἱ
3582 992 3638 1049 δὲ
3668 993 3814 1048 ἐκεῖ·

420 1087 609 1149 altera
643 1087 804 1149 tibiis
834 1088 1173 1151 canebant:
1212 1096 1269 1149 et
1321 1105 1518 1167 neque
1576 1086 1849 1165 lugentes
1904 1102 2062 1144 cura-

2164 1092 2251 1146 θεν
2312 1088 2532 1155 ηῧλουν.
2591 1088 2695 1151 Καὶ
2766 1089 2883 1146 οὔτε
2939 1103 3058 1153 τοῖς
3116 1093 3392 1168 θρηνοῦσιν
3425 1092 3471 1146 οἱ
3514 1090 3605 1145 τοῦ
3635 1084 3815 1162 ἐτέρου

417 1173 561 1237 bant
587 1175 650 1237 hi
681 1175 782 1256 qui
815 1195 883 1238 ex
909 1178 1092 1238 altera
1123 1185 1288 1257 parte
1324 1194 1337 1238 :
1368 1194 1563 1256 neque
1617 1173 1896 1235 tibicines
1921 1172 2062 1252 ipso:

2166 1178 2354 1258 μέρους
2414 1180 2754 1259 συνετίθεντο,
2786 1176 2903 1236 θ”τε
2936 1193 3053 1243 τοῖς
3105 1183 3382 1258 θρηνοῦσιν
3426 1182 3471 1235 οἱ
3516 1183 3608 1234 τοῦ
3638 1173 3817 1252 ἐτέρου

416 1264 711 1327 curabant
742 1266 803 1327 hi
840 1267 943 1347 qui
972 1265 1280 1345 lugebant.
1336 1264 1521 1325 Taxat
1573 1262 1747 1342 igitur
1793 1261 2062 1323 Dominu:

2167 1267 2357 1345 μέρους
2414 1268 2755 1349 συνειίθεντο,
2817 1269 2935 1326 οὔτε
2991 1281 3108 1333 τοῖς
3139 1266 3385 1325 αὸλοῦσιν
3430 1270 3597 1327 οὗτοι.
3646 1263 3814 1324 Ἐπι-

416 1354 777 1434 Ριιπίεωοε,
810 1355 912 1435 qui
945 1373 1136 1435 neque
1169 1352 1451 1432 lugebant
1482 1372 1613 1414 cum
1651 1354 1880 1413 Joanne
1907 1353 2062 1428 lugu-

2167 1355 2401 1412 σκώπτει
2453 1356 2623 1413 τοίνυν
2679 1360 2706 1414 ὁ
2760 1356 2962 1437 Κύρϊος
3019 1358 3108 1414 καὶ
3151 1358 3273 1419 τοὺς
3332 1356 3675 1435 Φαρισαίους,
3737 1354 3813 1415 ὡς

417 1440 585 1504 brem
615 1443 794 1505 vitam
827 1452 1061 1522 agente,
1094 1452 1150 1504 et
1183 1441 1590 1521 paenitentiam
1624 1439 2062 1516 introducente,

2149 1446 2396 1503 τοιοῦτόν
2466 1469 2517 1502 τι
2573 1447 2881 1513 ποιοῦντας.
2942 1447 3072 1505 Οὔτε
3135 1446 3235 1524 γὰρ
3286 1452 3365 1519 τῷ
3421 1443 3647 1521 Ἰωάννῃ
3680 1447 3816 1521 θρη-

417 1548 614 1611 neque
658 1550 793 1594 eum
838 1531 1225 1593 imitabantur
1263 1551 1274 1592 :
1332 1548 1526 1610 neque
1568 1526 2062 1607 obtemperabant

2152 1536 2371 1601 νητικὸν
2439 1536 2553 1611 βίον
2623 1537 2821 1612 βιοῦντι
2892 1538 2979 1592 καὶ
3035 1536 3319 1611 μετάνοιαν
3420 1532 3813 1613 εἰσηγουμένου,

413 1617 558 1682 Jesu
587 1621 760 1683 vitam
795 1639 917 1700 prae
964 1639 1029 1681 se
1071 1619 1286 1681 ferenti
1320 1619 1644 1679 civiliorem
1676 1634 1688 1679 :
1726 1616 1828 1677 sed
1863 1616 2062 1677 ambos

2154 1623 2545 1691 συνεπένθησαν
2601 1622 2637 1692 ἤ
2705 1624 3062 1701 ἐμιμήσαιτο,
3114 1626 3232 1682 οὒτε
3289 1630 3367 1697 τῷ
3455 1615 3630 1691 Ἰησοῦ
3700 1621 3812 1698 βίον

416 1708 807 1789 repellebant,
835 1727 910 1770 ne
944 1708 1211 1788 lugentes
1239 1726 1370 1768 cum
1403 1706 1633 1769 Joanne
1666 1707 1928 1783 lugente,
1954 1723 2062 1765 ne—

2155 1710 2572 1788 ἐπιδεικνυμένῳ
2645 1716 2911 1793 χαρίεντε,
2994 1714 3311 1780 ἐπείσθησαν
3396 1714 3433 1781 ἦ
3518 1711 3812 1771 συνέθεντο·

414 1769 529 1875 qu'e
561 1769 942 1870 concinentes
963 1769 1096 1858 cum
1130 1799 1269 1859 Jesu
1315 1796 1475 1857 tibiis
1501 1769 1777 1871 canente,
1812 1795 1924 1856 hoc
1956 1802 2062 1873 est,

2153 1769 2272 1857 ἀλλ’
2354 1769 2686 1883 ἀμφοτέρουέ
2725 1769 3046 1877 1ἀτιοῖόσάντο,
3121 1769 3279 1879 μήτε
3371 1769 3450 1877 τώ
3544 1769 3816 1881 θρηνοῦντι

410 1884 860 1946 remissiore.Et
874 1886 1197 1965 justiﬁcata
1228 1892 1323 1946 est
1351 1884 1665 1973 sapientia,
1696 1885 1806 1973 hoc
1838 1884 2062 1973 est,ho-

2155 1890 2382 1967 Ἰωάννῃ
2441 1895 2874 1973 συνθρηνοῦντες,
2932 1894 3070 1969 μήτε
3140 1900 3217 1967 τῷ
3259 1892 3500 1950 αὐλοῦντι
3548 1893 3636 1949 καὶ
3668 1892 3815 1947 ἀνει-

412 1983 642 2049 norata,
680 1992 800 2035 non
830 1994 863 2035 a
908 1973 1243 2047 Pharisasis,
1296 1973 1399 2035 sed
1431 1992 1466 2034 a
1496 1972 1637 2035 ﬁliis
1682 1972 1829 2049 suis,
1864 1972 1922 2034 id
1958 1982 2062 2045 est,

2154 1978 2300 2055 μένῳ
2369 1979 2551 2047 Ἰησοῦ
2608 1992 2994 2062 συπφοροῦντες
3036 1980 3144 2060 (9).
3175 1979 3279 2043 Καὶ
3310 1982 3499 2039 λοιπὸν
3530 1980 3815 2046 ἐδικαιώθη

411 2062 504 2125 bis
534 2063 638 2143 qui
661 2071 1062 2144 susceperunt
1091 2065 1294 2124 Jesum
1326 2072 1385 2124 et
1405 2061 1723 2125 Joannem.

2153 2072 2187 2137 ἡ
2251 2069 2407 2149 σοφία
2490 2077 2584 2128 τοῦ
2669 2078 2822 2145 Θεοῦ,
2856 2071 3124 2129 τουτέστιν
3155 2071 3408 2151 ἐτιμήθη,
3443 2073 3547 2151 οὐχ
3574 2072 3677 2127 ὑπὸ
3704 2076 3813 2125 τῶν

1157 2184 1164 2190 ε
2156 2159 2484 2239 Φαρισαίων,
2554 2159 2691 2221 ἀλλά
2761 2168 2868 2218 τῶν
2932 2161 3129 2219 τέκνων
3174 2165 3363 2235 αὐτῆς,
3393 2161 3654 2235 τουτέστι,
3708 2163 3815 2216 τῶν

2151 2246 2594 2327 παραδεξαμένων
2663 2251 2756 2308 τὸν
2814 2249 2975 2331 λόγον
3022 2259 3115 2309 τοῦ
3143 2272 3201 2308 τε
3261 2250 3506 2319 Ἰωάννου
3563 2252 3649 2307 καὶ
3720 2257 3817 2307 τοῦ

2152 2339 2351 2407 Ἰησοῦ.

491 2422 674 2485 Vens.
706 2422 914 2488 36-43.
956 2445 980 2482 ι
1014 2423 1277 2502 Rogabat
1310 2432 1506 2487 autem
1558 2423 1723 2484 illum
1758 2422 2001 2504 quidam
2037 2442 2062 2484 ε

2242 2448 2267 2484 ε
2327 2429 2539 2507 Ἦρώτα
2589 2426 2645 2484 δέ
2713 2450 2795 2491 τις
2825 2430 2984 2486 αὐτὸν
3016 2436 3122 2488 τῶν
3163 2431 3489 2508 Φαρισαίων,
3549 2430 3643 2485 ἵνα
3669 2428 3813 2509 φάγῃ

410 2511 730 2574 Ριιετίεωίε
754 2520 815 2573 ut
835 2522 1075 2594 caperet
1104 2513 1304 2574 cibum
1333 2532 1467 2575 cum
1502 2511 1736 2593 ipso.Et
1766 2512 2062 2590 ingressus

2154 2515 2272 2591 μετ’
2333 2519 2512 2574 αὐτοῦ.
2576 2518 2677 2575 Καὶ
2734 2517 2982 2575 εἰσελθὼν
3024 2520 3097 2584 εἰς
3152 2520 3249 2586 τὴν
3299 2519 3464 2574 οὶκίαν
3506 2522 3601 2576 τοῦ
3640 2527 3812 2598 Φαρι-

408 2600 653 2661 domum
687 2601 994 2673 Pharisaei,
1021 2600 1298 2663 accubuit
1333 2620 1347 2664 :
1385 2610 1441 2663 et
1501 2620 1641 2661 ecce
1698 2600 1911 2661 mulier
1939 2619 2062 2680 qua:

2161 2607 2334 2682 σαίου,
2399 2604 2674 2673 ἀνεκλίθη.
2732 2608 2831 2663 Καὶ
2903 2604 3012 2664 ἰδοὺ
3043 2607 3176 2684 γυνὴ
3207 2606 3261 2663 ἐν
3290 2613 3359 2683 τῇ
3390 2606 3569 2679 πόλει,
3601 2607 3718 2674 ἥτις
3748 2608 3814 2675 ἧν

411 2689 602 2751 fuerat
630 2689 692 2750 in
723 2689 957 2751 civitate
988 2690 1387 2771 peccatrix.ut
1417 2688 1885 2769 cognovit,quod
1907 2687 2062 2750 Jesu:

2164 2690 2507 2770 ἁμαρτωλὸς,
2568 2695 2858 2770 ἐπιγνοῦσα
2887 2692 2969 2749 ὅτι
3024 2692 3297 2750 ἀνάκειται
3355 2692 3411 2748 ἐν
3438 2699 3508 2770 τῇ
3538 2695 3676 2767 οἰκίᾳ
3716 2701 3812 2750 τοῦ

412 2778 790 2840 accubuisset
820 2779 881 2838 in
905 2779 1083 2840 domo
1124 2779 1431 2842 Pharisei.
1468 2778 1665 2839 attulit
1713 2776 2062 2838 alabastrun

2160 2782 2470 2857 Φαρισαίου,
2531 2782 2797 2855 κομίσασα
2846 2778 3174 2860 ἀλάϐαστρον
3245 2782 3433 2856 μόρου,
3507 2783 3595 2837 καὶ
3644 2788 3811 2837 στᾶσα

410 2866 726 2946 unguenti,
752 2876 1030 2947 stansque
1062 2869 1130 2927 ad
1158 2868 1343 2948 pedes
1366 2869 1497 2948 ejus
1528 2886 1562 2927 a
1585 2873 1773 2944 tergo,
1800 2867 1951 2927 ﬂens
1983 2866 2062 2926 la-

2158 2869 2302 2948 παρά
2357 2870 2479 2931 τοὺς
2544 2868 2707 2932 πόδας
2753 2869 2911 2929 αὐτοῦ
2940 2871 3127 2940 ὀπίσω,
3166 2869 3418 2928 κλαίουσα
3447 2868 3641 2950 ἤρξατο
3682 2870 3808 2948 βρέ-

409 2955 627 3035 crymis
657 2955 835 3035 coepit
880 2955 1074 3034 rigare
1115 2956 1301 3036 pedes
1331 2956 1487 3035 ejus,
1520 2962 1580 3015 et
1609 2954 1839 3033 capillis
1862 2954 2062 3035 capitis

2158 2978 2278 3038 χειν
2334 2958 2457 3023 τούς
2512 2956 2677 3024 πόδας
2732 2960 2890 3017 αὐτοῦ
2936 2972 3056 3022 τοῖς
3115 2957 3355 3039 δάκρυσι,
3386 2960 3472 3015 καὶ
3502 2971 3624 3022 ταῖς
3675 2961 3810 3038 θρισὶ

411 3043 503 3106 sui
534 3044 1010 3146 exstergebatft.
1030 3044 1491 3146 deosculabatur
1510 3044 1692 3144 pedes
1712 3043 1946 3144 ejus,.et
1966 3063 2062 3103 un-

2155 3049 2255 3113 τῆς
2314 3047 2552 3127 κεφαλῆς
2610 3049 2772 3113 αὑτῆς
2827 3047 3103 3124 ἐξέμασσε,
3171 3050 3258 3105 καὶ
3340 3046 3613 3127 κατεφίλει
3686 3049 3807 3110 τούς

409 3141 627 3213 guento
652 3134 1168 3213 ungebat.Videns
1197 3143 1394 3195 autem
1421 3133 1757 3195 Pharisaaus
1782 3133 1883 3213 qui
1910 3152 2062 3194 voca-

2157 3133 2323 3200 πόδας
2382 3136 2564 3209 αὐτοῦ,
2640 3137 2727 3194 καὶ
2769 3134 2957 3215 ἤλειφε
2998 3138 3074 3211 τῷ
3106 3138 3274 3215 μύρῳ.
3312 3135 3458 3194 Ἰδὼν
3486 3134 3540 3192 δὲ
3567 3138 3595 3192 ὁ
3633 3144 3806 3215 Φαρι-

406 3229 576 3286 verat
598 3241 757 3298 eum,
793 3223 874 3284 ait
902 3222 1060 3283 intra
1110 3241 1174 3284 se
1224 3222 1470 3284 dicens:
1516 3223 1625 3284 Hic
1658 3222 1708 3282 si
1741 3234 1900 3284 esset
1930 3241 2062 3303 pro-

2159 3237 2317 3288 σαϊος
2348 3226 2376 3281 ὁ
2404 3223 2634 3287 καλέσας
2680 3227 2861 3300 αὐτὸν,
2896 3226 3051 3281 εἶπεν
3093 3224 3147 3281 ἐν
3194 3228 3387 3302 ἑαυτῷ,
3411 3225 3605 3305 λέγων’
3641 3227 3807 3290 Οὗτος

409 3312 610 3393 pheta,
642 3313 821 3373 sciret
849 3315 1057 3392 utique
1095 3330 1229 3391 quae
1259 3320 1317 3373 et
1354 3312 1549 3391 qualis
1579 3321 1669 3374 est
1703 3311 1916 3372 mulier
1947 3330 2062 3391 qua

2159 3316 2203 3371 εἰ
2260 3315 2324 3382 ἧν
2373 3316 2673 3396 προφήτης,
2732 3316 3016 3394 ὶγίνωσκεν
3070 3314 3155 3391 ἄν,
3224 3316 3303 3381 τίς
3359 3317 3447 3373 καὶ
3504 3316 3719 3384 ποταπὴ
3770 3317 3804 3385 ἡ

407 3400 593 3478 tangit
619 3400 988 3480 ipsum,quia
1014 3399 1310 3481 peccatrix
1345 3404 1545 3463 est.Et
1564 3400 1937 3480 respondens
1965 3398 2073 3462 Je-

408 3506 509 3550 sus
539 3488 686 3549 dixit
713 3498 771 3550 at
801 3487 1013 3549 illum:
1048 3488 1281 3569 Simon,
1315 3489 1507 3553 habeo
1540 3489 1861 3569 quidquam
1908 3490 2064 3570 quod

406 3576 515 3638 tibi
546 3577 765 3639 dicam.
786 3578 863 3639 At
892 3577 995 3640 ille
1025 3577 1105 3639 ait
1135 3596 1148 3640 ε
1188 3578 1491 3659 Magister,
1526 3578 1645 3641 dic.
1670 3581 1799 3641 Duo
1831 3578 2069 3640 debito-

405 3684 506 3729 res
535 3675 705 3728 erant
723 3665 961 3728 cuidam
995 3667 1301 3729 creditori.
1328 3667 1495 3730 Unus
1520 3666 1773 3728 debebat
1795 3667 2071 3727 denarios

409 3754 792 3836 quingentos,
828 3765 886 3817 et
915 3756 1067 3818 alter
1096 3756 1553 3837 quinquaginta,
1589 3775 1721 3816 cum
1757 3764 1953 3816 autem
1986 3752 2070 3816 illi

410 3861 529 3905 non
557 3853 761 3907 essent
786 3844 1094 3919 solvendo,
1126 3846 1489 3907 condonavit
1519 3844 1785 3924 utrisque
1814 3861 1827 3905 :
1856 3844 2065 3905 horum

407 3933 588 4010 igitur
601 3932 699 3994 dic
720 3940 850 3993 uter
871 3952 1007 3995 eum
1037 3934 1168 4015 plus
1191 3932 1833 4012 diliget?Respondens
1862 3934 2068 3995 Simon

407 4019 553 4082 dixit
586 4041 600 4080 :
634 4020 924 4082 Existimo
953 4021 1110 4102 quod
1145 4023 1195 4083 is
1230 4023 1321 4082 cui
1359 4022 1490 4101 plus
1516 4021 1892 4082 condonavit.
1928 4024 2057 4082 521

406 4110 486 4171 At
518 4107 620 4170 ille
632 4108 778 4169 dixit
800 4109 878 4171 ei:
904 4108 1090 4171 Recte
1109 4109 1716 4190 judicasti.»Videtur
1737 4111 1834 4172 hic
1856 4112 2068 4174 Phari--

408 4214 561 4258 smus
582 4197 683 4278 qui
708 4199 933 4259 vocavit
948 4200 1376 4279 Jesum(a)non
1400 4208 1623 4261 rectam
1647 4199 2070 4264 habuissesen-

411 4284 804 4361 tentiam,sed
828 4286 1071 4350 dolosus
1090 4289 1273 4351 fuisse
1297 4297 1353 4350 et
1374 4288 1669 4370 hypocrisi
1701 4290 1934 4370 plenus.
1970 4293 2066 4352 Di-

408 4373 494 4437 cit
524 4373 744 4454 igitur:
772 4377 833 4438 Si
855 4386 1016 4440 esset
1047 4378 1144 4440 hic
1176 4379 1488 4459 propheta,
1524 4387 1581 4439 et
1602 4379 1678 4438 ita
1714 4398 1831 4440 non
1885 4383 2074 4443 credi-

2160 3404 2317 3481 γυνὴ,
2371 3404 2489 3471 ἣτις
2548 3403 2769 3461 ἅπτεται
2815 3404 2994 3479 αὐτοῦ,
3040 3405 3120 3459 ὃτι
3151 3402 3467 3484 ἁμαρτωλός
3516 3406 3655 3467 ἐστι.
3706 3406 3805 3463 Καὶ

2152 3494 2451 3573 ἀποκριθεὶς
2509 3494 2537 3548 ὃ
2608 3490 2836 3573 Ἰησοῦς,
2868 3493 2994 3549 εἶπε
3024 3494 3156 3571 πρὸς
3206 3494 3387 3550 αὐτόν·
3435 3495 3638 3568 Σίμων,
3686 3492 3803 3572 ἔχω

2156 3583 2239 3638 σοί
2300 3572 2365 3638 τι
2435 3583 2629 3642 εἰπεῖν.
2692 3572 2749 3639 Ὀ
2815 3580 2868 3637 δέ
2926 3597 3079 3661 φησι·
3146 3579 3464 3661 Διδάσκαλε,
3524 3581 3660 3640 εἶπέ.
3699 3582 3801 3640 Δύο

2157 3668 2541 3750 χρεωφειλέται
2596 3670 2731 3737 ἦσαν
2800 3660 3047 3739 δανειστῆ
3150 3693 3275 3731 τινι.
3341 3660 3397 3729 Ὀ
3469 3684 3551 3735 ετς
3608 3669 3799 3750 ὤφειλε

2158 3758 2376 3837 δηνάρία
2432 3759 2780 3835 πεντακόσια,
2838 3762 2865 3815 ὁ
2924 3758 2978 3815 δὲ
3041 3760 3219 3839 ἕτερος
3277 3762 3630 3833 πεντήκοντα,
3723 3760 3801 3835 μὴ

2154 3848 2394 3928 ἐχόντων
2452 3847 2508 3903 δὲ
2559 3851 2732 3905 αὐτῶν
2761 3847 3070 3923 ἀποδοῦναι,
3116 3850 3434 3929 ἀμφοτέροις
3484 3850 3798 3930 ἐχαρίσατο.

2154 3939 2243 4000 Τίς
2327 3938 2416 3993 οὖν
2446 3941 2639 4012 αὐτῶν,
2673 3938 2808 4018 εἰπὲ,
2855 3936 3048 3996 πλεῖον
3080 3939 3236 4018 αὐτὸν
3279 3940 3547 4017 ἀγαπήσει
3582 3938 3799 4016 ;Ἀπο-

2152 4027 2341 4105 κριθεὶς
2413 4024 2467 4081 δὲ
2526 4026 2560 4082 6'
2607 4016 2802 4105 Σίμων
2856 4031 3030 4083 εἶπεν·
3096 4016 3487 4103 Ὑπολαμϐάνω
3515 4027 3593 4084 ὅτι
3654 4032 3699 4102 ᾧ
3731 4030 3791 4083 τὸ

2151 4104 2344 4171 πλεῖον
2375 4114 2686 4195 ἐχαρίσατο.
2727 4104 2782 4174 Ὀ
2825 4114 2879 4171 δὲ
2911 4118 3067 4174 εἶπεν
3096 4118 3263 4198 αὐτῷ,
3297 4116 3494 4195 Ὀρθῶς
3526 4115 3794 4195 ἔκρινας.»

2152 4205 2399 4261 Φαίνεται
2461 4204 2610 4268 οὗτος
2643 4207 2984 4285 ὁΦαρισαϊος
3028 4209 3057 4263 ὁ
3085 4205 3363 4273 κεκληκὼς
3407 4207 3498 4262 τὸν
3570 4204 3796 4279 Ἰησοῦν,

2155 4296 2234 4371 μὴ
2289 4295 2434 4359 εὐθὺς
2492 4295 2634 4351 εἷναι
2701 4295 2800 4363 τὴν
2828 4295 3073 4375 γνώμην,
3109 4294 3244 4352 ἀλλά
3286 4293 3499 4375 δολερὸς
3531 4297 3617 4352 καὶ
3665 4296 3798 4350 ὑπο-

2156 4385 2379 4463 κρίσεως
2438 4382 2675 4464 πλήρης,
2748 4386 2919 4452 Φησὶν
2970 4386 3080 4443 οῦν·
3116 4395 3279 4448 Οῦτος
3311 4387 3356 4441 εἰ
3386 4386 3453 4454 ἦν
3484 4386 3794 4464 προφήτης,

407 4462 519 4539 dit,
553 4464 693 4545 quia
726 4465 854 4528 haec
876 4466 1543 4547 loquebatur.Dominus
1577 4475 1774 4529 tamen
1805 4474 2062 4551 quamvis

2151 4462 2289 4532 ὣστε
2360 4475 2454 4531 οὑκ
2504 4462 2796 4550 ἐπίστευεν,
2846 4473 3031 4543 ἓπειδὴ
3086 4475 3301 4533 τοιαῦτα
3356 4462 3561 4537 ἐλάλει.
3617 4464 3672 4532 Ὀ
3740 4472 3799 4529 δὲ

1479 4572 1561 4635 Ex
1597 4574 1917 4636 collatione
1951 4577 2126 4639 codd.
2160 4578 2374 4644 Venet.
2408 4581 2471 4644 S.
2504 4581 2707 4644 Marci.

489 4676 578 4758 (2)
613 4676 761 4741 Cod.
797 4677 1012 4762 addit:
1068 4670 1364 4762 "Ere-fago
1424 4688 1513 4737 τοῦ
1566 4682 1721 4738 αὐτοῦ
1776 4684 2063 4762 κεφαλαίου

405 4757 564 4840 ἔχετι
659 4768 752 4818 τοῦ
821 4758 987 4826 δεῖξαι
1077 4757 1287 4835 συνῳδᾶ
1337 4757 1520 4834 ἀὐτῷ’
1603 4757 1901 4840 πράττοντα
1970 4769 2061 4822 τὸν

405 4835 686 4918 Ἰωάννην,
737 4841 780 4895 εἰ
834 4841 922 4896 καὶ
972 4841 1037 4897 τά
1107 4842 1369 4918 γενόμενα
1463 4835 1668 4897 ἐναντία
1714 4844 1803 4909 ἦν,
1860 4835 1941 4903 ”Ο
2005 4846 2059 4902 δὲ

404 4916 601 5001 λέγει,Δ
649 4916 884 4976 τοιουτόν
977 4916 1140 4977 ἐστιν’
1234 4922 1507 4979 Ἐναντίαν
1600 4923 1845 5001 ἑκάτερος
1902 4925 2059 4991 ἦλθεν

406 4996 524 5081 ὁδὸν
584 4996 694 5081 ἐγὼ
731 5001 840 5081 -.καὶ
897 5001 925 5055 ό
983 5000 1260 5080 Ἰωάννης,
1315 5003 1405 5057 καὶ
1460 5002 1651 5081 ταύτόν
1698 4996 2053 5081 ἐποιήσαμεν,

403 5078 527 5159 οἷον
582 5076 646 5132 ἄν
701 5078 755 5133 εἴ
822 5102 963 5143 τινες
991 5076 1404 5157 θηρευταὶ-ζῶον
1452 5079 1772 5159 δυσθήρατον
1830 5076 1941 5139 διὰ*
1970 5076 2058 5143 δύο

404 5155 603 5243 μέλλον
660 5157 943 5243 ἐμπίπτειν
1188 5162 1261 5243 είς
1310 5163 1371 5243 τὸ
1427 5155 1709 5243 θήρατρον,
1808 5165 2055 5243 ἑκατέραν

404 5236 629 5325 ἕκαστος
665 5237 949 5325 ἀπολαϐὼν
1006 5239 1125 5295 ὁδὸν
1207 5240 1413 5299 ἐλαύνοι
1501 5236 1797 5307 ἐξεναντίας
1880 5236 2055 5325 ἕτερος

402 5324 481 5397 τῷ
506 5317 711 5397 Δξτέρῳ,
791 5319 927 5376 ὥστε
1025 5320 1217 5385 πάντες
1306 5322 1377 5385 εἰς
1458 5322 1674 5397 θάτερον

406 5392 555 5480 ςΑλλ⁹
618 5392 780 5471 ὑμεῖς
854 5400 1107 5473 οὗόετέρῳ
1138 5400 1454 5480 προσέχετε,
1532 5392 1648 5459 οὕτε
1732 5392 1873 5480 ἐμοὶ,
1934 5406 2051 5462 οὕτε

405 5451 668 5551 Ἰιιιυάνντμι
712 5451 808 5535 ah
857 5451 1454 5555 λοιπὸνΓΤέδιικλιὰλη,’
1479 5505 1534 5545 κ.
1576 5505 1626 5541 τ.
1660 5480 1716 5544 λ.
1761 5451 1802 5537 ri

482 5607 572 5689 (ο)
600 5607 756 5674 Edit.
792 5614 923 5676 Lut.
950 5614 1193 5691 omittit,
1232 5616 1341 5694 qui
1382 5619 1619 5680 vocavit
1646 5615 1880 5680 Iesum.

2145 4687 2307 4749 enim
2337 4689 2399 4749 in
2425 4708 2496 4751 eo
2528 4690 2767 4765 insistit,
2802 4700 2862 4774 ut
2891 4690 3481 4774 ostendat,Joannem
3518 4693 3708 4774 egisse
3730 4713 3800 4757 ea

2142 4786 2276 4908 qua;
2305 4787 2506 4831 secum
2539 4770 2963 4851 congruebant,
2998 4773 3235 4835 tametsi
3266 4793 3448 4853 opera
3496 4770 3796 4837 co'nlraria

2165 4856 2358 4908 orent.
2393 4849 2563 4908 Ουοά
2597 4851 2776 4908 igitur
2814 4853 2929 4908 hoc
2963 4853 3091 4908 loco
3116 4855 3213 4908 ait-
3252 4855 3503 4908 nerinde
3532 4865 3623 4908 est
3650 4875 3718 4908 ac
3748 4857 3791 4908 si

2165 4849 2362 4939 '_o_rent.
2393 4849 2776 4939 Quodnigitur
2814 4853 2929 4913 hoc
2963 4853 3093 4939 loco
3116 4855 3214 4933 ait,
3252 4849 3503 4934 perinde
3532 4865 3630 4939 est
3650 4875 3718 4917 ac
3744 4857 3792 4939 si

2142 4927 2410 5019 diceret:
2444 4927 2732 5011 Equidem
2792 4950 2900 5011 ego
2955 4941 3013 4996 et
3055 4927 3336 5019 Joannes
3373 4937 3672 5019 contraria
3700 4937 3794 4997 via

2142 5009 2479 5071 incedimus
2502 5009 2526 5074 ε’
2550 5029 2757 5073 verum
2792 5009 2901 5074 nos
2943 5013 3191 5079 perinde
3229 5014 3480 5078 facimus
3507 5036 3576 5079 ac
3609 5018 3657 5077 si
3690 5036 3792 5078 ve-

2141 5094 2380 5178 natores
2409 5090 2595 5178 feram
2628 5100 2799 5178 captu
2832 5090 3160 5175 diﬂicilem,
3183 5114 3315 5176 qua:
3340 5115 3452 5178 per
3492 5098 3643 5159 duas
3674 5098 3794 5157 vias

2140 5169 2202 5228 in
2224 5169 2497 5250 laqueum
2532 5169 2801 5257 incidere
2854 5169 3388 5257 potest,utra'mqu'e
3405 5177 3557 5239 viam
3580 5178 3791 5257 singuli

2140 5259 2521 5329 occupantes,
2553 5252 2705 5314 alter
2736 5252 2945 5315 contra
2974 5252 3227 5317 alterum
3251 5252 3474 5319 stantes
3493 5252 3793 5322 contraria

1773 5322 2045 5411 zansaejv.
2136 5322 2579 5410 viaimpellant,
2605 5340 2664 5395 et
2710 5341 2979 5411 urgeant,
3016 5344 3079 5397 ut
3109 5336 3452 5408 omnimode
3477 5338 3538 5399 in
3562 5340 3789 5400 alteru-

2137 5416 2291 5495 trum
2322 5411 2595 5495 laqueum
2629 5413 2885 5495 decidat.
2919 5414 3035 5495 Sed
3087 5435 3192 5477 vos
3246 5418 3465 5495 neutri,
3500 5437 3610 5481 nec
3644 5418 3789 5479 mihi

2134 5490 2533 5568 scilicet,'nec
2559 5492 2798 5570 Joanni,
2832 5494 3187 5561 attendistis.
3212 5490 3528 5582 Caeterum,
3568 5524 3590 5559 ι
3630 5508 3745 5561 etc.
