4202 6412
352 341 471 407 793
1076 344 1520 407 INABRATIO
1566 345 1647 407 IN
1696 343 2031 408 EVANGEI

2120 344 2205 409 1M
2257 347 2471 408 mro/19
2557 382 2586 389 --
2649 349 2811 409 me.
2865 349 2999 409 VII.
3669 342 3783 423 793,

362 475 551 554 Κύριος
594 475 784 555 ὅμως,
830 476 1002 532 καίτοι
1059 471 1208 537 εἰδὼς
1253 474 1413 529 αὑτὸν
1456 474 1534 550 μὴ
1566 475 1690 543 ειδθῆ
1721 473 1869 554 ὄντα,
1917 475 2023 529 εἱσ-

2120 472 2263 537 scire
2295 492 2429 536 eum
2487 494 2605 537 non
2654 494 2786 538 esse
2817 475 3162 548 candidum,
3219 477 3530 557 ingressus
3563 484 3655 539 est
3707 474 3782 537 ad

362 566 582 647 ἔρχεται
630 569 762 646 πρὸς
812 568 967 623 αὑτὸν
1028 567 1118 622 καὶ
1177 566 1457 640 συνεσθίει,
1519 564 1776 622 διδάσκων
1816 566 2028 630 πάντως

2120 581 2272 642 eum,
2308 573 2367 625 et
2400 565 2660 627 comedit
2689 584 2825 627 cum
2872 584 2965 639 eo,
3000 566 3226 628 docens
3257 568 3509 648 per'hoc
3538 566 3784 628 omnino

364 657 511 722 ἡμᾶς
555 654 640 712 διὰ
681 655 891 731 ’τούτου²
950 656 1024 718 ὡς
1082 651 1144 709 ἂν
1202 668 1323 718 τοῖς
1381 653 1627 718 ὑπούλως
1690 656 1821 733 πρὸς
1885 656 2028 730 ἡμᾶς

2120 654 2270 733 quod
2305 673 2413 715 nos
2440 654 2740 736 simplices
2762 654 3150 717 exhibeamus
3173 674 3312 736 erga
3333 675 3435 717 eos
3452 656 3553 737 qui
3570 656 3781 717 dolose

369 743 614 824 ἔχουσιν,
674 745 839 820 ἡμεῖς
896 742 1082 806 ἁπλῶς
1148 744 1236 800 καὶ
1311 742 1516 808 ἀδόλως
1589 744 2029 826 προσφερώμεθα.

377 841 602 900 Ζητοῦσι
660 832 717 891 δὲ
773 832 964 891 πολλοὶ
1022 834 1184 890 πόσαι
1228 834 1362 901 ἦσαν
1420 837 1472 889 αἱ
1517 848 1768 913 γυναῖκες
1802 837 1853 890 αἱ
1884 833 2036 891 ἀλεί-

378 927 547 996 ψασαι
618 922 711 978 τὸν
770 923 961 1001 Κύριον
1020 923 1190 1001 μύρῳ.
1249 924 1348 980 Καὶ
1405 925 1452 978 οἷ
1498 924 1593 997 μὲν
1637 946 1793 1002 φασιν
1838 923 1917 978 ὅτι
1949 920 2036 977 δύο

369 1012 529 1085 ἦσαν,
582 1014 617 1079 ἡ
677 1013 820 1090 παρὰ
880 1017 959 1084 τῷ
1016 1010 1239 1078 Ἰωάννη
1291 1011 1408 1085 μία,
1466 1013 1501 1080 ἡ
1551 1014 1641 1068 καὶ
1698 1011 1897 1091 ἀδελφνὸ
1943 1017 2035 1068 τοῦ

371 1101 631 1181 Λαζάρου,
692 1101 781 1159 καὶ
852 1101 1004 1177 ἑτέρα
1072 1103 1104 1169 ἡ
1150 1101 1293 1180 παρὰ
1334 1109 1411 1173 τῷ
1455 1103 1704 1177 Ματθαίῳ
1747 1103 1834 1159 καὶ
1878 1102 2031 1177 Μάρ-

364 1214 470 1264 κῳ,
529 1192 618 1247 καὶ
662 1202 749 1251 νῦν
793 1192 931 1269 παρᾶ
977 1198 1054 1266 τῷ
1099 1197 1295 1263 Λουκᾷ.
1329 1188 1477 1270 Ἐγὼ
1505 1189 1560 1247 δὲ
1612 1196 1860 1266 πείθομαι
1910 1201 2029 1252 τοῖς

369 1279 581 1359 λέγουσι
639 1282 790 1360 τρεῖς
850 1280 993 1337 εἶναι
1053 1281 1272 1342 ταύτας,
1320 1280 1456 1336 Μίαν
1501 1281 1601 1356 μὲν
1654 1281 1753 1347 τὴν
1784 1281 1926 1358 παρὰ
1955 1281 2033 1354 τῷ

370 1368 594 1447 Ἰωάννῃ
639 1372 741 1448 πρὸ
786 1368 839 1436 ’ἐξ
883 1372 1097 1449 ἡμερῶν
1153 1376 1247 1426 τοῦ
1300 1370 1518 1450 Πάσχα,
1569 1368 1637 1438 ἢν
1667 1370 1755 1425 καὶ
1799 1366 2033 1448 ἀδελφὴν

376 1460 519 1517 εἶναι
576 1459 839 1539 Λαζάρου.
910 1451 1129 1537 Ἐτὲραν
1187 1458 1243 1514 δὲ
1313 1459 1412 1526 τὴν
1464 1460 1609 1538 παρὰ
1646 1465 1725 1532 τῷ
1784 1457 2034 1531 Ματθαίῳ

374 1551 461 1605 καὶ
494 1548 711 1627 Μάρκῳ,
747 1550 850 1626 πρὸ
909 1547 998 1605 δύο
1039 1550 1256 1623 ἡμερῶν
1314 1558 1407 1607 τοῦ
1465 1549 1685 1628 Πάσχα,
1718 1548 1807 1604 καὶ
1849 1547 2034 1626 τρίτην

373 1638 569 1705 ταύτην
625 1638 724 1706 τὴν
769 1648 857 1698 νῦν
905 1638 1044 1717 παρὰ
1101 1645 1179 1712 τῷ
1234 1644 1433 1718 Λουκᾷ,
1496 1639 1616 1716 περὶ
1658 1638 1724 1695 τὰ
1776 1636 1915 1712 μέσα
1946 1644 2039 1695 τοῦ

377 1729 433 1785 επ
579 1726 673 1784 λι·
887 1730 902 1784 ι
1164 1728 1177 1748 λ
1623 1728 1637 1747 ε

420 1749 575 1806 δαγγε
634 1750 718 1806 ο),
779 1750 882 1808 μυρ
905 1749 1070 1783 σασαν
1123 1750 1221 1795 την
1284 1736 1492 1807 Κδριον,
1552 1750 1642 1783 και
1702 1737 1850 1785 ουοεν
1908 1748 2036 1781 και-

2120 742 2429 813 nobiscum
2454 744 3161 824 aguntQuaaruntautem
3188 746 3359 808 multi
3390 754 3532 827 quot
3560 746 3787 807 fuerint

2126 832 2411 895 mulieres
2457 852 2587 912 quae
2639 834 2919 896 unxerint
2971 834 3288 896 Dominum
3349 843 3675 914 unguento.
3712 837 3785 896 Et

2125 920 2229 983 alii
2258 921 2499 1000 quidem
2534 922 2740 983 dicunt
2769 923 2928 1002 quod
2962 922 3093 985 duae
3118 923 3375 999 fuerunt,
3417 941 3532 984 una
3556 922 3784 985 scilicet

2118 1010 2275 1089 apud
2297 1010 2753 1091 Joannem,quze
2783 1011 2890 1072 fuit
2921 1029 3093 1074 soror
3121 1014 3353 1088 Lazari,
3387 1021 3446 1073 et
3476 1011 3592 1073 alia
3619 1012 3776 1091 apud

2118 1100 2456 1161 Matthaeum
2489 1109 2549 1162 ct
2583 1104 2939 1175 Marcum,et
2972 1121 3132 1164 nunc
3172 1102 3328 1183 apud
3379 1102 3621 1164 Lucam.
3659 1107 3778 1181 Ego

2115 1195 2309 1249 autem
2335 1190 2514 1250 credo
2545 1188 2641 1250 his
2669 1190 2767 1269 qui
2804 1189 3014 1251 dicunt
3035 1198 3156 1254 tres
3177 1209 3513 1265 esse,unam
3537 1191 3777 1272 quidem

2113 1282 2266 1356 apud
2296 1276 2587 1340 Joannem
2621 1287 2761 1339 ante
2792 1297 2892 1340 sex
2925 1279 3057 1340 dies
3083 1281 3343 1355 Paschae,
3369 1299 3499 1360 quae
3532 1287 3589 1341 et
3611 1298 3782 1340 soror

2115 1360 2226 1427 fuit
2252 1365 2452 1428 Lazari
2488 1387 2502 1428 :
2538 1368 2712 1429 aliam
2745 1377 2941 1430 autem
2974 1369 3130 1448 apud
3174 1368 3509 1431 Matthaaum
3544 1378 3601 1430 et
3622 1370 3782 1432 Mar-

2117 1473 2249 1517 cum
2284 1462 2420 1518 ante
2454 1456 2602 1517 duos
2634 1455 2764 1518 dies
2821 1458 3087 1532 Paschae,
3127 1466 3182 1518 et
3218 1459 3459 1520 tertiam
3509 1459 3661 1520 hanc
3709 1459 3785 1520 de

2120 1563 2235 1625 qua
2264 1564 2421 1607 nunc
2451 1546 2666 1621 Lucas,
2702 1564 2833 1625 qua;
2864 1546 2925 1606 in
2960 1547 3155 1609 media
3178 1548 3480 1628 Evangelii
3506 1548 3785 1628 praedica-

2120 1633 2284 1695 tione
2312 1634 2628 1696 Dominum
2662 1633 3068 1714 unxit.Neque
3103 1636 3322 1698 mirum
3354 1644 3444 1698 est
3474 1637 3630 1717 quod
3660 1637 3784 1698 haec

2121 1731 2258 1783 ante
2290 1725 2629 1803 passionem
2667 1724 2779 1784 hoc
2809 1722 3104 1798 fecerit,et
3134 1726 3273 1787 inde
3304 1726 3419 1788 illae
3448 1725 3537 1786 vel
3561 1725 3634 1787 ad
3663 1727 3780 1787 hu-

382 1816 471 1871 νὸν
525 1816 779 1895 πρότερον
816 1817 1016 1883 ταύτην
1069 1817 1303 1882 ποιῆσαι
1346 1823 1526 1895 τοῦτο,
1561 1816 1729 1889 μήπω
1761 1812 2031 1876 ἐνστάντος

2120 1813 2214 1891 jus
2234 1811 2647 1881 imitationem,
2677 1811 2800 1873 sive
2828 1812 2944 1873 alia
2974 1812 3048 1873 de
3079 1832 3255 1875 causa
3281 1815 3521 1876 circiter
3552 1816 3783 1895 passiO‘o

379 1907 473 1962 τοῦ
530 1912 717 1981 καιροῦ
767 1912 862 1963 τοῦ
914 1906 1135 1980 πάθους,
1198 1910 1319 1961 εἶτα
1376 1908 1580 1969 ὲκείνας
1627 1904 1740 1960 εἴτε
1791 1924 2031 1979 μιμησα-

2122 1918 2260 1961 nem
2292 1900 2449 1963 idem
2482 1899 2758 1963 fecerint.
2786 1900 3063 1973 Quamvis
3083 1911 3283 1964 autem
3336 1913 3390 1964 et
3421 1904 3471 1965 is
3492 1904 3589 1983 qui
3622 1903 3778 1984 apud

376 1992 537 2063 μένας
582 1995 807 2072 ταύτην,
861 1994 972 2051 εἴτε
1018 1997 1105 2051 καὶ
1148 1993 1346 2069 ἄλλως,
1404 1993 1633 2061 πλησίον
1692 1996 1787 2051 τοῦ
1840 1993 2034 2056 πάθους

373 2084 435 2139 τὸ
498 2084 624 2140 αὐτὸ
680 2090 931 2151 ποιῆσαι.
1011 2086 1067 2142 Εἰ
1131 2082 1186 2140 δὲ
1228 2085 1319 2141 καὶ
1371 2087 1398 2139 ὸ
1450 2084 1594 2163 παρὰ
1650 2090 1726 2158 τῷ
1787 2081 2036 2156 Ματθαίῳ

375 2173 465 2229 τὸν
513 2173 701 2251 Κύριον
756 2172 1013 2253 καλέσας,
1084 2175 1264 2249 Σίμων
1326 2172 1633 2252 ὠνόμαστο,
1695 2172 1780 2228 καὶ
1861 2173 1889 2227 ὸ
1944 2177 2033 2228 νῦν

378 2262 520 2341 παρὰ
568 2267 647 2336 τῷ
692 2266 888 2335 Λουκᾷ,
947 2285 997 2319 τι
1049 2265 1234 2319 καινὸν
1278 2274 1576 2336 συμπεσεῖν
1632 2262 1698 2319 τὰ
1756 2260 2037 2336 ὀνόματα;

380 2348 527 2407 Ἐπεὶ
559 2352 771 2415 ἒκεϊδός
800 2374 861 2430 γε
916 2353 1005 2409 καὶ
1049 2351 1241 2432 λεπρὸς
1289 2352 1380 2431 ἦν,
1413 2350 1534 2407 ἀλλ’
1566 2351 1689 2430 οὐχὶ
1731 2352 1818 2406 καὶ
1862 2351 2037 2414 οὗτος.

383 2438 642 2503 Κάκεῖνος
700 2440 823 2515 μὲν,
881 2440 1330 2521 τεθεραπευμένος
1374 2441 1481 2497 ἀπὸ
1535 2441 1633 2508 τῆς
1666 2438 1888 2518 λέπρας,
1924 2461 2036 2518 χα-

381 2529 656 2605 ριστήριον
708 2528 810 2596 την
864 2527 1055 2597 κλῆσιν
1107 2527 1393 2586 ἀποδίδωσι
1455 2537 1532 2604 τῷ
1591 2532 1823 2607 Χριστῷ,
1871 2530 2034 2592 Οὗτος

382 2614 464 2697 δὲ,
523 2616 642 2675 οὔτε
727 2617 949 2699 λεπρὸς,
1037 2617 1155 2675 οὔτε
1243 2618 1330 2675 ἐπὶ
1406 2619 1779 2699 χαριστηρίοις
1837 2615 2037 2674 λαλῶν.

387 2705 647 2770 Κάκεῖνος
702 2709 801 2783 μὲν
854 2709 1000 2765 οὐδὲν
1062 2709 1243 2781 εἶπεν,
1302 2708 1453 2773 οὗτος
1510 2707 1564 2764 δὲ
1604 2708 1921 2786 ἐγγόγγυσε,
1954 2702 2041 2763 καὶ

390 2798 698 2875 πατακρίνει
742 2800 796 2852 ἓν
849 2799 1024 2871 ταῦτῷ
1065 2799 1158 2854 τόν
1213 2820 1271 2853 τε
1303 2795 1510 2865 Ἰησοῦν
1542 2799 1629 2855 καὶ
1658 2798 1755 2864 τὴν
1786 2809 2037 2874 γυναῖκα.

388 2884 498 2973 ’Ξὴν
542 2886 665 2965 μὲν,
725 2889 799 2950 ὡς
845 2886 1187 2967 ἁμαρτωλὸν,
1235 2889 1325 2943 τὸν
1376 2885 1452 2960 δὲ,
1519 2889 1593 2949 ὡς
1646 2886 2034 2967 φιλάνθρωπον.

391 2961 470 3027 νΩ
524 2980 622 3040 τῆς
651 2961 983 3040 ’ἀπονοίας-ί
1048 2961 1274 3039 ’Ὄντως
1324 2983 1618 3055 Φαρισαῖος
1741 2961 2034 3052 ἄνθρωπος’

378 3060 501 3119 ἀλλ’
561 3065 589 3119 ὃ
624 3065 810 3143 Κύριος
845 3064 1056 3144 ἐρωτῶν
1115 3067 1271 3124 αὐτὸν
1320 3067 1374 3121 ἐν
1422 3063 1778 3144 παραϐολαῖς,
1824 3064 1913 3119 καὶ
1952 3060 2041 3118 δύο

380 3151 775 3231 χρεωφειλέτας
832 3143 1088 3233 παράγων
1137 3156 1211 3217 είς
1259 3156 1320 3211 τὸ
1352 3154 1540 3233 μέσον,
1585 3151 1889 3219 λεληθότως
1948 3143 2038 3207 καὶ

2118 1989 2460 2052 Matthaeum
2488 1999 3089 2065 commemoratur,et
3119 1992 3293 2071 cujus
3326 2012 3485 2054 nunc
3510 1994 3574 2053 flt
3604 2012 3777 2053 men-

2121 2079 2447 2155 tio,eodem
2481 2078 2743 2141 Simonis
2776 2079 3018 2141 nomine
3047 2090 3353 2161 vocentur,
3376 2081 3533 2144 baud
3560 2081 3775 2143 mirum

2116 2163 2493 2249 fuerit.Saape
2513 2167 2674 2229 enim
2695 2168 2869 2232 multi
2902 2168 3055 2230 idem
3092 2188 3310 2231 nomen
3333 2171 3682 2233 sortiuntur.
3706 2170 3780 2232 At

2127 2256 2229 2319 ille
2246 2258 2353 2319 fuit
2376 2258 2671 2338 leprosus,
2706 2257 2810 2318 sed
2843 2257 2940 2319 hic
2967 2275 3107 2320 non.
3144 2258 3215 2320 Et
3243 2259 3343 2321 ille
3378 2260 3622 2340 quidem
3673 2279 3773 2321 sa-

2126 2356 2298 2409 natus
2328 2366 2362 2408 a
2389 2347 2558 2427 lepra
2585 2347 2643 2406 in
2668 2347 2987 2425 gratiarum
3019 2350 3312 2410 actionem
3334 2349 3555 2409 vocavit
3578 2348 3778 2411 Domi-

2124 2456 2291 2511 num,
2322 2438 2417 2498 hic
2448 2446 2646 2497 autem
2678 2455 2869 2517 neque
2898 2438 3395 2518 leprosus.neque
3426 2439 3645 2517 gratias
3672 2457 3776 2499 re-

2125 2526 2344 2588 ferens.
2377 2526 2449 2587 Et
2476 2526 2576 2588 ille
2606 2525 2844 2607 quidem
2879 2527 3026 2588 nihil
3059 2526 3206 2589 dicit
3240 2545 3253 2589 τ
3290 2528 3388 2589 bic
3433 2538 3629 2588 autem
3663 2527 3776 2588 ob-

2129 2614 2540 2687 murmuravit,
2572 2624 2630 2677 et
2659 2614 3077 2676 condemnavit
3118 2615 3179 2678 in
3236 2617 3349 2677 hoc
3395 2625 3509 2676 tam
3542 2617 3773 2690 Jesum,

2126 2724 2306 2782 quam
2369 2704 2729 2766 mulierem:
2768 2705 2921 2765 hanc
2975 2714 3037 2766 ut
3096 2706 3687 2786 peccatricem,illum
3710 2714 3774 2766 ut

2128 2793 2653 2856 misericordem.0
2671 2795 3088 2873 arrogantiam!
3118 2798 3277 2856 Vere
3308 2794 3640 2857 Pharisaeus
3660 2795 3775 2855 ho-

2126 2903 2244 2947 mo.
2279 2882 2393 2946 Sed
2429 2883 2714 2946 Dominus
2773 2902 2989 2962 rogans
3044 2884 3209 2945 illum
3261 2884 3323 2944 in
3357 2883 3675 2964 parabolis,
3716 2884 3774 2946 in

2124 2972 2387 3035 medium
2416 2972 2686 3053 producit
2717 2971 3019 3033 debitores
3048 2972 3601 3052 duos,latenterque
3624 2974 3775 3035 etil-

2122 3061 2244 3123 lum
2264 3062 2594 3123 debitorem
2621 3080 2753 3122 esse
2776 3061 3058 3122 insinuat.
3088 3060 3155 3122 Et
3186 3080 3391 3141 parum
3415 3062 3654 3141 quidem
3676 3061 3779 3123 de-

2122 3148 2265 3213 bere
2313 3148 2645 3223 videbatur,
2702 3148 2959 3210 debebat
3010 3148 3418 3229 igitur.Itaque
3472 3168 3666 3229 neque
3715 3158 3773 3211 tu

373 3240 528 3297 αὑτὸν
584 3242 987 3322 χρεωφειλέτην
1042 3244 1188 3300 εἶναι
1246 3243 1413 3321 λέγει,
1463 3241 1668 3299 ἐλάττω
1709 3241 1808 3317 μὲν
1838 3260 2021 3319 χρεω-

2120 3248 2279 3319 potes
2309 3238 2452 3300 dare
2485 3238 2666 3301 etiam
2700 3239 2897 3299 minus
2919 3238 3187 3300 debitum
3213 3260 3225 3301 :
3250 3257 3367 3299 non
3393 3238 3553 3299 enim
3586 3237 3773 3300 habes

368 3344 517 3387 στεῖν
572 3331 846 3408 δοκοῦντα,
895 3340 1269 3413 χρεωστουντα
1315 3331 1361 3388 δ’
1416 3332 1527 3394 οὖν,
1563 3329 1693 3389 Οὔτε
1726 3338 1852 3410 γοῦν
1897 3331 1924 3384 ὁ
1961 3329 2028 3383 τὰ

365 3416 574 3477 ἒλάττω
630 3428 922 3501 χρεωστῶν
974 3423 1058 3492 σὺ,
1119 3420 1332 3479 δύνασαι
1389 3420 1566 3478 δοῦναι
1622 3421 1721 3487 τὴν
1780 3416 2022 3499 ὀφειλὴν,

366 3509 426 3564 οὐ
484 3510 584 3588 γὰρ
634 3509 785 3589 ἔχεις
844 3509 1229 3589 ἐξομολόγησιν
1282 3517 1349 3587 τῇ
1406 3510 1737 3590 ὑπερηφανίᾳ
1791 3508 2022 3586 κρατού-

367 3619 553 3671 μενος,
608 3599 726 3655 οῧτε
794 3602 829 3669 ἡ
892 3602 1048 3677 γυνή.
1111 3598 1461 3680 Ἀμφοτέροις
1539 3600 1628 3656 οὖν
1680 3599 2019 3678 ἀφεθήσεται,

374 3687 470 3743 καὶ
526 3688 604 3753 τίς
676 3686 865 3745 πλεῖον
925 3689 1245 3768 ἀγαπήσει,

374 3777 500 3847 ζόνα
510 3825 524 3840 ,

451 3890 478 3920 α
529 3868 626 3926 Καὶ
682 3869 925 3947 στραφεὶς
1006 3870 1137 3947 πρὸς
1206 3870 1302 3938 τὴν
1361 3882 1612 3947 γυναῖκα,
1687 3875 1764 3942 τῷ
1825 3868 2026 3943 Σίμωνι

364 3954 466 4035 ἔφη
501 3971 515 3985 ⁶
580 3956 802 4021 Βλεπεις
861 3957 1061 4024 ταύτην
1130 3959 1226 4027 τὴν
1281 3973 1560 4034 γυνα”κα;
1636 3959 1889 4025 ΕἰσῆΑθον
1954 3959 2028 4021 εἷς

364 4046 463 4114 τὴν
521 4046 687 4103 οἰκίαν
746 4068 860 4107 σου.
910 4044 1043 4123 ὕδωρ
1104 4048 1188 4103 ἐπὶ
1245 4049 1365 4112 τοὺς
1424 4047 1589 4112 πόδας
1635 4070 1736 4120 μου
1772 4049 1866 4104 οὒκ
1897 4046 2026 4103 ἔδω-

362 4155 462 4199 κας
497 4152 511 4165 ·
566 4135 701 4202 αὕτη
758 4133 813 4190 δὲ
855 4149 973 4199 τοῖς
1025 4133 1269 4214 δάκρυσιν
1328 4135 1503 4215 ἔϐρεξέ
1536 4161 1637 4212 μου
1667 4137 1785 4197 τοὺς
1832 4133 2019 4215 πόδας,

362 4225 453 4279 καὶ
509 4236 631 4288 ταῖς
689 4222 816 4302 θριξὶ
861 4229 960 4293 τῆς
1003 4224 1236 4304 κεφαλῆς
1300 4229 1463 4291 «ora;
1520 4226 1758 4302 ἐξὲμαξε,
1804 4224 2024 4299 Φίλημά

369 4336 462 4389 μοι
521 4318 615 4373 οὐκ
647 4312 869 4384 ἔδωκας,
931 4314 1064 4382 αὕτη
1126 4313 1177 4370 δὲ
1213 4314 1301 4394 ἀφ’
1334 4316 1397 4381 ἧς
1432 4314 1696 4389 εἰσῆλθον,
1730 4317 1791 4370 οὐ
1820 4313 2022 4371 διέλιπε

2108 3326 2551 3390 confessionem
2612 3328 2895 3408 superbia
2949 3329 3223 3407 inﬂatus,
3278 3347 3470 3409 neque
3524 3326 3768 3388 mulier.

2110 3417 2388 3499 Utrisque
2419 3417 2600 3495 igitur
2629 3416 2909 3478 remittet.
2954 3421 3028 3479 Et
3053 3426 3189 3479 uter
3214 3417 3346 3496 plus
3376 3415 3763 3494 diligetYOm-

2108 3507 2249 3569 nino
2280 3507 2376 3568 cui
2403 3506 2587 3567 multa
2614 3505 2856 3567 dimissa
2882 3514 3042 3567 sunt.
3074 3505 3145 3566 Et
3172 3524 3306 3566 cum
3339 3505 3461 3567 hazc
3497 3504 3766 3575 dixisset,

2108 3597 2525 3657 obmutescere
2575 3593 2713 3655 fecit
2742 3602 3137 3671 arrogantem.

1339 3690 1555 3753 Πάντως
1641 3691 1686 3762 ᾦ
1767 3688 1829 3743 τὰ
1910 3682 2082 3742 πολλὰ
2152 3685 2345 3766 ἀιρὲθη.
2426 3686 2523 3742 Καὶ
2589 3691 2751 3740 ταῦτα
2828 3684 2990 3740 εἰπὼν
3068 3684 3394 3759 ἐπιστομίζει
3464 3685 3553 3739 τὸν
3635 3682 3770 3738 ἁλα-

2191 3863 2377 3925 VERS.
2415 3864 2676 3926 44-5Ο.«
2705 3864 2775 3922 Et
2805 3879 3128 3924 conversus
3161 3860 3234 3922 ad
3260 3859 3597 3935 mulierem,
3628 3861 3775 3923 dixit

2112 3948 2342 4012 Simoni
2376 3974 2388 4010 :
2432 3951 2606 4013 Vides
2632 3952 2784 4013 hanc
2818 3950 3165 4013 mulierem?
3196 3951 3411 4013 Intravi
3436 3951 3494 4011 in
3526 3951 3789 4034 domum,

2112 4048 2268 4100 tuam
2305 4060 2319 4100 :
2349 4054 2559 4120 aquam
2590 4040 2849 4121 pedibus
2875 4040 3027 4101 meis
3059 4057 3176 4101 non
3206 4038 3423 4100 dedisti
3458 4060 3471 4101 :
3501 4038 3624 4100 haec
3658 4057 3768 4112 au-

2112 4138 2229 4192 tem
2263 4129 2539 4210 lacrymis
2566 4130 2774 4209 rigavit
2803 4129 2989 4212 pedes
3013 4148 3203 4203 meos,
3243 4138 3302 4190 et
3332 4128 3561 4209 capillis
3588 4129 3764 4208 capi-

2109 4217 2181 4279 tis
2208 4218 2299 4279 sui
2330 4218 2886 4282 extersit.Osculum
2915 4219 3061 4281 mihi
3088 4237 3205 4279 non
3233 4218 3476 4297 dedisti,
3513 4219 3638 4280 haec
3658 4237 3770 4279 au-

2107 4317 2226 4371 tem
2260 4327 2329 4369 ex
2364 4328 2480 4387 quo
2512 4308 2751 4388 intravi,
2789 4328 2905 4370 non
2932 4309 3186 4369 cessavit
3217 4307 3552 4369 tleosculari
3586 4306 3768 4388 pedes

367 4402 734 4484 καταφιλοῦσά
790 4425 891 4480 μου
933 4405 1052 4465 τοὺς
1110 4402 1295 4463 πόδας.
1372 4404 1570 4479 Ἐλαίῳ
1626 4405 1727 4472 την
1787 4402 2023 4483 κεῳαλήν

2120 4415 2301 4459 meos.
2336 4396 2482 4459 Oleo
2513 4406 2687 4477 caput
2721 4416 2917 4458 meum
2954 4416 3071 4457 non
3106 4397 3343 4471 unxisti,
3392 4396 3517 4457 haec
3570 4403 3767 4456 autem

366 4514 471 4567 μου
501 4479 596 4549 ουκ
636 4479 890 4568 ἤλειψας,
938 4492 1070 4558 αὕτη
1131 4490 1185 4548 δὲ
1242 4494 1388 4571 μύρον
1417 4492 1608 4569 ’ἤλειψέ
1640 4515 1740 4569 μου
1770 4479 1892 4556 τοὺς
1924 4493 2030 4549 πό-

2120 4494 2414 4564 unguento
2440 4485 2609 4547 unxit
2639 4485 2823 4565 pedes
2857 4487 3305 4563 meos.Propter
3334 4484 3489 4565 quod
3523 4485 3656 4545 dico
3691 4484 3770 4543 ti—

365 4580 483 4642 δας.
520 4584 594 4640 Οὗ
652 4582 814 4662 χάριν
844 4580 987 4661 λέγω
1018 4604 1125 4654 σοι,
1160 4581 1429 4662 ἀφέωνται
1471 4585 1522 4639 αἱ
1574 4584 1826 4662 ἁμαρτίαι
1861 4581 1999 4648 αὒτῆ

2120 4574 2603 4639 ὺὶεῐὶθῐηὶίιειηιυι·
2628 4582 2868 4654 peccata
2894 4574 3023 4654 ejus
3057 4575 3263 4649 multa,
3295 4574 3574 4654 quoniam
3608 4573 3765 4662 dile-
3846 4620 3850 4624 .

365 4674 419 4727 αἱ
465 4659 693 4752 πολλαὶ,
737 4659 832 4729 γὸτι
882 4659 1136 4749 ἠγάπησε
1181 4659 1343 4732 πολύ.
1400 4659 1463 4752 ᾯ
1505 4669 1560 4726 δὲ
1590 4659 1769 4749 ὀλίγον
1795 4671 2030 4751 ἀφίεται,

2120 4664 2199 4726 xit
2220 4665 2489 4727 multum.
2517 4663 2623 4726 Cui
2643 4673 2840 4726 autem
2879 4664 3076 4724 minus
3114 4662 3459 4737 remittitur,
3488 4663 3538 4724 is
3570 4661 3767 4722 minus

362 4759 544 4839 ὀλίγον
602 4750 805 4839 ἀγαπᾷ.
842 4764 981 4817 Εῖπε
1036 4758 1089 4815 δὲ
1128 4761 1279 4835 αὖτῇ’
1315 4750 1613 4840 Ἀφέωνταί
1641 4782 1733 4817 σου
1765 4762 1816 4815 αἱ
1848 4761 2031 4836 ἆμαρ-

2120 4752 2703 4833 diliggt.Dixilautem
2732 4752 2803 4814 ad
2824 4751 2983 4812 illam
3010 4772 3023 4814 :
3052 4750 3455 4840 Remittantur
3483 4751 3587 4811 tibi
3621 4768 3766 4829 pec-

361 4849 494 4913 τίαι,
558 4852 657 4908 Καὶ
712 4848 935 4927 ἤρξαντο
979 4850 1026 4904 οἱ
1084 4839 1514 4925 συνανακείμενοι
1568 4848 1744 4927 λέγειν
1786 4852 1842 4904 ἒν
1897 4850 2031 4904 ἑαυ-

2120 4850 2263 4904 cata.
2301 4846 2373 4905 Et
2392 4849 2701 4923 cmperunt
2747 4841 2845 4922 qui
2896 4839 3074 4902 simul
3133 4840 3588 4915 accumbebaut,
3625 4841 3765 4900 522

362 4953 482 5002 τοῖς
518 4958 534 4975 ⁹
581 4941 670 5004 Τίς
700 4940 852 5006 οὗτός
883 4939 1027 4995 ἐστιν
1084 4941 1137 4999 ὃς
1171 4941 1259 4995 καὶ
1293 4939 1552 5017 ἁμαρτίας
1585 4938 1802 5019 ἀφίησιν
1836 4959 1851 5019 ;
1893 4939 2031 4995 Εἶπε

2120 4931 2319 4993 dicere
2340 4931 2494 4993 intra
2524 4951 2588 4993 se
2624 4952 2637 4993 :
2673 4930 2817 5003 Quis
2863 4938 2951 4991 est
2999 4928 3118 5019 hic,
3154 4929 3256 5007 qui
3309 4932 3483 5019 etiam
3529 4937 3767 5010 peccata

361 5025 419 5084 δὲ
471 5030 603 5109 πρὸς
646 5030 746 5097 τὴν
790 5041 1022 5108 γυναῖκα
1053 5046 1071 5064 ⁶
1108 5019 1170 5084 Ἠ
1215 5029 1388 5093 πίστις
1433 5049 1527 5085 σου
1560 5027 1763 5085 σέσωκὲ
1815 5049 1903 5099 σε,
1942 5046 2011 5084 πο

2120 5020 2397 5109 remittit?
2426 5020 2582 5081 Dixit
2609 5028 2802 5081 autem
2835 5019 2907 5080 ad
2944 5017 3492 5109 mulieremrFides
3513 5025 3618 5109 tua
3641 5019 3765 5109 sal-

366 5107 523 5195 ρεύου
565 5121 638 5184 εἰς
711 5107 947 5197 εἰρήνην.
1022 5117 1258 5174 Δείκνυσι
1315 5120 1407 5173 τὸν
1464 5118 1680 5193 Σίμωνα
1740 5119 1767 5172 ὃ
1832 5117 2031 5197 Κύριος

2121 5127 2250 5169 vam
2287 5118 2343 5171 te
2371 5108 2524 5184 fecit,
2554 5112 2697 5171 vade
2729 5109 2787 5169 in
2822 5126 3030 5197 pace.»
3060 5108 3331 5171 Ostendit
3358 5107 3644 5168 Dominus
3666 5107 3765 5169 Si-

365 5187 454 5264 καὶ
510 5187 882 5281 ἀλαζόνα’καὶ
936 5207 1185 5274 ἀνόητον.
1253 5187 1674 5282 ’.Χλαζόναῖμὲη
1725 5205 1778 5261 εἷ’
1823 5187 1918 5283 γε’
1956 5187 2031 5261 ἐπῖ

2125 5217 2360 5259 monem
2388 5206 2444 5261 et
2462 5187 2834 5278 arrogantem
2860 5205 2912 5259 et
2945 5196 3327 5278 insipientem
3363 5197 3764 5260 fuisse.Arro-

360 5310 481 5361 τοϊς
528 5299 875 5378 ἁμαρτήμασι
919 5298 1018 5364 τὴν
1088 5297 1360 5375 ἄνθρωπον
1414 5296 1745 5376 κατέκρινεν,
1810 5293 1901 5350 ἄνθ
1929 5316 2031 5374 ρω-

2121 5296 2351 5378 gantem
2386 5287 2622 5369 quidem
2646 5306 2714 5350 ac
2744 5287 3261 5378 contumeliosum,
3286 5286 3765 5368 quandoquidem

359 5410 461 5452 πος
490 5388 564 5443 ὣν
621 5389 710 5445 καὶ
741 5387 922 5451 αὒτός.
982 5385 1238 5453 Ἀνόητον
1269 5385 1343 5460 δὲ,
1380 5387 1499 5465 εἴγε
1543 5386 1601 5444 οὒ
1648 5381 1884 5441 συνεῖδεν
1951 5382 2031 5440 ὅτι

2120 5379 2289 5439 etiam
2314 5377 2441 5458 ipse
2461 5379 2638 5439 homo
2659 5376 3285 5452 exsistens,hominem
3306 5386 3547 5465 propter
3559 5393 3767 5455 pecca-

354 5485 589 5534 τοσαῦτα
638 5479 943 5548 ποιήσασαν
1018 5476 1117 5545 τὴν
1192 5490 1419 5554 γυναῖκα
1486 5478 1715 5538 πίστεως
1775 5470 2029 5549 σύμϐολα

2120 5475 2166 5528 la
2184 5466 3043 5546 condemnabatlnsipientem
3064 5464 3520 5546 vero,siquidem
3547 5485 3665 5527 non
3680 5486 3768 5527 1n-

351 5568 443 5625 καὶ
500 5567 747 5647 ἀγάπης,
807 5565 911 5622 ἔδει
960 5564 1372 5645 παραδέξασθαι,
1431 5566 1555 5624 ἀλλ’
1612 5566 1708 5624 οὒκ
1766 5562 2025 5640 ἀποπέμ-

2120 5560 2586 5641 Lellexerit,quod
2607 5561 2917 5623 mulierem
2943 5577 3073 5641 quae
3096 5566 3271 5621 tanta;
3287 5557 3425 5621 ﬁdei
3445 5559 3766 5621 etcbarita-

358 5659 581 5731 ψασθαι.
638 5655 731 5712 Διό
789 5657 877 5713 καὶ
918 5654 1138 5737 ἒλέγχει
1181 5656 1341 5717 αὐτὸν
1397 5658 1427 5714 ὁ
1484 5657 1694 5737 Κύριος,
1740 5656 1811 5718 ὡς
1848 5653 2023 5730 μάτην

2120 5653 2180 5715 Lis
2206 5650 2375 5732 signa
2405 5650 3115 5734 pmstitisset,oporteret
3146 5649 3474 5732 suscipere,
3508 5667 3627 5712 non
3657 5666 3763 5711 re~
