4202 6416
478 302 599 365 ’795

1446 300 2031 367 THEOPHYLACTI
2077 297 2489 359 BULGARIAS
2534 298 2891 360 ARCHIEP.

3760 295 3882 360 796

482 437 728 520 pellere.
759 435 987 498 Idcirco
1020 434 1406 515 reprehendit
1432 452 1568 495 eum
1593 433 1904 509 Dominus,
1939 439 2139 514 utpote

2229 430 2611 507 κατακρίνοντα
2670 430 2767 498 τὴν
2841 437 3074 488 τοσαῦτα
3150 431 3485 505 ποιήσασαν,
3563 427 3661 485 ὅσα
3729 428 3889 493 αὐτὸς

477 527 974 589 condemnantem
1006 542 1138 586 eam
1166 542 1298 604 quae
1327 530 1488 585 tanta
1518 522 1912 604 fecit,quanta
1936 541 2047 584 nec
2063 521 2142 603 ip-

482 635 546 680 se
573 636 588 676 :
612 617 731 676 imo
758 633 869 675 nec
900 614 1074 692 longe
1096 611 1378 673 inferiora
1402 611 1539 674 fecit
1563 610 1967 692 Simon,quasi
1989 612 2147 673 dice-

474 708 685 767 retzTu
710 702 952 784 quidem
990 721 1185 781 neque
1206 720 1421 782 aquam
1462 701 1533 762 ad
1572 700 1937 762 abluendum
1963 700 2148 780 pedes

477 793 634 875 quod
670 792 921 872 vulgare
945 790 1506 871 est,praabuisti,illa
1534 798 1732 852 autem
1760 790 2032 871 lacrymis
2056 790 2144 851 ri-

472 881 744 963 gavit.Tu
762 882 977 943 faciem
1002 899 1192 941 meam
1212 898 1330 942 non
1356 898 1422 942 es
1443 878 2027 955 deosculatus;illaet
2046 897 2146 959 pe-

474 972 580 1034 des
605 991 769 1034 meos
790 970 1134 1033 deosculata
1156 978 1266 1031 est.
1294 968 1381 1030 Tu
1406 969 1546 1029 item
1576 988 1771 1049 neque
1815 967 2145 1044 oleum,illa

474 1080 613 1124 vero
664 1067 1036 1139 unguentum
1095 1058 1504 1121 eﬂ‘udit.Undc
1553 1059 1690 1137 quia
1737 1057 1934 1119 dixisti
1983 1057 2139 1138 quod

476 1170 594 1212 non
624 1169 752 1212 sum
787 1150 1100 1231 propheta,
1158 1167 1228 1210 ex
1293 1167 1361 1209 eo
1422 1147 1579 1229 quod
1614 1167 1731 1209 non
1762 1146 2138 1227 cognoverim

475 1241 629 1302 hanc
655 1258 787 1301 esse
819 1238 1400 1320 peccatricem,ecce
1431 1236 1811 1317 reprehendo
1832 1255 1898 1297 ea
1928 1255 2060 1316 quae
2080 1236 2141 1296 in

476 1331 656 1391 corde
687 1337 882 1401 tuo,ut
912 1346 1237 1407 cognoscas
1268 1326 1426 1408 quod
1442 1326 1845 1388 sicutocculta
1870 1333 1967 1387 tua
1991 1327 2138 1397 scio,

477 1419 695 1481 multos
725 1420 909 1498 magis
932 1418 1034 1479 illa
1056 1418 1263 1492 sciam,
1294 1436 1425 1496 qua:
1475 1425 1535 1479 et
1586 1416 1756 1479 multi
1787 1415 1886 1476 alii
1918 1414 2135 1478 sciunt.

476 1508 887 1572 Remittuntur
915 1507 1094 1586 igitur
1121 1515 1363 1587 peccata
1408 1505 1519 1585 illi,
1558 1506 1692 1586 quia
1724 1504 1929 1565 dilexit
1978 1504 2136 1566 mul-

473 1597 740 1670 tum,hoc
771 1605 880 1671 est,
901 1615 1172 1675 magnam
1202 1613 1325 1676 prae
1355 1613 1420 1656 se
1455 1595 1581 1655 tulit
1617 1594 1820 1657 fidem.
1864 1595 2139 1676 Denique

2231 517 2326 574 οὐκ
2382 518 2628 600 ἐποίησε,
2674 518 2880 596 μᾶλλον
2909 517 2987 594 δὲ,
3032 518 3149 576 οὐδὲ
3192 521 3257 577 τὰ
3286 518 3474 595 πολλῷ
3530 517 3887 575 καταδεέστε-

2229 630 2317 684 ρα,
2382 609 2529 684 οἷον,
2593 610 2654 666 σὺ
2718 611 2815 684 μὲν
2872 607 2989 666 οὐδὲ
3045 608 3180 688 ὕδωρ
3238 609 3323 666 ἐπὶ
3372 610 3491 673 τοὺς
3526 605 3688 672 πόδας
3732 615 3887 665 τοῦτο

2228 695 2292 763 δὴ
2346 698 2410 753 τὸ
2463 697 2642 753 κοινὸν
2687 696 2887 762 ἔδωκας
2922 714 2936 728 ⁹
2985 698 3119 766 αὕτη
3177 696 3231 754 δὲ
3290 697 3534 778 δάκρυσιν
3566 695 3741 777 ἔϐρεξε
3771 698 3889 754 τού-

2227 807 2373 850 τους,
2431 784 2559 844 Οὒδὲ
2603 789 2665 843 τὸ
2723 788 3010 866 πρόσωπον
3056 790 3116 845 σὺ
3150 786 3431 868 ἐφίλησας.
3468 787 3612 855 Αὕτη
3662 785 3717 842 δὲ
3764 788 3885 850 τοὺς

2227 873 2394 939 πόδας
2454 898 2564 956 μου.
2610 876 2956 956 κατεφίλησε.
2991 877 3064 932 Σὺ
3113 875 3229 934 οῦδὲ
3278 875 3481 951 ἔλαιον,
3544 876 3676 944 αὕτη
3723 877 3887 955 μύρον

2229 962 2465 1043 ἐξέχεεν,
2528 954 2695 1023 ΗΟθεν
2755 954 2940 1033 ἒπειδὴ
2999 966 3161 1027 εἶπας
3207 964 3287 1021 ὅτι
3332 970 3391 1024 οὐ
3439 966 3721 1046 προφήτης
3754 954 3887 1045 εἰμὶ,

2228 1052 2287 1109 ἐκ
2331 1055 2428 1109 τοῦ
2479 1054 2557 1129 μὴ
2600 1052 2886 1133 διαγνῶναι
2945 1055 3024 1111 ὅτι
3072 1053 3389 1134 ἁμαρτωλὸς
3447 1057 3517 1121 ἦν
3561 1055 3718 1135 αὕτη,
3779 1052 3888 1112 ἰδοὺ

2225 1141 2444 1222 ἒλέγχω
2489 1143 2553 1198 τὰ
2611 1142 2666 1199 ἐν
2709 1149 2776 1221 τῇ
2806 1142 2990 1223 καρδίᾳ
3043 1166 3158 1224 σου,
3211 1144 3304 1201 ’ίνα
3335 1151 3473 1223 γνῷς
3506 1142 3585 1201 ὅτι
3614 1143 3793 1223 ὥσπερ
3821 1145 3890 1200 τὰ

2224 1233 2291 1287 σὰ
2344 1232 2595 1310 γινώσκω
2640 1231 2672 1287 ἃ
2729 1236 3005 1313 κρύπτεις,
3065 1230 3251 1308 πολλῷ
3295 1232 3502 1309 μᾶλλον
3542 1234 3607 1290 τὰ
3659 1235 3886 1313 ταύτης,

2224 1319 2257 1374 ἃ
2311 1322 2400 1378 καὶ
2457 1320 2610 1377 ἄλλοι
2654 1320 2842 1379 πολλοὶ
2874 1321 3080 1380 ἴσασιν.
3118 1320 3398 1401 Ἀφὲονται
3428 1323 3598 1379 ¹τοίνυν
3632 1325 3683 1379 αἱ
3716 1324 3886 1401 ἁμαρ-

2224 1410 2329 1465 τίαι
2394 1412 2580 1484 αὐτῆς,
2643 1410 2725 1466 ὅτι
2810 1412 3065 1492 ἠφάπησε
3122 1410 3281 1487 πολὺ,
3367 1411 3483 1467 ἀντὶ
3537 1421 3652 1487 τοῦ,
3710 1411 3888 1467 πίστιν

2220 1496 2513 1566 ἒνεδείξατο
2573 1498 2804 1570 πολλήν,
2871 1503 2932 1558 Οἱ
3001 1498 3055 1556 δὲ
3112 1500 3549 1576 συνανακείμενοι
3592 1500 3754 1557 πάλιν
3797 1502 3889 1559 καὶ

2222 1590 2367 1645 αὐτοὶ
2426 1591 2742 1668 γογγυσταί,
2804 1590 2881 1665 μὴ
2957 1588 3304 1669 λογισάμενοι
3365 1590 3445 1646 ὅτι
3516 1589 3549 1645 ἃ
3604 1592 3737 1668 πρὸς
3792 1592 3886 1647 τὸν

475 1696 533 1750 et
562 1686 661 1767 qui
687 1685 863 1748 simul
888 1687 1312 1761 accubueram,
1349 1684 1527 1745 etiam
1567 1684 1676 1764 ipsi
1709 1684 2134 1746 obmurmura-

2229 1680 2443 1770 ξίμωνα
2492 1679 2642 1758 εἷπε,
2717 1680 2807 1735 καὶ
2850 1680 2980 1757 πρὸς
3026 1680 3216 1743 αὐτοὺς
3264 1680 3416 1743 εἶκὸς
3472 1680 3541 1745 ἦν
3598 1678 3882 1759 λεχθῆναι.

475 1766 637 1857 bant,
664 1795 783 1838 non
806 1775 1155 1853 cogitantes,
1185 1775 1341 1855 quod
1356 1775 1479 1853 jam
1511 1774 1584 1834 ad
1628 1772 1930 1836 Simonem
1966 1773 2139 1836 dixe-

2229 1766 2283 1824 Ὀ
2345 1766 2399 1822 δὲ
2448 1769 2637 1846 Κύριος
2699 1767 3074 1826 καταστέλλων
3150 1771 3241 1825 τὸν
3319 1770 3626 1848 γογγυσμὸν
3685 1768 3883 1845 αὐτῶν,

475 1872 586 1939 rat,
621 1855 1024 1925 verisimiliter
1064 1863 1287 1925 dictum
1322 1871 1378 1923 et
1412 1862 1484 1923 ad
1522 1862 2006 1941 ipsos.Dominus
2037 1883 2133 1925 ve-

2229 1859 2309 1912 καὶ
2366 1855 2693 1933 βουλόμενος
2753 1859 2938 1920 αὐτοῖς
3006 1856 3172 1941 δεῖξαι
3232 1856 3313 1914 ὅτι
3372 1855 3596 1914 ἕκαστον
3638 1859 3673 1925 ἡ
3709 1857 3885 1921 πίστις

474 1971 541 2013 ro
560 1935 961 2034 comprimens
987 1971 1258 2015 murmur
1288 1935 1561 2022 illorum,
1592 1959 1651 2012 et
1682 1952 2001 2015 ostendere
2032 1973 2133 2014 vo-

2229 1947 2379 2002 αὑτοῦ
2409 1947 2594 2026 σώζει,
2629 1948 2724 2002 οῦκ
2766 1947 2923 2003 εἶπεν
2959 1961 2973 1977 ⁸
3010 1935 3073 2002 ἐὶ
3120 1947 3294 2027 γύναι,
3341 1944 3450 2024 ἐγώ
3491 1967 3548 2002 σε
3580 1946 3762 2023 σώζω,
3792 1946 3887 2002 ’ίνα

472 2040 602 2102 lens
629 2032 791 2123 quod
825 2060 931 2103 sua
960 2060 1259 2121 quemque
1305 2041 1454 2101 ﬁdes
1505 2041 1729 2102 salvum
1780 2042 1977 2123 laciat,
2018 2062 2136 2105 non

2229 2036 2300 2110 μη
2345 2034 2509 2092 πλέον
2561 2036 2921 2116 φθονήσωσιν,
2968 2033 3115 2112 ἀλλ’,
3167 2038 3200 2104 ἡ
3260 2036 3434 2100 πίστις
3480 2057 3596 2098 σου,
3632 2032 3883 2094 τοῦτοδὲ

474 2121 665 2194 ᾶίχίῐξ
700 2129 886 2212 Vade,
946 2131 1181 2206 mulier,
1219 2150 1327 2210 ego
1369 2138 1425 2191 te
1473 2149 1667 2206 servo,
1706 2140 1768 2192 ut
1805 2151 1880 2193 ne
1922 2121 2134 2213 majori

2229 2126 2405 2199 εἶπεν,
2455 2126 2529 2189 ὡς
2564 2124 2719 2204 ἔφην,
2766 2124 2880 2199 ἅμα
2936 2125 3037 2200 μὲν
3093 2128 3183 2181 τὸν
3242 2127 3430 2203 φθόνον
3462 2121 3677 2179 ἐκείνων
3708 2145 3881 2179 κατα-

470 2219 690 2281 invidia
720 2220 1032 2301 capiantur
1066 2240 1080 2280 :
1107 2219 1395 2299 sed,ﬁdes
1426 2222 1680 2283 tua.IIoc
1710 2221 2132 2296 dixit,utdice-

472 2308 762 2389 bam,tum
797 2329 913 2389 quo
936 2309 1215 2370 invidiam
1237 2309 1473 2371 illorum
1503 2310 1951 2381 minueret.tum
1986 2319 2051 2372 ut
2075 2321 2133 2374 et

473 2391 605 2458 illos
636 2397 710 2458 ad
735 2397 1100 2459 credendum
1137 2398 1474 2478 induceret,
1525 2398 1823 2460 discentes
1879 2398 2129 2461 salutem

475 2506 542 2548 ex
574 2487 691 2549 ﬁde
722 2506 880 2551 esse.
914 2488 1202 2550 Caeterum
1230 2488 1386 2569 quod
1420 2488 1634 2568 inquit,
1671 2490 1834 2550 Vade
1864 2489 1923 2549 in
1957 2508 2126 2570 pace,

471 2578 585 2638 hoc
637 2585 725 2638 est
776 2577 836 2638 in
887 2578 1213 2657 justitiam:
1244 2597 1351 2658 pax
1388 2578 1547 2638 enim
1577 2578 1809 2658 justitia
1839 2586 1951 2654 est,
1985 2580 2137 2639 sicut

472 2674 776 2745 peccatum
829 2666 1157 2728 inimicitia;
1201 2686 1333 2727 cum
1385 2669 1531 2730 Deo.
1568 2666 1716 2728 Vide
1751 2675 1941 2727 autem
1976 2668 2134 2747 quod

472 2764 781 2835 postquam
806 2756 1036 2817 remisit
1068 2756 1120 2817 ei
1151 2766 1413 2837 peccata,
1451 2775 1570 2817 non
1590 2763 1907 2816 contentus
1934 2764 2023 2817 est
2048 2774 2139 2817 re-

476 2844 710 2905 misisse
764 2853 1028 2923 peccata,
1084 2845 1197 2907 nisi
1249 2844 1569 2924 acljecisset
1620 2853 1678 2905 et
1726 2844 2131 2924 operationem

472 2931 804 2995 boni.Vade
835 2934 901 2997 in
930 2934 1166 3015 pace,id
1206 2944 1316 3007 est,
1356 2935 1469 2996 Fac
1499 2951 1567 2994 ea
1598 2952 1729 3014 qua:
1752 2943 1805 2994 te
1842 2935 1960 2996 Deo
1982 2952 2130 2995 con-

469 3022 700 3084 cilient.

1082 3116 1331 3181 CAPUT
1364 3115 1517 3180 VIII.

2150 3163 2192 3214 C

2218 2210 2483 2287 στέλλων,
2540 2211 2652 2288 ἅμα
2684 2210 2738 2268 δὲ
2796 2211 3000 2291 ἐνάγων
3049 2213 3319 2278 κάκείνους
3348 2213 3420 2275 εἷς
3451 2214 3512 2268 τὸ
3570 2220 3877 2289 πιστεῦσαι,

2216 2301 2573 2379 Ἐπιγνόντας
2626 2300 2707 2357 ὅτι
2766 2300 2802 2367 in
2843 2303 3018 2368 πίστις
3070 2302 3249 2374 σώζει.
3303 2303 3375 2359 Τὸ
3417 2299 3471 2355 δέ
3520 2301 3750 2379 Πορεύου
3805 2302 3879 2364 είς

2219 2390 2465 2469 εἰρήνην,
2525 2389 2803 2446 τουτέστιν
2863 2391 2937 2452 είς
2999 2388 3358 2456 δικαιοσύνην,
3430 2391 3631 2467 Εἰρήνη
3688 2390 3788 2468 γὰρ
3843 2391 3879 2458 ἡ

2219 2476 2556 2549 δικαιοσύνη,
2620 2478 2799 2557 ὥσπερ
2878 2481 2912 2546 ἡ
2986 2479 3217 2559 ἁμαρτία
3290 2478 3456 2558 ἔχθρα
3529 2480 3661 2557 πρὸς
3720 2477 3872 2542 Θεόν,

2220 2565 2359 2645 ’Ὅρα
2421 2564 2475 2622 δὲ
2533 2565 2613 2623 ὅτι
2676 2567 2795 2642 μεθ’
2856 2568 2884 2623 ὃ
2941 2567 3145 2647 ἀφῆκεν
3179 2568 3313 2644 αὐτῇ
3342 2569 3434 2630 τὰς
3465 2568 3747 2646 ἁμαρτίας,
3780 2572 3873 2627 οὒκ

2219 2655 2444 2722 ἔστησεν
2515 2656 2680 2724 αὐτὴν
2738 2656 2867 2736 ἄχρι
2923 2661 3023 2722 τῆς
3080 2656 3322 2737 ἀφέσεως
3384 2659 3490 2712 τῶν
3574 2658 3870 2734 ἁμαρτιῶν,

2220 2743 2360 2799 ἀλλὰ
2419 2745 2717 2821 προσέθηκε·
2775 2747 2863 2801 καὶ
2924 2745 3024 2812 τὴν
3082 2744 3332 2825 ἐργασίαν
3399 2752 3490 2801 τοῦ
3540 2744 3757 2823 ἀγαθοῦ.
3804 2749 3875 2804 Τὸ

2221 2834 2346 2913 γὰρ,
2405 2834 2635 2913 Πορεύου
2681 2835 2752 2899 εἰς
2825 2835 3066 2913 εἰρήνην,
3128 2834 3243 2890 ἀντὶ
3312 2840 3427 2906 τοῦ,
3476 2834 3679 2912 Πράττε
3726 2835 3759 2889 ἃ
3816 2856 3876 2891 σε

2216 2924 2538 2991 ποιήσουσιν
2569 2923 2853 3001 εἰρηνεύειν
2885 2923 3016 3001 πρὸς
3048 2923 3203 3003 Θεόν,
3246 2936 3388 2980 νοεῖν
3420 2920 3671 3003 ὀφείλεις,

2852 3112 3108 3167 ΚΕΦΑΛ.
3157 3094 3245 3167 H'.

474 3212 561 3272 De
592 3210 847 3274 muliere
872 3212 1195 3274 Dominum
1226 3220 1506 3291 ungeute.
1534 3210 1845 3274 Parabola
1865 3212 1940 3274 de
1958 3212 2134 3273 semi-

2229 3202 2340 3276 [Ιερὶ
2395 3197 2851 3291 τῆῼςςὲλειψάσης
2924 3201 3016 3291 τὸ)⁴
3094 3200 3280 3279 Κύριον
3364 3201 3533 3279 μύρῳ.
3595 3201 3718 3278 Περὶ
3776 3206 3873 3268 τῆς

552 3298 757 3353 nante.
798 3292 877 3353 De
930 3301 1126 3354 matre
1172 3299 1230 3354 et
1266 3290 1567 3370 fratribus
1604 3294 1749 3354 Jesu
1802 3291 2136 3354 volentibus

550 3372 753 3433 videre
780 3390 935 3433 eum.
978 3373 1058 3434 De
1102 3375 1525 3452 increpatione
1568 3390 1897 3453 aquarum.
1933 3372 2014 3433 De
2043 3371 2135 3433 le-

547 3454 724 3535 gione
752 3453 1114 3535 (twnwnum.
1153 3454 1236 3514 De
1264 3453 1406 3533 ﬁlia
1436 3452 1735 3535 principis
1757 3452 2128 3534 Synagogce.

552 3532 632 3593 De
665 3532 1153 3595 haemon/missa.

548 3715 996 3779 Vuns.l-3.aEt
1013 3716 1230 3777 factum
1248 3724 1337 3777 est
1354 3715 1660 3795 deinceps,
1688 3713 1889 3794 etipse
1926 3717 2039 3775 iter
2059 3715 2141 3774 l‘a-

470 3804 664 3866 ciebat
697 3824 806 3884 per
825 3805 1096 3885 singulas
1114 3805 1376 3868 civitates
1400 3814 1458 3865 et
1479 3805 1723 3866 castella
1742 3804 2071 3885 praedicans
2084 3812 2141 3865 et

467 3893 829 3955 annuntians
860 3913 1110 3973 regnum
1134 3893 1265 3972 Dei,
1298 3893 1689 3955 etduodecim
1721 3912 1853 3953 cum
1889 3893 2013 3973 illo,
2054 3893 2139 3954 si-

473 3982 716 4063 mulque
740 3984 1022 4045 mulieres
1045 3985 1421 4064 aliquw,quae
1444 3993 1610 4044 erant
1636 3995 1855 4045 sanata!
1872 4002 1903 4043 a
1923 3984 2141 4063 spiriti-

471 4072 760 4133 busmalis
781 4080 839 4136 et
862 4072 1646 4153 inﬁrmitatibusMariaqum
1666 4073 2138 4152 vocaturMagda-

475 4160 720 4233 lene,de
739 4180 852 4241 qua
872 4171 1106 4241 septem
1129 4162 1422 4223 daemonia
1439 4165 1579 4223 525
1600 4163 2147 4237 exierant,etJoan-

2296 3280 2606 3362 παραϐολῆς
2692 3280 2785 3337 τοῦ
2826 3360 2837 3362 ξ
2876 3281 3213 3362 σπείραντος,
3250 3360 3257 3362 Α
3302 3282 3427 3359 Περὶ
3504 3283 3743 3362 μητρὸς,
3790 3283 3911 3337 καὶν

2298 3359 2537 3441 ἀδελφῶν
2633 3370 2726 3418 τοῦ
2824 3360 3024 3441 Ἰησοῦ,
3137 3359 3397 3417 θελόντων
3478 3360 3611 3417 ἰδεῖν
3692 3360 3870 3435 αὐτόν,

2302 3439 2447 3522 Περι
2508 3442 2605 3507 τῆς
2690 3439 3053 3514 ἐπιτιμήσεως
3139 3449 3245 3497 τῶν
3326 3439 3550 3500 ὑδάτων.
3615 3442 3739 3520 Περὶ
3783 3448 3875 3498 τοῦ

2300 3522 2585 3602 λεγεῶνος.
2647 3524 2771 3591 Περὶ
2836 3527 2935 3602 τῆς
3012 3523 3268 3602 θυγατρὸς
3334 3529 3425 3579 τοῦ
3494 3522 3877 3601 ἀρχισυναγώ-

2298 3627 2417 3683 γου,
2455 3604 2577 3683 Περὶ
2605 3607 2703 3669 τῆς
2742 3601 3155 3679 αἱμορῤοούσης,

2309 3719 2336 3750 α
2389 3697 2486 3754 Καὶ
2538 3694 2749 3773 ἐγένετο
2809 3693 2864 3749 ἐν
2920 3694 2998 3768 τῷ
3054 3693 3304 3765 καθεξῆς,
3365 3695 3451 3750 καὶ
3480 3694 3636 3757 αὐτὸς
3667 3690 3879 3749 διώδευε

2222 3786 2360 3841 κατὰ
2416 3783 2573 3841 πόλιν
2628 3786 2717 3840 καὶ
2798 3784 2988 3858 κώμην
3048 3784 3326 3860 κηρύσσων
3397 3784 3485 3839 καὶ
3537 3781 3879 3861 εὐαγγελιζό-

2224 3896 2384 3950 μενος
2447 3876 2543 3941 τὴν
2604 3871 2876 3950 βασιλείαν
2946 3878 3040 3927 τοῦ
3099 3879 3257 3951 Θεοῦ,
3316 3873 3402 3927 καὶ
3458 3873 3506 3929 οἱ
3559 3869 3761 3929 δώδεκα
3790 3874 3883 3929 σὺν

2224 3966 2392 4040 αὐτῷ,
2425 3966 2515 4020 καὶ
2549 3962 2801 4041 γυναῖκές
2828 3983 2993 4040 τινες,
3037 3974 3097 4017 αϊ
3141 3962 3277 4029 ἦσαν
3305 3961 3745 4041 τεθεραπευμέναι
3776 3962 3884 4018 ἀπὸ

2225 4062 2547 4131 πνευμάτων
2603 4059 2851 4130 πονηρῶν
2910 4053 2999 4109 καὶ
3067 4053 3350 4110 ἀσθενειῶν
3383 4072 3400 4089 ⁶
3450 4054 3620 4133 Μαρία
3693 4055 3727 4121 ἡ
3774 4075 3881 4110 κα-

2230 4144 2462 4219 λουμένη
2526 4139 2883 4219 Μαγδαληνὴ,
2939 4139 3031 4221 ἀφ’
3073 4142 3140 4209 ἧς
3200 4141 3447 4219 δαιμόνια
3504 4143 3639 4200 ἑπτὰ
3692 4142 3883 4209 ἐξελη-

471 4268 545 4311 na
568 4268 714 4310 uxor
737 4231 957 4313 (ῗιιυιαέ
976 4252 1377 4333 procuratoris
1408 4251 1759 4331 Herodis,et
1784 4252 2139 4324 Suzanna,et

2230 4234 2395 4306 λύθει,
2454 4233 2542 4288 καὶ
2607 4231 2826 4288 ’ίωάννα
2878 4231 3012 4308 γυνὴ
3062 4238 3233 4303 Χουζᾶ
3288 4232 3576 4311 ἐπιτρόπου
3627 4231 3881 4311 Ἡρώδου,

2300 4326 2310 4342 \
2377 4331 2411 4345 ππ
2517 4322 2529 4341 1
2608 4344 2615 4345 ,
2704 4324 2788 4345 “"3
2836 4320 3002 4345 ε’----.,
3076 4320 3199 4345 ,_\\
3248 4323 3259 4338 ‘
3332 4322 3383 4345 ,f'
3440 4344 3457 4345 κ
3523 4343 3535 4345 -
3615 4320 3638 4345 1‘
3726 4322 3763 4345 ,I
3808 4344 3813 4345 ,

469 4338 597 4429 alia:
612 4340 951 4420 multmquae
969 4320 1386 4402 ministrabant
1403 4344 1452 4403 ei
1468 4342 1541 4403 de
1560 4320 1936 4404 facultatibus
1952 4320 2138 4405 suis.»

2229 4326 2316 4379 καὶ
2375 4322 2656 4393 Σωσάννα,
2704 4324 2791 4376 καὶ
2836 4320 3007 4399 ἕτεραι
3068 4320 3287 4402 πολλαὶ,
3324 4322 3383 4378 αἵ
3432 4343 3571 4386 τινες
3610 4320 3886 4389 διηκόνουν

2251 4417 2263 4429 .
2316 4422 2342 4429 -
2466 4415 2478 4429 .
2590 4418 2611 4428 -
2706 4413 2717 4427 ρ
2907 4412 2917 4429 ι
3143 4415 3157 4429 .
3242 4425 3265 4429 c
3435 4413 3491 4429 ..ς
3619 4413 3655 4429 ρ..

469 4426 579 4518 Qui
598 4413 1245 4492 cmlitusdescenderat
1263 4439 1324 4492 ut
1348 4430 1535 4509 ﬁgura
1561 4439 1617 4492 ct
1636 4430 1940 4510 exemplar
1956 4430 2125 4492 ﬁeret

2229 4417 2353 4494 ῑύτῷ
2385 4415 2492 4469 απὸ
2549 4418 2657 4468 τῶν
2706 4413 3058 4489 ὕπαρχόντων
3103 4415 3318 4476 αὐταῖς.
3356 4435 3383 4467 ι
3429 4413 3717 4489 Οὒρανόθεν
3746 4434 3883 4468 κατ-

2251 4503 2347 4518 Κλ...
2470 4502 2495 4518 r'
2666 4502 2676 4518 1
2836 4502 2847 4518 ε
2913 4513 2935 4518 ,ι
3011 4499 3024 4518 θ
3153 4508 3177 4517 ~
3349 4503 3363 4518 \
3420 4503 3432 4518 α
3713 4503 3725 4518 ι
3850 4501 3861 4518 1

469 4516 642 4577 nobis
662 4517 718 4577 in
739 4519 1223 4592 omnibus,docet
1242 4539 1349 4581 nos
1367 4499 1440 4581 ονε
1460 4523 1605 4600 pigri
1622 4499 1901 4581 simus-ad
1924 4520 2138 4582 docen-

2229 4503 2410 4578 ελθῶν,
2470 4502 2565 4559 ἵνα
2618 4502 2783 4564 τύπος
2828 4502 2965 4574 ἡμῖν
3007 4499 3061 4556 ἐν
3105 4508 3235 4557 πᾶσι
3279 4503 3367 4559 καὶ
3415 4503 3768 4581 ὑπογραμμὸς
3801 4501 3890 4579 γέ-

467 4608 745 4679 dum,sed
767 4609 1205 4671 circumeamus
1225 4628 1331 4689 per
1349 4611 1548 4671 omnia
1575 4610 1728 4683 loca,
1757 4619 1819 4669 ut
1846 4608 2137 4688 prazdice-

467 4714 598 4756 mus
630 4697 1022 4778 Quaecunque
1046 4700 1206 4760 enim
1228 4699 1461 4765 fecit.in
1487 4698 1960 4760 admonitionem
1994 4718 2139 4760 nos-

465 4784 540 4845 tri
562 4785 1005 4849 fecit.Transiit
1025 4789 1227 4868 itaque
1254 4807 1359 4869 per
1377 4789 1640 4867 singulas
1664 4788 1934 4849 civitates
1957 4795 2015 4849 et
2037 4807 2141 4851 ca-

461 4894 489 4933 s
509 4874 681 4955 tella,
708 4875 1151 4957 duodecimque
1169 4878 1490 4957 discipulos
1513 4896 1715 4938 secum
1741 4876 1995 4937 ducebat
2022 4897 2139 4939 non

468 4971 531 5022 ut
561 4962 864 5025 docerent
888 4965 1100 5045 (a),vel
1133 4966 1661 5047 prirdicarent,sed
1684 4973 1744 5026 ut
1770 4964 1842 5026 ab
1868 4966 1996 5043 ipso
2017 4968 2143 5027 ins-

482 5060 920 5127 truerentur,ac
940 5054 1425 5135 edocerentur,et
1448 5075 1515 5117 ex
1537 5056 1605 5115 iis
1626 5074 1757 5135 quae
1777 5054 2052 5131 faciebat,
2086 5065 2145 5117 et

468 5159 541 5201 ex
575 5140 649 5201 iis
668 5160 801 5219 quae
824 5142 1083 5206 dicebat.
1108 5147 1290 5206 Porro
1324 5144 1677 5225 praedicabat
1705 5145 1991 5204 Dominus
2023 5164 2141 5206 non

474 5231 629 5292 bona
663 5241 925 5315 terrena,
945 5235 1049 5296 sed
1072 5255 1317 5313 regnum
1344 5236 1739 5297 cmlorum.Et
1759 5253 1934 5315 quem
1961 5235 2141 5297 alium

474 5320 771 5383 decuisset
791 5324 1119 5403 praedicare
1141 5343 1609 5406 superna,quam
1627 5343 1761 5385 eum
1776 5326 1872 5392 qui
1895 5344 1925 5385 e
1941 5344 2146 5405 super-

480 5407 573 5467 nis
608 5408 950 5473 descendit?
983 5412 1207 5474 Idcirco
1259 5424 1317 5475 et
1359 5415 1556 5475 nullus
1589 5415 2007 5494 prophetarum
2041 5433 2145 5476 re-

476 5515 657 5575 gnum
683 5498 971 5562 cmlorum
995 5502 1507 5582 prwdicavitQuae
1525 5503 1684 5564 enim
1704 5521 1823 5563 non
1848 5502 2147 5581 viderant,

566 5658 652 5736 (α)
686 5658 841 5722 Edit.
878 5663 1007 5724 Lut.
1038 5663 1335 5741 cohibuit,
1368 5682 1441 5727 ne
1469 5664 1778 5729 docerent.

2225 4617 2409 4669 νηται,
2466 4591 2699 4649 διδάσκει
2786 4593 2931 4666 ἡμᾶς
2992 4591 3070 4659 μὴ
3144 4604 3429 4649 κατοκνεῖν
3486 4593 3557 4655 εἷς
3619 4593 3682 4647 τὸ
3739 4590 3890 4647 διδά-

2225 4708 2402 4766 σκειν,
2450 4683 2586 4740 ἀλλὰ
2650 4682 2826 4739 πάντα
2888 4684 3053 4737 τόπον
3110 4682 3373 4760 περιϊέναι
3429 4684 3517 4737 καὶ
3575 4683 3891 4760 κηρύσσειν,

2229 4767 2378 4833 ”Οσα
2440 4775 2540 4852 γὰρ
2601 4772 2797 4851 ἐποίει,
2888 4772 2959 4833 εἷς
3044 4771 3313 4829 νουθεσίαν
3368 4770 3633 4850 ἡμετέραν
3697 4770 3891 4831 ἐποίει.

2232 4864 2457 4923 Διώδευε
2505 4864 2678 4922 τοίνυν
2737 4863 2910 4918 πᾶσαν
2954 4858 3113 4915 πόλιν
3172 4861 3260 4916 καὶ
3313 4860 3506 4935 κώμην
3534 4875 3548 4890 ⁹
3625 4861 3713 4915 καὶ
3768 4861 3892 4924 τοὺς

2225 4955 2428 5013 δώδεκα
2490 4951 2544 5008 δὲ
2580 4952 2823 5026 μαθητὰς
2869 4950 3225 5028 συνεπήγετο,
3257 4954 3318 5008 οὒ
3361 4948 3732 5025 διδάσκοντας,
3774 4947 3893 5006 οὐδὲ

2226 5046 2617 5119 κηρύσσοντας,
2675 5038 2814 5098 ἀλλὰ
2871 5038 3333 5114 μαθητευομὲνους
3412 5044 3540 5117 παρ’
3590 5038 3748 5097 αὗτοῦ
3803 5040 3893 5095 καὶ
3922 5108 3933 5111 _

2228 5134 2633 5208 διδασκομένους
2690 5129 2781 5211 ἀφ’
2824 5132 2899 5184 ὧν
2943 5149 2999 5183 τε
3050 5128 3241 5204 ἐποίει,
3288 5127 3376 5209 ἀφ’
3435 5132 3509 5183 ῶν
3566 5151 3624 5185 τε
3681 5127 3889 5207 ἔλεγεν,

2231 5223 2523 5303 Ἐκῆρυοσε
2567 5219 2622 5277 δὲ
2651 5222 2678 5277 ὀ
2726 5221 2910 5297 Κὺριος
2972 5218 3033 5273 οὗ
3092 5220 3158 5273 τα
3208 5218 3375 5295 ἀγαθὰ
3418 5223 3515 5285 τῆς
3564 5223 3693 5296 γῆς,
3751 5217 3892 5274 ἀλλὰ

2230 5318 2328 5385 τὴν
2386 5311 2657 5391 βασιλείαν
2716 5315 2822 5365 τῶν
2871 5309 3127 5384 οὖρανῶν,
3190 5308 3317 5366 Τίνα
3372 5308 3471 5387 γὰρ
3502 5307 3664 5364 ἄλλον
3694 5306 3891 5385 ἔπρεπε

2234 5409 2298 5463 τὰ
2342 5406 2451 5461 ἄνω
2480 5402 2784 5481 κηρύττειν,
2836 5400 2879 5453 εί
2941 5404 3018 5472 μή
3050 5400 3141 5453 τὸν
3173 5397 3369 5455 ἄνωθεν
3400 5398 3696 5479 ἐρχόμενον
3727 5413 3744 5472 ;
3797 5399 3892 5453 Διὸ

2236 5496 2401 5563 ούδεὶς
2462 5499 2570 5553 τῶν
2631 5496 2919 5570 προφητῶν
2988 5487 3261 5566 βασιλείαν
3333 5488 3578 5569 ἐκήρυξεν
3630 5487 3886 5567 οὐρανῶν,
