4202 6458
418 390 535 459 797

1146 395 1590 458 ΕΝΑΗΒΑΤΙΟ
1637 396 1717 458 ΙΝ
1763 394 2064 459 EVANGE

2147 395 2269 456 LUM
2316 397 2552 457 LUC/E.
2595 430 2673 440 —
2718 396 2881 458 CAP.
2932 392 3089 459 VIII.

3689 388 3807 455 798

422 511 502 589 εἈ
534 532 636 610 γὰρ
686 534 779 589 οὐκ
821 531 994 610 εἶδον,
1039 536 1152 595 πῶς
1199 529 1262 586 ἐὶν
1305 527 1559 609 ἐκήρυξαν
1594 546 1609 603 ;
1673 530 1770 585 Διά
1797 536 1949 586 τοῦτο
1994 549 2060 584 κα

2163 544 2279 606 quo
2314 533 2482 606 pacto
2515 527 2938 608 praedicassent
2962 529 2989 589 ?
3015 532 3339 610 Propterea
3369 535 3426 591 et
3464 531 3806 591 Praecursor

418 624 447 678 6
478 619 783 701 Πρόδρομος
816 619 1018 698 ἔλεγεν
1060 610 1118 678 '0
1149 621 1223 676 ὢν
1254 618 1315 676 ἐκ
1343 625 1441 686 τῆς
1473 622 1598 697 γῆς,
1632 619 1694 675 ἐκ
1714 619 1807 687 τῆς
1837 620 1939 696 γῆς
1970 616 2072 674 λαο

418 708 528 772 λεῖ.
563 700 627 768 ’οί
650 707 706 766 δὲ
727 709 925 766 ἄνωθεν
953 709 1271 789 ἐρχόμενος,
1303 709 1332 763 ὃ
1362 708 1564 786 ἑώρακε
1595 721 1872 787 μαρτυρεῖ.
1910 704 2076 764 Ἠκο-

416 796 634 855 λούθουν
663 796 718 854 δὲ
760 803 905 872 αὐτῷ
958 799 1046 855 καὶ
1102 809 1377 876 γυναῖκες,
1435 796 1527 853 ἳνα
1560 796 1811 873 μάθωμεν
1840 799 1913 861 ὡς
1957 794 2073 853 οὐδὲ

415 888 478 944 τὸ
497 887 628 955 θῆλυ
656 886 915 944 κωλύεται
942 889 1043 943 ὑπὸ
1073 892 1171 953 τῆς
1206 886 1474 950 ἀσθενείας
1505 886 1816 943 ἀκολουθεῖν
1848 894 1922 962 τῷ
1951 894 2075 964 Χρι-

416 988 546 1051 στῷ.
585 977 722 1056 Ὅρα
751 974 806 1032 δὲ
836 982 953 1039 πῶς
984 977 1073 1033 καὶ
1101 976 1349 1033 πλούσιαι
1379 978 1526 1031 οὗσαι
1551 973 1699 1050 ὅμως
1729 976 1902 1033 πάντα
1932 998 2070 1055 παρ-

414 1065 584 1146 εῖδον,
630 1068 719 1123 καὶ
760 1066 861 1134 τὴν
904 1065 989 1121 διὰ
1032 1066 1258 1143 Χριστὸν
1299 1066 1387 1121 καὶ
1453 1065 1588 1141 μετὰ
1650 1067 1875 1143 Χριστοῦ
1919 1087 2071 1121 πτω-

413 1156 572 1235 χείαν
603 1154 840 1218 εἴλοντο,
891 1143 1018 1212 ’Ὁτι
1080 1155 1179 1233 γὰρ
1224 1151 1471 1210 πλούσιαι
1500 1153 1663 1226 ἦσαν,
1702 1150 1857 1210 ἅκούε
1887 1171 1900 1185 ⁸
1941 1144 2072 1211 ΗΟτι

414 1244 692 1311 διηκόνουν
747 1247 825 1318 τῷ
896 1243 1064 1321 Κυρίῳ
1120 1243 1227 1299 ἀπὸ
1310 1249 1416 1300 τῶν
1473 1243 1825 1322 ὑπαρχόντων
1884 1245 2073 1308 αὐταῖς

412 1336 502 1392 καὶ
546 1336 641 1392 οὒκ
668 1334 776 1391 ἀπὸ
819 1333 977 1400 ξένων
1020 1333 1320 1412 χρημάτων
1373 1332 1462 1388 καὶ
1508 1331 1724 1388 ἀδικιῶν
1755 1334 1827 1397 ὼς
1856 1331 2068 1390 πολλοι.

412 1426 486 1482 T6
528 1421 607 1504 δὲ,
640 1423 730 1503 ἀφ’
785 1424 849 1491 ἧς
883 1420 1184 1489 ἐξεληλύθει
1216 1420 1462 1497 δαιμόνια
1507 1422 1667 1501 ἑπτὰ,
1701 1423 1841 1484 τινὲς
1888 1421 1984 1498 μὲν
2015 1424 2074 1478 τὸ

410 1512 586 1570 πολλά
641 1522 841 1574 νοοῦσι.
892 1512 1039 1591 Παρά
1094 1517 1163 1587 τῇ
1236 1516 1419 1591 Γραφῇ
1473 1511 1575 1589 γὰρ
1641 1512 1703 1566 τὸ
1757 1511 1916 1584 ἑπτὰ,
1962 1506 2073 1567 ἀντὶ

410 1605 502 1661 τοῦ
558 1600 760 1681 πολλὰ,
820 1598 1236 1677 ἑκλαμϐάνεται.
1267 1600 1426 1679 Τάχα
1457 1598 1512 1656 δέ
1560 1622 1642 1663 τις
1682 1597 1830 1657 εἴποι
1875 1600 1959 1680 ἂν,
1993 1602 2072 1657 ὃτι

410 1692 590 1769 ὥσπερ
651 1693 776 1749 εἰσὶν
822 1691 958 1747 ἑπτά
1000 1690 1277 1766 πνεύματα
1320 1689 1419 1756 τῆς
1466 1689 1684 1768 ἀρετῆς,
1746 1688 1912 1755 οὕτως
1945 1691 2071 1746 εἰσὶν

410 1781 471 1837 ἐκ
525 1788 618 1837 τοῦ
674 1781 909 1837 ἒναντίου
969 1779 1104 1836 ἑπτὰ
1161 1778 1438 1854 πνεύματα
1509 1784 1607 1845 τῆς
1677 1779 1889 1842 κακίας.
1936 1778 2070 1836 Οἶόν

408 1869 521 1926 ἔστι
580 1876 789 1945 πνεῦμα
873 1865 1038 1948 φόϐου
1128 1874 1282 1941 Θεοῦ,
1362 1866 1504 1924 ἔστιν
1561 1867 1622 1924 ἐκ
1676 1874 1769 1924 τοῦ
1840 1867 2071 1924 ἐναντίου

408 1965 617 2034 πνεῦμα
672 1956 895 2037 ἀφοϐίας
942 1965 1095 2033 Θεοῦ,
1161 1958 1275 2013 ἔστι
1338 1956 1543 2031 πνεῦμα
1599 1956 1882 2035 συνέσεως,
1929 1954 2071 2012 ἔστιν

408 2048 769 2129 ἀντιστρόφως
854 2054 1065 2124 πνεῦμα
1148 2046 1449 2116 ἀσυνεσίας,
1524 2047 1612 2101 καὶ
1686 2044 1930 2112 καθεξῆς.
2014 2047 2071 2102 Εἰ

408 2138 488 2213 μὴ
545 2145 670 2216 γοῦν
728 2135 1014 2205 ἐκϐληθείη
1073 2136 1140 2194 τὰ
1210 2136 1346 2192 ἑπτὰ
1417 2142 1584 2191 ταῦτα
1641 2136 1913 2210 πνεύματα
1970 2140 2068 2202 τῆς

404 2227 593 2291 κακίας
650 2226 755 2283 ἀπὸ
814 2232 912 2293 τῆς
955 2231 1169 2306 ψυχῆς,
1232 2226 1290 2281 οὐ
1348 2222 1561 2280 δύναταί
1616 2245 1697 2287 τις
1758 2222 2068 2281 ἀκολουθεῖν

403 2320 484 2389 τῷ
528 2322 762 2394 Χριστῷ.
827 2326 924 2372 Δεῖ
975 2316 1076 2395 γὰρ
1120 2312 1374 2370 ἔκϐαλεῖν
1424 2318 1634 2391 πρῶτον
1664 2314 1756 2369 τὸν
1800 2319 2062 2389 Σατανᾶν,

406 2405 495 2460 καὶ
523 2403 689 2467 οὕτως
718 2407 969 2462 ὲνοικίσαι
1004 2407 1095 2461 τὸν
1141 2403 1388 2484 Χριστόν.

493 2515 519 2547 α
554 2494 833 2559 Συνιόντος
890 2492 946 2549 δὲ
989 2491 1161 2574 ὄχλου
1204 2490 1425 2565 πολλοῦ,
1485 2492 1573 2548 καὶ
1602 2497 1707 2548 τῶν
1740 2492 1877 2548 κατά
1906 2491 2061 2549 πόλιν

407 2582 872 2660 ἐπιπορευομένων
928 2585 1061 2663 πρὸς
1119 2582 1298 2658 αὒτὸν,
1359 2587 1481 2639 εἷπε
1554 2579 1636 2637 διὸ
1698 2579 2009 2659 παραϐολῆς
2044 2600 2058 2614 ·

404 2671 662 2739 Ἐξῆλθεν
715 2676 741 2729 6
800 2674 1028 2751 σπείρων
1073 2680 1166 2729 τοῦ
1237 2685 1455 2750 σπεῖραι
1511 2673 1603 2727 τὸν
1646 2671 1843 2750 σπόρον
1880 2673 2056 2730 αὐτοῦ.

400 2760 509 2823 Καὶ
565 2762 621 2819 ἐν
678 2769 753 2836 τῷ
812 2764 1045 2840 σπείρειν
1104 2763 1285 2840 αὐτὸν,
1350 2762 1377 2817 ὃ
1427 2761 1524 2836 μὲν
1569 2760 1727 2817 ἔπεσε
1770 2761 1913 2838 παρά
1964 2764 2063 2827 τὴν

399 2850 545 2925 ὁδὸν,
609 2854 698 2908 καὶ
752 2853 1123 2925 κατεπατήθη,
1197 2852 1287 2907 καὶ
1333 2851 1396 2906 τὰ
1466 2850 1682 2906 πετεινὰ
1722 2850 1818 2906 τοῦ
1846 2850 2064 2929 οὖραιοῦ

397 2942 701 3023 κατέφαγεν
733 2941 859 2997 αὒιιό
887 2958 900 2972 ⁶
938 2943 1028 2998 καὶ
1083 2941 1260 3020 ἕτερον
1322 2940 1510 2997 ἔπεσεν
1569 2940 1656 2996 ἐπὶ
1698 2939 1797 3006 τὴν
1841 2940 2064 3017 πέτραν,

400 3032 490 3087 καὶ
530 3037 652 3112 φυὲν
706 3029 965 3108 ἐξηράνθη
1021 3028 1105 3086 διὰ
1162 3032 1223 3086 τὸ
1284 3030 1362 3105 μὴ
1449 3028 1601 3109 ἔχειν
1657 3026 1853 3103 ἰκμάδα
1888 3046 1903 3062 ⁸
1974 3025 2063 3084 καὶ

402 3119 577 3199 ἕτερον
607 3120 796 3177 ἔπεσεν
869 3120 925 3177 ἐν
983 3118 1133 3195 μέσῳ
1188 3122 1293 3175 τῶν
1325 3121 1586 3198 ἀκανθῶν,
1620 3119 1709 3174 καὶ
1740 3125 2061 3197 συμφυεῖσαι

2159 614 2429 678 dicebat:
2457 617 2664 690 Quide
2688 626 2845 680 terra
2864 618 3061 695 est,de
3111 626 3270 681 terra
3298 618 3562 700 loquitur
3592 638 3606 679 :
3639 617 3740 699 qui
3770 636 3803 678 e

2158 706 2436 785 supernis
2464 707 2644 788 venit,
2683 707 2799 788 qod
2831 708 2975 768 vidit
3025 716 3292 772 testatur.
3345 711 3574 771 Secutae
3605 715 3801 769 autem

2156 803 2293 856 sunt
2321 813 2457 856 eum
2491 797 2802 875 mulieres,
2836 798 3114 861 utdiscas
3136 799 3295 879 quod
3322 816 3518 879 neque
3550 797 3802 859 feminas

2156 902 2264 945 sua
2292 885 2606 947 inﬁrmitas
2635 904 2670 947 a
2699 888 2985 949 comitatu
3037 888 3256 952 Christi
3289 886 3619 969 prohibeat.
3652 884 3801 946 Vide

2156 971 2299 1035 item
2328 978 2627 1055 quomodo
2661 983 2719 1037 et
2749 995 2881 1056 quae
2910 978 3125 1040 divites
3159 987 3348 1056 erant,
3380 976 3658 1039 omnibus
3686 992 3800 1037 ne-

2156 1062 2366 1141 glectis
2416 1072 2827 1145 paupertatem
2886 1086 3019 1128 cum
3054 1067 3287 1131 Christo
3342 1078 3400 1131 et
3429 1086 3534 1149 pro
3566 1064 3799 1129 Christo

2157 1150 2518 1228 delegerint.
2554 1156 2702 1216 Nam
2735 1156 2890 1236 quod
2937 1157 3149 1221 divites
3178 1159 3427 1235 fuerint,
3460 1156 3623 1238 audi,
3654 1154 3803 1227 Quia

2156 1240 2578 1305 ministrarunt
2609 1243 2861 1307 Domino
2894 1246 2968 1308 de
2998 1247 3374 1311 facultatibus
3403 1248 3547 1327 suis,
3572 1263 3691 1307 non
3724 1244 3800 1306 de

2155 1329 2368 1393 olienis
2385 1331 2599 1412 opibus
2619 1342 2677 1395 et
2699 1334 2919 1415 injuste
2947 1338 3245 1418 partis,uti
3262 1337 3430 1399 multi
3452 1335 3799 1399 soleutJam

2158 1437 2264 1499 per
2293 1429 2521 1500 septem
2552 1422 2866 1501 daemonia,
2902 1446 3032 1507 quae
3080 1427 3157 1490 de
3188 1427 3290 1489 illa
3321 1428 3511 1506 ejecta
3534 1426 3798 1495 fuerunt,

2157 1509 2400 1589 quidam
2427 1510 2766 1590 intelligunt
2807 1515 3009 1579 multa.
3043 1516 3108 1577 In
3142 1516 3467 1597 Scripturis
3494 1517 3652 1578 enim
3695 1532 3801 1594 pro

2158 1598 2359 1684 multis
2382 1607 2612 1680 septem
2636 1602 2829 1684 accipi
2848 1606 3022 1667 solet.
3056 1605 3347 1668 Fortassis
3365 1614 3562 1667 autem
3587 1602 3804 1666 dixerit

2154 1682 2307 1768 quis,
2341 1689 2496 1769 quod
2531 1692 2679 1752 sicut
2707 1682 2844 1753 sunt
2875 1703 3106 1774 septem
3140 1695 3383 1776 spiritus
3426 1694 3679 1775 virtutis,
3722 1694 3803 1755 ita

2154 1782 2293 1838 sunt
2320 1795 2352 1837 e
2374 1776 2606 1840 diverso
2629 1790 2857 1862 septem
2882 1784 3126 1863 spiritus
3149 1784 3413 1857 malitiae;
3434 1791 3498 1845 ut
3526 1784 3679 1846 sicut
3710 1791 3802 1845 est

2094 1902 2133 1952 Β
2156 1864 2399 1947 spiritus
2432 1866 2662 1931 timoris
2692 1869 2821 1946 Dei,
2848 1871 2927 1933 ita
2951 1880 3015 1933 ut
3046 1891 3078 1935 e
3110 1873 3347 1934 diverso
3375 1872 3617 1953 spiritus
3649 1890 3799 1933 con-

2153 1964 2410 2037 temptus
2437 1954 2545 2018 Dei
2577 1967 2633 2019 et
2662 1959 3007 2040 impietatis.
3036 1963 3139 2024 Est
3160 1961 3406 2041 spiritus
3437 1963 3794 2033 intellectus,

2153 2053 2240 2106 est
2265 2065 2296 2108 ο
2322 2046 2555 2110 diverso
2584 2050 2829 2130 spiritus
2854 2052 3236 2115 hebetudinis
3256 2053 3561 2115 intellectu
3583 2072 3797 2115 caren-

2154 2136 2318 2210 tis,et
2347 2140 2433 2202 sic
2457 2140 2531 2203 de
2553 2142 2922 2225 aliis.ltaque
2947 2144 3062 2206 nisi
3081 2146 3394 2226 ejiciantur
3414 2152 3640 2226 septem
3666 2143 3794 2223 spi-

2150 2226 2301 2290 ritus
2362 2230 2603 2293 malitize
2658 2231 2733 2294 ab
2782 2235 3004 2306 anima,
3059 2254 3178 2296 non
3237 2242 3434 2315 potest
3466 2233 3597 2315 quis
3626 2230 3795 2312 sequi

2150 2317 2470 2380 Christum.
2506 2318 2755 2400 Oportet
2785 2323 2944 2385 enim
2979 2323 3234 2405 primum
3265 2322 3403 2404 ejici
3431 2324 3792 2399 daemonem,

2150 2413 2207 2466 et
2239 2414 2381 2469 tunc
2404 2408 2739 2473 inhabitare
2770 2410 3091 2477 Christum.

2150 2487 2513 2554 VEns.4-10.
2530 2517 2547 2546 ι
2564 2491 2710 2552 Cum
2730 2501 2925 2554 autem
2953 2493 3122 2555 turba
3142 2494 3399 2575 plurima
3420 2494 3790 2566 conveniret,

2147 2584 2203 2638 et
2217 2577 2507 2657 esingulis
2525 2580 2859 2644 civitatibus
2876 2583 3350 2662 properarentad
3364 2581 3678 2655 eum,dixit
3693 2599 3796 2661 per

2146 2663 2899 2751 similitudineszxiitqui
2915 2681 3243 2733 sementem
3258 2671 3602 2735 faciebatad
3618 2671 3797 2733 semi-

2147 2754 2410 2817 nandum
2440 2776 2646 2818 semen
2678 2778 2847 2821 suum
2883 2779 2899 2819 :
2933 2768 2993 2821 et
3014 2760 3168 2823 inter
3185 2761 3792 2835 seminandum,aliud

2148 2844 2369 2907 cecidit
2398 2846 2557 2908 circa
2586 2849 2765 2929 viam,
2797 2857 2853 2911 et
2883 2851 3292 2913 conculcatum
3327 2857 3506 2931 e3t,et
3525 2850 3795 2913 volucres

2146 2933 2279 2996 coeli
2293 2935 2686 2999 comederunt
2701 2938 3014 3003 illud.Etal
3028 2940 3126 3002 iud
3140 2940 3355 3003 cecidit
3369 2958 3553 3020 super
3565 2947 3790 3020 petram

2146 3036 2203 3083 et
2236 3032 2475 3085 enatum
2502 3028 2677 3107 aruit,
2711 3028 2848 3107 quia
2894 3047 3014 3090 non
3066 3028 3324 3090 habebat
3353 3030 3693 3091 humorem.
3724 3027 3797 3089 Et

2144 3111 2304 3173 aliud
2355 3112 2573 3176 cecidit
2620 3115 2775 3178 inter
2831 3117 3054 3197 spinas,
3092 3125 3150 3179 et
3179 3117 3355 3179 simul
3389 3125 3576 3179 enata!
3606 3117 3793 3197 spinae

400 3212 451 3265 αἱ
495 3209 711 3267 ἄκανθαι
771 3208 1061 3274 ἀπέπνιξαν
1120 3210 1269 3270 αὐτό,
1341 3210 1438 3266 Καὶ
1503 3205 1682 3287 ἕτερον
1741 3205 1927 3262 ἔπεσεν
1986 3207 2059 3268 εἷς

2147 3201 2581 3263 suffocaverunt
2609 3203 2782 3268 illud.
2817 3205 2887 3267 Et
2914 3206 3076 3267 aliud
3107 3206 3324 3268 cecidit
3352 3206 3412 3267 in
3448 3213 3666 3267 terram
3689 3204 3796 3266 bo-

398 3298 502 3366 ττὶν
535 3303 639 3376 γῆν
670 3299 770 3366 τὴν
827 3298 1056 3377 ἀγαθὴν,
1111 3299 1198 3354 καὶ
1250 3297 1375 3377 φυὲν
1421 3295 1871 3377 εποίησεᾲκαρπὸν
1928 3295 2059 3351 ἑκα-

394 3386 847 3445 τονταπλασίονα.
892 3389 1066 3445 Ταῦτα
1109 3384 1305 3464 λέγων,
1367 3385 1580 3465 ἐφώνει,
1645 3375 1702 3442 Ὀ
1747 3383 1891 3463 ἔχων
1948 3387 2061 3441 ὦτα

394 3477 631 3552 ἀκούειν,
693 3476 954 3539 ἀκουέτω,
1018 3475 1348 3555 Ἐπηρώτων
1392 3475 1449 3531 δὲ
1513 3476 1671 3531 αὐτὸν
1722 3477 1768 3529 οἱ
1828 3467 2059 3549 μαθηταὶ

392 3568 575 3647 αὺτοῦ,
626 3565 899 3645 λέγοντες.
960 3566 1039 3630 τίς
1097 3565 1189 3632 εἴη
1251 3567 1285 3633 ἡ
1341 3562 1621 3644 παραϐολὴ
1678 3564 1856 3639 «inn;
1903 3554 1961 3619 Ὀ
2005 3561 2089 3629 δὲ,

394 3646 600 3712 εἶπεν·
651 3646 809 3732 ιΥμῖν
873 3653 1078 3712 δέδοται
1122 3660 1321 3732 γνῶναι
1351 3656 1417 3711 τὰ
1462 3654 1727 3731 μυστήρια
1770 3658 1868 3719 τῆς
1898 3653 2054 3728 βασι-

393 3744 537 3809 λείας
593 3752 688 3802 τοῦ
736 3753 890 3819 Θεοῦ,
950 3758 1073 3809 τοῖς
1131 3742 1186 3800 δὲ
1233 3742 1449 3808 λοιποῖς
1480 3744 1535 3800 ἐν
1578 3739 1937 3823 παραϐολαῖς,
1964 3742 2058 3797 *ἕνα

391 3834 680 3911 βλέποντες
742 3834 819 3908 μὴ
886 3832 1147 3912 βλέπωσι,
1229 3834 1322 3889 καὶ
1375 3832 1660 3895 ἀκούοντες
1725 3831 1801 3906 μὴ
1864 3836 2057 3887 συνιῶ-

394 3946 500 3982 σιν.
544 3947 569 3978 »
635 3912 816 3993 ’Ὅπερ
848 3924 1003 3979 εἶπεν
1048 3924 1075 3979 6
1125 3920 1291 3979 Δαυὶδ
1336 3921 1503 3979 πάλαι
1535 3921 1589 3977 ἐν
1621 3922 1891 3998 προσώπῳ
1923 3928 2058 3999 Χρι-

393 4021 542 4089 στοῦ,
589 4012 746 4070 τοῦτο
804 4020 891 4069 νῦν
921 4011 1098 4079 ἐξέϐη.
1134 4009 1355 4077 Ἀνοίξω
1384 4013 1510 4092 γὰρ,
1556 4013 1738 4091 φησὶν,
1777 4010 1829 4067 ἐν
1881 4032 2052 4089 παρα-

392 4100 583 4166 ϐολαῖς
636 4104 696 4157 τὸ
755 4101 928 4177 στόμα
987 4124 1110 4176 μου.
1183 4101 1481 4179 Φθέγγεται
1553 4102 1726 4156 τοίνυν
1798 4102 1825 4155 6
1871 4101 2060 4179 Κύριος

392 4189 767 4270 παραϐολικῶς
811 4189 899 4247 διὰ
959 4189 1134 4247 πολλά
1173 4209 1185 4221 ·
1255 4192 1341 4246 καὶ
1383 4189 1477 4246 ἵνα
1533 4190 1634 4267 γὰρ
1689 4210 2059 4267 προσεκτικω-

391 4280 573 4359 τέρους
633 4282 837 4356 ποιήσῃ
881 4280 1003 4345 τοὺς
1068 4281 1383 4358 ἀκούοντας,
1447 4280 1537 4335 καὶ
1600 4276 1831 4357 διε-,σείρῃ
1875 4277 2059 4341 αὐτοῖς

389 4372 486 4427 τὸν
518 4371 640 4428 νοὺν
685 4371 758 4433 εἷς
818 4371 1044 4441 ζήτησιν
1102 4377 1207 4425 τῶν
1256 4367 1580 4447 λεγομένων.
1634 4366 1904 4443 Εἰώθαμεν
1960 4368 2066 4445 γὰρ’

2145 3299 2373 3365 nam,et
2397 3300 2637 3354 enatum
2672 3293 2813 3355 fecit
2838 3295 3094 3356 fructum
3127 3294 3495 3376 centuplum.
3531 3293 3670 3355 Haec
3696 3295 3791 3356 di-

2142 3397 2286 3441 cens
2315 3379 2607 3442 clamabat
2641 3402 2655 3444 :
2715 3380 2826 3454 Qui
2880 3382 3058 3444 habet
3089 3401 3264 3446 aures
3293 3383 3366 3444 ad
3399 3382 3788 3463 audiendum,

2141 3468 2823 3547 audiat.lnterrogabant
2845 3481 3040 3534 autem
3075 3491 3208 3534 eum
3236 3471 3511 3553 discipuli
3544 3472 3675 3551 ejus
3701 3472 3793 3532 di-

2143 3566 2651 3638 centes,quaenam
2692 3568 2850 3622 esset
2880 3561 2993 3623 ista
3020 3560 3320 3642 parabola.
3355 3561 3428 3623 At
3458 3561 3561 3623 ille
3593 3559 3740 3621 dixit
3776 3581 3789 3624 :

2143 3645 2326 3709 Vobis
2355 3647 2555 3708 datum
2584 3656 2674 3710 est
2709 3669 2886 3712 nosse
2909 3651 3186 3731 mysteria
3216 3651 3381 3730 regni
3403 3650 3535 3724 Dei,
3561 3650 3792 3712 caeteris

2141 3744 2336 3797 autem
2373 3756 2477 3817 per
2510 3737 2820 3818 parabolas
2856 3757 2869 3802 :
2904 3749 2965 3801 ut
2994 3740 3288 3817 videntes,
3315 3760 3433 3802 non
3470 3739 3794 3815 videant,et

2139 3826 2281 3885 524
2335 3826 2648 3890 audientes
2698 3848 2816 3888 non
2867 3829 3221 3909 intelligant.
3288 3855 3314 3885 ι
3350 3832 3522 3893 Nunc
3554 3828 3791 3890 tandem

2143 3918 2340 3977 evenit
2368 3917 2525 3996 quod
2557 3918 2695 3978 olim
2726 3917 2909 3980 David
2943 3920 3000 3980 in
3032 3938 3289 4000 persona
3342 3917 3562 3983 Christi
3592 3918 3740 3981 dixit
3775 3936 3789 3980 :

2141 4003 2421 4085 Aperiam
2456 4005 2642 4085 enim,
2679 4007 2899 4089 inquit,
2935 4010 2993 4069 in
3026 4008 3329 4089 parabolis
3365 4026 3433 4070 os
3476 4026 3677 4070 meum
3703 4009 3793 4071 '58.

2143 4095 2425 4174 Loquitur
2454 4096 2651 4176 itaque
2669 4098 2979 4177 parabolas
3002 4101 3291 4162 Dominus
3322 4106 3565 4180 propter
3586 4098 3792 4171 multa,

2144 4202 2364 4264 nempe
2398 4191 2461 4246 ut
2492 4187 2846 4249 attentiores
2877 4186 3091 4249 reddat
3121 4188 3451 4261 auditores,
3491 4195 3548 4248 et
3578 4187 3793 4248 excitet

2143 4272 2381 4334 illorum
2417 4282 2678 4337 mentem
2701 4275 2772 4337 ad
2806 4275 3231 4356 inquirendum
3264 4277 3340 4339 de
3367 4277 3460 4338 his
3481 4295 3611 4357 qum
3641 4276 3798 4338 dicta

2145 4371 2302 4423 sunt.
2340 4362 2547 4424 Solent
2601 4364 2758 4425 enim
2805 4364 3080 4427 homines
3111 4365 3405 4427 curiosius
3437 4364 3794 4444 investigare

391 4461 441 4517 οἱ
500 4457 763 4539 ἅνθρωποι
827 4459 893 4514 τὰ
949 4458 1047 4533 μὲν
1093 4464 1379 4520 σκοτεινῶς
1448 4455 1713 4535 λεγομένα
1772 4456 2059 4535 περιεργά-

2147 4450 2218 4512 de
2240 4451 2331 4512 his
2352 4471 2483 4532 qua;
2506 4452 2664 4514 dicta
2684 4461 2822 4515 sunt
2869 4454 3208 4527 obscurius,
3245 4455 3559 4516 manifesta
3590 4462 3789 4517 autem

388 4552 595 4629 ζεσθαι,
654 4550 720 4605 τὰ
776 4547 831 4604 δὲ
890 4547 1034 4626 σαφῆ
1093 4551 1432 4626 περιφρονεῖν
1474 4566 1489 4581 ο

390 4644 500 4695 τῶι
559 4635 944 4715 μυστηριωδῶς
1016 4634 1322 4713 λεγομένων
1395 4636 1473 4712 μὴ
1549 4634 1874 4695 ἐπακούωσι.
1957 4634 2055 4692 Καί

392 4726 480 4783 διὰ
531 4726 708 4783 πολλὰ
752 4724 889 4782 ἄλλα
934 4726 989 4781 ἐν
1051 4723 1387 4804 παραϐολαῖς
1446 4724 1753 4805 φθέγγεται.
1809 4721 2058 4788 Ἐξῆλθεν

396 4816 488 4875 οὖν
530 4819 559 4873 6
617 4817 868 4896 σπείρων,
915 4815 1206 4888 τουτέστιν,
1258 4816 1285 4870 6
1342 4816 1462 4877 Υἱὸς
1507 4821 1599 4869 τοῦ
1658 4822 1789 4870 Θεοῦ
1848 4812 2060 4880 ἐξῆλθεν

396 4906 459 4963 ἐκ
516 4912 621 4962 τῶν
695 4903 912 4962 κόλπων
962 4911 1068 4961 τῶν
1127 4905 1429 4984 Παιρικῶν,
1490 4904 1579 4960 καὶ
1638 4903 1745 4959 ἀπὸ
1786 4908 1886 4971 τῆς
1929 4925 2060 4979 κρυ-

392 4996 650 5076 φιότητος
701 4997 882 5067 αὐτοῦ,
946 4996 1033 5051 καὶ
1094 4994 1336 5073 ἐμφανὴς
1390 4993 1625 5072 ἐγένετο,
1678 4994 1767 5056 Τίς
1799 4991 1853 5048 δὲ
1898 4990 2056 5059 εξῆλ-

389 5090 479 5144 θεν
517 5104 532 5162 ;
584 5078 641 5145 ’0
672 5086 753 5142 ἀεὶ
784 5084 1035 5163 σπείρων.
1093 5088 1165 5142 Οὖ
1216 5084 1439 5141 παύεται
1470 5085 1569 5162 γὰρ
1598 5086 1626 5138 6
1662 5083 1779 5146 Υἱὸς
1804 5088 1896 5138 τοῦ
1928 5084 2061 5138 Θεοῦ

389 5177 475 5233 ἀεὶ
505 5177 736 5255 σπείρων
793 5175 848 5231 ἐν
890 5174 1021 5238 ταῖς
1062 5173 1352 5253 ἡμετέραις
1398 5179 1630 5253 ψυχαῖς.
1667 5175 1739 5232 Οὔ
1768 5172 1867 5250 γὰρ
1898 5172 2060 5247 μόνον

390 5266 520 5323 ὅταν
550 5263 795 5341 διδάσκῃ,
829 5263 967 5321 ἀλλὰ
1020 5265 1107 5319 καὶ
1164 5261 1248 5319 διὰ
1304 5270 1403 5333 τῆς
1440 5264 1664 5325 κτίσεως
1694 5264 1919 5341 ταύτης,
1970 5261 2058 5317 καὶ

393 5361 502 5411 τῶν
575 5352 692 5411 καθ’
751 5354 981 5420 ἑκάστην
1038 5355 1110 5417 εἰς
1165 5353 1307 5427 hui;
1373 5351 1691 5431 γινομένων,
1749 5352 1945 5429 σπείρει
2006 5349 2057 5405 ἐν

388 5458 513 5509 ταῖς
544 5442 832 5523 ἡμετέραις
887 5447 1100 5522 ψυχαῖς
1157 5443 1222 5497 τὰ
1275 5442 1444 5519 ἀγαθὰ
1490 5442 1791 5517 σπέρματα.
1839 5438 2059 5507 Ἐξῆλθε

389 5533 474 5613 δὲ,
538 5534 639 5613 οὐχ
682 5533 775 5589 ’ἕνα
806 5534 928 5596 τοὺς
983 5533 1248 5612 γεωργοὺς
1302 5532 1618 5612 ἀποκτείνῃ,
1652 5532 1686 5601 ἢ
1731 5534 1827 5601 τὴν
1873 5531 2057 5612 χώραν

468 5690 526 5736 ³³
553 5691 706 5755 Psal.
741 5707 963 5767 LXXVII,
996 5692 1065 5756 2.

1536 4548 1623 4602 καὶ
1652 4546 1745 4601 ’ἕνα
1776 4547 1823 4601 οἱ
1853 4544 2051 4635 aviae:
2082 4537 2123 4586 ι)
2142 4541 2552 4635 negligerezet
2572 4552 2637 4604 ut
2658 4541 2888 4622 indigni
2912 4563 3028 4605 uon
3054 4543 3386 4624 intelligant
3410 4563 3543 4624 quae
3563 4542 3796 4605 abstru-

2140 4630 2264 4692 sius
2280 4639 2418 4691 sant
2438 4631 2633 4710 dicta;
2690 4640 2870 4712 atque
2897 4640 3145 4713 propter
3179 4634 3364 4695 multa
3384 4633 3496 4694 alia
3527 4632 3587 4693 in
3618 4650 3792 4710 para-

2142 4718 2296 4781 bolis
2320 4719 2604 4800 loquitur.
2619 4720 2774 4781 Exiit
2796 4720 2977 4802 igiter
2993 4722 3318 4801 seminans,
3353 4722 3467 4784 hoc
3487 4719 3795 4794 est,Filius

2144 4809 2252 4871 Dei
2278 4808 2461 4871 exivit
2490 4808 2565 4871 de
2586 4810 2777 4872 Patris
2800 4810 2892 4871 sui
2924 4810 3060 4873 sinu
3084 4810 3526 4890 abscondito,et
3548 4810 3791 4891 conspi-

2145 4917 2292 4960 cuus
2323 4898 2509 4960 factus
2540 4904 2629 4960 est
2686 4897 2830 4971 Quis
2862 4909 3057 4962 autem
3085 4900 3313 4962 exivit?
3349 4900 3404 4962 Is
3433 4900 3531 4980 qui
3554 4918 3797 4978 semper

2146 4988 2423 5050 seminat.
2457 4987 2646 5050 Filius
2676 4988 2835 5049 enim
2870 4988 2977 5051 Dei
3010 5009 3128 5051 non
3153 4997 3347 5051 cessat
3364 5006 3601 5070 semper
3623 4989 3796 5050 semi-

2147 5095 2291 5139 nare
2314 5076 2375 5138 in
2396 5076 2709 5139 animabus
2731 5077 3114 5142 nostris.Non
3147 5079 3305 5141 enim
3338 5078 3528 5141 solum
3561 5077 3794 5159 quando

2144 5165 2379 5228 videtur
2402 5167 2641 5249 docere,
2676 5167 2780 5229 sed
2812 5177 2871 5230 et
2896 5186 3005 5249 per
3034 5169 3321 5230 mundum
3358 5168 3562 5241 istum,
3598 5176 3656 5230 et
3688 5186 3795 5247 per

2143 5273 2213 5318 ea
2235 5275 2368 5337 quae
2388 5255 2655 5339 quotidie
2688 5257 2822 5317 facit
2853 5276 2991 5336 erga
3023 5277 3156 5339 nos,
3191 5259 3444 5320 seminat
3481 5256 3541 5317 in
3577 5257 3795 5318 nostris

2145 5344 2458 5409 animabus
2488 5346 2642 5408 bona
2667 5345 2899 5408 semina
2938 5346 3372 5423 Exivitautem,
3406 5365 3523 5408 non
3550 5346 3790 5425 utagri-

2146 5435 2307 5498 colas
2344 5436 2596 5515 occidat,
2652 5436 2736 5498 vel
2769 5454 2975 5515 agrum
3010 5445 3234 5520 exurat,
3271 5437 3377 5499 sed
3412 5444 3474 5499 ut
3512 5434 3765 5499 seminct

2142 5530 2312 5608 Saepe
2345 5526 2504 5589 enim
2539 5526 2842 5608 egreditur
2862 5527 3123 5607 agricola
3143 5536 3201 5589 ct
3232 5534 3476 5609 propter
3505 5526 3637 5603 alia,
3674 5544 3792 5587 non
