4202 6400
464 342 584 406 799
1453 340 2049 407 THEOPHYLACTI
2096 338 2502 401 BULGARLE
2547 340 2910 404 ARCHIEP.
3740 340 3860 408 800

464 475 655 537 solum
682 483 745 537 ut
766 474 1156 549 seminet,sed
1179 474 1399 537 exiitut
1416 474 1672 536 seminet
1692 491 1898 535 semen
1918 490 2089 533 suum

2177 472 2534 549 .κατακαύσῃ,
2589 470 2711 531 ἀλλ’
2759 474 2852 531 ’ίνα
2882 474 3072 553 σπείρῃ
3097 489 3115 510 ⁶
3149 472 3406 538 πολλάκις
3450 476 3551 556 γὰρ
3580 476 3856 559 ἐξέρχεται

465 565 747 645 Proprius
772 566 930 627 enim
950 566 1076 644 ejus
1098 572 1185 625 est
1211 582 1409 625 sermo
1431 563 1806 642 doctrinm,et
1825 580 1941 623 non
1960 560 2093 623 alie-

2196 562 2224 617 6
2282 563 2521 639 γεωργὸς
2581 564 2669 619 καὶ
2727 561 2795 618 δι’
2848 561 3009 635 ἄλλα,
3067 564 3127 620 06
3183 563 3347 638 μόνον
3402 562 3489 621 διὰ
3523 566 3585 623 τὸ
3609 579 3854 645 σπεῖραι,

462 654 911 732 nus.Prophetae
941 653 1100 714 enim
1133 670 1503 733 quaecunque
1533 651 1876 720 dixerunt,e
1896 650 2093 731 spiritt

2197 657 2297 708 Τὸν
2340 651 2535 729 σπόρον
2580 649 2634 706 δὲ
2678 655 2838 711 αὐτοῦ
2880 650 3066 719 εξῆλθε
3113 665 3353 731 σπεῖραι.
3404 650 3575 718 ’Ἵδιος
3620 656 3721 734 γὰρ
3752 656 3853 713 αῦ-

460 740 756 819 dixerunt,
792 752 851 803 et
882 760 998 803 non
1054 748 1119 802 ut
1177 741 1413 821 pr0pria
1453 762 1465 800 :
1501 741 1657 802 unde
1697 747 1755 801 et
1783 739 2060 801 dixerunt
2094 761 2107 803 :

458 827 594 889 Haec
617 828 759 891 dicit
789 829 1100 891 Dominus.
1127 828 1397 891 Christus
1419 847 1558 891 vero
1591 828 1897 909 proprium
1934 826 2113 890 habet

457 918 920 990 semen,idcirco
947 937 1063 980 non
1087 918 1323 980 dicebat
1357 918 1582 980 docens
1609 936 1622 975 :
1660 917 1794 979 Haec
1818 917 1961 979 dicit
1987 918 2111 979 Do-

460 1007 790 1084 minus,sed
828 1008 987 1088 :Ego
1019 1008 1155 1070 dico
1186 1007 1737 1071 vobis.Seminante
1759 1015 1954 1069 autem
1979 1005 2106 1079 illo,

456 1094 569 1157 hoc
591 1104 683 1158 est
711 1096 989 1178 docente,
1018 1098 1176 1159 aliud
1211 1097 1454 1177 quidem
1478 1096 1695 1159 cecidit
1723 1096 1882 1158 circa
1909 1096 2062 1158 viam
2091 1118 2104 1153 :

459 1203 575 1245 non
612 1185 757 1248 dixit
784 1187 941 1266 quod
978 1187 1293 1266 projecerit
1317 1185 1755 1260 seminans,sed
1786 1184 2105 1265 quodillud

455 1274 764 1338 ceciderit.
797 1274 943 1337 Nam
972 1276 1070 1353 qui
1094 1278 1373 1356 seminat,
1405 1276 1657 1336 seminat
1691 1283 1748 1336 et
1780 1275 2108 1343 docet,ser.

457 1380 553 1422 mo
583 1370 779 1424 autem
812 1362 971 1426 cadit
994 1364 1055 1425 in
1079 1363 1495 1426 audientes.Hi
1515 1372 1709 1425 autem
1729 1363 2111 1424 inveniuntur

2194 741 2287 794 τοῦ
2339 740 2407 804 ἧν
2464 741 2492 795 6
2549 738 2708 817 λόγος
2756 742 2851 806 τῆς
2884 738 3245 814 διδασκαλίας,
3292 742 3380 797 καὶ
3422 741 3517 799 οὒκ
3546 742 3851 824 ἀλλότριος.

2195 830 2254 884 Οἱ
2309 827 2404 903 μὲν
2463 829 2564 908 γὰρ
2619 834 2911 909 προφῆται,
2971 828 3071 886 ὅσα
3116 828 3325 907 ἔλεγον,
3371 832 3467 887 οῦκ
3500 830 3613 889 ἴδια
3642 832 3849 912 ἔλεγον,

2194 914 2330 1002 ἀλλά
2372 925 2463 974 τοῦ
2502 919 2828 993 πνεύματος,
2892 920 2986 974 Διὸ
3045 917 3253 997 ἔλεγον,
3288 918 3422 980 Τάδε
3452 919 3599 999 λέγει
3634 923 3852 1002 Κύριος.

2196 995 2254 1061 Ὀ
2298 1003 2352 1060 δὲ
2410 1007 2633 1083 Χριστὸς
2691 1004 2826 1063 ἴδιον
2860 1008 2990 1086 εἶχε
3020 1009 3111 1063 τὸν
3151 995 3373 1085 σπόρον.
3415 1009 3508 1064 Διὸ
3532 995 3629 1064 06x
3673 995 3854 1086 ἔλεγεν

2192 1092 2319 1149 ὅταν
2351 1092 2637 1169 ἐδίδασκεν,
2673 1094 2754 1151 ὅτι
2778 1093 2910 1153 Τάδε
2937 1094 3079 1173 λέγει
3114 1096 3325 1175 Κύριος,
3354 1094 3500 1168 ἀλλ’,
3535 1095 3680 1175 Ἐγὼ
3709 1096 3855 1175 λέγω

2191 1183 2342 1255 ὑμῖν.
2386 1180 2475 1239 Ἐν
2518 1190 2595 1257 τῷ
2651 1184 2881 1260 σπείρειν
2926 1182 2981 1239 δὲ
3024 1183 3205 1264 αὗτὸν,
3250 1185 3543 1259 τουτέστι),
3573 1186 3628 1242 ἐν
3659 1194 3737 1259 τῷ
3765 1185 3852 1242 δι-

2192 1268 2424 1343 δάσκειν,
2473 1270 2605 1329 ἄλλο
2636 1273 2732 1346 μὲν
2788 1273 2944 1328 έπεσε
3003 1273 3146 1349 παρὰ
3204 1272 3304 1338 τὴν
3362 1270 3505 1337 ὁδόν,
3559 1278 3666 1333 Οὔκ
3698 1278 3855 1331 εἶπεν

2193 1358 2277 1415 ὅτι
2341 1358 2549 1438 ἕῤῥιψεν
2607 1363 2635 1417 6
2689 1362 2944 1440 σπείρων,
3002 1359 3123 1417 ἀλλ’
3166 1361 3356 1417 ’ἐπεσεν
3408 1360 3610 1425 ἐγεῖνο.
3662 1354 3719 1422 Ὀ
3752 1386 3853 1439 μεν

456 1469 593 1513 esse
620 1454 711 1514 vel
736 1453 845 1526 via,
879 1453 969 1514 vel
1004 1461 1190 1533 petra,
1225 1454 1315 1515 vel
1348 1453 1557 1534 spinae,
1591 1454 1679 1513 vel
1736 1462 1894 1515 terra
1928 1452 2093 1515 bona.

2192 1449 2289 1527 γὰρ
2348 1452 2573 1522 σπείρων
2624 1450 2824 1528 σπείρει
2883 1453 2971 1507 καὶ
3026 1449 3284 1509 διδάσκει.
3341 1441 3398 1509 Ὀ
3453 1450 3508 1508 δὲ
3566 1451 3727 1531 λόγος
3777 1456 3851 1519 είς

455 1540 746 1602 Caeterum
771 1541 1082 1621 discipulis
1103 1542 1611 1622 interrogantibus
1636 1540 2093 1622 parabolam,di-

2190 1540 2311 1602 τοὺς
2366 1539 2656 1603 ἀκούοντας
2714 1540 2918 1600 πίπτει.
2981 1543 3135 1598 Οὗτοι
3194 1538 3248 1596 δὲ
3281 1542 3605 1618 εὑρίσκονται
3635 1542 3672 1611 ἣ
3703 1540 3846 1614 ὁδὸς,

454 1629 535 1690 cit
557 1629 883 1693 Dominus:
918 1630 1105 1692 Vobis
1136 1632 1337 1692 datum
1380 1639 1467 1692 est
1498 1632 1657 1693 scire
1691 1630 1970 1711 mysteria
2002 1649 2093 1691 re-

2188 1627 2224 1695 ἢ
2283 1627 2470 1706 πέτρα,
2530 1628 2566 1695 ἢ
2612 1627 2833 1705 ἄκανθα,
2894 1628 2930 1696 ἢ
2983 1629 3156 1707 ἀγαθὴ
3344 1628 3615 1711 Ἐρωτῶσι
3646 1628 3701 1686 δί
3728 1644 3847 1695 τοῖς

452 1718 552 1797 gni
590 1718 717 1819 Dei,
753 1720 866 1781 hoc
899 1727 991 1781 est
1046 1718 1211 1781 vobis
1273 1719 1701 1801 quaerentibus,
1746 1708 1807 1780 ut
1838 1719 2093 1781 discatis.

2189 1720 2459 1791 μαθηταῖς
2516 1716 2615 1783 τὴν
2671 1713 3008 1795 παραϐολὴν,
3056 1718 3215 1796 φησὶν
3257 1720 3284 1773 6
3315 1715 3528 1797 Κύριος*
3567 1708 3725 1793 ιΥμῖν
3754 1717 3847 1775 δέ-

460 1827 483 1862 α
520 1807 729 1871 Omnis
759 1809 918 1870 enim
939 1809 1040 1889 qui
1071 1810 1241 1888 petit,
1264 1810 1643 1891 'accipit59.»
1677 1809 1941 1889 Reliquis
1968 1828 2093 1870 verc

2188 1802 2334 1860 δοται
2389 1812 2587 1882 γνῶναι
2632 1806 2697 1860 τὰ
2754 1806 3019 1882 μυστήρια
3073 1807 3170 1872 τῆς
3219 1804 3491 1881 βασιλείας
3536 1806 3628 1863 τοῦ
3687 1814 3842 1887 Θεοῦ,

450 1896 549 1976 qui
581 1898 971 1959 sacramentis
994 1898 1220 1977 indigni
1254 1908 1411 1973 sunt,
1440 1899 1698 1961 obscure
1729 1898 2093 1975 dicuntur,el

2186 1894 2474 1966 τουτέστιν,
2532 1895 2661 1968 ὑμῖν
2723 1906 2842 1956 τοῖς
2900 1899 3118 1965 ζητοῦσι
3178 1896 3387 1969 μαθεῖν.
3445 1918 3472 1950 ι
3515 1901 3624 1961 Πᾶς
3660 1897 3759 1975 γὰρ
3817 1898 3846 1953 6

449 1985 784 2047 existimant
812 1986 1055 2067 quidem
1086 2006 1152 2048 se
1182 1988 1405 2063 videre,
1455 1989 1559 2049 sed
1616 2006 1735 2049 non
1765 1987 1972 2048 vident
2003 2011 2014 2046 :
2044 1996 2093 2049 el

2184 1984 2367 2058 αἰτῶν,
2426 1980 2685 2057 λαμϐάνει
2720 1996 2735 2011 ⁸
2783 2005 2803 2037 ο
2862 1995 2983 2047 τοῖς
3036 1980 3091 2037 δὲ
3134 1981 3351 2046 λοιποῖς
3407 1996 3525 2049 τοῖς
3569 1985 3647 2060 μὴ
3679 1982 3842 2051 ἀξίοις

447 2074 978 2155 audiuntquidem.
1015 2077 1119 2138 sed
1152 2096 1268 2137 non
1304 2076 1665 2157 intelligunt,
1694 2084 1874 2157 atque
1896 2078 2008 2139 hoc
2038 2078 2093 2138 in

2182 2075 2295 2127 οὖσι
2351 2078 2457 2127 τῶν
2523 2071 2848 2147 μυστηρίων,
2927 2078 3211 2134 σκοτεινῶς
3257 2069 3528 2149 λέγονται,
3587 2074 3676 2130 καὶ
3745 2072 3843 2131 δο-

446 2164 685 2226 illorum
734 2165 977 2227 bonum.
1035 2164 1121 2228 Ne
1173 2166 1332 2229 enim
1387 2167 1574 2246 magis
1617 2167 2093 2228 condemnentur

2184 2168 2332 2219 κοῦσι
2390 2161 2489 2236 μὲν
2545 2159 2786 2239 βλέπειν,
2848 2159 2906 2217 οὗ
2966 2159 3220 2237 βλέπουσι
3279 2159 3385 2216 δέ·
3450 2164 3539 2219 καὶ
3592 2162 3842 2220 ἀκούουσι

447 2253 604 2347 quod
634 2255 866 2347 cognita
891 2257 1170 2347 mysteria
1200 2255 1553 2347 spreverint,
1587 2256 1726 2347 ideo
1758 2255 1831 2317 ab
1863 2255 1980 2316 illis
2029 2274 2093 2317 ea

2185 2251 2307 2329 μὲν,
2354 2252 2414 2307 06
2461 2256 2691 2306 συνιοῦσι
2734 2248 2815 2330 δὲ,
2874 2251 2962 2306 καὶ
3037 2259 3194 2309 τοῦτο
3255 2251 3328 2312 εἷς
3387 2250 3682 2330 εὐεργεσίαν
3740 2256 3841 2311 αὐ·-

2227 2340 2255 2347 -
2381 2328 2418 2347 (Ι
2611 2339 2621 2347 ι
2774 2339 2785 2347 ι
2900 2338 2916 2347 ι
2946 2338 2955 2347 ι
3299 2342 3312 2347 -
3336 2344 3358 2347 Α.
3526 2342 3538 2347 -
3723 2340 3733 2347 .
3812 2342 3823 2347 -

446 2330 721 2404 Christus
739 2330 1070 2405 abscondit.
1108 2342 1215 2416 Qui
1234 2330 1405 2406 enim
1430 2344 1735 2425 cognoscit
1756 2352 1815 2405 et
1837 2354 2093 2407 contem-

2185 2340 2316 2398 τῶν.
2381 2330 2508 2395 υΙνα
2567 2339 2668 2417 γὰρ
2726 2339 2802 2414 μὴ
2858 2338 3019 2395 πλέον
3068 2342 3475 2418 κατακριθῶσιν,
3511 2342 3585 2403 ὡς
3616 2340 3751 2417 μετά
3777 2342 3839 2397 τὸ

450 2431 559 2503 nit,
593 2431 862 2504 graviora
894 2441 1167 2495 meretur
1184 2434 1497 2514 supplicia.

444 2544 533 2578 του
592 2521 769 2578 ἕνεκεν
839 2524 1143 2602 ἀπέκρυψεν
1201 2526 1228 2579 6
1269 2530 1492 2603 Χριστὸς
1552 2525 1644 2583 ἀπ’
1707 2526 1878 2582 αὐτῶν
1925 2527 2113 2585 ταῦτα.

444 2612 727 2689 τιμωρίας.

523 2700 709 2759 Vens.
751 2699 952 2763 11-15.
990 2703 1126 2761 «Est
1147 2708 1341 2762 autem
1370 2702 1495 2762 haec
1527 2701 1805 2782 parabola
1834 2723 1848 2762 :
1875 2704 2089 2765 Semen

442 2796 533 2851 est
563 2805 761 2849 sermo
782 2787 911 2851 Dei.
936 2788 1042 2860 Qui
1075 2796 1271 2850 autem
1298 2791 1465 2869 juxta
1516 2792 1700 2871 viain,
1737 2792 1794 2852 hi
1827 2798 1962 2853 sunt
1992 2791 2089 2871 qui

440 2876 727 2939 audiunt:
754 2876 972 2938 deinde
1002 2879 1163 2939 venit
1186 2878 1457 2941 diabolus
1488 2888 1546 2941 et
1576 2880 1730 2941 tollit
1748 2898 2089 2942 sermonem

439 2966 515 3026 de
545 2965 728 3028 corde
760 2984 989 3038 eorum,
1026 2986 1100 3029 ne
1131 2968 1446 3029 credentes
1477 2970 1964 3032 serventur.Nam
1989 2969 2091 3049 qui

439 3073 623 3134 super
682 3064 936 3135 petram,
968 3055 1029 3115 hi
1086 3070 1226 3118 sunt
1270 3058 1365 3137 qui
1408 3073 1542 3120 cum
1601 3058 1921 3138 audierint,
1955 3076 2089 3119 cum

437 3145 648 3221 gaudio
680 3143 1012 3225 suscipiunt
1035 3155 1464 3222 sermonem,et
1489 3145 1547 3207 hi
1575 3147 1809 3209 radices
1843 3165 1959 3208 non
1978 3147 2087 3207 ha-

438 3232 705 3327 bent,qui
730 3234 813 3327 ad
836 3241 1070 3327 tempus
1099 3235 1375 3327 credunt.
1405 3244 1464 3327 et
1494 3235 1553 3296 in
1588 3243 2085 3327 temporetentaf
2107 3278 2146 3327 ο

438 3322 613 3383 tionis
637 3322 950 3385 recedunt.
999 3322 1164 3395 Quod
1198 3332 1395 3386 autem
1430 3324 1488 3387 in
1518 3326 1718 3405 spinas
1752 3325 1988 3397 cecidit,
2026 3325 2086 3387 hi

436 3420 571 3473 snut
595 3412 695 3492 qui
726 3412 1132 3486 audierunt,et
1162 3433 1193 3474 a
1224 3415 1733 3477 sollicitudinibus
1784 3423 1843 3476 et
1864 3414 2087 3475 divitiis

435 3521 504 3564 ac
530 3501 927 3581 voluptatibus
953 3503 1079 3563 vitae
1111 3511 1341 3577 euntes,
1379 3505 1765 3579 sutfocantur,
1804 3504 1945 3564 ωδ
1976 3522 2087 3565 nec

435 3591 700 3653 referunt
727 3590 1184 3662 fructquuod
1216 3600 1413 3653 autem
1444 3591 1505 3652 in
1542 3593 1753 3654 bonam
1776 3593 2085 3667 terram,hi

436 3686 575 3742 sunt
604 3679 705 3760 qui
726 3679 787 3739 in
821 3680 1002 3740 corde
1035 3680 1284 3741 honesto
1317 3698 1387 3741 ac
1411 3680 1568 3742 bono
1607 3682 1920 3745 audientes
1952 3701 2087 3745 ser-

438 3786 676 3829 monem
709 3766 991 3845 retinent,
1026 3776 1085 3826 et
1114 3766 1367 3829 fructum
1395 3769 1653 3830 alterunt
1697 3788 1803 3850 per
1852 3770 2088 3850 patien-

436 3855 596 3916 tiam.
638 3880 663 3910 ιο
691 3853 839 3915 Tres
871 3854 967 3914 hic
994 3854 1236 3915 ordines
1266 3874 1472 3916 eorum
1497 3866 1637 3918 sunt
1670 3857 1772 3937 qui
1808 3878 1923 3919 non
1954 3877 2088 3921 ser—

432 3942 819 4007 vantur.Na1n
856 3942 916 4003 hi
947 3943 1045 4023 qui
1079 3961 1253 4004 secus
1285 3950 1460 4021 viam,
1516 3948 1861 4026 neutiquam
1892 3948 2088 4009 susci-

434 4035 601 4113 piunt
649 4050 988 4092 sermonem
1028 4053 1043 4108 ;
1107 4032 1263 4093 sicut
1310 4035 1465 4095 enim
1510 4037 1602 4096 via
1657 4039 2003 4100 conculcata
2035 4048 2092 4099 et

441 4124 771 4203 constipata
803 4141 1007 4183 semen
1037 4141 1152 4182 non
1185 4123 1453 4205 suscipit,
1490 4146 1561 4186 eo
1611 4128 1765 4207 quod
1800 4128 1948 4189 dura
1987 4128 2087 4197 sit,

437 4214 514 4273 ita
546 4221 603 4273 et
641 4210 919 4272 obdurati
963 4210 1142 4271 corde
1194 4230 1533 4274 sermonem
1585 4235 1701 4276 non
1762 4218 2093 4295 suscipiunt

437 4303 612 4362 etiam
640 4299 947 4361 audientes
976 4320 989 4359 :
1029 4319 1144 4361 non
1177 4303 1490 4363 attendunt
1533 4305 1717 4369 enim.
1752 4310 1820 4365 At
1850 4307 1950 4387 qui
1986 4325 2092 4387 per

435 4400 663 4471 petram
699 4390 1134 4469 intelliguntur,
1164 4391 1504 4471 suscipiunt
1541 4395 1808 4475 quidem,
1832 4396 1935 4457 sed
1972 4415 2091 4475 prae

434 4479 776 4543 inﬁrmitate
826 4480 1085 4540 humana
1133 4480 1194 4540 in
1249 4482 1675 4545 tentationibus
1696 4493 2089 4546 marcescunt.

430 4569 617 4632 Tertii
649 4578 786 4630 sunt
814 4569 911 4648 qui
942 4587 1075 4629 cum
1103 4568 1454 4632 audiverunt
1476 4576 2094 4654 etsusceperunl,prae

430 4658 590 4721 curis
616 4658 756 4721 vitae
806 4657 984 4735 hujus
1033 4657 1421 4722 suﬂ'ocantur.
1474 4659 1659 4740 Igitur
1690 4670 1810 4723 tres
1846 4663 2088 4743 quidem

432 4756 627 4830 partes
657 4765 865 4807 eorum
899 4753 1036 4806 sunt
1065 4746 1166 4826 qui
1200 4757 1478 4825 pereunt,
1513 4769 1629 4812 una
1659 4760 1852 4814 autem
1881 4771 2087 4813 eorum

430 4838 530 4918 qui
564 4836 885 4899 saIVeuntur.
922 4837 1008 4896 lta
1040 4836 1207 4915 pauci
1238 4838 1481 4916 quidem
1522 4849 1659 4901 sunt
1710 4842 1811 4921 qui
1841 4860 2087 4903 servan-

431 4935 548 5006 tur,
576 4926 777 5006 plures
811 4936 1008 4986 autem
1034 4924 1133 5004 qui
1181 4936 1455 5004 pereunt.
1491 4928 1640 4991 Vide
1671 4931 1809 4992 item
1844 4951 1979 4992 cum
2014 4931 2089 4993 de

430 5017 524 5078 his
555 5015 654 5094 qui
677 5015 1062 5083 suiﬂ‘ocantur,
1111 5014 1396 5096 loquitur,
1439 5024 1737 5098 quomodo
1772 5040 1888 5081 non
1922 5021 2082 5093 dicit,

429 5104 586 5184 quod
622 5121 743 5183 prie
773 5101 994 5162 divitiis
1026 5102 1420 5179 sull‘ocentur,
1453 5108 1556 5167 sed
1584 5128 1706 5187 prie
1740 5114 1898 5170 curis
1930 5108 2085 5170 divi-

434 5194 646 5254 tiurum
666 5200 724 5251 et
744 5190 1406 5256 sollicitudinibus.Non
1429 5196 1587 5257 enim
1602 5197 1821 5260 divitia)
1843 5208 2079 5272 nocent,

432 5282 535 5345 sed
559 5280 996 5343 sollicitudines
1024 5299 1250 5344 earum.
1288 5285 1455 5347 Multi
1480 5288 1638 5347 enim
1673 5307 1884 5367 magna
1912 5308 2083 5350 com-

437 5370 610 5430 moda
641 5388 709 5430 ex
743 5369 963 5431 divitiis
988 5369 1488 5453 percipiunt,illas
1519 5375 1578 5435 in
1600 5395 1924 5458 pauperum
1954 5396 2085 5438 ven-

436 5465 555 5519 tres
579 5458 981 5537 projicientes.
1014 5460 1337 5525 Considera
1366 5483 1603 5546 quoque
1633 5475 1691 5528 et
1716 5467 2083 5547 diligentiam

510 5614 566 5661 39
594 5611 797 5677 Matth.
831 5633 932 5695 vn,
968 5619 1028 5681 8.

2185 2430 2381 2509 γνῶναι
2439 2429 2504 2484 τά
2560 2430 2825 2505 μυστήρια
2909 2429 3407 2509 καταφρονήσαντες
3466 2429 3660 2509 αὐτῶν,
3707 2430 3836 2487 τού-

2174 2509 2234 2578 Ὀ
2292 2519 2395 2597 γὰρ
2445 2518 2625 2597 γνοὺς,
2684 2518 2811 2573 εἶτα
2863 2519 3296 2597 καταφρονήσας,
3355 2518 3647 2598 βαρυτέρας
3691 2517 3832 2585 ἄξιος

2260 2716 2288 2755 (
2333 2694 2508 2753 ’Ἔστι
2544 2693 2598 2750 δὲ
2655 2694 2788 2762 αὕτη
2842 2696 2876 2763 ἡ
2934 2693 3241 2772 παραϐολὴ,
3278 2686 3335 2752 Ὀ
3369 2694 3564 2771 σπόρος
3619 2694 3760 2752 ἐστὶν
3804 2699 3834 2752 6

2173 2786 2332 2864 λόγος
2363 2792 2456 2841 τοῦ
2514 2792 2669 2846 Θεο).
2716 2787 2776 2842 Ol
2819 2782 2874 2839 δὲ
2921 2786 3065 2863 παρά
3109 2787 3209 2851 τὴν
3240 2781 3385 2855 ὁδὸν,
3432 2784 3554 2838 εἰσὶν
3591 2786 3638 2841 οἱ
3668 2784 3838 2842 ἀκού·-

2176 2898 2347 2948 οντες,
2410 2873 2535 2931 εἶτα
2594 2873 2809 2953 ἔρχεται
2867 2875 2894 2930 6
2956 2871 3205 2936 διάϐολος
3248 2874 3337 2929 καὶ
3380 2871 3521 2949 αἴρει
3551 2874 3641 2930 τὸν
3673 2871 3835 2951 λόγον

2176 2966 2281 3021 ἀπὸ
2334 2969 2433 3030 τῆς
2484 2960 2695 3043 καρδίας
2754 2965 2950 3039 αὐτῶν,
3011 2963 3105 3019 ’ίνα
3163 2964 3242 3038 μὴ
3300 2962 3672 3026 πιστεύσαντες
3732 2985 3839 3020 σω-

2173 3057 2356 3115 θῶσιν.
2411 3054 2471 3110 Οἱ
2523 3049 2578 3107 δὲ
2636 3052 2721 3108 ἐπὶ
2777 3056 2876 3121 τῆς
2948 3051 3168 3131 πέτρας,
3244 3064 3301 3108 οῖ
3374 3052 3500 3107 ὃταν
3542 3050 3832 3126 ἀκούσωσι,

2175 3146 2311 3221 μετά
2367 3149 2538 3223 χαρᾶς
2583 3140 2834 3222 δέχονται
2886 3143 2978 3197 τὸν
3021 3140 3207 3220 λόγον,
3258 3143 3346 3197 καὶ
3380 3141 3523 3197 οὗτοι
3555 3140 3697 3219 ῥίζαν
3743 3142 3837 3198 οὒκ

2176 3233 2416 3313 ἔχουσιν,
2482 3234 2537 3288 οἳ
2597 3234 2729 3309 πρὸς
2790 3234 2973 3310 καιρὸν
3032 3231 3363 3309 πιστεύουσι,
3422 3231 3511 3286 καὶ
3569 3230 3624 3285 ἐν
3666 3236 3836 3309 καιρῷ

2170 3332 2465 3399 πειρασμοῦ
2509 3320 2841 3400 ἀφίστανται,
2898 3322 2969 3379 T6
3026 3319 3081 3376 δὲ
3130 3320 3202 3382 εἷς
3235 3320 3329 3380 τάς
3359 3318 3587 3385 ἀκάνθας
3644 3321 3831 3394 πεσὸν,

2172 3413 2313 3469 οὗτοί
2371 3413 2500 3466 εἶσιν
2558 3412 2605 3467 οἱ
2676 3410 3020 3483 ἀκούσαντες,
3092 3409 3180 3464 καὶ
3254 3409 3355 3464 ὑπὸ
3418 3413 3692 3485 μεριμνῶν
3746 3408 3835 3464 καὶ

2172 3501 2402 3559 πλούτου
2459 3502 2547 3556 καὶ
2610 3499 2813 3568 ἡδονῶν
2873 3502 2966 3555 τοῦ
3034 3500 3153 3575 βίου
3206 3497 3553 3577 πορευόμενοι
3598 3498 3833 3571 συμπνί-

2172 3612 2379 3670 γονται,
2428 3591 2517 3646 καὶ
2575 3589 2633 3645 06
2674 3596 3071 3668 τελεσφοροῦσι.
3134 3589 3204 3646 Τὸ
3247 3585 3303 3643 δὲ
3354 3586 3409 3643 ἐν
3441 3592 3509 3663 τῇ
3539 3584 3679 3662 καλῇ
3734 3591 3829 3664 γῇ,

2172 3684 2313 3737 οὗτοι
2373 3681 2501 3735 εἰσιν
2579 3678 2777 3740 οἵτινες
2859 3677 2915 3732 ἐν
2995 3674 3181 3755 καρδίᾳ
3263 3674 3403 3753 καλῇ
3462 3676 3550 3732 καὶ
3634 3674 3827 3752 ἀγαθῇ,

2172 3771 2494 3831 ἀκούσαντες
2551 3769 2642 3823 τὸν
2692 3766 2877 3845 λόγον,
2924 3766 3217 3846 κατέχουσι
3266 3766 3356 3821 καὶ
3411 3786 3834 3843 καρποφοροῦσιν

2175 3860 2232 3915 ἐν
2288 3861 2559 3934 ὑπομονῇ.
2613 3880 2637 3915 ο
2703 3866 2861 3927 Τρεῖς
2890 3855 3060 3921 τάξεις
3102 3856 3203 3911 εἶσὶ
3250 3860 3357 3911 τῶν
3395 3854 3473 3929 μὴ
3516 3852 3833 3928 σωζομένων

2174 3949 2415 4009 ἐνταῦθα,
2473 3949 2533 4003 Οἱ
2590 3945 2687 4015 μὲν
2745 3946 2845 4021 γὰρ
2889 3944 3032 4020 παρά
3074 3943 3174 4010 τὴν
3218 3941 3357 4016 ὁδὸν,
3421 3945 3467 3999 οἱ
3518 3939 3647 4017 μηδ’
3692 3938 3832 4004 ὅλως

2177 4036 2596 4117 παραδεξάμενοι
2641 4036 2732 4089 τὸν
2777 4033 2960 4111 λόγον.
2993 4032 3202 4112 ’Ὥσπερ
3259 4033 3359 4111 γάρ
3403 4033 3438 4100 ἡ
3468 4029 3612 4102 ὁδὸς,
3661 4051 3833 4086 κατα-

2175 4123 2533 4200 πεπατημένη
2618 4123 2705 4177 καὶ
2787 4120 3240 4196 συμπεπιλημένη
3326 4122 3385 4177 06
3468 4119 3686 4200 δέχεται
3742 4121 3834 4175 τὸν

2175 4235 2394 4293 σπόρον,
2443 4216 2516 4274 ὡς
2562 4209 2769 4289 σκληρά
2813 4219 2963 4284 οὖσα,
3024 4209 3164 4266 οῧτω
3212 4210 3300 4266 καὶ
3346 4211 3391 4265 οἱ
3425 4206 3832 4288 σκληροκάρδιοι

2174 4302 2279 4361 οὔδ’
2314 4302 2452 4365 ὅλως
2510 4297 2904 4379 παραδέχονται
2955 4301 3047 4355 τὸν
3106 4297 3290 4377 λόγον,
3322 4296 3421 4354 κᾶν
3464 4298 3720 4371 ἀκούωσι,
3755 4298 3834 4372 μὴ

2176 4393 2555 4472 προσέχοντες.
2619 4392 2677 4447 Οἱ
2729 4389 2783 4444 δὲ
2842 4390 2982 4468 παρὰ
3030 4390 3127 4457 τὴν
3181 4387 3402 4465 πέτραν,
3462 4390 3508 4443 οἱ
3560 4385 3832 4462 δεξάμενοι

2175 4484 2298 4559 μὲν,
2332 4482 2457 4537 εἶτα
2487 4479 2587 4535 61:6
2645 4478 2909 4543 ἀσθενείας
2962 4478 3292 4556 ἀνθρωπίνης
3337 4492 3458 4542 τοτς
3509 4490 3833 4555 πειρασμοῖς

2175 4567 2720 4647 ὑπομαλακισθέντες.
2808 4569 2982 4646 Τρίτοι
3064 4566 3142 4640 61:,
3219 4568 3266 4623 οἱ
3325 4567 3673 4641 ἀκούσαντες,
3744 4566 3834 4621 καὶ

2178 4663 2277 4717 61:6
2337 4664 2605 4737 μεριμνῶν
2662 4659 2755 4714 τοῦ
2828 4658 2942 4733 βίου
3014 4656 3457 4734 συμπνιγόμενοι.
3522 4665 3679 4732 Τρεῖς
3736 4653 3835 4729 μὲν

2174 4760 2261 4809 οῦν
2319 4746 2523 4828 μερίδες
2568 4746 2667 4802 εἰσὶ
2748 4752 2855 4801 τῶν
2913 4744 3318 4820 ἀπολλυμένων,
3380 4747 3475 4820 μία
3518 4742 3574 4800 δὲ
3632 4745 3666 4811 ἡ
3726 4749 3833 4799 τῶν

2174 4837 2491 4913 σωζομένων
2521 4852 2535 4867 ⁸
2602 4834 2765 4897 οὕτως
2829 4833 3002 4912 ὀλίγοι
3060 4835 3158 4909 μέν
3209 4836 3339 4890 εἰσιν
3399 4837 3445 4890 οἱ
3505 4832 3828 4907 σωζόμενοι,

2173 4929 2385 4991 πλείους
2431 4925 2484 4982 δὲ
2528 4929 2574 4981 οἱ
2618 4922 3004 4999 ἀπολλύμενοι.
3060 4914 3209 5001 “Op:
3257 4920 3312 4977 δὲ
3344 4922 3567 4978 ἐπὶτῶν
3593 4943 3829 4996 συμπνισ-

2171 5020 2435 5099 γομένων,
2496 5021 2609 5079 πῶς
2676 5018 2773 5073 οὐκ
2818 5017 2971 5069 εἶπεν
3024 5014 3106 5069 ὅτι
3162 5014 3263 5069 61:6
3310 5018 3401 5068 τοῦ
3429 5009 3659 5067 πλούτου
3688 5032 3830 5085 συμ-

2169 5111 2466 5185 πνίγονται,
2532 5102 2651 5161 ἀλλ’
2695 5105 2799 5159 61:6
2856 5108 2961 5158 τῶν
3018 5108 3290 5181 μεριμνῶν
3348 5110 3442 5160 τοῦ
3472 5098 3722 5161 πλούτου.
3760 5100 3833 5157 06

2168 5200 2267 5277 γαρ
2322 5199 2349 5252 6
2407 5194 2635 5257 πλοῦτος
2707 5190 2961 5267 βλάπτει,
3026 5190 3146 5247 ἀλλ’
3197 5192 3249 5247 αἱ
3310 5189 3559 5269 μέριμναι
3618 5189 3827 5251 τούτου.

2169 5286 2316 5345 Ἐπεὶ
2360 5283 2551 5341 πολλοὶ
2610 5283 2708 5337 61:6
2760 5288 2849 5338 τοῦ
2880 5279 3110 5340 πλούτου
3160 5278 3545 5360 ὠφελήθησαν,
3577 5278 3829 5355 ῥίψαντες

2169 5379 2323 5434 αὐτὸν
2368 5376 2439 5441 εἷς
2496 5373 2589 5435 τὰς
2649 5376 2755 5427 τῶν
2786 5371 3032 5439 πενήτων
3066 5370 3353 5449 γαστέρας.
3390 5367 3590 5425 Σκόπει
3622 5367 3676 5424 δέ
3733 5388 3827 5443 μοι

2169 5470 2255 5524 καὶ
2309 5466 2405 5533 τὴν
2466 5460 2732 5541 ἀκρίϐειαν
2776 5482 2868 5517 του
2922 5458 3324 5540 εὐαγγελιστοῦ,
3397 5462 3511 5522 πῶς
3557 5456 3659 5539 ἔφη
3705 5457 3831 5536 περὶ
