4202 6412
507 354 626 437 803

1480 356 2077 433 THEOPHYLACTI
2121 364 2531 429 BULGARI/E
2576 358 2935 426 ARCHIEP.

3776 358 3894 423 804

507 503 697 580 gnatis
728 504 879 582 ejus,
908 503 1034 581 ipse
1087 500 1514 565 fraternitatem
1567 520 1685 561 non
1742 499 1800 559 in
1836 518 2012 579 parvo
2041 522 2148 562 nu-

2243 500 2393 557 ἰἰπεὶ
2443 500 2543 579 γὰρ
2597 503 2753 555 εἷπον
2839 501 2983 573 αὐτῴ
3056 518 3197 562 τινες
3260 498 3379 573 περὶ
3436 500 3541 553 τῶν
3625 500 3896 575 συγγενῶν

511 611 675 653 mero
705 591 946 664 claudit,
984 609 1175 670 neque
1209 590 1343 653 filiis
1373 588 1597 670 Joseph
1648 591 1805 650 hunc
1867 591 2155 653 honorem

506 680 629 754 dat,
659 690 720 740 ut
750 679 859 739 soli
880 680 996 739 sint
1028 679 1236 740 fratres
1264 699 1277 739 :
1313 680 1415 740 sed
1444 680 1582 759 quia
1605 678 1763 739 venit
1786 687 1965 740 totum
1992 700 2160 742 mun-

505 768 645 829 dum
682 786 946 843 servare,
970 777 1026 828 et
1059 788 1267 829 omnes
1301 769 1515 830 fratres
1544 768 1942 837 facere,dicit:
1971 774 2161 832 Mater

506 875 638 918 mea
660 866 719 920 et
750 858 957 918 fratres
990 857 1108 918 mei
1151 857 1206 916 hi
1240 866 1377 918 sunt
1405 858 1500 938 qui
1535 875 1873 918 sermonem
1909 858 2014 919 Dei
2048 879 2159 919 au-

503 946 934 1009 diunt.Deinde
964 947 1103 1027 quia
1124 947 1283 1008 nuda
1315 956 1372 1009 et
1404 948 1530 1007 sola
1544 945 1769 1007 auditio
1796 946 2020 1008 nullum
2046 966 2163 1009 ser-

504 1044 617 1109 vat,
644 1036 746 1097 sed
775 1036 959 1115 magis
990 1036 1373 1110 condemnat,
1400 1036 1544 1097 dicit
1579 1058 1590 1093 :
1627 1044 1685 1097 et
1716 1035 1933 1097 faciunt
1964 1037 2157 1100 illum.

503 1122 751 1204 Oportet
779 1125 956 1203 igitur
985 1126 1216 1205 audire,
1254 1135 1311 1187 et
1344 1126 1559 1188 facere.
1598 1124 1775 1186 Porro
1820 1144 2157 1189 sermonem

505 1216 610 1276 Dei
644 1235 807 1275 suam
838 1216 1168 1276 doctrinam
1201 1223 1393 1276 vocat.
1427 1216 1809 1295 Quaecunque
1839 1217 1999 1277 enim
2031 1217 2159 1296 ipse

504 1304 765 1385 dicebat,
800 1306 991 1367 Patris
1017 1304 1110 1365 sui
1142 1314 1329 1380 erant,
1356 1305 1448 1365 cui
1481 1324 1596 1365 non
1629 1306 1738 1365 fuit
1759 1305 2155 1386 adversarius,

504 1404 567 1454 ut
595 1394 750 1454 dicat
778 1413 907 1474 quae
938 1393 1041 1455 Dei
1073 1414 1191 1455 non
1214 1398 1453 1456 sunt.At
1478 1394 1745 1475 plerique
1778 1394 1973 1456 locum
1998 1397 2156 1458 hunc

505 1483 590 1544 sic
620 1483 972 1561 intelligunt.
1011 1483 1169 1563 quod
1218 1485 1455 1563 quidam
1519 1482 1815 1545 irriserint
1851 1484 2155 1546 Christum

503 1570 839 1645 docentem,
890 1580 945 1633 et
966 1572 1040 1635 ob
1073 1572 1405 1633 doctrinam
1438 1591 1604 1634 suam
1640 1573 1853 1634 factum
1888 1574 2154 1635 admira-

504 1660 709 1733 bilem,
748 1671 807 1721 ut
843 1680 948 1741 per
978 1662 1254 1722 invidiam
1289 1662 1545 1723 dixerint
1577 1682 1591 1722 :
1629 1664 1786 1724 Ecce
1839 1676 2028 1724 mater
2059 1672 2155 1724 tua

504 1758 561 1810 et
590 1750 800 1810 fratres
826 1751 910 1812 tui
943 1758 1078 1810 sunt
1109 1751 1272 1823 foris,
1303 1751 1613 1831 cupientes
1656 1759 1712 1813 te
1753 1752 1978 1825 videre,
2013 1753 2153 1833 quia

504 1848 692 1900 mater
721 1838 909 1918 ipsius
967 1838 1273 1901 videbatur
1304 1840 1433 1900 vilis
1482 1859 1636 1920 esse,
1673 1850 1729 1902 et
1763 1841 1975 1903 fratres
2025 1843 2154 1922 ejus

2246 589 2425 667 αῦτοῦ,
2479 590 2633 650 αὐτὸς
2679 587 2739 642 οῦ
2792 585 3079 667 περιγλείει
3139 584 3194 640 ἐν
3256 583 3455 663 ὀλίγοις
3514 587 3610 652 τὴν
3670 582 3903 665 ἀδελφό-

2243 701 2405 758 τητα,
2458 675 2574 735 οῦδὲ
2616 678 2737 742 τοὺς
2781 699 2873 733 του
2930 677 3131 756 Ἰωσὴφ
3202 672 3401 738 παῖδας
3456 671 3701 739 καταξιοῖ
3742 672 3907 729 ἀδελ-

2244 769 2372 849 φοὺς
2428 767 2619 843 μόνους
2677 766 2858 845 ἔχειν,
2916 764 3040 822 ἀλλ’
3108 766 3223 821 ἐπεὶ
3275 765 3364 820 τὸν
3421 763 3625 839 κόσμον
3695 762 3907 820 ἅπαντα

2249 856 2396 930 ἦλθε,
2459 863 2651 936 σῶσαι,
2752 858 2841 912 καὶ
2911 856 3114 920 πάντας
3217 851 3471 933 ἀδελφοὺς
3550 854 3897 926 ποιήσασθαι,

2246 947 2376 1025 φησί
2407 960 2421 975 ⁸
2482 946 2674 1022 Μήτηρ
2706 966 2807 1020 μου
2859 944 2947 1000 καὶ
3002 940 3218 1022 ἀδελφοί
3247 962 3351 1017 μου
3380 942 3509 997 εἰσιν
3540 941 3588 996 οἱ
3618 942 3709 996 τὸν
3738 937 3901 1017 λόγον

2244 1042 2335 1090 τοῦ
2391 1040 2521 1091 Θεοῦ
2570 1033 2873 1096 ἀκούοντες.
2922 1036 3056 1090 Εἶτα
3126 1029 3310 1098 ἐπειδὴ
3368 1030 3430 1085 τὸ
3472 1029 3684 1086 ἀκούειν
3738 1026 3899 1104 ψιλὸν

2244 1122 2427 1180 οῦδένα
2485 1123 2665 1197 σώζει,
2729 1124 2772 1177 εἰ
2830 1123 2909 1198 μὴ
2961 1119 3167 1198 μᾶλλον
3215 1121 3305 1177 καὶ
3358 1139 3681 1198 κατακρινει,
3740 1118 3894 1197 φησὶ,

2242 1214 2330 1269 καὶ
2373 1220 2672 1275 ποιοῦντες.
2721 1212 2821 1268 Δεῖ
2875 1213 2976 1290 γὰρ
3027 1212 3163 1287 μετά
3191 1217 3281 1265 τοῦ
3308 1209 3539 1284 ἀκούειν,
3574 1210 3662 1264 καὶ
3690 1221 3895 1270 ποιεῖν,

2244 1303 2414 1379 Λόγον
2474 1300 2528 1357 δὲ
2589 1308 2719 1357 Θεοῦ
2760 1302 2859 1369 τὴν
2933 1302 3127 1357 οἰκείαν
3175 1297 3516 1355 διδασκαλίαν
3572 1297 3739 1375 λέγει’
3798 1296 3899 1353 ὅσα

2242 1392 2341 1469 γὰρ
2372 1392 2526 1453 αὐτὸς
2561 1389 2737 1470 ἔλεγε,
2796 1398 2886 1447 τοῦ
2944 1391 3150 1469 Πατρὸς
3196 1390 3355 1447 αὐτοῦ
3382 1393 3542 1454 ἦσαν.
3579 1390 3652 1445 Οὒ
3681 1387 3781 1465 γὰρ
3831 1384 3899 1452 ἧν

2241 1480 2474 1542 ἀντίθεος
2531 1479 2670 1535 ὥστε
2701 1478 2735 1535 ἃ
2777 1478 2923 1558 λέγει
2967 1478 3046 1554 μὴ
3090 1479 3233 1534 εἶναι
3289 1477 3382 1534 τοῦ
3437 1484 3588 1534 Θεοῦ.
3638 1476 3783 1539 Τὶνὲς
3842 1471 3896 1529 δὲ

2240 1571 2301 1624 τὸ
2359 1568 2559 1647 χωρίον
2600 1576 2755 1625 τοῦτο
2786 1567 2929 1623 αὕτω
2955 1574 3188 1646 νοοῦσιν,
3249 1565 3330 1624 ὅτι
3373 1573 3464 1623 τοῦ
3530 1566 3758 1643 Χριστοῦ
3809 1561 3896 1619 διο

2240 1656 2528 1722 δάσκοντος
2572 1659 2662 1713 καί
2720 1655 3119 1733 εὐδοκιμοῦντος
3178 1655 3263 1712 ἐπὶ
3318 1662 3388 1733 τῇ
3441 1652 3773 1727 διδασκαλίᾳ,
3804 1675 3894 1709 τι-

2236 1747 2323 1809 νὲς
2371 1748 2729 1826 φθονήσαντες
2804 1748 2893 1803 καὶ
2968 1746 3147 1824 ὥσπερ
3216 1744 3625 1823 μυκτηρίζοντες
3711 1744 3891 1817 αὐτὸν,

2237 1837 2397 1891 εἷπον
2431 1851 2444 1865 ⁸
2502 1834 2636 1893 Ἰδοὺ
2666 1837 2701 1903 ἡ
2733 1837 2915 1914 μήτηρ
2959 1856 3077 1909 σου,
3112 1835 3202 1891 καὶ
3243 1836 3291 1891 ol
3346 1831 3560 1913 ἀδελφοί
3601 1854 3694 1888 σου
3725 1832 3893 1901 ἑστή-

502 1928 764 2007 obscuri,
791 1937 992 2009 utpote
1020 1929 1168 1989 fabri
1202 1927 1328 2004 filii,
1366 1940 1426 1991 et
1460 1929 1682 1991 idcirco
1710 1934 1875 2011 quasi
1912 1920 2148 2010 ignobi-

2235 1948 2388 1982 κασιν
2438 1924 2559 2001 ἔξω,
2607 1924 2740 1981 ἰδεῖν
2774 1946 2831 1981 σε
2864 1924 3134 1988 θέλοντες.
3169 1924 3319 1980 Ἐπεὶ
3350 1924 3450 2002 γὰρ
3482 1923 3533 2011 ,ἡ
3566 1923 3747 2001 μήτηρ
3789 1920 3892 1976 αὒ-

500 2018 592 2085 lis,
630 2027 873 2077 matrem
913 2018 1042 2097 ejus
1073 2027 1129 2078 et
1158 2018 1368 2079 fratres
1422 2016 1728 2079 irridendo
1761 2017 2142 2097 objiciebant.

500 2106 763 2169 Proinde
797 2106 993 2167 sciens
1024 2107 1413 2183 cogitationes
1444 2126 1676 2181 eorum,
1712 2106 1865 2167 Nihil
1887 2107 2151 2187 mihi,in-

498 2196 644 2277 quit.
703 2205 874 2257 nocet
926 2196 1205 2275 ignobilis
1255 2196 1526 2274 cognatio
1588 2199 1708 2258 lmo
1751 2197 1985 2257 etiamsi
2017 2196 2151 2277 quis

499 2285 771 2365 ignobilis
800 2286 997 2366 fuerit,
1030 2285 1081 2347 si
1114 2295 1306 2347 tamen
1337 2286 1596 2347 audierit
1643 2303 1979 2347 sermonem
2014 2286 2142 2357 Dei,

499 2375 689 2456 ipsum
729 2392 922 2435 meum
955 2383 1269 2453 cognatum
1294 2375 1471 2437 facio.

577 2724 760 2786 Vans.
796 2722 1015 2785 92-25.
1056 2746 1078 2779 ιι
1110 2725 1348 2785 Factum
1384 2733 1471 2785 est
1508 2732 1705 2784 autem
1739 2727 1994 2803 quodam
2028 2723 2147 2804 die,

496 2823 556 2876 et
586 2814 712 2893 ipse
745 2814 1012 2873 ascendit
1040 2813 1099 2873 in
1137 2816 1357 2885 navim,
1393 2822 1451 2873 et
1480 2812 1759 2894 discipuli
1793 2814 1944 2892 ejus,
1980 2822 2037 2875 et
2071 2814 2151 2874 ait

494 2904 565 2964 ad
592 2902 753 2975 illos,
780 2900 1173 2980 Trajiciamus
1216 2903 1274 2962 iu
1322 2903 1668 2963 ulteriorem
1702 2902 1889 2981 ripam
1931 2903 2141 2981 stagni,

495 3010 564 3052 ac
604 2990 924 3051 solverunt.
982 2990 1270 3053 Caeterum
1306 2991 1716 3070 navigantibus
1747 2991 1889 3065 illis,
1920 2992 2144 3053 obdor-

497 3080 680 3144 mivit.
713 3079 782 3140 Et
838 3079 1065 3161 ingruit
1123 3080 1384 3160 procella
1440 3081 1597 3141 venti
1646 3081 1703 3140 in
1757 3086 2056 3160 stagnum,
2092 3090 2149 3142 et

495 3169 952 3248 complebantur
972 3188 1042 3231 ac
1077 3169 1589 3249 periclitabantur.
1632 3170 2009 3232 Accedentes
2044 3187 2148 3232 au-

498 3265 616 3319 tem
644 3261 1076 3319 suscitaverunt
1105 3277 1239 3319 eum
1260 3257 1525 3322 dicentes
1556 3279 1570 3319 :
1604 3261 1967 3339 Przeceptor,
1998 3278 2151 3341 prae-

497 3355 726 3427 ceptor,
762 3348 1127 3427 perimus.At
1174 3348 1272 3410 ille
1299 3349 1587 3412 excitatus
1645 3350 1968 3431 increpavit
2004 3368 2145 3412 ven-

2232 2026 2325 2074 τοῦ
2394 2013 2564 2071 ἐδόκει
2646 2013 2862 2081 εὐτελής
2939 2015 3107 2089 εἶναι,
3186 2015 3275 2069 καὶ
3333 2015 3381 2069 οἱ
3439 2010 3652 2092 ἀδελφὶ
3735 2013 3894 2069 αὐτοῦ

2233 2105 2455 2183 ἀφανεῖς
2504 2126 2673 2184 τινες,
2717 2106 2791 2167 ὡς
2847 2102 3095 2166 τέκτονος
3139 2104 3262 2183 υἱοὶ,
3306 2102 3492 2158 τούτου
3540 2100 3718 2156 ’ίνεκεν
3767 2096 3893 2155 δια-

2234 2194 2476 2272 σύροντες
2520 2195 2679 2252 αὐτὸν
2734 2195 2809 2258 ὡς
2862 2191 3110 2271 δυσγενῆ,
3171 2192 3272 2258 την
3330 2190 3537 2267 μητέρα
3593 2191 3751 2246 αὐτοῦ
3802 2195 3894 2249 καὶ

2232 2284 2354 2345 τοὺς
2405 2280 2658 2363 ἀδελφοὺς
2744 2282 2888 2356 αῦτῷ
2947 2280 3260 2360 προέφερον,
3324 2272 3382 2337 Ὀ
3444 2276 3522 2353 δὲ,
3584 2278 3739 2355 γνοὺς
3794 2275 3894 2342 τὴν

2234 2369 2469 2432 διάνοιαν
2526 2372 2722 2446 αὐτῶν,
2781 2374 2962 2444 εἶπεν,
3022 2368 3130 2447 ὅτι,
3190 2367 3349 2427 Οὐδὲν
3404 2388 3470 2444 με
3519 2364 3743 2444 βλάπτει
3799 2367 3885 2423 εῦ-

2232 2458 2409 2517 τέλεια
2456 2460 2766 2539 συγγενικὴ,
2819 2458 2957 2515 ἀλλά
3001 2457 3207 2534 μᾶλλον
3268 2456 3367 2513 κᾶν
3398 2454 3618 2523 εὐτελὴς
3650 2452 3744 2521 εἴη
3784 2475 3892 2527 τις,

2232 2550 2400 2625 ἀκούῃ
2453 2547 2507 2604 δὲ
2562 2550 2656 2605 τὸν
2706 2547 2867 2629 λόγον
2924 2554 3017 2604 τοῦ
3063 2555 3217 2624 Θεοῦ,
3272 2546 3502 2626 συγγενῆ
3534 2546 3691 2602 αὑτὸν
3746 2548 3893 2599 ποιῶ

2231 2637 2361 2714 ἐμόν
2372 2687 2384 2699 ,
3206 2650 3209 2653 ⁷

2321 2751 2347 2783 ι
2384 2729 2481 2786 Καὶ
2540 2727 2751 2807 ἐγένετο
2826 2729 2878 2785 ἐν
2946 2734 3043 2804 μιᾶ
3100 2733 3207 2785 τῶν
3281 2728 3518 2803 ἡμερῶν,
3586 2724 3672 2779 καὶ
3728 2724 3887 2785 αὐτὸς

2234 2814 2389 2885 ἐνέϐη
2446 2820 2518 2884 είς
2576 2817 2793 2893 πλοῖον,
2855 2820 2943 2875 καὶ
3007 2820 3053 2875 οἱ
3112 2818 3345 2894 μαθηταὶ
3389 2819 3572 2891 αὐτοῦ,
3624 2814 3709 2869 καὶ
3756 2813 3881 2869 εἷπε

2230 2910 2364 2986 πρὸς
2422 2906 2635 2971 αὐτούς.
2686 2906 2988 2983 Διέλθωμεν
3026 2908 3098 2971 εἷς
3156 2908 3216 2963 τὸ
3277 2904 3442 2984 πέραν
3507 2905 3604 2970 τῆς
3661 2899 3881 2976 λίμνης,

2230 2998 2317 3052 καὶ
2367 2997 2707 3077 ἀνήχθησαν.
2768 2995 3043 3053 Πλεόντων
3091 2994 3145 3052 δὲ
3206 2999 3399 3072 αὐτῶν,
3432 2993 3738 3073 ἀφύπνωσε,
3797 2992 3887 3047 καὶ

2230 3085 2429 3153 κατέϐη
2460 3086 2660 3162 λαίλαψ
2718 3086 2914 3162 ἀνέμου
2975 3088 3049 3149 εἰς
3098 3086 3195 3154 τὴν
3237 3086 3454 3160 λίμνην,
3495 3084 3583 3139 καὶ
3613 3078 3886 3148 συνεπλη-

2235 3184 2419 3253 ροῦντο
2472 3177 2563 3231 καὶ
2620 3174 2969 3238 ἐκινδύνευον.
3038 3173 3424 3255 Προσελθόντες
3491 3170 3547 3227 δὲ
3616 3169 3889 3250 διήγειραν

2236 3266 2415 3345 αὐτὸν,
2502 3264 2749 3344 λέγοντες
2786 3282 2800 3297 ⁸
2885 3264 3201 3338 Ἐπιστάτα,
3291 3262 3571 3336 ἐπιστάτα,
3646 3257 3889 3317 ἀπολλύ-

2238 3358 2394 3431 μεθα.
2455 3345 2513 3413 Ὀ
2557 3353 2611 3410 δὲ
2656 3355 2884 3434 ἐγερθεὶς
2950 3354 3243 3429 ἐπετίμησε
3312 3358 3389 3427 τῷ
3441 3350 3623 3427 ἀνέμῳ
3674 3351 3763 3406 καὶ
3813 3353 3891 3421 τῷ

492 3447 615 3499 tum
650 3458 716 3499 ac
752 3447 1159 3518 tempestatem
1213 3460 1401 3522 aquae,
1438 3451 1497 3503 et
1553 3442 1825 3516 cessavit,
1886 3442 2148 3522 factaque

2236 3442 2457 3501 κλύδωνι
2511 3450 2604 3500 τοῦ
2661 3442 2872 3521 ὕδατος,
2905 3444 3000 3500 καί
3031 3443 3319 3522 ἐπαύσατο,
3370 3442 3460 3497 καὶ
3513 3439 3722 3518 ἐγένετο
3777 3459 3884 3517 γα·-

492 3538 582 3589 est
615 3528 1029 3609 tranquillitas.
1071 3529 1227 3592 Dixit
1257 3541 1451 3591 autem
1504 3531 1621 3592 illis
1656 3550 1670 3593 :
1700 3529 1811 3593 Ubi
1869 3540 1957 3592 est
2002 3532 2146 3593 tides

494 3618 721 3680 vestra?
751 3618 1054 3681 Timentes
1084 3630 1280 3682 autem
1320 3621 1515 3681 mirati
1547 3629 1683 3681 sunt
1714 3622 1868 3683 inter
1921 3640 2009 3694 se,
2046 3621 2143 3681 di-

493 3716 732 3769 centes:
760 3707 900 3780 Quis
935 3718 1105 3788 putas
1136 3709 1232 3770 hic
1265 3718 1375 3783 est,
1433 3711 1569 3789 quia
1596 3709 1789 3770 ventis
1820 3728 2057 3791 quoque
2090 3719 2146 3772 et

495 3815 662 3877 aqua:
695 3796 1191 3876 imperat,et5‘27
1213 3797 1498 3859 obediunt
1519 3800 1604 3860 ei?
1640 3820 1664 3859 ι
1707 3803 2011 3861 Exercens
2031 3800 2149 3860 dis-

494 3885 722 3966 cipulos
745 3884 1049 3957 Dominus,
1084 3905 1411 3967 eorumque
1441 3888 1618 3949 fidem
1643 3889 1984 3950 examinans
2004 3908 2143 3950 num

494 3975 554 4034 in
590 3972 1012 4034 tentationibus
1068 3974 1193 4035 suis
1241 3976 1626 4056 imperterriti
1659 3977 1779 4037 sint
1813 3999 1825 4040 :
1863 3978 2142 4057 singulari

495 4062 747 4144 quadam
783 4062 1230 4144 dispensatione
1270 4066 1511 4147 dormit,
1546 4067 1861 4147 arguitque
1907 4068 2139 4129 illorum

492 4150 921 4213 infirmitatem.
957 4150 1085 4213 Non
1112 4155 1270 4215 enim
1307 4154 1625 4236 perfectam
1660 4156 1862 4231 fidem,
1893 4156 2143 4218 sedinli-

493 4240 733 4302 delitate
766 4241 997 4303 mistam
1043 4261 1163 4323 prae
1219 4261 1281 4307 se
1337 4244 1627 4309 ferebant.
1672 4246 1933 4310 Credunt
1981 4246 2141 4308 enim

492 4331 651 4411 quod
684 4330 909 4393 salvare
941 4334 1359 4412 possit,verum
1393 4343 1453 4395 ut
1485 4336 1891 4415 pusillanimes
1912 4336 2137 4412 dicunt,

492 4417 695 4494 Salva,
732 4419 1018 4501 perimus.
1056 4423 1114 4484 Si
1141 4423 1299 4484 enim
1339 4424 1656 4504 perfectam
1693 4425 2137 4487 habuissentfi-

492 4509 652 4585 dem,
706 4511 844 4571 satis
894 4511 1040 4593 certi
1086 4511 1333 4575 fuissent
1364 4514 1735 4594 impossibile
1778 4534 1912 4577 esse
1944 4515 2143 4595 perire

488 4597 948 4679 illos,prazsente
981 4620 1050 4661 eo
1084 4602 1181 4681 qui
1213 4603 1414 4663 omnia
1436 4603 1925 4667 valet.Excitatus
1948 4612 2141 4664 autem

2228 3532 2393 3603 λήνη,
2440 3534 2580 3590 Εἷπε
2638 3531 2692 3589 δὲ
2751 3536 2935 3597 αὐτεῖς
2964 3548 2978 3564 ⁸
3031 3531 3141 3588 Ποῦ
3198 3532 3341 3588 ἐστιν
3372 3532 3407 3598 ἡ
3450 3530 3624 3591 πίστις
3677 3529 3877 3607 ὑμῶν,

2228 3620 2558 3689 Φοϐηθέντες
2620 3620 2699 3701 δὲ,
2733 3621 3058 3699 ἐθαύμασαν,
3092 3620 3339 3699 λέγοντες
3369 3620 3499 3696 πρὸς
3556 3614 3824 3685 ἀλλήλους
3858 3630 3876 3646 ’

2230 3714 2318 3773 Τίς
2370 3712 2473 3791 ἄρα
2524 3711 2675 3775 οὗτός
2726 3712 2894 3787 ἐστιν,
2949 3711 3029 3768 ὅτι
3076 3714 3166 3767 ναὶ
3213 3724 3329 3773 τοῖς
3360 3709 3573 3784 ἀνέμοις
3605 3704 3880 3762 ἐπιτάσσει

2229 3803 2315 3858 καὶ
2367 3809 2445 3877 τῷ
2497 3800 2642 3858 ὕδατι
2714 3802 2802 3857 καὶ
2849 3800 3202 3857 ὑπακούουσιν
3261 3799 3455 3872 αὒτῷς
3511 3818 3535 3856 ι
3597 3795 3880 3871 Γυμνάζων

2226 3892 2348 3954 τοὺς
2411 3891 2654 3967 μαθητὰς
2716 3893 2743 3947 ὁ
2803 3891 3017 3970 Κύριος,
3078 3892 3165 3946 καὶ
3220 3886 3520 3964 δοκιμάζων
3578 3886 3678 3953 τὴν
3706 3884 3883 3940 πίστιν

2227 3982 2421 4053 αὐτῶν,
2470 3983 2513 4036 εἰ
2564 3980 2663 4058 ἄρα
2721 3982 2777 4035 ἒν
2832 3992 2951 4043 τοῖς
3009 3992 3334 4057 πειρασμοῖς
3388 3976 3677 4044 ἀκλόνητοί
3745 3974 3880 4052 εἶσι,

2224 4068 2460 4126 καθεύδει
2546 4070 2921 4149 οἰκονομικῶς,
3032 4066 3152 4125 ἀλλ’
3243 4067 3529 4149 ἐλέγχεται
3606 4067 3778 4121 αὐτῶν
3846 4064 3882 4131 ἡ

2224 4158 2487 4219 ἀσθένεια.
2550 4161 2621 4217 Οὑ
2676 4159 2777 4239 γὰρ
2833 4158 3039 4215 τελείαν
3088 4159 3287 4233 πίστιν,
3347 4157 3485 4214 ἀλλὰ
3545 4152 3882 4233 μεμιγμένην

2223 4255 2292 4326 τῇ
2374 4250 2591 4322 ἀπιστίᾳ
2647 4247 3019 4308 ἐνδείκνυνται.
3110 4249 3417 4307 Πιστεύουσι
3476 4247 3574 4323 μὲν
3637 4246 3738 4324 γὰρ
3797 4240 3879 4299 ὅτι

2224 4344 2397 4394 σῶσαι
2458 4336 2691 4398 δύναται.
2758 4328 2850 4402 Ὠς
2881 4336 2935 4394 δὲ
2971 4334 3325 4417 ὀλιγόπιστοι,
3371 4335 3589 4415 λέγουσι
3634 4336 3719 4409 τὸ,
3753 4338 3879 4388 Σῶ-

2224 4448 2343 4506 σον,
2386 4425 2751 4502 ἀπολλύμεθα.
2792 4428 2850 4483 Εἰ
2880 4428 2980 4506 γὰρ
3010 4426 3219 4489 τελείαν
3259 4426 3421 4505 εἶχον
3463 4425 3668 4497 πίστιν,
3701 4420 3879 4488 ἔπλη-

2227 4518 2594 4595 ροφορήθησαν
2639 4514 2699 4573 ἂν
2771 4518 2846 4581 ὡς
2905 4514 3155 4573 ἀδύνατόν
3236 4515 3375 4572 ἐστιν
3433 4511 3720 4595 ἀπολέσθαι
3779 4511 3880 4567 αι’)-

2225 4592 2371 4686 τοῦς,
2416 4606 2662 4671 συνόντος
2724 4607 2907 4670 αὑτοῖς
2968 4613 3061 4663 τοῦ
3112 4604 3285 4662 πάντα
3348 4604 3652 4684 ἰσχύοντος.
3706 4592 3765 4660 ιΟ
3825 4598 3881 4655 δὲ

489 4688 817 4769 increpavit
856 4696 1119 4751 ventum.
1162 4692 1438 4752 Permisit
1490 4710 1629 4754 vero
1664 4712 1768 4755 eos
1798 4692 2046 4772 turbari,
2081 4699 2146 4753 ut

2232 4696 2482 4775 ἐγερθεὶς,
2528 4695 2819 4771 ἐπετίμησε
2876 4703 2954 4771 τῷ
3016 4694 3220 4772 ἀνέμῳ,
3270 4691 3471 4773 ’Λφήκε
3534 4693 3634 4770 γὰρ
3696 4692 3883 4752 αὑτοὺς

490 4776 710 4839 clarior
744 4780 913 4839 ﬁeret
942 4797 1046 4841 sua
1076 4780 1500 4843 virtus.Solent
1520 4783 1678 4844 enim
1702 4782 1975 4845 homines
2007 4793 2145 4844 tunc

2232 4790 2589 4866 ταραχθῆναι,
2651 4786 2745 4843 ’ίνα
2806 4788 2897 4843 καὶ
2951 4784 3315 4866 ἔμφανεστέρα
3368 4783 3589 4863 γένηται
3633 4783 3668 4848 ἡ
3726 4781 3884 4836 αὑτοῦ

490 4868 837 4928 meminisse
864 4869 994 4947 ejus
1015 4870 1113 4949 qui
1132 4870 1582 4951 salvat,quando
1605 4890 1640 4934 a
1656 4873 1883 4952 magnis
1901 4872 2143 4953 pericu-

2232 4874 2468 4952 δύναμις,
2531 4875 2803 4952 Είώθαμεν
2882 4877 2983 4955 γὰρ
3037 4878 3085 4933 οἱ
3167 4874 3429 4954 ἄνθρωποι
3486 4874 3606 4929 τότε
3677 4869 3879 4948 μᾶλλον

489 4955 564 5017 lis
585 4956 943 5053 eripiuntur.
980 4961 1302 5038 Propterea
1334 4980 1451 5021 non
1488 4962 1545 5022 in
1599 4960 1913 5042 principio,
1945 4961 2049 5022 sed
2084 4961 2141 5022 in

2232 4967 2578 5041 μνημονεύειν
2634 4968 2728 5022 τοῦ
2786 4966 3082 5042 σώσαντος,
3130 4964 3256 5021 ὅταν
3299 4964 3406 5020 ἀπὸ
3464 4960 3714 5041 μεγάλων
3756 4982 3879 5017 κιν-

489 5045 741 5108 articulo
767 5046 1014 5126 periculi
1046 5049 1353 5124 excitatus,
1381 5049 1513 5111 illos
1544 5050 1816 5115 servavit.
1848 5050 1999 5112 Vide
2028 5068 2139 5111 au-

2232 5053 2386 5112 δύνων
2442 5057 2585 5131 ἡμᾶς
2618 5053 2883 5122 ἐξέληται.
2920 5056 3020 5112 Διά
3060 5061 3217 5111 τοῦτο
3250 5055 3343 5111 οῦκ
3372 5053 3426 5110 ἐν
3458 5050 3626 5132 ἀρχῆ,
3653 5047 3793 5132 *ἀλλ’
3824 5048 3880 5106 ἐν

489 5145 610 5199 tem
638 5148 695 5196 et
715 5137 1231 5217 anagogiam,quia
1256 5140 1438 5218 figura
1470 5148 1559 5203 est
1582 5141 1715 5221 ejus
1746 5141 1905 5222 quod
1940 5149 2142 5221 postea

2232 5146 2372 5222 ἀκμῇ
2413 5153 2505 5203 τοῦ
2546 5143 2787 5201 κινδύνου
2814 5143 3095 5210 διαναστὰς
3127 5144 3314 5207 αὑκοῦς
3346 5142 3565 5202 ἔσωσεν.
3623 5130 3771 5218 ’Ὅρα
3819 5137 3875 5194 δὲ

490 5226 801 5305 discipulis
824 5224 1341 5304 evenit.Stagnum
1374 5232 1531 5291 enim
1556 5232 1890 5311 estJudaea,
1924 5230 1985 5291 in
2026 5249 2141 5311 qua

492 5321 815 5393 tempestas
857 5324 1005 5391 orta,
1044 5325 1293 5397 prOpter
1343 5320 1632 5382 insaniam
1664 5321 2003 5383 Judzeorum
2037 5321 2142 5399 qui

494 5404 917 5466 cruciﬁxerunt
950 5407 1291 5468 Dominum.
1326 5408 1570 5471 Turbati
1594 5428 1736 5474 vero
1783 5419 1920 5472 sunt
1955 5418 2011 5472 et
2043 5410 2138 5471 di-

493 5490 737 5571 scipuli:
775 5512 906 5554 nam
940 5494 1041 5556 illo
1070 5495 1275 5558 relicto
1301 5498 1710 5578 fugerunt,sed
1745 5502 2030 5562 excitatus
2054 5509 2144 5561 est

494 5580 784 5644 Dominus
808 5601 841 5642 a
872 5586 1227 5666 somno,hoc
1251 5597 1358 5663 est,
1394 5591 1682 5653 surrexit:
1717 5590 1879 5652 unde
1909 5589 2143 5651 reddita

493 5668 805 5751 discipulis
834 5674 1429 5755 tranquillitas.Venit
1460 5678 1618 5740 enim
1636 5680 1708 5742 ad
1736 5698 1937 5762 eos,ac
1963 5678 2138 5745 dixit.

2223 5237 2311 5291 καὶ
2366 5235 2737 5315 ἀναγωγικῶς,
2813 5233 2895 5290 ὅτι
2945 5235 3109 5299 τύπος
3159 5233 3269 5291 ἐστὶ
3310 5240 3469 5290 τοῦτο
3509 5241 3602 5290 τοῦ
3658 5231 3872 5309 ὕστερον

2223 5325 2341 5405 περὶ
2389 5325 2511 5384 τοὺς
2569 5325 2811 5399 μαθητὰς
2882 5321 3205 5399 συμϐάντος.
3281 5323 3454 5399 Λίμνη
3524 5321 3623 5397 μὲν
3679 5320 3779 5400 γάρ
3836 5321 3871 5386 ἡ

2225 5411 2469 5494 Ἰουδαία,
2531 5414 2649 5492 περὶ
2705 5413 2770 5481 ἢν
2832 5410 3032 5480 κατέϐη
3085 5412 3285 5489 λαίλαψ
3334 5411 3511 5481 πολλὴ
3566 5416 3665 5479 τῆς
3737 5410 3874 5465 κατὰ

2224 5510 2450 5581 Χριστοῦ
2507 5503 2723 5579 μανίας,
2756 5502 2821 5571 ἢν
2855 5502 3126 5579 ἐμάνησαν
3158 5504 3205 5559 οἱ
3254 5501 3500 5560 Ἰουδαῖοι
3532 5502 3874 5580 σταυροῦντες

2221 5594 2313 5648 τὸν
2362 5594 2571 5673 Κύριον.
2605 5589 3016 5673 Ἐταράχθησαν
3070 5592 3124 5649 δέ
3154 5593 3317 5673 καὶγοὶ
3353 5593 3582 5670 μαθηταί
3618 5609 3632 5623 ·
3680 5590 3875 5651 πάντες

2223 5683 2323 5761 γὰρ
2380 5671 2597 5763 ἀφέντες
2655 5671 3080 5763 «stactam»,
3154 5671 3277 5738 ἀλλ’
3332 5682 3529 5761 ἠγέρθη
3600 5683 3628 5737 ὁ
3688 5680 3879 5761 Κύριος
