4202 6422
388 390 509 462 805

1100 394 1548 468 ENARRATIO
1594 404 1674 470 IN
1722 394 2230 484 EVANGELIUM
2278 398 2517 470 LUCE.
2566 443 2642 452 —
2684 405 2848 473 CAP.
2898 408 3062 473 VIII.

3657 408 3775 475 806

384 535 490 590 ἀπὸ
548 542 641 592 τοῦ
727 535 914 609 ὕπνου,
972 537 1241 595 τουτέστιν
1322 539 1542 615 ἀνέστη,
1618 540 1704 595 καί
1761 539 1920 599 πάλιν
1996 542 2031 596 οἳ

2129 537 2240 600 Pax
2269 539 2451 601 vobis.
2499 540 2568 601 Et
2600 543 2724 602 haec
2755 540 2994 621 quidem
3033 560 3137 621 per
3187 543 3555 621 anagogiam.
3599 543 3765 616 Quod

381 627 615 699 μαθηταὶ
667 625 723 681 ἐν
781 625 1013 704 γαλήνῃ.
1096 626 1349 693 Ἐπιστὰς
1401 629 1502 708 γὰρ
1559 629 1765 708 αὒτοῖς,
1829 631 1985 686 εἶπεν
2020 646 2032 659 ·

381 715 580 792 Εἰρήνη
636 716 789 791 ὑμῖν.
855 718 955 773 Καὶ
1009 723 1174 774 ταῦτα
1246 719 1344 792 μὲν
1401 717 1772 796 ἀναγωγικῶς.
1844 722 1915 776 Τὰ
1957 718 2036 793 δὲ,

378 803 468 867 Τίς
523 802 622 883 ἄρα
680 804 832 868 οὗτός
879 804 1073 886 ἔστιν;
1132 808 1234 886 οὐχ
1278 809 1351 869 ὡς
1400 806 1721 886 ἀποροῦντες
1769 806 2033 887 λέγουσιν,

376 889 515 948 ἀλλὰ
569 895 924 969 θαυμάζοντες
965 912 979 926 ’
1062 897 1133 961 ὡς
1193 894 1255 951 ἂν
1312 897 1356 952 εἰ
1416 894 1583 959 οὕτως
1637 894 1824 973 ἔλεγον
1858 913 1872 927 ⁹
1948 898 2036 969 Τίς

375 981 518 1038 ἐστιν
561 982 733 1059 οὗτος,
795 984 910 1044 ἀντὶ
962 991 1079 1065 τοῦ,
1138 985 1303 1049 πόσος
1346 986 1434 1041 καὶ
1482 983 1710 1052 πηλίκος
1756 984 1845 1041 καί
1892 986 2035 1065 οἶος,

373 1072 461 1128 καί
495 1072 549 1128 ἐν
580 1072 680 1150 ὅσῃ
711 1071 939 1154 ἐξουσίᾳ,
985 1076 1073 1131 καὶ
1102 1073 1316 1151 δυνάμει
1342 1081 1507 1131 ταῦτα
1535 1088 1686 1132 ποιεῖ
1718 1095 1734 1147 ;

460 1185 487 1217 α
516 1159 619 1222 Καὶ
676 1162 1040 1222 κατέπλευσαν
1100 1166 1172 1229 εἰς
1234 1165 1332 1232 τὴν
1389 1165 1574 1244 χώραν
1617 1170 1722 1221 τῶν
1790 1163 2034 1243 Γαδαρη-

370 1256 502 1331 νῶν,
588 1250 708 1319 ἤτις
791 1254 931 1310 ὶστὶν
1002 1253 1253 1333 ἀντίπερα
1315 1259 1414 1320 τῆς
1475 1251 1786 1318 Γαλιλαίας.
1844 1252 2031 1319 Ἐξελ-

368 1340 509 1397 θόντι
563 1339 618 1396 δὲ
677 1345 820 1415 αὖτῷ
863 1341 948 1399 ἐπὶ
993 1343 1090 1409 τὴν
1159 1348 1285 1421 γῆν,
1345 1344 1649 1413 ὑπήντησεν
1708 1347 1851 1417 αὐτῷ
1902 1343 2034 1423 ἀνήρ

366 1452 448 1493 τις
500 1430 560 1486 ἐκ
599 1435 699 1498 τῆς
759 1430 992 1512 πόλεως,
1026 1434 1083 1494 ὃς
1118 1433 1247 1511 εἶχε
1298 1429 1546 1507 δαιμόνια
1585 1432 1644 1489 ἐκ
1673 1434 1882 1512 χρόνων
1908 1436 2033 1490 ἱκα-

368 1521 495 1593 νῶν,
554 1521 642 1575 καὶ
699 1519 908 1594 ἱμάτιον
960 1522 1054 1577 οὒκ
1110 1518 1491 1598 ἐνεδιδύσκετο,
1549 1523 1635 1578 καὶ
1668 1523 1723 1577 ἐν
1755 1524 1891 1596 οἰκίᾳ
1940 1523 2035 1580 οὐκ

366 1610 572 1685 ἔμενεν,
611 1606 731 1666 ἀλλ’
762 1608 815 1667 ἐν
844 1623 962 1675 τοῖς
1019 1611 1327 1686 μνήμασιν,
1389 1608 1537 1667 Ἰδών
1595 1608 1648 1666 δὲ
1677 1612 1769 1668 τὸν
1796 1611 2028 1693 Ἰησοῦν,

364 1700 453 1754 καὶ
496 1697 815 1777 ἀνακράξας,
864 1698 1191 1776 προσέπεσεν
1251 1702 1419 1775 αὐτῷ,
1479 1700 1566 1755 καὶ
1626 1707 1778 1780 φω.ῇ
1824 1700 2032 1779 μεγάλῃ

365 1808 494 1844 ειπε
534 1808 546 1819 ⁸

362 1878 584 1952 ὑψίστου
623 1897 640 1950 ;
698 1877 897 1953 Δέομαί
949 1900 1066 1953 σου,
1120 1879 1198 1953 μή
1231 1898 1296 1952 με
1334 1878 1650 1954 βασανίσῃς,
1685 1878 2031 1958 Παρήγγελλε

364 1966 465 2044 γὰρ
524 1972 602 2040 τῷ
660 1967 921 2043 πνεύματι
984 1974 1059 2042 τῷ
1133 1967 1414 2045 ἀκαθάρτῳ
1476 1966 1707 2032 ἐξελθεῖν
1760 1970 1866 2024 απὸ
1943 1976 2033 2026 τοῦ

369 2054 673 2133 ἀνθρώπου.
729 2054 965 2121 Πολλοῖς
1021 2057 1122 2137 γὰρ
1193 2056 1416 2136 χρόνοις
1479 2057 1804 2136 συνηρπάκει
1852 2059 2028 2133 αὐτὸν,

366 2145 459 2200 καὶ
518 2143 799 2221 ἐδεσμεϊτο
845 2144 1058 2202 ἁλύσεσι
1110 2145 1200 2202 καί
1246 2143 1431 2209 πέδαις
1462 2144 1884 2225 φυλασσόμενος,
1943 2148 2030 2204 καὶ

364 2231 696 2310 διαρῥήσσων
739 2235 806 2291 τὰ
860 2233 1027 2311 δεσμὰ
1070 2234 1329 2303 ἠλαύνετο
1364 2236 1465 2291 ὑπὸ
1521 2241 1616 2293 τοῦ
1666 2233 1913 2312 δαίμονος
1959 2240 2030 2302 εἰς

373 2323 467 2387 τὰς
511 2322 764 2403 ἐρήμους.
830 2324 1184 2404 Ἐπηρώτησε
1242 2322 1297 2379 δὲ
1353 2325 1511 2380 αὐτὸν
1572 2326 1599 2379 ὁ
1656 2321 1890 2399 Ἰησοῦς
1936 2325 2032 2382 λέ-

370 2435 482 2491 γων
513 2432 528 2447 ⁸
579 2415 641 2470 Τί
668 2414 750 2470 σοί
810 2413 952 2470 ἔστιν
1003 2413 1170 2490 ὄνομα
1199 2432 1222 2490 ;
1262 2405 1321 2472 ιΟ
1364 2411 1418 2469 δὲ
1464 2413 1591 2470 εἷπε
1627 2429 1641 2444 ⁶
1678 2416 1911 2492 Λεγεὼν,
1947 2415 2029 2471 ὅτι

367 2499 615 2578 δαιμόνια
672 2501 848 2559 πολλὰ
905 2502 1148 2564 εἰσῆλθον
1201 2505 1275 2566 εἰς
1346 2502 1526 2578 αὐτὸν,
1594 2504 1684 2559 καὶ
1735 2503 2023 2582 παρεκάλει

2121 640 2316 690 autem
2353 630 2556 690 dicunt
2593 630 2916 702 :Quisnam
2952 631 3043 691 hic
3079 631 3197 691 est?
3229 650 3343 691 non
3372 641 3435 692 ut
3480 632 3765 693 dubitan-

2124 727 2209 778 tes
2243 719 2472 791 dicunt,
2520 720 2626 779 sed
2660 719 3023 780 admirantes
3053 738 3066 781 :
3098 720 3263 800 quasi
3296 722 3597 783 dicerent:
3625 721 3769 793 Quis

2120 806 2215 867 hic
2248 817 2352 871 est.
2392 809 2502 868 hoc
2531 817 2644 883 est,
2696 818 2947 888 quantus
3000 818 3057 871 et
3107 810 3319 891 qualis,
3356 818 3413 871 et
3462 810 3522 870 in
3552 820 3769 890 quanta

2125 904 2412 974 potestate
2444 897 2569 958 haec
2598 897 2741 958 facit
2766 901 2791 957 ?

2200 1159 2364 1222 Vens
2420 1163 2635 1226 26-33.
2676 1185 2703 1223 ι
2738 1162 2806 1223 Ει
2857 1164 3277 1243 navigaverunt
3327 1166 3402 1227 ad
3459 1168 3762 1245 regionem

2119 1249 2566 1311 Gadnreuorum
2599 1272 2730 1332 qua:
2751 1260 2842 1313 est
2862 1262 3064 1313 contra
3092 1252 3411 1317 Galilaeam.
3441 1256 3665 1316 Etcum
3689 1256 3763 1316 de

2116 1341 2245 1399 navi
2276 1358 2552 1419 egressus
2583 1352 2738 1403 esset
2768 1344 2837 1403 ad
2875 1346 3382 1417 terram,occurrit
3414 1344 3497 1404 illi
3527 1344 3614 1404 vir
3639 1346 3763 1425 qui-

2116 1427 2249 1490 dam
2282 1450 2313 1491 e
2349 1431 2582 1493 civitate
2601 1432 2701 1511 qui
2737 1432 2988 1493 habebat
3015 1434 3309 1494 damonia
3335 1437 3459 1511 jam
3487 1453 3520 1495 a
3548 1442 3770 1513 tempo-

2114 1518 2280 1580 ribus
2316 1521 2537 1596 multis,
2564 1531 2621 1582 et
2641 1522 2993 1583 vestimento
3028 1542 3140 1583 non
3169 1522 3547 1596 induebatur,
3576 1541 3771 1603 neque

2116 1606 2175 1667 in
2209 1607 2386 1669 domo
2411 1611 2709 1683 manebat,
2737 1610 2843 1671 sed
2876 1610 2935 1671 in
2973 1611 3399 1672 monumentis.
3434 1610 3487 1672 Is
3504 1611 3771 1672 utvidis-

2117 1705 2207 1759 set
2233 1699 2460 1773 Jesuni,
2489 1709 2544 1760 et
2574 1700 2987 1779 exclamasset,
3016 1699 3271 1779 procidit
3311 1707 3445 1761 ante
3477 1700 3670 1775 illum,
3703 1719 3771 1762 ac

610 1789 671 1846 Τί
722 1788 842 1865 ἐμοὶ
900 1790 987 1845 καὶ
1045 1790 1151 1862 σοὶ,
1220 1788 1422 1863 Ἰησοῦ,
1486 1788 1570 1844 Υἱὲ
1627 1797 1720 1845 τοῦ
1771 1793 1902 1846 Θεοῦ
1940 1802 2031 1850 τοῦ

2119 1804 2269 1847 voce
2294 1806 2505 1865 magna
2534 1787 2681 1847 dixit
2715 1809 2728 1849 :
2756 1786 2904 1859 Quid
2943 1788 3087 1848 mihi
3115 1789 3200 1848 rei
3235 1798 3427 1851 tecum
3459 1797 3571 1861 est,
3600 1786 3765 1868 Iesu,

2118 1874 2226 1936 Fili
2285 1875 2390 1937 Dei
2448 1876 2751 1938 altissimi?
2781 1874 3043 1938 Obsecro
3077 1884 3159 1952 te,
3194 1895 3265 1937 ne
3318 1895 3414 1937 me
3466 1884 3765 1957 torqueas.

2116 1964 2674 2046 Praecipiebatenim
2704 1966 2914 2047 spritui
2937 1966 3247 2028 immundo
3276 1974 3336 2025 ut
3357 1966 3632 2027 exiretab
3665 1965 3770 2027 ho-

2115 2052 2302 2116 mine.
2340 2057 2703 2135 Frequenter
2735 2054 2894 2116 enim
2919 2054 3291 2133 corripuerat
3322 2054 3511 2128 illurn,
3549 2065 3607 2115 et
3637 2055 3769 2115 vin-

2115 2142 2386 2205 ciebatur
2415 2145 2662 2220 catenis,
2699 2156 2757 2205 et
2786 2143 3178 2224 compedibus
3209 2142 3675 2223 custodiebatur,
3709 2153 3769 2204 et

2117 2233 2306 2312 ruptis
2338 2234 2588 2295 vinculis
2616 2234 2896 2313 agebatur
2918 2252 2951 2294 a
2980 2233 3275 2293 daemonio
3309 2232 3367 2293 in
3400 2231 3765 2293 deserta.In-

2114 2323 2433 2401 terrogavit
2461 2331 2653 2385 autem
2706 2323 2874 2384 illum
2922 2325 3118 2401 Jesus,
3152 2322 3361 2382 dicens
3398 2342 3410 2377 :
3447 2319 3612 2392 Quod
3660 2322 3768 2383 tibi

2114 2429 2333 2473 nomen
2371 2420 2490 2475 est?
2521 2414 2595 2475 At
2640 2413 2740 2474 ille
2769 2412 2915 2473 dixit
2955 2434 2967 2474 :
2998 2414 3200 2491 Legio,
3234 2410 3371 2491 quia
3400 2410 3765 2473 intraverant

2112 2500 2405 2563 daemonia
2453 2503 2635 2565 multa
2690 2503 2750 2563 in
2795 2520 2955 2563 eum.
3004 2501 3076 2561 Et
3108 2510 3462 2579 rogaverunt
3490 2500 3657 2561 illum
3692 2519 3765 2561 ne

360 2591 683 2672 a61bv,_'t'va
742 2594 819 2667 μὴ
865 2592 1084 2670 ἐπιτάξῃ
1140 2596 1327 2658 αῦτο“ς
1358 2594 1429 2655 εἰς
1460 2592 1560 2659 τὴν
1592 2590 1819 2650 ἄϐυσσον
1852 2594 2022 2650 ἀπελ-

2116 2589 2428 2670 imperaret
2489 2592 2634 2672 ipsis
2657 2601 2721 2652 ut
2752 2591 2811 2652 in
2843 2591 3118 2671 abyssum
3158 2590 3336 2653 irent.
3374 2588 3513 2651 Erat
3562 2600 3760 2651 autem

358 2685 497 2741 θεῖν.
545 2669 645 2740 Ἠν
677 2680 731 2738 δὲ
767 2681 821 2738 δὲ
853 2682 970 2740 ἐκεῖ
998 2669 1168 2761 ἀγέλη
1212 2682 1413 2761 χοίρων
1441 2682 1634 2738 ἱκανῶν
1682 2682 2024 2759 βοσκομένων

2116 2669 2359 2760 ἱθίίετθκ
2384 2669 2695 2762 porcorum
2714 2669 3031 2743 multorum
3059 2679 3422 2761 pascentium
3455 2679 3511 2739 in
3537 2688 3760 2755 monte,

355 2770 411 2827 ἒν
438 2777 516 2845 τῷ
548 2771 677 2851 ὄρει,
712 2773 801 2828 καὶ
859 2770 1190 2850 παρεκάλουν
1249 2771 1407 2829 αὐτὸν
1456 2771 1547 2827 ’ίνα
1605 2771 1866 2851 ἐπιτρέψῃ
1918 2775 2019 2830 αύ-

2116 2777 2161 2831 et
2191 2770 2483 2850 rogabant
2513 2790 2647 2831 eum
2683 2780 2743 2833 ut
2779 2769 3148 2849 permitteret
3178 2768 3325 2849 ipsis
3372 2768 3433 2829 in
3493 2767 3623 2828 illos
3667 2768 3763 2828 in-

349 2873 473 2926 τοῖς
532 2863 607 2926 εἰς
667 2860 895 2925 ἐκείνους
962 2860 1241 2939 εἰσελθεῖν,
1312 2862 1400 2917 καὶ
1458 2859 1745 2941 ἐπέτρεψεν
1804 2864 2012 2927 αὐτοῖς.

2116 2858 2291 2938 gredi.
2327 2859 2400 2920 Et
2433 2862 2698 2939 permisit
2735 2859 3169 2923 illis.Exierunt
3200 2878 3249 2919 ei
3272 2878 3343 2937 go
3375 2857 3671 2919 daemonia
3691 2858 3762 2919 ab

350 2948 659 3016 Ἐξελθόντα
714 2947 768 3006 δὲ
798 2951 865 3007 τὰ
925 2949 1171 3026 δαιμόνια
1214 2950 1320 3007 ἀπὸ
1363 2949 1456 3007 τοῦ
1500 2950 1796 3029 ἀνθρώπου,
1824 2952 2011 3019 εἰσῆλ-

2116 2949 2365 3021 iomine,
2405 2958 2461 3011 et
2495 2952 2866 3011 intraverunt
2889 2949 2948 3009 in
2981 2966 3194 3029 porcos
3225 2966 3238 3006 :
3279 2956 3334 3007 et
3365 2945 3596 3027 impetu
3627 2947 3768 3009 abiit

354 3040 443 3094 θον
501 3039 571 3102 εἰς
622 3038 745 3102 τοὺς
804 3039 1045 3119 χοίρους,
1117 3040 1216 3097 Καὶ
1276 3038 1528 3116 ὥρμησεν
1582 3041 1616 3107 ἡ
1661 3039 1833 3118 ἀγέλη
1877 3041 2014 3097 κατὰ

2116 3055 2236 3116 grex
2273 3057 2378 3119 per
2412 3056 2680 3117 praeceps
2711 3038 2770 3098 in
2798 3047 3098 3117 stagnum,
3147 3045 3203 3096 et
3238 3035 3555 3098 suffocatus
3587 3044 3694 3096 est.
3734 3061 3761 3093 »

352 3132 448 3183 τοῦ
478 3135 714 3205 κρημνοῦ
890 3116 991 3196 τὴν
1035 3128 1254 3208 λίμνην,
1306 3129 1394 3184 καὶ
1448 3116 1738 3207 ἀπεπνίγη.
1776 3152 1804 3184 ι
1868 3119 2015 3209 ΗΟριι

2116 3116 2640 3191 Vide—daemonem
2683 3129 2911 3190 duabus
2945 3116 3114 3189 malis
3143 3125 3557 3187 affectionibus
3589 3135 3762 3189 tene-

350 3216 442 3273 τὸν
473 3213 692 3292 δαίμονα
745 3215 854 3277 δυσὶ
913 3219 1100 3282 κακίας
1161 3218 1351 3275 πάθεσι
1408 3219 1780 3295 μεριζόμενον,
1838 3218 2019 3296 θράσεί

2116 3218 2178 3292 ri,
2207 3221 2449 3281 audacia
2482 3227 2539 3280 et
2566 3221 2802 3279 timore.
2831 3218 2979 3281 Nam
3011 3216 3167 3296 quod
3200 3215 3348 3277 dicit
3380 3236 3393 3277 :
3431 3215 3584 3287 Quid
3618 3216 3763 3279 mihi

345 3305 436 3363 καὶ
489 3303 659 3386 φόϐῳ.
722 3308 794 3365 Τὸ
852 3306 951 3384 μὲν
1008 3308 1109 3387 γὰρ
1166 3304 1368 3385 λέγειν,
1435 3305 1495 3363 Τί
1554 3306 1674 3382 ἐμοὶ
1722 3306 1811 3363 καὶ
1886 3310 2014 3383 σοί;

2116 3314 2162 3368 et
2191 3306 2325 3368 tibi?
2351 3308 2591 3369 audacis
2622 3315 2680 3367 et
2712 3306 3079 3386 impudentis
3108 3302 3452 3383 servi;quod
3485 3322 3622 3365 vero
3665 3306 3759 3366 di-

343 3395 583 3476 θρασέως
628 3397 717 3453 καὶ
761 3396 1116 3477 ἀναισχύντου
1174 3394 1384 3471 δούλου,
1428 3397 1490 3452 τὸ
1520 3394 1601 3471 δὲ,
1653 3395 1852 3471 Δέομαί
1896 3418 2010 3470 σου,

2116 3395 2468 3459 :it:0bsecro
2500 3398 2846 3470 te,timentis
2870 3393 3222 3456 est.Habitat
3240 3401 3435 3453 autem
3460 3396 3520 3454 in
3548 3411 3764 3457 monu-

343 3483 676 3566 φοϐουμένου
761 3485 894 3550 ἐστί,
982 3486 1224 3559 Κατῲκει
1310 3483 1365 3540 δὲ
1424 3484 1477 3541 ἒν
1538 3497 1657 3548 τοῖς
1740 3486 2009 3562 μνήμασι,

2116 3487 2352 3567 mentis,
2388 3495 2447 3548 ut
2480 3487 2691 3547 malam
2718 3484 3117 3565 suspicionem
3149 3490 3454 3560 ingereret
3500 3483 3761 3545 homini-

348 3575 597 3655 πονηρὰν
658 3575 893 3632 ἐνθεῖναι
956 3588 1074 3640 τοῖς
1136 3574 1438 3654 ἀνθρώποις
1504 3573 1777 3642 ὑπόληψιν
1832 3573 2025 3651 βουλό-

2116 3574 2222 3636 bus
2253 3576 2406 3655 quod
2439 3575 2651 3636 animae
2685 3573 3063 3635 morientium
3096 3572 3397 3633 daemones
3430 3571 3590 3633 ﬁant.
3616 3576 3762 3633 Por-

345 3686 529 3743 μενος,
594 3664 676 3721 ὅτι
732 3669 783 3721 αἰ
843 3666 1016 3745 ψυχαὶ
1061 3671 1168 3723 τῶν
1230 3665 1609 3722 ἀποθανοντων
1654 3664 1894 3738 δαίμονες
1938 3664 2027 3743 γί-

2116 3681 2177 3725 ro
2212 3673 2412 3745 petunt
2468 3666 2770 3726 daemones
2802 3683 2876 3724 ne
2904 3664 2963 3723 in
2996 3661 3271 3741 abyssum
3324 3660 3760 3742 ingrediantur,

350 3775 556 3818 νονται,
615 3756 885 3814 Αἰτοῦνται
916 3753 971 3811 δὲ
1002 3756 1049 3811 οἱ
1079 3752 1330 3832 δαίμονες
1383 3755 1462 3831 μὴ
1518 3753 1776 3811 εἰσελθεῖν
1810 3756 1882 3821 εἰς
1927 3757 2027 3822 τὴν

2116 3754 2252 3814 528
2276 3756 2380 3815 sed
2420 3755 2480 3815 in
2535 3761 2694 3814 terra
2736 3753 3153 3832 permittantur
3194 3750 3347 3810 ultra
3398 3750 3621 3811 versari
3657 3771 3669 3811 :
3703 3758 3763 3811 et

344 3842 596 3926 ἄϐυσσον,
656 3843 795 3901 ἀλλὰ
844 3848 1270 3926 συγχωρηθῆναι
1324 3843 1403 3900 ἔτι
1453 3843 1506 3899 ἐν
1559 3849 1629 3920 τῇ
1689 3850 1762 3923 γῇ
1820 3842 2021 3924 διατρί-

2116 3842 2398 3906 Dominus
2421 3842 2710 3924 permittit
2740 3842 2878 3903 illos
2910 3860 3042 3903 esse
3071 3841 3131 3902 in
3156 3848 3336 3914 terra,
3364 3847 3429 3900 ut
3459 3848 3758 3902 certamen

346 3930 480 3997 ϐειν,
548 3923 606 3990 ’0
663 3932 717 3990 δὲ
780 3923 984 4013 Κύριος⁷
1013 3946 1291 4013 συγχωρεῖ
1327 3936 1512 3997 αὐτοῖς
1571 3937 1712 3990 εἶναι
1743 3932 1797 3991 ἓν
1826 3940 1894 4011 τῇ
1920 3923 1991 4013 γῇ

2116 3931 2363 3995 habeant
2393 3952 2525 3994 cum
2562 3931 2931 4012 hominibus,
2968 3939 3026 3992 et
3060 3928 3429 4010 probatiores
3453 3928 3587 3989 illos
3617 3929 3760 3989 red-

348 4025 422 4088 ὥς
483 4023 545 4080 ἂν
634 4022 951 4089 παλαίοντες
1038 4037 1156 4087 τοῖς
1228 4023 1549 4103 ἀνθρώποις,
1631 4022 2020 4103 δοκιμωτέρους

2116 4021 2266 4084 iant.
2304 4024 2450 4083 Nam
2485 4022 2534 4081 si
2567 4039 2683 4082 non
2716 4028 2943 4099 essent,»
2981 4017 3532 4098 adversarii,neque
3563 4026 3760 4080 certa—

346 4116 536 4177 αὐτους
582 4120 833 4176 ποιῶοιν.
882 4115 941 4171 Εἰ
984 4114 1085 4193 γὰρ
1146 4114 1223 4189 μὴ
1283 4110 1422 4179 ἦσαν
1464 4111 1766 4187 ἀντίπαλοι,
1828 4115 1921 4170 οὑκ
1952 4111 2016 4168 ἂν

2116 4110 2267 4172 mina
2298 4118 2523 4186 essent,
2558 4118 2616 4171 et
2649 4108 2763 4170 nisi
2793 4108 3121 4171 certamina
3170 4114 3392 4179 essent,
3431 4125 3623 4188 neque
3668 4126 3763 4169 co-

342 4206 481 4272 ἧσαν
539 4203 768 4283 ἀγῶνες,
801 4204 889 4259 καὶ
918 4203 962 4258 εἰ
1006 4203 1085 4278 μὴ
1130 4201 1267 4270 ἦσαν
1327 4201 1555 4280 ἀγῶνες,
1604 4205 1698 4261 οῦκ
1748 4200 1811 4257 ἂν
1872 4198 2011 4270 ἦσαν

2116 4220 2257 4262 Iona;
2286 4198 2680 4262 forent.Disce
2706 4208 2764 4260 et
2794 4198 3074 4279 quiddam
3124 4197 3491 4258 sublimioris
3533 4215 3757 4276 anago-

344 4294 617 4374 στέφανοι.
678 4292 819 4349 Μάθε
901 4289 955 4348 δέ
1008 4292 1099 4349 καὶ
1159 4290 1655 4371 ἀναγωγικώτερον,
1717 4290 1797 4347 ὅτι
1858 4289 2003 4355 ὅστις

2116 4291 2219 4362 :ize.
2267 4288 2544 4370 Quisquis
2595 4286 2774 4349 habet
2829 4289 2987 4348 intra
3034 4304 3099 4349 se
3148 4287 3469 4361 daemones,
3509 4287 3626 4347 hoc
3673 4296 3762 4348 est

342 4383 463 4465 ἔχει
522 4381 772 4458 δαίμονας
831 4380 887 4438 ἐν
958 4381 1153 4457 ἑαυτῷ,
1186 4378 1452 4438 ’τουτέστι
1504 4377 1815 4455 δαιμονικὰς
1859 4381 2031 4459 πρά-;

2116 4398 2273 4462 φοι-ει
2303 4377 2700 4452 dmmoniaca,
2736 4385 2903 4439 veste
2939 4393 3054 4437 non
3087 4374 3375 4465 induitur,
3407 4384 3570 4465 caret
3602 4374 3760 4437 enim

346 4462 479 4549 Eciq,
531 4472 744 4550 ἱμάτιον
803 4472 899 4529 οὒκ
987 4468 1369 4543 ἔνδιδύσκεται,
1431 4468 1693 4543 τουτέστι,
1766 4470 1865 4537 τὴν
1914 4470 2021 4532 ἀπὸ

2116 4469 2257 4530 stola
2285 4485 2461 4549 quam
2494 4465 2555 4527 in
2586 4465 2951 4545 baptismate
2980 4462 3234 4543 accepit,
3268 4464 3410 4525 etin
3440 4462 3618 4524 domo
3638 4482 3759 4524 ma-

344 4570 439 4621 τοῦ
506 4562 875 4640 βαπτίσματος
937 4559 1141 4629 στολὴν
1200 4561 1293 4617 οὒκ
1332 4558 1477 4639 ἔχει,
1538 4559 1627 4614 καὶ
1659 4557 1713 4615 ἒν
1771 4560 1909 4633 οἰκίᾳ
1963 4559 2023 4616 οὒ

2116 4567 2229 4629 net,
2254 4559 2367 4620 hoc
2398 4565 2507 4631 est,
2543 4555 2603 4616 in
2634 4554 2926 4631 Ecclesia;
2958 4554 3236 4632 indignus
3262 4552 3421 4613 enim
3454 4561 3544 4612 est
3575 4560 3638 4614 ut
3662 4552 3761 4612 iu-

347 4653 523 4733 μένει,
577 4650 849 4709 τουτέστιν
899 4649 951 4708 ἐν
1008 4648 1326 4723 Ἐκκλησία.
1385 4652 1495 4708 Οὐκ
1547 4645 1690 4713 ἄξιος
1721 4649 1820 4727 γάρ
1872 4649 2022 4705 ἐστιν

2116 4648 2409 4729 gradiatur
2456 4645 2516 4707 in
2547 4644 2906 4715 Ecclesiam,
2957 4643 3061 4704 sed
3099 4642 3160 4703 in
3194 4640 3614 4733 monumentis,
3646 4642 3759 4702 hoc

346 4728 681 4823 εἰσέρχεσθαι
740 4740 795 4798 ἐν
858 4737 1176 4819 Ἐκκλησίᾳ,
1246 4737 1369 4795 ἀλλ’
1429 4737 1484 4794 ἐν
1540 4750 1662 4802 τοῖς
1720 4739 2018 4814 μνήμασιν)

2116 4728 2225 4812 est,
2252 4739 2309 4799 in
2342 4745 2705 4798 mortuorum
2734 4750 2982 4814 operum
3014 4732 3429 4811 receptaculis,
3457 4737 3521 4789 ut
3547 4728 3607 4789 in
3627 4746 3760 4809 pro-

345 4818 469 4902 ἤτοι
493 4818 578 4897 τις
628 4833 734 4889 τῶν
790 4836 988 4911 νεκρῶν
1030 4818 1195 4909 ἔργων
1238 4826 1492 4908 δοχείοις,
1546 4827 1667 4884 οἷον
1718 4829 1945 4905 πορνείοι
1972 4845 2026 4887 ω

2116 4828 2348 4890 stibulis
2371 4834 2431 4886 et
2462 4823 2699 4886 teloniis
2731 4832 2788 4883 et
2808 4822 2939 4883 aliis
2971 4821 3229 4883 selerum
3263 4818 3516 4881 ofﬁcinis
3538 4825 3597 4879 et
3622 4834 3757 4882 m0-

345 4921 647 4987 τελωνείοις
683 4937 697 4952 ⁸
732 4927 900 4978 ταῦτα
946 4919 1047 4999 γὰρ
1093 4932 1344 4995 μνημεῖα
1373 4917 1566 4981 κακίας
1612 4916 1762 4976 εἰσίν.
2109 4917 2434 5001 ιιιιιῐίεὲηιίεΖ
2461 4998 2475 5001 _
2530 4996 2593 5001 μ
2674 4994 2712 5001 __
2929 4999 2936 5001 Α
3000 4990 3012 5001 _
3040 4991 3053 5001 _
3394 4989 3407 5001 _
3545 4988 3558 5001 ,

440 5034 464 5069 ι
517 5010 738 5075 ’ἰδόντες
800 5008 857 5066 δὲ
915 4988 971 5067 οἰ.
1011 4988 1297 5086 βόσκοντες
1348 5008 1410 5063 τὸ
1469 5004 1854 5085 γεγενημένον,
1891 5003 2019 5086 ἔφυ-

2191 5001 2372 5061 Vens.
2406 4996 2625 5060 34-39.
2641 4994 2857 5086 «Porro
2880 4999 2943 5054 ut
2962 4990 3235 5053 viderunt
3254 4989 3410 5071 quod
3435 4988 3755 5086 acciderat,

350 5129 472 5185 γον,
536 5103 628 5161 καὶ
688 5078 1028 5180 ἀπήγγειλαν
1082 5099 1155 5165 εἷς
1231 5100 1325 5168 τὴν
1386 5078 1567 5177 πόλιν,
1630 5078 1720 5153 καὶ
1772 5078 1846 5159 εἰς
1900 5078 2020 5160 τοὺς

2116 5088 2172 5150 hi
2203 5088 2303 5170 qui
2322 5086 2663 5168 pascebant,
2701 5085 2998 5185 fugerunt,
3015 5091 3421 5185 'etrumorem
3445 5078 3757 5178 nuntiave-

351 5168 570 5275 ἀγρούς.
632 5168 888 5259 Ἐξῆλθον
948 5187 1003 5246 δὲ
1096 5186 1230 5245 ἰδεῖν
1284 5190 1347 5244 τὸ
1414 5168 1664 5267 γεγονὸς,
1728 5184 2028 5275 καί-ἦλθον

2116 5168 2251 5240 runt
2282 5178 2339 5238 in
2370 5177 2661 5239 civitatem
2689 5192 2755 5235 ac
2788 5171 2979 5233 villas.
3014 5168 3297 5231 Exierunt
3348 5177 3545 5230 autem
3576 5174 3639 5228 ut
3667 5168 3755 5227 vi-

352 5256 491 5363 πρθς
546 5284 639 5339 τὸν
698 5279 932 5355 Ἰησοῦν,
980 5280 1069 5336 καὶ
1127 5278 1274 5359 εὗρον
1331 5278 1634 5352 καθήμενον
1691 5276 1783 5332 τὸν
1818 5273 2019 5354 ἅνθρω..

2116 5268 2317 5331 derent
2346 5266 2505 5349 quod
2540 5265 2756 5327 tactum
2784 5258 3014 5363 eratj‘it
3043 5266 3337 5320 venerunt
3359 5257 3431 5319 ad
3465 5256 3761 5363 .IIesum,et

352 5347 486 5448 πον,
543 5368 634 5451 ἀφ’
667 5369 727 5427 οὗ
768 5347 840 5429 τὰ
891 5347 1140 5445 δαιμόνια
1185 5347 1519 5442 ἶξεληλύθεί,
1550 5347 2023 5443 ἱματισμένονααὶ

2116 5347 2458 5422 invenerunt
2512 5354 2818 5416 hominem
2870 5348 3177 5412 sedentem
3225 5365 3264 5451 ἦ
3307 5366 3423 5428 quo
3468 5347 3759 5451 daamonia

353 5435 753 5543 σωφρονόῦντα,
786 5460 930 5540 παρά
972 5435 1095 5523 τοὺς
1138 5456 1306 5522 πόδας
1358 5448 1452 5513 τοῦ
1501 5455 1706 5543 Ἰησοῦ,
1756 5457 1845 5511 καὶ
1886 5456 2019 5536 εφο-

2116 5445 2779 5528 3xierant,ve5iitum,ae
2806 5458 2950 5502 sana
2963 5436 3474 5543 mente,a‘d.pedes
3501 5435 3662 5538 Jesu,
3700 5445 3759 5539 et

357 5527 625 5621 ϐήθησαν,
685 5527 1056 5628 ’.έπήγγειλαν
1087 5545 1143 5603 δὲ
1197 5550 1380 5610 αὐτοῖς
1425 5547 1513 5604 καὶ
1564 5548 1611 5603 οἱ
1652 5527 1875 5616 ἰδόντες,
1907 5527 2021 5608 πῶς

2116 5527 2456 5600 timuerunt.
2489 5533 2924 5598 Nuntiaverunt
2953 5535 3148 5590 autem
3201 5527 3320 5629 illis
3351 5527 3524 5628 etiam
3558 5527 3761 5629 quivi-

356 5617 537 5708 ὶσώθη
567 5643 594 5697 ὁ
650 5617 1029 5716 δαιμονίσθείς,
1098 5638 1196 5696 Καὶ
1247 5636 1533 5716 ἠρώτησαν
1576 5636 1731 5693 αὐτὸν
1775 5633 1915 5691 ἅπαν
1963 5635 2025 5691 τὸ

2116 5629 2339 5699 derant,
2369 5624 2670 5709 quomodo
2692 5639 2870 5683 sanus
2902 5620 3089 5680 factus
3112 5628 3270 5717 esset
3290 5617 3341 5678 is
3361 5617 3469 5717 qui
3493 5617 3759 5717 agitaba-

363 5706 566 5799 πλῆθος
623 5706 752 5798 τῆς.
801 5731 1107 5810 περιχώρου
1187 5706 1297 5786 τῶν
1366 5726 1711 5808 Γαδαρηνῶν,
1771 5722 2025 5781 ἀπελθεῖν

2116 5726 2252 5781 tura
2276 5706 2600 5780 daemonio.
2634 5711 2704 5775 Et
2722 5716 3082 5794 rogaverunt
3110 5707 3277 5769 illum
3309 5708 3505 5769 omnis
3553 5706 3756 5768 multi-
