4202 6408
497 361 614 426 807
1474 358 2061 424 THEOPHYLACTI
2107 360 2516 423 BULGARI/E
2558 360 2914 425 ARGHIEP.
3773 358 3893 425 808

500 496 638 555 tudo
670 495 927 574 regionis
949 494 1493 565 Gadarenorum,ut
1524 491 1861 553 discederet
1892 494 2127 573 abipsis

2236 494 2330 552 ἀπ’
2387 496 2582 573 αὐτῶν,
2631 497 2712 555 ὅτι
2757 497 2905 579 φόϐῳ
2960 498 3179 576 μεγάλῳ
3226 498 3556 577 συνείχοντο·
3624 498 3780 560 αῦτὸς
3837 493 3895 551 δέ

496 584 632 663 quia
664 601 873 662 magno
908 586 1123 643 timore
1157 582 1536 644 tenebantur.
1590 583 1721 661 Ipse
1778 591 1974 643 autem
2009 603 2118 643 con

2240 584 2406 660 ἐμϐὰς
2441 589 2513 649 εἰς
2542 590 2604 644 τὸ
2634 587 2848 669 πλοῖον,
2916 587 3264 667 ὑπέστρεψεν.
3312 584 3522 644 Ἐδέετο
3578 586 3634 644 δὲ
3691 589 3718 642 6
3761 584 3897 664 ἀνὴρ

494 690 706 732 scensa
765 672 890 731 navi
949 690 1228 732 reversus
1259 680 1369 731 est.
1410 672 1737 746 Rogaverat
1785 671 1943 731 enim
1987 671 2131 732 illun

2239 675 2329 754 ἀφ’
2388 677 2448 733 οῦ
2496 676 2790 745 ἐξεληλύθει
2830 679 2896 733 τὰ
2926 675 3196 752 δαιμόνια,
3232 681 3383 732 εἷναν
3413 677 3505 731 σὺν
3534 679 3697 751 αὐτῷ.
3751 675 3889 730 Ἀπ-

491 761 580 820 vir
607 780 637 821 a
669 781 782 841 quo
815 760 1105 821 dzemonia
1129 760 1417 831 exierant,
1457 768 1518 818 ut
1549 778 1684 819 cum
1728 778 1796 819 eo
1832 769 2017 832 esset,
2049 779 2131 821 SN

2240 764 2390 821 έλδσε
2449 764 2504 821 δὲ
2565 768 2720 823 αὐτὸν
2776 769 2803 823 6
2861 765 3091 839 Ἰησοῦς,
3137 764 3309 843 λέγων
3343 785 3359 800 ·
3426 756 3786 845 ’Υπόστρεψον
3815 765 3891 827 εἷς

491 848 781 927 ablegavit
812 868 946 911 eum
980 847 1571 919 Jesus,dicens:Redi
1605 849 1663 907 in
1699 847 1939 908 domum
1965 860 2149 924 tuam,

2237 855 2327 909 τὸν
2382 855 2537 912 οἶκόν
2591 878 2706 925 σου,
2764 856 2851 912 καὶ
2894 854 3104 935 διηγοῦ,
3152 854 3251 911 ὅσα
3296 853 3518 921 ἐποίησέ
3549 877 3631 911 σοι
3658 857 3686 910 6
3730 852 3883 916 Θεός.

493 947 551 997 et
582 956 758 998 narra
785 956 1153 1018 quaecunque
1188 937 1293 997 tibi
1326 938 1533 999 fecerit
1570 935 1746 998 Deus.
1784 939 1851 995 Et
1885 936 2131 1017 abiitpet

2238 944 2338 999 Καὶ
2398 943 2629 1017 ἀπῆλθε,
2689 945 2805 1001 καθ’
2863 943 2995 1011 ὅλην
3051 945 3152 1012 τὴν
3223 942 3380 1001 πόλιν
3449 944 3731 1023 κηρύσσων
3786 942 3886 999 ὅσα

492 1034 668 1086 totam
701 1027 992 1087 civitatem
1039 1026 1368 1105 prmdicans
1418 1044 1791 1104 quaecunque
1822 1026 1933 1085 sibi
1970 1026 2148 1086 fecis-

489 1125 579 1175 set
631 1115 825 1187 Jesus,
873 1140 895 1172 »
951 1114 1109 1193 Fuga
1170 1124 1471 1194 pastorum
1530 1113 1858 1176 Gadarenis
1912 1115 2147 1175 occasio

490 1204 695 1265 salutis
726 1212 877 1275 erat,
911 1205 1015 1265 sed
1072 1204 1151 1263 illi
1207 1223 1323 1264 non
1357 1202 1797 1265 intellexerunt.
1830 1201 2151 1281 Oportebat

492 1293 648 1353 enim
695 1294 894 1353 mirari
921 1294 1193 1354 virtutem
1229 1293 1570 1363 Salvatoris,
1599 1299 1658 1350 et
1680 1291 1925 1352 credere
1953 1311 2004 1353 οι
2039 1313 2051 1354 :
2090 1302 2151 1353 at

490 1380 573 1440 illi
606 1389 982 1459 rogaverunt,
1011 1381 1223 1460 inquit,
1257 1380 1488 1451 Jesum,
1526 1380 1637 1439 hoc
1671 1388 1758 1439 est
1789 1380 2147 1441 obsecrave—

492 1480 648 1549 runt,
701 1479 762 1531 ut
812 1469 885 1531 ab
934 1470 1083 1549 ipsis
1136 1468 1833 1531 recederet.Timuerunt
1876 1469 2035 1530 enim
2071 1489 2145 1532 ne

2234 1027 2485 1098 ἐποίησεν
2542 1033 2684 1107 αὐτῷ
2741 1035 2768 1089 6
2851 1031 3083 1099 Ἰησοῦς.
3152 1054 3173 1088 ι
3247 1034 3317 1090 Τὸ
3372 1031 3467 1107 μὲν
3525 1043 3714 1112 φυγεῖν
3764 1031 3887 1093 τοὺς

2232 1119 2549 1196 βόσκοντας,
2608 1123 2874 1201 σωτηρίας
2918 1122 3133 1202 ἀφορμὴ
3194 1122 3408 1200 ἐγένετο
3462 1134 3582 1183 τοῖς
3636 1117 3885 1198 Γαδαρη-

2233 1212 2376 1291 νοῖς,
2437 1202 2560 1269 ἀλλ’
2611 1212 2811 1268 ἐκεῖνοι
2866 1216 2926 1271 οὒ
2982 1216 3237 1280 συνῆκαν.
3285 1210 3416 1266 Λὲον
3466 1211 3565 1289 γὰρ
3619 1210 3884 1283 θαυμάσαι

2231 1300 2330 1367 τὴν
2380 1298 2597 1375 δύναμιν
2651 1309 2742 1358 τοῦ
2801 1305 3078 1380 Σωτῆρος,
3133 1300 3223 1356 καὶ
3278 1306 3557 1357 πιστεῦσαι
3616 1302 3758 1372 αὐτῷ
3792 1317 3806 1332 °
3840 1298 3885 1355 oi

2231 1386 2285 1444 δὲ
2340 1390 2649 1470 ἠρώτησαν,
2683 1392 2836 1492 φησὶ,
2893 1391 2986 1446 τόν
3041 1390 3222 1457 Ἰησοῦ
3237 1414 3274 1463 ι,
3323 1389 3438 1446 ἀντὶ
3492 1388 3585 1445 τοῦ
3641 1386 3885 1466 παρεκά-

2230 1477 2413 1551 λεσαν,
2449 1478 2702 1536 ἀπελθεῖν
2733 1476 2829 1535 ἀπ’
2884 1479 3079 1550 αὐτῶν,
3126 1476 3466 1559 ἐφοϐήθησαν
3526 1480 3628 1554 γὰρ
3686 1477 3883 1548 μήπως

490 1578 607 1638 quo
633 1567 800 1637 pacto
835 1559 1010 1619 etiam
1045 1559 1203 1619 aliud
1240 1563 1525 1620 damnum
1561 1567 1925 1638 paterentur,
1948 1578 2131 1639 quan-

2225 1569 2315 1624 καὶ
2371 1566 2503 1627 ἄλλο
2560 1591 2610 1624 τι
2664 1568 2945 1644 ἐπιζήμιον
3026 1569 3287 1641 πάθωσιν,
3362 1566 3543 1645 ὥσπερ
3616 1567 3703 1620 καὶ
3759 1565 3881 1629 τοὺς

489 1648 809 1727 doquidem
845 1648 1009 1727 porci
1042 1649 1377 1727 periissent.
1418 1648 1491 1707 At
1517 1656 1755 1707 sanatus
1781 1648 1879 1709 ille
1911 1657 2131 1709 certum

2226 1659 2440 1735 χοίρους
2499 1657 2805 1717 ἀπώλεσαν.
2871 1649 2928 1714 Ὀ
2986 1656 3041 1713 δέ
3099 1657 3425 1734 θεραπευθεὶς
3452 1655 3681 1727 ἐκεῖνος,
3713 1653 3878 1709 ἀναν-

488 1738 787 1817 quoddam
849 1737 1069 1798 sanatis
1124 1737 1410 1798 indicium
1458 1737 1828 1798 ostendebat.
1868 1739 1950 1799 lta
1982 1739 2131 1799 enim

2224 1746 2464 1825 τίῤῥητον
2534 1750 2632 1816 τὴν
2721 1745 2991 1813 ἀπόδειξιν
3075 1752 3172 1813 τῆς
3259 1745 3537 1825 θεραπείας
3609 1743 3879 1822 ἐμφαίνει,

491 1835 687 1887 mente
715 1837 957 1887 sanatus
986 1835 1096 1901 est,
1132 1834 1194 1886 ut
1220 1826 1421 1888 Jesum
1449 1838 1817 1903 agnosceret,
1868 1845 2044 1888 orans
2077 1841 2131 1887 ut

2225 1836 2376 1894 Οὕτω
2428 1838 2526 1916 γὰρ
2569 1838 2791 1916 ὑγιάσθη
2855 1838 2947 1899 τὰς
3007 1835 3219 1917 φρένας,
3282 1836 3421 1892 ὥστε
3479 1834 3764 1911 ἐπιγνῶναι
3818 1852 3878 1890 τε

484 1915 599 1975 sibi
630 1934 763 1975 cum
797 1916 895 1975 illo
948 1934 1081 1977 esse
1112 1916 1343 1979 liceret.
1375 1918 1633 1990 Etenim,
1663 1925 1725 1976 ut
1752 1925 2020 1996 apparet,
2059 1918 2131 1978 ti-

2222 1926 2315 1981 τὸν
2367 1915 2621 1995 Ἰησοῦν,
2655 1927 2743 1982 καὶ
2798 1925 2970 1991 ἀξιοῦν
3014 1915 3196 2004 αῦτὸν,
3227 1922 3387 1999 ’ίναῇ
3429 1923 3520 1978 σὺν
3563 1920 3729 1993 αὐτῷ,
3774 1918 3878 1980 Καὶ

486 2005 683 2065 mebat
716 2024 789 2065 ne
818 2006 971 2068 forte
1002 2006 1308 2082 elongatus
1334 2024 1367 2066 a
1397 2009 1535 2067 Jesu
1567 2025 1601 2067 a
1632 2005 2131 2067 daemonibusite-

2223 2014 2346 2092 γὰρ,
2381 2015 2453 2079 ὡς
2510 2013 2705 2089 ἔοικεν,
2761 2011 3010 2093 ἐφοϐεῖτο
3069 2015 3265 2088 μήπως
3298 2010 3603 2091 μακρυνθείς
3636 2008 3740 2065 ἀπὸ
3787 2016 3881 2065 τοῦ

482 2115 612 2156 rum
654 2097 1058 2170 invaderetur;
1108 2098 1213 2159 sed
1268 2097 1554 2159 Dominus
1612 2097 1835 2159 indicat
1894 2098 1949 2159 ei
1980 2097 2131 2177 quod

2224 2100 2425 2181 Ἰησοῦ,
2491 2102 2651 2159 πάλιν
2727 2105 3131 2183 εὐεπιχείρητος
3191 2102 3337 2157 ἔσται
3408 2113 3527 2163 τοῖς
3606 2096 3874 2173 δαίμοσιν,

484 2184 619 2245 licet
653 2205 771 2247 non
802 2186 878 2246 sit
920 2206 1150 2259 secum,
1185 2187 1369 2264 gratia
1395 2195 1593 2248 tamen
1642 2187 1770 2265 ejus
1816 2195 2131 2267 protectus,

2226 2183 2285 2247 Ὀ
2344 2190 2398 2246 δὲ
2450 2193 2663 2271 Κόριος,
2719 2191 2965 2249 δεικνύων
3038 2192 3181 2265 αῦτῷ
3229 2190 3309 2247 ὅτι
3364 2188 3464 2245 κᾶν
3507 2190 3586 2259 μὴ
3628 2194 3759 2264 συνῇ
3801 2193 3880 2260 τῷ

481 2274 862 2336 titemoniacis
904 2274 1223 2336 insultibus
1252 2274 1529 2353 superior
1558 2274 1675 2335 fiat.
1719 2276 1892 2349 Redi,
1928 2274 2131 2353 inquit,

2227 2280 2426 2361 Ἰησοῦ,
2480 2281 2693 2340 δύναται
2750 2306 2818 2361 τη
2878 2284 3061 2364 χάριτι
3125 2284 3283 2339 αὐτοῦ
3344 2281 3675 2355 σκεπόμενος
3732 2277 3877 2333 ἆνώ-

481 2366 543 2424 iu.
573 2366 813 2427 domum
859 2377 1044 2439 tuam,
1100 2376 1158 2426 et
1190 2385 1365 2427 narra
1396 2385 1765 2446 quaecunque
1793 2366 1896 2427 tibi
1934 2365 2131 2427 fecerit

2222 2394 2372 2449 τερος
2430 2372 2572 2431 εἶναι
2616 2372 2928 2447 δαιμονικῆς
2986 2372 3259 2452 ἐπηρείας,
3302 2363 3656 2449 ἰ“πόστρεψε,
3691 2368 3875 2449 φησὶν,

482 2456 661 2515 Deus.
696 2453 824 2514 Non
857 2455 1020 2528 dixit,
1059 2473 1433 2534 quaecunque
1459 2474 1566 2531 ego
1622 2454 1727 2515 tibi
1761 2455 2027 2529 fecerim,
2062 2454 2136 2514 fi-

478 2560 685 2620 guram
718 2541 890 2602 nobis
938 2543 1286 2605 humilitatis
1335 2543 1596 2615 tradens,
1634 2553 1695 2603 ut
1755 2544 1956 2604 omnia
1987 2544 2141 2605 bona

480 2649 662 2710 opera
692 2640 890 2691 nostra
911 2633 1033 2693 Deo
1070 2632 1419 2694 tribuamus.
1460 2632 1595 2692 Erat
1623 2640 1817 2691 autem
1852 2631 1952 2693 ille
1994 2651 2132 2710 gra-

2222 2462 2295 2523 είς
2348 2462 2438 2517 τὸν
2484 2461 2639 2517 οἶκόν
2672 2483 2789 2537 σου,
2831 2464 2919 2519 καὶ
2953 2460 3139 2540 διηγοῦ
3170 2460 3269 2517 ὅσα
3300 2459 3518 2526 ἐποίησέ
3544 2480 3626 2515 σοι
3659 2460 3687 2513 6
3717 2457 3872 2521 Θεός,

2222 2550 2331 2608 Οῦκ
2374 2554 2548 2622 εἶπεν,
2612 2549 2710 2606 ὅσα
2738 2574 2823 2607 σοι
2857 2550 3085 2617 ἐποίησα
3113 2549 3245 2627 ἐγὼ,
3309 2550 3373 2603 τύ
3390 2570 3493 2604 πον
3541 2549 3678 2622 ἡμῖν
3727 2567 3882 2601 ταπει

2222 2639 2549 2717 νοφροσύνης
2593 2636 2784 2701 διδούς.
2844 2640 2941 2696 Καὶ
2995 2638 3089 2693 ’ίνα
3142 2638 3315 2693 πάντα
3372 2636 3501 2714 πρὸς
3561 2635 3691 2689 Θεὸν
3734 2633 3869 2689 ἂνα-

482 2729 595 2792 tus,
632 2720 711 2780 ita
741 2728 799 2778 ul
843 2732 1101 2781 mararet
1160 2739 1526 2800 quaecunque
1585 2721 1820 2781 fecisset
1851 2720 1905 2781 ei
1933 2723 2126 2781 Jesus.

2216 2727 2458 2808 φέρωμεν
2511 2728 2577 2783 τὰ
2640 2726 3050 2807 κατορθώματα.
3103 2718 3160 2783 Ὀ
3240 2722 3293 2780 δέ
3343 2724 3511 2787 οὕτως
3574 2721 3861 2798 εὐγνώμων

481 2810 625 2871 Nam
654 2807 939 2868 Dominus
997 2809 1233 2888 quidem
1271 2817 1637 2888 pragceperat
1666 2810 1719 2870 ei
1755 2819 1818 2871 ut
1868 2819 2131 2871 narraret

2216 2807 2304 2891 ἧν,
2364 2816 2503 2873 ὥστε
2572 2813 2872 2894 διηγεῖσθαι
2900 2814 2998 2871 ὅσα
3055 2814 3303 2881 ἐποίησεν
3361 2813 3503 2884 αὐτῷ
3557 2812 3585 2866 6
3628 2809 3859 2875 ⁹ιησοῦς,

481 2916 846 2977 quaecunque
869 2898 1087 2958 facerat
1116 2900 1169 2958 ei
1203 2898 1357 2959 Deus
1393 2920 1405 2960 :
1442 2904 1502 2959 at
1532 2898 1581 2958 is
1616 2908 1815 2959 narrat
1845 2918 2129 2978 quaecun-

2219 2898 2277 2964 Ὀ
2332 2907 2430 2981 μέν
2486 2907 2586 2984 γὰρ
2667 2907 2853 2984 Κύριος
2950 2901 3266 2984 προσέταξεν
3343 2902 3484 2975 αὐτῷ
3538 2896 3862 2975 διηγεῖσθαι,

478 3004 595 3065 que
628 2988 679 3046 ei
710 2985 1141 3048 faceratJesus.
1179 2985 1425 3067 Oportet
1455 2988 1631 3065 igitur
1666 2997 1722 3049 et
1761 3006 1867 3047 nos
1896 2988 2131 3067 quando

2220 2994 2318 3051 ὅσα
2375 2995 2621 3062 ἐποίησεν
2678 2996 2819 3069 αὑτῷ
2868 2997 2895 3050 6
2962 2995 3117 3071 Θεὸς,
3204 2993 3232 3047 6
3306 2987 3362 3045 δέ
3419 2987 3710 3066 διηγεῖται,
3769 2984 3866 3040 ὅσα

478 3076 732 3154 cuipiam
761 3074 1189 3144 benefacimus,
1236 3077 1397 3137 nolle
1429 3077 1541 3138 hoc
1584 3075 1891 3156 pradicari
1921 3098 1932 3135 :
1967 3086 2020 3137 at
2055 3077 2129 3138 il-

2222 3085 2473 3150 ἐποίησεν
2517 3086 2659 3158 αὺτῷ
2701 3086 2729 3139 6
2774 3083 3000 3149 Ἰησοῦς.
3055 3081 3154 3137 Δεῖ
3212 3080 3301 3136 οῦν
3329 3080 3417 3136 καὶ
3441 3080 3585 3153 ἡμᾶς
3615 3076 3739 3131 ὅταν
3767 3074 3870 3129 τινὶ

477 3164 599 3224 lum
633 3164 731 3244 qni
776 3165 1068 3225 beneficio
1117 3165 1364 3227 affectus
1396 3175 1508 3240 est,
1565 3166 1740 3227 etiam
1792 3165 2131 3227 nolentibus

2223 3174 2539 3249 ποιήσωμεν
2573 3172 2793 3251 ἀγαθὸν,
2846 3172 2925 3247 μὴ
2966 3169 3137 3227 θέλειν
3186 3168 3632 3246 ἀνακηρύττεσθαι
3687 3170 3865 3236 τοῦτο,

480 3252 653 3315 nobis
684 3252 1009 3334 praedicare
1042 3252 1236 3316 decet.

2224 3262 2431 3319 ἐκεῖνον
2489 3261 2544 3318 δέ
2599 3264 2693 3319 τὸν
2749 3263 2984 3318 παθόντα
3052 3261 3114 3317 τὸ
3170 3258 3386 3338 ἀγαθὸν,
3433 3253 3532 3311 κᾶν
3584 3256 3746 3330 ἡμεῖς
3789 3252 3870 3328 μὴ

2217 3350 2480 3431 θέλωμεν,
2511 3352 2893 3431 ἀνακηρύττειν
2925 3350 3072 3409 αὑτό.

562 3429 1248 3493 νειιε.40-44.ιῐε“εςιυτη
1280 3440 1369 3492 est
1398 3443 1595 3493 autem
1629 3452 1759 3495 cum
1796 3435 2129 3497 rediretle-

2304 3452 2332 3491 ε
2360 3422 2625 3510 ’Ἐγένετο
2681 3422 2735 3487 δὲ
2786 3432 2841 3487 ἐν
2881 3434 2960 3505 τῷ
3006 3427 3331 3504 ὑποστρέψαι
3362 3426 3452 3482 τὸν
3482 3423 3710 3497 Ἰησοῦν,
3756 3422 3863 3477 ἀπ-

475 3539 600 3594 sus,
628 3521 859 3601 excepit
882 3520 1021 3580 529
1056 3520 1219 3581 illum
1253 3520 1462 3581 turba:
1496 3540 1631 3582 nam
1657 3542 1865 3585 omnes
1889 3541 2131 3603 exspec-

2216 3517 2425 3585 εδέξατο
2453 3509 2609 3576 αὑτὸν
2640 3522 2668 3577 6
2699 3518 2891 3600 ὄχλος,
2950 3522 3085 3587 ἦσαν
3132 3517 3233 3595 γὰρ
3275 3516 3469 3578 πάντες
3518 3509 3863 3603 προσδοκῶν-

477 3610 675 3671 tabant
705 3599 865 3672 eum.
890 3608 961 3669 Et
993 3628 1133 3671 ecce
1166 3610 1327 3671 venit
1355 3610 1441 3671 vir
1470 3611 1567 3671 cui
1600 3630 1820 3673 nomen
1843 3599 2131 3691 Jairus,et

2216 3631 2299 3675 τες
2358 3609 2538 3671 αὑτόν.
2589 3610 2687 3666 Καὶ
2742 3599 3045 3675 ἱδοὺνῆλθεν
3089 3606 3248 3685 ἀνὴρ,
3293 3608 3339 3678 ᾧ
3394 3603 3561 3679 ὅνομυ
3619 3599 3859 3691 Ἰάειρος,

475 3698 602 3778 ipse
636 3699 910 3779 princeps
936 3700 1254 3779 Synagogze
1284 3708 1432 3770 erat,
1466 3700 1804 3780 acciditque
1837 3701 1909 3762 ad
1946 3704 2131 3782 pedes

472 3791 635 3850 .lesu.
674 3806 888 3867 rogans
919 3806 1055 3849 eum
1111 3797 1178 3849 ut
1231 3788 1477 3848 intraret
1519 3789 1579 3849 in
1638 3789 1880 3851 domum
1934 3809 2124 3866 suam,

475 3877 756 3957 quoniam
776 3877 948 3937 unica
971 3877 1088 3938 lilia
1104 3885 1227 3938 erat
1245 3879 1299 3937 ei
1318 3879 1443 3938 fere
1459 3896 1751 3938 annorum
1780 3878 2122 3952 duodecim,

2210 3700 2299 3755 καὶ
2354 3700 2511 3762 αὐτὸς
2541 3697 2725 3777 ἄρχων
2756 3698 2854 3766 τῆς
2887 3699 3212 3774 Συναγωγῆς
3262 3695 3499 3772 ὑπῆρχε,
3555 3692 3642 3747 καὶ
3684 3690 3862 3746 πεσὼν

2211 3788 2354 3866 παρὰ
2424 3788 2543 3851 τοὺς
2602 3785 2767 3850 πόδας
2819 3793 2912 3843 τοῦ
2971 3784 3171 3859 ’[ησοῦ,
3218 3780 3507 3861 παρεκάλει
3563 3780 3718 3836 αὑτὸν
3747 3779 3863 3833 εἷσ-

2212 3875 2386 3933 ελθεῖν
2443 3878 2516 3941 είς
2572 3880 2663 3934 τὸν
2722 3878 2880 3933 οἶκον
2954 3876 3132 3952 αὑτοῦ,
3168 3871 3248 3927 ὅτι
3304 3871 3538 3949 θυγάτηρ
3569 3867 3865 3947 μονογενὴς

475 3975 535 4026 et
563 3966 685 4026 haec
712 3964 1097 4027 moriebatur.
1133 3966 1354 4026 Verum
1410 3967 1566 4026 inter
1615 3969 1879 4027 eundum
1937 3968 2129 4029 turbae

2216 3965 2277 4032 ἧν
2342 3967 2506 4040 αὐτῷ,
2572 3969 2647 4030 ὡς
2706 3966 2838 4023 ἐτῶν
2895 3961 3118 4035 δώδεκα,
3173 3963 3263 4017 καὶ
3321 3961 3456 4029 αὕτη
3508 3958 3861 4025 ἀπέθνησκεν.

473 4053 850 4115 coarctabant
880 4072 1036 4114 eum.
1075 4053 1142 4114 Et
1174 4054 1392 4115 mulier
1410 4073 1543 4134 quae
1560 4063 1686 4116 erat
1715 4054 1973 4117 obnoxia
1997 4075 2127 4136 pro-

2216 4054 2300 4113 Ἐν
2359 4054 2415 4110 δὲ
2456 4062 2534 4130 τῷ
2576 4055 2794 4133 ὑπάγειν
2850 4053 3029 4126 αὑτὸν,
3062 4053 3110 4108 οἱ
3153 4047 3309 4130 ὄχλοι
3341 4049 3654 4136 συνέπνιγον
3680 4046 3861 4136 αῦτόν.

474 4142 654 4205 ﬂuvio
671 4142 977 4219 sanguinis
994 4141 1066 4203 ab
1093 4144 1264 4203 annis
1279 4132 1594 4204 duodecim
1607 4162 1758 4223 ,quae
1780 4146 1836 4206 in
1861 4132 2126 4207 medicos

2216 4145 2310 4201 Καὶ
2365 4144 2499 4220 γυνὴ
2551 4132 2770 4201 οῦσαίέν
2827 4142 2967 4220 ῥύσει
3024 4138 3253 4215 αἵματος
3304 4138 3410 4194 ἀπὸ
3472 4137 3606 4193 ἐτῶν
3636 4132 3860 4213 δώδεκα,

476 4230 850 4309 impenderat
875 4248 1113 4291 omnem
1139 4229 1673 4303 substantiam,nec
1702 4232 1775 4293 ab
1809 4233 1925 4294 ullo
1953 4244 2123 4314 pote-

2216 4231 2327 4299 ἥτις
2371 4236 2578 4311 ἰατροῖς
2675 4228 3139 4310 προσαναλώσασα
3208 4226 3334 4285 δ’λον
3410 4228 3502 4284 τὸν
3559 4226 3694 4314 βίον,
3768 4224 3861 4279 οὒκ

472 4330 563 4381 rat
593 4318 812 4395 curari,
845 4320 1095 4381 accessit
1116 4329 1367 4392 retro,et
1400 4322 1585 4398 tetigit
1615 4321 1908 4383 ﬁmbriam
1938 4312 2123 4384 vesti-

2216 4321 2435 4403 ἴσχυσεν
2531 4322 2621 4379 ὑπ’
2703 4319 2911 4384 οῦδενὸς
3006 4317 3412 4396 θεραπευθῆναι,
3496 4312 3859 4394 προσελθοῦσα

476 4410 658 4470 menti
689 4410 840 4488 ejus,
866 4418 923 4469 et
953 4409 1265 4470 confestim
1295 4409 1613 4470 sistebatur
1639 4412 1831 4471 ﬂuxus
1880 4414 2125 4491 sangui-

2216 4407 2446 4489 S’moflsv,
2506 4410 2686 4487 ἥψατο
2738 4417 2832 4467 τοῦ
2896 4404 3192 4487 κρασπέδου
3247 4415 3339 4464 τοῦ
3407 4405 3619 4480 ἱματίου
3674 4404 3854 4475 αὑτοῦ,

474 4499 566 4559 nis
590 4498 982 4577 ejus.2Rediit
1011 4499 1251 4578 quidem
1283 4497 1457 4560 Jesus
1473 4517 1506 4558 a
1526 4499 1771 4577 regione
1790 4499 2128 4563 Gadareno-

2216 4502 2297 4557 καὶ
2351 4506 2691 4581 παραχρῆμα
2748 4497 2876 4565 ἔστη
2912 4500 2947 4566 ἡ
3004 4496 3145 4574 ῥύσις
3190 4498 3282 4552 τοῦ
3336 4494 3566 4569 αἵματος
3613 4492 3800 4581 αὐτῆς.
3829 4513 3853 4548 ι

474 4606 631 4659 rum,
667 4588 1051 4667 exspectabat
1080 4595 1282 4648 autem
1310 4588 1474 4648 illum
1504 4589 1697 4662 turba,
1726 4597 1848 4649 tum
1883 4599 2127 4669 propter

2216 4579 2552 4670 'I‘rtéczpetpeﬂ
2591 4589 2689 4666 μὲν
2749 4590 2777 4645 6
2836 4589 3040 4654 Ἰησοῦς
3091 4586 3197 4642 ἀπὸ
3238 4584 3335 4650 τῆς
3377 4589 3485 4639 τῶν
3542 4579 3861 4670 Γαδαρηνῷν

472 4677 827 4756 doctrinam,
856 4685 976 4737 tum
1012 4685 1252 4756 propter
1284 4668 2043 4739 miracula.Accessitiitem
2069 4686 2126 4739 et

2216 4668 2420 4760 χώραςξ
2459 4677 2799 4759 Προσεδόκων
2858 4675 2915 4733 δὲ
2955 4677 3112 4733 αὐτὸν
3171 4677 3218 4730 οἱ
3260 4670 3442 4751 ὄχλοι,
3477 4671 3588 4745 ἃμα
3632 4668 3731 4744 μὲν
3776 4668 3862 4760 διᾶ

473 4767 749 4845 princeps
796 4755 1037 4845 quidam
1087 4755 1427 4845 synagoga},
1455 4785 1569 4827 non
1630 4767 1884 4845 vulgaris
1932 4785 2125 4848 neque

2216 4755 2695 4847 διδασκαλίαν,
2750 4766 2861 4842 ἅμα
2918 4764 2973 4821 δέ
3032 4763 3117 4823 διὰ
3163 4764 3229 4818 τὰ
3284 4764 3544 4835 θαύματα,
3606 4755 3858 4848 Προσῆλ-

472 4855 766 4933 abjectus,
800 4854 906 4917 sed
937 4872 1006 4914 ex
1040 4853 1539 4935 primis.Apponit
1570 4864 1765 4925 autem
1799 4864 1859 4916 et
1902 4875 2121 4918 nomen

470 4942 632 5023 illius
665 4943 1043 5022 evangelista,
1073 4950 1137 5002 ut
1168 4943 1365 5004 notius
1419 4944 1517 5005 fiat
1563 4944 1913 5005 miraculnm
1963 4947 2119 5025 quod

475 5051 610 5094 vere
638 5032 855 5093 factum
890 5032 1450 5095 sit.Acciditautem
1501 5032 1573 5094 ad
1613 5033 1795 5114 pedes
1823 5036 1984 5105 Jesu,
2012 5053 2119 5095 ur-

471 5134 646 5196 gente
679 5120 1344 5192 necessitate.Quamvis
1367 5122 1527 5183 enim
1554 5124 1682 5183 sine
1726 5122 1827 5184 illa
1850 5131 2121 5203 oporteat

474 5211 878 5291 procidere,et
900 5229 1224 5289 agnoscere
1256 5210 1441 5272 Deum
1475 5230 1607 5273 esse
1626 5213 2115 5292 Jesum,attamen

472 5307 530 5359 et
558 5299 798 5362 afﬂictio
821 5300 981 5379 cogit
1012 5300 1283 5362 homines
1307 5316 1368 5362 ut
1392 5301 1637 5362 meliora
1666 5300 2120 5366 sectentur.Un-

474 5389 548 5449 de
566 5388 818 5450 etDavid
861 5388 1135 5450 dicebat:
1172 5412 1200 5449 (
1239 5388 1302 5450 [ιι
1335 5408 1505 5451 camo
1537 5398 1596 5453 et
1643 5391 1811 5452 freno
1856 5391 2121 5452 maxillas

474 5496 679 5539 eorum
705 5479 1068 5560 constringe,
1092 5480 1192 5559 qui
1218 5498 1336 5541 non
1374 5480 1783 5561 approximant
1808 5481 1880 5541 ad
1908 5492 1963 5542 te
1992 5482 2111 5545 40.»

552 5638 615 5689 40
645 5637 801 5701 Psal.
833 5654 993 5713 xxxi,
1019 5640 1081 5703 9.

2206 4862 2292 4914 θεν
2336 4868 2425 4918 οῦν
2468 4857 2559 4914 καί
2586 4844 2886 4935 τις-ἄρχων
2928 4854 3026 4922 τῆς
3088 4855 3438 4928 Συναγωγῆς,
3471 4849 3566 4904 οῦκ
3615 4844 3853 4935 εὐτελής,

2205 4946 2311 5003 οὑδ’
2370 4945 2699 5016 ἀπόϐλητος,
2740 4934 2887 4999 ἀλλὰ
2955 4948 3063 4998 τῶν
3120 4936 3373 5019 πρωτωνῖ
3431 4941 3747 5017 Προστίθησι
3800 4934 3857 4990 δί

2205 5037 2291 5093 καὶ
2332 5037 2394 5092 τὸ
2435 5036 2604 5113 ὄνομα
2661 5034 2846 5090 τούτου
2899 5035 2926 5089 6
2983 5028 3387 5109 εῦαγγελιστὴς,
3443 5025 3535 5083 ’ίνα
3565 5025 3854 5104 γνωριμώ-

2202 5147 2351 5204 τερον
2408 5126 2469 5181 τὸ
2522 5128 2695 5199 θαῦμα
2746 5120 2990 5201 γένηται,
3046 5122 3117 5185 ὡς
3162 5117 3304 5175 ἔστιν
3347 5114 3563 5183 ἀληθές.
3616 5116 3851 5193 Προσπί-

2202 5236 2324 5271 πτει
2380 5213 2435 5271 δὲ
2492 5220 2642 5278 οὗτος
2689 5219 2765 5287 τῷ
2821 5210 3021 5285 ’[ησοῦ,
3082 5209 3268 5289 χρείας
3322 5206 3602 5272 ἐνστάσης.
3670 5205 3851 5262 Καίτοι

2203 5302 2304 5361 ἔδει
2350 5306 2506 5361 αὑτὸν
2557 5305 2644 5361 καὶ
2701 5324 2781 5378 μη
2856 5300 3054 5366 ταύτης
3123 5295 3549 5375 ἀναγκαζούσης,
3606 5316 3847 5373 προσπε-

2201 5408 2342 5468 σεῖν,
2401 5396 2490 5450 καὶ
2543 5393 2831 5471 ἐπιγνῶναι
2904 5390 3063 5445 αὑτὸν
3139 5388 3270 5443 Θεὸν
3328 5383 3478 5459 ὄντα,
3535 5382 3679 5459 ὅμως
3763 5384 3851 5440 καὶ

2201 5482 2376 5559 θλίψις
2436 5481 2544 5540 ἔσθ’
2601 5482 2688 5538 ὄτι
2763 5476 3059 5550 ἐκϐιάζεται
3129 5478 3252 5540 τοὺς
3336 5474 3637 5552 ἀνθρώπους
3717 5476 3850 5552 πρὸς
