4202 6444
523 425 641 497 815

1490 433 2087 501 THEOPHYLACTI
2128 431 2546 499 BULGARUE
2588 435 2946 503 ARCHIEP.

3804 439 3922 506 816

524 569 831 632 diceretur
861 588 893 631 a
931 569 1285 651 quibusdam
1321 571 1476 652 quod
1529 573 1790 634 Joannes
1831 570 2156 633 surrexisse

2241 590 2424 625 Mttva
2482 572 2561 629 ὅτι
2607 571 2857 642 Ἰωάννης
2904 574 3177 655 ἐγήγερτει
3233 574 3292 631 ἐκ
3345 580 3568 654 νεκρῶν,
3607 575 3708 631 ὑπό
3765 597 3928 632 τινων

523 679 556 720 a
574 661 885 721 mortuisza
908 659 1265 739 quibusdam
1291 679 1429 723 vero
1447 663 1606 743 quod
1629 660 1788 723 Elias
1811 660 2156 743 apparuisse

2266 657 2344 740 δὲ,
2394 660 2479 718 ὅτι
2539 662 2728 727 Ἠλίας
2773 664 2968 745 ἐφάνη,
3021 664 3200 722 Ἀλλω
3257 661 3337 744 δὲ,
3387 662 3465 720 ὅτι
3510 667 3795 744 προφήτης
3840 667 3926 730 εἷς

524 747 598 809 ab
629 749 761 809 aliis
788 757 986 811 autem
1018 750 1174 828 quod
1203 752 1799 832 prophetaquispiam
1834 771 1904 814 ex
1924 749 2156 831 antiqui

2263 757 2369 806 τῶν
2404 752 2643 832 ἀρχαίων
2674 753 2892 822 ἀνέστη.
2928 753 3034 815 Καὶ
3067 758 3220 812 εἶπεν
3267 756 3293 810 ὁ
3344 745 3582 832 Ἡρώδης
3621 773 3635 788 °
3673 753 3927 822 Ἰωαννην

521 840 930 900 surrrexisset.
965 837 1035 900 Et
1065 840 1146 900 ait
1173 839 1481 903 Herodes:
1520 843 1807 903 Joannem
1838 860 1943 920 ego
1971 841 2179 903 decol—

521 925 636 990 lavi
672 951 684 991 :
721 929 854 1008 quis
884 937 1084 992 autem
1134 929 1247 992 iste
1280 929 1355 991 de
1385 950 1504 1012 quo
1537 950 1645 1009 ego
1681 932 1814 994 talia
1844 932 2069 994 audio?
2113 930 2156 992 E

2264 929 2440 987 ἀκούω
2481 939 2700 988 τοιαῦτα
2739 952 2753 1013 ς

2265 839 2371 919 ἐγὼ
2424 841 2788 922 ἀπεκεφάλισα
2827 861 2840 874 ⁶
2897 845 2975 909 τίς
3021 843 3075 900 δέ
3119 846 3264 900 ἔστιν
3308 845 3486 917 οὗτος,
3533 846 3650 923 περὶ
3701 845 3760 900 οὗ
3817 843 3926 922 ἐγὼ

2815 935 2915 991 Καὶ
2966 932 3141 1004 ἰζήτει
3195 930 3327 989 ἰδεῖν
3380 932 3560 994 αὐτόν,
3601 956 3622 988 ι
3687 936 3847 997 οὗτος
3893 935 3921 988 ὃ

520 1017 831 1097 quaerebat
858 1019 1063 1082 videre
1094 1039 1253 1082 eum.
1296 1044 1318 1078 η
1356 1011 1465 1082 Hic
1518 1021 1789 1084 Herodes
1821 1038 2035 1102 parvus
2073 1020 2154 1080 fui

2268 1011 2505 1098 Ἡρώδης
2564 1024 2590 1077 ὁ
2634 1011 2822 1101 μικρὸς
2881 1028 2972 1101 ἦν,
3037 1026 3064 1078 ὁ
3120 1025 3230 1084 υἱὸς
3280 1032 3372 1081 τοῦ
3419 1020 3652 1100 μεγάλου
3686 1015 3922 1102 Ἡρώδου

520 1105 680 1168 filius
701 1109 902 1188 Magni
926 1110 1027 1190 qui
1052 1129 1271 1191 pueros
1293 1110 1621 1172 occiderat.
1648 1109 1792 1172 Nam
1820 1111 1921 1173 ille
1934 1109 2176 1191 quidem

515 1215 624 1258 rex
647 1197 886 1274 fuit,hic
908 1209 1107 1261 autem
1133 1200 1452 1262 tetrarcha.
1481 1199 1796 1263 Dubitabat
1829 1201 1904 1262 de
1940 1198 2174 1263 Christo

517 1286 653 1368 quis
675 1296 854 1352 esset.
881 1287 1175 1351 Joannem
1204 1290 1692 1371 quidem,inquit,
1717 1310 1828 1371 ego
1862 1289 2171 1352 decollavi:

517 1388 579 1441 et
611 1379 661 1440 si
684 1379 930 1460 quidem
950 1378 1213 1443 Joannes
1240 1380 1526 1441 excitatus
1546 1388 1724 1442 estex
1753 1380 2026 1454 mortuis,
2052 1400 2176 1441 om.

515 1469 659 1531 nino
681 1468 871 1529 visum
900 1469 1064 1529 illum
1085 1487 1430 1548 agnoscam.
1457 1469 1768 1542 Quaerebat
1790 1472 1948 1532 enim
1971 1470 2174 1533 videre

517 1556 842 1621 eum.Vide
873 1567 1069 1619 autem
1104 1558 1263 1639 quod
1284 1556 1519 1622 Hebraei
1549 1573 1818 1622 errantes
1841 1558 2173 1641 opinaban—

516 1653 635 1728 tur,
672 1648 1182 1710 resurrectionem
1242 1656 1611 1711 mortuorum
1672 1651 1731 1709 in
1793 1649 2018 1711 carnali
2057 1649 2175 1710 vita

510 1729 795 1818 ἰῗῐῦιῆιη,
828 1747 1009 1818 atque
1040 1736 1100 1797 in
1135 1735 1271 1798 cibo
1301 1745 1360 1798 et
1387 1747 1528 1818 potu
1563 1757 1574 1800 :
1610 1739 1978 1802 resurrectio
2010 1739 2170 1801 enim

2259 1117 2352 1167 τοῦ
2419 1113 2478 1167 τὰ
2533 1111 2702 1192 βρέφη
2748 1113 3183 1178 ἀποκτείναντος,
3245 1112 3489 1176 Ἐκεῖνος
3542 1113 3638 1188 μὲν
3671 1115 3770 1193 γὰρ
3813 1115 3918 1189 βα-

2259 1199 2435 1264 σιλεὺς
2487 1201 2577 1282 ἦν,
2648 1202 2796 1265 οὗτος
2852 1201 2904 1258 δὲ
2962 1203 3263 1282 τετράρχης
3298 1219 3314 1234 ⁸
3377 1199 3618 1279 διηπόρει
3676 1199 3729 1257 δὲ
3802 1207 3918 1278 περὶ

2262 1288 2459 1368 Ἰησοῦ,
2518 1293 2595 1356 τίς
2653 1291 2715 1347 ἅν
2760 1291 2878 1359 εἴη.
2947 1290 3201 1358 Ἰωάννην
3272 1290 3369 1366 μὲν
3412 1291 3535 1370 γὰρ,
3581 1294 3762 1371 φησὶν,
3811 1293 3920 1371 ἐγὼ

2260 1379 2648 1462 ἀπεκεφάλισα,
2682 1384 2769 1439 καὶ
2813 1382 2967 1458 εἴπερ
3011 1385 3038 1438 ὁ
3083 1381 3335 1448 Ἰωάννης
3386 1381 3527 1437 ¹ἐστὶν
3584 1383 3808 1462 ἐγερθεὶς
3859 1384 3920 1439 ἐκ

2258 1477 2482 1552 νεκρῶι,
2542 1472 2753 1535 πάντως
2803 1470 2927 1527 ἰδὼν
3000 1471 3156 1528 αὐτόν
3210 1471 3472 1550 γνωρίσω.
3535 1470 3744 1543 Ἐζήτει
3818 1474 3919 1553 γὰρ

2257 1556 2388 1616 ἰδεῖν
2445 1562 2624 1624 αὐτόν,
2659 1552 2804 1640 ”Ορα
2839 1559 2892 1617 δὲ
2924 1561 3004 1618 ὅτι
3039 1563 3086 1619 οἱ
3120 1558 3359 1639 Ἐϐρατοι
3406 1557 3644 1640 ἐδόξαζον
3677 1552 3916 1619 άνάσταέ-

2255 1670 2338 1704 σιν
2395 1653 2592 1729 νεκρῶν
2656 1637 2750 1705 ἐν.
2793 1657 2907 1727 ζωῃ
2961 1637 3226 1730 σαρκικῇ,
3277 1652 3365 1705 καὶ
3422 1649 3477 1704 ἓν
3533 1637 3772 1728 βρώμασι
3827 1653 3916 1708 καὶ

2254 1737 2485 1818 πόμασι,
2541 1746 2720 1803 κακῶς
2777 1736 3105 1810 δοξάζοντες.
3189 1732 3249 1795 Ἠ
3309 1740 3408 1818 γὰρ
3477 1739 3762 1806 ἀνάστασις
3819 1741 3914 1798 οὐκ

512 1846 630 1888 non
665 1826 727 1887 in
759 1825 893 1890 cibo
925 1825 1016 1889 vel
1048 1833 1193 1906 potu
1225 1826 1316 1888 vel
1355 1828 1583 1889 carnali
1613 1828 1732 1890 vita
1763 1830 1902 1911 erit,
1935 1828 2038 1891 sed
2063 1828 2156 1910 qui

2254 1825 2308 1882 ἐν
2351 1829 2544 1907 βρώσει
2588 1830 2677 1884 καὶ
2719 1829 2899 1903 πόσει,
2940 1829 3114 1903 ἣζωῇ
3160 1834 3412 1909 σαρκικῇ,
3443 1827 3562 1885 ἀλλ’
3613 1831 3687 1895 ὡς
3741 1829 3911 1910 ἄγγε-

509 1924 851 1997 resurgunt,
887 1917 1044 1978 sicut
1065 1916 1258 1994 angeli
1293 1917 1400 1979 Dei
1429 1927 1760 1980 versantur.

587 2009 771 2070 Vens.
803 2006 984 2068 10-17
997 2057 1010 2070 ,
1025 2005 1130 2067 «Et
1153 2007 1379 2069 reversi
1402 2008 1655 2088 apostoli
1673 2017 2063 2071 narraverunt
2080 2009 2164 2072 illi

507 2116 880 2178 quascunque
912 2097 1200 2160 fecerant.
1253 2097 1330 2159 Et
1381 2099 1700 2180 assumptis
1747 2099 1866 2160 illis
1919 2100 2165 2162 secessit

504 2205 772 2248 seorsum
807 2187 869 2248 in
903 2185 1099 2248 locum
1131 2185 1438 2248 desertum
1473 2187 1724 2248 civitatis
1753 2207 1887 2269 qna;
1923 2198 2165 2254 vocatur

502 2277 844 2340 Bethsaida.
876 2275 1047 2349 Quod
1079 2295 1215 2337 cum
1247 2277 1668 2355 cognovisseut
1698 2277 1908 2361 turbae,
1947 2289 2164 2342 secutae

503 2373 641 2427 sunt
669 2366 862 2441 illum,
898 2373 959 2428 et
988 2366 1223 2445 excepit
1272 2383 1398 2441 eos,
1448 2375 1507 2429 et
1556 2367 1912 2448 loquebatur
1942 2369 2058 2431 illis
2086 2371 2162 2433 de

500 2473 689 2533 regno
721 2455 851 2529 Dei,
885 2464 944 2518 et
974 2473 1078 2517 eos
1100 2455 1201 2534 qui
1233 2456 1545 2517 curatione
1575 2456 1945 2540 indigebant,
1979 2479 2157 2522 sana-

500 2545 621 2609 bat.
655 2545 795 2607 Dies
823 2553 1021 2606 autem
1054 2553 1316 2622 cmperat
1347 2545 1677 2628 declinare,
1713 2556 1770 2609 et
1800 2549 2158 2613 accedentes

498 2635 817 2697 duodecim
847 2635 1130 2698 dixerunt
1155 2634 1240 2696 illi
1274 2657 1288 2695 :
1327 2635 1566 2698 Dimitte
1599 2637 1823 2718 turbas,
1858 2648 1921 2699 ut
1943 2649 2157 2702 euntes

497 2725 560 2784 in
590 2725 835 2787 castella
865 2724 1156 2806 villasque
1187 2724 1411 2786 vicinas
1443 2725 1760 2803 divertant,
1795 2730 1937 2788 555
1967 2737 2024 2790 et
2053 2729 2152 2790 in-

496 2815 732 2876 veniant
763 2833 948 2891 escas,
986 2814 1126 2895 quia
1155 2814 1252 2876 hic
1285 2814 1345 2876 in
1377 2815 1508 2876 loco
1533 2816 1769 2878 deserto
1801 2835 2029 2882 sumus.
2058 2821 2153 2882 Ait

2250 1916 2332 1974 λοι
2365 1926 2518 1999 Θεοῦ,
2552 1918 2689 1974 οὕτω
2717 1916 3006 1998 διάγουσιν.

2335 2032 2362 2063 α
2398 2011 2494 2068 Καὶ
2549 2008 2976 2089 ὑποστρέψαντες
3054 2011 3100 2064 οἱ
3182 2007 3497 2083 ἀπόστολοι,
3578 2007 3908 2087 διηγήσαντο

2247 2100 2388 2174 αὖτῷ
2432 2099 2530 2156 ὅσα
2574 2099 2856 2166 ἐποίησαν,
2917 2097 3021 2159 Καὶ
3078 2097 3401 2177 παραλαϐὼν
3437 2100 3650 2173 αὐτοὺς,
3684 2101 3909 2180 ὑπεχώ-

2247 2212 2376 2267 ρησε
2405 2190 2525 2247 κατ’
2564 2189 2695 2249 ἰδίαν
2753 2192 2823 2255 εἰς
2867 2191 3030 2247 τόπον
3077 2189 3276 2267 ἔρημον
3309 2188 3522 2254 πόλεως
3575 2189 3911 2266 καλουμένης

2248 2279 2542 2348 Βηθσαϊδὰ,
2607 2282 2667 2337 Οἱ
2727 2278 2781 2335 δὲ
2824 2278 2983 2360 ὄχλοι
3028 2280 3266 2358 γνόντες,
3319 2279 3688 2347 ἠκολούθησαν
3737 2282 3912 2356 αὐτῷ.

2247 2372 2344 2428 Καὶ
2395 2367 2674 2446 δεξάμενος
2726 2369 2939 2442 αὐτοὺς,
3000 2368 3178 2426 ἐλάλει
3236 2372 3419 2434 αὺτοῖς
3455 2373 3704 2440 περὶτῆς
3746 2372 3909 2448 βασι-

2243 2457 2388 2523 λείας
2457 2469 2552 2518 τοῦ
2604 2467 2735 2518 Θεοῦ
2770 2477 2784 2490 ⁹
2841 2461 2930 2516 καὶ
2982 2460 3105 2521 τοὺς
3150 2460 3338 2538 χρείαν
3367 2459 3597 2539 ἔχοντας
3626 2461 3904 2539 θεραπείας

2242 2551 2377 2611 ἰᾶτο,
2444 2539 2506 2606 Ἠ
2550 2547 2603 2604 δὲ
2640 2550 2815 2626 ἡμέρα
2873 2546 3068 2627 ἤρξατο
3116 2547 3311 2605 κλίνειν
3347 2565 3361 2584 ⁶
3417 2549 3794 2627 προσελθόντες
3847 2549 3901 2606 δὲ

2240 2642 2287 2695 οἱ
2346 2637 2569 2718 δώδεκα,
2607 2638 2765 2695 εἶπον
2821 2638 2964 2712 αὐτῷ
2998 2656 3012 2672 °
3055 2635 3353 2695 Ἀπόλυσον
3399 2641 3518 2704 τοὺς
3549 2637 3770 2718 ὄχλους,
3807 2641 3898 2696 ἵνα

2237 2728 2552 2794 ἀπελθόντες
2611 2730 2682 2792 εἰς
2726 2727 2820 2790 τὰς
2876 2725 3056 2799 κύκλῳ
3107 2727 3294 2804 κώμας
3353 2730 3442 2784 καὶ
3497 2729 3616 2793 τοὺς
3673 2729 3886 2806 ἀγροὺς,

2237 2817 2598 2898 καταλύσωσι,
2689 2818 2777 2873 καὶ
2834 2816 3052 2895 εὕρωσιν
3111 2816 3468 2894 ἐπισιτισμὸν,
3534 2817 3614 2874 ὅτι
3678 2817 3778 2875 ὦδε
3837 2820 3890 2878 ἐν

494 2911 693 2966 autem
726 2905 799 2966 ad
834 2904 967 2966 illos
1003 2927 1014 2964 :
1067 2903 1183 2967 Vcs
1213 2906 1348 2966 date
1380 2904 1496 2966 illis
1530 2907 1915 2971 manducare.
1951 2909 2026 2969 At
2063 2909 2152 2971 illi

2241 2907 2421 2986 ἐρήμῳ
2449 2909 2599 2983 τόπῳ
2632 2907 2812 2982 ἐσμέν.
2851 2907 2988 2963 Εῖπε
3015 2903 3068 2961 δὲ
3099 2908 3230 2986 πρὸς
3279 2908 3464 2972 αὐτούς
3499 2924 3513 2939 ⁶
3550 2908 3680 2964 Δότε
3713 2911 3892 2973 αὗτοτς

493 2993 780 3057 dixerunt
821 3017 833 3057 :
887 2995 1015 3056 Non
1064 3001 1204 3056 sunt
1252 2994 1424 3056 nobis
1473 2994 1605 3076 plus
1655 3015 1831 3077 quam
1884 2997 2151 3079 quinque

2241 2999 2391 3074 ὓμεῖς
2436 3010 2653 3078 φαγεῖν,
2700 2999 2760 3056 Οἱ
2806 2995 2860 3053 δὲ
2906 2997 3065 3053 εἶπον
3101 3014 3115 3030 ·
3152 2999 3260 3055 Οὐκ
3289 2998 3417 3052 εἰσὶν
3461 2999 3599 3074 ἡμῖν
3629 2995 3817 3054 πλεῖον
3860 2999 3896 3066 ἢ

489 3102 698 3164 panes,
734 3094 791 3147 et
823 3085 941 3147 duo
974 3085 1191 3166 pisces,
1226 3084 1341 3145 nisi
1383 3105 1492 3147 nos
1539 3104 1747 3149 eamus
1791 3097 1849 3148 et
1879 3106 2149 3151 emamus

2241 3089 2389 3145 πέντε
2459 3087 2606 3168 ἄρτοι
2664 3089 2752 3144 καὶ
2833 3087 3014 3167 ἰχθύες
3087 3084 3200 3162 δύο,
3263 3088 3306 3141 εί
3365 3088 3495 3162 μήτι
3555 3087 3897 3166 πορευθέντες

486 3174 550 3234 in
581 3193 823 3237 omnem
856 3175 1014 3237 hunc
1045 3174 1330 3255 populum
1359 3193 1550 3239 escas.
1584 3174 1763 3237 Erant
1794 3185 1992 3238 autem
2025 3178 2152 3242 fere

2241 3178 2808 3258 imps'tchz-ropéawpev
2853 3177 2924 3240 είς
2984 3176 3156 3236 πάντα
3214 3177 3306 3231 τὸν
3351 3174 3480 3232 λαὸν
3513 3183 3695 3234 τοῦτον
3747 3178 3896 3258 βρώ-

489 3263 808 3343 quinquies
841 3263 1026 3327 mille.
1075 3264 1176 3326 Ait
1218 3277 1413 3326 autem
1461 3265 1533 3326 ad
1583 3264 1909 3346 discipulos
1953 3285 2143 3330 suos:

2241 3289 2398 3342 ματα,
2432 3262 2599 3324 Ἦσαν
2647 3266 2746 3345 γὰρ
2803 3266 2932 3320 ὡσεὶ
2982 3262 3164 3343 ἄνδρες
3221 3263 3684 3344 παντακισχίλιοι.
3750 3267 3890 3323 Ετπε

487 3353 688 3416 Facite
710 3353 846 3416 illos
877 3353 1258 3416 discumbere
1280 3355 1340 3415 in
1375 3357 1612 3435 singulo
1645 3355 1946 3418 discubitu
1978 3358 2149 3438 quin-

2241 3353 2284 3411 te
2342 3358 2473 3436 πρὸς
2533 3355 2654 3418 τοὺς
2713 3354 2956 3428 μαθητὰς
3014 3355 3173 3410 αὐτοῦ
3205 3372 3221 3391 ο
3285 3351 3652 3410 Κατακλίνατε
3700 3357 3888 3420 αὐτοὺς

481 3466 785 3528 quagenos
819 3470 831 3510 :
869 3456 1048 3528 atque
1077 3447 1157 3508 ita
1188 3447 1482 3525 fecerunt,
1526 3455 1586 3510 et
1633 3449 1904 3511 fecerunt
1933 3469 2146 3514 omnes

2241 3444 2435 3511 ιλισίας
2496 3445 2594 3501 ἀνὰ
2663 3445 3019 3514 πεντήκοντα.
3082 3442 3187 3501 Καὶ
3256 3442 3516 3510 ἐποίησαν
3572 3443 3734 3526 οὕτω,
3800 3449 3888 3503 καὶ

481 3538 887 3600 discumbere.
924 3539 1202 3618 Acceptis
1245 3539 1442 3620 itaque
1482 3539 1749 3620 quinque
1778 3538 2053 3620 panibus,
2086 3550 2144 3604 et

2241 3535 2503 3593 ἱνέκλιναν
2533 3532 2796 3598 ἅπαντας.
2854 3530 3044 3590 Λαϐὼν
3103 3529 3156 3588 δὲ
3212 3533 3333 3596 τοὺς
3364 3532 3522 3589 πέντε
3554 3533 3740 3611 ἄρτους
3796 3537 3883 3591 καὶ

477 3627 716 3689 duobus
749 3626 1033 3708 piscibus,
1071 3625 1317 3689 sublatis
1347 3628 1408 3689 in
1452 3628 1666 3689 coelum
1702 3628 1910 3710 oculis,
1945 3629 2136 3692 bene-

480 3717 627 3779 dixit
680 3717 822 3793 illis,
857 3725 914 3778 et
973 3716 1172 3795 fregit,
1226 3716 1648 3797 distribuitque
1705 3717 2014 3798 discipulis
2074 3733 2139 3779 ut

475 3814 850 3887 apponerent
881 3805 1090 3867 turbae.
1118 3805 1186 3866 Et
1209 3807 1600 3868 comederunt
1630 3825 1864 3888 omnes,
1897 3815 1956 3869 et
1985 3817 2127 3870 satu-

475 3900 589 3958 rati
617 3906 777 3958 sunt.
814 3894 887 3956 Et
935 3895 1234 3956 sublatum
1290 3905 1382 3956 est
1429 3897 1587 3976 quod
1649 3896 1944 3976 superfuit
1992 3897 2133 3980 illis,

476 3986 948 4064 fragmentorum
985 3985 1226 4064 cophini
1256 3984 1594 4046 duodecim.
1634 4007 1662 4044 ›
1718 3987 1783 4048 In
1830 3986 2134 4049 desertum

477 4076 674 4136 locum
709 4074 832 4136 abit
865 4076 1060 4150 Jesus,
1096 4074 1376 4155 quoniam
1411 4074 1763 4137 miraculum
1803 4095 2019 4156 panum
2051 4078 2134 4138 ibi

477 4165 741 4228 facturus
764 4173 909 4238 erat,
947 4172 1009 4225 ut
1055 4183 1131 4226 ne
1177 4164 1309 4246 quis
1343 4164 1550 4226 dicere
1601 4167 1809 4246 possit,
1852 4167 2131 4247 quoniam

477 4275 664 4336 prope
717 4255 898 4317 fuerit
950 4256 1162 4317 civitas
1221 4255 1381 4317 unde
1438 4273 1621 4335 panes
1679 4255 1865 4319 allati.
1925 4256 2137 4320 Docuit

2221 3627 2343 3691 τοὺς
2403 3623 2492 3682 δύο
2551 3625 2763 3704 ἰχθύας,
2821 3620 3124 3699 ἀναϐλέψας
3170 3624 3244 3688 εἷς
3293 3623 3384 3678 τὸν
3415 3623 3657 3701 οὐρανὸν,
3717 3623 3878 3682 εὐλό-

2222 3739 2387 3795 γησεν
2443 3719 2651 3790 αὐτοὺς,
2713 3715 2802 3770 καὶ
2855 3711 3177 3789 κατέκλασε,
3230 3715 3318 3770 καὶ
3348 3711 3512 3770 ἓδίδου
3541 3716 3660 3780 τοῖς
3695 3719 3876 3791 μαθη-

2220 3819 2342 3869 ταῖς
2401 3803 2739 3884 παρατιθέναι
2794 3809 2873 3877 τῷ
2902 3801 3079 3883 ὄχλῳ,
3125 3803 3215 3860 καὶ
3259 3801 3478 3883 ἔφαγον,
3523 3807 3611 3861 καὶ
3642 3804 3876 3885 ἒχορτά-

2221 3899 2419 3963 σθησαν
2479 3895 2696 3969 πάντες,
2761 3894 2850 3949 καὶ
2922 3892 3055 3972 ἤρθη
3129 3895 3191 3950 τὸ
3264 3899 3610 3973 περισσεῦσαν
3665 3895 3872 3969 αὐτοῖς,

2220 3985 2540 4062 κλασμάτων
2626 3983 2831 4065 κόφινοι
2889 3981 3114 4044 δώδεκα.
3181 4007 3208 4039 ι
3286 3985 3375 4048 Είς
3447 3982 3644 4062 ἔρημον
3712 3986 3878 4041 τόπον

2219 4073 2425 4131 ἄπεισιν
2484 4077 2510 4130 ὃ
2570 4071 2799 4149 Ἰησοῦς,
2852 4070 3035 4140 ἐπειδῆ
3093 4073 3154 4127 τὰ
3210 4077 3314 4128 τῶν
3375 4070 3545 4151 ἄρτων
3575 4076 3749 4148 θαῦμα
3779 4096 3876 4130 τε-

2219 4163 2368 4221 λέσαι
2427 4160 2617 4239 ἔμελλε
2633 4184 2670 4238 θ,
2703 4161 2795 4218 ἵνα
2851 4163 2928 4236 μὴ
2981 4161 3103 4241 ἔχοι
3134 4185 3216 4225 τις
3247 4160 3445 4242 λέγειν,
3480 4160 3561 4219 ὅτι
3594 4163 3749 4243 ἔγγὺς
3778 4164 3874 4220 οὕ-

2218 4277 2318 4321 σης
2348 4253 2581 4327 πόλεως,
2621 4252 2822 4308 ἐκεῖθεν
2866 4249 3012 4332 ἄρτοι
3054 4253 3384 4332 ἠνέχθησαν.
3444 4251 3736 4329 Δεξάμενος
3783 4257 3874 4312 οὖν

471 4356 669 4407 autem
706 4345 910 4407 turbas
942 4355 1000 4407 et
1029 4346 1255 4407 sanavit
1290 4366 1302 4409 :
1353 4354 1415 4407 ut
1466 4355 1526 4409 tu
1574 4346 1770 4408 discas
1801 4347 1956 4427 quod
1991 4348 2129 4428 phi-

2241 4345 2338 4408 rcbc
2394 4342 2617 4423 ὄχλους,
2669 4340 2909 4399 ἒδιδασκέ
2956 4363 3013 4398 τε
3042 4344 3131 4398 καὶ
3162 4342 3495 4424 ἐθεράπευεν,
3529 4343 3620 4399 ἵνα
3650 4346 3712 4400 σὺ
3756 4346 3869 4416 μά-

474 4437 747 4518 losophia
784 4447 986 4498 nostra
1030 4435 1209 4498 verbo
1241 4446 1298 4498 et
1328 4455 1509 4517 opere
1541 4445 1794 4506 constet.
1819 4425 1894 4498 iet
1939 4425 2156 4519 neque

2243 4457 2334 4511 ης,
2395 4433 2475 4491 ὅτι
2525 4436 2559 4502 ἡ
2606 4430 2721 4489 καθ’
2769 4434 2913 4508 ἡμᾶς
2985 4431 3267 4514 φιλοσοφία
3326 4432 3473 4512 λόγῳ
3528 4435 3616 4490 καὶ
3685 4434 3866 4515 πράξει

473 4525 732 4587 dicenda
761 4525 879 4586 sint
910 4544 1043 4606 quae
1072 4527 1270 4587 facere
1297 4545 1414 4586 non
1448 4525 1605 4601 licet,
1635 4544 1830 4606 neque
1860 4526 2129 4589 facienda

2241 4526 2502 4603 ιερίζεται,
2549 4523 2638 4579 καὶ
2682 4521 2800 4578 οὕτε
2860 4521 2942 4578 δεῖ
2995 4521 3169 4602 λέγειν
3220 4520 3487 4604 ἄπρακτα,
3519 4523 3637 4581 οὕτε
3689 4526 3865 4603 πράτ-

471 4634 605 4697 quae
638 4617 802 4677 dictu
834 4616 1119 4679 absurda.
1153 4615 1482 4677 Inclinante
1505 4627 1706 4679 autem
1735 4616 1834 4679 die
1853 4616 2130 4698 discipuli

2245 4637 2320 4670 ειν
2364 4613 2555 4692 ἄλογα.
2617 4611 2919 4678 Κλινοὺσης
2964 4609 3018 4668 δὲ
3088 4614 3184 4679 τῆς
3249 4611 3476 4692 ἡμέρας,
3529 4616 3575 4669 οἱ
3634 4617 3867 4690 μαθηταὶ

473 4706 833 4786 incipientes
859 4706 990 4768 fieri
1021 4707 1406 4769 humaniores
1431 4715 1488 4768 et
1517 4705 1928 4783 oﬂiciosiores,
1956 4708 2133 4770 mise-

2241 4703 2703 4783 μιλανθρωπότερον
2751 4700 2854 4770 ἤδη
2901 4702 3181 4780 ἀρξάμενοι
3231 4701 3384 4782 ἔχειν
3429 4705 3516 4759 καὶ
3573 4726 3865 4780 ποιμαντι-

469 4806 684 4858 rentur
731 4796 943 4878 turbis,
978 4804 1036 4859 et
1079 4796 1287 4858 dicunt
1323 4820 1334 4854 :
1389 4796 1631 4858 Dimitte
1674 4815 1800 4870 eas,
1855 4797 1964 4859 hoc
2009 4805 2122 4876 est,

2241 4795 2470 4874 ιώτερον,
2518 4791 2795 4849 κατελοῦσι
2838 4792 2960 4856 τοὺς
3006 4789 3227 4872 ὄχλους,
3273 4794 3363 4850 καί
3420 4815 3578 4872 φασιν
3616 4814 3629 4827 ⁸
3695 4792 3866 4851 Ἀπό-

467 4905 606 4948 sana
639 4887 810 4948 citius
841 4885 1219 4948 infirmitates
1264 4886 1530 4960 illorum,
1585 4887 1769 4966 imple
1812 4886 2127 4967 petitiones

2244 4908 2368 4942 υσον
2427 4884 2639 4963 αὐτοὺς,
2724 4881 2987 4962 τουτέστι,
3069 4883 3387 4962 θεράπευσον
3441 4884 3537 4947 τὰς
3597 4884 3866 4950 ἀσθενείας

467 4974 728 5038 illorum.
787 4975 1077 5039 Dominus
1117 4988 1316 5037 autem
1365 4974 1437 5036 ad
1483 4965 1826 5055 discipulos
1862 4975 2070 5038 dicens
2109 4998 2122 5039 :

2243 4978 2379 5034 ὗτῶν
2421 4975 2638 5053 τάχιον.
2701 4971 2991 5047 Πλήρωσον
3041 4973 3135 5035 τὰς
3181 4974 3416 5043 αἰτήσεις
3461 4973 3658 5034 αὐτῶν.
3695 4965 3752 5032 Ὀ
3808 4972 3863 5031 δὲ

462 5064 605 5127 Date
637 5065 754 5127 illis
791 5085 890 5128 vos
920 5065 1077 5147 quod
1132 5066 1331 5137 edant,
1367 5083 1486 5130 non
1541 5065 1822 5144 ignorans
1853 5065 2123 5146 discipu-

2241 5068 2395 5145 Lt’iptoq
2428 5065 2556 5143 πρὸς
2587 5064 2708 5126 τοὺς
2760 5064 2999 5137 μαθητὰς
3052 5061 3225 5142 λέγων
3258 5081 3271 5096 °
3327 5064 3457 5120 Δότε
3490 5063 3672 5128 αὐτοῖς
3703 5065 3858 5141 ὑμεῖς

460 5155 659 5218 lorum
706 5155 966 5236 inopiam
1013 5157 1125 5218 hoc
1171 5155 1336 5236 dicit,
1383 5156 1486 5216 sed
1541 5154 1788 5218 incitare
1828 5155 2032 5217 volens
2061 5166 2124 5219 ut

2248 5170 2423 5236 αγεϊν,
2489 5156 2592 5234 οὒχ
2635 5156 2709 5216 ὡς
2765 5153 2972 5230 ἀγνοῶν
3027 5153 3127 5219 τὴν
3183 5153 3407 5232 ἀπορίαν
3465 5156 3644 5234 φησὶν,
3720 5152 3854 5211 ἀλλὰ

462 5245 661 5307 dicant
689 5255 832 5326 quot
866 5264 1052 5326 panes
1088 5243 1201 5307 sibi
1231 5246 1373 5320 sint,
1411 5254 1474 5306 ut
1503 5245 1588 5306 sic
1619 5256 2122 5308 commonstretur

2241 5246 2522 5322 ουλόμενος
2578 5243 2935 5323 παρακινῆσαι
2991 5242 3200 5318 αὐτοὺς,
3248 5241 3341 5299 ’ίνα
3386 5241 3605 5325 εἴπωσι,
3657 5246 3854 5310 πόσους

462 5334 817 5396 miraculum
854 5336 1064 5416 majus,
1101 5334 1505 5397 indicantibus
1535 5335 1658 5398 illis
1685 5335 1878 5415 palam
1912 5355 2119 5398 nume-

2241 5359 2386 5417 ρτους
2431 5335 2642 5413 ἔχουσι,
2687 5334 2772 5390 καὶ
2813 5331 2950 5389 οὕτω
2994 5331 3181 5412 δειχθῇ
3223 5336 3284 5390 τὸ
3339 5337 3513 5410 θαῦμα
3576 5335 3739 5415 μέγα,
3793 5339 3854 5392 ὲκ

458 5442 588 5484 rum
624 5443 864 5503 panum.
892 5424 1056 5497 Quod
1083 5434 1276 5487 autem
1304 5425 1677 5501 dicit,Facite
1701 5426 1836 5486 illos
1857 5425 2116 5490 discum-

2241 5433 2297 5495 ἧς
2331 5424 2614 5502 ὁμολογίας
2660 5421 2898 5496 ἐκείνων,
2947 5419 3249 5502 δειχθείσης
3286 5428 3385 5491 τῆς
3415 5427 3716 5492 ποσότητος
3746 5431 3856 5482 τῶν

461 5512 604 5576 bere
636 5515 693 5574 in
727 5515 962 5593 singulo
1004 5514 1305 5577 discubitu
1355 5515 1802 5597 quinquaginta,
1856 5518 2115 5579 ostendit

2241 5539 2393 5596 ρτων,
2457 5517 2527 5572 Τὸ
2557 5513 2634 5588 δὲ,
2675 5511 3039 5570 Κατακλίνατε
3098 5513 3286 5578 αὐτοὺς
3331 5513 3540 5580 κλισίας
3585 5516 3683 5572 ἀνὰ
3717 5538 3854 5572 πεν-

455 5602 611 5685 quod
643 5613 912 5686 oporteat
938 5605 1113 5668 etiam
1147 5625 1255 5667 nos
1296 5606 1534 5686 quando
1564 5606 1822 5686 aliquem
1855 5606 2111 5686 hospitio

2241 5610 2458 5678 ἠκοντα,
2505 5603 2761 5661 δείκνυσιν
2791 5601 2873 5658 ὅτι
2905 5599 2989 5660 δεῖ
3033 5605 3200 5681 ἡμᾶς,
3233 5602 3360 5660 ὅταν
3404 5606 3520 5662 τινὰ
3551 5604 3856 5686 ξενοδοχῶ-

462 5693 814 5774 excipimus,
852 5705 907 5757 et
940 5695 1133 5758 facere
1165 5698 1352 5776 ipsum
1383 5695 1758 5770 recumbere,
1794 5701 1853 5757 et
1884 5696 1942 5756 in
1974 5714 2107 5757 eum

2241 5721 2314 5774 εν,
2377 5697 2465 5755 καὶ
2522 5692 2858 5752 κατακλίνειν
2926 5693 3107 5775 αὐτόν,
3181 5695 3270 5751 καὶ
3326 5695 3504 5763 πάσης
3549 5695 3859 5772 ὶπιμελείας

450 5783 751 5848 officiosos
805 5803 960 5848 esse.
1036 5783 1220 5847 Porro
1293 5786 1673 5867 suspicienda
1730 5785 1792 5847 in
1865 5783 2102 5867 coelum,

2241 5791 2392 5856 Ξιοῦν,
2455 5783 2770 5844 Ἀναϐλέπει
2822 5781 2874 5839 δὲ
2924 5784 2998 5848 είς
3043 5787 3134 5841 τὸν
3167 5786 3405 5864 οὖρανὸν,
3439 5783 3687 5843 δεικνύων
3718 5789 3856 5862 ἡμῖν
