4202 6398
345 318 465 383 sn
1099 322 1545 386 ENARBATIO
1588 321 1673 384 IN
1717 316 2227 383 EVANGELIUM
2272 288 2515 384 ww.
2563 352 2638 368 —
2681 324 2844 387 CAP.
2897 319 2999 385 IX.
3621 322 3742 389 818

340 457 471 515 ὅταν
524 458 809 535 μέλλωμεν
859 471 1080 540 φαγεῖν,
1111 459 1458 538 εὐχαριστίας
1488 464 1565 531 τῷ
1605 462 1722 530 Θεῷ
1752 448 1980 526 ἀναπέμ-

2083 454 2374 540 monstrat
2424 451 2581 532 quod
2628 451 3063 532 manducaturi,
3117 452 3242 518 Deo
3289 456 3508 536 gratias
3552 473 3732 536 agere

338 570 482 607 πειν.
521 546 711 607 Δίδωσι
743 547 797 605 δὲ
827 535 1273 627 τοῖςμαθηταῖς,
1320 544 1424 604 εἶθ’
1456 545 1622 610 οὕτως
1653 544 1851 601 ἐκεῖνοι
1878 555 1980 599 τοῖς

2081 535 2435 605 debeamus.
2494 542 2605 605 Dat
2637 549 2837 605 autem
2872 542 3201 625 discipulis,
3261 535 3319 607 et
3373 545 3461 607 illi
3516 535 3737 610 deinde

328 637 548 719 ὄχλοις,
607 639 701 696 ἵνα
747 639 825 714 μὴ
869 637 1225 696 ἐπιλάθωνται
1256 644 1349 695 τοῦ
1388 636 1685 711 θαύματος,
1718 632 1834 691 ἀλλ’
1870 631 1980 689 ἀνα·

2082 627 2291 719 turbis,
2328 640 2394 691 ut
2424 649 2500 693 ne
2529 630 2959 696 obliviscantur
2988 633 3288 715 miraculi,
3309 634 3415 698 sed
3439 653 3737 698 memores

326 717 744 803 μιμνήσκωνται
795 728 1005 802 τούτου,
1066 726 1441 803 ἑνθυμουμένοι
1486 723 1568 781 ὅτι
1624 724 1746 788 τοὺς
1808 720 1980 801 ἄρτους

2080 717 2213 797 ejus
2244 718 2389 795 sint,
2438 721 2764 799 cogitantes
2794 723 2953 803 quod
2997 741 3186 805 panes
3218 723 3279 785 iu
3312 744 3522 787 manus
3562 743 3731 787 sum-

328 818 403 881 είς
462 818 556 880 τὰς
618 832 815 899 χεῖρας
859 817 1033 875 αὐτῶν
1080 814 1294 879 ἔλαϐον,
1328 816 1399 874 Τὸ
1428 813 1483 872 δέ
1513 814 1828 895 περίττευμα
1858 812 1992 880 ἦσαν

326 908 538 989 κόφινοι
587 905 813 975 δώδεκα,
890 907 987 965 ’ίνα
1070 906 1323 983 μάθωμεν
1393 904 1562 963 πόσον
1623 906 1658 973 ἡ
1729 900 1992 985 φιλοξενία

328 995 569 1072 δύναται,
653 999 742 1054 καὶ
811 1003 929 1062 πῶς
1002 995 1356 1066 πλήθύνονται
1426 995 1494 1051 τά
1549 994 1620 1070 ἧμ
1632 992 1806 1072 έτερα,
1863 991 1989 1049 ὅταν

329 1090 674 1168 παρεχωνται
724 1100 842 1153 τοῖς
901 1084 1199 1163 δεομένοις.
1259 1084 1489 1165 Εἴρηται
1535 1081 1590 1140 δὲ
1640 1083 1761 1163 περὶ
1788 1081 1989 1138 τούτων

331 1174 653 1256 πλατύτερον
696 1175 752 1232 ἐν
780 1184 857 1253 τῷ
886 1177 1024 1235 κατά
1066 1178 1362 1237 Ματθαῖον.

417 1289 445 1319 α
496 1266 595 1324 Καὶ
637 1264 848 1345 ἐγένετο
907 1264 963 1322 ἰν
1018 1270 1097 1339 τῷ
1157 1263 1301 1321 εἶναι
1355 1262 1511 1319 αὐτὸν
1555 1260 1987 1341 προσευχόμενον

322 1354 654 1430 καταμόνας,
686 1359 923 1425 συνῆσαν
978 1354 1122 1428 αῦτῷ
1178 1355 1227 1411 οἱ
1273 1353 1528 1429 μαθηταί.
1561 1349 1666 1413 Καὶ
1694 1349 1986 1430 ἐπηρώτη-

318 1466 408 1502 σεν
450 1443 669 1527 αὖτοὺς,
709 1444 885 1524 λέγων
921 1461 936 1477 ·
969 1444 1098 1503 Τίνα
1127 1464 1196 1519 με
1226 1441 1471 1522 λέγουσιν
1503 1444 1550 1500 οἱ
1578 1439 1737 1522 ὄχλοι
1782 1440 1927 1499 εἶναι
1965 1459 1982 1513 ;

318 1536 380 1592 Ol
440 1534 812 1615 ἀποκριθέντες
876 1535 1039 1593 εἴποι
1072 1548 1087 1564 ⁸
1159 1531 1411 1599 Ἰωάννην
1477 1533 1569 1589 τὸν
1628 1531 1932 1601 Βαπτιστήν
1961 1546 1978 1561 ·

316 1622 470 1681 ἄλλοι
516 1623 572 1680 δὲ
645 1621 861 1701 Ἠλίαν,
921 1621 1074 1681 ἄλλοι
1131 1619 1177 1679 δ’
1244 1619 1325 1678 ὅτι
1396 1622 1678 1703 προφήτης
1738 1642 1819 1683 τις
1876 1625 1982 1676 τῶν

2078 808 2325 887 pserint.
2371 810 2808 891 Superfuerunt
2849 819 3048 875 autem
3091 812 3333 894 cophini
3385 813 3729 890 duodecim,

2073 896 2457 962 utdiscamus
2500 907 2784 981 quantum
2820 898 3006 982 possit
3047 901 3443 984 hospitalitas,
3478 908 3540 966 et
3570 904 3729 985 quod

2072 995 2273 1049 nostra
2301 988 2772 1071 multiplicentur
2802 1009 2936 1053 cum
2968 992 3418 1073 suppeditamus
3448 992 3727 1072 indigen-

2072 1075 2253 1139 tibus.
2287 1076 2521 1141 Dictum
2566 1090 2655 1142 est
2684 1088 2884 1143 autem
2914 1079 2991 1142 de
3038 1081 3130 1143 his
3166 1081 3340 1144 latius
3370 1082 3430 1144 in
3460 1082 3554 1144 his
3596 1102 3730 1164 quae

2070 1164 2228 1227 dicta
2260 1175 2398 1229 sunt
2419 1168 2581 1248 apud
2611 1170 2983 1232 Matthaaum.

2155 1256 2335 1320 Vens.
2378 1256 2575 1322 18-22.
2615 1278 2643 1317 ‹
2673 1257 2746 1320 Et
2790 1258 3007 1321 factum
3051 1268 3142 1322 est
3182 1278 3320 1323 cum
3365 1260 3528 1323 solus
3566 1269 3729 1324 esset

2068 1364 2272 1417 orans,
2308 1354 2478 1409 erant
2510 1366 2642 1410 cum
2676 1348 2777 1411 illo
2808 1357 2871 1412 et
2890 1348 3193 1431 discipuli,
3231 1350 3729 1433 interrogavitque

2067 1434 2203 1496 illos
2234 1436 2446 1499 dicens
2481 1455 2494 1500 :
2530 1436 2721 1511 Quem
2749 1456 2847 1503 me
2877 1439 3085 1502 dicunt
3112 1457 3245 1502 esse
3280 1439 3466 1502 turbae
3485 1440 3516 1501 ?
3538 1441 3612 1503 At
3641 1440 3728 1504 illi

2065 1527 2507 1606 responderunt
2565 1535 2624 1589 et
2680 1527 2980 1604 dixerunt,
3029 1527 3321 1592 Joannem
3373 1529 3723 1611 Baptistam,

2065 1614 2164 1677 alii
2192 1622 2390 1677 autem
2424 1613 2640 1698 Eliam,
2669 1617 2769 1679 alii
2790 1636 2929 1680 vero
2962 1617 3121 1698 quod
3154 1637 3308 1680 unus
3339 1618 3629 1700 propheta
3650 1620 3728 1682 de

318 1712 562 1794 ἀρχαίων
618 1712 840 1782 ἀνέστη.
874 1718 1013 1773 Εἷπε
1044 1712 1097 1769 δὲ
1128 1714 1317 1776 αὐτοῖς
1350 1726 1364 1742 ⁶
1411 1702 1597 1788 Ὑμεῖς
1644 1709 1723 1784 δὲ,
1767 1709 1883 1766 τίνα
1914 1730 1980 1786 με

2064 1703 2323 1786 antiquis
2356 1706 2636 1768 surrexit.
2690 1704 2852 1769 Dixit
2894 1715 3095 1770 autem
3134 1706 3303 1771 illis:
3364 1706 3479 1771 Vos
3526 1716 3725 1772 autem

317 1802 502 1883 λέγετε
534 1804 677 1862 εἶναι
715 1824 730 1877 ;
779 1804 1109 1883 Ἀποκριθεὶς
1138 1799 1193 1858 δὲ
1216 1804 1245 1859 6
1274 1800 1472 1881 Πέτρος
1504 1800 1629 1858 εἷπε
1663 1816 1677 1830 ⁸
1706 1800 1808 1859 Τὸν
1852 1806 1982 1878 Χρι-

318 1894 443 1950 στὸν
487 1904 580 1953 τοῦ
628 1901 785 1955 Θεοῦ.
848 1884 906 1953 Ὀ
965 1892 1021 1951 δὲ
1105 1891 1433 1967 ἐπιτιμήσας
1494 1889 1705 1970 αὐτοῖς,
1762 1889 1982 1970 παρήγ-

319 1982 466 2061 γειλε
510 1982 697 2058 μηδενὶ
752 1986 915 2042 είοεῖν
973 1986 1153 2059 τοῦτο,
1224 1982 1410 2053 εἰπὼν,
1457 1979 1539 2037 ὅτι
1587 1989 1685 2037 Δεῖ
1725 1980 1817 2037 τὸν
1861 1981 1982 2037 Υῑὸν

318 2081 411 2130 τοῦ
472 2074 747 2153 ἀνθρώπου
820 2071 999 2131 πολλά
1070 2075 1288 2143 παθεῖν,
1344 2072 1432 2128 καὶ
1488 2068 1979 2146 ἀποδοκιμασθῆναι

315 2162 424 2220 ἀπὸ
492 2166 598 2220 τῶν
651 2161 1043 2245 πρεσϐυτέρων,
1090 2164 1179 2219 καὶ
1237 2160 1556 2243 ἀρχιερέων,
1608 2160 1696 2218 καὶ
1726 2165 1982 2239 Γραμμα-

313 2252 469 2323 τέων,
520 2254 609 2311 καὶ
653 2253 1075 2329 ἀποκτανθῆναι,
1129 2253 1219 2310 καὶ
1273 2257 1343 2329 τῇ
1392 2250 1542 2330 τρίτῃ
1586 2248 1761 2329 ἡμέρα
1819 2248 1977 2328 ἐγερ-

312 2346 491 2411 θῆναι.
531 2367 560 2400 ι
626 2343 875 2425 Ἐρωτῶν
932 2344 1054 2407 τοὺς
1111 2342 1351 2419 μαθητὰς
1412 2341 1440 2396 6
1488 2341 1702 2420 Κύριος,
1748 2342 1843 2398 οὐκ
1886 2342 1979 2398 εῦ-

308 2434 440 2498 θέως
487 2433 661 2513 ἕρωτᾷ
714 2434 768 2491 τί
842 2432 1090 2511 λέγουσιν
1139 2432 1312 2503 αὐτοὶ,
1382 2429 1522 2487 ἀλλά
1565 2432 1819 2508 πρότερον
1876 2428 1977 2497 τὴν

312 2530 407 2580 τοῦ
479 2522 611 2581 λαοῦ
664 2524 914 2602 γνώμην,
992 2520 1100 2579 εἷθ’
1158 2520 1298 2578 οὕτω
1350 2519 1452 2587 τὴν
1513 2520 1682 2578 αὐτῶν
1741 2517 1977 2580 ἐκείνων.

320 2621 488 2675 Τοῦτο
550 2611 606 2669 δὲ
648 2627 823 2687 ποιεῖ,
880 2614 954 2676 ὡς
1006 2611 1069 2669 ἂν
1113 2608 1371 2687 ἀδόκιμον
1423 2605 1698 2674 ἀποδείξας
1739 2607 1835 2675 τὴν
1873 2606 1981 2665 τῶν

317 2701 540 2760 πολλῶν
598 2705 720 2782 περὶ
748 2704 908 2760 αὐτοῦ
966 2703 1205 2783 φήμηνλ
1229 2701 1542 2777 μεταστήσῃ
1585 2698 1710 2763 τοὺς
1739 2697 1980 2774 μαθητὰς

316 2793 391 2858 εἰς
436 2794 539 2860 τὴν
582 2772 759 2861 ἀληθῆ
817 2772 1110 2868 ὑπόληψιν.
1168 2772 1248 2849 υὁ
1307 2789 1372 2858 δὴ
1402 2772 1848 2867 καί-πέπρακται.
1885 2787 1979 2846 Εἱ-

315 2880 528 2940 πόντων
580 2884 682 2962 γὰρ
722 2889 831 2940 τῶν
881 2885 1159 2961 μαθητῶν,
1193 2878 1275 2936 ὅτι
1320 2879 1382 2939 Οἱ
1412 2877 1510 2962 μὲν
1539 2874 1818 2950 Ἰωάννην,
1849 2879 1897 2932 οἱ
1926 2874 1980 2932 δὲ

2069 1811 2246 1874 quem
2282 1811 2377 1856 me
2408 1813 2540 1857 esse
2570 1795 2774 1859 dicitis
2796 1802 2824 1860 ⁸(
2853 1796 3249 1878 Respondens
3275 1795 3484 1860 Simon
3514 1800 3724 1861 Petrus

2064 1883 2231 1964 dixit,
2267 1883 2574 1947 Christum
2607 1885 2774 1948 illum
2810 1886 2940 1950 Dei.
2971 1886 3172 1949 Atille
3193 1886 3590 1949 comminatus
3608 1887 3725 1950 illis

2065 1973 2349 2055 praecepit
2379 1991 2455 2037 ne
2484 1976 2579 2037 cui
2609 1976 2885 2039 dicerent
2910 1977 3045 2052 hoc,
3085 1975 3292 2039 dicens
3325 1996 3340 2037 :
3375 1975 3525 2050 Quia
3554 1996 3729 2058 opor-

2067 2070 2149 2125 tet
2181 2063 2391 2127 Filium
2452 2064 2715 2128 hominis
2769 2064 2960 2129 multa
3012 2066 3156 2147 pati,
3218 2073 3278 2128 et
3331 2064 3644 2147 reprobari
3690 2087 3725 2129 a

2063 2152 2407 2215 senioribus
2441 2162 2501 2215 et
2549 2154 2923 2236 principibus
2969 2153 3346 2217 sacerdotum
3395 2162 3454 2217 et
3481 2154 3721 2237 scribis,

2063 2251 2120 2307 et
2153 2242 2373 2318 occidi,
2423 2251 2483 2306 et
2531 2244 2706 2307 tertia
2743 2243 2842 2307 die
2889 2261 3227 2324 resurgere.
3267 2268 3291 2300 ιι
3342 2245 3723 2325 Interrogans

2060 2331 2387 2413 discipulos
2435 2331 2750 2411 Dominus,
2813 2352 2935 2396 non
2984 2333 3182 2396 statim
3239 2334 3563 2414 interrogat
3619 2354 3724 2399 eos

2062 2422 2202 2503 quid
2248 2420 2361 2501 ipsi
2392 2422 2535 2483 534
2576 2422 2798 2499 dicant,
2832 2422 2938 2485 sed
2983 2422 3149 2504 prius
3195 2422 3354 2503 vulgi
3401 2429 3459 2485 et
3506 2424 3725 2487 deinde

2063 2509 2240 2572 etiam
2272 2513 2346 2573 ab
2382 2511 2470 2574 eis
2502 2511 2740 2574 illorum
2772 2511 3158 2577 sententiam.
3190 2511 3316 2575 Hoc
3353 2524 3556 2575 autem
3588 2514 3726 2576 facit

2063 2608 2126 2662 ut
2156 2599 2429 2664 ostendat
2458 2600 2793 2682 improbam
2821 2601 3148 2664 multorum
3168 2602 3245 2664 de
3265 2620 3330 2664 se
3351 2602 3720 2684 opinionem,

2066 2698 2128 2753 et
2170 2689 2495 2771 discipulos
2543 2690 2605 2753 in
2661 2710 2861 2753 veram
2920 2691 3282 2757 transferat:
3335 2691 3395 2752 id
3445 2692 3604 2773 quod
3665 2702 3727 2756 et

2063 2779 2281 2841 factum
2312 2788 2426 2843 est.
2476 2780 2625 2845 Cum
2680 2782 2842 2843 enim
2890 2781 3182 2845 dixissent
3236 2780 3537 2862 discipuli,
3568 2784 3726 2863 quod

2062 2868 2162 2932 alii
2194 2869 2435 2951 quidem
2466 2870 2781 2951 Joannem,
2816 2870 2919 2933 alii
2949 2890 3088 2934 vero
3113 2869 3303 2933 Eliam
3339 2878 3394 2933 te
3424 2870 3722 2953 dicerent,

314 2970 503 3028 Ἠλίαν
572 2958 959 3053 σε’λέγουσιν,
1005 2958 1161 3037 αῦτὸς
1205 2969 1377 3049 ἐρωτᾷ
1410 3016 1425 3032 ,
1478 2958 1664 3041 Ὑμεῖς
1696 2965 1775 3046 δὲ,
1808 2987 1967 3024 τουτ-

2064 2967 2183 3053 ipse
2201 2960 2530 3053 interrogat
2565 2980 2581 3053 ξ
2614 2960 2735 3053 vos
2757 2968 2981 3053 autem,
3015 2961 3127 3022 hoc
3158 2968 3273 3053 est,
3308 2960 3409 3053 qui
3429 2960 3723 3040 praecelli-

318 3059 479 3125 ἐστιν,
545 3054 735 3139 ’Υμεῖς
766 3047 825 3119 ,οἱ
876 3047 1209 3142 διαφέροντες
1236 3047 1472 3142 πᾴντων,
1509 3057 1557 3113 οἱ
1586 3054 1959 3135 ἑξειλεγμένοι,

2064 3051 2133 3114 Iis
2163 3048 2334 3122 alios,
2369 3047 2471 3129 qui
2520 3048 2728 3125 electi,
2782 3049 3007 3131 quique
3038 3048 3351 3130 praecipui,
3400 3068 3577 3131 quem
3628 3070 3725 3114 me

313 3150 362 3207 οἱ
416 3136 683 3227 ἐξαίρετοι,
746 3152 865 3209 τίνα
893 3136 1183 3229 με’λέγετε
1221 3167 1238 3225 ;
1290 3138 1349 3205 Ὀ
1392 3145 1448 3203 δὲ
1490 3145 1686 3225 Πέτρος
1716 3142 1964 3225 προπηδᾷ

2064 3158 2184 3229 esse
2218 3137 2471 3229 dicitis?
2504 3138 2663 3203 Ante
2694 3136 2845 3229 alios
2877 3146 3077 3229 autem
3111 3141 3323 3202 Petrus
3354 3138 3630 3221 prosiliit,
3666 3148 3724 3202 et

304 3246 414 3297 τῶν
475 3226 701 3320 λοιπῶν,
747 3242 838 3299 καὶ
884 3226 1313 3316 στόμαὝπάντων
1360 3236 1669 3315 γενόμενος,
1703 3232 1964 3310 ὁμολογεῖ

2064 3227 2237 3293 ’actus
2298 3226 2570 3320 omnium
2606 3246 2711 3320 os,
2761 3228 2977 3320 fatetur
3023 3228 3193 3291 illum
3240 3246 3373 3292 esse
3422 3229 3719 3293 Christum

301 3329 461 3386 αὐτὸν
518 3315 812 3388 εἶναι’τὸν
888 3315 1055 3387 πάλαι
1128 3327 1519 3408 κηρυττόμενον
1592 3325 1816 3404 Χριστὸν
1874 3327 1967 3381 τοῦ

2064 3320 2177 3390 Dei,
2208 3318 2312 3401 qui
2349 3316 2493 3408 olim
2528 3315 2889 3408 praedicatus
2939 3317 3319 3408 fuerat.iNon
3366 3320 3527 3381 enim
3577 3320 3724 3382 dixit

302 3428 459 3479 Θεοῦ.
496 3423 569 3478 Οὔ
594 3422 695 3501 γὰρ
743 3421 894 3495 εἶπε,
947 3420 1171 3499 Χριστὸν
1206 3404 1306 3475 ⁷τοῦ
1336 3423 1491 3491 Θεοῦ,
1524 3412 1684 3489 ἀλλὰ,
1717 3415 1807 3471 τὸν
1841 3421 1969 3493 Χρι-

2064 3404 2653 3501 Lantum,_Ch_ristum
2682 3404 2825 3501 .Dei,
2863 3405 2993 3483 sed,
3036 3407 3335 3501 Christum
3379 3408 3550 3501 illum
3585 3410 3718 3501 Dei,

306 3512 434 3566 στὸν
481 3518 574 3567 τοῦ
609 3494 766 3568 Θεοῦ
813 3494 950 3587 μετὰ
990 3516 1084 3566 τοῦ
1129 3507 1339 3589 ἄρθρου,
1383 3504 1477 3562 ἵνα
1507 3503 1727 3582 δηλώσῃ
1756 3502 1836 3560 ὅτι
1869 3506 1967 3561 αὒ-

2064 3517 2190 3560 cum
2225 3495 2500 3589 articulo,
2554 3494 2930 3589 utdeclaret
2978 3496 3136 3589 quod
3172 3496 3315 3589 ipse
3357 3497 3437 3560 sit
3482 3498 3721 3589 proprie

307 3601 401 3663 τός
456 3598 599 3656 ἔστιν
658 3602 686 3656 6
743 3583 936 3681 κυρίως
989 3583 1354 3678 Χριστδςτοῦ
1404 3602 1558 3656 Θεοῦ.
1622 3593 1817 3652 Πολλοὶ
1873 3595 1969 3681 μὲν

2064 3587 2333 3651 Christus
2354 3583 2496 3681 Dei.
2534 3584 2703 3646 Multi
2748 3585 2909 3681 enim
2956 3586 3121 3647 uncti
3162 3586 3425 3663 fuerunt,
3459 3587 3565 3649 sed
3617 3586 3722 3650 ille

309 3689 411 3767 γάρ
453 3674 823 3769 ἐχρίσθησανξ
871 3684 991 3746 ἀλλ’
1038 3674 1086 3746 ⁷ὁ
1142 3688 1365 3767 Χριστὸς
1432 3691 1527 3742 τοῦ
1566 3690 1699 3743 Θεοῦ
1755 3683 1842 3748 εἷς
1884 3674 1974 3739 καὶ

2064 3676 2330 3741 Christus
2353 3674 2458 3739 Dei
2490 3693 2646 3738 unus
2676 3683 2733 3737 et
2766 3676 2929 3738 solus
2959 3684 3070 3738 est.

358 3779 476 3843 ὄνος
524 3777 688 3840 ἐστίν.

312 3801 476 3854 μονος
524 3801 688 3840 εστιν.

397 3887 421 3923 ε
473 3865 689 3949 ’Ἔλεγε
738 3865 793 3923 δὲ
836 3868 970 3947 πρὸς
1000 3868 1199 3932 πάντας
1234 3882 1248 3897 ⁸
1286 3865 1355 3925 E’t'
1392 3888 1467 3930 τις
1500 3862 1641 3922 θέλει
1672 3864 1843 3921 ὀπίσω
1875 3885 1978 3940 μου

2145 3858 2331 3949 Vens.
2360 3853 2582 3919 23-27.
2623 3880 2647 3911 α
2702 3854 3197 3949 Dicebat_autem
3245 3855 3319 3918 ad
3350 3874 3606 3949 omnes:
3657 3856 3721 3921 Si

302 3957 504 4039 ἐλθεῖν,
561 3943 962 4036 ἀπαρνησάσθω
1016 3959 1226 4033 ἐαδτδν,
1280 3957 1369 4014 καὶ
1421 3954 1604 4035 ἀράτω
1633 3954 1724 4039 τῂν
1756 3955 1977 4034 σταυρὸν

2064 3948 2194 4039 quis
2223 3946 2353 4008 vult
2383 3953 2515 4027 post
2544 3963 2641 4007 me
2663 3943 2899 4039 venire,
2926 3944 3182 4039 abneget
3210 3946 3639 4039 semetipsum,
3663 3956 3723 4039 et

299 4050 461 4105 αὑτοῦ
489 4027 631 4106 ’καθ’
677 4027 919 4128 ἦμέραν,
954 4048 1043 4103 καὶ
1070 4027 1425 4104 ἀκολουθείτω
1458 4027 1594 4119 μοι.
1642 4027 1753 4104 μΟς
1786 4027 1978 4122 γὰρ-ἃν

2064 4027 2229 4100 tollat
2257 4054 2497 4097 crucem
2530 4053 2702 4096 suam
2736 4034 3031 4116 quotidie,
3063 4044 3121 4098 et
3149 4043 3433 4117 sequatur
3460 4056 3578 4100 me.
3606 4036 3721 4111 Qui

293 4137 427 4215 θέλῃ
457 4139 553 4207 τὴν
594 4137 784 4218 ψυχὴν
804 4124 973 4193 ἀὐτοῦ
1002 4141 1196 4210 σῶσαι,
1228 4134 1477 4192 ἀπολέσει
1529 4134 1717 4208 αὐτὴν,
1752 4132 1808 4199 ὃς
1836 4130 1881 4188 δ’
1914 4131 1977 4191 ἂν

2064 4126 2220 4190 enim
2251 4124 2511 4188 voluerit
2538 4125 2799 4188 animam
2833 4142 3000 4187 suam
3024 4125 3248 4187 salvam
3277 4126 3723 4208 facere,perdet

297 4214 545 4306 ἀπολέσῃ
581 4214 901 4307 τὴννψυχὴν
932 4230 1091 4285 αὐτοῦ
1117 4224 1294 4281 ἕνεκεν
1325 4223 1482 4302 έμοῦ,
1512 4223 1661 4288 οὗτος
1694 4223 1854 4280 σώσει
1885 4222 1976 4279 αὖ⁹

2064 4217 2264 4307 illam;
2297 4214 2569 4307 quivero
2603 4214 2936 4307 perdiderit
2982 4216 3238 4307 animam
3274 4234 3443 4307 suam
3476 4224 3722 4298 propter

296 4319 423 4391 τήν,
471 4303 530 4376 Τί
562 4319 663 4397 γάρ
689 4303 981 4398 ὠφελεῖται
1034 4312 1310 4396 ἅνθρωπος
1352 4312 1612 4393 κερδήσας
1630 4314 1737 4398 τὸν
1766 4314 1971 4388 κόσμον

2064 4328 2176 4389 me,
2229 4305 2280 4366 is
2337 4304 2557 4366 salvam
2607 4304 2785 4366 faciet
2834 4304 3024 4367 illam.
3060 4303 3211 4377 Quid
3264 4305 3423 4367 enim
3484 4307 3722 4386 proﬁcit

300 4383 451 4481 ὅλον,
485 4383 670 4463 ἑαυτὸν
718 4383 774 4461 δέ
831 4403 1100 4468 ἀπολέσας
1131 4383 1193 4472 ’ἢ
1251 4383 1539 4479 ζημιωθείς
1575 4423 1593 4477 ;
1629 4383 1738 4465 "Oc
1770 4402 1870 4481 γὰρ
1901 4399 1963 4457 ἂν

2064 4383 2252 4471 nomo,
2282 4394 2333 4456 si
2382 4394 2650 4455 lucretur
2675 4392 3024 4455 universum
3059 4395 3373 4468 mundum,
3407 4383 3716 4458 se‘autem

305 4496 643 4575 ἀπαισχυνθῇ
685 4516 753 4570 με
784 4494 1025 4559 καὶτοὺς
1055 4493 1215 4570 ἐμοὺς
1246 4493 1460 4568 λόγους,
1517 4500 1698 4551 τοῦτον
1756 4493 1784 4548 6
1845 4492 1963 4554 Υἱὸς

2064 4506 2247 4573 .psum
2275 4483 2506 4565 perdat,
2532 4491 2638 4575 aut
2662 4484 2966 4575 jucturam
2998 4484 3291 4565 suiipsius
3321 4486 3538 4549 faciat?
3566 4488 3716 4551 Nam

302 4593 400 4644 τοῦ
458 4572 733 4664 ἀνθρώπου
809 4583 1320 4665 ἐπαισχυνθήσεται,
1392 4580 1518 4639 ὅταν
1576 4579 1703 4658 ἔλθῃ
1774 4580 1830 4638 ἐν
1901 4586 1969 4659 τῇ

2064 4572 2230 4663 quem
2264 4576 2377 4636 mei
2418 4572 2712 4665 pulluerit
2741 4582 2799 4635 et
2836 4592 3105 4636 meorum
3140 4593 3516 4650 sermonum,
3556 4576 3719 4640 hunc

301 4673 429 4750 δόξῃ
464 4663 624 4732 αὐτοῦ
653 4675 743 4731 καὶ
775 4680 868 4731 τοῦ
926 4663 1133 4752 Πατρὸς
1178 4673 1266 4729 καὶ
1324 4677 1431 4728 τῶν
1487 4672 1650 4749 ἁγίων
1697 4668 1966 4748 ἀγγέλων,

2064 4670 2241 4734 Filius
2268 4663 2527 4727 hominis
2552 4664 2871 4725 erubescet
2897 4680 3030 4726 cum
3063 4665 3293 4727 venerit
3320 4666 3381 4727 in
3412 4667 3720 4747 majestate

304 4766 458 4843 Λέγω
514 4762 569 4821 δὲ
611 4765 744 4840 ὑμῖν
776 4764 1013 4839 ἀληθῶς,
1048 4762 1146 4820 εἶσί
1174 4784 1310 4827 τινες
1345 4768 1450 4819 τῶν
1492 4758 1594 4817 ὦδε
1636 4759 1967 4836 ἑστηκότων,

2064 4777 2165 4824 sua
2195 4764 2253 4819 et
2277 4753 2555 4835 Patris,et
2581 4760 2935 4843 sanctorum,
2954 4756 3324 4834 angelorum.
3352 4754 3496 4819 Dico
3519 4764 3715 4819 autem

300 4857 355 4911 οἱ
394 4842 477 4913 οὔ
520 4854 599 4929 μὴ
643 4853 937 4932 γεύσωνται
986 4851 1237 4931 θανάτου,
1268 4849 1371 4914 ἕως
1402 4849 1463 4907 ἂν
1495 4847 1652 4906 ἴδωσι
1682 4851 1778 4918 τὴν
1809 4850 1973 4926 βασι-

2064 4848 2225 4912 vobis
2255 4862 2415 4919 vere,
2444 4843 2600 4925 quod
2635 4851 2773 4904 sunt
2800 4842 3039 4925 quidam
3074 4843 3171 4905 hic
3202 4852 3447 4927 stantes,
3472 4845 3574 4927 qui
3597 4864 3714 4907 non

296 4943 449 5000 λείαν
506 4952 599 5002 τοῦ
644 4949 799 5005 Θεοῦ.
850 4967 877 4997 ι
915 4939 1139 5009 Ἐπειδὴ
1170 4940 1286 5019 περὶ
1330 4939 1518 4995 ἑαυτοῦ
1549 4939 1729 5020 εἶπεν,
1761 4937 1842 4995 ὅτι
1878 4948 2010 4994 Δεῖ-

297 5034 398 5091 τόν
456 5034 575 5089 ι’ἱὸν
631 5040 724 5090 τοῦ
781 5033 1057 5112 ἀνθρώπου
1098 5028 1273 5087 πολλὰ
1332 5032 1548 5103 παθεῖν,
1599 5028 1833 5109 ἐπιφέρει
1886 5036 1976 5091 καὶ

302 5125 482 5181 κοινόν
525 5145 576 5179 τι
630 5124 720 5180 καὶ
768 5120 1075 5196 καθολικὸν,
1125 5119 1207 5177 ὅτι
1251 5119 1311 5177 οὔ
1361 5120 1524 5195 μύνος
1582 5118 1692 5199 ἐγὼ
1751 5118 1975 5176 θάνατον

301 5214 702 5289 ῦποστήσομαι,
759 5211 898 5268 ἀλλά
950 5213 1050 5291 γὰρ
1120 5212 1208 5268 καὶ
1292 5212 1491 5275 πάντες
1548 5212 1595 5266 οἱ
1662 5206 1974 5287 βουλόμενοι

304 5303 623 5362 ἀκολουθεῖν
692 5302 834 5380 ἐμοὶ,
912 5301 1211 5383 ὀφείλουσιν
1294 5302 1508 5363 ἑαυτοὺς
1597 5299 1973 5385 ἀπαρνεῖσθαι,

303 5392 576 5470 μηδεμίαν
633 5393 913 5450 κοινωνίαν
966 5391 1186 5473 ἔχοντες
1241 5394 1372 5473 πρὸς
1430 5390 1530 5458 τὴν
1584 5386 1777 5469 σάρκα,
1838 5389 1976 5448 ἀλλά

300 5490 755 5564 καταφρονοῦντες
816 5482 1039 5545 ἑαυτῶν.
1104 5485 1338 5564 Σταυρὸν
1391 5480 1447 5538 δὲ
1520 5479 1740 5537 ἐνταῦθα
1829 5478 1973 5560 λέγει

295 5576 390 5631 τὸν
459 5574 685 5630 θάνατον
740 5576 834 5629 τὸν
887 5570 1241 5631 ἐπονείδιστον
1272 5589 1288 5606 ⁸
1352 5570 1531 5651 ἕτερος
1592 5571 1693 5651 γὰρ
1750 5571 1972 5637 θάνατος

288 5664 389 5724 οῦκ
422 5663 488 5734 ἦν
533 5661 704 5728 οὕτως
736 5656 794 5719 ἀδ
812 5660 929 5729 οξος
958 5662 1033 5727 ὡς
1091 5663 1121 5720 6
1173 5661 1259 5721 διὰ
1286 5660 1535 5742 σταυροῦ,
1572 5660 1844 5719 Δείκνυσιν
1876 5661 1970 5720 οῦν

2058 4935 2386 5020 gustabunt
2420 4940 2699 5010 mortem,
2734 4933 2926 4996 donec
2956 4934 3199 4997 videant
3236 4952 3485 5016 regnum
3519 4935 3646 5000 Dei.
3690 4961 3712 4993 ι

2061 5026 2355 5102 Quoniam
2381 5024 2454 5085 de
2497 5023 2693 5104 seipso
2725 5022 2975 5099 dixerat,
3006 5022 3167 5106 quod
3201 5032 3469 5106 oporteat
3498 5024 3714 5087 Filium

2060 5116 2323 5180 hominis
2355 5113 2543 5175 multa
2576 5115 2717 5194 pati,
2750 5113 2931 5176 infert
2968 5132 3290 5177 commune
3322 5114 3620 5195 quoddam
3648 5133 3718 5178 ac

2060 5205 2366 5288 generale,
2399 5203 2556 5285 quod
2594 5222 2713 5265 non
2757 5204 2922 5265 solus
2954 5223 3060 5284 ego
3094 5211 3350 5266 mortem
3383 5205 3712 5282 sustinebo,

2060 5299 2165 5361 sed
2201 5306 2259 5358 et
2287 5312 2497 5358 omnes
2526 5294 2628 5375 qui
2662 5312 2757 5357 me
2787 5295 2989 5359 volunt
3014 5294 3203 5377 sequi,
3239 5294 3459 5358 debent
3484 5296 3718 5377 seipsos

2060 5389 2380 5467 abnegare,
2417 5383 2638 5445 nullam
2675 5385 3163 5448 communionem
3195 5405 3332 5447 cum
3385 5405 3565 5449 carne
3604 5390 3716 5450 ha-

2060 5478 2294 5551 bentes,
2330 5475 2435 5539 sed
2470 5473 2875 5555 despicientes
2921 5476 3171 5558 seipsos.
3215 5476 3470 5540 Crucem
3521 5485 3717 5540 autem

2058 5570 2206 5635 dicit
2235 5568 2346 5630 hoc
2394 5564 2526 5626 loco
2582 5572 2833 5627 mortem
2882 5565 3505 5649 contemptissimam:
3555 5567 3721 5630 nulla

2060 5661 2222 5725 enim
2285 5671 2448 5718 mors
2516 5662 2635 5716 tam
2698 5654 3083 5737 despicabilis
3131 5655 3241 5719 fuit
3290 5656 3445 5719 sicut
3498 5656 3716 5721 crucis.
