4202 6416
490 340 609 406 819

1384 342 1980 406 THEOPHYLACTI
2024 342 2437 407 BULGARI/E
2462 342 2818 409 ARCHIEP.

3772 344 3889 410 820

495 478 773 544 Ostendit
818 481 1015 560 itaque
1043 477 1200 559 quod
1247 475 1298 538 si
1328 476 1462 558 quis
1508 475 1760 537 voluerit
1808 476 1938 556 ejus
1969 474 2145 537 disci-

2240 475 2320 533 ὅτι
2365 476 2418 533 εἴ
2460 500 2541 544 τις
2599 478 2737 536 θέλει
2794 480 3041 554 μαθητὴς
3106 482 3265 538 αὐτοῦ
3329 481 3496 556 εἶναι,
3546 478 3898 549 ἀποθνήσκειν

493 568 669 650 pulus
697 586 856 644 esse,
905 566 1055 629 mori
1099 565 1282 636 debet
1323 585 1439 628 non
1485 565 1744 645 gloriosa
1795 573 2010 632 morte:
2044 564 2150 627 sed

491 656 947 737 contemptibili,
983 665 1041 717 et
1071 656 1222 717 sicut
1252 655 1684 717 condemnatus
1735 654 1950 716 occidi.
1986 653 2150 727 Quo-

490 748 648 810 niam
672 754 866 809 autem
901 745 1071 807 multi
1101 745 1499 825 ignominiosa
1544 752 1736 806 morte
1771 745 2147 819 occiduntur,

490 840 596 903 sed
650 840 801 902 sicut
872 841 1133 903 latrones
1183 857 1253 900 ac
1325 838 1769 913 malefactores,
1833 846 2150 920 prepterea

490 931 693 1013 adjicit
719 933 852 1012 hoc,
889 940 946 993 et
976 938 1261 1013 sequatur
1293 950 1412 1007 me,
1447 932 1563 993 hoc
1604 936 1723 1005 est,
1756 949 1995 992 omnem
2027 931 2148 992 vir-

490 1032 675 1086 tutem
708 1033 1003 1087 exerceat.
1051 1024 1162 1096 Qui
1195 1022 1356 1086 enim
1391 1022 1649 1085 voluerit
1688 1023 1947 1085 animam
1982 1041 2149 1085 suam

490 1132 748 1189 servare,
786 1114 994 1194 perdet
1021 1113 1209 1189 illam,
1247 1114 1361 1175 hoc
1389 1121 1500 1189 est,
1534 1113 1636 1193 qui
1666 1113 1920 1176 voluerit
1957 1112 2154 1175 vivere

482 1204 653 1283 juxta
696 1204 1009 1278 mundum,
1069 1203 1166 1265 hic
1225 1202 1444 1265 occidit
1500 1203 1783 1265 animam.
1838 1202 2151 1265 Erubescit

489 1292 791 1355 Christum
827 1294 930 1374 qui
957 1293 1146 1356 dicit:
1204 1293 1515 1366 Quomodo
1548 1292 1787 1353 credam
1836 1292 1898 1353 in
1945 1291 2147 1354 cruci-

491 1383 670 1444 ﬁxum
706 1390 765 1444 et
792 1383 1033 1445 illusum
1066 1382 1304 1444 Deum?
1334 1391 1392 1442 et
1434 1399 1747 1444 sermones
1796 1382 1958 1443 illius
2004 1400 2148 1443 eru-

491 1471 702 1554 bescit,
737 1472 838 1554 qui
866 1472 1167 1552 Evangelii
1196 1471 1637 1553 simplicitatem
1669 1471 1887 1532 irridet
1918 1492 1930 1531 :
1973 1470 2149 1533 talem

490 1570 688 1624 autem
718 1560 1035 1624 erubescet
1089 1568 1147 1623 et
1194 1561 1485 1624 Dominus
1518 1560 1580 1621 in
1628 1560 1815 1639 gloria
1862 1579 1990 1630 sua,
2037 1561 2150 1625 hoc

491 1657 602 1731 est,
637 1649 698 1711 in
730 1650 993 1711 secundo
1024 1650 1306 1712 adventu.
1355 1648 1522 1720 Quod
1556 1658 1755 1710 autem
1789 1649 1957 1725 dicit,
1990 1651 2149 1712 hunc

2238 566 2435 647 ὀφείλει
2496 568 2590 625 οὐκ
2636 567 2840 635 ἔνδοξον
2902 570 3148 641 θάνατον,
3214 568 3335 626 ἀλλ’
3387 567 3764 641 ἐπονείδιστον,
3825 571 3897 632 ὡς

2235 658 2548 738 κατάκριτος
2580 660 2960 740 φονευόμενος.
3022 659 3173 718 Ἐπεὶ
3230 659 3286 716 δὲ
3342 658 3532 717 πολλοὶ
3589 659 3895 740 φονεύονται

2236 747 2332 824 μὲν
2374 748 2768 827 ἐπονειδίστως,
2817 749 2936 811 ἀλλ’
2985 752 3058 815 ὡς
3101 750 3292 827 λῃσταὶ
3340 752 3429 806 καὶ
3462 750 3765 823 κακοποιοὶ,
3810 747 3895 806 διὰ

2234 841 2386 895 τοῦτο
2431 839 2727 919 προσέθηκε
2790 842 2874 921 τὸ,
2938 842 3035 898 Καὶ
3078 840 3413 921 ἀκολουθείτο
3460 864 3575 915 μοι,
3622 838 3889 914 τουτέστι,

2234 935 2405 985 πᾶσαν
2452 913 2641 1008 ἀρετὴν
2674 913 3040 1010 μετερχέσθω.
3097 913 3205 993 μΟς
3255 931 3355 1009 γὰρ
3388 913 3608 1005 ἀνθέλῃ
3653 932 3750 995 την
3782 913 3891 1004 ψυέ

2236 1018 2345 1098 χὴν
2403 1020 2559 1079 αὑτοῦ
2604 1019 2793 1094 σῶσαι,
2828 1017 3078 1076 ἀπολέσει
3126 1021 3311 1096 αὑτὴν,
3360 1019 3652 1099 τουτέστιν,
3712 1020 3769 1081 ὃς
3830 1016 3895 1074 ἂν

2233 1107 2360 1189 θέλῃ
2416 1109 2572 1180 ζῆσαι
2626 1111 2762 1166 κατά
2820 1111 3045 1185 κόσμον,
3128 1111 3279 1173 οὗτος
3357 1109 3706 1166 ἀποθανεῖται
3757 1107 3896 1164 κατά

2233 1199 2439 1279 ψυχήν.
2506 1197 2924 1279 Ἐπαισχύνεται
2976 1198 3031 1255 δὲ
3075 1200 3165 1255 τὸν
3202 1201 3452 1279 Χριστὸν,
3487 1202 3514 1255 6
3544 1197 3738 1276 λέγων,
3785 1195 3892 1268 ὅτι,

2232 1289 2354 1351 Πῶς
2414 1290 2679 1345 πιστεύσω
2734 1288 3120 1366 ἐσταυρωμένῳ
3170 1296 3286 1362 Θεῷ
3350 1290 3438 1345 καὶ
3481 1287 3894 1367 έμπαιχθέντις

2232 1377 2368 1436 ἀλλά
2421 1380 2508 1435 καὶ
2566 1381 2688 1444 τοὺς
2735 1378 2895 1436 αύτοῦ
2937 1377 3128 1457 λόγους
3176 1378 3581 1459 ἐπαισχύνεται,
3618 1376 3645 1432 ὃ
3674 1377 3775 1443 την
3804 1385 3900 1435 τοῦ

2234 1466 2557 1546 Εύαγγελίου
2603 1466 2863 1525 ἰδιωτείαν
2918 1466 3197 1546 διασύρων.
3264 1474 3512 1526 Τοιοῦτον
3573 1467 3661 1524 οὖν
3729 1468 3896 1521 ἔπαι-

2234 1560 2591 1637 σχυνθήσεται
2650 1560 2677 1614 ὁ
2725 1558 2908 1635 Κύριος
2965 1558 3027 1637 ἐν.
3082 1564 3151 1635 τῇ
3215 1556 3339 1637 δόξῃ
3385 1561 3562 1631 αὐτού,
3628 1554 3893 1629 τουτέστι,

2230 1650 2298 1721 τῇ
2356 1644 2569 1726 δευτέρᾳ
2636 1649 2919 1726 παρουσίᾳ.
2992 1630 3069 1705 μ0
3130 1645 3184 1703 δὲ
3228 1646 3374 1726 λέγει
3438 1646 3676 1704 τοιοῦτόν
3706 1643 3892 1699 ἔστιν·

491 1758 735 1802 sensum
767 1739 992 1801 habet:
1034 1740 1189 1801 sicut
1219 1738 1270 1800 si
1314 1738 1449 1819 quis
1498 1739 1923 1818 paterfamilias
1972 1740 2145 1803 habet

2230 1734 2441 1815 ’Ὥσπερ
2498 1736 2586 1792 ἐάν
2638 1759 2718 1801 τις
2776 1735 3160 1804 οἰκοδεσπότης
3221 1736 3329 1817 ἔχῃ
3391 1735 3575 1793 δοῦλον
3631 1734 3891 1811 πονηρὸν,

489 1847 727 1892 servum
754 1830 1001 1908 malum,
1033 1827 1334 1891 erubescit
1365 1828 1678 1891 nominare
1708 1828 1877 1891 illum
1908 1847 2145 1892 servum

488 1917 823 2000 proprium,
856 1917 937 1980 ita
958 1926 1016 1979 et
1044 1937 1177 1999 ego,
1214 1918 1429 1999 inquit,
1456 1917 1803 1980 erubescam
1838 1918 2150 1981 nominare

488 2025 721 2070 servum
755 2026 955 2070 meum
1010 2025 1145 2068 eum
1176 2007 1279 2089 qui
1311 2005 1695 2086 abnegaverit
1739 2025 1859 2069 me.
1897 2007 1968 2068 Et
2014 2007 2151 2089 quia

487 2115 669 2178 supra
701 2097 847 2159 dixit
885 2116 900 2157 :
956 2094 1069 2169 Qui
1120 2096 1317 2177 perdit
1364 2098 1624 2158 animam
1678 2114 1869 2172 suam,
1903 2096 2152 2160 salvabit

487 2184 649 2249 illam
680 2206 694 2246 :
728 2186 935 2247 volens
975 2193 1309 2246 monstrare
1343 2203 1616 2265 quaenam
1653 2183 1811 2247 bona
1844 2186 1990 2247 tales
2022 2206 2151 2249 me-

486 2284 752 2353 reantur,
797 2274 943 2337 dicit
977 2296 989 2338 :
1044 2273 1196 2337 Sunt
1224 2274 1366 2335 555
1397 2274 1639 2355 quidam
1676 2292 1744 2336 ex
1777 2274 1869 2336 his
1914 2277 2013 2356 qui
2053 2276 2152 2339 hic

489 2376 646 2443 sunt,
684 2366 784 2448 qui
835 2385 952 2427 non
987 2365 1324 2428 morientur
1364 2364 1557 2428 donec
1603 2366 1857 2427 viderint
1898 2384 2145 2446 regnum

486 2457 621 2537 Dei,
661 2457 775 2518 hoc
827 2462 937 2531 est,
973 2454 1247 2536 gloriam,
1281 2456 1339 2518 in
1392 2473 1509 2536 qua
1556 2454 1739 2517 futuri
1790 2464 1925 2517 sunt
1972 2456 2144 2536 justi.

486 2547 613 2609 Hoc
639 2553 835 2608 autem
867 2544 1013 2606 dixit
1044 2544 1120 2606 de
1158 2544 1681 2623 transfiguratione
1713 2562 1840 2607 sua.
1875 2544 2144 2608 Transti-

488 2638 718 2716 guratio
755 2635 917 2697 enim
966 2634 1158 2712 ﬁgura
1199 2633 1309 2694 fuit
1355 2632 1567 2694 futurae
1608 2634 1858 2712 gloriae:
1912 2643 1970 2696 et
1996 2636 2148 2697 sicut

486 2725 547 2787 in
582 2726 693 2787 hac
721 2725 894 2787 Jesus
927 2722 1283 2783 mirabiliter
1320 2722 1658 2801 fulguravit,
1693 2722 1775 2784 ita
1803 2723 1929 2803 pari
1958 2724 2148 2786 forma

488 2825 628 2877 tunc
659 2822 717 2877 et
739 2813 884 2895 justi
917 2812 1250 2892 fulgebunt.
1278 2810 1426 2874 Sunt
1455 2811 1631 2891 igitur
1654 2813 2141 2895 quidam,inquit,

482 2908 767 2980 Joannes,
801 2901 1058 2966 Jacobus
1090 2910 1149 2964 et
1180 2905 1415 2975 Petrus,
1460 2901 1563 2983 qui
1610 2920 1728 2963 non
1771 2921 2148 2985 prteoccupa-

484 2994 705 3058 buntur
736 3002 947 3068 morte,
983 2992 1176 3055 donec
1208 2991 1465 3055 viderint
1497 2993 1558 3053 in
1595 3011 1712 3073 qua
1742 2993 1930 3074 gloria
1960 2992 2145 3056 futuri

482 3092 625 3148 sunt
654 3084 755 3166 qui
780 3102 876 3146 me
906 3060 1285 3146 conﬁtentur.
1333 3060 1635 3144 Viderunt
1680 3060 1875 3145 auvtem
1924 3083 2033 3145 hoc
2080 3060 2204 3146 inC

482 3174 1023 3255 transﬁguratione.

562 3264 745 3327 Vens.
782 3262 1027 3327 28-36.«
1050 3263 1294 3325 Factum
1322 3268 1411 3325 est
1433 3270 1629 3324 autem
1660 3269 1794 3342 post
1814 3262 1940 3325 haec
1964 3262 2143 3326 verba

478 3354 605 3419 fere
635 3352 849 3415 diebus
871 3360 1027 3429 octo,
1052 3359 1111 3413 et
1139 3353 1467 3432 assumpsit
1493 3354 1733 3413 Pelrnm
1762 3361 1820 3414 et
1848 3353 2138 3415 Joannem

482 3451 540 3506 et
566 3441 882 3515 Jacobum,
917 3450 975 3504 et
1000 3441 1274 3503 ascendit
1304 3442 1365 3504 in
1402 3449 1667 3503 montem
1698 3449 1763 3502 ut
1794 3450 2015 3504 oraret.
2068 3443 2144 3508 Et

479 3533 634 3596 facta
662 3541 775 3610 est,
810 3532 950 3594 dum
984 3538 1203 3608 oraret,
1241 3532 1474 3612 species
1512 3532 1709 3594 vultus
1757 3532 1887 3612 ejus
1916 3532 2049 3614 alia,
2085 3540 2144 3595 et

479 3622 725 3685 vestitus
754 3622 886 3702 ejus
909 3620 1083 3683 albus
1126 3632 1187 3683 et
1233 3620 1559 3701 refulgens.
1594 3620 1667 3682 Et
1716 3639 1857 3684 ecce
1887 3622 2006 3683 duo
2038 3622 2144 3683 viri

480 3711 877 3793 loquebantur
906 3728 1041 3773 cum
1092 3709 1221 3785 illo,
1254 3711 1353 3791 qui
1404 3719 1576 3772 erant
1625 3714 1814 3773 Moses
1866 3720 1923 3772 et
1954 3712 2141 3787 Elias,

480 3802 582 3884 qui
612 3802 722 3863 visi
747 3801 809 3861 in
834 3801 1140 3880 majestate
1164 3799 1446 3862 dicebant
1473 3817 1785 3863 excessum
1813 3801 1942 3882 ejus
1964 3821 2141 3883 quem

479 3892 885 3974 completurus
906 3892 1273 3953 erat.Petrus
1295 3908 1435 3953 vero
1464 3901 1520 3952 et
1539 3892 1637 3972 qui
1664 3910 1794 3952 curn
1822 3891 1923 3953 illo
1948 3901 2136 3966 erant,

479 3981 699 4063 gravati
729 3988 898 4042 erant
932 3997 1169 4044 somno.
1225 3977 1570 4062 Experrecti
1620 3989 1818 4043 autem
1865 3981 2142 4044 viderunt

480 4071 855 4152 majestatem
890 4070 1043 4149 ejus,
1077 4079 1135 4130 et
1183 4068 1334 4131 duos
1385 4069 1538 4133 viros
1589 4070 1690 4151 qui
1728 4077 1967 4132 stabant
2003 4089 2138 4137 cum

478 4160 606 4223 illo.
640 4161 718 4223 Et
761 4160 978 4221 factum
1031 4166 1120 4221 est
1168 4176 1302 4220 cum
1354 4159 1735 4222 discederent
1781 4159 1856 4222 ab
1901 4160 2030 4237 illo,
2062 4162 2145 4224 ait

478 4242 690 4315 Petrus
721 4249 793 4311 ad
827 4251 1052 4331 Iesum,
1102 4250 1463 4331 Praeceptor,
1518 4248 1743 4312 bonum
1790 4257 1881 4312 est
1908 4269 2018 4313 nos
2046 4251 2145 4313 hic

476 4357 629 4415 esse,
664 4348 721 4402 et
749 4339 1037 4403 faciamus
1081 4338 1195 4402 tria
1241 4338 1626 4417 tabernacula
1662 4359 1847 4402 unum
1898 4339 2026 4417 tibi,
2085 4348 2143 4403 et

475 4410 659 4493 unum
690 4431 862 4508 Mosi,
891 4438 947 4493 et
978 4449 1165 4492 unum
1196 4416 1680 4507 Elizefnesciens
1703 4429 1844 4512 quid
1879 4410 2134 4495 diceret.
2162 4410 2206 4460 Β

471 4524 609 4588 Haec
630 4532 827 4587 autem
851 4523 952 4585 illo
970 4523 1250 4605 loquente
1270 4524 1421 4587 facta
1454 4533 1546 4587 est
1576 4524 1789 4601 nubes,
1832 4532 1890 4585 et
1921 4524 2138 4587 obum-

471 4613 666 4677 bravit
695 4632 821 4677 eos.
874 4612 1233 4677 Timuerunt
1262 4623 1460 4677 autem
1507 4613 1872 4677 intrantibus
1912 4614 2031 4675 illis
2076 4616 2136 4677 in

471 4704 691 4767 nubem
725 4725 738 4768 :
774 4712 835 4766 et
861 4722 971 4766 vox
1004 4703 1155 4767 facta
1181 4711 1270 4767 est
1294 4704 1370 4767 de
1401 4703 1584 4789 nube,
1620 4704 1832 4767 dicens
1868 4722 1880 4767 :
1913 4701 2021 4767 Hic
2045 4713 2138 4767 est

468 4793 652 4857 Filius
685 4812 852 4857 meus
883 4793 1156 4867 dilectus,
1190 4793 1387 4876 ipsum
1421 4795 1647 4857 audite.
1684 4793 1756 4855 Et
1786 4793 1927 4855 dum
1961 4794 2137 4857 ﬁeret

466 4903 597 4959 vox,
626 4882 901 4947 inventus
926 4890 1018 4945 est
1052 4885 1226 4946 Jesus
1255 4884 1441 4965 solus,
1480 4891 1537 4946 et
1567 4883 1679 4965 ipsi
1708 4890 2044 4965 tacuerunt,
2078 4892 2137 4947 et

468 4974 692 5035 nemini
723 4973 1004 5036 dixerunt
1039 4974 1099 5035 in
1132 4973 1249 5035 illis
1297 4973 1509 5035 diebus
1564 4972 1889 5055 quidquam
1927 4991 1995 5034 ex
2043 4973 2137 5036 his

466 5082 598 5144 quae
626 5062 923 5127 viderant.
962 5088 989 5119 ιι
1027 5064 1342 5127 Μοιιὶιωιιε
1374 5063 1520 5126 dicit
1551 5081 1654 5125 sex
1690 5062 1821 5123 dies
1846 5063 2134 5126 transisse

465 5160 598 5233 post
628 5172 938 5216 sermones
966 5153 1099 5235 hos,
1155 5159 1217 5217 et
1266 5162 1406 5217 tunc
1454 5155 1656 5217 Jesum
1692 5151 2040 5214 ascendisse
2071 5154 2131 5217 in

465 5252 749 5307 montem.
782 5244 974 5306 Lucas
1004 5251 1201 5306 autem
1240 5243 1384 5307 dicit
1434 5253 1567 5307 octo
1620 5241 1931 5304 transisse.
1983 5240 2131 5306 Nam

448 5332 563 5394 'ille
593 5334 748 5395 solas
779 5333 911 5397 dies
932 5332 1325 5397 intermedias
1351 5334 1538 5395 dicit:
1576 5332 1763 5395 Lucas
1788 5338 1985 5393 autem
2011 5351 2131 5396 non

459 5420 850 5485 intermedias
884 5423 1064 5499 solas,
1098 5423 1202 5486 sed
1243 5432 1301 5485 et
1331 5424 1489 5486 diem
1524 5440 1639 5506 qua
1670 5420 1813 5484 dicti
1842 5429 1978 5482 sunt
1996 5439 2129 5485 ser-

461 5530 672 5573 mones
701 5512 811 5588 illi,
845 5523 906 5576 et
952 5513 1111 5576 diem
1163 5533 1278 5596 qua
1325 5514 1478 5577 facta
1523 5523 1616 5577 est
1657 5511 2121 5591 transﬁguratio.

457 5599 794 5696 assumpsit
835 5608 1033 5696 autem
1087 5610 1205 5666 tres
1256 5604 1416 5667 solos
1452 5624 1465 5666 :
1518 5606 1784 5679 Petrum,
1821 5606 2028 5696 utpote
2058 5621 2124 5667 se

2227 5610 2263 5675 ὦ
2294 5599 2470 5687 μόνας·
2517 5614 2721 5695 ἡμέρας
2777 5615 2923 5696 λέγει
2957 5634 2972 5649 '

2232 1826 2540 1905 αἰσχύνεται
2592 1826 2849 1901 ὀνομάσαι
2898 1834 3083 1884 τοῦτον
3133 1825 3318 1885 δοῦλον
3348 1828 3569 1900 οἰκεῖον,
3621 1824 3758 1881 οὕτω
3804 1823 3898 1878 καὶ

2233 1916 2363 1995 ἐγὼ,
2399 1917 2579 1995 φησὶν,
2614 1917 3037 1997 αἰσχυνθήσομαι
3072 1917 3328 1993 ὀνομάσαι
3371 1914 3552 1973 δοῦλον
3595 1915 3747 1997 ἐμὸν,
3801 1913 3898 1968 τὸν

2233 1990 2603 2083 ἀρνησάμενόν
2825 1990 2975 2063 Ἐπεὶ
3032 2003 3087 2061 δέ
3147 1990 3302 2062 εἶπεν
3361 2004 3495 2085 ἄνω,
3550 1990 3633 2060 ὅτι
3691 1990 3801 2063 "Oc
3834 1997 3897 2054 ἂν

2234 2095 2475 2174 ἀπολέσῃ
2508 2098 2607 2165 τὴν
2638 2096 2820 2177 ψυχὴν
2854 2097 3031 2171 αὐτοῦ,
3069 2096 3229 2151 σώσει
3283 2096 3471 2175 αὐτὴν,
3501 2092 3667 2150 θέλων
3698 2087 3895 2167 δεῖξαι,

2235 2186 2400 2243 ποίων
2443 2188 2654 2265 ἀγαθῶν
2712 2186 3071 2252 κατεξιοῦνται
3122 2188 3167 2242 oi
3205 2193 3462 2265 τοιοῦτοι,
3509 2184 3670 2264 φησίν
3703 2201 3716 2213 ·
3780 2179 3899 2236 Εἰσί

2232 2297 2370 2340 τινες
2401 2284 2506 2333 τῶν
2540 2275 2664 2356 ὦδε,
2700 2283 2759 2332 οὗ
2800 2280 2858 2335 οὗ
2886 2277 2962 2352 μὴ
2989 2273 3323 2332 ἀποθάνωσιν
3355 2274 3457 2338 ἕως
3488 2274 3549 2331 ἂν
3591 2272 3745 2353 ἴδωσι
3794 2268 3897 2335 τὴν

2232 2366 2502 2442 βασιλείαν
2560 2374 2652 2423 τοῦ
2691 2375 2846 2446 Θεοῦ,
2891 2364 3155 2438 τουτέστι,
3212 2366 3310 2432 τὴν
3354 2362 3506 2431 δόξαν
3551 2364 3604 2419 ἐν
3655 2364 3689 2430 ἡ
3754 2358 3896 2435 μέλ-

2232 2454 2411 2513 λουσιν
2468 2456 2679 2514 ἒσεσθαι
2741 2460 2787 2513 οἱ
2832 2456 3046 2515 δίκαιοι.
3094 2462 3258 2514 Τοῦτο
3314 2454 3370 2512 δὲ
3429 2456 3555 2513 εἶπε
3614 2453 3730 2531 περὶ
3787 2455 3891 2516 τῆς

2230 2547 2718 2629 μεταμορφώσεως.
2811 2537 2875 2603 Ἠ
2952 2548 3051 2625 γὰρ
3112 2544 3523 2625 μεταμόρφωσις
3597 2545 3758 2605 τύπος
3815 2539 3881 2608 ἧν

2229 2641 2329 2703 τῆς
2392 2635 2692 2705 μελλούσης
2722 2635 2831 2695 ἅνω
2861 2635 3039 2709 δόξης,
3077 2639 3163 2692 καὶ
3193 2635 3372 2715 ὥσπερ
3406 2638 3463 2692 ἓν
3492 2635 3658 2709 ταύτῃ
3689 2630 3887 2709 ἤστραο

2230 2730 2331 2800 ψεν
2379 2728 2406 2783 6
2469 2726 2674 2793 Ἰησοῦς
2728 2724 3056 2805 παραδόξως,
3118 2725 3285 2788 οὕτως
3343 2723 3617 2803 ἀναλόγως
3678 2721 3798 2777 τότε
3838 2729 3886 2782 οἱ

2228 2814 2416 2872 δίκαιοι
2475 2815 2797 2892 λάμψουσιν,
2848 2816 2988 2873 Εἰσὶν
3038 2818 3150 2891 οὖν,
3203 2816 3356 2895 φησὶ,
3388 2816 3551 2893 τινὲς,
3605 2810 3883 2885 Ἰωάννης,

2232 2906 2428 2985 Πέτρος
2481 2907 2568 2962 καὶ
2627 2903 2902 2973 Ἰάκωϐος,
2950 2908 3005 2960 οἳ
3049 2909 3109 2964 οὐ
3153 2905 3231 2979 μὴ
3276 2905 3544 2986 φθάσωσιν
3574 2903 3883 2974 ἀποθανεῖν,

2231 3002 2332 3067 ἕως
2390 3000 2451 3056 ἂν
2504 2999 2687 3059 ἴδωσιν
2750 3002 2802 3057 ὲν
2862 3001 2986 3073 ποίᾳ
3049 2998 3173 3077 δόξῃ
3222 2998 3428 3056 ’έσονται
3481 3000 3526 3056 οἱ
3558 2998 3653 3074 ἐμὲ
3685 2992 3888 3070 ὁμολο-

2228 3091 2465 3170 γοῦντες.
2527 3089 2724 3151 "laws".
2778 3089 2831 3146 δὲ
2862 3098 3014 3147 τοῦτο
3056 3094 3113 3145 ἒν
3148 3096 3224 3164 τῷ
3256 3094 3423 3168 καιρῷ
3467 3094 3563 3155 τῆς
3610 3104 3888 3164 μεταμορο

2227 3182 2447 3263 φώσεως
2458 3230 2470 3243 .

2315 3293 2338 3328 α
2388 3271 2637 3350 Ἐγένετο
2695 3269 2748 3327 δὲ
2808 3271 2943 3346 μετά
2970 3271 3091 3334 τοὺς
3117 3269 3306 3349 λόγους
3337 3268 3552 3331 τούτους
3583 3269 3709 3325 ὡσεὶ
3738 3267 3882 3342 ἡμέ-

2227 3384 2311 3442 ραι
2370 3364 2535 3436 ὀκτὼ,
2594 3362 2682 3418 καὶ
2762 3357 3086 3439 παραλαϐὼν
3171 3359 3387 3440 Πέτρον,
3461 3361 3549 3416 καὶ
3600 3355 3877 3440 Ἰωάννην,

2226 3455 2314 3509 καὶ
2374 3449 2646 3531 Ἰάκωϐον,
2692 3448 2854 3517 ἀνέϐη
2908 3451 2978 3512 εἰς
3038 3453 3096 3507 τὸ
3147 3449 3266 3521 ὅρος
3319 3449 3720 3529 προσεύξασθαι.
3782 3448 3882 3506 Καὶ

2228 3542 2459 3620 ἐγένετο,
2520 3542 2574 3597 ὲν
2637 3547 2714 3615 τῷ
2776 3540 3163 3619 προσεύχεσθαι
3218 3542 3397 3613 αυτὸν,
3468 3541 3529 3597 τὸ
3598 3536 3743 3602 εἶδος
3787 3543 3882 3594 τοῦ

2227 3631 2512 3711 προσώπου
2573 3631 2730 3688 αὒτοῦ
2771 3631 2971 3709 ἕτερον,
3017 3631 3104 3686 καὶ
3149 3631 3175 3686 6
3219 3631 3503 3706 ἱμάτισμὸς
3549 3629 3706 3685 αὖτου
3752 3625 3881 3682 λευ-

2227 3722 2321 3785 κὸς
2380 3718 2773 3799 ἐξαστράπτων,
2841 3720 2936 3775 Καὶ
2991 3716 3100 3775 ἰδοὺ
3158 3715 3339 3798 ἄνδρες
3421 3718 3507 3776 δύο
3566 3714 3882 3777 συνελάλουν

2226 3810 2395 3883 αὐτῷ,
2453 3809 2651 3873 οἵτινες
2702 3808 2839 3876 ἦσαν
2885 3812 3085 3874 Μωσῆς
3144 3811 3232 3866 καὶ
3271 3801 3478 3890 Ἠλίας,
3526 3811 3577 3865 οἳ
3639 3806 3881 3886 ὀφθέντες

2222 3900 2277 3954 ὲν
2336 3898 2483 3980 δόξῃ,
2539 3898 2721 3977 ἔλεγον
2777 3899 2874 3965 τὴν
2919 3895 3091 3980 ἔδοξον
3142 3901 3325 3974 αὐτοῦ,
3370 3900 3436 3969 ἢν
3493 3896 3681 3975 ’έμελλε
3739 3893 3880 3962 πλη-

2224 3998 2345 4068 ροῦν
2405 3978 2478 4046 έν⁷
2522 3980 2893 4068 Ἰερουσαλήμ,
2945 3978 3001 4045 Ὀ
3054 3985 3108 4044 δὲ
3160 3990 3351 4069 Πέτρος
3381 3990 3467 4047 καὶ
3496 3991 3540 4046 οἱ
3589 3988 3679 4044 σὺν
3712 3984 3875 4060 αὐτῷ,

2225 4078 2361 4146 ἦσαν
2411 4076 2771 4156 βεϐαρημένοι
2836 4076 3004 4152 ὕπνῳ.
3073 4081 3604 4158 Διαγρηγορήσαντες
3664 4073 3740 4149 δὲ,
3801 4076 3881 4130 εῖ-

2226 4167 2314 4225 δον
2380 4170 2476 4238 τὴν
2547 4167 2697 4235 δόξαν
2757 4168 2935 4228 αὐτοῦ.
3008 4169 3104 4225 Καὶ
3162 4170 3282 4232 τοὺς
3355 4167 3443 4225 δύο
3512 4164 3699 4246 ἄνδρας
3755 4164 3879 4229 τοὺς

2226 4266 2556 4323 συνεστῶτας
2604 4262 2745 4332 αὒτῷ
2779 4274 2793 4288 ⁸
2854 4259 2943 4315 καὶ
2989 4256 3198 4336 ἐγένετο
3255 4259 3309 4317 ἐν
3352 4266 3429 4334 τῷ
3472 4256 3877 4338 διαχωρίζεσθαι

2225 4348 2413 4421 αὐτοὺς
2473 4348 2567 4405 ἀπ’
2621 4349 2801 4429 αὐτοῦ,
2856 4352 3008 4404 εἶπεν
3040 4351 3068 4405 6
3099 4349 3294 4430 Πέτρος
3323 4351 3451 4428 πρὸς
3480 4350 3574 4404 τὸν
3618 4347 3823 4412 Ἰησοῦν
3859 4363 3873 4378 ·

2226 4435 2542 4519 Ἐπιστάτα,
2597 4438 2762 4496 καλόν
2821 4437 2966 4493 ἐστιν
3022 4440 3166 4515 ἡμᾶς
3227 4439 3327 4496 ὧδε
3365 4440 3529 4513 εἶναι,
3577 4438 3664 4494 καὶ
3709 4437 3876 4505 ποιή-

2224 4549 2402 4604 σωμεν
2457 4531 2655 4597 σκηνὰς
2713 4541 2882 4609 τρεῖς,
2946 4528 3069 4604 μίαν
3122 4532 3227 4602 σοὶ,
3259 4531 3347 4585 καὶ
3379 4530 3501 4605 μίαν
3532 4534 3740 4600 Μωσεῖ,
3790 4528 3880 4581 καὶ

2221 4619 2346 4694 μίαν
2406 4617 2581 4694 Ἠλίᾳ,
2645 4619 2722 4695 μὴ
2769 4618 2917 4682 εἰδὼς
2963 4619 2990 4674 ὃ
3034 4617 3175 4695 λέγει
3264 4628 3436 4678 Ταῦτα
3481 4617 3535 4675 δὲ
3595 4617 3753 4673 αύτοῦ
3782 4613 3879 4671 λέ-

2220 4728 2431 4788 γοντος,
2463 4707 2671 4787 ἐγένετο
2720 4706 2915 4787 νεφέλη
2960 4709 3048 4764 καὶ
3093 4706 3403 4764 ἐπεσκίασεν
3456 4707 3664 4769 αὐτούς.
3715 4704 3882 4785 Ἐφο-

2224 4796 2465 4869 ϐήθησαν
2528 4796 2583 4854 δὲ
2638 4800 2692 4856 ἐν
2748 4805 2826 4873 τῷ
2870 4798 3097 4862 ἐκείνους
3159 4799 3413 4856 εἶσελΟεῖν
3471 4802 3543 4863 εἰς
3588 4798 3685 4864 τὴν
3717 4795 3874 4876 νεφέ-

2221 4888 2347 4969 λην,
2402 4891 2490 4946 καὶ
2546 4891 2696 4969 φωνὴ
2755 4889 2965 4969 ἐγένετο
3032 4892 3095 4946 ἒκ
3152 4891 3245 4957 τῆς
3310 4888 3557 4970 νεφέλης,
3620 4886 3870 4965 λέγουσιν

2220 4980 2383 5046 Οὗτός
2441 4979 2583 5037 ἐστιν
2612 4982 2640 5036 6
2672 4982 2792 5044 Υἱός
2845 5003 2949 5054 μου
3011 4982 3037 5036 6
3084 4980 3387 5059 ἀγαπητὸς,
3440 4984 3595 5038 αὒτού
3625 4976 3869 5036 ἀκούετε.

3332 5069 3513 5148 εὺρέθη
3573 5072 3599 5124 6
3657 5068 3866 5134 Ἰησοῦς

2218 5160 2405 5237 μόνος,
2465 5164 2552 5220 καὶ
2623 5163 2768 5221 αὐτοὶ
2824 5163 3098 5242 ἐσίγησαν,
3173 5164 3260 5219 καὶ
3314 5162 3477 5221 οὒόενὶ
3533 5156 3869 5237 ἀπήγγειλαν

2216 5250 2272 5306 ἐν
2346 5250 2569 5318 ἐκείναις
2628 5267 2749 5314 ταῖς
2809 5254 3033 5329 ἡμέραις
3099 5251 3243 5312 οὐδὲν
3317 5256 3391 5308 ὠν
3450 5250 3766 5326 έωρὶκασιν,
3836 5271 3862 5301 a

2220 5332 2277 5399 Ὀ
2328 5344 2425 5418 μὲν
2482 5347 2752 5409 Ματθαῖος
2831 5343 2883 5410 ἓξ
2968 5345 3169 5423 ἡμέρας
3241 5346 3369 5424 φησὶ
3438 5340 3663 5398 διελθεῖν
3735 5339 3873 5407 μετά

2220 5071 2318 5127 Καὶ
2373 5070 2428 5126 έν
2488 5073 2564 5144 τῷ
2621 5072 2861 5149 γενέσθαι
2918 5070 3017 5137 τὴν
3073 5072 3276 5151 φωνὴν,

2213 5432 2335 5503 τοὺς
2393 5431 2583 5512 λόγους
2627 5435 2868 5516 τούτους,
2904 5436 2993 5492 καὶ
3052 5434 3173 5491 τότε
3230 5436 3321 5491 τὸν
3360 5433 3571 5505 »Ἰησοῦν
3630 5428 3870 5487 ἀνελθεῖν

2211 5521 2285 5585 εἷς
2314 5523 2374 5579 τὸ
2428 5522 2573 5604 ὅρος,
2609 5530 2813 5590 Λουκᾶς
2844 5524 2897 5581 δέ
2932 5526 3072 5583 ὀκτώ
3106 5548 3235 5607 φησι
3285 5523 3531 5597 διελθεῖν,
3569 5525 3661 5585 τὰς
3692 5542 3866 5597 μετα-

3024 5623 3229 5681 Λουκᾶς
3288 5615 3369 5696 δὲ,
3414 5616 3473 5673 οὗ
3515 5615 3607 5679 τὰς
3670 5609 3867 5688 μεταξὺ

455 5689 827 5775 diligentem,
849 5692 1140 5755 Joannem
1176 5701 1399 5776 autem,
1431 5703 1495 5757 ut
1524 5712 1658 5757 eum
1688 5708 1866 5774 quem
1895 5688 2118 5772 dilige-

2227 5700 2394 5769 ιόνας.
2456 5688 2591 5763 ἀλλά
2629 5688 2735 5763 ’καὶ
2792 5688 2889 5774 την
2943 5707 3146 5786 ἡμέραν
3190 5704 3306 5763 καθ’
3353 5688 3431 5774 ’ἢν
3474 5704 3777 5785 ἒλέχθησαν
3812 5703 3856 5755 οἱ
