4202 6434
350 334 429 399 82
439 333 477 398 ι’

1098 339 1545 402 ENARRATIO
1589 337 1671 402 IN
1714 323 2219 396 EVANGELIUM
2258 324 2495 393 LUG/E.
2542 362 2619 373 —
2663 327 2830 391 CAP.
2878 329 2983 390 IX.

3624 324 3743 390 822

344 468 494 548 λόγοι
555 470 722 546 οὗτοι,
768 472 1020 540 κάκείνην
1059 471 1178 530 καθ’
1221 473 1288 542 ἢν
1330 474 1366 543 ἡ
1426 474 1839 554 μεταμόρφωσις
1896 467 1979 549 γέ-

2078 461 2177 525 bat
2204 481 2218 526 :
2253 460 2564 554 Iacobum,
2596 463 2698 554 qui
2728 468 2784 525 et
2816 462 2942 554 ipse
2971 459 3386 554 fervebataelo
3419 478 3525 554 pro
3549 459 3732 523 Chri-

342 581 491 637 γονε.
542 559 812 641 Παρέλαϐε
856 560 911 618 δὲ
950 563 1072 629 τοὺς
1114 576 1263 643 τρεῖς
1323 549 1695 637 μόνουςμτὸν-
1732 563 1827 637 μὲν
1888 561 1979 617 Πέε

2082 561 2210 617 sto:
2243 553 2335 616 vel
2386 560 2448 615 ut
2490 552 2676 633 magis
2718 553 3047 643 taciturnos
3102 558 3162 613 et
3210 550 3389 643 silere
3439 549 3725 643 valentes.

341 671 464 727 τρον
521 652 595 714 ὡς
653 652 968 729 ἀγαπῶντα,
1033 653 1122 709 τὸν
1175 650 1230 708 δὲ
1285 652 1540 721 Ἰωάννην
1597 655 1669 718 ὡς
1704 651 1979 731 ἀγαπώμε-

2087 647 2265 706 Porro
2296 646 2355 707 in
2387 653 2652 706 montem
2682 642 2953 707 ascendit
2973 650 3035 704 ut
3059 648 3277 703 oraret.
3310 639 3732 731 Oportetenim

340 760 456 821 νον,

514 742 602 798 καὶ
660 743 749 798 τὸν
808 738 1061 800 Ἰάκωϐον
1106 740 1184 823 δὲ,
1233 744 1305 806 ὡς
1351 744 1439 801 καὶ
1469 745 1625 801 αὐτὸν
1654 744 1845 822 θερμὸν
1876 738 1979 798 ὅντε

2084 753 2192 795 nos
2220 734 2518 796 solitarios
2553 753 2685 796 esse
2711 744 2767 795 et
2798 732 3149 813 ascendere,
3189 738 3249 793 et
3270 729 3451 791 nullis
3480 730 3735 823 terrenis

343 818 450 887 τὸν*
480 832 611 910 ὑπὲρ
656 833 814 891 αὒτοῦ
854 830 1040 908 ζῆλον,
1117 818 1181 901 ἢ⁷
1216 835 1302 889 καὶ
1346 834 1420 898 ὡς
1479 818 1755 910 δυνμένους
1805 832 1979 907 κρύψα

2086 823 2267 886 rebus
2308 823 2625 887 intendere
2657 822 2903 886 orando.
2936 824 3116 885 Facta
3150 830 3236 883 est
3271 828 3468 882 autem
3500 818 3732 900 species

342 919 403 978 ti)
462 926 706 997 πρᾶγμα,
754 922 841 978 καὶ
898 934 1221 1001 κατασχεῖν,
1284 923 1371 978 καὶ
1412 921 1599 999 μηδενὶ
1645 920 1997 1001 ἀπαγγεῖλαι,

342 1006 641 1066 Ἀναϐαίνει
698 1010 753 1067 δὲ
797 1013 872 1076 εἰς
922 1010 1065 1085 ὅρος.
1114 1011 1252 1069 ὥστε
1295 1011 1697 1092 προσεύξασθαι.
1758 1023 1857 1069 Δεῖ
1900 1012 1999 1091 γὰρ

2084 914 2279 977 vultus
2302 917 2429 995 ejus
2445 915 2582 990 alia,
2616 933 2735 976 non
2768 920 2990 975 mutato
3023 931 3091 974 eo
3115 912 3177 972 in
3200 910 3375 973 aliam
3410 918 3725 971 naturam:

2083 1004 2300 1065 mansit
2329 1005 2487 1065 enim
2520 1004 2711 1086 qualis
2740 1010 2885 1065 erat.
2938 1002 3053 1064 Sed
3100 1002 3337 1081 species
3372 999 3559 1060 vultus
3599 998 3731 1077 ejus

336 1092 633 1168 ἶδιάζοντας
691 1102 839 1176 ἡμᾶς
902 1102 989 1158 καὶ
1042 1088 1442 1176 ἀναϐαίνοντας,
1506 1104 1593 1159 καὶ
1652 1100 1837 1179 μηδενὶ
1892 1088 1979 1158 τῶέ

2080 1092 2450 1173 splendidior
2479 1093 2753 1174 apparuit
2778 1111 2951 1174 quam
2980 1092 3164 1172 prius,
3187 1091 3335 1151 sicut
3368 1098 3425 1151 et
3454 1089 3515 1150 in
3549 1088 3728 1150 vesti-

333 1189 545 1262 γηίνων
575 1188 956 1267 ἐγκύπτοντας,
988 1192 1404 1270 προσεύχεσθαι.
1438 1189 1684 1270 Ἐγένετο
1711 1190 1768 1249 δὲ
1816 1192 1878 1248 τὸ
1908 1192 1979 1248 εῖ-

2078 1184 2299 1246 mentis
2324 1184 2455 1264 ejus
2479 1187 2698 1245 factum
2717 1193 2826 1246 cst:
2847 1182 3061 1245 horum
3076 1181 3236 1244 enim
3252 1180 3481 1270 species
3500 1186 3727 1270 tantum

328 1272 419 1338 δος
452 1277 611 1359 αὐτοῦ
642 1278 840 1359 ἕτερον,
876 1280 980 1359 οὐχ
1021 1281 1096 1346 ὡς
1133 1281 1495 1355 μοταστάντος
1527 1282 1686 1341 αύτῦῦ
1718 1283 1790 1347 εἷς
1820 1279 1979 1349 ἅλληπΙ

2073 1272 2329 1349 refulsit,
2357 1293 2474 1334 non
2498 1278 2834 1354 permutata
2857 1267 3725 1359 vestimentorumsubstantia,

330 1366 510 1443 φύσιν.
543 1357 777 1444 ’Ἔμεινε
809 1357 909 1449 γὰρ
936 1357 1055 1436 οἷος
1084 1369 1172 1437 ἧν·
1208 1368 1345 1427 ἀλλὰ
1375 1372 1437 1429 τὸ
1468 1377 1663 1452 σχῆμα
1693 1372 1784 1429 τοὺ
1814 1392 1985 1450 προσ-

333 1453 486 1515 ώπου
543 1461 700 1518 αὐτοῦ
743 1458 910 1539 ἐφάνη
961 1457 1328 1540 λαμπρότερον
1376 1461 1412 1530 ἢ
1442 1462 1717 1542 πρότερον.
1768 1452 1986 1541 υΩσπερ

2071 1363 2177 1423 sed
2200 1362 2552 1444 superﬁcies
2582 1366 2782 1427 Moses
2797 1369 2995 1424 autem
3010 1370 3070 1422 et
3085 1360 3245 1424 Elias
3262 1358 3575 1420 astiterunt
3589 1376 3726 1418 curn

2074 1470 2147 1514 eo
2176 1462 2405 1530 orante,
2434 1461 2499 1515 ut
2530 1460 2895 1514 monstretur
2924 1450 3084 1532 quod
3107 1469 3228 1511 non
3258 1448 3335 1510 sit
3356 1445 3728 1509 adversarius

327 1545 421 1599 οὖν
472 1546 560 1601 καὶ
603 1545 690 1605 ἐπὶ
732 1550 839 1606 τῶν
868 1549 1092 1625 ἱματίων
1140 1553 1298 1607 αὐτοῦ
1359 1550 1568 1629 γέγονε.
1622 1551 1834 1609 Τούτων
1892 1552 1979 1629 γὰρ

2075 1540 2189 1621 legi
2223 1551 2282 1605 et
2315 1542 2647 1623 prophetis.
2680 1540 2827 1603 Nam
2872 1541 2925 1602 si
2974 1540 3108 1602 talis
3157 1538 3383 1613 fuisset,
3428 1555 3548 1599 non
3571 1535 3728 1629 legis

328 1633 392 1688 τὸ
441 1633 590 1702 εῑδος
621 1638 785 1714 μόνον
814 1638 1165 1718 ἐξήστραψεν,
1197 1640 1321 1720 οὐχὶ
1366 1625 1461 1709 ea.
1493 1641 1669 1705 οὐσίας
1700 1646 1803 1698 τῶν
1859 1625 1979 1717 ιριαέ

2076 1631 2245 1693 dator
2266 1634 2486 1707 Moses,
2515 1641 2572 1694 et
2599 1630 3068 1695 ferventissimus
3103 1625 3727 1720 prophetarumjilias

328 1723 459 1821 τίων
508 1716 985 1810 μεταμειφθείσης,
1047 1728 1187 1785 ἀλλά
1235 1716 1333 1799 της
1378 1730 1712 1811 ἐπιφανείας.
1759 1716 1979 1798 Μωυσῆς

2074 1740 2141 1783 se
2173 1722 2262 1783 illi
2292 1722 2710 1800 associasSent,
2737 1723 2825 1785 vel
2848 1741 2983 1785 cum
3013 1722 3143 1802 ipso
3181 1720 3506 1782 stetissent.
3540 1716 3722 1821 Dic‘e-

327 1810 385 1868 δὲ
444 1817 533 1871 καὶ
578 1815 763 1883 Ἠλίας
824 1820 1253 1890 συνειςτήγεισαν
1331 1818 1474 1893 αὖτῴ
1549 1820 1979 1901 προσευχομεῖνῳ1

2075 1810 2217 1873 bant
2245 1822 2444 1875 autem
2473 1832 2779 1875 excessum
2803 1814 2930 1893 ejus
2947 1810 3245 1893 quomodo
3264 1808 3432 1883 illum
3466 1806 3726 1901 comple-

322 1904 421 1960 ἵνα
465 1903 624 1987 δειχῇ
654 1907 735 1964 ὅτι
767 1908 862 1965 οὒκ
892 1906 1033 1964 ἔστιν
1093 1908 1329 1972 ἐναντίος
1384 1923 1501 1973 τοῖς
1558 1911 1857 1990 προφήταις
1901 1907 1979 1966 καῖ

2076 1909 2242 1964 turus
2270 1913 2397 1967 erat
2426 1902 2873 1985 Hierosolymis,
2906 1902 3018 1963 hoc
3069 1908 3161 1963 est
3203 1906 3479 1990 mortem.
3514 1895 3725 1957 Petrus

323 2001 403 2069 τῷ
442 1996 606 2071 νόμῳ.
655 1999 713 2055 Εἰ
743 1998 844 2078 γὰρ
874 1998 966 2078 ἧν,
999 1997 1093 2054 οὒκ
1122 1997 1185 2054 ἂν
1215 2000 1242 2055 ὁ
1270 2000 1361 2055 τὸν
1390 2000 1551 2074 νόμον
1579 1996 1698 2063 δοὺς
1729 2004 1982 2077 Μωϋσῆς,

318 2087 412 2143 καὶ
467 2088 495 2143 ὁ
547 2093 654 2143 τῶν
710 2094 1002 2166 προφητῶν
1058 2087 1387 2166 θερμότατος
1430 2086 1643 2170 Ἠλίας,
1688 2088 1983 2170 ἠνέσχοντο

318 2174 631 2256 δορκρορεῖν
689 2179 871 2251 αὑτὸν,
930 2179 1017 2234 καὶ
1101 2177 1245 2252 αὐτῷ
1322 2169 1679 2240 συνίστασθαι,
1745 2169 1986 2259 ’Ἔλεγον

318 2264 378 2320 δὲ
435 2268 536 2333 τὴν
588 2266 762 2332 ἔξοδον
822 2269 889 2336 ἢν
945 2266 1138 2352 ἔμελλε
1196 2267 1431 2348 πληροῦν
1498 2268 1552 2325 ἐν
1613 2260 1982 2352 Ἰερουσαλὴμ,

317 2356 560 2412 τουτέστι
618 2359 709 2412 τὸν
764 2358 1013 2418 θάνατον.
1076 2349 1133 2417 Ὀ
1178 2357 1234 2413 δὲ
1280 2357 1475 2437 Πέτρος
1518 2359 1666 2432 ὕπνῳ
1712 2349 1982 2440 ἐϐαρεῖτο,

319 2449 392 2521 τῇ
448 2453 727 2527 προσευχῇ
805 2447 1166 2528 σχολάζοντος
1247 2454 1340 2505 τοῦ
1424 2455 1672 2527 Χριστοῦ.
1734 2447 1982 2519 Ἀσθενὴς

320 2536 422 2613 γὰρ
479 2536 569 2616 ἦν,
651 2538 737 2594 καὶ
818 2540 879 2594 τὸ
950 2539 1275 2618 ἀνθρώπινον
1333 2536 1588 2619 ἐπλήρου,
1667 2538 1815 2615 ὕπνῳ
1857 2539 1981 2598 δου-

322 2624 515 2689 λεύων,
581 2629 1029 2706 Διαγρηγορήσας
1103 2626 1181 2702 δὲ,
1235 2631 1426 2707 θεωρεῖ
1495 2631 1594 2697 τὴν
1664 2627 1839 2705 δόξαν,
1896 2636 1984 2691 καὶ

314 2716 438 2781 τοὺς
497 2715 588 2772 δύο
634 2715 821 2797 ἄνδρας
856 2734 868 2747 ·
907 2717 1087 2796 ὥσπερ
1141 2716 1194 2774 δέ
1239 2715 1647 2799 ἀποδεχόμενος
1674 2719 1773 2787 τὴν
1804 2719 1981 2777 ἐκεῖσε

318 2804 617 2884 διατριϐὴν,
665 2805 749 2864 διά
791 2829 849 2863 τε
908 2809 969 2864 τὸ
1013 2815 1125 2889 φῶς
1183 2809 1272 2865 καὶ
1322 2806 1407 2864 διὰ
1464 2809 1524 2865 τὸ
1583 2812 1804 2889 θεωρεῖν
1846 2811 1982 2875 τοὺς

322 2898 625 2977 προφήτας,
656 2899 787 2977 φησί
822 2916 836 2931 ⁸
870 2896 1052 2960 Καλον
1085 2898 1224 2955 ἐστιν
1272 2899 1417 2973 ἡμᾶς
1460 2899 1563 2954 ὢδε
1595 2899 1760 2959 εἶναι.
1822 2898 1980 2958 Ἐνό-

325 2993 445 3061 μιζε
501 2988 602 3066 γὰρ
646 2985 728 3043 ὅτι
770 2988 892 3045 τότε
936 2992 1003 3057 ἦν
1057 2989 1091 3055 ἡ
1151 2986 1450 3067 συντέλεια,

2072 1993 2213 2052 556
2254 2002 2452 2055 autem
2500 2011 2709 2058 somno
2759 1990 3129 2072 gravabatur,
3180 1987 3435 2050 orationi
3482 1992 3726 2049 vacante

2070 2083 2331 2146 Christo.
2379 2082 2658 2146 Inﬁrmus
2710 2084 2870 2146 enim
2928 2089 3075 2158 erat,
3139 2088 3195 2141 et
3248 2080 3506 2140 humano
3556 2094 3724 2138 more

2071 2190 2279 2236 somno
2301 2173 2624 2237 serviebat.
2652 2173 2797 2237 Cum
2828 2180 3028 2234 autem
3061 2166 3726 2251 evigilasset,spectabat

2069 2261 2316 2341 gloriam
2348 2276 2409 2326 et
2440 2264 2589 2325 duos
2620 2265 2779 2325 viros
2814 2283 2828 2327 :
2862 2261 3042 2324 veluti
3084 2270 3281 2324 autem
3332 2261 3507 2321 vitam
3558 2258 3721 2320 illam

2068 2351 2560 2433 approbans,tum
2588 2362 2832 2434 propter
2846 2351 3384 2434 splendorem,tum
3402 2350 3722 2432 prophetas

2068 2460 2217 2523 quos
2242 2442 2496 2517 videbat,
2523 2443 2675 2504 dixit
2702 2463 2715 2504 :
2749 2445 2980 2505 Bonum
3012 2450 3101 2504 est
3123 2438 3232 2503 nos
3254 2441 3352 2502 hic
3375 2460 3528 2505 esse.
3550 2443 3722 2504 Puta-

2068 2529 2167 2592 bat
2196 2532 2355 2594 enim
2388 2541 2529 2594 tunc
2560 2532 3138 2596 consummationem
3160 2531 3343 2593 fuisse
3374 2538 3436 2592 et
3466 2549 3721 2611 regnum

2063 2623 2230 2695 Jesu,
2245 2620 2532 2701 ignorans
2547 2623 2685 2703 quid
2710 2620 3355 2704 loqueretur.Nondum
3380 2620 3539 2682 enim
3559 2621 3721 2699 ﬁnis,

2066 2729 2263 2793 neque
2287 2712 2455 2790 regni
2488 2712 2618 2775 dies
2644 2711 2923 2786 instabat,
2962 2731 3158 2794 neque
3185 2710 3535 2791 gaudiorum
3566 2712 3719 2774 frui-

2068 2801 2257 2863 tiones
2287 2804 2507 2864 sanctis
2555 2802 3064 2865 communicandas
3123 2811 3314 2863 erant.
3364 2803 3619 2883 Insuper
3668 2809 3730 2864 et

2066 2892 2336 2972 cruciﬁgi
2366 2893 2585 2954 timens
2613 2892 2940 2958 Christum.
2974 2892 3101 2954 haec
3132 2890 3391 2954 dicebat.
3428 2892 3721 2966 Quoniam

1508 2990 1597 3044 καὶ
1647 2990 1681 3057 ἡ
1739 2988 1979 3065 βασιλεία

2064 2983 2337 3044 audierat
2364 2983 2523 3064 quod
2554 2989 2823 3063 oporteat
2870 3000 3009 3043 eum
3062 2980 3274 3057 cccidi,
3311 2989 3372 3042 et
3420 2983 3592 3044 tertia
3624 2981 3725 3044 die

336 3082 426 3131 τοῦ
466 3063 643 3143 Ἰησοῦ
665 3092 681 3108 ⁸
718 3077 795 3153 μὴ
827 3076 974 3150 εἰδὼς
1006 3078 1035 3133 ὃ
1064 3075 1234 3155 λέγει.
1269 3063 1558 3156 Οὔπω-γὰρ
1587 3079 1655 3144 ἦν
1697 3063 1759 3135 τὸ
1788 3078 1978 3159 πέρας,

2065 3063 2422 3152 resurgere:
2459 3072 2605 3134 dicit
2624 3071 2794 3154 quasi
2817 3072 2875 3132 in
2890 3071 3049 3132 hunc
3076 3070 3347 3152 modum,
3365 3069 3451 3134 Ne
3474 3070 3727 3135 descen-

324 3162 443 3223 οὐδὲ
499 3171 599 3233 τῆς
644 3164 916 3242 βασιλείας
975 3168 1008 3235 ἡ
1065 3164 1238 3245 ἡμέρα
1329 3165 1644 3246 ἐνειστήκει,
1706 3165 1822 3224 οὐδὲ
1879 3175 1980 3236 τῆς

319 3260 424 3309 τῶν
478 3255 692 3332 ἀγαθῶν
779 3254 1128 3319 ἀπολαύσεως
1197 3257 1272 3312 ὧν
1344 3254 1648 3331 μεθέξουσιν
1708 3258 1754 3314 οἱ
1807 3257 1975 3337 ἅγιοι.

322 3335 489 3420 "Atta
535 3341 588 3399 δὲ
637 3347 728 3402 καὶ
779 3343 1107 3426 φοϐούμενος
1165 3346 1228 3402 τὸ
1286 3348 1649 3424 σταυρωθῆναι
1706 3349 1797 3403 τὸν
1842 3335 1975 3427 Χρι-

318 3436 471 3513 στὸν,
532 3436 698 3494 ταύτά
755 3457 939 3516 φησιν,
996 3433 1148 3494 Ἐπεὶ
1204 3435 1304 3515 γὰρ
1371 3433 1594 3502 ἤκουσεν
1660 3435 1838 3509 αὐτοῦ,
1896 3436 1976 3494 ὅτι

319 3521 402 3580 δεῖ
446 3526 603 3582 αὐτὸν
658 3526 1075 3601 ἀποκτανθῆναι,
1147 3526 1234 3581 καὶ
1281 3530 1351 3601 τῇ
1407 3526 1555 3603 τρίτῃ
1616 3525 1790 3606 ἡμέρᾳ
1840 3527 1975 3584 ἀνα-

319 3615 538 3687 στῆναι,
592 3618 721 3696 φησί
778 3618 966 3690 ταῦτα,
1013 3616 1304 3695 μονονουχὶ
1361 3612 1531 3693 λέγων
1561 3628 1576 3644 ⁸
1646 3616 1734 3685 Μὴ
1776 3615 1974 3674 κατέλ-

316 3707 494 3772 θωμεν
548 3705 610 3762 ἐκ
668 3712 761 3763 τοῦ
838 3703 1012 3784 ὄρους,
1086 3703 1303 3762 ἐνταῦθα
1375 3706 1805 3781 καταμείνωμεν,
1883 3706 1975 3763 ἵνα

316 3794 405 3849 τὸν
461 3796 683 3872 σταυρὸν
740 3792 1102 3874 διαδράσωμεν
1158 3795 1246 3851 καὶ
1331 3795 1392 3850 τὸ
1448 3795 1638 3859 πάθος.
1713 3794 1976 3877 ’Ἒχομεν

312 3881 503 3940 Ἠλίαν
571 3886 787 3962 βοηθὸν,
843 3886 888 3942 εἱ
948 3884 1248 3943 ἀπέλθωσιν
1296 3886 1433 3958 ἡμῖν
1492 3887 1539 3942 οἱ
1599 3882 1867 3962 Ἰουδαῖοι,
1915 3888 1976 3944 τὸ

312 3981 413 4049 πῦρ
472 3977 882 4055 κατενεγκόντα,
946 3977 1035 4032 καὶ
1088 3975 1209 4040 τοὺς
1269 3976 1773 4057 πεντηκοντάρχους
1833 3977 1973 4034 ἀπο-

2062 3161 2274 3224 damus
2302 3163 2378 3224 de
2422 3170 2647 3232 monte,
2684 3179 3029 3223 maneamus
3078 3160 3199 3242 hic,
3252 3168 3317 3222 ut
3368 3180 3611 3224 crucem
3664 3171 3725 3224 et

2062 3251 2405 3333 passionem
2431 3250 3117 3332 elfugiamusliabemus
3138 3250 3327 3312 Eliam
3356 3251 3715 3330 adjutorem:

2060 3341 2111 3403 si
2141 3341 2467 3405 invaserint
2495 3361 2603 3404 nos
2628 3340 2841 3415 Judaei,
2868 3341 3066 3421 ignem
3092 3340 3349 3402 deducet
3377 3342 3458 3422 ιιι,
3483 3348 3545 3402 et
3565 3341 3722 3403 sicut

2062 3432 2608 3514 quinquagenarias
2639 3430 2973 3494 comburet.
3026 3428 3326 3491 Habemus
3360 3439 3581 3503 Mosen,
3615 3432 3719 3512 qui

2060 3528 2145 3583 tot
2181 3531 2240 3585 et
2280 3532 2469 3586 tantas
2509 3529 2715 3604 gentes
2745 3520 3047 3603 perdidit:
3083 3521 3209 3582 haec
3239 3529 3437 3582 autem
3488 3521 3731 3589 dicebat.

2059 3615 2343 3678 nesciens
2361 3614 2502 3696 quid
2521 3615 3031 3694 loqueretur.lpse
3052 3615 3209 3672 enim
3232 3610 3711 3691 putabatmalum

2059 3704 2344 3784 quiddam
2376 3713 2435 3766 et
2464 3703 2888 3766 difﬁcillimum
2921 3719 3057 3763 esse
3084 3719 3347 3775 crucem,
3387 3709 3445 3765 et
3475 3711 3721 3783 propter

2061 3796 2177 3859 hoc
2206 3796 2370 3858 illam
2392 3797 2642 3876 cupiens
2668 3792 2860 3871 vitari,
2882 3792 3007 3853 haec
3027 3790 3284 3853 dicebat.
3314 3789 3583 3854 Christus
3606 3810 3714 3854 au-

2059 3896 2176 3951 tem
2209 3885 2453 3949 sitiebat
2499 3883 2793 3964 cruciﬁgi,
2847 3880 3127 3962 quoniam
3177 3900 3296 3942 non
3342 3881 3515 3942 aliter
3555 3880 3715 3944 salus

2058 3978 2372 4043 hominum
2405 3973 2736 4038 constabat.
2768 3975 2943 4034 Petro
2974 3979 3173 4033 autem
3206 3970 3444 4033 dicente
3480 3993 3493 4031 :
3537 3997 3557 4027 ιι
3597 3970 3715 4034 Fa-

313 4059 567 4125 λέσαντα.
620 4054 892 4147 ’Ἐχωμεν
950 4068 1182 4133 Μωϋσῆν
1238 4066 1330 4122 τὸν
1374 4077 1503 4123 τόσα
1546 4067 1635 4122 καὶ
1678 4066 1809 4124 τόσα
1852 4066 1974 4136 ’ἐθνη

2065 4071 2299 4134 ciamus
2324 4064 2710 4128 tabernacula
2741 4062 2873 4142 tria,
2899 4086 2920 4118 ι)
2948 4059 3237 4122 Dominus
3261 4068 3506 4142 repente
3531 4061 3721 4125 taber-

314 4153 638 4232 ἀφανίσαντα
664 4170 678 4186 '
743 4164 908 4216 ταῦτα
935 4155 988 4214 δὲ
1024 4154 1176 4234 ἔλεγε
1221 4164 1298 4229 μὴ
1343 4153 1492 4229 εἰδὼς
1539 4157 1567 4213 ὃ
1598 4154 1767 4234 λέγει.
1809 4160 1979 4222 Αὐτὸς

2068 4158 2347 4222 naculum
2381 4174 2501 4217 non
2533 4152 2930 4215 manufactum
2962 4150 3123 4226 facit,
3159 4160 3219 4212 et
3251 4150 3311 4212 in
3336 4150 3483 4212 illud
3510 4150 3719 4231 ingre-

320 4243 420 4319 μὲν
464 4247 563 4326 γὰρ
594 4244 836 4321 ἐνόμιζεν
884 4245 971 4304 ὅτι
1017 4245 1376 4326 παγχάλεπόν
1422 4268 1472 4302 τι
1501 4246 1591 4301 καὶ
1620 4246 1787 4303 κακόν
1841 4247 1979 4305 ἐστιν

2069 4250 2230 4313 ditur
2259 4266 2393 4309 cum
2427 4243 2755 4325 prophetis,
2791 4250 2854 4304 ut
2884 4242 3232 4304 ostendatur
3260 4241 3419 4323 quod
3458 4242 3518 4303 in
3550 4242 3716 4305 nullo

317 4338 345 4392 ὁ
402 4339 648 4416 σταυρὸς,
712 4342 800 4396 καὶ
853 4336 938 4395 διὰ
989 4344 1145 4394 τοῦτο
1175 4333 1578 4416 ἀποδιδράσκων
1611 4339 1791 4412 αὐτὸν,
1844 4345 1977 4394 ταῦ-

2067 4343 2261 4404 minor
2287 4338 2365 4399 sit
2394 4338 2585 4398 Patre.
2618 4335 2782 4395 Sicut
2812 4333 2973 4395 enim
3018 4333 3080 4394 in
3125 4333 3310 4395 veteri
3360 4333 3487 4412 lege
3528 4333 3718 4397 nubes

314 4448 382 4484 τα
443 4426 648 4506 ἔλεγεν,
712 4417 771 4485 Ὀ
829 4425 885 4483 δδ
947 4427 1137 4507 Κύριος
1199 4423 1352 4502 ἐδίψα
1410 4428 1805 4504 σταυρωθῆναι,
1867 4426 1979 4489 ἐπεὶ

2064 4430 2371 4493 dicebatur
2391 4423 2617 4487 habere
2636 4422 2979 4502 Dominum,
3015 4430 3073 4483 et
3112 4426 3307 4485 Moses
3332 4423 3715 4501 ingredieba-

313 4520 407 4576 οὐκ
454 4516 579 4584 ἐνῆν
635 4515 811 4584 ἄλλως
882 4518 1005 4582 τοὺς
1086 4516 1391 4597 ἀνθρώπους
1439 4516 1697 4584 σωθῆναι.
1760 4524 1863 4575 Τνῦ
1922 4516 1977 4573 δὲ

2066 4530 2162 4583 tur
2184 4519 2243 4579 in
2268 4535 2422 4586 eam,
2448 4525 2623 4594 atque
2655 4513 2746 4574 sic
2776 4512 2970 4589 legem
3004 4511 3267 4593 suscepit
3293 4532 3306 4571 :
3341 4511 3421 4572 ita
3452 4519 3510 4573 et
3556 4531 3715 4575 nunc

315 4605 529 4683 Πέτρου,
595 4627 620 4667 ε
688 4609 1011 4683 Ποιήσωμεν
1060 4606 1261 4673 σκηνὰς
1317 4617 1490 4684 τρεῖς,
1548 4626 1573 4663 ν
1622 4604 1896 4689 λέγοντος,
1950 4609 1977 4663 ὁ

2064 4610 2252 4673 nubes
2304 4603 2603 4669 Christum
2655 4600 2925 4682 suscipit,
2959 4601 3266 4681 nubesque
3323 4620 3443 4663 non
3501 4602 3710 4680 caligi-

312 4698 502 4777 Κύριος
560 4698 766 4767 σκηνὴν
837 4696 1252 4778 ἀχειροποίητον
1338 4695 1587 4777 ἐξαίφνης
1647 4709 1824 4773 ποιεῖ,
1890 4698 1977 4755 καὶ

2064 4718 2211 4762 nosa
2244 4720 2257 4757 :
2306 4692 2541 4758 transiit
2572 4692 2731 4755 enim
2764 4690 2975 4753 umbra
3004 4692 3220 4753 veteris
3240 4691 3408 4771 legis,
3446 4700 3505 4752 et
3537 4700 3712 4755 tene—

308 4787 361 4843 ἐν
417 4787 583 4865 ταύτῃ
635 4787 934 4868 εἰσέρχεται
1006 4787 1144 4864 μετέ
1244 4808 1304 4866 γε
1355 4791 1461 4843 τῶν
1521 4789 1834 4868 προφητῶν,
1884 4787 1975 4845 ἵνα

2064 4789 2238 4851 brosa
2259 4782 2635 4866 obscuritas;
2676 4782 2781 4844 sed
2835 4781 3026 4843 nubes
3074 4782 3294 4843 lucida.
3342 4781 3518 4844 Venit
3548 4782 3709 4845 enim

309 4874 499 4957 δειχθῇ
530 4875 613 4934 ὅτι
645 4866 814 4935 o’aaév
829 4876 1138 4936 ἐλαττοῦται
1192 4884 1284 4935 τοῦ
1325 4876 1558 4955 Πατρός.
1596 4866 1829 4957 ’Ὥσπερ
1874 4879 1974 4958 γὰρ

312 4967 366 5024 ἐν
409 4974 477 5045 τῇ
536 4967 739 5040 παλαιᾷ
792 4970 827 5037 ἡ
872 4967 1068 5049 νεφέλη
1122 4967 1336 5046 ἐλέγετο
1395 4965 1549 5046 ἔχειν
1607 4967 1699 5023 τὸν
1759 4968 1970 5045 Κύριον,

314 5060 400 5115 καὶ
445 5064 674 5125 Μωυσῆς
707 5060 997 5140 είσήρχετκ
1027 5059 1081 5116 ἐν
1137 5060 1293 5134 αὐτῇ,
1341 5058 1429 5114 καὶ
1479 5056 1619 5113 οὕτω
1667 5058 1759 5113 τὸν
1811 5060 1972 5134 νόμον

314 5147 554 5228 ἐδέχετο,
616 5149 754 5206 οὕτω
796 5151 884 5206 καὶ
926 5150 1014 5204 νῦν
1056 5150 1092 5218 ἡ
1145 5146 1337 5224 νεφέλη
1393 5150 1484 5204 τὸν
1529 5147 1760 5226 Χριστὸν
1792 5146 1971 5215 ἐδέξα-

310 5262 393 5318 το,
456 5240 544 5295 καὶ
589 5238 783 5319 νεφέλη
840 5241 901 5298 οὐ
956 5237 1237 5318 γνοφώδης
1272 5254 1285 5268 ’
1350 5235 1589 5317 παρῆλθε
1640 5238 1740 5317 γὰρ
1783 5240 1817 5307 ἡ
1852 5241 1973 5296 σκιὰ

308 5337 396 5387 τοῦ
447 5328 638 5403 νόμου,
699 5331 787 5386 καὶ
815 5330 876 5385 τὸ
921 5330 1196 5386 σκοτεινὸν
1239 5329 1337 5398 τῆς
1368 5327 1627 5408 ἀσαφείας
1662 5343 1675 5358 ⁸
1710 5326 1849 5385 ἀλλὰ
1878 5351 1970 5387 νε-

2061 4879 2298 4951 veritas,
2332 4884 2391 4938 et
2439 4873 2629 4937 illuxit
2682 4872 2866 4953 gratia
2914 4871 3173 4948 Domini,
3224 4871 3497 4954 nihilque
3550 4892 3710 4936 nunc

2056 4968 2441 5032 tenebrosum
2476 4974 2588 5028 est.
2638 4963 2818 5027 Facta
2862 4977 2953 5025 est
2988 4970 3045 5024 et
3081 4981 3191 5025 vox
3236 4962 3310 5025 de
3342 4962 3525 5039 nube,
3559 4964 3713 5027 sicut

2060 5059 2203 5122 olim
2236 5075 2343 5119 vox
2374 5055 2483 5120 Dei
2528 5052 2881 5120 audiebatur
2933 5052 3009 5114 de
3053 5051 3234 5115 nube.
3290 5051 3568 5115 Inventus
3623 5060 3712 5115 est

2057 5158 2255 5212 autem
2284 5150 2457 5210 Jesus
2488 5146 2651 5207 solus
2678 5165 2691 5208 :
2724 5152 2789 5204 ut
2818 5162 2894 5204 ne
2923 5142 3057 5224 quis
3087 5146 3274 5223 putet,
3307 5143 3487 5225 quod.
3530 5167 3557 5199 α
3603 5142 3712 5206 Ηὶο

2057 5247 2151 5302 est
2195 5238 2377 5300 Filius
2422 5254 2614 5314 meus,
2658 5259 2678 5290 ι
2716 5233 2792 5296 de
2822 5233 2979 5295 Mose
3025 5233 3116 5295 vel
3163 5232 3290 5297 Elia
3341 5234 3567 5295 dictum
3608 5233 3703 5295 sit.

2054 5328 2346 5392 Fortassis
2401 5330 2578 5389 etiam
2636 5325 2755 5389 hoc
2812 5322 3127 5404 signiﬁcat,
3190 5322 3347 5405 quod
3405 5342 3592 5405 usque
3636 5325 3761 5389 ad.

304 5418 438 5499 φὲλη
501 5420 758 5491 φωτειδή,
843 5417 980 5477 Ηλθε
1060 5421 1162 5499 γὰρ
1219 5421 1253 5488 ἡ
1314 5417 1541 5490 ἀλήθεια
1602 5422 1693 5476 καὶ
1740 5416 1979 5496 ἔλαμψεν

2064 5427 2301 5501 tempus
2358 5416 2656 5501 quoddam
2713 5412 3085 5495 apparebant
3130 5412 3225 5477 lex
3266 5421 3323 5476 et
3375 5413 3737 5497 prophetae,

305 5516 338 5579 ἡ
392 5519 487 5569 τοῦ
548 5512 734 5591 Κυρίου
794 5510 977 5591 χάρις,
1040 5512 1128 5568 καὶ
1172 5510 1319 5569 οὒδὲν
1365 5511 1639 5569 σκοτεινὸν
1670 5519 1777 5570 νῦν.
1816 5507 1975 5591 Ἐγὲ-

381 5647 435 5701 41
474 5646 547 5713 IV
576 5647 721 5728 Reg.
756 5666 798 5726 ι,
834 5648 934 5714 10.

2061 5510 2217 5574 sicut
2242 5518 2301 5573 et
2330 5510 2443 5572 hoc
2478 5508 2606 5571 loco
2650 5504 2843 5569 Moses
2890 5512 2948 5568 et
2995 5502 3154 5568 Elias
3198 5526 3209 5567 ε
3263 5504 3478 5569 deinde
3523 5505 3706 5583 solus,
