4202 6392
304 338 419 408 825

1050 340 1499 404 ENARRATIO
1542 341 1625 406 ΙΝ
1670 335 2179 405 EVANGELIUM
2241 340 2485 405 LUCzE.
2531 336 2619 385 —'
2650 343 2813 406 CAP.
2862 339 2965 404 IX.

3585 334 3700 401 8‘26

304 479 463 539 θέσθε
516 481 672 558 ὑμεῖς
722 481 797 545 εἰς
867 477 934 536 τὰ
974 477 1089 537 ὦτα
1116 477 1266 554 ὑμῶν
1320 478 1445 545 τοὺς
1498 476 1689 558 λόγους
1714 476 1948 538 τούτους.

2044 464 2254 530 Ponite
2275 487 2380 531 vos
2410 470 2470 530 in
2494 470 2746 534 auribus
2765 471 2978 534 vestris
3004 490 3315 535 sermones
3346 468 3697 534 istos.Futu-

307 561 365 630 Ὀ
438 569 536 651 γὰρ
593 570 715 633 Υἱὸς
771 576 865 629 τοῦ
928 567 1206 649 ἂνθρώπου
1256 566 1443 645 μέλλει
1491 566 1863 648 παραδίδοσθαι
1886 566 1961 629 είς

300 672 496 742 χεῖρας
556 654 873 739 ἀνθρώπων.
934 660 995 717 Οἱ
1042 656 1098 714 δὲ
1154 658 1381 737 ἧγνύῦυν
1431 660 1494 715 τὸ
1576 657 1719 737 ῥῆμα
1778 666 1956 734 τοῦτο,

301 751 390 809 καὶ
442 752 511 818 ἧν
570 744 1119 827 παρακεκαλυμμένον
1176 746 1269 804 ἀπ’
1345 748 1539 822 αὑτῶν,
1613 747 1708 803 ’ἕνα
1737 746 1815 823 μὴ
1863 743 1957 802 αἵ-

299 841 525 896 σθωνται
596 836 747 900 αὒτό.
801 834 909 899 Καὶ
978 834 1265 915 έφοόοὗντο
1319 836 1584 913 ἐρωτῆσαι
1629 837 1785 893 αὐτὸν
1837 834 1956 913 περὶ

297 927 393 986 τοῦ
461 928 702 1006 ῥήματος
772 928 983 988 τούτου.
1067 948 1091 985 ι
1153 928 1213 985 Οἱ
1242 926 1341 1003 μὲν
1372 925 1525 985 ἄλλοι
1556 926 1752 991 πάντες
1796 925 1954 983 ἐθαύ-

295 1023 465 1093 μαζον
521 1018 611 1074 ὶπὶ
669 1023 831 1074 πᾶσιν
887 1016 977 1079 οἷς
1037 1015 1202 1073 ἐποίει
1253 1018 1282 1073 6
1335 1013 1567 1093 ⁹ιησοῦς,
1623 1020 1718 1076 οὐκ
1744 1016 1833 1072 ἐπί
1879 1018 1957 1087 τῷ

294 1106 375 1162 ἐνὶ
430 1105 602 1180 τούτῳ
660 1105 912 1183 θαύματι.
976 1096 1034 1164 ιΟ
1089 1103 1145 1161 δὲ
1201 1105 1350 1185 ἀφεὶς
1407 1107 1531 1171 τοὺς
1560 1105 1778 1180 ἄλλους,
1822 1105 1955 1183 πρὸς

293 1194 419 1257 τοὺς
479 1195 721 1271 μαθητὰς
792 1192 1115 1274 διαλέγεται,
1192 1197 1282 1251 καί
1352 1211 1510 1276 φησι·
1592 1195 1752 1253 Θέσθε
1798 1194 1957 1269 ὑμεῖς

292 1289 463 1341 ταῦτα
520 1285 719 1362 πάντα,
788 1284 853 1342 τά
908 1305 965 1341 τε
1023 1285 1265 1360 θαύματα
1293 1287 1382 1343 καὶ
1410 1285 1535 1349 τοὺς
1565 1285 1651 1343 ἐπὶ
1681 1296 1800 1348 τοῖς
1829 1283 1955 1340 θαύ-

292 1396 435 1450 μασι
485 1371 699 1453 λόγους,
735 1376 811 1439 εἷς
852 1376 921 1431 τὰ
947 1377 1062 1431 ὦτα
1096 1376 1269 1450 ὑμῶν.
1306 1376 1405 1432 Διὰ
1432 1376 1484 1432 τί
1519 1396 1535 1453 ;
1586 1375 1730 1431 Διότι
1773 1371 1957 1450 μέλλω

290 1462 652 1545 παραδοθῆναι
723 1467 811 1523 καὶ
895 1465 1281 1544 σταυρωθῆναι,
1314 1464 1390 1522 ἵν’
1446 1463 1573 1523 ὅταν
1627 1463 1955 1545 σταυρωθέν-

288 1575 361 1610 τα
428 1575 497 1630 με
557 1553 738 1633 ἴδητε,
792 1555 871 1632 μὴ
932 1556 1191 1631 νομίσητε
1233 1555 1315 1612 ὅτι
1339 1554 1445 1613 ἀπὸ
1476 1554 1767 1631 ἀδυναμίας
1796 1560 1952 1610 τοῦτο

2043 574 2176 618 rum
2209 566 2298 620 est
2319 564 2387 622 ut
2408 559 2591 621 Filius
2611 560 2870 623 hominis
2895 561 3156 624 tradatur
3171 561 3234 623 in
3265 578 3475 623 manus
3492 558 3690 621 homiv

2045 666 2209 707 num.
2245 648 2416 710 Atilli
2448 649 2800 728 ignorabant
2831 651 3075 713 verbum
3099 652 3279 727 istud,
3315 659 3372 712 et
3396 657 3521 713 erat
3550 649 3692 709 abs-

2043 737 2347 799 conditum
2371 737 2443 799 ab
2476 738 2615 814 illis,
2652 750 2715 800 ut
2750 759 2866 802 non
2891 741 3292 821 intelligerent
3317 738 3486 801 illud.
3522 737 3593 798 Et
3616 737 3692 798 ti-

2045 826 2285 888 mebant
2342 846 2479 888 eum
2532 829 2905 909 interrOgare
2956 831 3032 893 de
3078 832 3189 893 hoc
3240 830 3445 893 verbo.
3505 853 3530 883 υ
3564 827 3686 890 Alii

2039 914 2283 995 quidem
2309 935 2519 978 omnes
2551 917 3001 983 admirabantur
3035 921 3093 982 in
3122 920 3396 981 omnibus
3442 937 3573 1000 quae
3602 917 3693 978 fa-

2040 1004 2232 1067 ciebat
2253 1008 2581 1071 .lesus.uon
2605 1007 2666 1068 in
2687 1027 2803 1069 uno
2837 1009 2947 1071 hoc
2972 1010 3284 1074 miraculo.
3312 1009 3532 1072 Verum
3567 1006 3697 1083 ipse

2039 1094 2269 1156 relictis
2298 1094 2429 1156 aliis
2459 1115 2593 1157 cum
2618 1097 2921 1178 discipulis
2951 1099 3239 1181 loquitur,
3275 1107 3334 1161 et
3362 1096 3545 1161 dicit:
3575 1096 3692 1157 Po-

2041 1182 2161 1244 nite
2184 1202 2284 1244 vos
2315 1184 2441 1246 haec
2472 1185 2693 1262 omnia,
2729 1194 2790 1249 et
2819 1187 3126 1261 miracula,
3162 1197 3220 1250 et
3271 1188 3693 1261 miraculorum

2040 1274 2440 1353 sermones,in
2479 1293 2655 1337 aures
2679 1277 3166 1350 vertras.Quare‘?
3196 1277 3345 1349 Quia
3370 1262 3695 1340 tradent/dus

2039 1380 2168 1424 sum
2201 1371 2259 1425 et
2286 1364 2728 1444 cruciﬁgendus
2756 1384 2768 1429 :
2803 1374 2867 1427 ut
2897 1368 3133 1448 quando
3165 1367 3511 1429 cruciﬁxum
3540 1367 3697 1427 vide-

2038 1450 2194 1527 ritis,
2240 1472 2317 1515 ne
2370 1454 2751 1536 existimetis,
2785 1457 2942 1537 quod
2998 1476 3117 1537 prae
3170 1456 3512 1519 inﬁrmitate
3562 1455 3696 1517 talia

2036 1559 2244 1622 passus
2266 1542 2401 1602 sim.
2437 1540 2581 1604 Nam
2629 1545 2729 1625 qui
2764 1545 2902 1608 talia
2925 1546 3209 1607 miracula
3229 1545 3390 1617 facit,
3430 1551 3701 1626 potestet

289 1642 554 1702 πέπονθα.
621 1636 679 1703 ’0
720 1632 859 1725 ίγᾶρ
942 1650 1161 1703 τοιαῦτα
1229 1648 1669 1726 θαυματουργιῖη,
1728 1642 1948 1712 ἠδύνατο

2038 1650 2157 1692 non
2181 1632 2565 1726 cruciﬁgiJlli
2596 1644 2791 1696 autem
2828 1635 3184 1714 ignorabant
3210 1635 3459 1697 verbum
3490 1636 3694 1709 hoc,et

286 1732 356 1791 ἄν
426 1731 563 1825 μηδὲ
605 1719 994 1825 σταυρωθῆναι.
1023 1735 1103 1825 ,οῐ
1133 1732 1214 1825 δὲ,
1245 1719 1471 1813 ἠγνόουν
1586 1719 1731 1825 ﬁll?
1769 1739 1948 1825 τῷτῇ

2039 1728 2165 1782 erat
2193 1719 2609 1823 abscondit-um
2630 1722 2732 1825 _ab
2767 1725 2873 1784 eis.
2904 1727 2976 1788 Et
3005 1743 3188 1806 quare
3214 1726 3327 1789 hoc
3350 1724 3489 1787 fuit?
3509 1722 3583 1787 Ut
3620 1742 3698 1787 ne

286 1825 381 1881 καὶ
451 1824 517 1893 ἦν
576 1813 1127 1905 παρακεκαλυμμένον
1194 1813 1289 1881 ἄπ’
1362 1824 1559 1887 αὑτῶν.
1638 1823 1737 1880 Διὰ
1792 1823 1843 1879 τί
1896 1819 1948 1877 δὲ

2036 1818 2172 1872 ante
2187 1818 2421 1905 tempus
2448 1813 2683 1874 tristitia
2704 1814 3175 1905 allicerentur,et
3196 1814 3411 1905 timore
3434 1822 3692 1876 exterre-

282 1920 446 1972 τοῦτο
502 1903 765 1995 ἐγένετος
832 1904 959 1972 Ἵνα
1006 1914 1086 1990 μὴ
1115 1915 1218 1993 πρὸ
1278 1920 1464 1994 καιροῦ
1506 1913 1804 1986 λυπῶνται,
1864 1913 1948 1968 καὶ

2039 1903 2477 1995 ventumitaque
2499 1905 2662 1995 Deus
2688 1903 3180 1995 condescendens
3212 1904 3687 1995 inﬁrrmitati358

283 2009 370 2077 τῷ
431 1987 580 2085 φὸϐίρ
638 1987 1088 2085 ἐκταράττωνται.
1152 1987 1593 2083 Συγκαταϐαίνων
1626 2002 1714 2059 οὗν
1747 2004 1775 2059 6
1821 2002 1948 2065 Θεὸς

2036 1987 2301 2065 illorum,
2337 1998 2396 2052 et
2427 1991 2597 2072 quasi
2642 2010 2857 2071 pueros
2919 1994 3262 2055 moderatur
3309 1993 3465 2074 illos,
3500 2013 3694 2074 neque

282 2100 361 2171 τῇ
417 2094 657 2169 ἀσθενείᾳ
716 2094 914 2169 αὐτῶν,
973 2095 1063 2151 καὶ
1124 2097 1244 2151 οἷον
1298 2091 1483 2151 παιδία
1536 2093 1655 2149 τινὰ
1685 2089 1948 2169 διακυϐερ-

2037 2079 2313 2171 concedit
2340 2081 2521 2171 eis,ut
2543 2081 2874 2171 intelligant
2910 2084 3020 2144 hoc
3042 2083 3198 2164 quod
3223 2084 3299 2144 de
3326 2100 3503 2145 cruce
3536 2083 3694 2145 dice-

280 2187 394 2240 νῶν
449 2186 668 2266 αὖτοὺς,
730 2187 791 2244 οὑ
862 2184 1156 2265 συνεχώρει
1217 2183 1407 2252 νοῆσαι
1466 2181 1656 2248 αὑτοὺς
1727 2183 1789 2238 τὸ
1838 2182 1948 2257 περῑ

2039 2168 2395 2232 batur.Vide
2424 2176 2619 2231 autem
2644 2179 2701 2230 et
2734 2170 2969 2232 illorum
3003 2172 3424 2246 reverentiam,
3446 2190 3693 2253 quomo-

279 2279 380 2332 τοῦ
433 2257 667 2355 σταυροῦ.
716 2257 1035 2355 λεγόμενονξ
1080 2257 1263 2352 ὟὈρα
1325 2272 1381 2329 δὲ
1439 2272 1529 2329 καὶ
1584 2272 1684 2340 τὴν
1743 2270 1948 2328 ἑκείνωι

2039 2258 2114 2319 do
2149 2276 2269 2338 prae
2300 2257 2639 2321 reverentia
2668 2258 3036 2339 interrogare
3068 2279 3188 2322 non
3219 2260 3539 2333 audebant,
3573 2260 3694 2322 imo

280 2347 588 2439 εὗλάόειαν,
648 2372 767 2445 πῶς
795 2347 806 2355 ’
851 2347 1163 2445 εὒλρϐοὖντο
1199 2347 1208 2352 ’
1241 2361 1532 2442 ἐρωτῆσαι,
1621 2358 1823 2435 μᾶλλον
1905 2358 1948 2415 δί

2042 2365 2164 2428 prae
2192 2347 2405 2409 timore
2439 2366 2454 2411 :
2489 2366 2627 2409 nam
2662 2348 2838 2409 timor
2867 2359 3253 2427 augmentum
3317 2364 3407 2412 est
3456 2348 3696 2430 pietatis

279 2436 601 2532 ltp0605v10'.
682 2443 742 2513 Ὀ
799 2456 901 2534 γὰρ
945 2436 1123 2535 ’φόϐος
1182 2436 1417 2515 ἐπίτασίς
1468 2436 1610 2508 ἐστιν
1666 2448 1940 2513 εὒλαϐείας

2049 2442 2109 2499 et
2135 2436 2493 2499 reverentiae
2527 2437 2680 2498 sicut
2709 2447 2767 2499 et
2795 2439 3133 2501 reverentia
3172 2438 3266 2500 vel
3327 2440 3511 2520 pietas
3541 2457 3693 2501 con-

290 2527 488 2624 ὧσπερ
514 2546 604 2603 καὶ
630 2546 667 2614 ἡ
696 2527 943 2602 εὑλᾶϐέια
974 2527 1406 2619 ’συνεσταλμένος
1438 2537 1621 2621 φόϐος.

2049 2534 2268 2588 tractus
2300 2527 2477 2587 timor
2499 2540 2612 2590 est.

369 2655 401 2697 α
433 2614 657 2703 έίσῆλθε
701 2633 756 2691 δέ
789 2632 1140 2714 διαλογισμὸς
1172 2614 1474 2704 ὶνὴαὺτοτς,
1516 2633 1604 2711 τὸ,
1647 2630 1728 2694 τίς
1764 2629 1828 2686 ἂν
1876 2626 1948 2685 ε’ίτ

2132 2614 2317 2714 γειιε.
2351 2616 2593 2714 4650..-
2605 2615 2847 2679 Iutravit
2875 2626 3073 2714 autem
3099 2618 3370 2714 cogitatio
3391 2617 3546 2714 inter
3566 2636 3695 2714 eos,

279 2727 476 2807 μείζων
543 2726 742 2787 αὑτῶν.
819 2715 877 2783 Ὀ
938 2704 994 2780 δὲ
1025 2704 1258 2800 ’.Ιησοῦς
1305 2721 1429 2780 ἰδὼν
1457 2723 1550 2779 τὸν
1588 2704 1948 2796 ’διαλογισμὸι

2052 2704 2186 2785 quis
2214 2723 2420 2767 eorum
2454 2706 2644 2786 major
2673 2708 2937 2769 esset.Al
2966 2710 3136 2771 Jesus
3158 2709 3366 2771 videns
3396 2707 3698 2787 cogitatio-

282 2796 399 2886 τῆς.
438 2813 651 2896 καρδίας
712 2813 909 2889 αὖτῶο,
973 2796 1360 2888 ἐπιλαϐόμενος
1431 2811 1662 2891 παιδίου,
1725 2812 1948 2877 ἔστησει

2046 2815 2180 2896 nem
2210 2796 2408 2896 cordis
2438 2796 3109 2896 illorum,apprehendit
3130 2807 3473 2881 puerum,et
3494 2799 3697 2896 statuit

286 2909 414 2966 αὐτὸ
457 2886 581 2983 παρ’
614 2906 809 2979 ἐαυτῷ,
841 2886 930 2962 καὶ
959 2903 1118 2961 εἶπεν
1151 2886 1362 2967 αὑτοῖς
1420 2900 1517 2967 ’ος
1588 2886 1680 2958 ἐὰν
1739 2900 1948 2967 δέξηται

2046 2886 2208 2948 illum
2236 2887 2404 2983 jurta
2450 2905 2537 2983 se,
2596 2896 2653 2947 et
2682 2888 2766 2983 ait
2791 2887 2953 2948 illis:
2987 2887 3342 2967 Quicunque
3398 2887 3698 2968 receperit

290 3004 445 3055 τοῦτο
497 2975 560 3053 16
628 2975 835 3053 παιδίον
890 2994 980 3051 ἐπὶ
1034 2994 1097 3051 τὸ
1142 2992 1363 3068 ὸνόματι
1402 3013 1528 3069 μου,
1561 2991 1657 3068 ἐμὲ
1706 2990 1948 3070 δέχεται·

2048 2992 2297 3055 puerum
2328 2975 2485 3036 hunc
2517 2976 2577 3036 in
2609 2975 2851 3037 nomine
2882 2996 3041 3054 meo,
3075 2997 3170 3039 me
3192 2978 3433 3058 recipit:
3462 2986 3521 3040 et
3555 2977 3691 3058 qui-

294 3089 384 3145 καὶ
431 3086 486 3151 ὅς
556 3086 649 3143 εὰν
708 3084 805 3162 ἐμὲ
877 3081 1117 3155 δέξηται,
1176 3065 1519 3162 δέχεται-τὸν
1561 3065 1948 3138 ἀποστείλαντά

2039 3083 2277 3145 cunque
2309 3084 2405 3126 me
2435 3065 2755 3144 receperit.
2784 3066 2998 3145 recipit
3043 3086 3177 3129 eum
3228 3068 3331 3148 qui
3384 3086 3479 3128 me
3506 3067 3692 3127 misit.

293 3197 383 3254 με.
449 3164 505 3235 Ὀ
560 3177 662 3255 γὰρ
716 3174 1025 3255 μικρότερος
1102 3172 1156 3231 ἐν
1214 3178 1376 3229 πᾶσιν
1474 3173 1603 3247 ὑμῖν
1664 3169 1949 3249 ὑπάρχων,

288 3270 441 3332 οὗτος
514 3264 663 3323 ’έσται
722 3265 914 3344 μέγας.
950 3262 1280 3342 Ἀποκριθεὶς
1308 3259 1363 3318 δὲ
1392 3264 1422 3317 6
1466 3258 1718 3327 Ἰωάννης
1767 3260 1947 3316 εἶπενο

296 3353 616 3430 Ἐπιστάτα,
691 3352 906 3431 εἴδαμέν
963 3374 1082 3410 τινα
1136 3352 1221 3409 ἐπὶ
1264 3358 1341 3427 τῷ
1372 3349 1592 3425 ὀνόματί
1622 3371 1717 3406 σου
1747 3345 1953 3406 ἒκϐἀλ-

287 3444 455 3503 λοντα
514 3442 785 3521 δαιμόνια,
847 3443 936 3499 καὶ
966 3441 1310 3518 ἐκωλύσαμεν
1355 3440 1537 3519 αὑτὸν,
1570 3437 1651 3496 ὅτι
1683 3439 1777 3495 οὐκ
1815 3437 1951 3494 ἀκο-

285 3534 474 3592 λουθεῖ
531 3532 650 3610 μεθ’
706 3534 885 3609 ἡμῶν.
935 3532 1041 3595 Καὶ
1097 3532 1222 3589 ε’ίπε
1278 3531 1410 3610 πρὸς
1441 3529 1598 3587 αὑτὸν
1630 3530 1658 3585 6
1710 3525 1940 3595 Ἰησοῦς·

286 3625 380 3692 Μὴ
448 3622 704 3683 κωλύετε.
772 3612 880 3686 ’Ὃς
933 3623 1034 3701 γὰρ
1086 3625 1182 3681 οὑκ
1238 3620 1353 3677 ἔστι
1412 3617 1530 3677 καθ’
1563 3621 1741 3695 ἡμῶν,
1816 3617 1948 3697 ὑπὲρ

283 3716 444 3790 ἡμῶν
496 3715 665 3775 εστιν.
731 3733 756 3770 ι
797 3712 966 3775 Πάθος
1038 3709 1278 3771 διακένου
1333 3708 1488 3778 δόξης
1516 3707 1782 3789 ὑπέδραμε
1825 3707 1948 3773 τοὺς

285 3803 644 3868 ἀποστόλους.
710 3803 861 3861 Ἐπεὶ
916 3800 1066 3858 δοκεῖ
1125 3801 1186 3857 ἐκ
1232 3807 1326 3860 τοὺ⁹
1370 3803 1463 3857 τὸν
1514 3798 1947 3875 δαιμονιζόμενον

285 3894 367 3971 μὴ
424 3896 811 3974 θεραπευθῆναι
880 3890 1251 3971 ὲπεγερθέντος
1327 3895 1512 3954 αὐτοῖς
1565 3895 1657 3945 τοῦ
1725 3888 1944 3953 πάθους,

285 3985 446 4049 Εἰκὸς
516 3984 618 4062 γὰρ
670 3986 744 4051 ἦν
815 3982 1002 4046 αύτούς
1057 3978 1515 4061 διαφιϐονεικῆσαι
1570 3979 1688 4060 περὶ
1736 3977 1946 4056 τούτου,

281 4072 514 4153 λέγοντα
568 4070 814 4147 ἕκαστον,
886 4069 969 4128 ὅτι
1034 4072 1095 4128 οὑ
1150 4069 1236 4127 διὰ
1288 4072 1388 4139 τὴν
1444 4069 1583 4146 ἐμὴν
1634 4066 1944 4144 ἀδυναμίαν,

280 4163 424 4221 ἀλλὰ
479 4161 563 4221 διὰ
640 4163 739 4231 τὴν
807 4160 902 4219 τοῦ
975 4158 1149 4224 δεῖνος
1181 4165 1276 4221 οὐκ
1330 4160 1648 4238 ἐθεραπεύθη
1706 4158 1734 4214 ὀ
1788 4170 1944 4231 παῖς,

280 4253 566 4313 κάντεῦθεν
632 4252 929 4333 ἀναφθῆναι
985 4251 1087 4319 τὴν
1141 4254 1260 4330 περὶ
1289 4260 1405 4330 τοῦ,
1463 4250 1542 4313 τίς
1599 4248 1661 4304 ἂν
1704 4248 1797 4315 εἴη
1828 4247 1948 4323 μεί-

279 4353 413 4423 ζων,
470 4344 601 4425 ἔριν,
663 4333 814 4402 Ἀλλ’
884 4345 912 4400 ὁ
976 4342 1187 4420 Κύριος,
1264 4340 1413 4408 εἰδὼς
1443 4342 1539 4406 τὰς
1572 4339 1786 4420 καρδίας
1819 4337 1950 4396 ἐκοί-

282 4456 440 4509 στου,
501 4434 708 4515 φθάνει,
759 4434 849 4490 καὶ
906 4434 1027 4512 πρὶν
1085 4436 1120 4503 ἦ
1172 4431 1415 4500 αὐξηθείη
1457 4433 1518 4488 τὸ
1569 4431 1733 4495 πάθος
1765 4432 1944 4508 τοῦτο,

283 4522 571 4596 σπουδάζει
626 4521 905 4603 πρόῤῥιζον
962 4522 1234 4598 ἐκτεμεῖν.
1315 4521 1625 4601 Ἀρχόμενα
1692 4520 1791 4596 μὲν
1846 4519 1947 4597 γὰρ

278 4613 354 4670 τὰ
407 4610 553 4680 πάθη
626 4617 875 4671 νικῶνται
928 4609 1140 4689 ῥᾳδίως,
1232 4608 1521 4677 αὐξηθέντα
1603 4606 1659 4665 δὲ
1708 4607 1946 4665 δυσαπό-

284 4700 467 4771 6λητα
529 4701 754 4781 γίνεται.
816 4707 940 4767 Πῶς
974 4700 1062 4757 οὗν
1094 4699 1334 4776 ἐκτέμνει
1362 4700 1424 4756 τὸ
1454 4699 1619 4756 κακόν
1655 4719 1671 4772 ;
1715 4696 1947 4756 Ἐπιλα-

276 4791 532 4869 ϐόμενος,
584 4793 738 4873 φησὶ,
793 4789 1027 4867 παιδίου,
1090 4788 1319 4847 δείκνυσι
1377 4796 1535 4848 τοῦτο
1584 4802 1706 4853 τοῖς
1763 4792 1946 4865 μαθη-

280 4895 435 4946 τατςο
498 4880 677 4950 δηλῶν
745 4882 931 4944 αὑτοῖς
983 4878 1069 4937 διὰ
1139 4879 1348 4961 τούτου,
1383 4879 1465 4936 ὃτι
1518 4879 1770 4947 τοιαύτην
1800 4882 1947 4957 γνώ-

281 4993 398 5048 μην
454 4969 540 5029 δετ
594 4973 737 5047 ἡμᾶς
810 4969 865 5027 ἐν
936 4970 1149 5034 ἑαυτοῖς
1208 4969 1643 5049 κατασκευάζειν,
1675 4968 1797 5025 οἵαν
1828 4972 1947 5031 τοῖς

282 5058 511 5128 παιδίοις
564 5060 601 5129 ἡ
660 5060 843 5131 ἡλικία
871 5057 1092 5119 δέδωκε.
1169 5066 1343 5117 Ταῦτα
1374 5060 1474 5137 γὰρ
1518 5056 1846 5137 ἆπειρόκακά
1888 5060 1947 5114 τέ

282 5152 386 5208 εἶσι
441 5151 532 5209 καὶ
616 5148 981 5230 ἁπλούστατα,
1062 5149 1201 5226 μήτε
1279 5147 1576 5230 φιλοδοξίας
1657 5146 1944 5227 λογισμοῖς

282 5239 676 5322 ένοχλούμενα,
742 5241 882 5318 μήτε
927 5228 1312 5321 φιλοπρωτίαςξ
1371 5228 1486 5305 ’Ὃς
1520 5240 1635 5318 οὖν,
1669 5238 1823 5319 φησὶ,
1853 5234 1946 5292 δέ-

282 5330 427 5397 ξεται
483 5330 721 5389 τοιοῦτον
777 5328 985 5388 παιδίον
1030 5330 1115 5388 ἐπὶ
1137 5336 1216 5406 τῷ
1245 5328 1465 5406 ὀνόματί
1507 5350 1631 5404 μου,
1665 5328 1761 5404 ἐμὲ
1791 5325 1947 5407 δέχε-

281 5441 397 5486 ται,
484 5420 575 5480 ’¹Ο
634 5419 690 5478 δὲ
759 5419 933 5501 λέγει,
963 5420 1205 5479 τοιοῦτόν
1236 5419 1399 5477 ἐστιν’
1441 5410 1627 5496 ’Υμεῖς
1658 5417 1754 5495 μὲν
1785 5417 1944 5494 νομί-

284 5518 424 5593 ζετε,
485 5509 567 5569 ὅτι
654 5511 747 5569 ἐὰν
812 5507 1029 5589 σοϐαροὶ
1085 5511 1338 5592 φαίνησθε
1368 5510 1457 5567 καὶ
1500 5506 1786 5590 φιλόδοξοι,
1816 5508 1937 5564 τότε

284 5601 500 5681 ἂρέσετε
573 5614 691 5665 τοῖς
736 5600 989 5674 πολλοῖς,
1023 5602 1111 5659 καὶ
1139 5601 1262 5659 τότε
1292 5600 1532 5664 πλείονες
1602 5596 1938 5664 ὑποδέξονται

284 5691 446 5771 ὑμᾶς.
510 5689 655 5772 Ἐγὼ
696 5691 753 5751 δὲ
808 5690 951 5774 λέγω
1017 5692 1171 5770 ὑμῖν,
1228 5688 1313 5750 ὅτι
1369 5697 1620 5752 τοσοῦτον
1662 5693 1732 5763 τῆ
1760 5688 1937 5749 ἁπλό-

2035 3154 2186 3218 Nam
2215 3155 2318 3235 qui
2351 3154 2544 3215 minor
2571 3163 2660 3215 est
2683 3154 2840 3218 inter
2870 3175 3082 3217 omnes
3112 3175 3238 3237 vos,
3274 3157 3373 3217 hic
3415 3155 3530 3218 erit
3561 3175 3693 3217 ma-

2034 3243 2609 3324 gnusRespondens
2630 3254 2827 3306 autem
2856 3244 3689 3327 Joannes,dixit:Praaceptor,

2035 3332 2289 3395 vidimus
2319 3335 2636 3413 quemdam
2664 3334 2773 3395 sub
2809 3335 3048 3398 nomine
3083 3344 3181 3397 tuo
3205 3335 3547 3415 ejicientem
3580 3334 3693 3396 dae-

2040 3424 2325 3494 monia,et
2348 3424 2764 3503 prohibuimus
2794 3426 3098 3505 eum,quia
3131 3444 3246 3485 non
3279 3425 3546 3505 sequitur
3578 3442 3690 3485 no-

2036 3512 2292 3576 biscum.
2325 3512 2395 3573 Et
2423 3514 2505 3574 ait
2536 3513 2607 3574 ad
2641 3513 2806 3575 illum
2837 3512 3049 3578 Jesus:
3083 3513 3281 3579 Nolite
3315 3512 3635 3595 prohibere
3671 3530 3685 3575 ε

2031 3603 2131 3684 qui
2167 3604 2325 3665 enim
2360 3622 2476 3664 non
2510 3612 2600 3667 est
2632 3603 2946 3665 adversum
2979 3624 3112 3668 nos.
3166 3623 3270 3684 pro
3304 3603 3478 3664 nobis
3508 3610 3618 3664 est.
3660 3626 3683 3661 ιι

2028 3692 2273 3755 Morbus
2289 3691 2485 3754 inanis
2501 3693 2706 3773 gloriae
2728 3694 3029 3774 apostolos
3054 3694 3114 3755 in
3126 3693 3692 3756 vasit.Mihividetur

2030 3791 2224 3845 ortum
2253 3781 2311 3844 id
2345 3782 2502 3844 inter
2532 3784 2766 3862 illos,eo
2798 3785 2955 3865 quod
2991 3783 3424 3847 daemoniacum
3458 3802 3575 3844 non
3597 3802 3685 3844 sa-

2034 3874 2248 3934 narint.
2285 3871 2623 3935 Verisimile
2648 3872 2805 3935 enim
2838 3874 2996 3954 quod
3029 3892 3214 3955 super
3236 3874 3348 3935 hoc
3370 3873 3687 3935 contende-

2035 3962 2176 4032 rint,
2210 3962 2552 4025 dicentibus
2589 3963 2836 4043 singulis
2866 3964 3023 4044 quod
3069 3983 3189 4025 non
3224 3970 3465 4045 propter
3494 3981 3688 4038 suam,

2033 4053 2138 4115 sed
2170 4052 2420 4115 alterius
2453 4053 2763 4134 cujusdam
2799 4054 3203 4116 inﬁrmilatcm
3227 4072 3373 4134 puer
3399 4053 3497 4114 ille
3522 4070 3694 4114 sana-

2034 4151 2125 4205 tus
2149 4161 2264 4204 non
2296 4143 2473 4205 fuerit
2507 4163 2520 4204 :
2551 4152 2609 4206 et
2641 4144 2777 4206 inde
2796 4163 3048 4207 accensa
3079 4145 3149 4206 lis
3181 4153 3293 4218 est,
3325 4142 3457 4224 quis
3483 4159 3688 4205 eorum

2034 4236 2223 4315 major
2238 4233 2498 4297 esset.At
2515 4233 2806 4295 Dominus
2828 4234 2966 4296 visis
2989 4234 3358 4314 singulorum
3386 4231 3687 4306 cordibus,

2034 4322 2362 4405 praevenit:
2410 4331 2468 4384 et
2513 4323 2859 4405 priusquam
2914 4324 3156 4385 morbus
3214 4321 3686 4395 incrudesceret,

2033 4414 2258 4475 curavit
2288 4412 2574 4475 radicitus
2608 4413 2773 4493 ejici.
2802 4413 2993 4476 Morbi
3027 4415 3184 4475 enim
3218 4411 3291 4474 ab
3320 4411 3489 4472 initio
3519 4411 3691 4472 facile

1968 4489 2378 4565 Dvincuntur:
2414 4522 2546 4563 cum
2570 4489 2707 4565 vero
2738 4501 3389 4575 incruduerint,curatu
3424 4499 3691 4562 difﬁciles

2030 4591 2402 4674 sunt.Itaque
2431 4593 2731 4673 quomodo
2752 4592 2970 4653 malum
3005 4593 3117 4653 hoc
3139 4589 3688 4669 emendat‘Mppre-

2032 4684 2284 4745 hensum
2319 4700 2571 4762 puerum
2620 4682 2881 4745 ostendit
2934 4680 3269 4761 discipulis,
3305 4679 3690 4740 manifestans

2032 4774 2123 4837 eis
2158 4790 2263 4854 per
2293 4770 2594 4851 hoc,quod
2621 4771 2796 4834 talem
2825 4778 3084 4833 mentem
3118 4777 3348 4849 oportet
3374 4766 3556 4829 nosin
3578 4787 3683 4828 no-

2032 4862 2125 4925 bis
2158 4878 2390 4943 parare,
2430 4860 2621 4942 qualis
2649 4868 2736 4922 est
2766 4861 2825 4922 in
2860 4860 3086 4937 pueris.
3127 4859 3216 4921 Illi
3248 4858 3409 4920 enim
3442 4858 3690 4920 malitiae

2033 4960 2312 5034 expertes
2344 4960 2480 5012 sunt
2503 4959 2559 5013 et
2591 4948 3463 5031 simplicissimi,neqneinanis
3486 4946 3690 5027 glorize

2032 5061 2229 5124 neque
2288 5040 2630 5103 ambitionis
2678 5038 3134 5120 cogitationibus
3166 5039 3537 5100 divexantur.
3576 5036 3686 5109 Qui

2029 5133 2231 5214 igitur,
2259 5130 2476 5213 inquit,
2506 5128 2843 5211 susceperit
2865 5130 3038 5190 talem
3074 5147 3321 5209 puerum
3353 5127 3413 5188 in
3446 5126 3689 5188 nomine

2030 5242 2188 5305 meo,
2224 5240 2320 5285 me
2345 5218 2789 5301 suscipit.Quod
2825 5227 3022 5280 autem
3055 5218 3220 5299 dicit,
3248 5219 3406 5279 hunc
3440 5234 3686 5305 sensum

2024 5304 2205 5379 habet
2238 5334 2251 5376 :
2286 5313 2405 5372 Vos
2435 5311 2674 5392 quidem
2710 5307 3061 5388 opinamini,
3094 5310 3247 5388 quod
3292 5309 3341 5369 si
3367 5304 3686 5388 pompatici

2027 5415 2084 5469 et
2109 5402 2351 5485 gloriosi
2382 5398 2637 5474 fueritis,
2661 5398 2864 5460 multis
2897 5398 3202 5480 placeatis,
3239 5399 3558 5479 pluresque
3585 5414 3689 5456 vos

2024 5492 2498 5575 suscepturisint
2529 5490 2647 5570 Ego
2663 5498 2858 5553 autem
2880 5488 3015 5551 dico
3039 5487 3398 5571 vobis,quod
3422 5497 3690 5568 tantope-

2021 5607 2087 5654 re
2109 5584 2340 5667 gaudeo
2364 5580 2767 5661 simplicitate,
2799 5588 2855 5643 et
2881 5579 3038 5662 quod
3066 5597 3136 5641 ea
3164 5578 3487 5660 discipulos
3520 5593 3687 5638 meos

2021 5683 2103 5747 ita
2132 5672 2446 5751 discernit,
2480 5679 2543 5735 ut
2568 5671 2842 5756 quisquis
2870 5668 3381 5753 simplicissimum
3411 5667 3599 5731 virum
3625 5673 3686 5730 et
