4202 6406
486 316 601 383 827
1442 320 2037 390 THEOPHYLAGTI
2082 317 2494 380 BULGARM‘]
2537 318 2895 382 ARCHIEP.
3759 309 3878 377 828

487 460 865 522 innocentem
898 463 1228 542 susceperit
1260 470 1325 525 ut
1346 480 1547 526 meum
1578 460 1939 542 discipulum
1977 476 1991 521 :
2024 457 2121 519 ho<

2221 475 2342 521 τητι
2402 455 2599 536 χαίρω,
2651 454 2737 513 καὶ
2816 455 2953 513 οὕτω
3053 451 3433 535 χαρακτηρίζει
3522 450 3658 518 αὕτη
3744 449 3875 542 ,τοὺς

486 550 643 611 enim
678 554 769 613 est
792 550 949 628 quod
983 551 1152 626 dicit,
1176 553 1238 614 in
1262 553 1505 616 nomine
1538 569 1670 613 meo
1699 571 1711 614 :
1744 567 1840 612 me
1861 547 2134 629 suscipit.

484 638 595 710 Qui
614 648 809 702 autem
833 649 1206 720 arrogantem
1228 641 1707 723 suscipit,neque
1744 658 1942 701 meum
1962 638 2135 700 disci-

485 729 689 806 pulum
745 730 1014 810 suscipit,
1061 751 1255 811 neque
1310 752 1427 795 me.
1480 730 1879 812 Respondens
1933 738 2133 791 autem

476 818 735 879 Joannes
766 819 912 882 dixit
943 842 955 881 :
988 822 1265 904 Domine,
1286 822 1540 884 vidimus
1572 821 1889 903 quemdam
1924 818 1985 880 in
2018 838 2130 880 no-

481 906 640 969 mine
657 915 755 969 tuo
779 910 1117 988 ejicientem
1141 912 1525 992 daemonia,et
1544 910 2127 992 prohibuimuseum.

479 994 759 1067 Quanam
799 1002 1095 1062 sermonis
1135 1001 1297 1063 illius
1328 1002 1756 1083 consequentia
1785 1018 1959 1080 quem
1987 998 2134 1060 dixit

478 1084 760 1161 Joannes,
796 1090 865 1151 ad
887 1110 958 1152 ea
978 1110 1108 1171 quae
1137 1091 1285 1153 dixit
1306 1091 1623 1155 Dominus?
1655 1090 1869 1170 Utique
1896 1107 2126 1168 magna.

480 1173 631 1247 Quia
661 1179 820 1240 enim
853 1180 1083 1243 dixerat
1111 1181 1396 1244 Dominus
1444 1182 1602 1263 quod
1654 1182 1849 1245 Minor
1877 1180 1937 1240 in
1970 1177 2135 1240 vobis

482 1265 579 1327 hic
611 1268 724 1330 erit
753 1271 1243 1350 magnus,timere
1265 1272 1442 1352 coepit
1470 1273 1728 1334 Joannes
1748 1270 1990 1334 neforte
2016 1287 2133 1329 ma-

481 1354 599 1416 lum
653 1358 793 1437 quid
846 1361 1147 1436 fecissent,
1204 1361 1448 1423 homine
1504 1380 1611 1441 per
1644 1363 2042 1440 arrogantiam
2074 1365 2134 1425 et

2220 546 2378 618 ὲμοὺς
2436 546 2704 621 μαθητὰς,
2773 545 2910 604 ὥστε
2968 543 3114 608 ὅστις
3174 541 3236 600 ἂν
3285 540 3496 610 δέξηται
3547 542 3637 598 τὸν
3668 537 3874 597 ἁπλού-

2218 656 2409 692 στατον
2459 633 2616 716 ἄνδρα
2666 638 2752 693 καὶ
2808 634 3025 707 ἄκακον,
3076 636 3150 697 ὡς
3208 633 3338 709 ἐμὸν
3394 631 3641 707 μαθητὴν
3691 630 3873 707 (τοῦτο

2220 726 2318 804 γὰρ
2361 725 2469 782 ἐστι
2531 727 2618 799 τὸ,
2670 722 2755 782 ἐπὶ
2811 732 2887 799 τῷ
2919 725 3138 799 ὀνόματί
3163 724 3309 802 μου),
3359 720 3456 797 ἐμὲ
3513 719 3758 802 δέχεται.
3812 718 3871 779 Ὀ

2219 816 2317 895 γὰρ
2376 814 2606 887 ἀλαζόνα
2661 813 2981 896 δεχόμενος,
3027 812 3145 871 οὔτε
3176 812 3306 896 ἐμὸν
3337 812 3582 886 μαθητὴν
3629 809 3870 893 δέχεται,

2216 891 2333 963 οὕτε
2406 905 2522 981 ἐμέ,
2588 891 2919 984 Ἀποκριθεὶς
2978 902 3032 960 δὲ
3091 906 3119 960 6
3181 891 3427 969 Ἰωάννης
3471 901 3621 958 εἶπε·
3687 891 3867 979 Κύριε,

2214 994 2425 1071 εἴδομέν
2488 1018 2603 1053 τινα
2656 998 2744 1052 ἐπὶ
2799 999 2876 1070 τῷ
2907 996 3128 1070 ὀνόματί
3174 1016 3266 1051 σου
3310 989 3641 1049 ἐκϐάλλοντα
3669 990 3868 1067 δαιμό-

2215 1107 2322 1161 νια,
2408 1087 2497 1145 καὶ
2582 1085 2924 1161 ἐκωλύσαμεν
2980 1084 3159 1146 αὐτόν,
3253 1084 3386 1139 Ποία
3442 1079 3724 1138 ἀκολουθία
3776 1081 3871 1139 τοῦ

2216 1173 2398 1254 λόγου,
2456 1176 2515 1232 ὅν
2571 1178 2727 1233 εἶπεν
2762 1179 2787 1232 6
2833 1175 3108 1247 Ἰωάννης,
3143 1174 3274 1247 πρὸς
3305 1172 3342 1228 ἅ
3384 1176 3539 1229 εἶπεν
3571 1173 3597 1228 6
3629 1169 3866 1249 Κύριος;

2216 1264 2399 1333 Πολλὴ
2464 1267 2562 1342 μὲν
2625 1268 2735 1326 οὗν.
2801 1263 2949 1324 Ἐπεὶ
3017 1266 3114 1344 γὰρ
3178 1265 3333 1320 εἶπεν
3403 1264 3430 1319 6
3498 1262 3711 1343 Κύριος,
3785 1262 3868 1319 ὅτι

2215 1354 2274 1414 Ὀ
2333 1356 2641 1435 μικρότερος
2702 1355 2756 1411 ἐν
2804 1357 2932 1431 ὑμῖν
2990 1355 3271 1434 ὑπάρχων,
3330 1365 3480 1418 οἶτος
3537 1351 3682 1410 ἔσται
3763 1352 3869 1430 μέ-

480 1448 820 1526 superbiam
854 1450 1175 1530 prohibito.
1213 1450 1357 1513 Nam
1394 1450 1714 1530 prohibere
1761 1451 2021 1528 aliquem
2055 1452 2121 1516 ab

2212 1467 2331 1523 γας,
2393 1444 2630 1525 ἐφοϐήθη
2704 1444 2892 1502 λοιπὸν
2970 1448 2997 1501 6
3059 1441 3335 1522 Ἰωάννης,
3368 1443 3563 1517 μήπως
3615 1441 3780 1499 κακόν
3812 1464 3864 1499 τι

478 1534 827 1616 aliquo,n’on
845 1540 1139 1603 minorem
1156 1541 1348 1620 arguit
1375 1542 1516 1603 5'59
1545 1559 1680 1603 eum
1706 1543 1806 1622 qui
1826 1542 2121 1622 prohibet,

2211 1534 2467 1602 ἐποίησαν
2550 1534 2887 1599 κωλύσαντες
2971 1534 3246 1614 ἄνθρωπον
3318 1531 3721 1599 ἐξουσιαστικῶς
3778 1534 3869 1589 καὶ

479 1626 586 1686 sed
618 1628 805 1707 majus
836 1630 1117 1710 quiddam
1148 1631 1223 1693 de
1253 1650 1319 1693 se
1349 1630 1729 1705 sentientem,
1753 1649 1928 1711 quam
1960 1631 2038 1694 de
2055 1652 2121 1695 eo

2210 1623 2559 1697 ἀλαζονικῶς.
2626 1626 2697 1683 Τὸ
2779 1626 2877 1705 γὰρ
2934 1624 3157 1681 κωλύειν
3215 1624 3334 1681 τινὰ
3384 1624 3488 1679 ἀπὸ
3546 1645 3711 1703 τινος,
3775 1625 3871 1681 οὒκ

478 1715 579 1793 qui
609 1718 956 1795 prohibetur
970 1720 1476 1801 abipso.Proinde
1501 1722 1759 1782 Joannes
1785 1720 2028 1783 timebat
2051 1742 2121 1786 ne

2214 1714 2470 1771 ἐλάττονα
2518 1714 2759 1793 ἐμφαίνει
2832 1715 2924 1771 τὸν
2984 1712 3282 1794 κωλύοντα,
3342 1711 3506 1801 ἀλλὰ,
3538 1713 3782 1791 κρεῖττόν
3816 1736 3865 1770 τι

476 1802 626 1866 forte
670 1808 985 1888 superbius
1035 1799 1255 1887 egisset
1306 1810 1605 1890 prohibito
1648 1810 1914 1872 homine.
1950 1812 2121 1892 Cujus

2211 1811 2498 1885 φρονοῦντα
2552 1802 2752 1861 ἐκείνου
2805 1807 2899 1862 τοῦ
2957 1803 3298 1880 κωλυομένου
3385 1799 3511 1883 παρ’
3583 1804 3762 1866 αύτοῦ.
3825 1814 3866 1862 Ο

474 1892 654 1971 igitur
682 1900 865 1973 gratia
888 1902 1319 1980 prohibuerunt
1349 1904 1687 1966 hominem?
1700 1906 1829 1965 Non
1856 1893 2123 1962 inviden‘

474 1985 694 2058 ίθενδθά
730 1987 1036 2069 indignum
1068 1993 1239 2056 illum
1268 1995 1610 2075 judicanles
1641 1992 1740 2073 qui
1774 1990 2123 2053 miraculum

471 2084 837 2162 operaretur:
862 2099 979 2142 non
1012 2084 1171 2147 enim
1198 2084 1403 2147 aderat
1426 2103 1562 2147 cum
1587 2083 1705 2144 illis
1726 2080 1915 2162 gratia
1939 2099 2122 2159 agen-

469 2160 679 2254 dorum
716 2166 1138 2234 miraculorum
1171 2173 1435 2248 daretur,
1470 2192 1664 2254 neque
1693 2160 1765 2235 ad
1796 2173 1911 2233 hoc
1935 2191 1965 2230 a
1998 2169 2121 2231 Do-

472 2250 633 2312 mino
679 2258 933 2321 emissus
989 2271 1136 2344 erat,
1193 2264 1348 2325 sicut
1406 2267 1528 2341 alii,
1568 2250 1776 2343 neque
1822 2260 2119 2323 Christum

469 2358 721 2433 usquam
755 2349 1176 2427 sequebantur.
1213 2352 1364 2425 Quid
1398 2356 1571 2433 igitur
1590 2349 2116 2422 Dominus?Sinite,

470 2432 687 2512 inquit,
723 2453 858 2498 eum
894 2439 1008 2502 hoc
1035 2441 1252 2505 facere.
1276 2432 1545 2507 Conterit
1576 2442 1735 2505 enim
1770 2450 1829 2503 et
1859 2441 1988 2521 ipse
2007 2439 2119 2503 Sa-

472 2527 623 2620 tanae
651 2534 916 2604 caputzet
945 2530 1083 2608 quia
1114 2550 1231 2594 non
1265 2533 1536 2595 obstabat
1568 2532 1730 2594 vobis
1747 2533 1815 2594 ad
1844 2531 2124 2620 praedica-

470 2619 719 2701 tlonein,
755 2634 873 2677 non
907 2631 1265 2700 cooperatur
1281 2622 1803 2687 diabolo.Proinde
1831 2639 1936 2701 pro
1955 2619 2128 2682 nobis

472 2708 580 2761 εει·
618 2700 728 2775 Qui
755 2705 914 2768 enim
948 2728 1066 2772 non
1090 2721 1180 2774 est
1207 2722 1412 2775 contra
1442 2712 1652 2787 Deum,
1689 2730 1795 2793 pro
1824 2700 1949 2774 Deo
1981 2718 2070 2772 est
2104 2720 2119 2764 ε

473 2793 974 2883 quemadmodum
1010 2801 1106 2881 qni
1147 2823 1265 2864 non
1298 2813 1616 2883 congregat
1649 2821 1785 2864 cum
1829 2799 1975 2883 Deo,
2024 2801 2126 2862 ille

470 2899 602 2942 cum
620 2882 858 2973 diabolo
885 2890 1313 2955 est.Admirare
1332 2882 2122 2973 autem,obsecro,virtutem

468 2972 729 3065 nominis
758 2973 995 3048 Christi,
1032 2982 1331 3061 quomodo
1360 2990 1415 3044 et
1450 2972 1555 3065 per
1586 2982 1888 3062 indignos,
1918 2989 1979 3043 et
2017 3000 2122 3043 eos

466 3063 564 3153 qui
598 3081 715 3124 non
750 3076 919 3128 erant
959 3071 1091 3150 ejus
1134 3063 1672 3153 discipulipgratia
1712 3081 2011 3152 operetur,
2063 3080 2122 3134 et

464 3150 655 3243 solum
689 3156 1001 3233 nominati,
1035 3160 1113 3222 ita
1147 3170 1203 3224 et
1236 3150 1344 3243 per
1371 3150 2001 3239 sacerdotes—etiamsi
2031 3162 2119 3223 in-

465 3239 625 3321 digni
678 3243 919 3322 fuerint,
982 3239 1265 3331 operatur
1311 3254 1518 3329 gratia,
1573 3261 1632 3316 et
1674 3252 2120 3315 sanctificantur

466 3349 695 3408 omnes,
728 3334 957 3400 etiamsi
991 3338 1261 3421 impurus
1284 3342 1461 3404 fuerit
1500 3341 1805 3405 sacerdos.

543 3600 719 3666 Vens.
746 3606 965 3672 51-56.
1009 3631 1031 3667 α
1058 3608 1299 3673 Factum
1325 3620 1416 3674 est
1441 3619 1638 3673 autem
1673 3610 1812 3673 dum
1845 3611 2116 3693 comple-

460 3701 671 3783 rentur
698 3695 825 3759 dies
853 3701 1278 3782 assumptionis
1308 3704 1525 3783 ejus,et
1556 3702 1684 3783 ipse
1716 3701 1927 3763 faciem
1950 3721 2113 3763 suam

461 3778 970 3880 obﬁrmaverat,ut
1000 3778 1114 3853 iret
1143 3778 1633 3873 Hierosolymam,
1668 3800 1727 3854 et
1760 3792 1916 3852 misit
1959 3810 2112 3853 nun-

464 3877 575 3963 tios
593 3882 742 3963 ante
768 3888 1150 3960 conspectum
1176 3900 1371 3956 suum,
1401 3897 1458 3944 et
1485 3891 1696 3944 euntes
1742 3881 2118 3945 intraverunt

462 3959 522 4018 in
554 3959 850 4028 civitatem
894 3959 1422 4046 Samaritanorum,
1458 3982 1521 4033 ut
1573 3982 1851 4052 pararent
1902 3971 2011 4034 illi.
2048 3973 2121 4033 Et

460 4062 579 4147 non
609 4068 966 4147 receperunt
992 4079 1153 4134 eum,
1181 4061 1319 4141 quia
1348 4060 1529 4123 facies
1574 4060 1706 4139 ejus
1756 4068 1881 4122 erat
1920 4059 2118 4122 euntis

459 4136 952 4230 Hierosolymam.
978 4149 1121 4213 Cum
1144 4136 1433 4213 vidissent
1462 4136 1658 4212 autem
1688 4149 1964 4229 discipuli
1989 4152 2118 4230 ejus

2208 1896 2377 1952 τοίνυν
2440 1893 2696 1961 Ἰωάννης
2760 1892 3017 1974 ἐφοϐήθη
3053 1900 3236 1969 τοῦτο,
3310 1894 3504 1967 μήπως
3554 1891 3869 1965 ἀλαζονικὸν

2208 1985 2359 2062 ἔργον
2425 1985 2667 2065 ἐποίησε,
2745 1983 2990 2048 κωλύσας
3074 1988 3165 2041 τὸν
3250 1983 3548 2063 ἄνθρωπον.
3600 1984 3751 2049 Τίνος
3810 1983 3867 2042 δὲ

2206 2075 2384 2132 ἕνεκεν
2441 2073 2674 2132 ἐκώλυον
2748 2076 2841 2131 τὸν
2885 2074 3158 2155 ἄνθρωπον
3192 2094 3209 2145 ;
3242 2076 3315 2133 Οὐ
3344 2076 3679 2154 φθονοῦντες,
3724 2073 3867 2131 ἀλλά

2206 2168 2469 2241 κρίνοντες
2541 2166 2698 2224 αὐτόν
2753 2162 2961 2230 ἀνάξιον
3025 2171 3116 2221 τοῦ
3184 2169 3634 2242 θαυματουργεῖν·
3664 2168 3724 2224 οὗ
3765 2166 3867 2244 γὰρ

2205 2258 2272 2323 ἦν
2308 2252 2423 2331 μετ’
2481 2254 2653 2311 αὐτῶν
2711 2251 2989 2328 δεξάμενος
3017 2253 3117 2311 τὴν
3176 2254 3345 2333 χάριν
3386 2255 3479 2311 τοῦ
3526 2257 3867 2334 θαυματουρ-

2206 2346 2351 2424 γεῖν,
2416 2341 2524 2401 οὐδ’
2583 2341 2893 2399 ἀπέστειλεν
2960 2342 3116 2399 αὐτὸν
3187 2343 3273 2400 ἐπὶ
3351 2352 3505 2402 τοῦτο
3552 2345 3580 2400 6
3652 2344 3864 2425 Κύριος,

2210 2435 2389 2514 ὥσπερ
2440 2436 2527 2491 καὶ
2590 2433 2802 2495 αὺτούς
2864 2430 2981 2492 οὐδὲ
3032 2432 3309 2499 ἠκολούθει
3364 2432 3501 2499 ὅλως
3549 2440 3627 2508 τῷ
3658 2433 3861 2502 Ἰησου.

2211 2526 2271 2583 Τί
2299 2525 2389 2581 οῦν
2420 2526 2447 2581 6
2494 2524 2679 2603 Κύριος
2716 2540 2732 2599 ;
2770 2514 3002 2601 "Aona,
3049 2524 3231 2601 φησὶν,
3268 2523 3423 2580 αὖτὸν
3464 2530 3618 2581 τοῦτο
3658 2538 3863 2583 ποιεῖν’

2211 2611 2481 2692 Συντρίϐει
2540 2614 2641 2692 γὰρ
2698 2614 2786 2669 καὶ
2847 2613 3006 2676 αὐτὸς
3062 2613 3163 2680 τὴν
3212 2619 3425 2670 Σατανᾶ
3474 2609 3723 2689 δύναμιν,
3772 2616 3865 2672 καὶ

2211 2703 2323 2760 ἐπεὶ
2374 2703 2468 2760 οὒκ
2533 2700 2800 2779 ἐμποδίζει
2859 2704 2989 2777 ὑμῖν
3051 2703 3125 2766 εἷς
3156 2703 3218 2758 τὸ
3267 2704 3538 2784 κήρυγμα,
3572 2701 3688 2763 οῦδὲ
3719 2726 3862 2784 συμ-

2209 2795 2428 2873 πράττει
2486 2798 2565 2866 τῷ
2620 2789 2873 2871 διαϐόλῳ,
2948 2789 3137 2848 λοιπὸν
3164 2792 3295 2871 ὑπὲρ
3337 2793 3491 2867 ἡμῶν
3525 2783 3707 2854 ἐστιν.
3745 2783 3862 2861 ί’ος

2207 2886 2307 2963 γὰρ
2363 2888 2458 2943 οὒκ
2489 2882 2598 2939 ἔστι
2648 2882 2783 2938 κατὰ
2849 2889 2943 2940 τοῦ
3016 2889 3168 2962 Θεοῦ,
3213 2882 3342 2962 ὑπὲρ
3372 2889 3465 2940 τοῦ
3496 2890 3628 2941 Θεοῦ
3687 2883 3857 2960 ἐστιν,

2207 2974 2385 3052 ὥσπερ
2444 2972 2584 3036 ὅστις
2639 2974 2698 3028 οὒ
2751 2972 2962 3050 συνάγει
2995 2972 3128 3047 μετὰ
3156 2978 3249 3029 τοῦ
3294 2980 3451 3048 Θεοῦ,
3485 2973 3692 3037 ἐκεῖνος
3723 2975 3863 3049 μετὰ

2141 3046 2296 3121 ατοῦ
2365 3061 2611 3120 διαϐόλου
2669 3060 2806 3122 ἐστί.
2882 3062 3164 3137 Θαύμασον
3221 3059 3276 3118 δέ
3331 3084 3422 3137 μοι
3479 3062 3579 3130 τὴν
3638 3060 3860 3139 δύναμιν

2202 3158 2294 3211 τοῦ
2347 3154 2609 3216 ὀνόματος
2666 3158 2757 3208 τοῦ
2810 3158 3061 3231 Χριστοῦ,
3119 3156 3234 3217 πῶς
3277 3153 3364 3208 καὶ
3420 3150 3504 3210 διὰ
3553 3159 3659 3210 τῶν
3720 3156 3858 3211 ἂνα-

2202 3243 2320 3311 ξίων
2389 3244 2477 3300 καὶ
2532 3243 2609 3317 μὴ
2674 3243 2839 3299 ὃντων
2912 3240 3165 3315 μαθητῶν
3210 3244 3392 3322 αύτοῦ,
3426 3242 3698 3321 ἐνήργειή
3744 3244 3858 3324 χά-

2202 3359 2306 3415 ρις,
2366 3336 2453 3391 καὶ
2513 3332 2683 3407 ψιλῶς
2738 3330 3155 3407 ὀνομαζομένου,
3238 3331 3376 3388 οὕτω
3432 3333 3521 3389 καὶ
3592 3330 3677 3390 διὰ
3746 3334 3857 3393 τῶν

2197 3428 2402 3508 ἱερέων,
2460 3422 2559 3480 κᾶν
2623 3420 2831 3488 ἀνάξιοι
2862 3426 3014 3494 ὦσιν,
3061 3422 3269 3500 ἐνεργεῖ
3306 3424 3340 3491 ἡ
3385 3423 3542 3504 χάρις
3573 3426 3659 3482 καὶ
3688 3426 3855 3505 ἅγιά-

2198 3528 2375 3592 ζονται
2408 3515 2629 3588 πάντες,
2663 3510 2760 3569 κᾶν
2794 3510 3018 3590 ἅναγνος
3062 3510 3155 3579 εἴη
3187 3514 3215 3569 6
3244 3514 3436 3591 ἱερεύς.

2287 3634 2312 3665 α
2401 3604 2647 3682 Ἐγένετο
2707 3601 2761 3658 δὲ
2822 3602 2876 3658 ἐν
2932 3607 3010 3675 τῷ
3044 3600 3476 3682 συμπληροῦσθαι
3525 3604 3617 3671 τὰς
3647 3602 3857 3685 ἡμέρας

2199 3707 2298 3768 τῆς
2357 3694 2678 3770 ἀναλήψεως
2737 3696 2915 3771 αὐτοῦ,
2967 3694 3055 3749 καὶ
3091 3691 3248 3755 αὐτός
3279 3694 3339 3749 τὸ
3382 3694 3666 3772 πρόσωπον
3698 3703 3859 3754 αυτοῦ

2201 3787 2439 3868 ἐστήριξε
2498 3792 2591 3841 τοῦ
2646 3782 2961 3862 πορεύεσθαι
3041 3784 3114 3845 εἷς
3176 3774 3545 3864 Ἰερουσαλὴμ,
3596 3786 3685 3841 καὶ
3741 3785 3858 3842 ἀπ-

2203 3876 2437 3943 έστειλεν
2495 3872 2755 3953 ἀγγέλους
2810 3874 2913 3949 πρὸ
2969 3873 3252 3951 προσὼπου
3304 3874 3480 3947 αὑτοῦ,
3539 3875 3627 3931 καὶ
3658 3896 3859 3953 πορευ-

2202 3969 2400 4035 θέντες,
2490 3962 2731 4030 εἰσῆλθον
2824 3962 2898 4025 εἷς
2966 3962 3157 4037 κώμην
3262 3966 3631 4041 Σαμαρειτῶν,
3716 3964 3854 4023 ὥστε

2204 4056 2489 4133 ἑτοιμάσαι
2549 4052 2715 4127 αὐτῷ,
2774 4049 2878 4113 Καὶ
2937 4055 3033 4110 εὖκ
3102 4049 3341 4117 ἐδέξαντο
3406 4054 3583 4133 αῦτὸν,
3662 4053 3743 4111 ὅτι
3794 4058 3859 4113 τὸ

2201 4149 2485 4227 πρόσωπον
2544 4144 2702 4201 αῦτοῦ
2792 4141 2857 4210 ἧν
2943 4143 3297 4221 πορευόμενον
3347 4144 3420 4206 εἷς
3478 4140 3854 4222 Ἰερουσαλήμ.

457 4225 711 4322 Jacobus
736 4244 793 4296 et
811 4236 1385 4322 Joannes,dixerunt
1408 4262 1420 4304 :
1443 4240 1820 4315 Domine,vis
1844 4225 2115 4303 dicamus

2204 4225 2418 4301 Ἰδόντες
2481 4234 2536 4291 δὲ
2595 4236 2641 4289 οἱ
2674 4232 2905 4308 μαθηταὶ
2949 4232 3129 4313 αὖτοῦ,
3167 4230 3419 4299 Ἰάκωϐος
3450 4233 3537 4289 καὶ
3568 4232 3851 4310 Ἰωάννης,

460 4316 688 4412 utignis
705 4323 778 4387 de
796 4330 944 4389 ccelo
970 4316 1384 4412 descendat,et
1408 4339 1718 4392 consumat
1739 4330 2112 4409 illos,quem-

2204 4330 2378 4386 εἶπον·
2443 4326 2620 4405 Κύριε,
2678 4322 2847 4387 θέλεις
2918 4323 3163 4398 εἴπωμεν
3215 4330 3316 4403 πῦρ
3383 4320 3680 4390 καταϐῆναι
3746 4325 3858 4383 ἀπὸ

456 4406 772 4499 admodum
809 4426 870 4479 et
902 4421 1064 4484 Elias
1094 4422 1262 4483 fecit?
1294 4389 1633 4483 (Eonversus
1684 4428 1886 4482 autem
1922 4389 2111 4483 lJesus

2204 4432 2293 4481 τοῦ
2352 4424 2593 4499 οὐρανοῦ,
2655 4417 2741 4473 καὶ
2801 4414 3070 4473 ἀναλῶσαι
3122 4417 3308 4480 αὐτοὺς
3389 4418 3460 4482 ὡς
3519 4418 3608 4473 καὶ
3668 4416 3855 4485 Ἠλίας

456 4495 779 4597 increpavit
823 4506 981 4587 illos,
1031 4512 1285 4575 dicens:
1327 4510 1586 4573 Nescitis
1640 4514 1808 4589 cujus
1868 4511 2119 4592 spiritus

2204 4495 2459 4588 inci-nea;
2526 4495 2779 4586 Στραφεὶς
2835 4503 2890 4561 δὲ
2949 4506 2976 4561 6
3008 4503 3237 4581 Ἰησοῦς,
3273 4506 3592 4581 ἐπετίμησεν
3644 4509 3857 4585 αὐτοῖς,

455 4592 744 4682 estis‘vos.
782 4599 968 4663 Filius
997 4603 1156 4664 enim
1194 4602 1451 4664 hominis
1499 4620 1619 4661 non
1663 4602 1823 4663 venit
1855 4601 1927 4661 ad
1979 4620 2119 4682 per-

2204 4603 2289 4657 καὶ
2349 4613 2523 4654 εἶπεν·
2587 4596 2693 4653 Ούκ
2751 4592 2933 4651 οἴδατε
2988 4594 3106 4651 ο“ἷου
3164 4594 3463 4670 πνεύματός
3495 4595 3614 4653 ἐστι
3668 4598 3850 4672 ὑμεῖς,

456 4675 719 4770 dentium
751 4696 981 4760 animas
1012 4695 1346 4770 hominum,
1381 4693 1485 4756 sed
1511 4692 1585 4754 ad
1616 4675 2005 4754 servandum.
2045 4697 2121 4758 Et

2205 4690 2264 4747 ’0
2321 4689 2419 4767 γαρ
2483 4687 2603 4749 Υἱὸς
2634 4691 2723 4740 τοῦ
2767 4683 3041 4763 ἀνθρώπου
3071 4688 3165 4743 οὒκ
3192 4683 3321 4751 ἦλθε
3353 4685 3535 4765 ψυχὰς
3564 4684 3854 4765 ἀνθρώπων

453 4766 730 4861 abierunt
760 4784 818 4847 in
854 4788 1015 4848 aliud
1049 4766 1424 4848 castellum.»
1464 4782 1614 4857 Quid
1650 4790 1738 4844 est
1768 4783 1927 4861 quod
1951 4783 2114 4858 dicit,

2204 4766 2485 4851 ἀπολέσαι,
2547 4772 2684 4829 ἀλλὰ
2741 4774 2933 4831 σῶσαι.
3000 4774 3097 4832 Καὶ
3142 4772 3513 4853 ἐπορεύθησαν
3543 4775 3617 4837 εἷς
3672 4774 3852 4852 ἑτέραν

451 4854 591 4922 dum
616 4876 1059 4953 complerentur
1087 4875 1218 4937 dies
1246 4892 1444 4936 assum
1454 4854 1673 4954 ptionis
1692 4854 1852 4954 ejus?
1871 4873 1983 4935 hoc
2005 4854 2114 4943 est;

2204 4871 2413 4945 κώμην.
2494 4888 2521 4919 ιι
2578 4863 2637 4922 Τί
2720 4863 2862 4920 ἐστιν
2921 4862 3050 4943 ὅπερ
3089 4866 3269 4942 φησὶν,
3331 4864 3410 4921 ὅτι
3456 4864 3660 4943 ἐγένετο
3690 4863 3744 4919 ἐν
3773 4871 3849 4939 τῷ

450 4965 582 5047 cum
617 4961 873 5028 instabat
920 4976 1153 5045 tempus
1203 4984 1318 5045 quo
1373 4953 1681 5044 poStquam
1729 4953 2117 5047 Vsustinuisset

2204 4956 2632 5034 συμπληροῦσθαι
2686 4953 2780 5017 τὰς
2836 4954 3042 5032 ἡμέρας
3114 4954 3210 5023 τῆς
3265 4953 3583 5031 ἀναλήψεως
3640 4957 3849 5028 αὐτοῦς

448 5046 768 5137 salutarem
796 5041 1138 5137 passionem
1175 5041 1279 5134 pro
1306 5041 1504 5119 nobis.
1527 5041 1865 5132 'oporteliat
1886 5041 2117 5128 assumi

2204 5047 2500 5124 Τουτέστιν,
2568 5041 2648 5098 ὅτι
2719 5045 3014 5114 ἐνειστήκει
3101 5048 3128 5102 6
3209 5047 3417 5125 καιρὸς,
3480 5044 3595 5103 καθ’
3646 5044 3704 5100 ὅν
3746 5043 3851 5102 ἔδει

450 5134 507 5197 in
542 5133 872 5218 cwlumfet
907 5133 1222 5206 considere
1255 5144 1379 5205 Deo
1412 5150 1470 5203 et
1506 5140 1690 5205 Patri.
1739 5140 1906 5207 Tunc
1940 5143 2115 5223 igitur

2204 5137 2382 5194 λοιπὸν
2432 5136 2494 5191 αὸ
2546 5133 2806 5214 σωτήριον
2855 5134 2983 5214 ὑπὲρ
3047 5136 3203 5211 ἡμῶν
3252 5137 3615 5210 ὑπομείναντα
3659 5136 3850 5211 πάθος,

448 5248 581 5292 cum
636 5234 1149 5317 appropinquabat
1199 5243 1434 5315 tempus
1493 5230 1785 5310 passionis
1837 5230 1989 5311 ejus,
2054 5241 2113 5295 et

446 5324 869 5401 assumptionis
914 5342 982 5386 ex
1024 5325 1138 5385 hoc
1190 5321 1437 5402 mundo,
1489 5320 1751 5381 decrevit
1805 5341 1921 5382 non
1957 5322 2111 5385 ultra

447 5408 584 5470 hinc
608 5419 667 5470 et
698 5411 838 5476 inde
864 5412 1271 5475 obambulare.
1303 5411 1409 5473 sed
1441 5410 1769 5473 ascendere
1816 5410 2107 5473 Hieroso-

447 5496 686 5579 lymam.
720 5500 922 5583 Itaque
952 5502 1109 5581 quod
1139 5501 1471 5563 obﬁrmavit
1526 5500 1735 5562 faciem
1775 5519 1965 5577 suam,
1996 5502 2108 5563 hoc

445 5585 731 5664 declarat,
778 5592 937 5673 quod
983 5591 1301 5655 stabilierit
1341 5602 1397 5654 et
1450 5591 1699 5653 firmarit
1744 5594 2103 5654 sententiam

447 5678 598 5758 quod
624 5678 1115 5762 velit_ascendere
1143 5682 1834 5763 Hierosolymam.Porro
1865 5681 2106 5745 nuntios

2194 5227 2561 5306 ἀναληφθῆναι
2597 5224 2670 5285 εἰς
2736 5226 2953 5304 οὐρανὸν
3010 5227 3100 5282 καὶ
3185 5224 3515 5304 συνεδρεῦσαι
3601 5231 3679 5299 τῷ
3736 5233 3852 5302 Θεῷ

2194 5320 2281 5375 καὶ
2339 5316 2526 5393 Πατρί.
2582 5314 2713 5370 Τότε
2767 5314 2939 5371 τοίνυν
3014 5316 3101 5371 ὃτε
3156 5315 3449 5386 ἐνειστήκει
3481 5317 3508 5372 6
3550 5317 3735 5395 καιρὸς
3757 5323 3852 5373 τοῦ

2191 5408 2386 5470 πάθους
2448 5407 2629 5475 αὐτοῦ,
2688 5404 2775 5460 καὶ
2822 5407 2920 5471 τῆς
2977 5404 3038 5460 ἐκ
3095 5412 3187 5463 τοῦ
3242 5406 3446 5483 κόσμου
3496 5405 3848 5486 ἀναλήψεως,

2190 5498 2358 5575 ἔκρινε
2413 5493 2611 5571 μηκέτι
2664 5490 2767 5549 ὧδε
2821 5495 3042 5553 κάκεῖσε
3101 5496 3500 5577 περιέρχεσθαι,
3532 5495 3653 5554 ἀλλ’
3685 5494 3849 5554 ἀνελ-

2189 5592 2301 5645 θεῖν
2353 5587 2425 5651 εἷς
2486 5582 2850 5662 Ἰεροσόλυμα.
2886 5587 2958 5644 Τὸ
3002 5595 3151 5665 γοῦν,
3183 5584 3423 5666 ἐστήριξε
3452 5588 3519 5648 τὸ,
3558 5587 3846 5668 πρόσωπον

2189 5680 2369 5751 αὑτοῦ,
2428 5684 2580 5733 τοῦτο
2626 5670 2788 5741 δηλοῖ
2842 5675 2921 5732 ὄτι
2952 5676 3235 5755 ἀφώρισεν,
3304 5676 3589 5757 ἐκύρωσεν,
3651 5675 3843 5745 ἔστησε
