4202 6398
316 361 431 427 829
1085 365 1529 430 ENARRATIO
1572 366 1655 429 IN
1702 360 2209 427 EVANGELIUM
2260 366 2498 427 LUGA‘I.
2554 398 2627 410 --
2672 368 2837 429 CAP.
2900 370 2981 429 IX
3604 364 3724 431 830

312 496 536 574 βουλὴν,
608 498 747 555 ὥστε
805 496 1058 556 ἀπελθεῖν
1121 499 1193 563 εἷς
1253 489 1629 577 Ἰερουσαλήμ.
1674 495 1973 573 Ἐκπέμπει

2058 502 2197 587 ante
2219 498 2432 563 faciem
2479 518 2649 563 suam
2681 500 2923 585 emittit,
2955 510 3021 565 ut
3050 511 3259 585 parent
3288 503 3405 587 ipsi
3450 504 3716 568 diverso-

321 588 376 647 δὲ
456 590 718 673 ἀγγέλους
790 593 891 673 πρὸ
947 593 1233 673 προσώπου
1289 593 1468 670 αὑτοῦ,
1504 590 1597 648 ἵνα
1645 587 1971 667 ἑτοιμάσωσι

2055 586 2306 664 rium,et
2334 590 2534 653 sciens
2566 591 2723 672 quod
2748 611 2782 654 a
2808 592 3197 655 Samaritanis
3227 614 3346 656 non
3371 602 3571 657 essent
3592 614 3717 656 sus-

320 680 493 763 δοχὴν
574 705 694 741 τινα
760 687 925 757 αὖτῷ,
961 681 1237 761 γινώσκων
1271 683 1366 758 μὲν
1399 681 1481 738 ὅτι
1523 682 1627 762 οὐχ
1668 680 1973 760 ὑποδεχθή-

2058 675 2734 758 cipiendi,nil1ilominus
2770 690 2970 744 tamen
2993 682 3129 744 illos
3148 684 3457 760 emittit,ut
3477 704 3714 746 omnem

318 793 465 829 σεται
522 773 625 830 ὑπὸ
682 774 788 831 τῶν
833 778 1201 852 Σαμαρειτῶν,
1249 770 1397 849 ὅμως
1443 769 1491 828 δ’
1521 771 1608 828 οὖν
1655 770 1973 828 ἀποστέλλει

320 864 528 937 αὑτοὺς,
602 866 672 929 ὡς
730 863 791 920 ἄν
848 870 1022 921 πᾶσαν
1111 862 1373 943 πρόφασιν
1452 866 1558 919 τῶν
1631 867 1973 940 Σαμαρειτῶν

320 951 568 1030 περιέλῃ,
638 955 727 1011 καὶ
773 954 851 1028 μὴ
907 952 1077 1033 ἔχωσι
1139 951 1314 1031 λέγειν
1343 951 1579 1032 ὕστερον,
1617 952 1723 1025 ὅτι,
1759 949 1973 1033 Ἐδεξά-

2059 769 2566 832 Samaritanorum
2600 770 2827 832 auferat
2875 773 3345 846 excusationem,
3390 793 3465 836 ne
3516 773 3717 835 dicere

2061 868 2323 938 possent;
2357 860 2851 937 Suscepissemus
2882 860 3047 923 illum
3090 862 3140 923 si
3184 863 3471 944 quosdam
3503 883 3623 944 prae
3654 882 3715 924 se

2062 947 2343 1012 misisset.
2380 950 2625 1012 Interim
2659 958 2715 1011 et
2744 950 3058 1033 discipulis
3094 954 3227 1032 ejus
3252 953 3399 1015 utile
3428 954 3543 1015 hoc
3566 962 3709 1029 erat,

320 1045 453 1117 μεθα
503 1040 565 1097 ἄν
626 1044 782 1100 αὑτὸν
837 1044 880 1098 εἷ
948 1040 1228 1099 ἀπέστειλέ
1257 1063 1401 1107 τινας
1430 1042 1532 1121 πρὸ
1595 1042 1779 1100 αὐτοῦ.
1815 1030 1973 1115 ιἈμσι

2058 1045 2121 1098 ut
2152 1037 2445 1113 videntes,
2474 1048 2679 1120 postea
2708 1040 2770 1101 in
2802 1030 2980 1102 cruce
3013 1040 3100 1102 illi
3130 1030 3715 1123 opprobrari,minns

319 1128 373 1187 δὲ
428 1131 514 1188 καὶ
584 1133 706 1197 τοὺς
769 1132 1010 1208 μαθητὰς
1040 1134 1199 1191 αὒτοῦ
1227 1130 1475 1212 ὠφελῶν,
1507 1130 1600 1186 ἵνα
1630 1131 1706 1205 μὴ
1736 1126 1972 1186 σκανδα-

2057 1127 2622 1204 scandalizarentur,
2648 1130 2753 1191 sed
2777 1148 2847 1191 ex
2877 1131 2990 1192 hoc
3019 1131 3168 1193 facto
3191 1135 3379 1211 magis
3409 1132 3711 1194 disceren‘.

318 1221 590 1297 λισθῶσιν,
662 1220 717 1278 ἐν
803 1229 879 1295 τῷ
924 1222 1132 1301 σταυρῷ
1190 1222 1347 1278 αὐτὸν
1406 1221 1633 1299 ὃρῶντες
1685 1218 1971 1299 ὑϐριζόμε-

2059 1217 2403 1299 quod,sicut
2426 1237 2586 1280 nunc
2615 1228 2989 1302 contemptus
3006 1238 3038 1280 a
3062 1221 3453 1284 Samaritanis
3479 1224 3712 1303 patien-

317 1334 428 1370 νον.
517 1308 669 1369 Ἀλλ’
725 1311 830 1368 ἀπὸ
871 1313 1056 1370 τούτου
1085 1320 1179 1371 τοῦ
1231 1310 1319 1367 νῦν
1359 1314 1620 1389 μαθωσιν,
1678 1308 1759 1366 ὅτι
1792 1310 1972 1386 ὥσπερ

2058 1314 2146 1369 ter
2179 1307 2332 1384 tulit,
2356 1317 2535 1390 atque
2566 1307 2894 1389 discipulos
2935 1310 3077 1370 540
3117 1310 3438 1391 increpavit
3462 1328 3712 1391 exaspe-

320 1411 407 1460 νῦν
463 1402 874 1482 καταφρονηθεὶς
946 1401 1090 1478 παρὰ
1148 1399 1255 1457 τῶν
1300 1404 1670 1478 Σαμαρειτῶν,
1724 1395 1973 1464 ἀνεξικά-

2055 1406 2258 1458 rantes
2290 1416 2427 1459 eum
2450 1405 2661 1460 contra
2683 1400 3172 1480 contumeliosos,
3196 1400 3276 1462 ita
3320 1409 3379 1463 et
3408 1410 3549 1462 tunc
3580 1419 3711 1462 cum

318 1511 427 1554 κως
497 1489 715 1571 ἤνεγκε,
777 1488 978 1565 μᾶλλον
1032 1487 1087 1545 δὲ
1171 1490 1259 1545 καὶ
1290 1488 1476 1553 αὐτοῖς
1518 1488 1809 1564 ἐπετίμησε
1850 1501 1972 1551 τοῖς

2056 1487 2656 1567 cruciﬁgeretur,non
2685 1497 2748 1550 ut
2776 1488 3104 1569 impotens,
3132 1490 3237 1551 sed
3261 1497 3327 1553 ut
3357 1489 3715 1568 longaniniis

320 1584 589 1657 μαθηταῖς
671 1579 1045 1660 παροξύνουσιν
1099 1579 1256 1635 αὐτὸν
1314 1580 1452 1636 κατὰ
1528 1585 1636 1636 τῶν
1695 1577 1970 1659 ὅϐριστῶν,

2056 1575 2225 1640 ferat.
2252 1577 2505 1640 Prodest
2553 1579 2734 1641 etiam
2769 1580 2826 1641 in
2860 1580 2974 1641 hoc
3018 1580 3353 1661 discipulis,
3389 1581 3547 1661 quod
3578 1580 3715 1641 illos

320 1671 457 1729 οὕτω
539 1672 633 1727 καὶ
696 1670 816 1727 τότε
849 1670 1256 1747 σταυρούμενος,
1307 1669 1411 1748 οὔχ
1441 1670 1515 1734 ὡς
1546 1666 1818 1742 ἀδύνατος,
1852 1666 1973 1724 ἀλλ’

2057 1685 2163 1728 suo
2186 1668 2458 1748 exemplo
2500 1668 2675 1730 docet
2724 1669 3021 1749 patientes
3051 1689 3208 1733 esse.
3234 1670 3325 1732 Illi
3351 1670 3594 1752 quidem
3639 1670 3711 1731 ad

319 1763 392 1824 ὡς
452 1761 791 1839 μακρὸθυμος
848 1759 1017 1842 φέρει.
1084 1757 1308 1838 Ὠφελεϊ
1360 1756 1415 1815 δὲ
1514 1759 1635 1821 τοὺς
1704 1759 1971 1838 μαθητὰς,

2055 1756 2244 1818 Etiam
2277 1757 2698 1835 respicientes,
2728 1758 2829 1839 qui
2848 1757 2938 1820 bis
2959 1758 3383 1841 quinquaginta
3399 1758 3555 1821 viros
3577 1778 3710 1820 cum

318 1852 406 1907 καὶ
451 1852 582 1907 καθὸ
638 1847 867 1907 διδάσκει
928 1849 1115 1911 αὐτούς
1189 1848 1248 1905 ἐκ
1306 1858 1402 1909 τοῦ
1452 1846 1568 1905 καθ’
1616 1849 1772 1904 αὑτὸν
1832 1849 1972 1904 ὑπο-

2060 1847 2589 1928 quinquagenariis
2621 1837 2993 1928 principibus
3026 1837 3358 1924 exusserat,
3391 1866 3712 1928 exaspera-

319 1938 624 2018 δείγματος,
701 1938 1037 2005 ἀνεξικάκως
1082 1938 1250 1998 εἶναι.
1308 1938 1465 1997 Αὐτοὶ
1523 1938 1621 2014 μὲν
1672 1938 1773 2017 γὰρ
1846 1939 1973 2018 πρὸς

2060 1935 2202 1998 bant
2221 1936 2536 1999 Dominum
2559 1944 2765 1998 contra
2783 1954 2885 1999 eos
2913 1938 3013 2018 qui
3037 1957 3097 1998 se
3115 1937 3335 2017 injuria
3357 1938 3707 2001 aﬂ‘ecerant:

318 2031 407 2086 τὸν
466 2027 651 2087 Ἠλίαν
710 2029 1033 2108 ἀφορῶντες,
1109 2026 1167 2093 ὅς
1210 2026 1495 2109 κατέφλεξε
1540 2022 1615 2091 δὶς
1645 2028 1973 2099 πεντήκοντα

2061 2032 2232 2087 erant
2281 2026 2441 2087 enim
2489 2026 2683 2087 adhuc
2720 2026 3077 2107 imperfecti.
3114 2027 3405 2089 Caeterum
3443 2026 3711 2089 Chrisrus

318 2119 507 2199 ἄνδρας
569 2120 706 2196 μετά
761 2124 868 2174 τῶν
926 2118 1439 2199 πεντηκοντάρχων,
1513 2116 1812 2197 παρώξυνον
1883 2119 1973 2175 τὸν

320 2211 507 2287 Κύριον
573 2209 709 2266 κατὰ
762 2215 868 2265 τῶν
924 2207 1269 2287 ὑϐρισάντων⁸
1334 2204 1409 2263 ἔνι
1440 2208 1539 2286 γὰρ
1567 2205 1782 2271 ἀτελεῖς
1812 2206 1970 2274 ἦσαν,

318 2301 484 2361 Αὐτὸς
542 2296 597 2354 δὲ
652 2295 900 2355 δεικνύων
954 2298 1163 2371 αὐτοῖς,
1227 2295 1306 2352 ὅνι
1367 2294 1694 2373 ὑψηλότερὸς
1745 2297 1885 2353 ἐστιν
1945 2300 1972 2353 6

318 2392 477 2448 αὐτοῦ
544 2388 707 2464 νόμος
780 2388 815 2455 ἢ
874 2389 901 2444 6
972 2386 1107 2442 κατὰ
1177 2386 1267 2443 τὸν
1325 2385 1512 2443 Ἠλίαν
1567 2386 1703 2463 βίος,
1752 2388 1974 2461 ὲπιτιμᾷ

318 2479 530 2559 αὐτοῖς,
588 2478 677 2535 καὶ
751 2477 1033 2558 ἀφίστησιν
1090 2476 1195 2533 ἀπὸ
1247 2480 1349 2544 τῆς
1406 2477 1654 2543 τοιαύτης
1724 2476 1970 2553 γνώμης,

320 2566 541 2634 Διδᾶξας
608 2568 790 2647 πράως
860 2566 1034 2647 φέρειν
1093 2567 1214 2631 τοὺς
1257 2564 1579 2643 ὑϐρίζοντας.
1624 2568 1683 2624 Τί
1732 2563 1787 2621 δὲ
1831 2566 1971 2622 ἐστιν

264 2656 271 2659 ’
315 2658 446 2738 ὅπερ
502 2656 670 2736 λέγει,
730 2656 840 2715 Οὔκ
879 2654 1120 2721 ἐδέξαντο
1187 2656 1364 2729 αὒτὸν,
1431 2657 1512 2712 ὃτι
1571 2654 1973 2738 τὸ-πρόσωπον

316 2732 477 2806 αὒτοῦ
533 2732 601 2816 ἦν
667 2748 1025 2825 πορευόμενον
1084 2746 1155 2811 εἰς
1210 2742 1562 2825 Ἰερουσαλήμ
1599 2767 1614 2821 ;
1649 2732 1780 2825 Ἀρα
1819 2748 1972 2802 τοῦτο

314 2838 485 2916 λέγει,
554 2835 634 2893 ὅτι
702 2840 796 2895 οὐκ
826 2833 1066 2901 ἐδέξαντο
1111 2836 1290 2909 αὐτὸν,
1337 2833 1470 2891 διότι
1503 2834 1767 2915 ἀφώρισεν
1816 2836 1972 2899 αὐτὸς

315 2926 569 2985 ἀπελθεῖν
643 2928 718 2989 εἷς
818 2917 1207 3003 Ἰερουσαλήμ;
1271 2927 1371 2984 Καὶ
1430 2924 1617 2982 λοιπὸν
1686 2923 1775 2982 ἐὰν
1836 2925 1973 2982 οὕτω

314 3018 622 3093 νοήσωμεν,
688 3017 768 3072 ὃτι
824 3013 906 3071 διὰ
976 3022 1132 3072 τοῦτο
1190 3014 1345 3070 αὒτὸν
1377 3017 1472 3073 οὒκ
1529 3011 1788 3089 ἐδέξαντο,
1839 3011 1971 3070 διότι

2058 2115 2281 2178 docens
2314 2116 2502 2194 legem
2535 2134 2701 2177 suam
2724 2115 3134 2178 sublimiorem
3158 2135 3333 2196 quam
3348 2115 3526 2176 vitam
3541 2115 3707 2189 Eliae,

2058 2205 2328 2287 increpat
2359 2224 2484 2285 eos,
2519 2214 2695 2286 atque
2723 2225 2757 2267 a
2784 2205 2885 2267 tali
2937 2206 3235 2267 sententia
3265 2205 3525 2277 abducit,
3573 2224 3707 2268 cum

2055 2294 2357 2357 docuisset
2385 2302 2693 2356 mansuete
2724 2295 3003 2356 ferendos
3035 2295 3168 2356 illos
3200 2298 3302 2374 qui
3331 2294 3551 2374 injuria
3572 2295 3708 2355 afﬁ-

2056 2384 2316 2448 ciebant.
2341 2384 2488 2458 Quid
2523 2394 2718 2447 autem
2744 2393 2831 2447 est
2861 2385 3021 2466 quod
3052 2383 3219 2457 dicit,
3255 2403 3374 2445 non
3418 2402 3708 2465 suscepe-

2056 2483 2378 2550 runteum,
2405 2474 2541 2555 quia
2587 2475 2765 2537 facies
2796 2476 2926 2554 ejus
2975 2482 3101 2536 erat
3144 2474 3338 2536 euntis
3368 2472 3709 2555 Hierosoly-

2058 2564 2535 2645 mam?Nunquid
2567 2564 2711 2625 dicit
2742 2563 2899 2645 quod
2933 2583 3051 2625 non
3084 2562 3710 2644 susceperintcum,eo

2058 2654 2216 2737 quod
2254 2654 2569 2716 deﬁnierat
2596 2653 2763 2716 abire
2794 2653 3291 2734 Hierosolymam?
3335 2661 3393 2714 et
3422 2671 3555 2714 cum
3597 2653 3711 2715 hoc

2056 2745 2145 2806 sic
2174 2743 2838 2823 intellexerimus,quod
2860 2762 2997 2804 eum
3020 2751 3333 2823 propterea
3362 2761 3480 2803 non
3511 2759 3711 2805 susce-

2057 2833 2276 2915 perint,
2313 2852 2383 2895 eo
2433 2832 2590 2913 quod
2639 2833 2951 2895 deﬁnierat
3000 2831 3167 2893 abire
3213 2830 3706 2911 Hierosolymam,

2058 2921 2445 2985 inveniuntur
2492 2921 2578 2984 illi
2620 2922 2886 2984 excusati
2932 2941 3049 2982 non
3103 2920 3552 3001 suscipientes?
3609 2921 3711 2984 Est

2056 3012 2239 3087 igitur
2267 3011 2610 3092 dicendum,
2648 3010 2804 3091 quod
2838 3009 3197 3090 evangelista
3223 3010 3335 3070 hoc
3358 3008 3526 3089 dicit,
3547 3012 3704 3088 Quod

315 3108 473 3171 αὐτὸς
530 3106 793 3186 ἀφώρισεν
862 3103 1113 3161 ἀπελθεῖν
1172 3106 1244 3168 εἷς
1294 3095 1663 3182 Ἰερουσαλὴμ,
1698 3103 1970 3183 εὑρίσκον-

2057 3121 2175 3163 non
2208 3110 2602 3183 susceperunt
2627 3119 2989 3181 eum,neque
3021 3098 3329 3161 intravitin
3353 3097 3701 3164 Samariam:

312 3220 399 3254 ται
473 3196 670 3253 ἐκεῖνοι
727 3196 975 3274 ἀναίτιοι,
1033 3196 1081 3251 οἶ
1155 3194 1232 3269 μὴ
1263 3191 1590 3269 δεξάμενοι;
1636 3190 1840 3250 ’Ἔστιν
1885 3196 1973 3257 οὖν

2059 3191 2277 3254 deinde
2332 3191 2500 3273 quasi
2556 3191 2976 3270 interrogasset
3023 3190 3340 3271 quispiam,
3371 3208 3558 3271 quare
3589 3210 3705 3253 non

312 3291 488 3346 εἰπεῖν
548 3285 630 3343 ὅτι
717 3294 871 3344 τοῦτο
939 3285 1084 3365 λέγει
1160 3288 1187 3341 6
1262 3282 1667 3363 εὒαγγελιστὴς,
1730 3283 1809 3340 ὅτι
1882 3287 1973 3343 οὐκ

2059 3289 2455 3363 susceperunt
2491 3281 2573 3363 (α)
2618 3281 2709 3342 vel
2765 3280 2933 3341 inviti
2983 3298 3144 3360 eum,
3198 3297 3392 3359 neque
3422 3278 3709 3344 intravit?

312 3375 557 3443 ἐδέξαντο
610 3374 793 3431 αύτὸν⁶
853 3372 969 3430 οὐδὲ
1033 3372 1275 3441 εἰσῆλθεν
1320 3375 1392 3435 εἷς
1454 3374 1779 3453 Σαμάρειαν.
1834 3373 1971 3429 Εἶτα

2055 3372 2319 3453 nunquid
2351 3372 2652 3453 impotens
2684 3369 2841 3432 erat?
2870 3389 2942 3431 an
2972 3388 3089 3431 non
3125 3367 3351 3431 valebat
3384 3369 3561 3430 etiam
3592 3369 3707 3432 illis

310 3468 490 3546 ὥσπερ
561 3467 703 3529 τινὸς
751 3464 1143 3545 ἐρωτήσαντος,
1218 3465 1306 3521 καὶ
1348 3461 1483 3520 διατί
1527 3465 1630 3543 οὐχ
1658 3461 1969 3530 ὑπεδέξαντο

2054 3461 2400 3524 nolentibus
2429 3460 2692 3540 ingredi?
2723 3458 2969 3524 Solvens
3020 3460 3157 3539 hoc,
3192 3457 3337 3519 dicit
3368 3477 3381 3517 :
3420 3476 3539 3519 non
3570 3457 3707 3521 ideo

310 3559 472 3618 αὐτὸν
539 3556 626 3612 καὶ
696 3551 936 3630 ἄκοντες,
999 3553 1117 3613 οὐδὲ
1176 3552 1437 3627 εἰσῆλθεν,
1509 3553 1610 3633 ἄρα
1666 3550 1798 3611 διότι
1839 3551 1965 3610 ἀδύ-

2054 3552 2190 3632 quia
2221 3551 2519 3633 impotens
2567 3551 2695 3628 fuit,
2742 3550 2848 3612 sed
2898 3548 3037 3631 quia
3067 3546 3257 3610 noluit
3287 3546 3426 3608 illuc
3457 3546 3567 3628 ire,
3602 3548 3706 3611 sed

308 3669 466 3711 νατος
524 3645 610 3719 ἧν,
687 3643 722 3713 ἢ
796 3645 893 3703 οὔκ
947 3644 1111 3726 ’ίσχυε
1155 3643 1253 3701 κᾶν
1289 3644 1486 3701 ἐκεῖνοι
1545 3646 1625 3719 μὴ
1656 3641 1964 3724 ἐϐούλοντο,

2054 3641 2518 3722 Hierosolymam
2560 3663 2572 3705 :
2607 3640 2885 3723 quoniam
2946 3638 3061 3701 nisi
3106 3639 3220 3700 hoc
3260 3636 3490 3712 fuisset,
3526 3637 3702 3699 etiam

309 3736 569 3796 εἰσελθεῖν
603 3755 621 3811 ;
696 3735 845 3792 Λύων
895 3743 1073 3798 τοῦτο,
1110 3736 1291 3815 φησίν·
1327 3734 1451 3814 οὒχὶ
1494 3732 1579 3790 διὰ
1608 3735 1669 3790 τὸ
1718 3731 1966 3801 ἀδύνατος

2054 3731 2249 3794 invitis
2278 3731 2394 3793 illis
2424 3733 2483 3793 in
2513 3731 2827 3794 castellum
2862 3729 3162 3809 ingressus
3189 3727 3419 3789 fuisset.

308 3828 479 3899 εἶναι,
524 3825 660 3883 ἀλλὰ
690 3823 821 3882 διότι
852 3826 949 3882 οὒκ
974 3810 1221 3883 ἐϐούλετο
1251 3824 1367 3881 ἐκεῖ
1394 3810 1706 3904 Πεῖσελθεϊν,
1770 3822 1909 3880 ἀλλὰ
1962 3821 2215 3880 ἀπελθεῖν
2275 3823 2348 3886 εἷς
2418 3821 2778 3898 Ἰεροσόλυμα,
2810 3821 2926 3877 ἐπεὶ
2959 3821 3002 3876 εἰ
3047 3821 3122 3894 μὴ
3158 3826 3312 3875 τοῦτο
3344 3819 3435 3894 ἦν,
3485 3818 3572 3875 καὶ
3630 3810 3707 3879 ιιῆ

306 3916 642 3995 βουλομένων
673 3914 885 3973 ἐκείνων
917 3914 1159 3983 εἰσῆλθεν
1190 3915 1251 3970 ἂν
1283 3916 1353 3981 εἷς
1398 3915 1497 3981 τὴν
1528 3935 1745 3990 κωμην.

394 4031 423 4063 α
501 4004 746 4085 Ἐγένετο
798 4002 853 4061 δὲ
921 4004 1287 4085 πορευομένων
1341 4003 1515 4060 αὒτῶν
1571 4003 1627 4059 ἐν
1708 4004 1776 4080 τῇ
1836 4002 1965 4083 ὁδῷ,

2137 4000 2528 4066 Vnus.57-62.
2562 4026 2582 4059 ι
2624 4002 2869 4067 Factum
2889 4008 2978 4063 est
3007 4007 3231 4080 autem,
3262 3997 3711 4063 ambulantibus

308 4095 437 4154 εἶπέ
490 4118 571 4162 τις
643 4096 775 4175 πρὸς
847 4095 1024 4151 αὐτόν·
1081 4092 1459 4164 Ἀκολουθήσω
1528 4114 1611 4150 σοι
1692 4091 1824 4149 ὅπου
1906 4090 1967 4148 ἅν

2054 4090 2169 4153 illis
2200 4090 2261 4153 in
2299 4092 2405 4162 via,
2436 4091 2587 4154 dixit
2618 4090 2858 4173 quidam
2891 4089 2966 4151 ad
3002 4089 3167 4151 illum
3199 4110 3211 4148 :
3239 4090 3470 4169 Sequar
3493 4089 3707 4157 te,Do-

308 4185 552 4266 ἀπέρχῃ,
614 4185 792 4256 Κύριε.
848 4186 947 4243 Καὶ
1022 4185 1178 4241 εἶπεν
1222 4183 1366 4257 αὒτῷ
1396 4185 1423 4239 6
1456 4182 1681 4250 Ἰησοῦς’
1726 4184 1786 4239 Αἱ
1818 4181 1966 4238 ἁλώ-

2054 4181 2237 4262 mine,
2272 4200 2631 4263 quocunque
2678 4181 2842 4243 ieris.
2898 4178 3053 4241 Dixit
3109 4178 3195 4240 illi
3235 4177 3410 4241 Jesus
3444 4176 3710 4259 :Vulpes

309 4274 470 4340 πὲκες
528 4272 766 4355 φωλεούς
824 4273 1037 4355 ἔχουσι,
1110 4274 1199 4330 καὶ
1252 4273 1319 4330 τὰ
1373 4272 1587 4329 πετεινὰ
1616 4278 1709 4328 τοῦ
1751 4273 1970 4347 οὐρανοῦ

2054 4270 2255 4335 foveas
2285 4271 2600 4335 habent.et
2628 4270 2899 4333 volucres
2932 4268 3069 4330 caeli
3100 4266 3490 4328 nidostilius
3511 4274 3707 4329 autem

307 4364 770 4432 κατασκηνώσεις
849 4366 877 4421 6
937 4362 991 4419 δὲ
1056 4365 1175 4426 Υἱὸς
1244 4369 1338 4420 τοῦ
1394 4361 1670 4439 ἀνθρώπου
1701 4362 1795 4418 οὐκ
1848 4360 1965 4441 ἔχει

2054 4360 2310 4423 hominis
2341 4380 2458 4422 non
2496 4359 2674 4422 habet
2702 4359 2805 4422 ubi
2834 4365 3010 4439 caput
3067 4375 3241 4417 suum
3294 4355 3563 4419 reclinet.
3605 4355 3710 4419 Ait

306 4465 412 4515 ποῦ
470 4456 569 4524 τὴν
625 4453 864 4537 κεφαλὴν
908 4453 1084 4530 κλίνῃ.
1137 4454 1275 4509 Eine
1306 4449 1361 4508 δὲ
1391 4453 1522 4530 πρὸς
1563 4449 1763 4529 ἕτερον·
1799 4442 1963 4508 Ἄκο-

2054 4459 2246 4512 autem
2280 4450 2354 4512 ad
2384 4450 2641 4513 alterum
2675 4470 2689 4510 :
2720 4451 2985 4530 Sequere
3016 4465 3132 4509 me.
3172 4445 3274 4537 ille
3306 4454 3505 4507 autem
3534 4444 3704 4537 dixit:

306 4543 478 4602 λούθει
549 4566 664 4618 μοι.
704 4534 788 4602 ἾΟ
846 4541 900 4599 δὲ
933 4544 1082 4600 εἴπεο
1123 4542 1303 4620 Κύριε,
1351 4541 1634 4617 ἐπίτρεψόν
1666 4563 1755 4616 μοι
1787 4540 1959 4598 ἀπελ-

2054 4538 2322 4612 Domine,
2363 4538 2640 4621 permitte
2664 4538 2809 4600 mihi
2849 4537 3106 4616 primum
3140 4535 3327 4608 abire,
3363 4541 3422 4597 et
3450 4534 3707 4615 sepelire

303 4634 447 4691 θόντι
492 4638 703 4709 πρῶτον
758 4633 922 4709 θέψκι
994 4636 1083 4687 τὸν
1155 4630 1356 4709 πατέρα
1389 4652 1513 4705 μου.
1552 4629 1692 4686 Εῖπε
1736 4628 1791 4685 δὲ
1823 4629 1965 4706 αὐτῷ

2054 4635 2276 4709 patrem
2313 4627 2707 4691 meum.Dixit
2746 4634 2947 4689 autem
2975 4626 3027 4687 ei
3052 4623 3245 4687 Jesus:
3272 4622 3415 4685 Sine
3444 4629 3509 4684 ut
3541 4640 3705 4683 mor--

304 4727 335 4782 6
395 4723 623 4791 Ἰησοῦς’
700 4722 884 4804 ’Ἄφες
933 4723 1051 4788 τοὺς
1108 4720 1319 4801 νεκροὺς
1390 4721 1554 4795 θάψαι
1599 4720 1720 4782 τοὺς
1766 4720 1967 4779 ἑαυτῶν

2054 4718 2135 4780 tui
2157 4718 2453 4799 sepeliant
2474 4726 2738 4779 mortuos
2771 4724 3002 4778 suosztu
3033 4732 3174 4804 vero
3204 4712 3352 4774 vade
3383 4719 3705 4804 et_ann_un-

303 4813 543 4893 νεκροὺς,
601 4814 663 4869 σὺ
710 4810 773 4868 ’δὲ
853 4810 1119 4883 ἀπελθὼν,
1201 4808 1481 4893 διάγγελλε
1538 4808 1636 4875 τὴν
1694 4806 1966 4885 βασιλείαν

300 4887 409 4963 τοῦ*
453 4887 607 4964 Θεοῦ.
682 4902 823 4961 Εϊπε
885 4900 940 4957 δὲ
1013 4903 1101 4957 καὶ
1157 4887 1356 4978 ἕτερος·
1429 4887 1803 4968 Ἀκολουθήσω
1849 4921 1961 4973 σοι,

302 4993 486 5073 Κύριε,
558 4998 767 5072 πρῶτον
827 4989 881 5047 δὲ
942 4988 1224 5068 ἐπίτρεψόν
1297 5010 1389 5064 μοι
1442 4985 1801 5051 ἀποτάξασθαι
1846 5002 1964 5054 τοῖς

301 5084 374 5148 εἷς
426 5084 516 5139 τὸν
573 5084 727 5140 οἶκόν
795 5105 913 5156 μου.
993 5082 1130 5138 Εἶπε
1175 5077 1227 5134 δὲ
1288 5081 1315 5135 ὁ
1348 5075 1554 5145 Ἰησοῦς
1600 5077 1732 5155 πρὸς
1782 5079 1960 5136 αὒτόν·

302 5169 755 5229 Οὗδ“’⁴⁰λ“
916 5170 1146 5208 κστ
1297 5156 1633 5222 ““’ἀ””

407 5193 479 5234 εις
537 5193 693 5228 επιοα
730 5194 804 5228 ων
875 5192 975 5237 “cm
1051 5191 1215 5249 χερα
1261 5189 1416 5226 αυτου
1498 5188 1534 5222 π
1603 5187 1823 5243 αροτρον
1877 5171 1965 5227 καὶ

298 5259 514 5337 βλέπων
566 5261 639 5324 εἰς
694 5261 760 5317 τὰ
789 5260 984 5333 ὀπίσω,
1020 5258 1224 5321 εὔθετός
1272 5255 1413 5313 ἐστιν
1445 5257 1518 5319 εἷς
1563 5255 1662 5323 τὴν
1692 5254 1963 5331 βασιλείαν

295 5354 389 5409 τοῦ
448 5358 603 5411 Θεοῦ.
681 5373 705 5408 ι)
799 5350 967 5414 Οὗτος
1025 5352 1054 5406 6
1140 5346 1444 5427 προσελθὼν
1500 5351 1578 5419 τῷ
1624 5342 1824 5424 Ἰησοῦ,
1874 5350 1962 5405 καὶ

2052 4808 2130 4871 tia
2159 4827 2412 4888 regnum
2443 4807 2572 4871 Dei.
2612 4808 2686 4870 Et
2716 4806 2799 4871 ait
2828 4805 2981 4868 alius
3009 4826 3021 4866 :
3051 4802 3280 4885 Sequar
3318 4808 3402 4876 te,
3430 4800 3701 4877 Domine,

2051 4900 2154 4961 sed
2190 4898 2468 4980 permitte
2495 4897 2638 4959 mihi
2664 4897 2828 4979 prius
2859 4904 2921 4958 ut
2952 4894 3144 4957 dicam
3177 4893 3302 4956 vale
3324 4892 3420 4965 iis,
3446 4891 3548 4973 qui
3570 4900 3710 4952 sunt

2051 4988 2213 5051 domi
2243 5008 2414 5053 meae.
2447 4988 2545 5051 Ait
2585 4987 2657 5049 ad
2712 4987 2881 5050 illum
2911 4985 3088 5049 Jesus
3122 5004 3134 5047 :
3169 4982 3355 5046 Nemo
3396 4982 3497 5064 qui
3528 5000 3707 5043 manu

2050 5095 2153 5139 sua
2188 5078 2428 5141 admota
2489 5086 2707 5152 aratro,
2744 5076 3003 5159 respexit
3056 5093 3090 5136 a
3148 5081 3338 5153 tergo,
3391 5078 3561 5149 aptus
3618 5080 3710 5132 est

2048 5186 2238 5248 regno
2270 5168 2437 5231 Dei.»
2475 5166 2588 5230 Hic
2614 5169 2710 5248 qui
2743 5166 2997 5230 accessit
3030 5163 3105 5227 ad
3135 5162 3430 5234 Jesum,et
3458 5160 3709 5243 peliitut

2047 5267 2403 5340 sequeretur
2433 5258 2623 5337 illum,
2660 5258 2813 5320 mala
2840 5263 3037 5317 mente
3077 5252 3346 5316 accessit.
3370 5251 3515 5325 Quia
3546 5249 3705 5312 enim

2044 5346 2198 5410 vidit
2227 5366 2500 5428 magnam
2533 5346 2763 5408 turbam
2799 5346 2966 5427 sequi
3001 5340 3341 5417 Dominum,
3367 5341 3709 5421 suspicatus

295 5442 663 5518 αἰτησάμενος
712 5441 806 5498 ’ίνα
885 5438 1150 5507 ἀκολουθῇ
1244 5439 1418 5513 αὐτῷ,
1493 5436 1627 5512 μετὰ
1726 5443 1960 5515 πονηρᾶς

2054 5445 2155 5513 est,
2182 5437 2339 5520 quod
2374 5436 2690 5519 pecuniam
2725 5434 2798 5498 ab
2822 5434 2923 5497 illa
2952 5432 3260 5513 colligeret
3288 5430 3605 5502 Dominus,
3640 5438 3701 5491 et

296 5529 519 5608 γνώμης
578 5529 903 5611 προσῆλθεν.
964 5526 1114 5587 Ἐπεὶ
1170 5526 1270 5607 γὰρ
1300 5523 1409 5583 ε’ίδε
1441 5526 1533 5583 τὸν
1566 5524 1751 5604 Κύριον
1792 5523 1959 5584 πολὺν

2054 5528 2302 5610 speravit
2324 5528 2501 5591 etiam
2517 5526 2647 5608 ipse
2673 5524 2982 5608 sequendo
3012 5521 3294 5605 pecunias
3306 5538 3372 5584 se
3384 5537 3706 5599 congrega-

385 5708 469 5790 (a)
501 5707 661 5778 Edit.
695 5710 829 5776 Lut.
864 5705 1100 5791 omittit,
1132 5721 1327 5789 quare
1356 5722 1478 5809 non
1507 5712 1921 5790 susceperunt,
1948 5714 2064 5774 etc.
