4202 6410
481 348 590 414 831
1452 344 2048 413 THEOPHYLACTI
2096 340 2507 405 BULGARIA'I
2555 345 2910 407 ARCHIEP.
3749 343 3879 429 Δ832

480 486 676 543 turum
706 504 719 546 :
747 481 971 545 idcirco
1003 480 1242 562 repellit
1277 497 1411 542 eum
1446 476 1758 553 Dominus,
1783 476 1951 559 quasi
2000 474 2121 537 talia

2218 475 2386 555 ὄχλον
2430 475 2790 553 ἐπαγόμενον,
2835 475 3100 556 ἐνόμισεν,
3135 475 3215 533 ὅτι
3245 477 3351 533 ἀπὸ
3381 477 3582 533 τούτων
3615 478 3878 557 χρήματα

480 570 687 632 dicens
707 573 762 633 ei
795 589 809 634 :
836 572 923 633 Tu
957 570 1196 652 quidem
1225 578 1395 649 putas
1425 568 1581 651 quod
1616 567 1928 648 pecuniam
1963 566 2121 627 colle

2223 563 2467 645 συλλέγει
2521 567 2577 652 6_
2621 566 2835 646 Κύριος,
2922 566 3012 623 καὶ
3066 565 3201 641 ᾤετο
3231 567 3320 624 καὶ
3351 564 3533 648 αὐτὸς,
3568 567 3613 622 εί
3642 566 3877 626 ἀκολου-

478 667 679 722 cturus
711 663 814 735 sis,
852 662 901 723 si
928 647 1022 723 me
1053 647 1347 741 sequaris,
1378 647 1460 721 etv
1489 647 1647 740 quod
1691 659 1804 720 vita
1839 676 1972 719 mea
2009 657 2121 717 tali:

2221 655 2371 724 θήσει
2427 659 2504 730 τῷ
2564 647 2762 732 Ἰησοῦ,
2834 658 3156 735 συναγαγεῖν
3224 647 3524 737 χρήματα,
3570 654 3661 714 διὰ
3725 658 3879 716 τοῦτο

479 748 555 809 sit
586 769 761 830 quam
793 750 1112 813 doceosed
1151 769 1267 810 non
1290 747 1736 811 est.Enimvero
1770 766 1957 829 usque
1988 745 2121 808 adet

2224 745 2311 803 οῦν
2372 745 2723 826 ἀποκρούεται
2794 746 2951 805 αῦτδν
3011 748 3040 802 6
3102 744 3312 824 Κύριος,
3371 747 3664 827 μονονουχὶ
3706 745 3880 827 λέγων

478 847 880 917 paupertatem
913 839 1099 901 doceo
1136 849 1193 901 et
1217 838 1460 913 induco,
1488 845 1551 899 ut
1589 856 1725 899 cum
1749 836 1865 900 alia
1894 835 2135 918 quidem

478 928 763 990 animalia
793 930 989 990 foveas
1019 928 1299 999 habeant,
1336 946 1443 1006 ego
1476 945 1549 988 ne
1572 926 1814 989 domum
1866 925 2132 1008 quidem,

476 1025 534 1077 et
559 1017 644 1078 sic
669 1018 837 1079 illum
863 1018 1083 1099 repulit
1141 1017 1336 1079 Alium
1369 1023 1564 1078 autem
1604 1016 1703 1096 qui
1737 1034 1855 1077 non
1885 1033 2135 1099 rogavef

475 1116 588 1180 rat,
621 1108 906 1187 permittit
935 1097 1158 1189 sequi:
1198 1117 1254 1169 et
1285 1127 1419 1168 cum
1477 1114 1706 1186 peteret
1762 1114 1824 1165 ut
1874 1105 2042 1167 abire
2079 1097 2136 1166 ei

475 1194 706 1270 liceret,
765 1206 825 1259 et
876 1198 1141 1276 sepelire
1196 1206 1425 1277 patrem
1478 1196 1611 1257 '54!
1678 1214 1876 1271 suum,
1911 1195 1965 1255 ei
2018 1213 2135 1255 non

474 1286 776 1360 concedit,
810 1286 1021 1349 dicens
1052 1305 1064 1350 :
1100 1284 1243 1348 Sine
1268 1291 1532 1346 mortuos
1580 1284 1840 1366 sepelire
1873 1291 2138 1345 mortuos

473 1392 759 1455 suos,quo
783 1376 1044 1437 insinuat
1073 1376 1451 1438 incredulum
1476 1374 1662 1436 fuisse
1694 1383 1919 1455 patrem
1951 1373 2134 1447 illius,

392 1527 397 1533 ,
473 1474 529 1523 et
558 1476 876 1541 pr0pterea
909 1465 1215 1545 indignum
1242 1465 1415 1545 cujus
1444 1483 1645 1527 curam
1692 1470 1926 1541 gereret
1979 1463 2136 1524 ﬁlius

470 1552 568 1632 qui
599 1553 955 1615 crediderat.
996 1553 1139 1615 Sine
1171 1555 1330 1616 enim
1388 1563 1654 1614 mortuos
1685 1560 1991 1631 cognatos,
2024 1552 2136 1613 hoc

473 1643 945 1719 estincredulos,
977 1643 1275 1705 increduli
1326 1640 1511 1723 patris
1543 1662 1743 1704 curam
1796 1660 2031 1721 gerere,
2075 1651 2135 1704 et

469 1729 634 1791 illum
672 1752 913 1812 pascere
936 1752 1120 1815 usque
1146 1732 1216 1793 ad
1254 1732 1639 1811 sepulturam.
1674 1730 1941 1811 Sepelire
1972 1731 2131 1793 enim

470 1818 583 1882 hoc
606 1820 735 1885 loco
767 1821 1061 1901 signiﬁcat
1092 1841 1293 1884 curam
1327 1841 1537 1902 gerere
1558 1841 1747 1903 usque
1772 1821 1843 1882 ad
1868 1821 2132 1898 sepultu-

465 1924 591 1970 ram
632 1928 644 1972 :
675 1911 812 1990 quia
843 1920 899 1973 et
930 1911 1268 1973 communis
1298 1929 1500 1989 sermo,
1532 1910 1611 1973 ita
1642 1909 1839 1984 habet,
1870 1927 2003 1969 cum
2033 1907 2121 1969 di-

2212 1910 2334 1973 τοὺς
2406 1910 2617 1989 νεκροὺς
2675 1922 2974 1991 συγγενεῖς,

467 1996 679 2073 cimus,
714 1999 813 2062 ille
846 2002 1003 2062 ﬁlius
1052 2001 1291 2081 sepeliit
1327 2012 1551 2080 patrem
1585 2018 1913 2080 suum,non
1948 1998 2127 2061 intel-

466 2085 705 2165 ligimus
724 2091 881 2170 quod
914 2100 1140 2151 tantum
1174 2089 1483 2168 sepelierit
1506 2107 1667 2159 eum,
1700 2097 1756 2150 et
1805 2088 1953 2148 nihil
1987 2086 2129 2147 boni

461 2174 619 2237 aliud
652 2177 738 2238 illi
764 2179 992 2245 fecerit.
1030 2179 1134 2241 sed
1161 2179 1315 2260 quod
1343 2177 1689 2258 diligentem
1737 2177 1866 2257 ejus
1921 2195 2123 2238 curam

461 2264 732 2329 habuerit
766 2287 952 2350 usque
968 2276 1041 2329 ad
1071 2277 1323 2329 mortem
1351 2276 1405 2328 et
1432 2266 2016 2346 sepulturam.lgilur
2040 2266 2123 2327 illi

461 2354 703 2433 quidem
739 2357 977 2432 mortui,
1006 2358 1117 2419 hoc
1148 2365 1239 2419 est
1269 2355 1596 2430 increduli,
1632 2355 1924 2436 sepeliant
1958 2374 2123 2417 mor-

467 2450 630 2504 tuum
667 2465 864 2518 suum,
899 2446 1035 2509 dico
1088 2453 1313 2526 patrem
1375 2454 1565 2507 tuum.
1612 2444 1698 2506 Tu
1758 2454 1950 2507 autem
1986 2444 2128 2523 quia

464 2534 793 2615 credidisti,
814 2536 1098 2599 annuntia
1156 2536 1316 2599 velut
1348 2554 1517 2596 meus
1549 2534 1819 2615 dispulus
1850 2534 2125 2614 Evange-

466 2622 609 2683 lium
633 2623 896 2687 Dei.Hoe
916 2636 1113 2686 autem
1137 2625 1286 2687 dixit
1310 2625 1621 2695 Dominus,
1650 2643 1765 2685 non
1800 2624 2127 2704 prohibens

463 2731 571 2773 nos
600 2712 669 2775 ab
709 2714 939 2775 alendis
994 2714 1363 2794 parentibus,
1419 2714 1522 2775 sed
1565 2714 1788 2775 docens
1841 2712 2122 2794 pietatem

466 2802 1235 2881 przel'erendamincredulis
1252 2803 1696 2883 parentibus,eo
1714 2802 1869 2884 quod
1897 2802 2123 2863 nullum

466 2891 541 2953 ad
576 2892 849 2956 virtutem
881 2894 1250 2956 obstaculum
1281 2912 1414 2955 esse
1447 2893 1659 2955 debeat
1695 2914 1706 2955 :
1745 2901 1800 2954 et
1846 2902 2121 2953 contem-

464 2982 719 3044 nendam
752 2984 926 3045 etiam
964 2994 1229 3045 naturam
1269 2982 1739 3064 propriam,ideo
1775 2981 1999 3062 petenti
2024 3000 2121 3042 se-

464 3072 564 3151 qui
602 3072 793 3147 illum,
826 3074 992 3154 prius
1031 3082 1226 3134 autem
1280 3071 1624 3133 renuntiare
1668 3070 1760 3133 his
1794 3089 1927 3152 qua;
1958 3070 2120 3131 domi

460 3179 731 3239 suaamon
750 3162 1162 3243 (-oncessit,ire
1176 3160 1475 3223 scilicetin
1494 3160 1734 3221 domum
1754 3178 1919 3221 suam
1934 3168 2012 3237 ,et
2031 3178 2121 3220 re-

2224 839 2366 895 αῦτῶ
2422 838 2661 892 τοιαῦταο
2741 836 2814 892 Σὺ
2870 835 2969 912 μὶν
3026 836 3254 911 νομίζεις
3313 836 3575 917 χρήματα
3643 836 3879 903 συνάξειν

2218 924 2325 981 ἀπὸ
2382 927 2476 982 τοῦ
2545 923 2857 982 ἀκολουθεῖν
2912 923 3053 1001 ἐμοὶ,
3085 924 3191 982 οἴει
3219 926 3320 1005 γὰρ
3361 923 3443 982 ὅτι
3486 928 3515 983 6
3574 925 3703 1002 ἐμὸς
3761 927 3878 1004 βίος

2216 1014 2455 1080 τοιοῦτός
2509 1016 2678 1090 ἐστιν,
2739 1013 2862 1071 ἀλλ’
2916 1016 3021 1095 οὐχ
3090 1013 3257 1080 οὕτως
3303 1014 3445 1095 ἔχει.
3479 1022 3743 1074 Τοσοῦτον
3774 1016 3876 1095 γὰρ

2218 1103 2493 1183 πτωγείαν
2549 1105 2863 1183 είσηγοῦμαι
2918 1105 3006 1160 καὶ
3063 1101 3314 1179 διδάσκω,
3386 1104 3523 1161 ὥστε
3554 1103 3726 1163 τᾶλλα
3779 1106 3879 1181 μὲν

2218 1198 2330 1264 ζῶα
2399 1191 2635 1271 φωλεοὺς
2697 1192 2866 1273 ἔχειν,
2923 1192 3019 1269 ἐμὲ
3080 1191 3135 1249 δὲ
3206 1193 3344 1269 μηδὲ
3404 1195 3595 1270 οἰκίαν,
3626 1196 3715 1252 καὶ
3743 1202 3877 1254 τοῦ-

2217 1303 2310 1339 τον
2381 1282 2479 1357 μὲν
2539 1280 2704 1346 οὕτως
2777 1282 3163 1360 ἀπεκρούσατο.
3202 1282 3398 1364 Ἐτέρῳ
3439 1282 3493 1340 δέ
3522 1282 3660 1360 μηδὲ
3707 1284 3876 1351 ἀξιώ-

2218 1393 2368 1427 σαντι
2441 1370 2711 1452 ἐπιτρέπει
2764 1374 2825 1429 τὸ
2881 1372 3219 1430 ἀκολουθεῖν·
3269 1381 3363 1431 τοῦ
3406 1371 3461 1429 δέ
3512 1374 3876 1451 αἰτησαμένου

2218 1459 2477 1518 ἀπελθεῖν
2536 1463 2625 1518 καὶ
2690 1462 2855 1545 θάψαι
2914 1464 3006 1519 τὸν
3049 1462 3252 1534 πατέρα
3281 1463 3461 1538 αὐτοῦ,
3499 1464 3560 1521 06
3593 1478 3877 1545 συγχωρεῖ

2216 1552 2394 1625 τοῦτο,
2454 1551 2638 1607 εἰπών·
2708 1543 2885 1633 ’Ἄφες
2936 1552 3057 1617 τοὺς
3089 1552 3300 1632 νεκροὺς
3328 1553 3494 1629 θάψαι
3524 1552 3646 1617 τοὺς
3672 1543 3879 1611 ἑαυτῶν

2218 1641 2452 1721 νεκροὺς,
2515 1643 2644 1719 ὅπερ
2702 1642 3006 1707 αἰνίττεται.
3077 1643 3164 1699 ὅτι
3222 1641 3444 1706 ἄπιστος
3512 1642 3578 1711 ἦν
3610 1645 3639 1699 6
3690 1644 3875 1721 πατὴρ

2216 1733 2392 1802 αὐτοῦ,
2456 1731 2544 1787 καὶ
2600 1728 2684 1787 διὰ
2755 1738 2911 1789 τοῦτο
2981 1730 3191 1797 ἀνάξιος
3242 1729 3725 1832 γηριυϐοσκηθῆναι
3769 1735 3876 1791 ὑπὸ

2213 1827 2305 1878 τοῦ
2358 1820 2735 1884 πιστεύσαντος
2802 1822 2962 1880 αὐτοῦ
3032 1802 3268 1883 παιδός.-
3319 1802 3495 1902 πμΔιρες
3546 1822 3668 1903 γὰρ,
3716 1825 3873 1903 φησὶ,

3062 1909 3301 1967 τουτέστι
3382 1911 3504 1977 τοὺς
3589 1910 3874 1993 ἀπίστους,

2212 2003 2628 2079 γηρωτροφῆσαι
2688 2001 2776 2055 τὸν
2812 1998 3055 2055 κᾶπιστόν
3147 2021 3239 2056 σου
3314 1998 3517 2078 πατέρα
3602 1999 3733 2081 ἂχρι
3785 2000 3878 2059 καὶ

2210 2095 2408 2168 ταφῆς·
2482 2089 2542 2144 τὸ
2601 2088 2703 2167 γὰρ
2770 2089 2935 2164 θάψαι
2996 2088 3218 2148 ἐνταῦθα
3287 2091 3443 2147 τοῦτο
3473 2090 3748 2171 σημαίνει,
3808 2093 3876 2148 τὸ

2209 2176 2513 2253 ἐπιμελείας
2559 2175 2805 2249 ἀξιῶσαι,
2866 2176 2995 2259 ἄχρι
3081 2180 3169 2235 καὶ
3234 2183 3335 2246 τῆς
3378 2180 3578 2260 ταφῆς,
3609 2178 3727 2237 ἐπεὶ
3780 2182 3876 2237 καὶ

2206 2269 2263 2324 ἐν
2309 2268 2377 2335 τῆ
2439 2274 2593 2345 κοινῇ
2637 2265 2821 2344 ὁμιλίᾳ
2873 2266 3038 2332 οὕτως
3084 2269 3341 2344 εἰώθαμεν
3383 2268 3580 2347 λέγειν·
3618 2260 3676 2329 Ὀ
3708 2268 3862 2327 δεῖνα

2206 2359 2315 2421 υἱὸς
2371 2356 2534 2433 ἔθαψε
2590 2359 2683 2414 τὸν
2738 2356 2943 2437 πατέρα
3017 2359 3195 2433 αὑτοῦ,
3259 2360 3319 2416 06
3378 2361 3532 2417 10610
3592 2357 3870 2438 λέγοντες,

2208 2447 2289 2503 ὃτι
2364 2446 2525 2523 μόνον
2583 2445 2773 2523 ἔθαψεν
2830 2448 3011 2520 αὗτὸν,
3046 2445 3178 2504 ἄλλο
3218 2445 3272 2504 δὲ
3303 2446 3449 2505 οῦδὲν
3493 2448 3690 2527 ἀγαθὸν
3716 2449 3875 2507 ἐποί-

2208 2562 2361 2621 ησεν,
2436 2536 2556 2595 ἀλλ’
2614 2538 2694 2596 ὅτι
2768 2538 3139 2614 ἐπεμελήσατο
3210 2543 3371 2599 αὐτοῦ
3423 2540 3554 2621 ἄχρι
3607 2542 3696 2598 καὶ
3764 2546 3869 2609 τῆς

2211 2628 2462 2696 τελευτῆς
2518 2628 2607 2685 καὶ
2664 2633 2860 2707 ταφῆς.
2926 2628 3161 2686 Ἐκεῖνοι
3231 2630 3330 2705 μὲν
3403 2629 3492 2687 οῦν
3548 2630 3596 2686 οἱ
3668 2632 3869 2711 νεκροὶ,

2208 2717 2479 2775 τουτέστιν
2535 2720 2580 2774 οἱ
2639 2716 2877 2794 ἄπιστοι,
2951 2718 3273 2793 θαψάτωσαν
3302 2720 3394 2776 τὸν
3422 2720 3608 2798 νεκρὸν
3666 2719 3869 2795 αὐτῶν,

2210 2805 2354 2887 λέγω
2410 2806 2476 2874 δὴ
2528 2808 2620 2863 τὸν
2669 2808 2762 2862 σὸν
2830 2806 3061 2887 πατέρα,
3120 2808 3183 2864 σὺ
3255 2806 3310 2864 δὲ
3353 2808 3466 2865 ἐπεὶ
3522 2811 3862 2885 ἐπίστευσας,

2208 2893 2483 2975 διαγγελε,
2543 2898 2618 2959 ὡς
2662 2894 2789 2972 ἐμὸς
2822 2897 3091 2971 μαθητὴς,
3120 2898 3183 2954 τὸ
3215 2896 3538 2976 Εὖαγγέλιον
3580 2906 3675 2958 τοῦ
3704 2905 3865 2961 Θεοῦ.

2206 2993 2369 3043 Τοῦτο
2425 2982 2480 3041 δὲ
2549 2985 2706 3042 εἶπεν
2764 2988 2792 3043 6
2824 2987 3043 3066 Κύριος,
3073 2988 3133 3043 06
3175 2985 3396 3043 κωλύων
3426 2989 3570 3065 ἡμᾶς
3614 2987 3722 3045 ἀπὸ
3771 2996 3869 3047 τοῦ

2202 3073 2411 3154 τρέφειν
2467 3074 2588 3139 τοὺς
2642 3087 2845 3153 γονεῖς,
2908 3074 3046 3131 ἀλλὰ
3122 3073 3382 3133 διδάσκων
3424 3078 3592 3152 ἡμᾶς,
3626 3076 3705 3132 ὃτι
3756 3083 3866 3135 τῶν

2203 3163 2441 3220 ἀπίστων
2500 3162 2702 3243 γονέων
2786 3166 3144 3245 προτιμηνέον
3200 3166 3300 3233 τὴν
3374 3163 3697 3242 θεοσέϐειαν,
3770 3170 3866 3224 καὶ

465 3251 741 3313 nuntiare
765 3251 1200 3331 domesticis,et
1224 3264 1284 3312 ut
1308 3251 1492 3329 magis
1518 3250 1760 3329 proprie
1782 3249 1999 3321 dicam,
2037 3249 2120 3309 di-

2206 3252 2286 3309 ὅτι
2347 3251 2493 3312 οὐδὲν
2563 3253 2816 3329 ἐμπόδιον
2878 3254 3029 3335 ἔχειν
3057 3253 3141 3312 δεῖ
3169 3256 3301 3333 πρὸς
3332 3256 3392 3314 τὸ
3436 3255 3658 3332 ἀγαθόν.
3691 3254 3864 3313 Ἀλλὰ

464 3358 602 3401 cere
627 3341 779 3405 vale.
803 3341 1145 3402 lnsinuabat
1165 3342 1321 3402 enim
1351 3341 1527 3400 homo
1553 3340 1646 3398 ille
1672 3338 1829 3419 quod
1864 3337 2119 3399 familia-

461 3429 695 3490 ritatem
741 3431 1056 3511 quamdam
1109 3431 1304 3491 adhuc
1353 3428 1729 3491 habeatcum
1784 3428 2029 3506 mundo,
2066 3436 2123 3488 et

462 3538 577 3579 non
610 3522 856 3584 allectus
886 3521 961 3581 sit
994 3528 1055 3579 ut
1098 3519 1370 3599 apostoli,
1402 3519 1500 3598 qui
1530 3537 1660 3577 mox
1697 3526 1757 3576 ut
1779 3518 2119 3598 audierunt,

460 3609 760 3671 Christum
784 3611 967 3673 secuti
995 3621 1152 3683 sunt,
1185 3610 1330 3670 nihil
1362 3606 1849 3687 aliudzcuriosius
1873 3607 2119 3685 perqui-

463 3708 688 3773 rentes,
741 3709 799 3761 et
850 3717 924 3764 ne
976 3700 1103 3761 vale
1136 3698 1378 3780 quidem
1426 3697 1779 3758 necessariis
1832 3696 2120 3759 dicentes.

462 3788 631 3868 Saepe
655 3789 814 3850 enim
850 3789 1142 3869 contingit
1166 3788 1401 3870 quando
1435 3787 1568 3867 quis
1592 3787 1719 3847 vale
1751 3786 1894 3847 dicit
1914 3787 2123 3848 amicis

458 3879 678 3953 suis,ut
698 3878 1079 3940 inveniantur
1094 3878 1274 3959 aliqui
1302 3876 1405 3958 qui
1428 3877 1596 3937 illum
1618 3894 1652 3937 a
1674 3875 1789 3937 vita
1805 3885 2007 3937 sancta
2022 3877 2123 3938 ab-

459 3968 753 4030 ducantet
777 3968 1170 4051 prohibeant:
1206 3968 1341 4027 ideo
1367 3965 1587 4027 bonum
1616 3975 1703 4026 est
1730 3974 1791 4026 ut
1812 3985 1946 4027 cum
1987 3967 2119 4050 quis

461 4075 588 4119 rem
625 4057 840 4119 bonam
874 4058 1070 4119 facere
1115 4056 1384 4129 vult,non
1435 4064 1724 4128 moretur,
1758 4055 1862 4115 sed
1918 4056 2113 4117 statim

460 4147 750 4227 perﬁciat.
777 4148 992 4211 Nullus
1019 4147 1179 4208 enirn
1214 4145 1314 4227 qui
1348 4145 1523 4205 mittit
1558 4162 1795 4207 manum
1840 4163 2005 4205 suam
2040 4144 2110 4204 ad

458 4244 720 4297 aratrnm
749 4237 1146 4316 spirituale,et
1177 4234 1417 4316 respicit
1441 4235 1651 4295 iterum
1688 4234 1758 4294 ad
1795 4235 2108 4307 mundum,

459 4326 711 4388 idoneus
741 4335 829 4388 est
858 4328 928 4388 ad
964 4346 1209 4407 regnum
1235 4326 1549 4387 ccelqum.
1587 4323 1859 4400 lutellige
1912 4335 2109 4385 autem

460 4435 566 4497 per
597 4417 799 4489 vulpes
823 4416 998 4478 etiam
1042 4416 1331 4495 malignos
1357 4415 1683 4483 daemones.
1719 4414 1820 4492 qui
1855 4422 1915 4473 et
1948 4417 2108 4474 volu-

2205 3344 2293 3398 καὶ
2364 3343 2527 3411 αὗτῆς
2584 3349 2682 3411 τῆς
2740 3345 2943 3425 φύσεως
2999 3358 3377 3424 καταφρονεῖν,
3430 3344 3611 3425 ὥσπερ
3639 3344 3730 3401 οὖν
3773 3346 3864 3402 καὶ

2204 3437 2282 3506 τῷ
2321 3431 2692 3507 ,ἀκολουθῆσαι
2748 3432 2977 3500 ἀξιοῦντι
3036 3436 3201 3516 αύτῷ,
3264 3435 3519 3515 πρότερον
3576 3433 3854 3501 ἀποτάξα-

2204 3525 2321 3580 σθαι
2378 3536 2494 3587 τοῖς
2546 3523 2600 3578 ἐν
2656 3527 2733 3598 τῷ
2797 3524 2937 3598 οἴκῳ
2992 3526 3173 3604 αὐτοῦ,
3233 3527 3293 3581 06
3334 3537 3614 3606 συγχωρεῖ
3669 3526 3853 3588 10610.

2205 3610 2359 3689 Λέγω
2416 3610 2480 3679 δὴ
2556 3614 2612 3669 16
2638 3612 2891 3671 ἀπελθεῖν
2920 3614 2992 3678 εἷς
3022 3616 3114 3672 τὸν
3144 3627 3298 3672 οῖκον
3326 3614 3483 3673 αύτοῦ
3521 3615 3610 3671 καὶ
3649 3612 3859 3671 ἀποτά-

2205 3699 2409 3778 ξασθαι,
2484 3702 2777 3779 τουτέστιν,
2838 3703 2933 3760 ’ίνα
2988 3702 3391 3783 ἰδιωτικώτερον
3421 3703 3584 3777 εἴπω,
3612 3702 3856 3784 ἀποχαι-

2204 3791 2424 3870 ρετίσαι.
2487 3791 2764 3873 Ἐμιραίνει
2835 3794 2936 3874 γὰρ
2991 3796 3020 3851 6
3095 3800 3332 3858 τοιοῦτος
3402 3792 3698 3872 ἄνθρωπος,
3774 3793 3857 3851 ὅτι

2203 3880 2391 3959 σχέσιν
2447 3880 2565 3961 ’έχει
2636 3883 2766 3961 πρὸς
2820 3885 2910 3940 τὸν
2994 3882 3220 3959 κόσμον⁰
3281 3883 3370 3940 καὶ
3396 3883 3519 3964 οῦχὶ
3557 3884 3693 3940 κατὰ
3734 3884 3858 3950 τούς

2200 3970 2531 4034 ἀποστόλους
2602 3970 2885 4048 διάκειται,
2936 3973 2990 4031 οῗ
3085 3974 3407 4039 ἀκούσαντες
3464 3976 3643 4049 αὒτοῦ,
3708 3974 3857 4039 εὗθύς

2198 4059 2564 4129 ἧκολούθησαν
2648 4062 2813 4139 αὐτῷ·
2892 4062 3058 4140 μηδὲν
3135 4062 3266 4120 ἄλλο
3347 4063 3855 4143 περιεργασάμενοι,

2198 4149 2318 4207 ἀλλ’
2375 4150 2591 4230 ἀφέντες
2646 4154 2735 4209 καὶ
2790 4154 2889 4220 τὴν
2946 4155 3076 4233 πρὸς
3122 4154 3241 4219 τούς
3274 4153 3493 4218 οἰκείως
3551 4153 3858 4232 ἀποταγήν.

2197 4240 2463 4305 Πολλάκις
2524 4243 2625 4321 γὰρ
2695 4240 2968 4319 συμϐαίνει
3026 4242 3080 4299 ἐν
3176 4245 3285 4316 ὂσῳ
3340 4265 3421 4308 τις
3494 4242 3861 4305 ἀποτάσσεται

2195 4345 2312 4393 τοῖς
2382 4334 2687 4411 συγγενέσιν
2758 4336 2936 4407 αὐτοῦ,
2996 4334 3318 4413 εὒρίσκεσθαί
3371 4354 3516 4397 τινας
3543 4332 3604 4390 ἐκ
3652 4333 3858 4392 τούτων

2193 4419 2499 4489 κωλύοντας
2562 4423 2718 4479 αὐτὸν
2767 4422 2874 4479 ὰπὸ
2923 4429 3017 4481 τοῦ
3074 4424 3209 4480 κατά
3239 4424 3369 4480 Θεὸν
3396 4423 3533 4499 βίου,
3564 4419 3644 4477 διὸ
3684 4420 3856 4479 καλὸν

460 4506 582 4567 tilia
614 4504 746 4568 coeli
778 4506 1079 4580 dicuntur,
1115 4507 1226 4567 hoc
1260 4514 1351 4566 est
1373 4503 1530 4564 aeris
1568 4502 1743 4565 Juxta
1776 4502 2106 4582 principem

2205 4510 2336 4566 ἐστιν
2398 4509 2511 4585 ἃμα
2572 4517 2648 4586 τῷ
2704 4509 2926 4580 θελήσαι
2983 4513 3045 4568 τὸ
3112 4512 3334 4591 ἀγαθὸν,
3393 4509 3659 4568 ἐπιτελεῖν
3729 4510 3860 4569 αὒτὸ

456 4594 1179 4676 enim,inquit,potestatis
1210 4594 1388 4657 aeris.
1425 4592 1578 4654 Dicit
1611 4592 1790 4670 igitur
1819 4591 2109 4681 Dominus

2205 4597 2368 4676 μηδὲν
2420 4598 2825 4675 ἀναδυομένοδς.
2898 4598 3076 4666 Οὐδεὶς
3135 4604 3235 4680 γὰρ
3263 4598 3530 4657 ἐπιϐαλὼν
3559 4600 3658 4669 τὴν
3691 4611 3864 4681 χεῖρα

454 4685 525 4745 ad
557 4685 862 4745 hominem
898 4702 911 4747 :
949 4684 1101 4758 Quia
1130 4684 1433 4745 dmmones
1460 4683 1518 4743 in
1548 4690 1602 4741 te
1626 4682 1820 4742 foveas
1866 4680 2112 4749 habent.

459 4783 776 4855 propterea
800 4793 909 4854 ego
943 4774 1125 4837 Filius
1150 4772 1412 4836 hominis
1438 4791 1554 4832 non
1590 4769 1779 4831 habeo
1812 4769 1911 4831 ubi
1941 4778 2122 4851 caput

455 4863 771 4936 reclinem,
808 4864 918 4925 hoc
946 4873 1055 4929 est.
1094 4864 1152 4925 in
1189 4882 1282 4926 me
1315 4862 1472 4924 ﬁdei.
1522 4880 1639 4921 non
1693 4860 1868 4921 video
1922 4861 2114 4922 locum

453 4952 512 5014 in
546 4953 728 5014 corde
760 4956 1044 5035 tuo,quod
1073 4954 1379 5033 impletum
1406 4962 1495 5013 est
1525 4949 2113 5030 daemonibusCaput

454 5043 612 5103 enim
639 5042 1040 5119 Christi,ﬁdes
1072 5044 1130 5104 in
1160 5040 1617 5115 illum.Quando
1645 5041 1800 5100 enim
1828 5040 1959 5119 quis
1985 5059 2113 5100 cre-

454 5132 539 5193 dit
568 5135 750 5195 Deum
788 5150 921 5194 esse
952 5133 1276 5207 Christum,
1304 5141 1443 5192 tunc
1469 5139 1647 5210 caput
1676 5126 1891 5191 Christi
1923 5135 2105 5193 tenet.

452 5223 722 5282 Mortuus
752 5229 947 5281 autem
984 5231 1260 5301 peccator
1291 5230 1403 5294 est,
1438 5219 1536 5300 qui
1592 5229 1647 5279 et
1705 5218 1917 5297 sepelit
1975 5239 2113 5280 suos

457 5321 744 5385 mortuos,
802 5312 913 5372 hoc
961 5321 1050 5373 est
1106 5313 1289 5373 malas
1350 5309 1760 5389 cogitationes,
1811 5327 1957 5387 quas
1997 5329 2112 5371 non

454 5399 794 5463 conﬁtetur.
822 5400 1082 5463 Proinde
1111 5401 1399 5463 Dominus
1432 5397 1707 5481 prohibet
1741 5407 2107 5473 secuturum,

454 5503 530 5545 ne
563 5488 812 5567 sepeliat
873 5490 1056 5552 malas
1106 5491 1498 5571 cogitationes
1546 5497 1603 5549 et
1654 5488 1950 5550 occultet:
1988 5490 2110 5552 vult

455 5575 609 5635 enim
658 5595 758 5637 ras
783 5596 890 5658 per
919 5580 1357 5643 confessionem
1384 5579 1775 5641 manifestari.

2200 4688 2361 4746 αὐτοῦ
2429 4688 2517 4745 ἐπὶ
2583 4691 2643 4745 τὸ
2697 4686 2918 4771 ἄροτρον
2959 4692 3022 4747 τὸ
3063 4690 3442 4767 πνευματικόν,
3498 4690 3595 4748 Καὶ
3637 4688 3856 4766 βλέπων

2201 4777 2359 4836 πάλιν
2413 4780 2501 4836 ἐπὶ
2556 4780 2647 4836 τὸν
2723 4802 2950 4857 κοσμον,
3041 4777 3334 4843 ἐπιτάδειός
3406 4779 3548 4837 ἐσνιν
3620 4781 3696 4844 εἰς
3756 4779 3858 4847 τὴν

2201 4868 2474 4945 βασιλείαν
2530 4870 2623 4925 106
2707 4876 2859 4934 Θεοῦ,
2915 4871 3143 4941 Νοήσεις
3194 4868 3248 4926 δὲ
3280 4868 3562 4932 ἀλώπεκας
3608 4869 3696 4924 καὶ
3736 4869 3860 4934 τούς

2198 4959 2524 5037 πανούργους
2579 4956 2851 5034 δαίμονας,
2912 4957 2969 5015 οἴ
3025 4961 3113 5016 καὶ
3184 4950 3399 5019 πετεινὰ
3459 4958 3549 5016 106
3628 4961 3857 5037 ούρανοῦ

2196 5047 2467 5127 λέγονται,
2524 5049 2762 5105 τουτέστι
2818 5056 2911 5106 τοῦ
2979 5048 3155 5130 ἀέρος.
3230 5048 3384 5110 Κατὰ
3456 5050 3547 5105 τὸν
3614 5048 3854 5127 ἄρχοντα

2194 5138 2321 5217 γὰρ,
2393 5138 2542 5219 φησὶ,
2577 5144 2673 5215 τῇς
2703 5136 2939 5204 ἐξουσίας
2984 5146 3076 5197 τοῦ
3119 5139 3297 5219 ἀέρος.
3348 5140 3519 5206 Φησὶν
3564 5140 3648 5195 οὖν
3678 5138 3706 5196 6
3740 5134 3855 5194 K6-

2196 5248 2307 5305 ριος
2361 5228 2493 5306 πρὸς
2548 5229 2640 5283 τὸν
2696 5226 2991 5306 ἄνθρωπον,
3067 5227 3171 5303 ὅτι,
3220 5229 3279 5286 Οἱ
3336 5224 3585 5303 δαίμονες
3644 5224 3699 5281 ἐν
3771 5224 3857 5282 σοὶ

2196 5315 2430 5396 φωλεούς
2502 5316 2715 5397 ἔχουσι,
2768 5318 2856 5373 καὶ
2906 5314 2990 5373 διὰ
3043 5325 3198 5374 τοῦτο
3270 5320 3297 5374 6
3372 5318 3490 5380 Υἱὸς
3525 5323 3618 5373 τοῦ
3642 5313 3857 5394 ἀνθρώ-

2194 5430 2297 5463 που
2370 5408 2479 5487 ἐγὼ
2535 5408 2629 5464 οῦκ
2684 5406 2799 5487 ἔχω
2882 5414 2983 5465 ποῦ
3040 5410 3138 5477 τὴν
3186 5405 3424 5489 κεφαλὴν
3453 5404 3638 5481 κλίνω,
3690 5426 3851 5462 τουτ-

2195 5497 2330 5568 ἐστι,
2392 5503 2489 5564 τῆς
2547 5499 2619 5563 εἷς
2678 5497 2774 5574 ἐμὲ
2830 5497 3056 5563 πίστεως
3116 5500 3220 5580 οὐχ
3279 5501 3387 5577 ὁρῶ
3457 5496 3623 5553 τόπον
3680 5492 3735 5549 ἐν
3789 5499 3859 5570 τῇ

2192 5584 2375 5666 καρδίᾳ
2430 5609 2548 5663 σου,
2618 5593 2687 5664 τῇ
2744 5588 3083 5667 πληρωθείσῃ
3140 5585 3426 5663 δαιμόνων·
3488 5582 3710 5666 Κεφαλὴ
3752 5583 3855 5663 γὰρ

452 5670 543 5724 τοῦ
588 5670 830 5748 Χριστοῦ,
878 5669 912 5734 ἡ
946 5669 1119 5735 πίστις
1178 5674 1252 5737 εἰς
1329 5672 1483 5728 αυτόν
1541 5671 1703 5731 ἐστιν.
1769 5662 1953 5730 ’Ὅταν
2013 5676 2113 5754 γὰρ
2164 5697 2244 5742 τις
2301 5676 2459 5734 αὐτὸν
2530 5677 2789 5754 πιστεύσῃ
2853 5678 2983 5734 Θεὸν
3066 5675 3218 5753 ὄντα,
3276 5677 3401 5735 τότε
3452 5675 3553 5745 τήν
3609 5670 3853 5756 κεφαλὴν
