4202 6432
493 358 609 425 835

567 498 946 565 Vens.4-ll.
984 526 1013 559 ι
1044 498 1243 563 Nolite
1277 504 1513 579 portare
1570 493 1897 565 sacculum,
1938 506 2195 571 nequeA

486 589 627 649 545
647 609 874 671 peram,
908 608 1107 671 neque
1153 588 1648 651 calceamentazet
1696 582 1997 644 neminem
2033 598 2138 662 per

492 678 646 739 \iam
681 678 1172 742 salutaveritis.ln
1210 694 1625 761 quamcunque
1664 673 1907 735 domum
1951 671 2136 761 intraf

493 767 716 840 veritis,
754 771 1011 849 primum
1044 758 1266 831 dicite:
1304 769 1418 831 Pax
1450 766 1587 827 huic
1618 762 1845 826 domui.
1871 761 1946 825 Et
1974 759 2024 822 si
2056 758 2138 820 ibi

487 856 665 920 fuerit
694 858 851 919 ﬁlius
880 860 1065 940 pacis,
1099 857 1439 939 requiescet
1467 871 1647 934 super
1679 852 1842 913 illum
1877 870 1985 932 pax
2015 866 2127 940 ves-

486 953 590 1006 trm
612 945 701 1007 sin
722 938 1019 1028 minu‘s,ad
1036 967 1135 1009 vos
1156 938 1511 1008 revertetur.
1530 942 1596 1005 In
1610 940 1819 1003 eadem
1834 938 2148 1028 autemdo-

486 1050 583 1095 mo
612 1045 846 1099 manete
868 1026 1114 1099 edentes
1138 1044 1195 1097 et
1218 1034 1496 1096 bibentes
1527 1050 1659 1112 quae
1686 1026 2147 1092 danturabillis.

485 1123 709 1204 Dignus
740 1134 831 1187 est
881 1127 1041 1188 enim
1098 1124 1409 1206 operarius
1466 1120 1743 1183 mercede
1790 1137 1921 1181 sua.
1959 1116 2159 1193 Nolite

488 1214 744 1276 transire
789 1216 863 1277 de
918 1216 1100 1279 domo
1150 1215 1211 1277 in
1248 1210 1616 1275 domum.Et
1646 1210 1706 1270 in
1739 1225 2157 1290 quamcunque

488 1305 780 1367 civitatem
807 1305 1196 1377 intraveritis,
1218 1311 1276 1365 et
1306 1300 1682 1382 susceperint
1708 1297 2007 1372 vos,edite
2027 1312 2156 1376 quas

486 1404 871 1475 apponuntur
898 1394 1109 1457 vobis:
1143 1400 1202 1455 et
1253 1401 1458 1454 sanate
1516 1390 1786 1450 inﬁrmos
1836 1386 1935 1467 qui
1966 1384 2026 1447 in
2052 1384 2156 1446 illa

491 1490 664 1546 sunt:
694 1494 753 1545 et
771 1484 949 1547 dicite
972 1484 1091 1547 illis
1113 1504 1127 1544 :
1150 1478 1662 1564 ApprOpinquavit
1687 1478 1747 1537 in
1774 1496 1875 1538 vos
1900 1492 2148 1553 regnum

488 1572 820 1646 Dei.»Quia
847 1578 1005 1655 ipsos
1031 1573 1323 1634 missurus
1343 1577 1470 1631 erat
1502 1568 1928 1655 prazdicatores
1960 1564 2151 1624 Evan-

488 1662 650 1739 gelii,
676 1663 821 1724 dicit
854 1654 881 1724 :7
907 1664 996 1725 Ne
1032 1660 1277 1742 portetis
1307 1659 1849 1737 sacculum,neque
1898 1654 2013 1714 hoc
2059 1656 2151 1717 vel

494 1751 633 1812 illud
670 1772 682 1812 :
720 1752 934 1812 sufﬁcit
968 1751 1129 1813 enim
1189 1748 1359 1811 vobis
1417 1746 1575 1829 quod
1632 1764 1838 1807 curam
1881 1742 2151 1806 habeatis

1462 353 2058 422 THEOPHYLACTI
2101 345 2512 415 BULGARLE
2559 348 2917 414 ARCHIEP.

3765 351 3881 416 836

2302 509 2330 541 α
2396 486 2484 553 Μὴ
2540 486 2830 563 βαστάζετε
2876 485 3186 563 βαλάντιον,
3238 491 3315 565 μὴ
3346 490 3546 568 πήραν,
3578 486 3715 563 μηδὲ
3748 491 3881 545 ὃπο-

2220 575 2455 652 δήματα,
2515 578 2603 632 καὶ
2674 574 2881 651 μηδέκα
2944 579 3080 635 κατά
3109 578 3209 647 τὴν
3263 576 3383 635 ὁδὸν
3422 578 3758 647 ἀσπάσησθε.
3797 579 3882 639 Εἰς

2221 667 2287 735 ἢν
2352 664 2396 721 δ’
2470 666 2533 722 ἄν
2589 668 2755 723 οἰκίαν
2789 666 3124 747 εἰσέρχησθε,
3163 676 3372 748 πρῶτον
3411 667 3619 749 λέγετε·
3688 670 3885 749 Εἰρήνη

2222 763 2298 830 τῷ
2356 756 2495 830 οἴκῳ
2554 757 2744 831 τούτῷ.
2810 758 2907 814 Καί
2965 757 3055 813 ἐὰν
3112 758 3209 832 μὲν
3295 758 3477 834 ᾗὲκεῖ
3505 759 3615 823 υἱὸς
3648 758 3883 838 εἰρῆνης,

2229 845 2659 902 ἐπαναπαύσεται
2712 846 2802 902 ἐπ’
2833 848 2989 903 αὐτὸν
3018 849 3052 916 ἡ
3086 847 3269 927 εἰρήνη
3299 849 3469 923 ὑμῶν,
3505 850 3548 904 εἰ
3578 845 3632 904 δέ
3662 848 3740 923 μή
3799 868 3883 925 γε,

2233 931 2313 1014 ἐφ’
2374 934 2507 1009 δμᾶς
2566 935 2901 1012 ἀνακάμψει.
2961 935 3052 995 Ἐν
3111 939 3243 1015 αὐτῇ
3293 936 3347 994 δὲ
3391 944 3461 1015 τῇ
3511 939 3649 1010 οἰκίᾳ
3704 936 3888 1013 μένετε

2236 1022 2496 1088 ἐσθίοντες
2556 1026 2642 1081 καὶ
2701 1027 2939 1091 πίνοντες
2997 1028 3063 1082 τὰ
3117 1026 3240 1106 παρ’
3300 1032 3493 1089 αὒτῶν.
3546 1025 3746 1092 ’Ἄξιος
3791 1028 3890 1104 γὰρ

2239 1116 2267 1170 ὀ
2337 1113 2562 1192 ἔργατης
2620 1117 2711 1172 τοῦ
2756 1118 2941 1191 μισθοῦ
2999 1119 3157 1174 αὐτοῦ
3213 1118 3347 1177 ἐστι.
3407 1120 3493 1188 Μή
3547 1115 3889 1194 μεταϐαίνετε

2241 1203 2291 1270 ἐξ
2353 1207 2515 1268 οἰκίας
2575 1208 2647 1271 εἷς
2708 1207 2895 1266 οἰκίαν·
2969 1208 3066 1266 Καὶ
3120 1210 3193 1272 εἰς
3242 1208 3309 1276 ἣν
3342 1207 3401 1268 ἄν
3432 1207 3587 1265 πόλιν
3632 1208 3891 1287 εἰσέρχη-

2238 1297 2352 1375 σθε,
2410 1297 2498 1352 καὶ
2549 1294 2813 1376 δέχωνται
2881 1298 3039 1373 ὑμᾶς,
3104 1298 3296 1355 ἐσθίετε
3379 1300 3442 1355 τὰ
3501 1297 3895 1378 παρατιθέμενα

2236 1386 2388 1459 ὑμῖν.
2429 1387 2526 1444 Καὶ
2580 1387 2895 1465 θεραπεύετε
2942 1389 3061 1453 τούς
3120 1388 3173 1444 ἐν
3259 1392 3392 1465 αὒτῇ
3479 1389 3746 1467 ἀσθενεῖς,
3803 1389 3893 1443 καὶ

2238 1473 2419 1553 λέγετε
2473 1480 2676 1538 αὐτοῖς·
2740 1467 3013 1556 ’Ἠγγικεν
3069 1479 3155 1560 ig'
3211 1480 3346 1556 ὑμᾶς
3401 1481 3437 1547 ἡ
3493 1477 3735 1555 βασιλεία
3798 1479 3895 1534 τοῦ

2236 1572 2389 1625 Θεοῦ.
2456 1590 2484 1621 ιο
2547 1564 2764 1633 Ἐπειδὴ
2803 1567 3027 1643 ἔμελλεν
3062 1570 3247 1632 αὐτοὺς
3277 1567 3628 1627 ἀποστέλλειν
3654 1568 3892 1645 κήρυκας

2234 1658 2327 1711 τοῦ
2380 1655 2724 1735 Εὖαγγελίου,
2796 1658 2945 1737 φῃσίθ
3027 1659 3113 1727 Μὴ
3196 1659 3485 1736 βαστάζετε
3581 1656 3939 1736 βαλάντιον,-

2234 1748 2373 1819 μήτε
2432 1746 2492 1801 τὸ
2552 1748 2639 1801 καὶ
2695 1750 2775 1802 τὸ⁸
2839 1747 2994 1826 ἀργεῖ
3043 1750 3141 1826 γὰρ
3196 1748 3326 1824 ὑμῖν
3356 1748 3455 1816 τὴν
3497 1745 3746 1829 φροντίδα
3799 1746 3901 1803 τοῦ

489 1840 675 1903 verbi.
708 1841 854 1902 Nam
889 1841 938 1901 si
966 1839 1274 1902 sacculum
1316 1836 1714 1919 portaveritis,
1769 1833 2147 1895 manifestum

2235 1832 2393 1914 λόγου
2450 1835 2621 1915 ἔχειν,
2686 1838 2743 1894 Εἰ
2773 1838 2872 1915 γὰρ
2903 1838 3184 1913 βαλάντιον
3225 1838 3539 1918 βαστάζετε,
3598 1835 3905 1919 πρόδηλον,

488 1929 642 2011 quod
670 1930 830 1991 illius
864 1930 1029 1991 vobis
1058 1947 1201 1991 cura
1231 1936 1345 2007 est,
1375 1936 1432 1989 et.
1463 1926 1712 1987 verbum
1740 1922 2146 1987 contemnitis.

488 2017 593 2080 Vel
617 2019 808 2081 aliter:
840 2017 1131 2091 Quoniam
1167 2017 1368 2079 alendi
1399 2018 1541 2077 estis
1575 2015 1647 2077 ab
1682 2016 1774 2076 his
1806 2033 1956 2095 quos
1975 2013 2151 2074 doce-

490 2108 585 2185 tis,
611 2109 754 2189 quid
791 2109 959 2171 vobis
990 2108 1228 2171 sacculo
1253 2125 1428 2188 opus,
1463 2106 1553 2167 vel
1588 2124 1746 2186 pera,
1785 2105 1874 2166 vel
1910 2102 2149 2165 calcea-

489 2198 737 2260 mentis?
758 2199 1013 2263 Omnem
1041 2199 1199 2260 enim
1219 2198 1457 2259 illorum
1487 2214 1658 2257 usum
1682 2191 2154 2275 suppeditabunt

487 2288 549 2349 hi
578 2288 678 2368 qui
708 2307 741 2349 a
765 2290 940 2349 Vobis
972 2285 1567 2350 docebuntur.Porro
1600 2284 1757 2366 quod
1797 2283 2023 2344 nullum
2047 2301 2153 2362 per

489 2377 634 2437 viam
668 2377 1066 2452 salutent,hac
1086 2377 1160 2438 de
1184 2393 1363 2437 causa
1384 2375 1468 2436 eis
1494 2373 1839 2453 injungit,ut
1870 2390 1945 2437 ne
1967 2390 2152 2433 occu-

487 2471 775 2546 parentur
805 2466 863 2527 in
883 2467 1190 2527 hominum
1218 2462 1671 2526 salutationibus
1704 2472 1759 2523 et
1789 2460 2151 2525 curiositati-

492 2554 854 2632 bus,quibus
874 2575 905 2618 a
939 2554 1361 2636 praedicatione
1383 2549 2157 2632 impedirentur.Verisimi-

490 2644 546 2705 le
579 2645 737 2705 enim
773 2654 863 2706 est
892 2655 955 2706 ut
986 2664 1118 2705 cum
1158 2644 1293 2724 quis
1326 2639 2056 2722 salutaveritquempiam,
2081 2639 2155 2701 ab

493 2734 703 2794 eodem
739 2735 1189 2807 resalutetur,et
1219 2734 1293 2795 de
1327 2732 1536 2811 majori
1552 2729 1953 2792 familiaritate
1978 2730 2155 2791 inter-

500 2823 793 2904 pelletur:
831 2833 894 2885 ut
921 2824 1047 2885 fieri
1070 2824 1220 2884 solet
1249 2824 1308 2883 in
1342 2822 1436 2884 his
1467 2824 1570 2903 qui
1592 2821 1770 2882 simul
1794 2821 2036 2883 vadunt.
2063 2821 2154 2881 Si-

494 2914 617 2974 mul
647 2915 803 2974 enim
832 2923 893 2975 ut
916 2914 1091 2976 amici
1125 2912 1469 2987 facti,etiam
1495 2910 1826 2992 ampliuset
1862 2910 2152 2972 curiosius

495 3003 781 3084 quiddam
816 3010 1162 3067 scrutantur
1196 3024 1208 3066 :
1239 3010 1297 3064 et
1347 3004 1435 3063 sic
1486 3001 1765 3083 paulatim
1800 3000 1858 3060 in
1894 3000 2153 3061 humana

2234 1925 2313 1980 ὅτι
2370 1924 2452 1981 ἐπ’
2510 1928 2691 1983 ἒκεϊνο
2749 1925 3215 2004 ἀσχοληθήσεσθε,
3270 1929 3358 1983 καὶ
3415 1934 3508 1983 τοὸ
3539 1926 3701 2004 λόγου
3729 1947 3903 1983 κατα-

2234 2017 2546 2094 φρονήσετε,
2606 2014 2843 2079 ’¹Λλλως
2915 2038 2994 2072 τέ’
3062 2015 3280 2085 Ἐπειδὴ
3333 2015 3557 2092 μέλλετε
3619 2017 3899 2097 τρέφεσθαι

2233 2108 2334 2165 ὑπὸ
2384 2111 2489 2162 τῶν
2546 2103 2961 2186 διδασκομένων,
3034 2107 3111 2169 τίς
3167 2106 3324 2185 χρεία
3387 2106 3670 2183 βαλαντίου
3697 2107 3825 2182 ὑμῖν
3858 2105 3901 2173 ἢ

2234 2195 2435 2272 πήρας,
2489 2194 2524 2262 ἦ
2578 2192 2937 2269 ὑποδημάτων
2974 2215 2990 2271 ς
3054 2200 3231 2251 [Ιᾶσαν
3289 2196 3389 2274 γὰρ
3417 2196 3547 2270 ὑμῖν
3578 2195 3677 2263 τὴν
3706 2194 3901 2274 χρείαν

2234 2286 2433 2340 τουτων
2505 2288 2550 2341 οἱ
2609 2283 2977 2359 διδασκόμενοι
3035 2283 3504 2362 ἀποθεραπεύουσι.
3538 2286 3609 2343 Τὸ
3653 2282 3732 2364 δὲ,
3776 2289 3904 2351 Μη-

2236 2373 2357 2431 δένα
2415 2376 2552 2431 κατά
2599 2385 2699 2442 την
2748 2372 2867 2431 ὃδὸν
2941 2374 3255 2455 ἀσπάζεσθε,
3315 2373 3398 2432 διὰ
3486 2382 3641 2432 τοῦτο
3713 2374 3902 2436 αὐτοῖς

2238 2463 2526 2545 ἐπιτίθησι,
2581 2461 2665 2520 διὰ
2721 2466 2782 2520 τὸ
2839 2466 2917 2540 μὴ
2984 2463 3416 2544 ἀπασχολετσθαι
3472 2466 3590 2544 περὶ
3628 2462 3903 2543 ἀνθρωπί-

2242 2577 2359 2619 νους
2415 2554 2751 2635 ἀσπασμούς,
2822 2558 2908 2612 καὶ
2959 2552 3388 2634 φιλοφρονήσεις,
3450 2555 3538 2610 καὶ
3607 2556 3670 2612 ὶκ
3707 2553 3905 2609 τούτου

2241 2646 2372 2720 πρὸς
2424 2646 2486 2700 τὸ
2535 2646 2784 2723 κήρυγμα
2845 2643 3229 2720 ἐμποδίζεσθαι,
3298 2646 3451 2709 Εἰκὸς
3511 2644 3610 2723 γὰρ
3666 2645 3755 2699 τὸν
3798 2665 3905 2699 τυ·-

2240 2734 2413 2814 χόντα
2467 2741 2560 2791 τοὺ
2617 2736 2923 2811 ἀσπασμοῦ,
2995 2734 3155 2791 παλιν
3209 2737 3299 2791 καὶ
3357 2736 3513 2791 αὐτὸν
3545 2734 3905 2791 ἀντασπάσα-

2240 2828 2381 2905 σθαι,
2436 2827 2523 2881 καί
2574 2827 2740 2905 τυχὸν
2789 2826 2876 2882 καὶ
2936 2825 3263 2905 μακροτέρας
3354 2823 3564 2901 ὁμιλίας
3647 2823 3902 2900 ἀξιῶσαι,

2234 2916 2329 2972 οἶα
2384 2917 2450 2973 τὰ
2505 2921 2612 2971 τῶν
2671 2912 3202 2995 συνοδοιπορούντων,
3266 2917 3390 2972 εἶτα
3441 2918 3513 2979 ὡς
3565 2913 3669 2982 ἤδη
3744 2914 3904 2993 φίλον

2233 3008 2539 3086 γενόμενον,
2629 3007 2715 3061 καὶ
2796 3004 3275 3086 φιλοφρονησασθαί
3370 3027 3420 3061 τι
3496 3004 3903 3085 περιττότερόν,

489 3094 724 3172 negotia
740 3094 988 3174 apostoli
1008 3092 1743 3171 inciderent,verbumque
1758 3090 2142 3169 negligerent.

2235 3098 2322 3152 καὶ
2372 3095 2509 3152 οὕτω
2566 3096 2703 3152 κατὰ
2765 3099 2950 3175 μικρὸν
3001 3097 3072 3161 εἰς
3132 3095 3452 3174 ἀνθρωπίνας
3507 3093 3725 3174 σχέσεις
3807 3093 3910 3150 τόν

491 3182 556 3243 In
601 3182 815 3244 itinere
857 3184 1037 3261 igitur
1083 3183 1341 3244 salutare
1400 3180 1742 3262 quempiam
1775 3197 1844 3240 ea
1870 3182 1944 3240 de
1973 3197 2151 3240 causa

488 3272 794 3355 prohibet.
828 3272 891 3334 In
924 3273 1168 3336 domum
1195 3281 1393 3334 autem
1426 3268 2143 3350 ingressi,inquit,dicite:

493 3361 608 3424 Pax
636 3362 775 3424 huic
808 3363 1034 3438 domui,
1061 3363 1171 3424 hoc
1201 3370 1309 3437 est,
1345 3360 1595 3423 salutate
1621 3377 1724 3420 eos
1756 3359 1852 3439 qui
1878 3358 1937 3419 in
1971 3358 2148 3421 domo

490 3451 729 3513 sunt.Et
757 3452 972 3514 deinde
1003 3451 1326 3513 ostendens
1358 3450 1514 3532 quod
1548 3450 1662 3510 hoc
1696 3466 1813 3508 non
1848 3448 2036 3509 solum
2071 3448 2149 3509 sit

489 3541 887 3617 salutare,sed
916 3550 973 3602 et
1003 3538 1633 3615 benedicere,dicit:Si
1658 3536 1899 3618 quidem
1933 3537 2147 3617 dignus

490 3630 671 3692 fuerit
694 3630 1140 3711 paterfamilias,
1167 3628 1547 3691 benedicitur
1582 3645 1595 3689 :
1635 3628 1685 3686 si
1706 3634 1904 3687 autem
1930 3636 2147 3690 contu-

487 3721 789 3796 meliosus,
826 3728 884 3781 et
919 3737 1037 3781 non
1062 3738 1243 3800 capax
1286 3718 1747 3799 pacis,pugnans
1780 3715 2146 3779 etadversa-

488 3805 617 3871 rius
666 3808 930 3871 sermoni
960 3816 1155 3870 vestro
1189 3817 1248 3869 et
1299 3808 1610 3880 doctrinae,
1646 3805 1990 3867 benedictio
2030 3826 2149 3868 non

2233 3184 2532 3242 ἀπόστολον
2590 3184 2860 3259 ἐκπεσεῖν,
2924 3187 3011 3242 καὶ
3064 3184 3333 3261 ἀμελῆσαι
3384 3193 3476 3242 τοῦ
3527 3183 3713 3263 λόγου.
3750 3185 3911 3242 Κατὰ

2234 3277 2329 3352 μὲν
2380 3275 2467 3332 οὖν
2525 3276 2623 3343 τὴν
2684 3272 2801 3331 ὁδὸν
2856 3274 3179 3346 ἀσπάζεσθαί
3234 3296 3351 3331 τινα
3396 3272 3588 3331 κωλύει
3641 3273 3725 3330 διὰ
3797 3274 3911 3340 τὴν

2233 3366 2518 3445 εἰρημένην
2577 3365 2765 3426 αἰτίαν.
2838 3366 2922 3431 Εἰς
2992 3364 3047 3420 δὲ
3099 3365 3262 3421 οἰκίαν
3290 3363 3681 3445 εἰσερχόμενοι,
3738 3365 3911 3445 φησὶ,

2231 3454 2437 3533 λέγετε·
2514 3455 2712 3534 Εἰρήνη
2767 3460 2844 3528 τῷ
2900 3455 3039 3527 οἴκῳ
3093 3456 3281 3529 τούτῳ·
3342 3454 3645 3529 τουτέστιν,
3716 3454 3907 3509 ἀσπά-‹

2232 3549 2377 3617 ζεσθε
2433 3546 2553 3608 τούς
2610 3545 2664 3600 ἐν
2720 3550 2789 3620 τῇ
2841 3546 3003 3617 οἰκίᾳ.
3036 3544 3173 3602 Εἶτα
3200 3543 3471 3619 δεικνύων,
3500 3542 3578 3599 ὅτι
3613 3547 3673 3602 ού
3735 3542 3910 3618 μόνον

2233 3635 2513 3711 ἀσπασμός
2586 3633 2695 3690 ἐστι
2753 3641 2930 3707 τοῦτο,
2993 3632 3148 3689 ἀλλά
3200 3635 3287 3689 καὶ
3330 3632 3565 3712 εὐλογία⁶
3600 3634 3782 3713 φησὶν,
3817 3630 3909 3687 ὅτι

2236 3726 2360 3783 Ἐὰν
2418 3726 2515 3799 μὲν
2665 3722 2804 3788 ἄξιος
2855 3726 2881 3779 ὁ
2912 3720 3316 3799 οἰκοδεσπότης,
3354 3721 3794 3801 εὐλογηθήσεται,
3854 3724 3909 3777 εἰ

2234 3814 2287 3872 δὲ
2347 3813 2595 3894 ὑϐριστὴς
2680 3815 2766 3869 καὶ
2824 3812 3160 3880 ἀνεπίδεκτος
3254 3814 3493 3892 εἰρήνης,
3579 3813 3907 3892 μαχόμενος

489 3899 687 3960 veniet
715 3916 896 3977 super
926 3897 1233 3977 illum,sed
1261 3897 1334 3958 ad
1370 3914 1472 3957 vos
1501 3904 1857 3959 revertetur.
1876 3897 2150 3978 Praecipit

2237 3907 2325 3961 καὶ
2378 3903 2775 3977 ἐναντιούμενος
2827 3907 2905 3975 τῷ
2958 3901 3105 3980 λόγῳ
3164 3904 3311 3978 ὑμῶν
3391 3904 3477 3957 καὶ
3520 3907 3589 3979 τῇ
3645 3899 3911 3957 διδασκα-

496 4006 736 4068 quoque
760 4006 875 4048 non
901 3986 1329 4048 transeundum
1363 3986 1437 4047 de
1468 3986 1645 4046 domo
1697 3984 1758 4045 in
1790 3986 2056 4061 domum,
2092 3996 2150 4048 ut

2240 3996 2347 4069 λίᾳ,
2414 3996 2448 4062 ἡ
2504 3990 2717 4070 εὐλογία
2775 3995 2871 4051 οὒκ
2926 3989 3013 4048 ἐπ’
3073 3994 3228 4049 αὐτὸν
3287 3989 3421 4068 ἣξει,
3483 3990 3603 4048 ἀλλ’
3636 3993 3710 4055 εἰς
3764 3993 3907 4067 ὑμᾶς

496 4096 577 4138 ne
610 4078 924 4138 videantur
944 4076 1227 4156 gulosi,et
1256 4075 1535 4137 scandan
1560 4075 1680 4137 sint
1709 4075 1999 4153 multis,et
2019 4096 2150 4138 con-

2243 4083 2633 4162 ἐπαναστρέψει
2695 4082 2785 4149 Μὴ
2857 4080 3189 4158 μεταϐαίνειν
3265 4080 3318 4138 δὲ
3380 4084 3453 4146 εἰς
3486 4080 3689 4145 πολλὰς
3732 4083 3907 4147 οἰκίας

498 4166 737 4227 tristent
762 4184 862 4227 eos
887 4185 920 4227 a
940 4166 1157 4245 quibus
1189 4166 1445 4246 primum
1472 4165 1731 4246 suscepti
1748 4167 2150 4247 suntJnsuper

2245 4166 2631 4253 παραγγέλλει,
2703 4170 2792 4227 ἵνα
2845 4173 2922 4249 μὴ
3003 4170 3194 4228 δοκῶσι
3307 4173 3714 4252 γαστρίμαργοι,
3813 4181 3907 4237 καὶ

496 4255 643 4317 dicit
675 4276 689 4316 :
724 4254 1033 4317 Comedite
1066 4274 1135 4316 ea
1165 4273 1297 4336 quae
1331 4255 1485 4336 apud
1519 4254 1654 4315 illos
1679 4264 1816 4317 sunt
1852 4278 1864 4315 :
1900 4256 2013 4319 hoc
2042 4268 2150 4331 est,

2244 4262 2623 4334 σκανδαλίζωσι
2695 4260 2948 4343 πολλούς,
3022 4264 3108 4319 καὶ
3178 4261 3387 4318 λσπῶσι
3442 4263 3564 4324 τούς
3608 4260 3659 4327 ἐξ
3720 4262 3903 4342 ἀρχῆς

493 4364 625 4426 qum
666 4352 1006 4425 proponunt
1037 4344 1225 4421 vobis,
1282 4347 1511 4408 etiamsi
1544 4345 1680 4406 vilia
1709 4353 1767 4406 et
1814 4365 1991 4426 parva
2012 4348 2150 4426 sint,

2240 4352 2678 4430 ὑποὸεςαμένους.
2755 4349 2922 4407 Ἀλλὰ
2977 4353 3065 4408 καὶ
3138 4351 3356 4433 ἐσθίετε,
3429 4352 3579 4432 φησὶ,
3636 4352 3701 4409 τὰ
3772 4352 3903 4427 παρ’

497 4434 647 4496 nihil
668 4434 923 4515 amplius
950 4434 1344 4515 inquirentes.
1375 4438 1489 4495 Pro
1516 4435 1795 4499 mercede
1824 4445 2019 4497 autem
2043 4438 2150 4500 ha-

2237 4450 2429 4521 αὖτῶν,
2518 4442 2805 4516 τουτέστιν,
2880 4440 2912 4497 ἆ
2968 4444 3294 4522 προσάγουσι
3354 4445 3501 4523 δμῖν,
3576 4441 3674 4500 κᾶν
3736 4446 3900 4521 μικρά

493 4523 631 4586 bete
667 4525 890 4586 cibum.
918 4526 992 4586 Et
1016 4543 1092 4585 ne
1126 4527 1406 4604 quaeretis
1434 4529 1491 4585 et
1523 4524 1708 4604 pasci,
1737 4532 1791 4585 et
1819 4528 2150 4593 mercedem

2241 4538 2371 4594 ὦσιν
2442 4532 2538 4590 κέίν
2606 4530 2820 4605 εὖτελῆ,
2878 4530 3045 4607 μηδὲν
3088 4532 3248 4589 πλέον
3290 4532 3688 4604 ἐπιζητοῦντες,
3755 4532 3899 4591 Ἀντὶ

495 4613 746 4703 insuper
761 4612 1170 4695 accipere,sed
1194 4613 1392 4676 cibum
1418 4632 1524 4694 pro
1549 4616 1831 4677 mercede
1856 4616 2150 4694 habetote.

2241 4631 2427 4703 μισθοῦ
2496 4622 2551 4678 δὲ
2623 4620 2779 4701 ἔχετε
2830 4624 2929 4691 τὴν
2984 4625 3208 4701 τροφὴν,
3268 4624 3357 4680 καὶ
3422 4623 3499 4699 μὴ
3550 4630 3765 4695 ζητεῖτε
3811 4648 3902 4702 καὶ

491 4702 644 4797 Yide
670 4704 848 4784 igitur
879 4704 1535 4797 quomodo-discipulos
1566 4705 1851 4768 adversus
1900 4708 2150 4790 inopiam

2241 4702 2544 4797 τρέφεσθαι,
2604 4715 2691 4768 καὶ
2741 4714 2925 4787 μισθὸν
2983 4709 3152 4770 πάλιν
3209 4713 3352 4792 παρά
3382 4711 3537 4794 μέρος
3586 4711 3873 4789 λαμϐάνειν

492 4773 769 4868 instruat,
799 4803 855 4855 et
896 4773 1144 4855 securos
1182 4773 1378 4856 faciat:
1404 4798 1625 4856 Sanare
1658 4804 1853 4857 autem
1889 4810 1948 4862 et
1977 4773 2149 4862 inﬁr-

2255 4773 2285 4796 -ι
2530 4773 2544 4793 ι
2741 4773 2751 4787 ι
3289 4773 3299 4792 ι
3382 4773 3394 4788 ι
3453 4773 3463 4794 .
3523 4773 3536 4779 ς
3656 4773 3666 4789 .

2243 4773 2363 4865 ἀλλί
2436 4806 2590 4859 αὐτὸν
2645 4802 2743 4869 τὴν
2814 4802 3012 4883 τροφὴν
3061 4803 3175 4858 ἀντὶ
3253 4806 3441 4880 μισθου
3513 4803 3688 4883 ἔχετε,
3765 4773 3898 4887 "Ope:

495 4901 620 4944 mos
654 4885 753 4963 qui
795 4884 854 4944 in
907 4883 1262 4960 civitatibus,
1298 4885 1591 4967 praecipit,
1626 4895 1691 4947 ut
1724 4888 2147 4953 miraculorum

2235 4898 2347 4969 οὖν,
2410 4899 2524 4956 πῶς
2600 4892 2720 4954 τούς
2778 4893 3021 4968 μαθητὰς
3086 4893 3486 4973 έξασφαλίζεται
3547 4897 3675 4973 πρὸς
3722 4883 3894 4964 ἀκτη-

495 4973 841 5052 operatione
857 4974 1154 5033 attraham
1170 4973 1448 5036 homines
1460 4975 1533 5035 ad
1552 4975 1796 5037 verbum
1824 4980 1978 5059 quod
2006 5001 2151 5062 prm-

493 5062 711 5125 dicant.
749 5062 820 5123 Et
848 5062 978 5123 vide
1010 5063 1148 5143 quid
1184 5064 1377 5127 dicat:
1416 5063 1484 5125 Et
1513 5064 1695 5127 dicite
1727 5070 1812 5128 eis
1846 5091 1858 5127 :
1913 5072 2149 5152 Appro-

492 5153 797 5233 pinquavit
818 5152 878 5213 in
909 5171 1010 5213 vos
1033 5170 1284 5233 regnum
1308 5154 1591 5217 Dei.Nam
1616 5156 1665 5216 si
1698 5158 1950 5236 primum
1976 5180 2145 5225 sana-

493 5242 792 5317 veritis,ac
824 5242 1044 5303 deinde
1076 5243 1686 5323 docueritis,feliciter
1715 5257 1915 5312 curret
1944 5269 2143 5317 sermo

495 5332 636 5391 544
656 5340 873 5411 vester,
899 5340 956 5392 et
987 5333 1233 5393 credent
1264 5333 1538 5395 homines
1568 5336 1725 5415 quod
1755 5356 1999 5418 regnum
2036 5343 2146 5409 Dei

498 5423 833 5500 pervenerit
855 5422 913 5480 in
947 5420 1129 5501 ipsos.
1160 5425 1289 5485 Non
1322 5424 1481 5484 enim
1512 5424 1702 5486 sanati
1730 5424 1999 5505 fuissent,
2032 5434 2148 5497 nisi

500 5508 694 5568 divina
731 5511 999 5589 quaedam
1022 5511 1207 5571 virtus
1232 5512 1442 5574 fuisset
1468 5514 1595 5576 haec
1626 5533 1905 5596 operans.
1940 5523 2059 5585 Sed
2091 5531 2151 5587 et

497 5608 733 5678 quando
759 5599 893 5677 quis
923 5598 1123 5661 animo
1154 5612 1451 5681 aegrotans
1495 5612 1733 5667 sanatus
1784 5607 1980 5687 fuerit,
2013 5621 2152 5677 tunc

499 5688 1001 5768 appropinquavit
1021 5689 1082 5749 in
1114 5707 1253 5751 eum
1282 5709 1534 5769 regnum
1557 5693 1686 5756 Dei.
1712 5695 1800 5759 Ab
1833 5710 2154 5778 aegrotante

2234 4987 2496 5065 μοσύνην,
2552 4983 2640 5039 καὶ
2695 4984 2999 5060 θεραπεύειν
3058 4981 3113 5038 δὲ
3173 4984 3293 5047 τούς
3365 4982 3418 5040 ἐν
3484 4999 3606 5047 ταῖς
3677 4984 3893 5044 πόλεσιν

2232 5079 2471 5136 ἀσθενεῖς
2530 5070 2913 5151 παραγγέλλει,
2965 5080 3059 5129 ῦνα
3118 5073 3347 5131 ἐντεῦθεν
3434 5079 3889 5157 θαυματουργοόν-

2229 5189 2339 5247 τες,
2401 5162 2766 5244 ἐφελκύωνται
2828 5163 2949 5227 τούς
3007 5164 3310 5243 ἀνθρώπους
3373 5166 3459 5223 ἐπὶ
3500 5169 3561 5223 τὸ
3619 5169 3884 5247 κήρυγμα.

2230 5249 2378 5337 ιὈρα
2435 5256 2534 5333 γὰρ
2589 5254 2638 5309 τί
2667 5275 2819 5332 φησι,
2860 5254 2956 5310 Καὶ
2986 5251 3166 5333 λέγετε
3222 5255 3431 5337 αὐτοῖς,
3487 5259 3565 5313 ὃτι
3615 5248 3889 5338 ’Ἤγγικεν

2228 5348 2310 5428 ἐφ’
2369 5346 2505 5420 ὑμᾶς
2576 5344 2610 5412 ἡ
2664 5341 2907 5419 βασιλεία
2958 5346 3051 5400 τοῦ
3122 5353 3277 5406 Θεοῦ.
3312 5348 3370 5403 Εἰ
3427 5348 3525 5427 γὰρ
3557 5355 3766 5429 πρῶτον
3793 5353 3888 5407 θε-

2230 5436 2506 5516 ραπεύετε,
2565 5436 2688 5491 εἶτα
2743 5432 3035 5509 διδάσκετε,
3110 5434 3422 5517 εὖδρομήσει
3452 5439 3580 5515 ὑμῖν
3629 5443 3657 5496 ὁ
3701 5439 3891 5522 λόγος,

2230 5528 2319 5585 καὶ
2374 5526 2741 5582 πιστεύσουσιν
2794 5527 2842 5581 οἰ
2912 5523 3199 5605 ἅνθρωποι,
3251 5530 3331 5584 ὃτι
3390 5530 3424 5597 ἡ
3473 5529 3715 5605 βασιλεία
3803 5539 3898 5590 τοῦ

2234 5622 2364 5673 Θεοῦ
2408 5614 2636 5694 ἔφθασαν
2670 5613 2755 5671 ἐπ’
2788 5616 2997 5678 αὐτούς.
3046 5620 3155 5675 Ούκ
3196 5615 3256 5675 ἅν
3285 5619 3385 5698 γὰρ
3417 5619 3818 5698 ἐθεραπεύοντο,
3856 5622 3899 5677 εἰ

2237 5707 2337 5785 μή·
2388 5727 2466 5769 τις
2525 5706 2635 5760 θεία
2687 5702 2904 5781 δύναμις
2948 5706 3069 5774 ἦνῆ
3114 5714 3276 5765 ταῦτα
3306 5707 3551 5771 τελοῦσα.
3605 5710 3772 5770 Ἀλλά
3797 5713 3897 5794 γὰρ
