4202 6400
311 397 429 464 83⁸7

1123 396 1564 467 ENARRATIO
1604 397 1679 464 IN
1723 394 2226 465 EVANGELIUM
2269 398 2513 463 Luca.
2542 370 2617 446 —'
2646 397 2811 464 CAP.
2861 402 2934 462 Χ.

3576 402 3693 466 838

302 535 392 590 καὶ
435 532 562 592 ὅταν
605 536 740 593 κατᾶ
784 537 966 616 ψυχὴν
1026 536 1360 600 ἀσθενοῦντες
1408 539 1787 617 θεραπευθῶσι,
1832 534 1938 590 τότε

2036 531 2195 618 enim
2230 531 2403 611 longe
2435 532 2585 595 istud
2620 541 2730 615 est,
2765 534 3245 616 quandoquidem
3293 548 3597 618 peccatum
3632 542 3691 603 in

299 621 525 702 ἤγγικεν
581 624 665 682 ἐπ’
716 626 913 691 ἀὑτοὺς
969 627 1005 694 ἡ
1060 623 1303 703 βασιλεία
1349 632 1441 682 τοῦ
1487 632 1639 686 Θεοῦ.
1689 622 1823 681 Ἀπὸ
1853 623 1953 702 γὰρ

297 716 393 769 τοῦ
447 714 789 780 ἀσθενοῦντος
836 715 1043 795 μακράν
1110 714 1253 771 ἐστιν
1324 714 1481 792 αὕτη,
1542 712 1955 791 βασιλευομένου

295 802 398 859 ὑπὸ
441 803 539 872 τῆς
583 807 841 885 ἁμαρτίας
873 804 977 865 ἔτι.

382 916 411 948 σ
459 896 547 955 Εἰς
596 893 665 962 ἣν
708 893 753 950 δ’
809 894 870 950 ἂν
902 894 1057 952 πόλιν
1104 894 1416 975 εἶσέρχησθε
1459 896 1549 951 καὶ
1592 895 1670 970 μὴ
1700 892 1947 974 δέχονται

296 984 457 1057 ὑμᾶς,
521 982 821 1049 ἒξελθόντες
869 987 941 1049 εἷς
985 986 1080 1048 τὰς
1138 983 1417 1058 πλατείας,
1479 983 1664 1047 αὒτοϊς
1706 983 1896 1040 εἴπατε
1930 1000 1944 1015 ⁸

298 1074 393 1129 Καὶ
449 1073 540 1128 τὸν
598 1074 869 1153 κονιορτὸν
931 1075 1022 1130 τὸν
1065 1072 1395 1140 κολληθέντα
1438 1076 1574 1149 ἡμῖν
1602 1077 1666 1130 ὲκ
1702 1074 1801 1141 τῆς
1845 1072 1951 1129 πό-

291 1160 427 1225 λεως
481 1164 652 1238 ὑμῶν,
710 1162 1131 1239 ἀπομασσόμεθα
1186 1166 1338 1243 ὑμῖν,
1389 1162 1558 1242 πλὴν⁴
1589 1173 1745 1222 τοῦτο
1788 1162 1950 1242 γινώ-

290 1271 469 1325 σκετε,
521 1253 600 1308 ὅτι
645 1251 871 1331 ἤγγικεν
916 1252 1000 1333 ἐφ’
1045 1255 1180 1329 ὑμᾶς
1225 1254 1261 1321 ἠ
1324 1250 1564 1329 βασιλεία
1620 1260 1712 1309 τοῦ
1769 1260 1899 1309 Θεοῦ
1933 1267 1944 1278 ·

291 1339 445 1418 Λέγω
502 1337 557 1396 δὲ
599 1342 729 1416 ὑμῖν
760 1340 841 1399 ὅτι
900 1340 1160 1416 Σοδόμοις
1192 1341 1533 1421 ἀνεκτότερον
1584 1340 1731 1397 ἔσται
1786 1340 1838 1397 ἒν
1881 1346 1949 1417 τῇ

294 1427 464 1508 ἣμέρᾳ
508 1429 682 1508 ἐκείνῃ
742 1430 778 1499 ἢ
836 1437 904 1508 τῇ
966 1430 1119 1488 πόλει
1177 1432 1378 1507 ἐκείνη,
1442 1420 1469 1485 ά.
1521 1420 1722 1510 ιὈτπιν,
1792 1431 1942 1509 φησὶ,

288 1521 368 1595 μὴ
432 1518 698 1601 δέχωνται
768 1522 927 1597 ὑμᾶς,
1008 1520 1299 1586 ἐξελθόντες
1358 1519 1774 1600 διαμαρτόρασθε
1847 1521 1946 1575 αὕ-

285 1608 433 1685 τοῖς,
479 1609 562 1666 ὅτι
594 1607 756 1668 Οὕδὲν
810 1611 988 1667 κοινὰν
1032 1613 1168 1687 ἡμῖν
1201 1612 1333 1690 πρὸς
1390 1613 1549 1686 ὑμᾶς,
1598 1608 1714 1666 οῦδὲ
1745 1608 1946 1689 ἔχομέν

262 1720 335 1754 οτι
366 1700 598 1765 ἀπὺ-τῆς
629 1699 884 1779 ὑμετέρας
917 1699 1126 1763 πόλεως
1162 1717 1175 1730 ⁶
1228 1699 1364 1756 ἄλλα
1400 1702 1489 1757 καὶ
1545 1702 1634 1756 τὸν
1678 1700 1947 1777 κονίορτὸν

284 1790 375 1844 τὸν
474 1788 802 1856 κολληθέντα
899 1792 1036 1866 ἡμῖν
1150 1790 1594 1868 ἀπομασσόμεθα,
1676 1788 1944 1845 τουτέστιν

284 1877 716 1954 ἂποτινάσσομεν
746 1927 762 1959 ,
906 1878 1364 1959 ἂποσπογγίζομεν
1399 1927 1416 1953 ,
1556 1878 1945 1957 ἀποῤῥίπτομεν

284 1968 409 2043 δμϊν
447 1984 461 1998 ⁸
526 1967 669 2035 πλὴν
714 1969 1026 2047 γινώσκετε,
1089 1968 1169 2026 ὅτι
1228 1967 1450 2047 ἤγγικεν
1495 1966 1576 2049 ἐφ’
1606 1970 1742 2043 ὑμᾶς
1774 1970 1808 2036 ἡ
1839 1969 1945 2045 βα-

281 2058 463 2114 σιλεία
505 2065 600 2115 τοῦ
645 2060 797 2119 Θεοῦ.
862 2057 1119 2117 Ἐνταῦθα
1161 2060 1382 2131 ζητήσει
1422 2080 1500 2121 τις
1537 2073 1552 2088 ·
1618 2065 1736 2122 Πῶς
1782 2079 1945 2124 ὀησιν

2036 610 2138 679 illo
2171 628 2377 699 regnat
2399 640 2466 684 ac
2495 610 2856 687 dominatur.

2127 890 2304 953 νεεδ.
2339 892 2508 955 5-12.
2544 918 2567 948 α
2604 892 2667 955 [n
2690 912 3107 975 quamcunque
3156 903 3351 958 autem
3399 898 3689 963 civitatem

2034 978 2489 1054 intraveritis,et
2520 1000 2635 1042 non
2669 983 3042 1064 susceperint
3064 988 3551 1060 vos,exeuntesin
3573 989 3690 1069 pla-

2040 1076 2162 1129 teas
2186 1069 2271 1130 eis
2293 1069 2471 1132 dicite
2509 1092 2521 1133 :
2558 1072 2748 1133 Etiam
2783 1072 3089 1153 pulverem
3124 1076 3224 1156 qui
3246 1078 3496 1140 adhaesit
3519 1081 3690 1142 nobis

2036 1156 2115 1220 de
2140 1158 2375 1223 civitate
2423 1169 2637 1242 vestra,
2672 1162 3036 1241 extergimus
3078 1165 3136 1226 in
3171 1184 3272 1226 vos
3308 1188 3320 1227 :
3360 1177 3555 1231 tamen
3579 1170 3691 1232 hoc

2032 1248 2243 1310 scitote
2273 1250 2427 1331 quod
2460 1252 2953 1332 appropinquavit
3004 1254 3063 1315 in
3117 1274 3217 1317 vos
3274 1275 3521 1337 regnum
3559 1261 3686 1323 Dei.

2031 1338 2173 1401 Dico
2204 1339 2367 1399 vobis
2397 1340 2550 1420 quod
2586 1338 2863 1403 Sodomis
2894 1343 2953 1402 in
2985 1342 3083 1404 die
3114 1344 3216 1407 illo
3238 1347 3548 1411 remissius
3578 1351 3691 1412 erit

2030 1447 2205 1519 quam
2237 1428 2321 1489 illi
2350 1429 2591 1490 civitati.
2633 1455 2658 1485 »
2693 1428 2962 1505 Quando,
2998 1433 3212 1513 inquit,
3247 1454 3364 1497 non
3398 1455 3687 1519 suscepe-

2027 1518 2146 1578 rint
2171 1518 2527 1598 vos,egressi
2556 1521 2850 1580 testemini
2878 1521 2964 1582 eis
2995 1523 3150 1603 quod
3187 1524 3333 1585 nihil
3367 1518 3689 1592 commune

2031 1607 2203 1668 nobis
2229 1608 2763 1690 vobiscum,neque
2796 1610 3082 1673 habemus
3100 1613 3319 1694 aliquid
3349 1616 3423 1678 de
3453 1618 3690 1683 civitate

2029 1705 2222 1760 vestra
2252 1716 2265 1761 :
2292 1697 2398 1760 sed
2422 1699 2598 1760 etiam
2635 1700 2937 1779 pulverem
2966 1703 3065 1784 qui
3088 1705 3343 1767 adhaesit
3374 1710 3684 1788 nobis,ex-

2028 1788 2457 1880 tergimus,hoc
2488 1798 2576 1851 est
2600 1790 2949 1872 excutimus,
2984 1795 3233 1873 spongia
3266 1797 3680 1880 emundamus,

2029 1876 2340 1970 abjicimus
2365 1879 2430 1970 in
2454 1880 3009 1943 vos.\'erumtamen
3034 1884 3243 1945 scitote
3275 1887 3434 1965 quod
3460 1876 3682 1970 appro;

2033 1966 2330 2057 pinquavit
2361 1968 2418 2029 in
2452 1985 2557 2030 Vos
2587 1988 2835 2048 regnum
2865 1970 2992 2035 Dei.
3027 1972 3151 2033 Hoc
3185 1974 3314 2038 loco
3348 1966 3686 2057 quaesiverit

2030 2056 2320 2137 quispiam
2352 2076 2366 2121 :
2397 2057 2709 2149 Quomodo
2733 2060 2873 2121 dicit
2900 2062 3189 2124 Dominus
3215 2056 3685 2149 appropinquas-

281 2148 308 2203 ὁ
374 2148 563 2225 Κύριος
623 2150 712 2204 καὶ
771 2147 892 2212 τοῖς
948 2147 1364 2230 ὅποδεχομένοις
1421 2148 1541 2212 τοὺς
1615 2146 1938 2210 ἀποστόλους

2030 2164 2095 2208 se
2116 2165 2367 2226 regnum
2398 2148 2500 2211 Dei
2536 2156 2595 2210 et
2637 2149 2731 2210 his
2779 2150 2879 2230 qui
2912 2164 3305 2234 susceperunt
3334 2164 3390 2217 et
3410 2146 3684 2238 qui'non

277 2235 487 2316 ἐγγίσαι
541 2237 642 2306 τὴν
698 2238 997 2315 βασιλείαν,
1056 2241 1146 2294 καὶ
1202 2253 1320 2302 τοές
1368 2238 1444 2313 μὴ
1485 2235 1938 2318 ι’)ποόεςισομὲνοιςἒ

2032 2250 2423 2331 susceperunt
2482 2241 2813 2331 apostolos?
2862 2245 3362 2327 Appropinquare
3410 2235 3552 2313 dicit
3579 2272 3682 2316 re-

279 2325 490 2385 ’Ἔστιν
524 2330 612 2384 οὗν
656 2331 850 2409 εἰπεῖν,
887 2328 967 2386 ὅτι
1018 2326 1167 2384 οὐδὲν
1208 2328 1444 2385 ὶναντίον
1490 2330 1642 2409 φησί.
1700 2329 1796 2385 Καὶ
1848 2325 1938 2406 γαέ

2030 2348 2211 2423 gnum
2243 2329 2527 2423 ctelorum
2558 2330 2649 2423 his
2679 2332 2779 2413 qui
2803 2325 3104 2413 apostolos
3134 2325 3477 2419 suscepere,
3500 2360 3681 2423 prep-

275 2431 397 2480 τοῖς
457 2418 555 2490 μὲν
598 2420 719 2482 τοὺς
784 2418 1115 2483 ἀποστόλους
1172 2416 1512 2498 δεχομένοις,
1578 2417 1801 2495 ἐγγίζειν
1846 2416 1938 2484 τὴν

2032 2430 2125 2480 ter
2140 2418 2431 2481 beneficia
2462 2437 2592 2500 quae
2615 2419 2675 2480 in
2708 2439 2811 2482 eos
2840 2416 3331 2495 collocantur,his
3360 2416 3556 2491 autem
3583 2416 3683 2513 qui

276 2505 553 2584 βασιλείαν
600 2507 684 2566 ἐπ’
744 2509 1033 2587 εὐεργεσίᾳ,
1094 2522 1210 2573 τοῖς
1269 2505 1323 2563 δὲ
1372 2508 1449 2583 μὴ
1498 2505 1938 2587 ὑποῖεχομένοις,

2028 2527 2146 2601 non
2170 2518 2585 2601 susceperunt,
2613 2519 2865 2601 propter,
2884 2512 3465 2581 condemnationem.
3504 2505 3683 2601 Fin-ge

279 2596 367 2653 ἐπὶ
443 2599 770 2679 κατακρίσει.
831 2591 1054 2656 ’Υπόθου
1139 2601 1242 2677 γάρ
1299 2620 1391 2673 μοι
1466 2596 1518 2654 ἒν
1580 2602 1785 2675 θεάτρῳ
1844 2606 1938 2661 τινὶ

2026 2596 2088 2659 in
2120 2598 2457 2689 spectaculo
2476 2599 2729 2679 quodam
2752 2600 2970 2662 multos
2998 2591 3683 2689 condemnatos,et.alios

274 2687 626 2767 κατακρίτους
706 2689 849 2746 εἶναι
908 2686 1159 2765 πολλοὺς,
1237 2689 1339 2763 sui:
1399 2687 1603 2767 ἐτέρους
1650 2685 1938 2765 ἀκατακρί-

2030 2704 2147 2747 non
2179 2686 2612 2749 condemnatos
2648 2709 2660 2750 :
2697 2691 3039 2766 Senatores,
3097 2692 3357 2773 inquam,
3395 2685 3463 2757 ac
3503 2716 3679 2761 excr-

272 2799 400 2843 τοος
440 2795 454 2809 '
555 2777 941 2857 συγκλητικούς
1016 2777 1073 2833 τέ
1130 2800 1292 2857 φημι,
1357 2777 1684 2856 στρατηγούς
1743 2797 1800 2831 τε
1858 2775 1938 2831 καῖ

2030 2773 2179 2864 citus
2202 2774 2382 2835 duces
2409 2784 2465 2835 et
2484 2776 2798 2856 optimates
2825 2799 2839 2838 ε
2873 2778 3093 2840 deinde
3119 2782 3320 2843 dicere
3344 2803 3679 2864 praeconem

275 2866 525 2946 ἀριστέας
568 2870 760 2947 τυχὸν,
793 2868 916 2925 εἶτα
959 2866 1134 2946 Λέγειν
1178 2888 1297 2924 τινα
1352 2868 1555 2945 κήρυκα
1616 2868 1746 2945 πρὸς
1795 2866 1936 2922 πάν-

2026 2863 2091 2925 ad
2117 2882 2328 2959 omnes
2351 2872 2468 2925 tam
2492 2866 2920 2929 condemnatos
2942 2888 3116 2948 quam
3143 2863 3537 2940 venerabiles:
3566 2879 3685 2959 Ap-

282 2978 375 3019 τας
434 2959 570 3033 ὁμοῦ
623 2958 745 3021 τούς
789 2979 845 3014 τε
903 2959 1273 3036 κατακρίτους,
1346 2959 1433 3012 καὶ
1491 2956 1612 3022 τοὺς
1673 2956 1934 3027 ἐντίμους,

2026 2953 2438 3043 propinquam
2488 2973 2591 3017 rex
2646 2967 2886 3020 vester:
2922 2976 3121 3021 nonne
3168 2961 3260 3022 his
3318 2964 3558 3043 quidem
3603 2953 3675 3029 ad

282 3044 365 3101 ὅτι
424 3045 644 3125 ἤγγικεν
701 3049 727 3103 ὁ
783 3045 1030 3123 βασιλεὺς
1102 3048 1255 3127 ὑμῖν,
1319 3045 1399 3126 ἆρ’
1454 3047 1515 3103 οὔ
1556 3059 1674 3109 τοῖς
1725 3045 1823 3125 μὲν
1855 3044 1938 3103 ἐπὶ

2026 3042 2549 3123 supplicium,aliis
2582 3064 2719 3107 vero
2751 3047 2821 3107 ad
2855 3046 3104 3125 gloriam
3136 3059 3194 3110 et
3216 3042 3672 3119 beneficentiam

285 3133 526 3211 κολάσει,
596 3150 713 3202 τοῖς
785 3134 839 3193 δὲ
894 3137 979 3193 ἐπὶ
1049 3142 1180 3212 τιμῇ
1240 3136 1329 3192 καὶ
1388 3135 1658 3213 εὔεργεσίᾳ
1716 3135 1938 3214 ἐγγίζειν

2026 3133 2504 3213 appropinquare
2539 3134 2681 3196 dicit
2710 3135 2947 3214 regem?
2970 3135 3064 3199 Sic
3094 3138 3275 3215 igitur
3304 3150 3363 3203 et
3411 3144 3521 3206 hoc
3547 3146 3678 3207 loco

276 3226 371 3282 τὸ)
419 3224 642 3302 βασιλέα
700 3225 896 3307 λέγει,
957 3225 1138 3291 Οὕτως
1211 3226 1299 3282 οὖν
1351 3225 1568 3281 ἐνταῦθα
1613 3224 1744 3287 νόει,
1808 3225 1936 3279 Ἀν-

2026 3222 2307 3314 intellige.
2344 3223 2741 3286 Tolerabilius
2772 3226 2883 3288 erit
2906 3225 3201 3303 Sodomis,
3237 3231 3452 3314 inquit,
3503 3254 3676 3313 quam

274 3315 554 3396 εκτότερον
611 3314 665 3372 δὲ
723 3316 872 3373 ’ἐσται
904 3314 1189 3396 Σοδόμοις,
1233 3316 1386 3396 φησὶ,
1420 3314 1455 3380 ἢ
1486 3319 1554 3390 τῇ
1584 3314 1660 3390 μὴ
1705 3312 1935 3392 παραδε·

2026 3311 2247 3405 civitati
2288 3332 2420 3393 quas
2448 3332 2549 3376 vos
2581 3333 2697 3405 non
2729 3317 3083 3397 susceperit.
3115 3317 3339 3389 Quare?
3372 3311 3492 3401 Ego
3517 3311 3675 3405 quod

274 3404 481 3481 ξαμὲνῃ
542 3407 679 3483 alia;
722 3404 903 3468 πόλει.
966 3413 1169 3486 Alam;
1222 3405 1366 3462 Διότι
1415 3406 1488 3467 εἷς
1534 3401 1745 3479 Σόδομα
1789 3403 1931 3459 ἀπό--

2026 3403 2077 3463 in
2133 3402 2391 3464 Sodoma
2447 3404 2698 3483 apostoli
2788 3424 2904 3466 non
2959 3406 3198 3470 fuerunt
3252 3401 3671 3489 missi.lgitur,
3722 3409 3735 3413 ’

272 3493 457 3553 στολοι
490 3498 583 3553 οὐκ
638 3494 1013 3563 ἀπεστάλησαν
1051 3515 1063 3528 ⁸
1114 3497 1163 3552 οἱ
1218 3495 1390 3551 τοίνυν
1433 3495 1553 3558 τοὺς
1602 3492 1931 3559 ἀποστόλους

2026 3491 2117 3572 qui
2177 3495 2475 3572 apostolos
2526 3513 2645 3555 non
2703 3506 3116 3576 susceperunt,
3154 3499 3482 3563 deteriores
3540 3522 3682 3574 sunt,

273 3585 355 3659 μὴ
408 3581 701 3665 δεξάμενοι,
757 3585 970 3665 χείρους
1026 3582 1333 3661 Σοδομιτῶν
1386 3585 1542 3645 εἰσιν,
1604 3585 1930 3663 Παρατήρη-

2026 3580 2364 3645 Sodomitis.
2398 3581 2662 3645 Observa
2711 3585 3005 3647 civitatem
3065 3606 3188 3648 non
3250 3591 3676 3672 suscipientem

274 3695 367 3731 σον
424 3671 501 3749 δὲ,
557 3674 638 3731 ὅτι
670 3678 704 3743 ἡ
736 3675 890 3738 πόλις
921 3678 957 3744 ἡ
985 3676 1061 3747 μὴ
1090 3672 1507 3753 παραδεχομένη
1548 3676 1667 3737 τοὺς
1700 3674 1928 3730 ἀποστό-

2026 3673 2309 3763 apostolos
2359 3672 2591 3763 plateas
2643 3673 2886 3735 habere.
2923 3676 3063 3736 Lata
3110 3678 3269 3738 enim
3309 3679 3397 3739 via
3423 3671 3517 3741 est
3546 3702 3677 3763 quae

269 3762 423 3838 λους,
487 3763 738 3828 πλατείας
793 3764 941 3845 ἕχει.
1000 3765 1237 3822 Πλατετα
1293 3766 1393 3843 γάρ
1452 3763 1591 3821 ἐστιν
1623 3766 1656 3832 ἡ
1717 3761 1836 3829 ὁδὸς
1892 3765 1927 3831 ἡ

2026 3760 2177 3823 lucit
2232 3761 2305 3822 ad
2354 3761 2659 3824 interitum
2722 3784 2735 3824 :
2801 3783 2973 3844 quam
3019 3766 3285 3848 quisquis
3323 3760 3675 3849 ingreditur,

269 3853 554 3931 ἀπάγουσα
621 3856 693 3919 εἰς
748 3856 847 3923 τὴν
922 3854 1191 3911 ἀπώλειαν
1227 3870 1241 3886 ⁸
1325 3852 1468 3919 ὅστις
1528 3854 1616 3911 οὖν
1673 3853 1927 3918 πλατείας

2026 3849 2113 3911 lle
2157 3851 2543 3931 apostolicum
2603 3859 2661 3913 et
2712 3852 2977 3915 divinum
3037 3854 3282 3917 verbum
3346 3876 3463 3920 non
3528 3879 3669 3922 sus-

268 3940 423 4007 ὁδοὺς
448 3941 565 4023 ἔχει
599 3943 903 4024 ἂπαγοόσας
928 3946 1001 4008 εἷς
1023 3944 1315 4018 ἀπώλειαν,
1345 3942 1551 4009 ἐκεῖνος
1574 3942 1926 4000 ἀποστολικὸν

267 4031 432 4110 λόγον
454 4036 542 4091 καὶ
571 4036 718 4092 θεῖον
749 4037 807 4092 οὖ
836 4033 1224 4116 παραδέχεται,

357 4145 381 4178 ιι
436 4126 563 4182 Οὒαί
608 4146 715 4205 σοι,
777 4126 1066 4204 Χωραζεὶν,
1099 4126 1211 4181 οὑαί
1254 4147 1360 4197 σοι,
1417 4122 1709 4198 Βηθσαῒδᾶ,
1758 4122 1837 4181 ὅτι
1883 4125 1927 4180 εἰ

2016 3939 2185 4020 cipit.

2093 4117 2276 4183 Vens.
2311 4120 2505 4185 13-16.
2541 4142 2568 4182 (
2596 4120 2697 4184 Vae
2725 4121 2853 4199 tibi,
2879 4124 3191 4199 Corozain,
3221 4144 3307 4187 vm
3340 4127 3468 4205 tibi,
3500 4134 3675 4194 Beth-

263 4216 323 4268 ἓν
366 4215 515 4289 Τύρῳ
571 4216 658 4271 καὶ
703 4212 893 4271 Σιδῶνι
950 4215 1193 4293 ἐγένοντο
1262 4217 1313 4270 αἱ
1357 4211 1627 4290 δυνάμεις,
1676 4217 1725 4269 αἱ
1770 4216 1927 4293 γενό-

2026 4211 2340 4292 taidazquia
2362 4212 2412 4273 si
2442 4212 2503 4273 in
2527 4214 2680 4292 Tyro
2713 4221 2770 4273 et
2800 4211 3022 4275 Sidone
3053 4214 3220 4276 factae
3252 4216 3507 4283 fuissent
3537 4222 3661 4283 vir-

264 4324 425 4378 μεναι
511 4304 565 4359 ἐν
636 4306 789 4385 ὑμῖν,
868 4303 1032 4362 πάλαι
1107 4304 1193 4385 ἂν,
1255 4303 1308 4359 ἐν
1361 4304 1544 4377 σσίκκῳ
1612 4305 1699 4360 καὶ
1753 4302 1933 4380 σποδῷ

264 4395 588 4473 καθήμεναι,
672 4393 1032 4469 μετενόησαν.
1120 4394 1269 4462 [Ιλῆν
1355 4394 1505 4473 Τύρῳ
1575 4395 1665 4450 καὶ
1740 4393 1934 4465 Σιδῶνι

264 4482 609 4563 ἀνεκτότερον
665 4482 813 4541 ’ἐσται
869 4486 923 4539 ἓν
978 4489 1047 4561 τῇ
1102 4486 1292 4565 κρίσει,
1366 4483 1402 4551 ἢ
1452 4485 1607 4558 ὑμῖν.
1679 4486 1775 4542 Καὶ
1846 4487 1908 4543 σὺ

271 4575 644 4653 Καπερναοὺμ.
734 4576 768 4643 ἡ
848 4573 948 4641 ἕως
1020 4577 1113 4631 τοῦ
1181 4576 1400 4649 οὐρανοῦ
1476 4575 1774 4654 ὑψωθεϊσα,
1833 4574 1932 4640 ἕως

264 4660 393 4735 ᾅδου
448 4662 910 4743 καταϐιϐασθήσῃ,
962 4656 1021 4723 t0
1081 4665 1287 4721 ἀκούων
1344 4665 1518 4741 ὑμῶν,
1552 4664 1683 4741 ἐμοῦ
1729 4665 1909 4722 ἀκούει
1921 4722 1937 4755 ⁷

264 4756 355 4809 καὶ
401 4756 427 4809 ὁ
488 4754 689 4811 ἀθετῶν
745 4756 911 4832 ὑμᾶς,
970 4755 1066 4832 ἐμὲ
1111 4754 1292 4811 ἀθετεῖ
1317 4770 1330 4785 '
1386 4757 1413 4810 ὁ
1467 4752 1522 4810 δὲ
1566 4754 1662 4830 ἐμὲ
1715 4752 1934 4826 ἀθετῶν,

263 4842 447 4901 ἀθετεῖ
506 4846 598 4900 τὸν
655 4844 1047 4903 ἀποστείλαντά
1106 4865 1195 4919 με.
1268 4866 1291 4901 ν
1373 4834 1435 4901 Ἠ
1508 4844 1671 4923 Τύρης
1760 4846 1848 4901 καὶ
1904 4848 1938 4913 ἡ

267 4931 441 4989 Σιδὼν
488 4933 674 4999 πόλεις
730 4935 867 5003 ἦσαν
915 4925 1241 5010 Ἐλληνίδες,
1273 4936 1308 5003 ἡ
1357 4932 1411 4989 δὲ
1446 4932 1718 5000 Βηθσαϊδὰ
1758 4935 1846 4991 καὶ
1901 4937 1935 5003 ἡ

267 5024 562 5101 Χωραζεὶν,
612 5021 922 5085 Ἰουδαϊκαί.
972 5023 1126 5103 Λέγει
1185 5024 1379 5097 τοίνυν,
1441 5022 1520 5079 ὅτι
1570 5022 1662 5080 Ἐν
1707 5030 1775 5101 τῇ
1816 5026 1937 5103 κρί-

268 5134 352 5170 σει
408 5114 754 5192 ἀνεκτότερον
814 5112 962 5171 ἕσται
1028 5101 1148 5178 τοῖς
1211 5101 1507 5187 ”Ελλησιν,
1554 5112 1590 5180 ἢ
1647 5114 1776 5188 ὑμῖν
1820 5101 1937 5173 τοῖς

266 5201 431 5259 ἰδοῦσι
482 5204 750 5282 θαύματα,
808 5205 898 5261 καὶ
972 5205 1049 5281 μὴ
1121 5204 1483 5264 πιστεύσασιν.
1546 5201 1781 5260 Ἐκεῖνοι
1838 5205 1938 5282 γὰρ

269 5295 315 5350 εἰ
360 5291 527 5369 εἶδον,
591 5293 903 5351 ἐπίστευσαν
961 5294 1045 5356 ἄν.
1095 5292 1261 5350 Ἀλλὰ
1303 5294 1508 5368 καὶσὺ,
1557 5295 1929 5373 Καπερναοὺμ,

265 5384 485 5460 ὑψώθης
535 5383 631 5460 μὲν
675 5383 777 5447 ἕως
832 5388 1075 5464 οὒρανοῦ,
1123 5380 1446 5458 δοξαζομένη
1493 5380 1577 5439 διὰ
1619 5383 1683 5438 τὰ
1740 5383 1793 5439 ἐν
1852 5385 1934 5439 σοὶ

264 5474 510 5548 θαύματα
574 5472 753 5530 πολλὰ
832 5474 1115 5554 γεγονότα,
1180 5469 1619 5551 καταϐιϐασθήσῃ
1692 5470 1747 5529 δὲ
1830 5471 1931 5537 ἕως

265 5562 414 5640 ᾅδου,
450 5566 953 5643 κατακριθησομένη
1001 5562 1091 5643 δι’,
1138 5565 1262 5622 αῦτὸ
1322 5570 1499 5644 τοῦτο,
1536 5562 1613 5619 εἷ’τι
1662 5563 1751 5619 καὶ
1796 5565 1931 5640 μετᾶ

265 5664 497 5713 τοσαῦτα
570 5655 810 5724 θαύματα
871 5654 1145 5720 ἀπιστεῖς,
1206 5653 1341 5711 Εἶτα
1420 5653 1514 5710 ’ίνα
1570 5654 1648 5729 μὴ
1703 5652 1929 5731 λέγωσιν

265 5745 310 5800 οἱ
367 5744 700 5820 πεμπόμενοι
744 5747 833 5800 ὶπι
878 5746 939 5799 τὸ
984 5745 1257 5821 κήρυγμα,
1319 5742 1396 5799 diu
1436 5746 1540 5799 ποῦ
1582 5742 1928 5807 ἀποστὰλλεις

1915 4533 2001 4583 ’D

2018 4309 2172 4363 tutes
2222 4320 2353 4382 quae
2396 4302 2564 4363 factae
2612 4302 2836 4363 suntin
2868 4302 3054 4379 vobis,
3092 4304 3233 4364 olim
3269 4308 3327 4366 in
3367 4309 3566 4371 cilicio
3617 4320 3675 4373 et

2019 4391 2221 4481 cinere
2270 4391 3035 4481 sedentesipmnituissent.
3068 4395 3494 4460 Verumtamen
3525 4401 3675 4481 Tyro

2021 4488 2080 4542 et
2111 4480 2326 4561 Sydoni
2354 4480 2660 4542 remissius
2690 4481 2803 4542 erit
2832 4481 2890 4541 in
2916 4482 3353 4563 judicio,quam
3382 4480 3585 4550 vobis.
3610 4491 3678 4551 Et

2021 4572 2649 4652 tu,Capernaum,quae
2663 4572 2937 4651 usquead
2957 4571 3177 4633 malum
3203 4573 3353 4635 elata
3370 4594 3455 4647 es,
3490 4597 3677 4659 usque

2019 4660 2092 4722 ad
2124 4661 2423 4723 infernum
2454 4663 2808 4743 deprimeris
2858 4661 2969 4734 Qui
2998 4681 3100 4723 vos
3128 4663 3311 4738 audit,
3342 4684 3435 4727 me
3464 4669 3629 4731 audit
3657 4693 3670 4734 :

2023 4761 2079 4814 et
2102 4752 2201 4832 qui
2234 4771 2334 4813 vos
2358 4751 2607 4832 spernit,
2644 4770 2737 4811 me
2768 4750 3134 4831 spernit.Qui
3165 4763 3360 4816 autem
3387 4776 3481 4817 me
3503 4777 3671 4837 Sper-

2022 4841 2130 4914 nit,
2184 4842 2413 4922 spernit
2460 4859 2595 4902 eum
2628 4842 2726 4921 qui
2760 4859 2854 4902 me
2879 4841 3057 4903 misit.
3099 4866 3121 4898 ι)
3160 4841 3344 4922 Tyrus
3398 4854 3455 4906 et
3486 4846 3670 4910 Sidon

2022 4932 2287 4994 civitates
2336 4932 2575 4993 fuerunt
2615 4931 2948 5010 gentilium,
3003 4930 3321 4994 Bethsaida
3373 4946 3564 4999 autem
3612 4949 3673 5002 et

2022 5021 2305 5085 Corozain
2334 5021 2783 5084 Judaicze.Dicit
2813 5020 2991 5098 igitur
3021 5024 3177 5101 quod
3204 5024 3259 5085 in
3278 5024 3509 5104 judicio
3535 5030 3680 5090 tole-

2024 5111 2273 5174 rabilius
2321 5112 2436 5174 erit
2482 5111 2808 5190 gentilibus
2853 5129 3028 5191 quam
3079 5113 3266 5188 vobis,
3304 5116 3402 5195 qui
3448 5117 3677 5180 vidistis

2025 5202 2400 5277 miracula,et
2448 5221 2566 5263 non
2597 5201 2955 5263 credidistis.
2987 5200 3077 5263 Illi
3111 5205 3267 5266 enim
3293 5206 3343 5268 si
3367 5207 3672 5286 vidissent,

2017 5292 2415 5354 credidissent
2435 5291 2659 5381 utique.
2670 5290 2783 5352 Sed
2802 5299 2861 5352 et
2878 5292 3017 5353 345
3039 5295 3526 5380 tu,Capernaum,
3544 5320 3676 5381 quae

2017 5384 2269 5445 exaltata
2294 5382 2534 5463 quidem
2569 5380 2731 5442 fuisti
2756 5399 2944 5462 usque
2990 5381 3063 5444 ad
3105 5384 3415 5467 coelum,et
3446 5380 3673 5466 glorifi-

2015 5481 2146 5535 cata
2177 5471 2403 5553 multis,
2428 5469 2650 5551 quae-in
2683 5478 2738 5531 te
2771 5470 2924 5532 facta
2957 5478 3117 5548 sunt,
3139 5472 3668 5551 miraculis,detra.

2014 5562 2181 5625 heris
2213 5579 2404 5642 usque
2451 5560 2522 5621 ad
2575 5559 2897 5639 infernum,
2946 5560 3400 5626 condemnanda
3433 5576 3678 5647 propter

2013 5653 2162 5713 istuc
2186 5652 2405 5732 ipsum,
2432 5653 2589 5728 quod
2616 5659 2675 5711 et
2699 5660 2826 5731 post
2859 5659 3018 5711 tanta
3050 5650 3333 5715 miracula
3366 5656 3676 5719 incredula

2016 5760 2247 5804 manes.
2285 5741 2514 5803 Deinde
2544 5748 2607 5803 ut
2635 5759 2710 5803 ne
2742 5740 2944 5802 dicant
2969 5741 3067 5821 qui
3094 5741 3406 5807 mittuntur
3433 5748 3504 5807 ad
3529 5764 3676 5827 prae-
