4202 6412
537 368 657 435 839

1504 366 2097 434 THEOPHYLACTI
2143 361 2552 428 BULGARIE
2595 357 2951 425 ARCHIEP.

3811 360 3942 428 840

530 503 912 585 dicationem,
948 503 1073 577 Quo
1130 504 1309 565 mittis
1351 523 1480 573 nos.
1515 504 1562 563 si
1606 502 1876 565 civitates
1917 482 2179 582 quazda-ir

2276 502 2449 575 ἡμᾶς,
2510 500 2554 555 εἰ
2609 498 2687 565 μὴ
2747 496 3030 573 μέλλουσιν
3105 499 3251 573 ἡμᾶς
3306 495 3491 559 πόλεις
3560 494 3701 561 τινὲς
3744 497 3933 555 ὑποδέ-

531 612 649 654 non
702 602 837 654 sunt
897 613 1003 654 nos
1044 594 1442 673 susceptum?
1475 593 1656 654 dicit:
1697 595 1784 654 Ne
1825 591 1958 653 sitis
1988 593 2188 654 animo

532 682 721 744 tristi:
772 685 871 762 qui
931 684 1157 763 Spernit
1216 703 1336 762 vos,
1395 702 1489 744 me
1533 682 1783 762 spernit,
1846 694 1901 742 et
1957 686 2185 743 l‘atrem

531 789 729 833 meum
761 790 773 833 :
811 780 865 833 et
893 772 972 833 ita
1002 772 1222 853 injuria
1255 792 1371 832 non
1405 781 1597 833 vestra
1618 780 1725 847 est,
1758 772 1858 832 sed
1889 771 1947 831 in
2002 774 2187 834 Deum

530 861 759 923 transit.
795 861 1131 923 Consolatio
1167 862 1344 942 igitur
1372 863 1442 922 sit
1484 861 1670 932 vobis,
1720 862 1875 942 quod
1927 863 2050 922 hanc
2085 860 2188 923 Dei

528 949 603 1010 sit
631 949 868 1028 injuria.
904 948 1071 1012 Sicut
1102 961 1330 1027 contra,
1368 970 1442 1012 ne
1471 950 1831 1029 gloriemini,
1860 952 1947 1011 vel
1999 951 2187 1030 sapite

527 1038 803 1115 sublime,
840 1038 994 1119 quod
1024 1040 1266 1119 quidam
1302 1060 1399 1100 vos
1423 1040 1691 1101 audiant.
1717 1041 1853 1103 Non
1881 1042 2036 1101 enim
2061 1058 2188 1102 ves-

526 1134 682 1189 trum
718 1135 812 1191 est
841 1147 1016 1207 opus,
1050 1130 1154 1191 sed
1189 1148 1386 1189 meum
1422 1139 1481 1191 et
1515 1130 1737 1207 gratiae.

611 1216 794 1279 Vsus.
830 1218 1031 1281 17-90.
1073 1242 1094 1276 ι
1138 1219 1383 1281 Βενιει-δὶ
1414 1228 1607 1280 autem
1657 1227 1792 1279 snnt
1818 1219 2187 1299 septuaginta

529 1325 664 1368 cum
722 1307 957 1385 gaudio,
991 1308 1297 1372 dicentes:
1336 1308 1605 1381 Domine,
1653 1309 1830 1370 etiam
1894 1308 2186 1370 daemonia

530 1395 930 1473 subjiciuntur
956 1397 1129 1458 nobis
1152 1417 1256 1478 per
1283 1418 1493 1458 nomen
1525 1401 2023 1461 tuum.Aitautem
2045 1400 2180 1461 illis:

529 1482 820 1547 Videbam
853 1488 1129 1547 Satanam
1157 1490 1311 1547 sicut
1337 1488 1526 1565 fulgur
1557 1488 1630 1548 de
1664 1489 1812 1548 cmlo
1847 1488 2182 1551 cadentem.

526 1574 685 1637 Ecce
716 1575 790 1635 do
814 1576 976 1636 vobis
1002 1584 1347 1656 potestatem
1382 1576 1648 1638 calcandi
1674 1595 1855 1657 super
1877 1585 2188 1658 serpentes

529 1671 588 1725 et
612 1665 978 1740 scorpiones,
1013 1675 1071 1726 et
1101 1685 1282 1745 super
1325 1686 1560 1728 onmem
1598 1668 1871 1728 virtutem
1932 1666 2185 1749 inimici,

529 1762 587 1814 et
612 1753 758 1814 nihil
794 1754 959 1815 vobis
1001 1756 1261 1816 nocebit.
1298 1754 1724 1817 Verumtamen
1762 1757 1818 1817 in
1855 1757 1964 1818 hoc
2002 1758 2185 1819 nolite

525 1841 785 1918 gaudere
815 1843 969 1922 quod
1003 1844 1249 1925 spiritus
1280 1844 1445 1905 vobis
1480 1845 1895 1925 subjiciuntur,
1919 1845 2021 1907 sed
2048 1866 2186 1925 gau-

525 1928 662 1991 dete
716 1931 908 2010 potius
962 1933 1119 2012 quod
1177 1934 1418 1995 nomina
1466 1944 1656 1996 vestra
1707 1936 1927 2014 scripta
1956 1936 2181 1997 suntin

523 2018 752 2083 ccelis.a
788 2019 958 2083 Prius
980 2022 1125 2082 dixit
1156 2025 1311 2103 quod
1348 2025 1574 2085 miserit
1600 2026 1991 2103 septuaginta,
2028 2044 2185 2087 nunc

520 2114 715 2169 autem
749 2109 887 2170 dicit
913 2111 1066 2189 quod
1099 2112 1323 2173 reversi
1347 2117 1459 2173 sint
1515 2114 1844 2192 gaudentes
1874 2114 2029 2193 quod
2066 2133 2183 2174 non

519 2198 710 2263 solum
735 2198 882 2260 alios
909 2200 1149 2261 morbos
1180 2202 1458 2279 fugarint.
1496 2203 1627 2277 sed,
1654 2203 1811 2283 quod
1846 2203 2041 2282 majus
2065 2222 2183 2264 ma-

516 2284 638 2346 lum
669 2298 825 2366 erat,
859 2289 1175 2369 effugerint
1226 2292 1401 2352 etiam
1446 2293 1771 2354 daemones.
1798 2293 1951 2353 Vide
1982 2301 2180 2353 autem

519 2377 819 2455 quomodo
856 2397 970 2439 non
1006 2380 1382 2459 superbiunt.
1423 2382 1635 2444 Dicunt
1686 2382 1844 2443 enim
1904 2382 2062 2461 quod
2121 2383 2181 2443 in

518 2468 764 2527 nomine
815 2475 919 2527 tuo
950 2468 1351 2547 subjiciuntur
1384 2471 1553 2532 nobis
1577 2471 1894 2543 daemonia,
1931 2481 2025 2532 tua
2054 2490 2177 2550 gra-

522 2553 624 2625 tia,
663 2574 779 2615 non
814 2564 1016 2618 nostra
1045 2558 1443 2621 virtute.Dicit
1471 2571 1665 2621 autem
1704 2560 1816 2621 illis
1846 2560 2132 2621 Dominus
2163 2578 2176 2619 :

522 2640 609 2703 Ne
644 2645 946 2706 miremini
977 2649 1023 2709 si
1049 2648 1351 2709 daemones
1375 2649 1538 2709 vobis
1570 2650 2173 2729 subjiciantur.Prin-

523 2751 663 2811 ceps
697 2736 855 2793 enim
884 2735 1145 2815 ipsorum
1168 2738 1307 2798 olim
1333 2738 1407 2800 de
1432 2740 1581 2801 coelo
1611 2740 1922 2813 decidit,ot
1955 2740 2174 2800 nullam

519 2820 931 2884 fortitudinem
958 2825 1153 2889 habet.
1203 2825 1347 2888 Nam
1403 2828 1531 2889 licet
1583 2830 1693 2890 hoc
1753 2829 2028 2891 homines
2059 2846 2175 2892 non

519 2911 796 2999 viderint,
833 2933 939 2993 ego
974 2924 1169 2978 tamen
1224 2918 1616 2979 invisiliilium
1678 2928 1978 2999 spectator
2028 2919 2169 2982 vidi.

518 2998 753 3062 Decidit
781 3011 976 3064 autem
1010 3004 1162 3065 sicut
1193 3005 1409 3084 fulgur,
1465 3008 1601 3087 quia
1656 2998 1754 3068 lux
1804 3017 1952 3089 erat,
1987 3018 2044 3070 et
2073 3027 2174 3069 ar-

519 3091 840 3169 cliangelus
873 3103 927 3153 et
962 3092 1437 3168 lucifer,etiamsi
1459 3097 1516 3157 in
1544 3096 1822 3159 tenebras
1850 3116 2055 3159 vorsus
2076 3098 2174 3158 sit.

518 3178 582 3241 Si
610 3180 788 3257 igitur
815 3181 888 3243 de
919 3182 1060 3244 caelo
1094 3183 1193 3246 ille
1226 3185 1474 3265 decidit,
1510 3188 1660 3248 servi
1696 3187 1847 3268 ejus,
1888 3188 2181 3251 daemonia

2276 593 2465 669 χεσθαι
2502 609 2519 661 ;
2579 590 2709 669 φησί
2742 606 2754 619 ’
2820 588 2908 656 Μὴ
2961 586 3213 645 λυπεῖσθε
3242 606 3258 625 ⁸
3307 590 3335 643 ὁ
3394 585 3596 642 ἀθετῶν
3639 587 3800 667 ὑμᾶς,
3844 588 3937 663 ἐμὲ

2272 680 2451 735 ἀθετεῖ
2494 679 2583 734 καὶ
2640 680 2731 733 τὸν
2786 677 2994 757 Πατέρα
3054 701 3179 754 μου,
3242 677 3379 734 ὥστε
3436 677 3472 745 ἡ
3530 672 3677 754 ὕϐρις
3724 679 3818 735 οὑκ
3862 678 3934 742 είς

2272 769 2406 844 ὑμᾶς
2450 765 2695 848 ἵσταται,
2741 765 2863 823 ἀλλ’
2922 769 2997 832 εἰς
3055 770 3189 824 Θεὸν
3261 766 3568 846 ἁνατρέγει.
3631 766 3933 843 Παραμυθία

2273 859 2443 916 τοίνυν
2497 856 2633 915 ἔστω
2662 858 2836 937 ὑμῖνη
2871 860 2962 913 τὸν
3016 860 3147 913 Θεὸν
3194 855 3482 937 ὑϐρίζεσθαι
3514 871 3529 885 ⁸
3564 854 3745 933 ὥσπερ
3775 853 3933 910 πάλιν

2274 948 2352 1023 μὴ
2424 950 2718 1026 καυχᾶσθε,
2804 928 2885 1002 ’ὶΠ
2929 946 3380 1029 ὑψηλοφρονεῖτε,
3411 943 3489 1001 ὄτι
3519 944 3767 1002 ἀκούουσί
3794 964 3932 1007 τινες

2270 1038 2441 1111 ὑμῶν,
2504 1036 2576 1093 Οῦ
2634 1037 2735 1115 γὰρ
2793 1036 3046 1117 ὑμέτερον
3108 1040 3169 1093 τὸ
3227 1036 3403 1118 ἔργον,
3467 1032 3587 1090 ἀλλ’
3651 1034 3783 1097 ἐμοῦ
3852 1034 3934 1089 καὶ

2269 1126 2367 1193 τῆς
2401 1126 2651 1205 χάριτος,

2357 1238 2384 1269 α
2450 1206 2813 1293 Ὑπέστρεψαν
2866 1212 2919 1270 δὲ
2978 1216 3025 1270 οἳ
3100 1212 3468 1288 ἑϐδομήκοντα
3538 1212 3677 1289 μετὰ
3735 1214 3932 1289 χαρᾶς,

2270 1302 2516 1383 λέγοντες
2552 1319 2564 1332 ·
2629 1305 2809 1384 Κύριε,
2860 1304 2948 1360 καὶ
2990 1306 3057 1360 τὰ
3100 1303 3346 1380 δαιμόνια
3398 1302 3757 1361 ὑποτάσσεται
3802 1301 3937 1373 ἡμῖν

2270 1392 2323 1450 ἐν
2366 1400 2444 1468 τῷ
2498 1393 2720 1468 ὀνόματί
2764 1415 2881 1453 σου.
2928 1394 3070 1450 Εῖπε
3114 1391 3168 1449 δὲ
3209 1393 3390 1458 αὐτοῖς
3424 1408 3438 1421 ³
3494 1390 3793 1468 Ἐθεώρουν
3849 1388 3937 1441 τὸν

2272 1489 2513 1539 Σατανᾶν
2568 1486 2641 1546 ὡς
2699 1483 2974 1560 ἀστραπὴν
3023 1483 3084 1540 ἐκ
3131 1491 3224 1540 τοῦ
3253 1483 3475 1563 οὐρανοῦ
3504 1480 3772 1539 πσσόντα.
3806 1472 3938 1532 ἰδοὺ

2272 1570 2454 1648 δίδωμι
2510 1575 2640 1649 ὑμῖν
2691 1574 2791 1642 τὴν
2850 1572 3080 1638 ἐξουσίαν
3134 1581 3228 1630 τοῦ
3284 1585 3477 1629 πατεῖν
3536 1570 3721 1627 ἐπάνω
3766 1564 3937 1645 ὄφεων

2272 1663 2361 1719 καὶ
2391 1664 2681 1743 σκορπίων,
2712 1664 2800 1719 καὶ
2830 1661 2913 1719 ἐπὶ
2970 1669 3147 1719 πᾶσαν
3188 1663 3288 1730 τὴν
3319 1660 3536 1737 δύναμιν
3577 1668 3674 1718 τοῦ
3716 1657 3933 1736 ἐχθροῦ,

2269 1754 2356 1807 καὶ
2415 1750 2561 1808 οῦδὲν
2620 1742 2756 1828 ὑμᾶς
2812 1755 2872 1809 οὐ
2915 1752 2994 1828 μὴ
3044 1749 3301 1828 ἀδικήσῃ.
3360 1749 3507 1817 Πλὴν
3568 1748 3625 1805 ἕν
3653 1746 3827 1803 τούτω
3857 1742 3936 1819 μὴ

2269 1841 2511 1922 χαίρετε,
2544 1840 2623 1897 ὅτι
2656 1844 2721 1897 τὰ
2777 1843 3049 1918 πνεύματα
3100 1843 3228 1918 ὑμῖν
3279 1841 3661 1902 ὑποτάσσεται,
3716 1835 3936 1912 Χαίρετε

2270 1927 2324 1985 δὲ
2375 1929 2583 2006 μᾶλλον
2639 1931 2719 1987 ὅτι
2771 1932 2837 1987 τὰ
2924 1932 3159 2007 ὀνόματα
3221 1932 3369 2007 ὑμῶν
3423 1929 3631 2007 ἐγράφη
3699 1927 3756 1981 ἐν
3817 1934 3936 1983 τοῖς

2269 2021 2539 2099 οὐρανοῖς,
2606 2045 2632 2075 ι
2698 2027 2965 2095 Προεῖπεν
3036 2019 3115 2077 ὅτι
3175 2020 3455 2077 ἀπέστειλε
3512 2018 3635 2080 τοὺς
3698 2012 3937 2088 ἐϐδομή-

2267 2132 2457 2172 κοντα.
2513 2118 2614 2169 Νῦν
2667 2113 2757 2166 οὗν
2816 2109 2961 2189 λέγει
3009 2108 3088 2166 ἔτι
3147 2110 3484 2191 ὑπέστρεψαν
3517 2109 3825 2188 χαίροντες,
3859 2101 3938 2191 ὅτι

2268 2202 2328 2257 οῦ
2385 2203 2549 2276 μόνον
2603 2202 2698 2264 τὰς
2758 2199 2922 2264 ἄλλας
2982 2201 3166 2267 νόσους
3223 2190 3466 2275 ἐδίωκον,
3500 2196 3620 2254 ἀλλ’
3653 2196 3735 2252 ὄτι
3765 2193 3853 2250 καὶ
3878 2190 3939 2246 τὸ

2268 2297 2455 2361 μεῖζον
2493 2292 2678 2366 κακὸν,
2720 2292 2842 2356 τοὺς
2902 2290 3153 2368 δαίμονας
3208 2290 3519 2362 ἐξήλαυνον.
3555 2279 3704 2367 ’Ὀρα
3735 2282 3791 2340 δὲ
3820 2286 3937 2343 πῶς

2268 2381 2369 2459 οὑχ
2418 2378 2868 2460 ὑψηλοφρονοῦσι,
2914 2382 3050 2436 Φασὶ
3105 2382 3228 2461 γὰρ,
3292 2382 3372 2436 ὁτι
3432 2377 3521 2437 Ἐν
3582 2383 3660 2451 τῷ
3715 2369 3935 2447 ὀνόματί

2268 2490 2361 2525 σου
2417 2470 2803 2526 ὑποτάσσονται
2888 2472 3023 2545 ἡμῖν
3109 2473 3155 2526 οἱ
3241 2468 3509 2546 δαίμονες.
3570 2467 3663 2525 Ἐν
3722 2463 3791 2529 τῆ
3864 2463 3934 2534 σῇ

2267 2558 2472 2637 χάριτι,
2521 2558 2581 2613 οὗ
2612 2564 2679 2634 τῇ
2708 2558 2942 2635 ἡμετέρᾳ
2982 2561 3161 2638 ἰσχύϊ.
3195 2565 3332 2617 Εῖπε
3353 2558 3408 2615 δὲ
3438 2561 3620 2621 αὑτοῖς
3648 2557 3676 2611 δ
3710 2557 3921 2629 Κύριος·

2270 2647 2359 2713 Μὴ
2422 2648 2736 2723 θαυμάζετε,
2791 2650 2834 2703 εἶ
2912 2646 3156 2723 δαίμονες
3209 2650 3336 2723 ὑμῖν
3399 2648 3788 2704 ὑποτάσσονται
3819 2656 3836 2672 ⁹
3896 2640 3924 2693 ὁ

2259 2737 2359 2814 γὰρ
2417 2733 2602 2815 ἅρχων
2677 2740 2874 2816 αὐτῶν,
2950 2735 3117 2793 πάλαι
3175 2737 3466 2795 κατέπεσεν
3529 2734 3622 2791 ἀπ’
3680 2733 3922 2808 οὑρανοῦ.

2264 2826 2359 2881 Καὶ
2416 2822 2662 2901 οὐδεμίαν
2705 2826 2862 2904 ἰσχὺν
2923 2824 3063 2905 ἔχει,
3102 2828 3161 2883 Ei
3191 2828 3291 2906 γὰρ
3321 2827 3410 2883 καὶ
3448 2838 3567 2889 τοῖς
3626 2819 3927 2899 ἁνθρώποις

2260 2914 2364 2993 οὑχ
2419 2914 2619 2992 ἑωρᾶτο
2663 2922 2841 2995 τοῦτο,
2873 2914 2996 2971 ἀλλ’
3048 2918 3136 2973 οῦν
3184 2919 3299 2992 ἐμοὶ
3348 2915 3627 2994 ἐθεωρεῖτο
3685 2916 3764 2985 τῷ
3822 2911 3929 2963 τῶν

2260 3005 2497 3083 ἀοράτων
2552 3007 2757 3084 θεωρῷ.
2847 2996 2938 3071 Ὠς
3014 3006 3263 3086 ἀστραπὴ
3323 3004 3378 3062 δὲ
3436 3003 3754 3073 κατέπεσεν,
3812 2997 3925 3056 ἐπεὶ

2258 3098 2371 3173 φῶς
2413 3098 2502 3173 ἦν,
2555 3098 2642 3150 καὶ
2693 3094 3058 3175 ἀρχάγγελος,
3105 3098 3193 3152 καὶ
3234 3097 3530 3177 ἑωσφόρος,
3564 3092 3726 3150 εἶκαὶ
3780 3086 3918 3144 σκό-

2258 3205 2349 3247 τος
2381 3183 2621 3262 γέγονεν.
2659 3186 2715 3241 Ei
2763 3185 2933 3241 τοίνυν
2982 3186 3135 3250 οὗτος
3182 3185 3475 3243 κατέπεσεν
3537 3180 3631 3241 ἀπ’
3679 3181 3919 3259 οὑρανοῦ,

518 3268 824 3350 dico,quid
856 3274 1319 3352 non'patientur?
1343 3274 1590 3347 Quidam
1612 3285 1807 3338 autem
1837 3276 1922 3338 sic
1945 3276 2134 3339 intelli
2156 3311 2174 3324 -

2267 3274 2308 3330 οἱ
2362 3272 2537 3332 δοῦλοι
2597 3276 2776 3348 αὑτοῦ,
2812 3276 2877 3331 τὰ
2919 3274 3171 3351 δαιμόνια
3221 3274 3388 3355 λέγω,
3417 3276 3467 3330 τί
3495 3274 3556 3330 οὑ
3606 3272 3922 3337 πείσονται;

517 3361 764 3438 gunt,de
802 3361 1097 3443 C(BIO,iIOC
1130 3371 1220 3426 est
1242 3364 1317 3426 de
1346 3366 1713 3444 gloria.Nam
1748 3366 1886 3446 quia
1907 3366 2179 3429 dixerant

2267 3363 2413 3425 Τινὲς
2472 3361 2653 3443 δὲτὸ,
2715 3363 2809 3419 ἀπ’
2861 3368 3107 3445 οὗρανοῦ,
3154 3364 3292 3421 οὕτω
3351 3372 3550 3442 νοοῦσι,
3625 3358 3917 3429 τουτέστιν,

519 3448 577 3511 ei
599 3452 970 3530 septuaginta
999 3454 1154 3532 quod
1180 3452 1471 3517 dzemonia
1504 3455 1617 3517 sibi
1640 3455 2053 3536 subjiciantur,
2090 3457 2177 3519 di-

2267 3453 2366 3509 ἀπὸ
2416 3449 2595 3519 δόξης.
2655 3451 2804 3511 Ἐπεὶ
2855 3454 2955 3533 γὰρ
3002 3454 3164 3511 εἶπον
3224 3456 3365 3529 αὑτῷ
3424 3456 3470 3511 οἱ
3524 3450 3919 3536 ἐϐδομήκοντα,

515 3537 749 3600 cit:Hoc
779 3548 837 3600 et
866 3559 972 3619 ego
996 3540 1584 3617 sciebam,Videbam
1617 3534 1776 3605 enim
1812 3554 2077 3606 satauam
2103 3547 2178 3608 de

2267 3539 2342 3599 ὅτι
2384 3542 2451 3599 τὰ
2521 3540 2777 3618 δαιμόνια
2832 3544 3213 3625 ὑποτάσσεται,
3265 3545 3451 3625 φησὶν,
3486 3542 3590 3618 ὅτι,
3661 3540 3761 3599 Καὶ
3817 3534 3923 3625 ἕτγρ

515 3627 758 3709 creto,id
784 3629 979 3703 est,de
1012 3630 1200 3708 gloria
1231 3642 1432 3713 sua,et
1458 3635 1533 3695 de
1553 3634 1780 3695 honore
1801 3652 1977 3714 quem
2005 3635 2179 3696 habe-

2267 3638 2416 3688 τοῦτο
2474 3630 2785 3710 ἐγίνωσκον,
2849 3631 3131 3690 ’Ἔϐλεπον
3197 3621 3304 3713 γὰρ
3374 3621 3465 3690 τὸν
3550 3634 3798 3688 Σατανᾶν
3872 3621 3923 3687 ἐξ

515 3716 980 3782 bat.cadentem.
1020 3723 1174 3782 Ante
1206 3723 1507 3783 Christum
1542 3724 1701 3784 enim
1737 3734 1795 3784 ut
1828 3726 1983 3787 Deus
2009 3725 2175 3785 cole-

2267 3722 2520 3801 οῦρανῶν,
2577 3722 2872 3799 τουτέστιν,
2920 3724 3027 3779 ἀπὸ
3071 3722 3167 3790 τῆς
3226 3721 3379 3791 δόξης
3424 3725 3488 3789 ἧς
3522 3722 3683 3803 εἶχε,
3710 3718 3799 3774 καὶ
3826 3714 3921 3781 τῆς

516 3805 875 3883 batur,nunc
906 3817 1107 3871 autem
1134 3809 1208 3870 de
1229 3810 1378 3871 caalo
1423 3812 1787 3885 decidit,hoc
1822 3813 2017 3887 est,de
2043 3814 2174 3893 glo-

2267 3816 2422 3888 τιμῆς
2480 3811 2736 3870 πεσόντα.
2802 3814 2909 3891 Πρὸ
2957 3814 3057 3891 γὰρ
3098 3820 3329 3893 Χριστοῦ
3359 3815 3433 3877 ὡς
3484 3813 3618 3876 Θεὸς
3680 3811 3919 3885 ἐτιμᾶτο.

512 3895 602 3957 ria
623 3915 836 3976 sua,ne
867 3899 1093 3959 colatur
1119 3909 1181 3959 ut
1201 3902 1582 3981 Deus,neque
1603 3901 1892 3964 habeatur
1925 3903 2177 3983 perinde

2267 3908 2363 3956 Νῦν
2424 3898 2477 3955 δὲ
2508 3900 2720 3967 ἐξέπεσε
2751 3909 2843 3958 τοῦ
2898 3903 3143 3982 οὑρανοῦ,
3203 3901 3471 3982 τοττέστι,
3523 3910 3617 3960 τοῦ
3676 3896 3920 3974 τιμᾶσθαι

514 4003 583 4046 ac
616 3986 663 4045 si
698 3985 757 4046 in
793 3986 943 4048 ccelo
978 3986 1202 4049 habitet
1234 3990 1389 4051 Ect-e
1415 3990 1589 4069 igitur
1623 3991 1699 4053 do
1728 3992 1889 4053 vobis
1924 4002 2177 4073 potesta-

2267 3992 2333 4054 ὡς
2386 3992 2541 4066 Θεὸς,
2593 3993 2685 4047 καὶ
2730 3992 3029 4068 νομίζεσθαι
3105 3990 3186 4048 ὅτι
3246 3991 3300 4048 ἐν
3355 3996 3432 4065 τῷ
3488 3994 3700 4071 οῦρανῷ
3755 3987 3919 4073 ἐστιν.

518 4082 636 4135 tem
653 4076 1039 4149 conculcandi
1058 4078 1327 4139 virtutem
1348 4071 2175 4162 illorum.Serpentesetscor-

2267 4077 2395 4137 ἰδοὺ
2446 4080 2535 4137 οὖν
2578 4078 2762 4163 δίδωμι
2806 4088 2935 4157 ὑμῖν
2999 4080 3233 4148 ἐξουσίαν
3283 4094 3616 4139 καταπατεῖν
3680 4081 3774 4141 τὰς
3824 4071 3916 4129 δυ’

518 4164 621 4244 piii
654 4164 989 4225 daemonum
1016 4175 1154 4228 sunt
1184 4177 1593 4250 catervze,quae
1625 4170 1900 4231 deorsum
1938 4172 2175 4233 trahun-

2267 4170 2446 4246 νάμεις
2508 4170 2687 4229 αὑτοῦ.
2750 4171 2959 4252 ’Ὂιρεις
3041 4174 3142 4253 γὰρ
3214 4174 3303 4230 καὶ
3362 4171 3603 4250 σκορπίοι
3675 4172 3727 4228 αἱ
3811 4168 3916 4221 τῶν

515 4253 713 4315 tur.Et
739 4253 840 4334 qui
874 4256 1182 4319 manifeste
1210 4260 2017 4341 percutiunt,serpentes,qui
2036 4280 2173 4323 vero

2267 4259 2525 4335 δαιμόνων
2584 4258 2857 4340 φάλαγγες
2928 4262 3078 4323 κάτω
3135 4263 3438 4341 συρόμεναι·
3495 4263 3584 4318 καὶ
3646 4262 3759 4318 ὅσοι
3817 4253 3911 4341 μὲν

519 4342 1084 4425 occultius,scorpii,
1115 4354 1175 4405 ut
1207 4347 1438 4409 daimon
1481 4348 1747 4410 libidinis
1776 4360 1831 4410 et
1879 4340 2057 4411 cmdis
2089 4360 2178 4411 est

2267 4349 2649 4429 ἐμφανέστερον
2730 4350 3082 4427 πλήττουσιν,
3158 4340 3301 4409 οὗτοι
3378 4350 3547 4432 ὄφεις.
3609 4342 3776 4409 u011m
3858 4340 3910 4397 δὲ

515 4448 764 4529 serpens
802 4450 815 4495 :
856 4434 917 4494 in
952 4436 1353 4499 manifestaria
1385 4438 1542 4499 enim
1580 4438 1729 4500 mala
1758 4440 2083 4519 compellit:
2119 4457 2179 4510 at

2267 4439 2639 4519 ἀφανέστερον,
2686 4440 2829 4497 οὗτοι
2858 4442 3122 4521 σκορπίοι,
3168 4441 3289 4498 οἷον
3323 4441 3351 4497 ὑ
3395 4440 3493 4517 μὲν
3522 4444 3621 4507 τῆς
3671 4434 3911 4529 πορνείας

516 4521 613 4601 qui
642 4531 884 4602 propter
929 4525 1168 4586 morbos
1210 4527 1528 4607 persuadet
1559 4528 1864 4591 hominem
1897 4530 2174 4611 lavacris,

2267 4529 2346 4584 καὶ
2403 4535 2494 4585 τοῦ
2550 4531 2709 4607 φόνου
2752 4528 2976 4611 δαίμων,
3010 4527 3152 4611 ὄφις,
3202 4531 3289 4593 Εἰς
3344 4535 3587 4609 προφανῆ
3621 4530 3722 4609 γὰρ
3778 4521 3913 4578 κακὰ

515 4612 851 4687 unguentis,
882 4620 939 4673 et
960 4613 1092 4675 aliis
1124 4616 1608 4679 eﬂeminantibus
1640 4619 1747 4693 uti,
1780 4618 2051 4700 scorpius
2076 4638 2171 4681 vo-

2267 4620 2507 4677 συνωθεῖ.
2545 4612 2603 4677 εΟ
2632 4616 2687 4675 δὲ
2717 4617 2801 4676 διὰ
2846 4620 2999 4676 νόσον
3055 4618 3211 4687 δῆθεν
3267 4621 3460 4676 πείθων
3504 4620 3594 4675 τὸν
3644 4618 3911 4705 ἅνθῖρυξπον

513 4709 700 4780 catur,
728 4720 844 4762 non
872 4703 1249 4764 manifestum
1296 4705 1522 4769 habens
1550 4708 1847 4785 aculeum,
1883 4710 1986 4771 sed
2019 4709 2170 4770 clam

2267 4707 2501 4787 λουτροῖς
2583 4713 2813 4789 χρᾶσθαι
2870 4711 2959 4766 καὶ
3032 4711 3320 4791 μυρίσμασι
3393 4711 3482 4766 καὶ
3537 4721 3663 4774 ταῖς
3725 4700 3909 4791 ἄλλᾳις

512 4807 754 4851 carnem
778 4791 1111 4868 otl‘endens,
1147 4794 1609 4859 utobcdientem
1636 4798 1692 4858 in
1720 4790 1994 4876 magnum
2032 4799 2173 4859 346

2267 4797 2552 4873 Ξλακείαις,
2582 4788 2897 4864 δγτοιοῦτος
2956 4788 3158 4877 δαίμων
3232 4800 3482 4879 σκορπίος
3544 4796 3605 4854 ἂν
3662 4788 3903 4879 κληθείη,

512 4897 715 4940 casum
751 4880 1211 4971 injiciat.Gratia
1241 4893 1436 4945 autem
1468 4875 1852 4969 Demino,qui
1884 4889 2048 4950 dedit
2071 4910 2172 4970 po-

2267 4888 2346 4956 δίῆ
2392 4888 2624 4969 ἐμφανὲς
2666 4889 2815 4971 ἔχων
2856 4893 2918 4948 τὸ
2974 4875 3212 4971 κέντρον,
3266 4875 3404 4947 ἀλλὰ
3460 4886 3759 4955 λεληθότως
3805 4875 3899 4941 τὴν

513 4976 784 5029 testatem
819 4970 1085 5033 calcandi
1116 4991 1297 5052 super
1330 4974 1483 5037 illos.
1503 4976 1789 5038 Caeterum
1815 4977 2038 5039 docens
2067 4997 2169 5041 eos

512 5076 589 5118 ne
610 5057 975 5138 superbiant,
1015 5061 1618 5127 dicit:Verumtamen
1650 5065 1708 5126 in
1734 5066 1846 5128 hoc
1877 5086 1994 5129 non
2018 5087 2168 5147 gau-

513 5147 650 5209 dete
672 5148 828 5228 quod
855 5148 1150 5211 daemonia
1194 5151 1360 5214 vobis
1400 5154 1793 5235 subjiciuntur
1826 5176 1839 5216 :
1877 5157 1976 5218 alii
2007 5158 2165 5221 enim

514 5247 650 5298 sunt
683 5240 785 5328 qui
818 5256 885 5299 ex
910 5240 1021 5299 hoc
1049 5240 1341 5304 beneﬁcia
1363 5244 1849 5327 capiunt,nempe
1882 5247 1981 5328 qui
2010 5248 2171 5310 sani-

514 5334 689 5388 tatem
725 5325 1311 5410 consequunturzsed
1342 5334 1524 5413 magis
1547 5335 1702 5416 quod
1722 5325 1963 5399 nomina
1980 5348 2170 5402 vestra

514 5416 733 5495 scripta
757 5427 852 5478 snt
878 5420 938 5480 in
988 5420 1178 5497 omlis,
1208 5439 1326 5483 non
1359 5432 1712 5502 atramento,
1752 5426 1856 5489 sed
1883 5429 2171 5492 memoria

513 5502 620 5566 Dei
643 5513 701 5565 et
728 5508 935 5584 gratia.
971 5510 1045 5571 Et
1075 5509 1348 5573 diabolus
1373 5513 1595 5577 decidit
1629 5537 1662 5576 e
1687 5518 1860 5587 creto,
1898 5519 2172 5583 homines

512 5599 714 5657 autem
738 5594 835 5676 qui
866 5595 1017 5657 infra
1039 5608 1199 5670 sunt,
1218 5600 1564 5665 scribuntur
1594 5603 2024 5687 supra.Verum
2056 5608 2170 5670 ita-

2253 4979 2421 5058 σάρκα
2474 4985 2866 5060 περιποιεῖσθαι
2899 4979 3157 5057 σπεύδων,
3188 4981 3282 5037 ’ίνα
3312 4982 3443 5060 ῥίψῃ
3472 4982 3563 5037 τὸν
3593 4971 3898 5060 πειθόμενον

2253 5068 2326 5131 εἰς
2398 5059 2596 5146 πτῶμα
2660 5072 2823 5150 μέγα.
2877 5072 3037 5152 Χάρις
3094 5070 3147 5127 δὲ
3218 5059 3320 5147 τῷν
3362 5071 3531 5150 Κυρίῳ
3588 5075 3663 5142 τῷ
3711 5059 3895 5152 διδόντι

2252 5156 2468 5234 δύναμιν
2506 5173 2699 5216 πατεῖν
2748 5160 2927 5217 ἐπάνω
2984 5163 3207 5225 τούτων,
3270 5159 3535 5218 Παιδεύων
3592 5158 3646 5216 δὲ
3715 5149 3897 5212 αὖτοὺς

2252 5248 2330 5323 μὴ
2360 5247 2779 5329 ὑψηλοφρονεῖν,
2815 5251 2945 5329 φησί
2977 5267 2991 5281 ⁸
3026 5250 3175 5320 Πλὴν
3225 5251 3278 5308 ἐν
3327 5251 3498 5326 τούτῳ
3528 5255 3606 5328 μὴ
3662 5248 3895 5329 χαίρετε,

2253 5336 2333 5394 ὅτι
2389 5340 2457 5394 τὰ
2524 5338 2771 5415 δαιμόνια
2822 5342 2951 5418 ὑμῖν
3007 5343 3383 5404 ὑποτάσσεται.
3408 5338 3620 5399 ’¹Λλλοι
3646 5340 3745 5419 γάρ
3774 5336 3898 5391 εἰσιν

2252 5430 2300 5484 οἱ
2356 5429 2418 5484 ἐκ
2471 5429 2660 5487 τούτου
2716 5429 3177 5512 εὐεργετούμενοι,
3237 5435 3284 5488 οἱ
3340 5436 3438 5499 τῆς
3487 5430 3676 5494 ἰάσεως
3732 5444 3900 5484 κατα-

2254 5516 2537 5594 ξιούμενοι.
2622 5518 2790 5578 Ἀλλὰ
2879 5521 3084 5598 μᾶλλον
3164 5519 3243 5580 ὅτι
3314 5523 3379 5580 τὰ
3450 5523 3687 5599 ὀνόματα
3759 5519 3903 5593 ὑμῶν

2255 5608 2461 5689 ἐγράφη
2520 5608 2575 5664 ἐν
2634 5623 2754 5677 τοῖς
2811 5615 3080 5693 οὐρανοῖς,
3142 5614 3200 5669 οὑ
3258 5610 3469 5689 μέλανι.
3535 5611 3672 5669 ἀλλὰ
3719 5608 3905 5686 μνήμῃ
