4202 6398
314 311 418 378 841
1072 319 1516 382 ENARRATIO
1561 320 1643 383 IN
1694 317 1952 382 EVANG

2037 316 2207 380 JIUM
2256 320 2496 386 LUCIE.
2536 357 2612 368 —
2656 324 2822 387 CAP.
2851 324 2926 387 X.
3579 322 3700 386 842

282 459 431 526 Θεοῦ,
490 454 582 511 καὶ
640 454 846 535 χάριτι.
913 455 1009 513 Καὶ
1040 457 1068 512 6
1127 455 1227 531 μὲν
1256 452 1507 519 διάϐολος
1553 454 1750 512 ἄνωθεν
1778 472 1952 511 κατα-

2038 464 2164 529 que‘
2202 451 2482 529 gaudium
2514 455 2779 516 'nomina
2829 465 3021 517 vestra
3073 455 3135 518 in
3181 457 3356 519 caelis
3404 456 3701 539 scribipet

282 544 486 618 πίπτει,
552 546 599 601 οἱ
656 543 712 600 δὲ
754 542 1019 626 ἅνθρωποι
1089 544 1236 602 κάτω
1279 544 1426 610 ὄντες
1473 546 1762 626 γράφονται
1820 542 1950 607 ἅνω,

2037 554 2168 600 esse
2201 540 2258 600 in
2296 545 2584 604 memoria
2614 543 2739 605 Dei.

313 640 354 690 Η
412 631 639 702 ἀληθινὴ
669 637 759 692 οὖν
791 635 959 715 χαρὰ,
993 636 1054 692 τὸ
1086 636 1375 716 γράφεσθαι
1432 637 1581 712 ὑμῶν
1611 637 1677 692 τὰ
1719 635 1954 713 ὀνόματα

291 723 400 780 ἄνω
442 725 529 780 καὶ
561 725 983 800 μνημονεύεσθαι
1014 726 1118 782 ὑπὸ
1151 727 1315 789 Θεοῦ,

382 836 410 869 α
457 812 547 871 Ἐν
592 818 725 891 αὑτῇ
766 820 835 891 τῇ
892 813 1004 894 ὥρᾳ
1074 813 1443 894 ἧγαλλίασατο
1486 820 1564 890 τῷ
1608 816 1866 892 πνεύματι
1924 818 1952 872 6

2045 897 2061 899 ξ
2119 807 2436 899 VEns.'21.
2479 835 2502 863 εί
2539 809 2603 872 In
2660 812 2868 874 eadem
2922 815 3069 876 hora
3118 816 3429 879 exsultavit
3481 818 3692 899 spiritu

296 902 526 978 Ἰησους,
590 905 680 961 καὶ
765 904 923 962 εἶπεν
958 920 973 935 '
1062 903 1522 983 Ἐξομολογοῦμαί
1576 928 1683 981 σοι,
1756 906 1949 985 Πάτερ,

2037 897 2230 970 Jesus,
2266 906 2323 958 et
2347 898 2494 959 dixit
2526 916 2539 961 :
2578 899 2878 963 Conﬁteor
2903 904 3033 976 tibi,
3063 908 3255 977 Pater,
3283 897 3535 968 Domine
3558 908 3694 969 caeli

296 991 449 1067 Κύριε
513 999 605 1049 τοῦ
664 995 885 1071 ούρανοῦ
964 996 1052 1050 καὶ
1112 999 1210 1061 τῆς
1289 994 1414 1074 γῆς,
1487 995 1566 1051 ὅτι
1640 994 1952 1074 ἀπέκρυψας

2038 993 2094 1045 et
2122 989 2509 1079 tei°rze_qiiotl
2565 989 2929 1053 abscondisti
2980 994 3103 1077 haec
3148 1013 3181 1055 a
3239 996 3697 1079 sapientibus-et

286 1090 452 1139 ταῦτα
508 1082 616 1139 ἀπὸ
690 1088 866 1164 σοφῶν
946 1085 1034 1140 καὶ
1118 1090 1370 1163 συνετῶν,
1446 1086 1534 1141 καὶ
1605 1084 1952 1160 ἀπεκάλυψας

2039 1076 2524 1157 prudentibus,et
2553 1080 2828 1141 revolasti
2853 1100 2921 1143 ea
2949 1084 3204 1163 parvulis
3230 1102 3244 1147 :
3269 1078 3470 1158 etiam,
3498 1086 3692 1162 Pater,

279 1174 415 1232 αὖτᾶ
471 1175 687 1241 νηπίοις
723 1188 736 1203 ’
799 1174 906 1253 ναὶ,
962 1176 989 1230 6
1021 1173 1230 1253 Πατὴρ,
1282 1172 1361 1230 ὅτι
1407 1172 1575 1239 οὕτως
1619 1174 1830 1252 ἐγένετο
1861 1174 1949 1228 εὑ-

2037 1167 2312 1245 qnoniam
2363 1168 2447 1227 sic
2500 1169 2917 1249 complacitum
2960 1184 3051 1234 est
3096 1193 3295 1236 coram
3349 1184 3425 1236 te.
3465 1201 3487 1233 ω
3532 1178 3698 1240 Sicut

277 1261 429 1320 δοκία
460 1262 761 1340 ἔμπροσθέν
816 1285 934 1325 σου,
986 1286 1012 1319 ii
1065 1253 1286 1343 ’Ὠσπερ
1316 1264 1490 1339 πατὴρ
1524 1264 1720 1342 ἀγαθός
1750 1262 1949 1328 παῖδας

2037 1264 2201 1335 pater
2224 1257 2415 1316 bonus
2433 1276 2567 1317 cum
2595 1259 2814 1320 viderit
2847 1261 3000 1322 ﬁlios
3028 1272 3191 1326 recta
3219 1266 3486 1346 quaedam
3515 1286 3697 1348 opera

281 1351 410 1411 ἰδὼν
467 1352 907 1432 κατορθώσαντας
966 1376 1041 1427 τι,
1088 1353 1228 1411 οὕτω
1270 1355 1359 1410 καὶ
1417 1357 1445 1410 6
1475 1354 1668 1431 Etet-69
1711 1352 1950 1432 ἀγάλλε-

2037 1343 2314 1425 gessisse,
2371 1346 2445 1405 ita
2507 1348 2775 1409 Salvator
2819 1350 3094 1425 exsultat,
3149 1343 3289 1434 quia
3342 1354 3485 1417 talia
3527 1343 3698 1434 bona

283 1465 401 1521 ται,
463 1442 545 1500 ὅτι
601 1443 858 1500 τοιούτων
916 1443 1127 1522 ἀγαθῶν
1179 1443 1479 1511 ἠξιώθησαν
1528 1444 1577 1499 οἱ
1636 1441 1946 1506 ἀπόστολοι,

2037 1435 2289 1525 assecuti
2341 1447 2510 1525 erant
2563 1437 2837 1517 apostoli.
2892 1439 3096 1521 Itaque
3127 1433 3284 1505 Patri
3333 1433 3550 1523 gratias
3579 1445 3698 1525 agit

291 1535 623 1613 Εὒχαριστεῖ
681 1535 768 1589 οὖν
850 1539 925 1607 τῷ
1012 1534 1200 1612 Πατρὶ,
1277 1531 1357 1589 ὅτι
1434 1530 1809 1612 ἆπεκρύὸησαν
1887 1534 1952 1588 τὰ

2037 1523 2193 1615 quod
2228 1524 2608 1615 occultaverit
2636 1528 2876 1607 quidem
2914 1531 3049 1592 talia
3081 1534 3370 1611 mjst'eria
3399 1553 3432 1595 a
3464 1523 3697 1615 sapien-

291 1611 511 1679 τοιαῦτα
568 1624 834 1702 μυστήρια
878 1622 983 1678 ἀπὸ
1052 1628 1255 1701 σοφῶν,
1317 1628 1426 1678 τῶν
1482 1623 1782 1700 Φαρισαίων
1854 1620 1952 1689 δη-

2037 1611 2218 1705 tibus,
2270 1614 2585 1678 Pharisaeis
2646 1617 2875 1679 scilicet
2934 1628 2992 1681 et
3059 1620 3443 1703 Scribis‘qui
3504 1611 3693 1705 legem

292 1708 428 1779 λαδὴ
486 1713 571 1766 καὶ
616 1701 977 1790 Γραμματέων
1008 1715 1114 1764 τῶν
1170 1709 1571 1786 ἓρμιινευόντων
1616 1711 1709 1765 τὸν
1767 1710 1948 1783 νόμον,

2037 1701 2533 1795 interpretantur,
2571 1715 2629 1767 et
2659 1705 3294 1786 intelligentibns,~hoc
3326 1701 3414 1775 est
3438 1701 3698 1795 discipu-

292 1802 382 1857 καὶ
432 1807 669 1859 συνετῶν
753 1803 858 1857 τῶν
944 1798 1390 1875 μαθητευομένων
1458 1800 1561 1854 ὑπὸ
1636 1798 1838 1855 τούτων
1889 1800 1952 1866 δὴ

2040 1790 2112 1851 lis
2146 1793 2354 1853 horum
2389 1795 2757 1859 Scribarum.
2788 1797 3041 1878 Sapiens
3063 1799 3221 1860 enim
3252 1810 3343 1862 est
3370 1802 3470 1883 qui
3494 1790 3691 1877 docet,

292 1896 397 1946 τῶν
456 1888 842 1968 Γραμματέων.
890 1890 1063 1968 Σοφὸς
1127 1887 1224 1964 μὲν
1284 1888 1385 1968 γάρ
1430 1886 1571 1943 ἐστιν
1600 1889 1629 1944 6
1671 1884 1949 1956 διδάσκων,

2040 1881 2384 1973 intelligens
2435 1894 2633 1945 autem
2680 1885 2782 1966 qui
2844 1888 3111 1950 docetur'
3144 1900 3200 1950 et
3250 1881 3523 1971 intelligit
3566 1912 3697 1973 qua;

292 1980 504 2044 συνετὸς
562 1977 617 2035 δὲ
679 1981 707 2036 6
763 1977 1142 2054 διδασκόμενος
1192 1978 1282 2034 καὶ
1322 1978 1514 2040 συνιεὶς
1558 1977 1624 2033 τὰ
1665 1974 1950 2056 λεγόμενα.

293 2070 425 2126 Οἶον
481 2066 865 2146 ὑποδείγματος
922 2068 1107 2148 χάριν,
1162 2069 1326 2147 σοφὸς
1384 2070 1412 2122 6
1468 2064 1777 2141 Γαμαλιὴλ,
1809 2087 1927 2122 συνε

292 2161 384 2224 τὸς
413 2157 468 2214 δὲ
498 2160 526 2216 6
555 2157 785 2223 Παῦλος.
850 2149 907 2215 Ὀ
963 2157 1060 2232 μὲν
1121 2158 1220 2237 γὰρ
1278 2154 1618 2227 διδάσκαλος,
1680 2158 1708 2211 6
1739 2153 1792 2210 δὲ
1826 2156 1952 2211 σᾶν-

295 2250 390 2313 ιεὶς
443 2249 510 2305 τὰ
564 2247 831 2327 λεγομενα
872 2244 997 2321 παρ’
1054 2245 1277 2303 ἐκείνου.
1338 2245 1576 2312 Νηπίους
1625 2242 1679 2300 δὲ
1710 2246 1956 2321 ὀνομάζει

292 2339 416 2404 τοὺς
473 2338 691 2401 οἰκείους
736 2336 977 2413 μαθητὰς
1034 2338 1061 2391 6
1116 2332 1336 2415 Κύριος,
1384 2334 1480 2391 οἶα
1524 2335 1602 2409 μὴ
1632 2334 1956 2410 νομομαθεῖς

294 2427 478 2501 ὄντας,
537 2426 676 2483 ἄλλα
731 2427 853 2489 τοὺς
914 2424 1125 2488 πλείους
1186 2425 1246 2481 ἐκ
1303 2432 1397 2484 τοῦ
1477 2421 1647 2503 ὄχλου
1707 2424 1796 2479 καὶ
1850 2430 1958 2480 τῶν

293 2515 488 2575 ἀλιέων
530 2515 1029 2597 συνηρανισμένους.
1077 2512 1247 2572 Ἀλλὰ
1291 2515 1391 2591 μὲν
1445 2516 1537 2571 καὶ
1588 2515 1664 2577 ὡς
1737 2511 1957 2585 ἄκακοι,

290 2609 475 2678 νήπιοι
532 2605 594 2662 ἂν
654 2610 929 2674 κληθεῖεν,
1011 2603 1246 2663 Ἐκεῖνοι
1314 2602 1369 2660 δὲ
1422 2603 1696 2668 δοκοῦντες
1756 2598 1960 2661 συνετοῖ

294 2699 388 2755 καὶ
446 2698 619 2778 σοφοὶ,
652 2698 712 2753 οὗ
758 2697 869 2772 μὴν
913 2694 1085 2759 ὄντες.
1120 2692 1423 2774 Ἀπεκρύδη
1455 2693 1544 2751 οὖν
1586 2694 1651 2751 τὰ
1694 2694 1960 2772 μυστήρια

296 2787 407 2844 ἀπὸ
462 2792 567 2844 τῶν
649 2786 942 2842 δοκούντων
1018 2789 1194 2865 σοφῶν
1251 2785 1341 2840 καὶ
1414 2784 1663 2858 συνετῶν,
1720 2784 1780 2839 οὗ
1851 2784 1961 2857 μὴν

299 2875 495 2938 ὄντων,
552 2878 610 2935 Εἰ
653 2878 753 2954 γὰρ
796 2876 958 2954 ἦσαν,
990 2873 1336 2953 ἆπεκαλὺφθη
1382 2871 1445 2928 ἂν
1475 2874 1684 2937 αὑτοῖς.
1748 2874 1869 2945 Ναὶ,
1930 2874 1958 2928 6

300 2967 513 3046 Πατὴρ,
575 2970 882 3045 εὐχαριστῶ
939 2986 1044 3043 σοι,
1107 2961 1186 3019 ὅτι
1246 2961 1413 3024 οὕτως
1474 2961 1683 3038 ἐγένετο
1754 2960 1957 3017 εὒδοκία

2039 1971 2470 2053 d.cuntur;ut,
2528 1975 2784 2055 exempli
2826 1977 3033 2057 gratia,
3087 1971 3692 2059 sapiens’Gamal—iel,

2040 2059 2382 2141 intelligens
2414 2064 2632 2125 Paulus
2660 2086 2672 2124 :
2710 2066 2812 2127 ille
2844 2067 3003 2127 enim
3030 2066 3306 2138 docebat,
3341 2069 3437 2131 hic
3468 2072 3692 2134 intelli-

2038 2150 2211 2228 gebat
2254 2171 2383 2231 quae
2432 2152 2505 2213 ab
2561 2154 2659 2212 illo
2712 2155 3110 2219 docebantur.
3168 2158 3450 2220 Parvulos
3494 2171 3692 2223 autem

2042 2239 2387 2302 nominabat
2431 2241 2717 2303 Dominus
2761 2262 2900 2305 suos
2952 2245 3305 2325 di~cipnlos,
3340 2257 3543 2329 utpote
3595 2271 3697 2311 eos

2042 2329 2142 2410 qui
2178 2330 2235 2390 in
2270 2330 2398 2409 lege
2437 2331 2595 2393 docti
2628 2351 2743 2393 non
2779 2343 2970 2414 erant,
2991 2334 3093 2395 sed
3133 2335 3402 2416 plerique
3432 2340 3698 2401 exturba

2046 2430 2103 2479 et
2137 2421 2531 2497 piscatoribus
2565 2424 3369 2501 i-ongregati.Verumtamen
3396 2437 3453 2488 et
3474 2429 3699 2509 parvufi

2045 2507 2187 2569 dicti
2220 2519 2358 2569 sunt
2402 2510 2477 2571 ob
2524 2512 2815 2588 puerilem
2851 2513 3320 2593 simplicitatem.
3374 2507 3694 2579 Illi'autem

2044 2599 2345 2677 sapientes
2395 2600 2558 2681 dicti,
2618 2602 2757 2682 quia
2804 2602 3160 2664 videbantur
3201 2606 3526 2684 sapientes,
3562 2627 3696 2669 cum

2045 2696 2343 2767 sap:entes
2375 2707 2495 2751 non
2553 2700 2775 2754 essent.
2828 2691 3159 2754 Abscondit
3206 2693 3389 2772 igitur
3423 2697 3698 2776 mysteria

2041 2776 2116 2837 ab
2150 2777 2241 2837 his
2272 2779 2372 2858 qui
2416 2780 2770 2841 videbantur
2823 2785 3121 2861 sapientes
3167 2792 3222 2844 et
3274 2784 3699 2863 intelligentes,

2040 2883 2175 2925 cum
2209 2867 2413 2947 utique
2449 2889 2565 2929 non
2598 2878 2819 2931 essent.
2858 2869 3003 2932 Nam
3054 2873 3099 2931 si
3138 2873 3408 2949 fuissent,
3444 2875 3703 2937 revelata

2039 2953 2290 3045 fuissent
2318 2958 2427 3021 eis.
2475 2957 2691 3031 Etiam,
2749 2963 2939 3035 Pater,
2990 2963 3207 3040 gratias
3257 2982 3365 3040 ago
3400 2964 3529 3039 tibi,
3564 2966 3702 3045 quia

302 3044 591 3135 ἔμπροσθέν
642 3044 768 3128 σου,
831 3052 1127 3125 τουτέστιν,
1189 3050 1268 3110 ὅτι
1340 3054 1561 3118 τοιαύτη
1621 3049 1828 3107 εὑδοκία
1869 3048 1952 3105 καὶ

2042 3045 2128 3106 sic
2162 3044 2600 3135 beneplacitum
2649 3049 2758 3108 fuit
2804 3058 2940 3113 ante
2984 3061 3063 3123 te,
3101 3052 3213 3112 hoc
3245 3060 3358 3132 est,
3409 3053 3515 3113 fuit
3562 3044 3702 3116 talis

306 3143 515 3213 θέλησις
582 3143 795 3224 ἐγένετο
873 3141 1167 3222 ἔμπροσθέν
1252 3163 1370 3221 σου,
1428 3141 1515 3197 καὶ
1572 3139 1738 3204 οὕτως
1796 3138 1954 3219 ἤρεσέ

296 3257 404 3299 σοι,

391 3345 409 3379 I
450 3324 548 3384 Καὶ
601 3324 849 3404 στραφεὶς
893 3324 1026 3401 πρὸς
1070 3322 1191 3387 τοὺς
1234 3322 1498 3397 μαθητὰς,
1566 3323 1688 3377 εἷπε
1714 3336 1729 3351 ⁸
1778 3319 1956 3376 Πάντα

290 3435 391 3489 μοι
426 3411 689 3492 παρεδόθη
754 3414 853 3469 ὑπὸ
896 3419 991 3469 τοῦ
1034 3411 1241 3490 Πατρός
1285 3432 1412 3486 μου.
1486 3412 1585 3468 Καὶ
1644 3408 1811 3472 οὑδεῖς
1865 3432 1957 3487 γι-

291 3503 509 3583 νώσκει,
571 3504 650 3566 τίς
697 3502 845 3559 ἐστιν
890 3504 918 3558 6
951 3503 1092 3576 Υἱὸς,
1155 3502 1201 3557 εἰ
1261 3501 1338 3577 μὴ
1399 3503 1427 3557 6
1484 3502 1692 3581 Πατὴρ,
1737 3502 1824 3556 καὶ
1879 3499 1958 3559 τίς

294 3591 442 3648 ἐστιν
502 3594 531 3648 6
574 3591 784 3671 Πατὴρ,
817 3593 860 3647 εἰ
892 3591 970 3666 μὴ
1002 3594 1030 3647 6
1078 3591 1222 3664 Υἱὸς,
1268 3590 1356 3669 καὶ
1398 3590 1443 3665 ᾧ
1475 3589 1565 3646 ἐὰν
1618 3589 1875 3666 βούληται
1932 3592 1960 3646 6

293 3684 415 3745 Υἱὸς
460 3680 826 3757 ἀποκαλύψαι,
877 3682 976 3739 Καὶ
1028 3680 1272 3760 στραφεὶς
1338 3681 1469 3758 πρὸς
1521 3680 1644 3744 τοὺς
1690 3680 1957 3759 μαθητὰς,

292 3768 415 3828 κατ’
472 3768 602 3828 ἰδίαν
645 3769 771 3827 εἶπε
806 3786 821 3801 ’
860 3769 1120 3849 Μακάριοι
1168 3770 1217 3825 οἱ
1273 3767 1556 3849 ὀφθαλμοὶ,
1592 3771 1639 3826 οἱ
1668 3767 1957 3845 βλέποντες

290 3861 326 3916 ἃ
380 3862 537 3937 ὑμεῖς
589 3857 834 3937 βλέπετε.
896 3858 1051 3935 Λέγω
1100 3858 1201 3937 γὰρ
1230 3858 1385 3933 ὑμῖν,
1416 3857 1495 3914 ὃτι
1525 3854 1715 3914 πολλοὶ
1742 3855 1957 3936 προφῆ-

293 3972 382 4007 ται
444 3952 531 4007 καὶ
581 3948 832 4026 βασιλεῖς
890 3947 1158 4016 ἠθέλησαν
1216 3946 1352 4004 ἷδεῖν
1403 3948 1435 4002 ἃ
1489 3948 1644 4023 ὑμεῖς
1705 3945 1953 4023 βλέπετε,

287 4043 382 4097 καὶ
440 4040 533 4097 οὒκ
603 4037 773 4114 εἶδον,
856 4039 946 4095 καὶ
1002 4037 1226 4095 ἀκοῦσαι
1301 4038 1334 4092 ἃ
1402 4036 1643 4112 ἀκούετε,
1715 4036 1804 4090 καὶ
1861 4036 1957 4091 οὒκ

289 4130 552 4198 ἤκουσαν,
608 4153 629 4185 ι
695 4130 876 4185 Πάντα
929 4124 1299 4207 παραδίδονται
1368 4129 1447 4201 τῷ
1517 4128 1623 4201 Υἶῷ
1691 4126 1793 4181 ὑπὸ
1863 4131 1957 4181 τοῦ

291 4221 526 4298 Πατρὸς,
582 4219 700 4277 καθ’
748 4219 776 4274 ὃ
833 4214 1058 4294 ἔμελλον
1143 4216 1474 4294 ὑποταγῆναι
1554 4220 1631 4289 τῷ
1706 4216 1811 4289 Υἱῴ
1889 4215 1955 4270 τὰ

291 4312 495 4374 πάντα.
556 4310 656 4369 Δύο
701 4311 801 4389 γὰρ
858 4309 1046 4388 τρόποι
1090 4308 1190 4364 εἰσὶ
1231 4304 1348 4363 καθ’
1391 4306 1481 4370 οὒς
1522 4303 1789 4382 βασιλεύει
1845 4309 1954 4360 τῶν

2038 3134 2383 3215 approbatio
2420 3146 2477 3197 et
2502 3137 2706 3198 volitio
2738 3147 2875 3199 ante
2912 3148 2989 3212 te,
3023 3152 3083 3200 et
3111 3141 3198 3200 sic
3233 3141 3452 3218 placuit
3484 3142 3615 3205 tibi.

2119 3312 2302 3377 Vrsas.
2330 3314 2577 3388 23,2244
2602 3317 2675 3378 Et
2695 3335 3018 3378 conversus
3047 3317 3118 3379 ad
3142 3318 3490 3400 discipulos,
3514 3321 3692 3384 dixit:

2040 3400 2254 3466 Omnia
2286 3405 2436 3465 mihi
2457 3406 2673 3467 tradita
2699 3416 2837 3466 sunt
2868 3425 2902 3467 a
2926 3408 3105 3469 Patre
3130 3426 3283 3481 meo,
3310 3418 3368 3469 et
3391 3429 3564 3469 nemo
3584 3413 3699 3473 scit

2042 3495 2176 3570 quis
2206 3494 2280 3554 sit
2310 3493 2491 3555 Filius
2542 3495 2656 3556 nisi
2702 3497 2899 3570 Pater,
2947 3505 3004 3557 et
3057 3496 3189 3576 quis
3235 3501 3309 3558 sit
3366 3503 3536 3560 l’ater
3584 3501 3698 3563 nisi

2043 3582 2249 3658 Filius,
2277 3593 2334 3645 et
2356 3583 2451 3644 cui
2472 3584 2724 3648 voluerit
2758 3585 2941 3647 Filius
2973 3586 3233 3665 aperire.
3272 3588 3345 3649 Et
3374 3606 3697 3652 conversus

2042 3673 2112 3733 ad
2147 3673 2473 3752 discipulos
2496 3674 2980 3747 seorsum,dixit:
3006 3677 3168 3737 Beati
3199 3678 3352 3738 oculi
3377 3678 3697 3758 quivident

2041 3781 2174 3844 quae
2200 3782 2304 3823 vos
2324 3763 2557 3826 videtis.
2596 3765 2738 3826 Dico
2772 3765 2929 3825 enim
2963 3766 3125 3826 vobis
3153 3768 3307 3848 quod
3346 3768 3515 3831 multi
3551 3789 3691 3849 pro-

2041 3853 2237 3933 phetae
2267 3860 2321 3913 et
2345 3871 2514 3931 reges
2538 3854 2855 3915 voluerunt
2879 3855 3081 3916 videre
3104 3874 3233 3935 quae
3253 3875 3354 3918 vos
3375 3859 3605 3935 videtis,
3636 3868 3694 3922 et

2038 3962 2158 4004 non
2191 3941 2502 4004 viderunt:
2539 3952 2598 4003 et
2616 3944 2825 4004 audire
2846 3963 2977 4024 quae
2997 3946 3235 4026 auditis,
3261 3956 3318 4007 et
3340 3967 3456 4008 non
3478 3949 3692 4011 audie-

2039 4041 2196 4093 runt.
2232 4058 2256 4085 ι
2284 4031 2497 4093 Omnia
2528 4034 2845 4095 traduntur
2866 4034 3012 4095 Filio
3036 4054 3069 4095 a
3095 4034 3288 4109 Patre,
3326 4037 3479 4099 sicut
3510 4038 3695 4118 subji-

2036 4121 2251 4184 cienda
2282 4121 2522 4183 fuerunt
2552 4122 2700 4183 Filio
2733 4123 2955 4187 omnia.
3002 4127 3126 4186 Duo
3169 4126 3327 4186 enim
3361 4128 3525 4189 modi
3556 4138 3695 4190 sunt

2036 4210 2247 4291 quibus
2278 4221 2485 4287 regnat
2516 4211 2574 4270 in
2608 4210 2779 4271 nobis
2811 4211 2970 4273 Deus
2997 4234 3011 4275 :
3054 4233 3209 4275 unus
3249 4233 3365 4295 quo
3394 4228 3603 4294 regnat
3631 4218 3691 4278 in

2037 4300 2129 4361 his
2153 4300 2250 4379 qui
2275 4300 2523 4373 nolunt;
2559 4299 2731 4373 alius,
2757 4301 2813 4360 in
2836 4301 3307 4381 hisquivolunt:
3345 4316 3409 4367 ut
3435 4307 3692 4387 exempli

290 4402 509 4459 πάντων
566 4402 594 4456 6
654 4388 783 4462 Θεός
821 4415 834 4428 ·
894 4400 922 4454 6
979 4397 1103 4489 μεν,
1159 4396 1247 4452 καὶ
1296 4397 1375 4472 μὴ
1415 4393 1781 4489 βουλομένων,
1815 4397 1842 4451 6
1873 4391 1949 4489 δέ,

2038 4391 2220 4468 gratia
2250 4390 2387 4468 quid
2420 4388 2635 4459 dicam,
2666 4391 2821 4449 Deus
2840 4389 3130 4451 Dominus
3152 4410 3323 4453 meus
3346 4404 3435 4454 est
3456 4396 3690 4457 etiamsi

292 4489 657 4569 βουλομένων.
719 4487 852 4546 Οἴόν
907 4508 959 4543 τι
1016 4485 1180 4567 λέγω,
1248 4486 1528 4552 Δεσπότης
1564 4484 1703 4541 ἐστὶν
1750 4485 1779 4540 6
1824 4486 1952 4548 Θεὸς

2039 4480 2248 4561 nolim,
2281 4479 2419 4560 quia
2452 4476 2736 4540 Conditor
2767 4497 2935 4540 meus
2966 4488 3077 4540 est.
3104 4481 3208 4541 Est
3240 4489 3435 4542 autem
3468 4483 3686 4545 iterum

293 4581 448 4660 ἐμοῦ,
505 4577 604 4641 κᾶν
658 4579 738 4656 μὴ
815 4576 976 4651 θέλω,
1032 4577 1165 4634 καθὺ
1232 4572 1570 4654 Δημιουργός
1634 4574 1737 4650 μού
1784 4573 1951 4635 ἐστιν,

293 4668 469 4727 ’Ἔστι
528 4667 584 4725 δὲ
631 4668 910 4734 Δεσπότης
969 4666 1098 4743 ἐμὸς
1152 4663 1341 4745 πάλιν,
1400 4663 1527 4720 ὅταν
1584 4664 1667 4719 διὰ
1704 4667 1804 4730 τῆς
1847 4668 1954 4718 τῶν

291 4757 519 4817 ἐντολῶν
602 4757 849 4839 ἐργασίας
925 4758 988 4813 τὸ
1077 4753 1288 4831 θέλημα
1374 4757 1532 4812 αὑτοῦ
1614 4750 1805 4832 πληρῶ
1878 4754 1952 4815 ὡς

290 4848 474 4913 δουλος
533 4848 844 4927 εὒγνώμων.
893 4844 1088 4926 Πρώην
1118 4845 1217 4921 μὲν
1248 4845 1349 4924 γὰρ
1405 4845 1439 4912 ἡ
1498 4842 1603 4900 τῶν
1662 4842 1949 4921 ἀνθρώπων

290 4941 444 5020 φύσις
489 4936 650 5006 δούλη
708 4936 802 5019 ἦν,
855 4937 945 4993 καὶ
1000 4934 1309 5015 ὑποχείριος
1372 4940 1450 5007 τῷ
1512 4937 1649 5006 Θεῷ,
1714 4930 1811 4988 κᾶν
1870 4931 1946 5006 μὴ

291 5026 471 5105 ἤθελε,
525 5026 623 5085 κᾶν
680 5033 757 5102 τῷ
802 5030 1014 5081 Σατανᾶ
1071 5023 1350 5103 ὑπούργει,
1398 5021 1551 5081 Ἐπεὶ
1578 5020 1634 5076 δὲ
1663 5022 1691 5077 6
1724 5022 1945 5098 Χριστὸς

291 5118 384 5174 τὸν
438 5116 567 5197 ὑπὲρ
623 5117 780 5192 ἡμῶν
844 5111 1123 5179 ἀνεδέξατο
1206 5112 1471 5193 πόλεμον,
1532 5112 1620 5168 καὶ
1676 5108 1944 5172 ἔκσπάσας

291 5207 438 5284 ἡμᾶς
506 5206 612 5263 ἀπὸ
689 5211 787 5274 τῆς
843 5201 1142 5284 τυραννίδος
1196 5210 1291 5259 τοῦ
1356 5199 1623 5281 διαϐόλου,
1681 5198 1947 5276 ὑπηρέτας

292 5298 439 5373 ἡμᾶς
494 5298 582 5353 καὶ
636 5296 861 5375 ἐργάτας
944 5299 1049 5349 τῶν
1125 5290 1354 5350 ἐντολῶν
1431 5290 1706 5369 ὶποίησεν,
1766 5288 1947 5344 ἔκτοτε

295 5384 470 5444 δοῦλοι
514 5384 810 5466 γεγόναμεν
864 5382 1196 5464 εύγνώμονες
1264 5382 1354 5439 καὶ
1414 5381 1562 5462 φύσει
1604 5380 1694 5436 καὶ
1751 5400 1946 5457 προλι-

294 5478 451 5557 ρέσει.
519 5469 585 5534 Ἠ
631 5476 731 5553 μὶν
778 5476 879 5554 γὰρ
935 5474 1057 5553 πρὶν
1127 5470 1334 5530 δουλεία
1392 5472 1541 5551 φύσει
1607 5471 1768 5546 μόνον
1853 5468 1943 5543 ἦν,

293 5569 330 5637 ἡ
383 5564 595 5646 δευτέρα
652 5563 731 5641 δὲ,
797 5564 888 5621 καὶ
971 5562 1299 5642 προαιρέσει.
1362 5562 1528 5620 Τοῦτο
1588 5560 1677 5617 οὖν
1720 5557 1862 5614 ἔστιν
1919 5558 1948 5613 ὃ

295 5656 440 5736 λέγει
483 5664 571 5715 νῦν
615 5659 644 5713 6
710 5656 922 5737 Κύριος,
981 5653 1062 5711 ὅτι
1140 5654 1321 5714 Πάντα
1375 5675 1468 5729 μοι
1524 5648 1790 5732 παρεδόθη
1847 5650 1949 5707 ὑπὸ

660 5791 925 5856 Puram“
969 5788 1086 5852 Gn.
1130 5787 1402 5852 CXXIII.

2037 4568 2325 4631 Dominus
2358 4585 2547 4640 meus,
2600 4567 2835 4648 quando
2886 4570 3176 4629 servando
3228 4571 3503 4633 mandata
3532 4574 3686 4655 ejus,

2036 4659 2393 4719 voluntatem
2422 4658 2549 4737 ejus
2572 4656 3024 4736 impleo,gratus
3044 4675 3253 4719 servus
3275 4660 3482 4722 factus.
3517 4662 3688 4723 Prius

2036 4748 2275 4828 quidem
2311 4750 2574 4808 humana
2605 4755 2814 4807 natura
2845 4748 3165 4821 serviebat,
3198 4757 3256 4810 et
3300 4749 3534 4811 subdita
3564 4761 3690 4813 erat

2035 4837 2172 4897 547
2190 4835 2309 4897 Deo
2323 4834 2555 4897 etiamsi
2580 4835 3026 4915 nollet,etiamsi
3046 4835 3276 4899 Satanaa
3294 4837 3684 4902 ministraret.

2034 4929 2164 4989 P051
2177 4944 2354 5006 quam
2369 4925 2841 4987 autemCliristus
2855 4944 2959 5006 pro
2975 4926 3145 4987 nobis
3163 4928 3421 5006 suscepit
3436 4927 3683 5003 bellum,

2031 5026 2089 5079 et
2112 5036 2221 5077 nos
2251 5034 2284 5076 a
2315 5015 2535 5075 diaboli
2563 5016 2877 5094 tyrannide
2896 5016 3525 5091 extractos,ministros
3545 5036 3685 5089 suos

2030 5123 2089 5170 et
2122 5106 2534 5167 mandatorum
2566 5122 2809 5166 suorum
2844 5107 3146 5186 operarios
3178 5107 3341 5176 fecit,
3378 5117 3518 5169 tunc
3547 5108 3686 5169 facti

2032 5215 2235 5258 sumus
2256 5198 2407 5256 servi
2426 5193 2575 5273 grati
2601 5204 2656 5255 et
2676 5204 2883 5256 natura
2907 5204 2964 5256 et
2991 5194 3308 5259 voluntate.
3335 5195 3504 5258 Prior
3523 5197 3681 5259 enim

2031 5286 2285 5349 servitus
2318 5292 2542 5345 natura}
2575 5292 2799 5345 tantum
2845 5294 2999 5366 erat,
3025 5287 3291 5347 secunda
3332 5306 3474 5348 vero
3504 5287 3683 5349 etiam

2032 5374 2373 5440 voluntatis.
2396 5372 2518 5434 Hoc
2542 5372 2720 5451 igitur
2744 5376 3003 5453 estquod
3028 5393 3186 5435 nunc
3202 5375 3346 5436 dicit
3369 5376 3680 5460 Dominus,

2031 5467 2170 5549 quia
2196 5463 2413 5528 Omnia
2460 5462 2602 5523 mihi
2655 5462 2871 5524 tradita
2907 5472 3041 5523 sunt
3086 5481 3119 5522 a
3163 5462 3683 5541 Patre-meo,vhoc

2030 5567 2144 5631 est,
2179 5555 2381 5617 omnia
2411 5552 2558 5613 mihi
2588 5552 2965 5632 subjicienda
2993 5560 3154 5629 sunt,
3187 5560 3247 5614 et
3274 5552 3385 5615 sub
3416 5563 3679 5635 potesta-

2033 5657 2152 5711 tem
2170 5661 2361 5707 meam
2383 5643 2733 5722 redigenda.
2755 5641 2963 5703 Simile
2979 5651 3186 5703 autem
3200 5643 3420 5705 esthoc
3444 5643 3500 5705 ei
3520 5645 3679 5724 quod

3247 5776 3350 5841 27.
