4202 6410
267 475 386 541 815

1038 475 1486 541 ENARRATIO
1534 475 1612 538 IN
1662 475 2168 538 EVANGELIUM
2219 475 2455 537 LUCIE.
2496 507 2576 519 —
2619 472 2783 537 CAP.
2833 473 2908 537 X.

3553 471 3672 537 846

262 618 406 695 μέγα
451 615 772 697 ἐϐρενθύετο.
831 609 985 698 "Op:
1029 616 1083 672 δὲ
1139 617 1239 684 τὴν
1293 613 1387 670 τοῦ
1420 615 1591 690 νόμω
1642 610 1928 692 ἀκρίϐειαν,

2019 616 2404 696 gloriabatur.
2443 618 2593 679 Vide
2623 627 2820 680 autem
2859 626 3082 700 quanto
3113 621 3309 682 studio
3335 621 3542 703 jubeat
3575 626 3666 684 lex

259 714 374 773 πῶς
431 706 634 764 κελεύει
691 697 929 785 ἀγαπᾷν
961 707 1052 763 τὸν
1098 706 1254 764 Θεόν.
1310 697 1368 762 Ὀ
1415 703 1688 783 ἅνθρωπος
1717 700 1922 758 τελειύ-

260 819 410 876 τερον
467 800 582 854 ἐστι
652 797 867 854 πένσων
947 801 1053 854 τῶν
1126 795 1458 874 κτισμάτων,
1515 793 1767 873 μετέχων
1827 791 1924 863 μὲν

261 887 347 942 καὶ
407 888 579 942 αὖτῶν
636 887 873 959 πάντων,
922 884 1067 966 ἔχων
1102 883 1155 941 δέ
1201 907 1250 941 τι
1311 885 1401 941 καὶ
1459 882 1742 962 ἐξαίρετον,
1803 881 1922 937 οἶόν

262 997 310 1032 τι
367 974 511 1056 λέγω
545 991 558 1005 ⁸
610 974 840 1056 Μετέχει
870 977 958 1031 καὶ
1009 982 1102 1032 τοῦ
1153 974 1296 1031 λίθου
1332 990 1346 1004 ⁸
1398 973 1516 1054 ἔχει
1561 973 1660 1050 γὰρ
1702 973 1916 1051 τρίχας,

263 1063 486 1146 ἔπι-ηας,
521 1065 803 1132 ἀνείσθητα
863 1063 1014 1136 ὄντα,
1068 1064 1248 1143 ὥσπερ
1280 1066 1307 1120 ὁ
1337 1062 1500 1128 λίθος.
1552 1062 1783 1141 Μετέχει
1845 1061 1930 1115 καὶ

265 1165 356 1215 τοῦ
408 1165 592 1236 φυτοῦ,
653 1157 784 1212 καθὸ
839 1152 1070 1229 αὒξεται,
1143 1155 1232 1210 καὶ
1283 1153 1550 1233 τρέφεται,
1613 1153 1697 1208 καὶ
1770 1155 1929 1228 γεννᾷ

261 1247 322 1302 τὸ
371 1244 579 1325 ὅμοιον,
657 1245 837 1324 ὥσπερ
887 1245 974 1302 καὶ
1049 1245 1114 1299 τα
1174 1243 1330 1322 φυτά,
1389 1242 1622 1322 Μετέχει
1679 1241 1767 1296 καὶ
1819 1244 1926 1296 τῶν

264 1333 501 1412 ἀλόγων,
553 1337 684 1391 καθὸ
741 1332 860 1413 ἔχει
903 1335 999 1398 τὰς
1051 1334 1340 1404 αὶσθήσεις,
1387 1333 1477 1388 καὶ
1521 1334 1796 1408 θυμουται,
1843 1332 1931 1386 καὶ

264 1423 534 1499 ἐπιθυμεῖ.
603 1423 834 1503 Μετέχει
894 1420 950 1478 δὲ
1007 1424 1098 1478 καὶ
1143 1429 1275 1478 Θεοῦ
1317 1422 1461 1501 παρὰ
1491 1421 1666 1476 πάντα
1695 1420 1762 1476 τά
1791 1417 1926 1475 ἀλλα

261 1520 395 1588 ζῶα,
440 1515 579 1571 κατᾶ
638 1515 736 1581 τὴν
790 1513 974 1592 νοεράν
1029 1514 1238 1592 ψυχήν.
1298 1511 1476 1568 Θέλων
1527 1511 1616 1566 οὖν
1670 1507 1837 1574 δεῖξαι
1899 1511 1926 1564 ὂ

255 1603 453 1680 νόμος,
517 1604 599 1660 ὅτι
655 1602 738 1660 δεῖ
795 1605 886 1659 τὸν
942 1601 1214 1681 ἄνθρωπον
1266 1601 1388 1657 ὅλον
1433 1599 1500 1656 δι’
1544 1598 1669 1656 ὅλου
1715 1600 1920 1672 ἑαυτὸν,

259 1691 434 1752 δοῦναι
501 1696 637 1767 Θεῷ,
704 1694 793 1749 καὶ
851 1690 1024 1756 πάσας
1101 1692 1195 1755 τὰς
1248 1691 1487 1770 ψυχικὰς
1545 1687 1790 1764 δυνάμεις
1849 1689 1922 1750 εἷς

258 1783 360 1850 τὴν
410 1783 624 1861 ἀγαπήν
682 1791 774 1838 τοῦ
826 1788 958 1839 Θεοῦ
1015 1778 1310 1860 ἀναλῶσαι,
1344 1777 1427 1834 διὰ
1472 1779 1569 1852 μὲν
1599 1785 1692 1836 τοῦ
1724 1779 1918 1855 εἰπεῖν,

2009 707 2195 767 Deum
2257 727 2477 768 amare.
2543 707 2730 769 Homo
2785 717 3195 771 creaturarum
3255 713 3522 774 omnium
3578 725 3670 776 est

2009 795 2484 877 perfectissimus
2539 806 2596 858 et
2657 799 2956 877 particeps
3005 809 3232 861 natura:
3282 801 3574 875 omnium,
3611 812 3670 863 et

2010 895 2295 966 prazterea
2331 886 2612 968 quiddam
2658 886 2979 949 sublimius
3012 887 3260 950 habens.
3295 889 3367 953 Et
3408 891 3667 971 exempli

2010 975 2197 1052 gratia
2229 975 2368 1055 quid
2399 975 2590 1036 dicam
2629 996 2641 1037 :
2688 975 2993 1056 Particeps
3026 987 3114 1038 est
3146 987 3370 1040 naturae
3401 980 3613 1061 lapidis
3646 1002 3659 1041 :

2010 1063 2189 1125 habet
2214 1065 2370 1124 enim
2397 1065 2644 1144 capillos
2668 1074 2724 1125 et
2745 1084 2995 1147 ungues,
3021 1087 3152 1148 quae
3185 1069 3482 1132 insensata
3503 1079 3662 1142 sunt,

2010 1155 2510 1234 quemadmodum
2542 1155 2713 1234 lapis.
2741 1153 3042 1236 Particeps
3065 1167 3154 1217 est
3179 1167 3234 1218 ct
3256 1169 3478 1222 natura:
3505 1160 3665 1237 plan-
3699 1173 3702 1176 '

2013 1245 2569 1325 tarum,secundum
2594 1245 2750 1324 quod
2778 1247 2994 1306 crescit
3023 1255 3077 1305 et
3106 1247 3461 1310 nutritur.ac
3485 1251 3669 1329 gignit

2014 1333 2125 1394 sibi
2164 1333 2359 1395 simile
2396 1335 2507 1412 (αλ,
2545 1333 2700 1395 sicut
2740 1342 2797 1394 et
2842 1335 3078 1414 plantae.
3121 1339 3424 1418 Partireps
3471 1349 3561 1402 est
3610 1351 3669 1401 et

2012 1433 2236 1485 naturae
2269 1426 2604 1504 brutnrum,
2630 1426 2962 1485 secundum
2988 1426 3144 1504 quod
3171 1427 3349 1489 habet
3371 1439 3671 1504 sensus,et

2011 1513 2308 1585 irascitur,
2342 1523 2392 1573 et
2447 1512 2838 1593 coticupiscit,
2893 1512 3196 1594 Particeps
3242 1525 3329 1579 est
3377 1528 3572 1580 antem
3607 1527 3668 1582 et

2009 1601 2114 1663 Dei
2142 1603 2306 1682 juxta
2359 1605 2708 1664 rationalem
2762 1602 3048 1678 animam,
3097 1623 3274 1684 supra
3325 1609 3526 1670 omnia
3556 1610 3670 1671 aha

2007 1693 2351 1755 animantia.
2373 1693 2572 1774 Itaque
2605 1695 2695 1753 lex
2727 1694 3047 1754 ostendere
3076 1697 3280 1758 volens
3304 1699 3459 1778 quod
3490 1699 3668 1762 homo

2006 1781 2218 1843 debeat
2242 1801 2373 1844 sese
2408 1792 2590 1844 totum
2619 1782 2854 1844 tradere
2881 1781 3023 1857 Deo,
3056 1793 3116 1844 ot
3146 1805 3358 1848 omnes
3379 1789 3668 1851 animales

261 1873 312 1939 ἐξ
364 1871 498 1940 ὅλης
554 1877 648 1938 τῆς
703 1871 940 1950 καρδίας,
1001 1871 1099 1939 τὴν
1173 1867 1622 1948 σωματικωτέραν
1682 1869 1767 1923 καὶ
1823 1867 1920 1933 τὴν

2013 1871 2252 1933 virtutes
2286 1871 2592 1934 insumere
2635 1871 2694 1932 in
2731 1871 3119 1934 dilectionem
3153 1873 3284 1956 Dei,
3318 1895 3390 1938 eo
3424 1878 3664 1960 quidem

263 1976 382 2026 τοῖς
445 1975 633 2032 φυτοῖς
677 1963 874 2016 οἰκείαν
919 1958 1168 2028 ¹ἐδήλωσε
1213 1956 1451 2032 δύναμιν,
1507 1959 1604 2013 Διά
1633 1955 1688 2012 δὲ
1722 1963 1812 2013 τοῦ
1870 1955 1922 2022 ἐξ

263 2051 400 2120 ὅλης
447 2027 545 2118 τῆς
609 2055 818 2130 ψυχῆς,
879 2050 980 2116 τὴν
1035 2048 1207 2125 μέσην
1270 2049 1358 2104 καὶ
1414 2060 1529 2113 τοῖς
1592 2048 1925 2112 αἱσθητικοῖς

261 2141 615 2219 ἀρμο¹ζουσαν,
684 2141 780 2196 Διά
837 2138 891 2195 δὲ
951 2141 1045 2195 τοῦ
1103 2136 1155 2203 ἐξ
1214 2135 1346 2203 ὅλης
1403 2141 1501 2203 τῆς
1556 2134 1816 2207 διανοίας,
1864 2136 1926 2191 τὸ

259 2230 546 2287 ἰδιαίτατον
612 2236 707 2288 τοῦ
762 2228 1039 2306 ἀνθρώπου
1080 2226 1181 2294 τὴν
1215 2227 1397 2303 νοεράν
1439 2227 1628 2306 ψυχὴν
1676 2226 1924 2300 κατεμή-

262 2342 409 2383 νυσε.
442 2322 513 2378 Τὸ
540 2318 594 2375 δὲ
639 2317 694 2386 ἐξ
723 2317 853 2386 ὅλης
885 2318 981 2386 τῆς
1006 2317 1220 2396 ἰσχύος,
1265 2317 1338 2378 εἷς
1395 2316 1569 2375 πάντα
1620 2323 1784 2372 ταῦτα
1842 2313 1926 2372 δεῖ

262 2413 408 2486 ἡμᾶς
437 2409 634 2468 ἕλκειν.
696 2419 796 2466 Δεῖ
850 2409 951 2487 γὰρ
1000 2409 1142 2482 ἡμᾶς
1193 2407 1281 2462 καὶ
1323 2406 1422 2473 τὴν
1454 2407 1680 2485 φυτικὴν
1709 2403 1925 2480 δύναμιν

262 2506 366 2568 τῆς
427 2505 614 2580 ψυχῆς
659 2499 976 2556 ὑποτάττειν
1000 2502 1068 2574 τῇ
1099 2496 1285 2574 ἀγάπῃ
1335 2502 1427 2552 τοῦ
1460 2502 1705 2575 Χριστοῦ,
1763 2493 1929 2552 Ἀλλά

261 2595 435 2659 πῶς;
509 2589 789 2669 ἰσχυρῶς,
875 2585 1014 2644 ἀλλὰ
1066 2587 1145 2662 μὴ
1203 2583 1592 2659 ἐκλελυμένως,
1658 2586 1755 2644 Καὶ
1833 2585 1930 2653 τὴν

263 2679 603 2759 αἰσθητικὴν,
682 2679 770 2735 καὶ
852 2681 1056 2742 ταύτην
1110 2677 1365 2759 ἰσχυρῷς,
1427 2675 1516 2731 καὶ
1568 2676 1666 2742 τὴν
1723 2674 1930 2754 νοεράν,

263 2769 356 2825 καὶ
387 2753 671 2834 ταύτηείέξ
701 2765 832 2833 ὅλης
865 2767 963 2832 τῆς
1006 2753 1221 2844 ἰσχύος,
1245 2753 1447 2820 "uete
1506 2761 1660 2828 ὅλους
1717 2753 1934 2821 ἑαυτοὺς

266 2856 550 2937 ὀφείλομεν
628 2853 822 2912 διδόναι
905 2860 1042 2928 Θεῷ,
1123 2855 1212 2911 καὶ
1287 2854 1623 2933 ὑποτάττειν,
1686 2854 1774 2910 καὶ
1831 2855 1931 2920 τὴν

2011 1960 2166 2040 quod
2202 1960 2368 2029 dixit.
2405 1980 2472 2022 ex
2526 1969 2645 2022 toto
2678 1960 2883 2040 corde,
2920 1962 3276 2024 Crassiorem
3333 1980 3392 2026 et
3455 1966 3669 2047 plantis

2014 2049 2312 2130 prepriam
2340 2051 2665 2112 declaravit
2707 2051 2983 2111 virtutem
3067 2052 3333 2115 Dtcendo
3365 2066 3562 2119 autem
3597 2076 3668 2118 ex

2015 2148 2130 2199 tota
2153 2139 2372 2219 anima,
2399 2139 2654 2201 mediam
2681 2140 2962 2211 ostendit,
2992 2147 3319 2203 etsensatis
3340 2164 3665 2224 congruen-

2013 2237 2153 2289 tem.
2196 2232 2310 2291 Per
2360 2230 2470 2290 hoc
2509 2238 2706 2290 autem
2756 2229 2912 2309 quod
2953 2229 3118 2300 dicit,
3164 2250 3232 2291 ex
3276 2242 3392 2294 tota
3445 2245 3665 2307 mente,

2010 2317 2234 2379 homini
2261 2319 2514 2378 maxime
2538 2319 2832 2397 propriam
2862 2317 2974 2379 vim
3003 2319 3381 2400 significavit,
3406 2325 3666 2386 animam

2010 2407 2383 2468 rationalem.
2438 2411 2618 2469 Porro
2649 2408 2802 2488 quod
2836 2408 3006 2490 dicit,
3043 2430 3109 2470 ex
3148 2418 3264 2472 tota
3298 2413 3667 2485 fortitudine,

2015 2496 2085 2557 ad
2121 2498 2316 2558 omnia
2353 2499 2477 2558 haec
2533 2498 2910 2562 trahendum.
2959 2497 3206 2580 Oportet
3247 2503 3404 2563 enim
3458 2524 3563 2565 nos
3616 2515 3672 2566 et

2017 2588 2343 2647 naturale-ni
2380 2607 2447 2648 ac
2498 2587 2882 2666 vegetativam
2923 2589 3200 2650 virtutem
3247 2592 3544 2672 subjicere
3573 2595 3671 2656 di-

2021 2675 2258 2736 lectioni
2292 2677 2534 2740 Christi.
2587 2677 2705 2737 Sed
2755 2679 3105 2757 quomodo?
3137 2679 3396 2742 Fortiter
3440 2691 3498 2743 et
3553 2703 3670 2745 non

2022 2765 2333 2829 dissolute.
2358 2765 2430 2826 Et
2459 2767 2825 2839 sensitivam,
2861 2775 3035 2847 atque
3069 2769 3227 2829 illam
3262 2770 3506 2832 fortiter.
3551 2773 3672 2834 De-

2017 2855 2193 2934 nique
2226 2865 2279 2916 et
2309 2856 2682 2925 rationalem,
2730 2869 2908 2936 atque
2956 2858 3115 2918 illam
3164 2877 3230 2919 ex
3284 2867 3402 2920 tota
3433 2861 3669 2925 virtute.

263 2947 578 3026 θρεπτικὴν,
663 2947 750 3000 καὶ
830 2944 928 3012 τὴν
1013 2942 1327 3010 αἰσθητικὴν
1409 2944 1496 3000 καὶ
1581 2941 1928 3010 διανοητικὴν

2013 2947 2204 3023 Atque
2238 2944 2315 3004 ita
2351 2943 2643 3006 debemus
2674 2964 2783 3006 nos
2808 2959 2958 3009 totos
2992 2948 3136 3008 dare
3161 2951 3304 3022 Deo,
3333 2949 3674 3030 subjicere-

262 3039 419 3112 ἡμῶν
471 3034 687 3111 δύναμιν
745 3040 811 3111 τῇ
863 3033 1048 3113 ἀγάπῃ
1098 3042 1189 3090 τοῦ
1247 3039 1400 3090 Θεοῦ.
1433 3033 1540 3092 Καὶ
1569 3033 1660 3088 τὸν
1698 3032 1926 3099 πλησίον

2013 3051 2127 3112 quc
2165 3045 2221 3093 et
2278 3034 2643 3114 nutritivam,
2700 3043 2755 3095 et
2804 3037 3169 3110 sensitivam,
3224 3049 3281 3098 et
3328 3041 3674 3104 rationalem

266 3149 359 3182 σου
402 3128 475 3191 ὡς
536 3124 777 3186 σεαυτόν,
827 3115 884 3180 Ὀ
944 3123 1106 3197 νόμος
1164 3121 1315 3178 οὔπω
1370 3123 1438 3178 τὰ
1495 3121 1674 3178 τέλεια
1701 3120 1926 3197 δυνάμε-

2013 3131 2274 3183 nostram
2336 3124 2610 3184 virtutem
2673 3124 2975 3185 dilectioni
3025 3126 3156 3190 Dei.
3217 3126 3287 3188 Et
3340 3131 3675 3210 proximum

270 3237 358 3278 νος
422 3214 685 3272 διδάσκειν
737 3212 822 3269 δια
875 3215 936 3269 τ),
994 3208 1260 3280 νηπιῶδες
1311 3215 1416 3268 τῶν
1463 3211 1785 3279 ἀκουόντων,
1833 3213 1924 3267 τὸν

2015 3225 2175 3272 tnnm
2209 3212 2362 3272 sicut
2395 3213 2672 3291 teipsum.
2712 3213 2825 3274 Lex
2859 3216 3123 3276 nondum
3173 3208 3378 3282 valens
3412 3221 3676 3299 perfecta

266 3306 500 3372 πλησίον
556 3305 768 3382 ἀγαπᾷν
824 3303 1176 3382 προτρέπεται
1220 3303 1294 3365 ὡς
1345 3301 1553 3362 ἑαυτόν,
1593 3292 1650 3358 ’0
1695 3299 1750 3356 δὲ
1800 3309 1936 3376 Χρι-

260 3397 398 3459 στὸς
453 3396 543 3451 καὶ
597 3393 727 3472 ὑπὲρ
787 3393 970 3448 ἑαυτὸν
1027 3391 1240 3469 ἀγαπᾷν
1293 3391 1384 3446 τὸν
1444 3388 1672 3457 πλησίον
1717 3389 1932 3459 ἐδίδαξε

273 3486 503 3557 Μείζονα
559 3485 659 3563 γὰρ
736 3484 934 3548 ταύτης
1001 3482 1243 3560 ἀγάπην,
1303 3482 1456 3561 φησὶ,
1517 3482 1611 3538 οὐκ
1681 3480 1798 3561 ἔχει
1855 3505 1937 3545 τις

269 3574 466 3642 δεῖξαι,
529 3573 565 3642 ἢ
621 3573 714 3631 ἵνα
745 3596 824 3635 τις
856 3578 954 3638 τὴν
1005 3572 1195 3651 ψυχὴν
1239 3573 1396 3631 αὗτοῦ
1453 3574 1519 3648 θῇ
1548 3572 1678 3649 ὑπὲρ
1709 3574 1814 3627 τῶν
1843 3572 1931 3652 φί-

270 3665 383 3722 λων
442 3664 622 3723 αὒτοῦ.
661 3663 816 3742 Λέγει
849 3663 937 3719 οὖν
968 3663 1100 3740 πρὸς
1132 3663 1224 3718 τὸν
1249 3658 1470 3736 νομικόν
1505 3681 1520 3694 ⁶
1570 3661 1767 3739 Ὀρθῶς
1796 3662 1933 3717 ἀπε-

264 3756 483 3836 κρίθης.
549 3753 699 3810 Ἐπεὶ
755 3754 879 3832 γὰρ,
941 3753 1124 3832 φησὶν,
1186 3750 1260 3807 ἔτι
1320 3757 1397 3824 τῷ
1454 3750 1601 3826 νόμῳ
1655 3750 1934 3810 ὺπύκεισαι

265 3847 436 3924 ὀρθῶς
466 3842 723 3922 ἀποκρινῃ
755 3861 769 3876 ⁸
803 3843 939 3898 κατά
981 3843 1073 3898 τὸν
1119 3839 1280 3916 νόμον
1323 3841 1422 3919 γὰρ
1451 3852 1689 3919 φρονεῖς.

357 4046 380 4076 ι
451 4013 507 4080 Ὀ
567 4020 621 4078 δὲ
682 4019 849 4078 θέλων
911 4019 1145 4078 δικαιοῦν
1203 4020 1412 4092 ἑαυτὸν,
1477 4018 1604 4076 εἶπε
1665 4019 1796 4097 πρὸς
1840 4019 1933 4074 τοι

260 4115 504 4180 Ἰησων·
555 4113 654 4171 Καὶ
685 4112 762 4176 τίς
799 4109 906 4165 ἐστι
954 4133 1055 4186 μου
1114 4107 1388 4183 πλησίον;
1450 4098 1762 4165 ’Υπολαιϐὼν
1909 4114 1936 4168 δ

262 4203 506 4274 Ἰησοῦς,
591 4200 747 4258 εἶπεν
784 4220 799 4235 ·
895 4190 1188 4276 ’Ἃνρωπός
1274 4222 1355 4264 τις
1442 4195 1748 4254 κατέϐαινεν
1829 4195 1936 4253 ἀπὸ

264 4283 622 4368 Ἰερουσαλὴμ
681 4292 754 4354 εἷς
817 4280 1051 4370 Ἰεριχὼ,
1128 4290 1216 4346 καὶ
1301 4287 1530 4365 λῃσταῖς
1591 4287 1934 4366 περιέπεσεν,

264 4395 327 4439 οῖ
392 4383 481 4437 καὶ
540 4378 849 4441 ἐκδύσαντες
908 4379 1088 4452 αὑτὸν,
1170 4379 1260 4434 καὶ
1330 4376 1546 4456 πληγὰς
1605 4374 1929 4455 περιθέντες,

266 4469 539 4546 ἀπῆλθον,
602 4467 824 4550 ἀφέντες
879 4469 1117 4544 ἡμιθανῆ
1179 4467 1540 4546 τυγχάνοντα.
1608 4465 1753 4523 Κατὰ
1809 4485 1932 4542 συγ-

265 4560 451 4640 κυρίαν
511 4558 564 4615 δὲ
615 4559 779 4639 ἱερεύς
840 4577 922 4621 τις
980 4553 1289 4613 κατέϐαινεν
1349 4555 1402 4613 ἐν
1455 4561 1524 4633 τῇ
1567 4553 1672 4628 ὁδῷ
1726 4555 1926 4631 ἐκείνῃ,

264 4635 358 4706 καὶ
413 4646 536 4706 ἰδὼν
594 4635 750 4706 αὑτὸν
793 4644 1208 4724 ἀντιπαρῆλθεν.
1257 4635 1486 4721 Ὀμοίως
1539 4643 1594 4701 δὲ
1650 4645 1739 4700 καὶ
1772 4643 1930 4699 Λευί-

259 4760 367 4806 της
425 4738 712 4817 γενόμενος
769 4736 908 4794 κατᾶ
942 4737 1036 4793 τὸν
1085 4757 1251 4792 τοπον
1280 4733 1470 4814 ἐλθὼν,
1505 4735 1593 4790 καὶ
1622 4730 1744 4789 ἰδὼν
1775 4732 1932 4789 αὑτὸν

263 4826 653 4908 ἀντιπαρῆλθε.
719 4825 1061 4905 Σαμαρείτης
1118 4823 1173 4881 δὲ
1226 4822 1420 4881 ὁδεύων
1490 4822 1618 4891 ἦλθε
1659 4819 1780 4881 κατ’
1837 4823 1929 4878 αὖ·

260 4921 385 4998 τὸν,
436 4919 526 4975 καὶ
581 4916 705 4974 ἰδὼν
764 4914 1192 4995 ἐσπλαγχνίσθη,
1261 4915 1352 4971 καὶ
1406 4911 1709 4992 προσελθὼν
1765 4912 1934 4969 κατέ-

263 5006 400 5075 δησε
443 5009 511 5064 τὰ
568 5007 843 5085 τραύματα
882 5006 1064 5080 αὑτοῦ,
1119 5002 1360 5084 ἐπιχέων
1391 5002 1568 5060 ἔλαιον
1615 5003 1702 5058 καὶ
1756 5002 1931 5058 οἶνον.

264 5095 563 5163 Ἐπιϐάσας
622 5095 676 5153 δὲ
762 5097 920 5155 αὒτὸν
977 5093 1064 5152 ἐπὶ
1145 5096 1208 5151 τὸ
1268 5091 1412 5151 ἴδιον
1455 5095 1670 5165 κτῆνος,
1731 5090 1933 5170 ἤγαγεν

266 5188 429 5245 αὗτὸν
490 5191 561 5252 εἰς
605 5185 960 5266 πανδοχεῖον,
1015 5187 1104 5241 καὶ
1147 5183 1455 5260 ἐπεμελήθη
1486 5185 1668 5244 αὐτοῦ.
1705 5183 1804 5240 Καὶ
1847 5181 1934 5238 ἐπὶ

264 5278 373 5346 τὴν
422 5278 599 5357 αὔριον
644 5274 890 5348 ἐξελθὼν,
937 5271 1178 5331 ἐκϐαλὼν
1225 5271 1315 5330 δύο
1357 5270 1578 5343 δηνάρια
1634 5270 1796 5328 ἔδωκε
1853 5276 1932 5344 τῷ

265 5365 563 5448 πανδοχεῖ,
621 5367 710 5422 καὶ
769 5368 924 5421 εἶπεν
981 5365 1122 5437 αὺτῷ
1153 5379 1169 5395 ⁸
1226 5361 1615 5438 Ἐπιμελήθητι
1646 5362 1802 5418 αὒτοῦ
1841 5361 1930 5416 καὶ

264 5457 304 5514 ὅ
356 5480 407 5514 τι
466 5458 528 5512 ἃν
583 5452 1056 5536 προσδαπανήσῃς,
1123 5453 1231 5532 ἐγὼ
1286 5451 1342 5508 ἐν
1407 5456 1485 5525 τῷ
1544 5450 1930 5530 ἐπανέρχεσθαί

264 5567 363 5623 με,
422 5544 686 5603 ἀποδώσω
743 5565 848 5602 σοι,
885 5545 974 5606 Τίς
1019 5542 1108 5599 οὖν
1155 5549 1263 5598 τῶν
1311 5548 1471 5622 τριῶν
1503 5539 1728 5608 πλησίον
1778 5539 1928 5598 δοκεῖ

260 5622 356 5693 σοι
418 5633 695 5716 γεγονέναι
751 5642 846 5692 τοῦ
898 5631 1221 5708 ἐμπεσόντος
1279 5633 1352 5695 είς
1401 5632 1524 5696 τοὺς
1577 5628 1780 5707 λῃστάς
1815 5650 1831 5708 ;
1868 5622 1924 5688 Ὀ

347 5807 431 5890 (a)
465 5803 624 5868 Edit.
660 5805 769 5867 Lut
819 5819 942 5864 non
974 5802 1176 5877 habet,
1211 5817 1282 5864 ac
1312 5801 1516 5882 gignit
1545 5800 1664 5863 sibi
1690 5799 1911 5863 simile.

2021 3301 2236 3362 docere
2255 3301 2328 3360 ob
2350 3301 2624 3362 auditura
2639 3322 2690 3361 m
2728 3305 3154 3388 puerilitatmu,
3187 3330 3197 3382 ι
3226 3311 3520 3371 roximum
3544 3312 3675 3374 dili-

2022 3410 2162 3470 gere
2195 3391 2465 3452 hortatur
2495 3399 2559 3452 ut
2588 3393 2874 3472 seipsum.
2911 3397 3178 3457 Christus
3197 3408 3392 3459 autem
3438 3411 3496 3462 et
3538 3402 3672 3482 plu-

2021 3499 2226 3560 squam
2253 3479 2515 3559 seipsum
2531 3481 2778 3560 diligere
2807 3504 2818 3551 ε
2844 3484 3075 3544 roximu
3093 3502 3138 3546 tn
3160 3479 3672 3568 docuit.llrlajorem

2022 3570 2181 3632 enim
2216 3571 2324 3630 hac
2358 3571 2761 3639 dilectionem.
2794 3573 3006 3653 inquit,
3043 3593 3218 3637 nemo
3243 3577 3530 3641 exhibere
3563 3600 3673 3660 po-

2020 3667 2156 3734 test,
2187 3678 2364 3737 quam
2399 3669 2462 3720 ut
2490 3660 2748 3720 animam
2777 3680 2942 3723 suam
2969 3673 3145 3743 ponat
3172 3668 3305 3745 quis
3339 3687 3443 3746 pro
3465 3670 3675 3732 amicis

2019 3750 2163 3839 suis.
2201 3748 2353 3839 Dicit
2401 3749 2580 3839 igitur
2613 3750 2684 3810 ad
2722 3751 3153 3831 legisperitnm,
3185 3756 3367 3817 lit-etc
3417 3777 3672 3839 respon-

2019 3838 2198 3898 disti.
2218 3838 2365 3940 Quia
2389 3838 2798 3940 etiitn,ldicere
2827 3842 2977 3940 vult,
3014 3842 3127 3922 legi
3160 3845 3674 3940 adhucsubjectus

2018 3937 2117 4008 es,
2131 3929 2302 4008 recte
2325 3919 2722 3999 respondisti;
2751 3921 2920 3999 juxta
2952 3919 3143 4002 legem
3182 3926 3340 3987 enim
3369 3919 3548 4008 sapis.

2099 4006 2282 4070 Vens.
2311 4010 2516 4070 139-37.
2555 4036 2577 4062 α
2617 4009 2719 4070 ll'e
2741 4020 2942 4072 autem
2967 4006 3529 4093 volensjustificare
3550 4020 3672 4080 8(ιὶ-

2019 4097 2540 4187 seipsum,dixitad
2559 4102 2783 4159 .lesum:
2806 4100 2874 4160 Et
2891 4102 3024 4180 quis
3041 4114 3130 4164 est
3149 4123 3313 4165 meus
3332 4109 3673 4187 proximus?

2020 4186 2413 4267 Respondeas
2433 4199 2629 4250 autem
2659 4191 3030 4269 Jesus,dixit:
3064 4192 3251 4254 Homo
3277 4186 3516 4275 quidam
3541 4199 3672 4259 des-

2019 4276 2310 4338 cendebat
2340 4279 2412 4337 ab
2445 4277 2870 4358 Hierosolymis
2917 4280 2976 4339 in
3032 4280 3339 4357 Hiericho,
3376 4294 3434 4345 et
3464 4287 3673 4350 incidit

2017 4366 2075 4427 in
2105 4367 2696 4457 latrones,qui_etiam
2723 4369 3206 4448 despoliaverunt
3229 4391 3363 4433 eum
3385 4377 3667 4457 vestibus,

2015 4475 2082 4516 ac
2116 4456 2458 4516 vulneribus
2509 4455 2748 4516 inﬂictis
2788 4457 3063 4518 abierunt
3115 4461 3499 4525 semimortua
3531 4455 3672 4528 549

1957 4521 2238 4606 Drelicto.
2279 4544 2510 4605 Accidit
2539 4555 2734 4606 autem
2770 4554 2830 4606 ut
2861 4549 3140 4608 sacerdos
3158 4550 3396 4628 quidam
3422 4553 3670 4616 descen-

2016 4635 2185 4696 deret
2212 4635 2421 4696 eadem
2454 4638 2565 4708 via,
2601 4636 2843 4716 visoque
2896 4636 2996 4696 illo
3034 4639 3337 4717 praeteriit.
3383 4641 3674 4706 Similiter

2019 4733 2078 4787 et
2111 4726 2310 4787 Levita
2339 4744 2473 4785 cum
2522 4725 2631 4784 iret
2655 4725 2823 4802 juxta
2867 4725 3087 4794 locum,
3133 4745 3200 4788 ac
3233 4730 3472 4793 vidisset
3505 4751 3666 4808 eum,

2020 4815 2328 4896 praeteriit.
2359 4815 2771 4875 Samaritanus
2795 4825 2988 4876 autem
3014 4817 3252 4896 quidam
3286 4819 3398 4880 iter
3422 4821 3666 4897 faciens,

2019 4906 2176 4968 venit
2201 4906 2274 4966 ad
2301 4924 2434 4966 eum
2464 4926 2476 4967 :
2513 4914 2570 4965 et
2600 4904 2722 4965 visu
2756 4924 2848 4978 eo,
2878 4905 3290 4968 misericordia
3318 4921 3515 4972 motus
3548 4921 3663 4986 est,

2020 5003 2079 5056 et
2097 4995 2392 5057 accedens
2417 4995 2674 5071 alligavit
2697 4994 2938 5057 vulnera
2963 4995 3445 5074 ejus,intun.lens
3469 5000 3665 5063 oleum

2017 5105 2086 5146 ac
2117 5084 2356 5146 vinum:
2395 5094 2452 5145 et
2483 5084 2798 5164 imponens
2829 5085 2991 5145 illum
3017 5085 3077 5146 in
3096 5105 3268 5147 suum
3295 5089 3662 5168 jumentum,

2017 5177 2183 5238 duxit
2206 5175 2262 5236 in
2289 5175 2992 5247 diversurium,etcuram
3018 5177 3146 5254 ejus
3169 5177 3307 5255 egit.
3332 5181 3400 5238 Et
3429 5190 3665 5259 postero

2015 5266 2112 5328 die
2153 5266 2487 5344 egrediens,
2542 5265 2931 5346 depromptos
2979 5265 3132 5327 duos
3179 5269 3455 5329 denarios
3506 5271 3670 5342 dedit

2013 5357 2320 5437 hospiti,et
2341 5356 2418 5414 ait
2439 5354 2526 5417 ei:
2561 5360 2769 5417 Curam
2796 5355 2957 5417 illius
2980 5355 3163 5430 habe;
3186 5365 3244 5416 et
3268 5359 3666 5442 quodcunque

2015 5460 2298 5527 praeterea
2315 5445 2848 5525 insumpseris,ego
2865 5464 2994 5506 cum
3014 5446 3253 5508 rediero
3272 5448 3514 5509 reddam
3533 5451 3660 5514 tibi.

2011 5536 2153 5610 Quis
2177 5556 2315 5615 ergo
2341 5539 2550 5597 horum
2569 5536 2743 5597 trium
2769 5536 3002 5597 videtur
3027 5536 3130 5597 tibi
3156 5539 3459 5617 proximus
3481 5539 3666 5604 fuisse

2009 5628 2095 5689 illi
2119 5627 2218 5707 qui
2251 5626 2464 5690 incidit
2487 5629 2546 5687 in
2581 5628 2884 5689 latrones?
2914 5626 2988 5688 At
3023 5627 3124 5687 ille
3145 5628 3320 5688 dixit:
3355 5628 3466 5699 Qui
3497 5647 3663 5694 exi-r-
