4202 6408
559 477 677 543 847

1541 470 2135 541 THEOPHYLACTI
2176 469 2592 538 BULGARI/E
2634 476 2993 540 ARCHIEP.

3842 479 3971 545 848

561 620 685 683 cuit
719 618 1189 681 misericordiam
1224 618 1283 679 in
1317 618 1510 680 illum.
1544 619 1642 681 Ait
1672 620 1850 699 igitur
1878 618 1965 680 illi
1994 620 2199 682 Jesus:

2296 601 2349 660 δὲ
2394 608 2549 665 εἶπεν
2581 624 2594 638 ’
2630 600 2686 668 Ὀ
2731 612 2962 681 ποιήσας
2998 614 3059 668 τὸ
3106 611 3251 677 ἕλεος
3284 614 3401 688 μετ’
3448 618 3627 675 αὐτοῦ.
3664 614 3835 672 Εἶπεν
3863 615 3956 670 οῦν

560 709 744 783 Vade,
779 716 836 769 et
868 716 925 768 tu
960 708 1051 768 fac
1085 708 1382 771 similiter.
1424 738 1443 762 ιι
1490 710 1785 771 Laudatus
1834 728 1867 769 a
1916 706 2217 770 Salvatore

558 797 1624 877 legisperitus,prodiditinsolentiam
1649 796 2213 859 animi.Dixitenim:

558 890 629 950 Et
660 887 797 965 quis
828 894 921 948 est
953 905 1123 947 meus
1153 886 1507 966 proximus?
1536 886 1925 951 Existimabat
1962 887 2123 949 enim
2156 904 2219 945 se

550 976 779 1055 justum
825 995 979 1050 esse,
1017 976 1367 1056 nullumque
1418 977 1640 1039 habere
1689 977 1803 1038 sibi
1852 976 2108 1037 similem
2163 982 2221 1035 et

557 1066 893 1145 proximum
916 1065 1132 1128 virtute
1159 1087 1176 1127 :
1212 1075 1423 1146 putans
1448 1067 1641 1128 solum
1655 1068 1881 1147 justum
1900 1066 2059 1146 justo
2086 1083 2219 1145 pro-

498 1150 507 1155 ’
560 1156 785 1215 ximum
815 1174 976 1217 esse.
1002 1155 1266 1218 Proinde
1284 1156 1488 1217 volens
1504 1158 1835 1236 justiﬁcare
1856 1157 2143 1237 seipsum,
2162 1163 2219 1215 et

560 1244 767 1307 extolli
799 1264 982 1325 super
1004 1264 1213 1307 omnes
1236 1246 1533 1321 homines,
1560 1246 1953 1321 insolescens,
1983 1244 2175 1325 inquit
2201 1266 2213 1307 :

557 1334 632 1394 Et
661 1334 793 1413 quis
826 1343 917 1395 est
947 1334 1251 1414 proximus
1274 1354 1440 1395 meus
1462 1335 1493 1394 ἱ)
1522 1334 1798 1398 Salvator
1829 1345 2049 1409 autem,
2078 1354 2221 1414 quo-

560 1422 719 1483 niam
747 1422 1032 1485 Conditor
1062 1424 1193 1503 ipse
1231 1434 1375 1498 erat,
1412 1426 1611 1487 sciens
1657 1444 1765 1486 nos
1797 1443 2005 1486 omnes
2038 1441 2214 1484 unam

554 1523 910 1584 creaturam,
948 1535 1065 1577 non
1111 1516 1394 1596 operibus
1440 1537 1633 1598 neque
1666 1517 2077 1596 dignitatibus,
2109 1517 2212 1579 sed

555 1613 764 1666 natura
795 1605 1002 1666 deﬁnit
1033 1607 1399 1686 proximum.
1450 1606 1536 1668 Ne
1568 1608 1751 1685 igitur
1774 1617 1964 1688 putes,
1997 1607 2209 1687 inquit,

554 1698 690 1776 quia
713 1699 909 1776 justus
940 1714 1025 1769 es,
1057 1696 1212 1777 quod
1246 1698 1444 1759 nullus
1480 1697 1580 1759 tibi
1614 1699 1825 1760 similis
1857 1700 1951 1761 sit.
1991 1695 2213 1760 Omnes

552 1785 713 1848 enim
748 1786 850 1865 qui
882 1786 1153 1865 ejusdem
1183 1796 1408 1848 naturae
1437 1797 1597 1869 sunt,
1637 1788 1889 1869 proximi
1923 1788 2006 1849 tui
2047 1796 2208 1850 sunt.

2301 701 2444 771 αὐτῷ
2500 702 2527 753 ὁ
2586 696 2791 767 Ἰησοῦς
2828 719 2841 733 ·
2907 702 3163 782 Πορεύου,
3222 707 3308 759 καὶ
3368 706 3429 758 σὺ
3476 708 3611 761 ποίει
3669 706 3892 779 ὁμοίως,
3938 728 3968 758 ιι

2304 787 2629 854 Ἐπαινεθεὶς
2683 792 2784 847 ὑπὸ
2842 799 2936 848 τοῦ
2993 798 3246 872 Σωτῆρος
3300 796 3327 849 ὁ
3387 797 3629 869 νομικὸς,
3686 795 3781 862 τὴν
3824 794 3973 850 601-

2301 878 2502 947 ζονείαν
2532 877 2823 958 ἐξέρρηξεν.
2874 885 3011 938 Εἷπε
3055 884 3155 961 γάρ
3195 903 3205 914 ·
3260 885 3353 940 Καὶ
3388 885 3465 949 τίς
3511 886 3623 941 ἐστί
3665 908 3766 957 μου
3812 884 3967 951 πλη-

2303 968 2414 1022 σίον
2447 990 2463 1039 ;
2511 968 2693 1050 ’¹ῼετο
2724 971 2824 1049 γὰρ
2854 970 2934 1026 ὅτι
2987 969 3188 1035 δίκαιος
3240 974 3338 1043 ὢν,
3374 972 3558 1030 οὐδένα
3584 973 3732 1052 ἔχειν
3777 973 3969 1049 ὅμοιον

2302 1056 2496 1137 ἑαυτῷ,
2560 1060 2647 1115 καὶ
2694 1058 3058 1131 πλησιάζοντα
3114 1062 3250 1118 κατά
3320 1063 3417 1130 τὴν
3462 1064 3678 1141 ἀρετήν.
3729 1062 3969 1131 Πλησίον

2301 1147 2401 1225 γὰρ
2464 1150 2625 1223 μόνον
2713 1148 2932 1221 ἤλπιζεν
3013 1154 3155 1206 εἶναι
3216 1153 3307 1207 τὸν
3371 1151 3569 1210 δίκαιον
3620 1161 3697 1227 τῷ
3751 1152 3961 1228 δικαίῳ.

2302 1236 2479 1293 Θὲλων
2536 1238 2623 1294 οὖν
2701 1238 2933 1297 δικαιοῦν
3018 1241 3201 1298 ἑαυτὸν
3258 1244 3343 1297 καὶ
3398 1243 3691 1323 ὑπεραίρειν
3747 1244 3969 1300 πάντων

2303 1327 2634 1410 ἀνθρώπων,
2669 1328 3119 1404 ἀλαζονευόμενός
3165 1346 3343 1410 φησι·
3404 1334 3502 1389 Καὶ
3557 1334 3633 1396 τίς
3693 1333 3803 1389 ἐστί
3861 1355 3970 1408 μου

2625 1409 2637 1428 ι
2730 1417 2769 1435 ou
2956 1422 2970 1441 κ
3084 1420 3106 1439 η
3180 1409 3246 1439 Vn
3471 1423 3483 1439 κ
3571 1424 3591 1439 n
3837 1420 3912 1442 ’κς

2301 1416 2533 1484 πλησιον
2569 1436 2585 1493 ;
2642 1427 2681 1474 0
2725 1434 2779 1473 οε
2826 1426 3038 1499 Σωτηρ,
3070 1442 3163 1476 ατε
3194 1440 3258 1487 οη
3292 1427 3529 1489 Ποιητης
3560 1446 3656 1497 ων,
3691 1426 3778 1480 καὶ
3808 1442 3964 1485 ειοως

2298 1507 2504 1569 πάντας
2562 1506 2618 1561 ἓν
2668 1506 2914 1583 πλάσμα,
2975 1514 3035 1567 οὔ
3112 1523 3232 1572 ταῖς
3321 1509 3591 1589 πράξεσιν,
3668 1509 3785 1568 οὐδὲ
3838 1526 3964 1573 τοῖς

2299 1595 2614 1672 ἀξιώμασιν,
2651 1595 2787 1653 ἀλλά
2834 1604 2901 1675 τῇ
2946 1600 3097 1678 φύσει
3155 1600 3387 1677 ὁρίζεται
3438 1602 3527 1657 τὸν
3573 1600 3822 1668 πὶησίον.
3872 1602 3966 1667 Μὴ

2297 1686 2397 1764 γὰρ
2454 1685 2655 1761 νόμιζε,
2718 1688 2897 1767 φησὶν.
2959 1687 3039 1743 ὅτι
3082 1686 3267 1756 ἐπειδὴ
3315 1686 3513 1752 δίκαιος
3548 1693 3623 1764 εἷ,
3657 1688 3821 1753 οὐδείς
3880 1693 3968 1747 σοί

2299 1776 2440 1831 ἐστιν
2486 1774 2693 1850 ὅμοιος,
2747 1777 2943 1842 Πάντες
3003 1780 3103 1856 γὰρ
3163 1780 3209 1835 οἱ
3269 1784 3369 1845 τῆς
3428 1783 3592 1846 αὐτῆς
3649 1781 3855 1859 φύσεως
3897 1801 3962 1835 γε

550 1873 644 1937 Sis
674 1874 855 1954 igitur
874 1874 1135 1935 vicissim
1168 1883 1226 1937 et
1271 1884 1332 1937 tu
1363 1875 1481 1937 illis
1512 1865 1821 1955 prosimus
1850 1899 1863 1940 :
1901 1896 2018 1938 non
2053 1876 2199 1938 loco.

2296 1865 2686 1932 κοινωνηκότες
2773 1865 3001 1932 πλησίον
3080 1868 3175 1923 σού
3231 1870 3354 1929 εἰσι,
3420 1875 3580 1925 Γενοῦ
3634 1870 3803 1928 τοίνυν
3868 1872 3965 1926 καὶ

551 1964 657 2027 sed
685 1965 1000 2027 affectione
1026 1974 1085 2027 et
1100 1966 1295 2028 studio
1321 1986 1461 2046 erga
1481 1967 1639 2028 illos.
1668 1966 1899 2029 Idcirco
1922 1976 1978 2028 et
2000 1965 2209 2029 Sama-

551 2055 813 2117 ritanum
846 2055 1171 2117 introducit
1200 2056 1263 2117 in
1296 2057 1662 2138 exemplum,
1699 2064 1763 2120 ut
1787 2057 1894 2118 tibi
1921 2064 2213 2118 monstret

541 2145 701 2224 quod
732 2145 871 2207 licet
902 2144 995 2205 hic
1028 2146 1143 2206 vita
1161 2146 1562 2227 discreparet,
1598 2146 1909 2226 proximus
1935 2155 2131 2207 tamen
2158 2147 2209 2207 ei

543 2242 670 2296 erat
689 2235 790 2313 qui
815 2233 1197 2297 miseratione
1222 2234 1456 2315 dignus.
1487 2235 1586 2299 Sic
1618 2245 1677 2297 et
1703 2244 1764 2297 tu
1792 2237 2211 2317 compassione

548 2325 883 2403 proximum
916 2331 973 2385 te
998 2324 1084 2385 illi
1116 2324 1355 2400 exhibe,
1386 2335 1443 2387 et
1467 2334 1680 2407 sponte
1709 2345 1776 2388 ac
1807 2345 1923 2386 non
1970 2333 2210 2387 vocatus

546 2413 610 2472 in
636 2413 798 2474 illius
831 2411 1167 2474 subsidium
1202 2431 1398 2478 curre.
1453 2414 1748 2476 Docemur
1770 2415 1944 2493 igitur
1989 2424 2050 2477 et
2098 2416 2209 2476 hoc

545 2502 681 2563 loco
707 2520 812 2582 per
842 2501 1183 2582 parabolam
1213 2513 1276 2564 ut
1311 2505 1499 2584 parati
1534 2505 1721 2566 simus
1750 2505 1822 2565 ad
1858 2503 2207 2567 misericor-

2295 1957 2451 2018 αῦτὸς
2508 1953 2735 2022 πλησίον
2789 1955 2998 2029 αὐτοῖς,
3059 1958 3119 2014 ού
3170 1965 3246 2031 τῷ
3305 1957 3479 2039 τόπῳ,
3514 1956 3651 2015 ἀλλὰ
3678 1964 3747 2035 τῇ
3776 1957 3961 2015 διαθέ-

2296 2066 2375 2101 σει
2430 2046 2517 2101 καὶ
2559 2050 2628 2121 τῇ
2672 2046 2744 2109 εἰς
2777 2044 2962 2108 αὐτοὺς
3012 2046 3320 2121 ἀπιμελείᾳ,
3359 2049 3453 2103 Διὸ
3485 2050 3571 2106 καὶ
3619 2050 3709 2104 τὸν
3763 2055 3965 2124 Σαμα-

2296 2137 2472 2212 ρείτην
2519 2137 2716 2215 εἰσάγω
2780 2158 2863 2191 σοι
2916 2138 3046 2213 πρὸς
3106 2136 3436 2216 ὑπόδειγμα,
3506 2138 3597 2193 ’ίνα
3640 2160 3727 2195 σοι
3787 2136 3964 2217 δείξω,

2297 2224 2377 2281 ὅτι
2436 2224 2615 2303 ὥσπερ
2672 2225 2823 2290 οὗτος
2884 2223 3144 2306 διαφέρων
3214 2230 3291 2301 τῷ
3345 2228 3464 2303 βίῳ,
3528 2226 3675 2302 ὅμως
3734 2226 3967 2295 πλησίον

2294 2314 2481 2393 γέγονε
2538 2321 2628 2371 τοῦ
2698 2313 2840 2379 ἀξίου
2933 2314 3241 2396 ἐλεηθῆναι,
3303 2316 3441 2374 οὕτω
3516 2319 3604 2373 καὶ
3676 2318 3737 2374 σὺ
3788 2315 3966 2383 δεῖξον

2294 2406 2513 2459 σεαυτὸν
2566 2402 2797 2469 πλησίον
2838 2410 2907 2481 τῇ
2951 2406 3273 2481 συμπαθείᾳ,
3338 2406 3423 2461 καὶ
3472 2404 3800 2472 αὐτόκλητος

2291 2494 2389 2561 τὴν
2455 2494 2703 2569 βοήθειαν
2776 2490 2979 2568 βάδιζε,
3075 2492 3439 2569 Διδασκόμεθα
3498 2495 3587 2551 οὖν
3645 2497 3732 2551 καὶ
3788 2502 3957 2552 ταῦτα

3877 2406 3891 2424 ν
3947 2409 3960 2425 \

3875 2428 3963 2463 επι

540 2579 722 2666 diam,
761 2600 817 2653 et
843 2579 1138 2653 conemur
1169 2579 1325 2653 esse'
1352 2593 1604 2673 proximi
1639 2593 1729 2653 his
1782 2592 1881 2673 qui
1930 2593 2199 2672 indigent

2292 2581 2383 2637 διὰ
2434 2584 2533 2650 τῆς
2591 2579 2899 2662 παραϐολῆς
2957 2584 3179 2657 ταύτης,
3239 2586 3301 2640 τὸ
3344 2586 3587 2660 ἑτοίμους
3631 2585 3773 2641 εἶναι
3818 2588 3953 2663 πρὸς

540 2688 741 2743 nostro
757 2681 1051 2743 subsidio.
1078 2681 1263 2743 Docet
1283 2670 1484 2743 autem
1507 2690 1567 2744 et
1593 2670 1820 2762 quanta
1840 2683 1945 2745 Dei
1971 2670 2199 2745 bonitas

2285 2671 2458 2753 ἔλεον,
2515 2674 2601 2729 καὶ
2660 2671 2902 2728 σπεύδειν
2958 2670 3185 2741 πλησίιν
3229 2674 3459 2752 γίνεσθαι
3517 2682 3623 2730 τῶν
3681 2672 3948 2751 δεομένων

541 2791 680 2852 erga
712 2772 1009 2834 homines.
1036 2771 1450 2833 Descendebat
1468 2772 1629 2833 enim
1650 2773 1909 2833 humana
1933 2780 2147 2834 natura
2169 2794 2199 2835 a

2284 2764 2383 2829 τῆς
2438 2762 2562 2834 παρ’
2620 2765 2775 2837 ἡμῶν
2822 2763 3093 2837 βοηθείας.
3158 2762 3522 2840 Διδασκόμεθα
3585 2763 3639 2821 δὲ
3714 2768 3801 2821 καὶ
3842 2768 3945 2833 τὴν

538 2861 937 2953 Πίθνιιείιιθω,
971 2863 1085 2953 hoc
1127 2869 1241 2940 est,
1274 2879 1306 2922 a
1338 2862 1656 2943 tranquilla
1680 2871 1744 2953 et
1782 2862 2029 2953 paciﬁca
2052 2864 2194 2953 vita.

2284 2854 2403 2931 περὶ
2457 2854 2547 2909 τὸν
2600 2852 2874 2931 ἄνθρωπον
2933 2852 3240 2932 ἀγαθότητα
3300 2855 3393 2912 τοῦ
3440 2863 3592 2917 Θεοῦ,
3659 2852 3948 2912 Κατέϐαινε

538 2948 913 3013 Hierusalem
973 2950 1131 3011 enim
1184 2942 1611 3030 interpretatur
1640 2942 1791 3012 visio
1841 2952 2023 3032 pacis.
2070 2951 2199 3024 Quo

2284 2945 2382 3022 γὰρ
2438 2944 2472 3010 ἡ
2520 2942 2820 3021 ἀνθρωπίνη
2880 2945 3033 3022 φύσις
3105 2943 3211 2999 ἀπὸ
3274 2942 3645 3022 Ἰερουσαλὴμ,
3710 2945 3949 3044 τουτέστι

537 3050 734 3103 autem
764 3038 1219 3102 descendebat?
1250 3038 1315 3101 In
1340 3041 1624 3103 Hiericho
1648 3031 1961 3121 humilem,
1993 3060 2199 3104 conca-

2286 3038 2386 3100 τῆς
2444 3032 2799 3091 ἀστασιάστου
2851 3034 2940 3088 καὶ
3028 3033 3295 3111 εἰρηναίας
3354 3031 3647 3112 διαγωγῆς.
3714 3031 3948 3111 ’Ὀρασις

534 3149 690 3210 vam,
729 3138 789 3192 et
809 3140 953 3191 testu
978 3129 1515 3211 suﬁ'ocantem,hoc
1539 3142 1649 3205 est,
1674 3131 1847 3192 vitam
1869 3120 2198 3194 affectioni-

2286 3126 2385 3203 γὰρ
2441 3124 2655 3203 εἰρήνης
2715 3120 3062 3211 ἑρμηνεύεται
3150 3125 3184 3191 ἠ
3275 3120 3647 3202 Ἰερουσαλὴμ.
3723 3130 3832 3183 Ποῦ
3891 3124 3947 3180 δὲ

536 3219 647 3281 bus
677 3204 1101 3299 plenam.Vide
1133 3227 1329 3279 autem
1365 3204 1522 3299 quod
1547 3204 1665 3281 non
1689 3221 2198 3301 dixerit,tlescen-

2284 3211 2639 3292 κατέϐαινεν,
2702 3212 2789 3275 Εἷς
2844 3213 2941 3280 τὴν
2995 3204 3231 3293 Ἱεριχὼ,
3294 3216 3393 3281 τὴν
3441 3212 3628 3281 κοιλὴν
3675 3216 3763 3270 καὶ
3806 3218 3949 3294 χθα-

535 3310 642 3389 dit,
672 3281 776 3370 sed
800 3308 1228 3371 descendebat.
1254 3281 1506 3389 Semper
1524 3310 1683 3370 enim
1711 3281 1971 3373 humana
1991 3281 2198 3375 natura

2284 3302 2460 3379 μαλην
2530 3304 2619 3359 καὶ
2702 3307 2779 3375 τῷ
2836 3303 3065 3377 καύματι
3136 3304 3423 3382 πνιγηρὰν,
3494 3303 3760 3383 ταυτέστι,
3847 3306 3949 3371 τὴν

534 3399 607 3461 ad
630 3383 920 3460 inferiora
954 3397 1230 3479 proclivis
1257 3407 1366 3473 est,
1402 3383 1530 3459 'non
1566 3399 1777 3474 semel,
1812 3401 1919 3462 sed
1957 3420 2199 3481 semper

2284 3395 2494 3468 ἐμπαθῆ
2526 3395 2695 3464 ζωήν,
2732 3383 2879 3471 υΟρα
2928 3391 3011 3471 δὲ,
3041 3396 3137 3451 οὐκ
3167 3393 3324 3448 εἶπεν
3356 3391 3437 3448 ὅτι
3484 3391 3717 3467 Κατέϐη,
3780 3392 3944 3469 ἀλλὰ,

536 3489 669 3549 vitae
694 3486 1106 3549 affectionibus
1138 3487 1352 3548 deditze
1378 3507 1614 3549 vacans.
1659 3487 1878 3550 Incidit
1906 3499 2102 3553 autem
2136 3491 2195 3552 in

2284 3481 2626 3543 Κατὲϐαινεν.
2710 3481 2821 3540 Ἀεὶ
2890 3483 2991 3561 γὰρ
3047 3484 3082 3549 ἡ
3145 3482 3447 3561 ἀνθρωπίνη
3506 3482 3659 3561 φύσις
3738 3482 3823 3540 ἐπὶ
3874 3486 3943 3541 τὰ

535 3579 820 3650 latrones,
861 3578 972 3637 hoc
1007 3583 1095 3637 est
1121 3576 1444 3637 daemones.
1484 3579 1612 3639 Nisi
1653 3578 1785 3658 quis
1816 3598 1849 3639 a
1886 3580 2196 3658 cogitatio-

533 3668 711 3729 nibus
733 3667 1091 3727 sublimibus
1115 3666 1643 3747 descenderit,non
1668 3668 1877 3729 incidit
1897 3668 1954 3729 in
1979 3669 2196 3731 dazmo-

535 3777 665 3823 nes.
702 3757 799 3837 qui
837 3764 1011 3816 exuto
1044 3754 1275 3815 homini
1307 3765 1364 3815 et
1413 3757 1665 3834 spoliato
1709 3758 1972 3819 vestibus
2002 3760 2191 3821 virtu-

533 3855 679 3921 tum,
708 3855 848 3905 tnnc
880 3843 1081 3924 plagas
1114 3844 1377 3905 inferunt
1429 3847 1681 3925 peccati.
1724 3846 1985 3908 Primum
2029 3848 2189 3909 enim

533 3934 841 3996 denudant
863 3952 970 3993 nos
995 3933 1157 3993 omni
1196 3933 1348 3994 bona
1379 3934 1737 4013 cogitatione
1766 3945 1822 3997 et
1861 3937 2193 3999 visitatione

534 4026 664 4088 Dei:
696 4024 912 4085 deinde
936 4022 1137 4103 plagas
1161 4024 1385 4102 peccati
1412 4024 1695 4089 inferunt.
1721 4029 1904 4089 Porro
1928 4035 2193 4089 naturam

534 4115 856 4175 humanam
911 4112 1359 4173 semimortuam
1420 4114 1838 4195 reliquerunt:
1902 4116 1991 4175 vel
2035 4118 2191 4197 quod

533 4205 731 4265 anima
762 4201 1134 4277 immortalis,
1181 4221 1397 4283 corpus
1429 4214 1624 4265 autem
1660 4205 1928 4281 mortale,
1964 4206 2105 4266 550
2138 4217 2195 4269 et

535 4295 611 4353 ita
636 4292 951 4354 dimidium
976 4291 1238 4353 hominis
1262 4293 1435 4354 morti
1458 4293 1757 4356 subditum
1790 4304 1898 4358 est:
1928 4296 2013 4357 vel
2034 4298 2189 4377 quod

534 4403 650 4445 non
699 4382 942 4445 omnino
994 4380 1310 4462 desperata
1362 4391 1489 4444 erat
1540 4384 1798 4446 humana
1841 4394 2073 4448 natura.
2126 4386 2191 4447 In

530 4474 765 4535 Christo
785 4472 945 4534 enim
987 4471 1234 4532 salutem
1269 4490 1332 4532 se
1359 4471 1692 4535 habituram
1722 4492 1855 4535 esse
1886 4475 2186 4557 sperabat.

2279 3572 2427 3628 κάτω
2471 3572 2667 3646 ἔνευεν,
2726 3573 2831 3652 οὐχ
2885 3570 3049 3645 ἅπαξ,
3110 3570 3247 3628 ἀλλὰ
3287 3570 3354 3627 δι’
3414 3570 3539 3629 ὅλου
3587 3578 3663 3646 τῷ
3706 3572 3941 3649 ἐμπαθεῖ

2278 3662 2376 3738 βίῷ
2428 3662 2791 3742 προσέχουσα,
2848 3662 3133 3741 Περιὲπεσε
3177 3659 3230 3716 δὲ
3280 3660 3535 3737 λῃσταῖς,
3590 3663 3711 3725 τοῖς
3741 3662 3938 3736 δαίμο-

2278 3776 2381 3814 σιν,
2440 3754 2497 3809 Εἰ
2552 3755 2628 3827 μὴ
2658 3753 2758 3831 γὰρ
2790 3749 2994 3818 καταϐῆ
3024 3774 3105 3815 τις
3159 3751 3263 3807 ἀπὸ
3319 3758 3412 3808 τοῦ
3452 3751 3616 3827 ὕψους
3658 3758 3756 3819 τῆς
3814 3750 3937 3808 δια-

2278 3843 2443 3917 νοίας,
2507 3845 2567 3899 οὐ
2621 3842 2923 3920 περιπίπτει
2978 3854 3095 3905 τοῖς
3173 3838 3415 3916 δαίμοσιν
3445 3856 3458 3869 ·
3525 3844 3577 3899 οἳ
3628 3839 3939 3904 ἐκδύσαντες

2278 3936 2369 3990 τὸν
2428 3933 2720 4010 ἄνθρωπον,
2810 3932 2898 3987 καὶ
2986 3933 3336 4010 στερήσαντες
3415 3936 3523 3987 τῶν
3593 3935 3691 3999 τῆς
3741 3934 3939 4007 ἀρετῆς

2280 4023 2527 4101 ἱματίων,
2586 4022 2707 4077 τότε
2764 4022 2857 4083 τὰς
2910 4018 3124 4098 πληγὰς
3180 4020 3443 4087 ἐπέθηκαν
3500 4021 3597 4089 τῆς
3651 4024 3937 4099 ἁμαρτίας.

2280 4113 2541 4191 Πρότερον
2620 4111 2720 4187 γὰρ
2804 4111 3196 4187 ἀπογυμνοῦσιν
3256 4113 3401 4186 ἡμᾶς
3466 4112 3665 4177 παντὸς
3738 4113 3940 4191 ἀγαθοῦ

2277 4200 2557 4279 λογισμοῦ,
2621 4200 2711 4253 καὶ
2752 4198 2847 4265 τῆς
2908 4206 3001 4254 τοῦ
3062 4206 3193 4256 Θεοῦ
3223 4200 3454 4280 σκέπης,
3503 4201 3609 4257 εἷθ’
3640 4200 3805 4264 οὕτως
3837 4224 3937 4267 τας

2277 4289 2490 4368 πληγὰς
2547 4288 2643 4355 τῆς
2728 4288 2986 4367 ἁμαρτίας
3074 4287 3474 4348 ἐπιϐάλλουσιν.
3558 4282 3819 4366 Ἠμιθανῆ
3878 4289 3937 4347 δὲ

2274 4379 2597 4454 γατὲλειψαν
2660 4378 2756 4445 τὴν
2818 4376 3149 4455 ἀνθρωπίνην
3207 4380 3380 4457 φύσιν,
3439 4380 3474 4446 ἢ
3517 4377 3648 4436 διότι
3692 4382 3725 4447 ἡ
3772 4381 3934 4461 ψυχὴ

2274 4469 2555 4544 ἀθάνατος,
2611 4470 2672 4523 τὸ
2726 4466 2780 4522 δὲ
2838 4473 2994 4543 σῶμα
3044 4470 3260 4535 θνητόν*
3318 4467 3456 4525 ὥστε
3510 4470 3572 4525 τὸ
3615 4468 3780 4545 ἥμισυ
3837 4477 3934 4527 τοῦ

528 4562 732 4645 Itaque
756 4581 872 4623 non
904 4565 1139 4624 mortua
1179 4569 1303 4622 erat
1334 4562 1615 4623 omnino:
1652 4564 1753 4625 sed
1792 4573 2035 4644 propter
2058 4565 2186 4626 rui-

2284 4560 2547 4640 ἰνθρώπου
2604 4562 2682 4633 τῴ
2722 4558 2931 4631 θανάτῳ
2973 4559 3280 4638 ὑπαχθῆναι
3318 4575 3331 4590 ’
3379 4560 3415 4629 ἢ
3459 4559 3590 4617 διότι
3651 4562 3710 4617 ού
3752 4562 3935 4629 πάντη

530 4672 662 4713 nam
695 4653 843 4714 Adae
872 4670 1034 4712 mors
1078 4650 1137 4711 in
1189 4652 1476 4712 mundum
1540 4652 1780 4713 intravit
1800 4653 1903 4713 47:
1952 4664 2193 4734 propter

532 4742 748 4804 Christi
776 4750 971 4803 autem
999 4740 1489 4819 justiﬁcationem
1526 4760 1685 4803 mors
1713 4743 2009 4806 abolenda
2041 4754 2186 4806 erat.

528 4835 642 4895 Per
669 4832 1039 4894 sacerdotem
1064 4848 1202 4891 vero
1222 4838 1281 4891 et
1302 4831 1591 4905 Levitam,
1622 4831 1813 4910 legem
1847 4833 2191 4914 intelligejet

528 4922 869 5002 prophetas.
907 4918 999 4981 Illi
1023 4918 1181 4980 enim
1207 4917 1483 4980 volebant
1513 4920 1839 4998 iustiﬁcare
1870 4921 2185 4983 humanam

526 5021 822 5091 naturam,
868 5012 973 5072 sed
1020 5028 1135 5070 non
1193 5017 1535 5090 potuerunt.
1592 5007 1969 5090 Impossibile
2001 5012 2183 5089 enim,

524 5103 715 5183 inquit
744 5102 985 5173 Paulus,
1018 5101 1368 5179 sanguinem
1424 5109 1727 5161 taurorum
1774 5108 1833 5162 et
1884 5101 2182 5163 hircorum

523 5192 736 5254 tollere
764 5200 1069 5273 peccatum
1094 5192 1177 5252 48.
1203 5189 1425 5251 Miserti
1450 5190 1649 5270 itaque
1675 5196 1815 5253 sunt
1838 5191 2186 5266 hominis,et

522 5282 595 5342 de
629 5287 758 5357 ejus
790 5282 1038 5342 sanitate
1070 5280 1425 5358 cogitarunt.
1460 5279 1689 5341 Deinde
1723 5280 2026 5360 plagarum
2048 5300 2179 5346 ma-

522 5370 829 5446 gnitudine
852 5371 1011 5446 victi,
1038 5369 1112 5431 ad
1147 5370 1477 5448 posteriora
1499 5369 1714 5431 iterum
1734 5370 1993 5449 regressi
2017 5381 2177 5433 sunt.

524 5462 651 5519 Hoc
705 5461 864 5521 enim
924 5458 1214 5539 signiﬁcat
1261 5459 1664 5530 ἀντιπκρελθετν
1755 5458 1931 5521 Venit
1992 5464 2173 5543 enim,

517 5546 728 5628 inquit,
769 5547 883 5621 lex,
918 5559 975 5610 et
1003 5547 1433 5624 astititjacenti
1482 5569 1496 5608 :
1552 5548 1776 5610 deinde
1823 5568 1941 5610 non
1979 5550 2180 5613 valens

518 5654 751 5713 sanare,
787 5656 1025 5699 reversa
1072 5646 1182 5712 est,
1222 5636 1332 5697 hoc
1365 5637 1522 5698 enim
1574 5638 1870 5717 signiﬁcat
1914 5641 2176 5723 ἀντιπαρ-

595 5815 654 5862 47
688 5814 865 5877 Rom.
893 5830 951 5887 ν,
986 5811 1086 5876 12.
1120 5814 1384 5878 “Hebr.
1419 5832 1479 5889 χ,
1513 5820 1573 5877 4.

2273 4651 2338 4719 ἧν
2393 4647 2780 4729 ἀπεγνωσμένη
2825 4648 2860 4713 ἡ
2892 4647 3190 4727 ἀνθρωπίνη
3222 4649 3374 4727 φύσις
3410 4670 3422 4683 ·
3461 4649 3515 4705 ἐν
3564 4651 3665 4729 γὰρ
3718 4658 3936 4729 Χριστῷ

2271 4742 2371 4809 τὴν
2432 4740 2695 4818 σωτηρίαν
2732 4736 2862 4803 ἕξειν
2910 4737 3185 4808 ἠλπίζετο,
3241 4732 3417 4796 ’Ὥστε
3449 4742 3543 4798 οὐκ
3572 4741 3935 4802 ἐτεθανάτωτο

2271 4830 2571 4910 παντελῶς,
2632 4827 2753 4885 ἀλλ’
2804 4826 2931 4885 ὅσον
2989 4829 3088 4904 μὲν
3131 4828 3216 4885 ἐπὶ
3270 4837 3349 4905 τῷ
3405 4836 3497 4888 τοῦ
3551 4829 3723 4907 Ἀδὰμ
3751 4854 3935 4913 παρα-

2272 4921 2519 4996 πτώματι
2567 4920 2790 4982 θάνατος
2843 4920 2916 4983 εἷς
2960 4920 3050 4975 τὸν
3092 4918 3294 4995 κόσμον
3341 4919 3577 4987 εἰσῆλθεν
3614 4936 3626 4950 ·
3689 4920 3813 4979 ὅσον
3873 4923 3930 4979 δὲ

2269 5012 2356 5069 ἐπὶ
2410 5018 2488 5086 τῷ
2542 5016 2633 5066 τοῦ
2693 5009 2919 5087 Χριστοῦ
2973 5006 3298 5084 δικαιώματι
3359 5012 3388 5065 δ
3442 5011 3665 5075 θάνατος
3730 5009 3926 5087 ἔμελλε

2266 5104 2671 5181 καταργετσθαι.
2730 5092 2894 5177 Ἰερέα
2952 5095 3005 5153 δὲ
3060 5100 3150 5155 καὶ
3207 5100 3451 5176 Δεοίτην,
3495 5101 3587 5158 τὸν
3638 5102 3802 5177 νόμον
3830 5124 3925 5178 μοι

2268 5195 2374 5250 νόει
2430 5192 2518 5247 καὶ
2568 5191 2688 5253 τοὺς
2746 5189 3046 5268 προφήτας,
3108 5189 3261 5247 Οὗτοι
3308 5191 3407 5271 γὰρ
3483 5190 3774 5260 ἠϐούλοντο
3820 5194 3923 5269 μὲν

2263 5283 2541 5341 δικαιῶσαι
2593 5282 2692 5348 την
2778 5279 3111 5357 ἀνθρωπίνην
3166 5281 3339 5361 φύσιν,
3414 5285 3509 5341 οὐκ
3583 5280 3921 5354 ἠδυνήθησαν

2262 5375 2337 5433 δέ.
2402 5371 2679 5430 Ἀδύνατον
2723 5370 2846 5448 γὰρ,
2924 5371 3082 5449 φησὶν
3141 5373 3168 5427 ὁ
3225 5370 3456 5451 Παῦλος,
3517 5374 3659 5449 αἷμα
3714 5374 3924 5454 ταύρων

2262 5467 2350 5523 καὶ
2417 5463 2624 5542 τράγων
2682 5456 2900 5537 ἀφελεῖν
2968 5460 3249 5538 ἁμαρτίας.
3336 5458 3604 5527 Ἠλέησαν
3663 5464 3761 5539 μὲν
3831 5467 3920 5522 οὖν

2263 5557 2352 5612 τὸν
2409 5553 2703 5631 ἄνθρωπον,
2778 5549 2866 5603 καὶ
2948 5551 3263 5627 θεραπεῦσαι
3351 5548 3718 5620 διενοήθησαν.
3785 5555 3922 5611 Εἶτα

2262 5654 2327 5723 τῇ
2361 5649 2464 5700 τῶν
2521 5640 2749 5719 πληγῶν
2808 5636 3113 5717 ἐπικρατείᾳ
3170 5641 3498 5716 νικηθέντες,
3559 5643 3631 5705 εἰς
3686 5645 3924 5701 τορδπίσω
