4202 6430
321 295 442 361 849
1063 304 1512 372 ENARRATIO
1561 311 1641 372 IN
1689 299 2198 365 EVANGELIUM
2250 301 2486 364 LUCE.
2537 333 2614 345 -—
2659 303 2820 364 CAP.
2873 303 2949 364 X.
3612 301 3730 365 850

315 433 478 530 πάλιν
545 439 930 530 ὖπεγώρησαν.
998 448 1165 500 Τοῦτο
1239 443 1338 522 γὰρ
1408 446 1657 520 σημαίνει
1715 446 1792 518 τὸν
1823 444 1971 499 ἀντί-

2061 443 2241 513 ἧλθιν.
2271 444 2533 508 Attende
2561 445 2703 509 item
2735 445 2897 528 quod
2927 445 3197 522 verbum,
3219 447 3458 530 accidit,
3476 464 3722 510 sensum

317 525 628 601 παρελθεῖν.
711 528 850 586 Ηλθε
909 533 1005 606 μὲν
1065 533 1166 610 γὰρ
1306 534 1492 610 νόμος,
1541 537 1628 592 καὶ
1672 534 1871 600 ἐπέστη
1903 537 1971 606 τῷ

2062 535 2380 615 quemdam
2414 525 2774 600 habet.Nani
2805 553 3014 598 revera
3036 535 3130 598 lex
3157 555 3278 599 non
3303 536 3377 599 ob
3405 525 3503 600 res
3521 538 3580 599 in
3599 537 3728 618 pri-

317 616 583 709 κειμένῳ,
639 619 765 676 εἶτα
838 622 914 696 μὴ
973 623 1178 702 ἰσχύων
1252 627 1592 709 θεραπεῦσαι,
1639 624 1978 702 ἀπεστράφη.

338 703 508 786 Ὀπερ
561 706 672 765 ἔστι
715 711 777 764 τὸ
833 710 1245 789 ἀντιπαρῆλθεν,
1283 705 1428 794 ιὈρα
1462 713 1608 771 δὲτὸ
1664 714 1800 770 κατά
1845 735 1980 790 συγ-

317 795 526 871 κυρίαν,
572 799 686 854 τίνα
748 806 867 855 νοῦν
928 798 1074 880 ἔχει.
1151 811 1238 878 Τῷ
1297 802 1408 861 ὄντι
1463 805 1562 884 γὰρ
1621 807 1648 860 ὁ
1707 803 1867 880 νόμος
1924 804 1984 859 οὗ

319 887 743 963 προηγουμένως
829 886 1007 962 ἐδόθη,
1102 890 1241 948 ἀλλά
1320 892 1406 950 διὰ
1478 895 1578 962 τὴν
1654 892 1983 971 ἀνθρωπίνην

320 973 625 1055 ἀσθένειαν,
676 978 752 1052 μὴ
810 976 1109 1055 δυναμένην
1167 982 1218 1049 ἐξ
1249 983 1425 1064 ἀρχῆς
1457 982 1693 1050 δέξασθαι
1734 985 1797 1039 τὸ
1847 982 1986 1039 κατὰ

322 1066 550 1127 Χριστὸν
609 1069 924 1146 μυστήριον.
987 1071 1085 1126 Διὰ
1127 1079 1284 1130 τοῦτο
1337 1095 1522 1153 φησιν,
1573 1071 1654 1129 ὅτι
1690 1064 1746 1130 ιΟ
1789 1071 1980 1148 ἱερεὺς,

317 1153 582 1210 τολτέστιν
662 1157 689 1212 ὀ
751 1157 937 1234 νόμος,
1013 1160 1151 1216 κατά
1229 1165 1536 1242 συγκυρίαν,
1597 1163 1724 1241 ὅπερ
1782 1161 1978 1216 εἰώθα-

315 1263 412 1311 μεν
473 1241 648 1320 λέγειν
711 1247 848 1302 κατά
895 1245 1171 1323 σύμϐαμα,
1235 1249 1358 1306 ἀλλ’
1403 1241 1476 1310 οὗ
1529 1249 1976 1330 προηγουμένως,

306 1329 464 1396 ἦλθεν
537 1336 610 1398 εἰς
677 1336 736 1391 τὸ
822 1339 1139 1416 θεραπεῦσαι
1198 1343 1291 1396 τὸν
1357 1329 1652 1421 ἄνθρωπον,
1739 1337 1892 1397 Ἀλλ’
1950 1331 1978 1384 δ

312 1421 500 1499 Κύριος
555 1425 644 1480 καὶ
701 1427 833 1489 Θεὸς
891 1429 1101 1503 ἡμῶν,¹
1133 1431 1160 1485 ὃ
1215 1427 1286 1486 δι’
1345 1432 1490 1506 ἡμᾶς
1518 1432 1723 1511 κατάρα
1750 1432 1976 1508 γενόμε-

311 1533 423 1590 νος,
487 1515 575 1570 καὶ
658 1517 995 1596 Σαμαρείτης
1056 1517 1310 1599 ἀκούσας,
1402 1521 1620 1601 ὁδεύων,
1678 1519 1972 1589 τουτέστιν,

313 1604 440 1658 αὐτὸ
495 1609 650 1661 τοῦτο
746 1605 1010 1686 πρόφασιν
1089 1607 1210 1668 ὁδοῦ
1266 1612 1655 1687 ποιησάμενος,
1728 1613 1814 1666 καὶ
1884 1611 1976 1666 τὸν

2065 624 2180 685 mis
2209 624 2494 705 intentas,
2531 624 2633 688 sed
2661 635 2910 705 propter
2938 625 3256 688 humanam
3292 624 3726 704 infirmitatem,

2066 731 2198 795 quae
2244 732 2362 775 non
2425 714 2614 794 potuit
2656 713 2729 776 ab
2781 713 2948 777 initio
3003 726 3442 779 sacramentum
3503 715 3730 779 Christi

2068 804 2398 883 suscipere,
2434 803 2569 865 data
2599 813 2709 868 est.
2753 807 3082 885 Propterea
3113 806 3279 888 dicit,
3309 805 3540 868 Accidit
3568 806 3722 887 quod

2067 893 2369 966 sacerdos,
2403 896 2512 953 hoc
2535 902 2624 955 est
2661 895 2777 973 lex,
2804 893 2884 954 ita
2915 895 3076 958 enim
3127 894 3329 957 dicere
3359 895 3621 957 solemus
3652 895 3726 958 de

2067 981 2160 1043 his
2179 1001 2310 1062 qua:
2331 983 2572 1043 fortuito
2589 983 2999 1057 obveniunt,et
3015 983 3162 1044 citra
3177 1003 3416 1066 operam
3435 991 3721 1060 nostram,

2067 1071 2228 1133 venit
2258 1085 2318 1132 ut
2355 1080 2591 1133 sanaret
2622 1071 2952 1154 hominem,
2998 1074 3103 1134 sed
3149 1073 3440 1136 Dominus
3471 1078 3534 1136 et
3563 1075 3726 1136 Deus

2064 1169 2292 1242 noster,
2326 1161 2426 1240 qui
2460 1168 2702 1241 propter
2734 1179 2845 1222 nos
2888 1162 3076 1224 factus
3108 1180 3194 1235 es;
3226 1162 3633 1242 maledictum,
3666 1169 3725 1224 et

2063 1257 2301 1311 vocatus
2333 1248 2762 1323 Samaritanus,
2799 1251 2908 1311 iter
2951 1251 3198 1326 faciens,
3252 1252 3367 1312 hoc
3405 1259 3517 1331 est,
3568 1251 3722 1312 hanc

2063 1338 2433 1418 potissimum
2462 1339 2800 1399 suiitineris
2824 1356 3065 1401 causam
3091 1358 3224 1401 esse
3249 1339 3544 1413 volens,et
3565 1339 3722 1400 hunc

2063 1445 2305 1509 scopum
2339 1427 2695 1509 observansg,
2717 1438 2783 1490 ut
2813 1446 2922 1489 nos
2942 1437 3199 1510 sanaret,
3227 1447 3345 1489 non
3371 1427 3724 1507 praeteriens

2062 1527 2120 1579 et
2141 1517 2333 1579 obiter
2357 1535 2465 1578 nos
2497 1517 2737 1578 visitans
2760 1517 2922 1580 venit
2953 1518 3025 1579 ad
3053 1534 3187 1599 nos,
3217 1517 3323 1579 sed
3341 1526 3724 1580 conversatus

2058 1606 2394 1680 nobiscum,
2427 1615 2484 1668 et
2525 1608 2762 1669 locutus
2817 1627 2934 1668 non
2986 1616 3366 1689 apparenter,
3401 1608 3507 1670 sed
3559 1625 3721 1672 vere.

313 1692 512 1750 σκοπὸν
568 1691 812 1767 θέμενος,
873 1697 934 1752 τὸ
976 1698 1120 1772 ἡμᾶς
1169 1701 1508 1780 θεραπεῦσαι,
1561 1689 1684 1756 ἀλλ’
1741 1703 1799 1759 οὗ
1834 1722 1969 1776 παρ-

2059 1697 2318 1758 Proinde
2342 1697 2538 1758 statim
2563 1697 3250 1778 alligatvulnera,neque
3273 1696 3566 1778 permittit
3589 1716 3720 1759 ma-

311 1777 509 1836 οδεύων
517 1830 533 1861 ,

309 1868 472 1935 ἦλθεν
531 1874 604 1936 εἰς
663 1877 832 1949 ἡμᾶς,
894 1881 1334 1958 συναναστραφεὶς
1393 1882 1552 1955 ἡμῖν,
1612 1881 1701 1936 καὶ
1765 1878 1962 1954 ὁμιλή-

309 1980 407 2022 σας
459 1961 834 2040 ἀφαντάστως.
900 1964 1200 2032 Κατέδησεν
1257 1969 1346 2024 οὖν
1378 1971 1521 2034 εὐθὺς
1570 1970 1637 2026 τὰ
1666 1970 1965 2049 τραύματα,

307 2049 386 2123 ζιῆ
444 2050 603 2113 ἐάσας
651 2055 752 2120 τὴν
804 2056 992 2111 κακίαν
1048 2056 1134 2112 ἐπὶ
1176 2055 1340 2115 πλέον
1382 2057 1567 2116 ἄνετον
1611 2064 1776 2132 εἶναι,
1831 2057 1969 2115 ἀλλά

307 2136 614 2209 καταδήσας
675 2141 864 2221 αὐτὴν,
939 2142 1166 2225 ἐπέχεεν
1235 2145 1289 2201 δὲ
1361 2145 1535 2204 ἔλαιον
1618 2150 1704 2205 καὶ
1762 2148 1912 2204 οἶνον
1947 2163 1961 2178 ⁹

304 2227 486 2284 ἔλαιον
532 2231 633 2305 μὲν
684 2233 776 2288 τὸν
831 2231 992 2312 λόγον
1045 2239 1146 2302 τῆς
1197 2233 1557 2318 διδασκαλίας,
1602 2246 1692 2295 τὸν
1737 2236 1819 2294 διὰ
1860 2241 1967 2294 τῶν

308 2318 523 2394 ἀγαθῶν
578 2322 1008 2401 προτρεπόμενον
1041 2345 1057 2361 ο
1123 2325 1273 2382 οἶνον
1305 2325 1382 2408 δὲ,
1419 2330 1510 2385 τὸν
1539 2328 1623 2384 διὰ
1665 2335 1772 2384 τῶν
1802 2325 1968 2409 φοϐε-

308 2407 556 2488 ρωτέρων
612 2413 867 2490 ἐνάγοντα
925 2415 1056 2494 πρὸς
1116 2415 1330 2488 ἀρετήν.
1392 2419 1523 2476 Οἶον
1589 2417 1716 2474 ὅταν
1769 2407 1967 2495 ἀκούῃς

311 2503 415 2588 τοῦΔ
461 2499 645 2577 Κυρίου
704 2498 952 2579 λέγοντος
988 2521 1002 2537 °
1053 2511 1224 2572 Acuta
1281 2507 1412 2584 πρὸς
1485 2507 1578 2588 μὲ,
1639 2508 1789 2584 κάγὼ
1839 2507 1974 2564 ἀνα-

310 2585 502 2642 παύσω
571 2589 732 2664 ὑμᾶς,
790 2598 944 2648 τοῦτο
991 2594 1052 2648 τὸ
1110 2591 1288 2650 ἔλαιον
1323 2615 1337 2628 ·
1394 2585 1687 2676 ἱλαρότητα
1737 2599 1837 2676 γὰρ
1886 2591 1975 2656 καὶ

308 2674 606 2733 ἀνάπαυσιν
634 2677 986 2743 ὑποδείκνυσι.
1045 2684 1144 2740 Καὶ
1187 2683 1350 2741 πάλιν
1386 2701 1400 2714 ⁸
1463 2674 1646 2762 Δεῦτε,
1704 2674 1974 2766 κληρονο-

308 2767 522 2836 μήσατε
574 2767 674 2835 τὴν
748 2761 1156 2848 ἡτοιμασμένην
1234 2776 1364 2851 ὑμῖν
1422 2776 1716 2853 βασιλείαν.
1795 2770 1974 2838 ’Ὅσαν

309 2853 366 2910 δὲ
425 2854 582 2934 λέγῃ,
617 2858 698 2914 ὅτι
730 2861 1016 2940 Πορεύεσθε
1058 2865 1132 2927 είς
1187 2865 1251 2920 τὸ
1306 2866 1533 2947 σκότος,
1557 2877 1711 2927 τοῦτο
1742 2870 1770 2924 ὸ
1801 2874 1971 2944 οἶνος,

309 2949 342 3014 ἡ
402 2948 666 3016 στυπτικὴ
726 2947 1059 3014 διδασκαλία,
1124 2954 1349 3023 Νοήσεις
1403 2953 1450 3010 δ’
1508 2955 1570 3012 ἂν
1602 2959 1690 3014 καὶ
1743 2956 1920 3023 ἄλλως
1951 2977 1964 2992 ⁸

626 1785 714 1839 καὶ
802 1784 860 1840 ἐκ
944 1776 1237 1866 παρέργου
1286 1776 1714 1866 ἐπισκεψάμενος
1799 1791 1966 1865 ἡμᾶς,

2061 1786 2247 1848 litiam
2299 1785 2556 1866 amplius
2606 1786 2813 1867 laxari,
2850 1787 2956 1848 sed
3002 1776 3205 1864 alligat
3256 1776 3410 1848 eam.
3456 1785 3723 1847 Infundit

2053 1879 2251 1940 oleum
2277 1898 2343 1940 ac
2369 1879 2568 1940 vinum
2601 1897 2614 1940 ε
2649 1878 2875 1954 oleum,
2909 1879 3022 1940 hoc
3067 1887 3154 1939 est
3199 1897 3540 1940 sermonem
3573 1878 3720 1940 doc-

2055 1969 2355 2050 trina3,qui
2381 1986 2486 2048 per
2511 1969 2712 2029 suavia
2744 1987 2852 2029 nos
2896 1967 3244 2029 adhortatur
3275 1989 3287 2026 :
3328 1967 3523 2028 vinum
3552 1985 3720 2048 vero,

2052 2076 2394 2119 sermonem
2424 2057 2521 2138 qui
2548 2075 2657 2137 per
2687 2057 3019 2119 austeriora
3045 2056 3276 2117 inducit
3305 2056 3384 2118 ad
3416 2055 3716 2118 virtutem.

2052 2147 2321 2228 Exempli
2345 2146 2558 2227 gratia,
2584 2146 2821 2226 quando
2843 2145 3014 2207 audis
3038 2145 3355 2207 Dominum
3375 2145 3674 2206 dicentem
3698 2173 3712 2214 ε

2051 2235 2265 2298 Venite
2287 2236 2360 2297 ad
2390 2253 2508 2310 me,
2544 2244 2603 2296 et
2648 2254 2756 2314 ego
2789 2233 3137 2298 refocillabo
3170 2253 3304 2295 vos:
3343 2235 3458 2296 hoc
3489 2236 3714 2312 oleum,

2052 2325 2416 2388 hilaritatem
2446 2325 2606 2387 enim
2642 2331 2703 2386 et
2737 2324 3001 2405 quietem
3035 2323 3316 2385 ostendit.
3355 2322 3428 2385 Et
3454 2330 3669 2386 iterum
3702 2341 3715 2386 :

2055 2414 2598 2495 Venite,possidete
2623 2421 3015 2494 praeparatum
3043 2413 3206 2473 vobis
3228 2430 3500 2491 regnum.
3526 2411 3722 2484 Quan-

2059 2503 2136 2565 do
2165 2512 2364 2566 autem
2402 2503 2546 2564 dicit
2580 2521 2594 2564 :
2641 2501 2727 2564 Ite
2756 2504 2819 2564 in
2852 2501 3130 2565 tenebras
3161 2523 3173 2558 :
3228 2502 3430 2563 vinum
3464 2509 3575 2580 est,
3608 2502 3722 2563 hoc

2060 2601 2149 2655 est
2177 2593 2472 2656 austerior
2500 2592 2774 2653 doctrina
2803 2612 2826 2652 :.
2855 2591 3200 2671 Intelligere
3232 2608 3402 2672 potes
3431 2598 3489 2652 et
3519 2591 3716 2652 aliter.

2060 2683 2273 2747 Oleum
2299 2683 2619 2745 humanam
2648 2681 2943 2761 signiﬁcat
2973 2680 3718 2755 conversationem,vinum

2061 2772 2418 2847 divinam,ut
2440 2772 2557 2834 tale
2578 2771 2719 2853 quid
2743 2771 2937 2832 dicam
2965 2793 2977 2834 :
3008 2769 3298 2832 Dominus
3328 2769 3442 2831 alia
3460 2769 3724 2830 humano

2061 2880 2230 2924 more
2252 2861 2702 2943 Operabatur,ai
2712 2863 2764 2923 ia
2777 2869 2973 2922 autem
3003 2857 3571 2921 divino.lIumanum
3598 2864 3726 2920 erat

2054 2951 2375 3016 Comedere
2406 2959 2466 3012 et
2499 2950 2728 3026 bibere,
2770 2961 2827 3013 et
2858 2950 3034 3011 vitam
3065 2949 3350 3010 laxiorem
3385 2950 3627 3029 sectari,
3662 2955 3722 3010 et

303 3033 482 3091 ἔλαιον
569 3038 667 3104 τὴν
752 3040 889 3095 κατά
973 3040 1247 3121 ἄνθρωπον
1303 3043 1598 3123 διαγωγὴν,
1659 3047 1811 3104 οἶνον
1868 3050 1967 3118 τὴν

2057 3059 2172 3102 non
2205 3040 2614 3104 austeritatem
2647 3057 2770 3119 prae
2800 3058 2865 3102 se
2899 3040 3082 3114 ferre,
3121 3047 3186 3100 ut
3207 3037 3508 3100 Joannes:
3543 3044 3722 3118 atque

308 3125 444 3214 κατά
496 3127 650 3201 Θεὸν,
686 3129 806 3186 οἶόν
836 3152 886 3186 τι
919 3129 1063 3210 λέγω
1098 3151 1110 3164 ’
1167 3122 1224 3190 Ὀ
1281 3122 1492 3212 Κύριος
1519 3137 1586 3194 τὰ
1638 3137 1736 3211 μὲν
1765 3137 1972 3214 ἀνθρω-

309 3213 458 3278 πίνος
508 3216 743 3294 ἐνήργει,
804 3219 871 3275 τὰ
928 3217 1006 3299 δὲ,
1076 3224 1296 3286 θεϊκὼς.
1364 3225 1436 3281 Τὸ
1494 3225 1591 3300 μὲν
1632 3226 1732 3306 γὰρ
1785 3213 1973 3284 ἐσθίειν

311 3305 404 3358 καὶ
459 3305 651 3381 πίνειν,
709 3309 796 3365 καὶ
853 3311 943 3366 τὸν
1000 3309 1184 3368 ἄνετον
1237 3313 1358 3388 βίον
1419 3305 1788 3390 μεταδιώκειν,
1851 3315 1972 3373 ἀλλ’

313 3394 440 3472 οὖχὶ
484 3393 895 3477 σκληραγωγίαν
938 3397 1308 3486 ἐνδείκνυσθαι,
1369 3402 1548 3482 ὥσπερ
1605 3407 1633 3461 ὁ
1692 3404 1968 3486 Ἰωάννης,

311 3485 469 3539 τοῦτο
520 3485 631 3542 ἐστι
689 3489 751 3544 τὸ
807 3486 1008 3551 ἔλαιον,
1074 3481 1136 3547 Ἠ
1196 3489 1250 3547 δὲ
1307 3490 1428 3560 ξένη
1485 3481 1702 3561 νηστεία
1730 3497 1874 3553 καὶὸ
1918 3481 1971 3553 ἐν

308 3571 552 3652 Θαλάσσῃ
611 3579 924 3657 περίπατος,
973 3581 1062 3637 καὶ
1114 3581 1212 3638 ὅσα
1243 3579 1390 3641 "cii".ch
1456 3589 1555 3651 τῆς
1613 3584 1754 3649 θείας
1810 3584 1960 3642 δυνά·

310 3685 482 3737 μεως,
543 3669 705 3723 ταῦτά
752 3668 892 3726 ἐστιν
938 3672 966 3727 ὁ
1009 3671 1184 3735 οἶνος.
1232 3671 1378 3748 Οῗνῳ
1445 3675 1546 3752 γάρ
1619 3674 1970 3732 ἀπεικαστέον

307 3775 409 3819 την
455 3755 704 3833 θεότητα,
752 3759 820 3826 ἣν
866 3758 1092 3828 ἄκρατον
1149 3763 1466 3841 ὑπενεγκεῖν
1524 3762 1691 3827 οὐδεὶς
1722 3765 1786 3820 ἅν
1841 3762 1968 3834 ἠδυ-

304 3844 465 3916 νήθη,
504 3846 548 3902 εἰ
591 3849 668 3922 μὴ
701 3852 787 3908 καὶ
817 3853 878 3907 τὸ
910 3849 1088 3909 ἔλαιον
1155 3855 1247 3925 ἦν,
1303 3854 1572 3910 τουτέστιν
1623 3856 1656 3922 ἡ
1701 3855 1838 3911 κατά
1872 3854 1970 3910 ἀν-

301 3935 519 4024 θρωπον
575 3933 840 4018 διαγωγή.
903 3939 1051 3998 Ἐπεὶ
1137 3951 1223 4001 οῦν
1301 3941 1370 3998 δι’
1457 3942 1770 4024 ἀμφοτέρων
1827 3945 1971 4019 ἡμᾶς

305 4020 500 4112 glareas,
545 4029 794 4096 θεύτητός
839 4054 978 4112 φημι
1039 4032 1133 4090 καὶ
1188 4020 1619 4112 ἀνθρωπότητος,
1667 4020 1767 4089 *διὰ
1818 4056 1972 4090 τουτο

305 4110 523 4191 λέγεται
568 4118 718 4176 οἶνον
777 4123 866 4177 καὶ
909 4119 1088 4178 ἔλαιον
1134 4121 1378 4201 ἐπιχέαι.
1431 4123 1528 4180 Καὶ
1578 4122 1695 4179 καθ’
1739 4123 1970 4190 ἑκάστην

309 4201 364 4258 δὲ
428 4205 476 4261 οἱ
545 4208 946 4286 βαπτιζόμενοι,
1043 4218 1150 4268 τῶν
1219 4213 1532 4290 ’τραυμάτων
1591 4218 1687 4278 τῆς
1747 4217 1967 4292 ’ψυχῆς

311 4295 767 4374 ἀπαλλάττονται,
849 4299 1010 4375 ἐλαὶῳ
1080 4303 1176 4376 μὲν
1265 4302 1358 4358 τοῦ
1429 4303 1589 4382 μύρου
1663 4303 1962 4383 χριόμενοι,

308 4387 456 4450 εὖθὺς
511 4386 565 4451 δίὲ
638 4398 1036 4466 κοινωνοῦντες,
1077 4393 1163 4447 καὶ
1208 4398 1301 4447 τοῦ
1342 4392 1477 4448 θείου
1535 4392 1766 4465 α”ματος
1811 4414 1968 4468 μεταο

306 4474 689 4550 λαμϐάνοντες.
752 4478 1060 4536 Ἀνεϐίϐασε
1115 4478 1173 4535 δὲ
1243 4483 1270 4536 ὁ
1342 4482 1524 4552 Κύριος
1569 4482 1663 4550 τὴν
1721 4503 1944 4561 τραυμα-

2057 3131 2171 3193 hoc
2190 3131 2370 3193 fuerit
2389 3131 2584 3192 oleum
2603 3128 2927 3210 .Jejunium
2945 3147 3085 3192 vero
3113 3127 3477 3203 mirabile,et
3497 3127 3716 3189 ambu-

2056 3219 2198 3281 latio
2227 3219 2289 3280 in
2314 3221 2485 3296 mari,
2528 3227 2584 3281 et
2606 3219 2736 3280 alia;
2758 3218 2973 3279 divinae
3000 3218 3277 3292 virtutes,
3313 3217 3518 3279 vinum
3553 3225 3715 3278 sunt.

2058 3308 2212 3371 Vino
2257 3309 2416 3371 enim
2450 3308 2775 3371 assimilata
2821 3314 2912 3369 est
2947 3307 3164 3381 deitas,
3199 3324 3375 3387 quam
3418 3324 3716 3367 meracam

2056 3397 2354 3461 sustinere
2405 3419 2474 3460 ac
2522 3398 2680 3460 ferre
2725 3396 2928 3458 nullus
2979 3402 3196 3477 posset,
3245 3395 3357 3456 nisi
3409 3403 3468 3457 et
3522 3394 3718 3456 oleum

2053 3489 2313 3563 adesset,
2349 3489 2460 3550 hoc
2491 3497 2580 3552 est
2607 3487 2928 3550 humanior
2953 3485 3349 3547 conservatio.
3369 3485 3440 3546 Et
3467 3485 3720 3565 proinde

2055 3577 2194 3659 quia
2226 3598 2330 3660 per
2353 3587 2602 3660 utraque
2628 3596 2736 3639 nos
2761 3576 3040 3650 servavit,
3067 3573 3438 3635 divinitatem
3475 3574 3718 3655 inquam

2057 3676 2112 3730 et
2144 3668 2574 3730 humanitatem
2613 3689 2626 3729 :
2666 3675 2989 3748 propterea
3019 3664 3165 3725 dicit
3197 3663 3399 3725 vinum
3433 3671 3490 3724 et
3518 3663 3717 3727 oleum

2055 3755 2190 3818 551
2223 3755 2534 3818 infudisse.
2573 3755 2644 3818 Et
2675 3756 2940 3836 quotidie
2984 3753 3083 3835 qui
3142 3752 3514 3834 baptizantur
3560 3751 3718 3814 libe-

2055 3855 2264 3910 rantur
2297 3864 2329 3906 a
2353 3845 2699 3907 vulneribus
2731 3845 2966 3918 animae,
3003 3843 3136 3904 oleo
3168 3841 3410 3923 quidem
3434 3842 3720 3922 unguenti

2054 3937 2259 4002 uncti:
2298 3935 2495 3996 statim
2527 3944 2724 3998 autem
2758 3932 3272 3996 communicantes
3298 3941 3360 3995 et
3381 3931 3565 3992 divini
3588 3948 3719 3992 san-

2055 4026 2251 4108 guinis
2291 4026 2606 4108 participes
2649 4027 2819 4088 liunt.
2872 4027 3058 4085 Porro
3097 4021 3390 4084 Dominus
3436 4020 3720 4102 imposuit

2055 4116 2316 4179 sauciam
2347 4122 2612 4178 nostram
2648 4123 2920 4177 naturam
2953 4131 3135 4193 super
3153 4112 3464 4194 proprium
3481 4111 3722 4190 jumen-

2053 4215 2201 4280 tum,
2239 4207 2350 4266 hoc
2381 4211 2493 4282 est,
2530 4224 2714 4285 super
2743 4222 2958 4282 corpus
3010 4220 3209 4266 suum.
3243 4199 3513 4264 Membra
3560 4202 3718 4262 enim

2052 4313 2160 4357 sua
2188 4313 2296 4356 nos
2349 4295 2488 4354 fecit
2541 4306 2598 4354 et
2644 4293 2964 4372 participes
2990 4292 3084 4353 sui
3135 4292 3441 4372 corporis:
3489 4307 3718 4368 nosque

2050 4384 2257 4446 intimo
2290 4385 2416 4444 loco
2449 4382 2596 4445 sitos
2631 4381 2827 4461 posuit
2858 4381 2918 4441 in
2951 4379 3310 4458 dignitatem
3342 4379 3527 4453 illam,
3560 4386 3626 4438 ut
3656 4393 3719 4445 et

2049 4473 2324 4553 ejusdem
2346 4471 2834 4552 corporissimus.
2856 4470 3257 4532 Diversorium
3285 4477 3480 4530 autem
3498 4466 3714 4529 Eccle-

303 4570 579 4623 τισθεῖσαν
635 4570 793 4643 ἡμῶν
849 4571 1000 4650 φύσιν
1060 4570 1144 4627 ἐπὶ
1189 4571 1249 4626 τὸ
1294 4569 1432 4625 ἴδιον
1501 4571 1802 4651 ὑποζύγιον,
1836 4593 1963 4628 του-

2057 4564 2138 4626 sia
2159 4572 2268 4637 est,
2305 4581 2437 4643 quae
2463 4579 2672 4623 omnes
2701 4560 2992 4642 suscipit;
3035 4560 3125 4621 lex
3159 4558 3318 4620 enim
3355 4577 3472 4619 non
3506 4574 3716 4618 omnes

303 4660 506 4732 τέστιν,
564 4659 649 4716 ἐπὶ
720 4662 781 4717 τὸ
830 4667 988 4737 σῶμα
1045 4666 1201 4720 αὐτοῦ
1236 4677 1250 4691 ⁹
1311 4659 1450 4736 μέλη
1495 4662 1594 4740 γὰρ
1634 4661 1792 4718 αὐτοῦ
1823 4664 1966 4738 ἡμᾶς

2057 4651 2432 4732 uscipiebat.
2468 4649 2718 4712 Moabita
2737 4649 3114 4740 enim,rdic_it,
3150 4657 3208 4711 et
3233 4646 3575 4740 Ammonita
3595 4664 3712 4740 non

304 4749 552 4823 ἐποίησε,
611 4752 699 4809 καὶ
759 4752 1044 4816 κοινωνοὺς
1086 4759 1177 4810 τοῦ
1238 4752 1486 4826 σώματος
1519 4751 1700 4833 αὖτοῦ,
1733 4751 1880 4811 κάτω
1908 4774 1966 4810 τε

2057 4742 2354 4806 intrabunt
2391 4742 2447 4802 in
2479 4740 2808 4802 Ecclesiam
2847 4739 2977 4803 Dei.
3013 4738 3181 4800 Nunc
3225 4747 3423 4800 autem
3458 4735 3518 4833 in
3549 4735 3714 4796 omni

304 4840 583 4916 κειμένους
650 4839 957 4899 ἀνεϐίϐασεν
1032 4845 1119 4898 ἐπὶ
1175 4842 1273 4911 τὴν
1329 4839 1476 4907 ἀξίαν
1533 4841 1762 4914 ἐκείνην,
1824 4841 1962 4900 ὥστε

2057 4841 2218 4914 gente
2241 4831 2342 4913 qui
2362 4831 2530 4892 timet
2572 4833 2781 4904 Deum,
2809 4836 3092 4910 acceptus
3122 4836 3212 4888 est
3243 4828 3324 4903 ei,
3359 4825 3536 4888 modo
3570 4825 3712 4886 velit

307 4930 638 5005 συσσώμους,
680 4935 821 5007 αὐτῷ
851 4932 1017 4990 εἶναι.
1079 4930 1414 5011 Πανδοχεϊον
1443 4929 1498 4987 δὲ
1558 4933 1591 4999 ἡ
1645 4929 1958 5008 Ἐκκλησία,

2057 4922 2297 4986 credere
2329 4929 2388 4982 et
2409 4938 2542 5002 pars
2567 4919 2698 4981 fieri
2721 4919 3166 4999 Ecclesiae,qum
3187 4935 3399 4979 omnes
3427 4923 3712 4996 peccato-

315 5023 344 5088 ἦ
405 5021 576 5077 πάντα
630 5020 1002 5103 ὑποδεχομένη
1041 5045 1053 5057 ·
1091 5025 1118 5078 ὁ
1149 5021 1246 5098 μὶν
1301 5023 1402 5099 γὰρ
1447 5020 1633 5101 νόμος,
1678 5021 1736 5074 οὕ
1766 5021 1966 5086 πάντας

2057 5032 2143 5076 res
2161 5021 2220 5075 et
2240 5011 2590 5103 publicanos
2613 5009 3056 5103 suscipit.Yide_
3072 5009 3217 5103 item
3232 5006 3681 5103 etdiligentiam
3696 5054 3712 5079 ,

307 5109 549 5190 ἐδέχετο.
609 5099 892 5179 Μωαϐίτήης
934 5114 1057 5193 γὰρ,
1123 5112 1274 5194 φησὶ,
1336 5112 1421 5167 καὶ
1481 5099 1814 5185 Ἀμμανίτης
1871 5111 1966 5167 οὑκ

2057 5102 2346 5185 quomodo
2368 5102 2620 5177 ducens,
2656 5103 2871 5183 inquit,
2909 5100 2971 5161 in
3025 5099 3450 5177 diversorium,
3505 5113 3708 5194 curam

307 5201 661 5260 εἰσελεύσεται
711 5205 784 5266 εἷς
856 5201 1179 5269 Ἐκκλησίαν
1235 5207 1390 5263 Θεοῦ,
1460 5205 1562 5258 Νῦν
1618 5196 1673 5254 δὲ
1721 5201 1777 5254 ἐν
1808 5201 1966 5256 παντὶ

2057 5195 2178 5274 ejus
2201 5191 2408 5272 egerit.
2431 5190 2576 5253 Nam
2607 5193 2771 5272 prius
2803 5209 2978 5272 quam
3003 5190 3062 5250 in
3088 5191 3202 5251 hoc
3225 5189 3496 5264 (luceret,
3522 5185 3712 5247 soluta

306 5291 440 5350 ἔθνει
498 5295 526 5347 ὁ
580 5289 905 5373 φοϐούμενος
955 5292 1044 5348 τὸν
1091 5293 1220 5348 Θεὸν
1263 5288 1445 5353 δεκτὸς
1505 5289 1646 5362 αὕτῷ
1675 5286 1807 5361 ἐστι,
1868 5288 1960 5346 θέ-

2057 5281 2601 5373 alligavit-vulnera.
2630 5281 2790 5373 Quid
2811 5280 2992 5373 igitur
3023 5288 3113 5373 est
3158 5278 3314 5362 quod
3347 5274 3531 5373 dico?
3563 5274 3714 5347 Quia

301 5381 411 5438 λων
471 5365 771 5464 πιστεῦσαι,
827 5384 915 5439 καὶ
968 5381 1128 5462 μέρος
1183 5379 1424 5460 γενέσθαι
1477 5377 1575 5446 τῆς
1616 5367 1956 5446 Ἐκκλησίας,

2057 5390 2181 5435 :um
2213 5370 2532 5435 constituta
2555 5370 2952 5450 estEcclesia,
2977 5379 3035 5431 et
3059 5369 3280 5432 factum
3315 5376 3405 5430 est
3437 5365 3708 5425 diverso-

303 5473 513 5535 Πάντας
567 5472 667 5552 γὰρ
715 5457 1062 5553 ὑποδέχεται,
1119 5457 1208 5528 καί
1263 5468 1612 5548 ἁμαρτωλοὺς
1668 5469 1757 5524 καὶ
1788 5467 1958 5526 τελω-

2057 5463 2345 5537 rium,hoc
2369 5469 2559 5536 est,ex
2578 5461 2860 5524 omnibus
2881 5462 3071 5522 ferme
3085 5457 3493 5553 gentibusiide
3513 5462 3706 5535 aucta,

299 5583 413 5628 νας.
481 5549 740 5641 ’Ὀραίδέ
795 5549 920 5630 τὴν*
954 5559 1244 5643 ἀκρίϐειαν,
1304 5566 1422 5624 πῶς
1478 5579 1664 5640 φησιν,
1712 5556 1794 5615 ὅτι
1825 5560 1960 5617 ἁπα-

2057 5567 2186 5619 tunc
2207 5554 2448 5643 fuerunt
2467 5563 2527 5615 et
2549 5554 2807 5637 Spiritus
2834 5554 3021 5615 sancti
3055 5557 3237 5626 dona,
3261 5560 3322 5643 et
3354 5549 3601 5643 dilatata
3621 5565 3715 5624 est

302 5654 489 5735 γαγὼν
549 5638 622 5716 εἷς
679 5655 740 5710 τὸ
796 5638 1150 5735 πανδοχεῖον,
1213 5638 1522 5729 ἐπεμελήθη
1581 5650 1738 5707 αὑτοῦ
1767 5666 1784 5684 ⁶
1842 5652 1960 5730 πρὶν

2057 5646 2236 5727 gratia
2255 5642 2362 5707 Dei
2389 5659 2404 5705 :
2437 5643 2498 5705 id
2531 5645 2690 5727 quod
2740 5663 2809 5721 ex
2854 5643 3019 5708 Actis
3048 5641 3456 5726 apostolorum
3486 5638 3705 5712 disces,
