  <div class='ocr_page' id='page_1' title='image "/cluster/home/n/w/nwhite01/storage/ocr_20150623/123:no.1/coo.31924054870286/434.png"; bbox 0 0 4202 6450; ppageno 0'>
   <div class='ocr_carea' id='block_1_1' title="bbox 360 296 482 361">
    <p class='ocr_par' dir='ltr' id='par_1_1' title="bbox 360 296 482 361">
     <span class='ocr_line' id='line_1_1' title="bbox 360 296 482 361; baseline -0.025 0"><span class='ocrx_word' id='word_1_1' title='bbox 360 296 482 361; x_wconf 82' lang='grc'><strong>853</strong></span> 
     </span>
    </p>
   </div>
   <div class='ocr_carea' id='block_1_2' title="bbox 1110 294 3017 365">
    <p class='ocr_par' dir='ltr' id='par_1_2' title="bbox 1110 294 3017 365">
     <span class='ocr_line' id='line_1_2' title="bbox 1110 294 3017 365; baseline -0.001 -3"><span class='ocrx_word' id='word_1_2' title='bbox 1110 300 1554 363; x_wconf 81' lang='lat' dir='ltr'><strong>ENARRATIO</strong></span> <span class='ocrx_word' id='word_1_3' title='bbox 1600 301 1681 362; x_wconf 88' lang='lat' dir='ltr'><strong>IN</strong></span> <span class='ocrx_word' id='word_1_4' title='bbox 1728 294 2241 362; x_wconf 74' lang='lat' dir='ltr'><strong>HVANGELIUM</strong></span> <span class='ocrx_word' id='word_1_5' title='bbox 2286 295 2528 360; x_wconf 64' lang='lat' dir='ltr'><strong>LUCE.</strong></span> <span class='ocrx_word' id='word_1_6' title='bbox 2576 331 2653 342; x_wconf 88' lang='lat'><strong>-—</strong></span> <span class='ocrx_word' id='word_1_7' title='bbox 2696 295 2861 364; x_wconf 83' lang='lat' dir='ltr'><strong>CAP.</strong></span> <span class='ocrx_word' id='word_1_8' title='bbox 2912 302 3017 365; x_wconf 84' lang='lat' dir='ltr'><strong>XI.</strong></span> 
     </span>
    </p>
   </div>
   <div class='ocr_carea' id='block_1_3' title="bbox 3640 302 3757 368">
    <p class='ocr_par' dir='ltr' id='par_1_3' title="bbox 3640 302 3757 368">
     <span class='ocr_line' id='line_1_3' title="bbox 3640 302 3757 368; baseline 0.026 -3"><span class='ocrx_word' id='word_1_9' title='bbox 3640 302 3757 368; x_wconf 74' lang='lat'><strong>854</strong></span> 
     </span>
    </p>
   </div>
   <div class='ocr_carea' id='block_1_4' title="bbox 346 429 1981 515">
    <p class='ocr_par' dir='ltr' id='par_1_4' title="bbox 346 434 1978 515">
     <span class='ocr_line' id='line_1_4' title="bbox 346 434 1978 515; baseline 0.001 -25"><span class='ocrx_word' id='word_1_10' title='bbox 346 434 679 500; x_wconf 72' lang='grc' dir='ltr'><strong>ἀποστόλους</strong></span> <span class='ocrx_word' id='word_1_11' title='bbox 724 440 752 494; x_wconf 76' lang='grc' dir='ltr'>ὸ</span> <span class='ocrx_word' id='word_1_12' title='bbox 820 438 1030 515; x_wconf 75' lang='grc' dir='ltr'>Κύριος,</span> <span class='ocrx_word' id='word_1_13' title='bbox 1070 436 1164 493; x_wconf 78' lang='grc' dir='ltr'>’ίνα</span> <span class='ocrx_word' id='word_1_14' title='bbox 1207 435 1332 492; x_wconf 82' lang='grc' dir='ltr'>ὅταν</span> <span class='ocrx_word' id='word_1_15' title='bbox 1387 435 1686 493; x_wconf 76' lang='grc' dir='ltr'><strong>εἰσέλθωσιν</strong></span> <span class='ocrx_word' id='word_1_16' title='bbox 1736 439 1809 500; x_wconf 82' lang='grc' dir='ltr'>εἷς</span> <span class='ocrx_word' id='word_1_17' title='bbox 1842 435 1978 494; x_wconf 82' lang='grc' dir='ltr'>οίκία</span> 
     </span>
    </p>
   </div>
   <div class='ocr_carea' id='block_1_5' title="bbox 2067 429 3749 515">
    <p class='ocr_par' dir='ltr' id='par_1_5' title="bbox 2067 429 3749 515">
     <span class='ocr_line' id='line_1_5' title="bbox 2067 429 3749 515; baseline 0.007 -26"><span class='ocrx_word' id='word_1_18' title='bbox 2067 429 2243 491; x_wconf 88' lang='lat' dir='ltr'><strong>.nihil</strong></span> <span class='ocrx_word' id='word_1_19' title='bbox 2278 430 2408 510; x_wconf 86' lang='lat' dir='ltr'><strong>plus</strong></span> <span class='ocrx_word' id='word_1_20' title='bbox 2437 440 2775 513; x_wconf 68' lang='lat' dir='ltr'><strong>quaerentes</strong></span> <span class='ocrx_word' id='word_1_21' title='bbox 2804 452 2980 515; x_wconf 90' lang='lat' dir='ltr'><strong>quam</strong></span> <span class='ocrx_word' id='word_1_22' title='bbox 3016 443 3076 496; x_wconf 91' lang='lat' dir='ltr'><strong>ut</strong></span> <span class='ocrx_word' id='word_1_23' title='bbox 3101 437 3411 500; x_wconf 86' lang='lat' dir='ltr'><strong>attendant</strong></span> <span class='ocrx_word' id='word_1_24' title='bbox 3438 437 3749 502; x_wconf 79' lang='lat' dir='ltr'><strong>doctrinae.</strong></span> 
     </span>
    </p>
   </div>
   <div class='ocr_carea' id='block_1_6' title="bbox 343 522 1344 600">
    <p class='ocr_par' dir='ltr' id='par_1_6' title="bbox 343 522 1344 600">
     <span class='ocr_line' id='line_1_6' title="bbox 343 522 1344 600; baseline 0.002 -21"><span class='ocrx_word' id='word_1_25' title='bbox 343 526 508 588; x_wconf 71' lang='grc' dir='ltr'>τινος,</span> <span class='ocrx_word' id='word_1_26' title='bbox 561 522 727 600; x_wconf 78' lang='grc' dir='ltr'>μηδεν</span> <span class='ocrx_word' id='word_1_27' title='bbox 781 526 1021 582; x_wconf 78' lang='grc' dir='ltr'>ποικίλον</span> <span class='ocrx_word' id='word_1_28' title='bbox 1089 531 1344 599; x_wconf 81' lang='grc' dir='ltr'>ζητῶσιν,</span> 
     </span>
    </p>
   </div>
   <div class='ocr_carea' id='block_1_7' title="bbox 342 612 2005 695">
    <p class='ocr_par' dir='ltr' id='par_1_7' title="bbox 342 612 2005 695">
     <span class='ocr_line' id='line_1_7' title="bbox 342 612 2005 695; baseline 0.002 -27"><span class='ocrx_word' id='word_1_29' title='bbox 342 612 470 690; x_wconf 78' lang='grc' dir='ltr'>λιτῇ</span> <span class='ocrx_word' id='word_1_30' title='bbox 526 614 795 695; x_wconf 76' lang='grc' dir='ltr'><strong>ὑποδοχῇ,</strong></span> <span class='ocrx_word' id='word_1_31' title='bbox 832 614 1000 692; x_wconf 77' lang='grc' dir='ltr'>μηδὲν</span> <span class='ocrx_word' id='word_1_32' title='bbox 1031 614 1192 671; x_wconf 80' lang='grc' dir='ltr'>πλέον</span> <span class='ocrx_word' id='word_1_33' title='bbox 1248 618 1556 691; x_wconf 79' lang='grc' dir='ltr'>ζητοῦντες,</span> <span class='ocrx_word' id='word_1_34' title='bbox 1612 617 1647 685; x_wconf 73' lang='grc' dir='ltr'>ἢ</span> <span class='ocrx_word' id='word_1_35' title='bbox 1694 617 1755 672; x_wconf 74' lang='grc' dir='ltr'>τὸ</span> <span class='ocrx_word' id='word_1_36' title='bbox 1804 618 2005 695; x_wconf 82' lang='grc' dir='ltr'>προσέ-</span> 
     </span>
    </p>
   </div>
   <div class='ocr_carea' id='block_1_8' title="bbox 346 704 2003 785">
    <p class='ocr_par' dir='ltr' id='par_1_8' title="bbox 346 704 2003 785">
     <span class='ocr_line' id='line_1_8' title="bbox 346 704 2003 785; baseline 0.001 -26"><span class='ocrx_word' id='word_1_37' title='bbox 346 726 470 785; x_wconf 71' lang='grc' dir='ltr'>χειν</span> <span class='ocrx_word' id='word_1_38' title='bbox 527 706 597 773; x_wconf 79' lang='grc' dir='ltr'><strong>τῆ</strong></span> <span class='ocrx_word' id='word_1_39' title='bbox 653 704 962 779; x_wconf 68' lang='grc' dir='ltr'><strong>διδασκαλίᾳ</strong></span> <span class='ocrx_word' id='word_1_40' title='bbox 994 724 1007 738; x_wconf 77' lang='grc'><strong><em>⁸</em></strong></span> <span class='ocrx_word' id='word_1_41' title='bbox 1068 706 1174 762; x_wconf 90' lang='grc' dir='ltr'>νόει</span> <span class='ocrx_word' id='word_1_42' title='bbox 1220 704 1274 762; x_wconf 86' lang='grc' dir='ltr'><strong>δέ</strong></span> <span class='ocrx_word' id='word_1_43' title='bbox 1331 729 1449 785; x_wconf 92' lang='grc' dir='ltr'>μοι,</span> <span class='ocrx_word' id='word_1_44' title='bbox 1500 707 1714 784; x_wconf 78' lang='grc' dir='ltr'>Μάρθαν</span> <span class='ocrx_word' id='word_1_45' title='bbox 1771 707 1869 781; x_wconf 77' lang='grc' dir='ltr'>μὲν</span> <span class='ocrx_word' id='word_1_46' title='bbox 1908 707 2003 774; x_wconf 77' lang='grc' dir='ltr'><strong>τὴν</strong></span> 
     </span>
    </p>
   </div>
   <div class='ocr_carea' id='block_1_9' title="bbox 346 787 2004 876">
    <p class='ocr_par' dir='ltr' id='par_1_9' title="bbox 346 787 2004 876">
     <span class='ocr_line' id='line_1_9' title="bbox 346 787 2004 876; baseline 0.002 -27"><span class='ocrx_word' id='word_1_47' title='bbox 346 795 649 871; x_wconf 73' lang='grc' dir='ltr'>πρικτικὴν</span> <span class='ocrx_word' id='word_1_48' title='bbox 707 796 925 875; x_wconf 73' lang='grc' dir='ltr'>ἀρετὴν,</span> <span class='ocrx_word' id='word_1_49' title='bbox 976 796 1179 873; x_wconf 83' lang='grc' dir='ltr'>Μαρίαν</span> <span class='ocrx_word' id='word_1_50' title='bbox 1234 793 1295 851; x_wconf 78' lang='grc' dir='ltr'><em>δὲ</em></span> <span class='ocrx_word' id='word_1_51' title='bbox 1350 796 1450 863; x_wconf 74' lang='grc' dir='ltr'><strong>τὴν</strong></span> <span class='ocrx_word' id='word_1_52' title='bbox 1506 797 1747 876; x_wconf 87' lang='grc' dir='ltr'>θεωρίαν,</span> <span class='ocrx_word' id='word_1_53' title='bbox 1784 787 1847 853; x_wconf 67' lang='grc' dir='ltr'>Ἠ</span> <span class='ocrx_word' id='word_1_54' title='bbox 1906 796 2004 871; x_wconf 65' lang='grc' dir='ltr'>μὲν</span> 
     </span>
    </p>
   </div>
   <div class='ocr_carea' id='block_1_10' title="bbox 346 884 2002 967">
    <p class='ocr_par' dir='ltr' id='par_1_10' title="bbox 346 884 2002 967">
     <span class='ocr_line' id='line_1_10' title="bbox 346 884 2002 967; baseline 0.004 -30"><span class='ocrx_word' id='word_1_55' title='bbox 346 884 438 939; x_wconf 79' lang='grc' dir='ltr'>οὖν</span> <span class='ocrx_word' id='word_1_56' title='bbox 497 886 763 961; x_wconf 78' lang='grc' dir='ltr'>πρακτική</span> <span class='ocrx_word' id='word_1_57' title='bbox 822 888 1226 964; x_wconf 79' lang='grc' dir='ltr'>περισπασμοὺς</span> <span class='ocrx_word' id='word_1_58' title='bbox 1304 884 1421 966; x_wconf 76' lang='grc' dir='ltr'>ἔχει</span> <span class='ocrx_word' id='word_1_59' title='bbox 1472 889 1561 944; x_wconf 90' lang='grc' dir='ltr'><strong>καὶ</strong></span> <span class='ocrx_word' id='word_1_60' title='bbox 1616 885 1899 967; x_wconf 74' lang='grc' dir='ltr'>ὀχλήσεις,</span> <span class='ocrx_word' id='word_1_61' title='bbox 1969 888 2002 954; x_wconf 82' lang='grc' dir='ltr'>ἡ</span> 
     </span>
    </p>
   </div>
   <div class='ocr_carea' id='block_1_11' title="bbox 344 971 2000 1055">
    <p class='ocr_par' dir='ltr' id='par_1_11' title="bbox 344 971 2000 1055">
     <span class='ocr_line' id='line_1_11' title="bbox 344 971 2000 1055; baseline 0.004 -29"><span class='ocrx_word' id='word_1_62' title='bbox 344 971 399 1027; x_wconf 76' lang='grc' dir='ltr'><strong>δὲ</strong></span> <span class='ocrx_word' id='word_1_63' title='bbox 450 975 665 1054; x_wconf 79' lang='grc' dir='ltr'>θεωρία,</span> <span class='ocrx_word' id='word_1_64' title='bbox 725 975 874 1054; x_wconf 84' lang='grc' dir='ltr'>κυρία</span> <span class='ocrx_word' id='word_1_65' title='bbox 931 977 1194 1054; x_wconf 77' lang='grc' dir='ltr'><strong>γενομένη</strong></span> <span class='ocrx_word' id='word_1_66' title='bbox 1247 982 1354 1032; x_wconf 82' lang='grc' dir='ltr'>τῶν</span> <span class='ocrx_word' id='word_1_67' title='bbox 1398 978 1578 1034; x_wconf 79' lang='grc' dir='ltr'>παθῶν</span> <span class='ocrx_word' id='word_1_68' title='bbox 1610 993 1625 1007; x_wconf 85' lang='grc'><strong><em>⁸</em></strong></span> <span class='ocrx_word' id='word_1_69' title='bbox 1658 976 1830 1055; x_wconf 83' lang='grc' dir='ltr'>Μαρία</span> <span class='ocrx_word' id='word_1_70' title='bbox 1878 978 2000 1055; x_wconf 59' lang='grc' dir='ltr'>γὰρ,</span> 
     </span>
    </p>
   </div>
   <div class='ocr_carea' id='block_1_12' title="bbox 342 1053 2003 1143">
    <p class='ocr_par' dir='ltr' id='par_1_12' title="bbox 342 1053 2003 1143">
     <span class='ocr_line' id='line_1_12' title="bbox 342 1053 2003 1143; baseline 0.002 -26"><span class='ocrx_word' id='word_1_71' title='bbox 342 1064 516 1143; x_wconf 76' lang='grc' dir='ltr'>κυρία,</span> <span class='ocrx_word' id='word_1_72' title='bbox 564 1053 911 1139; x_wconf 65' lang='grc' dir='ltr'><strong>ἑρμηνεύεται</strong></span> <span class='ocrx_word' id='word_1_73' title='bbox 946 1081 960 1094; x_wconf 79' lang='grc'>⁸</span> <span class='ocrx_word' id='word_1_74' title='bbox 1022 1067 1094 1131; x_wconf 81' lang='grc' dir='ltr'>εἷς</span> <span class='ocrx_word' id='word_1_75' title='bbox 1169 1065 1269 1129; x_wconf 75' lang='grc' dir='ltr'><strong>τὴν</strong></span> <span class='ocrx_word' id='word_1_76' title='bbox 1323 1071 1431 1123; x_wconf 82' lang='grc' dir='ltr'><strong>τῶν</strong></span> <span class='ocrx_word' id='word_1_77' title='bbox 1486 1067 1640 1124; x_wconf 84' lang='grc' dir='ltr'>θείων</span> <span class='ocrx_word' id='word_1_78' title='bbox 1693 1064 1869 1139; x_wconf 55' lang='grc' dir='ltr'>λόγων</span> <span class='ocrx_word' id='word_1_79' title='bbox 1917 1053 2003 1122; x_wconf 75' lang='grc' dir='ltr'><strong>καὶ</strong></span> 
     </span>
    </p>
   </div>
   <div class='ocr_carea' id='block_1_13' title="bbox 339 1153 2000 1236">
    <p class='ocr_par' dir='ltr' id='par_1_13' title="bbox 339 1153 2000 1236">
     <span class='ocr_line' id='line_1_13' title="bbox 339 1153 2000 1236; baseline 0.002 -29"><span class='ocrx_word' id='word_1_80' title='bbox 339 1160 448 1207; x_wconf 76' lang='grc' dir='ltr'>τὼν</span> <span class='ocrx_word' id='word_1_81' title='bbox 492 1155 766 1228; x_wconf 92' lang='grc' dir='ltr'>κριμάτων</span> <span class='ocrx_word' id='word_1_82' title='bbox 797 1153 1007 1230; x_wconf 77' lang='grc' dir='ltr'>ἒποψίιν</span> <span class='ocrx_word' id='word_1_83' title='bbox 1058 1154 1442 1235; x_wconf 78' lang='grc' dir='ltr'>ένασχολεϊται</span> <span class='ocrx_word' id='word_1_84' title='bbox 1502 1155 1694 1228; x_wconf 89' lang='grc' dir='ltr'>μόνην.</span> <span class='ocrx_word' id='word_1_85' title='bbox 1758 1156 2000 1236; x_wconf 85' lang='grc' dir='ltr'>Πρόσχες</span> 
     </span>
    </p>
   </div>
   <div class='ocr_carea' id='block_1_14' title="bbox 335 1239 1992 1323">
    <p class='ocr_par' dir='ltr' id='par_1_14' title="bbox 335 1239 1992 1323">
     <span class='ocr_line' id='line_1_14' title="bbox 335 1239 1992 1323; baseline 0.003 -27"><span class='ocrx_word' id='word_1_86' title='bbox 335 1239 391 1295; x_wconf 73' lang='grc' dir='ltr'><strong>δὲ</strong></span> <span class='ocrx_word' id='word_1_87' title='bbox 446 1244 535 1298; x_wconf 84' lang='grc' dir='ltr'><strong>καὶ</strong></span> <span class='ocrx_word' id='word_1_88' title='bbox 593 1244 677 1322; x_wconf 76' lang='grc' dir='ltr'>τὸ,</span> <span class='ocrx_word' id='word_1_89' title='bbox 740 1245 1149 1321; x_wconf 67' lang='grc' dir='ltr'>Παρακαθίσασα</span> <span class='ocrx_word' id='word_1_90' title='bbox 1206 1245 1347 1323; x_wconf 82' lang='grc' dir='ltr'>παρὰ</span> <span class='ocrx_word' id='word_1_91' title='bbox 1412 1245 1534 1308; x_wconf 83' lang='grc' dir='ltr'>τοὺς</span> <span class='ocrx_word' id='word_1_92' title='bbox 1592 1242 1756 1310; x_wconf 87' lang='grc' dir='ltr'>πόδας</span> <span class='ocrx_word' id='word_1_93' title='bbox 1817 1246 1992 1321; x_wconf 73' lang='grc' dir='ltr'>αὑτοῦ,</span> 
     </span>
    </p>
   </div>
   <div class='ocr_carea' id='block_1_15' title="bbox 340 1329 1998 1413">
    <p class='ocr_par' dir='ltr' id='par_1_15' title="bbox 340 1329 1998 1413">
     <span class='ocr_line' id='line_1_15' title="bbox 340 1329 1998 1413; baseline 0.002 -26"><span class='ocrx_word' id='word_1_94' title='bbox 340 1329 497 1396; x_wconf 60' lang='grc' dir='ltr'>ἤκουε</span> <span class='ocrx_word' id='word_1_95' title='bbox 554 1339 663 1389; x_wconf 81' lang='grc' dir='ltr'><strong>τῶν</strong></span> <span class='ocrx_word' id='word_1_96' title='bbox 721 1332 897 1411; x_wconf 88' lang='grc' dir='ltr'>λόγων</span> <span class='ocrx_word' id='word_1_97' title='bbox 942 1338 1123 1393; x_wconf 70' lang='grc' dir='ltr'>αὖτοῦ.</span> <span class='ocrx_word' id='word_1_98' title='bbox 1180 1338 1239 1391; x_wconf 85' lang='grc' dir='ltr'><strong>Οἱ</strong></span> <span class='ocrx_word' id='word_1_99' title='bbox 1293 1334 1390 1409; x_wconf 80' lang='grc' dir='ltr'>μὲν</span> <span class='ocrx_word' id='word_1_100' title='bbox 1450 1335 1549 1413; x_wconf 79' lang='grc' dir='ltr'>γὰρ</span> <span class='ocrx_word' id='word_1_101' title='bbox 1592 1331 1751 1398; x_wconf 84' lang='grc' dir='ltr'>πόδες</span> <span class='ocrx_word' id='word_1_102' title='bbox 1786 1349 1998 1392; x_wconf 75' lang='grc' dir='ltr'>νοοϊντο</span> 
     </span>
    </p>
   </div>
   <div class='ocr_carea' id='block_1_16' title="bbox 334 1419 1996 1504">
    <p class='ocr_par' dir='ltr' id='par_1_16' title="bbox 334 1419 1996 1504">
     <span class='ocr_line' id='line_1_16' title="bbox 334 1419 1996 1504; baseline 0.005 -30"><span class='ocrx_word' id='word_1_103' title='bbox 334 1419 402 1474; x_wconf 71' lang='grc' dir='ltr'><strong>ἂν</strong></span> <span class='ocrx_word' id='word_1_104' title='bbox 458 1424 530 1486; x_wconf 76' lang='grc' dir='ltr'>εἷς</span> <span class='ocrx_word' id='word_1_105' title='bbox 592 1423 689 1489; x_wconf 73' lang='grc' dir='ltr'>τὴν</span> <span class='ocrx_word' id='word_1_106' title='bbox 750 1422 1050 1501; x_wconf 72' lang='grc' dir='ltr'>πρακτικὴν</span> <span class='ocrx_word' id='word_1_107' title='bbox 1121 1423 1337 1496; x_wconf 78' lang='grc' dir='ltr'>ἀρετήν.</span> <span class='ocrx_word' id='word_1_108' title='bbox 1407 1422 1683 1494; x_wconf 66' lang='grc' dir='ltr'>Κινήσεως</span> <span class='ocrx_word' id='word_1_109' title='bbox 1751 1425 1850 1504; x_wconf 75' lang='grc' dir='ltr'>γὰρ</span> <span class='ocrx_word' id='word_1_110' title='bbox 1908 1426 1996 1482; x_wconf 84' lang='grc' dir='ltr'><strong>καὶ</strong></span> 
     </span>
    </p>
   </div>
   <div class='ocr_carea' id='block_1_17' title="bbox 334 1510 1998 1594">
    <p class='ocr_par' dir='ltr' id='par_1_17' title="bbox 334 1510 1998 1594">
     <span class='ocr_line' id='line_1_17' title="bbox 334 1510 1998 1594; baseline 0.004 -31"><span class='ocrx_word' id='word_1_111' title='bbox 334 1513 550 1588; x_wconf 78' lang='grc' dir='ltr'>πορείας</span> <span class='ocrx_word' id='word_1_112' title='bbox 612 1514 739 1569; x_wconf 75' lang='grc' dir='ltr'>είσὶν</span> <span class='ocrx_word' id='word_1_113' title='bbox 798 1510 1131 1574; x_wconf 83' lang='grc' dir='ltr'>ὲνδεικτικοί.</span> <span class='ocrx_word' id='word_1_114' title='bbox 1178 1515 1250 1571; x_wconf 78' lang='grc' dir='ltr'>Τὸ</span> <span class='ocrx_word' id='word_1_115' title='bbox 1307 1511 1361 1569; x_wconf 68' lang='grc' dir='ltr'><strong>δὲ</strong></span> <span class='ocrx_word' id='word_1_116' title='bbox 1393 1514 1623 1585; x_wconf 87' lang='grc' dir='ltr'>καθίσαι,</span> <span class='ocrx_word' id='word_1_117' title='bbox 1661 1519 1759 1581; x_wconf 76' lang='grc' dir='ltr'>τῆς</span> <span class='ocrx_word' id='word_1_118' title='bbox 1819 1512 1998 1594; x_wconf 81' lang='grc' dir='ltr'>έδραι-</span> 
     </span>
    </p>
   </div>
   <div class='ocr_carea' id='block_1_18' title="bbox 332 1591 1995 1681">
    <p class='ocr_par' dir='ltr' id='par_1_18' title="bbox 332 1591 1995 1681">
     <span class='ocr_line' id='line_1_18' title="bbox 332 1591 1995 1681; baseline 0.004 -27"><span class='ocrx_word' id='word_1_119' title='bbox 332 1600 532 1666; x_wconf 79' lang='grc' dir='ltr'>ότητος</span> <span class='ocrx_word' id='word_1_120' title='bbox 577 1599 865 1675; x_wconf 74' lang='grc' dir='ltr'>σύμϐολον.</span> <span class='ocrx_word' id='word_1_121' title='bbox 909 1591 1104 1666; x_wconf 62' lang='lat' dir='ltr'><strong>&quot;Oeric</strong></span> <span class='ocrx_word' id='word_1_122' title='bbox 1152 1602 1239 1658; x_wconf 84' lang='grc' dir='ltr'><strong>οὗν</strong></span> <span class='ocrx_word' id='word_1_123' title='bbox 1269 1603 1467 1659; x_wconf 80' lang='grc' dir='ltr'>καθίσει</span> <span class='ocrx_word' id='word_1_124' title='bbox 1518 1604 1659 1681; x_wconf 81' lang='grc' dir='ltr'>παρὰ</span> <span class='ocrx_word' id='word_1_125' title='bbox 1714 1604 1836 1667; x_wconf 85' lang='grc' dir='ltr'>τοὺς</span> <span class='ocrx_word' id='word_1_126' title='bbox 1889 1604 1995 1661; x_wconf 86' lang='grc' dir='ltr'>πό-</span> 
     </span>
    </p>
   </div>
   <div class='ocr_carea' id='block_1_19' title="bbox 334 1688 1997 1771">
    <p class='ocr_par' dir='ltr' id='par_1_19' title="bbox 334 1688 1997 1771">
     <span class='ocr_line' id='line_1_19' title="bbox 334 1688 1997 1771; baseline 0.004 -27"><span class='ocrx_word' id='word_1_127' title='bbox 334 1688 428 1751; x_wconf 68' lang='grc' dir='ltr'><strong>δας</strong></span> <span class='ocrx_word' id='word_1_128' title='bbox 489 1699 581 1748; x_wconf 84' lang='grc' dir='ltr'><strong>τοῦ</strong></span> <span class='ocrx_word' id='word_1_129' title='bbox 641 1691 846 1771; x_wconf 76' lang='grc' dir='ltr'>Ἰησοῦ,</span> <span class='ocrx_word' id='word_1_130' title='bbox 928 1692 1221 1764; x_wconf 80' lang='grc' dir='ltr'>τουτέστιν,</span> <span class='ocrx_word' id='word_1_131' title='bbox 1307 1691 1449 1759; x_wconf 82' lang='grc' dir='ltr'>ὅστις</span> <span class='ocrx_word' id='word_1_132' title='bbox 1501 1690 1764 1771; x_wconf 75' lang='grc' dir='ltr'>ἐδραιωθῇ</span> <span class='ocrx_word' id='word_1_133' title='bbox 1819 1692 1872 1749; x_wconf 81' lang='grc' dir='ltr'>ἐν</span> <span class='ocrx_word' id='word_1_134' title='bbox 1929 1699 1997 1769; x_wconf 78' lang='grc' dir='ltr'><strong>τῇ</strong></span> 
     </span>
    </p>
   </div>
   <div class='ocr_carea' id='block_1_20' title="bbox 1428 524 2007 606">
    <p class='ocr_par' dir='ltr' id='par_1_20' title="bbox 1428 524 2007 606">
     <span class='ocr_line' id='line_1_20' title="bbox 1428 524 2007 606; baseline 0.002 -25"><span class='ocrx_word' id='word_1_135' title='bbox 1428 524 1549 582; x_wconf 64' lang='grc' dir='ltr'>ἀλλ’</span> <span class='ocrx_word' id='word_1_136' title='bbox 1620 526 1881 606; x_wconf 77' lang='grc' dir='ltr'>ἆρκιῦνται</span> <span class='ocrx_word' id='word_1_137' title='bbox 1939 532 2007 603; x_wconf 77' lang='grc' dir='ltr'><strong>τῇ</strong></span> 
     </span>
    </p>
   </div>
   <div class='ocr_carea' id='block_1_21' title="bbox 2090 519 3745 608">
    <p class='ocr_par' dir='ltr' id='par_1_21' title="bbox 2090 519 3745 608">
     <span class='ocr_line' id='line_1_21' title="bbox 2090 519 3745 608; baseline 0.005 -28"><span class='ocrx_word' id='word_1_138' title='bbox 2090 519 2367 599; x_wconf 82' lang='lat' dir='ltr'><strong>Intellige</strong></span> <span class='ocrx_word' id='word_1_139' title='bbox 2398 540 2635 603; x_wconf 88' lang='lat' dir='ltr'><strong>quoque</strong></span> <span class='ocrx_word' id='word_1_140' title='bbox 2658 541 2768 603; x_wconf 89' lang='lat' dir='ltr'><strong>per</strong></span> <span class='ocrx_word' id='word_1_141' title='bbox 2781 522 3067 586; x_wconf 81' lang='lat' dir='ltr'><strong>Martham</strong></span> <span class='ocrx_word' id='word_1_142' title='bbox 3099 524 3373 589; x_wconf 78' lang='lat' dir='ltr'><strong>virtutem</strong></span> <span class='ocrx_word' id='word_1_143' title='bbox 3399 528 3745 608; x_wconf 89' lang='lat' dir='ltr'><strong>practicam,</strong></span> 
     </span>
    </p>
   </div>
   <div class='ocr_carea' id='block_1_22' title="bbox 2090 609 3751 694">
    <p class='ocr_par' dir='ltr' id='par_1_22' title="bbox 2090 609 3751 694">
     <span class='ocr_line' id='line_1_22' title="bbox 2090 609 3751 694; baseline 0.007 -26"><span class='ocrx_word' id='word_1_144' title='bbox 2090 625 2198 687; x_wconf 90' lang='lat' dir='ltr'><strong>per</strong></span> <span class='ocrx_word' id='word_1_145' title='bbox 2224 609 2491 683; x_wconf 82' lang='lat' dir='ltr'><strong>Mariam,</strong></span> <span class='ocrx_word' id='word_1_146' title='bbox 2527 613 3117 694; x_wconf 83' lang='lat' dir='ltr'><strong>contemplationem.</strong></span> <span class='ocrx_word' id='word_1_147' title='bbox 3146 616 3414 679; x_wconf 88' lang='lat' dir='ltr'><strong>Practice</strong></span> <span class='ocrx_word' id='word_1_148' title='bbox 3446 618 3605 680; x_wconf 90' lang='lat' dir='ltr'><strong>enim</strong></span> <span class='ocrx_word' id='word_1_149' title='bbox 3633 618 3751 679; x_wconf 90' lang='lat' dir='ltr'><strong>dis-</strong></span> 
     </span>
    </p>
   </div>
   <div class='ocr_carea' id='block_1_23' title="bbox 2089 698 3749 787">
    <p class='ocr_par' dir='ltr' id='par_1_23' title="bbox 2089 698 3749 787">
     <span class='ocr_line' id='line_1_23' title="bbox 2089 698 3749 787; baseline 0.007 -30"><span class='ocrx_word' id='word_1_150' title='bbox 2089 698 2408 787; x_wconf 79' lang='lat' dir='ltr'><strong>tractiones</strong></span> <span class='ocrx_word' id='word_1_151' title='bbox 2434 706 2490 762; x_wconf 90' lang='lat' dir='ltr'><strong>et</strong></span> <span class='ocrx_word' id='word_1_152' title='bbox 2538 701 2910 764; x_wconf 80' lang='lat' dir='ltr'><strong>turhationes</strong></span> <span class='ocrx_word' id='word_1_153' title='bbox 2945 703 3057 764; x_wconf 91' lang='lat' dir='ltr'><strong>fert</strong></span> <span class='ocrx_word' id='word_1_154' title='bbox 3100 724 3113 765; x_wconf 91' lang='lat'>:</span> <span class='ocrx_word' id='word_1_155' title='bbox 3163 707 3580 787; x_wconf 88' lang='lat' dir='ltr'><strong>contemplatio</strong></span> <span class='ocrx_word' id='word_1_156' title='bbox 3611 726 3749 769; x_wconf 92' lang='lat' dir='ltr'><strong>vero</strong></span> 
     </span>
    </p>
   </div>
   <div class='ocr_carea' id='block_1_24' title="bbox 2088 784 3749 858">
    <p class='ocr_par' dir='ltr' id='par_1_24' title="bbox 2088 784 3749 858">
     <span class='ocr_line' id='line_1_24' title="bbox 2088 784 3749 858; baseline 0.007 -12"><span class='ocrx_word' id='word_1_157' title='bbox 2088 784 2333 848; x_wconf 90' lang='lat' dir='ltr'><strong>domina</strong></span> <span class='ocrx_word' id='word_1_158' title='bbox 2365 788 2427 849; x_wconf 84' lang='lat' dir='ltr'><strong>fit</strong></span> <span class='ocrx_word' id='word_1_159' title='bbox 2458 790 2870 854; x_wconf 77' lang='lat' dir='ltr'><strong>affectionum.</strong></span> <span class='ocrx_word' id='word_1_160' title='bbox 2895 792 3077 853; x_wconf 87' lang='lat' dir='ltr'><strong>Maria</strong></span> <span class='ocrx_word' id='word_1_161' title='bbox 3100 793 3260 854; x_wconf 90' lang='lat' dir='ltr'><strong>enim</strong></span> <span class='ocrx_word' id='word_1_162' title='bbox 3293 784 3534 857; x_wconf 82' lang='lat' dir='ltr'><strong>domina</strong></span> <span class='ocrx_word' id='word_1_163' title='bbox 3564 796 3749 858; x_wconf 91' lang='lat' dir='ltr'><strong>inter-</strong></span> 
     </span>
    </p>
   </div>
   <div class='ocr_carea' id='block_1_25' title="bbox 2089 878 3743 965">
    <p class='ocr_par' dir='ltr' id='par_1_25' title="bbox 2089 878 3743 965">
     <span class='ocr_line' id='line_1_25' title="bbox 2089 878 3743 965; baseline 0.007 -29"><span class='ocrx_word' id='word_1_164' title='bbox 2089 883 2376 958; x_wconf 90' lang='lat' dir='ltr'><strong>pretatur,</strong></span> <span class='ocrx_word' id='word_1_165' title='bbox 2401 896 2469 938; x_wconf 89' lang='lat' dir='ltr'><strong>ac</strong></span> <span class='ocrx_word' id='word_1_166' title='bbox 2493 878 2553 938; x_wconf 89' lang='lat' dir='ltr'><strong>in</strong></span> <span class='ocrx_word' id='word_1_167' title='bbox 2581 879 2706 940; x_wconf 86' lang='lat' dir='ltr'><strong>sola</strong></span> <span class='ocrx_word' id='word_1_168' title='bbox 2738 879 3075 942; x_wconf 88' lang='lat' dir='ltr'><strong>divinorum</strong></span> <span class='ocrx_word' id='word_1_169' title='bbox 3109 882 3481 963; x_wconf 86' lang='lat' dir='ltr'><strong>eloquiorum</strong></span> <span class='ocrx_word' id='word_1_170' title='bbox 3507 894 3565 946; x_wconf 92' lang='lat' dir='ltr'><strong>et</strong></span> <span class='ocrx_word' id='word_1_171' title='bbox 3575 884 3743 965; x_wconf 82' lang='lat' dir='ltr'><strong>judi-</strong></span> 
     </span>
    </p>
   </div>
   <div class='ocr_carea' id='block_1_26' title="bbox 2087 964 3745 1053">
    <p class='ocr_par' dir='ltr' id='par_1_26' title="bbox 2087 964 3745 1053">
     <span class='ocr_line' id='line_1_26' title="bbox 2087 964 3745 1053; baseline 0.007 -28"><span class='ocrx_word' id='word_1_172' title='bbox 2087 964 2315 1026; x_wconf 89' lang='lat' dir='ltr'><strong>ciorum</strong></span> <span class='ocrx_word' id='word_1_173' title='bbox 2349 968 2853 1048; x_wconf 85' lang='lat' dir='ltr'><strong>contemplatione</strong></span> <span class='ocrx_word' id='word_1_174' title='bbox 2877 980 3163 1053; x_wconf 89' lang='lat' dir='ltr'><strong>occupata</strong></span> <span class='ocrx_word' id='word_1_175' title='bbox 3185 980 3296 1037; x_wconf 91' lang='lat' dir='ltr'><strong>est.</strong></span> <span class='ocrx_word' id='word_1_176' title='bbox 3322 964 3745 1038; x_wconf 80' lang='lat' dir='ltr'><strong>Animadverte</strong></span> 
     </span>
    </p>
   </div>
   <div class='ocr_carea' id='block_1_27' title="bbox 2086 1058 3743 1147">
    <p class='ocr_par' dir='ltr' id='par_1_27' title="bbox 2086 1058 3743 1147">
     <span class='ocr_line' id='line_1_27' title="bbox 2086 1058 3743 1147; baseline 0.007 -33"><span class='ocrx_word' id='word_1_177' title='bbox 2086 1063 2284 1147; x_wconf 78' lang='lat' dir='ltr'><strong>autem</strong></span> <span class='ocrx_word' id='word_1_178' title='bbox 2318 1064 2375 1117; x_wconf 92' lang='lat' dir='ltr'><strong>et</strong></span> <span class='ocrx_word' id='word_1_179' title='bbox 2408 1058 2541 1132; x_wconf 88' lang='lat' dir='ltr'><strong>hoc,</strong></span> <span class='ocrx_word' id='word_1_180' title='bbox 2578 1058 2735 1138; x_wconf 91' lang='lat' dir='ltr'><strong>quod</strong></span> <span class='ocrx_word' id='word_1_181' title='bbox 2785 1060 3006 1122; x_wconf 77' lang='lat' dir='ltr'><strong>assidet</strong></span> <span class='ocrx_word' id='word_1_182' title='bbox 3041 1062 3210 1140; x_wconf 85' lang='lat' dir='ltr'><strong>juxta</strong></span> <span class='ocrx_word' id='word_1_183' title='bbox 3248 1063 3428 1143; x_wconf 85' lang='lat' dir='ltr'><strong>pedes</strong></span> <span class='ocrx_word' id='word_1_184' title='bbox 3476 1063 3644 1147; x_wconf 87' lang='lat' dir='ltr'><strong>Jcsu,</strong></span> <span class='ocrx_word' id='word_1_185' title='bbox 3685 1074 3743 1126; x_wconf 91' lang='lat' dir='ltr'><strong>et</strong></span> 
     </span>
    </p>
   </div>
   <div class='ocr_carea' id='block_1_28' title="bbox 2086 1145 3742 1233">
    <p class='ocr_par' dir='ltr' id='par_1_28' title="bbox 2086 1145 3742 1233">
     <span class='ocr_line' id='line_1_28' title="bbox 2086 1145 3742 1233; baseline 0.007 -29"><span class='ocrx_word' id='word_1_186' title='bbox 2086 1145 2249 1206; x_wconf 87' lang='lat' dir='ltr'><strong>audit</strong></span> <span class='ocrx_word' id='word_1_187' title='bbox 2280 1162 2588 1207; x_wconf 84' lang='lat' dir='ltr'><strong>sermones</strong></span> <span class='ocrx_word' id='word_1_188' title='bbox 2612 1148 2761 1227; x_wconf 89' lang='lat' dir='ltr'><strong>ejus.</strong></span> <span class='ocrx_word' id='word_1_189' title='bbox 2794 1149 3027 1210; x_wconf 89' lang='lat' dir='ltr'><strong>Etenim</strong></span> <span class='ocrx_word' id='word_1_190' title='bbox 3062 1169 3169 1230; x_wconf 91' lang='lat' dir='ltr'><strong>per</strong></span> <span class='ocrx_word' id='word_1_191' title='bbox 3198 1152 3381 1230; x_wconf 85' lang='lat' dir='ltr'><strong>pedes</strong></span> <span class='ocrx_word' id='word_1_192' title='bbox 3407 1145 3742 1233; x_wconf 84' lang='lat' dir='ltr'><strong>intelligunt</strong></span> 
     </span>
    </p>
   </div>
   <div class='ocr_carea' id='block_1_29' title="bbox 2080 1234 3736 1315">
    <p class='ocr_par' dir='ltr' id='par_1_29' title="bbox 2080 1234 3736 1315">
     <span class='ocr_line' id='line_1_29' title="bbox 2080 1234 3736 1315; baseline 0.007 -23"><span class='ocrx_word' id='word_1_193' title='bbox 2080 1234 2355 1295; x_wconf 84' lang='lat' dir='ltr'><strong>virtutem</strong></span> <span class='ocrx_word' id='word_1_194' title='bbox 2410 1236 2771 1315; x_wconf 84' lang='lat' dir='ltr'><strong>practicam;</strong></span> <span class='ocrx_word' id='word_1_195' title='bbox 2833 1246 3057 1299; x_wconf 92' lang='lat' dir='ltr'><strong>motum</strong></span> <span class='ocrx_word' id='word_1_196' title='bbox 3110 1241 3265 1301; x_wconf 91' lang='lat' dir='ltr'><strong>enim</strong></span> <span class='ocrx_word' id='word_1_197' title='bbox 3329 1250 3387 1302; x_wconf 92' lang='lat' dir='ltr'><strong>et</strong></span> <span class='ocrx_word' id='word_1_198' title='bbox 3436 1242 3736 1304; x_wconf 86' lang='lat' dir='ltr'><strong>incessum</strong></span> 
     </span>
    </p>
   </div>
   <div class='ocr_carea' id='block_1_30' title="bbox 2080 1322 3734 1410">
    <p class='ocr_par' dir='ltr' id='par_1_30' title="bbox 2080 1322 3734 1410">
     <span class='ocr_line' id='line_1_30' title="bbox 2080 1322 3734 1410; baseline 0.007 -28"><span class='ocrx_word' id='word_1_199' title='bbox 2080 1322 2423 1410; x_wconf 81' lang='lat' dir='ltr'><strong>ostendunt.</strong></span> <span class='ocrx_word' id='word_1_200' title='bbox 2464 1324 2643 1385; x_wconf 84' lang='lat' dir='ltr'><strong>Porro</strong></span> <span class='ocrx_word' id='word_1_201' title='bbox 2675 1325 2886 1401; x_wconf 91' lang='lat' dir='ltr'><strong>sessio,</strong></span> <span class='ocrx_word' id='word_1_202' title='bbox 2924 1328 3220 1391; x_wconf 83' lang='lat' dir='ltr'><strong>ﬁrmitatis</strong></span> <span class='ocrx_word' id='word_1_203' title='bbox 3252 1331 3585 1410; x_wconf 79' lang='lat' dir='ltr'><strong>symbolum</strong></span> <span class='ocrx_word' id='word_1_204' title='bbox 3624 1341 3734 1400; x_wconf 87' lang='lat' dir='ltr'><strong>est.</strong></span> 
     </span>
    </p>
   </div>
   <div class='ocr_carea' id='block_1_31' title="bbox 2079 1407 3739 1496">
    <p class='ocr_par' dir='ltr' id='par_1_31' title="bbox 2079 1407 3739 1496">
     <span class='ocr_line' id='line_1_31' title="bbox 2079 1407 3739 1496; baseline 0.007 -27"><span class='ocrx_word' id='word_1_205' title='bbox 2079 1407 2359 1492; x_wconf 87' lang='lat' dir='ltr'><strong>Quisquis</strong></span> <span class='ocrx_word' id='word_1_206' title='bbox 2389 1412 2568 1490; x_wconf 84' lang='lat' dir='ltr'><strong>igitur</strong></span> <span class='ocrx_word' id='word_1_207' title='bbox 2596 1413 2823 1476; x_wconf 87' lang='lat' dir='ltr'><strong>sederit</strong></span> <span class='ocrx_word' id='word_1_208' title='bbox 2845 1416 3013 1494; x_wconf 81' lang='lat' dir='ltr'><strong>juxta</strong></span> <span class='ocrx_word' id='word_1_209' title='bbox 3038 1416 3221 1496; x_wconf 89' lang='lat' dir='ltr'><strong>pedes</strong></span> <span class='ocrx_word' id='word_1_210' title='bbox 3241 1407 3402 1494; x_wconf 81' lang='lat' dir='ltr'><strong>.lésu,</strong></span> <span class='ocrx_word' id='word_1_211' title='bbox 3438 1426 3495 1480; x_wconf 88' lang='lat' dir='ltr'><strong>et</strong></span> <span class='ocrx_word' id='word_1_212' title='bbox 3524 1420 3739 1481; x_wconf 83' lang='lat' dir='ltr'><strong>conﬁr-</strong></span> 
     </span>
    </p>
   </div>
   <div class='ocr_carea' id='block_1_32' title="bbox 2080 1503 3738 1585">
    <p class='ocr_par' dir='ltr' id='par_1_32' title="bbox 2080 1503 3738 1585">
     <span class='ocr_line' id='line_1_32' title="bbox 2080 1503 3738 1585; baseline 0.005 -25"><span class='ocrx_word' id='word_1_213' title='bbox 2080 1508 2272 1561; x_wconf 89' lang='lat' dir='ltr'><strong>matus</strong></span> <span class='ocrx_word' id='word_1_214' title='bbox 2297 1503 2477 1563; x_wconf 89' lang='lat' dir='ltr'><strong>fuerit</strong></span> <span class='ocrx_word' id='word_1_215' title='bbox 2507 1503 2566 1564; x_wconf 92' lang='lat' dir='ltr'><strong>in</strong></span> <span class='ocrx_word' id='word_1_216' title='bbox 2606 1505 2884 1585; x_wconf 82' lang='lat' dir='ltr'><strong>practica,</strong></span> <span class='ocrx_word' id='word_1_217' title='bbox 2919 1524 2986 1566; x_wconf 91' lang='lat' dir='ltr'><strong>ac</strong></span> <span class='ocrx_word' id='word_1_218' title='bbox 3009 1505 3274 1569; x_wconf 86' lang='lat' dir='ltr'><strong>imitatur</strong></span> <span class='ocrx_word' id='word_1_219' title='bbox 3302 1508 3479 1571; x_wconf 84' lang='lat' dir='ltr'><strong>vitam</strong></span> <span class='ocrx_word' id='word_1_220' title='bbox 3512 1516 3570 1570; x_wconf 94' lang='lat' dir='ltr'><strong>et</strong></span> <span class='ocrx_word' id='word_1_221' title='bbox 3601 1528 3738 1570; x_wconf 86' lang='lat' dir='ltr'><strong>con-</strong></span> 
     </span>
    </p>
   </div>
   <div class='ocr_carea' id='block_1_33' title="bbox 2079 1592 3733 1675">
    <p class='ocr_par' dir='ltr' id='par_1_33' title="bbox 2079 1592 3733 1675">
     <span class='ocr_line' id='line_1_33' title="bbox 2079 1592 3733 1675; baseline 0.006 -25"><span class='ocrx_word' id='word_1_222' title='bbox 2079 1592 2479 1653; x_wconf 88' lang='lat' dir='ltr'><strong>versationem</strong></span> <span class='ocrx_word' id='word_1_223' title='bbox 2519 1592 2685 1675; x_wconf 88' lang='lat' dir='ltr'><strong>Jesu,</strong></span> <span class='ocrx_word' id='word_1_224' title='bbox 2723 1594 2825 1654; x_wconf 90' lang='lat' dir='ltr'><strong>ille</strong></span> <span class='ocrx_word' id='word_1_225' title='bbox 2878 1603 3082 1674; x_wconf 91' lang='lat' dir='ltr'><strong>postea</strong></span> <span class='ocrx_word' id='word_1_226' title='bbox 3132 1597 3289 1657; x_wconf 85' lang='lat' dir='ltr'><strong>venit</strong></span> <span class='ocrx_word' id='word_1_227' title='bbox 3342 1599 3415 1659; x_wconf 87' lang='lat' dir='ltr'><strong>ad</strong></span> <span class='ocrx_word' id='word_1_228' title='bbox 3469 1598 3733 1660; x_wconf 87' lang='lat' dir='ltr'><strong>auditum</strong></span> 
     </span>
    </p>
   </div>
   <div class='ocr_carea' id='block_1_34' title="bbox 2079 1677 3731 1767">
    <p class='ocr_par' dir='ltr' id='par_1_34' title="bbox 2079 1677 3731 1767">
     <span class='ocr_line' id='line_1_34' title="bbox 2079 1677 3731 1767; baseline 0.006 -28"><span class='ocrx_word' id='word_1_229' title='bbox 2079 1677 2411 1741; x_wconf 86' lang='lat' dir='ltr'><strong>divinorum</strong></span> <span class='ocrx_word' id='word_1_230' title='bbox 2437 1701 2806 1756; x_wconf 87' lang='lat' dir='ltr'><strong>sermonum,</strong></span> <span class='ocrx_word' id='word_1_231' title='bbox 2834 1683 3107 1746; x_wconf 84' lang='lat' dir='ltr'><strong>videlicet</strong></span> <span class='ocrx_word' id='word_1_232' title='bbox 3139 1686 3731 1767; x_wconf 72' lang='lat' dir='ltr'><strong>contemplationem:</strong></span> 
     </span>
    </p>
   </div>
   <div class='ocr_carea' id='block_1_35' title="bbox 335 1766 1981 1862">
    <p class='ocr_par' dir='ltr' id='par_1_35' title="bbox 335 1781 1981 1862">
     <span class='ocr_line' id='line_1_35' title="bbox 335 1781 1981 1862; baseline 0.003 -28"><span class='ocrx_word' id='word_1_233' title='bbox 335 1786 627 1860; x_wconf 74' lang='grc' dir='ltr'>πρακτικῇ,</span> <span class='ocrx_word' id='word_1_234' title='bbox 684 1783 769 1838; x_wconf 66' lang='grc' dir='ltr'><strong>καὶ</strong></span> <span class='ocrx_word' id='word_1_235' title='bbox 820 1782 918 1850; x_wconf 74' lang='grc' dir='ltr'><strong>τὴν</strong></span> <span class='ocrx_word' id='word_1_236' title='bbox 977 1791 1070 1840; x_wconf 85' lang='grc' dir='ltr'><strong>τοῦ</strong></span> <span class='ocrx_word' id='word_1_237' title='bbox 1136 1781 1314 1850; x_wconf 87' lang='grc' dir='ltr'>Ἰησοῦ</span> <span class='ocrx_word' id='word_1_238' title='bbox 1370 1782 1585 1862; x_wconf 79' lang='grc' dir='ltr'>πορείαν</span> <span class='ocrx_word' id='word_1_239' title='bbox 1642 1783 1728 1838; x_wconf 89' lang='grc' dir='ltr'><strong>καὶ</strong></span> <span class='ocrx_word' id='word_1_240' title='bbox 1788 1781 1981 1861; x_wconf 87' lang='grc' dir='ltr'>διαγω-</span> 
     </span>
    </p>
   </div>
   <div class='ocr_carea' id='block_1_36' title="bbox 2067 1766 3732 1862">
    <p class='ocr_par' dir='ltr' id='par_1_36' title="bbox 2078 1766 3732 1862">
     <span class='ocr_line' id='line_1_36' title="bbox 2078 1766 3732 1862; baseline 0.006 -34"><span class='ocrx_word' id='word_1_241' title='bbox 2078 1768 2217 1848; x_wconf 91' lang='lat' dir='ltr'><strong>quia</strong></span> <span class='ocrx_word' id='word_1_242' title='bbox 2235 1779 2305 1862; x_wconf 58' lang='lat' dir='ltr'><strong>Et</strong></span> <span class='ocrx_word' id='word_1_243' title='bbox 2334 1770 2513 1862; x_wconf 71' lang='lat' dir='ltr'><strong>Maria</strong></span> <span class='ocrx_word' id='word_1_244' title='bbox 2544 1772 2802 1862; x_wconf 87' lang='lat' dir='ltr'><strong>primum</strong></span> <span class='ocrx_word' id='word_1_245' title='bbox 2833 1773 3025 1848; x_wconf 87' lang='lat' dir='ltr'><strong>sedet,</strong></span> <span class='ocrx_word' id='word_1_246' title='bbox 3058 1773 3277 1837; x_wconf 87' lang='lat' dir='ltr'><strong>deinde</strong></span> <span class='ocrx_word' id='word_1_247' title='bbox 3310 1766 3474 1837; x_wconf 87' lang='lat' dir='ltr'><strong>audit</strong></span> <span class='ocrx_word' id='word_1_248' title='bbox 3495 1793 3732 1838; x_wconf 88' lang='lat' dir='ltr'><strong>sermo-</strong></span> 
     </span>
    </p>
   </div>
   <div class='ocr_carea' id='block_1_37' title="bbox 332 1870 1993 1951">
    <p class='ocr_par' dir='ltr' id='par_1_37' title="bbox 332 1870 1993 1951">
     <span class='ocr_line' id='line_1_37' title="bbox 332 1870 1993 1951; baseline 0.003 -28"><span class='ocrx_word' id='word_1_249' title='bbox 332 1878 437 1943; x_wconf 76' lang='grc' dir='ltr'><strong>γην</strong></span> <span class='ocrx_word' id='word_1_250' title='bbox 489 1871 865 1945; x_wconf 75' lang='grc' dir='ltr'>μιμησάμενος</span> <span class='ocrx_word' id='word_1_251' title='bbox 925 1870 978 1927; x_wconf 77' lang='grc' dir='ltr'>ἐν</span> <span class='ocrx_word' id='word_1_252' title='bbox 1037 1873 1205 1948; x_wconf 74' lang='grc' dir='ltr'>ταύτῃ</span> <span class='ocrx_word' id='word_1_253' title='bbox 1259 1875 1549 1951; x_wconf 74' lang='grc' dir='ltr'>στερεωθῇ,</span> <span class='ocrx_word' id='word_1_254' title='bbox 1598 1873 1806 1936; x_wconf 72' lang='grc' dir='ltr'>ἒκετνος</span> <span class='ocrx_word' id='word_1_255' title='bbox 1857 1873 1993 1945; x_wconf 81' lang='grc' dir='ltr'>μετὰ</span> 
     </span>
    </p>
   </div>
   <div class='ocr_carea' id='block_1_38' title="bbox 328 1960 1990 2040">
    <p class='ocr_par' dir='ltr' id='par_1_38' title="bbox 328 1960 1990 2040">
     <span class='ocr_line' id='line_1_38' title="bbox 328 1960 1990 2040; baseline 0.004 -29"><span class='ocrx_word' id='word_1_256' title='bbox 328 1960 496 2014; x_wconf 82' lang='grc' dir='ltr'>ταῦτα</span> <span class='ocrx_word' id='word_1_257' title='bbox 526 1960 705 2038; x_wconf 73' lang='grc' dir='ltr'>φθάνει</span> <span class='ocrx_word' id='word_1_258' title='bbox 753 1963 826 2025; x_wconf 81' lang='grc' dir='ltr'>εἷς</span> <span class='ocrx_word' id='word_1_259' title='bbox 857 1962 953 2029; x_wconf 77' lang='grc' dir='ltr'><strong>τὴν</strong></span> <span class='ocrx_word' id='word_1_260' title='bbox 1004 1962 1171 2030; x_wconf 64' lang='grc' dir='ltr'>ἀκοὴν</span> <span class='ocrx_word' id='word_1_261' title='bbox 1201 1968 1307 2019; x_wconf 83' lang='grc' dir='ltr'><strong>τῶν</strong></span> <span class='ocrx_word' id='word_1_262' title='bbox 1351 1962 1503 2018; x_wconf 85' lang='grc' dir='ltr'>θείων</span> <span class='ocrx_word' id='word_1_263' title='bbox 1550 1963 1766 2039; x_wconf 79' lang='grc' dir='ltr'>λογίων,</span> <span class='ocrx_word' id='word_1_264' title='bbox 1829 1961 1990 2040; x_wconf 75' lang='grc' dir='ltr'>ἤγουν</span> 
     </span>
    </p>
   </div>
   <div class='ocr_carea' id='block_1_39' title="bbox 326 2048 1984 2130">
    <p class='ocr_par' dir='ltr' id='par_1_39' title="bbox 326 2048 1984 2130">
     <span class='ocr_line' id='line_1_39' title="bbox 326 2048 1984 2130; baseline 0.004 -29"><span class='ocrx_word' id='word_1_265' title='bbox 326 2048 427 2114; x_wconf 77' lang='grc' dir='ltr'><strong>τὴν</strong></span> <span class='ocrx_word' id='word_1_266' title='bbox 483 2049 724 2128; x_wconf 80' lang='grc' dir='ltr'>θεωρίαν,</span> <span class='ocrx_word' id='word_1_267' title='bbox 785 2050 935 2109; x_wconf 80' lang='grc' dir='ltr'>Ἐπεὶ</span> <span class='ocrx_word' id='word_1_268' title='bbox 993 2053 1082 2109; x_wconf 89' lang='grc' dir='ltr'><strong>καὶ</strong></span> <span class='ocrx_word' id='word_1_269' title='bbox 1139 2053 1174 2119; x_wconf 75' lang='grc' dir='ltr'>ἡ</span> <span class='ocrx_word' id='word_1_270' title='bbox 1226 2052 1398 2130; x_wconf 80' lang='grc' dir='ltr'>Μαρία</span> <span class='ocrx_word' id='word_1_271' title='bbox 1456 2058 1663 2128; x_wconf 84' lang='grc' dir='ltr'>πρῶτον</span> <span class='ocrx_word' id='word_1_272' title='bbox 1707 2052 1984 2123; x_wconf 82' lang='grc' dir='ltr'>καθίσασα,</span> 
     </span>
    </p>
   </div>
   <div class='ocr_carea' id='block_1_40' title="bbox 324 2134 1983 2219">
    <p class='ocr_par' dir='ltr' id='par_1_40' title="bbox 324 2134 1983 2219">
     <span class='ocr_line' id='line_1_40' title="bbox 324 2134 1983 2219; baseline 0.004 -28"><span class='ocrx_word' id='word_1_273' title='bbox 324 2134 431 2193; x_wconf 79' lang='grc' dir='ltr'>εἴθ’</span> <span class='ocrx_word' id='word_1_274' title='bbox 493 2136 661 2203; x_wconf 71' lang='grc' dir='ltr'>οὕτως</span> <span class='ocrx_word' id='word_1_275' title='bbox 697 2138 858 2206; x_wconf 57' lang='grc' dir='ltr'>ἧκνυε</span> <span class='ocrx_word' id='word_1_276' title='bbox 887 2147 993 2197; x_wconf 80' lang='grc' dir='ltr'><strong>τῶν</strong></span> <span class='ocrx_word' id='word_1_277' title='bbox 1039 2140 1236 2219; x_wconf 86' lang='grc' dir='ltr'>λόγων.</span> <span class='ocrx_word' id='word_1_278' title='bbox 1272 2142 1345 2195; x_wconf 81' lang='grc' dir='ltr'>Σὺ</span> <span class='ocrx_word' id='word_1_279' title='bbox 1400 2140 1598 2219; x_wconf 80' lang='grc' dir='ltr'>τοίνυν,</span> <span class='ocrx_word' id='word_1_280' title='bbox 1630 2141 1674 2197; x_wconf 80' lang='grc' dir='ltr'>εἰ</span> <span class='ocrx_word' id='word_1_281' title='bbox 1704 2140 1801 2215; x_wconf 81' lang='grc' dir='ltr'>μὲν</span> <span class='ocrx_word' id='word_1_282' title='bbox 1828 2138 1983 2197; x_wconf 77' lang='grc' dir='ltr'>δόνα-</span> 
     </span>
    </p>
   </div>
   <div class='ocr_carea' id='block_1_41' title="bbox 323 2226 1987 2308">
    <p class='ocr_par' dir='ltr' id='par_1_41' title="bbox 323 2226 1987 2308">
     <span class='ocr_line' id='line_1_41' title="bbox 323 2226 1987 2308; baseline 0.004 -28"><span class='ocrx_word' id='word_1_283' title='bbox 323 2249 438 2305; x_wconf 89' lang='grc' dir='ltr'>σαι,</span> <span class='ocrx_word' id='word_1_284' title='bbox 498 2229 571 2290; x_wconf 83' lang='grc' dir='ltr'><strong>εἰς</strong></span> <span class='ocrx_word' id='word_1_285' title='bbox 616 2229 714 2297; x_wconf 73' lang='grc' dir='ltr'>τὴν</span> <span class='ocrx_word' id='word_1_286' title='bbox 756 2232 856 2296; x_wconf 80' lang='grc' dir='ltr'><strong>τῆς</strong></span> <span class='ocrx_word' id='word_1_287' title='bbox 902 2231 1104 2308; x_wconf 78' lang='grc' dir='ltr'>Μαρίας</span> <span class='ocrx_word' id='word_1_288' title='bbox 1163 2228 1305 2295; x_wconf 80' lang='grc' dir='ltr'>τάξιν</span> <span class='ocrx_word' id='word_1_289' title='bbox 1362 2226 1615 2301; x_wconf 77' lang='grc' dir='ltr'>ἀνάϐηθι,</span> <span class='ocrx_word' id='word_1_290' title='bbox 1654 2230 1803 2308; x_wconf 86' lang='grc' dir='ltr'>κυρία</span> <span class='ocrx_word' id='word_1_291' title='bbox 1832 2250 1987 2307; x_wconf 87' lang='grc' dir='ltr'>γενο-</span> 
     </span>
    </p>
   </div>
   <div class='ocr_carea' id='block_1_42' title="bbox 324 2315 1987 2399">
    <p class='ocr_par' dir='ltr' id='par_1_42' title="bbox 324 2315 1987 2399">
     <span class='ocr_line' id='line_1_42' title="bbox 324 2315 1987 2399; baseline 0.002 -28"><span class='ocrx_word' id='word_1_292' title='bbox 324 2315 465 2390; x_wconf 77' lang='grc' dir='ltr'>μένη</span> <span class='ocrx_word' id='word_1_293' title='bbox 523 2323 630 2373; x_wconf 80' lang='grc' dir='ltr'><strong>τῶν</strong></span> <span class='ocrx_word' id='word_1_294' title='bbox 704 2322 907 2399; x_wconf 79' lang='grc' dir='ltr'>παθῶν,</span> <span class='ocrx_word' id='word_1_295' title='bbox 958 2321 1047 2377; x_wconf 88' lang='grc' dir='ltr'><strong>καὶ</strong></span> <span class='ocrx_word' id='word_1_296' title='bbox 1106 2321 1180 2382; x_wconf 82' lang='grc' dir='ltr'><strong>εἰς</strong></span> <span class='ocrx_word' id='word_1_297' title='bbox 1223 2321 1442 2398; x_wconf 80' lang='grc' dir='ltr'>θεωρίαν</span> <span class='ocrx_word' id='word_1_298' title='bbox 1501 2320 1762 2397; x_wconf 70' lang='grc' dir='ltr'>φθάσασα.</span> <span class='ocrx_word' id='word_1_299' title='bbox 1824 2321 1878 2376; x_wconf 83' lang='grc' dir='ltr'>Εἰ</span> <span class='ocrx_word' id='word_1_300' title='bbox 1932 2317 1987 2375; x_wconf 79' lang='grc' dir='ltr'><strong>δὲ</strong></span> 
     </span>
    </p>
   </div>
   <div class='ocr_carea' id='block_1_43' title="bbox 326 2406 1988 2489">
    <p class='ocr_par' dir='ltr' id='par_1_43' title="bbox 326 2406 1988 2489">
     <span class='ocr_line' id='line_1_43' title="bbox 326 2406 1988 2489; baseline 0.002 -29"><span class='ocrx_word' id='word_1_301' title='bbox 326 2406 406 2479; x_wconf 61' lang='grc' dir='ltr'>μὴ</span> <span class='ocrx_word' id='word_1_302' title='bbox 462 2407 616 2467; x_wconf 86' lang='grc' dir='ltr'>τοῦτό</span> <span class='ocrx_word' id='word_1_303' title='bbox 672 2430 754 2464; x_wconf 92' lang='grc' dir='ltr'><strong>σοι</strong></span> <span class='ocrx_word' id='word_1_304' title='bbox 827 2406 1067 2489; x_wconf 79' lang='grc' dir='ltr'>δυνατὸν,</span> <span class='ocrx_word' id='word_1_305' title='bbox 1115 2409 1296 2489; x_wconf 82' lang='grc' dir='ltr'>Μάρθα</span> <span class='ocrx_word' id='word_1_306' title='bbox 1357 2415 1533 2486; x_wconf 84' lang='grc' dir='ltr'>γενοῦ,</span> <span class='ocrx_word' id='word_1_307' title='bbox 1591 2415 1669 2483; x_wconf 85' lang='grc' dir='ltr'>τῷ</span> <span class='ocrx_word' id='word_1_308' title='bbox 1712 2415 1988 2486; x_wconf 80' lang='grc' dir='ltr'>πρακτικῷ</span> 
     </span>
    </p>
   </div>
   <div class='ocr_carea' id='block_1_44' title="bbox 326 2494 1987 2580">
    <p class='ocr_par' dir='ltr' id='par_1_44' title="bbox 326 2494 1987 2580">
     <span class='ocr_line' id='line_1_44' title="bbox 326 2494 1987 2580; baseline 0.001 -29"><span class='ocrx_word' id='word_1_309' title='bbox 326 2497 478 2574; x_wconf 81' lang='grc' dir='ltr'>μέρει</span> <span class='ocrx_word' id='word_1_310' title='bbox 531 2497 921 2580; x_wconf 88' lang='grc' dir='ltr'>προσκειμένη,</span> <span class='ocrx_word' id='word_1_311' title='bbox 965 2500 1055 2555; x_wconf 81' lang='grc' dir='ltr'>καὶ</span> <span class='ocrx_word' id='word_1_312' title='bbox 1116 2494 1202 2553; x_wconf 74' lang='grc' dir='ltr'>διὰ</span> <span class='ocrx_word' id='word_1_313' title='bbox 1261 2498 1450 2555; x_wconf 69' lang='grc' dir='ltr'>τούτου</span> <span class='ocrx_word' id='word_1_314' title='bbox 1511 2499 1735 2576; x_wconf 79' lang='grc' dir='ltr'>Χριστὸν</span> <span class='ocrx_word' id='word_1_315' title='bbox 1797 2496 1987 2555; x_wconf 68' lang='lat'><strong>31:085-</strong></span> 
     </span>
    </p>
   </div>
   <div class='ocr_carea' id='block_1_45' title="bbox 325 2576 1985 2670">
    <p class='ocr_par' dir='ltr' id='par_1_45' title="bbox 325 2576 1985 2670">
     <span class='ocr_line' id='line_1_45' title="bbox 325 2576 1985 2670; baseline 0.002 -31"><span class='ocrx_word' id='word_1_316' title='bbox 325 2586 569 2664; x_wconf 63' lang='grc' dir='ltr'>χομένη.</span> <span class='ocrx_word' id='word_1_317' title='bbox 637 2576 781 2666; x_wconf 69' lang='grc' dir='ltr'>’Ὅρα</span> <span class='ocrx_word' id='word_1_318' title='bbox 838 2576 1010 2644; x_wconf 25' lang='grc' dir='ltr'>ὂέτκαὶ</span> <span class='ocrx_word' id='word_1_319' title='bbox 1051 2590 1137 2660; x_wconf 82' lang='grc' dir='ltr'>τὸ,</span> <span class='ocrx_word' id='word_1_320' title='bbox 1176 2608 1205 2647; x_wconf 80' lang='grc'><strong>(</strong></span> <span class='ocrx_word' id='word_1_321' title='bbox 1240 2587 1359 2655; x_wconf 65' lang='grc' dir='ltr'>ἥτις</span> <span class='ocrx_word' id='word_1_322' title='bbox 1420 2593 1512 2648; x_wconf 70' lang='grc' dir='ltr'>οὐκ</span> <span class='ocrx_word' id='word_1_323' title='bbox 1574 2589 1985 2670; x_wconf 71' lang='grc' dir='ltr'>ἀφαιρεθήσεται</span> 
     </span>
    </p>
   </div>
   <div class='ocr_carea' id='block_1_46' title="bbox 330 2667 1989 2759">
    <p class='ocr_par' dir='ltr' id='par_1_46' title="bbox 330 2667 1989 2759">
     <span class='ocr_line' id='line_1_46' title="bbox 330 2667 1989 2759; baseline 0.002 -30"><span class='ocrx_word' id='word_1_324' title='bbox 330 2672 423 2730; x_wconf 68' lang='grc' dir='ltr'><strong>ἀπ’</strong></span> <span class='ocrx_word' id='word_1_325' title='bbox 468 2676 657 2744; x_wconf 69' lang='grc' dir='ltr'>αὖτῆς.</span> <span class='ocrx_word' id='word_1_326' title='bbox 697 2699 720 2734; x_wconf 69' lang='grc' dir='ltr'><strong>υ</strong></span> <span class='ocrx_word' id='word_1_327' title='bbox 791 2667 848 2735; x_wconf 62' lang='grc' dir='ltr'><strong>Ὀ</strong></span> <span class='ocrx_word' id='word_1_328' title='bbox 905 2677 1001 2753; x_wconf 77' lang='grc' dir='ltr'>μὲν</span> <span class='ocrx_word' id='word_1_329' title='bbox 1046 2680 1145 2758; x_wconf 83' lang='grc' dir='ltr'><strong>γὰρ</strong></span> <span class='ocrx_word' id='word_1_330' title='bbox 1202 2680 1492 2759; x_wconf 78' lang='grc' dir='ltr'>πρακτικὸς</span> <span class='ocrx_word' id='word_1_331' title='bbox 1549 2667 1669 2758; x_wconf 75' lang='grc' dir='ltr'>ἔχει</span> <span class='ocrx_word' id='word_1_332' title='bbox 1698 2679 1726 2731; x_wconf 74' lang='grc' dir='ltr'><strong>ὃ</strong></span> <span class='ocrx_word' id='word_1_333' title='bbox 1775 2679 1989 2758; x_wconf 72' lang='grc' dir='ltr'>ἀφαιρε-</span> 
     </span>
    </p>
   </div>
   <div class='ocr_carea' id='block_1_47' title="bbox 322 2763 1982 2848">
    <p class='ocr_par' dir='ltr' id='par_1_47' title="bbox 322 2763 1982 2848">
     <span class='ocr_line' id='line_1_47' title="bbox 322 2763 1982 2848; baseline -0.001 -29"><span class='ocrx_word' id='word_1_334' title='bbox 322 2766 545 2832; x_wconf 55' lang='grc' dir='ltr'>θήσεται</span> <span class='ocrx_word' id='word_1_335' title='bbox 600 2763 694 2821; x_wconf 84' lang='grc' dir='ltr'><strong>ἀπ’</strong></span> <span class='ocrx_word' id='word_1_336' title='bbox 752 2768 935 2848; x_wconf 79' lang='grc' dir='ltr'>αὐτοῦ,</span> <span class='ocrx_word' id='word_1_337' title='bbox 968 2768 1260 2845; x_wconf 76' lang='grc' dir='ltr'>τουτέστιν,</span> <span class='ocrx_word' id='word_1_338' title='bbox 1294 2767 1421 2824; x_wconf 67' lang='grc' dir='ltr'>αὐτὸ</span> <span class='ocrx_word' id='word_1_339' title='bbox 1465 2777 1619 2827; x_wconf 84' lang='grc' dir='ltr'>τοῦτο</span> <span class='ocrx_word' id='word_1_340' title='bbox 1661 2767 1760 2835; x_wconf 75' lang='grc' dir='ltr'>τὴν</span> <span class='ocrx_word' id='word_1_341' title='bbox 1804 2768 1982 2848; x_wconf 77' lang='grc' dir='ltr'>ἀσχο-</span> 
     </span>
    </p>
   </div>
   <div class='ocr_carea' id='block_1_48' title="bbox 317 2854 1985 2935">
    <p class='ocr_par' dir='ltr' id='par_1_48' title="bbox 317 2854 1985 2935">
     <span class='ocr_line' id='line_1_48' title="bbox 317 2854 1985 2935; baseline 0.004 -27"><span class='ocrx_word' id='word_1_342' title='bbox 317 2854 460 2927; x_wconf 80' lang='grc' dir='ltr'>λίαν,</span> <span class='ocrx_word' id='word_1_343' title='bbox 540 2858 628 2911; x_wconf 82' lang='grc' dir='ltr'>καὶ</span> <span class='ocrx_word' id='word_1_344' title='bbox 680 2857 770 2914; x_wconf 85' lang='grc' dir='ltr'>τὸν</span> <span class='ocrx_word' id='word_1_345' title='bbox 840 2858 1210 2933; x_wconf 86' lang='grc' dir='ltr'>περισπασμόν</span> <span class='ocrx_word' id='word_1_346' title='bbox 1244 2873 1258 2886; x_wconf 88' lang='grc'>⁶</span> <span class='ocrx_word' id='word_1_347' title='bbox 1338 2855 1652 2934; x_wconf 86' lang='grc' dir='ltr'>προκόπτων</span> <span class='ocrx_word' id='word_1_348' title='bbox 1714 2858 1813 2935; x_wconf 86' lang='grc' dir='ltr'><strong>γὰρ</strong></span> <span class='ocrx_word' id='word_1_349' title='bbox 1896 2859 1985 2914; x_wconf 87' lang='grc' dir='ltr'><strong>καὶ</strong></span> 
     </span>
    </p>
   </div>
   <div class='ocr_carea' id='block_1_49' title="bbox 317 2944 1976 3026">
    <p class='ocr_par' dir='ltr' id='par_1_49' title="bbox 317 2944 1976 3026">
     <span class='ocr_line' id='line_1_49' title="bbox 317 2944 1976 3026; baseline 0.002 -28"><span class='ocrx_word' id='word_1_350' title='bbox 317 2944 526 3021; x_wconf 62' lang='grc' dir='ltr'>φθάνων</span> <span class='ocrx_word' id='word_1_351' title='bbox 577 2946 650 3007; x_wconf 84' lang='grc' dir='ltr'><strong>εἰς</strong></span> <span class='ocrx_word' id='word_1_352' title='bbox 692 2946 937 3026; x_wconf 88' lang='grc' dir='ltr'>θεωρίαν,</span> <span class='ocrx_word' id='word_1_353' title='bbox 998 2946 1089 3002; x_wconf 70' lang='grc' dir='ltr'><strong>τοῦ</strong></span> <span class='ocrx_word' id='word_1_354' title='bbox 1145 2953 1517 3024; x_wconf 87' lang='grc' dir='ltr'>περισπασμοῦ</span> <span class='ocrx_word' id='word_1_355' title='bbox 1575 2948 1791 3013; x_wconf 78' lang='grc' dir='ltr'>καὶτῆς</span> <span class='ocrx_word' id='word_1_356' title='bbox 1849 2947 1976 3024; x_wconf 75' lang='grc' dir='ltr'>τύρ-</span> 
     </span>
    </p>
   </div>
   <div class='ocr_carea' id='block_1_50' title="bbox 320 3030 884 3113">
    <p class='ocr_par' dir='ltr' id='par_1_50' title="bbox 320 3030 884 3113">
     <span class='ocr_line' id='line_1_50' title="bbox 320 3030 884 3113; baseline 0.009 -26"><span class='ocrx_word' id='word_1_357' title='bbox 320 3030 420 3099; x_wconf 74' lang='grc' dir='ltr'>ὅης</span> <span class='ocrx_word' id='word_1_358' title='bbox 477 3033 833 3113; x_wconf 66' lang='grc' dir='ltr'>ἐλευθεροῦται</span> <span class='ocrx_word' id='word_1_359' title='bbox 870 3055 884 3069; x_wconf 85' lang='grc'><strong><em>⁸</em></strong></span> 
     </span>
    </p>
   </div>
   <div class='ocr_carea' id='block_1_51' title="bbox 322 3113 1978 3204">
    <p class='ocr_par' dir='ltr' id='par_1_51' title="bbox 322 3113 1978 3204">
     <span class='ocr_line' id='line_1_51' title="bbox 322 3113 1978 3204; baseline 0.033 -28"><span class='ocrx_word' id='word_1_360' title='bbox 322 3113 379 3177; x_wconf 87' lang='lat' dir='ltr'><strong>&#39;o</strong></span> <span class='ocrx_word' id='word_1_361' title='bbox 545 3127 867 3203; x_wconf 71' lang='grc' dir='ltr'>θεωρητικὸς</span> <span class='ocrx_word' id='word_1_362' title='bbox 945 3125 1004 3183; x_wconf 65' lang='grc' dir='ltr'>οὗ</span> <span class='ocrx_word' id='word_1_363' title='bbox 1080 3113 1349 3204; x_wconf 55' lang='grc' dir='ltr'>στερέττάί</span> <span class='ocrx_word' id='word_1_364' title='bbox 1416 3146 1546 3182; x_wconf 72' lang='grc' dir='ltr'>π’πε</span> <span class='ocrx_word' id='word_1_365' title='bbox 1615 3130 1714 3192; x_wconf 58' lang='grc' dir='ltr'><strong>τῆς</strong></span> <span class='ocrx_word' id='word_1_366' title='bbox 1774 3124 1978 3202; x_wconf 63' lang='grc' dir='ltr'><strong>ἆγ²θῆς</strong></span> 
     </span>
    </p>
   </div>
   <div class='ocr_carea' id='block_1_52' title="bbox 2078 1858 3733 1942">
    <p class='ocr_par' dir='ltr' id='par_1_52' title="bbox 2078 1858 3733 1942">
     <span class='ocr_line' id='line_1_52' title="bbox 2078 1858 3733 1942; baseline 0.006 -24"><span class='ocrx_word' id='word_1_367' title='bbox 2078 1875 2203 1919; x_wconf 89' lang='lat' dir='ltr'><strong>nes.</strong></span> <span class='ocrx_word' id='word_1_368' title='bbox 2234 1858 2323 1920; x_wconf 92' lang='lat' dir='ltr'><strong>Tu</strong></span> <span class='ocrx_word' id='word_1_369' title='bbox 2356 1859 2534 1939; x_wconf 82' lang='lat' dir='ltr'><strong>igitur</strong></span> <span class='ocrx_word' id='word_1_370' title='bbox 2562 1860 2612 1922; x_wconf 92' lang='lat' dir='ltr'><strong>si</strong></span> <span class='ocrx_word' id='word_1_371' title='bbox 2639 1862 2877 1942; x_wconf 88' lang='lat' dir='ltr'><strong>quidem</strong></span> <span class='ocrx_word' id='word_1_372' title='bbox 2913 1871 3102 1942; x_wconf 90' lang='lat' dir='ltr'><strong>potes,</strong></span> <span class='ocrx_word' id='word_1_373' title='bbox 3126 1865 3187 1924; x_wconf 90' lang='lat' dir='ltr'><strong>in</strong></span> <span class='ocrx_word' id='word_1_374' title='bbox 3214 1865 3486 1926; x_wconf 87' lang='lat' dir='ltr'><strong>ordinem</strong></span> <span class='ocrx_word' id='word_1_375' title='bbox 3532 1867 3733 1929; x_wconf 64' lang='lat' dir='ltr'><strong>Maria:</strong></span> 
     </span>
    </p>
   </div>
   <div class='ocr_carea' id='block_1_53' title="bbox 2074 1949 3732 2030">
    <p class='ocr_par' dir='ltr' id='par_1_53' title="bbox 2074 1949 3732 2030">
     <span class='ocr_line' id='line_1_53' title="bbox 2074 1949 3732 2030; baseline 0.006 -24"><span class='ocrx_word' id='word_1_376' title='bbox 2074 1949 2356 2030; x_wconf 86' lang='lat' dir='ltr'><strong>ascende,</strong></span> <span class='ocrx_word' id='word_1_377' title='bbox 2384 1958 2439 2011; x_wconf 90' lang='lat' dir='ltr'><strong>et</strong></span> <span class='ocrx_word' id='word_1_378' title='bbox 2460 1951 2566 2012; x_wconf 84' lang='lat' dir='ltr'><strong>ﬁas</strong></span> <span class='ocrx_word' id='word_1_379' title='bbox 2597 1951 2843 2012; x_wconf 88' lang='lat' dir='ltr'><strong>domina</strong></span> <span class='ocrx_word' id='word_1_380' title='bbox 2865 1952 3269 2028; x_wconf 74' lang='lat' dir='ltr'><strong>affectionum,</strong></span> <span class='ocrx_word' id='word_1_381' title='bbox 3297 1962 3354 2016; x_wconf 92' lang='lat' dir='ltr'><strong>et</strong></span> <span class='ocrx_word' id='word_1_382' title='bbox 3374 1954 3446 2015; x_wconf 89' lang='lat' dir='ltr'><strong>ad</strong></span> <span class='ocrx_word' id='word_1_383' title='bbox 3467 1963 3732 2016; x_wconf 90' lang='lat' dir='ltr'><strong>contem-</strong></span> 
     </span>
    </p>
   </div>
   <div class='ocr_carea' id='block_1_54' title="bbox 2074 2036 3729 2125">
    <p class='ocr_par' dir='ltr' id='par_1_54' title="bbox 2074 2036 3729 2125">
     <span class='ocr_line' id='line_1_54' title="bbox 2074 2036 3729 2125; baseline 0.004 -28"><span class='ocrx_word' id='word_1_384' title='bbox 2074 2036 2396 2115; x_wconf 91' lang='lat' dir='ltr'><strong>plationem</strong></span> <span class='ocrx_word' id='word_1_385' title='bbox 2422 2040 2689 2104; x_wconf 88' lang='lat' dir='ltr'><strong>veniens.</strong></span> <span class='ocrx_word' id='word_1_386' title='bbox 2722 2043 2799 2102; x_wconf 88' lang='lat' dir='ltr'><strong>At</strong></span> <span class='ocrx_word' id='word_1_387' title='bbox 2832 2042 2878 2102; x_wconf 89' lang='lat' dir='ltr'><strong>si</strong></span> <span class='ocrx_word' id='word_1_388' title='bbox 2912 2042 3024 2102; x_wconf 93' lang='lat' dir='ltr'><strong>hoc</strong></span> <span class='ocrx_word' id='word_1_389' title='bbox 3050 2041 3157 2102; x_wconf 85' lang='lat' dir='ltr'><strong>tibi</strong></span> <span class='ocrx_word' id='word_1_390' title='bbox 3190 2061 3304 2103; x_wconf 92' lang='lat' dir='ltr'><strong>non</strong></span> <span class='ocrx_word' id='word_1_391' title='bbox 3326 2044 3507 2105; x_wconf 91' lang='lat' dir='ltr'><strong>fuerit</strong></span> <span class='ocrx_word' id='word_1_392' title='bbox 3533 2045 3729 2125; x_wconf 78' lang='lat' dir='ltr'><strong>possi-</strong></span> 
     </span>
    </p>
   </div>
   <div class='ocr_carea' id='block_1_55' title="bbox 2073 2125 3731 2214">
    <p class='ocr_par' dir='ltr' id='par_1_55' title="bbox 2073 2125 3731 2214">
     <span class='ocr_line' id='line_1_55' title="bbox 2073 2125 3731 2214; baseline 0.007 -29"><span class='ocrx_word' id='word_1_393' title='bbox 2073 2125 2214 2202; x_wconf 88' lang='lat' dir='ltr'><strong>bile,</strong></span> <span class='ocrx_word' id='word_1_394' title='bbox 2248 2129 2479 2190; x_wconf 85' lang='lat' dir='ltr'><strong>Martha</strong></span> <span class='ocrx_word' id='word_1_395' title='bbox 2512 2139 2658 2205; x_wconf 91' lang='lat' dir='ltr'><strong>esto,</strong></span> <span class='ocrx_word' id='word_1_396' title='bbox 2704 2130 2983 2210; x_wconf 65' lang='lat' dir='ltr'><strong>practicaa</strong></span> <span class='ocrx_word' id='word_1_397' title='bbox 3014 2132 3164 2212; x_wconf 86' lang='lat' dir='ltr'><strong>parti</strong></span> <span class='ocrx_word' id='word_1_398' title='bbox 3196 2132 3489 2210; x_wconf 89' lang='lat' dir='ltr'><strong>addictus,</strong></span> <span class='ocrx_word' id='word_1_399' title='bbox 3534 2142 3592 2194; x_wconf 91' lang='lat' dir='ltr'><strong>et</strong></span> <span class='ocrx_word' id='word_1_400' title='bbox 3622 2152 3731 2214; x_wconf 89' lang='lat' dir='ltr'><strong>per</strong></span> 
     </span>
    </p>
   </div>
   <div class='ocr_carea' id='block_1_56' title="bbox 2072 2216 3730 2300">
    <p class='ocr_par' dir='ltr' id='par_1_56' title="bbox 2072 2216 3730 2300">
     <span class='ocr_line' id='line_1_56' title="bbox 2072 2216 3730 2300; baseline 0.005 -22"><span class='ocrx_word' id='word_1_401' title='bbox 2072 2216 2184 2278; x_wconf 86' lang='lat' dir='ltr'><strong>hoc</strong></span> <span class='ocrx_word' id='word_1_402' title='bbox 2213 2218 2510 2280; x_wconf 86' lang='lat' dir='ltr'><strong>Christum</strong></span> <span class='ocrx_word' id='word_1_403' title='bbox 2544 2220 2899 2300; x_wconf 84' lang='lat' dir='ltr'><strong>suscipiens.</strong></span> <span class='ocrx_word' id='word_1_404' title='bbox 2921 2218 3071 2282; x_wconf 85' lang='lat' dir='ltr'><strong>Vide</strong></span> <span class='ocrx_word' id='word_1_405' title='bbox 3097 2230 3293 2283; x_wconf 81' lang='lat' dir='ltr'><strong>autem</strong></span> <span class='ocrx_word' id='word_1_406' title='bbox 3328 2223 3440 2285; x_wconf 88' lang='lat' dir='ltr'><strong>hoc</strong></span> <span class='ocrx_word' id='word_1_407' title='bbox 3472 2243 3486 2286; x_wconf 89' lang='lat'><strong>:</strong></span> <span class='ocrx_word' id='word_1_408' title='bbox 3524 2247 3551 2279; x_wconf 74' lang='grc' dir='ltr'><strong>α</strong></span> <span class='ocrx_word' id='word_1_409' title='bbox 3589 2224 3730 2296; x_wconf 63' lang='lat' dir='ltr'><strong>Quae</strong></span> 
     </span>
    </p>
   </div>
   <div class='ocr_carea' id='block_1_57' title="bbox 2072 2308 3727 2395">
    <p class='ocr_par' dir='ltr' id='par_1_57' title="bbox 2072 2308 3727 2395">
     <span class='ocr_line' id='line_1_57' title="bbox 2072 2308 3727 2395; baseline 0.005 -28"><span class='ocrx_word' id='word_1_410' title='bbox 2072 2326 2189 2368; x_wconf 92' lang='lat' dir='ltr'><strong>non</strong></span> <span class='ocrx_word' id='word_1_411' title='bbox 2220 2308 2525 2370; x_wconf 83' lang='lat' dir='ltr'><strong>auferetur</strong></span> <span class='ocrx_word' id='word_1_412' title='bbox 2552 2310 2627 2370; x_wconf 86' lang='lat' dir='ltr'><strong>ab</strong></span> <span class='ocrx_word' id='word_1_413' title='bbox 2651 2328 2742 2371; x_wconf 90' lang='lat' dir='ltr'><strong>ea.</strong></span> <span class='ocrx_word' id='word_1_414' title='bbox 2773 2333 2793 2365; x_wconf 80' lang='grc' dir='ltr'><strong>ι</strong></span> <span class='ocrx_word' id='word_1_415' title='bbox 2826 2309 3135 2373; x_wconf 89' lang='lat' dir='ltr'><strong>Practicus</strong></span> <span class='ocrx_word' id='word_1_416' title='bbox 3168 2313 3327 2373; x_wconf 87' lang='lat' dir='ltr'><strong>enim</strong></span> <span class='ocrx_word' id='word_1_417' title='bbox 3361 2312 3540 2375; x_wconf 86' lang='lat' dir='ltr'><strong>habet</strong></span> <span class='ocrx_word' id='word_1_418' title='bbox 3568 2315 3727 2395; x_wconf 89' lang='lat' dir='ltr'><strong>quod</strong></span> 
     </span>
    </p>
   </div>
   <div class='ocr_carea' id='block_1_58' title="bbox 2071 2401 3728 2488">
    <p class='ocr_par' dir='ltr' id='par_1_58' title="bbox 2071 2401 3728 2488">
     <span class='ocr_line' id='line_1_58' title="bbox 2071 2401 3728 2488; baseline 0.004 -27"><span class='ocrx_word' id='word_1_419' title='bbox 2071 2419 2104 2461; x_wconf 92' lang='lat' dir='ltr'><strong>a</strong></span> <span class='ocrx_word' id='word_1_420' title='bbox 2133 2419 2197 2463; x_wconf 90' lang='lat' dir='ltr'><strong>se</strong></span> <span class='ocrx_word' id='word_1_421' title='bbox 2218 2401 2538 2480; x_wconf 85' lang='lat' dir='ltr'><strong>auferatur,</strong></span> <span class='ocrx_word' id='word_1_422' title='bbox 2567 2404 2680 2465; x_wconf 90' lang='lat' dir='ltr'><strong>hoc</strong></span> <span class='ocrx_word' id='word_1_423' title='bbox 2703 2412 2815 2485; x_wconf 92' lang='lat' dir='ltr'><strong>est,</strong></span> <span class='ocrx_word' id='word_1_424' title='bbox 2843 2403 3293 2467; x_wconf 89' lang='lat' dir='ltr'><strong>distractionem</strong></span> <span class='ocrx_word' id='word_1_425' title='bbox 3318 2407 3728 2488; x_wconf 85' lang='lat' dir='ltr'><strong>etoccupatio-</strong></span> 
     </span>
    </p>
   </div>
   <div class='ocr_carea' id='block_1_59' title="bbox 2069 2492 3722 2575">
    <p class='ocr_par' dir='ltr' id='par_1_59' title="bbox 2069 2492 3722 2575">
     <span class='ocr_line' id='line_1_59' title="bbox 2069 2492 3722 2575; baseline 0.003 -24"><span class='ocrx_word' id='word_1_426' title='bbox 2069 2508 2242 2551; x_wconf 85' lang='lat' dir='ltr'><strong>nem:</strong></span> <span class='ocrx_word' id='word_1_427' title='bbox 2272 2492 2641 2573; x_wconf 85' lang='lat' dir='ltr'><strong>proﬁciendo</strong></span> <span class='ocrx_word' id='word_1_428' title='bbox 2668 2492 2827 2553; x_wconf 89' lang='lat' dir='ltr'><strong>enim</strong></span> <span class='ocrx_word' id='word_1_429' title='bbox 2852 2493 3016 2554; x_wconf 89' lang='lat' dir='ltr'><strong>venit</strong></span> <span class='ocrx_word' id='word_1_430' title='bbox 3045 2494 3116 2555; x_wconf 90' lang='lat' dir='ltr'><strong>ad</strong></span> <span class='ocrx_word' id='word_1_431' title='bbox 3138 2494 3722 2575; x_wconf 89' lang='lat' dir='ltr'><strong>contemplationem,</strong></span> 
     </span>
    </p>
   </div>
   <div class='ocr_carea' id='block_1_60' title="bbox 2069 2580 3727 2665">
    <p class='ocr_par' dir='ltr' id='par_1_60' title="bbox 2069 2580 3727 2665">
     <span class='ocr_line' id='line_1_60' title="bbox 2069 2580 3727 2665; baseline 0.004 -24"><span class='ocrx_word' id='word_1_432' title='bbox 2069 2580 2473 2665; x_wconf 86' lang='lat' dir='ltr'><strong>liberaturque</strong></span> <span class='ocrx_word' id='word_1_433' title='bbox 2497 2601 2530 2643; x_wconf 86' lang='lat' dir='ltr'><strong>a</strong></span> <span class='ocrx_word' id='word_1_434' title='bbox 2563 2582 2894 2653; x_wconf 83' lang='lat' dir='ltr'><strong>turbatione</strong></span> <span class='ocrx_word' id='word_1_435' title='bbox 2918 2591 2975 2643; x_wconf 90' lang='lat' dir='ltr'><strong>et</strong></span> <span class='ocrx_word' id='word_1_436' title='bbox 2997 2582 3403 2658; x_wconf 87' lang='lat' dir='ltr'><strong>distractione,</strong></span> <span class='ocrx_word' id='word_1_437' title='bbox 3440 2594 3497 2645; x_wconf 92' lang='lat' dir='ltr'><strong>et</strong></span> <span class='ocrx_word' id='word_1_438' title='bbox 3521 2585 3600 2646; x_wconf 88' lang='lat' dir='ltr'><strong>ita</strong></span> <span class='ocrx_word' id='word_1_439' title='bbox 3627 2604 3727 2646; x_wconf 85' lang='lat' dir='ltr'><strong>au-</strong></span> 
     </span>
    </p>
   </div>
   <div class='ocr_carea' id='block_1_61' title="bbox 2068 2670 3724 2756">
    <p class='ocr_par' dir='ltr' id='par_1_61' title="bbox 2068 2670 3724 2756">
     <span class='ocr_line' id='line_1_61' title="bbox 2068 2670 3724 2756; baseline 0.003 -24"><span class='ocrx_word' id='word_1_440' title='bbox 2068 2671 2296 2735; x_wconf 85' lang='lat' dir='ltr'><strong>feretur</strong></span> <span class='ocrx_word' id='word_1_441' title='bbox 2323 2672 2542 2754; x_wconf 86' lang='lat' dir='ltr'><strong>aliquid</strong></span> <span class='ocrx_word' id='word_1_442' title='bbox 2576 2673 2648 2733; x_wconf 90' lang='lat' dir='ltr'><strong>ab</strong></span> <span class='ocrx_word' id='word_1_443' title='bbox 2672 2691 2769 2734; x_wconf 92' lang='lat' dir='ltr'><strong>eo.</strong></span> <span class='ocrx_word' id='word_1_444' title='bbox 2802 2670 3250 2752; x_wconf 88' lang='lat' dir='ltr'><strong>Contemplator</strong></span> <span class='ocrx_word' id='word_1_445' title='bbox 3274 2692 3413 2735; x_wconf 91' lang='lat' dir='ltr'><strong>vero</strong></span> <span class='ocrx_word' id='word_1_446' title='bbox 3444 2693 3560 2735; x_wconf 92' lang='lat' dir='ltr'><strong>non</strong></span> <span class='ocrx_word' id='word_1_447' title='bbox 3595 2676 3724 2756; x_wconf 90' lang='lat' dir='ltr'><strong>pri-</strong></span> 
     </span>
    </p>
   </div>
   <div class='ocr_carea' id='block_1_62' title="bbox 2066 2762 3728 2843">
    <p class='ocr_par' dir='ltr' id='par_1_62' title="bbox 2066 2762 3728 2843">
     <span class='ocr_line' id='line_1_62' title="bbox 2066 2762 3728 2843; baseline 0.002 -20"><span class='ocrx_word' id='word_1_448' title='bbox 2066 2771 2239 2825; x_wconf 90' lang='lat' dir='ltr'><strong>vatur</strong></span> <span class='ocrx_word' id='word_1_449' title='bbox 2269 2764 2379 2825; x_wconf 86' lang='lat' dir='ltr'><strong>hac</strong></span> <span class='ocrx_word' id='word_1_450' title='bbox 2407 2764 2562 2825; x_wconf 84' lang='lat' dir='ltr'><strong>bona</strong></span> <span class='ocrx_word' id='word_1_451' title='bbox 2591 2771 2776 2843; x_wconf 89' lang='lat' dir='ltr'><strong>parte,</strong></span> <span class='ocrx_word' id='word_1_452' title='bbox 2812 2762 3320 2843; x_wconf 89' lang='lat' dir='ltr'><strong>contemplatione</strong></span> <span class='ocrx_word' id='word_1_453' title='bbox 3375 2765 3623 2827; x_wconf 89' lang='lat' dir='ltr'><strong>scilicet.</strong></span> <span class='ocrx_word' id='word_1_454' title='bbox 3660 2764 3728 2826; x_wconf 89' lang='lat' dir='ltr'><strong>In</strong></span> 
     </span>
    </p>
   </div>
   <div class='ocr_carea' id='block_1_63' title="bbox 2067 2850 3729 2933">
    <p class='ocr_par' dir='ltr' id='par_1_63' title="bbox 2067 2850 3729 2933">
     <span class='ocr_line' id='line_1_63' title="bbox 2067 2850 3729 2933; baseline 0.002 -19"><span class='ocrx_word' id='word_1_455' title='bbox 2067 2850 2223 2933; x_wconf 88' lang='lat' dir='ltr'><strong>quod</strong></span> <span class='ocrx_word' id='word_1_456' title='bbox 2248 2853 2406 2915; x_wconf 87' lang='lat' dir='ltr'><strong>enim</strong></span> <span class='ocrx_word' id='word_1_457' title='bbox 2424 2852 2612 2932; x_wconf 88' lang='lat' dir='ltr'><strong>majus</strong></span> <span class='ocrx_word' id='word_1_458' title='bbox 2634 2853 2794 2913; x_wconf 91' lang='lat' dir='ltr'><strong>aliud</strong></span> <span class='ocrx_word' id='word_1_459' title='bbox 2815 2850 3261 2932; x_wconf 84' lang='lat' dir='ltr'><strong>proﬁceret,ubi</strong></span> <span class='ocrx_word' id='word_1_460' title='bbox 3284 2853 3347 2915; x_wconf 89' lang='lat' dir='ltr'><strong>in</strong></span> <span class='ocrx_word' id='word_1_461' title='bbox 3366 2854 3479 2916; x_wconf 92' lang='lat' dir='ltr'><strong>hoc</strong></span> <span class='ocrx_word' id='word_1_462' title='bbox 3496 2854 3729 2918; x_wconf 87' lang='lat' dir='ltr'><strong>venerit</strong></span> 
     </span>
    </p>
   </div>
   <div class='ocr_carea' id='block_1_64' title="bbox 2064 2940 3728 3024">
    <p class='ocr_par' dir='ltr' id='par_1_64' title="bbox 2064 2940 3728 3024">
     <span class='ocr_line' id='line_1_64' title="bbox 2064 2940 3728 3024; baseline 0.001 -21"><span class='ocrx_word' id='word_1_463' title='bbox 2064 2940 2389 3024; x_wconf 82' lang='lat' dir='ltr'><strong>fastigium,</strong></span> <span class='ocrx_word' id='word_1_464' title='bbox 2443 2941 2700 3003; x_wconf 90' lang='lat' dir='ltr'><strong>divinam</strong></span> <span class='ocrx_word' id='word_1_465' title='bbox 2751 2940 2889 3002; x_wconf 90' lang='lat' dir='ltr'><strong>dico</strong></span> <span class='ocrx_word' id='word_1_466' title='bbox 2944 2940 3258 3023; x_wconf 80' lang='lat' dir='ltr'><strong>visionem,</strong></span> <span class='ocrx_word' id='word_1_467' title='bbox 3314 2942 3368 3002; x_wconf 92' lang='lat' dir='ltr'><strong>id</strong></span> <span class='ocrx_word' id='word_1_468' title='bbox 3425 2944 3579 3024; x_wconf 90' lang='lat' dir='ltr'><strong>quod</strong></span> <span class='ocrx_word' id='word_1_469' title='bbox 3639 2951 3728 3006; x_wconf 92' lang='lat' dir='ltr'><strong>est</strong></span> 
     </span>
    </p>
   </div>
   <div class='ocr_carea' id='block_1_65' title="bbox 945 3021 1981 3115">
    <p class='ocr_par' dir='ltr' id='par_1_65' title="bbox 945 3034 1969 3115">
     <span class='ocr_line' id='line_1_65' title="bbox 945 3034 1969 3115; baseline -0.001 -23"><span class='ocrx_word' id='word_1_470' title='bbox 945 3035 1084 3093; x_wconf 79' lang='grc' dir='ltr'>ὥστε</span> <span class='ocrx_word' id='word_1_471' title='bbox 1158 3036 1464 3115; x_wconf 69' lang='grc' dir='ltr'>ἀφαιρεῖταί</span> <span class='ocrx_word' id='word_1_472' title='bbox 1535 3058 1583 3091; x_wconf 75' lang='grc' dir='ltr'><strong>τι</strong></span> <span class='ocrx_word' id='word_1_473' title='bbox 1629 3034 1721 3091; x_wconf 80' lang='grc' dir='ltr'><strong>ἀπ’</strong></span> <span class='ocrx_word' id='word_1_474' title='bbox 1786 3038 1969 3097; x_wconf 72' lang='grc' dir='ltr'>αὒτοῦ.</span> 
     </span>
    </p>
   </div>
   <div class='ocr_carea' id='block_1_66' title="bbox 2067 3021 3713 3115">
    <p class='ocr_par' dir='ltr' id='par_1_66' title="bbox 2067 3021 3713 3115">
     <span class='ocr_line' id='line_1_66' title="bbox 2067 3021 3713 3115; baseline 0.001 -21"><span class='ocrx_word' id='word_1_475' title='bbox 2067 3021 2321 3094; x_wconf 72' lang='lat' dir='ltr'><strong>deificari</strong></span> <span class='ocrx_word' id='word_1_476' title='bbox 2346 3021 2507 3104; x_wconf 20' lang='lat' dir='ltr'><strong>?&#39;Qui</strong></span> <span class='ocrx_word' id='word_1_477' title='bbox 2538 3031 2697 3092; x_wconf 76' lang='lat' dir='ltr'><strong>enim</strong></span> <span class='ocrx_word' id='word_1_478' title='bbox 2731 3030 2837 3092; x_wconf 91' lang='lat' dir='ltr'><strong>Dei</strong></span> <span class='ocrx_word' id='word_1_479' title='bbox 2866 3028 3154 3091; x_wconf 91' lang='lat' dir='ltr'><strong>visionem</strong></span> <span class='ocrx_word' id='word_1_480' title='bbox 3174 3021 3316 3091; x_wconf 73' lang='lat'><strong>555</strong></span> <span class='ocrx_word' id='word_1_481' title='bbox 3347 3021 3713 3115; x_wconf 67' lang='lat' dir='ltr'><strong>assequitur,</strong></span> 
     </span>
    </p>
   </div>
   <div class='ocr_carea' id='block_1_67' title="bbox 2062 3118 3579 3201">
    <p class='ocr_par' dir='ltr' id='par_1_67' title="bbox 2062 3118 3579 3201">
     <span class='ocr_line' id='line_1_67' title="bbox 2062 3118 3579 3201; baseline 0.001 -17"><span class='ocrx_word' id='word_1_482' title='bbox 2062 3121 2220 3184; x_wconf 87' lang='lat' dir='ltr'><strong>Deus</strong></span> <span class='ocrx_word' id='word_1_483' title='bbox 2252 3120 2337 3183; x_wconf 86' lang='lat' dir='ltr'><strong>ﬁt.</strong></span> <span class='ocrx_word' id='word_1_484' title='bbox 2374 3119 2585 3182; x_wconf 90' lang='lat' dir='ltr'><strong>Simile</strong></span> <span class='ocrx_word' id='word_1_485' title='bbox 2616 3120 2773 3180; x_wconf 92' lang='lat' dir='ltr'><strong>enim</strong></span> <span class='ocrx_word' id='word_1_486' title='bbox 2808 3118 2991 3180; x_wconf 90' lang='lat' dir='ltr'><strong>simili</strong></span> <span class='ocrx_word' id='word_1_487' title='bbox 3022 3121 3579 3201; x_wconf 88' lang='lat' dir='ltr'><strong>comprehenditur.</strong></span> 
     </span>
    </p>
   </div>
   <div class='ocr_carea' id='block_1_68' title="bbox 323 3210 3719 3295">
    <p class='ocr_par' dir='ltr' id='par_1_68' title="bbox 323 3210 3719 3295">
     <span class='ocr_line' id='line_1_68' title="bbox 323 3210 3719 3295; baseline 0 -28"><span class='ocrx_word' id='word_1_488' title='bbox 323 3213 522 3278; x_wconf 81' lang='grc' dir='ltr'>ταύτης</span> <span class='ocrx_word' id='word_1_489' title='bbox 553 3213 787 3293; x_wconf 79' lang='grc' dir='ltr'>μερίδος,</span> <span class='ocrx_word' id='word_1_490' title='bbox 818 3214 961 3293; x_wconf 87' lang='grc' dir='ltr'>λέγω</span> <span class='ocrx_word' id='word_1_491' title='bbox 1007 3212 1072 3282; x_wconf 80' lang='grc' dir='ltr'><strong>δὴ</strong></span> <span class='ocrx_word' id='word_1_492' title='bbox 1102 3220 1202 3282; x_wconf 77' lang='grc' dir='ltr'>τῆς</span> <span class='ocrx_word' id='word_1_493' title='bbox 1246 3214 1489 3295; x_wconf 88' lang='grc' dir='ltr'>θεωρίας.</span> <span class='ocrx_word' id='word_1_494' title='bbox 1555 3215 1640 3276; x_wconf 76' lang='grc' dir='ltr'>Εἰς</span> <span class='ocrx_word' id='word_1_495' title='bbox 1694 3214 1793 3293; x_wconf 75' lang='grc' dir='ltr'>γὰρ</span> <span class='ocrx_word' id='word_1_496' title='bbox 1838 3226 1998 3295; x_wconf 76' lang='grc' dir='ltr'>ποῖον</span> <span class='ocrx_word' id='word_1_497' title='bbox 2048 3210 2178 3268; x_wconf 74' lang='grc' dir='ltr'>ἄλλο</span> <span class='ocrx_word' id='word_1_498' title='bbox 2222 3219 2409 3286; x_wconf 76' lang='grc' dir='ltr'>μεῖζον</span> <span class='ocrx_word' id='word_1_499' title='bbox 2456 3213 2739 3289; x_wconf 72' lang='grc' dir='ltr'>προκόψει,</span> <span class='ocrx_word' id='word_1_500' title='bbox 2788 3210 2987 3290; x_wconf 76' lang='grc' dir='ltr'>φθάσας</span> <span class='ocrx_word' id='word_1_501' title='bbox 3046 3210 3119 3273; x_wconf 87' lang='grc' dir='ltr'><strong>εἰς</strong></span> <span class='ocrx_word' id='word_1_502' title='bbox 3153 3211 3277 3266; x_wconf 76' lang='grc' dir='ltr'>αὐτὸ</span> <span class='ocrx_word' id='word_1_503' title='bbox 3307 3212 3367 3266; x_wconf 84' lang='grc' dir='ltr'>τὸ</span> <span class='ocrx_word' id='word_1_504' title='bbox 3403 3212 3719 3289; x_wconf 83' lang='grc' dir='ltr'>ἀκρότατον,</span> 
     </span>
    </p>
   </div>
   <div class='ocr_carea' id='block_1_69' title="bbox 325 3293 3251 3384">
    <p class='ocr_par' dir='ltr' id='par_1_69' title="bbox 325 3293 3251 3384">
     <span class='ocr_line' id='line_1_69' title="bbox 325 3293 3251 3384; baseline -0.001 -27"><span class='ocrx_word' id='word_1_505' title='bbox 325 3299 471 3379; x_wconf 79' lang='grc' dir='ltr'>λέγω</span> <span class='ocrx_word' id='word_1_506' title='bbox 498 3301 564 3370; x_wconf 74' lang='grc' dir='ltr'><strong>δὴ</strong></span> <span class='ocrx_word' id='word_1_507' title='bbox 598 3306 658 3360; x_wconf 81' lang='grc' dir='ltr'>τὸ</span> <span class='ocrx_word' id='word_1_508' title='bbox 687 3307 818 3361; x_wconf 82' lang='grc' dir='ltr'>Θεὸν</span> <span class='ocrx_word' id='word_1_509' title='bbox 848 3304 1088 3384; x_wconf 81' lang='grc' dir='ltr'>βλέπειν,</span> <span class='ocrx_word' id='word_1_510' title='bbox 1122 3302 1252 3380; x_wconf 74' lang='grc' dir='ltr'>ὅπερ</span> <span class='ocrx_word' id='word_1_511' title='bbox 1281 3293 1393 3361; x_wconf 76' lang='grc' dir='ltr'>’ἐστι</span> <span class='ocrx_word' id='word_1_512' title='bbox 1424 3304 1790 3383; x_wconf 83' lang='grc' dir='ltr'>θεουργεῖσθαι</span> <span class='ocrx_word' id='word_1_513' title='bbox 1824 3324 1840 3379; x_wconf 85' lang='lat'><strong>;</strong></span> <span class='ocrx_word' id='word_1_514' title='bbox 1878 3293 1935 3361; x_wconf 69' lang='grc' dir='ltr'><strong>Ὀ</strong></span> <span class='ocrx_word' id='word_1_515' title='bbox 1966 3302 2067 3380; x_wconf 83' lang='grc' dir='ltr'><strong>γὰρ</strong></span> <span class='ocrx_word' id='word_1_516' title='bbox 2099 3302 2228 3357; x_wconf 82' lang='grc' dir='ltr'>Θεὸν</span> <span class='ocrx_word' id='word_1_517' title='bbox 2279 3300 2495 3378; x_wconf 73' lang='grc' dir='ltr'>βλέπειν</span> <span class='ocrx_word' id='word_1_518' title='bbox 2549 3300 2810 3374; x_wconf 75' lang='grc' dir='ltr'>ἀξιωθεὶς,</span> <span class='ocrx_word' id='word_1_519' title='bbox 2857 3300 2976 3363; x_wconf 84' lang='grc' dir='ltr'>θεὸς</span> <span class='ocrx_word' id='word_1_520' title='bbox 3007 3302 3205 3376; x_wconf 84' lang='grc' dir='ltr'>γίνεται</span> <span class='ocrx_word' id='word_1_521' title='bbox 3240 3319 3251 3330; x_wconf 90' lang='grc'><strong>·</strong></span> 
     </span>
    </p>
   </div>
   <div class='ocr_carea' id='block_1_70' title="bbox 323 3389 1116 3470">
    <p class='ocr_par' dir='ltr' id='par_1_70' title="bbox 323 3389 1116 3470">
     <span class='ocr_line' id='line_1_70' title="bbox 323 3389 1116 3470; baseline 0.008 -25"><span class='ocrx_word' id='word_1_522' title='bbox 323 3392 385 3446; x_wconf 78' lang='grc' dir='ltr'>τὸ</span> <span class='ocrx_word' id='word_1_523' title='bbox 416 3389 602 3467; x_wconf 68' lang='grc' dir='ltr'>ὅμοιον</span> <span class='ocrx_word' id='word_1_524' title='bbox 632 3392 1116 3470; x_wconf 69' lang='grc' dir='ltr'>καταλαμϐάνεται,</span> 
     </span>
    </p>
   </div>
   <div class='ocr_carea' id='block_1_71' title="bbox 950 3492 1359 3564">
    <p class='ocr_par' dir='ltr' id='par_1_71' title="bbox 950 3492 1359 3564">
     <span class='ocr_line' id='line_1_71' title="bbox 950 3492 1359 3564; baseline 0.015 -6"><span class='ocrx_word' id='word_1_525' title='bbox 950 3492 1359 3564; x_wconf 56' lang='grc' dir='ltr'><strong>ΚΕΦΑΑ.1ΑΖ</strong></span> 
     </span>
    </p>
   </div>
   <div class='ocr_carea' id='block_1_72' title="bbox 982 3595 1978 3675">
    <p class='ocr_par' dir='ltr' id='par_1_72' title="bbox 982 3595 1978 3675">
     <span class='ocr_line' id='line_1_72' title="bbox 982 3595 1978 3675; baseline 0.003 -25"><span class='ocrx_word' id='word_1_526' title='bbox 982 3596 1106 3662; x_wconf 83' lang='grc' dir='ltr'>Περὶ</span> <span class='ocrx_word' id='word_1_527' title='bbox 1204 3603 1297 3652; x_wconf 83' lang='grc' dir='ltr'><strong>τοῦ</strong></span> <span class='ocrx_word' id='word_1_528' title='bbox 1346 3674 1349 3675; x_wconf 13' lang='grc' dir='ltr'><em>ν</em></span> <span class='ocrx_word' id='word_1_529' title='bbox 1390 3595 1615 3675; x_wconf 79' lang='grc' dir='ltr'>ἔχοντος</span> <span class='ocrx_word' id='word_1_530' title='bbox 1705 3595 1978 3673; x_wconf 83' lang='grc' dir='ltr'>δαιμόνιον</span> 
     </span>
    </p>
   </div>
   <div class='ocr_carea' id='block_1_73' title="bbox 399 3674 1974 3759">
    <p class='ocr_par' dir='ltr' id='par_1_73' title="bbox 399 3674 1974 3759">
     <span class='ocr_line' id='line_1_73' title="bbox 399 3674 1974 3759; baseline 0.005 -31"><span class='ocrx_word' id='word_1_531' title='bbox 399 3676 599 3753; x_wconf 73' lang='grc' dir='ltr'>κωφόν.</span> <span class='ocrx_word' id='word_1_532' title='bbox 686 3678 808 3754; x_wconf 84' lang='grc' dir='ltr'>Περὶ</span> <span class='ocrx_word' id='word_1_533' title='bbox 893 3680 1013 3759; x_wconf 15' lang='grc' dir='ltr'>τῆς,</span> <span class='ocrx_word' id='word_1_534' title='bbox 1048 3675 1111 3759; x_wconf 75' lang='grc' dir='ltr'>ἐκ</span> <span class='ocrx_word' id='word_1_535' title='bbox 1166 3686 1258 3735; x_wconf 86' lang='grc' dir='ltr'><strong>τοῦ</strong></span> <span class='ocrx_word' id='word_1_536' title='bbox 1318 3674 1486 3756; x_wconf 72' lang='grc' dir='ltr'>ὄχλου</span> <span class='ocrx_word' id='word_1_537' title='bbox 1534 3676 1803 3756; x_wconf 82' lang='grc' dir='ltr'>ἐπαράσης</span> <span class='ocrx_word' id='word_1_538' title='bbox 1857 3703 1974 3759; x_wconf 75' lang='grc' dir='ltr'>φω-</span> 
     </span>
    </p>
   </div>
   <div class='ocr_carea' id='block_1_74' title="bbox 398 3756 1976 3840">
    <p class='ocr_par' dir='ltr' id='par_1_74' title="bbox 398 3756 1976 3840">
     <span class='ocr_line' id='line_1_74' title="bbox 398 3756 1976 3840; baseline 0.006 -33"><span class='ocrx_word' id='word_1_539' title='bbox 398 3756 518 3825; x_wconf 68' lang='grc' dir='ltr'>νήν.</span> <span class='ocrx_word' id='word_1_540' title='bbox 582 3757 703 3835; x_wconf 88' lang='grc' dir='ltr'>Περὶ</span> <span class='ocrx_word' id='word_1_541' title='bbox 782 3763 887 3813; x_wconf 80' lang='grc' dir='ltr'>τῶν</span> <span class='ocrx_word' id='word_1_542' title='bbox 969 3757 1253 3812; x_wconf 72' lang='grc' dir='ltr'>αἰτούντων</span> <span class='ocrx_word' id='word_1_543' title='bbox 1336 3769 1586 3833; x_wconf 38' lang='grc' dir='ltr'>σημεῖονλ</span> <span class='ocrx_word' id='word_1_544' title='bbox 1679 3761 1803 3840; x_wconf 79' lang='grc' dir='ltr'>Περὶ</span> <span class='ocrx_word' id='word_1_545' title='bbox 1871 3756 1976 3817; x_wconf 58' lang='grc' dir='ltr'>’τοῦ</span> 
     </span>
    </p>
   </div>
   <div class='ocr_carea' id='block_1_75' title="bbox 390 3836 1974 3921">
    <p class='ocr_par' dir='ltr' id='par_1_75' title="bbox 390 3836 1974 3921">
     <span class='ocr_line' id='line_1_75' title="bbox 390 3836 1974 3921; baseline 0.006 -32"><span class='ocrx_word' id='word_1_546' title='bbox 390 3839 678 3914; x_wconf 84' lang='grc' dir='ltr'>Φαρισαίου</span> <span class='ocrx_word' id='word_1_547' title='bbox 763 3844 857 3893; x_wconf 86' lang='grc' dir='ltr'><strong>τοῦ</strong></span> <span class='ocrx_word' id='word_1_548' title='bbox 940 3836 1264 3901; x_wconf 81' lang='grc' dir='ltr'>καλέσαντος</span> <span class='ocrx_word' id='word_1_549' title='bbox 1361 3837 1452 3894; x_wconf 88' lang='grc' dir='ltr'><strong>τόν</strong></span> <span class='ocrx_word' id='word_1_550' title='bbox 1532 3836 1767 3905; x_wconf 63' lang='grc' dir='ltr'>Ἰησοῦνξ</span> <span class='ocrx_word' id='word_1_551' title='bbox 1853 3842 1974 3921; x_wconf 79' lang='grc' dir='ltr'>Περὶ</span> 
     </span>
    </p>
   </div>
   <div class='ocr_carea' id='block_1_76' title="bbox 390 3915 1257 3993">
    <p class='ocr_par' dir='ltr' id='par_1_76' title="bbox 390 3915 1257 3993">
     <span class='ocr_line' id='line_1_76' title="bbox 390 3915 1257 3993; baseline 0.006 -22"><span class='ocrx_word' id='word_1_552' title='bbox 390 3923 487 3973; x_wconf 84' lang='grc' dir='ltr'><strong>τοῦ</strong></span> <span class='ocrx_word' id='word_1_553' title='bbox 513 3915 839 3993; x_wconf 88' lang='grc' dir='ltr'>ταλανισμοῦ</span> <span class='ocrx_word' id='word_1_554' title='bbox 865 3920 968 3975; x_wconf 77' lang='grc' dir='ltr'>τῶν</span> <span class='ocrx_word' id='word_1_555' title='bbox 1000 3924 1257 3992; x_wconf 83' lang='grc' dir='ltr'>νομικῶν.</span> 
     </span>
    </p>
   </div>
   <div class='ocr_carea' id='block_1_77' title="bbox 324 3595 881 3675">
    <p class='ocr_par' dir='ltr' id='par_1_77' title="bbox 324 3595 881 3675">
     <span class='ocr_line' id='line_1_77' title="bbox 324 3595 881 3675; baseline 0.002 -27"><span class='ocrx_word' id='word_1_556' title='bbox 324 3595 449 3671; x_wconf 83' lang='grc' dir='ltr'>Περὶ</span> <span class='ocrx_word' id='word_1_557' title='bbox 550 3601 881 3675; x_wconf 72' lang='grc' dir='ltr'>προσευχῆς,</span> 
     </span>
    </p>
   </div>
   <div class='ocr_carea' id='block_1_78' title="bbox 397 4007 1971 4085">
    <p class='ocr_par' dir='ltr' id='par_1_78' title="bbox 397 4007 1971 4085">
     <span class='ocr_line' id='line_1_78' title="bbox 397 4007 1971 4085; baseline 0.006 -25"><span class='ocrx_word' id='word_1_558' title='bbox 397 4029 425 4060; x_wconf 75' lang='grc' dir='ltr'><strong>ιι</strong></span> <span class='ocrx_word' id='word_1_559' title='bbox 487 4008 583 4065; x_wconf 84' lang='grc' dir='ltr'>Καὶ</span> <span class='ocrx_word' id='word_1_560' title='bbox 635 4007 869 4085; x_wconf 85' lang='grc' dir='ltr'>ἐγένετο,</span> <span class='ocrx_word' id='word_1_561' title='bbox 932 4008 987 4064; x_wconf 79' lang='grc' dir='ltr'>ἐν</span> <span class='ocrx_word' id='word_1_562' title='bbox 1042 4016 1118 4083; x_wconf 81' lang='grc' dir='ltr'><strong>τῷ</strong></span> <span class='ocrx_word' id='word_1_563' title='bbox 1162 4008 1304 4065; x_wconf 71' lang='grc' dir='ltr'>εἶναι</span> <span class='ocrx_word' id='word_1_564' title='bbox 1364 4010 1519 4067; x_wconf 72' lang='grc' dir='ltr'>αὐτὸν</span> <span class='ocrx_word' id='word_1_565' title='bbox 1574 4009 1628 4065; x_wconf 83' lang='grc' dir='ltr'>ἐν</span> <span class='ocrx_word' id='word_1_566' title='bbox 1683 4012 1833 4085; x_wconf 76' lang='grc' dir='ltr'>τόπῳ</span> <span class='ocrx_word' id='word_1_567' title='bbox 1873 4015 1971 4069; x_wconf 88' lang='grc' dir='ltr'>τινὶ</span> 
     </span>
    </p>
   </div>
   <div class='ocr_carea' id='block_1_79' title="bbox 309 4097 1970 4177">
    <p class='ocr_par' dir='ltr' id='par_1_79' title="bbox 309 4097 1970 4177">
     <span class='ocr_line' id='line_1_79' title="bbox 309 4097 1970 4177; baseline 0.003 -24"><span class='ocrx_word' id='word_1_568' title='bbox 309 4097 770 4176; x_wconf 68' lang='grc' dir='ltr'>προσευχόμενον,</span> <span class='ocrx_word' id='word_1_569' title='bbox 847 4100 918 4163; x_wconf 83' lang='grc' dir='ltr'>ὡς</span> <span class='ocrx_word' id='word_1_570' title='bbox 976 4098 1268 4168; x_wconf 81' lang='grc' dir='ltr'>ἐπαύσατο,</span> <span class='ocrx_word' id='word_1_571' title='bbox 1328 4098 1453 4154; x_wconf 81' lang='grc' dir='ltr'>εἶπέ</span> <span class='ocrx_word' id='word_1_572' title='bbox 1507 4122 1587 4163; x_wconf 88' lang='grc' dir='ltr'><strong>τις</strong></span> <span class='ocrx_word' id='word_1_573' title='bbox 1642 4106 1747 4156; x_wconf 84' lang='grc' dir='ltr'><strong>τῶν</strong></span> <span class='ocrx_word' id='word_1_574' title='bbox 1800 4105 1970 4177; x_wconf 83' lang='grc' dir='ltr'>μαθη-</span> 
     </span>
    </p>
   </div>
   <div class='ocr_carea' id='block_1_80' title="bbox 310 4186 1967 4270">
    <p class='ocr_par' dir='ltr' id='par_1_80' title="bbox 310 4186 1967 4270">
     <span class='ocr_line' id='line_1_80' title="bbox 310 4186 1967 4270; baseline 0.004 -29"><span class='ocrx_word' id='word_1_575' title='bbox 310 4190 416 4241; x_wconf 74' lang='grc' dir='ltr'>τῶν</span> <span class='ocrx_word' id='word_1_576' title='bbox 466 4186 622 4244; x_wconf 69' lang='grc' dir='ltr'>αὔτοῦ</span> <span class='ocrx_word' id='word_1_577' title='bbox 654 4190 784 4266; x_wconf 84' lang='grc' dir='ltr'>πρὸς</span> <span class='ocrx_word' id='word_1_578' title='bbox 831 4186 987 4243; x_wconf 69' lang='grc' dir='ltr'>αὐτόν</span> <span class='ocrx_word' id='word_1_579' title='bbox 1019 4206 1031 4220; x_wconf 89' lang='grc'><strong>·</strong></span> <span class='ocrx_word' id='word_1_580' title='bbox 1068 4188 1248 4266; x_wconf 80' lang='grc' dir='ltr'>Κύριε,</span> <span class='ocrx_word' id='word_1_581' title='bbox 1303 4186 1501 4254; x_wconf 79' lang='grc' dir='ltr'>διδαξον</span> <span class='ocrx_word' id='word_1_582' title='bbox 1545 4190 1687 4263; x_wconf 80' lang='grc' dir='ltr'>ἡμᾶς</span> <span class='ocrx_word' id='word_1_583' title='bbox 1736 4193 1967 4270; x_wconf 84' lang='grc' dir='ltr'>προσεύ-</span> 
     </span>
    </p>
   </div>
   <div class='ocr_carea' id='block_1_81' title="bbox 314 4272 1968 4355">
    <p class='ocr_par' dir='ltr' id='par_1_81' title="bbox 314 4272 1968 4355">
     <span class='ocr_line' id='line_1_81' title="bbox 314 4272 1968 4355; baseline 0.004 -24"><span class='ocrx_word' id='word_1_584' title='bbox 314 4272 529 4355; x_wconf 63' lang='grc' dir='ltr'>χεσθαι.</span> <span class='ocrx_word' id='word_1_585' title='bbox 590 4278 763 4339; x_wconf 86' lang='grc' dir='ltr'>καθὼς</span> <span class='ocrx_word' id='word_1_586' title='bbox 822 4277 910 4332; x_wconf 86' lang='grc' dir='ltr'><strong>καὶ</strong></span> <span class='ocrx_word' id='word_1_587' title='bbox 986 4274 1236 4344; x_wconf 83' lang='grc' dir='ltr'>Ἰωάννης</span> <span class='ocrx_word' id='word_1_588' title='bbox 1300 4275 1490 4343; x_wconf 74' lang='grc' dir='ltr'>ἐδίδαξε</span> <span class='ocrx_word' id='word_1_589' title='bbox 1548 4280 1667 4345; x_wconf 81' lang='grc' dir='ltr'>τοὺς</span> <span class='ocrx_word' id='word_1_590' title='bbox 1727 4284 1968 4355; x_wconf 76' lang='grc' dir='ltr'>μαθητὰς</span> 
     </span>
    </p>
   </div>
   <div class='ocr_carea' id='block_1_82' title="bbox 312 4356 1965 4448">
    <p class='ocr_par' dir='ltr' id='par_1_82' title="bbox 312 4356 1965 4448">
     <span class='ocr_line' id='line_1_82' title="bbox 312 4356 1965 4448; baseline 0.005 -28"><span class='ocrx_word' id='word_1_591' title='bbox 312 4368 495 4427; x_wconf 71' lang='grc' dir='ltr'>αὖτοῦ,</span> <span class='ocrx_word' id='word_1_592' title='bbox 531 4367 669 4423; x_wconf 81' lang='grc' dir='ltr'>Εἶπε</span> <span class='ocrx_word' id='word_1_593' title='bbox 714 4364 770 4422; x_wconf 80' lang='grc' dir='ltr'><strong>δὲ</strong></span> <span class='ocrx_word' id='word_1_594' title='bbox 802 4368 983 4430; x_wconf 72' lang='grc' dir='ltr'>αὖτοτς</span> <span class='ocrx_word' id='word_1_595' title='bbox 1017 4385 1031 4400; x_wconf 86' lang='grc'><em>’</em></span> <span class='ocrx_word' id='word_1_596' title='bbox 1090 4356 1265 4425; x_wconf 73' lang='grc' dir='ltr'><strong>υΟτιίν</strong></span> <span class='ocrx_word' id='word_1_597' title='bbox 1313 4369 1704 4448; x_wconf 73' lang='grc' dir='ltr'>προσεύχησθε,</span> <span class='ocrx_word' id='word_1_598' title='bbox 1740 4368 1919 4448; x_wconf 81' lang='grc' dir='ltr'>λέγετε</span> <span class='ocrx_word' id='word_1_599' title='bbox 1947 4391 1965 4409; x_wconf 86' lang='grc'>⁶</span> 
     </span>
    </p>
   </div>
   <div class='ocr_carea' id='block_1_83' title="bbox 3304 3304 3722 3381">
    <p class='ocr_par' dir='ltr' id='par_1_83' title="bbox 3304 3304 3722 3381">
     <span class='ocr_line' id='line_1_83' title="bbox 3304 3304 3722 3381; baseline 0.014 -6"><span class='ocrx_word' id='word_1_600' title='bbox 3304 3308 3391 3375; x_wconf 79' lang='grc' dir='ltr'>Τῷ</span> <span class='ocrx_word' id='word_1_601' title='bbox 3422 3304 3590 3376; x_wconf 68' lang='grc' dir='ltr'><strong>ὁμοίῳ</strong></span> <span class='ocrx_word' id='word_1_602' title='bbox 3622 3304 3722 3381; x_wconf 70' lang='grc' dir='ltr'><strong>γὰρ</strong></span> 
     </span>
    </p>
   </div>
   <div class='ocr_carea' id='block_1_84' title="bbox 2698 3496 3080 3562">
    <p class='ocr_par' dir='ltr' id='par_1_84' title="bbox 2698 3496 3080 3562">
     <span class='ocr_line' id='line_1_84' title="bbox 2698 3496 3080 3562; baseline 0 -1"><span class='ocrx_word' id='word_1_603' title='bbox 2698 3496 2939 3562; x_wconf 86' lang='lat' dir='ltr'><strong>CAPUT</strong></span> <span class='ocrx_word' id='word_1_604' title='bbox 2984 3497 3080 3561; x_wconf 86' lang='lat' dir='ltr'><strong>X1.</strong></span> 
     </span>
    </p>
   </div>
   <div class='ocr_carea' id='block_1_85' title="bbox 2062 3591 3712 3675">
    <p class='ocr_par' dir='ltr' id='par_1_85' title="bbox 2062 3591 3712 3675">
     <span class='ocr_line' id='line_1_85' title="bbox 2062 3591 3712 3675; baseline 0.003 -24"><span class='ocrx_word' id='word_1_605' title='bbox 2062 3591 2148 3653; x_wconf 83' lang='lat' dir='ltr'><strong>De</strong></span> <span class='ocrx_word' id='word_1_606' title='bbox 2168 3595 2471 3675; x_wconf 70' lang='lat' dir='ltr'><strong>oratione.</strong></span> <span class='ocrx_word' id='word_1_607' title='bbox 2522 3593 2604 3655; x_wconf 82' lang='lat' dir='ltr'><strong>De</strong></span> <span class='ocrx_word' id='word_1_608' title='bbox 2636 3611 2707 3656; x_wconf 77' lang='lat' dir='ltr'><strong>eo</strong></span> <span class='ocrx_word' id='word_1_609' title='bbox 2736 3595 2846 3675; x_wconf 73' lang='lat' dir='ltr'><strong>qui</strong></span> <span class='ocrx_word' id='word_1_610' title='bbox 2874 3595 3133 3656; x_wconf 76' lang='lat' dir='ltr'><strong>habebat</strong></span> <span class='ocrx_word' id='word_1_611' title='bbox 3180 3595 3544 3675; x_wconf 71' lang='lat' dir='ltr'><strong>daemonium</strong></span> <span class='ocrx_word' id='word_1_612' title='bbox 3572 3612 3712 3658; x_wconf 83' lang='lat' dir='ltr'><strong>sur—</strong></span> 
     </span>
    </p>
   </div>
   <div class='ocr_carea' id='block_1_86' title="bbox 2141 3673 3708 3754">
    <p class='ocr_par' dir='ltr' id='par_1_86' title="bbox 2141 3673 3708 3754">
     <span class='ocr_line' id='line_1_86' title="bbox 2141 3673 3708 3754; baseline 0.003 -21"><span class='ocrx_word' id='word_1_613' title='bbox 2141 3673 2310 3735; x_wconf 84' lang='lat' dir='ltr'><strong>dum.</strong></span> <span class='ocrx_word' id='word_1_614' title='bbox 2351 3674 2436 3737; x_wconf 83' lang='lat' dir='ltr'><strong>De</strong></span> <span class='ocrx_word' id='word_1_615' title='bbox 2464 3676 2720 3736; x_wconf 75' lang='lat' dir='ltr'><strong>muliere</strong></span> <span class='ocrx_word' id='word_1_616' title='bbox 2745 3673 2883 3754; x_wconf 64' lang='lat' dir='ltr'><strong>qua:</strong></span> <span class='ocrx_word' id='word_1_617' title='bbox 2916 3692 3115 3737; x_wconf 86' lang='lat' dir='ltr'><strong>vocem</strong></span> <span class='ocrx_word' id='word_1_618' title='bbox 3152 3674 3226 3737; x_wconf 81' lang='lat' dir='ltr'><strong>de</strong></span> <span class='ocrx_word' id='word_1_619' title='bbox 3260 3674 3439 3737; x_wconf 80' lang='lat' dir='ltr'><strong>turba</strong></span> <span class='ocrx_word' id='word_1_620' title='bbox 3468 3678 3708 3739; x_wconf 71' lang='lat' dir='ltr'><strong>extulit.</strong></span> 
     </span>
    </p>
   </div>
   <div class='ocr_carea' id='block_1_87' title="bbox 2138 3754 3711 3836">
    <p class='ocr_par' dir='ltr' id='par_1_87' title="bbox 2138 3754 3711 3836">
     <span class='ocr_line' id='line_1_87' title="bbox 2138 3754 3711 3836; baseline 0.002 -21"><span class='ocrx_word' id='word_1_621' title='bbox 2138 3754 2226 3836; x_wconf 70' lang='lat' dir='ltr'><strong>pe</strong></span> <span class='ocrx_word' id='word_1_622' title='bbox 2253 3756 2599 3836; x_wconf 71' lang='lat' dir='ltr'><strong>petentibus</strong></span> <span class='ocrx_word' id='word_1_623' title='bbox 2623 3759 2903 3836; x_wconf 13' lang='lat' dir='ltr'><strong>isignum.</strong></span> <span class='ocrx_word' id='word_1_624' title='bbox 2960 3755 3043 3836; x_wconf 68' lang='lat' dir='ltr'><strong>De</strong></span> <span class='ocrx_word' id='word_1_625' title='bbox 3074 3755 3386 3817; x_wconf 75' lang='lat' dir='ltr'><strong>Pharist</strong></span> <span class='ocrx_word' id='word_1_626' title='bbox 3414 3757 3711 3836; x_wconf 75' lang='lat' dir='ltr'><strong>interpel-</strong></span> 
     </span>
    </p>
   </div>
   <div class='ocr_carea' id='block_1_88' title="bbox 2139 3832 3528 3917">
    <p class='ocr_par' dir='ltr' id='par_1_88' title="bbox 2139 3832 3528 3917">
     <span class='ocr_line' id='line_1_88' title="bbox 2139 3832 3528 3917; baseline 0.001 -22"><span class='ocrx_word' id='word_1_627' title='bbox 2139 3832 2310 3896; x_wconf 68' lang='lat' dir='ltr'><strong>lante</strong></span> <span class='ocrx_word' id='word_1_628' title='bbox 2336 3835 2568 3899; x_wconf 74' lang='lat' dir='ltr'><strong>Iesum.</strong></span> <span class='ocrx_word' id='word_1_629' title='bbox 2606 3832 2980 3899; x_wconf 43' lang='lat' dir='ltr'><strong>De&#39;mz&#39;seria</strong></span> <span class='ocrx_word' id='word_1_630' title='bbox 3011 3835 3528 3917; x_wconf 74' lang='lat' dir='ltr'><strong>legisperitorum.</strong></span> 
     </span>
    </p>
   </div>
   <div class='ocr_carea' id='block_1_89' title="bbox 2134 4000 3708 4088">
    <p class='ocr_par' dir='ltr' id='par_1_89' title="bbox 2134 4000 3708 4088">
     <span class='ocr_line' id='line_1_89' title="bbox 2134 4000 3708 4088; baseline 0.004 -25"><span class='ocrx_word' id='word_1_631' title='bbox 2134 4000 2316 4068; x_wconf 79' lang='lat' dir='ltr'><strong>VERS.</strong></span> <span class='ocrx_word' id='word_1_632' title='bbox 2348 4006 2484 4068; x_wconf 83' lang='grc'><strong>1-4.</strong></span> <span class='ocrx_word' id='word_1_633' title='bbox 2528 4032 2547 4062; x_wconf 76' lang='grc' dir='ltr'><strong>σι</strong></span> <span class='ocrx_word' id='word_1_634' title='bbox 2592 4004 2661 4068; x_wconf 83' lang='grc' dir='ltr'>Ει</span> <span class='ocrx_word' id='word_1_635' title='bbox 2692 4006 2909 4068; x_wconf 88' lang='lat' dir='ltr'><strong>factum</strong></span> <span class='ocrx_word' id='word_1_636' title='bbox 2943 4014 3032 4068; x_wconf 93' lang='lat' dir='ltr'><strong>est</strong></span> <span class='ocrx_word' id='word_1_637' title='bbox 3062 4025 3195 4068; x_wconf 92' lang='lat' dir='ltr'><strong>cum</strong></span> <span class='ocrx_word' id='word_1_638' title='bbox 3230 4014 3426 4068; x_wconf 88' lang='lat' dir='ltr'><strong>oraret</strong></span> <span class='ocrx_word' id='word_1_639' title='bbox 3455 4007 3708 4088; x_wconf 89' lang='lat' dir='ltr'><strong>quodam</strong></span> 
     </span>
    </p>
   </div>
   <div class='ocr_carea' id='block_1_90' title="bbox 2051 4090 3712 4177">
    <p class='ocr_par' dir='ltr' id='par_1_90' title="bbox 2051 4090 3712 4177">
     <span class='ocr_line' id='line_1_90' title="bbox 2051 4090 3712 4177; baseline 0.004 -26"><span class='ocrx_word' id='word_1_640' title='bbox 2051 4090 2111 4153; x_wconf 90' lang='lat' dir='ltr'><strong>in</strong></span> <span class='ocrx_word' id='word_1_641' title='bbox 2138 4092 2291 4169; x_wconf 89' lang='lat' dir='ltr'><strong>loco,</strong></span> <span class='ocrx_word' id='word_1_642' title='bbox 2330 4103 2393 4157; x_wconf 91' lang='lat' dir='ltr'><strong>ut</strong></span> <span class='ocrx_word' id='word_1_643' title='bbox 2422 4097 2694 4171; x_wconf 88' lang='lat' dir='ltr'><strong>cessavit,</strong></span> <span class='ocrx_word' id='word_1_644' title='bbox 2723 4096 2866 4158; x_wconf 76' lang='lat' dir='ltr'><strong>dixit</strong></span> <span class='ocrx_word' id='word_1_645' title='bbox 2890 4096 3131 4177; x_wconf 90' lang='lat' dir='ltr'><strong>quidam</strong></span> <span class='ocrx_word' id='word_1_646' title='bbox 3160 4116 3227 4157; x_wconf 81' lang='lat' dir='ltr'><strong>ex</strong></span> <span class='ocrx_word' id='word_1_647' title='bbox 3250 4097 3556 4177; x_wconf 88' lang='lat' dir='ltr'><strong>discipulis</strong></span> <span class='ocrx_word' id='word_1_648' title='bbox 3580 4097 3712 4177; x_wconf 92' lang='lat' dir='ltr'><strong>ejus</strong></span> 
     </span>
    </p>
   </div>
   <div class='ocr_carea' id='block_1_91' title="bbox 2053 4181 3710 4262">
    <p class='ocr_par' dir='ltr' id='par_1_91' title="bbox 2053 4181 3710 4262">
     <span class='ocr_line' id='line_1_91' title="bbox 2053 4181 3710 4262; baseline 0.004 -20"><span class='ocrx_word' id='word_1_649' title='bbox 2053 4181 2125 4242; x_wconf 87' lang='lat' dir='ltr'><strong>ad</strong></span> <span class='ocrx_word' id='word_1_650' title='bbox 2160 4201 2294 4245; x_wconf 92' lang='lat' dir='ltr'><strong>eum</strong></span> <span class='ocrx_word' id='word_1_651' title='bbox 2334 4206 2345 4244; x_wconf 88' lang='lat'>:</span> <span class='ocrx_word' id='word_1_652' title='bbox 2398 4186 2670 4262; x_wconf 89' lang='lat' dir='ltr'><strong>Domine,</strong></span> <span class='ocrx_word' id='word_1_653' title='bbox 2705 4186 2854 4247; x_wconf 90' lang='lat' dir='ltr'><strong>doce</strong></span> <span class='ocrx_word' id='word_1_654' title='bbox 2883 4205 2990 4247; x_wconf 92' lang='lat' dir='ltr'><strong>nos</strong></span> <span class='ocrx_word' id='word_1_655' title='bbox 3039 4205 3233 4261; x_wconf 91' lang='lat' dir='ltr'><strong>orare,</strong></span> <span class='ocrx_word' id='word_1_656' title='bbox 3274 4187 3427 4248; x_wconf 88' lang='lat' dir='ltr'><strong>sicut</strong></span> <span class='ocrx_word' id='word_1_657' title='bbox 3453 4190 3710 4249; x_wconf 81' lang='lat' dir='ltr'><strong>Joannes</strong></span> 
     </span>
    </p>
   </div>
   <div class='ocr_carea' id='block_1_92' title="bbox 2054 4271 3710 4357">
    <p class='ocr_par' dir='ltr' id='par_1_92' title="bbox 2054 4271 3710 4357">
     <span class='ocr_line' id='line_1_92' title="bbox 2054 4271 3710 4357; baseline 0.002 -25"><span class='ocrx_word' id='word_1_658' title='bbox 2054 4271 2256 4334; x_wconf 89' lang='lat' dir='ltr'><strong>docuit</strong></span> <span class='ocrx_word' id='word_1_659' title='bbox 2288 4275 2613 4357; x_wconf 89' lang='lat' dir='ltr'><strong>discipulos</strong></span> <span class='ocrx_word' id='word_1_660' title='bbox 2629 4295 2790 4337; x_wconf 90' lang='lat' dir='ltr'><strong>suos.</strong></span> <span class='ocrx_word' id='word_1_661' title='bbox 2826 4276 2897 4337; x_wconf 88' lang='lat' dir='ltr'><strong>Et</strong></span> <span class='ocrx_word' id='word_1_662' title='bbox 2924 4279 3008 4338; x_wconf 91' lang='lat' dir='ltr'><strong>ait</strong></span> <span class='ocrx_word' id='word_1_663' title='bbox 3040 4275 3194 4339; x_wconf 92' lang='lat' dir='ltr'><strong>illis:</strong></span> <span class='ocrx_word' id='word_1_664' title='bbox 3231 4276 3375 4339; x_wconf 87' lang='lat' dir='ltr'><strong>Cum</strong></span> <span class='ocrx_word' id='word_1_665' title='bbox 3411 4277 3710 4354; x_wconf 89' lang='lat' dir='ltr'><strong>oratis,di-</strong></span> 
     </span>
    </p>
   </div>
   <div class='ocr_carea' id='block_1_93' title="bbox 2052 4362 3710 4447">
    <p class='ocr_par' dir='ltr' id='par_1_93' title="bbox 2052 4362 3710 4447">
     <span class='ocr_line' id='line_1_93' title="bbox 2052 4362 3710 4447; baseline 0.004 -25"><span class='ocrx_word' id='word_1_666' title='bbox 2052 4362 2167 4422; x_wconf 92' lang='lat' dir='ltr'><strong>cite</strong></span> <span class='ocrx_word' id='word_1_667' title='bbox 2203 4384 2215 4426; x_wconf 88' lang='lat'><strong>:</strong></span> <span class='ocrx_word' id='word_1_668' title='bbox 2251 4366 2430 4427; x_wconf 84' lang='lat' dir='ltr'><strong>Pater</strong></span> <span class='ocrx_word' id='word_1_669' title='bbox 2459 4375 2685 4440; x_wconf 90' lang='lat' dir='ltr'><strong>noster,</strong></span> <span class='ocrx_word' id='word_1_670' title='bbox 2720 4364 2819 4447; x_wconf 87' lang='lat' dir='ltr'><strong>qui</strong></span> <span class='ocrx_word' id='word_1_671' title='bbox 2868 4383 2931 4426; x_wconf 89' lang='lat' dir='ltr'><strong>es</strong></span> <span class='ocrx_word' id='word_1_672' title='bbox 2982 4366 3041 4425; x_wconf 93' lang='lat' dir='ltr'><strong>in</strong></span> <span class='ocrx_word' id='word_1_673' title='bbox 3082 4367 3267 4442; x_wconf 64' lang='lat' dir='ltr'><strong>caelis,</strong></span> <span class='ocrx_word' id='word_1_674' title='bbox 3304 4366 3710 4429; x_wconf 86' lang='lat' dir='ltr'><strong>sanctificetur</strong></span> 
     </span>
    </p>
   </div>
   <div class='ocr_carea' id='block_1_94' title="bbox 311 4454 1981 4549">
    <p class='ocr_par' dir='ltr' id='par_1_94' title="bbox 311 4457 1967 4538">
     <span class='ocr_line' id='line_1_94' title="bbox 311 4457 1967 4538; baseline 0.005 -27"><span class='ocrx_word' id='word_1_675' title='bbox 311 4457 482 4532; x_wconf 72' lang='grc' dir='ltr'>Ιιέτερ</span> <span class='ocrx_word' id='word_1_676' title='bbox 511 4458 691 4533; x_wconf 72' lang='grc' dir='ltr'>ἡμῶν,</span> <span class='ocrx_word' id='word_1_677' title='bbox 726 4459 753 4513; x_wconf 82' lang='grc' dir='ltr'>ὁ</span> <span class='ocrx_word' id='word_1_678' title='bbox 807 4457 861 4512; x_wconf 79' lang='grc' dir='ltr'>ἐν</span> <span class='ocrx_word' id='word_1_679' title='bbox 890 4469 1008 4521; x_wconf 69' lang='grc' dir='ltr'>τοῖς</span> <span class='ocrx_word' id='word_1_680' title='bbox 1039 4458 1306 4536; x_wconf 73' lang='grc' dir='ltr'>οῦρανοϊς,</span> <span class='ocrx_word' id='word_1_681' title='bbox 1367 4457 1677 4535; x_wconf 77' lang='grc' dir='ltr'>ἁγιασθήτω</span> <span class='ocrx_word' id='word_1_682' title='bbox 1708 4462 1769 4516; x_wconf 83' lang='grc' dir='ltr'>τὸ</span> <span class='ocrx_word' id='word_1_683' title='bbox 1798 4460 1967 4538; x_wconf 70' lang='grc' dir='ltr'>ὄνομά</span> 
     </span>
    </p>
   </div>
   <div class='ocr_carea' id='block_1_95' title="bbox 2067 4454 3707 4549">
    <p class='ocr_par' dir='ltr' id='par_1_95' title="bbox 2067 4454 3707 4533">
     <span class='ocr_line' id='line_1_95' title="bbox 2067 4454 3707 4533; baseline 0.003 -21"><span class='ocrx_word' id='word_1_684' title='bbox 2067 4470 2269 4515; x_wconf 74' lang='grc' dir='ltr'>ιοιηθιι</span> <span class='ocrx_word' id='word_1_685' title='bbox 2303 4463 2465 4516; x_wconf 91' lang='lat' dir='ltr'><strong>tuum</strong></span> <span class='ocrx_word' id='word_1_686' title='bbox 2492 4503 2506 4531; x_wconf 91' lang='lat'><strong>,</strong></span> <span class='ocrx_word' id='word_1_687' title='bbox 2540 4454 2734 4517; x_wconf 88' lang='lat' dir='ltr'><strong>veniat</strong></span> <span class='ocrx_word' id='word_1_688' title='bbox 2782 4473 3028 4533; x_wconf 80' lang='lat' dir='ltr'><strong>regnum</strong></span> <span class='ocrx_word' id='word_1_689' title='bbox 3065 4463 3270 4531; x_wconf 89' lang='lat' dir='ltr'><strong>tuum;</strong></span> <span class='ocrx_word' id='word_1_690' title='bbox 3315 4457 3413 4516; x_wconf 86' lang='lat' dir='ltr'><strong>ﬁat</strong></span> <span class='ocrx_word' id='word_1_691' title='bbox 3442 4457 3707 4517; x_wconf 78' lang='lat' dir='ltr'><strong>voluntas</strong></span> 
     </span>
    </p>
   </div>
   <div class='ocr_carea' id='block_1_96' title="bbox 306 4544 1965 4627">
    <p class='ocr_par' dir='ltr' id='par_1_96' title="bbox 306 4544 1965 4627">
     <span class='ocr_line' id='line_1_96' title="bbox 306 4544 1965 4627; baseline 0.003 -24"><span class='ocrx_word' id='word_1_692' title='bbox 306 4570 424 4622; x_wconf 79' lang='grc' dir='ltr'>σου,</span> <span class='ocrx_word' id='word_1_693' title='bbox 473 4546 667 4603; x_wconf 59' lang='grc' dir='ltr'>ἐλθέτω</span> <span class='ocrx_word' id='word_1_694' title='bbox 725 4548 758 4614; x_wconf 72' lang='grc' dir='ltr'>ἡ</span> <span class='ocrx_word' id='word_1_695' title='bbox 810 4544 1057 4624; x_wconf 84' lang='grc' dir='ltr'>βασιλεία</span> <span class='ocrx_word' id='word_1_696' title='bbox 1131 4568 1248 4621; x_wconf 91' lang='grc' dir='ltr'>σου,</span> <span class='ocrx_word' id='word_1_697' title='bbox 1311 4549 1592 4625; x_wconf 63' lang='grc' dir='ltr'>γενηθήτω</span> <span class='ocrx_word' id='word_1_698' title='bbox 1647 4551 1709 4606; x_wconf 81' lang='grc' dir='ltr'>τὸ</span> <span class='ocrx_word' id='word_1_699' title='bbox 1757 4549 1965 4627; x_wconf 82' lang='grc' dir='ltr'>θέλημά</span> 
     </span>
    </p>
   </div>
   <div class='ocr_carea' id='block_1_97' title="bbox 302 4636 1964 4718">
    <p class='ocr_par' dir='ltr' id='par_1_97' title="bbox 302 4636 1964 4718">
     <span class='ocr_line' id='line_1_97' title="bbox 302 4636 1964 4718; baseline -0.004 -17"><span class='ocrx_word' id='word_1_700' title='bbox 302 4659 421 4709; x_wconf 72' lang='grc' dir='ltr'><strong>σου,</strong></span> <span class='ocrx_word' id='word_1_701' title='bbox 474 4637 545 4699; x_wconf 77' lang='grc' dir='ltr'><strong>ὡς</strong></span> <span class='ocrx_word' id='word_1_702' title='bbox 604 4638 661 4692; x_wconf 76' lang='grc' dir='ltr'>ἒν</span> <span class='ocrx_word' id='word_1_703' title='bbox 719 4640 946 4715; x_wconf 74' lang='grc' dir='ltr'>οὐρανῷ,</span> <span class='ocrx_word' id='word_1_704' title='bbox 1001 4637 1088 4693; x_wconf 82' lang='grc' dir='ltr'><strong>καὶ</strong></span> <span class='ocrx_word' id='word_1_705' title='bbox 1162 4636 1247 4692; x_wconf 82' lang='grc' dir='ltr'>ἐπὶ</span> <span class='ocrx_word' id='word_1_706' title='bbox 1317 4637 1413 4703; x_wconf 72' lang='grc' dir='ltr'>τῆς</span> <span class='ocrx_word' id='word_1_707' title='bbox 1474 4642 1602 4716; x_wconf 76' lang='grc' dir='ltr'>γῆς,</span> <span class='ocrx_word' id='word_1_708' title='bbox 1658 4641 1749 4695; x_wconf 82' lang='grc' dir='ltr'>τὸν</span> <span class='ocrx_word' id='word_1_709' title='bbox 1808 4639 1964 4718; x_wconf 71' lang='grc' dir='ltr'>ἄρτον</span> 
     </span>
    </p>
   </div>
   <div class='ocr_carea' id='block_1_98' title="bbox 299 4724 1963 4808">
    <p class='ocr_par' dir='ltr' id='par_1_98' title="bbox 299 4724 1963 4808">
     <span class='ocr_line' id='line_1_98' title="bbox 299 4724 1963 4808; baseline 0.005 -29"><span class='ocrx_word' id='word_1_710' title='bbox 299 4728 456 4798; x_wconf 63' lang='grc' dir='ltr'>ἡμῶν</span> <span class='ocrx_word' id='word_1_711' title='bbox 513 4727 601 4782; x_wconf 82' lang='grc' dir='ltr'>τὸν</span> <span class='ocrx_word' id='word_1_712' title='bbox 661 4724 931 4784; x_wconf 71' lang='grc' dir='ltr'>ἐπιούσιον</span> <span class='ocrx_word' id='word_1_713' title='bbox 962 4724 1099 4785; x_wconf 75' lang='grc' dir='ltr'>δίδου</span> <span class='ocrx_word' id='word_1_714' title='bbox 1129 4729 1266 4804; x_wconf 76' lang='grc' dir='ltr'>ἡμῖν</span> <span class='ocrx_word' id='word_1_715' title='bbox 1312 4728 1372 4782; x_wconf 79' lang='grc' dir='ltr'>τὸ</span> <span class='ocrx_word' id='word_1_716' title='bbox 1412 4726 1528 4785; x_wconf 84' lang='grc' dir='ltr'>καθ’</span> <span class='ocrx_word' id='word_1_717' title='bbox 1585 4727 1813 4808; x_wconf 77' lang='grc' dir='ltr'>ἡμέραν,</span> <span class='ocrx_word' id='word_1_718' title='bbox 1876 4734 1963 4788; x_wconf 86' lang='grc' dir='ltr'><strong>καὶ</strong></span> 
     </span>
    </p>
   </div>
   <div class='ocr_carea' id='block_1_99' title="bbox 302 4815 1961 4899">
    <p class='ocr_par' dir='ltr' id='par_1_99' title="bbox 302 4815 1961 4899">
     <span class='ocr_line' id='line_1_99' title="bbox 302 4815 1961 4899; baseline 0.002 -29"><span class='ocrx_word' id='word_1_719' title='bbox 302 4815 428 4893; x_wconf 56' lang='grc' dir='ltr'>ἄφες</span> <span class='ocrx_word' id='word_1_720' title='bbox 487 4816 622 4884; x_wconf 71' lang='grc' dir='ltr'>ἡμῖν</span> <span class='ocrx_word' id='word_1_721' title='bbox 668 4817 762 4879; x_wconf 71' lang='grc' dir='ltr'><strong>τὰς</strong></span> <span class='ocrx_word' id='word_1_722' title='bbox 808 4816 1067 4895; x_wconf 77' lang='grc' dir='ltr'>ἁμαρτίας</span> <span class='ocrx_word' id='word_1_723' title='bbox 1099 4818 1280 4892; x_wconf 79' lang='grc' dir='ltr'>ἡμῶν,</span> <span class='ocrx_word' id='word_1_724' title='bbox 1311 4819 1400 4874; x_wconf 86' lang='grc' dir='ltr'>καὶ</span> <span class='ocrx_word' id='word_1_725' title='bbox 1430 4819 1531 4897; x_wconf 79' lang='grc' dir='ltr'>γὰρ</span> <span class='ocrx_word' id='word_1_726' title='bbox 1563 4820 1710 4875; x_wconf 74' lang='grc' dir='ltr'>αὗτοὶ</span> <span class='ocrx_word' id='word_1_727' title='bbox 1740 4818 1961 4899; x_wconf 76' lang='grc' dir='ltr'>ἀφίεμεν</span> 
     </span>
    </p>
   </div>
   <div class='ocr_carea' id='block_1_100' title="bbox 301 4904 1961 4986">
    <p class='ocr_par' dir='ltr' id='par_1_100' title="bbox 301 4904 1961 4986">
     <span class='ocr_line' id='line_1_100' title="bbox 301 4904 1961 4986; baseline 0.003 -26"><span class='ocrx_word' id='word_1_728' title='bbox 301 4907 461 4960; x_wconf 79' lang='grc' dir='ltr'>παντὶ</span> <span class='ocrx_word' id='word_1_729' title='bbox 516 4904 779 4985; x_wconf 71' lang='grc' dir='ltr'>ὀφείλοντι</span> <span class='ocrx_word' id='word_1_730' title='bbox 824 4906 982 4982; x_wconf 72' lang='grc' dir='ltr'>ἡμῖν,</span> <span class='ocrx_word' id='word_1_731' title='bbox 1048 4909 1134 4963; x_wconf 80' lang='grc' dir='ltr'><strong>καὶ</strong></span> <span class='ocrx_word' id='word_1_732' title='bbox 1184 4908 1261 4981; x_wconf 78' lang='grc' dir='ltr'>μὴ</span> <span class='ocrx_word' id='word_1_733' title='bbox 1327 4906 1634 4986; x_wconf 74' lang='grc' dir='ltr'>εἰσενέγκῃς</span> <span class='ocrx_word' id='word_1_734' title='bbox 1688 4910 1831 4985; x_wconf 77' lang='grc' dir='ltr'>ἡμᾶς</span> <span class='ocrx_word' id='word_1_735' title='bbox 1887 4911 1961 4974; x_wconf 81' lang='grc' dir='ltr'>εἱς</span> 
     </span>
    </p>
   </div>
   <div class='ocr_carea' id='block_1_101' title="bbox 302 4994 1955 5078">
    <p class='ocr_par' dir='ltr' id='par_1_101' title="bbox 302 4994 1955 5078">
     <span class='ocr_line' id='line_1_101' title="bbox 302 4994 1955 5078; baseline 0.002 -29"><span class='ocrx_word' id='word_1_736' title='bbox 302 4996 624 5069; x_wconf 64' lang='grc' dir='ltr'>πειρασμὸν,</span> <span class='ocrx_word' id='word_1_737' title='bbox 683 4994 821 5052; x_wconf 74' lang='grc' dir='ltr'>ἀλλὰ</span> <span class='ocrx_word' id='word_1_738' title='bbox 877 4998 1027 5073; x_wconf 84' lang='grc' dir='ltr'>ῥῦσαι</span> <span class='ocrx_word' id='word_1_739' title='bbox 1090 4998 1233 5071; x_wconf 74' lang='grc' dir='ltr'>ἡμᾶς</span> <span class='ocrx_word' id='word_1_740' title='bbox 1308 4998 1411 5052; x_wconf 78' lang='grc' dir='ltr'>ἀπὸ</span> <span class='ocrx_word' id='word_1_741' title='bbox 1482 5000 1574 5053; x_wconf 73' lang='grc' dir='ltr'><strong>τοῦ</strong></span> <span class='ocrx_word' id='word_1_742' title='bbox 1620 4998 1875 5078; x_wconf 74' lang='grc' dir='ltr'>πονηροῦ.</span> <span class='ocrx_word' id='word_1_743' title='bbox 1933 5023 1955 5053; x_wconf 75' lang='grc' dir='ltr'><strong>υ</strong></span> 
     </span>
    </p>
   </div>
   <div class='ocr_carea' id='block_1_102' title="bbox 302 5082 1959 5168">
    <p class='ocr_par' dir='ltr' id='par_1_102' title="bbox 302 5082 1959 5168">
     <span class='ocr_line' id='line_1_102' title="bbox 302 5082 1959 5168; baseline 0.004 -30"><span class='ocrx_word' id='word_1_744' title='bbox 302 5082 476 5150; x_wconf 82' lang='grc' dir='ltr'>Ζηλοϊ</span> <span class='ocrx_word' id='word_1_745' title='bbox 519 5087 545 5140; x_wconf 85' lang='grc' dir='ltr'>ὁ</span> <span class='ocrx_word' id='word_1_746' title='bbox 616 5086 861 5161; x_wconf 81' lang='grc' dir='ltr'>μαθητὴς</span> <span class='ocrx_word' id='word_1_747' title='bbox 921 5093 1146 5165; x_wconf 80' lang='grc' dir='ltr'>Χριστοῦ</span> <span class='ocrx_word' id='word_1_748' title='bbox 1202 5086 1322 5151; x_wconf 82' lang='grc' dir='ltr'>τοὺς</span> <span class='ocrx_word' id='word_1_749' title='bbox 1391 5086 1634 5163; x_wconf 77' lang='grc' dir='ltr'>μαθητὰς</span> <span class='ocrx_word' id='word_1_750' title='bbox 1693 5085 1959 5168; x_wconf 76' lang='grc' dir='ltr'>Ἰωσίννου,</span> 
     </span>
    </p>
   </div>
   <div class='ocr_carea' id='block_1_103' title="bbox 298 5167 1961 5258">
    <p class='ocr_par' dir='ltr' id='par_1_103' title="bbox 298 5167 1961 5258">
     <span class='ocr_line' id='line_1_103' title="bbox 298 5167 1961 5258; baseline 0.002 -30"><span class='ocrx_word' id='word_1_751' title='bbox 298 5172 381 5229; x_wconf 73' lang='grc' dir='ltr'>διὸ</span> <span class='ocrx_word' id='word_1_752' title='bbox 426 5175 511 5246; x_wconf 69' lang='grc' dir='ltr'>καὶ</span> <span class='ocrx_word' id='word_1_753' title='bbox 542 5182 697 5245; x_wconf 80' lang='grc' dir='ltr'>ζητεῖ</span> <span class='ocrx_word' id='word_1_754' title='bbox 726 5173 1040 5256; x_wconf 74' lang='grc' dir='ltr'>διδαχθῆναι</span> <span class='ocrx_word' id='word_1_755' title='bbox 1085 5178 1279 5254; x_wconf 88' lang='grc' dir='ltr'>τρόπον</span> <span class='ocrx_word' id='word_1_756' title='bbox 1338 5177 1668 5258; x_wconf 76' lang='grc' dir='ltr'>προσευχῆς.</span> <span class='ocrx_word' id='word_1_757' title='bbox 1729 5167 1786 5235; x_wconf 67' lang='lat' dir='ltr'><strong>t0</strong></span> <span class='ocrx_word' id='word_1_758' title='bbox 1837 5167 1961 5256; x_wconf 47' lang='grc' dir='ltr'><strong>γοῦθ</strong></span> 
     </span>
    </p>
   </div>
   <div class='ocr_carea' id='block_1_104' title="bbox 296 5262 1962 5345">
    <p class='ocr_par' dir='ltr' id='par_1_104' title="bbox 296 5262 1962 5345">
     <span class='ocr_line' id='line_1_104' title="bbox 296 5262 1962 5345; baseline 0.003 -26"><span class='ocrx_word' id='word_1_759' title='bbox 296 5265 491 5343; x_wconf 80' lang='grc' dir='ltr'>Σωτὴρ</span> <span class='ocrx_word' id='word_1_760' title='bbox 547 5262 805 5345; x_wconf 69' lang='grc' dir='ltr'>διδάσκει,</span> <span class='ocrx_word' id='word_1_761' title='bbox 867 5267 944 5342; x_wconf 77' lang='grc' dir='ltr'>μὴ</span> <span class='ocrx_word' id='word_1_762' title='bbox 991 5267 1375 5345; x_wconf 85' lang='grc' dir='ltr'>παρωσάμενος</span> <span class='ocrx_word' id='word_1_763' title='bbox 1448 5268 1543 5336; x_wconf 76' lang='grc' dir='ltr'><strong>τὴν</strong></span> <span class='ocrx_word' id='word_1_764' title='bbox 1600 5266 1811 5333; x_wconf 76' lang='grc' dir='ltr'>ἀξίωσιν</span> <span class='ocrx_word' id='word_1_765' title='bbox 1869 5274 1962 5324; x_wconf 84' lang='grc' dir='ltr'><strong>τοῦ</strong></span> 
     </span>
    </p>
   </div>
   <div class='ocr_carea' id='block_1_105' title="bbox 291 5355 1951 5437">
    <p class='ocr_par' dir='ltr' id='par_1_105' title="bbox 291 5355 1951 5437">
     <span class='ocr_line' id='line_1_105' title="bbox 291 5355 1951 5437; baseline 0.002 -27"><span class='ocrx_word' id='word_1_766' title='bbox 291 5355 557 5427; x_wconf 69' lang='grc' dir='ltr'>μαθητοῦ.</span> <span class='ocrx_word' id='word_1_767' title='bbox 613 5356 786 5432; x_wconf 76' lang='grc' dir='ltr'>Πάτερ</span> <span class='ocrx_word' id='word_1_768' title='bbox 842 5358 1018 5432; x_wconf 77' lang='grc' dir='ltr'>ἡμῶν,</span> <span class='ocrx_word' id='word_1_769' title='bbox 1080 5360 1262 5436; x_wconf 72' lang='grc' dir='ltr'>φησὶν,</span> <span class='ocrx_word' id='word_1_770' title='bbox 1325 5360 1351 5414; x_wconf 82' lang='grc' dir='ltr'><strong>ὃ</strong></span> <span class='ocrx_word' id='word_1_771' title='bbox 1409 5357 1461 5415; x_wconf 79' lang='grc' dir='ltr'>ἐν</span> <span class='ocrx_word' id='word_1_772' title='bbox 1518 5371 1635 5420; x_wconf 72' lang='grc' dir='ltr'>τοῖς</span> <span class='ocrx_word' id='word_1_773' title='bbox 1681 5360 1951 5437; x_wconf 70' lang='grc' dir='ltr'>οὖρανοϊς,</span> 
     </span>
    </p>
   </div>
   <div class='ocr_carea' id='block_1_106' title="bbox 2051 4543 3702 4623">
    <p class='ocr_par' dir='ltr' id='par_1_106' title="bbox 2051 4543 3702 4623">
     <span class='ocr_line' id='line_1_106' title="bbox 2051 4543 3702 4623; baseline 0.003 -23"><span class='ocrx_word' id='word_1_774' title='bbox 2051 4548 2168 4617; x_wconf 88' lang='lat' dir='ltr'><strong>tua,</strong></span> <span class='ocrx_word' id='word_1_775' title='bbox 2195 4543 2696 4623; x_wconf 88' lang='lat' dir='ltr'><strong>quemadmodum</strong></span> <span class='ocrx_word' id='word_1_776' title='bbox 2730 4545 2785 4604; x_wconf 92' lang='lat' dir='ltr'><strong>in</strong></span> <span class='ocrx_word' id='word_1_777' title='bbox 2817 4564 2883 4605; x_wconf 69' lang='lat' dir='ltr'><strong>co</strong></span> <span class='ocrx_word' id='word_1_778' title='bbox 2911 4545 2990 4614; x_wconf 87' lang='lat' dir='ltr'><strong>lo,</strong></span> <span class='ocrx_word' id='word_1_779' title='bbox 3029 4545 3114 4605; x_wconf 91' lang='lat' dir='ltr'><strong>sic</strong></span> <span class='ocrx_word' id='word_1_780' title='bbox 3168 4546 3343 4606; x_wconf 91' lang='lat' dir='ltr'><strong>etiam</strong></span> <span class='ocrx_word' id='word_1_781' title='bbox 3391 4545 3449 4606; x_wconf 91' lang='lat' dir='ltr'><strong>in</strong></span> <span class='ocrx_word' id='word_1_782' title='bbox 3500 4552 3702 4619; x_wconf 89' lang='lat' dir='ltr'><strong>terra;</strong></span> 
     </span>
    </p>
   </div>
   <div class='ocr_carea' id='block_1_107' title="bbox 2048 4632 3704 4715">
    <p class='ocr_par' dir='ltr' id='par_1_107' title="bbox 2048 4632 3704 4715">
     <span class='ocr_line' id='line_1_107' title="bbox 2048 4632 3704 4715; baseline 0.003 -25"><span class='ocrx_word' id='word_1_783' title='bbox 2048 4646 2261 4710; x_wconf 90' lang='lat' dir='ltr'><strong>panem</strong></span> <span class='ocrx_word' id='word_1_784' title='bbox 2296 4641 2560 4693; x_wconf 90' lang='lat' dir='ltr'><strong>nostrum</strong></span> <span class='ocrx_word' id='word_1_785' title='bbox 2587 4632 2994 4714; x_wconf 90' lang='lat' dir='ltr'><strong>quotidianum</strong></span> <span class='ocrx_word' id='word_1_786' title='bbox 3020 4636 3094 4695; x_wconf 89' lang='lat' dir='ltr'><strong>da</strong></span> <span class='ocrx_word' id='word_1_787' title='bbox 3121 4634 3290 4695; x_wconf 88' lang='lat' dir='ltr'><strong>nobis</strong></span> <span class='ocrx_word' id='word_1_788' title='bbox 3309 4635 3573 4715; x_wconf 85' lang='lat' dir='ltr'><strong>quotidie</strong></span> <span class='ocrx_word' id='word_1_789' title='bbox 3599 4655 3615 4708; x_wconf 87' lang='lat'><strong>;</strong></span> <span class='ocrx_word' id='word_1_790' title='bbox 3647 4644 3704 4695; x_wconf 82' lang='lat' dir='ltr'><strong>et</strong></span> 
     </span>
    </p>
   </div>
   <div class='ocr_carea' id='block_1_108' title="bbox 2046 4719 3701 4804">
    <p class='ocr_par' dir='ltr' id='par_1_108' title="bbox 2046 4719 3701 4804">
     <span class='ocr_line' id='line_1_108' title="bbox 2046 4719 3701 4804; baseline 0.004 -26"><span class='ocrx_word' id='word_1_791' title='bbox 2046 4719 2283 4781; x_wconf 88' lang='lat' dir='ltr'><strong>remitte</strong></span> <span class='ocrx_word' id='word_1_792' title='bbox 2314 4720 2487 4782; x_wconf 92' lang='lat' dir='ltr'><strong>nobis</strong></span> <span class='ocrx_word' id='word_1_793' title='bbox 2521 4731 2758 4801; x_wconf 86' lang='lat' dir='ltr'><strong>peccata</strong></span> <span class='ocrx_word' id='word_1_794' title='bbox 2793 4731 3013 4804; x_wconf 89' lang='lat' dir='ltr'><strong>nostra,</strong></span> <span class='ocrx_word' id='word_1_795' title='bbox 3049 4722 3340 4803; x_wconf 89' lang='lat' dir='ltr'><strong>siquidem</strong></span> <span class='ocrx_word' id='word_1_796' title='bbox 3378 4732 3433 4783; x_wconf 91' lang='lat' dir='ltr'><strong>et</strong></span> <span class='ocrx_word' id='word_1_797' title='bbox 3463 4742 3571 4784; x_wconf 89' lang='lat' dir='ltr'><strong>nos</strong></span> <span class='ocrx_word' id='word_1_798' title='bbox 3600 4743 3701 4785; x_wconf 87' lang='lat' dir='ltr'><strong>re-</strong></span> 
     </span>
    </p>
   </div>
   <div class='ocr_carea' id='block_1_109' title="bbox 2048 4807 3702 4877">
    <p class='ocr_par' dir='ltr' id='par_1_109' title="bbox 2048 4807 3702 4877">
     <span class='ocr_line' id='line_1_109' title="bbox 2048 4807 3702 4877; baseline 0.005 -9"><span class='ocrx_word' id='word_1_799' title='bbox 2048 4807 2337 4871; x_wconf 90' lang='lat' dir='ltr'><strong>mittimus</strong></span> <span class='ocrx_word' id='word_1_800' title='bbox 2366 4814 2525 4872; x_wconf 90' lang='lat' dir='ltr'><strong>omni</strong></span> <span class='ocrx_word' id='word_1_801' title='bbox 2559 4812 2801 4875; x_wconf 88' lang='lat' dir='ltr'><strong>debenti</strong></span> <span class='ocrx_word' id='word_1_802' title='bbox 2853 4813 3044 4875; x_wconf 91' lang='lat' dir='ltr'><strong>nobis.</strong></span> <span class='ocrx_word' id='word_1_803' title='bbox 3081 4814 3153 4877; x_wconf 83' lang='lat' dir='ltr'><strong>Et</strong></span> <span class='ocrx_word' id='word_1_804' title='bbox 3187 4831 3260 4873; x_wconf 92' lang='lat' dir='ltr'><strong>ne</strong></span> <span class='ocrx_word' id='word_1_805' title='bbox 3297 4833 3405 4875; x_wconf 92' lang='lat' dir='ltr'><strong>nos</strong></span> <span class='ocrx_word' id='word_1_806' title='bbox 3456 4814 3702 4877; x_wconf 88' lang='lat' dir='ltr'><strong>inducas</strong></span> 
     </span>
    </p>
   </div>
   <div class='ocr_carea' id='block_1_110' title="bbox 2046 4900 3705 4977">
    <p class='ocr_par' dir='ltr' id='par_1_110' title="bbox 2046 4900 3705 4977">
     <span class='ocr_line' id='line_1_110' title="bbox 2046 4900 3705 4977; baseline 0.005 -17"><span class='ocrx_word' id='word_1_807' title='bbox 2046 4900 2104 4960; x_wconf 91' lang='lat' dir='ltr'><strong>in</strong></span> <span class='ocrx_word' id='word_1_808' title='bbox 2137 4901 2549 4977; x_wconf 88' lang='lat' dir='ltr'><strong>tentationem,</strong></span> <span class='ocrx_word' id='word_1_809' title='bbox 2584 4905 2688 4965; x_wconf 88' lang='lat' dir='ltr'><strong>sed</strong></span> <span class='ocrx_word' id='word_1_810' title='bbox 2735 4904 2925 4965; x_wconf 88' lang='lat' dir='ltr'><strong>libera</strong></span> <span class='ocrx_word' id='word_1_811' title='bbox 2953 4921 3060 4963; x_wconf 86' lang='lat' dir='ltr'><strong>nos</strong></span> <span class='ocrx_word' id='word_1_812' title='bbox 3091 4921 3125 4964; x_wconf 92' lang='lat' dir='ltr'><strong>a</strong></span> <span class='ocrx_word' id='word_1_813' title='bbox 3155 4904 3332 4966; x_wconf 90' lang='lat' dir='ltr'><strong>malo.</strong></span> <span class='ocrx_word' id='word_1_814' title='bbox 3373 4930 3394 4961; x_wconf 78' lang='grc' dir='ltr'><strong>υ</strong></span> <span class='ocrx_word' id='word_1_815' title='bbox 3432 4905 3705 4968; x_wconf 86' lang='lat' dir='ltr'><strong>Imitatur</strong></span> 
     </span>
    </p>
   </div>
   <div class='ocr_carea' id='block_1_111' title="bbox 2048 4987 3703 5075">
    <p class='ocr_par' dir='ltr' id='par_1_111' title="bbox 2048 4987 3703 5075">
     <span class='ocr_line' id='line_1_111' title="bbox 2048 4987 3703 5075; baseline 0.005 -26"><span class='ocrx_word' id='word_1_816' title='bbox 2048 4987 2374 5071; x_wconf 87' lang='lat' dir='ltr'><strong>discipulus</strong></span> <span class='ocrx_word' id='word_1_817' title='bbox 2405 4993 2629 5054; x_wconf 80' lang='lat' dir='ltr'><strong>Chiisti</strong></span> <span class='ocrx_word' id='word_1_818' title='bbox 2660 4993 2987 5075; x_wconf 87' lang='lat' dir='ltr'><strong>discipulos</strong></span> <span class='ocrx_word' id='word_1_819' title='bbox 3028 4992 3275 5055; x_wconf 88' lang='lat' dir='ltr'><strong>Joannis</strong></span> <span class='ocrx_word' id='word_1_820' title='bbox 3312 5013 3326 5057; x_wconf 87' lang='lat'><strong>:</strong></span> <span class='ocrx_word' id='word_1_821' title='bbox 3385 4994 3609 5057; x_wconf 86' lang='lat' dir='ltr'><strong>idcirco</strong></span> <span class='ocrx_word' id='word_1_822' title='bbox 3642 5009 3703 5058; x_wconf 83' lang='lat' dir='ltr'><strong>et</strong></span> 
     </span>
    </p>
   </div>
   <div class='ocr_carea' id='block_1_112' title="bbox 2048 5082 3669 5159">
    <p class='ocr_par' dir='ltr' id='par_1_112' title="bbox 2048 5082 3669 5159">
     <span class='ocr_line' id='line_1_112' title="bbox 2048 5082 3669 5159; baseline 0.005 -19"><span class='ocrx_word' id='word_1_823' title='bbox 2048 5082 2261 5159; x_wconf 61' lang='lat' dir='ltr'><strong>quierit</strong></span> <span class='ocrx_word' id='word_1_824' title='bbox 2284 5090 2343 5140; x_wconf 91' lang='lat' dir='ltr'><strong>ut</strong></span> <span class='ocrx_word' id='word_1_825' title='bbox 2372 5082 2661 5145; x_wconf 80' lang='lat' dir='ltr'><strong>doceatur</strong></span> <span class='ocrx_word' id='word_1_826' title='bbox 2689 5086 2929 5145; x_wconf 90' lang='lat' dir='ltr'><strong>modum</strong></span> <span class='ocrx_word' id='word_1_827' title='bbox 2961 5084 3267 5146; x_wconf 88' lang='lat' dir='ltr'><strong>orationis.</strong></span> <span class='ocrx_word' id='word_1_828' title='bbox 3304 5086 3571 5148; x_wconf 88' lang='lat' dir='ltr'><strong>Salvator</strong></span> <span class='ocrx_word' id='word_1_829' title='bbox 3599 5106 3669 5148; x_wconf 87' lang='lat' dir='ltr'><strong>au</strong></span> 
     </span>
    </p>
   </div>
   <div class='ocr_carea' id='block_1_113' title="bbox 2050 5173 3701 5255">
    <p class='ocr_par' dir='ltr' id='par_1_113' title="bbox 2050 5173 3701 5255">
     <span class='ocr_line' id='line_1_113' title="bbox 2050 5173 3701 5255; baseline 0.005 -25"><span class='ocrx_word' id='word_1_830' title='bbox 2050 5178 2194 5245; x_wconf 90' lang='lat' dir='ltr'><strong>tem,</strong></span> <span class='ocrx_word' id='word_1_831' title='bbox 2230 5188 2348 5231; x_wconf 91' lang='lat' dir='ltr'><strong>non</strong></span> <span class='ocrx_word' id='word_1_832' title='bbox 2380 5174 2620 5253; x_wconf 89' lang='lat' dir='ltr'><strong>repulsa</strong></span> <span class='ocrx_word' id='word_1_833' title='bbox 2668 5173 2943 5254; x_wconf 89' lang='lat' dir='ltr'><strong>discipuli</strong></span> <span class='ocrx_word' id='word_1_834' title='bbox 2996 5192 3200 5255; x_wconf 90' lang='lat' dir='ltr'><strong>prece,</strong></span> <span class='ocrx_word' id='word_1_835' title='bbox 3245 5175 3421 5240; x_wconf 90' lang='lat' dir='ltr'><strong>docet</strong></span> <span class='ocrx_word' id='word_1_836' title='bbox 3458 5199 3471 5240; x_wconf 90' lang='lat'>:</span> <span class='ocrx_word' id='word_1_837' title='bbox 3525 5180 3701 5239; x_wconf 88' lang='lat' dir='ltr'><strong>Pater</strong></span> 
     </span>
    </p>
   </div>
   <div class='ocr_carea' id='block_1_114' title="bbox 2046 5260 3695 5345">
    <p class='ocr_par' dir='ltr' id='par_1_114' title="bbox 2046 5260 3695 5345">
     <span class='ocr_line' id='line_1_114' title="bbox 2046 5260 3695 5345; baseline 0.008 -26"><span class='ocrx_word' id='word_1_838' title='bbox 2046 5268 2270 5342; x_wconf 91' lang='lat' dir='ltr'><strong>noster,</strong></span> <span class='ocrx_word' id='word_1_839' title='bbox 2296 5260 2510 5343; x_wconf 89' lang='lat' dir='ltr'><strong>inquit,</strong></span> <span class='ocrx_word' id='word_1_840' title='bbox 2546 5263 2644 5345; x_wconf 90' lang='lat' dir='ltr'><strong>qui</strong></span> <span class='ocrx_word' id='word_1_841' title='bbox 2677 5283 2740 5326; x_wconf 91' lang='lat' dir='ltr'><strong>es</strong></span> <span class='ocrx_word' id='word_1_842' title='bbox 2773 5265 2831 5325; x_wconf 88' lang='lat' dir='ltr'><strong>in</strong></span> <span class='ocrx_word' id='word_1_843' title='bbox 2856 5265 3043 5327; x_wconf 80' lang='lat' dir='ltr'><strong>ccelis.</strong></span> <span class='ocrx_word' id='word_1_844' title='bbox 3074 5264 3220 5328; x_wconf 87' lang='lat' dir='ltr'><strong>Vide</strong></span> <span class='ocrx_word' id='word_1_845' title='bbox 3252 5268 3533 5329; x_wconf 87' lang='lat' dir='ltr'><strong>orationis</strong></span> <span class='ocrx_word' id='word_1_846' title='bbox 3554 5267 3695 5332; x_wconf 92' lang='lat' dir='ltr'><strong>vim.</strong></span> 
     </span>
    </p>
   </div>
   <div class='ocr_carea' id='block_1_115' title="bbox 2041 5350 3696 5438">
    <p class='ocr_par' dir='ltr' id='par_1_115' title="bbox 2041 5350 3696 5438">
     <span class='ocr_line' id='line_1_115' title="bbox 2041 5350 3696 5438; baseline 0.005 -26"><span class='ocrx_word' id='word_1_847' title='bbox 2041 5350 2259 5412; x_wconf 85' lang='lat' dir='ltr'><strong>Statim</strong></span> <span class='ocrx_word' id='word_1_848' title='bbox 2277 5370 2515 5414; x_wconf 82' lang='lat' dir='ltr'><strong>sursum</strong></span> <span class='ocrx_word' id='word_1_849' title='bbox 2547 5362 2603 5415; x_wconf 92' lang='lat' dir='ltr'><strong>te</strong></span> <span class='ocrx_word' id='word_1_850' title='bbox 2625 5354 3044 5436; x_wconf 83' lang='lat' dir='ltr'><strong>ducit,t.ibique</strong></span> <span class='ocrx_word' id='word_1_851' title='bbox 3065 5358 3696 5438; x_wconf 80' lang='lat' dir='ltr'><strong>persuadet,qunniam</strong></span> 
     </span>
    </p>
   </div>
   <div class='ocr_carea' id='block_1_116' title="bbox 292 5436 1981 5526">
    <p class='ocr_par' dir='ltr' id='par_1_116' title="bbox 292 5436 1946 5526">
     <span class='ocr_line' id='line_1_116' title="bbox 292 5436 1946 5526; baseline 0.004 -30"><span class='ocrx_word' id='word_1_852' title='bbox 292 5436 441 5524; x_wconf 45' lang='grc' dir='ltr'>Ὕδρα</span> <span class='ocrx_word' id='word_1_853' title='bbox 492 5446 586 5512; x_wconf 67' lang='grc' dir='ltr'><strong>’.ὴν</strong></span> <span class='ocrx_word' id='word_1_854' title='bbox 635 5452 732 5512; x_wconf 77' lang='grc' dir='ltr'>τῆς</span> <span class='ocrx_word' id='word_1_855' title='bbox 780 5450 949 5526; x_wconf 52' lang='lat'><strong>931;..-</strong></span> <span class='ocrx_word' id='word_1_856' title='bbox 983 5446 1222 5523; x_wconf 72' lang='grc' dir='ltr'>δύναμιν,</span> <span class='ocrx_word' id='word_1_857' title='bbox 1277 5448 1433 5509; x_wconf 72' lang='grc' dir='ltr'>Εὗθὺς</span> <span class='ocrx_word' id='word_1_858' title='bbox 1485 5447 1590 5503; x_wconf 63' lang='grc' dir='ltr'><strong>ἅνω</strong></span> <span class='ocrx_word' id='word_1_859' title='bbox 1641 5470 1696 5503; x_wconf 86' lang='grc' dir='ltr'><strong>σε</strong></span> <span class='ocrx_word' id='word_1_860' title='bbox 1742 5448 1946 5526; x_wconf 82' lang='grc' dir='ltr'>ἀνάγει,</span> 
     </span>
    </p>
   </div>
   <div class='ocr_carea' id='block_1_117' title="bbox 2067 5436 3700 5526">
    <p class='ocr_par' dir='ltr' id='par_1_117' title="bbox 2067 5436 3700 5524">
     <span class='ocr_line' id='line_1_117' title="bbox 2067 5436 3700 5524; baseline 0.007 -25"><span class='ocrx_word' id='word_1_861' title='bbox 2067 5438 2315 5501; x_wconf 64' lang='lat' dir='ltr'><strong>nominas</strong></span> <span class='ocrx_word' id='word_1_862' title='bbox 2347 5440 2530 5502; x_wconf 79' lang='lat' dir='ltr'><strong>Deum</strong></span> <span class='ocrx_word' id='word_1_863' title='bbox 2578 5452 2826 5524; x_wconf 86' lang='lat' dir='ltr'><strong>patrem.</strong></span> <span class='ocrx_word' id='word_1_864' title='bbox 2881 5461 2953 5505; x_wconf 92' lang='lat' dir='ltr'><strong>ne</strong></span> <span class='ocrx_word' id='word_1_865' title='bbox 3015 5436 3260 5506; x_wconf 87' lang='lat' dir='ltr'><strong>omnino</strong></span> <span class='ocrx_word' id='word_1_866' title='bbox 3307 5436 3700 5510; x_wconf 84' lang='lat' dir='ltr'><strong>similitudine</strong></span> 
     </span>
    </p>
   </div>
   <div class='ocr_carea' id='block_1_118' title="bbox 272 5528 1981 5618">
    <p class='ocr_par' dir='ltr' id='par_1_118' title="bbox 272 5535 1943 5618">
     <span class='ocr_line' id='line_1_118' title="bbox 272 5535 1943 5618; baseline -0.001 -28"><span class='ocrx_word' id='word_1_867' title='bbox 272 5536 374 5591; x_wconf 78' lang='grc' dir='ltr'>’καὶ</span> <span class='ocrx_word' id='word_1_868' title='bbox 435 5537 597 5592; x_wconf 86' lang='grc' dir='ltr'>πείθει</span> <span class='ocrx_word' id='word_1_869' title='bbox 638 5557 718 5615; x_wconf 82' lang='grc' dir='ltr'><strong>σε,</strong></span> <span class='ocrx_word' id='word_1_870' title='bbox 785 5535 967 5605; x_wconf 74' lang='grc' dir='ltr'>ἐπειδὴ</span> <span class='ocrx_word' id='word_1_871' title='bbox 1024 5537 1301 5612; x_wconf 63' lang='grc' dir='ltr'>ὀνομάζεις</span> <span class='ocrx_word' id='word_1_872' title='bbox 1368 5538 1570 5617; x_wconf 84' lang='grc' dir='ltr'>πατέρα</span> <span class='ocrx_word' id='word_1_873' title='bbox 1628 5539 1718 5594; x_wconf 82' lang='grc' dir='ltr'>τὸν</span> <span class='ocrx_word' id='word_1_874' title='bbox 1789 5540 1943 5618; x_wconf 65' lang='grc' dir='ltr'>Θεὸν,</span> 
     </span>
    </p>
   </div>
   <div class='ocr_carea' id='block_1_119' title="bbox 2067 5528 3697 5618">
    <p class='ocr_par' dir='ltr' id='par_1_119' title="bbox 2067 5528 3697 5612">
     <span class='ocr_line' id='line_1_119' title="bbox 2067 5528 3697 5612; baseline 0.006 -24"><span class='ocrx_word' id='word_1_875' title='bbox 2067 5528 2166 5608; x_wconf 89' lang='lat' dir='ltr'><strong>jus</strong></span> <span class='ocrx_word' id='word_1_876' title='bbox 2198 5547 2439 5612; x_wconf 85' lang='lat' dir='ltr'><strong>careas;</strong></span> <span class='ocrx_word' id='word_1_877' title='bbox 2479 5533 2580 5594; x_wconf 89' lang='lat' dir='ltr'><strong>sed</strong></span> <span class='ocrx_word' id='word_1_878' title='bbox 2616 5533 2859 5596; x_wconf 89' lang='lat' dir='ltr'><strong>enitaris</strong></span> <span class='ocrx_word' id='word_1_879' title='bbox 2901 5535 3028 5596; x_wconf 87' lang='lat' dir='ltr'><strong>tieri</strong></span> <span class='ocrx_word' id='word_1_880' title='bbox 3080 5535 3293 5597; x_wconf 89' lang='lat' dir='ltr'><strong>similis</strong></span> <span class='ocrx_word' id='word_1_881' title='bbox 3334 5536 3515 5601; x_wconf 84' lang='lat' dir='ltr'><strong>Patri.</strong></span> <span class='ocrx_word' id='word_1_882' title='bbox 3570 5537 3697 5599; x_wconf 89' lang='lat' dir='ltr'><strong>Non</strong></span> 
     </span>
    </p>
   </div>
   <div class='ocr_carea' id='block_1_120' title="bbox 252 5620 1981 5710">
    <p class='ocr_par' dir='ltr' id='par_1_120' title="bbox 252 5625 1944 5710">
     <span class='ocr_line' id='line_1_120' title="bbox 252 5625 1944 5710; baseline 0.004 -31"><span class='ocrx_word' id='word_1_883' title='bbox 252 5678 257 5679; x_wconf 63' lang='lat'><strong><em>,</em></strong></span> <span class='ocrx_word' id='word_1_884' title='bbox 288 5625 370 5701; x_wconf 69' lang='grc' dir='ltr'>μὴ</span> <span class='ocrx_word' id='word_1_885' title='bbox 424 5625 598 5691; x_wconf 86' lang='grc' dir='ltr'>πάντη</span> <span class='ocrx_word' id='word_1_886' title='bbox 660 5628 759 5693; x_wconf 71' lang='grc' dir='ltr'>εῆς</span> <span class='ocrx_word' id='word_1_887' title='bbox 818 5626 1137 5703; x_wconf 75' lang='grc' dir='ltr'>ὁμοιότητος</span> <span class='ocrx_word' id='word_1_888' title='bbox 1168 5626 1574 5710; x_wconf 73' lang='grc' dir='ltr'>ἀπολείπεσθαι,</span> <span class='ocrx_word' id='word_1_889' title='bbox 1610 5626 1744 5685; x_wconf 74' lang='grc' dir='ltr'>ἀλλὰ</span> <span class='ocrx_word' id='word_1_890' title='bbox 1775 5649 1944 5685; x_wconf 89' lang='grc' dir='ltr'>σπου-</span> 
     </span>
    </p>
   </div>
   <div class='ocr_carea' id='block_1_121' title="bbox 2067 5620 3697 5710">
    <p class='ocr_par' dir='ltr' id='par_1_121' title="bbox 2078 5620 3697 5709">
     <span class='ocr_line' id='line_1_121' title="bbox 2078 5620 3697 5709; baseline 0.005 -25"><span class='ocrx_word' id='word_1_891' title='bbox 2078 5620 2179 5684; x_wconf 83' lang='lat' dir='ltr'><strong>ixit</strong></span> <span class='ocrx_word' id='word_1_892' title='bbox 2208 5630 2431 5701; x_wconf 89' lang='lat' dir='ltr'><strong>autem,</strong></span> <span class='ocrx_word' id='word_1_893' title='bbox 2486 5627 2662 5689; x_wconf 88' lang='lat' dir='ltr'><strong>Pater</strong></span> <span class='ocrx_word' id='word_1_894' title='bbox 2708 5645 2897 5704; x_wconf 91' lang='lat' dir='ltr'><strong>meus,</strong></span> <span class='ocrx_word' id='word_1_895' title='bbox 2934 5627 3066 5709; x_wconf 86' lang='lat' dir='ltr'><strong>sed,</strong></span> <span class='ocrx_word' id='word_1_896' title='bbox 3121 5632 3296 5693; x_wconf 81' lang='lat' dir='ltr'><strong>Pater</strong></span> <span class='ocrx_word' id='word_1_897' title='bbox 3349 5638 3575 5705; x_wconf 88' lang='lat' dir='ltr'><strong>noster,</strong></span> <span class='ocrx_word' id='word_1_898' title='bbox 3623 5631 3697 5692; x_wconf 89' lang='lat' dir='ltr'><strong>ad</strong></span> 
     </span>
    </p>
   </div>
  </div>
