4202 6436
363 404 570 479 857.

1104 406 1550 493 ENARRATIO
1593 406 1676 467 IN
1724 397 2017 465 EVANGI

2102 394 2236 455 lUM
2288 395 2531 458 LUC/E.
2579 430 2656 440 —
2703 398 2866 459 CAP.
2916 397 3021 459 XI.

3656 388 3773 454 858

360 537 557 618 τριάδα
608 541 806 603 πίστιν.
874 538 1035 605 Φίλος
1072 540 1196 620 γὰρ
1264 539 1586 620 παρεγένετο
1639 538 1937 610 τουτέστιν,
1999 534 2017 589 ἒ

2110 536 2226 600 hoc
2255 545 2370 620 est,
2406 538 2584 602 ﬁdem
2632 539 2692 602 in
2723 539 3099 604 Trinitatem.
3140 540 3384 603 Amicus
3410 538 3571 602 enim
3604 554 3774 599 meus

366 627 596 709 ἄγγελος
667 633 694 686 6
748 630 849 698 τὴν
896 630 1086 709 ψυχὴν
1138 627 1590 706 παραλαμϐάνων.
1638 629 1799 693 Φίλος
1830 627 1885 684 δὲ
1942 629 2030 684 καὶ

366 725 471 785 πᾶς
513 718 796 799 ’ἄγγελος,
824 764 827 767 ν
871 715 1005 776 καθὰ
1061 719 1127 790 δὴ
1160 722 1246 778 καὶ
1276 721 1305 778 ὀ
1339 722 1530 801 Κύριός
1560 737 1713 802 φησι·
1763 720 1912 800 Χαρὰ
1938 718 2029 796 γί-

364 828 510 866 νεται
582 810 640 866 ἐν
722 810 927 889 ούρανῷ
983 809 1069 867 ἐπὶ
1156 811 1393 890 σωτηρίᾳ
1482 811 1781 891 ἀνθρώπου.
1844 809 1922 867 Τὰ
1975 806 2029 863 δὲ

362 897 550 956 παιδία
618 900 682 956 τὸ
744 901 830 956 ἐπὶ
900 901 997 966 τῆς
1072 900 1258 967 κλίνης
1319 900 1722 981 ἀναπαυόμενα,
1799 899 1927 955 εἰσὶν
1977 891 2026 954 οἶ

362 986 710 1067 στραφέντες,
770 988 859 1043 καὶ
915 988 1196 1066 γεγονότες
1255 990 1331 1053 ὡς
1393 990 1457 1047 τὰ
1515 987 1717 1063 παιδία,
1742 988 1831 1044 καὶ
1860 986 2025 1054 ἠξιω-

358 1077 517 1153 μένοι
588 1084 665 1152 τῷ
737 1078 909 1158 Κυρίῳ
993 1078 1472 1142 συναναπαύεσθαι,
1506 1076 1802 1135 Ἀναίδειανι
1841 1075 1895 1132 δὲ
1926 1075 2024 1132 λέ-

362 1188 447 1244 γει
505 1168 605 1236 τὴν
675 1167 790 1243 μεθ’
860 1169 1136 1243 ὑπομονῆς
1211 1167 1603 1244 ἐπιτεταμένην
1690 1168 2021 1247 προσευχὴν.

366 1257 491 1315 Νόει
564 1255 619 1314 δὲ
674 1259 762 1315 καὶ
826 1256 1029 1328 ἄλλως,
1091 1259 1439 1333 μεσονύκτιον
1510 1259 1633 1333 μὲν,
1694 1258 1792 1326 τὴν
1822 1256 2026 1331 ἀκμὴν,

361 1348 455 1403 καὶ
503 1349 567 1404 τὸ
621 1348 941 1424 μεσαίτατον
1016 1355 1122 1404 τῶν
1198 1354 1532 1429 πειρασμῶν,
1614 1347 1716 1413 Νὺξ
1788 1346 1886 1423 μὲν
1931 1347 2032 1424 γὰρ

362 1443 470 1501 πᾶς
529 1439 848 1517 πειρασμὸς,
910 1438 1256 1513 μεσονύκτιον
1347 1437 1402 1494 δὲ
1473 1442 1689 1503 παντως
1744 1440 1806 1494 τὸ
1867 1437 2031 1513 μέσον

361 1533 472 1585 τῶν
540 1528 873 1604 πειρασμῶν.
925 1518 1102 1585 ’Ὅταν
1159 1528 1249 1583 οὖν
1316 1550 1397 1591 τις
1429 1527 1484 1584 ἐν
1528 1526 1712 1597 μέσοις
1744 1541 1860 1591 τοῖς
1902 1547 2028 1583 πει-

365 1630 600 1697 ρασμοῖς
654 1616 901 1694 γένηται,
977 1617 1337 1698 προσέρχεται
1393 1622 1473 1691 τῷ
1568 1615 1804 1697 φιλοῦντι
1882 1618 2028 1692 ἡμᾶς

364 1715 506 1782 Θεῷ,
559 1708 648 1764 καὶ
691 1706 859 1786 λέγει·
936 1707 1148 1787 Χρῆσόν
1216 1730 1309 1783 μοι
1366 1723 1515 1788 τρεῖς
1544 1708 1758 1787 ἄρτους,
1791 1709 1890 1776 τὴν
1919 1729 2029 1763 σω-

360 1798 551 1875 τηρίαν
609 1796 700 1853 τοῦ
757 1796 1030 1873 σώματος,
1090 1798 1178 1853 καὶ
1236 1802 1332 1865 τῆς
1366 1802 1576 1878 ψυχῆς,
1625 1797 1713 1853 καὶ
1740 1804 1833 1854 τοῦ
1862 1797 2028 1854 πνεύ-

2112 627 2377 703 advenit,
2412 630 2526 693 hoc
2585 638 2699 707 est,
2750 632 2997 708 angelus
3052 633 3153 712 qui
3203 630 3460 692 animam
3491 627 3771 691 assumit.

2110 717 2361 780 Amicus
2390 720 2585 781 aufem
2620 731 2712 783 est
2757 722 2957 782 omnis
2987 721 3259 801 angelus,
3293 721 3447 782 sicut
3478 727 3536 780 et
3564 717 3771 780 Domi-

2113 824 2224 867 nus
2252 807 2397 869 dixit
2444 809 2603 889 quod
2660 808 2940 887 gaudium
2991 810 3210 871 factum
3261 817 3352 871 est
3395 808 3455 869 in
3508 806 3664 870 coelo
3698 805 3773 867 de

2112 895 2301 959 salute
2325 898 2604 962 hominis.
2623 898 3012 961 Pueriautem
3044 900 3143 980 qui
3167 898 3226 960 in
3251 899 3402 960 lecto
3427 897 3767 978 quiescunt.

2108 992 2250 1050 sunt
2294 987 2353 1048 hi
2385 988 2481 1068 qui
2513 989 2799 1051 conversi
2841 996 3002 1068 sunt,
3051 997 3110 1050 et
3156 987 3289 1049 facti
3321 996 3459 1049 sunt
3487 995 3550 1048 ut
3581 984 3771 1067 pueri,

2107 1087 2169 1140 ei
2200 1076 2365 1157 digni
2391 1076 2580 1138 habiti
2611 1087 2750 1139 sunt
2779 1077 2889 1160 qui
2912 1078 3296 1158 quiescerent
3327 1096 3460 1140 cum
3492 1075 3766 1145 Domino,

2108 1164 2550 1247 Impudentiam
2585 1177 2785 1229 autem
2822 1176 2879 1228 et
2904 1166 3343 1248 improbitatem
3377 1166 3527 1229 dicit
3557 1165 3770 1227 oratio-

2115 1273 2254 1317 nem
2285 1264 2571 1317 attentam
2604 1275 2742 1319 cum
2776 1257 3153 1321 sustinentia.
3184 1257 3454 1336 lntellige
3486 1264 3545 1319 et
3574 1256 3767 1329 aliter,

2116 1362 2223 1425 per
2258 1344 2507 1407 mediam
2541 1354 2804 1420 noctem,
2849 1345 3153 1426 ingentem
3189 1347 3601 1408 tentatiouem.
3644 1343 3769 1406 Nox

2114 1435 2277 1495 enim
2304 1434 2499 1496 omnis
2551 1436 2843 1498 tentatio:
2896 1437 3092 1498 media
3139 1446 3338 1498 autem
3390 1455 3525 1508 nox,
3577 1434 3772 1496 omnis

2117 1523 2461 1587 tentationis
2492 1524 2708 1589 fervor.
2744 1525 2925 1603 Igitur
2956 1545 3089 1587 cum
3123 1526 3255 1606 quis
3288 1527 3345 1587 in
3379 1525 3608 1587 medias
3646 1531 3770 1586 ten-

2115 1614 2367 1677 tationes
2401 1615 2759 1693 pervenerit,
2789 1615 3019 1678 accedit
3050 1616 3121 1677 ad
3156 1616 3341 1678 Deum
3374 1633 3482 1676 nos
3513 1613 3770 1691 diligen-

2116 1709 2235 1764 tem
2270 1712 2329 1764 et
2356 1704 2499 1765 dicit
2533 1724 2546 1764 :
2577 1704 2903 1767 Commoda
2936 1706 3083 1768 mihi
3115 1714 3235 1768 tres
3275 1723 3484 1786 panes,
3518 1703 3767 1765 salutem

2114 1794 2385 1875 corporis
2413 1793 2666 1868 scilicet,
2704 1803 2760 1855 et
2804 1797 3040 1866 animae,
3078 1804 3136 1857 et
3183 1794 3451 1877 spiritus.
3501 1793 3771 1855 Timetur

363 1865 558 1963 ματος.
632 1887 767 1944 Ἀπὸ
829 1865 930 1967 ἧαρ
1000 1865 1103 1944 τῶν
1164 1865 1483 1968 πειρασμῶν
1531 1887 1672 1969 δέος,
1720 1889 1798 1964 μὴ
1842 1886 2017 1944 κινδυ-

2112 1865 2273 1943 enim
2325 1901 2400 1943 ne
2440 1885 2550 1944 Iria
2599 1865 2727 1944 haec
2782 1903 2887 1964 per
2935 1865 3288 1946 tentationes
3334 1883 3763 1965 periclitentur.

360 1975 519 2053 νεύσῃ
583 1985 748 2036 ταῦτα
817 1978 884 2033 τε
933 1977 1081 2056 τρία.
1172 1978 1258 2042 Τίς
1292 1975 1346 2033 δὲ
1380 1979 1407 2034 6
1451 1976 1600 2056 φίλος
1632 1981 1661 2035 6
1717 1979 2025 2056 παραγενό-

361 2087 523 2142 μενος
578 2064 631 2131 ἐξ
690 2064 859 2139 ὁδοῦς
928 2054 991 2123 Ἠ
1050 2066 1262 2132 πάντως
1322 2069 1350 2123 6
1404 2054 1590 2147 Κύριος
1641 2069 1669 2122 6
1724 2054 2024 2142 δοκιμάζων

361 2159 504 2231 ἡμᾶς
559 2156 615 2213 ὲν
642 2169 760 2223 τοῖς
790 2170 1135 2236 πειρασμοῖς,
1183 2159 1272 2214 καὶ
1304 2156 1471 2214 θέλων
1511 2170 1706 2238 φαγεῖν
1734 2157 1836 2225 τήν
1878 2160 2022 2234 ἡμε-

359 2245 517 2324 τέραν
571 2246 889 2325 σωτηρίαν;
940 2255 1046 2305 Οὐκ
1116 2246 1235 2327 ἔχει
1294 2246 1348 2302 δὲ
1424 2246 1475 2303 τί
1523 2247 1819 2326 παραθὴσει
1849 2248 2021 2319 τούτῳ

363 2336 393 2392 6
450 2335 505 2391 ἐν
561 2347 678 2397 τοῖς
737 2349 1060 2413 πειρασμοῖς
1104 2336 1374 2412 ἐμπεσὼν,
1455 2338 1545 2394 καὶ
1625 2338 1857 2394 ἀσθενῶν
1925 2338 2019 2418 ἀφ’

364 2424 553 2482 ἑαυτοῦ
624 2424 931 2491 ἀντιστῆναι
1002 2427 1232 2499 τούτοις,
1294 2428 1383 2483 καὶ
1466 2431 1780 2506 θεραπεῦσαι
1861 2428 2014 2488 Θεόν.

362 2515 436 2573 Τὸ
491 2513 545 2569 δὲ
602 2512 907 2581 κλεισθῆναι
962 2515 1061 2578 τὴν
1109 2516 1285 2593 θύραν,
1346 2523 1502 2574 τοῦτο
1579 2519 1850 2597 σημαίνει,
1936 2518 2015 2575 ὅτι

361 2601 447 2660 δεῖ
501 2605 604 2681 πρὸ
659 2604 767 2661 τῶν
821 2610 1132 2684 πειρασμῶν
1186 2608 1333 2681 ἡμᾶς
1391 2608 1535 2664 εἶναι
1564 2608 2018 2687 ἡτοιμασμένουτ,

361 2691 495 2750 ἐπὰν
559 2691 617 2749 δὲ
689 2692 1029 2770 ἐμπέσωμεν,
1096 2694 1395 2753 κέκλεισται
1468 2699 1502 2765 ἡ
1558 2702 1660 2764 τῆς
1710 2698 2017 2775 ἐτοιμασίας

361 2783 510 2863 θύρα,
582 2786 673 2839 καὶ
738 2782 1011 2859 ἀνέτοιμοι
1085 2785 1465 2863 εὑρισκόμενοι,
1529 2789 1572 2843 εἰ
1657 2788 1735 2864 μὴ
1785 2790 1812 2845 6
1885 2791 2015 2855 Θεὸς

359 2875 619 2951 βοηθήσει
675 2871 1113 2948 κινδυιεύσωμεν.
1173 2874 1361 2932 Παιδία
1420 2875 1500 2949 δὲ,
1579 2879 1714 2935 καθᾶ
1809 2901 2016 2955 προαπ-

360 2962 641 3037 εδόθησαν,
691 2963 804 3020 εἷεν
880 2962 942 3019 ἅν
972 2964 1019 3020 οἱ
1048 2964 1325 3041 γενόμενοι
1355 2966 1452 3024 υἱοὶ
1493 2972 1586 3023 τοῦ
1615 2974 1751 3023 Θεοῦ
1791 2965 1859 3024 δι’
1890 2968 2020 3047 ἀρε-

360 3058 485 3127 τῆς,
550 3055 637 3109 καὶ
696 3051 1124 3128 ἆνακλινόμενοι,
1189 3056 1277 3111 καὶ
1346 3053 1738 3130 ἀναπαυόμενοι
1772 3056 1827 3114 ἐν
1884 3064 2021 3132 Θεῷ,

2108 1970 2251 2046 Quis
2282 1986 2479 2035 autem
2514 1975 2744 2036 amicus
2775 1983 2865 2036 est
2895 1976 2997 2056 qui
3021 1976 3186 2039 venit
3224 1977 3297 2038 de
3323 1973 3463 2037 via?
3507 1972 3766 2036 Omnino

2106 2061 2528 2145 Dominus,qui
2561 2064 2769 2145 probat
2796 2084 2905 2126 nos
2932 2069 2988 2126 in
3008 2066 3530 2139 tentationibus,et
3558 2062 3767 2125 avidus

2108 2160 2198 2215 est
2218 2153 2434 2217 edendi
2455 2154 2531 2215 de
2550 2155 2738 2217 salute
2770 2165 2971 2216 nostra
2992 2162 3020 2219 ?
3048 2156 3190 2217 555
3212 2155 3337 2218 Νυη
3365 2155 3540 2216 habet
3561 2161 3759 2214 autem

2106 2243 2267 2321 quod
2300 2252 2557 2324 apponat
2588 2244 2805 2318 amico,
2840 2245 2889 2307 is
2922 2246 3021 2326 qui
3050 2246 3111 2306 in
3144 2246 3497 2307 tentationes
3527 2242 3764 2304 incide—

2102 2339 2220 2410 rat,
2252 2342 2310 2395 et
2337 2333 2613 2395 inﬁrmus
2647 2353 2755 2414 per
2799 2353 2867 2396 se
2916 2345 2978 2396 ut
3021 2336 3274 2399 obs-stat
3315 2335 3458 2409 illis,
3503 2344 3565 2395 et
3594 2340 3765 2394 curet

2104 2439 2176 2485 ea
2231 2442 2363 2504 quae
2420 2431 2558 2484 sunt
2611 2422 2742 2488 Dei.
2801 2424 3008 2487 Claudi
3053 2426 3308 2505 januam
3358 2424 3550 2503 signat
3605 2419 3757 2503 quod

2104 2521 2373 2592 oporteat
2418 2523 2555 2575 ante
2605 2515 2965 2577 tentationes
3019 2534 3130 2576 nos
3179 2533 3312 2577 esse
3370 2519 3755 2595 praeparatos.

2099 2601 2245 2663 Cum
2278 2612 2474 2665 autem
2508 2604 2921 2685 inciderimus,
2960 2606 3161 2667 clausa
3197 2613 3289 2667 est
3319 2602 3764 2685 praeparationis

2094 2692 2295 2769 janua,
2329 2700 2388 2753 et
2416 2692 2520 2774 qui
2575 2694 2956 2756 inveniuntur
3003 2693 3424 2775 impraaparati,
3459 2692 3571 2753 nisi
3605 2690 3762 2753 Deus

2096 2781 2415 2861 adjuverit,
2443 2782 2962 2862 periclitabuntur.
2992 2783 3171 2846 Pueri
3190 2783 3579 2854 autein,sicut
3600 2783 3762 2862 prius

2098 2870 2347 2947 dictum,
2382 2872 2445 2933 hi
2473 2881 2631 2954 sunt,
2665 2875 2765 2953 qui
2821 2892 2926 2955 per
2967 2875 3241 2936 virtutem
3277 2874 3416 2935 facti
3468 2880 3605 2934 sunt
3655 2870 3758 2932 lilii

2103 2959 2238 3039 Dei,
2267 2973 2328 3024 et
2351 2961 2710 3025 recumbunt
2738 2982 2808 3025 ac
2840 2964 3153 3044 quiescunt
3181 2982 3315 3025 cum
3346 2962 3495 3025 Deo.

420 3165 477 3198 να
540 3142 703 3221 Κάγὼ
755 3143 885 3217 ὑμῖν
940 3140 1103 3220 λέγω⁶
1138 3143 1370 3222 Αἰτεῖτε,
1417 3144 1505 3199 καὶ
1534 3142 1810 3215 δοθήσεται
1852 3148 2003 3222 ὑμῖν,

2174 3142 2357 3204 Vsus.
2392 3140 2554 3205 9-l3.
2590 3166 2617 3196 ι
2666 3144 2737 3203 Et
2778 3161 2885 3221 ego
2926 3142 3061 3203 dico
3090 3141 3298 3204 vobis:
3336 3141 3546 3216 Petite,
3575 3147 3635 3203 et
3659 3138 3759 3201 da-

359 3239 601 3303 ζητεῖτε,
674 3232 761 3288 καὶ
810 3233 1089 3309 εὑρήσετε,
1194 3232 1433 3310 κρούετε,
1522 3235 1612 3290 καὶ
1677 3234 2017 3314 ἀνοιγήσεται

358 3323 513 3397 ὕμῖν,
575 3328 683 3385 Πᾶς
742 3323 843 3402 γὰρ
910 3324 938 3378 6
973 3324 1132 3378 αἰτῶν
1162 3319 1446 3397 λαμϐάνει,
1478 3324 1567 3379 καὶ
1611 3326 1639 3379 6
1668 3330 1843 3395 ζητῶν
1874 3327 2016 3404 εὑρί-

358 3432 501 3492 σκει,
560 3413 650 3469 καὶ
707 3420 784 3487 τῷ
836 3412 1080 3489 κρούοντι
1168 3412 1533 3490 ἀνοιγήσεται,
1595 3415 1721 3471 Τίνα
1748 3412 1802 3470 δὲ
1868 3417 2016 3491 ὑμῶν

357 3504 450 3560 τὸν
508 3500 737 3581 ’πατέρα
796 3503 1003 3572 αἰτήσει
1062 3503 1089 3558 ὸ
1117 3504 1227 3565 υἱὸς
1260 3500 1439 3581 ἄρτον,
1474 3503 1552 3577 μὴ
1596 3502 1738 3560 λίθον
1767 3502 2014 3562 ἐπιδώσει

360 3592 560 3668 usus;
610 3579 676 3649 Ἠ
744 3592 836 3649 καὶ
883 3592 1058 3671 ἰχθὺν,
1123 3591 1199 3666 μὴ
1264 3591 1381 3648 ἀντὶ
1410 3579 1591 3672 ἰχθύος
1622 3592 1740 3672 ὄφιν
1768 3591 2015 3652 ἐπιδώσει

359 3682 505 3757 αὖτῷ
580 3703 597 3757 ς
659 3672 744 3739 ’Ἡ
803 3681 889 3737 καὶ
948 3681 1038 3737 ἐὰν
1065 3681 1260 3756 αἰτήσῃ
1311 3683 1440 3756 ὠὸν,
1488 3683 1565 3758 μὴ
1596 3680 1841 3739 ἐπιδώσει
1874 3686 2015 3760 αὒτῴ

358 3772 661 3852 σκορπίονς
719 3772 777 3829 Εἰ
836 3773 925 3828 οὖν
983 3772 1137 3847 ὅμε⁴ς
1203 3773 1425 3849 πονηροὶ
1452 3771 1781 3852 ὑπάρχοντες
1832 3772 2014 3831 οἴδατε

353 3859 568 3936 δόματα
625 3861 794 3940 ἀγαθὰ
822 3858 1019 3917 διδόναι
1050 3873 1169 3922 τοῖς
1212 3859 1420 3924 τέκνοις
1459 3863 1631 3936 ὑμῶν,
1668 3861 1820 3936 πόσῳ
1865 3862 2013 3939 μᾶλ-

348 3951 447 4009 λον
520 3954 548 4009 6
597 3952 782 4029 Πατὴρ
837 3953 865 4007 6
936 3949 1004 4031 EE
1046 3954 1262 4028 οὐρανοῦ
1293 3948 1447 4007 δώσει
1480 3958 1690 4025 Πνεῦμα
1719 3951 1872 4031 ἅγιον
1897 3967 2014 4019 τοῖς

352 4043 591 4101 αἶτοῦσιν
644 4040 847 4102 αὐτόνί
899 4064 922 4097 ι
967 4029 1114 4119 ”Ορα
1169 4042 1230 4096 τὸ
1260 4039 1472 4119 ἀκριϐὲς
1504 4047 1603 4109 τῆς
1646 4029 1859 4108 λέξεως.
1908 4048 2016 4103 Οὐκ

355 4134 543 4206 εἶπεν,
605 4131 686 4189 ὅτι
760 4132 1073 4201 Αἱτήσασθε,
1109 4133 1196 4186 καὶ
1228 4129 1528 4210 δοθήσεται,
1584 4131 1727 4212 ἀλλ’,
1778 4134 2007 4207 Αἰτεῖτε,

353 4223 475 4279 ἀντὶ
517 4230 636 4297 τοῦ,
682 4219 939 4289 διηνεκῶς
971 4228 1207 4292 ζητεῖτε,
1246 4227 1351 4283 Πᾶς
1383 4222 1482 4299 γὰρ
1525 4223 1553 4278 ὸ
1603 4223 1764 4278 αἰτῶν
1805 4221 2021 4299 λαμϐα-

354 4336 460 4376 νει,
521 4308 651 4392 Ἆρα
709 4313 796 4370 οὖν
862 4314 890 4367 6
959 4312 1235 4391 ἀσύζφορα
1294 4314 1452 4367 αἰτῶν
1505 4312 1813 4388 λαμϐάνεις
1858 4316 2015 4394 061!-

355 4411 571 4483 πρόιτον
641 4403 739 4478 μὲν
772 4402 889 4481 γὰρ
936 4403 971 4469 ἡ
1016 4408 1121 4458 τῶν
1152 4402 1466 4481 ἀσυμφόρων
1498 4401 1719 4469 αἴτησις
1747 4401 1864 4461 οὐδὲ
1918 4403 2015 4459 αἴ-

352 4512 515 4562 τησις
601 4492 662 4549 ἄν
732 4490 989 4559 κληθείηα
1038 4486 1171 4557 πρὸς
1229 4493 1320 4547 τὸν
1379 4492 1533 4549 Θεόν.
1596 4483 1654 4551 Ὀ
1677 4492 1870 4572 γὰρτῷ
1899 4501 2015 4568 Θεῷ

351 4582 813 4664 προσευχόμενος,
875 4579 1073 4661 ὀφείλει
1132 4582 1392 4638 αἰτεῖσθαι
1463 4581 1499 4636 ἆ
1540 4581 1746 4647 ἐκεῖνος
1776 4581 2009 4641 δίδωσιν.

357 4665 540 4733 ’Ὀταν
576 4671 648 4729 ηδέ
707 4694 789 4736 τις
848 4673 914 4727 τὰ
973 4670 1251 4750 ἅσύμφορα
1304 4672 1557 4752 αἶτεῖται,
1632 4675 1691 4730 οὒ
1736 4674 1867 4743 πρὸς
1920 4676 2012 4729 τὸν

356 4767 490 4821 Θεὸν
546 4777 789 4820 ποιεῖται
844 4762 945 4828 τὴν
1018 4764 1258 4827 αἳτησιν⁸
1323 4759 1489 4825 οὕτος·
1518 4762 1620 4840 γὰρ
1648 4762 1924 4843 ἀσύμφορα
1951 4766 2012 4822 οὗ

352 4854 585 4912 δίδωσιν.
662 4851 911 4911 ’Ἔπειτα
969 4852 1126 4908 ἄκουε
1184 4852 1272 4908 καὶ
1328 4852 1487 4908 αὐτοῦ
1514 4851 1607 4908 τοῦ
1641 4854 1847 4930 Κυρίου,
1894 4853 2008 4918 πῶς

352 4943 588 5001 διδσίσκει
656 4945 797 5019 ἡμᾶς
852 4943 1111 4998 αἰτεῖσθαι
1142 4942 1178 4997 ἅ
1224 4939 1328 4999 δεῖ.
1363 4939 1577 5013 ’Ἄρτον
1605 4942 1729 5019 γὰρ,
1764 4942 1947 5022 φησὶ),
1984 4944 2012 4999 6

349 5036 461 5098 υἱὸς
518 5036 608 5090 καὶ
660 5034 811 5114 ἰχθύν
871 5033 957 5088 καὶ
1002 5033 1118 5087 ’ὠὸν
1161 5032 1411 5092 αἰτεῖται.
1451 5022 1800 5102 ”¹Ωσπερ-οὗν
1845 5038 2009 5088 ταῦτα

352 5123 628 5203 ἀνθρώπου
678 5123 787 5181 ἐστὶ
820 5125 1066 5202 βρῶσις,
1124 5120 1261 5178 οὕτω
1317 5122 1501 5178 καὶτὰ
1528 5123 1801 5197 αἰτήματα
1849 5122 2007 5197 ἡμῶν

352 5213 653 5296 ὀφείλουσιν
708 5215 852 5271 εἶναι
913 5211 1242 5292 συμφέροντα
1288 5214 1374 5268 καὶ
1405 5209 1818 5288 συμϐαλλόμενα
1846 5213 2005 5286 ἡμῖν,

352 5306 477 5365 Νόει
534 5302 591 5361 δέ
645 5327 764 5381 μοι,
822 5303 902 5359 ὃτι
957 5301 1113 5380 ἄρτον
1171 5300 1269 5377 μὲν
1352 5302 1580 5358 αἰτεῖται
1612 5307 1717 5363 πᾶς
1748 5303 1775 5357 6
1804 5302 1906 5368 τὴν
1937 5302 2009 5366 εἰς

349 5393 546 5474 Τριάδα
603 5396 781 5452 πίστιν
838 5390 1277 5471 ἀποκαλυφθῆναι
1311 5391 1468 5465 αύτῷ,
1504 5391 1594 5447 καὶ
1620 5391 1718 5457 τὴν
1750 5390 2011 5469 ὀρθότητα

347 5488 454 5540 τῶν
511 5482 794 5563 δογμάτων
842 5484 1036 5540 καὶτῶν·
1136 5479 1293 5558 ἄρτος
1342 5482 1443 5561 γὰρ
1499 5481 1663 5538 ταῦτα
1734 5482 1865 5537 εἰσιν
1932 5482 2011 5543 ὡς

348 5576 661 5655 στηρίζοντα
729 5571 968 5653 καρδίαν,
1016 5570 1192 5653 Ἰχθὺν
1248 5569 1302 5627 δὲ
1362 5572 1502 5630 αἰτεῖ
1574 5572 1601 5627 6
1629 5571 1687 5626 ἐν
1727 5575 1806 5645 τῷ
1834 5568 2010 5629 πελά-

428 5733 491 5786 4²⁴
527 5733 687 5800 Psal.
717 5749 842 5812 CIII,
879 5732 976 5799 14.

2100 3228 2260 3291 bitur
2293 3228 2499 3306 vobis;
2549 3231 2819 3311 quaerite,
2870 3241 2929 3293 et
2980 3231 3346 3303 invenietis;
3396 3231 3648 3312 pulsate,
3699 3237 3753 3290 et

2098 3321 2403 3401 aperietur
2435 3318 2626 3382 vobis.
2664 3321 2873 3384 Omnis
2890 3320 3049 3381 enim
3077 3321 3177 3402 qui
3211 3320 3377 3401 petit,
3406 3318 3620 3399 accipit
3648 3340 3662 3382 :
3700 3330 3757 3381 et

2099 3411 2199 3491 qui
2231 3409 2465 3490 quaerit,
2512 3410 2784 3471 invenit:
2839 3419 2894 3471 et
2946 3410 3201 3490 pulsanti
3242 3410 3563 3491 aperietur.
3616 3407 3760 3482 Quis

2098 3508 2299 3560 autem
2330 3518 2399 3559 ex
2431 3499 2600 3560 vobis
2631 3508 2817 3579 pater.
2864 3517 2899 3561 a
2929 3519 3043 3580 quo
3075 3500 3125 3561 si
3176 3500 3330 3561 ﬁlius
3378 3498 3618 3579 petierit
3649 3517 3754 3578 pa-

2098 3606 2263 3669 nem,
2290 3606 2429 3649 num
2455 3588 2712 3668 lapidem
2736 3589 2897 3650 dabit
2932 3589 3068 3650 illi?
3097 3591 3213 3651 Aut
3253 3591 3303 3650 si
3339 3589 3585 3669 piscem,
3614 3607 3753 3650 num

2101 3696 2205 3757 pro
2222 3678 2380 3757 pisce
2400 3683 2743 3757 serpentem
2761 3677 2925 3739 dabit
2949 3678 3072 3741 illi?
3092 3683 3209 3741 Aut
3231 3679 3281 3739 si
3306 3677 3539 3759 petierit
3555 3696 3751 3750 ovum,
3792 3753 3795 3757 _

2099 3784 2240 3826 num
2275 3766 2530 3846 porriget
2558 3766 2647 3827 illi
2677 3766 2977 3846 scorpium
3003 3771 3031 3827 ἲ
3054 3767 3116 3830 Si
3148 3785 3287 3845 ergo
3314 3783 3441 3846 vos,
3472 3784 3604 3826 cum
3629 3764 3754 3826 sitis

2098 3855 2260 3929 mali,
2297 3856 2483 3917 nostis
2515 3855 2652 3916 data
2693 3854 2849 3917 bona
2879 3856 3021 3917 dare
3053 3856 3190 3917 ﬁliis
3231 3854 3442 3916 vestris
3474 3873 3487 3914 :
3538 3862 3756 3935 quanto

2098 3945 2292 4026 magis
2324 3946 2502 4008 Pater
2531 3953 2727 4006 vester
2757 3946 2856 4025 qui
2887 3945 2946 4005 in
2979 3946 3143 4007 cmlis
3169 3942 3753 4025 est,dabitSpiritum

2098 4043 2327 4098 saclum
2364 4035 2749 4115 poscentibus
2765 4035 2866 4097 se!
2888 4033 3136 4098 nVidete
3157 4034 3471 4098 verborum
3499 4034 3753 4113 diligen-

2102 4124 2265 4186 tiam.
2298 4123 2429 4185 Non
2461 4123 2879 4205 dixit,petetis,
2908 4134 2967 4186 et
2987 4123 3246 4199 dabitur,
3274 4124 3401 4199 sed,
3422 4124 3627 4205 petite,
3649 4125 3755 4185 hoc

2106 4221 2215 4287 est,
2244 4214 2522 4275 continuo
2543 4213 2812 4293 quaerite.
2845 4212 3056 4278 Omnis
3085 4216 3244 4276 enim
3271 4214 3373 4296 qui
3403 4216 3565 4295 petit.
3598 4215 3756 4275 acci-

2106 4302 2211 4383 pit.
2248 4303 2533 4383 Nunquid
2559 4322 2700 4383 ergo
2733 4315 2791 4365 et
2820 4304 2926 4385 qui
2952 4304 3098 4385 petit
3124 4323 3258 4384 quae
3287 4324 3406 4364 non
3433 4302 3761 4385 expediunt

2100 4391 2367 4474 accipit?
2397 4394 2545 4453 Non.
2574 4393 2773 4454 Primo
2798 4394 2977 4473 igitur
3000 4412 3199 4455 rerum
3218 4399 3522 4456 noxiarum
3552 4394 3756 4474 petitio

2100 4500 2221 4544 non
2251 4490 2497 4545 vocatur
2528 4485 2733 4563 petitio
2763 4483 2919 4563 apud
2962 4481 3174 4547 Deum.
3227 4482 3373 4544 Nam
3419 4484 3516 4564 qui
3569 4483 3751 4544 Deun:

2098 4580 2246 4644 orat,
2271 4570 2450 4633 debet
2469 4579 2673 4652 petere
2693 4591 2825 4652 quae
2846 4572 2947 4633 ille
2969 4572 3091 4634 dat.
3127 4570 3376 4645 Quando
3400 4580 3597 4634 autem
3621 4573 3753 4652 quis

2098 4659 2272 4723 noxia
2304 4659 2469 4741 petit,
2508 4680 2626 4722 non
2655 4661 2726 4722 ad
2763 4664 2950 4724 Deum
2999 4660 3345 4743 petitionem
3378 4662 3519 4723 facit
3556 4683 3569 4725 :
3626 4661 3753 4742 ipso

2095 4750 2255 4810 enim
2289 4749 2465 4812 noxia
2512 4770 2625 4811 non
2657 4752 2782 4815 dat.
2834 4753 3089 4830 Insuper
3143 4751 3280 4813 audi
3333 4753 3507 4813 etiam
3558 4751 3752 4832 ipsum

2094 4836 2414 4901 Dominum
2428 4841 2727 4921 quomodo
2748 4840 2959 4904 doceat
2984 4859 3092 4903 nos
3114 4849 3315 4921 petere
3342 4860 3474 4923 quae
3493 4850 3751 4922 oportet.

2097 4929 2571 5010 Panem,inquit,
2592 4936 2654 4992 et
2678 4931 2899 5011 piscem
2933 4940 2991 4993 et
3022 4950 3195 4993 ovum
3222 4930 3378 4993 [ilius
3405 4931 3569 5012 petit.
3593 4931 3751 4995 Sicut

2094 5019 2279 5099 igitur
2308 5019 2434 5081 haec
2466 5019 2727 5081 hominis
2759 5029 2899 5082 sunt
2930 5019 3098 5083 cibus
3115 5020 3201 5100 λθ,
3237 5020 3317 5081 ita
3349 5029 3409 5083 et
3439 5021 3755 5102 petitiones

2094 5117 2315 5170 nostrae
2339 5108 2515 5170 utiles
2537 5109 2712 5170 nobis
2742 5127 2878 5171 esse
2906 5109 3149 5173 debent.
3172 5109 3440 5190 lntellige
3466 5111 3563 5173 hic
3592 5114 3750 5191 quo!

2096 5217 2309 5279 panem
2348 5207 2507 5279 petat
2537 5199 2735 5260 omnis
2763 5198 2864 5280 qui
2897 5199 3073 5261 fidem
3104 5200 3162 5261 in
3187 5199 3536 5261 Trinitatem
3568 5210 3627 5262 et
3656 5219 3721 5263 re

2093 5288 2441 5351 ctitudinem
2457 5288 2804 5366 dogmatum
2831 5288 3081 5351 revelari
3103 5290 3217 5352 sibi
3244 5290 3407 5371 petit.
3435 5290 3573 5353 Haec
3596 5292 3750 5352 enin.

2093 5397 2198 5440 cor
2229 5377 2382 5440 sicut
2413 5378 2578 5457 panis
2607 5378 2984 5441 conﬁrmant.
3011 5378 3085 5443 At
3116 5380 3334 5461 piscem
3357 5379 3525 5460 petit,
3558 5381 3659 5463 qui
3692 5382 3747 5441 i2:

2096 5468 2247 5531 mari
2276 5467 2408 5529 vitae
2431 5467 2608 5548 hujus
2625 5478 2738 5543 est,
2768 5481 2827 5530 et
2854 5470 3066 5550 quaerit
3087 5490 3122 5532 a
3141 5470 3267 5533 Deo
3289 5472 3676 5551 adjutorium,
3696 5487 3752 5533 ut

2095 5560 2157 5625 in
2178 5556 2393 5625 mediis
2416 5558 2840 5627 tentationibus
2864 5580 2981 5628 non
2995 5559 3433 5643 submergatur,
3452 5563 3557 5636 sed
3583 5564 3726 5636 vivat
3741 5620 3755 5648 ,
