4202 6432
490 348 607 446 863

1441 357 1543 416 ΤΗ
1559 353 2037 416 EOPHYLACTI
2084 351 2178 412 BU
2194 351 2496 413 LGARIE
2543 347 2902 411 ARCHIEP.

3761 344 3879 409 864

489 485 969 560 gew.Qiiomodo
997 486 1173 566 igitur
1197 486 1269 548 de
1289 505 1382 548 me
1405 485 1674 560 cogitatis
1700 484 1858 566 quod
1874 505 2110 548 cummu

2221 483 2345 542 ὅουλ
2381 505 2396 565 ;
2483 483 2649 560 Ἐμὸν
2722 482 2872 562 ἔργον
2931 481 3065 562 ἐστὶ,
3111 483 3172 538 τὸ
3203 482 3449 560 σδνάγειν
3495 482 3563 538 τὰ
3592 478 3749 536 τέκνα
3786 481 3880 535 106

492 572 732 634 nionem
766 574 1016 636 habeam
1051 595 1185 636 cum
1218 574 1463 640 Satana?
1491 574 1561 636 Et
1590 575 1853 655 profecto
1886 575 2012 639 haec
2033 595 2137 638 co—

486 662 690 742 gitatio
727 664 864 726 hinc
901 665 1271 746 oriturquod
1309 664 1609 727 daemones
1633 665 1815 744 magis
1846 684 2004 727 nunc
2037 685 2139 729 vos

487 770 660 832 quam
692 753 827 814 olim
881 755 1412 833 premant.Etenim
1463 754 1753 817 habuistis
1784 757 1960 817 etiam
1991 756 2134 818 olim

483 840 854 904 immundum
888 845 1295 925 spiritum,qui
1328 843 1698 906 habitabatin
1721 844 2134 926 vobisquando

479 928 639 990 idola
660 930 1031 1006 colebatis,et
1057 935 1377 1015 prophetas
1394 932 1845 1011 occidebatis;et
1869 934 2025 997 visus
2046 945 2137 998 est

482 1028 687 1099 postea
701 1022 839 1082 558
861 1022 1023 1084 exire
1052 1042 1087 1085 a
1115 1024 1315 1086 vobis:
1338 1032 1396 1085 at
1418 1041 1578 1084 nunc
1608 1023 1786 1083 rediit
1809 1023 1871 1084 in
1891 1024 2131 1086 domum

480 1127 674 1185 suam,
709 1112 822 1174 hoc
856 1121 946 1175 est
965 1113 1198 1175 animas
1238 1121 1486 1193 vestras,
1524 1131 1658 1174 cum
1685 1121 1915 1194 septem
1950 1113 2132 1195 spiri-

477 1199 777 1272 tibus,hoc
808 1211 896 1263 est
926 1202 1164 1265 multis:
1195 1201 1502 1284 Scriptura
1550 1203 1708 1263 enim
1761 1209 1991 1283 septem
2027 1224 2130 1284 pro

477 1288 679 1350 multis
708 1301 952 1372 usurpat
987 1313 998 1354 :
1035 1291 1293 1373 fecitque
1323 1291 1490 1354 vobis
1508 1299 1775 1353 extrema
1795 1293 1996 1373 pejora
2017 1294 2132 1375 pri-

479 1378 780 1441 mis.Cum
817 1381 975 1442 enim
1007 1380 1166 1443 idola
1197 1381 1500 1456 coleretis,
1536 1382 1852 1462 prophetas
1890 1383 2129 1444 occide-

477 1465 922 1543 batis,nondum
941 1471 1378 1553 aperteinjuria
1399 1470 1746 1533 afﬁciebatis
1761 1471 1971 1534 Filium
1996 1473 2127 1554 Dei,

475 1558 577 1638 qui
609 1578 766 1622 nunc
798 1571 1042 1642 propter
1071 1580 1169 1622 vos
1200 1562 1258 1622 in
1291 1581 1468 1623 carne
1503 1561 1984 1642 apparuit.Nunc
2015 1582 2126 1623 au-

474 1654 592 1708 tem
618 1668 749 1730 quae
773 1669 910 1729 spes
932 1651 1136 1712 salutis
1159 1651 1394 1732 quando
1419 1652 1475 1712 in
1501 1651 1804 1713 incarnato
1827 1652 1974 1713 Filio
1992 1652 2121 1726 Dei,

2224 575 2354 631 Θεοῧ
2411 575 2476 630 τὰ
2537 571 3007 652 διεσκορπισμένα,
3068 572 3267 628 ἐκείνου
3329 570 3502 651 ἔργον,
3564 571 3626 626 τὸ
3655 569 3719 624 τὰ
3747 590 3875 625 συν-

2207 663 2432 743 ηγμένα
2504 664 2825 744 σκορπίζειν.
3087 661 3174 719 οὖν
3233 668 3448 718 τοιαῦτα
3483 661 3600 739 περὶ
3629 659 3759 744 ἐμοςὶ
3788 657 3877 714 λο-

2219 739 2444 833 γῖξεσθε,
2503 752 2583 809 ὅτι
2604 739 2613 744 ’
2632 755 2910 809 κοινωνίαν
2940 751 3057 832 ἔχω
3087 753 3217 828 πρὸς
3260 751 3352 807 τὸν
3382 756 3624 808 Σατανᾶν
3649 767 3672 827 ;
3729 739 3874 806 Ἀλλ’

2220 845 2383 907 ὅντως
2444 842 2472 898 ὅ
2527 849 2762 906 τοιοῦτος
2824 841 3082 920 λογισμὸς
3158 843 3286 918 ὑμῖν
3357 837 3550 907 συνέϐη
3610 839 3715 896 ἀπὸ
3783 844 3875 895 106

2219 931 2424 1008 μᾶλλον
2507 934 2640 1008 ὑμᾶς
2697 931 2970 1007 δαιμονᾷ).
3039 933 3135 989 Καὶ
3193 931 3292 1009 γὰρ
3377 929 3564 1010 εἴχετε
3620 929 3717 1005 μὲν
3787 929 3875 985 καὶ

2219 1023 2404 1100 πρώην
2460 1024 2520 1078 τὸ
2580 1022 2870 1101 ἀκάθαρτον
2941 1026 3148 1096 πνεῦμα
3206 1021 3442 1078 ἐνοικοῦν
3497 1023 3553 1075 ’5v
3600 1021 3753 1099 ὑμῖν,
3787 1019 3874 1075 ὅτε

2219 1111 2680 1189 εἰδωλολατρεϊτε,
2742 1113 2825 1167 καὶ
2879 1111 3000 1173 τοὺς
3063 1112 3339 1190 προφήτας
3394 1110 3688 1190 ἐφονεύετε’
3751 1114 3873 1166 εἶτα

2218 1202 2386 1267 ἔδοξεν
2445 1201 2674 1266 ἐξελθεῖν
2733 1199 2957 1276 ἐξῦμῶν,
3027 1205 3148 1256 εἶτα
3177 1207 3265 1255 νῦν
3293 1200 3628 1279 ὑποστρέψαν
3677 1203 3750 1264 εἰς
3782 1202 3872 1256 τὸν

2215 1294 2400 1348 ἑαυτου
2465 1292 2643 1365 οἷκον,
2705 1291 2941 1347 τουτέστι
2998 1291 3092 1354 τὰς
3152 1290 3408 1368 ὑμετέρας
3469 1293 3674 1371 ψυχὰς,
3737 1291 3874 1366 μετὰ

2214 1381 2526 1458 πνευμάτων
2598 1379 2752 1452 ἑπτα,
2813 1381 2977 1458 ἤγουν
3035 1378 3271 1436 πολλῶν·
3323 1382 3383 1436 τὸ
3427 1381 3526 1460 γὰρ
3567 1381 3724 1452 ἑπτὰ,
3759 1381 3874 1436 αντὶ

2213 1479 2324 1545 τοῦ,
2387 1468 2582 1541 πολλὰ,
2658 1474 2861 1526 νοεῖται
2891 1471 3033 1548 παρὰ
3075 1475 3141 1546 τῇ
3203 1475 3404 1550 Γραφῇ·
3443 1470 3692 1537 ἐποίησεν
3739 1472 3872 1545 ὑμῖν

2212 1563 2276 1615 τὰ
2341 1559 2545 1638 ἔσχατα
2612 1561 2826 1640 χείρονα
2856 1561 2960 1615 τῶν
2994 1559 3240 1638 πρώτων.
3280 1550 3438 1634 ”Οσῷ
3467 1564 3587 1617 τὸτε
3616 1560 3712 1636 μὲν
3745 1558 3872 1616 ὅταν

2210 1647 2444 1712 εἰδώλοις
2521 1649 2849 1726 ἐλατρεύετε,
2924 1649 3043 1712 τοὺς
3103 1650 3378 1728 προφήτας
3469 1649 3868 1721 ἀπεκτιννύετε,

472 1737 649 1818 quiet
678 1749 924 1820 propter
954 1759 1054 1802 vos
1085 1741 1369 1802 miracula
1400 1749 1675 1820 operatus
1704 1743 1879 1804 est.in
1903 1752 2117 1803 tantam

2207 1742 2294 1795 καὶ
2353 1740 2500 1796 οὔπω
2560 1738 2708 1795 σὸδὲν
2762 1741 2834 1800 εἰς
2908 1747 2997 1793 τὸν
3051 1746 3140 1794 106
3172 1745 3302 1794 Θεοῦ
3337 1740 3455 1794 ι’ἱὸν
3484 1736 3769 1817 προδήλως
3800 1735 3868 1794 δι’

469 1826 957 1906 ingratitudinem
995 1839 1051 1892 et
1080 1831 1497 1891 contumeliam
1529 1832 1916 1910 prorupistis‘?
1942 1831 2124 1894 Porro

470 1915 598 1978 loca
617 1917 1146 2000 inaquosa,animae
1163 1930 1298 1982 sunt
1321 1939 1524 1982 eorum
1542 1921 1640 2000 qui
1662 1922 1808 1982 nihil
1833 1939 2120 2001 aquosam

471 2015 530 2068 et
559 2009 916 2072 dissolutum
949 2011 1191 2092 habent,
1227 2012 1333 2074 sed
1367 2013 1545 2074 aridae
1574 2023 1630 2074 et
1664 2013 1931 2074 sollicitae
1963 2023 2121 2086 sunt,

467 2096 526 2157 in
559 2099 777 2178 quibus
809 2102 1030 2163 nullam
1059 2103 1317 2183 quietem
1353 2103 1576 2164 inVcnit
1603 2103 1845 2183 spiritus
1870 2104 2125 2164 immun—

465 2186 646 2251 ditize.
682 2191 754 2252 Et
788 2192 1068 2271 quoniam
1120 2191 1182 2254 in
1216 2191 1430 2254 talibus
1483 2193 1796 2254 animabus
1828 2193 2123 2271 malignus

465 2278 689 2339 nullum
723 2280 1007 2342 domicilii
1045 2281 1239 2342 locum
1265 2281 1510 2362 invenit,
1548 2282 1619 2342 ad
1652 2282 1888 2344 Judzeos
1916 2301 2122 2344 rever-

463 2366 693 2440 titur,et
714 2370 858 2430 fiunt
879 2370 990 2450 ipsi
1019 2372 1344 2451 posteriora
1366 2372 1668 2434 deteriora
1691 2373 2124 2454 primiszneque

462 2457 658 2519 adhuc
691 2459 912 2522 habent
932 2461 1632 2543 prophetaszocciderunt
1648 2463 1806 2524 enim
1829 2462 2117 2524 Verbum:

466 2564 656 2627 neque
686 2548 1068 2613 unctionem:
1104 2549 1406 2613 Christum
1459 2550 1618 2611 enim
1669 2551 2115 2614 cruciﬁxerunt.

2211 1833 2223 1849 ο
2287 1837 2310 1846 .-
2629 1831 2672 1856 ,ε
2845 1828 2853 1843 ι
2989 1826 3047 1848 en
3086 1829 3124 1860 ιγ
3452 1827 3492 1846 ν
3628 1831 3641 1868 ι
3822 1830 3837 1850 ς

2207 1853 2343 1905 υμας
2404 1831 2458 1885 ἐν
2525 1851 2678 1907 σαρκί
2727 1850 2955 1908 φανεντα
2984 1849 3237 1906 υοριξετε,
3294 1839 3397 1886 Νυν
3447 1837 3501 1884 ὸε
3551 1851 3676 1886 πο.α
3721 1827 3871 1891 ἐλπις

2208 1921 2494 1998 σωτηρίας,
2570 1917 2659 1974 ὅτε
2715 1920 2803 1975 καὶ
2861 1918 3219 1996 σαρκωθέντος
3272 1925 3363 1975 106
3438 1921 3580 1994 Υἱοῦ,
3658 1920 3746 1975 καὶ
3801 1916 3870 1974 δι’

2206 2012 2340 2085 ὑμᾶς
2402 2013 2946 2088 θαυματωργοῦντος,
3007 2008 3092 2065 ἐπὶ
3149 2010 3246 2076 τῆς
3280 2011 3440 2076 αὐτῆς
3478 2010 3868 2087 ἀγνωμοσύνης

2209 2103 2297 2157 καὶ
2354 2097 2549 2179 ὕϐρεως
2610 2101 2920 2170 ἑστήκατε,
2983 2088 3241 2176 ’Ἂνυδροι
3300 2096 3354 2153 δὲ
3410 2100 3589 2172 τόποι,
3651 2101 3702 2155 αἱ
3759 2105 3869 2155 τῶν

2207 2189 2373 2265 μηδὲν
2448 2187 2630 2268 ὑδαρὲς
2699 2189 2937 2268 ἐχόντων
2996 2190 3166 2266 ψυχαὶ
3245 2187 3382 2263 μηδὲ
3441 2188 3679 2269 ἔκλυτον,
3732 2187 3871 2245 ἀλλὰ

2207 2282 2295 2335 καὶ
2352 2279 2525 2356 ξηραὶ,
2597 2279 2685 2334 καὶ
2757 2277 3247 2355 μεμεριμνημέναι,
3318 2279 3372 2333 ἐν
3458 2279 3553 2344 α’ίς
3624 2276 3870 2354 οὐδεμίαν

2209 2371 2426 2449 εὕρίσκει
2511 2370 2571 2423 τὸ
2657 2367 2862 2441 πνεῦμα
2945 2372 3043 2433 τῆς
3149 2367 3467 2446 ἀκαθαρσίας
3552 2368 3863 2433 ἀνάπαυσιν,

2208 2461 2355 2519 Ἐπεὶ
2412 2463 2581 2518 τοίνυν
2637 2463 2693 2517 ἓν
2765 2474 2888 2524 ταῖς
2972 2461 3239 2524 τοιαύταις
3328 2465 3537 2540 ψυχαῖς
3619 2459 3866 2535 οὒδιμίαν

2205 2551 2524 2621 ἐνοικήσεως
2598 2551 2782 2630 χώραν
2815 2551 2931 2630 ἔχει
2959 2552 2985 2606 ὁ
3018 2552 3273 2629 πονηρὸς,
3309 2551 3396 2607 ἐπὶ
3426 2552 3548 2615 τοὺς
3581 2548 3865 2616 Ἰουδαίους

463 2636 600 2697 Haec
633 2637 792 2699 enim
819 2638 880 2699 in
911 2639 1030 2701 illis
1073 2640 1213 2700 olim
1246 2640 1632 2720 apparebant,
1663 2642 1927 2722 quamvis
1961 2640 2117 2702 idola

2201 2642 2472 2719 τρέπεται,
2545 2642 2632 2696 καὶ
2686 2643 2884 2718 γίνεται
2937 2642 3107 2696 αὐτῶν
3139 2641 3204 2694 τὰ
3249 2639 3458 2720 ἔσχατα
3489 2642 3709 2722 χείρονα
3757 2646 3868 2696 τῶν

464 2723 771 2789 colerent:
803 2747 958 2790 nunc
989 2737 1186 2791 autem
1228 2731 1367 2810 quia
1399 2729 1460 2791 in
1491 2730 1708 2792 Filium
1759 2729 1866 2792 Dei
1900 2748 2114 2812 pecca-

2201 2732 2446 2810 πρώτων’
2514 2730 2685 2789 ονῦκὲτι
2730 2732 2829 2808 γὰρ
2860 2729 2988 2808 παρ’
3031 2733 3213 2792 αὐτοῖς
3273 2730 3564 2810 προιρῆται⁸
3602 2731 3857 2786 ἀπέκτει-

466 2823 633 2896 runt,
661 2818 938 2880 omnibus
969 2818 1055 2880 illi
1096 2819 1305 2899 privati
1330 2828 1486 2880 sunt.

2201 2843 2290 2875 ναν
2363 2819 2462 2898 γὰρ
2521 2821 2610 2875 τὸν
2668 2819 2852 2897 λόγον·
2888 2819 3057 2875 οὗκέτι
3089 2818 3316 2896 χρίσμα·
3368 2822 3458 2875 τὸν
3499 2820 3597 2899 γὰρ
3637 2819 3832 2898 Χριστὸ

468 2903 829 2983 ἐσταύρωσαν,
856 2917 1032 2968 Ταῦτα
1063 2908 1117 2967 δὲ
1150 2911 1202 2966 ἐν
1233 2913 1416 2977 αὐτοῖς
1446 2914 1660 2991 ὼρῶντο
1682 2914 1891 2993 πρώην,
1926 2915 1968 2968 εἰ
1999 2913 2084 2968 καὶ
2116 2907 2549 2988 εἰδωλολάτρουν,
2589 2916 2677 2966 νὺν
2708 2906 2762 2964 δὲ
2795 2908 2908 2964 ἐπεὶ
2938 2910 3010 2972 εἰς
3044 2909 3136 2964 τὸν
3174 2910 3290 2964 Υἱὸν
3319 2915 3412 2965 τοῦ
3443 2916 3574 2965 Θεοῦ
3601 2907 3841 2986 ἥμαρτον

460 2993 675 3052 πάντων
705 2996 1033 3075 ἐστέρηνται,
1791 3047 1796 3051 -

538 3081 934 3151 Vens.27-32.
950 3087 1223 3152 «Factum
1243 3098 1332 3152 est
1350 3100 1713 3153 autem.cum
1737 3091 1862 3153 haec
1876 3091 2103 3153 diceret
2122 3102 2160 3152 C

463 3175 754 3238 extollens
775 3197 976 3240 vocem
1004 3180 1274 3260 quadam
1301 3182 1515 3243 mulier
1533 3181 1607 3242 de
1638 3181 2102 3254 turba,dixitilli:
2189 3203 2268 3242 τις

461 3261 675 3325 Beatus
706 3273 912 3330 venter
934 3269 1035 3349 qui
1072 3278 1128 3330 te
1146 3271 1415 3351 portavit.
1454 3279 1510 3333 et
1532 3269 1714 3333 ubera
1730 3290 1859 3352 quae
1876 3271 2105 3333 suxisti.

2201 3271 2224 3337 ὴ
2282 3269 2457 3324 κοιλία
2515 3271 2548 3336 ἡ
2594 3268 2904 3345 βαστάσασά
2936 3290 3016 3342 σε,
3049 3271 3136 3324 καὶ
3167 3270 3381 3345 μαστοὶ,
3417 3269 3506 3334 οὕς
3559 3270 3852 3341 ἐθήλασας.

456 3351 532 3414 Αι
561 3353 661 3414 ille
688 3355 833 3418 dixit
857 3378 870 3420 :
896 3357 1360 3440 Quinimo,beati
1381 3360 1480 3441 qui
1504 3351 1754 3423 audiunt
1769 3380 2108 3424 sermonem

2201 3359 2358 3424 Αὐτός
2428 3357 2481 3414 δὲ
2554 3362 2700 3414 εἶπεν
2765 3365 3054 3436 λίενοῦνγε,
3129 3358 3378 3438 μακάριοι
3440 3362 3486 3415 οἱ
3570 3361 3855 3424 ἀκούοντες

2267 3089 2507 3168 Ἐγένετο
2564 3087 2617 3144 δὲ
2676 3088 2731 3144 ἐν
2785 3092 2862 3164 τῷ
2921 3087 3093 3167 λέγειν
3155 3091 3311 3145 αὐτὸν
3362 3097 3546 3161 ταῦτα,
3599 3087 3840 3167 ἐπάρασά

2326 3180 2456 3256 γυνὴ
2525 3180 2705 3259 φωνὴν
2751 3178 2809 3234 ἐκ
2852 3185 2942 3234 τοῦ
2968 3177 3158 3258 ὄχλου,
3192 3192 3344 3235 εἶπεν
3384 3181 3545 3254 αὐτῷ·
3595 3179 3836 3257 Μακαρία

457 3441 585 3520 Dei,
610 3453 668 3506 et
699 3448 1038 3510 custodiunt
1069 3449 1485 3513 illum.Turbis
1513 3459 1707 3512 autem
1742 3451 2114 3515 condensan-

462 3532 620 3596 tibus
647 3553 712 3598 se
740 3537 919 3618 coapit
940 3539 1143 3602 dicere
1171 3559 1184 3604 :
1217 3539 1383 3614 Natio
1403 3541 1527 3603 haec
1548 3541 1697 3602 mala
1723 3549 1846 3603 est:
1877 3541 2110 3620 signum

455 3625 754 3704 quaerit,et
779 3628 1010 3706 signum
1034 3648 1154 3691 non
1187 3631 1424 3692 dabitur
1455 3631 1532 3707 ei,
1554 3631 1666 3692 nisi
1697 3631 1930 3710 signum
1949 3633 2112 3693 Jonas

457 3716 780 3795 pmplietae.
815 3719 964 3779 Nam
999 3718 1152 3780 sicut
1196 3718 1380 3782 Jonas
1411 3721 1642 3800 signum
1678 3721 1785 3780 fuit
1811 3719 2106 3791 Ninivitis,

455 3803 536 3866 ita
565 3807 741 3866 etiam
772 3805 957 3870 Filius
991 3808 1251 3872 hominis
1290 3809 1405 3871 erit
1438 3809 1664 3871 nationi
1714 3810 1832 3871 isti.
1881 3811 2109 3888 Regina

453 3894 634 3954 austri
665 3905 863 3974 surget
892 3897 950 3956 in
977 3895 1203 3977 judicio
1227 3918 1358 3960 cum
1391 3899 1532 3961 viris
1564 3899 1819 3960 nationis
1841 3900 2107 3979 hujus,et

455 3984 873 4045 condemnabit
906 3986 1058 4047 illos:
1090 3991 1227 4068 quia
1248 3989 1407 4050 venit
1424 4009 1455 4050 a
1475 3989 1695 4050 ﬁnibus
1719 3999 1890 4051 terrae
1913 4000 1974 4050 ut
1996 4010 2105 4051 au-

453 4072 608 4134 diret
627 4073 977 4153 sapientiam
1002 4077 1432 4153 Solomonis,et
1457 4099 1597 4141 ecce
1617 4080 1749 4159 plus
1779 4098 1953 4160 quam
1989 4078 2104 4164 So-

455 4164 1450 4232 lomonhocinloco.ViriNinivitze
1479 4181 1726 4248 surgent
1773 4171 1831 4230 in
1875 4171 2103 4250 judicio

2196 3449 2285 3503 τὸν
2366 3447 2522 3525 λόγον
2585 3455 2676 3504 τοῦ
2739 3449 2890 3520 6506,
2965 3449 3051 3505 καὶ
3109 3446 3464 3527 φυλάσσοντες
3525 3450 3702 3512 αὐτόν,
3739 3458 3855 3509 Τῶν

2195 3536 2246 3593 δὲ
2308 3536 2490 3617 ὄχλων
2548 3537 3024 3617 ἐπαθροιζομένων,
3085 3537 3273 3617 ἢρξῠτο
3317 3537 3514 3618 λέγειν’
3574 3530 3635 3596 Ἡ
3697 3543 3859 3619 γενεά

2195 3626 2326 3693 αὕτη
2380 3650 2588 3705 πονηρᾳ
2633 3627 2765 3702 ἐστι,
2799 3641 3033 3701 σημεῖον
3065 3626 3332 3707 ἐπιζητεῖ,
3379 3631 3467 3685 καὶ
3524 3644 3755 3704 σημεῖον
3797 3635 3859 3690 06

2194 3715 2469 3786 δοθήσεται
2529 3717 2686 3795 αὖτῇ,
2746 3718 2789 3772 εἰ
2823 3717 2899 3791 μὴ
2953 3718 3011 3772 τὸ
3043 3731 3277 3793 σημεῖον
3308 3717 3465 3776 Ἰωνᾶ
3494 3726 3586 3775 106
3635 3723 3854 3800 προφή-

2192 3829 2307 3867 του.
2369 3808 2551 3869 Καθὼς
2619 3808 2719 3884 γὰρ
2774 3806 2982 3886 ἐγένετο
3055 3806 3239 3870 Ἰωνᾶς
3311 3823 3541 3882 σημεῖον
3590 3824 3709 3874 τοῖς
3767 3821 3858 3869 Νι-

2192 3897 2439 3962 νευίταις,
2503 3893 2668 3958 οὕτως
2727 3893 2872 3951 ἕσται
2943 3897 3032 3952 καὶ
3085 3897 3113 3952 ὁ
3147 3899 3264 3960 Υἱὸς
3309 3900 3402 3954 106
3451 3898 3727 3976 ἀνθρώπου
3786 3906 3855 3976 τῇ

2190 3991 2346 4063 γενεᾷ
2427 3987 2616 4062 ταύτῃ.
2701 3984 2989 4042 Βασίλισσα
3035 4008 3200 4042 .νοτου
3259 3987 3601 4066 ἐγερθήσεται
3682 3989 3736 4046 ἐν
3791 3997 3862 4068 τῇ

2189 4077 2353 4154 κρίσει
2412 4077 2549 4149 μετα
2607 4081 2712 4130 τῶν
2784 4075 2983 4153 ἀνδρῶν
3041 4081 3137 4142 τῆς
3169 4084 3356 4154 γενεᾶς
3388 4090 3608 4154 ταύτης,
3643 4081 3731 4136 καὶ
3753 4101 3854 4136 κα-

2185 4179 2426 4242 τακρινεϊ
2497 4167 2702 4234 αὐτοὺς,
2768 4163 2848 4220 ὅτι
2919 4164 3076 4232 ἦλθεν
3121 4165 3180 4222 ἐκ
3210 4172 3314 4222 τῶν
3345 4170 3591 4247 περάτων
3621 4174 3719 4236 τῆς
3750 4170 3853 4248 γῆς

454 4274 586 4316 cum
611 4255 848 4318 natione
870 4258 1005 4332 hac,
1033 4268 1091 4320 et
1118 4260 1603 4323 condemnabunt
1640 4259 1827 4336 illam,
1864 4262 2001 4342 quia
2031 4263 2101 4323 ad

2201 4255 2407 4310 Ξικουσαι
2485 4253 2584 4321 τὴν
2636 4253 2820 4334 σοφίαν
2899 4254 3272 4331 Σολομῶντος,
3333 4264 3421 4314 καὶ
3477 4256 3585 4317 ἰδοὺ
3658 4257 3852 4316 πλεῖον

2264 4342 2279 4351 ι
2381 4343 2408 4351 -ι
2596 4341 2659 4351 ..ιρι
2777 4333 2814 4351 ι.
2898 4341 2916 4351 μ
3364 4349 3374 4351 -
3801 4347 3814 4351 -

454 4343 864 4422 ρωηίιεηιίειῐη
896 4346 1134 4410 adducti
1179 4357 1316 4410 sunt
1356 4350 1775 4431 praedicatione
1810 4341 2012 4416 lenae:
2050 4359 2106 4412 et

2201 4342 2534 4417 Σολομῶντος
2586 4341 2709 4405 ὦδε,
2777 4341 3006 4422 ’Ἄνδρες
3043 4355 3314 4405 Νινευϊται
3354 4349 3745 4419 ἀναστήσονται
3798 4347 3855 4404 ἐν

451 4453 593 4496 ecce
641 4435 774 4515 plus
816 4456 990 4518 quam
1029 4438 1180 4502 Jona
1211 4439 1321 4501 hoc
1355 4441 1412 4502 in
1446 4441 1600 4504 loco.
1639 4467 1664 4497 υ
1707 4441 2017 4502 Phariszeis
2049 4450 2106 4502 et

2309 4435 2474 4510 κρίσει
2521 4435 2656 4508 μετά
2701 4439 2797 4500 τῆς
2831 4441 3016 4510 γενεᾶς
3049 4435 3270 4508 ταύτης,
3319 4439 3407 4494 καὶ
3451 4445 3854 4518 κατακρινοῦσιν

448 4524 674 4588 Scribis
706 4527 987 4589 miracula
1025 4529 1379 4598 laxantibus,
1417 4531 1632 4594 mulier
1648 4531 1899 4610 simplex
1931 4531 2100 4591 dolo-

2201 4524 2372 4599 zqt‘m,
2432 4521 2512 4578 ὅτι
2583 4544 2910 4598 μετενοτ,σαν
2941 4527 3014 4588 εὶς
3046 4525 3105 4580 τὸ
3136 4526 3385 4605 κηρυγμα
3412 4527 3590 4601 Ἰωνᾶ,
3622 4529 3710 4584 καὶ
3739 4526 3855 4586 ἰδοὺ

449 4635 565 4696 que
597 4635 807 4678 carens
838 4618 938 4679 illa
969 4618 1231 4681 celebrat
1263 4620 1373 4684 Ubi
1395 4629 1590 4683 autem
1613 4630 1745 4682 sunt
1773 4609 2104 4700 quidicunt

2201 4611 2376 4669 πλεῖον
2433 4611 2586 4669 Ἰωνᾶ
2641 4609 2766 4671 ῶὸε.
2808 4636 2834 4667 »
2883 4619 2997 4670 Τῶν
3031 4617 3333 4689 Φαρισαίων
3363 4618 3451 4672 καὶ
3483 4616 3850 4694 Γραμματέων

449 4707 769 4770 Dominum
783 4717 1375 4789 apparentertantum
1393 4711 1907 4792 apparuisse?Haac
1927 4712 2104 4789 igitur

2201 4700 2575 4758 ἳιαϐαλλύντων
2645 4703 2712 4759 τὰ
2739 4704 3001 4779 θαύματα,
3054 4706 3088 4772 ἡ
3133 4706 3265 4784 γυνὴ
3315 4708 3376 4762 τὸ
3422 4705 3609 4763 ἄδολον
3653 4712 3851 4787 χρῆμα

447 4797 617 4895 testis
639 4797 714 4858 sit
735 4798 893 4895 quod
915 4807 973 4860 et
995 4798 1178 4895 ubera
1201 4801 1426 4864 suxerit
1457 4796 1753 4895 Ipse_ve_ro
1776 4801 1980 4895 beatos
2003 4802 2098 4895 di-

2201 4796 2272 4849 ιαὶ
2329 4792 2529 4851 ἅπλοῦν
2581 4794 2834 4872 εὐφημεῖ,
2913 4796 3020 4850 Ποῦ
3076 4792 3130 4851 δέ
3181 4798 3311 4853 εἰσιν
3341 4799 3389 4852 οἱ
3442 4796 3690 4877 λέγοντες
3722 4819 3854 4876 φαν-

2292 4882 2302 4895 Ι
2505 4887 2526 4895 .-
2719 4885 2730 4895 ι
2834 4881 2879 4895 «ΙΨ
2902 4884 2911 4895 ο
3146 4875 3160 4895 9
3191 4883 3212 4895 λ
3248 4887 3258 4895 ι
3393 4888 3402 4895 ι
3566 4888 3577 4895 .
3789 4888 3799 4895 .

445 4886 524 4948 cit
546 4885 680 4947 illos
702 4887 801 4966 qui
827 4888 1178 4950 custodiunt
1221 4881 1560 4952 sermonem
1596 4891 1721 4964 Dei,
1759 4911 1875 4953 non
1908 4881 2098 4953 desti-

2201 4882 2336 4956 τασίᾳ
2393 4887 2622 4959 φανῆναι
2683 4885 2774 4938 τὸν
2833 4881 3078 4962 Κύριον;
3146 4881 3275 4941 Ἰδοὺ
3349 4888 3449 4966 γὰρ
3495 4888 3583 4944 καὶ
3614 4888 3848 4963 μαστοὺς

447 4982 620 5036 tuens
652 4975 1019 5040 beatitudine
1055 4977 1296 5040 Matrem
1325 4979 1821 5052 suam,absit:sed
1840 4981 2103 5043 ostendit

2201 4971 2410 5040 ῠηλάσαι
2471 4986 2839 5049 μαρτυρεῖται.
2890 4973 3056 5037 Αὒτὸς
3088 4971 3143 5030 δὲ
3173 4976 3449 5054 μακαρίζει
3477 4977 3596 5041 τοὺς
3644 4975 3850 5056 φυλάσ-

444 5063 598 5144 quod
633 5064 808 5126 etiam
835 5065 924 5127 illi
956 5067 1118 5128 nulla
1151 5067 1377 5130 utilitas
1409 5068 1604 5130 futura
1633 5070 1709 5131 sit
1741 5089 1807 5130 ex
1847 5087 1916 5130 eo
1941 5069 2098 5150 quod

2201 5085 2371 5126 τοντας
2441 5062 2531 5118 τὸν
2563 5061 2722 5141 λόγον
2755 5069 2848 5119 106
2894 5064 3049 5139 8503,
3085 5067 3180 5122 οἰκ
3222 5063 3498 5122 ἐκϐάλλων
3531 5074 3622 5125 106
3661 5089 3848 5142 μακα-

445 5153 678 5234 peperit
699 5161 754 5215 et
776 5154 1074 5217 lactavt-rit
1093 5155 1310 5236 ipsum,
1332 5158 1445 5218 nisi
1463 5158 1702 5220 virtutes
1719 5159 1862 5220 alias
1882 5177 2091 5220 omnes

442 5242 680 5305 habeat.
717 5243 968 5324 Insuper
990 5254 1047 5306 et
1070 5246 1195 5307 haec
1216 5247 1566 5328 tempestive
1584 5247 1909 5320 dicit.Quia
1931 5248 2089 5309 enim

444 5330 624 5393 invidi
654 5347 714 5393 et
739 5333 1148 5396 inobedientes
1184 5337 1511 5415 arguebant
1540 5338 1690 5400 alios
1723 5337 1824 5419 qui
1856 5357 2090 5398 sermo-

444 5439 550 5482 nes
593 5421 724 5501 ejus
760 5422 1100 5497 audiebant,
1135 5423 1268 5487 ideo
1316 5427 1587 5490 Christus
1626 5436 1832 5489 contra
1887 5428 2092 5489 beatos

442 5528 548 5571 eos
589 5509 731 5571 dicit
779 5511 881 5592 qui
938 5514 1209 5589 audiunt,
1247 5517 1539 5580 Fortassis
1594 5528 1788 5580 autem
1843 5523 1902 5580 et
1949 5535 2090 5596 pro-

440 5607 574 5690 pter
601 5608 872 5690 sanatum
903 5603 1150 5666 surdum
1197 5605 1325 5671 haec
1353 5606 1498 5668 dicit
1529 5628 1544 5666 :
1589 5619 1653 5671 ut
1692 5616 1750 5670 et
1796 5608 1925 5690 ipse
1957 5624 2092 5668 cum

438 5688 740 5768 audierit,
803 5690 980 5754 faciat
1040 5711 1380 5758 sermonem
1416 5743 1433 5773 ,
1487 5705 1546 5760 et
1601 5718 1720 5762 non
1779 5688 1876 5763 ﬁat
1929 5697 1984 5760 ei
2033 5696 2093 5759 in

2185 5153 2372 5233 ρισμοῦ
2429 5153 2526 5219 τὴν
2587 5151 2803 5225 Μητέρα
2865 5155 3043 5228 αὐτοῦ,
3103 5153 3302 5233 ἔπαγε,
3361 5153 3498 5212 ἀλλά
3568 5155 3844 5231 δεικνύων,

2176 5243 2257 5299 ὃτι
2301 5239 2445 5300 0635‘;
2506 5239 2623 5298 οὒδὲ
2667 5242 2842 5309 ἐκείνη
2917 5242 3320 5324 ὠφεληθήσεται
3370 5246 3476 5302 ἀπὸ
3531 5254 3623 5305 106
3668 5259 3849 5303 τεκεῖν

2175 5336 2330 5390 αὐτὸν
2401 5334 2488 5388 καὶ
2516 5331 2804 5414 θηλσίσσαι,
2879 5335 2922 5390 εἰ
2968 5335 3043 5410 μὴ
3102 5339 3190 5392 καὶ
3261 5337 3360 5403 τὴν
3418 5335 3590 5404 ἀλλην
3634 5337 3848 5394 ἅπασαν

2175 5423 2364 5502 ἀρετὴν
2424 5422 2569 5498 ἔχοι.
2647 5411 2814 5498 ’Ἅμα
2872 5421 2926 5478 δὲ
2997 5427 3084 5481 καὶ
3143 5426 3272 5503 πρὸς
3303 5427 3396 5482 τὸν
3442 5428 3624 5505 καιρὸν
3681 5429 3848 5484 ταῦτα

2177 5534 2362 5592 φησιν,
2438 5511 2589 5568 Ἐπεὶ
2632 5511 2731 5591 γὰρ
2762 5514 2808 5568 οἱ
2840 5514 3096 5589 βάσκανοι
3128 5517 3213 5572 καὶ
3246 5515 3466 5586 ἀνήκοοι
3510 5523 3616 5572 τῶν
3666 5515 3846 5595 λόγων

2177 5605 2334 5660 αὖτοῦ
2395 5598 2670 5659 διέϐαλλον
2721 5604 2840 5667 τούς
2902 5605 3212 5686 ἀκούοντας,
3269 5607 3425 5671 αὐτὸς
3470 5607 3530 5663 τὸ
3607 5606 3843 5666 ἐναντίον

2176 5699 2370 5773 ποιῶν,
2431 5690 2636 5768 μᾶλλον
2691 5695 2963 5775 μακαρίζει
3019 5695 3141 5760 τοὺς
3213 5696 3522 5784 ἀκούοντας.
3580 5695 3737 5777 Τάχα
3786 5693 3842 5753 δὲ
