4202 6394
396 393 518 461 865

1166 400 1614 465 ENARRATIO
1642 402 1724 465 IN
1769 395 2278 464 EVANGELIUM
2326 392 2568 461 LUC‘E.
2614 433 2694 442 —
2737 397 2900 462 CAP.
2937 398 3040 462 XI.

3670 394 3790 464 866

394 553 482 586 και
549 529 632 588 διὰ
702 535 793 590 τὸν
827 532 1038 590 ίαθέντα
1080 534 1259 612 κωφὸν
1289 533 1453 590 ταῦτά
1484 555 1670 612 φησιν,
1709 534 1791 589 ἱνα
1838 535 1923 588 καὶ
1956 533 2018 588 αὖ

2141 532 2698 595 condemnationem
2753 543 2992 614 recepta
3048 535 3327 598 audiendi
3379 537 3521 599 559
3575 537 3780 603 virtus.

391 621 483 684 τὰς
543 622 773 686 ἀκούσας
845 623 1048 704 φυλάξῃ
1079 625 1170 680 τὸν
1214 621 1396 702 λόγον,
1447 622 1535 678 καὶ
1567 623 1642 697 μὴ
1673 623 1880 700 γίνηται
1915 623 2054 697 αὒτῴ

388 711 424 778 ἡ
499 714 631 790 πρὸς
689 715 750 770 τὸ
805 713 1012 770 ἀκούειν
1083 711 1302 788 δύναμις
1357 715 1430 775 εἷς
1488 712 1817 790 κατάκρισιν,
1853 719 1966 770 Τῶν
1998 711 2052 768 δὲ

389 799 575 880 ὄχλων
651 801 1131 882 ἒπαθροιζομὲνων,
1203 802 1396 880 ἣρξατο
1458 804 1484 857 6
1561 803 1747 881 Κὺριος
1809 800 2052 882 ἐλέγχειν

385 891 512 954 τοὺς
546 893 890 970 ἀγνωμονας.
927 891 1146 959 Ἐπειδὴ
1177 893 1277 971 γὰρ
1335 891 1471 958 ἦσάν
1503 913 1641 955 τινες
1673 890 1792 970 παρ’
1870 892 2051 955 αὐτοῖς

387 983 435 1037 oi
482 984 764 1052 ζητοῦντες
823 995 1056 1057 σημεῖον
1086 981 1136 1047 ἐξ
1207 981 1425 1061 οὖρανοῦ
1485 980 1724 1059 γενέσθαι
1781 982 1920 1058 παρὰ
1961 989 2052 1037 τοῦ

387 1068 590 1136 Ἰηειόὖ⁸
658 1070 841 1150 ἔλεγον
874 1072 1002 1150 γὰρ,
1051 1070 1136 1126 ὅτι
1173 1061 1322 1128 ”Οσα
1361 1085 1510 1127 ποιεῖ
1540 1084 1770 1150 σημεῖα,
1818 1071 1921 1126 ἀπο
1951 1072 2051 1149 γῆς

383 1162 507 1236 εἰσι,
571 1163 658 1217 καὶ
719 1160 772 1217 ἐν
832 1158 1150 1232 Βεελζεϐοὺλ
1206 1167 1371 1218 ταῦτα
1425 1174 1575 1218 ποιεῖ
1606 1167 1684 1234 τῷ
1741 1161 2046 1240 κοσμοκρά-

381 1271 522 1330 τορι,
594 1253 668 1314 ὡς
728 1249 911 1330 ἔχοντι
969 1256 1069 1317 τῆς
1127 1250 1228 1328 γῆς
1286 1249 1541 1323 ἐξουσίαν,
1575 1249 1627 1313 ἒξ
1659 1253 1879 1328 οὖρανοῦ
1907 1247 1960 1304 δὲ
1991 1252 2051 1306 οὗ

380 1337 593 1394 δύναται
654 1344 904 1411 ποιῆσαι,
961 1344 1053 1396 οἷα
1099 1340 1176 1407 μὴ
1226 1347 1318 1395 τοῦ
1370 1339 1608 1418 οὗρανῖ.υ
1656 1341 1855 1418 Πατρὸς
1934 1340 2048 1405 Υἱὸς

379 1426 475 1490 ὤν,
544 1426 696 1485 Ἐπεὶ
756 1429 844 1484 οὖν
917 1430 1054 1496 ἦσάν
1087 1450 1225 1491 τινες
1257 1433 1304 1485 οἱ
1333 1436 1498 1484 ταῦτα
1529 1427 1804 1502 λέγοντες,
1864 1430 2048 1485 τούτου

379 1517 557 1574 ἕνεκεν
617 1517 834 1599 ἐλέγχει
885 1518 1070 1584 αὖτοὺς
1131 1523 1157 1575 6
1217 1520 1428 1591 Κύριος,
1477 1519 1563 1574 καὶ
1594 1541 1779 1597 φησιν,
1811 1519 1890 1574 611
1939 1531 2040 1575 Δο-

377 1609 596 1677 θτξσεται
667 1609 795 1682 ὑμῖν
848 1621 1103 1684 σημεῖον,
1179 1607 1308 1686 ὅπερ
1339 1605 1488 1673 δείξει
1521 1630 1586 1682 με
1638 1607 1888 1675 ἀληθινὸν
1922 1610 2040 1664 Υίὸν

378 1703 471 1753 106
531 1697 769 1776 οὖρανίου
846 1698 1067 1777 Πατρός.
1138 1705 1300 1755 Ποῖον
1371 1705 1576 1770 10610;
1620 1700 1680 1755 Γὸ
1730 1706 1819 1755 τοῦ
1865 1688 2036 1775 Ἰωνᾶ,

377 1789 543 1864 ἤγουν
603 1787 661 1842 1":
718 1792 815 1851 τῆς
874 1788 1234 1853 ἀναστάσεως.
1269 1779 1486 1864 ΗΩσπερ
1515 1787 1612 1866 γὰρ
1639 1787 1844 1853 ἐκεῖνος
1894 1801 2041 1866 τρεῖς

376 1877 581 1951 ἡμέρας
639 1876 888 1944 ἐποίησεν
967 1877 1020 1933 ἐν
1077 1886 1146 1955 τῇ
1217 1877 1392 1950 κοιλίᾳ
1452 1886 1543 1934 106
1600 1879 1816 1952 κήτους,

375 1965 528 2044 κΞὶγὼ
583 1967 731 2044 τρεῖς
803 1966 1004 2042 ἡμέρας
1036 1970 1266 2038 ποιήσας
1299 1967 1350 2023 ἐν
1383 1972 1448 2043 τῇ
1477 1965 1653 2038 κοιλίᾳ
1694 1990 1783 2024 του
1815 1969 2035 2036 κήτους,

373 2062 468 2113 106
525 2055 763 2135 μεγάλου
835 2059 1018 2134 Θηρὸς,
1079 2065 1170 2115 106
1243 2056 1389 2136 ᾅδου,
1449 2057 1839 2132 ἀναστήσομαι.
1891 2047 2040 2114 Ἀλλ’

378 2145 534 2203 Ἰωνᾶ
593 2146 690 2222 μὲν
761 2147 895 2222 μετᾶ
966 2149 1066 2215 τὴν
1115 2147 1174 2204 ἐκ
1216 2153 1310 2204 τοῦ
1337 2149 1533 2217 κήτους
1579 2147 1700 2203 οἷον
1755 2145 2036 2202 ἀναϐίωσιν

371 2236 689 2314 κηρύσσοντι
748 2237 1068 2304 ἐπείσθησαν
1128 2240 1174 2293 οἱ
1252 2246 1547 2308 Νινευϊται,
1637 2236 1754 2310 ἐμοὶ
1839 2235 1892 2290 δὲ
1951 2239 2038 2293 καὶ

372 2325 658 2382 ἀναστάντι
719 2329 778 2384 οὐ
839 2328 1106 2384 πιστεύσει
1223 2327 1380 2405 γενεὰ
1411 2325 1568 2392 αὕτη⁵
1615 2324 1731 2381 ὅθεν
1775 2349 2034 2406 κατακρι-

369 2417 643 2485 Θήσονται,
707 2417 786 2473 ὅτι
834 2419 1104 2478 Νινευίτας
1169 2417 1263 2474 οὒκ
1317 2417 1672 2492 ἐμιμήσαντο,
1748 2418 1918 2472 καίτοι
1975 2438 2034 2493 γε

372 2504 564 2562 πλεῖον
634 2506 787 2562 ’ίωνᾶ
856 2505 980 2566 ὦδε.
1015 2507 1085 2564 Τό
1116 2527 1172 2562 τε
1204 2508 1304 2584 γὰρ
1336 2504 1539 2580 ἀξίωμα
1569 2507 1627 2559 τὸ
1661 2503 1788 2576 ἐμὸν
1832 2507 1920 2560 καὶ
1973 2507 2032 2560 τὸ

367 2597 463 2651 106
514 2597 854 2674 κηρύγματος
918 2594 1064 2660 εἴδος
1125 2595 1333 2662 πολλὴν
1393 2593 1640 2674 διαφορὰν
1692 2593 2031 2656 ἐνδείκνυται.

371 2683 518 2763 Ἐγὼ
579 2673 878 2761 Δεσπότης,
936 2685 1141 2749 ἐκεῖνος
1199 2684 1406 2750 δοῦλος.
1460 2673 1600 2762 Ἐγὼ
1647 2683 1916 2761 βασιλείαν
1947 2688 2032 2743 o6-

368 2779 542 2850 ρανῶν
600 2775 872 2855 κηρύσσω,
951 2775 1161 2841 ἐκεῖνος
1245 2775 1510 2851 σωτηρίαν
1570 2774 1668 2841 τὴν
1753 2775 1858 2829 ἀπὸ
1935 2775 2030 2841 τῆς

367 2870 764 2946 κατ²στροφῆς-
828 2865 973 2944 ἐγὼ
1047 2867 1182 2941 μετά
1235 2865 1542 2943 θαυμάτων,
1616 2863 1822 2926 ἐκεῖνος
1883 2861 2028 2919 οῦδὲν

367 2957 596 3024 ποιήσας
650 2959 847 3031 θαῦμα,
913 2948 1139 3030 Ὀμοίως
1181 2956 1269 3011 καὶ
1301 2957 1335 3023 ἡ
1382 2953 1666 3030 βασίλισσα
1724 2962 1815 3011 106
1876 2953 2028 3009 νότου

365 3058 677 3122 κατακρινεῖ
733 3046 832 3112 τὴν
889 3046 1074 3123 γενεὰν
1146 3045 1370 3122 ταύτην,
1431 3044 1511 3100 ὃτι
1542 3045 1604 3098 ἒκ
1653 3043 1896 3120 περάτων
1927 3047 2028 3120 γῆς

364 3132 525 3200 ἦλθεν
585 3134 800 3194 ἀκοῦσαι
865 3136 964 3202 τὴν
1008 3135 1196 3214 σοφίαν
1247 3131 1622 3208 Σολομῶντος.
1662 3131 1784 3189 Νόει
1823 3129 1878 3186 δέ
1935 3154 2025 3207 μοι

2137 623 2646 698 Congregantibus
2678 633 2872 684 autem
2902 642 2965 684 se
2999 624 3206 701 turbis,
3250 627 3428 706 carpit
3475 627 3647 689 Jrsus
3681 649 3781 689 re-

2140 712 2513 788 prehendere
2542 713 2824 792 ingratos.
2859 713 3000 774 Nam
3035 715 3311 794 quoniam
3347 727 3515 778 erant
3543 719 3780 798 quidam

2135 802 2286 879 apud
2341 822 2444 862 eos
2503 803 2600 882 qui
2645 803 2991 883 quaerebant
3045 804 3277 882 signum
3329 805 3403 866 de
3453 807 3603 868 ccelo
3655 808 3784 870 fieri

2135 909 2165 948 τί
2195 888 2363 970 Jesu,
2399 891 2676 954 dicebant
2707 892 2862 952 enim
2901 910 2913 954 :
2953 891 3129 969 Signa
3163 913 3293 974 qua:
3347 895 3486 957 fecit
3517 897 3591 956 de
3626 907 3783 959 terra

2137 988 2296 1048 sunt,
2353 988 2408 1040 et
2457 980 2594 1042 facit
2633 999 2700 1040 ea
2753 983 2809 1040 in
2860 981 3172 1042 Beelzebul
3236 985 3439 1044 mundi
3488 984 3779 1065 principe,

2137 1069 2233 1148 qui
2272 1078 2619 1147 potestatem
2655 1070 2831 1131 habet
2863 1081 3035 1132 terrm
3069 1094 3080 1131 2
3117 1072 3190 1133 de
3249 1074 3397 1133 cmlo
3430 1083 3628 1136 autem
3664 1095 3784 1136 non

2141 1158 2455 1237 poteriteu
2491 1161 2645 1240 quod
2684 1179 2798 1219 non
2824 1160 2898 1220 sil
2919 1160 3099 1220 Filius
3125 1161 3313 1222 Patris
3335 1162 3780 1246 cmlesliszquia,

2136 1248 2401 1327 inquam,
2437 1250 2672 1309 fuerunt
2701 1249 2937 1329 quidam
2983 1251 3105 1311 hmc
3128 1251 3418 1324 dicentes,
3447 1253 3575 1332 ejus
3597 1255 3783 1332 gratia

2132 1337 2321 1416 arguit
2342 1358 2442 1399 eos
2468 1338 3024 1412 Βοιιιίηυε,θιι1ιείι;
3052 1340 3295 1402 Dabitur
3317 1343 3481 1404 Vubis
3518 1343 3777 1422 signum,

2132 1427 2288 1506 quod
2320 1428 2594 1488 ostendet
2628 1448 2720 1489 me
2777 1447 2978 1489 verum
3033 1430 3240 1490 Filium
3274 1431 3538 1493 caelestis
3571 1436 3778 1496 I’atris.

2131 1516 2315 1589 Quale
2349 1519 2489 1580 huc?
2543 1520 2705 1578 .li-na:
2739 1517 2996 1596 signum,
3037 1521 3144 1578 hoc
3179 1528 3268 1580 est
3296 1522 3777 1587 resurrectionis.

2126 1605 2288 1694 _Sicut
2321 1608 2477 1667 enim
2535 1607 2632 1668 ille
2659 1606 2848 1668 tribus
2879 1608 3096 1669 diebus
3131 1609 3240 1671 fuit.
3287 1609 3346 1670 in
3405 1620 3609 1672 ventre
3640 1614 3778 1694 ceti,

2123 1691 2201 1752 ita
2237 1700 2294 1752 et
2323 1713 2430 1772 ego
2485 1708 2606 1755 tres
2638 1694 2768 1755 dies
2816 1694 3023 1756 faciam
3058 1697 3115 1756 in
3163 1707 3368 1758 ventre
3413 1700 3604 1778 magni
3638 1691 3775 1777 ceti,

2127 1782 2237 1843 hoc
2295 1793 2381 1843 est
2425 1783 2668 1863 inferni,
2704 1794 2758 1844 et
2790 1803 3119 1865 resurgam.
3176 1789 3248 1848 At
3298 1789 3462 1849 .Ionaa
3509 1791 3776 1872 quidem,

1905 1879 2042 1934 οὕτω
2068 1874 2100 1886 “’
2129 1882 2437 1952 postquam
2473 1874 2630 1934 velut
2665 1874 2881 1935 revixit
2909 1893 2977 1936 ex
3011 1886 3215 1936 ventre
3247 1877 3382 1948 ceti,
3433 1880 3777 1958 prazdicanti

2127 1963 2508 2023 crediderunt
2542 1965 2854 2026 Ninivitaa:
2893 1965 3040 2028 mihi
3073 1976 3266 2028 autem
3296 1968 3470 2028 etiam
3504 1989 3636 2029 cum
3675 1988 3774 2032 re-

2123 2069 2462 2122 surrexero,
2495 2073 2610 2113 non
2645 2055 2844 2115 credet
2877 2055 3182 2132 generatio
3215 2057 3322 2116 ista
3350 2077 3362 2116 :
3416 2057 3574 2118 unde
3622 2078 3772 2120 con-

2122 2141 2581 2215 demnabuntur,
2620 2144 2772 2223 quod
2824 2164 3016 2224 neque
3062 2145 3354 2206 Ninivitas
3385 2146 3505 2210 sint
3538 2147 3771 2221 imitati,

2121 2233 2386 2310 quamvis
2422 2233 2610 2312 major
2632 2253 2788 2293 nunc
2820 2236 2915 2294 hic
2948 2235 3098 2294 adsit
3121 2255 3296 2312 quam
3327 2235 3478 2299 Jona
3529 2238 3670 2300 Nam
3697 2240 3772 2301 ob

2123 2339 2314 2380 meam
2354 2322 2698 2400 dignitatem
2751 2333 2806 2384 et
2863 2325 3304 2405 praedicationis
3336 2346 3545 2404 genus,
3583 2331 3774 2410 major

2123 2421 2481 2471 monstratur
2507 2414 3018 2493 excellentialﬂgo
3052 2415 3358 2495 Dominus,
3397 2417 3496 2478 ille
3519 2437 3764 2483 servus:

2121 2518 2227 2578 ego
2262 2519 2508 2576 regnum
2535 2503 2818 2563 caelorum
2857 2503 3246 2584 prwdicoﬁlle
3263 2506 3510 2567 salutem
3538 2527 3610 2568 ne
3638 2529 3768 2588 per-

2117 2595 2269 2649 irent
2304 2607 2316 2651 :
2345 2609 2452 2667 ego
2485 2612 2616 2652 cum
2653 2593 2977 2674 miraculis,
3011 2593 3110 2655 ilie
3167 2595 3389 2675 absque
3443 2597 3764 2660 miraculis.

2115 2677 2402 2741 Similiter
2432 2689 2489 2741 et
2522 2682 2726 2760 regina
2769 2684 2951 2744 austri
3001 2685 3423 2745 condemnabit
3467 2688 3762 2749 nationem

2117 2768 2288 2841 hanc,
2325 2771 2460 2850 quia
2493 2791 2559 2832 ex
2588 2773 2807 2833 finibus
2842 2783 3012 2833 teme
3069 2774 3230 2835 venit
3276 2783 3337 2834 ut
3385 2776 3616 2837 audiret
3663 2798 3763 2838 S-t-

2114 2858 2396 2938 pientiam
2427 2860 2763 2922 Solomonis
2799 2866 3093 2941 lntelligas
3114 2866 3766 2948 quoque,0bset'ro.'per

2114 2949 2378 3026 reginun
2413 2951 2616 3019 austri,
2643 2971 2880 3012 omnem
2907 2955 3168 3012 animam
3193 2971 3322 3033 quze
3345 2953 3402 3013 in
3431 2955 3583 3016 bono
3617 2959 3761 3018 vali-

2113 3038 2187 3097 da
2213 3048 2300 3098 est
2331 3049 2387 3099 et
2425 3043 2865 3119 perseverat.Et
2902 3054 2962 3102 ut
3001 3041 3114 3102 tale
3146 3042 3283 3122 quid
3320 3043 3538 3110 dicam.
3564 3049 3760 3128 aquilo

2113 3125 2172 3186 in
2205 3128 2860 3214 scripturainfamatur
2891 3141 3169 3211 tanquam
3201 3130 3520 3192 adversarii
3570 3125 3758 3214 regio.

363 3225 454 3280 καὶ
521 3230 695 3280 πᾶσαν
767 3225 954 3305 ψυχὴν
1011 3225 1064 3280 ἐν
1109 3231 1184 3299 τῷ
1213 3223 1364 3299 καλῷ
1418 3228 1712 3302 κρατοῦσαν
1753 3222 1839 3276 καὶ
1869 3221 2024 3276 ἱστα-

2113 3210 2317 3279 Gclida
2341 3199 2497 3278 enim
2533 3229 2618 3278 est
2651 3227 2710 3281 et
2742 3220 2953 3298 rigida,
2987 3199 3055 3281 ac
3089 3228 3318 3280 mortua
3359 3221 3518 3282 facit.
3549 3199 3764 3286 Auster

363 3314 534 3391 μένην
591 3315 901 3392 βασίλισσαν
955 3325 1048 3374 τοῦ
1097 3316 1269 3374 νότου.
1318 3314 1450 3372 Οἶόν
1505 3313 1556 3369 τί
1586 3335 1752 3393 φημι.
1783 3314 1810 3367 ὃ
1838 3309 2024 3390 βοῤῥᾶς

362 3409 508 3486 παρὰ
547 3413 616 3484 τῇ
674 3410 857 3490 Γραφῆ
908 3406 1267 3482 διαϐάλλεται,
1352 3411 1423 3465 ὡς
1493 3406 1584 3462 106
1662 3404 2026 3479 ἀντικειμένου

361 3497 552 3562 τόπος·
608 3501 818 3578 ψυχρὸς
876 3500 976 3578 γὰρ
1037 3501 1127 3555 καὶ
1184 3499 1495 3578 νεκροποιὸς
1543 3497 1632 3551 καὶ
1662 3493 1960 3572 ναρκώδης·
1997 3498 2023 3551 6

361 3585 419 3643 δὲ
492 3588 642 3652 νότος
674 3589 972 3645 ἐπαινεῖται
1001 3590 1075 3652 ὡς
1119 3595 1327 3662 πνεῦμα
1363 3587 1556 3664 θερμὸδ
1600 3585 1688 3639 καὶ
1731 3584 2018 3662 ζωογόνον,

363 3678 452 3733 καὶ
520 3683 648 3756 τῶν.
683 3680 1082 3756 νεναρκηκότων
1136 3677 1314 3752 μελῶν
1371 3675 1682 3733 Θαλπτικόν.
1736 3674 1828 3727 Διὸ
1858 3675 1946 3730 καὶ
1984 3677 2018 3742 ἡ

362 3766 419 3822 ἐν
476 3772 555 3840 τῷ
613 3750 857 3843 ἐᾼσματι
917 3768 1096 3848 νὺμφη
1154 3769 1246 3824 τὸν
1298 3765 1487 3846 βορρᾶν
1545 3763 1829 3833 διώκουσα,
1866 3761 2017 3829 Ἐξε-

360 3855 601 3935 γὲρθητι,
654 3855 814 3936 φησί,
874 3855 1054 3936 βοῤῥᾶ,
1116 3863 1204 3913 και
1235 3855 1420 3936 ἔρχου,
1469 3855 1610 3916 νότε.
1643 3849 1747 3912 Καὶ
1800 3849 1959 3906 πάλιν
1991 3857 2016 3909 6

358 3947 640 4024 προφήτης
712 3947 862 4026 φησὶ’
924 3943 1028 4005 Καὶ
1097 3948 1188 4002 τὸν
1245 3945 1350 4001 ἀπὸ
1439 3943 1597 4022 βοῤῥᾶ
1673 3937 2012 4021 ἐξολοθρεύσῃ

360 4036 571 4114 Κύριος,
629 4033 876 4101 δηλονότι
938 4037 1030 4091 τὸν
1103 4041 1371 4095 Σατανᾶν.
1443 4029 1504 4092 Ἠ
1550 4035 1718 4092 τοίνυν
1771 4033 1925 4110 ψυχὴ
1983 4045 2016 4109 ἡ

356 4123 706 4201 βασιλεὺουσα
764 4125 816 4180 ἐν
877 4132 954 4199 τῷ
1028 4126 1187 4200 νότῳ,
1256 4131 1323 4202 τῇ
1367 4125 1540 4203 ἀγαθῇ
1593 4125 1760 4204 μερίδι
1801 4125 1887 4183 καὶ
1945 4129 2021 4196 τῷ

353 4215 699 4289 πνευματικῷ
756 4215 876 4291 βίῳ,
953 4217 1039 4271 καὶ
1095 4214 1180 4271 διὰ
1232 4220 1330 4281 τῆς
1362 4221 1661 4294 πρακτικῆς
1717 4219 1780 4272 τὸ
1829 4216 2020 4296 κράτος

355 4302 582 4383 ἔχουσα,
648 4303 868 4384 ἔρχεται
929 4307 1002 4368 εἷς
1071 4306 1133 4361 τὸ
1191 4305 1413 4363 ἀκοῦσαι
1463 4305 1561 4372 τὴν
1616 4307 1825 4384 σοφίαν,
1893 4305 2022 4382 ὅπερ

2113 3325 2247 3367 veru
2291 3308 2562 3368 laudatur
2620 3317 2683 3368 ut
2729 3320 2936 3370 ventus
2995 3309 3225 3370 calidus
3256 3322 3314 3370 et
3345 3311 3667 3388 viviﬁcans,
3703 3325 3763 3378 et

2109 3398 2342 3476 stupida
2402 3397 2670 3459 inerubra
2721 3399 3066 3460 confovens.
3104 3398 3245 3461 Ideo
3291 3409 3350 3460 et
3393 3401 3451 3462 in
3501 3400 3761 3466 Canticis

2108 3505 2325 3566 Sponsa
2356 3489 2693 3568 aquilonem
2739 3491 2946 3567 fugans
2979 3489 3120 3549 dicit
3155 3509 3167 3550 :
3204 3488 3414 3569 Surge,
3449 3493 3669 3572 aquilo;
3703 3504 3762 3556 et

2107 3578 2237 3635 veni
2291 3577 2588 3638 austerEt
2619 3579 2832 3639 iterum
2869 3579 3158 3659 propheta
3189 3579 3367 3641 dicit:
3393 3580 3460 3642 Et
3490 3601 3622 3642 eum
3656 3587 3757 3665 qui

2105 3665 2177 3726 ab
2211 3669 2486 3748 aquilone
2520 3679 2629 3741 est,
2665 3669 3083 3730 exterminabit
3131 3669 3440 3744 Dominus,
3482 3670 3756 3735 Satanam

2103 3756 2353 3840 scilicet.
2412 3759 2594 3834 Igitur
2623 3758 2820 3820 anima
2861 3778 2990 3838 qua:
3019 3768 3230 3838 regnat
3259 3759 3317 3820 in
3347 3761 3633 3842 austro,in
3659 3765 3761 3826 bo-

2103 3866 2178 3906 na
2209 3855 2371 3926 parte
2392 3848 2714 3927 spiritualis
2742 3848 2955 3928 vitae,et
2975 3848 3293 3929 imperium
3323 3850 3499 3912 habet
3531 3852 3587 3912 in
3620 3871 3757 3934 ope-

2100 3937 2455 3999 rilius.venit
2487 3947 2547 3998 ut
2578 3938 2770 4000 audiat
2812 3938 3312 4018 sapientiam,lioc
3348 3950 3462 4021 est,
3498 3942 3571 4002 ad
3606 3963 3755 4005 con-

2107 4029 2552 4107 tmnplationem
2577 4028 3179 4108 ascendit.Sapientia
3215 4029 3374 4090 enim
3413 4029 3756 4096 Solomonis

2108 4118 2333 4196 pacifici
2369 4117 2546 4195 regis,
2591 4118 2824 4178 Domini
2875 4129 2930 4179 et
2966 4119 3072 4179 Dei
3106 4119 3292 4180 nostri
3335 4122 3756 4204 contemplatio

2107 4215 2197 4266 est
2229 4226 2241 4269 :
2271 4207 2342 4268 ad
2377 4226 2552 4288 quam
2587 4227 2702 4268 non
2736 4209 2927 4269 veniet
2965 4209 3101 4289 quis
3160 4209 3354 4284 aliter,
3390 4211 3501 4271 nisi
3536 4230 3752 4290 regna-

2107 4301 2254 4358 verit
2283 4297 2342 4356 in
2377 4297 2530 4358 bona
2563 4298 2697 4369 vita,
2736 4306 2792 4359 et
2823 4316 2929 4378 per
2959 4299 3206 4359 activam
3240 4297 3641 4379 imperaverit.

354 4393 521 4468 ἔστιν,
555 4396 628 4458 εἷς
656 4395 878 4474 θεωρίαν
911 4393 1204 4454 ἀναϐαίνει.
1273 4386 1333 4450 Ἠ
1364 4395 1464 4472 γὰρ
1496 4396 1650 4476 σοφία
1692 4403 1785 4452 106
1833 4394 2184 4469 Σολομῶντος
2241 4391 2331 4444 τιυῦ
2363 4390 2626 4466 εἰρηνικοῦ
2655 4387 2943 4466 βασιλέως,
2979 4396 3070 4445 τοῦ
3105 4389 3287 4464 Κυρίου
3317 4394 3402 4446 καὶ
3437 4398 3566 4447 Θεοῦ
3597 4395 3753 4469 ἡμῶν

355 4485 392 4552 ἡ
424 4486 618 4564 Θεωρία
646 4483 812 4565 ἐστὶν,
844 4487 917 4549 εἷς
951 4486 1018 4553 ἣν
1057 4483 1234 4548 ἄλλως
1267 4489 1364 4544 οὐκ
1393 4485 1454 4540 ἃν
1487 4485 1696 4562 εἰσέλθῃ
1738 4509 1845 4563 τις,
1879 4488 1923 4542 εἰ
1954 4484 2030 4560 μὴ
2062 4480 2142 4537 διὰ
2171 4478 2598 4554 του-βασιλεῦσαι
2635 4479 2688 4534 ἐν
2744 4485 2818 4552 τῷ
2852 4479 3032 4556 ἀγαθῷ
3063 4479 3182 4558 βίνρ,
3231 4481 3314 4535 καὶ
3347 4487 3609 4558 κρατῆσαι
3663 4481 3750 4539 διὰ

351 4573 452 4642 τῆς
479 4573 798 4653 πρακτικῆς.

436 4684 465 4724 ι
541 4661 718 4728 Οὐδεὶς
776 4663 830 4720 δὲ

350 4751 468 4811 οὒδὲ
530 4755 632 4811 ὑπό
687 4755 778 4810 τὸν
838 4753 1046 4834 μόδιον,
1101 4753 1223 4811 ἀλλ’
1279 4754 1366 4812 ἐπὶ
1393 4755 1490 4822 τὴν
1522 4754 1769 4836 λυχνίαν,
1816 4754 1908 4811 ἵνα
1961 4757 2008 4810 οἱ

348 4843 778 4923 εἰσπορευόμενοι
835 4846 896 4901 τὸ
966 4851 1078 4921 φῶς
1123 4843 1417 4937 βλέπὶωσιν.
1451 4843 1512 4902 Ὀ
1545 4843 1738 4924 λύχνος
1771 4853 1863 4903 106
1894 4845 2008 4902 σώ-

349 4934 518 5008 ματός
577 4934 724 4991 ἐστιν
794 4936 823 4990 6
872 4933 1165 5014 ὀφθαλμός.
1227 4933 1404 4991 Ὀταν
1441 4936 1526 4991 οὗν
1560 4937 1588 4991 6
1617 4935 1886 5015 ὀφθαλμός
1916 4955 2008 4990 σου

350 5021 552 5088 ἁπλοῦς
622 5030 680 5101 ᾗ,
743 5025 834 5081 καὶ
891 5023 1016 5080 ὅλον
1081 5027 1143 5080 τὸ
1213 5024 1371 5099 σῶμά
1401 5045 1495 5079 σου
1553 5026 1808 5104 φωτεινόν
1839 5025 2004 5086 ἐστιν,

352 5113 516 5171 Ἐπὰν
573 5113 628 5170 δὲ
695 5115 930 5194 πονηρὸς
1002 5116 1061 5190 ᾗ,
1119 5115 1207 5171 καὶ
1266 5115 1327 5170 τὸ
1384 5113 1543 5189 σῶμά
1583 5136 1677 5170 σου
1737 5113 2009 5171 σκοτεινόν

349 5203 483 5266 ἐστι,
543 5205 742 5260 Σκόπει
775 5202 886 5278 οὗν,
932 5204 1012 5278 μὴ
1041 5205 1104 5260 τὸ
1147 5208 1258 5283 φῶς
1288 5205 1348 5260 τὸ
1380 5203 1434 5260 ἐν
1485 5204 1566 5260 σοὶ
1609 5204 1800 5269 σκότος
1842 5204 2002 5262 ἒστίν.

349 5294 408 5350 Εἰ
479 5293 567 5350 οὗν
598 5294 660 5350 τὸ
691 5292 849 5368 σῶμά
877 5315 972 5350 σου
1001 5292 1126 5350 ὃλον
1150 5295 1428 5374 φωτεινὸν,
1479 5293 1558 5367 μὴ
1591 5291 1724 5373 ἔχον
1772 5315 1822 5350 τι
1853 5293 2008 5372 μέρος

347 5385 644 5464 σκοτεινὸν,
703 5382 850 5440 ἔσται
880 5385 1135 5463 φωτεινὸν
1170 5383 1318 5457 ὁλον,
1361 5385 1436 5448 ὡς
1467 5381 1590 5440 ὅταν
1636 5387 1664 5440 ὁ
1714 5382 1910 5464 λύχνος
1941 5387 2008 5458 τῇ

347 5473 594 5550 ἀστραπῇ
654 5473 854 5553 φωτίζῃ
913 5495 993 5534 σε.
1059 5497 1087 5530 n
1124 5471 1446 5553 Ἐπειδήπερ
1477 5476 1520 5530 ος
1552 5474 1813 5550 βάσκανοι
1864 5471 2004 5530 Ἰου-

345 5559 488 5620 δαῖοι
541 5564 606 5619 τὰ
675 5563 915 5640 θαὺματα
983 5562 1272 5640 βλέποντες
1371 5565 1755 5643 ἒσυκοφάντουν
1841 5563 2004 5622 ταῦτα

345 5653 464 5716 νοὸς
509 5652 702 5727 κακίᾳ,
754 5653 941 5710 τούτου
982 5653 1159 5711 ἕνεκεν
1183 5655 1212 5709 6
1243 5655 1431 5733 Κύριος
1462 5653 1629 5712 ταύτά
1674 5669 1828 5733 φησι⁶
1862 5652 2004 5713 "01.1

344 5740 542 5822 λὺχνον
604 5739 856 5804 λαϐόντες
932 5745 978 5799 οἱ
1036 5742 1301 5821 ἅνθρωποι
1348 5743 1490 5822 πᾶρὰ
1547 5750 1642 5799 τοῦ
1699 5741 1851 5818 Θεοῦ,
1907 5743 2005 5812 τὴν

900 4663 1099 4746 λύχνον
1178 4664 1345 4740 ἅψας,
1406 4666 1478 4727 εἷς
1511 4667 1748 4744 κρυπτὴν
1777 4668 2004 4736 τίθησιν,
2036 4677 2075 4721 ῐ)

2179 4661 2352 4720 Vens.
2391 4655 2594 4720 33-36.
2637 4682 2663 4712 α
2691 4658 2881 4719 Nemo
2915 4656 3218 4719 lucernam
3252 4660 3544 4735 ascendit,
3598 4669 3657 4722 et
3686 4661 3748 4723 iu

2094 4749 2438 4811 abscondito
2473 4747 2659 4826 ponit,
2694 4765 2886 4826 neque
2917 4747 3122 4808 subter
3147 4747 3546 4824 modium,sed
3569 4770 3749 4832 super

2093 4837 2542 4912 candelabrum,
2574 4847 2633 4898 ut
2661 4838 2759 4919 qui
2791 4837 3228 4916 ingrediuntur.
3259 4839 3458 4901 lumen
3488 4841 3744 4906 videant.

2094 4931 2360 4992 Lucerna
2391 4928 2659 5008 corporis
2681 4937 2771 4989 est
2794 4927 3172 4992 oculus.Cum
3191 4929 3366 5008 igitur
3384 4932 3591 4994 oculus
3615 4941 3749 4996 tuus

2093 5020 2271 5082 fuerit
2291 5017 2762 5099 simplex,totum
2797 5037 3032 5099 quoque
3065 5037 3278 5100 corpus
3303 5029 3463 5080 tuum
3482 5021 3744 5084 lucidum

2092 5109 2396 5190 eritgquod
2421 5107 2470 5168 si
2490 5110 2676 5170 malus
2703 5108 3088 5183 fuerit,etiam
3120 5128 3334 5190 corpus
3376 5119 3538 5172 tuum
3573 5121 3741 5174 tene-

2093 5201 2334 5263 brosum
2368 5198 2502 5262 erit.
2538 5197 2688 5261 Vide
2719 5217 2858 5277 ergo
2887 5217 2960 5260 ne
2992 5199 3195 5261 lumen
3228 5200 3384 5280 quod
3431 5201 3492 5262 in
3527 5211 3582 5263 te
3631 5212 3744 5284 est,

2093 5291 2355 5356 tenebrae
2381 5292 2519 5353 sint.
2555 5292 2616 5352 5i
2648 5309 2788 5369 ergo
2818 5309 3034 5371 corpus
3065 5299 3226 5352 tuum
3266 5300 3450 5352 totum
3477 5292 3741 5356 lucidum

2093 5382 2418 5462 fuerit,non
2446 5381 2673 5444 habens
2701 5382 2958 5462 aliquam
2995 5389 3220 5462 partem
3246 5381 3745 5458 tenebrosam,sic

2089 5472 2200 5534 erit
2232 5471 2490 5533 lucidum
2515 5471 2654 5531 560
2678 5479 2955 5544 totum,ut
2985 5488 3118 5532 cum
3144 5469 3387 5532 lucerna
3422 5471 3650 5550 fulgore
3677 5475 3747 5536 i1.

2090 5561 2342 5622 luminat
2363 5559 2781 5632 te.»QuonEam
2817 5559 3204 5622 invidiJudzei
3227 5560 3513 5623 miracula
3540 5564 3744 5628 viden-

2093 5659 2202 5721 tes,
2229 5669 2298 5714 ea
2329 5651 2843 5712 calumniahantur
2887 5650 2963 5710 ob
3013 5649 3228 5712 mentis
3260 5651 3570 5728 malitiam,
3607 5655 3741 5734 ejus

2092 5741 2281 5819 gratia
2312 5740 2600 5802 Dominus
2625 5741 2752 5802 hac
2780 5739 3112 5821 dicitzquod
3145 5739 3452 5803 lucernam
3480 5742 3679 5824 adepti
3706 5763 3741 5807 a
