4202 6420
509 339 616 407 871

1483 335 2082 406 THEOPHYLACTI
2127 328 2536 396 BULGARUE
2579 327 2941 396 ARCHIEP.

3788 326 3911 392 872

512 480 871 560 proximum,
899 490 957 543 et
986 501 1102 544 non
1128 479 1478 545 conculcare
1511 495 1671 550 eum,
1722 460 1802 537 ex;
1841 471 2152 534 dilectione

2245 469 2335 525 τὸν
2367 469 2518 539 Θεὸν,
2592 469 2773 526 καὶτὸ
2802 468 2934 544 πρὸς
2991 467 3082 525 τὸν
3145 465 3397 547 πλησίον,
3470 466 3537 523 τὰ
3579 463 3669 523 δύο
3740 462 3909 522 ταῦτα

513 569 598 631 ﬁt.
619 570 883 633 Dicendo
911 588 1048 632 vero
1067 571 1446 633 dilectionem
1473 564 1851 637 Dei,omnino
1870 560 2164 640 signiﬁcat

510 659 854 733 generalem
887 660 1262 721 affectionem
1298 677 1435 736 erga
1461 651 2008 733 Deum.thuando
2030 650 2162 730 quis

509 746 702 826 diligit
736 748 1096 829 proximum,
1123 767 1240 810 non
1266 755 1509 827 propter
1539 743 1824 805 saeculare
1855 740 2160 821 quiddam,

505 837 596 896 vel
624 846 853 917 turpem
882 835 1393 911 aﬂ'ectionem,sed
1421 836 1586 916 juxta
1613 833 1897 905 Deum,ea
1921 830 2159 911 quidem

511 926 614 988 Dei
648 926 893 988 dilectio
911 926 1031 988 dici
1055 936 1452 1007 potest,quam
1488 923 1715 984 scilicet
1742 922 1983 982 mandat
2006 923 2162 982 Deus

505 1033 575 1075 ac
609 1015 837 1095 prohat.
874 1014 1165 1077 Volebant
1196 1022 1395 1078 autem
1433 1013 1568 1075 l’hai
1591 1011 1713 1072 ἱεωί
1761 1010 1834 1070 ab
1877 1009 2161 1071 omnibus

506 1104 848 1167 hominibus
879 1106 1159 1167 honorari
1192 1114 1248 1165 et
1275 1102 1521 1165 salutari
1554 1102 1903 1162 utdoctores
1924 1101 1978 1159 in
2007 1099 2156 1158 foro.

506 1194 631 1255 Hoc
662 1195 821 1254 enim
861 1196 982 1255 vult
1005 1193 1277 1255 salutatio
1299 1202 1355 1253 et
1375 1187 1964 1272 appellatio.Simi|es
1986 1186 2163 1265 igitur

506 1284 899 1363 estis,inquit,
932 1284 1358 1360 monumentis,
1382 1300 1513 1362 quae
1544 1280 1717 1360 plena
1750 1277 1988 1359 quidem
2022 1284 2163 1337 sunt

508 1376 670 1431 omni
689 1373 1605 1453 putredine,extrinsecusautem
1621 1386 1916 1429 marmore
1935 1366 2160 1445 fulgere

508 1459 709 1523 vident
742 1462 1038 1537 homines,
1072 1463 1408 1523 nescientes
1440 1459 1581 1539 quid
1618 1458 1864 1530 calcent,
1895 1456 2158 1535 alioquin

505 1550 1335 1611 aliominarenturabominati
1382 1544 2158 1627 nemquasintraesLLegis-

506 1641 731 1719 peritus
763 1659 899 1700 vero
932 1643 1106 1701 stulte
1124 1641 1386 1719 seipsum
1408 1636 1866 1718 reprehensioni
1888 1633 2152 1713 subjicit.

501 1730 658 1787 Sane
687 1728 786 1790 alii
818 1738 986 1790 erant
1027 1729 1373 1809 legisperiti,
1412 1736 1471 1789 et
1501 1727 1601 1787 alii
1656 1725 1960 1788 Pharisaei.
2008 1723 2153 1784 Nam

505 1817 781 1878 l‘linrisazi
813 1817 1163 1879 vilebantur
1194 1823 1260 1879 ut
1286 1817 1584 1888 monachi,
1621 1824 1678 1875 et
1700 1815 1798 1895 qui
1833 1813 1906 1874 ab
1938 1813 2069 1875 aliis
2092 1833 2156 1874 se
2180 1812 2218 1863 Β
2240 1814 2359 1875 δασι

2247 558 2583 631 αἰνίττεσθαι,
2644 556 2729 614 διὰ
2799 558 2898 634 μὶν
2954 565 3048 616 τοῦ
3117 559 3289 615 εἰπεῖν
3320 558 3421 626 τὴν
3449 558 3645 637 κρίσιν,
3696 554 3908 622 ὑποδη-

2246 647 2353 706 λῶν
2407 649 2505 717 τὴν
2576 650 2650 714 εἷς
2704 649 2797 704 τὸν
2872 646 3103 716 πλησίον
3160 648 3399 727 ἀγάπην·
3462 649 3523 705 τὸ
3553 646 3653 725 γὰρ
3692 643 3907 709 δικαίως

2245 744 2437 823 κρίνειν
2491 744 2582 802 τὸν
2638 740 2891 822 πλησίον,
2949 742 3037 799 καὶ
3081 743 3159 818 μὴ
3207 740 3674 800 καταδυναστεύειν
3725 740 3907 813 αὐτού,

2245 833 2305 891 ἐκ
2360 841 2453 892 τοῦ
2521 834 2731 911 ἀγαπᾷν
2778 833 2936 891 αὐτὸν
2966 833 3190 911 γίνεται.
3241 833 3340 889 Διά
3370 830 3425 887 δὲ
3453 838 3549 890 τοῦ
3590 832 3762 887 εἰπεῖν
3804 829 3908 897 τὴν

2245 924 2461 1002 ἀγάπην
2507 930 2599 980 τοῦ
2669 924 2823 1002 Θεοῦ,
2855 922 2955 990 τὴν
2984 924 3116 1003 πρὸς
3147 925 3237 979 τὸν
3269 924 3400 980 Θεὸν
3440 922 3653 986 πάντως
3689 922 3909 997 μηνύων

2244 1013 2431 1081 ὁλικὴν
2514 1013 2763 1070 διάθεσιν.
2802 1014 2900 1070 Καὶ
2928 1013 3057 1069 ὃταν
3088 1011 3144 1069 δέ
3187 1035 3265 1076 τις
3315 1012 3498 1091 ἀγαπᾷ
3540 1012 3632 1068 τὸν
3678 1009 3909 1077 πλησίον

2243 1105 2302 1161 οὔ
2361 1101 2445 1159 διά
2521 1125 2567 1159 τι
2624 1102 2908 1176 κοσμικὸν,
2968 1099 3003 1169 ἤ
3054 1103 3278 1182 αἰσχρὸν
3335 1102 3525 1174 πάθος,
3601 1098 3739 1156 ἀλλὰ
3768 1097 3909 1155 κατά

2246 1194 2396 1259 Θεὸι,
2458 1190 2677 1272 λεχθείη
2734 1189 2799 1246 ἄν
2870 1191 2956 1246 καὶ
3017 1189 3151 1259 αὕτη
3195 1192 3383 1269 ἀγάπη
3415 1198 3509 1248 τοῦ
3539 1197 3692 1262 Θεοῦ,
3742 1187 3909 1267 ἤγουν

2243 1281 2308 1350 ἤν
2339 1280 2637 1339 ἐντέλλεται
2669 1283 2696 1337 6
2729 1282 2884 1355 Θεὸς,
2917 1280 2982 1348 ἢν
3030 1278 3374 1360 ἀποδέχεται.
3407 1277 3647 1336 ’Ἥθελον
3676 1276 3732 1334 δὲ
3763 1278 3908 1355 παρά

2243 1374 2440 1434 παντὸς
2526 1370 2802 1448 ἀνθρώπου
2884 1374 3134 1445 τιμᾶσθαι
3242 1371 3331 1427 καί
3430 1365 3905 1449 προσαγορεύεσθαι

2242 1464 2316 1525 ὡς
2387 1458 2688 1517 διδάσκαλοι
2740 1460 2793 1516 ἐν
2842 1473 2967 1523 ταῖς
3035 1459 3284 1537 ἂγοραῖς·
3311 1458 3466 1516 τοῦτο
3523 1458 3625 1537 γὰρ
3651 1459 3679 1513 6
3722 1457 3904 1512 ἀσπα-

2242 1553 2400 1627 σμὸς,
2461 1552 2496 1618 ἦ
2554 1550 2911 1629 προσηγορία.
2974 1548 3213 1607 Ἐοίκατε
3271 1551 3419 1627 γοῦν,
3493 1550 3645 1628 φησὶ,
3680 1547 3905 1621 μνήμα-

2239 1662 2347 1720 σιν,
2421 1639 2456 1695 ἆ¹
2526 1640 2748 1717 γέμουσι
2807 1637 2907 1714 μὲν
2940 1635 3119 1705 πάσης
3151 1640 3394 1718 σαπρίας,
3458 1637 3648 1703 ἔξωθεν
3671 1634 3725 1691 δέ
3754 1634 3903 1708 λάμ-

2240 1751 2424 1787 πουσιν
2483 1727 2806 1807 μαρμάροις⁶
2866 1726 2903 1783 ἆ’
2958 1730 3182 1806 ὁρῶντες
3245 1730 3293 1783 οἱ
3350 1724 3639 1806 ἅνθρωποι,
3673 1725 3767 1781 οὐκ
3809 1723 3906 1781 οῗ-

2470 1824 2573 1876 ποῦ
2600 1826 2999 1898 περιπατοῦσιν,
3058 1817 3095 1886 ἥ
3141 1820 3240 1897 γὰρ
3285 1817 3347 1874 ἂν
3388 1815 3771 1895 ἐμυσάχθησαν
3804 1813 3907 1880 τὴν

501 1906 1271 1987 segregabant.l.egisperiti
1293 1925 1429 1967 vero
1444 1904 1665 1968 Scribai
1690 1893 1857 1964 erant
1876 1912 1933 1963 et
1957 1904 2152 1965 docto-

2241 1904 2432 1962 ἔσωθεν
2487 1893 2833 1985 βδελυγμίαν.
2889 1893 2946 1962 Ὀ
3005 1901 3060 1958 δὲ
3118 1893 3339 1979 νομικὸς
3411 1893 3655 1971 ἀνοητως
3712 1902 3905 1980 ὑπάγει

501 1996 728 2074 res,qui
760 1995 1063 2057 solvebant
1086 1996 1445 2077 qumstiones
1478 1995 1646 2073 legis.
1682 1992 2028 2056 Onerabant
2050 1994 2152 2054 ita-

2239 1996 2423 2053 ézat‘ov
2481 2003 2559 2071 τῷ
2620 1996 2858 2076 ἐλέγχῳ⁹
2923 1993 3133 2052 ’Ἄλλοι
3165 1994 3219 2050 δὲ
3262 1996 3402 2061 ἦσαν
3431 1997 3480 2051 οἱ
3526 1994 3733 2069 νομικοὶ
3761 1992 3908 2069 παρά

498 2103 615 2163 que
631 2085 903 2145 homines
918 2086 1195 2163 gravibus
1215 2094 1273 2146 et
1296 2084 2152 2153 intolerabilibus,mandantes

2239 2086 2360 2149 τοὺς
2420 2086 2760 2166 Φαρισαίους.
2824 2087 2885 2143 Οἱ
2943 2086 3040 2159 μὲν
3070 2086 3170 2164 γὰρ
3200 2092 3490 2164 Φαρισαῖοι
3543 2085 3618 2146 ὡς
3676 2080 3905 2151 ὁισκηταῖ⁵

499 2191 567 2234 ea
598 2192 729 2252 quae
759 2174 818 2234 in
850 2174 981 2253 lege
1009 2174 1318 2235 observatu
1358 2173 1643 2252 diﬂicilia,
1696 2182 1753 2233 et
1796 2172 1905 2251 ipsi
1954 2191 2152 2249 neque

498 2262 678 2339 digito
711 2264 1087 2344 attingebant
1120 2284 1302 2326 onera
1330 2283 1341 2326 :
1381 2266 1492 2324 hoc
1519 2264 1755 2341 est.ipsi
1786 2263 1929 2323 nihil
1959 2281 2026 2322 ex
2061 2260 2153 2323 his

496 2370 628 2431 quze
658 2351 785 2413 aliis
818 2352 1213 2433 imperabant,
1242 2353 1535 2413 faciebant
1593 2353 1737 2411 Nam
1772 2351 2006 2430 quando
2041 2351 2151 2410 do—

498 2459 641 2501 cens
670 2442 811 2504 facit
841 2461 973 2524 qua:
1006 2444 1197 2511 docet.
1233 2442 1466 2505 alleviat
1514 2460 1721 2513 onera,
1763 2440 2153 2520 exemploque

496 2548 602 2589 suo
626 2532 1101 2593 consolationem
1136 2534 1306 2593 aﬂ'ert
1338 2532 1650 2611 discipulis
1681 2529 1928 2601 Quando
1950 2539 2149 2592 autem

496 2620 643 2680 nihil
677 2621 889 2682 horum
923 2622 1059 2683 facit
1089 2640 1220 2702 quae
1254 2622 1450 2695 docet,
1477 2630 1614 2680 tunc
1646 2638 1778 2701 qua:
1808 2618 1981 2679 docet
2012 2636 2149 2695 gra—

498 2708 661 2769 viora
692 2729 877 2771 onera
906 2712 1183 2771 videntur
1207 2710 1537 2787 discipulis,
1562 2718 1837 2788 tanquam
1872 2726 2004 2788 quae
2022 2728 2098 2769 ne
2119 2727 2152 2768 a

497 2799 742 2859 doctore
774 2800 1015 2879 quidem
1061 2799 1267 2880 perﬁci
1301 2808 1540 2880 queant.
1596 2798 1867 2859 Dcclarat
1915 2816 2153 2878 quoque

496 2886 792 2948 Dominus
820 2888 1059 2949 Judmos
1094 2897 1338 2969 nepotes
1370 2906 1503 2949 esse
1525 2906 1594 2947 ac
1618 2887 1888 2947 haeredes
1914 2887 2152 2947 malitiae

2239 2173 2475 2255 ἐδόκουν,
2529 2176 2619 2232 καὶ
2648 2176 3081 2250 ἀποκεκομμένοι
3113 2173 3219 2230 τῶν
3251 2174 3453 2236 ἄλλων.
3487 2176 3547 2231 Οἱ
3591 2171 3647 2227 δὲ
3695 2178 3904 2246 νομικοὶ

2239 2270 2585 2343 Γραμματεῖς
2637 2266 2771 2334 ἦσαν
2831 2267 2918 2321 καὶ
2968 2262 3297 2344 διδάσκαλοι,
3359 2277 3480 2327 τοῖς
3555 2260 3906 2339 βουλομένοις

2235 2357 2301 2411 τὰ
2370 2363 2463 2412 τοῦ
2522 2356 2686 2431 νόμου
2717 2356 3004 2430 ζητήματα
3034 2358 3272 2416 Λύοντες.
3329 2354 3640 2433 Ἐφόρτιζον
3659 2357 3745 2407 οὗν
3775 2352 3903 2413 τοὺς

2236 2445 2539 2526 ἀνθρώπους
2581 2447 2744 2526 βαρέα
2804 2449 2891 2503 καὶ
2929 2442 3294 2504 δυσϐάστακτα
3339 2447 3385 2501 οἱ
3442 2443 3674 2522 νομικοὶ,
3710 2439 3900 2497 ἐντελ-

2235 2534 2452 2612 λόμενοι
2524 2537 2712 2601 αὐτοῖς
2778 2538 2845 2593 τὰ
2873 2543 2966 2592 τοὺ
2996 2536 3161 2611 νόμου
3189 2533 3524 2613 δυσφύλακτα
3576 2532 3900 2611 παρατηρή-

2235 2648 2404 2701 ματα,
2478 2628 2623 2684 αὐτοὶ
2681 2626 2736 2683 δὲ
2792 2634 2869 2701 τῷ
2933 2626 3175 2698 δακτύλῳ
3231 2629 3405 2683 αὐτῶν
3449 2626 3510 2681 οὐ
3558 2623 3898 2697 πξιοσέψαυον

2233 2730 2351 2779 τοῖς
2423 2719 2680 2798 φορτίοις,
2739 2717 3032 2791 τουτέστιν,
3103 2718 3249 2775 αὐτοὶ
3311 2712 3481 2811 οὐδὲν,
3542 2711 3595 2777 ἐξ
3642 2713 3717 2767 ὧν
3745 2724 3899 2811 ρ,τρῖς

2236 2790 2448 2861 ἂλλοιί
2476 2790 2787 2875 ἔπέταέτον,
2840 2790 3121 2877 ἔπραττον,
3186 2794 3371 2854 ’Ὅταν
3416 2790 3515 2871 μὲν
3559 2795 3710 2871 γειρὸ
3741 2790 3894 2848 διδά-

2235 2908 2379 2944 σκων
2462 2888 2667 2968 πράττῃ
2740 2888 2777 2943 ἅ
2826 2886 3080 2967 διδάσκει,
3152 2884 3500 2967 ἐπελαφρύνει
3570 2884 3637 2939 τὰ
3680 2881 3894 2962 φορτία,

492 2974 751 3057 Cain,eo
775 2977 932 3058 quod
956 2977 1099 3039 dicit
1123 2978 1279 3059 quod
1314 2978 1507 3039 omnis
1535 2975 1798 3053 sanguis,
1825 2977 2047 3038 etfusus
2076 2974 2149 3037 ab

2237 2976 2529 3056 δποδειγμα
2586 2976 2752 3041 διδοὺς
2803 2978 3012 3059 ἑαυτὸν,
3096 2976 3186 3032 καὶ
3267 2972 3596 3053 παρηγορίαν
3653 2969 3897 3047 ἐμποιῶν

493 3065 645 3163 ébel
678 3084 866 3147 usque
888 3068 957 3127 ad
991 3058 1398 3142 Zacbariam,a
1429 3069 1666 3127 natione
1697 3066 1796 3127 illa
1815 3075 2146 3146 expetetur.

2237 3080 2352 3133 τοῖς
2413 3065 2833 3144 διδασκομένοις.
2870 3058 3049 3125 ’Ὅταν
3080 3066 3134 3121 δὲ
3200 3062 3348 3123 οὐδὲν
3374 3064 3449 3119 ὡν
3479 3060 3625 3138 λέγει
3657 3061 3892 3139 πράττῃ,

492 3155 729 3217 Etenim
783 3176 883 3218 vos
937 3159 1280 3238 prophetas,
1315 3157 1415 3238 qui
1463 3170 1635 3218 erant
1687 3157 1897 3217 fratres
1945 3157 2146 3229 vestri,

2237 3160 2524 3224 τηνικαῦτα
2581 3158 2748 3235 βαρέα
2792 3156 2961 3221 ὄντως
2990 3178 3058 3213 τα
3085 3154 3268 3235 φορτία
3297 3151 3446 3210 δοκεῖ
3474 3164 3592 3215 τοῖς
3637 3148 3892 3205 διδασκο-

491 3243 1090 3318 occidistis,sicutille
1108 3246 1463 3310 Abel.Undo
1486 3246 1726 3328 quidam
1750 3265 1868 3309 non
1892 3245 2151 3309 absurde

2237 3248 2436 3324 μένοις,
2496 3250 2569 3314 ὡς
2614 3326 2624 3329 Α
2654 3245 2793 3324 μηδέ
2821 3248 2965 3329 παρα
2996 3246 3091 3329 to;
3117 3241 3432 3329 διδασκάλου
3462 3240 3893 3329 δυνάμεναακατ-

491 3344 958 3399 nnmeraverunt
980 3336 1119 3398 Cain
1143 3336 1298 3399 inter
1329 3355 1433 3397 eos
1453 3318 1553 3418 qui
1576 3336 1897 3416 prophetas
1914 3335 2149 3398 occide-

2237 3318 2551 3408 ορθωθῆναι,
2609 3318 2912 3410 Ἔμφαίνε(
2944 3327 2999 3383 δὲ
3074 3328 3102 3383 ὃ
3172 3323 3364 3404 Κύριος
3427 3323 3551 3378 τοὺς
3614 3318 3894 3418 Ἰουδαίους

487 3432 689 3499 runt,a
711 3442 826 3504 quo
856 3425 1133 3487 vindicta:
1151 3411 1622 3508 exquisitmsunt
1652 3411 1881 3506 septem
1913 3426 2149 3506 suppli-

2237 3419 2522 3498 ἀπογόνους
2579 3420 2665 3475 καὶ
2714 3417 3084 3497 κληρονόμους
3151 3416 3251 3484 τῆς
3321 3414 3509 3476 κακίας
3723 3411 3889 3508 βάϊν,

486 3510 582 3572 cio
595 3489 1635 3579 scilicetleviorezLamechw'autem
1652 3489 1924 3577 intereas
1937 3489 2149 3596 qui'oc-

2237 3503 2318 3564 διὰ
2351 3489 2452 3564 ’τοῦ
2502 3506 2679 3586 λέγειν
2723 3506 2805 3564 ὅτι
2825 3489 2837 3497 ’
2862 3489 2967 3564 πᾶν
2997 3509 3139 3583 αἷμα
3196 3504 3420 3583 ἐκχυθὲν
3446 3501 3551 3557 ἀπὸ
3572 3489 3753 3555 ’Ἅϐελ
3784 3497 3889 3563 ἓως

490 3600 770 3663 ciderunt
787 3605 1093 3666 Christum
1107 3605 1198 3668 .Et
1218 3606 1351 3666 ideo
1370 3603 1706 3686 septuagies
1724 3589 2148 3685 septem-ultio-

2237 3604 2322 3653 τοῦ
2378 3599 2644 3678 Ζαχαρὶου
2714 3598 3144 3668 ἀπαιτηθήσεται
3175 3593 3282 3651 ἀπὸ
3310 3598 3411 3660 τῆς
3437 3597 3618 3671 γενεᾶς
3663 3589 3887 3656 ταύτης.

490 3707 597 3750 nes
627 3692 946 3768 dederunt,
978 3694 1234 3774 dispersi
1265 3694 1322 3755 in
1350 3679 1849 3774 icaptivit'atemfa
1880 3712 1995 3775 qua
2028 3714 2145 3756 non

2237 3694 2332 3745 Καὶ
2384 3690 2508 3769 γάρ,
2565 3690 2750 3768 φησὶν,
2810 3690 2966 3766 ὑμεῖς
3022 3685 3278 3767 ἀδελφοὺς
3350 3684 3517 3775 ὂντας.
3564 3679 3886 3775 θμῶνμτοὺς

426 3794 431 3799 '
485 3756 945 3853 redibuntﬂuis
966 3756 1165 3844 autem
1198 3783 1304 3845 fuit
1334 3756 1671 3862 Zacharias,
1697 3756 1877 3862 quem
1898 3756 2146 3846 ‘occide-

2237 3756 2508 3857 προφήτας
2564 3756 2901 3859 ἐφονεύσατε,
2948 3779 3021 3841 ὡς
3072 3756 3319 3840 κάκεῖνος
3352 3775 3442 3831 τὸν
3472 3756 3675 3830 ’“Α6έλ.
3708 3767 3885 3826 ”Οθεν

486 3877 624 3928 runt
654 3869 811 3931 inter
835 3872 1121 3951 templum
1154 3881 1213 3933 et
1239 3871 1456 3934 altare?
1486 3871 1597 3934 Alii
1641 3860 1883 3951 quidem
1912 3872 2144 3936 dicunt

2237 3867 2327 3923 οὒκ
2356 3866 2565 3947 ἀλόγως
2623 3868 2763 3933 τινὲς
2823 3871 2907 3925 τὸν
2975 3867 3070 3944 μὲν
3106 3868 3242 3924 Κάϊν
3275 3868 3349 3929 εἷς
3380 3866 3471 3920 τὸν
3521 3862 3643 3926 τοὺς
3671 3860 3885 3939 προφή-

488 3957 668 4019 fuisse
702 3948 975 4038 priscum
991 3960 1330 4024 Zachariam
1359 3962 1543 4022 ﬁlium
1570 3948 2147 4042 Joiadae,qnem565

2237 3977 2323 4022 τας
2390 3957 2773 4015 ἀποκτείναντα
2826 3957 2957 4015 λαὸν
3030 3954 3364 4037 ἐξελάϐοντο,
3421 3951 3515 4034 ἀφ’
3564 3951 3624 4007 οὗ
3676 3948 3880 4042 ὶκδεδί-

489 4035 918 4130 lapidarunt,ut
948 4050 1233 4112 discimus
1265 4070 1337 4115 ex
1380 4052 1529 4113 libro
1560 4035 1815 4128 Regum.
1843 4035 1965 4113 ἈΙῆ
2004 4073 2144 4116 vero

2237 4066 2419 4113 ιιηνται
2478 4048 2635 4127 ἑπτὰ,
2693 4046 3016 4126 ἐλαφροτέρᾳ
3072 4044 3277 4113 δηλαδή
3343 4035 3595 4122 τιμωρίᾳ·
3661 4041 3752 4130 τθν
3828 4035 3885 4094 δὲ

491 4147 718 4216 patrem
753 4136 1164 4221 Praecursoris,
1198 4158 1268 4205 eo
1294 4143 1451 4222 quod
1486 4140 1589 4203 ille
1620 4141 1997 4203 ordinaverat
2039 4145 2144 4206 Dei

2237 4139 2426 4217 Λάμεχ
2483 4139 2556 4201 είς
2611 4138 2733 4201 τοὺς
2790 4138 3201 4200 ἀποκτείναντας
3253 4135 3345 4191 τόν
3403 4133 3653 4211 Χριστόν,
3684 4129 3765 4187 διό
3794 4132 3885 4185 καὶ

487 4223 843 4294 Genitricem
878 4248 1011 4290 cum
1049 4230 1373 4309 virginibus
1397 4230 1572 4292 etiam
1608 4236 1917 4311 postquam
1950 4250 2138 4313 pepe-

2237 4230 2673 4307 ίϐδομηκοντᾰκις
2723 4232 2857 4288 ἑπτὰ
2926 4228 3309 4300 ἐκδεδίκηνται,
3369 4230 3442 4291 εἷς
3506 4223 3883 4308 αἰχμαλωσίαν

484 4314 665 4377 risset
694 4317 1015 4395 Christum,
1057 4328 1116 4381 et
1145 4321 1537 4382 constituerat
1580 4339 1710 4382 eam
1767 4322 1829 4382 in
1860 4320 1992 4383 loco
2022 4342 2137 4403 quo

2237 4321 2598 4401 itamapévtsc
2647 4322 3068 4404 ἀνυπόστροφον.
3125 4321 3213 4385 Τίς
3268 4318 3323 4374 δὲ
3365 4322 3432 4388 ἦν
3462 4317 3560 4397 ἄρα
3587 4316 3878 4395 Ζαχαρίας,

485 4405 602 4465 illas
632 4414 784 4467 stant
819 4428 832 4465 :
869 4409 963 4471 hic
989 4409 1149 4470 enim
1182 4410 1349 4471 locus
1367 4418 1456 4471 est
1478 4408 1638 4471 inter
1669 4410 1953 4491 templum
1980 4412 2139 4473 etal-

2237 4409 2279 4467 ἵν
2327 4411 2611 4490 ἐφόνευσαν
2670 4412 2866 4489 μεταξύ
2907 4419 3004 4469 τοῦ
3059 4419 3183 4471 ναοῦ
3211 4411 3304 4468 καὶ
3342 4415 3436 4466 τοῦ
3464 4406 3879 4484 θυσιαστηρίου;

484 4502 633 4569 tare,
661 4496 820 4576 quod
854 4506 940 4559 est
968 4507 1132 4560 extra
1171 4517 1416 4581 wreuin,
1451 4508 1511 4561 et
1538 4486 1853 4581 propterea
1896 4501 2135 4562 occide-

2237 4504 2284 4559 )t
2336 4486 2436 4577 μὲν
2493 4486 2707 4581 λέγουσι
2740 4502 2831 4559 τόν
2862 4504 3097 4581 ἀρχαῖον
3128 4500 3398 4581 Ζαχαρίαν
3428 4498 3519 4555 τόν
3539 4499 3631 4555 τοῦ
3674 4493 3878 4573 ’1ωάδε,

482 4593 621 4645 runt
639 4588 951 4649 eum.Nam
977 4589 1113 4667 quia
1142 4589 1821 4671 exspectabantquidam
1836 4590 2135 4652 Christum

481 4689 683 4751 regem
716 4695 887 4737 suum
910 4676 1492 4758 futurum,nolebant
1508 4689 1708 4741 autem
1726 4699 1931 4757 regem
1957 4681 2135 4762 ferre,

483 4762 620 4823 ideo
652 4766 999 4830 occiderunt
1028 4778 1320 4839 sanctum,
1355 4768 1455 4849 qui
1486 4769 1820 4831 asseruerat
1848 4770 2134 4849 virginem

485 4855 812 4936 peperisse,
862 4866 925 4920 et
963 4858 1264 4919 Christum
1323 4867 1525 4919 natum
1576 4877 1708 4921 esse
1753 4868 2134 4939 regnaturum

482 4958 666 5093 ευρθέ
694 4962 819 5025 eos,
854 4946 1011 5025 quod
1036 4946 1502 5009 adversabantur
1533 4966 1548 5011 :
1573 4948 1798 5027 absque
1813 4949 1971 5011 enim
2001 4967 2137 5029 rege

483 5046 556 5092 vo
587 5052 617 5093 e
662 5043 768 5093 ant
797 5053 950 5093 esse.

483 5043 768 5097 volebant
797 5053 950 5099 esse.

2220 4592 2309 4648 καὶ
2363 4590 2422 4647 ὅν
2477 4589 2881 4672 ἐλιθοϐόλησαν,
2934 4594 3007 4656 ὡς
3067 4590 3177 4648 ἔστι
3220 4593 3413 4667 μαθεῖν
3460 4587 3523 4644 ἐκ
3552 4593 3650 4655 τῆς
3695 4582 3880 4663 βίϐλου

2221 4687 2326 4738 τῶν
2376 4681 2686 4739 Βασιλειῶν’
2756 4685 2809 4741 ,οἱ
2875 4680 2931 4739 δὲ
2987 4683 3078 4739 τόν
3137 4682 3338 4760 πατέρα
3394 4679 3488 4737 τοῦ
3545 4675 3876 4757 Προδρόμου,

2218 4773 2403 4829 τοῦτον
2463 4773 2565 4851 γὰρ
2635 4771 2865 4839 τάξαντα
2918 4775 3019 4842 τὴν
3090 4774 3349 4830 Θεοτόκον
3379 4771 3513 4847 μετὰ
3542 4774 3648 4826 τῶν
3677 4768 3877 4844 παρθέ-

2222 4883 2323 4917 νων
2392 4864 2528 4937 μετὰ
2596 4863 2659 4920 τό
2710 4876 2889 4921 τεκεῖν
2933 4866 2993 4920 τό
3025 4862 3271 4944 Χριστόν,
3304 4863 3393 4917 καὶ
3444 4862 3713 4930 στήσαντα
3742 4859 3875 4914 ταύ-

2216 4972 2319 5018 την
2368 4951 2435 5009 ἐν
2489 4959 2568 5028 τῷ
2600 4954 2750 5029 τόπῳ
2782 4954 2836 5011 ὲν
2864 4954 2910 5029 ᾦ
2938 4953 3142 5011 ἐκεῖναι
3172 4950 3414 5009 ἵσταντοο
3463 4954 3490 5007 6
3520 4948 3575 5005 δὲ
3605 4948 3769 5014 τόπος
3810 4949 3876 5018 ἦν

2219 5042 2413 5116 μεταξὺ
2440 5050 2533 5101 τοῦ
2585 5046 2713 5101 ναοῦ
2763 5046 2852 5102 καὶ
2896 5051 2989 5101 τοῦ
3020 5042 3415 5121 θυσιαστηρίου
3454 5042 3580 5119 tofi]
3608 5039 3705 5107 ἔξω
3780 5049 3876 5100 τοῦ

486 5121 718 5199 χαλκοῦ.
757 5128 853 5181 Δια
882 5133 1036 5183 τοῦτο
1066 5128 1234 5185 τοίνυν
1286 5128 1574 5209 ἐφόνευσαν
1624 5129 1806 5191 αὐτόν.
1841 5132 1990 5186 Ἐπεὶ
2021 5131 2122 5210 γὰρ
2179 5128 2516 5210 προσεδόκων
2552 5134 2693 5201 τινὲς
2726 5136 2817 5190 τὸν
2859 5136 3088 5213 Χριστὸν
3117 5133 3340 5212 βασιλέα
3390 5135 3561 5191 αὐτῶν
3595 5132 3870 5210 ἐσόμενον,

486 5213 581 5267 οὒκ
607 5211 798 5280 ἤθελον
835 5214 889 5272 δὲ
956 5217 1356 5299 βασιλευθῆναι,
1429 5219 1615 5275 τούτου
1664 5218 1825 5276 »ἕνεκα
1870 5218 2151 5300 ἐφόνευσαν
2194 5223 2287 5278 τὸν
2328 5221 2508 5301 ἅγιον,
2568 5226 2641 5290 ὼς
2696 5211 3009 5302 βεϐαιοῦντα
3065 5224 3148 5283 ὅτι
3191 5224 3445 5304 παρθένος
3496 5223 3693 5300 ἔτεκεν,
3726 5227 3817 5281 καὶ
3848 5227 3875 5281 6

485 5306 708 5395 Χριστὸς
744 5305 1001 5395 ἐγεννήθη
1027 5309 1055 5363 6
1089 5307 1301 5384 μέλλων
1332 5310 1502 5366 αὐτῶν
1534 5309 1857 5390 βασιλεύειν,
1886 5310 2016 5389 ὅπερ
2060 5311 2451 5393 ἀπεστρέφοντο
2482 5331 2496 5345 ⁸
2535 5312 2870 5372 ἀϐασίλευτοι
2899 5317 3001 5395 γὰρ
3030 5313 3220 5383 ἤθελον
3248 5314 3416 5379 εἶναι,

559 5388 739 5456 Vens.
789 5394 1008 5460 52-ο54.
1075 5420 1100 5453 ι
1164 5398 1266 5458 Vw
1320 5396 1491 5459 vobis
1548 5388 1928 5480 legisperitis,

2264 5426 2331 5465 με
2390 5404 2519 5461 Οὐαὶ
2564 5406 2697 5480 ὑμῖν
2767 5418 2885 5471 τοῖς
2912 5418 3182 5481 νομικοῖς,
3219 5403 3299 5461 ὅτι
3357 5406 3519 5484 ἤρατε
3549 5405 3649 5474 τὴν
3681 5403 3872 5462 κλεῖδα

486 5481 701 5544 tulistis
731 5484 953 5545 clavem
984 5485 1285 5548 scientiae:
1323 5486 1439 5566 ipsi
1469 5506 1588 5549 non
1615 5488 1998 5563 introistis,et
2024 5506 2129 5550 eos

2237 5496 2311 5560 τῆς
2370 5492 2643 5572 γνώσεως*
2717 5496 2864 5552 αὐτοὶ
2905 5494 3001 5552 οὔκ
3028 5493 3319 5571 είσήλθετε,
3353 5481 3442 5555 καὶ
3471 5496 3593 5560 τοὺς
3621 5497 3871 5575 εἰσερχο-

486 5573 589 5653 qui
620 5573 967 5656 introibant,
1001 5575 1293 5639 vetuistis.
1341 5576 1486 5638 Cum
1514 5586 1712 5639 autem
1742 5580 1868 5641 haec
1892 5578 1966 5640 ad
1997 5577 2130 5640 illos

2237 5580 2402 5648 ιένους
2474 5583 2800 5647 ἐκωλύσατε.
2860 5584 3122 5664 Λέγοντος
3179 5583 3233 5641 δέ
3290 5585 3450 5643 αὐτοῦ
3514 5589 3679 5643 ταῦτα
3736 5588 3869 5665 πρὸς

562 5694 660 5745 ω’
690 5696 840 5758 Gen.
873 5713 953 5759 iv.
