4202 6396
327 331 449 393 873

1057 336 1503 402 ENARRATIO
1547 337 1625 401 IN
1675 336 2183 402 EVANGELIUM
2232 336 2473 404 LUCE.
2518 373 2597 385 —
2637 336 2805 405 CAP.
2854 341 2961 404 XI.

3598 342 3676 407 87

318 472 531 546 αὖτοὺς,
592 474 815 552 ἤρξαντο
879 480 927 533 οἱ
1005 483 1350 553 Γραμματεϊς
1413 478 1501 533 καὶ
1572 479 1620 533 οἱ
1691 484 1967 555 Φαρισαῖοι

2062 483 2314 561 diceret,
2349 493 2658 566 cmperunt
2702 485 3030 567 legisperiti
3064 494 3124 549 et
3148 485 3432 550 Pharisaei
3461 489 3719 567 graviter

311 560 495 625 δεινῶς
537 565 770 645 ἐνέχειν,
818 570 906 624 καὶ
954 568 1399 645 ἀποστοματίζειν
1433 569 1590 624 αὐτὸν
1636 568 1754 646 περὶ
1782 565 1974 625 πλειό-

310 675 440 725 νων,
507 651 861 732 ἐνεδρεύοντες
922 658 1104 735 αὺτὸν,
1190 664 1470 728 ζητοῦντες
1533 661 1781 737 θηρεῦσαί
1822 678 1872 713 τι
1917 655 1977 713 ἐκ

307 744 404 797 τοῦ
453 744 717 818 στόματος
777 750 959 825 αὖτοῦ,
999 746 1129 824 ,ἵνα
1201 748 1650 826 κατηγορήσωσιν
1709 748 1889 806 αὐτοῦ,
1942 768 1970 799 ι

314 830 515 888 κλεῖδα
572 835 823 912 γνώσεως
867 835 1142 910 ὠνόμασεν
1194 839 1222 893 6
1256 839 1449 916 Κύριος
1481 838 1579 904 τὴν
1609 834 1974 909 διδασκαλίαν,

309 923 398 976 καὶ
458 924 555 989 τὴν
616 922 700 980 διὰ
741 933 835 983 τοῦ
878 926 1042 1000 νόμου
1081 928 1447 1006 χειραγωγίαν
1479 924 1766 1002 δυναμένου
1807 946 1979 1003 προσ-

314 1010 467 1088 άγειν
510 1020 588 1085 τῷ
644 1022 875 1093 Χριστῷ.
942 1008 1001 1073 Ὀ
1068 1017 1168 1095 γὰρ
1239 1016 1402 1090 νόμος
1462 1017 1799 1097 χειραγωγὸς
1846 1017 1979 1072 πάν-

312 1121 421 1164 τως
468 1104 541 1165 εἰς
588 1106 835 1183 Χριστόι.
871 1108 930 1164 Οἱ
983 1104 1157 1162 τοίνυν
1187 1107 1398 1181 νομικοὶ
1425 1108 1517 1162 τὸν
1549 1106 1713 1180 νόμον
1757 1102 1978 1161 δοκοῦν-

309 1212 401 1254 τες
457 1192 791 1272 ἑρμηνεύειν,
837 1196 938 1262 τὴν
999 1193 1188 1252 κλεῖδα
1244 1202 1343 1263 τῆς
1411 1197 1659 1276 γνώσεως
1710 1207 1975 1274 κατεῖχον

309 1279 665 1347 ἐθελοκάκως,
730 1286 816 1340 καὶ
873 1284 969 1341 οῦκ
1013 1282 1227 1362 ἤνοιγον
1273 1286 1369 1349 τὰς
1432 1293 1524 1342 τοῦ
1583 1286 1749 1360 νόμου
1790 1284 1970 1363 θύρας,

305 1371 392 1427 ἳνα
443 1368 512 1427 δι’
563 1376 734 1431 αὒτῶν
780 1373 1086 1432 εἰσέλθωσιν
1144 1375 1291 1434 αὐτοί
1330 1397 1389 1431 τε
1432 1377 1521 1432 καὶ
1581 1377 1609 1431 6
1653 1374 1782 1437 λαὸς
1841 1375 1975 1453 πρὸς

308 1461 558 1539 Χριστόν.
615 1462 787 1520 ’Ἐστι
843 1461 896 1520 δὲ
929 1466 956 1521 6
1000 1464 1167 1541 νόμος
1209 1468 1333 1544 θύρα
1379 1467 1450 1527 είς
1484 1467 1731 1542 Χριστόν⁸
1767 1464 1911 1533 πλὴν
1939 1466 1972 1533 ἡ

299 1550 430 1629 θύρα
472 1549 607 1618 αὕτη
650 1552 1012 1628 κεκλεισμένη
1058 1553 1221 1629 ἐστὶν,
1280 1555 1372 1611 ἐὰν
1417 1555 1495 1629 μή
1544 1576 1626 1618 τις
1683 1556 1784 1624 τήν
1842 1554 1984 1617 ἆσέ..

309 1660 465 1717 φειαν
507 1648 600 1697 τοῦ
630 1643 794 1717 νόμου
825 1643 1090 1725 σαφηνίζῃ
1120 1645 1209 1701 καὶ
1240 1642 1506 1723 διανοίγῃ,
1539 1641 1645 1705 Καὶ
1678 1646 1779 1725 γὰρ
1810 1648 1837 1702 6
1871 1646 1977 1708 Κύ,

301 1750 422 1805 ριος
498 1742 652 1787 εἶπεν
688 1749 702 1763 ·

310 1820 452 1894 ἐμοί,
507 1844 530 1878 ι
572 1823 667 1879 Καὶ
696 1822 856 1879 πάλιν
890 1843 908 1861 °
945 1847 970 1878 α
1006 1823 1286 1903 Ἐρευνᾶτε
1318 1826 1413 1887 τὰς
1446 1824 1680 1905 Γραφᾶς,
1709 1825 1790 1881 ὃτι
1822 1824 1980 1893 αὗται

313 1912 444 1965 εἶσιν
502 1913 552 1967 αἱ
606 1920 959 1993 μαρτυροῦσαι
1009 1916 1129 1994 περὶ
1185 1913 1340 1990 ἐμοῦ,
1395 1915 1483 1970 καὶ
1510 1915 1668 1987 ὑμεῖς
1699 1918 1758 1973 οῦ
1800 1912 1978 1973 θέλετε

308 1998 485 2055 ἐλθεῖν
527 2000 659 2074 πρός
704 2022 796 2075 με.
833 2021 860 2059 s
912 2002 1047 2059 Οϊον
1090 2003 1164 2066 ὡς
1208 2001 1293 2057 ἐπὶ
1320 2003 1437 2065 ἑνὸς
1482 1999 1778 2077 ὑποδεῖξαι,
1808 2001 1976 2077 ἀμνὰς

309 2088 564 2167 ἐσφάζετο
585 2099 709 2152 ταῦς
734 2088 1031 2171 ’ἰοδδαίοις,
1060 2092 1305 2172 ἐχρίοντο
1345 2094 1396 2147 αἱ
1427 2090 1599 2172 φλιαὶ,
1634 2093 1722 2148 καὶ
1753 2093 1820 2147 τα
1846 2091 1977 2171 κρέα

248 2180 255 2184 ’
307 2176 513 2250 ἤσθιον,
577 2181 665 2235 καὶ
722 2181 789 2248 ἦν
838 2181 1023 2247 αὒτοῖς
1052 2184 1171 2250 νίκη
1220 2189 1375 2239 τοῦτο
1418 2182 1557 2238 κατὰ
1602 2188 1695 2238 τοῦ
1725 2180 1973 2261 ὀλοθρευ-

304 2275 424 2331 τοῦ,
485 2277 649 2326 Τοῦτο
708 2269 762 2325 δὲ
808 2270 950 2327 ἅπαν
1012 2274 1072 2327 τὸ
1116 2282 1214 2330 τοῦ
1274 2278 1500 2351 Χριστοῦ
1530 2272 1821 2350 μυστήριον
1852 2271 1974 2343 ἐδή-

304 2357 425 2430 λου,
472 2359 531 2414 οὗ
584 2361 655 2425 ὡς
712 2361 879 2435 ἀμνοῦ
940 2361 1159 2442 ἂμώρου
1217 2363 1307 2417 καὶ
1362 2359 1588 2418 ἀσπίλου
1651 2361 1968 2442 σφαγέντος,

304 2449 629 2526 ἑχρίσθησαν
686 2452 738 2506 αἱ
779 2452 1035 2530 ἡμέτεραι
1097 2450 1266 2532 φλιαὶ,
1343 2453 1505 2527 θυμὸς
1549 2452 1639 2507 καὶ
1696 2451 1967 2528 ἐπιθυμία,

305 2539 395 2593 καὶ
452 2538 513 2593 τὸ
567 2540 764 2595 τούτων
821 2539 1106 2619 ὑπέρθυρον
1165 2543 1227 2597 τὸ
1288 2539 1594 2619 λογιστικόν
1628 2556 1641 2570 ⁸
1703 2540 1801 2597 καὶ
1872 2541 1971 2610 τὴν

306 2627 476 2705 σάρκα
523 2636 615 2684 τοῦ
662 2632 780 2685 Υἱοῦ
840 2638 931 2687 τοῦ
988 2630 1263 2710 ἀνθρώπου
1320 2629 1618 2710 ἐφάγομεν,
1680 2632 1770 2687 καὶ
1827 2653 1970 2688 νενι-

2061 574 2336 635 insistere
2370 583 2426 634 et
2456 574 2719 655 captiose
2771 593 2907 637 eum
2962 576 3337 653 interrogare
3366 576 3442 639 de
3489 578 3713 654 multis,

2060 661 2413 725 insidiantes
2439 664 2516 739 ei,
2556 675 2615 726 et
2647 672 2984 744 quaerentes
3022 665 3245 745 aliquid
3278 667 3479 728 venari
3510 685 3581 730 ex
3611 685 3717 730 ore

2061 752 2213 833 ejus,
2247 772 2363 833 quo
2394 762 2743 816 accusarent
2771 772 2932 817 eum.
2974 780 2996 813 ι
3034 756 3274 817 Clavem
3306 756 3571 818 scientiae
3600 775 3713 818 no-

2064 840 2307 902 minavit
2340 841 2627 903 Dominus
2658 842 2989 905 doctrinam
3022 852 3081 905 et
3115 844 3263 924 legis
3295 846 3711 908 manuductio-

2063 947 2365 1010 nem,quae
2384 930 2620 993 valebat
2639 931 2944 995 adducere
2971 932 3047 993 ad
3070 933 3393 995 Christum.
3419 936 3535 996 Lex
3555 934 3715 996 enim

2064 1019 2310 1079 (mnino
2342 1038 2450 1080 nos
2481 1020 2556 1081 ad
2603 1020 2904 1083 Christum
2943 1021 3312 1086 manuducit.
3367 1022 3717 1104 Legisperiti

2066 1107 2373 1189 igitur,qui
2395 1108 2510 1170 sibi
2532 1117 2694 1170 recte
2716 1110 2909 1189 legem
2933 1111 3316 1190 interpretari
3335 1112 3715 1188 videbantur,

2060 1196 2336 1259 scientia
2363 1198 2593 1259 clavem
2628 1198 2885 1278 maligne
2916 1198 3223 1277 tenebant,
3258 1215 3317 1262 et
3350 1219 3468 1263 non
3491 1202 3719 1280 aperie-

2060 1284 2201 1347 bant
2222 1286 2437 1365 januas
2487 1286 2657 1365 legis,
2712 1306 2819 1367 per
2865 1306 3013 1369 quas
3056 1289 3348 1351 intrarent
3396 1298 3457 1351 et
3496 1289 3612 1370 ipsi
3661 1299 3719 1352 et

2059 1375 2311 1454 populus
2341 1376 2416 1436 ad
2444 1376 2771 1453 Christum,
2795 1377 3279 1459 quandoquidem
3314 1378 3404 1441 lex
3426 1378 3612 1458 janua
3630 1389 3720 1441 est

2068 1465 2139 1525 ad
2173 1464 2498 1529 Christum.
2544 1465 2966 1529 Verumtamen
3003 1468 3190 1546 janua
3231 1467 3344 1530 ista
3373 1467 3574 1530 clausa
3603 1476 3716 1544 est,

2069 1552 2184 1614 nisi
2214 1553 2346 1634 quis
2378 1553 2802 1617 obscuritatem
2834 1554 2997 1635 legis
3015 1556 3353 1618 manifestet
3380 1565 3441 1620 et
3464 1556 3717 1638 aperiat,

2069 1641 2364 1723 faciatque
2392 1642 2789 1707 manifestam.
2814 1643 3051 1706 Etenim
3069 1643 3358 1708 Dominus
3385 1646 3568 1709 dixit:
3609 1671 3630 1703 ι
3656 1645 3720 1709 Si

778 1756 803 1787 α
871 1735 927 1790 Εἰ
981 1732 1284 1790 ἐπιστεύετε
1327 1741 1535 1813 Μωσεῖ,
1584 1733 1890 1791 ἐπιστεύετε
1920 1734 1967 1799 ἃ,

2069 1733 2478 1795 credidissetis
2496 1734 2672 1814 Mosi,
2704 1733 3047 1795 credissetis
3065 1734 3272 1815 utique
3301 1735 3449 1798 mihi
3468 1736 3555 1799 ὅθ.
3592 1761 3618 1792 ν
3647 1737 3723 1799 Et

2064 1821 2283 1882 iterum
2311 1840 2325 1881 :
2359 1821 2729 1885 Scrutamini
2752 1819 3112 1904 Scripturas,
3131 1824 3415 1905 quoniam
3441 1824 3569 1887 istae
3583 1834 3722 1887 sunt

2062 1927 2195 1989 quae
2223 1911 2635 1972 testimonium
2679 1911 3001 1991 perhibent
3048 1911 3125 1974 de
3175 1931 3294 1975 me.
3345 1913 3416 1976 Et
3463 1934 3568 1978 vos
3600 1933 3719 1976 non

2063 1998 2235 2059 vultis
2272 2000 2473 2062 venire
2504 2000 2577 2061 ad
2610 2017 2727 2061 me.
2771 1999 2842 2062 Et
2890 2009 2955 2061 ut
3002 2001 3263 2081 exempli
3314 2002 3504 2082 gratia
3533 2023 3717 2065 unum

2061 2088 2374 2149 ostendam
2407 2109 2420 2150 :
2452 2105 2642 2167 agnus
2670 2088 3413 2168 immolabaturaJudzeis,
3448 2101 3507 2154 et
3536 2110 3719 2173 unge-

2062 2175 2281 2239 bantur
2311 2177 2818 2257 superliminaria,
2857 2187 2917 2240 et
2944 2196 3157 2242 carnes
3206 2181 3625 2263 comedebant,
3662 2191 3721 2245 et

2060 2275 2187 2327 erat
2218 2270 2307 2328 eis
2333 2267 2445 2328 hoc
2468 2268 2714 2327 victoria
2734 2277 2942 2329 contra
2967 2268 3511 2334 exterminatorem.
3528 2270 3723 2351 Signi-

2061 2355 2275 2417 ﬁcabat
2307 2356 2421 2417 hoc
2453 2356 2626 2436 plane
2658 2357 3004 2437 mysterium
3052 2357 3295 2431 Christi,
3329 2377 3447 2440 quo
3477 2368 3539 2421 ut
3567 2377 3719 2438 agno

2062 2446 2437 2507 inunacuiato
2483 2457 2540 2507 et
2598 2464 2746 2526 puro
2804 2447 3001 2507 occiso
3058 2448 3282 2527 perfusi
3335 2457 3475 2509 sunt
3531 2450 3722 2511 nostri

2062 2543 2286 2614 pestes,
2314 2535 2402 2596 ira
2432 2544 2492 2596 et
2520 2535 3034 2617 concupiscentia,
3083 2550 3145 2600 et
3190 2537 3402 2599 horum
3455 2538 3720 2619 superli-

2063 2624 2318 2698 minare,
2349 2623 2659 2685 rationalis
2688 2624 2775 2684 vis
2812 2644 2826 2687 :
2889 2641 3252 2707 carnemque
3285 2626 3420 2689 Filii
3463 2628 3735 2690 hominis

308 2719 551 2792 κήκαμεν
604 2720 696 2775 τὸν
750 2721 844 2779 τὰς
907 2721 1144 2800 ψυχικὰς
1205 2722 1361 2795 ἡμῶν
1416 2716 1663 2795 δυνάμεις
1720 2719 1967 2800 ὀλοθρεύ-

2058 2713 2456 2793 comedimus,
2496 2721 2554 2774 et
2587 2713 2835 2775 vicimus
2862 2714 3108 2794 quidem
3139 2715 3429 2778 animales
3473 2717 3724 2779 virtutes

307 2828 458 2867 οντα.
512 2810 607 2865 Καὶ
638 2810 702 2864 τὰ
731 2808 901 2865 πλείω
926 2807 979 2864 δὲ
1026 2816 1119 2867 τοῦ
1163 2811 1326 2886 νόμου
1354 2811 1446 2865 τὸν
1492 2811 1715 2888 Χριστὸν
1764 2808 1965 2881 ὕπεδή-

2057 2812 2293 2864 nostras
2325 2802 2706 2883 perdentem.
2744 2806 2813 2866 Et
2844 2806 3129 2886 pleraque
3168 2804 3229 2865 in
3260 2805 3394 2885 lege
3421 2806 3723 2869 Christum

303 2896 451 2957 λουν.
520 2896 901 2974 Κεκλεισμένος
945 2898 1125 2956 πέντοι
1170 2900 1235 2968 ἦν
1280 2902 1307 2955 6
1371 2898 1535 2973 νόμος
1565 2905 1634 2975 τῇ
1666 2908 1756 2955 τοῦ
1788 2901 1965 2979 γράμ-

2055 2892 2474 2972 signiﬁcabant
2558 2891 2773 2954 Clausa
2829 2893 2990 2954 enim
3041 2902 3167 2956 erat
3210 2896 3307 2958 lex
3355 2895 3727 2958 obscuritate

302 3009 473 3062 ματος
518 2988 764 3068 ἆσαφείᾳ,
811 2987 991 3068 ὥσπερ
1036 2990 1136 3045 τινὶ
1175 2988 1323 3068 θύρᾳ.
1390 2987 1517 3044 Ἐὰν
1561 2985 1615 3044 δέ
1673 3012 1755 3053 τις
1813 2987 1960 3046 διδα-

2055 2981 2287 3057 litterae,
2322 2983 2495 3062 quasi
2543 2982 2734 3061 janua
2780 2983 3056 3063 quadam.
3107 2983 3169 3047 Si
3218 2994 3416 3047 autem
3461 2985 3721 3066 cuipiam

300 3074 525 3133 σκαλίαν
587 3076 999 3157 ἐνεκεχείριστο,
1053 3078 1204 3135 οὖτον
1266 3078 1394 3157 εἶχε
1450 3078 1546 3145 τὴν
1619 3076 1806 3136 κλεῖδα
1862 3084 1959 3146 τῆς

2055 3052 2320 3134 doctrina
2340 3052 2698 3134 concredita
2727 3052 2931 3154 fuerit,
2958 3072 3053 3136 hic
3076 3073 3259 3136 habet
3280 3075 3505 3137 clavem
3527 3052 3729 3138 scien-

299 3168 546 3245 γνήσεως
582 3183 597 3200 ⁶
644 3169 733 3224 καὶ
788 3170 830 3224 εἰ
886 3166 1171 3248 ἠϐούλετο,
1233 3166 1435 3235 ἤνοιξεν
1479 3167 1567 3247 ἂν,
1598 3170 1686 3225 καὶ
1718 3170 1873 3233 αῦτξῖς
1906 3192 1962 3226 τε

2055 3166 2182 3230 tiae:
2218 3163 2270 3223 si
2302 3162 2561 3223 voluerit
2590 3162 2912 3243 aperire,et
2945 3163 3073 3242 ipse
3089 3163 3435 3245 intrahit,et
3455 3164 3721 3230 aliisdux

302 3256 538 3331 εἰσῆλθε,
587 3260 674 3314 καὶ
732 3256 914 3324 ἄλλοις
959 3256 1153 3337 ὁδηγὸς
1207 3257 1444 3336 ἐγένετο,
1503 3256 1633 3336 ὅπερ
1679 3261 1726 3314 οἱ
1756 3261 1965 3334 νομικοὶ

2055 3252 2160 3312 erit
2190 3269 2204 3314 :
2256 3251 2317 3312 id
2349 3251 2507 3332 quod
2542 3251 2877 3330 legisperiti
2930 3271 3050 3313 non
3093 3253 3391 3335 fecerunt,
3424 3257 3530 3317 sed
3561 3258 3718 3319 tule-

302 3346 401 3402 οῦκ
454 3345 737 3419 ἐποίησαν,
802 3346 923 3405 ἀλλ’
975 3348 1108 3426 ἦραν
1168 3346 1267 3415 τὴν
1326 3343 1516 3403 κλεῖδα
1557 3346 1657 3415 τῆς
1688 3347 1959 3427 γνώσεως,

2055 3349 2191 3404 runt
2221 3342 2448 3403 clavem
2480 3340 2777 3422 scientia,
2810 3342 2925 3404 hoc
2950 3351 3039 3403 est
3068 3341 3546 3420 absconderunt,
3572 3346 3715 3408 obs-

305 3435 578 3493 τουτέστιν
638 3435 975 3516 ὰπέκρυψαν,
1040 3437 1328 3516 ἠφάνισαν,
1368 3436 1456 3493 καὶ
1514 3433 1700 3494 λοιπὸν
1751 3440 1825 3502 ὡς
1879 3438 1967 3508 τῆς

2063 3439 2367 3511 curarunt,
2408 3438 2467 3490 et
2486 3431 2615 3510 jam
2643 3433 2811 3511 quasi
2839 3431 2987 3493 clavi
3017 3450 3050 3494 e
3080 3433 3281 3494 medio
3319 3432 3570 3509 sublata,
3604 3436 3719 3499 hoc

308 3522 516 3589 κλειδὸς
575 3524 822 3600 ἀρθείσης
884 3525 945 3583 ἐκ
989 3525 1178 3607 μέσου,
1240 3522 1361 3592 ἤτοι
1422 3524 1520 3595 τῆς
1572 3526 1852 3602 ἑρμηνείας
1884 3537 1967 3587 τοῦ

2058 3530 2148 3583 est
2181 3520 2326 3600 legis
2346 3521 2861 3599 interpretatione,
2889 3522 3104 3583 mansit
3124 3521 3328 3585 clausa
3355 3523 3485 3603 ejus
3503 3525 3714 3605 janua.

308 3616 475 3689 νόμου
545 3612 721 3688 ’έμεινε
778 3615 1137 3691 κεκλεισμένη
1197 3616 1231 3683 ἡ
1287 3614 1473 3672 τούτου
1529 3618 1677 3695 θυρα.
1740 3619 1967 3689 Νοήσεις

2055 3608 2357 3689 Intelligas
2393 3611 2531 3670 item
2563 3619 2622 3672 et
2652 3610 2829 3673 tidem
2863 3610 3087 3672 clavem
3120 3629 3254 3672 esse
3284 3612 3570 3677 scientiae.
3604 3613 3720 3678 Per

289 3696 347 3757 δ’
409 3702 471 3758 ἂν
512 3706 601 3760 καὶ
656 3704 755 3771 τὴν
812 3705 988 3761 πίστιν
1042 3702 1232 3762 κλεῖδα
1287 3709 1388 3771 τῆς
1429 3704 1702 3783 γνώσεως,
1742 3709 1841 3764 Διὰ
1864 3710 1963 3789 γὰρ

2055 3702 2229 3762 ﬁdem
2261 3700 2422 3762 enim
2448 3699 2620 3761 datur
2641 3700 2906 3761 veritatis
2925 3699 3208 3763 scientia:
3241 3702 3401 3763 unde
3424 3704 3716 3785 prapheta

295 3798 395 3861 τῆς
454 3794 683 3856 πίστεως
754 3794 1092 3874 προσγίνεται
1163 3795 1198 3862 ἡ
1246 3798 1345 3861 τῆς
1420 3791 1668 3861 ἀληθείας
1710 3803 1903 3874 γνῶσις
1937 3817 1953 3831 ⁵

2055 3791 2227 3862 Isaias
2284 3789 2474 3851 dicit:
2539 3814 2561 3845 α
2600 3789 2732 3853 Nisi
2782 3790 3189 3867 credideritis,
3240 3810 3358 3852 non
3413 3793 3714 3873 intellige-

294 3885 383 3941 καὶ
435 3889 561 3961 γοῦν
619 3885 648 3940 6
706 3884 987 3963 προφήτης
1020 3875 1251 3948 Ἠσαίας
1281 3885 1415 3965 φησί
1447 3900 1461 3914 ⁸
1523 3907 1552 3940 α
1588 3887 1709 3957 Καὶ,
1741 3886 1869 3945 Ἐὰν
1898 3895 1958 3949 οῦ

2055 3881 2217 3944 ;is5‘.
2272 3904 2298 3935 »
2337 3879 2524 3958 Igitur
2576 3878 2904 3962 legisperiti
2947 3880 3174 3942 clavem
3226 3881 3404 3957 hanc,
3456 3882 3569 3945 hoc
3614 3894 3709 3946 est

292 3972 642 4053 πιστεύσητε,
684 3972 794 4030 οὐδ’
853 3973 913 4030 οὔ
973 3974 1052 4050 μὴ
1114 3975 1329 4040 συνῆτε,
1374 3996 1395 4029 ι
1454 3976 1519 4031 Hi
1550 3975 1720 4032 τοίνυν
1752 3981 1960 4054 νομικοὶ

2055 3970 2248 4044 ﬁiem,
2283 3987 2317 4031 e
2348 3968 2486 4028 564
2523 3970 2718 4031 medio
2750 3969 3128 4032 abstulerunt
3153 3978 3213 4033 et
3241 3969 3711 4037 absconderunt.

291 4063 397 4131 τὴν
441 4059 632 4119 κλεῖδα
672 4062 899 4137 ταύτης,
946 4062 1067 4131 ἤτοι
1111 4065 1210 4131 τὴν
1263 4064 1462 4138 πίστιν,
1517 4067 1654 4145 ἦραν
1681 4064 1741 4123 ἐκ
1771 4067 1956 4143 μέσου,

2055 4061 2178 4123 Non
2210 4059 2370 4121 enim
2405 4058 2683 4120 sinebant
2707 4058 2997 4140 quosdam
3029 4062 3282 4122 credere
3315 4061 3375 4123 in
3409 4060 3712 4126 Christum

292 4155 382 4209 καὶ
444 4150 779 4232 ἀπέκρυψαν,
815 4154 888 4210 Οῦ
931 4154 1033 4232 γὰρ
1091 4152 1224 4209 εἴων
1254 4154 1521 4211 πιστεύειν
1551 4156 1698 4219 τινας
1743 4158 1816 4222 εἰς
1870 4161 1961 4216 τὸν

2055 4149 2313 4211 omnium
2343 4149 2734 4212 Salvatorem.
2770 4147 2877 4210 Ille
2910 4150 3198 4211 miracula
3223 4150 3499 4228 faciebat,
3535 4161 3593 4215 et
3612 4172 3711 4235 po-

296 4241 441 4299 δλων
502 4242 730 4321 Σωτῆρα
792 4242 1041 4308 Χριστόν.
1095 4239 1545 4323 Ἐθαυματούργει
1603 4243 1809 4310 ἐκεῖνος
1876 4249 1964 4305 καὶ

2055 4238 2221 4320 pulus
2252 4257 2361 4320 per
2384 4238 2668 4299 miracula
2696 4238 2948 4300 credens
2983 4238 3288 4318 agniturus
3320 4248 3446 4302 erat
3472 4240 3666 4304 Deum
3693 4261 3708 4307 :

296 4334 325 4389 6
381 4329 510 4395 λαὸς
554 4329 639 4387 διὰ
694 4338 803 4389 τῶν
866 4333 1149 4408 θαυμάτων
1191 4333 1472 4395 πιστεύων,
1528 4331 1747 4409 ἔμελλεν
1778 4334 1960 4409 ἐπιγι-

2055 4329 2191 4390 athi
2243 4336 2300 4389 in
2351 4327 2663 4390 Beelzebul
2713 4328 2995 4390 dicebant
3039 4330 3260 4409 ejicere
3308 4330 3603 4392 daemonia
3623 4332 3706 4395 53.

298 4433 523 4478 νώσκειν
582 4422 740 4480 αὖτὸν
772 4420 904 4479 Θεόν
938 4439 952 4457 ο
988 4423 1037 4478 οἱ
1069 4419 1124 4477 δὲ
1152 4421 1206 4503 ἐν
1236 4419 1557 4493 Βεελζεϐοῦλ
1608 4422 1791 4503 ἔλεγον
1835 4425 1956 4483 ἐπι-

2055 4418 2228 4480 Vides
2258 4417 2556 4499 quomodo
2589 4417 2969 4480 abstulerunt
3014 4419 3239 4480 clavem
3270 4420 3555 4498 scientiae,
3588 4441 3707 4484 non

297 4510 479 4569 τελεῖν
536 4511 694 4569 αὒτὸν
736 4512 801 4568 τὰ
843 4512 1109 4587 θαύματα.
1149 4502 1307 4591 Ἠρᾷς
1339 4518 1455 4574 πῶς
1481 4516 1617 4587 ἦραν
1648 4502 1743 4581 τὴν
1773 4514 1962 4574 κλεῖδα

2055 4507 2310 4569 sinentes
2338 4507 2589 4569 credere
2618 4506 2678 4568 id
2713 4525 2822 4589 per
2850 4508 3006 4589 quod
3039 4509 3349 4569 scientiam
3384 4509 3470 4570 illi
3500 4512 3709 4592 acqui-

295 4606 399 4670 τῆς
468 4601 745 4679 γνώσεως,
792 4601 887 4657 οῦκ
930 4599 1121 4664 ἐῶντες
1171 4601 1434 4657 πιστεύειν
1465 4605 1542 4675 τῷ
1570 4599 1640 4658 δι’
1668 4605 1727 4659 οῦ
1756 4605 1790 4673 ἡ
1824 4613 1959 4685 γνῶ-

294 4713 378 4754 σις
436 4692 621 4753 αὐτοῖς
680 4689 910 4767 ’έμελλεν
963 4690 1339 4770 ἐπιγίνεσθαις
1398 4688 1699 4748 Ἐδίδασκεν
1750 4693 1805 4750 ἐν
1834 4711 1957 4762 ταῖς

296 4790 650 4860 Συναγωγαῖς
681 4783 742 4838 τὸ
773 4780 984 4857 θέλημα
1010 4791 1107 4840 τοῦ
1136 4787 1290 4855 Θεοῦ,
1325 4782 1372 4837 οἱ
1416 4779 1467 4836 δὲ
1499 4780 1707 4861 ἔλεγον,
1747 4787 1955 4862 Δαιμό-

297 4892 407 4928 νιον
461 4869 606 4951 ἔχει,
671 4872 759 4928 καὶ
790 4872 1057 4951 μαίνεται,
1088 4870 1138 4927 τί
1168 4870 1328 4928 αὐτοῦ
1372 4869 1589 4929 ἀκούετε
1626 4892 1643 4945 ;
1674 4865 1839 4956 Ἠραν
1868 4876 1957 4933 οῦν

296 4962 434 5019 κατὰ
492 4963 553 5017 τὸ
608 4960 803 5029 ἀληθὲς
858 4961 959 5028 τὴν
1014 4958 1207 5017 κλεῖδα
1265 4967 1365 5029 τῆς
1414 4963 1688 5046 γνώσεως,
1723 4966 1869 5024 αὐτοί
1896 4989 1951 5024 τε

297 5053 394 5110 οὒκ
464 5051 729 5133 εἰσῆλθον,
781 5054 870 5109 καὶ
942 5051 1150 5131 ἐτέρους
1210 5052 1570 5130 κεκωλύκασι,
1644 5058 1730 5113 καὶ
1788 5064 1952 5113 ταῦτα

299 5141 735 5223 ἐῖσερχομένους,
823 5140 1094 5201 τουτέστιν
1179 5140 1510 5210 ἐπιτηδείους
1594 5143 1750 5211 ὄντας
1824 5149 1951 5226 πρὸς

294 5222 638 5313 θεογνωσίαν.
701 5222 833 5290 "En
903 5230 959 5287 δὲ
1003 5234 1164 5289 αὐτοῦ
1203 5240 1367 5289 ταῦτα
1425 5231 1698 5312 λέγοντος,
1753 5235 1950 5294 ἐκεῖνοι

295 5322 477 5402 ὥσπερ
533 5321 1005 5402 ἐπιμαρτυροῦντες
1055 5334 1172 5386 τοῖς
1225 5319 1409 5402 λόγοις
1439 5324 1624 5401 αὐτοῦ,
1668 5322 1784 5382 δέον
1827 5325 1949 5384 ἐπι-

296 5417 497 5489 γνῶναι
553 5412 649 5481 τὴν
708 5412 904 5469 οἰκείαν
967 5410 1260 5485 ἀσθένειαν,
1354 5410 1683 5471 ἐπεδείκνυον
1739 5416 1953 5479 ἑαυτοὺς

294 5499 421 5569 δῆθε
463 5502 793 5582 σοφωτέρους
862 5501 1045 5581 αὐτοῦ,
1102 5502 1191 5557 καὶ
1236 5498 1303 5569 δὴ
1346 5500 1791 5579 ἀποστοματίζειν
1853 5507 1954 5562 αὖ-

373 5662 631 5726 5010M.
666 5680 725 5742 v,
761 5663 867 5723 46.
895 5662 948 5713 51
985 5660 1095 5724 lsa.
1132 5679 1228 5737 vu,
1261 5663 1317 5725 9.
1353 5661 1416 5713 δί
1448 5664 1651 5726 Matth.
1689 5682 1796 5740 xu,
1826 5667 1925 5728 24.

619 5803 881 5864 Parnm"
926 5802 1041 5865 Gn.
1088 5801 1358 5865 CXXIII.

2044 4598 2217 4660 situri
2234 4597 2700 4663 erant.Docebat
2731 4596 2892 4659 enim
2916 4599 2976 4658 in
2997 4596 3321 4679 Synagogis
3343 4599 3703 4663 voluntatem

2042 4686 2149 4749 Dei
2184 4708 2197 4750 :
2234 4687 2322 4749 illi
2371 4696 2570 4748 autem
2606 4686 2890 4751 dicebant
2924 4707 2939 4751 :
2986 4689 3361 4750 Daemonium
3410 4688 3610 4765 habet,
3644 4709 3705 4764 et

2042 4778 2260 4839 insanit
2288 4799 2302 4842 :
2337 4778 2481 4858 quid
2514 4778 2681 4839 illum
2713 4777 2979 4841 auditis?
3007 4779 3295 4842 Tuleruut
3338 4780 3520 4860 igitur
3558 4797 3705 4845 vere

2040 4870 2262 4931 clavem
2297 4867 2586 4941 scientiae,
2615 4875 2674 4928 et
2701 4868 2817 4949 ipsi
2846 4868 3098 4947 ingressi
3132 4889 3251 4931 non
3273 4881 3433 4946 sunt,
3467 4880 3527 4933 et
3553 4871 3704 4934 alios

2040 4959 2475 5041 prohibuerunt
2497 4959 2751 5019 maxime
2768 4958 3199 5038 ingredientes,
3217 4961 3330 5022 hoc
3362 4971 3450 5023 est
3479 4962 3703 5025 studio-

2036 5066 2135 5111 sos
2159 5047 2517 5129 cognitionis
2544 5047 2780 5111 divinae.
2828 5048 2937 5110 lllo
2967 5059 3167 5112 autem
3192 5051 3389 5111 adhuc
3417 5052 3701 5132 loquente

2037 5141 2185 5215 haec,
2221 5139 2304 5199 illi
2336 5137 2505 5219 quasi
2535 5145 2958 5199 attestarentur
2984 5137 3142 5200 dicta
3170 5141 3326 5222 ejus,
3361 5160 3495 5205 cum
3523 5161 3673 5224 opor

2036 5236 2191 5290 teret
2224 5228 2522 5310 propriam
2556 5245 2883 5306 agnoscere
2902 5227 3398 5306 imbecillitatem,
3426 5239 3697 5296 ostenta-

2037 5326 2183 5383 ruut
2213 5337 2278 5381 se
2300 5319 2402 5379 illo
2422 5317 2702 5379 videlicet
2726 5318 3151 5401 sapientiores,
3171 5328 3350 5402 atque
3378 5322 3699 5388 occludere

2038 5409 2125 5472 illi
2158 5429 2245 5483 08,
2282 5408 2437 5490 quod
2473 5406 2661 5471 Graeci
2693 5406 2898 5470 dicunt
2926 5410 3391 5486 ἀποστοματίζειν,
3437 5412 3694 5497 incipie-

2039 5501 2211 5580 bant,
2242 5501 2353 5562 hoc
2376 5508 2464 5562 est
2494 5501 2840 5580 frequenter
2863 5499 3324 5580 interrogare,et
3345 5503 3692 5586 perplexum

3258 5798 3365 5865 28.
