4202 6398
372 308 488 378 877
1103 309 1550 380 ENARRATIO
1595 315 1678 380 IN
1724 313 2048 379 EVANGEJ

2137 317 2237 379 [λιιι
2286 316 2527 383 LUCE.
2578 354 2649 365 —
2681 318 2846 384 CAP.
2896 320 3036 386 ΧΠ.
3346 342 3349 346 ι
3616 298 3776 391 737a

378 457 523 508 πᾶσα
580 451 879 532 ὑπόκρισις,
914 451 1045 509 ἀλλο
1100 454 1198 528 μὲν
1228 451 1597 528 πλαττομένη,
1631 450 1763 508 ἄλλο
1794 450 1849 508 δὲ
1882 447 2033 508 οὖσα.

2137 445 2259 507 lem
2280 445 2628 539 est,etaliud
2644 448 3123 528 ﬁngit.Pharisxei
3140 452 3778 539 itaque,inquit.latere

378 545 438 599 Οἱ
497 542 595 617 μὲν
641 541 731 597 οὖν
762 549 1078 619 Φαρισαῖοι,
1136 545 1316 623 φησὶν,
1374 541 1583 600 οἴονται
1630 541 1902 599 λανθάνειν
1959 537 2042 594 ’διά

2137 555 2190 597 se
2222 543 2427 617 putant
2458 556 2564 617 per
2594 538 2954 620 hypocrisin,
2989 541 3180 605 bonos
3213 563 3407 608 mores
3450 537 3565 610 sibi
3596 549 3776 613 effin—

380 630 480 698 τῆς
538 632 890 710 ὑποκρίσεως,
925 633 987 687 τὸ
1028 631 1366 711 χρηστόηθες
1426 631 1608 694 αὺτοῖς
1658 630 2041 711 περιποιούμε-

2137 635 2350 702 gentes.
2380 628 2554 708 Atqui
2588 628 2737 689 nihil
2774 630 3076 694 occultum
3112 642 3222 707 est,
3254 636 3415 715 quod
3447 656 3566 700 non
3601 658 3776 702 reve-

379 742 487 781 νοι.
549 719 697 787 Πλὴν
755 718 902 776 οὒδὲν
947 719 1451 799 συγκεκαλυμμένον
1482 719 1620 777 ἐστὶν
1673 721 1700 776 ὃ
1752 721 1846 777 οὒκ
1900 719 2041 775 ἀπο-

2137 714 2367 780 labitur.
2402 716 2618 780 Omnia
2635 717 2796 778 enim
2828 721 3081 782 etverba
3112 730 3170 784 et
3192 714 3578 801 cogitationes
3605 728 3781 791 nuda!

382 808 805 890 καλυφθήσεται.
870 811 1048 867 Πάντα
1120 811 1220 889 γὰρ
1276 811 1365 866 καὶ
1421 809 1635 887 ῥήματα
1678 810 1766 866 καὶ
1820 807 2042 876 διανοή-

2137 813 2261 865 ante
2283 805 2574 884 judicium
2610 806 2853 868 omnino
2886 808 3126 886 quidem
3158 811 3220 872 in
3253 831 3533 893 supremo
3556 816 3658 883 illo
3682 817 3781 881 die

377 921 522 974 ματα
580 900 754 976 γυμνά
810 901 1246 978 παραστήσονται
1296 905 1374 973 τῷ
1404 897 1693 972 τελευταίῳ
1751 905 1847 973 μὲν
1903 897 2039 953 πάν-

2137 895 2537 974 apparebunt:
2574 896 2716 977 quin
2746 897 2882 958 etin
2904 901 3187 979 prazsenti
3218 902 3337 964 vita
3359 904 3545 967 multa
3569 925 3777 969 eorum

351 1010 485 1051 -τως
551 988 830 1069 κριτηρίῳ,
884 987 1023 1057 πλὴν
1074 989 1174 1045 κάν
1204 995 1281 1062 τῷ
1309 988 1530 1067 παρόντι
1563 988 1662 1064 βίῳ
1708 986 1883 1044 πολλὰ
1943 991 2044 1041 τῶν

2137 1002 2259 1078 quae
2298 984 2695 1078 occultantur,
2731 986 3095 1078 manifestari
3132 990 3347 1055 solent.
3397 992 3781 1078 Quaecunque

374 1076 757 1155 κρυπτομένων
806 1081 1138 1155 »γυμνοῦσθαι
1199 1076 1350 1157 φιλεῖ
1386 1095 1401 1112 ο
1434 1074 1533 1133 ὅσα
1596 1076 1684 1133 οὖν
1741 1075 1931 1132 εἴπατε
1992 1072 2044 1128 ἐν

2137 1073 2307 1164 igitur
2339 1074 2398 1164 in
2443 1072 2711 1164 tenebris
2758 1074 3010 1151 dixistis,
3054 1087 3112 1140 et
3158 1079 3217 1141 in
3270 1072 3698 1164 promptuariis
3722 1094 3782 1149 et

505 1170 693 1242 σκοτίᾳ
750 1171 836 1226 καὶ
893 1169 948 1225 ἐν
1002 1170 1124 1233 τοῖς
1176 1170 1443 1248 ταμείοις,
1509 1169 1598 1225 καὶ
1643 1168 1872 1247 κρυφίως
1913 1163 2041 1222 ἐλα-

2137 1161 2359 1222 οοιυιῐθ
2388 1161 2568 1223 locuti
2617 1170 2778 1237 estis,
2830 1166 3310 1244 praadicabunlur
3355 1171 3411 1232 in
3447 1161 3683 1237 lumine
3725 1184 3784 1238 et

380 1258 608 1332 λήσατε,
656 1260 1060 1339 κηρυχθήσεται
1111 1258 1199 1315 ἐπὶ
1244 1263 1322 1331 τῷ
1351 1259 1485 1339 φωτὶ
1512 1258 1602 1314 καὶ
1632 1257 1717 1313 ἐπὶ
1770 1257 1876 1313 τῶν
1935 1257 2041 1311 δω-

2137 1253 2187 1312 in
2223 1250 2665 1344 tectis.Et_haec
2694 1252 2937 1334 quidem
2976 1256 3214 1318 videtur
3236 1258 3310 1320 ad
3336 1259 3661 1344 discipulos
3682 1265 3780 1327 di-

379 1349 588 1422 μάτων.
654 1355 829 1406 Ταῦτα
886 1346 938 1404 δὲ
986 1349 1224 1428 φαίνεται
1286 1347 1384 1423 μὲν
1440 1348 1571 1425 πρὸς
1631 1347 1755 1409 τοὺς
1805 1345 2045 1423 μαθητὰς

2137 1359 2292 1420 cere,
2325 1340 2428 1402 sed
2461 1342 2533 1402 ad
2587 1342 2916 1405 l’hariszeos
2965 1344 3190 1427 dirigit,
3242 1340 3506 1411 insidias
3538 1351 3781 1416 illorum

376 1436 578 1516 λέγων,
639 1440 771 1517 πρὸς
830 1434 886 1493 δὲ
958 1439 1081 1502 τοὺς
1152 1438 1471 1514 Φαρισαίοσς
1529 1435 1889 1510 ἀποτείνεται,
1949 1435 2046 1497 τὰς

2137 1430 2438 1521 insinuans
2469 1452 2481 1492 :
2520 1441 2579 1521 et
2607 1431 2774 1512 quasi
2800 1433 2915 1495 hoc
2938 1432 3028 1496 eis
3051 1435 3689 1521 manifestat,quamvis
3706 1442 3785 1505 ad

375 1531 549 1587 αὐτῶν
604 1525 887 1590 ἐπιϐουλὰς
942 1529 1333 1602 αἰνιττόμενος,
1395 1527 1483 1583 καὶ
1557 1525 1848 1605 μονονουχὶ
1890 1531 2046 1581 τοῦτο

2137 1519 2456 1599 discipulos
2492 1520 2764 1582 videatur
2803 1523 3002 1603 loqui.
3055 1522 3369 1603 Quoniam,
3405 1519 3455 1589 ο⁷
3474 1530 3782 1607 Pharisaei,

374 1616 555 1684 δηλῶν
599 1621 808 1690 cit-3:01;,
872 1615 971 1675 κᾶν
1027 1614 1161 1693 δοκῇ
1219 1617 1351 1695 πρὸς
1409 1616 1529 1680 τοὺς
1592 1616 1836 1690 μαθητὰς
1878 1624 2045 1672 ταῦτα

2137 1626 2497 1689 quaecunque
2546 1608 2605 1670 in
2670 1610 2955 1687 tenebris,
3005 1612 3118 1675 boc
3183 1624 3273 1676 est
3317 1615 3379 1678 in
3447 1619 3788 1685 tenebrosis

377 1705 578 1785 λέγειν.
632 1697 789 1779 ”Οτι,
833 1709 878 1761 ὦ
937 1712 1250 1785 Φαρισαῖοι,
1304 1702 1404 1762 ὅσα
1445 1704 1499 1760 ἐν
1541 1711 1611 1777 τῇ
1640 1704 1849 1783 σκοτίᾳ,
1881 1724 2042 1759 τουτο

2137 1698 2338 1797 vestris
2363 1698 2668 1797 cordibus,
2687 1701 2981 1783 cogitatis,
3008 1710 3301 1766 tentantes
3321 1724 3416 1769 me
3430 1707 3784 1792 illaqueare,

377 1794 522 1852 ἐστιν
574 1797 630 1851 ἓν

377 1883 691 1963 παγιὸεὗσαί
749 1906 815 1959 με
875 1883 1143 1957 θέλοντες,
1207 1882 1262 1938 ἒν
1332 1878 1411 1958 τῷ
1473 1883 1608 1963 φωτὶ
1659 1882 2042 1951 ἀκουσθήσεται

376 1975 469 2031 καὶ
519 1977 887 2053 γνωσθήσεται
922 1989 938 2005 ⁸
994 1973 1103 2052 ἐγὼ
1146 1973 1245 2053 γάρ
1291 1975 1398 2048 είμι
1447 1974 1509 2028 τὸ
1560 1977 1696 2052 φῶς,
1743 1973 1833 2028 καὶ
1859 1974 1919 2029 οὒ
1949 1968 2041 2025 δύ-

380 2064 535 2121 νασθὲ
592 2085 658 2138 με
711 2062 919 2138 λαθεῖν,
980 2059 1102 2119 ἀλλ’
1161 2063 1217 2118 ἐν
1268 2061 1389 2136 ἐμοὶ
1444 2066 1523 2135 τῷ
1558 2062 1694 2141 φωτὶ
1746 2066 1851 2116 πᾶν
1913 2060 1941 2115 ὃ
2008 2061 2041 2126 ἡ

377 2154 605 2233 ὑμετέρα
665 2154 850 2211 σκοτία
933 2152 1262 2230 βουλεύεται,
1350 2149 1787 2229 διαγινώσκεται.
1855 2151 1951 2208 Καὶ
2016 2150 2043 2204 ὃ

378 2245 510 2322 πρὸς
568 2244 630 2300 τὸ
706 2242 793 2307 οὖς
876 2240 1144 2312 ἀλλήλους
1224 2237 1727 2319 συνεϐουλεύσασθε,
1784 2238 2043 2296 ἀκουστόν

380 2353 472 2407 μοι
532 2332 748 2411 γέγονεν
809 2330 1001 2403 οὕτως,
1062 2329 1241 2411 ὥσπερ
1287 2329 1351 2385 ἂν
1413 2333 1457 2385 εί
1514 2329 1601 2385 ἐπὶ
1655 2335 1764 2385 τῶν
1820 2326 2046 2404 ὕψηλῶν

377 2420 636 2498 δωμάτων
694 2421 993 2501 ἐκηρύχθη.
1058 2422 1233 2478 Ταῦτα
1287 2418 1343 2476 δὲ
1409 2418 1627 2476 δύνασαι
1685 2423 1899 2497 νοῆσιι,
1960 2416 2050 2473 καὶ

379 2508 460 2566 ὅτι
517 2514 625 2590 φῦς
657 2510 752 2585 μέν
798 2510 909 2566 ἐστι
965 2510 1025 2565 τὸ
1088 2507 1436 2588 Εὖαγγέλιον,
1472 2509 1562 2564 καὶ
1588 2506 1810 2584 δώματα
1840 2504 2045 2581 ὑψηλὰ,

391 2603 443 2659 αἱ
489 2587 595 2656 τῶν
660 2599 974 2657 ἀποστόλων
1031 2597 1238 2675 ὑψηλαὶ
1285 2587 1481 2679 ψυχαί.
1536 2587 1688 2655 υΟσα
1727 2594 1781 2653 δὲ
1812 2600 1858 2653 οἱ
1887 2602 2048 2673 Φαρι-

386 2705 539 2748 σαῖοι
571 2687 935 2765 ἐϐουλεύοντο,
1008 2688 1390 2768 ἐκηρύχθησαν
1437 2686 1680 2765 ὕστερον,
1741 2688 1830 2743 καὶ
1875 2685 2047 2753 ἠκού-

684 1809 807 1862 ταῖς
838 1808 1144 1857 σκοτειναῖς
1187 1793 1336 1870 ὑμῶν
1387 1791 1646 1874 καρδίαις,
1683 1791 2042 1869 ἐμελετήσατε

2137 1787 2190 1848 in
2225 1787 2359 1849 luce
2386 1788 2707 1850 audientur
2729 1798 2787 1851 et
2808 1800 3266 1869 cognoscentur.
3301 1793 3424 1875 Ego
3456 1787 3619 1861 enim
3651 1787 3786 1873 sum

2129 1876 2250 1954 lux,
2278 1884 2333 1940 et
2353 1897 2470 1938 non
2496 1878 2744 1958 potestis
2764 1897 2798 1941 a
2836 1898 2931 1941 me
2953 1882 3263 1958 occultari,
3296 1884 3401 1946 sed
3434 1886 3492 1949 in
3526 1906 3661 1951 meo
3685 1890 3785 1952 lu-

2130 1967 2292 2027 mine
2314 1967 2517 2028 omnia
2547 1967 2934 2030 tenebrarum
2966 1978 3293 2034 vestrarum
3319 1975 3564 2038 consilia
3595 1978 3787 2042 inter-

2131 2065 2481 2151 noscuntur.
2516 2058 2591 2151 Et
2607 2058 2765 2138 quod
2798 2057 2956 2120 inter
2985 2078 3088 2151 vos
3120 2061 3180 2121 in
3204 2079 3379 2124 aures
3406 2065 3786 2151 consultatis,

2127 2143 2207 2207 ita
2232 2145 2375 2206 mihi
2395 2145 2812 2239 cognitumest
2834 2155 2893 2208 et
2914 2148 3208 2239 auditum,
3239 2152 3490 2231 perinde
3520 2174 3588 2218 ac
3607 2143 3791 2239 super

2129 2252 2363 2296 summa
2388 2244 2536 2294 tecta
2559 2235 2945 2315 praadicatum
2969 2237 3199 2301 fuisset.
3226 2239 3455 2304 Poteris
3474 2235 3791 2309 autemilla

2129 2324 2305 2385 etiam
2342 2323 2428 2385 sic
2459 2324 2820 2403 intelligere,
2856 2326 3013 2407 quod
3047 2327 3144 2390 lux
3184 2329 3261 2390 sit
3289 2329 3697 2412 Evangelium,
3731 2344 3794 2399 et

2135 2421 2289 2475 tecta
2313 2431 2548 2473 summa
2569 2414 2972 2493 apostolorum
2990 2434 3241 2479 summa:
3261 2421 3792 2495 animieQuaacun-

2135 2520 2249 2584 que
2281 2510 2479 2563 autem
2522 2502 2804 2564 Pharisaei
2837 2504 3273 2590 consultarunt,
3306 2510 3620 2589 praedicata
3653 2523 3793 2577 sunt

2136 2598 2432 2684 postea-et
2459 2592 2659 2684 audita
2687 2592 2748 2654 in
2782 2593 3008 2655 lumine
3033 2594 3358 2677 Evangelii,
3385 2608 3578 2664 stante
3608 2621 3791 2684 super

2132 2681 2490 2763 apostolicas
2520 2683 2747 2744 animas
2790 2699 3002 2762 magno
3034 2686 3423 2765 praedicatore
3454 2681 3707 2772 Spiritu:

394 2784 598 2847 σθησαν
655 2779 709 2835 ἐν
751 2785 829 2854 τῷ
886 2780 1018 2857 φωτὶ
1074 2784 1168 2834 τοῦ
1225 2776 1570 2857 Εύαγγελίου,
1632 2776 1717 2834 ἐπὶ
1768 2773 2299 2855 τῶνὺἀποστολικῶν
2359 2777 2552 2852 ψυχῶν
2609 2774 2893 2849 ἱσταμένου
2953 2782 3045 2833 τοῦ
3102 2777 3340 2855 μεγάλου
3396 2783 3629 2860 κήρυκος
3700 2793 3793 2844 τοῦ

393 2870 700 2943 Πνεύματος
711 2919 725 2931 ,

477 2980 513 3020 ς
542 2960 695 3038 Λέγω
723 2958 777 3017 δὲ
807 2960 937 3033 ὑμῖν
963 2973 1079 3021 τοῖς
1128 2958 1298 3039 φίλοις
1329 2956 1569 3036 μου,’μὴ
1616 2954 1886 3035 φοϐηθῆτε
1946 2954 2051 3009 ἀπὸ

389 3057 495 3107 τῶν
553 3049 979 3109 ἀποκτεινόντων
1037 3051 1097 3104 τὸ
1150 3054 1331 3123 σῶμα,
1405 3070 1496 3124 καὶ
1552 3048 1692 3122 μετά
1748 3050 1911 3101 ταῦτα
1973 3066 2051 3117 μη

2218 2953 2413 3045 Vsus
2439 2953 2643 3045 Λέλεξ
2667 2951 2821 3045 Dico
2841 2961 3041 3045 autem
3078 2955 3244 3045 vobis
3272 2960 3481 3020 amIcis
3510 2964 3683 3045 meis,
3716 2982 3794 3026 ne

2135 3040 2482 3133 terreamini
2666 3041 2739 3102 ab
2765 3042 2859 3133 his
2885 3042 2990 3122 qui
3019 3043 3304 3133 occidunt
3330 3062 3646 3131 corpus,et
3663 3040 3796 3133 post

385 3140 629 3221 ἒχόντων
674 3139 1050 3219 περισσότερόν
1105 3160 1156 3194 τι
1213 3142 1462 3205 ποιῆσαι,
1529 3128 1812 3199 ’Υπύδείξω
1834 3130 1889 3189 δὲ
1922 3134 2048 3207 ὑμῖν

2137 3131 2260 3191 haec
2296 3148 2411 3191 non
2443 3129 2662 3221 habent
2692 3131 2847 3221 quod
2891 3132 3149 3212 amplius
3180 3132 3419 3201 faciant.
3465 3128 3792 3204 Ostendam

385 3231 499 3288 τίνα
556 3228 855 3308 φοϐηθῆτε,
912 3227 1196 3297 “neiis:
1246 3229 1338 3284 τὸν
1399 3227 1534 3302 μετά
1588 3227 1651 3281 τὸ
1700 3222 2046 3296 ἀποκτεῖναι,

385 3316 624 3387 ἐξουσίαν
691 3320 895 3400 ἔχοντα
942 3315 1199 3393 ἔμϐαλεῖν
1258 3318 1330 3380 εἷς
1362 3316 1462 3383 τὴν
1491 3313 1731 3395 γέενναν.
1768 3312 1884 3400 Ναὶ,
1908 3309 2052 3389 λέγω

382 3412 536 3485 ὑμῖν,
586 3399 772 3466 τοῦτον
806 3404 1106 3489 φοϐηθῆτε.
1146 3407 1283 3489 Οὗχὶ
1313 3405 1472 3462 πέντε
1502 3402 1743 3483 στρουθία
1786 3399 2051 3489 πωλεῖται

384 3499 649 3578 ἀσσαρίων
692 3488 829 3578 δύο,
888 3498 986 3556 Καὶ
1044 3496 1101 3554 ’ἐν
1161 3494 1217 3563 ἔξ
1258 3488 1435 3555 αὐτῶν
1491 3492 1587 3550 οὒκ
1614 3492 1757 3549 ἔστιν
1789 3488 2051 3555 ἐπιλελη-

385 3587 579 3665 σμένον
636 3590 864 3644 ἓνωπιον
918 3593 1011 3643 τοῦ
1070 3592 1225 3666 Θεοῦ,
1271 3582 1411 3645 ἀλλά
1471 3585 1558 3639 καὶ
1616 3583 1669 3639 αἱ
1715 3582 1896 3661 τρίχες
1951 3580 2052 3645 τῆς

381 3676 623 3758 κεφαλῆς
682 3678 831 3753 ὑμῶν
862 3681 1028 3733 πᾶσαι
1087 3675 1439 3754 ἠρίθμηνται,
1492 3673 1584 3741 Μὴ
1625 3675 1714 3729 οὖν
1770 3667 2047 3751 φοϐεῖσθε,

385 3765 604 3824 πολλῶν
648 3766 931 3845 στρουθίων
973 3763 1269 3846 διαφέρετε.
1319 3786 1345 3822 ι
1395 3760 1621 3832 Ἐπειδῆ
1674 3764 1775 3829 τῆς
1828 3759 2050 3837 ὑποκρί-

383 3879 522 3921 σεως
578 3856 683 3915 τῶν
741 3856 1046 3935 Φάρισαίων
1102 3854 1478 3933 κατηγόρησεν
1557 3854 1587 3910 δ
1647 3852 1859 3930 Κύριος,
1964 3850 2051 3903 καὶ

388 3947 692 4014 ἀπέστησεν
748 3946 913 4013 αὐτῆς
984 3945 1105 4007 τοὺς
1164 3948 1325 4003 αὒτοῦ
1378 3942 1645 4018 μαθητὰς,
1706 3942 1794 3999 καὶ
1865 3937 1919 3993 ἐν
1973 3943 2052 4012 τῷ

388 4037 539 4113 μέσῳ
593 4033 871 4129 ὃὲήπάλιν
911 4035 1035 4099 τοὺς
1065 4032 1382 4112 Φαρισαίους
1428 4030 1629 4099 ἕπλητε
1673 4028 1757 4087 διὰ
1801 4036 1892 4087 τοῦ
1952 4026 2047 4083 λέ-

387 4148 505 4207 γειν
540 4145 556 4162 ο
597 4150 621 4181 ιι
663 4116 742 4184 υΟ
776 4125 969 4183 εἴπατε
1001 4124 1055 4181 ὲν
1104 4129 1174 4201 τῇ
1210 4124 1419 4197 σκοτίᾳ,
1447 4122 1831 4192 ἀκουσθήσεται
1875 4119 1930 4175 ἐν
1973 4119 2049 4192 τῷ

389 4217 550 4297 φωτὶ,
601 4239 625 4274 ιι
688 4223 777 4272 νῦν
832 4216 965 4290 πρὸς
1019 4214 1141 4279 τοὺς
1203 4211 1383 4293 φίλους
1427 4213 1584 4269 αὐτοῦ
1632 4212 1699 4268 τὰ
1747 4209 2048 4288 τελειότερα

385 4305 711 4385 διαλέγεται.
772 4305 876 4370 Τὰς
936 4305 1037 4384 γὰρ
1090 4304 1319 4367 ἀκάνθας
1390 4300 1585 4368 ἒξελὼν
1635 4298 1764 4371 ἤδη,
1837 4300 2043 4377 σπείρει

382 4399 447 4454 τὸ
506 4397 701 4476 ἀγαθὸν
760 4393 996 4474 σπέρμα,
1042 4393 1198 4473 Λέγω
1255 4390 1311 4449 δὲ
1359 4393 1491 4467 ὑμῖν
1521 4403 1639 4453 τοῖς
1671 4390 1844 4470 φίλοις
1899 4410 2000 4464 μου
2028 4406 2043 4422 ·

2134 3226 2332 3282 autem
2366 3219 2537 3311 vobis
2565 3238 2741 3298 quem
2774 3220 3056 3311 timentis.
3088 3221 3320 3286 Timete
3343 3244 3478 3289 eum
3501 3230 3601 3311 qui
3624 3240 3792 3311 post-

2136 3327 2317 3390 quam
2362 3309 2669 3384 occiderit,
2704 3309 2884 3372 habet
2934 3320 3283 3391 potestatem
3334 3309 3703 3398 conjiciendi
3732 3323 3795 3385 in

2136 3399 2495 3478 gehennam.
2533 3399 2708 3461 Certe
2739 3398 2874 3460 dico
2907 3400 3099 3475 vobis,
3126 3401 3284 3464 hunc
3308 3404 3538 3471 timete.
3577 3413 3795 3476 Nonne

2137 3488 2399 3569 quinque
2432 3488 2763 3570 passerculi
2801 3498 3058 3551 veneunt
3090 3491 3333 3554 minutis
3364 3496 3600 3560 assibus
3630 3499 3790 3565 duo-

2136 3577 2299 3640 bus?
2333 3586 2392 3638 et
2423 3597 2579 3639 unus
2608 3596 2677 3640 ex
2709 3579 2828 3640 illis
2861 3598 2979 3640 non
3012 3589 3102 3641 est
3151 3581 3211 3642 in
3258 3582 3557 3650 oblivione
3582 3607 3791 3654 coram

2135 3666 2281 3732 Deo.
2312 3666 2463 3740 Quin
2496 3677 2554 3730 et
2577 3668 2779 3749 capilli
2809 3669 3021 3749 capitis
3058 3673 3235 3732 vestri
3265 3691 3476 3737 omnes
3498 3680 3794 3743 numerati

2136 3766 2275 3850 sunt
2300 3781 2313 3816 :
2351 3758 2534 3819 nolite
2556 3758 2939 3850 ergo_timere
2966 3779 2979 3822 :
3016 3761 3219 3822 multis
3243 3765 3585 3842 passeribus
3608 3768 3797 3850 pluris

2136 3847 2300 3908 estis.
2315 3872 2337 3903 ι
2352 3850 2667 3928 Postquam
2692 3847 2983 3910 Dominus
3000 3850 3339 3931 hypocrisin
3359 3847 3796 3922 Pharisaeorum

2132 3937 2450 4010 accusavit,
2486 3947 2544 3998 et
2566 3937 2894 4018 discipulos
2941 3958 3081 4001 suos
3126 3940 3201 4002 ab
3251 3942 3351 4004 illa
3390 3945 3705 4023 deterruit,
3737 3958 3798 4014 et

2135 4026 2373 4120 interim
2396 4027 2723 4120 Pharisaeos
2738 4028 2959 4120 iterum
2986 4033 3342 4109 perstrinxit
3376 4054 3482 4115 per
3503 4037 3617 4099 hoc
3639 4039 3800 4120 quod

2132 4116 2317 4178 dixit:
2364 4139 2386 4172 ε
2424 4115 2591 4189 Quod
2624 4116 2864 4179 dixistis
2890 4120 2949 4179 in
2985 4120 3275 4192 tenebris,
3314 4125 3595 4190 audietur
3624 4115 3685 4190 in
3718 4128 3784 4191 lu

2134 4207 2295 4297 mine
2330 4225 2367 4297 εΔ
2385 4231 2409 4262 n
2449 4225 2605 4297 nunc
2626 4207 2698 4268 ad
2717 4207 2941 4269 amicos
2964 4227 3105 4270 suos
3123 4212 3481 4290 perfectiora
3504 4217 3789 4297 loquitur.

2131 4294 2243 4358 Ubi
2273 4295 2434 4357 enim
2467 4295 2669 4376 spinas
2709 4299 2997 4374 exsecuit,
3042 4301 3167 4380 jam
3220 4310 3277 4363 et
3322 4301 3544 4365 bonum
3580 4294 3790 4371 semen

2128 4388 2401 4448 seminat.
2438 4385 2580 4448 Dico
2612 4394 2808 4448 autem
2843 4388 3011 4450 vobis
3049 4389 3260 4452 amicis
3300 4394 3475 4456 meis.
3512 4397 3597 4458 Ea
3624 4398 3784 4461 enim

380 4487 450 4544 τὰ
509 4488 609 4567 γὰρ
664 4485 923 4565 πρότερον
982 4483 1250 4563 λεγόμενα
1334 4486 1393 4541 οὒ
1447 4482 1582 4561 πρὸς
1637 4480 1826 4543 αὖτοὺς
1881 4480 2039 4557 ἦσαν,

2137 4494 2262 4567 qua;
2290 4476 2452 4567 prius
2471 4476 2725 4567 dixerat,
2760 4497 2875 4539 non
2906 4479 2977 4540 ad
3012 4479 3197 4560 ipsos,
3222 4481 3325 4543 sed
3353 4483 3426 4544 ad
3450 4485 3792 4549 Pharismos

387 4574 528 4632 ἀλλά
579 4576 710 4655 πρὸς
764 4575 887 4638 τοὺς
944 4572 1262 4653 Φαρισαίους
1296 4590 1313 4610 ·
1360 4572 1491 4648 ὑμῖν
1522 4570 1614 4627 οὖν
1634 4568 1777 4648 λέγω
1806 4583 1924 4632 τοῖς
1953 4592 2047 4647 φι-

386 4666 504 4730 λοις
551 4680 675 4742 μου⁶
724 4666 784 4722 οὗ
811 4669 945 4721 πᾶσι
980 4663 1082 4743 γὰρ
1113 4661 1329 4741 ἁρμόζει
1374 4664 1401 4717 ὁ
1442 4659 1603 4740 λόγος
1634 4662 1812 4734 οὗτος,
1845 4656 1966 4715 ἀλλ’
1997 4670 2052 4715 οῖ

383 4754 439 4821 εξ
470 4754 600 4823 ὅλης
630 4756 819 4835 ψυχῆς
872 4752 1163 4833 ἠγάπησαν
1214 4753 1394 4827 αὒτὸν,
1442 4752 1530 4807 καὶ
1572 4752 1625 4808 οἳ
1670 4747 1912 4806 δύνανται
1957 4747 2051 4804 λέ·-

388 4866 504 4925 γειν
538 4863 549 4876 ·
600 4845 692 4910 Τίς
733 4845 881 4919 ἡμᾶς
914 4842 1136 4923 χωρίσει
1180 4841 1286 4898 ἀπὸ
1328 4840 1425 4909 τῆς
1485 4840 1703 4917 ἀγάπης
1747 4841 1841 4895 τοῦ
1871 4846 2003 4896 Θεοῦ
2040 4854 2056 4902 ς

387 4940 518 4999 Τοῖς
569 4934 834 4998 τοιούτοις
891 4932 1110 5013 ἁρμόζει
1166 4932 1300 4999 αὕτη
1355 4932 1390 4998 ἡ
1437 4930 1771 5009 παραίνεσις.
1822 4929 1911 4995 Μὴ
1955 4950 2055 5006 φο-

387 5022 616 5099 ϐηθῆτε,
678 5024 862 5104 φησὶν,
895 5022 1002 5079 ἀπὸ
1030 5028 1138 5079 τῶν
1170 5021 1593 5079 ἀποκτεινόντων
1643 5020 1704 5076 τὸ
1758 5018 1935 5094 σῶμα,
1974 5018 2059 5073 καὶ

387 5113 557 5192 μηδὲν
600 5114 792 5171 τούτου
823 5110 986 5169 πλέον
1017 5110 1274 5189 βλάπτειν
1332 5110 1596 5192 ἐχόντων.
1665 5110 1751 5172 Εἰς
1803 5108 1904 5187 γάρ
1962 5131 2055 5181 μι-

387 5206 514 5284 κρὸν
544 5206 579 5274 ἡ
623 5202 715 5284 ἀφ’
770 5203 943 5259 αὐτῶν
968 5203 1135 5277 ζημία
1177 5201 1534 5280 περιίσταται,
1584 5203 1739 5274 σῶμα
1783 5197 2056 5275 βλαπτόν-

388 5315 521 5375 των,
583 5296 611 5351 ὃ
655 5295 716 5349 τὸ
761 5293 961 5348 οἰκεῖον
1006 5291 1268 5365 πείσεται,
1315 5289 1415 5346 κᾶν
1475 5289 1618 5347 αὐτοὶ
1648 5288 1724 5363 μὴ
1758 5288 2055 5369 βλάψωσιν.

2131 4565 2290 4628 dicta
2320 4565 2554 4627 fuerant
2611 4566 2794 4630 Vobis
2824 4568 3003 4646 igitur
3029 4568 3162 4632 dico
3204 4571 3415 4636 amicis
3444 4575 3621 4641 meis.
3654 4574 3789 4639 Non

2137 4655 2295 4718 enim
2331 4654 2621 4747 omnibus
2640 4674 2836 4719 sermo
2869 4659 2970 4719 ille
3002 4660 3296 4740 congruit,
3330 4662 3435 4724 sed
3468 4665 3561 4726 his
3593 4666 3697 4747 qui
3727 4685 3800 4730 ex

2142 4753 2263 4806 toto
2308 4745 2489 4806 corde
2520 4745 2774 4825 diligunt
2805 4757 2862 4809 et
2913 4748 3119 4811 dicere
3163 4761 3449 4830 possunt:
3499 4745 3643 4826 Quis
3690 4774 3799 4818 nos

2141 4833 2442 4916 separalit
2488 4853 2523 4896 a
2581 4835 2903 4899 dilectione
2947 4838 3291 4903 Christi-"I3?
3344 4840 3588 4907 Talibus
3635 4845 3796 4909 enim

2139 4924 2468 5016 admonitio
2500 4924 2599 4987 illa
2631 4929 2928 4991 convenit.
2961 4927 3048 4991 Ne
3066 4931 3341 5006 timeatis,
3369 4933 3587 5016 inquit,
3614 4934 3799 4997 abhis

2140 5014 2241 5096 qui
2273 5013 2551 5107 occidunt
2580 5035 2821 5098 corpus,
2857 5027 2914 5080 et
2943 5019 3093 5081 nihil
3123 5020 3381 5102 amplius
3410 5013 3625 5087 nocere
3649 5044 3791 5107 pos-

2140 5113 2297 5167 sunt.
2334 5106 2582 5197 Parvum
2616 5106 2775 5168 enim
2820 5108 3100 5170 damnum
3133 5109 3206 5171 ab
3253 5110 3373 5172 illis
3402 5106 3665 5190 eveniat,
3692 5115 3797 5197 qui

2143 5194 2377 5275 corpori
2411 5204 2649 5276 nocent,
2670 5197 2829 5277 quod
2851 5198 3072 5280 alioqui
3105 5218 3417 5280 passurum
3434 5194 3800 5281 esset,etiam

2144 5286 2263 5347 illis
2299 5302 2419 5375 non
2450 5284 2805 5375 laedentibus
2862 5288 2968 5350 Ille
2994 5298 3192 5350 autem
3231 5290 3447 5370 dignus
3482 5294 3582 5375 qui
3618 5296 3801 5359 time-

393 5373 641 5442 Ἐκεῖνον
695 5380 751 5439 δὲ
783 5379 923 5447 ἄξιον
956 5379 1231 5461 φοϐεῖσθαι
1261 5382 1353 5437 τὸν
1412 5379 1472 5435 οὗ
1513 5379 1676 5455 μόνον
1705 5384 1862 5453 σῶμα
1890 5375 2048 5434 κολά-

2144 5384 2298 5456 atur,
2323 5373 2425 5455 qui
2459 5392 2574 5434 non
2600 5374 2791 5436 solum
2822 5396 3038 5459 corpus
3069 5379 3259 5459 punit,
3294 5381 3401 5443 sed
3426 5373 3797 5460 etianhram,

390 5482 573 5554 ζοντα,
606 5471 746 5530 ἀλλὰ
790 5472 876 5527 καὶ
907 5474 1119 5551 ψυχὴν,
1146 5473 1210 5528 τὸ
1239 5470 1499 5561 ἀθάνατον
1530 5472 1723 5549 χρῆμα
1753 5466 2048 5525 ἀνθανάτοιε

2147 5463 2544 5528 immortalem
2577 5469 3042 5546 possessionem,
3091 5468 3530 5537 immortalibus
3557 5474 3800 5558 subjicit

475 5634 532 5687 5’
565 5633 711 5697 Rom
774 5648 901 5706 VIII,
944 5633 1044 5694 35.
