4202 6418
498 346 620 413 879

1465 351 2063 418 THEOPHYLACTI
2107 353 2520 419 BULGARI/E
2563 356 2919 422 ARCHIEP.

3769 356 3889 421 880

502 493 721 574 pcenis,
764 492 958 575 iisque
1002 493 1368 556 ardentibus.
1425 495 1630 577 Itaque
1680 499 1739 559 in
1788 498 2134 579 spiritualen

2218 490 2613 551 ,ὑποϐάλλοντα
2700 497 3003 575 τιμωρίαις,
3075 498 3162 554 καὶ
3233 481 3457 561 ταύταις.
3511 494 3563 551 ἰν
3633 496 3776 573 πυρί,
3819 495 3891 556 εἷς

502 582 912 648 fortitudinem
941 582 1112 664 ungit
1153 592 1212 645 et
1237 595 1530 666 praeparat
1558 586 1782 650 amicos
1812 607 1954 651 suos
1982 590 2156 653 Chri-

502 682 650 749 stus,
687 681 1157 752 testesque;suos
1186 672 1344 749 facit,
1377 692 1446 736 ac
1489 674 1751 737 humano
1785 686 1941 738 metu
1975 679 2152 740 exuit.

498 761 786 826 Homines
816 763 1003 839 enim,
1038 762 1254 844 inquit,
1291 764 1438 826 iram
1471 782 1638 826 suam
1670 764 1823 827 ultra
1852 768 2155 847 corrupti-

499 852 623 917 bile
656 872 875 934 corpus
903 852 1228 915 extendere
1259 861 1586 935 nequeunt,
1621 855 1875 936 ﬁnisque
1910 856 2153 918 insidia-

499 956 630 1005 rum
663 940 903 1004 illorum
930 949 1140 1004 contra
1161 959 1275 1004 nos
1298 950 1494 1005 carnis
1513 962 1674 1006 mors
1687 944 1929 1008 est.Deo
1950 953 2149 1008 autem

498 1033 808 1114 puniente,
844 1051 965 1094 non
1014 1032 1213 1094 carnis
1243 1031 1436 1093 solum
1486 1032 1771 1095 damnum
1804 1044 1914 1115 est,
1959 1035 2063 1098 sed
2096 1045 2155 1098 et

498 1124 719 1184 misera
761 1122 961 1185 anima
991 1139 1127 1183 cum
1169 1120 1486 1202 suppliciis
1526 1121 1705 1187 vadit.
1741 1124 1909 1187 Scito
1953 1132 2152 1187 autem

495 1212 612 1274 hoc
638 1211 796 1289 loco,
832 1211 990 1293 quod
1044 1209 1459 1293 peccatoribus
1489 1230 1652 1274 mors
1694 1212 1766 1274 ad
1799 1213 2157 1296 supplicium

497 1303 778 1371 infertur.
810 1314 869 1365 et
900 1302 959 1363 in
986 1301 1096 1363 hac
1127 1300 1245 1363 vita
1265 1301 1590 1382 puniuntur
1610 1318 1743 1364 cum
1769 1304 2154 1379 occiduntur,

495 1401 553 1455 et
582 1394 644 1455 in
674 1392 792 1454 alia
810 1392 952 1454 dum
974 1391 1037 1453 in
1060 1390 1396 1472 gehennam
1416 1392 1841 1472 conjiciuntur.
1862 1394 2155 1456 Persem-

495 1492 630 1545 tans
660 1490 860 1545 autem
893 1480 1165 1562 verbum,
1219 1479 1397 1543 etiam
1443 1480 1602 1542 aliud
1651 1482 1934 1562 quiddam
1979 1482 2153 1545 simul

495 1571 821 1652 intelliges.
857 1570 1040 1633 Vides
1090 1570 1248 1631 enim
1282 1568 1438 1651 quod
1482 1589 1602 1631 non
1644 1571 1832 1632 dixit:
1880 1571 2155 1635 Metuatis

494 1681 655 1736 eum,
690 1662 793 1745 qui
816 1673 1131 1743 postquam
1156 1658 1465 1733 occiderit,
1497 1660 1674 1721 mittit
1694 1661 1756 1721 in
1789 1661 2149 1740 gehennam,

2241 580 2449 661 ἀνδρίαν
2509 584 2596 641 οὖν
2653 588 3017 658 πνευματικὴν
3063 586 3263 667 ἀλείφει
3308 587 3431 649 τοὺς
3493 588 3652 644 αὐτοῦ
3711 582 3890 662 φίλους

2239 673 2267 727 ὁ
2326 676 2576 754 Χριστὸς,
2633 675 2899 755 μάρτυρας
2956 677 3145 740 αὐτοὺς
3203 677 3576 755 ἐργαζόμενος,
3659 676 3746 730 καὶ
3801 676 3891 729 τὸν

2238 766 2345 817 τῶι
2388 762 2677 841 ἀνθρώπων
2722 762 2883 846 φόϐον
2941 764 3037 821 ἀπ’
3094 769 3265 825 αὐτῶν
3295 761 3592 823 εκϐάλλων.
3634 760 3886 839 ’Ἄνθρω-

2237 873 2329 908 ποι
2359 853 2485 932 γὰρ,
2518 854 2673 934 φησὶ,
2731 853 2895 935 μέχρι
2946 864 3039 912 τοῦ
3080 853 3307 934 φθαρτοῦ
3333 854 3579 929 σώματος
3608 851 3886 911 ἐκτείνωσι

2236 940 2330 1003 τὰς
2364 943 2548 1023 ὀργὰς,
2582 944 2671 999 καὶ
2699 943 2863 1022 πέρας
2895 945 3067 1000 αὐτῶν
3105 944 3203 1011 τῆς
3246 940 3363 999 καθ’
3407 945 3562 1017 ἡμῶν
3606 936 3887 1004 ἐπιϐουλῆς

2236 1032 2264 1086 ὃ
2314 1036 2416 1099 τῆς
2474 1034 2670 1113 σαρκὸς
2710 1034 2933 1096 θάνατος
2966 1048 2980 1062 '
3018 1039 3150 1090 Θεοῦ
3180 1030 3232 1088 δὲ
3263 1031 3605 1109 κολάζοντος,
3640 1032 3699 1087 οὗ
3728 1027 3887 1107 μέχρι

2237 1121 2412 1196 μόνης
2440 1124 2639 1201 σαρκὸς
2682 1124 2716 1191 ἡ
2745 1123 2912 1199 ζημία
2956 1125 3233 1202 στήσεται,
3289 1120 3425 1178 ἀλλὰ
3466 1123 3554 1177 καὶ
3584 1120 3718 1186 αὒτὴ
3762 1141 3887 1175 συν-

2239 1213 2499 1290 υπάγεται
2557 1226 2681 1277 ταῖς
2750 1214 2942 1278 αἰκίαις
2986 1215 3020 1281 ἡ
3063 1210 3213 1269 ἀθλία
3257 1213 3432 1292 ψυχή,
3482 1212 3791 1286 Σημείωσαι
3833 1206 3887 1264 δὲ

2240 1301 2497 1375 ἐντεῦθεν,
2557 1301 2635 1359 ὅτι
2692 1315 2810 1366 τοῖς
2855 1300 3195 1378 ἁμαρτωλοῖς
3226 1304 3254 1358 ὁ
3301 1302 3521 1366 Θάνατος
3552 1301 3683 1378 πρὸς
3713 1320 3886 1373 τιμω-

2239 1392 2354 1471 ρίαν
2410 1391 2689 1470 ἐπάγεται,
2747 1392 3008 1449 κάνταῦθα
3057 1390 3433 1466 κολαζομένοις
3490 1388 3574 1446 διὰ
3608 1398 3699 1448 τοῦ
3756 1391 3887 1444 απο-

2239 1481 2554 1558 κτείνεσθαι,
2616 1482 2837 1538 κάκεῖσε
2887 1484 3024 1557 μετὰ
3081 1492 3245 1541 ταῦτα
3303 1483 3377 1545 εἷς
3427 1480 3643 1561 γέενναν
3692 1476 3887 1554 ἐμϐαλ-

2236 1570 2507 1647 λομένοις.
2566 1570 2859 1643 Ἐξετάζων
2941 1569 2996 1627 δὲ
3074 1571 3172 1638 τὴν
3246 1569 3407 1643 λέξιν,
3473 1571 3556 1626 καὶ
3608 1592 3655 1625 τι
3710 1568 3886 1647 ἕτερον

2236 1661 2529 1731 ἐννοήσεις,
2566 1651 2713 1741 υΟρα
2744 1662 2844 1740 γὰρ
2872 1660 2953 1718 ὅτι
2984 1664 3076 1718 οῦκ
3103 1662 3226 1717 εἷπε
3265 1676 3278 1691 ⁸
3312 1658 3594 1730 Φοϐήθητε
3630 1660 3720 1716 τὸν
3751 1660 3882 1733 μετὰ

492 1751 617 1829 sed,
668 1751 990 1814 habentem
1035 1753 1391 1830 potestatem
1446 1748 1742 1813 mittendi.
1800 1751 1934 1813 Non
1989 1754 2134 1811 enin

2232 1752 2296 1805 τὸ
2340 1749 2659 1807 ἀποκτεῖναι
2717 1748 2984 1825 βάλλοντα
3041 1751 3113 1812 εἰς
3145 1751 3242 1817 τὴν
3271 1750 3509 1828 γέενναν,
3545 1745 3687 1822 ἁλλ’,
3732 1745 3879 1811 ἐξου-

490 1861 733 1925 semper
760 1841 865 1924 qui
923 1840 1258 1902 moriuntur
1316 1848 1685 1921 peccatores,
1729 1841 2043 1905 mittuntur
2069 1844 2147 1923 {in

487 1933 849 2013 gehennam,
884 1930 989 1993 sed
1038 1936 1178 1991 sunt
1228 1928 1289 1991 in
1347 1935 1642 2009 potestate
1684 1932 1817 2007 Dei,
1859 1940 1923 1994 ut
1966 1933 2145 1997 etiam

488 2022 707 2085 dimitti
737 2020 990 2105 possint.
1015 2017 1143 2081 Hoc
1159 2026 1359 2081 autem
1393 2018 1527 2081 dico
1550 2028 1795 2101 propter
1815 2021 2147 2087 oblationes

487 2123 544 2174 et
572 2111 1023 2175 distributiones
1052 2126 1184 2190 quae
1204 2108 1352 2170 ﬁunt
1384 2128 1489 2189 pro
1513 2109 1834 2185 defunctis,
1863 2130 1996 2193 quae
2024 2132 2144 2176 non

483 2220 693 2284 parum
735 2200 1082 2263 conducunt
1114 2197 1293 2284 etiam
1326 2197 1419 2259 his
1449 2197 1551 2279 qui
1593 2198 1651 2259 in
1685 2200 1964 2278 gravibus
1996 2221 2143 2284 pec-

484 2283 631 2354 catis
663 2290 883 2353 mortui
915 2296 1076 2350 sunt.
1126 2283 1258 2349 Non
1309 2287 1553 2348 omnino
1605 2289 1787 2366 igitur
1829 2283 2141 2373 postquam

487 2380 708 2443 occidit
739 2378 915 2440 mittit
941 2380 999 2438 in
1032 2376 1391 2457 gehennam,
1427 2377 1531 2437 sed
1577 2386 1931 2457 potestatem
1964 2380 2145 2445 habet

491 2468 796 2533 mittendi.
828 2471 922 2533 Ne
954 2467 1128 2545 igitur
1160 2482 1465 2527 cessemus
1494 2484 1605 2546 per
1647 2467 2052 2551 eleemosynas
2085 2481 2145 2533 et

487 2562 954 2626 intercessiones
987 2560 1301 2642 prOpitium
1330 2560 1587 2621 reddere
1627 2580 1762 2623 eum
1802 2564 1904 2645 qui
1934 2574 2140 2643 potes-

485 2660 664 2713 tatem
698 2647 1194 2723 habetmittendi,
1222 2666 1340 2708 non
1363 2658 1817 2728 semperautem
1854 2660 2139 2731 potestate

480 2742 592 2804 hac
613 2750 901 2814 utentem,
931 2740 1036 2801 sed
1063 2747 1122 2800 et
1146 2737 1443 2799 valentem
1474 2740 1612 2799 367
1637 2741 1949 2805 remittere
1969 2742 2140 2823 quid-

475 2833 634 2896 dam.
663 2829 951 2904 Quoniam
988 2836 1185 2889 autem
1218 2827 1389 2889 multi
1421 2838 1627 2909 putant
1672 2832 1999 2894 morientes
2031 2851 2135 2911 pro

473 2922 773 2984 veritatea
796 2918 917 2980 Deo
949 2917 1272 2979 derelictos
1300 2936 1315 2980 :
1348 2919 1438 2981 Ne
1472 2920 1585 2981 hoc
1619 2920 1974 2983 existimetis
2006 2940 2132 3002 vos,

456 3007 666 3092 inquit
693 3030 710 3086 ;
745 3028 863 3070 non
895 3007 1055 3069 enim
1088 3008 1433 3069 moriemini
1451 3009 1620 3090 quasi
1651 3029 1686 3071 a
1716 3029 1812 3072 me
1830 3011 2130 3075 derelicti.

470 3100 533 3163 Si
563 3100 724 3161 enim
766 3098 966 3160 nullus
998 3115 1067 3157 ex
1112 3098 1473 3177 passerculis
1517 3100 1621 3179 qui
1673 3100 2031 3174 venduntur,
2066 3102 2129 3163 in

2232 1840 2348 1895 σίαν
2392 1838 2590 1921 ἔχοντα
2619 1839 2832 1918 βαλεῖν,
2886 1842 2958 1898 Οὔ
3008 1842 3108 1919 γὰρ
3141 1839 3353 1903 πάντως
3384 1841 3431 1895 οἱ
3460 1839 3881 1909 ἀποθνήσκοντες

2229 1928 2537 2007 ἁμαρτωλοὶ
2594 1928 2878 2006 βάλλονται
2938 1931 3010 1993 είς
3067 1930 3168 1997 τὴν
3223 1929 3464 2007 γέενναν,
3521 1927 3639 1984 ἀλλ’
3704 1927 3757 1983 ἰν
3814 1934 3883 2004 τῇ

2228 2018 2433 2092 ἐξοτσίᾳ
2473 2032 2652 2076 κεῖται
2682 2027 2834 2076 τοῦτο
2892 2027 2984 2076 τοῦ
3026 2026 3181 2091 Θεοῦ,
3234 2018 3372 2076 ὥστε
3414 2020 3503 2075 καὶ
3541 2019 3601 2074 τὸ
3656 2018 3880 2096 συγχώ-

2227 2122 2363 2185 ρεῖν,
2426 2118 2591 2167 Τοῦτο
2635 2107 2690 2163 δὲ
2733 2106 2877 2186 λέγω
2909 2106 2994 2164 διὰ
3047 2110 3141 2171 τὰς
3184 2110 3272 2165 hri
3305 2121 3423 2171 τοῖς
3468 2108 3878 2182 κεκοιμημένοις

2225 2198 2518 2277 γενομένας
2575 2200 2877 2278 προσφορὰς
2928 2199 3018 2254 καὶ
3061 2201 3157 2262 τὰς
3209 2196 3490 2267 διαδόσεις,
3541 2200 3601 2253 αἲ
3629 2198 3687 2253 οὑ
3716 2199 3876 2273 μικρὰ

2226 2286 2532 2348 συντελοῦσι
2592 2302 2709 2347 τοῖς
2766 2290 2855 2344 καὶ
2911 2288 2965 2343 ἓν
3039 2290 3317 2367 ἁμαρτίαις
3377 2288 3611 2366 βαρείαις
3669 2286 3873 2343 αποθα-

2225 2377 2422 2439 νοῦσιν.
2458 2380 2531 2436 Οὔ
2557 2379 2770 2441 πάντως
2814 2380 2901 2434 οὖν
2935 2380 3069 2452 μετὰ
3114 2381 3175 2434 τὸ
3228 2378 3542 2434 ἀποκτεῖναι
3573 2374 3756 2452 βάλλει
3799 2378 3872 2439 εἰς

2224 2469 2325 2533 τὴν
2382 2467 2623 2547 γέενναν,
2685 2465 2804 2524 ἀλλ’
2853 2467 3087 2533 ἐξουσίαν
3152 2467 3267 2547 ἔχει
3325 2466 3531 2544 βαλεῖν.
3585 2466 3671 2533 Μὴ
3706 2466 3873 2522 τοίνυν

2224 2556 2555 2634 ὲλλείψωμεν
2609 2560 2797 2632 ἡμεῖς,
2849 2555 3229 2628 σπουδάζοντες
3270 2554 3337 2613 δι’
3369 2555 3743 2631 ἐλεημοσυνῶν
3785 2558 3870 2612 καὶ

2223 2645 2515 2726 πρεσϐειῶν
2576 2646 2896 2712 ἒξιλεοῦσθαι
2951 2648 3043 2704 τὸν
3100 2648 3338 2726 ἐρουσίαν
3381 2647 3479 2722 μὲν
3524 2645 3718 2725 ἔχοντα
3763 2646 3866 2722 βα-

2219 2737 2362 2818 λεῖν,
2425 2739 2485 2795 οὖ
2541 2739 2754 2802 πάντως
2825 2739 2913 2794 καὶ
2969 2744 3037 2815 τῇ
3086 2736 3288 2811 ἐξουσίᾳ
3343 2739 3505 2814 ταύτῃ
3562 2738 3863 2818 χρώμενον,

2218 2826 2355 2883 ἀλλὰ
2402 2832 2491 2884 καὶ
2544 2841 2851 2908 συγχωρεῖν
2908 2827 3219 2903 δυνάμενον,
3267 2827 3417 2885 Ἐπεὶ
3461 2826 3515 2884 δὲ
3563 2826 3748 2884 πολλοὶ
3782 2828 3866 2882 τὸν

2217 2917 2346 2996 ὑπὲρ
2398 2917 2495 2985 τῆς
2581 2916 2831 2985 ἀληθείας
2902 2918 3125 2976 θένατον
3206 2917 3582 2997 ἐγκατάλειψιν
3663 2918 3867 2974 οἴονται

2218 3008 2349 3065 Θεοῦ
2383 3024 2397 3038 ⁸
2446 3009 2535 3076 Μὴ
2578 3015 2755 3083 τοῦτο,
2804 3009 2985 3088 φησὶν,
3017 3012 3173 3085 ὑμεῖς
3205 3009 3444 3076 οἷηθῆτε,
3509 3012 3580 3066 Οὔ
3634 3008 3734 3087 γὰρ
3794 3009 3866 3070 ὡς

2216 3096 2809 3177 ἐγκαταλιμπανόμενοι
2854 3095 2942 3155 ὑπ’
2985 3097 3140 3175 ἐμοῦ,
3204 3097 3428 3175 μέλλετε
3474 3098 3746 3158 θνίσκειν,
3810 3099 3864 3153 Εἰ

470 3188 773 3252 oblivione
802 3195 914 3262 est,
946 3186 1216 3288 multum.
1251 3186 1420 3248 abest
1462 3195 1526 3248 ut
1568 3201 1762 3251 vestra
1808 3209 1989 3263 mors,
2026 3192 2126 3271 qui

2218 3190 2314 3267 γὰρ
2371 3190 2458 3245 καὶ
2516 3194 2622 3244 τῶν
2681 3189 2960 3268 στρουθίων
3012 3194 3117 3246 τῶν
3183 3185 3540 3263 πωλουμένων
3589 3184 3735 3244 οὐδὲν
3777 3188 3867 3242 ἁν-

465 3280 644 3342 amici
671 3278 790 3340 mei
822 3276 1138 3358 estis,talis
1169 3275 1265 3353 sit,
1301 3279 1469 3358 quasi
1491 3295 1601 3357 ego
1633 3298 1751 3341 non
1784 3280 2125 3360 provideam

467 3369 655 3431 vobis.
683 3367 979 3450 Equidem
1013 3374 1234 3427 tantam
1286 3367 1467 3428 vestri
1525 3387 1727 3430 curam
1759 3387 1926 3448 gero,
1961 3379 2026 3432 ut
2069 3380 2128 3433 et

467 3460 669 3521 omnia
698 3466 892 3519 vestra
920 3455 1221 3518 subtiliter
1240 3466 1552 3537 perspecta
1574 3458 1715 3535 sint,
1745 3466 1804 3521 et
1830 3478 1993 3520 num:
2016 3461 2124 3522 rati

466 3549 670 3630 capilli
700 3546 905 3609 vestri.
937 3545 1215 3618 Quamvis
1265 3545 1447 3624 igitur
1494 3564 1597 3606 vos
1639 3547 2121 3613 intentationem

467 3639 686 3701 cadere
738 3635 1103 3717 permittam,
1166 3635 1562 3715 suppeditabo
1611 3645 1808 3699 tamen
1864 3637 2121 3701 ubertim

468 3726 799 3791 suﬂ‘erendi
822 3725 1001 3786 vires.
1034 3721 1205 3803 Saepe
1220 3734 1419 3785 autem
1450 3725 1496 3786 si
1520 3746 1697 3806 quem
1732 3726 2125 3791 inﬁrmiorem

467 3817 699 3897 videro,
734 3834 850 3877 non
876 3813 1156 3893 permitto
1180 3811 1349 3874 illum
1368 3815 1427 3874 in
1455 3816 1810 3880 tentationes
1830 3818 2124 3883 incidere.

469 3906 614 3969 Nam
648 3906 747 3987 qui
778 3923 909 3965 sum
941 3911 1204 3977 curator,
1243 3911 1300 3963 et
1332 3907 1534 3965 omnia
1565 3904 1722 3967 bene
1753 3907 1902 3981 scio,
1936 3918 1995 3970 et
2023 3928 2127 3971 nu-

472 4003 700 4058 merata
727 3994 921 4057 habeo
970 3992 1146 4053 etiam
1196 3992 1616 4076 minutissima,
1670 3996 1959 4061 distribuo
1991 4000 2124 4059 uni-

471 4087 689 4167 cuique
742 4084 899 4165 quod
960 4100 1084 4144 suae
1140 4100 1439 4143 mensurae
1495 4086 1789 4165 congruit.
1840 4090 2026 4151 Porro
2075 4090 2125 4150 si

473 4173 972 4247 observaveris,in
986 4172 1293 4252 Scriptura
1316 4171 1585 4235 invenies
1612 4177 2129 4241 numerariomnia

469 4266 659 4328 virilia
682 4273 739 4327 et
766 4281 896 4344 quae
940 4261 1014 4324 ad
1067 4279 1406 4323 mensuram
1466 4262 1644 4326 virilis
1674 4268 1865 4327 astatis
1910 4285 2125 4348 perve-

473 4357 667 4437 niunt,
703 4355 999 4434 dignaque
1046 4350 1246 4439 divina
1295 4355 1771 4421 enumeratione.
1807 4359 1922 4419 Per
1949 4370 2128 4439 caput

470 4457 666 4510 autem
698 4442 1169 4523 uniuscujusque
1191 4438 1411 4503 Christi
1443 4438 2125 4526 ﬁdeliumﬁntelligehda

2211 3278 2519 3354 επί).ηστον,
2580 3276 2783 3337 πολλοῦ
2824 3276 2907 3335 δεῖ
2936 3281 2964 3336 ὁ
2992 3278 3244 3358 ὑμέτερος
3285 3279 3509 3342 Θάνατος
3557 3282 3661 3334 τῶν
3720 3276 3865 3351 έμῶν

2209 3366 2375 3448 φίλων
2432 3368 2695 3447 γενέσθαι,
2755 3371 2829 3433 ὡς
2914 3369 2993 3444 μὴ
3048 3367 3440 3449 προνοουμένου
3506 3369 3655 3443 ὑμῶν
3709 3366 3861 3441 ἐμοῦ.

2209 3459 2482 3526 Τοσαύτην
2556 3458 2656 3538 γὰρ
2714 3458 2863 3533 ὑμῶν
2930 3464 3185 3534 ποιοῦμαι
3233 3457 3333 3526 τὴν
3388 3463 3663 3538 πρόνοιαν,
3723 3455 3863 3513 ὥστε

2208 3546 2405 3604 ἕκαστα
2486 3554 2593 3604 τῶν
2669 3548 2937 3628 ὑμετέρων
3019 3546 3206 3605 εἰδέναι
3278 3546 3510 3621 λεπτῶς,
3585 3549 3672 3603 καὶ
3741 3546 3863 3604 οἷον

2207 3637 2573 3717 ἠριθμημένας
2635 3636 2786 3717 ἔχειν
2840 3638 2934 3701 τὰς
2982 3638 3172 3719 τρίχας
3202 3639 3350 3714 ὑμῶν
3387 3652 3400 3667 ·
3448 3636 3546 3693 κᾶν
3574 3638 3743 3694 τοίνυν
3788 3638 3862 3702 εἷς

2212 3728 2508 3806 πειρασμὸν
2562 3727 2707 3783 ἰάσω
2758 3729 2894 3804 ὑμᾶς
2954 3726 3233 3801 εἰσελθεῖν,
3292 3729 3593 3807 χορηγήσω
3648 3728 3885 3789 πάντως-

2210 3818 2300 3873 καὶ
2360 3817 2462 3885 τὴν
2532 3818 2605 3879 εἰς
2662 3819 2725 3874 τὸ
2794 3819 3080 3893 ὑπομεῖναι
3132 3815 3373 3893 δύναμιν.
3429 3815 3695 3882 Πολλάκις
3725 3816 3779 3874 δὲ
3809 3818 3862 3874 εἴ

2210 3928 2327 3962 τινα
2385 3907 2577 3971 ἀσθενῆ
2634 3904 2760 3986 ἴδω,
2818 3904 2935 3963 οῦδὲ
2994 3906 3251 3983 ἐμπεσεῖν
3309 3908 3466 3964 αὐτὸν
3522 3909 3864 3987 συγχωρήσω

2210 3996 2556 4074 πειρατηρίῳ,
2642 3993 2899 4071 Κηδεμὼν
2946 3997 3045 4076 γὰρ
3130 3998 3227 4071 ὢν,
3303 3998 3391 4053 καὶ
3460 3998 3632 4054 πάντα
3684 3995 3858 4066 εἰδὼς,

2210 4086 2299 4141 καὶ
2341 4084 2681 4162 ἠριθμημένα
2727 4085 2873 4165 ἔχων
2914 4087 3002 4141 καὶ
3043 4086 3110 4142 τὰ
3153 4084 3479 4161 λεπτότατα,
3540 4088 3746 4162 ἑκάστῷ
3800 4090 3863 4144 τὸ

2210 4173 2330 4232 κατ’
2387 4173 2530 4240 ἀξὶαν
2587 4176 2675 4231 καὶ
2719 4178 2780 4231 τὸ
2822 4176 3117 4256 πρόσφορον
3160 4177 3441 4253 οἰκονομῶ.
3495 4174 3861 4257 Ἐπιτηρήσας

2208 4261 2263 4320 δὲ
2308 4266 2547 4343 εὑρήσεις
2604 4263 2658 4321 ὲν
2713 4270 2783 4343 τῇ
2840 4270 3023 4345 Γραφῇ
3051 4266 3407 4345 ἀριθμούμενα
3437 4268 3610 4325 πάντα
3640 4269 3705 4324 τὰ
3758 4267 3860 4322 ἆν-

2208 4351 2383 4434 δρεῖα,
2442 4356 2533 4411 καὶ
2591 4356 2662 4419 εἷς
2723 4355 2915 4430 μέτρον
2986 4353 3197 4423 ἡλικίας
3255 4354 3546 4436 φθάσαντα,
3598 4358 3686 4413 καὶ
3742 4355 3859 4423 ἄξια

2207 4442 2394 4507 ἅπλῶς
2453 4446 2593 4510 θείας
2683 4445 3119 4524 ἀπαριθμήσεως,
3197 4443 3447 4526 Κεφαλήν
3501 4453 3589 4502 οῦν
3634 4447 3862 4503 ὶκάστου

470 4539 588 4600 vita
619 4535 856 4601 Christo
890 4539 1092 4612 grata;
1132 4530 1243 4611 per
1269 4531 1518 4610 capillos
1557 4553 1698 4596 vero
1728 4536 1882 4614 ejus,
1928 4538 2118 4617 parti-

2218 4535 2311 4590 εῶν
2378 4542 2581 4591 πιστῶν
2636 4536 2734 4603 τὴν
2816 4535 3188 4615 χριστοπρεπῆ
3270 4533 3541 4593 πολιτείαν
3613 4538 3857 4605 νοητέον.

472 4627 697 4691 cularia
724 4641 931 4706 opera,
966 4630 1026 4683 et
1055 4619 1273 4702 quibus
1303 4639 1522 4701 corpus
1548 4623 1957 4697 mortiﬁcalur,
1992 4645 2122 4707 qua;

472 4724 863 4781 numerantur
881 4712 1036 4793 apud
1051 4710 1239 4772 Deum
1257 4720 1318 4771 et
1348 4712 1939 4793 supputantur.Talia
1960 4716 2119 4777 enim

471 4818 662 4872 vestra
691 4822 875 4886 opera
896 4801 1153 4862 divinam
1187 4800 1582 4864 visitationem
1627 4813 1953 4866 merentur.
1990 4805 2119 4869 Jam

471 4897 711 4980 quidam
746 4893 1085 4968 intelligunt
1118 4907 1225 4971 per
1254 4889 1518 4971 quinque
1550 4895 2119 4976 passerculos,quin-

469 5007 586 5071 que
615 5004 849 5061 sensus,
879 4982 1002 5071 qui;
1026 4980 1264 5071 duobus
1309 4981 1553 5071 minqtis
1599 4981 1832 5045 assibus
1884 5002 2121 5046 venun-

468 5067 829 5151 dantur,hoc
850 5083 941 5133 est
956 5069 1120 5133 Novo
1144 5067 1409 5133 elVeteri
1438 5068 1967 5147 Testamento,non
1986 5083 2123 5135 sunt

468 5170 528 5231 in
553 5167 849 5230 oblivione
873 5162 1029 5244 apud
1049 5159 1532 5232 Deum.Quorum
1553 5161 1711 5223 enim
1731 5182 1944 5225 sensus
1961 5173 2122 5226 recte

469 5264 931 5338 componuntur,
956 5260 1013 5313 et
1036 5249 1220 5311 sobrii
1241 5259 1402 5331 sunt,
1423 5258 1480 5312 et
1508 5252 1724 5313 rationi
1756 5251 2114 5332 subduntur,

467 5348 548 5409 ita
570 5356 634 5410 ut
654 5365 771 5408 non
796 5340 1193 5413 sintinutiles,
1216 5339 1319 5400 sed
1344 5339 1517 5402 valde
1547 5341 1720 5403 utiles
1742 5342 1803 5403 in
1824 5342 2108 5423 spiritua-

464 5436 582 5500 lem
606 5431 897 5504 cibum,bi
919 5449 1039 5491 non
1053 5438 1190 5491 sunt
1207 5430 1265 5491 in
1285 5429 1581 5493 oblivione
1599 5432 1752 5513 apud
1763 5431 2078 5500 Dominum
2092 5483 2105 5496 .

547 5528 727 5588 Vens.
750 5525 917 5586 8-12.
935 5545 954 5576 ι
975 5519 1119 5583 Dico
1138 5528 1333 5582 autem
1360 5521 1750 5594 vobis,omnis
1770 5522 2110 5603 quicunque

468 5616 778 5678 confessus
808 5610 986 5674 fuerit
1018 5610 1081 5672 in
1102 5628 1199 5672 me
1222 5628 1420 5672 coram
1450 5610 1820 5688 hominibus,
1843 5618 1905 5676 et
1923 5610 2110 5675 Filius

463 5704 724 5771 hominis
748 5699 1135 5767 conﬁtebitur
1156 5701 1215 5761 in
1236 5696 1334 5761 illo
1364 5717 1564 5762 coram
1592 5704 1820 5778 angelis
1843 5702 1973 5765 Dei.
1997 5700 2110 5774 Qui

2206 4624 2405 4702 Τρίχας
2464 4621 2517 4680 δὲ
2576 4625 2775 4692 ταύτης
2820 4624 2914 4687 τὰς
2970 4626 3108 4683 κατὰ
3163 4623 3321 4703 μέρος
3385 4626 3695 4708 νεκροτέρας
3766 4637 3863 4686 τοῦ

2206 4714 2452 4788 σώματος
2496 4712 2732 4791 πράξεις,
2770 4716 2826 4770 αἳ
2892 4714 3228 4793 ἂριθμοῦνται
3289 4717 3430 4794 παρὰ
3475 4724 3613 4792 Θεῷ,
3664 4721 3751 4775 καὶ
3804 4718 3861 4775 έν

2206 4800 2352 4882 λόγῳ
2394 4803 2644 4865 τίθενται.
2677 4806 2739 4860 Αἱ
2796 4805 2896 4884 γὰρ
2962 4810 3193 4861 τοιαῦται
3252 4805 3399 4880 ὑμῶν
3448 4806 3661 4887 πράξεις
3715 4810 3861 4874 θείας

2206 4890 2501 4959 ἐπισκοπῆς
2559 4889 2845 4956 ὰξιοῦιται.
2904 4897 3092 4950 Νοοῦσι
3143 4889 3197 4948 δέ
3254 4914 3413 4966 τινες,
3460 4894 3618 4952 πέντε
3661 4918 3858 4975 στρου-

2203 4981 2308 5054 θία,
2365 4980 2459 5043 τὰς
2503 4980 2659 5038 πέντε
2704 4983 2998 5061 αἰσθήσεις,
3057 4994 3119 5037 αῖ
3177 4980 3266 5039 δύο
3326 4983 3589 5062 ἀσσαρίων
3646 4987 3860 5044 πωλού-

2203 5091 2386 5149 μεναι,
2444 5069 2682 5127 τουτέστι
2740 5068 2824 5126 διὰ
2886 5075 3085 5137 Καινῆς
3128 5072 3215 5128 καὶ
3265 5072 3503 5138 Παλαιᾶς
3553 5076 3851 5151 Διαθήκης,

2199 5157 2543 5226 ἆνεπίληστοί
2597 5160 2695 5215 εἶσι
2740 5160 2885 5240 παρὰ
2933 5166 3009 5235 τῷ
3042 5167 3179 5235 Θεῷ.
3220 5155 3314 5216 Ὠν
3344 5163 3443 5241 γὰρ
3472 5165 3524 5220 αἱ
3581 5165 3853 5235 αἰσθήσεις

2200 5249 2526 5327 ῥυθμίζονται
2599 5251 2688 5306 καὶ
2758 5250 3118 5329 προσάγονται
3178 5257 3255 5325 τῷ
3322 5249 3491 5333 λόγῳ,
3551 5254 3687 5311 ὥστε
3771 5256 3853 5329 μὴ

2201 5338 2344 5394 εἶναι
2403 5338 2625 5419 ἀχρεῖαι
2671 5340 2743 5405 εἷς
2787 5339 3153 5415 πνευματικὴν
3209 5341 3430 5423 βρῶσιν,
3487 5354 3627 5403 οῦτοι
3671 5343 3852 5402 ἀνεπί-

2191 5426 2376 5495 ληστοι
2420 5432 2497 5504 τῷ
2528 5430 2721 5509 Κυρίῳ.

2279 5540 2307 5572 ι
2344 5517 2499 5597 Λέγω
2552 5516 2605 5574 δὲ
2663 5521 2819 5600 ὑμῦν,
2893 5524 2996 5583 πᾶς
3043 5520 3101 5582 ὃς
3160 5517 3224 5575 ἂν
3277 5519 3591 5601 ὁμολογήσῃ
3641 5524 3697 5578 ἐν
3727 5519 3847 5598 ἐμοὶ

2193 5607 2485 5687 ἔμπροσθεν
2544 5614 2651 5665 τῶν
2710 5608 3023 5687 ἀνθρώπων,
3093 5610 3183 5668 καὶ
3236 5613 3265 5667 ὁ
3322 5614 3439 5679 Υἱὸς
3495 5620 3590 5671 τοῦ
3639 5612 3843 5690 ἀνθρώ-

2193 5721 2296 5757 που
2355 5696 2673 5780 ὁμολογήσῃ
2753 5699 2810 5755 ἰν
2881 5699 3024 5775 αὐτῷ
3092 5699 3383 5780 ἔμπροσθεν
3435 5709 3543 5759 τῶν
3600 5700 3843 5783 ἀγγέλων
