4202 6422
317 427 429 493 881

1069 433 1516 498 ENARRATIO
1558 432 1640 496 IN
1685 419 2191 493 EVANGELIUM
2255 424 2496 486 LUGA‘J.
2544 457 2621 468 —-
2663 425 2828 489 CAP.
2878 421 3012 486 XII.

3587 419 3704 485 882

319 570 411 620 τοῦ
443 571 575 623 Θεοῦ
611 580 625 593 ’
660 567 689 620 ὁ
720 563 775 621 δὲ
805 565 1170 644 ἁρνησαμενὸς
1229 584 1296 638 με
1341 561 1564 619 ἐνώπιον
1621 565 1727 617 τῶν
1761 557 1962 639 ἀνθρώ-

2052 572 2252 625 autem
2287 566 2592 645 negaverit
2622 583 2726 634 me
2749 584 2946 628 coram
2994 563 3357 641 hominibus,
3393 563 3704 646 negabitur

314 675 450 719 πων,

315 751 471 805 Θεοῦ.
530 747 626 802 Καὶ
685 752 789 808 πᾶς
848 745 907 807 ὃς
964 747 1078 824 ἒρεϊ
1131 743 1292 822 λόγον
1339 746 1411 805 εἷς
1455 745 1544 799 τὸν
1601 743 1721 798 Υἷὸν
1764 748 1854 798 τοῦ
1876 741 1958 796 ἀν·

307 834 543 914 θρώπου,
575 834 892 914 ἀφεθήσεταί
918 835 1061 909 αὒτῴ
1092 853 1105 867 ·
1142 841 1219 908 τῷ
1249 832 1302 889 δὲ
1336 835 1409 898 εἰς
1456 835 1516 890 τὸ
1560 833 1712 911 ἅγιον
1752 839 1964 907 Πνεῦμα

309 921 789 1002 βλασφημήσαντι,
849 924 944 979 οὐκ
993 923 1335 1003 ἀφεθήσεται,
1386 915 1522 980 ”Οτ’
1554 921 1612 978 ἂν
1645 921 1698 977 δὲ
1729 919 1960 1000 προσφὲ-

312 1033 479 1087 ρωσιν
535 1015 668 1087 ὑμᾶς
702 1012 786 1068 ἐπὶ
831 1013 923 1076 τὰς
984 1013 1330 1090 Συναγωγὰς,
1365 1013 1452 1068 καὶ
1500 1012 1591 1075 τὰς
1643 1011 1840 1090 ἀρχὰς,
1875 1012 1962 1066 καὶ

312 1102 409 1164 τὰς
469 1101 728 1175 ἐξουσίας,
761 1102 838 1176 μὴ
871 1107 1182 1180 μεριμνᾶτε,
1228 1103 1342 1166 πῶς
1374 1101 1409 1170 ἢ
1450 1103 1500 1157 τί
1525 1100 1957 1178 ἀπολογήσησθε,

314 1189 349 1256 ἢ
413 1190 462 1245 τί
491 1190 686 1257 εἴπητε
721 1208 733 1219 ·
777 1193 839 1246 τὸ
894 1192 993 1269 γὰρ
1049 1191 1199 1269 ἅγιον
1258 1197 1471 1264 Πνεῦμα
1527 1187 1714 1254 διδάξει
1743 1192 1877 1264 ὑμᾶς
1909 1188 1962 1244 ἐν

319 1281 450 1354 αὖτῇ
510 1286 577 1356 τῇ
609 1279 740 1358 ὥρᾳ,
803 1278 949 1336 ἂδεϊ
1005 1281 1198 1338 εἰπεῖν.
1241 1304 1266 1333 ι
1334 1282 1436 1338 Νῦν
1491 1281 1552 1335 τὸ
1611 1278 1834 1335 ἔπαθλον
1864 1283 1963 1345 τῆς

313 1370 600 1448 μαρτυρίας
630 1371 960 1448 προτίθησιν.
1014 1368 1164 1426 Ἐπεὶ
1218 1370 1318 1448 γὰρ
1349 1370 1497 1444 εἷπε,
1561 1371 1647 1436 Μὴ
1717 1365 1964 1449 φοϐεῖσθε

311 1458 416 1514 απὸ
474 1462 579 1516 τῶν
632 1459 1054 1517 ἀποκτεινόντων
1115 1461 1175 1515 τὸ
1264 1466 1442 1534 σῶμα,
1503 1461 1590 1516 καὶ
1645 1472 1958 1539 προσεῖπεν,

307 1549 416 1626 ὅτι,
494 1547 596 1608 Καὶ
669 1551 720 1604 αἱ
767 1549 951 1628 τρίχες
1007 1551 1155 1623 ὑμῶν
1202 1549 1549 1628 ἠρίθμηνται,
1607 1549 1699 1604 ἵνα
1747 1550 1825 1624 μή
1881 1571 1959 1612 τις

303 1638 438 1714 ε”πη
476 1658 488 1671 ·
538 1641 635 1703 Δός
669 1661 760 1714 μοι
805 1641 894 1694 καὶ
927 1643 1112 1714 μισθόν
1150 1661 1267 1695 τινα
1300 1655 1314 1670 ⁸
1365 1640 1413 1694 τί
1455 1639 1556 1718 γάρ
1582 1662 1672 1714 μοι
1704 1637 1886 1713 μέλλει
1917 1639 1962 1694 εἰ

306 1729 401 1790 τας
445 1729 635 1808 τρίχας
693 1728 856 1809 ἔχεις.
914 1727 1324 1808 ἧριθμημέναςς
1395 1730 1526 1809 φησί
1558 1748 1570 1760 ·
1638 1727 1817 1793 Θέλεις
1877 1730 1962 1784 καὶ

305 1801 491 1890 μισθόν
527 1801 782 1889 {ii-1.000:
820 1801 927 1883 "Oc
953 1801 1373 1896 'c’ivvouoloy'qc'm
1404 1801 1459 1875 ἓν
1503 1819 1642 1892 ἐμοὶ,
1678 1817 1960 1896 ὁμολογη-

304 1909 524 1977 θήσεται
581 1910 809 1968 ὶνώπιον
869 1918 962 1966 τοῦ
1019 1918 1174 1968 Θεοῦ.
1234 1912 1306 1967 Τὸ
1364 1907 1442 1982 δὲ,
1507 1900 1852 1987 Ὀμολογήσῃ
1908 1908 1962 1964 ἐν

307 2003 451 2073 ἐμοὶ,
513 2001 694 2080 εἶπεν,
753 2003 867 2059 ἀντὶ
937 2009 1050 2075 τοῦ,
1117 2003 1264 2059 Μετὰ
1305 2001 1401 2068 τῆς
1443 2005 1581 2076 ὶμῆς
1639 2003 1964 2080 συνεργείας,

307 2094 397 2148 καὶ
455 2090 509 2147 ἕν
558 2098 626 2167 τῇ
671 2092 778 2168 ἐμῇ
819 2091 1035 2167 δυνάμει
1065 2111 1080 2126 ⁸
1137 2084 1494 2169 Ὀμολογήσω
1542 2100 1666 2167 γοῦν
1711 2091 1861 2169 κάγὼ
1909 2091 1964 2147 ἐν

309 2181 475 2260 αῦτῷ,
539 2181 832 2254 τουτέστιν,
891 2181 981 2237 ὑπ’
1040 2183 1198 2240 αὖτοῦ
1267 2181 1702 2259 συνεργούμενος.
1751 2182 1963 2258 Χρῇζο·

305 2292 402 2325 υεν
459 2271 557 2349 γὰρ
610 2271 697 2325 καὶ
743 2271 932 2349 ἡμεῖς,
981 2269 1398 2348 προηγουμένως
1449 2277 1540 2326 τοῦ
1602 2278 1734 2328 Θεοῦ
1764 2285 1776 2299 '
1815 2268 1959 2327 οῦδὲν

302 2361 403 2436 γὰρ
461 2359 628 2439 χωρὶς
673 2359 872 2416 ἐκείνου
902 2357 1162 2435 δυνάμεθα
1198 2376 1212 2391 ⁸
1264 2361 1350 2416 καὶ
1394 2361 1421 2415 ὁ
1466 2361 1594 2424 Θεὸς
1625 2359 1785 2414 πάλιν
1816 2360 1961 2438 χρῇ·

299 2457 374 2518 ζει
433 2451 590 2524 ἡμῶν
626 2467 642 2486 ⁸
679 2449 768 2505 ἐὰν
800 2451 900 2528 γὰρ
945 2451 1021 2524 μὴ
1067 2451 1191 2529 εὕρῃ
1239 2449 1293 2504 ἐν
1335 2452 1472 2524 ἡμῖν
1515 2449 1640 2527 ἔργα
1671 2445 1812 2520 ἄξια,
1845 2447 1959 2504 οὐδὲ

302 2537 768 2616 προσλαμϐάνεται
829 2541 998 2613 ἡμᾶς,
1073 2538 1108 2607 ἢ
1185 2540 1285 2618 γὰρ
1355 2538 1417 2593 ἂν
1486 2539 1959 2612 προσωπολήπτης

301 2628 420 2694 εἴη,
488 2619 884 2706 Ὀμολογοῦμεν
944 2630 1030 2686 οὖν
1107 2631 1271 2704 ἡμεῖς
1334 2628 1387 2685 ἐν
1457 2633 1622 2702 αὖτῷ,
1696 2627 1964 2684 τουτέστιν

301 2720 356 2774 ἐν
416 2722 483 2794 τῇ
542 2723 702 2777 αὒτοῦ
763 2719 1052 2798 συνεργείᾳ.
1119 2721 1213 2778 Καὶ
1268 2721 1423 2784 αὒτὸς
1481 2719 1536 2775 ἐν
1593 2720 1753 2797 ἡμῖν,
1807 2740 1963 2774 τουτ-

304 2810 447 2865 ἐττιν
507 2808 560 2864 ἐν
619 2815 684 2884 τῇ
742 2811 896 2884 ἡμῶν
955 2809 1248 2887 συνεργείᾳ.
1313 2811 1369 2866 Εἰ
1425 2810 1503 2883 μὴ
1562 2809 1662 2886 γὰρ
1722 2806 1964 2883 δώσομεν

307 2901 450 2972 α’ὒτῷ
506 2899 776 2977 ἀφορμὴν,
832 2896 948 2954 οὐδὲ
995 2897 1320 2976 ὁμολογήσει
1365 2899 1494 2972 ὑπὲρ
1552 2900 1730 2972 ἡμῶν.
1796 2890 1852 2955 Ὀ
1908 2895 1962 2952 δὲ

308 2987 648 3064 ἀρνούμενος,
713 2991 807 3046 οῦκ
851 2987 904 3044 ἐν
948 2994 1016 3064 τῇ
1085 2996 1177 3044 τοῦ
1239 2996 1369 3044 Θεοῦ
1423 2985 1638 3063 δυνάμει
1697 2987 1960 3066 ἀρνεῖται.

303 3079 397 3132 Διὸ
455 3074 568 3134 οῦδὲ
616 3079 910 3155 προσέθηγε
940 3080 1024 3151 τὸ,
1067 3077 1120 3132 ὲν
1152 3077 1299 3156 ἐμοὶ,
1336 3075 1484 3156 ἀλλ’,
1517 3081 1544 3134 ὁ
1596 3077 1962 3156 ἀρνησάμενός

543 654 979 733 ἀπαρνηθήσεται

297 3189 390 3244 με,
419 3169 629 3241 μήποτε
675 3165 730 3223 δὲ
775 3171 902 3223 καθὸ
959 3173 1063 3231 πᾶς
1121 3165 1270 3245 ἅγιος
1321 3166 1375 3221 ἐν
1436 3168 1513 3241 τῴ
1543 3173 1752 3246 Χριστῷ
1786 3166 2020 3259 pecua

293 3257 382 3312 καὶ
439 3258 466 3312 ὁ
519 3259 742 3335 Χριστος
787 3257 841 3312 ἐν
888 3259 1052 3331 αὐτῷ,
1105 3258 1242 3312 κατὰ
1274 3264 1430 3313 τοῦτο
1461 3257 1674 3336 εἴρηται
1700 3257 1761 3313 τό
1795 3275 1812 3292 ⁸
1850 3247 1957 3321 “Oc

296 3346 358 3401 ἂν
418 3347 734 3426 ὁμολογήσῃ
787 3347 841 3404 ἐν
897 3348 1038 3421 ἐμοὶ,
1092 3347 1329 3404 τουτέστι
1390 3347 1588 3427 μένων,
1638 3347 1962 3427 ὁμολογήσω

296 3437 448 3514 κάγὼ
491 3438 545 3494 ἰν
589 3437 732 3511 αὒτῷ
775 3437 948 3510 μένων
987 3456 1001 3470 ⁸
1056 3439 1144 3492 καὶ
1187 3444 1292 3502 πᾶς
1337 3438 1395 3499 ὃς
1441 3437 1501 3494 ἂν
1553 3438 1648 3515 ἐρῇ
1679 3438 1840 3515 λόγον
1887 3439 1960 3501 εἰς

295 3528 388 3581 τὸν
445 3529 559 3583 ι’ἱὸν
621 3535 712 3583 τοῦ
754 3527 1054 3606 ἀνθρώπου,
1087 3527 1406 3607 ἀφεθήσεται
1440 3532 1603 3601 αὐτῷ,
1637 3525 1789 3585 Τοῦτ’
1823 3526 1955 3602 ἔστι,

301 3617 358 3677 ὃς
421 3616 800 3694 βλασφημήσει
857 3619 930 3681 εἷς
975 3618 1070 3691 ἐμὲ
1113 3620 1204 3673 τὸν
1261 3617 1580 3697 φαινόμενον
1640 3618 1759 3674 ὶἼὸν
1803 3617 1962 3693 ψιλὸν

307 3713 399 3762 τοῦ
449 3706 744 3786 ἀνθρώπου,
804 3708 894 3762 καὶ
944 3706 1204 3775 ἐσθίοντα,
1280 3707 1368 3762 καὶ
1419 3709 1660 3786 πίνοντα,
1707 3708 1796 3763 καὶ
1826 3707 1962 3782 μετὰ

306 3795 551 3851 τελωνῶν
624 3795 873 3875 διάγοντα
932 3799 1020 3853 καὶ
1101 3801 1330 3876 πορνῶν,
1422 3798 1780 3874 συγγνωστὸς,
1863 3795 1961 3852 κᾶν

309 3887 646 3962 μετανοήσῃ,
700 3886 798 3942 γᾶἱν
851 3888 952 3960 μή,
1018 3887 1085 3948 οὒ
1116 3888 1214 3965 γὰρ
1245 3884 1508 3963 λογίζεται
1541 3885 1685 3959 αὒτῷ
1734 3885 1964 3962 ἁμαρτία

307 3976 388 4049 μὴ
447 3977 770 4039 πιστεύοντι,
828 3979 886 4034 Τί
941 3977 1040 4056 γὰρ
1097 3974 1264 4048 εἶδεν,
1312 3976 1405 4030 ἵνα
1462 3975 1769 4054 πιστεύσῃς
1807 3977 1865 4032 Τί
1908 3972 1962 4030 δὲ

304 4062 510 4138 μᾶλλον
567 4065 662 4122 06x.
697 4065 841 4122 εἶδεν
906 4063 1045 4131 ἄξιον
1091 4063 1386 4143 δυσφημίας
1423 4085 1438 4145 ;
1477 4062 1632 4122 Εἶδεν
1663 4064 1956 4143 ἄνθρωπον,

306 4154 526 4231 πόρναις
592 4153 958 4232 συνδιάγοντα,
1018 4157 1106 4212 καὶ
1149 4153 1465 4233 βλασφημεῖ
1509 4156 1579 4216 εἷς
1631 4155 1788 4213 αὐτόν
1822 4170 1836 4184 ’
1903 4156 1961 4212 06

304 4243 571 4321 λογίζεται
628 4253 716 4301 οῦν
762 4247 905 4320 αὐτῷ
942 4246 1191 4321 ἁμαρτία,
1241 4246 1394 4309 Εἰκὸς
1446 4246 1546 4322 γὰρ
1576 4242 1734 4300 ἔπαθε
1767 4263 1781 4278 ·
1845 4247 1958 4307 πῶς

300 4334 401 4410 γὰρ
467 4335 584 4395 Υἱὸς
639 4341 792 4413 Θεοῦ,
867 4337 894 4391 ὁ
951 4336 1170 4413 πόρναις
1229 4333 1570 4411 συνδιάγων;
1622 4332 1956 4414 βλασφημή-

303 4444 384 4477 σει
445 4424 613 4480 τοῖνυν
687 4427 775 4482 καὶ
859 4423 1064 4483 πλάνον
1139 4424 1460 4481 ἀποκαλὲσει
1514 4424 1604 4479 τὸν
1663 4422 1801 4479 οὕτω
1861 4424 1958 4486 μὲν

303 4510 573 4590 διάγοντα.
614 4515 732 4569 Υἱὸν
763 4511 815 4569 δὲ
849 4522 980 4573 Θεοῦ
1036 4516 1222 4571 ἑαυτὸν
1270 4524 1541 4575 ποιοῦντα,
1582 4505 1765 4571 ’Ὂταν
1796 4511 1850 4590 δέ
1878 4536 1957 4577 τις

304 4603 377 4665 εἰς
404 4573 414 4590 Ι
438 4604 498 4657 τὸ
556 4602 708 4681 ἅγιον
761 4610 972 4679 Πνεῦμα
1015 4603 1328 4684 βλασφημῇ.
1366 4603 1761 4681 ἁσύγγνωστος.
1799 4585 1874 4660 μΟ
1905 4601 1958 4659 δὲ
1983 4573 2027 4624 D

301 4689 473 4770 λέγει,
534 4694 772 4750 τοιοῦτόν
826 4693 970 4750 ἔστιν
1003 4709 1017 4723 ⁹
1098 4683 1276 4751 ’Ὅταν
1333 4694 1650 4769 θεοσημείας
1718 4691 1955 4769 βλέπων,

299 4782 390 4837 καὶ
446 4780 572 4858 ἔργα
617 4781 825 4860 μεγάλα
883 4785 971 4840 καὶ
1032 4783 1266 4860 ἐξαίρετα
1309 4783 1509 4859 ἀπιστῇ
1552 4785 1640 4839 καὶ
1690 4804 1958 4862 συκοφαν-

297 4877 391 4950 τῇ,
443 4873 535 4934 τὰς
592 4882 685 4930 τοῦ
741 4874 892 4949 ἁγίου
954 4874 1256 4948 Πνεύματος
1306 4872 1564 4952 ἐνεργείας
1622 4879 1699 4945 τῷ
1742 4871 1958 4948 βεελζε-

294 4959 426 5017 ϐοὺλ
499 4965 924 5040 προσανατιθεὶς,
985 4965 1108 5021 τότε
1164 4963 1498 5044 βλασφημῶν
1559 4964 1632 5028 εἷς
1689 4963 1750 5018 τὸ
1807 4963 1959 5041 ἃγιον

297 5057 535 5125 Πνεῦμα,
600 5056 686 5109 καὶ
745 5053 800 5108 ἐν
857 5054 1116 5129 πνεύματι
1197 5059 1416 5132 πονηρῷ
1471 5053 1559 5109 καὶ
1615 5051 1672 5109 οὗ
1719 5053 1840 5124 θείῳ
1895 5053 1959 5109 τὰ

299 5153 506 5214 σημεῖα
564 5142 795 5218 γίνεσθαι
850 5142 1046 5221 λέγων,
1112 5141 1483 5222 ἀσύγγνωστός
1541 5142 1678 5214 ἐστι,
1725 5143 1813 5196 καὶ
1867 5142 1960 5197 οὐκ

297 5231 447 5285 ἔσται
510 5232 705 5304 ἁθώος,
767 5234 811 5288 εἷ
866 5233 944 5307 μὴ
1017 5234 1388 5306 μετανοήσει.
1450 5233 1528 5306 τῷ
1601 5231 1698 5304 μὲν
1752 5232 1825 5294 εἰς
1869 5232 1960 5286 τὸν

301 5321 426 5374 Υἱὸν
481 5327 572 5377 τοῦ
661 5321 934 5401 ἀνθρώπου
1008 5322 1434 5400 βλασφημοῦντι,
1522 5318 1637 5378 οὒδὲ
1729 5322 1960 5398 ἁμαρτία

296 5408 584 5486 ἐλογίζετο,
648 5409 728 5467 διὸ
785 5413 872 5467 καὶ
933 5413 1011 5487 μὴ
1071 5418 1341 5487 μετανοῶν
1405 5410 1794 5489 συγγνωστέος.
1871 5417 1959 5485 Τῷ

297 5497 352 5553 δὲ
411 5502 550 5555 θειου
611 5501 914 5578 Πνεύματος
967 5502 1095 5580 ἔργα
1155 5505 1371 5581 ὁρῶντι,
1425 5503 1513 5556 καὶ
1569 5500 1956 5576 βλασφημοῦν-

295 5612 368 5660 tt,
415 5594 583 5668 χωρὶς
642 5593 924 5666 μετανοίας
968 5595 1064 5650 οὒκ
1121 5593 1472 5673 ἀφεθήσεται,
1545 5583 1804 5668 Ἃμάρτία
1861 5593 1959 5673 γὰρ

373 5749 438 5800 54
471 5747 670 5812 Matth.
703 5768 764 5825 Χ,
794 5751 902 5817 32.

1079 654 1304 710 ἐνώπιον
1369 658 1472 710 τῶν
1561 649 1802 729 ἀγγέλων
1873 659 1962 709 τοῦ

2048 671 2247 714 coram
2283 655 2508 735 angelis
2537 655 2663 717 Dei.
2699 654 2769 717 Et
2799 655 3068 736 quisquis
3099 654 3362 737 loquitur
3391 653 3616 718 dictum
3638 655 3699 718 in

2046 740 2260 802 Filium
2287 743 2916 818 hominis,remittetur
2935 743 3109 808 illizei
3131 762 3275 805 vero
3299 742 3398 824 qui
3429 743 3490 805 in
3512 741 3704 824 Spiri-

2048 838 2167 891 tum
2185 841 2454 894 sanctum
2470 833 2800 895 convicium
2815 833 3700 907 dixerit,nonremittetur.Cum

2047 929 2245 981 autem
2270 921 2629 984 adduxerint
2648 942 2750 984 vos
2773 923 2845 984 ad
2858 925 3281 1004 Synagogas,et
3296 922 3369 984 ad
3393 922 3702 1002 magistra-

2044 1019 2137 1069 tus
2163 1029 2231 1070 ac
2267 1019 2609 1090 potestates,
2646 1012 2830 1074 nolite
2879 1012 3116 1073 solliciti
3157 1030 3290 1074 esse
3321 1012 3578 1092 qualiter
3601 1018 3702 1073 aut

2046 1098 2185 1178 quid
2216 1100 2650 1179 respondeatis,
2685 1110 2786 1162 aut
2816 1101 2961 1181 quid
2987 1100 3221 1164 dicatis.
3257 1099 3515 1180 Spiritus
3538 1099 3698 1162 enim

2046 1197 2285 1249 sanctus
2315 1189 2557 1252 docebit
2588 1209 2688 1251 vos
2724 1190 2785 1250 in
2821 1189 3028 1252 eadem
3070 1191 3216 1252 hora
3245 1190 3388 1271 quid
3428 1197 3701 1271 oporteat

2047 1293 2156 1338 vos
2174 1276 2401 1339 dicere.
2415 1278 2621 1341 iNunc
2635 1288 2835 1342 autem
2859 1279 3168 1360 praemium
3187 1278 3448 1360 martyrii
3469 1279 3694 1360 adjicit.

2050 1364 2367 1445 Postquam
2391 1369 2545 1428 enim
2573 1368 2743 1444 dixit,
2771 1368 2858 1430 Ne
2891 1369 3148 1431 timeatis
3182 1368 3256 1430 ab
3279 1369 3370 1430 his
3392 1369 3493 1450 qui
3532 1369 3696 1431 occi-

2044 1455 2190 1516 dunt
2215 1475 2449 1538 corpus:
2482 1467 2539 1518 et
2557 1459 2773 1538 adjecit
2794 1458 2952 1540 quod
2972 1457 3183 1540 Capilli
3209 1458 3389 1520 vestri
3408 1459 3700 1522 numerati

2044 1554 2183 1605 sunt
2204 1564 2216 1607 :
2259 1565 2333 1607 ne
2353 1547 2486 1628 quis
2509 1548 2669 1609 dicat
2699 1569 2714 1608 :
2741 1547 2825 1609 Da
2846 1548 2994 1610 mihi
3018 1549 3194 1610 etiam
3219 1548 3562 1610 mercedem
3585 1547 3698 1609 ali-

2045 1653 2216 1714 quam
2243 1656 2255 1694 :
2305 1635 2445 1715 quid
2471 1637 2630 1697 enim
2662 1636 2807 1699 mihi
2832 1636 3122 1716 profuerit
3147 1637 3198 1698 si
3221 1637 3469 1720 capillos
3493 1656 3702 1699 nume-

2043 1724 2839 1807 raveris?Vis,inquit,etiam
2865 1726 3702 1809 mercedem?audi:Quisquis

2046 1813 2428 1875 conﬁtebitur
2449 1816 2512 1877 in
2537 1834 2652 1887 me,
2691 1823 3046 1894 agnoscetur
3069 1835 3268 1879 coram
3296 1819 3442 1880 Deo.
3477 1815 3542 1878 In
3578 1835 3696 1897 me,

1989 1899 2024 1949 Β
2050 1901 2217 1978 dicit,
2246 1904 2648 1980 conﬁtebitur,
2686 1906 2798 1967 hoc
2817 1912 2907 1970 est
2939 1924 3072 1968 meo
3106 1907 3403 1988 adjutorio
3434 1906 3698 1988 adjutus,

2053 2008 2111 2054 et
2145 2011 2277 2055 mea
2305 1993 2518 2056 virtute
2555 2016 2568 2052 :
2611 1995 2946 2058 conﬁtebor
2993 1996 3178 2074 igitur
3228 2004 3285 2058 et
3339 2015 3449 2077 ego
3480 1998 3540 2059 in
3573 1996 3698 2070 illo,

2049 2081 2161 2142 hoc
2191 2091 2278 2143 est
2310 2082 2423 2144 sub
2474 2084 2600 2165 ipso
2634 2103 2990 2166 cooperans.
3023 2084 3185 2167 Opus
3217 2089 3377 2148 enim
3411 2086 3700 2148 habemus

2049 2179 2106 2230 et
2135 2191 2241 2233 nos
2272 2171 2393 2234 Deo
2419 2172 2593 2245 duce,
2633 2175 2761 2235 sine
2785 2194 2900 2256 quo
2917 2175 3066 2236 nihil
3101 2194 3442 2256 possumus:
3464 2184 3524 2238 et
3544 2177 3701 2237 Deus

2045 2279 2282 2342 quoque
2312 2280 2462 2342 opus
2494 2262 2670 2325 habet
2705 2263 2901 2326 nobis.
2938 2263 3079 2325 568
3111 2264 3170 2327 Si
3202 2264 3363 2328 enim
3393 2283 3514 2327 non
3536 2264 3697 2327 inve-

2046 2352 2202 2412 nerit
2231 2352 2291 2412 in
2334 2350 2505 2413 nobis
2537 2371 2719 2432 opera
2765 2354 2967 2436 digna,
3001 2375 3198 2437 neque
3246 2373 3355 2417 nos
3383 2364 3649 2418 assumet
3682 2372 3698 2419 :

2046 2439 2266 2521 alioqui
2324 2459 2717 2521 personarum
2778 2454 3059 2527 acceptor
3104 2453 3284 2508 esset.
3337 2445 3703 2508 Conﬁtemur

2048 2530 2230 2608 igitur
2253 2538 2312 2592 et
2347 2550 2454 2593 nos
2485 2531 2544 2592 in
2573 2533 2698 2608 illo,
2725 2534 2839 2595 hoc
2872 2544 2961 2598 est
2988 2535 3050 2596 in
3081 2536 3213 2615 ejus
3234 2535 3657 2618 cooperatione
3683 2557 3699 2600 :

2049 2629 2104 2680 et
2133 2620 2260 2700 ipse
2293 2621 2350 2681 in
2384 2619 2579 2692 nobis,
2617 2624 2728 2683 hoc
2764 2632 2851 2685 est
2896 2624 2958 2688 in
3009 2633 3210 2686 nostra
3257 2624 3701 2706 cooperatione.

2047 2710 2108 2770 Si
2137 2709 2297 2771 enim
2330 2729 2447 2771 non
2494 2711 2844 2776 dederimus
2877 2714 2932 2775 ei
2964 2715 3364 2789 occasionem,
3402 2732 3520 2777 non
3553 2733 3702 2777 con-

2049 2799 2311 2860 ﬁtebitur
2345 2818 2450 2880 pro
2483 2800 2674 2862 nobis.
2729 2801 2842 2874 Qui
2886 2811 3080 2865 autem
3124 2803 3447 2883 negaverit,
3484 2823 3603 2866 non
3641 2804 3704 2865 in

2047 2888 2262 2951 virtute
2294 2889 2402 2952 Dei
2435 2904 2645 2969 negat:
2685 2891 2818 2953 ideo
2850 2912 2970 2955 non
3020 2895 3288 2975 apponit,
3325 2893 3386 2955 in
3423 2912 3540 2970 me,
3572 2895 3709 2970 sed,

2049 2980 2144 3057 qui
2177 2979 2476 3059 negaverit
2508 2999 2624 3040 me.
2659 2981 2837 3054 ‘Quid
2882 2991 3080 3044 autem
3124 2984 3176 3045 si
3225 2984 3400 3045 etiam
3445 2984 3617 3065 juxta
3645 2983 3707 3045 id

2048 3069 2202 3149 quod
2235 3068 2433 3129 omnis
2465 3077 2708 3131 sanctus
2738 3079 2939 3133 manet
2961 3072 3021 3133 in
3054 3071 3312 3146 Christo,
3348 3081 3407 3134 et
3436 3072 3707 3135 Christus

2049 3167 2247 3219 manet
2277 3158 2338 3218 in
2365 3177 2461 3232 eo,
2501 3157 2656 3222 istud
2684 3179 2924 3241 quoque
2959 3161 3182 3223 dictum
3215 3170 3337 3224 est:
3368 3187 3388 3218 ι
3421 3161 3706 3244 Quisquis

2045 3246 2431 3308 conﬁtebitur
2461 3247 2522 3308 in
2556 3268 2672 3324 me,
2711 3251 2822 3311 hoc
2851 3260 2942 3311 est
2983 3252 3040 3311 in
3075 3270 3171 3311 me
3203 3270 3475 3326 manens,
3511 3251 3700 3314 conﬁ-

2045 3335 2217 3397 tebor
2247 3338 2456 3418 utique
2485 3351 2541 3401 et
2567 3357 2676 3417 ego
2704 3339 2763 3400 in
2788 3339 2888 3401 illo
2907 3359 3157 3402 manens
3175 3342 3261 3404 5-5.
3291 3341 3364 3403 Et
3393 3343 3586 3403 omnis
3603 3343 3706 3423 qui

2046 3425 2259 3488 dixerit
2289 3445 2634 3489 sermonem
2685 3428 2744 3489 in
2783 3429 2998 3492 Filium
3052 3430 3338 3505 hominis,
3370 3432 3706 3494 remittetur

2046 3516 2123 3578 ei.
2141 3541 2161 3572 ι
2203 3518 2327 3578 Hoc
2352 3526 2464 3592 est,
2491 3523 2590 3598 qui
2626 3518 3127 3600 blasphemaverit
3157 3520 3216 3582 in
3243 3521 3477 3602 me,qui
3499 3521 3704 3582 videor

2048 3624 2232 3686 purus
2264 3606 2450 3669 Filius
2483 3608 2764 3684 hominis,
2801 3617 2857 3670 et
2888 3609 3164 3684 comedo,
3191 3618 3249 3670 et
3278 3608 3441 3684 bibo,
3478 3618 3536 3671 et
3565 3628 3701 3671 cum

2048 3694 2381 3774 publicanis
2405 3703 2468 3758 et
2488 3696 2703 3758 scortis
2725 3698 3196 3779 versor,veniam
3229 3699 3517 3780 consequi
3539 3707 3704 3780 pote-

2047 3786 2146 3864 rit,
2181 3784 2302 3845 sive
2335 3786 2842 3864 poenituerit,sive
2869 3807 3008 3847 non.
3043 3789 3175 3850 Non
3199 3790 3705 3869 enimimputatur

2045 3877 2099 3937 ei
2147 3885 2460 3957 peccatum
2497 3878 2547 3939 si
2579 3897 2696 3939 non
2753 3880 2981 3941 credat.
3035 3879 3189 3952 Quid
3236 3880 3395 3941 enim
3449 3879 3604 3942 vidit
3640 3889 3706 3942 ut

2047 3967 2254 4029 credat
2280 3967 2303 4029 ἶ)
2328 3967 2416 4028 vel
2445 3968 2660 4047 potius,
2691 3969 2791 4050 qui
2816 3988 2934 4030 non
2966 3969 3114 4033 vidit
3143 3969 3406 4031 convicio
3428 3970 3705 4050 dignum?

2046 4054 2209 4117 Vidit
2253 4056 2558 4118 hominem
2620 4066 2957 4120 versantem
3013 4078 3151 4122 cum
3205 4059 3440 4140 scortis,
3477 4068 3536 4121 et
3566 4060 3704 4123 ideo

2047 4145 2417 4226 blasphemat
2451 4165 2587 4208 eum
2616 4168 2628 4210 :
2665 4165 2781 4209 non
2816 4148 2996 4226 igitur
3027 4149 3356 4230 imputatur
3385 4150 3440 4211 ei
3483 4168 3702 4231 pecca-

2043 4245 2189 4295 tum.
2231 4235 2567 4297 \'erisimile
2608 4236 2769 4298 enim
2803 4239 2994 4300 visum
3027 4247 3116 4300 est
3161 4260 3176 4301 :
3222 4257 3356 4299 nam
3404 4239 3704 4320 quomodo

2041 4325 2226 4386 Filius
2255 4324 2382 4405 Dei,
2419 4326 2517 4406 qui
2551 4345 2686 4387 cum
2724 4329 2940 4389 scortis
2970 4326 3290 4390 versatur?
3321 4328 3707 4407 Blasphemat

2041 4415 2222 4493 igitur
2241 4423 2299 4475 et
2334 4413 2717 4496 impostorem
2751 4427 2918 4478 vocat
2959 4437 3119 4490 eum,
3141 4417 3244 4498 qui
3273 4418 3358 4478 sic
3390 4435 3704 4480 conversa-

2045 4517 2162 4584 tur,
2193 4514 2251 4566 et
2296 4505 2610 4566 facientem
2658 4524 2722 4567 se
2773 4506 2985 4569 Filium
3039 4507 3172 4570 Dei.
3217 4506 3468 4579 Quando
3501 4515 3699 4569 autem

2045 4595 2177 4676 quis
2208 4594 2538 4656 convicium
2581 4595 2801 4659 dixerit
2835 4597 2895 4658 in
2929 4596 3213 4677 Spiritum
3252 4603 3555 4670 saucium,
3582 4616 3702 4659 non

2047 4685 2383 4747 remittetur
2410 4687 2490 4747 ei.
2535 4686 2705 4759 Quod
2739 4705 2877 4748 vero
2912 4686 3082 4767 dicit,
3127 4687 3284 4749 hunc
3316 4705 3556 4748 sensum
3592 4687 3702 4749 ha-

2047 4776 2185 4836 bet:
2222 4774 2466 4847 Quando
2491 4775 2698 4836 viilens
2727 4777 2929 4837 divina
2951 4777 3261 4856 miracula,
3298 4788 3357 4838 et
3387 4795 3568 4856 opera
3583 4795 3702 4838 ma-

2044 4887 2157 4947 gna
2186 4877 2244 4928 et
2279 4866 2675 4947 przecellentia
2706 4867 3015 4942 discredit,
3050 4875 3111 4930 et
3141 4867 3542 4930 calumniatur
3574 4869 3705 4948 Spi-

2045 4960 2194 5019 ritus
2218 4959 2402 5018 sancti
2421 4957 2820 5037 operationes,
2848 4959 2980 5020 illas
2998 4958 3312 5022 Beelzebul
3344 4958 3699 5036 attribuens,

2047 5050 2094 5110 ls
2127 5049 2497 5128 blasphemat
2529 5056 2590 5110 et
2622 5049 2952 5110 convicium
2986 5049 3130 5110 dicit
3160 5049 3220 5109 in
3255 5048 3540 5129 Spiritum
3563 5068 3702 5111 san-

2043 5151 2237 5206 ctum;
2273 5147 2330 5198 et
2359 5137 2419 5197 in
2437 5136 2648 5216 spiritu
2670 5138 2927 5216 maligno
2961 5149 3017 5200 et
3046 5158 3163 5199 non
3191 5138 3393 5199 divino
3420 5138 3707 5201 miracula

2043 5231 2171 5292 ﬁeri
2205 5229 2434 5302 dicens,
2470 5227 2701 5288 veniam
2740 5248 2860 5289 non
2894 5237 3316 5310 consequetur,
3344 5237 3403 5292 et
3438 5248 3556 5290 non
3589 5233 3708 5290 erit

2041 5322 2354 5387 innocens,
2390 5318 2438 5377 si
2473 5335 2590 5376 non
2626 5318 2992 5397 paenituerit.
3026 5317 3095 5379 Ei
3142 5317 3303 5380 enim
3355 5319 3456 5400 qui
3486 5317 3704 5381 Filium

2041 5408 2305 5471 hominis
2350 5406 2746 5486 blasphemat,
2801 5416 3113 5487 peccatum
3167 5426 3285 5469 non
3339 5411 3702 5489 imputatur:

2043 5501 2180 5562 ideo
2212 5499 2323 5560 etsi
2348 5517 2466 5558 non
2497 5507 2634 5578 agat
2657 5498 3339 5578 poenitentiam,veniam
3363 5517 3706 5578 conseque-

2047 5600 2162 5656 tur.
2198 5588 2430 5652 Videnti
2461 5597 2660 5650 autem
2695 5588 2883 5651 divini
2913 5587 3177 5669 Spiritus
3207 5605 3416 5672 opera,
3450 5597 3509 5651 et
3538 5589 3702 5652 blas-
