4202 6410
474 405 595 473 883

1442 409 2038 476 THEOPHYLACTI
2082 404 2493 471 BULGARIrE
2537 411 2893 473 ARCHIEP.

3731 410 3839 493 881,

476 555 807 638 phemanti,
839 555 1064 639 absque
1083 557 1429 639 pcenitentia
1452 565 1758 639 peccatum
1786 578 1907 621 non
1930 559 2132 621 remit-

2219 526 2447 622 μεγίστη
2509 543 2908 623 λογισθήσεται.
2970 534 3146 639 ιὈτιῑν
3197 543 3251 601 δὲ
3310 546 3670 639 προσφέρωσιν
3719 549 3849 639 epit:

475 646 682 723 teturf:
720 654 1032 728 peccatum
1075 646 1234 708 enim
1276 646 1598 709 maximum
1652 648 1927 710 habetur.
1983 649 2128 712 Cum

478 740 678 797 autem
710 734 1067 797 adduxerint
1085 753 1191 798 vos
1208 735 1280 798 ad
1300 738 1675 816 magistratus
1697 745 1757 799 et
1786 747 2126 818 potestates,

475 829 590 888 etc.
625 823 774 897 Quia
801 825 1119 887 infirmitas
1150 834 1351 887 nostra
1382 826 1602 908 duplex
1633 834 1743 903 est,
1778 836 1836 889 et
1862 831 1953 891 vel
1986 847 2128 909 pro-

473 918 608 994 pter
636 912 911 976 timorem
967 932 1272 993 poenarum
1325 915 1585 994 fugimus
1633 918 2003 1000 martyrium,
2039 919 2129 980 vel

473 1008 719 1083 propter
740 1003 1204 1084 simplicitatem,
1233 1023 1304 1067 eo
1329 1005 1487 1087 quod
1518 1024 1636 1067 non
1669 1026 1985 1088 possumus
1999 1008 2132 1069 red-

2217 632 2301 689 ὲπὶ
2356 633 2450 698 τὰς
2509 634 2682 713 ἀρχὰς
2756 635 2845 691 καὶ
2915 634 3009 698 τὰς
3095 632 3387 713 ἐξουσίας,Δ
3430 637 3516 691 καὶ
3595 636 3657 691 τὰ
3714 635 3848 701 ἑξήςς

2217 720 2435 791 Ἐπειδὴ
2491 724 2525 792 ἡ
2582 723 2821 780 ἀσθένεια
2879 724 3035 799 ἡμῶν
3119 721 3300 804 διττὴ,
3362 725 3448 780 καὶ
3499 724 3533 793 ἢ
3562 722 3655 780 διὰ
3708 721 3853 804 φόϐον

2213 809 2486 868 κολάσεων
2553 813 2925 892 ἀποφεύγομεν
2978 812 3039 869 τὸ
3112 813 3425 892 μαρτύριον,
3486 812 3521 880 ἢ
3576 811 3642 868 δι’
3680 812 3854 890 ἀγροι-

2213 900 2353 976 κίαν,
2413 902 2501 957 καὶ
2553 903 2616 957 τὸ
2660 903 2737 977 μὴ
2780 899 3023 958 δύνασθαι
3076 898 3253 959 δοῦναι
3288 900 3451 978 λόγον
3494 906 3591 969 τῆς
3634 901 3685 957 ἐν
3730 904 3853 975 ἡμῖν

2216 988 2441 1052 πίστεως
2476 1011 2489 1025 ·
2549 990 2735 1047 ἰάσατο
2780 991 2877 1066 μὲν
2922 992 3015 1046 τὸν
3059 989 3145 1046 ἰπὶ
3210 1004 3333 1053 ταῖς
3394 988 3639 1046 κολάσεσι
3706 987 3854 1068 φόϐον

474 1076 619 1154 dere
648 1076 940 1187 rationem
976 1076 1197 1187 nostrai
1228 1076 1407 1187 fidei:
1444 1076 1685 1187 sanavit'
1710 1097 1951 1187 quidem
1995 1116 2127 1159 me-

2219 1076 2297 1133 διὰ
2352 1086 2446 1136 τοῦ
2502 1081 2697 1153 εἰπεῖν,
2764 1080 2851 1148 Μὴ
2910 1078 3179 1160 φοϐηθῆτε
3238 1078 3345 1135 ἀπὸ
3400 1085 3506 1136 τῶν
3535 1078 3856 1135 ἀποκτεινόν-

2407 1170 2421 1187 κ
2519 1176 2545 1185 ~
2718 1171 2766 1187 I-
2914 1167 2957 1187 ας
3056 1172 3075 1183 δ
3233 1171 3248 1187 \
3345 1171 3359 1187 \
3456 1169 3469 1187 ,
3520 1170 3532 1187 ἱ
3623 1174 3647 1184 θ
3691 1168 3703 1187 9

474 1186 598 1243 tum
630 1182 734 1262 qui
769 1201 839 1245 ex
880 1184 1104 1265 poenis,
1138 1184 1279 1265 quia
1329 1184 1511 1248 dixit:
1559 1185 1644 1249 Ne
1682 1167 1935 1249 timeatis
1966 1205 2067 1249 eos
2097 1206 2130 1249 a

2219 1189 2319 1222 των
2372 1170 2433 1224 τὸ
2477 1176 2657 1246 σῶμα,
2718 1171 2864 1226 ίᾶται
2909 1167 2964 1225 δὲ
3024 1172 3110 1225 νῦν
3162 1171 3250 1226 καὶ
3309 1171 3400 1225 τὸν
3453 1169 3537 1225 ἐπὶ
3588 1174 3655 1245 τῇ
3683 1168 3856 1246 ἀγροι-

475 1268 695 1352 quibus
713 1272 1010 1335 occiditur
1021 1273 1447 1356 corpus.Sanat
1477 1295 1713 1358 quoque
1734 1296 1893 1341 nunc
1913 1287 2133 1340 metum

476 1360 577 1440 qui
596 1378 664 1423 ex
687 1361 1109 1442 simplicitate;
1145 1382 1281 1425 nam
1314 1365 1599 1445 quoniam
1633 1385 1749 1427 non
1784 1368 1950 1428 multi
1987 1370 2140 1447 sapi-

476 1456 648 1538 entes
688 1452 1028 1538 secundum
1081 1470 1321 1515 carnem
1354 1454 1762 1535 crediderunt,
1796 1456 1900 1518 sed
1933 1459 2134 1538 plures

476 1536 655 1628 laici:
688 1536 775 1628 Ne
805 1539 1041 1617 timeas,
1076 1540 1291 1623 inquit,
1322 1544 1423 1624 qui
1455 1544 1707 1623 simplex
1740 1564 1824 1619 es,
1864 1536 2130 1628 etagre-

477 1627 586 1689 stis
618 1646 686 1689 ac
736 1627 943 1711 idiota,
990 1649 1183 1712 neque
1227 1630 1513 1694 sollicitus
1570 1635 1650 1694 sis
1698 1627 2007 1715 quomodo
2046 1638 2133 1699 vel

477 1716 622 1797 quid
644 1718 1015 1798 reSpondeas
1037 1727 1312 1802 tyranno,
1339 1738 1473 1784 cum
1498 1721 1893 1803 interrogatus
1923 1728 2129 1803 tueris,

476 1807 575 1898 vel
599 1805 745 1898 quid
761 1806 929 1870 dicas
954 1829 969 1868 :
1002 1808 1163 1898 alius,
1182 1810 1582 1873 concionandi
1607 1813 1824 1875 modus
1845 1814 1981 1879 erit.
2005 1818 2134 1898 Spi-
2157 1846 2195 1896 Β

473 1893 624 1985 ritus
642 1894 809 1985 enim
842 1905 1081 1959 sanctus
1133 1897 1371 1960 docebit
1416 1917 1522 1961 vos
1573 1900 1634 1961 in
1686 1901 1783 1962 illa
1818 1903 1965 1965 hora
2003 1893 2135 1985 quae

472 1982 805 2075 loqui
851 1994 1171 2067 oporteat:
1220 1996 1398 2070 atque
1438 1991 1515 2051 ita
1562 1991 1704 2072 quid
1753 1991 1931 2054 fuerit
1983 1982 2132 2075 opus

474 2072 900 2164 sollicitudine,
933 2076 985 2139 si
1017 2076 1258 2158 quidem
1288 2080 1345 2139 in
1372 2078 1472 2140 illa
1495 2080 1647 2141 hora
1676 2099 1710 2142 a
1740 2079 1965 2164 Spiritu
1997 2072 2135 2145 san-

474 2170 569 2253 cto
600 2162 912 2228 docendus
944 2165 1110 2230 eris?
1140 2165 1239 2230 Sic
1286 2168 1467 2248 igitur
1503 2178 1760 2253 utroque
1790 2162 1985 2235 modo
2027 2192 2136 2236 nos

473 2252 550 2316 ad
583 2255 930 2336 martyrium
972 2256 1211 2318 instruit
1251 2276 1264 2320 :
1319 2267 1490 2321 sanat
1529 2252 1750 2322 metum
1782 2262 1883 2343 qui
1930 2270 2020 2325 est
2063 2283 2134 2327 ex

474 2343 775 2423 corporali
804 2345 1171 2423 inﬁrmitate,
1203 2354 1261 2408 et
1290 2347 1390 2428 qui
1423 2366 1491 2410 ex
1526 2349 1921 2431 simplicitate.

556 2433 741 2496 Vens.
771 2433 975 2499 13-15.
1014 2461 1041 2490 α
1073 2437 1172 2498 Ait
1198 2445 1394 2498 autem
1429 2438 1485 2501 ei
1526 2439 1767 2520 quidam
1799 2441 1874 2504 de
1914 2442 2085 2505 turba
2116 2464 2129 2504 :

475 2520 783 2602 Magister,
826 2523 925 2587 die
954 2524 1121 2587 fratri
1153 2543 1288 2610 meo
1320 2535 1383 2587 ut
1412 2526 1636 2589 dividat
1666 2548 1901 2592 mecum
1937 2532 2135 2595 haare-

476 2611 746 2677 ditatem.
782 2613 857 2675 At
888 2614 989 2678 ille
1006 2614 1153 2676 dixit
1186 2615 1279 2678 ei:
1314 2614 1532 2697 Homo,
1562 2618 1693 2699 quis
1719 2638 1812 2680 me
1836 2622 2136 2683 constituit

471 2700 739 2791 judicem
794 2711 896 2764 aut
949 2704 1271 2767 divisorem
1334 2723 1518 2786 super
1555 2707 1705 2767 vos?
1756 2709 2033 2791 Dixitque
2063 2712 2139 2773 ad

476 2788 658 2853 illos:
697 2791 911 2855 Videte
943 2798 1006 2856 et
1038 2803 1241 2855 cavete
1295 2793 1370 2855 ab
1415 2796 1678 2877 avaritia,
1731 2798 1868 2877 quia
1918 2788 2033 2862 non
2082 2804 2136 2863 in

475 2878 801 2969 abundatia
822 2883 1171 2965 cujusquam
1206 2885 1319 2946 vita
1350 2886 1481 2965 ejus
1514 2894 1602 2948 est
1629 2905 1695 2948 ex
1733 2886 1808 2950 iis
1837 2908 1965 2969 qua;
1998 2910 2138 2969 pos-

475 2967 655 3033 sidet.
688 2990 719 3029 ι
754 2971 994 3034 Docens
1037 2991 1146 3034 nos
1188 2973 1477 3037 Dominus
1520 2975 1820 3057 quomodo
1856 2967 2141 3059 _opoi'teat

476 3065 867 3123 contemnere
899 3063 1273 3144 temporalia,
1304 3073 1364 3127 et
1395 3065 1550 3145 quod
1579 3084 1695 3128 non
1720 3085 1870 3148 opus
1891 3069 1967 3129 sit
1991 3070 2141 3131 mul-

476 3154 602 3210 tum
635 3151 914 3231 occupari
955 3152 1013 3213 in
1047 3153 1327 3228 terrenis,
1381 3154 1623 3216 dimittit
1672 3175 1705 3217 a
1747 3175 1811 3219 sc
1856 3177 1992 3220 eum
2039 3160 2136 3239 qui

474 3248 786 3330 vocaverat
818 3259 881 3302 se
908 3249 972 3303 ut
1001 3242 1326 3320 partiretur
1350 3243 1756 3307 haareditatem
1791 3256 2093 3327 paternam
2119 3271 2133 3330 ;

476 3326 610 3391 ideo
643 3336 704 3391 et
732 3328 879 3392 dicit
912 3348 925 3393 :
963 3330 1112 3405 Quis
1130 3350 1225 3394 me
1248 3334 1562 3397 constituit
1585 3326 1855 3414 judiceim
1890 3338 1977 3399 vel
1997 3326 2197 3409 divi-c

475 3435 673 3479 sorem
731 3434 917 3499 super
959 3421 1102 3483 vos?
1153 3421 1445 3495 Quoniam
1498 3425 1658 3485 enim
1705 3425 1806 3487 ille
1853 3427 2139 3490 omiserat

477 3514 682 3589 petere
707 3508 895 3590 utilia,
929 3518 987 3572 et
1017 3510 1232 3573 animae
1261 3512 1434 3574 saluti
1474 3516 1870 3588 conferentia,
1906 3516 1967 3577 in
2012 3526 2137 3579 ter-

476 3595 641 3658 renis
687 3605 747 3660 et
802 3599 1229 3680 temporalibus
1283 3601 1536 3680 negotiis
1593 3604 1894 3682 quaerebat
1942 3606 2135 3686 ipsum

476 3688 675 3750 facere
703 3687 1023 3750 divisorem
1052 3710 1067 3750 :
1100 3690 1270 3769 cujus
1292 3693 1476 3770 gratia
1499 3694 1669 3773 quasi
1693 3693 2131 3775 obstreperum,

474 3784 536 3838 et
562 3776 712 3839 nihil
741 3795 813 3840 ex
832 3778 1080 3840 utilibus
1099 3779 1332 3841 discere
1349 3780 1940 3862 volentem,dimittit,
1959 3785 2137 3866 idque

474 3874 791 3929 mansuete
842 3874 902 3929 et
954 3887 1070 3929 non
1123 3877 1357 3931 austere
1411 3870 1654 3935 faciens.
1704 3874 1892 3935 Docet
1936 3884 2133 3938 autem

475 3953 723 4018 omnino
753 3974 861 4036 per
889 3956 1002 4019 hoc
1050 3976 1264 4019 omnes
1295 3967 1353 4021 et
1384 3962 1481 4036 qui
1530 3968 1669 4022 tunc
1719 3971 1776 4024 et
1825 3964 1923 4042 qui
1975 3984 2135 4028 nunc

473 4042 748 4119 audiunt,
776 4046 977 4107 omnia
1005 4047 1245 4128 quidem
1281 4057 1524 4111 terrena
1555 4050 1931 4131 negligenda,
1968 4063 2026 4115 et
2056 4054 2133 4117 ob

474 4132 828 4215 temporalia
860 4137 1097 4216 negotia
1140 4156 1256 4198 non
1301 4140 1785 4203 contendendum
1826 4162 1959 4203 cum
2008 4144 2128 4206 fra-

474 4220 691 4300 tribus,
724 4222 1058 4288 cedendum
1080 4235 1279 4289 autem
1310 4228 1495 4308 magis
1517 4228 1657 4305 illis,
1691 4231 1923 4293 etiamsi
1946 4233 2136 4295 velint

471 4311 632 4375 avari
665 4331 825 4376 esse.
858 4314 947 4377 Ab
980 4336 1051 4378 eo
1083 4316 1270 4393 enim,
1306 4317 1522 4401 inquit,
1554 4320 1659 4400 qui
1688 4321 1880 4383 aufert
1913 4330 2030 4399 tua,
2058 4341 2134 4385 ne

475 4410 736 4484 repetas.
773 4404 1104 4477 Quaerenda
1136 4406 1319 4486 igitur
1347 4427 1718 4491 qurcunque
1745 4410 1913 4474 utilia
1935 4420 1994 4474 et
2024 4431 2134 4475 ne-

474 4492 741 4558 cessaria
776 4503 913 4557 sunt
944 4496 1017 4557 ad
1050 4496 1304 4561 salutem
1330 4499 1546 4560 animae
1573 4522 1589 4573 ;
1621 4499 1754 4563 ideo
1786 4509 1847 4563 et
1871 4502 2135 4564 subdidit

471 4582 726 4673 dicens:
760 4585 971 4648 Videte
1006 4593 1064 4647 et
1114 4587 1408 4650 custodite
1452 4606 1551 4650 vos
1580 4588 1653 4650 ab
1706 4590 1969 4673 avaritia,
2004 4604 2073 4655 ut
2102 4612 2132 4653 ει

472 4672 769 4737 diabolica
799 4677 1053 4756 quadam
1087 4676 1257 4739 fovea
1284 4676 1570 4741 admonet
1592 4697 1705 4741 nos
1724 4688 1786 4742 ut
1816 4680 2131 4761 fugiamus,

470 4762 562 4825 Ad
594 4782 746 4844 quos
774 4772 974 4826 autem
1003 4765 1189 4829 dixit:
1227 4765 1439 4829 Videte
1487 4775 1545 4828 et
1588 4768 1880 4830 cusmdite
1924 4789 2023 4832 vos
2061 4771 2135 4833 ab

470 4852 761 4916 avaritia?
790 4853 882 4917 Ad
916 4853 1067 4916 duos
1089 4854 1226 4919 illos
1258 4856 1494 4937 fratres,
1531 4858 1813 4935 quoniam
1846 4859 1919 4921 de
1950 4860 2135 4922 haere-

470 4942 660 5006 ditate
690 4942 778 5004 illi
828 4944 1295 5008 contendebant.
1350 4943 1692 5009 Verisimile
1732 4958 1928 5009 autem
1981 4960 2129 5023 erat,

470 5051 658 5095 unum
692 5051 762 5094 ex
792 5031 910 5095 illis
940 5032 1171 5096 duobus
1201 5034 1451 5097 alterum
1502 5035 1717 5116 injuria
1748 5038 2042 5112 affecisse,
2079 5050 2137 5103 et

471 5129 794 5204 propterea
822 5123 897 5185 de
929 5124 1176 5186 avaritia
1221 5144 1354 5186 cum
1399 5124 1517 5187 illis
1546 5125 1827 5206 loquitur.
1863 5126 2131 5208 Magnum

471 5212 633 5274 enim
661 5212 775 5274 hoc
805 5212 1027 5275 malum
1056 5235 1070 5277 :
1105 5213 1331 5276 idcirco
1371 5222 1428 5275 et
1482 5214 1695 5277 Paulus
1725 5215 2123 5281 idololatriam

473 5293 663 5381 ipsam
696 5300 908 5356 vocat:
953 5294 1107 5357 forte
1160 5296 1318 5376 quod
1367 5294 1440 5356 ad
1474 5295 1634 5356 solos
1680 5298 1975 5375 pertineat
2031 5301 2132 5381 qui

470 5379 663 5444 Deum
693 5381 969 5462 ignorant
1003 5406 1017 5448 :
1053 5384 1166 5460 vel,
1200 5384 1259 5446 id
1314 5384 1471 5465 quod
1512 5384 1688 5447 etiam
1744 5387 1960 5461 verius,
1996 5379 2134 5470 quia

471 5470 632 5534 idola
659 5472 953 5552 gentium,
981 5483 1294 5554 argentum
1317 5482 1373 5536 et
1403 5493 1637 5537 aurum.
1678 5475 1858 5555 Igitur
1879 5478 1974 5557 qui
1998 5479 2138 5543 colit

471 5571 784 5643 argentum
819 5573 876 5625 et
905 5583 1143 5646 aurum,
1174 5566 1388 5629 similis
1430 5575 1521 5627 est
1554 5565 1847 5628 idolorum
1885 5569 2132 5631 cultori-

470 5651 606 5717 bus.
638 5652 927 5717 Eamdem
961 5654 1120 5717 enim
1171 5656 1479 5719 materiam
1534 5655 1785 5717 adorant
1814 5664 1870 5719 et
1900 5660 2133 5739 ample-

467 5750 684 5809 xantur
698 5743 1358 5826 uterque.Supervacua
1370 5745 1571 5826 itaque
1600 5744 2139 5823 fugienda.Quare?

2220 1256 2329 1329 κίᾳ.
2380 1255 2533 1315 Ἐπεὶ
2602 1259 2702 1338 γὰρ
2759 1260 2819 1315 οὕ
2890 1252 3080 1315 πολλοὶ
3139 1259 3289 1339 σοφοὶ
3346 1260 3483 1315 κατὰ
3541 1258 3706 1336 σάρκα
3748 1256 3857 1312 ἐπί-

2219 1367 2465 1427 στευσαν,
2524 1345 2644 1404 ἀλλ’
2689 1350 2736 1404 οἱ
2784 1347 2998 1413 πλείους
3028 1346 3255 1423 ἰδιῶται,
3306 1350 3393 1414 Μὴ
3424 1343 3610 1428 φοϐοῦ,
3645 1346 3790 1424 φησὶ,
3834 1347 3859 1400 ὁ

2219 1434 2465 1515 ἄγροικος
2519 1438 2608 1493 καὶ
2666 1435 2907 1511 ἱδιώτης,
3010 1435 3147 1513 μηδὲ
3205 1439 3435 1516 μερίμνα
3510 1440 3625 1499 πῶς
3704 1434 3739 1502 ἢ
3819 1435 3863 1488 τί

2218 1523 2539 1605 ἀπολογήσῃ
2593 1529 2671 1601 τῷ
2727 1527 2962 1606 τυράννῳ
3042 1526 3388 1607 ἐρωτώμενος
3448 1526 3484 1594 ἢ
3534 1526 3584 1581 τί
3653 1522 3807 1600 εἴπῃς
3845 1538 3856 1551 ·

2220 1612 2382 1672 ἄλλον
2437 1616 2637 1693 τρόπον
2694 1614 3022 1696 δημηγορῶν
3059 1634 3072 1649 ·
3136 1618 3196 1673 τὸ
3283 1616 3383 1694 γὰρ
3439 1614 3593 1693 ἅγιον
3666 1616 3864 1687 Πνεῦμα

2218 1700 2407 1770 διδάξει
2451 1706 2588 1781 ὑμᾶς
2648 1705 2704 1761 ἐν
2749 1710 2882 1783 αὐτῇ
2931 1711 2999 1782 τῇ
3048 1705 3181 1785 ὥρᾳ,
3246 1703 3278 1760 ἃ
3319 1702 3405 1761 δεῖ
3436 1706 3630 1765 εἰπεῖν.
3664 1701 3862 1789 δἰὶστει

2218 1792 2295 1855 τίς
2367 1795 2525 1874 χρεία
2583 1802 2678 1852 τοῦ
2732 1796 3045 1875 φροντίζειν,
3106 1794 3223 1874 εἴγε
3296 1791 3350 1849 ἐν
3434 1795 3566 1870 αὐτῇ
3632 1799 3698 1868 τῇ
3764 1790 3866 1868 ὥρᾳ

2218 1880 2434 1958 μέλλεις
2515 1884 2617 1940 ὑπὸ
2699 1890 2792 1940 τοῦ
2864 1884 3171 1959 Πνεύματος
3256 1880 3641 1957 διδάσκεσθαις
3709 1879 3865 1941 οὕτως

2218 1974 2307 2027 οὖν
2356 1971 2728 2053 ἀμφοτέρωθεν
2786 1974 2859 2037 εἷς
2920 1976 2982 2030 τὸ
3046 1973 3328 2052 μαρτύριον
3378 1974 3525 2048 ἡμᾶς
3581 1967 3866 2048 ἐπαλείφει,

2217 2060 2307 2118 τόν
2350 2082 2408 2117 τε
2453 2061 2541 2118 ἐπὶ
2583 2068 2653 2138 τῇ
2698 2068 2984 2139 σωματικῇ
3027 2062 3267 2134 ἀσθενείᾳ
3310 2060 3498 2141 φόϐον,
3552 2061 3644 2116 τόν
3685 2080 3742 2115 τε
3791 2057 3868 2113 ἐπὶ

2219 2157 2287 2229 τῇ
2324 2151 2568 2232 ἀγροικίᾳ
2595 2152 2845 2229 ἰώμενος.

2304 2444 2332 2475 α
2371 2422 2512 2479 Εἷπε
2543 2419 2598 2477 δέ
2627 2442 2709 2485 τις
2738 2422 2881 2495 αὐτῷ
2916 2424 2977 2477 εκ
3008 2420 3104 2477 τοῦ
3141 2418 3310 2500 ὄχλου
3340 2437 3358 2456 ο
3413 2416 3729 2492 Διδάσκαλε,
3764 2416 3871 2473 εἰπὲ

2220 2516 2296 2584 τῷ
2324 2508 2536 2591 ἀδελφῷ
2597 2532 2698 2587 μου
2758 2511 3069 2591 μερίσασθαι
3137 2510 3255 2586 μετ’
3290 2509 3422 2585 ἐμοῦ
3481 2510 3580 2575 τὴν
3610 2506 3869 2585 κληρονο-

2220 2602 2368 2677 μίαν,
2408 2591 2464 2658 Ὀ
2496 2599 2550 2656 δὲ
2578 2600 2733 2657 εἶπεν
2766 2601 2908 2676 αὐτῷ
2940 2619 2955 2635 ·
2989 2599 3315 2679 ’¹Ανθρωπε,
3349 2600 3426 2662 τίς
3461 2620 3529 2674 με
3580 2597 3869 2663 κατέστησε

2224 2688 2479 2757 δικαστὴν
2537 2690 2573 2759 ἢ
2628 2692 2884 2770 μεριστὴν
2954 2688 3037 2769 ἐφ’
3095 2692 3282 2765 ὑμᾶς,
3334 2690 3474 2746 Εἶπε
3507 2688 3561 2745 δὲ
3621 2686 3751 2767 πρὸς
3781 2688 3874 2744 αῦ-

2224 2779 2345 2842 τούς
2383 2799 2398 2815 ⁸
2463 2770 2650 2859 Ὀρᾶτε
2700 2781 2788 2836 καὶ
2841 2777 3167 2860 φυλάσσεσθε
3223 2780 3328 2835 ἀπὸ
3389 2784 3491 2845 τῆς
3548 2775 3870 2848 πλεονεξίας,

2224 2869 2303 2925 ὅτι
2347 2871 2444 2927 οὒκ
2485 2869 2538 2925 ἐν
2596 2876 2673 2943 τῷ
2730 2870 3060 2947 περισσεύειν
3116 2872 3217 2925 τινὶ
3268 2871 3303 2937 ἡ
3362 2869 3476 2940 ζωὴ
3526 2869 3686 2924 αὐτοῦ
3742 2864 3876 2922 ἐστιν

2223 2958 2282 3014 ἐκ
2312 2965 2415 3015 τῶν
2449 2959 2802 3038 ὑπαρχόντων
2836 2959 2998 3033 αὐτῷ,
3039 2982 3066 3012 ι
3122 2956 3394 3014 ,διδάσκων
3428 2960 3577 3033 ἡμᾶς
3610 2957 3637 3012 ὀ
3670 2955 3877 3034 Κύριος,

2222 3055 2337 3113 πῶς
2385 3046 2439 3103 δὲ
2499 3060 2857 3129 καταφρονεῖν
2899 3055 3006 3103 τῶν
3064 3049 3358 3125 βιωτικῶν,
3425 3048 3519 3103 καὶ
3564 3046 3648 3102 ὅτι
3692 3048 3751 3104 οὗ
3804 3041 3884 3098 δεῖ

2225 3140 2573 3216 περισπᾶσθαι
2627 3138 2745 3215 περὶ
2806 3137 2870 3192 τὰ
2915 3139 3104 3215 γήϊνα,
3154 3136 3540 3212 ἀποπέμπεται
3586 3136 3678 3192 τὸν
3718 3156 3883 3213 προσ-

2222 3226 2547 3303 καλούμενον
2608 3226 2765 3283 αὑτὸν
2816 3228 2888 3289 εἰς
2963 3228 3022 3282 τὸ
3096 3227 3407 3305 μερίσασθαι
3458 3227 3565 3293 τὴν
3640 3224 3883 3303 πατρῴαν

2221 3314 2599 3395 κληρονομὶαν.
2666 3317 2756 3372 Διὸ
2799 3317 2888 3371 καὶ
2932 3337 3062 3395 φησι
3096 3332 3110 3346 ’
3159 3315 3246 3379 Τίς
3300 3337 3365 3392 με
3399 3316 3704 3381 κατέστησε
3735 3312 3886 3369 δικα-

2223 3404 2355 3471 στήν
2424 3404 2460 3471 ἢ
2535 3404 2793 3484 μεριστὴν
2852 3402 2936 3485 ἐφ’
2984 3410 3176 3479 ὁμᾶςς
3236 3401 3458 3470 Ἐπειδὴ
3525 3404 3627 3483 γὰρ
3654 3406 3885 3473 ὶκεῖνος,

2222 3492 2532 3550 καταλιπὼν
2591 3494 2759 3549 αἰτεῖν
2838 3495 2902 3550 τὰ
2992 3495 3241 3573 χρήσιμα
3298 3494 3386 3550 καὶ
3458 3495 3596 3572 πρὸς
3651 3491 3888 3571 ψυχικὴν

2224 3584 2488 3663 σωτηρίαν
2533 3582 2892 3663 συμφέροντα,
2952 3585 3069 3663 περὶ
3132 3585 3340 3661 γηίνων
3405 3583 3494 3639 καὶ
3557 3582 3887 3662 προσκαίρων

2221 3669 2550 3750 πραγμάτων
2595 3672 2851 3750 μεριστὴν
2910 3673 3069 3728 αὐτὸν
3140 3672 3383 3750 γενέσθαι
3438 3673 3657 3748 ᾐτεῖτο,
3706 3673 3887 3727 τούτου

2222 3766 2381 3844 χάριν
2436 3766 2510 3828 ὡς
2583 3762 2823 3844 ὀχληρὸν
2880 3764 2967 3820 καὶ
3010 3761 3166 3821 οὐδὲν
3225 3762 3471 3820 ἐθέλοντα
3533 3767 3729 3837 μαθεῖν
3789 3768 3888 3816 τὼν

2220 3852 2444 3910 δεόντων
2503 3853 2908 3929 ἀποπέμπεται,
2961 3854 3050 3909 καὶ
3110 3852 3265 3909 τοῦτο
3322 3853 3506 3930 πράως
3568 3858 3743 3909 ποιῶν
3807 3851 3890 3905 καὶ

2220 3948 2315 4003 οὒκ
2371 3943 2794 4011 έπιπληκτικῶς.
2884 3943 3055 4000 Πείθει
3128 3941 3185 3998 δὲ
3274 3943 3485 4005 παντως
3569 3942 3658 3997 διὰ
3707 3942 3890 3999 τούτου

2219 4037 2420 4098 πάντας
2466 4035 2587 4097 τοὺς
2645 4033 2733 4089 καὶ
2788 4032 2910 4088 τότε
2958 4034 3049 4089 καὶ
3092 4040 3180 4089 νῦν
3226 4032 3522 4098 ἀκούοντας
3556 4034 3760 4097 παντὸς
3790 4030 3888 4107 μὲν

2218 4124 2443 4199 ἀμελεῖν
2520 4124 2843 4202 προσκαίρου
2921 4124 3007 4179 καὶ
3092 4124 3289 4200 γη’ίνου
3369 4123 3719 4200 πράγματος,
3814 4119 3889 4195 μὴ

2218 4213 2646 4293 φιλονεικοῦντας
2704 4208 2985 4293 ἀδελφοῖς,
3031 4212 3277 4274 εἴκοντας
3328 4209 3382 4267 δὲ
3437 4212 3649 4286 μᾶλλον
3682 4215 3889 4287 αὐτοῖς,

2216 4304 2317 4362 κᾶν
2374 4302 2675 4381 βοάλωνται
2730 4300 3103 4364 πλεονεκτεῖν.
3169 4301 3305 4359 ’Λπὸ
3334 4302 3433 4381 γὰρ
3476 4309 3573 4359 τοῦ
3612 4302 3887 4381 αἴροντος,

2218 4395 2377 4477 φησὶ,
2436 4394 2502 4449 τὰ
2560 4394 2627 4449 σὰ
2679 4393 2756 4467 μὴ
2812 4392 3056 4469 ἀπαίτει,
3116 4400 3404 4464 ζητοῦντας
3465 4390 3567 4449 ὅσα
3627 4392 3728 4469 πέρ
3781 4392 3891 4447 ἐστι

2221 4486 2469 4565 χρήσιμα
2527 4483 2615 4539 καὶ
2672 4482 2943 4565 ἀναγκαῖα
3012 4484 3145 4561 πρὸς
3196 4483 3462 4560 σωτηρίαν
3521 4484 3741 4562 ψυχῆς.
3800 4480 3891 4535 Διὸ

2219 4562 2307 4631 καὶ
2363 4573 2604 4652 ἐπήγαγε
2636 4570 2806 4650 λέγων
2841 4587 2855 4601 ⁸
2895 4562 3083 4651 Ὀρᾶτε
3126 4572 3214 4628 καὶ
3259 4571 3589 4651 φυλάσσεσθε
3635 4573 3747 4628 ἀπὸ
3795 4574 3891 4635 τῆς

2220 4661 2545 4737 πλεονεξίας,
2608 4664 2681 4726 ὡς
2761 4660 2943 4741 βόθρον
3017 4662 3135 4718 τινὰ
3229 4659 3532 4718 διαϐολικὸν
3616 4666 3894 4737 παραινῶν

2218 4758 2354 4830 ἡμῖν
2412 4754 2610 4819 ταύτην
2653 4752 2995 4832 ἀποφεύγειν.
3046 4752 3182 4826 Πρὸς
3228 4752 3373 4815 τίνας
3418 4750 3471 4806 δὲ
3529 4754 3691 4808 τοῦτο
3740 4755 3886 4818 εἷπε,

2222 4836 2408 4915 Ὀρᾶτε
2463 4844 2552 4899 καὶ
2609 4839 2937 4921 φυλάσσεσθε
2992 4840 3098 4897 ἀπὸ
3166 4846 3266 4907 τῆς
3324 4838 3631 4905 πλεονεξίας
3674 4861 3690 4921 ;
3757 4841 3892 4918 Πρὸς

2218 4938 2340 4999 τοὺς
2385 4933 2475 4990 δύο
2531 4933 2747 4995 τούτους
2818 4928 3073 5011 ἀδελφούς
3109 4950 3124 4966 ·
3188 4930 3303 4987 ἐπεὶ
3344 4932 3444 5009 γὰρ
3504 4931 3625 5008 περὶ
3687 4928 3890 5007 κληρο⁹

2219 5026 2405 5100 νομίας
2463 5020 2529 5089 ἧν
2584 5024 2764 5083 αὒτοῖς
2795 5021 2829 5087 ἡ
2876 5012 3193 5099 ἀμφιϐολία,
3257 5021 3394 5082 εἰκὸς
3456 5016 3510 5074 δὲ
3565 5019 3635 5085 ἧν
3669 5020 3778 5074 τῶν
3807 5016 3894 5072 δύο

2218 5117 2416 5172 τούτων
2474 5114 2565 5168 τὸν
2608 5110 2701 5166 ἕνα
2746 5106 2951 5165 ἀδικεῖν
3005 5112 3095 5165 τὸν
3141 5108 3344 5189 ἕτερον,
3400 5108 3485 5165 διὰ
3552 5114 3716 5164 τοῦτο
3778 5107 3894 5184 περὶ

2216 5201 2523 5268 πλεονεξίας
2573 5202 2757 5264 αὐτοῖς
2815 5197 3141 5277 διαλέγεται.
3210 5200 3362 5278 Μέγα
3422 5200 3521 5277 γὰρ
3563 5204 3727 5255 τοῦτο
3787 5219 3888 5252 κα-

2216 5298 2309 5353 κόν
2343 5311 2357 5325 ⁶
2416 5294 2495 5348 διὸ
2553 5291 2641 5347 καὶ
2695 5288 2926 5363 Παῦλος,
3002 5288 3435 5368 εἰδωλολατρείαν
3492 5294 3652 5343 τοῦτο
3700 5285 3887 5360 καλεῖ,

2218 5388 2364 5466 τάχα
2419 5385 2491 5448 ὡς
2536 5380 2720 5457 μόνοις
2751 5378 2954 5456 πρέπον
3007 5391 3127 5442 τοῖς
3160 5380 3237 5454 μὴ
3268 5377 3428 5435 εἰδόσι
3462 5378 3594 5434 Θεόν
3637 5395 3649 5407 ·
3690 5377 3727 5445 ἢ
3760 5377 3895 5454 ὅπερ

2218 5480 2305 5534 καὶ
2362 5471 2737 5550 ἀληθέστερον,
2784 5471 2901 5525 επεὶ
2958 5470 3023 5524 τὰ
3066 5467 3266 5525 εἴδωλα
3325 5470 3431 5525 τῶν
3495 5468 3688 5548 ἐθνῶν,
3722 5467 3894 5545 ἀργύ-

2220 5592 2331 5645 ριον
2388 5565 2475 5621 καὶ
2531 5560 2772 5642 χρυσίον.
2816 5558 3043 5634 "Opem;
3102 5573 3218 5624 τοῖς
3281 5556 3703 5637 εἰδωλολάτραις
3754 5560 3781 5611 ὸ
3812 5578 3899 5610 τι-

2220 5665 2337 5736 μῶν
2386 5656 2446 5712 τὲ·
2499 5651 2746 5731 ἀργύριον
2816 5650 2903 5705 καὶ
2953 5650 3012 5706 τὸ
3074 5650 3299 5729 χρυσίον
3337 5666 3352 5682 ⁵
3413 5649 3513 5716 τὴν
3559 5646 3679 5727 γὰρ
3740 5647 3911 5712 αύτὴν

2219 5751 2354 5817 ὕλην
2407 5740 2754 5825 προσκυνοῦσι
2826 5741 2913 5797 καὶ
2983 5740 3333 5821 περιέπουσιν
3400 5738 3744 5819 ἀμφότεροι.
3813 5744 3912 5791 Δεῖ
