4202 6414
342 411 462 476 885
1083 415 1530 479 ENARRATIO
1572 414 1656 479 IN
1700 412 2011 478 EVANGE

2100 412 2209 475 UM
2255 409 2498 475 Lucis.
2543 440 2621 457 —
2664 386 2827 474 CAP.
2878 405 3014 473 XII.
3618 394 3737 470 886

344 548 438 605 οὖν
506 549 720 629 φεύγειν
792 550 851 606 τὸ
908 550 1176 628 περιττόν.
1254 549 1455 625 Διατί;
1508 549 1652 606 Διότι
1709 547 1804 606 οὒκ
1830 549 1887 606 ἒν
1934 549 2011 621 τῷ

2095 556 2240 630 Quia
2268 576 2387 619 non
2431 556 2493 618 in
2538 554 2864 620 abundanti
2904 554 3158 635 quodam
3188 552 3303 615 vita
3337 553 3455 616 illis
3485 559 3576 615 est
3609 572 3622 612 :
3677 550 3740 613 id

343 639 681 716 περισσεύειν
724 641 825 696 τινὶ
880 640 914 707 ἡ
959 642 1072 711 ζωαὶΙ
1135 640 1294 695 αὐτοῦ
1369 637 1506 712 ἐστι,
1584 637 1879 712 τουτέστιν,
1952 640 2011 695 οὒ

2095 655 2204 720 est,
2239 646 2376 710 vitae
2400 664 2680 709 mensura
2710 664 2830 706 non
2858 644 3039 707 simul
3073 642 3407 705 extenditur
3436 661 3571 704 cum
3614 642 3744 721 ipsa

337 727 739 786 cmvextafvstat
790 730 851 785 τὸ
894 729 990 797 τῆς
1049 730 1194 800 ζωῆς
1246 728 1438 807 μέτρον
1468 735 1537 805 τῇ
1567 729 1841 808 περιουσίᾳ
1874 746 1887 759 ⁸
1952 730 2010 785 οὗ

2095 734 2476 810 abundantia,
2497 754 2690 816 neque
2708 736 2865 797 enim
2894 732 2993 811 qui
3018 733 3200 794 multa
3224 730 3744 813 possidetpliutius

339 818 445 895 γὰρ
508 816 572 886 δὴ
619 818 825 906 ὁὲχων
871 817 1069 898 πολλὰ,
1128 817 1231 886 ἤδη
1282 840 1385 875 που
1427 820 1515 875 καὶ
1560 818 1612 881 ἐς
1672 818 2007 897 μακρὸνζή-

2095 824 2274 886 vivit:
2312 842 2505 906 neque
2554 823 2868 885 comitatur
2912 822 3249 884 divitiarum
3299 820 3740 882 multitudinem

338 928 509 981 σεται,
551 905 667 964 οὔδε
725 908 1010 966 ἀκολουθεῖ
1054 915 1131 982 τῷ
1172 907 1366 979 πλήθει
1423 915 1515 966 τοῦ
1546 907 1773 967 πλούτου
1801 909 1835 975 ἡ
1892 929 2004 981 μα-

338 998 603 1075 κροζωία.
661 1006 827 1056 Τοῦτο
887 996 942 1054 δὲ
1001 997 1146 1075 λέγει
1207 1000 1235 1054 6
1283 999 1491 1075 Κύριος,
1541 996 1848 1077 ἀνατρέπων
1881 997 2004 1061 τοὺς

340 1092 449 1140 τῶν
509 1085 885 1144 πιλοπλούτων
943 1085 1235 1165 λογισμούς
1269 1102 1283 1116 ⁸
1349 1086 1534 1155 ἐπειδὴ
1592 1088 1691 1165 γὰρ
1735 1089 1782 1141 οἱ
1844 1085 1994 1166 φιλό-

345 1173 567 1231 πλουτοι
625 1173 869 1233 δοκοῦσιν
923 1179 996 1240 ὡς
1056 1175 1309 1256 φιλόζωοι
1336 1176 1583 1255 περιέπεν
1612 1178 1704 1232 τὸν
1746 1176 2000 1251 πλοῦτον,

341 1266 431 1321 καὶ
491 1267 564 1329 ὡς
625 1264 710 1322 ἐπὶ
767 1267 971 1343 μακρὸν
1057 1264 1343 1341 μέλλοντες
1417 1266 1725 1343 βιώσεσθαι,
1799 1287 2003 1321 παντα-

344 1355 507 1433 χόθεν
564 1355 839 1436 συνάγειν,
900 1356 1058 1436 φησίν
1095 1375 1109 1389 ⁸
1158 1354 1362 1412 ’¹Αθλιε
1418 1357 1506 1411 καὶ
1556 1354 1879 1432 ταλαίπωρε,
1929 1356 2007 1430 μὴ

343 1444 444 1522 γὰρ
504 1444 564 1500 ἐκ
619 1447 712 1501 τοῦ
762 1444 935 1526 ἔχειν,
996 1442 1173 1503 πολλὰ
1227 1445 1653 1523 προσγενήγεταί
1694 1463 1781 1500 σοι’
1832 1445 2008 1501 καὶτὸ

340 1530 685 1610 μακρόϐιον;
748 1534 799 1589 τί
849 1534 1023 1591 τοίνυν
1103 1535 1437 1598 κακοπαθεῖς
1522 1532 1806 1613 προδήλως
1874 1535 2006 1605 ὑπὲρ

337 1623 438 1687 τῆς
499 1620 703 1693 ἀδήλου
764 1623 1163 1695 ἆναπαύσεωςς
1224 1622 1477 1691 ’Ἄδηλον
1538 1624 1636 1699 μὲν
1689 1624 1814 1703 γὰρ,
1888 1623 2008 1702 εἴγε

343 1711 562 1791 φθάσεις
594 1713 668 1777 εἰς
727 1717 921 1791 γῆρας,
983 1715 1045 1769 οὗ
1094 1710 1275 1770 εἵνεκα
1322 1715 1677 1792 θησαυρίζεις.
1738 1710 2007 1793 Πρόδηλον

2087 913 2219 975 vitae
2246 914 2609 993 longaevitas.
2653 912 2780 975 Hoc
2809 922 3007 976 autem
3040 912 3185 973 dicit
3212 911 3498 973 Dominus
3532 910 3746 972 confu-

2088 1010 2218 1064 tans
2235 1003 2625 1083 cogitationes
2645 1005 2968 1065 amantium
3002 1000 3555 1073 divitias.Quoniam
3582 998 3740 1060 enim

2088 1091 2429 1153 divitiarum
2462 1100 2757 1153 amatores
2791 1091 3134 1154 existimant
3176 1090 3334 1172 quod
3368 1090 3550 1150 multo
3585 1098 3742 1152 tem-

2089 1199 2233 1261 pore
2263 1180 2497 1243 divitias
2529 1180 2863 1261 possessuri
2899 1180 3040 1249 siut,
3078 1188 3136 1241 et
3174 1178 3343 1260 quasi
3374 1177 3476 1239 diu
3506 1176 3740 1257 victuri,

2089 1269 2487 1351 undequaque
2515 1288 2659 1348 opes
2691 1268 3184 1349 colligunt,dicit:
3221 1268 3403 1331 Miser
3438 1277 3500 1328 et
3524 1284 3736 1328 terum-

2090 1377 2256 1432 nose,
2296 1360 2566 1440 nunquid
2599 1379 2668 1421 ex
2701 1360 3021 1421 multorum
3075 1358 3453 1438 possessione
3491 1356 3607 1417 vita
3644 1367 3745 1417 tua

2089 1449 2435 1528 productior
2465 1448 2579 1510 erit
2596 1448 2627 1508 ?
2653 1466 2760 1509 cur
2788 1448 2971 1527 igitur
2989 1446 3275 1524 afﬂigeris
3306 1444 3617 1508 manifeste
3635 1462 3742 1525 pro

2088 1537 2230 1598 570
2261 1537 2488 1599 incerta
2519 1538 2771 1619 quiete?
2800 1536 3103 1600 Incertum
3137 1535 3295 1597 enim
3332 1552 3473 1596 num
3519 1533 3593 1595 ad
3638 1552 3740 1595 se-

2090 1634 2392 1688 nectutem
2456 1627 2781 1707 pertingas,
2846 1626 3016 1706 cujus
3069 1624 3256 1705 gratia
3313 1622 3677 1686 thesaurizas
3727 1640 3740 1684 :

2093 1715 2475 1778 manifestum
2507 1725 2703 1778 autem
2756 1716 2915 1797 quod
2965 1734 3123 1777 nunc
3180 1712 3433 1776 insumis
3482 1713 3543 1774 in
3601 1730 3746 1793 opes

342 1798 400 1856 δὲ
449 1799 529 1857 ὅτι
575 1809 661 1859 νῦν
702 1800 908 1874 δαπανᾷ
937 1805 1055 1881 περὶ
1080 1803 1169 1859 τὸν
1216 1804 1479 1880 πορισμὸν
1527 1801 1635 1858 τῶν
1680 1801 2005 1882 χρημάτων.

2095 1805 2563 1886 conquirendas.

425 1916 452 1946 α
520 1891 660 1950 Εἶπε
701 1889 757 1948 δὲ
788 1890 1101 1972 παραϐολὴν
1134 1893 1267 1971 πρὸς
1298 1893 1487 1957 αὐτοὺς
1518 1891 1692 1970 λέγων
1726 1908 1740 1922 ⁸
1769 1892 2008 1971 Ἀνθρώ-

343 2005 446 2039 που
502 1983 647 2045 τινὸς
699 1981 954 2040 πλουσίου
1011 1982 1303 2063 εὐφόρησεν
1348 1984 1384 2051 ἦ
1444 1982 1623 2063 χώρα,
1683 1984 1771 2039 καὶ
1829 1981 2007 2039 διελυ-

342 2072 518 2147 γίζεσο
564 2070 617 2127 ἐν
666 2072 835 2144 ἑαυτῷ
891 2070 1064 2150 λέγων
1101 2087 1114 2101 ⁸
1182 2073 1243 2129 Τί
1306 2073 1540 2146 ποιήσω,
1601 2070 1683 2128 ὅτι
1743 2071 1837 2128 οὐκ
1892 2071 2009 2152 ἔχω

341 2183 445 2218 που
502 2158 707 2226 συνάξω
749 2162 870 2225 τοὺς
930 2161 1163 2239 καρπούς
1215 2182 1362 2237 μους
1426 2162 1523 2219 Καὶ
1589 2161 1715 2217 εἶπε
1751 2176 1764 2191 ⁸
1840 2171 2007 2220 Τοῦτο

342 2250 578 2324 ποιήσω,
650 2248 861 2307 καθελῶ
911 2272 1011 2325 μου
1071 2252 1168 2313 τὰς
1240 2249 1540 2329 ἀποθήκας,
1615 2251 1703 2307 καὶ
1760 2251 2003 2327 μείζονας

336 2338 702 2419 οἰκοδομήσω,
764 2342 853 2396 καὶ
907 2339 1112 2406 συνάξω
1168 2341 1287 2397 ἐκεῖ
1342 2340 1515 2397 πάντα
1570 2342 1635 2397 τὰ
1696 2341 2007 2418 γεννήματα

340 2452 464 2503 nou,
521 2431 609 2486 καὶ
668 2430 734 2485 τὰ
817 2429 989 2506 ἀγαθά
1050 2451 1175 2502 μου,
1222 2430 1310 2489 καὶ
1374 2428 1476 2509 ἐρῶ
1517 2436 1586 2507 τῇ
1647 2431 1802 2510 ψυχῆ
1856 2454 1956 2502 μου
1988 2446 2004 2463 ⁸

338 2519 531 2599 Ψυχὴ,
594 2519 744 2599 ἔχεις
807 2518 979 2577 πολλᾶ
1022 2519 1192 2595 ἀγαθᾶ
1255 2521 1471 2596 κείμενα
1515 2522 1589 2583 εἰς
1646 2520 1743 2588 ἔτη
1804 2520 2004 2599 πολλὰ,

340 2608 639 2688 ἀναπαύου,
684 2608 845 2688 φάγε,
927 2608 1037 2687 πίε,
1125 2609 1421 2689 εὐφραίνου.
1486 2611 1626 2667 Eine
1687 2608 1742 2665 δὲ
1786 2615 1928 2685 αὐτῷ
1978 2610 2007 2666 6

342 2697 473 2759 Θεός
511 2716 525 2730 ⁸
577 2696 821 2777 ”Αφρον,
869 2698 1036 2774 ταύτῃ
1081 2703 1151 2774 τῇ
1194 2699 1335 2757 νυκτὶ
1366 2700 1465 2767 τὴν
1511 2701 1698 2779 ψυχήν
1728 2722 1820 2756 σου
1849 2699 2007 2756 ἀπαι-

342 2794 521 2843 τοῦσιν
549 2786 654 2843 ἀπὸ
683 2793 779 2843 σοῦ
817 2804 832 2819 ⁸
890 2785 923 2842 ἂ
977 2784 1033 2843 δὲ
1077 2787 1398 2863 ἡτοίμασας,
1431 2789 1530 2845 τίνι
1564 2788 1709 2845 ἔσται
1745 2808 1760 2861 ;
1822 2788 2005 2853 Οὕτως

340 2879 368 2932 6
425 2876 753 2954 θησαυρίζων
810 2877 1006 2951 ἑαυτῷ,
1063 2878 1152 2932 καὶ
1211 2877 1289 2953 μὴ
1339 2880 1412 2943 εἰς
1475 2879 1607 2934 Θεὸν
1664 2876 1930 2940 πλουτῶν,
1982 2901 2005 2936 it

344 2968 523 3025 Εἰπὼν
582 2965 663 3022 ὅτι
711 2970 770 3025 οὐ
800 2972 867 3043 τῇ
911 2966 1183 3046 περισσεία
1214 2974 1321 3025 τῶν
1379 2969 1681 3048 χρημάτων
1724 2969 1812 3025 καὶ
1840 2970 1874 3036 ἡ
1918 2969 2010 3025 τοῦ

342 3056 623 3135 ἀνθρώπου
699 3056 813 3127 ζωὴ
900 3057 1430 3132 συμπαρεκτείνεται,

348 3147 539 3205 τούτου
592 3145 829 3224 επιφέρει
873 3147 963 3201 καὶ
1005 3143 1340 3224 παραϐολήν,
1380 3148 1477 3205 Καὶ
1537 3145 1632 3224 ὅρα
1700 3146 1815 3210 πῶς
1870 3148 2009 3203 ὓπο-

345 3237 538 3315 γραφει
596 3236 734 3310 ἡμῖν
765 3235 995 3306 ἀνοήτου
1051 3235 1304 3293 πλουσίου
1360 3235 1668 3307 ἀπλήστους
1698 3235 2011 3315 λογισμούς.

356 3319 413 3385 Ὀ
462 3328 558 3403 μὲν
601 3328 700 3407 γὰρ
751 3328 883 3393 Θεὸς
940 3329 1005 3383 τὰ
1055 3327 1243 3386 ἑαυτοῦ
1292 3328 1484 3409 ἐποίει,
1537 3329 1626 3384 καὶ
1666 3329 1764 3397 τὴν
1819 3329 2015 3386 οἰκείαν

356 3416 760 3496 εὖσπλαγχνίαν
815 3413 1148 3476 ἐπεδείκνυτο
1181 3435 1198 3453 ⁸
1260 3421 1321 3476 οὒ
1398 3418 1498 3496 γὰρ
1560 3417 1616 3472 ἓν
1673 3415 1858 3496 γήδιον
1923 3425 2016 3474 τοῦ

354 3504 631 3579 πλουσίου,
667 3503 787 3561 ἀλλ’
832 3504 937 3573 ὅλη
995 3505 1032 3573 ἧ
1076 3506 1232 3586 χώρα
1270 3505 1583 3587 εὐφόρησεν.
1651 3497 1707 3565 Ὀ
1765 3504 1819 3563 δὲ
1852 3507 2017 3573 οὕτως

348 3598 421 3662 ἦν
481 3593 717 3673 ἄκαρπος
771 3596 889 3675 περὶ
944 3595 1044 3661 τὴν
1103 3594 1525 3676 εὐσπλαγχνίαν,
1607 3595 1744 3653 ὥστε
1805 3598 1925 3675 πρὶν
1981 3597 2017 3665 ἢ

345 3682 563 3753 λαϐεῖν,
631 3697 908 3765 συνεῖχεν.
976 3674 1125 3764 υΟρα
1181 3683 1236 3740 δὲ
1287 3674 1385 3741 καὶὴ
1445 3686 1539 3749 τὰς
1604 3692 1697 3742 τοῦ
1766 3674 2017 3745 πλουσίου

344 3772 562 3845 ἡδονὰς,
629 3774 689 3831 Τί
743 3775 1003 3849 ποιήσω;
1068 3774 1325 3839 Τοιαῦτας
1397 3775 1574 3855 φωνὰς
1646 3774 1769 3855 οὐχὶ
1827 3776 1914 3831 καὶ
1988 3777 2016 3832 6

348 3863 521 3929 πένης
580 3860 754 3943 λέγει,
811 3862 859 3918 τί
905 3863 1143 3943 ποιήσω,
1204 3861 1284 3920 ὅτι
1342 3863 1437 3921 οὐκ
1479 3862 1597 3944 ἔχω
1653 3864 1768 3929 πῶς
1812 3866 2016 3945 τραφή-

344 3975 535 4028 σομαι,
590 3957 705 4014 πῶς
760 3950 1098 4029 ἐνδύσομαι;
1157 3950 1281 4010 ’Ἴδε
1309 3976 1399 4030 μοι
1461 3956 1549 4010 καὶ
1600 3955 1695 4019 τὰς
1722 3954 1815 4011 τοῦ
1840 3953 2016 4011 πλου-

351 4045 465 4101 σίου
524 4044 703 4123 φωνάς
740 4058 755 4074 ⁸
809 4045 869 4101 Τί
914 4045 1152 4116 ποιήσω,
1205 4042 1287 4099 ὅτι
1350 4044 1444 4101 οὐκ
1497 4043 1614 4124 ἔχω
1656 4052 1756 4101 ποῦ
1813 4044 2015 4111 συνάξω

340 4135 463 4196 τοὺς
489 4133 726 4212 καρποὺς
759 4153 909 4213 μου,
964 4131 1113 4203 Καλή
1162 4155 1223 4213 γε
1281 4133 1611 4199 ἀνάπαυσις.
1669 4132 1802 4213 Εἵγε
1853 4136 1943 4191 καὶ
1988 4138 2015 4192 6

349 4222 519 4289 πένης
550 4224 703 4303 φησί’
741 4222 802 4281 Τί
828 4223 1072 4298 ποιήσω,
1108 4221 1189 4279 ὅτι
1221 4223 1315 4280 οὐκ
1361 4222 1479 4303 ἔχω
1513 4240 1529 4297 ;
1562 4225 1650 4280 καὶ
1680 4226 1707 4281 6
1738 4222 2014 4305 πλούσιος,

344 4313 409 4371 Τί
439 4313 677 4385 ποιήσω,
709 4308 789 4368 ὅτι
835 4315 929 4371 οὐκ
984 4311 1102 4393 ἔχω
1133 4332 1149 4388 ;
1197 4314 1248 4369 τί
1290 4315 1460 4373 τοίνυν
1506 4312 1803 4392 συναίγομεν
1836 4314 1897 4370 ἐκ
1925 4322 2018 4371 τοῦ

2175 1895 2353 1957 Vens.
2399 1896 2617 1960 16-21.
2676 1920 2703 1951 α
2743 1894 2900 1958 Dixit
2944 1901 3141 1956 autem
3186 1892 3636 1955 similitudinem
3670 1893 3744 1954 ad

2092 1982 2249 2059 illos,
2300 1983 2507 2047 dicens
2544 2002 2557 2047 :
2605 1983 2881 2046 Hominis
2926 1982 3235 2062 cujusdam
3287 1981 3485 2045 divitis
3524 1981 3746 2045 uberes

2090 2071 2315 2134 fructus
2346 2092 2489 2152 ager
2517 2073 2729 2149 attulit,
2765 2086 2824 2135 et
2855 2072 3145 2152 cogitabat
3178 2073 3332 2133 intra
3362 2090 3453 2152 se,
3481 2070 3693 2133 dicens
3726 2094 3742 2135 :

2091 2159 2241 2234 Quid
2273 2161 2511 2235 faciam,
2547 2163 2704 2244 quod
2747 2182 2867 2225 non
2919 2161 3170 2224 habeam
3221 2181 3340 2241 quo
3387 2178 3743 2241 congregem

2087 2250 2315 2313 fructus
2348 2251 2561 2314 meos?
2604 2251 2675 2313 Et
2722 2252 2870 2314 dixit
2914 2271 2927 2314 :
2980 2250 3105 2313 Hoc
3153 2250 3388 2323 faciam,
3441 2249 3743 2312 destruam

2088 2339 2303 2401 horrea
2324 2347 2547 2417 mea,et
2572 2342 2795 2420 majora
2813 2344 3203 2414 exstruam,et
3223 2337 3593 2419 congregabo
3606 2338 3747 2401 illuc

2090 2430 2289 2490 omnia
2312 2428 2469 2490 bona
2484 2448 2616 2491 mea
2636 2449 2767 2510 quae
2799 2429 2945 2491 mihi
2969 2436 3105 2491 nata
3134 2437 3293 2508 sunt,
3316 2437 3375 2490 et
3391 2427 3586 2491 dicam
3609 2428 3742 2489 ani-

2093 2536 2205 2579 mae
2239 2536 2383 2581 mm:
2421 2519 2657 2594 Anima,
2684 2518 2868 2581 habes
2892 2520 3074 2581 multa
3099 2517 3255 2581 bona
3276 2517 3543 2599 reposita
3563 2518 3625 2579 in
3644 2536 3746 2580 an-

2091 2625 2201 2667 nos
2233 2609 2468 2682 multos,
2504 2608 3132 2689 requiesce,comede,
3165 2607 3329 2689 bibe,
3352 2607 3564 2687 gaude.
3591 2607 3750 2676 Dixit

2090 2705 2284 2758 autem
2317 2696 2405 2757 illi
2435 2695 2631 2759 Deus:
2668 2696 2878 2773 Stulte,
2912 2698 3023 2759 hac
3072 2704 3244 2759 nocte
3274 2701 3532 2758 animam
3582 2704 3741 2758 tuam

2089 2793 2368 2867 repetent
2398 2786 2505 2847 abs
2537 2795 2623 2848 te:
2658 2806 2789 2867 quas
2817 2804 2959 2848 vero
2993 2786 3234 2867 parasti,
3255 2785 3350 2847 cui
3381 2785 3743 2849 cedent?Sic

2091 2877 2195 2957 qui
2226 2876 2495 2937 recondit
2523 2876 2659 2956 sibi,
2696 2894 2808 2938 nec
2840 2885 2931 2938 est
2960 2894 3100 2954 erga
3129 2874 3314 2938 Deum
3346 2875 3745 2939 div'es.»Post-

2092 2983 2266 3045 quam
2301 2964 2448 3027 dixit
2479 2967 2655 3026 vitam
2686 2964 2946 3029 hominis
2984 2983 3104 3026 non
3138 2965 3385 3045 produci
3422 2984 3557 3027 cum
3591 2964 3745 3027 divi-

1515 3060 1646 3136 πρὸς
1726 3054 2009 3133 βεϐαίωσιν

2095 3055 2305 3116 tiarum
2338 3054 2722 3134 abundantia,
2758 3055 2829 3115 ad
2874 3055 3387 3116 conﬁrmationem
3418 3054 3549 3133 ejus
3579 3055 3754 3116 affert

2100 3143 2274 3204 etiam
2301 3144 2641 3223 parabolam
2667 3162 2680 3206 :
2716 3152 2775 3205 et
2796 3144 2929 3206 vide
2952 3143 3249 3224 quomodo
3271 3142 3560 3205 describit
3579 3142 3753 3205 nobis

2096 3232 2467 3295 insatiabiles
2490 3232 2867 3296 stultidivitis
2879 3232 3459 3311 cogitationes.Deus
3471 3235 3629 3295 enim
3645 3251 3752 3295 sua

2095 3321 2371 3403 faciebat,
2406 3331 2463 3384 et
2493 3323 2727 3384 solitam
2758 3321 3116 3386 ostendebat
3155 3322 3654 3397 misericordiam,
3688 3331 3752 3385 ut

2097 3430 2217 3475 non
2249 3431 2400 3473 unus
2431 3420 2657 3474 tantum
2714 3410 2916 3474 divitis
2964 3413 3214 3491 agellus,
3270 3412 3376 3474 sed
3422 3420 3543 3474 tota
3585 3411 3750 3492 regio

2101 3500 2319 3562 uberes
2351 3500 2434 3563 illi
2465 3501 2692 3562 fructus
2714 3502 2958 3564 afferret
2984 3523 2998 3565 :
3037 3520 3237 3564 verum
3271 3502 3371 3565 hic
3401 3509 3517 3564 tam
3548 3502 3748 3563 immi-

2100 3591 2359 3652 sericors
2382 3598 2529 3670 erat,
2565 3598 2628 3652 ut
2647 3601 2963 3672 antequam
2988 3593 3287 3672 reciperet
3308 3611 3398 3665 ea,
3421 3591 3747 3654 clauderet.

2100 3680 2249 3742 Vide
2279 3680 2420 3741 item
2453 3688 2511 3741 et
2538 3680 2734 3741 divitis
2755 3680 3103 3760 voluptates.
3139 3681 3291 3753 Quid
3324 3681 3534 3743 faciam
3555 3680 3579 3744 ἲ
3598 3680 3753 3744 Neu-

2101 3770 2322 3851 liquam
2358 3787 2584 3848 pauper
2624 3768 2710 3831 ita
2746 3769 3108 3849 loqueretur.
3158 3771 3297 3851 quid
3344 3769 3580 3844 faciam,
3615 3772 3753 3851 quia

2099 3878 2218 3920 non
2250 3857 2440 3921 habeo
2466 3857 2766 3938 quomodo
2792 3858 3032 3936 induar,
3068 3860 3367 3938 quomodo
3397 3858 3570 3921 alar?
3598 3858 3753 3922 Vide

2098 3957 2293 4012 autem
2315 3960 2373 4011 et
2392 3948 2590 4010 divitis
2613 3965 2812 4012 voces:
2833 3948 2989 4022 Quid
3007 3948 3243 4030 faciam,
3260 3952 3397 4030 quia
3414 3970 3538 4012 non
3560 3950 3751 4012 habeo

2097 4038 2199 4100 ubi
2232 4057 2595 4119 congregem
2629 4037 2861 4100 fructus
2915 4058 3081 4101 meos
3105 4045 3133 4102 ’ἲ
3161 4041 3328 4103 Bona
3369 4040 3612 4119 quidem
3660 4046 3755 4103 est

2101 4130 2291 4211 quies.
2319 4127 2627 4210 Siquidem
2663 4140 2723 4188 et
2754 4146 2981 4208 pauper
3004 4129 3350 4203 dicitzQuid
3366 4130 3756 4213 faciam,quia

2098 4238 2219 4281 non
2251 4216 2443 4279 habeo
2465 4217 2496 4278 ?
2527 4225 2583 4278 et
2614 4216 2781 4279 dives
2813 4217 2960 4279 dicit
2989 4235 3001 4280 :
3038 4217 3188 4291 Quid
3221 4219 3431 4282 faciam
3464 4221 3602 4301 quia
3632 4239 3750 4283 non

2098 4307 2341 4370 habeo?
2370 4306 2523 4378 Quid
2575 4305 2757 4384 igitur
2805 4306 3114 4369 lucramur
3162 4327 3233 4371 ex
3281 4328 3351 4371 eo
3394 4311 3550 4390 quod
3585 4310 3756 4390 plura

345 4404 518 4462 πλείω
563 4404 861 4482 συνάγειν;
919 4404 1212 4461 ἀνάπαυσιν
1270 4405 1369 4481 μὲν
1426 4406 1526 4484 γὰρ
1557 4407 1616 4463 οὖ
1644 4403 2009 4485 κερδαίνομεν,

2097 4395 2578 4485 congregamus?
2618 4394 2894 4467 Quietem
2950 4397 3110 4458 enim
3160 4417 3282 4459 non
3334 4397 3658 4474 lucramur,
3695 4407 3755 4460 et

348 4495 448 4552 Καὶ
507 4492 665 4562 δῆλον
714 4494 821 4550 ἀπὸ
888 4500 995 4550 τῶν
1053 4492 1362 4575 φροντίδων,
1420 4496 1694 4574 ἁμαρτιῶν
1745 4494 1800 4551 δὲ
1845 4496 2011 4572 μόνον

341 4582 551 4649 πλῆθος
639 4584 853 4647 ἑαυτοῖς
943 4584 1338 4663 ἒπισωρεύομεν
1430 4584 1645 4642 Καθελῶ
1745 4607 1847 4655 μου
1916 4587 2013 4651 τὰς

346 4672 650 4747 ἀποθήκας,
716 4674 805 4730 καὶ
862 4673 1107 4748 μείζονας
1166 4670 1527 4750 οἰκοδομήσω.
1589 4673 1716 4731 Ἐὰν
1767 4671 1821 4729 δὲ
1854 4672 2014 4731 πλέον

353 4763 626 4844 εὖφορήσῃ
672 4765 745 4827 είς
805 4763 867 4818 τὸ
925 4760 1122 4838 μέλλον
1180 4764 1215 4831 ἡ
1248 4764 1427 4845 χώρα,
1459 4761 1619 4819 πάλιν
1647 4765 2014 4845 καθαιρήσεις,

346 4853 438 4909 καὶ
479 4850 641 4911 πάλιν
687 4849 1060 4928 οἱκοδομήσεις
1098 4870 1112 4885 ⁸
1150 4855 1236 4909 γαὶ
1284 4852 1362 4918 τίς
1422 4852 1578 4933 χρεία
1625 4855 1901 4932 καθαιρεῖν
1930 4856 2018 4910 καὶ

350 4938 703 5019 οἰκοδομεϊν;
767 4939 981 5021 ’Ἔχεις
1031 4942 1307 5013 ἀποθήκας
1367 4943 1473 4999 τῶν
1533 4949 1773 5023 πτωχῶν
1802 4944 1897 5006 τὰς
1924 4966 2019 5021 γα-

346 5031 561 5113 στέρας,
614 5030 789 5089 πολλὰ
834 5029 1123 5107 δυναμένας
1206 5046 1434 5112 χωρεῖν,
1498 5033 1585 5088 καὶ
1656 5031 2016 5097 ἂκαταλύτους

348 5123 439 5178 καὶ
497 5122 790 5202 ἀφθάρτους
829 5142 843 5158 ·
899 5122 1128 5200 οὖράνιοι
1187 5124 1287 5199 γὰρ
1361 5124 1459 5179 εἰσι
1517 5124 1606 5179 καὶ
1647 5126 1811 5195 θεῖαι,
1864 5122 2019 5191 εἴπερ

347 5213 376 5267 6
422 5201 626 5291 τρέφων
658 5210 890 5279 πένητα,
956 5213 1088 5268 Θεὸν
1144 5210 1345 5291 τρέφει.
1403 5201 1551 5292 εὈρα
1607 5210 1663 5269 δὲ
1708 5213 1796 5269 καὶ
1839 5211 2017 5291 ἕτερον

350 5302 603 5368 ἀνόητον,
668 5301 744 5360 Τὰ
802 5301 1114 5379 γενντ,ματά
1165 5324 1291 5377 μου,
1356 5304 1443 5359 καὶ
1485 5305 1551 5358 τὰ
1593 5302 1764 5380 ἀγαθά
1794 5323 1917 5377 μου,
1950 5310 2022 5359 Ου

349 5394 450 5471 γὰρ
509 5391 717 5467 ἐνόμιζε
749 5398 913 5448 ταῦτα
944 5390 1095 5471 ἔχειν
1144 5392 1206 5448 ἐκ
1262 5400 1415 5464 Θεοῦ,
1452 5392 1488 5460 ἢ
1517 5392 1617 5470 γὰρ
1648 5392 1734 5465 ἂν,
1781 5392 1855 5455 ὡς
1888 5396 2021 5447 Θεοῦ

351 5480 661 5556 οἰκονόμος,
719 5481 839 5557 περὶ
894 5502 1061 5537 ταυτα
1116 5479 1364 5542 διέκειτο.
1424 5478 1571 5538 Ἀλλ’
1605 5482 1810 5538 οἰκείων
1841 5480 2019 5535 πόνων

345 5571 657 5648 γεννήματα
714 5580 881 5629 ταῦτα
909 5570 1067 5646 ᾤετο,
1114 5569 1198 5627 διὸ
1254 5573 1345 5628 καὶ
1385 5571 1560 5645 ἐαυτῷ
1612 5576 1778 5627 ταῦτα
1821 5590 2016 5649 σφετε-

350 5659 650 5738 ριζόμενος,
713 5660 789 5717 Τὰ
859 5659 1168 5738 γεννήματα
1251 5684 1353 5737 μου
1406 5663 1494 5717 καὶ
1546 5661 1613 5717 τὰ
1655 5659 1827 5738 ἆγαθά
1894 5681 2020 5740 μου,

348 5748 531 5828 ἔλεγεν
567 5766 580 5779 ·
645 5745 829 5805 οῶένα
892 5751 1017 5831 γὰρ,
1077 5752 1261 5831 φησὶν,
1319 5750 1437 5833 ἔχω
1495 5750 1778 5825 κοινωνὸν,
1837 5746 2021 5805 οὐδένα

2095 4486 2476 4549 manifestum
2509 4484 2595 4565 id,
2627 4485 2783 4564 quod
2817 4504 2851 4546 a
2879 4486 3041 4547 curis
3075 4507 3088 4549 :
3122 4495 3345 4548 tantum
3377 4496 3572 4549 autem
3606 4506 3749 4568 pec-

2098 4587 2363 4639 catorum
2400 4575 2840 4636 multitudinem
2895 4576 3068 4637 nobis
3112 4578 3583 4640 accumulamus.
3629 4580 3750 4640 De-

2099 4677 2322 4731 struam
2357 4668 2572 4729 horrea
2604 4684 2755 4740 mea,
2792 4673 2851 4727 et
2881 4667 3108 4746 majora
3138 4677 3435 4730 exstruam
3472 4689 3486 4728 :
3517 4668 3675 4748 quod
3702 4672 3751 4727 si

2099 4759 2266 4838 regio
2301 4758 2500 4838 plures
2530 4756 2592 4816 in
2623 4762 2923 4835 posterum
2951 4755 3178 4818 fructus
3210 4757 3498 4838 attulerit,
3533 4759 3750 4818 iterum

2104 4849 2204 4910 illa
2235 4848 2533 4925 destrues,
2557 4849 2619 4908 et
2648 4843 2762 4905 alia
2793 4845 3118 4908 aadilicahis
3171 4849 3243 4909 Et
3264 4867 3396 4928 quae
3417 4846 3750 4909 utilitasde-

2101 4936 2372 5000 struendi
2404 4943 2462 4996 et
2510 4933 2852 4995 exstrue-udi
2872 4934 2902 4994 ἱ)
2933 4933 3127 4998 Habes
3159 4937 3396 5013 horrea,
3424 4954 3750 5018 pauperum

2099 5036 2357 5099 ventres,
2391 5044 2521 5107 quae
2544 5023 2727 5086 multa
2743 5042 2960 5104 capere
2992 5036 3258 5105 possunt,
3282 5045 3532 5109 quaeque
3551 5033 3787 5108 inror-O

2100 5115 2381 5197 ruptibila
2411 5122 2598 5175 sunt:
2656 5113 2921 5174 coelestia
2969 5115 3129 5176 enim
3184 5126 3343 5191 sunt,
3398 5126 3457 5179 ct
3505 5116 3749 5179 divina:

2101 5203 2585 5287 quandoquidem
2620 5201 2720 5283 qui
2753 5203 2940 5282 pascit
2964 5207 3509 5287 pauperem,Deum
3542 5206 3751 5287 pascit.

2104 5295 2256 5360 Vide
2288 5298 2426 5357 item
2460 5301 2518 5355 et
2545 5292 2721 5353 aliam
2753 5292 3182 5373 insipientiam.
3209 5299 3538 5360 Proventus
3563 5313 3752 5369 meos,

2105 5387 2217 5448 hoc
2248 5394 2498 5465 estquae
2542 5381 2685 5442 mihi
2717 5391 2855 5444 nata
2903 5393 3062 5463 sunt,
3114 5394 3172 5448 et
3218 5386 3375 5462 bona
3423 5406 3577 5451 mea.
3624 5384 3753 5448 Non

2106 5478 2263 5540 enim
2292 5474 2535 5556 putabat
2563 5473 2690 5534 haac
2723 5489 2788 5531 se
2833 5471 3058 5536 habere
3090 5494 3159 5537 ex
3192 5479 3341 5557 Deo,
3375 5476 3641 5557 alioquin
3693 5485 3755 5536 ut

2105 5566 2483 5647 dispensator
2508 5561 2617 5624 Dei
2648 5559 2820 5621 aliter
2848 5561 2975 5624 haec
3005 5563 3396 5645 disposuisset
3426 5588 3439 5629 :
3493 5564 3599 5628 sed
3628 5563 3758 5627 suis

2108 5653 2411 5718 laboribus
2436 5659 2605 5734 parta
2635 5648 2899 5732 putabat,
2927 5651 3151 5716 idcirco
3173 5663 3231 5717 et
3258 5655 3373 5717 sibi
3396 5656 3522 5718 hac
3559 5653 3754 5717 tribu-

2106 5762 2237 5827 ens,
2267 5744 2423 5807 bona
2444 5760 2551 5805 sua
2581 5750 2639 5805 et
2671 5739 2787 5804 sibi
2812 5749 2953 5804 nata
2990 5742 3247 5827 dicebat,
3285 5746 3453 5829 quasi
3479 5743 3751 5807 diceret:
