4202 6402
326 334 463 397 889.
1055 340 1497 403 ENAHHATIO
1542 340 1619 403 IN
1666 331 2171 402 EVANGELIUM
2216 334 2449 403 LUC/1'1.
2497 374 2573 385 --
2618 342 2785 404 CAP.
2836 343 2971 403 ΧΠ.
3610 335 3729 401 890

326 470 373 523 εἰ
416 466 473 525 δὶ
526 479 657 531 Θεοῦ
700 475 831 529 εἰσιν
882 474 1077 551 ἀγαθὰ,
1129 476 1207 549 μὴ
1259 474 1676 555 ἆποστερώμεθα
1723 474 1817 530 τὸν
1863 473 1976 529 Θεὸ¹

2078 479 2314 535 nostras
2348 475 2434 555 (τι)
2458 480 2516 536 et
2539 475 2874 538 divitiarum
2905 476 3400 555 dispensatorem.
3426 473 3547 538 Nec
3567 473 3728 535 dica-

321 564 429 614 τῶν
487 559 701 637 ἀγαθῶν
746 565 903 620 αὒτοῦ
936 580 951 595 ⁸
1015 566 1170 621 τοῦτο
1200 562 1311 619 ἔστι
1341 566 1403 621 τὸ
1434 566 1509 628 είς
1544 566 1672 621 Θεὸν
1703 562 1976 634 πλουτεῖν,

2070 563 2384 640 mus,bona
2415 566 2757 642 nostra,sed
2792 566 2949 627 bona
2980 564 3125 627 Dei:
3154 567 3204 627 si
3234 577 3431 628 autem
3468 566 3571 629 Dei
3593 569 3727 622 sunt

322 648 387 704 τὸ
444 650 716 707 πιστεύειν
760 650 841 708 ὅτι
876 653 967 709 ἐὰν
1009 653 1181 710 πάντα
1224 651 1379 710 δώσω
1421 652 1806 725 καὶικενώσω,
1838 648 1976 710 οὐδέν

2068 648 2243 731 bona,
2280 673 2352 714 nc
2385 655 2688 733 privemus
2720 657 2906 718 Deum
2941 654 3113 717 bonis
3146 655 3424 718 suis.Hoc
3456 663 3544 716 est
3568 653 3717 716 dita-

323 759 417 812 μοι
476 744 581 795 τῶν
643 740 947 819 ἀναγκαίων
1034 741 1297 818 ἐπιλείψει
1332 758 1347 772 ⁸
1434 756 1662 819 ταμεῖον
1742 742 1843 821 γάρ
1891 762 1976 816 μοι

2066 740 2113 800 ri
2147 742 2204 802 in
2240 741 2383 822 Deo,
2438 745 2694 807 credere
2725 744 2881 825 quod
2917 747 3056 805 572
3099 746 3144 805 si
3178 746 3377 806 omnia
3406 743 3629 806 dedero
3668 751 3725 802 et

324 829 431 882 τῶν
492 828 703 906 ἀγαθῶν
762 829 905 887 ἐστιν
949 835 977 889 6
1033 833 1162 897 Θεός
1198 851 1213 867 ⁸
1276 834 1471 912 ὰνοίγω
1540 834 1627 889 καὶ
1696 830 1835 910 αἴρω
1918 830 1976 885 τὰ

2064 849 2447 908 evacuavero,
2485 834 2631 895 nihil
2656 854 2862 896 eorum
2895 836 3111 916 quibus
3145 834 3287 895 mihi
3344 852 3493 913 opus
3539 833 3717 894 fuerit

326 916 588 997 χρειώδη.
2066 920 2140 982 de
2172 922 2329 985 ﬁciet
2368 924 2469 1003 ib).
2510 926 2983 1004 Promptuarium
3021 924 3177 986 enim
3207 923 3540 985 bonnorum
3565 922 3727 984 Deus

2063 1019 2151 1070 est
2184 1031 2197 1068 ι
2226 1012 2487 1092 aperiam
2515 1021 2572 1074 et
2612 1014 2808 1074 tollam
2842 1013 3201 1076 necessaria.

415 1121 442 1151 α
496 1098 635 1155 Εϊπε
694 1097 748 1154 δὲ
806 1102 937 1180 πρὸς
999 1103 1118 1165 τοὺς
1177 1102 1416 1174 μαθητὰς
1472 1102 1648 1161 αὐτοῦ·
1688 1102 1791 1157 Διὰ
1826 1108 1976 1157 τοῦτο

2146 1101 2327 1163 Vens.
2365 1102 2905 1182 29-26.:Dixitque
2937 1102 3009 1163 ad
3040 1101 3365 1182 discipulos
3392 1120 3558 1162 suos:
3583 1098 3723 1161 Ideo

323 1188 457 1261 ὅμϊν
497 1185 659 1266 λέγω,
708 1190 787 1263 μὴ
837 1197 1127 1269 μεριμνᾶτε
1170 1198 1238 1268 τῇ
1282 1196 1438 1270 ψυχῇ
1471 1193 1521 1247 τί
1562 1192 1792 1272 φάγητε,
1843 1187 1976 1265 μηδὲ

2064 1188 2199 1250 dico
2232 1191 2618 1254 vobiszNolite
2652 1192 2891 1253 solliciti
2917 1210 3051 1252 esse
3080 1192 3294 1252 animae
3325 1190 3465 1271 quid
3504 1190 3719 1260 edatis,

320 1283 398 1351 τῷ
455 1277 663 1353 σώματι
721 1279 867 1353 ὑμῶν
920 1283 970 1335 τί
1027 1279 1332 1348 ἐνδύσησθε,
1380 1272 1441 1337 Ἠ
1470 1281 1569 1359 γὰρ
1599 1280 1752 1359 ψυχὴ
1782 1278 1976 1336 πλείων

2068 1298 2225 1359 nque
2301 1284 2535 1362 corpori
2614 1290 2810 1344 vestro
2884 1281 3025 1363 quid
3087 1281 3466 1357 induamini;
3527 1278 3725 1340 anima

315 1366 427 1422 ἐστὶ
480 1372 582 1434 τῆς
642 1370 868 1450 τροφῆς,
922 1372 1115 1428 καὶτὸ
1175 1378 1333 1447 σῶμα
1386 1380 1481 1428 τοῦ
1544 1369 1855 1445 ἐνδύματοςο
1896 1392 1976 1427 και

2078 1372 2236 1431 enim
2266 1372 2397 1452 plus
2427 1383 2516 1434 est
2547 1392 2721 1453 quam
2746 1381 2975 1452 esca,et
3006 1389 3223 1452 corpus
3257 1371 3385 1452 plus
3414 1388 3587 1449 quam
3626 1369 3725 1429 in-

313 1458 615 1526 τανοήσατε
680 1458 802 1521 τούς
877 1458 1111 1537 κόρακας
1199 1460 1280 1518 ὅτι
1353 1463 1414 1519 οὒ
1470 1462 1795 1541 σπείρουσιν,
1874 1454 1976 1515 οὒδί

2076 1462 2426 1522 dumentum
2441 1461 2849 1524 .Considerate
2880 1480 3090 1523 corvos
3112 1463 3248 1542 quia
3267 1480 3385 1521 non
3405 1461 3723 1527 seminant,

320 1545 632 1622 θερίζουσιν,
694 1549 785 1613 οἷς
843 1549 939 1604 οὐκ
978 1549 1089 1607 ἔστι
1134 1565 1383 1627 ταμεῖον,
1438 1550 1554 1610 οὐδὲ
1586 1538 1860 1623 ἀποθήκη,
1906 1572 1976 1605 κα

2076 1568 2274 1631 neque
2307 1562 2554 1629 metunt,
2588 1553 2801 1634 quibus
2835 1572 2951 1612 non
3004 1562 3091 1613 est
3133 1538 3494 1629 penuarium
3536 1566 3726 1628 neque

320 1637 350 1692 6
396 1637 527 1700 Θεὸς
561 1635 738 1718 τρέφει
794 1639 1004 1703 αὐτούς,
1069 1638 1229 1715 Πόσῳ
1259 1639 1465 1716 μᾶλλον
1509 1642 1666 1716 ὑμεῖς
1717 1638 1976 1719 διαφέρετε

2076 1640 2382 1714 horreum,
2419 1652 2478 1702 et
2513 1646 2666 1704 lleus
2698 1641 2886 1722 pascit
2935 1642 3087 1702 illos.
3118 1640 3346 1714 Quanto
3406 1638 3589 1717 magis
3621 1654 3727 1696 vos

321 1730 431 1781 τῶν
484 1732 793 1803 πετεινῶν;
872 1729 959 1792 Τίς
1015 1727 1069 1785 δὲ
1131 1730 1181 1795 ἐξ
1247 1732 1396 1807 ὑμῶν
1442 1735 1713 1810 μεριμνῶν
1769 1728 1976 1785 δύναταιε

2069 1730 2359 1809 praestatis
2389 1730 2760 1792 volucribus?
2789 1729 2933 1803 Quis
2958 1738 3155 1791 autem
3207 1736 3463 1791 vestrum
3496 1725 3724 1788 sollici-

322 1818 633 1893 προσθεῖναι
683 1816 770 1873 ἐπι
822 1819 922 1885 τὴν
978 1817 1191 1887 ἡλικίαν
1248 1824 1407 1879 αὐτοῦ
1464 1818 1651 1900 πῆχυν
1712 1817 1855 1898 ἕνας
1918 1818 1975 1875 El

2063 1818 2270 1892 tudine
2301 1839 2407 1880 sua
2433 1829 2626 1900 potest
2649 1822 2909 1900 adjicere
2940 1821 3015 1881 ad
3047 1829 3327 1881 staturam
3354 1836 3517 1879 suam
3551 1815 3722 1877 cubi-

320 1911 410 1962 οὖν
472 1905 588 1961 οὔτε
666 1905 955 1988 ἒλλχιστον
1030 1907 1268 1985 δύνασθε,
1330 1912 1379 1966 τί
1430 1913 1549 1991 περὶ
1616 1913 1721 1967 τῶν
1770 1908 1973 1966 λοιπῶν

2063 1926 2184 1977 tum
2212 1908 2427 1972 unum?
2456 1909 2516 1972 Si
2551 1930 2791 1989 ergone
2824 1910 2880 1971 id
2907 1909 3172 1990 quidem,
3217 1907 3374 1988 quod
3408 1906 3716 1967 minimum

320 2000 660 2071 μεριμνᾶτε;
727 2018 751 2053 ι
818 1999 962 2055 Κατὰ
1021 2001 1211 2078 μικρὸν
1268 2000 1352 2056 ἐπὶ
1399 2001 1466 2079 τὰ
1513 1999 1807 2076 τελεώτερα
1849 2020 1976 2075 προ-

2063 1999 2609 2079 est,potestis,quid
2642 2000 2715 2060 de
2746 2002 2977 2060 caeteris
3009 1997 3250 2059 solliciti
3271 1996 3475 2059 estis?»
3506 1995 3719 2059 Paula-

318 2083 437 2161 άγει
494 2085 595 2152 τὴν
657 2083 996 2143 διδασκαλίαν
1042 2090 1069 2144 6
1124 2089 1335 2165 Κύριος.
1372 2078 1520 2169 ιὈρει
1550 2090 1649 2169 γὰρ
1679 2104 1778 2155 τὴν
1808 2086 1975 2152 τάξιν.

2063 2088 2165 2149 tim
2188 2078 2259 2150 in
2288 2089 2637 2150 sublimiora
2671 2088 2947 2150 subducit
2977 2088 3273 2149 doctinam
3303 2085 3723 2149 Dominus.Vi-

322 2170 554 2239 Ἐδίδαξε
595 2174 951 2256 φυλάσσεσθαι
1004 2178 1110 2234 ἀπὸ
1162 2184 1262 2246 τῆς
1316 2177 1647 2259 πλεονεξίας,
1679 2180 1767 2235 καὶ
1809 2198 1976 2255 προσ-

2065 2178 2141 2241 de
2161 2180 2319 2240 enim
2354 2180 2650 2241 ordinem.
2679 2179 2889 2240 Docuit
2918 2196 3127 2239 cavere
3158 2177 3229 2237 ab
3258 2175 3591 2244 avaritia,et
3612 2194 3721 2254 ap-

325 2260 487 2329 έθηκε
543 2262 883 2345 παραϐολὴν,
942 2267 1038 2335 τὴν
1098 2270 1216 2347 περὶ
1274 2275 1367 2325 τοῦ
1406 2267 1680 2349 πλουσίου,
1740 2267 1823 2324 διὰ
1852 2267 1976 2323 ταύ-

2074 2267 2267 2347 posuit
2293 2269 2629 2349 parabolam
2658 2268 2821 2328 illam
2854 2268 2928 2329 de
2955 2267 3160 2341 divite,
3199 2266 3479 2345 perillam
3514 2284 3720 2325 mons-

318 2372 419 2417 της
477 2350 705 2433 δεικνὺς,
767 2354 848 2411 ὅτι
908 2353 1088 2436 ἄφρων
1147 2359 1175 2414 6
1232 2364 1325 2415 τού
1358 2355 1604 2419 πλείονος
1637 2356 1979 2436 ὀρεγόμενος,

322 2441 464 2499 Εῖτα
495 2444 813 2522 προκόπτων
866 2444 1171 2527 τῷγγλόγῳ,
1233 2445 1349 2503 οὐδὲ
1377 2446 1497 2525 περὶ
1528 2453 1634 2503 τῶν
1682 2446 1985 2523 ἀναγκαίων

318 2533 464 2607 ἡμᾶς
490 2540 749 2612 μεριμνᾷν
810 2534 893 2606 ἐᾷ,
954 2526 1174 2606 υΩσπερ
1233 2542 1323 2594 οὖν
1374 2539 1401 2593 6
1449 2534 1694 2599 διάϐολος
1744 2535 1849 2591 ἀπὸ
1878 2534 1984 2592 τῶν

320 2630 531 2701 μικρῶν
601 2624 903 2703 ἀρχόμενος
990 2628 1328 2704 περιπίπτειν
1384 2628 1529 2701 ἡμᾶς
1587 2639 1706 2692 τοῖς
1766 2626 1983 2701 μείζωσι

321 2725 474 2769 ποιεῖ
560 2711 660 2788 (διὸ
728 2715 816 2770 καὶ
874 2714 1266 2792 μυρμηκολέων
1344 2717 1651 2787 ὠνόμασται
1710 2716 1853 2794 παρὰ
1909 2720 1986 2787 τῷ

325 2800 494 2880 Ἰὼϐ),
548 2802 711 2869 οὕτως
770 2803 829 2860 ἐκ
886 2807 980 2861 τοῦ
1038 2804 1275 2862 ἐναντίου
1319 2807 1346 2862 6
1394 2806 1580 2885 Κύριος
1625 2803 1866 2861 ἀναλύων
1897 2808 1985 2863 αύ-

319 2898 415 2948 τοῦ
495 2892 561 2948 τᾶ
624 2891 775 2973 ἔργα,
869 2895 1123 2974 πρότερον
1193 2896 1260 2951 τὰ
1338 2893 1547 2973 μεγάλα
1624 2895 1982 2973 ἁμαρτήματα

318 2982 528 3062 φεύγει,
616 2987 738 3039 εἶτα
789 2986 877 3040 καὶ
944 2986 1039 3048 τὰς
1118 2985 1291 3066 ἀρχὰς
1370 2987 1572 3041 τούτων
1625 2982 1977 3041 ὑποδείκνυσι.

320 3071 431 3138 Τὴν
517 3078 607 3129 οὖν
684 3071 989 3139 πλεονεξίαν
1051 3073 1325 3141 ὑποδείξας
1408 3075 1547 3150 ἡμῖν
1607 3071 1978 3155 φυλάττεσθαι,

315 3159 541 3242 ἔρχεται
585 3163 674 3219 καὶ
730 3162 816 3220 ἐπὶ
871 3165 972 3231 τὴν
1052 3165 1193 3242 ρίζαν
1268 3164 1491 3236 ταύτης,
1548 3163 1643 3219 ’ίνα
1695 3164 1783 3219 καὶ
1848 3164 1982 3219 ταύ-

2072 2366 2233 2419 trans
2257 2359 2412 2439 quod
2442 2358 2733 2438 in-ipiens
2756 2358 2831 2417 sit
2850 2357 2948 2438 qui
2971 2357 3134 2435 plura
3162 2352 3722 2417 desideratDeinde

2070 2448 2392 2525 proﬁciens
2409 2466 2713 2527 sermone,
2735 2465 2927 2527 neque
2951 2447 3025 2507 de
3057 2444 3415 2506 necessariis
3436 2442 3723 2504 sollicitos

2072 2556 2177 2597 nos
2194 2556 2325 2599 esse
2345 2535 3028 2611 sinitQuemadmodum
3057 2534 3233 2613 igitur
3254 2534 3568 2595 diabolusa
3594 2549 3723 2611 par-

2068 2625 2152 2685 vis
2182 2624 2484 2706 incipit,ut
2513 2644 2620 2685 nos
2652 2626 2710 2685 in
2743 2625 3013 2703 graviora
3047 2623 3197 2683 mala
3230 2623 3405 2683 faciat
3427 2621 3718 2700 incidere,

2068 2714 2453 2793 quamobrem
2490 2724 2545 2775 et
2580 2714 3002 2796 myrmicoleon
3036 2732 3069 2774 a
3099 2713 3210 2775 Job
3246 2713 3583 2773 nominatur
3626 2711 3712 2772 56:

2068 2807 2144 2866 ita
2172 2824 2203 2866 e
2235 2805 2467 2865 diverso
2492 2804 2781 2865 Dominus
2821 2803 3063 2866 resolvit
3086 2805 3215 2883 ejus
3230 2821 3431 2882 opera.
3459 2802 3719 2862 Primum

2068 2894 2223 2954 enim
2256 2913 2465 2973 magna
2497 2902 2741 2974 peccata
2771 2892 3180 2972 lugat,deinde
3212 2894 3389 2953 etiam
3428 2890 3722 2970 principia

2068 3001 2272 3044 eorum
2308 2983 2587 3046 ostendit.
2623 2982 2765 3043 Cum
2800 2983 2978 3061 igitur
3008 2982 3332 3043 indicasset
3377 2989 3438 3041 ut
3474 2981 3545 3041 ab
3577 2999 3717 3040 ava-

2066 3074 2200 3133 ritia
2231 3092 2597 3147 caveremus,
2633 3074 2787 3135 venit
2810 3081 2868 3133 et.
2896 3072 2967 3133 ad
3005 3072 3192 3151 ipsam
3245 3070 3536 3149 radicem,
3572 3076 3633 3128 ut
3664 3076 3722 3131 et

2066 3162 2255 3242 ipsam
2290 3170 2576 3244 amputet.
2605 3162 3068 3225 soliicitudinem
3117 3161 3381 3241 inquam,
3420 3168 3476 3219 et
3524 3157 3668 3218 dicit
3703 3179 3715 3219 :

317 3272 419 3317 την
477 3251 746 3332 ὑποτέμῃ,
809 3255 948 3332 φημὶ
1008 3252 1073 3322 δὴ
1129 3256 1228 3315 τὴν
1287 3254 1563 3334 μέριμναν,
1642 3255 1732 3308 καί
1788 3274 1918 3332 φησι
1952 3265 1971 3284 ⁸

2063 3252 2305 3331 Propter
2336 3253 2445 3313 hoc
2476 3252 2613 3313 dico
2635 3252 2824 3324 vobis,
2853 3250 3136 3331 quoniam
3172 3250 3463 3330 insipiens
3497 3247 3713 3327 est,qui

323 3342 424 3397 Διά
476 3349 630 3399 τοῦτο
668 3342 811 3420 λέγω
854 3347 1005 3418 ύμῖν,
1054 3343 1264 3422 ἐπειδὴ,
1324 3344 1507 3423 φησὶν,
1542 3342 1719 3423 ἄφρων
1750 3342 1890 3398 ἐστὶν
1946 3344 1973 3397 ὁ

319 3430 536 3488 πλείονα
593 3438 735 3503 ζωῆς
796 3434 963 3513 μέτρα
1014 3432 1183 3508 ἑαυτῷ
1241 3432 1568 3512 διαγράφων,
1618 3434 1705 3488 καὶ
1747 3431 1970 3488 ἁπατώ-

314 3542 477 3595 μενος
531 3530 623 3580 τοῦ
677 3521 921 3587 πλείονος
995 3523 1229 3582 ἐντεῦθεν
1287 3521 1581 3602 ὀρέγεσθαι,
1649 3524 1766 3586 οἶος
1823 3520 1888 3588 ἧν
1945 3523 1972 3577 6

310 3609 589 3692 πλούσιος,
636 3610 720 3668 διὸ.
757 3622 912 3672 τοῦτο
969 3612 1112 3691 λέγω
1162 3614 1314 3688 ὑμῖν,
1372 3611 1451 3687 μὴ
1496 3613 1852 3691 μεριμνήσετε
1900 3617 1968 3688 τῇ

310 3705 469 3781 ψυχῇ
525 3703 674 3778 ὑμῶν
732 3704 782 3758 τί
825 3703 1057 3783 φάγητε,
1118 3704 1223 3782 οὑχ
1270 3704 1343 3764 ὼς
1393 3703 1492 3769 τῆς
1552 3708 1725 3779 δοερᾶς
1784 3705 1969 3780 ψυχῆς

307 3790 607 3866 ἐσθιούσης,
668 3790 791 3849 ἀλλ’
859 3792 973 3849 ἐπεὶ
1016 3793 1166 3849 δοκεὶ
1216 3794 1249 3860 ἡ
1312 3792 1470 3873 ψυχὴ
1516 3792 1592 3868 μὴ
1637 3790 1812 3856 ἄλλως
1870 3790 1967 3846 ἆν-

309 3877 529 3957 έχεσθαι
587 3887 666 3956 τῷ
718 3881 927 3957 σώματι
976 3879 1333 3961 συνδεδέσθαι,
1398 3883 1442 3937 εί
1496 3882 1573 3957 μὴ
1631 3880 1967 3961 τρεφομένων

2059 3342 2221 3422 plura
2255 3362 2427 3421 quam
2460 3342 2594 3403 vita}
2627 3342 2947 3402 necessitas
2976 3340 3187 3416 exigat,
3224 3338 3558 3417 inquirit,et
3585 3338 3715 3417 plus

2059 3432 2117 3493 in
2143 3432 2254 3493 hac
2286 3434 2404 3492 vita
2434 3434 2680 3511 appetit,
2717 3431 2909 3510 qualis
2946 3438 3069 3491 erat
3100 3430 3288 3504 dives;
3322 3427 3545 3488 idcirco
3580 3426 3712 3486 dico

2057 3522 2241 3593 vobis,
2269 3540 2344 3582 ne
2366 3521 2598 3582 solliciti
2634 3522 2767 3583 sitis
2785 3520 2997 3581 anima;
3020 3526 3232 3580 vestrm
3257 3518 3396 3599 quid
3429 3516 3715 3579 comeda-

2058 3616 2130 3675 tis
2158 3634 2170 3675 :
2208 3631 2324 3673 non
2358 3612 2514 3692 quod
2545 3611 2835 3672 mentales
2865 3610 3079 3670 animae
3108 3607 3558 3680 comedant,sed
3578 3605 3717 3685 quia

2054 3712 2305 3784 apparet
2330 3702 2590 3763 animam
2628 3720 2743 3761 non
2777 3699 3016 3761 aliunde
3046 3696 3713 3778 corporicolligari,nisi

2054 3812 2162 3853 nos
2187 3792 2439 3853 alamur.
2484 3794 2800 3869 l'r0pterea
2836 3788 2921 3849 sic
2974 3787 3219 3850 dicrtJEt
3275 3789 3466 3867 aliter,
3499 3804 3716 3865 corpus

2052 3883 2294 3963 quidem
2349 3888 2646 3941 mortuum
2704 3878 2993 3953 induitur,
3044 3898 3161 3939 non
3200 3878 3458 3958 pascitur
3488 3884 3710 3938 autem.

305 3968 487 4043 ἠμῷνο
513 3966 595 4027 δίὰ
623 3977 779 4027 τοῦτο
807 3970 975 4034 οὕτως
997 3971 1176 4029 εἶπεν.
1205 3968 1440 4034 ’Ἄλλως
1465 3986 1546 4026 τεο
1580 3971 1643 4026 τὸ
1673 3971 1772 4045 μὲν
1802 3975 1959 4044 σῶμα

2063 3972 2296 4035 ‘roinde
2320 3971 2454 4052 quia
2484 3970 2875 4031 animatorum
2903 3978 2992 4029 est
3015 3968 3196 4047 pasci,
3227 3968 3442 4028 merito
3469 3964 3707 4026 adlidit

308 4058 398 4113 καὶ
442 4060 623 4138 νεκρὸν
676 4057 935 4140 ἐνδύεται,
984 4064 1040 4119 οὗ
1090 4060 1335 4140 τρέφεται
1390 4058 1466 4119 δέ.
1510 4059 1663 4118 Ἐπεὶ
1719 4066 1809 4116 οὐν
1866 4065 1960 4114 τοῦ

2063 4062 2256 4132 mima:
2284 4061 2687 4141 pasciAnnon
2722 4065 2785 4123 et
2816 4059 3087 4120 nutritiva
3117 4058 3201 4117 vis
3234 4057 3432 4118 anima
3463 4057 3710 4117 dicitur?

305 4146 557 4227 ὶμψύχου
613 4150 1022 4241 τὸῆτρέφεσθιι,
1084 4150 1300 4213 εἰκότως
1350 4150 1572 4217 ἀνέθηκε
1600 4156 1669 4226 τῇ
1712 4149 1870 4228 ψυχῆ
1897 4150 1959 4204 τὸ

2070 4152 2225 4231 gitur
2250 4170 2324 4211 ne
2353 4150 2595 4212 solliciti
2629 4150 2758 4210 sitis
2786 4148 3125 4225 vegetativaz
3163 4148 3311 4228 parti
3343 4151 3560 4208 animae
3592 4163 3709 4205 non

305 4235 608 4316 τρέφεσθαι.
674 4228 761 4296 "HV
817 4241 941 4319 οὗχὶ
988 4241 1075 4295 καὶ
1144 4242 1177 4307 ἡ
1233 4240 1493 4317 θρεπτικὴ
1543 4237 1758 4315 δύναμις
1802 4238 1958 4318 ψυχὴ

2063 4228 2374 4320 rationalis,
2412 4240 2551 4320 quid
2580 4238 2929 4307 comedatis,
2968 4256 3161 4318 neque
3192 4238 3428 4315 corpori
3463 4256 3577 4315 quo
3614 4236 3709 4294 in-

304 4323 571 4403 λέγεται;
641 4329 731 4396 Μὴ
794 4331 1158 4407 μεριμνήσητε
1230 4336 1319 4384 οὖν
1362 4334 1439 4402 τῷ
1481 4332 1745 4407 θρεπτικῷ
1816 4330 1965 4408 μέρει

2063 4330 2343 4394 duamini.
2381 4328 2610 4392 Deinde
2657 4330 2827 4389 all'ert
2877 4324 3352 4388 rationem:Nam
3384 4326 3484 4405 qui
3521 4326 3715 4403 majus

302 4419 405 4480 τῆς
465 4413 664 4494 ἆλογου
718 4422 927 4498 ψυχῆς,
990 4420 1039 4473 τί
1092 4418 1324 4497 φάγητε,
1386 4418 1521 4493 μηδὲ
1555 4420 1632 4493 τῷ
1660 4419 1893 4495 σώματι,
1924 4422 1974 4476 τί

2063 4422 2250 4493 dedit,
2277 4436 2494 4498 nempe
2526 4417 2806 4488 animam,
2840 4414 3038 4478 nodne
3070 4424 3123 4476 et
3156 4415 3353 4475 cibum
3388 4415 3581 4476 dabit?
3600 4414 3712 4486 Qui

304 4504 613 4581 ἰνδύσησθε,
671 4509 808 4565 Εἶτα
863 4508 1098 4588 ἐπιφέρει
1144 4508 1406 4587 λογισμόν
1447 4528 1460 4543 ·
1497 4510 1525 4565 6
1555 4510 1656 4587 γὰρ
1685 4512 1745 4566 τὸ
1791 4516 1976 4585 μεῖζον

2064 4510 2229 4572 dedit
2258 4526 2495 4588 corpus,
2533 4526 2732 4568 nonne
2757 4514 2814 4566 et
2844 4506 3256 4567 indumentum
3285 4504 3477 4565 dabit?
3505 4506 3714 4565 Postea

305 4590 447 4669 δοὺς,
505 4597 604 4663 τὴν
664 4598 873 4678 ψυχὴν,
929 4603 988 4656 οὗ
1045 4597 1202 4654 δώσει
1254 4601 1343 4655 καὶ
1382 4600 1482 4666 τὴν
1536 4600 1735 4679 τροφήν
1772 4619 1789 4681 ;
1825 4591 1882 4656 Ὀ
1912 4600 1973 4655 τὸ

2063 4601 2234 4665 etiam
2270 4596 2345 4658 ab
2378 4598 2650 4677 exemplo
2679 4615 2990 4658 corvorum
3027 4595 3238 4673 probat
3262 4594 3418 4674 quod
3444 4613 3551 4654 nos
3595 4612 3708 4654 nu-

306 4690 467 4759 σῶμα
524 4683 665 4758 δοὺς,
737 4690 865 4767 οὐχὶ
927 4691 1014 4744 καὶ
1067 4691 1126 4745 τὸ
1190 4687 1386 4765 ἔνδυμα
1430 4687 1636 4761 δώσεις
1702 4690 1835 4746 Εἶτα
1869 4687 1974 4743 ἀπὸ

2063 4693 2287 4769 triet,et
2312 4687 2569 4749 volatilia
2596 4690 2650 4746 in
2679 4686 3521 4747 medinmalTerens.I’otuerat
3552 4683 3707 4743 enim

307 4774 737 4855 παραδείγματος
794 4778 900 4833 τῶν
952 4780 1221 4859 κοράκων,
1280 4781 1353 4842 ὡς
1402 4778 1465 4835 ἂν
1525 4777 1749 4856 ἐνθρὲψῃ
1803 4781 1969 4854 ἡμᾶς,

2063 4789 2292 4842 sanctos
2323 4777 2646 4858 prophetas
2672 4778 2726 4837 in
2770 4776 3029 4836 medium
3057 4775 3499 4852 all'erre,utpote
3520 4773 3705 4834 Eliam

303 4863 371 4919 τὰ
431 4867 649 4923 πετεινᾶ
694 4868 767 4930 εἰς
815 4867 980 4943 μέσον
1042 4866 1183 4947 ἄγει,
1246 4865 1508 4925 Ἠδύνατο
1542 4869 1642 4944 μὲι
1672 4869 1771 4947 γὰρ
1797 4868 1973 4947 ἁγίους

2063 4870 2145 4932 vel
2171 4864 2509 4939 Mosen,sed
2526 4864 2600 4925 ad
2626 4866 2909 4943 majorem
2935 4863 3220 4944 pudorem
3243 4863 3497 4924 volatilia
3517 4863 3699 4923 all'ert.

308 4957 607 5037 προφήτας
633 4971 993 5035 παραγαγεῖν,
1028 4960 1150 5016 οἷον
1200 4961 1291 5015 τὸν
1354 4949 1535 5016 Ἠλίαν
1577 4960 1664 5015 καὶ
1690 4961 1781 5016 τὸν
1813 4966 1974 5015 Μωυ-

2063 4957 2291 5025 Deinde
2319 4966 2375 5017 et
2401 4955 2573 5015 aliam
2609 4956 2901 5016 rationem
2930 4953 3707 5033 adducil.Dic.quwso,quid

298 5051 428 5126 σῆν,
473 5044 611 5103 ἀλλὰ
658 5047 788 5125 πρὸς
852 5048 1021 5104 πλείω
1073 5047 1340 5106 δυσωπίαν
1401 5050 1467 5106 τὰ
1526 5050 1740 5105 πετεινᾶ
1798 5048 1964 5128 φέρει.

2063 5046 2457 5111 sollicitudine
2490 5044 2760 5124 proﬁcis?
2791 5043 3006 5123 adjiris
3029 5051 3270 5105 staturae
3332 5051 3444 5103 tuac
3467 5042 3555 5103 vel
3595 5042 3709 5102 mi-

303 5136 444 5194 Εἶτα
499 5137 592 5193 καὶ
618 5133 797 5215 ἕτερον
827 5134 1089 5215 λογισμὸν
1136 5139 1397 5220 ἐπιφέρει.
1456 5139 1584 5198 Εἰπέ
1633 5160 1753 5214 μοι,
1784 5140 1836 5194 τί
1861 5162 1965 5216 με-

2063 5140 2276 5200 nimum
2310 5132 2483 5215 quid?
2514 5132 2665 5197 Non.
2704 5134 2821 5220 imo
2867 5131 3064 5193 aufers
3101 5134 3295 5213 potius
3342 5132 3644 5212 quidpiam
3681 5154 3713 5190 ο

297 5232 501 5301 ριμνῶν
549 5209 843 5305 κερδαίνεις
879 5209 919 5304 ς’
944 5209 1336 5307 Προστίθηςιτίῇ
1365 5226 1549 5302 ἡλικίᾳ
1603 5251 1696 5285 σου
1738 5209 1873 5285 κᾶν·
1905 5231 1965 5285 τὸ

2063 5209 2770 5290 εδιηειὶίὺίιεὸυΙΙίεὶίωΙό
2804 5221 2967 5284 enim
3002 5209 3376 5284 tabefaciLSi
3402 5209 3582 5302 igitur
3599 5222 3709 5282 ad-

294 5312 590 5395 ὶλᾶχιστον
626 5335 641 5391 ;
677 5313 836 5395 Οὒχὶ,
884 5314 1089 5391 μᾶλλον
1134 5318 1231 5394 μὲν
1279 5325 1369 5374 οὖν
1421 5320 1664 5400 ὑφαιρετς
1693 5320 1799 5373 τῶν
1830 5340 1963 5397 σαρ-

2063 5321 2230 5379 iicere
2251 5331 2367 5374 non
2392 5319 2576 5393 potest
2611 5312 2667 5374 id
2690 5312 2845 5391 quod
2876 5310 3359 5396 minimum,qnid
3376 5311 3450 5377 de
3465 5312 3712 5399 reliquis

381 5490 446 5544 56
470 5495 504 5558 J
509 5492 584 5555 ob
615 5509 697 5569 iv,
712 5495 912 5575 juxta
943 5494 1112 5559 LXX.

379 5668 468 5745 (ιι)
494 5666 582 5732 Ed
638 5668 775 5733 Lut.
806 5668 1175 5736 divitiarum
1203 5672 1451 5741 cellam.

379 5672 441 5745 (ιι
494 5668 582 5732 Ed
638 5668 775 5733 Lut.
806 5668 1175 5736 divitiarum
1203 5672 1451 5741 cellam.

378 5668 468 5833 (bl
483 5746 638 5815 Ibid.
662 5747 1061 5818 Evacuavero
1094 5762 1440 5832 metatum,
1472 5774 1567 5822 me
1596 5757 1838 5841 aliquid
1867 5771 2073 5823 rerum
2105 5752 2528 5817 necessarium
2553 5752 2924 5832 defecturam
2955 5754 3065 5834 ecl,
