4202 6412
433 376 541 442 891

436 611 804 663 crementum
832 601 961 681 dat,
997 602 1073 661 ita
1096 610 1153 662 et
1183 599 1299 661 alia
1331 598 1513 660 dabit.

494 786 682 845 VERS.
718 784 940 847 27-31.
983 809 1009 839 α
1049 782 1441 847 Considerate
1464 784 1606 843 ’575
1642 780 1764 843 lilia
1794 779 2092 861 quomodo

416 881 703 936 crescunt
734 896 745 930 :
787 892 904 933 non
943 872 1243 946 laborant,
1278 891 1474 951 neque
1507 880 1674 932 nent.
1720 870 1863 933 Dico
1896 877 2091 929 autem

414 960 724 1033 vobis,nec
757 960 1043 1022 Solomon
1089 961 1148 1022 in
1186 961 1347 1021 omni
1382 961 1574 1039 gloria
1607 978 1715 1020 sua
1738 957 2096 1019 vestiebatur

423 1050 578 1112 sicut
610 1069 792 1111 unum
822 1069 888 1111 ex
926 1050 1075 1111 istis.
1105 1051 1167 1113 Si
1198 1058 1394 1111 autem
1441 1066 1684 1127 gramen
1716 1046 1875 1128 quod
1917 1046 2095 1107 hodie

422 1147 513 1201 est
543 1140 603 1200 in
636 1158 803 1219 agro,
832 1147 891 1200 et
916 1158 1051 1201 cras
1084 1139 1145 1199 in
1170 1139 1474 1200 clibanum
1505 1137 1780 1216 mittitur,
1815 1137 1972 1198 Deus
2009 1135 2095 1197 sic

428 1228 634 1290 vestit-
670 1240 890 1309 quanto
944 1229 1130 1306 magis
1183 1246 1292 1290 vos
1333 1228 1563 1300 veStiet,
1590 1245 1625 1289 ο
1659 1244 1864 1306 parum
1901 1225 2093 1286 ﬁden-

430 1317 547 1380 tes?
582 1318 648 1379 Et
680 1338 782 1379 vos
816 1318 997 1379 nolite
1054 1336 1325 1395 quaerere
1383 1315 1523 1397 quid
1585 1315 1745 1377 esuri
1794 1314 1946 1394 sitis,
1996 1323 2095 1375 aut

435 1408 577 1489 quid
612 1408 852 1469 bibituri
884 1427 901 1469 :
936 1415 993 1470 et
1025 1408 1209 1469 nolite
1234 1407 1293 1468 in
1327 1406 1583 1467 sublime
1618 1405 1741 1466 tolli
1777 1403 1911 1466 Haec
1931 1404 2089 1465 enim

427 1500 628 1559 omnia
649 1510 857 1577 gentes
891 1498 1096 1559 mundi
1128 1505 1427 1576 quaerunt.
1453 1496 1627 1558 Pater
1658 1507 1859 1556 autem
1895 1503 2091 1555 vester

431 1586 541 1650 scit
571 1589 726 1667 quod
762 1589 887 1649 istis
922 1586 1257 1666 indigeatis.
1297 1586 1449 1659 Quin
1483 1588 1677 1667 potius
1709 1585 1957 1664 quaerite
1987 1602 2089 1644 re-

430 1696 609 1756 gnum
646 1677 988 1751 Dei,ethaec
1018 1676 1217 1737 omnia
1240 1675 1594 1755 adjicientur
1628 1674 1851 1736 vobis.»
1889 1672 1958 1736 Et
1981 1674 2092 1734 hoc

431 1765 692 1826 liliorum
754 1767 1090 1844 exemplum
1134 1765 1350 1844 posuit,
1379 1774 1441 1826 ut
1476 1783 1583 1825 nos
1642 1763 1829 1842 magis
1870 1762 2095 1843 pudore
2124 1812 2158 1860 Β

429 1854 902 1917 sutl'underet.Si
934 1856 1092 1916 enim
1124 1856 1250 1915 haec
1276 1854 1362 1915 sic
1399 1855 1569 1915 vestit
1602 1853 1776 1926 Deus,
1816 1861 1877 1913 ut
1906 1871 2096 1931 neque

435 1942 717 2005 Salomon
752 1945 811 2004 in
845 1945 1127 2005 omnibus
1159 1944 1393 2006 deliciis
1415 1944 1539 2005 suis
1566 1942 1755 2022 possit
1777 1941 1863 2002 sic
1905 1950 2098 2002 vester

432 2044 496 2094 ut
527 2054 709 2096 unum
736 2054 803 2096 ex
838 2034 988 2111 istis,
1024 2053 1275 2114 quorum
1302 2034 1464 2097 nulla
1495 2033 1735 2114 quidem
1765 2042 1853 2092 est
1880 2050 2093 2092 neces-

429 2122 573 2185 sitas
608 2124 1101 2202 pulchritudinis;
1136 2132 1351 2205 quanto
1381 2124 1562 2201 magis
1604 2141 1733 2201 nos,
1766 2120 2091 2182 honorabi-

429 2212 514 2273 les
544 2232 664 2292 pne
693 2214 930 2276 caeteris
953 2222 1281 2289 creaturas,
1317 2214 1553 2293 vestiet,
1590 2211 1923 2293 praesertim
1957 2230 2093 2272 cum

429 2302 755 2364 necessitas
805 2305 1080 2382 corporis
1126 2303 1542 2364 indumentum
1587 2300 1893 2382 postulet?
1940 2298 2091 2371 Quid

430 2392 630 2471 igitur,
658 2392 815 2453 dicet
841 2393 1336 2472 quispiam.jubes
1360 2400 1422 2452 ut
1454 2410 1570 2452 non
1604 2390 1869 2451 colamus
1900 2396 2103 2466 agros?

434 2480 564 2542 Non
597 2480 863 2560 dixit,Ne
893 2481 1100 2542 colatis
1131 2500 1302 2560 agros
1342 2499 1353 2542 :
1394 2481 1525 2555 sed,
1553 2478 1638 2541 Ne
1664 2478 1901 2539 solliciti
1948 2478 2096 2539 sitis.

436 2570 671 2633 Etenim
699 2591 815 2631 non
851 2571 1141 2651 prohibeo
1176 2591 1251 2632 ne
1279 2570 1536 2650 labores,
1568 2569 1670 2631 sed
1707 2588 1781 2630 ne
1810 2569 2103 2630 sollicitus

441 2661 543 2727 sis.
575 2660 869 2723 interdico
908 2683 919 2723 :
960 2662 1069 2722 hoc
1094 2671 1206 2735 est,
1242 2680 1317 2722 ne
1343 2679 1510 2741 Spem
1558 2678 1742 2739 ponas
1769 2660 1825 2719 in
1861 2668 1915 2719 te
1947 2659 2099 2738 ipso.

438 2749 531 2813 Sic
558 2753 658 2832 qui
693 2751 1014 2824 laborat,et
1045 2770 1212 2832 spem
1246 2750 1426 2811 habet
1457 2750 1514 2809 in
1548 2749 1692 2819 Deo,
1731 2750 1780 2810 is
1811 2748 1958 2811 citra
1989 2747 2104 2807 sol-

430 2840 797 2903 licitudinem
826 2840 1155 2912 vivit.Quod
1183 2841 1338 2901 enim
1366 2838 1827 2900 sollicitudinem
1856 2836 2100 2899 utaDeo

430 2931 832 2992 abducentem
857 2931 1503 3001 resecet,manifestum
1529 2928 1910 2990 est.t‘roinde
1930 2926 2097 2987 dicit:

435 3019 520 3081 Ne
549 3019 826 3100 quazratis
880 3019 1019 3100 quid
1081 3018 1427 3079 comedetis.
1466 3018 1555 3079 vel
1589 3017 1732 3098 quid
1769 3016 2004 3090 bibatis,
2042 3026 2099 3076 et

436 3110 620 3171 nolite
654 3111 713 3170 iu
746 3109 1003 3171 sublime
1035 3109 1181 3173 tolli.
1210 3109 1269 3170 ln
1301 3108 1559 3170 sublime
1588 3108 1713 3169 tolli
1747 3125 1985 3187 prorsus
2017 3125 2101 3167 m-

433 3200 515 3262 hil
544 3198 703 3260 aliud
730 3198 873 3261 dicit
902 3219 1075 3280 quam
1112 3198 1657 3271 distractionem,et
1679 3197 1895 3259 mentis
1922 3198 2097 3280 instaj

1394 379 1499 440 TH
1513 378 1701 438 EOPII
1714 376 1990 438 YLACTI
2040 378 2133 438 BU
2147 378 2286 439 LGA
2301 378 2451 439 RLE
2498 379 2730 440 ARCHI
2745 379 2857 440 ΕΡ.

415 512 654 574 sollitus
683 520 779 574 es?
815 511 1202 590 Perspicuu'n
1244 507 1594 587 enim,quod
1630 506 1784 568 sicut
1818 506 2100 585 Deus,in-
2126 529 2163 566 Α
2190 516 2296 565 κῶν
2336 530 2347 542 ·

3723 379 3843 442 89?

2415 509 2653 577 τηκεδὼν
2686 513 2785 591 γὰρ
2827 513 2861 579 ἠ
2894 510 3145 589 μέριμνα,
3184 513 3239 569 Εἰ
3272 515 3441 571 τοίνυν
3471 515 3532 570 τὸ
3561 511 3848 595 ἐλάχιστον

2182 600 2238 655 οὗ
2284 597 2495 657 δύνασαι
2530 602 2843 680 προσθῆναι,
2876 601 2925 657 τί
2952 623 3069 681 περι
3108 606 3214 658 τῶν
3273 602 3478 660 λοιπῶν
3536 609 3794 682 μεριμνᾷς
3832 623 3848 679 ;

2183 686 2453 767 Πρόδηλον
2496 690 2594 769 γὰρ
2626 688 2731 765 ὅτι,
2778 690 2960 769 ὥσπερ
3013 692 3111 760 τὴν
3142 689 3361 759 αὔξησιν
3391 696 3418 750 6
3452 693 3583 756 Θεὸς
3612 692 3846 765 δίδωσιν,

2178 779 2316 836 οὕτω
2344 781 2432 837 καὶ
2461 779 2630 837 τᾶλλα
2661 778 2849 839 δώσει.
3838 788 3839 791 “

2271 890 2288 924 ι
2342 872 2719 940 Κατανοήσατε
2792 871 2858 926 τὰ
2917 870 3065 945 κρίνα
3114 877 3228 934 πῶς
3274 870 3479 937 αὐξάνει
3515 888 3528 902 ⁸
3566 873 3626 928 οὗ
3656 880 3844 949 κοπιᾷ,

2180 956 2293 1014 οὒδέ
2336 960 2511 1028 νήθει.
2548 958 2703 1037 Λέγω
2745 961 2897 1034 ὑμῖν,
2930 960 3011 1016 ὅτι
3042 958 3156 1016 ούδέ
3186 958 3442 1034 Σολομῶν
3486 963 3539 1019 ἐν
3586 963 3733 1041 πάσῃ
3778 972 3846 1041 τῇ

2179 1047 2301 1125 δόξῃ
2362 1050 2522 1106 αὐτοῦ
2551 1047 2901 1127 περιεϐάλετο
2930 1052 3004 1113 ὡς
3049 1049 3105 1105 ἓν
3149 1050 3377 1113 τούτων.
3414 1054 3475 1109 Εἰ
3503 1050 3559 1108 δέ
3585 1053 3675 1108 τδν
3705 1053 3847 1133 χόρ-

2177 1160 2269 1195 τον
2301 1138 2355 1193 ἐν
2397 1146 2474 1213 τῷ
2518 1138 2666 1217 ἀγρῷ
2726 1141 2961 1217 σήμερον
3004 1140 3156 1215 ὄντα,
3209 1142 3298 1197 καὶ
3330 1139 3504 1219 αὔριον
3535 1143 3609 1206 εἰς
3657 1140 3847 1199 κλίϐα-

2178 1251 2265 1285 νον
2350 1226 2703 1305 βαλλόμενον,
2791 1231 2818 1285 ὁ
2878 1229 3008 1293 Θεὸς
3079 1227 3247 1292 οὕτως
3300 1229 3638 1311 ἀμφιέννυσι,
3698 1232 3851 1307 πόσῳ

2178 1315 2377 1390 μᾶλλον
2428 1319 2591 1397 ὑμᾶς,
2638 1316 2969 1394 ὀλιγόπιστοι
3006 1336 3021 1398 ς
3056 1315 3160 1378 Καὶ
3214 1319 3372 1394 ὑμεῖς
3418 1319 3496 1393 μὴ
3528 1327 3743 1391 ζητεῖτε
3799 1321 3850 1377 τί

2176 1406 2382 1486 φάγητε
2427 1406 2463 1475 ἢ
2494 1429 2583 1462 και
2630 1407 2681 1463 τί
2733 1408 2922 1486 πίητε,
2979 1408 3068 1463 καὶ
3121 1407 3199 1481 μὴ
3230 1409 3626 1485 μετεωρίζεσθε.
3675 1410 3849 1469 Ταῦτα

2174 1495 2273 1573 γὰρ
2335 1495 2509 1551 πάντα
2582 1496 2647 1552 τά
2725 1494 2851 1563 ἔθνη
2926 1495 3018 1551 τοῦ
3074 1496 3280 1572 κόσμου
3337 1496 3606 1569 ἐπιζητεῖ.
3672 1489 3849 1575 ’Υμὼν

2174 1582 2228 1638 δὲ
2285 1586 2312 1639 6
2364 1584 2547 1662 Πατὴρ
2592 1583 2759 1658 οἶδεν,
2808 1584 2889 1640 ὅτι
2936 1584 3166 1665 χρῄζετε
3196 1585 3421 1643 τούτων’
3458 1586 3603 1655 πλὴν
3632 1595 3849 1659 ζητεῖτε

2175 1673 2275 1739 τὴν
2331 1672 2604 1749 βασιλείαν
2662 1682 2755 1731 τοῦ
2813 1681 2967 1750 Θεου,
3014 1676 3103 1731 καὶ
3146 1683 3310 1734 ταῦτα
3365 1676 3540 1733 πάντα
3609 1698 3847 1756 προστε-

2179 1763 2399 1831 θήσεται
2451 1763 2605 1838 ὑμῖν.
2644 1786 2673 1817 ι
2729 1764 2827 1821 Καὶ
2871 1764 2931 1818 τὸ
2990 1770 3097 1819 τῶν
3130 1765 3322 1842 κρίνων
3368 1762 3683 1845 ὑπόδειγμα,
3720 1769 3851 1843 πρὸς

2182 1854 2238 1907 νὸ
2282 1850 2711 1930 ἐντρέψαιζὴμὰς
2755 1851 2945 1909 πλεῖον
2979 1851 3167 1919 ἔθηκεν
3202 1869 3214 1883 ⁸
3253 1855 3297 1909 εἰ
3343 1855 3442 1933 γάρ
3471 1865 3633 1915 ταῦτα
3680 1854 3848 1918 οὕτως

2181 1938 2521 2019 ἀμφιέννυσιν
2583 1942 2610 1996 6
2657 1942 2811 2014 Θεὸς,
2873 1943 2945 2004 ὡς
3007 1939 3143 2015 μηδέ
3188 1941 3285 2009 τὴν
3342 1950 3436 1999 τοῦ
3495 1942 3850 2018 Σολομῶντος

2180 2026 2331 2093 δόξαν
2375 2030 2592 2109 ἷσχύσαι
2650 2027 3020 2107 περιϐαλέσθαι
3052 2030 3184 2087 ποτέ
3233 2032 3305 2096 ὡς
3365 2030 3419 2087 ἓν
3474 2032 3700 2108 τούτων,
3759 2033 3852 2090 καὶ

2181 2126 2345 2175 ταυτα
2401 2129 2493 2178 τοῦ
2536 2118 2763 2184 κάλλους
2814 2126 2919 2176 τῶν
2970 2121 3157 2197 κρίνων
3202 2121 3281 2195 μὴ
3324 2120 3612 2201 ἀναγκαίου
3669 2123 3848 2197 ὄντος,

2182 2208 2331 2282 πόσῳ
2376 2206 2579 2285 μᾶλλον
2609 2210 2779 2285 ἡμᾶς,
2810 2211 2872 2266 τὸ
2901 2211 3074 2285 τίμιον
3121 2209 3367 2285 πλάσμα,
3425 2216 3519 2271 οὐκ
3573 2213 3849 2294 ἀμφιὲσει,

2182 2298 2269 2353 καὶ
2326 2304 2491 2355 ταῦτα
2548 2298 2839 2377 ἀναγκαίου
2917 2296 3069 2363 ὄντος
3156 2306 3232 2355 τῶ
3291 2303 3500 2376 σώματι
3543 2303 3698 2378 ὴμῶν
3756 2308 3851 2359 τοῦ

2188 2384 2520 2467 ἐνδύματος,
2557 2388 2616 2445 Τί
2675 2390 2787 2469 οὖν,
2834 2389 2986 2467 φησὶ,
3046 2386 3281 2454 κελεύεις
3339 2392 3482 2466 ἡμᾶς
3535 2392 3612 2468 μὴ
3669 2414 3846 2471 γεωρ-

2186 2491 2303 2554 γεῖν
2343 2493 2359 2549 ;
2396 2479 2503 2534 Οὐκ
2536 2478 2662 2533 εἷπε
2695 2493 2708 2506 ⁸
2745 2478 2835 2545 Μὴ
2868 2491 3183 2557 γεωργεῖτε,
3217 2477 3374 2554 ἀλλά,
3411 2481 3498 2547 Mi;
3532 2488 3849 2558 μεριμνᾶτε.

2187 2564 2529 2646 Ἐργαίζεσθαι
2592 2568 2691 2644 μὲν
2735 2569 2834 2647 γὰρ
2880 2569 2939 2625 ού
2998 2566 3212 2648 κωλύω,
3278 2577 3536 2648 μεριμνᾶν
3580 2569 3661 2651 δέ,
3718 2572 3851 2650 ὅπερ

2188 2654 2297 2711 ἐστι
2354 2657 2453 2724 τὴν
2497 2655 2681 2714 ἐλπίδα
2714 2656 2869 2737 ἔχειν
2913 2657 2967 2714 ἐν
3014 2658 3253 2737 ἑαυτοῖς,
3310 2667 3465 2717 τοῦτο
3508 2660 3847 2739 ἀπαγορεύω.

2194 2737 2283 2810 ἐὶς
2317 2746 2409 2825 ὅγε
2439 2746 2790 2825 ἐργαζόμενος
2824 2747 2945 2821 μὲν,
3008 2746 3233 2819 ἐλπίζων
3282 2746 3335 2803 δὲ
3366 2750 3439 2813 εἰς
3472 2737 3645 2825 Θεὸν,
3673 2737 3846 2812 οὕτως

2187 2835 2488 2915 ἀμερίμνως
2534 2836 2725 2914 διάγει,
2800 2828 2931 2895 ΗΟτι
2978 2839 3078 2917 γὰρ
3136 2838 3236 2905 τὴν
3295 2838 3554 2918 μέριμναν
3604 2843 3677 2903 ὡς
3737 2840 3849 2897 ἀπ-

2186 2927 2415 3003 άγουσαν
2462 2930 2593 2985 Θεοῦ
2632 2927 2901 3008 ἐκκόπτει,
2936 2925 3122 2993 δῆλον.
3171 2930 3313 2994 Φησὶ
3341 2931 3440 3008 γάρ
3464 2946 3479 2961 ⁸
3516 2930 3603 2985 Μὴ
3631 2937 3847 3000 ζητεῖτε

2184 3016 2231 3069 τί
2290 3016 2525 3097 φάγητε,
2556 3016 2591 3085 ἢ
2622 3017 2670 3071 τί
2700 3016 2880 3091 πίητε,
2933 3018 3021 3073 καὶ
3080 3016 3157 3092 μὴ
3190 3019 3589 3095 μετεωρίζεσθε,
3625 3025 3847 3075 Μετεω-

2187 3108 2374 3184 ρισμὸν
2432 3108 2531 3184 γάρ
2586 3106 2797 3171 πάντως
2856 3103 3004 3162 οιῦδέν
3062 3104 3193 3162 ἄλλο
3253 3105 3415 3188 λέγει,
3477 3108 3512 3176 ἢ
3569 3111 3660 3165 τὸν
3687 3130 3848 3187 περι-

2189 3196 2457 3275 σπασμὸν,
2505 3198 2594 3252 καὶ
2636 3202 2728 3251 τοῦ
2788 3194 3048 3274 λογισμοῦ
3091 3195 3191 3263 τὴν
3252 3196 3477 3254 ἄστατον
3535 3199 3847 3278 περιφορὰν,

437 3290 615 3351 bilem
643 3270 1173 3362 versionein,nunc
1199 3290 1501 3369 hoc,nunc
1532 3288 1679 3348 illud
1710 3287 2025 3365 cogitantis
2045 3278 2098 3347 el

2188 3284 2378 3341 ἄλλοτε
2411 3283 2541 3342 ἄλλο
2608 3284 3014 3361 ἐνθυμουμένου,
3074 3286 3161 3341 καὶ
3204 3286 3311 3342 ἀπὸ
3341 3288 3528 3345 τούτου
3571 3286 3847 3355 πηδῶντπ

434 3379 507 3440 ab
541 3380 651 3440 hoc
680 3380 735 3439 in
762 3377 1299 3453 illud,salientis,et
1330 3397 1572 3458 semper
1602 3376 1915 3437 sublimius
1934 3376 2100 3457 quid-

432 3468 566 3529 dam
595 3468 975 3546 imaginantis
1009 3487 1236 3530 secum.
1275 3468 1490 3530 Annon
1536 3467 1712 3529 fuerit
1746 3466 1803 3526 in
1840 3465 2101 3527 sublime

433 3556 761 3619 tolli?Hauc
790 3558 967 3635 igitur
1000 3557 1494 3631 sollicitudinem,
1530 3558 1641 3617 hoc
1677 3564 1763 3617 est
1798 3556 1873 3617 ita
1900 3555 1958 3615 in
1991 3574 2099 3615 su-

432 3646 618 3708 blime
640 3646 787 3726 tolli,
823 3647 961 3729 quia
985 3665 1017 3706 a
1042 3646 1162 3708 Deo
1187 3646 1448 3720 abducit,
1472 3646 1753 3726 prohibet
1790 3644 2099 3707 Dominus.

432 3737 642 3799 dicens
664 3737 785 3797 haec
805 3734 1922 3816 onmiagentesinquirere.Sollicitudo
1942 3735 2101 3796 enim

434 3846 549 3886 non
574 3826 719 3886 solis
735 3824 1091 3885 necessariis
1118 3832 1399 3885 contenta
1420 3834 1529 3895 est,
1556 3824 1762 3898 sed,ut
1783 3822 2101 3903 dixi,sem-

432 3932 540 3995 per
570 3914 742 3975 altius
779 3928 839 3974 et
874 3914 1070 3991 majus
1101 3912 1242 3992 quid
1276 3913 1550 3992 requirit,
1576 3920 1635 3972 et
1668 3920 1981 3991 propterea
2006 3912 2099 3971 di-

434 4002 587 4062 citur
631 4006 997 4081 μετεωρισμὸς
1052 4002 1228 4062 elatio
1289 4000 1346 4061 in
1399 4001 1757 4063 sublime.Et
1786 4010 1846 4061 ut
1877 4000 2099 4081 aliquid

434 4091 692 4171 exempli
725 4090 911 4171 gratia
936 4091 1280 4151 dicamznou
1316 4090 1605 4152 habemus
1633 4088 2103 4171 pauem,sollici-

2185 3372 2268 3429 ἐπ’
2332 3374 2533 3455 ἐκεῖνο,
2608 3376 2696 3434 καὶ
2774 3376 2853 3431 ἀεὶ
2911 3375 2977 3430 τὰ
3036 3373 3343 3453 ὑψηλότερα
3400 3378 3795 3457 φανταζομένου
3831 3396 3845 3411 ⁸

2185 3465 2308 3543 οὒχὶ
2337 3465 2491 3521 τοῦτό
2523 3464 2663 3521 ἐστιν
2708 3468 2736 3521 6
2788 3465 3204 3545 μετεωρισμὸς;
3270 3458 3362 3530 Ὠς
3407 3470 3495 3524 οὖν
3540 3470 3847 3547 ἀπάγουσαν

2184 3554 2329 3627 ἡμᾶς
2392 3560 2483 3609 τοῦ
2556 3559 2688 3610 Θεοῦ
2743 3554 2844 3621 τὴν
2914 3554 3165 3620 τοιαύτην
3244 3554 3525 3634 μέριμναν,
3587 3555 3706 3623 ἤτοι
3754 3559 3847 3613 τὸν

2190 3644 2582 3719 μετεωρισμὸν,
2684 3642 3000 3721 ἀπαγορεύει
3100 3645 3128 3698 6
3218 3644 3427 3723 Κύριος,
3496 3647 3682 3722 εἰπὼν,
3765 3646 3846 3703 ὅτι

2190 3739 2363 3790 Ταῦτα
2418 3732 2593 3788 πάντα
2631 3732 2698 3787 τά
2737 3730 2858 3799 ἔθνη
2904 3734 3174 3804 ἐπιζητεῖ.
3239 3737 3311 3791 Οὐ
3368 3736 3468 3814 γὰρ
3518 3735 3683 3816 μέχρι
3741 3744 3847 3793 τῶν

2187 3823 2490 3900 ἀναγκαίων
2544 3823 2578 3890 ἡ
2627 3822 2859 3901 μέριμνα
2914 3821 3154 3894 ἵσταται,
3208 3821 3328 3879 ἀλλ’
3371 3824 3501 3904 ὅπερ
3530 3828 3707 3901 εἶπον,
3768 3826 3848 3883 ἀεὶ

2188 3914 2250 3968 τά
2305 3910 2611 3990 ὑψηλότερα
2672 3919 2831 3984 ζητεῖ
2863 3925 2878 3942 ⁸
2935 3910 3014 3968 διὸ
3068 3914 3155 3969 καὶ
3200 3918 3564 3991 μετεωρισμὸς
3609 3914 3845 3995 λέγεται,

2186 4003 2306 4058 οἶόν
2364 4003 2413 4057 τί
2458 4024 2597 4081 φημι
2631 4017 2646 4032 ⁸
2702 4006 2809 4060 Ούκ
2853 4002 3057 4081 ἔχομεν
3089 4002 3271 4082 ἄρτον,
3306 4011 3643 4083 μεριμνῶμεν
3688 4007 3848 4063 πόθεν

2182 4091 2406 4167 ἓξωμεν,
2466 4093 2553 4147 καὶ
2614 4093 2708 4148 οὒκ
2765 4089 2895 4171 ἄχρι
2950 4093 3136 4149 τούτου
3199 4093 3478 4169 ἱστάμεθα,
3552 4093 3689 4155 ἀλλά
3760 4098 3850 4153 καὶ

440 4179 479 4241 ti
500 4198 706 4241 sumus
728 4180 888 4241 unde
908 4179 1452 4242 habeamuszetnon
1479 4178 1538 4240 in
1562 4180 1671 4241 hoc
1693 4179 2095 4253 subsistimus,

2183 4185 2369 4239 ὁποῖον
2400 4179 2558 4252 στέαρ
2590 4188 2753 4259 πυροῦ
2790 4200 2801 4213 ο
2854 4180 2978 4237 εἶτα
3033 4184 3120 4237 καὶ
3175 4182 3350 4259 οἶνον,
3398 4182 3486 4240 καὶ
3532 4184 3718 4244 τοῦτον
3747 4185 3847 4241 ἀν-

433 4269 537 4331 sed
577 4280 634 4331 et
665 4278 725 4331 ut
756 4269 994 4349 adipem
1028 4269 1572 4345 frumenti,deinde
1606 4278 1659 4330 et
1690 4269 2098 4351 vinum,idque

2183 4271 2423 4346 θοσμίαν,
2485 4271 2575 4325 καὶ
2630 4270 2765 4345 ὄψον
2820 4271 2951 4349 πρὸς
3000 4270 3235 4351 τούτοις,
3308 4272 3407 4329 Καὶ
3464 4280 3620 4331 τοῦτο
3676 4274 3848 4331 ἀττα-

437 4359 1062 4439 fragrantissimum,et
1082 4358 1153 4421 ad
1189 4360 1312 4423 hanc
1340 4378 1500 4420 assas
1531 4378 1767 4434 carnes,
1806 4368 1862 4420 et
1890 4363 1964 4422 ad
1993 4361 2098 4421 has

2183 4360 2344 4440 γῆνος
2396 4360 2433 4429 ἢ
2488 4366 2766 4439 φασιανοῦ,
2853 4352 3008 4439 Ὀρᾷς
3080 4362 3177 4429 τὴν
3250 4360 3531 4440 μέριμναν,
3611 4366 3699 4421 καὶ
3758 4367 3852 4422 τὸν

433 4450 727 4528 attagines
750 4457 805 4510 et
841 4449 1371 4530 phasiauos.Vides
1420 4447 1909 4517 sollicitudinem,
1947 4460 2005 4511 et
2040 4449 2097 4509 in

2185 4451 2604 4529 μετεωρισμόν,
2665 4450 2764 4505 Διὰ
2815 4449 2970 4505 τοῦτο
3011 4452 3040 4505 6
3097 4451 3283 4529 Κύριος
3314 4450 3589 4519 παντελῶς
3650 4455 3848 4522 ταύτην

434 4538 695 4600 sublimn
738 4558 805 4599 ac
854 4539 1109 4620 amplius
1159 4538 1557 4599 extollentiam
1611 4558 1785 4618 quam
1821 4538 1966 4599 dicit
1994 4561 2098 4613 μεο

2183 4541 2475 4597 ἀποκοπτει
2513 4560 2527 4575 ο
2585 4542 2632 4595 οἱ
2662 4539 2861 4596 ἐθνικοὶ
2912 4540 3011 4617 γὰρ
3042 4546 3205 4595 ταῦτα
3254 4548 3525 4611 ζητοῦσιν.
3564 4543 3702 4600 Εἶτα
3763 4548 3854 4601 καὶ

429 4628 1099 4708 τεωρισμόνΥΕὲὶρΐορῐθΓ
1122 4626 1409 4688 Dominus
1430 4637 1695 4708 amputat
1722 4628 1847 4689 haac
1867 4629 2091 4691 omnia:

2183 4630 2355 4704 ἕτερον
2413 4630 2600 4709 ἐπάγει
2633 4628 2923 4705 λογισμὸν,
2957 4628 3040 4685 ὅτι
3071 4631 3099 4685 6
3134 4631 3317 4709 Πατὴρ
3348 4632 3504 4707 ἡμῶν
3567 4631 3712 4691 οἶδεν
3764 4632 3849 4690 ὅτι

428 4718 684 4797 gentiles
715 4717 876 4778 enim
913 4718 1036 4778 haec
1067 4714 1621 4797 quaeruntlnsuper
1640 4726 1694 4794 et
1724 4717 1899 4778 aliam
1927 4719 2098 4779 ail‘ert

2183 4721 2432 4801 χρῄζετε,
2492 4721 2580 4777 καὶ
2632 4719 2737 4799 οὐχ
2796 4718 2889 4775 ἕνα
2943 4718 3229 4797 λογισμὸν,
3278 4719 3417 4777 ἀλλά
3464 4722 3553 4779 καὶ
3609 4722 3853 4789 πλείους.

428 4806 719 4867 rationein
760 4827 772 4868 :
802 4806 939 4887 quia
970 4806 1143 4867 Pater
1175 4815 1375 4867 noster
1405 4806 1517 4867 scit
1547 4807 1684 4887 quia
1702 4806 1795 4868 his
1817 4827 1964 4887 opus
1989 4809 2097 4869 ha-

2186 4811 2365 4888 Πατὴρ
2410 4812 2510 4889 γάρ
2542 4809 2680 4883 ἐστι,
2727 4812 2881 4889 φησὶ,
2941 4810 3031 4865 καὶ
3089 4810 3133 4864 εἰ
3163 4810 3375 4889 Πατὴρ,
3426 4818 3541 4875 πῶς
3572 4812 3630 4869 οὐ
3660 4812 3846 4890 δώσει,

432 4896 610 4976 betis,
646 4897 767 4957 imo
801 4916 915 4957 non
952 4916 1127 4957 unam
1161 4895 1477 4976 rationem,
1514 4896 1617 4957 sed
1654 4896 1890 4959 multas.
1918 4901 2096 4960 Pater

430 4985 762 5065 est,inquit,
800 4995 856 5046 et
886 4987 935 5046 si
977 4985 1474 5067 Pater,quomodo
1510 5005 1625 5047 non
1657 4985 1849 5047 dabit?
1883 4986 2000 5049 Sed
2040 4998 2101 5050 et.

430 5074 684 5148 scit,nec
714 5074 873 5135 enim
901 5074 1131 5154 ignorat
1166 5096 1176 5138 t
1214 5076 1318 5138 sed
1352 5085 1410 5138 et
1433 5094 1534 5137 vos
1565 5095 1715 5155 opus
1748 5076 2094 5159 habetisiu),

430 5184 542 5225 nec
600 5165 757 5224 enim
821 5167 1079 5245 superna
1138 5175 1297 5238 sunt,
1360 5166 1466 5226 sed
1522 5164 1688 5226 vobis
1728 5169 2093 5229 necessaiia.

431 5252 615 5332 Igitur
645 5273 779 5314 cum
810 5261 867 5315 et
889 5254 1017 5334 ipse
1045 5257 1117 5316 sit
1144 5259 1339 5328 Pater,
1380 5265 1439 5317 et
1468 5274 1570 5315 vos
1616 5274 1766 5335 opus
1800 5256 2090 5332 habeatis,

432 5351 492 5401 et
540 5342 685 5405 sciat
730 5342 853 5418 ille,
880 5345 1179 5424 quomodo
1207 5364 1323 5405 nou
1347 5345 1592 5406 daturus
1625 5346 1812 5407 esset?
1842 5347 2101 5418 Quaerite

455 5429 612 5508 gitur
644 5450 897 5511 regnum
931 5433 1036 5496 Dei
1072 5448 1211 5495 ante
1241 5434 1461 5511 omnia,
1497 5434 1637 5495 574
1679 5447 1739 5498 et
1792 5445 2099 5516 tempora-

2185 4899 2352 4956 Ἀλλά
2396 4902 2485 4955 καὶ
2543 4897 2682 4975 οἶδε,
2734 4900 2813 4973 μὴ
2860 4898 2958 4978 γὰρ
3013 4896 3223 4976 ἀγνοεῖ,
3268 4898 3407 4956 ἀλλά
3462 4903 3552 4957 καὶ
3595 4903 3848 4983 χρῄζετε,

2183 4992 2261 5064 μὴ
2302 4991 2401 5069 γὰρ
2460 4991 2680 5069 περιττά
2745 4988 2912 5062 ἐστιν,
2972 4986 3111 5044 ἀλλά
3167 4987 3429 5069 χρειωδη.
3496 4993 3551 5049 Εἰ
3614 4995 3702 5048 οὖν
3762 4996 3856 5051 καὶ

2185 5081 2390 5160 Πατὴρ,
2442 5082 2530 5136 καὶ
2590 5080 2748 5155 ὑμεῖς
2808 5080 3065 5160 χρῄζετε,
3120 5080 3211 5134 καὶ
3253 5076 3403 5136 οἶδεν
3446 5079 3680 5161 ἐκεῖνος,
3734 5089 3851 5148 πῶς

2183 5175 2241 5231 οὗ
2302 5171 2457 5230 δώσει
2497 5188 2513 5246 ;
2545 5180 2769 5239 Ζητεῖτε
2800 5172 2889 5228 οὖν
2922 5172 3021 5239 τὴν
3061 5170 3335 5249 βασιλείαν
3378 5179 3471 5229 τοῦ
3516 5180 3647 5231 Θεοῦ
3708 5196 3846 5253 προ-

2182 5263 2520 5343 ηγουμένως,
2555 5264 2641 5318 καὶ
2683 5263 2780 5330 τὴν
2841 5264 2959 5341 περὶ
3015 5262 3082 5317 τὰ
3138 5262 3363 5338 βιωτικὰ
3395 5262 3656 5341 μέριμναν
3706 5267 3849 5321 ἀπο·

2184 5357 2499 5427 ποιήσασθε,
2560 5354 2632 5414 ὡς
2691 5352 3040 5411 ἐκκόπτουσιν
3112 5353 3255 5425 ἡμᾶς
3316 5352 3422 5407 ἀπὸ
3474 5351 3690 5414 τούτου.
3748 5347 3855 5416 Καὶ

2184 5451 2304 5507 τότε
2348 5452 2512 5501 ταῦτα
2557 5440 2728 5500 πάντα
2760 5447 3176 5524 προστεθήσεται
3228 5442 3380 5517 ὑμῖν,
3445 5432 3600 5522 Ὀρᾷς
3662 5444 3794 5500 Θεόν
3832 5461 3849 5519 ς

510 5607 601 5687 (α)
634 5606 785 5671 Edit.
824 5610 956 5672 Lut.
990 5612 1107 5675 Sed
1139 5620 1193 5675 et
1217 5614 1328 5675 scit
1361 5630 1372 5671 :
1406 5617 1700 5696 quomodo
1731 5619 1894 5682 enim
1930 5619 2237 5705 ignoraret
2265 5628 2293 5689 .9
2323 5624 2447 5691 Sed
2476 5634 2529 5689 et
2559 5624 2713 5707 quod
2741 5642 2890 5707 opus
2922 5621 3179 5689 habetis.
