4202 6422
314 413 434 479 893
1071 419 1517 483 ENARRATIO
1562 421 1645 484 IN
1691 419 2205 484 EVANGELIUM
2252 423 2490 485 LUGAS.
2544 457 2614 467 —
2662 425 2828 487 CAP.
2891 426 3003 487 XII
3596 423 3712 488 894

307 550 354 606 εί
425 557 609 621 ζητεῖς
680 550 747 605 τὰ
803 550 989 629 μικρὰ,
1053 552 1148 607 οὒκ
1176 551 1397 630 ἀρεστὸν
1430 557 1571 629 αὐτῴ
1601 568 1802 617 ποιεῖς·
1837 575 1974 610 κατ-

2061 550 2205 613 liutn
2230 552 2698 615 sollicitudinem
2732 553 2994 636 abjicite,
3031 575 3161 636 qum
3192 556 3265 618 ab
3310 558 3410 618 illo
3445 556 3710 632 abducit,

307 638 588 728 αισχυνεις
615 727 620 728 7
649 638 749 716 γὰρ
832 640 895 696 16
952 640 1113 728 αὐτοῦ
1167 638 1567 719 μεγαλόδωρον.
1602 644 1661 701 El
1696 652 1880 713 ζητεῖς
1910 644 1974 698 τὰ

2060 641 2538 724 adjicienturque
2572 644 2739 706 vobis
2794 655 2935 707 tunc
2989 647 3210 707 omnia.
3266 645 3446 709 Vides
3477 648 3633 728 quod
3666 648 3715 707 si

312 727 544 807 μεγαλα,
609 727 792 785 ἐκεῖνά
846 749 904 784 τε
962 727 1140 809 λήψῃ,
1200 732 1288 787 καὶ
1344 732 1475 810 πρός
1534 754 1595 812 γε
1665 734 1973 804 προσθήκην

2064 749 2237 811 parva
2268 734 2576 813 quaesieris
2606 754 2639 796 a
2668 734 3072 815 Deo,nihililli
3104 744 3331 814 gratum
3361 727 3712 797 faciasztnu-

305 817 438 883 ἕξεις
492 818 579 873 καὶ
648 818 715 873 τὰ
744 819 930 893 μικρώ
967 820 1011 874 εἰ
1043 820 1145 898 γὰρ
1175 818 1278 875 ἴδοι
1310 842 1370 877 σε
1424 821 1826 902 ἀσχολούμενον
1856 816 1974 901 περὶ

2061 820 2424 883 niﬁcentiam
2454 825 2615 884 enim
2652 824 2780 903 ejus
2821 824 3202 887 dehonestas.
3239 824 3343 886 Sin
3371 824 3714 905 quaesiveris

303 910 407 976 τὴν
462 906 732 984 βασιλείαν
802 909 984 989 αὐτοῦ,
1043 909 1341 987 ἀναγκαῖον
1391 910 1626 991 παντως,
1714 910 1795 968 ὅτι
1826 934 1963 988 προ-

306 997 560 1068 νοήσεταί
603 1019 698 1054 σου
720 995 772 1053 ἐν
801 1012 920 1062 τοῖς
964 1011 1107 1062 σοῖς.
1154 989 1242 1056 ’Ἡ
1287 1001 1408 1081 οὐχὶ
1436 1003 1524 1059 καὶ
1552 989 1717 1078 ἡμεῖς
1745 1002 1799 1059 ἐν
1843 1014 1966 1066 ταῖς

309 1086 529 1150 οίκεὶαις
587 1085 725 1143 οὕτω
781 1094 1062 1168 ποιοῦμεν,
1136 1088 1337 1164 μᾶλλον
1370 1090 1582 1148 ἐκείνων
1607 1093 1966 1171 φροντίζοντες

306 1181 415 1232 τῶν
473 1174 629 1239 ὅλους
687 1177 903 1241 ἑαυτοὺς
972 1175 1366 1235 ἐπιδεδωκότων
1420 1186 1489 1257 τῇ
1531 1180 1764 1260 ἡμετέρᾳ
1807 1184 1967 1258 θερα-

309 1265 454 1339 πείᾳ,
517 1266 605 1323 καὶ
647 1266 846 1323 τούτων
877 1269 1279 1344 προνοούμενοι,
1314 1271 1387 1333 ὡς
1433 1273 1511 1346 μὴ
1569 1270 1968 1350 προνοουμένων

310 1358 534 1435 αὐτῶν,
608 1358 667 1412 o6
737 1355 923 1430 πολλῷ
954 1359 1043 1414 οὖν
1088 1356 1290 1432 μᾶλλον
1321 1361 1348 1415 ὁ
1395 1360 1577 1439 Κύριος
1614 1380 1630 1440 ;
1683 1360 1967 1417 Ἐκκόπτει

311 1448 485 1503 τοίνυν
531 1447 630 1513 τὴν
690 1448 809 1525 περὶ
867 1454 976 1503 τῶν
1026 1448 1289 1523 βιωτικῶν
1360 1449 1617 1529 μέριμναν
1679 1453 1706 1507 6
1756 1452 1965 1530 Κύριος,

309 1535 407 1592 ἵνα
475 1536 633 1613 πείσῃ
690 1538 835 1610 ἡμᾶς
892 1544 1079 1608 ζητεῖν
1136 1538 1235 1605 τὴν
1265 1538 1535 1615 βασιλείαν
1594 1543 1777 1599 αὐτου·
1808 1562 1966 1619 μερι-

312 1632 486 1701 μνῶσι
543 1626 643 1705 γὰρ
689 1632 845 1682 τοῦτο
901 1625 995 1682 οὒκ
1062 1625 1283 1685 ἔνεστιν.
1319 1628 1409 1695 Μὴ
1453 1626 1639 1709 φοϐοὸ,
1683 1630 1746 1685 τὸ
1777 1630 1967 1706 μικρὸν

312 1715 585 1792 ποίμνιον,
644 1717 729 1772 ὅτι
805 1713 1088 1783 εὐδόκησεν
1158 1720 1186 1772 6
1228 1718 1410 1794 Πατὴρ
1438 1720 1586 1794 ὑμῶν
1618 1716 1793 1776 δοῦναι
1836 1721 1965 1794 ὑμῖν

313 1806 411 1875 τὴν
436 1803 732 1883 βασιλείαν,

404 2008 427 2044 ε
492 1983 787 2055 Πωλήσατε
858 1986 923 2041 τὰ
954 1987 1263 2066 ὅπάρχοντα
1291 1989 1463 2061 ὑμῶν,
1519 1988 1605 2044 καὶ
1644 1986 1761 2045 δότε
1808 1987 1857 2045 ἐ)
1870 2010 1971 2056 εη-

314 2078 578 2155 μοσύνην⁶
650 2076 913 2145 ποιήσατε
982 2078 1196 2140 ἑαυτοῖς
1258 2074 1517 2153 βαλάντια
1572 2077 1650 2152 μὴ
1705 2077 1972 2136 παλαιού-

316 2189 477 2243 μενα,
535 2166 798 2244 θησαυρὸν
856 2163 1203 2222 ἀνέκλειπτον
1257 2167 1311 2222 ἐι
1372 2180 1491 2228 τοῖς
1538 2169 1807 2246 οὐρανοῖς,
1842 2168 1973 2225 ὅπου

310 2256 553 2324 κλέπτης
603 2259 696 2314 οὐκ
754 2254 972 2332 ἐγγίζει,
1073 2254 1190 2312 οὒδὲ
1273 2257 1370 2324 σὴς
1451 2254 1753 2336 διαφθείρει’
1839 2257 1973 2315 ὅπου

314 2349 416 2426 γὰρ
488 2346 631 2403 ἐστιν
700 2347 729 2402 6
778 2346 1041 2422 θησαυρὸς
1072 2346 1243 2421 ὑμῶν,
1278 2345 1395 2403 ἐκεῖ
1425 2347 1514 2403 καὶ
1544 2348 1578 2415 ἡ
1610 2346 1795 2426 καρδία
1826 2349 1973 2423 ὑμῶν

316 2436 486 2499 ἔσται,
563 2459 586 2493 ο
648 2436 849 2514 Μικρὸν
904 2437 1150 2509 ποίμνιον
1204 2436 1450 2510 ὀνομάζει
1523 2437 1644 2501 τοὺς
1674 2437 1817 2512 αύτῷ
1863 2460 1973 2513 μασι

314 2528 557 2595 θητεύειν
611 2524 860 2588 θέλοντας
911 2526 938 2580 6
1014 2525 1220 2604 Κύριος,
1285 2525 1320 2593 ἢ
1378 2524 1510 2583 διότι
1556 2527 1611 2582 ἐν
1670 2532 1744 2601 τῷ
1789 2528 1975 2603 κόσμῳ

318 2618 489 2691 τούτῳ
560 2616 607 2671 οἱ
661 2613 802 2693 ἅγιοι
847 2615 1025 2695 μικροὶ
1055 2616 1144 2670 καὶ
1182 2613 1462 2695 ἐλάχιστοι
1492 2614 1577 2672 διὰ
1608 2617 1706 2684 τὴν
1735 2618 1972 2674 ἑκούσιον

318 2706 697 2783 ἀκτημοσύνην
754 2706 842 2761 καὶ
911 2704 1391 2786 ἆχρηματοσύνην,
1422 2704 1457 2774 ἥ
1502 2704 1585 2762 διὰ
1628 2711 1690 2763 τὸ
1719 2708 1974 2774 ἡττᾶσθαι

317 2796 418 2865 τῆς
478 2802 583 2854 τῶν
653 2793 897 2873 ἀγγέλων
952 2792 1187 2862 πληθύος
1246 2795 1548 2875 ἀμετρήτου
1605 2795 1787 2868 οὔσης,
1889 2799 1977 2853 καὶ

317 2887 675 2965 ἂσυγκρείτως
735 2885 1103 2962 ὑπερεχούσης
1158 2886 1225 2940 τὰ
1273 2884 1390 2942 καθ’
1485 2888 1651 2961 ἡμᾶς·
1736 2887 1817 2943 ὅτι
1876 2888 1975 2965 γὰρ

318 2975 529 3038 πλείους
599 2979 646 3032 οἱ
702 2975 946 3052 ἄγγελοι,
1004 2973 1163 3041 δῆλον
1225 2974 1285 3030 ἐκ
1341 2980 1438 3042 τῆς
1516 2973 1851 3054 παραϐολῆς,
1904 2976 1969 3044 ἤν

318 3067 478 3123 εἶπεν
547 3068 574 3121 6
650 3064 863 3142 Κύριος·
926 3063 1008 3121 ὅτι
1080 3064 1257 3143 χαίρει
1296 3067 1323 3121 6
1380 3067 1586 3141 ποιμὴν
1628 3066 1713 3122 ἐπὶ
1768 3073 1845 3140 τῷ
1896 3062 1969 3123 ἐνὶ

316 3155 638 3222 πλανηθέντι
712 3155 802 3211 καὶ
849 3153 1127 3233 εὑρεθέντι,
1161 3154 1196 3221 ἢ
1243 3155 1329 3211 ἐπὶ
1371 3168 1489 3219 τοῖς
1532 3158 1979 3221 ἐννενηκονταενσ-

318 3246 414 3303 νέα
475 3257 591 3308 τοῖς
650 3244 727 3318 μὴ
787 3241 1244 3318 πεπλανημένοις⁶
1348 3241 1506 3309 ἔδειξε
1558 3245 1657 3322 γὰρ
1722 3244 1972 3313 ἐντεῦθεν,

2060 928 2290 988 magna.
2325 920 2383 972 et
2415 912 2516 974 illa
2544 913 2799 993 accipies
2830 921 2887 974 et
2912 932 3044 973 cum
3078 914 3197 976 illis
3228 914 3487 994 accipies
3536 914 3711 975 etiam

2052 1018 2247 1081 parva.
2279 1001 2423 1064 Nam
2448 1020 2579 1066 cum
2611 1009 2670 1065 te
2702 1003 2915 1064 viderit
2941 1014 3288 1084 occupatum
3341 1022 3523 1081 regno
3557 1022 3687 1075 suo,

2052 1090 2228 1171 plane
2258 1093 2659 1153 necessarium
2695 1100 2754 1152 ut
2781 1101 2838 1153 et
2864 1092 2969 1155 tibi
2997 1093 3056 1153 in
3087 1093 3267 1154 rebus
3299 1093 3410 1154 luis
3456 1094 3692 1172 prospi-

2052 1182 2189 1242 ciat.
2216 1180 2427 1242 Annon
2461 1194 2516 1241 et
2557 1201 2664 1242 nos
2696 1182 2756 1243 in
2807 1182 2986 1244 rebus
3025 1182 3283 1263 propriis
3313 1184 3398 1243 sic
3422 1183 3689 1255 facimus,

2054 1279 2113 1331 et
2136 1270 2321 1349 magis
2344 1290 2543 1333 curam
2576 1271 2807 1332 illorum
2842 1272 3092 1351 agimus,
3128 1273 3227 1353 qui
3261 1292 3323 1334 se
3351 1280 3499 1334 totos
3524 1271 3697 1333 nobis

2055 1360 2488 1442 manciparunt,
2524 1361 2717 1441 deque
2750 1362 2867 1423 illis
2896 1362 3134 1424 solliciti
3184 1381 3389 1422 sumus
3421 1371 3694 1441 tanquam

2052 1449 2285 1531 seipsos
2318 1449 2431 1529 ipsi
2466 1451 2794 1529 negligant?
2817 1458 3038 1532 quanto
3074 1452 3258 1529 magis
3290 1452 3345 1512 id
3366 1451 3701 1531 agitDomi-

2052 1546 2196 1602 nus?
2221 1541 2541 1618 Propterea
2570 1541 2850 1602 Dominus
2880 1542 3141 1602 omnium
3169 1540 3581 1621 temporalium
3602 1558 3695 1600 cu-

2050 1647 2175 1690 ram
2211 1629 2858 1709 rejicit,utquaeramus
2888 1649 3133 1709 regnum
3159 1632 3313 1710 ejus,
3351 1631 3405 1691 id
3439 1628 3595 1710 quod
3629 1630 3703 1689 de

2057 1717 2486 1797 temporalibus
2517 1718 2754 1781 solliciti
2784 1739 2903 1780 non
2932 1718 3311 1781 faciunt.Noli
3346 1722 3703 1798 timere,pu-

2055 1806 2228 1870 sillus
2253 1808 2565 1888 grex,quia
2595 1810 3010 1889 complacitum
3046 1819 3135 1871 est
3166 1811 3324 1871 Patri
3346 1815 3540 1869 vestro
3564 1808 3707 1868 dare

1994 1881 2033 1932 Β
2061 1895 2219 1958 vobis
2250 1881 2523 1975 regnum.

2135 1987 2309 2049 Vens.
2353 1988 2453 2061 33,
2489 1988 2587 2049 34.
2630 2014 2655 2043 α
2684 1986 2936 2049 Vendite
2985 2007 3115 2069 quae
3148 1986 3463 2069 possidetis
3486 1995 3545 2048 et
3575 1985 3708 2047 date

2056 2075 2735 2158 eleemosynamJ’arate
2771 2078 2927 2139 vobis
2958 2079 3223 2139 sacculos
3254 2076 3351 2157 qui
3388 2096 3505 2137 non
3541 2088 3702 2137 vete-

2058 2176 2318 2239 rascunt,
2347 2169 2684 2229 thesaurum
2711 2188 2829 2230 non
2884 2169 3259 2231 deﬁcientem
3288 2169 3346 2227 in
3373 2166 3558 2247 ccelis,
3596 2185 3710 2246 quo

2058 2256 2155 2318 fur
2180 2276 2295 2317 non
2323 2258 2579 2331 accedit,
2614 2277 2808 2338 neque
2841 2258 2999 2319 tinea
3027 2256 3374 2337 corrumpit.
3408 2255 3519 2318 Uhi
3549 2255 3707 2316 enim

2061 2346 2374 2408 thesaurus
2408 2359 2603 2409 vester
2635 2350 2834 2429 est,ibi
2870 2357 2927 2409 et
2959 2367 3062 2409 cor
3084 2357 3341 2408 vestrum
3377 2346 3491 2407 erit
3524 2372 3549 2401 ι)
3592 2347 3711 2407 Do-

2059 2436 2255 2496 minus
2287 2439 2548 2497 nominat
2575 2438 2899 2519 discipulos
2930 2448 2986 2499 et
3015 2438 3345 2500 doctrinam
3378 2454 3543 2496 suam
3575 2453 3710 2499 sus-

2058 2524 2350 2605 cipientes
2400 2529 2677 2607 pusillum
2727 2548 3008 2607 gregem:
3059 2528 3148 2588 vel
3211 2527 3368 2607 quod
3429 2523 3713 2605 perpauci

2059 2624 2197 2676 sunt
2218 2617 2403 2676 sancti
2428 2618 2723 2678 inmundo
2748 2619 2845 2698 qui
2874 2627 3084 2697 sponte
3113 2622 3524 2697 paupertatem
3551 2615 3709 2676 illam

2062 2704 2299 2766 obeant:
2336 2706 2424 2767 vel
2458 2708 2614 2787 quod
2642 2707 2689 2767 si
2716 2709 2785 2768 ad
2808 2710 3050 2786 angelos
3082 2706 3713 2779 conferantur,nume-

2060 2814 2127 2856 ro
2165 2795 3043 2875 incomparabiliterinferiores
3072 2796 3359 2876 sint,quia
3390 2794 3573 2855 multo
3590 2794 3716 2873 plu-

2060 2904 2158 2947 res
2178 2894 2313 2947 sunt
2344 2887 2639 2965 angeli.Et
2672 2889 3046 2948 manifestum
3077 2897 3165 2947 est
3198 2888 3309 2947 hoc
3340 2904 3408 2947 ex
3437 2884 3713 2962 parabola

2060 2994 2235 3056 quam
2283 2977 2429 3037 dixit
2462 2977 2939 3057 Dominus,quod
2972 2977 3220 3055 gaudeat
3243 2984 3440 3055 pastor
3469 2974 3713 3049 plussu-

2062 3082 2172 3143 per
2204 3083 2318 3125 una
2341 3085 2445 3125 ove
2478 3067 2716 3127 inventa
2741 3085 2871 3146 qua:
2895 3066 3577 3146 perierat,quam.super
3601 3082 3712 3122 no-

2063 3155 2305 3234 naginta
2338 3172 2546 3216 novem
2571 3174 2705 3233 quae
2729 3174 2845 3216 non
2873 3154 3380 3225 erraverunt.th
3400 3153 3528 3213 loco
3551 3172 3715 3213 mon-

2065 3251 2286 3306 stratur
2315 3245 2471 3325 quod
2497 3245 2649 3305 sicut
2675 3264 2858 3305 unum
2888 3264 2952 3305 se
2970 3245 3148 3306 habet
3176 3243 3245 3303 ad
3267 3242 3584 3321 nonaginta
3608 3261 3716 3301 no-

316 3336 400 3392 ὅτι
471 3333 650 3411 ὥσπερ
714 3334 775 3389 16
845 3331 898 3388 ἔν
959 3334 1091 3411 πρὸς
1163 3333 1228 3389 τὰ
1285 3332 1809 3407 ἐννενηκονταεννέα,
1843 3332 1974 3390 οὕτω

2065 3351 2218 3406 vem,
2252 3332 2332 3393 ita
2358 3335 2612 3395 humana
2647 3342 2859 3395 natura
2886 3334 2956 3395 ad
2990 3333 3344 3412 angelicam.
3390 3331 3473 3391 Ne
3504 3331 3715 3390 timeas

316 3426 407 3482 καὶ
460 3426 496 3493 ἡ
575 3423 877 3502 ἀνθρωπίνη
945 3423 1096 3502 φύσις
1154 3424 1287 3500 πρὸς
1339 3422 1437 3491 τὴν
1495 3422 1815 3502 ἀγγελικὴν.
1890 3425 1979 3491 Μὴ

316 3512 508 3594 φοϐοῦ,
572 3514 726 3591 φησὶ,
785 3512 831 3569 ὦ
889 3513 1079 3590 μικρὸν
1108 3512 1379 3593 ποίμνιον,
1428 3511 1542 3569 ἂντὶ
1572 3520 1686 3587 τοῦ,
1723 3514 1811 3581 Μὴ
1842 3514 1976 3570 ἀπι-

316 3605 548 3679 στὴσῃς,
624 3601 705 3658 ὅτι
776 3602 1131 3679 προνοήσεταί
1187 3623 1281 3658 σου
1326 3604 1353 3658 6
1412 3604 1566 3677 Θεὸς,
1641 3602 1740 3658 κᾶν
1792 3605 1869 3680 μὴ
1915 3603 1977 3659 σὺ

318 3698 602 3770 μεριμνᾷς.
669 3692 766 3749 Διὰ
834 3690 883 3747 τί
933 3708 950 3764 ;
998 3690 1144 3747 Διότι
1201 3688 1486 3758 εὖδόκησεν
1523 3695 1550 3748 6
1583 3694 1766 3773 Πατὴρ
1806 3690 1981 3749 δοῦναι

317 3786 450 3859 ὑμῖν
493 3783 591 3851 τὴν
662 3779 956 3858 βασιλείαν,
992 3777 1141 3837 Ἐπεὶ
1177 3781 1266 3837 οὖν
1320 3781 1420 3849 τὴν
1461 3781 1733 3857 βασιλείαν
1777 3781 1979 3863 δίδωσι,

319 3870 509 3945 πολλῷ
568 3868 771 3947 μᾶλλον
843 3870 909 3926 τὰ
965 3875 1063 3936 τῆς
1123 3870 1247 3947 γῆς.
1295 3872 1383 3937 Μὴ
1412 3873 1586 3928 τοίνυν
1616 3871 1850 3949 ἀπίστει,
1898 3871 1980 3928 ὅτι

317 3965 412 4022 ἐὰν
464 3962 842 4038 ἀκτημοσύνην
901 3959 1246 4037 ἐπιτηδεύσῃ,
1308 3963 1410 4041 οὔχ
1473 3962 1602 4029 ἕξεις
1634 3966 1724 4021 τὸν
1747 3988 1979 4045 προνοη-

317 4054 547 4130 σόμενόν
618 4075 733 4127 σου,
790 4050 927 4108 ἀλλὰ
997 4051 1254 4117 πώλησον
1280 4052 1348 4107 τὰ
1402 4054 1739 4133 ὑπάρχοντα,
1773 4057 1862 4111 καὶ
1892 4053 1981 4119 δὸς

322 4142 719 4218 ἐλεημοσύνην,
793 4142 883 4197 καὶ
939 4141 1167 4208 ποίησον
1254 4143 1515 4221 θησαυρὸν
1610 4142 1980 4205 ἀνέκλειπτον.

324 4232 462 4291 Εἶτα
534 4232 699 4288 πείθει
758 4232 902 4306 ἡμᾶς
973 4232 1063 4287 καὶ
1105 4231 1211 4287 ἀπὸ
1255 4228 1528 4309 λογισμῶν
1559 4232 1980 4312 ἀναντιῤῥήτων,

2062 3422 2262 3503 igitur,
2300 3423 2467 3503 dicit,
2502 3443 2533 3482 ο
2569 3423 2779 3500 pusille
2811 3442 2975 3503 grrx,
3012 3423 3126 3485 hoc
3158 3431 3270 3501 est,
3299 3439 3374 3481 ne
3406 3421 3486 3481 sis
3515 3422 3714 3480 incre-

2061 3510 2429 3573 dulus.Gerit
2461 3512 2619 3571 enim
2642 3514 2725 3574 tui
2748 3530 2951 3573 curam
2984 3530 3054 3572 ac
3078 3509 3508 3589 providentiam
3536 3507 3713 3581 Deus,

2062 3601 2239 3662 etiam
2271 3601 2320 3661 si
2350 3610 2409 3661 tu
2445 3601 2734 3661 sollicitus
2772 3621 2884 3662 non
2919 3601 3024 3663 sis.
3062 3600 3287 3672 Quare?
3320 3598 3465 3670 Quia
3490 3599 3709 3659 bonum

2065 3691 2249 3751 visum
2286 3699 2464 3762 est,et
2494 3690 2691 3768 placet
2724 3684 2877 3751 Patri
2904 3690 3086 3752 utdel
3109 3688 3276 3750 vobis
3306 3706 3580 3766 regnum.
3605 3685 3717 3758 Qui

2064 3780 2243 3859 igitur
2272 3780 2436 3841 vobis
2459 3799 2704 3859 regnum
2739 3780 3055 3853 dat,multo
3092 3779 3277 3857 magis
3316 3787 3552 3838 terrena
3580 3795 3722 3837 con-

2064 3868 2352 3931 cedet.Ne
2383 3869 2567 3948 igitur
2596 3870 2850 3939 diffidas,
2878 3870 3035 3950 quod
3086 3868 3135 3930 si
3192 3867 3524 3928 divitiarum
3554 3866 3719 3926 solli-

2064 3958 2391 4020 citudinem
2421 3960 2863 4040 abjeceris,non
2894 3960 2977 4021 sis
3008 3960 3315 4020 habiturus
3335 3957 3593 4038 aliquem
3619 3956 3718 4036 qui

2066 4048 2171 4110 tibi
2221 4049 2567 4127 provideat:
2602 4050 2705 4109 sed
2753 4049 2940 4110 vende
2991 4068 3062 4108 ea
3116 4067 3252 4126 quae
3311 4048 3522 4125 habes,
3556 4055 3613 4108 et
3644 4046 3722 4107 da

2067 4138 2602 4219 eleemosynam,et
2627 4140 2716 4199 fac
2740 4139 2847 4199 tibi
2880 4140 3221 4199 thesaurum
3251 4137 3717 4199 indelicientem.

2066 4228 2157 4290 Ad
2184 4230 2309 4289 haec
2343 4229 2658 4309 persuadet
2690 4230 2862 4289 nobis
2891 4229 3221 4291 rationibus
3253 4227 3470 4309 quibus
3488 4235 3718 4288 contra-

324 4321 582 4379 Ἐνταῦθα
652 4320 750 4395 μὲν
804 4322 927 4399 γὰρ,
960 4321 1112 4401 φησί,
1164 4320 1262 4387 σὴς
1308 4318 1615 4399 διαφθείρει,
1650 4324 1705 4377 ἓν
1738 4322 1974 4401 οὐρανοῖς

2069 4318 2272 4380 dicere
2313 4338 2432 4380 non
2463 4318 2873 4400 possumus.ln
2906 4320 3016 4380 hac
3046 4318 3203 4378 enim
3230 4318 3363 4391 vita,
3397 4316 3611 4396 inquit,
3642 4316 3718 4377 ti-

323 4409 380 4468 δὲ
454 4415 513 4470 οὗ
584 4419 765 4470 τοῦτο.
811 4412 917 4468 Οὐκ
946 4410 1046 4487 ἆρα
1090 4409 1177 4465 οὖν
1212 4409 1436 4476 ἀνόητον
1467 4411 1529 4465 τὸ
1576 4413 1901 4489 θησαυρίζειν
1932 4412 1974 4468 ἐκ

2072 4424 2183 4468 nea
2206 4409 2558 4487 corrumpit,
2582 4408 2642 4467 in
2668 4406 2831 4468 ccelis
2859 4414 3053 4469 autem
3110 4423 3224 4465 non
3275 4406 3383 4466 sic.
3421 4401 3547 4463 Non
3579 4421 3721 4482 ergo

320 4500 495 4581 τόπῳ,
543 4499 598 4556 ἐν
622 4504 668 4569 ᾧ
696 4497 948 4579 διαφθορά
981 4520 997 4569 ;
1034 4508 1167 4581 Εἶτα
1198 4497 1382 4565 ἐπειδὴ
1415 4500 1505 4554 16v
1551 4502 1752 4578 χρυσὸν
1784 4505 1844 4560 οὐ
1874 4498 1974 4557 δια·

2072 4495 2408 4576 insipientis
2439 4505 2596 4556 esset
2618 4496 2903 4573 colligere
2936 4496 3242 4556 thesauros
3268 4492 3329 4552 in
3363 4491 3492 4553 loco
3527 4491 3719 4571 inquo

321 4578 515 4669 φθείρει
558 4592 683 4661 σὴς,
714 4578 839 4645 εἷπε
870 4590 958 4644 καὶ
1003 4591 1083 4660 16,
1136 4578 1325 4645 ’Ὅπου
1368 4586 1608 4654 κλέπτης
1634 4592 1729 4647 οὐκ
1758 4589 1974 4668 ἐγγίζει,

2066 4585 2586 4666 corrumpuntur?
2646 4585 2858 4646 Postea
2929 4586 3065 4665 quia
3144 4602 3350 4643 aurum
3447 4601 3481 4642 a
3565 4582 3723 4641 tinea

322 4680 435 4748 Σὴς
506 4681 604 4756 μὲν
685 4679 783 4757 γὰρ
843 4681 904 4737 06
973 4677 1251 4757 διαφθείρει
1284 4678 1509 4757 χρυσὸν,
1559 4676 1696 4735 ἀλλὰ
1740 4678 1974 4748 κλέπτης

2061 4674 2483 4755 corrumpitur,
2518 4676 2683 4749 dixit,
2720 4684 2912 4755 etquo
2942 4674 3034 4735 fur
3070 4693 3184 4733 non
3226 4670 3481 4733 accedit.
3530 4670 3718 4731 Tinea

321 4768 477 4841 συλᾷ.
542 4770 681 4827 Εἶτα
743 4766 928 4835 ἐπειδὴ
959 4773 1018 4827 o6
1061 4768 1255 4831 πάντες
1288 4765 1631 4842 κλέπτονται,
1667 4770 1978 4838 προστίθησι

319 4861 414 4917 τὸν
472 4862 637 4935 μείζω
692 4860 867 4926 πάντη
913 4861 1001 4915 καὶ
1055 4856 1429 4935 alvu-112661110»-
1466 4856 1746 4935 λογισμόν.
1799 4849 1982 4919 ΗΟπου

318 4951 422 5030 γὰρ
469 4950 612 5007 ἐστιν
642 4952 670 5006 6
712 4951 976 5027 θησαυρὸς
1021 4952 1192 5024 ὑμῶν,
1225 4948 1342 5003 ἐκεῖ
1385 4948 1472 5002 καὶ
1499 4948 1534 5015 ἡ
1592 4946 1777 5027 καρδία
1834 4951 1979 5024 ὑμῶν

319 5029 490 5097 ἔσται.
550 5029 747 5097 ’Ἐστω
802 5040 927 5120 γὰρ,
999 5040 1181 5119 φησὶν,
1218 5036 1297 5093 ὅτι
1357 5036 1473 5093 οὔτε
1517 5037 1613 5104 σὴς
1673 5036 1993 5120 διαφθείρει,ο

320 5129 439 5186 οὔτε
500 5127 737 5195 κλέπτης
792 5129 1013 5207 ἐγγίζει,
1074 5129 1201 5184 αὐτὸ
1231 5137 1387 5185 τοῦτο
1446 5127 1507 5181 16
1537 5124 1811 5206 ἔχειντὴν
1844 5151 1979 5205 καρ-

320 5214 435 5273 δίαν
507 5216 935 5297 προσηλωμένην
985 5223 1062 5292 τῴ
1090 5214 1543 5295 κατορωρυγμὲνῳ
1590 5218 1857 5294 θηραυρῷ,
1892 5219 1979 5274 καὶ

318 5309 382 5364 16
411 5310 556 5364 θεῖον
575 5309 768 5386 χρῆμα
796 5312 894 5373 τῆς
920 5311 1107 5386 ψυχῆς
1130 5312 1198 5382 τῇ
1226 5312 1298 5383 γῇ
1319 5302 1599 5379 ἐμϐαλεῖν,
1633 5304 1807 5372 πόσης
1838 5305 1978 5373 ἄξιον

318 5397 576 5473 τιμωρίας
621 5417 639 5471 ς
703 5394 917 5453 Μᾶλλον
963 5393 1018 5452 δὲ
1049 5402 1163 5457 πῶς
1195 5397 1255 5452 06
1284 5394 1512 5473 μεγίστη
1544 5397 1771 5473 τιμωρία
1814 5405 1890 5472 τῷ
1918 5419 1979 5476 γε

317 5488 438 5545 νοῦν
508 5485 692 5566 ἔχοντι
727 5502 744 5560 ;
793 5476 983 5545 ’Ὅπου
1026 5486 1054 5543 ό
1082 5483 1343 5565 θησαυρός
1375 5506 1487 5558 σου,
1524 5486 1643 5541 ἐκεῖ
1671 5487 1760 5543 καὶ
1788 5487 1821 5554 ἡ
1854 5510 1981 5564 καρ-

316 5574 400 5633 δία
456 5592 571 5633 σιου⁶
606 5577 650 5631 εί
701 5576 756 5631 ἐν
785 5582 851 5653 τῇ
895 5582 989 5655 γῇ,
1024 5576 1111 5634 καὶ
1142 5574 1300 5647 αὕτη,
1336 5576 1379 5630 εί
1409 5574 1464 5629 ἐν
1494 5581 1569 5647 τῷ
1595 5575 1795 5653 οὐρανῷ
1824 5576 1976 5634 ἐκεῖ-

314 5686 430 5742 νος,
488 5663 599 5721 ἅνω
654 5666 742 5721 καὶ
774 5665 930 5734 αὕτη.
966 5664 1054 5728 Τίς
1084 5664 1172 5722 οὖν
1216 5665 1312 5722 οὐκ
1338 5662 1402 5720 ἄν
1446 5661 1621 5722 ἕλοιτο
1665 5665 1806 5722 εἶναι
1867 5667 1976 5724 ἂνω

2064 4764 2306 4845 quidem
2340 4784 2457 4826 non
2489 4764 2818 4845 corrumpit
2850 4763 3196 4843 aurmn,sed
3231 4762 3322 4821 l'ur
3355 4760 3555 4841 diripi.
3598 4762 3717 4822 De-

2062 4855 2242 4936 nique
2270 4854 2408 4935 quia
2439 4873 2558 4916 non
2592 4855 2788 4915 omnia
2819 4856 2973 4915 furto
3011 4859 3282 4933 pereunt,
3306 4850 3507 4929 adjicit
3535 4851 3719 4910 ratio-

2066 4962 2200 5007 nem
2238 4945 2613 5025 majorem,et
2655 4944 3126 5006 contradictione
3177 4941 3570 5021 superiorem.
3608 4938 3724 5002 Ubi

2065 5035 2223 5098 enim
2263 5046 2349 5096 est
2380 5036 2693 5097 thesaurus
2728 5033 3167 5114 vester,inquit,
3200 5032 3324 5093 illic
3360 5040 3417 5090 et
3448 5048 3551 5092 cor
3583 5049 3719 5090 ves-

2066 5134 2218 5187 trum
2256 5124 2537 5187 eritEsto
2556 5124 3128 5206 euim,inquit,quod
3166 5139 3360 5202 neque
3394 5120 3551 5182 tinea
3583 5138 3722 5180 enr-

2062 5225 2523 5295 rumpat,neque
2555 5216 2649 5275 l'ur
2677 5215 2958 5275 accedat:
2996 5215 3142 5274 istuc
3175 5212 3365 5292 ipsum
3406 5219 3600 5271 tamen
3626 5210 3725 5271 ha-

2066 5307 2207 5369 bere
2229 5324 2331 5366 cor
2346 5305 2647 5366 addictum
2675 5303 2952 5365 thesauro
2975 5303 3299 5371 del‘osso,et
3316 5300 3573 5361 animam
3593 5319 3726 5378 quae

2066 5396 2263 5458 divina
2298 5395 2593 5477 possessio
2650 5404 2759 5469 est,
2803 5395 3054 5471 injicere
3115 5402 3309 5465 terrae,
3346 5390 3486 5451 575
3520 5409 3627 5471 per
3658 5410 3725 5451 se

2065 5494 2283 5568 quanto
2312 5485 2605 5564 supplicio
2636 5484 2813 5546 fuerit
2844 5482 3252 5563 dignum?imo
3285 5480 3581 5560 quomodo
3608 5500 3725 5542 non

2064 5575 2382 5643 summo,si
2418 5574 2551 5651 quis
2584 5572 3054 5637 animadvertat?
3079 5570 3191 5636 Ubi
3212 5569 3371 5633 enim
3408 5569 3723 5631 thesaurus

2063 5665 2348 5748 tuus,i|lic
2372 5672 2544 5726 etcor
2563 5665 2805 5728 tuutnzsi
2823 5662 3056 5727 interra
3072 5660 3262 5739 ille,et
3291 5659 3350 5723 in
3384 5666 3542 5723 terra
3562 5659 3673 5721 hoc
3709 5676 3722 5722 :
