4202 6420
296 346 415 411 897

1018 346 1462 415 ENARRATIO
1509 352 1587 415 IN
1639 344 2143 416 EVANGELIUM
2194 347 2431 411 ΕυΟίΕ.
2479 380 2558 393 -
2599 348 2762 413 CAP.
2812 351 2947 414 XII.

3578 350 3697 418 898

297 483 525 566 Παῦλον,
603 486 889 565 παρθένους
946 484 1134 567 ἀγνᾶς.
1183 485 1429 544 Ἀναλύει
1490 483 1543 542 δὲ
1616 485 1675 542 ἔκ
1729 486 1834 542 τῶν
1905 482 1956 538 ἐν

2044 479 2289 541 mendat
2322 483 2562 565 Paulus,
2597 484 2687 545 vel
2718 484 2769 545 si
2800 486 2934 565 quis
2966 486 3175 547 similis
3209 488 3412 569 Paulo,
3438 490 3695 569 virgines

294 576 542 653 οὐρανοῖς
600 577 813 655 γάμων,
861 577 1007 658 τάχα
1038 579 1137 654 μὲν
1166 575 1465 639 καθολικῶς
1515 576 1570 633 ἐν
1618 576 1686 644 τῆ
1729 573 1956 632 καθόλου

298 662 598 739 συντελείᾳ,
658 665 747 722 ὅτε
802 665 902 723 ἀπ’
951 666 1170 745 οὖρανοῦ
1200 664 1469 723 ἐλεύσεται
1500 664 1553 723 ἐν
1597 666 1665 742 τῇ
1709 662 1834 741 δόξῃ
1863 673 1957 721 τοῦ

298 754 530 832 Πατρός.
604 755 761 836 Τάχα
832 755 886 812 δὲ
928 757 1017 814 καὶ
1058 753 1176 813 καθ’
1224 756 1456 824 ἑκάστην
1497 755 1638 835 ὤραν
1669 755 1723 812 ἐν
1754 761 1821 831 τῇ
1851 776 1954 830 με-

303 848 428 921 ρικῇ
484 847 579 901 τοῦ
634 843 751 902 καθ’
809 845 902 903 ἕνα
962 845 1232 919 συντελείᾳ
1288 845 1528 925 ἀοράτως
1556 847 1641 903 καὶ
1687 841 1955 923 ἀπροσδο-

297 932 482 1001 κήτως
556 931 931 1015 ἐφιστάμενος.
997 936 1264 1015 μακάριος
1308 934 1397 991 οὗν
1444 938 1677 1008 ἓκεῖνος,
1708 932 1767 990 ὅν
1798 934 1958 1007 εὑρή-

299 1042 381 1077 σει
412 1024 833 1102 περιεζωσμένον
876 1026 974 1101 μὲν
1005 1025 1103 1093 τὴν
1144 1025 1328 1105 ὀσφὺν,
1358 1024 1451 1081 οἶα
1481 1023 1546 1093 δὴ
1574 1030 1652 1098 τῷ
1682 1028 1959 1103 πρακτικῷ

299 1110 447 1190 μέρει
507 1114 604 1180 τῆς
659 1116 796 1172 κατὰ
855 1116 1080 1194 Χριστὸν
1152 1113 1460 1196 φιλοσοφίας
1506 1113 1811 1192 θεραπεύειν
1864 1113 1957 1168 τὸν

298 1201 431 1256 Θεὸν
489 1201 888 1277 ἑτοιμασθέντα,
966 1202 1165 1283 ἔχοντα
1195 1200 1250 1258 δὲ
1282 1203 1372 1258 τὸν
1429 1200 1629 1283 λυχνον
1676 1208 1770 1258 τοῦ
1799 1200 1960 1277 λόγου

294 1290 385 1346 καὶ
439 1294 538 1358 τῆς
608 1289 916 1369 διακρίσεως
976 1292 1286 1368 καιόμενον,
1343 1293 1428 1349 καὶ
1461 1292 1539 1367 μὴ
1590 1291 1754 1367 μόνον
1784 1292 1958 1370 πράτ-

292 1400 454 1436 τοντα
507 1382 571 1437 τὸ
614 1380 803 1457 καλὸν,
849 1381 989 1440 ἀλλὰ
1017 1383 1105 1439 καὶ
1149 1380 1354 1444 καλῶς·
1422 1381 1482 1437 οὒ
1526 1381 1638 1457 μὴν
1681 1378 1817 1437 ἀλλὰ
1874 1380 1961 1436 καὶ

2040 578 2232 660 castas
2252 570 2516 634 56.Redit
2534 582 2729 635 autem
2760 583 2958 635 autem
2981 593 3049 637 ex
3078 576 3423 639 coelestibus
3446 581 3692 660 nuptiis,

2040 659 2305 749 fortassis
2324 662 2383 722 in
2401 662 2723 724 universali
2749 667 3261 727 consummatione
3278 659 3695 749 mundi,quan-

2040 748 2114 808 do
2146 749 2218 810 de
2249 751 2419 813 cmlis
2451 753 2647 813 veniet
2675 753 2733 813 in
2764 754 2952 832 gloria
2981 752 3165 815 Patris
3194 748 3691 819 Fortassisauteni

2040 838 2179 899 etin
2215 842 2679 921 uniuscujusque
2728 843 2973 923 propria
3018 853 3207 906 morte
3251 846 3695 926 inexspectatus

2039 930 2390 995 adveniens.
2426 932 2639 994 Beatus
2671 932 2851 1010 igitur
2889 933 2987 995 ille
3021 954 3194 1014 quem
3229 936 3523 999 invenerit
3552 957 3692 999 suc-

2041 1019 2246 1082 cinctis
2278 1018 2639 1101 lumbis,hoc
2663 1029 2981 1092 est,verum
3002 1021 3400 1087 Christianum
3423 1026 3693 1106 philoso-

2043 1107 2222 1197 phum
2246 1110 2701 1187 agentem,etad
2721 1110 3117 1172 ministerium
3147 1114 3250 1174 Dei
3277 1123 3691 1197 praeparatum,

2045 1204 2102 1257 et
2132 1196 2449 1260 habentem
2491 1198 2793 1260 lucernam
2827 1200 3072 1261 rationis
3132 1211 3191 1264 et
3232 1203 3440 1281 judicii
3473 1196 3694 1265 ardea;

2046 1300 2162 1347 tem
2200 1308 2217 1348 :
2250 1296 2304 1349 et
2338 1307 2455 1349 non
2491 1289 2683 1349 solum
2725 1289 3042 1352 facientem
3099 1294 3254 1372 quod
3309 1291 3555 1367 bonum,
3590 1295 3693 1357 sed

2044 1376 2199 1439 bene
2249 1377 2424 1439 etiam
2461 1400 2473 1441 :
2510 1377 3024 1459 accipientemque
3069 1388 3127 1440 et
3178 1382 3697 1462 contemplationis

292 1467 395 1535 τὴν
460 1469 705 1548 θεωρίαν.
769 1471 889 1529 οἶόν
957 1494 1039 1528 τιν
1070 1493 1103 1527 α
1152 1470 1354 1551 λύχνον
1399 1467 1701 1545 δεξίμενον·
1744 1466 1828 1525 διὰ
1856 1469 1956 1547 γὰρ

2044 1467 2372 1531 lucernam.
2411 1468 2699 1530 Habendo
2744 1468 2902 1530 enim
2940 1471 3170 1532 lumbus
3202 1472 3553 1552 praecinctos
3581 1475 3696 1553 ta),

294 1566 390 1616 τοῦ
446 1561 545 1627 τὴν
602 1562 765 1641 ὀσφὺν
832 1563 1179 1642 περιεζῶσθαι
1240 1562 1567 1641 περιγίνεταε
1626 1562 1763 1635 ἡμῖν
1807 1560 1895 1616 καὶ
1927 1560 1955 1614 6

2040 1556 2212 1617 nobis
2233 1556 2472 1618 advenit
2500 1558 2743 1619 lucerna
2782 1558 3322 1637 contemplationis:
3357 1560 3477 1621 imo
3502 1561 3699 1641 potius

294 1647 580 1723 καιόμενος
649 1649 850 1731 λύχνος
904 1652 999 1721 τῆς
1070 1652 1313 1731 θεωρίας,
1380 1649 1583 1726 μᾶλλον
1638 1647 1692 1706 δὲ
1748 1652 1794 1705 oi
1866 1646 1955 1705 δύο

2040 1645 2303 1708 lucernae
2333 1646 2613 1721 duae,una
2642 1667 2774 1728 quae
2806 1658 2896 1709 est
2928 1647 2985 1707 in
3021 1648 3223 1717 corde,
3259 1660 3315 1710 et
3344 1650 3529 1711 altera
3559 1669 3695 1712 ser-

298 1736 514 1818 λύχνοι,
589 1737 616 1794 ὅ
669 1761 726 1797 τε
759 1740 1049 1806 ἐνδιάθετος
1082 1742 1169 1798 καὶ
1196 1743 1223 1797 6
1252 1742 1599 1822 προφορικὸς·
1630 1746 1707 1812 τῷ
1736 1738 1956 1811 τοιούτῳ

2043 1735 2260 1797 monis.
2276 1735 2580 1815 Ejusmodi
2615 1736 2873 1799 ministri
2903 1738 3077 1798 etiam
3114 1736 3400 1799 Dominus
3425 1739 3697 1801 minister

297 1827 388 1882 οὗν
442 1828 720 1906 θεράποντι
776 1832 1018 1910 θεράπων
1070 1834 1098 1887 6
1159 1831 1347 1903 Κύριος
1432 1831 1654 1908 γίνεται.
1718 1830 1956 1899 Περιζώο

2042 1825 2177 1887 erit.
2214 1824 2615 1903 Praecingetur
2637 1826 2821 1897 enim,
2848 1827 3063 1908 inquit,
3096 1835 3155 1889 et
3184 1828 3539 1891 recumbere
3562 1830 3695 1891 illos

296 1937 447 1972 σεται
478 1918 599 1996 γὰρ,
634 1920 786 1998 φησὶ,
841 1922 928 1977 καὶ
972 1918 1247 1977 ἀνακλινεῖ
1292 1920 1503 1983 αὐτούς.
1550 1922 1646 1977 Καδ
1683 1917 1956 1997 παρελθὼν

2040 1912 2235 1987 faciet,
2274 1923 2331 1975 et
2362 1914 2710 1995 prieteriens
2744 1916 3100 1978 ministrabit
3137 1917 3277 1978 illis.
3310 1918 3696 1997 Praecingitur

295 2004 600 2077 διακονήσει
669 2007 878 2073 αὑτοῖς·
940 2008 1319 2088 περιζώννυται
1391 2009 1490 2084 μὲν
1576 2008 1665 2064 οὗν
1727 2010 1755 2063 6
1826 2007 1954 2069 Θεὸς

2040 2003 2243 2084 itaque
2295 2007 2450 2066 Deus
2498 2005 2823 2066 secundum
2856 2005 3011 2086 quod
3047 2025 3164 2067 non
3199 2007 3463 2068 omnium
3500 2007 3692 2070 bono-

291 2098 425 2153 καθὸ
482 2101 587 2177 οὐχ
634 2096 843 2155 ἅπασαν
901 2099 999 2168 τὴν
1054 2102 1160 2156 τῶν
1216 2100 1426 2177 ἀγαθῶν
1457 2100 1613 2179 χύσιν
1646 2100 1784 2173 ἡμῖν
1832 2096 1955 2153 ἐπι·-

292 2198 555 2265 χορηγεΐ,
620 2185 739 2243 ἀλλ’
799 2186 1113 2245 ἀναστέλλει
1172 2188 1396 2255 ταύτην⁹
1473 2188 1547 2252 τίς
1593 2188 1693 2266 γὰρ
1742 2184 1954 2249 δύναται

293 2280 547 2354 χωρῆσαι
592 2278 747 2354 Θεὸν,
782 2277 905 2342 ὅσος
936 2278 1047 2336 ἔστί
1079 2299 1096 2351 ;
1149 2279 1248 2336 Καὶ
1291 2276 1453 2345 δῆλον
1484 2277 1545 2335 ὲκ
1580 2283 1687 2334 τῶν
1719 2277 1957 2356 Σεραφὶμ

295 2363 712 2442 καλυπτομένων
768 2365 853 2423 διὰ
906 2370 1005 2436 τὴν
1053 2366 1350 2444 ὑπερϐολὴν
1407 2377 1501 2427 τοῦ
1560 2367 1697 2424 θείου
1754 2366 1953 2444 φωτός·

298 2452 565 2511 ἀνακλίνει
649 2454 704 2512 δὲ
756 2460 876 2523 τοὺς
950 2457 1145 2524 καλοὺς
1204 2457 1440 2522 δούλους·
1503 2456 1658 2520 ὅλους
1718 2458 1817 2535 γᾰρ
1889 2454 1956 2511 δι’

299 2541 442 2600 ὃλων
495 2546 776 2602 ἀναπαύει·
831 2549 904 2610 ὣς
976 2548 1076 2627 γὰρ
1135 2550 1164 2605 6
1241 2545 1657 2619 ἀνακεκλιμένος
1714 2544 1839 2602 ὅλον
1896 2547 1956 2602 τὸ

298 2638 456 2708 σῶμα
514 2634 795 2712 ἀναπαύει,
842 2635 982 2693 οὕτω
1025 2638 1113 2695 καὶ
1153 2639 1211 2693 ἓν
1253 2644 1323 2714 τῇ
1375 2634 1646 2713 μελλούσῃ
1697 2638 1956 2713 παρουσίᾳ

298 2720 415 2778 ὅλοι
474 2720 540 2778 δι’
603 2723 743 2780 ὅλων
789 2726 836 2782 οἱ
892 2726 1037 2804 ἅγιοι
1109 2726 1499 2785 ἀναπαύοντπι.
1576 2724 1832 2783 Ἐνταῦθα
1856 2724 1954 2800 μὲν

293 2814 395 2891 γὰρ
464 2820 542 2886 τῷ
610 2822 819 2891 σωματι
891 2816 1070 2872 ἄνεσιν
1129 2818 1233 2896 οὑχ
1263 2816 1608 2895 εὑρίσκουσιν,
1676 2815 1851 2872 ἐκεῖσε
1896 2813 1952 2871 δὲ

291 2903 387 2979 σὺν
453 2904 581 2967 ταῖς
668 2910 882 2985 ψυχαῖς
938 2906 1027 2963 καὶ
1083 2906 1150 2962 τὰ
1188 2907 1519 2982 πνευματικὰ
1564 2906 1734 2961 αὖτῶν
1762 2907 1848 2961 καὶ
1889 2906 1953 2962 τὰ

288 2995 411 3049 θετα
484 2993 707 3070 σώματα
802 2995 1089 3075 ἀφθαρσίαν
1169 2993 1673 3075 κληρονομήσαντα,
1772 2994 1951 3061 πάσης

292 3082 639 3149 ἀναπαύσεως
696 3083 1077 3164 ἀπολαύουσιν,
1112 3087 1201 3141 καὶ
1227 3084 1373 3143 ἔσται
1417 3087 1445 3141 6
1509 3086 1639 3148 Θεὸς
1666 3085 1733 3140 τὰ
1780 3084 1955 3143 πάντα

292 3170 347 3227 ἐν
404 3177 565 3230 πᾶσιν
608 3177 815 3239 αὐτοῖς·
849 3172 1089 3245 διακονεῖ
1119 3172 1174 3231 δὲ
1204 3188 1324 3239 τοῖς
1369 3174 1553 3245 ἀξίοις,
1601 3171 1954 3251 ἀμειϐόμενος

290 3261 481 3325 αὑτοὺς
534 3277 653 3327 τοῖς
700 3262 865 3328 ἴσοις·
911 3266 999 3321 καὶ
1028 3263 1205 3343 ὥσπερ
1250 3264 1393 3321 αὑτοὶ
1438 3264 1579 3337 αὒτῷ
1605 3260 1953 3331 διηκόνησαν,

2032 2112 2172 2155 Tum
2208 2093 2559 2156 eli'usionem
2603 2094 2771 2154 nobis
2817 2095 3173 2175 suppeditat,
3209 2098 3314 2157 sed
3366 2097 3524 2158 illam
3554 2116 3685 2159 reso

2040 2183 2264 2262 tringit.
2298 2182 2440 2256 Quis
2471 2184 2633 2245 enim
2662 2194 2854 2264 potest
2884 2204 3097 2265 capere
3128 2198 3386 2267 quantus
3408 2188 3481 2248 sit
3506 2186 3694 2250 Deus?

2040 2281 2097 2333 et
2138 2273 2519 2335 manifestum
2566 2284 2654 2334 est
2685 2293 2756 2335 ex
2805 2276 3146 2356 Seraphim,
3180 2276 3280 2356 qui
3311 2294 3377 2337 se
3408 2276 3694 2356 obtegunt

2041 2371 2285 2442 propter
2314 2363 2724 2424 excellentiam
2749 2363 2933 2424 divini
2964 2364 3417 2428 luminis.Porro
3451 2384 3693 2428 recum-

2043 2451 2185 2513 bere
2234 2452 2369 2519 facit
2424 2452 2612 2513 bonos
2665 2472 2865 2515 servos
2903 2472 2915 2515 :
2951 2463 3101 2515 totos
3155 2454 3310 2515 enim
3362 2474 3467 2535 per
3496 2456 3695 2518 omnia

2042 2542 2353 2622 quiescere
2376 2542 2531 2605 facit.
2568 2540 2712 2603 Nam
2746 2544 2899 2604 sicut
2927 2542 3025 2624 qui
3064 2541 3378 2617 recumbit,
3406 2552 3523 2605 toto
3553 2563 3693 2606 cor-

2038 2651 2186 2713 pore
2217 2632 2505 2713 quiescit:
2541 2632 2620 2693 ita
2651 2632 2712 2693 in
2734 2633 3001 2694 secondo
3034 2634 3286 2694 adventu
3321 2652 3529 2694 omnes
3561 2652 3696 2695 san-

2036 2722 2115 2783 cti
2147 2741 2252 2803 per
2278 2722 2477 2784 omnia
2506 2723 2833 2803 quiescent.
2869 2721 3102 2784 Etenim
3155 2724 3214 2784 in
3242 2722 3349 2785 hac
3381 2722 3493 2784 vita
3518 2724 3691 2804 quie-

2037 2820 2156 2873 tem
2189 2812 2459 2892 corporis
2483 2830 2598 2873 non
2632 2811 3127 2874 inveniunt.Alibi
3168 2822 3361 2873 autem
3395 2832 3526 2873 cum
3559 2814 3694 2874 ani-

2038 2900 2247 2962 mabus
2272 2901 2604 2981 spiritualia
2631 2910 2686 2963 et
2709 2901 2909 2963 divina
2929 2920 3136 2964 eornm
3158 2921 3408 2983 corpora
3429 2904 3695 2965 incorru-

2038 2991 2301 3071 ptionem
2336 2990 2793 3066 haareditabunt,
2830 2999 2889 3053 et
2912 2992 3075 3052 omni
3108 2996 3303 3071 quiete
3335 2993 3695 3067 fruentur,et

2038 3081 2151 3142 erit
2179 3084 2336 3144 Deus
2368 3080 2568 3142 omnia
2599 3080 2657 3141 in
2691 3081 2970 3143 omnibus
3000 3081 3117 3142 illis
3140 3082 3532 3145 57.Ministrat
3554 3100 3692 3144 vero

2042 3170 2256 3249 dignis,
2290 3189 2395 3250 par
2421 3170 2508 3233 eis
2550 3170 2929 3232 retribuens:
2966 3178 3025 3231 et
3054 3171 3206 3233 sicut
3237 3170 3346 3250 ipsi
3388 3180 3446 3231 et
3479 3172 3690 3233 minis-

2042 3268 2362 3332 traverunt,
2390 3260 2469 3322 ita
2503 3260 2676 3321 etiam
2711 3260 2838 3341 ipse
2873 3259 2958 3322 eis
2989 3261 3246 3323 vicissim
3283 3260 3604 3343 ministrat,
3632 3271 3695 3325 et

296 3348 440 3406 οὕτω
506 3352 595 3408 καὶ
652 3351 808 3417 αὑτὸς
853 3353 1037 3415 αὑτοῖς
1081 3354 1360 3429 ὑπηρετῶν
1411 3352 1497 3408 καὶ
1539 3348 1741 3426 δαψιλῆ
1772 3354 1955 3414 αὑτοῖς

2040 3348 2329 3431 dapsilem
2377 3350 2465 3411 eis
2497 3368 2760 3411 mensam
2811 3359 3069 3430 praestat,
3097 3349 3385 3412 exhibens
3406 3351 3693 3431 spiritua-

298 3440 558 3521 παρέχων
625 3443 915 3522 τράπεζαν,
958 3446 1046 3499 καὶ
1101 3444 1200 3511 τὴν
1249 3448 1356 3498 τῶν
1426 3447 1796 3517 πνευματικῶν
1844 3463 1955 3521 χα-

2040 3437 2183 3500 lium
2221 3441 2512 3502 donorum
2546 3439 2826 3501 lautitias.
2867 3442 2939 3501 Αι,
2966 3459 3072 3520 per
3118 3440 3443 3502 secundam
3478 3450 3535 3503 et
3564 3448 3689 3503 ter-

299 3530 573 3609 ρισμάτων
656 3532 858 3612 τρυφὴν
912 3534 1289 3613 χαριζόμενος.
1350 3531 1605 3599 Φυλακὴν
1634 3530 1687 3587 δὲ
1718 3528 1956 3606 δευτέραν

2044 3527 2185 3589 tiam
2220 3529 2473 3608 vigiliam
2498 3529 2790 3607 intelligas
2822 3529 2978 3591 varia
3014 3530 3141 3591 vitae
3172 3538 3358 3591 notraa
3383 3540 3687 3610 tempora:

299 3621 389 3677 καὶ
436 3620 615 3700 τρίτην
687 3623 905 3693 νοήσαις
965 3622 1026 3679 ἄν
1053 3624 1148 3689 τὰς
1178 3620 1456 3704 διαφόρους
1504 3623 1644 3699 ὥρας
1673 3626 1772 3689 τῆς
1815 3621 1958 3693 ςωῆς

293 3712 479 3786 ἡμῶν.
533 3711 669 3770 Οἷόν
722 3736 773 3770 τι
808 3711 998 3791 λέγω·
1058 3704 1277 3793 ’Ὥσπερ
1307 3715 1336 3769 6
1366 3711 1617 3791 ἀγυπνῶν
1646 3713 1704 3768 ἒν
1743 3714 1812 3778 τῆ
1843 3707 1957 3767 δευ-

292 3799 422 3880 τέρᾳ
491 3805 578 3859 καὶ
634 3802 785 3881 τρίτῃ
841 3800 1076 3883 φυλακῇ,
1135 3799 1287 3860 δοκεῖ
1343 3800 1779 3881 έγρηρορώτατος
1811 3799 1955 3858 εἶναι

293 3889 472 3970 (αὗται
530 3890 630 3972 γὰρ
690 3893 743 3948 αἱ
798 3891 933 3970 ὧραι
986 3898 1085 3961 τῆς
1116 3893 1301 3958 νυκτὸς
1346 3890 1578 3969 μάλιστα
1622 3890 1788 3948 ὕπνου
1817 3912 1954 3968 παρ-

289 3983 497 4039 εκτικαῖ
564 3994 682 4045 τοῖς
739 3981 1034 4061 ἀνθρώποις
1087 3983 1177 4038 καὶ
1245 3981 1457 4063 πρώτου
1534 3980 1745 4055 ὕπνου),
1819 3979 1957 4038 οὕτω

291 4070 404 4127 νόει
461 4094 555 4147 μοι
613 4072 703 4129 καὶ
772 4074 830 4128 εν
884 4077 953 4149 τῇ
1023 4070 1258 4153 διαφόρῳ
1300 4071 1621 4129 καταστάσει
1664 4076 1765 4137 τῆς
1812 4075 1955 4142 ζωῆς

291 4162 454 4236 ἡμῶν
513 4165 653 4217 εἶναι
710 4160 851 4239 ὥρας
895 4162 991 4225 τὰς
1082 4161 1369 4241 μακαρίους
1447 4163 1592 4237 ἡμᾶς
1677 4160 1954 4235 ποιούσας,

298 4250 391 4306 ἰὰν
450 4251 740 4329 εὑρεθῶμεν
810 4253 1215 4332 γρηγοροῦντες.
1250 4245 1515 4327 ”¹Ηρπασέ
1569 4272 1652 4315 τις
1708 4251 1774 4306 τὰ
1806 4251 1956 4332 χρή-

299 4340 447 4416 ματά
497 4362 613 4416 σου,
674 4342 958 4411 τεθνήκασί
1030 4364 1114 4399 σοι
1198 4340 1415 4422 παῖδες,
1500 4340 1953 4420 ἐσυκοφαντήθης·

2040 3627 2103 3679 ut
2133 3620 2387 3700 exempli
2429 3619 2620 3699 gratia
2649 3618 2873 3699 aliquid
2901 3619 3093 3681 dicam
3128 3636 3141 3681 :
3177 3618 3690 3691 Quemadmodum

2040 3709 2139 3789 qui
2163 3709 2221 3768 in
2254 3708 2577 3770 secundam
2601 3716 2701 3769 aut
2722 3708 2955 3769 tertiam
2997 3708 3257 3787 vigiliam
3290 3707 3503 3787 vigilat,
3538 3708 3689 3788 vigi-

2039 3797 2400 3860 lantissimus
2432 3816 2565 3860 esse
2589 3798 2822 3860 videtur
2849 3797 3003 3877 (istis
3033 3798 3191 3859 enim
3225 3797 3389 3859 horis
3420 3798 3692 3860 homines

2043 3887 2300 3950 maximo
2353 3896 2411 3950 et
2460 3888 2652 3968 primo
2686 3905 2899 3950 somno
2952 3890 3251 3956 tenentur)
3284 3886 3392 3961 sic,
3412 3887 3686 3961 obsecro,

2042 3976 2218 4038 etiam
2245 3977 2541 4056 intelligas
2571 3978 2630 4039 in
2654 3977 2905 4038 diversis
2927 3977 3061 4038 vitae
3086 3984 3303 4038 nostrae
3326 3976 3576 4038 statibus
3603 3997 3693 4037 es.

2040 4085 2105 4127 se
2137 4067 2473 4148 horas,qu:e
2488 4065 2694 4128 beatos
2713 4083 2822 4128 nos
2844 4065 3135 4141 faciant,si
3159 4065 3466 4145 vigilantes
3491 4069 3691 4128 inven-

2043 4156 2085 4217 ti
2116 4155 2689 4237 fuerimuns.Rapuit
2718 4157 2851 4237 quis
2880 4156 3112 4217 divitias
3146 4156 3525 4231 tuas,mortui
3557 4166 3695 4218 sunt

2042 4248 2179 4306 577
2214 4247 2321 4307 tibi
2352 4245 2846 4320 lilii,calumniam
2880 4264 3085 4327 passus
3102 4264 3187 4306 es:
3210 4247 3256 4306 si
3281 4246 3341 4306 in
3365 4245 3689 4308 illiusmodi

2043 4335 2409 4417 temporibus
2435 4354 2551 4397 non
2578 4335 2762 4398 lueris
2784 4335 3119 4416 lapsus,sed
3144 4333 3390 4411 vigilans
3414 4332 3690 4397 inventus

297 4429 393 4486 ἐὰν
460 4433 518 4487 ὶν
578 4443 697 4493 τοῖς
752 4431 1010 4495 τοιούτοις
1082 4445 1292 4509 καιροῖς
1348 4433 1409 4488 οὐ
1449 4429 1784 4511 καταπέσῃς,
1838 4427 1956 4487 ἀλλ’

2042 4444 2076 4487 a
2109 4429 2228 4487 Deo
2259 4434 2315 4485 et
2349 4424 2621 4498 Domino,
2654 4432 2711 4485 et
2741 4424 2890 4485 nihil
2939 4422 3097 4485 aliud
3150 4430 3361 4504 praeter
3416 4424 3690 4485 mandata

298 4519 610 4601 ἐγρηγορὼς
662 4521 881 4598 εὑρεθεὶς
938 4528 1015 4596 τῷ
1072 4528 1189 4596 Θεῷ
1218 4524 1307 4578 καὶ
1353 4520 1620 4600 Δεσπότῃ,
1672 4520 1761 4576 καὶ
1792 4517 1958 4595 μηδὲν

296 4608 401 4677 ἔξω
452 4617 558 4668 τῶν
615 4611 774 4668 αὑτοῦ
856 4607 1086 4679 έντολῶν
1156 4610 1495 4689 ἀναγκασθῇς
1526 4607 1739 4685 πρᾶξαι,
1792 4607 1958 4674 ὅντως

292 4701 629 4782 ἐργηγορότα
676 4722 735 4757 σε
792 4702 938 4781 εὗρεν
995 4700 1047 4757 ἐν
1105 4698 1319 4779 δευτέρᾳ
1366 4701 1454 4756 καὶ
1521 4699 1673 4779 τρίτῖδ
1723 4699 1955 4780 φυλακῇ,

295 4792 594 4873 τουτέστιν,
652 4790 707 4847 ἒν
738 4799 905 4868 καιρῷ
959 4790 1136 4873 δεινῷ,
1183 4793 1273 4848 καὶ
1316 4789 1479 4848 ὕπνον
1523 4788 1824 4860 θαντιτώδη,
1871 4788 1960 4847 καὶ

297 4883 643 4941 κατάπτωσιν
696 4895 818 4948 ταῖς
877 4882 1103 4963 χαύναις
1134 4887 1344 4962 ψυχαῖς
1388 4880 1703 4961 παρέχοντι·
1758 4878 1841 4936 δεῖ
1870 4879 1958 4938 οὖν

294 4977 697 5053 ἓγρῃγόρσεως·
748 4969 1097 5049 οἰκοδεσπότῃ
1154 4973 1255 5052 γὰρ
1306 4972 1579 5047 ἐοίκαμεν,
1642 4969 1700 5034 ὅς
1767 4971 1811 5026 εἰ
1860 4970 1959 5045 μὲν

302 5064 590 5144 ἀγρυπνεῖ,
645 5066 705 5121 οὒ
782 5059 995 5120 δύναται
1040 5059 1186 5119 οὒδέν
1226 5061 1365 5119 κατὰ
1413 5066 1521 5117 τῶν
1551 5062 1709 5119 αὑτοῦ
1729 5058 1959 5139 χρημά-

300 5176 410 5211 των
462 5156 490 5211 6
519 5152 779 5220 κλέπτης·
813 5153 857 5208 εἰ
888 5148 943 5208 δὲ
987 5149 1232 5220 ὑπνώδης
1264 5150 1398 5230 ἐστὶ,
1442 5149 1615 5207 πάντα
1647 5146 1775 5226 ἄρας
1798 5149 1961 5228 οἰχή-

301 5265 476 5302 σεται.
539 5240 787 5310 Κλέπτην
858 5238 914 5297 δὲ
963 5241 1182 5299 ἐνταῦθα
1211 5248 1387 5299 νοοῦσι
1432 5239 1529 5315 μέν
1558 5259 1697 5302 τινες
1741 5238 1829 5295 καὶ
1866 5240 1958 5294 τὸν

300 5331 575 5413 διάϐολον,
629 5330 809 5413 ὥσπερ
862 5332 953 5389 καὶ
990 5331 1146 5390 οἶκον
1195 5332 1295 5401 τὴν
1331 5332 1543 5411 ψυχὴν,
1576 5326 1959 5395 οἰκοδεσπότην

299 5425 391 5483 τὸν
464 5421 760 5503 ἄνθρωπον·
831 5423 891 5480 οὒ
943 5422 1055 5499 μὴν
1110 5420 1252 5480 ἔοικε
1321 5420 1617 5502 πρόσφορος
1694 5417 1837 5475 εἶναι
1889 5423 1959 5495 τῇ

381 5601 480 5655 56*
505 5600 562 5666 II
586 5603 729 5668 Cor.
760 5616 847 5679 ιι,
875 5603 943 5668 2.
971 5601 1035 5653 υτ
1064 5598 1257 5665 ICor.
1286 5614 1388 5678 xv,
1417 5596 1518 5662 28.

2042 4514 2279 4577 Domini
2310 4514 2545 4577 feceris:
2574 4513 2775 4595 utique
2806 4512 3142 4592 vigilantem
3178 4520 3233 4573 te
3257 4512 3315 4573 in
3349 4513 3610 4573 secunda
3632 4524 3693 4574 et

2045 4605 2214 4667 tertia
2262 4603 2456 4685 vigilia
2510 4603 2823 4677 invenerit,
2886 4604 2997 4664 hoc
3029 4612 3117 4664 est
3149 4602 3206 4663 in
3242 4601 3575 4683 periculoso
3629 4612 3687 4664 et

2043 4695 2206 4775 gravi
2236 4703 2524 4775 tempore,
2558 4693 2714 4774 quod
2776 4692 3141 4754 mortiferum
3186 4710 3463 4753 somnum
3498 4702 3556 4754 et
3585 4711 3689 4754 ca-

2042 4805 2170 4847 sum
2201 4783 2501 4846 dissolutis
2527 4781 2841 4844 animabus
2866 4781 3276 4863 praebet.0pus
3305 4781 3502 4863 itaque
3534 4781 3684 4862 vigi-

2043 4872 2671 4938 Ianlia.Palrifamilias
2701 4872 2862 4934 enim
2895 4871 3426 4953 assimilamur,qui
3457 4872 3508 4932 si
3543 4874 3689 4953 vigi-

2041 4965 2269 5040 laverit,
2291 4962 2437 5024 nihil
2467 4981 2534 5024 ex
2570 4960 2746 5024 rebus
2777 4961 2907 5042 ejus
2935 4960 3171 5023 auferre
3194 4969 3472 5042 poterunt
3501 4960 3684 5039 fures;

2040 5053 2133 5116 sin
2154 5062 2348 5115 autem
2380 5051 2816 5115 somniculosos
2848 5049 3007 5123 l'urit,
3042 5050 3257 5113 ablatis
3284 5051 3565 5115 omnibus
3595 5052 3690 5113 fur

2042 5143 2383 5207 evadit.Per
2410 5142 2598 5204 furem
2628 5141 2867 5223 quidam
2903 5141 3014 5203 hoc
3044 5140 3173 5202 loco
3195 5140 3537 5219 intelligunt
3567 5142 3689 5203 dia-

2040 5232 2269 5306 bolum,
2326 5231 2476 5293 sicut
2518 5240 2574 5293 et
2605 5248 2711 5311 per
2738 5230 2980 5291 domum
3012 5230 3294 5304 animam,
3324 5240 3388 5293 et
3420 5238 3687 5313 patrem-

2038 5322 2315 5404 familias,
2340 5321 2670 5397 hominem;
2694 5318 2798 5380 sed
2833 5337 2953 5380 non
2981 5329 3226 5400 apparet
3256 5321 3544 5401 expositio
3584 5338 3686 5381 sa-

2039 5416 2113 5476 tis
2135 5410 2580 5475 accommodata
2609 5407 2967 5472 textui.Furi
2997 5407 3156 5470 enim
3184 5409 3297 5471 hoc
3314 5408 3445 5473 loco
3478 5411 3685 5473 Domi-

390 5751 464 5817 (ο)
500 5736 659 5803 Edit.
688 5741 816 5800 Lut.
851 5736 1091 5813 omittit,
1123 5735 1399 5799 habendo
1418 5735 1578 5797 enim
1606 5730 1835 5797 lumbos
1862 5736 2243 5813 praefractas.
