4202 6412
567 295 685 361 899

567 522 868 601 inopinato
903 522 1100 583 veniet
1131 539 1145 583 :
1181 521 1332 581 sicut
1364 529 1420 581 et
1446 519 1848 599 apostolorum
1883 518 2124 599 quidam
2148 519 2237 581 di-

569 610 649 671 cit
682 630 695 670 :
735 612 871 673 Dies
903 614 1061 671 enim
1096 609 1330 671 Domini
1356 609 1523 689 quasi
1549 608 1642 667 fur
1671 607 1727 667 in
1758 610 2099 671 nocte58.Et
2120 609 2235 671 hoc

569 699 697 759 loco
724 699 857 760 vide
886 699 1188 777 quomodo
1222 698 1646 778 interpretatur
1678 696 1965 758 Dominus
1996 698 2128 778 quis
2160 698 2236 760 sit

566 788 679 849 fur.
707 786 851 849 Nam
887 789 1031 850 dicit
1066 811 1076 845 :
1114 789 1189 849 Et
1219 807 1323 848 vos
1358 788 1532 866 igitur
1562 787 1967 866 vigilate,quia
1992 806 2108 868 qua
2131 788 2237 850 ho-

568 896 629 937 ra
654 896 769 938 non
807 878 1046 956 putatis,
1086 877 1271 940 Filius
1303 876 1561 937 hominis
1598 875 1814 937 veniet.
1853 876 2068 937 Dicunt
2094 877 2235 958 qui-

566 965 700 1027 dam
726 967 882 1047 quod
919 986 1028 1046 per
1054 970 1303 1046 primam
1330 966 1586 1045 vigiliam
1615 966 2028 1044 intelligantur
2053 967 2111 1028 bi
2134 966 2234 1049 qui

566 1057 699 1117 aliis
729 1065 867 1117 sunt
895 1056 1353 1134 diligentiores:
1393 1074 1499 1136 per
1541 1055 1871 1117 secundam
1932 1074 2095 1130 vero,
2132 1056 2236 1136 qui

566 1145 937 1227 aliquantum
974 1147 1363 1226 profecerunt
1394 1165 1410 1206 :
1446 1164 1553 1227 per
1610 1145 1839 1207 tertiam
1873 1154 2097 1220 autem,
2133 1144 2235 1227 qui

1537 294 2133 360 THEOPHYLACTI
2180 293 2592 357 BULGARLE
2643 291 3001 355 ARCHIEP.

568 432 738 493 nicus
796 431 1087 493 adventus
1147 438 1543 510 comparatur,
1572 446 1641 490 eo
1672 428 1827 509 quod
1892 440 2141 507 repente
2175 438 2236 492 et

2327 428 2601 502 ἂκολουθίᾳ
2671 429 2804 495 αὕτη
2898 430 2933 496 ἡ
3024 425 3253 507 ἐκδοχή·

3867 290 3976 357 900

3344 425 3556 504 κλέπτῃ
3616 429 3713 508 γὰρ
3769 429 3965 489 ἐνταῦθα

2320 516 2723 598 παραϐαλλεται
2783 520 2817 586 ἡ
2876 521 3136 594 παρουσία
3206 525 3300 574 τοῦ
3332 519 3522 594 Κυρίου
3552 514 3636 572 διὰ
3665 520 3723 574 τὸ
3770 518 3964 598 ἀπροσ-

2320 607 2571 682 δόκητον,
2630 611 2703 677 ὡς
2760 608 2850 663 καί
2900 630 2981 669 τις
3040 613 3147 664 τῶν
3204 607 3522 665 ἀποστόλων
3579 605 3745 685 λέγει’
3782 599 3840 665 Ἠ
3872 612 3963 688 γὰρ

2318 698 2493 777 ἡμέρα
2555 699 2743 777 Κυρίου
2801 699 2875 760 ὡς
2934 696 3172 763 κλέπτης
3232 697 3285 752 ἐν
3319 698 3486 754 νυκτί.
3537 698 3632 754 Καὶ
3676 697 3882 755 ἐνταῦθα
3908 697 3957 755 δὲ

2319 790 2346 844 6
2384 790 2569 865 Κύριος
2602 786 2683 843 ἴδε
2713 792 2829 851 πῶς
2858 787 3134 865 ἑρμηνεύει
3164 789 3328 865 ἡμῖν,
3354 787 3432 849 τίς
3464 785 3616 842 ἐστιν
3645 788 3671 843 6
3711 785 3951 854 κλέπτης’

2317 879 2448 957 φησί
2500 878 2621 955 γάρ’
2681 878 2779 934 Καὶ
2833 877 2990 950 ὑμεῖς
3056 882 3144 931 οὖν
3189 888 3530 954 γρηγορεῖτε,
3589 873 3735 950 ὅτιῇ
3782 875 3883 955 ὥρα
3907 882 3963 937 οὖ

2317 964 2547 1040 δοκεῖτε,
2610 968 2637 1022 6
2700 967 2820 1027 Υἱὸς
2852 974 2943 1023 τοῦ
2972 964 3235 1044 ἂνθρώτου
3265 964 3507 1044 ἔρχεται,
3542 965 3679 1021 Φασὶ
3729 962 3782 1020 δὲ
3808 987 3958 1047 τινες,

2318 1059 2397 1113 ὃτι
2470 1058 2587 1132 περὶ
2644 1056 2744 1123 τὴν
2789 1057 3009 1135 πρώτην
3053 1053 3293 1135 φυλακὴν
3353 1054 3761 1133 ἒγρηγοροῦντες
3791 1063 3961 1111 νοοῦν-

2316 1168 2403 1203 ται
2466 1148 2513 1203 οἱ
2574 1148 2679 1202 τῶν
2723 1143 2903 1201 ἄλλων
2945 1143 3369 1224 ἐπιμελέστερον
3417 1145 3539 1223 περὶ
3590 1141 3645 1200 δὲ
3670 1144 3766 1211 τὴν
3795 1142 3961 1201 δευτέο

569 1235 748 1297 etiam
782 1236 900 1297 illis
953 1244 1090 1297 sunt
1122 1234 1458 1297 inferiores.
1495 1235 1570 1296 At
1598 1234 1699 1295 alii
1732 1233 1998 1295 diversas
2030 1242 2237 1297 tetates

579 1335 1003 1405 exposuerunt,
1039 1334 1096 1386 et
1120 1327 1393 1405 primam,
1418 1344 1533 1405 qua
1566 1324 1980 1387 adolescentes
2005 1341 2234 1388 sumus:

2327 1347 2425 1381 των
2471 1325 2682 1394 ἢττους.
2750 1323 2962 1382 ³¹Αλλοι
3022 1322 3078 1380 δὲ
3132 1325 3226 1387 τὰς
3283 1322 3564 1404 διαφόρους
3614 1322 3820 1395 ἡῖικίας
3878 1322 3959 1390 ἱξ-

580 1414 929 1487 secundam,
964 1434 1079 1495 qua
1113 1415 1218 1474 viri
1255 1436 1267 1474 :
1322 1414 1585 1493 tertiam,
1620 1433 1736 1494 qua
1788 1432 1987 1478 senes.
2022 1413 2239 1476 Beatus

2327 1416 2620 1493 ηγήσαντο,
2697 1415 2917 1491 Πρώτην
2979 1414 3077 1490 μὲν
3106 1411 3224 1470 καθ’
3254 1411 3321 1481 ἤν
3353 1413 3457 1470 νέοι
3515 1414 3702 1490 ἐσμὲν,
3735 1411 3959 1493 δευτέραν

583 1503 761 1582 igitur
811 1503 1078 1584 quisquis
1131 1522 1485 1584 quacunque
1537 1512 1710 1564 aetate
1757 1502 2032 1566 inventus
2062 1503 2242 1565 fuerit

2327 1501 2401 1584 δὲ,
2463 1503 2579 1561 καθ’
2638 1503 2704 1571 ἧν
2760 1502 2967 1583 ἂνδρες,
3001 1504 3184 1583 τρίτην
3217 1500 3296 1579 δὲ,
3356 1502 3476 1560 καθ’
3545 1502 3611 1571 ἦν
3667 1500 3954 1581 πρεσϐπαι,

584 1593 853 1674 vigilans,
880 1612 989 1655 nec
1021 1592 1079 1653 in
1107 1592 1410 1675 operando
1462 1593 1685 1654 bonum
1751 1593 2121 1672 negligenter
2174 1608 2242 1655 se

2327 1595 2593 1671 Μακάριος
2664 1597 2751 1649 οὖν
2809 1592 2953 1658 ὅστις
3006 1594 3189 1669 εὑρεθῇ
3235 1592 3289 1648 ἐν
3338 1590 3766 1666 ὁποιαδηποτοῦν
3796 1591 3960 1663 ἡλικίᾳ

586 1702 822 1763 gerens.
2266 1684 2659 1774 Βέγρηγορὼς,
2731 1686 2819 1741 καὶ
2877 1685 2954 1758 μὴ
2985 1683 3198 1759 ἀμελῶς
3260 1684 3375 1763 περὶ
3446 1685 3541 1739 τὸν
3591 1682 3830 1762 ἐργασίαν
3881 1688 3960 1737 τοῦ

2326 1772 2493 1831 καλοῦ
2521 1773 2850 1849 διακείμενος
2862 1822 2875 1836 .

2319 1257 2412 1315 ραν
2460 1239 2506 1291 οἱ
2560 1232 2977 1301 ὑποϐεϐηκότες·
3040 1235 3157 1314 περὶ
3186 1232 3241 1290 δὲ
3271 1234 3371 1302 τὴν
3413 1235 3622 1313 τρίτην,
3672 1235 3717 1290 οἱ
3748 1232 3820 1290 ἔτι
3848 1236 3961 1291 τού-

672 1865 848 1926 νειιε.
879 1863 1096 1925 41-44.
1135 1887 1159 1917 (ι
1192 1862 1347 1925 Dixit
1372 1868 1567 1923 autem
1599 1862 1654 1921 ei
1676 1860 1902 1924 Petrus:
1964 1860 2237 1936 Domine,

2414 1887 2443 1918 ιι
2481 1864 2619 1921 Birt
2669 1862 2729 1919 δὲ
2798 1867 2942 1937 αὒτῷ
2992 1866 3020 1920 6
3072 1863 3291 1942 Πέτρος⁸
3390 1863 3570 1940 Κύριε,
3656 1863 3784 1941 πρὸς
3837 1862 3965 1935 ἡμᾶς

588 1953 659 2015 ad
684 1972 789 2013 nos
803 1952 951 2013 dicis
973 1952 1142 2014 istam
1171 1950 1538 2031 parabolam,
1573 1970 1645 2010 an
1670 1950 1848 2011 etiam
1887 1950 1957 2012 ad
1983 1956 2243 2013 omnes?

2329 1954 2425 2021 τὴν
2478 1951 2785 2029 παραϐολὴν
2842 1953 3044 2021 ταύτην
3099 1951 3302 2031 λέγεις,
3362 1951 3396 2019 ἦ
3439 1953 3692 2030 καὶπρὸς
3734 1952 3963 2021 πάνταςς

589 2043 686 2104 Ait
709 2050 903 2103 autem
932 2040 1252 2102 Dominus:
1280 2038 1564 2112 Quisnam
1596 2050 1685 2100 est
1716 2040 1909 2102 ﬁdelis
1939 2042 2243 2120 dispensa-

2328 2044 2468 2100 Εἷπε
2525 2041 2580 2099 δὲ
2639 2046 2667 2100 6
2720 2044 2933 2123 Κύριοςο
2995 2043 3084 2108 Τίς
3125 2042 3225 2122 ἆρά
3292 2042 3434 2098 ἐστιν
3480 2045 3508 2098 6
3556 2048 3740 2106 πιστὸς
3771 2041 3963 2097 οἰκονό-

591 2142 684 2193 tor
707 2151 773 2192 ac
796 2131 1059 2211 prudens
1083 2149 1261 2211 quem
1300 2130 1616 2191 constituet
1645 2130 1923 2191 dominus
1953 2148 2135 2211 super
2161 2131 2243 2192 fa-

2327 2156 2452 2209 μος,
2512 2135 2599 2189 καὶ
2656 2133 2934 2213 φρόνιμος,
3007 2130 3067 2189 ὄν
3137 2134 3464 2203 καταστήσει
3497 2134 3524 2189 6
3555 2132 3726 2210 κύριος
3772 2126 3962 2194 ἐπὶτῆς

592 2220 885 2282 mulitium
917 2239 1118 2300 suum,
1142 2228 1204 2280 ut
1234 2221 1335 2281 det
1365 2220 1479 2280 illis
1511 2220 1571 2280 in
1607 2229 1873 2300 tempore
1901 2220 2240 2281 dimensum

2327 2224 2599 2302 θεραπείας
2643 2226 2823 2298 αὐτοῦ,
2884 2229 2977 2279 τοῦ
3048 2220 3244 2279 διδόναι
3303 2220 3358 2277 ἰν
3414 2225 3591 2302 καιρῷ
3640 2222 3703 2277 τὸ
3758 2216 3965 2293 σιτομέ-

591 2310 1043 2373 cibum‘?Beatus
1074 2310 1173 2370 ille
1195 2327 1606 2389 servus,quem
1640 2328 1773 2370 cum
1803 2309 2243 2371 veneritdomi-

2327 2334 2465 2391 τριον
2500 2334 2516 2388 ;
2578 2313 2846 2392 Μακάριος
2905 2314 2933 2368 6
2962 2310 3147 2375 δοῦλος
3178 2311 3403 2386 ἐκεῖνος,
3440 2311 3502 2367 ὃν
3530 2309 3703 2367 ἐλθὼν
3724 2311 3761 2365 ἃ
3809 2308 3967 2382 κύριος

592 2419 725 2475 nus,
762 2399 1055 2460 invenerit
1084 2398 1167 2461 ita
1200 2397 1704 2460 facientem.Vere
1723 2398 1855 2459 dico
1889 2397 2243 2480 vobis,quod

2327 2399 2507 2475 αὐτοῦ,
2593 2402 2802 2478 εὑρήσει
2898 2409 3150 2459 ποιοῦντα
3278 2398 3470 2463 οὕτως’
3559 2397 3772 2465 ἀληθῶς
3838 2395 3971 2472 λέγω

592 2489 869 2550 omnibus
891 2506 1021 2569 quae
1044 2487 1625 2568 possidet,pra:ﬁciet
1654 2486 2243 2567 illum.»lnterroga-

2327 2492 2478 2571 ὑμῖν,
2541 2492 2620 2547 ὃτι
2652 2490 2738 2548 ἐπὶ
2775 2496 2904 2547 πᾶσι
2934 2504 3054 2556 τοῖς
3083 2492 3412 2571 ὑπάρχουσιν
3474 2489 3618 2564 αὗτῷ
3659 2485 3965 2554 καταστήσει

597 2580 677 2639 vit
707 2578 913 2640 Petrus
943 2596 1052 2638 ceu
1083 2596 1284 2639 curam
1318 2578 1579 2638 omnium
1628 2576 1875 2651 habens,
1910 2586 1971 2639 et
2002 2596 2106 2656 pro
2136 2595 2243 2640 au-

2330 2581 2507 2639 αὒτόν.
2546 2604 2572 2635 ιι
2613 2579 2922 2660 Ἠρώτησεν
2968 2583 2996 2637 6
3028 2579 3245 2657 Πέτρος.
3294 2580 3391 2636 οἶα
3420 2579 3637 2636 πάντων
3671 2575 3961 2657 φροντίζων,

592 2667 885 2729 ditoribus
916 2667 1231 2741 sollicitus,
1270 2676 1545 2746 tanquam
1599 2666 1842 2727 fratrum
1903 2675 2153 2741 amator,
2191 2675 2243 2728 el

2330 2671 2418 2726 καὶ
2467 2670 2597 2750 ὑπὲρ
2650 2677 2756 2727 τῶν
2814 2672 3113 2727 ἀκουόντων
3163 2670 3538 2745 διακαιόμενος
3597 2671 3669 2731 ὡς
3727 2660 3963 2745 φιλάδελ-

591 2758 685 2820 cui
715 2759 836 2838 jam
872 2757 1215 2818 concredita
1240 2756 1527 2837 Ecclesia,
1558 2775 1697 2817 num
1732 2758 1806 2818 ad
1828 2774 2038 2817 omnes
2066 2774 2243 2835 para-

2330 2784 2454 2839 φος,
2518 2762 2603 2817 καὶ
2674 2768 2747 2824 ὼς
2803 2757 2907 2826 ἤδη
2938 2760 3036 2827 τὴν
3063 2757 3384 2827 Ἐκκλησίαν
3431 2757 3753 2823 πιστευθεὶς,
3785 2755 3825 2809 εἶ
3851 2751 3968 2828 πρὸς

592 2848 787 2909 bolam
824 2847 1002 2910 dicat.
1051 2845 1338 2907 Dominus
1370 2865 1506 2907 vero
1540 2865 1658 2906 non
1695 2845 2009 2907 manifeste
2042 2848 2113 2909 ad
2146 2846 2243 2907 in-

2331 2850 2531 2913 πάντας
2587 2850 2687 2916 τὴν
2744 2847 3052 2929 παραϐολὴν
3112 2851 3310 2916 ταύτην
3363 2847 3544 2926 λέγει’
3606 2848 3633 2903 ό
3676 2844 3730 2901 δὲ
3802 2842 3968 2919 Κύριος

595 2936 1057 3015 terrogationem
1082 2936 1537 3017 respondet,sed
1568 2936 1803 2997 occulto
1828 2935 2082 3015 quodam
2114 2954 2243 2997 mo-

2332 2948 2567 3020 φανερῶς
2651 2940 2749 3013 μὲν
2840 2937 2986 2997 οὐδὲν
3042 2939 3377 3019 ἀποκρίνεται
3444 2938 3598 3012 αὑτῷ
3709 2936 3830 3014 πρὸς
3886 2931 3973 3020 τὴν

589 3028 664 3089 do
694 3026 916 3088 indicat
948 3026 1101 3106 quod
1137 3026 1293 3087 dicta
1326 3025 1603 3105 parabola
1636 3025 1971 3086 communis
1992 3026 2156 3100 sit,et
2171 3026 2243 3088 ad

2330 3018 2609 3107 ἐρώτησιν,
2681 3027 3149 3107 ἐπικεκρυμμένως
3207 3026 3262 3084 δέ
3320 3025 3607 3100 δείκνυσιν,
3668 3025 3744 3081 ὅτι
3800 3026 3833 3092 ἡ
3885 3018 3971 3094 μὲν

591 3135 799 3178 omnes
826 3115 1064 3195 quidem
1092 3115 1388 3196 pertineat
1411 3115 1645 3186 ﬁdeles,
1676 3123 1733 3176 et
1754 3116 1825 3175 ad
1848 3134 1949 3177 vos
1995 3122 2243 3196 aposto-

2327 3119 2547 3196 ῥηθετσα
2616 3116 2894 3197 παραϐολὴ
2949 3120 3103 3186 κοινὴ
3133 3122 3222 3193 ἦν,
3276 3117 3370 3175 καί
3401 3118 3474 3181 εἰς
3501 3117 3703 3180 πάντνς
3758 3110 3969 3193 φθάνου-

589 3206 702 3280 los,
732 3214 792 3267 et
813 3205 873 3266 in
900 3204 1107 3279 primis
1139 3222 1238 3268 eos
1270 3207 1368 3286 qui
1393 3204 1480 3265 vel
1514 3204 1781 3266 doctrina
1814 3205 1900 3266 vel
1953 3204 2243 3285 dignitate

2327 3229 2394 3264 σα
2421 3209 2509 3264 καὶ
2578 3208 2697 3270 τοὺς
2755 3207 3020 3287 τυχόντας
3072 3209 3311 3281 πιστοὺς,
3384 3205 3483 3275 τῆς
3549 3206 3603 3262 δὲ
3651 3205 3778 3283 πρὸς
3819 3202 3965 3274 bit-Ec,

590 3304 869 3376 praesunt.
885 3292 1098 3356 Verum
1120 3294 1257 3355 audi
1280 3292 1551 3374 quisnam
1579 3293 1655 3354 sit
1684 3293 1874 3356 fidelis
1890 3312 1957 3355 ac
1978 3294 2243 3374 prudens

2337 3299 2489 3377 φησὶ,
2540 3298 2659 3361 τοὺς
2716 3295 3068 3377 ἀποστόλους,
3111 3298 3201 3353 καὶ
3257 3296 3441 3362 ἁπλῶς
3470 3296 3599 3361 τοὺς
3656 3288 3969 3377 διδασκαλίας

591 3375 1297 3466 dispensator.Parabola
1314 3385 1473 3445 enim
1494 3383 1777 3464 praedicta
1801 3383 2243 3465 multis,inquit,

2337 3375 2371 3454 ἦ
2441 3375 2761 3463 προστασίας
2832 3375 3168 3465 ἀξιωθέντας,
3202 3383 3305 3453 ἤδη
3365 3384 3549 3445 ἄκουε.
3589 3386 3675 3448 Τίς
3706 3379 3803 3461 ἄρα
3847 3375 3969 3466 ἐστίν

599 3461 893 3557 congruit.
924 3478 1095 3540 Nunc
1127 3485 1320 3538 autem
1373 3476 1448 3538 de
1496 3461 1599 3537 his
1655 3475 1756 3556 qui
1808 3477 2067 3557 praafecti
2116 3461 2243 3540 sunl

2337 3479 2365 3532 6
2422 3461 2604 3539 πιστὸς
2663 3477 2752 3532 καὶ
2834 3476 3087 3555 φρόνιμος
3154 3461 3474 3550 οἰκονόμος.
3547 3466 3609 3531 Ἣ
3669 3472 3764 3547 μὲν
3818 3461 3969 3557 προέῖ

590 3548 746 3642 aliis:
782 3566 1046 3647 inquiro,
1080 3568 1209 3646 quis
1268 3563 1603 3627 inveniatur
1657 3548 1775 3627 duo
1809 3548 1956 3627 'haac
1995 3565 2243 3641 habens,

2335 3566 2559 3643 ῥηθετσα
2640 3548 2916 3643 παραϐολῆ
2980 3548 3231 3637 πολλοῖς,
3289 3548 3471 3643 φησὶν,
3537 3561 3901 3647 ἁρμόζει,νῦν
3925 3548 3971 3607 δὶ

591 3657 765 3720 fidem
799 3644 932 3717 dico
967 3664 1026 3716 et
1058 3644 1430 3736 prudentiam
1463 3673 1479 3729 ;
1530 3672 1701 3716 rarus
1738 3654 1897 3715 enim
1932 3655 2028 3717 hic
2054 3664 2114 3717 et
2149 3656 2243 3717 in-

2334 3656 2452 3732 περὶ
2543 3660 2649 3711 τῶν
2733 3654 3056 3733 προστασίας
3140 3651 3467 3718 ἀξιωθέντων
3559 3652 3709 3732 φησὶ,
3793 3644 3967 3736 λέγων’

588 3756 764 3807 ventu
794 3733 1233 3807 difficilis-.Nam
1260 3744 1412 3806 sicut
1433 3747 1492 3805 in
1519 3744 2069 3825 dispensationibus
2098 3745 2243 3807 divi-

2339 3750 2587 3810 Διαπορῶ
2654 3744 2731 3809 τίς
2789 3742 3120 3822 εὑρεθὴσεται
3188 3745 3357 3800 ταῦτα
3427 3740 3604 3823 ἔχων,
3667 3738 3754 3795 καὶ
3810 3733 3968 3791 πίστιν

592 3838 807 3897 tiarum
841 3835 891 3896 si
917 3835 1049 3915 quis
1080 3834 1270 3896 ﬁdelis
1303 3834 1743 3896 fueritdomino
1767 3852 2022 3915 suo,non
2047 3842 2243 3897 autem

2327 3834 2415 3891 καὶ
2472 3833 2748 3912 φρόνησιν·
2809 3833 3030 3895 σπάνιος
3090 3833 3189 3911 γὰρ
3246 3832 3399 3895 οὗτος
3472 3833 3566 3888 καὶ
3659 3825 3966 3904 δυσεύρετος.

593 3924 879 4006 prudens,
912 3923 1195 4004 dispersit
1236 3941 1333 3984 res
1363 3923 1614 4003 domini,
1651 3923 1926 3985 nesciens
1950 3926 2090 3984 378
2114 3924 2243 3987 illas

2327 3923 2507 4002 ὥσπερ
2561 3922 2661 4002 γὰρ
2715 3922 2802 3979 ἐπὶ
2856 3921 2963 3977 τῶν
3021 3927 3376 4001 χρηματικῶν
3444 3923 3764 3996 οἰκονομιῶν
3799 3916 3841 3970 εἰ

592 3996 946 4093 dispensare
989 3996 1149 4073 sicut
1198 4014 1495 4094 convenit,
1529 3996 1630 4074 sed
1694 4032 1812 4074 non
1874 4013 1973 4075 dat
2002 4018 2243 4095 quando

2332 3996 2601 4079 ﬂbc'ei'n
2633 3996 2721 4075 τις
2776 4018 2853 4086 τῷ
2935 3996 3168 4087 δεσπότη
3226 4011 3408 4085 αὑτοῦ,
3482 4012 3564 4086 μὴ
3610 4008 3857 4087 φρόνιμος
3896 3996 3964 4075 δὲ,

594 4110 921 4183 oportet,et
943 4100 1225 4163 damnum
1259 4102 1397 4163 facit
1420 4102 1661 4163 domino
1694 4104 1927 4182 majus:
1963 4106 2177 4165 iterum
2202 4110 2243 4170 si

2333 4102 2627 4162 ἀπόλλυται
2680 4102 2746 4158 τά
2803 4100 3113 4179 δεσποτικὰ,
3214 4101 3293 4177 μὴ
3376 4099 3666 4177 δυναμένου
3722 4095 3967 4183 διοικῆσαι

594 4182 856 4271 prudens
890 4191 1021 4271 quis
1078 4190 1279 4267 fuerit,
1315 4200 1377 4252 et
1413 4190 1730 4271 expendat,
1768 4191 2028 4253 infidelis
2052 4199 2243 4253 autem

2334 4200 2497 4250 ταῦτα
2568 4193 2643 4257 ὡς
2713 4189 2818 4267 δεῖ,
2874 4189 2995 4248 ἀλλ’
3026 4191 3152 4247 ὅταν
3208 4191 3363 4273 χρεία
3394 4188 3597 4265 δοῦναιι,
3630 4188 3708 4264 μὴ
3730 4182 3968 4273 διδόντος,

592 4268 689 4360 sit,
723 4279 817 4340 fur
849 4268 1051 4359 utique
1080 4278 1280 4358 fuerit,
1316 4286 1374 4342 et
1408 4268 1566 4340 tanto
1622 4279 1805 4359 magis
1845 4280 2104 4342 difﬁcilis
2139 4280 2243 4343 de-

2336 4284 2425 4340 καὶ
2480 4280 2742 4339 πλειόνων
2798 4280 3071 4338 ἀπώλειαν
3121 4268 3425 4344 ποιοῦντος·
3483 4279 3669 4353 πάλιν,
3724 4276 3767 4331 εἷ
3800 4268 3970 4360 φρόνι-

590 4369 1157 4450 prehensu,quaudo
1193 4370 1559 4448 prudentior:
1588 4368 1667 4431 ita
1685 4378 1741 4429 et
1771 4369 1832 4429 in
1863 4369 2077 4431 divinis
2107 4388 2243 4450 opus

2339 4393 2438 4448 μος
2484 4371 2582 4448 μὲν
2644 4370 2760 4444 εἴη,
2820 4372 2909 4428 καὶ
2965 4371 3292 4449 ποριστικὸς,
3357 4367 3585 4434 ἄπιστὸς
3615 4366 3693 4441 δὲ,
3748 4359 3968 4419 κλέπτης

589 4468 679 4521 est
706 4459 822 4520 ﬁde
852 4478 919 4520 ac
954 4458 1288 4539 prudentia.
1308 4458 1442 4521 Scio
1466 4458 1625 4521 enim
1660 4461 1877 4521 multos
1908 4460 2009 4540 qui
2041 4457 2243 4521 viden-

2337 4460 2397 4521 ἅν
2470 4461 2585 4541 εἴη,
2646 4462 2734 4517 καὶ
2786 4463 2930 4534 τόσῳ
2960 4458 3164 4535 μᾶλλον
3192 4452 3551 4539 δυσφωρατος,
3600 4458 3711 4528 ὃσῳ
3739 4451 3823 4508 καὶ
3850 4462 3967 4541 φρο;

590 4556 686 4612 tur
726 4549 937 4609 virtute
968 4567 1035 4609 ac
1069 4547 1285 4627 pietate
1317 4567 1385 4609 ac
1440 4549 1559 4609 ﬁde
1618 4547 1874 4628 praediti,
1937 4558 2257 4629 propterea

588 4637 746 4720 quod
798 4638 1208 4699 ecclesiastica
1259 4637 1589 4718 prudenter
1654 4638 2076 4700 administrare
2139 4656 2249 4701 ne-

590 4736 830 4809 queant,
866 4727 1184 4788 damnosos
1209 4745 1340 4787 esse
1372 4726 1764 4801 Ecclesia3,et
1790 4746 1907 4788 non
1939 4728 2133 4790 solum
2160 4728 2251 4790 fa-

591 4816 980 4888 cultates,sed
1013 4817 1185 4878 etiam
1209 4816 1438 4877 animas
1461 4818 1809 4896 perderezut
1840 4818 2097 4899 exempli
2119 4836 2253 4899 gra.

594 4908 970 4989 tia,peccavit
992 4906 1287 4987 quispiam
1323 4916 1565 4988 peccato
1600 4908 1755 4988 quod
1785 4909 2043 4969 animam
2068 4908 2257 4971 offen-

595 4999 683 5059 dit
707 5017 719 5059 :
744 4998 860 5059 nisi
882 4997 1145 5077 prudens
1178 4998 1255 5058 sit
1280 4997 1379 5077 qui
1415 4997 1713 5077 praesidet,
1739 4997 1845 5058 sed
1881 5006 2106 5060 tantum
2144 4999 2252 5060 ha-

596 5088 731 5151 beat
761 5088 963 5168 ﬁdem,
998 5089 1108 5148 hoc
1139 5094 1229 5148 est
1258 5087 1531 5148 virtutem
1564 5086 1788 5167 absque
1806 5087 2157 5167 judicio,vel
2182 5106 2252 5150 ex

591 5177 914 5239 immodica
942 5176 1475 5257 increpatione,vel
1511 5194 1578 5237 ex
1608 5176 2034 5257 intempestiva
2089 5176 2249 5240 illius

596 5268 1057 5330 mansuetudine
1080 5266 1483 5347 corrumpitur
1514 5267 1564 5327 is
1587 5265 1686 5347 qui
1706 5266 2247 5349 lapsus,est,etnon

2337 4532 2645 4627 νιμότατδςο
2711 4549 2850 4605 οὕτω
3025 4552 3115 4605 καὶ
3143 4550 3232 4605 επὶ
3259 4532 3569 4625 τῶνθείων,
3604 4544 3688 4602 δεῖ
3718 4542 3771 4597 ἐν

2335 4621 2422 4698 καὶ
2471 4640 2697 4706 πίστεως
2753 4640 2842 4697 καὶ
2896 4639 3227 4719 φρονήσεως·
3264 4636 3388 4695 οἶδα
3422 4638 3522 4717 γὰρ
3558 4621 3689 4715 Ἐγὼ
3756 4621 3970 4686 πολλοὺς

2334 4728 2645 4792 σπουδαίους
2697 4729 2794 4805 μὲν
2847 4726 3128 4792 δοκοῦντας
3187 4726 3307 4784 κατ’
3366 4727 3584 4806 ἀρετήν,
3648 4724 3736 4780 καὶ
3812 4720 3975 4806 θεοσξς·

2335 4816 2477 4900 δεῖς,
2537 4821 2627 4876 καὶ
2678 4794 2855 4876 πίστιν
2906 4817 3155 4898 ἔχοντας,
3211 4817 3266 4873 ἐν
3313 4794 3412 4891 τῷ.
3470 4794 3582 4892 μὴ⁷
3629 4811 3888 4900 δύνασθαι.
3922 4794 3970 4853 δὲ

2345 4892 2610 4990 φρονίμως
2706 4892 2976 4965 διαθέσθαι
3048 4908 3115 4962 τὰ
3141 4892 3152 4898 ⁷
3190 4904 3630 4986 ἐκκλησιαστικὰ,
3702 4901 3762 4956 οὐ
3795 4892 3972 4990 Δ,μόνον

2342 4983 2625 5080 λίδήμνατα,
2701 4997 2837 5055 ἀλλά
2883 4997 2971 5053 καὶ
3001 4996 3181 5076 ψυχὰς
3211 4983 3623 5070 ζημιώσαντας·⁷
3651 4993 3765 5086 οἷον
3795 4983 3969 5086 ἔπταέ-

2333 5090 2393 5146 σὲ
2458 5112 2540 5154 τις
2600 5089 2654 5145 ὲν
2686 5092 2907 5167 ψυχικῷ
2936 5087 3388 5167 προσπταίσματι,
3424 5087 3467 5142 εἰ
3500 5088 3577 5161 μὴ
3609 5081 3860 5167 φρόνιμος
3887 5081 3968 5126 εῖη

2332 5183 2359 5236 δ
2413 5178 2711 5258 προεστὼς,
2766 5158 2909 5233 διλλὰ
2978 5158 3166 5252 ’μόνον
3245 5176 3423 5233 πίστιν
3490 5174 3659 5255 ἔχων,
3719 5158 3970 5258 τωτέστίν

2329 5240 2520 5349 ἀρετξιν
2580 5240 2910 5347 ἀδιάκριτον,
2964 5240 3015 5334 ἦ,
3054 5265 3108 5331 ἓξ
3148 5264 3376 5346 ἀμέτρου
3421 5240 3867 5349 ἐπιτιμήσεως,ᾕῆ
3916 5240 3969 5349 ἐκ

596 5356 968 5427 sanatur,sed
982 5332 1621 5437 couterituriQuisquis-
1636 5332 2023 5435 igitdrﬁdelis
2036 5332 2095 5420 et
2111 5376 2243 5438 pru-

2332 5332 2631 5438 πραότητος
2690 5332 2907 5431 ἀκαίροό
2953 5332 3349 5436 διαφθαρέίη’δ
3424 5332 3675 5432 πταίᾷ-ας,
3749 5343 3831 5403 καὶ
3883 5332 3969 5438 OEH

598 5445 745 5509 dens
797 5447 1072 5509 inventus
1114 5446 1314 5528 fuerit,
1370 5421 1757 5510 consltitue‘t’ur
1801 5447 1864 5508 in
1915 5421 2243 5511 ministerio

2328 5421 2624 5523 ἰαθήσεται,
2683 5421 2825 5504 ἀλλ’.
2854 5421 3275 5527 ἆπιτριέήσεται,
3361 5437 3555 5510 ’Ὅστις
3641 5421 3729 5497 όῦν
3795 5421 3969 5488 πιστδς

680 5628 743 5677 ⁵8
773 5625 818 5690 ll
850 5628 1013 5690 Petr.
1050 5642 1131 5703 III,
1172 5632 1263 5688 10.
