4202 6430
315 325 425 395 9m

317 467 501 545 εὑρεθῇ
592 466 682 522 καὶ
779 463 1061 545 φρόνιμος,

313 556 595 635 θεραπείας
652 561 743 611 τοῦ
844 553 1055 633 Κυρίου,
1155 552 1423 610 τουτέστιν
1526 552 1703 608 ἐπάνω
1764 552 1976 608 πάντων

310 651 419 700 τῶν
478 644 705 720 δοὺλων,
764 644 903 701 ὥστε
954 642 1165 716 ἑκάστῳ
1215 646 1274 698 ἓν
1334 649 1497 722 καιρῷ
1517 639 1719 721 ,διδόναι
1796 644 1858 697 τὸ
1889 664 1977 697 σι-

308 736 612 815 τομέτριον,
691 733 805 790 εἴτε
863 731 1188 811 δογματικὸς
1221 731 1384 811 λόγος
1445 731 1610 810 ἐστὶν,
1657 732 1702 806 ᾧ
1752 734 1975 812 τρέφον-

311 848 397 881 ται
476 828 527 881 αἱ
580 826 776 905 ψυχαὶ,
824 824 937 879 εἴτε
982 821 1221 902 πράξεων
1254 822 1621 896 ὑποτύπωσις,
1656 822 1744 879 καὶ
1787 820 1974 878 διατα-

312 915 387 994 γὴ
458 916 575 979 πῶς
631 912 714 971 δεῖ
770 915 939 991 βιοῦν⁹
1001 915 1030 969 6
1084 921 1346 991 τοιοῦτος,
1435 912 1479 967 εἰ
1518 910 1687 975 οὕτως
1745 913 1974 988 εὑρεθείη

313 1010 505 1081 ποιῶν,
558 1004 841 1083 μακάριος,
909 1003 994 1059 καὶ
1063 1002 1149 1058 ἐπὶ
1240 1007 1368 1059 πᾶσι
1469 1014 1589 1063 τοῖς
1647 1002 1978 1081 ὑπάρχουσιν

315 1095 459 1168 αὐτῷ
514 1094 837 1163 καταστήσει
897 1093 1052 1149 αὐτὸν
1112 1094 1139 1148 6
1201 1092 1413 1169 Κύριος,
1461 1094 1521 1149 οὐ
1552 1092 1713 1166 μόνον
1744 1089 1829 1146 ἐπὶ
1861 1104 1977 1152 τοῖς

313 1181 544 1264 δούλοις,
604 1180 720 1240 ἄλλ’
797 1182 901 1251 ἤδη
972 1184 1058 1239 καὶ
1099 1180 1432 1257 ὑψηλοτέρου
1478 1181 1681 1257 βαθμοῦ
1725 1178 1973 1255 ἀξιώσας,

315 1272 403 1329 ἐπὶ
458 1279 619 1330 πᾶσιν
680 1272 837 1331 αὐτόν
894 1272 1245 1345 καταστήσει,
1307 1271 1445 1326 ὣστε
1501 1270 1590 1326 καὶ
1645 1270 1712 1327 τὰ
1768 1268 1974 1348 ἐπίγεια

314 1361 464 1443 ἔχειν
520 1362 856 1420 ὑπακούοντα
925 1362 1015 1417 καὶ
1062 1362 1129 1417 τὰ
1199 1361 1439 1440 οὐράνια,
1500 1359 1618 1424 οἶος
1674 1358 1887 1427 Ἰησοῦς
1946 1360 1973 1413 6

313 1462 407 1512 τοῦ
478 1456 649 1526 Ναυῆ,
723 1456 841 1514 οἶος
912 1449 1121 1524 Ἠλίας,
1196 1452 1224 1506 6
1256 1449 1354 1519 μὲν
1384 1448 1541 1523 ἡλίῳ,
1589 1451 1617 1504 6
1646 1446 1700 1504 δὲ
1727 1447 1969 1528 νεφέλαις

314 1541 536 1619 ούρανοῦ
592 1539 984 1614 ἐπιτάττοντες,
1054 1541 1143 1596 καὶ
1193 1546 1387 1601 πάντες
1471 1537 1656 1601 ἁπλῶς
1710 1539 1757 1595 οἷ
1829 1538 1972 1616 ἅγιοι

315 1632 393 1693 ὡς
452 1636 582 1688 Θεοῦ
640 1628 783 1710 φίλοι
839 1642 957 1693 τοῖς
1012 1636 1107 1686 τοῦ
1136 1627 1289 1709 φίλου
1319 1629 1614 1708 χρώμενοι·
1677 1628 1829 1684 κοινὰ
1874 1629 1973 1706 γὰρ

315 1722 382 1777 τὰ
437 1722 545 1778 τῶν
601 1718 790 1799 φίλων·
863 1720 953 1776 καὶ
1008 1725 1113 1782 πᾶς
1170 1721 1198 1775 6
1256 1718 1354 1785 τὴν
1411 1718 1709 1795 πρακτικὴν
1780 1718 1974 1793 μετιὼν

316 1810 511 1889 ἀρετὴν
581 1810 638 1866 ἐν
697 1814 775 1883 τῷ
828 1810 1023 1888 ἡσύχῳ
1048 1809 1169 1885 βίῳ,
1215 1808 1393 1865 καὶτὰ
1424 1805 1584 1864 δοῦλα
1611 1807 1778 1886 πάθη,
1810 1808 1973 1881 θυμὸν

314 1901 405 1957 καὶ
453 1898 752 1974 ἐπιθυμίαν,
815 1900 1133 1978 οἰκονομῶν,
1192 1898 1283 1954 καὶ
1313 1896 1522 1971 ἑκάστῳ
1578 1895 1632 1951 ἐν
1682 1902 1851 1974 καιρῷ
1914 1897 1975 1950 τὸ

314 1987 649 2067 σιτομέτριον
702 1986 982 2067 παρέχων,
1035 1989 1185 2062 θυμῷ
1243 1986 1362 2060 μὲν,
1418 1986 1554 2042 ὥστε
1627 1997 1807 2060 μισεῖν
1853 1985 1972 2048 τοὺς

315 2083 600 2154 μισοῦντας
657 2078 750 2132 τὸν
809 2077 1020 2155 Κύριον,
1082 2076 1172 2132 καὶ
1226 2074 1311 2132 ἐπὶ
1368 2088 1485 2137 τοῖς
1544 2074 1761 2155 ἐχθροῖς
1816 2075 1972 2130 abte-3

313 2168 650 2246 ἐκτήκεσθαι,
711 2166 959 2242 ἐπιθυμίᾳ
1014 2164 1094 2239 δὲ,
1155 2165 1293 2222 ὥστε
1324 2165 1575 2245 πρόνοιαν
1633 2168 1731 2233 τῆς
1776 2165 1970 2243 σαρκὸς

312 2269 493 2314 ποιεῖν
550 2255 862 2335 ἀναγκαίαν,
936 2256 1024 2311 καὶ
1087 2253 1222 2322 ὅλην
1280 2254 1443 2322 αὐτὴν
1487 2255 1619 2330 πρὸς
1653 2254 1783 2311 Θεὸν
1838 2253 1971 2308 ἀνα-

314 2345 577 2420 πέμπειν⁶
678 2351 782 2409 πᾶς
860 2344 948 2402 οὖν
1017 2346 1045 2401 6
1100 2352 1341 2408 τοιοῦτος
1401 2344 1684 2424 μακάριος,
1764 2344 1852 2399 καὶ
1906 2340 1971 2410 δὴ

315 2432 639 2500 ἱπιτεύξεται
696 2436 782 2491 καὶ
859 2435 1098 2514 θεωρίας,
1179 2435 1268 2490 καὶ
1340 2433 1425 2490 ἐπὶ
1484 2430 1613 2489 πᾶσι
1667 2445 1785 2495 τοῖς
1876 2440 1969 2489 τοῦ

1106 324 1546 394 ENARRATIO
1587 319 1662 392 IN
1705 322 2207 393 EVANGELIUM
2257 323 2495 394 LUC/E.
2524 364 2600 375 —
2632 325 2798 394 CAP.
2849 329 2983 394 XII.

1146 464 1602 541 καταστᾳθήσεται
1690 464 1776 518 ἐπὶ
1875 467 1975 529 τῆς

2066 463 2325 539 Domini,
2348 463 2461 526 hoc
2485 472 2575 525 est
2598 482 2780 544 super
2804 481 3013 525 omnes
3046 483 3275 540 servos,
3311 474 3375 526 ut
3404 465 3731 546 unicuique

3604 327 3725 393 902

2061 551 2160 613 det
2195 571 2533 614 mensuram
2566 553 2850 614 frumenti
2881 552 2940 613 in
2975 562 3242 635 tempore
3273 574 3405 631 suo,
3461 555 3587 617 sive
3616 550 3731 617 hoc

2061 650 2149 702 est
2183 661 2385 703 sermo
2414 644 2705 704 doctrinae
2735 661 2853 722 quo
2885 642 3125 705 aluntur
3152 645 3389 724 animae,
3418 646 3542 706 sive
3576 663 3725 725 ope-

2064 750 2193 792 rum
2253 732 2613 812 exemplum,
2659 740 2719 793 et
2770 735 3116 793 mandatum
3177 734 3475 813 quomodo
3523 733 3723 795 vivere

2061 820 2583 900 oporteat.Beatus
2615 820 2716 902 qui
2749 822 2879 882 talis
2909 820 3086 884 fuerit
3116 823 3412 897 inventus,
3453 830 3512 883 et
3541 840 3724 904 super

2058 911 2256 971 omnia
2303 930 2408 972 sua
2458 914 2774 972 constituet
2826 911 2990 972 illum
3023 912 3335 976 Dominus.
3366 911 3493 974 Non
3526 912 3718 973 solum

2061 999 2214 1060 inter
2249 1018 2474 1076 servos,
2525 1003 2625 1062 sed
2661 1010 2719 1061 et
2757 1000 3091 1063 sublimiori
3143 1002 3325 1083 gradu
3362 1001 3716 1083 provehens,

2062 1107 2249 1169 super
2280 1090 2482 1150 omnia
2510 1090 2850 1165 constituet,
2880 1089 3016 1151 utei
3040 1100 3096 1151 et
3122 1101 3364 1154 terrena
3403 1091 3635 1153 subsint
3664 1099 3723 1151 et

2062 1179 2350 1240 coelestia.
2396 1178 2556 1240 Talis
2588 1188 2712 1240 erat
2741 1178 2916 1241 Jesus
2968 1182 3150 1254 Nave,
3186 1180 3316 1242 talis
3371 1179 3556 1242 Elias.
3612 1179 3721 1241 Ille

2059 1267 2216 1328 enim
2248 1268 2383 1343 soli,
2438 1270 2533 1330 hic
2565 1280 2761 1331 autem
2795 1268 3054 1331 nubibus
3104 1270 3239 1332 cmli
3268 1270 3622 1349 imperabat.
3647 1269 3716 1331 Et

2058 1376 2267 1419 omnes
2320 1359 2674 1440 simpliciter
2730 1361 3014 1439 sancti,ut
3061 1360 3239 1422 amici
3301 1360 3430 1441 Dei,
3468 1361 3561 1422 his
3587 1378 3718 1442 qum

2054 1447 2232 1510 amici
2262 1459 2399 1509 sunt
2433 1456 2707 1509 utuntur.
2747 1449 3096 1509 Communia
3144 1448 3303 1510 enim
3354 1458 3491 1510 sunt
3520 1450 3722 1512 omnia

2056 1536 2414 1601 amicorum.
2451 1542 2521 1600 Et
2542 1538 2737 1599 omnis
2765 1539 2867 1619 qui
2900 1538 2961 1598 in
2993 1538 3254 1600 solitaria
3303 1539 3415 1599 vita
3468 1539 3716 1601 activam

2059 1626 2232 1686 vitam
2266 1626 2405 1705 agit,
2441 1634 2500 1687 et
2531 1626 2779 1689 serviles
2802 1626 3172 1699 aﬂ'ecliones,
3205 1628 3353 1688 iram
3397 1635 3456 1687 et
3488 1645 3717 1688 concu-

2002 1761 2037 1810 Β
2063 1716 2435 1796 piscentiam,
2469 1715 2785 1793 gubernat.
2835 1724 2895 1776 et
2926 1734 3092 1777 suam
3125 1717 3342 1797 cuique
3375 1734 3714 1779 mensuram

2062 1805 2236 1867 tritici
2270 1806 2329 1866 in
2379 1816 2647 1886 tempore
2681 1805 3007 1887 distribuit,
3061 1806 3209 1866 iram
3245 1805 3485 1886 quidem
3520 1807 3618 1886 ita,
3654 1815 3719 1867 ut

2056 1895 2193 1956 odio
2218 1896 2436 1958 habeat
2466 1896 2602 1957 odio
2627 1894 2915 1958 habentes
2942 1895 3355 1971 Dominum,et
3386 1913 3571 1974 super
3596 1894 3717 1956 ini-

2056 1984 2246 2047 micos
2270 2005 2409 2046 suos
2441 1984 2724 2060 tabescat,
2759 1985 3301 2065 concupiscentiam
3338 2003 3475 2046 vero
3509 1984 3616 2064 ita,
3653 1992 3720 2045 ut

2058 2075 2462 2136 necessariam
2496 2075 2692 2137 carnis
2722 2089 2887 2155 gerat
2916 2082 3211 2154 curam,et
3242 2092 3372 2134 eam
3423 2082 3601 2134 totam
3652 2073 3714 2135 in

2058 2162 2250 2224 Deum
2285 2164 2539 2241 dirigat:
2576 2165 2795 2241 omnis,
2824 2165 3093 2244 inquam,
3130 2163 3261 2226 talis
3296 2164 3506 2224 beatus
3535 2170 3714 2239 est,et

2057 2263 2412 2333 a~sequetur
2442 2254 2619 2315 etiam
2654 2253 3241 2335 contemplationem,
3274 2260 3332 2313 et
3363 2270 3543 2333 super
3575 2270 3704 2313 om-

2060 2343 2155 2404 nia
2178 2362 2308 2424 quae
2331 2342 2570 2404 Domini
2599 2344 2691 2405 sui
2725 2353 2884 2415 sunt,
2920 2341 3709 2422 constituetur,merebitur-

2056 2451 2171 2513 que
2199 2433 2653 2513 contemplativa
2685 2433 2855 2495 oculo
2888 2433 3233 2513 perspicere
3258 2442 3573 2512 cteasqua1
3593 2450 3710 2492 non

314 2521 509 2603 Κυρίου
565 2527 866 2605 ὑπάρχουσι
950 2526 1430 2595 κατασταθήσεται.
1506 2524 1679 2579 πάντα
1731 2529 1807 2596 τῷ
1832 2525 1969 2579 θεω-

2060 2523 2288 2603 proprie
2302 2522 2581 2583 dicuntur
2595 2523 2987 2603 facultates,et
3000 2539 3099 2583 eas
3115 2541 3247 2602 quae
3267 2522 3522 2603 proprie,
3536 2530 3712 2583 aeter-

314 2622 522 2694 ρητικῴ
578 2621 655 2689 νῷ
709 2614 944 2682 ἀξιωθεὶς
1012 2613 1229 2693 βλέπειν
1273 2615 1361 2671 καὶ
1403 2615 1743 2671 έπισκοπεῖν’
1790 2613 1877 2669 καὶ
1910 2616 1969 2670 οὔ
2053 2630 2159 2673 nas
2191 2612 2346 2675 dico.
2725 2632 2727 2634 ’

316 2704 474 2762 τόνον
496 2707 657 2762 ταῦνα
686 2706 751 2761 τὰ
782 2706 860 2781 μὴ
895 2705 1093 2784 Κυρίως
1124 2704 1459 2785 ὑπάρχοντα,
1506 2702 1644 2759 ἀλλὰ
1674 2704 1763 2758 καὶ
1791 2703 1857 2759 τὰ
1893 2703 2081 2780 κυρίως
2116 2701 2444 2782 ὕπαρχοντα,
2479 2702 2623 2781 λέγω
2666 2700 2730 2770 δὴ
2759 2704 2825 2758 τα
2853 2703 3061 2764 αἰώνια.

403 2813 434 2854 (
470 2791 593 2852 Ἐὰν
652 2793 706 2850 δὲ
779 2793 912 2873 εἴπῃ
970 2797 997 2851 6
1054 2792 1236 2859 δοῦλος
1302 2797 1512 2856 ἐκεῖνος
1568 2792 1622 2849 ἐν
1691 2797 1759 2868 τῇ
1787 2789 1971 2871 καρδίᾳ

317 2884 498 2940 αὐτοῦ’
576 2886 812 2963 Χρονίζει
886 2888 915 2941 6
978 2884 1166 2963 Κύριός
1224 2906 1328 2960 μου
1380 2882 1576 2958 ἐλθεῖν,
1634 2884 1724 2939 καὶ
1752 2881 1969 2957 ἄρξηται

2137 2789 2317 2855 Vens.
2353 2793 2456 2873 45,
2479 2793 2578 2855 46.
2620 2791 2824 2865 «Quod
2854 2792 2904 2852 si
2931 2809 3135 2852 servus
3166 2791 3264 2853 ille
3296 2793 3354 2852 in
3387 2791 3570 2853 corde
3602 2809 3711 2852 suo

2057 2881 2512 2944 dixeritzDill‘ert
2535 2881 2819 2942 Dominus
2851 2900 3018 2942 meus
3048 2881 3707 2963 reditum,cmperitque

315 2974 533 3030 τὺπτειν
588 2975 709 3039 τοὺς
766 2973 966 3038 παῖδας
1022 2976 1112 3030 καὶ
1180 2976 1277 3038 τὰς
1324 2969 1627 3051 παιδίσκας,
1684 2971 1873 3027 ἐσθίειν
1915 2993 1972 3025 τε

2060 2980 2374 3051 percutere
2406 2989 2607 3033 servos
2640 2979 2698 3031 et
2731 2971 3066 3047 ancillas,et
3090 2972 3272 3033 edere
3296 2972 3713 3051 bibereque,et

314 3072 405 3120 καὶ
461 3065 652 3143 πίνειν,
710 3065 797 3121 καὶ
849 3064 1220 3143 μεθύσκεσθαι,
1290 3061 1404 3130 ἣξει
1466 3062 1494 3117 6
1522 3063 1698 3139 κύριος
1729 3066 1821 3116 τοῦ
1849 3058 1973 3115 δού-

2060 3059 2342 3122 inebriari
2378 3083 2391 3122 :
2430 3063 2589 3124 venit
2617 3060 2895 3121 dominus
2947 3061 3101 3121 servi
3146 3062 3304 3121 illius
3356 3062 3417 3121 in
3462 3060 3559 3121 die
3591 3078 3707 3140 quo

315 3151 411 3209 λου
482 3152 681 3211 ἐκείνου
732 3153 787 3209 ἐν
856 3153 1030 3230 ἡμέρᾳ
1072 3151 1198 3229 ﬁo?)
1226 3149 1515 3231 προσδοκᾷ,
1555 3151 1643 3207 καὶ
1675 3150 1730 3206 ἐν
1782 3149 1893 3228 ὥρᾳ
1935 3150 1972 3217 ἦ

2060 3170 2176 3211 non
2208 3160 2425 3231 sperat,
2453 3160 2510 3212 et
2536 3152 2680 3211 hora
2710 3169 2823 3231 qua
2854 3150 3068 3227 nescit,
3103 3161 3157 3212 el
3192 3149 3514 3213 dissecabit
3542 3167 3704 3222 eum,

317 3246 380 3302 οὗ
430 3243 703 3322 γινώσκει,
774 3245 862 3299 καὶ
920 3241 1273 3324 διχοτομήσει
1350 3242 1532 3315 αὐτὸν,
1588 3240 1678 3297 καὶ
1702 3241 1763 3295 τὸ
1816 3238 1975 3318 μέρος

2060 3249 2404 3321 partemque
2447 3240 2581 3320 ejus
2637 3258 2771 3302 cum
2823 3239 3026 3300 inﬁdis
3076 3247 3277 3321 ponet.
3309 3264 3337 3295 π
3373 3238 3477 3301 Vae
3497 3237 3712 3300 talibus

317 3335 477 3391 αὐτοῦ
531 3334 669 3408 μετᾶ
724 3339 830 3389 τῶν
895 3333 1131 3390 ἀπίστων
1188 3333 1362 3403 θήσει.
1417 3352 1440 3388 ι
1479 3330 1608 3388 Οὐαὶ
1635 3342 1751 3395 τοῖς
1793 3330 1973 3387 τοιού-

2063 3330 2273 3405 servis,
2307 3331 2409 3410 qui
2430 3331 2652 3391 donum
2685 3328 3009 3409 spiritualis
3030 3328 3429 3409 praesidentia;
3452 3345 3708 3409 accepe—

318 3443 433 3485 τοις
492 3419 719 3500 δούλοις,
776 3422 832 3479 ο⁸ί
930 3423 1172 3503 χάρισμα
1267 3418 1520 3484 λαϐόντες
1613 3423 1976 3494 πνευματικῆς

2063 3428 2287 3493 runt,et
2308 3420 2813 3500 dispensationem
2845 3419 2958 3480 sibi
2982 3419 3362 3481 commissam
3386 3418 3713 3479 inﬁdeliter

318 3513 654 3587 ἐπιστασίας,
720 3510 1070 3592 διαφθείρουσι
1126 3512 1228 3580 τὴν
1313 3510 1752 3587 ἐμπιστευθεῖσαν
1796 3511 1977 3572 αὐτοῖς

2062 3518 2296 3589 gerunt,
2324 3519 2382 3571 et
2419 3510 2627 3571 bibunt
2656 3528 2723 3571 ac
2750 3510 3119 3571 inebriantur
3160 3530 3173 3566 :
3207 3508 3331 3570 sive
3361 3508 3708 3570 ebrietatem

321 3602 654 3682 οἰκονομίαν,
715 3604 804 3658 καὶ
860 3601 1068 3659 πίνουσι
1124 3603 1246 3678 μὲν,
1305 3601 1395 3657 καὶ
1466 3600 1836 3673 μεθύσκονται,
1869 3597 1977 3653 εἴτε

2066 3599 2432 3661 sensibiliter
2460 3601 2794 3678 intelligere
2823 3599 3079 3661 volueris
3115 3620 3127 3662 :
3154 3598 3441 3678 contingit
3470 3598 3627 3660 enim
3656 3605 3715 3658 et

318 3692 585 3759 αἰσθητῶς
646 3693 812 3748 ταῦτα
892 3690 1114 3769 βούλοιο
1188 3703 1359 3748 νοεῖν⁶
1434 3686 1707 3765 σομϐαίνει
1736 3689 1837 3767 γὰρ
1896 3689 1977 3742 καὶ

2068 3690 2178 3750 hoc
2212 3690 2381 3750 malis
2406 3690 2803 3753 Ecclesiarum
2835 3688 3206 3769 praesidibus,
3233 3692 3372 3751 579
3403 3692 3501 3770 qui
3554 3688 3714 3749 deli—

320 3781 479 3839 τοῦτο
532 3794 651 3846 τοῖς
731 3793 924 3846 κακοῖς
983 3788 1088 3838 τῶν
1119 3780 1458 3847 Ἐκκλησιὼν
1513 3779 1765 3857 ἡγεμόσι,
1809 3799 1980 3834 κατα-

322 3860 637 3928 σπαταλῶσι
690 3875 798 3927 τῶν
858 3876 1156 3950 πτωχικῶν
1185 3868 1509 3950 χρημάτων
1542 3867 1655 3924 εἴτε
1697 3867 1788 3923 καὶ
1818 3866 1984 3942 μέθην

323 3972 467 4017 νοεῖν
534 3958 704 4024 θέλεις
775 3960 875 4027 τὴν
906 3961 1216 4039 παραφορὰν
1247 3967 1337 4041 τοῦ
1394 3958 1508 4038 νοῦ,
1541 3958 1628 4013 καὶ
1656 3955 1712 4011 ἐν
1754 3955 1981 4034 δόγμασι

320 4049 411 4106 καὶ
467 4048 522 4105 ἐν
591 4050 863 4130 χρήμασι.
919 4050 1185 4106 Τύπτουσι
1223 4047 1277 4103 δὲ
1308 4051 1357 4104 οἱ
1400 4052 1629 4105 τοιοῦτοι
1686 4045 1979 4125 προστάται

319 4139 445 4203 τοὺς
503 4137 702 4202 παῖδας
784 4140 874 4196 καὶ
904 4139 998 4202 τὰς
1029 4135 1332 4217 παιδίσκας,
1365 4138 1505 4217 φημὶ
1536 4133 1626 4210 δὴ,
1658 4136 1784 4199 τοὺς
1829 4133 1883 4189 ἐν
1914 4140 1983 4210 τῇ

323 4226 620 4301 Ἐκκλησία
716 4227 1114 4307 ἀσθενεστέρους
1208 4224 1666 4298 σκανδαλίζοντες,
1750 4225 1980 4281 τύπτου-

323 4339 410 4373 σιν
466 4316 639 4375 αὒτῶν
708 4318 806 4385 τὴν
866 4314 1183 4384 συνείδησιν.
1246 4307 1303 4374 Ὀ
1370 4316 1471 4395 γὰρ
1503 4314 1727 4381 ἀσθενὴς
1757 4314 1846 4370 καὶ
1886 4335 1981 4388 μι-

323 4407 601 4489 κρόψυχος
649 4405 771 4467 ἰδὼν
844 4406 940 4484 ἐμὲ
995 4408 1087 4463 τὸν
1170 4405 1425 4487 ἀρχιερέα
1453 4411 1633 4467 κακῶς
1676 4401 1997 4482 διεξάγονται

322 4498 425 4565 τὴν
477 4498 647 4572 ζωὴν,
704 4498 955 4554 τύπτεται
1020 4497 1119 4565 τὴν
1207 4494 1502 4562 συνείδησιν
1566 4491 1983 4568 σκανδαλιζόμε-

325 4608 437 4663 νος,
498 4589 587 4644 καὶ
637 4586 853 4665 πληγὰς
912 4585 1128 4666 δέχεται
1187 4585 1242 4641 ἐν
1297 4591 1366 4662 τῇ
1414 4583 1622 4664 καρδίᾳ,
1653 4584 1742 4640 καὶ
1773 4583 1956 4639 ἀσθενέ

324 4688 510 4759 στερος
586 4679 809 4758 γίνεται.
891 4682 1067 4735 Ταῦτα
1142 4674 1197 4732 δὲ
1294 4677 1467 4733 πάντα
1522 4669 1823 4759 ’συμϐαίνει
1907 4677 1985 4746 τῷ

323 4755 545 4849 πονηρῷ
600 4755 771 4843 δούλῳ
820 4769 882 4827 ὲκ
932 4774 1025 4825 τοῦ
1098 4769 1294 4842 εἰπεῖν,
1355 4764 1457 4843 ὅτι,
1521 4755 1579 4822 Ὀ
1641 4761 1826 4841 Κύριός
1883 4784 1985 4839 μου

323 4859 558 4939 χρονίζει
616 4857 815 4915 ἐλθεῖνο
877 4858 984 4914 ἀπὸ
1042 4856 1293 4937 ῥᾳθυμίας
1370 4856 1494 4934 γὰρ.
1579 4854 1667 4911 καὶ
1744 4859 1839 4910 τοῦ
1907 4854 1986 4927 μὴ

321 4951 661 5024 ὶνθυμεῖσθαι
718 4949 818 5016 τὴν
876 4946 1017 5019 ὥραν
1069 4946 1167 5015 τῆς
1223 4944 1500 5020 τελευτῆς,
1551 4944 1618 4999 τὰ
1658 4941 1876 5000 τοιαῦτα
1898 4943 1986 5020 γί-

328 5060 529 5101 νονται.
593 5040 650 5096 Εἰ
721 5040 822 5117 γὰρ
879 5036 1213 5112 ἐνενοοῦμεν,
1275 5036 1356 5092 ὅτι
1387 5034 1503 5103 ἥκει
1561 5036 1590 5090 6
1638 5034 1845 5113 Κύριος,
1901 5032 1987 5088 καὶ

327 5128 415 5185 ἐπὶ
470 5128 698 5207 θύραιςὴ
729 5124 952 5195 τελευτὴ
1014 5127 1102 5183 καὶ
1160 5124 1433 5186 συντέλεια
1502 5129 1602 5191 τῆς
1632 5127 1776 5194 ζωῆς
1804 5126 1981 5197 ἡμῶν,

325 5222 490 5288 ἦττον
540 5218 601 5277 ἂν
653 5218 1053 5297 ἡμαρτάνομεν.
1132 5214 1282 5275 Ἀλλ’
1342 5216 1438 5295 ὅρα
1496 5216 1584 5272 καὶ
1652 5212 1752 5281 τὴν
1808 5234 1985 5287 τιμω-

329 5311 467 5387 ρίαν.
546 5309 937 5389 Διχοτομήσει,
973 5309 1157 5388 φησὶν,
1190 5309 1367 5381 αὐτὸν,
1415 5304 1679 5382 τουτέστι,
1740 5303 1984 5379 στερήσει

327 5386 424 5456 τοῦ
493 5386 828 5481 χαρίσματος
886 5386 997 5456 τοῦή
1034 5394 1435 5459 διδασκαλικοιλ
1500 5386 1626 5452 υΙνιπι
1656 5392 1756 5471 γὰρ
1794 5391 1873 5466 μὴ
1904 5414 1985 5457 τις

330 5491 528 5569 νομίσῃ
595 5488 678 5547 ὅτι
725 5485 1081 5565 συμϐαλεῖται
1152 5488 1295 5561 αὐτῷ
1325 5489 1386 5544 τὸ
1442 5484 1709 5567 χάρισμα,
1741 5483 1873 5561 πρὸς
1922 5485 1982 5540 τὸ

331 5580 411 5658 μή
473 5577 819 5661 σφοδρότερον
907 5576 1257 5659 κολασθῆναι,
1345 5583 1489 5653 Πῶς,
1550 5575 1701 5656 φησὶ,
1776 5570 1981 5647 συμϐαο

328 5675 507 5732 λεῖται
594 5671 735 5730 αὐτῶ
778 5670 852 5751 ,τὸ
910 5668 1175 5749 χάρισμα,
1232 5667 1366 5728 ὅπου
1429 5689 1487 5749 γε
1545 5665 1741 5747 γυμνὸς
1797 5667 1983 5727 τούτου

2066 3779 2227 3841 ciose
2251 3779 2453 3841 vivunt
2495 3780 2569 3841 de
2600 3779 2771 3841 bonis
2802 3796 3128 3861 pauperum
3168 3799 3180 3839 :
3215 3781 3341 3841 sive
3400 3780 3577 3842 etiam
3612 3795 3719 3858 per

2067 3868 2414 3931 ebrietatem
2448 3870 2781 3949 intelligere
2814 3870 3001 3950 placet
3033 3869 3474 3948 perversionem
3532 3876 3716 3928 status

2067 3961 2284 4023 mentis
2309 3981 2415 4042 per
2428 3962 2603 4024 falsas
2624 3961 3327 4039 doctrinas,ve|amorem
3352 3959 3717 4022 divitiarum.

2071 4051 2397 4114 Verberant
2426 4054 2585 4113 enim
2622 4052 2767 4113 tales
2798 4050 3087 4132 prasides
3117 4068 3325 4112 servos
3357 4058 3416 4111 et
3444 4049 3715 4125 ancillas,

2066 4141 2179 4203 hoc
2209 4149 2318 4216 est,
2354 4142 2713 4205 oﬂ‘endiculo
2758 4150 2898 4203 sunt
2946 4140 3377 4202 infirmioribus
3406 4140 3718 4214 Ecclesiae,

2067 4249 2317 4311 quorum
2344 4233 2681 4313 percutiunt
2710 4230 3163 4293 conscientiam.
3188 4229 3420 4292 Etenim
3444 4230 3723 4291 inﬁrmus

2068 4328 2127 4383 et
2150 4320 2566 4401 pusillanimis,
2587 4340 2723 4382 cum
2772 4320 2990 4383 viderit
3025 4338 3118 4380 me
3152 4320 3498 4400 episcopum
3533 4318 3719 4379 vitam

2004 4459 2048 4509 ο
2068 4411 2219 4472 male
2250 4410 2945 4491 transigere,percutitur
2965 4408 3331 4471 conscientia
3360 4408 3643 4483 offensus,
3665 4422 3726 4474 et

2068 4501 2292 4582 plagam
2336 4500 2553 4582 accipit
2596 4501 2656 4561 in
2702 4500 2905 4578 corde,
2968 4499 3151 4580 ﬁtque
3199 4497 3515 4560 inﬁrmior.
3579 4498 3719 4559 Haec

2064 4600 2261 4654 autem
2309 4592 2509 4651 omnia
2541 4587 3130 4668 continguntinﬁdeli
3161 4605 3331 4648 servo
3362 4605 3437 4647 ex
3468 4604 3538 4648 eo
3561 4586 3719 4667 quod

2066 4680 2248 4741 dicit:
2280 4678 2491 4741 Diﬁ'ert
2505 4678 2780 4741 domiuus
2808 4695 2976 4739 meus
3004 4678 3262 4738 reditum
3298 4697 3311 4739 :
3345 4695 3464 4757 prae
3494 4676 3725 4753 ignavia

2070 4768 2231 4832 enim
2257 4769 2370 4831 hoc
2390 4768 2552 4843 facit,
2589 4787 2707 4830 non
2741 4766 3009 4845 cogitans
3056 4767 3261 4828 horam
3309 4765 3516 4826 mortis
3572 4766 3722 4827 Nam

2073 4860 2121 4921 si
2144 4859 2541 4938 cogitaremus
2569 4866 2881 4921 venturum
2918 4858 3258 4936 Dominum,
3296 4865 3354 4917 et
3388 4855 3450 4916 in
3501 4855 3727 4917 foribus

2075 4951 2254 5012 ﬁnem
2284 4957 2342 5010 et
2362 4948 2937 5011 consummationem
2959 4947 3091 5007 vitae
3112 4955 3332 5006 nostra;
3363 4945 3725 5025 esse,minus

2069 5041 2274 5123 utique
2324 5055 2729 5119 peccaremus.
2762 5036 2983 5099 Verum
3034 5035 3167 5096 vide
3223 5044 3283 5097 et
3339 5034 3718 5116 supplicium.

2070 5129 2422 5210 Dissecabit,
2460 5128 2675 5209 inquit,
2708 5128 2903 5201 illum,
2939 5128 3050 5188 hoc
3082 5136 3191 5195 est.
3238 5126 3500 5206 privabit
3554 5123 3723 5185 illum

2067 5220 2324 5284 docendi
2355 5223 2557 5299 gratia.
2587 5218 2673 5280 Ne
2701 5217 2835 5299 quis
2864 5218 3025 5279 enim
3059 5224 3223 5298 putet
3251 5216 3408 5297 quod
3441 5215 3555 5297 ipsi
3574 5232 3725 5278 con-

2068 5310 2219 5372 ferat
2245 5309 2465 5371 donum
2486 5307 2558 5369 ad
2586 5308 2699 5368 hoc
2721 5324 2797 5367 ne
2822 5304 3060 5385 gravius
3083 5301 3727 5385 puniatur.Quomodo,

2068 5398 2286 5481 inquit,
2321 5397 2592 5460 conferat
2620 5396 2675 5457 ei
2707 5397 2928 5457 donum
2960 5413 3094 5456 cum
3124 5392 3228 5454 illo
3263 5411 3421 5454 nunc
3471 5391 3731 5454 nudatus

2068 5486 2731 5552 inveniatur?dissecari
2755 5485 2913 5547 enim
2948 5484 3245 5565 signiﬁcat
3271 5482 3459 5564 gratia
3486 5481 3727 5564 privari.

2065 5568 2387 5641 Enimvero
2420 5576 2525 5638 ille
2554 5583 2696 5638 tunc
2722 5575 3083 5637 miserabilis
3112 5574 3428 5649 invenitur,
3465 5572 3620 5655 quod
3654 5571 3729 5633 sit

2068 5684 2203 5730 caro
2241 5672 2299 5728 et
2331 5682 2451 5727 non
2484 5665 2750 5746 spiritus,
2781 5665 2917 5746 quia
2969 5673 3107 5725 tunc
3155 5681 3361 5725 sumus
3401 5664 3459 5724 in
3490 5661 3724 5745 spiritu,
