4202 6398
505 336 624 402 903

507 565 563 624 in
597 564 772 626 nobis
800 563 884 627 59.
920 561 1031 635 Qui
1061 572 1259 624 autem
1294 580 1413 623 non
1466 560 1728 623 ambulat
1780 561 2017 642 spiritu,
2052 556 2157 621 sed

502 654 561 714 in
596 671 778 715 carne
815 660 926 726 est,
975 661 1033 714 et
1057 670 1271 732 expers
1302 651 1575 712 inventus
1606 650 1785 711 fuerit
1814 651 1945 711 vitae
1976 648 2159 732 spiri-

503 740 703 815 tualis,
736 762 868 804 cum
905 740 1234 804 incredulis
1264 740 1598 813 ordinatur,
1658 748 1860 820 utpote
1894 740 1993 820 qui
2026 756 2159 801 cum

502 830 813 893 incredulo
850 832 1072 893 mundo
1105 829 1854 909 condemnaturzquoniam
1889 829 2035 890 nihil
2055 828 2165 889 uti-

505 919 686 981 litatis
709 920 781 981 ab
812 928 1138 1001 apparente
1172 918 1287 981 ﬁde
1322 918 1593 999 percipit.
1637 916 1787 979 Vera
1819 918 1977 979 enim
2014 916 2162 979 ﬁdes

503 1011 561 1071 in
584 1011 709 1090 ipso
745 1028 860 1071 non
892 1010 1023 1072 fuit.
1072 1012 1223 1073 Nam
1263 1010 1307 1070 si
1343 1009 1403 1069 in
1437 1026 1507 1069 eo
1564 1007 1773 1068 fuisset
1814 1026 1953 1068 vera
1986 1006 2160 1086 ﬁdes,

500 1098 878 1179 diSpensator
912 1098 1107 1160 fidelis
1137 1098 1349 1160 fuisset
1407 1094 1625 1158 Verum
1660 1115 1818 1156 nunc
1877 1095 2018 1175 quia
2067 1094 2163 1156 bi-

498 1187 649 1250 bens
681 1197 739 1249 et
771 1207 836 1250 se
863 1187 1172 1249 inebrians
1206 1187 1337 1258 fuit,
1372 1196 1432 1248 et
1461 1204 1558 1247 res
1595 1184 1832 1248 Domini
1883 1203 2161 1247 corrum-

505 1296 679 1358 pens,
714 1277 891 1338 fidem
914 1295 1112 1338 veram
1153 1295 1267 1338 non
1300 1274 1529 1349 habuit,
1558 1294 1690 1355 quae
1722 1272 2165 1353 exigituradis-

502 1365 921 1445 pensaloribus
956 1387 969 1428 :
1007 1365 1160 1427 bene
1189 1384 1326 1443 ergo
1363 1384 1493 1426 cum
1530 1364 1727 1426 infidis
1773 1363 2010 1444 ponitur
2030 1382 2165 1444 por-

508 1457 588 1517 tio
622 1457 776 1535 ejus.
816 1456 1078 1517 Privatus
1103 1455 1260 1517 enim
1301 1455 1456 1515 dono
1503 1463 1560 1515 et
1593 1453 1867 1529 nudatus,
1923 1452 2164 1514 mutilus

504 1544 842 1623 invenitur,
871 1556 929 1605 et
963 1563 1079 1605 non
1101 1544 1352 1620 integer.

1475 337 1577 399 ΤΗ
1590 330 2070 399 EOPHYLACTI
2114 331 2523 399 BULGAHI/E
2567 336 2925 401 ARCHIEP.

506 474 835 536 secundum
868 472 1484 554 Apostolum,quando
1505 471 1761 551 Spiritus
1793 472 1900 535 Dei
1932 469 2198 533 habitat!

3783 333 3916 397 904

2242 467 2531 546 εὑρίσκεται
2584 470 2757 545 τότε;
2816 471 2877 525 τὸ
2962 469 3063 548 γὰρ
3120 467 3580 550 διχοτομηθῆναι,
3613 473 3773 524 τοῦτο
3807 489 3910 534 ση-

2243 558 2443 637 μαίνει,
2497 558 2569 616 Τό
2641 562 2959 639 στερηθῆναι
3020 559 3120 627 τῆς
3184 559 3437 639 χάριτος.
3469 558 3776 638 Εὑρίσκεται
3812 557 3910 636 γὰρ

2243 649 2271 702 ὁ
2330 645 2559 713 ἐλεεινὸς
2631 648 2752 706 τότε
2806 645 2930 725 σὰρξ
2991 647 3065 705 ὥν
3134 649 3223 705 καὶ
3252 653 3312 707 οὗ
3340 648 3572 724 πνεῦμα⁶
3608 646 3732 703 ἐπεὶ
3775 648 3899 703 τότε

2245 735 2404 811 ἐσμὲν
2445 736 2498 793 ὲν
2528 738 2814 815 πνεύματι,
2847 737 2984 794 κατᾶ
3026 739 3118 794 τὸν
3165 735 3518 812 Ἀπόστολον,
3572 735 3661 792 ὅτε
3692 741 3910 810 Πνεῦμα

2247 832 2379 881 Θεοῦ
2438 828 2577 885 οἰκεῖ
2616 830 2674 884 ἓν
2730 830 2891 904 ἡμῖν’
2943 830 2970 884 ὁ
3028 825 3083 883 δὲ
3162 828 3239 904 μὴ
3271 828 3530 901 πνεύματι
3577 826 3906 905 στοιχήσας,

2246 913 2366 972 ἀλλ’
2418 918 2473 973 ἒν
2526 919 2677 997 σαρκὶ
2745 916 2842 989 ὤν,
2903 918 2996 975 καὶ
3056 915 3275 995 ἄμοιρος
3333 918 3555 996 εὑρεθεὶς
3608 936 3908 989 πνευματι-

2246 1004 2345 1072 κῆς
2411 1005 2709 1087 πολιτείας,
2769 1007 2906 1082 μετὰ
2953 1012 3061 1063 τῶν
3113 1005 3351 1063 ἀπίστων
3382 1006 3654 1083 τάττεται,
3682 1006 3773 1061 οἷα
3817 1005 3910 1060 σὺν

2245 1100 2322 1168 τῷ
2377 1095 2583 1170 ἀπίστῳ
2641 1098 2829 1173 κόσμῳ
2906 1095 3378 1176 κατακρινόμενος,
3438 1097 3511 1160 ὡς
3557 1091 3724 1170 μηδὲν
3761 1095 3909 1173 ὠφε-

2245 1185 2422 1251 ληθεὶς
2482 1186 2588 1243 άπὸ
2646 1192 2745 1254 τῆς
2803 1184 3063 1253 δοκούσης
3138 1188 3394 1249 πίστεως⁶
3449 1188 3484 1253 ἡ
3539 1185 3640 1263 γὰρ
3699 1181 3907 1251 ἀληθὴς

2247 1272 2421 1339 πίστις
2483 1274 2536 1331 ἒν
2595 1278 2737 1351 αὐτῷ
2795 1279 2889 1333 οὒκ
2947 1280 3039 1345 ἧν*
3101 1277 3145 1332 εἰ
3201 1276 3301 1355 γὰρ
3386 1273 3593 1342 ἀληθὴς
3650 1275 3827 1337 πίστις
3856 1273 3910 1330 ἐν

2247 1362 2392 1421 αὒτῶ
2460 1365 2547 1439 ἦν,
2613 1365 2890 1442 οἰκονόμος
2962 1364 3026 1421 ἂν
3084 1364 3149 1432 ἧν
3205 1365 3415 1429 πιστός⁹
3451 1366 3539 1421 νῦν
3570 1361 3625 1419 δὲ
3663 1363 3777 1419 ἐπεὶ
3826 1363 3912 1419 πί-

2246 1475 2350 1509 νων
2427 1454 2515 1528 ἦν,
2578 1458 2667 1512 καὶ
2725 1456 2956 1531 μεθύων,
3014 1456 3102 1512 καί
3138 1452 3445 1535 διαφθείρων
3490 1454 3556 1510 τὰ
3597 1450 3909 1524 δεσποτικὰ,

2246 1544 2340 1600 οὒκ
2397 1548 2522 1626 εἶχε
2572 1546 2672 1614 τὴν
2729 1544 2903 1614 ἀληθῆ
2956 1547 3159 1625 πίστιν,
3192 1544 3256 1612 ἤν
3285 1544 3630 1603 ἀπαιτοῦνται
3679 1546 3727 1599 οἱ
3762 1544 3908 1601 οἰκο-

502 1634 656 1709 νόμοι
684 1650 698 1665 ⁸
730 1632 908 1698 καλῶς
941 1634 1041 1714 ἄρα
1073 1636 1207 1709 μετὰ
1239 1641 1344 1691 τῶν
1387 1634 1623 1691 ἀπίστων
1680 1635 1875 1690 τίθεται
1933 1634 1994 1689 τὸ
2053 1633 2211 1710 μέρος
2268 1633 2429 1691 αὐτοῦ
2464 1654 2477 1668 ⁸
2531 1637 2802 1716 στερηθεὶς
2846 1636 2946 1716 γὰρ
2975 1644 3068 1693 τοῦ
3098 1636 3433 1715 χαρίσματος
3464 1634 3551 1689 καὶ
3580 1635 3907 1717 γυμνωθεὶς,

501 1722 722 1789 κολοϐός
754 1725 1044 1799 εὑρίσκεται
1073 1726 1161 1781 καὶ
1192 1726 1294 1803 οὐχ
1325 1723 1646 1799 ὁλόκληρος,

583 1811 765 1874 Vens.
798 1812 901 1886 4⁸7,
928 1813 1027 1874 48.
1062 1840 1082 1865 «
1114 1811 1218 1873 Ille
1242 1821 1438 1873 autem
1474 1830 1679 1875 servus
1735 1812 1833 1893 qui
1886 1809 2152 1889 cognovit

2326 1836 2349 1869 ιι
2415 1813 2659 1881 Ἐκεῖνος
2718 1814 2772 1872 δὲ
2824 1818 2852 1872 ὁ
2910 1814 3095 1880 δοῦλος
3139 1816 3166 1871 ὀ
3223 1815 3378 1893 γνοὺς
3436 1814 3498 1870 τὸ
3549 1811 3757 1888 θέλημα
3814 1820 3909 1871 τοῦ

499 1902 867 1963 voluntatem
903 1900 1133 1963 domini
1174 1903 1289 1979 sui,
1335 1920 1447 1965 nec
1479 1920 1544 1962 se
1575 1900 1941 1982 praeparavit,
1976 1917 2152 1980 nequi

2248 1904 2427 1980 κυρίου
2484 1906 2659 1980 αὑτοῦ,
2726 1905 2814 1962 καὶ
2874 1908 2953 1980 μὴ
3012 1904 3298 1969 ἑτοιμάσας
3344 1901 3479 1979 μηδέ
3512 1904 3745 1972 ποιήσας
3774 1904 3906 1971 πρὸς

509 1991 845 2053 secundum
895 1993 1254 2053 voluntatem
1288 1992 1419 2073 ejus
1458 1991 1615 2053 fecit.
1657 1990 1844 2071 plagis
1867 1988 2152 2070 vapulabit

2246 1993 2309 2048 τὸ
2364 1991 2574 2070 θέλημα
2633 1996 2812 2070 αὖτοῦ,
2878 1992 3163 2073 δαρήσεται
3195 1991 3419 2057 πολλάς·
3452 1994 3480 2049 ὀ
3512 1990 3565 2048 δὲ
3608 1992 3686 2068 μὴ
3719 1992 3903 2071 γνοὺς,

498 2079 831 2161 multis;qui
848 2091 1045 2143 autem
1074 2100 1191 2142 non
1215 2079 1577 2159 cognovit,et
1602 2079 1933 2155 fecitdigna
1953 2078 2152 2158 plagis,

2246 2083 2479 2153 ποιήσας
2540 2083 2595 2139 δὲ
2652 2081 2769 2149 ἄξια
2825 2082 3075 2162 πληγῶν,
3109 2081 3391 2162 δαρήσεται
3424 2080 3628 2160 ὀλίγας·
3664 2082 3819 2137 παντί
3849 2079 3904 2136 δὲ

494 2171 795 2248 vapulabit
827 2171 1251 2251 paucis.Porro
1274 2172 1627 2250 cuicumque
1652 2169 1901 2231 multum
1946 2168 2149 2229 datum

2244 2171 2290 2245 ᾧ
2360 2170 2514 2240 ἐδόθη
2572 2171 2733 2247 πολὺ,
2789 2173 2927 2229 πολὺ
2982 2174 3344 2245 ζητηθήσεται
3374 2170 3498 2250 παρ’
3531 2172 3711 2249 αὐτοῦ,
3743 2171 3829 2226 καὶ
3858 2173 3903 2244 ᾤ

496 2258 864 2334 est,multum
912 2269 1210 2339 quaeretur
1232 2259 1305 2321 ab
1341 2278 1446 2321 eo:
1472 2266 1530 2320 et
1560 2258 1654 2319 cui
1685 2257 2149 2319 commendave-

493 2358 632 2411 runt
655 2350 926 2424 multum,
947 2351 1079 2430 plus
1109 2358 1310 2429 petent
1330 2349 1400 2410 ab
1433 2367 1564 2411 eo.»
1593 2348 1721 2410 Hoc
1745 2348 1873 2407 loco
1896 2345 2151 2426 amplius

493 2438 777 2518 quiddam
799 2457 867 2500 ac
900 2438 1227 2501 terribilius
1262 2438 1435 2500 nobis
1457 2435 2144 2500 demonstratDominus.

492 2525 622 2589 Non
642 2527 835 2589 solum
865 2531 1023 2591 enim
1040 2533 1223 2597 enim.
1253 2527 1464 2609 inquit,
1502 2527 1686 2607 gratia
1709 2525 2030 2588 nudabitur
2052 2529 2154 2606 qui

502 2616 636 2679 talis
666 2624 774 2691 est,
812 2625 868 2677 et
893 2617 1039 2678 nihil
1074 2617 1182 2677 sibi
1224 2617 1493 2699 proderit
1539 2618 1653 2678 hoc
1697 2625 1765 2678 ut
1806 2615 2092 2675 liberetur
2120 2632 2154 2673 a

499 2704 711 2787 pomis,
746 2708 848 2766 sed
895 2716 953 2767 et
1002 2708 1244 2787 majoris
1275 2705 1789 2768 condemnationis
1836 2722 2013 2765 causa
2041 2704 2156 2764 erit

494 2794 795 2875 dignitatis
827 2796 1192 2875 magnitudo.
1228 2796 1357 2869 Quo
1393 2796 1521 2878 plus
1552 2795 1712 2857 enim
1746 2794 1858 2855 scit
1887 2794 1987 2873 qui
2013 2810 2143 2872 pec-

492 2891 776 2963 cat,tanto
808 2883 1144 2963 graviorem
1182 2902 1415 2964 poenam
1451 2883 1563 2945 sibi
1594 2882 1945 2945 accersit.Et
1973 2882 2032 2943 in
2065 2901 2150 2943 se-

492 2972 816 3053 quentibus
849 2975 961 3035 hoc
994 2974 1366 3036 manifestius
1384 2973 1584 3037 fit.Cui
1616 2973 1773 3034 enim
1825 2971 2025 3033 datum
2059 2978 2151 3032 est

493 3062 767 3139 multum,
806 3062 879 3124 ab
913 3081 983 3124 eo
1019 3063 1363 3145 requiretur
1406 3064 1583 3126 etiam
1634 3062 1884 3124 multum
1917 3080 1930 3123 :
1967 3070 2025 3123 et
2055 3060 2148 3123 cui

494 3153 1065 3214 commendaverunt
1098 3153 1373 3235 multum,
1407 3153 1539 3233 plus
1569 3159 1771 3234 petent
1800 3152 1871 3213 ab
1903 3169 1996 3213 eo.
2034 3153 2149 3213 Per

490 3242 603 3303 hoc
637 3240 795 3302 enim
830 3242 1117 3323 signatur,
1150 3261 1383 3323 poenam
1409 3261 1584 3324 quam
1617 3250 1923 3304 merentur
1946 3240 2150 3301 docto-

501 3348 621 3405 res,
647 3330 787 3391 580
808 3331 1059 3392 futuram
1095 3334 1411 3411 majorem.
1460 3330 1641 3393 Datur
1682 3331 1860 3411 igitur
1890 3342 1948 3393 et
1978 3345 2148 3393 Com-

499 3420 813 3482 mendatur
844 3420 1189 3483 doctoribus
1216 3442 1229 3481 :
1269 3422 1443 3483 datur
1470 3421 1739 3502 quidem,
1772 3429 1835 3481 ut
1857 3420 2041 3500 gratia
2062 3438 2151 3480 sa-

492 3508 672 3570 nandi
708 3508 970 3584 morbos,
1008 3521 1065 3573 et
1095 3510 1351 3572 faciendi
1377 3507 2149 3585 miracula,commendafur

487 3607 685 3661 autem
712 3599 799 3661 eis
829 3599 993 3662 verbi
1018 3612 1077 3661 et
1108 3600 1397 3662 doctrinae
1424 3601 1671 3664 donum.
1708 3600 1781 3662 Et
1810 3617 1942 3660 cum
1975 3598 2143 3673 dixit,

487 3691 693 3763 Datur,
722 3708 841 3751 non
875 3689 1202 3771 subjungit,
1237 3690 1511 3770 Amplius
1542 3691 1785 3769 exigent
1812 3708 1826 3752 :
1854 3687 1957 3749 sed
2013 3706 2148 3748 cum

494 3777 665 3853 dixit,
729 3776 1223 3852 Commendatur,
1278 3788 1336 3840 et
1388 3780 1652 3859 profecto
1707 3779 1929 3839 donum
1984 3778 2148 3839 verbi

501 3886 655 3947 opus
702 3867 883 3928 habet
914 3868 1141 3943 labore,
1177 3878 1233 3929 et
1263 3868 1519 3948 amplius
1557 3868 1860 3945 exigitura
1887 3866 2149 3928 doctori-

500 3955 611 4016 bus
645 3954 894 4037 Oportet
920 3958 1077 4018 enim
1106 3975 1241 4018 eum
1276 3976 1394 4018 non
1430 3975 1563 4019 esse
1595 3956 1865 4018 desidem
1891 3974 1959 4016 ac
1981 3960 2148 4035 igna-

485 4062 649 4127 vum,
684 4044 786 4106 sed
822 4045 1220 4126 multiplicare
1271 4046 1555 4108 talentum
1589 4045 1780 4107 verbi.
1815 4044 2021 4125 Igitur,
2055 4044 2152 4106 cui

487 4134 1079 4217 commendaverunt,
1118 4136 1456 4216 intelligere
1504 4134 1711 4211 debes,
1747 4136 1841 4197 cui
1895 4134 2144 4196 multum

488 4225 695 4286 datum
719 4224 790 4285 ad
826 4243 1089 4286 usuram.
1125 4224 1376 4288 bsuram
1402 4226 1561 4287 enim
1583 4224 2062 4287 commendatum
2087 4235 2147 4285 et

487 4313 822 4395 depositum
858 4313 954 4376 hic
978 4315 1190 4394 signat.
1225 4316 1299 4377 At
1337 4324 1473 4376 sunt
1498 4316 1596 4397 qui
1630 4322 1896 4395 quaerant
1929 4334 1942 4376 :
1978 4313 2141 4391 Esto,

489 4403 666 4483 bene,
693 4402 973 4484 puniatur
1019 4403 1071 4464 is
1114 4406 1213 4484 qui
1246 4404 1357 4465 scit
1401 4405 1760 4464 voluntatem
1794 4401 2056 4481 Domini,
2091 4410 2149 4463 et

2236 4409 2329 4487 γὰρ
2404 4405 2608 4466 δάνειον

493 4512 609 4554 non
637 4492 770 4554 facit
799 4510 811 4554 τ
840 4492 941 4573 qui
964 4501 1160 4554 autem
1190 4493 1591 4575 nescit,quare
1618 4490 1968 4574 punitur?Eu
1990 4492 2147 4573 quod

497 4584 789 4662 potuisset
820 4582 1003 4645 etiam
1030 4581 1160 4663 ipse
1183 4582 1435 4663 discere,
1470 4590 1529 4644 et
1565 4582 1775 4659 noluit,
1828 4582 1931 4644 sed
1982 4581 2152 4660 piger

489 4671 621 4752 fuit,
656 4672 782 4753 ipse
816 4670 878 4732 in
910 4690 1086 4733 causa
1130 4671 1235 4733 fuit
1293 4672 1615 4753 quominus
1656 4671 1970 4733 didicerit:
1997 4689 2146 4751 qua-

488 4769 732 4841 propter
758 4761 1095 4839 puniendus
1126 4769 1215 4821 est
1249 4761 1405 4842 quod
1451 4768 1664 4843 sponte
1713 4780 1832 4821 nou
1886 4759 2139 4821 didicit..

485 4848 855 4931 Timeamus,
885 4857 1120 4912 tratres.
1147 4849 1293 4911 Nam
1325 4852 1374 4912 si
1399 4851 1491 4913 bis
1522 4851 1623 4932 qui
1655 4850 1803 4912 nihil
1844 4850 1976 4927 scit,
2012 4867 2147 4911 om-

484 4940 625 5001 nino
677 4940 892 5019 dignus
947 4948 1036 5001 est
1098 4940 1324 5021 plagis:
1359 4959 1491 5021 quae
1538 4942 1836 5002 excusatio
1869 4939 2147 5003 liberabit

492 5047 596 5091 eos
629 5029 732 5111 qui
754 5030 1012 5092 scienter
1064 5031 1136 5091 de
1166 5029 1540 5112 delinquunt,
1586 5030 1842 5093 maxime
1898 5030 1947 5092 si
1997 5031 2144 5093 doc-

2231 2260 2518 2337 παρὲθεντο
2572 2261 2733 2343 πολὺ,
2807 2262 3181 2341 περισσότερον
3256 2262 3565 2331 αἰτήσουσιν
3627 2259 3813 2321 αὐτόν,
3864 2280 3893 2319 )

2232 2349 2485 2407 Ἐνταῦθα
2539 2354 2628 2409 καὶ
2680 2352 2871 2409 πλεῖόν
2926 2374 2976 2407 τι
3049 2354 3137 2408 καὶ
3175 2349 3531 2432 φοϐερώτερον
3574 2348 3887 2407 ὑποδείκνυ-

2233 2462 2314 2494 σιν
2369 2440 2509 2516 ἡμῖν
2566 2443 2594 2497 ὀ
2659 2445 2866 2520 Κύριος.
2931 2440 3004 2498 0'3
3062 2441 3224 2517 μόνον
3249 2445 3371 2520 γὰρ,
3405 2443 3557 2521 φησί,
3591 2441 3682 2495 τοῦ
3725 2461 3895 2520 χαρι-

2235 2550 2437 2604 σματος
2496 2533 2897 2608 γυμνωθὴσεται
2986 2532 3013 2586 ό
3067 2538 3329 2604 τοιοῦτος,
3402 2531 3490 2586 καὶ
3546 2527 3694 2587 οὐδὲν
3753 2529 3898 2602 αὒτῷ

2235 2615 2588 2693 συμϐαλεῖται
2645 2621 2775 2699 πρὸς
2832 2619 3154 2698 ἀπαλλαγὴν
3230 2626 3336 2677 τῶν
3404 2617 3698 2693 κολάσεων,
3758 2616 3899 2674 ἀλλὰ

2233 2709 2321 2763 καὶ
2381 2709 2622 2784 μείζονος
2677 2714 2820 2786 αὐτῷ
2878 2710 3239 2788 κατακρίσεως
3297 2708 3473 2766 αἴτιον
3503 2710 3785 2787 γενήσεται
3833 2711 3897 2764 τὸ

2234 2803 2327 2853 τοῦ
2383 2795 2685 2874 ἀξιώματος
2755 2799 3001 2879 μέγεθος.
3054 2793 3223 2873 ’Ὂσῳ
3263 2800 3364 2879 γὰρ
3393 2798 3669 2877 γινώσκων
3713 2796 3897 2854 ἔπται-

2231 2906 2315 2961 σε,
2388 2888 2626 2960 τοσούτῳ
2684 2889 2897 2964 μείζονα
2953 2889 3054 2958 τήν
3152 2890 3411 2969 τιμωρίαν
3488 2887 3658 2961 ἑαυτῷ
3746 2908 3897 2966 περι-

2232 2988 2496 3058 ποιεῖται,
2558 2977 2655 3033 Καὶ
2713 2975 2798 3033 διὰ
2828 2983 2932 3034 τῶν
2978 2977 3172 3058 ἑφεξῆς
3230 2974 3285 3032 δὲ
3370 2975 3691 3056 σαφέστερον
3738 2982 3895 3032 τοῦτο

2231 3050 2400 3129 ποιεῖ.
2461 3054 2526 3145 ᾯ
2597 3068 2697 3146 γὰρ
2741 3065 2921 3147 ἐδόθη,
2956 3050 3105 3148 φησί,
3143 3065 3298 3140 πολὺ,
3331 3067 3418 3123 καὶ
3454 3050 3612 3123 πολὺ⁷
3645 3068 3892 3136 ζητηθή-

2234 3176 2380 3211 σεται
2440 3152 2565 3235 παρ’
2624 3156 2806 3237 αὐτοῦ,
2879 3158 2969 3214 καὶ
3024 3160 3070 3231 ᾦ
3126 3156 3413 3232 παρέθεντο
3443 3154 3601 3236 πολὺ,
3634 3157 3893 3235 περισσό-

2231 3266 2380 3324 τερον
2436 3246 2739 3316 αἰτήσουσιν
2810 3246 2990 3309 αὐτόν,
3050 3247 3149 3303 Διὰ
3202 3246 3404 3303 τούτων
3462 3246 3561 3324 γὰρ
3611 3244 3892 3301 αἰνίττεται

2232 3334 2331 3401 τὴν
2384 3345 2504 3397 τοῖς
2562 3332 2899 3400 διδασκάλοις
2957 3335 3307 3416 ὀφειλομένην
3362 3336 3619 3412 τιμωρίαν
3678 3336 3894 3412 μείζονα

2234 3422 2519 3499 ἱσομὲνην.
2581 3426 2677 3482 Καὶ
2750 3423 2946 3482 δίδοται
3006 3425 3095 3482 οὖν
3150 3438 3267 3490 τοῖς
3300 3422 3635 3487 διδασκάλοις
3665 3424 3751 3480 καὶ
3781 3446 3893 3480 πα-

2230 3514 2655 3585 ρακατατίθεται⁶
2720 3512 2916 3571 δίδοται
2988 3515 3107 3591 μὲν,
3170 3519 3289 3572 οἷον
3358 3516 3418 3570 τὸ
3497 3514 3741 3593 χάρισμα
3799 3520 3893 3571 τοῦ

2229 3604 2649 3683 θαυματουργεῖν
2736 3607 2824 3661 καὶ
2931 3606 3103 3661 ἰᾶσθαι
3205 3605 3413 3679 νόσους,
3521 3604 3890 3682 παρακατατί-

2230 3692 2374 3746 θεται
2436 3689 2491 3746 δὲ
2549 3693 2732 3757 αὐτοῖς
2786 3695 2847 3750 τὸ
2908 3701 3000 3751 τοῦ
3049 3692 3209 3773 λόγου
3264 3694 3352 3750 καὶ
3398 3696 3496 3762 τῆς
3552 3690 3891 3757 διδασκαλίας

2233 3778 2497 3859 χάρισμα,
2553 3780 2679 3839 Ἐπὶ
2734 3783 2832 3859 μὲν
2896 3785 2986 3841 οὖν
3023 3790 3142 3861 τοῦ,
3204 3781 3435 3860 Δίδοται,
3485 3784 3578 3839 οὐκ
3622 3783 3779 3840 εἶπεν
3809 3780 3891 3840 ὅτι

2233 3871 2615 3951 Περισσότερον
2673 3871 3079 3943 ἆπαιτήσουσιν·
3140 3871 3226 3929 ἐπὶ
3323 3870 3378 3928 δὲ
3435 3878 3553 3948 τοῦ,
3638 3877 3893 3950 Παρακα-

2231 3962 2519 4016 τατίθεται·
2595 3961 2683 4017 καὶ
2741 3962 2840 4042 γὰρ
2915 3958 3080 4027 ὅντως
3130 3963 3192 4019 τὸ
3250 3960 3342 4018 τοῦ
3424 3959 3588 4041 λόγου
3645 3961 3893 4042 χάρισμα

2234 4048 2551 4129 ἐπεργασίας
2628 4049 2822 4133 δεῖται,
2926 4056 3014 4109 καὶ
3092 4053 3401 4109 ἂπαιτεῖται
3496 4052 3524 4106 ό
3578 4047 3891 4117 διδάσκαλος

2233 4140 2627 4218 περισσότερον.
2696 4150 2793 4198 Δεῖ
2855 4142 2955 4223 γὰρ
3038 4142 3194 4199 αὐτὸν
3267 4142 3344 4217 μὴ
3413 4141 3691 4219 ῥᾳθυμεῖν,
3752 4139 3891 4197 ἀλλὰ

2229 4228 2539 4301 πλεονάζειν
2610 4231 2670 4287 τὸ
2726 4238 2820 4288 τοῦ
2889 4230 3051 4310 λόγου
3104 4230 3385 4289 τάλαντον·
3418 4233 3480 4288 τὸ
3508 4230 3708 4305 τοίνυν,
3742 4253 3891 4307 παρ-

2229 4318 2406 4399 ετέθη,
2454 4319 2568 4377 ἀντὶ
2597 4321 2713 4401 τοῦ,
2755 4323 2803 4396 ᾧ
2845 4319 3113 4388 ἐδανείσθη
3153 4319 3311 4397 πολὺ,
3367 4318 3593 4401 ὀφείλεις
3626 4332 3794 4377 νοεῖν·
3829 4321 3891 4376 τὸ

2722 4412 3179 4490 παρακαταθήκην
3259 4410 3477 4468 ἐνταῦθα
3585 4410 3886 4485 ὠνόμασεν,

2231 4495 2399 4555 Ἀλλὰ
2429 4499 2645 4569 ζητοῦσί
2685 4522 2848 4580 τινες,
2878 4490 3092 4575 "Enni,
3122 4507 3301 4565 καλῶς
3330 4513 3646 4578 τιμωρεῖται
3676 4500 3704 4556 ὀ
3732 4500 3890 4579 γνοὺς

2227 4589 2289 4643 τὸ
2317 4586 2527 4663 θὲλημα
2555 4597 2648 4647 τοῦ
2692 4588 2971 4671 δεσπότου,
3005 4590 3094 4647 καὶ
3124 4591 3201 4666 μὴ
3221 4590 3415 4671 ποιῶν,
3447 4591 3475 4647 ὀ
3507 4587 3563 4647 δὲ
3595 4590 3671 4667 μὴ
3701 4590 3885 4668 γνοὺς,

2229 4675 2365 4733 διατί
2421 4692 2738 4758 τιμωρεῖται
2772 4699 2789 4761 ς
2841 4680 2987 4736 Διότι
3031 4677 3317 4755 δυνάμενος
3348 4682 3540 4755 μαθεῖν
3585 4681 3673 4736 καὶ
3705 4680 3885 4753 αὒτὸς,

2230 4766 2378 4843 ὅμως
2440 4768 2534 4824 οὒκ
2582 4768 2869 4846 ἠθέλησεν,
2927 4767 3044 4825 ἀλλ’
3080 4769 3186 4826 ὰπὸ
3228 4769 3480 4848 ῥᾳθυμίας
3524 4770 3682 4832 αὐτὸς
3715 4769 3889 4842 ἑαυτῷ

2228 4855 2404 4919 αἴτιος
2456 4863 2548 4913 τοῦ
2607 4858 2686 4935 μὴ
2730 4862 2921 4935 μαθεῖν
2991 4860 3231 4937 γέγονεν,
3291 4857 3429 4916 ὥστε
3456 4857 3541 4915 διὰ
3597 4864 3753 4915 τοῦτο
3794 4881 3888 4915 κο-

2228 4944 2471 5020 λαστὲος,
2527 4944 2608 5003 ὅτι
2638 4948 2773 5005 ἑκὼν
2816 4949 2910 5006 οὒκ
2962 4947 3149 5024 ἔμαθε.
3193 4946 3491 5027 Φρίξωμεν,
3554 4946 3790 5027 ἀδελφοί·
3841 4950 3886 5003 εἰ

2230 5036 2331 5115 γὰρ
2392 5037 2419 5093 ὀ
2477 5035 2605 5112 μηδ’
2664 5036 2803 5103 ὅλως
2832 5038 3012 5117 γνούς,
3059 5035 3201 5103 ἄξιος
3233 5036 3478 5116 πληγῶν,
3513 5052 3673 5101 ποῖος
3702 5036 3887 5095 ἁπαλ-

490 5128 653 5181 tores
712 5119 960 5182 fuerint?
1015 5120 1260 5183 Gravior
1307 5121 1469 5183 enim
1526 5130 1617 5184 est
1668 5121 1795 5183 haec
1852 5121 2141 5183 condem-

2236 5124 2367 5190 ἰιάξει
2456 5124 2618 5205 λόγος
2676 5128 2796 5193 τούς
2854 5127 2909 5184 ἔν
2982 5127 3173 5206 γνώσει
3259 5125 3734 5205 πλημμελοῦντας,
3797 5128 3887 5184 καὶ

486 5210 667 5270 natio.

566 5385 753 5449 Vens.
784 5388 888 5464 49,
918 5388 1021 5451 50.
1061 5390 1297 5468 «Ignem
1330 5389 1469 5451 veni
1493 5389 1787 5453 missurus
1810 5391 1871 5452 in
1895 5399 2136 5455 terram:

494 5480 553 5537 et
582 5475 723 5557 quid
755 5481 913 5553 volo,
948 5480 1001 5542 si
1024 5479 1150 5559 jam
1180 5497 1472 5542 accensus
1511 5486 1654 5543 est?
1702 5479 1815 5544 Sed
1849 5482 2143 5564 baptismo

550 5637 631 5688 ~59
660 5636 834 5705 Rom.
866 5640 1083 5721 "11,9.

2226 5212 2457 5292 μάλιστα
2528 5217 2573 5272 εἰ
2643 5218 2733 5274 καὶ
2789 5214 3094 5274 διδάσκαλοι
3141 5216 3304 5291 εῖε·ο;
3356 5217 3754 5297 Φορτικώτερον
3783 5217 3889 5297 γὰρ

2224 5306 2286 5362 τὸ
2314 5306 2513 5361 τούτων
2544 5306 2872 5386 κατάκριμα.

2312 5418 2340 5448 α
2406 5401 2513 5475 Πῦρ
2565 5393 2727 5465 ἦλθον
2789 5395 2979 5474 βαλεῖν
3011 5399 3084 5464 εἰς
3113 5397 3214 5466 τὴν
3258 5401 3382 5476 γῆν
3428 5398 3515 5453 καὶ
3548 5398 3596 5453 τί
3648 5394 3810 5477 θέλω,
3841 5404 3888 5457 εἰ

2227 5486 2331 5556 ἢδη
2404 5486 2660 5569 ἀνήφθης
2723 5488 3004 5563 Βᾶπτισμα
3062 5486 3117 5544 δὶ
3174 5487 3293 5568 ἔχω
3364 5488 3739 5565 βαπτισθῆναι,
3797 5483 3885 5544 καὶ
