4202 6402
255 389 373 457 905

970 395 1414 462 ENARRATIO
1461 399 1540 460 IN
1590 392 2093 462 EVANGELIUM
2145 389 2383 454 LUC/E.
2432 424 2508 434 ——-
2553 393 2717 454 CAP.
2766 387 2906 454 XII.

3525 359 3649 457 eos

253 529 368 586 πῶς
422 527 718 608 συνέχομαι
779 530 880 596 ἕως
915 531 974 587 οὗ
1015 531 1287 612 τελεσθῇ;
1327 556 1352 586 ιι
1405 538 1510 612 Πῦρ
1557 546 1758 590 νοεῖται
1809 532 1908 608 μὲν

2011 536 2185 598 ιειὺεο
2227 535 2532 617 baptizari,
2583 543 2642 597 et
2681 535 2980 616 quomodo
3029 539 3408 616 constringor
3451 538 3644 601 donec

251 618 341 672 καὶ
385 619 444 672 το
504 619 775 699 κήρυγμα,
836 623 863 676 ὁ
924 619 1084 699 λόγος
1161 623 1261 700 γὰρ
1319 631 1421 700 πῦρ
1477 624 1761 681 κατεσθίων
1807 631 1910 680 πᾶν

251 704 450 770 ὑλῶδες
499 709 590 764 ’καὶ
664 711 993 790 συρφετιῦδες
1065 713 1266 791 νόημα,
1339 715 1425 768 καὶ
1474 715 1537 768 τὰ
1583 711 1780 770 εἴδωλα
1823 714 1907 781 ἐξ.

256 797 518 874 αφανίζων
574 800 760 863 ὁποίας
791 799 851 855 ἂν
885 798 1017 866 ὕλης
1069 804 1207 863 εἷεν,
1244 811 1459 859 Νοεϊται
1490 801 1544 858 δὲ
1574 805 1661 859 καὶ
1692 807 1719 860 ὁ
1749 805 1910 876 ζῆλος

257 888 286 942 ὁ
341 884 471 964 ὔπὲρ
513 895 606 944 τοῦ
657 887 822 946 καλοῦ
892 889 946 945 ἐν
1010 890 1217 965 ἑκάστῳ
1271 893 1428 965 ἡμῶν
1491 891 1857 968 ἀναπτόμενος
1889 910 1907 928 ’

259 977 406 1056 τάχα
463 975 515 1032 δέ
561 981 648 1035 καὶ
708 979 858 1041 οὗτος
902 978 986 1036 διὰ
1029 981 1118 1036 τὸν
1164 980 1324 1058 λόγον
1377 987 1469 1037 τοῦ
1515 985 1646 1038 Θεοῦ
1681 983 1906 1061 γινόμε-

259 1087 372 1142 νος,
432 1069 526 1122 οὒκ
580 1067 798 1126 ἀπέοικε
855 1078 948 1128 106
1003 1070 1258 1148 προτέρου
1292 1086 1304 1099 '
1361 1071 1528 1145 τούτῷ
1569 1067 1634 1138 δὴ
1677 1079 1754 1146 τῷ
1792 1073 1913 1148 πυρὶ

255 1154 503 1230 βούλεται
571 1159 599 1213 ὁ
657 1158 842 1230 Κύριος
899 1157 1218 1216 ἀνάπτεσθαι
1292 1161 1356 1215 τὰ
1438 1159 1648 1239 καρδίας
1705 1161 1861 1236 ἡμῶν
1894 1178 1908 1192 °

254 1241 342 1301 δεῖ
399 1247 506 1326 γὰρ
547 1249 689 1322 ἡμᾶς
720 1247 882 1319 ζῆλον
925 1246 1174 1327 διάπυρον
1215 1250 1344 1327 ὑπὲρ
1387 1256 1479 1305 τοῦ
1505 1249 1670 1308 καλου
1711 1249 1859 1331 ἔχειν
1893 1275 1909 1290 υ

253 1338 315 1392 τὸ
346 1339 469 1416 γὰρ,
505 1339 554 1394 τί
581 1337 742 1410 θέλω,
769 1339 882 1395 ἀντὶ
911 1346 1027 1411 του,
1065 1339 1228 1395 πόσον
1257 1339 1414 1410 θέλω,
1455 1340 1497 1396 εἰ
1528 1338 1631 1408 ἤδη
1661 1343 1869 1422 ἀνήφθη
1896 1359 1912 1415 ;

256 1425 580 1483 Ἰ-ζπιστεύδει
631 1429 727 1506 γὰρ
803 1430 904 1496 τὴν
989 1427 1181 1505 ἄναψιν
1265 1432 1452 1486 τούτου
1547 1433 1642 1486 106
1722 1433 1909 1512 πυρὸς,

253 1517 429 1574 καθὼς
488 1519 574 1573 καὶ
631 1521 660 1574 ὁ
720 1517 923 1582 Παῦλος
974 1517 1119 1596 λέγει
1157 1537 1170 1550 ⁸
1244 1527 1318 1594 Γῴ
1361 1523 1620 1593 πνεύματι
1679 1519 1906 1592 ζέοντες,

260 1607 359 1664 Καὶ
417 1607 576 1664 πάλιν
609 1626 626 1644 ο
692 1607 848 1674 κηλῶ
891 1609 991 1688 γὰρ
1033 1610 1169 1684 ὑμᾶς
1214 1617 1348 1665 Θεοῦ
1397 1608 1568 1685 ζήλῳ,
1634 1611 1912 1686 Βάπτισμα

1995 626 2385 704 perﬁciatur?
2425 651 2442 679 ι
2503 625 2616 686 l’er
2647 624 2844 703 ignem
2895 624 3138 706 quidem
3195 636 3256 687 et
3300 627 3645 707 praedicatio

1993 713 2368 792 intelligitur.
2403 714 2614 775 Sermo
2647 714 2806 775 enim
2841 713 3000 791 ignis
3041 724 3152 788 est,
3204 715 3304 796 qui
3352 717 3648 780 consumit

1993 821 2233 865 onmem
2265 804 2631 864 uiaterialem
2665 812 2724 864 et
2753 803 3165 883 imperfectam
3200 805 3644 884 cogitationem,

1994 901 2053 954 et
2084 891 2407 954 simulacra
2438 892 2635 954 abolet
2665 893 3077 974 cujuscunque
3108 893 3327 955 fuerint
3362 895 3646 958 materiae.

1993 978 2354 1060 Intelligitur
2377 981 2555 1043 etiam
2581 989 2640 1042 et
2657 983 2820 1042 zelus
2845 1000 2950 1062 pro
2973 983 3185 1044 virtute
3204 983 3264 1044 in
3289 1002 3649 1066 unoquoque

1997 1080 2266 1132 nostrum
2294 1089 2629 1132 accensus:
2681 1071 2947 1132 fortassis
2997 1082 3195 1134 autem
3241 1081 3300 1133 et
3352 1073 3402 1134 is
3433 1075 3649 1154 estqui

1998 1168 2242 1240 propter
2271 1159 2516 1221 verbum
2545 1160 2651 1223 Dei
2685 1160 2770 1227 ﬁt.
2807 1179 2923 1220 non
2956 1159 3263 1222 dissimilis
3283 1171 3478 1224 autem
3513 1172 3652 1224 esta

1998 1249 2200 1329 priore
2231 1269 2244 1309 :
2284 1251 2395 1310 hoc
2428 1249 2587 1311 enim
2624 1249 2759 1328 igne
2809 1251 2932 1312 vult
2976 1249 3137 1312 Deus
3183 1251 3430 1313 accendi
3468 1251 3652 1313 corda

1998 1337 2534 1400 nestra.Debenius
2562 1339 2814 1414 ignitum
2842 1359 2947 1419 pro
2962 1341 3178 1401 virtute
3201 1343 3390 1402 zelum
3407 1340 3650 1405 habere.

1996 1425 2191 1502 Unde,
2227 1428 2366 1506 quid
2405 1429 2553 1489 volo.
2588 1429 2640 1488 id
2672 1437 2783 1501 est,
2809 1438 3092 1509 quantum
3126 1429 3279 1504 volo,
3317 1430 3366 1491 si
3390 1431 3516 1510 jam
3547 1449 3652 1492 ac-

1999 1533 2220 1577 census
2249 1515 2386 1577 est?
2418 1515 2597 1596 Urget
2631 1517 2789 1578 enim
2826 1526 2886 1577 ut
2931 1518 3299 1580 accendatur
3344 1518 3498 1596 ignis
3529 1519 3653 1592 ille,

1998 1607 2153 1668 sicut
2185 1615 2244 1666 et
2275 1605 2494 1668 Paulus
2541 1605 2686 1668 dicit
2721 1625 2734 1669 :
2791 1606 3012 1686 Spiritu
3064 1607 3383 1670 ferventes.
3419 1607 3485 1669 Et
3519 1627 3656 1670 rur-

263 1694 308 1714 κο

257 1694 314 1752 δὲ
373 1698 464 1752 τὸν
521 1698 740 1754 θάνιτον
801 1699 984 1757 ἑαυτοῦ
1041 1698 1210 1774 λέγει.
1261 1697 1482 1767 Ἐπειδὶ⁸
1541 1701 1642 1779 γὰρ
1703 1702 1762 1757 τὸ
1817 1708 1916 1778 πῦρ

2011 1713 2132 1754 sum
2160 1711 2173 1756 :
2206 1695 2478 1755 Aimulor
2500 1695 2660 1755 enim
2687 1713 2791 1755 vos
2811 1695 3192 1758 aemulatione
3210 1693 3338 1758 Dei.
3358 1697 3659 1777 Baptisma

260 1793 419 1843 τοῦτο
475 1789 568 1842 οὒκ
627 1786 801 1852 ἄλλως
853 1786 1078 1862 ἔμελλεν
1160 1789 1479 1868 ἀναφθῆναι,
1542 1791 1586 1846 εἰ
1655 1793 1734 1865 μὴ
1784 1793 1918 1866 μετὰ

2011 1791 2198 1844 autem
2230 1792 2480 1844 mortem
2500 1801 2668 1844 suam
2697 1782 2863 1845 dicit.
2888 1783 3214 1856 Quoniam:
3243 1786 3363 1846 nim
3387 1786 3658 1864 ignisille

261 1877 355 1932 τὸν
409 1876 631 1934 θάνατον
693 1883 848 1936 κ’,τοῦ
885 1902 897 1914 ·
972 1880 1060 1934 καὶ
1138 1880 1238 1956 γὰρ
1295 1877 1480 1935 ἔκτοτε
1551 1881 1612 1936 τὸ
1667 1882 1916 1959 κήρυγμα

2011 1889 2120 1934 non
2147 1871 2319 1934 aliter
2347 1873 2770 1934 accendendus
2825 1883 2973 1951 erat,
3010 1893 3186 1954 quam
3222 1883 3355 1954 post
3401 1883 3655 1935 mortem

261 1967 351 2022 καὶ
410 1969 436 2022 ὁ
489 1965 650 2038 ζῆλος
709 1967 912 2037 ηὖξήοη
948 1987 959 2000 ·
996 1967 1077 2022 διὰ
1137 1975 1292 2025 τοῦτο
1337 1968 1522 2048 ἐπάγει
1563 1971 1651 2027 καὶ
1681 1972 1797 2050 περὶ
1827 1978 1919 2027 τοῦ

2011 1962 2134 2041 ejus
2159 1980 2172 2024 :
2203 1980 2338 2022 nam
2363 1982 2430 2025 ex
2453 1981 2523 2024 eo
2545 1971 2817 2042 tempore
2841 1963 3181 2042 praedicatio
3206 1973 3261 2024 et
3281 1963 3446 2024 zelus
3464 1981 3660 2025 creve-

259 2055 487 2114 θανάτου
543 2058 815 2135 ὀνομάζων
873 2057 1031 2113 αὒτὸν
1111 2057 1415 2133 βάπτισμα.
1497 2058 1801 2135 Ἐπιθυμῶν
1864 2059 1920 2116 δὲ

2011 2062 2166 2124 runt,
2195 2065 2514 2132 propterea
2536 2051 2736 2113 subdit
2760 2051 2940 2112 etiam
2967 2053 3042 2114 de
3064 2060 3276 2127 morte,
3301 2052 3659 2133 baptismum

261 2147 448 2205 τούτου
507 2144 725 2226 σφόδρα,
773 2147 904 2226 φησι
935 2162 949 2177 ⁸
1017 2149 1114 2205 Καὶ
1144 2152 1260 2209 πῶς
1305 2148 1628 2231 συνέχομαι,
1662 2149 1775 2206 ἀντὶ
1803 2159 1918 2230 τοῦ,

2011 2141 2162 2231 ψωη
2193 2127 2406 2202 vocans
2457 2139 2620 2202 Hanc
2645 2153 2844 2231 autem
2863 2141 3036 2231 valde
3051 2127 3654 2222 desiderans,inquit:

264 2235 430 2292 πόσον
487 2238 740 2316 φροντίζω
811 2239 898 2293 καὶ
983 2233 1256 2317 θλίϐομαι,
1329 2235 1431 2301 ἕως
1516 2241 1577 2295 οὗ
1651 2238 1920 2317 τελεσθῇ;

270 2327 422 2400 Aul/'6
479 2327 577 2404 γᾶρ
633 2328 722 2382 τὸν
764 2327 894 2404 ὑπὲρ
948 2332 1047 2392 τῆς
1092 2327 1304 2383 πάντων
1350 2329 1615 2407 σωτηρίας
1672 2329 1919 2389 θάνατον.

268 2416 374 2493 Πῦρ
428 2412 482 2470 δὲ
525 2414 652 2483 ἦλθε
705 2414 895 2492 βαλεῖν
940 2417 969 2470 ὃ
1031 2416 1240 2494 Κύριος,
1288 2418 1349 2473 οὗ
1391 2417 1554 2492 μόνον
1608 2417 1692 2474 ἐπὶ
1751 2426 1926 2476 πᾶσαν

268 2505 367 2572 τὴν
410 2505 536 2582 γῆν,
569 2507 641 2565 εἷς
669 2507 732 2572 ἦν
789 2509 816 2560 ὁ
847 2505 1006 2584 λόγος
1049 2507 1138 2562 καὶ
1181 2508 1215 2574 ἡ
1259 2506 1434 2572 πίστις
1477 2506 1728 2584 ἡπλώθη,
1793 2508 1928 2566 ἄλλα

267 2595 357 2650 καὶ
402 2595 487 2651 ἐπὶ
538 2597 636 2662 τὴν
696 2595 918 2650 ἑκάστου
990 2595 1196 2676 ψυχὴν,
1243 2595 1344 2675 γῆν
1396 2597 1495 2671 μὲν
1548 2600 1705 2655 οὖσαν
1759 2599 1927 2656 ἀκαν-

270 2685 502 2764 θηφόρον
562 2686 647 2741 καὶ
699 2685 962 2764 ἄκαρπον,
1015 2685 1116 2740 ὑπό
1174 2682 1229 2740 δὲ
1261 2695 1355 2744 τοῦ
1383 2687 1521 2742 θείου
1565 2684 1724 2765 λόγου
1753 2688 1932 2766 ὥσπερ

271 2776 442 2848 πυρὸς
528 2771 928 2849 διακαιομένην,
1013 2775 1101 2830 καὶ
1145 2771 1394 2842 δεκτικὴν
1459 2777 1746 2854 γινομένην
1825 2777 1932 2833 τῶν

266 2867 421 2919 θείων
480 2867 826 2944 σπερμάτων,
883 2866 973 2920 καὶ
1037 2886 1471 2944 καρποφορουσαν
1529 2875 1927 2943 πνευματικῶς,

269 2945 452 3011 ἿΟταν
510 2954 609 3033 γὰρ
684 2952 891 3028 ἅψηταί
984 2975 1126 3018 τινος
1187 2958 1378 3034 ψυχῆς
1435 2954 1676 3033 ἀοράτως
1815 2957 1928 3014 θεία

264 3043 449 3122 χάρις,
483 3042 633 3099 δοκεῖ
673 3041 952 3121 φλέγεσθαι
1010 3043 1087 3117 τῷ
1149 3043 1282 3099 Θεοῦ
1310 3048 1480 3117 ποθιρ,
1515 3046 1590 3109 ὠς
1636 3047 1730 3102 οὒκ
1785 3046 1927 3102 ἔστιν

266 3135 467 3212 εἰπεῖν,
496 3132 675 3212 ὥσπερ
703 3130 889 3206 ἀμέλει
951 3133 1042 3188 κιὶ
1100 3133 1142 3189 οἱ
1206 3134 1325 3212 περὶ
1361 3132 1604 3192 Κλεόπαν
1636 3139 1712 3208 τῷ
1741 3138 1924 3192 τοιού-

2006 2229 2076 2291 Ει
2105 2230 2404 2311 quomodo
2438 2229 2837 2310 constringor,
2863 2230 2978 2291 hoc
3026 2239 3136 2303 est,
3163 2249 3340 2311 quam
3372 2230 3662 2292 sollicitus

2009 2338 2138 2380 sum
2199 2337 2266 2380 ac
2319 2337 2578 2399 premor,
2615 2320 2806 2380 donec
2857 2319 3256 2398 perficiatur?
3303 2318 3452 2383 Sitio
3501 2320 3661 2381 enim

2013 2416 2264 2469 mortem
2299 2427 2404 2487 pro
2436 2408 2702 2468 omnium
2726 2406 2938 2470 salute.
2967 2406 3166 2486 Ignem
3191 2410 3353 2470 venit
3375 2409 3666 2470 missurus

2015 2516 2132 2557 non
2167 2495 2355 2556 solum
2390 2497 2446 2557 in
2481 2515 2717 2557 omnem
2744 2506 2988 2566 terram,
3025 2497 3082 2556 in
3114 2516 3292 2577 quam
3327 2491 3666 2578 praulicatio

2015 2594 2071 2646 et
2095 2587 2244 2646 fides
2261 2603 2328 2646 ex
2338 2587 2429 2666 pia
2440 2595 2575 2646 nata
2591 2596 2725 2648 sunt
2737 2585 2866 2660 ,sed
2893 2586 3361 2666 uniuscujusque
3377 2586 3662 2662 animam,

2016 2693 2150 2756 qua}
2182 2684 2338 2736 terra
2364 2676 2602 2756 quidem
2650 2675 2890 2756 spinosa
2934 2683 3026 2738 est
3057 2685 3115 2736 et
3145 2676 3391 2751 sterilis,
3424 2694 3459 2737 a
3487 2673 3668 2738 verba

2015 2773 2212 2826 autem
2239 2764 2344 2827 Dei
2369 2767 2536 2846 quasi
2565 2767 2698 2840 igne
2721 2785 3033 2840 succensa,
3054 2779 3111 2829 et
3135 2768 3469 2829 divinorum
3481 2767 3670 2830 semi-

2020 2871 2163 2914 num
2187 2869 2457 2937 capax,et
2478 2856 2874 2937 spiritualium
2909 2859 3140 2936 frugum
3158 2859 3318 2919 ferax
3351 2860 3524 2920 facta.
3562 2855 3670 2922 Ubi

2015 2942 2172 3003 enim
2226 2944 2483 3024 alicujus
2528 2945 2741 3006 animae
2791 2945 3176 3007 invisibiliter
3229 2946 3433 3008 divina
3480 2945 3672 3024 gratia

2013 3031 2352 3110 contigerit,
2379 3035 2611 3096 videtur
2632 3033 2936 3096 desiderio
2979 3036 3085 3098 Dei
3117 3054 3299 3116 supra
3323 3055 3499 3116 quam
3529 3035 3664 3096 58!

2012 3121 2132 3212 dici
2162 3133 2336 3201 queat
2365 3124 2640 3204 ﬂagrare,
2666 3123 3168 3204 quemadmodum
3199 3134 3257 3185 et
3285 3125 3536 3204 Cleopas
3567 3124 3672 3212 Ila:

269 3245 350 3296 τῳ
407 3210 526 3300 πυρὶ
711 3228 802 3278 τοῦ
844 3228 975 3277 Θεοῦ
1023 3210 1446 3302 ὐποφλεγόμενοι
1489 3223 1729 3302 ἀοράτως
1759 3226 1926 3305 χάρι-

2012 3210 2224 3289 grabat
2247 3212 2446 3274 divino
2471 3213 2605 3291 igne
2621 3232 2754 3274 cum
2779 3212 3030 3275 diceret:
3049 3215 3261 3276 Nonne
3283 3232 3385 3274 cor
3403 3210 3672 3275 nostrum

269 3335 384 3376 τος.
448 3313 583 3392 Οὒχὶ
640 3313 675 3380 ἡ
745 3308 928 3388 καρδία
1009 3313 1163 3386 ἡμῶν
1241 3311 1502 3387 καιομένη
1546 3317 1614 3382 ἧν
1657 3313 1712 3371 ἐν
1767 3317 1928 3390 ἡμῖν,

274 3403 480 3482 ἔλεγον.
534 3398 683 3464 Εἴτις
726 3399 815 3455 οὖν
861 3399 1018 3456 ἔπαθε
1073 3401 1135 3456 τὸ
1182 3403 1426 3458 τοιοῦτον
1483 3403 1673 3478 πάθος,
1726 3403 1930 3467 εἴσεται

276 3496 341 3552 τὸ
397 3491 709 3571 λεγόμενον,
797 3489 1070 3568 Πάσχουσι
1141 3485 1196 3544 δὲ
1281 3487 1471 3546 πολλοὶ
1521 3492 1613 3547 καὶ
1670 3491 1931 3556 πολλάκις

276 3579 789 3662 ἀναγινωσκομένων
859 3579 1008 3633 θείων
1095 3583 1336 3658 Γραφῶν,
1418 3578 1454 3648 ἢ
1555 3581 1681 3658 βίων
1768 3583 1930 3661 ἁγίων

272 3671 547 3749 ηιτὲρων,
609 3668 646 3736 ἢ
729 3666 1123 3746 παραινούντων
1191 3673 1351 3725 τινῶν
1407 3670 1496 3726 καὶ
1552 3667 1926 3753 διδασκόντων,

269 3759 631 3835 διακαιόμενοι
677 3760 808 3836 πρὶς
855 3758 916 3812 τὸ
972 3755 1136 3812 καλὸν
1197 3759 1292 3823 τὰς
1353 3759 1561 3840 ψυχὰς,
1605 3762 1696 3817 καὶ
1736 3764 1782 3818 οἱ
1830 3763 1927 3836 μὲν

267 3851 399 3931 ἄχρι
444 3847 650 3920 τέλους,
697 3849 744 3903 οἱ
772 3845 825 3902 δὲ
868 3846 1161 3924 παραυτίκα
1203 3846 1721 3927 ἀποψυχραίνονται.

358 3963 382 3994 σ
437 3949 682 4010 Δοκεῖτε,
744 3934 825 3992 ὅτι
887 3936 1104 4015 εἷρήνην
1162 3935 1535 4015 παρεγενόμην
1563 3935 1740 3996 δοῦναι
1777 3939 1831 3996 ἐν
1863 3951 1931 4021 τῇ

263 4035 392 4110 γῇς
438 4027 597 4108 οδχὶ,
646 4025 787 4104 λέγω
828 4026 982 4100 ὑμῖν,
1030 4023 1150 4081 ἀλλ’
1195 4026 1230 4094 ἢ
1276 4024 1626 4105 διαμερισμόν
1659 4045 1672 4058 ⁸
1722 4029 1934 4090 ἔσονται

265 4122 370 4199 γὰρ
397 4117 506 4174 ἀπὸ
533 4124 626 4174 τοῦ
656 4122 742 4172 νῦν
801 4114 958 4172 πέντε
1010 4113 1063 4171 ἐν
1125 4113 1265 4190 οἴκῳ
1321 4113 1395 4172 ἐνὶ
1437 4113 1932 4201 διαμεμερισμένοι,

268 4222 420 4291 τρεῖς
473 4208 558 4265 ἐπὶ
611 4204 746 4282 δυσὶ,
821 4205 908 4261 καὶ
979 4202 1069 4262 δύο
1127 4204 1213 4261 ἐπὶ
1269 4206 1437 4284 τρισὶν
1495 4203 1934 4287 διαμερισθήσον.

271 4322 388 4373 ται,
425 4303 604 4374 πατὴρ
660 4297 748 4352 ὲπὶ
803 4295 922 4374 υἱῷ,
967 4296 1057 4351 καὶ
1098 4296 1207 4360 υίὸς
1255 4295 1342 4352 ἐπὶ
1384 4296 1544 4375 πατρί
1578 4311 1592 4325 ⁶
1639 4299 1820 4377 μήτηρ
1851 4301 1937 4358 ἐπὶ

269 4389 510 4469 θυγατρὶ,
573 4387 664 4443 καὶ
709 4383 943 4464 θυγάτηρ
1007 4383 1092 4440 ἐπὶ
1141 4385 1306 4463 μητρί
1339 4403 1351 4416 ⁸
1415 4386 1636 4459 πενθερᾶ
1702 4385 1788 4444 ἐπὶ
1838 4389 1940 4457 τὴν

275 4480 488 4558 νύμφην
543 4478 735 4554 αὗτῆς,
792 4475 882 4530 καὶ
962 4474 1139 4554 νύμφη
1199 4472 1284 4530 ἐπὶ
1347 4475 1448 4543 τὴν
1514 4477 1765 4553 πενθερὰν
1839 4480 1935 4536 αὖ·

2014 3318 2335 3361 accensum
2368 3312 2495 3362 erat
2536 3303 2597 3362 in
2629 3301 2886 3363 nobis“0
2907 3301 2937 3362 ?
2981 3301 3264 3382 Quisquis
3307 3301 3486 3381 igitur
3519 3304 3672 3364 hanc

2015 3390 2385 3451 affectionem
2411 3401 2692 3471 expertus
2714 3400 2825 3472 est,
2850 3395 2961 3454 scit
2985 3391 3126 3472 quid
3154 3392 3446 3452 dicamus:
3477 3390 3672 3472 Expe-

2016 3477 2252 3539 riuntur
2276 3489 2472 3541 autem
2508 3481 2678 3542 multi
2706 3482 2880 3542 etiam
2899 3481 3144 3561 quando
3166 3480 3442 3558 leguntur
3461 3481 3673 3543 divinae

2014 3569 2362 3649 Scriptura,
2427 3571 2517 3631 vel
2577 3570 2707 3631 vitae
2758 3587 3101 3632 sanctorum
3161 3569 3421 3640 Patrum,
3473 3571 3562 3630 vel
3620 3570 3672 3631 si

2013 3657 2456 3720 admoneamur
2478 3661 2566 3721 vel
2591 3659 3249 3740 doceantur,quomodo
3269 3661 3674 3721 accendantur

2010 3745 2225 3808 animae
2245 3747 2317 3808 ad
2341 3748 2677 3809 faciendum
2710 3747 2954 3810 bonum.
2983 3747 3053 3809 Et
3085 3747 3187 3809 alii
3210 3748 3451 3829 quidem
3484 3766 3674 3829 usque

2009 3835 2080 3898 ad
2114 3838 2291 3898 finem
2323 3838 2602 3917 ﬂagrant,
2637 3837 2738 3900 alii
2763 3857 2902 3899 vero
2934 3837 3130 3900 statim
3157 3839 3502 3917 frigescunt.

2105 3929 2286 3989 Vens.
2314 3928 2380 3989 ενι
2423 3926 2561 3990 53.ι
2592 3927 2810 3988 Putatis
2831 3928 2988 4008 quod
3017 3946 3222 4008 pacem
3249 3927 3511 3988 venerim
3535 3928 3676 3989 mis-

2019 4033 2194 4076 surus
2224 4015 2284 4076 in
2319 4025 2537 4077 terram
2560 4019 2593 4078 ?
2620 4015 2775 4092 Non,
2801 4018 2935 4078 dICO
2969 4017 3156 4092 vobis,
3183 4017 3302 4078 imo
3339 4017 3673 4096 separatio-

2021 4121 2181 4167 nem.
2217 4106 2406 4167 Erunt
2437 4107 2597 4168 enim
2633 4126 2702 4168 ex
2750 4107 2862 4168 hoc
2913 4108 3176 4187 quinque
3222 4106 3280 4166 in
3333 4107 3510 4167 domo
3553 4121 3675 4169 una

2018 4193 2214 4270 divisi,
2247 4203 2367 4256 tres
2385 4197 2669 4256 adversus
2697 4196 2870 4268 duos,
2898 4206 2955 4256 et
2985 4195 3104 4256 duo
3135 4205 3346 4256 contra
3374 4205 3495 4256 tres
3514 4195 3670 4257 divi-

2021 4283 2257 4354 dentur,
2295 4294 2462 4364 pater
2488 4287 2772 4346 adversus
2825 4284 3035 4365 filium,
3077 4295 3135 4346 et
3184 4283 3340 4344 ﬁiius
3386 4284 3674 4346 adversus

2019 4385 2248 4454 patrem
2285 4393 2299 4437 :
2349 4383 2542 4437 mater
2570 4375 2855 4435 adversus
2885 4373 3092 4454 Illiam,
3134 4383 3193 4434 et
3242 4374 3358 4434 lilia
3388 4374 3672 4435 adversus

2024 4471 2270 4524 matrem
2301 4484 2316 4526 :
2349 4482 2556 4524 socrus
2588 4463 2878 4525 adversus
2930 4481 3144 4524 nurum
3178 4481 3369 4538 suam,
3404 4472 3460 4524 et
3488 4481 3674 4525 nurus

270 4549 408 4637 τῆς..
437 4591 464 4622 π
540 4549 762 4645 Χριστος
821 4563 919 4640 μέν
968 4549 1132 4640 ἐστιν,
1187 4566 1222 4632 ἡ
1282 4565 1466 4643 εἰρήνη
1533 4549 1705 4639 ὑμῶν,
1767 4565 1927 4647 πλὴν,

2019 4553 2302 4614 adversus
2333 4571 2568 4614 socrum
2602 4571 2793 4615 suam.
2828 4577 2852 4606 η
2889 4553 3164 4614 Christus
3193 4552 3434 4632 quidem
3464 4560 3676 4634 estpax

271 4659 385 4718 Οὔκ
440 4655 626 4731 ἦλθον,
712 4655 896 4736 φησὶν,
968 4655 1187 4730 εἰρήνην
1266 4652 1468 4714 δοῦναι.
1565 4647 1739 4713 ’Ὅθεν
1797 4658 1936 4713 alvi-

271 4769 439 4828 γματι
492 4746 630 4804 ἔοικε
689 4748 750 4802 τὸ
823 4743 1137 4823 λεγόμενον,
1222 4743 1463 4823 Λέγομεν
1541 4745 1653 4820 οὖν,
1743 4747 1814 4809 ὡς
1879 4747 1939 4804 οὗ

271 4844 425 4897 πᾶσα
478 4838 662 4916 εἰρήνη
722 4835 924 4914 ἄψογος
968 4835 1057 4890 καὶ
1119 4831 1288 4912 καλὴ,
1350 4831 1471 4890 ἀλλ’
1531 4833 1674 4892 ἔστιν
1716 4834 1940 4913 ἑπισφα-

272 4929 377 4997 λὴς
436 4923 722 5006 πολλάκις,
781 4925 870 4981 καὶ
935 4922 1113 5003 πόῤῥω
1164 4927 1262 4990 τῆς
1323 4923 1467 4986 θείας
1527 4925 1744 5002 ἀγάπης
1797 4923 1936 5003 βάλ-

272 5017 445 5074 λουσα
480 5031 495 5046 ⁶
543 5015 664 5070 οἷον
722 5013 848 5070 ὅταν
906 5014 1284 5094 εἶρηνεύωμεν,
1320 5015 1407 5070 καὶ
1458 5015 1827 5093 συμφωνῶμεν
1858 5013 1944 5072 ἐπὶ

273 5105 563 5164 καταλύσει
606 5106 704 5171 τῆς
751 5102 998 5170 ἀληθείας
1035 5120 1050 5133 ⁸
1086 5103 1285 5170 ταύτην
1341 5103 1430 5160 οὖν
1460 5104 1560 5171 τὴν
1590 5105 1804 5182 εἰρήνην
1851 5107 1945 5162 οὐκ

276 5196 409 5266 ἦλθε
464 5193 637 5251 δοῦναι
692 5194 942 5270 Χριστὸς,
1000 5191 1299 5250 τουναντίον
1360 5193 1460 5269 μὲν
1530 5191 1620 5248 οὖν
1693 5191 1942 5270 βούλεται

273 5289 426 5363 ἡμᾶς
469 5282 798 5366 διαφέρεσθαι
843 5285 973 5360 πρὸς
1018 5279 1285 5351 ἀλλήλους
1337 5281 1471 5360 ὑπὲρ
1518 5287 1612 5366 τοῦ
1668 5280 1854 5360 καλοῦ,
1917 5283 1946 5336 ὃ

271 5376 365 5434 καὶ
423 5373 479 5430 ἐν
537 5383 613 5448 τῲ
669 5371 890 5451 διωγμῷ
947 5371 1166 5451 γέγονεν
1201 5387 1216 5403 ⁸
1279 5370 1334 5426 ἐν
1365 5371 1437 5428 Evt
1467 5371 1566 5450 γὰρ
1600 5369 1740 5444 οἴκῳ
1768 5371 1947 5452 πατὴρ

271 5462 504 5531 "En-qv
558 5466 654 5538 υἱῷ
731 5466 908 5536 πιστῷ
963 5460 1252 5541 διεφέρετο,
1330 5463 1420 5518 καὶ
1481 5463 1664 5542 μήτηρ
1700 5461 1939 5539 θυγατρὶ,

347 5557 360 5575 ι
460 5555 474 5571 ς
541 5552 565 5574 ν
689 5551 720 5608 λ
909 5557 936 5568 ..
1077 5551 1092 5568 ς
1261 5551 1276 5571 .
1438 5549 1450 5568 ρ
1763 5551 1776 5566 .
1841 5549 1864 5569 ,,

267 5577 363 5614 και
426 5575 487 5609 το
543 5575 684 5630 εμπα
727 5575 795 5614 ιν,
856 5557 974 5613 Πως
1047 5549 1102 5605 δε
1160 5551 1324 5608 είπων
1384 5571 1541 5608 πέντε
1587 5549 1640 5606 ἒν
1701 5548 1948 5623 ένιοικῳ

316 5734 326 5745 ·
349 5711 600 5777 «νινε.
636 5722 802 5788 xm,
838 5711 939 5777 32.

661 5836 922 5898 Ριτειοι..
969 5835 1084 5902 Gn.
1130 5833 1402 5896 CXXIII.

2021 4650 2244 4722 nostra,
2281 4642 2408 4722 sed,
2443 4637 2572 4703 Non
2621 4643 2777 4716 veni,
2813 4641 3028 4721 inquit,
3067 4641 3362 4701 missurus
3414 4659 3616 4722 pacem
3651 4658 3668 4705 :

2021 4731 2178 4793 unde
2207 4731 2576 4809 aenigmatice
2601 4731 2713 4792 hoc
2746 4730 2972 4792 dictum
3020 4738 3135 4792 est.
3191 4729 3460 4792 Dicimus
3491 4731 3674 4811 igitur

2021 4821 2178 4902 quod
2213 4839 2328 4880 non
2363 4821 2556 4881 omnis
2588 4839 2696 4901 pax
2729 4821 3021 4900 vituperio
3053 4829 3242 4894 caret,
3284 4832 3344 4882 et
3375 4820 3530 4883 bona
3557 4831 3668 4894 est,

2025 4909 2130 4971 sed
2165 4919 2254 4970 est
2282 4928 2440 4989 saepe
2489 4929 2598 4990 pax
2650 4909 3004 4990 periculosa.
3040 4921 3098 4970 et
3148 4911 3351 4990 procul
3399 4929 3434 4972 a
3479 4911 3677 4975 divina

2025 4999 2313 5070 charitate
2331 4999 2635 5078 rejiciens,
2663 5009 2870 5080 utpote
2900 4999 3137 5078 quando
3161 5019 3366 5079 pacem
3386 4999 3676 5064 habemus

2027 5098 2086 5150 et
2115 5088 2530 5169 conspiramus
2579 5089 2638 5150 in
2682 5090 3146 5150 destructionem
3192 5091 3477 5154 veritatis.
3509 5087 3676 5153 Hanc

2026 5179 2186 5241 enim
2224 5198 2427 5261 pacem
2455 5199 2571 5240 non
2600 5179 2755 5240 venit
2787 5179 3058 5243 Christus
3087 5187 3150 5239 ut
3179 5180 3368 5260 daret,
3399 5179 3506 5242 sed
3536 5197 3677 5242 con-

2027 5270 2274 5334 trarium
2308 5269 2428 5330 vult
2461 5290 2474 5332 :
2526 5289 2744 5351 nempe
2775 5279 2835 5330 ιιι
2862 5268 3258 5331 dissideamus
3292 5278 3535 5351 propter
3561 5268 3677 5332 bo-

1991 5375 2199 5431 'num,
2227 5359 2388 5438 quod
2420 5367 2478 5420 et
2507 5359 2568 5420 in
2600 5360 3018 5439 persecutione
3047 5359 3264 5420 factum
3296 5367 3409 5422 est.
3452 5357 3519 5422 In
3560 5377 3681 5440 una

2030 5449 2188 5511 enim
2221 5451 2400 5509 domo
2432 5462 2601 5527 pater
2629 5450 2871 5528 gentilis
2902 5467 2936 5509 a
2962 5447 3086 5510 filio
3120 5447 3284 5510 fideli
3337 5447 3675 5528 differebat,

2031 5548 2089 5601 et
2122 5547 2364 5599 matera
2401 5537 2540 5618 filia,
2595 5549 2654 5600 et
2702 5548 2929 5600 contra.
2987 5537 3300 5611 Quomodo
3338 5549 3537 5602 autem
3583 5533 3693 5633 di-i

3251 5821 3352 5884 29.
