4202 6412
533 322 649 393 907

1484 327 2084 393 THEOPHYLACTI
2128 322 2543 391 BULGARI/E
2587 321 2946 391 ARCHIEP.

3803 327 3926 395 908

533 479 1037 561 cendo.Quinque
1063 478 1123 539 in
1153 477 1331 540 domo
1357 497 1475 540 una
1502 478 1672 540 divisi
1709 487 1903 560 erunt,
1939 479 1999 540 in
2033 497 2182 541 cnu—

2271 463 2778 546 διαμεμερισμένους
2870 468 3099 551 ἔσεσθαι,
3173 474 3226 527 ὲν
3304 477 3371 547 τῇ
3442 471 3796 549 ἀπαριθμήσει
3876 471 3930 535 ἓξ

535 569 860 633 meratione
909 586 1011 629 sex
1068 585 1357 647 personas
1406 568 1651 647 posuit?
1700 567 1964 630 Dicimus
2010 567 2189 648 igitur

532 659 686 739 quod
721 675 838 720 una
866 674 1117 737 persona
1144 656 1239 717 his
1259 666 1563 737 assumpta
1589 667 1708 716 est.
1741 656 1886 719 Filia
1915 667 1972 717 et
2003 675 2188 719 nurus

530 748 739 811 eadem
774 758 865 809 est
897 764 1174 827 persona.
1210 745 1357 807 Filia
1389 745 1548 807 enim
1582 746 1825 824 dicitur,
1860 746 1908 807 si
1945 746 2015 807 ad
2053 766 2183 806 ma-

529 846 679 899 trem
710 835 1047 899 referatur:
1084 853 1269 895 nurus
1299 853 1462 908 vero,
1517 835 1566 895 si
1616 837 1688 897 ad
1739 854 2001 898 socrum.
2037 834 2186 897 Tres

529 927 706 1006 igitur
735 924 1123 999 eruntdivisi,
1159 932 1323 1005 pater
1346 932 1403 986 et
1422 933 1613 986 mater
1643 933 1701 985 et
1724 943 1954 1000 socrus,
1980 925 2184 986 adver-

526 1034 630 1079 sus
662 1016 836 1089 duos,
870 1013 1057 1076 ﬁlium
1095 1021 1153 1075 et
1202 1012 1411 1075 ﬁliam.
1465 1012 1615 1074 Filia
1663 1014 1821 1074 enim
1874 1032 2007 1075 cum
2065 1033 2185 1075 una

530 1124 790 1190 persona
816 1104 912 1180 sit,
943 1104 1090 1166 duas
1119 1103 1444 1165 relationes
1468 1104 1744 1185 suscipit,
1769 1113 1829 1166 et
1853 1104 2181 1167 secundum

528 1197 642 1259 hoc
672 1196 908 1257 videtur
929 1194 1146 1273 duplex
1172 1210 1425 1273 persona
1453 1192 1628 1254 matri
1660 1202 1716 1254 et
1748 1212 1922 1255 socru
1951 1193 2180 1255 collata.

531 1285 799 1364 Intelligo
830 1293 1025 1344 autem
1058 1281 1411 1362 simpliciter
1444 1299 1550 1361 per
1586 1292 1816 1361 patrem
1850 1291 1907 1343 et
1938 1291 2182 1344 matrem

529 1384 590 1437 et
617 1392 874 1443 socrum,
926 1379 1125 1432 vetera
1170 1369 1370 1431 omnia
1414 1392 1425 1428 :
1491 1389 1597 1445 per
1644 1370 1829 1432 ﬁlium
1880 1380 2074 1434 autem
2129 1380 2187 1433 et.

529 1464 737 1538 ﬁliam,
774 1461 976 1524 omnia
1020 1477 1191 1520 nova.
1243 1457 1447 1540 Itaque
1486 1459 1773 1521 Dominus
1815 1461 1937 1521 vult
1983 1468 2046 1523 ut
2082 1480 2187 1522 sua

530 1572 680 1615 nova
709 1560 767 1614 et
798 1551 996 1613 divina
1026 1556 1322 1629 praecepta
1354 1556 1411 1611 et
1443 1548 1720 1626 dogmata
1752 1559 2018 1629 pugnent
2050 1570 2183 1612 cum

528 1641 789 1720 antiquis
818 1638 1035 1701 nostris
1063 1636 1368 1700 sceleratis
1394 1637 1663 1699 moribus
1702 1647 1759 1699 et
1790 1638 2182 1718 dogmatibus.

528 1730 797 1810 Intellige
826 1737 1022 1790 autem
1074 1727 1249 1788 etiam
1283 1728 1367 1788 sic
1404 1744 1418 1790 :
1477 1729 1654 1789 Pater
1700 1728 1945 1808 quidem
1991 1748 2183 1810 mens,

528 1822 688 1886 ﬁlius
717 1838 855 1881 vero
884 1817 1059 1880 ratio.
1095 1816 1315 1880 Divisio
1348 1817 1561 1879 horum
1617 1819 1682 1878 ﬁt
1729 1818 1789 1879 in
1836 1837 2188 1901 unaquaque

2270 557 2526 634 πρόσωπα
2570 557 2761 614 τέθεικε
2803 580 2819 631 ;
2857 558 3090 637 Λέγομεν
3124 563 3211 616 οὖν
3269 560 3347 616 ὅτι
3409 564 3464 619 ἓν
3520 562 3807 640 πρόσωπον
3854 559 3926 623 δὶς

2270 647 2501 726 ἐλήφθη.
2552 640 2613 704 Ἠ
2670 649 2903 728 θυγάτηρ
2948 652 3046 730 γὰρ
3091 653 3176 706 καὶ
3207 652 3240 719 ἡ
3275 651 3449 730 νύμφη
3494 652 3554 707 τὸ
3604 654 3725 706 αζτῦ
3756 651 3926 729 πρόσ-

2268 760 2415 793 ωπον
2476 737 2642 818 ἐστιν,
2692 741 2764 803 ὡς
2836 742 2967 818 πρὸς
3028 741 3126 816 μὲν
3186 742 3273 797 οὖν
3336 741 3429 807 τὴν
3487 741 3691 818 μητέρα
3754 762 3927 819 προσ-

2268 824 2691 906 λαμϐανομεκον,
2750 829 2982 909 θυγάτηρ
3027 831 3334 906 ὠνομάσθη,
3399 832 3472 893 ὡς
3531 829 3587 885 δὲ
3647 832 3775 908 πρὸς
3830 831 3928 897 τὴν

2267 917 2542 995 πενθερὰν,
2617 919 2816 998 νύμφη.
2918 929 3073 999 Τρεῖς
3174 920 3263 976 οὖν
3334 918 3540 977 ἔσονται
3612 919 3925 995 διαμεμεριω

2267 1005 2475 1085 σμένοι,
2524 1008 2551 1062 ὁ
2607 1009 2806 1086 πατὴρ,
2866 1010 2951 1064 καὶ
3006 1011 3041 1077 ἡ
3085 1011 3289 1089 μήτηρ,
3337 1011 3424 1065 καὶ
3466 1011 3500 1077 ἡ
3562 1010 3806 1088 πενθερὰ,
3841 1008 3924 1064 ἐπὶ

2267 1093 2402 1172 δυσὶ,
2448 1096 2683 1153 τουτέστι
2744 1105 2818 1172 τῷ
2874 1102 2969 1173 υίῴ
3011 1101 3099 1155 καὶ
3142 1101 3209 1175 τῇ
3253 1100 3487 1177 θυγατρί,
3552 1089 3613 1155 Ἠ
3672 1100 3771 1176 γὰρ
3829 1102 3925 1154 θυ-

2267 1186 2461 1266 γάτηρ,
2523 1190 2595 1250 ὡς
2682 1186 2902 1268 ἔφαμεν,
2964 1189 3019 1244 ἓν
3085 1189 3366 1267 πρόσωπον
3432 1189 3579 1261 οὖσα,
3636 1190 3764 1244 καθὸ
3836 1186 3923 1243 δύο

2269 1276 2482 1355 σχέσεις
2517 1274 2857 1357 ἀναδέχεται,
2904 1280 3040 1334 κατὰ
3078 1282 3233 1337 τοῦτο
3282 1277 3431 1335 δοκεῖ
3462 1282 3600 1334 εἶναι
3632 1276 3721 1335 δύυ
3750 1279 3920 1355 πρόσ-

2268 1388 2414 1438 πωα,
2467 1372 2537 1443 τῇ
2578 1370 2739 1445 μητρὶ
2789 1368 3193 1443 προστεθημένη
3253 1370 3339 1425 καὶ
3395 1370 3463 1437 τῇ
3514 1371 3759 1445 πενθερᾷ.
3799 1367 3919 1425 Χάει

2268 1453 2323 1511 δέ
2377 1478 2468 1531 μοι
2527 1455 2710 1522 ἁπλῶς
2794 1457 2993 1535 πατέρα
3068 1459 3152 1513 καὶ
3235 1457 3439 1535 μητέρα
3529 1459 3613 1513 καὶ
3673 1457 3920 1534 πενθερὰν

2268 1546 2440 1602 πάντα
2493 1546 2558 1601 τά
2611 1545 2838 1625 παλαιὰ,
2894 1545 3101 1619 υἱὸνδέ
3174 1549 3262 1602 καὶ
3317 1546 3597 1625 θυγατέρα,
3646 1548 3815 1602 πάντα
3855 1546 3918 1600 τὰ

2269 1635 2359 1692 νέα
2388 1654 2404 1671 ⁶
2468 1637 2495 1691 ὁ
2544 1638 2715 1693 τοίνυν
2772 1637 2959 1715 Κύριος
3005 1642 3133 1692 πᾶσι
3191 1649 3309 1700 τοῖς
3356 1634 3610 1699 παλαιοῖς
3654 1637 3807 1709 ἡμῶν
3835 1636 3921 1691 καὶ

2270 1723 2614 1801 ἁμαρτωλοῖς
2674 1724 2809 1782 ἔθεσι
2868 1738 2955 1781 καί
2999 1723 3226 1803 δόγμασι
3287 1726 3553 1805 μάχεσθαι
3598 1725 3663 1780 τὰ
3693 1724 3782 1780 νέα
3835 1726 3922 1779 καὶ

2268 1817 2388 1870 θεῖα
2448 1815 2604 1871 αὒτοῦ
2667 1813 2969 1890 ἐντάλματα
3029 1816 3114 1870 καὶ
3174 1814 3413 1893 δόγματα
3469 1814 3741 1891 βούλεται.
3798 1813 3953 1872 Νόεις

525 1911 730 1984 domo,
782 1907 1042 1970 hominis
1091 1904 1361 1986 inquam,
1422 1914 1487 1966 ut
1546 1906 1917 1970 manifestius
1965 1895 2181 1987 dicam,

2270 1900 2324 1958 δὲ
2382 1904 2469 1959 καὶ
2519 1901 2705 1968 οὕτως’
2764 1903 2941 1981 Ποτὴρ
2999 1902 3097 1977 μὲν
3155 1905 3181 1959 ὃ
3224 1904 3365 1978 νοῧς,
3424 1903 3534 1964 υίὸς
3578 1899 3633 1957 δὲ
3663 1902 3690 1957 ὁ
3733 1899 3915 1979 λόγος,

525 2000 822 2062 illustrata
851 1995 960 2058 fuit
990 2013 1161 2056 mens
1206 1992 1470 2073 Dionysii
1518 1995 1909 2079 Areopagitas,
1941 2006 2000 2059 et
2030 2018 2184 2079 pra}-

526 2088 884 2151 dicationem
910 2083 1194 2165 suscepit,
1218 2084 1568 2165 repugnavit
1595 2093 1791 2147 autem
1817 2087 1949 2167 ejus
1975 2090 2181 2163 menti,

525 2196 661 2261 quas
693 2186 807 2239 tam
841 2174 1117 2237 alacriter
1165 2172 1343 2234 ﬁdem
1399 2174 1684 2255 suscepit,
1736 2176 1974 2254 gentilis
2012 2180 2182 2253 ratio,

528 2275 763 2330 tentans
805 2263 1123 2326 ostendere
1172 2262 1505 2325 dialecticis
1556 2265 1893 2339 tendiculis,
1941 2275 2008 2330 ut
2054 2267 2186 2329 illas

527 2363 903 2437 sequeretur.
935 2352 1116 2414 Vides
1139 2352 1493 2415 divisionem
1522 2353 1705 2435 patris
1728 2363 1786 2415 et
1816 2355 1919 2417 ﬁlii
1949 2356 2105 2419 inter
2120 2378 2185 2420 se

526 2442 990 2527 repugnantium
1010 2449 1257 2522 propter
1269 2441 1568 2503 Christum
1595 2452 1654 2503 et
1671 2445 2188 2521 praedicationem?

528 2537 775 2595 Matrem
812 2549 1049 2612 quoque
1075 2539 1134 2592 et
1165 2548 1399 2591 socrum
1427 2532 1670 2594 vocabis
1701 2537 2183 2611 mentem,ﬁlium

528 2641 668 2685 vero
704 2630 763 2684 et
818 2638 1031 2682 nurum
1084 2637 1377 2681 sensum:
1426 2622 1564 2681 ’582
1621 2629 1678 2683 et
1727 2623 1885 2685 inter
1937 2625 2040 2686 has
2099 2636 2186 2688 est

530 2732 726 2795 pugna
755 2720 1003 2793 prapter
1024 2709 1348 2791 Christum,
1377 2711 1725 2791 insurgente
1753 2725 1952 2778 mente
1982 2728 2185 2780 contra

529 2821 769 2864 sensum
808 2819 822 2862 :
879 2799 1117 2881 quando
1165 2817 1334 2860 mens
1393 2801 1600 2862 suadet
1647 2804 2016 2881 praeferenda
2064 2827 2183 2870 non

529 2893 683 2953 ﬂuxa
715 2889 910 2963 ﬂuxis,
968 2887 1410 2969 invisibiliaque
1470 2890 1828 2967 visibilibus,
1883 2893 2182 2977 habetque

525 2980 599 3041 ad
633 2980 749 3041 hoc
777 2978 1314 3040 demonstrationes
1366 2981 1578 3041 multas
1629 2982 1973 3061 adjutrices.
2000 2984 2179 3048 Com-

528 3069 782 3130 mittitur
811 3077 1006 3128 autem
1042 3075 1100 3128 et
1132 3066 1352 3128 bellum
1403 3086 1613 3132 sensus
1653 3082 1856 3134 contra
1890 3085 2176 3137 mentem.

528 3157 755 3220 Sensus
788 3157 947 3218 enim
984 3174 1090 3237 per
1122 3157 1402 3218 miracula
1432 3166 1493 3220 et
1528 3159 1692 3237 signa
1725 3179 1856 3241 quae
1902 3163 2182 3227 videntur

2271 1993 2530 2067 μερισμὸς
2575 2003 2661 2051 οὖν
2716 1994 2913 2049 τούτων
2966 1992 3172 2071 ἐγένετο
3202 1992 3255 2048 ἐν
3286 1995 3362 2067 τῷ
3404 1992 3478 2047 ἐνὶ
3507 1990 3665 2063 οἴκῳ,
3698 1997 3775 2064 τῷ
3833 1990 3919 2044 ἀν·

2270 2083 2463 2159 θρώπῳ
2505 2084 2666 2161 φημὶ,
2700 2086 2817 2139 οἷον
2867 2082 2957 2139 ἵνα
3018 2082 3335 2161 σαφέστερον
3389 2079 3553 2153 εἴπω,
3617 2079 3917 2156 ἐνελάμφθη

2270 2175 2297 2228 ί)
2352 2180 2466 2239 νοῦς
2507 2174 2600 2230 τοῦ
2643 2172 3019 2251 Ἀρεοπαγίτου
3066 2177 3355 2245 Διονυσίου,
3408 2173 3497 2227 καὶ
3555 2175 3615 2227 τὸ
3672 2172 3919 2248 κήρυγμα

2268 2260 2476 2328 ἒδέξατο
2513 2283 2523 2294 ·
2586 2262 2859 2319 ἀνθίστατο
2915 2261 2967 2318 δὲ
3015 2264 3201 2320 τούτου
3257 2266 3333 2335 τῷ
3380 2264 3466 2318 νο³ι
3527 2268 3603 2334 τῷ
3647 2257 3920 2315 ἀναποδεί-

2268 2374 2408 2416 κτως
2466 2348 2731 2427 δεξαμένῳ
2788 2354 2887 2420 τὴν
2943 2354 3118 2408 πίστιν
3189 2354 3216 2406 ὁ
3283 2349 3442 2428 λόγος
3496 2352 3523 2405 ὃ
3576 2348 3917 2422 Ἐλλτινικὸς,

2269 2439 2628 2497 ἀποδεικνύειν
2713 2443 3065 2522 πειρώμενος,
3148 2443 3236 2497 καὶ
3294 2439 3655 2501 διαλεκτικαῒς
3707 2436 3912 2517 ἐφόδοις

2268 2530 2578 2588 ἀκολουθεῖν
2635 2531 2965 2611 ἀναγκάζων,
3035 2525 3188 2609 Ὀρᾷς
3249 2530 3503 2608 μερισμὸν
3561 2529 3759 2607 πατρὸς
3831 2529 3916 2582 καὶ

2264 2623 2376 2678 υἱοῦ
2431 2623 2759 2699 μαχομένων
2790 2621 3045 2691 ἀλλήλοις
3090 2620 3174 2676 διὰ
3220 2622 3442 2699 Χριστὸν
3492 2619 3579 2674 καὶ
3635 2620 3694 2674 τὸ
3744 2620 3913 2696 κήρυ-

2268 2734 2379 2789 γμα
2413 2730 2430 2792 ;
2466 2713 2561 2769 Καὶ
2592 2711 2796 2790 μητέρα
2847 2712 2899 2768 δὲ
2957 2714 3045 2768 καὶ
3100 2711 3351 2789 πενθερὰν
3405 2708 3653 2771 καλέσαις
3708 2708 3769 2763 ἂν
3817 2708 3915 2774 τὴν

2267 2798 2520 2880 διάνοιαν,
2581 2801 2837 2881 θυγατέρα
2914 2799 2967 2857 δὲ
3052 2802 3139 2856 καὶ
3197 2800 3403 2879 νύμφην
3482 2799 3578 2865 τὴν
3638 2798 3910 2864 αἴσθησιν.

2270 2890 2366 2946 Καὶ
2422 2890 2636 2955 ταύταις
2695 2890 2783 2947 οὖν
2860 2891 3017 2969 μάχη
3093 2888 3309 2944 ἵσταται
3379 2884 3461 2942 διὰ
3527 2888 3773 2965 Χριστὸν,
3849 2892 3914 2960 τῇ

2265 2981 2363 3055 μὲν
2421 2978 2619 3053 διανοίᾳ
2674 2982 2809 3037 κατὰ
2905 2985 3002 3047 τῆς
3088 2980 3367 3052 αἱθήσεως,
3439 2976 3564 3032 ὅταν
3624 2978 3659 3044 ἡ
3713 2974 3910 3031 διάνοια

2264 3070 2416 3146 πείθῃ
2474 3076 2736 3147 προτιμᾷν
2811 3071 2878 3125 τὰ
2953 3070 3031 3145 μὴ
3101 3068 3287 3146 ῥευστὰ
3358 3069 3462 3122 τῶν
3536 3066 3788 3143 ῥευστῶν,
3849 3067 3913 3121 τα

2263 3160 2460 3239 ἀόρατα
2516 3166 2622 3218 τῶν
2686 3161 2887 3238 ὁρατῶν
2953 3160 3041 3215 καὶ
3123 3157 3228 3237 ἔχη
3290 3159 3418 3235 πρὸς
3478 3162 3634 3212 τοῦτο
3710 3153 3910 3218 πολλὰς

528 3248 855 3328 perductus
888 3245 960 3307 ad
993 3246 1194 3320 ﬁdem,
1228 3265 1343 3307 non
1373 3248 1563 3308 credit
1615 3250 1830 3312 mentis
1869 3253 2178 3331 cogitatio-

2266 3248 2551 3315 ἀποδείξεις
2604 3251 2905 3328 συνεργούς,
2959 3248 3125 3308 ’Ἔστι
3183 3245 3237 3302 δὲ
3295 3247 3381 3302 ὅτε
3438 3248 3526 3302 καὶ
3569 3251 3636 3322 τῇ
3679 3247 3910 3315 αἰσθήσει

527 3336 749 3399 nibus:
804 3354 998 3417 neque
1052 3335 1211 3396 enim
1270 3336 1580 3414 gentilium
1641 3339 2180 3407 demonstrationes

526 3431 649 3493 vult
678 3428 871 3511 sequi,
906 3444 1037 3509 quae
1080 3425 1443 3505 compellunt
1493 3427 1608 3489 illis
1652 3431 2029 3494 attendentes
2062 3452 2179 3496 non

531 3520 779 3584 credere
811 3518 965 3598 quod
995 3516 1151 3605 Deus
1168 3514 1359 3605 factus
1385 3518 1460 3578 sit
1488 3518 1691 3593 homo,
1717 3521 1806 3581 vel
1833 3522 1986 3602 quod
2014 3525 2177 3605 virgo

530 3610 781 3692 peperit.
822 3603 1180 3685 Hujusmodi
1211 3612 1345 3666 sunt
1393 3607 1706 3685 gentilium
1761 3603 2175 3687 deliramenta,

525 3707 755 3783 naturae
810 3694 1156 3783 servientia,
1214 3693 1288 3756 At
1335 3713 1546 3756 sensus
1580 3716 1686 3776 per
1740 3699 2023 3763 miracula
2054 3722 2185 3783 quae

526 3781 830 3866 videntur,
858 3781 1232 3864 praestantior
1253 3783 1415 3843 omni
1446 3784 1953 3852 demonstratione
1972 3781 2085 3857 est.
2110 3792 2183 3854 ad

526 3877 631 3940 Dei
664 3874 1066 3954 cognitionem
1101 3872 1537 3936 manuducens.
1590 3874 1720 3937 Non
1763 3880 1955 3941 omnis
2004 3880 2184 3959 igitur

526 3984 634 4047 pax
666 3973 724 4025 et
753 3961 1078 4051 concordia
1109 3960 1266 4021 bona
1303 3971 1410 4034 est.
1451 3964 1554 4024 sed
1589 3973 1677 4026 est
1705 3968 1939 4047 quando
1974 3978 2031 4031 et
2068 3990 2178 4051 pu-

527 4072 646 4137 gna
706 4061 766 4114 et
822 4050 1133 4112 dissidium
1195 4051 1392 4112 divina
1456 4054 1721 4133 quaedam
1775 4074 1872 4117 res
1924 4050 2176 4126 videtur.

526 4142 744 4206 Nullus
772 4141 951 4221 igitur
997 4148 1156 4201 amet
1204 4139 1413 4214 malos,
1469 4150 1526 4202 et
1584 4146 1850 4224 quamvis
1908 4157 2077 4227 pater
2124 4158 2183 4212 et

530 4240 715 4296 mater
746 4232 1140 4293 adversentur
1175 4229 1287 4309 legi
1319 4228 1565 4301 Christi,
1604 4237 2058 4315 repugnandum
2093 4249 2183 4301 est

527 4323 616 4383 eis
652 4321 897 4402 perinde
926 4340 995 4381 ac
1030 4318 1302 4382 hostibus
1333 4321 1619 4386 veritatis.

2263 3341 2399 3399 κατὰ
2456 3340 2553 3407 τῆς
2634 3337 2862 3404 διανοίας
2944 3337 3178 3413 πόλεμος
3231 3348 3601 3416 συγκροτεῖται
3637 3354 3652 3369 ⁶
3726 3336 3758 3401 ἡ
3816 3336 3915 3415 γὰρ

2264 3428 2515 3497 αἴσθησις
2603 3428 2687 3485 διὰ
2768 3436 2874 3487 τῶν
2960 3430 3241 3504 θαυμάτων
3308 3427 3396 3482 καὶ
3469 3431 3573 3481 τῶν
3630 3424 3912 3505 ὁρωμένων

2263 3520 2500 3595 σημείων
2560 3517 3033 3599 χειραγωγουμένη
3109 3517 3239 3597 πρὸς
3296 3519 3491 3590 πίστιν,
3570 3516 3629 3571 ού
3684 3515 3913 3571 πείθεται

2263 3623 2379 3673 τοῖς
2423 3614 2522 3676 τῆς
2581 3606 2809 3665 διανοίας
2860 3606 3168 3687 λογισμοῖς,
3223 3604 3337 3663 οὔδε
3382 3618 3504 3669 ταῖς
3562 3603 3911 3670 Ἑλληνικαῖς

2267 3697 2591 3765 ἀποδείξεσιν
2645 3698 2859 3755 ἕπεσθαι
2903 3695 3171 3775 βούλεται,
3231 3694 3745 3772 σοναναγκαζούσαις
3794 3696 3909 3758 τοὺς

2267 3788 2633 3868 προσέχοντας
2692 3790 2879 3850 αὗταῐς
2924 3786 3002 3863 μὴ
3045 3785 3325 3856 πιστεύειν,
3390 3782 3470 3841 ὅτι
3521 3785 3646 3848 Θεὸς
3697 3783 3908 3863 γέγονεν

2266 3878 2560 3957 ἅνθρωπος,
2620 3878 2656 3946 ἢ
2715 3876 2794 3934 ὅτι
2854 3876 3105 3955 παρθένος
3167 3874 3333 3935 ἔτεκε.
3417 3882 3642 3933 Τοιαῦτα
3694 3875 3793 3953 γὰρ
3850 3876 3910 3930 τὸ

2264 3974 2369 4024 τῶν
2434 3969 2583 4047 φύσει
2640 3966 2988 4024 δουλεύοντων
3061 3963 3389 4034 Ἑλληνικῶν
3461 3963 3731 4043 λογισμῶν
3802 3963 3909 4032 λη-

2264 4059 2499 4134 ρήματα.
2577 4048 2638 4114 Ἠ
2697 4057 2876 4133 μέντοι
2964 4056 3214 4123 αἴσθησις
3296 4053 3379 4110 διὰ
3443 4056 3549 4111 τῶν
3629 4054 3911 4133 ὁρωμένων

2263 4146 2543 4226 θαυμάτων
2628 4148 2880 4225 κρείττων
2962 4146 3141 4213 πάσης
3228 4143 3539 4210 ἀποδείξεώς
3597 4145 3706 4201 ἐστι
3778 4147 3908 4224 πρὸς

2261 4241 2580 4320 θεογνωσίαν
2640 4237 2977 4318 χειραγωγός
3016 4253 3028 4266 ·
3111 4237 3171 4292 οὗ
3221 4242 3364 4292 πᾶσα
3424 4242 3510 4291 οὖν
3571 4237 3754 4314 εἰρήνη
3824 4237 3909 4291 καὶ

2265 4329 2540 4411 συμφωνία
2582 4326 2770 4405 καλὸν,
2824 4324 2944 4382 ἀλλ’
3002 4324 3143 4382 ἔστιν
3196 4323 3283 4382 ὅτε
3341 4327 3428 4381 καὶ
3484 4323 3642 4404 μάχη
3673 4327 3761 4381 καὶ
3792 4323 3904 4381 διά-

525 4416 709 4476 στασις
767 4412 911 4467 θεῖόν
956 4434 1003 4466 τι
1049 4415 1241 4489 χρῆμα
1292 4409 1443 4469 δοκεῖ
1476 4430 1488 4442 ·
1538 4414 1722 4489 μηδεὶς
1783 4418 1951 4475 τοίνυν
2009 4422 2294 4499 φιλιαζέτω
2338 4409 2453 4482 τοῖς
2496 4429 2778 4495 πονηροῖς,
2813 4414 2950 4471 ἀλλά
2990 4414 3087 4471 κᾶν
3115 4414 3314 4494 πατὴρ,
3349 4414 3445 4469 κᾶν
3475 4415 3656 4494 μήτηρ
3687 4414 3909 4471 ἐναντίοι

524 4503 862 4575 εύρίσκωνται
893 4508 969 4573 τῷ
1004 4499 1228 4570 Χριστοῦ
1257 4501 1428 4575 νόμῳ,
1459 4505 1796 4578 πολεμητέον
1830 4512 2015 4571 αὺτοῖς
2047 4511 2118 4573 ὡς
2150 4510 2244 4578 τῆς
2275 4508 2524 4576 ἀληθείας
2557 4508 2798 4586 ἐχθροῖς,

612 4589 793 4651 Vsus.
828 4588 1040 4649 54-59.
1080 4608 1106 4643 α
1145 4588 1387 4649 Dicebat
1416 4601 1611 4653 autem
1648 4594 1719 4655 ad
1757 4595 1994 4658 turbas:
2036 4598 2179 4660 Cum

2357 4620 2379 4652 (ι
2417 4584 2629 4676 ’Ἔλεγε
2675 4594 2728 4651 δὲ
2775 4609 2891 4659 τοῖς
2954 4592 3168 4673 ὄχλοις,
3232 4584 3408 4652 ’Ὅταν
3466 4591 3619 4661 ἴδητε
3683 4594 3907 4671 νεφέλην

524 4678 793 4739 videritis
817 4676 1034 4738 nubem
1060 4676 1350 4739 orientem
1376 4678 1448 4739 ab
1472 4699 1711 4756 occasu,
1738 4688 1935 4745 statim
1958 4686 2175 4761 dicitis,

2266 4674 2653 4745 ἀνατέλλουσαν
2703 4686 2809 4742 ἀπὸ
2864 4682 3098 4760 δυσμῶν,
3153 4683 3341 4748 εὐθέως
3387 4682 3592 4762 λέγετε,
3640 4683 3721 4739 ὅτι
3756 4674 3910 4758 ’Ὀμ-

524 4767 720 4858 imber
751 4767 934 4858 venit,
968 4774 1025 4827 et
1055 4766 1135 4826 ita
1166 4767 1233 4858 ﬁt
1278 4787 1291 4826 :
1351 4777 1407 4829 et
1442 4789 1574 4830 cum
1607 4781 1873 4833 austrum
1909 4775 2175 4853 ﬂantem,

2266 4776 2386 4858 ϐρος
2436 4776 2674 4857 ἔρχεται,
2735 4777 2823 4832 καὶ
2893 4775 3090 4853 γίνεται
3156 4773 3318 4839 οῧτως
3353 4790 3367 4805 ⁸
3426 4776 3513 4830 καὶ
3570 4773 3697 4829 ὅταν
3763 4775 3912 4829 νότον

523 4857 721 4918 dicitis
752 4857 906 4937 quod
943 4864 1119 4916 aestus
1152 4856 1287 4936 erit,
1325 4866 1382 4917 et
1426 4861 1510 4922 ﬁt.
1558 4859 1915 4943 Hypocrilaz,
1970 4865 2174 4926 faciem

2266 4867 2508 4941 πνέοντα,
2576 4866 2755 4944 λέγετε
2838 4864 2918 4922 ὅτι
3004 4864 3225 4922 Καύσων
3295 4862 3464 4938 ἔσται,
3526 4865 3613 4919 καὶ
3686 4866 3908 4942 γίνεται,

523 4946 661 5008 εωιί
696 4955 754 5007 et
786 4956 962 5007 terrae
994 4946 1181 5036 nostis
1231 4946 1510 5030 probare,
1546 4952 1658 5011 hoc
1708 4962 1902 5014 autem
1947 4964 2180 5036 tempus

2266 4948 2596 5036 Τποκριταὶ,
2652 4958 2713 5011 τὸ
2757 4955 3042 5035 πρόσωπον
3086 4958 3183 5021 τῆς
3242 4959 3345 5032 γῆς
3398 4955 3485 5010 καὶ
3540 4960 3633 5009 του
3694 4957 3909 5031 οὖρανοῦ

519 5036 621 5117 qui
649 5036 712 5099 ﬁt
744 5044 807 5097 ut
839 5055 954 5126 non
989 5035 1302 5126 probetis?
1351 5038 1467 5099 Cur
1515 5050 1709 5103 autem
1760 5061 1827 5102 ex
1864 5035 2179 5126 vobisipsis

2266 5035 2443 5104 οἴδατε
2502 5044 2824 5121 δοκιμάζειν,
2888 5048 2979 5101 τὸν
3063 5043 3118 5099 δὲ
3189 5045 3377 5123 καιρὸν
3446 5049 3629 5100 τοῦτον
3680 5044 3797 5105 πῶς
3854 5043 3912 5098 οὖ

525 5124 935 5203 nonjudicatis
956 5124 1357 5203 quodjustum
1383 5128 1504 5189 est?
1522 5128 1664 5191 Cum
1686 5131 1841 5192 enim
1865 5134 2024 5195 vadis
2044 5124 2173 5197 cum

2266 5134 2621 5211 Boxq.'ci§5‘te,'
2695 5135 2755 5192 Τί
2817 5132 2871 5190 δὲ
2930 5134 3017 5190 καὶ
3084 5132 3173 5212 ἀφ’
3226 5132 3424 5189 ἑαυτῶν
3483 5135 3542 5189 οὗ
3598 5134 3795 5211 κρίνετε
3853 5132 3911 5187 τὸ

524 5214 861 5304 adversario
889 5223 984 5304 tuo
1125 5216 1553 5293 magistratum,
1599 5220 1658 5281 in
1687 5221 1775 5281 via
1808 5221 1881 5282 da
1906 5242 2172 5303 operam,

2266 5223 2511 5297 ’δίκαιον;
2573 5216 2666 5289 Ὠς
2726 5225 2825 5304 γὰρ
2880 5225 3102 5301 ὑπάγεις
3175 5223 3308 5298 μετὰ
3366 5232 3457 5281 τοῦ
3514 5222 3773 5278 ἀντιδίκου
3817 5242 3909 5277 σου

527 5311 588 5363 ut
610 5303 983 5394 libererisab
1016 5303 1144 5394 i!lo,
1180 5323 1254 5365 ne
1306 5305 1457 5368 forte
1493 5311 1791 5389 pertrahat
1823 5320 1876 5371 te
1907 5311 1977 5372 ad
2004 5313 2172 5392 judi-

2266 5313 2343 5370 ἐπ’
2405 5314 2667 5394 ἄρχοντα,
2731 5303 2897 5391 ἐνγτῇ
2953 5310 3057 5388 ὁδῷ
3113 5310 3200 5376 δὸς
3275 5311 3517 5391 ἐργασίαν
3562 5310 3908 5392 απηλλάχθαι

524 5400 682 5482 dem,
717 5392 982 5482 etjudex
1014 5391 1208 5452 tradat
1240 5401 1294 5482 te
1326 5400 1609 5479 exactori,
1642 5408 1698 5460 et
1725 5408 1964 5462 exactor
1993 5391 2176 5482 conji-

2266 5404 2353 5460 ἀπ’
2412 5406 2591 5478 αὖτοῦ,
2646 5406 2722 5480 μή
2768 5426 2897 5461 ποτε
2953 5403 3220 5482 κατασύρῃ
3277 5422 3334 5458 σε
3378 5403 3506 5479 πρὸς
3562 5404 3654 5457 τὸν
3697 5391 3908 5481 κριτὴν,

524 5481 640 5572 ciat
668 5489 726 5540 te
773 5480 1195 5572 incarcerem.
1248 5481 1397 5548 Dico
1447 5488 1574 5564 tibi,
1627 5508 1742 5551 non
1787 5489 1977 5552 exibis
2009 5480 2174 5569 inde,

2266 5494 2346 5549 καὶ
2431 5496 2459 5550 ὁ
2532 5494 2715 5572 κριτὴς
2786 5491 2845 5550 σε
2915 5480 3163 5571 παραδῴγ
3224 5498 3301 5565 τῷ
3370 5491 3648 5569 πράκτορι,
3722 5480 3810 5549 καὶ
3881 5493 3907 5545 ὁ

526 5571 718 5631 donec
750 5569 1020 5663 ultimum
1049 5570 1254 5663 “etiam
1306 5574 1601 5639 minutum
1654 5578 1891 5641 reddas.
1936 5605 1958 5638 ιι
2002 5583 2175 5643 Post-

2266 5581 2511 5661 πράκτωρ
2561 5569 2617 5639 σε
2687 5583 2827 5661 βάλῃ
2888 5585 2961 5646 εἰς
2996 5569 3253 5663 -φυλακήν
3290 5596 3302 5610 ³
3357 5577 3499 5657 λέγω
3543 5603 3648 5653 σοι,
3716 5583 3775 5637 0'3
3830 5582 3906 5655 μὴ

528 5675 703 5744 quam
769 5657 848 5721 de
906 5659 1328 5739 pradicatione
1384 5664 1691 5743 disseruit,
1750 5668 2068 5752 ignemque
2119 5682 2177 5734 et

2266 5657 2493 5750 ἐξέλθῃς⁷
2559 5657 2812 5751 ἐκεῖθεν,
2870 5674 2973 5738 ἕως
3029 5657 3101 5729 ὀὗ
3161 5672 3247 5729 καὶ
3296 5670 3363 5725 τὸ
3421 5668 3646 5753 ἔσχατον
3716 5671 3907 5730 λεπτὸν
