  <div class='ocr_page' id='page_1' title='image "/cluster/home/n/w/nwhite01/storage/ocr_20150623/123:no.1/coo.31924054870286/466.png"; bbox 0 0 4202 6398; ppageno 0'>
   <div class='ocr_carea' id='block_1_1' title="bbox 330 401 446 467">
    <p class='ocr_par' dir='ltr' id='par_1_1' title="bbox 330 401 446 467">
     <span class='ocr_line' id='line_1_1' title="bbox 330 401 446 467; baseline 0 -1"><span class='ocrx_word' id='word_1_1' title='bbox 330 401 446 467; x_wconf 76' lang='grc'><strong>917</strong></span> 
     </span>
    </p>
   </div>
   <div class='ocr_carea' id='block_1_2' title="bbox 1058 401 2990 471">
    <p class='ocr_par' dir='ltr' id='par_1_2' title="bbox 1058 401 2990 471">
     <span class='ocr_line' id='line_1_2' title="bbox 1058 401 2990 471; baseline 0.001 -4"><span class='ocrx_word' id='word_1_2' title='bbox 1058 405 1503 470; x_wconf 79' lang='lat' dir='ltr'><strong>ENARRATIO</strong></span> <span class='ocrx_word' id='word_1_3' title='bbox 1531 408 1612 470; x_wconf 91' lang='lat' dir='ltr'><strong>IN</strong></span> <span class='ocrx_word' id='word_1_4' title='bbox 1659 404 2168 470; x_wconf 84' lang='lat' dir='ltr'><strong>EVANGELIUM</strong></span> <span class='ocrx_word' id='word_1_5' title='bbox 2215 401 2459 469; x_wconf 69' lang='lat' dir='ltr'><strong>LUCA‘J.</strong></span> <span class='ocrx_word' id='word_1_6' title='bbox 2506 440 2584 450; x_wconf 97' lang='lat'><strong>—</strong></span> <span class='ocrx_word' id='word_1_7' title='bbox 2627 406 2793 471; x_wconf 84' lang='lat' dir='ltr'><strong>CAP.</strong></span> <span class='ocrx_word' id='word_1_8' title='bbox 2830 407 2990 471; x_wconf 85' lang='lat' dir='ltr'><strong>XIII.</strong></span> 
     </span>
    </p>
   </div>
   <div class='ocr_carea' id='block_1_3' title="bbox 3599 354 3728 471">
    <p class='ocr_par' dir='ltr' id='par_1_3' title="bbox 3599 354 3728 471">
     <span class='ocr_line' id='line_1_3' title="bbox 3599 354 3728 471; baseline 0.008 -2"><span class='ocrx_word' id='word_1_9' title='bbox 3599 375 3667 470; x_wconf 72' lang='grc' dir='ltr'><strong>οἰ</strong></span> <span class='ocrx_word' id='word_1_10' title='bbox 3681 354 3728 471; x_wconf 64' lang='grc' dir='ltr'><strong>8ἶ</strong></span> 
     </span>
    </p>
   </div>
   <div class='ocr_carea' id='block_1_4' title="bbox 327 510 2003 625">
    <p class='ocr_par' dir='ltr' id='par_1_4' title="bbox 327 533 1975 620">
     <span class='ocr_line' id='line_1_4' title="bbox 327 533 1975 620; baseline 0.004 -27"><span class='ocrx_word' id='word_1_11' title='bbox 327 537 492 600; x_wconf 75' lang='grc' dir='ltr'>ὀκτώ.</span> <span class='ocrx_word' id='word_1_12' title='bbox 569 534 746 602; x_wconf 77' lang='grc' dir='ltr'>’Ίσως</span> <span class='ocrx_word' id='word_1_13' title='bbox 819 537 919 616; x_wconf 77' lang='grc' dir='ltr'><strong>γὰρ</strong></span> <span class='ocrx_word' id='word_1_14' title='bbox 986 533 1072 594; x_wconf 81' lang='grc' dir='ltr'><strong>διὰ</strong></span> <span class='ocrx_word' id='word_1_15' title='bbox 1155 537 1462 614; x_wconf 85' lang='grc' dir='ltr'>πταίσματά</span> <span class='ocrx_word' id='word_1_16' title='bbox 1543 561 1661 597; x_wconf 89' lang='grc' dir='ltr'>τινα</span> <span class='ocrx_word' id='word_1_17' title='bbox 1744 539 1975 620; x_wconf 80' lang='grc' dir='ltr'>ἐγκατα-</span> 
     </span>
    </p>
   </div>
   <div class='ocr_carea' id='block_1_5' title="bbox 2089 510 3730 625">
    <p class='ocr_par' dir='ltr' id='par_1_5' title="bbox 2089 510 3730 625">
     <span class='ocr_line' id='line_1_5' title="bbox 2089 510 3730 625; baseline -0.001 -24"><span class='ocrx_word' id='word_1_18' title='bbox 2089 539 2219 601; x_wconf 90' lang='lat' dir='ltr'><strong>nala</strong></span> <span class='ocrx_word' id='word_1_19' title='bbox 2241 540 2518 603; x_wconf 86' lang='lat' dir='ltr'><strong>humanis</strong></span> <span class='ocrx_word' id='word_1_20' title='bbox 2550 541 2902 623; x_wconf 86' lang='lat' dir='ltr'><strong>corporibus</strong></span> <span class='ocrx_word' id='word_1_21' title='bbox 2933 510 3113 606; x_wconf 86' lang='lat' dir='ltr'><strong>Satan</strong></span> <span class='ocrx_word' id='word_1_22' title='bbox 3155 542 3356 618; x_wconf 80' lang='lat' dir='ltr'><strong>infert,</strong></span> <span class='ocrx_word' id='word_1_23' title='bbox 3393 541 3637 625; x_wconf 83' lang='lat' dir='ltr'><strong>quando</strong></span> <span class='ocrx_word' id='word_1_24' title='bbox 3669 511 3730 603; x_wconf 77' lang='lat' dir='ltr'><strong>ei</strong></span> 
     </span>
    </p>
   </div>
   <div class='ocr_carea' id='block_1_6' title="bbox 327 625 1986 708">
    <p class='ocr_par' dir='ltr' id='par_1_6' title="bbox 327 625 1986 708">
     <span class='ocr_line' id='line_1_6' title="bbox 327 625 1986 708; baseline 0.001 -25"><span class='ocrx_word' id='word_1_25' title='bbox 327 629 638 707; x_wconf 72' lang='grc' dir='ltr'>λειφθετσαν</span> <span class='ocrx_word' id='word_1_26' title='bbox 692 627 795 683; x_wconf 74' lang='grc' dir='ltr'>ὑπὸ</span> <span class='ocrx_word' id='word_1_27' title='bbox 856 634 988 685; x_wconf 87' lang='grc' dir='ltr'>Θεοῦ</span> <span class='ocrx_word' id='word_1_28' title='bbox 1039 625 1358 706; x_wconf 72' lang='grc' dir='ltr'>ἐτιμωρεῖτο</span> <span class='ocrx_word' id='word_1_29' title='bbox 1410 629 1438 683; x_wconf 80' lang='grc' dir='ltr'><strong><em>ὃ</em></strong></span> <span class='ocrx_word' id='word_1_30' title='bbox 1487 634 1754 693; x_wconf 80' lang='grc' dir='ltr'>Σατανᾶς.</span> <span class='ocrx_word' id='word_1_31' title='bbox 1795 629 1986 708; x_wconf 84' lang='grc' dir='ltr'>Παραί-</span> 
     </span>
    </p>
   </div>
   <div class='ocr_carea' id='block_1_7' title="bbox 335 714 1992 796">
    <p class='ocr_par' dir='ltr' id='par_1_7' title="bbox 335 714 1992 796">
     <span class='ocr_line' id='line_1_7' title="bbox 335 714 1992 796; baseline -0.001 -23"><span class='ocrx_word' id='word_1_32' title='bbox 335 739 442 780; x_wconf 80' lang='grc' dir='ltr'>τιος</span> <span class='ocrx_word' id='word_1_33' title='bbox 501 715 600 794; x_wconf 74' lang='grc' dir='ltr'><strong>γάρ</strong></span> <span class='ocrx_word' id='word_1_34' title='bbox 658 714 770 772; x_wconf 73' lang='grc' dir='ltr'>ἐστι</span> <span class='ocrx_word' id='word_1_35' title='bbox 828 728 947 780; x_wconf 79' lang='grc' dir='ltr'>τοϊς</span> <span class='ocrx_word' id='word_1_36' title='bbox 998 718 1106 773; x_wconf 81' lang='grc' dir='ltr'>τῶν</span> <span class='ocrx_word' id='word_1_37' title='bbox 1161 716 1448 796; x_wconf 70' lang='grc' dir='ltr'>ἀνθρώπων</span> <span class='ocrx_word' id='word_1_38' title='bbox 1524 717 1734 793; x_wconf 85' lang='grc' dir='ltr'>σώμασι</span> <span class='ocrx_word' id='word_1_39' title='bbox 1778 720 1992 776; x_wconf 88' lang='grc' dir='ltr'>πάντων</span> 
     </span>
    </p>
   </div>
   <div class='ocr_carea' id='block_1_8' title="bbox 332 803 1991 889">
    <p class='ocr_par' dir='ltr' id='par_1_8' title="bbox 332 803 1991 889">
     <span class='ocr_line' id='line_1_8' title="bbox 332 803 1991 889; baseline 0.002 -27"><span class='ocrx_word' id='word_1_40' title='bbox 332 814 439 863; x_wconf 79' lang='grc' dir='ltr'><strong>τῶν</strong></span> <span class='ocrx_word' id='word_1_41' title='bbox 490 805 786 886; x_wconf 75' lang='grc' dir='ltr'><strong>δυσχερῶν,</strong></span> <span class='ocrx_word' id='word_1_42' title='bbox 848 805 977 862; x_wconf 77' lang='grc' dir='ltr'>ὅταν</span> <span class='ocrx_word' id='word_1_43' title='bbox 1037 803 1232 862; x_wconf 77' lang='grc' dir='ltr'>ἄνωθεν</span> <span class='ocrx_word' id='word_1_44' title='bbox 1294 805 1436 884; x_wconf 82' lang='grc' dir='ltr'>παρὰ</span> <span class='ocrx_word' id='word_1_45' title='bbox 1507 807 1639 864; x_wconf 82' lang='grc' dir='ltr'>Θεοῦ</span> <span class='ocrx_word' id='word_1_46' title='bbox 1695 830 1991 889; x_wconf 85' lang='grc' dir='ltr'>συγχωρη-</span> 
     </span>
    </p>
   </div>
   <div class='ocr_carea' id='block_1_9' title="bbox 329 893 1992 975">
    <p class='ocr_par' dir='ltr' id='par_1_9' title="bbox 329 893 1992 975">
     <span class='ocr_line' id='line_1_9' title="bbox 329 893 1992 975; baseline 0.001 -24"><span class='ocrx_word' id='word_1_47' title='bbox 329 897 446 963; x_wconf 72' lang='grc' dir='ltr'>θείη</span> <span class='ocrx_word' id='word_1_48' title='bbox 477 912 491 926; x_wconf 90' lang='grc'><strong>·</strong></span> <span class='ocrx_word' id='word_1_49' title='bbox 553 897 669 952; x_wconf 70' lang='grc' dir='ltr'>επεὶ</span> <span class='ocrx_word' id='word_1_50' title='bbox 715 895 801 951; x_wconf 85' lang='grc' dir='ltr'><strong>καὶ</strong></span> <span class='ocrx_word' id='word_1_51' title='bbox 845 893 898 961; x_wconf 64' lang='grc' dir='ltr'>εξ</span> <span class='ocrx_word' id='word_1_52' title='bbox 954 894 1133 974; x_wconf 75' lang='grc' dir='ltr'>ἀρχῆς</span> <span class='ocrx_word' id='word_1_53' title='bbox 1185 899 1341 958; x_wconf 66' lang='grc' dir='ltr'>αὐτὸς</span> <span class='ocrx_word' id='word_1_54' title='bbox 1383 895 1520 971; x_wconf 77' lang='grc' dir='ltr'>ἡμῖν</span> <span class='ocrx_word' id='word_1_55' title='bbox 1564 896 1812 975; x_wconf 79' lang='grc' dir='ltr'><strong>πρόξενος</strong></span> <span class='ocrx_word' id='word_1_56' title='bbox 1868 900 1992 975; x_wconf 70' lang='grc' dir='ltr'>εγε-</span> 
     </span>
    </p>
   </div>
   <div class='ocr_carea' id='block_1_10' title="bbox 332 984 1996 1067">
    <p class='ocr_par' dir='ltr' id='par_1_10' title="bbox 332 984 1996 1067">
     <span class='ocr_line' id='line_1_10' title="bbox 332 984 1996 1067; baseline 0.001 -26"><span class='ocrx_word' id='word_1_57' title='bbox 332 987 479 1062; x_wconf 65' lang='grc' dir='ltr'>γτὶνει</span> <span class='ocrx_word' id='word_1_58' title='bbox 536 992 631 1043; x_wconf 89' lang='grc' dir='ltr'><strong>τοῦ</strong></span> <span class='ocrx_word' id='word_1_59' title='bbox 699 985 949 1041; x_wconf 75' lang='grc' dir='ltr'><strong>ἐκπεσεῖν</strong></span> <span class='ocrx_word' id='word_1_60' title='bbox 1034 985 1132 1059; x_wconf 79' lang='grc' dir='ltr'>μὲν</span> <span class='ocrx_word' id='word_1_61' title='bbox 1215 989 1313 1051; x_wconf 80' lang='grc' dir='ltr'><strong>τῆς</strong></span> <span class='ocrx_word' id='word_1_62' title='bbox 1400 985 1715 1067; x_wconf 69' lang='grc' dir='ltr'>ἀφθαρσίας,</span> <span class='ocrx_word' id='word_1_63' title='bbox 1801 984 1881 1065; x_wconf 76' lang='grc' dir='ltr'><strong>ἐφ’</strong></span> 
     </span>
    </p>
   </div>
   <div class='ocr_carea' id='block_1_11' title="bbox 332 1071 1996 1152">
    <p class='ocr_par' dir='ltr' id='par_1_11' title="bbox 332 1071 1996 1152">
     <span class='ocr_line' id='line_1_11' title="bbox 332 1071 1996 1152; baseline -0.001 -21"><span class='ocrx_word' id='word_1_64' title='bbox 332 1077 676 1150; x_wconf 65' lang='grc' dir='ltr'>ἐκτίσθημεν,</span> <span class='ocrx_word' id='word_1_65' title='bbox 737 1081 938 1152; x_wconf 77' lang='grc' dir='ltr'>νοσερῷ</span> <span class='ocrx_word' id='word_1_66' title='bbox 995 1071 1050 1129; x_wconf 81' lang='grc' dir='ltr'>δὲ</span> <span class='ocrx_word' id='word_1_67' title='bbox 1114 1072 1321 1150; x_wconf 85' lang='grc' dir='ltr'>σώματι</span> <span class='ocrx_word' id='word_1_68' title='bbox 1376 1075 1465 1131; x_wconf 87' lang='lat' dir='ltr'><strong>xxi</strong></span> <span class='ocrx_word' id='word_1_69' title='bbox 1533 1078 1714 1132; x_wconf 80' lang='grc' dir='ltr'>παθῶν</span> <span class='ocrx_word' id='word_1_70' title='bbox 1771 1072 1996 1148; x_wconf 81' lang='grc' dir='ltr'>δεκτικῴ</span> 
     </span>
    </p>
   </div>
   <div class='ocr_carea' id='block_1_12' title="bbox 333 1159 1997 1244">
    <p class='ocr_par' dir='ltr' id='par_1_12' title="bbox 333 1159 1997 1244">
     <span class='ocr_line' id='line_1_12' title="bbox 333 1159 1997 1244; baseline 0.001 -26"><span class='ocrx_word' id='word_1_71' title='bbox 333 1161 685 1242; x_wconf 70' lang='grc' dir='ltr'>προσδεθηναι</span> <span class='ocrx_word' id='word_1_72' title='bbox 723 1177 737 1192; x_wconf 86' lang='grc'>⁶</span> <span class='ocrx_word' id='word_1_73' title='bbox 795 1163 917 1226; x_wconf 75' lang='grc' dir='ltr'>τοὺς</span> <span class='ocrx_word' id='word_1_74' title='bbox 989 1159 1331 1241; x_wconf 84' lang='grc' dir='ltr'>δερματίνους</span> <span class='ocrx_word' id='word_1_75' title='bbox 1389 1163 1488 1241; x_wconf 74' lang='grc' dir='ltr'><strong>γὰρ</strong></span> <span class='ocrx_word' id='word_1_76' title='bbox 1547 1169 1784 1244; x_wconf 81' lang='grc' dir='ltr'>χιτῶνας</span> <span class='ocrx_word' id='word_1_77' title='bbox 1843 1170 1997 1220; x_wconf 90' lang='grc' dir='ltr'>τοῦτο</span> 
     </span>
    </p>
   </div>
   <div class='ocr_carea' id='block_1_13' title="bbox 337 1242 1996 1332">
    <p class='ocr_par' dir='ltr' id='par_1_13' title="bbox 337 1242 1996 1332">
     <span class='ocr_line' id='line_1_13' title="bbox 337 1242 1996 1332; baseline 0.001 -25"><span class='ocrx_word' id='word_1_78' title='bbox 337 1260 564 1329; x_wconf 69' lang='grc' dir='ltr'>νοοῦμεν</span> <span class='ocrx_word' id='word_1_79' title='bbox 651 1252 888 1323; x_wconf 86' lang='grc' dir='ltr'>πάντως,</span> <span class='ocrx_word' id='word_1_80' title='bbox 979 1242 1036 1309; x_wconf 72' lang='grc' dir='ltr'><strong>Ὀ</strong></span> <span class='ocrx_word' id='word_1_81' title='bbox 1092 1251 1273 1327; x_wconf 80' lang='grc' dir='ltr'>μέντοι</span> <span class='ocrx_word' id='word_1_82' title='bbox 1324 1253 1511 1331; x_wconf 82' lang='grc' dir='ltr'>Κύριος</span> <span class='ocrx_word' id='word_1_83' title='bbox 1565 1242 1996 1332; x_wconf 73' lang='grc' dir='ltr'>θεοπρεπεστάτῃ</span> 
     </span>
    </p>
   </div>
   <div class='ocr_carea' id='block_1_14' title="bbox 337 1339 1996 1423">
    <p class='ocr_par' dir='ltr' id='par_1_14' title="bbox 337 1339 1996 1423">
     <span class='ocr_line' id='line_1_14' title="bbox 337 1339 1996 1423; baseline -0.002 -23"><span class='ocrx_word' id='word_1_84' title='bbox 337 1349 492 1423; x_wconf 64' lang='grc' dir='ltr'>’ρωνῇ</span> <span class='ocrx_word' id='word_1_85' title='bbox 563 1344 650 1397; x_wconf 87' lang='grc' dir='ltr'>καὶ</span> <span class='ocrx_word' id='word_1_86' title='bbox 707 1339 940 1407; x_wconf 77' lang='grc' dir='ltr'>ἐξουσίας</span> <span class='ocrx_word' id='word_1_87' title='bbox 995 1341 1232 1419; x_wconf 76' lang='grc' dir='ltr'><strong>γεμούσῃ</strong></span> <span class='ocrx_word' id='word_1_88' title='bbox 1291 1346 1390 1408; x_wconf 81' lang='grc' dir='ltr'>τῆς</span> <span class='ocrx_word' id='word_1_89' title='bbox 1470 1343 1722 1420; x_wconf 80' lang='grc' dir='ltr'>γγναικὸς</span> <span class='ocrx_word' id='word_1_90' title='bbox 1799 1342 1996 1409; x_wconf 79' lang='grc' dir='ltr'><strong>ταύτης</strong></span> 
     </span>
    </p>
   </div>
   <div class='ocr_carea' id='block_1_15' title="bbox 335 1428 1995 1512">
    <p class='ocr_par' dir='ltr' id='par_1_15' title="bbox 335 1428 1995 1512">
     <span class='ocr_line' id='line_1_15' title="bbox 335 1428 1995 1512; baseline 0 -24"><span class='ocrx_word' id='word_1_91' title='bbox 335 1435 432 1501; x_wconf 69' lang='grc' dir='ltr'>τὴν</span> <span class='ocrx_word' id='word_1_92' title='bbox 493 1432 644 1489; x_wconf 78' lang='grc' dir='ltr'>νόσον</span> <span class='ocrx_word' id='word_1_93' title='bbox 717 1429 950 1492; x_wconf 79' lang='grc' dir='ltr'>ἐλαύνει.</span> <span class='ocrx_word' id='word_1_94' title='bbox 1023 1429 1326 1498; x_wconf 85' lang='grc' dir='ltr'>Ἐπιτίθησι</span> <span class='ocrx_word' id='word_1_95' title='bbox 1403 1428 1457 1487; x_wconf 75' lang='grc' dir='ltr'>δὲ</span> <span class='ocrx_word' id='word_1_96' title='bbox 1516 1431 1600 1488; x_wconf 79' lang='grc' dir='ltr'><strong>καὶ</strong></span> <span class='ocrx_word' id='word_1_97' title='bbox 1648 1431 1743 1497; x_wconf 77' lang='grc' dir='ltr'>τὰς</span> <span class='ocrx_word' id='word_1_98' title='bbox 1803 1445 1995 1512; x_wconf 72' lang='grc' dir='ltr'>χεῖρας</span> 
     </span>
    </p>
   </div>
   <div class='ocr_carea' id='block_1_16' title="bbox 339 1517 1995 1599">
    <p class='ocr_par' dir='ltr' id='par_1_16' title="bbox 339 1517 1995 1599">
     <span class='ocr_line' id='line_1_16' title="bbox 339 1517 1995 1599; baseline -0.001 -21"><span class='ocrx_word' id='word_1_99' title='bbox 339 1527 498 1599; x_wconf 65' lang='grc' dir='ltr'>αὒτῇ,</span> <span class='ocrx_word' id='word_1_100' title='bbox 553 1521 648 1576; x_wconf 81' lang='grc' dir='ltr'>’ίνα</span> <span class='ocrx_word' id='word_1_101' title='bbox 713 1521 992 1599; x_wconf 88' lang='grc' dir='ltr'>μάθωμεν,</span> <span class='ocrx_word' id='word_1_102' title='bbox 1037 1519 1117 1576; x_wconf 81' lang='grc' dir='ltr'>ὅτι</span> <span class='ocrx_word' id='word_1_103' title='bbox 1161 1519 1262 1587; x_wconf 75' lang='grc' dir='ltr'><strong>τὴν</strong></span> <span class='ocrx_word' id='word_1_104' title='bbox 1305 1529 1399 1580; x_wconf 84' lang='grc' dir='ltr'><strong>τοῦ</strong></span> <span class='ocrx_word' id='word_1_105' title='bbox 1459 1517 1621 1598; x_wconf 84' lang='grc' dir='ltr'>λόγου</span> <span class='ocrx_word' id='word_1_106' title='bbox 1669 1519 1884 1598; x_wconf 84' lang='grc' dir='ltr'>δύναμίν</span> <span class='ocrx_word' id='word_1_107' title='bbox 1938 1542 1995 1577; x_wconf 88' lang='grc' dir='ltr'><strong>τε</strong></span> 
     </span>
    </p>
   </div>
   <div class='ocr_carea' id='block_1_17' title="bbox 333 1607 1994 1690">
    <p class='ocr_par' dir='ltr' id='par_1_17' title="bbox 333 1607 1994 1690">
     <span class='ocr_line' id='line_1_17' title="bbox 333 1607 1994 1690; baseline -0.001 -22"><span class='ocrx_word' id='word_1_108' title='bbox 333 1615 424 1668; x_wconf 69' lang='grc' dir='ltr'>καὶ</span> <span class='ocrx_word' id='word_1_109' title='bbox 478 1611 746 1690; x_wconf 73' lang='grc' dir='ltr'><strong>ἐνέργειαν</strong></span> <span class='ocrx_word' id='word_1_110' title='bbox 801 1611 837 1676; x_wconf 79' lang='grc' dir='ltr'>⁵η</span> <span class='ocrx_word' id='word_1_111' title='bbox 889 1608 1013 1688; x_wconf 80' lang='grc' dir='ltr'>ἁγία</span> <span class='ocrx_word' id='word_1_112' title='bbox 1072 1609 1344 1690; x_wconf 70' lang='grc' dir='ltr'>πεφόρηκε</span> <span class='ocrx_word' id='word_1_113' title='bbox 1402 1607 1528 1684; x_wconf 78' lang='grc' dir='ltr'>σάρξ</span> <span class='ocrx_word' id='word_1_114' title='bbox 1562 1627 1578 1645; x_wconf 86' lang='grc'>⁶</span> <span class='ocrx_word' id='word_1_115' title='bbox 1638 1608 1740 1666; x_wconf 68' lang='grc' dir='ltr'>ἰδία</span> <span class='ocrx_word' id='word_1_116' title='bbox 1799 1610 1898 1690; x_wconf 76' lang='grc' dir='ltr'><strong>γὰρ</strong></span> <span class='ocrx_word' id='word_1_117' title='bbox 1929 1609 1994 1678; x_wconf 80' lang='grc' dir='ltr'><strong>ἧν</strong></span> 
     </span>
    </p>
   </div>
   <div class='ocr_carea' id='block_1_18' title="bbox 337 1697 1997 1780">
    <p class='ocr_par' dir='ltr' id='par_1_18' title="bbox 337 1697 1997 1780">
     <span class='ocr_line' id='line_1_18' title="bbox 337 1697 1997 1780; baseline -0.001 -22"><span class='ocrx_word' id='word_1_118' title='bbox 337 1703 520 1775; x_wconf 59' lang='grc' dir='ltr'>αὖτοῦ,</span> <span class='ocrx_word' id='word_1_119' title='bbox 578 1702 664 1756; x_wconf 85' lang='grc' dir='ltr'><strong>καὶ</strong></span> <span class='ocrx_word' id='word_1_120' title='bbox 709 1701 815 1780; x_wconf 68' lang='grc' dir='ltr'>οὔχ</span> <span class='ocrx_word' id='word_1_121' title='bbox 873 1699 1054 1778; x_wconf 76' lang='grc' dir='ltr'>ἐτέρου</span> <span class='ocrx_word' id='word_1_122' title='bbox 1093 1700 1238 1764; x_wconf 83' lang='grc' dir='ltr'>τινὸς</span> <span class='ocrx_word' id='word_1_123' title='bbox 1281 1699 1410 1779; x_wconf 88' lang='grc' dir='ltr'>παρ’</span> <span class='ocrx_word' id='word_1_124' title='bbox 1454 1700 1609 1756; x_wconf 68' lang='grc' dir='ltr'>αὐτὸν</span> <span class='ocrx_word' id='word_1_125' title='bbox 1641 1697 1792 1764; x_wconf 71' lang='grc' dir='ltr'>ὄντος</span> <span class='ocrx_word' id='word_1_126' title='bbox 1835 1719 1997 1757; x_wconf 84' lang='grc' dir='ltr'>κατα-</span> 
     </span>
    </p>
   </div>
   <div class='ocr_carea' id='block_1_19' title="bbox 2074 629 3727 712">
    <p class='ocr_par' dir='ltr' id='par_1_19' title="bbox 2074 629 3727 712">
     <span class='ocr_line' id='line_1_19' title="bbox 2074 629 3727 712; baseline 0.002 -23"><span class='ocrx_word' id='word_1_127' title='bbox 2074 647 2106 689; x_wconf 90' lang='lat' dir='ltr'><strong>a</strong></span> <span class='ocrx_word' id='word_1_128' title='bbox 2139 629 2391 691; x_wconf 87' lang='lat' dir='ltr'><strong>Domino</strong></span> <span class='ocrx_word' id='word_1_129' title='bbox 2423 631 2788 711; x_wconf 91' lang='lat' dir='ltr'><strong>permittitur</strong></span> <span class='ocrx_word' id='word_1_130' title='bbox 2820 649 2834 693; x_wconf 91' lang='lat'>:</span> <span class='ocrx_word' id='word_1_131' title='bbox 2867 631 3348 712; x_wconf 84' lang='lat' dir='ltr'><strong>quandoquidem</strong></span> <span class='ocrx_word' id='word_1_132' title='bbox 3384 632 3557 694; x_wconf 89' lang='lat' dir='ltr'><strong>nobis</strong></span> <span class='ocrx_word' id='word_1_133' title='bbox 3580 631 3727 693; x_wconf 88' lang='lat' dir='ltr'><strong>etab</strong></span> 
     </span>
    </p>
   </div>
   <div class='ocr_carea' id='block_1_20' title="bbox 2078 716 3733 804">
    <p class='ocr_par' dir='ltr' id='par_1_20' title="bbox 2078 716 3733 804">
     <span class='ocr_line' id='line_1_20' title="bbox 2078 716 3733 804; baseline 0.004 -28"><span class='ocrx_word' id='word_1_134' title='bbox 2078 716 2244 778; x_wconf 91' lang='lat' dir='ltr'><strong>initio</strong></span> <span class='ocrx_word' id='word_1_135' title='bbox 2276 729 2483 780; x_wconf 93' lang='lat' dir='ltr'><strong>auctor</strong></span> <span class='ocrx_word' id='word_1_136' title='bbox 2511 719 2620 780; x_wconf 93' lang='lat' dir='ltr'><strong>fuit</strong></span> <span class='ocrx_word' id='word_1_137' title='bbox 2662 719 2798 779; x_wconf 77' lang='grc'><strong>587</strong></span> <span class='ocrx_word' id='word_1_138' title='bbox 2843 731 2906 782; x_wconf 86' lang='grc' dir='ltr'><strong>ιιι</strong></span> <span class='ocrx_word' id='word_1_139' title='bbox 2936 721 3008 781; x_wconf 91' lang='lat' dir='ltr'><strong>ab</strong></span> <span class='ocrx_word' id='word_1_140' title='bbox 3041 720 3494 804; x_wconf 78' lang='lat' dir='ltr'><strong>incorruptione</strong></span> <span class='ocrx_word' id='word_1_141' title='bbox 3523 721 3582 782; x_wconf 93' lang='lat' dir='ltr'><strong>in</strong></span> <span class='ocrx_word' id='word_1_142' title='bbox 3615 739 3733 802; x_wconf 87' lang='lat' dir='ltr'><strong>qua</strong></span> 
     </span>
    </p>
   </div>
   <div class='ocr_carea' id='block_1_21' title="bbox 2079 806 3732 891">
    <p class='ocr_par' dir='ltr' id='par_1_21' title="bbox 2079 806 3732 891">
     <span class='ocr_line' id='line_1_21' title="bbox 2079 806 3732 891; baseline 0.004 -25"><span class='ocrx_word' id='word_1_143' title='bbox 2079 806 2295 867; x_wconf 88' lang='lat' dir='ltr'><strong>conditi</strong></span> <span class='ocrx_word' id='word_1_144' title='bbox 2321 807 3081 886; x_wconf 82' lang='lat' dir='ltr'><strong>fuimus,excideremus,et</strong></span> <span class='ocrx_word' id='word_1_145' title='bbox 3100 810 3336 874; x_wconf 82' lang='lat' dir='ltr'><strong>infirmo</strong></span> <span class='ocrx_word' id='word_1_146' title='bbox 3359 810 3732 891; x_wconf 86' lang='lat' dir='ltr'><strong>passionum-</strong></span> 
     </span>
    </p>
   </div>
   <div class='ocr_carea' id='block_1_22' title="bbox 2079 897 3735 978">
    <p class='ocr_par' dir='ltr' id='par_1_22' title="bbox 2079 897 3735 978">
     <span class='ocr_line' id='line_1_22' title="bbox 2079 897 3735 978; baseline 0.004 -23"><span class='ocrx_word' id='word_1_147' title='bbox 2079 915 2194 973; x_wconf 81' lang='lat' dir='ltr'><strong>que</strong></span> <span class='ocrx_word' id='word_1_148' title='bbox 2225 897 2425 977; x_wconf 81' lang='lat' dir='ltr'><strong>capaci</strong></span> <span class='ocrx_word' id='word_1_149' title='bbox 2457 899 2694 978; x_wconf 83' lang='lat' dir='ltr'><strong>corpori</strong></span> <span class='ocrx_word' id='word_1_150' title='bbox 2721 897 2944 975; x_wconf 78' lang='lat' dir='ltr'><strong>alligati</strong></span> <span class='ocrx_word' id='word_1_151' title='bbox 2972 918 3262 962; x_wconf 78' lang='lat' dir='ltr'><strong>essemus.</strong></span> <span class='ocrx_word' id='word_1_152' title='bbox 3291 902 3416 963; x_wconf 85' lang='lat' dir='ltr'><strong>Hoc</strong></span> <span class='ocrx_word' id='word_1_153' title='bbox 3439 900 3599 962; x_wconf 90' lang='lat' dir='ltr'><strong>enim</strong></span> <span class='ocrx_word' id='word_1_154' title='bbox 3627 918 3735 978; x_wconf 87' lang='lat' dir='ltr'><strong>per</strong></span> 
     </span>
    </p>
   </div>
   <div class='ocr_carea' id='block_1_23' title="bbox 2084 984 3733 1066">
    <p class='ocr_par' dir='ltr' id='par_1_23' title="bbox 2084 984 3733 1066">
     <span class='ocr_line' id='line_1_23' title="bbox 2084 984 3733 1066; baseline 0.004 -22"><span class='ocrx_word' id='word_1_155' title='bbox 2084 984 2367 1064; x_wconf 90' lang='lat' dir='ltr'><strong>pelliceas</strong></span> <span class='ocrx_word' id='word_1_156' title='bbox 2381 987 2611 1048; x_wconf 89' lang='lat' dir='ltr'><strong>tunicas</strong></span> <span class='ocrx_word' id='word_1_157' title='bbox 2629 987 3124 1066; x_wconf 83' lang='lat' dir='ltr'><strong>intelligimus.At</strong></span> <span class='ocrx_word' id='word_1_158' title='bbox 3143 989 3430 1052; x_wconf 83' lang='lat' dir='ltr'><strong>Dominus</strong></span> <span class='ocrx_word' id='word_1_159' title='bbox 3451 1007 3593 1051; x_wconf 87' lang='lat' dir='ltr'><strong>voce</strong></span> <span class='ocrx_word' id='word_1_160' title='bbox 3609 991 3733 1054; x_wconf 90' lang='lat' dir='ltr'><strong>Deo</strong></span> 
     </span>
    </p>
   </div>
   <div class='ocr_carea' id='block_1_24' title="bbox 2080 1072 3735 1156">
    <p class='ocr_par' dir='ltr' id='par_1_24' title="bbox 2080 1072 3735 1156">
     <span class='ocr_line' id='line_1_24' title="bbox 2080 1072 3735 1156; baseline 0.006 -24"><span class='ocrx_word' id='word_1_161' title='bbox 2080 1072 2427 1152; x_wconf 81' lang='lat' dir='ltr'><strong>dignissima</strong></span> <span class='ocrx_word' id='word_1_162' title='bbox 2459 1083 2862 1156; x_wconf 85' lang='lat' dir='ltr'><strong>potestateque</strong></span> <span class='ocrx_word' id='word_1_163' title='bbox 2894 1076 3372 1155; x_wconf 81' lang='lat' dir='ltr'><strong>plenamulieris</strong></span> <span class='ocrx_word' id='word_1_164' title='bbox 3391 1079 3561 1140; x_wconf 87' lang='lat' dir='ltr'><strong>istius</strong></span> <span class='ocrx_word' id='word_1_165' title='bbox 3580 1097 3735 1141; x_wconf 84' lang='lat' dir='ltr'><strong>mur-</strong></span> 
     </span>
    </p>
   </div>
   <div class='ocr_carea' id='block_1_25' title="bbox 2082 1161 3734 1243">
    <p class='ocr_par' dir='ltr' id='par_1_25' title="bbox 2082 1161 3734 1243">
     <span class='ocr_line' id='line_1_25' title="bbox 2082 1161 3734 1243; baseline 0.005 -21"><span class='ocrx_word' id='word_1_166' title='bbox 2082 1161 2218 1222; x_wconf 91' lang='lat' dir='ltr'><strong>bum</strong></span> <span class='ocrx_word' id='word_1_167' title='bbox 2243 1164 2423 1242; x_wconf 80' lang='lat' dir='ltr'><strong>fugat.</strong></span> <span class='ocrx_word' id='word_1_168' title='bbox 2449 1163 2704 1243; x_wconf 90' lang='lat' dir='ltr'><strong>Impouit</strong></span> <span class='ocrx_word' id='word_1_169' title='bbox 2726 1172 2923 1227; x_wconf 86' lang='lat' dir='ltr'><strong>autem</strong></span> <span class='ocrx_word' id='word_1_170' title='bbox 2952 1165 3006 1226; x_wconf 89' lang='lat' dir='ltr'><strong>ei</strong></span> <span class='ocrx_word' id='word_1_171' title='bbox 3033 1178 3094 1227; x_wconf 85' lang='lat' dir='ltr'><strong>et</strong></span> <span class='ocrx_word' id='word_1_172' title='bbox 3117 1185 3326 1228; x_wconf 86' lang='lat' dir='ltr'><strong>manus</strong></span> <span class='ocrx_word' id='word_1_173' title='bbox 3351 1175 3414 1229; x_wconf 92' lang='lat' dir='ltr'><strong>ut</strong></span> <span class='ocrx_word' id='word_1_174' title='bbox 3433 1167 3734 1230; x_wconf 84' lang='lat' dir='ltr'><strong>discamus</strong></span> 
     </span>
    </p>
   </div>
   <div class='ocr_carea' id='block_1_26' title="bbox 2079 1250 3733 1336">
    <p class='ocr_par' dir='ltr' id='par_1_26' title="bbox 2079 1250 3733 1336">
     <span class='ocr_line' id='line_1_26' title="bbox 2079 1250 3733 1336; baseline 0.005 -28"><span class='ocrx_word' id='word_1_175' title='bbox 2079 1250 2239 1330; x_wconf 83' lang='lat' dir='ltr'><strong>quod</strong></span> <span class='ocrx_word' id='word_1_176' title='bbox 2273 1251 2378 1313; x_wconf 87' lang='lat' dir='ltr'><strong>Dei</strong></span> <span class='ocrx_word' id='word_1_177' title='bbox 2413 1271 2752 1314; x_wconf 79' lang='lat' dir='ltr'><strong>sermonem</strong></span> <span class='ocrx_word' id='word_1_178' title='bbox 2788 1253 3188 1335; x_wconf 85' lang='lat' dir='ltr'><strong>virtutemque</strong></span> <span class='ocrx_word' id='word_1_179' title='bbox 3220 1262 3279 1316; x_wconf 91' lang='lat' dir='ltr'><strong>et</strong></span> <span class='ocrx_word' id='word_1_180' title='bbox 3327 1255 3733 1336; x_wconf 83' lang='lat' dir='ltr'><strong>operationem</strong></span> 
     </span>
    </p>
   </div>
   <div class='ocr_carea' id='block_1_27' title="bbox 2078 1341 3737 1424">
    <p class='ocr_par' dir='ltr' id='par_1_27' title="bbox 2078 1341 3737 1424">
     <span class='ocr_line' id='line_1_27' title="bbox 2078 1341 3737 1424; baseline 0.004 -26"><span class='ocrx_word' id='word_1_181' title='bbox 2078 1346 2280 1399; x_wconf 87' lang='lat' dir='ltr'><strong>sancta</strong></span> <span class='ocrx_word' id='word_1_182' title='bbox 2311 1359 2448 1402; x_wconf 90' lang='lat' dir='ltr'><strong>caro</strong></span> <span class='ocrx_word' id='word_1_183' title='bbox 2496 1341 2792 1405; x_wconf 82' lang='lat' dir='ltr'><strong>habuerit.</strong></span> <span class='ocrx_word' id='word_1_184' title='bbox 2830 1344 2950 1405; x_wconf 88' lang='lat' dir='ltr'><strong>Sua</strong></span> <span class='ocrx_word' id='word_1_185' title='bbox 3000 1343 3160 1404; x_wconf 86' lang='lat' dir='ltr'><strong>enim</strong></span> <span class='ocrx_word' id='word_1_186' title='bbox 3213 1343 3452 1424; x_wconf 89' lang='lat' dir='ltr'><strong>propria</strong></span> <span class='ocrx_word' id='word_1_187' title='bbox 3498 1351 3642 1418; x_wconf 87' lang='lat' dir='ltr'><strong>erat,</strong></span> <span class='ocrx_word' id='word_1_188' title='bbox 3678 1351 3737 1404; x_wconf 86' lang='lat' dir='ltr'><strong>et</strong></span> 
     </span>
    </p>
   </div>
   <div class='ocr_carea' id='block_1_28' title="bbox 2079 1429 3736 1514">
    <p class='ocr_par' dir='ltr' id='par_1_28' title="bbox 2079 1429 3736 1514">
     <span class='ocr_line' id='line_1_28' title="bbox 2079 1429 3736 1514; baseline 0.005 -27"><span class='ocrx_word' id='word_1_189' title='bbox 2079 1445 2196 1488; x_wconf 89' lang='lat' dir='ltr'><strong>non</strong></span> <span class='ocrx_word' id='word_1_190' title='bbox 2225 1429 2467 1491; x_wconf 87' lang='lat' dir='ltr'><strong>alterius</strong></span> <span class='ocrx_word' id='word_1_191' title='bbox 2493 1431 2826 1510; x_wconf 84' lang='lat' dir='ltr'><strong>cujuspiam</strong></span> <span class='ocrx_word' id='word_1_192' title='bbox 2854 1431 2967 1493; x_wconf 91' lang='lat' dir='ltr'><strong>sibi</strong></span> <span class='ocrx_word' id='word_1_193' title='bbox 2985 1431 3345 1506; x_wconf 79' lang='lat' dir='ltr'><strong>assistentis,</strong></span> <span class='ocrx_word' id='word_1_194' title='bbox 3377 1443 3439 1494; x_wconf 88' lang='lat' dir='ltr'><strong>et</strong></span> <span class='ocrx_word' id='word_1_195' title='bbox 3469 1433 3736 1514; x_wconf 87' lang='lat' dir='ltr'><strong>proprie-</strong></span> 
     </span>
    </p>
   </div>
   <div class='ocr_carea' id='block_1_29' title="bbox 2079 1519 3732 1602">
    <p class='ocr_par' dir='ltr' id='par_1_29' title="bbox 2079 1519 3732 1602">
     <span class='ocr_line' id='line_1_29' title="bbox 2079 1519 3732 1602; baseline 0.005 -26"><span class='ocrx_word' id='word_1_196' title='bbox 2079 1523 2195 1576; x_wconf 85' lang='lat' dir='ltr'><strong>tate</strong></span> <span class='ocrx_word' id='word_1_197' title='bbox 2216 1535 2487 1596; x_wconf 64' lang='lat' dir='ltr'><strong>personae</strong></span> <span class='ocrx_word' id='word_1_198' title='bbox 2513 1519 2958 1598; x_wconf 81' lang='lat' dir='ltr'><strong>separati,sicut</strong></span> <span class='ocrx_word' id='word_1_199' title='bbox 2980 1521 3162 1602; x_wconf 90' lang='lat' dir='ltr'><strong>impio</strong></span> <span class='ocrx_word' id='word_1_200' title='bbox 3180 1519 3455 1583; x_wconf 89' lang='lat' dir='ltr'><strong>Nestorio</strong></span> <span class='ocrx_word' id='word_1_201' title='bbox 3480 1521 3732 1584; x_wconf 90' lang='lat' dir='ltr'><strong>videtur.</strong></span> 
     </span>
    </p>
   </div>
   <div class='ocr_carea' id='block_1_30' title="bbox 2079 1603 3736 1691">
    <p class='ocr_par' dir='ltr' id='par_1_30' title="bbox 2079 1603 3736 1691">
     <span class='ocr_line' id='line_1_30' title="bbox 2079 1603 3736 1691; baseline 0.004 -26"><span class='ocrx_word' id='word_1_202' title='bbox 2079 1603 2263 1683; x_wconf 82' lang='lat' dir='ltr'><strong>Igitur</strong></span> <span class='ocrx_word' id='word_1_203' title='bbox 2293 1614 2454 1668; x_wconf 86' lang='lat' dir='ltr'><strong>tanta</strong></span> <span class='ocrx_word' id='word_1_204' title='bbox 2483 1607 2723 1689; x_wconf 84' lang='lat' dir='ltr'><strong>quidem</strong></span> <span class='ocrx_word' id='word_1_205' title='bbox 2751 1608 2985 1670; x_wconf 89' lang='lat' dir='ltr'><strong>Domini</strong></span> <span class='ocrx_word' id='word_1_206' title='bbox 3020 1610 3377 1690; x_wconf 80' lang='lat' dir='ltr'><strong>benignitas,</strong></span> <span class='ocrx_word' id='word_1_207' title='bbox 3412 1618 3474 1671; x_wconf 94' lang='lat' dir='ltr'><strong>ut</strong></span> <span class='ocrx_word' id='word_1_208' title='bbox 3496 1612 3736 1691; x_wconf 91' lang='lat' dir='ltr'><strong>proprio</strong></span> 
     </span>
    </p>
   </div>
   <div class='ocr_carea' id='block_1_31' title="bbox 2083 1694 3737 1781">
    <p class='ocr_par' dir='ltr' id='par_1_31' title="bbox 2083 1694 3737 1781">
     <span class='ocr_line' id='line_1_31' title="bbox 2083 1694 3737 1781; baseline 0.005 -28"><span class='ocrx_word' id='word_1_209' title='bbox 2083 1694 2363 1772; x_wconf 80' lang='lat' dir='ltr'><strong>ﬁgmento</strong></span> <span class='ocrx_word' id='word_1_210' title='bbox 2403 1696 2743 1758; x_wconf 88' lang='lat' dir='ltr'><strong>misericors</strong></span> <span class='ocrx_word' id='word_1_211' title='bbox 2774 1706 2952 1761; x_wconf 80' lang='lat' dir='ltr'><strong>esset.</strong></span> <span class='ocrx_word' id='word_1_212' title='bbox 2988 1697 3234 1760; x_wconf 89' lang='lat' dir='ltr'><strong>Satanas</strong></span> <span class='ocrx_word' id='word_1_213' title='bbox 3265 1718 3402 1761; x_wconf 87' lang='lat' dir='ltr'><strong>vero</strong></span> <span class='ocrx_word' id='word_1_214' title='bbox 3425 1699 3526 1781; x_wconf 93' lang='lat' dir='ltr'><strong>qui</strong></span> <span class='ocrx_word' id='word_1_215' title='bbox 3569 1699 3737 1779; x_wconf 83' lang='lat' dir='ltr'><strong>prius</strong></span> 
     </span>
    </p>
   </div>
   <div class='ocr_carea' id='block_1_32' title="bbox 337 1783 2003 1872">
    <p class='ocr_par' dir='ltr' id='par_1_32' title="bbox 337 1787 1996 1872">
     <span class='ocr_line' id='line_1_32' title="bbox 337 1787 1996 1872; baseline -0.002 -23"><span class='ocrx_word' id='word_1_216' title='bbox 337 1794 505 1868; x_wconf 69' lang='grc' dir='ltr'>μόνας</span> <span class='ocrx_word' id='word_1_217' title='bbox 573 1792 660 1848; x_wconf 86' lang='grc' dir='ltr'><strong>καὶ</strong></span> <span class='ocrx_word' id='word_1_218' title='bbox 742 1787 1158 1852; x_wconf 76' lang='grc' dir='ltr'>ίδιοΰποστάτως</span> <span class='ocrx_word' id='word_1_219' title='bbox 1236 1787 1668 1872; x_wconf 71' lang='grc' dir='ltr'>κεχωρισμένου,</span> <span class='ocrx_word' id='word_1_220' title='bbox 1701 1789 1862 1846; x_wconf 83' lang='grc' dir='ltr'>’καθᾶ</span> <span class='ocrx_word' id='word_1_221' title='bbox 1932 1787 1996 1856; x_wconf 83' lang='grc' dir='ltr'>δὴ</span> 
     </span>
    </p>
   </div>
   <div class='ocr_carea' id='block_1_33' title="bbox 2089 1783 3737 1872">
    <p class='ocr_par' dir='ltr' id='par_1_33' title="bbox 2089 1783 3737 1867">
     <span class='ocr_line' id='line_1_33' title="bbox 2089 1783 3737 1867; baseline 0.004 -25"><span class='ocrx_word' id='word_1_222' title='bbox 2089 1783 2392 1846; x_wconf 88' lang='lat' dir='ltr'><strong>mulierem</strong></span> <span class='ocrx_word' id='word_1_223' title='bbox 2427 1785 2789 1867; x_wconf 77' lang='lat' dir='ltr'><strong>alligaverat,</strong></span> <span class='ocrx_word' id='word_1_224' title='bbox 2820 1787 3012 1849; x_wconf 89' lang='lat' dir='ltr'><strong>morbi</strong></span> <span class='ocrx_word' id='word_1_225' title='bbox 3045 1787 3403 1851; x_wconf 87' lang='lat' dir='ltr'><strong>solutionem</strong></span> <span class='ocrx_word' id='word_1_226' title='bbox 3436 1789 3737 1864; x_wconf 87' lang='lat' dir='ltr'><strong>dolens,et</strong></span> 
     </span>
    </p>
   </div>
   <div class='ocr_carea' id='block_1_34' title="bbox 338 1871 2003 1959">
    <p class='ocr_par' dir='ltr' id='par_1_34' title="bbox 338 1871 1998 1958">
     <span class='ocr_line' id='line_1_34' title="bbox 338 1871 1998 1958; baseline -0.001 -20"><span class='ocrx_word' id='word_1_227' title='bbox 338 1883 605 1956; x_wconf 74' lang='grc' dir='ltr'>Νεστορίῳ</span> <span class='ocrx_word' id='word_1_228' title='bbox 659 1886 737 1955; x_wconf 82' lang='grc' dir='ltr'><strong>τῷ</strong></span> <span class='ocrx_word' id='word_1_229' title='bbox 776 1876 1023 1938; x_wconf 81' lang='grc' dir='ltr'>δυσσεϐεῖ</span> <span class='ocrx_word' id='word_1_230' title='bbox 1082 1877 1256 1943; x_wconf 72' lang='grc' dir='ltr'>δοκεῖ,</span> <span class='ocrx_word' id='word_1_231' title='bbox 1308 1871 1370 1936; x_wconf 77' lang='grc' dir='ltr'><strong><em>Ἦ</em></strong></span> <span class='ocrx_word' id='word_1_232' title='bbox 1440 1879 1538 1954; x_wconf 74' lang='grc' dir='ltr'>μὲν</span> <span class='ocrx_word' id='word_1_233' title='bbox 1583 1878 1672 1937; x_wconf 73' lang='grc' dir='ltr'>οὗν</span> <span class='ocrx_word' id='word_1_234' title='bbox 1730 1877 1998 1958; x_wconf 78' lang='grc' dir='ltr'>ἂγαθότης</span> 
     </span>
    </p>
   </div>
   <div class='ocr_carea' id='block_1_35' title="bbox 2089 1871 3732 1959">
    <p class='ocr_par' dir='ltr' id='par_1_35' title="bbox 2092 1874 3732 1959">
     <span class='ocr_line' id='line_1_35' title="bbox 2092 1874 3732 1959; baseline 0.004 -27"><span class='ocrx_word' id='word_1_235' title='bbox 2092 1889 2225 1933; x_wconf 90' lang='lat' dir='ltr'><strong>eam</strong></span> <span class='ocrx_word' id='word_1_236' title='bbox 2256 1874 2509 1954; x_wconf 89' lang='lat' dir='ltr'><strong>amplius</strong></span> <span class='ocrx_word' id='word_1_237' title='bbox 2533 1875 2797 1955; x_wconf 79' lang='lat' dir='ltr'><strong>afﬂigere</strong></span> <span class='ocrx_word' id='word_1_238' title='bbox 2827 1877 3098 1957; x_wconf 91' lang='lat' dir='ltr'><strong>cupiens,</strong></span> <span class='ocrx_word' id='word_1_239' title='bbox 3149 1876 3348 1957; x_wconf 81' lang='lat' dir='ltr'><strong>alligat</strong></span> <span class='ocrx_word' id='word_1_240' title='bbox 3396 1877 3732 1959; x_wconf 88' lang='lat' dir='ltr'><strong>principem</strong></span> 
     </span>
    </p>
   </div>
   <div class='ocr_carea' id='block_1_36' title="bbox 335 1966 2006 2049">
    <p class='ocr_par' dir='ltr' id='par_1_36' title="bbox 335 1966 2006 2049">
     <span class='ocr_line' id='line_1_36' title="bbox 335 1966 2006 2049; baseline -0.002 -21"><span class='ocrx_word' id='word_1_241' title='bbox 335 1979 429 2029; x_wconf 82' lang='grc' dir='ltr'>τοῦ</span> <span class='ocrx_word' id='word_1_242' title='bbox 477 1969 670 2049; x_wconf 86' lang='grc' dir='ltr'>Κυρίου</span> <span class='ocrx_word' id='word_1_243' title='bbox 719 1968 967 2048; x_wconf 84' lang='grc' dir='ltr'>τοιαύτη,</span> <span class='ocrx_word' id='word_1_244' title='bbox 1026 1968 1113 2026; x_wconf 81' lang='grc' dir='ltr'><strong>καὶ</strong></span> <span class='ocrx_word' id='word_1_245' title='bbox 1185 1966 1325 2025; x_wconf 70' lang='grc' dir='ltr'>οὕτω</span> <span class='ocrx_word' id='word_1_246' title='bbox 1378 1969 1440 2026; x_wconf 78' lang='grc' dir='ltr'>τὸ</span> <span class='ocrx_word' id='word_1_247' title='bbox 1505 1970 1708 2025; x_wconf 77' lang='grc' dir='ltr'>οἰκεῖον</span> <span class='ocrx_word' id='word_1_248' title='bbox 1779 1967 2006 2044; x_wconf 86' lang='grc' dir='ltr'>πλάσμα</span> 
     </span>
    </p>
   </div>
   <div class='ocr_carea' id='block_1_37' title="bbox 340 2049 2007 2138">
    <p class='ocr_par' dir='ltr' id='par_1_37' title="bbox 340 2049 2007 2138">
     <span class='ocr_line' id='line_1_37' title="bbox 340 2049 2007 2138; baseline -0.001 -22"><span class='ocrx_word' id='word_1_249' title='bbox 340 2060 589 2130; x_wconf 73' lang='grc' dir='ltr'>ἠλέησεν.</span> <span class='ocrx_word' id='word_1_250' title='bbox 656 2049 714 2117; x_wconf 66' lang='grc'><strong>’0</strong></span> <span class='ocrx_word' id='word_1_251' title='bbox 771 2056 827 2114; x_wconf 71' lang='grc' dir='ltr'>δὲ</span> <span class='ocrx_word' id='word_1_252' title='bbox 901 2057 953 2124; x_wconf 76' lang='grc' dir='ltr'>ἐξ</span> <span class='ocrx_word' id='word_1_253' title='bbox 1014 2059 1193 2138; x_wconf 77' lang='grc' dir='ltr'>ἀρχῆς</span> <span class='ocrx_word' id='word_1_254' title='bbox 1263 2058 1364 2125; x_wconf 75' lang='grc' dir='ltr'>τὴν</span> <span class='ocrx_word' id='word_1_255' title='bbox 1423 2071 1655 2137; x_wconf 77' lang='grc' dir='ltr'>γυναῖκα</span> <span class='ocrx_word' id='word_1_256' title='bbox 1734 2056 2007 2138; x_wconf 76' lang='grc' dir='ltr'>δεσμήσας</span> 
     </span>
    </p>
   </div>
   <div class='ocr_carea' id='block_1_38' title="bbox 340 2131 2010 2228">
    <p class='ocr_par' dir='ltr' id='par_1_38' title="bbox 340 2131 2010 2228">
     <span class='ocr_line' id='line_1_38' title="bbox 340 2131 2010 2228; baseline -0.002 -20"><span class='ocrx_word' id='word_1_257' title='bbox 340 2157 604 2226; x_wconf 77' lang='grc' dir='ltr'>Σατανᾶς,</span> <span class='ocrx_word' id='word_1_258' title='bbox 670 2148 975 2228; x_wconf 73' lang='grc' dir='ltr'>ἀχθόμενος</span> <span class='ocrx_word' id='word_1_259' title='bbox 1032 2131 1334 2224; x_wconf 38' lang='grc' dir='ltr'>τῇνταύτης</span> <span class='ocrx_word' id='word_1_260' title='bbox 1365 2131 1541 2227; x_wconf 77' lang='grc' dir='ltr'>λύσει,</span> <span class='ocrx_word' id='word_1_261' title='bbox 1575 2149 1671 2206; x_wconf 78' lang='grc' dir='ltr'>οἶα</span> <span class='ocrx_word' id='word_1_262' title='bbox 1697 2131 1866 2206; x_wconf 78' lang='grc' dir='ltr'>θέλων</span> <span class='ocrx_word' id='word_1_263' title='bbox 1923 2131 2010 2204; x_wconf 74' lang='grc' dir='ltr'><strong>ἐπὶ</strong></span> 
     </span>
    </p>
   </div>
   <div class='ocr_carea' id='block_1_39' title="bbox 337 2238 2004 2320">
    <p class='ocr_par' dir='ltr' id='par_1_39' title="bbox 337 2238 2004 2320">
     <span class='ocr_line' id='line_1_39' title="bbox 337 2238 2004 2320; baseline -0.002 -22"><span class='ocrx_word' id='word_1_264' title='bbox 337 2242 528 2299; x_wconf 74' lang='grc' dir='ltr'>πλεῖον</span> <span class='ocrx_word' id='word_1_265' title='bbox 588 2242 979 2320; x_wconf 75' lang='grc' dir='ltr'>κακουχεϊσθαι</span> <span class='ocrx_word' id='word_1_266' title='bbox 1029 2239 1218 2314; x_wconf 70' lang='grc' dir='ltr'>αυτὴν,</span> <span class='ocrx_word' id='word_1_267' title='bbox 1275 2238 1466 2314; x_wconf 84' lang='grc' dir='ltr'>δεσμεῖ</span> <span class='ocrx_word' id='word_1_268' title='bbox 1496 2241 1588 2297; x_wconf 84' lang='grc' dir='ltr'><strong>τὸν</strong></span> <span class='ocrx_word' id='word_1_269' title='bbox 1618 2239 2004 2320; x_wconf 82' lang='grc' dir='ltr'>ἀρχισυνάγω-</span> 
     </span>
    </p>
   </div>
   <div class='ocr_carea' id='block_1_40' title="bbox 340 2327 2003 2410">
    <p class='ocr_par' dir='ltr' id='par_1_40' title="bbox 340 2327 2003 2410">
     <span class='ocr_line' id='line_1_40' title="bbox 340 2327 2003 2410; baseline -0.001 -23"><span class='ocrx_word' id='word_1_270' title='bbox 340 2357 433 2410; x_wconf 63' lang='grc' dir='ltr'>γον</span> <span class='ocrx_word' id='word_1_271' title='bbox 509 2338 584 2405; x_wconf 81' lang='grc' dir='ltr'><strong>τῷ</strong></span> <span class='ocrx_word' id='word_1_272' title='bbox 639 2330 836 2410; x_wconf 77' lang='grc' dir='ltr'>φθόνῳ,</span> <span class='ocrx_word' id='word_1_273' title='bbox 897 2330 987 2388; x_wconf 84' lang='grc' dir='ltr'><strong>καὶ</strong></span> <span class='ocrx_word' id='word_1_274' title='bbox 1037 2327 1122 2385; x_wconf 79' lang='grc' dir='ltr'><strong>διὰ</strong></span> <span class='ocrx_word' id='word_1_275' title='bbox 1187 2328 1281 2387; x_wconf 80' lang='grc' dir='ltr'><strong>τοῦ</strong></span> <span class='ocrx_word' id='word_1_276' title='bbox 1337 2330 1602 2406; x_wconf 86' lang='grc' dir='ltr'>στόματος</span> <span class='ocrx_word' id='word_1_277' title='bbox 1655 2329 1845 2389; x_wconf 89' lang='grc' dir='ltr'>τούτου</span> <span class='ocrx_word' id='word_1_278' title='bbox 1902 2329 2003 2386; x_wconf 81' lang='grc' dir='ltr'><strong>ἐπ-</strong></span> 
     </span>
    </p>
   </div>
   <div class='ocr_carea' id='block_1_41' title="bbox 342 2416 2007 2500">
    <p class='ocr_par' dir='ltr' id='par_1_41' title="bbox 342 2416 2007 2500">
     <span class='ocr_line' id='line_1_41' title="bbox 342 2416 2007 2500; baseline -0.001 -25"><span class='ocrx_word' id='word_1_279' title='bbox 342 2419 555 2500; x_wconf 78' lang='grc' dir='ltr'>ηρεάζει</span> <span class='ocrx_word' id='word_1_280' title='bbox 587 2424 664 2492; x_wconf 84' lang='grc' dir='ltr'>τῷ</span> <span class='ocrx_word' id='word_1_281' title='bbox 689 2419 914 2494; x_wconf 87' lang='grc' dir='ltr'>θαύματι</span> <span class='ocrx_word' id='word_1_282' title='bbox 949 2433 962 2448; x_wconf 86' lang='grc'><em>’</em></span> <span class='ocrx_word' id='word_1_283' title='bbox 1027 2416 1192 2482; x_wconf 62' lang='grc' dir='ltr'>οὕτως</span> <span class='ocrx_word' id='word_1_284' title='bbox 1227 2416 1326 2497; x_wconf 69' lang='grc' dir='ltr'>ἔρα</span> <span class='ocrx_word' id='word_1_285' title='bbox 1356 2427 1637 2500; x_wconf 73' lang='grc' dir='ltr'><strong>πανταχοῦ</strong></span> <span class='ocrx_word' id='word_1_286' title='bbox 1676 2431 1786 2484; x_wconf 72' lang='grc' dir='ltr'>τοῖς</span> <span class='ocrx_word' id='word_1_287' title='bbox 1815 2418 2007 2482; x_wconf 78' lang='grc' dir='ltr'>καλοῖς</span> 
     </span>
    </p>
   </div>
   <div class='ocr_carea' id='block_1_42' title="bbox 337 2506 2007 2587">
    <p class='ocr_par' dir='ltr' id='par_1_42' title="bbox 337 2506 2007 2587">
     <span class='ocr_line' id='line_1_42' title="bbox 337 2506 2007 2587; baseline -0.002 -20"><span class='ocrx_word' id='word_1_288' title='bbox 337 2511 651 2568; x_wconf 76' lang='grc' dir='ltr'>ἐπιτίθεται.</span> <span class='ocrx_word' id='word_1_289' title='bbox 719 2507 1050 2585; x_wconf 81' lang='grc' dir='ltr'>Ἀγανακτεϊ</span> <span class='ocrx_word' id='word_1_290' title='bbox 1093 2509 1183 2563; x_wconf 76' lang='grc' dir='ltr'>οὗν</span> <span class='ocrx_word' id='word_1_291' title='bbox 1226 2506 1307 2564; x_wconf 80' lang='grc' dir='ltr'><strong>ὃτι</strong></span> <span class='ocrx_word' id='word_1_292' title='bbox 1356 2507 1411 2564; x_wconf 82' lang='grc' dir='ltr'>ἐν</span> <span class='ocrx_word' id='word_1_293' title='bbox 1459 2506 1716 2582; x_wconf 87' lang='grc' dir='ltr'>Σαϐϐάτῳ</span> <span class='ocrx_word' id='word_1_294' title='bbox 1758 2510 1792 2577; x_wconf 79' lang='grc' dir='ltr'>ἡ</span> <span class='ocrx_word' id='word_1_295' title='bbox 1847 2511 2007 2587; x_wconf 89' lang='grc' dir='ltr'>θερα-</span> 
     </span>
    </p>
   </div>
   <div class='ocr_carea' id='block_1_43' title="bbox 338 2594 2008 2677">
    <p class='ocr_par' dir='ltr' id='par_1_43' title="bbox 338 2594 2008 2677">
     <span class='ocr_line' id='line_1_43' title="bbox 338 2594 2008 2677; baseline -0.003 -20"><span class='ocrx_word' id='word_1_296' title='bbox 338 2605 462 2657; x_wconf 81' lang='grc' dir='ltr'>πεία</span> <span class='ocrx_word' id='word_1_297' title='bbox 524 2597 736 2677; x_wconf 82' lang='grc' dir='ltr'>γέγονε,</span> <span class='ocrx_word' id='word_1_298' title='bbox 795 2598 853 2652; x_wconf 85' lang='grc' dir='ltr'><strong>ὃν</strong></span> <span class='ocrx_word' id='word_1_299' title='bbox 918 2597 945 2652; x_wconf 77' lang='grc' dir='ltr'>ὃ</span> <span class='ocrx_word' id='word_1_300' title='bbox 1012 2597 1198 2675; x_wconf 82' lang='grc' dir='ltr'>Κύριος</span> <span class='ocrx_word' id='word_1_301' title='bbox 1257 2597 1602 2676; x_wconf 78' lang='grc' dir='ltr'><strong>χαριεστάτῳ</strong></span> <span class='ocrx_word' id='word_1_302' title='bbox 1656 2594 2008 2676; x_wconf 78' lang='grc' dir='ltr'><strong>ὑποδείγματι</strong></span> 
     </span>
    </p>
   </div>
   <div class='ocr_carea' id='block_1_44' title="bbox 334 2683 2010 2766">
    <p class='ocr_par' dir='ltr' id='par_1_44' title="bbox 334 2683 2010 2766">
     <span class='ocr_line' id='line_1_44' title="bbox 334 2683 2010 2766; baseline -0.004 -19"><span class='ocrx_word' id='word_1_303' title='bbox 334 2697 442 2747; x_wconf 70' lang='grc' dir='ltr'>τῶν</span> <span class='ocrx_word' id='word_1_304' title='bbox 502 2687 713 2766; x_wconf 73' lang='grc' dir='ltr'>ἀλόγων</span> <span class='ocrx_word' id='word_1_305' title='bbox 784 2686 934 2757; x_wconf 83' lang='grc' dir='ltr'>ζώων</span> <span class='ocrx_word' id='word_1_306' title='bbox 1007 2683 1224 2765; x_wconf 77' lang='grc' dir='ltr'>ἐλέγχει</span> <span class='ocrx_word' id='word_1_307' title='bbox 1255 2701 1270 2715; x_wconf 92' lang='grc'>·</span> <span class='ocrx_word' id='word_1_308' title='bbox 1334 2684 1450 2742; x_wconf 79' lang='grc' dir='ltr'>ὅθεν</span> <span class='ocrx_word' id='word_1_309' title='bbox 1510 2687 1570 2743; x_wconf 80' lang='grc' dir='ltr'>οὒ</span> <span class='ocrx_word' id='word_1_310' title='bbox 1626 2686 1788 2762; x_wconf 81' lang='grc' dir='ltr'>μόνος</span> <span class='ocrx_word' id='word_1_311' title='bbox 1850 2686 2010 2750; x_wconf 75' lang='grc' dir='ltr'>αὖτὸς</span> 
     </span>
    </p>
   </div>
   <div class='ocr_carea' id='block_1_45' title="bbox 338 2774 2010 2856">
    <p class='ocr_par' dir='ltr' id='par_1_45' title="bbox 338 2774 2010 2856">
     <span class='ocr_line' id='line_1_45' title="bbox 338 2774 2010 2856; baseline -0.002 -20"><span class='ocrx_word' id='word_1_312' title='bbox 338 2793 453 2842; x_wconf 68' lang='grc' dir='ltr'>τοῖς</span> <span class='ocrx_word' id='word_1_313' title='bbox 511 2778 770 2842; x_wconf 72' lang='grc' dir='ltr'>τοιούτοις</span> <span class='ocrx_word' id='word_1_314' title='bbox 823 2775 1030 2856; x_wconf 84' lang='grc' dir='ltr'>λόγοις,</span> <span class='ocrx_word' id='word_1_315' title='bbox 1083 2774 1222 2832; x_wconf 72' lang='grc' dir='ltr'>ἀλλὰ</span> <span class='ocrx_word' id='word_1_316' title='bbox 1273 2776 1362 2832; x_wconf 78' lang='grc' dir='ltr'>καὶ</span> <span class='ocrx_word' id='word_1_317' title='bbox 1419 2775 1613 2838; x_wconf 81' lang='grc' dir='ltr'>πάντες</span> <span class='ocrx_word' id='word_1_318' title='bbox 1659 2779 1706 2833; x_wconf 73' lang='grc' dir='ltr'><strong>οἱ</strong></span> <span class='ocrx_word' id='word_1_319' title='bbox 1729 2775 1884 2832; x_wconf 75' lang='grc' dir='ltr'>ἄλλοι</span> <span class='ocrx_word' id='word_1_320' title='bbox 1918 2775 2010 2833; x_wconf 76' lang='grc' dir='ltr'><strong>ἆνο</strong></span> 
     </span>
    </p>
   </div>
   <div class='ocr_carea' id='block_1_46' title="bbox 338 2862 2006 2945">
    <p class='ocr_par' dir='ltr' id='par_1_46' title="bbox 338 2862 2006 2945">
     <span class='ocr_line' id='line_1_46' title="bbox 338 2862 2006 2945; baseline -0.002 -20"><span class='ocrx_word' id='word_1_321' title='bbox 338 2892 386 2926; x_wconf 83' lang='grc' dir='ltr'><strong>τι</strong></span> <span class='ocrx_word' id='word_1_322' title='bbox 409 2870 624 2943; x_wconf 58' lang='grc' dir='ltr'>κείμενοι</span> <span class='ocrx_word' id='word_1_323' title='bbox 668 2871 746 2940; x_wconf 82' lang='grc' dir='ltr'>τῷ</span> <span class='ocrx_word' id='word_1_324' title='bbox 801 2862 981 2932; x_wconf 83' lang='grc' dir='ltr'>Ἰησοῦ</span> <span class='ocrx_word' id='word_1_325' title='bbox 1027 2866 1132 2921; x_wconf 69' lang='grc' dir='ltr'><strong>ἀπὸ</strong></span> <span class='ocrx_word' id='word_1_326' title='bbox 1183 2865 1288 2922; x_wconf 79' lang='grc' dir='ltr'><strong>τῶν</strong></span> <span class='ocrx_word' id='word_1_327' title='bbox 1337 2865 1516 2944; x_wconf 81' lang='grc' dir='ltr'>λόγων</span> <span class='ocrx_word' id='word_1_328' title='bbox 1574 2865 2006 2945; x_wconf 77' lang='grc' dir='ltr'>κατῃσχύνοντο·</span> 
     </span>
    </p>
   </div>
   <div class='ocr_carea' id='block_1_47' title="bbox 359 2951 2006 3035">
    <p class='ocr_par' dir='ltr' id='par_1_47' title="bbox 359 2951 2006 3035">
     <span class='ocr_line' id='line_1_47' title="bbox 359 2951 2006 3035; baseline -0.002 -21"><span class='ocrx_word' id='word_1_329' title='bbox 359 2960 472 3015; x_wconf 53' lang='grc' dir='ltr'>λίαν</span> <span class='ocrx_word' id='word_1_330' title='bbox 554 2957 654 3035; x_wconf 79' lang='grc' dir='ltr'><strong>γὰρ</strong></span> <span class='ocrx_word' id='word_1_331' title='bbox 730 2955 794 3023; x_wconf 81' lang='grc' dir='ltr'><strong>ἧν</strong></span> <span class='ocrx_word' id='word_1_332' title='bbox 879 2955 1107 3022; x_wconf 80' lang='grc' dir='ltr'>ἀνόητον</span> <span class='ocrx_word' id='word_1_333' title='bbox 1189 2955 1251 3011; x_wconf 81' lang='grc' dir='ltr'><strong>τὸ</strong></span> <span class='ocrx_word' id='word_1_334' title='bbox 1322 2952 1550 3011; x_wconf 74' lang='grc' dir='ltr'>κωλύειν</span> <span class='ocrx_word' id='word_1_335' title='bbox 1623 2951 2006 3033; x_wconf 64' lang='grc' dir='ltr'>θεραπευθῆναι</span> 
     </span>
    </p>
   </div>
   <div class='ocr_carea' id='block_1_48' title="bbox 348 3041 2004 3125">
    <p class='ocr_par' dir='ltr' id='par_1_48' title="bbox 348 3041 2004 3125">
     <span class='ocr_line' id='line_1_48' title="bbox 348 3041 2004 3125; baseline -0.003 -23"><span class='ocrx_word' id='word_1_336' title='bbox 348 3047 620 3125; x_wconf 71' lang='grc' dir='ltr'>Ξρθρωπον</span> <span class='ocrx_word' id='word_1_337' title='bbox 676 3044 730 3102; x_wconf 76' lang='grc' dir='ltr'><strong>ὲν</strong></span> <span class='ocrx_word' id='word_1_338' title='bbox 788 3041 1074 3120; x_wconf 85' lang='grc' dir='ltr'>Σαϐϐάτῳ,</span> <span class='ocrx_word' id='word_1_339' title='bbox 1135 3042 1219 3100; x_wconf 77' lang='grc' dir='ltr'><strong>διὰ</strong></span> <span class='ocrx_word' id='word_1_340' title='bbox 1273 3045 1373 3112; x_wconf 79' lang='grc' dir='ltr'><strong>τὴν</strong></span> <span class='ocrx_word' id='word_1_341' title='bbox 1445 3045 1630 3122; x_wconf 84' lang='grc' dir='ltr'>ἀγρίαν</span> <span class='ocrx_word' id='word_1_342' title='bbox 1691 3041 1847 3111; x_wconf 79' lang='grc' dir='ltr'>δῆθεν</span> <span class='ocrx_word' id='word_1_343' title='bbox 1903 3043 2004 3112; x_wconf 75' lang='grc' dir='ltr'><strong>τὴν</strong></span> 
     </span>
    </p>
   </div>
   <div class='ocr_carea' id='block_1_49' title="bbox 423 3140 434 3154">
    <p class='ocr_par' dir='ltr' id='par_1_49' title="bbox 423 3140 434 3154">
     <span class='ocr_line' id='line_1_49' title="bbox 423 3140 434 3154; baseline 0 0"><span class='ocrx_word' id='word_1_344' title='bbox 423 3140 434 3154; x_wconf 64' lang='grc' dir='ltr'>δ</span> 
     </span>
    </p>
   </div>
   <div class='ocr_carea' id='block_1_50' title="bbox 348 3131 2006 3213">
    <p class='ocr_par' dir='ltr' id='par_1_50' title="bbox 348 3131 2006 3213">
     <span class='ocr_line' id='line_1_50' title="bbox 348 3131 2006 3213; baseline -0.003 -19"><span class='ocrx_word' id='word_1_345' title='bbox 348 3140 449 3194; x_wconf 68' lang='grc' dir='ltr'>ὑπὸ</span> <span class='ocrx_word' id='word_1_346' title='bbox 504 3139 597 3193; x_wconf 80' lang='grc' dir='ltr'>τοῦ</span> <span class='ocrx_word' id='word_1_347' title='bbox 665 3137 829 3211; x_wconf 82' lang='grc' dir='ltr'>νόμου</span> <span class='ocrx_word' id='word_1_348' title='bbox 903 3141 978 3210; x_wconf 84' lang='grc' dir='ltr'><strong>τῷ</strong></span> <span class='ocrx_word' id='word_1_349' title='bbox 1054 3131 1315 3209; x_wconf 83' lang='grc' dir='ltr'>Καϐϐάτῳ</span> <span class='ocrx_word' id='word_1_350' title='bbox 1383 3133 1876 3213; x_wconf 80' lang='grc' dir='ltr'>προστεταγμένην.</span> <span class='ocrx_word' id='word_1_351' title='bbox 1947 3135 2006 3191; x_wconf 82' lang='grc' dir='ltr'><strong>Οἱ</strong></span> 
     </span>
    </p>
   </div>
   <div class='ocr_carea' id='block_1_51' title="bbox 2085 1960 3732 2047">
    <p class='ocr_par' dir='ltr' id='par_1_51' title="bbox 2085 1960 3732 2047">
     <span class='ocr_line' id='line_1_51' title="bbox 2085 1960 3732 2047; baseline 0.003 -24"><span class='ocrx_word' id='word_1_352' title='bbox 2085 1960 2418 2042; x_wconf 81' lang='lat' dir='ltr'><strong>Synagogae</strong></span> <span class='ocrx_word' id='word_1_353' title='bbox 2445 1964 2681 2036; x_wconf 82' lang='lat' dir='ltr'><strong>invidia,</strong></span> <span class='ocrx_word' id='word_1_354' title='bbox 2725 1973 2784 2027; x_wconf 89' lang='lat' dir='ltr'><strong>et</strong></span> <span class='ocrx_word' id='word_1_355' title='bbox 2819 1984 2925 2046; x_wconf 92' lang='lat' dir='ltr'><strong>per</strong></span> <span class='ocrx_word' id='word_1_356' title='bbox 2968 1985 3036 2027; x_wconf 89' lang='lat' dir='ltr'><strong>os</strong></span> <span class='ocrx_word' id='word_1_357' title='bbox 3083 1966 3214 2047; x_wconf 87' lang='lat' dir='ltr'><strong>ejus</strong></span> <span class='ocrx_word' id='word_1_358' title='bbox 3242 1966 3596 2030; x_wconf 88' lang='lat' dir='ltr'><strong>miraculum</strong></span> <span class='ocrx_word' id='word_1_359' title='bbox 3629 1985 3732 2028; x_wconf 89' lang='lat' dir='ltr'><strong>ca-</strong></span> 
     </span>
    </p>
   </div>
   <div class='ocr_carea' id='block_1_52' title="bbox 2092 2048 3735 2138">
    <p class='ocr_par' dir='ltr' id='par_1_52' title="bbox 2092 2048 3735 2138">
     <span class='ocr_line' id='line_1_52' title="bbox 2092 2048 3735 2138; baseline 0.002 -27"><span class='ocrx_word' id='word_1_360' title='bbox 2092 2049 2452 2138; x_wconf 88' lang='lat' dir='ltr'><strong>lumniatur:</strong></span> <span class='ocrx_word' id='word_1_361' title='bbox 2493 2069 2658 2117; x_wconf 90' lang='lat' dir='ltr'><strong>more</strong></span> <span class='ocrx_word' id='word_1_362' title='bbox 2687 2055 2849 2116; x_wconf 89' lang='lat' dir='ltr'><strong>enim</strong></span> <span class='ocrx_word' id='word_1_363' title='bbox 2882 2074 2988 2116; x_wconf 94' lang='lat' dir='ltr'><strong>suo</strong></span> <span class='ocrx_word' id='word_1_364' title='bbox 3015 2048 3189 2119; x_wconf 81' lang='lat' dir='ltr'><strong>bonis</strong></span> <span class='ocrx_word' id='word_1_365' title='bbox 3221 2055 3442 2137; x_wconf 90' lang='lat' dir='ltr'><strong>ubique</strong></span> <span class='ocrx_word' id='word_1_366' title='bbox 3463 2055 3735 2138; x_wconf 86' lang='lat' dir='ltr'><strong>imponit.</strong></span> 
     </span>
    </p>
   </div>
   <div class='ocr_carea' id='block_1_53' title="bbox 2092 2137 3739 2225">
    <p class='ocr_par' dir='ltr' id='par_1_53' title="bbox 2092 2137 3739 2225">
     <span class='ocr_line' id='line_1_53' title="bbox 2092 2137 3739 2225; baseline 0.004 -25"><span class='ocrx_word' id='word_1_367' title='bbox 2092 2137 2434 2218; x_wconf 77' lang='lat' dir='ltr'><strong>Indignatur</strong></span> <span class='ocrx_word' id='word_1_368' title='bbox 2463 2161 2602 2222; x_wconf 81' lang='lat' dir='ltr'><strong>ergo</strong></span> <span class='ocrx_word' id='word_1_369' title='bbox 2641 2144 2799 2224; x_wconf 89' lang='lat' dir='ltr'><strong>quod</strong></span> <span class='ocrx_word' id='word_1_370' title='bbox 2831 2143 2890 2205; x_wconf 92' lang='lat' dir='ltr'><strong>in</strong></span> <span class='ocrx_word' id='word_1_371' title='bbox 2924 2143 3180 2208; x_wconf 88' lang='lat' dir='ltr'><strong>Sabbato</strong></span> <span class='ocrx_word' id='word_1_372' title='bbox 3211 2154 3452 2207; x_wconf 91' lang='lat' dir='ltr'><strong>sanatur</strong></span> <span class='ocrx_word' id='word_1_373' title='bbox 3495 2165 3510 2206; x_wconf 91' lang='lat'><strong>:</strong></span> <span class='ocrx_word' id='word_1_374' title='bbox 3557 2137 3739 2225; x_wconf 87' lang='lat' dir='ltr'><strong>quem</strong></span> 
     </span>
    </p>
   </div>
   <div class='ocr_carea' id='block_1_54' title="bbox 2095 2231 3740 2313">
    <p class='ocr_par' dir='ltr' id='par_1_54' title="bbox 2095 2231 3740 2313">
     <span class='ocr_line' id='line_1_54' title="bbox 2095 2231 3740 2313; baseline 0 -19"><span class='ocrx_word' id='word_1_375' title='bbox 2095 2231 2383 2294; x_wconf 90' lang='lat' dir='ltr'><strong>Dominus</strong></span> <span class='ocrx_word' id='word_1_376' title='bbox 2415 2231 2836 2312; x_wconf 88' lang='lat' dir='ltr'><strong>pulcherrimis</strong></span> <span class='ocrx_word' id='word_1_377' title='bbox 2857 2233 3149 2313; x_wconf 86' lang='lat' dir='ltr'><strong>exemplis</strong></span> <span class='ocrx_word' id='word_1_378' title='bbox 3173 2232 3486 2295; x_wconf 90' lang='lat' dir='ltr'><strong>brutorum</strong></span> <span class='ocrx_word' id='word_1_379' title='bbox 3509 2232 3740 2295; x_wconf 88' lang='lat' dir='ltr'><strong>anima-</strong></span> 
     </span>
    </p>
   </div>
   <div class='ocr_carea' id='block_1_55' title="bbox 2092 2320 3736 2405">
    <p class='ocr_par' dir='ltr' id='par_1_55' title="bbox 2092 2320 3736 2405">
     <span class='ocr_line' id='line_1_55' title="bbox 2092 2320 3736 2405; baseline 0.002 -23"><span class='ocrx_word' id='word_1_380' title='bbox 2092 2322 2234 2383; x_wconf 90' lang='lat' dir='ltr'><strong>lium</strong></span> <span class='ocrx_word' id='word_1_381' title='bbox 2267 2323 2478 2402; x_wconf 83' lang='lat' dir='ltr'><strong>arguit.</strong></span> <span class='ocrx_word' id='word_1_382' title='bbox 2506 2320 2678 2386; x_wconf 88' lang='lat' dir='ltr'><strong>Unde</strong></span> <span class='ocrx_word' id='word_1_383' title='bbox 2701 2343 2817 2384; x_wconf 88' lang='lat' dir='ltr'><strong>non</strong></span> <span class='ocrx_word' id='word_1_384' title='bbox 2852 2324 2982 2405; x_wconf 92' lang='lat' dir='ltr'><strong>ipse</strong></span> <span class='ocrx_word' id='word_1_385' title='bbox 2999 2331 3223 2386; x_wconf 90' lang='lat' dir='ltr'><strong>tantum</strong></span> <span class='ocrx_word' id='word_1_386' title='bbox 3257 2323 3475 2386; x_wconf 89' lang='lat' dir='ltr'><strong>talibus</strong></span> <span class='ocrx_word' id='word_1_387' title='bbox 3504 2343 3736 2388; x_wconf 87' lang='lat' dir='ltr'><strong>sermo-</strong></span> 
     </span>
    </p>
   </div>
   <div class='ocr_carea' id='block_1_56' title="bbox 2091 2411 3736 2494">
    <p class='ocr_par' dir='ltr' id='par_1_56' title="bbox 2091 2411 3736 2494">
     <span class='ocr_line' id='line_1_56' title="bbox 2091 2411 3736 2494; baseline 0.001 -22"><span class='ocrx_word' id='word_1_388' title='bbox 2091 2411 2288 2485; x_wconf 89' lang='lat' dir='ltr'><strong>nibus,</strong></span> <span class='ocrx_word' id='word_1_389' title='bbox 2326 2411 2431 2473; x_wconf 82' lang='lat' dir='ltr'><strong>setl</strong></span> <span class='ocrx_word' id='word_1_390' title='bbox 2467 2419 2525 2474; x_wconf 87' lang='lat' dir='ltr'><strong>et</strong></span> <span class='ocrx_word' id='word_1_391' title='bbox 2557 2431 2763 2474; x_wconf 91' lang='lat' dir='ltr'><strong>omnes</strong></span> <span class='ocrx_word' id='word_1_392' title='bbox 2793 2413 2894 2474; x_wconf 90' lang='lat' dir='ltr'><strong>alii</strong></span> <span class='ocrx_word' id='word_1_393' title='bbox 2943 2413 3046 2494; x_wconf 91' lang='lat' dir='ltr'><strong>qui</strong></span> <span class='ocrx_word' id='word_1_394' title='bbox 3078 2414 3544 2476; x_wconf 88' lang='lat' dir='ltr'><strong>adversabantur</strong></span> <span class='ocrx_word' id='word_1_395' title='bbox 3570 2413 3736 2488; x_wconf 82' lang='lat' dir='ltr'><strong>Jesu,</strong></span> 
     </span>
    </p>
   </div>
   <div class='ocr_carea' id='block_1_57' title="bbox 2092 2500 3746 2583">
    <p class='ocr_par' dir='ltr' id='par_1_57' title="bbox 2092 2500 3746 2583">
     <span class='ocr_line' id='line_1_57' title="bbox 2092 2500 3746 2583; baseline 0.001 -21"><span class='ocrx_word' id='word_1_396' title='bbox 2092 2500 2609 2563; x_wconf 83' lang='lat' dir='ltr'><strong>confundebantur</strong></span> <span class='ocrx_word' id='word_1_397' title='bbox 2653 2500 2872 2581; x_wconf 64' lang='lat' dir='ltr'><strong>Magnae</strong></span> <span class='ocrx_word' id='word_1_398' title='bbox 2895 2503 3055 2564; x_wconf 89' lang='lat' dir='ltr'><strong>enim</strong></span> <span class='ocrx_word' id='word_1_399' title='bbox 3080 2503 3347 2565; x_wconf 69' lang='lat' dir='ltr'><strong>stultitia:</strong></span> <span class='ocrx_word' id='word_1_400' title='bbox 3365 2513 3512 2573; x_wconf 80' lang='lat' dir='ltr'><strong>erat,</strong></span> <span class='ocrx_word' id='word_1_401' title='bbox 3542 2502 3746 2583; x_wconf 86' lang='lat' dir='ltr'><strong>prohi-</strong></span> 
     </span>
    </p>
   </div>
   <div class='ocr_carea' id='block_1_58' title="bbox 2093 2590 3739 2672">
    <p class='ocr_par' dir='ltr' id='par_1_58' title="bbox 2093 2590 3739 2672">
     <span class='ocr_line' id='line_1_58' title="bbox 2093 2590 3739 2672; baseline 0.002 -21"><span class='ocrx_word' id='word_1_402' title='bbox 2093 2590 2237 2652; x_wconf 91' lang='lat' dir='ltr'><strong>bere</strong></span> <span class='ocrx_word' id='word_1_403' title='bbox 2280 2591 2582 2653; x_wconf 88' lang='lat' dir='ltr'><strong>hominem</strong></span> <span class='ocrx_word' id='word_1_404' title='bbox 2635 2592 2833 2653; x_wconf 64' lang='lat' dir='ltr'><strong>sanari</strong></span> <span class='ocrx_word' id='word_1_405' title='bbox 2879 2591 2940 2653; x_wconf 93' lang='lat' dir='ltr'><strong>in</strong></span> <span class='ocrx_word' id='word_1_406' title='bbox 2973 2592 3231 2655; x_wconf 87' lang='lat' dir='ltr'><strong>Sabbato</strong></span> <span class='ocrx_word' id='word_1_407' title='bbox 3265 2604 3508 2672; x_wconf 87' lang='lat' dir='ltr'><strong>propter</strong></span> <span class='ocrx_word' id='word_1_408' title='bbox 3552 2592 3739 2655; x_wconf 91' lang='lat' dir='ltr'><strong>otium</strong></span> 
     </span>
    </p>
   </div>
   <div class='ocr_carea' id='block_1_59' title="bbox 2097 2680 3742 2764">
    <p class='ocr_par' dir='ltr' id='par_1_59' title="bbox 2097 2680 3742 2764">
     <span class='ocr_line' id='line_1_59' title="bbox 2097 2680 3742 2764; baseline 0.002 -24"><span class='ocrx_word' id='word_1_409' title='bbox 2097 2681 2250 2761; x_wconf 89' lang='lat' dir='ltr'><strong>quod</strong></span> <span class='ocrx_word' id='word_1_410' title='bbox 2285 2680 2481 2760; x_wconf 83' lang='lat' dir='ltr'><strong>aliqua</strong></span> <span class='ocrx_word' id='word_1_411' title='bbox 2515 2700 2580 2742; x_wconf 83' lang='lat' dir='ltr'><strong>ex</strong></span> <span class='ocrx_word' id='word_1_412' title='bbox 2619 2689 2786 2761; x_wconf 84' lang='lat' dir='ltr'><strong>parte</strong></span> <span class='ocrx_word' id='word_1_413' title='bbox 2817 2681 2877 2742; x_wconf 92' lang='lat' dir='ltr'><strong>in</strong></span> <span class='ocrx_word' id='word_1_414' title='bbox 2915 2681 3175 2745; x_wconf 78' lang='lat' dir='ltr'><strong>Sabbato</strong></span> <span class='ocrx_word' id='word_1_415' title='bbox 3210 2683 3302 2745; x_wconf 78' lang='lat' dir='ltr'><strong>lex</strong></span> <span class='ocrx_word' id='word_1_416' title='bbox 3353 2691 3742 2764; x_wconf 62' lang='lat' dir='ltr'><strong>praeceperat.</strong></span> 
     </span>
    </p>
   </div>
   <div class='ocr_carea' id='block_1_60' title="bbox 2101 2769 3740 2850">
    <p class='ocr_par' dir='ltr' id='par_1_60' title="bbox 2101 2769 3740 2850">
     <span class='ocr_line' id='line_1_60' title="bbox 2101 2769 3740 2850; baseline 0.002 -19"><span class='ocrx_word' id='word_1_417' title='bbox 2101 2771 2282 2848; x_wconf 81' lang='lat' dir='ltr'><strong>Igitur</strong></span> <span class='ocrx_word' id='word_1_418' title='bbox 2329 2769 2428 2850; x_wconf 87' lang='lat' dir='ltr'><strong>qui</strong></span> <span class='ocrx_word' id='word_1_419' title='bbox 2477 2769 2946 2832; x_wconf 86' lang='lat' dir='ltr'><strong>adversabantur</strong></span> <span class='ocrx_word' id='word_1_420' title='bbox 2989 2773 3153 2842; x_wconf 85' lang='lat' dir='ltr'><strong>Jesu,</strong></span> <span class='ocrx_word' id='word_1_421' title='bbox 3204 2771 3740 2835; x_wconf 79' lang='lat' dir='ltr'><strong>confundebantur.</strong></span> 
     </span>
    </p>
   </div>
   <div class='ocr_carea' id='block_1_61' title="bbox 2099 2858 3745 2940">
    <p class='ocr_par' dir='ltr' id='par_1_61' title="bbox 2099 2858 3745 2940">
     <span class='ocr_line' id='line_1_61' title="bbox 2099 2858 3745 2940; baseline 0.002 -20"><span class='ocrx_word' id='word_1_422' title='bbox 2099 2858 2314 2920; x_wconf 63' lang='lat' dir='ltr'><strong>Turbae</strong></span> <span class='ocrx_word' id='word_1_423' title='bbox 2361 2867 2554 2920; x_wconf 89' lang='lat' dir='ltr'><strong>autem</strong></span> <span class='ocrx_word' id='word_1_424' title='bbox 2589 2858 2930 2938; x_wconf 82' lang='lat' dir='ltr'><strong>gaudebant</strong></span> <span class='ocrx_word' id='word_1_425' title='bbox 2975 2859 3035 2921; x_wconf 91' lang='lat' dir='ltr'><strong>in</strong></span> <span class='ocrx_word' id='word_1_426' title='bbox 3093 2861 3395 2940; x_wconf 87' lang='lat' dir='ltr'><strong>operibus,</strong></span> <span class='ocrx_word' id='word_1_427' title='bbox 3448 2861 3603 2922; x_wconf 92' lang='lat' dir='ltr'><strong>sicut</strong></span> <span class='ocrx_word' id='word_1_428' title='bbox 3659 2860 3745 2924; x_wconf 92' lang='lat' dir='ltr'><strong>illi</strong></span> 
     </span>
    </p>
   </div>
   <div class='ocr_carea' id='block_1_62' title="bbox 2094 2947 3744 3030">
    <p class='ocr_par' dir='ltr' id='par_1_62' title="bbox 2094 2947 3744 3030">
     <span class='ocr_line' id='line_1_62' title="bbox 2094 2947 3744 3030; baseline 0.003 -21"><span class='ocrx_word' id='word_1_429' title='bbox 2094 2947 2378 3030; x_wconf 89' lang='lat' dir='ltr'><strong>operibus</strong></span> <span class='ocrx_word' id='word_1_430' title='bbox 2409 2967 2526 3010; x_wconf 92' lang='lat' dir='ltr'><strong>non</strong></span> <span class='ocrx_word' id='word_1_431' title='bbox 2558 2947 2917 3027; x_wconf 77' lang='lat' dir='ltr'><strong>gaudebant,</strong></span> <span class='ocrx_word' id='word_1_432' title='bbox 2953 2949 3058 3010; x_wconf 88' lang='lat' dir='ltr'><strong>sed</strong></span> <span class='ocrx_word' id='word_1_433' title='bbox 3086 2949 3485 3026; x_wconf 90' lang='lat' dir='ltr'><strong>insaniebant,</strong></span> <span class='ocrx_word' id='word_1_434' title='bbox 3511 2949 3744 3014; x_wconf 88' lang='lat' dir='ltr'><strong>Christo</strong></span> 
     </span>
    </p>
   </div>
   <div class='ocr_carea' id='block_1_63' title="bbox 2091 3037 3745 3102">
    <p class='ocr_par' dir='ltr' id='par_1_63' title="bbox 2091 3037 3745 3102">
     <span class='ocr_line' id='line_1_63' title="bbox 2091 3037 3745 3102; baseline 0.002 -4"><span class='ocrx_word' id='word_1_435' title='bbox 2091 3037 2345 3100; x_wconf 82' lang='lat' dir='ltr'><strong>faciente</strong></span> <span class='ocrx_word' id='word_1_436' title='bbox 2375 3037 2766 3100; x_wconf 87' lang='lat' dir='ltr'><strong>miracula.At</strong></span> <span class='ocrx_word' id='word_1_437' title='bbox 2790 3037 2975 3100; x_wconf 69' lang='lat' dir='ltr'><strong>turbae</strong></span> <span class='ocrx_word' id='word_1_438' title='bbox 3007 3057 3072 3099; x_wconf 86' lang='lat' dir='ltr'><strong>ex</strong></span> <span class='ocrx_word' id='word_1_439' title='bbox 3109 3038 3412 3101; x_wconf 90' lang='lat' dir='ltr'><strong>miraculis</strong></span> <span class='ocrx_word' id='word_1_440' title='bbox 3431 3039 3745 3102; x_wconf 86' lang='lat' dir='ltr'><strong>utilitatem</strong></span> 
     </span>
    </p>
   </div>
   <div class='ocr_carea' id='block_1_64' title="bbox 2090 3125 3744 3209">
    <p class='ocr_par' dir='ltr' id='par_1_64' title="bbox 2090 3125 3744 3209">
     <span class='ocr_line' id='line_1_64' title="bbox 2090 3125 3744 3209; baseline 0.002 -21"><span class='ocrx_word' id='word_1_441' title='bbox 2090 3126 2518 3208; x_wconf 87' lang='lat' dir='ltr'><strong>percipientes,</strong></span> <span class='ocrx_word' id='word_1_442' title='bbox 2552 3125 2914 3204; x_wconf 84' lang='lat' dir='ltr'><strong>gaudebant,</strong></span> <span class='ocrx_word' id='word_1_443' title='bbox 2941 3127 3196 3189; x_wconf 84' lang='lat' dir='ltr'><strong>maxime</strong></span> <span class='ocrx_word' id='word_1_444' title='bbox 3227 3129 3382 3209; x_wconf 90' lang='lat' dir='ltr'><strong>quod</strong></span> <span class='ocrx_word' id='word_1_445' title='bbox 3415 3129 3744 3191; x_wconf 86' lang='lat' dir='ltr'><strong>sanationi-</strong></span> 
     </span>
    </p>
   </div>
   <div class='ocr_carea' id='block_1_65' title="bbox 345 3213 2003 3302">
    <p class='ocr_par' dir='ltr' id='par_1_65' title="bbox 345 3214 2002 3302">
     <span class='ocr_line' id='line_1_65' title="bbox 345 3214 2002 3302; baseline -0.003 -18"><span class='ocrx_word' id='word_1_446' title='bbox 345 3230 442 3302; x_wconf 60' lang='grc' dir='ltr'>μὲν</span> <span class='ocrx_word' id='word_1_447' title='bbox 485 3234 572 3283; x_wconf 91' lang='grc' dir='ltr'><strong>οῦν</strong></span> <span class='ocrx_word' id='word_1_448' title='bbox 633 3214 987 3299; x_wconf 72' lang='grc' dir='ltr'>ἀντικείμενοι</span> <span class='ocrx_word' id='word_1_449' title='bbox 1031 3229 1109 3297; x_wconf 84' lang='grc' dir='ltr'>τῷ</span> <span class='ocrx_word' id='word_1_450' title='bbox 1155 3223 1332 3292; x_wconf 86' lang='grc' dir='ltr'>Ἰησοῦ</span> <span class='ocrx_word' id='word_1_451' title='bbox 1387 3223 1494 3280; x_wconf 77' lang='grc' dir='ltr'>ἀπὸ</span> <span class='ocrx_word' id='word_1_452' title='bbox 1523 3229 1628 3280; x_wconf 82' lang='grc' dir='ltr'>τῶν</span> <span class='ocrx_word' id='word_1_453' title='bbox 1661 3222 1836 3302; x_wconf 86' lang='grc' dir='ltr'>λόγων</span> <span class='ocrx_word' id='word_1_454' title='bbox 1867 3245 2002 3280; x_wconf 87' lang='grc' dir='ltr'>κατ-</span> 
     </span>
    </p>
   </div>
   <div class='ocr_carea' id='block_1_66' title="bbox 2089 3213 3744 3302">
    <p class='ocr_par' dir='ltr' id='par_1_66' title="bbox 2099 3213 3744 3294">
     <span class='ocr_line' id='line_1_66' title="bbox 2099 3213 3744 3294; baseline 0.002 -18"><span class='ocrx_word' id='word_1_455' title='bbox 2099 3215 2206 3276; x_wconf 91' lang='lat' dir='ltr'><strong>bus</strong></span> <span class='ocrx_word' id='word_1_456' title='bbox 2237 3215 2598 3276; x_wconf 87' lang='lat' dir='ltr'><strong>fruerentur.</strong></span> <span class='ocrx_word' id='word_1_457' title='bbox 2632 3213 2934 3294; x_wconf 83' lang='lat' dir='ltr'><strong>Intelligas</strong></span> <span class='ocrx_word' id='word_1_458' title='bbox 2964 3224 3188 3290; x_wconf 87' lang='lat' dir='ltr'><strong>autem,</strong></span> <span class='ocrx_word' id='word_1_459' title='bbox 3226 3236 3353 3292; x_wconf 88' lang='lat' dir='ltr'><strong>oro,</strong></span> <span class='ocrx_word' id='word_1_460' title='bbox 3391 3215 3744 3280; x_wconf 85' lang='lat' dir='ltr'><strong>miraculum</strong></span> 
     </span>
    </p>
   </div>
   <div class='ocr_carea' id='block_1_67' title="bbox 342 3283 2003 3398">
    <p class='ocr_par' dir='ltr' id='par_1_67' title="bbox 342 3283 2003 3398">
     <span class='ocr_line' id='line_1_67' title="bbox 342 3283 2003 3398; baseline 0.016 -47"><span class='ocrx_word' id='word_1_461' title='bbox 342 3285 668 3398; x_wconf 40' lang='grc' dir='ltr'><strong>ἓστχύνοντο,</strong></span> <span class='ocrx_word' id='word_1_462' title='bbox 735 3316 783 3372; x_wconf 80' lang='grc' dir='ltr'>οἱ</span> <span class='ocrx_word' id='word_1_463' title='bbox 952 3311 1117 3394; x_wconf 74' lang='grc' dir='ltr'>ὄχλοι</span> <span class='ocrx_word' id='word_1_464' title='bbox 1177 3313 1400 3395; x_wconf 72' lang='grc' dir='ltr'>ἔχαιρον</span> <span class='ocrx_word' id='word_1_465' title='bbox 1432 3311 1519 3369; x_wconf 80' lang='grc' dir='ltr'><strong>ἐπὶ</strong></span> <span class='ocrx_word' id='word_1_466' title='bbox 1545 3325 1664 3378; x_wconf 68' lang='grc' dir='ltr'>τοῖς</span> <span class='ocrx_word' id='word_1_467' title='bbox 1699 3283 1898 3392; x_wconf 73' lang='grc' dir='ltr'>ἔργοις,</span> <span class='ocrx_word' id='word_1_468' title='bbox 1937 3314 2003 3377; x_wconf 82' lang='grc' dir='ltr'><strong>ὡς</strong></span> 
     </span>
    </p>
   </div>
   <div class='ocr_carea' id='block_1_68' title="bbox 2089 3283 3748 3398">
    <p class='ocr_par' dir='ltr' id='par_1_68' title="bbox 2101 3283 3748 3370">
     <span class='ocr_line' id='line_1_68' title="bbox 2101 3283 3748 3370; baseline 0.004 -6"><span class='ocrx_word' id='word_1_469' title='bbox 2101 3305 2260 3366; x_wconf 80' lang='lat' dir='ltr'><strong>istud</strong></span> <span class='ocrx_word' id='word_1_470' title='bbox 2294 3304 2470 3365; x_wconf 87' lang='lat' dir='ltr'><strong>etiam</strong></span> <span class='ocrx_word' id='word_1_471' title='bbox 2503 3304 2576 3366; x_wconf 88' lang='lat' dir='ltr'><strong>de</strong></span> <span class='ocrx_word' id='word_1_472' title='bbox 2609 3283 3134 3368; x_wconf 51' lang='lat' dir='ltr'><strong>internuvhomine.</strong></span> <span class='ocrx_word' id='word_1_473' title='bbox 3174 3306 3520 3369; x_wconf 89' lang='lat' dir='ltr'><strong>lncurvatur</strong></span> <span class='ocrx_word' id='word_1_474' title='bbox 3547 3307 3748 3370; x_wconf 85' lang='lat' dir='ltr'><strong>anima</strong></span> 
     </span>
    </p>
   </div>
   <div class='ocr_carea' id='block_1_69' title="bbox 341 3396 2003 3483">
    <p class='ocr_par' dir='ltr' id='par_1_69' title="bbox 341 3396 2003 3483">
     <span class='ocr_line' id='line_1_69' title="bbox 341 3396 2003 3483; baseline -0.002 -19"><span class='ocrx_word' id='word_1_475' title='bbox 341 3396 545 3465; x_wconf 57' lang='grc' dir='ltr'>ἐκείνοι</span> <span class='ocrx_word' id='word_1_476' title='bbox 604 3427 666 3483; x_wconf 80' lang='grc' dir='ltr'><strong>γε</strong></span> <span class='ocrx_word' id='word_1_477' title='bbox 714 3417 834 3470; x_wconf 76' lang='grc' dir='ltr'>τοῖς</span> <span class='ocrx_word' id='word_1_478' title='bbox 879 3403 1053 3483; x_wconf 81' lang='grc' dir='ltr'>ἔργοις</span> <span class='ocrx_word' id='word_1_479' title='bbox 1111 3405 1203 3462; x_wconf 71' lang='grc' dir='ltr'><strong>οὒκ</strong></span> <span class='ocrx_word' id='word_1_480' title='bbox 1261 3402 1508 3483; x_wconf 78' lang='grc' dir='ltr'>ἔχαιρον,</span> <span class='ocrx_word' id='word_1_481' title='bbox 1541 3401 1662 3459; x_wconf 73' lang='grc' dir='ltr'>ἀλλ’</span> <span class='ocrx_word' id='word_1_482' title='bbox 1694 3402 2003 3474; x_wconf 74' lang='grc' dir='ltr'>ἒξετήκοντ(</span> 
     </span>
    </p>
   </div>
   <div class='ocr_carea' id='block_1_70' title="bbox 2089 3396 3744 3483">
    <p class='ocr_par' dir='ltr' id='par_1_70' title="bbox 2103 3396 3744 3480">
     <span class='ocr_line' id='line_1_70' title="bbox 2103 3396 3744 3480; baseline 0.002 -23"><span class='ocrx_word' id='word_1_483' title='bbox 2103 3397 2336 3480; x_wconf 84' lang='lat' dir='ltr'><strong>quando</strong></span> <span class='ocrx_word' id='word_1_484' title='bbox 2367 3396 2437 3458; x_wconf 89' lang='lat' dir='ltr'><strong>ad</strong></span> <span class='ocrx_word' id='word_1_485' title='bbox 2475 3404 2747 3458; x_wconf 89' lang='lat' dir='ltr'><strong>terrenas</strong></span> <span class='ocrx_word' id='word_1_486' title='bbox 2782 3403 3006 3458; x_wconf 85' lang='lat' dir='ltr'><strong>tantum</strong></span> <span class='ocrx_word' id='word_1_487' title='bbox 3053 3417 3229 3460; x_wconf 89' lang='lat' dir='ltr'><strong>curas</strong></span> <span class='ocrx_word' id='word_1_488' title='bbox 3261 3398 3466 3478; x_wconf 76' lang='lat' dir='ltr'><strong>vergit,</strong></span> <span class='ocrx_word' id='word_1_489' title='bbox 3506 3407 3564 3460; x_wconf 91' lang='lat' dir='ltr'><strong>et</strong></span> <span class='ocrx_word' id='word_1_490' title='bbox 3596 3397 3744 3474; x_wconf 84' lang='lat' dir='ltr'><strong>nihil</strong></span> 
     </span>
    </p>
   </div>
   <div class='ocr_carea' id='block_1_71' title="bbox 339 3485 2003 3573">
    <p class='ocr_par' dir='ltr' id='par_1_71' title="bbox 339 3491 2003 3573">
     <span class='ocr_line' id='line_1_71' title="bbox 339 3491 2003 3573; baseline -0.002 -20"><span class='ocrx_word' id='word_1_491' title='bbox 339 3502 866 3573; x_wconf 80' lang='grc' dir='ltr'>Θαυματουργοῦντος</span> <span class='ocrx_word' id='word_1_492' title='bbox 952 3496 1045 3552; x_wconf 87' lang='grc' dir='ltr'>τοῦ</span> <span class='ocrx_word' id='word_1_493' title='bbox 1118 3500 1363 3573; x_wconf 79' lang='grc' dir='ltr'>Χριστοῦ.</span> <span class='ocrx_word' id='word_1_494' title='bbox 1444 3494 1505 3551; x_wconf 83' lang='lat' dir='ltr'><strong>0i</strong></span> <span class='ocrx_word' id='word_1_495' title='bbox 1573 3491 1628 3549; x_wconf 75' lang='grc' dir='ltr'>δὲ</span> <span class='ocrx_word' id='word_1_496' title='bbox 1686 3498 1779 3549; x_wconf 91' lang='grc' dir='ltr'><strong>τοῦ</strong></span> <span class='ocrx_word' id='word_1_497' title='bbox 1840 3491 2003 3573; x_wconf 66' lang='grc' dir='ltr'><strong>ὄχλοι</strong></span> 
     </span>
    </p>
   </div>
   <div class='ocr_carea' id='block_1_72' title="bbox 2089 3485 3746 3573">
    <p class='ocr_par' dir='ltr' id='par_1_72' title="bbox 2099 3485 3746 3568">
     <span class='ocr_line' id='line_1_72' title="bbox 2099 3485 3746 3568; baseline -0.001 -17"><span class='ocrx_word' id='word_1_498' title='bbox 2099 3487 2349 3551; x_wconf 74' lang='lat' dir='ltr'><strong>C(Bleste</strong></span> <span class='ocrx_word' id='word_1_499' title='bbox 2374 3486 2461 3548; x_wconf 90' lang='lat' dir='ltr'><strong>vel</strong></span> <span class='ocrx_word' id='word_1_500' title='bbox 2481 3485 2739 3548; x_wconf 91' lang='lat' dir='ltr'><strong>divinum</strong></span> <span class='ocrx_word' id='word_1_501' title='bbox 2765 3505 2964 3549; x_wconf 89' lang='lat' dir='ltr'><strong>secum</strong></span> <span class='ocrx_word' id='word_1_502' title='bbox 2987 3487 3509 3568; x_wconf 89' lang='lat' dir='ltr'><strong>concipit.ldcirco</strong></span> <span class='ocrx_word' id='word_1_503' title='bbox 3534 3489 3746 3551; x_wconf 85' lang='lat' dir='ltr'><strong>decem</strong></span> 
     </span>
    </p>
   </div>
   <div class='ocr_carea' id='block_1_73' title="bbox 341 3581 2014 3667">
    <p class='ocr_par' dir='ltr' id='par_1_73' title="bbox 341 3581 2014 3667">
     <span class='ocr_line' id='line_1_73' title="bbox 341 3581 2014 3667; baseline 0.001 -29"><span class='ocrx_word' id='word_1_504' title='bbox 341 3589 438 3645; x_wconf 74' lang='grc' dir='ltr'>υἷα</span> <span class='ocrx_word' id='word_1_505' title='bbox 494 3584 859 3665; x_wconf 73' lang='grc' dir='ltr'>ὠφελούμενοι</span> <span class='ocrx_word' id='word_1_506' title='bbox 919 3583 980 3642; x_wconf 82' lang='grc' dir='ltr'>ἐκ</span> <span class='ocrx_word' id='word_1_507' title='bbox 1020 3590 1125 3640; x_wconf 84' lang='grc' dir='ltr'><strong>τῶν</strong></span> <span class='ocrx_word' id='word_1_508' title='bbox 1190 3583 1459 3661; x_wconf 86' lang='grc' dir='ltr'>σημείων,</span> <span class='ocrx_word' id='word_1_509' title='bbox 1519 3581 1767 3663; x_wconf 71' lang='grc' dir='ltr'>ἕχκιρον,</span> <span class='ocrx_word' id='word_1_510' title='bbox 1813 3583 2014 3667; x_wconf 64' lang='grc' dir='ltr'><strong>ίιιὶσεων</strong></span> 
     </span>
    </p>
   </div>
   <div class='ocr_carea' id='block_1_74' title="bbox 343 3671 2004 3758">
    <p class='ocr_par' dir='ltr' id='par_1_74' title="bbox 343 3671 2004 3758">
     <span class='ocr_line' id='line_1_74' title="bbox 343 3671 2004 3758; baseline -0.002 -25"><span class='ocrx_word' id='word_1_511' title='bbox 343 3675 730 3739; x_wconf 64' lang='grc' dir='ltr'>ἀπολαύοντες.</span> <span class='ocrx_word' id='word_1_512' title='bbox 777 3680 953 3732; x_wconf 85' lang='grc' dir='ltr'>Ταῦτα</span> <span class='ocrx_word' id='word_1_513' title='bbox 995 3671 1051 3730; x_wconf 83' lang='grc' dir='ltr'>δέ</span> <span class='ocrx_word' id='word_1_514' title='bbox 1095 3697 1188 3751; x_wconf 92' lang='grc' dir='ltr'><strong>μοι</strong></span> <span class='ocrx_word' id='word_1_515' title='bbox 1232 3671 1470 3749; x_wconf 83' lang='grc' dir='ltr'>λάμϐανε</span> <span class='ocrx_word' id='word_1_516' title='bbox 1512 3673 1580 3729; x_wconf 80' lang='grc' dir='ltr'><strong>τὰ</strong></span> <span class='ocrx_word' id='word_1_517' title='bbox 1629 3672 1872 3748; x_wconf 87' lang='grc' dir='ltr'>θαύματα</span> <span class='ocrx_word' id='word_1_518' title='bbox 1915 3693 2004 3758; x_wconf 65' lang='grc' dir='ltr'><strong>καὶ</strong></span> 
     </span>
    </p>
   </div>
   <div class='ocr_carea' id='block_1_75' title="bbox 338 3761 2012 3851">
    <p class='ocr_par' dir='ltr' id='par_1_75' title="bbox 338 3761 2012 3851">
     <span class='ocr_line' id='line_1_75' title="bbox 338 3761 2012 3851; baseline -0.01 -28"><span class='ocrx_word' id='word_1_519' title='bbox 338 3769 428 3823; x_wconf 71' lang='grc' dir='ltr'><strong>επὶ</strong></span> <span class='ocrx_word' id='word_1_520' title='bbox 483 3767 574 3822; x_wconf 80' lang='grc' dir='ltr'><strong>τὸν</strong></span> <span class='ocrx_word' id='word_1_521' title='bbox 619 3763 767 3828; x_wconf 75' lang='grc' dir='ltr'>ἐντὸς</span> <span class='ocrx_word' id='word_1_522' title='bbox 828 3761 1101 3842; x_wconf 74' lang='grc' dir='ltr'>ἄνθρωπον</span> <span class='ocrx_word' id='word_1_523' title='bbox 1141 3781 1154 3794; x_wconf 93' lang='grc'><strong>·</strong></span> <span class='ocrx_word' id='word_1_524' title='bbox 1220 3763 1509 3842; x_wconf 87' lang='grc' dir='ltr'>συγκύπτει</span> <span class='ocrx_word' id='word_1_525' title='bbox 1583 3762 1682 3841; x_wconf 77' lang='grc' dir='ltr'>γὰρ</span> <span class='ocrx_word' id='word_1_526' title='bbox 1725 3764 1759 3830; x_wconf 76' lang='grc' dir='ltr'>ἡ</span> <span class='ocrx_word' id='word_1_527' title='bbox 1823 3763 2012 3851; x_wconf 50' lang='grc' dir='ltr'>ψυχὴ.</span> 
     </span>
    </p>
   </div>
   <div class='ocr_carea' id='block_1_76' title="bbox 342 3843 2012 3931">
    <p class='ocr_par' dir='ltr' id='par_1_76' title="bbox 342 3843 2012 3931">
     <span class='ocr_line' id='line_1_76' title="bbox 342 3843 2012 3931; baseline -0.003 -19"><span class='ocrx_word' id='word_1_528' title='bbox 342 3855 468 3912; x_wconf 72' lang='grc' dir='ltr'>ὅταν</span> <span class='ocrx_word' id='word_1_529' title='bbox 502 3843 610 3910; x_wconf 65' lang='grc' dir='ltr'><strong>’ἐπὶ</strong></span> <span class='ocrx_word' id='word_1_530' title='bbox 668 3855 763 3918; x_wconf 76' lang='grc' dir='ltr'><strong>τὰς</strong></span> <span class='ocrx_word' id='word_1_531' title='bbox 825 3857 1027 3931; x_wconf 78' lang='grc' dir='ltr'>γη³ινας</span> <span class='ocrx_word' id='word_1_532' title='bbox 1105 3853 1274 3929; x_wconf 87' lang='grc' dir='ltr'>μόνας</span> <span class='ocrx_word' id='word_1_533' title='bbox 1361 3848 1639 3931; x_wconf 76' lang='grc' dir='ltr'>φροντίδας</span> <span class='ocrx_word' id='word_1_534' title='bbox 1695 3851 1850 3928; x_wconf 75' lang='grc' dir='ltr'>νεύῃ,</span> <span class='ocrx_word' id='word_1_535' title='bbox 1921 3843 2012 3919; x_wconf 59' lang='grc' dir='ltr'><strong>καί</strong></span> 
     </span>
    </p>
   </div>
   <div class='ocr_carea' id='block_1_77' title="bbox 343 3939 2017 4024">
    <p class='ocr_par' dir='ltr' id='par_1_77' title="bbox 343 3939 2017 4024">
     <span class='ocr_line' id='line_1_77' title="bbox 343 3939 2017 4024; baseline -0.003 -22"><span class='ocrx_word' id='word_1_536' title='bbox 343 3943 510 4021; x_wconf 75' lang='grc' dir='ltr'>μηδὲν</span> <span class='ocrx_word' id='word_1_537' title='bbox 564 3943 808 4022; x_wconf 76' lang='grc' dir='ltr'>οὗράνιον</span> <span class='ocrx_word' id='word_1_538' title='bbox 849 3943 884 4011; x_wconf 79' lang='grc' dir='ltr'><strong>ἢ</strong></span> <span class='ocrx_word' id='word_1_539' title='bbox 940 3947 1088 4000; x_wconf 73' lang='grc' dir='ltr'>θεῖον</span> <span class='ocrx_word' id='word_1_540' title='bbox 1145 3939 1478 4024; x_wconf 70' lang='grc' dir='ltr'>φαντάζηται</span> <span class='ocrx_word' id='word_1_541' title='bbox 1512 3957 1531 3977; x_wconf 80' lang='grc'><em>’</em></span> <span class='ocrx_word' id='word_1_542' title='bbox 1591 3939 1672 3997; x_wconf 84' lang='grc' dir='ltr'>διὸ</span> <span class='ocrx_word' id='word_1_543' title='bbox 1730 3943 1820 3998; x_wconf 81' lang='grc' dir='ltr'><strong>καὶ</strong></span> <span class='ocrx_word' id='word_1_544' title='bbox 1873 3941 2017 3997; x_wconf 84' lang='grc' dir='ltr'>ὀκτὼ</span> 
     </span>
    </p>
   </div>
   <div class='ocr_carea' id='block_1_78' title="bbox 341 4029 2015 4110">
    <p class='ocr_par' dir='ltr' id='par_1_78' title="bbox 341 4029 2015 4110">
     <span class='ocr_line' id='line_1_78' title="bbox 341 4029 2015 4110; baseline -0.002 -19"><span class='ocrx_word' id='word_1_545' title='bbox 341 4037 430 4091; x_wconf 80' lang='grc' dir='ltr'><strong>καὶ</strong></span> <span class='ocrx_word' id='word_1_546' title='bbox 459 4031 584 4091; x_wconf 75' lang='grc' dir='ltr'>δέκα</span> <span class='ocrx_word' id='word_1_547' title='bbox 613 4031 709 4100; x_wconf 77' lang='grc' dir='ltr'>ἔτη</span> <span class='ocrx_word' id='word_1_548' title='bbox 742 4045 919 4090; x_wconf 79' lang='grc' dir='ltr'>νοσεῖν</span> <span class='ocrx_word' id='word_1_549' title='bbox 975 4030 1211 4110; x_wconf 80' lang='grc' dir='ltr'>λέγεται.</span> <span class='ocrx_word' id='word_1_550' title='bbox 1267 4029 1436 4089; x_wconf 75' lang='grc' dir='ltr'>’Ὅταν</span> <span class='ocrx_word' id='word_1_551' title='bbox 1486 4031 1584 4110; x_wconf 76' lang='grc' dir='ltr'><strong>γὰρ</strong></span> <span class='ocrx_word' id='word_1_552' title='bbox 1614 4051 1696 4093; x_wconf 89' lang='grc' dir='ltr'><strong>τις</strong></span> <span class='ocrx_word' id='word_1_553' title='bbox 1737 4031 1856 4108; x_wconf 87' lang='grc' dir='ltr'>περὶ</span> <span class='ocrx_word' id='word_1_554' title='bbox 1915 4031 2015 4096; x_wconf 71' lang='grc' dir='ltr'><strong>τὴν</strong></span> 
     </span>
    </p>
   </div>
   <div class='ocr_carea' id='block_1_79' title="bbox 341 4117 2012 4204">
    <p class='ocr_par' dir='ltr' id='par_1_79' title="bbox 341 4117 2012 4204">
     <span class='ocr_line' id='line_1_79' title="bbox 341 4117 2012 4204; baseline -0.015 -24"><span class='ocrx_word' id='word_1_555' title='bbox 341 4125 568 4204; x_wconf 74' lang='grc' dir='ltr'>τήρησιν</span> <span class='ocrx_word' id='word_1_556' title='bbox 640 4127 748 4178; x_wconf 67' lang='grc' dir='ltr'><strong>τῶν</strong></span> <span class='ocrx_word' id='word_1_557' title='bbox 806 4119 1035 4178; x_wconf 74' lang='grc' dir='ltr'>ἐντολῶν</span> <span class='ocrx_word' id='word_1_558' title='bbox 1091 4127 1184 4177; x_wconf 90' lang='grc' dir='ltr'><strong>τοῦ</strong></span> <span class='ocrx_word' id='word_1_559' title='bbox 1239 4119 1378 4177; x_wconf 88' lang='grc' dir='ltr'>θείου</span> <span class='ocrx_word' id='word_1_560' title='bbox 1422 4120 1609 4196; x_wconf 64' lang='grc' dir='ltr'>νόμου,</span> <span class='ocrx_word' id='word_1_561' title='bbox 1657 4117 1860 4185; x_wconf 66' lang='grc' dir='ltr'><strong>αἵτινές</strong></span> <span class='ocrx_word' id='word_1_562' title='bbox 1913 4121 2012 4176; x_wconf 70' lang='grc' dir='ltr'><strong>εἶσι</strong></span> 
     </span>
    </p>
   </div>
   <div class='ocr_carea' id='block_1_80' title="bbox 339 4208 2010 4290">
    <p class='ocr_par' dir='ltr' id='par_1_80' title="bbox 339 4208 2010 4290">
     <span class='ocr_line' id='line_1_80' title="bbox 339 4208 2010 4290; baseline -0.001 -21"><span class='ocrx_word' id='word_1_563' title='bbox 339 4213 488 4286; x_wconf 70' lang='grc' dir='ltr'>δέκα,</span> <span class='ocrx_word' id='word_1_564' title='bbox 550 4213 637 4268; x_wconf 86' lang='grc' dir='ltr'><strong>καὶ</strong></span> <span class='ocrx_word' id='word_1_565' title='bbox 693 4212 811 4290; x_wconf 85' lang='grc' dir='ltr'>περὶ</span> <span class='ocrx_word' id='word_1_566' title='bbox 871 4211 971 4279; x_wconf 78' lang='grc' dir='ltr'><strong>τὴν</strong></span> <span class='ocrx_word' id='word_1_567' title='bbox 1022 4209 1208 4268; x_wconf 81' lang='grc' dir='ltr'>ἐλπίδα</span> <span class='ocrx_word' id='word_1_568' title='bbox 1238 4218 1330 4268; x_wconf 91' lang='grc' dir='ltr'>τοῦ</span> <span class='ocrx_word' id='word_1_569' title='bbox 1357 4208 1543 4288; x_wconf 82' lang='grc' dir='ltr'>ὀγδόου</span> <span class='ocrx_word' id='word_1_570' title='bbox 1569 4210 1757 4275; x_wconf 74' lang='grc' dir='ltr'>αἰῶνος</span> <span class='ocrx_word' id='word_1_571' title='bbox 1789 4209 2010 4289; x_wconf 78' lang='grc' dir='ltr'>ἆσθενῇ,</span> 
     </span>
    </p>
   </div>
   <div class='ocr_carea' id='block_1_81' title="bbox 348 4297 2012 4379">
    <p class='ocr_par' dir='ltr' id='par_1_81' title="bbox 348 4297 2012 4379">
     <span class='ocr_line' id='line_1_81' title="bbox 348 4297 2012 4379; baseline 0 -24"><span class='ocrx_word' id='word_1_572' title='bbox 348 4301 476 4356; x_wconf 61' lang='grc' dir='ltr'>δέκα</span> <span class='ocrx_word' id='word_1_573' title='bbox 532 4301 620 4357; x_wconf 88' lang='grc' dir='ltr'><strong>καὶ</strong></span> <span class='ocrx_word' id='word_1_574' title='bbox 663 4301 807 4357; x_wconf 86' lang='grc' dir='ltr'>ὀκτὼ</span> <span class='ocrx_word' id='word_1_575' title='bbox 835 4299 932 4368; x_wconf 73' lang='grc' dir='ltr'><strong>ἔτη</strong></span> <span class='ocrx_word' id='word_1_576' title='bbox 964 4297 1282 4378; x_wconf 82' lang='grc' dir='ltr'>συγκύπτειν</span> <span class='ocrx_word' id='word_1_577' title='bbox 1328 4298 1542 4377; x_wconf 79' lang='grc' dir='ltr'>λέγεται</span> <span class='ocrx_word' id='word_1_578' title='bbox 1579 4316 1593 4330; x_wconf 84' lang='grc'><strong><em>⁸</em></strong></span> <span class='ocrx_word' id='word_1_579' title='bbox 1645 4297 1681 4367; x_wconf 73' lang='grc' dir='ltr'><strong>ἢ</strong></span> <span class='ocrx_word' id='word_1_580' title='bbox 1715 4298 1820 4379; x_wconf 69' lang='grc' dir='ltr'>οὔχ</span> <span class='ocrx_word' id='word_1_581' title='bbox 1877 4301 1904 4355; x_wconf 98' lang='lat'><strong>6</strong></span> <span class='ocrx_word' id='word_1_582' title='bbox 1943 4305 2012 4376; x_wconf 75' lang='grc' dir='ltr'>τῇ</span> 
     </span>
    </p>
   </div>
   <div class='ocr_carea' id='block_1_82' title="bbox 348 4387 2008 4468">
    <p class='ocr_par' dir='ltr' id='par_1_82' title="bbox 348 4387 2008 4468">
     <span class='ocr_line' id='line_1_82' title="bbox 348 4387 2008 4468; baseline -0.001 -22"><span class='ocrx_word' id='word_1_583' title='bbox 472 4388 878 4466; x_wconf 82' lang='grc' dir='ltr'>προσκείμεννς,</span> <span class='ocrx_word' id='word_1_584' title='bbox 929 4389 1014 4445; x_wconf 81' lang='grc' dir='ltr'>καὶ</span> <span class='ocrx_word' id='word_1_585' title='bbox 1073 4388 1392 4468; x_wconf 75' lang='grc' dir='ltr'>ἁμαρτάνων</span> <span class='ocrx_word' id='word_1_586' title='bbox 1447 4387 1526 4445; x_wconf 81' lang='grc' dir='ltr'><strong>ἀεὶ</strong></span> <span class='ocrx_word' id='word_1_587' title='bbox 1589 4387 1680 4450; x_wconf 80' lang='grc' dir='ltr'><strong>τάς</strong></span> <span class='ocrx_word' id='word_1_588' title='bbox 1739 4409 1795 4444; x_wconf 87' lang='grc' dir='ltr'>τε</span> <span class='ocrx_word' id='word_1_589' title='bbox 1857 4387 2008 4444; x_wconf 79' lang='grc' dir='ltr'>ἐντο-</span> 
     </span>
    </p>
   </div>
   <div class='ocr_carea' id='block_1_83' title="bbox 2101 3576 3747 3658">
    <p class='ocr_par' dir='ltr' id='par_1_83' title="bbox 2101 3576 3747 3658">
     <span class='ocr_line' id='line_1_83' title="bbox 2101 3576 3747 3658; baseline 0.001 -20"><span class='ocrx_word' id='word_1_590' title='bbox 2101 3589 2157 3640; x_wconf 91' lang='lat' dir='ltr'><strong>et</strong></span> <span class='ocrx_word' id='word_1_591' title='bbox 2187 3586 2317 3639; x_wconf 89' lang='lat' dir='ltr'><strong>octo</strong></span> <span class='ocrx_word' id='word_1_592' title='bbox 2349 3576 2519 3637; x_wconf 85' lang='lat' dir='ltr'><strong>annis</strong></span> <span class='ocrx_word' id='word_1_593' title='bbox 2548 3583 2835 3653; x_wconf 69' lang='lat' dir='ltr'><strong>aegrotare</strong></span> <span class='ocrx_word' id='word_1_594' title='bbox 2877 3576 3114 3640; x_wconf 86' lang='lat' dir='ltr'><strong>dicitur.</strong></span> <span class='ocrx_word' id='word_1_595' title='bbox 3147 3577 3392 3650; x_wconf 84' lang='lat' dir='ltr'><strong>Quando</strong></span> <span class='ocrx_word' id='word_1_596' title='bbox 3422 3579 3578 3639; x_wconf 88' lang='lat' dir='ltr'><strong>enim</strong></span> <span class='ocrx_word' id='word_1_597' title='bbox 3613 3579 3747 3658; x_wconf 86' lang='lat' dir='ltr'><strong>quis</strong></span> 
     </span>
    </p>
   </div>
   <div class='ocr_carea' id='block_1_84' title="bbox 2096 3665 3750 3750">
    <p class='ocr_par' dir='ltr' id='par_1_84' title="bbox 2096 3665 3750 3750">
     <span class='ocr_line' id='line_1_84' title="bbox 2096 3665 3750 3750; baseline 0.002 -21"><span class='ocrx_word' id='word_1_598' title='bbox 2096 3668 2155 3729; x_wconf 89' lang='lat' dir='ltr'><strong>in</strong></span> <span class='ocrx_word' id='word_1_599' title='bbox 2175 3666 2588 3728; x_wconf 88' lang='lat' dir='ltr'><strong>observatione</strong></span> <span class='ocrx_word' id='word_1_600' title='bbox 2613 3665 3023 3728; x_wconf 91' lang='lat' dir='ltr'><strong>mandatorum</strong></span> <span class='ocrx_word' id='word_1_601' title='bbox 3049 3667 3269 3730; x_wconf 67' lang='lat' dir='ltr'><strong>divinae</strong></span> <span class='ocrx_word' id='word_1_602' title='bbox 3286 3667 3586 3750; x_wconf 59' lang='lat' dir='ltr'><strong>legisque;</strong></span> <span class='ocrx_word' id='word_1_603' title='bbox 3604 3679 3750 3732; x_wconf 82' lang='lat' dir='ltr'><strong>sunt.</strong></span> 
     </span>
    </p>
   </div>
   <div class='ocr_carea' id='block_1_85' title="bbox 2095 3753 3751 3835">
    <p class='ocr_par' dir='ltr' id='par_1_85' title="bbox 2095 3753 3751 3835">
     <span class='ocr_line' id='line_1_85' title="bbox 2095 3753 3751 3835; baseline 0.001 -16"><span class='ocrx_word' id='word_1_604' title='bbox 2095 3757 2326 3826; x_wconf 86' lang='lat' dir='ltr'><strong>decem,</strong></span> <span class='ocrx_word' id='word_1_605' title='bbox 2365 3761 2426 3818; x_wconf 88' lang='lat' dir='ltr'><strong>et</strong></span> <span class='ocrx_word' id='word_1_606' title='bbox 2456 3753 2514 3816; x_wconf 91' lang='lat' dir='ltr'><strong>in</strong></span> <span class='ocrx_word' id='word_1_607' title='bbox 2542 3773 2648 3835; x_wconf 82' lang='lat' dir='ltr'><strong>spe</strong></span> <span class='ocrx_word' id='word_1_608' title='bbox 2679 3754 2872 3817; x_wconf 91' lang='lat' dir='ltr'><strong>octavi</strong></span> <span class='ocrx_word' id='word_1_609' title='bbox 2901 3755 3102 3818; x_wconf 59' lang='lat' dir='ltr'><strong>saeculi</strong></span> <span class='ocrx_word' id='word_1_610' title='bbox 3131 3757 3404 3820; x_wconf 79' lang='lat' dir='ltr'><strong>infirmus</strong></span> <span class='ocrx_word' id='word_1_611' title='bbox 3426 3757 3625 3831; x_wconf 88' lang='lat' dir='ltr'><strong>fuerit,</strong></span> <span class='ocrx_word' id='word_1_612' title='bbox 3652 3757 3751 3820; x_wconf 88' lang='lat' dir='ltr'><strong>de-</strong></span> 
     </span>
    </p>
   </div>
   <div class='ocr_carea' id='block_1_86' title="bbox 2099 3843 3748 3908">
    <p class='ocr_par' dir='ltr' id='par_1_86' title="bbox 2099 3843 3748 3908">
     <span class='ocr_line' id='line_1_86' title="bbox 2099 3843 3748 3908; baseline -0.001 0"><span class='ocrx_word' id='word_1_613' title='bbox 2099 3866 2229 3908; x_wconf 91' lang='lat' dir='ltr'><strong>cem</strong></span> <span class='ocrx_word' id='word_1_614' title='bbox 2261 3852 2322 3907; x_wconf 93' lang='lat' dir='ltr'><strong>et</strong></span> <span class='ocrx_word' id='word_1_615' title='bbox 2352 3853 2483 3907; x_wconf 92' lang='lat' dir='ltr'><strong>octo</strong></span> <span class='ocrx_word' id='word_1_616' title='bbox 2505 3843 2678 3906; x_wconf 89' lang='lat' dir='ltr'><strong>annis</strong></span> <span class='ocrx_word' id='word_1_617' title='bbox 2708 3843 2929 3906; x_wconf 89' lang='lat' dir='ltr'><strong>dicitur</strong></span> <span class='ocrx_word' id='word_1_618' title='bbox 2956 3846 3272 3908; x_wconf 86' lang='lat' dir='ltr'><strong>incurvari:</strong></span> <span class='ocrx_word' id='word_1_619' title='bbox 3301 3848 3512 3908; x_wconf 90' lang='lat' dir='ltr'><strong>Annon</strong></span> <span class='ocrx_word' id='word_1_620' title='bbox 3544 3847 3748 3908; x_wconf 88' lang='lat' dir='ltr'><strong>incur-</strong></span> 
     </span>
    </p>
   </div>
   <div class='ocr_carea' id='block_1_87' title="bbox 2098 3934 3754 4017">
    <p class='ocr_par' dir='ltr' id='par_1_87' title="bbox 2098 3934 3754 4017">
     <span class='ocr_line' id='line_1_87' title="bbox 2098 3934 3754 4017; baseline 0.001 -21"><span class='ocrx_word' id='word_1_621' title='bbox 2098 3944 2266 3998; x_wconf 89' lang='lat' dir='ltr'><strong>vatur</strong></span> <span class='ocrx_word' id='word_1_622' title='bbox 2295 3944 2350 3997; x_wconf 89' lang='lat' dir='ltr'><strong>et</strong></span> <span class='ocrx_word' id='word_1_623' title='bbox 2385 3934 2755 3997; x_wconf 84' lang='lat' dir='ltr'><strong>contrahitur</strong></span> <span class='ocrx_word' id='word_1_624' title='bbox 2784 3935 2883 4016; x_wconf 90' lang='lat' dir='ltr'><strong>qui</strong></span> <span class='ocrx_word' id='word_1_625' title='bbox 2935 3937 3194 3999; x_wconf 84' lang='lat' dir='ltr'><strong>terrenis</strong></span> <span class='ocrx_word' id='word_1_626' title='bbox 3225 3936 3496 3998; x_wconf 88' lang='lat' dir='ltr'><strong>addictus</strong></span> <span class='ocrx_word' id='word_1_627' title='bbox 3543 3943 3754 4017; x_wconf 86' lang='lat' dir='ltr'><strong>peccat</strong></span> 
     </span>
    </p>
   </div>
   <div class='ocr_carea' id='block_1_88' title="bbox 2099 4023 3748 4107">
    <p class='ocr_par' dir='ltr' id='par_1_88' title="bbox 2099 4023 3748 4107">
     <span class='ocr_line' id='line_1_88' title="bbox 2099 4023 3748 4107; baseline -0.001 -20"><span class='ocrx_word' id='word_1_628' title='bbox 2099 4043 2364 4107; x_wconf 81' lang='lat' dir='ltr'><strong>semper,</strong></span> <span class='ocrx_word' id='word_1_629' title='bbox 2399 4023 2671 4086; x_wconf 83' lang='lat' dir='ltr'><strong>mandata</strong></span> <span class='ocrx_word' id='word_1_630' title='bbox 2702 4024 3004 4105; x_wconf 84' lang='lat' dir='ltr'><strong>reprobat,</strong></span> <span class='ocrx_word' id='word_1_631' title='bbox 3047 4034 3104 4086; x_wconf 93' lang='lat' dir='ltr'><strong>et</strong></span> <span class='ocrx_word' id='word_1_632' title='bbox 3152 4025 3416 4088; x_wconf 84' lang='lat' dir='ltr'><strong>futurum</strong></span> <span class='ocrx_word' id='word_1_633' title='bbox 3467 4025 3748 4088; x_wconf 66' lang='lat' dir='ltr'><strong>saeculum</strong></span> 
     </span>
    </p>
   </div>
   <div class='ocr_carea' id='block_1_89' title="bbox 2100 4112 3770 4196">
    <p class='ocr_par' dir='ltr' id='par_1_89' title="bbox 2100 4112 3770 4196">
     <span class='ocr_line' id='line_1_89' title="bbox 2100 4112 3770 4196; baseline -0.001 -19"><span class='ocrx_word' id='word_1_634' title='bbox 2100 4135 2218 4177; x_wconf 91' lang='lat' dir='ltr'><strong>non</strong></span> <span class='ocrx_word' id='word_1_635' title='bbox 2253 4113 2605 4193; x_wconf 79' lang='lat' dir='ltr'><strong>exSpectat?</strong></span> <span class='ocrx_word' id='word_1_636' title='bbox 2635 4112 2750 4176; x_wconf 91' lang='lat' dir='ltr'><strong>Sed</strong></span> <span class='ocrx_word' id='word_1_637' title='bbox 2787 4113 3070 4176; x_wconf 91' lang='lat' dir='ltr'><strong>Dominus</strong></span> <span class='ocrx_word' id='word_1_638' title='bbox 3102 4113 3161 4176; x_wconf 94' lang='lat' dir='ltr'><strong>in</strong></span> <span class='ocrx_word' id='word_1_639' title='bbox 3185 4113 3441 4177; x_wconf 90' lang='lat' dir='ltr'><strong>Sabbato</strong></span> <span class='ocrx_word' id='word_1_640' title='bbox 3475 4123 3532 4177; x_wconf 91' lang='lat' dir='ltr'><strong>et</strong></span> <span class='ocrx_word' id='word_1_641' title='bbox 3563 4114 3770 4196; x_wconf 63' lang='lat' dir='ltr'><strong>Syna-g</strong></span> 
     </span>
    </p>
   </div>
   <div class='ocr_carea' id='block_1_90' title="bbox 2094 4203 3751 4284">
    <p class='ocr_par' dir='ltr' id='par_1_90' title="bbox 2094 4203 3751 4284">
     <span class='ocr_line' id='line_1_90' title="bbox 2094 4203 3751 4284; baseline 0.003 -24"><span class='ocrx_word' id='word_1_642' title='bbox 2094 4223 2241 4284; x_wconf 75' lang='lat' dir='ltr'><strong>gnga</strong></span> <span class='ocrx_word' id='word_1_643' title='bbox 2272 4213 2440 4266; x_wconf 86' lang='lat' dir='ltr'><strong>sanat</strong></span> <span class='ocrx_word' id='word_1_644' title='bbox 2470 4203 2644 4264; x_wconf 82' lang='lat' dir='ltr'><strong>talem</strong></span> <span class='ocrx_word' id='word_1_645' title='bbox 2691 4204 2976 4264; x_wconf 88' lang='lat' dir='ltr'><strong>animam.</strong></span> <span class='ocrx_word' id='word_1_646' title='bbox 3023 4203 3269 4276; x_wconf 87' lang='lat' dir='ltr'><strong>Quando</strong></span> <span class='ocrx_word' id='word_1_647' title='bbox 3320 4205 3480 4266; x_wconf 88' lang='lat' dir='ltr'><strong>enim</strong></span> <span class='ocrx_word' id='word_1_648' title='bbox 3529 4205 3661 4284; x_wconf 85' lang='lat' dir='ltr'><strong>quis</strong></span> <span class='ocrx_word' id='word_1_649' title='bbox 3691 4203 3751 4265; x_wconf 88' lang='lat' dir='ltr'><strong>in</strong></span> 
     </span>
    </p>
   </div>
   <div class='ocr_carea' id='block_1_91' title="bbox 2096 4291 3752 4374">
    <p class='ocr_par' dir='ltr' id='par_1_91' title="bbox 2096 4291 3752 4374">
     <span class='ocr_line' id='line_1_91' title="bbox 2096 4291 3752 4374; baseline -0.001 -19"><span class='ocrx_word' id='word_1_650' title='bbox 2096 4293 2294 4374; x_wconf 86' lang='lat' dir='ltr'><strong>seipse</strong></span> <span class='ocrx_word' id='word_1_651' title='bbox 2345 4293 2572 4372; x_wconf 81' lang='lat' dir='ltr'><strong>colligit</strong></span> <span class='ocrx_word' id='word_1_652' title='bbox 2621 4292 3016 4353; x_wconf 86' lang='lat' dir='ltr'><strong>confessionis</strong></span> <span class='ocrx_word' id='word_1_653' title='bbox 3065 4293 3456 4372; x_wconf 81' lang='lat' dir='ltr'><strong>cogitationes</strong></span> <span class='ocrx_word' id='word_1_654' title='bbox 3502 4311 3516 4356; x_wconf 90' lang='lat'>:</span> <span class='ocrx_word' id='word_1_655' title='bbox 3565 4291 3752 4355; x_wconf 83' lang='lat' dir='ltr'><strong>Judas</strong></span> 
     </span>
    </p>
   </div>
   <div class='ocr_carea' id='block_1_92' title="bbox 2096 4381 3752 4461">
    <p class='ocr_par' dir='ltr' id='par_1_92' title="bbox 2096 4381 3752 4461">
     <span class='ocr_line' id='line_1_92' title="bbox 2096 4381 3752 4461; baseline 0.001 -18"><span class='ocrx_word' id='word_1_656' title='bbox 2096 4383 2252 4445; x_wconf 88' lang='lat' dir='ltr'><strong>enim</strong></span> <span class='ocrx_word' id='word_1_657' title='bbox 2313 4381 2605 4442; x_wconf 85' lang='lat' dir='ltr'><strong>ceufessio</strong></span> <span class='ocrx_word' id='word_1_658' title='bbox 2651 4381 2890 4460; x_wconf 74' lang='lat' dir='ltr'><strong>dicitur,</strong></span> <span class='ocrx_word' id='word_1_659' title='bbox 2943 4392 3000 4443; x_wconf 76' lang='lat' dir='ltr'><strong>et</strong></span> <span class='ocrx_word' id='word_1_660' title='bbox 3045 4381 3367 4445; x_wconf 90' lang='lat' dir='ltr'><strong>Sabbatum</strong></span> <span class='ocrx_word' id='word_1_661' title='bbox 3421 4390 3604 4461; x_wconf 85' lang='lat' dir='ltr'><strong>tenet,</strong></span> <span class='ocrx_word' id='word_1_662' title='bbox 3641 4381 3752 4445; x_wconf 87' lang='lat' dir='ltr'><strong>hoc</strong></span> 
     </span>
    </p>
   </div>
   <div class='ocr_carea' id='block_1_93' title="bbox 1993 4471 3752 4558">
    <p class='ocr_par' dir='ltr' id='par_1_93' title="bbox 1993 4471 3752 4558">
     <span class='ocr_line' id='line_1_93' title="bbox 1993 4471 3752 4558; baseline -0.001 -23"><span class='ocrx_word' id='word_1_663' title='bbox 1993 4496 2009 4558; x_wconf 83' lang='lat'><strong>;</strong></span> <span class='ocrx_word' id='word_1_664' title='bbox 2098 4483 2210 4549; x_wconf 88' lang='lat' dir='ltr'><strong>cst,</strong></span> <span class='ocrx_word' id='word_1_665' title='bbox 2245 4473 2488 4532; x_wconf 85' lang='lat' dir='ltr'><strong>feriatur</strong></span> <span class='ocrx_word' id='word_1_666' title='bbox 2519 4492 2550 4532; x_wconf 88' lang='lat' dir='ltr'><strong>a</strong></span> <span class='ocrx_word' id='word_1_667' title='bbox 2605 4471 2774 4532; x_wconf 88' lang='lat' dir='ltr'><strong>malis</strong></span> <span class='ocrx_word' id='word_1_668' title='bbox 2808 4488 2821 4533; x_wconf 89' lang='lat'>:</span> <span class='ocrx_word' id='word_1_669' title='bbox 2862 4480 3000 4533; x_wconf 68' lang='lat' dir='ltr'><strong>turc</strong></span> <span class='ocrx_word' id='word_1_670' title='bbox 3033 4492 3165 4532; x_wconf 79' lang='lat' dir='ltr'><strong>(‘lllll</strong></span> <span class='ocrx_word' id='word_1_671' title='bbox 3209 4481 3372 4533; x_wconf 83' lang='lat' dir='ltr'><strong>sanat</strong></span> <span class='ocrx_word' id='word_1_672' title='bbox 3400 4475 3598 4547; x_wconf 90' lang='lat' dir='ltr'><strong>Jesus,</strong></span> <span class='ocrx_word' id='word_1_673' title='bbox 3635 4491 3752 4542; x_wconf 81' lang='lat' dir='ltr'><strong>non</strong></span> 
     </span>
    </p>
   </div>
   <div class='ocr_carea' id='block_1_94' title="bbox 347 4559 2003 4646">
    <p class='ocr_par' dir='ltr' id='par_1_94' title="bbox 347 4565 1986 4646">
     <span class='ocr_line' id='line_1_94' title="bbox 347 4565 1986 4646; baseline 0 -22"><span class='ocrx_word' id='word_1_674' title='bbox 347 4567 496 4625; x_wconf 56' lang='grc' dir='ltr'>Ἀλλ’</span> <span class='ocrx_word' id='word_1_675' title='bbox 530 4571 557 4625; x_wconf 92' lang='lat'><strong>6</strong></span> <span class='ocrx_word' id='word_1_676' title='bbox 601 4567 794 4646; x_wconf 86' lang='grc' dir='ltr'>Κύριος</span> <span class='ocrx_word' id='word_1_677' title='bbox 825 4569 880 4625; x_wconf 83' lang='grc' dir='ltr'>ἐν</span> <span class='ocrx_word' id='word_1_678' title='bbox 937 4565 1198 4641; x_wconf 75' lang='grc' dir='ltr'>Σαϐϐάτῳ</span> <span class='ocrx_word' id='word_1_679' title='bbox 1253 4569 1342 4624; x_wconf 83' lang='lat' dir='ltr'><strong>xxi</strong></span> <span class='ocrx_word' id='word_1_680' title='bbox 1387 4567 1685 4646; x_wconf 82' lang='grc' dir='ltr'>Συναγωγῆ</span> <span class='ocrx_word' id='word_1_681' title='bbox 1733 4568 1986 4646; x_wconf 84' lang='grc' dir='ltr'>θεραπεύε</span> 
     </span>
    </p>
   </div>
   <div class='ocr_carea' id='block_1_95' title="bbox 2089 4559 3754 4646">
    <p class='ocr_par' dir='ltr' id='par_1_95' title="bbox 2103 4559 3754 4626">
     <span class='ocr_line' id='line_1_95' title="bbox 2103 4559 3754 4626; baseline -0.002 -2"><span class='ocrx_word' id='word_1_682' title='bbox 2103 4581 2381 4626; x_wconf 80' lang='lat' dir='ltr'><strong>sermone</strong></span> <span class='ocrx_word' id='word_1_683' title='bbox 2410 4569 2632 4622; x_wconf 87' lang='lat' dir='ltr'><strong>tantum</strong></span> <span class='ocrx_word' id='word_1_684' title='bbox 2663 4560 2870 4622; x_wconf 83' lang='lat' dir='ltr'><strong>dicens</strong></span> <span class='ocrx_word' id='word_1_685' title='bbox 2894 4561 2948 4622; x_wconf 91' lang='lat' dir='ltr'><strong>ei</strong></span> <span class='ocrx_word' id='word_1_686' title='bbox 2975 4582 2988 4623; x_wconf 87' lang='lat'><strong>:</strong></span> <span class='ocrx_word' id='word_1_687' title='bbox 3027 4561 3332 4622; x_wconf 87' lang='lat' dir='ltr'><strong>Liberatus</strong></span> <span class='ocrx_word' id='word_1_688' title='bbox 3351 4571 3473 4622; x_wconf 89' lang='lat' dir='ltr'><strong>esto</strong></span> <span class='ocrx_word' id='word_1_689' title='bbox 3496 4559 3571 4621; x_wconf 90' lang='lat' dir='ltr'><strong>ab</strong></span> <span class='ocrx_word' id='word_1_690' title='bbox 3589 4561 3754 4621; x_wconf 85' lang='lat' dir='ltr'><strong>infir-</strong></span> 
     </span>
    </p>
   </div>
   <div class='ocr_carea' id='block_1_96' title="bbox 351 4647 2003 4738">
    <p class='ocr_par' dir='ltr' id='par_1_96' title="bbox 351 4647 2003 4738">
     <span class='ocr_line' id='line_1_96' title="bbox 351 4647 2003 4738; baseline -0.001 -25"><span class='ocrx_word' id='word_1_691' title='bbox 351 4660 449 4725; x_wconf 78' lang='grc' dir='ltr'>τὴν</span> <span class='ocrx_word' id='word_1_692' title='bbox 505 4659 758 4727; x_wconf 75' lang='grc' dir='ltr'>τοιαύτην</span> <span class='ocrx_word' id='word_1_693' title='bbox 806 4659 1016 4738; x_wconf 70' lang='grc' dir='ltr'>ψυχήν.</span> <span class='ocrx_word' id='word_1_694' title='bbox 1079 4647 1258 4716; x_wconf 59' lang='grc' dir='ltr'>υΟταν</span> <span class='ocrx_word' id='word_1_695' title='bbox 1313 4659 1412 4734; x_wconf 78' lang='grc' dir='ltr'><strong>γὰρ</strong></span> <span class='ocrx_word' id='word_1_696' title='bbox 1486 4656 1761 4735; x_wconf 76' lang='grc' dir='ltr'>συναγάγῃ</span> <span class='ocrx_word' id='word_1_697' title='bbox 1819 4678 1896 4722; x_wconf 89' lang='grc' dir='ltr'><strong>τις</strong></span> <span class='ocrx_word' id='word_1_698' title='bbox 1955 4656 2003 4713; x_wconf 78' lang='grc' dir='ltr'><strong>ἐν</strong></span> 
     </span>
    </p>
   </div>
   <div class='ocr_carea' id='block_1_97' title="bbox 2089 4647 3750 4738">
    <p class='ocr_par' dir='ltr' id='par_1_97' title="bbox 2098 4649 3750 4731">
     <span class='ocr_line' id='line_1_97' title="bbox 2098 4649 3750 4731; baseline -0.004 -15"><span class='ocrx_word' id='word_1_699' title='bbox 2098 4653 2296 4716; x_wconf 87' lang='lat' dir='ltr'><strong>milate</strong></span> <span class='ocrx_word' id='word_1_700' title='bbox 2331 4662 2424 4712; x_wconf 85' lang='lat' dir='ltr'><strong>tua</strong></span> <span class='ocrx_word' id='word_1_701' title='bbox 2461 4669 2473 4714; x_wconf 92' lang='lat'>:</span> <span class='ocrx_word' id='word_1_702' title='bbox 2525 4652 2626 4711; x_wconf 84' lang='lat' dir='ltr'><strong>sed</strong></span> <span class='ocrx_word' id='word_1_703' title='bbox 2675 4658 2731 4710; x_wconf 90' lang='lat' dir='ltr'><strong>et</strong></span> <span class='ocrx_word' id='word_1_704' title='bbox 2765 4669 2976 4711; x_wconf 91' lang='lat' dir='ltr'><strong>manus</strong></span> <span class='ocrx_word' id='word_1_705' title='bbox 3009 4649 3346 4731; x_wconf 89' lang='lat' dir='ltr'><strong>imponens.</strong></span> <span class='ocrx_word' id='word_1_706' title='bbox 3383 4651 3547 4730; x_wconf 88' lang='lat' dir='ltr'><strong>Opus</strong></span> <span class='ocrx_word' id='word_1_707' title='bbox 3589 4669 3750 4710; x_wconf 90' lang='lat' dir='ltr'><strong>enun</strong></span> 
     </span>
    </p>
   </div>
   <div class='ocr_carea' id='block_1_98' title="bbox 354 4737 2003 4826">
    <p class='ocr_par' dir='ltr' id='par_1_98' title="bbox 354 4743 2003 4826">
     <span class='ocr_line' id='line_1_98' title="bbox 354 4743 2003 4826; baseline -0.001 -23"><span class='ocrx_word' id='word_1_708' title='bbox 354 4749 524 4823; x_wconf 75' lang='grc' dir='ltr'>ἑαυτῷ</span> <span class='ocrx_word' id='word_1_709' title='bbox 580 4749 705 4811; x_wconf 79' lang='grc' dir='ltr'>τοὺς</span> <span class='ocrx_word' id='word_1_710' title='bbox 759 4747 852 4816; x_wconf 73' lang='grc' dir='ltr'>τῆς</span> <span class='ocrx_word' id='word_1_711' title='bbox 914 4745 1355 4826; x_wconf 74' lang='grc' dir='ltr'>ἐξομολογήσεως</span> <span class='ocrx_word' id='word_1_712' title='bbox 1410 4744 1699 4824; x_wconf 77' lang='grc' dir='ltr'>λογισμούς</span> <span class='ocrx_word' id='word_1_713' title='bbox 1733 4760 1748 4776; x_wconf 83' lang='grc'><strong>⁸</strong></span> <span class='ocrx_word' id='word_1_714' title='bbox 1811 4743 2003 4809; x_wconf 78' lang='grc' dir='ltr'>Ἰούδας</span> 
     </span>
    </p>
   </div>
   <div class='ocr_carea' id='block_1_99' title="bbox 2089 4737 3753 4826">
    <p class='ocr_par' dir='ltr' id='par_1_99' title="bbox 2094 4737 3753 4821">
     <span class='ocr_line' id='line_1_99' title="bbox 2094 4737 3753 4821; baseline -0.003 -16"><span class='ocrx_word' id='word_1_715' title='bbox 2094 4753 2180 4805; x_wconf 87' lang='lat' dir='ltr'><strong>est</strong></span> <span class='ocrx_word' id='word_1_716' title='bbox 2215 4741 2384 4803; x_wconf 82' lang='lat' dir='ltr'><strong>nobis</strong></span> <span class='ocrx_word' id='word_1_717' title='bbox 2417 4749 2477 4800; x_wconf 90' lang='lat' dir='ltr'><strong>ut</strong></span> <span class='ocrx_word' id='word_1_718' title='bbox 2508 4741 2580 4800; x_wconf 88' lang='lat' dir='ltr'><strong>ad</strong></span> <span class='ocrx_word' id='word_1_719' title='bbox 2632 4740 3000 4821; x_wconf 63' lang='lat' dir='ltr'><strong>operantium</strong></span> <span class='ocrx_word' id='word_1_720' title='bbox 3054 4758 3234 4820; x_wconf 88' lang='lat' dir='ltr'><strong>opera</strong></span> <span class='ocrx_word' id='word_1_721' title='bbox 3279 4739 3509 4800; x_wconf 88' lang='lat' dir='ltr'><strong>virtutis</strong></span> <span class='ocrx_word' id='word_1_722' title='bbox 3556 4737 3753 4800; x_wconf 86' lang='lat' dir='ltr'><strong>susci-</strong></span> 
     </span>
    </p>
   </div>
   <div class='ocr_carea' id='block_1_100' title="bbox 353 4829 2003 4917">
    <p class='ocr_par' dir='ltr' id='par_1_100' title="bbox 353 4832 2003 4917">
     <span class='ocr_line' id='line_1_100' title="bbox 353 4832 2003 4917; baseline -0.002 -23"><span class='ocrx_word' id='word_1_723' title='bbox 353 4839 452 4916; x_wconf 78' lang='grc' dir='ltr'><strong>γὰρ</strong></span> <span class='ocrx_word' id='word_1_724' title='bbox 523 4837 912 4917; x_wconf 63' lang='grc' dir='ltr'>ἐξομολόγησις</span> <span class='ocrx_word' id='word_1_725' title='bbox 992 4837 1204 4916; x_wconf 84' lang='grc' dir='ltr'>λέγεται</span> <span class='ocrx_word' id='word_1_726' title='bbox 1237 4856 1252 4873; x_wconf 75' lang='grc' dir='ltr'><strong><em>ο</em></strong></span> <span class='ocrx_word' id='word_1_727' title='bbox 1335 4837 1424 4891; x_wconf 86' lang='grc' dir='ltr'><strong>καὶ</strong></span> <span class='ocrx_word' id='word_1_728' title='bbox 1489 4832 1760 4891; x_wconf 77' lang='grc' dir='ltr'>Σάϐϐατον</span> <span class='ocrx_word' id='word_1_729' title='bbox 1819 4837 2003 4916; x_wconf 81' lang='grc' dir='ltr'>σχοίη,</span> 
     </span>
    </p>
   </div>
   <div class='ocr_carea' id='block_1_101' title="bbox 2089 4829 3753 4917">
    <p class='ocr_par' dir='ltr' id='par_1_101' title="bbox 2097 4829 3753 4917">
     <span class='ocr_line' id='line_1_101' title="bbox 2097 4829 3753 4917; baseline -0.002 -24"><span class='ocrx_word' id='word_1_730' title='bbox 2097 4834 2323 4915; x_wconf 75' lang='lat' dir='ltr'><strong>piauius</strong></span> <span class='ocrx_word' id='word_1_731' title='bbox 2357 4839 2414 4892; x_wconf 89' lang='lat' dir='ltr'><strong>et</strong></span> <span class='ocrx_word' id='word_1_732' title='bbox 2443 4831 2775 4892; x_wconf 84' lang='lat' dir='ltr'><strong>divinarum</strong></span> <span class='ocrx_word' id='word_1_733' title='bbox 2825 4848 3104 4890; x_wconf 85' lang='lat' dir='ltr'><strong>manuum</strong></span> <span class='ocrx_word' id='word_1_734' title='bbox 3148 4829 3656 4910; x_wconf 82' lang='lat' dir='ltr'><strong>cooperationem,</strong></span> <span class='ocrx_word' id='word_1_735' title='bbox 3685 4837 3753 4917; x_wconf 85' lang='lat' dir='ltr'><strong>et</strong></span> 
     </span>
    </p>
   </div>
   <div class='ocr_carea' id='block_1_102' title="bbox 349 4916 2003 5007">
    <p class='ocr_par' dir='ltr' id='par_1_102' title="bbox 349 4916 2003 5007">
     <span class='ocr_line' id='line_1_102' title="bbox 349 4916 2003 5007; baseline -0.001 -25"><span class='ocrx_word' id='word_1_736' title='bbox 349 4927 616 4984; x_wconf 79' lang='grc' dir='ltr'>τουτέστιν</span> <span class='ocrx_word' id='word_1_737' title='bbox 688 4916 871 5007; x_wconf 74' lang='grc' dir='ltr'>ἀγρίαν</span> <span class='ocrx_word' id='word_1_738' title='bbox 944 4927 1051 4984; x_wconf 81' lang='grc' dir='ltr'>ἀπὸ</span> <span class='ocrx_word' id='word_1_739' title='bbox 1107 4933 1215 4983; x_wconf 82' lang='grc' dir='ltr'>τῶν</span> <span class='ocrx_word' id='word_1_740' title='bbox 1271 4925 1474 4996; x_wconf 81' lang='grc' dir='ltr'>κακῶν,</span> <span class='ocrx_word' id='word_1_741' title='bbox 1536 4924 1655 4981; x_wconf 85' lang='grc' dir='ltr'>τότε</span> <span class='ocrx_word' id='word_1_742' title='bbox 1733 4925 2003 5004; x_wconf 86' lang='grc' dir='ltr'>θεραπεύει</span> 
     </span>
    </p>
   </div>
   <div class='ocr_carea' id='block_1_103' title="bbox 2089 4916 3756 5007">
    <p class='ocr_par' dir='ltr' id='par_1_103' title="bbox 2098 4916 3756 5002">
     <span class='ocr_line' id='line_1_103' title="bbox 2098 4916 3756 5002; baseline -0.001 -19"><span class='ocrx_word' id='word_1_743' title='bbox 2098 4941 2211 4983; x_wconf 89' lang='lat' dir='ltr'><strong>non</strong></span> <span class='ocrx_word' id='word_1_744' title='bbox 2247 4939 2350 5002; x_wconf 88' lang='lat' dir='ltr'><strong>per</strong></span> <span class='ocrx_word' id='word_1_745' title='bbox 2401 4921 2590 4982; x_wconf 90' lang='lat' dir='ltr'><strong>solum</strong></span> <span class='ocrx_word' id='word_1_746' title='bbox 2642 4919 2887 4982; x_wconf 89' lang='lat' dir='ltr'><strong>verbum</strong></span> <span class='ocrx_word' id='word_1_747' title='bbox 2938 4929 2994 4980; x_wconf 83' lang='lat' dir='ltr'><strong>et</strong></span> <span class='ocrx_word' id='word_1_748' title='bbox 3055 4918 3477 4981; x_wconf 89' lang='lat' dir='ltr'><strong>instructiones</strong></span> <span class='ocrx_word' id='word_1_749' title='bbox 3525 4916 3756 4981; x_wconf 86' lang='lat' dir='ltr'><strong>erudiri</strong></span> 
     </span>
    </p>
   </div>
   <div class='ocr_carea' id='block_1_104' title="bbox 355 5011 2003 5095">
    <p class='ocr_par' dir='ltr' id='par_1_104' title="bbox 355 5012 2003 5095">
     <span class='ocr_line' id='line_1_104' title="bbox 355 5012 2003 5095; baseline -0.002 -22"><span class='ocrx_word' id='word_1_750' title='bbox 355 5017 512 5076; x_wconf 67' lang='grc' dir='ltr'>αὺτὸν</span> <span class='ocrx_word' id='word_1_751' title='bbox 571 5019 598 5073; x_wconf 87' lang='lat'><strong>6</strong></span> <span class='ocrx_word' id='word_1_752' title='bbox 659 5015 892 5092; x_wconf 73' lang='grc' dir='ltr'>Ἰησοῦς,</span> <span class='ocrx_word' id='word_1_753' title='bbox 927 5017 986 5095; x_wconf 72' lang='grc' dir='ltr'><strong>οὗ</strong></span> <span class='ocrx_word' id='word_1_754' title='bbox 1014 5016 1160 5095; x_wconf 86' lang='grc' dir='ltr'>λόγῳ</span> <span class='ocrx_word' id='word_1_755' title='bbox 1191 5016 1340 5092; x_wconf 82' lang='grc' dir='ltr'>μόνῳ</span> <span class='ocrx_word' id='word_1_756' title='bbox 1397 5013 1568 5093; x_wconf 77' lang='grc' dir='ltr'>λέγων</span> <span class='ocrx_word' id='word_1_757' title='bbox 1601 5015 1743 5090; x_wconf 75' lang='grc' dir='ltr'><strong>αῦτῷ</strong></span> <span class='ocrx_word' id='word_1_758' title='bbox 1773 5012 2003 5070; x_wconf 75' lang='grc' dir='ltr'>Ἀπολέ-</span> 
     </span>
    </p>
   </div>
   <div class='ocr_carea' id='block_1_105' title="bbox 2089 5011 3586 5095">
    <p class='ocr_par' dir='ltr' id='par_1_105' title="bbox 2094 5011 3586 5092">
     <span class='ocr_line' id='line_1_105' title="bbox 2094 5011 3586 5092; baseline -0.003 -19"><span class='ocrx_word' id='word_1_759' title='bbox 2094 5011 2380 5086; x_wconf 90' lang='lat' dir='ltr'><strong>contenti,</strong></span> <span class='ocrx_word' id='word_1_760' title='bbox 2421 5019 2696 5092; x_wconf 86' lang='lat' dir='ltr'><strong>putemus</strong></span> <span class='ocrx_word' id='word_1_761' title='bbox 2729 5028 2834 5070; x_wconf 88' lang='lat' dir='ltr'><strong>nos</strong></span> <span class='ocrx_word' id='word_1_762' title='bbox 2867 5011 3176 5071; x_wconf 85' lang='lat' dir='ltr'><strong>sanitatem</strong></span> <span class='ocrx_word' id='word_1_763' title='bbox 3211 5015 3586 5070; x_wconf 85' lang='lat' dir='ltr'><strong>consecutos.</strong></span> 
     </span>
    </p>
   </div>
   <div class='ocr_carea' id='block_1_106' title="bbox 355 5092 3754 5187">
    <p class='ocr_par' dir='ltr' id='par_1_106' title="bbox 355 5092 3754 5187">
     <span class='ocr_line' id='line_1_106' title="bbox 355 5092 3754 5187; baseline -0.003 -25"><span class='ocrx_word' id='word_1_764' title='bbox 355 5106 509 5163; x_wconf 75' lang='grc' dir='ltr'>λυσαι</span> <span class='ocrx_word' id='word_1_765' title='bbox 539 5109 638 5174; x_wconf 68' lang='grc' dir='ltr'><strong>τῆς</strong></span> <span class='ocrx_word' id='word_1_766' title='bbox 672 5092 940 5170; x_wconf 73' lang='grc' dir='ltr'>ἀσθενείας</span> <span class='ocrx_word' id='word_1_767' title='bbox 973 5092 1260 5187; x_wconf 36' lang='grc' dir='ltr'>σου,”ἆλλᾶι</span> <span class='ocrx_word' id='word_1_768' title='bbox 1287 5107 1375 5162; x_wconf 85' lang='grc' dir='ltr'><strong>καὶ</strong></span> <span class='ocrx_word' id='word_1_769' title='bbox 1405 5105 1499 5168; x_wconf 77' lang='grc' dir='ltr'>τὰς</span> <span class='ocrx_word' id='word_1_770' title='bbox 1529 5118 1726 5184; x_wconf 74' lang='grc' dir='ltr'>χεῖρας</span> <span class='ocrx_word' id='word_1_771' title='bbox 1769 5103 1964 5169; x_wconf 83' lang='grc' dir='ltr'>ἐπιθείς</span> <span class='ocrx_word' id='word_1_772' title='bbox 2009 5102 2092 5160; x_wconf 74' lang='grc' dir='ltr'><strong>δεῖ</strong></span> <span class='ocrx_word' id='word_1_773' title='bbox 2150 5104 2248 5182; x_wconf 66' lang='grc' dir='ltr'><strong>γὰρ</strong></span> <span class='ocrx_word' id='word_1_774' title='bbox 2294 5105 2437 5176; x_wconf 66' lang='grc' dir='ltr'>ἡμᾶς</span> <span class='ocrx_word' id='word_1_775' title='bbox 2480 5104 2565 5158; x_wconf 83' lang='lat' dir='ltr'><strong>xxi</strong></span> <span class='ocrx_word' id='word_1_776' title='bbox 2599 5102 2697 5169; x_wconf 75' lang='grc' dir='ltr'><strong>τὴν</strong></span> <span class='ocrx_word' id='word_1_777' title='bbox 2730 5109 2832 5157; x_wconf 77' lang='grc' dir='ltr'><strong>τῶν</strong></span> <span class='ocrx_word' id='word_1_778' title='bbox 2862 5102 3011 5156; x_wconf 69' lang='grc' dir='ltr'>’Ξείων</span> <span class='ocrx_word' id='word_1_779' title='bbox 3046 5107 3242 5180; x_wconf 69' lang='grc' dir='ltr'>χειρῶν</span> <span class='ocrx_word' id='word_1_780' title='bbox 3289 5100 3564 5178; x_wconf 81' lang='grc' dir='ltr'>συνεργίαν</span> <span class='ocrx_word' id='word_1_781' title='bbox 3620 5100 3754 5176; x_wconf 73' lang='grc' dir='ltr'>πρὸς</span> 
     </span>
    </p>
   </div>
   <div class='ocr_carea' id='block_1_107' title="bbox 353 5185 3753 5278">
    <p class='ocr_par' dir='ltr' id='par_1_107' title="bbox 353 5185 3753 5278">
     <span class='ocr_line' id='line_1_107' title="bbox 353 5185 3753 5278; baseline -0.004 -24"><span class='ocrx_word' id='word_1_782' title='bbox 353 5198 410 5254; x_wconf 78' lang='grc' dir='ltr'><strong>τὸ</strong></span> <span class='ocrx_word' id='word_1_783' title='bbox 441 5197 691 5276; x_wconf 84' lang='grc' dir='ltr'>πράττειν</span> <span class='ocrx_word' id='word_1_784' title='bbox 721 5198 786 5254; x_wconf 72' lang='grc' dir='ltr'>τὰ</span> <span class='ocrx_word' id='word_1_785' title='bbox 815 5205 914 5266; x_wconf 71' lang='grc' dir='ltr'>τῆς</span> <span class='ocrx_word' id='word_1_786' title='bbox 946 5185 1138 5278; x_wconf 73' lang='grc' dir='ltr'>ὰρετῆς</span> <span class='ocrx_word' id='word_1_787' title='bbox 1196 5196 1324 5275; x_wconf 76' lang='grc' dir='ltr'>ἔργα</span> <span class='ocrx_word' id='word_1_788' title='bbox 1377 5193 1640 5268; x_wconf 74' lang='grc' dir='ltr'>δέξασθαι,</span> <span class='ocrx_word' id='word_1_789' title='bbox 1702 5195 1789 5250; x_wconf 88' lang='grc' dir='ltr'><strong>καὶ</strong></span> <span class='ocrx_word' id='word_1_790' title='bbox 1847 5195 1925 5271; x_wconf 81' lang='grc' dir='ltr'>μὴ</span> <span class='ocrx_word' id='word_1_791' title='bbox 1981 5192 2064 5250; x_wconf 77' lang='grc' dir='ltr'><strong>διὰ</strong></span> <span class='ocrx_word' id='word_1_792' title='bbox 2124 5192 2283 5272; x_wconf 64' lang='grc' dir='ltr'>λόγου</span> <span class='ocrx_word' id='word_1_793' title='bbox 2343 5192 2507 5269; x_wconf 67' lang='grc' dir='ltr'>μόνου</span> <span class='ocrx_word' id='word_1_794' title='bbox 2565 5194 2653 5249; x_wconf 78' lang='grc' dir='ltr'>καὶ</span> <span class='ocrx_word' id='word_1_795' title='bbox 2705 5193 3068 5271; x_wconf 69' lang='grc' dir='ltr'>κατηχήσεως</span> <span class='ocrx_word' id='word_1_796' title='bbox 3100 5191 3197 5258; x_wconf 68' lang='grc' dir='ltr'>τὴν</span> <span class='ocrx_word' id='word_1_797' title='bbox 3226 5191 3504 5264; x_wconf 72' lang='grc' dir='ltr'>θεραπείαν</span> <span class='ocrx_word' id='word_1_798' title='bbox 3566 5185 3753 5260; x_wconf 57' lang='grc' dir='ltr'>λαϐεῖν</span> 
     </span>
    </p>
   </div>
   <div class='ocr_carea' id='block_1_108' title="bbox 351 5285 1002 5366">
    <p class='ocr_par' dir='ltr' id='par_1_108' title="bbox 351 5285 1002 5366">
     <span class='ocr_line' id='line_1_108' title="bbox 351 5285 1002 5366; baseline 0 -24"><span class='ocrx_word' id='word_1_799' title='bbox 351 5285 632 5351; x_wconf 71' lang='grc' dir='ltr'>δοκοῦντας</span> <span class='ocrx_word' id='word_1_800' title='bbox 665 5286 788 5366; x_wconf 80' lang='grc' dir='ltr'>ἆρκε</span> <span class='ocrx_word' id='word_1_801' title='bbox 796 5291 978 5356; x_wconf 76' lang='grc' dir='ltr'>σθῆναι</span> <span class='ocrx_word' id='word_1_802' title='bbox 989 5335 1002 5350; x_wconf 87' lang='grc'><strong>,</strong></span> 
     </span>
    </p>
   </div>
   <div class='ocr_carea' id='block_1_109' title="bbox 439 5365 2003 5458">
    <p class='ocr_par' dir='ltr' id='par_1_109' title="bbox 439 5365 2003 5456">
     <span class='ocr_line' id='line_1_109' title="bbox 439 5365 2003 5456; baseline -0.004 -19"><span class='ocrx_word' id='word_1_803' title='bbox 439 5403 460 5430; x_wconf 72' lang='grc' dir='ltr'>ι</span> <span class='ocrx_word' id='word_1_804' title='bbox 501 5365 716 5456; x_wconf 77' lang='grc' dir='ltr'>’Ἔλεγε</span> <span class='ocrx_word' id='word_1_805' title='bbox 757 5375 838 5453; x_wconf 67' lang='grc' dir='ltr'>δὲ,</span> <span class='ocrx_word' id='word_1_806' title='bbox 871 5378 980 5436; x_wconf 85' lang='grc' dir='ltr'>Τίνι</span> <span class='ocrx_word' id='word_1_807' title='bbox 1014 5377 1174 5452; x_wconf 81' lang='grc' dir='ltr'>ὁμοία</span> <span class='ocrx_word' id='word_1_808' title='bbox 1225 5376 1366 5433; x_wconf 77' lang='grc' dir='ltr'>ἐστιν</span> <span class='ocrx_word' id='word_1_809' title='bbox 1397 5378 1432 5445; x_wconf 78' lang='grc' dir='ltr'>ἡ</span> <span class='ocrx_word' id='word_1_810' title='bbox 1463 5373 1704 5453; x_wconf 80' lang='grc' dir='ltr'>βασιλεία</span> <span class='ocrx_word' id='word_1_811' title='bbox 1735 5382 1828 5433; x_wconf 91' lang='grc' dir='ltr'><strong>τοῦ</strong></span> <span class='ocrx_word' id='word_1_812' title='bbox 1858 5381 2003 5449; x_wconf 70' lang='grc' dir='ltr'>Θεοῦ,</span> 
     </span>
    </p>
   </div>
   <div class='ocr_carea' id='block_1_110' title="bbox 2089 5365 3759 5458">
    <p class='ocr_par' dir='ltr' id='par_1_110' title="bbox 2182 5365 3759 5458">
     <span class='ocr_line' id='line_1_110' title="bbox 2182 5365 3759 5458; baseline -0.001 -28"><span class='ocrx_word' id='word_1_813' title='bbox 2182 5374 2364 5433; x_wconf 71' lang='lat' dir='ltr'><strong>Vens.</strong></span> <span class='ocrx_word' id='word_1_814' title='bbox 2407 5371 2688 5458; x_wconf 64' lang='lat' dir='ltr'><strong>l8-9‘2._u</strong></span> <span class='ocrx_word' id='word_1_815' title='bbox 2728 5369 2974 5434; x_wconf 75' lang='lat' dir='ltr'><strong>Dicebat</strong></span> <span class='ocrx_word' id='word_1_816' title='bbox 3009 5389 3149 5449; x_wconf 83' lang='lat' dir='ltr'><strong>ergo</strong></span> <span class='ocrx_word' id='word_1_817' title='bbox 3189 5390 3201 5432; x_wconf 92' lang='lat'>:</span> <span class='ocrx_word' id='word_1_818' title='bbox 3257 5367 3361 5458; x_wconf 85' lang='lat' dir='ltr'><strong>Cui</strong></span> <span class='ocrx_word' id='word_1_819' title='bbox 3391 5365 3610 5458; x_wconf 77' lang='lat' dir='ltr'><strong>simile</strong></span> <span class='ocrx_word' id='word_1_820' title='bbox 3669 5375 3759 5429; x_wconf 86' lang='lat' dir='ltr'><strong>est</strong></span> 
     </span>
    </p>
   </div>
   <div class='ocr_carea' id='block_1_111' title="bbox 354 5454 2003 5543">
    <p class='ocr_par' dir='ltr' id='par_1_111' title="bbox 354 5459 2003 5543">
     <span class='ocr_line' id='line_1_111' title="bbox 354 5459 2003 5543; baseline -0.001 -21"><span class='ocrx_word' id='word_1_821' title='bbox 354 5469 440 5524; x_wconf 85' lang='lat' dir='ltr'><strong>xxi</strong></span> <span class='ocrx_word' id='word_1_822' title='bbox 489 5468 590 5524; x_wconf 79' lang='grc' dir='ltr'>τίνι</span> <span class='ocrx_word' id='word_1_823' title='bbox 649 5467 904 5543; x_wconf 79' lang='grc' dir='ltr'>ὁμοιώσω</span> <span class='ocrx_word' id='word_1_824' title='bbox 963 5469 1177 5543; x_wconf 68' lang='grc' dir='ltr'>αῦττζνς</span> <span class='ocrx_word' id='word_1_825' title='bbox 1242 5459 1430 5543; x_wconf 78' lang='grc' dir='ltr'>Ὀμοία</span> <span class='ocrx_word' id='word_1_826' title='bbox 1487 5464 1596 5521; x_wconf 76' lang='grc' dir='ltr'><strong>ἐστὶ</strong></span> <span class='ocrx_word' id='word_1_827' title='bbox 1654 5465 1833 5536; x_wconf 72' lang='grc' dir='ltr'>κόκκῳ</span> <span class='ocrx_word' id='word_1_828' title='bbox 1861 5463 2003 5520; x_wconf 84' lang='grc' dir='ltr'>σινά-</span> 
     </span>
    </p>
   </div>
   <div class='ocr_carea' id='block_1_112' title="bbox 2089 5454 3760 5543">
    <p class='ocr_par' dir='ltr' id='par_1_112' title="bbox 2102 5454 3760 5541">
     <span class='ocr_line' id='line_1_112' title="bbox 2102 5454 3760 5541; baseline -0.004 -17"><span class='ocrx_word' id='word_1_829' title='bbox 2102 5477 2349 5541; x_wconf 75' lang='lat' dir='ltr'><strong>regnum</strong></span> <span class='ocrx_word' id='word_1_830' title='bbox 2377 5461 2480 5523; x_wconf 92' lang='lat' dir='ltr'><strong>Dei</strong></span> <span class='ocrx_word' id='word_1_831' title='bbox 2505 5468 2532 5525; x_wconf 72' lang='grc' dir='ltr'><strong>’ἶ</strong></span> <span class='ocrx_word' id='word_1_832' title='bbox 2563 5470 2617 5522; x_wconf 91' lang='lat' dir='ltr'><strong>et</strong></span> <span class='ocrx_word' id='word_1_833' title='bbox 2639 5454 2736 5523; x_wconf 77' lang='lat' dir='ltr'><strong>cui</strong></span> <span class='ocrx_word' id='word_1_834' title='bbox 2765 5460 2961 5522; x_wconf 79' lang='lat' dir='ltr'><strong>sinzile</strong></span> <span class='ocrx_word' id='word_1_835' title='bbox 2984 5460 3190 5521; x_wconf 89' lang='lat' dir='ltr'><strong>faciam</strong></span> <span class='ocrx_word' id='word_1_836' title='bbox 3226 5457 3412 5520; x_wconf 77' lang='lat' dir='ltr'><strong>illud?</strong></span> <span class='ocrx_word' id='word_1_837' title='bbox 3435 5454 3640 5520; x_wconf 76' lang='lat' dir='ltr'><strong>Simile</strong></span> <span class='ocrx_word' id='word_1_838' title='bbox 3669 5465 3760 5518; x_wconf 86' lang='lat' dir='ltr'><strong>est</strong></span> 
     </span>
    </p>
   </div>
   <div class='ocr_carea' id='block_1_113' title="bbox 355 5547 2003 5636">
    <p class='ocr_par' dir='ltr' id='par_1_113' title="bbox 355 5554 2003 5636">
     <span class='ocr_line' id='line_1_113' title="bbox 355 5554 2003 5636; baseline -0.001 -23"><span class='ocrx_word' id='word_1_839' title='bbox 355 5579 521 5634; x_wconf 83' lang='grc' dir='ltr'>πεως,</span> <span class='ocrx_word' id='word_1_840' title='bbox 570 5559 626 5614; x_wconf 85' lang='grc' dir='ltr'><strong>ὃν</strong></span> <span class='ocrx_word' id='word_1_841' title='bbox 659 5554 836 5614; x_wconf 78' lang='grc' dir='ltr'>λαϐὼν</span> <span class='ocrx_word' id='word_1_842' title='bbox 899 5556 1172 5636; x_wconf 74' lang='grc' dir='ltr'>ἅνθρωπος</span> <span class='ocrx_word' id='word_1_843' title='bbox 1218 5555 1406 5614; x_wconf 73' lang='grc' dir='ltr'>ἔϐαλεν</span> <span class='ocrx_word' id='word_1_844' title='bbox 1449 5557 1520 5622; x_wconf 79' lang='grc' dir='ltr'>εἷς</span> <span class='ocrx_word' id='word_1_845' title='bbox 1570 5560 1746 5622; x_wconf 77' lang='grc' dir='ltr'>κῆπον</span> <span class='ocrx_word' id='word_1_846' title='bbox 1803 5554 2003 5613; x_wconf 79' lang='grc' dir='ltr'>ἑαυτοῦ.</span> 
     </span>
    </p>
   </div>
   <div class='ocr_carea' id='block_1_114' title="bbox 2089 5547 3754 5636">
    <p class='ocr_par' dir='ltr' id='par_1_114' title="bbox 2104 5547 3754 5634">
     <span class='ocr_line' id='line_1_114' title="bbox 2104 5547 3754 5634; baseline -0.002 -23"><span class='ocrx_word' id='word_1_847' title='bbox 2104 5571 2283 5630; x_wconf 73' lang='lat' dir='ltr'><strong>grano</strong></span> <span class='ocrx_word' id='word_1_848' title='bbox 2309 5551 2502 5633; x_wconf 73' lang='lat' dir='ltr'><strong>sinapi</strong></span> <span class='ocrx_word' id='word_1_849' title='bbox 2527 5552 2683 5634; x_wconf 79' lang='lat' dir='ltr'><strong>quod</strong></span> <span class='ocrx_word' id='word_1_850' title='bbox 2709 5561 3021 5631; x_wconf 78' lang='lat' dir='ltr'><strong>acceptum</strong></span> <span class='ocrx_word' id='word_1_851' title='bbox 3049 5550 3226 5611; x_wconf 90' lang='lat' dir='ltr'><strong>homo</strong></span> <span class='ocrx_word' id='word_1_852' title='bbox 3250 5547 3413 5612; x_wconf 91' lang='lat' dir='ltr'><strong>misit</strong></span> <span class='ocrx_word' id='word_1_853' title='bbox 3440 5549 3495 5609; x_wconf 94' lang='lat' dir='ltr'><strong>in</strong></span> <span class='ocrx_word' id='word_1_854' title='bbox 3517 5547 3754 5610; x_wconf 86' lang='lat' dir='ltr'><strong>hortum</strong></span> 
     </span>
    </p>
   </div>
   <div class='ocr_carea' id='block_1_115' title="bbox 357 5637 2003 5727">
    <p class='ocr_par' dir='ltr' id='par_1_115' title="bbox 357 5644 2003 5727">
     <span class='ocr_line' id='line_1_115' title="bbox 357 5644 2003 5727; baseline -0.001 -25"><span class='ocrx_word' id='word_1_855' title='bbox 357 5649 441 5704; x_wconf 84' lang='grc' dir='ltr'><strong>καὶ</strong></span> <span class='ocrx_word' id='word_1_856' title='bbox 511 5647 736 5726; x_wconf 76' lang='grc' dir='ltr'>ηὔξησε,</span> <span class='ocrx_word' id='word_1_857' title='bbox 799 5648 887 5704; x_wconf 83' lang='grc' dir='ltr'>καὶ</span> <span class='ocrx_word' id='word_1_858' title='bbox 944 5646 1157 5727; x_wconf 79' lang='grc' dir='ltr'>ἐγένετο</span> <span class='ocrx_word' id='word_1_859' title='bbox 1206 5649 1279 5712; x_wconf 86' lang='grc' dir='ltr'>εἷς</span> <span class='ocrx_word' id='word_1_860' title='bbox 1339 5644 1545 5724; x_wconf 81' lang='grc' dir='ltr'>δένδρον</span> <span class='ocrx_word' id='word_1_861' title='bbox 1595 5644 1757 5722; x_wconf 81' lang='grc' dir='ltr'>μέγα,</span> <span class='ocrx_word' id='word_1_862' title='bbox 1811 5645 1900 5700; x_wconf 85' lang='grc' dir='ltr'><strong>καὶ</strong></span> <span class='ocrx_word' id='word_1_863' title='bbox 1953 5645 2003 5700; x_wconf 80' lang='grc' dir='ltr'><strong>τὲ</strong></span> 
     </span>
    </p>
   </div>
   <div class='ocr_carea' id='block_1_116' title="bbox 2089 5637 3760 5727">
    <p class='ocr_par' dir='ltr' id='par_1_116' title="bbox 2105 5637 3760 5727">
     <span class='ocr_line' id='line_1_116' title="bbox 2105 5637 3760 5727; baseline -0.004 -25"><span class='ocrx_word' id='word_1_864' title='bbox 2105 5660 2300 5719; x_wconf 86' lang='lat' dir='ltr'><strong>suum,</strong></span> <span class='ocrx_word' id='word_1_865' title='bbox 2331 5650 2388 5702; x_wconf 90' lang='lat' dir='ltr'><strong>et</strong></span> <span class='ocrx_word' id='word_1_866' title='bbox 2415 5645 2625 5722; x_wconf 75' lang='lat' dir='ltr'><strong>crevit,</strong></span> <span class='ocrx_word' id='word_1_867' title='bbox 2656 5657 2710 5704; x_wconf 82' lang='lat' dir='ltr'><strong>et</strong></span> <span class='ocrx_word' id='word_1_868' title='bbox 2741 5640 2924 5702; x_wconf 58' lang='lat' dir='ltr'><strong>evasit</strong></span> <span class='ocrx_word' id='word_1_869' title='bbox 2960 5639 3020 5699; x_wconf 93' lang='lat' dir='ltr'><strong>in</strong></span> <span class='ocrx_word' id='word_1_870' title='bbox 3054 5637 3328 5700; x_wconf 88' lang='lat' dir='ltr'><strong>arborem</strong></span> <span class='ocrx_word' id='word_1_871' title='bbox 3371 5643 3760 5727; x_wconf 63' lang='lat' dir='ltr'><strong>magnam,.¢_at</strong></span> 
     </span>
    </p>
   </div>
   <div class='ocr_carea' id='block_1_117' title="bbox 355 5723 2003 5815">
    <p class='ocr_par' dir='ltr' id='par_1_117' title="bbox 355 5730 2003 5815">
     <span class='ocr_line' id='line_1_117' title="bbox 355 5730 2003 5815; baseline -0.002 -22"><span class='ocrx_word' id='word_1_872' title='bbox 355 5738 576 5794; x_wconf 78' lang='grc' dir='ltr'>πετεινᾶ</span> <span class='ocrx_word' id='word_1_873' title='bbox 622 5739 718 5794; x_wconf 75' lang='grc' dir='ltr'><strong>τοῦ</strong></span> <span class='ocrx_word' id='word_1_874' title='bbox 780 5737 997 5815; x_wconf 60' lang='grc' dir='ltr'>οὖρανοῦ</span> <span class='ocrx_word' id='word_1_875' title='bbox 1047 5737 1462 5806; x_wconf 73' lang='grc' dir='ltr'>κατεσκήνωσαν</span> <span class='ocrx_word' id='word_1_876' title='bbox 1520 5733 1574 5790; x_wconf 79' lang='grc' dir='ltr'>ἐν</span> <span class='ocrx_word' id='word_1_877' title='bbox 1634 5746 1750 5796; x_wconf 78' lang='grc' dir='ltr'>τοϊς</span> <span class='ocrx_word' id='word_1_878' title='bbox 1807 5730 2003 5790; x_wconf 69' lang='grc' dir='ltr'>κλάδοις</span> 
     </span>
    </p>
   </div>
   <div class='ocr_carea' id='block_1_118' title="bbox 2089 5723 3760 5815">
    <p class='ocr_par' dir='ltr' id='par_1_118' title="bbox 2108 5723 3760 5805">
     <span class='ocr_line' id='line_1_118' title="bbox 2108 5723 3760 5805; baseline 0.001 -16"><span class='ocrx_word' id='word_1_879' title='bbox 2108 5730 2382 5791; x_wconf 83' lang='lat' dir='ltr'><strong>volucres</strong></span> <span class='ocrx_word' id='word_1_880' title='bbox 2411 5731 2550 5791; x_wconf 74' lang='grc'><strong>588</strong></span> <span class='ocrx_word' id='word_1_881' title='bbox 2590 5731 2722 5792; x_wconf 81' lang='lat' dir='ltr'><strong>cceli</strong></span> <span class='ocrx_word' id='word_1_882' title='bbox 2756 5727 3176 5791; x_wconf 84' lang='lat' dir='ltr'><strong>nidulabantur</strong></span> <span class='ocrx_word' id='word_1_883' title='bbox 3207 5728 3264 5790; x_wconf 91' lang='lat' dir='ltr'><strong>in</strong></span> <span class='ocrx_word' id='word_1_884' title='bbox 3298 5727 3476 5790; x_wconf 89' lang='lat' dir='ltr'><strong>ramis</strong></span> <span class='ocrx_word' id='word_1_885' title='bbox 3505 5727 3654 5805; x_wconf 85' lang='lat' dir='ltr'><strong>ejus.</strong></span> <span class='ocrx_word' id='word_1_886' title='bbox 3692 5723 3760 5790; x_wconf 89' lang='lat' dir='ltr'><strong>Et</strong></span> 
     </span>
    </p>
   </div>
   <div class='ocr_carea' id='block_1_119' title="bbox 346 4475 2006 4558">
    <p class='ocr_par' dir='ltr' id='par_1_119' title="bbox 346 4475 2006 4558">
     <span class='ocr_line' id='line_1_119' title="bbox 346 4475 2006 4558; baseline 0 -24"><span class='ocrx_word' id='word_1_887' title='bbox 346 4478 443 4542; x_wconf 76' lang='grc' dir='ltr'><strong>λας</strong></span> <span class='ocrx_word' id='word_1_888' title='bbox 479 4479 680 4558; x_wconf 75' lang='grc' dir='ltr'>ἀθετεῖ,</span> <span class='ocrx_word' id='word_1_889' title='bbox 735 4480 824 4535; x_wconf 87' lang='grc' dir='ltr'><strong>καὶ</strong></span> <span class='ocrx_word' id='word_1_890' title='bbox 872 4479 960 4535; x_wconf 77' lang='grc' dir='ltr'><strong>τὸν</strong></span> <span class='ocrx_word' id='word_1_891' title='bbox 1005 4477 1272 4555; x_wconf 81' lang='grc' dir='ltr'>μέλλοντα</span> <span class='ocrx_word' id='word_1_892' title='bbox 1305 4479 1468 4534; x_wconf 77' lang='grc' dir='ltr'>αἰῶνα</span> <span class='ocrx_word' id='word_1_893' title='bbox 1497 4478 1557 4536; x_wconf 76' lang='grc' dir='ltr'>οὗ</span> <span class='ocrx_word' id='word_1_894' title='bbox 1599 4475 1956 4558; x_wconf 81' lang='grc' dir='ltr'>προσδέχεται</span> <span class='ocrx_word' id='word_1_895' title='bbox 1993 4496 2006 4558; x_wconf 70' lang='grc' dir='ltr'>ς</span> 
     </span>
    </p>
   </div>
  </div>
