4202 6398
1330 276 1357 287 Α

360 351 468 417 9‘21
1071 356 1520 419 ENARBATIO
1569 356 1648 417 IN
1699 349 2205 416 EVANGELIUM
2255 351 2491 413 LUC/8.
2533 384 2612 396 -
2656 350 2821 414 CAP.
2872 354 3035 414 XIII.
3645 346 3763 412 9??

359 489 706 568 περιήρχετο,
767 489 823 545 ἐν
893 494 981 553 αἶς
1052 491 1112 546 οὗ
1180 497 1420 547 τοσοῦτοι
1478 490 1615 558 ἦσαν
1659 488 2008 563 νομομαθεϊς,

2098 476 2437 568 occidatur?
2464 478 2593 542 Non
2627 488 2718 542 est
2740 482 2852 544 hoc
2881 480 3229 557 dicendum,
3264 480 3369 544 sed
3402 488 3465 544 et
3492 478 3753 568 ᾔει-,ἱππ

360 565 460 645 τὴν
513 565 591 633 δέ-
629 565 978 659 Ἰερουσαλὴμ
1038 576 1437 659 ἀπεδίδρασκεν,
1506 575 1597 635 ἅτε
1651 576 1831 639 δεδιὼς
1890 572 2008 633 τοὺς

2096 565 2245 648 quit,
2269 568 2497 631 faciens
2539 570 2599 631 in
2644 570 3135 653 Hierosolymam.
3178 571 3291 635 Ubi
3334 570 3493 634 enim
3553 566 3759 650 plures

364 668 507 747 ’παρὰ
577 668 683 726 τῶν
733 673 1049 745 νομομαθῶν
1106 667 1392 749 ἐλῇγχους,
1451 670 1486 737 ἢ
1570 670 1659 726 τὸν
1713 667 1775 724 ἐκ
1814 662 2008 722 τούτων

2097 666 2405 734 aegrotant,
2435 678 2506 721 eo
2541 662 2724 740 magis
2754 661 2990 749 festinat
3021 661 3316 726 medicus.

364 742 588 815 θάνατον
617 742 953 839 ὑφορώμενος
987 776 1003 833 ;
1040 758 1147 815 Οὔκ
1170 742 1317 814 ’ἔστιν
1349 742 1544 832 εἷπεῖν,
1576 756 1714 814 ἀλλὰ
1741 756 1830 814 καὶ
1859 749 2099 831 πορείαν,
2131 750 2280 827 φησὶ,
2349 751 2665 815 ποιούμενος
2697 752 2771 814 εἰς
2820 742 3165 831 Ἰερουσαλήμ
3200 771 3211 783 '
3250 751 3371 808 ἔνθα
3400 750 3499 829 γὰρ
3542 747 3752 812 πλείους

365 848 413 903 οἱ
449 850 740 918 νοσοῦντες,
768 848 946 904 ἐκεῖσε
978 845 1183 924 μᾶλλον
1214 847 1496 904 εἷσωθείτω
1526 850 1553 905 6
1581 846 1781 926 ἱατρός.

456 963 481 992 σ
535 943 670 997 Εἴπε
727 935 782 994 δέ
848 959 925 1003 τις
983 940 1147 1009 αὐτῷ’
1185 937 1361 1017 Κύριε,
1396 938 1438 993 εί
1468 935 1637 1015 ὀλίγοι
1670 938 1717 993 οἱ
1764 934 2009 1006 σωζόμε-

362 1051 438 1085 νοι
475 1051 492 1101 ;
531 1018 587 1085 Ὀ
618 1025 672 1084 δὲ
702 1026 827 1083 εἶπε
871 1028 1002 1106 πρὸς
1034 1026 1243 1089 αὐτοὺς⁸
1272 1024 1614 1105 Ἀγωνίζεσθε
1642 1024 1895 1082 εἰσελθεῖν
1926 1021 2009 1077 διὰ

2175 926 2360 989 VERS.
2392 927 2600 991 23-30.
2635 928 2769 991 «Ait
2796 933 2994 990 autem
3028 928 3113 991 illi
3149 929 3386 1012 quidam
3424 950 3436 987 :
3471 927 3752 998 Domine,

2092 1033 2167 1075 an
2200 1016 2372 1094 pauci
2403 1024 2540 1078 sunt
2564 1016 2665 1098 qui
2689 1017 2938 1078 salutem
2964 1017 3436 1100 consequuntur?
3476 1017 3582 1079 Ille
3611 1034 3750 1077 vero

356 1125 457 1187 τῆς
504 1118 694 1186 στενῆς
726 1114 924 1191 πύλης,
959 1114 1039 1173 ὅτι
1071 1114 1282 1189 πολλοὶ,
1338 1114 1482 1193 λέγω
1511 1117 1661 1191 ὑμῖν,
1688 1115 2008 1186 ζητήσουσιν

354 1207 637 1269 εἰσελθεῖν.
671 1208 758 1263 καὶ
802 1206 898 1262 οὒκ
939 1206 1272 1284 ἰσχύσουσιν,
1322 1203 1444 1286 Ἀφ’
1473 1205 1532 1262 οὗ
1560 1202 1604 1260 δ’
1646 1204 1833 1283 ἐγερθῇ
1864 1205 1891 1259 6
1922 1204 2003 1258 οἷ-

354 1297 711 1375 κοδεσ·-ιοτης,
782 1297 868 1352 καὶ
927 1296 1216 1371 ἀποκλείσῃ
1281 1295 1377 1363 τὴν
1419 1295 1597 1375 θύραν,
1646 1295 1732 1351 καὶ
1784 1292 2005 1373 ἄρξησθε

358 1389 458 1454 ἔξω
529 1386 765 1460 ἑστάναι,
843 1387 929 1441 καὶ
987 1385 1191 1465 κρούειν
1221 1390 1319 1453 την
1355 1386 1533 1464 θύραν,
1594 1384 1863 1463 λέγοντες·
1899 1382 2008 1441 Κύ-

364 1501 465 1559 ριε,
542 1477 719 1555 Κύριε,
782 1472 983 1540 ἄνοιξον
1051 1475 1210 1549 ἡμῖν·
1258 1476 1345 1531 καὶ
1374 1474 1672 1554 ἀποκριθεὶς
1725 1472 1836 1551 ἐρεῖ
1881 1473 2011 1547 ὑμῖν

366 1568 474 1626 Οὒκ
531 1564 651 1623 οἴδα
701 1569 839 1640 ὖμᾶς
896 1564 1053 1621 πόθεν
1144 1562 1285 1621 ἐστί’
1371 1564 1491 1622 τότε
1546 1563 1755 1645 ἄρξεσθε
1810 1561 2005 1641 λέγειν·

365 1654 668 1736 Ἐφάγομεν
726 1653 952 1710 ἐνώπιόν
1009 1676 1126 1728 σου,
1193 1655 1279 1711 καὶ
1332 1652 1577 1734 ἐπίομεν,
1647 1655 1733 1711 καὶ
1776 1652 1829 1708 ἐν
1886 1665 2010 1717 ταῖς

360 1746 633 1809 πλατείαις
689 1746 845 1820 ἡμῶν
914 1741 1166 1809 ἐδίδαξας,
1228 1744 1325 1801 Καὶ
1354 1742 1486 1822 ἐρεῖ,
1525 1743 1678 1821 Λέγω
1729 1744 1878 1817 ὑμῖν,
1915 1743 2011 1798 οὐκ

2090 1104 2241 1167 dixit
2268 1104 2339 1166 ad
2364 1105 2882 1170 illos:Contendite
2913 1108 3136 1169 intrare
3168 1126 3272 1188 per
3286 1116 3591 1187 angustam
3618 1124 3750 1187 por-

2093 1203 2232 1274 tam,
2265 1195 2403 1276 quia
2456 1195 2649 1277 multi,
2680 1195 2813 1257 dico
2858 1196 3048 1271 vobis,
3081 1205 3349 1278 quaerent
3396 1197 3647 1276 intrare,
3692 1203 3750 1257 et

2090 1301 2210 1344 non
2242 1287 2697 1361 poterunt.Cum
2718 1294 2916 1347 autem
2953 1295 3335 1367 experrectus
3357 1286 3749 1367 fueritpater-

2094 1372 2434 1446 familias,et
2454 1374 2733 1437 clauserit
2756 1375 2973 1437 ostium
2988 1384 3068 1443 ,et
3089 1375 3388 1457 cmperitis
3405 1375 3545 1436 foris
3568 1382 3748 1448 stare,

2094 1469 2151 1525 et
2186 1462 2422 1542 pulsare
2453 1463 2990 1548 ostium.dicentes:
3026 1463 3750 1543 Domine,Domine,aperi

2095 1551 2354 1615 nobiszet
2383 1553 2757 1633 respondens
2784 1554 2943 1616 dicet
2965 1554 3167 1617 vobis:
3195 1553 3408 1615 Nescio
3448 1572 3550 1614 vos
3592 1552 3754 1614 unde

2094 1640 2223 1702 sitis
2256 1659 2270 1704 :
2307 1649 2445 1703 tunc
2476 1642 2780 1722 incipietis
2817 1643 3052 1707 dicere:
3082 1642 3328 1705 Edimns
3348 1659 3548 1706 coram
3580 1650 3657 1714 te,
3695 1648 3750 1703 et

2093 1728 2441 1813 bibimus,et
2463 1732 2522 1792 in
2548 1731 2759 1812 plateis
2793 1734 3013 1795 nostris
3043 1732 3399 1797 docuisti.Et
3422 1729 3750 1794 dicet:Dico

360 1836 486 1894 οἶδα
538 1838 672 1912 ὑμᾶς
718 1835 875 1892 πόθεν
902 1834 1048 1911 ἐστὲ,
1093 1832 1363 1900 ἀπόστητε
1404 1832 1495 1889 ἀπ’
1555 1833 1685 1909 ἐμοῦ
1727 1834 1922 1894 πάντες
1962 1834 2007 1889 οἱ

2095 1818 2494 1901 vobis,nescio
2526 1839 2627 1882 vos
2659 1821 2817 1883 unde.
2847 1821 2977 1883 sitis
3010 1821 3309 1885 Discedite
3336 1838 3371 1882 a
3396 1839 3513 1896 me,
3540 1838 3751 1882 omnes

360 1927 578 2007 ἐργάται
635 1929 733 1992 τῆς
777 1921 1000 1986 ἀδικίας,
1067 1913 1216 1980 Ἐκεῖ
1273 1921 1417 1979 ἔσται
1473 1926 1500 1979 6
1545 1921 1829 1998 κλαυθμὸς,
1865 1923 1950 1978 καὶ
1980 1923 2008 1979 6

2095 1908 2192 2007 qui
2215 1910 2457 2006 patratis
2487 1910 2885 2007 iniquitatem:
2910 1910 3033 2007 _Ibi_
3057 1910 3170 1973 erit
3198 1911 3394 2007 ﬂetus,
3442 1918 3500 1971 et
3528 1908 3751 2007 stridor

360 1995 595 2095 βράγμὸς
644 2020 751 2071 τῶν
807 2011 1056 2070 ὀδόντων⁶
1150 2014 1275 2069 ὃταν
1333 2010 1532 2089 ὄψησθε
1596 1995 1859 2093 Ἀϐραὰμ,
1920 2014 2008 2069 καὶ

2095 1995 2527 2077 dentium,cuin
2558 1997 2828 2095 videbitis
2856 1998 3248 2095 Abraham,et
3270 1996 3745 2073 Isaac,etJacob,

361 2106 563 2180 Ἰσαὰκ,
624 2111 713 2163 καί
768 2100 982 2183 Ἰακὼϐ,
1043 2104 1130 2159 καὶ
1184 2104 1387 2167 πάντας
1446 2104 1567 2167 τοὺς
1626 2105 1902 2185 προφήτας
1952 2103 2007 2160 ἐν

2095 2091 2153 2145 et
2172 2103 2390 2185 firmes
2424 2086 2743 2168 prophetas
2775 2088 2833 2148 in
2868 2107 3051 2166 regno
3087 2087 3214 2163 Dei,
3249 2107 3349 2148 vos
3405 2096 3605 2149 autem
3638 2106 3745 2149 ex-

360 2206 427 2275 τῇ
497 2194 739 2275 βασιλείᾳ
805 2200 897 2250 τοῦ
953 2199 1108 2256 Θεοῦ,
1141 2194 1276 2267 ὑμᾶς
1326 2191 1379 2249 δὲ
1428 2191 1851 2267 ἐκϐαλλομένους
1884 2193 2007 2260 ἔξωο

359 2291 448 2346 καὶ
515 2285 724 2355 ἥξουσιν
792 2284 897 2339 ἀπὸ
970 2281 1271 2341 Ἀνατολών
1327 2285 1415 2340 καὶ
1476 2288 1724 2358 Δυσμῶν,
1770 2285 1858 2340 καὶ
1900 2285 2007 2341 ἀπὸ

366 2377 530 2456 Βοῤῥᾶ
584 2377 672 2433 καὶ
730 2374 921 2451 Νότου,
968 2373 1058 2429 καὶ
1087 2370 1528 2442 ἀνακλιθήσονται
1559 2372 1613 2429 ἐν
1645 2380 1710 2444 τῇ
1768 2373 2008 2450 βασιλείᾳ

360 2472 455 2527 τοῦ
509 2466 664 2528 eeo-3.
728 2466 826 2523 Καὶ
898 2461 1006 2520 ἰδοὺ
1063 2463 1191 2519 εἰσὶν
1246 2460 1468 2542 ἔσχατοι
1499 2463 1553 2520 οἵ
1617 2461 1822 2520 ἔσονται
1853 2465 2007 2543 πρῶ-

359 2582 466 2632 τοι,
545 2556 634 2613 καί
658 2557 757 2612 εἶσι
788 2559 988 2633 πρῶτοι
1021 2552 1076 2609 οῗ
1107 2551 1316 2609 ἔσονται
1366 2551 1613 2633 ἔσχατοι,
1665 2576 1692 2608 ι
1728 2551 1928 2631 Ὀλίγοι
1958 2553 2006 2609 οἱ

360 2648 649 2723 σωζόμενοι
707 2641 791 2700 διὰ
815 2644 877 2698 τὸ
906 2642 984 2717 μὴ
1028 2641 1296 2720 ἐγχωρεῖν
1353 2640 1582 2707 πολλοὺς
1629 2640 1865 2708 δέξασθαι
1907 2642 2004 2709 τὴν

360 2740 570 2808 στενήνσ
633 2734 772 2791 ἔστιν
829 2735 916 2791 οὖν
975 2734 1002 2787 6
1060 2728 1433 2798 οἰκοδεσπότης
1493 2734 1520 2787 6
1550 2730 1766 2811 Κύριος,
1800 2754 2004 2810 συγκα..

361 2828 536 2885 λεῖται
596 2824 651 2881 δὲ
708 2825 910 2887 πάντας
982 2820 1283 2899 ἀνθρώπους
1342 2822 1415 2883 εἷς
1472 2822 1725 2895 ἑστίασιν,
1760 2821 2006 2878 καὶάπό-

360 2922 544 2981 λαυσιν
600 2925 706 2976 τῶν
776 2914 1125 2985 ἀδαπανήτων
1156 2914 1390 2991 ἀγαθῶν’
1425 2913 1538 2971 ὅσοι
1569 2916 1667 2989 μὲν
1716 2924 1803 2975 03v
1834 2938 2004 2972 σπου-

365 3010 505 3068 δα·“οι
576 3009 704 3088 ἄχρι
757 3007 845 3063 καὶ
896 3008 994 3073 τῆς
1050 3011 1141 3061 τοῦ
1186 3003 1398 3081 ἀρίστου
1440 3004 1579 3082 ὥρας
1630 3002 2008 3076 σπουδάζουσιν

370 3099 643 3161 εἰσελθεῖν.
705 3095 878 3155 ’Ὅσοι
936 3093 991 3151 δὲ
1050 3092 1411 3174 νωθρέσιεροι,
1465 3098 1550 3150 καὶ
1581 3096 1715 3170 μετά
1777 3098 1877 3162 την
1917 3098 2010 3153 τοῦ

370 3193 574 3270 ἀρίστου
624 3190 765 3267 ὥραν
813 3185 1120 3266 ἐρχόμενοι,
1181 3181 1572 3241 ἀπογλεὶονται.
1607 3184 1695 3248 Τίς
1739 3182 1793 3241 δέ
1825 3187 1860 3253 ἡ
1897 3187 2006 3261 ὢρα

364 3281 455 3337 to;
508 3279 741 3358 ἀρίστου,
802 3275 836 3343 ἧ

361 3372 540 3449 καιρὸς
611 3368 822 3446 ἄριστον
908 3366 980 3427 εἷς
1024 3364 1123 3432 τὴν
1178 3365 1306 3441 πρὸς
1339 3366 1398 3419 τὸ
1432 3364 1735 3431 ἑστιαθὴναι
1766 3386 2009 3439 πνενμα-

356 3460 511 3528 τικὴν
563 3457 893 3533 ἐτοιμασίαν,
952 3451 1074 3533 Ἀφ’
1130 3456 1190 3509 οὗ
1254 3452 1427 3510 τοίνυν
1481 3452 1668 3532 ἐγερθῇ
1719 3456 1746 3510 ὁ
1800 3452 2004 3511 οἰκοδε-

360 3550 590 3620 σπότης,
654 3544 949 3624 τουτέστιν,
1020 3544 1091 3608 εἰς

359 3639 547 3705 κλείση
604 3637 702 3704 τὴν
770 3638 948 3715 θύραν,
982 3634 1082 3701 τὴν
1112 3635 1210 3700 τῆς
1242 3633 1457 3712 ἀρετῆς,
1489 3634 1653 3712 φημὶ,
1699 3631 1840 3706 ὁδὸν,
1890 3633 2008 3700 ἣτις

361 3729 497 3802 μετά
566 3728 665 3793 τὴν
724 3725 954 3783 ἐντεῦθεν
986 3720 1274 3779 ἀποϐίωσιν
1333 3720 1434 3781 οὐχ
1498 3719 1753 3778 ὁδεύεται·
1831 3722 1885 3778 ἐν
1938 3727 2013 3794 τῷ

360 3816 458 3893 βίῳ
506 3816 605 3895 γὰρ
674 3817 822 3871 οὖσιν
892 3814 1028 3887 ἡμῖν
1058 3810 1288 3868 ὁδεύεται
1319 3812 1353 3878 ἡ
1385 3812 1483 3877 τῆς
1511 3810 1702 3889 ἀρετῆς
1733 3807 1877 3874 ὁδόςο
1914 3809 2013 3887 ἃρ-

362 3928 553 3987 χονται
614 3904 711 3981 μὲν
785 3906 833 3962 σὶ
882 3900 1234 3979 ἀμελέστερον
1265 3900 1484 3957 ἐνταῦθα
1536 3901 1791 3971 ζήσαντες
1849 3902 2009 3978 κρού-

360 4019 439 4052 ειν
489 3996 587 4063 τὴν
645 3995 821 4073 θύρανο
886 3992 1006 4049 τότε
1078 3993 1177 4068 γὰρ
1237 3989 1302 4058 δὴ
1333 3990 1454 4047 τότε
1498 3987 1582 4046 διὰ
1624 3996 1723 4057 τῆς
1755 3989 2008 4060 ἀνονήτου

360 4086 640 4161 μετανοίας
695 4084 793 4151 τὴν
862 4088 959 4149 τῆς
992 4081 1184 4160 ἀρετῆς
1244 4079 1363 4136 ὁδὸν
1443 4082 1756 4151 ἀναζητοῦσι
1826 4078 2009 4159 λόγοις

362 4175 573 4254 ψιλεϊς,
634 4175 754 4232 οἶόν
826 4194 938 4227 τισι
983 4171 1190 4250 κρότοις
1220 4172 1308 4227 καὶ
1339 4174 1555 4234 κτύποις
1587 4170 2008 4245 ἀνακαλούμενοι

363 4250 580 4332 ταύτην,
651 4270 757 4321 τῶν
792 4260 961 4342 ἔργων
990 4260 1255 4323 ἀπόντων,
1293 4250 1350 4317 Ὀ
1395 4258 1451 4315 δὲ
1478 4258 1858 4327 οἰκοδεσπότης
1906 4258 2009 4327 ἤδη

364 4357 577 4421 δικαίως
649 4351 990 4426 ἀποκλείσας,
1052 4364 1426 4429 προσποιεῖται
1501 4346 1637 4425 μηδέ
1691 4348 1877 4405 εἰδέναι
1908 4350 2013 4406 πό-

363 4452 449 4504 θεν
516 4444 665 4501 εἰσίνο
741 4442 979 4513 εἰκότως,
1051 4442 1147 4496 εἶσὶ
1179 4441 1277 4512 μὲν
1320 4440 1418 4518 γὰρ
1451 4438 1511 4495 ἐκ
1553 4445 1645 4494 τοῦ
1671 4436 1937 4511 διαϐόλου,
1985 4440 2013 4494 ὁ

365 4536 419 4593 δὲ
494 4536 678 4613 Κύριος
706 4532 827 4597 τοὺς
856 4529 1010 4592 ὄντας
1067 4530 1223 4585 αὐτοῦ
1262 4530 1536 4607 γινώσκει.
1571 4529 1642 4585 Τὸ
1664 4526 1743 4599 δὲ,
1777 4527 2011 4607 Ἐφάγο-

905 3240 960 3331 δ.
1005 3240 1179 3352 παρδυν
1223 3274 1333 3349 βίος
1364 3291 1379 3349 ;
1411 3277 1572 3340 Οὗτος
1616 3240 1717 3354 γὰρ
1765 3240 2066 3340 ὄντωςῗὸϐ

2094 2172 2235 2255 pelli
2265 2174 2442 2237 foras.
2473 2175 2545 2236 Et.
2568 2176 2807 2238 venient
2856 2176 2927 2238 ab
2959 2175 3204 2240 Oriente
3226 2185 3286 2238 et
3308 2176 3656 2255 Occidente,
3692 2185 3749 2238 et

2094 2264 2392 2344 Aquilone
2417 2272 2476 2326 et
2508 2272 2745 2337 Austro,
2777 2276 2835 2327 et
2859 2267 3216 2328 accumbent
3257 2267 3317 2327 in
3385 2284 3568 2344 regno
3612 2265 3744 2328 Dei.

2090 2350 2161 2413 Et
2192 2371 2334 2415 ecce
2384 2364 2519 2415 sunt
2568 2357 2877 2436 postremi,
2911 2357 3011 2437 qui
3040 2365 3215 2419 erunt
3273 2355 3489 2437 primi:
3524 2363 3583 2417 et
3609 2364 3751 2416 sunt

2092 2440 2295 2517 primi,
2329 2443 2429 2525 qui
2452 2453 2631 2505 erunt
2666 2447 2966 2525 postremi.
2986 2472 3008 2499 ι»
3022 2449 3200 2508 Pauci
3225 2460 3365 2507 sunt
3387 2445 3486 2526 qui
3511 2444 3745 2506 salvan-

2092 2539 2211 2607 tur,
2246 2551 2316 2593 eo
2338 2532 2493 2613 quod
2524 2544 2771 2614 augusta
2796 2536 2887 2596 via
2919 2535 3134 2596 multos
3183 2553 3301 2596 non
3335 2535 3606 2615 recipiat.
3644 2535 3750 2596 Est

2089 2629 2285 2683 autem
2310 2622 2597 2686 Dominus
2630 2625 3078 2705 paterfamilias,
3103 2624 3204 2704 qui
3228 2634 3511 2685 convocat
3540 2641 3749 2685 omnes

2088 2710 2362 2773 homines
2396 2713 2469 2774 ad
2521 2713 2836 2793 prandium
2893 2724 2951 2775 et
2999 2715 3347 2775 fruitionem
3381 2723 3746 2776 aeternorum

2088 2798 2403 2861 bonorum.
2444 2804 2669 2866 Omnes
2701 2804 2904 2884 itaque
2948 2803 3161 2865 virtute
3193 2802 3427 2884 praediti
3459 2821 3647 2885 usque
3671 2803 3745 2864 ad

2089 2890 2326 2971 prandii
2368 2900 2601 2973 tempus
2647 2894 3004 2955 studuerunt
3064 2894 3288 2955 intrare
3329 2912 3343 2952 :
3380 2911 3589 2957 omnes
3638 2912 3747 2955 au-

2094 2988 2212 3039 tem
2244 2979 2527 3041 desidiosi
2556 2989 2616 3045 et
2644 2982 2861 3061 ignavi,
2917 2982 3017 3063 qui
3058 2992 3194 3063 post
3244 2990 3479 3062 tempus
3511 2982 3743 3062 prandii

2090 3078 2406 3147 venerunt,
2436 3072 2854 3134 excluduntur.
2895 3072 3053 3134 Hora
3082 3079 3281 3134 autem
3322 3069 3553 3152 prandii
3585 3090 3738 3151 pras-

2091 3176 2229 3219 sens
2258 3159 2375 3220 vita
2405 3168 2513 3224 est.
2567 3160 2692 3223 Hoc
2722 3161 2881 3223 enim
2912 3170 3147 3242 tempus
3180 3160 3382 3243 utique
3424 3159 3735 3241 prandium

2091 3255 2172 3322 et,
2207 3268 2322 3325 quo
2348 3268 2750 3330 praeparamur
2780 3259 2843 3312 ut
2863 3251 3153 3331 spirituali
3184 3250 3451 3311 convivio
3482 3250 3738 3330 excipia-

2092 3355 2244 3398 mur.
2284 3337 2429 3399 Cum
2459 3348 2656 3400 autem
2690 3341 3137 3420 expergefactus
3182 3340 3362 3400 fuerit
3391 3339 3735 3420 paterfami-

2090 3425 2219 3502 lias,
2248 3427 2361 3487 hoc
2381 3437 2491 3502 est,
2523 3429 2596 3490 ad
2628 3429 2923 3509 judicium
2970 3429 3321 3502 surrexerit,
3354 3449 3424 3491 ac
3459 3430 3744 3491 clauserit

1522 3515 1533 3532 ,
1573 3515 1583 3529 ,
1644 3515 1668 3530 ,.

1152 3544 1321 3621 κρίσιν
1375 3540 1660 3620 ἐξαναστῇ,
1717 3544 1805 3601 καὶ
1861 3543 2005 3600 ἀπο-

2095 3515 2589 3597 ianuam,virtutis
2611 3518 2746 3580 dico
2779 3521 2952 3595 viam,
2980 3538 3152 3601 quam
3185 3518 3419 3598 ingredi
3452 3536 3567 3583 non
3601 3539 3744 3600 pos-

2094 3624 2299 3667 sumus
2322 3615 2629 3689 postquam
2656 3609 2795 3670 hinc
2813 3609 3566 3690 emigraverimuszquando
3584 3608 3747 3670 enim

2094 3697 2292 3759 invita
2315 3699 2693 3781 sumus,iniri
2716 3708 2909 3781 potest
2925 3701 3017 3761 via
3036 3700 3744 3781 virtutiszincipiuntqui—

2097 3786 2233 3848 dem
2264 3795 2404 3849 tunc
2432 3787 2494 3849 bi
2525 3789 2625 3869 qui
2674 3789 3064 3869 negligenlius
3088 3810 3148 3851 in
3182 3792 3291 3852 hac
3320 3789 3436 3851 vita
3464 3791 3744 3867 vixerint,

2098 3876 2336 3956 pulsare
2360 3876 2630 3957 januam,
2667 3887 2830 3954 tunc,
2865 3879 3132 3961 inquam,
3170 3888 3310 3941 tunc
3343 3897 3449 3960 per
3474 3878 3746 3941 inutilem

2094 3965 2506 4047 paenitentiam
2531 3967 2761 4029 virtutis
2786 3968 2935 4029 viam
2968 3968 3304 4049 requirunt,
3342 3966 3522 4029 nudis
3551 3966 3747 4028 verbis

2092 4055 2262 4139 quasi
2293 4055 2723 4135 pulsationibus
2755 4066 2811 4118 et
2828 4057 3176 4138 strepitibus
3194 4057 3549 4138 quibusdam
3571 4074 3749 4119 revo-

2093 4154 2299 4209 cantes
2350 4146 2549 4222 illam,
2612 4149 2898 4230 operibus
2958 4158 3156 4212 tamen
3214 4160 3511 4211 carentes.
3576 4146 3750 4211 Pater

2096 4255 2238 4299 vero
2263 4235 2514 4298 familias
2545 4257 2678 4298 cum
2705 4248 2807 4299 eas
2832 4241 2997 4316 justo
3039 4237 3383 4317 excluserit,
3413 4236 3755 4297 dissimulat

2098 4327 2253 4390 scire
2272 4326 2429 4387 unde
2460 4327 2601 4402 sint,
2637 4336 2694 4388 et
2719 4328 2930 4390 merito
2965 4348 2979 4388 :
3016 4335 3155 4388 sunt
3177 4328 3334 4387 enim
3367 4345 3437 4388 ex
3458 4324 3693 4388 diabolo
3736 4348 3748 4384 .-

2098 4416 2390 4480 Dominus
2428 4430 2626 4478 autem
2671 4418 2975 4497 cognoscit
3004 4434 3168 4479 suos.
3204 4415 3331 4478 Hoc
3360 4427 3557 4478 autem
3591 4416 3749 4497 quod

2100 4509 2280 4572 dicit:
2315 4504 2696 4570 Comedimus
2734 4515 2792 4568 et
2822 4506 3086 4569 bibimus
3118 4525 3316 4568 coram
3350 4513 3497 4579 te,et
3526 4506 3586 4567 in
3618 4505 3750 4586 pla-

363 4649 459 4701 μεν
523 4594 609 4682 xiii
683 4622 901 4697 ἐπίομεν
933 4620 1155 4676 ἐνώπιόν
1188 4642 1304 4693 σου,
1350 4620 1437 4675 καὶ
1480 4618 1533 4674 ἐν
1564 4630 1688 4680 ταῖς
1736 4615 2008 4683 πλατείαις

2098 4600 2207 4662 teis
2227 4595 2447 4658 nostris
2469 4595 2757 4660 docuisti:
2778 4597 3132 4679 simpliciter
3153 4596 3393 4677 quidem
3418 4596 3490 4656 ad
3510 4594 3747 4657 Israeli-

361 4719 516 4791 ἡμῶν
573 4710 828 4785 ἐδίδαξας,
902 4713 990 4767 καὶ
1044 4709 1225 4773 ὁπλώς
1288 4710 1386 4784 μὲν
1456 4707 1622 4770 οὕτως
1688 4708 1819 4785 πρὸς
1890 4709 2011 4772 τοὺς

361 4804 413 4872 ἐξ
472 4802 687 4885 Ἰσραὴλ
745 4800 980 4879 λέγεται.
1061 4801 1154 4856 Καὶ
1213 4800 1311 4877 γὰρ
1362 4798 1413 4864 ἐξ
1484 4800 1654 4855 αὐτῶν
1712 4797 1739 4852 ὁ
1788 4798 2011 4875 Χριστὸς

364 4896 497 4952 κατὰ
554 4894 748 4973 σάρκα,
810 4892 894 4946 καὶ
970 4892 1149 4952 αὺτοῖς
1226 4890 1470 4959 συνήσθιε
1544 4889 1633 4944 καὶ
1744 4885 2006 4949 συνέπινε,

365 4983 511 5051 Πλὴν
566 4982 701 5039 ἀλλά
744 4983 831 5037 καὶ
861 4979 1194 5055 ὑψηλότερον
1228 4976 1436 5034 δύναται
1469 4981 1728 5044 νοηθῆναι
1762 4978 1847 5055 τὸ,
1882 4976 2008 5031 Ἐν-

361 5075 531 5131 ώπιόν
599 5095 695 5130 σου
745 5068 1009 5152 ἐφάγομεν
1063 5071 1150 5126 καὶ
1220 5068 1456 5145 ἐπίομεν
1517 5068 1615 5135 τὴν
1659 5069 1757 5147 γὰρ
1789 5070 2013 5144 νομικὴν

362 5160 639 5226 τελοῦντες
708 5160 981 5238 λατρεῖαν,
1038 5160 1129 5215 καὶ
1200 5159 1641 5232 προσκομίζοντες
1672 5163 1748 5230 τῷ
1776 5162 1890 5231 Θεῷ
1918 5157 2014 5221 τὰς

361 5252 428 5309 δι’
473 5252 704 5328 αἵματος
734 5250 933 5314 θυσίας,
968 5249 1150 5317 ἢσθιον
1199 5271 1286 5304 και
1338 5247 1709 5325 ηὖφραίνοντο,
1743 5246 2015 5324 ἠκροῶντο

361 5341 416 5399 δὲ
469 5342 558 5399 καὶ
587 5340 693 5397 τῶν
724 5341 875 5397 θείων
905 5336 1101 5415 βίϐλων
1128 5340 1182 5393 ἒν
1228 5350 1351 5402 ταῖς
1398 5349 1758 5414 συναγωγαῖς.
1793 5336 2013 5401 Πάντως

362 5435 460 5512 γὰρ
517 5433 561 5488 ό
603 5431 789 5509 Κύριος
849 5431 937 5486 καὶ
969 5426 1053 5484 διὰ
1100 5434 1206 5484 τῶν
1278 5430 1566 5506 προιρητῶν
1615 5423 1901 5482 ἐδίδασκεν
1954 5428 2014 5483 οὗ

364 5524 461 5602 γὰρ
532 5521 598 5577 τὰ
628 5523 828 5578 ἑαυτῶν
859 5522 906 5577 οἱ
938 5522 1203 5599 προφῆται
1251 5518 1607 5596 προετίθεσαν,
1654 5513 1793 5570 ἀλλά
1821 5515 1886 5571 τὰ
1921 5523 2013 5573 τοῦ

363 5618 493 5669 Θεοῦ
534 5610 888 5691 ὑπηγόρευον,
933 5606 1012 5665 διὸ
1039 5610 1127 5665 καὶ
1159 5606 1366 5686 ἔλεγον,
1401 5603 1533 5667 Τάδε
1602 5603 1753 5684 λέγει
1798 5606 2010 5685 Κύριος.

367 5701 564 5760 Οὔκουν
607 5700 799 5781 ἤργεσε
869 5712 986 5775 τοῖς
1032 5696 1297 5763 Ἰουδαίοις
1329 5698 1402 5761 εἰς
1462 5692 1732 5753 δικαίωσιν
1760 5695 1796 5764 ἡ
1830 5691 1900 5751 δι’
1931 5696 2010 5752 αἱς

2099 4701 2183 4753 tas
2215 4687 2697 4752 dicitur.Etenim
2728 4690 3013 4753 Dominus
3036 4709 3106 4751 ex
3134 4689 3275 4751 590
3296 4688 3441 4768 ipsis
3468 4697 3640 4750 natus
3664 4696 3755 4749 est

2095 4781 2425 4844 secundum
2460 4790 2792 4858 carnem,et
2822 4801 2956 4843 cum
2991 4782 3082 4843 eis
3110 4781 3373 4844 comedit
3403 4800 3471 4842 ac
3503 4778 3756 4840 biliit.Et

2097 4879 2288 4951 potest
2316 4870 2491 4933 etiam
2541 4871 2856 4934 sublimius
2901 4871 3193 4952 intelligi:
3222 4870 3430 4934 Coram
3460 4879 3515 4931 te
3546 4887 3751 4930 come—

2097 4961 2293 5023 dimus
2328 4969 2385 5022 et
2407 4960 2984 5042 bibinius.Legalem
3019 4963 3177 5023 enim
3211 4960 3591 5042 perﬁcientes
3622 4959 3753 5019 cul-

2099 5061 2245 5125 tum,
2281 5059 2339 5113 et
2367 5050 2686 5111 otl‘erentes
2715 5054 2840 5114 Deo
2864 5059 3112 5113 cruenta
3127 5050 3441 5131 sacriﬁcia,
3464 5046 3754 5110 comede-

2096 5151 2235 5204 runt
2265 5150 2324 5203 et
2352 5140 2529 5202 laetati
2562 5142 3042 5204 suntzaudierunt
3072 5148 3269 5203 autem
3314 5140 3548 5201 divinos
3569 5136 3756 5198 libros

2099 5238 2156 5295 in
2188 5228 2782 5314 synagogisOmnino
2810 5231 2967 5293 enim
3002 5237 3062 5293 et
3093 5249 3197 5311 per
3219 5225 3751 5311 prophetasDomi-

2098 5319 2828 5402 nusdocuit.Nequeenim
2854 5321 3158 5403 propheta:
3178 5340 3282 5381 sua
3309 5319 3571 5401 ipsorum
3597 5317 3754 5379 dicta

2098 5410 2508 5495 proferebant,
2540 5411 2645 5472 sed
2673 5410 2872 5473 divina
2903 5409 3308 5493 praedicabant
3334 5430 3347 5472 :
3387 5416 3757 5490 quapropter

2097 5512 2159 5567 et
2180 5500 2623 5568 dicebantzﬂaac
2642 5501 2781 5565 dicit
2808 5500 3116 5564 Dominus.
3143 5499 3271 5562 Non
3287 5500 3470 5582 igitur
3490 5497 3756 5563 sutiicie-

2097 5592 2196 5657 bat
2215 5591 2440 5656 Judaais
2455 5590 2528 5653 ad
2541 5591 3031 5673 justiﬁcationem
3045 5590 3240 5654 cultus
3252 5590 3353 5654 ille
3372 5610 3479 5674 per
3502 5586 3754 5668 sangui-

2096 5686 2188 5751 nis
2224 5681 2600 5758 etl'usionem,
2636 5701 2751 5747 non
2784 5682 3109 5749 accedente
3143 5680 3279 5759 ﬁde,
3312 5701 3445 5765 qua;
3466 5679 3753 5761 justiticat
