4202 6402
426 349 539 414 9??

1401 348 1989 416 THEOPHYLACTI
2035 348 2447 413 BULGARUE
2495 354 2848 417 ARCHIEP.

3717 356 3835 422 928

430 503 538 548 nes
560 487 698 551 illos
728 487 1744 562 habetDominus.Quemudmodum
1765 484 1923 548 enim
1941 500 2073 545 ama

2179 480 2278 549 τὴν
2343 486 2595 564 στοργὴν,
2670 485 2735 555 ἧν
2799 488 2916 570 ἔχει
2948 491 3065 570 περὶ
3094 491 3282 555 αὖτοὺς
3325 492 3354 549 ὁ
3385 490 3600 571 Κύριος·
3649 491 3832 552 ὥσπερ

424 581 519 636 tor
535 579 666 657 quis
695 579 767 640 ab
782 579 974 641 amica
995 586 1371 658 contemptus
1384 578 1486 651 ,ita
1504 584 1739 639 revocat
1753 574 2085 637 adulteram

428 667 813 747 Synagogam.
851 665 1125 731 Ostendit
1182 669 1318 730 item
1371 686 1537 728 suam
1584 664 2082 743 misericordiam,

426 757 579 834 quod
598 776 1013 837 saepenumero
1040 757 1294 820 voluerit
1314 774 1676 837 congregare
1708 756 1935 817 illoszet
1958 753 2086 815 illo-

424 862 556 905 rum
578 847 870 926 signiﬁcat
897 845 1763 925 arrogantiam,dicendo,Quia
1785 843 2082 929 noluistis!

423 935 699 1013 relinquo
730 956 834 999 vos
866 952 1096 1017 p05tea.
1137 935 1200 997 In
1236 945 1462 999 tantum
1499 936 1659 998 enim
1713 934 1851 996 odio
1906 932 2084 995 habul

426 1025 705 1099 malitiam
728 1034 1289 1108 vestram,utneque
1311 1027 1598 1107 templum
1621 1025 1865 1086 domum
1888 1042 2081 1085 meam

426 1132 556 1175 esse
585 1114 911 1193 dicam,sed
933 1116 1175 1179 domum
1196 1125 1478 1179 vestram.
1504 1117 1655 1179 Nam
1694 1113 1957 1196 quandiu
1986 1114 2082 1175 vi-

425 1211 540 1265 tam
575 1215 827 1269 vestram
868 1205 1021 1269 bene
1070 1206 1391 1285 gerebatis.
1430 1214 1487 1267 et
1531 1205 1816 1286 templum
1879 1222 2076 1264 meum

426 1303 590 1365 erat:
619 1298 756 1378 quia
784 1305 980 1359 autem
1014 1296 1160 1358 illud
1194 1295 1672 1370 contaminastis,
1705 1305 1761 1357 et
1809 1294 2078 1374 negotia-

424 1384 601 1449 tionis
659 1387 926 1466 domum,
964 1394 1023 1448 et
1070 1386 1416 1467 speluncam
1464 1385 1758 1446 latronum
1831 1383 2078 1459 fecistis,

428 1476 719 1557 variisque
771 1474 1268 1556 negotiationibus
1298 1484 1354 1537 et
1382 1473 1571 1537 avaris
1607 1473 1821 1536 vestris
1867 1472 2081 1534 studiis

428 1565 683 1627 vicissim
716 1583 820 1628 vos
868 1564 1239 1645 exstinguitis
1286 1562 1633 1643 (negotiatio
1658 1562 1814 1624 enim
1849 1563 2079 1624 latroci-

2168 572 2268 651 γάρ
2323 594 2404 639 τις
2463 576 2686 653 ἐραστὴς
2746 580 2887 657 παρὰ
2940 585 3037 648 τῆς
3114 580 3387 660 ἐρωμένης
3458 582 3827 663 καταφρονού-

2168 684 2348 750 μενος,
2384 662 2549 728 οὕτως
2594 665 2942 726 ἀνακαλεῖται
2972 670 3071 737 τὴν
3116 668 3409 750 μοιχαλίδα
3468 662 3817 750 Συναγωγήν·

2166 748 2388 839 δείκνυσι
2448 751 2501 808 δὲ
2557 755 2643 810 καὶ
2697 756 2794 824 τὴν
2854 758 3047 814 οἰκείαν
3099 748 3513 839 φιλανθρωπίαν,
3571 748 3651 815 ὅτι
3681 748 3824 817 πολ-

2169 838 2325 903 λακις
2380 841 2636 910 ἠθέλησεν
2709 838 3120 926 ἐπισυναγαγεῖν
3170 848 3383 927 αὖτοὺς,
3430 851 3516 907 καὶ
3546 850 3645 917 τὴν
3673 849 3818 906 ἐκεί-

2168 954 2270 987 νων
2321 931 2579 989 ἀπόνοιαν
2625 935 2895 1016 σημαίνει,
2929 939 2985 993 ἒν
3013 945 3091 1013 τῷ
3124 939 3318 1013 εἰπεῗν,
3368 937 3450 995 ὅτι
3481 941 3589 997 Οὔκ
3620 937 3821 1009 ἠθελη-

2169 1037 2315 1078 σατε⁶
2391 1022 2585 1102 ἀφίημι
2645 1022 2834 1082 λοιπὸν
2900 1028 3059 1101 ὑμᾶς.
3121 1035 3379 1086 Τοσοῦτον
3437 1028 3537 1108 γὰρ
3591 1028 3824 1103 ἐμίσησα

2165 1111 2265 1174 τῆν
2322 1114 2580 1190 πονηρίαν
2640 1116 2811 1195 ὑμῶν,
2874 1115 3011 1172 ὥστε
3071 1114 3186 1173 οὐδὲ
3218 1119 3310 1173 τὸν
3341 1120 3464 1175 ναὸν
3496 1116 3639 1195 λέγω
3668 1118 3823 1175 οἶκόν

2167 1224 2267 1275 μου
2325 1214 2486 1275 εῖναι,
2543 1200 2663 1259 ἀλλ’
2693 1206 2846 1261 οἷκον
2877 1206 3047 1277 ῧμῶν·
3098 1205 3226 1287 ἄχρι
3273 1208 3372 1284 γὰρ
3425 1205 3821 1264 ἐνεπολιτεύετο

2163 1292 2291 1365 ὑμῖν
2349 1292 2382 1358 ἡ
2418 1290 2600 1369 ἀρετὴ,
2640 1294 2726 1349 καὶ
2769 1296 2796 1349 'o
2831 1296 2952 1357 ναὸς
2999 1296 3125 1367 ἐμὸς
3169 1296 3257 1363 ἦν·
3293 1294 3404 1352 ἐπεὶ
3435 1294 3489 1351 δὲ
3521 1297 3607 1353 καὶ
3666 1298 3824 1353 αὐτὸν

2164 1380 2434 1455 ἐμιάνατε,
2501 1382 2587 1436 καὶ
2641 1383 2897 1461 ἓμπόριον
2970 1386 3057 1440 καὶ
3110 1384 3374 1455 σπήλαιον
3434 1383 3647 1460 λῃστῶν
3717 1407 3821 1442 πε-

2166 1471 2427 1539 ποιήκατε
2494 1483 2615 1533 ταῖς
2659 1470 2891 1538 πολλαῖς
2937 1472 3279 1549 καπηλείαις,
3312 1476 3401 1531 καὶ
3431 1482 3507 1549 τῷ
3535 1472 3813 1555 φιλοχρη-

2162 1563 2315 1634 μᾶτῳ
2385 1558 2479 1627 τῆς
2539 1560 2759 1636 γνώμης
2818 1561 3087 1633 ἀλλήλους
3163 1564 3626 1629 ἀποκτιννύοντες·
3659 1574 3817 1624 τοῦτο

428 1653 589 1716 nium
624 1661 733 1727 est,
772 1653 1154 1734 supplantans
1185 1654 1485 1732 fratres,et
1510 1652 1745 1733 rapiens
1781 1671 1910 1732 qua:
1940 1651 2073 1713 illo-

2159 1648 2260 1727 γὰρ
2304 1648 2445 1704 ἐστιν
2514 1650 2549 1716 ἡ
2582 1652 2918 1728 πραγματεία
2948 1657 3046 1720 τῆς
3098 1651 3349 1729 λῃστείας
3405 1652 3821 1725 ὑποτκελίζουσα

423 1762 557 1805 rum
594 1764 607 1805 :
637 1743 692 1804 id
726 1743 881 1825 quod
916 1752 975 1805 et
998 1743 1259 1805 latrones
1310 1743 1529 1803 faciunt
1557 1761 1569 1804 ;
1600 1741 1882 1802 invadunt
1912 1742 2070 1802 enim

2158 1740 2247 1795 τὸν
2308 1736 2531 1819 ἀδελφὸν
2591 1760 2659 1794 κα
2746 1742 3048 1820 ἁρπάζουσα
3131 1744 3196 1799 τὰ
3276 1742 3453 1800 α·3τοῦ·
3528 1742 3556 1798 ὅ
3615 1744 3703 1799 καὶ
3773 1746 3821 1801 οἱ

424 1832 698 1901 viatores.
738 1816 801 1897 ut
833 1832 1069 1895 illorum
1092 1832 1249 1893 bona
1269 1832 1609 1913 rapiant),et
1632 1832 1910 1912 quoniam
1937 1849 2070 1910 spe-

2158 1828 2380 1905 λῃσταὶ,
2417 1816 2648 1899 ποιοῦσι,
2711 1816 3117 1906 συμποδίζοντες
3185 1833 3285 1911 γὰρ
3342 1832 3466 1897 τοὺς
3499 1830 3697 1908 ὁδίτας,
3732 1834 3822 1892 05-

423 1922 654 1984 luncam
688 1923 982 1984 latronum
1013 1927 1298 2003 templum
1330 1921 1551 1982 fecistis
1586 1940 1689 2000 per
1716 1920 2070 2000 negotiatio-

2158 1940 2258 1980 τως
2323 1915 2425 1985 ἢδη
2480 1917 2547 1972 τὰ
2608 1921 2777 1975 ανῦτεῦν
2832 1919 3196 2000 ἀφαιροῦνταιο
3257 1922 3370 1978 ἐπεὶ
3400 1922 3489 1978 οὖν
3550 1922 3641 1978 τὸν
3692 1925 3820 1980 ναὸν

421 2029 560 2073 num
594 2013 856 2093 speciem
883 2031 1029 2093 quas
1060 2012 1120 2074 in
1153 2012 1283 2092 ipso
1309 2010 1597 2073 orationis
1632 2010 1760 2071 loco
1807 2009 2068 2072 facieba-

2158 2006 2419 2077 σπήλαιον
2477 2004 2688 2082 λῃστῶν
2748 2011 3078 2079 πεποιήκατε
3128 2008 3213 2067 δια
3280 2013 3342 2067 τὸ
3398 2017 3503 2067 τῶν
3561 2033 3819 2091 πραγμα-

421 2099 603 2162 batis:
632 2121 749 2163 non
794 2103 947 2163 ultra
978 2120 1109 2165 mea
1150 2100 1264 2163 erit
1292 2100 1528 2175 domus,
1564 2101 1667 2162 sed
1701 2109 1907 2162 vestra.
1940 2098 2067 2161 Non

2158 2103 2307 2153 τειῶν
2380 2093 2544 2164 εἶδος,
2608 2096 2670 2159 ἅς
2742 2100 2798 2154 ἓν
2870 2103 3011 2173 αὒτῷ
3067 2104 3145 2175 τῷ
3174 2102 3272 2167 τῆς
3325 2104 3634 2181 προσευχῆς
3678 2103 3819 2177 οἴκῳ

421 2192 611 2252 Solum
645 2200 843 2255 autem
896 2192 1179 2272 templum
1234 2190 1537 2269 intelligas
1567 2188 1838 2263 domum,
1872 2190 1976 2251 sed
2012 2198 2070 2250 et

2158 2188 2413 2259 ἐποιεῖτε,
2446 2184 2617 2244 οὐκέτι
2650 2186 2779 2262 ἐμός
2813 2187 2955 2244 ἐστιν
3001 2190 3181 2264 οἶκος,
3229 2188 3352 2247 ἀλλ’
3395 2190 3565 2264 ὑμῶν·
3602 2192 3675 2249 Οὐ
3704 2193 3815 2266 μό-

421 2300 661 2342 omnem
688 2282 1133 2361 generationem
1161 2279 1697 2343 Judaeorum.Solet
1727 2280 1885 2341 enim
1911 2279 2067 2343 Scri-

2158 2299 2239 2332 ννιν
2326 2274 2379 2331 δὲ
2426 2276 2517 2331 τὸν
2578 2278 2702 2330 ναὸν
2736 2280 2945 2347 νοήσεις
2982 2282 3158 2360 οἷκον,
3192 2278 3327 2336 ἀλλά
3356 2280 3445 2335 καὶ
3475 2278 3572 2345 τὴν
3599 2277 3812 2337 ἅπασαν

418 2380 588 2447 plura
646 2380 703 2433 et
748 2391 934 2451 genus
980 2374 1221 2433 domum
1282 2371 1607 2450 appellare,
1638 2378 1745 2432 ut:
1788 2388 1819 2430 (
1849 2368 2065 2430 Domus

2158 2369 2333 2444 γενεὰν
2402 2368 2506 2424 τῶν
2580 2361 2867 2427 ἰουδαίωκν
2916 2367 3031 2423 οἶδε
3090 2369 3189 2448 γὰρ
3218 2371 3252 2436 ἠ
3286 2368 3469 2448 Γραφὴ
3501 2366 3676 2425 καὶτὸ
3707 2369 3809 2447 γέο

420 2459 578 2541 Levi,
614 2461 949 2524 benedicite
971 2462 1291 2523 Dominum
1312 2461 1434 2524 63.»
1467 2464 1535 2523 Et
1568 2460 1680 2520 hoc
1712 2459 1841 2520 loco
1875 2468 2063 2539 potest

2158 2478 2235 2520 io;
2289 2458 2441 2515 οἷκον
2499 2460 2799 2537 ὀνομάζειν
2862 2459 2933 2519 ὡς
2966 2459 3050 2532 τὸ,
3110 2481 3137 2513 α
3172 2459 3338 2523 Οἶκος
3379 2458 3531 2531 Λευΐ,
3558 2454 3793 2536 εὐλογή-

418 2548 923 2631 intelligi,Domus
954 2560 1145 2613 vestra
1176 2551 1554 2632 relinquitur,
1587 2550 1703 2610 hoc
1726 2556 1842 2623 est,
1874 2568 2062 2627 genus

2158 2568 2263 2602 τατι
2324 2551 2415 2604 τὸν
2478 2551 2688 2630 Κύριον,
2770 2572 2793 2605 ο
2856 2546 3136 2609 Κάνταῦθα
3167 2550 3255 2605 οὖν
3303 2547 3514 2603 δὺναται
3546 2548 3819 2615 νοηθῆναι

418 2649 681 2702 vestrum
728 2640 1087 2723 relinquitur
1116 2661 1149 2700 a
1178 2662 1300 2704 me:
1335 2641 1485 2703 sicut
1505 2648 1559 2700 et
1580 2657 1685 2719 per
1707 2638 2056 2718 prophetam

2158 2637 2227 2715 ςὸ,
2288 2639 2442 2701 οἶκος
2501 2640 2614 2696 ἀντὶ
2672 2638 2761 2694 τοῦ
2790 2637 2851 2693 τό
2880 2636 3030 2714 γένος
3061 2637 3211 2710 ὑμῶν
3237 2637 3443 2716 ἀφίεται
3474 2636 3604 2713 παρ’
3652 2642 3813 2715 ὶμοῦ,

415 2728 557 2790 alibi
584 2730 751 2804 dicit,
783 2717 1081 2813 Dereliqui
1114 2733 1353 2794 domum
1389 2717 1606 2799 meam}
1652 2717 2055 2790 hmreditatem

2171 2727 2242 2791 ὡς
2300 2728 2389 2782 καὶ
2457 2725 2541 2785 διὰ
2588 2736 2680 2785 τοῦ
2722 2727 2996 2806 προφήτου
3025 2724 3269 2805 ἀλλαχοῦ
3324 2747 3509 2805 φησιν,
3550 2717 3820 2808 Ἐγκατα-

421 2837 611 2881 meam
645 2823 882 2905 reliqui.
919 2824 1169 2886 Domum
1203 2823 1361 2883 enim
1395 2821 1515 2882 illic
1556 2820 1700 2881 dicit
1758 2816 2073 2880 lsraelitas.

2167 2813 2386 2873 λέλοιπα
2458 2820 2545 2873 τὸν
2591 2817 2743 2874 οἶκόν
2774 2839 2900 2890 μου,
2946 2814 3128 2893 ἀφῆκα
3158 2815 3257 2883 τὴν
3300 2814 3661 2892 κληρονομίαν
3690 2833 3817 2893 μου·

420 2908 695 2973 Ostendit
718 2903 915 2975 autem
942 2916 1097 2995 quod
1133 2923 1191 2976 et
1230 2921 1367 2975 ante
1392 2913 1503 2973 hoc
1534 2912 1662 2991 ipse
1698 2927 1803 2971 eos
1834 2925 2073 2969 conser.

2165 2905 2319 2995 οἷκον
2391 2908 2489 2984 γὰρ
2546 2906 2662 2964 ἐκεῖ
2731 2908 2849 2971 τοὺς
2907 2903 3241 2984 Ἰσραηλίτας
3289 2906 3438 2985 φησί·
3486 2903 3707 2967 δείκνυσι
3738 2904 3816 2982 δὲ,

418 3000 587 3081 varit,
634 3009 693 3063 et
740 3003 811 3065 ab
860 2994 1122 3065 inimicis
1174 3002 1464 3065 liberarit.
1499 2999 1772 3080 Denique
1814 2997 2073 3060 dicens:

2163 2994 2241 3049 ὄτι
2299 2997 2386 3051 καὶ
2458 2997 2557 3073 πρό
2608 2998 2789 3053 τούτου
2850 2996 3005 3058 αὐτὸς
3048 2995 3113 3061 ἧν
3145 2998 3171 3050 ὁ
3203 2996 3444 3075 συνέχων
3486 2997 3697 3069 αὖτοὺς,
3729 2998 3819 3053 καὶ

418 3086 545 3149 Νοη
582 3110 676 3153 me
710 3092 982 3155 videbitis
1030 3095 1223 3156 donec
1278 3092 1515 3170 dicatis,
1568 3088 1925 3152 Benedictus
1970 3082 2071 3167 qui

2158 3092 2259 3141 τῶν
2316 3085 2522 3166 ἐχθρῶν
2552 3086 2828 3163 ῥυόμενος·
2866 3086 2926 3140 τὸ
2972 3082 3051 3157 δὲ,
3088 3086 3160 3141 Οὒ
3188 3086 3265 3160 μή
3327 3107 3394 3157 με
3452 3084 3607 3154 ἴδητε
3651 3084 3809 3165 ἄχρις

418 3178 577 3239 venit
608 3181 666 3241 in
692 3184 930 3245 nomine
960 3184 1233 3246 Domini:
1273 3181 1601 3244 secundum
1620 3177 1910 3259 signiﬁcat
1929 3178 2070 3238 305

2158 3172 2215 3228 ἄν
2273 3173 2490 3255 εἴπητε,
2528 3174 2899 3253 Εὒλογημὲνος
2931 3176 2958 3231 ὁ
3004 3173 3299 3254 ἐρχόμενος
3344 3173 3399 3230 ἐν
3428 3174 3647 3250 ὀνόματι
3706 3184 3818 3235 Κυ-

418 3268 765 3347 adventum;
806 3273 1186 3336 involuntarii
1244 3273 1402 3336 enim
1435 3280 1575 3332 tunc
1627 3266 2070 3330 confitebuntur

2158 3264 2284 3341 ρίου·
2359 3265 2457 3332 τὴν
2518 3264 2761 3344 δευτέραν
2820 3264 3067 3338 σημαίνει
3134 3267 3446 3342 παρουσίαν.
3534 3263 3664 3324 Τότε
3715 3264 3815 3343 γὰρ

418 3367 479 3419 et
504 3360 865 3425 Salvatorem
900 3356 1558 3444 etDominum,quando
1595 3356 2067 3439 ipsisnulhinde

2158 3355 2238 3409 καὶ
2294 3352 2511 3417 ἄκοντες
2571 3353 3001 3432 ὁμολογῆσουσιν
3061 3352 3217 3409 αὖτον
3269 3354 3496 3433 Σωτῆρα
3539 3355 3627 3410 καὶ
3700 3354 3813 3412 Κύ-

420 3448 639 3511 utilitas
672 3453 923 3520 eveiiic-t.
959 3454 1109 3527 Quid
1143 3440 1355 3531 igitur?
1382 3451 1508 3513 Non
1536 3449 1812 3510 viderunt
1842 3447 2004 3506 illum
2034 3466 2067 3507 a

2158 3465 2283 3519 ριον,
2341 3442 2429 3499 ὅτε
2464 3448 2644 3507 αὐτοῖς
2707 3442 2851 3501 οῦδὲν
2914 3441 3130 3522 ὀὲρελος.
3204 3443 3265 3500 Τί
3312 3442 3399 3499 οὗν
3450 3465 3465 3519 ;
3528 3445 3623 3500 οὒκ
3665 3440 3813 3501 εἶδον

417 3557 531 3618 quo
564 3548 830 3622 tempore
862 3544 985 3604 haec
1017 3543 1192 3605 dixit?
1220 3542 1457 3624 Utique.
1495 3540 1710 3602 Dicens
1743 3534 2063 3597 enimzNon

420 3645 515 3688 me
548 3629 818 3692 videbitis
845 3651 913 3694 ex
946 3632 1047 3693 illo
1076 3642 1366 3712 tempore,
1404 3649 1518 3692 non
1545 3630 1752 3690 horam
1774 3644 1903 3706 quae
1927 3634 2065 3686 tunc

418 3728 546 3779 erat
578 3718 999 3799 signiﬁcat,sed
1026 3730 1261 3801 tempus
1282 3720 1437 3801 quod
1470 3725 1606 3796 post
1638 3714 2067 3776 crucemzsicut

418 3807 463 3866 si
492 3807 777 3872 dixisset:
814 3810 857 3870 A
890 3820 1159 3890 tempore
1193 3828 1309 3890 quo
1348 3827 1440 3868 me
1472 3802 1911 3877 cruciﬁxeritis,
1950 3822 2065 3864 non

419 3896 572 3957 ultra
599 3917 691 3958 me
718 3897 1012 3979 videbitis,
1049 3898 1237 3960 donec
1268 3896 1533 3959 redeam.

1059 3990 1299 4054 CAPUT
1340 3988 1492 4051 XIV.

424 4083 506 4143 De
532 4082 879 4163 hydmpico.
923 4083 1097 4158 Quod
1150 4101 1275 4145 non
1317 4082 1497 4144 liceat
1547 4080 1810 4163 ambire_
1836 4084 2071 4158 primos

499 4159 824 4224 accubitus.
845 4163 1013 4237 Quod
1042 4167 1240 4225 deceat
1269 4165 1459 4239 magis
1490 4178 1707 4223 vocare
1732 4159 1810 4220 ad
1841 4177 2071 4220 curiam

497 4260 796 4324 pauperes
826 4262 1013 4324 quam
1039 4246 1287 4305 amicos.
1329 4244 1413 4304 De
1442 4247 1668 4303 vocalis
1700 4241 1779 4302 ad
1808 4258 2066 4302 caenam.

502 4323 815 4385 l’arabola
841 4323 918 4386 de
946 4326 1204 4405 aediﬁcio
1243 4327 1457 4387 turris.

504 4507 683 4569 Vens.
718 4510 837 4573 1-6.
872 4535 897 4564 α
935 4508 1003 4570 Et
1036 4509 1253 4574 factum
1292 4518 1380 4570 est
1411 4528 1542 4570 cum
1576 4503 1924 4569 introiretin
1957 4504 2070 4565 do—

424 4618 582 4660 mum
618 4600 925 4679 cujusdam
942 4599 1229 4681 principis
1260 4598 1689 4660 Pharisaeorum
1725 4594 1979 4659 Sabbato
1998 4592 2069 4653 ad

419 4689 770 4768 capiendum
805 4690 1096 4762 cibum,et
1121 4690 1233 4771 ipsi
1258 4688 1650 4750 observabant
1672 4684 1913 4747 eum.Et
1930 4703 2072 4745 ecce

420 4778 602 4839 homo
634 4777 869 4859 quidam
901 4778 1262 4860 hydropicus
1310 4788 1436 4839 erat
1478 4785 1613 4838 ante
1644 4776 1835 4836 illum.
1874 4773 1939 4833 Et
1970 4791 2071 4834 re-

418 4866 721 4946 Spondens
750 4870 923 4929 .lesus
943 4868 1084 4928 dixit
1119 4869 1188 4928 ad
1226 4866 1598 4947 legisperilos
1625 4874 1684 4925 et
1716 4864 2069 4936 Phariszeos,

416 4956 645 5020 dicens:
670 4960 821 5021 Num
846 4957 1255 5019 licetSabbato
1282 4956 1599 5019 sanare?At
1628 4954 1711 5017 illi
1737 4960 2064 5015 tacuerunt.

417 5044 548 5123 Ipse
600 5065 738 5109 vero
768 5049 1204 5128 apprehensum
1240 5046 1466 5107 s:.navit
1516 5064 1676 5116 eum,
1710 5063 1776 5105 ac
1817 5042 2064 5103 dimisit.

417 5136 489 5197 Et
519 5138 892 5216 respondens
921 5138 991 5197 ad
1028 5137 1157 5198 illos
1188 5136 1548 5215 dixit:Cujus
1573 5142 1830 5195 vestrum
1863 5131 2066 5193 asinus

420 5235 517 5286 aut
549 5225 654 5286 bos
684 5227 740 5286 in
777 5236 1016 5306 puteum
1050 5227 1311 5300 cadet,et
1343 5245 1459 5287 non
1493 5223 1773 5287 continuo
1797 5222 2069 5284 extrahet

422 5316 586 5375 illum
619 5316 802 5377 indie
834 5315 1106 5379 Sabbati?
1146 5315 1210 5376 Et
1242 5336 1359 5377 non
1396 5322 1667 5396 poterant
1707 5314 1777 5374 ad
1814 5315 1937 5373 haec
1966 5332 2064 5373 re-

417 5403 715 5484 spondere
743 5406 1188 5469 illi.»Dominus
1218 5405 1359 5467 satis
1392 5405 1588 5467 sciens
1635 5404 2067 5468 Pharisaeorum

422 5495 848 5570 morositatem,
886 5495 1218 5573 ingreditur
1246 5495 1305 5557 in
1360 5514 1563 5557 eorum
1624 5494 1855 5556 domos.
1901 5495 2069 5556 Curae

496 5662 561 5717 63
621 5663 776 5727 Psal.
823 5678 1052 5742 cxxxnv,
1087 5664 1189 5731 20.

2146 3534 2303 3590 αὒτον
2361 3533 2451 3610 ἀφ’
2509 3536 2568 3589 οὗ
2637 3542 2799 3591 ταῦτα
2832 3537 2954 3590 εἷπε
2994 3552 3010 3605 ;
3052 3534 3151 3591 Καὶ
3176 3532 3344 3608 μάλα·
3379 3532 3506 3589 ὅταν
3534 3532 3623 3590 οὖν
3654 3531 3812 3612 λέγῃ,

2150 3622 2227 3677 ὅτι
2285 3622 2369 3679 03'
2414 3644 2479 3698 με
2533 3621 2689 3690 ’ίδητε
2750 3623 2856 3679 ἀπὸ
2914 3630 3006 3679 τοῦ
3063 3629 3173 3695 νῦν,
3212 3621 3331 3701 οὖχῖ
3379 3622 3478 3689 τῆν
3523 3623 3642 3679 τότε
3672 3620 3813 3701 ὥραν

2148 3713 2416 3786 σημαίνει.
2471 3710 2606 3768 ἀλλὰ
2636 3715 2729 3769 τὸν
2781 3712 2917 3786 μετὰ
2960 3714 3051 3767 τὸν
3097 3712 3319 3789 σταυρὸν
3380 3712 3599 3791 χρὸνον·
3633 3711 3813 3789 ὥσπερ

2152 3800 2211 3855 ἅν
2286 3803 2327 3856 εἰ
2400 3802 2581 3875 εἶπεν,
2657 3801 2779 3881 Ἀφ’
2838 3802 2899 3857 οὗ
2956 3822 3023 3875 με
3057 3801 3409 3881 σταυρώσετε,
3444 3801 3708 3860 οὐκέτιοῦ
3736 3802 3815 3876 μὴ

2152 3912 2216 3965 με
2248 3889 2425 3965 ἴδητε,
2474 3890 2632 3970 ἄχρις
2664 3890 2724 3948 ἔν
2749 3890 2856 3949 πάλ
2869 3914 2914 3948 ιν
2942 3889 3103 3949 ἔλθω.

2780 3987 3037 4050 ΚΕΦΑΛ.
3070 3987 3187 4047 ιε’.

2153 4082 2275 4158 Περὶ
2355 4087 2445 4136 τοῦ
2537 4076 2857 4155 ὑδρωπικοῦ.
2949 4078 3073 4157 Περὶ
3147 4084 3240 4135 τοῦ
3313 4079 3390 4153 μὴ
3454 4077 3664 4158 ἀγαπᾷν
3708 4076 3803 4140 τὰς

2232 4156 2644 4231 πρωτοκλισίας,
2732 4160 2853 4237 Περὶ
2940 4156 3035 4217 τοῦ
3111 4159 3364 4237 πτωχοὺς
3446 4156 3681 4237 μᾶλλον,
3730 4158 3806 4221 εἰς

2233 4242 2293 4296 τὸ
2364 4240 2581 4296 δεῖπνον
2633 4236 2845 4319 καλεῖν,
2906 4238 2941 4306 ἢ
2995 4237 3174 4319 φίλους
3262 4236 3393 4305 Περὶ
3450 4244 3555 4295 τῶν
3600 4236 3804 4295 καλου-

2236 4320 2408 4394 μένων
2458 4320 2511 4375 ἐν
2582 4327 2657 4393 τῷ
2712 4318 2927 4394 δείπνῳ.
3007 4317 3127 4398 Περὶ
3247 4317 3533 4393 οἰκοδομῆς
3607 4319 3808 4397 πύργου

2238 4399 2512 4479 παραϐολή
2523 4449 2536 4462 .

2243 4514 2269 4543 α
2336 4492 2429 4550 Καὶ
2482 4488 2691 4567 ἐγένετο
2728 4488 2781 4544 ἐν
2826 4496 2903 4563 τῷ
2932 4486 3188 4545 εἰσελθεῖν
3222 4489 3376 4543 αὐτὸν
3409 4488 3481 4551 είς
3538 4488 3689 4543 οτκόιι
3718 4508 3807 4543 τι-

2157 4602 2240 4643 νος
2304 4586 2407 4635 τῶν
2464 4577 2739 4657 ἀρχοντων
2797 4582 2901 4634 τῶν
2931 4578 3235 4657 Φαρισαίων
3278 4574 3562 4649 Σαϐϐάτῳ,
3612 4590 3808 4655 φαγεῖν

2156 4668 2335 4748 ἄρτον,
2401 4669 2488 4723 καὶ
2546 4669 2689 4723 αὐτοὶ
2745 4669 2880 4735 ἦσαν
2964 4670 3423 4746 παρατηρούμενοι
3481 4666 3662 4727 αὐτόν.
3712 4668 3814 4724 Καὶ

2154 4758 2261 4815 ἰδοὺ
2312 4758 2581 4836 ἂῦθρωπός
2652 4779 2733 4820 τις
2790 4762 2856 4825 ῆν
2913 4756 3207 4837 ὑδρωπικὸς
3272 4755 3565 4835 ἔμπροσθεν
3625 4758 3805 4817 αὐτοῦ.

2154 4847 2258 4909 Καὶ
2310 4848 2608 4925 ἀποκριθεὶς
2666 4850 2693 4903 ὁ
2748 4845 2952 4913 Ἰησοῦς
3016 4860 3135 4902 εἶπε
3169 4848 3300 4924 πρὸς
3330 4848 3453 4909 τοὺς
3484 4844 3802 4923 Φαρισαίους

2151 4943 2238 4996 καὶ
2298 4939 2569 5013 νομικοὺς,
2646 4937 2841 5016 λέγων*
2892 4940 2946 4994 El
3022 4935 3188 5002 ἔξεστι
3218 4935 3520 5015 θεραπεύειν
3566 4935 3620 4991 ἐν
3652 4931 3801 4990 Σαϐ-

2149 5028 2340 5103 ϐατορς
2405 5030 2466 5085 Οἱ
2526 5025 2580 5083 δὲ
2656 5026 2957 5108 ἤσύχασαν·
3022 5025 3131 5087 Καὶ
3189 5023 3574 5102 ἐπιλαϐόμενος
3617 5028 3803 5081 ἰάσατο

2151 5124 2330 5193 αὖτὸν,
2392 5121 2478 5175 καὶ
2544 5116 2801 5177 ἀπέλυσε.
2878 5121 2972 5175 Καὶ
3062 5116 3361 5195 ἀποκριθεὶς
3430 5116 3561 5194 πρὸς
3616 5115 3801 5175 αὖτοὺς

2152 5212 2298 5268 εἶπε·
2349 5210 2498 5271 Τίνος
2557 5208 2707 5282 ὑμῶν
2749 5208 2865 5273 ὄνος
2896 5208 2931 5276 ἢ
2976 5209 3099 5283 βοῦς
3130 5208 3202 5270 εἱς
3247 5208 3411 5287 φρέαρ
3462 5206 3801 5281 ἐμπεσεῖται,

2152 5304 2239 5358 καὶ
2291 5302 2386 5357 οὒκ
2443 5298 2630 5360 εὒθὲως
2689 5297 2983 5354 ἀνασπάσει
3056 5298 3213 5356 αὺτὸν
3262 5297 3316 5353 ἐν
3363 5304 3432 5374 τῇ
3492 5296 3667 5375 ἡμέρᾳ
3716 5301 3810 5351 τοῦ

2154 5390 2476 5468 Σαϐϐάτους
2542 5389 2637 5446 Καὶ
2708 5392 2803 5447 οὐκ
2870 5390 3105 5468 ’ἰσχηαν
3170 5387 3611 5465 ἀνταποκριθῆναι
3670 5385 3812 5458 αὖτῷ

2156 5484 2287 5561 πρὸς
2337 5480 2522 5541 τκῧτα.
2567 5501 2588 5534 ι
2655 5479 2711 5535 El
2769 5481 2855 5536 καὶ
2930 5478 3182 5557 ἐγίνωσκε
3251 5480 3311 5535 τὸ
3369 5476 3654 5554 δύστροπον
3704 5482 3810 5531 τῶν
