4202 6420
336 360 459 426 929

1050 360 1494 428 ENARRATIO
1540 362 1621 428 IN
1670 358 2178 427 EVANGELIUM
2228 359 2467 424 LUC:E.
2516 396 2591 405 —
2632 358 2795 425 CAP.
2845 361 3007 427 XIV.

3617 364 3741 429 930

335 496 639 578 Φαρισαίων
696 496 732 554 ὅ
800 498 1010 577 Κύριος,
1084 498 1231 575 ὅμως
1256 501 1400 557 εἷσίει
1431 501 1503 565 εἷς
1528 500 1649 564 τοὺς
1682 500 1864 565 οἴκους
1898 500 1996 555 αῦ-

2094 495 2241 558 enim
2267 496 2319 557 ei
2345 494 2817 556 eratanimarum
2839 493 3153 568 utilitas,et
3173 503 3485 576 propterea
3511 496 3740 572 ingres-

337 591 467 645 τῶν’
527 585 789 666 ὠφελείας
837 590 939 667 γὰρ
970 594 1163 669 ψυχῶν
1213 592 1503 671 ἐφρόντιζε,
1552 593 1639 648 καὶ
1699 588 1782 645 διὰ
1839 596 1995 647 τοῦτο

340 678 650 757 εἰσήρχετο·
718 676 754 745 ἤ
813 678 915 756 γὰρ
987 679 1047 735 ἐκ
1119 676 1283 757 λόγου
1313 680 1401 736 καὶ
1433 678 1795 752 διδασκαλίας,
1848 677 1883 746 ἧ
1938 677 1997 734 ἐκ

340 768 579 841 σημείων
654 763 951 831 ἐπιδείξεως
1035 764 1253 825 δτνατδν
1311 769 1376 838 ἧν
1422 771 1603 835 αὐτοῦς
1645 767 1993 848 ὠφελεῖσθαι,

340 854 461 933 εἴγε
510 851 822 922 ἠϐούλοντο.
872 854 1229 936 Παρελθόντος
1261 860 1349 915 οὖν
1406 861 1479 923 είς
1510 858 1674 934 μέσον
1702 868 1796 917 τοῦ
1823 855 1995 936 ὑδρω-

340 950 521 1018 πικοῦ,
586 944 613 999 6
675 944 861 1022 Κύριος
896 946 956 1002 ού
985 953 1141 1003 τοῦτο
1172 945 1499 1022 ἐσκόπησεν,
1531 946 1677 1012 ὅπως
1720 947 1797 1021 μὴ
1826 968 1995 1003 σκαν-

342 1031 531 1110 δαλίσῃ
590 1034 803 1107 αὐτοὺς,
853 1033 976 1092 ἀλλ’
1035 1034 1181 1101 ὅπως
1225 1036 1547 1116 εὒεργετήσῃ
1595 1037 1681 1093 τὸν
1721 1036 1997 1116 θεραπείας

343 1120 617 1197 δεόμενον.
691 1133 794 1180 ’Δεῖ
849 1125 949 1203 γὰρ
998 1126 1168 1200 ἡμᾶς,
1218 1124 1337 1182 ἔνθα
1414 1126 1644 1205 ὠφέλεια
1713 1126 1997 1182 ἀνακόπτει

346 1210 490 1287 μάλα
542 1211 745 1291 πολλὴ,
821 1214 899 1289 μὴ
950 1215 1241 1293 φροντίζειν
1271 1221 1379 1271 τῶν
1436 1216 1679 1286 ἀνοήτως
1724 1213 2003 1271 σκανδαλι-

343 1300 605 1375 ζομένων,
666 1301 918 1382 Ἐλέγχει
976 1300 1030 1358 δὲ
1082 1303 1181 1371 τὴν
1231 1303 1531 1384 ἀφροσύιιτρι
1588 1311 1692 1360 τῶν
1750 1301 2001 1381 ἐγκαλεῖν

346 1388 653 1464 μελλόντων
718 1391 884 1471 αύτῷ,
943 1389 1024 1448 διὸ
1091 1394 1178 1449 καὶ
1222 1392 1414 1492 ἐρωτᾷ,
1453 1396 1509 1452 Εἰ
1553 1392 1716 1460 ἔξεστι
1744 1399 1821 1467 τῷ
1851 1389 1999 1448 Σαϐ-

349 1475 406 1492 ..
560 1482 580 1492 -
768 1481 779 1492 .
959 1481 982 1492 ..
1066 1480 1090 1492 ..
1456 1484 1466 1492 .
1630 1487 1643 1492 _
1938 1487 1960 1492 _

346 1475 490 1551 ϐάτῳ
557 1481 884 1558 θεραπεύειν,
953 1481 989 1549 ἢ
1034 1480 1094 1539 οὔ
1143 1503 1160 1553 ;
1222 1475 1356 1555 Ἄρα
1413 1484 1514 1563 γὰρ
1595 1487 1654 1542 ού
1719 1487 2000 1562 προφανῶς

344 1567 617 1647 καταγελᾷ
673 1570 847 1626 αύτῶν
889 1572 963 1635 ὡς
1005 1571 1247 1643 ἀνοήτων
1284 1591 1300 1647 ;
1332 1572 1447 1651 εἴγε
1476 1578 1571 1630 τοῦ
1603 1579 1733 1630 Θεοῦ
1761 1574 1822 1628 τὸ
1854 1568 2001 1627 Σάϐ-

346 1654 508 1714 ϐατον
570 1658 985 1738 εὐλογήσαντος,
1060 1663 1203 1720 αὐτοὶ
1282 1660 1576 1719 κωλύουσιν
1657 1662 2001 1740 ἆγαθοποιεϊν

348 1747 402 1803 ἐν
461 1747 652 1827 τούτῳ,
704 1749 792 1805 καὶ
839 1755 1080 1807 ποιοῦσιν
1142 1752 1267 1809 αὐτὸ
1326 1751 1540 1815 πάντως
1575 1749 2003 1827 ἐπικατάρατονς

353 1826 416 1893 ’Β
467 1837 567 1916 γὰρ
608 1826 781 1916 ἣμερα
850 1839 885 1906 ἡ
957 1837 1122 1914 μηδὲν
1183 1838 1332 1919 ἔργον
1379 1840 1575 1917 ἀγαθὸν
1618 1838 2001 1921 ἐπιδεχομένη,

351 1929 448 1985 οῦκ
502 1924 862 2005 εὐλογημένη.
937 1926 1089 1985 Ἀλλ’
1146 1930 1288 1985 οὗτοί
1317 1950 1379 2008 γε
1424 1931 1637 2007 γνόντες
1690 1930 1812 1987 ὅποι
1863 1929 2004 2009 φέρει

350 2017 414 2072 τὸ
468 2014 745 2093 ἐρώτημα,
804 2017 1112 2098 ἡσύχασαν·
1163 2019 1285 2075 τότε
1316 2019 1383 2087 δὴ
1415 2022 1442 2076 6
1476 2018 1685 2087 Ἰησοῦς
1717 2021 1775 2076 τὸ
1807 2020 2005 2077 οἰκεῖον

352 2117 525 2180 ποιεῖ,
582 2107 670 2162 καὶ
727 2104 811 2161 διὰ
880 2106 976 2175 τῆς
1041 2107 1183 2187 ἁφῆς
1212 2110 1353 2165 ίᾶται
1386 2110 1479 2165 τὸν
1539 2107 1831 2187 ἂνθρωπον·
1882 2107 2005 2165 εἶτα

352 2196 441 2252 καὶ
495 2195 616 2258 τοὺς
681 2198 997 2274 Φαρισαίους
1056 2196 1293 2275 ἐντρέπει
1324 2195 1408 2255 διὰ
1456 2200 1663 2280 τούτου,
1716 2200 2005 2278 μονονουχὶ

354 2292 569 2343 τοιαῦτα
597 2283 771 2363 λέγων
823 2287 1029 2350 αὐτοῖς·
1088 2288 1146 2344 Εἰ
1196 2288 1495 2344 κεκώλυκεν
1526 2291 1553 2345 6
1611 2290 1774 2364 νόμος
1832 2286 2006 2343 ἐλεεῖν

356 2373 408 2429 ἐν
469 2371 749 2450 Σαϐϐάτῳ,
810 2375 888 2450 μὴ
961 2377 1245 2456 φροηίσῃς
1333 2381 1443 2435 υἱοῦ
1511 2377 1897 2443 κινδυνεύοντος
1954 2377 2007 2433 ἐν

357 2461 615 2538 Σαϐϐάτῳ
665 2484 682 2537 ;
715 2464 812 2523 Καὶ
841 2466 891 2521 τί
919 2464 1059 2545 λέγω
1086 2469 1195 2524 υἱοῦ
1229 2489 1245 2540 ;
1278 2470 1409 2524 ὃπου
1453 2466 1568 2526 οῦδὲ
1598 2469 1721 2542 βοῦν
1764 2465 2006 2538 ἀϐοήθη-

356 2574 447 2609 τον
501 2552 841 2630 καταλείψεις
872 2557 916 2611 εἷ
974 2553 1333 2613 κινδυνεύεντα
1363 2556 1538 2633 ὄψεις
1592 2563 1709 2621 Πῶς
1767 2556 1855 2613 οὖν
1915 2561 2009 2616 οῦκ

355 2641 583 2710 ἀνόητον
634 2648 1056 2724 παρατηρεῖσθαι
1114 2650 1214 2713 τὴν
1255 2653 1349 2703 τοῦ
1404 2646 1700 2723 ὑδρωπικοῦ
1728 2647 2005 2724 θεραπείαν

356 2730 411 2784 ἐν
462 2727 638 2788 Σαβρι
756 2751 769 2765 ,
838 2724 851 2743 ⁸
903 2732 927 2753 κ
1068 2759 1080 2768 .
1121 2736 1131 2756 l
1426 2738 1440 2759 ι
1546 2744 1571 2753 ~
1790 2734 1813 2752 κ
1842 2737 1854 2753 ι
1980 2742 2002 2752 ν

545 2753 722 2808 οοατῳ
756 2779 772 2809 ,
859 2743 1162 2814 Υορωπιιιος
1214 2739 1324 2792 ἐστι
1356 2758 1444 2793 και
1499 2760 1604 2801 πας
1671 2736 1727 2801 ὅς
1785 2757 1870 2792 οια
1914 2758 2007 2793 του

356 2819 637 2896 ἀνειμένου
704 2822 819 2900 βίου
899 2824 988 2879 καὶ
1038 2825 1195 2903 ὑγροῦ
1245 2826 1383 2881 κατὰ
1413 2827 1600 2907 ψυχὴν
1644 2827 1874 2896 νοσήσας
1898 2822 2009 2881 δει-

355 2915 484 2990 νῶς,
546 2908 717 2968 δεῖται
777 2919 1017 2991 Χριστοῦ,
1053 2915 1237 2972 οῦκοῦν
1291 2916 1379 2971 καὶ
1450 2918 1918 2995 θεραπευθήσεται,
1963 2916 2005 2970 εἰ

358 2999 651 3079 ἰμπροσθεν
708 3008 936 3082 Χριστοῦ
994 3003 1238 3082 γένηται,
1307 2996 1363 3062 Ὀ
1422 3007 1522 3085 γὰρ
1553 3005 1845 3085 ἔμπροσθεν
1876 3012 2007 3062 Θεοῦ

362 3092 500 3145 εἶναι
556 3089 747 3148 ἐννοῶν
801 3093 904 3168 ἀεὶ,
962 3095 1049 3150 καὶ
1092 3092 1218 3173 παρ’
1263 3093 1419 3155 αὐτοῦ
1475 3097 1714 3175 ὀρᾶσθαι,
1746 3093 2009 3175 ἐλάχιστα

363 3177 570 3257 ἆμαρτή
580 3200 719 3237 σεται
729 3229 745 3244 .

452 3290 481 3322 α
551 3266 760 3349 ’Ἔλεγε
826 3268 880 3326 δὲ
921 3273 1054 3351 πρὸς
1096 3273 1218 3336 τοὺς
1262 3271 1624 3349 κεκλημενους
1672 3272 2069 3357 παραϐολῆνω

358 3357 576 3438 ἐπέχων
645 3365 761 3424 πῶς
823 3361 917 3442 τὰς
995 3361 1383 3440 πρωτοκλισίας
1463 3361 1789 3442 ὶξελέγοντο,
1839 3362 2009 3441 λέγων

359 3448 493 3525 πρὸς
550 3449 762 3514 αὐτοὺς
826 3439 1011 3507 ἿΟτιιν
1042 3439 1271 3529 κληθῇς
1297 3453 1398 3509 ὑπό
1428 3475 1571 3518 τινος
1600 3439 1675 3519 εἷς
1706 3439 2011 3532 γάμον,-μὴ

359 3534 683 3615 κατακλιθῇς
732 3540 803 3604 εἷς
832 3539 933 3607 την
974 3540 1386 3620 πρωτοκλισίαν,
1420 3544 1629 3618 μήποτε
1674 3542 2010 3622 ἐντιμότερός

359 3647 457 3684 σου
594 3626 924 3704 κεκλημένος
973 3626 1063 3685 ὑπ’
1123 3631 1300 3710 αὐτοῦ,
1334 3632 1423 3688 καὶ
1449 3631 1613 3689 ἐλθών
1646 3632 1673 3687 ὁ
1699 3630 1758 3688 σέ
1788 3632 1875 3688 καὶ
1909 3635 2010 3691 αὐ-

360 3718 454 3773 τὸν
513 3715 772 3796 καλέσας,
844 3717 958 3799 ἐρεῖ
1013 3740 1121 3799 σοι,
1183 3721 1284 3784 Δὸς
1346 3722 1517 3793 τούτῳ
1544 3722 1732 3795 τόπον,
1774 3722 1862 3778 καὶ
1891 3722 2011 3777 τότε

363 3805 493 3884 ἄρξῃ
548 3806 667 3884 μετ’
698 3809 959 3889 αἰσχύνης
991 3812 1084 3866 τὸν
1114 3807 1348 3890 ἔσχατον
1390 3811 1553 3868 τόπον
1582 3810 1857 3892 κατέχεινο
1892 3807 2013 3892 ἀλλ’

363 3894 491 3953 ὅταν
546 3897 776 3975 κληθῇς,
837 3899 1106 3978 πορευθεὶς
1159 3899 1424 3958 ἀνάπεσον
1490 3901 1561 3965 εἰς
1620 3902 1709 3957 τὸν
1747 3891 2013 3981 ν’έσχατον

363 3986 550 4062 τόπον,
581 3986 675 4044 ’ίνα
700 3987 827 4044 δ’ταν
870 3985 997 4064 ’έλθῃ
1041 3989 1070 4044 ὃ
1107 3987 1387 4056 κεκληκώς
1419 4011 1500 4069 σε,
1556 3988 1689 4066 εἴπῃ
1719 4007 1824 4047 σοι·
1858 3989 2010 4066 Φίλε,

365 4075 727 4155 προσανάϐηθι
787 4077 1071 4157 ἀνώτερον·
1130 4076 1251 4136 τότε
1283 4077 1429 4136 ἔσται
1479 4101 1562 4136 σοι
1619 4076 1741 4145 δόξα
1793 4079 2019 4136 ἐνώπιον

364 4171 472 4222 τῶν
548 4166 1005 4239 συνανακειμένων
1076 4190 1186 4243 σοι,
1244 4166 1324 4225 ὅτι
1383 4173 1492 4239 πῆς
1551 4172 1579 4225 6
1632 4171 1781 4245 ὑψῶν
1836 4170 2019 4226 ἑαυτὸν

371 4256 856 4326 ταπεινωθήσεται.
891 4258 981 4314 καὶ
1014 4257 1041 4313 ὀ
1063 4263 1327 4315 ταπεινῶν
1385 4259 1567 4316 ἑαυτὸν
1596 4260 1961 4335 ὑψωθήσεται..
1989 4280 2012 4315 ι

368 4345 525 4423 Ὀρᾷς
577 4346 645 4403 τὰ
728 4343 918 4403 δεῖπνα
988 4353 1083 4403 υοῦ
1141 4350 1371 4426 Χριστοῦ
1422 4348 1556 4405 ποῖά
1585 4349 1702 4405 τινά
1758 4350 1911 4429 εἰσιν,
1946 4350 2018 4413 εἷς

368 4434 628 4517 ὠφέλειαν
695 4439 912 4516 ψυχῶν,
963 4436 1058 4494 οὒκ
1113 4437 1187 4499 εἰς
1258 4437 1413 4517 κόρον
1444 4440 1670 4517 γαστρὸς
1720 4437 2021 4518 καταστρέ-

2078 604 2178 644 sus
2211 584 2675 647 est.Potuissent
2697 584 2855 647 enim
2889 583 2979 644 vel
3014 602 3083 643 ex
3116 584 3388 645 doctrina
3418 594 3476 646 et
3505 606 3735 648 sermo-

2080 693 2177 745 ne,
2205 674 2297 735 \'el
2332 692 2401 734 ex
2436 673 2779 734 ostensione
2808 672 3234 734 miraculorum
3269 674 3581 736 utilitatem
3608 696 3737 757 per-

2079 762 2388 842 cepisse,si
2408 763 2647 842 quidem
2672 761 3207 824 voluissent.Purro
3226 782 3359 823 cum
3380 763 3439 824 in
3474 766 3734 827 medium

2083 856 2339 913 venisset
2369 851 2755 932 hydropicus,
2791 870 2909 912 non
2950 852 3059 912 hoc
3092 852 3488 914 consideravit
3528 853 3736 917 Domi-

2082 960 2209 1002 nus.
2243 940 2541 1022 quomodo
2574 960 2689 1002 non
2722 941 3053 1002 offenderet
3086 941 3266 1020 ipsos,
3302 943 3405 1003 sed
3440 944 3739 1023 quomodo

2082 1040 2319 1091 sanaret
2348 1049 2482 1091 eum
2519 1031 2617 1110 qui
2655 1050 2799 1092 cura
2831 1048 2937 1090 sua
2965 1028 3549 1111 iudigebat.0portet
3579 1034 3737 1094 enim

2086 1139 2193 1180 nos
2226 1119 2325 1180 ubi
2358 1138 2567 1197 magna
2594 1128 2932 1200 prospectat
2961 1119 3188 1180 utilitas
3220 1139 3336 1181 non
3368 1140 3575 1184 curare
3598 1123 3740 1183 insi-

2085 1208 2314 1290 pientes
2356 1208 2457 1289 qui
2504 1208 3001 1270 scandalizantur.
3063 1209 3261 1287 Argnit
3323 1221 3520 1271 autem
3589 1212 3737 1273 insi-

2087 1298 2367 1379 pientiam
2402 1316 2606 1359 eorum
2639 1298 2740 1378 qui
2792 1298 3220 1376 reprehensuri
3255 1308 3446 1375 erant,
3481 1299 3737 1382 ideoque

2083 1387 2703 1466 interrogatz'Licetne
2736 1385 2993 1464 Sabbato
3045 1405 3254 1448 sanare
3292 1406 3365 1447 an
3389 1389 3542 1450 non?
3568 1391 3737 1453 Non—

2086 1495 2162 1538 ne
2203 1476 2514 1538 manifeste
2546 1476 2752 1537 irridet
2793 1495 2894 1537 eos
2933 1489 2990 1537 ut
3022 1476 3406 1557 insipientes?
3430 1477 3740 1560 Siquidem

2086 1584 2220 1627 cum
2247 1570 2403 1626 Deus
2427 1564 2747 1627 Sabbatum
2796 1564 3197 1643 benedixerit,
3238 1567 3346 1647 ipsi
3391 1566 3745 1632 benefacere

2090 1655 2409 1734 prohibent
2433 1655 2492 1716 in
2525 1675 2618 1722 eo.
2653 1666 2709 1716 et
2742 1674 2848 1735 per
2879 1656 2991 1717 hoc
3028 1656 3251 1717 faciunt
3274 1658 3517 1718 omnino
3549 1659 3741 1719 male-

2088 1745 2309 1806 dictum
2332 1751 2360 1807 ?
2389 1746 2520 1807 Non
2550 1746 2707 1806 enim
2734 1745 3083 1827 benedictus
3116 1756 3206 1806 est
3236 1744 3365 1806 dies
3408 1746 3468 1807 in
3501 1767 3616 1827 quo
3648 1750 3704 1809 ni
3724 1785 3744 1796 -

2090 1835 2171 1895 hil
2224 1835 2364 1895 boni
2400 1835 2526 1895 fieri
2560 1835 2766 1895 soleat.
2815 1839 2885 1895 At
2918 1853 3049 1895 cum
3086 1834 3144 1895 hi
3172 1834 3432 1896 scientes
3457 1856 3574 1916 quo
3606 1846 3743 1898 ten-

2091 1924 2263 1985 deret
2315 1926 2720 2006 interrogatio,
2775 1923 3094 1995 siluerunt,
3159 1934 3296 1985 tunc
3344 1922 3520 1986 Jesus
3583 1928 3740 2006 quod

2089 2032 2260 2074 suum
2294 2022 2419 2075 erat
2450 2013 2673 2093 facit,et
2705 2022 2977 2074 contactu
3012 2022 3177 2073 sanat
3208 2013 3510 2075 hominem
3543 2015 3744 2079 :dein-

2088 2102 2165 2165 de
2193 2108 2369 2165 etiam
2428 2103 2758 2165 Pharisaeos
2796 2104 3156 2164 erubescere
3215 2103 3373 2178 facit,
3407 2105 3575 2184 quasi
3609 2106 3747 2167 talia

2090 2193 2316 2255 diceret
2338 2193 2445 2254 eis:
2481 2192 2540 2254 Si
2576 2192 3090 2273 prohibuissetlex
3124 2192 3397 2253 misereri
3421 2194 3479 2254 in
3508 2192 3735 2257 Sabba—

2091 2290 2172 2357 to,
2200 2301 2315 2343 non
2346 2300 2504 2344 curae
2538 2281 2645 2343 tibi
2676 2282 2884 2344 fuisset
2915 2282 2962 2342 si
2998 2283 3153 2344 filius
3196 2290 3328 2343 tuus
3381 2282 3744 2363 periclitatus

2090 2371 2299 2433 fuisset
2319 2370 2376 2431 in
2405 2369 2916 2452 Sabbato?thuid
2946 2370 3079 2431 dico
3105 2372 3286 2432 ﬁlius?
3315 2391 3508 2453 neque
3532 2374 3740 2435 hovem

2093 2460 2439 2541 reliquisses
2468 2460 2694 2541 absque
2735 2461 3054 2539 adiutorio,
3091 2460 3139 2521 si
3173 2461 3606 2542 periclitantem
3646 2464 3741 2524 vi—

2091 2549 2306 2613 disses.
2342 2550 2652 2622 Quomodo
2684 2550 2866 2629 igitur
2923 2543 3039 2610 non
3090 2551 3331 2611 stultum
3379 2551 3557 2614 fuerit
3586 2554 3741 2633 quod

2093 2637 2425 2701 observatis
2458 2639 2823 2699 sanationem
2866 2637 3169 2718 hydropici
3203 2639 3259 2697 in
3292 2638 3577 2701 Sabbato‘.’
3605 2640 3744 2701 594

2088 2725 2461 2807 Hydropicus
2492 2738 2582 2787 est
2612 2727 2808 2787 omnis
2831 2729 2931 2806 qui
2966 2745 3073 2807 per
3102 2727 3449 2788 dissolutam
3475 2729 3653 2789 vitam
3685 2747 3745 2789 et

2090 2815 2381 2879 lubricam
2415 2816 2612 2877 anima
2643 2835 2747 2877 sua
2775 2817 3031 2895 graviter
3061 2819 3428 2897 aegrotat,qui
3458 2826 3519 2880 et
3549 2819 3745 2880 Chris-

2091 2913 2147 2966 to
2199 2906 2420 2983 indiget
2454 2928 2467 2969 :
2504 2916 2561 2967 et
2591 2905 2894 2967 sanabitur
2947 2905 3146 2985 plane.
3183 2907 3229 2968 si
3262 2917 3401 2967 ante
3442 2908 3742 2971 Christum

2090 2995 2291 3056 fuerit.
2320 2994 2462 3057 Nam
2487 2996 2587 3077 qui
2621 3014 2687 3057 se
2716 3004 2852 3056 ante
2883 2994 3184 3057 Christum
3219 3014 3351 3057 esse
3382 2998 3743 3072 considerat,

2092 3086 2358 3163 cogitans
2390 3103 2630 3166 semper
2658 3084 2959 3166 quomodo
2982 3084 3054 3145 ab
3083 3084 3210 3165 ipso
3265 3085 3740 3161 videatur,mini-

2096 3192 2189 3233 me
2222 3174 2516 3255 peccabit.

2175 3262 2359 3326 Vens.
2393 3267 2495 3326 7-!
2520 3264 2865 3329 1.«Dicebat
2886 3273 3080 3325 autem
3105 3264 3177 3325 ad
3210 3263 3480 3327 invitatos
3503 3265 3745 3347 parabo-

2094 3353 2211 3414 lam
2272 3353 2587 3434 intenden,
2621 3353 2923 3434 quomodo
2972 3353 3195 3434 primos
3221 3354 3531 3417 accubitus
3558 3355 3741 3436 elige-

2092 3454 2249 3517 rent,
2284 3444 2493 3505 dicens
2512 3443 2586 3505 ad
2610 3442 2919 3505 itlos:Cuin
2950 3443 3225 3505 invitatus
3242 3443 3428 3505 fueris
3453 3444 3526 3505 ab
3544 3446 3745 3526 aliquo

2092 3534 2163 3594 ad
2200 3534 2454 3611 nuptias,
2511 3552 2585 3594 ne
2635 3533 2955 3594 accumbas
2984 3533 3045 3593 in
3080 3532 3272 3612 primo
3306 3532 3458 3608 loco,
3493 3553 3567 3596 ne
3594 3536 3747 3598 forte

2093 3620 2443 3683 honoratior
2476 3629 2530 3681 te
2551 3621 2625 3682 ab
2648 3621 2749 3681 illo
2781 3621 2857 3682 sit
2880 3622 3256 3698 invitatus,et
3287 3622 3535 3685 veniens
3567 3625 3617 3685 is
3646 3631 3746 3707 qui

2095 3721 2153 3774 te
2184 3724 2241 3774 et
2272 3714 2434 3774 illum
2461 3713 2710 3787 vocavit,
2745 3713 2905 3776 dicat
2938 3714 3042 3776 tibi
3078 3732 3091 3775 :
3130 3714 3215 3775 Da
3245 3714 3383 3776 huic
3415 3715 3611 3778 locum
3638 3735 3651 3779 :
3688 3728 3748 3781 et

2097 3811 2240 3864 tunc
2274 3802 2521 3883 incipias
2545 3821 2680 3863 cum
2714 3801 2933 3865 rubore
2976 3813 3308 3867 extremum
3341 3805 3539 3866 locum
3574 3814 3749 3869 tene-

2101 3910 2213 3953 re:
2250 3892 2388 3969 quin
2425 3893 2617 3972 potius
2650 3912 2783 3954 cum
2842 3906 3086 3955 vocatus
3144 3894 3350 3975 lueris,
3412 3894 3581 3971 vade,
3642 3915 3750 3959 ac-

2102 3982 2319 4043 cumbe
2372 3983 2429 4044 in
2485 3983 2803 4044 novissimo
2836 3983 2988 4063 loco,
3022 3992 3084 4045 ut
3112 4002 3245 4045 cum
3291 3984 3515 4046 venerit
3558 3987 3656 4067 qui
3688 3995 3750 4049 te

2102 4070 2389 4149 invitavit,
2449 4070 2608 4133 dicat
2657 4071 2763 4134 tibi
2799 4073 3073 4149 :Amice,
3118 4074 3379 4137 ascende
3423 4077 3746 4156 superius:

2102 4167 2248 4226 tunc
2279 4161 2390 4221 erit
2414 4160 2521 4222 tibi
2544 4162 2732 4242 gloria
2761 4182 2962 4225 coram
2984 4163 3161 4226 simul
3186 4164 3698 4229 discumbentibns
3731 4189 3746 4233 :

2101 4251 2243 4331 quia
2270 4252 2465 4311 omnis
2495 4253 2593 4331 qui
2625 4270 2690 4314 se
2721 4253 2968 4330 extollit,
3003 4253 3434 4329 humiliabitur,
3470 4264 3527 4316 et
3556 4259 3655 4336 qui
3685 4279 3751 4321 se

2102 4339 2401 4414 humiliat,
2426 4341 2765 4403 extolletur.
2806 4367 2831 4397 ι
2862 4342 3041 4405 Vides
3089 4362 3289 4405 comas
3338 4343 3553 4407 Christi
3598 4366 3749 4426 qua-

2102 4429 2192 4491 les
2221 4428 2362 4497 sint.
2398 4446 2615 4509 nempe
2647 4429 2707 4491 in
2742 4430 3052 4494 utilitatem
3079 4433 3312 4503 animae,
3350 4442 3407 4495 et
3436 4450 3555 4494 non
3579 4435 3638 4495 in
3661 4455 3750 4499 sa-

371 4548 536 4608 φοντα
571 4547 589 4604 ;
623 4523 748 4582 ’Ίδε
803 4526 930 4605 γὰρ,
1000 4526 1186 4582 ἰάσατο
1206 4527 1298 4582 τὸν
1327 4523 1644 4606 ὑδρωπικὸν,
1674 4525 1868 4592 ἐδίδαξε
1898 4529 2011 4593 τοὺς

2104 4521 2368 4580 tietatem
2396 4520 2623 4580 ventris
2654 4530 2984 4584 vertuntur.
3016 4519 3168 4583 Ecce
3198 4522 3358 4583 enim
3392 4522 3620 4584 sanavit
3648 4526 3753 4607 hy-

367 4616 709 4697 Φαρισαίους,
787 4613 867 4671 ὅτι
924 4613 1087 4672 καλὸν
1162 4614 1222 4673 τὸ
1280 4614 1335 4671 ἐν
1390 4613 1648 4691 Σαϐϐάτῳ
1698 4617 2017 4695 εῦεργετεῖν.

371 4709 520 4764 Ἐπεὶ
591 4704 645 4763 δὲ
696 4704 838 4762 εἶδεν
908 4706 1094 4770 αύτούς
1150 4707 1238 4763 καὶ
1295 4708 1412 4785 περὶ
1465 4711 1565 4775 τῆς
1637 4705 2022 4783 πρωτοκλισίας

372 4794 804 4876 θορυϐουμένους,
870 4797 1011 4852 ἰᾶται
1066 4795 1154 4852 καὶ
1229 4803 1383 4853 τοῦτο
1438 4798 1501 4853 τὸ
1548 4797 1712 4859 πάθος
1772 4796 1868 4854 οῦκ
1918 4796 2023 4853 άπὸ

371 4892 597 4965 σμικρᾶς
669 4886 973 4966 ἀρχόμενον
1041 4885 1382 4965 προφάσεως,
1442 4885 1561 4942 ἀλλ’
1618 4887 1725 4942 ἀπὸ
1782 4885 2023 4966 μεγάλης

374 4975 462 5030 καὶ
520 4970 949 5055 δυσδιαφεύκτου,
999 4977 1097 5041 τῆς
1157 4970 1451 5040 κενοδοξίας
1504 4975 1665 5054 φημίο
1698 4976 1786 5032 καὶ
1834 4976 1911 5051 μή
1947 4997 2022 5038 τις

376 5063 637 5140 νομιζέτω
692 5064 791 5131 τὴν
856 5065 973 5143 περὶ
1027 5063 1212 5121 τούτου
1269 5062 1605 5123 διδασκαλίαν
1633 5065 1824 5144 μικρὰν
1854 5064 2021 5139 εἶναι,

375 5155 465 5209 καὶ
512 5151 725 5218 ἀναξίαν
794 5158 897 5220 τῆς
951 5175 1046 5209 του
1090 5161 1221 5212 Οεοῦ
1251 5151 1730 5233 μεγαλοπρεπείας·
1792 5152 2026 5230 μάλιστα

377 5242 477 5318 μὲν
533 5243 634 5321 γὰρ
694 5240 810 5301 οῦδὲ
866 5244 1042 5322 ἰατρὸν
1126 5241 1494 5324 φιλάνθρωπον
1551 5242 1726 5307 εἴποις
1784 5242 1869 5324 ἄν,
1933 5246 2022 5300 τὸν

377 5330 646 5412 ποδάγρας
708 5333 807 5399 μὲν
857 5333 1028 5390 ἰᾶσθαι
1087 5331 1574 5413 ἐπαγγελλόμενον,
1649 5335 1738 5391 καὶ
1767 5332 1865 5391 ὅσα
1919 5334 2029 5391 τῶν

372 5422 700 5507 νοσημάτων
788 5420 1063 5503 ἀξιόλογα,
1149 5421 1405 5483 δακτύλου
1499 5420 1554 5480 δὲ
1633 5424 1933 5507 σὺντριμμα
1990 5423 2026 5492 ἢ

379 5501 591 5576 δδόντος
635 5510 800 5592 ἄλγος
837 5512 917 5590 μὴ
947 5501 1241 5592 δεχόμενον
1266 5514 1594 5592 θεραπεύειν.
1631 5501 1868 5572 ’Ἔπειτα
1915 5520 2029 5579 πῶς

381 5603 569 5681 μικρὸν
623 5603 686 5659 τὸ
747 5601 841 5670 τῆς
910 5599 1207 5668 κενοδοξίας
1262 5603 1452 5681 πάθος,
1486 5601 1516 5659 ὅ
1538 5600 1787 5683 ὗνώχλει
1815 5603 2029 5667 πάντως

382 5704 501 5756 τοῖς
550 5692 645 5756 τὰς
704 5689 1094 5769 πρωτοκλισίας
1149 5698 1398 5764 ζητοῦσιν
1433 5711 1453 5770 ;
1485 5691 1693 5773 Ἐχρῆν
1719 5691 1831 5770 οὗν,
1860 5693 2029 5774 ἐχρῆν

2103 4609 2413 4689 dropicum
2451 4626 2465 4671 :
2499 4609 2699 4671 docuit
2743 4611 3073 4673 Pharisaaos
3103 4612 3259 4692 quod
3293 4611 3511 4674 bonum
3568 4614 3644 4675 sit
3689 4621 3749 4682 in

2105 4696 2361 4761 Sabbato
2384 4696 2838 4762 benefacere.Et
2870 4710 3072 4781 postea
3097 4701 3309 4763 videns
3342 4723 3442 4766 eos
3457 4702 3531 4764 de
3554 4707 3749 4784 primo

2105 4786 2384 4851 accubitu
2404 4789 2951 4882 [ulmu‘tuari,sanat
2967 4800 3025 4853 et
3046 4791 3198 4882 hanc
3215 4792 3753 4882 affectionem,quaa

2106 4898 2225 4940 non
2242 4897 2274 4939 a
2297 4878 2608 4958 parva,sed
2636 4898 2847 4959 magna
2871 4889 2930 4944 et
2950 4882 3038 4942 vix
3059 4880 3356 4960 effugabili
3385 4905 3563 4952 causa
3593 4878 3750 4953 inci-

2103 4968 2381 5047 pit,inani
2403 4969 2639 5050 inquam
2662 4969 2946 5049 gloria.Et
2964 4990 3040 5033 ne
3060 4971 3191 5053 quis
3208 4973 3506 5040 existimet
3525 4983 3636 5043 hoc
3652 4981 3755 5043 do-

2106 5075 2243 5122 cere
2284 5059 2477 5120 minus
2500 5068 2557 5120 et
2578 5061 2887 5139 indignum
2935 5080 3069 5124 esse
3107 5062 3551 5143 magnificentia
3584 5071 3753 5134 verbi

2108 5147 2368 5222 Dei,imo
2394 5150 2815 5230 maximezquia
2836 5151 3107 5213 medicus
3124 5154 3224 5234 qui
3247 5157 3564 5237 pollicetur
3582 5178 3755 5224 sana-

2108 5258 2175 5303 re
2195 5240 2875 5330 podagram,omnesque
2908 5240 3149 5303 morbos
3186 5256 3516 5310 memoratu
3543 5248 3756 5330 dignos

2112 5348 2306 5412 neque
2328 5329 2643 5408 digitorum
2667 5328 3120 5403 attritiones,vel
3150 5332 3348 5397 dentis
3376 5328 3642 5402 dolorem
3656 5358 3756 5404 sa-

2111 5439 2257 5484 nare
2286 5418 2833 5508 detractat.Deinde
2857 5420 3154 5500 quomodo
3187 5441 3399 5503 parvus
3428 5427 3757 5508 inanisglo—

2111 5514 2216 5573 riae
2235 5507 2622 5589 morbus,quo
2641 5508 2885 5570 omnino
2905 5508 3213 5573 turbantur
3231 5513 3329 5594 qui
3344 5516 3564 5595 primos
3584 5507 3759 5583 accu-

2113 5600 2273 5663 bitus
2293 5597 2596 5679 quzerunt?
2625 5598 2949 5679 Oportebat
2984 5598 3159 5679 igitur
3177 5601 3755 5678 humilitatisgogw-

2111 5709 2237 5753 rem
2256 5696 2313 5752 et
2336 5688 2665 5769 principem
2688 5697 3299 5755 etconsummatorein
3315 5691 3616 5760 Christum
3632 5716 3756 5761 orn-
