4202 6430
528 304 637 368 93!
1506 297 2091 366 THEOPHYLACTI
2142 292 2549 357 BULGARIE
2591 289 2954 356 ARCHIEP.
3810 296 3926 363 93'2

528 455 727 497 ramos
760 436 952 498 inanis
982 432 1185 511 gloria:
1216 432 1626 514 amputare.Et
1656 434 1769 494 hoc
1805 450 2045 513 quoque
2078 452 2167 495 ex-

2272 430 2361 484 τὸν
2417 430 2515 495 τῆς
2584 432 2957 492 ταπεινώσεως
3001 428 3337 506 διδάσκαλον,
3382 433 3470 489 καὶ
3533 434 3805 514 ἀρχηγὸν,
3840 436 3929 490 καὶ

532 525 804 601 peude,si
832 544 948 585 nou
982 524 1186 584 fuisset
1217 534 1448 603 tempus
1483 532 1792 594 mensae,ct
1822 524 1894 581 de
1924 524 2033 583 hoc
2057 524 2167 583 dis-

2269 514 2571 603 τελειωτὴν
2630 516 2853 595 Χριστὸν
2912 518 3086 575 πάντα
3127 517 3319 575 κλάδον
3352 524 3448 587 τῆς
3500 529 3739 601 πονηρᾶς
3789 522 3934 601 ῥίζης

530 616 815 675 seruisset
838 613 1123 673 Dominus
1152 613 1360 673 relicto
1393 612 1465 673 de
1488 612 1619 673 aliis
1656 612 1835 673 iebus
1879 630 2181 693 sermone,

528 712 683 764 esset
714 702 866 763 for'e
898 721 1023 781 rep:
1046 702 1354 763 einensioni
1392 703 1551 761 locus
1580 719 1592 763 :
1633 721 1789 761 nunc
1814 711 2012 761 autem
2050 703 2185 781 quia

527 794 670 853 hora
702 810 886 853 ccenas
908 801 963 852 et
1000 792 1342 852 ambitionis
1376 791 1618 853 morbus
1654 794 1904 852 miseros
1937 790 2183 854 turbans

530 893 665 942 ante
699 882 904 943 oculos
930 882 1252 943 Salvatoris
1280 882 1647 953 versabatur,
1687 890 1798 941 ter.
1812 901 1915 961 pus
1938 900 2056 941 erat
2085 883 2185 942 ad-

530 971 895 1032 monitionis.
922 970 1072 1031 Vide
1115 971 1273 1032 enim
1310 980 1365 1032 et
1395 973 1569 1032 aliter
1620 971 1916 1051 quomodo
1947 989 1978 1031 a
2011 971 2182 1049 culpa

527 1062 829 1123 hominem
855 1060 1471 1141 liberet,etquomodo
1503 1062 1697 1139 ipsum
1716 1060 1950 1122 civilem
1984 1061 2175 1123 faciat.

528 1151 754 1224 Quanta
786 1149 947 1211 enim
981 1151 1334 1213 confusione
1371 1151 1601 1229 plenus,
1633 1170 1765 1211 cum
1800 1150 2183 1231 requisiveris

528 1240 720 1301 locum
757 1249 812 1300 te
846 1239 1178 1318 indignum,
1226 1249 1283 1299 et
1335 1239 1551 1301 deinde
1600 1259 1733 1299 cum
1769 1240 2183 1319 supervenerit

529 1329 847 1410 dignior,is
868 1329 966 1409 qui
999 1339 1054 1389 te
1085 1329 1335 1401 vocavit,
1367 1330 1561 1391 dicat:
1590 1328 1673 1390 Da
1702 1329 1837 1389 huic
1865 1329 2087 1405 locurn,
2121 1330 2178 1390 id

530 1438 661 1498 qua:
685 1417 871 1499 saepe?
898 1420 1235 1480 Descendes
1267 1418 1424 1478 enim
1462 1428 1543 1499 tu,
1575 1418 1657 1479 illi
1690 1427 1883 1478 autem
1922 1418 2177 1497 primum

2268 610 2366 670 τῆς
2435 602 2728 670 κενοδοξίας
2757 604 3051 679 ἐκτέμνειν.
3139 610 3233 665 Καὶ
3278 616 3431 666 τοῦτο
3483 609 3538 666 δέ
3571 634 3659 685 μοι
3692 610 3927 688 προσλο-

2268 693 2433 771 γίζου·
2513 696 2556 749 εἰ
2628 696 2725 769 μὲν
2782 696 2870 751 οὖας
2931 700 3026 753 οὒκ
3054 700 3122 765 ἦν
3164 701 3347 777 καιρὸς
3378 703 3666 779 τραπέζης,
3701 702 3786 756 καὶ
3842 700 3925 755 δι-

2266 780 2481 860 ελέγετο
2508 784 2627 861 περὶ
2681 784 2881 840 τούτων
2913 787 2942 841 6
2974 789 3182 864 Κύριος,
3236 787 3383 867 ἀφεὶς
3430 790 3552 852 τοὺς
3597 792 3713 868 περὶ
3746 789 3919 845 ἄλλων

2266 870 2480 948 λόγους,
2528 874 2687 951 εἶχεν
2719 873 2777 930 ἄν
2809 873 2967 951 λόγον
2998 878 3030 942 ἡ
3064 875 3293 951 μέμψις,
3361 888 3448 937 νῦν
3491 878 3548 933 δὲ
3592 877 3801 936 δείπνου
3831 878 3932 935 ἄν·

2266 982 2379 1039 τος,
2427 963 2515 1017 καὶ
2547 974 2639 1019 τοῦ
2680 968 2780 1028 τῆς
2813 961 3199 1041 φιλοπρωτείας
3254 966 3448 1031 πάθους
3482 970 3584 1047 πρό
3642 967 3927 1048 ὀφθαλμῶν

2264 1056 2358 1105 τοῦ
2414 1054 2667 1129 Σωτῆρος
2727 1051 3075 1131 ἐνοχλοῦντος
3128 1068 3247 1118 τοῖς
3307 1055 3587 1137 ἐλεεινοῖς,
3618 1060 3802 1137 καιρὸν
3832 1059 3923 1114 εἶ-

2264 1159 2367 1216 χεν
2413 1141 2447 1206 ἡ
2521 1141 2846 1218 παραίνεσις.
2879 1140 3008 1199 ’Ίδε
3038 1143 3142 1223 γὴρ
3183 1146 3271 1201 καὶ
3302 1144 3479 1210 ἄλλως
3524 1148 3693 1203 πόσου
3738 1148 3927 1224 μώμου

2263 1232 2354 1283 τὸν
2427 1229 2701 1308 ἄνθρωπον
2760 1230 3108 1312 ἀπαλλάττει,
3160 1237 3248 1291 καὶ
3298 1243 3414 1302 πὼς
3474 1238 3697 1313 κόσμιον
3769 1239 3925 1295 αὒτὸν

2264 1331 2435 1380 ποιεῖ.
2515 1320 2697 1388 Πόσης
2754 1324 2854 1400 γὰρ
2908 1323 3168 1401 αἰσχύνης
3200 1324 3520 1406 ἀνάμεστον,
3551 1325 3676 1383 ὅταν
3725 1330 3817 1382 τὸν
3848 1329 3924 1403 μὴ

2263 1410 2531 1488 πρέποντά
2586 1431 2667 1465 σοι
2724 1411 2887 1469 τόπον
2954 1414 3269 1489 ζητῄσαντι,
3333 1420 3454 1471 εἶτα
3521 1415 3760 1481 ἐλθόντος
3834 1426 3925 1475 τοῦ

2265 1495 2627 1579 ἐντιμοτέρου,
2687 1502 2714 1556 ι’.
2784 1499 3013 1564 καλέσας
3072 1523 3126 1558 σε
3187 1501 3344 1580 εἴπηο
3382 1506 3483 1567 Δὸς
3516 1507 3685 1578 τούτῳ
3732 1506 3919 1585 τύπον,

530 1511 724 1570 locum
759 1506 1155 1586 occupabunt.
1212 1506 1452 1580 Contra,
1483 1516 1699 1587 quanta
1735 1507 1907 1567 laude
1937 1507 2174 1587 dignus,

529 1597 763 1680 quando
798 1597 987 1677 prima
1014 1597 1161 1656 sella
1183 1597 1419 1674 «lignus,
1460 1597 1749 1676 principio
1780 1597 1946 1657 sedet
1976 1598 2033 1657 in
2062 1598 2167 1658 hu.

2262 1589 2348 1643 καὶ
2403 1597 2558 1647 τοῦτο
2613 1588 2898 1665 πολλάκις,
2961 1593 3050 1649 καὶ
3105 1590 3394 1671 ῦποόαίνῃς
3437 1596 3535 1670 μὲν
3565 1598 3743 1670 αὐτὸς,
3771 1595 3920 1651 ἐκεῖ·

530 1674 653 1748 mili
681 1674 829 1757 loco,
877 1694 934 1745 et
966 1694 1167 1765 postea
1212 1704 1330 1766 prie
1362 1674 1491 1746 aliis
1526 1674 1740 1748 sedere
1789 1691 2167 1766 comperitur,

2264 1698 2343 1732 νοι
2400 1674 2453 1732 δὲ
2525 1677 2877 1757 προεδρεύωσι
2924 1696 2939 1755 ;
2975 1682 3147 1739 Πόοου
3173 1681 3230 1738 δί
3273 1683 3485 1741 ἆπαίνου
3530 1683 3670 1749 ἄξιον
3702 1686 3925 1740 τούναν-

529 1776 803 1837 omuibus
836 1774 915 1834 illi
950 1776 1139 1853 primo
1193 1765 1323 1837 loco
1368 1776 1758 1837 cedentibus?
1812 1765 1960 1837 Num
2007 1776 2167 1856 igitu-

2261 1765 2391 1856 τίον,
2463 1766 2587 1823 ὅταν
2645 1770 2673 1824 ὁ
2728 1769 2826 1837 τῆς
2882 1771 3099 1847 πρώτης
3131 1770 3383 1849 καθέδρας
3418 1772 3589 1849 ἃξιις,
3635 1772 3834 1837 ὓποϐὰς
3864 1772 3918 1837 ἒξ

530 1884 703 1945 parva
727 1864 831 1924 tibi
850 1863 1078 1923 videtur
1096 1863 1193 1924 illa
1219 1864 1545 1925 admonitio
1572 1865 1966 1946 Domini,qu.°e
1984 1868 2167 1927 maxi-

2261 1855 2463 1935 ἀρχῆς,
2539 1857 2663 1914 εἶτα
2722 1857 3047 1938 προεδρεύων
3106 1862 3310 1939 εὑρεθῇ,
3366 1864 3585 1919 πάντων
3639 1862 3920 1939 “innui-

528 1974 680 2016 mam
714 1954 992 2016 virtutum
1028 1954 1420 2015 humili‘atem
1458 1956 1719 2035 docet,et
1751 1955 1808 2016 in
1842 1956 2167 2017 auditorum

2261 1968 2364 2000 νων
2436 1949 2577 2021 αὐτῷ
2634 1954 2740 2005 τῶν
2773 1950 3097 2027 πρωτείων;
3173 1962 3283 2029 Αρα
3340 1954 3504 2031 μικρά
3546 1974 3630 2009 σοι
3690 1950 3843 2010 δοκεῖ
3883 1956 3921 2022 ἡ

524 2042 832 2105 animabus
867 2043 1207 2123 collocat,et
1237 2045 1305 2105 ad
1336 2045 1639 2105 honestam
1666 2044 2167 2108 vizagobservatio‘

2261 2038 2480 2101 τοιαύτη
2534 2043 2627 2093 τοῦ
2692 2039 2875 2115 Κυρίου
2939 2041 3264 2117 παραίνεσις,
3326 2043 3423 2109 τὴν
3483 2045 3741 2121 μεγίστην
3811 2049 3917 2099 τῶν

524 2148 660 2196 nem
686 2132 826 2194 595
855 2122 1308 2213 ducit?idquod
1334 2135 1550 2195 Christi
1574 2134 1826 2195 dilectus
1847 2135 2167 2215 discipulus

2257 2122 2482 2200 ἀρετὼν,
2555 2125 2653 2191 τὴν
2725 2128 3042 2184 ταπείνωσιν
3072 2130 3469 2211 ὑπογράφουσα,
3534 2133 3623 2187 καὶ
3654 2146 3777 2195 ταῖς
3810 2133 3915 2188 τῶν

522 2223 738 2287 Paulus
770 2232 968 2303 postea
1001 2222 1147 2282 dixit
1173 2212 1187 2283 ξ
1216 2221 1461 2285 «Omnia
1484 2224 1732 2285 honeste
1765 2233 1821 2283 et
1844 2212 2167 2285 securidum

2257 2212 2614 2290 ἀκροωμένων
2673 2219 2880 2295 ψυχαῖς
2954 2216 3341 2299 ἐγκιθιστιῦσα,
3374 2222 3460 2276 καὶ
3512 2223 3641 2297 πρὸς
3699 2223 3762 2277 τὸ
3821 2220 3911 2277 εὖ-

522 2302 817 2393 ordinem,
852 2312 1064 2391 inquit,
1095 2313 1235 2373 fiant
1275 2311 1437 2384 sQuo
1473 2322 1639 2394 pacto
1674 2313 1851 2392 igitur
1883 2314 1992 2375 hoc
2026 2316 2167 2375 fiet?

2258 2323 2477 2380 σχημον
2556 2302 2756 2383 ἄγουσα
2816 2308 2970 2384 τόνγε
3002 2308 3163 2375 αὐτῆς
3196 2308 3450 2366 ἀκούοντα
3483 2328 3496 2368 :
3548 2309 3677 2389 ὅπερ
3710 2311 3797 2366 οὖν
3830 2314 3913 2366 καὶ

522 2402 731 2465 Nullus
744 2402 1129 2483 quaeratquod
1147 2421 1316 2462 suum
1338 2412 1446 2475 est,
1471 2403 1573 2463 sed
1593 2403 1997 2484 unusquisque
2014 2404 2167 2484 quod

2258 2394 2286 2447 6
2347 2400 2573 2470 Χριστοῦ
2604 2396 2852 2463 μαθητὴς
2884 2396 3089 2460 Παῦλος
3114 2397 3328 2469 ὕστερον
3356 2399 3507 2472 εἶπε,
3546 2424 3574 2454 ι
3610 2401 3786 2455 Πάντα
3831 2402 3905 2457 εὖ·

519 2492 784 2553 alterius.
822 2490 999 2553 Vides
1032 2490 1384 2570 discipulum
1421 2492 1626 2554 eadem
1666 2492 1848 2573 loqui,
1885 2513 2014 2573 quae
2055 2514 2167 2555 ma-

2257 2484 2554 2559 σχημὸνως
2630 2485 2714 2539 καὶ
2746 2486 2882 2540 κατὰ
2912 2485 3080 2565 τάξιν,
3109 2488 3260 2565 φησὶ,
3314 2488 3567 2564 γινέσθω.
3604 2511 3632 2543 ι
3669 2493 3789 2551 Πῶς
3822 2491 3910 2544 οὖν

518 2582 701 2661 gister
747 2582 909 2661 ejus?
968 2581 1126 2642 Istud
1187 2599 1367 2643 vero:
1430 2608 1452 2634 α
1490 2580 1698 2643 Omnis
1748 2572 1854 2662 qui
1906 2572 2167 2662 seipsum

2254 2577 2408 2625 τοῦτο
2466 2572 2750 2648 γενήσεται
2782 2592 2797 2652 ς
2858 2572 3051 2641 Μηδεὶς
3088 2578 3149 2630 τὸ
3181 2576 3366 2631 ἑαυτοῦ
3409 2579 3654 2652 ζητείτω,
3686 2576 3823 2633 ἀλλά
3855 2579 3913 2632 τὸ

520 2654 1184 2733 exaltathumiliabitur
1204 2670 1288 2744 ϐι,
1330 2694 1351 2727 ι
1390 2690 1505 2751 quo
1529 2679 1695 2751 pacto
1720 2654 2167 2750 in'telliganII’Et-

2252 2668 2345 2717 τοῦ
2398 2658 2577 2739 ἐτέρου
2649 2661 2897 2724 ἕκαστος.
2952 2654 3103 2742 Ὀρᾷς
3134 2666 3224 2720 τὸν
3268 2668 3513 2736 μαθητὴν
3546 2668 3607 2724 τὰ
3648 2669 3779 2725 αὐτὰ
3835 2672 3911 2741 τῷ

520 2762 678 2822 enim
714 2759 881 2819 mulli
911 2758 967 2820 in
1006 2759 1120 2820 vita
1147 2760 1255 2822 hac
1276 2779 1339 2821 se
1360 2744 1942 2832 i‘§:i|tantes,hon«ire
1963 2759 2167 2822 fruun-

2254 2744 2552 2804 διδασκάλω
2608 2752 2968 2830 φθεγγόμενον
3012 2773 3029 2825 ;
3063 2756 3133 2811 T6
3162 2752 3239 2834 δὲ,
3280 2778 3307 2809 ι
3344 2761 3451 2819 ua;
3484 2759 3511 2811 6
3541 2758 3690 2831 ὑψῶν
3728 2755 3908 2812 ἒαυτὸν

521 2860 614 2911 tur
670 2852 849 2927 lgitur
880 2850 990 2908 hoc
1024 2848 1264 2928 quidem
1302 2849 1602 2910 humiliari
1647 2860 1736 2910 est
1768 2851 2002 2929 quando
2037 2851 2167 2930 quis

2252 2840 2731 2914 ταπεινωθήσεται,
2772 2864 2795 2898 ε
2858 2848 2971 2905 πῶς
2998 2845 3258 2919 νοήσομεν
3291 2864 3307 2924 ;
3347 2847 3443 2902 Καὶ
3474 2847 3573 2923 γὰρ
3634 2845 3824 2903 πολλοὶ
3855 2846 3908 2902 ἐν

516 2940 731 3001 fruitur
760 2957 969 3017 magno
1004 2939 1231 2999 honore
1262 2938 1318 2998 in
1356 2938 1731 3019 mundo,lum
1768 2928 1950 3000 miser
1980 2949 2036 2999 et
2058 2928 2167 3000 hu-

2251 2933 2327 3000 τῷ
2381 2928 2480 3003 βίῳ
2549 2930 2992 3005 τούτῳὺψοῦνῖες
3065 2934 3303 3007 ἑαυτοὺς,
3337 2939 3500 3010 τιμῆς
3551 2934 3903 3003 ἀπολαύουᾳιυ

519 3029 673 3088 milis
706 3029 769 3088 fit
797 3029 949 3108 apud
984 3028 1195 3090 Deum.
1225 3027 1473 3108 Insuper
1505 3048 1618 3088 non
1643 3046 1831 3107 usque
1862 3028 1931 3088 ad
1959 3031 2163 3105 finem,

2250 3025 2405 3073 τοῦτο
2463 3018 2563 3093 μὲν
2620 3019 2711 3074 οὖν
2768 3019 2877 3076 ἔστι
2937 3024 2997 3077 τὸ
3044 3026 3436 3103 ταπεινοῦσθαι,
3471 3023 3597 3080 ὅταν
3624 3045 3701 3087 τις
3761 3026 3904 3081 ἀποο

514 3136 707 3198 neque
736 3106 889 3197 apud
920 3136 1127 3178 omnes
1161 3123 1214 3177 in
1253 3106 1605 3179 talihouore
1637 3106 1858 3190 est,sed
1880 3138 1933 3198 qi
1961 3127 2161 3179 antum

2250 3106 2385 3184 λαύῃ
2439 3106 2680 3174 πλείονος
2740 3110 2900 3185 τιμῆς
2975 3111 3025 3167 ἑν
3070 3119 3146 3187 τῷ
3174 3115 3381 3188 κόσμῳ·
3430 3115 3549 3170 τότε
3579 3116 3679 3194 γὰρ
3723 3113 3901 3179 ἅθλιος

511 3225 543 3267 a
574 3205 926 3285 quibusdam
954 3207 1327 3281 observatur,
1349 3215 1572 3268 tantum
1602 3206 1673 3267 ab
1707 3206 1838 3267 aliis
1860 3206 2159 3290 irridetur,

2250 3198 2335 3253 καὶ
2391 3200 2637 3262 ταπεινὸς
2696 3201 2838 3279 παρὰ
2891 3208 3027 3274 Θεῷ.
3065 3201 3080 3225 ’
3107 3210 3306 3259 Επειτα
3330 3202 3383 3259 δὲ
3415 3207 3510 3262 οὐκ
3539 3203 3666 3285 ἄχρι
3694 3202 3904 3277 τέλους,

513 3306 573 3358 et
605 3314 1028 3376 nonnunquam
1067 3297 1138 3357 ab
1180 3296 1270 3356 his
1303 3315 1334 3357 a
1365 3294 1583 3377 quibus
1627 3296 1971 3358 honoratur.
2010 3285 2164 3360 Vera

2250 3285 2363 3343 οὐδὲ
2422 3289 2565 3366 παρά
2648 3296 2811 3346 πᾶσιν
2867 3293 2896 3347 6
2966 3302 3201 3357 τοιοῦτος
3255 3298 3497 3373 τιμᾶται,
3530 3292 3650 3350 ἀλλ’
3682 3294 3735 3351 ἐν
3792 3294 3903 3369 δσῳ

511 3385 690 3464 igitur
718 3394 810 3446 est
841 3386 1156 3448 sententia.
1194 3387 1265 3447 Et
1296 3386 1490 3446 omnis
1536 3384 1817 3463 indignus
1873 3386 2024 3447 hanc
2047 3386 2160 3447 sibi

2250 3379 2450 3442 τούτοις
2508 3385 2747 3459 τιμᾶται,
2830 3380 3029 3438 ἐκεῖνοι
3098 3381 3427 3462 διασύρουσιν
3484 3386 3663 3460 αὐτὸν,
3724 3384 3759 3452 ἧ
3816 3388 3901 3442 καὶ

508 3475 1783 3554 sublimitatemvindicaus,humiliabitur,et
1809 3475 1955 3555 apud
1975 3476 2160 3536 Deum

2250 3466 2393 3523 αὐτοὶ
2436 3470 2482 3523 οἱ
2526 3475 2806 3544 τιμῶντες,
2843 3468 3077 3539 Ἀληθής
3131 3472 3220 3529 οὖν
3250 3474 3283 3541 ἡ
3329 3478 3427 3539 τῆς
3472 3472 3721 3541 ἀληθείας
3755 3474 3898 3531 ἀπό-

508 3564 1018 3644 quidem,quando
1044 3562 1313 3624 ultimum
1332 3564 1649 3644 judicium,
1669 3565 1728 3623 in
1754 3564 1868 3624 vita
1897 3581 2031 3627 vero
2056 3565 2163 3626 hac

2250 3577 2422 3633 φασις.
2488 3559 2586 3615 Καὶ
2652 3565 2758 3623 πᾶς
2812 3560 2844 3615 δ
2935 3560 3141 3627 ἀνάξιος
3206 3561 3394 3637 ὕψους,
3469 3564 3901 3643 σφετεριζόμενος

510 3652 789 3715 maxime.
822 3652 1039 3714 Natura
1057 3653 1214 3713 enim
1246 3654 1439 3715 omnis
1473 3654 1650 3713 homo
1685 3653 1960 3732 indignus
1982 3653 2161 3714 subli-

2250 3645 2422 3719 τοῦτο,
2483 3650 2961 3729 ταπεινωθήσεται,
3023 3653 3111 3708 καὶ
3171 3653 3313 3731 παρά
3367 3657 3445 3725 τῷ
3490 3659 3606 3727 Θεῷ
3637 3654 3760 3731 μὲν,
3813 3653 3899 3710 ὅτε

513 3743 953 3805 mitate.Nultus
978 3742 1155 3821 igitur
1185 3742 1524 3816 extollatur,
1556 3750 1620 3802 ut
1646 3759 1719 3802 ne
1753 3750 2016 3804 extreme
2044 3743 2159 3803 hu-

2250 3736 2278 3801 ἡ
2332 3735 2605 3793 τελευταία
2688 3739 2879 3817 κρίσις,
2954 3741 3051 3797 κάν
3106 3746 3182 3813 τῷ
3383 3738 3437 3796 δὲ
3466 3743 3640 3816 τούτῳ
3685 3743 3900 3801 πάντων

512 3833 793 3898 milietur.
2244 3822 2499 3899 μάλιστα⁶
2559 3828 2707 3906 φύσει
2779 3826 2833 3883 δὲ
2890 3835 2995 3891 πᾶς
3070 3828 3341 3909 ἄνθρωπος
3403 3830 3608 3898 ἀνάξιος
3706 3831 3895 3908 ὕψους,

2244 3913 2439 3981 Μηδεὶς
2512 3917 2602 3973 οὖν
2655 3917 2975 3996 ἐπαιρέσθω,
3028 3919 3121 3976 ἵνα
3179 3922 3257 3995 μὴ
3285 3920 3534 3999 ἒσχάτως
3566 3926 3891 4000 ταπεινωθῇ.

592 4009 768 4073 Vsus.
815 4010 1317 4075 IQ-ti’mDicebat
1349 4021 1543 4073 autem
1578 4019 1637 4073 et
1666 4012 1840 4093 eiqui
1863 4010 2156 4076 seinvita-

2328 4029 2352 4059 ιι
2390 4004 2603 4085 ’Ἔλεγε
2631 4004 2686 4061 δὲ
2716 4014 2793 4082 τῷ
2836 4008 3125 4076 κεκληκότι
3148 4013 3327 4085 αὐτὸν,
3367 4005 3550 4067 ’Ὀταν
3581 4016 3737 4087 ποιῇς
3773 4010 3894 4091 ἃρι-

505 4102 842 4163 verat:Cum
871 4101 1017 4163 facis
1054 4103 1368 4181 prandium
1403 4110 1506 4163 aut
1534 4118 1788 4182 coenam,
1810 4106 1927 4167 noli
1946 4122 2156 4167 vocare

2250 4116 2363 4151 nov
2418 4094 2451 4163 ἦ
2506 4094 2742 4173 δεῖπνον,
2804 4098 2882 4174 μὴ
2939 4100 3100 4179 φώνει
3169 4101 3292 4164 τοὺς
3348 4098 3530 4179 φίλους
3576 4122 3694 4177 σου,
3750 4101 3886 4178 μηδὲ

504 4190 729 4252 amicos
779 4198 935 4270 tuos,
992 4207 1184 4271 neque
1212 4192 1424 4253 fratres
1458 4199 1610 4264 tuos,
1650 4208 1844 4271 neque
1876 4205 2155 4275 cognatos

2250 4186 2355 4250 τούς
2405 4184 2659 4265 ἀδελφούς
2718 4208 2835 4263 σου,
2881 4188 3018 4263 μηδὲ
3078 4190 3199 4254 τοὺς
3270 4204 3547 4270 συγγενεῖς
3606 4212 3722 4268 σου,
3756 4191 3891 4269 μηδὲ

502 4291 659 4361 tuos,
686 4298 877 4360 neque
900 4280 1124 4341 vicinos
1158 4280 1723 4360 divites,nequando
1748 4289 1807 4340 et
1838 4274 1967 4363 ipsi
1986 4296 2039 4345 te
2064 4285 2153 4345 vi-

2250 4275 2473 4353 γείτονας
2544 4274 2848 4352 πλουσίους,
2908 4280 3118 4355 μήποτε
3150 4283 3236 4336 καὶ
3286 4282 3434 4339 αὐτοί
3499 4302 3559 4336 σε
3607 4281 3890 4338 ἀντικαλέ-

501 4359 701 4432 cissim
732 4359 1082 4443 invitent,ac
1114 4369 1474 4449 rependatur
1504 4359 1610 4429 tibi
1636 4359 2152 4436 beneficiumeo

2250 4386 2391 4438 τωσι,
2459 4366 2545 4421 καὶ
2600 4367 2821 4444 γένηταί
2875 4389 2957 4424 σοι
3029 4368 3393 4447 ἀνταπόδομα,
3422 4370 3543 4428 ἀλλ’
3574 4372 3702 4428 ὅταν
3734 4379 3887 4449 ποιῇς

500 4480 634 4522 cum
665 4460 807 4523 facis
838 4458 1345 4539 convivium,voca
1377 4477 1694 4540 pauperes,
1721 4461 2152 4544 debiles,clau-

500 4551 630 4631 dos,
664 4569 872 4630 caecos,
911 4557 969 4610 et
1003 4549 1205 4610 beatus
1238 4550 1356 4610 eris
1390 4570 1403 4612 :
1447 4548 1583 4630 quia
1615 4568 1731 4610 non
1767 4561 2018 4629 possunt
2052 4572 2153 4614 re-

502 4639 765 4720 pendere
797 4638 1297 4717 tibizrepéndetur
1316 4639 1475 4699 enim
1510 4638 1615 4698 tibi
1641 4638 1698 4698 in
1716 4642 2154 4705 resurrectione

490 4733 808 4809 justorum.
838 4731 979 4791 Haec
1010 4746 1144 4787 cum
1178 4726 1439 4788 audisset
1468 4725 1707 4806 quidam
1741 4728 1814 4788 de
1848 4727 2023 4793 simul
2045 4750 2150 4793 ac-

500 4817 945 4897 cumbentibus,
980 4817 1126 4878 dixit
1158 4817 1241 4877 illi
1278 4837 1291 4877 :
1328 4818 1542 4878 Beatus
1564 4816 1665 4897 qui
1697 4818 1958 4879 comedit
1981 4831 2154 4893 pran-

499 4908 660 4968 dium
682 4908 741 4968 in
766 4922 948 4983 regno
975 4904 1229 4969 Dei.»Ex
1254 4905 1488 4967 duobus
1509 4906 1833 4984 generibus
1846 4904 2153 4968 constabat

498 4996 853 5077 convivium,
879 5014 947 5057 ex
971 4996 1213 5070 vocatis,
1249 5004 1306 5057 et
1336 4996 1426 5057 his
1449 4996 1546 5075 qui
1584 4995 2152 5058 vocabant.Vocato-

498 5104 632 5147 rum
664 5103 855 5165 genus
871 5084 1092 5146 salubri
1106 5084 1511 5145 admonitione
1533 5083 1605 5144 ad
1630 5084 2023 5146 humilitatem
2049 5085 2145 5144 in-

486 5178 757 5253 duxerat,
791 5181 851 5237 et
897 5174 1228 5236 convivium
1283 5174 1527 5236 minime
1577 5182 1991 5255 sumptuosum
2025 5171 2144 5234 illis

2236 4455 2434 4535 ϐοχην,
2495 4454 2723 4513 κάλεσον
2779 4459 3060 4537 πτωχοὺς,
3134 4462 3461 4540 ἀναπήρους,
3509 4462 3746 4541 χωλοὺς,
3791 4485 3886 4521 τυ·

2237 4541 2425 4623 φλοὺς,
2485 4546 2573 4601 καὶ
2625 4547 2886 4625 μακάριος
2943 4548 3064 4622 ἔσῃ,
3125 4548 3207 4605 ὅτι
3261 4552 3355 4606 οὒκ
3398 4550 3613 4630 ἔχουσιν
3646 4554 3885 4611 ἀνταπο-

2236 4631 2409 4690 δοῦναί
2476 4652 2586 4692 σοι’
2642 4636 3126 4709 ἀνταποδοθήσεται
3156 4643 3255 4718 γὰρ
3288 4662 3370 4696 σοι
3413 4643 3469 4697 ἐν
3499 4649 3567 4719 τῇ
3604 4643 3884 4701 ἀναστάσει

2235 4730 2341 4779 τῶν
2399 4720 2640 4786 δικαίων.
2707 4723 2963 4791 Ἀκούσας
3018 4727 3072 4785 δέ
3126 4754 3206 4795 τις
3278 4737 3385 4786 τῶν
3430 4736 3883 4810 ωνανακειμένων

2236 4813 2391 4903 εἶπεν
2444 4818 2606 4887 αὐτῷ·
2642 4817 2916 4896 Μακάριος
2987 4818 3044 4883 ὅς
3076 4820 3298 4901 φάγεται
3331 4820 3541 4903 ἄριστον
3585 4823 3639 4879 ἐν
3682 4830 3749 4901 τῇ
3777 4825 3881 4901 βα-

2235 4900 2400 4992 σιλείᾳ
2454 4910 2545 4960 τοῦ
2605 4906 2758 4970 Θεοῦ,
2797 4926 2827 4966 )
2875 4906 2969 4965 Ἐκ
3009 4907 3156 4967 δυοῖν
3205 4900 3391 4991 μεροῖν
3422 4900 3883 4992 συγκειμένουίτοῦ

2232 4990 2464 5073 δείπνου,
2524 5001 2629 5051 τῶν
2680 5016 2737 5052 τε
2798 4999 3101 5055 καλούντων
3130 5003 3353 5058 καὶτῶν
3424 5002 3788 5079 καλουμένων,
3822 5007 3881 5062 τὸ

2232 5083 2330 5159 μὲν
2399 5091 2506 5141 τῶν
2576 5085 2921 5161 καλουμένων
2977 5093 3132 5169 μὲρος
3194 5090 3322 5171 ἔφθη
3382 5092 3466 5149 διὰ
3520 5095 3880 5175 παραινέσεως

2228 5175 2303 5239 εἰς
2361 5176 2462 5243 τὴν
2538 5179 2801 5256 σωτήριον
2877 5182 3362 5261 ταπεινοφροσύνην
3439 5187 3876 5264 χειραγωγήσας,

490 5275 898 5347 proposuerat.
935 5262 1104 5327 Nunc
1127 5265 1266 5324 etin
1301 5282 1434 5324 eum
1468 5263 1568 5344 qui
1604 5275 1936 5339 vocaverat,
1975 5263 2143 5323 vicis-

2250 5267 2314 5321 :ati
2366 5264 2498 5341 ὄψον
2556 5266 2738 5333 αὐτοῖς
2784 5266 3119 5339 ἀδαπάνητον
3178 5262 3671 5354 παραθεὶς,ήλοιπδν
3702 5262 3757 5331 δὲ
3788 5277 3876 5333 τὸν

489 5354 1029 5416 simliberalitatem
1046 5370 1213 5415 suam
1235 5361 1563 5417 exercetzet
1584 5353 1988 5416 admonitione
2012 5352 2143 5445 red:

2250 5353 2522 5412 ὶαλέσαντα
2613 5357 3125 5442 ἀντιφιλοτιμεῖται,
3189 5364 3277 5418 καὶ
3353 5352 3444 5421 δια
3521 5366 3876 5445 παραινέσεως

487 5442 1024 5519 invitat,abducens
1046 5460 1181 5505 eum
1217 5462 1292 5505 ne
1315 5444 1582 5505 convivia
1604 5444 1875 5507 instituat
1897 5439 2141 5507 humani

2250 5448 2491 5520 Νθεστιᾷ,
2566 5447 2786 5527 ἀπάγων
2847 5453 3004 5510 αὐτὸν
3064 5439 3155 5510 τοῦ
3211 5450 3294 5509 διὰ
3323 5474 3437 5511 τινα
3484 5439 3642 5536 χάριν
3674 5458 3878 5539 ἀνθρωτ

564 5601 631 5654 οι
678 5607 827 5671 Luc.
861 5619 1025 5683 xvm,
1062 5605 1149 5666 14.
