4202 6402
308 323 431 388 933

1049 314 1488 384 ENARRATIO
1548 320 1627 382 IN
1677 314 2186 382 EVANGELIUM
2234 313 2452 383 LUCXE'
2525 355 2594 366 ο-
2646 323 2812 388 CAP.
2863 324 3024 391 XVI.

3606 328 3722 393 934

315 461 472 527 πίνην
529 457 624 524 τας
664 457 971 518 ἒπισταίσεις
1049 459 1337 532 ποιεῖσθαι,
1399 454 1487 512 καὶ
1541 455 1641 522 τὴν
1684 454 1975 533 παραυτίκα

2064 451 2272 544 favoris
2305 455 2393 516 vel
2431 460 2931 522 remunerationis
2955 481 3088 522 mox
3124 462 3724 544 recepiendregratia.

323 549 655 626 ἀντιμισθίαν
714 544 1049 626 ἐκδέχεσθαι.
1119 547 1178 603 Ol
1258 547 1358 624 γὰρ
1421 545 1749 624 μικρόψυχοι
1802 542 1982 623 φίλους

323 637 608 703 καλοῦντες
665 637 703 706 ἢ
736 649 1014 714 συγγενεῖς
1067 633 1151 690 διὰ
1194 634 1292 703 τὴν
1325 635 1378 690 ἐν
1421 641 1499 709 τῷ
1543 633 1770 713 παρευθὺ
1817 633 1981 712 χάριν

322 735 478 786 τοῦτο
536 733 770 799 ποιοῦσι,
829 724 928 782 κᾶν
985 725 1064 802 μὴ
1123 724 1353 804 τύχωσι,
1412 722 1860 804 δυσχεραίνουσιν.
1923 717 1982 779 Οἷ

318 817 375 875 δε
432 815 814 896 μεγαλόψυχοι
880 819 942 872 τὸ
994 812 1188 891 μέλλον
1267 812 1622 888 ἀναμένοντες
1680 811 1824 891 παρὰ
1891 818 1982 868 τοῦ

322 907 473 971 ὄντος
528 905 802 980 πλουσίου,
871 905 966 968 τὰς
1028 901 1256 980 ἀμοιϐὰς
1299 900 1636 984 ὶκδέχονται.
1697 909 1870 959 Ταῦτα
1927 899 1980 956 δὲ

321 997 495 1076 λέγων
550 998 578 1053 'o
642 996 850 1075 Κύριος,
912 999 973 1054 οὗ
1028 999 1128 1060 τῆς
1194 995 1328 1072 πρὸς
1398 995 1518 1057 τοὺς
1578 990 1760 1071 φίλους
1820 995 1981 1065 τιμῆς

322 1087 562 1165 ἀπείργει
620 1083 789 1164 ἡμᾶς,
861 1083 1001 1140 ἀλλὰ
1070 1085 1148 1160 μὴ
1204 1083 1521 1157 πιπράσκειν
1577 1081 1676 1147 τὴν
1720 1079 1977 1160 φιλοφρο-

320 1177 483 1244 σύνην
541 1172 799 1236 παιδεύει,
847 1171 1108 1238 Ἀκούσας
1161 1170 1217 1228 δέ
1259 1194 1338 1236 τις
1370 1193 1559 1244 ταυτα,
1592 1173 1681 1227 καὶ
1735 1171 1978 1245 νομίσας,

320 1264 402 1322 ὅτι
465 1267 492 1320 6
550 1265 680 1329 Θεὸς
738 1263 1294 1342 ἀντιφιλοτιμήσεται,
1351 1263 1439 1317 καὶ
1503 1261 1826 1318 ἆνθεστιάσει
1877 1281 1980 1316 σω-

323 1367 581 1430 ματικαῖς
623 1352 906 1432 τραπέζαις
961 1353 1080 1418 τοὺς
1132 1349 1390 1424 δικαίους,
1452 1351 1609 1408 εἶπεν
1645 1367 1658 1380 ·
1713 1349 1793 1406 ὅτι
1859 1356 1981 1406 Μα-

321 1445 506 1524 κάριος
565 1442 711 1506 ὅστις
769 1442 993 1523 φάγεται
1053 1441 1266 1520 ἄριστον
1325 1442 1381 1498 ἐν
1437 1445 1504 1516 τῇ
1592 1439 1836 1517 βασιλείᾳ
1889 1447 1982 1496 τοῦ

323 1543 364 1591 Θ
428 1541 451 1551 ν
569 1532 587 1570 '3
695 1534 707 1549 ‘
813 1532 839 1554 Υ
1369 1531 1393 1553 υ
1732 1531 1784 1569 *ἱ
1929 1531 1944 1549 \

368 1556 478 1595 εου.
526 1542 598 1591 Ο)
654 1554 754 1611 γαρ
809 1555 877 1600 ην
934 1533 1314 1607 πνευματικὸς,
1378 1553 1463 1587 ινα
1507 1533 1675 1608 νοήσῃ
1743 1553 1797 1586 .α
1854 1531 1984 1609 ὅπερ

321 1621 601 1696 αἴσθησιν,
665 1619 782 1678 ἀλλ’
846 1619 923 1680 ἔτι
995 1622 1257 1701 ψυχικὸς,
1320 1619 1592 1677 τουτέστιν
1640 1621 1982 1700 ἀνθρωπίνοις

323 1713 612 1790 λογισμοῖς
672 1710 1035 1787 διοικουμένος
1070 1732 1084 1746 ·
1147 1720 1382 1776 τοιοῦτος
1439 1711 1541 1790 γὰρ
1598 1713 1625 1768 6
1665 1711 1900 1790 ψυχικὸς
1955 1711 1982 1766 6

325 1801 494 1880 μηδὲν
542 1803 672 1882 ὑπὲρ
715 1801 870 1883 φύσιν
919 1801 1204 1882 πιστεύων,
1241 1798 1378 1856 ἀλλὰ
1408 1801 1581 1858 πάντα
1635 1803 1772 1857 κατὰ
1828 1800 1982 1880 φύσιν

325 1895 482 1955 νοῶν.
527 1901 684 1972 Τρεῖς
735 1892 836 1971 γάρ
881 1892 980 1947 εἰσι
1041 1891 1418 1963 καταστάσεις,
1453 1889 1703 1970 σαρκικὴ,
1741 1889 1978 1970 ψυχικὴ,

323 1983 413 2039 καὶ
468 1983 828 2051 πνευματική.
903 1981 1001 2038 Καὶ
1070 1981 1300 2058 σαρκικὴ
1361 1979 1458 2055 μέν
1503 1978 1668 2056 ἐστιν,
1727 1979 1853 2036 ὅταν
1902 2000 1982 2042 τις

321 2069 534 2144 ἥδεσθαι
563 2070 845 2148 βούληται,
910 2071 1000 2127 καὶ
1057 2070 1267 2150 χαίρειν
1309 2071 1445 2145 μετᾶ
1500 2077 1590 2126 τοῦ
1645 2071 1732 2126 καὶ
1793 2066 1982 2132 ἄλλους

325 2173 688 2235 κααοποιεϊν,·
716 2158 836 2217 οἶόν
893 2157 1006 2214 ἐστι
1090 2159 1310 2218 πάντων
1367 2159 1429 2214 τὸ
1478 2163 1584 2214 τῶν
1643 2155 1978 2214 πλεονεκτῶν

327 2249 486 2332 φῦλον
521 2266 534 2280 ·
581 2250 793 2329 ψυχιγὴ
823 2246 878 2305 δὲ
901 2248 1254 2327 κατάστασις,
1287 2245 1414 2305 ὅταν
1445 2270 1526 2326 τις
1558 2248 1695 2322 μήτε
1725 2245 1980 2323 βλάπτειν

328 2341 466 2414 μήτε
495 2338 820 2417 βλάπτεσθαι
881 2337 1128 2416 βούλοιτο
1165 2357 1180 2373 ο
1229 2344 1385 2394 τοῦτο
1436 2338 1536 2418 γὰρ
1564 2339 1626 2394 τὸ
1657 2337 1791 2393 κατὰ
1826 2336 1980 2417 φύσιν

325 2437 420 2504 ζῆν
453 2450 470 2468 ·
518 2431 631 2488 ἐπεὶ
661 2431 751 2487 καὶ
802 2432 836 2498 ἡ
882 2431 1032 2509 φύσις
1083 2430 1216 2497 αὕτη
1275 2437 1431 2486 τοῦτο
1460 2432 1597 2504 ἡμῖν
1629 2430 1929 2507 εἰσηγεῖται
1965 2448 1977 2460 ·

324 2520 660 2598 πνευματικὴ
720 2517 802 2593 δὲ,
858 2517 984 2576 ὅταν
1043 2542 1122 2583 τις
1182 2520 1271 2576 καὶ
1356 2517 1556 2596 βλάπτε
1571 2522 1684 2574 ιθαι
1740 2516 1983 2594 βούλοιτο

324 2608 408 2666 διὰ
449 2611 512 2666 τὸ
567 2607 732 2666 καλὸν
789 2609 877 2666 καὶ
931 2612 1342 2689 κακουχεϊσθαι.
1405 2607 1603 2666 ’Ἔστιν
1654 2614 1743 2664 οὖν
1791 2609 1824 2676 ἡ
1887 2605 1983 2684 μὲν

328 2701 516 2782 πρώτη
573 2699 719 2770 παρὰ
776 2701 960 2780 φύσιν,
1019 2703 1054 2769 ἡ
1107 2697 1162 2758 δὲ
1228 2698 1369 2776 μέση
1434 2699 1570 2756 κατὰ
1614 2699 1788 2779 φύσιν,
1836 2699 1869 2765 ἡ
1927 2696 1983 2754 δὲ

322 2792 475 2871 τρίτη
532 2791 663 2866 ὑπὲρ
720 2790 896 2870 φύσιν,
944 2796 1054 2853 Πᾶς
1107 2792 1192 2847 οὖν
1260 2789 1560 2868 ἀνθρώπινα
1603 2795 1830 2869 φρονῶν,
1890 2790 1977 2844 καὶ

325 2877 494 2956 μηδὲν
536 2884 642 2936 τῶν
711 2880 842 2960 ὑπὲρ
905 2881 1052 2960 φύσιν
1109 2879 1392 2956 δυνάμενος
1454 2883 1666 2959 νοῆσαι,
1740 2880 1974 2958 ψυχικὸς

326 2970 563 3050 λέγεται,
600 2971 675 3033 ὡς
733 2976 889 3051 ψυχῇ
931 2972 1020 3028 καὶ
1075 2971 1335 3046 πνεύματι
1377 2967 1735 3045 διοικούμενος
1769 2984 1786 3000 ⁸
1849 2967 1975 3024 ὅταν

329 3056 384 3115 δέ
439 3081 518 3126 τις
575 3060 837 3122 πνεύματι
875 3059 1093 3138 ἄγηται,
1141 3062 1228 3118 καὶ
1271 3059 1442 3117 οὒκέτι
1473 3065 1540 3136 ζῇ
1598 3058 1775 3132 αὐτὸς,
1809 3064 1876 3134 ζῇ
1919 3041 2034 3113 δὲσ

331 3148 384 3205 ἓν
437 3148 576 3224 αὒτῷ
619 3151 863 3230 Χριστὸς,
913 3151 1062 3216 οὗτος
1105 3149 1246 3207 ἐστιν
1288 3151 1316 3206 6
1373 3149 1754 3227 πνευματικὸς,
1800 3151 1829 3203 6
1877 3146 1978 3203 τσὸι

330 3237 482 3318 φύσιν
532 3235 864 3318 ὑπεραναϐάς
900 3257 912 3269 ·
976 3240 1210 3320 ψυχικὸς
1271 3238 1360 3297 οὖν
1421 3240 1490 3306 ἦν
1549 3239 1577 3294 6
1621 3236 1840 3308 νομίσας
1893 3237 1975 3292 αἱ-

326 3329 522 3396 σθητὰς
582 3326 787 3386 ἔσεσθαι
830 3331 924 3392 τὰς
971 3326 1197 3406 ἀμοιϐὰς
1241 3342 1359 3394 τοῖς
1419 3329 1613 3408 ἁγίοις,
1667 3326 1762 3384 οἷα
1811 3322 1977 3402 μηδὲν

322 3423 428 3475 τῶν
664 3419 817 3499 φύσιν
845 3417 1130 3496 δυνάμενος
1161 3419 1370 3488 νοῆσαι.

413 3529 438 3564 ε
477 3497 536 3566 Ὀ
566 3506 621 3565 δὲ
663 3497 820 3565 εἶπεν
849 3509 1014 3584 αὐτῷ,
1050 3508 1380 3590 ’Ἄνθρωπός
1407 3530 1487 3572 τις
1518 3509 1734 3576 ἐποίησε
1763 3505 1978 3564 δεῖπνον

326 3598 489 3677 μέγα,
521 3599 611 3655 καὶ
652 3597 870 3656 ἐκάλεσε
901 3597 1156 3680 πολλοὺς,
1185 3601 1277 3656 καὶ
1320 3597 1603 3656 ἀπέστειλε
1663 3599 1754 3656 τὸν
1794 3595 1976 3655 δοῦλον

325 3692 485 3747 αὐτοῦ
539 3694 607 3767 τῇ
635 3687 746 3768 ὥρᾳ
773 3695 867 3746 τοῦ
896 3687 1127 3766 δείπνου,
1185 3691 1355 3748 εἰπεῖν
1411 3702 1530 3754 τοῖς
1573 3686 1924 3764 κεκλημένοις
1958 3705 1974 3722 ⁶

326 3778 602 3860 ’¹Εχεσθε,
663 3779 744 3838 ὅτι
801 3779 906 3849 ἤδη
954 3780 1144 3859 ἕτοιμά
1192 3781 1300 3839 ἐστι
1351 3782 1540 3840 πάντα.
1604 3781 1703 3839 Καὶ
1758 3777 1981 3856 ἤρξαντο

328 3869 434 3926 ἀπὸ
499 3875 625 3946 μιᾶς
701 3873 1074 3950 παραιτεῖσθαι
1149 3871 1368 3946 πάντες,
1437 3862 1492 3930 Ὀ
1553 3875 1763 3950 πρῶτος
1829 3872 1982 3925 εἶπεν

327 3961 470 4030 αὖτῷ
496 3977 514 3995 ⁸
558 3959 753 4040 Ἀγρὸν
811 3959 1077 4039 ἠγόρασα,
1125 3961 1214 4019 καὶ
1275 3960 1394 4042 ἔχω
1432 3959 1670 4038 ἀνάγκην
1729 3956 1983 4032 ἐξελθεῖν,

325 4049 414 4104 καὶ
469 4045 602 4107 ἰδεῖν
634 4048 814 4130 αὐτὸν,
848 4049 1030 4127 ἐρωτῶ
1057 4071 1140 4126 σε,
1175 4047 1272 4130 ἔχε
1302 4071 1369 4127 με
1420 4048 1824 4126 παρῃτημένοο.
1887 4052 1986 4108 Καὶ

324 4136 501 4216 κτερος
558 4141 681 4195 εἶπε
715 4154 731 4170 ⁸
780 4139 949 4218 Ζεύγη
1011 4138 1151 4216 βοῶν
1227 4139 1469 4219 ἠγόρασα
1521 4137 1701 4213 πέντε,
1749 4138 1837 4194 καὶ
1878 4157 1984 4193 πο·-

325 4225 543 4306 ρεύομαι
576 4224 857 4303 δοκιμάσαι
902 4229 1057 4305 αὐτὰ,
1115 4227 1298 4308 ἐρωτῶ
1359 4249 1441 4303 σε,
1493 4226 1592 4308 ἔχε
1620 4248 1688 4304 με
1730 4247 1984 4306 παρῃτη-

327 4315 508 4392 μένον.
569 4317 668 4374 Καὶ
725 4315 902 4397 ἕτερος
965 4318 1092 4376 εἶπε
1128 4335 1142 4349 ’
1203 4318 1441 4375 Γυναῖκα
1497 4316 1700 4396 ἔγημα,
1760 4317 1847 4372 καὶ
1901 4313 1984 4370 διὰ

326 4412 481 4463 τοῦτο
509 4409 571 4466 οὒ
611 4404 833 4484 δύναμαι
889 4411 1092 4472 ἒΛΘεϊν.
1142 4431 1172 4464 ι
1237 4407 1343 4466 Τοῦ
1395 4406 1840 4482 συνανακειμένου
1899 4405 1982 4460 εί-

328 4499 547 4571 πόντος,
593 4496 674 4554 ὅτι
728 4499 987 4575 μακάριος
1039 4499 1099 4564 ὃς
1156 4498 1380 4578 φάγεται
1431 4495 1641 4577 ἄριστον
1674 4497 1728 4553 ἒν
1757 4496 1826 4564 τῇ
1882 4495 1985 4572 βα-

330 4585 498 4660 σιλείᾳ
540 4586 633 4643 τοῦ
671 4582 832 4663 Θεοῦ,
879 4591 907 4644 6
955 4587 1140 4668 Κύριος
1213 4585 1443 4644 διδάσκει
1503 4587 1658 4646 αύτὸν
1715 4584 1985 4642 πλατύτε-

330 4697 442 4753 ρον,
490 4683 606 4744 πῶς
636 4675 720 4734 δεῖ
749 4689 890 4735 νοεῖν
917 4679 1065 4754 ἡμᾶς
1095 4679 1190 4743 τὰς
1241 4684 1336 4736 τοῦ
1367 4684 1500 4734 Θεοῦ
1539 4675 1823 4739 ἑστιάσεις,
1888 4674 1986 4732 Καὶ

328 4766 392 4840 δή
442 4792 568 4850 ιρηφ
604 4767 916 4851 παραϐολὴν
973 4767 1209 4853 τοιάνδε,
1251 4767 1522 4853 ἄνθρωπον
1568 4767 1666 4844 μὲν
1716 4767 1988 4844 ὀνομάζων

327 4861 420 4915 τὸν
477 4859 844 4941 φιλάνθρωπον
903 4860 1089 4940 αὖτοῦλ
1112 4851 1343 4932 Πατέρα.
1409 4851 1465 4917 Ὀ
1517 4861 1618 4939 γὰρ
1675 4860 1806 4922 Θεὸς
1863 4856 1989 4912 ὅταν

331 4948 429 5023 μὲν
501 4949 596 5017 τὴν
671 4949 1044 5027 τιμωρητικην
1135 4949 1294 5007 αὖτοῦ
1385 4946 1602 5025 δύναμιν
1673 4947 1987 5021 αἷνίττηται,

329 5038 470 5118 παρὰ
512 5039 579 5108 τῆ
630 5043 814 5120 Γραφῇ
853 5039 1085 5118 πάνθηρ,
1149 5042 1237 5097 καὶ
1309 5035 1594 5118 πάρδαλις,
1653 5037 1745 5093 καὶ
1800 5034 1991 5115 ἄρκτος

329 5127 642 5202 ὀνομάζεται
676 5145 692 5160 ⁶
755 5129 880 5186 ὅταν
929 5127 982 5185 δὲ
1039 5127 1435 5210 γιλανθρωπίαν
1505 5128 1622 5184 τινὰ
1666 5126 1978 5183 αἰνίττεσθαι

329 5216 524 5298 μέλλῃ,
589 5215 858 5298 ἄνθρωπος
931 5219 1218 5299 εἰσάγεται,
1280 5217 1460 5298 ὥσπερ
1509 5219 1596 5273 οὖν
1663 5218 1752 5273 καὶ
1833 5220 1921 5270 νῦν
1955 5229 1970 5244 ⁶

2067 541 2175 615 Qui
2212 546 2430 624 pusillo
2475 556 2614 611 sunt
2652 551 2876 624 animo,
2928 553 3156 613 amicos
3202 541 3287 614 vel
3329 541 3616 633 cognatos
3645 554 3722 616 ob

2067 636 2375 714 przesentis
2401 637 2531 698 \itaa
2563 638 2922 702 beneficium
2958 649 3172 703 vocant
3207 661 3220 704 :
3259 645 3413 722 quod
3449 644 3497 703 si
3534 644 3730 705 minus

2067 736 2529 807 consequantur,
2563 729 2847 807 gravatim
2892 731 3112 794 ferunt.
3157 731 3266 804 Qui
3301 741 3495 792 autem
3533 731 3725 810 magni

2071 823 2204 876 sunt
2233 816 2713 897 auiwi,futurum
2736 819 3042 899 prremium
3084 831 3560 902 exspectantes,a
3593 841 3727 884 vere

2069 905 2248 971 divite
2279 907 2793 970 renumerationes
2820 909 3287 990 accipiuntﬂzec
3309 912 3728 972 autemdicens

2072 997 2507 1074 [lominus,non
2533 998 2723 1058 nosah
2741 999 2952 1061 amicis
2981 1005 3276 1073 arcet,sed
3298 1001 3720 1079 benignitatem

2068 1105 2184 1148 non
2217 1107 2348 1150 esse
2377 1087 2747 1149 vendendam
2781 1091 2979 1151 docet.
3017 1089 3212 1170 Itaque
3249 1099 3554 1171 postquam
3599 1091 3723 1153 haec

2066 1176 2305 1256 quidam
2353 1177 2637 1251 audisset,
2663 1185 2715 1237 et
2760 1177 3005 1239 sentiret
3039 1179 3193 1255 quod
3226 1178 3381 1241 Deus
3403 1179 3726 1260 corporali-

2064 1266 2302 1346 quidam
2337 1268 2621 1339 audisset,
2661 1277 2716 1327 et
2739 1267 2992 1329 sentiret
3025 1269 3183 1348 qued
3212 1268 3369 1329 Deus
3401 1269 3726 1348 corporali-

2067 1356 2173 1417 bus
2197 1357 2417 1421 mensis
2432 1366 2916 1419 renumeraretet
2932 1358 3721 1438 redinvitaretjustos.dixit:

2067 1445 2282 1510 Beatus
2311 1447 2413 1529 qui
2444 1446 2704 1511 comedit
2728 1465 2938 1526 panem
2967 1449 3020 1506 in
3059 1467 3237 1524 regno
3275 1447 3378 1510 Dei
3412 1445 3538 1508 Non
3563 1447 3722 1510 enim

2068 1539 2395 1619 spiritualis
2413 1545 2628 1617 erait,th
2651 1537 3006 1614 intelligeret
3029 1556 3095 1599 ea
3113 1557 3245 1619 quae
3257 1555 3436 1617 supra
3455 1556 3721 1600 sensum:

2066 1631 2171 1690 sed
2203 1629 2474 1692 animalis
2503 1628 2698 1688 adhuc
2726 1635 2876 1700 erat,
2901 1627 3011 1689 hoc
3042 1637 3154 1702 est,
3181 1628 3466 1688 humanas
3495 1628 3722 1706 cogita-

2006 1751 2044 1801 Β
2069 1721 2259 1782 tiones
2291 1718 2650 1781 sectabatur.
2683 1715 2970 1778 Animalis
2987 1717 3146 1777 enim
3185 1725 3298 1786 est,
3333 1717 3431 1796 qui
3460 1716 3602 1776 nihil
3623 1735 3724 1777 su-

2069 1829 2176 1890 per
2207 1818 2472 1871 naturam
2505 1804 2834 1880 credit,sed
2868 1809 3066 1868 omnia
3088 1805 3424 1866 secundum
3453 1813 3722 1867 naturam

2067 1898 2338 1975 intelligit
2370 1897 2517 1959 Tres
2538 1897 2694 1957 enim
2720 1894 3721 1975 suntordines,carnalium,anima-

2070 1989 2366 2052 lium596
2383 1997 2439 2050 et
2463 1985 3161 2068 SpiritualiumCarnalis
3197 1983 3438 2064 quidem
3472 1996 3584 2053 est,
3621 1987 3717 2066 qui

2068 2080 2189 2141 vult
2219 2079 2399 2141 lzetari
2423 2087 2480 2139 et
2513 2074 2776 2156 gaudere
2807 2094 2940 2137 cum
2967 2075 3098 2136 aliis
3135 2074 3517 2136 malefecerit.
3545 2084 3605 2135 ut
3633 2084 3724 2136 est

2065 2188 2242 2231 omne
2259 2162 2446 2250 genus
2468 2185 2801 2228 avarorum.
2832 2164 3144 2237 Animalis,
3179 2162 3280 2244 qui
3313 2181 3508 2245 neque
3537 2164 3722 2226 furari

2067 2278 2260 2341 neque
2287 2276 2506 2321 nocere
2534 2256 2676 2325 vult.
2708 2256 2819 2316 hoc
2842 2263 2928 2314 est
2960 2255 3116 2315 enim
3138 2253 3308 2333 juxta
3328 2270 3598 2315 naturam
3633 2255 3718 2315 vi-

2066 2345 2720 2431 vere,quandoquidem
2750 2345 2861 2406 hoc
2889 2343 3058 2405 nobis
3080 2351 3290 2404 natura
3321 2343 3559 2404 indi-lit.
3579 2343 3717 2424 Spi-

2068 2439 2298 2501 ritualis
2322 2457 2486 2516 Vrl‘o,
2526 2436 2623 2516 qui
2657 2441 2714 2496 et
2752 2433 2929 2512 ιιι]ιίςί
2965 2441 3024 2495 et
3069 2433 3352 2493 damnum
3403 2433 3560 2494 ferre
3600 2435 3723 2495 vult

2068 2536 2311 2610 propter
2340 2522 2748 2587 virtutem.Est
2776 2523 2954 2602 igitur
2979 2521 3204 2602 primus
3227 2529 3440 2603 praeter
3455 2523 3547 2583 vel
3569 2523 3719 2584 citra

2067 2614 2668 2682 naturam.secundus
2691 2613 2859 2693 juxta
2891 2611 3400 2692 naturam,tertius
3429 2630 3605 2692 supra
3623 2631 3721 2673 ua-

2070 2704 2582 2770 naturam.0mnis
2611 2703 2790 2782 igitur
2815 2703 2911 2782 qui
2936 2702 3192 2763 humana
3216 2702 3460 2780 sapit,et
3484 2721 3599 2764 non
3625 2721 3720 2763 va-

2060 2798 2143 2862 let
2177 2797 2512 2876 iutelligere
2543 2813 2612 2855 ea
2633 2811 2764 2874 quae
2793 2811 2972 2872 supra
3006 2799 3302 2866 naturam,
3337 2792 3613 2853 animalis
3639 2792 3724 2854 di-

2060 2888 2332 2964 citur,uti
2365 2887 2462 2967 qui
2495 2885 2692 2947 anima
2725 2890 2782 2944 et
2807 2882 3017 2962 spiritu
3050 2881 3439 2961 gubernetur.
3475 2881 3722 2955 Quando

2059 2989 2256 3042 autem
2291 2976 2424 3058 quis
2445 2975 2652 3056 Spiritu
2684 2973 2895 3052 agitur,
2923 2980 2978 3034 et
3011 2991 3127 3032 non
3154 2971 3276 3051 jam
3313 2970 3720 3052 vivitipse,vi-

2059 3069 2142 3130 vit
2171 3074 2368 3129 autem
2402 3064 2462 3125 in
2491 3083 2562 3124 eo
2586 3062 2855 3125 Christus
2875 3061 2961 3136 35,
2995 3061 3090 3122 hic
3119 3060 3573 3140 estspiritualis,
3603 3080 3716 3122 na-

2061 3166 2252 3219 turam
2285 3151 3026 3235 supergressus.Animalis
3059 3151 3234 3230 igitur
3255 3159 3381 3212 erat
3401 3155 3463 3212 et
3487 3151 3720 3231 hic,qui

2062 3247 2302 3328 putabat
2351 3245 2476 3306 fore
2531 3241 2850 3304 sensibiles
2881 3250 3218 3303 sanctorum
3265 3240 3714 3318 retributiones,

2060 3337 2340 3419 quoniam
2376 3333 2525 3396 nihil
2553 3349 2735 3412 super
2768 3339 3036 3392 naturam
3073 3337 3300 3410 poterat
3322 3329 3675 3410 intelligere.

2144 3514 2326 3578 Vsus.
2351 3512 2571 3577 16—20.
2613 3538 2636 3567 α
2673 3513 2746 3574 At
2794 3513 2922 3592 ipse
2944 3509 3093 3573 dixit
3115 3513 3166 3575 ei
3203 3533 3217 3572 :
3252 3511 3440 3574 Homo
3473 3512 3713 3593 quidam

2062 3617 2364 3689 paraverat
2397 3621 2626 3667 ccenam
2661 3620 2954 3680 magnam,
2991 3610 3049 3663 et
3084 3604 3321 3664 voaaxit
3352 3602 3718 3678 multos,mi-

2064 3698 2140 3758 sit
2166 3713 2401 3759 servum
2451 3692 2619 3755 illum
2653 3710 2826 3752 suum
2875 3691 3019 3752 hora
3049 3708 3232 3753 ccenre
3261 3701 3321 3752 ut
3363 3692 3589 3754 diceret
3621 3695 3717 3753 in-

2067 3789 2303 3852 vitatis:
2339 3785 2575 3865 Venite,
2629 3784 2768 3865 quia
2808 3785 2931 3864 jam
2985 3792 3187 3865 parata
3217 3792 3352 3846 sunt
3383 3785 3605 3849 omnia.
3644 3786 3722 3849 Et

2067 3885 2376 3959 coeperunt
2406 3874 2582 3936 simul
2615 3891 2824 3935 omnes
2855 3891 3161 3936 excusare.
3193 3875 3428 3937 Primus
3459 3873 3717 3937 dixitei:

2069 3966 2285 4031 Villam
2321 3965 2459 4041 emi,
2495 3973 2554 4027 et
2587 3981 2835 4024 necesse
2886 3971 2976 4024 est
3025 3963 3165 4025 mihi
3203 3964 3387 4040 exire,
3435 3973 3492 4026 et
3523 3965 3724 4026 videre

2071 4057 2233 4120 illam
2268 4074 2281 4119 :
2319 4074 2458 4134 rogo
2492 4063 2570 4128 te,
2607 4052 2758 4115 habe
2792 4072 2884 4114 me
2912 4055 3354 4115 excusatumEt
3384 4057 3533 4116 alter
3554 4053 3719 4118 dixit:

2065 4145 2214 4224 Juga
2250 4143 2473 4205 bonum
2502 4140 3078 4223 emiquinque,eteo
3100 4141 3170 4203 ad
3201 4140 3571 4223 probandum
3598 4143 3721 4205 illa:

2065 4252 2210 4314 rogo
2245 4231 2486 4310 te,habe
2521 4249 2614 4293 me
2637 4229 3261 4294 excusatum.Etdixit
3288 4230 3723 4296 aliuszUxorem

2005 4322 2231 4412 Dduiti,
2261 4332 2322 4412 et
2352 4320 2488 4412 ideo
2521 4338 2640 4412 non
2665 4338 2905 4412 possum
2939 4321 3202 4382 venire.»
3233 4321 3381 4382 Cum
3412 4320 3660 4384 dixisset
3679 4323 3728 4412 is

2066 4411 2167 4493 qui
2224 4409 2404 4472 simul
2449 4408 2832 4484 accubuerat,
2886 4409 3120 4471 beatum
3169 4428 3304 4472 eum
3337 4412 3432 4491 qui
3465 4411 3725 4473 comedit

2068 4500 2383 4584 prandium
2415 4499 2474 4561 in
2509 4518 2692 4578 regno
2724 4497 2850 4574 Dei,
2873 4497 3160 4562 Dominus
3185 4498 3359 4562 docet
3381 4518 3516 4563 eum
3550 4501 3726 4564 latius

2069 4589 2371 4674 quomodo
2404 4596 2801 4670 oporteatnon
2825 4588 3157 4668 intelligere
3175 4590 3504 4652 convivium
3532 4593 3725 4667 Dei,et

2071 4678 2409 4763 parabolam
2435 4679 2587 4740 hanc
2609 4677 2752 4739 dicit
2776 4697 2790 4740 :
2819 4679 3122 4740 hominem
3143 4677 3384 4759 quidem
3409 4681 3726 4743 nominans

2073 4768 2528 4833 misericordem
2553 4786 2723 4830 suum
2759 4766 3264 4849 patrem.Quando
3283 4770 3442 4831 enim
3465 4771 3728 4834 vindica-

2074 4861 2248 4924 tivam
2272 4858 2376 4922 Dei
2391 4858 2668 4920 virtutem
2695 4856 3002 4939 Scriptura
3029 4857 3721 4940 signiﬁcat,pantheram,

2075 4962 2133 5015 et
2162 4969 2392 5032 ursum,
2420 4959 2477 5012 et
2501 4949 2746 5030 pardum
2782 4967 2919 5010 eum
2944 4949 3375 5029 vocat;quando
3398 4959 3591 5012 autem
3618 4951 3720 5012 ml-

2076 5040 2405 5104 sericordia
2436 5039 2553 5100 vult
2585 5039 2912 5118 insinuare,
2943 5038 3247 5100 hominem
3272 5040 3502 5104 inducit
3532 5059 3546 5103 :
3573 5042 3727 5104 sicut

2063 5139 2123 5193 ct
2139 5149 2300 5192 nunc
2323 5128 2937 5192 misericordissimam
2957 5127 3086 5207 ejus
3107 5128 3612 5208 dispensationem
3638 5134 3726 5193 in.

2067 5221 2366 5300 telligens,
2406 5237 2582 5300 quam
2629 5224 2913 5298 operatur
2943 5217 3001 5277 in
3042 5216 3238 5294 nobis,
3274 5237 3387 5300 qua
3437 5239 3546 5281 nos
3586 5222 3725 5284 facit

328 5304 514 5376 ἔπειδὴ
571 5309 688 5388 περὶ
746 5314 844 5377 τῆς
931 5307 1436 5390 φιλανθρωποτάτης
1502 5306 1802 5383 οἰκονομίας
1852 5301 1972 5360 δια-

2064 5309 2380 5392 participes
2409 5307 2609 5371 carnis
2643 5306 2779 5368 Filii
2810 5304 3240 5378 sui,hominem
3272 5325 3406 5370 eum
3431 5309 3751 5374 nominat.‘

329 5395 587 5474 λαμϐάνει
643 5400 678 5467 ἡ
736 5396 1038 5480 παραϐολὴ,
1099 5398 1166 5466 ἢν
1219 5398 1512 5478 ἆνήργησεν
1564 5395 1620 5452 ἐν
1661 5398 1820 5473 ἡμῖν,
1865 5416 1974 5451 κοι-

2064 5401 2298 5464 Coenam
2323 5398 2483 5459 enim
2499 5414 2767 5476 magnam
2786 5394 3524 5477 vocavitdispensationem
3545 5401 3723 5470 hanc.

331 5488 522 5554 νωνοὸς
582 5489 726 5565 ἡμᾶς
769 5490 1000 5560 ποιήσας
1058 5492 1158 5557 τῆς
1212 5489 1403 5570 σαρκὸς
1449 5495 1551 5551 ,τοῦ
1614 5491 1734 5545 Υἱοῦ
1791 5489 1970 5560 αὐτοῦ,

2064 5491 2306 5565 Canam
2328 5488 2676 5570 quidem,eo
2699 5485 2854 5569 quod
2881 5485 2940 5547 in
2963 5484 3306 5550 novissimis
3323 5491 3722 5578 temporibus,

408 5647 473 5704 σε
529 5648 720 5714 Galat.
753 5663 820 5727 ιι,
851 5648 952 5713 20.
