4202 6402
463 328 581 394 935

464 569 665 617 autem
700 575 867 617 caena
891 558 1033 631 haac,
1075 557 1352 635 quoniam
1409 576 1475 618 ex
1528 556 1798 618 confesso
1834 575 2111 634 magnum

463 660 544 706 εει
574 645 779 705 salutis
802 655 1017 707 nostra:
1041 645 1489 725 mysterium.Et
1515 646 1672 706 misit
1693 664 1924 706 servum
1946 647 2111 706 illum

460 752 633 795 suum
661 734 803 794 hora
835 734 1523 805 rmnazQuisestservus
1556 734 1691 795 ille?
1722 736 1776 796 Is
1807 735 1903 814 qui
1930 735 2115 795 torma

459 820 612 881 servi
644 832 972 901 assumpta,
993 822 1177 883 Filius
1209 822 1385 883 homo
1415 822 1515 884 Dei
1550 823 1744 883 factus
1775 834 1830 884 et
1854 834 1915 884 ut
1938 824 2115 884 homo

461 910 675 969 missus
697 928 829 970 esse
851 910 1070 971 dicitur
1122 912 1372 973 Attende
1395 913 1693 991 quomodo
1727 932 1843 972 non
1876 914 2114 987 dixerit,

458 1016 717 1071 servum,
739 1000 843 1061 sed
870 1019 1002 1061 cum
1022 1000 1533 1073 articulo,servunl
1549 1001 1713 1063 illum
1741 1002 2114 1064 suum.Illum

462 1088 699 1168 proprie
716 1089 1171 1171 dixit,quijuxta
1193 1090 1440 1152 formam
1468 1093 1782 1152 humanam
1803 1092 1853 1152 ei
1878 1093 2116 1172 placuit,

458 1186 516 1238 et
545 1176 941 1239 servivit.Non
972 1180 1130 1239 enim
1155 1189 1211 1242 ut
1240 1180 1322 1241 Fil
1353 1200 1421 1241 us
1446 1190 1501 1241 et
1521 1182 1678 1243 Deus
1698 1189 1919 1241 tantum
1942 1180 2121 1243 bene-

461 1266 711 1347 placitus
735 1277 822 1329 est
848 1268 1136 1338 Patri,sed
1164 1278 1221 1329 et
1251 1268 1405 1331 sicut
1436 1271 1614 1331 homo
1646 1270 1774 1350 ipse
1798 1271 1959 1331 solus
1990 1272 2120 1332 sine

465 1358 1024 1435 peccato,omnibus
1057 1359 1319 1438 paternis
1334 1359 1599 1420 consiliis
1623 1368 1679 1421 et
1704 1361 1993 1421 mandatis
2014 1362 2116 1421 mi-

461 1446 731 1506 nistravit
754 1455 813 1506 et
837 1448 1027 1527 paruit
1058 1470 1070 1505 :
1100 1453 1162 1509 et
1211 1452 1346 1509 597
1381 1449 1634 1528 implens
1666 1469 1904 1509 omnem
1930 1450 2115 1529 justi-

462 1534 860 1607 tiam,servire
890 1536 1108 1597 dicitur
1142 1539 1262 1599 Deo
1299 1547 1355 1597 et
1390 1537 1785 1599 l’atrizideoet
1806 1539 1931 1619 ipse
1955 1540 2118 1600 solus

463 1622 703 1702 proprie
721 1643 927 1685 servus
948 1626 1055 1688 Dei
1077 1625 1476 1689 ἀδήιοι-,Ποῖα
1489 1636 1683 1687 autem
1704 1646 1888 1689 castra}
1902 1628 2119 1690 missus

459 1721 570 1806 est,
598 1713 829 1806 hoc_es_t
860 1715 1105 1774 deﬁnito
1157 1725 1212 1774 et
1259 1724 1596 1806 opportuno
1645 1723 1916 1797 tempore
1986 1719 2115 1780 Non
2144 1758 2178 1806 Β

460 1800 618 1861 enim
652 1801 808 1861 aliud
848 1811 1082 1884 tempus
1110 1804 1485 1865 commodius
1519 1805 1625 1865 fuit
1661 1806 1833 1866 saluti
1866 1817 2110 1880 nostras,

457 1908 631 1969 quam
665 1909 781 1970 quo
799 1892 1284 1970 regnabatCmsar
1308 1895 1626 1972 Augustus,
1648 1914 1779 1955 cum
1797 1896 1855 1955 in
1880 1913 2114 1957 summo

456 1989 611 2039 esset
634 1980 876 2055 malitia,
911 2002 1086 2062 quam
1120 1982 1349 2043 deSIrui
1381 1984 1713 2063 oportebat.
1752 1984 1916 2046 Sicut
1953 1986 2112 2047 enim

458 2068 676 2130 medici
696 2070 898 2131 sinunt
920 2071 977 2131 in
1011 2071 1147 2132 saavi
1183 2071 1369 2133 morbi
1404 2073 1707 2135 ulceribus
1736 2075 1954 2135 malum
1978 2096 2110 2136 om-

458 2176 593 2218 nem
627 2160 937 2222 humorem
975 2174 1380 2241 erumpere,et
1416 2163 1635 2224 deinde
1656 2165 1920 2225 remedia
1942 2184 2118 2247 appo~

458 2249 712 2310 nuntzita
741 2260 797 2309 et
818 2257 1130 2329 peccatum
1155 2252 1465 2328 oportebat
1484 2272 1698 2314 omnes
1726 2272 1862 2315 suas
1884 2256 2119 2335 species

456 2336 743 2417 indicare,
780 2347 839 2399 et
881 2340 1101 2400 deinde
1157 2359 1432 2419 magnum
1471 2342 1771 2403 medicum
1808 2344 2118 2424 imponere

457 2426 879 2505 pharmaca.El
904 2437 1220 2508 propterea
1248 2432 1609 2510 exspectavit
1634 2432 1905 2495 Christus
1926 2434 2118 2495 donec

453 2515 723 2575 diabolus
745 2517 984 2577 malitia
1000 2537 1336 2580 mensuram
1356 2520 1857 2600 impleret,ettunc
1874 2524 2115 2585 demum

460 2605 804 2666 incarnatus
835 2616 1013 2687 est,et
1035 2627 1211 2669 omne
1243 2629 1431 2688 genus
1466 2612 1704 2672 malitia;
1729 2631 1834 2691 per
1854 2623 2117 2674 sanctam

464 2694 639 2754 vitam
673 2713 839 2756 suam
866 2698 1111 2757 sanavit.
1150 2698 1362 2759 Missus
1388 2708 1477 2760 est
1502 2700 1680 2776 igitur
1703 2703 1868 2764 liora.
1897 2704 2009 2764 hoc
2034 2712 2122 2764 est

460 2792 797 2864 opportuno
831 2796 885 2846 et
919 2790 1304 2849 accommodo
1338 2798 1630 2870 tempore,
1666 2791 1816 2851 sicut
1849 2802 1905 2853 et
1936 2791 2115 2854 David

457 2875 644 2935 dicit:
686 2901 712 2929 α
738 2878 1061 2954 Aet-ingere
1092 2879 1286 2955 gladio
1310 2888 1409 2939 tuo
1444 2899 1624 2959 super
1653 2883 1847 2944 femur
1872 2891 2033 2943 tuum
2056 2884 2121 2932 66

459 2967 1228 3053 potenter»tempestivitate
1262 2970 1650 3032 tuaOmnino
1678 2972 1835 3032 enim
1861 2973 2109 3053 gladius,

1436 331 1743 393 THEOPH
1757 330 2032 392 YLACTI
2077 327 2490 393 BULGARLE
2535 326 2897 391 ARCHIEP.

463 476 523 528 et
555 468 723 546 quasi
755 467 827 528 ad
847 485 1153 548 vesperam
1187 467 1388 528 saeculi
1411 467 1569 529 venit
1594 467 1881 529 Dominus
1913 468 2116 545 Magna

2204 460 2475 541 ἄνθρωπον
2536 463 2692 519 αὐτὸν
2735 462 2980 538 ὠνόμασε
3015 480 3033 499 ο

3741 324 3865 389 936

3097 462 3312 520 δετπνον
3369 461 3421 519 δὲ
3467 462 3605 540 μέγα
3641 461 3859 519 ἐκάλεσε

2201 554 2300 620 τὴν
2359 552 2662 626 οἰκονομίαν
2692 552 2914 625 ταύτην,
2947 550 3163 609 δεῖπνον
3195 553 3317 628 μὲν,
3372 551 3553 620 ἐπειδὴ
3586 552 3639 608 ἐν
3684 550 3860 631 ἐσχά-

2200 665 2317 705 τοις
2362 655 2597 720 καιροῖς,
2630 642 2718 697 καὶ
2762 642 2881 696 οἷον
2941 641 3026 697 ἐπὶ
3072 640 3300 719 δυσμαῖς
3352 648 3444 698 τοῦ
3475 644 3660 706 αἰῶνος
3704 640 3859 708 ἦλθεν

2202 735 2228 787 6
2292 732 2503 811 Κύριος.
2565 730 2746 809 Μέγας
2805 729 2860 785 δὲ
2918 733 2945 786 6
3011 729 3226 795 δεῖπνος
3300 731 3476 811 οὗτος,
3532 728 3715 798 ἐπειδὴ
3772 723 3861 787 καἱ

2201 817 2643 898 ὁμολογουμένως
2693 819 2830 898 μέγα
2875 821 2937 875 τὸ
2965 820 3061 888 τῆς
3114 821 3377 899 σωτηρίας
3434 822 3589 895 ἡμῶν
3648 821 3859 894 μυστή-

2203 932 2311 988 ριον
2346 926 2361 941 ⁶
2421 910 2509 966 καὶ
2566 908 2847 965 ἀπέστειλε
2904 910 2996 965 τὸν
3051 908 3234 967 δοῦλον
3307 912 3464 966 αὖτοῦ
3506 915 3575 985 τῇ
3617 908 3727 985 ὥρᾳ
3768 915 3861 967 τοῦ

2202 998 2432 1059 δείπνου.
2496 999 2586 1062 Τίς
2644 998 2785 1057 ἐστιν
2826 998 2975 1061 οὗτος
3034 1002 3061 1055 6
3106 998 3341 1073 δοῦλος,
3392 990 3449 1056 Ὀ
3492 999 3592 1065 τὴν
3650 998 3860 1077 μορφὴν

2202 1089 2294 1145 τοῦ
2336 1087 2520 1145 δούλου
2563 1085 2841 1145 ἀναλαϐὼν
2873 1088 2901 1143 ὃ
2964 1089 3081 1153 Υἱὸς
3124 1095 3215 1145 τοῦ
3273 1095 3424 1161 Θεοῦ,
3460 1088 3730 1165 ἄνθρωπος
3759 1108 3858 1164 γε-

2205 1180 2449 1251 νόμενος,
2508 1180 2594 1235 καὶ
2656 1180 2729 1242 ὡς
2787 1178 3059 1256 ἅνθρωπος
3116 1176 3482 1244 ἀποσταλῆναι
3540 1176 3858 1256 λεγόμενος.

2204 1269 2448 1349 Πρόσχες
2492 1266 2549 1324 δὲ
2593 1270 2707 1331 πῶς
2755 1271 2849 1326 οὒκ
2878 1267 3027 1347 εἶπε,
3057 1264 3263 1337 δοῦλον,
3298 1265 3433 1322 ἀλλὰ
3477 1268 3611 1341 μετὰ
3637 1274 3731 1322 τοῦ
3764 1265 3858 1343 ἄρ.

2202 1362 2344 1438 θρου,
2378 1364 2469 1414 τὸν
2515 1356 2720 1430 δοῦλον,
2760 1359 2851 1413 τὸν
2900 1358 3115 1435 κυρίως,
3176 1359 3357 1435 φησὶν,
3417 1356 3559 1430 αῦτῷ
3612 1358 3746 1412 κατὰ
3797 1357 3858 1411 τὰ

2201 1448 2524 1522 ἀνθρωπινον
2581 1447 3001 1525 εῦαρεστήσαντα
3071 1447 3158 1502 καὶ
3240 1447 3297 1501 εὗ
3351 1443 3723 1504 δουλεύσαντα.
3787 1445 3860 1501 03

2201 1539 2362 1612 μόνον
2420 1538 2520 1616 γὰρ
2562 1539 2691 1594 καθὸ
2728 1540 2845 1601 Υἱὸς
2888 1538 2977 1592 καὶ
3033 1538 3163 1600 Θεὸς
3216 1535 3494 1613 εῦάρεστος
3535 1538 3613 1609 τῷ
3670 1538 3853 1613 napi,

2200 1626 2338 1682 ἀλλὰ
2395 1628 2483 1683 καὶ
2536 1629 2666 1684 καθὸ
2726 1624 3022 1705 ἅνθρωπος,
3070 1626 3226 1691 αὖτὸς
3279 1627 3441 1701 μόνος
3468 1626 3856 1705 ἀναμαρτήτως

2201 1717 2396 1781 πάσαις
2454 1730 2578 1780 ταῖς
2633 1726 2724 1774 τοῦ
2782 1718 2988 1795 Πατρδς
3049 1714 3272 1792 βουλαῖς
3332 1716 3421 1771 καὶ
3443 1713 3689 1777 ὶντολατς
3719 1717 3859 1781 ὑπη-

2201 1807 2448 1884 ρετήσας,
2510 1807 2598 1862 καὶ
2643 1803 2936 1885 πληρώσας
2980 1811 3154 1862 πᾶσαν
3221 1803 3584 1884 δικαιοσύνην,
3636 1803 3855 1860 δουλεῦ⁸

2200 1917 2289 1950 σαι
2347 1894 2561 1973 λέγεται
2605 1902 2682 1969 τῷ
2731 1900 2848 1968 Θεῷ
2877 1897 2964 1952 καὶ
3012 1896 3198 1974 Πατρὶ,
3231 1892 3310 1951 διὸ
3340 1896 3425 1951 καὶ
3456 1896 3643 1972 κυρίως
3674 1892 3856 1956 δοῦλος

2197 1990 2289 2039 τοῦ
2344 1992 2474 2041 Θεοῦ
2525 1986 2680 2048 αὐτὸς
2737 1983 2798 2040 ἂν
2857 1984 3062 2063 λέγοιτο
3111 1985 3297 2059 μόνος.
3365 1991 3443 2061 Τῇ
3501 1985 3613 2064 ὥρα
3667 1983 3721 2039 δὲ
3764 1985 3859 2040 τοῦ

2199 2071 2409 2130 δείπνου
2467 2072 2769 2147 ἀπεστάλη,
2837 2074 3130 2144 τουτέστιν,
3193 2074 3247 2129 ἐν
3302 2081 3379 2149 τῷ
3434 2074 3714 2151 ὡρισμένῳ
3768 2074 3856 2133 καὶ

2202 2162 2486 2237 ἐπιτηδείῳ
2515 2170 2709 2243 καιρῷ.
2765 2162 2894 2223 Οὐδὲ
2954 2165 3053 2242 γὰρ
3085 2162 3246 2225 ἄλλος
3284 2166 3467 2243 καιρὸς
3494 2164 3558 2231 ἧν
3590 2164 3683 2231 τῆς
3741 2184 3856 2245 σω-

2199 2254 2384 2323 τηρίας
2441 2251 2598 2328 ἡμῶν
2654 2250 3097 2329 ἐπιτηδειότερος,
3144 2253 3180 2320 ἢ
3258 2253 3463 2316 ἐκεῖνος
3515 2254 3543 2308 6
3584 2252 3719 2308 κατὰ
3759 2255 3861 2319 τὴν

2200 2349 2293 2398 τοῦ
2335 2343 2635 2420 Αὐγούστου
2702 2343 2961 2421 Καίσαρος
3032 2340 3328 2419 βασιλείαν,
3376 2342 3464 2399 ὅτε
3522 2344 3858 2421 κορυφωθετ-

2202 2453 2298 2487 σαν
2340 2431 2441 2498 τὴν
2498 2432 2687 2488 κακίαν
2753 2430 2856 2487 ἔδει
2910 2433 3305 2510 καθαιρεθῆναι.
3366 2423 3583 2510 ’Ὠσπερ
3634 2432 3734 2509 γὰρ
3778 2430 3863 2486 νό-

2204 2543 2354 2596 σημα
2410 2521 2665 2591 ὕπουλον,
2721 2525 2809 2577 καὶ
2869 2522 3128 2588 κακόηθες
3180 2520 3335 2577 έῶσιν
3381 2523 3428 2577 οἶ
3464 2522 3628 2599 ἰατροὶ
3686 2520 3857 2576 πάντα

2203 2612 2296 2667 τὸν
2345 2613 2579 2689 πονηρὸν
2629 2613 2808 2691 χυμὸν
2865 2610 3103 2691 ἐκρῆξαι,
3155 2611 3261 2669 εἶθ’
3306 2612 3472 2675 οὕτως
3500 2612 3595 2677 τὰς
3639 2633 3857 2690 φαρμαο

2206 2702 2350 2765 κείας
2410 2702 2719 2779 ἐπάγουσιν,
2783 2700 2948 2761 οὕτως
2994 2703 3080 2757 καὶ
3138 2702 3237 2768 τὴν
3268 2703 3525 2780 ἁμαρτίαν
3555 2699 3656 2757 ἔδει
3686 2704 3857 2756 πάντα

2205 2786 2267 2847 τὰ
2330 2792 2504 2847 οἰκεῖα
2551 2791 2743 2857 ἑαυτῆς
2803 2788 2924 2857 εἴδη
2972 2789 3344 2870 ἐπιδείξασθαι,
3403 2792 3646 2847 εἶτατον
3691 2789 3858 2868 μέγαν

2202 2883 2377 2960 ἰατρὸν
2409 2880 2668 2937 ἐπιθεῖναι
2725 2882 2787 2936 τὸ
2844 2881 3144 2960 φάρμακον.
3209 2882 3306 2937 Διᾶ
3381 2884 3536 2937 τοῦτο
3591 2879 3656 2947 δὴ
3700 2900 3856 2958 περι-

2204 2971 2409 3045 έμεινεν
2442 2972 2469 3025 6
2501 2970 2688 3047 Κύριος
2719 2970 2779 3025 τὸ
2828 2969 3021 3047 μέτρον
3076 2974 3176 3035 τῆς
3226 2970 3412 3033 κακίας
3441 2967 3722 3047 πληρῶσαι
3766 2968 3859 3022 τὸν

457 3041 703 3114 verbum
737 3054 845 3116 Dei
882 3041 913 3115 τ’
934 3075 1041 3136 per
1071 3056 1261 3117 femur
1292 3068 1488 3120 autem
1535 3062 1803 3123 nativitas
1842 3041 1901 3123 iii
1935 3041 2114 3125 carne

2199 3041 2464 3139 διάϐολον,
2525 3041 2614 3116 καὶ
2658 3058 2823 3123 οὕτως
2868 3060 3153 3138 σαρκωθεὶς
3183 3065 3287 3117 πᾶν
3337 3057 3483 3122 εἶδος
3531 3058 3718 3121 κακίας
3775 3054 3858 3111 διὰ

458 3143 994 3226 signiﬁcatur,quae
1014 3147 1302 3227 contingit
1320 3147 1377 3209 in
1401 3151 2005 3230 tempe~tivitate,hoc
2028 3164 2115 3215 est

458 3234 516 3294 in
553 3243 820 3314 tempore
850 3246 1206 3317 opportuno.
1248 3238 1461 3299 Missus
1494 3259 1632 3301 vero
1678 3251 1767 3302 est
1799 3252 1859 3304 ut
1890 3243 2117 3307 diceret

456 3323 738 3384 invitatis.
788 3324 899 3397 Qui
953 3336 1091 3387 sunt
1144 3327 1201 3388 lii
1245 3329 1343 3408 qui
1402 3330 1590 3397 vocati
1619 3330 1799 3393 sunt?
1830 3333 2117 3395 Fortassis

456 3430 670 3473 omnes
702 3414 997 3477 homines.
1032 3418 1255 3480 Omnes
1280 3421 1439 3478 enim
1473 3422 1699 3481 voravit
1735 3420 1892 3483 Deus
1923 3423 1994 3484 ad
2026 3423 2119 3483 sui

462 3502 851 3585 agnitionem,
884 3506 1093 3585 partim
1130 3526 1235 3587 per
1258 3508 1589 3570 ordinatam
1627 3511 1943 3574 visibilium
1969 3533 2117 3574 con-

453 3591 850 3668 stitutionem,
892 3596 1101 3675 partim
1127 3616 1233 3677 per
1257 3598 1587 3660 naturalem
1621 3600 2122 3679 legemzl‘ortassis

453 3689 647 3741 autem
682 3683 869 3761 magis
903 3685 1143 3764 proprie
1199 3686 1521 3752 lsraelitas.
1558 3688 1658 3767 qui
1707 3707 1811 3769 per
1840 3689 2029 3769 legem
2064 3699 2123 3752 et

455 3772 773 3849 prephetas
811 3772 1001 3834 vocati
1033 3774 1396 3836 fuerunt.Ad
1432 3776 1566 3838 illos
1600 3777 1778 3855 igitur
1794 3779 2015 3839 missus
2031 3792 2122 3842 est

454 3859 713 3939 primum
738 3859 1048 3936 Dominus,
1085 3867 1167 3922 uti
1203 3864 1273 3924 ad
1317 3883 1456 3925 oves
1487 3865 1697 3928 domus
1749 3866 1951 3929 Israel.
1986 3868 2119 3944 Ipse

455 3948 614 4009 enim
640 3948 907 4011 dicebat:
934 3949 1322 4032 Venite,quia
1346 3963 1550 4032 parata
1572 3955 1696 4034 jam
1725 3970 1864 4018 sunt
1889 3959 2089 4020 omnia

454 4039 651 4127 Prope
677 4038 839 4099 enim
869 4058 1001 4102 esse
1026 4060 1273 4120 regnum
1300 4042 1407 4104 Dei
1432 4044 1518 4118 6⁷,
1548 4045 1827 4110 omnibus
1857 4066 2107 4127 evange-

456 4124 1224 4210 lizabatDominus,etintra
1244 4134 1450 4195 vos.At
1466 4134 1552 4195 illi
1575 4148 1888 4216 cmperunt
1909 4124 2114 4213 sim'ul,

456 4217 512 4278 id
535 4226 708 4280 estex
726 4222 1076 4300 composito,
1105 4240 1416 4286 excusare.
1451 4222 1675 4286 Omnes
1701 4226 1859 4287 enim
1888 4228 2116 4307 princi-

456 4325 561 4388 pes
589 4298 925 4370 Iudaeorum
958 4310 1414 4374 detrectabant!
1426 4332 1592 4374 esum
1627 4315 1853 4377 habere
1882 4298 2109 4396 regem,
2141 4298 2183 4347 θ

457 4409 515 4457 et
539 4415 773 4460 coenam
799 4416 915 4459 non
949 4412 1303 4465 meruerunt
1331 4420 1343 4464 :
1375 4403 1526 4464 alius
1576 4405 1814 4485 quidem
1875 4416 2119 4486 propter

454 4486 790 4548 divitiarum
815 4488 1220 4571 cupiditatem,
1249 4492 1399 4552 alius
1440 4502 1633 4555 autem
1670 4504 1913 4576 propter
1941 4496 2114 4557 volu-

455 4585 700 4654 ptatem.
742 4578 896 4640 Nam
932 4577 1033 4639 ille
1074 4580 1316 4659 quidem
1350 4581 1546 4643 villam
1579 4594 1827 4666 emerat,
1859 4593 1915 4646 et
1965 4585 2118 4647 alius

450 4668 593 4746 juga
620 4666 935 4749 boum,qui
957 4668 1193 4747 signant
1223 4670 1557 4733 divitiarum
1591 4674 1944 4754 cupidos.At
1968 4675 2117 4736 alius

461 4758 563 4838 qui
595 4774 841 4819 uxorem
875 4758 1146 4840 duxerat,
1182 4760 1587 4841 voluptuarius
1617 4773 1744 4825 erat
1774 4763 2029 4845 Insuper
2057 4775 2116 4827 et

451 4849 502 4910 is
540 4848 728 4909 villam
779 4858 1109 4928 comparat,
1160 4851 1257 4930 qui
1322 4861 1562 4932 propter
1618 4856 1976 4917 mundanam
2008 4874 2110 4917 sa-

454 4937 741 5019 pientiam
796 4954 916 4997 non
977 4939 1191 5019 accipit
1244 4940 1609 5021 mysterium.
1648 4944 1802 5006 Villa
1828 4944 1985 5005 enim
2019 4954 2109 5007 est

456 5027 713 5088 mundus
741 5025 863 5100 hic,
892 5034 949 5087 et
983 5036 1193 5089 natura
1214 5030 1589 5110 simpliciter.
1623 5030 1730 5103 Qui
1768 5043 1963 5095 autem
1998 5054 2103 5096 na-

456 5119 645 5180 luram
663 5114 954 5191 observat,
967 5136 1083 5178 non
1096 5118 1429 5200 recipithoc
1444 5121 1601 5201 quod
1614 5139 1795 5202 super
1806 5132 2101 5186 naturam.

456 5207 640 5287 Igitur
661 5206 989 5287 pharisaeus
1007 5208 1108 5288 qui
1124 5208 1319 5271 villam
1342 5210 1492 5271 forte
1513 5215 2107 5292 comparaverat,hoc

458 5306 567 5377 est,
596 5297 698 5378 qui
726 5307 1069 5378 respexerat
1113 5298 1185 5360 ad
1244 5308 1470 5362 natura:
1516 5300 1703 5381 leges,
1745 5322 1861 5365 non
1893 5306 2107 5386 recipit

453 5386 742 5467 virginem
772 5406 981 5467 parere
1002 5390 1217 5470 Deum,
1252 5390 1409 5470 quod
1437 5409 1619 5472 super
1664 5401 1931 5455 naturam
1967 5403 2057 5456 est
2087 5413 2103 5459 :

463 5476 569 5540 sed
590 5484 650 5539 et
674 5494 887 5541 omnes
908 5478 1011 5558 qui
1040 5478 1104 5540 in
1135 5488 1378 5542 externa
1423 5481 1715 5562 sapientia
1752 5482 2105 5566 gloriantur,

540 5640 605 5693 06
654 5639 813 5704 Psal.
846 5655 970 5722 xu,
1003 5642 1064 5701 4.
1150 5641 1213 5691 67
1254 5642 1464 5705 Matth.
1498 5658 1584 5720 In,
1618 5643 1679 5712 2.

2198 3150 2376 3216 πάσης
2435 3154 2535 3216 τῆς
2601 3150 2754 3227 ἁγίας
2818 3151 2977 3206 αὐτοῦ
3030 3147 3306 3212 πολιτείας
3375 3145 3637 3214 ἐξιάσατο,
3716 3147 3855 3203 Ἀπ-

2201 3238 2400 3306 εστάλη
2434 3238 2523 3295 οὖν
2553 3239 2606 3295 ἐν
2651 3238 2789 3319 ὥρᾳ,
2822 3240 3087 3311 τουτέστι,
3122 3246 3199 3313 τῷ
3229 3239 3406 3316 ὡραίῳ
3443 3239 3531 3296 καὶ
3574 3235 3858 3310 ἐπιτηδείῳ

2200 3335 2392 3408 καιρῷ,
2436 3329 2574 3385 κατὰ
2629 3330 2718 3385 καὶ
2766 3327 2937 3384 Δαυ³ιδ
2964 3329 3106 3406 λέγει
3142 3347 3159 3364 ⁶
3197 3352 3225 3383 α
3260 3330 3551 3408 Περίζωσαι
3579 3328 3677 3394 τὴν
3720 3327 3850 3404 ῥομ-

2201 3418 2358 3498 φαίαν
2415 3441 2533 3492 σου,
2592 3418 2677 3475 ἐπὶ
2720 3419 2811 3474 τὸν
2838 3418 3008 3498 μηρόν
3038 3440 3151 3493 σου,
3180 3416 3363 3475 δυνατὲ
3393 3440 3420 3473 ι
3455 3424 3525 3496 τῇ
3555 3412 3855 3494 ὡραιότητί

2201 3530 2294 3567 σου
2328 3522 2341 3536 ⁶
2402 3508 2617 3571 πάντως
2674 3508 2774 3587 γὰρ
2818 3506 3049 3587 ῥομφαία
3080 3507 3179 3581 μὲν
3210 3510 3237 3564 6
3266 3505 3427 3584 λόγος
3456 3514 3550 3564 τοῦ
3579 3513 3731 3580 Θεοῦ,
3772 3502 3857 3560 διὰ

2200 3604 2293 3654 τοῦ
2351 3607 2526 3676 μηροῦ
2580 3595 2635 3653 δὲ
2694 3600 2728 3665 ἡ
2787 3597 2841 3653 έν
2899 3599 3051 3676 σαρκὶ
3100 3596 3305 3675 γένεσις
3360 3596 3700 3675 σημαίνεται,
3736 3594 3856 3662 ἥτις

2202 3686 2269 3763 τῇ
2325 3687 2619 3766 ὡραιότητι
2680 3687 2915 3766 ἐγένετο,
2977 3688 3271 3767 τουτέστιν,
3318 3685 3370 3742 ἐν
3441 3694 3519 3762 τῷ
3571 3682 3857 3757 ἒπιτηδείῳ

2196 3781 2386 3856 καιρῷ.
2422 3773 2732 3843 Ἀπςστάλη
2764 3775 2819 3832 δὲ
2876 3779 3047 3834 εἰπεῖν
3096 3791 3217 3841 τοῖς
3270 3774 3647 3851 κεκλημένοις.
3708 3774 3853 3837 Τίνες

2195 3864 2251 3922 δέ
2280 3868 2411 3922 εἰσιν
2465 3865 2609 3923 οὗτοι
2653 3868 2701 3921 οἱ
2733 3865 3059 3943 κεκλημένοι
3099 3886 3115 3946 ;
3174 3867 3332 3945 Τάχα
3390 3867 3489 3943 μὲν
3542 3868 3628 3923 καὶ
3659 3865 3853 3927 πάντες

2196 3955 2459 4034 ἄνθρωποι
2491 3974 2503 3988 °
2570 3956 2771 4019 πάντας
2827 3957 2931 4034 γὰρ
3007 3955 3256 4012 ἐκάλεσεν
3299 3958 3327 4012 6
3358 3957 3489 4018 Θεὸς
3520 3958 3593 4018 εἰς
3619 3955 3717 4023 τὴν
3744 3954 3858 4010 ἱπί-

2200 4068 2405 4125 γνωσιν
2451 4048 2633 4125 αὐτοῦ,
2666 4054 2822 4104 τοῦτο
2881 4046 2980 4121 μὲν
3036 4043 3121 4101 διὰ
3147 4046 3243 4114 τῆς
3273 4052 3378 4102 τῶν
3407 4044 3707 4125 ὠρωμένων
3760 4044 3852 4100 εῦ-

2201 4135 2398 4215 ταξίας,
2445 4142 2601 4193 τοῦτο
2646 4133 2699 4191 δὲ
2744 4133 2829 4191 διὰ
2880 4142 2971 4193 τοῦ
3015 4146 3236 4215 φυσικοῦ
3267 4137 3430 4211 νόμου
3462 4151 3475 4165 ⁸
3510 4136 3656 4215 τάχα
3683 4132 3738 4190 δὲ
3769 4135 3853 4191 οἷ-

2201 4225 2467 4303 κειότερον
2522 4228 2568 4280 οἱ
2652 4224 2704 4289 ἐξ
2768 4223 3004 4304 Ἰσραὴλ¹
3054 4228 3108 4281 οἳ
3166 4223 3251 4283 διὰ
3308 4232 3401 4282 τοῦ
3445 4224 3609 4301 νόμου
3635 4224 3853 4281 καὶτῶν

2201 4318 2489 4394 προφητῶν
2534 4312 2835 4383 ἐκλήθησαν
2873 4335 2885 4348 ο
2977 4316 3048 4380 εἰς
3121 4313 3335 4381 τούτους
3407 4315 3497 4371 οῦν
3577 4313 3852 4381 ἀπεστάλη

2200 4402 2616 4483 προηγουμένως
2681 4406 2708 4460 6
2796 4403 3011 4483 Κύριος,
3101 4405 3176 4468 εἷς
3258 4405 3324 4462 τὰ
3406 4401 3646 4483 πρόϐατα
3701 4402 3854 4460 οἴκου

2201 4493 2438 4574 Ἰσραήλ,
2504 4494 2668 4559 Αὒτὸς
2724 4494 2822 4569 μὲν
2899 4496 2989 4550 οὖν
3062 4492 3234 4573 ἔλεγεο
3287 4494 3569 4575 ’Ἔρχεσθε
3609 4492 3691 4550 ὅτι
3747 4491 3852 4561 ἤδη

2201 4582 2390 4659 ἕτοιμά
2430 4587 2550 4641 ἔστι
2593 4584 2766 4640 πάντα
2802 4601 2817 4617 ⁶
2867 4582 3024 4661 ἔγγὺς
3069 4585 3170 4662 γὰρ
3227 4586 3372 4641 εἶναι
3430 4585 3527 4651 τὴν
3583 4581 3851 4659 βασιλείαν

2199 4678 2305 4728 τῶν
2366 4672 2624 4752 οὐρανῶν,
2682 4672 2880 4729 ἅπασιν
2949 4672 3323 4751 εὒηγγελίζετο
3389 4676 3418 4730 6
3491 4673 3702 4752 Κύριος,
3765 4673 3852 4727 γαὶ

2198 4762 2346 4827 ἐντος
2404 4763 2576 4834 ὐμῶν,
2633 4766 2693 4819 Οἱ
2749 4758 2803 4817 δὲ
2853 4759 3077 4839 ἤρξαντο
3134 4762 3240 4819 ἀπὸ
3298 4769 3424 4838 μιᾶς
3453 4764 3846 4842 παραιτεῖσθαι,

2194 4852 2490 4926 τουτέστιν,
2558 4854 2631 4918 ὡς
2690 4850 2742 4917 ἐξ
2794 4845 2926 4913 ἑνὸξ
2971 4852 3307 4927 συνθήματος
3335 4872 3350 4888 ο
3414 4850 3609 4916 πάντες
3666 4851 3765 4929 γὰρ
3822 4872 3850 4904 ο

2191 4942 2453 5024 ἄρχοντες
2510 4942 2615 4999 τῶν
2673 4940 2934 5001 Ἰουδαίων
2997 4943 3458 5021 παραιτησάμενοι
3537 4941 3686 5022 ἔχειν
3757 4942 3847 4998 τὸν

2187 5032 2398 5100 Ἰησοῦν
2454 5032 2699 5111 βασιλέα,
2782 5028 2898 5088 οὐδὲ
2948 5038 3039 5088 τοῦ
3122 5029 3332 5089 δείπνου
3401 5032 3702 5100 ἠξιώθησαν
3737 5050 3753 5065 ·
3822 5032 3852 5086 6

2189 5123 2287 5199 μὲν
2342 5121 2429 5179 διὰ
2485 5120 2888 5203 φιλοπλουτίαν,
2928 5122 2963 5177 6
3005 5118 3060 5177 δὲ
3101 5119 3186 5177 διὰ
3245 5120 3577 5203 φιληδονίαν,
3634 5113 3693 5179 Ὀ
3750 5120 3851 5196 μὲν

2189 5214 2288 5294 γὰρ
2331 5215 2423 5271 τὸν
2466 5214 2627 5294 ἀργὸν
2684 5212 2979 5291 ἀγοράσας,
3035 5212 3125 5268 καὶ
3154 5214 3182 5269 ὁ
3210 5214 3275 5271 τὰ
3318 5214 3480 5291 ζεύγη
3524 5213 3631 5269 τῶν
3681 5209 3855 5290 βοῶν,

2190 5305 2536 5385 φιλόπλουτοι
2596 5302 2656 5358 ἂν
2702 5304 2949 5367 νοηθσῒεν
2979 5316 2994 5330 '
3048 5304 3077 5358 6
3114 5299 3170 5358 δὲ
3213 5302 3314 5370 τὴν
3356 5315 3588 5381 γυναῖκα
3640 5302 3853 5380 γήμας,

2192 5394 2478 5477 φιλήδονος
2515 5410 2530 5427 ⁸
2591 5393 2635 5449 εἰ
2704 5388 2885 5468 βούλει
2932 5388 2989 5447 δέ
3050 5413 3167 5471 μοι,
3226 5391 3388 5472 ἀγρὸν
3433 5391 3680 5471 ἀγοράζει
3711 5393 3740 5447 6
3767 5387 3861 5445 διὸ

2191 5490 2292 5553 τὴν
2337 5493 2431 5542 τοῦ
2470 5486 2680 5561 κόσμου
2699 5482 2897 5561 σοφίαν
2944 5482 3027 5557 μὴ
3083 5480 3522 5563 παραδεχόμενος
3549 5483 3613 5538 τὰ
3640 5481 3851 5558 μυστή*
