4202 6434
303 400 422 464 937
1008 406 1452 471 ENARRATIO
1496 405 1577 469 IN
1624 404 2132 471 EVANGELIUM
2184 403 2424 469 LUCE.
2472 444 2547 453 --
2593 408 2758 474 CAP.
2812 412 2970 475 XIV.
3585 408 3705 482 938

302 563 433 621 ριον.
500 538 694 620 Ἀγρὸς
739 543 839 619 μὲν
882 544 983 623 γὰρ
1029 546 1058 600 ὁ
1101 550 1325 620 κόσμος,
1368 546 1456 603 καὶ
1498 548 1532 615 ἡ
1566 546 1717 626 φύσις
1749 540 2022 619 ἀπλῶς,Λ
2048 539 2509 629 proptervillam
2530 541 2829 618 banc,hoc
2849 548 3703 629 est,naturam,ignoraverunt

303 635 332 688 ὀ
375 630 431 686 δὲ
474 632 571 699 τὴν
624 634 776 712 φύσιν
818 634 1056 711 βλέπων,
1118 636 1180 690 τὸ
1232 636 1362 713 ὑπὲρ
1420 636 1572 716 φύσιν
1620 635 1679 692 οὗ
1725 630 1961 712 παραδέ-

2085 646 2181 687 um
2216 628 2315 709 qui
2347 630 2697 693 condiderat
2721 639 2781 695 et
2811 633 3122 698 innovarat
3150 628 3377 700 natura;
3400 640 3699 719 ordinem.

306 742 488 801 χεται,
523 720 669 777 Ἰδὼν
699 725 788 778 οὗν
820 728 847 780 6
903 733 1202 804 Φαρισαῖος
1244 726 1413 804 τυχὸν
1437 715 1547 782 τὸν
1605 724 1790 803 ἀγρὸν,
1817 744 1963 781 τουτ-

2080 734 2271 779 esum.
2302 721 2481 812 Porro
2513 721 2614 800 qui
2638 722 2782 801 juga
2812 722 2989 785 boum
3022 728 3287 808 quinque
3307 722 3455 793 emit
3478 716 3534 793 et
3559 750 3703 812 pro-

309 811 444 878 ἐστι,
490 812 622 888 πρὸς
681 815 804 875 τοῦς
845 819 944 882 τῆς
1004 815 1208 893 φύσεως
1265 813 1459 889 νόμους
1517 812 1850 889 ἀποϐλέψας,
1905 814 1964 868 οῦ

2080 819 2146 865 at
2178 825 2268 878 ea,
2318 807 2508 885 signat
2565 812 2869 873 carnalem
2919 804 3252 893 hominem,
3296 819 3395 899 qui
3440 804 3705 901 quinque

307 897 630 978 παρεδέξατο
658 902 720 956 τὸ
777 916 957 959 τεκεῖν
1011 901 1265 980 παρθένον
1324 904 1477 983 Θεὸν,
1537 904 1611 966 ὡς
1638 904 1768 980 ὑπὲρ
1813 902 1964 983 φύσιν

2082 912 2263 955 ensus
2297 897 2511 959 enimie
2540 901 2953 978 corporalibus
2984 900 3123 965 398
3154 897 3475 986 conjunxit
3494 917 3552 970 et
3574 897 3703 970 aui-

308 988 366 1045 ὄν
401 1005 414 1018 ⁸
474 987 611 1045 ἀλλά
652 994 739 1047 καὶ
783 995 829 1048 οἱ
857 994 926 1061 τῆ
956 991 1056 1058 ἔξω
1106 992 1262 1070 σοφίᾳ
1308 991 1715 1072 ἐγκαυχώμενοι
1746 992 1964 1064 πέντες,

2080 1003 2210 1044 nam
2245 1003 2485 1048 carnem
2518 988 2657 1050 fecit
2695 1012 2708 1049 :
2763 1001 2820 1053 et
2852 1001 3094 1073 propter
3137 994 3269 1071 hoc,
3306 1004 3506 1077 utpote
3546 1000 3704 1060 circa

310 1076 397 1133 διὰ
450 1080 544 1133 τὸν
599 1080 762 1155 ἀγρὸν
816 1089 1024 1160 τοῦτον,
1086 1079 1323 1138 τουτέστι
1352 1084 1453 1149 τὴν
1484 1082 1661 1167 φύσιν,
1697 1083 1968 1158 ἠγνόησαν

2080 1091 2288 1135 errena
2320 1085 2667 1156 occupatus,
2706 1088 2822 1140 non
2856 1082 2977 1142 vult
3006 1082 3334 1167 Spiritualis
3366 1105 3551 1148 caena:
3573 1106 3705 1167 par—

314 1170 405 1223 τὸν
467 1172 933 1244 καινοτομήσαντα
989 1172 1087 1238 τὴν
1146 1170 1297 1250 φύσιν
1356 1169 1583 1238 Ἰησοῦν.
1637 1162 1694 1228 Ὀ
1724 1169 1778 1225 δὲ
1807 1170 1967 1247 ζεύγη

2080 1162 2242 1242 iceps
2272 1181 2427 1227 esse.
2462 1164 2622 1227 Dicit
2675 1168 2837 1229 enim
2886 1162 3184 1250 Sapiens:
3227 1199 3249 1229 ι
3316 1162 3375 1237 tn
3427 1195 3542 1256 quo
3573 1162 3707 1238 verit

311 1257 452 1332 βοῶν
496 1257 762 1336 ἀγοράσας
818 1260 995 1335 πέντε,
1059 1261 1147 1316 καὶ
1203 1257 1508 1335 δοκιμάζων
1558 1261 1714 1326 αὐτὰ,
1754 1260 1967 1325 νοηθείη

311 1345 374 1401 ἂν
404 1348 491 1402 καὶ
535 1349 562 1402 ὁ
592 1348 842 1427 φιλόϋλος
874 1349 1174 1429 ἅνθρωπος,
1223 1349 1281 1411 ὃς
1338 1349 1434 1413 τάς
1466 1354 1622 1406 πέντε
1653 1349 1750 1417 τῆς
1782 1353 1967 1427 ψυχῆς

316 1435 593 1505 αἰσθήσεις
648 1451 772 1501 ταῖς
817 1451 1155 1514 σωματικαῖς
1208 1435 1495 1510 συνέζευξε,
1529 1440 1616 1493 καὶ
1656 1438 1757 1503 τὴν
1787 1437 1968 1515 ψυχὴν

317 1523 485 1601 σάρκα
538 1526 757 1592 εποίησε
791 1544 805 1557 ⁸
862 1525 946 1585 διὰ
989 1530 1143 1583 τοῦτο
1199 1526 1294 1582 οἶα
1348 1524 1414 1593 δὴ
1446 1528 1563 1604 περὶ
1592 1532 1695 1605 γῆν
1726 1526 1968 1605 ἐνησχο-

316 1613 574 1694 λημένος,
634 1619 695 1674 οὗ
750 1616 998 1692 βούλεται
1056 1623 1149 1673 τοῦ
1206 1614 1425 1694 λογικοῦ
1479 1615 1687 1672 δείπνου
1743 1613 1974 1691 μεταλα-

316 1702 459 1777 ϐεῖν,
492 1706 621 1783 φησὶ
658 1706 756 1782 γὰρ
787 1708 875 1762 καὶ
934 1707 1096 1786 σοφός
1132 1720 1145 1735 ⁸
1185 1727 1208 1760 ι
1248 1704 1307 1762 Τί
1360 1706 1733 1785 σοφισθήσεται
1765 1706 1792 1760 ὁ
1840 1726 1972 1782 κρα⁹

2052 1251 2315 1333 sapiens,
2351 1254 2456 1349 qui
2486 1259 3085 1349 tenetamtrumGB?
3122 1290 3143 1317 ο
3199 1262 3270 1323 At
3319 1265 3418 1345 qui
3445 1251 3708 1349 “propter

2054 1358 2297 1401 uxorem
2329 1343 2989 1426 excidit,voluptuarius
3006 1351 3208 1431 utique
3225 1343 3709 1435 fuerit,quicarni

2054 1437 2117 1490 ut
2148 1432 2388 1523 conjugi
2421 1435 2635 1495 anima:
2665 1436 2945 1512 alligatus
2976 1449 3084 1511 est,
3120 1448 3177 1501 et
3204 1460 3337 1503 cum
3372 1432 3465 1505 est
3492 1445 3549 1506 in
3583 1445 3707 1523 illa.

2054 1520 2224 1611 quasi
2258 1522 2309 1580 ei
2337 1523 2673 1602 adhaerens,
2709 1524 2831 1587 Deo
2859 1527 3094 1608 placere
3125 1538 3242 1605 non
3269 1538 3489 1611 potest.
3522 1520 3708 1597 Intel-

2056 1609 2204 1687 ligas
2234 1619 2433 1671 autem
2471 1612 2593 1673 haec
2627 1618 2827 1678 omnia
2863 1627 2920 1678 et
2942 1619 3109 1697 juxta
3155 1609 3441 1682 litteram.
3474 1618 3708 1685 Etenim

2056 1697 2388 1793 excidimus
2418 1719 2452 1761 a
2483 1700 2605 1763 Deo
2638 1711 2695 1763 et
2722 1714 2964 1783 propter
2984 1708 3175 1784 villas,
3210 1718 3269 1769 et
3300 1719 3547 1792 propter
3569 1714 3715 1793 juga

316 1799 423 1849 τῶν
479 1793 697 1873 ἀρότρου
730 1812 746 1870 ;
783 1820 809 1849 ι)
863 1787 919 1853 Ὀ
982 1794 1037 1851 δὲ
1080 1792 1164 1849 διὰ
1216 1795 1316 1861 τὴν
1360 1806 1590 1872 γδναῖκα
1619 1793 1912 1866 ἐκπίπτων,
1947 1794 1975 1847 6

2080 1806 2264 1861 ioum,
2300 1797 2357 1849 et
2389 1800 2631 1885 propter
2665 1795 2923 1885 nuptias.
2956 1786 3344 1863 Adhaerentes
3376 1786 3534 1862 enim
3569 1786 3708 1872 illis,

319 1879 603 1963 φιλήδονος
648 1882 738 1949 εἴη
770 1885 857 1957 ἂν,
889 1886 947 1948 ὃς
1073 1885 1225 1961 σαρκὶ
1269 1884 1338 1959 τῇ
1386 1884 1591 1961 συζύγῳ
1638 1883 1737 1950 τῆς
1790 1886 1975 1961 ψυχῇς

2080 1883 2118 1937 ιι
2150 1884 2333 1972 totam
2366 1877 2544 1939 vitam
2598 1881 2655 1972 in
2706 1898 2777 1943 ea
2818 1881 3262 1964 impendentes,
3318 1898 3375 1950 et
3420 1896 3609 1972 usque
3638 1890 3710 1951 ad

320 1944 720 2046 προστετηκὼς,
784 1976 871 2030 καὶ
916 1974 970 2030 ἐν
1010 1975 1146 2049 αὖτῇ
1203 1973 1299 2046 ὢν,
1362 1975 1437 2035 ὼς
1479 1972 1757 2039 κολληθεὶς
1815 1972 1971 2047 αὐτῇ,

2080 1966 2408 2045 languinem
2458 1971 2643 2030 vexati
2691 1980 2749 2032 et
2803 1944 3111 2057 excbriati,
3164 1977 3389 2039 nullum
3444 1944 3712 2040 dijvinum

322 2068 441 2135 Θεῳ
493 2061 675 2140 ἀρέσαι
726 2067 786 2122 οὗ
841 2062 1076 2125 δύναται,
1141 2063 1374 2131 Νοήσαις
1421 2061 1464 2117 δ’
1498 2060 1560 2117 ἂν
1590 2068 1753 2119 ταῦτα
1803 2060 1974 2116 πάντα

2080 2054 2148 2117 rel
2171 2039 2425 2116 sensum
2453 2058 2540 2119 vel
2571 2059 2816 2121 verbum
2850 2039 3182 2141 cogitam'us
3204 2067 3293 2127 vel
3325 2066 3712 2142 attendimus,

324 2152 415 2207 καὶ
442 2153 581 2207 κατὰ
610 2153 672 2208 τὸ
702 2153 862 2230 ῥητόν
901 2168 916 2186 ⁸
946 2154 1033 2211 καὶ
1062 2152 1161 2230 γὰρ
1205 2151 1529 2225 ὲκπίπτομεν
1556 2158 1650 2208 τοῦ
1688 2159 1820 2209 Θεοῦ
1847 2150 1938 2205 καὶ
1965 2146 2031 2203 δι’
2088 2146 2303 2225 ἀγροὺς,
2336 2152 2422 2202 καὶ
2452 2145 2535 2203 διὰ
2566 2152 2729 2228 ζεύγη
2761 2153 2925 2232 βοῶν,
2968 2157 3055 2211 καὶ
3089 2154 3172 2211 διά
3202 2158 3430 2238 γάμοις,
3462 2160 3712 2238 προσκεί-

326 2261 474 2313 μενοι
505 2240 601 2315 μὲν
629 2241 862 2322 τούτοις,
893 2244 981 2298 καὶ
1003 2242 1095 2297 τὸν
1123 2239 1331 2296 ἅπαντα
1362 2240 1473 2317 βίον
1506 2243 1579 2305 είς
1610 2247 1775 2296 ταῦτα
1824 2235 2186 2308 δαπανῶντες,
2222 2237 2309 2291 καί
2341 2258 2442 2291 που
2494 2241 2581 2295 καὶ
2611 2238 2770 2319 ἄχρις
2802 2240 3039 2317 αἱμάτων
3072 2242 3156 2300 διὰ
3183 2253 3345 2302 ταῦτα
3376 2246 3711 2328 ἐκτραχηλι-

324 2329 533 2404 ζὸμενοι
570 2348 582 2361 ·
617 2334 760 2386 θεῖον
793 2330 847 2387 δὲ
878 2328 1044 2397 μηδὲν
1073 2330 1110 2399 ἢ
1144 2330 1319 2405 νόημα
1349 2331 1384 2397 ἢ
1415 2330 1562 2407 ῥῆμα
1592 2328 1982 2421 διανοούμενοι,
2016 2325 2052 2393 ἢ
2085 2326 2497 2421 μετερχόμενοι.
2535 2417 2547 2421 Δ
2638 2416 2679 2421 _
2846 2418 2856 2421 Δ
3248 2414 3251 2421 ν

420 2442 444 2475 ι
504 2423 600 2477 Καὶ
659 2421 1088 2500 παραγενόμενος
1140 2422 1168 2475 6
1225 2418 1431 2500 δοῦλος,
1463 2418 1758 2513 ἀπήγγειλε
1787 2422 1864 2513 τῷ
1887 2438 1985 2473 κυ-

2149 2414 2333 2475 νιιιιε.
2360 2417 2572 2513 tit-‘14.
2590 2443 2611 2471 α
2637 2416 2707 2478 Et
2728 2418 2973 2482 veniens
3000 2440 3207 2485 servus
3227 2414 3330 2486 ille
3356 2428 3719 2513 renuntiavit

330 2511 425 2586 ρίιρ
481 2509 639 2566 αὐτοῦ
694 2517 880 2569 ταῦτα.
970 2509 1102 2567 Τότε
1177 2510 1440 2588 ὀργισθεὶς
1497 2510 1525 2564 6
1582 2506 1983 2593 οἰκοδεσπότης,

2080 2504 2195 2561 haec
2225 2501 2469 2565 domino
2501 2524 2632 2570 suo.
2662 2508 2827 2569 Tunc
2878 2509 3066 2573 iratus
3114 2501 3541 2593 paterfamilias
3571 2517 3721 2579 dixit

330 2599 458 2655 εἶπε
510 2603 587 2671 τῷ
637 2596 805 2670 δούλῳ
836 2599 995 2655 αὐτοῦ
1029 2614 1043 2628 ⁸
1078 2595 1313 2662 ’Ἔξελθε
1354 2595 1568 2675 ταχέως
1603 2598 1675 2660 εἷς
1717 2596 1811 2658 τὰς
1841 2592 1986 2650 πλα-

2080 2606 2241 2653 servo
2267 2608 2374 2652 suo
2401 2612 2414 2656 :
2452 2595 2559 2656 Exi
2583 2596 2699 2657 cito
2721 2596 2781 2657 in
2806 2598 3028 2678 plateas
3059 2592 3129 2661 et
3152 2602 3315 2663 vides
3353 2603 3625 2679 civitatis,
3662 2613 3721 2667 et

330 2688 496 2765 τείας,
534 2688 621 2743 καὶ
651 2687 819 2763 ῥύμας
860 2689 963 2754 τῆς
993 2685 1225 2755 πόλεως,
1286 2688 1374 2742 καὶ
1427 2685 1548 2747 τοὺς
1579 2684 1855 2764 πτωχοὺς,
1900 2682 1987 2769 καὶ

2080 2697 2363 2769 pauperes
2392 2701 2459 2743 ac
2480 2682 2736 2759 debiles,
2761 2687 3123 2769 claudosque
3153 2688 3210 2751 et
3236 2710 3424 2753 caecos
3443 2693 3720 2756 introduc

332 2778 661 2853 ἀναπήρους,
706 2778 793 2834 καὶ
844 2775 1087 2857 χωλοὺς,
1144 2776 1234 2831 καὶ
1282 2773 1504 2855 τυφλοὺς
1569 2773 1819 2864 εἰσάγαγε
1860 2768 1985 2864 ὧδε,

2080 2769 2209 2864 huc:
2246 2767 2315 2830 Et
2342 2769 2692 2864 ai_t_servus:
2731 2776 3006 2864 Domine,
3026 2767 3263 2840 tactum
3299 2789 3387 2842 est
3417 2790 3480 2843 ut
3518 2782 3718 2864 impe-

339 2867 435 2923 Καὶ
462 2869 616 2921 εἶπεν
647 2868 675 2921 6
704 2863 888 2929 δοῦλος
924 2883 940 2898 ⁸
973 2874 1149 2943 Κύριε,
1196 2863 1411 2942 γέγονεν
1449 2865 1524 2927 ὡς
1566 2861 1845 2929 ἐπέταξας,
1892 2861 1979 2916 καὶ

2080 2857 2227 2945 'asti.
2259 2868 2315 2919 et
2342 2859 2539 2922 adhuc
2560 2862 2726 2924 locus
2748 2875 2858 2928 est.
2884 2861 2959 2928 Et
2978 2868 3059 2929 ait
3079 2867 3359 2931 dominus
3380 2880 3581 2935 servo:
3607 2857 3717 2945 Exi

334 2954 410 3011 ἔτι
439 2954 603 3017 τόπος
663 2954 774 3013 ἐστί
807 2972 821 2985 ⁸
870 2956 958 3011 καὶ
1002 2954 1155 3011 εἶπεν
1202 2957 1229 3009 6
1256 2954 1433 3032 κύριος
1463 2954 1594 3033 πρὸς
1624 2951 1715 3007 τᾶν
1743 2949 1925 3006 δοῦλον
1961 2972 1978 2985 ο

2080 2964 2125 3005 .n
2159 2944 2279 3007 vias
2308 2952 2369 3010 et
2392 2966 2589 3029 sepes,
2617 2960 2674 3011 et
2699 2954 2991 3033 compelle
3032 2955 3281 3035 intrare,
3316 2967 3376 3019 ut
3405 2960 3719 3040 impleatur

338 3043 565 3109 ’Ἔξελθε
611 3047 684 3109 εἷς
736 3046 829 3109 τὰς
866 3044 1040 3123 ὁδοὺς,
1085 3044 1174 3100 καὶ
1222 3043 1521 3122 φραγμοὺς,
1568 3043 1655 3098 καὶ
1685 3040 1983 3117 ἀνάγκασον

2080 3033 2285 3095 domus
2317 3055 2470 3100 mea.
2498 3038 2641 3100 Dico
2661 3040 2822 3102 enim
2850 3043 3042 3125 vobis,
3073 3046 3229 3127 quod
3262 3033 3435 3109 nemo
3456 3033 3714 3111 virorum

345 3133 620 3207 εἰσελθεῖν,
668 3133 759 3189 ’ἕνα
807 3136 1032 3213 γεμισθῇ
1066 3136 1094 3189 6
1124 3133 1279 3194 οἶκός
1322 3154 1423 3208 μου
1460 3148 1473 3161 ”
1512 3130 1654 3209 λέγω
1699 3130 1799 3230 γάρ
1829 3131 1981 3230 ὑμῖν,

2080 3123 2312 3184 illorum
2348 3130 2445 3205 qui
2499 3128 2682 3189 vocati
2716 3140 2848 3192 sunt
2880 3123 3134 3210 gustabit
3166 3153 3393 3196 orenam
3431 3155 3647 3201 meam.
3684 3163 3714 3196 ι

346 3223 429 3279 ὅτι
488 3221 651 3288 ούδεὶς
722 3229 825 3280 τῶν
910 3221 1109 3301 ἀνδρῶν
1194 3222 1406 3278 ἐκείνων
1486 3226 1592 3276 τῶν
1648 3218 1993 3295 κεκλημένων

2080 3212 2307 3305 Abjecti
2329 3224 2467 3305 sunt
2499 3215 2799 3298 principes
2818 3221 3183 3305 Judzeorum,
3209 3233 3268 3284 et
3289 3225 3484 3286 nullus
3510 3245 3581 3289 ex
3602 3225 3725 3288 illis

346 3314 592 3389 γεύσεταί
650 3336 752 3385 μου
821 3313 916 3370 τοῦ
983 3310 1216 3372 δείπνου.
1267 3334 1291 3369 ιι
1360 3309 1748 3390 Ἀπερρίφησαν
1806 3309 1901 3385 μὲν
1948 3311 1995 3363 οἱ

340 3402 598 3483 ἄρχοντες
657 3407 763 3458 τῶν
820 3399 1109 3481 Ἰουδαίων,
1170 3402 1255 3457 οιαὶ
1326 3398 1491 3465 οὐδεὶς
1535 3398 1596 3455 ἐκ
1646 3399 1842 3455 τούτων
1872 3398 1997 3454 επί-

343 3513 528 3548 στευσε
553 3495 632 3566 τῷ
678 3492 911 3571 Χριστῷ,
943 3493 1015 3555 ὡς
1045 3492 1134 3547 καὶ
1164 3492 1311 3547 αὐτοὶ
1361 3490 1728 3569 ἐνεκαυχῶντο
1777 3489 1844 3563 τῇ
1891 3509 1994 3543 κα-

346 3582 459 3654 κίᾳ,
523 3582 611 3649 Μὴ
653 3581 777 3659 γὰρ,
834 3582 985 3661 φησὶ,
1043 3585 1150 3636 τῶν
1219 3580 1500 3660 ἀρχόντων
1556 3600 1637 3643 τις
1696 3577 1997 3633 ἐπίστευσεν

352 3672 425 3733 είς
489 3670 644 3726 αῦτὸν
679 3686 695 3743 ;
754 3677 908 3726 Οὗτοι
941 3668 1035 3743 μὲν
1090 3671 1178 3724 οὖν
1229 3671 1275 3725 οἱ
1319 3671 1669 3744 νομομαθετς,
1697 3668 1785 3723 καὶ
1816 3672 1997 3744 Γραμ-

346 3759 567 3836 ματεῖς,
626 3759 697 3821 ὥς
759 3781 922 3837 φησιν
988 3760 1016 3814 ὁ
1094 3760 1403 3837 προφήτης,
1469 3755 1829 3835 μωρανθέντες
1882 3753 1996 3821 ἑξέ-

348 3869 511 3905 πεσον
561 3852 662 3915 τῆς
725 3848 955 3927 χάριτος
990 3864 1006 3880 ’
1054 3848 1100 3904 οἱ
1145 3844 1199 3902 δὲ
1243 3846 1303 3902 ἐκ
1343 3852 1450 3903 τῶν
1489 3843 1752 3903 Ἰουδαίων
1798 3842 1999 3901 ἰδιῶται

350 3936 582 4017 χωλοῖς,
646 3939 737 3995 καὶ
782 3935 1031 4017 τυφλοῖς,
1090 3938 1178 3993 καὶ
1227 3938 1518 4015 ἀναπήροις
1565 3934 1997 4015 ἆπεικαζόμενοι,

475 4007 626 4104 μωρά
683 4034 777 4084 τοῦ
833 4007 1059 4103 κόσμου,
1116 4027 1204 4082 καὶ
1254 4030 1301 4082 οἱ
1349 4023 1774 4098 ἐξουδενωμένοι,
1856 4031 1999 4081 οῦτοι

351 4114 675 4186 ἰκλήθησαν.
730 4107 786 4174 Ὀ
843 4116 942 4195 γὰρ
997 4114 1163 4196 ὄχλος
1240 4113 1526 4192 ἐθαύμαζεν
1582 4114 1666 4170 ἐπὶ
1724 4127 1843 4177 τοῖς
1900 4111 1998 4169 λό-

350 4228 469 4283 γιιις
529 4210 629 4272 τῆς
688 4206 911 4285 χάριτος
967 4217 1086 4268 τοῖς
1117 4204 1556 4281 ἐκπορευομένοις
1583 4202 1643 4258 ὲκ
1669 4209 1763 4259 τοῦ
1791 4203 2001 4277 στόμα-

348 4316 441 4358 τος
496 4302 589 4351 τοῦ
645 4293 844 4373 Ἰησοῦ,
891 4296 983 4351 καὶ
1033 4293 1251 4374 ἔχαιρον
1301 4296 1370 4369 τῇ
1425 4291 1755 4365 διδασκαλίᾳ.
1792 4290 1918 4347 Μεθ’
1973 4294 2001 4348 ὃ

2078 3301 2332 3364 credidit
2363 3304 2596 3367 Christo
2622 3308 2721 3387 qui
2750 3301 3257 3388 gloriabantur'in
3292 3314 3535 3378 malitia.
3567 3312 3721 3378 Num

2080 3391 2233 3472 quia,
2261 3390 2473 3474 inquit,
2502 3394 2837 3477 principum
2871 3400 3124 3462 credidit
3163 3402 3222 3463 in
3252 3403 3433 3464 eum?
3465 3404 3725 3467 Proinde

2079 3482 2239 3543 docti
2265 3482 2322 3542 in
2348 3483 2476 3561 lege
2494 3503 2561 3545 ac
2585 3484 2832 3561 Scriba},
2861 3498 2922 3549 ut
2958 3493 3244 3570 propheta
3265 3492 3429 3567 dicit,
3457 3494 3725 3555 infamati

2080 3570 2327 3648 gratiam
2359 3573 2688 3636 amiserunt
2722 3597 2733 3633 :
2771 3575 2972 3641 idiota:
2996 3589 3194 3641 autem
3237 3599 3308 3642 ex
3351 3581 3595 3658 Judaeis,
3627 3584 3728 3663 qui

2083 3659 2257 3721 caecis
2280 3669 2338 3723 et
2359 3664 2585 3724 claudis
2610 3672 2667 3726 et
2689 3664 2991 3728 debilibus
3020 3678 3541 3750 comparantur,et
3560 3659 3727 3735 stulti

2083 3759 2219 3812 sunt
2244 3750 2418 3830 hujus
2437 3753 2734 3832 mundi,et
2754 3754 2903 3817 mire
2922 3757 3339 3839 contetnpti,hi
3357 3761 3544 3822 vocati
3566 3764 3725 3831 sunt.

2084 3840 2303 3930 'I‘urbm
2325 3839 2482 3930 enim
2503 3841 2954 3930 admirabantur
2976 3864 3156 3929 super
3179 3849 3364 3926 gratia
3381 3858 3512 3930 quae
3531 3851 3605 3911 de
3625 3856 3731 3913 ore

2078 3926 2221 3989 Iesu
2235 3928 3105 4021 procedebanetgaudebantin
3117 3926 3417 3999 doctrina.-
3418 3932 3731 4021 Postquam

2083 4029 2285 4079 autem
2308 4018 2677 4080 intraverunt
2702 4022 3207 4099 Israelitze,electi,
3225 4018 3645 4113 inquam,quos
3672 4029 3735 4089 in

2084 4108 2331 4187 gloriam
2363 4127 2532 4169 suam
2568 4112 3223 4190 praedestinarat‘ﬂeus,
3248 4117 3456 4196 quales
3493 4108 3737 4180 fuerunt

2085 4195 2291 4257 Petrus
2315 4206 2370 4257 et
2398 4198 2505 4257 ﬁlii
2534 4197 2827 4289 Zebedt‘ei,
2857 4210 2915 4261 et
2949 4203 3131 4264 multa
3164 4195 3279 4264 alia
3312 4205 3496 4266 millia
3525 4214 3735 4289 eorum

2086 4286 2626 4366 qui-crediderunt,
2664 4288 2999 4367 benignitas
3051 4290 3153 4353 Dei
3205 4293 3380 4354 etiam
3435 4293 3495 4355 in
3526 4286 3737 4374 gentes

349 4383 405 4441 δὲ
464 4383 704 4451 εἰσῆλθον
751 4392 893 4441 οῦτοι
952 4386 997 4440 οἱ
1057 4382 1109 4449 ἐξ
1181 4381 1421 4462 Ἰσραὴλ,
1480 4384 1515 4450 ἡ
1575 4379 1802 4461 ἐκλογὴ,
1833 4382 1995 4461 φημὶ,

2087 4375 2299 4435 diﬁ‘use
2329 4378 2584 4465 est.ilfer
2606 4376 2715 4438 hos
2736 4378 2896 4439 enim
2929 4380 3026 4458 qui
3053 4379 3112 4440 in
3135 4381 3229 4442 via
3261 4390 3318 4444 et
3349 4376 3509 4462 apud"
3534 4394 3733 4465 sepes,

351 4476 441 4536 οὒς
492 4476 520 4529 6
576 4475 706 4536 Θεὸς
762 4475 1056 4553 προώρισεν
1087 4474 1159 4537 εἰς
1191 4456 1341 4538 δόξαν
1399 4456 1578 4545 αὐτοῦ,
1611 4472 1664 4526 οἳ
1719 4456 1861 4537 ἦσαν
1892 4470 1995 4525 Πέ-

2089 4473 2296 4542 gentes
2328 4463 2727 4543 intelligendaa
2758 4476 2918 4529 sunt.
2948 4456 3245 4531 Israelita;
3287 4456 3446 4533 enim
3498 4456 3739 4535 fuerunt

349 4585 497 4642 τρος,
558 4564 647 4619 καὶ
705 4565 751 4619 oi
808 4568 901 4619 τοῦ
960 4559 1256 4641 Ζεϐεδαίου,
1301 4562 1390 4617 καὶ
1446 4563 1496 4617 αί
1553 4559 1735 4618 λοιπαὶ
1760 4557 2005 4639 μυριάδες

357 4654 465 4711 τῶν
522 4652 945 4732 πιστευσάντων,
1002 4653 1037 4720 ἡ
1096 4651 1363 4730 ἀγαθότης
1416 4656 1509 4707 τοῦ
1565 4655 1695 4707 Θεοῦ
1724 4651 1810 4706 καὶ
1840 4651 1913 4712 είς
1943 4649 2008 4705 τὰ

352 4742 478 4810 ἔθνη
534 4744 919 4821 ὑπερεκχεῖται
952 4760 969 4777 ⁶
1024 4742 1072 4797 οἱ
1131 4741 1231 4820 γάρ
1285 4739 1339 4795 ἐν
1388 4752 1511 4804 ταῖς
1558 4737 1728 4819 ὁδοῖς,
1774 4739 2007 4801 καὶτοῖς

353 4845 648 4912 φραγμοῖς,
708 4832 774 4887 τά
845 4830 969 4897 ἔθνη
1019 4833 1285 4898 νοηθεῖεν.
1376 4830 1436 4886 Οἱ
1513 4829 1612 4904 μὲν
1674 4826 2005 4905 Ἰσραηλῖται

356 4921 502 4987 ἐντὸς
560 4921 697 4989 ἦσαν
750 4924 848 4989 τῆς
904 4918 1115 4983 πόλεως
1201 4917 1293 4997 ᾅτε
1362 4920 1451 4975 καὶ
1509 4917 1823 4993 ναμοθεσίαν
1852 4914 2006 4982 δεξά-

359 5030 534 5086 μενοι,
580 5013 667 5067 καὶ
724 5008 1061 5087 ἀστειοτέραν
1135 5005 1407 5087 διαγωγὴν
1459 5006 1724 5087 λαχόντες
1764 5027 1778 5044 ο
1832 5007 1899 5065 τὰ
1954 5002 2008 5061 δὲ

357 5097 480 5166 am
524 5098 643 5164 ξένα
690 5105 797 5156 τῶν
874 5096 1141 5165 διαθηκῶν
1198 5095 1348 5173 ὄντα,
1409 5098 1497 5153 καὶ
1554 5093 2008 5175 ἀπηλλοτριωμέ-

356 5211 434 5253 νοι
492 5193 592 5255 τῆς
648 5191 959 5264 νομοθεσίας
1017 5193 1112 5244 τοῦ
1170 5193 1420 5266 Χριστοῦ,
1451 5186 1649 5261 καὶμὴ
1681 5183 2008 5257 συμπολῖται

358 5277 507 5341 ὄντες
564 5284 672 5334 τῶν
714 5278 879 5355 ἁγίων
936 5277 1033 5333 οὐκ
1082 5274 1140 5330 ἒν
1170 5282 1269 5351 μιᾷ
1298 5272 1424 5350 ὁδιῖι,
1457 5274 1594 5331 ἀλλά
1625 5273 1857 5338 πολλαῖς
1914 5279 2011 5341 τῆς

356 5368 578 5444 ἀνομίας
635 5369 725 5424 καὶ
783 5366 1058 5446 ἀγροικίας
1116 5361 1394 5444 διέτριϐον,
1452 5367 1541 5422 καὶ
1592 5363 1646 5419 ἐν
1704 5367 1822 5426 τοῖς
1870 5385 2008 5441 φρα-

357 5471 548 5538 γμοῖς,
604 5469 729 5521 ταῖς
778 5457 1083 5537 ἁμαρτίαις,
1131 5455 1271 5536 φημί
1300 5471 1313 5485 ⁸
1361 5457 1395 5524 ἡ
1450 5455 1549 5533 γὰρ
1580 5452 1810 5533 ἁμαρτία
1841 5452 2009 5530 μέγας

357 5550 622 5628 φραγμὸς,
655 5548 745 5604 ml
774 5546 1097 5626 μεσότοιχον
1143 5543 1363 5603 δι’ίστῶν
1414 5547 1558 5621 ἡμᾶς
1591 5543 1697 5601 ἀπὸ
1726 5548 1823 5599 τοῦ
1850 5548 2006 5606 Θεοῦ,

434 5679 498 5729 68
528 5679 713 5744 Eccli.
749 5694 955 5760 χχχιιι,
985 5677 1087 5742 26.

678 5804 943 5865 Parem"
988 5802 1103 5864 Gn.
1150 5798 1422 5864 CXXIII.

2086 4554 2245 4614 intra
2265 4553 2584 4635 civitatem,
2609 4562 2673 4615 ut
2703 4556 2805 4636 qui
2836 4557 3022 4636 legem
3056 4570 3466 4641 susceperant,
3500 4560 3736 4623 civilia-

2090 4661 2217 4704 rem
2252 4643 2424 4703 vitam
2456 4644 2674 4708 sortiti.
2707 4647 2978 4709 Gentiles
3013 4666 3201 4709 veroa
3223 4650 3593 4712 testamentis
3623 4657 3682 4712 et
3706 4668 3741 4711 a

2092 4731 2224 4811 lege
2256 4733 2363 4795 Dei
2383 4733 2769 4809 alienierant,
2798 4744 2857 4797 et
2886 4755 3003 4797 non
3028 4736 3161 4799 facti
3196 4739 3355 4802 cives
3371 4748 3737 4812 sanctorum,

2092 4840 2203 4883 nec
2224 4822 2283 4882 in
2309 4840 2426 4883 una
2447 4822 2671 4895 via,sed
2694 4824 2752 4884 in
2774 4824 2974 4887 multis
3000 4825 3329 4908 iniquitatis
3354 4828 3460 4892 viis
3489 4842 3545 4891 et
3567 4827 3741 4891 rusti-

2092 4912 2288 4973 citatis
2320 4911 2710 4974 versabantur
2731 4933 2744 4947 ·
2784 4923 2842 4975 et
2870 4915 3024 4996 apud
3059 4934 3257 5000 sepes,
3285 4927 3526 5000 peccata
3557 4919 3691 4980 dico
3722 4938 3737 4979 :

2094 5013 2403 5081 peccatum
2437 5000 2595 5061 enim
2630 5018 2841 5079 magna
2888 5022 3064 5085 sepes
3096 5015 3211 5081 est,
3256 5017 3314 5069 et
3355 5006 3741 5070 interstitium‘

2093 5089 2367 5151 dividens
2390 5107 2497 5150 nos
2544 5107 2578 5148 a
2624 5089 2767 5152 Deo.
2822 5092 2932 5152 l’er
2970 5093 3093 5156 vias
3150 5095 3372 5177 itaque,
3425 5096 3743 5178 pe'cunia‘m'

2093 5179 2400 5257 gentilium
2426 5178 2598 5239 vitam
2632 5188 2689 5240 et
2720 5179 2778 5240 in
2810 5181 3021 5242 multas
3061 5183 3377 5246 dissecta'm
3425 5185 3748 5267 opiniones

2095 5269 2393 5348 intelligit:
2416 5287 2521 5349 per
2541 5286 2720 5349 sepes
2739 5271 3086 5344 vero,vitam
3110 5273 3349 5337 illorum
3373 5275 3434 5337 in
3458 5274 3743 5357 peccatis.

2095 5358 2224 5421 Non
2265 5359 2618 5439 simpliciter
2662 5367 2857 5420 autem
2901 5360 3074 5439 jubet
3121 5362 3255 5424 illos
3303 5375 3560 5427 vocar’e:
3611 5364 3746 5442 sed,

2095 5448 2422 5530 Compelte,
2452 5447 2681 5530 iuquit:
2719 5449 2986 5530 quamvis
3011 5450 3408 5515 voluntarium
3440 5454 3519 5515 sit
3546 5453 3745 5515 omni-

2097 5540 2205 5600 bus
2233 5538 2502 5599 credere.
2537 5540 2834 5602 Cteterum
2877 5546 2939 5600 ut
2971 5539 3233 5603 Sciamus
3264 5540 3499 5622 magna!
3517 5541 3750 5604 virtutis

3324 5801 3430 5867 30.
