  <div class='ocr_page' id='page_1' title='image "/cluster/home/n/w/nwhite01/storage/ocr_20150623/123:no.1/coo.31924054870286/477.png"; bbox 0 0 4202 6398; ppageno 0'>
   <div class='ocr_carea' id='block_1_1' title="bbox 486 350 605 417">
    <p class='ocr_par' dir='ltr' id='par_1_1' title="bbox 486 350 605 417">
     <span class='ocr_line' id='line_1_1' title="bbox 486 350 605 417; baseline -0.017 -1"><span class='ocrx_word' id='word_1_1' title='bbox 486 350 605 417; x_wconf 84' lang='grc'><strong>939</strong></span> 
     </span>
    </p>
   </div>
   <div class='ocr_carea' id='block_1_2' title="bbox 1456 348 2905 421">
    <p class='ocr_par' dir='ltr' id='par_1_2' title="bbox 1456 348 2905 421">
     <span class='ocr_line' id='line_1_2' title="bbox 1456 348 2905 421; baseline -0.003 0"><span class='ocrx_word' id='word_1_2' title='bbox 1456 350 2053 421; x_wconf 84' lang='lat' dir='ltr'><strong>THEOPHYLACTI</strong></span> <span class='ocrx_word' id='word_1_3' title='bbox 2092 354 2504 420; x_wconf 69' lang='lat' dir='ltr'><strong>BULGARI/E</strong></span> <span class='ocrx_word' id='word_1_4' title='bbox 2546 348 2905 420; x_wconf 82' lang='lat' dir='ltr'><strong>ARCHIEP.</strong></span> 
     </span>
    </p>
   </div>
   <div class='ocr_carea' id='block_1_3' title="bbox 3757 346 3881 415">
    <p class='ocr_par' dir='ltr' id='par_1_3' title="bbox 3757 346 3881 415">
     <span class='ocr_line' id='line_1_3' title="bbox 3757 346 3881 415; baseline 0.008 -1"><span class='ocrx_word' id='word_1_5' title='bbox 3757 346 3881 415; x_wconf 82' lang='grc'><strong>940</strong></span> 
     </span>
    </p>
   </div>
   <div class='ocr_carea' id='block_1_4' title="bbox 486 484 2142 573">
    <p class='ocr_par' dir='ltr' id='par_1_4' title="bbox 486 491 2142 573">
     <span class='ocr_line' id='line_1_4' title="bbox 486 491 2142 573; baseline 0 -19"><span class='ocrx_word' id='word_1_6' title='bbox 486 491 597 554; x_wconf 89' lang='lat' dir='ltr'><strong>Dei</strong></span> <span class='ocrx_word' id='word_1_7' title='bbox 629 511 762 554; x_wconf 90' lang='lat' dir='ltr'><strong>esse</strong></span> <span class='ocrx_word' id='word_1_8' title='bbox 796 492 1123 554; x_wconf 86' lang='lat' dir='ltr'><strong>credidisse</strong></span> <span class='ocrx_word' id='word_1_9' title='bbox 1144 502 1349 571; x_wconf 85' lang='lat' dir='ltr'><strong>gentes</strong></span> <span class='ocrx_word' id='word_1_10' title='bbox 1371 492 1432 554; x_wconf 93' lang='lat' dir='ltr'><strong>in</strong></span> <span class='ocrx_word' id='word_1_11' title='bbox 1457 501 1620 555; x_wconf 88' lang='lat' dir='ltr'><strong>tanta</strong></span> <span class='ocrx_word' id='word_1_12' title='bbox 1640 503 1950 555; x_wconf 77' lang='lat' dir='ltr'><strong>versantes</strong></span> <span class='ocrx_word' id='word_1_13' title='bbox 1978 494 2142 573; x_wconf 90' lang='lat' dir='ltr'><strong>igno-</strong></span> 
     </span>
    </p>
   </div>
   <div class='ocr_carea' id='block_1_5' title="bbox 2226 484 3875 573">
    <p class='ocr_par' dir='ltr' id='par_1_5' title="bbox 2227 484 3875 565">
     <span class='ocr_line' id='line_1_5' title="bbox 2227 484 3875 565; baseline -0.004 -19"><span class='ocrx_word' id='word_1_14' title='bbox 2227 491 2335 556; x_wconf 77' lang='grc' dir='ltr'>Τὴν</span> <span class='ocrx_word' id='word_1_15' title='bbox 2367 486 2615 556; x_wconf 84' lang='grc' dir='ltr'>κτηνώδη</span> <span class='ocrx_word' id='word_1_16' title='bbox 2670 490 2759 545; x_wconf 80' lang='grc' dir='ltr'><strong>οὖν</strong></span> <span class='ocrx_word' id='word_1_17' title='bbox 2814 494 2922 543; x_wconf 82' lang='grc' dir='ltr'>τῶν</span> <span class='ocrx_word' id='word_1_18' title='bbox 2983 487 3143 545; x_wconf 75' lang='grc' dir='ltr'>ἐθνῶν</span> <span class='ocrx_word' id='word_1_19' title='bbox 3198 484 3499 565; x_wconf 81' lang='grc' dir='ltr'>διαγωγὴν,</span> <span class='ocrx_word' id='word_1_20' title='bbox 3548 488 3635 541; x_wconf 84' lang='grc' dir='ltr'><strong>καὶ</strong></span> <span class='ocrx_word' id='word_1_21' title='bbox 3673 486 3744 547; x_wconf 86' lang='grc' dir='ltr'>εἷς</span> <span class='ocrx_word' id='word_1_22' title='bbox 3782 486 3875 547; x_wconf 78' lang='grc' dir='ltr'>τὰς</span> 
     </span>
    </p>
   </div>
   <div class='ocr_carea' id='block_1_6' title="bbox 487 580 2141 663">
    <p class='ocr_par' dir='ltr' id='par_1_6' title="bbox 487 580 2141 663">
     <span class='ocr_line' id='line_1_6' title="bbox 487 580 2141 663; baseline 0.002 -22"><span class='ocrx_word' id='word_1_23' title='bbox 487 583 702 655; x_wconf 80' lang='lat' dir='ltr'><strong>rantia,</strong></span> <span class='ocrx_word' id='word_1_24' title='bbox 749 582 881 643; x_wconf 91' lang='lat' dir='ltr'><strong>ideo</strong></span> <span class='ocrx_word' id='word_1_25' title='bbox 920 580 1110 643; x_wconf 83' lang='lat' dir='ltr'><strong>dixit:</strong></span> <span class='ocrx_word' id='word_1_26' title='bbox 1155 580 1484 662; x_wconf 91' lang='lat' dir='ltr'><strong>Compelle.</strong></span> <span class='ocrx_word' id='word_1_27' title='bbox 1542 583 1670 647; x_wconf 88' lang='lat' dir='ltr'><strong>Nisi</strong></span> <span class='ocrx_word' id='word_1_28' title='bbox 1719 583 1877 644; x_wconf 92' lang='lat' dir='ltr'><strong>enim</strong></span> <span class='ocrx_word' id='word_1_29' title='bbox 1931 603 2141 663; x_wconf 83' lang='lat' dir='ltr'><strong>magna</strong></span> 
     </span>
    </p>
   </div>
   <div class='ocr_carea' id='block_1_7' title="bbox 493 669 2144 750">
    <p class='ocr_par' dir='ltr' id='par_1_7' title="bbox 493 669 2144 750">
     <span class='ocr_line' id='line_1_7' title="bbox 493 669 2144 750; baseline 0.002 -20"><span class='ocrx_word' id='word_1_30' title='bbox 493 672 632 733; x_wconf 72' lang='lat'><strong>598</strong></span> <span class='ocrx_word' id='word_1_31' title='bbox 662 671 867 732; x_wconf 78' lang='lat' dir='ltr'><strong>fuisset</strong></span> <span class='ocrx_word' id='word_1_32' title='bbox 899 670 1028 749; x_wconf 88' lang='lat' dir='ltr'><strong>ejus</strong></span> <span class='ocrx_word' id='word_1_33' title='bbox 1056 669 1160 750; x_wconf 88' lang='lat' dir='ltr'><strong>qui</strong></span> <span class='ocrx_word' id='word_1_34' title='bbox 1183 671 1621 750; x_wconf 76' lang='lat' dir='ltr'><strong>przedicabatur</strong></span> <span class='ocrx_word' id='word_1_35' title='bbox 1641 673 2144 750; x_wconf 81' lang='lat' dir='ltr'><strong>virtus,etmagna</strong></span> 
     </span>
    </p>
   </div>
   <div class='ocr_carea' id='block_1_8' title="bbox 488 758 2143 841">
    <p class='ocr_par' dir='ltr' id='par_1_8' title="bbox 488 758 2143 841">
     <span class='ocr_line' id='line_1_8' title="bbox 488 758 2143 841; baseline 0.002 -21"><span class='ocrx_word' id='word_1_36' title='bbox 488 761 651 822; x_wconf 82' lang='lat' dir='ltr'><strong>verbi</strong></span> <span class='ocrx_word' id='word_1_37' title='bbox 701 759 938 837; x_wconf 88' lang='lat' dir='ltr'><strong>veritas,</strong></span> <span class='ocrx_word' id='word_1_38' title='bbox 976 758 1273 839; x_wconf 93' lang='lat' dir='ltr'><strong>quomodo</strong></span> <span class='ocrx_word' id='word_1_39' title='bbox 1310 762 1577 841; x_wconf 85' lang='lat' dir='ltr'><strong>persuasi</strong></span> <span class='ocrx_word' id='word_1_40' title='bbox 1628 771 1826 823; x_wconf 84' lang='lat' dir='ltr'><strong>essent</strong></span> <span class='ocrx_word' id='word_1_41' title='bbox 1870 763 2143 824; x_wconf 89' lang='lat' dir='ltr'><strong>homines</strong></span> 
     </span>
    </p>
   </div>
   <div class='ocr_carea' id='block_1_9' title="bbox 488 848 2143 933">
    <p class='ocr_par' dir='ltr' id='par_1_9' title="bbox 488 848 2143 933">
     <span class='ocr_line' id='line_1_9' title="bbox 488 848 2143 933; baseline 0.001 -22"><span class='ocrx_word' id='word_1_42' title='bbox 488 852 547 911; x_wconf 89' lang='lat' dir='ltr'><strong>in</strong></span> <span class='ocrx_word' id='word_1_43' title='bbox 582 849 875 910; x_wconf 85' lang='lat' dir='ltr'><strong>idolorum</strong></span> <span class='ocrx_word' id='word_1_44' title='bbox 912 849 1072 909; x_wconf 90' lang='lat' dir='ltr'><strong>cultu</strong></span> <span class='ocrx_word' id='word_1_45' title='bbox 1102 848 1471 911; x_wconf 77' lang='lat' dir='ltr'><strong>insanientes</strong></span> <span class='ocrx_word' id='word_1_46' title='bbox 1488 860 1547 912; x_wconf 90' lang='lat' dir='ltr'><strong>et</strong></span> <span class='ocrx_word' id='word_1_47' title='bbox 1564 852 1717 913; x_wconf 71' lang='lat' dir='ltr'><strong>fmda</strong></span> <span class='ocrx_word' id='word_1_48' title='bbox 1735 862 2143 933; x_wconf 88' lang='lat' dir='ltr'><strong>operantes,ut</strong></span> 
     </span>
    </p>
   </div>
   <div class='ocr_carea' id='block_1_10' title="bbox 490 938 2137 1022">
    <p class='ocr_par' dir='ltr' id='par_1_10' title="bbox 490 938 2137 1022">
     <span class='ocr_line' id='line_1_10' title="bbox 490 938 2137 1022; baseline 0.002 -21"><span class='ocrx_word' id='word_1_49' title='bbox 490 948 738 1020; x_wconf 89' lang='lat' dir='ltr'><strong>repente</strong></span> <span class='ocrx_word' id='word_1_50' title='bbox 769 947 1161 1017; x_wconf 82' lang='lat' dir='ltr'><strong>agnoscerent</strong></span> <span class='ocrx_word' id='word_1_51' title='bbox 1186 957 1386 1000; x_wconf 90' lang='lat' dir='ltr'><strong>verum</strong></span> <span class='ocrx_word' id='word_1_52' title='bbox 1424 938 1632 1013; x_wconf 90' lang='lat' dir='ltr'><strong>Deum,</strong></span> <span class='ocrx_word' id='word_1_53' title='bbox 1669 951 1726 1003; x_wconf 91' lang='lat' dir='ltr'><strong>et</strong></span> <span class='ocrx_word' id='word_1_54' title='bbox 1772 941 2137 1022; x_wconf 90' lang='lat' dir='ltr'><strong>spiritualem</strong></span> 
     </span>
    </p>
   </div>
   <div class='ocr_carea' id='block_1_11' title="bbox 420 1028 2132 1108">
    <p class='ocr_par' dir='ltr' id='par_1_11' title="bbox 420 1028 2132 1108">
     <span class='ocr_line' id='line_1_11' title="bbox 420 1028 2132 1108; baseline 0 -15"><span class='ocrx_word' id='word_1_55' title='bbox 420 1036 423 1037; x_wconf 63' lang='grc'><strong><em>⁷</em></strong></span> <span class='ocrx_word' id='word_1_56' title='bbox 489 1030 805 1108; x_wconf 76' lang='lat' dir='ltr'><strong>diligerent</strong></span> <span class='ocrx_word' id='word_1_57' title='bbox 839 1028 1009 1089; x_wconf 88' lang='lat' dir='ltr'><strong>vitam</strong></span> <span class='ocrx_word' id='word_1_58' title='bbox 1042 1030 1070 1088; x_wconf 84' lang='lat'><strong>?</strong></span> <span class='ocrx_word' id='word_1_59' title='bbox 1118 1028 1299 1107; x_wconf 86' lang='lat' dir='ltr'><strong>Igitur</strong></span> <span class='ocrx_word' id='word_1_60' title='bbox 1338 1029 1751 1091; x_wconf 83' lang='lat' dir='ltr'><strong>admirabilem</strong></span> <span class='ocrx_word' id='word_1_61' title='bbox 1803 1032 2132 1093; x_wconf 84' lang='lat' dir='ltr'><strong>translatio-</strong></span> 
     </span>
    </p>
   </div>
   <div class='ocr_carea' id='block_1_12' title="bbox 488 1116 2138 1202">
    <p class='ocr_par' dir='ltr' id='par_1_12' title="bbox 488 1116 2138 1202">
     <span class='ocr_line' id='line_1_12' title="bbox 488 1116 2138 1202; baseline 0 -21"><span class='ocrx_word' id='word_1_62' title='bbox 488 1139 624 1181; x_wconf 89' lang='lat' dir='ltr'><strong>nem</strong></span> <span class='ocrx_word' id='word_1_63' title='bbox 671 1118 1009 1197; x_wconf 84' lang='lat' dir='ltr'><strong>signiﬁcare</strong></span> <span class='ocrx_word' id='word_1_64' title='bbox 1057 1116 1283 1191; x_wconf 89' lang='lat' dir='ltr'><strong>volens,</strong></span> <span class='ocrx_word' id='word_1_65' title='bbox 1334 1119 1747 1180; x_wconf 89' lang='lat' dir='ltr'><strong>necessitatem</strong></span> <span class='ocrx_word' id='word_1_66' title='bbox 1791 1119 2138 1202; x_wconf 80' lang='lat' dir='ltr'><strong>nominavit,</strong></span> 
     </span>
    </p>
   </div>
   <div class='ocr_carea' id='block_1_13' title="bbox 490 1206 2140 1290">
    <p class='ocr_par' dir='ltr' id='par_1_13' title="bbox 490 1206 2140 1290">
     <span class='ocr_line' id='line_1_13' title="bbox 490 1206 2140 1290; baseline 0.001 -20"><span class='ocrx_word' id='word_1_67' title='bbox 490 1208 657 1290; x_wconf 90' lang='lat' dir='ltr'><strong>quasi</strong></span> <span class='ocrx_word' id='word_1_68' title='bbox 686 1206 1069 1286; x_wconf 90' lang='lat' dir='ltr'><strong>diceretquis</strong></span> <span class='ocrx_word' id='word_1_69' title='bbox 1097 1228 1109 1268; x_wconf 89' lang='lat'>:</span> <span class='ocrx_word' id='word_1_70' title='bbox 1143 1207 1407 1268; x_wconf 83' lang='lat' dir='ltr'><strong>Gentiles</strong></span> <span class='ocrx_word' id='word_1_71' title='bbox 1440 1210 1611 1269; x_wconf 90' lang='lat' dir='ltr'><strong>etiam</strong></span> <span class='ocrx_word' id='word_1_72' title='bbox 1633 1209 1792 1270; x_wconf 93' lang='lat' dir='ltr'><strong>idola</strong></span> <span class='ocrx_word' id='word_1_73' title='bbox 1810 1223 1868 1270; x_wconf 90' lang='lat' dir='ltr'><strong>et</strong></span> <span class='ocrx_word' id='word_1_74' title='bbox 1895 1209 2140 1272; x_wconf 87' lang='lat' dir='ltr'><strong>delicias</strong></span> 
     </span>
    </p>
   </div>
   <div class='ocr_carea' id='block_1_14' title="bbox 489 1298 2137 1379">
    <p class='ocr_par' dir='ltr' id='par_1_14' title="bbox 489 1298 2137 1379">
     <span class='ocr_line' id='line_1_14' title="bbox 489 1298 2137 1379; baseline 0.001 -18"><span class='ocrx_word' id='word_1_75' title='bbox 489 1298 834 1379; x_wconf 82' lang='lat' dir='ltr'><strong>relinquere</strong></span> <span class='ocrx_word' id='word_1_76' title='bbox 866 1298 1160 1376; x_wconf 85' lang='lat' dir='ltr'><strong>nolentes,</strong></span> <span class='ocrx_word' id='word_1_77' title='bbox 1201 1314 1234 1357; x_wconf 92' lang='lat' dir='ltr'><strong>a</strong></span> <span class='ocrx_word' id='word_1_78' title='bbox 1272 1298 1692 1375; x_wconf 59' lang='lat' dir='ltr'><strong>pradicatione</strong></span> <span class='ocrx_word' id='word_1_79' title='bbox 1738 1308 1931 1361; x_wconf 89' lang='lat' dir='ltr'><strong>tamen</strong></span> <span class='ocrx_word' id='word_1_80' title='bbox 1981 1301 2137 1363; x_wconf 90' lang='lat' dir='ltr'><strong>veri-</strong></span> 
     </span>
    </p>
   </div>
   <div class='ocr_carea' id='block_1_15' title="bbox 491 1386 2141 1467">
    <p class='ocr_par' dir='ltr' id='par_1_15' title="bbox 491 1386 2141 1467">
     <span class='ocr_line' id='line_1_15' title="bbox 491 1386 2141 1467; baseline 0.002 -17"><span class='ocrx_word' id='word_1_81' title='bbox 491 1390 627 1450; x_wconf 88' lang='lat' dir='ltr'><strong>tatis</strong></span> <span class='ocrx_word' id='word_1_82' title='bbox 659 1406 728 1449; x_wconf 90' lang='lat' dir='ltr'><strong>ea</strong></span> <span class='ocrx_word' id='word_1_83' title='bbox 755 1388 1096 1467; x_wconf 88' lang='lat' dir='ltr'><strong>relinquere</strong></span> <span class='ocrx_word' id='word_1_84' title='bbox 1120 1386 1305 1447; x_wconf 82' lang='lat' dir='ltr'><strong>coacti</strong></span> <span class='ocrx_word' id='word_1_85' title='bbox 1333 1397 1491 1450; x_wconf 93' lang='lat' dir='ltr'><strong>sunt.</strong></span> <span class='ocrx_word' id='word_1_86' title='bbox 1528 1388 1633 1449; x_wconf 85' lang='lat' dir='ltr'><strong>Vel</strong></span> <span class='ocrx_word' id='word_1_87' title='bbox 1665 1389 1838 1450; x_wconf 88' lang='lat' dir='ltr'><strong>aliter</strong></span> <span class='ocrx_word' id='word_1_88' title='bbox 1874 1410 1886 1449; x_wconf 90' lang='lat'><strong>:</strong></span> <span class='ocrx_word' id='word_1_89' title='bbox 1936 1390 2141 1453; x_wconf 89' lang='lat' dir='ltr'><strong>Virtus</strong></span> 
     </span>
    </p>
   </div>
   <div class='ocr_carea' id='block_1_16' title="bbox 493 1475 2141 1557">
    <p class='ocr_par' dir='ltr' id='par_1_16' title="bbox 493 1475 2141 1557">
     <span class='ocr_line' id='line_1_16' title="bbox 493 1475 2141 1557; baseline 0.002 -18"><span class='ocrx_word' id='word_1_90' title='bbox 493 1478 800 1557; x_wconf 87' lang='lat' dir='ltr'><strong>signorum</strong></span> <span class='ocrx_word' id='word_1_91' title='bbox 822 1494 1092 1554; x_wconf 85' lang='lat' dir='ltr'><strong>magnam</strong></span> <span class='ocrx_word' id='word_1_92' title='bbox 1115 1475 1399 1535; x_wconf 73' lang='lat' dir='ltr'><strong>afferebat</strong></span> <span class='ocrx_word' id='word_1_93' title='bbox 1415 1478 1829 1539; x_wconf 86' lang='lat' dir='ltr'><strong>necessitatem</strong></span> <span class='ocrx_word' id='word_1_94' title='bbox 1865 1488 1927 1540; x_wconf 93' lang='lat' dir='ltr'><strong>ut</strong></span> <span class='ocrx_word' id='word_1_95' title='bbox 1952 1488 2141 1543; x_wconf 86' lang='lat' dir='ltr'><strong>trans-</strong></span> 
     </span>
    </p>
   </div>
   <div class='ocr_carea' id='block_1_17' title="bbox 492 1563 2143 1646">
    <p class='ocr_par' dir='ltr' id='par_1_17' title="bbox 492 1563 2143 1646">
     <span class='ocr_line' id='line_1_17' title="bbox 492 1563 2143 1646; baseline 0.001 -17"><span class='ocrx_word' id='word_1_96' title='bbox 492 1569 794 1629; x_wconf 85' lang='lat' dir='ltr'><strong>ferrentur</strong></span> <span class='ocrx_word' id='word_1_97' title='bbox 821 1564 893 1626; x_wconf 91' lang='lat' dir='ltr'><strong>ad</strong></span> <span class='ocrx_word' id='word_1_98' title='bbox 927 1563 1104 1624; x_wconf 82' lang='lat' dir='ltr'><strong>fidem</strong></span> <span class='ocrx_word' id='word_1_99' title='bbox 1144 1563 1385 1625; x_wconf 84' lang='lat' dir='ltr'><strong>Christi.</strong></span> <span class='ocrx_word' id='word_1_100' title='bbox 1422 1566 1495 1626; x_wconf 89' lang='lat' dir='ltr'><strong>Et</strong></span> <span class='ocrx_word' id='word_1_101' title='bbox 1544 1567 1810 1646; x_wconf 89' lang='lat' dir='ltr'><strong>quotidie</strong></span> <span class='ocrx_word' id='word_1_102' title='bbox 1843 1586 2013 1629; x_wconf 63' lang='lat' dir='ltr'><strong>caena</strong></span> <span class='ocrx_word' id='word_1_103' title='bbox 2042 1570 2143 1631; x_wconf 90' lang='lat' dir='ltr'><strong>illa</strong></span> 
     </span>
    </p>
   </div>
   <div class='ocr_carea' id='block_1_18' title="bbox 494 1654 2141 1738">
    <p class='ocr_par' dir='ltr' id='par_1_18' title="bbox 494 1654 2141 1738">
     <span class='ocr_line' id='line_1_18' title="bbox 494 1654 2141 1738; baseline 0.001 -21"><span class='ocrx_word' id='word_1_104' title='bbox 494 1662 881 1738; x_wconf 65' lang='lat' dir='ltr'><strong>praeparatur,</strong></span> <span class='ocrx_word' id='word_1_105' title='bbox 914 1662 971 1714; x_wconf 92' lang='lat' dir='ltr'><strong>et</strong></span> <span class='ocrx_word' id='word_1_106' title='bbox 1002 1671 1275 1713; x_wconf 89' lang='lat' dir='ltr'><strong>vocamur</strong></span> <span class='ocrx_word' id='word_1_107' title='bbox 1305 1672 1514 1715; x_wconf 87' lang='lat' dir='ltr'><strong>omnes</strong></span> <span class='ocrx_word' id='word_1_108' title='bbox 1563 1654 1633 1715; x_wconf 88' lang='lat' dir='ltr'><strong>ad</strong></span> <span class='ocrx_word' id='word_1_109' title='bbox 1678 1675 1929 1733; x_wconf 83' lang='lat' dir='ltr'><strong>regnum</strong></span> <span class='ocrx_word' id='word_1_110' title='bbox 1980 1659 2141 1738; x_wconf 89' lang='lat' dir='ltr'><strong>quod</strong></span> 
     </span>
    </p>
   </div>
   <div class='ocr_carea' id='block_1_19' title="bbox 494 1740 2136 1823">
    <p class='ocr_par' dir='ltr' id='par_1_19' title="bbox 494 1740 2136 1823">
     <span class='ocr_line' id='line_1_19' title="bbox 494 1740 2136 1823; baseline 0.002 -17"><span class='ocrx_word' id='word_1_111' title='bbox 494 1745 650 1806; x_wconf 88' lang='lat' dir='ltr'><strong>Deus</strong></span> <span class='ocrx_word' id='word_1_112' title='bbox 674 1742 1021 1823; x_wconf 67' lang='lat' dir='ltr'><strong>praeparavit</strong></span> <span class='ocrx_word' id='word_1_113' title='bbox 1051 1748 1187 1801; x_wconf 91' lang='lat' dir='ltr'><strong>ante</strong></span> <span class='ocrx_word' id='word_1_114' title='bbox 1214 1740 1421 1802; x_wconf 90' lang='lat' dir='ltr'><strong>mundi</strong></span> <span class='ocrx_word' id='word_1_115' title='bbox 1454 1743 1744 1821; x_wconf 88' lang='lat' dir='ltr'><strong>originem</strong></span> <span class='ocrx_word' id='word_1_116' title='bbox 1772 1744 2136 1810; x_wconf 88' lang='lat' dir='ltr'><strong>hominibus:</strong></span> 
     </span>
    </p>
   </div>
   <div class='ocr_carea' id='block_1_20' title="bbox 490 1832 2139 1913">
    <p class='ocr_par' dir='ltr' id='par_1_20' title="bbox 490 1832 2139 1913">
     <span class='ocr_line' id='line_1_20' title="bbox 490 1832 2139 1913; baseline 0.001 -18"><span class='ocrx_word' id='word_1_117' title='bbox 490 1836 596 1897; x_wconf 93' lang='lat' dir='ltr'><strong>sed</strong></span> <span class='ocrx_word' id='word_1_118' title='bbox 628 1834 727 1895; x_wconf 87' lang='lat' dir='ltr'><strong>alii</strong></span> <span class='ocrx_word' id='word_1_119' title='bbox 778 1832 1016 1913; x_wconf 89' lang='lat' dir='ltr'><strong>quidem</strong></span> <span class='ocrx_word' id='word_1_120' title='bbox 1074 1839 1317 1910; x_wconf 85' lang='lat' dir='ltr'><strong>propter</strong></span> <span class='ocrx_word' id='word_1_121' title='bbox 1362 1832 1667 1911; x_wconf 86' lang='lat' dir='ltr'><strong>sapientiae</strong></span> <span class='ocrx_word' id='word_1_122' title='bbox 1715 1834 2139 1911; x_wconf 80' lang='lat' dir='ltr'><strong>curiositatem,</strong></span> 
     </span>
    </p>
   </div>
   <div class='ocr_carea' id='block_1_21' title="bbox 493 1924 2141 2003">
    <p class='ocr_par' dir='ltr' id='par_1_21' title="bbox 493 1924 2141 2003">
     <span class='ocr_line' id='line_1_21' title="bbox 493 1924 2141 2003; baseline 0.001 -18"><span class='ocrx_word' id='word_1_123' title='bbox 493 1925 590 1986; x_wconf 88' lang='lat' dir='ltr'><strong>alii</strong></span> <span class='ocrx_word' id='word_1_124' title='bbox 623 1942 759 1984; x_wconf 86' lang='lat' dir='ltr'><strong>vero</strong></span> <span class='ocrx_word' id='word_1_125' title='bbox 788 1930 1032 2002; x_wconf 87' lang='lat' dir='ltr'><strong>propter</strong></span> <span class='ocrx_word' id='word_1_126' title='bbox 1081 1938 1283 1980; x_wconf 90' lang='lat' dir='ltr'><strong>rerum</strong></span> <span class='ocrx_word' id='word_1_127' title='bbox 1320 1927 1695 1983; x_wconf 86' lang='lat' dir='ltr'><strong>terrenarum</strong></span> <span class='ocrx_word' id='word_1_128' title='bbox 1729 1924 2141 2003; x_wconf 72' lang='lat' dir='ltr'><strong>cupiditatem,</strong></span> 
     </span>
    </p>
   </div>
   <div class='ocr_carea' id='block_1_22' title="bbox 492 2010 2149 2091">
    <p class='ocr_par' dir='ltr' id='par_1_22' title="bbox 492 2010 2149 2091">
     <span class='ocr_line' id='line_1_22' title="bbox 492 2010 2149 2091; baseline 0 -14"><span class='ocrx_word' id='word_1_129' title='bbox 492 2014 591 2076; x_wconf 86' lang='lat' dir='ltr'><strong>alii</strong></span> <span class='ocrx_word' id='word_1_130' title='bbox 649 2022 843 2073; x_wconf 87' lang='lat' dir='ltr'><strong>autem</strong></span> <span class='ocrx_word' id='word_1_131' title='bbox 910 2020 1151 2091; x_wconf 88' lang='lat' dir='ltr'><strong>propter</strong></span> <span class='ocrx_word' id='word_1_132' title='bbox 1209 2010 1610 2073; x_wconf 88' lang='lat' dir='ltr'><strong>carnalitatem</strong></span> <span class='ocrx_word' id='word_1_133' title='bbox 1671 2032 1789 2074; x_wconf 87' lang='lat' dir='ltr'><strong>non</strong></span> <span class='ocrx_word' id='word_1_134' title='bbox 1845 2032 2149 2077; x_wconf 87' lang='lat' dir='ltr'><strong>meremur</strong></span> 
     </span>
    </p>
   </div>
   <div class='ocr_carea' id='block_1_23' title="bbox 486 2099 2146 2181">
    <p class='ocr_par' dir='ltr' id='par_1_23' title="bbox 486 2099 2146 2181">
     <span class='ocr_line' id='line_1_23' title="bbox 486 2099 2146 2181; baseline 0.001 -17"><span class='ocrx_word' id='word_1_135' title='bbox 486 2102 661 2175; x_wconf 76' lang='lat' dir='ltr'><strong>illud.</strong></span> <span class='ocrx_word' id='word_1_136' title='bbox 696 2103 770 2164; x_wconf 88' lang='lat' dir='ltr'><strong>At</strong></span> <span class='ocrx_word' id='word_1_137' title='bbox 806 2101 913 2164; x_wconf 91' lang='lat' dir='ltr'><strong>Dei</strong></span> <span class='ocrx_word' id='word_1_138' title='bbox 968 2099 1382 2160; x_wconf 87' lang='lat' dir='ltr'><strong>misericordia</strong></span> <span class='ocrx_word' id='word_1_139' title='bbox 1428 2100 1560 2161; x_wconf 89' lang='lat' dir='ltr'><strong>aliis</strong></span> <span class='ocrx_word' id='word_1_140' title='bbox 1594 2103 2007 2181; x_wconf 81' lang='lat' dir='ltr'><strong>peccatoribus</strong></span> <span class='ocrx_word' id='word_1_141' title='bbox 2033 2108 2146 2167; x_wconf 88' lang='lat' dir='ltr'><strong>hoc</strong></span> 
     </span>
    </p>
   </div>
   <div class='ocr_carea' id='block_1_24' title="bbox 494 2187 2146 2272">
    <p class='ocr_par' dir='ltr' id='par_1_24' title="bbox 494 2187 2146 2272">
     <span class='ocr_line' id='line_1_24' title="bbox 494 2187 2146 2272; baseline 0.002 -20"><span class='ocrx_word' id='word_1_142' title='bbox 494 2191 759 2270; x_wconf 81' lang='lat' dir='ltr'><strong>largitur,</strong></span> <span class='ocrx_word' id='word_1_143' title='bbox 794 2190 893 2270; x_wconf 92' lang='lat' dir='ltr'><strong>qui</strong></span> <span class='ocrx_word' id='word_1_144' title='bbox 926 2188 1067 2251; x_wconf 78' lang='lat' dir='ltr'><strong>caeci</strong></span> <span class='ocrx_word' id='word_1_145' title='bbox 1094 2187 1453 2250; x_wconf 87' lang='lat' dir='ltr'><strong>mentalibus</strong></span> <span class='ocrx_word' id='word_1_146' title='bbox 1503 2190 1689 2251; x_wconf 89' lang='lat' dir='ltr'><strong>oculis</strong></span> <span class='ocrx_word' id='word_1_147' title='bbox 1721 2200 1885 2272; x_wconf 88' lang='lat' dir='ltr'><strong>sunt,</strong></span> <span class='ocrx_word' id='word_1_148' title='bbox 1919 2203 1978 2255; x_wconf 90' lang='lat' dir='ltr'><strong>et</strong></span> <span class='ocrx_word' id='word_1_149' title='bbox 2028 2214 2146 2256; x_wconf 91' lang='lat' dir='ltr'><strong>non</strong></span> 
     </span>
    </p>
   </div>
   <div class='ocr_carea' id='block_1_25' title="bbox 491 2277 2148 2363">
    <p class='ocr_par' dir='ltr' id='par_1_25' title="bbox 491 2277 2148 2363">
     <span class='ocr_line' id='line_1_25' title="bbox 491 2277 2148 2363; baseline 0.002 -21"><span class='ocrx_word' id='word_1_150' title='bbox 491 2281 830 2359; x_wconf 90' lang='lat' dir='ltr'><strong>intelligunt</strong></span> <span class='ocrx_word' id='word_1_151' title='bbox 873 2296 1007 2358; x_wconf 57' lang='lat' dir='ltr'><strong>quas</strong></span> <span class='ocrx_word' id='word_1_152' title='bbox 1054 2279 1129 2338; x_wconf 91' lang='lat' dir='ltr'><strong>sit</strong></span> <span class='ocrx_word' id='word_1_153' title='bbox 1169 2277 1437 2339; x_wconf 82' lang='lat' dir='ltr'><strong>voluntas</strong></span> <span class='ocrx_word' id='word_1_154' title='bbox 1484 2279 1615 2354; x_wconf 89' lang='lat' dir='ltr'><strong>Dei,</strong></span> <span class='ocrx_word' id='word_1_155' title='bbox 1667 2280 1755 2340; x_wconf 90' lang='lat' dir='ltr'><strong>vel</strong></span> <span class='ocrx_word' id='word_1_156' title='bbox 1810 2281 2148 2363; x_wconf 87' lang='lat' dir='ltr'><strong>intelligunt</strong></span> 
     </span>
    </p>
   </div>
   <div class='ocr_carea' id='block_1_26' title="bbox 492 2364 2146 2450">
    <p class='ocr_par' dir='ltr' id='par_1_26' title="bbox 492 2364 2146 2450">
     <span class='ocr_line' id='line_1_26' title="bbox 492 2364 2146 2450; baseline 0.004 -21"><span class='ocrx_word' id='word_1_157' title='bbox 492 2370 757 2450; x_wconf 86' lang='lat' dir='ltr'><strong>quidem,</strong></span> <span class='ocrx_word' id='word_1_158' title='bbox 785 2367 887 2429; x_wconf 91' lang='lat' dir='ltr'><strong>sed</strong></span> <span class='ocrx_word' id='word_1_159' title='bbox 915 2364 1109 2427; x_wconf 86' lang='lat' dir='ltr'><strong>claudi</strong></span> <span class='ocrx_word' id='word_1_160' title='bbox 1140 2375 1298 2439; x_wconf 94' lang='lat' dir='ltr'><strong>sunt,</strong></span> <span class='ocrx_word' id='word_1_161' title='bbox 1328 2374 1386 2427; x_wconf 84' lang='lat' dir='ltr'><strong>et</strong></span> <span class='ocrx_word' id='word_1_162' title='bbox 1412 2367 1485 2427; x_wconf 91' lang='lat' dir='ltr'><strong>ad</strong></span> <span class='ocrx_word' id='word_1_163' title='bbox 1507 2372 1876 2448; x_wconf 82' lang='lat' dir='ltr'><strong>operandum</strong></span> <span class='ocrx_word' id='word_1_164' title='bbox 1910 2373 2058 2434; x_wconf 90' lang='lat' dir='ltr'><strong>tardi</strong></span> <span class='ocrx_word' id='word_1_165' title='bbox 2077 2392 2146 2436; x_wconf 93' lang='lat' dir='ltr'><strong>ac</strong></span> 
     </span>
    </p>
   </div>
   <div class='ocr_carea' id='block_1_27' title="bbox 491 2454 2143 2540">
    <p class='ocr_par' dir='ltr' id='par_1_27' title="bbox 491 2454 2143 2540">
     <span class='ocr_line' id='line_1_27' title="bbox 491 2454 2143 2540; baseline 0.003 -21"><span class='ocrx_word' id='word_1_166' title='bbox 491 2458 853 2537; x_wconf 87' lang='lat' dir='ltr'><strong>immobiles,</strong></span> <span class='ocrx_word' id='word_1_167' title='bbox 904 2464 963 2517; x_wconf 91' lang='lat' dir='ltr'><strong>et</strong></span> <span class='ocrx_word' id='word_1_168' title='bbox 1008 2454 1249 2516; x_wconf 90' lang='lat' dir='ltr'><strong>omnino</strong></span> <span class='ocrx_word' id='word_1_169' title='bbox 1309 2454 1540 2518; x_wconf 90' lang='lat' dir='ltr'><strong>debiles</strong></span> <span class='ocrx_word' id='word_1_170' title='bbox 1590 2476 1657 2519; x_wconf 92' lang='lat' dir='ltr'><strong>ac</strong></span> <span class='ocrx_word' id='word_1_171' title='bbox 1712 2477 2023 2540; x_wconf 76' lang='lat' dir='ltr'><strong>pauperes,</strong></span> <span class='ocrx_word' id='word_1_172' title='bbox 2074 2482 2143 2524; x_wconf 91' lang='lat' dir='ltr'><strong>eo</strong></span> 
     </span>
    </p>
   </div>
   <div class='ocr_carea' id='block_1_28' title="bbox 492 2544 2143 2628">
    <p class='ocr_par' dir='ltr' id='par_1_28' title="bbox 492 2544 2143 2628">
     <span class='ocr_line' id='line_1_28' title="bbox 492 2544 2143 2628; baseline 0.003 -20"><span class='ocrx_word' id='word_1_173' title='bbox 492 2546 645 2627; x_wconf 93' lang='lat' dir='ltr'><strong>quod</strong></span> <span class='ocrx_word' id='word_1_174' title='bbox 680 2564 936 2626; x_wconf 90' lang='lat' dir='ltr'><strong>superna</strong></span> <span class='ocrx_word' id='word_1_175' title='bbox 963 2544 1156 2624; x_wconf 84' lang='lat' dir='ltr'><strong>gloria</strong></span> <span class='ocrx_word' id='word_1_176' title='bbox 1185 2544 1738 2628; x_wconf 72' lang='lat' dir='ltr'><strong>exciderint,neque</strong></span> <span class='ocrx_word' id='word_1_177' title='bbox 1770 2550 2143 2614; x_wconf 87' lang='lat' dir='ltr'><strong>immaculata</strong></span> 
     </span>
    </p>
   </div>
   <div class='ocr_carea' id='block_1_29' title="bbox 495 2633 2141 2717">
    <p class='ocr_par' dir='ltr' id='par_1_29' title="bbox 495 2633 2141 2717">
     <span class='ocr_line' id='line_1_29' title="bbox 495 2633 2141 2717; baseline 0.002 -19"><span class='ocrx_word' id='word_1_178' title='bbox 495 2638 607 2699; x_wconf 91' lang='lat' dir='ltr'><strong>vita</strong></span> <span class='ocrx_word' id='word_1_179' title='bbox 638 2634 944 2716; x_wconf 89' lang='lat' dir='ltr'><strong>conspicui</strong></span> <span class='ocrx_word' id='word_1_180' title='bbox 976 2634 1215 2695; x_wconf 81' lang='lat' dir='ltr'><strong>fuerint.</strong></span> <span class='ocrx_word' id='word_1_181' title='bbox 1264 2633 1389 2695; x_wconf 90' lang='lat' dir='ltr'><strong>lllis</strong></span> <span class='ocrx_word' id='word_1_182' title='bbox 1420 2635 1595 2713; x_wconf 86' lang='lat' dir='ltr'><strong>igitur</strong></span> <span class='ocrx_word' id='word_1_183' title='bbox 1645 2640 2052 2717; x_wconf 87' lang='lat' dir='ltr'><strong>peccatoribus</strong></span> <span class='ocrx_word' id='word_1_184' title='bbox 2082 2642 2141 2702; x_wconf 93' lang='lat' dir='ltr'><strong>in</strong></span> 
     </span>
    </p>
   </div>
   <div class='ocr_carea' id='block_1_30' title="bbox 495 2724 2146 2808">
    <p class='ocr_par' dir='ltr' id='par_1_30' title="bbox 495 2724 2146 2808">
     <span class='ocr_line' id='line_1_30' title="bbox 495 2724 2146 2808; baseline 0.003 -21"><span class='ocrx_word' id='word_1_185' title='bbox 495 2727 627 2789; x_wconf 81' lang='lat' dir='ltr'><strong>latis</strong></span> <span class='ocrx_word' id='word_1_186' title='bbox 658 2746 726 2787; x_wconf 88' lang='lat' dir='ltr'><strong>ac</strong></span> <span class='ocrx_word' id='word_1_187' title='bbox 748 2724 1021 2804; x_wconf 77' lang='lat' dir='ltr'><strong>spatiosis</strong></span> <span class='ocrx_word' id='word_1_188' title='bbox 1044 2730 1421 2803; x_wconf 84' lang='lat' dir='ltr'><strong>peccatorum</strong></span> <span class='ocrx_word' id='word_1_189' title='bbox 1449 2724 1552 2785; x_wconf 88' lang='lat' dir='ltr'><strong>viis</strong></span> <span class='ocrx_word' id='word_1_190' title='bbox 1584 2726 1945 2808; x_wconf 87' lang='lat' dir='ltr'><strong>errantibus,</strong></span> <span class='ocrx_word' id='word_1_191' title='bbox 1967 2730 2146 2792; x_wconf 90' lang='lat' dir='ltr'><strong>mittit</strong></span> 
     </span>
    </p>
   </div>
   <div class='ocr_carea' id='block_1_31' title="bbox 2224 572 3873 653">
    <p class='ocr_par' dir='ltr' id='par_1_31' title="bbox 2224 572 3873 653">
     <span class='ocr_line' id='line_1_31' title="bbox 2224 572 3873 653; baseline -0.004 -18"><span class='ocrx_word' id='word_1_192' title='bbox 2224 577 2430 643; x_wconf 79' lang='grc' dir='ltr'>πολλὰς</span> <span class='ocrx_word' id='word_1_193' title='bbox 2476 577 2626 644; x_wconf 80' lang='grc' dir='ltr'>δόξας</span> <span class='ocrx_word' id='word_1_194' title='bbox 2674 577 3070 653; x_wconf 77' lang='grc' dir='ltr'><strong>μεμερισμένην</strong></span> <span class='ocrx_word' id='word_1_195' title='bbox 3130 578 3412 633; x_wconf 79' lang='grc' dir='ltr'>αἰνίττεται</span> <span class='ocrx_word' id='word_1_196' title='bbox 3462 574 3546 631; x_wconf 81' lang='grc' dir='ltr'>διὰ</span> <span class='ocrx_word' id='word_1_197' title='bbox 3584 576 3687 632; x_wconf 78' lang='grc' dir='ltr'>τῶν</span> <span class='ocrx_word' id='word_1_198' title='bbox 3717 572 3873 645; x_wconf 82' lang='grc' dir='ltr'>ὁδῶν,</span> 
     </span>
    </p>
   </div>
   <div class='ocr_carea' id='block_1_32' title="bbox 2222 663 3871 745">
    <p class='ocr_par' dir='ltr' id='par_1_32' title="bbox 2222 663 3871 745">
     <span class='ocr_line' id='line_1_32' title="bbox 2222 663 3871 745; baseline -0.003 -22"><span class='ocrx_word' id='word_1_199' title='bbox 2222 668 2322 735; x_wconf 74' lang='grc' dir='ltr'>τὴν</span> <span class='ocrx_word' id='word_1_200' title='bbox 2378 666 2433 724; x_wconf 77' lang='grc' dir='ltr'>δὲ</span> <span class='ocrx_word' id='word_1_201' title='bbox 2479 667 2531 723; x_wconf 83' lang='grc' dir='ltr'><strong>έν</strong></span> <span class='ocrx_word' id='word_1_202' title='bbox 2588 668 2868 744; x_wconf 81' lang='grc' dir='ltr'><strong>ἁμαρτίαις</strong></span> <span class='ocrx_word' id='word_1_203' title='bbox 2914 669 3084 723; x_wconf 66' lang='grc' dir='ltr'>αὐτῶν</span> <span class='ocrx_word' id='word_1_204' title='bbox 3129 668 3273 736; x_wconf 70' lang='grc' dir='ltr'>ζωὴν</span> <span class='ocrx_word' id='word_1_205' title='bbox 3321 663 3406 721; x_wconf 82' lang='grc' dir='ltr'><strong>διὰ</strong></span> <span class='ocrx_word' id='word_1_206' title='bbox 3433 672 3540 721; x_wconf 82' lang='grc' dir='ltr'><strong>τῶν</strong></span> <span class='ocrx_word' id='word_1_207' title='bbox 3570 670 3827 745; x_wconf 81' lang='grc' dir='ltr'>φραγμὼν</span> <span class='ocrx_word' id='word_1_208' title='bbox 3859 680 3871 692; x_wconf 91' lang='grc'>·</span> 
     </span>
    </p>
   </div>
   <div class='ocr_carea' id='block_1_33' title="bbox 2224 753 3879 833">
    <p class='ocr_par' dir='ltr' id='par_1_33' title="bbox 2224 753 3879 833">
     <span class='ocr_line' id='line_1_33' title="bbox 2224 753 3879 833; baseline -0.003 -19"><span class='ocrx_word' id='word_1_209' title='bbox 2224 761 2319 816; x_wconf 72' lang='grc' dir='ltr'>οὒκ</span> <span class='ocrx_word' id='word_1_210' title='bbox 2370 756 2555 821; x_wconf 67' lang='grc' dir='ltr'>ἅπλῶς</span> <span class='ocrx_word' id='word_1_211' title='bbox 2612 756 2667 813; x_wconf 78' lang='grc' dir='ltr'>δὲ</span> <span class='ocrx_word' id='word_1_212' title='bbox 2720 756 2925 812; x_wconf 82' lang='grc' dir='ltr'>κελεύει</span> <span class='ocrx_word' id='word_1_213' title='bbox 2953 757 3169 820; x_wconf 74' lang='grc' dir='ltr'>τούτους</span> <span class='ocrx_word' id='word_1_214' title='bbox 3200 754 3447 829; x_wconf 85' lang='grc' dir='ltr'>καλέσαι,</span> <span class='ocrx_word' id='word_1_215' title='bbox 3480 753 3617 811; x_wconf 79' lang='grc' dir='ltr'>ἀλλὰ</span> <span class='ocrx_word' id='word_1_216' title='bbox 3646 755 3879 833; x_wconf 78' lang='grc' dir='ltr'>ἀναγκά-</span> 
     </span>
    </p>
   </div>
   <div class='ocr_carea' id='block_1_34' title="bbox 2222 841 3876 925">
    <p class='ocr_par' dir='ltr' id='par_1_34' title="bbox 2222 841 3876 925">
     <span class='ocr_line' id='line_1_34' title="bbox 2222 841 3876 925; baseline -0.001 -24"><span class='ocrx_word' id='word_1_217' title='bbox 2222 868 2334 920; x_wconf 86' lang='grc' dir='ltr'>σαι,</span> <span class='ocrx_word' id='word_1_218' title='bbox 2382 849 2551 903; x_wconf 88' lang='grc' dir='ltr'>καίτοι</span> <span class='ocrx_word' id='word_1_219' title='bbox 2596 848 2965 925; x_wconf 80' lang='grc' dir='ltr'><strong>προαιρετικὸν</strong></span> <span class='ocrx_word' id='word_1_220' title='bbox 3021 846 3191 902; x_wconf 78' lang='grc' dir='ltr'>ἅπασι</span> <span class='ocrx_word' id='word_1_221' title='bbox 3249 848 3311 901; x_wconf 86' lang='grc' dir='ltr'>τὸ</span> <span class='ocrx_word' id='word_1_222' title='bbox 3368 847 3633 902; x_wconf 71' lang='grc' dir='ltr'><strong>πιστεύειν</strong></span> <span class='ocrx_word' id='word_1_223' title='bbox 3669 862 3682 874; x_wconf 92' lang='grc'><strong>·</strong></span> <span class='ocrx_word' id='word_1_224' title='bbox 3754 841 3876 899; x_wconf 82' lang='grc' dir='ltr'>ἀλλ’</span> 
     </span>
    </p>
   </div>
   <div class='ocr_carea' id='block_1_35' title="bbox 2220 931 3877 1013">
    <p class='ocr_par' dir='ltr' id='par_1_35' title="bbox 2220 931 3877 1013">
     <span class='ocr_line' id='line_1_35' title="bbox 2220 931 3877 1013; baseline 0 -24"><span class='ocrx_word' id='word_1_225' title='bbox 2220 934 2313 990; x_wconf 77' lang='grc' dir='ltr'>ἵνα</span> <span class='ocrx_word' id='word_1_226' title='bbox 2371 936 2646 1011; x_wconf 78' lang='grc' dir='ltr'><strong>μάθωμεν,</strong></span> <span class='ocrx_word' id='word_1_227' title='bbox 2709 934 2789 991; x_wconf 84' lang='grc' dir='ltr'>ὅτι</span> <span class='ocrx_word' id='word_1_228' title='bbox 2852 934 3094 1013; x_wconf 81' lang='grc' dir='ltr'>μεγάλης</span> <span class='ocrx_word' id='word_1_229' title='bbox 3153 942 3246 991; x_wconf 82' lang='grc' dir='ltr'><strong>τοῦ</strong></span> <span class='ocrx_word' id='word_1_230' title='bbox 3304 937 3437 991; x_wconf 74' lang='grc' dir='ltr'><strong>Θεοῦ</strong></span> <span class='ocrx_word' id='word_1_231' title='bbox 3466 931 3736 1009; x_wconf 84' lang='grc' dir='ltr'>δυνάμεως</span> <span class='ocrx_word' id='word_1_232' title='bbox 3769 956 3877 999; x_wconf 84' lang='grc' dir='ltr'><strong>ση-</strong></span> 
     </span>
    </p>
   </div>
   <div class='ocr_carea' id='block_1_36' title="bbox 2223 1022 3877 1101">
    <p class='ocr_par' dir='ltr' id='par_1_36' title="bbox 2223 1022 3877 1101">
     <span class='ocr_line' id='line_1_36' title="bbox 2223 1022 3877 1101; baseline -0.002 -21"><span class='ocrx_word' id='word_1_233' title='bbox 2223 1025 2377 1099; x_wconf 87' lang='grc' dir='ltr'>μεῖόν</span> <span class='ocrx_word' id='word_1_234' title='bbox 2437 1028 2549 1081; x_wconf 68' lang='grc' dir='ltr'>ἔστι</span> <span class='ocrx_word' id='word_1_235' title='bbox 2621 1026 2682 1081; x_wconf 83' lang='grc' dir='ltr'>τὸ</span> <span class='ocrx_word' id='word_1_236' title='bbox 2726 1031 3003 1081; x_wconf 81' lang='grc' dir='ltr'>πιστεῦσαι</span> <span class='ocrx_word' id='word_1_237' title='bbox 3055 1025 3122 1079; x_wconf 76' lang='grc' dir='ltr'><strong>τὰ</strong></span> <span class='ocrx_word' id='word_1_238' title='bbox 3172 1022 3294 1089; x_wconf 79' lang='grc' dir='ltr'>ἔθνη</span> <span class='ocrx_word' id='word_1_239' title='bbox 3322 1025 3583 1089; x_wconf 81' lang='grc' dir='ltr'><strong>τοσαύτην</strong></span> <span class='ocrx_word' id='word_1_240' title='bbox 3612 1023 3877 1101; x_wconf 81' lang='grc' dir='ltr'>ἀγνωσίαν</span> 
     </span>
    </p>
   </div>
   <div class='ocr_carea' id='block_1_37' title="bbox 2222 1108 3878 1192">
    <p class='ocr_par' dir='ltr' id='par_1_37' title="bbox 2222 1108 3878 1192">
     <span class='ocr_line' id='line_1_37' title="bbox 2222 1108 3878 1192; baseline -0.002 -24"><span class='ocrx_word' id='word_1_241' title='bbox 2222 1111 2443 1192; x_wconf 73' lang='grc' dir='ltr'>ἔχοντα,</span> <span class='ocrx_word' id='word_1_242' title='bbox 2462 1111 2547 1169; x_wconf 78' lang='grc' dir='ltr'>διὰ</span> <span class='ocrx_word' id='word_1_243' title='bbox 2570 1121 2721 1171; x_wconf 78' lang='grc' dir='ltr'>τοῦτο</span> <span class='ocrx_word' id='word_1_244' title='bbox 2738 1116 2914 1187; x_wconf 87' lang='grc' dir='ltr'>εἶπεν,</span> <span class='ocrx_word' id='word_1_245' title='bbox 2941 1112 3292 1190; x_wconf 83' lang='grc' dir='ltr'>Ἀνάγκασον.</span> <span class='ocrx_word' id='word_1_246' title='bbox 3322 1113 3381 1168; x_wconf 83' lang='grc' dir='ltr'><strong>Εἰ</strong></span> <span class='ocrx_word' id='word_1_247' title='bbox 3403 1111 3481 1187; x_wconf 78' lang='grc' dir='ltr'><strong>μὴ</strong></span> <span class='ocrx_word' id='word_1_248' title='bbox 3504 1112 3601 1189; x_wconf 78' lang='grc' dir='ltr'>γὰρ</span> <span class='ocrx_word' id='word_1_249' title='bbox 3619 1110 3685 1177; x_wconf 79' lang='grc' dir='ltr'>ἦν</span> <span class='ocrx_word' id='word_1_250' title='bbox 3701 1108 3878 1177; x_wconf 81' lang='grc' dir='ltr'>πολλὴ</span> 
     </span>
    </p>
   </div>
   <div class='ocr_carea' id='block_1_38' title="bbox 2220 1198 3879 1281">
    <p class='ocr_par' dir='ltr' id='par_1_38' title="bbox 2220 1198 3879 1281">
     <span class='ocr_line' id='line_1_38' title="bbox 2220 1198 3879 1281; baseline -0.001 -24"><span class='ocrx_word' id='word_1_251' title='bbox 2220 1209 2311 1258; x_wconf 69' lang='grc' dir='ltr'>τοῦ</span> <span class='ocrx_word' id='word_1_252' title='bbox 2366 1203 2762 1281; x_wconf 81' lang='grc' dir='ltr'>κηρυττομένου</span> <span class='ocrx_word' id='word_1_253' title='bbox 2831 1204 2865 1268; x_wconf 72' lang='grc' dir='ltr'><strong>ἡ</strong></span> <span class='ocrx_word' id='word_1_254' title='bbox 2952 1199 3192 1275; x_wconf 81' lang='grc' dir='ltr'>δύναμις,</span> <span class='ocrx_word' id='word_1_255' title='bbox 3279 1202 3371 1257; x_wconf 85' lang='grc' dir='ltr'><strong>καὶ</strong></span> <span class='ocrx_word' id='word_1_256' title='bbox 3428 1198 3637 1279; x_wconf 79' lang='grc' dir='ltr'>μεγάλῃ</span> <span class='ocrx_word' id='word_1_257' title='bbox 3696 1200 3731 1267; x_wconf 78' lang='grc' dir='ltr'><strong>ἢ</strong></span> <span class='ocrx_word' id='word_1_258' title='bbox 3786 1199 3879 1256; x_wconf 71' lang='grc' dir='ltr'><strong>τοῦ</strong></span> 
     </span>
    </p>
   </div>
   <div class='ocr_carea' id='block_1_39' title="bbox 2221 1287 3876 1368">
    <p class='ocr_par' dir='ltr' id='par_1_39' title="bbox 2221 1287 3876 1368">
     <span class='ocr_line' id='line_1_39' title="bbox 2221 1287 3876 1368; baseline -0.002 -21"><span class='ocrx_word' id='word_1_259' title='bbox 2221 1291 2382 1368; x_wconf 84' lang='grc' dir='ltr'>λόγου</span> <span class='ocrx_word' id='word_1_260' title='bbox 2449 1291 2695 1368; x_wconf 77' lang='grc' dir='ltr'>ἀλήθεια,</span> <span class='ocrx_word' id='word_1_261' title='bbox 2757 1298 2871 1355; x_wconf 79' lang='grc' dir='ltr'>πῶς</span> <span class='ocrx_word' id='word_1_262' title='bbox 2930 1290 2992 1346; x_wconf 80' lang='grc' dir='ltr'>ἂν</span> <span class='ocrx_word' id='word_1_263' title='bbox 3050 1290 3370 1356; x_wconf 63' lang='grc' dir='ltr'>ἐπείσθησαν</span> <span class='ocrx_word' id='word_1_264' title='bbox 3414 1289 3675 1363; x_wconf 77' lang='grc' dir='ltr'>ἅνθρωποι</span> <span class='ocrx_word' id='word_1_265' title='bbox 3720 1287 3876 1345; x_wconf 73' lang='grc' dir='ltr'>εἰδω-</span> 
     </span>
    </p>
   </div>
   <div class='ocr_carea' id='block_1_40' title="bbox 2222 1379 3877 1461">
    <p class='ocr_par' dir='ltr' id='par_1_40' title="bbox 2222 1379 3877 1461">
     <span class='ocr_line' id='line_1_40' title="bbox 2222 1379 3877 1461; baseline -0.002 -25"><span class='ocrx_word' id='word_1_266' title='bbox 2222 1380 2601 1461; x_wconf 72' lang='grc' dir='ltr'>λοιιανοῦντες,</span> <span class='ocrx_word' id='word_1_267' title='bbox 2660 1383 2746 1436; x_wconf 88' lang='grc' dir='ltr'><strong>καὶ</strong></span> <span class='ocrx_word' id='word_1_268' title='bbox 2815 1379 3293 1460; x_wconf 77' lang='grc' dir='ltr'>αἰσχρουργοῦντες</span> <span class='ocrx_word' id='word_1_269' title='bbox 3360 1379 3547 1458; x_wconf 82' lang='grc' dir='ltr'>ἀθρόον</span> <span class='ocrx_word' id='word_1_270' title='bbox 3592 1379 3877 1457; x_wconf 78' lang='grc' dir='ltr'>ἐπιγνῶναι</span> 
     </span>
    </p>
   </div>
   <div class='ocr_carea' id='block_1_41' title="bbox 2222 1468 3877 1544">
    <p class='ocr_par' dir='ltr' id='par_1_41' title="bbox 2222 1468 3877 1544">
     <span class='ocr_line' id='line_1_41' title="bbox 2222 1468 3877 1544; baseline -0.002 -18"><span class='ocrx_word' id='word_1_271' title='bbox 2222 1470 2312 1527; x_wconf 78' lang='grc' dir='ltr'>τὸν</span> <span class='ocrx_word' id='word_1_272' title='bbox 2357 1469 2523 1535; x_wconf 79' lang='grc' dir='ltr'>ὅντως</span> <span class='ocrx_word' id='word_1_273' title='bbox 2576 1472 2729 1543; x_wconf 73' lang='grc' dir='ltr'>Θεὸν,</span> <span class='ocrx_word' id='word_1_274' title='bbox 2788 1470 2877 1525; x_wconf 83' lang='grc' dir='ltr'><strong>καὶ</strong></span> <span class='ocrx_word' id='word_1_275' title='bbox 2918 1470 3277 1543; x_wconf 82' lang='grc' dir='ltr'>πνευματικὸν</span> <span class='ocrx_word' id='word_1_276' title='bbox 3321 1469 3433 1544; x_wconf 79' lang='grc' dir='ltr'>βίον</span> <span class='ocrx_word' id='word_1_277' title='bbox 3476 1468 3688 1525; x_wconf 76' lang='grc' dir='ltr'>τελέσαι</span> <span class='ocrx_word' id='word_1_278' title='bbox 3725 1486 3741 1540; x_wconf 84' lang='grc'><strong>;</strong></span> <span class='ocrx_word' id='word_1_279' title='bbox 3806 1470 3877 1524; x_wconf 82' lang='grc' dir='ltr'><strong>Τὸ</strong></span> 
     </span>
    </p>
   </div>
   <div class='ocr_carea' id='block_1_42' title="bbox 2224 1556 3873 1638">
    <p class='ocr_par' dir='ltr' id='par_1_42' title="bbox 2224 1556 3873 1638">
     <span class='ocr_line' id='line_1_42' title="bbox 2224 1556 3873 1638; baseline -0.001 -23"><span class='ocrx_word' id='word_1_280' title='bbox 2224 1561 2389 1615; x_wconf 86' lang='grc' dir='ltr'>τοίνυν</span> <span class='ocrx_word' id='word_1_281' title='bbox 2463 1556 2753 1638; x_wconf 80' lang='grc' dir='ltr'>παράδοξον</span> <span class='ocrx_word' id='word_1_282' title='bbox 2806 1559 2901 1625; x_wconf 76' lang='grc' dir='ltr'><strong>τὴς</strong></span> <span class='ocrx_word' id='word_1_283' title='bbox 2973 1557 3305 1633; x_wconf 73' lang='grc' dir='ltr'><strong>μεταθέσεως</strong></span> <span class='ocrx_word' id='word_1_284' title='bbox 3365 1556 3531 1613; x_wconf 80' lang='grc' dir='ltr'>θέλων</span> <span class='ocrx_word' id='word_1_285' title='bbox 3608 1557 3873 1636; x_wconf 81' lang='grc' dir='ltr'>δηλῶσαι,</span> 
     </span>
    </p>
   </div>
   <div class='ocr_carea' id='block_1_43' title="bbox 2226 1645 3876 1726">
    <p class='ocr_par' dir='ltr' id='par_1_43' title="bbox 2226 1645 3876 1726">
     <span class='ocr_line' id='line_1_43' title="bbox 2226 1645 3876 1726; baseline -0.002 -23"><span class='ocrx_word' id='word_1_286' title='bbox 2226 1647 2460 1726; x_wconf 72' lang='grc' dir='ltr'>ανάγκην</span> <span class='ocrx_word' id='word_1_287' title='bbox 2517 1650 2578 1704; x_wconf 84' lang='grc' dir='ltr'>τὸ</span> <span class='ocrx_word' id='word_1_288' title='bbox 2636 1654 2853 1725; x_wconf 83' lang='grc' dir='ltr'>πρᾶγμα</span> <span class='ocrx_word' id='word_1_289' title='bbox 2898 1646 3175 1722; x_wconf 72' lang='grc' dir='ltr'><strong>ὠνόμασεν</strong></span> <span class='ocrx_word' id='word_1_290' title='bbox 3211 1666 3221 1677; x_wconf 88' lang='grc'>·</span> <span class='ocrx_word' id='word_1_291' title='bbox 3258 1648 3331 1709; x_wconf 80' lang='grc' dir='ltr'>ὡς</span> <span class='ocrx_word' id='word_1_292' title='bbox 3378 1645 3439 1701; x_wconf 76' lang='grc' dir='ltr'>ἂν</span> <span class='ocrx_word' id='word_1_293' title='bbox 3484 1646 3631 1703; x_wconf 75' lang='grc' dir='ltr'>εἴποι</span> <span class='ocrx_word' id='word_1_294' title='bbox 3662 1668 3768 1721; x_wconf 83' lang='grc' dir='ltr'>τις,</span> <span class='ocrx_word' id='word_1_295' title='bbox 3796 1646 3876 1702; x_wconf 82' lang='grc' dir='ltr'>ὅτι</span> 
     </span>
    </p>
   </div>
   <div class='ocr_carea' id='block_1_44' title="bbox 2226 1734 3879 1815">
    <p class='ocr_par' dir='ltr' id='par_1_44' title="bbox 2226 1734 3879 1815">
     <span class='ocr_line' id='line_1_44' title="bbox 2226 1734 3879 1815; baseline -0.002 -20"><span class='ocrx_word' id='word_1_296' title='bbox 2226 1739 2314 1795; x_wconf 78' lang='grc' dir='ltr'><strong>καὶ</strong></span> <span class='ocrx_word' id='word_1_297' title='bbox 2370 1738 2448 1813; x_wconf 78' lang='grc' dir='ltr'>μὴ</span> <span class='ocrx_word' id='word_1_298' title='bbox 2506 1736 2820 1813; x_wconf 85' lang='grc' dir='ltr'>βουλόμενοι</span> <span class='ocrx_word' id='word_1_299' title='bbox 2866 1739 2913 1793; x_wconf 82' lang='grc' dir='ltr'><strong>οἱ</strong></span> <span class='ocrx_word' id='word_1_300' title='bbox 2958 1735 3241 1802; x_wconf 76' lang='grc' dir='ltr'>’Ἕλληνες</span> <span class='ocrx_word' id='word_1_301' title='bbox 3287 1735 3503 1815; x_wconf 84' lang='grc' dir='ltr'>ἀφεῖναι</span> <span class='ocrx_word' id='word_1_302' title='bbox 3546 1737 3611 1791; x_wconf 79' lang='grc' dir='ltr'>τὰ</span> <span class='ocrx_word' id='word_1_303' title='bbox 3654 1734 3879 1815; x_wconf 83' lang='grc' dir='ltr'>εἴδωλα,</span> 
     </span>
    </p>
   </div>
   <div class='ocr_carea' id='block_1_45' title="bbox 2230 1822 3881 1907">
    <p class='ocr_par' dir='ltr' id='par_1_45' title="bbox 2230 1822 3881 1907">
     <span class='ocr_line' id='line_1_45' title="bbox 2230 1822 3881 1907; baseline -0.001 -24"><span class='ocrx_word' id='word_1_304' title='bbox 2230 1829 2317 1883; x_wconf 86' lang='grc' dir='ltr'><strong>καὶ</strong></span> <span class='ocrx_word' id='word_1_305' title='bbox 2373 1827 2470 1893; x_wconf 76' lang='grc' dir='ltr'><strong>τὴν</strong></span> <span class='ocrx_word' id='word_1_306' title='bbox 2514 1826 2737 1907; x_wconf 72' lang='grc' dir='ltr'>τρυφὴν,</span> <span class='ocrx_word' id='word_1_307' title='bbox 2784 1824 2932 1901; x_wconf 79' lang='grc' dir='ltr'>ὅμως</span> <span class='ocrx_word' id='word_1_308' title='bbox 2976 1828 3078 1882; x_wconf 73' lang='grc' dir='ltr'>ὑπὸ</span> <span class='ocrx_word' id='word_1_309' title='bbox 3120 1827 3220 1891; x_wconf 75' lang='grc' dir='ltr'>τῆς</span> <span class='ocrx_word' id='word_1_310' title='bbox 3273 1822 3523 1891; x_wconf 82' lang='grc' dir='ltr'>ἀληθείας</span> <span class='ocrx_word' id='word_1_311' title='bbox 3576 1832 3667 1881; x_wconf 81' lang='grc' dir='ltr'>τοῦ</span> <span class='ocrx_word' id='word_1_312' title='bbox 3709 1826 3881 1904; x_wconf 76' lang='grc' dir='ltr'>κηρύ-</span> 
     </span>
    </p>
   </div>
   <div class='ocr_carea' id='block_1_46' title="bbox 2230 1913 3877 1995">
    <p class='ocr_par' dir='ltr' id='par_1_46' title="bbox 2230 1913 3877 1995">
     <span class='ocr_line' id='line_1_46' title="bbox 2230 1913 3877 1995; baseline -0.002 -23"><span class='ocrx_word' id='word_1_313' title='bbox 2230 1938 2433 1995; x_wconf 85' lang='grc' dir='ltr'>γματος</span> <span class='ocrx_word' id='word_1_314' title='bbox 2474 1916 2884 1994; x_wconf 82' lang='grc' dir='ltr'>ἠναγκάσθησαν</span> <span class='ocrx_word' id='word_1_315' title='bbox 2933 1922 3096 1971; x_wconf 77' lang='grc' dir='ltr'>ταῦτα</span> <span class='ocrx_word' id='word_1_316' title='bbox 3140 1928 3356 1993; x_wconf 82' lang='grc' dir='ltr'>φυγεῖν.</span> <span class='ocrx_word' id='word_1_317' title='bbox 3418 1913 3651 1977; x_wconf 58' lang='grc' dir='ltr'>’Ἄλλως</span> <span class='ocrx_word' id='word_1_318' title='bbox 3678 1936 3736 1970; x_wconf 89' lang='grc' dir='ltr'><strong>τε</strong></span> <span class='ocrx_word' id='word_1_319' title='bbox 3768 1918 3877 1990; x_wconf 84' lang='grc' dir='ltr'>καὶ,</span> 
     </span>
    </p>
   </div>
   <div class='ocr_carea' id='block_1_47' title="bbox 2230 2002 3881 2082">
    <p class='ocr_par' dir='ltr' id='par_1_47' title="bbox 2230 2002 3881 2082">
     <span class='ocr_line' id='line_1_47' title="bbox 2230 2002 3881 2082; baseline -0.002 -20"><span class='ocrx_word' id='word_1_320' title='bbox 2230 2008 2265 2074; x_wconf 78' lang='grc' dir='ltr'><strong>ἡ</strong></span> <span class='ocrx_word' id='word_1_321' title='bbox 2324 2004 2537 2081; x_wconf 87' lang='grc' dir='ltr'>δύναμις</span> <span class='ocrx_word' id='word_1_322' title='bbox 2597 2011 2703 2061; x_wconf 83' lang='grc' dir='ltr'>τῶν</span> <span class='ocrx_word' id='word_1_323' title='bbox 2761 2006 2997 2077; x_wconf 81' lang='grc' dir='ltr'>σημείων</span> <span class='ocrx_word' id='word_1_324' title='bbox 3083 2002 3326 2081; x_wconf 76' lang='grc' dir='ltr'>μεγάλην</span> <span class='ocrx_word' id='word_1_325' title='bbox 3388 2004 3586 2082; x_wconf 75' lang='grc' dir='ltr'>ἐπῆγεν</span> <span class='ocrx_word' id='word_1_326' title='bbox 3643 2004 3881 2082; x_wconf 81' lang='grc' dir='ltr'>ἀνάγκην</span> 
     </span>
    </p>
   </div>
   <div class='ocr_carea' id='block_1_48' title="bbox 2230 2094 3881 2171">
    <p class='ocr_par' dir='ltr' id='par_1_48' title="bbox 2230 2094 3881 2171">
     <span class='ocr_line' id='line_1_48' title="bbox 2230 2094 3881 2171; baseline -0.002 -18"><span class='ocrx_word' id='word_1_327' title='bbox 2230 2102 2321 2153; x_wconf 81' lang='grc' dir='ltr'><strong>τοῦ</strong></span> <span class='ocrx_word' id='word_1_328' title='bbox 2378 2098 2732 2171; x_wconf 75' lang='grc' dir='ltr'>μετατεθῆναι</span> <span class='ocrx_word' id='word_1_329' title='bbox 2794 2096 2866 2159; x_wconf 79' lang='grc' dir='ltr'><strong>εἷς</strong></span> <span class='ocrx_word' id='word_1_330' title='bbox 2922 2095 3016 2161; x_wconf 65' lang='grc' dir='ltr'>τὴν</span> <span class='ocrx_word' id='word_1_331' title='bbox 3075 2094 3168 2149; x_wconf 74' lang='grc' dir='ltr'><strong>τοῦ</strong></span> <span class='ocrx_word' id='word_1_332' title='bbox 3249 2100 3473 2171; x_wconf 77' lang='grc' dir='ltr'>Χριστοῦ</span> <span class='ocrx_word' id='word_1_333' title='bbox 3530 2096 3726 2156; x_wconf 88' lang='grc' dir='ltr'>πίστιν.</span> <span class='ocrx_word' id='word_1_334' title='bbox 3783 2095 3881 2151; x_wconf 76' lang='grc' dir='ltr'><strong>Καὶ</strong></span> 
     </span>
    </p>
   </div>
   <div class='ocr_carea' id='block_1_49' title="bbox 2231 2182 3880 2259">
    <p class='ocr_par' dir='ltr' id='par_1_49' title="bbox 2231 2182 3880 2259">
     <span class='ocr_line' id='line_1_49' title="bbox 2231 2182 3880 2259; baseline -0.001 -18"><span class='ocrx_word' id='word_1_335' title='bbox 2231 2188 2560 2252; x_wconf 80' lang='grc' dir='ltr'>καθεκσίστην</span> <span class='ocrx_word' id='word_1_336' title='bbox 2605 2182 2657 2239; x_wconf 82' lang='grc' dir='ltr'>δὲ</span> <span class='ocrx_word' id='word_1_337' title='bbox 2702 2186 2730 2239; x_wconf 87' lang='grc' dir='ltr'><strong>ὀ</strong></span> <span class='ocrx_word' id='word_1_338' title='bbox 2774 2182 2989 2247; x_wconf 88' lang='grc' dir='ltr'>δεῖπνος</span> <span class='ocrx_word' id='word_1_339' title='bbox 3043 2184 3195 2246; x_wconf 79' lang='grc' dir='ltr'>οὗτος</span> <span class='ocrx_word' id='word_1_340' title='bbox 3253 2184 3608 2259; x_wconf 69' lang='grc' dir='ltr'>ἑτοιμάζεται,</span> <span class='ocrx_word' id='word_1_341' title='bbox 3662 2185 3749 2239; x_wconf 79' lang='grc' dir='ltr'><strong>καὶ</strong></span> <span class='ocrx_word' id='word_1_342' title='bbox 3777 2204 3880 2240; x_wconf 84' lang='grc' dir='ltr'>κα-</span> 
     </span>
    </p>
   </div>
   <div class='ocr_carea' id='block_1_50' title="bbox 2232 2271 3881 2351">
    <p class='ocr_par' dir='ltr' id='par_1_50' title="bbox 2232 2271 3881 2351">
     <span class='ocr_line' id='line_1_50' title="bbox 2232 2271 3881 2351; baseline -0.002 -21"><span class='ocrx_word' id='word_1_343' title='bbox 2232 2275 2456 2349; x_wconf 82' lang='grc' dir='ltr'>λούμεθα</span> <span class='ocrx_word' id='word_1_344' title='bbox 2510 2275 2703 2337; x_wconf 80' lang='grc' dir='ltr'>πάντες</span> <span class='ocrx_word' id='word_1_345' title='bbox 2761 2276 2833 2338; x_wconf 81' lang='grc' dir='ltr'><strong>εἰς</strong></span> <span class='ocrx_word' id='word_1_346' title='bbox 2890 2274 2984 2341; x_wconf 76' lang='grc' dir='ltr'>τὴν</span> <span class='ocrx_word' id='word_1_347' title='bbox 3016 2271 3313 2349; x_wconf 87' lang='grc' dir='ltr'>βασιλείαν,</span> <span class='ocrx_word' id='word_1_348' title='bbox 3361 2273 3426 2340; x_wconf 76' lang='grc' dir='ltr'>ἢν</span> <span class='ocrx_word' id='word_1_349' title='bbox 3470 2275 3557 2328; x_wconf 84' lang='grc' dir='ltr'><strong>καὶ</strong></span> <span class='ocrx_word' id='word_1_350' title='bbox 3586 2274 3688 2351; x_wconf 87' lang='grc' dir='ltr'><strong>πρὸ</strong></span> <span class='ocrx_word' id='word_1_351' title='bbox 3717 2294 3881 2329; x_wconf 66' lang='grc' dir='ltr'>κατα.</span> 
     </span>
    </p>
   </div>
   <div class='ocr_carea' id='block_1_51' title="bbox 2228 2361 3880 2441">
    <p class='ocr_par' dir='ltr' id='par_1_51' title="bbox 2228 2361 3880 2441">
     <span class='ocr_line' id='line_1_51' title="bbox 2228 2361 3880 2441; baseline -0.002 -21"><span class='ocrx_word' id='word_1_352' title='bbox 2228 2363 2393 2440; x_wconf 80' lang='grc' dir='ltr'>βολῆς</span> <span class='ocrx_word' id='word_1_353' title='bbox 2438 2364 2639 2439; x_wconf 84' lang='grc' dir='ltr'>κόσμου</span> <span class='ocrx_word' id='word_1_354' title='bbox 2681 2363 2969 2439; x_wconf 75' lang='grc' dir='ltr'>ἡτοίμασεν</span> <span class='ocrx_word' id='word_1_355' title='bbox 3002 2366 3028 2419; x_wconf 81' lang='grc' dir='ltr'>ὁ</span> <span class='ocrx_word' id='word_1_356' title='bbox 3060 2363 3191 2425; x_wconf 77' lang='grc' dir='ltr'>Θεὸς</span> <span class='ocrx_word' id='word_1_357' title='bbox 3221 2375 3339 2424; x_wconf 88' lang='grc' dir='ltr'>τοῖς</span> <span class='ocrx_word' id='word_1_358' title='bbox 3365 2362 3661 2441; x_wconf 79' lang='grc' dir='ltr'>ἀνθρώποις</span> <span class='ocrx_word' id='word_1_359' title='bbox 3696 2378 3710 2391; x_wconf 91' lang='grc'><strong>·</strong></span> <span class='ocrx_word' id='word_1_360' title='bbox 3759 2361 3880 2417; x_wconf 82' lang='grc' dir='ltr'><strong>ἀλλ’</strong></span> 
     </span>
    </p>
   </div>
   <div class='ocr_carea' id='block_1_52' title="bbox 2228 2450 3881 2533">
    <p class='ocr_par' dir='ltr' id='par_1_52' title="bbox 2228 2450 3881 2533">
     <span class='ocr_line' id='line_1_52' title="bbox 2228 2450 3881 2533; baseline -0.002 -23"><span class='ocrx_word' id='word_1_361' title='bbox 2228 2457 2276 2510; x_wconf 85' lang='lat' dir='ltr'><strong>oi</strong></span> <span class='ocrx_word' id='word_1_362' title='bbox 2319 2455 2416 2530; x_wconf 75' lang='grc' dir='ltr'>μὲν</span> <span class='ocrx_word' id='word_1_363' title='bbox 2460 2452 2543 2513; x_wconf 79' lang='grc' dir='ltr'><strong>διὰ</strong></span> <span class='ocrx_word' id='word_1_364' title='bbox 2588 2454 2772 2533; x_wconf 81' lang='grc' dir='ltr'>σοφίας</span> <span class='ocrx_word' id='word_1_365' title='bbox 2826 2452 3151 2531; x_wconf 77' lang='grc' dir='ltr'>περιεργίαν,</span> <span class='ocrx_word' id='word_1_366' title='bbox 3198 2454 3244 2506; x_wconf 83' lang='lat' dir='ltr'><strong>oi</strong></span> <span class='ocrx_word' id='word_1_367' title='bbox 3276 2450 3329 2506; x_wconf 81' lang='grc' dir='ltr'><strong>δὲ</strong></span> <span class='ocrx_word' id='word_1_368' title='bbox 3374 2450 3458 2507; x_wconf 83' lang='grc' dir='ltr'>διὰ</span> <span class='ocrx_word' id='word_1_369' title='bbox 3488 2450 3787 2531; x_wconf 77' lang='grc' dir='ltr'>φιλουλίαν,</span> <span class='ocrx_word' id='word_1_370' title='bbox 3834 2460 3881 2512; x_wconf 84' lang='grc' dir='ltr'><strong>οἱ</strong></span> 
     </span>
    </p>
   </div>
   <div class='ocr_carea' id='block_1_53' title="bbox 2227 2540 3881 2624">
    <p class='ocr_par' dir='ltr' id='par_1_53' title="bbox 2227 2540 3881 2624">
     <span class='ocr_line' id='line_1_53' title="bbox 2227 2540 3881 2624; baseline -0.002 -25"><span class='ocrx_word' id='word_1_371' title='bbox 2227 2542 2279 2599; x_wconf 83' lang='grc' dir='ltr'>δὲ</span> <span class='ocrx_word' id='word_1_372' title='bbox 2322 2542 2405 2599; x_wconf 79' lang='grc' dir='ltr'>διὰ</span> <span class='ocrx_word' id='word_1_373' title='bbox 2449 2543 2792 2624; x_wconf 87' lang='grc' dir='ltr'>φιλοσαρκίαν</span> <span class='ocrx_word' id='word_1_374' title='bbox 2841 2544 2935 2598; x_wconf 71' lang='grc' dir='ltr'>οὐκ</span> <span class='ocrx_word' id='word_1_375' title='bbox 2976 2540 3260 2617; x_wconf 76' lang='grc' dir='ltr'>ἀξιούμεθα</span> <span class='ocrx_word' id='word_1_376' title='bbox 3322 2541 3543 2607; x_wconf 76' lang='grc' dir='ltr'><strong>ταύτης⁸</strong></span> <span class='ocrx_word' id='word_1_377' title='bbox 3601 2543 3634 2608; x_wconf 81' lang='grc' dir='ltr'>ἡ</span> <span class='ocrx_word' id='word_1_378' title='bbox 3682 2540 3736 2595; x_wconf 82' lang='grc' dir='ltr'>δὲ</span> <span class='ocrx_word' id='word_1_379' title='bbox 3788 2543 3881 2597; x_wconf 70' lang='grc' dir='ltr'>τοῦ</span> 
     </span>
    </p>
   </div>
   <div class='ocr_carea' id='block_1_54' title="bbox 2230 2629 3877 2713">
    <p class='ocr_par' dir='ltr' id='par_1_54' title="bbox 2230 2629 3877 2713">
     <span class='ocr_line' id='line_1_54' title="bbox 2230 2629 3877 2713; baseline -0.002 -24"><span class='ocrx_word' id='word_1_380' title='bbox 2230 2642 2358 2691; x_wconf 82' lang='grc' dir='ltr'><strong>Θεοῦ</strong></span> <span class='ocrx_word' id='word_1_381' title='bbox 2442 2632 2803 2713; x_wconf 76' lang='grc' dir='ltr'>φιλανθρωπία</span> <span class='ocrx_word' id='word_1_382' title='bbox 2889 2631 3087 2709; x_wconf 79' lang='grc' dir='ltr'>ἑτέροις</span> <span class='ocrx_word' id='word_1_383' title='bbox 3166 2629 3513 2709; x_wconf 75' lang='grc' dir='ltr'>ἁμαρτωλοῖς</span> <span class='ocrx_word' id='word_1_384' title='bbox 3606 2632 3877 2709; x_wconf 78' lang='grc' dir='ltr'>χαρίζεται</span> 
     </span>
    </p>
   </div>
   <div class='ocr_carea' id='block_1_55' title="bbox 2227 2719 3880 2803">
    <p class='ocr_par' dir='ltr' id='par_1_55' title="bbox 2227 2719 3880 2803">
     <span class='ocr_line' id='line_1_55' title="bbox 2227 2719 3880 2803; baseline -0.002 -24"><span class='ocrx_word' id='word_1_385' title='bbox 2227 2724 2444 2797; x_wconf 87' lang='grc' dir='ltr'>ταύτην,</span> <span class='ocrx_word' id='word_1_386' title='bbox 2502 2721 2725 2803; x_wconf 86' lang='grc' dir='ltr'>τυφλοῖς</span> <span class='ocrx_word' id='word_1_387' title='bbox 2756 2723 2848 2783; x_wconf 81' lang='grc' dir='ltr'><strong>τὰς</strong></span> <span class='ocrx_word' id='word_1_388' title='bbox 2881 2723 3075 2788; x_wconf 81' lang='grc' dir='ltr'>νοητὰς</span> <span class='ocrx_word' id='word_1_389' title='bbox 3109 2719 3277 2795; x_wconf 78' lang='grc' dir='ltr'>ὄψεις,</span> <span class='ocrx_word' id='word_1_390' title='bbox 3328 2720 3406 2795; x_wconf 77' lang='grc' dir='ltr'><strong>μὴ</strong></span> <span class='ocrx_word' id='word_1_391' title='bbox 3453 2734 3675 2775; x_wconf 80' lang='grc' dir='ltr'>συνιεῖσι</span> <span class='ocrx_word' id='word_1_392' title='bbox 3718 2722 3767 2775; x_wconf 91' lang='grc' dir='ltr'><strong>τί</strong></span> <span class='ocrx_word' id='word_1_393' title='bbox 3818 2722 3880 2775; x_wconf 82' lang='grc' dir='ltr'>τὸ</span> 
     </span>
    </p>
   </div>
   <div class='ocr_carea' id='block_1_56' title="bbox 490 2806 2142 2898">
    <p class='ocr_par' dir='ltr' id='par_1_56' title="bbox 490 2806 2142 2898">
     <span class='ocr_line' id='line_1_56' title="bbox 490 2806 2142 2898; baseline 0.002 -21"><span class='ocrx_word' id='word_1_394' title='bbox 490 2814 664 2877; x_wconf 90' lang='lat' dir='ltr'><strong>Pater</strong></span> <span class='ocrx_word' id='word_1_395' title='bbox 692 2814 903 2876; x_wconf 91' lang='lat' dir='ltr'><strong>Filium</strong></span> <span class='ocrx_word' id='word_1_396' title='bbox 937 2832 1107 2874; x_wconf 90' lang='lat' dir='ltr'><strong>suum</strong></span> <span class='ocrx_word' id='word_1_397' title='bbox 1138 2812 1211 2873; x_wconf 92' lang='lat' dir='ltr'><strong>ad</strong></span> <span class='ocrx_word' id='word_1_398' title='bbox 1245 2831 1470 2874; x_wconf 73' lang='lat' dir='ltr'><strong>ccenam</strong></span> <span class='ocrx_word' id='word_1_399' title='bbox 1508 2815 1878 2897; x_wconf 86' lang='lat' dir='ltr'><strong>invitantem,</strong></span> <span class='ocrx_word' id='word_1_400' title='bbox 1914 2806 2014 2898; x_wconf 85' lang='lat' dir='ltr'><strong>qui</strong></span> <span class='ocrx_word' id='word_1_401' title='bbox 2045 2840 2142 2881; x_wconf 93' lang='lat' dir='ltr'><strong>se-</strong></span> 
     </span>
    </p>
   </div>
   <div class='ocr_carea' id='block_1_57' title="bbox 2226 2806 3874 2898">
    <p class='ocr_par' dir='ltr' id='par_1_57' title="bbox 2226 2806 3874 2887">
     <span class='ocr_line' id='line_1_57' title="bbox 2226 2806 3874 2887; baseline -0.003 -19"><span class='ocrx_word' id='word_1_402' title='bbox 2226 2811 2433 2887; x_wconf 84' lang='grc' dir='ltr'>θέλημα</span> <span class='ocrx_word' id='word_1_403' title='bbox 2479 2819 2570 2868; x_wconf 78' lang='grc' dir='ltr'>τοῦ</span> <span class='ocrx_word' id='word_1_404' title='bbox 2638 2818 2789 2883; x_wconf 80' lang='grc' dir='ltr'>Θεοῦ,</span> <span class='ocrx_word' id='word_1_405' title='bbox 2850 2810 2885 2877; x_wconf 73' lang='grc' dir='ltr'><strong>ἢ</strong></span> <span class='ocrx_word' id='word_1_406' title='bbox 2957 2823 3181 2865; x_wconf 76' lang='grc' dir='ltr'>συνιεῖσι</span> <span class='ocrx_word' id='word_1_407' title='bbox 3240 2810 3361 2884; x_wconf 80' lang='grc' dir='ltr'>μὲν,</span> <span class='ocrx_word' id='word_1_408' title='bbox 3412 2806 3624 2887; x_wconf 84' lang='grc' dir='ltr'>χωλοῖς</span> <span class='ocrx_word' id='word_1_409' title='bbox 3654 2806 3708 2863; x_wconf 77' lang='grc' dir='ltr'>δὲ</span> <span class='ocrx_word' id='word_1_410' title='bbox 3738 2808 3874 2881; x_wconf 78' lang='grc' dir='ltr'>οὖσι,</span> 
     </span>
    </p>
   </div>
   <div class='ocr_carea' id='block_1_58' title="bbox 492 2898 2142 2983">
    <p class='ocr_par' dir='ltr' id='par_1_58' title="bbox 492 2902 2142 2983">
     <span class='ocr_line' id='line_1_58' title="bbox 492 2902 2142 2983; baseline 0.003 -17"><span class='ocrx_word' id='word_1_411' title='bbox 492 2906 753 2967; x_wconf 89' lang='lat' dir='ltr'><strong>cundum</strong></span> <span class='ocrx_word' id='word_1_412' title='bbox 787 2921 1024 2965; x_wconf 78' lang='lat' dir='ltr'><strong>carnem</strong></span> <span class='ocrx_word' id='word_1_413' title='bbox 1060 2919 1266 2963; x_wconf 89' lang='lat' dir='ltr'><strong>servus</strong></span> <span class='ocrx_word' id='word_1_414' title='bbox 1299 2902 1548 2983; x_wconf 86' lang='lat' dir='ltr'><strong>fuit,qui</strong></span> <span class='ocrx_word' id='word_1_415' title='bbox 1576 2923 1693 2965; x_wconf 91' lang='lat' dir='ltr'><strong>non</strong></span> <span class='ocrx_word' id='word_1_416' title='bbox 1717 2905 1954 2968; x_wconf 87' lang='lat' dir='ltr'><strong>venitut</strong></span> <span class='ocrx_word' id='word_1_417' title='bbox 1976 2921 2142 2973; x_wconf 89' lang='lat' dir='ltr'><strong>vocet</strong></span> 
     </span>
    </p>
   </div>
   <div class='ocr_carea' id='block_1_59' title="bbox 2226 2898 3878 2983">
    <p class='ocr_par' dir='ltr' id='par_1_59' title="bbox 2228 2898 3878 2979">
     <span class='ocr_line' id='line_1_59' title="bbox 2228 2898 3878 2979; baseline -0.003 -23"><span class='ocrx_word' id='word_1_418' title='bbox 2228 2903 2312 2957; x_wconf 85' lang='grc' dir='ltr'><strong>καὶ</strong></span> <span class='ocrx_word' id='word_1_419' title='bbox 2365 2902 2669 2968; x_wconf 71' lang='grc' dir='ltr'>ἀκινητοῦσι</span> <span class='ocrx_word' id='word_1_420' title='bbox 2725 2902 2857 2979; x_wconf 81' lang='grc' dir='ltr'>πρὸς</span> <span class='ocrx_word' id='word_1_421' title='bbox 2902 2900 2963 2955; x_wconf 79' lang='grc' dir='ltr'>τὸ</span> <span class='ocrx_word' id='word_1_422' title='bbox 2991 2900 3239 2977; x_wconf 85' lang='grc' dir='ltr'>πράττειν</span> <span class='ocrx_word' id='word_1_423' title='bbox 3273 2906 3428 2954; x_wconf 81' lang='grc' dir='ltr'>τοῦτο</span> <span class='ocrx_word' id='word_1_424' title='bbox 3454 2913 3467 2926; x_wconf 93' lang='grc'><strong>·</strong></span> <span class='ocrx_word' id='word_1_425' title='bbox 3521 2899 3609 2953; x_wconf 80' lang='grc' dir='ltr'><strong>καὶ</strong></span> <span class='ocrx_word' id='word_1_426' title='bbox 3646 2898 3878 2959; x_wconf 80' lang='grc' dir='ltr'>συνόλως</span> 
     </span>
    </p>
   </div>
   <div class='ocr_carea' id='block_1_60' title="bbox 486 2986 2142 3073">
    <p class='ocr_par' dir='ltr' id='par_1_60' title="bbox 486 2991 2142 3073">
     <span class='ocr_line' id='line_1_60' title="bbox 486 2991 2142 3073; baseline 0.003 -18"><span class='ocrx_word' id='word_1_427' title='bbox 486 2996 703 3073; x_wconf 85' lang='lat' dir='ltr'><strong>justos,</strong></span> <span class='ocrx_word' id='word_1_428' title='bbox 738 2993 841 3054; x_wconf 89' lang='lat' dir='ltr'><strong>sed</strong></span> <span class='ocrx_word' id='word_1_429' title='bbox 891 3000 1254 3070; x_wconf 90' lang='lat' dir='ltr'><strong>peccatores,</strong></span> <span class='ocrx_word' id='word_1_430' title='bbox 1291 2991 1616 3072; x_wconf 85' lang='lat' dir='ltr'><strong>invitatque</strong></span> <span class='ocrx_word' id='word_1_431' title='bbox 1666 3011 1766 3056; x_wconf 87' lang='lat' dir='ltr'><strong>eos</strong></span> <span class='ocrx_word' id='word_1_432' title='bbox 1814 2995 2142 3060; x_wconf 90' lang='lat' dir='ltr'><strong>liberaliter</strong></span> 
     </span>
    </p>
   </div>
   <div class='ocr_carea' id='block_1_61' title="bbox 2226 2986 3875 3073">
    <p class='ocr_par' dir='ltr' id='par_1_61' title="bbox 2226 2986 3875 3070">
     <span class='ocr_line' id='line_1_61' title="bbox 2226 2986 3875 3070; baseline -0.003 -24"><span class='ocrx_word' id='word_1_433' title='bbox 2226 3005 2473 3070; x_wconf 76' lang='grc' dir='ltr'>πτωχοῖς</span> <span class='ocrx_word' id='word_1_434' title='bbox 2533 2991 2859 3048; x_wconf 78' lang='grc' dir='ltr'>ἁποπεσοὺσι</span> <span class='ocrx_word' id='word_1_435' title='bbox 2917 2994 3016 3055; x_wconf 79' lang='grc' dir='ltr'><strong>τῆς</strong></span> <span class='ocrx_word' id='word_1_436' title='bbox 3048 2987 3157 3043; x_wconf 81' lang='grc' dir='ltr'>ἅνω</span> <span class='ocrx_word' id='word_1_437' title='bbox 3200 2986 3356 3054; x_wconf 79' lang='grc' dir='ltr'>δόξης</span> <span class='ocrx_word' id='word_1_438' title='bbox 3394 3007 3406 3020; x_wconf 80' lang='lat'>&#39;</span> <span class='ocrx_word' id='word_1_439' title='bbox 3442 2988 3527 3042; x_wconf 85' lang='grc' dir='ltr'><strong>καὶ</strong></span> <span class='ocrx_word' id='word_1_440' title='bbox 3558 2986 3875 3065; x_wconf 81' lang='grc' dir='ltr'>ἀναπήροις,</span> 
     </span>
    </p>
   </div>
   <div class='ocr_carea' id='block_1_62' title="bbox 493 3074 2142 3178">
    <p class='ocr_par' dir='ltr' id='par_1_62' title="bbox 493 3078 2139 3178">
     <span class='ocr_line' id='line_1_62' title="bbox 493 3078 2139 3178; baseline 0.004 -34"><span class='ocrx_word' id='word_1_441' title='bbox 493 3102 615 3164; x_wconf 61' lang='lat' dir='ltr'><strong>pra:</strong></span> <span class='ocrx_word' id='word_1_442' title='bbox 641 3083 834 3144; x_wconf 89' lang='lat' dir='ltr'><strong>doctis</strong></span> <span class='ocrx_word' id='word_1_443' title='bbox 855 3081 973 3141; x_wconf 91' lang='lat' dir='ltr'><strong>illis</strong></span> <span class='ocrx_word' id='word_1_444' title='bbox 995 3090 1052 3142; x_wconf 90' lang='lat' dir='ltr'><strong>et</strong></span> <span class='ocrx_word' id='word_1_445' title='bbox 1073 3078 1383 3178; x_wconf 85' lang='lat' dir='ltr'><strong>divitibus,</strong></span> <span class='ocrx_word' id='word_1_446' title='bbox 1421 3090 1477 3141; x_wconf 89' lang='lat' dir='ltr'><strong>et</strong></span> <span class='ocrx_word' id='word_1_447' title='bbox 1496 3082 2139 3163; x_wconf 87' lang='lat' dir='ltr'><strong>carniindulgentibus.</strong></span> 
     </span>
    </p>
   </div>
   <div class='ocr_carea' id='block_1_63' title="bbox 2226 3074 3878 3178">
    <p class='ocr_par' dir='ltr' id='par_1_63' title="bbox 2229 3074 3878 3156">
     <span class='ocr_line' id='line_1_63' title="bbox 2229 3074 3878 3156; baseline -0.002 -21"><span class='ocrx_word' id='word_1_448' title='bbox 2229 3079 2453 3156; x_wconf 76' lang='grc' dir='ltr'>ἄμωμον</span> <span class='ocrx_word' id='word_1_449' title='bbox 2509 3081 2601 3136; x_wconf 80' lang='grc' dir='ltr'>τὸν</span> <span class='ocrx_word' id='word_1_450' title='bbox 2633 3081 2833 3135; x_wconf 79' lang='grc' dir='ltr'>ἑαυτῶν</span> <span class='ocrx_word' id='word_1_451' title='bbox 2862 3079 2975 3154; x_wconf 69' lang='grc' dir='ltr'>βίον</span> <span class='ocrx_word' id='word_1_452' title='bbox 3005 3080 3083 3152; x_wconf 81' lang='grc' dir='ltr'>μη</span> <span class='ocrx_word' id='word_1_453' title='bbox 3141 3074 3589 3150; x_wconf 76' lang='grc' dir='ltr'>ἐπιδεικνυμένοις</span> <span class='ocrx_word' id='word_1_454' title='bbox 3625 3096 3639 3111; x_wconf 88' lang='grc'><strong>·</strong></span> <span class='ocrx_word' id='word_1_455' title='bbox 3673 3077 3878 3138; x_wconf 81' lang='grc' dir='ltr'>τούτοις</span> 
     </span>
    </p>
   </div>
   <div class='ocr_carea' id='block_1_64' title="bbox 489 3164 2142 3252">
    <p class='ocr_par' dir='ltr' id='par_1_64' title="bbox 489 3168 2141 3252">
     <span class='ocr_line' id='line_1_64' title="bbox 489 3168 2141 3252; baseline 0.002 -17"><span class='ocrx_word' id='word_1_456' title='bbox 489 3174 689 3235; x_wconf 85' lang='lat' dir='ltr'><strong>Multis</strong></span> <span class='ocrx_word' id='word_1_457' title='bbox 719 3179 913 3232; x_wconf 88' lang='lat' dir='ltr'><strong>autem</strong></span> <span class='ocrx_word' id='word_1_458' title='bbox 949 3168 1191 3230; x_wconf 85' lang='lat' dir='ltr'><strong>morbos</strong></span> <span class='ocrx_word' id='word_1_459' title='bbox 1221 3177 1281 3230; x_wconf 91' lang='lat' dir='ltr'><strong>et</strong></span> <span class='ocrx_word' id='word_1_460' title='bbox 1310 3170 1570 3247; x_wconf 87' lang='lat' dir='ltr'><strong>pericula</strong></span> <span class='ocrx_word' id='word_1_461' title='bbox 1593 3172 2141 3252; x_wconf 87' lang='lat' dir='ltr'><strong>immittendo,facit</strong></span> 
     </span>
    </p>
   </div>
   <div class='ocr_carea' id='block_1_65' title="bbox 2226 3164 3880 3252">
    <p class='ocr_par' dir='ltr' id='par_1_65' title="bbox 2227 3164 3880 3248">
     <span class='ocr_line' id='line_1_65' title="bbox 2227 3164 3880 3248; baseline -0.004 -22"><span class='ocrx_word' id='word_1_462' title='bbox 2227 3176 2315 3226; x_wconf 80' lang='grc' dir='ltr'>οὖν</span> <span class='ocrx_word' id='word_1_463' title='bbox 2358 3184 2476 3232; x_wconf 86' lang='grc' dir='ltr'>τοῖς</span> <span class='ocrx_word' id='word_1_464' title='bbox 2531 3167 2874 3248; x_wconf 72' lang='grc' dir='ltr'>ἁμαρτωὶοῖς</span> <span class='ocrx_word' id='word_1_465' title='bbox 2932 3169 3003 3241; x_wconf 80' lang='grc' dir='ltr'>εἰς</span> <span class='ocrx_word' id='word_1_466' title='bbox 3064 3168 3159 3230; x_wconf 75' lang='grc' dir='ltr'>τὰς</span> <span class='ocrx_word' id='word_1_467' title='bbox 3202 3164 3477 3236; x_wconf 80' lang='grc' dir='ltr'>πλατείας,</span> <span class='ocrx_word' id='word_1_468' title='bbox 3523 3167 3611 3221; x_wconf 85' lang='grc' dir='ltr'><strong>καὶ</strong></span> <span class='ocrx_word' id='word_1_469' title='bbox 3645 3165 3880 3244; x_wconf 79' lang='grc' dir='ltr'>εὐρυχώ-</span> 
     </span>
    </p>
   </div>
   <div class='ocr_carea' id='block_1_66' title="bbox 491 3254 2142 3346">
    <p class='ocr_par' dir='ltr' id='par_1_66' title="bbox 491 3258 2137 3346">
     <span class='ocr_line' id='line_1_66' title="bbox 491 3258 2137 3346; baseline 0.001 -23"><span class='ocrx_word' id='word_1_470' title='bbox 491 3282 592 3323; x_wconf 93' lang='lat' dir='ltr'><strong>eos</strong></span> <span class='ocrx_word' id='word_1_471' title='bbox 627 3264 800 3323; x_wconf 89' lang='lat' dir='ltr'><strong>etiam</strong></span> <span class='ocrx_word' id='word_1_472' title='bbox 834 3258 1258 3321; x_wconf 90' lang='lat' dir='ltr'><strong>involuntarios</strong></span> <span class='ocrx_word' id='word_1_473' title='bbox 1282 3260 1626 3321; x_wconf 90' lang='lat' dir='ltr'><strong>renuntiare</strong></span> <span class='ocrx_word' id='word_1_474' title='bbox 1656 3261 1793 3323; x_wconf 89' lang='lat' dir='ltr'><strong>huic</strong></span> <span class='ocrx_word' id='word_1_475' title='bbox 1824 3263 1975 3345; x_wconf 64' lang='lat' dir='ltr'><strong>vita),</strong></span> <span class='ocrx_word' id='word_1_476' title='bbox 2000 3266 2137 3346; x_wconf 93' lang='lat' dir='ltr'><strong>qui-</strong></span> 
     </span>
    </p>
   </div>
   <div class='ocr_carea' id='block_1_67' title="bbox 2226 3254 3880 3346">
    <p class='ocr_par' dir='ltr' id='par_1_67' title="bbox 2226 3254 3880 3346">
     <span class='ocr_line' id='line_1_67' title="bbox 2226 3254 3880 3346; baseline -0.003 -31"><span class='ocrx_word' id='word_1_477' title='bbox 2226 3282 2343 3339; x_wconf 89' lang='grc' dir='ltr'>ρους</span> <span class='ocrx_word' id='word_1_478' title='bbox 2403 3257 2553 3323; x_wconf 83' lang='grc' dir='ltr'>ὁδοὺς</span> <span class='ocrx_word' id='word_1_479' title='bbox 2611 3262 2710 3324; x_wconf 77' lang='grc' dir='ltr'><strong>τῆς</strong></span> <span class='ocrx_word' id='word_1_480' title='bbox 2769 3258 3027 3346; x_wconf 75' lang='grc' dir='ltr'>ἁμαρτίας</span> <span class='ocrx_word' id='word_1_481' title='bbox 3087 3255 3457 3331; x_wconf 77' lang='grc' dir='ltr'>πλανωμένοις</span> <span class='ocrx_word' id='word_1_482' title='bbox 3516 3254 3807 3346; x_wconf 75' lang='grc' dir='ltr'>ἐπιπέμπει</span> <span class='ocrx_word' id='word_1_483' title='bbox 3851 3257 3880 3310; x_wconf 80' lang='grc' dir='ltr'><strong>ὃ</strong></span> 
     </span>
    </p>
   </div>
   <div class='ocr_carea' id='block_1_68' title="bbox 489 3347 2134 3427">
    <p class='ocr_par' dir='ltr' id='par_1_68' title="bbox 489 3347 2134 3427">
     <span class='ocr_line' id='line_1_68' title="bbox 489 3347 2134 3427; baseline 0.002 -15"><span class='ocrx_word' id='word_1_484' title='bbox 489 3352 599 3413; x_wconf 92' lang='lat' dir='ltr'><strong>bus</strong></span> <span class='ocrx_word' id='word_1_485' title='bbox 630 3351 784 3412; x_wconf 90' lang='lat' dir='ltr'><strong>novit</strong></span> <span class='ocrx_word' id='word_1_486' title='bbox 811 3347 1391 3427; x_wconf 86' lang='lat' dir='ltr'><strong>judiciis,etinducit</strong></span> <span class='ocrx_word' id='word_1_487' title='bbox 1423 3349 1554 3409; x_wconf 90' lang='lat' dir='ltr'><strong>illos</strong></span> <span class='ocrx_word' id='word_1_488' title='bbox 1583 3350 1653 3411; x_wconf 91' lang='lat' dir='ltr'><strong>ad</strong></span> <span class='ocrx_word' id='word_1_489' title='bbox 1688 3370 1917 3413; x_wconf 69' lang='lat' dir='ltr'><strong>caenam</strong></span> <span class='ocrx_word' id='word_1_490' title='bbox 1944 3372 2134 3427; x_wconf 89' lang='lat' dir='ltr'><strong>suam,</strong></span> 
     </span>
    </p>
   </div>
   <div class='ocr_carea' id='block_1_69' title="bbox 2226 3340 3877 3427">
    <p class='ocr_par' dir='ltr' id='par_1_69' title="bbox 2226 3340 3877 3427">
     <span class='ocr_line' id='line_1_69' title="bbox 2226 3340 3877 3427; baseline -0.003 -24"><span class='ocrx_word' id='word_1_491' title='bbox 2226 3349 2404 3427; x_wconf 78' lang='grc' dir='ltr'>Πατὴρ</span> <span class='ocrx_word' id='word_1_492' title='bbox 2460 3349 2549 3404; x_wconf 82' lang='grc' dir='ltr'>τὸν</span> <span class='ocrx_word' id='word_1_493' title='bbox 2579 3345 2997 3423; x_wconf 74' lang='grc' dir='ltr'>δειπνοκλήτορα</span> <span class='ocrx_word' id='word_1_494' title='bbox 3052 3343 3210 3401; x_wconf 77' lang='grc' dir='ltr'><strong>αύτοῦ</strong></span> <span class='ocrx_word' id='word_1_495' title='bbox 3261 3345 3404 3424; x_wconf 79' lang='grc' dir='ltr'>Υἱὸν,</span> <span class='ocrx_word' id='word_1_496' title='bbox 3455 3345 3547 3399; x_wconf 83' lang='grc' dir='ltr'><strong>τὸν</strong></span> <span class='ocrx_word' id='word_1_497' title='bbox 3578 3345 3665 3399; x_wconf 88' lang='grc' dir='ltr'><strong>καὶ</strong></span> <span class='ocrx_word' id='word_1_498' title='bbox 3694 3340 3877 3399; x_wconf 72' lang='grc' dir='ltr'>δοῦλον</span> 
     </span>
    </p>
   </div>
   <div class='ocr_carea' id='block_1_70' title="bbox 488 3430 2142 3523">
    <p class='ocr_par' dir='ltr' id='par_1_70' title="bbox 488 3436 2137 3523">
     <span class='ocr_line' id='line_1_70' title="bbox 488 3436 2137 3523; baseline 0.002 -21"><span class='ocrx_word' id='word_1_499' title='bbox 488 3442 904 3502; x_wconf 83' lang='lat' dir='ltr'><strong>necessitatem</strong></span> <span class='ocrx_word' id='word_1_500' title='bbox 935 3439 1019 3498; x_wconf 90' lang='lat' dir='ltr'><strong>eis</strong></span> <span class='ocrx_word' id='word_1_501' title='bbox 1050 3436 1271 3497; x_wconf 88' lang='lat' dir='ltr'><strong>faciens</strong></span> <span class='ocrx_word' id='word_1_502' title='bbox 1302 3437 1797 3517; x_wconf 89' lang='lat' dir='ltr'><strong>periclitationem</strong></span> <span class='ocrx_word' id='word_1_503' title='bbox 1828 3465 1843 3518; x_wconf 82' lang='lat'><strong>;</strong></span> <span class='ocrx_word' id='word_1_504' title='bbox 1876 3452 1932 3503; x_wconf 91' lang='lat' dir='ltr'><strong>et</strong></span> <span class='ocrx_word' id='word_1_505' title='bbox 1957 3444 2137 3523; x_wconf 91' lang='lat' dir='ltr'><strong>hujus</strong></span> 
     </span>
    </p>
   </div>
   <div class='ocr_carea' id='block_1_71' title="bbox 2226 3430 3876 3523">
    <p class='ocr_par' dir='ltr' id='par_1_71' title="bbox 2226 3430 3876 3517">
     <span class='ocr_line' id='line_1_71' title="bbox 2226 3430 3876 3517; baseline -0.004 -24"><span class='ocrx_word' id='word_1_506' title='bbox 2226 3439 2505 3517; x_wconf 80' lang='grc' dir='ltr'>γενόμενον</span> <span class='ocrx_word' id='word_1_507' title='bbox 2561 3438 2697 3493; x_wconf 73' lang='grc' dir='ltr'>κατὰ</span> <span class='ocrx_word' id='word_1_508' title='bbox 2751 3436 2941 3514; x_wconf 85' lang='grc' dir='ltr'>σάρκα,</span> <span class='ocrx_word' id='word_1_509' title='bbox 2987 3435 3077 3490; x_wconf 77' lang='grc' dir='ltr'><strong>τὸν</strong></span> <span class='ocrx_word' id='word_1_510' title='bbox 3121 3434 3199 3509; x_wconf 78' lang='grc' dir='ltr'><strong>μὴ</strong></span> <span class='ocrx_word' id='word_1_511' title='bbox 3229 3430 3459 3497; x_wconf 77' lang='grc' dir='ltr'>δικαίους</span> <span class='ocrx_word' id='word_1_512' title='bbox 3508 3431 3725 3489; x_wconf 77' lang='grc' dir='ltr'>ἐλθόντα</span> <span class='ocrx_word' id='word_1_513' title='bbox 3769 3453 3876 3487; x_wconf 84' lang='grc' dir='ltr'>κα-</span> 
     </span>
    </p>
   </div>
   <div class='ocr_carea' id='block_1_72' title="bbox 487 3525 2143 3610">
    <p class='ocr_par' dir='ltr' id='par_1_72' title="bbox 487 3525 2143 3610">
     <span class='ocr_line' id='line_1_72' title="bbox 487 3525 2143 3610; baseline 0.001 -19"><span class='ocrx_word' id='word_1_514' title='bbox 487 3530 760 3610; x_wconf 81' lang='lat' dir='ltr'><strong>exempla</strong></span> <span class='ocrx_word' id='word_1_515' title='bbox 792 3529 974 3587; x_wconf 88' lang='lat' dir='ltr'><strong>multa</strong></span> <span class='ocrx_word' id='word_1_516' title='bbox 1006 3534 1164 3587; x_wconf 90' lang='lat' dir='ltr'><strong>sunt.</strong></span> <span class='ocrx_word' id='word_1_517' title='bbox 1218 3525 1405 3587; x_wconf 84' lang='lat' dir='ltr'><strong>Docet</strong></span> <span class='ocrx_word' id='word_1_518' title='bbox 1454 3536 1650 3588; x_wconf 88' lang='lat' dir='ltr'><strong>autem</strong></span> <span class='ocrx_word' id='word_1_519' title='bbox 1710 3548 1818 3590; x_wconf 89' lang='lat' dir='ltr'><strong>nos</strong></span> <span class='ocrx_word' id='word_1_520' title='bbox 1868 3531 2143 3610; x_wconf 86' lang='lat' dir='ltr'><strong>parabola</strong></span> 
     </span>
    </p>
   </div>
   <div class='ocr_carea' id='block_1_73' title="bbox 488 3615 2145 3700">
    <p class='ocr_par' dir='ltr' id='par_1_73' title="bbox 488 3615 2145 3700">
     <span class='ocr_line' id='line_1_73' title="bbox 488 3615 2145 3700; baseline 0.002 -20"><span class='ocrx_word' id='word_1_521' title='bbox 488 3621 614 3681; x_wconf 66' lang='lat' dir='ltr'><strong>haec</strong></span> <span class='ocrx_word' id='word_1_522' title='bbox 665 3616 1017 3696; x_wconf 88' lang='lat' dir='ltr'><strong>simplicius,</strong></span> <span class='ocrx_word' id='word_1_523' title='bbox 1083 3615 1438 3694; x_wconf 88' lang='lat' dir='ltr'><strong>pauperibus</strong></span> <span class='ocrx_word' id='word_1_524' title='bbox 1495 3625 1550 3677; x_wconf 90' lang='lat' dir='ltr'><strong>et</strong></span> <span class='ocrx_word' id='word_1_525' title='bbox 1602 3616 1904 3681; x_wconf 89' lang='lat' dir='ltr'><strong>debilibus</strong></span> <span class='ocrx_word' id='word_1_526' title='bbox 1950 3622 2145 3700; x_wconf 86' lang='lat' dir='ltr'><strong>potius</strong></span> 
     </span>
    </p>
   </div>
   <div class='ocr_carea' id='block_1_74' title="bbox 489 3702 2144 3786">
    <p class='ocr_par' dir='ltr' id='par_1_74' title="bbox 489 3702 2144 3786">
     <span class='ocr_line' id='line_1_74' title="bbox 489 3702 2144 3786; baseline 0.001 -17"><span class='ocrx_word' id='word_1_527' title='bbox 489 3708 745 3769; x_wconf 87' lang='lat' dir='ltr'><strong>dandum</strong></span> <span class='ocrx_word' id='word_1_528' title='bbox 780 3723 952 3784; x_wconf 91' lang='lat' dir='ltr'><strong>quam</strong></span> <span class='ocrx_word' id='word_1_529' title='bbox 1006 3702 1307 3777; x_wconf 79' lang='lat' dir='ltr'><strong>divitibus,</strong></span> <span class='ocrx_word' id='word_1_530' title='bbox 1343 3704 1397 3763; x_wconf 91' lang='lat' dir='ltr'><strong>id</strong></span> <span class='ocrx_word' id='word_1_531' title='bbox 1433 3705 1589 3784; x_wconf 92' lang='lat' dir='ltr'><strong>quod</strong></span> <span class='ocrx_word' id='word_1_532' title='bbox 1636 3714 1694 3766; x_wconf 91' lang='lat' dir='ltr'><strong>et</strong></span> <span class='ocrx_word' id='word_1_533' title='bbox 1750 3707 1921 3786; x_wconf 91' lang='lat' dir='ltr'><strong>paulo</strong></span> <span class='ocrx_word' id='word_1_534' title='bbox 1972 3721 2144 3772; x_wconf 88' lang='lat' dir='ltr'><strong>antea</strong></span> 
     </span>
    </p>
   </div>
   <div class='ocr_carea' id='block_1_75' title="bbox 454 3792 2145 3877">
    <p class='ocr_par' dir='ltr' id='par_1_75' title="bbox 454 3792 2145 3877">
     <span class='ocr_line' id='line_1_75' title="bbox 454 3792 2145 3877; baseline 0.002 -19"><span class='ocrx_word' id='word_1_535' title='bbox 454 3797 913 3866; x_wconf 78' lang='lat' dir='ltr'><strong>admonuerat,</strong></span> <span class='ocrx_word' id='word_1_536' title='bbox 976 3801 1290 3871; x_wconf 89' lang='lat' dir='ltr'><strong>propterea</strong></span> <span class='ocrx_word' id='word_1_537' title='bbox 1347 3792 1504 3854; x_wconf 89' lang='lat' dir='ltr'><strong>istud</strong></span> <span class='ocrx_word' id='word_1_538' title='bbox 1584 3794 1813 3855; x_wconf 89' lang='lat' dir='ltr'><strong>videtur</strong></span> <span class='ocrx_word' id='word_1_539' title='bbox 1865 3798 2145 3877; x_wconf 88' lang='lat' dir='ltr'><strong>parabola</strong></span> 
     </span>
    </p>
   </div>
   <div class='ocr_carea' id='block_1_76' title="bbox 492 3880 2143 3966">
    <p class='ocr_par' dir='ltr' id='par_1_76' title="bbox 492 3880 2143 3966">
     <span class='ocr_line' id='line_1_76' title="bbox 492 3880 2143 3966; baseline 0.002 -20"><span class='ocrx_word' id='word_1_540' title='bbox 492 3886 717 3963; x_wconf 78' lang='lat' dir='ltr'><strong>dicere,</strong></span> <span class='ocrx_word' id='word_1_541' title='bbox 751 3900 855 3962; x_wconf 90' lang='lat' dir='ltr'><strong>per</strong></span> <span class='ocrx_word' id='word_1_542' title='bbox 887 3884 994 3942; x_wconf 88' lang='lat' dir='ltr'><strong>hoc</strong></span> <span class='ocrx_word' id='word_1_543' title='bbox 1027 3880 1376 3941; x_wconf 87' lang='lat' dir='ltr'><strong>credibilius</strong></span> <span class='ocrx_word' id='word_1_544' title='bbox 1406 3881 1633 3943; x_wconf 87' lang='lat' dir='ltr'><strong>faciens</strong></span> <span class='ocrx_word' id='word_1_545' title='bbox 1670 3902 1961 3966; x_wconf 89' lang='lat' dir='ltr'><strong>pauperes</strong></span> <span class='ocrx_word' id='word_1_546' title='bbox 1993 3908 2143 3951; x_wconf 91' lang='lat' dir='ltr'><strong>con-</strong></span> 
     </span>
    </p>
   </div>
   <div class='ocr_carea' id='block_1_77' title="bbox 492 3970 2147 4050">
    <p class='ocr_par' dir='ltr' id='par_1_77' title="bbox 492 3970 2147 4050">
     <span class='ocr_line' id='line_1_77' title="bbox 492 3970 2147 4050; baseline 0.004 -15"><span class='ocrx_word' id='word_1_547' title='bbox 492 3974 644 4035; x_wconf 91' lang='lat' dir='ltr'><strong>vivio</strong></span> <span class='ocrx_word' id='word_1_548' title='bbox 677 3970 1082 4050; x_wconf 88' lang='lat' dir='ltr'><strong>excipiendos.</strong></span> <span class='ocrx_word' id='word_1_549' title='bbox 1123 3970 1413 4031; x_wconf 85' lang='lat' dir='ltr'><strong>Discimus</strong></span> <span class='ocrx_word' id='word_1_550' title='bbox 1464 3980 1521 4033; x_wconf 92' lang='lat' dir='ltr'><strong>et</strong></span> <span class='ocrx_word' id='word_1_551' title='bbox 1566 3972 1750 4046; x_wconf 88' lang='lat' dir='ltr'><strong>aliud,</strong></span> <span class='ocrx_word' id='word_1_552' title='bbox 1786 3974 2008 4038; x_wconf 87' lang='lat' dir='ltr'><strong>debere</strong></span> <span class='ocrx_word' id='word_1_553' title='bbox 2039 3998 2147 4040; x_wconf 90' lang='lat' dir='ltr'><strong>nos</strong></span> 
     </span>
    </p>
   </div>
   <div class='ocr_carea' id='block_1_78' title="bbox 494 4059 2143 4146">
    <p class='ocr_par' dir='ltr' id='par_1_78' title="bbox 494 4059 2143 4146">
     <span class='ocr_line' id='line_1_78' title="bbox 494 4059 2143 4146; baseline -0.002 -20"><span class='ocrx_word' id='word_1_554' title='bbox 494 4068 575 4126; x_wconf 90' lang='lat' dir='ltr'><strong>ita</strong></span> <span class='ocrx_word' id='word_1_555' title='bbox 606 4081 739 4124; x_wconf 91' lang='lat' dir='ltr'><strong>esse</strong></span> <span class='ocrx_word' id='word_1_556' title='bbox 773 4061 1000 4121; x_wconf 89' lang='lat' dir='ltr'><strong>alacres</strong></span> <span class='ocrx_word' id='word_1_557' title='bbox 1030 4068 1088 4120; x_wconf 92' lang='lat' dir='ltr'><strong>et</strong></span> <span class='ocrx_word' id='word_1_558' title='bbox 1117 4059 1392 4121; x_wconf 90' lang='lat' dir='ltr'><strong>liberales</strong></span> <span class='ocrx_word' id='word_1_559' title='bbox 1423 4062 1494 4120; x_wconf 90' lang='lat' dir='ltr'><strong>ad</strong></span> <span class='ocrx_word' id='word_1_560' title='bbox 1529 4060 1773 4122; x_wconf 86' lang='lat' dir='ltr'><strong>fratrum</strong></span> <span class='ocrx_word' id='word_1_561' title='bbox 1801 4067 2143 4146; x_wconf 77' lang='lat' dir='ltr'><strong>susceptio-</strong></span> 
     </span>
    </p>
   </div>
   <div class='ocr_carea' id='block_1_79' title="bbox 496 4150 2149 4237">
    <p class='ocr_par' dir='ltr' id='par_1_79' title="bbox 496 4150 2149 4237">
     <span class='ocr_line' id='line_1_79' title="bbox 496 4150 2149 4237; baseline 0.002 -22"><span class='ocrx_word' id='word_1_562' title='bbox 496 4174 658 4226; x_wconf 92' lang='lat' dir='ltr'><strong>nem,</strong></span> <span class='ocrx_word' id='word_1_563' title='bbox 711 4167 776 4213; x_wconf 84' lang='lat' dir='ltr'><strong>ut</strong></span> <span class='ocrx_word' id='word_1_564' title='bbox 827 4152 1005 4211; x_wconf 89' lang='lat' dir='ltr'><strong>etiam</strong></span> <span class='ocrx_word' id='word_1_565' title='bbox 1059 4150 1329 4210; x_wconf 86' lang='lat' dir='ltr'><strong>nolentes</strong></span> <span class='ocrx_word' id='word_1_566' title='bbox 1385 4169 1663 4228; x_wconf 89' lang='lat' dir='ltr'><strong>cogamus</strong></span> <span class='ocrx_word' id='word_1_567' title='bbox 1716 4160 1780 4213; x_wconf 90' lang='lat' dir='ltr'><strong>ut</strong></span> <span class='ocrx_word' id='word_1_568' title='bbox 1830 4156 2149 4237; x_wconf 86' lang='lat' dir='ltr'><strong>participes</strong></span> 
     </span>
    </p>
   </div>
   <div class='ocr_carea' id='block_1_80' title="bbox 497 4238 2150 4321">
    <p class='ocr_par' dir='ltr' id='par_1_80' title="bbox 497 4238 2150 4321">
     <span class='ocr_line' id='line_1_80' title="bbox 497 4238 2150 4321; baseline 0.002 -16"><span class='ocrx_word' id='word_1_569' title='bbox 497 4246 641 4307; x_wconf 87' lang='lat' dir='ltr'><strong>ﬂant</strong></span> <span class='ocrx_word' id='word_1_570' title='bbox 674 4250 1009 4302; x_wconf 91' lang='lat' dir='ltr'><strong>nostrorum</strong></span> <span class='ocrx_word' id='word_1_571' title='bbox 1043 4238 1358 4299; x_wconf 87' lang='lat' dir='ltr'><strong>bonorum.</strong></span> <span class='ocrx_word' id='word_1_572' title='bbox 1394 4241 1516 4299; x_wconf 89' lang='lat' dir='ltr'><strong>Hoc</strong></span> <span class='ocrx_word' id='word_1_573' title='bbox 1548 4249 1608 4301; x_wconf 90' lang='lat' dir='ltr'><strong>et</strong></span> <span class='ocrx_word' id='word_1_574' title='bbox 1651 4242 1915 4321; x_wconf 87' lang='lat' dir='ltr'><strong>magistri</strong></span> <span class='ocrx_word' id='word_1_575' title='bbox 1945 4246 2150 4308; x_wconf 86' lang='lat' dir='ltr'><strong>admo-</strong></span> 
     </span>
    </p>
   </div>
   <div class='ocr_carea' id='block_1_81' title="bbox 2225 3520 3877 3602">
    <p class='ocr_par' dir='ltr' id='par_1_81' title="bbox 2225 3520 3877 3602">
     <span class='ocr_line' id='line_1_81' title="bbox 2225 3520 3877 3602; baseline -0.004 -19"><span class='ocrx_word' id='word_1_576' title='bbox 2225 3527 2397 3600; x_wconf 79' lang='grc' dir='ltr'>λέσαι,</span> <span class='ocrx_word' id='word_1_577' title='bbox 2460 3524 2595 3582; x_wconf 77' lang='grc' dir='ltr'>ἀλλὰ</span> <span class='ocrx_word' id='word_1_578' title='bbox 2638 3522 2984 3602; x_wconf 75' lang='grc' dir='ltr'>ἁμαρτωλούς</span> <span class='ocrx_word' id='word_1_579' title='bbox 3019 3540 3032 3553; x_wconf 86' lang='grc'><strong>”</strong></span> <span class='ocrx_word' id='word_1_580' title='bbox 3097 3523 3184 3579; x_wconf 87' lang='grc' dir='ltr'><strong>καὶ</strong></span> <span class='ocrx_word' id='word_1_581' title='bbox 3223 3522 3370 3594; x_wconf 78' lang='grc' dir='ltr'>ἐστιᾷ</span> <span class='ocrx_word' id='word_1_582' title='bbox 3425 3523 3637 3585; x_wconf 82' lang='grc' dir='ltr'>τούτους</span> <span class='ocrx_word' id='word_1_583' title='bbox 3668 3520 3877 3602; x_wconf 74' lang='grc' dir='ltr'>φιλοτί-</span> 
     </span>
    </p>
   </div>
   <div class='ocr_carea' id='block_1_82' title="bbox 2226 3610 3877 3693">
    <p class='ocr_par' dir='ltr' id='par_1_82' title="bbox 2226 3610 3877 3693">
     <span class='ocr_line' id='line_1_82' title="bbox 2226 3610 3877 3693; baseline -0.004 -21"><span class='ocrx_word' id='word_1_584' title='bbox 2226 3638 2340 3692; x_wconf 87' lang='grc' dir='ltr'>μως</span> <span class='ocrx_word' id='word_1_585' title='bbox 2398 3615 2513 3672; x_wconf 81' lang='grc' dir='ltr'>ἀντ’</span> <span class='ocrx_word' id='word_1_586' title='bbox 2557 3615 2768 3671; x_wconf 82' lang='grc' dir='ltr'>ἐκείνων</span> <span class='ocrx_word' id='word_1_587' title='bbox 2811 3620 2917 3670; x_wconf 82' lang='grc' dir='ltr'>τῶν</span> <span class='ocrx_word' id='word_1_588' title='bbox 2959 3618 3268 3693; x_wconf 86' lang='grc' dir='ltr'>γνωστικῶν</span> <span class='ocrx_word' id='word_1_589' title='bbox 3312 3614 3400 3668; x_wconf 85' lang='grc' dir='ltr'><strong>καὶ</strong></span> <span class='ocrx_word' id='word_1_590' title='bbox 3451 3610 3740 3690; x_wconf 90' lang='grc' dir='ltr'>πλουσίων,</span> <span class='ocrx_word' id='word_1_591' title='bbox 3789 3614 3877 3667; x_wconf 90' lang='grc' dir='ltr'><strong>καὶ</strong></span> 
     </span>
    </p>
   </div>
   <div class='ocr_carea' id='block_1_83' title="bbox 2226 3700 3874 3785">
    <p class='ocr_par' dir='ltr' id='par_1_83' title="bbox 2226 3700 3874 3785">
     <span class='ocr_line' id='line_1_83' title="bbox 2226 3700 3874 3785; baseline -0.003 -24"><span class='ocrx_word' id='word_1_592' title='bbox 2226 3712 2294 3782; x_wconf 75' lang='grc' dir='ltr'>τῇ</span> <span class='ocrx_word' id='word_1_593' title='bbox 2348 3707 2499 3785; x_wconf 89' lang='grc' dir='ltr'>σαρκὶ</span> <span class='ocrx_word' id='word_1_594' title='bbox 2553 3704 2944 3784; x_wconf 80' lang='grc' dir='ltr'>χαριζομένων,</span> <span class='ocrx_word' id='word_1_595' title='bbox 2981 3701 3215 3766; x_wconf 87' lang='grc' dir='ltr'>Πολλοῖς</span> <span class='ocrx_word' id='word_1_596' title='bbox 3270 3700 3325 3758; x_wconf 80' lang='grc' dir='ltr'><strong>δὲ</strong></span> <span class='ocrx_word' id='word_1_597' title='bbox 3394 3705 3483 3759; x_wconf 82' lang='grc' dir='ltr'><strong>καὶ</strong></span> <span class='ocrx_word' id='word_1_598' title='bbox 3540 3700 3724 3765; x_wconf 89' lang='grc' dir='ltr'>νόσους</span> <span class='ocrx_word' id='word_1_599' title='bbox 3753 3701 3874 3757; x_wconf 76' lang='grc' dir='ltr'><strong>ἑπιο</strong></span> 
     </span>
    </p>
   </div>
   <div class='ocr_carea' id='block_1_84' title="bbox 2226 3791 3877 3870">
    <p class='ocr_par' dir='ltr' id='par_1_84' title="bbox 2226 3791 3877 3870">
     <span class='ocr_line' id='line_1_84' title="bbox 2226 3791 3877 3870; baseline -0.002 -19"><span class='ocrx_word' id='word_1_600' title='bbox 2226 3795 2454 3870; x_wconf 82' lang='grc' dir='ltr'>πέμπων</span> <span class='ocrx_word' id='word_1_601' title='bbox 2508 3797 2595 3851; x_wconf 73' lang='grc' dir='ltr'><strong>καὶ</strong></span> <span class='ocrx_word' id='word_1_602' title='bbox 2666 3792 2955 3868; x_wconf 80' lang='grc' dir='ltr'>κινδύνους,</span> <span class='ocrx_word' id='word_1_603' title='bbox 3031 3806 3181 3849; x_wconf 85' lang='grc' dir='ltr'>ποιεῖ</span> <span class='ocrx_word' id='word_1_604' title='bbox 3238 3792 3425 3855; x_wconf 77' lang='grc' dir='ltr'>αὖτοὺς</span> <span class='ocrx_word' id='word_1_605' title='bbox 3496 3793 3582 3847; x_wconf 87' lang='grc' dir='ltr'><strong>καὶ</strong></span> <span class='ocrx_word' id='word_1_606' title='bbox 3653 3791 3877 3855; x_wconf 78' lang='grc' dir='ltr'>ἄκοντας</span> 
     </span>
    </p>
   </div>
   <div class='ocr_carea' id='block_1_85' title="bbox 2227 3879 3879 3961">
    <p class='ocr_par' dir='ltr' id='par_1_85' title="bbox 2227 3879 3879 3961">
     <span class='ocr_line' id='line_1_85' title="bbox 2227 3879 3879 3961; baseline -0.002 -21"><span class='ocrx_word' id='word_1_607' title='bbox 2227 3884 2583 3950; x_wconf 79' lang='grc' dir='ltr'>ἀποτάξασθαι</span> <span class='ocrx_word' id='word_1_608' title='bbox 2630 3891 2706 3958; x_wconf 83' lang='grc' dir='ltr'>τῷ</span> <span class='ocrx_word' id='word_1_609' title='bbox 2757 3884 2877 3960; x_wconf 86' lang='grc' dir='ltr'>βίῳ,</span> <span class='ocrx_word' id='word_1_610' title='bbox 2940 3883 3031 3947; x_wconf 77' lang='grc' dir='ltr'>οἶς</span> <span class='ocrx_word' id='word_1_611' title='bbox 3075 3882 3321 3961; x_wconf 83' lang='grc' dir='ltr'>κρίμασιν</span> <span class='ocrx_word' id='word_1_612' title='bbox 3363 3879 3505 3956; x_wconf 76' lang='grc' dir='ltr'>οἶδε,</span> <span class='ocrx_word' id='word_1_613' title='bbox 3550 3883 3637 3937; x_wconf 86' lang='grc' dir='ltr'><strong>καὶ</strong></span> <span class='ocrx_word' id='word_1_614' title='bbox 3680 3884 3879 3959; x_wconf 68' lang='grc' dir='ltr'>εἰσάγει</span> 
     </span>
    </p>
   </div>
   <div class='ocr_carea' id='block_1_86' title="bbox 2226 3970 3879 4052">
    <p class='ocr_par' dir='ltr' id='par_1_86' title="bbox 2226 3970 3879 4052">
     <span class='ocr_line' id='line_1_86' title="bbox 2226 3970 3879 4052; baseline -0.002 -23"><span class='ocrx_word' id='word_1_615' title='bbox 2226 3975 2412 4038; x_wconf 69' lang='grc' dir='ltr'>αὐτοὺς</span> <span class='ocrx_word' id='word_1_616' title='bbox 2472 3975 2542 4039; x_wconf 80' lang='grc' dir='ltr'><strong>εἷς</strong></span> <span class='ocrx_word' id='word_1_617' title='bbox 2599 3974 2689 4030; x_wconf 80' lang='grc' dir='ltr'><strong>τὸν</strong></span> <span class='ocrx_word' id='word_1_618' title='bbox 2731 3971 2946 4029; x_wconf 82' lang='grc' dir='ltr'>δεῖπνον</span> <span class='ocrx_word' id='word_1_619' title='bbox 2992 3971 3171 4052; x_wconf 70' lang='grc' dir='ltr'>αὐτοῦ,</span> <span class='ocrx_word' id='word_1_620' title='bbox 3216 3971 3454 4050; x_wconf 82' lang='grc' dir='ltr'>ἀνάγκην</span> <span class='ocrx_word' id='word_1_621' title='bbox 3500 3974 3681 4032; x_wconf 70' lang='grc' dir='ltr'>αὐτοῖς</span> <span class='ocrx_word' id='word_1_622' title='bbox 3739 3970 3879 4027; x_wconf 81' lang='grc' dir='ltr'><strong>ἐπά-</strong></span> 
     </span>
    </p>
   </div>
   <div class='ocr_carea' id='block_1_87' title="bbox 2226 4059 3878 4142">
    <p class='ocr_par' dir='ltr' id='par_1_87' title="bbox 2226 4059 3878 4142">
     <span class='ocr_line' id='line_1_87' title="bbox 2226 4059 3878 4142; baseline -0.001 -24"><span class='ocrx_word' id='word_1_623' title='bbox 2226 4086 2335 4142; x_wconf 89' lang='grc' dir='ltr'>γων</span> <span class='ocrx_word' id='word_1_624' title='bbox 2387 4072 2486 4130; x_wconf 78' lang='grc' dir='ltr'><strong>την</strong></span> <span class='ocrx_word' id='word_1_625' title='bbox 2544 4066 2647 4119; x_wconf 80' lang='grc' dir='ltr'>τῶν</span> <span class='ocrx_word' id='word_1_626' title='bbox 2714 4060 2961 4118; x_wconf 77' lang='grc' dir='ltr'>κινδύνων</span> <span class='ocrx_word' id='word_1_627' title='bbox 3004 4059 3260 4139; x_wconf 77' lang='grc' dir='ltr'>ἐπιφοράν</span> <span class='ocrx_word' id='word_1_628' title='bbox 3296 4078 3309 4091; x_wconf 91' lang='grc'><strong>·</strong></span> <span class='ocrx_word' id='word_1_629' title='bbox 3343 4062 3432 4117; x_wconf 86' lang='grc' dir='ltr'><strong>καὶ</strong></span> <span class='ocrx_word' id='word_1_630' title='bbox 3460 4061 3648 4116; x_wconf 89' lang='grc' dir='ltr'>τούτου</span> <span class='ocrx_word' id='word_1_631' title='bbox 3672 4061 3738 4116; x_wconf 81' lang='grc' dir='ltr'>τὰ</span> <span class='ocrx_word' id='word_1_632' title='bbox 3765 4082 3878 4117; x_wconf 88' lang='grc' dir='ltr'>πα-</span> 
     </span>
    </p>
   </div>
   <div class='ocr_carea' id='block_1_88' title="bbox 2231 4147 3882 4233">
    <p class='ocr_par' dir='ltr' id='par_1_88' title="bbox 2231 4147 3882 4233">
     <span class='ocr_line' id='line_1_88' title="bbox 2231 4147 3882 4233; baseline -0.002 -25"><span class='ocrx_word' id='word_1_633' title='bbox 2231 4151 2553 4233; x_wconf 85' lang='grc' dir='ltr'>ραδείγματα</span> <span class='ocrx_word' id='word_1_634' title='bbox 2611 4150 2809 4211; x_wconf 88' lang='grc' dir='ltr'>πολλά.</span> <span class='ocrx_word' id='word_1_635' title='bbox 2875 4148 3119 4207; x_wconf 73' lang='grc' dir='ltr'>Διδάσκει</span> <span class='ocrx_word' id='word_1_636' title='bbox 3178 4147 3233 4205; x_wconf 79' lang='grc' dir='ltr'><strong>δὲ</strong></span> <span class='ocrx_word' id='word_1_637' title='bbox 3288 4151 3432 4225; x_wconf 74' lang='grc' dir='ltr'>ἡμᾶς</span> <span class='ocrx_word' id='word_1_638' title='bbox 3484 4151 3571 4206; x_wconf 83' lang='grc' dir='ltr'><strong>καὶ</strong></span> <span class='ocrx_word' id='word_1_639' title='bbox 3628 4151 3765 4206; x_wconf 85' lang='grc' dir='ltr'>κατὰ</span> <span class='ocrx_word' id='word_1_640' title='bbox 3819 4152 3882 4205; x_wconf 82' lang='grc' dir='ltr'>τὸ</span> 
     </span>
    </p>
   </div>
   <div class='ocr_carea' id='block_1_89' title="bbox 2231 4237 3881 4320">
    <p class='ocr_par' dir='ltr' id='par_1_89' title="bbox 2231 4237 3881 4320">
     <span class='ocr_line' id='line_1_89' title="bbox 2231 4237 3881 4320; baseline -0.002 -23"><span class='ocrx_word' id='word_1_641' title='bbox 2231 4241 2586 4320; x_wconf 79' lang='grc' dir='ltr'>ἁπλούστερον</span> <span class='ocrx_word' id='word_1_642' title='bbox 2641 4243 2675 4308; x_wconf 72' lang='grc' dir='ltr'>ἡ</span> <span class='ocrx_word' id='word_1_643' title='bbox 2733 4237 3012 4319; x_wconf 75' lang='grc' dir='ltr'>παραϐολὴ</span> <span class='ocrx_word' id='word_1_644' title='bbox 3057 4252 3177 4303; x_wconf 90' lang='grc' dir='ltr'>τοῖς</span> <span class='ocrx_word' id='word_1_645' title='bbox 3221 4239 3413 4305; x_wconf 82' lang='grc' dir='ltr'>πένησι</span> <span class='ocrx_word' id='word_1_646' title='bbox 3464 4241 3552 4295; x_wconf 87' lang='grc' dir='ltr'><strong>καὶ</strong></span> <span class='ocrx_word' id='word_1_647' title='bbox 3589 4239 3881 4317; x_wconf 74' lang='grc' dir='ltr'>ἀναπήροις</span> 
     </span>
    </p>
   </div>
   <div class='ocr_carea' id='block_1_90' title="bbox 496 4326 2142 4411">
    <p class='ocr_par' dir='ltr' id='par_1_90' title="bbox 496 4328 2142 4411">
     <span class='ocr_line' id='line_1_90' title="bbox 496 4328 2142 4411; baseline 0.001 -16"><span class='ocrx_word' id='word_1_648' title='bbox 496 4342 773 4407; x_wconf 90' lang='lat' dir='ltr'><strong>neantur,</strong></span> <span class='ocrx_word' id='word_1_649' title='bbox 808 4328 963 4409; x_wconf 89' lang='lat' dir='ltr'><strong>quod</strong></span> <span class='ocrx_word' id='word_1_650' title='bbox 1000 4345 1196 4408; x_wconf 64' lang='lat' dir='ltr'><strong>operae</strong></span> <span class='ocrx_word' id='word_1_651' title='bbox 1228 4329 1483 4407; x_wconf 88' lang='lat' dir='ltr'><strong>pretium</strong></span> <span class='ocrx_word' id='word_1_652' title='bbox 1517 4330 1591 4389; x_wconf 92' lang='lat' dir='ltr'><strong>sit</strong></span> <span class='ocrx_word' id='word_1_653' title='bbox 1622 4330 1950 4411; x_wconf 85' lang='lat' dir='ltr'><strong>discipulos</strong></span> <span class='ocrx_word' id='word_1_654' title='bbox 1968 4336 2142 4398; x_wconf 88' lang='lat' dir='ltr'><strong>etiam</strong></span> 
     </span>
    </p>
   </div>
   <div class='ocr_carea' id='block_1_91' title="bbox 2226 4326 3879 4411">
    <p class='ocr_par' dir='ltr' id='par_1_91' title="bbox 2230 4326 3879 4411">
     <span class='ocr_line' id='line_1_91' title="bbox 2230 4326 3879 4411; baseline -0.001 -25"><span class='ocrx_word' id='word_1_655' title='bbox 2230 4332 2535 4411; x_wconf 69' lang='grc' dir='ltr'>χαρίζεσθαι</span> <span class='ocrx_word' id='word_1_656' title='bbox 2595 4329 2797 4406; x_wconf 79' lang='grc' dir='ltr'>μᾶλλον</span> <span class='ocrx_word' id='word_1_657' title='bbox 2842 4330 2878 4397; x_wconf 79' lang='grc' dir='ltr'>ἣ</span> <span class='ocrx_word' id='word_1_658' title='bbox 2933 4342 3053 4392; x_wconf 85' lang='grc' dir='ltr'>τοῖς</span> <span class='ocrx_word' id='word_1_659' title='bbox 3113 4327 3407 4408; x_wconf 71' lang='grc' dir='ltr'>πλουσίοις,</span> <span class='ocrx_word' id='word_1_660' title='bbox 3440 4329 3469 4381; x_wconf 76' lang='grc' dir='ltr'>ὃ</span> <span class='ocrx_word' id='word_1_661' title='bbox 3515 4330 3598 4385; x_wconf 79' lang='grc' dir='ltr'>καὶ</span> <span class='ocrx_word' id='word_1_662' title='bbox 3632 4330 3733 4407; x_wconf 83' lang='grc' dir='ltr'>πρὸ</span> <span class='ocrx_word' id='word_1_663' title='bbox 3762 4326 3879 4385; x_wconf 85' lang='grc' dir='ltr'><strong>ὀλί-</strong></span> 
     </span>
    </p>
   </div>
   <div class='ocr_carea' id='block_1_92' title="bbox 500 4415 2142 4501">
    <p class='ocr_par' dir='ltr' id='par_1_92' title="bbox 500 4417 1859 4497">
     <span class='ocr_line' id='line_1_92' title="bbox 500 4417 1859 4497; baseline -0.004 -11"><span class='ocrx_word' id='word_1_664' title='bbox 500 4424 771 4486; x_wconf 87' lang='lat' dir='ltr'><strong>nolentes</strong></span> <span class='ocrx_word' id='word_1_665' title='bbox 800 4420 1017 4481; x_wconf 90' lang='lat' dir='ltr'><strong>docere</strong></span> <span class='ocrx_word' id='word_1_666' title='bbox 1048 4436 1114 4477; x_wconf 78' lang='lat' dir='ltr'><strong>ea</strong></span> <span class='ocrx_word' id='word_1_667' title='bbox 1146 4436 1277 4497; x_wconf 80' lang='lat' dir='ltr'><strong>quae</strong></span> <span class='ocrx_word' id='word_1_668' title='bbox 1307 4417 1450 4495; x_wconf 92' lang='lat' dir='ltr'><strong>ipsis</strong></span> <span class='ocrx_word' id='word_1_669' title='bbox 1483 4418 1859 4482; x_wconf 91' lang='lat' dir='ltr'><strong>conveniant.</strong></span> 
     </span>
    </p>
   </div>
   <div class='ocr_carea' id='block_1_93' title="bbox 2226 4415 3882 4501">
    <p class='ocr_par' dir='ltr' id='par_1_93' title="bbox 2231 4415 3882 4501">
     <span class='ocr_line' id='line_1_93' title="bbox 2231 4415 3882 4501; baseline -0.002 -24"><span class='ocrx_word' id='word_1_670' title='bbox 2231 4444 2325 4501; x_wconf 78' lang='grc' dir='ltr'>γου</span> <span class='ocrx_word' id='word_1_671' title='bbox 2368 4422 2665 4500; x_wconf 78' lang='grc' dir='ltr'>παραινῶν,</span> <span class='ocrx_word' id='word_1_672' title='bbox 2709 4418 2793 4475; x_wconf 82' lang='grc' dir='ltr'>διὰ</span> <span class='ocrx_word' id='word_1_673' title='bbox 2845 4427 2998 4475; x_wconf 82' lang='grc' dir='ltr'>τοῦτο</span> <span class='ocrx_word' id='word_1_674' title='bbox 3043 4420 3168 4477; x_wconf 69' lang='grc' dir='ltr'>αὐτὸ</span> <span class='ocrx_word' id='word_1_675' title='bbox 3223 4415 3375 4474; x_wconf 83' lang='grc' dir='ltr'>δοκεῖ</span> <span class='ocrx_word' id='word_1_676' title='bbox 3431 4418 3529 4484; x_wconf 76' lang='grc' dir='ltr'>τὴν</span> <span class='ocrx_word' id='word_1_677' title='bbox 3572 4416 3882 4496; x_wconf 75' lang='grc' dir='ltr'>παραϐολὴν</span> 
     </span>
    </p>
   </div>
   <div class='ocr_carea' id='block_1_94' title="bbox 500 4505 3882 4591">
    <p class='ocr_par' dir='ltr' id='par_1_94' title="bbox 500 4505 3882 4591">
     <span class='ocr_line' id='line_1_94' title="bbox 500 4505 3882 4591; baseline -0.004 -18"><span class='ocrx_word' id='word_1_678' title='bbox 500 4519 695 4587; x_wconf 77' lang='grc' dir='ltr'>εἰπεῖν,</span> <span class='ocrx_word' id='word_1_679' title='bbox 731 4511 1077 4584; x_wconf 72' lang='grc' dir='ltr'>πιστούμενος</span> <span class='ocrx_word' id='word_1_680' title='bbox 1111 4506 1193 4563; x_wconf 69' lang='grc' dir='ltr'>διὰ</span> <span class='ocrx_word' id='word_1_681' title='bbox 1232 4509 1453 4586; x_wconf 46' lang='lat' dir='ltr'><strong>minus,</strong></span> <span class='ocrx_word' id='word_1_682' title='bbox 1487 4507 1565 4563; x_wconf 72' lang='grc' dir='ltr'><strong>ὅτι</strong></span> <span class='ocrx_word' id='word_1_683' title='bbox 1599 4510 1717 4573; x_wconf 75' lang='grc' dir='ltr'>τοὺς</span> <span class='ocrx_word' id='word_1_684' title='bbox 1748 4516 1998 4591; x_wconf 73' lang='grc' dir='ltr'>πτωχούς</span> <span class='ocrx_word' id='word_1_685' title='bbox 2028 4512 2113 4569; x_wconf 84' lang='grc' dir='ltr'>δεῖ</span> <span class='ocrx_word' id='word_1_686' title='bbox 2142 4514 2344 4584; x_wconf 82' lang='grc' dir='ltr'>ἐστιᾷν.</span> <span class='ocrx_word' id='word_1_687' title='bbox 2408 4512 2503 4567; x_wconf 83' lang='grc' dir='ltr'>Καὶ</span> <span class='ocrx_word' id='word_1_688' title='bbox 2551 4507 2682 4565; x_wconf 78' lang='grc' dir='ltr'>ἄλλο</span> <span class='ocrx_word' id='word_1_689' title='bbox 2712 4505 2766 4563; x_wconf 78' lang='grc' dir='ltr'><strong>δὲ</strong></span> <span class='ocrx_word' id='word_1_690' title='bbox 2796 4509 3154 4584; x_wconf 74' lang='grc' dir='ltr'>μανθάνομεν,</span> <span class='ocrx_word' id='word_1_691' title='bbox 3188 4509 3249 4563; x_wconf 84' lang='grc' dir='ltr'>τὸ</span> <span class='ocrx_word' id='word_1_692' title='bbox 3281 4505 3508 4587; x_wconf 77' lang='grc' dir='ltr'>ὀφείλειν</span> <span class='ocrx_word' id='word_1_693' title='bbox 3540 4506 3707 4570; x_wconf 73' lang='grc' dir='ltr'>οὕτως</span> <span class='ocrx_word' id='word_1_694' title='bbox 3739 4507 3882 4562; x_wconf 79' lang='grc' dir='ltr'>εἶναι</span> 
     </span>
    </p>
   </div>
   <div class='ocr_carea' id='block_1_95' title="bbox 499 4594 3884 4683">
    <p class='ocr_par' dir='ltr' id='par_1_95' title="bbox 499 4594 3884 4683">
     <span class='ocr_line' id='line_1_95' title="bbox 499 4594 3884 4683; baseline -0.002 -24"><span class='ocrx_word' id='word_1_695' title='bbox 499 4606 779 4683; x_wconf 76' lang='grc' dir='ltr'>πρόθυμοι,</span> <span class='ocrx_word' id='word_1_696' title='bbox 820 4602 904 4656; x_wconf 81' lang='grc' dir='ltr'><strong>καὶ</strong></span> <span class='ocrx_word' id='word_1_697' title='bbox 928 4599 1197 4677; x_wconf 78' lang='grc' dir='ltr'>φιλότιμοι</span> <span class='ocrx_word' id='word_1_698' title='bbox 1230 4598 1346 4675; x_wconf 82' lang='grc' dir='ltr'>περὶ</span> <span class='ocrx_word' id='word_1_699' title='bbox 1376 4599 1471 4663; x_wconf 74' lang='grc' dir='ltr'>τὴν</span> <span class='ocrx_word' id='word_1_700' title='bbox 1506 4598 1780 4678; x_wconf 68' lang='grc' dir='ltr'>ὕποδοχῂν</span> <span class='ocrx_word' id='word_1_701' title='bbox 1812 4604 1914 4656; x_wconf 84' lang='grc' dir='ltr'>τῶν</span> <span class='ocrx_word' id='word_1_702' title='bbox 1946 4601 2209 4683; x_wconf 68' lang='grc' dir='ltr'>ἀδελφῶν,</span> <span class='ocrx_word' id='word_1_703' title='bbox 2244 4603 2379 4659; x_wconf 77' lang='grc' dir='ltr'>ὥστε</span> <span class='ocrx_word' id='word_1_704' title='bbox 2411 4602 2500 4656; x_wconf 82' lang='grc' dir='ltr'><strong>καὶ</strong></span> <span class='ocrx_word' id='word_1_705' title='bbox 2532 4600 2609 4675; x_wconf 76' lang='grc' dir='ltr'>μὴ</span> <span class='ocrx_word' id='word_1_706' title='bbox 2640 4597 2886 4661; x_wconf 84' lang='grc' dir='ltr'>θέλοντας</span> <span class='ocrx_word' id='word_1_707' title='bbox 2938 4598 3250 4676; x_wconf 82' lang='grc' dir='ltr'>ἀνργκάζειν</span> <span class='ocrx_word' id='word_1_708' title='bbox 3279 4599 3412 4675; x_wconf 75' lang='grc' dir='ltr'>πρὸς</span> <span class='ocrx_word' id='word_1_709' title='bbox 3445 4599 3505 4653; x_wconf 84' lang='grc' dir='ltr'>τὸ</span> <span class='ocrx_word' id='word_1_710' title='bbox 3535 4594 3884 4673; x_wconf 75' lang='grc' dir='ltr'>μεταλαμϐά-</span> 
     </span>
    </p>
   </div>
   <div class='ocr_carea' id='block_1_96' title="bbox 499 4684 3884 4771">
    <p class='ocr_par' dir='ltr' id='par_1_96' title="bbox 499 4684 3884 4771">
     <span class='ocr_line' id='line_1_96' title="bbox 499 4684 3884 4771; baseline -0.003 -20"><span class='ocrx_word' id='word_1_711' title='bbox 499 4718 603 4751; x_wconf 89' lang='grc' dir='ltr'>νειν</span> <span class='ocrx_word' id='word_1_712' title='bbox 636 4699 738 4749; x_wconf 80' lang='grc' dir='ltr'><strong>τῶν</strong></span> <span class='ocrx_word' id='word_1_713' title='bbox 770 4692 1044 4769; x_wconf 73' lang='grc' dir='ltr'>ἡμετέρων</span> <span class='ocrx_word' id='word_1_714' title='bbox 1075 4688 1307 4765; x_wconf 59' lang='grc' dir='ltr'>ἀγαθὼ»,</span> <span class='ocrx_word' id='word_1_715' title='bbox 1343 4694 1505 4743; x_wconf 77' lang='grc' dir='ltr'>Τοῦτο</span> <span class='ocrx_word' id='word_1_716' title='bbox 1536 4689 1623 4743; x_wconf 78' lang='grc' dir='ltr'><strong>καὶ</strong></span> <span class='ocrx_word' id='word_1_717' title='bbox 1652 4704 1769 4751; x_wconf 85' lang='grc' dir='ltr'>τοῖς</span> <span class='ocrx_word' id='word_1_718' title='bbox 1803 4689 2097 4749; x_wconf 65' lang='grc' dir='ltr'>διδάσκουσι</span> <span class='ocrx_word' id='word_1_719' title='bbox 2130 4692 2342 4771; x_wconf 86' lang='grc' dir='ltr'>μεγάλη</span> <span class='ocrx_word' id='word_1_720' title='bbox 2375 4688 2629 4762; x_wconf 83' lang='grc' dir='ltr'>νουθεσία,</span> <span class='ocrx_word' id='word_1_721' title='bbox 2664 4688 2799 4743; x_wconf 80' lang='grc' dir='ltr'>ὥστε</span> <span class='ocrx_word' id='word_1_722' title='bbox 2830 4690 2921 4745; x_wconf 76' lang='grc' dir='ltr'><strong>καὶ</strong></span> <span class='ocrx_word' id='word_1_723' title='bbox 2942 4685 3169 4750; x_wconf 77' lang='grc' dir='ltr'>ἄκοντας</span> <span class='ocrx_word' id='word_1_724' title='bbox 3200 4686 3322 4749; x_wconf 88' lang='grc' dir='ltr'>τοὺς</span> <span class='ocrx_word' id='word_1_725' title='bbox 3353 4688 3595 4761; x_wconf 80' lang='grc' dir='ltr'>μαθητὰς</span> <span class='ocrx_word' id='word_1_726' title='bbox 3619 4684 3884 4743; x_wconf 87' lang='grc' dir='ltr'>παιδεύειν</span> 
     </span>
    </p>
   </div>
   <div class='ocr_carea' id='block_1_97' title="bbox 496 4804 723 4842">
    <p class='ocr_par' dir='ltr' id='par_1_97' title="bbox 496 4804 723 4842">
     <span class='ocr_line' id='line_1_97' title="bbox 496 4804 723 4842; baseline -0.004 -5"><span class='ocrx_word' id='word_1_727' title='bbox 496 4808 557 4840; x_wconf 82' lang='grc' dir='ltr'>το</span> <span class='ocrx_word' id='word_1_728' title='bbox 586 4804 699 4837; x_wconf 73' lang='grc' dir='ltr'>θεον</span> <span class='ocrx_word' id='word_1_729' title='bbox 712 4831 723 4842; x_wconf 84' lang='grc'><strong>,</strong></span> 
     </span>
    </p>
   </div>
   <div class='ocr_carea' id='block_1_98' title="bbox 581 4865 2143 4934">
    <p class='ocr_par' dir='ltr' id='par_1_98' title="bbox 581 4865 2143 4934">
     <span class='ocr_line' id='line_1_98' title="bbox 581 4865 2143 4934; baseline -0.001 0"><span class='ocrx_word' id='word_1_730' title='bbox 581 4871 765 4934; x_wconf 70' lang='lat' dir='ltr'><strong>Vnus.</strong></span> <span class='ocrx_word' id='word_1_731' title='bbox 799 4869 1017 4930; x_wconf 78' lang='lat'><strong>‘25-27.</strong></span> <span class='ocrx_word' id='word_1_732' title='bbox 1057 4892 1082 4921; x_wconf 76' lang='grc' dir='ltr'><strong>α</strong></span> <span class='ocrx_word' id='word_1_733' title='bbox 1130 4865 1297 4926; x_wconf 86' lang='lat' dir='ltr'><strong>[bant</strong></span> <span class='ocrx_word' id='word_1_734' title='bbox 1326 4874 1520 4925; x_wconf 86' lang='lat' dir='ltr'><strong>autem</strong></span> <span class='ocrx_word' id='word_1_735' title='bbox 1565 4868 1752 4929; x_wconf 70' lang='lat' dir='ltr'><strong>turbas</strong></span> <span class='ocrx_word' id='word_1_736' title='bbox 1783 4870 1981 4931; x_wconf 67' lang='lat' dir='ltr'><strong>multae</strong></span> <span class='ocrx_word' id='word_1_737' title='bbox 2010 4891 2143 4933; x_wconf 90' lang='lat' dir='ltr'><strong>cum</strong></span> 
     </span>
    </p>
   </div>
   <div class='ocr_carea' id='block_1_99' title="bbox 501 4954 2145 5037">
    <p class='ocr_par' dir='ltr' id='par_1_99' title="bbox 501 4954 2145 5037">
     <span class='ocr_line' id='line_1_99' title="bbox 501 4954 2145 5037; baseline 0 -14"><span class='ocrx_word' id='word_1_738' title='bbox 501 4983 591 5037; x_wconf 91' lang='lat' dir='ltr'><strong>eo,</strong></span> <span class='ocrx_word' id='word_1_739' title='bbox 631 4969 687 5021; x_wconf 93' lang='lat' dir='ltr'><strong>et</strong></span> <span class='ocrx_word' id='word_1_740' title='bbox 719 4976 1039 5021; x_wconf 87' lang='lat' dir='ltr'><strong>conversus</strong></span> <span class='ocrx_word' id='word_1_741' title='bbox 1070 4955 1224 5015; x_wconf 70' lang='lat' dir='ltr'><strong>dixit</strong></span> <span class='ocrx_word' id='word_1_742' title='bbox 1254 4955 1324 5015; x_wconf 84' lang='lat' dir='ltr'><strong>ad</strong></span> <span class='ocrx_word' id='word_1_743' title='bbox 1356 4954 1490 5015; x_wconf 90' lang='lat' dir='ltr'><strong>illos</strong></span> <span class='ocrx_word' id='word_1_744' title='bbox 1533 4978 1544 5018; x_wconf 94' lang='lat'>:</span> <span class='ocrx_word' id='word_1_745' title='bbox 1598 4955 1657 5018; x_wconf 90' lang='lat' dir='ltr'><strong>Si</strong></span> <span class='ocrx_word' id='word_1_746' title='bbox 1705 4959 1837 5037; x_wconf 89' lang='lat' dir='ltr'><strong>quis</strong></span> <span class='ocrx_word' id='word_1_747' title='bbox 1883 4962 2045 5022; x_wconf 88' lang='lat' dir='ltr'><strong>venit</strong></span> <span class='ocrx_word' id='word_1_748' title='bbox 2073 4963 2145 5023; x_wconf 89' lang='lat' dir='ltr'><strong>ad</strong></span> 
     </span>
    </p>
   </div>
   <div class='ocr_carea' id='block_1_100' title="bbox 502 5048 2143 5129">
    <p class='ocr_par' dir='ltr' id='par_1_100' title="bbox 502 5048 2143 5129">
     <span class='ocr_line' id='line_1_100' title="bbox 502 5048 2143 5129; baseline -0.001 -16"><span class='ocrx_word' id='word_1_749' title='bbox 502 5071 619 5124; x_wconf 93' lang='lat' dir='ltr'><strong>me,</strong></span> <span class='ocrx_word' id='word_1_750' title='bbox 659 5070 768 5110; x_wconf 92' lang='lat' dir='ltr'><strong>nec</strong></span> <span class='ocrx_word' id='word_1_751' title='bbox 800 5048 922 5109; x_wconf 88' lang='lat' dir='ltr'><strong>odit</strong></span> <span class='ocrx_word' id='word_1_752' title='bbox 954 5055 1177 5127; x_wconf 90' lang='lat' dir='ltr'><strong>patrem</strong></span> <span class='ocrx_word' id='word_1_753' title='bbox 1204 5063 1374 5106; x_wconf 91' lang='lat' dir='ltr'><strong>suum</strong></span> <span class='ocrx_word' id='word_1_754' title='bbox 1410 5064 1476 5108; x_wconf 90' lang='lat' dir='ltr'><strong>ac</strong></span> <span class='ocrx_word' id='word_1_755' title='bbox 1508 5056 1780 5129; x_wconf 90' lang='lat' dir='ltr'><strong>matrem,</strong></span> <span class='ocrx_word' id='word_1_756' title='bbox 1814 5058 1871 5110; x_wconf 87' lang='lat' dir='ltr'><strong>et</strong></span> <span class='ocrx_word' id='word_1_757' title='bbox 1902 5070 2143 5112; x_wconf 81' lang='lat' dir='ltr'><strong>uxorem</strong></span> 
     </span>
    </p>
   </div>
   <div class='ocr_carea' id='block_1_101' title="bbox 500 5139 2149 5215">
    <p class='ocr_par' dir='ltr' id='par_1_101' title="bbox 500 5139 2149 5215">
     <span class='ocr_line' id='line_1_101' title="bbox 500 5139 2149 5215; baseline 0.001 -14"><span class='ocrx_word' id='word_1_758' title='bbox 500 5161 569 5201; x_wconf 88' lang='lat' dir='ltr'><strong>ac</strong></span> <span class='ocrx_word' id='word_1_759' title='bbox 601 5140 774 5212; x_wconf 82' lang='lat' dir='ltr'><strong>ﬁlios,</strong></span> <span class='ocrx_word' id='word_1_760' title='bbox 813 5146 871 5199; x_wconf 90' lang='lat' dir='ltr'><strong>et</strong></span> <span class='ocrx_word' id='word_1_761' title='bbox 902 5139 1110 5197; x_wconf 84' lang='lat' dir='ltr'><strong>fratres</strong></span> <span class='ocrx_word' id='word_1_762' title='bbox 1143 5143 1203 5194; x_wconf 86' lang='lat' dir='ltr'><strong>et</strong></span> <span class='ocrx_word' id='word_1_763' title='bbox 1230 5152 1489 5213; x_wconf 85' lang='lat' dir='ltr'><strong>sorores,</strong></span> <span class='ocrx_word' id='word_1_764' title='bbox 1542 5147 1827 5215; x_wconf 68' lang='lat' dir='ltr'><strong>prazterea</strong></span> <span class='ocrx_word' id='word_1_765' title='bbox 1863 5152 2058 5201; x_wconf 85' lang='lat' dir='ltr'><strong>autem</strong></span> <span class='ocrx_word' id='word_1_766' title='bbox 2091 5152 2149 5202; x_wconf 90' lang='lat' dir='ltr'><strong>et</strong></span> 
     </span>
    </p>
   </div>
   <div class='ocr_carea' id='block_1_102' title="bbox 500 5228 2139 5308">
    <p class='ocr_par' dir='ltr' id='par_1_102' title="bbox 500 5228 2139 5308">
     <span class='ocr_line' id='line_1_102' title="bbox 500 5228 2139 5308; baseline 0.002 -18"><span class='ocrx_word' id='word_1_767' title='bbox 500 5230 757 5291; x_wconf 90' lang='lat' dir='ltr'><strong>animam</strong></span> <span class='ocrx_word' id='word_1_768' title='bbox 790 5246 977 5306; x_wconf 89' lang='lat' dir='ltr'><strong>suam,</strong></span> <span class='ocrx_word' id='word_1_769' title='bbox 1014 5244 1131 5285; x_wconf 91' lang='lat' dir='ltr'><strong>non</strong></span> <span class='ocrx_word' id='word_1_770' title='bbox 1172 5231 1362 5303; x_wconf 89' lang='lat' dir='ltr'><strong>potest</strong></span> <span class='ocrx_word' id='word_1_771' title='bbox 1402 5243 1568 5284; x_wconf 90' lang='lat' dir='ltr'><strong>meus</strong></span> <span class='ocrx_word' id='word_1_772' title='bbox 1602 5244 1735 5288; x_wconf 92' lang='lat' dir='ltr'><strong>esse</strong></span> <span class='ocrx_word' id='word_1_773' title='bbox 1766 5228 2093 5308; x_wconf 91' lang='lat' dir='ltr'><strong>discipulus</strong></span> <span class='ocrx_word' id='word_1_774' title='bbox 2125 5253 2139 5294; x_wconf 86' lang='lat'>:</span> 
     </span>
    </p>
   </div>
   <div class='ocr_carea' id='block_1_103' title="bbox 502 5313 2149 5399">
    <p class='ocr_par' dir='ltr' id='par_1_103' title="bbox 502 5313 2149 5399">
     <span class='ocr_line' id='line_1_103' title="bbox 502 5313 2149 5399; baseline 0.001 -20"><span class='ocrx_word' id='word_1_775' title='bbox 502 5330 559 5379; x_wconf 93' lang='lat' dir='ltr'><strong>et</strong></span> <span class='ocrx_word' id='word_1_776' title='bbox 590 5318 855 5399; x_wconf 84' lang='lat' dir='ltr'><strong>quisquis</strong></span> <span class='ocrx_word' id='word_1_777' title='bbox 876 5335 990 5376; x_wconf 91' lang='lat' dir='ltr'><strong>non</strong></span> <span class='ocrx_word' id='word_1_778' title='bbox 1019 5313 1239 5393; x_wconf 86' lang='lat' dir='ltr'><strong>bajulat</strong></span> <span class='ocrx_word' id='word_1_779' title='bbox 1270 5329 1507 5373; x_wconf 86' lang='lat' dir='ltr'><strong>crucem</strong></span> <span class='ocrx_word' id='word_1_780' title='bbox 1532 5333 1697 5376; x_wconf 91' lang='lat' dir='ltr'><strong>suam</strong></span> <span class='ocrx_word' id='word_1_781' title='bbox 1733 5326 1789 5377; x_wconf 93' lang='lat' dir='ltr'><strong>et</strong></span> <span class='ocrx_word' id='word_1_782' title='bbox 1818 5318 1975 5379; x_wconf 91' lang='lat' dir='ltr'><strong>venit</strong></span> <span class='ocrx_word' id='word_1_783' title='bbox 2019 5329 2149 5399; x_wconf 88' lang='lat' dir='ltr'><strong>post</strong></span> 
     </span>
    </p>
   </div>
   <div class='ocr_carea' id='block_1_104' title="bbox 504 5403 2142 5485">
    <p class='ocr_par' dir='ltr' id='par_1_104' title="bbox 504 5403 2142 5485">
     <span class='ocr_line' id='line_1_104' title="bbox 504 5403 2142 5485; baseline 0 -16"><span class='ocrx_word' id='word_1_784' title='bbox 504 5426 623 5479; x_wconf 91' lang='lat' dir='ltr'><strong>me,</strong></span> <span class='ocrx_word' id='word_1_785' title='bbox 659 5426 774 5467; x_wconf 91' lang='lat' dir='ltr'><strong>non</strong></span> <span class='ocrx_word' id='word_1_786' title='bbox 808 5414 998 5485; x_wconf 91' lang='lat' dir='ltr'><strong>potest</strong></span> <span class='ocrx_word' id='word_1_787' title='bbox 1027 5421 1196 5464; x_wconf 92' lang='lat' dir='ltr'><strong>meus</strong></span> <span class='ocrx_word' id='word_1_788' title='bbox 1232 5420 1362 5463; x_wconf 90' lang='lat' dir='ltr'><strong>esse</strong></span> <span class='ocrx_word' id='word_1_789' title='bbox 1403 5403 1753 5484; x_wconf 87' lang='lat' dir='ltr'><strong>discipulus.</strong></span> <span class='ocrx_word' id='word_1_790' title='bbox 1790 5432 1815 5462; x_wconf 85' lang='lat'>»</span> <span class='ocrx_word' id='word_1_791' title='bbox 1852 5408 2142 5479; x_wconf 89' lang='lat' dir='ltr'><strong>Quoniam</strong></span> 
     </span>
    </p>
   </div>
   <div class='ocr_carea' id='block_1_105' title="bbox 504 5490 2144 5570">
    <p class='ocr_par' dir='ltr' id='par_1_105' title="bbox 504 5490 2144 5570">
     <span class='ocr_line' id='line_1_105' title="bbox 504 5490 2144 5570; baseline 0.002 -14"><span class='ocrx_word' id='word_1_792' title='bbox 504 5498 673 5557; x_wconf 90' lang='lat' dir='ltr'><strong>multi</strong></span> <span class='ocrx_word' id='word_1_793' title='bbox 693 5495 854 5556; x_wconf 88' lang='lat' dir='ltr'><strong>ibant</strong></span> <span class='ocrx_word' id='word_1_794' title='bbox 875 5512 1007 5554; x_wconf 89' lang='lat' dir='ltr'><strong>cum</strong></span> <span class='ocrx_word' id='word_1_795' title='bbox 1026 5492 1192 5567; x_wconf 85' lang='lat' dir='ltr'><strong>Jesu,</strong></span> <span class='ocrx_word' id='word_1_796' title='bbox 1217 5490 1318 5570; x_wconf 92' lang='lat' dir='ltr'><strong>qui</strong></span> <span class='ocrx_word' id='word_1_797' title='bbox 1340 5510 1457 5552; x_wconf 92' lang='lat' dir='ltr'><strong>nen</strong></span> <span class='ocrx_word' id='word_1_798' title='bbox 1483 5512 1621 5553; x_wconf 92' lang='lat' dir='ltr'><strong>cum</strong></span> <span class='ocrx_word' id='word_1_799' title='bbox 1657 5500 1816 5558; x_wconf 92' lang='lat' dir='ltr'><strong>omni</strong></span> <span class='ocrx_word' id='word_1_800' title='bbox 1840 5497 2144 5560; x_wconf 86' lang='lat' dir='ltr'><strong>alacritate</strong></span> 
     </span>
    </p>
   </div>
   <div class='ocr_carea' id='block_1_106' title="bbox 501 5582 2139 5663">
    <p class='ocr_par' dir='ltr' id='par_1_106' title="bbox 501 5582 2139 5663">
     <span class='ocr_line' id='line_1_106' title="bbox 501 5582 2139 5663; baseline 0.001 -16"><span class='ocrx_word' id='word_1_801' title='bbox 501 5596 559 5647; x_wconf 91' lang='lat' dir='ltr'><strong>et</strong></span> <span class='ocrx_word' id='word_1_802' title='bbox 585 5585 921 5646; x_wconf 90' lang='lat' dir='ltr'><strong>obedientia</strong></span> <span class='ocrx_word' id='word_1_803' title='bbox 951 5582 1373 5662; x_wconf 81' lang='lat' dir='ltr'><strong>sequebantur,</strong></span> <span class='ocrx_word' id='word_1_804' title='bbox 1404 5582 1505 5641; x_wconf 91' lang='lat' dir='ltr'><strong>sed</strong></span> <span class='ocrx_word' id='word_1_805' title='bbox 1556 5584 1891 5663; x_wconf 82' lang='lat' dir='ltr'><strong>frigidiores</strong></span> <span class='ocrx_word' id='word_1_806' title='bbox 1930 5596 2139 5655; x_wconf 82' lang='lat' dir='ltr'><strong>erant;</strong></span> 
     </span>
    </p>
   </div>
   <div class='ocr_carea' id='block_1_107' title="bbox 502 5671 2140 5759">
    <p class='ocr_par' dir='ltr' id='par_1_107' title="bbox 502 5671 2140 5759">
     <span class='ocr_line' id='line_1_107' title="bbox 502 5671 2140 5759; baseline 0.004 -28"><span class='ocrx_word' id='word_1_807' title='bbox 502 5676 675 5737; x_wconf 75' lang='lat' dir='ltr'><strong>ducet</strong></span> <span class='ocrx_word' id='word_1_808' title='bbox 706 5693 805 5736; x_wconf 84' lang='lat' dir='ltr'><strong>eos</strong></span> <span class='ocrx_word' id='word_1_809' title='bbox 837 5672 1073 5753; x_wconf 90' lang='lat' dir='ltr'><strong>qualem</strong></span> <span class='ocrx_word' id='word_1_810' title='bbox 1112 5679 1378 5751; x_wconf 87' lang='lat' dir='ltr'><strong>oporteat</strong></span> <span class='ocrx_word' id='word_1_811' title='bbox 1429 5671 1565 5731; x_wconf 71' lang='lat'><strong>400</strong></span> <span class='ocrx_word' id='word_1_812' title='bbox 1613 5692 1746 5736; x_wconf 86' lang='lat' dir='ltr'><strong>esse</strong></span> <span class='ocrx_word' id='word_1_813' title='bbox 1784 5676 2140 5759; x_wconf 89' lang='lat' dir='ltr'><strong>discipulum</strong></span> 
     </span>
    </p>
   </div>
   <div class='ocr_carea' id='block_1_108' title="bbox 2318 4865 3883 4949">
    <p class='ocr_par' dir='ltr' id='par_1_108' title="bbox 2318 4865 3883 4949">
     <span class='ocr_line' id='line_1_108' title="bbox 2318 4865 3883 4949; baseline -0.004 -22"><span class='ocrx_word' id='word_1_814' title='bbox 2318 4893 2341 4927; x_wconf 71' lang='grc' dir='ltr'><strong>ο</strong></span> <span class='ocrx_word' id='word_1_815' title='bbox 2378 4869 2795 4949; x_wconf 84' lang='grc' dir='ltr'>Συνεπορεύοντο</span> <span class='ocrx_word' id='word_1_816' title='bbox 2837 4866 2891 4922; x_wconf 78' lang='grc' dir='ltr'>δὲ</span> <span class='ocrx_word' id='word_1_817' title='bbox 2950 4870 3092 4940; x_wconf 79' lang='grc' dir='ltr'>αὒτῷ</span> <span class='ocrx_word' id='word_1_818' title='bbox 3122 4866 3281 4947; x_wconf 87' lang='grc' dir='ltr'>ὄχλοι</span> <span class='ocrx_word' id='word_1_819' title='bbox 3326 4865 3539 4947; x_wconf 86' lang='grc' dir='ltr'>πολλοὶ,</span> <span class='ocrx_word' id='word_1_820' title='bbox 3587 4869 3676 4923; x_wconf 89' lang='grc' dir='ltr'><strong>καὶ</strong></span> <span class='ocrx_word' id='word_1_821' title='bbox 3718 4885 3883 4944; x_wconf 69' lang='grc' dir='ltr'>στρα-</span> 
     </span>
    </p>
   </div>
   <div class='ocr_carea' id='block_1_109' title="bbox 2230 4956 3882 5041">
    <p class='ocr_par' dir='ltr' id='par_1_109' title="bbox 2230 4956 3882 5041">
     <span class='ocr_line' id='line_1_109' title="bbox 2230 4956 3882 5041; baseline -0.004 -23"><span class='ocrx_word' id='word_1_822' title='bbox 2230 4964 2340 5041; x_wconf 86' lang='grc' dir='ltr'>φεὶς</span> <span class='ocrx_word' id='word_1_823' title='bbox 2401 4961 2528 5016; x_wconf 77' lang='grc' dir='ltr'>εἶπε</span> <span class='ocrx_word' id='word_1_824' title='bbox 2573 4960 2703 5037; x_wconf 82' lang='grc' dir='ltr'>πρὸς</span> <span class='ocrx_word' id='word_1_825' title='bbox 2737 4958 2923 5021; x_wconf 74' lang='grc' dir='ltr'>αὐτούς</span> <span class='ocrx_word' id='word_1_826' title='bbox 2960 4977 2975 4993; x_wconf 81' lang='grc'>⁸</span> <span class='ocrx_word' id='word_1_827' title='bbox 3042 4958 3108 5014; x_wconf 75' lang='grc' dir='ltr'>Εἴ</span> <span class='ocrx_word' id='word_1_828' title='bbox 3151 4979 3231 5020; x_wconf 92' lang='grc' dir='ltr'><strong>τις</strong></span> <span class='ocrx_word' id='word_1_829' title='bbox 3264 4956 3481 5036; x_wconf 72' lang='grc' dir='ltr'>ἔρχεται</span> <span class='ocrx_word' id='word_1_830' title='bbox 3513 4957 3642 5037; x_wconf 89' lang='grc' dir='ltr'>πρός</span> <span class='ocrx_word' id='word_1_831' title='bbox 3675 4977 3763 5035; x_wconf 86' lang='grc' dir='ltr'><strong>με,</strong></span> <span class='ocrx_word' id='word_1_832' title='bbox 3796 4957 3882 5011; x_wconf 86' lang='grc' dir='ltr'><strong>καὶ</strong></span> 
     </span>
    </p>
   </div>
   <div class='ocr_carea' id='block_1_110' title="bbox 2231 5045 3882 5126">
    <p class='ocr_par' dir='ltr' id='par_1_110' title="bbox 2231 5045 3882 5126">
     <span class='ocr_line' id='line_1_110' title="bbox 2231 5045 3882 5126; baseline -0.006 -17"><span class='ocrx_word' id='word_1_833' title='bbox 2231 5055 2290 5109; x_wconf 76' lang='grc' dir='ltr'><strong>οὐ</strong></span> <span class='ocrx_word' id='word_1_834' title='bbox 2332 5061 2486 5126; x_wconf 87' lang='grc' dir='ltr'>μισεῖ</span> <span class='ocrx_word' id='word_1_835' title='bbox 2516 5050 2605 5103; x_wconf 85' lang='grc' dir='ltr'><strong>τὸν</strong></span> <span class='ocrx_word' id='word_1_836' title='bbox 2636 5046 2836 5124; x_wconf 86' lang='grc' dir='ltr'>πατέρα</span> <span class='ocrx_word' id='word_1_837' title='bbox 2867 5048 3046 5121; x_wconf 74' lang='grc' dir='ltr'>αὐτοῦ,</span> <span class='ocrx_word' id='word_1_838' title='bbox 3102 5047 3189 5102; x_wconf 90' lang='grc' dir='ltr'><strong>καὶ</strong></span> <span class='ocrx_word' id='word_1_839' title='bbox 3244 5046 3344 5114; x_wconf 76' lang='grc' dir='ltr'>τὴν</span> <span class='ocrx_word' id='word_1_840' title='bbox 3389 5045 3593 5123; x_wconf 77' lang='grc' dir='ltr'>μητέρα</span> <span class='ocrx_word' id='word_1_841' title='bbox 3648 5047 3736 5101; x_wconf 87' lang='grc' dir='ltr'><strong>καὶ</strong></span> <span class='ocrx_word' id='word_1_842' title='bbox 3787 5045 3882 5111; x_wconf 79' lang='grc' dir='ltr'>τὴν</span> 
     </span>
    </p>
   </div>
   <div class='ocr_carea' id='block_1_111' title="bbox 2231 5131 3883 5217">
    <p class='ocr_par' dir='ltr' id='par_1_111' title="bbox 2231 5131 3883 5217">
     <span class='ocr_line' id='line_1_111' title="bbox 2231 5131 3883 5217; baseline -0.004 -22"><span class='ocrx_word' id='word_1_843' title='bbox 2231 5152 2483 5217; x_wconf 81' lang='grc' dir='ltr'>γυναῖκα,</span> <span class='ocrx_word' id='word_1_844' title='bbox 2542 5138 2627 5192; x_wconf 83' lang='grc' dir='ltr'><strong>καὶ</strong></span> <span class='ocrx_word' id='word_1_845' title='bbox 2671 5137 2737 5195; x_wconf 77' lang='grc' dir='ltr'><strong>τὰ</strong></span> <span class='ocrx_word' id='word_1_846' title='bbox 2792 5135 2972 5216; x_wconf 86' lang='grc' dir='ltr'>τέκνα,</span> <span class='ocrx_word' id='word_1_847' title='bbox 3032 5138 3120 5192; x_wconf 88' lang='grc' dir='ltr'><strong>καὶ</strong></span> <span class='ocrx_word' id='word_1_848' title='bbox 3163 5136 3284 5199; x_wconf 80' lang='grc' dir='ltr'>τοὺς</span> <span class='ocrx_word' id='word_1_849' title='bbox 3337 5131 3617 5215; x_wconf 81' lang='grc' dir='ltr'>ἀδελφοὺς,</span> <span class='ocrx_word' id='word_1_850' title='bbox 3650 5136 3738 5191; x_wconf 88' lang='grc' dir='ltr'><strong>καὶ</strong></span> <span class='ocrx_word' id='word_1_851' title='bbox 3790 5135 3883 5196; x_wconf 82' lang='grc' dir='ltr'>τὰς</span> 
     </span>
    </p>
   </div>
   <div class='ocr_carea' id='block_1_112' title="bbox 2228 5221 3885 5308">
    <p class='ocr_par' dir='ltr' id='par_1_112' title="bbox 2228 5221 3885 5308">
     <span class='ocr_line' id='line_1_112' title="bbox 2228 5221 3885 5308; baseline -0.004 -23"><span class='ocrx_word' id='word_1_852' title='bbox 2228 5228 2478 5308; x_wconf 81' lang='grc' dir='ltr'>ἀδελφὰς,</span> <span class='ocrx_word' id='word_1_853' title='bbox 2541 5226 2616 5282; x_wconf 80' lang='grc' dir='ltr'><strong>ἔτι</strong></span> <span class='ocrx_word' id='word_1_854' title='bbox 2662 5224 2715 5281; x_wconf 79' lang='grc' dir='ltr'><strong>δὲ</strong></span> <span class='ocrx_word' id='word_1_855' title='bbox 2760 5226 2848 5281; x_wconf 84' lang='grc' dir='ltr'>καὶ</span> <span class='ocrx_word' id='word_1_856' title='bbox 2904 5227 2999 5294; x_wconf 76' lang='grc' dir='ltr'>τὴν</span> <span class='ocrx_word' id='word_1_857' title='bbox 3052 5226 3239 5282; x_wconf 77' lang='grc' dir='ltr'>ἑαυτοῦ</span> <span class='ocrx_word' id='word_1_858' title='bbox 3309 5227 3518 5304; x_wconf 71' lang='grc' dir='ltr'>ψυχὴν,</span> <span class='ocrx_word' id='word_1_859' title='bbox 3565 5241 3623 5281; x_wconf 82' lang='grc' dir='ltr'><strong>ου</strong></span> <span class='ocrx_word' id='word_1_860' title='bbox 3676 5221 3885 5281; x_wconf 81' lang='grc' dir='ltr'>δύναταί</span> 
     </span>
    </p>
   </div>
   <div class='ocr_carea' id='block_1_113' title="bbox 2228 5313 3882 5392">
    <p class='ocr_par' dir='ltr' id='par_1_113' title="bbox 2228 5313 3882 5392">
     <span class='ocr_line' id='line_1_113' title="bbox 2228 5313 3882 5392; baseline -0.003 -19"><span class='ocrx_word' id='word_1_861' title='bbox 2228 5340 2329 5392; x_wconf 93' lang='grc' dir='ltr'>μου</span> <span class='ocrx_word' id='word_1_862' title='bbox 2381 5317 2523 5373; x_wconf 78' lang='grc' dir='ltr'>εἶναι</span> <span class='ocrx_word' id='word_1_863' title='bbox 2557 5316 2801 5391; x_wconf 75' lang='grc' dir='ltr'>μαθητής</span> <span class='ocrx_word' id='word_1_864' title='bbox 2840 5334 2853 5347; x_wconf 87' lang='grc'><strong>·</strong></span> <span class='ocrx_word' id='word_1_865' title='bbox 2902 5316 2989 5371; x_wconf 84' lang='grc' dir='ltr'><strong>καὶ</strong></span> <span class='ocrx_word' id='word_1_866' title='bbox 3020 5313 3167 5379; x_wconf 83' lang='grc' dir='ltr'>ὅστις</span> <span class='ocrx_word' id='word_1_867' title='bbox 3212 5313 3272 5369; x_wconf 75' lang='grc' dir='ltr'><strong>ού</strong></span> <span class='ocrx_word' id='word_1_868' title='bbox 3302 5314 3550 5389; x_wconf 70' lang='grc' dir='ltr'>βαστάζει</span> <span class='ocrx_word' id='word_1_869' title='bbox 3582 5315 3672 5371; x_wconf 86' lang='grc' dir='ltr'>τὸν</span> <span class='ocrx_word' id='word_1_870' title='bbox 3716 5334 3882 5369; x_wconf 85' lang='grc' dir='ltr'>σταυ-</span> 
     </span>
    </p>
   </div>
   <div class='ocr_carea' id='block_1_114' title="bbox 2228 5402 3885 5486">
    <p class='ocr_par' dir='ltr' id='par_1_114' title="bbox 2228 5402 3885 5486">
     <span class='ocr_line' id='line_1_114' title="bbox 2228 5402 3885 5486; baseline -0.002 -24"><span class='ocrx_word' id='word_1_871' title='bbox 2228 5410 2314 5486; x_wconf 78' lang='grc' dir='ltr'>ρὸν</span> <span class='ocrx_word' id='word_1_872' title='bbox 2377 5406 2558 5480; x_wconf 77' lang='grc' dir='ltr'>αὐτοῦ,</span> <span class='ocrx_word' id='word_1_873' title='bbox 2605 5406 2692 5460; x_wconf 87' lang='grc' dir='ltr'><strong>καὶ</strong></span> <span class='ocrx_word' id='word_1_874' title='bbox 2752 5403 2971 5483; x_wconf 75' lang='grc' dir='ltr'>ἔρχεται</span> <span class='ocrx_word' id='word_1_875' title='bbox 3016 5404 3188 5460; x_wconf 86' lang='grc' dir='ltr'>ὀπίσω</span> <span class='ocrx_word' id='word_1_876' title='bbox 3246 5425 3371 5479; x_wconf 87' lang='grc' dir='ltr'>μου,</span> <span class='ocrx_word' id='word_1_877' title='bbox 3433 5404 3492 5459; x_wconf 80' lang='grc' dir='ltr'><strong>ού</strong></span> <span class='ocrx_word' id='word_1_878' title='bbox 3533 5402 3743 5459; x_wconf 83' lang='grc' dir='ltr'>δύναταί</span> <span class='ocrx_word' id='word_1_879' title='bbox 3782 5425 3885 5477; x_wconf 88' lang='grc' dir='ltr'>μου</span> 
     </span>
    </p>
   </div>
   <div class='ocr_carea' id='block_1_115' title="bbox 2227 5491 3889 5572">
    <p class='ocr_par' dir='ltr' id='par_1_115' title="bbox 2227 5491 3889 5572">
     <span class='ocr_line' id='line_1_115' title="bbox 2227 5491 3889 5572; baseline -0.004 -19"><span class='ocrx_word' id='word_1_880' title='bbox 2227 5498 2368 5553; x_wconf 79' lang='grc' dir='ltr'>εἶναι</span> <span class='ocrx_word' id='word_1_881' title='bbox 2414 5497 2682 5571; x_wconf 75' lang='grc' dir='ltr'>μαθητής,</span> <span class='ocrx_word' id='word_1_882' title='bbox 2721 5519 2748 5550; x_wconf 70' lang='grc' dir='ltr'><strong><em>ι</em></strong></span> <span class='ocrx_word' id='word_1_883' title='bbox 2809 5492 3029 5562; x_wconf 79' lang='grc' dir='ltr'>Ἐπειδὴ</span> <span class='ocrx_word' id='word_1_884' title='bbox 3086 5491 3277 5551; x_wconf 77' lang='grc' dir='ltr'>πολλοὶ</span> <span class='ocrx_word' id='word_1_885' title='bbox 3319 5497 3425 5549; x_wconf 79' lang='grc' dir='ltr'><strong>τῶν</strong></span> <span class='ocrx_word' id='word_1_886' title='bbox 3475 5493 3889 5572; x_wconf 43' lang='grc' dir='ltr'>συμπορευομέο,</span> 
     </span>
    </p>
   </div>
   <div class='ocr_carea' id='block_1_116' title="bbox 2227 5583 3881 5663">
    <p class='ocr_par' dir='ltr' id='par_1_116' title="bbox 2227 5583 3881 5663">
     <span class='ocr_line' id='line_1_116' title="bbox 2227 5583 3881 5663; baseline -0.002 -22"><span class='ocrx_word' id='word_1_887' title='bbox 2227 5610 2329 5642; x_wconf 91' lang='grc' dir='ltr'><strong>νων</strong></span> <span class='ocrx_word' id='word_1_888' title='bbox 2371 5586 2448 5659; x_wconf 76' lang='grc' dir='ltr'>τῷ</span> <span class='ocrx_word' id='word_1_889' title='bbox 2494 5587 2693 5663; x_wconf 72' lang='grc' dir='ltr'><strong>Ἰησοῦ,</strong></span> <span class='ocrx_word' id='word_1_890' title='bbox 2746 5586 2804 5641; x_wconf 66' lang='grc' dir='ltr'>οὗ</span> <span class='ocrx_word' id='word_1_891' title='bbox 2841 5585 2931 5641; x_wconf 77' lang='grc' dir='ltr'><strong>σὺν</strong></span> <span class='ocrx_word' id='word_1_892' title='bbox 2965 5585 3224 5663; x_wconf 80' lang='grc' dir='ltr'>προθυμίᾳ</span> <span class='ocrx_word' id='word_1_893' title='bbox 3270 5583 3439 5659; x_wconf 74' lang='grc' dir='ltr'>πάσῃ,</span> <span class='ocrx_word' id='word_1_894' title='bbox 3486 5584 3573 5638; x_wconf 89' lang='grc' dir='ltr'><strong>καὶ</strong></span> <span class='ocrx_word' id='word_1_895' title='bbox 3632 5583 3881 5660; x_wconf 64' lang='grc' dir='ltr'><strong>ὀιποταγζ⁸</strong></span> 
     </span>
    </p>
   </div>
   <div class='ocr_carea' id='block_1_117' title="bbox 2226 5670 3877 5754">
    <p class='ocr_par' dir='ltr' id='par_1_117' title="bbox 2226 5670 3877 5754">
     <span class='ocr_line' id='line_1_117' title="bbox 2226 5670 3877 5754; baseline -0.002 -22"><span class='ocrx_word' id='word_1_896' title='bbox 2226 5675 2563 5746; x_wconf 68' lang='grc' dir='ltr'>ἠκολούθουν,</span> <span class='ocrx_word' id='word_1_897' title='bbox 2640 5675 2774 5730; x_wconf 75' lang='grc' dir='ltr'>ἀλλὰ</span> <span class='ocrx_word' id='word_1_898' title='bbox 2850 5676 3181 5754; x_wconf 63' lang='grc' dir='ltr'>ψυχρότερον</span> <span class='ocrx_word' id='word_1_899' title='bbox 3254 5671 3531 5752; x_wconf 83' lang='grc' dir='ltr'>διέκειντο,</span> <span class='ocrx_word' id='word_1_900' title='bbox 3620 5670 3877 5729; x_wconf 82' lang='grc' dir='ltr'>διδάσκων</span> 
     </span>
    </p>
   </div>
  </div>
