4202 6408
284 377 393 449 941

1008 382 1108 452 EN
1112 386 1452 451 ARRATIO
1495 380 1575 452 IN
1618 385 1942 453 EVANGEJ

2026 381 2126 452 ΠΜ
2164 378 2400 456 LUCE.
2448 426 2528 439 —
2570 387 2738 457 CAP.
2786 390 2947 457 XIV.

3571 395 3689 461 942

290 520 475 586 αὖτοὺς
536 518 655 599 οἷον
699 521 783 579 δεῖ
809 524 903 579 τὸν
933 523 1184 598 μαθητὴν
1214 522 1375 582 αἰ)τοῦ
1404 523 1571 599 εἶναι,
1605 522 1942 603 ἀποφαίνεται

2034 542 2229 593 suum.
2265 544 2334 589 ac
2363 528 2839 591 velutiinformat
2868 529 3211 611 etdepingit
3241 552 3688 615 eum,asserens

288 612 408 689 περὶ
457 611 669 683 τούτου,
734 614 822 669 καὶ
874 613 997 669 οἷον
1055 611 1305 669 διατυποῖ
1350 614 1533 685 αὐτὸν,
1567 613 1655 669 καὶ
1683 619 1957 692 ζωγραφεῖ

288 701 672 779 εἰσηγούμενος
730 700 844 759 δεῖν
904 704 1061 759 αὐτὸν
1118 716 1298 777 μισεῖν
1356 704 1415 759 οὗ
1458 704 1619 778 μόνον
1665 704 1787 765 τοὺς
1823 702 1950 769 ἔξωο

287 793 375 845 θεν
406 790 547 864 αὔτῷ
576 792 971 871 ᾡκειωμένους,
1018 790 1155 848 ἀλλὰ
1203 793 1289 848 καὶ
1345 793 1445 860 τὴν
1482 793 1683 848 ’ἑαυτοῦ
1740 795 1948 872 ψυχήν,

284 878 426 957 ’Ὂρα
459 876 513 935 δὲ
558 881 637 955 μὴ
690 885 1061 961 ωναρπασθῇς
1104 888 1181 955 τῷ
1230 882 1377 958 ῥητῷ
1420 879 1603 946 ἅπλῶς
1632 881 1801 945 οὕτως
1861 884 1949 939 καὶ

286 968 756 1043 ἁιεπιστημόνως.
849 972 921 1028 Οὔ
999 970 1099 1048 γὰρ
1168 970 1545 1048 ἀπανθρωπίαν
1616 967 1849 1027 διδάσκει
1922 974 1949 1027 ὁ

286 1058 677 1139 φιλάνθρωπος,
738 1060 856 1117 οὐδὲ
912 1058 1317 1140 διαψειρίζεσθαι
1406 1062 1623 1124 ἑαυτοὺς
1685 1066 1946 1130 νουθετεῖ,

288 1147 427 1204 ἀλλὰ
471 1148 561 1205 τόν
618 1174 678 1228 γε
748 1151 970 1227 γνήσιον
1017 1150 1172 1207 αύτοῦ
1231 1152 1475 1227 μαθητήν
1537 1149 1786 1227 βούλεται
1830 1152 1950 1209 τότε

289 1251 471 1313 μισεῖν
514 1240 639 1302 τοὺς
680 1241 817 1296 κατὰ
856 1239 1010 1317 γένος
1069 1241 1312 1313 οἰκείους,
1346 1238 1435 1295 ὅτε
1484 1241 1615 1317 πρὸς
1647 1238 1947 1297 θεοσέϐειαν

288 1329 431 1402 αύτῷ
487 1327 817 1403 ἐμποδίζοιεν
859 1331 946 1385 καὶ
1006 1328 1092 1385 διὰ
1143 1329 1243 1396 τὴν
1304 1331 1436 1408 πρὸς
1493 1329 1681 1392 αὖτοὺς
1758 1330 1949 1410 σχέσιν

286 1416 549 1474 κωλύοιτο
594 1420 749 1482 αὐτὸς
794 1420 855 1475 τὸ
897 1418 1063 1475 καλὸν
1110 1417 1353 1493 μετιέναι
1391 1435 1405 1448 ’
1439 1418 1554 1475 ἐπεὶ
1586 1420 1629 1475 εἰ
1660 1420 1738 1495 μὴ
1772 1418 1947 1495 ἐμπο-

287 1504 494 1580 δίζοιεν,
540 1513 700 1583 τιμᾷν
745 1506 950 1583 μᾶλ)ον
1012 1507 1141 1587 ἄχρι
1184 1513 1285 1575 τῆς
1332 1506 1641 1572 τελευταίας
1674 1507 1948 1576 ἂναπνοῆς

286 1593 544 1661 διδάσκει,
610 1599 705 1654 Καὶ
763 1603 879 1662 πῶς
924 1594 1204 1668 διδάσκεις
1261 1597 1359 1652 Διά
1389 1603 1490 1664 τῆς
1525 1599 1764 1673 με’ίζονος
1810 1596 1949 1654 διδα-

285 1683 532 1759 σκαλίας,
586 1687 750 1767 φημὶ,
804 1684 871 1743 δι’
928 1689 1003 1742 ὧν
1061 1686 1278 1765 ἔπραξεν
1325 1688 1482 1750 αὐτός
1516 1692 1532 1718 ‘
1588 1689 1675 1746 καὶ
1718 1689 1817 1767 γὰρ
1874 1695 1951 1763 τῷ

2036 623 2313 694 oportere
2344 636 2479 679 eum
2507 618 2647 679 odio
2680 617 2902 679 habere
2929 638 3048 680 non
3090 621 3282 683 solum
3315 641 3418 684 eos
3445 625 3543 705 qui
3578 644 3684 687 ex-

2035 708 2204 765 terna
2237 705 2635 769 familiaritate
2658 707 2854 786 juncti
2886 717 3045 783 sunt,
3080 709 3184 771 sed
3217 719 3276 772 et
3304 730 3470 774 suam
3498 715 3688 795 ipsius

2033 791 2325 884 animam.
2353 795 2506 857 Vide
2536 804 2733 858 autem
2767 815 2842 858 ne
2883 797 3080 861 littera
3125 819 3370 880 prorsus
3411 791 3686 884 imperite

2037 880 2123 961 (α)
2142 882 2617 964 abripiaris.Non
2644 886 2804 947 enim
2831 886 3322 951 inhumanitatem
3354 907 3408 953 et
3433 880 3687 955 crudeli-

2033 980 2212 1033 tatem
2229 972 2403 1034 docet
2422 974 2987 1056 misericors,neque
3000 976 3230 1058 sibiipsi
3248 981 3422 1043 docet
3444 1000 3684 1044 manum

2033 1059 2277 1141 inferre,
2314 1063 2416 1123 sed
2454 1064 2759 1142 proprium
2792 1082 2965 1126 suum
2998 1066 3359 1148 discipulum
3392 1072 3516 1132 vult
3547 1081 3687 1133 tunc

2035 1148 2173 1238 odio
2205 1150 2429 1212 habere
2457 1160 2736 1233 cognatos
2767 1171 2930 1235 suos,
2956 1156 3194 1236 quando
3225 1158 3298 1219 ad
3327 1159 3605 1238 pietatem
3629 1162 3685 1223 ei

2034 1236 2345 1300 obstaculo
2375 1249 2535 1320 sunt,
2567 1250 2626 1302 et
2657 1252 2900 1323 propter
2931 1236 3437 1309 necessitudinem
3463 1269 3496 1311 a
3516 1250 3688 1312 bonis

2033 1325 2315 1406 operibus
2349 1327 2753 1408 prohibetur:
2812 1331 3091 1411 quoniam
3140 1334 3251 1395 nisi
3301 1335 3683 1414 obsisterent,

2036 1416 2217 1494 magis
2248 1417 2629 1479 honorandos
2663 1419 2835 1481 docet
2868 1438 3054 1502 usque
3083 1422 3156 1484 ad
3205 1432 3531 1488 extremum
3564 1428 3686 1508 spi-

2032 1503 2236 1568 ritum.
2274 1505 2339 1566 Et
2388 1510 2688 1588 quomodo
2723 1508 2948 1573 docet?
2978 1508 3093 1573 Per
3122 1514 3415 1593 majorem
3463 1503 3686 1579 doctri-

2034 1614 2195 1676 nam,
2228 1596 2492 1677 inquam,
2530 1616 2746 1679 nempe
2797 1618 2905 1680 per
2956 1619 3025 1662 ea
3074 1621 3207 1683 quae
3250 1614 3529 1683 operatus
3556 1616 3685 1687 est;

2034 1684 2158 1764 ipse
2191 1685 2351 1747 enim
2385 1695 2444 1777 et
2469 1688 2715 1777 Josepb,
2750 1689 3017 1768 quamvis
3047 1710 3165 1753 non
3208 1702 3366 1755 esset
3414 1684 3691 1777 proprius

288 1773 508 1855 Ἰωσὴφ,
572 1777 743 1832 καίτοι
796 1775 912 1835 οῶὲ
972 1778 1165 1854 κυρίως
1215 1778 1371 1833 αύτοῦ
1428 1778 1585 1854 πατρὶ
1629 1776 1768 1857 ὄντι,
1812 1775 1942 1835 ἀλλᾶ

2034 1793 2271 1854 parens,
2307 1776 2413 1837 sed
2447 1776 2843 1869 existimatus,
2878 1778 3175 1843 obediens
3206 1783 3317 1844 fuit
3352 1803 3366 1847 :
3400 1773 3459 1846 et
3486 1773 3690 1848 Matris

285 1864 641 1940 νομιζομένῳ,
729 1869 796 1934 ἦν
878 1866 1340 1945 ὑποτασσόμενος,
1424 1867 1513 1924 καὶ
1574 1871 1673 1932 τῆς
1732 1868 1945 1945 Μητρὸς

286 1957 551 2021 τοσαύτην
586 1957 823 2011 εποιεῖτο
854 1954 932 2012 ἀεὶ
961 1956 1061 2023 τὴν
1093 1955 1365 2033 πρόνοιαν,
1406 1954 1544 2011 ὥστε
1605 1952 1721 2012 οὐδὲ
1777 1976 1943 2014 σταυ-

285 2044 539 2120 ρούμενος
592 2042 835 2119 ἠμέλησε
875 2045 1102 2117 ταύτης,
1151 2042 1288 2100 ἀλλὰ
1342 2041 1615 2121 παρεδίδου
1671 2048 1750 2117 τῷ
1800 2044 1945 2122 ἠγα-

284 2131 515 2210 πημένῳ
573 2137 811 2210 μαθητῇ.
866 2139 986 2198 Πῶς
1047 2136 1134 2190 οὖν
1188 2136 1215 2188 ὁ
1271 2140 1436 2190 ταῦτα
1492 2131 1698 2198 διδάξας
1730 2131 1813 2189 διὰ
1838 2140 1946 2190 τῶν

273 2200 496 2302 ’ἔργωη-
540 2200 691 2303 ἓτερα
722 2200 807 2279 δία
859 2230 967 2280 τῶν
1013 2222 1187 2302 λόγων
1231 2225 1507 2301 εἰσηγοῖτο
1541 2244 1557 2297 ς
1604 2222 1756 2302 ’,ΑΠ’
1814 2223 1945 2302 ὅπερ

285 2311 442 2390 ἔφην,
498 2326 678 2387 μισεῖν
724 2314 868 2388 ἡμᾶς
911 2314 1034 2376 τοὺς
1087 2326 1267 2392 γονεῖς
1313 2310 1646 2392 ἐντέλλεται,
1695 2312 1783 2370 ὅτε
1816 2314 1945 2378 Θεὸς

283 2402 344 2456 τὸ
403 2399 859 2476 κινδυνευόμενον,
924 2402 1054 2460 Τότε
1113 2401 1213 2481 γὰρ
1286 2402 1347 2457 οὒ
1405 2408 1589 2479 γονεῦς
1648 2400 1947 2478 λογίζονται

285 2488 402 2547 οὒδὲ
435 2492 648 2566 οἰκεῖοι,
686 2494 818 2571 πρὸς
848 2492 948 2559 τὴν
997 2493 1248 2558 τοιαύτην
1298 2489 1558 2569 ὠφέλειαν
1603 2493 1740 2566 ἡμῖν
1795 2491 1949 2548 ἀντι-

282 2580 591 2645 πίπτοντες.
656 2580 945 2638 Κάντεύθεν
989 2578 1044 2636 δὲ
1099 2578 1289 2652 δῆλον,
1351 2580 1379 2635 ὃ
1437 2578 1693 2660 λέγομεν,
1754 2580 1815 2636 ἐκ
1856 2589 1951 2638 τοῦ

282 2671 373 2726 καὶ
432 2669 531 2737 τὴν
589 2672 777 2727 ἑαυτου
833 2670 1018 2750 ψυχὴν
1073 2669 1405 2727 ἐντέλλεσθαι
1440 2672 1636 2746 μισεῖν
1672 2687 1686 2701 '
1733 2672 1945 2736 πάντως

283 2762 385 2838 γὰρ
445 2759 502 2816 ού
546 2769 702 2818 τοῦτο
759 2758 1118 2817 διακελεύεται
1184 2762 1244 2816 τὸ
1290 2761 1503 2826 ἑαυτοὺς
1550 2759 1942 2837 ἀποκτιννύναι,

282 2847 423 2905 ἀλλὰ
477 2852 538 2907 τὸ
581 2863 705 2912 ταῖς
735 2848 1037 2925 ἐπιθυμίαις
1066 2854 1164 2916 τῆς
1197 2854 1382 2929 ψυχῆς
1425 2863 1545 2915 ταῖς
1590 2852 1944 2930 χωριζούσαις

282 2943 430 3011 ἡμᾶς
484 2947 579 2997 τοῦ
621 2946 751 2996 Θεοῦ
781 2939 1173 2995 ἂποτςίσσεσθαι
1207 2955 1220 2968 ’
1270 2940 1358 2995 καὶ
1390 2941 1433 2995 εἰ
1479 2941 1755 3017 πρόκειται
1800 2963 1942 3018 μαρ-

285 3031 491 3108 τύριον,
537 3032 616 3104 μὴ
656 3030 944 3110 φροντίζειν
1002 3031 1097 3097 τῆς
1132 3030 1342 3109 ψυχῆς.
1379 3031 1540 3107 μόνον
1573 3028 1785 3111 κέρδους
1816 3054 1945 3109 προ·

2030 1881 2153 1923 suae
2186 1871 2404 1925 tantam
2438 1882 2681 1946 semper
2739 1866 2858 1946 egit
2907 1886 3134 1945 curam,
3185 1879 3247 1931 ut
3304 1890 3496 1953 neque
3553 1893 3686 1935 cum

2030 1953 2503 2032 cruciﬁgeretur,
2539 1974 2668 2018 eam
2718 1956 3070 2040 negligeret,
3104 1960 3210 2021 sed
3251 1963 3691 2032 commendavit

2030 2042 2325 2133 discipulo
2356 2063 2537 2124 quem
2570 2044 2876 2123 diligebat.
2924 2046 3233 2120 Quomodo
3277 2050 3456 2129 igitur
3506 2055 3554 2114 is
3587 2054 3688 2133 qui

2029 2132 2153 2193 hazc
2187 2151 2293 2212 per
2308 2151 2489 2213 opera
2517 2132 2737 2210 docuit,
2765 2135 2879 2196 alia
2901 2137 3278 2200 sermonibus
3299 2132 3689 2206 asseveravit?

2031 2221 2125 2297 At,
2153 2221 2307 2283 sicut
2336 2221 2478 2297 dixi,
2516 2223 2779 2304 praecipit
2818 2243 2926 2286 nos
2953 2226 3095 2288 odio
3126 2226 3351 2289 habere
3383 2239 3684 2310 parentes,

2031 2312 2267 2391 quando
2292 2311 2353 2372 in
2381 2312 2541 2374 cultu
2567 2312 2669 2373 Dei
2691 2313 3021 2394 periculum
3050 2323 3160 2378 est.
3184 2314 3352 2379 Tunc
3379 2319 3539 2380 enim
3570 2340 3687 2383 non

2034 2409 2311 2481 parentes
2358 2410 2700 2477 censentur,
2749 2422 2945 2483 neque
2977 2404 3327 2483 familiares,
3370 2409 3420 2470 si
3467 2408 3528 2471 in
3574 2410 3688 2473 hoc

2034 2489 2208 2551 nobis
2232 2489 2544 2553 obsistant.
2580 2495 2652 2554 Et
2669 2491 2807 2554 ltinc
2830 2494 3209 2556 manifestum
3230 2496 3385 2576 quod
3406 2497 3685 2563 dicimus.

2032 2576 2176 2639 Nam
2209 2598 2341 2639 cum
2372 2586 2633 2640 nostram
2666 2580 2926 2642 animam
2973 2582 3108 2644 odio
3139 2584 3362 2647 habere
3395 2588 3685 2669 praecipit,

2032 2667 2276 2728 omnino
2310 2687 2428 2728 non
2463 2668 2752 2751 praecipit,
2799 2678 2860 2731 ut
2899 2670 3219 2754 nobisipsis
3250 2667 3503 2736 mortem
3536 2667 3686 2738 con;

2029 2755 2377 2831 sciscamus,
2432 2757 2535 2818 sed
2589 2766 2653 2821 ut
2712 2759 3125 2822 renuntiemus
3179 2764 3691 2845 concupiscentiis

2028 2847 2262 2914 animae,
2284 2866 2416 2926 quae
2438 2865 2545 2907 nos
2567 2858 2841 2928 separant
2859 2868 2892 2910 a
2921 2849 3045 2911 Deo
3072 2871 3086 2925 ;
3122 2851 3352 2913 etiamsi
3371 2853 3682 2933 perferen-

2028 2937 2166 2998 dum
2221 2936 2591 3016 martyrium,
2646 2955 2765 2999 non
2819 2939 3083 3000 curanda
3136 2942 3356 3023 anima,
3404 2944 3683 3023 quoniam

2029 3034 2379 3107 perpetuum
2412 3025 2641 3086 lucrum
2674 3027 3048 3105 proponitur.
3086 3027 3210 3090 Hoc
3228 3032 3388 3091 enim
3415 3041 3502 3092 est
3523 3033 3681 3114 quod

284 3119 532 3193 κειμένου
586 3122 819 3183 αἰωνίου.
884 3110 1015 3179 ’Ὁτι
1050 3118 1104 3175 δὲ
1148 3129 1304 3179 τοῦτο
1348 3118 1602 3195 διδάσκει,
1653 3121 1741 3176 καὶ
1778 3123 1840 3179 οὗ
1881 3123 1942 3177 τὸ

2031 3134 2135 3175 nos
2167 3114 2362 3202 docet,
2397 3122 2456 3175 et
2483 3133 2600 3175 non
2626 3115 2980 3196 simpliciter
3003 3126 3066 3180 ut
3086 3118 3220 3199 quis
3243 3120 3505 3202 seipsum
3527 3110 3683 3184 occi-

286 3208 469 3272 ἀπλώς
527 3211 743 3275 ἑαυτοὺς
803 3210 1196 3285 ἀποκτιννύναι,
1257 3206 1483 3266 δείκνυσι
1573 3208 1732 3267 πάλιν
1790 3210 1949 3275 αὐτὸς

280 3298 333 3363 ἓξ
387 3302 459 3356 ὧν
496 3310 602 3358 ητοό
643 3297 894 3359 διαϐόλου
947 3299 1286 3378 πειραζοντος
1346 3300 1525 3373 αὐτὸν,
1592 3298 1729 3355 ὥστε
1758 3298 1946 3375 βαλεῖν

281 3390 466 3449 ἑαυτὸν
515 3390 665 3447 κάτω
709 3390 814 3446 ἀπὸ
857 3400 951 3449 τοῦ
1006 3391 1170 3470 ἱεροῦ,
1230 3387 1596 3469 ἀπεκρούσατο
1668 3390 1766 3454 τὴν
1808 3389 1944 3445 πεῖ-

277 3501 395 3557 ριν,
456 3481 542 3536 καὶ
601 3477 718 3536 οὐδὲ
771 3476 1006 3536 ἐπεδίδου
1076 3479 1260 3536 ἑαυτὸν
1304 3491 1423 3543 τοῖς
1476 3475 1777 3557 Ἰουδαίοις,
1807 3477 1944 3534 ἀλλὰ

276 3571 363 3624 καὶ
420 3568 709 3648 ἀνεχώρει,
772 3570 861 3625 καὶ
932 3567 1016 3625 διὰ
1097 3568 1263 3644 μέσου
1332 3570 1503 3625 αὐτῶν
1577 3567 1941 3648 ἀνερχόμενος

275 3658 399 3720 τοὺς
454 3646 757 3738 φωνοῦντας
943 3656 1247 3737 φονῶντας]
1290 3657 1677 3736 ἀπεκρύπτετο.
1743 3646 1940 3722 υΟστις

273 3754 364 3803 οὖν
446 3746 818 3824 βλαπτόμενος
890 3747 963 3811 εἰς
1040 3744 1352 3804 θεοσέϐειαν
1441 3746 1542 3803 ὑπό
1610 3767 1753 3810 τινος
1832 3752 1939 3801 τῶν

272 3838 503 3910 οἰκείων,
565 3836 773 3915 στέργει
828 3836 927 3902 τὴν
984 3837 1118 3916 πρὸς
1164 3835 1355 3897 αὐτοὺς
1415 3832 1634 3915 σχέσιν,
1681 3836 1769 3891 καὶ
1799 3856 1935 3912 προ-

272 3926 561 4001 τιμοτέραν
592 3927 791 3993 ταύτην
834 3940 1071 3982 ποιεῖται
1118 3930 1218 3992 τῆς
1248 3925 1380 4004 πρὸς
1428 3925 1518 3980 τὸν
1563 3925 1693 3981 Θεὸν
1749 3927 1935 4003 εὐαρε-

2030 3203 2149 3264 dat.
2184 3200 2570 3285 Ostenditque
2600 3203 2747 3265 illud
2780 3205 2996 3292 iterum
3034 3207 3159 3287 ipse
3195 3226 3303 3289 per
3334 3200 3446 3271 boc
3482 3212 3677 3292 quod-

2028 3292 2264 3382 diabolo
2296 3294 2487 3374 ipsum
2523 3300 2789 3355 tentante
2816 3303 2879 3356 ut
2900 3289 2972 3356 se
3002 3296 3078 3357 de
3099 3298 3442 3363 summitate
3466 3289 3677 3382 templi

2027 3380 2340 3463 dejiceret,
2389 3384 2775 3443 tentationem
2815 3383 3034 3464 repulit
3069 3406 3082 3447 :
3134 3394 3190 3447 et
3223 3405 3342 3449 non
3373 3406 3439 3451 se
3458 3380 3679 3452 Judaais

2028 3473 2289 3546 tradidit,
2326 3472 2429 3534 sed
2472 3473 2738 3548 secessit,
2770 3482 2946 3554 atque
2996 3493 3103 3555 per
3155 3476 3418 3539 medium
3466 3498 3674 3542 eorum

2028 3561 2340 3635 transiens,
2374 3561 2447 3622 ab
2481 3560 2598 3621 illis
2631 3579 2693 3622 se
2738 3561 3078 3626 occultavit.
3126 3562 3309 3643 Igitur
3339 3566 3676 3648 cuicunque

2024 3650 2330 3712 domestici
2351 3658 2409 3713 et
2430 3649 2608 3712 amici
2636 3650 2876 3712 obstant
2897 3651 2957 3712 in
2992 3652 3234 3733 pietate,
3270 3662 3328 3715 et
3357 3656 3408 3718 is
3431 3655 3671 3720 illorum

2023 3740 2481 3804 familiaritatem
2505 3739 2652 3821 Deo,
2682 3739 2783 3802 cui
2806 3740 3043 3821 placere
3064 3741 3264 3820 debet,
3294 3745 3551 3824 praefert,
3582 3746 3670 3809 vel

2022 3831 2197 3893 etiam
2215 3837 2455 3911 propter
2466 3846 2727 3889 amorem
2746 3828 2875 3890 vitae
2899 3831 3248 3895 imminente
3265 3836 3549 3912 martyrio
3570 3837 3671 3900 de-

2021 3921 2140 3983 ﬁcit
2162 3927 2221 3984 et
2241 3917 2544 3997 negat,ille
2562 3936 2679 3978 non
2704 3926 2898 3999 potest
2919 3938 3055 3982 esse
3071 3920 3400 4001 discipulus
3420 3922 3664 3988 Christi.

273 4018 542 4095 στήσεως,
577 4015 653 4072 ἔτι
681 4037 739 4072 τε
769 4017 860 4072 καὶ
890 4013 975 4070 διὰ
1004 4014 1096 4071 τοῦ
1127 4012 1410 4095 φιλοζωεῖν
1442 4012 1704 4078 πολλάκις
1736 4015 1822 4071 καί
1854 4011 2136 4091 μαρτυρίου
2165 4010 2513 4089 προκειμένου
2548 4010 2619 4072 εἷς
2670 4007 2890 4087 ἄρνησιν
2922 4010 3390 4094 ἐκτραχηλίζεται,
3423 4016 3573 4081 οὗτος
3608 4017 3668 4074 οὗ

272 4104 484 4162 δύναται
513 4111 736 4184 Χριστοῦ
762 4109 901 4161 εἶναι
936 4105 1207 4179 μαθητής.

359 4218 387 4249 α
444 4196 533 4258 Τίς
589 4195 691 4274 γὰρ
749 4191 801 4260 ἐξ
842 4190 992 4270 ὑμῶν
1044 4193 1211 4250 θέλων
1289 4194 1486 4272 πύργον
1552 4190 1926 4269 οἰκοδομῆσαι,

271 4286 396 4363 οὒχὶ
450 4290 658 4361 πρῶτον
700 4284 917 4347 καθίσας
949 4285 1164 4363 ψηφίζει
1194 4282 1294 4351 τὴν
1336 4279 1599 4356 δαπάνην,
1633 4284 1677 4339 εἰ
1700 4280 1820 4361 ἕχει
1865 4283 1931 4341 τὰ

2093 4186 2272 4252 Vens.
2308 4186 2525 4251 98—30.
2568 4210 2591 4243 ιι
2630 4186 2774 4261 Quis
2806 4190 2964 4250 enim
3016 4208 3084 4252 ex
3133 4191 3319 4273 vobis,
3373 4192 3475 4273 qui
3525 4194 3666 4257 velit

2013 4280 2219 4343 turrim
2251 4278 2566 4351 aediﬁcare,
2597 4276 2740 4357 quin
2763 4279 2925 4358 prius
2945 4279 3164 4341 sedens
3185 4289 3488 4362 computet
3509 4300 3663 4346 sum-

271 4376 345 4438 εἷς
388 4373 747 4454 ἀπαρτισμὸν,
804 4372 897 4430 ’ίνα
928 4373 1183 4448 μήπωτε,
1211 4371 1393 4447 θέντος
1442 4373 1603 4429 αὐτοῦ
1654 4370 1922 4446 θεμέλιον,

2026 4376 2179 4451 ptus,
2204 4388 2277 4429 an
2312 4366 2755 4446 habeatquibus
2782 4386 2929 4448 opus
2958 4377 3047 4430 est
3074 4369 3146 4431 ad
3183 4372 3613 4451 perﬁciendum
3632 4375 3661 4435 τ

272 4466 357 4520 καὶ
402 4469 480 4540 μὴ
529 4465 812 4544 ἰσχύοντος
883 4461 1181 4542 ἐκτελέσαι,
1256 4463 1450 4528 πάντες
1506 4464 1555 4518 οἰ
1608 4464 1923 4540 θεωρουντες

268 4553 525 4633 ἄρξωνται
582 4553 856 4629 ἐμπαίζειν
902 4552 1044 4626 αὒτῷ
1073 4550 1341 4630 λέγοντες,
1376 4551 1481 4627 ὅτι,
1537 4557 1701 4612 Οὗτος
1758 4552 1786 4606 ὁ
1830 4550 1922 4605 ἅν-

265 4647 472 4724 θρωπος
529 4642 724 4722 ἤρξατο
769 4639 1097 4716 οἰκοδομεῖν,
1153 4643 1240 4697 καὶ
1284 4645 1380 4701 οὒκ
1424 4641 1653 4721 ἴσχυσεν
1705 4638 1920 4697 ἐκτελέ-

266 4754 354 4789 σαι
392 4753 408 4814 ;
445 4757 473 4788 ιι
513 4734 612 4789 Διὰ
640 4737 739 4799 τῆς
767 4740 861 4789 τοῦ
890 4732 1090 4810 πύργου
1138 4729 1453 4810 παραϐολῆς
1506 4728 1737 4786 διδάσκει
1780 4732 1923 4805 ἡμᾶς

266 4824 294 4878 ὁ
356 4824 543 4899 Κύριος
586 4821 726 4887 ἅπαξ
786 4819 1097 4879 ἀκολουθεῖν
1141 4822 1283 4895 αύτῷ
1341 4818 1648 4899 ἑλομένους,
1703 4817 1924 4898 φυλάξαι

263 4913 363 4979 τὴν
425 4912 592 4979 αὐτὴν
646 4910 975 4991 προαίρεσιν,
1034 4912 1123 4968 καὶ
1183 4911 1261 4986 μὴ
1313 4907 1556 4986 θεμέλιον
1603 4909 1700 4985 μὲν
1750 4930 1922 4965 κατα-

264 5000 517 5058 ϐαλέσθαι

527 5050 541 5083 ἳ

2009 4478 2085 4523 ne
2117 4466 2421 4539 postquam
2449 4456 2712 4536 posuerit
2745 4456 3221 4535 fundamentum,
3251 4478 3361 4521 nec
3404 4463 3659 4540 potuerit

2008 4550 2320 4630 perﬁcere,
2355 4563 2562 4607 omnes
2612 4545 2712 4625 qui
2762 4545 3017 4607 viderint
3066 4546 3356 4628 incipiant
3403 4549 3658 4613 illudere

2008 4638 2089 4712 ei,
2122 4636 2389 4700 dicentes
2415 4653 2429 4696 :
2463 4633 2572 4695 Hic
2595 4633 2771 4695 homo
2790 4634 2969 4716 coepit
2994 4636 3311 4713 aediﬁcare,
3340 4657 3448 4700 nec
3468 4639 3656 4718 potuit

2007 4726 2442 4789 consummare.
2479 4748 2505 4779 κ
2542 4725 2655 4784 Per
2705 4723 3043 4803 parabolam
3098 4726 3277 4787 turris
3321 4727 3497 4789 docet
3544 4746 3654 4790 nos

2006 4814 2296 4878 Dominus
2328 4821 2390 4874 ut
2437 4812 2498 4873 hi
2530 4812 2632 4894 qui
2671 4811 2858 4874 semel
2908 4812 3242 4892 delegerint
3279 4834 3417 4877 eum
3456 4818 3650 4899 sequi,

2006 4903 2164 4966 idem
2194 4903 2554 4983 propositum
2586 4908 2823 4963 servent
2850 4922 2864 4965 :
2903 4921 3011 4963 nec
3043 4903 3232 4965 solum
3252 4904 3479 4985 jaciant
3508 4907 3649 4967 fun-

590 5000 709 5070 ἤτοι
765 4989 969 5080 ἀρχὴν
996 4999 1425 5080 ὰκολουθήσεως,
1472 5000 1597 5057 εἶτα
1653 4996 1803 5064 τέλος
1840 4997 1918 5074 μὴ

2026 4992 2366 5071 lamentum,
2401 4991 2513 5052 hoc
2540 4998 2650 5071 est,
2686 5008 2761 5051 ne
2792 4989 3078 5070 incipiant
3110 5001 3333 5054 tantum
3366 4995 3557 5075 sequi,
3590 5005 3650 5058 et

263 5080 552 5168 ἐπιθεῖναι,
596 5093 671 5155 ὡς
702 5089 781 5165 μὴ
839 5090 1068 5170 ἔχοντας
1116 5090 1378 5170 ἀρκοῦσαν
1424 5089 1524 5157 τὴν
1581 5088 1917 5167 παρασκευὴν

2026 5091 2209 5144 tostea
2238 5081 2418 5143 ﬁnem
2452 5099 2572 5170 non
2597 5080 2932 5170 imponant,
2967 5089 3029 5142 ut
3057 5081 3118 5143 hi
3150 5082 3252 5163 qui
3278 5102 3397 5145 non
3426 5083 3650 5147 habent

261 5186 361 5248 τῆς
389 5182 703 5261 προθυμίας.
737 5169 977 5239 romam
1019 5179 1154 5247 ἦσαν
1203 5180 1427 5253 ἐκεῖνοι,
1477 5180 1594 5257 περὶ
1620 5180 1696 5233 ὧν
1726 5174 1914 5235 Ἰωάν-

2031 5172 2395 5233 utﬁcientem
2426 5169 2747 5261 alacritatis
2777 5172 3287 5261 praeparationem.
3318 5172 3493 5236 Tales
3512 5174 3643 5237 lue-

260 5292 360 5336 νης
390 5258 443 5326 ὁ-
463 5268 847 5349 εύαγγελιστὴς
876 5268 979 5349 ἔφη
1021 5287 1034 5301 ·
1079 5267 1275 5326 Πολλοι
1306 5275 1395 5325 οὖν
1425 5267 1485 5324 ἐκ
1513 5274 1617 5325 τῶν
1662 5269 1913 5342 μαθητῶν

2026 5270 2137 5324 ὐηῐ
2168 5261 2229 5323 hi
2252 5262 2327 5322 de
2352 5258 2567 5341 quibus
2600 5260 2958 5337 evangelista
2983 5261 3117 5321 At)!
3156 5264 3418 5326 Joannes
3448 5264 3594 5326 dicit
3625 5284 3640 5328 :

260 5360 422 5417 αὐτοῦ
475 5359 713 5428 ἀπῆλθον
778 5361 853 5424 εἰς
894 5359 961 5416 τὰ
996 5359 1183 5419 ὀπίσω.
1252 5358 1351 5416 Καὶ
1419 5363 1524 5420 πᾶς
1554 5354 1608 5413 δὲ
1640 5354 1913 5437 ἄνθρωπος

2026 5352 2166 5415 ίυιιί
2179 5351 2357 5431 igitur
2373 5368 2444 5413 ex
2468 5349 2776 5431 discipulis
2792 5350 2924 5431 ejus
2941 5350 3643 5420 abieruntretrorsum”.

334 5520 401 5581 βο
427 5522 598 5586 Joan.
627 5536 749 5595 χιιι,
783 5518 860 5582 32

338 5685 419 5765 la)
457 5683 558 5745 Ed.
601 5685 723 5746 [λιιι
765 5699 880 5743 non
917 5679 1114 5749 habet.
1144 5696 1400 5761 prorsus
1430 5679 1721 5756 imperite.
