4202 6420
470 352 590 429 943

1442 360 2039 428 THEOPHYLACTI
2084 357 2494 431 BULGARLE
2538 359 2896 429 ARCHIEP.

3741 360 3861 423 944

474 495 545 557 Et
574 496 769 557 omnis
800 497 979 557 homo
1011 496 1112 575 qui
1141 496 1412 558 virtutem
1438 496 1578 577 quid
1593 513 1682 560 em
1716 497 1945 576 operari
1978 496 2122 577 vult,

2226 494 2458 564 τράττειν
2512 493 2610 569 μὲν
2666 496 2763 563 τὴν
2823 495 3017 573 ἀρετὴν
3077 494 3353 571 ἐλόμενος,
3403 497 3481 571 μὴ
3526 497 3726 573 φθάσας
3782 496 3861 575 δὲ,

476 595 536 647 et
567 605 685 646 non
731 605 802 648 eo
846 586 1137 667 pervenit,
1193 595 1254 647 ut
1307 594 1365 648 et
1414 586 1671 648 divinam
1725 587 2124 665 cognitionem

474 675 750 755 accipiat,
800 694 869 736 eo
911 675 1068 755 quod
1124 676 1473 755 imperfecte
1530 685 1586 735 et
1641 675 1866 757 absque
1898 678 2128 738 ratione

476 763 745 825 virtutem
776 764 1028 839 orditur,
1062 764 1415 844 imperfecte
1452 765 1728 836 aediﬁcat,
1766 784 1881 826 non
1926 766 2128 826 valens

476 853 791 915 absolvere
814 857 1019 914 turrim
1042 873 1289 925 summae
1311 854 1685 934 cognitionis.
1718 852 1889 917 Unde
1910 864 1968 916 et
1986 855 2125 915 illu-

475 943 636 1004 ditur
664 943 736 1003 ab
771 944 863 1005 his
891 963 923 1004 a
955 944 1173 1023 quibus
1199 944 1431 1005 videtur
1462 955 1519 1005 et
1551 944 1895 1005 hominibus
1928 952 1986 1004 et
2006 943 2127 1004 dia-

476 1032 767 1094 bolis.Vel
790 1033 997 1096 aliter:
1026 1051 1133 1113 per
1154 1033 1605 1095 fundamentum
1630 1033 1869 1113 quidem
1896 1033 2124 1093 intelli-i

476 1140 578 1200 gas
606 1140 944 1183 sermonem
995 1122 1280 1184 doctoris.
1336 1120 1547 1184 Sermo
1606 1124 1765 1183 enim
1818 1122 2124 1197 doctrinae,

477 1206 683 1289 utpote
712 1222 972 1273 tractans
1004 1211 1079 1272 de
1120 1212 1509 1291 continentia,
1537 1212 1734 1292 jactus
1762 1213 1820 1273 in
1852 1211 2131 1291 discipuli

477 1300 737 1361 animam
769 1301 1154 1362 fundamento
1188 1311 1585 1381 comparatur.
1620 1303 1781 1381 Opus
1804 1310 1893 1363 est
1930 1310 2128 1361 autem

479 1391 745 1451 sermoni
779 1391 941 1466 huic,
979 1392 1090 1452 hoc
1124 1401 1213 1452 est
1250 1392 1659 1465 fundamento,
1687 1393 2128 1472 superaedilica-

479 1481 851 1560 tione,opere
872 1480 1101 1553 dico,ut
1128 1482 1305 1542 turris
1324 1489 1523 1541 nostra
1544 1480 1911 1541 fortitudinis
1926 1502 1955 1540 a
1982 1479 2132 1543 facie

479 1569 708 1630 inimici
726 1567 1101 1644 absoluta,sit
1116 1570 1299 1630 virtus
1324 1569 1418 1631 illa
1435 1589 1608 1651 quam
1628 1589 1729 1649 pro
1738 1571 2127 1650 ponebamus.

480 1658 645 1731 Quod
660 1668 853 1719 autem
870 1659 1318 1720 fundamentum
1333 1659 1573 1740 quidem
1593 1664 2136 1738 sitsermo,exstru-

482 1749 599 1809 ctio
623 1758 817 1808 autem
840 1767 1010 1827 opus,
1042 1747 1184 1809 satis
1207 1748 1576 1845 abundeﬂnos
1593 1749 1767 1809 (locet
1788 1750 2129 1829 Apostolus:
2155 1794 2194 1845 Β

490 1837 998 1899 «Fundamentum
1026 1837 1411 1918 posuiJesum
1437 1836 1919 1914 Christum,alius
1933 1850 2131 1901 autem

484 1927 1118 2007 superexstruit70,»et
1139 1927 1334 1988 statim
1358 1938 1666 1988 enumerat
1690 1928 1846 1990 varia
1859 1929 2129 2001 aedificia,

480 2017 593 2077 hoc
626 2024 735 2085 est,
783 2015 1161 2094 operationes
1208 2015 1299 2077 vel
1350 2015 1641 2079 bonorum
1698 2018 1787 2079 vel
1840 2018 2133 2079 malorum

482 2124 759 2185 operum.
793 2104 1135 2167 Timeamus
1166 2106 1343 2185 igitur
1378 2125 1451 2167 ne
1501 2106 1651 2167 forte
1682 2106 1932 2169 illudant
1964 2108 2135 2167 nobis

484 2195 893 2267 daemones,de
909 2194 1124 2275 quibus
1145 2196 1605 2276 prophetadicit:
1622 2195 1935 2258 «Illusores
1949 2196 2133 2257 domi-

486 2284 785 2345 nabuntur
806 2284 913 2358 eis,
947 2310 970 2339 »
995 2284 1086 2344 his
1117 2284 1344 2345 scilicet
1374 2285 1473 2364 qui
1504 2304 1536 2345 a
1567 2287 1689 2347 Deo
1722 2285 1947 2365 repulsi
1978 2294 2133 2348 sunt.

568 2372 757 2436 VEBS.
787 2373 1034 2435 31-33.:
1067 2375 1186 2435 Aut
1207 2374 1339 2453 quis
1368 2393 1469 2435 rex
1492 2376 1875 2454 proﬁciscens
1897 2388 1959 2436 ut
1980 2394 2141 2436 com-

488 2463 677 2523 mittat
722 2462 989 2543 praslium
1042 2462 1323 2524 adversus
1371 2463 1624 2524 alterum
1676 2483 1907 2545 regem,
1939 2483 2139 2525 nonne

492 2552 710 2613 sedens
746 2551 911 2631 prius
942 2553 1153 2631 cogitat
1170 2572 1242 2613 an
1276 2554 1461 2632 possit
1485 2573 1617 2613 cum
1638 2554 1847 2615 decem
1877 2553 2141 2616 millibus

489 2658 806 2702 occurrere
843 2641 896 2701 ei
929 2640 1027 2721 qui
1052 2660 1183 2702 cum
1222 2641 1419 2719 viginti
1454 2641 1720 2703 millibus
1742 2642 1902 2704 venit
1932 2652 2138 2704 contra

491 2728 850 2810 se?alioquin
875 2730 1071 2791 adhuc
1096 2730 1193 2791 illo
1215 2731 1387 2808 longe
1404 2732 1939 2810 agente,legatione
1964 2733 2142 2792 missa

493 2819 635 2899 petit
657 2837 727 2880 ea
750 2838 878 2899 quae
903 2818 1063 2898 pacis
1086 2818 1250 2881 sunt?
1273 2818 1369 2881 Sic
1391 2837 1530 2897 ergo
1553 2820 1747 2881 omnis
1771 2839 1839 2882 ex
1862 2820 2024 2882 Vobis
2040 2821 2140 2901 qui

491 2926 608 2968 non
642 2908 945 2969 renuntiat
978 2907 1253 2969 omnibus
1283 2928 1414 2987 qua;
1467 2908 1748 2989 possidet,
1801 2929 1919 2971 non
1953 2918 2144 2990 potest

493 3016 660 3059 meus
691 3016 823 3059 esse
855 2998 1204 3079 discipulus.
1244 2996 1470 3059 Bonum
1521 3006 1610 3059 est
1649 3000 1757 3061 sal.
1792 2998 1852 3061 Si
1889 3019 2022 3062 vero
2054 2999 2141 3059 sal

492 3086 837 3149 infamatum
875 3088 1071 3165 fuerit,
1108 3105 1214 3165 per
1246 3087 1400 3167 quod
1454 3088 1769 3149 condietur
1790 3097 1816 3152 ’ἐ
1846 3088 2049 3170 Neque
2081 3082 2200 3150 inC

498 3187 745 3249 terram,
784 3195 977 3256 neque
1031 3176 1089 3237 in
1137 3176 1575 3255 sterquilinium
1628 3179 1771 3239 utile
1804 3190 1889 3239 est
1928 3200 1940 3242 :
1989 3179 2143 3240 foras

492 3264 824 3345 projiciunt
855 3265 1024 3327 illud.
1068 3265 1176 3337 Qui
1221 3264 1399 3328 habet
1446 3284 1620 3328 aures
1650 3267 1720 3328 ad
1751 3268 2141 3347 audiendum,

492 3355 713 3416 audiat.
740 3379 761 3412 ν
790 3356 863 3416 Ει
892 3355 1015 3416 haec
1049 3354 1325 3435 parabola
1354 3356 1527 3416 docet
1568 3376 1674 3417 nos
1707 3376 1779 3417 ne
1809 3357 1996 3420 simus
2028 3362 2143 3421 du-

498 3443 635 3524 plici
671 3443 897 3524 animo,
926 3462 1117 3524 neque
1150 3444 1313 3505 carni
1337 3454 1396 3505 et
1421 3447 1541 3507 Deo
1570 3446 2011 3511 adhaereamus:
2040 3450 2143 3509 sed

494 3532 543 3593 si
570 3532 843 3593 volumus
867 3533 1087 3594 bellum
1108 3544 1314 3593 contra
1338 3534 1625 3610 malignos
1646 3535 1948 3598 daemones
1964 3540 2151 3600 susci-

500 3641 663 3702 pere,
710 3633 770 3681 ut
804 3622 1064 3683 feramur
1093 3622 1153 3683 in
1186 3639 1289 3684 eos
1343 3632 1619 3702 tanquam
1676 3624 1897 3705 hostes,
1942 3636 2000 3687 et
2032 3628 2148 3691 illis

495 3729 630 3771 vere
654 3710 1029 3771 obluctemur
1061 3711 1184 3772 Rex
1206 3710 1385 3789 igitur
1398 3719 1484 3771 est
1498 3721 1552 3771 et
1570 3722 1871 3791 peccatum
1890 3732 2149 3795 regnans

498 3800 558 3859 in
583 3799 816 3859 mortali
840 3809 1044 3859 nostro
1069 3819 1347 3878 corpore,
1368 3800 1417 3859 si
1447 3799 1592 3861 illud
1614 3802 1998 3868 admittimus.
2028 3806 2149 3869 Rex

500 3888 677 3949 etiam
707 3898 764 3948 et
787 3888 1023 3949 animus
1047 3897 1248 3948 noster
1270 3889 1541 3949 conditus
1565 3898 1675 3951 est.
1700 3893 1787 3953 Ne
1807 3892 2149 3971 igitur,cum

501 3976 906 4066 resistendum
934 3989 1020 4037 est
1048 3977 1782 4057 peccato.pusillanimiter
1803 3982 1945 4044 illud
1964 3984 2153 4066 impu-

502 4072 663 4143 gnet.
689 4065 893 4127 Gravis
917 4066 1075 4125 enim
1105 4075 1161 4126 et
1182 4066 1467 4128 terribilis
1493 4078 1577 4128 est
1600 4069 1728 4147 eius
1754 4065 2071 4149 exercitus,
2098 4085 2154 4135 et

507 4154 696 4233 major
726 4166 781 4211 et
815 4154 1195 4215 numerosior
1252 4154 1486 4217 videtur
1536 4178 1709 4237 quam
1766 4180 1872 4221 nos
1921 4182 2149 4226 sumus.

507 4243 735 4321 Quippe
759 4241 1061 4304 damones
1075 4252 1209 4303 sunt
1227 4245 1442 4307 milites
1462 4249 1814 4328 peccati,qui
1833 4264 2157 4314 censentur

2210 584 2345 640 ὥστε
2419 586 2505 641 καὶ
2556 584 2698 641 θείαν
2755 591 2948 663 γνῶσιν
2998 583 3351 663 προσλαϐεῖν,
3402 583 3487 640 διὰ
3541 587 3603 640 τὸ
3660 583 3861 641 ἀτελῶτ

2210 676 2297 729 καὶ
2353 671 2559 750 ἀλόγως
2617 673 2714 740 τῆς
2760 674 2950 753 ἀρετῆς
2983 673 3253 753 ἄρξασθαι,
3302 674 3501 737 ἀτελῶς
3535 674 3721 747 κτίζει,
3785 676 3863 749 μὴ

2211 761 2495 837 δυνάμενος
2540 763 2826 841 ἀπαρτίσαι
2880 765 2970 819 τὸν
3032 765 3225 842 πύργον
3285 769 3384 830 τῆς
3448 762 3661 838 ὅψηλῆς
3721 765 3860 839 γνώ-

2212 873 2343 915 σεως
2379 873 2392 886 ·
2440 851 2556 908 ὅθεν
2599 854 2685 909 καὶ
2716 852 3025 927 ἐμπαίζεται
3068 853 3169 907 ὑπὸ
3220 859 3326 908 τῶν
3373 851 3710 929 θεωρούντωυ
3764 852 3862 905 αὖ·

2209 944 2300 996 τον
2350 943 2437 996 καὶ
2496 941 2785 1019 ἀνθρώπων
2847 943 2933 997 καὶ
2963 938 3249 1016 δαιμόνων,
3302 943 3399 999 Καὶ
3454 939 3629 1003 ἄλλως
3662 938 3741 1011 δὲ,
3774 944 3860 995 θεο

2211 1029 2399 1106 μέλιον
2456 1032 2554 1106 μὲν
2600 1032 2821 1100 νοήσαις
2876 1032 2969 1086 τὸν
3026 1028 3403 1087 διδασκαλικὸν
3461 1031 3643 1108 λόγον.
3680 1022 3737 1086 Ὀ
3769 1030 3867 1107 γὰρ

2212 1124 2309 1189 τῆς
2379 1118 2715 1184 διδασκαλίας
2774 1118 2931 1197 λόγος
3013 1116 3409 1195 διαλαμϐάνων,
3490 1120 3613 1199 φέρε
3670 1120 3862 1179 εἰπεῖν,

2214 1213 2330 1291 περὶ
2380 1212 2693 1289 ἒγκρατείας
2753 1210 2982 1286 θεμελίῳ
3045 1210 3183 1266 ἔοικε
3226 1208 3573 1278 καταϐληθεὶς
3628 1211 3716 1267 ἐπὶ
3768 1211 3867 1275 τὴν

2212 1308 2304 1357 τοῦ
2352 1300 2591 1375 μαθητοῧ
2643 1302 2849 1378 ψυχήν.
2890 1312 2986 1355 Δεῖ
3014 1302 3102 1355 οὖν
3133 1307 3209 1374 τῷ
3238 1299 3383 1377 λόγῳ
3428 1302 3619 1373 τούτῳ,
3651 1298 3769 1366 ἤτοι
3791 1304 3870 1371 τῷ

2212 1390 2465 1470 θεμελίῳ,
2521 1392 2609 1446 καὶ
2681 1388 3080 1469 ἐποικοδομεῖν,
3138 1393 3205 1447 τὰ
3247 1397 3345 1457 τῆς
3406 1390 3643 1470 πράξεως
3698 1389 3861 1468 λέγω·

2213 1481 2305 1553 ’ἵνα
2365 1483 2452 1536 καὶ
2500 1482 2694 1559 πύργος
2752 1483 2887 1555 ἠμῗν
2939 1482 3123 1559 ἰσχύος
3170 1481 3277 1537 ἀπὸ
3331 1481 3619 1559 προσώπου
3675 1480 3869 1558 ἐχθροῦ

2215 1571 2559 1649 ἀπαρτισθείη
2590 1572 2625 1638 ἡ
2658 1570 2820 1646 ἀρετὴ
2876 1570 3075 1643 ἐκείνη,
3123 1571 3189 1638 ἢν
3239 1570 3585 1649 προεθέμεθα.
3625 1561 3755 1626 ΗΟτι
3814 1567 3869 1622 δὲ

2215 1659 2458 1735 θεμέλιος
2516 1658 2613 1735 μὲν
2653 1660 2681 1714 ὃ
2724 1658 2909 1737 λόγος,
2969 1658 3222 1735 οἰκοδομὴ
3250 1659 3303 1715 δὲ
3346 1662 3380 1728 ἡ
3436 1659 3642 1735 πρᾶξις,
3676 1661 3870 1719 ἱκανῶς

2216 1752 2360 1824 ἡμᾶς
2414 1753 2441 1805 ὁ
2494 1748 2819 1811 Ἀπόστολος
2881 1748 3113 1805 διδάσκει
3168 1749 3359 1827 λέγων,
3427 1753 3507 1806 Em.
3540 1770 3570 1809 ι
3614 1746 3871 1823 Θεμέλιον

2216 1840 2422 1896 τέθεικα
2454 1837 2662 1906 Ἰησοὺν
2695 1840 2940 1917 Χριστὸν,
2974 1837 3133 1902 ἄλλος
3165 1838 3218 1894 δὲ
3274 1837 3619 1914 ἐποικοδομεῖ
3652 1857 3667 1871 ³
3708 1864 3731 1894 ι
3780 1838 3871 1893 καὶ

2217 1928 2339 1995 ἑξῆς
2398 1928 2679 2006 καταλέγει
2734 1930 2819 1992 τὰς
2875 1927 3155 2007 διαφόρους
3201 1926 3507 2004 οἰκοδομὰς,
3558 1927 3675 1995 ἤτοι
3706 1928 3870 2004 ἐργα-

2218 2020 2333 2083 σίας
2388 2019 2425 2086 ii
2488 2016 2667 2074 καλῶν
2813 2017 3060 2097 πονηρῶν
3120 2018 3286 2097 ἔργων
3322 2039 3334 2050 ’
3396 2016 3712 2099 φοϐηθῶμεν
3755 2018 3869 2094 οὖν,

2218 2108 2430 2182 μήποτε
2482 2107 2805 2182 ἐμπαίζωσιν
2849 2110 2985 2176 ἡμῖν
3046 2110 3091 2163 οἱ
3134 2105 3400 2183 δαίμονες,
3436 2108 3553 2184 περὶ
3576 2108 3651 2162 ὧν
3682 2110 3711 2162 ὁ
3740 2128 3873 2182 προ-

2221 2198 2395 2275 φήτης
2426 2198 2585 2276 φησὶν
2615 2195 2721 2278 ὅτι,
2765 2220 2787 2250 α
2827 2196 3159 2271 Ἐμπαϊκται
3209 2198 3561 2276 κυριεύσουσιν
3604 2196 3798 2274 αὐτῶν,
3839 2220 3867 2250 ι

2220 2291 2325 2341 τῶν
2353 2287 2455 2361 ὑπὸ
2484 2293 2576 2341 τοῦ
2606 2293 2739 2345 Θεοῦ
2767 2284 2973 2353 δηλαδὴ
3002 2286 3361 2361 ἀπωσμένων.

2308 2400 2335 2430 α
2374 2357 2457 2432 ’.Η
2514 2378 2592 2439 τίς
2650 2374 2901 2451 βασιλεὺς
2951 2357 3307 2454 πορευόμενος
3366 2372 3660 2450 συμϐαλεῖν
3710 2374 3875 2450 ἑτέρῳ

2222 2464 2436 2542 βασιλεῖ
2490 2468 2562 2529 είς
2624 2464 2889 2544 πόλεμον,
2965 2467 3087 2543 οὐχὶ
3144 2467 3358 2528 καθίσας
3417 2472 3627 2543 πρῶτον
3656 2462 3875 2539 βουλεύ-

2224 2577 2359 2634 εται,
2396 2556 2437 2610 εἰ
2469 2552 2683 2617 δυνατός
2743 2554 2884 2610 ἐστιν
2936 2554 2989 2609 ἐν
3032 2554 3157 2611 δέκα
3186 2554 3425 2634 χιλιάσιν
3456 2554 3754 2620 ἀπαντῆσαι
3797 2559 3876 2625 τῷ

2224 2646 2358 2719 μετὰ
2418 2642 2591 2699 εἴκοσι
2651 2642 2913 2722 χιλιάδων
2968 2643 3240 2723 ἐρχομένῃ
3284 2645 3415 2723 πρὸς
3450 2643 3604 2699 αὐτόν
3638 2659 3651 2672 ⁸
3716 2645 3761 2698 ci
3817 2642 3873 2698 δὲ

2224 2736 2366 2811 μήγε
2426 2733 2502 2788 ἔτι
2562 2731 2739 2810 πόῤῥω
2797 2735 2954 2790 αὐτοὺ
3015 2734 3189 2808 ὄντος,
3247 2731 3526 2816 πρεσϐείαν
3555 2732 3874 2796 ἀποστείλας

2224 2823 2393 2901 ἐρωτᾷ
2423 2824 2489 2878 τὰ
2518 2824 2648 2901 πρὸς
2704 2824 2917 2900 εἰρήνην
2952 2839 2967 2897 ;
3016 2823 3194 2888 Οὕτως
3244 2824 3332 2879 οὗ)
3382 2829 3486 2885 πᾶς
3518 2822 3569 2888 ἐξ
3598 2825 3769 2901 ὑμῶν,
3815 2824 3872 2884 ὃς

2224 2912 2320 2968 οὒκ
2374 2912 2729 2967 ἂποτάσσεται
2779 2918 2907 2968 πᾶσι
2961 2926 3081 2975 τοῖς
3155 2913 3344 2969 ἔα.)τοῦ
3412 2913 3765 2991 ὑπάρχωσιν,
3814 2916 3876 2969 οὗ

2226 3000 2437 3057 δύναταί
2494 3022 2595 3075 μου
2644 3001 2787 3058 εἶναι
2819 3003 3090 3077 μαθητής.
3128 3001 3301 3059 Καλὸν
3330 3004 3391 3058 τὸ
3429 3000 3584 3066 ἅλαςο
3616 3002 3708 3057 ἰὰν
3737 3000 3790 3057 δὲ
3812 3004 3875 3057 τὸ

2225 3088 2356 3153 ἅλας
2415 3093 2687 3168 μωρανθῇ,
2748 3090 2801 3145 ἐν
2857 3092 2955 3146 τίνι
3003 3090 3397 3171 ἀρτυθήσεται;
3454 3090 3583 3148 Οὔτε
3615 3092 3688 3154 εἷς
3747 3091 3873 3171 γῆν,

2225 3180 2343 3236 οὔτε
2402 3182 2474 3242 εἷς
2533 3180 2750 3258 κοπρίαν
2798 3178 3002 3236 εὔθετόν
3064 3178 3206 3236 ἔστιν
3248 3180 3348 3247 ἔξω
3394 3178 3677 3257 βάλλουσιν
3722 3182 3869 3238 αὐτό.

2229 3261 2286 3327 Ὀ
2347 3267 2492 3349 ἔχων
2550 3270 2661 3325 ὦτα
2702 3268 2936 3345 ἆγούειν,
2969 3269 3226 3328 ἀκουέτω.
3265 3293 3291 3324 ι
3332 3272 3428 3327 Καὶ
3473 3270 3605 3336 αὕτη
3634 3272 3668 3336 ἡ
3699 3292 3877 3348 παρα-

2226 3357 2363 3427 ϐολὴ
2405 3355 2634 3414 διδάσκει
2682 3360 2824 3434 ἡμᾶς
2869 3360 2949 3433 μὴ
3007 3357 3266 3437 διψύχους
3311 3360 3480 3439 εἶναι,
3540 3357 3676 3433 μηδὲ
3728 3360 3879 3437 σαρκὶ

2227 3451 2315 3504 καὶ
2372 3454 2487 3521 Θεῷ
2529 3446 2905 3523 προσηλῶσθαι
2940 3464 2953 3478 ·
3020 3447 3140 3504 ἀλλ’
3192 3451 3236 3505 εἰ
3293 3448 3583 3525 μέλλοιμεν
3610 3451 3700 3506 τὸν
3744 3451 3880 3505 κατὰ

2228 3545 2333 3594 τῶν
2391 3542 2640 3616 πονηρῶν
2708 3536 2979 3614 δυνάμεων
3042 3538 3278 3615 πόλεμον
3336 3539 3578 3619 ἅρασθαι,
3640 3538 3881 3618 προστρέ-

2231 3628 2406 3707 ρέσθαι
2450 3626 2635 3690 αὐτοῖς
2684 3629 2758 3690 ὣς
2818 3626 3061 3707 ἐχθροῖς,
3121 3630 3206 3707 κρὶ
3247 3627 3459 3695 ἀληθῶς
3491 3629 3882 3707 ἀντιπαρατάτ-

2231 3721 2407 3773 τεσθαι
2470 3718 2720 3782 Βασιλεὺς
2779 3719 2876 3793 μὶν
2926 3719 3015 3775 οὖν
3058 3718 3167 3776 ἐστι
3226 3720 3315 3774 καὶ
3371 3719 3407 3786 ἡ
3465 3719 3693 3797 ἁμαρτία
3722 3720 3876 3795 βασι.

2234 3806 2455 3864 λεύουσα
2485 3808 2537 3863 ἐν
2569 3815 2646 3883 τῷ
2674 3809 2851 3882 θνητῴ
2880 3809 3087 3883 σώματι
3130 3810 3284 3884 ἡμῶν
3341 3814 3446 3863 τῶν
3499 3805 3881 3887 παραδεχομέ-

2236 3920 2337 3953 νων
2394 3899 2559 3968 αὒτήν
2591 3917 2610 3935 ο
2661 3896 2906 3974 βασιλεὺς
2958 3896 3011 3954 δὲ
3041 3900 3127 3956 καὶ
3162 3901 3189 3955 ὁ
3221 3901 3338 3962 νοῦς
3366 3899 3522 3973 ἡμῶν
3552 3898 3785 3964 ἐκτίσθη,
3823 3902 3882 3956 Ei

2235 3991 2406 4043 τοίνυν
2464 3986 2710 4063 μέλλοιεν
2768 3987 3072 4055 ἀντιστῆναι
3159 3993 3226 4063 τῇ
3283 3989 3534 4066 ἁμαρτίᾳ,
3594 3988 3881 4067 ὀλοψύχως

2236 4077 2537 4152 πολεμείτω
2591 4077 2745 4152 αὒτῇ.
2806 4080 2985 4141 Δεινὸς
3030 4078 3129 4156 γὰρ
3174 4080 3202 4133 ὁ
3258 4080 3480 4154 στρατὸς
3538 4078 3735 4143 ταύτης
3796 4080 3885 4133 καὶ

2237 4163 2481 4245 φοϐερὸς,
2514 4170 2601 4222 καὶ
2631 4167 2823 4240 μείζων
2868 4168 2953 4222 καὶ
2998 4165 3195 4223 πλείων
3238 4164 3387 4223 δοκεῖ
3435 4169 3587 4241 ἡμῶν
3622 4185 3635 4197 °
3699 4169 3744 4221 oi
3786 4168 3886 4244 γὰρ

2238 4254 2482 4332 δαίμονες
2529 4261 2845 4334 στρατιῶται
2896 4258 2993 4322 τῆς
3043 4256 3327 4334 ἁμαρτίας,
3386 4258 3439 4312 οἳ
3493 4253 3733 4312 δοκοῦσιν
3791 4254 3880 4309 εἴ·-

506 4331 704 4409 vingiti
730 4333 915 4393 millia
940 4342 1146 4393 contra
1171 4342 1371 4395 nostra
1394 4336 1601 4396 decem
1639 4337 1852 4400 millia.
1879 4342 2025 4403 Nam
2060 4343 2144 4402 in-

2237 4331 2354 4403 κοσι
2415 4331 2672 4425 χιλιάδων
2717 4346 2935 4425 ἀριθμὸν
2992 4331 3234 4424 ἐπέχειν,
3276 4346 3406 4424 πρὸς
3451 4342 3577 4400 δέκα
3635 4340 3883 4423 χιλιάδας

503 4420 781 4501 corporei
803 4432 1032 4495 sunt,et
1051 4432 1311 4503 pugnant
1333 4436 1539 4485 contra
1563 4445 1671 4486 nos
1694 4428 1795 4506 qui
1823 4428 1883 4488 in
1907 4450 2153 4511 corpore
2236 4420 2497 4513 ἡμετέρας
2535 4456 2548 4469 ·

504 4528 732 4589 sumus,
785 4520 843 4570 et
899 4513 1184 4590 majorem
1238 4514 1508 4574 virtutem
1574 4515 1792 4577 habere
1851 4519 2150 4585 videntur.

505 4599 781 4671 Quamvis
798 4606 997 4662 autem
1020 4600 1332 4662 videantur
1354 4603 1765 4677 fortiores,nos
1789 4615 1981 4669 tamen
2002 4611 2152 4671 resi-

506 4698 669 4750 stere
698 4690 1047 4769 poterimus.
1063 4690 1161 4751 «In
1182 4690 1303 4753 Deo
1326 4692 2025 4775 enim,inquit,faciemus
2048 4700 2159 4760 vir-

508 4786 688 4838 tutem
708 4777 760 4825 7‘
790 4799 841 4858 ,ι
870 4788 924 4838 et
953 4801 966 4837 :
994 4803 1019 4832 α
1051 4778 1339 4841 Dominus
1359 4782 1713 4843 illuminatio
1741 4806 1894 4867 mea,
1918 4797 1973 4847 et
1997 4790 2157 4850 salus

510 4885 662 4939 mea,
698 4885 874 4946 quem
913 4869 1132 4928 timebo
1156 4868 1185 4928 ‘?
1213 4868 1273 4931 Si
1306 4872 1689 4933 constiterint
1718 4874 2033 4945 adversum
2062 4897 2157 4940 me

507 4964 847 5029 castra,non
872 4956 1103 5017 timebit
1123 4976 1226 5019 cor
1252 4979 1448 5020 meum
1475 4960 1555 5019 72.
1574 4991 1593 5017 υ
1610 4963 1743 5022 402
1766 4962 1939 5026 Dedit
1960 4976 2156 5029 autem

508 5043 681 5105 nobis
711 5046 894 5117 Deus,
923 5046 1023 5126 qui
1074 5058 1314 5129 propter
1346 5069 1453 5110 nos
1486 5051 1823 5114 incarnatus
1847 5062 1959 5129 est,
1994 5068 2155 5135 pote-

510 5142 716 5194 statem
745 5135 1015 5197 calcandi
1037 5155 1222 5214 super
1252 5158 1490 5199 omnem
1527 5141 1799 5202 virtutem
1826 5142 2056 5208 inimici
2071 5148 2154 5212 73.

510 5221 739 5284 Idcirco
765 5237 820 5285 el
849 5226 1129 5303 quoniam
1154 5226 1215 5287 in
1242 5246 1419 5288 carne
1440 5228 1797 5291 exsistentes
1816 5252 1932 5293 non
1955 5254 2158 5303 carna-

512 5312 589 5371 lia
617 5329 785 5387 arma
806 5313 1117 5388 habemus,
1138 5315 1370 5380 etiamsi
1394 5319 1601 5380 decem
1636 5319 1821 5381 millia
1853 5323 2160 5390 videamur

515 5400 757 5494 habere,
792 5420 862 5461 eo
894 5403 1051 5494 quod
1086 5404 1145 5465 in
1190 5424 1438 5485 corpore
1470 5426 1716 5484 sumus;
1749 5418 1808 5470 et
1839 5411 1923 5473 illi
1956 5415 2155 5494 viginti

518 5488 723 5563 millia,
756 5508 825 5551 eo
856 5492 1013 5569 quod
1046 5494 1413 5576 incorporea;
1442 5506 1668 5558 naturae
1696 5508 1833 5561 sunt
1860 5521 1873 5563 :
1898 5488 2156 5569 attamen

599 5648 708 5713 701
738 5649 873 5712 Cor.
904 5666 991 5728 Ill,
1027 5653 1123 5717 lt.
1210 5656 1260 5704 Ἠ
1306 5657 1733 5731 Psal.ux,14

1826 5664 1886 5713 7’
1924 5668 2075 5731 l’sal.
2112 5688 2269 5748 xxvr,
2300 5683 2354 5736 t.

2610 4435 2883 4511 ἀσώματοι
2926 4436 3027 4513 γὰρ
3082 4432 3252 4514 ὄντες,
3312 4435 3399 4490 καὶ
3454 4435 3585 4505 πρὸς
3630 4434 3750 4498 τοὺς
3796 4433 3887 4487 ἐν-

2238 4527 2516 4601 σωμάτους
2575 4528 2720 4600 ἡμᾶς
2777 4525 3201 4605 συγκρινόμενοι,
3280 4521 3495 4579 πλείονα
3564 4523 3663 4590 τὴν
3730 4523 3886 4602 ἰσχὺν

2240 4615 2476 4673 δοκοῦσιν
2529 4615 2678 4693 ’ἐχειν
2716 4631 2730 4645 ⁸
2789 4637 2888 4692 κεν
2937 4614 3025 4671 οὗν
3074 4611 3298 4670 δοκῶσιν
3349 4614 3705 4691 ἰσχυρότεροι,
3765 4609 3885 4667 ἀλλ’

2238 4708 2401 4782 ἡμεῖς
2432 4705 2690 4781 δυνάμεθα
2724 4705 3286 4784 ἀντιπαρατάσσεσθαι’
3328 4726 3355 4759 ι
3392 4702 3479 4760 Ἐν
3510 4710 3586 4777 τῷ
3616 4709 3732 4777 Θεῷ
3762 4704 3884 4780 γὰρ,

2240 4798 2390 4876 φησὶ,
2438 4798 2735 4870 ποιήσομεν
2776 4793 2995 4870 δύναμιν
3030 4814 3042 4827 ο
3084 4816 3108 4847 n
3142 4794 3233 4849 καί
3264 4809 3276 4823 ⁰
3318 4813 3348 4852 (
3385 4792 3569 4871 Κύριος
3615 4792 3887 4872 φωτισμός

2240 4908 2342 4960 μου
2398 4887 2486 4941 καὶ
2543 4886 2733 4963 Σωτήρ
2765 4906 2893 4959 μου,
2925 4884 3042 4940 τίνα
3091 4880 3463 4961 φοϐηθήσομαι
3500 4901 3516 4963 ;
3553 4882 3677 4940 Ἐὰν
3710 4902 3889 4959 παρα-

2239 4974 2457 5043 τάξηται
2489 4973 2568 5031 ἐπ’
2609 4974 2705 5049 ἐμὲ
2750 4970 3085 5051 παρεμϐολὴ,
3113 4973 3171 5029 οὔ
3216 4969 3579 5051 φοϐηθήσεται
3619 4970 3649 5038 ἣ
3706 4968 3891 5050 καρδία

2241 5086 2366 5138 μου.
2422 5086 2447 5120 ι
2495 5063 2701 5118 Δέδωκε
2731 5060 2785 5117 δὲ
2816 5065 2953 5138 ἡμῖν
2993 5062 3207 5126 πάντως
3252 5064 3279 5117 ὁ
3312 5062 3598 5139 σαρκωθεὶς
3628 5059 3694 5116 δι’
3743 5061 3887 5136 ἡμᾶς

2243 5155 2371 5218 Θεὸς
2426 5157 2619 5209 πατεῖν
2678 5152 2763 5208 ἐπὶ
2792 5158 2965 5208 πᾶσαν
3008 5151 3107 5217 τὴν
3151 5148 3368 5227 δύναμιν
3411 5160 3504 5209 τοῦ
3544 5151 3757 5231 ἐχθρω.
3797 5150 3893 5205 Διὸ

2240 5244 2328 5299 καὶ
2382 5239 2566 5309 ἐπειδὴ
2610 5240 2663 5296 ἒν
2714 5242 2864 5319 σαρκὶ
2908 5238 3080 5320 ὄντες,
3111 5241 3170 5297 οὐ
3213 5241 3437 5315 σαρκικὰ
3479 5239 3619 5299 ὃπλα
3664 5240 3888 5319 ἔχομεν,

2241 5331 2339 5389 κᾶν
2394 5330 2521 5389 δέκα
2562 5328 2813 5411 χιλιάδας
2871 5327 3120 5409 δοχῶμεν
3166 5328 3351 5411 ἔχειν,
3384 5327 3467 5385 διὰ
3505 5330 3651 5387 τὸτέν
3680 5329 3891 5403 σώματι

2243 5424 2406 5496 εἶναι,
2471 5422 2684 5477 ἐκείνων
2744 5420 2918 5475 εἴκοσι
2966 5416 3227 5498 χιλιάδων
3274 5416 3440 5475 ὄντων
3472 5416 3555 5473 διὰ
3584 5420 3644 5474 τὸ
3674 5418 3895 5492 ἀσώμα-

2241 5536 2331 5569 τιιν
2380 5510 2475 5579 τῆς
2536 5510 2765 5590 φύσεως,
2815 5508 2962 5584 ὅμως
3007 5506 3183 5586 λέγειν
3240 5508 3545 5587 ὀφείλομεν
3575 5526 3613 5565 1
3645 5508 3895 5585 Κύριοςὸ

2445 5673 2507 5721 73
2538 5672 2673 5733 Luc.
2709 5687 2767 5744 ι,
2804 5671 2901 5732 19,
