4202 6398
290 359 411 426 948

1014 360 1455 426 ENARRATIO
1502 365 1582 427 ΙΝ
1631 358 2139 426 EVANGELIUM
2188 363 2425 424 LUC/li].
2475 396 2551 405 —
2594 364 2757 426 CAP.
2808 366 2937 427 XV.

3567 359 3687 425 946

296 499 426 560 Θεός
461 520 586 573 μου,
617 496 829 572 δύναμίς
862 513 988 572 μου·
1036 518 1058 553 ιι
1113 499 1199 552 καὶ
1259 495 1526 571 μηδέποτε
1571 498 1956 577 είρηνεύσωμεν

2061 501 2241 565 licere
2272 504 2605 567 debemus:
2650 531 2671 560 α
2724 506 3007 569 Dominus
3057 500 3216 571 Deus
3267 527 3460 589 meus,
3502 502 3684 567 virtus

303 590 432 664 πρὸς
474 589 575 653 την
613 588 901 665 ἁμαρτίαν,
934 586 1064 665 ὅπερ
1114 585 1224 642 ἐστὶ
1268 585 1593 655 δουλωθῆναι
1622 602 1741 649 τοῖς
1785 588 1954 643 πάθε-

302 698 388 732 σιν
418 692 433 705 ⁸
480 674 621 732 ἀλλὰ
673 674 880 750 μᾶλλον
938 676 1265 750 ἁντίστῶμεν
1317 674 1501 740 αὒτοϊς
1557 677 1644 732 καὶ
1700 673 1957 732 ἄσπονδον

299 779 463 840 μῖσος
508 766 641 844 πρὸς
686 764 820 821 αὐτὰ
878 762 1270 840 ἀναδεξώμεθα,
1321 763 1489 840 μηδὲν
1538 765 1778 828 θέλοντες
1813 764 1960 845 ἔχειν

301 862 409 912 τῶν
479 862 571 912 tot}
619 854 823 930 κόσμου
878 854 1153 932 ἒμπαθῶν,
1200 852 1321 909 ἀλλ’
1375 855 1794 930 ἀποτασσόμενοι
1853 861 1961 910 πᾶ-

304 967 390 1000 σιν
430 959 446 974 ⁶
511 944 591 999 ὅτι
647 948 707 1003 οὐ
766 941 976 999 δύναται
1034 949 1257 1018 Χριστοῦ
1314 943 1456 999 εἶναι
1508 943 1752 1019 μαθητὴς
1800 946 1827 999 6
1885 944 1962 1017 μὴ

308 1034 752 1110 ἁποτασσόμενος
809 1039 991 1105 πᾶσιν,
1038 1029 1157 1089 ἀλλ’
1201 1033 1481 1112 εἶρηνεύων
1520 1034 1651 1113 πρός
1698 1055 1814 1090 τινα
1857 1036 1962 1088 τῶν

308 1125 365 1181 ἐν
409 1126 488 1199 τῷ
530 1124 719 1199 κόσμῳ
774 1120 1162 1203 ψυχοόλαϐὦν.
1223 1114 1280 1180 ε0
1311 1124 1410 1202 γὰρ
1439 1130 1663 1200 Χριστοῦ
1693 1123 1959 1201 μαθητὴς,

306 1213 436 1278 ὅλας
495 1213 701 1294 ὀφείλει
762 1212 931 1285 εἶναι,
978 1212 1036 1269 οὗ
1087 1212 1249 1288 μόνον
1302 1214 1458 1276 αὐτὸς
1503 1212 1695 1291 ἀγαθὸς
1727 1212 1824 1284 ὢν,
1875 1213 1962 1266 καὶ

311 1304 501 1368 κακίας
531 1302 827 1383 ἀμέτοχος,
873 1300 1009 1357 ἀλλὰ
1066 1302 1154 1356 καὶ
1198 1298 1379 1364 ἄλλοις
1423 1298 1766 1375 μεταδοτικὸς
1821 1300 1959 1379 ἀγα-

303 1393 527 1459 θότητος
564 1411 579 1427 ⁸
628 1397 867 1448 τοιοῦτον
921 1391 1020 1468 γὰρ
1061 1390 1124 1445 τὸ
1179 1387 1309 1454 ἅλας
1343 1406 1357 1421 ⁸
1423 1390 1549 1448 αὐτό
1605 1409 1663 1444 τε
1722 1387 1963 1455 ἄσηπτον

308 1480 469 1555 μένον
523 1482 611 1537 καὶ
663 1476 923 1552 ἀϐλαϐὲς,
979 1479 1067 1534 καὶ
1119 1476 1272 1551 ἕτερα
1324 1475 1663 1557 διαφυλάττει
1724 1478 1958 1557 ἄσηπτα,

308 1570 398 1632 οἷς
450 1569 512 1625 ἂν
563 1567 775 1645 μεταδῷ
817 1574 917 1635 τῆς
972 1567 1285 1633 ποιότητος.
1327 1564 1452 1625 Ἐὰν
1479 1564 1534 1621 δὲ
1566 1568 1624 1622 τὸ
1666 1565 1796 1631 ἅλας
1823 1565 1961 1622 ἁπο-

308 1657 447 1736 ὅάλῃ
502 1659 599 1727 τὴν
653 1658 846 1714 οἰκείαν
905 1657 1081 1737 φύσιν,
1142 1655 1419 1736 ἄχρηστον
1489 1656 1706 1737 πάντη·
1737 1657 1958 1735 γίνεται,

310 1727 433 1805 οὔτε
490 1750 563 1811 εἰς
608 1753 733 1827 γῆν,
779 1746 895 1802 οὔτε
920 1727 1000 1811 ἐἷς
1044 1727 1266 1817 κοπρίαν
1318 1743 1521 1801 εὔθετον
1550 1743 1631 1806 δν,
1670 1727 1762 1803 ιιΟ⁷
1790 1743 1844 1799 δὲ
1877 1727 1962 1800 λέί

309 1859 417 1916 γει,
478 1840 715 1895 τοιοῦτόν
798 1835 937 1892 ἐστιν
970 1851 986 1867 ⁸

316 1926 590 2007 ὠφέλιμον
644 1927 732 1981 καὶ
760 1923 763 1927 ⁴
787 1925 1061 2004 ὰρτδτικὸν
1119 1923 1376 2001 βούλομαι
1446 1923 1610 1997 εἶναι,
1677 1922 1736 1979 οὔ
1807 1922 1967 1991 μόνον

316 2019 410 2073 τὸν
461 2014 801 2079 διδασκαλίας
849 2013 1086 2094 χάρισμα
1135 2011 1620 2094 ἐγκεχειρισμένων,
1666 2016 1773 2069 οἷοι
1830 2012 1967 2079 ἦσαν

316 2108 363 2162 οἱ
424 2103 738 2179 ἀπόστολοι,
810 2105 899 2159 καὶ
953 2100 1281 2182 διδάσκαλοι,
1356 2103 1445 2158 καὶ
1500 2100 1771 2176 ποιμένες,
1831 2099 1967 2156 ἀλλὰ

314 2197 403 2252 καὶ
444 2196 569 2259 τοὺς
612 2194 835 2257 λα’ίκοὺς
888 2191 1077 2258 αὐτοὺς
1141 2192 1465 2272 χρησίμους,
1525 2192 1613 2247 καὶ
1670 2188 1966 2271 ἐπωφελεϊς

319 2298 439 2346 τοῖς
471 2283 699 2351 πλησίον
729 2283 941 2338 ἀπαιτῶ
970 2282 1139 2341 εἶναι.
1174 2280 1299 2340 Ἐὰν
1329 2280 1384 2337 δὲ
1431 2283 1460 2337 6
1501 2279 1714 2353 μέλλων
1764 2280 1969 2359 ἐτέρους

322 2376 580 2456 ὠφελεῖν,
641 2376 798 2439 αὐτὸς
852 2372 1105 2450 ἀδόκιμος
1189 2374 1432 2452 γένηται,
1492 2374 1580 2430 καὶ
1647 2375 1810 2448 ἒκστῇ
1872 2378 1971 2439 τῆς

324 2466 699 2546 προσηκούσης
758 2470 835 2538 τῷ
892 2470 1187 2541 Χριστιανῷ
1233 2463 1626 2533 καταπόσεως,
1660 2462 1776 2517 οὔτε
1829 2462 1973 2540 ὠφε-

321 2557 508 2624 λῆσαι,
556 2552 675 2610 οὔτε
732 2551 1072 2631 ὠφεληθῆναι
1118 2550 1419 2621 δυνήσεται,
1484 2572 1507 2605 ιι
1558 2550 1689 2608 Οὔτε
1746 2551 1844 2629 γὰρ
1903 2552 1976 2612 εἰς

318 2645 446 2723 γῆν,
514 2643 698 2722 φησὶν,
745 2639 863 2699 οὔτε
894 2642 968 2706 εἷς
1009 2642 1232 2719 κοπρίαν
1292 2639 1497 2696 εὔθετόν
1527 2637 1692 2702 ἐστιν.
1734 2662 1756 2695 ι
1798 2641 1973 2695 Αίνίτ-

319 2755 467 2789 τεται
510 2730 566 2788 δὲ
597 2729 683 2787 διὰ
728 2731 825 2806 μὲν
868 2729 965 2797 τῆς
995 2731 1099 2808 γῆς
1129 2731 1190 2785 τὸ
1220 2727 1612 2809 ὠφελούμενον,
1657 2725 1741 2783 διὰ
1781 2725 1835 2783 δὲ
1878 2732 1976 2795 της

328 2823 551 2900 κοπρίας
605 2822 668 2876 τὸ
722 2818 983 2898 ὠφελοῦν.
1048 2819 1140 2875 Διὸ
1198 2820 1271 2883 ὡς
1330 2819 1467 2894 μήτε
1524 2816 1766 2897 ὠφελῶν,
1840 2818 1978 2893 μήτε

325 2910 692 2993 ὠφελούμενος
762 2906 1069 2975 ἀπόϐλητος
1148 2909 1324 2974 πάντη
1406 2908 1493 2963 καὶ
1575 2905 1925 2984 ἀπορριπτέος
1958 2921 1974 2936 ⁸

328 3002 445 3057 ἐπεὶ
499 2999 555 3056 δὲ
613 3000 882 3063 σκοτεινὸς
938 2999 1027 3055 καὶ
1083 2994 1443 3075 παραϐολικός
1472 2998 1500 3052 6
1531 2995 1688 3075 λόγος
1733 2997 1826 3067 ἦν,
1871 2993 1978 3050 διε-

1051 1834 1195 1893 Ἐγὼ
1248 1835 1348 1893 μὲν
1419 1833 1593 1891 πάντα
1650 1819 2022 1893 ΧριστιανὸνΒ

1115 1840 1195 1912 γὼ
1248 1840 1348 1909 μὲν
1419 1840 1593 1891 πάντα
1650 1840 1962 1913 Χριστιανὸν

2042 602 2171 653 mea
2199 612 2211 656 :
2244 593 2624 675 anullamque
2650 614 2907 678 unquam
2927 596 3059 658 cum
3093 606 3333 678 peccato
3360 594 3686 659 habeamus

2042 702 2270 763 pacem,
2303 686 2358 746 id
2384 688 2539 767 quod
2565 687 2889 748 estservire
2910 688 3341 769 affectionibus,
3371 688 3477 749 sed
3498 684 3685 767 magis

2044 778 2396 835 rusistamus
2421 775 2598 857 eis,et
2629 778 3014 838 ostendamus
3038 776 3230 839 nullas
3255 796 3385 840 esse
3416 772 3686 838 inducias

2046 864 2315 924 odiorum
2350 881 2488 942 erga
2524 864 2879 945 illas,neque
2899 867 3117 928 habere
3134 867 3387 928 velimus
3410 864 3687 946 concupi-

2046 952 2274 1014 scibilia
2294 953 2520 1029 mundi,
2544 953 2646 1015 sed
2672 956 3081 1016 renuntiemns
3112 952 3683 1037 omnibus,quando-

2046 1042 2285 1121 quidem
2320 1062 2434 1103 non
2469 1052 2661 1121 potest
2683 1044 3011 1124 discipulus
3033 1044 3248 1106 Christi
3281 1044 3545 1124 esse,qui
3567 1061 3685 1103 non

2046 1130 2347 1191 renuntiat
2365 1131 2778 1206 omnibus,sed
2800 1151 3000 1214 pacem
3017 1133 3193 1195 habet
3216 1153 3349 1194 cum
3372 1132 3606 1213 hisque
3627 1132 3686 1193 in

2049 1219 2159 1280 hoc
2193 1220 2414 1281 mundo
2446 1221 2675 1280 animas
2714 1221 2931 1281 damno
2966 1221 3248 1285 afﬁciunt.
3299 1221 3513 1283 Christi
3549 1238 3690 1281 sane

2047 1306 2371 1387 discipulus
2413 1307 2494 1368 sal
2537 1326 2666 1369 esse
2698 1308 2896 1382 debet,
2942 1329 3057 1370 non
3100 1310 3291 1372 solum
3334 1310 3460 1386 ipSe
3501 1310 3692 1371 bonus

2049 1395 2342 1455 exsistens
2367 1405 2422 1457 et
2448 1396 2686 1457 malitiae
2710 1415 2944 1477 expers,
2975 1400 3078 1460 sed
3114 1408 3170 1460 et
3193 1397 3323 1459 aliis
3359 1397 3689 1458 communi-

2049 1500 2189 1543 cans
2215 1483 2565 1545 bonitatem.
2592 1487 2675 1547 lta
2695 1486 2853 1548 enim
2878 1505 2941 1548 se
2965 1486 3143 1549 habet
3165 1488 3272 1550 sal.
3300 1487 3495 1567 Ipsum
3530 1486 3687 1547 enim

2047 1590 2179 1632 cum
2210 1573 2713 1635 maneatillaasum
2738 1582 2799 1637 et
2829 1574 3263 1657 incorruptum,
3306 1576 3419 1636 alia
3454 1591 3691 1656 quoque

2046 1679 2280 1722 servare
2312 1662 2464 1724 valet
2499 1681 2573 1723 ne
2591 1665 3290 1747 corrumpantur,quibus
3315 1683 3480 1726 suam
3505 1662 3693 1745 quali-

2047 1756 2224 1811 tatem
2252 1751 2675 1813 communicat.
2706 1753 2779 1813 At
2800 1753 2846 1813 si
2865 1762 3133 1815 naturam
3158 1772 3325 1816 suam
3351 1755 3434 1816 sal
3457 1752 3688 1832 abjece-

2051 1840 2414 1901 rit..omnino
2438 1841 2648 1903 inutile
2667 1850 2778 1925 est,
2802 1861 2992 1923 nequc
3024 1853 3199 1905 terrae
3225 1862 3419 1925 neque
3439 1842 3690 1904 stercori

2050 1929 2501 1991 accommodum
2518 1931 2781 2003 .Quando
2800 1940 2994 1993 autem
3018 1933 3343 2010 dicit,itase
3364 1930 3691 2009 habetzEgo

2050 2017 2289 2097 quidem
2318 2036 2556 2079 omnem
2592 2019 2986 2081 Christianum
3023 2022 3228 2083 utilem
3255 2030 3311 2083 et
3334 2020 3577 2083 condire
3599 2038 3694 2079 va-

2052 2106 2270 2167 lentem
2295 2124 2425 2168 esse
2446 2110 2599 2188 volo,
2620 2126 2736 2168 non
2770 2108 2962 2169 solum
2988 2128 3121 2170 eum
3156 2111 3247 2170 cui
3290 2107 3693 2171 concreditum

2053 2196 2305 2258 docendi
2337 2195 2796 2278 donum,quales
2827 2206 2961 2259 sunt
2982 2198 3230 2279 apostoli
3260 2207 3318 2259 et
3344 2198 3621 2259 doctores
3642 2204 3701 2256 et

2055 2285 2454 2364 pastores.sed
2482 2285 2653 2345 etiam
2679 2286 2846 2362 exigo
2872 2295 2933 2347 ut
2957 2286 3090 2347 laici
3112 2286 3225 2365 ipsi
3247 2286 3417 2347 bona;
3436 2284 3618 2363 frugis
3639 2291 3699 2345 et

2057 2372 2231 2434 utiles
2256 2373 2372 2433 sint
2396 2374 2704 2454 proximis.
2728 2373 2856 2437 Jam
2881 2375 2930 2435 si
2954 2375 3297 2455 profuturus
3326 2374 3457 2436 aliis
3486 2391 3699 2453 repro-

2061 2462 2168 2522 bus
2201 2462 2387 2537 ﬁat,et
2408 2480 2441 2522 a
2464 2461 2939 2525 Christianorum
2965 2464 3178 2528 ordine
3209 2463 3701 2544 ejiciatur,neque

2062 2551 2346 2629 prodesse
2369 2570 2560 2631 neque
2587 2551 2901 2613 utilitatem
2931 2570 3144 2634 capere
3168 2554 3407 2633 poterit.
3448 2577 3473 2607 α
3496 2553 3703 2633 Neque

2062 2640 2219 2701 enim
2242 2640 2296 2699 in
2322 2640 3002 2723 terram,inquit,neque
3025 2644 3084 2703 in
3099 2642 3534 2724 sterquilinium
3560 2640 3704 2703 utile

2062 2738 2174 2791 est.
2216 2753 2239 2784 ιι
2275 2729 2611 2791 lnsinuatur
2632 2738 2826 2791 autem
2854 2749 2959 2811 per
2974 2740 3189 2793 terram
3211 2732 3366 2812 quod
3389 2729 3701 2792 utilitatem

2063 2819 2274 2897 capiat,
2300 2836 2404 2897 per
2432 2818 2875 2899 sterquilinium
2908 2829 3103 2882 autem
3141 2821 3298 2902 quod
3331 2820 3535 2901 prosit.
3563 2818 3703 2880 Ideo

2061 2905 2329 2987 rejicitur
2352 2915 2411 2968 et.
2430 2907 2800 2986 rejiciéndus
2822 2918 3219 2990 est,tanquam
3236 2909 3336 2991 qui
3360 2928 3469 2970 nec
3497 2908 3704 2988 prosit,

2065 3016 2172 3056 nec
2198 2994 2507 3056 utilitatem
2542 2995 2850 3075 percipiat.
2889 3000 2958 3057 Et
2991 2998 3269 3079 quoniam
3294 2997 3582 3061 obscurus
3610 3015 3708 3076 pa-

330 3092 519 3169 γείρων
574 3090 693 3151 τοὺς
764 3088 1025 3165 ἀκροατὰς
1089 3090 1117 3143 6
1167 3087 1355 3164 Κύριος
1405 3088 1478 3149 είς
1533 3087 1595 3141 τὸ
1657 3085 1733 3161 μὴ
1796 3083 1975 3169 ἁπλῷς

2062 3084 2481 3163 rabolicusque
2509 3102 2710 3145 sermo
2762 3084 2865 3144 ille
2912 3086 3039 3160 fuit,
3097 3089 3360 3147 excitans
3407 3084 3708 3147 auditores

331 3164 708 3258 παραδέξασθαι
736 3179 799 3234 τὸ
828 3164 982 3255 ῥηθὲν
1014 3178 1132 3254 περὶ
1184 3182 1273 3232 τοῦ
1316 3173 1535 3255 ἂλατος,
1582 3173 1791 3258 φησίν--
1846 3192 1875 3231 (
1924 3164 1981 3230 Ὀ

332 3270 473 3348 ἔχων
525 3271 638 3324 ὦτα
691 3253 923 3340 ἀκούειν,
983 3253 1244 3342 ἀκουέτω,
1295 3285 1318 3321 ι
1358 3253 1709 3335 τοῦτ’ήέστιν,
1747 3253 1804 3318 Ὀ
1837 3260 1983 3340 ἔχων

329 3360 531 3415 σύνεσιν
600 3355 825 3412 συνιέτω
856 3371 871 3384 ⁸
919 3354 1033 3411 ὦτα
1095 3355 1195 3433 γὰρ
1252 3352 1470 3410 ἐνταῦθα
1531 3353 1629 3420 τὴν
1672 3350 1984 3416 αἰσθητικὴν

327 3446 544 3523 δύναμιν
580 3448 681 3513 τῆς
738 3446 948 3524 ψυχῆς,
1014 3445 1102 3500 καὶ
1138 3447 1238 3511 τὴν
1269 3444 1402 3522 πρὸς
1431 3442 1493 3498 τὰ
1525 3441 1753 3498 συνιέναι
1787 3441 1982 3506 ἐπιτη-

327 3537 576 3602 δειότητα
646 3532 862 3601 νοητὲον
894 3582 909 3596 ,
968 3532 1190 3595 ἕκαστος
1261 3532 1350 3591 οὖν
1405 3535 1559 3607 ἡμῶν
1616 3532 1721 3588 τῶν
1783 3535 1984 3585 ποστῶν

312 3617 462 3692 ἐἴλας
517 3626 680 3698 ἐστὶν,
716 3624 777 3681 ἐκ
806 3626 911 3681 τῶν
938 3623 1090 3681 θείων
1120 3622 1297 3701 λόγων
1339 3624 1427 3678 καὶ
1465 3622 1560 3689 τῆς
1588 3618 1813 3701 ἄνωθεν
1869 3619 1984 3698 χά-

330 3739 473 3796 ριτος
504 3715 699 3783 ταύτην
740 3714 843 3781 τὴν
878 3712 1141 3780 ποιότητα
1184 3710 1516 3789 δεδεγμένος·
1551 3700 1688 3796 ΓὈτι
1719 3708 1773 3765 δὲ
1803 3710 1837 3776 ἡ
1872 3707 1983 3787 χά-

336 3790 415 3884 ρις
476 3804 608 3869 ἅλας
640 3804 803 3882 ἐστὶν,
848 3801 1005 3860 ἄκουε
1034 3812 1128 3860 τοῦ
1184 3799 1389 3859 Παῦλου
1415 3815 1429 3829 ⁸
1486 3820 1510 3855 α
1550 3790 1607 3858 Ὀ
1638 3798 1796 3876 λόγος
1839 3799 1985 3871 ὑμῶν

332 3896 473 3952 ἔστω
496 3896 549 3952 ἐν
592 3895 774 3973 γάριτι
816 3892 974 3949 ἅλατι
1017 3889 1351 3970 ἠρτυμμένος
1384 3907 1402 3925 ⁶
1447 3907 1472 3946 ο
1516 3891 1589 3951 ὡς
1616 3888 1741 3944 ὅταν
1772 3889 1799 3943 6
1830 3886 1987 3962 λόγος

336 3985 430 4052 εἴη
488 3982 709 4064 ἄχαρις,
755 3978 947 4045 ἔναλος
991 3979 1203 4058 λέγοιτο
1246 3979 1327 4039 ἄν.
1380 3981 1439 4037 Et
1492 3979 1664 4034 τοίνυν
1719 3997 1989 4055 καταφρο-

338 4063 576 4148 νήσομεν
617 4072 715 4141 τῆς
745 4075 850 4127 τῶν
880 4072 1031 4128 θείων
1063 4068 1239 4146 λόγων
1294 4068 1606 4147 ποιότητος,
1654 4067 1742 4123 καὶ
1798 4068 1857 4121 o6
1902 4063 1992 4120 δε-

342 4166 547 4243 ιόμεθα
587 4162 786 4228 ταύτην
847 4161 918 4222 εἷς
971 4159 1185 4224 ἑαυτοὺς
1234 4159 1323 4215 καὶ
1378 4157 1668 4231 ποιούμεθα
1696 4154 1748 4221 ἐξ
1803 4154 1991 4229 αὐτῆς,

340 4256 457 4310 τότε
515 4252 684 4327 μωροὶ
741 4250 829 4306 καὶ
901 4248 1139 4305 ἆσύνετοι
1185 4247 1464 4325 γινόμεθα,
1511 4247 1600 4301 καὶ
1644 4244 1807 4306 ὅντως
1849 4246 1993 4318 ἔμω-

2066 3171 2353 3233 Dominus
2398 3182 2458 3232 ut
2488 3191 2606 3233 non
2638 3172 2991 3253 simpliciter
3022 3174 3346 3255 suscipiant
3383 3174 3605 3235 dictum
3632 3172 3708 3234 de

2067 3261 2389 3336 sale,dicit:
2407 3261 2545 3333 cQui
2568 3260 2743 3323 habet
2763 3280 2938 3323 aures
2959 3264 3031 3324 ad
3052 3262 3663 3337 audiendum,audiat,
3679 3285 3703 3318 ι)

2068 3351 2183 3411 hoc
2216 3358 2325 3425 est,
2358 3349 2467 3422 Qui
2500 3350 2679 3411 habet
2725 3351 3122 3432 intellectum,
3156 3352 3463 3430 intelligat.
3516 3353 3709 3412 Aures

2069 3441 2224 3499 enim
2252 3440 2362 3500 hoc
2389 3439 2518 3499 loco
2542 3437 2887 3499 sensitivam
2914 3440 3185 3501 virtutem
3205 3440 3505 3509 animw,et
3525 3438 3595 3498 ad
3622 3438 3708 3497 in-

2072 3528 2457 3606 telligendum
2481 3528 2871 3607 aptitcdinem
2900 3528 3492 3609 significant.0mnes
3512 3528 3711 3607 itaque

2070 3617 2278 3679 ﬁdeles
2308 3617 2390 3693 sal
2413 3625 2572 3690 sunt,
2608 3635 2677 3678 ex
2700 3617 2912 3678 divinis
2955 3619 3330 3679 sermonibus
3363 3610 3431 3679 et
3458 3634 3713 3696 superna

2070 3706 2253 3783 gratia
2268 3704 2611 3786 qualitatem
2637 3708 2789 3768 hanc
2816 3707 3239 3788 suscipientes.
3261 3707 3331 3769 Et
3353 3706 3509 3788 quod
3531 3705 3716 3785 gratia

2072 3796 2155 3856 sal
2189 3794 2287 3874 sit,
2340 3793 2480 3855 audi
2528 3793 2775 3854 Paulum
2822 3796 3164 3858 dicentem:
3205 3822 3228 3852 α
3267 3795 3476 3857 Sermo
3523 3801 3717 3855 vester

2074 3884 2149 3944 sit
2169 3884 2226 3944 in
2250 3884 2432 3962 gratia
2452 3882 2574 3944 sale
2595 3884 2869 3945 conditus
2888 3884 2970 3945 74.
2999 3883 3105 3945 »Et
3134 3886 3211 3947 ita
3242 3884 3290 3945 si
3323 3884 3499 3945 fuerit
3520 3900 3717 3944 sermo

2075 3972 2296 4053 ἄχαρις,
2322 3973 2433 4033 hoc
2447 3981 2555 4045 est,
2584 3972 2714 4034 sine
2737 3972 2953 4051 gratia,
2973 3973 3238 4035 insulsus
3269 3973 3506 4034 dicitur.
3540 3970 3721 4050 Igitur

2077 4063 2125 4122 si
2159 4062 2489 4122 divinorum
2524 4062 2890 4142 eloquiorum
2917 4061 3259 4142 qualitatem
3293 4059 3721 4141 contempseri-

2082 4161 2297 4229 mus,et
2322 4169 2438 4210 non
2469 4151 2912 4230 susceperimus
2935 4170 3063 4213 eam
3088 4152 3146 4211 iu
3174 4151 3540 4230 nosejusque
3571 4167 3719 4229 qua-

2084 4242 2247 4301 litate
2272 4239 2624 4310 afticiamur,
2662 4248 2799 4301 tunc
2832 4242 2997 4301 stulti
3028 4249 3088 4301 et
3112 4240 3418 4301 intellectu
3450 4244 3723 4299 carentes

339 4343 498 4414 οάνθη
554 4326 615 4397 τὸ
672 4339 803 4401 ἅλας
865 4340 1047 4418 ἡμῶν,
1092 4338 1166 4401 ὡς
1212 4337 1292 4412 μὴ
1354 4335 1483 4416 ἕχον
1541 4336 1640 4402 τὴν
1670 4340 1770 4401 τῆς
1804 4333 1975 4389 ἄνωθει

2061 4329 2399 4420 >θίιῖιιὶιηυτ.
2433 4327 2506 4388 Et
2533 4328 2793 4407 profecto
2817 4326 3166 4427 infamatum
3192 4336 3278 4386 est
3306 4326 3394 4388 sal
3427 4332 3719 4397 nostrum,

342 4432 559 4513 λάριτος
588 4430 875 4496 πιιότητα,

972 4525 1225 4582 ΚΕΦΔΔ.
1271 4517 1384 4579 ιε’.

347 4621 466 4698 Περὶ
516 4618 622 4675 τῶν
664 4617 902 4698 ἑκατὸν,
976 4612 1257 4698 προϐάτων
1308 4606 1638 4698 παραϐολή,
1708 4610 1830 4686 Περὶ
1910 4615 2002 4663 τοῦ

651 4689 1103 4765 ἀποδημήσαντος
1138 4695 1209 4757 εἷς
1242 4691 1426 4772 χώραν
1460 4689 1689 4768 μακράν,

430 4816 458 4847 α
490 4780 656 4849 Ἠσαν
702 4788 756 4846 δί
810 4788 1105 4867 ἐγγίζοντες
1177 4786 1321 4859 αὐτῷ
1376 4783 1569 4846 πάντες
1644 4784 1691 4838 οἱ
1751 4780 1999 4860 τελῶναι,

346 4884 435 4939 καὶ
507 4883 555 4937 οἱ
644 4876 953 4955 ἁμαρτωλοὶ
1030 4875 1238 4932 ἀκούειν
1291 4873 1471 4929 αὐτοῦ*
1528 4872 1615 4927 καὶ
1667 4868 2002 4949 διεγόγγυζον

350 4974 397 5027 οἱ
455 4978 747 5049 Φαρισαῖοι
791 4968 881 5024 καὶ
924 4968 970 5022 οἱ
1007 4972 1349 5045 Γραμματετς
1380 4959 1646 5039 λέγοντες,
1687 4959 1791 5038 ὅτι,
1843 4961 2004 5049 Οὗτος

352 5058 695 5137 ἁμαρτωλοὺς
755 5055 1113 5137 προσδέχεται
1173 5055 1261 5111 καὶ
1317 5052 1570 5108 συνεσθίει
1615 5053 1820 5112 αὐτοῖς.
1869 5048 2006 5105 Εἶπε

351 5151 405 5208 δὲ
463 5151 595 5229 πρὸς
660 5148 845 5211 αὐτοὺς
903 5147 1003 5213 τὴν
1061 5140 1368 5224 παραϐολὴν
1429 5138 1628 5205 ταύτην
1683 5137 1878 5215 λέγων’
1920 5138 2008 5198 Τίς

2083 4420 2133 4480 si
2168 4436 2283 4479 non
2312 4416 2585 4477 habuerit
2614 4432 2887 4495 supernas
2917 4415 3119 4494 gratiae
3150 4415 3518 4496 qualitatem.

2601 4507 2741 4567 403
2777 4505 3016 4570 CAPUT
3068 4507 3200 4568 XV.

2089 4598 2383 4661 Parabola
2412 4600 2484 4661 dc
2514 4605 2752 4658 centum
2784 4596 3019 4658 ovibus.
3072 4594 3158 4657 De
3185 4611 3429 4675 peregre
3459 4594 3723 4675 pro/ecta

2482 4680 2553 4739 in
2581 4682 2885 4753 regionem
2920 4676 3335 4755 longinquam.

2168 4774 2351 4836 Vens.
2389 4772 2605 4834 t-10.¢
2640 4768 3021 4831 Accedebant
3043 4777 3241 4828 autem
3264 4766 3335 4827 ad
3367 4784 3502 4827 eum
3520 4782 3730 4826 omnes

2089 4863 2385 4946 publicani
2406 4869 2461 4921 et
2486 4867 2827 4941 peccatores
2858 4856 3223 4946 utqaudirent
3252 4855 3449 4946 illum.
3471 4861 3526 4915 et
3560 4871 3728 4913 mur-

2090 4944 2399 5014 inurabant
2423 4948 2701 5012 Pharisaei
2723 4964 2793 5009 ac
2814 4944 3039 5008 Scriba:
3055 4945 3319 5006 dicentes
3341 4966 3354 5003 τ
3384 4944 3491 5005 Hic
3515 4958 3728 5023 pecca-

2092 5052 2249 5103 tores
2280 5038 2517 5115 recipit,
2551 5056 2617 5097 ac
2667 5036 2864 5097 cibum
2899 5033 3057 5112 capit
3107 5051 3242 5093 cum
3283 5032 3437 5095 illis.
3490 5030 3734 5093 Dicebat

2092 5140 2288 5195 autem
2323 5127 2395 5188 ad
2429 5126 2559 5189 illos
2591 5124 2928 5205 parabolam
2976 5121 3157 5193 hanc,
3187 5121 3395 5183 dicens
3429 5142 3444 5181 :
3478 5119 3621 5192 Quis
3663 5137 3733 5181 ex

357 5207 623 5316 ἔνθριύπος
681 5237 733 5304 ἐξ
785 5237 932 5313 ὑμῶν
978 5234 1124 5316 ἔχων
1172 5233 1361 5289 ἑκατὸν
1430 5225 1693 5307 πρόϐατα,
1740 5230 1828 5285 καὶ
1872 5226 1975 5282 ἀπο

2095 5220 2261 5282 vobis
2292 5223 2381 5278 est
2403 5216 2578 5277 homo
2599 5213 2699 5295 qui
2719 5212 2898 5274 habet
2918 5219 3156 5316 centum
3181 5229 3340 5312 oves,
3366 5219 3423 5272 et
3450 5210 3502 5311 si
3531 5207 3733 5290 perdi-

447 5299 458 5316 .
608 5299 618 5303 -
718 5299 732 5304 τ
818 5299 829 5313 .
1010 5299 1046 5316 η
1475 5299 1485 5307 .
1678 5299 1688 5303 ,

352 5330 509 5393 λέσας
540 5330 596 5386 ἓν
653 5326 705 5394 ἐξ
750 5328 944 5402 αὑτῶν,
992 5326 1050 5382 οὐ
1084 5322 1399 5380 καταλείπει
1452 5318 1518 5374 τὰ
1570 5316 1973 5383 ἑννενηκονταεν

2097 5310 2253 5370 derit
2283 5323 2456 5367 unam
2494 5321 2560 5364 ex
2588 5304 2725 5383 illis,
2756 5319 2953 5363 nonne
2981 5299 3264 5379 relinquit
3294 5301 3607 5378 nonaginta
3637 5316 3737 5358 no-

356 5419 447 5475 νέα
496 5387 551 5475 έν
595 5423 662 5493 τῇ
691 5387 944 5497 rip/“up;
972 5416 1062 5473 καὶ
1113 5412 1391 5483 πορεύεται
1450 5406 1536 5463 ἐπὶ
1590 5408 1651 5464 τὸ
1710 5404 1975 5465 ἀπολωλὸς

2102 5418 2229 5461 vem
2264 5398 2319 5458 in
2359 5396 2618 5469 deserto,
2654 5401 2714 5454 et
2742 5391 2899 5451 vadit
2949 5388 3020 5450 ad
3071 5387 3229 5451 illam
3282 5408 3413 5470 quae
3455 5388 3737 5469 perierat,

441 5598 505 5650 τι
528 5596 758 5662 Coloss.
783 5612 866 5673 tv,
904 5596 970 5663 6.
