4202 6402
506 335 631 416 947

520 567 774 649 imponit
830 569 890 631 in
951 569 1236 631 humeros
1294 585 1433 630 suos
1482 566 1770 646 gaudens,
1802 568 2170 646 veniensque

520 657 786 737 domum,
813 664 1095 719 convocat
1126 657 1353 719 amicos
1386 665 1445 718 et
1479 656 1732 732 vicinos,
1770 656 1976 718 dicens
2004 654 2124 716 illis
2152 679 2167 718 :

519 745 810 820 Gaudete,
860 765 1121 827 mecum,
1178 745 1317 827 quia
1366 746 1567 808 inveni
1617 766 1782 809 ovcm
1818 764 2009 809 meam
2042 763 2175 826 quae

523 835 808 917 perierat.
842 835 986 899 Dico
1026 835 1215 909 vobis,
1269 836 1426 917 quod
1487 835 1568 899 ita
1615 836 1894 918 gaudium
1947 835 2058 896 erit
2110 835 2169 895 in

520 923 672 988 ccelo
725 943 908 1004 super
955 944 1073 987 uno
1126 932 1452 1005 peccatore
1510 925 1925 1007 resipiscente,
1987 923 2172 1003 magis

520 1031 697 1094 quam
730 1031 911 1093 super
945 1015 1264 1093 nonaginta
1294 1032 1504 1075 novem
1545 1014 1747 1095 justis,
1781 1015 1882 1094 qui
1922 1032 2039 1075 non
2073 1013 2170 1073 in-

521 1101 725 1181 digent
754 1102 1119 1184 poenitentia.
1154 1102 1276 1163 Ant
1329 1121 1460 1183 quas
1508 1102 1722 1164 mulier
1770 1102 1998 1165 habens
2028 1102 2170 1163 dra-

520 1191 728 1253 chmas
778 1190 1015 1261 decem,
1077 1191 1127 1251 si
1189 1190 1516 1271 perdiderit
1573 1192 1918 1254 drachmam
1966 1210 2168 1267 unam,

522 1296 724 1341 nonne
753 1278 1025 1341 accendit
1046 1278 1376 1352 lucernam,
1403 1287 1461 1339 et
1489 1281 1676 1342 verrit
1704 1279 1972 1353 domum,
2006 1297 2172 1360 quae-

522 1367 719 1448 ritque
750 1366 1074 1445 diligenter
1101 1367 1294 1429 donec
1319 1367 1623 1432 inveniat?
1653 1376 1713 1431 et
1742 1387 1877 1429 cum
1922 1368 2172 1443 invenit,

522 1463 807 1519 convocat
834 1456 1055 1518 amicas
1084 1474 1153 1517 ac
1181 1456 1426 1531 vicinas,
1463 1457 1670 1519 dicens
1703 1474 1716 1519 :
1756 1456 2020 1520 Gaudete
2043 1474 2173 1519 me-

523 1564 684 1625 cum,
736 1544 877 1625 quia
923 1545 1121 1607 inveni
1157 1545 1497 1607 drachmam
1543 1564 1718 1627 quam
1768 1545 2169 1627 perdideram.

522 1632 609 1695 Ita
636 1633 771 1694 dico
803 1632 990 1706 vobis,
1041 1632 1316 1711 gaudium
1373 1633 1486 1694 erit
1529 1652 1725 1696 coram
1790 1634 2018 1713 angelis
2069 1628 2173 1696 Dei

1396 332 1991 399 THEOPHYLACTI
2034 328 2445 391 BULGARI/E
2470 328 2826 394 ARCHIEP.

519 479 712 543 donec
769 479 1031 542 inveniat
1080 497 1211 543 eam
1257 485 1286 541 ‘?
1341 486 1399 541 et
1457 497 1594 540 cum
1651 478 1951 541 invenerit
2005 459 2349 549 eamUt”?
2404 463 2528 543 εὕρῃ
2586 465 2711 522 αὖτό
2745 482 2759 497 '

3760 324 3909 391 ’948

2851 467 2938 521 καὶ
3018 464 3182 543 εὗρὼν
3251 464 3542 529 ἐπιτίθησιν
3628 462 3727 517 έπὶν
3781 459 3908 520 τοὺξ

2253 548 2431 627 ὤμους
2482 552 2642 610 αὐτοῦ
2684 553 2911 633 χαίρων,
2977 554 3065 612 καὶ
3108 553 3272 611 ἐλθὼν
3306 555 3378 618 εἷς
3407 553 3500 608 τὸν
3556 551 3709 608 οἶκον
3744 552 3904 608 αὑτοῦ

2253 640 2511 719 συγκαλεῖ
2537 644 2661 706 τοὺς
2706 641 2887 724 φίλους
2931 645 3022 700 καὶ
3063 644 3184 706 τοὺς
3215 644 3456 722 γείτονας
3487 640 3661 718 λέγων
3690 638 3913 699 autem"

2254 732 2578 810 Συγχάρητέ
2606 756 2720 812 μοι,
2770 733 2851 790 ὅτι
2896 740 3045 812 εὖρον
3087 733 3149 789 τὸ
3190 731 3454 813 πρόϐατόν
3518 754 3621 807 μου
3657 731 3719 787 τὸ
3761 728 3903 785 ἀπο-

2254 818 2478 900 λωλός,
2539 821 2692 899 Λέγω
2739 823 2893 897 ὑμῖν,
2950 821 3031 877 ὅτι
3090 822 3229 880 οὕτω
3283 822 3427 901 χαρά
3469 824 3525 877 ἒν
3568 827 3645 893 τῷ
3701 818 3905 895 οὖρανῷ

2254 907 2400 966 ἕσται
2444 908 2529 966 ἒπὶ
2582 910 2661 966 ἐνὶ
2706 908 3010 989 ἀμαρτωλῶ
3055 914 3421 986 μετανοοῦντι,
3470 910 3507 978 ἢ
3548 910 3634 965 ιτπὶ
3685 911 3904 972 εννεντιο

2252 999 2566 1078 κονταεννέα
2610 996 2853 1071 δικαίοις,
2903 998 3101 1065 οἵτινες
3159 1002 3220 1057 οὐ
3273 1001 3458 1078 χρεία)
3503 998 3690 1077 ἔχουσι
3734 1017 3903 1071 μετα-

2253 1088 2419 1151 νοέεις.
2482 1070 2567 1143 μΗ
2626 1088 2705 1153 τίς
2760 1089 2893 1167 γυνὴ
2936 1090 3183 1169 δραχμὰς
3227 1070 3430 1169 ἕγζουσα
3478 1070 3626 1166 δέκα,
3658 1086 3747 1142 ἐὰν
3776 1084 3906 1140 ἀπο-

2255 1175 2385 1255 λέσῃ
2441 1175 2690 1258 δραχμὴν
2740 1178 2886 1254 μίαν,
2949 1179 3074 1258 οὐχὶ
3121 1179 3277 1236 ἅπτει
3334 1177 3556 1257 λύχνον,
3617 1177 3704 1232 καὶ
3748 1187 3906 1253 σαροῖ

2253 1266 2353 1332 τὴν
2413 1267 2603 1343 οἰκίαν,
2664 1268 2751 1324 καὶ
2793 1275 2950 1339 ζητεῖ
3005 1267 3301 1343 ἒπιμελῶς,
3339 1267 3440 1331 ἕως
3466 1267 3591 1323 ὅτου
3623 1264 3770 1343 εὕρῃ,
3817 1264 3907 1319 καὶ

2257 1356 2501 1434 εὗροῦσα,
2548 1355 2809 1432 συγκαλεῖ
2876 1357 2973 1421 τὰς
3031 1356 3185 1435 φίλας
3230 1358 3317 1413 καὶ
3359 1357 3453 1420 τὰς
3514 1355 3750 1432 γείτονας
3808 1350 3904 1407 λέ·-

2256 1465 2422 1522 γουσα
2458 1459 2470 1473 ⁸
2548 1443 2866 1525 Συγχάρητε
2936 1467 3051 1521 μοι,
3113 1445 3193 1502 ὅτι
3251 1445 3399 1524 εὖρον
3455 1445 3554 1511 τὴν
3627 1440 3902 1522 δραχμὴν.

2258 1530 2321 1599 ἤν
2372 1531 2677 1607 ἀπώλεσας
2737 1533 2889 1592 Οὕτω
2943 1534 3085 1613 λέγω
3141 1536 3298 1611 ὑμῖν,
3343 1535 3488 1615 χαρὰ
3530 1534 3728 1611 γίνεται
3776 1531 3904 1587 ένώο

2255 1643 2377 1678 πιον
2439 1629 2545 1679 τῶν
2587 1622 2831 1702 ἀγγέλων
2872 1633 2965 1682 τοῦ
3022 1632 3154 1682 Θεοῦ
3182 1624 3268 1681 ἐπὶ
3300 1626 3374 1681 ἑνὶ
3406 1622 3691 1702 ἁμαρτολῷ
3732 1642 3903 1697 μετα-

522 1740 704 1803 super
733 1740 850 1782 uno
883 1704 1195 1802 peccatore
1224 1721 1641 1803 resipiscente.
1678 1748 1703 1779 ι
1728 1704 2015 1785 Dominus
2045 1724 2172 1805 qui-

2258 1720 2483 1775 νοοῦντι,
2548 1704 2606 1770 Ὀ
2651 1714 2749 1789 μὲν
2796 1716 2979 1792 Κύριος
3023 1714 3200 1772 ἐκεῖνο
3257 1714 3424 1772 ἐποίει
3470 1715 3529 1771 οὗ
3585 1712 3760 1769 ἕνεκεν
3817 1712 3906 1766 καὶ

522 1810 658 1873 dem
689 1809 836 1872 illud
888 1809 1165 1891 faciebat,
1213 1811 1383 1890 cujus
1433 1811 1619 1891 gratia
1666 1812 2010 1874 incarnatus
2059 1820 2170 1886 est,

519 1899 816 1962 accedens
843 1899 916 1960 ad
963 1899 1310 1979 publicauos
1360 1910 1420 1964 et
1470 1908 1843 1981 peccatores,
1894 1908 2171 1982 tanquam

520 1988 791 2050 medicus
819 1988 892 2049 ad
922 1987 1347 2061 inﬁrmos.Qui
1369 1999 1572 2051 autem
1600 1996 1807 2052 revera
1827 1998 2174 2070 peccatores

520 2086 690 2140 erant
718 2076 1028 2157 Pharisaei,
1048 2076 1662 2140 obmurmurationem
1694 2086 1870 2141 tanta;
1900 2080 2174 2141 humani-

519 2166 625 2228 tati
652 2165 1088 2246 rependebant.
1138 2165 1589 2228 Abominabiles
1638 2170 1795 2229 enim
1840 2168 2174 2234 censebant

522 2255 892 2337 publicanos,
916 2254 1025 2335 ipsi
1060 2262 1258 2317 autem
1289 2255 1504 2317 domos
1532 2255 1841 2317 viduarum
1862 2265 1921 2318 et
1947 2258 2171 2337 orpha-

523 2361 737 2405 norum
768 2342 1185 2405 comedebant.
1223 2342 1377 2415 Quid
1424 2343 1604 2423 igitur
1647 2345 1982 2408 Dominus?
2009 2348 2174 2409 Sicut

523 2432 868 2494 misericors
896 2440 1021 2493 erat
1066 2450 1205 2511 erga
1237 2431 1607 2513 publicanos,
1642 2435 1720 2495 ita
1754 2444 1815 2497 et
1844 2454 1981 2513 erga
2013 2436 2168 2513 illos,

523 2521 622 2603 qui
636 2538 802 2582 suam
824 2519 1336 2584 calumniabantur
1354 2521 1848 2588 misericordiam.
1866 2525 1993 2587 Non
2013 2525 2172 2587 enim

522 2618 831 2672 aversatur
859 2629 965 2672 eos
1001 2619 1280 2691 tanquam
1325 2611 1688 2674 insanabiles
1732 2622 1792 2675 et
1820 2613 2173 2677 obmurmu-

521 2707 748 2772 rantes,
784 2699 888 2761 sed
921 2708 1231 2761 mansuete
1282 2709 1473 2774 sanat,
1509 2700 1847 2779 parabolam
1898 2704 2050 2764 hanc
2099 2704 2174 2767 de

523 2785 729 2849 ovibus
760 2786 968 2850 dicens
999 2808 1011 2850 :
1048 2795 1108 2848 et
1133 2787 1208 2849 de
1255 2787 1583 2850 manifestis
1615 2798 1673 2850 et
1702 2791 1880 2852 certis
1911 2792 1999 2853 eis
2032 2811 2170 2871 per-

522 2876 755 2951 suadet,
808 2886 867 2938 et
909 2875 1173 2937 confutat
1226 2875 1329 2949 ita,
1386 2895 1461 2936 ne
1508 2895 1665 2956 agre
1720 2879 1909 2941 ferant
1953 2889 2169 2943 tantam

2254 1802 2555 1878 ὶσαρκώθη,
2656 1804 3002 1883 προσιέμενος
3097 1804 3220 1869 τοὺς
3302 1802 3535 1866 τελώνας
3617 1803 3707 1859 καὶ
3787 1800 3907 1865 τοὺς

2254 1890 2625 1970 ἁμαρτωλοὺς,
2714 1893 2787 1954 ὡς
2870 1894 3046 1971 ἰατρὸς
3130 1894 3252 1957 τοὺς
3324 1893 3691 1954 ἀσθενοῦντας*
3754 1892 3801 1945 οἱ
3851 1887 3906 1942 δὲ

2255 1979 2561 2059 ἁμαρτωλοὶ
2611 1985 2689 2054 τῷ
2744 1976 2853 2038 ὅντι
2906 1988 3190 2056 Φαρισαῖοι
3234 1986 3526 2061 γογγυσμῷ
3566 1980 3666 2047 τὴν
3722 1980 3909 2058 φιλαν-

2254 2069 2488 2146 θρωπίαν
2540 2068 2739 2135 ταύτην
2797 2066 3082 2143 ἠμεὶϐοντο
3117 2086 3130 2100 ⁸
3207 2069 3515 2145 βδελυκτοὺς
3582 2069 3683 2147 γὰρ
3732 2066 3904 2145 ἡγού-

2257 2178 2409 2233 μενοι
2462 2156 2584 2221 τοὺς
2642 2156 2902 2233 τελώνας,
2956 2160 3103 2217 αὐτοὶ
3131 2160 3226 2221 τὰς
3257 2160 3420 2223 οἰκίας
3452 2162 3557 2215 τῶν
3585 2156 3776 2238 χηρῶν
3819 2157 3908 2211 καὶ

2254 2251 2362 2301 τῶν
2420 2246 2665 2325 ὀρφανῶν
2707 2248 3018 2316 κατήσθιον.
3080 2247 3139 2304 Τί
3196 2248 3282 2304 οὖν
3327 2250 3355 2304 ὁ
3401 2235 3598 2326 Κύριος
3615 2235 3640 2318 ⁷;
3688 2235 3906 2326 υΩσπερ

2254 2336 2386 2413 πρὸς
2436 2335 2555 2397 τοὺς
2614 2333 2848 2399 τελώνας
2906 2334 3410 2414 ἐφιλανθρωπεύετο,
3469 2325 3607 2392 οὕτω
3677 2332 3741 2400 δὴ
3819 2325 3907 2389 καὶ

2257 2425 2390 2492 πρὸς
2448 2424 2660 2487 τούτους
2720 2423 2907 2489 αὐτοὺς
2939 2426 3061 2490 τοὺς
3112 2426 3211 2492 τὴν
3259 2425 3649 2505 φιλανθρωπίαν
3706 2422 3907 2487 ταύτην

2258 2510 2637 2577 διαϐάλλοντας
2674 2531 2689 2546 ⁶
2769 2514 2828 2570 οὗ
2910 2515 3008 2593 γὰρ
3086 2514 3471 2596 ἀποστρέφεται
3534 2515 3746 2576 τούτους
3833 2512 3906 2575 ὡς

2257 2601 2501 2664 ἀνιάτους
2556 2601 2645 2681 (5)
2692 2604 2778 2658 καὶ
2822 2605 3140 2681 γογγυστὰς,
3188 2603 3326 2661 ἀλλά
3368 2604 3577 2684 πραέως
3633 2601 3905 2682 θεραπεύει

2257 2688 2567 2770 παραϐολὴν
2637 2690 2826 2755 αὐτοῖς
2902 2692 3071 2771 λέγων
3122 2694 3221 2760 τὴν
3298 2701 3404 2750 τῶν
3458 2690 3759 2773 προϐάτων,
3820 2693 3907 2747 καὶ

2253 2780 2360 2837 ἀπὸ
2410 2786 2523 2835 -τῶν
2583 2778 2817 2859 ἐναργῶν
2872 2783 2960 2837 καὶ
3028 2786 3265 2862 φανερῶν
3310 2783 3502 2839 πείθων
3551 2782 3759 2861 αὐτοὺς,
3816 2779 3905 2835 καὶ

2253 2869 2604 2944 ἐπιστομίζων
2662 2870 2738 2944 μὴ
2798 2868 3156 2949 δυσχεραίνειν
3217 2872 3303 2929 ἐπὶ
3372 2879 3448 2943 τῷ
3502 2872 3738 2943 τοσούτῳ
3799 2875 3901 2936 τῆς

522 2963 805 3026 bonitatis
836 2963 1211 3072 eﬁ‘usionerg.
1244 2962 1388 3025 Nam
1410 2965 1457 3026 si
1472 2966 1531 3027 in
1553 2984 1663 3028 ove
1685 2986 1802 3028 una
1818 2967 2166 3045 irrationali,

2255 2958 2583 3038 ἀγαθότητος
2627 2959 2854 3037 χύματι.
2911 2962 3090 3017 Καίτοι
3121 2963 3163 3017 εἰ
3197 2962 3282 3017 επὶ
3306 2959 3551 3040 προϐάτῳ
3580 2960 3661 3016 ἑνί
3692 2958 3896 3037 ἀλογῳ,

523 3071 658 3134 quae
684 3052 758 3114 ad
788 3052 1115 3133 imaginem
1147 3051 1255 3114 Dei
1286 3072 1403 3115 non
1435 3063 1526 3115 est
1548 3056 1719 3131 facta,
1753 3056 1803 3117 si
1833 3076 1966 3119 cum
2000 3078 2170 3122 erra-

2255 3050 2341 3106 καὶ
2394 3047 2472 3122 μὴ
2531 3047 2647 3103 κατ’
2712 3049 2887 3103 εἰκόνα
2931 3054 3063 3106 Θεοῦ
3090 3059 3463 3128 γεγεννημένῳ
3495 3050 3726 3115 τοσαύτη
3757 3050 3901 3128 χαρὰ

522 3142 692 3216 verit,
720 3142 897 3203 fuerit
915 3142 1176 3219 inventa,
1196 3143 1476 3221 gaudium
1498 3144 1562 3205 ﬁt
1593 3152 1818 3207 tantum
1847 3167 1861 3208 :
1887 3158 2169 3228 quantum

527 3230 853 3317 verisimile
879 3238 972 3292 est
1000 3230 1132 3291 ﬁeri
1166 3231 1227 3291 in
1261 3231 1504 3293 homine
1533 3233 1805 3296 rationali
1834 3237 1905 3297 ad
1953 3236 2169 3317 imagi-

526 3338 662 3382 nem
693 3316 799 3381 Dei
828 3318 1112 3380 condito?
1164 3319 1470 3383 Manifesta
1508 3320 1687 3400 igitur
1730 3323 2007 3404 parabola
2047 3316 2173 3389 haec

513 3409 710 3489 justos
742 3407 889 3469 dicit
930 3426 1039 3489 per
1084 3426 1222 3471 oves
1272 3408 1598 3487 nonaginta
1651 3431 1907 3490 novem;
1957 3424 2016 3475 et
2072 3434 2176 3494 per

521 3515 701 3559 unam
736 3505 1110 3576 peccatorem
1134 3499 1234 3579 qui
1257 3499 1536 3579 perierat.
1561 3499 1779 3563 Dicunt
1802 3510 1997 3564 autem
2031 3524 2174 3567 non-

524 3586 675 3648 nulli
704 3595 944 3650 centum
979 3605 1119 3648 oves
1140 3605 1380 3649 omnem
1413 3597 1746 3650 creaturam
1781 3591 2172 3656 rationalem:

526 3694 707 3737 unam
738 3683 936 3738 autem
988 3694 1180 3751 ovem,
1216 3675 1525 3739 rationalis
1570 3687 1795 3739 naturae
1840 3680 2170 3755 hominem,

525 3782 703 3845 quam
738 3771 1040 3826 errantem
1084 3763 1395 3845 requisivit
1426 3765 1639 3828 Pastor
1690 3767 1902 3841 bonus,
1956 3771 2177 3833 relictis

526 3851 850 3931 nonaginta
874 3869 1085 3914 novem
1106 3851 1168 3914 in
1200 3852 1667 3935 solitudine,hoc
1695 3863 1803 3928 est,
1834 3857 1892 3918 in
1917 3876 2176 3939 superno

527 3941 658 4003 loco
683 3941 934 4003 caelesti.
967 3940 1236 4003 Solitudo
1256 3942 1413 4003 enim
1442 3951 1533 4004 est
1553 3942 1791 4017 caelum,
1822 3964 1855 4007 a
1878 3948 2175 4012 mundano

526 4030 782 4091 tumultu
814 4036 1275 4110 sequestratum,
1301 4040 1360 4091 et
1382 4032 1624 4112 plenum
1650 4035 1814 4095 omni
1842 4038 2173 4117 tranquilli-

526 4124 644 4179 tate
679 4136 747 4179 ac
780 4135 943 4207 pace.
987 4117 1276 4207 Dominus
1303 4137 1443 4181 vero
1487 4130 1550 4182 ut
1591 4120 1818 4184 invenit
1861 4125 2016 4185 illam
2048 4146 2179 4207 qua;

527 4214 849 4283 erraverat,
879 4205 1162 4287 imposuit
1189 4205 1253 4269 in
1283 4208 1588 4270 humeros.
1612 4208 1999 4276 Inﬁrmitates
2016 4205 2176 4277 enim

2253 3139 2453 3216 γίνεται
2510 3134 2762 3216 εὑρεθέντι
2808 3138 2941 3211 μετά
2999 3140 3061 3193 τὸ
3117 3138 3474 3214 πλανηθῆναι,
3536 3138 3710 3205 πόσην
3761 3138 3900 3201 εἰκός

2255 3227 2483 3305 γίνεσθαι
2543 3224 2629 3281 ἐπὶ
2685 3223 2941 3303 ἀνθρώπῳ
2982 3226 3185 3304 λογικῷ
3226 3224 3346 3284 κατ’
3392 3228 3565 3284 εἰκόνα
3622 3234 3752 3284 Θεοῦ
3807 3224 3900 3281 δε-

2255 3312 2761 3393 δημιουργημένῳς
2850 3313 3134 3389 Προδήλως
3206 3317 3305 3391 μὲν
3376 3316 3464 3372 οὖν
3531 3318 3566 3384 ἡ
3624 3312 3902 3393 παραϐολὴ

2257 3406 2378 3467 τοὺς
2438 3401 2667 3467 δικαίως
2728 3406 2857 3482 φησὶ
2925 3403 3162 3482 πρόϐατα
3224 3404 3744 3478 ἒννενηκονταεννέα,
3816 3405 3906 3459 καὶ

2258 3498 2311 3554 ἓν
2370 3497 2458 3551 τὸν
2503 3494 2794 3551 ἐκπεσόντα
2836 3494 3172 3573 ἀμαρτωλόν.
3233 3497 3368 3553 Φασὶ
3426 3496 3481 3552 δέ
3529 3517 3667 3555 τινες
3718 3494 3907 3552 ἑκατὸν

2258 3586 2355 3659 μὲν
2399 3582 2636 3663 πρόϐατα
2692 3591 2865 3641 πᾶσαν
2921 3584 3020 3651 τὴν
3066 3582 3290 3663 λογικὴν
3342 3586 3536 3665 κτίσιν,
3584 3586 3639 3641 ἓν
3668 3583 3721 3640 δὲ
3764 3583 3901 3661 πρό-

2258 3678 2421 3751 βατον
2483 3679 2581 3739 τῆς
2640 3672 2864 3752 λογικῆς
2920 3674 3125 3755 φύσεως
3182 3677 3272 3730 τὸν
3303 3674 3595 3755 ἄνθρωπον,
3643 3677 3670 3731 ὁ
3698 3673 3902 3739 πλανη-

2258 3766 2344 3823 θὲν
2405 3764 2726 3834 ἀνεζήτησεν
2784 3766 2811 3818 ὁ
2863 3764 3088 3838 ποιμὴν,
3138 3766 3165 3821 ὁ
3196 3764 3381 3839 καλὸς,
3415 3766 3575 3844 ἀφεὶς
3602 3766 3667 3822 τὰ
3696 3764 3903 3829 ἐννενη-

2259 3852 2574 3913 κονταενιέα
2631 3852 2685 3907 ἐν
2743 3860 2810 3929 τῇ
2893 3852 3097 3931 ἐρήμῳ.
3172 3854 3464 3937 τουτέστιν,
3552 3856 3606 3910 έν
3661 3854 3740 3928 τῷ
3795 3849 3903 3908 ἅνω

2257 3945 2407 4016 τόπῳ
2465 3945 2542 4015 τῷ
2588 3942 2828 4019 οὑρανίῳ.
2891 3939 3151 4020 ’Ἔρημος
3205 3944 3303 4021 γὰρ
3346 3942 3675 4022 πολυοχλίας
3705 3963 3902 4016 κοσμι-

2258 4038 2359 4099 κῆς
2418 4029 2788 4104 ἀπῳκισμένος
2846 4032 2874 4086 ὁ
2944 4033 3183 4108 οὐρανὸς,
3271 4033 3358 4089 καὶ
3415 4030 3592 4098 πάσης
3662 4029 3902 4101 γαλήνης

2258 4121 2348 4178 καὶ
2436 4118 2647 4195 εἰρήνης
2704 4117 3140 4193 μεμεστωμένος.
3220 4122 3392 4199 Εὑρὼν
3474 4117 3529 4175 δὲ
3611 4121 3639 4174 ὁ
3719 4117 3903 4194 Κύριος

2259 4212 2412 4267 τοῦτο
2464 4209 2525 4263 τὸ
2567 4205 2857 4281 πλανηθὲν,
2898 4206 3153 4275 ἐπέθηκεν
3197 4207 3283 4264 ἒπὶ
3337 4213 3457 4272 τούς
3510 4208 3687 4283 ὤμους
3719 4208 3894 4263 αὐτοῦ.

526 4302 758 4357 nostras
788 4303 847 4358 et
886 4303 1125 4376 peccata
1172 4304 1375 4359 nostra
1419 4298 1561 4359 404
1611 4301 1738 4381 ipse
1795 4304 2066 4382 portavit,
2112 4313 2172 4369 et

2257 4302 2358 4365 Τὰς
2410 4299 2509 4376 γὰρ
2578 4295 2845 4361 ἀσθενείας
2895 4297 3073 4372 ἡμῶν,
3132 4300 3220 4355 καὶ
3289 4300 3381 4358 τὰς
3441 4299 3697 4377 ἁμαρτίας
3745 4297 3900 4356 αὐτὸς

526 4384 729 4476 omnia
752 4402 939 4476 onera
968 4391 1169 4476 nostra
1219 4404 1353 4476 non
1386 4390 1665 4476 gravatim
1706 4390 1833 4472 ipse
1880 4394 2168 4476 suscepit,

2255 4387 2532 4459 ἐϐάστασε,
2593 4386 2679 4440 καὶ
2735 4384 2907 4442 πάντα
2966 4388 3032 4442 τὰ
3087 4387 3223 4467 βάρη
3274 4390 3426 4463 ἡμῶν
3481 4390 3636 4451 αὐτὸς
3691 4384 3897 4463 ἀϐαρῶς

524 4472 843 4561 persolutis
862 4473 1136 4536 omnibus
1160 4492 1293 4555 quae
1322 4474 1710 4552 debebamus,
1742 4487 1799 4540 et
1829 4498 1937 4541 nos
1959 4472 2171 4561 sponte

2255 4476 2528 4542 ἀνεδέξατο
2560 4491 2574 4506 ⁸
2635 4474 2809 4532 πάντα
2875 4475 2975 4532 ὅσα
3032 4477 3458 4557 ἐχρεωστοῦμεν,
3534 4479 3689 4539 αὐτὸς
3756 4477 3897 4534 ἀπο-

523 4580 594 4624 ac
624 4560 882 4625 libenter
923 4561 1178 4642 portavit
1217 4581 1405 4644 usque
1445 4567 1504 4626 in
1550 4565 1791 4629 domum
1824 4560 2015 4644 suam,
2062 4570 2172 4636 hoc

2257 4566 2488 4649 φλήσας,
2545 4564 2634 4620 καὶ
2683 4565 2828 4638 ἡμᾶς
2883 4563 3070 4642 ῥᾳδίως
3146 4568 3235 4622 καὶ
3278 4567 3485 4633 ἀπόνως
3538 4568 3713 4630 σώσας
3771 4565 3899 4646 ἄχρι

524 4649 706 4731 cst,in
736 4650 1281 4714 ctelum.Convocat
1304 4653 1527 4717 amicos
1557 4663 1616 4717 et
1632 4654 1882 4734 vicinos,
1905 4659 2173 4723 fortassis

522 4739 788 4819 angelos,
821 4758 971 4820 quos
1000 4748 1061 4802 et
1089 4758 1229 4802 oves
1257 4740 1515 4805 diximus
1557 4762 1691 4806 esse
1715 4744 1885 4825 juxta
1911 4747 2082 4809 aliam
2117 4757 2175 4811 et

519 4828 696 4891 aliam
742 4828 1115 4891 relationem.
1181 4827 1328 4891 Nam
1387 4833 1714 4895 secundum
1764 4835 1920 4915 quod
1977 4837 2173 4899 omnis

522 4925 799 4980 creatura
835 4916 1073 4980 condita
1098 4918 1173 4980 ad
1208 4918 1393 4981 Deum
1437 4921 1763 4995 confertur,
1798 4925 2048 5003 pecuina
2080 4935 2173 4989 est

2255 4657 2343 4713 καὶ
2400 4659 2493 4711 τοῦ
2537 4651 2690 4709 οἴκου
2751 4656 2929 4725 αὐτοῦ,
3005 4654 3261 4729 τουτέστι,
3351 4664 3443 4713 τοῦ
3500 4658 3717 4735 οὐρανοῦ
3748 4676 3761 4689 ’
3817 4657 3905 4710 καὶ

2255 4741 2515 4823 συγκαλεῖ
2582 4742 2705 4805 τοὺς
2789 4741 2969 4822 φίλους
3054 4746 3142 4800 καὶ
3225 4747 3343 4808 τοὺς
3428 4747 3686 4824 γείτονας,
3762 4746 3906 4823 τάχα

2254 4834 2375 4899 τοὺς
2420 4829 2700 4911 ἀγγέλους,
2756 4833 2844 4895 οὓς
2899 4834 2987 4889 καὶ
3029 4831 3269 4912 πρόϐατα
3327 4849 3466 4891 εῖναι
3496 4833 3904 4909 ἀποδεδώκαμεν
3971 4853 3981 4859 ·

2251 4922 2372 4980 κατ’
2422 4919 2592 4987 ἀλλην
2659 4921 2748 4976 καὶ
2796 4917 2967 4988 ἀλλην
3024 4920 3303 4993 ἐπιϐολήν,
3377 4923 3503 4982 Καθ’
3564 4926 3591 4980 ὃ
3648 4925 3745 4999 μὲν
3804 4923 3901 5000 γὰρ

520 5012 581 5069 et
607 5004 803 5080 bruta,
838 5013 897 5069 et
925 5008 1265 5087 secundum
1308 5008 1424 5070 hoc
1470 5009 1689 5072 dicitur
1730 5012 1813 5092 (a)
1845 5013 2019 5075 etiam
2059 5035 2165 5077 su-

2255 5019 2397 5070 πᾶσα
2454 5009 2646 5075 κτιστὴ
2697 5008 2848 5088 φύσις
2906 5011 2980 5074 ὡς
3040 5010 3172 5089 πρὸς
3233 5014 3361 5069 Θεὸν
3430 5012 3709 5081 κτηνώδης
3761 5013 3892 5083 ἐστὶ,

519 5110 723 5172 pernm
750 5094 997 5159 virtutes
1025 5112 1207 5172 oves;
1238 5096 1300 5157 in
1342 5108 1625 5177 quantum
1657 5116 1792 5162 vero
1822 5102 2164 5179 rationales,

2255 5102 2383 5158 κατά
2428 5108 2582 5158 τοῦτο
2628 5092 2865 5175 πρόϐατα
2936 5097 3191 5157 καλοῖντο
3248 5101 3311 5158 ἂν
3366 5105 3417 5158 αἱ
3463 5102 3573 5158 ἄνω
3623 5102 3890 5177 δυνάμεις,

516 5179 707 5272 idest
750 5181 1208 5259 intellectuales,
1264 5194 1324 5248 et
1367 5195 1660 5268 quatenus
1704 5189 1835 5252 aliis
1882 5193 2167 5256 creaturis

2255 5192 2391 5249 Καθὸ
2446 5186 2500 5244 δὲ
2530 5186 2767 5266 λογικαὶ,
2808 5186 2969 5266 ἤγουν
3000 5192 3172 5271 νοεραὶ
3214 5194 3301 5249 καὶ
3358 5192 3735 5272 πλησιέστεραι
3784 5198 3891 5250 τῶν

519 5269 833 5334 viciniores
859 5272 1161 5350 videntur,
1194 5277 1526 5339 secundum
1558 5276 1673 5338 hoc
1703 5278 1879 5342 amici
1908 5292 1969 5342 et
1988 5282 2167 5344 vicini

2255 5277 2425 5335 :27.)th
2484 5277 2786 5352 κτισμάτων
2852 5269 3122 5356 δοκοῦσαι,
3188 5283 3325 5339 κατὰ
3398 5289 3553 5339 τοῦτο
3610 5269 3749 5360 φίλοι
3805 5284 3894 5339 καὶ

1590 5436 1674 5500 Ex
1705 5438 2019 5504 collatione
2051 5441 2229 5506 codd.
2261 5436 2477 5504 Venet.
2512 5433 2573 5499 S.
2609 5436 2811 5499 Marci.

599 5559 685 5641 (5)
715 5561 860 5625 Cod.
888 5562 991 5645 26,
1023 5566 1335 5641 ’Λνοήτους,
1375 5592 1404 5625 σ
1437 5569 1769 5634 dementes.
1812 5596 1836 5630 ι

593 5680 679 5771 (α)
710 5677 868 5745 Idit.
895 5684 1032 5758 [ραι.
1058 5693 1119 5750 at
1145 5691 1203 5751 si
1230 5689 1312 5751 ad
1342 5688 1498 5753 alios
1522 5697 1835 5757 creaturas
1858 5696 2262 5776 con/nuntur
2286 5688 2641 5772 rationales,
2661 5690 2968 5770 dicuntur,
3013 5699 3127 5758 etc.
