4202 6396
310 334 435 400 953

1049 333 1498 397 ENARRATIO
1542 333 1626 396 ΙΝ
1672 329 2181 394 EVANGELIUM
2232 331 2472 394 LUCE.
2522 364 2596 376 —
2628 333 2798 395 CAP.
2851 333 2985 395 XV.

3601 299 3721 394 934

313 471 493 542 ϐοσκοὶ
520 469 733 534 ἐπειδὰν
761 483 961 551 χοῖρον
991 469 1344 551 κατέχοντες,
1391 469 1452 527 ού
1488 469 1745 526 δύνωνται
1787 466 1975 524 παύειν

2071 471 2401 543 spectantes
2438 485 2571 546 qua:
2622 484 2923 547 nunquam
2979 467 3205 543 videre,
3264 477 3322 530 et
3362 467 3722 549 aspicientes

315 564 472 624 αὐτὸν
541 563 777 638 βοῶντα,
868 559 1294 639 ἀναστρέψαντες
1352 560 1559 625 ὕπτιον,
1623 557 1974 636 μετριώτερον

315 653 472 710 αίντὸν
537 653 774 712 πείθωσι
1061 651 1234 708 Οἱονεὶ
1287 649 1388 729 γὰρ
1419 650 1493 714 εἰς
1523 647 1646 706 θέαν
1690 646 1855 704 ἐλθὼν
1896 648 1970 702 ὧν

319 746 416 802 οὐκ
471 739 586 798 εἶδέ
636 762 790 820 ποτε,
841 741 931 798 καὶ
985 740 1051 796 τὰ
1080 736 1190 796 ἀνω
1221 737 1434 816 βλέπων
1464 737 1844 815 ἐκπλήττεται,
1885 735 1973 792 καὶ

320 837 465 910 σιγᾷ*
526 839 752 913 τοιοῦτοι
806 833 853 889 οἱ
905 827 1166 910 ὀφθαλμοὶ
1221 831 1327 885 τῶν
1384 829 1507 892 τοῖς
1538 826 1757 909 φαύλοις
1788 825 1973 913 ἐντρε-

323 919 590 1000 φομένων,
644 918 894 979 οὐδέποτε
949 919 1016 976 τὰ
1059 916 1169 975 ἅνω
1198 920 1385 997 δρῶσι.
1417 918 1644 982 Γούτους
1675 919 1764 974 οὖν
1790 912 1972 992 βόσκει

322 1013 352 1068 6
406 1008 620 1066 πολλῶν
691 1009 747 1066 ἒν
775 1009 934 1081 κακίᾳ
964 1007 1241 1088 προέχων,
1273 1007 1384 1064 οἶοι
1417 1009 1465 1064 oi
1493 1003 1866 1084 πορνοϐοσκοὶ,
1926 1005 1973 1059 οἱ

321 1097 670 1179 ἀρχιλῃσταὶ,
729 1100 778 1157 οἱ
839 1095 1222 1177 ἀρχιτελῶναι,
1277 1097 1474 1161 πάντες
1533 1097 1633 1176 γὰρ
1672 1096 1813 1151 οὗτοι
1842 1093 1970 1172 χοί-

324 1210 444 1268 ρους
513 1186 726 1265 βόσκειν
773 1187 1153 1268 λεχθήσονται.
1209 1186 1492 1262 Ἐπιθυμεϊ
1546 1185 1600 1242 δὲ
1665 1187 1694 1241 6
1743 1181 1969 1245 ἐλεεινὸς

327 1284 478 1342 οὗτος
535 1278 850 1356 κορεσθῆναι
919 1277 1019 1346 τῆς
1091 1275 1376 1356 ἁμαρτίας,
1449 1277 1538 1333 καὶ
1593 1273 1757 1338 οὐδεὶς
1828 1275 1972 1345 αὐτῷ

325 1363 504 1428 δίδωσι
559 1367 758 1434 ταύτης
829 1364 1008 1441 κόρον.
1064 1370 1179 1424 Τῶν
1249 1365 1350 1443 γὰρ
1392 1365 1572 1422 κακῶν
1623 1365 1685 1422 οὗ
1712 1359 1971 1438 λαμϐάνει

324 1457 506 1535 κόρον,
590 1457 618 1512 6
674 1456 878 1521 τούτοις
933 1454 1232 1518 ἱνεθισθείς·
1299 1455 1378 1529 μὴ
1407 1454 1508 1533 γὰρ
1535 1452 1684 1529 μένει
1714 1451 1749 1520 ἡ
1777 1447 1968 1530 ἡδονὴ,

2057 571 2321 625 sursum,
2382 562 2731 635 stupescunt
2779 563 2836 616 et
2879 556 3101 628 silent;
3163 557 3309 619 tales
3368 565 3506 619 sunt
3563 554 3723 616 oculi

2059 661 2265 704 eorum
2290 643 2391 724 qui
2423 645 2578 706 ma‘e
2607 644 2844 706 educati
2875 655 3053 708 sunt:
3090 665 3390 727 nunquam
3425 647 3626 707 vident
3653 664 3720 706 ea

2056 751 2186 812 qua;
2215 752 2479 795 sursum.
2515 733 2689 796 Tales
2720 734 2908 814 pascit
2934 735 2985 795 is
3017 735 3118 816 qui
3153 736 3357 798 multis
3399 737 3456 797 in
3499 732 3719 796 malitia

2059 829 2294 901 praeest,
2318 831 2379 882 ut
2407 830 2546 883 sunt
2573 833 2904 885 scortorum
2934 825 3218 905 hospites,
3247 826 3337 887 vel
3373 824 3717 906 publicano-

2054 911 2313 991 rum,vel
2339 913 2632 973 latronum
2656 913 2960 994 principes
2987 934 3000 976 :
3035 914 3110 976 de
3137 916 3415 977 omnibus
3438 914 3597 976 enim
3623 912 3717 973 his

2055 1000 2376 1063 dicendum
2402 1003 2558 1082 quod
2583 1021 2796 1080 porcos
2820 1013 3080 1083 pascant.
3113 1007 3496 1085 Cupitautem
3516 1003 3697 1065 mise-

2055 1089 2263 1152 rabilis
2284 1091 2382 1152 ille
2401 1092 2652 1153 saturari
2673 1102 3007 1174 peccato,et
3033 1114 3206 1156 nemo
3229 1096 3283 1156 ei
3305 1095 3402 1156 dat
3425 1091 3696 1156 saturari.

2053 1179 2306 1240 Assueto
2328 1181 2489 1242 enim
2525 1181 2699 1242 malis
2726 1201 2898 1244 nemo
2921 1183 3017 1244 dat
3040 1183 3528 1246 satietatemNon
3541 1181 3700 1245 enim

2057 1285 2256 1330 manet
2294 1269 2588 1350 voluptas,
2625 1271 2728 1332 sed
2762 1271 2940 1333 simul
2967 1280 3143 1353 atque
3172 1274 3477 1353 contingit,
3515 1271 3704 1353 proti-

2055 1378 2167 1422 nus
2201 1367 2259 1421 et
2305 1360 2459 1439 perit
2489 1360 2672 1441 [itque
2702 1361 2917 1422 iterum
2955 1379 3165 1423 vacuus
3196 1362 3297 1425 ille
3326 1359 3702 1425 miserabilis.

2056 1448 2440 1512 Assimilatur
2481 1450 2640 1510 enim
2689 1450 2922 1531 siliquis
2969 1460 3278 1530 peccatum
3329 1451 3707 1513 dulcedinem

325 1543 447 1602 ἀλλ’
503 1543 614 1621 ἅμα
663 1545 886 1624 γίνεται,
945 1547 1034 1602 καὶ
1094 1544 1426 1624 ἀπογίνεται,
1511 1544 1601 1601 καὶ
1682 1543 1974 1622 εὑρίσκεται

2071 1538 2289 1600 habens
2315 1548 2374 1600 et
2401 1540 2810 1618 asperitatem.
2844 1539 3110 1602 Delectat
3155 1542 3315 1602 enim
3347 1541 3419 1603 ad
3452 1551 3711 1621 tempus,

326 1634 487 1692 πίλιν
539 1635 692 1700 κενὸς
751 1637 780 1690 6
849 1632 1107 1706 ἑλλεινὸς,
1182 1635 1445 1712 κερατίοις
1516 1634 1618 1713 γᾶρ
1648 1629 1982 1712 παραϐάλλε-

2071 1628 2289 1691 cruciat
2309 1647 2446 1689 vero
2467 1629 3119 1711 perpetuo..Propterea
3142 1631 3337 1692 nullus
3359 1632 3458 1692 dat
3481 1631 3715 1692 satieta-

328 1746 416 1814 ται
484 1725 518 1792 ἡ
575 1724 825 1804 ἁμαρτία,
903 1723 1208 1801 γλυκύτητα
1255 1721 1460 1803 ἔχουσα
1524 1724 1614 1780 καὶ
1639 1721 1977 1814 τραχύτητα,

2071 1726 2186 1814 lem
2214 1717 2523 1814 malorum
2544 1718 2598 1778 ei
2630 1717 2731 1798 qui
2786 1719 2843 1778 in
2879 1717 2995 1779 illis
3028 1719 3387 1796 voluptatem
3419 1717 3712 1799 capiebat.

325 1812 500 1882 ἡδύνει
559 1814 655 1890 μὶν
712 1814 818 1893 γὰρ
870 1813 1186 1892 πρόσκαιρα,
1240 1812 1453 1884 κολάζει
1478 1811 1551 1869 -δὶ
1579 1810 1752 1870 ἀίδια.
1808 1807 1984 1874 Οόδεὶς

2071 1806 2211 1879 Quis
2231 1805 2389 1868 enim
2415 1808 2672 1876 satiat,et
2695 1808 3004 1888 quiescere
3027 1808 3206 1871 facit?
3239 1811 3397 1872 Deus
3418 1807 3449 1868 ?
3469 1807 3572 1870 sed
3599 1825 3714 1866 non

329 1911 416 1962 οὖν
469 1901 647 1960 δῶωσι
721 1905 1035 1983 κορεσθῆναι
1095 1908 1202 1959 τῶν
1258 1903 1441 1960 κακῶν
1495 1909 1574 1978 τῷ
1630 1901 1686 1958 ἐν
1775 1900 1984 1964 τούτοις

2071 1897 2234 1958 adest
2257 1913 2271 1958 :
2309 1915 2443 1956 nam
2464 1897 2564 1977 qui
2589 1895 2800 1958 talibus
2825 1898 3111 1978 vescitur,
3129 1898 3304 1978 longe
3325 1899 3494 1959 abest
3513 1916 3546 1958 a
3567 1898 3716 1960 Deo.

332 1994 616 2074 τρυφῶντι.
675 1993 764 2057 Τίς
819 1993 921 2072 γὰρ
986 1993 1072 2049 καὶ
1105 1991 1262 2049 δώσει
1328 1992 1472 2068 αύτῷ
1499 1993 1680 2072 κόρον,
1705 1993 1796 2048 καὶ
1837 1989 1982 2048 παύ-

2071 1987 2162 2047 An
2195 1984 2544 2048 (lzemones?
2575 1986 2645 2046 At
2678 1987 2737 2048 hi
2771 1986 2956 2046 multo
2989 1989 3174 2066 magis
3207 1986 3446 2047 solliciti
3477 1991 3614 2047 sunt
3648 2001 3722 2044 ne

330 2104 410 2140 σει
445 2102 462 2157 ;
522 2083 694 2158 Θεός;
755 2080 908 2139 Ἀλλ’
966 2081 1024 2138 οὐ
1055 2081 1304 2161 πάρεστι,
1336 2083 1542 2162 μακρὰν
1573 2083 1674 2161 γὰρ
1717 2091 1810 2140 τοῦ
1854 2086 1986 2136 Θεοῦ

2071 2093 2329 2157 unquam
2364 2074 2761 2156 quiescamus,
2797 2085 2856 2138 et
2895 2076 3119 2138 malitia
3151 2076 3397 2137 saturati
3429 2075 3637 2137 simus.

333 2170 606 2248 ἀποδημεῖ
657 2173 685 2229 6
742 2180 908 2230 ταῦτα
955 2170 1160 2234 ἐσθίων.
1197 2169 1364 2229 Ἀλλὰ
1407 2170 1650 2248 δαίμονες
1687 2190 1704 2253 ς
1739 2172 1838 2230 Καὶ
1879 2174 1994 2234 πῶς
2025 2168 2145 2246 οἵγε
2179 2165 2384 2242 μᾶλλον
2429 2168 2583 2223 τοῦτο
2615 2165 2952 2246 σπεύδοντες,
2999 2169 3060 2223 τὸ
3092 2165 3360 2239 μηδέποτε
3393 2165 3598 2222 παῦλαν
3643 2165 3728 2219 καὶ

333 2264 423 2320 καὶ
451 2263 609 2340 κόρον
639 2261 880 2340 γενέσθαι
908 2267 1009 2328 τῆς
1040 2262 1228 2326 κακίας
1264 2281 1281 2338 ;

418 2374 446 2406 ι
525 2352 613 2416 Εἰς
666 2351 852 2408 ἑαυτὸν
909 2349 963 2408 δὲ
1016 2349 1205 2426 ἐλθὼν,
1270 2355 1415 2409 εἶπε⁶
1477 2351 1640 2408 Πόσοι
1673 2351 1987 2427 μίσθιοιτοῦ

2155 2348 2312 2408 Vens
2365 2345 2607 2408 17-2t.«
2635 2344 2699 2407 In
2720 2365 2785 2409 se
2807 2351 3003 2406 autem
3036 2343 3510 2426 reversus,dixit:
3537 2341 3723 2414 Quam

337 2442 534 2520 πατρός
619 2462 722 2517 μου
775 2441 1175 2519 περισσεύονται
1259 2439 1434 2520 ἀρτων
1485 2461 1502 2512 ;
1561 2440 1670 2520 ἐγὼ
1725 2437 1780 2496 δὲ
1846 2439 1987 2516 λιμῷ

2075 2436 2246 2500 multi
2272 2436 2628 2497 mercenarii
2653 2436 2836 2515 patris
2860 2436 2976 2497 mei
3001 2435 3304 2497 abundant
3324 2433 3606 2511 panibus?
3619 2451 3726 2510 ego

334 2529 662 2606 ἀπόλλυμαι.
722 2526 982 2592 Ἀναστὰς
1040 2531 1367 2608 πορεύσομαι
1456 2531 1586 2609 πρὸς
1645 2531 1738 2587 τὸν
1787 2531 1987 2609 πατέρα

2073 2546 2210 2588 vero
2243 2525 2396 2587 fame
2431 2543 2611 2605 pereo
2639 2543 2652 2588 :
2687 2543 2926 2602 surgam
2947 2534 3005 2586 et
3028 2525 3123 2588 ibo
3143 2525 3214 2586 ad
3243 2534 3468 2606 patrem
3502 2539 3725 2597 meum,

341 2643 468 2698 μου,
540 2621 630 2677 καὶ
685 2617 790 2699 ἐρῶ
859 2621 1023 2692 αὐτῷ.
1087 2620 1280 2700 Πάτερ,
1339 2618 1578 2699 ἥμαρτον
1600 2621 1674 2684 εἰς
1704 2620 1795 2676 τὸν
1826 2623 1987 2696 οὖρα-

2076 2625 2135 2678 et
2164 2615 2445 2682 dicamei
2474 2636 2488 2678 :
2526 2619 2724 2696 Pator,
2746 2617 2983 2696 peccavi
3011 2615 3068 2675 in
3100 2615 3312 2676 (mlum
3339 2622 3396 2675 et
3423 2630 3620 2674 coram
3648 2620 3728 2682 te;

338 2714 425 2768 νὺν
474 2712 564 2768 καὶ
621 2707 848 2767 ἐνώπιόν
881 2730 996 2790 σου,
1031 2710 1119 2766 καὶ
1143 2713 1238 2770 οὐκ
1268 2709 1344 2766 ἔτι
1386 2709 1493 2783 εἰμὶ
1535 2707 1678 2775 ἄξιος
1726 2708 1987 2776 κληθῆναι

2071 2707 2192 2786 jam
2211 2725 2327 2767 non
2347 2724 2481 2766 sum
2505 2705 2719 2784 dignus
2751 2706 2944 2766 vocari
2970 2707 3121 2768 lilius
3147 2718 3305 2786 tuus,
3337 2703 3430 2765 fac
3457 2721 3550 2764 Ine
3574 2701 3732 2762 sicut

336 2802 444 2866 υἱός
502 2815 616 2860 σου·
691 2799 916 2865 ποίησόν
973 2820 1041 2874 με
1071 2800 1142 2862 ὡς
1175 2797 1262 2855 ἕνα
1293 2806 1401 2856 τῶν
1450 2800 1669 2874 μισθίων
1715 2820 1831 2862 σου,
1892 2800 1987 2857 Καὶ

2075 2814 2262 2858 unum
2293 2796 2368 2858 de
2401 2796 2792 2857 mercenariis
2839 2797 2976 2858 tuis.
3036 2799 3102 2858 Et
3156 2813 3411 2872 surgens
3455 2791 3616 2854 venit
3652 2790 3724 2851 ad

337 2891 568 2954 ἀναστὰς
622 2885 751 2957 ἦλθε
801 2889 934 2966 πρὸς
963 2890 1055 2944 τὸν
1084 2887 1287 2966 πατέρα
1329 2887 1537 2950 ἑαυτοῦ.
1567 2878 1702 2946 "En
1745 2885 1800 2944 δὲ
1831 2889 1987 2945 αὐτοῦ

2077 2895 2304 2965 patrem
2337 2903 2536 2947 suum.
2567 2887 2711 2946 Cum
2758 2895 2957 2946 autem
2991 2885 3185 2946 adhuc
3236 2885 3413 2963 longe
3459 2882 3723 2959 abesset,

340 2980 546 3057 μικρὰν
599 2977 921 3058 ἀπέχοντος,
981 2975 1128 3035 εἶδεν
1181 2979 1338 3034 αὐτὸν
1393 2980 1420 3035 ὁ
1465 2978 1645 3056 πατὴρ
1688 2979 1867 3057 αὐτοῦ,
1901 2979 1987 3034 καὶ

2074 2974 2218 3035 vidit
2247 2974 2412 3036 illum
2444 2973 2838 3055 pateripsius,
2871 2987 2928 3036 et
2949 2973 3360 3036 misericordia
3394 2979 3588 3032 motus
3610 2975 3727 3042 est,

344 3067 793 3147 εὖσπλαγχνίσθη,
841 3069 930 3126 καὶ
975 3065 1190 3146 δραμὼν
1247 3065 1433 3124 ἔπεσεν
1461 3066 1548 3124 ἐπὶ
1594 3068 1684 3123 τὸν
1713 3066 1987 3147 τράχηλον

2075 3071 2136 3125 et
2162 3081 2484 3125 accurrens
2515 3063 2636 3124 ruit
2683 3064 2742 3124 in
2775 3066 2992 3124 collum
3025 3063 3178 3142 ejus,
3214 3073 3273 3124 et
3305 3060 3605 3122 OScnlatus
3637 3066 3726 3119 est

346 3159 522 3237 αὐτοῦ,
579 3158 666 3213 καὶ
719 3156 1072 3237 κατεφίλησεν
1155 3158 1348 3221 αὖτὸνδ
1426 3157 1569 3220 Εἶπε
1636 3153 1691 3212 δὲ
1746 3141 1917 3229 ἀύτῷ
1963 3157 1987 3212 ὁ

2075 3171 2235 3214 eum.
2273 3151 2547 3230 Dixitque
2578 3154 2629 3214 ei
2655 3152 2810 3214 ﬁlius
2842 3175 2856 3215 :
2895 3141 3319 3231 Paterpeccavi
3345 3150 3403 3210 in
3427 3150 3646 3210 cmlum
3673 3155 3734 3208 et

340 3247 472 3308 υἱός⁶
533 3245 730 3324 Πάτερ,
801 3244 1040 3324 ἥμαρτον
1094 3246 1166 3311 εἰς
1221 3245 1312 3301 τὸν
1369 3246 1588 3325 οὐρανὸν
1645 3245 1736 3301 καὶ
1765 3244 1987 3301 ἐνώπιόν

2075 3259 2275 3303 coram
2311 3249 2366 3301 te
2402 3261 2414 3300 :
2449 3241 2587 3322 407
2621 3259 2814 3320 neque
2846 3241 3090 3319 posthac
3119 3259 3248 3301 sum
3283 3239 3498 3317 dignus
3528 3237 3725 3297 vocari

341 3358 460 3409 σου,
505 3337 597 3394 καὶ
643 3334 739 3392 οὐκ
785 3333 860 3391 ἔνι
903 3336 1011 3407 εἰμὶ
1041 3333 1192 3401 ἃξιος
1223 3334 1485 3403 κληθῆναι
1513 3335 1624 3399 υἱός
1668 3356 1785 3396 σου.
1843 3357 1867 3391 ν
1903 3336 1987 3399 Εἷς

2081 3331 2235 3391 (ilius
2263 3337 2414 3390 tuus.
2461 3355 2486 3385 ι)
2525 3333 2958 3410 Intemperatus
2978 3328 3214 3390 tandem
3250 3328 3320 3390 ad
3347 3327 3607 3406 seipsum
3632 3343 3730 3386 re-

338 3426 523 3482 ὲαυτὸν
583 3422 743 3494 ἦλθεν
802 3426 832 3482 6
909 3423 1039 3488 τέως
1091 3420 1320 3490 ἄσωτοςο
1355 3423 1455 3489 ἕως
1491 3424 1589 3500 μὲν
1643 3424 1741 3504 γὰρ
1773 3422 1987 3503 ἔπραττε

2078 3420 2211 3484 diit.
2244 3420 2516 3492 Quandiu
2569 3421 2720 3482 male
2766 3420 2998 3500 agebat,
3053 3428 3218 3480 extra
3265 3418 3529 3497 seipsum
3577 3425 3726 3478 erat.

337 3517 405 3572 τὰ
461 3513 659 3595 φαῦλα,
720 3512 818 3586 ἔξω
871 3514 1059 3571 ἑαυτοῦ
1087 3514 1177 3582 ἧν.
1217 3512 1668 3581 Καταδαπανῆσαι
1699 3514 1800 3593 γὰρ
1832 3511 1987 3592 λέγε-

2079 3511 2338 3573 Consum
2348 3508 2542 3589 psisse
2561 3509 2723 3571 enim
2753 3509 2972 3571 dicitur
2990 3507 3468 3588 substantiam,et
3492 3505 3728 3566 merito:

335 3627 430 3662 ται
469 3603 575 3684 τὴν
626 3603 829 3684 οὐσίαν,
889 3605 975 3660 καὶ
1041 3604 1285 3672 εἰκότωςο
1346 3601 1432 3663 διὰ
1458 3612 1612 3662 τοῦτο
1643 3602 1742 3671 ἔξω
1811 3603 1987 3663 ἑαυτοῦ

2083 3609 2327 3679 propter
2357 3600 2469 3660 hoc
2501 3607 2662 3661 extra
2688 3599 2952 3680 seipsum
2987 3607 3131 3660 erat.
3170 3596 3314 3658 Nam
3346 3596 3448 3677 qni
3477 3613 3595 3656 non
3621 3613 3734 3674 gu-

339 3693 507 3757 έστιν,
565 3683 624 3752 Q0
723 3694 822 3773 γὰρ
880 3694 966 3769 μὴ
1035 3691 1182 3772 λόγῳ
1238 3691 1659 3773 κυϐερνώμενος,
1718 3692 1856 3750 ἀλλά
1923 3696 1987 3759 ὡς

2081 3687 2365 3750 bernatnr
2415 3687 2665 3769 ratione,
2715 3689 2816 3749 sed
2868 3697 3080 3768 praeter
3128 3687 3419 3749 rationem
3471 3685 3633 3756 vivit,
3677 3691 3739 3745 et

340 3784 535 3863 ἄλογος
592 3789 724 3863 ζῶν,ι
780 3783 876 3846 καὶ
924 3781 1122 3862 ἑτέροις
1183 3782 1280 3850 τῆς
1331 3777 1553 3862 ἀλογίας
1601 3782 1866 3863 ἐξάρχων,
1899 3781 1987 3849 ἔξω

2081 3778 2342 3840 absurda
2373 3779 2488 3841 alia
2519 3779 2850 3858 exorditur,
2883 3785 3048 3840 extra
3080 3780 3344 3856 seipsum
3379 3783 3491 3845 est,
3527 3783 3585 3835 et
3615 3792 3735 3836 non

339 3874 529 3930 ἑαυτοῦ
573 3872 734 3946 ἐστι,
914 3875 980 3932 οὖ.
1033 3871 1195 3946 μένει.
1239 3872 1326 3929 ἐπὶ
1392 3873 1492 3941 τῆς
1561 3873 1754 3936 οἰκείας
1796 3872 1987 3949 οὐσίας,

2085 3875 2284 3930 manet
2307 3867 2370 3930 in.
2398 3886 2505 3931 sua
2531 3867 2879 3936 substantia,
2916 3869 3029 3928 hoc
3062 3875 3152 3928 est
3183 3866 3436 3927 ratione.
3484 3863 3748 3936 Quando-

339 3960 606 4035 τουτέστι,
663 3967 758 4021 τοῦ
806 3959 992 4039 λόγου.
1050 3951 1235 4019 ’Ὅταν
1291 3960 1346 4018 δὲ
1402 3961 1784 4040 ἀναλογίσηται
1815 3963 1894 4026 τίς
1925 3961 1987 4019 ὥν

2081 3967 2282 4022 autem
2324 3958 2458 4033 quis
2486 3958 2701 4036 cogitat
2737 3956 2795 4017 in
2829 3962 3110 4037 quantam
3143 3956 3377 4019 venerit
3407 3953 3733 4027 miseriam,

339 4051 428 4108 ἐπὶ
498 4052 655 4108 ποίαν
725 4051 1061 4120 κατήντησεν
1134 4049 1444 4122 ἀθλιότητα,
1491 4051 1614 4108 τότε
1691 4052 1888 4131 γίνεται
1944 4055 1987 4108 ἓν

2084 4058 2224 4111 tunc
2256 4049 2412 4110 redit
2441 4048 2514 4110 ad
2564 4047 2850 4127 seipsum,
2896 4046 3308 4109 considerans.
3357 4053 3416 4105 et
3445 4044 3503 4104 in
3541 4042 3736 4123 poeni-

342 4143 540 4216 ἑαυτῷ,
611 4138 978 4220 λογιζόμενος,
1041 4141 1130 4197 καὶ
1195 4142 1268 4203 εἷς
1361 4142 1645 4216 μετάνοιαν
1703 4141 1987 4220 ἐρχόμενος

2085 4138 2328 4202 tentiam
2359 4137 2606 4199 veniens
2635 4156 2672 4197 a-
2686 4155 2795 4198 sua
2821 4137 3103 4198 exteriori
3131 4134 3525 4215 divagatione.
3554 4136 3738 4196 Porro

341 4230 448 4288 ἀπὸ
516 4236 616 4298 τῆς
678 4227 777 4296 ἔξω
859 4228 1320 4308 περιπλανήσεως,
1399 4231 1644 4294 Μισθίους
1701 4228 1758 4286 δὲ
1826 4229 1987 4309 λέγειτ

2087 4228 2488 4290 mercenaries
2511 4227 2656 4289 dicit
2680 4226 3168 4306 catechumenos,
3197 4225 3340 4305 quia
3369 4223 3632 4285 nondum
3667 4242 3740 4283 eo

341 4321 464 4378 οἷον
519 4321 641 4384 τοὺς
700 4318 1164 4398 κατηχουμένως,
1239 4318 1292 4376 οῗ
1327 4319 1476 4376 τύπω
1503 4319 1732 4399 ἔφθασαν
1758 4318 1987 4398 γενέσθαι

2087 4326 2482 4395 pervenerant
2511 4325 2572 4377 ut
2599 4316 2944 4376 dicerentur
2960 4315 3089 4386 ﬁlii,
3120 4316 3257 4394 quia
3287 4314 3549 4374 nondum
3577 4320 3742 4372 recte

339 4413 464 4490 υἱοὶ,
519 4413 591 4476 ὡς
640 4432 810 4486 μηπω
870 4410 1240 4490 φωτισθέντες.
1307 4415 1523 4472 Πάντως
1555 4407 1610 4465 δὲ
1637 4411 1684 4466 οἱ
1715 4410 1987 4490 κατηχού-

2085 4406 2364 4470 illustrati
2396 4405 2653 4468 Omnino
2668 4414 2869 4468 autem
2883 4401 3740 4466 catechumeniabundantiam

343 4464 464 4490 νη,
525 4464 591 4476 νὴ.
879 4464 1000 4490 τηρ
1054 4464 1063 4466 -
1146 4464 1152 4465 γ
1204 4464 1240 4473 .-
1565 4464 1602 4465 η
1647 4464 1682 4466 -κ

343 4523 496 4578 μενοι
569 4499 872 4571 περισσείαν
931 4497 1120 4578 ἔχωσι
1177 4507 1284 4555 τῶν
1357 4497 1528 4578 ἄρτων
1583 4504 1690 4554 τῶν
1741 4498 1987 4578 λογικιῖύνἸ

2084 4464 2985 4575 rationali—uin"panumwhabent,
3019 4493 3286 4574 quotidie
3318 4492 3610 4554 lectiones
3638 4507 3735 4550 au-

339 4581 458 4648 καθε
519 4587 751 4656 ἑκάστην
834 4594 939 4645 τῶν
1023 4587 1463 4664 ἀναγνωσμάτων
1540 4587 1845 4652 ἀκούοντες.
1905 4590 1987 4647 Κα¹

2084 4587 2343 4651 dientes.
2397 4587 2465 4646 Et
2498 4593 2559 4645 ut
2598 4585 2796 4647 discas
2842 4582 3238 4644 diﬂ'erentiam
3291 4579 3652 4642 mercenarii.
3683 4587 3743 4638 et

344 4680 437 4738 ἵνα
492 4678 666 4754 μέθης
725 4676 978 4758 διαφορὰν
1033 4677 1240 4748 μισθίου
1297 4679 1386 4734 καὶ
1425 4677 1560 4751 υἱοῦ,
1606 4677 1789 4740 ἄκουε.
1845 4687 2001 4758 Τρεῖς

345 4771 444 4826 εἰσι
513 4767 687 4834 τάξεις
743 4766 852 4823 τῶν
935 4766 1277 4841 σωζομένων
1325 4767 1370 4822 οἱ
1423 4766 1519 4841 μέν
1552 4767 1653 4846 γὰρ
1708 4768 1783 4828 ὡς
1827 4765 2004 4825 δοῦλοι

343 4859 554 4916 ποιοῦσι
618 4866 680 4914 τὸ
745 4853 908 4913 καλὸν
971 4853 1292 4936 φοϐύομενοι
1353 4856 1450 4923 τὴν
1511 4855 1703 4925 κρίσιν’
1770 4855 1798 4912 ὅ
1857 4857 1946 4914 καὶ
1975 4859 2005 4913 6

349 4945 519 5003 Δαυίδ
577 4937 881 5004 αἰνίττεται·
953 4969 980 5000 α
1017 4943 1340 5014 Καθήλωσον
1370 4944 1429 5001 ἐκ
1456 4951 1552 5002 τοῦ
1581 4943 1744 5025 φόϐου
1775 4967 1868 5003 σου
1907 4946 2002 5010 τὰς

344 5035 542 5114 σάρκας
603 5057 730 5115 μου,
789 5032 984 5113 λέγων·
1056 5033 1163 5090 ἀπὸ
1256 5035 1356 5114 γὰρ
1410 5041 1516 5091 τῶν
1573 5035 1850 5115 κριμάτων
1911 5058 2005 5093 σου

344 5122 636 5206 ἐφοϐήθην.
675 5147 700 5182 ι
738 5127 799 5183 Οἱ
833 5122 888 5180 δὲ
933 5123 1131 5196 μίσθιοι
1176 5125 1322 5181 εἶναι
1351 5122 1593 5182 δοκοῦσιν
1621 5125 1870 5202 ἐπιθυμίᾳ
1896 5128 2004 5182 τῶν

343 5217 557 5294 ἀγαθῶν
628 5214 936 5293 εὖαρεστεϊν
1020 5211 1334 5279 πεωοντες
1407 5221 1547 5294 Θεῷ,
1620 5217 1695 5279 ὡς
1754 5218 1782 5272 6
1845 5217 2003 5280 αὐτὸς

345 5302 514 5361 Δαυῗδ
555 5319 740 5385 φησιν·
783 5327 810 5359 κ
838 5303 1063 5360 Ἐκκινα
1102 5303 1202 5370 τὴν
1251 5300 1469 5383 καρδίαν
1501 5325 1603 5380 μου
1645 5311 1738 5362 τοῦ
1781 5310 2006 5372 ποιῆσαι

341 5395 412 5452 τὰ.
466 5392 807 5470 δικαιώματά
863 5415 958 5450 σου
1018 5395 1093 5458 εἰς
1140 5395 1233 5450 τὸν
1304 5399 1472 5470 αλῶνα
1499 5391 1569 5450 δι’
1601 5394 1942 5471 ἀνταμειψιν,
1970 5416 2004 5454 ›

347 5485 406 5544 Εἰ
461 5484 524 5542 δέ
573 5486 705 5543 εἰσιν
765 5486 892 5565 υἱοὶ,
923 5481 993 5540 δι’
1023 5483 1241 5562 ἀγάπην
1271 5483 1371 5552 την
1399 5484 1533 5563 πρὸς
1566 5485 1696 5542 Θεὸν
1726 5492 2008 5552 ποιοῦντες

2087 4676 2215 4752 lilii,
2245 4675 2406 4738 audi.
2439 4675 2588 4738 Tres
2611 4683 2749 4737 sunt
2780 4673 3021 4734 ordines
3042 4691 3248 4734 eorum
3282 4672 3379 4753 qui
3412 4670 3733 4730 salvantur.

2085 4767 2206 4830 Alii
2235 4767 2394 4828 enim
2428 4777 2486 4828 ut
2519 4766 2674 4827 servi
2717 4763 2940 4825 faciunt
2986 4763 3232 4835 bonum,
3271 4762 3547 4824 timentes
3570 4760 3737 4839 judi-

2086 4855 2286 4920 cium‘:
2323 4855 2478 4937 quod
2515 4864 2573 4915 et
2605 4853 2785 4918 David
2839 4852 3102 4914 insinuat
3140 4852 3393 4913 dii-eas:
3435 4875 3458 4905 α
3499 4851 3742 4926 Coutige

2091 4947 2304 5007 timore
2331 4955 2430 5007 tuo
2460 4962 2700 5006 carnem
2727 4961 2918 5003 meam
2955 4962 2970 5002 :
3004 4962 3034 5001 ιι
3060 4940 3316 5022 judiciis
3333 4941 3492 5001 enim
3525 4939 3640 4999 tuis
3661 4938 3738 4997 ti-

2089 5035 2234 5098 mui.
2268 5059 2292 5091 ιι
2326 5032 2677 5097 Mercenarii
2696 5050 2833 5092 vero
2849 5049 2981 5092 esse
2999 5030 3296 5106 videntur,
3323 5029 3424 5110 qui
3439 5026 3742 5090 desiderio

2089 5123 2382 5186 bonorum
2419 5124 2571 5185 bene
2603 5123 2838 5203 placere
2871 5122 2994 5183 Deo
3027 5120 3292 5201 cupiunt,
3332 5123 3485 5180 sicut
3516 5126 3573 5178 ot
3614 5116 3746 5197 ipse

2088 5214 2270 5277 David
2301 5213 2440 5274 dicit
2471 5231 2484 5275 :
2527 5238 2550 5268 α
2585 5211 2863 5274 lnolinavi
2902 5229 3005 5271 cor
3060 5229 3254 5270 meum
3300 5209 3370 5269 ad
3404 5207 3741 5268 faciendum

2084 5304 2538 5386 justiticationes
2584 5310 2712 5364 tuas
2759 5301 2819 5361 in
2865 5309 3174 5374 aeternum,
3212 5309 3452 5380 propter
3480 5296 3744 5386 retribu-

2094 5394 2473 5456 tioneumAt
2493 5392 2599 5454 ﬁlii
2629 5401 2763 5454 sunt
2785 5391 2885 5471 qui
2911 5398 3150 5470 propter
3166 5406 3430 5451 amorem
3450 5387 3512 5448 in
3528 5385 3742 5465 Deum,

2095 5484 2371 5546 mandata
2398 5483 2752 5561 perﬁciunt:
2785 5480 2943 5540 sicut
2969 5479 3187 5541 iterum
3230 5478 3411 5542 David
3451 5483 3741 5541 testatur:

342 5574 437 5638 τὰς
492 5573 712 5638 ἔντολάς
784 5577 967 5650 αὐτοῦ,
1038 5575 1114 5638 ὣς
1203 5575 1294 5630 καὶ
1371 5571 1531 5630 πάλιν
1572 5574 1600 5630 ὃ
1653 5575 1810 5639 αὐτὸς
1844 5579 1987 5633 Acut

2093 5573 2403 5648 Quomodo
2453 5572 2629 5634 dilexi
2689 5572 2881 5650 legem
2928 5576 3114 5647 tuam,
3162 5567 3441 5643 Domine,
3487 5576 3606 5629 tota
3646 5566 3748 5629 die

423 5708 489 5760 78
513 5693 673 5802 Psel.
695 5721 903 5786 omn,
929 5700 1040 5771 28.
