4202 6420
489 313 606 378 965

1457 322 2051 385 THEOPHYLACTI
2096 322 2506 389 BULGARI/E
2551 330 2903 393 ARCHIEP.

3757 330 3875 394 956

494 467 795 529 meditatio
829 486 960 531 mea
987 475 1077 529 est
1093 469 1217 530 78.»
1246 468 1315 529 Εῑ
1347 470 1561 531 iterum
1589 486 1601 531 :
1638 493 1659 525 α
1699 470 1905 533 Levavi
1940 489 2143 533 manus

2232 474 2513 537 μαρτυρεῖ·
2577 482 2605 521 α
2671 453 2763 525 Ὦς
2848 464 3106 542 ἡγάπησα
3163 466 3253 521 τὸν
3323 467 3485 541 νόμον
3516 487 3634 539 σου,
3671 469 3866 546 Κύριεῑ

494 576 655 619 meas
684 557 755 619 ad
786 558 1062 620 mandata
1083 566 1203 633 tna,
1226 577 1357 639 quae
1381 558 1583 629 dilexi,
1604 578 1777 633 mon,
1796 580 1929 641 quae
1951 560 2144 641 timui.

492 648 563 708 Et
592 646 806 708 iterum
837 667 892 705 τα
919 646 1215 709 Mirabilia
1239 646 1581 709 testimonia
1613 657 1731 724 tua,
1766 658 1823 710 et
1844 650 1985 728 quia
2006 660 2145 712 sunt

492 733 785 797 mirabilia
818 735 927 817 (α),
965 736 1099 798 ideo
1148 743 1403 798 scrutata
1454 754 1524 798 ea
1567 746 1655 800 est
1690 741 1888 801 anima
1920 758 2071 803 mea.
2110 764 2134 798 ι

489 828 630 888 Cum
665 824 842 903 igitur
886 825 1019 906 quis
1049 824 1229 886 fuerit
1259 826 1315 885 in
1370 826 1583 888 ordine
1616 828 1795 901 ﬁlius,
1833 836 1891 889 et
1921 829 2143 891 deinde

491 925 733 995 propter
791 920 1100 996 peccatum
1149 915 1483 996 abdicatur,
1535 918 1809 998 videtque
1851 918 1999 980 alios
2026 918 2141 980 frui

488 1005 702 1066 divinis
723 1004 919 1084 donis,
949 1012 1008 1065 et
1036 1006 1549 1068 communicantes
1592 1007 1810 1069 divinis
1841 1008 2141 1089 mysteriis

488 1103 548 1156 et
577 1094 775 1156 divino
810 1112 998 1175 pane:
1034 1114 1153 1155 non
1187 1094 1344 1157 enim
1378 1097 1451 1157 de
1503 1096 1647 1158 solis
1692 1098 2139 1160 catechumenis

489 1183 731 1263 intelligi
758 1192 990 1265 oportet
1021 1184 1175 1264 quod
1229 1186 1304 1245 de
1352 1187 1729 1248 mercenaria
1759 1187 1995 1268 dicitur,
2031 1187 2137 1250 sed

485 1281 545 1334 et
574 1274 649 1336 de
679 1276 753 1337 iis
785 1274 883 1356 qui
917 1282 1058 1337 sunt
1098 1276 1153 1336 in
1212 1272 1478 1338 Ecclesia
1528 1275 1884 1357 simpliciter
1916 1297 2032 1338 non
2077 1277 2139 1339 in

490 1364 681 1444 primo
714 1365 923 1428 ordine
956 1366 1036 1446 (ὁ)
1068 1386 1082 1446 ;
1120 1374 1258 1426 tunc
1306 1366 1405 1427 illa
1448 1367 1575 1428 haec
1604 1366 2141 1430 commiserationis

491 1452 668 1515 verba
715 1453 823 1515 sibi
876 1454 993 1535 ipsi
1044 1454 1246 1517 dicere
1298 1454 1520 1515 debet:
1571 1455 1725 1528 Quot
1783 1456 2143 1519 mercenarii

491 1544 677 1606 Patris
702 1544 818 1606 mei
841 1543 1143 1606 abundant
1170 1549 1354 1626 pane!
1394 1564 1500 1623 ego
1523 1555 1719 1607 autem
1751 1546 1907 1607 fame
1933 1564 2132 1627 pereo.

488 1631 600 1695 Sed
621 1652 869 1713 surgens
894 1634 972 1696 de
988 1634 1158 1696 ruina
1183 1634 1534 1713 peccati,ibo
1554 1636 1624 1695 ad
1659 1638 1889 1697 Patrem
1914 1657 2134 1711 meum,

2227 548 2358 628 ὅλην
2436 573 2534 617 την
2607 550 2805 627 ἡμέραν
2866 552 3067 628 μελέτη
3133 576 3236 628 μου
3276 554 3408 616 ἰστί.
3461 577 3486 612 ι
3545 556 3633 612 καὶ
3685 548 3868 617 πάλιν.

2234 661 2256 693 ι
2319 627 2450 719 Ἠρα
2520 640 2613 703 τὰς
2666 627 2875 721 χεῖράς
2917 665 3020 718 μου
3076 627 3208 722 πρὸς
3254 645 3347 710 τὰς
3376 643 3592 708 ἐντολάς
3637 668 3751 722 σου,
3809 648 3871 707 ἅς

2225 728 2507 807 ἠγάπησα,
2542 753 2571 784 ι
2621 729 2725 809 οὐχ
2754 729 2815 794 ἅς
2844 730 3130 810 ἐφοϐἡθην⁶
3165 735 3251 789 καὶ
3293 732 3473 789 πάλιν·
3524 754 3553 793 )
3590 738 3873 811 Θαυμαστὰ

2224 819 2289 875 τὰ
2337 819 2592 898 μὰρτυρία
2662 842 2781 894 σου,
2840 823 2928 877 καὶ
2988 820 3069 881 διὰ
3125 824 3187 879 τὸ
3246 823 3389 881 εἶναι
3436 827 3732 900 θαυμαστὰ,
3787 825 3871 883 διὰ

2223 915 2375 966 τοῦτο
2436 908 2782 989 ἐξηρεύνησεν
2811 913 2941 970 αὐτὰ
2984 916 3019 982 ἡ
3063 913 3219 993 ψυχὴ
3264 935 3388 989 μου,
3428 936 3453 973 ι
3494 904 3671 973 υΟταν
3700 920 3789 972 οῦν
3818 918 3870 974 ἐν

2222 1006 2290 1076 τῇ
2360 997 2502 1066 τάξει
2561 1010 2654 1059 τοῦ
2725 1004 2837 1057 υἱοῦ
2903 1000 2977 1057 ὤν
3034 1024 3135 1078 τις,
3194 1007 3315 1060 εἶτα
3343 1003 3427 1060 διὰ
3458 1005 3557 1073 τὴν
3611 1007 3870 1086 ἁμαρτίαν

2222 1089 2650 1170 ἆποκηρυχθείη,
2710 1092 2797 1146 καὶ
2865 1092 3010 1170 ὁρῴη
3079 1090 3273 1157 ἄλλους
3343 1092 3707 1161 ἀπολαύοντας
3765 1104 3871 1154 τῶν

2220 1181 2373 1235 θείων
2474 1179 2849 1259 χαρισμάτων,
2942 1182 3031 1237 καὶ
3094 1185 3477 1246 κοινωνοῦντας
3548 1192 3653 1242 τῶν
3720 1188 3869 1244 θείων

2223 1268 2550 1345 μυστηρίων,
2622 1271 2708 1326 καὶ
2761 1271 2854 1327 τοῦ
2900 1270 3057 1349 ἄρτου
3128 1293 3221 1328 του
3302 1273 3463 1330 θείου⁶
3564 1273 3681 1332 οῦδὲ
3771 1279 3872 1355 γὰρ

2224 1361 2340 1437 περὶ
2396 1365 2503 1415 τῶν
2558 1360 2984 1440 κατηχουμένων
3028 1362 3189 1435 μόνον
3223 1362 3333 1441 χρὴ
3364 1376 3509 1419 νοετν
3541 1366 3615 1427 ὡς
3655 1366 3875 1440 μισθίων

2223 1447 2547 1527 λεγομένων,
2608 1448 2745 1505 ἀλλὰ
2796 1452 2883 1506 καὶ
2935 1456 3040 1506 τῶν
3112 1451 3167 1507 ἐν
3222 1458 3290 1528 τῇ
3350 1452 3645 1527 Ἐκκλησία
3687 1454 3872 1518 ἁπλῶς

2222 1540 2301 1615 μὴ
2370 1542 2469 1606 τῆς
2531 1540 2750 1618 πρώτης
2796 1538 2992 1607 τάξεως
3052 1540 3239 1598 ὄντων·
3319 1542 3443 1599 τότε
3485 1540 3551 1611 δὴ
3597 1546 3760 1600 ταῦτα
3807 1547 3872 1600 τὰ

2221 1630 2402 1707 οἰκτρὰ
2453 1628 2649 1709 ὀφείλει
2712 1628 2979 1707 επιλὲγειν
3045 1632 3240 1705 ὶαυτῷο
3300 1632 3465 1689 Πόσοι
3525 1633 3718 1708 μίσθιοι
3778 1642 3872 1692 τοῦ

488 1735 545 1785 et
578 1724 769 1791 dicam
798 1725 853 1785 ei
882 1746 896 1783 :
933 1723 1124 1797 Pater,
1153 1724 1390 1804 peccavi
1425 1725 1481 1784 iu
1509 1724 1722 1785 cmlum
1757 1739 1813 1787 et
1834 1735 2131 1789 coramte.

2225 1720 2425 1797 Πατρός
2498 1741 2599 1794 μου
2653 1720 3045 1797 περισσεύουσιν
3123 1720 3316 1800 ἄρτων
3405 1721 3513 1799 ἐγὼ
3602 1721 3658 1778 δέ
3728 1731 3871 1799 λιμῷ

484 1811 964 1893 Derelinquendo
997 1803 1163 1875 enim
1188 1813 1475 1885 cmlestia,
1512 1815 1749 1894 peccavi
1774 1816 1832 1876 in
1860 1834 1948 1888 ea,
1980 1835 2135 1896 prae-

2225 1806 2548 1879 ἆπόλλυμαι.
2612 1805 2761 1865 Ἀλλ’
2819 1807 3070 1888 ἀναστὰς,
3133 1809 3426 1883 τουτέστιν,
3478 1807 3539 1867 ἐκ
3580 1818 3671 1869 τοῦ
3713 1813 3868 1870 πτώ-

408 1924 409 1927 η
483 1901 683 1964 ferens
703 1902 847 1981 ipsis
865 1903 1222 1983 voluptatem
1251 1904 1792 1983 contemptibilem,
1818 1914 1877 1966 et
1900 1906 2137 1986 praeeli-

2225 1920 2391 1973 ματος
2447 1904 2543 1966 τῆς
2602 1898 2888 1978 ἁμαρτίας,
2946 1899 3272 1977 πορεύσομαι
3302 1901 3431 1979 πρὸς
3500 1903 3591 1958 τὸν
3661 1904 3869 1982 Πατέρα

484 2012 628 2071 gens
647 1993 869 2055 caelesti
889 1992 1092 2073 patria;
1118 2011 1264 2054 mea;
1282 1993 1583 2071 regionem
1616 1994 1809 2057 lamis.
1834 1994 2137 2068 Quemad-

2225 2010 2345 2069 μου,
2413 1990 2501 2045 καὶ
2558 1989 2662 2068 ἐρῶ
2717 1988 2880 2062 αὐτῷ’
2945 1988 3139 2066 Πάτερ,
3194 1987 3431 2068 ἥμαρτον
3488 1992 3562 2054 εὶς
3593 1992 3683 2048 τὸν
3711 1993 3874 2069 οὖρα-

486 2082 723 2143 modum
755 2082 939 2153 enim,
959 2089 1022 2142 ut
1051 2082 1304 2161 exempli
1329 2083 1513 2160 gratia
1541 2083 1898 2164 dicamus,in
1926 2104 2135 2147 aurum

2225 2080 2332 2152 νὸν,
2394 2080 2481 2135 καὶ
2540 2078 2767 2135 ἐνώπιόν
2824 2096 2941 2136 σουο
2994 2076 3302 2135 καταλιπὼν
3362 2080 3461 2158 γὰρ
3516 2082 3583 2139 τὰ
3633 2084 3871 2162 οὖράνια,

481 2191 731 2251 peccare
761 2172 998 2252 dicitur,
1034 2172 1136 2254 qui
1168 2171 1255 2232 illi
1287 2172 1594 2252 plumbum
1644 2174 1881 2253 przefert
1914 2193 1927 2237 :
1966 2176 2045 2236 ita
2073 2176 2135 2236 in

2225 2167 2459 2248 ἧμαρτοδ
2498 2171 2571 2233 εἷς
2627 2168 2816 2249 ταῦτα,
2887 2169 3221 2247 προτιμήσας
3254 2168 3428 2225 αὐτῶν
3456 2170 3555 2238 τὴν
3607 2173 3874 2229 κατά-πτι-

480 2262 693 2323 coelum
737 2266 967 2342 peccat,
1022 2260 1123 2342 qui
1166 2260 1252 2322 illi
1302 2268 1542 2323 terrena
1591 2265 1900 2342 prrponit.
1953 2264 2141 2328 Abest

2225 2280 2346 2316 στον
2385 2257 2601 2332 ἡδονὴν,
2657 2260 2746 2315 καὶ
2802 2258 2899 2326 τῆς
2958 2256 3202 2337 πατρίδος
3235 2282 3338 2334 μου
3381 2260 3600 2339 ούρανοῦ
3628 2262 3729 2329 τὴν
3780 2273 3873 2321 τοῦ

481 2360 677 2413 autem
712 2341 1117 2413 omninoavia
1142 2370 1272 2430 quae
1302 2350 1415 2412 fert
1452 2352 1509 2412 in
1544 2341 1782 2415 cmlum.
1810 2353 1973 2415 Scias
1996 2356 2134 2416 item

2225 2347 2381 2424 λιμοῦ
2436 2348 2619 2429 χώραν
2705 2350 3010 2428 προκρίνας,
3076 2341 3294 2429 ’Ὥσπερ
3378 2350 3477 2429 γὰρ
3546 2351 3869 2432 ἁμαρτάνειν

484 2440 640 2521 quod
673 2440 911 2521 quando
946 2441 1230 2520 peccavit,
1264 2440 1432 2518 quasi
1464 2460 1579 2502 non
1612 2459 1812 2502 coram
1846 2442 1969 2503 Deo
1995 2463 2135 2524 ope-

2225 2436 2454 2517 λέγεται,
2528 2438 2650 2519 φέρε
2710 2439 2882 2494 εἰπεῖν
2952 2439 3026 2501 εἷς
3084 2439 3309 2517 χρυσὸν,
3342 2439 3369 2493 6
3400 2437 3651 2512 μόλιϐδον
3708 2440 3865 2496 αὑτοῦ

484 2550 621 2592 rans
653 2530 962 2608 peccavit;
1011 2529 1247 2610 quando
1298 2538 1497 2591 autem
1550 2532 1887 2613 conﬁtetur,
1930 2552 2130 2595 coram

2225 2534 2514 2608 προτιμῶν,
2570 2528 2734 2594 οὕτως
2792 2530 2866 2590 εἷς
2937 2528 3153 2606 οὖρανὸν
3217 2528 3530 2603 ἁμαρτάνει,
3592 2531 3620 2584 6
3680 2530 3863 2586 τούτου

489 2622 609 2683 Deo
636 2639 701 2681 se
734 2638 1017 2698 peccasse
1047 2620 1248 2682 sentit.
1306 2622 1489 2682 Porro
1535 2622 1673 2680 408
1702 2638 1952 2701 surgens
1977 2623 2135 2685 vadit

2225 2620 2551 2695 προτιμήσας
2608 2618 2673 2674 τὰ
2744 2618 2932 2695 γήϊνα.
3014 2613 3408 2694 Ἀποτυγχάνει
3492 2618 3593 2695 γὰρ
3648 2620 3859 2684 πάντως

485 2711 555 2772 ad
586 2709 817 2772 Patrem
867 2728 1062 2769 suum.
1097 2710 1225 2771 Non
1260 2709 1449 2770 solum
1484 2710 1643 2771 enim
1677 2712 2129 2775 consultandum

2225 2714 2314 2775 τῆς
2376 2712 2450 2773 εἱς
2520 2710 2611 2763 τὸν
2660 2708 2877 2786 οὐρανὸν
2935 2706 3194 2786 φερούσης
3247 2703 3389 2766 ὁδοῦ,
3422 2704 3750 2772 Ἐπίστησον
3778 2707 3859 2787 δὲ,

483 2806 575 2860 est
602 2800 677 2861 de
709 2797 800 2861 his
832 2817 963 2880 quae
986 2799 1223 2879 placent
1245 2802 1391 2873 Deo,
1422 2799 1524 2859 sed
1561 2814 1621 2861 et
1654 2819 1803 2881 opus
1834 2810 1922 2862 est
1952 2802 2130 2864 facto.

2225 2798 2322 2867 ὅτι,
2385 2797 2510 2853 ὅταν
2569 2797 2665 2873 μὲν
2722 2796 3048 2875 ἡμάρτανεν,
3119 2795 3194 2857 ὡς
3225 2794 3304 2869 μὴ
3329 2792 3553 2853 ἐνώπιον
3609 2802 3701 2852 τοῦ
3732 2804 3865 2852 Θεοῦ

482 2888 652 2952 Nunc
696 2888 1198 2969 quemadmodum
1253 2888 1450 2951 vidisti
1505 2890 1789 2951 fervidam
1835 2894 2132 2972 paeniten-

2225 2889 2462 2967 πράττων
2521 2888 2847 2966 ἡμάρτανεν,
2910 2884 2998 2942 ὅτε
3050 2883 3105 2940 δὲ
3164 2882 3591 2962 ἐξυμολογεϊται,
3640 2885 3868 2941 ἐνώπιον

485 2979 650 3059 tiam,
686 2983 765 3040 ita
796 2987 853 3039 et
903 2978 1163 3039 celerem
1219 2978 1408 3040 Patris
1460 2980 1930 3044 misericordiam
1978 2983 2131 3044 vide.

2225 2986 2313 3036 τοῦ
2370 2985 2499 3035 Θεοῦ
2554 2976 2882 3056 ἡμαρτηκὼς
2946 2974 3267 3036 αἰσθάνεται.
3325 2973 3585 3037 Ἀναστὰς
3632 2972 3686 3028 δὲ
3742 2972 3871 3041 ἦλθε

484 3067 685 3149 Neque
718 3069 875 3129 enim
910 3068 1273 3148 exspectavit
1299 3070 1489 3130 donec
1513 3069 1670 3130 ﬁlius
1692 3069 1918 3132 veniret
1948 3071 2020 3132 ad
2044 3091 2134 3152 se,

2225 3071 2352 3147 πρὸς
2422 3070 2511 3124 τὸν
2582 3066 2784 3145 πατέρα
2839 3069 3019 3140 αὐτοῦ,
3082 3061 3165 3121 δεῖ
3220 3064 3325 3142 γὰρ
3378 3065 3521 3138 ἡμᾶς
3581 3062 3870 3162 μὴυμόνον

484 3159 588 3222 sed
628 3157 910 3240 praevenit
943 3167 1001 3219 et
1028 3157 1409 3237 amplexatur
1438 3179 1451 3218 :
1488 3168 1654 3240 pater
1686 3159 1842 3221 enim
1870 3169 1956 3222 est
1979 3160 2142 3223 beui-

2225 3157 2500 3237 βούλεσθαι
2556 3158 2623 3216 τὰ
2664 3155 2787 3235 φίλα
2839 3160 2977 3231 Θεῷ,
3039 3152 3175 3211 ἂλλᾶ
3217 3153 3306 3209 καὶ
3348 3153 3616 3233 πράττειν,
3653 3152 3874 3224 ’Ὠσπερ

484 3248 732 3329 gnitate.
768 3248 944 3309 etiam
981 3247 1030 3309 si
1064 3260 1279 3309 natura
1310 3249 1470 3311 Deus
1502 3255 1612 3324 est,
1650 3260 1707 3310 et
1750 3256 2139 3312 totustotum

484 3339 885 3419 amplectitur,
917 3346 983 3399 ut
1013 3338 1413 3417 undequaqne
1438 3337 1628 3417 ipsum
1656 3338 1726 3398 ad
1761 3356 1825 3398 se
1851 3339 2138 3400 constrin-

483 3438 599 3509 gat,
636 3427 791 3488 sicut
819 3428 1039 3488 dictum
1067 3435 1156 3488 est
1193 3449 1204 3488 :
1242 3448 1269 3485 α
1296 3424 1365 3486 Et
1394 3426 1580 3504 gloria
1610 3426 1713 3489 Dei
1748 3428 2138 3490 circumdabit

485 3528 600 3580 te.»
628 3516 780 3581 Olim
820 3516 1057 3589 quidem
1090 3516 1325 3596 quando
1351 3515 1663 3594 elungabat
1693 3535 1758 3577 se
1787 3517 1961 3597 ﬁlius,
1990 3526 2139 3578 tem-

488 3627 593 3689 pus
621 3616 747 3668 erat
777 3613 836 3665 et
868 3606 1019 3667 Patri
1038 3613 1104 3668 ut
1124 3604 1196 3666 ab
1218 3605 1488 3685 amplexu
1520 3625 1585 3666 se
1613 3606 1914 3685 elongaret
1940 3628 1953 3669 :
1981 3626 2138 3669 nunc

483 3716 624 3759 vero
654 3715 786 3756 cum
820 3694 977 3757 redit
1008 3695 1514 3776 etappropinquat
1547 3715 1655 3775 per
1684 3697 2135 3759 conversionem

484 3796 541 3848 et
570 3787 926 3857 oralionem,
960 3792 1195 3863 tempus
1228 3793 1319 3844 est
1350 3785 1753 3865 amplexandi.
1792 3786 1929 3848 Ruit
1962 3786 2140 3866 igitur

486 3880 541 3940 in
574 3877 789 3938 collum
825 3876 977 3954 ejus,
1013 3875 1339 3937 ostendens
1372 3895 1506 3937 eum
1554 3876 1655 3957 qui
1687 3877 1829 3939 olim
1861 3877 2136 3939 descive-

486 3977 596 4037 rat,
632 3985 792 4026 nunc
822 3964 1201 4026 obedientem
1250 3984 1382 4026 esse
1425 3967 1665 4027 factum.
1721 3966 1791 4027 Et
1835 3968 2140 4029 osculatur

483 4076 645 4136 eum,
678 4053 1226 4115 reconciliationem
1262 4055 1557 4128 indicans,
1591 4065 1649 4116 et
1680 4056 1848 4135 quasi
1882 4057 2137 4118 vestibu-

487 4147 603 4205 lum
637 4144 935 4226 quoddam
972 4163 1039 4205 os
1092 4144 1295 4225 polluti
1345 4145 1741 4219 sanctiﬁt-ans,
1776 4163 1846 4207 ac
1890 4165 1997 4227 per
2027 4148 2138 4208 hoc

485 4235 555 4295 ad
590 4235 825 4296 interna
853 4234 1378 4297 sanctiﬁcationem
1417 4234 1767 4296 immittens.

2222 3248 2276 3305 δὲ
2336 3246 2475 3312 εἶδες
2532 3247 2733 3326 θερμὴν
2790 3248 2891 3313 τὴν
2918 3244 3225 3320 μετάνοιαν,
3261 3243 3428 3305 οὕτως
3488 3244 3576 3299 καὶ
3633 3243 3732 3310 τὴν
3784 3244 3875 3299 εὒέ

2222 3335 2561 3417 σπλαγχνίαν
2613 3343 2704 3393 τοῦ
2761 3336 2958 3414 πατρὸς
3013 3335 3130 3412 δρα·
3209 3330 3338 3392 Οὐδὲ
3366 3333 3465 3412 γὰρ
3494 3332 3735 3409 ἀνέμεινε
3782 3334 3873 3389 τὸν

2220 3427 2327 3485 υἱὸν
2384 3425 2561 3483 ὶλθεϊν
2617 3423 2774 3504 ἄχρις
2848 3425 3021 3496 αὐτοῦ,
3071 3421 3207 3479 ἀλλὰ
3250 3422 3557 3502 προφθάνει,
3590 3422 3680 3477 καὶ
3712 3441 3869 3499 περι-

2219 3515 2497 3580 πλέκεται.
2566 3515 2747 3595 Πατὴρ
2803 3514 2904 3594 γὰρ
2961 3519 3027 3590 τῇ
3095 3511 3455 3593 χρηστότητι,
3489 3513 3530 3567 εἷ
3580 3512 3668 3567 καὶ
3719 3512 3869 3590 φύσει

2222 3610 2378 3682 Θεὸς,
2436 3610 2523 3664 καὶ
2594 3607 2719 3671 ὅλος
2749 3605 2873 3663 ὅλον
2930 3605 3261 3685 περιφύεται,
3292 3607 3383 3661 ’ἱνα
3425 3604 3681 3660 πάντοθεν
3712 3602 3871 3658 αῦτὸν

2220 3699 2351 3777 πρὸς
2410 3698 2595 3754 ἑαυτὸν
2625 3696 2905 3777 συσφίγξῃ,
2940 3696 3070 3752 καθὸ
3097 3693 3331 3773 εἴρηται·
3374 3715 3401 3747 α
3437 3694 3535 3751 Καὶ
3564 3694 3597 3760 ἡ
3633 3690 3756 3757 δόξα
3780 3698 3873 3747 τοῦ

2222 3796 2354 3846 Θεοῦ
2410 3786 2717 3865 περιστελετ
2760 3807 2842 3844 σε.
2909 3808 2936 3841 ι
2974 3785 3071 3843 Καὶ
3114 3782 3279 3839 πάλαι
3311 3783 3410 3858 μὲν
3465 3781 3552 3838 ὅτε
3584 3781 3873 3861 ἰμάκρυνεν

2220 3877 2405 3934 ἑαυτὸν
2467 3880 2494 3933 6
2549 3879 2688 3957 υἱὸς,
2747 3877 2929 3954 καιρὸς
2998 3875 3064 3942 ἦν
3095 3874 3282 3946 καὶτῷ
3306 3873 3462 3949 πατρὶ
3490 3880 3583 3928 τοῦ
3640 3893 3875 3950 μακρυν-

2218 3969 2371 4034 θῆναι
2440 3966 2545 4023 ἀπὸ
2617 3972 2715 4034 τῆς
2774 3963 3141 4043 περιλὴψεωςο
3196 3961 3284 4018 ὅτε
3315 3960 3369 4018 δὲ
3422 3961 3612 4041 ἤγγισε
3664 3959 3748 4018 διὰ
3777 3966 3878 4027 τῆς

2220 4057 2528 4138 προσευχῆς
2578 4058 2665 4113 καὶ
2722 4057 2820 4122 τῆς
2887 4053 3234 4133 ἐπιστροφῆς,
3291 4052 3473 4131 καιρὸς
3520 4051 3731 4131 ἐγένετο
3789 4052 3881 4108 τοῦ

2220 4145 2555 4227 περιλαϐεῖν.
2629 4144 2935 4204 Ἐπιπίπτει
3007 4142 3180 4200 τοίνυν
3237 4141 3324 4199 ἐπὶ
3393 4143 3486 4198 τὸν
3573 4140 3877 4221 τράχηλον,

2220 4239 2311 4294 τὸν
2369 4236 2770 4293 ἀποστατοῦντα
2852 4233 3061 4313 πρώην,
3134 4233 3407 4302 πειθήνιον
3482 4236 3570 4286 νῦν
3640 4229 3879 4308 γενέσθαι

502 4325 912 4400 ἐνδεικνύμενος.
953 4326 1048 4383 Καὶ
1079 4324 1365 4401 καταφιλεῖ
1408 4327 1589 4397 αὐτὸν,
1620 4326 1717 4394 τὴν
1773 4324 2118 4404 καταλλαγὴν
2177 4326 2448 4400 δεικνύων,
2494 4327 2582 4382 καὶ
2612 4324 2733 4381 οἷόν
2788 4346 2837 4380 τι
2877 4321 3201 4401 προπύλαιον
3237 4323 3300 4377 τὸ
3330 4321 3504 4397 στόμα
3533 4323 3741 4400 πρῶτον
3784 4327 3878 4376 τοῦ

483 4418 789 4495 μιανθέντος
834 4416 1089 4494 ἁγιάζων,
1127 4417 1251 4472 εἶτα
1281 4414 1365 4471 διὰ
1398 4416 1583 4472 τούτου
1616 4418 1702 4471 καὶ
1731 4417 1818 4472 ἶεπὶ
1852 4418 1915 4471 τα
1946 4415 2090 4473 ἔνδον
2120 4419 2211 4473 τὸν
2242 4418 2507 4496 ἀγιασμὸν
2538 4414 2874 4491 εἰσπέμπων,

568 4510 748 4569 Vens.
774 4503 1023 4567 22-24m
1057 4504 1214 4567 Dixit
1233 4511 1430 4565 autem
1456 4513 1620 4584 pater
1641 4505 1710 4565 ad
1736 4522 1937 4565 servos
1958 4524 2098 4567 suos
2124 4517 2207 4567 :1)

487 4600 755 4661 Proferte
786 4595 995 4657 stolam
1048 4593 1325 4672 primam,
1381 4602 1439 4654 et
1492 4593 1718 4656 induite
1751 4594 1960 4656 illum:
2010 4595 2148 4656 date

484 4688 769 4751 annulum
815 4685 873 4745 in
912 4702 1151 4745 manum
1187 4686 1341 4763 ejus,
1394 4691 1453 4744 et
1488 4683 1892 4767 calceamenta
1942 4683 2000 4744 in
2035 4703 2146 4763 pe-

484 4778 631 4839 des:
666 4784 726 4836 et
754 4773 1032 4835 adducite
1064 4772 1306 4833 vitulum
1364 4772 1528 4833 illum
1582 4772 1934 4850 saginatum,
1971 4782 2148 4855 atque

485 4864 1144 4946 mactate,sumptisque
1167 4862 1358 4943 epulis
1386 4862 1678 4925 laetemur:
1706 4862 1846 4943 quia
1871 4863 1968 4924 hic
1989 4864 2144 4925 ﬁlius

486 4976 653 5018 meus
679 4964 951 5016 mortuus
973 4961 1127 5033 erat,
1153 4962 1210 5014 et
1232 4953 1475 5027 revixit;
1502 4953 1761 5034 perierat
1789 4961 1846 5013 et
1871 4955 2144 5017 inventus

485 5056 597 5109 est.
630 5045 702 5107 Et
728 5051 1041 5125 coeperunt
1075 5043 1253 5104 laetari
1310 5068 1337 5097 ι
1380 5046 1494 5105 Per
1515 5062 1721 5104 servos
1758 5042 2023 5123 intellige
2055 5052 2145 5113 vel

484 5137 724 5215 angelos
758 5131 1215 5195 ministratorios
1264 5133 1533 5213 spiritus,
1579 5133 1683 5212 qui
1730 5134 2044 5195 mittuntur
2085 5133 2145 5194 in

488 5225 885 5287 ministerium
922 5230 1167 5304 propter
1196 5242 1302 5285 eos
1328 5224 1424 5303 qui
1460 5223 1650 5284 salute
1682 5222 1839 5302 digni
1868 5231 2027 5287 sunt.
2055 5224 2144 5286 Illi

486 5318 641 5377 enim
670 5314 928 5375 vestiunt
957 5332 991 5373 a
1016 5322 1259 5393 peccato
1293 5322 1694 5377 revertentem
1743 5313 1892 5374 stola
1934 5313 2144 5394 prima,

488 5405 610 5466 sive
640 5402 1423 5484 prisca,quam,priusquam
1457 5404 2147 5485 peccaremus,gestaba-

488 5512 641 5577 mus,
672 5495 1020 5556 indumento
1054 5493 1285 5555 scilicet
1310 5492 1779 5577 incorruptionis
1814 5515 1826 5551 :
1885 5493 1971 5555 vel
2009 5513 2149 5575 pre-
2178 5504 2181 5507 ’

577 5656 661 5737 (τι)
686 5654 849 5737 _Edit.
890 5658 1024 5737 Lut.
1063 5654 1301 5737 omittit,
1337 5664 1397 5717 et
1428 5655 1575 5737 quia
1615 5664 1763 5719 sunt
1816 5655 2151 5720 mirabilia.

579 5736 661 5817 (ὁ)
684 5733 749 5797 In
772 5736 1003 5799 Ed.Lut
1032 5733 1547 5818 omittuntur,non
1578 5738 1643 5799 in
1672 5740 1880 5818 primo
1918 5737 2153 5803 ordine.

2314 4532 2338 4561 α
2418 4511 2553 4565 Εἶπε
2583 4503 2638 4561 δὲ
2683 4508 2711 4561 6
2739 4504 2915 4584 πατὴρ
2945 4504 3076 4584 πρὸς
3105 4504 3227 4567 τοῦς
3259 4499 3477 4564 δούλους
3508 4503 3692 4559 αὐτοῦ’
3754 4496 3884 4564 Ἐξ-

2231 4596 2479 4676 ενὲγκατε
2509 4596 2607 4664 τὴν
2638 4595 2833 4663 στολὴν
2863 4594 2963 4662 τὴν
2993 4594 3237 4673 πρώτην,
3291 4592 3378 4647 καὶ
3426 4588 3669 4647 ἐνδύσατε
3700 4588 3880 4661 αὐτὸν,

2229 4688 2319 4744 καὶ
2346 4685 2464 4743 δότε
2548 4683 2823 4743 δακτύλιον
2866 4686 2939 4747 εὶς
2996 4683 3090 4751 τὴν
3134 4695 3300 4762 χεῖρα
3329 4680 3511 4753 αὐτοῦ,
3558 4680 3646 4735 καὶ
3675 4676 3883 4748 ὑποδή-

2232 4798 2375 4853 ματα
2434 4777 2506 4841 εἷς
2577 4776 2695 4841 τοὺς
2752 4772 2918 4836 πόδας
2974 4774 3153 4851 αύτοῦ,
3212 4774 3300 4828 καὶ
3353 4767 3721 4850 ἒξενὲγκαδτες
3794 4768 3886 4824 τόν

2230 4867 2444 4946 μόσχον
2492 4868 2584 4923 τὸν
2643 4866 2880 4923 σιτευτὸν
2942 4864 3154 4939 θύσατε,
3220 4860 3308 4917 καὶ
3370 4858 3627 4940 φαγόντες
3660 4857 3885 4937 εὔφραν-

2228 4960 2429 5037 θῶμεν,
2488 4956 2568 5012 ὅτι
2630 4958 2657 5012 6
2707 4956 2817 5019 υἱός
2849 4976 2950 5032 μου
2979 4952 3128 5016 οὗτος
3160 4951 3341 5030 νεκρός
3383 4953 3475 5024 ἦν,
3506 4948 3596 5004 καὶ
3634 4946 3883 5037 ἀνᾲέζησε,

2229 5048 2318 5103 καὶ
2376 5035 2674 5107 ἀπολωλὼς
2742 5044 2831 5119 ἧν,
2891 5044 2979 5101 καὶ
3035 5040 3241 5120 εὑρέθη.
3274 5041 3373 5099 Καὶ
3401 5037 3622 5118 ἤρξαντο
3663 5035 3883 5114 εὐφραί-

2234 5139 2431 5195 νεσθαι.
2508 5155 2536 5195 ι
2618 5134 2841 5199 Δούλους
2911 5133 2945 5202 ή
3015 5133 3136 5198 τούς
3189 5128 3447 5209 ἀγγέλους
3508 5127 3750 5200 νοήσαις,
3816 5124 3883 5180 τὰ

2232 5223 2570 5305 λειτουργικὰ
2640 5225 2915 5301 πνεύματα
2970 5223 3035 5280 τὰ
3104 5219 3431 5295 στελλόμενα
3500 5218 3573 5281 εὶς
3617 5213 3883 5271 διακονίαν

2230 5316 2315 5371 διὰ
2370 5317 2490 5379 τούς
2550 5319 2816 5393 σωτηρίας
2873 5314 3066 5381 ἀξίους·
3135 5310 3353 5389 καὶγὰρ
3421 5315 3561 5366 οῦτοι
3594 5304 3887 5376 στολίζουσι

2231 5407 2323 5463 τὸν
2391 5404 2451 5462 ἐκ
2503 5408 2689 5471 κακίας
2747 5404 3125 5485 ἐπιστρέφοντα
3154 5403 3253 5470 τὴν
3290 5396 3487 5466 στσλὴν
3518 5398 3615 5465 τὴν
3645 5394 3887 5475 πρώτην,

2241 5495 2354 5563 ἢτοι
2421 5498 2517 5563 τὴν
2575 5497 2824 5578 ἀρχαίαν,
2874 5496 2938 5564 ἦν
2996 5496 3115 5573 πρὶν
3185 5490 3449 5571 ἁμαρτεῖν
3490 5486 3803 5567 ἐφοροῦμεν,
3831 5485 3895 5539 τὸ

2240 5656 2465 5720 Caetera
2514 5665 2654 5721 sunt
2689 5678 2704 5720 :
2748 5675 2899 5722 sane
2944 5655 3052 5719 illa
3099 5648 3478 5717 miserabilia
3551 5650 3789 5731 oportet
3843 5644 3901 5722 ei

2236 5754 2618 5805 enumerare.
