4202 6398
339 362 460 428 957

1099 355 1542 421 ENARBATIO
1586 355 1667 419 IN
1716 350 2221 417 EVANGELIUM
2270 353 2508 424 LUC/ii.
2560 385 2633 397 —
2678 354 2843 415 CAP.
2906 353 3034 415 XV.

3612 346 3731 416 958
3756 296 3761 301 ⁷

340 496 533 573 ἔνδυμα
594 500 690 562 τῆς
747 492 1061 573 ἀφθαρσίας,
1119 489 1155 557 ἤ
1209 489 1307 557 τὴν
1365 489 1542 564 τιμίαν
1572 488 1667 555 τὴν
1726 486 1828 565 πρὸ
1884 486 1990 542 τῶν

2083 485 2223 548 tiosa
2251 506 2383 568 quae
2412 486 2698 566 dignitate
2734 496 2968 567 praestat
2998 487 3129 549 aliis
3160 486 3465 567 omnibus,
3502 491 3570 550 ut
3589 486 3743 567 bap-

340 585 520 644 ἔέλλων
576 581 787 651 πασῶν,
846 581 941 638 οἶά
971 580 1111 637 ἐστιν
1155 581 1189 647 ἠ
1220 580 1315 636 τοῦ
1369 577 1759 655 βαπτίσματος.
1806 576 1998 654 Πρώτη

341 677 441 755 γὰρ
502 695 593 750 μοι
646 670 782 738 αὕτη
866 670 1210 750 περιτίθεται,
1267 668 1355 724 καὶ
1386 663 1512 746 παρ’
1540 667 1715 755 ,αὐτῆς
1745 661 2001 739 λαμϐάνω

490 744 591 830 τῆς
649 744 1043 841 ἀσχημοσύνης
1109 744 1475 837 περιστολὴν(
1510 744 1596 811 ’Ἠ
1653 755 1824 841 τοίνυν
1877 756 1999 815 τοὺς

342 850 598 932 ἀγγέλους
659 840 876 919 νοήσαις
933 845 1175 920 δούλους,
1230 843 1352 908 τοῦς
1412 848 1541 932 πᾷσι
1569 855 1689 906 τοῖς
1738 840 1826 921 ὐφ’
1861 842 1998 915 ἡμῖν

341 930 678 1017 τελουμένοις
748 935 1217 1012 διακονουμένους,
1280 935 1369 989 καὶ
1423 930 1490 989 δι’
1542 935 1617 987 ὧν
1674 930 1995 1009 ἁγιαζόμεθα

343 1030 544 1107 μέσων’
604 1028 639 1096 ἢ
712 1028 802 1083 καὶ
854 1026 975 1089 τοὺς
1031 1028 1221 1103 ἱερεῖς,
1286 1022 1406 1085 τοὺς
1436 1022 1523 1079 καὶ
1554 1019 1639 1077 διὰ
1687 1021 1995 1096 βαπτίσμα-

340 1143 456 1201 τος,
491 1120 580 1176 καὶ
608 1116 770 1197 λόγου
812 1112 1190 1172 διδασκαλικοῦ
1219 1114 1309 1169 τὸν
1352 1110 1741 1191 ἐπιστρέφοντα
1789 1107 1995 1201 ἐνδύονο

341 1200 461 1291 τας,
522 1209 609 1268 καὶ
680 1204 876 1273 στολὴν
934 1209 1151 1283 πρωτην
1209 1203 1588 1283 περιτιθέντας,
1642 1202 1733 1257 τὸν
1773 1200 1998 1278 Χριστὸν

341 1289 498 1360 αὐτόν
564 1296 709 1378 (ὅσοι
762 1297 862 1375 γὰρ
920 1292 1313 1370 ἐϐαπτίσθημεν
1371 1294 1444 1358 εἰς
1476 1293 1725 1372 Χριστὸν.
1776 1289 1999 1368 Χριστὸν

236 1416 247 1426 ·
343 1386 741 1469 ἑνεδυσάμεθα),
813 1388 902 1442 καὶ
956 1383 1232 1442 δακτύλιον
1260 1380 1490 1439 διδόασιν
1541 1383 1614 1446 εἷς
1660 1382 1756 1450 τὴν
1806 1391 1994 1460 χεῖρα,

340 1482 439 1548 τὴν
495 1478 762 1560 σφραγῖδα
831 1483 926 1532 τοῦ
986 1480 1423 1554 Χριστιανισμοῦ,
1486 1470 1550 1538 ῆν
1582 1469 1667 1527 διὰ
1695 1478 1802 1527 τῶν
1831 1470 1999 1548 ἔργων

342 1557 578 1650 ἔχομεν-⁸.
632 1570 668 1635 ἡ
731 1566 829 1643 μὲν
901 1566 1000 1644 γὰρ
1059 1564 1181 1643 χείρ
1236 1564 1336 1628 τῆς
1366 1560 1606 1641 πράξεως
1651 1557 1939 1650 σύμϐολον,
1972 1557 2000 1611 ὃ

342 1649 407 1717 δὲί
453 1655 728 1718 δακτύλιος
790 1654 886 1722 τῆς
958 1650 1275 1733 σφραγῖδος·
1328 1654 1355 1708 6
1426 1651 1601 1708 τοίνυν
1672 1649 2001 1727 βαπτισθεὶς,

342 1750 429 1805 καὶ
477 1745 659 1809 ἅπλῶς
735 1747 763 1801 6
827 1744 935 1801 ἀπὸ
991 1744 1177 1808 κακίας
1222 1741 1575 1822 ἐπιστρέφων,
1627 1739 1825 1821 ὀφείλει
1854 1738 2066 1834 ἔχεινΒ

344 1838 429 1895 ἐπὶ
497 1838 595 1903 τῆς
653 1835 862 1916 χειρὸς,
924 1832 1219 1902 τουτέστιν,
1304 1832 1392 1887 ἐπὶ
1465 1831 1644 1898 πάσης
1704 1835 2003 1906 πρακτικῆς

340 1926 631 2002 δυνάμεως,
690 1920 984 2002 σφραγῖδα,
1047 1923 1135 1978 καὶ
1195 1922 1478 2001 γνώρισμα
1537 1918 1875 2000 Χριπιανοῦ,
1911 1918 2005 1975 ’ἕνα

340 2015 597 2073 δεικνύναι
660 2012 816 2094 ἔχῃκ
846 2014 922 2077 ὡς
981 2011 1103 2069 κατ’
1161 2011 1342 2068 εἰκόνα
1387 2019 1481 2070 τοῦ
1522 2010 1796 2072 κτίσαντος
1849 2010 2004 2065 αὒτὸν

342 2081 729 2171 ἁνεκαινίσθηῗ
771 2081 859 2159 “EI
923 2102 1012 2157 καὶ
1063 2099 1239 2163 ἃλλως
1311 2101 1530 2170 νοήσαις
1573 2100 1664 2155 τὸν
1699 2096 2000 2171 δακτύλιον,

342 2191 617 2274 ἆῤῥαϐιῦνα
668 2198 762 2250 τοῦ
828 2193 1158 2265 Πνεύματος·
1210 2191 1330 2247 οἷον
1383 2189 1433 2246 τί
1462 2207 1627 2268 φημιο
1680 2179 1738 2246 Ὀ
1769 2189 1898 2250 Θεὸς
1937 2189 2002 2243 τὰ

345 2286 441 2360 μὲν
497 2280 807 2340 τελειότατα
854 2281 1027 2358 ἀγαθὰ
1080 2280 1201 2336 τότε
1275 2277 1505 2358 δίδωσιν,
1532 2276 1620 2335 ὅτε
1642 2278 1843 2335 τούτων
1874 2300 1998 2333 και-

343 2376 455 2454 ρὸς,
508 2373 597 2428 καὶ
622 2430 627 2435 ,
652 2376 740 2427 νῦν
798 2367 849 2426 δὲ
886 2369 1263 2445 πιστούμενος
1294 2364 1523 2447 δηλαδὴ,
1578 2366 1759 2423 ἐκεῖνα
1792 2364 1999 2422 δίδωσιν

341 2467 479 2539 ἡμῖν
535 2461 871 2542 χαρίσματα,
927 2458 1048 2516 οἶόν
1118 2478 1262 2522 τινας
1305 2456 1610 2535 ἆρῥαϐὦνας
1636 2460 1741 2512 τῶν
1764 2454 1995 2531 μελλόν-

340 2575 471 2626 των,
533 2563 653 2614 τοτς
715 2550 813 2625 μὲν
870 2548 1316 2627 θαυματουργίαν,
1372 2560 1491 2611 τοῖς
1522 2544 1577 2601 δὲ
1634 2543 1993 2617 διδασκαλίαν,

342 2655 463 2704 τοϊς
520 2639 575 2698 δὲ
646 2637 781 2695 ἄλλο
834 2659 908 2716 τι,
979 2639 1070 2693 καὶ
1126 2636 1289 2693 ταῦτα
1334 2634 1619 2716 δεχόμενοι
1648 2634 1755 2691 ἀπὸ
1798 2634 1999 2690 τούτων

340 2733 429 2788 καὶ
485 2731 552 2787 τὰ
607 2715 907 2804 τελειότερα
967 2723 1190 2802 βεϐαίως
1258 2715 1561 2800 ἐλπίζομεν.
1652 2715 1999 2800 ιΥποδήματοι

342 2822 414 2885 είς
460 2819 582 2882 τοὺς
641 2814 832 2891 πόδας,
903 2815 997 2871 ἵνα
1026 2813 1392 2894 φυλάττωνται
1424 2813 1529 2870 ἀπὸ
1559 2818 1663 2869 τῶν
1709 2812 1996 2892 σκορπίων,

344 2914 451 2966 τῶν
511 2913 716 2986 μικρῶν
773 2902 978 2972 δηλαδὴ
1070 2902 1362 2960 δοκούντων
1438 2902 1861 2982 ἀμαρτημάτῶν,
1913 2896 2000 2957 καὶ

349 2998 603 3077 κρυφίων,
661 2997 733 3058 ὡς
793 2992 894 3074 ἔφη
952 2991 1140 3066 Δαυΐδ,
1190 2989 1332 3059 πλὴν
1388 2989 1702 3047 θανατωδῶν
1757 2992 1844 3046 καὶ
1899 2990 1997 3046 αὖ-

2084 574 2239 636 tismi
2269 576 2575 656 dignitate.
2614 576 2814 639 Prima
2868 575 3027 638 enim
3060 595 3167 637 nos
3206 575 3309 637 illa
3340 576 3535 650 vestit,
3569 582 3628 639 et
3670 574 3744 635 ab

2082 681 2152 726 ea
2176 666 2467 727 sumimus
2516 665 2850 727 honestatis
2896 664 3194 729 vestitum.
3237 664 3347 728 Vel
3394 684 3501 747 per
3538 683 3746 726 servos

2083 754 2346 834 intelligo
2376 756 2749 836 angelos,qui
2786 754 3128 816 ministrant
3151 754 3431 815 omnibus
3463 773 3595 835 qua:
3618 772 3746 833 pro-

2084 852 2212 922 pter
2234 863 2339 906 nos
2363 845 2607 924 ﬁunt,et
2626 843 2840 925 quibus
2860 843 3256 905 mediantibus
3282 842 3741 905 sanctiﬁcamur.

2082 932 2189 994 Vel
2221 933 2395 995 etiam
2428 933 2794 1013 sacerdotes,
2822 932 2924 1012 qui
2983 951 3299 994 conversos
3360 951 3467 1011 per
3514 931 3743 1011 baptis-

2082 1038 2242 1082 mum
2267 1023 2355 1083 vel
2382 1022 2625 1084 verbum
2656 1021 2947 1082 d:-ctrinae
2972 1021 3247 1094 induunt,
3275 1028 3333 1082 et
3366 1021 3623 1083 induunt
3645 1038 3747 1083 eos

2081 1110 2380 1172 Christum
2414 1110 2622 1171 stolam
2659 1110 2910 1191 primam
2948 1111 3313 1191 (quicunque
3360 1112 3515 1171 enim
3549 1110 3743 1190 bapti-

2080 1199 2192 1261 zati
2222 1218 2428 1262 sumus
2459 1200 2518 1260 in
2542 1200 2866 1272 Christum,
2902 1198 3093 1262 induti
3147 1218 3357 1261 sumus
3385 1201 3741 1279 Christum),

2083 1297 2138 1353 et
2160 1291 2444 1351 annulum
2479 1290 2578 1351 dat
2606 1288 2667 1350 in
2703 1307 2965 1363 manum,
2999 1289 3367 1367 signaculum
3392 1288 3741 1351 Christiani-

2082 1378 2381 1461 smi,quod
2409 1397 2513 1459 per
2537 1396 2719 1459 opera
2747 1377 3209 1442 habemus.Nam
3245 1397 3454 1439 manus
3486 1378 3727 1457 symbo-

2083 1468 2204 1529 lum
2239 1468 2604 1549 operationis
2637 1468 3013 1548 est,annulus
3045 1486 3181 1529 vero
3206 1467 3523 1545 signaculi.
3558 1466 3740 1546 igitur

2080 1556 2430 1639 baptizatus,
2472 1566 2531 1618 et
2573 1558 2768 1619 omnis
2817 1558 2914 1638 qui
2964 1576 2997 1618 a
3052 1565 3295 1637 peccato
3355 1554 3741 1633 convertitur,

2085 1647 2265 1709 debet
2296 1647 2516 1709 habere
2546 1647 2605 1708 in
2633 1666 2832 1722 manu,
2876 1648 2986 1707 hoc
3036 1654 3145 1720 est,
3178 1647 3474 1725 operativa
3504 1645 3741 1720 virtute,

2088 1737 2453 1817 signaculum
2485 1735 2824 1797 Christiani:
2851 1744 2913 1796 ut
2938 1734 3354 1796 demonstrare
3385 1744 3561 1815 queat
3583 1734 3739 1815 quod

2086 1834 2391 1887 recreatus
2422 1826 2497 1886 sit
2525 1826 2594 1886 ad
2618 1824 2935 1904 imaginem
2967 1825 3097 1905 ejus
3121 1825 3218 1899 qui
3248 1843 3313 1885 se
3339 1822 3740 1887 condidit.Vel

2087 1914 2398 1993 aliterzper
2413 1913 2697 1975 annulum
2724 1912 3434 1992 intelligesarrhaboncm
3457 1912 3735 1992 Spiritus:

2087 2012 2152 2064 ut
2181 2003 2432 2083 exempli
2465 2003 2653 2067 uratia
2682 2002 2823 2082 quid
2858 2001 3076 2071 dicam,
3112 2004 3269 2065 Deus
3315 2002 3741 2081 perfectissima

2088 2091 2244 2152 bona
2280 2101 2418 2153 tunc
2450 2092 2573 2170 dat,
2596 2092 2832 2170 quando
2879 2110 3083 2151 eorum
3139 2100 3373 2170 tempus
3419 2091 3596 2152 fuerit
3632 2112 3644 2148 :
3680 2098 3740 2153 et

2063 2194 2242 2241 ’nunc
2274 2186 2339 2243 ut
2369 2179 2677 2241 credibilia
2702 2180 2847 2254 sint,
2874 2179 2970 2241 illa
3017 2177 3188 2240 nobis
3216 2180 3313 2240 dat
3357 2178 3735 2256 charismata,

2084 2278 2149 2331 ut
2169 2268 2563 2331 arrhabonem
2600 2268 3017 2331 t‘uturorumzet
3043 2267 3175 2329 aliis
3199 2268 3416 2329 donum
3452 2269 3737 2350 operandi

2085 2358 2537 2433 miracula,aliis
2570 2357 2850 2429 docendi,
2876 2357 3005 2417 aliis
3045 2375 3184 2417 vero
3207 2358 3364 2418 aliud
3388 2359 3527 2420 409
3558 2358 3739 2439 quid-

2083 2447 2258 2508 dam:
2295 2455 2353 2509 et
2381 2464 2514 2509 cum
2549 2447 2648 2508 illa
2684 2446 3059 2525 suscipimus.
3116 2446 3367 2507 ﬁrmiter
3398 2456 3457 2509 et
3503 2447 3738 2528 perfec-

2082 2538 2233 2598 tiora
2264 2544 2645 2617 expectamus
2676 2534 2746 2596 Et
2804 2535 3040 2594 calceos
3077 2534 3147 2595 ad
3212 2535 3489 2616 pedes,ut
3534 2544 3738 2598 custo-

2082 2626 2324 2687 diantur
2353 2644 2386 2687 a
2416 2626 2705 2705 scorpiis,‘
2731 2626 2989 2704 peccatis
3037 2623 3270 2685 scilicet
3324 2626 3427 2705 qui
3464 2626 3742 2690 videntur

2083 2733 2262 2795 parva
2290 2723 2347 2776 et
2381 2713 2795 2776 occulta.sicut
2823 2713 3061 2775 (licebat
3088 2712 3561 2786 David,attamen
3588 2733 3741 2776 mor-

2089 2803 2277 2865 tiferis
2309 2813 2365 2865 et
2389 2804 2534 2884 ipsis
2568 2811 2781 2881 :atquc
2813 2810 2990 2865 etiam
3019 2822 3053 2863 a
3084 2803 3487 2883 serpentibus,
3528 2803 3579 2865 id
3623 2811 3735 2877 est,

2086 2894 2346 2973 peccatis
2364 2892 2818 2975 quaemanil‘este
2831 2910 3048 2955 nocere
3065 2904 3406 2955 censentur.
3419 2892 3521 2954 Vel
3544 2894 3736 2955 aliter:

2082 2983 2482 3047 calceamenta
2506 2984 2721 3043 dantur
2747 2981 2799 3043 ei
2830 2983 2926 3063 qui
2961 2982 3208 3062 primam
3256 2983 3465 3044 stolam
3493 3002 3738 3045 assecu-

353 3071 483 3143 16'w"
546 3071 627 3141 ναὶ
654 3087 760 3160 μὴν
816 3071 903 3139 καὶ
933 3082 1038 3139 ἀπὸ
1083 3083 1255 3162 ὃφεων
1280 3087 1388 3137 τῶν
1417 3082 1695 3159 προφανῶς
1736 3079 1996 3157 βλάπτειν

2083 3080 2172 3162 tus
2196 3072 2570 3147 est,faciente
2594 3074 2716 3162 Deo
2744 3089 2880 3162 eum
2901 3080 3098 3162 aptum
3128 3080 3185 3162 ut
3208 3073 3517 3162 annuntiet
3542 3071 3736 3133 Evan-

350 3173 729 3254 νομιζομένων,
789 3174 925 3254 φημὶ
990 3173 1284 3250 ἁμαρτιῶν.
1345 3171 1442 3228 Καὶ
1491 3168 1664 3233 ἄλλως
1715 3167 1794 3243 δὲ,
1857 3170 1994 3226 ὑπο-

344 3263 559 3341 δήματα
614 3260 840 3320 δίδονται
868 3269 975 3337 ’τῷ
1026 3260 1293 3327 ἀξιωθέντι
1337 3265 1436 3327 τῆς
1520 3259 1739 3337 πρώτης
1771 3259 1992 3330 στολῆς,

342 3357 616 3416 ποιοῦντος
671 3359 764 3409 τοῦ
823 3359 954 3410 Θεοῦ
1014 3352 1170 3409 αὐτὸν
1228 3349 1443 3425 ἕτοιμον
1502 3353 1573 3415 εἰς
1604 3351 1665 3405 τὸ
1721 3346 1994 3426 εὐαγγελί-

339 3447 538 3523 ζεσθαι,
598 3443 687 3499 καὶ
740 3439 970 3522 ὠφελεῖν
1026 3438 1259 3518 ἑτέρους.
1321 3446 1488 3497 Τοῦτο
1545 3439 1702 3518 γὰρὸ
1734 3445 1992 3517 Χριστια-

338 3535 429 3598 νὸς
520 3532 614 3589 τοῦ
672 3528 901 3597 πλησίον
929 3532 964 3597 ἡ
992 3528 1253 3610 ὠφέλεια.
1290 3529 1513 3609 Μόσχος
1543 3525 1599 3583 δὲ
1630 3529 1867 3593 σιτευτὸς
1899 3526 1994 3584 οὒκ

339 3622 614 3701 ἀγνοεῖται
672 3622 751 3685 τίς
810 3619 975 3692 ἐστιν,
1044 3621 1072 3674 6
1151 3618 1425 3693 θυόμενος,
1512 3619 1601 3674 καὶ
1658 3616 1987 3692 ὲσθιόμενος·

339 3712 552 3775 πάντως
606 3710 707 3789 γὰρ
770 3711 799 3765 6
854 3707 1057 3775 ἀληθὴς
1118 3709 1239 3770 Υἱὸς
1309 3714 1401 3763 τοῦ
1436 3714 1590 3782 Θεοῦ,
1622 3709 1752 3763 καθὸ
1787 3706 1992 3785 ἄνθρω-

342 3820 464 3872 πος,
523 3799 612 3856 καὶ
676 3797 847 3877 σάρκα
932 3794 1148 3875 εἴληφε,
1226 3796 1326 3862 τὴν
1408 3794 1605 3875 ἄλογον
1675 3796 1848 3877 φύσει,
1908 3795 1996 3851 καὶ

338 3886 612 3963 κτηνώδη,
669 3885 767 3943 κᾶν
828 3887 991 3954 αὐτὴν
1065 3890 1170 3941 τῶν
1224 3886 1430 3942 οἰκείων
1500 3885 1835 3965 αὐχημάτων
1889 3905 1992 3940 πε-

338 3978 618 4057 πλήρωκε.
689 3977 834 4035 Κατὰ
886 3983 1042 4033 τοῦτο
1101 3978 1310 4055 μόσχος
1370 3988 1595 4049 νοεῖται,
1650 3975 1991 4054 ἀπειρόζυγος

341 4068 440 4143 μὲν
497 4074 592 4125 τοῦ
653 4075 817 4141 νόμου
875 4071 975 4133 τῆς
1034 4067 1314 4145 ἁμαρτίας·
1380 4067 1617 4130 σιτευτὸς
1649 4063 1728 4143 δὲ,
1773 4067 1903 4123 καθὸ
1924 4066 1994 4130 εἷς

338 4164 491 4214 τοῦτο
532 4159 595 4214 τὸ
666 4158 955 4235 μυστήριον
1001 4155 1262 4235 ἀφήριστο
1300 4156 1401 4233 πρὸ
1430 4151 1734 4221 καταϐολῆς
1765 4154 1990 4230 κόσμου,

345 4249 443 4305 Καὶ
515 4246 917 4325 περιεργότερον
974 4242 1029 4300 δὲ
1078 4245 1213 4308 ἴσως
1286 4242 1420 4309 δόξει
1489 4245 1551 4299 τὸ
1602 4242 2001 4324 ῥηθησόμενονς

339 4334 487 4411 ὅμως
546 4338 856 4413 ρηθήσεταιο
931 4336 1011 4390 ὃτι
1066 4336 1092 4390 ὀ
1144 4332 1320 4413 ἄρτος,
1382 4331 1438 4389 ὀ¹ν
1496 4332 1710 4407 κλῶμεν
1753 4333 1890 4389 κατᾶ
1938 4335 1999 4388 τὸ

2081 3161 2324 3242 gelium,
2362 3170 2534 3242 atque
2558 3159 2691 3222 aliis
2712 3160 2921 3241 prosit.
2943 3160 3259 3223 Christiani
3290 3160 3446 3222 enim
3481 3170 3569 3223 est
3592 3180 3734 3242 pro-

2080 3251 2255 3314 desse
2312 3248 2861 3331 proximt-.Vitulus
2910 3249 3206 3328 saginatus
3254 3269 3370 3311 non
3422 3251 3732 3328 ignoratur

2080 3341 2213 3422 quis
2244 3342 2338 3413 sit,
2373 3341 2474 3421 qui
2503 3339 2845 3400 immolatur
2876 3349 2933 3399 et
2961 3340 3313 3403 comeditur.
3347 3339 3489 3402 Nam
3524 3349 3614 3403 est
3636 3361 3734 3404 ve-

2078 3450 2181 3492 rus
2213 3431 2397 3492 Filius
2418 3430 2549 3511 Dei,
2579 3438 2636 3491 et
2657 3430 2739 3490 ita
2768 3430 2945 3491 homo
2968 3430 3068 3511 qui
3110 3449 3349 3491 carnem
3390 3432 3736 3512 assumpsit,

2080 3531 2289 3583 natura
2320 3519 2811 3592 irrationabilem,
2838 3530 2899 3581 et
2931 3518 3189 3593 brutam,
3222 3520 3505 3600 illamque
3536 3522 3734 3583 divino

2080 3611 2305 3673 honore
2337 3610 2621 3690 implevit:
2650 3618 2708 3670 et
2738 3610 3066 3670 secundum
3102 3611 3212 3671 hoc
3244 3611 3463 3672 vitulus
3494 3611 3731 3687 dicitur,

2082 3717 2197 3765 non
2223 3701 2379 3761 enim
2416 3710 2695 3779 expertus
2728 3700 3034 3778 estjugum
3073 3700 3219 3779 legis
3245 3701 3735 3781 peccati;sagina-

2085 3800 2175 3852 Ius
2197 3808 2359 3863 vero,
2397 3788 2685 3851 secndum
2720 3790 2874 3869 quod
2910 3790 2983 3849 ad
3027 3791 3136 3851 hoc
3174 3790 3513 3869 mysterium
3564 3791 3736 3852 ordi-

2085 3888 2253 3940 natus
2286 3888 2375 3941 est
2403 3887 2540 3942 ante
2568 3878 3053 3941 constitutionem
3092 3878 3316 3939 mundi.
3360 3879 3431 3941 Et
3473 3880 3739 3943 fortassis

2076 3969 2371 4031 curiosius
2401 3967 2699 4029 videbitur
2722 3968 2772 4028 si
2804 3968 3056 4043 dicatur,
3085 3968 3317 4030 dicetur
3337 3977 3557 4032 tamen.
3589 3971 3739 4044 Quia

2080 4060 2245 4139 panis
2275 4077 2452 4139 quem
2483 4057 3174 4137 frangimus,sccuudum
3195 4058 3251 4119 id
3279 4060 3432 4139 quod
3467 4071 3734 4140 apparet,

2080 4167 2150 4210 ex
2187 4149 2382 4210 tritico
2407 4149 2714 4209 confectus
2735 4157 2844 4224 est,
2876 4148 3198 4227 saginatus,
3225 4159 3304 4223 et,
3330 4158 3391 4209 ut
3413 4151 3602 4212 Graeci
3635 4150 3734 4211 di-

2082 4246 2244 4313 cunt,
2278 4240 2540 4309 σιτευτὸς,
2572 4237 2869 4297 frumento
2904 4244 3104 4316 pastus
3135 4238 3423 4299 dicendus
3469 4247 3579 4300 est.
3625 4243 3736 4301 Se-

2083 4327 2343 4389 cundum
2368 4327 2481 4387 hoc
2502 4334 2697 4386 autem
2712 4326 2868 4406 quod
2898 4344 3003 4405 per
3024 4328 3187 4387 illum
3206 4328 3556 4403 intelligitur
3578 4330 3734 4410 quod

337 4424 661 4503 φαινόμενον
720 4424 841 4503 μὲν,
912 4422 971 4478 ἐκ
1029 4425 1171 4480 σίτου
1232 4423 1518 4499 συνεστὼς,
1587 4424 1823 4485 σιτευτὸς
1893 4422 1995 4497 ῥη-

2084 4433 2221 4478 caro
2255 4423 2365 4496 est,
2399 4415 2617 4477 vitulus
2650 4415 2840 4479 dictus
2873 4424 2980 4476 est.
3018 4418 3091 4478 Et
3114 4417 3240 4495 ipse
3273 4424 3362 4477 est
3409 4417 3641 4489 vitulus,
3678 4425 3739 4481 ct

338 4514 478 4580 θείηο
542 4513 677 4570 κατᾶ
721 4515 784 4569 τὸ
854 4513 1139 4588 νοούμενον
1194 4509 1250 4567 δὲ
1322 4510 1446 4591 σὰρξ
1516 4512 1614 4585 ὥν,
1671 4512 1880 4590 μόσχος
1938 4509 2000 4565 ἅν

338 4602 581 4683 λεχθείη.
655 4601 759 4663 Καὶ
801 4604 828 4658 6
860 4602 1011 4668 αὐτός
1056 4600 1169 4658 ἐστι
1204 4602 1435 4681 μόσχος,
1467 4603 1555 4657 καὶ
1585 4601 1846 4664 σιτευτός,
1887 4606 1998 4664 Πᾶς

336 4692 426 4749 οὖν
486 4693 896 4768 βαπτιζόμενος,
960 4694 1048 4747 καὶ
1111 4693 1220 4755 υἱὸς
1255 4698 1386 4749 Θεοῦ
1433 4692 1730 4769 γινόμενος,
1792 4689 1996 4766 μᾶλλον

337 4779 394 4837 δὲ
449 4781 961 4857 ἆποκαθιστάμενος,
1020 4783 1108 4837 καὶ
1139 4780 1323 4847 ἁπλῶς
1366 4787 1471 4844 πᾶς
1516 4783 1544 4836 6
1574 4782 1681 4837 ἀπὸ
1736 4780 1995 4859 ἁμαρτίας

338 4872 773 4951 καθαριζόμενος,
854 4880 948 4928 τοῦ
1034 4871 1245 4951 μόσχου
1343 4871 1528 4928 τούτου
1614 4879 1706 4930 τοῦ
1759 4874 1997 4926 σιτευτοῦ

335 4973 606 5037 κοινωνεῖ,
667 4963 756 5017 καὶ
811 4962 1131 5041 εὖφροσύνης
1188 4960 1362 5027 αἴτιος
1419 4963 1508 5018 καὶ
1557 4968 1632 5035 τῷ
1692 4961 1878 5039 Πατρὶ,
1909 4960 1995 5015 καὶ

336 5061 457 5113 τοῖς
514 5047 725 5113 δούλοις
778 5052 937 5109 αὐτοῦ
983 5051 1315 5130 καθίσταται,
1390 5050 1642 5132 ἀγγέλοις
1692 5052 1779 5107 καὶ
1821 5053 1992 5129 ἱερεῦ-

334 5161 418 5196 σιν
466 5141 540 5203 ὡς
600 5140 661 5197 ἐκ
718 5140 1026 5209 νεκρώσεως
1082 5141 1377 5214 ἆναζήσας,
1454 5145 1542 5199 καὶ
1612 5140 1663 5207 ἐξ
1723 5138 1991 5201 ἀπωλείας

335 5229 577 5307 εὓρεθεὶς’
641 5228 765 5287 ὅσον
840 5231 938 5307 μὲν
991 5230 1115 5310 γᾶιρ⁴
1147 5230 1234 5287 ἐπὶ
1312 5237 1380 5309 τῇ
1409 5237 1508 5299 τῆς
1539 5233 1725 5294 κακίας
1773 5249 1991 5308 περιου-

333 5319 420 5390 σίᾳ
478 5321 660 5393 νεκρὸς
723 5323 813 5395 ἧν,
875 5320 1287 5400 ἀπεγνωσμένος
1359 5320 1585 5390 δηλαδὶγ
1643 5321 1765 5378 ὅσον
1797 5317 1851 5375 δὲ
1907 5314 1993 5374 ἐπὶ

334 5412 402 5483 τῇ
479 5408 781 5486 ἀνθρωπίνῃ
880 5411 1030 5491 φύσει
1129 5416 1197 5485 τῇ
1251 5418 1476 5491 τρεπτῇ,
1546 5412 1635 5469 καὶ
1694 5411 1755 5467 ἐκ
1806 5408 1993 5471 κακίας

2084 4504 2628 4585 saginatus.0mnis
2654 4504 2837 4583 igitur
2866 4505 2965 4585 qui
3000 4504 3415 4585 baptizatur,et
3450 4507 3603 4568 [ilius
3631 4506 3735 4568 Dei

2082 4595 2355 4675 efﬁcitur,
2390 4595 2509 4653 imo
2535 4594 2885 4667 restituitur,
2922 4594 3065 4655 etin
3104 4613 3333 4655 summa
3359 4596 3552 4655 omnis
3584 4596 3681 4676 qui
3705 4616 3736 4656 ει

2084 4694 2325 4765 peccato
2378 4692 2660 4763 purgatur
2710 4684 3005 4763 particeps
3037 4685 3096 4744 ﬁt
3128 4684 3377 4762 saginati
3425 4684 3586 4746 illius
3634 4684 3733 4745 Vi-

2083 4775 2211 4848 tuli,
2250 4781 2308 4834 et
2336 4771 2554 4833 laetitiae
2574 4782 2783 4833 auctor
2811 4772 2875 4831 ﬁt
2907 4775 3057 4833 l'atri
3091 4781 3148 4832 et
3175 4773 3359 4832 servis
3382 4774 3732 4851 ejus,ange-

2080 4864 2152 4924 lis
2180 4871 2237 4925 et
2260 4861 2693 4941 sacerdotibus,
2730 4868 3004 4941 tanquam
3037 4880 3104 4923 ex
3143 4872 3331 4923 morte
3371 4863 3733 4925 n-surrexis-

2077 4960 2252 5028 set,et
2274 4959 2403 5032 post
2425 4950 2822 5029 perditionem
2846 4951 3054 5011 fuisset
3074 4950 3535 5015 inventusNam
3556 4971 3737 5033 quau-

2080 5054 2200 5104 tum
2234 5041 2306 5103 ad
2334 5039 2571 5101 malitia
2602 5039 3026 5101 abundantiam
3060 5049 3326 5102 mortuus
3361 5041 3733 5122 erat,eldes-

2079 5141 2318 5213 peratus
2350 5149 2364 5189 :
2397 5138 2683 5209 quantum
2712 5147 2845 5190 Vero
2867 5130 2937 5190 ad
2961 5129 3274 5192 humanam
3302 5142 3735 5211 naturam,qua:

2080 5218 2370 5284 vertibilis
2394 5226 2484 5279 est
2515 5227 2571 5279 et
2594 5219 2748 5280 valet
2771 5239 2801 5279 ιι
2836 5218 3060 5280 malitia
3080 5220 3151 5280 ad
3172 5220 3440 5282 virtutem
3474 5220 3729 5299 ingredi,

2081 5310 2343 5393 perditus
2370 5306 2887 5368 diciturJ’erditus
2913 5308 3069 5368 enim
3098 5309 3731 5390 mitiusdicitur,quam

2078 5407 2368 5463 mortuus.

334 5493 596 5574 δυναμένη
630 5501 703 5561 είς
728 5487 919 5578 ἀρετὴν
952 5487 1299 5581 μεταπεσεῖν,
1334 5487 1630 5565 ἀπολωλὼς
1663 5499 1897 5578 λέγεται’
1933 5495 1960 5552 ὅ
1991 5494 2091 5573 γὰρ
2122 5487 2825 5581 ἀπολωλιῦςᾳέμξξριώτξρον,
2873 5488 2909 5555 ἢ
2937 5490 2963 5543 ὁ
2996 5491 3199 5567 νεκρός.

419 5608 452 5644 ‹
530 5594 607 5644 Ην
661 5587 715 5645 δί
766 5593 795 5646 6
848 5592 960 5655 υίὸς
1016 5595 1174 5651 αὐτοῦ
1232 5595 1260 5649 6
1305 5589 1650 5671 πρεσϐύτερος
1708 5590 1761 5647 ἐν
1810 5590 1981 5669 ἀγρῷ,

2148 5578 2331 5641 Vnus.
2367 5574 2580 5638 ‘25-32.
2616 5600 2644 5631 ι
2682 5577 2820 5638 Erat
2843 5584 3039 5640 autem
3076 5578 3233 5639 ﬁlius
3267 5580 3396 5659 ejus
3438 5579 3642 5641 senior
3675 5583 3730 5640 in

336 5678 422 5732 καὶ
481 5678 555 5741 ὡς
588 5678 881 5761 ὶρχόμενος
929 5680 1117 5762 ἤγγισε
1163 5688 1230 5761 τῇ
1261 5668 1420 5757 οἰκίᾳ,
1454 5668 1645 5748 ἤκουσε
1675 5678 1982 5760 συμφωνίας

2083 5692 2230 5753 igro,
2291 5678 2350 5733 et
2406 5685 2543 5731 cum
2575 5668 2800 5731 veniret
2832 5679 2888 5731 et
2930 5670 3726 5753 appropinquassewlomui,
