4184 6414
449 322 566 389 959

1420 330 2015 395 THEOPHYLACTI
2066 326 2475 388 BULGARI/E
2520 327 2877 390 ARCHIEP.

3730 332 3851 398 960

452 463 675 525 audivit
699 474 1050 528 concentum
1087 473 1143 527 et
1192 464 1431 538 choros,
1456 474 1513 526 et
1548 464 1768 527 vocavit
1813 483 1996 527 unum
2028 457 2105 519 de

2197 457 2277 512 καὶ
2331 464 2535 537 χορῶν,
2604 461 2692 514 καὶ
2747 459 3255 537 προσκαλεσάμενος
3341 465 3435 521 ἓνα
3489 472 3598 522 τῶν
3652 463 3853 524 παίδων

453 552 659 631 pueris
682 554 895 627 servis,
927 564 985 616 et
1018 552 1400 630 interrogavit
1424 553 1565 634 quid
1601 561 1799 615 essent
1831 553 2033 617 illa.At
2054 556 2107 617 is

456 640 603 702 dixit
633 641 716 702 illi
747 661 760 705 :
796 643 1003 705 Frater
1036 651 1169 705 tuas
1194 642 1378 718 venit,
1413 652 1471 704 et
1501 643 1722 705 occidit
1776 651 1943 724 pater
1974 651 2109 706 tuus

452 729 699 793 vitulum
740 732 903 793 illum
956 732 1311 812 saginatum,
1348 731 1504 812 quod
1552 732 1914 794 incolumem
1938 732 2105 795 illum

452 821 774 899 receperit.
812 822 1155 900 Indignatus
1188 828 1279 883 est
1306 830 1529 902 autem,
1583 840 1695 884 nec
1746 823 1979 885 volebat
2008 823 2105 885 in-

454 908 664 970 troire.
719 912 890 972 Pater
939 929 1080 990 ergo
1128 911 1290 973 illius
1321 929 1599 989 egressus
1628 911 1873 991 rogabat
1911 912 2103 974 illum.

452 998 529 1060 At
560 997 661 1059 ille
685 1000 1060 1082 respondens
1084 1000 1231 1063 dixit
1264 1000 1597 1081 patrizEcce
1621 1010 1704 1063 tot
1729 1004 1899 1064 annis
1913 1002 2106 1063 servio

454 1086 584 1159 tibi,
638 1107 749 1152 nec
791 1110 1053 1172 unquam
1088 1100 1450 1172 przeceptum
1500 1099 1661 1153 tuum
1706 1100 2109 1170 transgressus

451 1195 607 1248 sum,
642 1197 755 1241 nec
786 1199 1043 1261 unquam
1086 1180 1301 1243 dedisti
1353 1180 1500 1242 mihi
1557 1180 1793 1243 haedum
1846 1190 1909 1242 ut
1966 1200 2105 1241 cum

455 1267 662 1329 amicis
690 1270 838 1331 meis
860 1270 1111 1333 laetarer:
1140 1271 1243 1332 sed
1272 1277 1579 1352 postquam
1622 1271 1779 1332 ﬁlius
1814 1278 1946 1332 tuus
1988 1270 2110 1353 hic,

452 1356 551 1434 qui
584 1356 886 1420 devoravit
909 1359 1299 1421 substantiam
1320 1368 1477 1421 tuam
1503 1379 1639 1421 cum
1662 1358 2107 1429 meretricibus,

456 1446 637 1515 venit.
672 1448 941 1511 occidisti
973 1448 1060 1510 illi
1079 1447 1328 1510 vitulum
1362 1448 1529 1510 illum
1547 1448 1987 1529 saginatum.Al
2010 1448 2110 1509 ille

454 1532 603 1595 dixit
626 1537 717 1599 ei:
756 1538 889 1614 Fili,
923 1545 981 1600 tu
1008 1557 1250 1618 semper
1286 1558 1517 1601 mecum
1552 1557 1638 1618 es,
1674 1547 1732 1600 et
1755 1537 1956 1599 omnia
1978 1557 2109 1599 mea

458 1628 555 1683 tua
577 1632 753 1688 sunt:
788 1626 976 1688 lauari
1011 1636 1205 1688 autem
1239 1636 1296 1688 et
1326 1626 1586 1705 gaudere
1617 1625 2110 1707 oportebat,quia

457 1710 639 1775 frater
659 1723 794 1776 tuus
824 1716 921 1778 hic
954 1724 1218 1777 mortuus
1259 1724 1402 1780 erat.
1452 1734 1520 1776 ac
1553 1717 1780 1788 revixit;
1817 1724 1873 1776 et
1906 1716 2107 1795 perie-

2190 543 2418 629 δούλων,
2477 544 2790 605 ἐπυνθάνετο
2840 549 2892 604 τί
2942 547 3035 617 εἴη
3091 558 3278 609 ταῦτα’
3340 555 3368 610 6
3414 553 3471 610 δί
3499 559 3655 614 εἶπεν
3683 554 3852 629 αὐτῷ,

2191 633 2295 714 ὅτι,
2355 625 2412 693 Ὀ
2471 633 2695 715 ἀδελφός
2739 658 2832 693 σου
2870 636 3009 713 ἥκει,
3041 640 3132 696 καὶ
3160 639 3338 699 ἔθυσεν
3370 644 3398 699 6
3428 645 3606 723 πατὴρ
3635 666 3729 702 σου

2191 726 2402 805 μόσχον
2458 726 2550 781 τὸν
2614 726 2875 798 σιτευτόν,
2927 728 3010 783 δτι
3037 730 3340 807 ὑγιαίνοντα
3369 734 3527 792 αὐτὸν
3556 732 3843 796 ἀπέλαϐεν.

2190 812 2445 893 Ὠργίσθη
2518 813 2571 871 δὲ
2630 816 2717 873 καὶ
2778 820 2874 876 οῦκ
2928 815 3114 884 ἤθελεν
3145 819 3426 885 εἰσελθεῖν,
3464 813 3521 880 “Ο
3554 823 3643 880 οὗν
3673 827 3850 903 πατὴρ

2190 904 2348 961 αὐτοῦ
2418 903 2662 985 ἐξελθὼν,
2712 905 3002 984 παρεκάλει
3057 910 3235 966 αὐτόν·
3315 915 3343 968 6
3417 910 3472 968 δὲ
3551 914 3851 993 ἀποκριθεὶς

2191 994 2318 1050 εἷπε
2389 1001 2466 1069 τῷ
2522 995 2699 1074 πατρί’
2746 994 2882 1054 Ἰδοὺ
2936 1003 3165 1054 τοσαῦτα
3202 998 3295 1067 ἔτη
3339 999 3567 1059 δουλεύω
3611 1024 3715 1082 σοι,
3763 1004 3852 1060 καὶ

2191 1080 2441 1141 οὐδέποτέ
2497 1105 2589 1141 σου
2654 1083 2878 1153 ἐντολὴν
2957 1085 3235 1168 παρεῖδον,
3283 1092 3371 1147 καὶ
3428 1091 3555 1167 ἐμοὶ
3600 1080 3850 1149 οὐδέποτε

2193 1170 2393 1237 ἔδωκας
2464 1172 2663 1253 ἓροφον,
2725 1173 2816 1230 ἴνα
2876 1175 3011 1250 μετὰ
3054 1177 3160 1233 τῶν
3192 1178 3358 1257 φίλων
3402 1202 3505 1256 μου
3555 1183 3846 1261 εὐφρανθῶ·

2193 1261 2282 1318 ὅτε
2336 1261 2390 1318 δέ
2445 1264 2472 1318 6
2522 1264 2631 1327 υἱὸς
2691 1284 2785 1321 σου
2834 1266 3009 1337 οὗτος,
3044 1268 3072 1322 6
3114 1270 3438 1348 καταφαγὼν
3499 1290 3591 1330 σου
3618 1273 3709 1328 τὸν
3737 1271 3851 1347 βίον

2196 1352 2332 1425 μετὰ
2382 1359 2613 1440 πορνιῦν,
2685 1350 2873 1426 ἦλθεν,
2951 1353 3134 1419 ἒθτσας
3195 1357 3339 1431 αύτῷ
3392 1360 3482 1416 τὸν
3513 1359 3727 1440 μόσχον
3755 1362 3849 1416 τὸν

2197 1443 2453 1503 σιτευτὸν,
2519 1432 2575 1499 Ὀ
2632 1441 2684 1498 δὲ
2746 1443 2902 1499 εἶπεν
2962 1446 3125 1515 αὐτῷ’
3216 1448 3431 1521 Τέκνον,
3505 1450 3567 1505 σὺ
3623 1450 3851 1506 πάντοτε

2189 1528 2309 1604 μετ’
2371 1530 2503 1604 ἐμοῦ
2551 1531 2631 1607 εἶ,
2707 1534 2794 1587 καὶ
2864 1532 3039 1589 πάντα
3094 1535 3157 1590 τὰ
3190 1535 3296 1610 ἐμὰ
3324 1537 3390 1593 σά
3420 1540 3585 1594 ἐστιν’
3622 1536 3849 1618 εὔφραν-

2189 1623 2344 1695 θῆναι
2399 1618 2455 1676 δέ
2510 1618 2635 1695 ἔδει,
2710 1622 2798 1677 καὶ
2857 1622 3115 1702 χαρῆναι,
3150 1626 3237 1680 ὃτι
3273 1626 3301 1681 6
3330 1624 3551 1707 ἀδελφός
3580 1649 3674 1684 σου
3699 1629 3850 1690 οὗτος

2189 1711 2371 1787 νεκρὸς
2437 1711 2502 1777 ἦν
2572 1711 2658 1766 καὶ
2719 1711 2967 1792 ἀνέζησε,
3022 1714 3108 1769 καὶ
3164 1713 3461 1781 ἀπολωλὼς
3505 1716 3596 1790 ἧν,
3630 1717 3718 1773 καὶ
3757 1718 3852 1774 εὐ-

456 1810 633 1865 ratet
652 1805 922 1867 inventus
943 1805 1368 1867 est.nItIOHoc
1400 1806 1529 1867 loco
1556 1805 1812 1866 celebris
1832 1817 2108 1866 movetur

2197 1796 2339 1875 ρὲθη,
2408 1820 2431 1850 η
2496 1797 2751 1856 Ἐνταῦθα
2814 1801 2875 1856 τὸ
2934 1799 3366 1880 πολυθρύλλητον
3437 1806 3677 1880 ζήτημα.
3730 1810 3851 1868 Πῶς

455 1894 699 1971 (ιυιεειίο
734 1916 747 1954 :
784 1895 1092 1968 Quomodo
1151 1903 1430 1976 appareat
1479 1895 1634 1956 ﬁlius
1697 1894 1953 1966 invidus,
2015 1893 2110 1974 qui

456 1980 679 2063 alioqui
712 1982 854 2045 vixit
875 1993 933 2046 et
949 1985 1192 2047 servivit
1212 1984 1363 2064 patri
1390 1983 1542 2045 bene
1565 1982 1977 2062 placensZ’Quae
1997 1983 2113 2043 sol-

456 2072 948 2154 vetur,siquidem
983 2073 1325 2154 parabolam
1354 2074 1487 2155 quis
1521 2073 1902 2153 eXpenderit,
1927 2091 2110 2153 quare

454 2159 610 2223 dicta
630 2161 826 2224 fuerit.
877 2162 1134 2226 Omnino
1186 2163 1346 2225 enim
1406 2164 1546 2243 quia
1576 2161 2110 2225 obmurmurabant

456 2248 707 2313 Domino
741 2252 1310 2333 Pharisaeipnundos
1340 2261 1399 2315 et
1417 2254 1611 2332 justos
1638 2271 1701 2313 se
1735 2260 2112 2331 putantes,eo

455 2340 609 2420 quod
629 2340 960 2420 susciperet
982 2341 1327 2404 meretrices
1350 2341 2114 2422 etpublicanos.propterea

462 2428 739 2508 parabola
770 2431 879 2491 ista
911 2450 1044 2492 cum
1077 2430 1171 2492 his
1198 2449 1328 2511 quae
1357 2437 1499 2493 ante
1550 2448 1676 2491 eam
1726 2430 1899 2491 dicta:
1949 2437 2107 2509 sunt,

460 2519 849 2597 proponitur:
884 2519 1364 2601 quandoquidem
1409 2520 1585 2597 igitur
1634 2519 1793 2580 dicta
1841 2519 1936 2599 sit,
1970 2520 2110 2596 quia

462 2607 741 2670 Pharisaei
764 2609 867 2689 qui
889 2610 1370 2688 erant,justiores
1390 2608 1813 2689 publicanis,ut
1831 2607 2108 2670 videban-

461 2705 577 2763 tur.
609 2697 1175 2760 obmurmurabant:
1206 2698 1521 2761 considera
1542 2697 1697 2778 quod
1734 2716 1985 2776 persona
2003 2699 2109 2760 ﬁlii
2142 2700 2145 2703 ’

462 2786 563 2867 qui
594 2785 904 2848 videbatur
927 2786 1381 2849 obmurmurare
1402 2787 1655 2848 sumitur
1670 2794 1876 2847 contra
1901 2805 2111 2848 omnes

461 2877 557 2956 qui
587 2876 1060 2938 scandalizantur
1082 2877 1143 2938 in
1174 2878 1484 2957 repentina
1513 2876 1794 2938 felicitate
1833 2884 1890 2937 et
1919 2877 2108 2938 salute

464 2969 984 3043 peccatorumzhoc
1013 2974 1207 3028 autem
1232 2986 1347 3027 non
1382 2965 1856 3039 estinvidize,sed
1884 2984 2113 3044 magna;

2196 1887 2223 1942 6
2280 1887 2389 1950 υἱὸς
2446 1888 2683 1964 φαίνεται
2756 1890 3006 1967 φθονερὸς
3066 1892 3093 1947 6
3138 1890 3430 1969 εὐαρέστως
3460 1894 3627 1963 ζήσας
3655 1891 3848 1963 τᾶλλα,

2195 1978 2280 2030 καὶ
2350 1971 2699 2040 δεδουλευκὼς
2771 1984 2846 2051 τῷ
2902 1980 3113 2055 πατρί,
3173 1971 3258 2037 ’¹Ο
3288 1979 3595 2058 λυθήσεται,
3630 1982 3750 2061 εἴγε
3768 2004 3850 2046 τις

2192 2064 2290 2119 τὴν
2346 2062 2657 2143 παραϐολὴν
2716 2064 3116 2148 ἁναλογίσαιτο,
3176 2067 3261 2125 διὰ
3302 2072 3351 2126 τί
3398 2070 3604 2149 ἐρῤἑθη*
3639 2074 3852 2136 πάντως

2201 2154 2297 2230 γὰρ
2363 2152 2493 2211 διότι
2551 2154 2837 2234 ἐγόγγυζον
2922 2158 2969 2214 οἱ
3048 2160 3289 2236 καθαροὶ,
3377 2162 3465 2217 καὶ
3533 2161 3853 2227 δικαιοῦντες

2199 2243 2413 2309 ἑαυτοὺς
2489 2251 2777 2323 Φαρισαῖοι
2860 2245 2946 2303 ἐπὶ
3023 2249 3101 2322 τῷ
3188 2250 3362 2327 Κυρίῳ
3442 2250 3855 2332 προσδεχομένῳ

2196 2332 2395 2411 πόρνας
2449 2335 2535 2390 καὶ
2588 2332 2847 2415 τελώνας,
2932 2334 3016 2391 διὰ
3072 2336 3226 2394 τοῦτο
3284 2339 3315 2404 ἡ
3377 2338 3660 2417 παραϐολὴ
3717 2340 3851 2407 αὕτη

2198 2423 2332 2497 μετὰ
2372 2429 2479 2479 τῶν
2534 2425 2636 2502 πρὸ
2694 2424 2856 2493 αὐτῆς
2918 2425 3153 2503 εἴρηται·
3218 2425 3336 2484 ἐπεὶ
3379 2431 3467 2485 οὗν
3513 2428 3646 2487 διότι
3689 2428 3854 2508 ἐγόγ-

2192 2518 2347 2587 γυζον
2410 2515 2455 2568 οἱ
2512 2520 2829 2593 Φαρισαῖοι,
2885 2510 3075 2570 δίκαιοι
3104 2517 3255 2579 ὃντες
3280 2517 3411 2595 ὕπερ
3444 2518 3562 2583 τοὺς
3595 2518 3854 2591 τελώνας,

2190 2602 2263 2664 ὡς
2335 2598 2572 2674 ἐδόκουν,
2646 2601 2886 2680 εἴρηται·
2962 2603 3151 2659 σκόπει
3210 2603 3292 2659 ὅτι
3336 2606 3397 2659 τὸ
3445 2604 3732 2683 πρόσωπον
3761 2614 3857 2665 τοῦ

2192 2688 2467 2755 δοκοῦντος
2537 2691 2815 2769 γογγύζειν
2893 2694 3003 2748 υἱοῦ
3088 2690 3415 2768 λαμϐάνεται
3499 2697 3572 2759 εἱς
3651 2697 3855 2761 πάντας

2192 2780 2311 2844 τοὺς
2364 2778 2870 2855 σκανδαλιζομένους
2922 2781 3008 2837 ἐπὶ
3057 2787 3127 2858 τῇ
3209 2781 3369 2858 ἀθρόᾳ
3426 2782 3706 2863 εὐπραγίᾳ,
3764 2787 3857 2841 καὶ

2194 2869 2430 2949 σωτηρίᾳ
2484 2870 2590 2927 τῶν
2657 2869 3015 2948 ἁμαρτωλῶν
3077 2877 3233 2928 τοῦτο
3288 2869 3343 2928 δὲ
3374 2874 3469 2930 οὐκ
3498 2873 3609 2931 ἔστι
3637 2874 3849 2954 φθόνος,

2195 2958 2315 3015 ἀλλ’
2373 2958 2662 3039 ὑπέρχυσις
2720 2960 2817 3028 τῆς
2874 2959 3265 3041 φίλανθρωπίας
3323 2965 3419 3020 τοῦ
3465 2971 3596 3021 Θεοῦ
3624 2964 3854 3043 ἀγνοου-

464 3053 843 3133 benignitatis
872 3055 1110 3131 divinae,
1138 3075 1311 3136 quam
1345 3075 1453 3117 nos
1484 3055 1852 3132 ignoramus,
1887 3064 1942 3117 et
1968 3073 2109 3134 pro-

2198 3050 2335 3125 μένη
2388 3051 2550 3127 ἡμῖν,
2610 3071 2698 3105 και
2742 3047 2828 3106 διὰ
2885 3052 3039 3108 τοῦτο
3102 3052 3352 3107 τίκτουσα
3404 3053 3493 3109 τὸν
3522 3051 3849 3132 γογγυσμόν⁶

465 3153 668 3225 pterea
701 3146 853 3225 parit
893 3145 1445 3207 murmurationem.
1488 3147 1701 3207 Annon
1732 3154 1787 3206 et
1811 3143 1990 3206 David
2016 3144 2113 3206 in-

2199 3139 2298 3217 ἆρα
2354 3140 2454 3217 γὰρ
2513 3141 2541 3195 6
2598 3137 2765 3195 Δαυΐδ
2822 3140 2916 3196 οὐκ
2973 3139 3173 3219 εἰσάγει
3232 3140 3516 3220 πρόσωπον
3565 3139 3856 3200 σκανδαλι-

461 3234 625 3294 ducit
675 3251 989 3311 personam
1042 3253 1175 3315 quae
1223 3233 1625 3295 oﬁ‘enditurin
1658 3252 1802 3313 pace
1833 3242 2112 3315 peccato-

460 3322 627 3388 rum?
650 3333 706 3384 et
735 3323 1015 3386 similiter
1041 3322 1557 3396 Jeremias,«Quid
1593 3323 1748 3403 quod
1784 3324 1874 3383 via
1905 3322 2117 3401 impio-

463 3431 593 3473 rum
629 3414 1332 3491 prosperalur,dicens,et
1360 3413 1630 3492 plantasti
1649 3431 1770 3483 eos,
1801 3421 1856 3474 et
1881 3411 2115 3473 radices

463 3504 823 3582 egerunt“)?
857 3528 883 3558 ι»
921 3502 1057 3564 Hzec
1081 3502 1236 3563 enim
1266 3502 1466 3562 omnia
1488 3510 1627 3561 sunt
1659 3502 2029 3563 inﬁrmarum
2056 3510 2115 3562 et

466 3612 792 3672 pauperum
826 3590 1250 3670 cogitationum
1285 3590 2113 3670 bominum,quiacccendun-

462 3690 644 3750 tur.et
676 3682 997 3763 loquuntur
1023 3681 1081 3741 iu
1100 3680 1491 3760 prosperitate
1521 3681 1809 3741 malorum
1842 3680 2109 3755 indigna.

466 3772 618 3835 Dicit
674 3770 852 3851 igitur
883 3789 989 3851 per
1019 3778 1371 3850 praesentem
1432 3768 1769 3848 parabolam
1823 3769 2113 3832 Dominus

467 3860 774 3921 Pbariszeis
805 3860 967 3940 quasi
993 3859 1052 3919 in
1085 3860 1242 3919 hunc
1264 3857 1810 3932 inoduszsto,vos
1821 3858 1968 3937 justi
1991 3858 2117 3919 sitis

462 3949 619 4012 sicut
654 3949 809 4010 ﬁlius
841 3949 939 4010 ille
963 3956 1018 4011 et
1042 3947 1483 4028 beneplaceatis
1506 3949 1691 4012 Patri:
1729 3948 1983 4010 obsecro
2018 3966 2118 4009 vos

456 4040 651 4117 justos
692 4048 750 4100 et
795 4039 1069 4113 mundos,
1104 4058 1179 4100 ne
1228 4036 1697 4100 obmnrmurelis
1727 4039 1802 4099 ob
1852 4039 2114 4100 laetitiam

465 4146 640 4209 quam
671 4128 959 4190 habemus
991 4137 1231 4207 propter
1254 4128 1583 4208 peccatoris
1610 4128 1885 4208 salutem,
1920 4128 2112 4208 siqui;-

464 4218 599 4279 dem
636 4218 730 4279 hic
760 4237 995 4298 quoque
1018 4218 1174 4279 ﬁlius
1209 4216 1530 4297 est.Itaque
1556 4236 1671 4279 non
1696 4226 1943 4298 apparet
1974 4217 2117 4277 invi-

2196 3228 2421 3304 ζομὲνου
2465 3228 2551 3285 ἐπὶ
2582 3234 2651 3305 τῇ
2714 3230 2896 3306 εἱρήνῃ
2928 3236 3033 3287 τῶν
3077 3228 3409 3308 ἁμαρτωλῶν
3443 3251 3460 3307 ;
3492 3232 3583 3288 καὶ
3625 3234 3653 3287 6
3686 3229 3855 3309 Ἰερε-

2198 3319 2322 3395 μίας
2354 3318 2576 3394 ὁμοίως,
2616 3338 2639 3373 ε
2691 3319 2752 3377 Τί
2781 3319 2860 3375 δτι
2888 3317 3007 3382 ὁδός
3038 3316 3242 3376 ἆσεϐὡν
3273 3320 3596 3396 εὐθηνετται,
3656 3319 3859 3400 λέγων,

2196 3410 2284 3466 καὶ
2369 3408 2653 3486 ἐφύτευσας
2705 3407 2917 3483 αὐτοὺς,
2998 3410 3088 3465 καὶ
3150 3407 3549 3488 ἐριζοϐόλησανο
3607 3433 3632 3468 ι
3685 3411 3861 3468 Ταῦτα

2197 3500 2297 3579 γὰρ
2352 3500 2524 3556 πάντα
2580 3498 2679 3566 τῆς
2743 3498 2987 3563 ἀσθενους
3045 3500 3133 3555 καὶ
3203 3500 3434 3579 πτωγῖκ
3492 3498 3721 3562 διανοίας
3750 3501 3849 3555 είσὶ

2195 3595 2302 3644 τῶν
2367 3589 2659 3668 ἀνθρώπων
2714 3587 3158 3667 ἐμπυριζομένης,
3220 3591 3309 3645 καὶ
3366 3587 3710 3661 δισταζούσης
3766 3584 3859 3644 ἐπὶ

2197 3684 2265 3754 τῇ
2332 3675 2538 3753 ἀναξία,
2600 3675 2754 3744 δῆθεν
2838 3677 3095 3756 εὐπραγίᾳ
3178 3683 3305 3756 τῶν-
3360 3679 3634 3756 πονηρῶν.
3701 3674 3858 3753 Λέγει

2197 3748 2368 3827 τοίνυν
2450 3748 2535 3822 διὰ
2585 3766 2682 3834 τῆς
2717 3748 2991 3845 παρούσης
3019 3748 3332 3844 παραϐολῆς
3363 3768 3391 3822 6
3438 3748 3623 3845 Κύριος
3656 3748 3859 3842 μονον-

2200 3858 2326 3936 ουχὶ
2394 3863 2611 3913 τοιαῦτα
2668 3868 2786 3918 τοῖς
2848 3854 3182 3930 Φαρισαίοις⁶
3221 3852 3437 3933 "Enni,
3481 3856 3639 3931 ὑμεῖς
3669 3852 3859 3911 δίκαιοι

2197 3946 2333 4002 κατὰ
2380 3947 2469 4001 τὸν
2546 3946 2656 4000 υἱὸν
2716 3944 2946 4019 ἐκεῖνον,
3007 3945 3095 4000 καὶ
3169 3944 3436 4023 εὐάρεστοι
3509 3949 3587 4017 τῷ
3672 3944 3859 4021 Πατρὶ,

2198 4034 2491 4113 παρακαλῶ
2569 4035 2704 4108 ὑμᾶς
2776 4033 2898 4096 τοὺς
2963 4032 3193 4097 δικαίους
3252 4034 3340 4089 καὶ
3422 4033 3706 4112 καθαροὺς,
3783 4031 3863 4107 μὴ

2198 4125 2473 4203 γογγύζειν
2524 4124 2610 4179 ἐπὶ
2665 4123 2735 4192 τῆ
2794 4122 3107 4202 εὐφροσύνῃ,
3167 4120 3233 4189 ἦν
3281 4123 3569 4198 ποιούμεθα)
3622 4119 3706 4180 διὰ
3758 4120 3859 4188 τὴν

2201 4216 2292 4270 τοῦ
2361 4210 2678 4289 ἁμαρτωλοῦ
2734 4213 3022 4291 σωτηρίαν’
3100 4216 3187 4269 καὶ
3257 4213 3357 4291 γὰρ
3412 4214 3501 4269 καὶ
3541 4214 3691 4275 οὗτος
3720 4212 3831 4274 υἱὸς

466 4306 695 4379 dia,sed
754 4306 1037 4367 Dominus
1101 4306 1537 4369 Pharisaeorum
1587 4314 1847 4370 mentem
1880 4306 2114 4368 instruit

2203 4305 2275 4361 Οὔ
2335 4301 2505 4359 τοίνυν
2578 4302 2766 4381 φθόνος
2824 4301 3061 4359 ἐντεῦθεν
3090 4302 3425 4383 ἐμφαίνεται,
3460 4300 3598 4357 ἀλλά
3626 4301 3724 4367 τὴν
3753 4305 3862 4357 τῶν

468 4414 573 4476 per
599 4395 933 4476 parabolam
960 4396 1211 4469 illam,ut
1244 4394 1476 4456 etiamsi
1501 4395 1644 4472 justi
1678 4395 1793 4475 ipsi
1828 4403 2114 4466 essent,et

2201 4391 2504 4471 Φαρισαίων
2555 4391 2781 4469 γνώμην
2864 4388 3099 4448 παιδεύει
3158 4394 3186 4448 6
3262 4391 3449 4470 Κὺριος
3506 4388 3591 4446 διὰ
3619 4391 3719 4456 τῆς
3750 4410 3862 4447 πα·-

467 4485 669 4546 omnia
687 4484 961 4546 mandata
985 4484 1087 4545 Dei
1106 4484 1806 4565 perfecissent,gravatim
1825 4483 1979 4545 ferre
2003 4502 2114 4543 non

2203 4480 2437 4561 ραϐολῆς
2493 4481 2715 4561 ταύτης,
2774 4480 2911 4537 ὥστε
2967 4482 3010 4537 εἰ
3052 4482 3138 4537 καὶ
3169 4479 3358 4538 δίκαιοι
3428 4479 3542 4536 clas
3572 4479 3742 4552 αὐτοὶ,
3774 4480 3865 4534 καὶ

465 4575 759 4636 deberent
776 4574 999 4654 suscipi
1024 4564 1523 4655 peCcatores.Nec
1548 4574 1763 4635 mirum
1792 4576 1942 4634 estsi
1967 4590 2114 4649 ξρετε

2203 4578 2376 4628 πᾶσαν
2435 4568 2658 4637 ἐντολὴν
2714 4576 2808 4627 τοῦ
2879 4568 3012 4627 Θεοῦ
3056 4568 3497 4650 πεπληρωκότες,
3546 4567 3626 4643 μὴ
3656 4564 3860 4647 δυσχε-

464 4666 724 4726 feramus
743 4682 924 4743 super
940 4664 1034 4724 his
1055 4682 1189 4743 qua;
1210 4662 1453 4742 indigne
1475 4663 1751 4725 videntur
1775 4661 2114 4723 ﬁeri.Tanta

2204 4661 2394 4740 ραίνειν
2487 4660 2573 4716 ἐπι
2649 4660 2717 4735 τῇ
2798 4657 3085 4739 παραδοχῆ
3146 4662 3250 4715 τῶν
3329 4655 3689 4733 αμαρτωλῶν.
3747 4656 3867 4743 ,Καὶ

469 4755 629 4815 enim
664 4752 769 4814 Dei
800 4762 887 4814 est
906 4753 1333 4833 benignitas,et
1347 4764 1460 4814 tam
1487 4752 1811 4815 liberaliter
1841 4771 1946 4814 sua
1970 4751 2125 4813 bona

466 4843 637 4905 nobis
666 4842 1159 4922 communicat,ut
1180 4851 1238 4904 et
1260 4841 1588 4920 indignatio
1621 4851 1679 4903 et
1709 4842 2121 4902 obmurmura-

467 4933 545 4993 tio
579 4932 720 4993 inde
752 4932 912 4992 nasci
952 4932 1239 5012 possetzid
1263 4932 1419 5012 quod
1446 4932 1504 4992 in
1524 4931 1798 4993 familiari
1828 4930 2127 5010 colloquio

466 5022 920 5102 dicimus.S:.epe
939 5041 1073 5083 cum
1099 5021 1412 5083 beneﬁciis
1436 5020 1777 5102 quempiam
1795 5020 2126 5096 aﬁ'ecimus,

466 5112 756 5173 etdeinde
771 5111 989 5190 gratias
1009 5130 1126 5173 non
1150 5110 2131 5191 egerit,dicimus:Reprelienduut

469 5221 561 5261 me
592 5222 801 5263 omnes
825 5201 983 5282 quod
1026 5210 1187 5263 tanta
1216 5206 1274 5261 in
1310 5209 1366 5261 te
1398 5201 1688 5262 beneﬁcia
1718 5200 2071 5262 contulerim
2112 5221 2124 5259 :

466 5292 737 5369 quamvis
789 5294 945 5355 forte
980 5309 1156 5354 nemo
1191 5311 1299 5351 nos
1348 5290 1811 5369 reprehenderit
1866 5300 2125 5351 attamen

474 5380 941 5457 magnitudinem
972 5380 1384 5442 beneﬁcentia;
1413 5380 1731 5441 ostendere
1752 5379 2127 5460 volentes,ita

469 5468 1105 5544 fingimusNideamus
1121 5475 1323 5533 autem
1351 5477 1408 5531 et
1432 5468 1829 5550 particulatim
1857 5478 1915 5530 et
1938 5469 2125 5531 brevi-

545 5636 609 5687 79
642 5637 875 5704 lenem.
912 5654 1018 5716 xu,
1054 5641 1115 5702 2.

2208 4748 2353 4809 οὐδὲν
2408 4749 2709 4823 θαυμαστὸν
2766 4749 2810 4803 εἰ
2877 4746 3287 4827 δυσχεραίνομεν
3334 4747 3420 4803 ἐπὶ
3474 4758 3593 4810 τοῖς
3641 4741 3865 4809 ἀναξίως

2209 4838 2415 4898 δοκοῦσι
2474 4839 2725 4916 γίνεσθαι,
2798 4838 3030 4905 τοσαύτη
3086 4838 3185 4916 γὰρ
3284 4836 3425 4892 ἐστιν
3494 4838 3529 4903 ἡ
3584 4841 3676 4892 τοῦ
3734 4840 3869 4890 Θεοῦ

2211 4927 2591 5009 φιλανθρωπία,
2668 4927 2757 4983 καὶ
2812 4926 2982 4991 οὕτως
3038 4926 3279 5006 ἀφθόνως
3325 4920 3679 5001 μεταδὶδωσιν
3728 4924 3866 4998 ἡμῖν

2212 5026 2318 5076 τῶν
2390 5018 2595 5075 οἰκείων
2648 5016 2883 5094 ἀγαθῶν,
2944 5015 3083 5072 ὥστε
3126 5017 3213 5071 καὶ
3255 5015 3561 5093 γογγυσμὸν
3599 5013 3870 5069 τίκτεσθαι

2212 5110 2444 5165 ἐντεῦθεν
2495 5103 2761 5162 δύνασθαι⁶
2822 5103 2953 5183 ὅπερ
3024 5107 3110 5161 καὶ
3161 5103 3215 5160 ἐν
3264 5105 3332 5180 τῇ
3417 5102 3628 5172 συνήθει
3688 5098 3872 5177 ὁμιλίᾳ

2212 5197 2461 5276 λέγομεν,
2523 5193 2783 5259 Πολλάκις
2860 5196 2960 5272 γὰρ
3057 5190 3495 5274 εὐεργετήσαντες
3542 5212 3683 5263 τινα,
3742 5189 3868 5245 εἶτα

2212 5285 2661 5366 ἀχαριστηθείντες
2709 5280 2835 5362 παρ’
2908 5282 3066 5340 αὐτοῦ
3128 5282 3376 5361 λέγομεν,
3422 5280 3503 5337 ὅτι
3560 5278 3870 5358 Μέμφονταί

2213 5401 2307 5453 μοι
2380 5376 2599 5449 πάντες,
2656 5373 2739 5430 ὅτι
2796 5394 2855 5429 σε
2928 5373 3265 5453 εὐηργέτησα
3307 5379 3556 5430 τοσαῦτα’
3594 5368 3764 5427 καίτοι
3809 5388 3872 5445 γε

2212 5467 2350 5531 ’ίσως
2409 5465 2504 5525 οὒκ
2560 5462 2843 5541 ἐμέμψατό
2893 5484 2971 5526 τις
2992 5467 3153 5539 ἡμῖν,
3186 5460 3322 5520 ἁλλά
3353 5459 3501 5539 ὅμως
3528 5458 3623 5528 τῆς
3654 5456 3872 5536 εὐεργε-
