4184 6410
486 336 608 409 963

1455 340 2053 413 THEOPHYLACTI
2102 338 2516 407 BULGARI/E
2559 338 2919 407 ARCHIEP.

3768 338 3883 405 964

476 478 680 547 Μηδεὶς
710 492 800 539 οὖν
829 482 913 538 ἐπὶ
940 495 1061 546 τοῖς
1088 489 1177 539 τοῦ
1209 490 1340 539 Θεοῦ
1374 486 1590 557 κρίμασι
1619 482 2031 562 δυσχεραινέτω⁹
2061 477 2180 536 ἀλλ’
2207 480 2482 559 ἀνεχέσθω
2502 483 2921 560 εὖπραγούντων,
2955 485 3043 538 καὶ
3074 482 3392 556 σωζομένων
3414 483 3524 539 τῶν
3555 481 3885 561 ἁμαρτωλῶν

475 564 796 627 δοκούντων.
851 571 907 624 Γί
950 571 1048 648 γαρ
1082 569 1265 642 οἴδακ,
1298 574 1341 627 εἰ
1373 572 1463 627 ἕνα
1497 574 1558 628 σὺ
1590 574 1820 646 νομίζεις
1860 569 2201 648 ἁμαρτωλὸν,
2264 576 2413 635 οὗτος
2466 571 2782 645 μετενόησε,
2838 573 2925 627 καὶ
2954 568 3036 628 διὰ
3066 580 3220 630 τοῦτο
3249 570 3584 652 προσεδέχθη
3619 592 3635 643 ;
3670 572 3729 627 Τί
3755 569 3810 627 δὲ
3840 566 3883 627 εἶ

477 659 717 735 κρυπτὰς
751 657 942 736 ἀρετὰς
977 658 1129 739 ἔχει,
1167 662 1252 716 καὶ
1285 658 1369 715 διὰ
1398 661 1592 724 ταύτας
1623 662 1763 738 παρὰ
1795 668 1888 717 τοὺ
1933 669 2063 719 Θεοῦ
2093 658 2323 732 εὐμενῶς
2358 661 2540 738 ὁρᾶται
2578 679 2593 739 ;

1010 765 1151 824 412
1185 763 1427 828 CAPUT
1456 764 1615 828 XVI.

2164 777 2200 823 A
2845 776 3094 827 ΚΕΦΑΛ.
3141 759 3268 842 ις’.

473 852 1002 940 Dedispensamre
1030 858 1471 940 injustaQuod
1505 877 1581 921 ne
1611 878 1766 939 apere
1791 861 2032 940 quidem
2059 862 2110 922 dt

2216 857 2338 934 Περὶ
2398 866 2493 917 τοῦ
2589 857 2870 932 οἰκονόμου
2939 858 3037 925 τῆς
3097 856 3325 940 ἀδικίας,
3403 859 3524 940 Περὶ
3591 866 3682 915 τοῦ
3739 857 3874 933 μηδέ

551 935 686 1013 lege
714 935 1169 1015 praetereundus
1196 940 1297 1002 sit.
1327 940 1408 1001 De
1434 956 1557 1001 non
1587 935 1960 1005 dimittenda
1982 958 2127 1003 urna

550 1033 634 1078 re.
670 1014 753 1076 De
786 1019 1031 1081 Lazare
1060 1026 1118 1082 et
1139 1020 1329 1082 divite
1360 1024 1623 1100 epulone

553 1200 738 1263 Vens.
772 1200 909 1263 1-9.
970 1226 995 1255 ιι
1031 1200 1277 1267 Dicebat
1322 1211 1521 1267 autem
1573 1211 1631 1263 et
1677 1202 1751 1264 ad
1806 1204 2135 1284 discipulos

477 1306 618 1348 suos
652 1305 666 1350 :
702 1286 893 1350 Homo
924 1290 1162 1368 quidam
1199 1301 1324 1353 erat
1352 1291 1542 1367 dives,
1583 1292 1686 1372 qui
1717 1292 1973 1353 habebat
2003 1294 2129 1354 dis-

467 1386 836 1458 penatorem,
869 1388 929 1441 et
958 1380 1055 1441 hic
1085 1379 1314 1443 delatus
1374 1390 1463 1442 est
1516 1382 1673 1463 apud
1718 1383 1887 1444 illum
1938 1392 2002 1444 ut
2030 1380 2129 1465 qui

467 1467 786 1546 dissiparet
817 1467 972 1530 bona
1002 1470 1191 1550 ipsius
1226 1494 1237 1530 :
1276 1482 1332 1531 et
1354 1472 1580 1532 vocavit
1613 1472 1873 1546 illum,et
1906 1473 1990 1534 ait
2021 1474 2128 1542 illi:

467 1554 616 1627 Quid
650 1557 761 1617 hoc
794 1557 968 1619 audio
1001 1560 1076 1620 de
1108 1561 1210 1620 te?
1240 1560 1426 1620 redde
1477 1560 1773 1621 rationem
1811 1561 2131 1640 dispensa-

465 1645 647 1705 tionis
678 1654 789 1706 tuae
822 1665 834 1709 :
877 1666 991 1708 non
1026 1649 1182 1709 enim
1227 1650 1446 1727 poteris
1478 1650 1723 1729 posthac
1750 1650 2126 1729 dispensare.

462 1734 558 1794 Ait
590 1743 784 1794 autem
810 1734 1189 1815 dispensator
1215 1738 1372 1798 intra
1403 1756 1468 1798 se
1504 1756 1517 1800 :
1555 1737 1704 1809 Quid
1751 1738 1956 1800 faciam
1990 1742 2129 1820 quia

460 1822 737 1884 dominus
762 1843 927 1885 meus
953 1826 1143 1886 aufert
1165 1845 1197 1886 a
1223 1846 1315 1887 me
1333 1828 1878 1907 diSpensationem?
1895 1830 2126 1892 Fodere

458 1928 578 1971 non
612 1912 1152 1977 Valeomendicare
1184 1915 1474 1977 erubesco
1506 1935 1519 1979 :
1558 1918 1683 1979 scio
1716 1918 1861 1998 quid
1885 1918 2122 1994 faciam,

459 2007 683 2061 utcum
732 2011 965 2065 amotus
1018 2004 1183 2065 fuero
1234 2023 1267 2064 a
1300 2006 1769 2084 dispensatione,
1829 2007 2130 2089 recipiant

2297 940 2508 1015 κεραίαν
2565 940 2671 995 ἀπὸ
2725 945 2815 994 τοῦ
2877 940 3042 1014 νόμου
3103 938 3389 1017 παρελθεῖν
3449 938 3532 1001 ἂν,
3610 940 3736 1015 Περὶ
3782 946 3877 996 τοῦ

2296 1020 2375 1093 μὴ
2420 1017 2672 1075 ἀπολύειν
2730 1020 2831 1085 τὴν
2901 1032 3152 1095 γυναῖκα,
3192 1025 3315 1095 Περὶ
3345 1028 3438 1077 τοῦ
3502 1018 3757 1075 πλουσίου
3786 1022 3874 1075 καὶ

2293 1100 2388 1155 τοῦ
2417 1100 2679 1179 Λαζάρου.

2302 1210 2329 1242 α
2366 1177 2575 1266 ’Ἔλεγε
2613 1187 2667 1244 δὲ
2696 1191 2784 1246 καὶ
2825 1190 2957 1269 πρὸς
2980 1190 3100 1252 τοὺς
3133 1189 3376 1263 μαθητὰς
3409 1190 3586 1246 αὐτοῦ·
3626 1177 3875 1266 ’Ἀνθρω-

2214 1277 2315 1340 πός
2380 1300 2459 1341 τις
2518 1279 2584 1346 ἦν
2614 1277 2891 1358 πλούσιος,
2936 1277 2995 1343 ὅς
3027 1279 3187 1357 εἶχεν
3238 1280 3545 1357 οἰκονόμον,
3581 1279 3669 1334 καὶ
3721 1279 3872 1340 οὗτος

2215 1364 2468 1438 διεϐλήθη
2541 1371 2704 1448 αὐτῷ,
2779 1370 2852 1432 ὡς
2936 1365 3315 1445 διασκορπίζων
3412 1369 3479 1423 τὰ
3563 1366 3873 1445 ὑπάρχοντα

2221 1459 2400 1519 αὐτοῦ.
2465 1459 2561 1515 Καὶ
2614 1460 2865 1539 φωνήσας
2939 1458 3117 1532 αὐτὸν,
3173 1458 3329 1513 εἶπεν
3387 1456 3552 1531 αὐτῷ’
3603 1458 3662 1514 Τί
3718 1464 3873 1513 τοῦτο

2217 1545 2396 1603 ἀκούω
2481 1549 2599 1625 περί
2655 1547 2749 1604 eo;
2782 1571 2799 1620 ;
2835 1544 3061 1609 Ἀπόδος
3089 1548 3180 1603 τὸν
3212 1544 3371 1625 λόγον
3414 1551 3515 1613 τῆς
3567 1547 3870 1621 οἰκονομίας

2215 1656 2330 1709 σου,
2391 1637 2450 1691 οὗ
2505 1637 2605 1714 γὰρ
2635 1633 2838 1713 δυνήσῃ
2868 1635 2943 1693 ἔτι
2977 1637 3301 1710 οἰκονομεῖν,
3338 1636 3478 1692 Εἶπε
3511 1633 3565 1690 δὲ
3615 1634 3667 1693 ἐν
3699 1635 3869 1710 ἑαυτῷ

2211 1725 2239 1778 ὁ
2295 1725 2597 1800 οἰκονόμος⁶
2660 1726 2720 1784 Τί
2774 1728 3009 1800 ποιήσω,
3083 1723 3163 1781 ὅτι
3237 1727 3265 1780 6
3321 1723 3499 1804 κύριος
3544 1746 3647 1800 μου
3700 1725 3864 1803 ἀφαι-

2211 1826 2381 1889 ρεῖται
2412 1814 2509 1882 τὴν
2554 1816 2857 1891 οἰκονομίαν
2887 1813 2982 1871 ἀπ’
3014 1815 3145 1890 ἐμοῦ
3188 1835 3205 1888 ;
3241 1815 3506 1872 Σκάπτειν
3537 1815 3632 1871 οὐκ
3667 1815 3863 1893 ἰσχύω,

2211 1901 2452 1960 ἐπαιτεῖν
2517 1905 2859 1985 αἰσχύνομαι·
2912 1904 3080 1983 ἔγνων
3121 1905 3174 1960 τί
3202 1906 3438 1979 ποιήσω,
3489 1905 3580 1959 ’ἱνα
3610 1904 3735 1959 ὃταν
3761 1924 3865 1979 με-

2212 1996 2456 2049 τασταθῶ
2523 1997 2622 2062 τῆς
2669 1995 2994 2069 οἰκονομίας,
3028 1992 3275 2058 δέξωνταί
3304 2015 3371 2068 με
3402 1994 3474 2057 εἰς
3518 1993 3638 2058 τούς
3686 1992 3865 2049 οἴκους

459 2106 553 2149 me
576 2090 634 2149 in
665 2091 882 2151 domos
912 2110 1069 2153 suas.
1103 2080 1450 2155 Convocatis
1494 2096 1693 2176 itaque
1727 2080 1982 2174 singulis
2013 2098 2110 2160 de-

2213 2085 2406 2144 αὒτῶν.
2478 2080 2582 2143 Καὶ
2639 2083 3144 2162 προσκαλεσάμενος
3173 2082 3264 2139 ἕνα
3313 2081 3536 2139 ἕκαστον
3565 2088 3673 2141 τῶν
3699 2103 3865 2161 χρεο-

458 2176 751 2240 bitoribus
783 2179 1011 2242 domini
1033 2180 1150 2255 sui,
1178 2182 1417 2244 dicebat
1447 2184 1659 2262 primo:
1697 2184 1992 2257 Quantum
2024 2187 2123 2248 de-

456 2264 564 2327 bes
611 2267 854 2329 domino
916 2269 1076 2332 meo?
1108 2273 1181 2332 At
1239 2272 1341 2332 ille
1401 2272 1599 2334 dixit:
1639 2273 1890 2335 Centum
1953 2275 2122 2336 batos

455 2354 594 2415 olei.
660 2355 934 2437 Dixitque
994 2359 1126 2420 illi:
1179 2360 1403 2440 Accipe
1452 2362 1788 2422 cautionem
1845 2373 2026 2437 tuam,
2064 2368 2119 2425 et

456 2442 599 2503 sede
632 2445 773 2517 cito,
808 2455 864 2506 et
894 2447 1091 2509 scribe
1151 2449 1603 2528 quinquaginta.
1664 2449 1889 2511 Deinde
1947 2453 2116 2515 alteri

456 2531 643 2593 dixit:
682 2532 772 2594 Tu
823 2553 961 2597 vero
1002 2555 1292 2616 quanlum
1326 2538 1545 2599 debes?
1590 2538 1700 2611 Qui
1731 2540 1835 2603 ait.
1864 2543 2117 2604 Centum

457 2638 631 2682 coros
666 2621 868 2687 tritici.
894 2624 993 2684 Ait
1027 2625 1109 2685 illi
1146 2646 1159 2684 :
1193 2626 1416 2706 Accipe
1461 2628 1795 2688 cautionem
1838 2638 2021 2700 tuam,
2057 2638 2115 2690 et

459 2711 656 2771 scribe
685 2713 1003 2791 octoginta.
1042 2716 1111 2774 Et
1142 2715 1398 2777 laudavit
1428 2715 1703 2777 dominus
1736 2716 2114 2797 dispensato-

456 2815 583 2859 rem
616 2799 1076 2882 iniquum,qu0(l
1109 2804 1432 2882 prudenter
1461 2804 1699 2866 fecisset
1723 2806 1983 2886 (a):quia
2009 2807 2116 2868 ﬁlii

462 2887 639 2965 hujus
658 2889 857 2949 saeculi
886 2891 1305 2969 prudentiores
1320 2903 1455 2954 sunt
1473 2894 1609 2955 filiis
1631 2894 1779 2955 lucis
1800 2895 1859 2955 in
1877 2897 2119 2956 natione

467 2976 673 3038 sua.Et
697 2997 806 3055 ego
830 2979 993 3040 vobis
1023 2981 1389 3044 dico:Facite
1407 2982 1571 3044 vobis
1594 2985 1815 3045 amicos
1835 3004 1902 3045 ex
1924 3004 2117 3046 mam-

464 3084 640 3126 mona
664 3065 910 3147 injuste,
946 3076 1011 3129 ut
1038 3088 1169 3131 cum
1195 3071 1553 3142 defeceritis,
1590 3073 1888 3151 recipiant
1927 3092 2031 3134 vos
2062 3075 2120 3136 in

456 3166 677 3219 aeterna
693 3159 1090 3224 tabernacula.
1103 3185 1128 3221 ι
1140 3161 1347 3225 Omnis
1361 3163 1641 3244 parabola
1656 3164 1897 3246 oblique
1911 3167 2122 3245 etﬁgu-

454 3256 583 3308 rato
618 3248 792 3309 modo
816 3267 1017 3311 rerum
1051 3252 1437 3332 quarumdam
1464 3262 1736 3315 naturam
1755 3255 2113 3330 manifestat,

451 3354 570 3397 non
602 3355 708 3417 per
742 3338 943 3399 omnia
989 3340 1171 3402 rebus
1198 3340 1315 3402 illis
1344 3341 1670 3404 assimliata
1696 3351 1945 3424 propter
1969 3363 2113 3425 quas

453 3437 758 3506 assumpta
788 3429 1131 3491 est.ldcirco
1164 3449 1287 3493 non
1318 3440 1554 3510 oportet
1580 3451 1792 3494 omnes
1812 3431 2113 3511 parabola—

2208 2177 2465 2249 φειλετῶν
2535 2178 2626 2229 τοῦ
2683 2173 2858 2251 κυρίου
2900 2175 3080 2247 αὐτοῦ,
3115 2171 3262 2251 ’έλεγε
3294 2177 3371 2244 τῷ
3426 2172 3647 2251 πρώτῳ’
3697 2172 3868 2231 Πόσον

2206 2259 2429 2339 ὀφείλεις
2489 2268 2567 2336 τῷ
2635 2262 2796 2340 κυρίῳ
2826 2285 2927 2338 μου
2974 2280 2991 2338 ;
3031 2254 3090 2337 Ὀ
3120 2260 3175 2318 δὲ
3206 2275 3379 2318 εἶπεν·
3421 2252 3643 2317 Ἑκατὸν
3673 2262 3866 2337 βάτους

2205 2347 2402 2405 ἐλαίου·
2466 2355 2552 2408 καὶ
2623 2352 2778 2407 εἶπεν
2840 2354 3002 2426 αὐτῷ·
3083 2349 3234 2416 Δέξαι
3266 2372 3358 2409 σου
3399 2351 3463 2405 τὸ
3493 2350 3740 2427 γράμμα,
3774 2352 3861 2405 καὶ

2204 2439 2419 2504 καθίσας
2478 2439 2692 2520 ταχέως
2759 2441 2963 2519 γράψον
3019 2441 3378 2509 πεντήκοντα.
3426 2435 3670 2520 ’Ἔπειτα
3699 2437 3861 2515 ἑτέρῳ

2204 2526 2351 2582 εἰπε⁶
2428 2528 2504 2583 Σύ
2550 2517 2614 2584 δὲ
2672 2517 2838 2585 πόσον
2894 2527 3120 2608 ὀφείλεις
3158 2549 3174 2603 ;
3256 2536 3295 2584 0
3326 2526 3379 2582 δὲ
3415 2527 3593 2583 εἶπεν·
3632 2517 3851 2582 Ἐκατὸν

2200 2615 2387 2693 κόρους
2443 2617 2610 2682 σίτου,
2664 2620 2761 2675 Καὶ
2818 2616 2963 2697 λέγει
2994 2619 3163 2691 αὐτῷ’
3194 2616 3345 2682 Δέξαι
3377 2637 3470 2672 σου
3499 2616 3560 2671 τὸ
3603 2615 3847 2692 γράμμα,

2200 2706 2286 2760 καὶ
2358 2706 2561 2785 γράψον
2631 2704 2979 2786 ὀγδοήκοντα.
3044 2709 3139 2764 Καὶ
3192 2706 3452 2782 ἐπῄνεσεν
3494 2709 3522 2762 6
3555 2706 3729 2782 κύριος
3759 2706 3851 2759 τὸν

2202 2794 2481 2870 οἰκονόμον
2538 2796 2638 2864 τῆς
2694 2795 2921 2865 ἀδικίας,
2958 2795 3037 2852 ὅτι
3096 2798 3142 2852 οἰ
3190 2798 3288 2853 υἰοὶ
3316 2803 3411 2853 τοῦ
3440 2797 3625 2857 αἰῶνος
3666 2795 3850 2850 τούτου

2204 2884 2584 2963 φρονιμώτεροί
2644 2888 2772 2942 εἰσιν
2828 2886 2957 2964 ὑπὲρ
3024 2886 3144 2948 τούς
3231 2887 3369 2948 υἱούς
3424 2896 3516 2944 τοῦ
3564 2885 3736 2964 φωτὸς
3780 2885 3851 2947 εἰς

2203 2974 2305 3038 τὴν
2361 2976 2546 3052 γενεὰν
2619 2977 2717 3044 τὴν
2761 2977 2980 3036 ἑαυτῶν.
3034 2975 3196 3053 Κάγὼ
3235 2977 3363 3049 ὑμῖν
3404 2974 3567 3052 λέγω,
3598 2974 3853 3043 ποιήσατε

2207 3062 2419 3127 ἑαυτοῖς
2479 3063 2660 3144 φίλους
2720 3065 2780 3121 ἐκ
2806 3072 2897 3121 τοῦ
2926 3071 3156 3141 μαμωνᾶ
3184 3069 3283 3131 τῆς
3315 3062 3539 3140 ἀδικίας,
3572 3064 3688 3141 ἳνα,
3732 3060 3857 3117 ὅταν

2205 3149 2508 3225 ἐκλείπητε,
2564 3153 2807 3220 δέξωνται
2867 3159 3003 3231 ὑμᾶς
3033 3156 3106 3219 εἰς
3164 3155 3259 3218 τὰς
3285 3154 3525 3217 αἰωνίους
3558 3154 3783 3219 σκηνάς,
3822 3175 3846 3210 ι

2205 3247 2354 3299 Πᾶσα
2423 3242 2693 3323 παροϐολη
2744 3242 2985 3325 πλαγίως
3043 3245 3131 3301 καὶ
3172 3245 3444 3306 εἰκονικῶς
3500 3239 3659 3310 δηλοῖ
3703 3264 3848 3321 πρα-

2198 3332 2419 3410 γμάτων
2489 3333 2646 3389 τινῶν
2700 3335 2872 3414 φύσιν,
2934 3334 2993 3392 οὗ
3048 3334 3184 3393 κατὰ
3226 3333 3397 3392 πάντα
3452 3332 3658 3390 ἐοικυῖα
3727 3346 3846 3396 τοῖς

2195 3423 2500 3502 πράγμασιν
2558 3424 2800 3499 ἐκείνοις,
2859 3422 2926 3481 δι’
2976 3424 3013 3481 ἅ
3068 3423 3409 3503 παρελήφθη.
3449 3424 3541 3479 Διὸ
3572 3422 3687 3482 οὐδὲ
3730 3423 3885 3503 χρὴ»

453 3530 587 3575 rum
621 3525 820 3595 partes
841 3518 1136 3579 curiosius
1155 3518 1596 3599 inquirere,sed
1622 3531 1914 3602 quatenus
1935 3541 2110 3603 appa-

2202 3512 2364 3569 ιτάντα
2435 3516 2500 3571 τὰ
2572 3515 2709 3595 μέρη
2769 3521 2875 3572 τῶν
2933 3513 3246 3592 παραϐολῶν
3298 3513 3505 3578 λεπτῶς
3563 3512 3842 3591 πολδπρα-

452 3610 589 3666 rent
615 3607 915 3685 proposito
958 3608 1159 3680 utiles;
1192 3608 1436 3689 reliquae
1477 3609 1634 3671 enim
1679 3612 1948 3673 sinendae
1973 3602 2110 3674 sunt

2202 3606 2528 3685 γμονεϊσθαι,
2587 3604 2707 3662 ἀλλ’
2753 3606 2878 3661 ὃσον
2922 3602 3059 3662 ἔοικε
3090 3611 3166 3679 τῷ
3214 3603 3547 3682 προκειμένῳ
3618 3624 3844 3677 καρπου-

449 3694 613 3773 quasi
636 3695 975 3773 parabolam
994 3706 1459 3770 contexentes,et
1480 3700 1626 3761 nihil
1642 3702 1713 3762 ad
1732 3702 2104 3782 propositum

2202 3690 2400 3766 ιένους,
2474 3696 2540 3751 τὰ
2598 3693 2760 3752 λοιπὰ
2815 3694 2925 3770 ἰᾷν,
2999 3697 3079 3750 ὡσ
3109 3698 3177 3769 τῇ
3210 3689 3490 3772 παραϐολῇ
3519 3692 3840 3782 συνυφιστά-

447 3783 877 3859 couducentes,
910 3785 1208 3864 quomodo
1246 3796 1305 3847 et
1364 3787 1424 3848 in
1473 3790 1775 3869 proposita
1824 3789 2102 3870 parabola

445 3870 806 3933 faciendum.
843 3875 991 3935 Nam
1044 3874 1093 3934 si
1156 3893 1259 3954 per
1315 3884 1522 3938 tenues
1555 3878 1872 3957 particulas
1903 3882 2100 3943 omnia

450 3979 750 4051 exponere
781 3970 1104 4051 tentavero,
1124 3964 1256 4045 quis
1286 3964 1686 4046 dispensator,
1715 3969 1850 4048 quis
1877 3969 2092 4051 dispen

445 4052 657 4112 satoris
686 4050 1056 4127 dominus,et
1087 4071 1121 4114 a
1146 4072 1266 4133 quo
1304 4053 1537 4116 delatus
1560 4056 1724 4133 sit,et
1754 4058 1854 4138 qui
1873 4050 2101 4121 debito-

445 4156 565 4214 res,
603 4146 660 4199 et
683 4148 927 4220 propter
958 4158 1131 4222 quam
1167 4161 1403 4205 causam
1448 4144 1550 4205 ille
1605 4145 1847 4225 quidem
1874 4148 2095 4221 oleum,

439 4227 591 4289 alius
642 4237 842 4289 autem
876 4229 1159 4307 triticum,
1208 4239 1267 4294 et
1312 4252 1426 4313 qua
1487 4232 1562 4295 de
1620 4253 1798 4296 causa
1858 4244 2096 4299 centum

445 4316 669 4379 debere
692 4317 988 4391 dicantur,
1020 4331 1080 4381 et
1100 4321 1149 4381 si
1171 4321 1287 4383 alia
1310 4321 1515 4383 omnia
1547 4323 2093 4405 perquisiverimus,

443 4405 768 4469 obscurum
802 4416 861 4469 et
894 4411 1211 4472 molestum
1267 4430 1608 4475 sermonem
1666 4411 1956 4476 iaciemus
1990 4435 2005 4474 :
2040 4425 2100 4477 et

441 4494 729 4565 fortassis.
765 4497 816 4559 si
848 4498 1018 4560 valde
1068 4500 1561 4575 haesitaverimus,
1626 4502 1803 4564 etiam
1860 4504 2100 4567 ridiculi

443 4584 879 4664 erimus.lgitur
903 4595 1126 4649 tantum
1150 4588 1416 4651 utilitatis
1439 4608 1507 4651 ex
1529 4592 1803 4671 priesenti
1820 4592 2100 4672 parabola

2185 3803 2339 3857 μενα,
2400 3785 2488 3839 καὶ
2530 3782 2699 3859 μηδὲν
2730 3785 2859 3862 πρὸς
2906 3785 2965 3840 τὸ
3014 3782 3359 3863 προκείμενον
3402 3780 3841 3862 συμϐαλλόμενα,

2185 3871 2306 3927 οἷον
2374 3868 2438 3939 δὴ
2500 3875 2587 3929 καὶ
2635 3872 2720 3930 ἐπὶ
2788 3875 2887 3941 τῆς
2964 3873 3307 3952 προτεθείσης
3360 3869 3694 3951 παραϐολῆς,
3726 3874 3839 3951 χρὴ

2183 3961 2428 4029 ποιῆσαι.
2491 3964 2549 4019 Εἰ
2606 3963 2706 4042 γὰρ
2757 3963 2930 4020 πάντα
2998 3961 3258 4033 ἐξετάζειν
3289 3962 3710 4042 ἐπιχειρήσομεν
3739 3960 3873 4017 λε-ν

2183 4056 2490 4129 πτομερῶς,
2558 4052 2636 4116 τίς
2702 4055 2729 4109 6
2762 4052 3062 4132 οἰκονόμος,
3099 4052 3176 4117 τίς
3221 4053 3248 4107 6
3301 4051 3486 4109 τοῦτον
3532 4048 3834 4129 προϐαλλό-

2183 4160 2343 4215 μενος
2427 4142 2502 4205 εἰς
2558 4143 2657 4209 τὴν
2716 4142 3044 4217 οἰκονομίαν,
3090 4141 3178 4197 καὶ
3207 4142 3349 4221 παρὰ
3378 4141 3517 4205 τίνος
3550 4138 3828 4217 διεϐλήθη,

2182 4230 2269 4285 καὶ
2321 4231 2456 4295 τίνες
2515 4234 2561 4287 οἱ
2633 4241 3053 4312 χρεωστοῦντες,
3128 4233 3217 4288 καὶ
3286 4228 3370 4286 διὰ
3398 4231 3553 4289 ποίαν
3603 4231 3773 4287 αἰτίαν
3803 4233 3831 4287 ὁ

2182 4318 2279 4393 μὲν
2343 4318 2543 4397 ἔλαιον,
2603 4325 2631 4379 6
2659 4320 2713 4377 δὲ
2742 4335 2915 4397 σῖτον,
2948 4323 3037 4378 καὶ
3079 4319 3214 4378 διατί
3242 4320 3341 4378 εινὰ
3366 4321 3556 4377 ἑκατὸν
3599 4319 3829 4399 όφλῆσαι

2184 4407 2452 4487 λέγονται⁶
2539 4413 2625 4469 καὶ
2683 4410 2867 4487 ἁπλῶς
2920 4410 3089 4468 τᾶλλα
3133 4411 3304 4469 πάντα
3350 4411 3393 4465 εἰ
3434 4412 3832 4490 περιεργότερον

2183 4493 2537 4573 ἐξετάζωμεν,
2596 4502 2865 4556 σκοτεινὸν
2921 4500 3011 4555 τὸν
3082 4497 3243 4578 λόγον
3301 4497 3658 4577 ποιησόμεθα,
3702 4499 3832 4578 πρὸς

2182 4592 2258 4659 τῷ
2328 4587 2416 4643 καὶ
2476 4587 2847 4668 καταγέλαστα
2907 4589 3042 4651 ἴσως
3090 4588 3397 4667 ἐξηγεῖσθαι
3467 4586 3552 4643 διὰ
3607 4588 3707 4655 τὴν
3735 4593 3834 4656 τῆς

438 4692 651 4754 capere
678 4684 1227 4757 oportet,quantum
1261 4678 1546 4758 possibile
1568 4683 1759 4743 est.Et
1781 4691 1843 4742 ut
1872 4682 2095 4763 aliquid

2202 4674 2401 4753 ιπορίας
2460 4676 2722 4757 ἀνάγκην,
2789 4686 2887 4735 Δεϊ
2963 4679 3133 4735 τοίνυν
3187 4685 3437 4735 τοσοῦτον
3488 4676 3831 4757 ὠφεληθῆναι

437 4764 655 4839 dicam,
680 4763 964 4827 Dominus
994 4768 1105 4828 hoc
1137 4767 1266 4829 loco
1298 4768 1428 4831 vult
1458 4786 1564 4829 nos
1595 4767 1816 4831 docere
1850 4779 1912 4832 ut
1939 4762 2095 4835 bene

2202 4786 2283 4819 ιπο
2347 4764 2444 4833 τῆς
2493 4769 2766 4847 παρούσης
2820 4766 3155 4848 παραϐολῆς,
3187 4765 3310 4825 ὅσον
3368 4764 3663 4846 ἐνδέχεται.
3697 4768 3829 4825 Οἷον

436 4852 859 4933 dispensentur
886 4855 1129 4917 creditae
1159 4856 1334 4918 nobis
1366 4856 1686 4921 divitiaa.Et
1703 4859 1955 4938 primum
1980 4861 2093 4924 hoc

2202 4854 2225 4908 ’ί
2293 4878 2456 4934 φημι·
2525 4858 2553 4912 6
2606 4858 2789 4936 Κύριος
2869 4860 3090 4915 ἐνταῦθα
3119 4857 3366 4934 βούλεται
3424 4859 3568 4932 ἡμᾶς
3629 4854 3825 4922 διδάξαι

436 4940 907 5022 discimus,quod
940 4962 1056 5005 non
1079 4963 1285 5006 sumus
1315 4945 1543 5007 domini
1578 4945 1943 5009 divitiarum.
1981 4948 2089 5011 Ni-

436 5030 516 5091 liil
536 5032 694 5093 enim
711 5031 998 5093 habemus
1017 5033 1459 5114 prOprium,sed
1486 5034 1932 5114 dispensatores
1949 5039 2091 5101 alie-

438 5137 642 5182 narum
677 5139 875 5182 rerum
900 5140 1316 5204 sumus,quaea
1347 5121 1600 5184 Domino
1630 5123 1803 5186 nobis
1833 5145 2088 5190 concre-

437 5206 571 5269 dita:
587 5220 722 5271 sunt
740 5217 804 5272 ut
825 5210 957 5272 illas
985 5209 1135 5274 bene
1148 5213 1567 5294 dispensemus
1583 5213 1737 5275 sicut
1758 5214 1882 5293 ipse
1901 5215 2088 5297 impe-

436 5309 550 5361 rat.
596 5300 823 5360 Ama
845 5300 895 5361 si
913 5302 1285 5364 concreditae
1317 5300 1550 5363 divitias
1580 5320 1701 5363 non
1725 5305 2086 5384 expenderi-

436 5390 753 5468 musjuxta
777 5400 1037 5452 mentem
1070 5388 1335 5465 Domini,
1364 5399 1423 5453 et
1453 5390 1624 5453 abusi
1656 5392 1946 5456 fuerimus
1968 5395 2087 5462 illis

434 5476 495 5538 in
527 5489 793 5540 nostrum
827 5480 1050 5560 luxum,
1085 5481 1518 5544 accusabimur.
1552 5480 1783 5544 Etenim
1818 5484 2087 5549 voluntas

2176 4944 2293 5022 περὶ
2360 4952 2452 5002 τοῦ
2508 4949 2601 5003 τὸν
2656 4945 2868 5005 δοθέντα
2927 4949 3065 5023 ἡμῖν
3120 4944 3347 5004 πλοῦτον
3392 4944 3569 5011 καλῶς
3594 4944 3821 5005 διατίθει-

2173 5035 2310 5094 σθαι.
2381 5036 2475 5093 Καὶ
2532 5041 2741 5117 πρῶτον
2794 5037 2891 5113 μὲν
2946 5044 3102 5094 τοῦτο
3168 5036 3522 5113 μανθάνομεν,
3587 5034 3668 5092 ὅτι
3726 5037 3822 5094 οὒκ

2174 5120 2332 5198 ἐσμὲν
2388 5126 2555 5204 κύριοι
2598 5127 2919 5207 χρημάτων,
2953 5123 3099 5186 οὐδὲν
3129 5126 3229 5206 γὰρ
3273 5126 3473 5206 ἔχομεν
3506 5125 3663 5200 ἴδιον,
3698 5125 3826 5184 ἀλλ’

2172 5216 2437 5291 οἰκονόμοι
2496 5216 2784 5297 ἀλλοτρίων
2839 5217 3001 5293 ἐσμὲν
3052 5216 3195 5294 παρὰ
3235 5224 3328 5273 τοῦ
3379 5217 3650 5275 Δεσπότου
3678 5218 3821 5293 ἡμῖν

2172 5304 2677 5385 ἐγκεχειρισμένων,
2734 5306 2827 5364 ’ίνα
2889 5305 3068 5370 καλῶς
3166 5307 3296 5363 αὐτὰ
3352 5303 3672 5383 διαθώμεθα,
3731 5309 3820 5364 καὶ

2169 5398 2240 5461 ὡς
2289 5394 2487 5460 ἐκεινος
2546 5397 2887 5477 προστάττει*
2949 5396 3133 5454 ἔπειτα
3205 5395 3286 5453 ὅτι
3343 5397 3422 5472 μὴ
3474 5397 3607 5454 κατὰ
3675 5398 3821 5476 γνώ-

2171 5509 2281 5561 μην
2340 5488 2432 5543 τοῦ
2494 5490 2765 5545 Δεσπότου
2833 5489 2931 5559 τήν
2975 5488 3276 5563 οἰκονομίαν
3331 5494 3425 5543 τοῦ
3452 5485 3682 5544 πλούτου
3710 5508 3816 5563 με-

515 5639 850 5731 (ai-verba,
883 5641 963 5698 ὅτι
993 5645 1255 5722 φρονίμως
1286 5644 1556 5719 ἐποίησιν,
1590 5661 1711 5709 non
1769 5646 2002 5728 legebat
2053 5647 2110 5710 in

2202 5667 2254 5713 ιο
2308 5645 2520 5713 codice
2546 5644 3047 5731 Tbeopbylactus,
3080 5647 3405 5711 adnotante
3434 5649 3507 5711 ad
3534 5648 3691 5710 hunc
3722 5647 3815 5711 lo-

435 5720 585 5784 cum
601 5720 811 5785 Millio.
