4184 6430
496 360 612 427 967

1468 354 2063 426 THEOPHYLACTI
2109 357 2517 422 BULGARIIE
2558 348 2916 421 ARCHIEP.

3766 346 3887 414 968

495 500 736 563 sationis
761 499 1106 577 reddamus,
1130 516 1199 559 ex
1234 496 1341 558 hac
1374 497 1485 557 vita
1512 496 1731 574 educti,
1768 515 1841 555 ne
1874 495 2144 556 invenia-

2232 492 2451 571 ’ἐχοιμέν
2509 514 2559 549 τι
2620 492 2939 571 καταφύγιον
2982 491 3073 548 τοῦ
3101 492 3216 567 βίου
3285 489 3340 546 ἐν
3363 487 3418 545 δὲ
3446 502 3565 551 τοῖς
3596 488 3734 544 κατά
3756 489 3899 543 Θεὸν

497 609 628 650 mur
648 589 719 650 ab
750 588 911 649 omni
944 586 1353 647 consolatione
1386 584 1674 646 destitu'i.
1730 585 1870 647 Ideo
1904 594 1961 645 et
1993 586 2145 646 insi-

2233 582 2495 663 ἱιφείλουσι
2553 579 2865 638 διοικεῖσθαι
2920 582 3199 660 χρήμασιν
3257 581 3316 636 οὗ
3395 578 3686 657 φαινόμεθα
3752 577 3892 654 πρό·-

495 682 727 754 pientes
760 695 1067 747 vocamur,
1096 695 1210 735 non
1244 676 1544 755 sapientes
1575 694 1640 735 ea
1666 693 1796 754 quae
1821 673 1993 734 nobis
2019 694 2149 754 pos-

494 768 626 827 thac
649 767 765 826 sint
799 764 1441 843 profutura.Faciamus
1463 763 1643 842 igitur
1664 763 1835 822 nobis
1859 782 2151 843 paliperes

492 854 720 915 amicos
751 852 1213 915 communicatis
1261 852 1488 915 divitiis
1520 851 1842 930 injustitim,
1879 853 1992 912 hoc
2038 862 2147 926 est,

494 944 583 1003 his
606 944 899 1024 quaedam
920 942 1244 1002 suntnobis
1265 961 1297 1001 a
1325 944 1445 1003 Deo
1472 949 1532 1000 ut
1557 941 1675 1001 sint
1700 941 2145 1018 armajustitire,

492 1034 593 1093 sed
624 1052 656 1093 a
683 1033 855 1093 nobis
885 1032 1251 1102 detinentur,
1272 1039 1327 1091 et
1349 1040 1663 1111 propterea
1696 1030 1765 1090 ad
1797 1030 2151 1109 injustitiant

496 1122 819 1203 pertinent.
841 1122 903 1182 Si
921 1130 1118 1181 autem
1152 1119 1374 1180 divitiae
1392 1119 1721 1200 quaejustis
1750 1139 1861 1179 mo-
1877 1120 1947 1179 lis
1971 1131 2155 1199 parta

499 1226 658 1284 sunt,
693 1210 928 1291 quando
978 1229 1095 1270 non
1146 1209 1299 1270 bene
1352 1209 1768 1289 dispcnsantur
1797 1227 1908 1271 nec
1938 1207 2161 1272 dantur

502 1300 884 1381 pauperibus,
932 1298 1221 1379 injustitia
1272 1307 1329 1357 et
1372 1316 1711 1359 mammona
1751 1306 2151 1376 reputantur:

497 1410 628 1471 quae
660 1408 727 1449 ex
761 1388 1075 1467 injustitia,
1122 1387 1305 1448 multo
1368 1387 1571 1463 magis.
1631 1385 1708 1446 Ex
1765 1387 1913 1463 ipsis
1978 1388 2156 1465 igitur

501 1480 783 1540 faciamus
828 1476 999 1538 nobis
1048 1478 1292 1548 amicos,
1350 1486 1408 1536 ut
1443 1478 1678 1556 quando
1724 1476 2149 1552 defecerimus,

502 1579 559 1630 et
605 1587 674 1628 ex
726 1569 835 1629 hac
884 1569 998 1628 vita
1045 1565 1558 1643 emigraverimus,
1603 1565 1692 1625 vel
1745 1565 1918 1625 etiam
1979 1565 2158 1627 aliter

503 1658 737 1738 quando
772 1655 985 1735 pusillo
1032 1654 1230 1715 animo
1277 1673 1510 1731 sumus,
1554 1664 1612 1713 et
1655 1654 2155 1730 condemnamur,

507 1747 644 1808 illuc
668 1745 963 1824 accipiant
995 1762 1101 1804 nos
1134 1744 1189 1804 in
1224 1754 1443 1804 aeterna
1481 1742 1889 1805 tabernacula.

2235 694 2380 728 νοιαν
2440 671 2772 746 ποιούμενοι,
2825 669 3025 744 μὴπως
3079 667 3239 747 λόγον
3294 666 3466 742 δῶμεν
3505 671 3605 733 τῆς
3675 668 3891 721 οἰκονο-

2236 762 2359 835 μίας
2418 762 2773 836 μεταστάντες
2833 759 2896 815 ἐκ
2963 756 3111 814 τοῦδε
3167 768 3260 816 τοῦ
3313 757 3449 833 βίου,
3479 757 3567 812 καὶ
3597 755 3894 833 εὒρεθῶμεν

2235 851 2414 915 πόσης
2497 850 2828 928 παραμυθίας
2913 848 3279 925 ἐστερημένοι.
3365 847 3458 901 Διὸ
3527 846 3615 901 καὶ
3672 842 3895 923 ἄφρονες

2234 937 2562 1018 καλούμεθα,
2608 940 2687 1013 μὴ
2736 944 3045 1016 φρονοῦντες
3093 938 3157 991 τα
3226 936 3363 1011 μετά
3419 940 3583 990 ταῦτα
3613 934 3750 1007 ἡμῖν
3799 932 3894 989 λυ-

2236 1026 2609 1105 σιτελήσοντα,
2670 1024 2807 1081 ἀλλά
2861 1026 3173 1100 ποιήσωμεν
3248 1026 3461 1088 ὲαυτοῦς
3532 1020 3713 1101 φίλους
3765 1023 3889 1085 τοὺς

2236 1118 2495 1192 πένητας,
2560 1112 2928 1192 μεταδιδόντες
2964 1118 3147 1178 αὐτοῖς
3189 1120 3284 1169 τοῦ
3343 1113 3440 1180 τῆς
3473 1109 3677 1175 ἀδικίας
3718 1108 3891 1168 πλού-

2240 1228 2355 1287 του,
2410 1205 2675 1285 τουτέστι,
2732 1211 2826 1262 τοῦ
2897 1201 3135 1267 δοθέντος
3210 1202 3308 1277 μὲν
3360 1203 3498 1271 ἡμῖν
3549 1201 3693 1279 παρά
3737 1206 3895 1273 Θεοῦ,

2238 1296 2376 1352 ὥστε
2444 1295 2779 1361 δικαιοσύνης
2838 1291 3006 1350 ὅπλον
3088 1291 3351 1368 γενέσθαι,
3440 1288 3896 1366 ὑποκρατηθέντος

2237 1383 2291 1439 δὲ
2361 1382 2484 1461 παρ’
2557 1382 2738 1459 ἡμῶν,
2800 1382 2888 1437 καὶ
2918 1380 3002 1437 διὰ
3032 1388 3189 1437 τοῦτο
3219 1381 3293 1443 εἷς
3341 1376 3544 1435 ἀδικίαν
3592 1378 3895 1453 μεταστάν-

2235 1494 2349 1536 τος,
2402 1475 2459 1530 El
2519 1470 2573 1527 δὲ
2631 1475 2659 1527 ὁ
2717 1472 2777 1527 ἐκ
2820 1468 3036 1527 δικαίων
3068 1469 3225 1536 δῆθεν
3268 1470 3446 1547 πόρων
3477 1467 3735 1547 πλοῦτος,
3767 1466 3895 1525 ὅταν

2239 1564 2318 1637 μὴ
2375 1559 2553 1624 καλῶς
2608 1560 2959 1639 οἷκονομηθῆ,
3011 1562 3100 1616 καὶ
3169 1557 3294 1635 δοθῇ
3323 1558 3573 1637 πένησιν,
3605 1555 3777 1613 ἀδικία
3807 1557 3897 1613 καὶ

2240 1656 2499 1726 μαμωνᾶς
2554 1646 2841 1727 λογίζεται,
2917 1652 2945 1705 ὁ
3001 1647 3052 1714 ἐξ
3108 1646 3340 1721 ἀδικίας,
3374 1647 3529 1722 πόσῳ
3561 1645 3765 1721 μᾶλλον
3793 1646 3898 1703 Ἐκ

2238 1742 2423 1797 τούτου
2450 1740 2538 1796 οὖν
2582 1742 2909 1815 ποιήσωμεμ
2937 1740 3074 1813 ἡμῖν
3105 1738 3308 1817 φίλους,
3340 1737 3456 1816 ἵνα,
3501 1736 3627 1793 ὅταν
3652 1734 3893 1792 ἐκλίπω-

506 1858 625 1910 μεν,
675 1837 759 1889 καὶ
792 1823 1159 1913 ἀναχωρῶμεν
1188 1836 1250 1888 ὲκ
1279 1840 1370 1888 τοῦ
1403 1833 1538 1910 βίου,
1576 1833 1610 1899 ἢ
1642 1835 1729 1888 καὶ
1782 1831 1977 1904 ἄλλως,
2033 1832 2159 1890 ὅταν
2191 1829 2612 1909 ὀλιγοψυχῶμεν
2665 1825 3134 1907 κατακρινόμενοι,
3166 1826 3340 1883 ἐκεῖσε
3370 1823 3617 1890 δέξωνται
3646 1826 3792 1899 ἡμᾶς
3822 1825 3894 1897 εἰς

503 1928 594 1990 τὰς
638 1926 867 1987 αἱώνῖους
912 1924 1131 1989 σκηνᾶς,

590 2012 774 2076 Vens.
808 2014 1011 2073 tU-t3.
1042 2036 1067 2065 «
1104 2010 1214 2081 Qui
1246 2010 1438 2073 ﬁdelis
1478 2020 1569 2073 est
1596 2011 1659 2072 in
1705 2011 1976 2088 minimo,
2017 2012 2158 2073 etin
2186 2022 2219 2070 Β

508 2104 692 2165 multo
725 2102 917 2163 ﬁdelis
949 2110 1037 2161 est
1069 2118 1082 2162 :
1120 2108 1179 2161 et
1202 2101 1300 2180 qui
1337 2102 1394 2161 in
1427 2101 1671 2162 minimo
1702 2100 1943 2181 iniquus
1974 2112 2082 2173 est,
2106 2102 2159 2163 is

510 2203 567 2253 et
596 2192 654 2252 in
683 2193 863 2252 multo
886 2190 1124 2269 iniquus
1154 2190 1330 2250 ρει.Βί
1363 2208 1502 2266 ergo
1530 2187 2158 2269 ininiquomammona

505 2282 716 2344 ﬁdeles
759 2300 876 2341 non
927 2279 1139 2345 fuistis.
1198 2280 1354 2357 quod
1407 2298 1612 2341 verum
1646 2288 1734 2339 est
1783 2280 1916 2359 quis
1946 2281 2156 2341 credet

506 2371 705 2433 vobis?
736 2368 799 2430 Et
833 2370 883 2430 si
908 2369 965 2429 in
997 2368 1192 2428 alieno
1221 2367 1429 2429 ﬁdeles
1459 2387 1575 2429 non
1611 2367 1994 2447 fuistis,quod
2019 2388 2151 2430 ves-

507 2470 660 2523 trum
694 2470 807 2537 cst,
834 2458 966 2538 quis
1006 2456 1171 2516 dabit
1202 2456 1399 2517 vobis?
1450 2462 1642 2520 Nemo
1693 2477 1902 2518 servus
1958 2466 2155 2537 potest

504 2548 735 2610 duobus
757 2545 1017 2607 dominis
1046 2544 1399 2624 servire;aut
1429 2546 1588 2606 enim
1616 2565 1795 2605 unum
1823 2546 1957 2606 odio
1979 2546 2155 2606 habe-

507 2638 609 2713 bit,
643 2637 965 2698 etalterum
1001 2634 1166 2694 illum
1189 2633 1429 2711 diliget:
1458 2643 1557 2694 aut
1581 2633 1682 2694 uni
1712 2633 2060 2707 adhaerebit,
2096 2645 2156 2697 et

504 2729 752 2787 alterum
779 2724 946 2784 illum
978 2721 1480 2783 contemnet.Nou
1507 2723 1751 2801 potestis
1776 2722 1897 2784 Deo
1927 2724 2156 2785 servire

504 2823 561 2874 et
590 2830 944 2875 mammonae
990 2835 1012 2868 ι›
1051 2811 1262 2872 Adhuc
1294 2810 1468 2871 docet
1491 2811 1789 2891 quomodo
1815 2812 2149 2873 secundum

500 2902 685 2965 Deum
733 2900 1153 2981 dispensandae
1188 2899 1307 2959 sint
1345 2898 1584 2961 divitiae.
1626 2898 1735 2970 Qui
1762 2899 1920 2959 enim
1954 2900 2152 2961 ﬁdelis

500 2993 663 3053 estin
690 2990 957 3058 minimo,
987 2989 1097 3048 hoc
1122 2987 1339 3066 est,qui
1373 2987 1525 3049 bene
1556 2987 2150 3066 dispensaveritcon-

500 3080 756 3141 creditas
787 3078 895 3140 sibi
928 3078 1157 3139 divitias
1187 3077 1244 3137 in
1282 3079 1390 3137 hoc
1423 3076 1854 3150 mundu,etiam
1880 3076 1937 3137 in
1966 3078 2151 3139 multo

498 3170 692 3231 ﬁdelis
722 3166 1356 3250 est,hocest,int‘uturo
1386 3166 1601 3226 saeculo
1628 3166 1774 3226 veris
1805 3165 2025 3227 divitiis
2053 3168 2149 3227 di-

498 3279 647 3338 gnus
665 3258 1088 3320 est.Minimum
1112 3256 1293 3334 igitur
1315 3264 1479 3316 vocat
1510 3263 1782 3317 terrenas
1812 3255 2072 3333 divitias,
2091 3268 2153 3319 ut

498 3367 705 3411 revera
736 3346 1090 3428 parvas,imo
1127 3364 1259 3426 qum
1289 3345 1430 3405 nihil
1468 3354 1629 3425 sunt,
1667 3344 2210 3429 quandoquidemc

498 3438 850 3499 transitoria
862 3436 1279 3498 sunt'multum
1302 3435 1983 3515 vero,cmlestcs,utpote
2000 3453 2152 3496 sem-

498 3545 605 3605 per
619 3527 1023 3604 duraturas,et
1042 3524 1258 3605 quibus
1277 3542 1520 3604 semper
1536 3522 1911 3595 accedit.Qui
1928 3543 2066 3585 vero
2090 3524 2150 3586 in

498 3617 590 3677 his
620 3617 876 3678 terrenis
907 3615 1127 3676 divitiis
1158 3613 1414 3692 injustas
1435 3612 1991 3692 apparuerit,etsibi
2015 3633 2154 3675 ven-

497 3706 655 3767 dicat
670 3724 800 3786 qua;
818 3705 876 3765 in
895 3720 1273 3764 communem
1293 3722 1463 3762 usum
1487 3702 1733 3763 fratrum
1748 3711 1886 3763 sunt
1910 3722 2151 3766 conces-

497 3812 585 3874 sa,
603 3812 794 3874 neque
816 3792 913 3854 illo
941 3791 1123 3852 multo
1148 3790 1360 3869 dignus
1378 3790 1733 3863 invenietur,
1752 3790 1856 3851 sed
1881 3791 2031 3852 sicut
2048 3794 2147 3854 in-

488 3885 683 3961 justus
702 3879 1134 3963 repudiabitur.
1170 3878 1577 3959 Interpretans
1600 3889 1798 3941 autem
1834 3880 1996 3960 quod
2016 3881 2109 3942 dic
2127 3916 2148 3928 -

497 3982 620 4032 tum
648 3980 759 4050 est,
781 3970 945 4031 addit
983 3991 995 4032 :
1032 3967 1403 4048 Siininjusto
1431 3988 1767 4030 mammona
1798 3969 2005 4031 ﬁdeles
2028 3989 2145 4031 non

497 4058 872 4140 fuistis,qnod
897 4076 1097 4119 verum
1124 4057 1377 4137 est,quis
1402 4056 1567 4117 vobis
1592 4057 1827 4118 credet?
1852 4058 2145 4138 Injustum

499 4168 834 4210 mammona
856 4147 1123 4207 nominat
1142 4146 1683 4229 divitiasquaeapud
1707 4164 1815 4208 nos
1828 4148 2146 4210 sunt.Nam

497 4236 543 4297 si
571 4255 687 4297 non
708 4235 1389 4315 essentinjustaameque
1408 4234 1563 4313 apud
1595 4254 1701 4295 nos
1736 4246 1954 4297 essent:
1991 4256 2149 4297 nunc

497 4334 692 4386 autem
723 4325 859 4405 quia
889 4323 1043 4404 apud
1066 4323 1733 4399 nossunt,(nanifestum
1766 4325 1923 4405 quod
1942 4334 2148 4387 teneno

498 4423 615 4490 tur,
640 4423 698 4477 et
727 4432 860 4477 cum
896 4411 1253 4494 pauperibus
1280 4431 1395 4472 non
1428 4408 1877 4483 distribuantur,
1914 4414 2151 4492 injustze

492 4502 658 4564 sint:
707 4503 817 4563 hoc
874 4511 1073 4561 autem
1108 4510 1198 4561 est
1230 4499 1538 4561 vindicare
1582 4499 1697 4561 sibi
1744 4519 1842 4561 res
1899 4500 2144 4573 alienas,

492 4593 632 4653 M5
664 4601 840 4673 atque
888 4610 985 4652 eas
1016 4609 1148 4671 qua;
1179 4608 1505 4670 pauperum
1540 4598 1678 4650 sunt
1712 4609 1724 4651 τ
1763 4588 1822 4650 id
1854 4589 2014 4670 quod
2047 4591 2141 4651 in-

486 4682 729 4762 justitiae
762 4690 870 4741 est.
899 4679 1097 4759 Itaque
1130 4679 1183 4738 ei
1213 4676 1313 4759 qui
1359 4678 1599 4740 divitias
1655 4678 1791 4740 illas
1824 4678 1979 4740 male
2014 4679 2141 4741 dis-

496 4780 704 4851 pensat
734 4780 791 4831 et
819 4769 1161 4847 inﬁdeliter,
1196 4768 1492 4847 quomodo
1525 4780 1679 4829 vera;
1700 4767 2022 4830 credentur
2045 4768 2143 4831 di-

491 4861 647 4922 vitize
679 4874 737 4922 et
766 4858 939 4921 nobis
969 4857 1069 4938 qui
1103 4856 1254 4918 male
1278 4858 1700 4938 dispensamus
1721 4857 2004 4932 alienum,
2035 4858 2147 4921 hoc

498 4960 609 5031 est,
637 4948 961 5031 peeunias:
997 4946 1208 5008 alienae
1240 4947 1397 5007 enim
1428 4954 1568 5007 sunt
1607 4946 1719 5020 hie,
1759 4956 1962 5027 utpote
1995 4966 2145 5028 pau-

500 5040 741 5118 peribus
773 5034 1217 5114 designataenel
1248 5034 1442 5109 aliter,
1483 5047 1774 5115 quatenus
1816 5034 1963 5096 nihil
1986 5043 2145 5096 attu-

500 5128 742 5189 lerimus
768 5125 827 5186 in
856 5127 1013 5186 hunc
1049 5126 1357 5201 mundum,
1392 5124 1658 5205 nudique
1688 5125 1746 5185 in
1788 5124 1945 5186 hunc
1978 5144 2151 5186 mun-

498 5218 635 5278 dqu
653 5216 772 5278 nati
807 5214 1178 5294 simus:quod
1195 5223 1459 5274 nostrum
1477 5223 1565 5275 est
1578 5213 1712 5294 quis
1728 5212 2153 5276 dabitYNostraa

497 5314 692 5367 autem
717 5313 857 5365 sunt
894 5304 1115 5363 divitia:
1168 5303 1440 5364 caalestes
1469 5312 1526 5363 et
1556 5303 1792 5376 divinae,
1830 5302 1955 5364 illic
1987 5303 2147 5365 enim

500 5405 702 5456 noster
733 5394 1130 5474 nmnicipatus
1162 5402 1339 5467 est;et
1360 5392 1681 5455 hominiad
1699 5392 2018 5474 imaginem
2040 5393 2145 5455 Dei

500 5486 649 5545 facto
674 5474 942 5566 pecunia}
963 5481 1203 5564 quidem
1237 5489 1295 5543 et
1326 5482 1736 5563 possessiones
1751 5478 1962 5543 alienae
1981 5492 2140 5556 sunt,

500 5573 648 5633 nihil
682 5572 843 5633 enim
870 5572 1067 5633 simile
1091 5569 1178 5631 illi
1206 5588 1278 5631 ex
1309 5569 1780 5632 bis.Divinorum
1803 5579 1997 5631 autem
2030 5569 2142 5631 bo-

502 5680 713 5723 norum
767 5659 964 5722 fruitio
1015 5668 1074 5720 et
1122 5659 1494 5741 participatio
1547 5660 1675 5740 Dei,
1724 5667 1926 5722 nostra
1982 5669 2138 5724 sunt.

2327 2032 2357 2063 α
2437 1999 2495 2065 Ὀ
2563 2010 2750 2070 πιστὸς
2823 2012 2879 2063 ἐν
2933 2005 3228 2085 ἐλαχίστῳ,
3260 2006 3348 2061 καὶ
3377 2006 3431 2062 ἐν
3474 2003 3663 2078 πολλῷ
3706 2004 3893 2066 πιστός

2240 2097 2405 2155 ἐστιν’
2485 2099 2513 2154 ὁ
2591 2094 2646 2153 δὲ
2678 2095 2949 2175 ἐλαχίστῳ
2974 2092 3177 2171 ἄδικος,
3227 2095 3315 2150 καὶ
3368 2094 3423 2150 ἐν
3491 2092 3677 2167 πολλῴ
3718 2090 3899 2156 ἄδικός

2239 2186 2404 2245 ἐστιν.
2494 2187 2549 2242 Εἰ
2606 2185 2693 2242 οὗν
2752 2188 2808 2240 ἓν
2838 2191 2917 2259 τῷ
2958 2181 3121 2259 ἀδίκῳ
3178 2188 3409 2260 μαμωνᾷ
3437 2183 3615 2239 πιστοὶ
3644 2184 3739 2239 οῦκ
3769 2181 3896 2260 ἐγέ-

2239 2280 2413 2355 νεσθε,
2472 2276 2534 2331 τὸ
2604 2273 2857 2341 ἀληθινὸν
2907 2274 2983 2336 τίς
3056 2275 3186 2348 ὑμῖν
3255 2265 3525 2328 πιστεύσει
3573 2290 3590 2346 ;
3636 2272 3735 2328 Καὶ
3763 2272 3808 2326 εἰ
3839 2270 3895 2326 ἐν

2236 2373 2313 2438 τῷ
2370 2362 2632 2443 ἀλλοτρίῳ
2691 2364 2869 2420 πιστοὶ
2929 2364 3023 2419 οὒκ
3074 2361 3339 2440 ἐγένεσθε,
3412 2364 3475 2417 τὸ
3519 2360 3770 2438 ὑμέτερον
3814 2360 3893 2422 τίς

2235 2456 2363 2529 ὑμῖν
2423 2451 2578 2508 δώσει
2628 2471 2644 2531 ;
2719 2450 2895 2515 Οὐδεὶς
2968 2452 3179 2518 οἰκέτης
3260 2448 3472 2506 δύναται
3531 2447 3642 2505 δυσὶ
3690 2450 3893 2527 κυρίοις

2236 2540 2520 2601 δουλεύεινυ
2582 2539 2617 2607 ἦ
2675 2540 2775 2619 γὰρ
2831 2542 2923 2596 τὸν
2981 2539 3072 2595 ἕνα
3141 2540 3381 2614 μισήσει,
3442 2538 3531 2594 καὶ
3575 2538 3667 2593 τὸν
3711 2536 3889 2615 ἕτερον

2236 2631 2524 2708 ἀγαπήσει,
2592 2629 2627 2696 ἢ
2700 2630 2815 2691 ἑνὸς
2874 2628 3160 2705 ἀνθέξεται,
3219 2629 3307 2683 καὶ
3358 2636 3452 2685 τοῦ
3493 2626 3671 2703 ἑτέρου
3718 2648 3895 2681 κατα-

2234 2721 2508 2799 φρονήσει³
2571 2719 2631 2775 οὔ
2685 2717 2897 2774 δύνασθε
2971 2722 3087 2790 Θεῷ
3141 2714 3409 2772 δουλεὺειν
3437 2717 3526 2771 καὶ
3569 2720 3823 2790 μαμωνᾷ,
3855 2738 3884 2769 ι

2238 2798 2369 2865 "En
2431 2810 2549 2886 περὶ
2578 2817 2671 2865 τοῦ
2698 2806 2812 2863 δεῖν
2839 2807 2977 2863 κατά
3008 2808 3138 2861 Θεὸν
3181 2806 3484 2880 οἰκονομεῖν
3514 2805 3604 2860 τὸν
3656 2801 3889 2859 πλοῦτον

2234 2897 2488 2959 διδάσκει,
2555 2887 2612 2953 Ὀ
2685 2898 2786 2975 γὰρ
2841 2898 3030 2961 πισεὸς
3087 2894 3143 2949 ἐν
3198 2893 3493 2974 ἐλαχίστῳ,
3525 2892 3795 2949 τουτέστιν
3861 2894 3892 2946 ὁ

2234 2985 2506 3056 διοικήσας
2564 2987 2739 3051 καλῶς
2795 2987 2886 3042 τὸν
2956 2983 3367 3060 ἐμπιστευθέντα
3452 2986 3593 3056 αὖτῴ
3661 2979 3892 3037 πλοῦτον

2234 3077 2287 3132 ἐν
2345 3081 2423 3150 τῷ
2470 3076 2658 3151 κόσμῳ
2724 3076 2916 3148 τούτῳ,
2976 3076 3064 3130 καὶ
3130 3073 3188 3128 ἐν
3242 3072 3429 3146 πολλῴ
3499 3072 3687 3133 πιστός
3750 3068 3885 3141 ἐστι,

2233 3164 2495 3243 τουτέστι,
2551 3166 2640 3219 καὶ
2692 3162 2744 3219 ἐν
2775 3170 2851 3237 τῷ
2881 3161 3131 3239 μέλλοντι
3174 3163 3324 3218 αἰῶνι
3368 3167 3460 3217 τοῦ
3502 3160 3668 3225 όντως
3708 3158 3885 3215 πλοσ-

2233 3276 2325 3312 του
2395 3252 2537 3319 ἄξιός
2609 3252 2781 3315 ἐστιν,
2843 3250 3164 3330 Ἐλάχιστον
3222 3250 3311 3308 οὖν
3369 3248 3529 3306 καλεῖ
3556 3251 3646 3306 τὸν
3696 3250 3890 3327 γήϊνον

2234 3342 2483 3417 πλοῦτον,
2546 3351 2619 3405 ὼς
2670 3348 2749 3417 τῷ
2797 3341 2906 3397 ἄντι
2956 3341 3169 3421 μικρὸν,
3226 3338 3432 3415 μᾶλλον
3464 3336 3519 3395 δὲ
3549 3335 3694 3395 οὐδὲν
3735 3335 3889 3411 ὄντα,

2232 3434 2449 3511 ἐπείπερ
2505 3432 2744 3509 ρευστός’
2805 3428 2972 3487 πολὺν
3022 3428 3101 3505 δὲ,
3168 3430 3289 3511 τὸν,
3327 3428 3589 3509 οὐράνιον,
3649 3429 3724 3491 ὡς
3780 3426 3886 3503 μέλ·-

2234 3544 2392 3579 νοντα
2448 3520 2551 3600 ἀεὶ,
2626 3522 2713 3577 καὶ
2769 3520 3199 3599 προστιθέμενον.
3277 3508 3334 3575 Ὀ
3392 3508 3447 3573 δὲ
3518 3518 3574 3573 ἐν
3602 3517 3775 3590 τούτῳ
3812 3520 3889 3588 τῷ

2233 3614 2417 3689 γηῖγῳ
2487 3609 2666 3673 ἄδικος
2724 3611 2928 3689 φανεὶς,
2999 3610 3088 3666 καὶ
3170 3605 3610 3688 σφετερισάμενος
3685 3605 3757 3662 τὰ
3790 3605 3887 3669 ἐἷς

2232 3700 2416 3767 κοινὴν
2485 3704 2591 3754 τῶν
2649 3697 2885 3777 ἀδελφῶν
2945 3698 3129 3779 χρείαν
3184 3695 3397 3754 δοθέντα
3455 3697 3598 3770 αὒτῷ
3640 3692 3755 3753 οὐδέ
3796 3700 3888 3750 τοῦ

2232 3788 2434 3846 πολλοῦ
2486 3788 2686 3845 ἐκείνου
2756 3786 2896 3868 ἄξιος
2955 3789 3316 3868 εὑρεθήσεται,
3388 3784 3509 3841 ἀλλ’
3575 3786 3648 3848 ὡς
3706 3780 3909 3846 ἄδικος.

2231 3874 2694 3944 ἀποϐληθὴσεται.
2757 3867 3094 3954 Ἐρμηνεύων
3142 3873 3197 3931 δὲ
3260 3867 3322 3933 τὸ
3385 3874 3564 3952 ῥηθὲν,
3615 3872 3883 3953 ἐπιφέρει·

2234 3967 2292 4022 Et
2362 3965 2417 4022 ἐν
2471 3972 2548 4039 τῷ
2604 3963 2767 4039 ἀδίκῳ
2822 3966 3052 4041 μαμωνᾷ
3107 3966 3284 4021 πιστοὶ
3349 3965 3445 4020 οὖα
3485 3963 3752 4042 ἐγένεσθε,
3795 3963 3889 4018 τὸν

2230 4054 2477 4122 ἀληθινὸν
2535 4058 2615 4119 τίς
2672 4056 2801 4130 ὑμῖν
2871 4052 3140 4111 πιστεύσει
3175 4069 3193 4128 ;
3227 4043 3463 4110 ”Λδικον
3493 4054 3593 4129 μὲν
3619 4058 3887 4129 μαμωνᾶν

2228 4147 2320 4201 τὸν
2377 4145 2642 4223 προσόντα
2711 4144 2939 4201 πλοῦτον
2994 4146 3122 4218 ὑμῖν
3187 4143 3487 4219 ὠνόμασενο
3547 4144 3590 4199 εἰ
3645 4144 3747 4221 γὰρ
3794 4144 3899 4200 οῦκ

2230 4235 2297 4303 ἦν
2364 4233 2568 4310 ἄδικος,
2628 4236 2722 4292 οὒκ
2778 4233 2838 4290 ἄν
2908 4231 3135 4312 προσῆν,
3196 4240 3285 4289 νῦν
3356 4231 3410 4289 δὲ
3460 4231 3574 4288 ἐπεὶ
3603 4232 3890 4310 πρόσεστιν

2229 4325 2389 4399 ἡμῖν,
2464 4320 2682 4391 εὔδηλον
2750 4322 2831 4378 ὅτι
2873 4324 3359 4402 ῦποκρατούμενος,
3403 4324 3495 4379 καὶ
3521 4324 3601 4392 μὴ
3632 4334 3884 4401 πτωχοῖς

2234 4411 2616 4488 διαδιδόμενος,
2704 4410 2881 4477 ἄδικός
2964 4410 3098 4469 ἐστι·
3183 4420 3341 4469 τοῦτο
3444 4410 3497 4468 δὲ
3592 4413 3886 4491 νοσφισμδς

2231 4500 2522 4581 ἀλλοτρίων
2594 4501 2894 4581 χρημάτων
2950 4503 3039 4558 καὶ
3108 4507 3429 4581 πτωχικῶν,
3460 4508 3614 4558 τοῦτο
3642 4498 3697 4556 δὲ
3758 4499 3892 4557 ἀδι-

2228 4592 2340 4654 κία.
2411 4580 2518 4655 "Oc
2566 4580 2656 4649 οῦν
2738 4592 2830 4648 τὸν
2904 4588 3132 4650 πλοῦτον
3223 4580 3379 4648 τοῦτο
3413 4580 3421 4581 7
3456 4591 3638 4656 κακῶς
3697 4589 3892 4648 διοικεῖ

2170 4682 2313 4765 οκαὶ
2369 4680 2627 4755 ἀπίστως,
2690 4683 2807 4744 πῶς
2875 4682 2993 4741 τὸν,
3025 4679 3275 4747 ἀληθινὸν
3334 4680 3563 4738 πλοῦτον
3592 4681 3886 4747 πιστευθή-

2405 4790 2422 4851 ;
2483 4772 2570 4827 καὶ
2616 4783 2735 4835 τοῖς
2776 4770 2855 4846 μὴ
2878 4775 3081 4833 πιστῶς
3125 4768 3447 4835 διαθεπένοις
3476 4772 3615 4846 ἡμῖν
3646 4771 3711 4827 τὸ
3731 4769 3895 4829 ἀλλό-

2225 4882 2395 4939 τριον,
2467 4860 2735 4941 τουτέστι,
2782 4860 2849 4915 τὰ
2901 4860 3181 4939 χρήματα⁶
3217 4858 3472 4939 ἀλλότρια
3500 4858 3556 4915 δὲ
3604 4870 3766 4919 ταῦτα
3814 4862 3891 4926 ὡς

2228 4962 2346 5014 τοῖς
2401 4963 2652 5030 πτωχοῖς
2736 4948 3099 5028 ἀφωρισμένα,
3158 4950 3247 5006 καὶ
3305 4948 3505 5030 ἄλλως,
3593 4952 3722 5007 καθὸ
3794 4950 3890 5009 οὐκ

2233 5036 2617 5117 εἷσηνέγκαμέν
2647 5061 2696 5095 τι
2726 5040 2801 5102 εἰς
2830 5039 2921 5095 τὸν
2953 5038 3179 5116 κόσμον,
3211 5037 3348 5095 ἀλλά
3378 5040 3567 5117 γυμνοὶ
3624 5042 3879 5118 γεγεννή-

2233 5132 2388 5205 μεθα·
2434 5129 2495 5184 τὸ
2525 5129 2786 5209 ἡμέτερον
2815 5130 2893 5193 τὶς
2924 5126 3080 5184 δώσει
3114 5148 3131 5209 ;
3165 5120 3453 5208 Ἡμέτερον
3481 5127 3539 5185 δὲ
3570 5132 3598 5186 ὁ
3654 5130 3883 5191 πλοῦτος

2231 5220 2260 5274 ὁ
2318 5218 2555 5297 οὐράνιος
2598 5220 2686 5275 καὶ
2755 5222 2924 5299 θεῖος,
2997 5217 3113 5275 ἐκεῖ
3141 5220 3241 5297 γὰρ
3283 5220 3440 5294 ἡμῶν
3468 5220 3531 5276 τὸ
3560 5218 3887 5297 πολίτευμα,

2229 5308 2318 5364 καὶ
2371 5317 2465 5366 τοῦ
2515 5309 2634 5365 κατ’
2690 5308 2865 5365 εἰκόνα
2919 5315 3050 5365 Θεοῦ
3105 5306 3585 5387 δημιουργηθέντος
3616 5309 3892 5390 ἀνθρώπω

2229 5397 2489 5477 χρὴματα
2545 5397 2669 5473 μὲν,
2736 5399 2819 5453 κυὶ
2875 5398 3124 5475 κτήματα
3208 5396 3485 5477 ἀλλότρια,
3560 5397 3708 5457 οὐδὲν
3792 5402 3892 5481 γὰρ

2228 5486 2399 5543 ’έοικεν
2456 5486 2599 5562 αὒτῴ
2647 5488 2871 5547 τούτων.
2949 5487 3114 5543 Θείων
3171 5485 3225 5543 δὲ
3277 5488 3489 5567 ἀγαθῶν
3562 5488 3889 5566 ἀπόλαυσις,

2226 5575 2314 5630 καὶ
2378 5582 2511 5633 Θεοῦ
2568 5573 2796 5651 μέθεξις,
2850 5576 3008 5632 τοῦτό
3038 5575 3150 5631 ἐστι
3180 5578 3243 5631 τὸ
3265 5576 3546 5656 ἡμέτερον.
3582 5578 3758 5658 Μέχρι
3791 5579 3888 5654 μὲν

2225 5670 2311 5720 οῦν
2362 5666 2547 5721 τούτου
2600 5662 2825 5729 ἐδίδαξεν
2853 5666 3020 5741 ημᾶς,
3050 5671 3166 5731 πῶς
3198 5663 3282 5723 δεῖ
3311 5664 3536 5727 διοικεῖν
3568 5669 3659 5725 τὸν
3711 5667 3884 5725 πλοῦ-

2226 4792 2371 4826 σεται
2406 4790 2419 4826 Σ
