4184 6408
442 379 568 446 979

1415 388 1458 448 Τ
1467 383 1716 450 ΗΕΟΡΙΙ
1727 384 1999 449 YLACTI
2043 383 2089 444 B
2101 382 2138 443 L'
2150 383 2244 444 LG
2255 384 2458 447 Mihi}
2504 381 2858 447 ARCHIEP.

3730 373 3850 441 980

444 527 635 608 nquit,
671 535 727 587 tu
763 529 1006 589 fratrum
1039 544 1239 591 curam
1291 528 1454 608 geris
1507 539 1570 590 ut
1622 530 1721 609 qui
1767 527 1899 589 illos
1953 518 2132 586 fecit}

2237 521 2545 602 ὸτὸνέγρῆν
2576 527 2712 578 εἶναι
2745 524 2971 602 κήρυκα.
3007 524 3064 578 Τί
3092 523 3181 578 οὖν
3216 524 3242 577 ὁ
3272 518 3516 598 Ἀϐραάμ
3556 535 3571 590 ;
3608 514 3851 593 ’Ἔχουσι

463 615 646 676 Deus.
688 615 1041 678 Innumeros
1073 619 1229 679 enim
1254 617 1375 679 illis
1411 618 1672 696 praefecit
1707 618 2004 678 doctores.
2045 615 2126 676 At

457 705 643 782 dives,
694 705 849 784 Non,
896 707 1104 787 inquit,
1171 717 1354 788 pater.
1412 707 1557 770 Nam
1617 704 2120 788 quemadmodum

465 794 594 874 ipse
617 796 955 875 Scripturas
987 797 1238 860 audiens
1269 817 1386 859 non
1418 798 1779 869 crediderat,
1815 807 1870 857 et
1895 793 2122 857 fabulas

464 902 601 946 esse
627 895 863 965 putarat
895 905 964 947 ea
999 907 1134 964 qua;
1164 887 1514 948 dicebantur
1557 908 1569 950 :
1626 886 1906 949 similiter
1940 885 2116 947 etiam

465 972 675 1035 fratres
707 992 846 1038 suos
878 994 944 1036 se
977 975 1199 1038 habere
1232 977 1568 1057 suspicatus
1602 983 1712 1049 est,
1745 985 1800 1037 et
1832 994 1900 1038 ex
1936 995 1999 1035 se
2015 973 2120 1054 ju-

469 1062 679 1124 dicans
701 1064 938 1127 dicebat
968 1066 1127 1145 quod
1164 1085 1281 1126 non
1325 1064 1582 1126 audituri
1614 1066 1730 1126 sint
1761 1065 2118 1146 Scripturas,

466 1150 626 1215 sicut
655 1172 849 1232 neque
877 1155 1042 1233 ipse;
1078 1155 1208 1234 sed,
1231 1155 1280 1216 si
1313 1155 1446 1235 quis
1478 1173 1546 1215 ex
1579 1154 1824 1214 mortuis
1850 1167 2120 1214 resurre-

455 1249 667 1302 cturus
701 1253 883 1317 es:et,
912 1244 1194 1306 credituri
1227 1247 1368 1307 sint.
1399 1243 1567 1305 Tales
1594 1243 1772 1304 etiam
1803 1263 1959 1304 nunc
1987 1247 2125 1301 sunt

457 1331 556 1408 qui
592 1331 839 1393 dicunt:
872 1333 1017 1406 Quis
1070 1333 1213 1394 vidit
1260 1353 1329 1394 ea
1372 1353 1504 1413 qua:
1548 1336 1603 1394 in
1658 1333 1942 1394 inferno?
1975 1329 2122 1402 Quis

453 1419 616 1479 venit
661 1421 846 1493 illinc,
909 1433 966 1484 et
1014 1425 1382 1484 annuntiavit
1440 1422 1660 1484 nobis?
1715 1421 1829 1484 Sed
1883 1421 2122 1482 audiant

455 1508 779 1572 Abraham.
820 1513 1116 1584 Quoniam
1167 1512 1216 1572 si
1259 1512 1602 1592 Scripturas
1653 1531 1767 1572 non
1815 1515 2117 1572 audimus.

2213 613 2403 669 Μωσέα
2441 633 2454 646 ⁶
2511 615 2614 693 οὔχ
2670 612 2858 687 οὕτως,
2914 615 3067 694 φησί,
3143 614 3202 667 σὺ
3259 610 3398 686 κήδῃ
3445 616 3548 665 τῶν
3597 605 3854 683 ἀδελφῶν,

2207 702 2281 765 ὡς
2341 703 2368 758 ὃ
2419 704 2648 771 ποιήσας
2708 702 2894 767 αὐτοὺς
2953 703 3101 766 Θεός·
3159 703 3368 779 μυρίους
3418 701 3518 776 γὰρ
3571 696 3860 758 ἐπέστησεν

2206 790 2389 854 αὐτοῖς
2443 789 2809 853 διδασκάλους,
2903 782 2958 848 Ὀ
3036 788 3089 844 δὲ
3148 788 3419 866 πλούσιος,
3481 787 3638 864 Οὐχὶ,
3708 782 3858 862 orici,

2206 880 2392 957 πὰτερ.
2455 877 2604 937 Ἐπεί
2655 881 2754 958 γὰρ
2806 881 2960 942 αὐτὸς
3025 885 3130 935 τῶν
3190 884 3407 957 Γραφῶν
3469 876 3670 932 ἁκούων
3729 871 3859 938 ἠπί-

2206 990 2336 1042 στει,
2390 970 2475 1024 καί
2518 969 2708 1044 μύθους
2755 972 2895 1025 εἶναι
2937 969 3004 1024 τὰ
3063 967 3329 1046 λεγόμενα
3371 965 3601 1041 ἐνόμιζε,
3663 960 3861 1035 ὁμοίως

2207 1057 2352 1137 ἔχειν
2407 1058 2650 1120 καὶτοὺς
2695 1055 2949 1136 ἀδελφοὺς
3007 1053 3368 1128 ὑπελάμϐανε,
3421 1057 3508 1111 καὶ
3557 1051 3646 1132 ἀφ’
3679 1052 3863 1105 ἑαυτοῦ

2204 1147 2390 1227 κρίνων
2452 1146 2622 1226 ἔλεγε,
2686 1146 2766 1203 ὅτι
2823 1149 2918 1204 οὐκ
2969 1146 3215 1202 ἀκούουσι
3246 1149 3348 1200 τῶν
3396 1145 3636 1222 Γρανρὼν,
3687 1139 3864 1213 ὥσπερ

2206 1237 2293 1294 οὖν
2339 1235 2445 1292 οὐδ’
2507 1238 2686 1306 αὐτὸς,
2742 1234 2860 1291 ἀλλ’
2896 1234 2984 1290 ἐάν
3028 1257 3108 1300 τις
3155 1235 3215 1291 ὲκ
3266 1241 3462 1313 νεκρῶν
3521 1234 3725 1306 ἀναστῇ
3769 1248 3862 1282 πι-

2209 1327 2508 1383 στεύσουσι.
2544 1333 2781 1384 Τοιοῦτοι
2814 1326 2898 1381 καὶ
2927 1327 3013 1380 vim
3042 1325 3172 1381 εἰσιν
3223 1327 3275 1380 οἱ
3326 1323 3541 1399 λέγουσι
3576 1340 3588 1354 ⁸
3628 1320 3714 1382 Τίς
3746 1313 3858 1374 οἶδε

2206 1417 2272 1472 τὰ
2303 1417 2356 1472 ἐν
2388 1413 2511 1488 ᾃδου
2545 1435 2562 1495 ;
2596 1416 2672 1480 τίς
2705 1413 2868 1471 ἐλθὼν
2906 1414 3110 1470 ἐκεῖθεν
3139 1411 3466 1491 ἀπήγγειλεν
3497 1414 3632 1486 ἡμῖν
3670 1428 3685 1484 ;
3737 1403 3862 1465 Αλλ’

2206 1506 2576 1561 ἄκουσάτωσαν
2629 1512 2718 1560 τοῦ
2777 1501 3019 1582 Ἀϐραὰμ
3058 1523 3074 1574 ;
3140 1502 3222 1558 ὅτι
3272 1504 3314 1558 εἰ
3357 1509 3462 1557 τῶν
3507 1505 3726 1578 Γραφῶν
3771 1498 3863 1552 οὐκ

457 1618 652 1679 neque
683 1601 773 1661 his
793 1603 893 1681 qui
918 1621 985 1662 ex
1011 1603 1244 1663 inferno
1267 1589 1534 1673 veniunt,
1570 1600 1990 1662 credemusEt
2011 1599 2123 1660 hoc

2218 1595 2485 1670 ἱκούομεν,
2522 1591 2636 1652 οὐδὲ
2679 1607 2798 1656 τοῖς
2841 1593 2890 1658 ἒξ
2945 1591 3069 1665 ᾅδου
3115 1591 3429 1672 ἐρχομένοις
3489 1589 3860 1662 πιστεύσομεν.

458 1680 1147 1771 rigiiifestai-UntJudaei,
1189 1691 1294 1771 qui
1323 1690 1465 1767 quia
1488 1688 1820 1769 Scripturas
1855 1709 1968 1749 non
2001 1707 2110 1749 au-

2218 1685 2305 1741 Καὶ
2335 1690 2488 1740 τοῦτο
2519 1681 2794 1752 ἐδήλωσαν
2843 1686 2890 1738 οἰ
2950 1681 3224 1754 Ἰουδαῖοι,
3279 1681 3333 1738 οἲ
3366 1680 3479 1736 ἐπεὶ
3509 1680 3613 1736 τῶν
3647 1682 3864 1755 Γραφῶν

457 1766 720 1850 dierum,
760 1798 955 1859 neque
989 1765 1637 1841 cum'resurrexissent-
1659 1779 1895 1847 mortui,
1923 1777 2115 1840 credi-

2218 1774 2290 1829 ιύκ
2346 1772 2559 1843 ἤκούον,
2617 1769 2732 1829 ούδὲ
2789 1773 2999 1851 νεκροὺς
3086 1769 3284 1833 ἰδόντες
3343 1770 3670 1830 ἀναστάντας
3748 1765 3865 1820 ἐπί-

455 1867 710 1929 derunt:
748 1856 946 1941 sedvel
978 1869 1257 1930 Lazarum
1312 1869 1587 1930 occidere
1619 1878 2019 1942 tentaverunt,
2054 1875 2112 1928 et

2218 1882 2442 1941 ντευσαν,
2506 1859 2643 1917 ἀλλὰ
2706 1862 2793 1916 καί
2848 1865 2939 1916 τὸν
3001 1861 3233 1939 Λάζαρον
3290 1857 3502 1916 ἀνελεῖν
3534 1856 3864 1935 ἐπεχείρουν,

457 1975 593 2016 cum
630 1957 844 2017 mortui
895 1958 1061 2018 multi
1114 1958 1586 2020 resurrexissent
1632 1957 1911 2020 crucifixo
1940 1955 2108 2036 Jesu,

2218 1952 2280 2006 Lai
2337 1951 2390 2007 ἐν
2437 1958 2512 2024 τῷ
2563 1956 2772 2027 σταυρῴ
2806 1957 3006 2030 νεκρῶν
3051 1948 3266 2006 πολλῶν
3318 1948 3679 2016 ἀναστάντων,
3715 1943 3862 2019 ὅμως

461 2047 640 2123 magis
663 2057 860 2107 tamen
886 2049 1197 2112 saevientes
1214 2047 1401 2111 Judaei
1417 2047 2070 2128 invaseruntapostolos
2093 2031 2106 2108 Ξ

2218 2052 2310 2103 :01;
2355 2037 2677 2102 ὁποστόλοις
2728 2038 3012 2109 ἐπεπήδων
3069 2042 3448 2118 φονικώτερον,
3529 2035 3678 2094 Ἐπεὶ
3748 2031 3862 2109 εἴγε

457 2134 586 2193 421
623 2135 760 2213 quia
793 2136 843 2196 si
869 2137 1108 2216 quidem
1144 2137 1287 2198 illud
1323 2137 1639 2216 profuisset
1688 2123 1859 2198 nobis
1909 2136 1981 2195 ad
2035 2135 2110 2196 li-

2218 2127 2388 2208 ἱκρέλει
2433 2127 2576 2204 ἡμᾶς
2630 2130 2703 2190 εἰς
2750 2129 2951 2202 πίστιν,
2993 2131 3080 2184 καὶ
3122 2130 3277 2184 τοῦτο
3326 2128 3490 2184 ἐποίει
3550 2127 3609 2180 ἂν
3659 2123 3869 2202 συχνα-

457 2224 618 2299 dem,
647 2223 822 2285 etiam
849 2215 960 2287 hoc
992 2245 1148 2305 saepe
1175 2215 1409 2288 fecisset
1440 2229 1752 2290 Dominus.
1778 2225 1944 2288 Nunc
1964 2224 2111 2286 nihil

2218 2239 2279 2280 ιις
2333 2221 2360 2274 ὁ
2412 2219 2619 2295 Κύριος.
2656 2217 2758 2275 Νὗν
2789 2216 2842 2272 δὲ
2887 2215 3032 2274 ούδὲν
3080 2218 3247 2279 οὕτως
3293 2215 3520 2289 ὠφελεῖ,
3553 2217 3626 2276 ὡς
3673 2215 3708 2280 ἡ
3765 2215 3870 2266 τῶν

459 2321 573 2374 tam
614 2313 754 2374 utile
787 2324 876 2375 est
907 2324 969 2375 ut
1013 2300 1454 2396 scripturarum
1507 2315 1765 2394 diligens
1813 2315 2122 2379 scrutatio.

2218 2313 2431 2387 Γραφῶν
2473 2303 2694 2384 ἀκριϐὴς
2761 2304 2967 2385 ἔρευνα.
3044 2307 3272 2384 Νεκροὺς
3346 2303 3400 2360 δὲ
3443 2305 3678 2375 ἀνιστᾷν,
3743 2300 3867 2356 ἐσο-

460 2404 826 2464 Mortuorum
861 2390 1307 2466 suscitationem
1344 2405 1484 2465 false
1515 2390 1950 2484 etapparenter
1976 2407 2132 2464 face-

2218 2397 2398 2474 ,ρίσατο
2446 2394 2508 2450 ἂν
2562 2397 2590 2451 ὁ
2646 2392 2894 2458 διάϐολος
2959 2397 3093 2450 κατὰ
3143 2395 3454 2475 φαντασίαν,
3487 2395 3576 2450 καὶ
3604 2390 3688 2447 διὰ
3718 2396 3871 2445 τοῦτο

464 2509 528 2550 re
564 2503 758 2570 posset
786 2492 962 2553 etiam
997 2494 1299 2567 diabolus,
1325 2503 1390 2554 ut
1415 2476 2125 2573 seducet-imprudentes,

2218 2483 2500 2551 ιπλένησεν
2560 2483 2621 2538 ἂν
2683 2486 2803 2547 τοὺς
2863 2485 3146 2564 ἀνοήτους,
3211 2486 3326 2559 περὶ
3384 2491 3489 2539 τῶν
3523 2481 3575 2538 ἑν
3627 2479 3751 2552 ᾅδου
3775 2476 3867 2533 δό-

465 2581 772 2641 seminans
809 2583 1108 2644 doctrinas
1132 2583 1206 2644 de
1230 2583 1464 2643 inferno
1483 2583 1698 2656 dignas
1729 2570 1833 2642 sua
1858 2580 2082 2642 malitia
2107 2600 2122 2642 :

2218 2595 2389 2651 γματα
2450 2570 2568 2636 ἂξια
2621 2573 2718 2640 τῆς
2764 2572 2958 2636 οἰκείας
3045 2573 3230 2634 κακίας
3307 2572 3696 2639 κατασπείρων,
3760 2571 3872 2625 Τῶν

463 2677 521 2728 at
555 2668 640 2730 eis
669 2671 767 2748 qui
803 2671 1142 2750 Scripturas
1177 2671 1360 2751 probe
1385 2681 1746 2744 scrutantur,
1775 2671 2132 2752 nihilpotest

2218 2662 2268 2718 δὲ
2321 2666 2537 2740 Γραφῶν
2581 2661 2743 2737 ὑγιῶς
2801 2660 3196 2736 ἐρευνωμένων,
3261 2660 3408 2717 οὐδὲν
3436 2660 3646 2738 ἰσχύσει
3691 2668 3869 2715 τοιου-

493 2758 747 2821 lludere.
784 2758 904 2820 Illze
936 2748 1096 2821 enim
1129 2748 1267 2824 sunt
1299 2761 1539 2822 lucerna
1563 2771 1616 2822 et
1646 2762 1864 2828 lumen.
1901 2748 2016 2838 quo
2041 2761 2118 2822 Iu-

2218 2773 2305 2808 τον
2361 2750 2671 2828 σοφίσασθαι
2707 2766 2720 2780 ⁸
2785 2753 2933 2806 αὗται
2993 2751 3092 2829 γὰρ
3164 2752 3262 2806 εἰσι
3322 2748 3517 2829 λύχνος
3591 2751 3676 2804 καὶ
3734 2754 3872 2824 φῶς,

469 2855 643 2907 cente
670 2848 760 2907 fur
781 2848 1255 2928 deprehenditur
1275 2860 1332 2911 et
1355 2851 1790 2913 manifestatur.
1809 2835 1932 2912 lllis
1952 2849 2132 2928 igitur

2218 2842 2303 2896 καί
2354 2842 2537 2896 τούτου
2594 2841 2893 2920 φαίνοντος,
2956 2842 2984 2896 ὁ
3041 2839 3274 2906 κλέπτης
3328 2841 3564 2919 φαίνεται
3628 2838 3716 2893 καὶ
3781 2835 3872 2891 εὖ·

468 2927 942 3016 οτοόθηιιιιῐη,ίοῐ
973 2937 1046 2998 de
1069 2946 1441 3001 mortuorum
1470 2937 1860 3000 suscitatione
1893 2927 2006 2999 non
2034 2959 2132 3000 cu-

2218 2929 2473 3001 ρίσκεται.
2537 2929 2762 2994 Ταύταις
2821 2932 2910 2984 οὖν
2996 2929 3325 3002 πιστευτέον,
3401 2929 3487 2983 καί
3568 2927 3645 3001 μὴ
3703 2933 3874 2996 ζητη-

467 3015 1174 3088 randum.PoSsetautem
1209 3027 1488 3108 parabola
1509 3031 1629 3089 haec
1659 3046 1764 3108 per
1787 3028 2129 3106 allegoriam

2218 3020 2335 3075 τέον
2381 3023 2578 3096 νεκρῶν
2623 3017 2958 3079 ἀιαστάσεις.
3020 3015 3191 3074 ’Ἔστι
3247 3018 3302 3073 δὲ
3348 3018 3434 3073 καὶ
3489 3016 3875 3095 τροπικώτερον

467 3113 707 3193 exponi,
746 3123 802 3174 et
832 3115 913 3175 ita
951 3117 1094 3190 dici,
1133 3104 1286 3197 quod
1325 3136 1430 3197 per
1462 3104 1705 3178 divitem
1742 3104 1994 3196 populus
2023 3117 2129 3179 Ju-

2218 3115 2314 3174 τήν
2407 3104 2717 3184 παραϐολὴν
2805 3109 3000 3174 ταύτην
3079 3105 3349 3176 ἐκλαϐεῖν,

3438 3107 3692 3185 λέγοντας
3787 3106 3876 3161 τον

468 3188 731 3263 όεὲοῐυιη
764 3188 1348 3284 signiﬁcetur-Dives
1380 3208 1538 3267 enim
1568 3207 1666 3268 ille
1697 3188 2000 3287 fuit-olim,
2035 3206 2128 3268 lo-

2220 3188 2505 3276 Ἐϐραϊκὸν
2591 3196 2720 3252 λαὸν
2805 3195 3192 3262 ὑποδηλυυσθαι
3277 3194 3361 3255 δια
3429 3218 3519 3252 του
3603 3194 3873 3254 πλουσίου.

467 3291 800 3372 cnpletatus
826 3296 989 3355 omni
1019 3296 1359 3373 cognitione
1393 3306 1450 3357 et
1473 3296 1767 3377 sapientia
1800 3305 1856 3355 et
1887 3314 1974 3355 εον
1995 3313 2125 3355 mo-

472 3383 644 3443 nibus
673 3382 802 3458 Dei,
830 3385 929 3465 qui
957 3404 1137 3466 super
1167 3405 1374 3448 aurum
1400 3395 1456 3448 et
1481 3386 1738 3466 lapidem
1775 3385 2126 3465 pretiosum,

470 3477 574 3537 sed
603 3486 938 3558 etpurpura
967 3489 1024 3540 et
1056 3481 1228 3560 bysso
1259 3480 1502 3541 indutus
1535 3490 1684 3560 erat,
1736 3498 1982 3557 regnum
2019 3479 2122 3540 ba-

473 3565 622 3626 bens
654 3577 712 3626 et
743 3569 1165 3643 sacerdotium,
1200 3579 1256 3631 et
1307 3569 1506 3648 regale
1551 3577 1681 3631 erat
1731 3567 2126 3628 sacerdotium

477 3656 619 3716 Deo.
653 3655 957 3732 Signiﬁcat
989 3667 1186 3718 autem
1241 3677 1502 3738 purpura
1557 3659 1799 3738 quidem
1851 3675 2127 3731 reinum,

477 3743 684 3823 byssus
713 3763 852 3805 vero
871 3746 1293 3808 sacerdotium.
1320 3746 1465 3808 Nam
1490 3749 1713 3810 Levita
1744 3747 1801 3808 in
1827 3745 2134 3808 sacrificiis

481 3832 733 3912 byssinis
746 3834 2130 3914 vestimentisinduebantur.Epulabaturautem

477 3923 744 4000 quotidie
765 3932 823 3984 et
841 3923 1069 3984 vivebat
1089 3925 1714 4003 splendide.Quotidie
1735 3925 1892 3986 enim
1918 3927 2135 3985 offere-

480 4009 620 4072 bant
651 4012 1006 4074 sacrilicium
1045 4016 1398 4078 matutinum
1434 4025 1490 4076 ct
1538 4017 1968 4095 veSpertinum,
2007 4031 2138 4094 quae

478 4110 539 4160 et
569 4100 972 4182 ἐνδελεχισμὸν,
1009 4104 1120 4164 hoc
1155 4116 1243 4164 est
1290 4106 1432 4184 juge
1465 4105 1822 4166 sacrificium
1860 4105 2135 4164 nomina-

479 4190 639 4250 haut.
681 4191 936 4252 Lazarus
967 4211 1106 4253 vero
1140 4196 1396 4274 populus
1419 4195 1731 4271 gentilium
1767 4194 2132 4273 fuit,pauper

2211 3377 2299 3432 καὶ
2359 3376 2513 3453 σοφία
2570 3375 2922 3454 πλουτισθεὶς,

2212 3480 2329 3528 τοῖς
2390 3465 2522 3543 ὑπὲρ
2579 3466 2796 3543 χρυσίον
2855 3468 2940 3522 καὶ
3001 3464 3139 3521 λίθον
3199 3469 3370 3535 τίμιον
3458 3464 3645 3538 πολὺν,

2212 3285 2470 3350 Πλούσιος
2530 3288 2630 3364 γὰρ
2673 3290 2739 3352 ἠν
2783 3290 2934 3350 οὗτος
2980 3290 3039 3342 τὸ
3084 3284 3343 3360 παλαιὸν,
3392 3287 3446 3342 ἐν
3490 3286 3638 3362 πάσῃ
3685 3285 3876 3363 γνώσει

3013 3377 3101 3432 καί
3162 3389 3278 3440 τοῖς
3354 3375 3558 3452 λογίοις
3611 3383 3705 3431 του
3750 3377 3880 3431 Θεοῦ

3747 3462 3880 3519 ἀλλὰ

2770 3557 2858 3612 καὶ
2962 3557 3156 3632 βύσσον
3244 3553 3533 3627 ἐνεδέδυτο,
3611 3553 3882 3630 βασιλείαν

2215 3645 2361 3724 ἔχων
2414 3646 2502 3700 καὶ
2560 3645 2873 3723 ἱερωσύνην,
2954 3647 3042 3702 γαὶ
3111 3644 3378 3722 βασίλειον
3463 3647 3537 3702 ὣν
3603 3646 3882 3723 ἱεράτευμα

2214 3741 2296 3807 τῷ
2356 3740 2491 3806 Θεῷ.
2570 3735 2860 3790 Αἰνίττεται
2923 3732 2978 3790 δὲ
3038 3737 3068 3802 ἡ
3140 3734 3236 3810 μὲν
3300 3735 3536 3814 πορφύρα
3597 3736 3692 3801 τὴν
3735 3735 3882 3810 βασι-

2220 3822 2386 3894 λειαν,
2451 3827 2482 3888 ἡ
2528 3820 2582 3877 δὲ
2632 3823 2822 3898 βύσσος
2871 3825 3180 3901 ἱερωσύνην,
3245 3827 3302 3881 υἱ
3366 3827 3466 3904 γὰρ
3513 3833 3729 3880 Λευῖται
3755 3826 3883 3900 βυσ-

2219 3913 2379 3975 σίνοις
2438 3911 2678 3990 ἐχρῶντο
2721 3915 2775 3968 ἓν
2839 3927 2963 3979 ταῖς
3031 3915 3342 3992 ἱερουργίαις
3401 3915 3714 3989 ἐσθήμασιν.
3779 3913 3881 3971 Εὖ·-

2220 3999 2462 4081 ιρραίνετό
2523 4023 2577 4054 τε
2635 4001 2746 4056 καθ’
2828 4003 3030 4081 ἡμέραν
3110 4002 3365 4082 λαμπρῶς
3402 4019 3416 4035 ⁸
3477 4005 3592 4060 καθ’
3654 4003 3882 4068 ἑκάστην

2219 4091 2317 4168 γὰρ
2371 4089 2575 4168 ἡμέραν
2631 4091 2806 4153 θυσίας
2868 4092 3118 4172 ἀνέφερον
3194 4097 3408 4171 πριο³ίας
3485 4095 3573 4149 καὶ
3633 4092 3880 4166 ἑσπέρας,

2221 4182 2278 4245 ἂς
2328 4185 2416 4240 καὶ
2460 4183 2552 4238 τοῦ
2605 4183 2988 4264 ἓνδελεχισμου
3071 4185 3367 4260 ὠνόμαζον,
3431 4185 3663 4264 Λάζαρος
3709 4182 3762 4240 δὲ
3821 4184 3883 4250 ἦν

2215 3559 2300 3612 καὶ
2385 3555 2654 3634 πορφύραν

450 4343 456 4349 _
481 4279 681 4341 divina
707 4281 890 4360 gratia
913 4292 969 4343 et
991 4271 1309 4362 sapientia,
1331 4293 1387 4345 et
1410 4291 1549 4345 ante
1568 4283 1725 4344 fores
1741 4271 1945 4363 iacens
1973 4303 1986 4357 ;
2013 4271 2128 4342 non

2218 4288 2241 4341 ὃ
2305 4271 2358 4337 ἐξ
2420 4271 2581 4328 ἐθνῶν
2641 4272 2792 4351 λαὸς,
2853 4275 3016 4342 πένης
3073 4275 3224 4330 θείων
3273 4275 3506 4354 χαρίτων
3559 4276 3644 4329 καὶ
3676 4275 3882 4352 σοφίας,

482 4369 643 4431 enim
674 4370 891 4433 licebat
911 4361 1468 4452 gentilibusintrare
1492 4376 1550 4434 in
1577 4361 1850 4434 domum:
1883 4372 2130 4452 pollutio

2218 4366 2303 4421 καὶ
2365 4363 2468 4442 πρὸ
2527 4365 2633 4419 τῶν
2683 4362 2938 4420 πυλώνων
2993 4364 3230 4439 κείμενο.
3270 4381 3283 4395 ⁸
3343 4367 3402 4422 οὗ
3459 4365 3558 4442 γὰρ
3603 4361 3724 4428 ἐξῆν
3772 4376 3883 4424 τοῗέ

484 4460 648 4521 enim
673 4460 982 4522 videbatur
1012 4462 1165 4523 sicut
1189 4461 1248 4521 in
1272 4462 1434 4523 Actis
1456 4461 1854 4541 apostolorum
1879 4466 2132 4521 c'amant

2218 4458 2450 4514 ἒθνικοϊς
2487 4455 2559 4518 εἰς
2609 4457 2698 4509 τὸν
2757 4454 2912 4511 οἶκον
2971 4453 3223 4510 εἰσελθεῖν
3265 4477 3275 4486 ·
3325 4456 3563 4530 μιασμὸς
3624 4456 3723 4531 γὰρ
3767 4453 3885 4510 ἐδό-

484 4550 545 4610 in
578 4547 821 4610 Paulum
847 4551 1001 4631 quod
1021 4551 1273 4628 gentiles
1297 4551 1705 4614 introduxerat
1729 4553 1787 4611 in
1821 4550 2130 4630 templum,

2219 4563 2325 4624 κει,
2386 4543 2458 4606 ὡς
2526 4546 2615 4599 καὶ
2661 4544 2714 4601 ἐν
2773 4559 2895 4610 ταῖς
2953 4544 3172 4624 Πράξεσι
3225 4542 3546 4600 καταϐοᾶται
3600 4546 3628 4600 ὁ
3686 4542 3888 4605 Παῦλος

487 4648 543 4700 et
572 4657 953 4701 communem
987 4640 1230 4704 fecisset
1278 4649 1549 4702 sanctum
1581 4641 1745 4702 illum
1781 4641 1998 4701 locum.
2035 4637 2132 4700 In-

2222 4635 2292 4698 ὼς
2349 4633 2583 4699 ἐθνικοὺς
2613 4637 2908 4712 εἰσαγαγὼν
2941 4638 3011 4700 εἰς
3053 4638 3143 4691 τὸν
3193 4638 3338 4714 ναὸν,
3401 4636 3488 4690 καὶ
3555 4636 3889 4693 κεκοινωκὼς

485 4746 665 4808 super
697 4739 756 4790 et
786 4729 1090 4791 ulceribus
1144 4741 1521 4811 peccatorum
1573 4731 1878 4792 fetentium
1935 4729 2132 4804 plenus

2221 4724 2314 4778 τὸν
2375 4721 2531 4800 ἅγιον
2591 4724 2754 4780 τόπον
2826 4731 3035 4786 τοῦτον,
3120 4724 3286 4781 Ἀλλὰ
3339 4728 3427 4781 καὶ
3506 4723 3713 4792 ἥλκωτο
3769 4739 3889 4784 ταῖς

489 4824 618 4881 erat
649 4818 750 4880 ille
783 4819 1058 4899 populus,
1095 4829 1155 4881 et
1201 4821 1580 4900 impudentes
1614 4837 1814 4890 canes,
1849 4816 2132 4895 diabolos,

2225 4813 2620 4890 προσωζούσαις
2695 4814 2997 4892 ἁμαρτίαις,
3059 4817 3146 4870 καί
3221 4817 3341 4878 τοὺς
3403 4813 3636 4877 ἆναιδεές
3707 4815 3886 4884 κύνας,

489 4894 921 4988 pascebat—suis
954 4894 1304 4971 ulceribus.-
1322 4908 1623 4989 Voluptati
1657 4909 1816 4969 enim
1867 4908 1980 4969 illis
2013 4894 2132 4968 sunl

2228 4902 2349 4962 τοὺς
2404 4897 2680 4976 δαίμοιας,
2743 4903 2924 4984 ἔτρεφε
2995 4918 3111 4967 τοῖς
3177 4903 3352 4960 ἕλκεσι
3412 4907 3638 4965 τούτοις.
3699 4894 3889 4964 Ἠδονῆ,

491 5004 691 5057 nostra
714 4995 940 5061 ulcera.
971 4997 1362 5060 Desiderabat
1395 4999 1535 5060 item
1569 5006 1624 5060 et
1653 4997 1837 5058 miras
1857 4996 2146 5057 deciden-

492 5091 580 5147 tes
609 5103 644 5145 a
677 5103 884 5146 mensa
914 5085 1135 5150 divitis.
1181 5085 1439 5150 Omnino
1483 5087 1640 5148 enim
1689 5085 1925 5147 carebat
1974 5103 2147 5165 pane,

489 5175 586 5254 qui
632 5175 946 5236 confirmat
989 5195 1090 5237 cor
1121 5177 1383 5238 hominis
1419 5200 1429 5233 :
1467 5186 1525 5239 et
1575 5176 1822 5236 minimo
1871 5174 2152 5253 tenuique

491 5261 625 5323 cibo
655 5272 714 5324 et
743 5264 1019 5324 rationali
1054 5270 1288 5345 egebat,
1315 5267 1468 5327 sicut
1499 5276 1555 5326 et
1582 5265 1914 5328 Chananaea
1937 5263 2155 5324 mulier

489 5369 625 5412 cum
649 5353 885 5413 ethnica
907 5364 1086 5429 esset,
1117 5356 1192 5415 de
1217 5357 1386 5417 micis
1408 5359 1656 5416 saturari
1690 5354 1967 5434 cupiebat
2001 5351 2153 5424 Quid

493 5438 1036 5504 multis?Mortuus
1087 5455 1176 5506 est
1225 5444 1556 5507 Hebraicus
1601 5445 1855 5526 populus
1907 5445 2056 5516 Deo,
2090 5451 2152 5504 et

496 5537 728 5589 mortua
760 5536 896 5590 sunt
926 5530 1164 5594 illorum
1199 5553 1356 5608 ossa,
1389 5553 1522 5615 quae
1561 5540 1631 5595 ad
1670 5534 1889 5594 bonum
1922 5532 2149 5593 facien-

495 5617 634 5678 dum
662 5637 779 5679 non
806 5630 1141 5686 moventur.
1171 5628 1436 5688 Mortuus
1473 5631 1560 5686 est
1582 5631 1776 5684 autem
1804 5633 1865 5686 et
1894 5623 2152 5685 Lazarus

493 5707 1013 5787 peccato,gentilis
1032 5711 1270 5792 inquam
1310 5711 1588 5794 populus.
1611 5712 1677 5773 Et
1697 5712 1884 5775 Judaei
1906 5710 2147 5790 quidem

2230 4990 2330 5068 γὰρ
2391 4989 2575 5053 αύτο“ς
2629 4993 2694 5046 τὰ
2737 4993 2972 5073 ἡμέτερα
3028 4991 3182 5059 ἕλκη.
3233 4992 3514 5070 Ἐπεθύμει
3573 4993 3625 5048 δὲ
3655 4999 3760 5048 τῶν
3794 4997 3887 5067 ψι-

2232 5081 2368 5159 χίων
2427 5084 2529 5136 τῶν
2575 5089 2875 5138 πιπτόντων
2933 5083 3039 5139 ἀπὸ
3099 5089 3199 5146 τῆς
3258 5084 3523 5162 τραπέζης
3584 5091 3672 5138 τοῦ
3732 5082 3891 5139 πλου-

2235 5170 2346 5227 σίου
2377 5189 2392 5204 ·
2452 5169 2669 5248 ἄμοιρος
2728 5174 2827 5250 γὰρ
2879 5172 2945 5239 ἦν
3005 5175 3306 5228 παντάπασι
3351 5180 3457 5229 τῶν
3519 5175 3617 5240 τὴν
3675 5170 3892 5247 καρδίαν

2235 5260 2589 5337 στηριζόντων
2642 5259 2837 5340 ἄρτων,
2909 5263 2997 5318 καὶ
3067 5261 3163 5329 τῆς
3235 5261 3589 5340 λεπτοτάτης,
3652 5262 3737 5316 καί
3797 5283 3891 5334 με-

2235 5353 2388 5424 κρᾶς,
2450 5351 2535 5404 καί
2573 5347 2796 5427 λυγικῆς
2850 5356 3052 5430 τροφῆς
3106 5349 3310 5426 ἐδεῖτο,
3349 5351 3528 5428 ὥσπερ
3583 5352 3668 5406 καὶ
3700 5352 3734 5418 ἦ
3780 5357 3894 5406 Xa-

2238 5436 2444 5512 ναναία,
2508 5437 2682 5506 ἐθνικὴ
2735 5441 2890 5510 οὖσα,
2963 5440 3069 5495 ἀπὸ
3136 5441 3243 5496 τῶν
3286 5441 3488 5520 ψιχίων
3545 5439 3893 5520 διατραφῆναι

2231 5531 2408 5594 ζητεῖ.
2471 5525 2531 5583 Τί
2585 5527 2806 5607 τοίνυνς
2877 5524 3134 5583 Ἀπέθανε
3189 5528 3286 5603 μὲν
3347 5519 3392 5584 ύί
3431 5519 3712 5603 Ἐϐραϊκὸς
3771 5527 3897 5587 λαὸς

2232 5617 2310 5686 τῷ
2362 5618 2503 5695 Θεῷ,
2549 5616 2638 5671 καὶ
2695 5617 2850 5694 νεκρὰ
2899 5616 3116 5694 γέγονεν
3190 5621 3363 5676 αὐτῶν
3405 5619 3471 5675 τὰ
3513 5619 3665 5695 ὀστᾶ,
3726 5613 3898 5691 μηδε-

2234 5701 2360 5776 μίαν
2422 5703 2626 5770 γίνήσιν
2682 5707 2812 5780 πρὸς
2866 5706 2926 5760 τὸ
2976 5706 3171 5782 ἀγαθὸν
3222 5706 3576 5779 ποιουμένων,
3637 5704 3891 5760 ’Λπέθανε
