4184 6432
305 355 428 421 989

1011 353 1461 418 ΕΝΑΗΗΑἹῚΟ
1506 354 1583 414 1N
1637 348 2136 414 EVANGELIHI
2201 352 2434 414 LL’tLE.
2495 392 2506 394 -

2593 358 2753 416 t'..-\P.
2813 357 3002 418 XVII.
3592 353 3712 418 090.

307 496 430 572 οὐχ
516 489 803 568 εὖρέθησαν
861 485 1292 567 ὑποστρέψαντες
1322 483 1496 543 δοῦναι
1515 482 1668 552 δόξαν
1697 490 1775 560 τῷ
1832 491 1969 558 Θεῷ,

2070 487 2281 566 reperti
2315 488 2413 567 qui
2445 488 2749 552 redierent
2771 497 2834 551 ut
2857 491 3339 570 dareutgloriam
3362 491 3594 569 De,nisi
3613 491 3714 554 hic

307 583 355 637 εἴ
413 582 492 656 μὴ
549 583 578 636 ὁ
639 578 933 657 ἐλλογενὴς
964 577 1135 642 οὗτος.
1186 578 1286 635 Καὶ
1317 580 1469 633 εἶπεν
1499 578 1662 646 αὒτῷ⁶
1709 573 1970 639 Ἀναστὰς

308 670 562 748 πορεύου,
651 669 684 736 ἡ
757 667 934 731 πίστις
990 688 1085 724 σου
1129 665 1332 723 σέσωκέ
1361 687 1443 729 σε,
1489 689 1516 721 ι
1567 665 1855 724 Κάντεῦθεν
1909 663 1970 718 ἄν

313 780 396 825 τις
481 757 752 836 ἐπιγνοίη,
812 759 888 821 ὡς
944 755 1090 816 063E»
1123 753 1391 832 ἐμποδίζει
1435 756 1536 812 τινὶ
1577 757 1708 834 πρὸς
1739 756 1800 811 τὸ
1847 755 1967 810 εὔα-

318 861 534 927 ρεστεϊο
586 848 725 921 Θεῷ,
785 845 884 902 κᾶν
942 845 1328 924 ἐπικαταράτου
1399 844 1583 924 γένους
1641 844 1758 918 εἴη,
1808 843 1968 918 μόνον

325 940 374 994 εἰ
457 938 758 1017 προαίρεσιν
813 935 1016 1014 ἀγαθὴν
1085 933 1230 1015 ἔχοι.
1272 933 1407 993 Ἰδοὺ
1450 935 1551 1015 γὰρ
1593 932 1719 990 δέκα
1748 933 1843 1010 μὲν
1874 931 1967 988 λε-

319 1028 446 1107 προὶ
503 1027 836 1096 συνήντησαν
907 1031 983 1100 τῷ
1039 1022 1215 1092 Ἰησοῦ
1271 1022 1520 1101 μέλλοντι
1585 1021 1841 1081 εἰσελθεῖν
1890 1021 1971 1084 εἷς

314 1139 436 1174 τινα
505 1113 686 1179 πόλιν,
746 1113 1091 1186 Ἀπήντησπν
1160 1112 1215 1170 δὲ
1244 1113 1345 1181 ’ἐξω
1385 1119 1484 1182 τῆς
1513 1112 1746 1178 πόλεως.
1773 1115 1846 1171 0³)
1875 1112 1975 1188 γὰρ

313 1205 440 1280 ἐξῆν
497 1209 681 1270 αὐτοῖς
751 1204 1064 1284 ἀκαθάρτοις
1121 1203 1482 1281 νομιζομένοις
1539 1200 1674 1260 εἵσω
1727 1208 1823 1270 τῆς
1862 1202 1966 1257 πὸ-

321 1297 462 1362 λεως
519 1293 739 1373 διάγεινο
789 1293 1054 1373 πόρρωθεν
1085 1292 1140 1350 δὲ
1183 1293 1427 1362 στάντες,
1461 1297 1555 1351 οἷα
1597 1292 1971 1372 αἰσχυνόμενοι

315 1387 418 1455 τὴν
487 1383 742 1442 δοκοῦσαν
827 1383 1000 1440 αὐτῶν
1030 1383 1375 1462 ἆκαθαρσὶαν,
1421 1384 1509 1440 καὶ
1552 1383 1630 1458 μὴ
1669 1380 1970 1458 τολμῶντες

316 1477 550 1555 ἐγγίσαι⁶
579 1473 817 1550 ἐνόμιζον
873 1475 973 1552 γὰρ
1069 1474 1158 1529 καὶ
1215 1474 1304 1530 τὸν
1364 1470 1572 1541 Ἰησοῦν
1618 1470 1973 1551 βδελυχθῆναι

316 1566 384 1623 ἄν
437 1566 649 1638 αὐτοὺς,
704 1565 884 1643 ὥσπερ
956 1568 1044 1620 καὶ
1074 1565 1121 1621 οἱ
1152 1561 1330 1620 λοιποὶ
1361 1563 1595 1632 ἐποίουν·
1638 1563 1848 1640 α’ἶρουσι
1878 1561 1978 1616 τὴν

316 1656 525 1738 φωνὴν,
585 1656 673 1712 καὶ
729 1655 1046 1715 ἱκετεύουσι.
1107 1659 1196 1727 Τῷ
1243 1653 1339 1729 μὲν
1399 1653 1550 1729 τόπῳ
1601 1651 1782 1732 πόῤῥω
1810 1650 1979 1717 ἕστη-

2055 574 2406 656 alienigena.
2443 576 2510 638 Et
2537 578 2618 640 ait
2653 579 3318 658 tlli:Surgc_.vade.ﬁdes
3352 590 3448 644 tua
3482 591 3537 643 te
3568 599 3703 643 ser-

2052 664 2224 726 vavit.
2271 691 2292 723 υ
2334 665 2399 726 Et
2430 666 2568 728 hinc
2598 667 2835 731 discere
2852 674 2986 750 quis
3005 673 3384 752 potest,quod
3411 671 3555 732 nihil
3577 671 3707 731 cui-

2054 773 2230 834 quam
2252 754 2419 816 obest
2468 756 2540 818 ad
2575 757 2686 818 hoc
2710 769 2775 818 ut
2806 757 2927 820 Deo
2962 759 3215 840 placeat,
3249 758 3483 820 etiarnsi
3518 759 3708 820 male-

2053 843 2196 905 dicti
2224 845 2461 924 generis
2490 846 2586 926 sit,
2625 847 2799 907 modo
2832 847 3044 908 bonam
3071 849 3430 911 voluntatem
3458 848 3698 910 habeat.

2059 935 2212 996 Ecce
2231 935 2389 997 enim
2417 935 2622 1002 decem
2653 935 2871 1017 Ieprosi
2893 936 3448 1000 occurreruntJesu
3469 942 3524 998 in
3557 937 3708 1006 civi:

2061 1034 2240 1088 tatem
2292 1026 2604 1106 quamdam
2659 1027 3001 1106 ingressuro
3031 1048 3044 1090 :
3078 1037 3466 1090 occurrerunt
3513 1036 3707 1090 autem

2061 1124 2228 1177 extra
2261 1113 2728 1176 civitatemNon
2764 1116 2921 1176 enim
2948 1116 3158 1178 licebat
3178 1118 3268 1180 eis
3290 1117 3709 1198 quihabeban-

2052 1220 2145 1272 tur
2203 1203 2520 1275 immundi,
2559 1205 2616 1266 in
2666 1205 2998 1267 civitatibus
3049 1207 3509 1268 versari.Procul
3534 1207 3713 1287 igitur

2053 1297 2311 1365 stabant,
2349 1302 2552 1374 utpote
2586 1303 2829 1376 propter
2889 1296 3320 1358 immunditiam
3372 1315 3504 1378 qua}
3534 1296 3595 1358 in
3627 1298 3714 1357 eis

2056 1384 2376 1469 apparebat
2401 1383 2848 1446 erubescentes:
2880 1394 3146 1467 etneque
3167 1386 3462 1448 audebant
3490 1404 3710 1467 appro-

2061 1477 2566 1559 priare,putantes
2595 1473 2752 1555 quod
2787 1475 3225 1537 abominabiles
3254 1477 3307 1537 ei
3331 1475 3716 1554 essent,sicut

2063 1576 2121 1628 et
2150 1565 2305 1627 aliis.
2343 1564 2645 1628 Extollunt
2677 1563 2856 1643 igitur
2884 1584 3088 1627 vocem
3116 1583 3281 1626 suam
3315 1576 3372 1626 et
3403 1572 3572 1626 orant
3607 1582 3622 1626 :
3660 1572 3718 1624 et

2061 1658 2192 1722 loco
2232 1654 2475 1736 quidem
2509 1656 2710 1733 procul
2743 1662 2920 1731 stant,
2955 1656 3225 1719 oratione
3262 1664 3458 1718 autem
3493 1674 3712 1738 appro-

319 1769 445 1815 σαν,
501 1751 568 1822 τῇ
650 1743 706 1801 δὲ
763 1745 932 1817 ἱκεσίᾳ
988 1743 1146 1822 ἐγγὺς
1176 1741 1445 1821 ἐγένοντο,
1502 1741 1702 1821 Ἐγγύς
1761 1743 1862 1821 γὰρ
1892 1752 1984 1807 καὶ

2073 1743 2481 1828 priant.Prope
2505 1744 2660 1806 enim
2689 1753 2775 1806 est
2806 1745 3094 1808 Dominus
3112 1745 3390 1807 omnibus
3428 1747 3714 1808 invocan-

325 1843 456 1893 πᾶσι
513 1818 632 1898 τοῖς
687 1818 1131 1909 ἐπικαλουμένοις
1214 1818 1371 1892 αὐτὸν
1427 1833 1482 1890 ἐν
1579 1818 1844 1906 έιληθείᾲ.⁷
1890 1837 1986 1890 Καὶ

2071 1818 2228 1897 tibus
2258 1853 2396 1896 eum
2413 1818 2487 1894 vin
2513 1834 2754 1896 veritate
2789 1835 2874 1896 83.
2906 1834 2974 1896 Et
3018 1855 3134 1896 non
3165 1835 3514 1914 simpliciter
3547 1842 3719 1896 orant

323 1927 430 2006 οὐχ
500 1927 573 1990 ὡς
637 1923 824 1987 ἁπλῶς
884 1922 1152 2002 ἄνθρωπον
1183 1923 1533 1997 ἱκετεύουσιν,
1567 1921 1690 1979 ἀλλ’
1727 1923 1800 1986 ὡς
1857 1919 1986 1996 ὑπὲρ

323 2014 619 2092 ἄνθρωπον.
693 2010 1018 2080 Ἐπιστᾶτην
1072 2013 1172 2092 γὰρ
1255 2013 1411 2069 αὐτὸν
1510 2011 1883 2088 ὀνομάζουσιν,
1957 2009 1984 2064 ὅ

323 2103 458 2178 ἔστι,
524 2105 734 2183 Κύριον,
807 2101 1105 2179 κηδεμόνα,
1177 2102 1394 2183 ἔφορον,
1475 2101 1606 2172 ὅπερ
1659 2101 1817 2180 ἐγγύς
1877 2099 1985 2155 ἐστι

323 2200 415 2251 τοῦ
486 2194 616 2250 Θεὸν
668 2193 898 2267 νομίζειν
947 2193 1126 2255 αὐτόν,
1195 2183 1252 2249 Ὀ
1311 2191 1367 2247 δὲ
1429 2191 1746 2271 προστάττει
1799 2191 1982 2251 αὐτοῖς

323 2280 581 2348 ἐπιδεῖξαι
637 2281 853 2346 ἑαυτοὺς
903 2295 1020 2345 τοῖς
1076 2285 1320 2361 ἱερεῦσιν·
1369 2281 1415 2337 οἱ
1471 2283 1571 2360 γὰρ
1601 2284 1762 2360 ἱερεῖς
1807 2278 1982 2336 ἐδοκί-

327 2379 493 2448 μαζον
562 2373 684 2437 τοὺς
744 2371 1038 2446 τοιούτους,
1101 2373 1190 2428 καὶ
1220 2367 1346 2450 παρ’
1378 2370 1590 2428 ἐκείνων
1647 2371 1746 2436 τὴν
1804 2371 1982 2447 ψῆφον

325 2465 602 2542 ἐδέχοντο,
637 2461 752 2520 ε’ίτε
781 2465 996 2544 καθαροὶ
1025 2463 1122 2532 τῆς
1153 2461 1350 2541 λέπρας
1383 2463 1520 2543 εἶεν,
1565 2463 1700 2534 εἷεν,
1737 2461 1850 2518 εἴτε
1880 2461 1984 2535 μὴ.

329 2559 500 2635 Εἶχον
552 2553 651 2632 γὰρ
705 2564 910 2627 σημεῖα
995 2555 1042 2610 οἱ
1112 2555 1274 2630 ἱερεῖς
1353 2550 1420 2608 δι’
1473 2555 1549 2606 ὠν
1604 2551 1704 2618 τὴν
1775 2550 1984 2609 ἀνίατον

323 2643 523 2722 λέπραν
576 2641 1021 2722 ἐχαρακτήριζον,
1083 2640 1253 2698 Ἀλλὰ
1324 2642 1413 2698 καὶ
1473 2640 1588 2718 μεθ’
1634 2639 1663 2696 ὅ
1712 2637 1985 2718 ἐλεπρώθη

324 2755 429 2814 τις,
477 2732 602 2788 εἶτα
660 2731 856 2810 ὑγιείας
912 2730 1124 2812 ἔτυχεν,
1201 2734 1248 2787 οἱ
1305 2732 1469 2811 ἱερεῖς
1531 2729 1865 2806 ἐδοκίμαζον,
1899 2730 1987 2784 καὶ

327 2822 492 2901 δῶρον
540 2820 892 2900 προσεφέρετο
947 2823 1010 2876 τὸ
1068 2821 1122 2877 ἐν
1177 2826 1254 2896 τῷ
1312 2823 1464 2898 νόμῳ
1509 2819 1823 2899 διαταχθέν,
1859 2817 1984 2874 Ἐν-

327 2913 490 2968 ταῦθα
545 2907 600 2965 δὲ
641 2908 1084 2988 ὁμολογουμένως
1141 2910 1353 2992 λεπρῶν
1425 2909 1595 2967 ὄντων
1654 2909 1878 2980 τούτων,
1939 2908 1988 2963 τί

330 3000 437 3057 ἔδει
479 3000 662 3063 αὐτοὺς
705 2998 1086 3080 δποδειχθῆναι
1115 3014 1234 3064 τοῖς
1277 3003 1530 3080 ἱερεῦσιν,
1567 3001 1611 3057 εἰ
1666 2999 1744 3074 μὴ
1773 2999 1985 3058 πάντως

2071 1934 2131 1987 ut
2153 1924 2591 1997 hominem,sed
2626 1933 2686 1985 ut
2709 1943 2844 1986 eum
2879 1925 2980 2004 qui
3005 1943 3182 2004 supra
3215 1925 3714 1987 hominem.Prae-

2069 2023 2372 2092 ceptorem
2406 2012 2564 2075 enim
2601 2031 2734 2074 eum
2772 2015 3220 2088 nominant,boc
3251 2015 3713 2094 est,Dominum,

2068 2113 2427 2184 curatorem,
2466 2103 2831 2182 provisorem
2869 2124 2880 2165 :
2914 2103 2968 2164 id
2993 2104 3149 2184 quod
3182 2112 3269 2164 est
3316 2111 3519 2183 putare
3549 2102 3714 2163 illum

2070 2213 2254 2274 prope
2287 2196 2497 2256 Deum.
2534 2193 2607 2253 At
2650 2192 2749 2254 ille
2783 2193 3065 2273 prterepit
3090 2193 3176 2253 eis
3225 2193 3624 2254 utostentlant
3653 2210 3719 2252 se

2069 2281 2504 2346 sacerdotibus.
2541 2280 2686 2344 Nam
2721 2283 3070 2345 sacerdotes
3101 2282 3430 2363 probabant
3460 2283 3627 2361 tales,
3662 2288 3723 2340 et

2069 2373 2141 2435 ab
2175 2372 2292 2434 illis
2322 2373 2677 2434 sententiam
2713 2371 3090 2449 accipiebant
3118 2392 3191 2434 an
3221 2373 3426 2434 mundi
3460 2379 3719 2434 essenta

2071 2463 2238 2544 lepra
2268 2462 2357 2523 vel
2393 2461 2854 2525 non.Habebant
2876 2462 3034 2522 enim
3067 2462 3410 2524 sacerdotes
3427 2464 3595 2540 signa
3621 2479 3724 2538 per

2069 2571 2202 2634 qua;
2259 2551 2649 2612 insanabilem
2712 2551 2934 2629 lepram
2980 2550 3435 2630 investigabant.
3498 2551 3614 2613 Sed
3667 2557 3725 2612 et

2069 2640 2307 2723 quando
2340 2641 2508 2720 lepra
2532 2639 2663 2720 quis
2687 2640 2967 2720 infectus,
2989 2649 3160 2720 potea
3207 2641 3519 2702 sanitatem
3553 2658 3721 2701 asse-

2071 2739 2244 2792 cutus
2274 2739 2420 2802 erat,
2457 2749 2591 2791 cur.
2633 2729 2976 2791 sacerdotes
3029 2731 3377 2810 probabant,
3412 2740 3472 2793 et
3500 2729 3724 2790 donum

2071 2819 2430 2882 offerebatur
2461 2819 2518 2878 in
2553 2819 2683 2898 lege
2737 2827 3119 2899 praiceptum.
3177 2822 3298 2880 Hoc
3346 2829 3540 2882 autem
3595 2818 3725 2879 loco

2071 2928 2203 2970 cum
2240 2929 2308 2970 ex
2342 2908 2618 2970 confesso
2653 2917 2852 2969 essent
2877 2909 3114 2989 leprosi,
3149 2909 3292 2989 quid
3329 2928 3483 2989 opus
3515 2917 3641 2969 erat
3661 2926 3726 2969 se

2072 2998 2394 3062 ostendere
2425 2998 2986 3070 sacerdotibus,nisi
3017 3001 3260 3059 omnino
3283 2999 3531 3060 fuissent
3555 3017 3726 3058 mun-

334 3087 556 3166 ἔμελλον
626 3092 1048 3168 καθαρισθῆναι;
1108 3092 1179 3148 Τὸ
1265 3091 1366 3170 γὰρ
1447 3088 1732 3167 προστάξαι
1804 3090 1986 3150 αὖτοϊς

2073 3086 2436 3150 dandi?Nam
2463 3087 2614 3168 quod
2648 3087 3029 3167 praecipiebat
3046 3088 3130 3150 eis
3155 3097 3212 3149 ut
3234 3087 3573 3150 sacerdotes
3589 3087 3723 3148 adi-

336 3178 584 3236 ἆπελθεϊν
651 3179 782 3258 πρὸς
823 3179 940 3244 τοὺς
1009 3180 1196 3260 ἱερεῖς,
1270 3177 1416 3236 οὐδὲν
1445 3177 1578 3234 ἄλλο
1632 3177 1920 3258 ἐνέφαινεν,
1954 3175 1989 3243 ἦ

335 3269 413 3326 ὅτι
483 3270 701 3346 καθαροὶ
756 3270 988 3350 ἔσονται,
1036 3267 1116 3325 διὸ
1147 3271 1234 3326 καὶ
1283 3290 1472 3348 φησιν,
1522 3268 1602 3324 ὅτι
1631 3268 1686 3324 ἐν
1727 3273 1804 3340 τῷ
1846 3267 1987 3322 ὓπα-

332 3380 446 3438 γειν
499 3357 940 3436 ἐκαθαρίσθησαν,
1016 3356 1166 3416 Ἀλλ’
1231 3357 1326 3436 ὅρα
1385 3357 1515 3438 ὅπερ
1559 3357 1615 3413 ἐν
1646 3357 1792 3437 ἀρχῇ
1825 3355 1986 3412 εἴπο-

331 3469 452 3527 μεν,
485 3446 568 3504 ὅτι
627 3445 754 3503 δέκα
812 3448 1004 3527 ὃντων,
1034 3449 1079 3504 οἶ
1111 3448 1207 3519 μὲν
1238 3447 1408 3521 ἐννέα,
1443 3447 1616 3504 καίτοι
1656 3446 1985 3526 Ἰσραηλῖται

331 3536 502 3610 ὄντες,
565 3537 844 3616 ἀχάρισνοι
913 3538 1210 3616 ἐφάνησαν,
1259 3540 1287 3594 ὁ
1346 3535 1399 3594 δὲ
1427 3536 1784 3615 Σαμαρείτης,
1819 3533 1984 3591 ,ἰλλο-

334 3629 494 3707 γενὴς
563 3627 661 3700 ὥν,
736 3626 1031 3706 ὑπέστρεψε
1089 3627 1178 3684 καὶ
1230 3628 1325 3696 τὴν
1383 3631 1483 3694 τῆς
1583 3625 1985 3705 εὐγνωμοσύνης

331 3716 517 3797 φωνην
572 3715 738 3794 ἠφίει,
815 3714 1082 3795 Ἀσσύριοι
1139 3716 1238 3796 γὰρ
1270 3717 1316 3773 οἱ
1346 3723 1702 3794 Σαμαρεῖται,
1751 3712 1841 3770 ἵνα
1874 3737 1985 3790 μη-

333 3802 438 3870 δεὶς
497 3805 699 3870 ἐθνικὸς
771 3804 1144 3884 ἆπογινώσκῃ,
1215 3806 1302 3862 καὶ
1359 3804 1452 3862 ’ίνα
1495 3803 1679 3880 μηδεὶς
1737 3801 1797 3859 ἐκ
1852 3825 1988 3882 προ-

333 3895 507 3972 γόνων
565 3894 728 3972 ἁγίων
789 3893 862 3950 ὥν
917 3901 1192 3974 καυχῷτο,
1245 3896 1533 3952 Αίνίττεται
1590 3892 1645 3950 δὲ
1701 3895 1764 3949 τὸ
1819 3897 1993 3966 θαῦμα

332 3989 493 4041 τοῦτο
559 3985 648 4040 καὶ
692 3982 793 4050 τὴν
863 3984 1050 4051 κοινὴν
1106 3984 1241 4040 κατᾶ
1298 3985 1492 4046 παντὸς
1536 3991 1631 4040 τοῦ
1671 3982 1993 4061 ἀνθρωπίνου

335 4071 520 4151 γένους
579 4072 875 4151 γενομένην
929 4073 1219 4151 σωτηρίαν,
1287 4069 1411 4130 δέκα
1467 4072 1566 4148 μὲν
1615 4072 1716 4152 γὰρ
1787 4070 1990 4149 λεπροὶ,

333 4163 368 4228 ἡ
429 4159 697 4229 παντελὴς
772 4168 878 4218 τῶν
959 4161 1246 4242 ἀνθρώπων
1330 4163 1479 4242 φύσις
1537 4160 1870 4240 λεπρωθεῒσα
1928 4162 1995 4229 τῆ

337 4251 518 4326 κακίᾳ,
543 4279 548 4283 ε
577 4253 665 4307 καὶ
715 4252 812 4320 τὴν
861 4257 961 4318 τῆς
1021 4252 1278 4330 ἁμαρτίας
1336 4252 1724 4332 ἀσχημοσύνην
1773 4252 1992 4330 περιφέ-

338 4360 519 4418 ρουσα,
591 4341 679 4397 καὶ
735 4339 835 4405 ἔξω
879 4341 976 4406 τῆς
1047 4341 1153 4396 τῶν
1209 4344 1441 4419 οὐρανῶν
1506 4338 1716 4406 πόλεως
1761 4337 1845 4398 διὰ
1901 4341 1994 4406 τὴν

2075 3185 2232 3251 rent,
2267 3176 2412 3237 nihil
2445 3175 2602 3236 aliud
2638 3176 2958 3252 indicabat,
2992 3196 3166 3258 quam
3201 3177 3356 3258 quod
3393 3175 3599 3237 mundi
3629 3177 3724 3236 lu-

2075 3267 2186 3327 turi
2223 3272 2420 3326 essent
2454 3283 2467 3326 :
2507 3265 2724 3326 idcirco
2759 3274 2815 3324 et
2865 3265 3010 3326 dicit
3058 3267 3214 3347 quod
3258 3267 3408 3327 inter
3460 3264 3720 3332 eundum

2078 3354 2338 3415 mundati
2384 3353 2642 3415 fuerunt.
2675 3357 2749 3416 At
2779 3353 2911 3415 vide
2953 3356 3089 3430 hoc,
3127 3366 3186 3416 ut
3212 3356 3268 3416 in
3303 3354 3594 3435 principio
3626 3353 3724 3414 di-

2076 3444 2290 3520 ximus,
2325 3445 2481 3524 quod
2535 3461 2668 3505 cum
2711 3443 2919 3505 decem
2969 3454 3189 3518 essent,
3227 3463 3434 3507 novem
3483 3443 3723 3524 quidem

2074 3533 2345 3614 quamvis
2375 3531 2657 3594 Israelita
2689 3533 2900 3612 ingrati
2930 3541 3372 3614 apparuerunt:
3413 3541 3471 3594 at
3514 3531 3723 3595 Sama-

2074 3624 2452 3685 ritanuseum
2489 3630 2640 3683 esset
2661 3623 2895 3701 generis
2916 3625 3182 3704 alterius,
3219 3641 3491 3685 reversus
3525 3632 3632 3698 est,
3667 3632 3726 3685 et

2075 3731 2276 3774 vocem
2311 3711 2688 3790 gratitudinis
2721 3713 2936 3774 emisit.
2970 3713 3188 3794 Assyrii
3213 3714 3371 3774 enim
3413 3717 3585 3774 erant
3614 3717 3726 3775 Sa-

2081 3801 2354 3863 maritani
2381 3822 2394 3864 :
2421 3811 2480 3861 ut
2515 3802 2710 3862 nullus
2743 3802 2981 3880 gentilis
3013 3803 3311 3884 desperet,
3341 3811 3397 3863 et
3429 3802 3627 3863 nullus
3652 3803 3728 3862 de

2079 3892 2298 3952 sanctis
2324 3891 2670 3970 parentibus
2693 3891 3000 3968 glorietur.
3036 3893 3300 3954 lnsinuat
3331 3893 3441 3954 hoc
3465 3892 3726 3954 miracu-

2081 3982 2200 4042 lum
2230 3981 2407 4044 etiam
2441 3998 2757 4043 commune
2805 3980 2981 4044 totius
3030 3983 3274 4044 humani
3303 3979 3542 4060 generis
3571 3981 3728 4043 saluo

2081 4079 2198 4131 tem
2234 4069 2384 4130 ﬁeri.
2414 4068 2632 4131 Decem
2656 4069 2815 4132 enim
2852 4071 3076 4152 lcprosi
3109 4090 3286 4133 omne
3315 4091 3502 4151 genus
3533 4071 3731 4132 homi-

2085 4179 2222 4222 num
2257 4159 2490 4236 signant
2514 4159 2676 4239 lepra
2711 4159 2948 4222 malitiae
2983 4161 3288 4235 infectum,
3324 4181 3392 4223 ac
3424 4161 3734 4242 turpitudi-

2081 4268 2216 4311 nem
2247 4249 2473 4331 peccati
2503 4249 2953 4321 circumferens,
2976 4259 3038 4312 et
3061 4261 3222 4314 extra
3244 4252 3416 4333 regni
3447 4253 3730 4314 oculorum

2081 4339 2374 4401 civitatem
2411 4338 3112 4420 propterimmunditiam
3146 4342 3552 4416 constitutum,
3589 4359 3731 4421 pro-

338 4427 658 4507 ἀκαθαρσίαν
729 4427 1006 4507 διάγοντα,
1066 4431 1150 4484 κατ
1213 4428 1478 4508 πόῤῥωθεν
1532 4429 1790 4504 ἱσταμένη
1839 4429 1986 4485 θεοῖ·

2081 4429 2295 4510 culque
2313 4447 2345 4488 a
2369 4432 2490 4489 lleo
2514 4428 2776 4488 sta:.s.Et
2796 4429 2944 4490 istuc
2968 4431 3158 4510 ipsum
3187 4430 3390 4509 procul
3409 4438 3729 4510 stare,sup-

336 4518 464 4576 αὐτὸ
491 4516 646 4575 τοῦκτο
691 4519 752 4574 τὸ
796 4519 864 4574 πό
876 4517 1064 4597 ῥρωθεν
1099 4517 1380 4597 ἵστασγαι,
1425 4519 1692 4596 ἶκετηρὶαν
1723 4523 1874 4599 εἶχε.
1909 4527 1994 4593 Τῷ

337 4608 436 4686 γὰρ
499 4605 876 4688 φιλανθρώπῳ,
937 4609 1025 4664 καὶ
1109 4606 1320 4665 θέλοντι
1353 4609 1553 4672 πάντας
1617 4608 1848 4676 σωθῆναι
1907 4610 1994 4665 καὶ

337 4697 703 4775 ἀγαθύνεσθαι,
742 4699 971 4775 μεγίστη
1033 4697 1294 4778 πρόφασις
1351 4699 1424 4761 εἰς
1483 4695 1630 4754 ἔλεον
1688 4699 1748 4753 τὸ
1792 4696 1993 4772 μηδένα

338 4788 462 4865 ὃρᾷν
519 4787 823 4866 μετέχοντα
877 4792 974 4852 τῆς
1007 4787 1338 4864 ἀγαθότητος
1384 4790 1567 4867 αὐτοῦ,
1598 4784 1665 4843 δι’
1708 4787 1836 4843 αὐτὸ
1895 4789 1994 4866 γάρ

338 4874 494 4931 τοῦτο
551 4875 943 4950 ἐπικάμπτεται
1015 4877 1144 4954 πρὸς
1207 4878 1270 4932 τὸ
1305 4880 1621 4956 θεραπεῦσαι
1664 4878 1784 4940 τνὺς
1831 4876 1994 4940 οὕτως

340 4961 532 5026 ἀθλίως
610 4962 862 5043 ἔχοντας.
951 4967 1046 5022 Καὶ
1091 4965 1271 5041 μέντοι
1329 4969 1417 5024 καὶ
1473 4965 1785 5046 ἐθεράπευσε
1819 4974 1995 5024 πᾶσαν

337 5053 438 5120 τὴν
493 5051 854 5132 λεπρωθεϊσαν
917 5057 1091 5134 φύσιν,
1164 5056 1296 5135 ὑπὲρ
1351 5059 1548 5122 παντὸς
1595 5058 1877 5135 -ἀνθρώπου
1909 5057 1996 5112 καὶ

336 5129 645 5218 σαρκωθείξ*
734 5145 822 5200 καὶ
878 5129 1100 5200 θανάτου
1181 5129 1526 5224 γευσάμενος,
1595 5129 1738 5204 Ἀλλ’
1793 5150 1840 5204 οἱ
1896 5147 1993 5220 μὲν

338 5230 610 5306 Ἰουδαῖοι,
674 5233 760 5290 καὶ
815 5255 897 5290 τοι
955 5231 1079 5289 ὅσον
1138 5235 1198 5291 τὸ
1269 5237 1356 5292 ἐπὶ
1410 5243 1488 5310 τῷ
1548 5237 1719 5316 Κυρὶῳ
1769 5241 1990 5314 καθαριι

336 5319 543 5384 σθέντες
617 5329 723 5378 τῶν
797 5322 1003 5379 οἰκείων
1065 5327 1162 5390 τῆς
1236 5324 1532 5405 λεπρώδους
1563 5325 1818 5406 ἁμαρτίας
1849 5326 1988 5382 ἀκα-

333 5413 584 5490 θαρσιῶν,
640 5410 948 5490 ἀγνώμονες
983 5410 1340 5492 ἀνεφάνησαν,
1369 5417 1457 5472 καὶ
1499 5417 1604 5496 οὐχ
1658 5414 1991 5494 ὑπέστρεψαν

411 5568 477 5622 85
501 5567 661 5632 Psal.
693 5587 889 5649 cxuv,
928 5571 1026 5635 18.

2080 4517 2335 4599 plicandi
2356 4516 2627 4597 speciem
2647 4517 3229 4580 habet.l\lisericordi
3262 4519 3420 4580 enim
3441 4529 3498 4580 et
3520 4519 3730 4580 volenti

2077 4607 2354 4669 omnibus
2375 4607 2622 4668 salutem
2643 4607 2859 4668 all'erre
2891 4608 2983 4686 ((ι)
3015 4627 3080 4670 ac
3115 4608 3492 4681 benefacere,
3523 4627 3733 4686 magna

2077 4697 2308 4760 occasio
2339 4696 2513 4758 estad
2539 4695 2970 4772 tniserendum,
3008 4699 3230 4759 nullum
3255 4698 3456 4758 videre
3491 4699 3730 4778 partici—

2079 4806 2215 4869 pem
2243 4804 2365 4846 suze
2396 4783 2951 4866 bonitatis;propter
2972 4787 3083 4848 hoc
3111 4786 3268 4848 enim
3303 4786 3629 4867 inclinavit,
3665 4796 3727 4848 ut

2076 4884 2317 4939 sanaret
2343 4876 2481 4935 427
2515 4893 2617 4936 eos
2649 4875 2747 4954 qui
2775 4884 2891 4935 tam
2926 4877 3079 4938 male
3107 4876 3426 4939 habebant.
3453 4877 3730 4949 Quamvis

2077 4966 2254 5029 etiam
2287 4983 2524 5026 omnem
2557 4970 2823 5025 naturam
2879 4965 3170 5027 sanaverit
3225 4966 3387 5046 lepra
3421 4967 3725 5040 inlectam,

2080 5075 2184 5138 pro
2211 5053 2489 5116 omnibus
2521 5061 2580 5114 et
2626 5055 2968 5116 incarnatus
3017 5063 3074 5116 et
3117 5067 3378 5118 murtuus
3418 5077 3432 5116 :
3469 5065 3726 5118 attamen

2075 5143 2571 5224 Judaei,quamvis
2601 5161 2635 5202 a
2663 5139 2918 5204 Domino
2950 5144 3218 5206 mundati
3243 5145 3490 5206 fuissent
3517 5145 3589 5206 ab
3610 5145 3727 5205 im-

2078 5233 2383 5296 munditiis
2415 5231 2628 5310 leprosi
2667 5231 2917 5310 peccati,
2950 5233 3162 5312 ingrati
3197 5235 3456 5314 fuerunt,
3509 5244 3565 5295 et
3610 5255 3726 5296 non

2073 5322 2300 5388 reversi
2332 5337 2462 5383 sunt
2489 5340 2522 5382 a
2545 5321 2633 5381 via
2656 5321 2922 5382 vanitatis
2952 5342 3097 5404 suae,
3127 5325 3201 5384 ita
3242 5334 3304 5386 ut
3335 5325 3543 5387 darent
3595 5327 3726 5404 glo-

2073 5415 2221 5476 riam
2256 5412 2309 5473 ei
2332 5413 2430 5493 qui
2478 5409 2669 5473 salvos
2712 5428 2814 5472 eos
2853 5409 3094 5488 fecerat,
3142 5413 3252 5475 hoc
3281 5423 3391 5484 est,
3430 5423 3490 5475 ut
3515 5415 3728 5477 crede-

2964 5597 3007 5646 ’-‘-.5

416 5729 498 5813 (α)
532 5728 646 5799 Ed.
674 5732 810 5796 Lut.
846 5751 964 5796 non
995 5731 1200 5811 habet,
1233 5734 1512 5799 omnibus
1540 5734 1804 5799 saluum
1835 5739 2106 5817 adferre.
