4184 6396
311 307 457 383 1001

970 310 1414 383 ENARRATIO
1461 314 1539 381 IN
1587 310 2090 381 EVANGELIUM
2143 302 2384 377 LUCIE.
2433 350 2510 360 —
2554 314 2719 376 CAP.
2770 300 2992 374 XVIII.

3541 284 3694 362 100?

300 448 394 504 καὶ
446 445 687 527 ἀλλαχοῦ
731 445 832 527 ἔφη
869 462 883 475 ⁸
933 448 1019 510 Τίς
1050 446 1101 513 ἐξ
1128 448 1276 523 ὑμῶν
1310 446 1460 528 φίλον
1491 446 1663 528 ἔχων,
1710 452 1829 505 εἶτα
1871 451 1961 508 ιλ-

2056 448 2195 511 Nam
2230 456 2470 530 propter
2516 446 2943 529 impudentiam
2994 444 3143 523 ejus,
3193 441 3241 501 si
3290 457 3404 530 non
3458 447 3702 520 propter

298 532 461 593 θόντα
520 538 608 594 καὶ
650 537 905 616 κρού>ντα
964 539 1147 601 νυκτὸς
1238 536 1660 616 ἀποπέμψεται,
1712 540 1810 595 Διά
1866 543 1965 620 γὰρ

299 628 399 693 τὴν
462 623 725 682 ἀναίδειαν
768 627 947 699 αὑτοῦ,
1022 628 1063 681 εἷ
1133 627 1211 701 μὴ
1266 624 1334 681 δι’
1386 625 1530 685 οὐδὲν
1574 624 1705 682 ἄλλο
1749 629 1959 696 ἀνοίξει.

308 716 407 772 Καὶ
463 713 623 772 πάλιν
656 733 669 746 ’
726 740 750 770 α
800 716 889 779 Τίς
945 714 996 780 ἐξ
1026 716 1197 789 ὑμῶν,
1247 716 1305 770 ὃν
1347 715 1438 770 ἒάν
1482 718 1509 771 6
1551 717 1659 779 υἱὸς
1691 716 1847 774 αὑτοῦ
1877 720 1963 774 αἶ-

304 805 450 879 τήσῃ
497 801 680 887 ἄρτον,
734 828 760 859 ι
810 805 896 861 καὶ
940 804 1004 859 τά
1043 803 1186 870 ἑξῆς.
1239 804 1336 860 Διά
1380 804 1578 861 τούτων
1626 806 1725 883 γὰρ
1752 808 1963 863 πάντων

302 893 404 959 τὴν
464 891 697 967 ἔμμονον
747 892 958 973 σχολήν
987 894 1043 947 ἒν
1089 905 1212 955 ταῖς
1256 906 1588 971 προσευχαῖς
1618 895 1754 966 ἡμῖν
1779 896 1961 951 ὑποτί-

303 985 475 1044 θεται,
533 982 924 1061 Ἐπειράθησαν
955 979 1010 1037 δέ
1051 1002 1190 1045 τινες
1249 985 1644 1060 περιεργότερον
1699 988 1798 1050 την
1853 1007 1961 1040 πα-

305 1068 534 1150 ραϐολὴν
590 1072 789 1138 ταύτην
848 1069 1184 1144 ἒκλαϐέσθαι,
1271 1074 1359 1127 καὶ
1416 1071 1664 1128 ἀπειάσαι
1723 1072 1962 1148 ἐτόλμη-

304 1183 404 1217 σαν
459 1166 526 1236 τῇ
584 1160 823 1234 ἀληθείᾳ.
886 1163 1037 1239 Χήρα
1082 1161 1203 1236 μὲν,
1238 1161 1459 1238 ἔφασαν,
1496 1160 1605 1217 ἐστὶ
1636 1168 1779 1219 πᾶσα
1810 1165 1965 1243 ψυχὴ

305 1251 399 1305 τὸν
462 1249 620 1327 ἄνδρα
677 1249 1018 1309 ἀποϐαλοῦσα
1043 1254 1233 1323 αὐτῆς,
1269 1251 1327 1304 ὃν
1372 1254 1497 1329 εἶχε
1550 1250 1825 1330 πρότερον,
1876 1255 1966 1309 τὸν

312 1334 559 1394 διάϐολον
617 1342 779 1419 φημί,
839 1341 926 1395 καὶ
976 1336 1061 1398 διὰ
1105 1341 1259 1395 τούτο
1292 1337 1554 1396 ἀντίδικον
1585 1342 1741 1396 αὑτὸν
1772 1340 1969 1422 ἔχουσα

310 1427 392 1482 ἀεὶ
451 1427 811 1499 ἐπιτιθέμενον
868 1430 1003 1505 αὖτῇ
1039 1445 1053 1458 ⁶
1116 1430 1150 1496 ἡ
1208 1427 1263 1483 δὲ
1323 1427 1677 1508 προσέρχεται
1731 1437 1809 1505 τῷ
1853 1437 1968 1504 Θεῷ

306 1522 467 1593 κριτῇ
520 1523 618 1584 τῆς
685 1515 911 1597 ἀδικίας,
971 1516 1234 1596 τουτέστι,
1300 1524 1378 1591 τῷ
1437 1518 1798 1596 κατακρίνοντι
1868 1520 1965 1585 τὴν

308 1603 536 1679 ἀδικίαν,
595 1606 651 1670 ὃς
696 1607 812 1663 οὔτε
858 1608 985 1663 Θεὸν
1018 1603 1285 1686 φοϐεῖται.
1324 1605 1489 1668 Αὑτὸς
1546 1607 1647 1684 γὰρ
1682 1608 1811 1671 Θεὸς
1860 1608 1965 1677 μό-

308 1717 424 1772 νος,
483 1697 570 1751 καὶ
653 1695 748 1753 οὑκ
791 1695 909 1775 ἔχει
970 1696 1027 1751 ὃν
1071 1690 1428 1772 φοϐηθήσεται
1460 1693 1660 1769 ἕτερον·
1699 1694 1818 1751 ἀλλ’
1850 1693 1966 1752 οὔτε

312 1782 587 1861 ἄνθρωπον
629 1786 965 1864 αἰσχύνεται,
1012 1784 1142 1847 Θεὸς
1199 1783 1299 1861 γὰρ
1358 1785 1643 1859 πρόσωπον
1697 1784 1967 1864 ἀνθρώπου

311 1876 372 1930 οὑ
423 1870 707 1946 λαμϐάνει,
770 1874 979 1940 Ταύτην
1036 1873 1137 1940 τὴν
1196 1873 1373 1952 χήραν
1450 1874 1633 1952 ψυχὴν
1714 1871 1969 1949 δεομένην

310 1970 407 2019 τοῦ
461 1969 592 2019 Θεοῦ
637 1969 875 2042 συνεχῶς
920 1960 1004 2018 διὰ
1045 1964 1137 2018 τὸν
1183 1959 1441 2017 ἀντίδικον
1493 1961 1658 2029 αὐτῆς
1703 1960 1967 2042 διάϐολον,

314 2050 558 2126 οἰκτείρει
603 2054 631 2108 6
677 2054 812 2114 [le‘zc
855 2049 1385 2117 καταδυσωπησάσης
1446 2050 1602 2107 αὑτὸν
1643 2056 1741 2118 της
1799 2074 1965 2125 προσ-

315 2137 516 2218 εδρείας
572 2141 791 2207 ταύτης.
839 2147 1012 2197 Ταῦτα
1045 2139 1142 2209 μὲν
1186 2140 1274 2195 οὖν
1334 2136 1441 2213 ὅτῳ
1484 2139 1657 2219 φίλον,
1704 2139 1962 2220 δεχέσθω.

313 2231 581 2306 Παρετέθη
637 2230 761 2308 γὰρ,
822 2228 917 2285 *ίνα
974 2230 1051 2304 μὴ
1111 2230 1435 2306 ἀγνοῶνται.
1495 2227 1644 2296 Πλὴν
1687 2238 1851 2285 ταῦτα
1882 2228 1955 2285 δι·-

314 2314 470 2382 δάξας
527 2321 671 2393 ἡμᾶς
726 2322 753 2374 6
816 2321 1006 2395 Κύριος
1050 2319 1167 2396 περὶ
1235 2324 1327 2374 τοῦ
1382 2315 1496 2374 δεῖν
1550 2319 1963 2398 προσεύχεσθαι,

392 2408 406 2429 κ
634 2406 668 2429 ΙΓ
851 2407 860 2424 '
1001 2408 1016 2429 9
1122 2406 1147 2429 Υ
1388 2405 1412 2425 ν
1730 2412 1744 2427 \

322 2428 409 2462 και
466 2406 759 2487 ὑποδειςας,
834 2408 914 2463 ὃτι
975 2429 1018 2463 ει
1089 2428 1239 2468 ουτος
1298 2410 1326 2462 6
1382 2428 1602 2486 ανομος,
1661 2430 1747 2463 και
1795 2430 1972 2474 παστ,ς

320 2498 509 2560 καγίας
584 2495 1004 2576 πεπληρωμένος
1093 2494 1313 2571 ᾤκτειρε
1394 2501 1462 2572 τῇ
1546 2497 1792 2577 συνεχείᾳ
1875 2500 1973 2563 τῆς

317 2583 578 2665 δεήσεως,
611 2586 763 2661 πόσῳ
822 2584 1026 2661 μᾶλλον
1070 2587 1098 2640 6
1156 2586 1284 2646 Θεὸς
1343 2585 1371 2640 6
1418 2584 1971 2663 némcﬁtxmoadmc

318 2674 569 2755 ἀρχηγὸς
629 2680 689 2735 οὐ
746 2676 988 2744 ποιήσειε
1049 2674 1146 2742 τὴν
1204 2672 1471 2741 ἐκδίκησιν
1501 2676 1559 2729 ὲν
1587 2677 1771 2755 τάχει,
1802 2678 1974 2732 καίτοι

314 2767 690 2843 μακροθυμῶν,
746 2766 834 2822 καὶ
886 2763 1202 2843 φαινόμενος
1278 2762 1630 2830 ἀνηκουστεῖν
1688 2772 1797 2821 τῶν
1848 2763 1969 2821 δεο-

318 2851 494 2927 μένων
552 2857 709 2911 αὐτοῦ
754 2852 941 2916 νυκτὸς
998 2853 1086 2907 καὶ
1131 2850 1333 2931 ἡμέρας
1368 2868 1384 2927 ;
1416 2858 1591 2909 Ταῦτα
1623 2853 1709 2909 οὖν
1739 2851 1965 2921 διδάξας,

318 2942 406 2997 καὶ
459 2939 625 3007 δείξας
690 2944 851 3020 ἡμῖν,
925 2939 1005 2997 ὅτι
1063 2939 1117 2996 ἐν
1176 2948 1253 3016 τῷ
1300 2946 1467 3019 καιρῷ
1524 2944 1625 3008 τῆς
1678 2941 1972 3005 συντελείας

319 3034 389 3105 τῇ
448 3031 726 3109 προσευχῆ
782 3030 1050 3109 χρηστέον
1120 3031 1250 3105 πρὸς
1322 3029 1443 3094 τοὺς
1517 3029 1807 3104 μέλλοντας
1854 3034 1973 3087 τότε

318 3116 584 3181 κινδύνους
632 3117 1059 3198 ἐπιγενήσεσθαι,
1134 3116 1389 3197 ἐπιφέρει,
1450 3116 1558 3199 ὅτι,
1620 3111 1677 3176 Ὀ
1727 3122 1842 3184 Υἱὸς
1885 3129 1975 3177 τοῦ

2048 528 2507 619 δΙίυά,ὀρει·ἰεῑ.
2537 528 2841 599 Etiterum
2876 557 2889 597 :
2922 560 2946 588 ‹‹
2977 532 3120 605 Quis
3142 551 3209 592 ex
3235 528 3421 594 vobis.
3450 550 3481 592 a
3503 551 3619 612 quo
3646 534 3693 592 si

2050 627 2203 688 ﬁlius
2235 629 2365 707 ejus
2402 646 2612 709 panem
2648 633 2830 706 petat,
2863 632 2978 685 etc.
3019 647 3044 677 »
3082 620 3307 693 Quibus
3342 621 3593 681 sollicita
3626 641 3694 681 ac

2049 726 2337 796 perpetua
2370 717 2557 779 oratio
2583 714 3012 797 praescribitur.
3037 713 3113 773 At
3141 710 3690 791 tentaruntquidam

2049 805 2388 884 parabolam
2434 808 2584 867 hanc
2636 804 2931 866 curiosius
2971 819 3302 881 exponere,
3353 814 3411 862 et
3463 803 3692 863 veritati

2047 912 2393 974 comparare
2443 903 2572 955 sunt
2624 894 2749 956 ausi
2806 896 2909 975 (ιι).
2966 891 3212 954 Viduam
3276 892 3432 953 enim
3488 894 3694 953 dicunt

2048 1001 2286 1044 omnem
2310 984 2568 1046 animam
2596 983 2948 1058 esse,virum
2971 991 3164 1042 autem
3191 981 3493 1043 dimisisse
3518 1004 3691 1064 quem

2050 1073 2212 1148 prius
2245 1073 2470 1146 habuit,
2516 1072 2815 1134 diabolum
2844 1093 2856 1133 :
2892 1080 2948 1132 et
2978 1081 3221 1152 propter
3249 1072 3361 1133 hoc
3388 1073 3554 1133 illum
3588 1080 3694 1133 ha-

2050 1162 2153 1221 bet
2182 1160 2585 1223 adversarium
2608 1178 2847 1239 semper
2867 1162 3241 1221 resistentem
3268 1162 3404 1224 sibi.
3436 1160 3565 1242 Ipsa
3589 1183 3696 1222 au-

2051 1258 2167 1309 tem
2200 1250 2431 1311 accedit
2458 1259 2530 1311 ad
2558 1252 2746 1313 Deum
2774 1250 3039 1329 judicem
3075 1251 3405 1331 injustitiw,
3438 1253 3549 1312 hoc
3583 1264 3694 1327 est,

2050 1339 2549 1401 condemnantem
2578 1339 3065 1420 injustitiam,qui
3086 1359 3279 1420 neque
3295 1340 3483 1402 Deum
3507 1342 3695 1402 timet.

2052 1426 2181 1508 Ipse
2202 1430 2361 1489 enim
2386 1429 2543 1490 Deus
2568 1430 2728 1490 solus
2743 1448 2858 1490 non
2885 1428 3250 1510 habetquem
3272 1430 3474 1491 timeat
3493 1432 3699 1503 alium,

2052 1517 2153 1579 sed
2171 1536 2364 1598 neque
2377 1519 2677 1579 hominem
2701 1517 3194 1599 reveretur;Deus
3209 1519 3367 1580 enim
3389 1540 3702 1600 personam

2052 1606 2310 1668 hominis
2342 1626 2459 1668 non
2492 1608 2807 1688 recipit89.
2833 1607 2983 1669 Huic
3009 1608 3222 1689 vidum,
3248 1627 3380 1689 quas
3411 1609 3550 1670 dum
3578 1620 3705 1670 orat

2051 1695 2352 1757 continuis
2374 1695 2655 1776 precibus
2684 1705 2923 1777 propter
2942 1697 3348 1759 adversarium
3374 1718 3544 1760 suum
3572 1701 3703 1760 dia-

2056 1785 2277 1864 bolum,
2316 1786 2634 1847 miseretur
2662 1789 2844 1856 Deus,
2882 1794 2939 1846 et
2980 1787 3244 1866 placatur
3274 1798 3517 1868 propter
3545 1791 3701 1851 assi-

2055 1873 2341 1935 duitatem
2378 1875 2526 1954 ejus.
2563 1876 2727 1949 Haec,
2751 1874 2850 1955 qui
2881 1874 3058 1948 volet,
3096 1884 3153 1936 et
3184 1877 3274 1936 cui
3312 1877 3564 1957 placent,
3601 1900 3703 1941 su—

2053 1963 2289 2042 scipiat.
2328 1962 2636 2043 Proposita
2661 1964 2820 2024 enim
2852 1973 2989 2025 sunt
3022 1982 3097 2025 ne
3128 1964 3493 2043 ignorentur.
3527 1971 3702 2049 Atqui

2056 2053 2336 2113 Dominus
2366 2053 2491 2113 haec
2528 2070 2635 2114 nos
2674 2052 2902 2126 docuit,
2955 2053 3109 2130 quod
3163 2065 3430 2133 oporteat
3468 2077 3706 2139 semper

2051 2159 2221 2203 orare
2260 2162 2272 2203 :
2308 2149 2365 2202 et
2398 2160 2504 2222 per
2536 2142 2879 2222 exemplum
2926 2142 3226 2224 indicavit,
3260 2146 3416 2225 quod
3470 2149 3704 2211 etiamsi

2048 2229 2159 2290 iste
2180 2230 2419 2309 iniquus
2443 2240 2498 2291 et
2526 2231 2686 2291 omni
2712 2230 2930 2292 malitia
2954 2232 3188 2311 plenus,
3215 2234 3602 2298 misereretur
3626 2247 3705 2299 ta-

2057 2338 2192 2380 men
2214 2319 2288 2380 ob
2305 2321 2621 2382 continuas
2644 2330 3097 2401 preces,quanto
3124 2324 3310 2401 magis
3334 2324 3491 2385 Deus
3512 2330 3706 2389 omnis

2051 2409 2297 2488 justitiaa
2326 2410 2442 2470 dux
2474 2428 2591 2469 non
2626 2409 2798 2470 faciet
2846 2408 3015 2471 brevi
3049 2411 3394 2489 vindictam,
3440 2419 3707 2495 quamvis

2057 2497 2383 2569 diﬂ'er‘at,et
2405 2497 2672 2559 videatur
2690 2518 2808 2559 non
2828 2500 3033 2561 audire
3052 2503 3397 2564 orantesdie
3418 2523 3484 2565 ac
3509 2510 3708 2569 nocte?

2059 2586 2261 2666 Itaque
2296 2586 2399 2667 qui
2427 2586 2627 2647 docuit
2659 2594 2715 2647 et
2739 2590 3086 2649 monstravit
3110 2589 3285 2651 nobIs
3303 2594 3459 2671 quod
3484 2596 3543 2655 in
3563 2606 3707 2658 tem-

2061 2693 2204 2755 pore
2227 2676 2757 2738 consummationis
2770 2677 2970 2739 saeculi
2994 2698 3143 2758 opus
3165 2680 3240 2741 sit
3261 2682 3621 2746 orationem
3646 2687 3705 2746 in

2058 2765 2270 2853 l‘uturis
2293 2765 2576 2845 periculis
2598 2764 2817 2827 durare
2843 2768 3401 2843 valeamus,subdit:
3430 2771 3706 2853 Nunquid

2057 2850 2240 2914 Filius
2256 2854 2517 2915 hominis
2540 2872 2672 2914 cum
2696 2855 2953 2935 venerit,
2982 2856 3245 2920 inveniet
3267 2858 3444 2921 ﬁdem
3472 2864 3527 2923 in
3554 2850 3708 2924 terra

2054 2942 2163 3002 90?
2210 2942 2335 3014 Qua
2382 2944 2856 3021 interrogationis
2908 2945 3095 3023 ﬁgura
3148 2964 3314 3008 raros
3363 2950 3511 3013 dicit
3566 2962 3704 3014 tunc

2057 3031 2769 3094 inveniendosﬁdeles.ln
2795 3041 3020 3095 tantum
3034 3036 3530 3100 eniminvalescet
3552 3040 3708 3101 ﬁlius

2060 3119 2407 3201 iniquitatis,
2433 3121 2719 3196 utetiam,
2764 3123 2813 3183 si
2862 3123 3143 3202 possibile
3186 3132 3365 3202 esset,
3392 3130 3708 3192 seduceret

324 3206 601 3287 ἀνθρώπου
657 3209 758 3287 ἆρα
840 3206 1003 3264 ἐλθὼν
1082 3208 1291 3286 εὑρήσει
1348 3207 1449 3274 τὴν
1510 3209 1685 3297 πίστιν
1740 3208 1824 3264 ἐπὶ
1880 3215 1970 3276 τῆς

2059 3210 2303 3273 electos.
2331 3213 2398 3272 1n
2422 3210 2573 3272 raris
2594 3210 2753 3272 enim
2772 3212 2923 3273 solet
2946 3212 3285 3292 hujusmodi
3304 3218 3705 3297 interrogandi

321 3300 473 3375 γῆς;
538 3296 592 3353 έν
652 3298 898 3377 σχήματι
960 3296 1272 3375 ἐρωτήσεως
1325 3297 1388 3352 τὸ
1443 3296 1668 3353 σπάνιον
1720 3304 1826 3353 τῶν
1856 3298 1976 3354 τότε

323 3386 753 3465 εὑρεθησομένων
809 3392 1011 3442 πιστῶν
1073 3384 1474 3460 ὑποσημαίνων.
1536 3395 1794 3445 Τοσοῦτον
1879 3387 1977 3466 γὰρ

320 3476 718 3553 κατακρατήσει
777 3475 897 3531 τότε
957 3477 983 3530 6
1036 3475 1145 3538 υἱὸς
1198 3473 1299 3542 τῆς
1354 3474 1597 3549 ἀνομίας,
1644 3474 1779 3531 ὥστε
1837 3473 1974 3531 πλα·

321 3569 413 3635 νᾷν
471 3565 560 3621 καὶ
636 3565 756 3627 τοὺς
824 3562 1091 3643 ἐλεκτοὺς,
1174 3564 1218 3619 εί
1275 3562 1515 3620 δυνατόν.
1571 3562 1738 3620 Εἴωθε
1797 3562 1851 3620 δὲ
1894 3564 1980 3620 ἐπὶ

330 3660 414 3709 τοῦ
470 3653 705 3717 σπανίως
766 3651 1161 3732 εὑρισκομένου,
1226 3657 1303 3726 τῷ
1366 3651 1756 3731 ὲρωτηματικῷ
1796 3651 1977 3732 τρόπῳ

323 3746 578 3823 χρᾶσθαι,
635 3744 707 3805 ὡς
766 3743 854 3798 καὶ
915 3740 1001 3797 ἐπὶ
1051 3740 1145 3797 τοῧ
1178 3756 1192 3771 ⁸
1255 3740 1344 3804 Τίς
1402 3738 1501 3820 ἄρα
1558 3744 1700 3826 εστιν
1730 3744 1758 3799 6
1788 3744 1975 3806 πιστὸς

326 3831 536 3913 δοῦλος,
595 3833 684 3889 καὶ
728 3832 980 3913 φρόνιμος
1017 3847 1034 3906 ;
1085 3830 1183 3887 Καὶ
1209 3828 1426 3888 ἐνταῦθα
1456 3832 1545 3888 οὖν
1593 3832 1656 3887 τὸ
1686 3832 1813 3887 αὑτὸ
1841 3832 1976 3887 ὑπο-

322 3918 524 3994 δηλῶν,
582 3922 671 3978 καὶ
702 3920 782 3976 ὅτι
814 3921 1070 3999 βραχεῖς,
1116 3920 1201 3975 καὶ
1232 3917 1501 3992 ὀλιγόστοι
1552 3918 1759 3976 ἔσονται
1792 3923 1838 3976 οἱ
1879 3921 1979 3987 τὴν

320 4009 452 4087 πρός
508 4031 567 4065 τε
597 4012 688 4065 τὸν
721 4011 876 4084 Θεὸν,
921 4008 1009 4065 καὶ
1065 4008 1196 4078 πρὸς
1227 4005 1492 4077 ἀλλήλους
1550 4008 1724 4065 πίστιν
1778 4006 1978 4088 φυλάτ-

320 4120 523 4180 τοντες,
571 4105 641 4176 τῇ
683 4098 943 4177 ἐρωτήσει
972 4097 1140 4173 ταύτῃ
1170 4096 1465 4177 ἐχρήσατο.
1525 4098 1759 4161 Εἰκότως
1806 4096 1860 4153 δὲ
1915 4104 1982 4173 τῇ

322 4190 443 4266 περὶ
496 4198 591 4248 τοῦ
646 4188 1036 4269 προσεύχεσθαι
1098 4185 1402 4265 παραινέσει
1453 4187 1545 4242 τὸν
1595 4189 1712 4265 περὶ
1759 4191 1859 4254 τῆς
1889 4188 1981 4243 πί-

321 4299 487 4340 στεως
546 4276 708 4357 λόγον
762 4277 1119 4350 ἓπισυνῆψεν.
1181 4271 1400 4342 Ἐπειδὴ
1444 4275 1545 4353 γὰρ
1604 4275 1783 4339 πάσης
1810 4297 1978 4354 προσ-

325 4366 494 4447 ευχῆς
524 4367 738 4446 βάθρον,
795 4366 885 4423 καὶ
944 4364 1138 4442 κρηπὶς
1194 4365 1230 4431 ἡ
1260 4364 1435 4431 πίστις
1470 4381 1487 4399 ’
1523 4365 1676 4439 εἰμὴ
1736 4366 1836 4444 γὰρ
1892 4388 1983 4422 πι-

324 4457 530 4513 στεύσει
590 4458 619 4512 6
649 4453 947 4535 ἅνθρωπος,
983 4453 1064 4508 ὃτι
1094 4453 1124 4508 ὃ
1153 4450 1243 4508 ἐὰν
1298 4453 1518 4529 αἰτήσῃ,
1563 4450 1794 4529 λήψεται
1852 4455 1983 4531 πρὸς

2060 3298 2247 3378 ﬁgura
2275 3299 2384 3377 uti,
2419 3297 2571 3359 sicut
2595 3305 2653 3359 et
2683 3318 2814 3360 cum
2849 3300 2990 3361 dicit
3027 3322 3039 3363 :
3075 3301 3216 3373 Quis
3240 3313 3410 3383 putas
3433 3306 3628 3369 ﬁdelis
3651 3320 3708 3369 et

2062 3386 2324 3467 prudens
2354 3405 2558 3449 servus
2579 3386 2610 3447 ?
2641 3388 2834 3468 Atque
2862 3388 2975 3450 hoc
2998 3390 3128 3451 loco
3152 3392 3311 3455 idem
3340 3394 3705 3473 signiﬁcans,

2058 3477 2213 3556 quod
2248 3476 2420 3556 pauci
2457 3495 2705 3538 numero
2735 3478 2876 3539 455
2908 3491 3085 3540 erunt
3113 3482 3214 3561 qui
3252 3501 3391 3562 erga
3429 3483 3617 3547 Deum
3654 3498 3711 3547 et

2059 3565 2218 3627 inter
2237 3584 2299 3626 se
2322 3566 2499 3627 ﬁdem
2543 3565 2886 3642 servabunt,
2922 3568 3033 3628 hac
3072 3571 3536 3651 interrogatione
3569 3594 3710 3637 usus

2060 3662 2167 3714 est.
2195 3653 2405 3717 Merito
2439 3662 2635 3715 autem
2667 3656 2930 3717 sermoni
2965 3657 3040 3719 de
3070 3661 3334 3722 oratione
3368 3679 3707 3725 sermonem

2061 3742 2137 3805 de
2166 3743 2285 3805 ﬁde
2305 3744 2646 3824 connexuit,
2671 3744 2946 3825 quoniam
2970 3748 3162 3809 omnis
3180 3750 3465 3813 orationis
3493 3752 3711 3814 funda-

2064 3840 2326 3893 mentum
2361 3852 2428 3895 ac
2458 3832 2617 3895 basis
2656 3843 2743 3894 est
2793 3834 2964 3897 ﬁdes.
3010 3834 3135 3897 Nisi
3185 3839 3340 3899 enim
3388 3840 3711 3903 crediderit

2064 3920 2268 4000 homo,
2296 3920 2455 4001 quod
2476 3921 2587 3982 hoc
2606 3922 2761 4001 quod
2789 3922 2935 4002 petit
2961 3932 3318 4005 accepturus
3342 3926 3416 3988 sit
3449 3930 3506 3989 in
3540 3947 3709 3991 suam

2064 4008 2401 4083 utilitatem,
2426 4028 2571 4070 vana
2589 4017 2680 4071 est
2710 4012 2897 4073 oratio
2918 4031 3093 4092 quam
3117 4013 3276 4075 facit.
3304 4014 3369 4076 Et
3402 4027 3716 4098 propterea

2067 4098 2356 4161 Dominus
2386 4098 2460 4160 de
2483 4099 2750 4160 oratione
2777 4100 3022 4177 docens,
3057 4103 3232 4164 etiam
3253 4103 3393 4166 ﬁdei
3416 4107 3712 4183 meminit,
3784 4124 3793 4131 '

2064 4187 2377 4248 declarans
2432 4186 2697 4269 interim,
2753 4207 3075 4269 paucorum
3128 4192 3254 4253 fore
3306 4202 3445 4256 tunc
3490 4215 3709 4259 orare:

2064 4276 2549 4358 quandoquidem
2600 4277 2747 4338 ﬁdes
2788 4278 2847 4338 in
2894 4279 3097 4359 paucis
3141 4281 3497 4347 invenietur.
3534 4283 3716 4363 Igitur

2068 4384 2200 4426 cum
2216 4365 2813 4425 veneritDominusin
2840 4366 3714 4441 nubibus,noninvenietﬁdem

2070 4471 2251 4533 super
2293 4461 2538 4533 terram,
2578 4453 2691 4514 nisi
2727 4456 2783 4515 in
2817 4457 3037 4535 paucis.
3085 4457 3285 4519 Faciet
3326 4468 3523 4521 autem
3563 4462 3715 4524 hanc

325 4548 389 4603 τὸ
446 4524 755 4626 συμφέρον,
799 4524 995 4621 ματαία
1054 4542 1090 4609 ἡ
1146 4542 1450 4622 προσευχὴ,
1469 4524 1553 4608 *ἣν
1581 4524 1819 4597 ποιεῖται
1855 4524 1970 4597 ’.διε

2075 4524 2214 4603 tunc
2241 4563 2254 4602 :
2287 4542 2454 4602 inviti
2485 4524 2680 4603 autem
2710 4524 2919 4604 omnes
2940 4543 3386 4610 conﬁtebuntur
3409 4550 3564 4629 qucd
3598 4552 3723 4612 Do—‘

323 4644 482 4695 10610
538 4640 566 4693 6
628 4638 813 4715 Κύριος
884 4636 1001 4713 περὶ
1078 4639 1171 4689 τοῦ
1240 4632 1628 4712 προσεύχεσθαι
1698 4631 1970 4710 διδάσκων,

2074 4632 2271 4693 minus
2302 4632 2477 4690 Jesus
2509 4629 2777 4693 Christus
2810 4630 2871 4692 in
2903 4632 3091 4711 gloria
3123 4643 3211 4697 est
3257 4635 3364 4697 Dei
3394 4637 3584 4699 Patris
3617 4657 3630 4698 :
3667 4639 3716 4699 si

324 4728 414 4784 καὶ
468 4728 569 4794 τῆς
624 4726 853 4789 πίστεως
935 4723 1272 4798 ἐπεμνήσθη,
1350 4720 1527 4788 δηλῶν
1584 4722 1970 4800 κεκρυμμένως

2073 4718 2313 4800 quidem
2340 4719 2465 4781 haec
2488 4719 2637 4780 ﬁdes
2652 4720 2912 4781 vocanda
2935 4731 3046 4803 est,
3072 4727 3270 4785 etnon
3292 4725 3482 4805 potius
3507 4745 3717 4788 neces-

329 4815 412 4873 ὅτι
468 4815 663 4892 ὀλίγων
720 4815 876 4872 ’έσται
932 4814 1020 4869 καὶ
1078 4814 1137 4869 τὸ
1187 4811 1573 4891 προσεύχεσθαι
1625 4812 1770 4888 τότε,
1806 4809 1970 4869 ἐπειδὶ

2074 4809 2238 4871 sitas.
2272 4807 2485 4871 Nullus
2521 4808 2678 4869 enim
2713 4810 2822 4869 erit
2861 4809 3193 4872 inﬁdelium
3234 4813 3333 4893 qui
3374 4833 3492 4875 non
3516 4814 3722 4877 credet

324 4906 413 4962 καὶ
447 4907 480 4973 ἡ
527 4905 705 4966 πίστις
739 4903 792 4960 ἐν
824 4901 1025 4981 ὀλίγοις
1088 4901 1448 4980 εὑρεθήσεται.
1498 4898 1698 4957 Ἐλθὼν
1751 4900 1847 4977 μὲν
1902 4903 1970 4957 οὑκ

2075 4897 2231 4979 quod
2252 4897 2412 4959 solus
2431 4896 3040 4979 sitSalvatoris,quem
3064 4911 3241 4964 antea
3256 4902 3715 4983 blasphemarat.

327 4996 357 5051 6
396 4992 580 5073 Κύριος
611 4991 666 5048 ἰν
695 4990 964 5072 νεφέλαις,
1011 4989 1105 5046 οὑκ
1135 4989 1341 5069 εὑρήσει
1372 4989 1469 5056 τὴν
1518 4988 1696 5045 πίστιν
1756 4989 1841 5047 ἐπὶ
1895 4991 1991 5056 τῆς
2044 4995 2170 5061 γῆς,
2225 4988 2268 5043 εἰ
2311 4988 2387 5062 μὴ
2420 4984 2518 5065 ἄρα
2550 4988 2603 5042 έν
2637 4987 2859 5066 ὀλίγοις,
2892 4992 3111 5060 ποιήσει
3140 4989 3199 5047 δὲ’
3218 4992 3416 5059 ταύτην
3445 4993 3584 5068 τίθετε,
3633 4998 3719 5051 καὶ

328 5080 549 5145 ἄκοντες
584 5083 685 5161 γὰρ
714 5081 909 5145 πάντες
943 5077 1390 5157 ὁμολογήσουσιν,
1428 5076 1507 5133 ὅτι
1556 5079 1745 5157 Κύριος
1777 5077 1981 5146 ἰησοῦς
2011 5081 2082 5143 εἰς
2109 5076 2257 5142 δόξαν
2292 5083 2423 5133 Θεοῦ
2453 5079 2681 5154 Πατρὸς,
2718 5080 2805 5135 καὶ
2848 5079 2900 5133 εἴ
2930 5100 2990 5156 γε
3021 5080 3129 5158 χρὴ
3167 5089 3328 5138 ταῦτα
3358 5082 3555 5155 πίστιν,
3586 5082 3720 5140 ἀλλὰ

331 5173 411 5249 μὴ
450 5172 689 5251 ἀνάγκην
748 5172 944 5243 εἰπεῖν,
1005 5166 1172 5230 οὐδεὶς
1218 5173 1324 5223 τῶν
1377 5166 1612 5224 ἀπίστων
1670 5167 1841 5247 ἔσται,
1905 5168 1962 5230 ὃς
2035 5172 2092 5225 οὗ
2138 5166 2428 5245 πιστεύσει,
2479 5164 2560 5222 ὅτι
2603 5167 2765 5241 μόνος
2817 5170 2843 5224 6
2905 5170 3093 5243 Σωτὴρ
3139 5170 3165 5224 ὁ
3208 5166 3333 5246 παρ’
3390 5172 3549 5227 αὑτοῦ
3604 5175 3721 5251 πρὶν

328 5260 814 5342 βλασφημούμενος
828 5309 841 5323 .

409 5420 476 5473 89
504 5420 695 5485 Galat.
730 5437 799 5496 ιι,
833 5420 892 5481 6.
977 5416 1044 5468 90
1072 5417 1221 5482 Luc.
1264 5431 1428 5492 xvm,
1453 5416 1514 5480 8.

413 5583 503 5665 (α)
543 5581 702 5647 Edit.
734 5581 870 5646 Lut.
903 5597 1025 5643 non
1058 5576 1257 5655 habet,
1289 5581 1344 5641 at
1373 5576 1629 5641 veritati
1659 5592 2013 5657 comparare
2037 5586 2173 5641 sunt
2200 5582 2365 5643 ausi.

664 5754 933 5828 PATIOL.
976 5752 1091 5818 Gn.
1135 5747 1409 5814 CXXIII.
3301 5747 3408 5813 ῃ,
