4184 6408
602 342 749 407 1003

591 586 655 627 se
680 566 1064 628 conﬁdebant
1087 567 1242 645 quod
1264 565 1651 643 essentjusti,
1681 574 1737 625 et
1775 562 2251 644 aSpernabantur

589 666 855 727 caeteros,
890 654 1232 734 parabolam
1260 654 1432 715 istam
1464 676 1476 716 :
1514 656 1641 715 Duo
1659 652 1935 714 homines
1958 651 2248 713 ascende-

590 746 727 804 bant
752 745 811 803 in
847 745 1132 823 templum
1162 758 1223 803 ut
1249 750 1675 823 precarentur;
1711 761 1862 802 unus
1889 741 2243 813 Pharisaeus,

588 843 645 893 et
675 835 826 893 alter
859 834 1233 911 publicanus.
1272 833 1603 893 l‘harisaeus
1635 837 1799 893 stans
1846 830 1969 891 hinc
1995 830 2149 909 apud
2181 847 2246 889 se

588 922 827 983 orabat:
862 922 1039 999 Deus,
1068 923 1281 999 gratias
1303 940 1410 997 ago
1451 921 1553 981 tibi
1591 920 1745 1000 quod
1781 939 1894 980 non
1929 938 2058 979 sum
2093 918 2247 978 sicut

584 1012 782 1072 caeteri
836 1012 1134 1083 homines,
1171 1020 1459 1091 raptores,
1508 1010 1738 1089 injusti,
1777 1007 2054 1082 adulteri,
2090 1007 2247 1068 velut

587 1100 761 1161 etiam
792 1102 887 1161 hic
922 1101 1318 1181 publicanus;
1347 1101 1557 1179 jejuno
1582 1099 1672 1160 bis
1693 1100 1750 1159 in
1774 1098 2052 1176 Sabbato,
2079 1096 2245 1157 deci-

590 1208 718 1251 mas
750 1190 824 1249 do
861 1191 1126 1249 omnium
1155 1208 1282 1268 quae
1307 1189 1607 1268 possideo.
1644 1189 1715 1249 Et
1737 1187 2087 1266 publicanus
2104 1205 2244 1265 pro-

583 1281 678 1339 cul
712 1289 901 1358 stans,
947 1299 1055 1340 nec
1088 1280 1291 1339 oculos
1333 1278 1563 1339 volebat
1592 1278 1661 1337 ad
1697 1277 1916 1339 caelum
1950 1276 2239 1350 attollere,

586 1372 688 1431 sed
726 1370 1234 1449 tundebatpectus
1264 1389 1432 1430 suum
1462 1370 1667 1429 dicens
1699 1390 1709 1427 :
1750 1368 1925 1439 Deus,
1954 1368 2244 1448 propitius

586 1467 707 1519 esto
732 1461 872 1519 mihi
894 1459 1214 1539 peccatori.
1243 1460 1388 1521 Dico
1411 1458 1599 1534 vobis,
1628 1458 1939 1517 descendit
1964 1456 2247 1535 hicjusti-

586 1547 796 1607 ﬁcatus
822 1548 879 1607 in
907 1549 1146 1608 domum
1173 1567 1359 1619 suam,
1389 1546 1571 1623 magis
1588 1565 1760 1627 quam
1784 1546 1885 1607 ille
1914 1569 1924 1603 :
1953 1545 2091 1625 quia
2109 1562 2241 1604 om~

585 1637 679 1695 nis
709 1637 808 1717 qui
841 1656 903 1697 se
948 1637 1193 1711 extollit,
1231 1635 1666 1710 humiliabitur,
1708 1643 1765 1696 et
1810 1635 2003 1695 omnis
2046 1635 2143 1714 qui
2176 1651 2241 1694 se

585 1727 877 1797 bumiliat,
913 1726 1249 1787 extolletur.
1287 1748 1318 1781 π
1351 1724 1479 1785 Non
1503 1735 1696 1785 cessat
1729 1726 2016 1784 Dominus
2047 1723 2237 1803 pluri-

585 1814 692 1875 bus
742 1816 1105 1893 argumentis
1137 1833 1458 1894 repurgare
1496 1813 1793 1893 superbiaa
1834 1814 2066 1873 vitium.
2100 1813 2238 1874 Plus

583 1905 738 1964 enim
762 1905 894 1965 aliis
923 1904 1073 1964 vitiis
1099 1913 1363 1965 mentem
1390 1905 1709 1964 humanam
1738 1902 2238 1982 turbat,propter-

583 2013 651 2053 ea
684 2013 839 2073 smpe
870 2002 927 2054 et
960 1993 1208 2053 multum
1235 1993 1307 2053 de
1339 1993 1447 2053 hac
1480 1993 1675 2053 docet.
1700 1991 1970 2071 Denique
1996 2000 2052 2051 et
2076 2010 2237 2052 nunc

582 2083 849 2161 pejorem
889 2085 1017 2159 ejus
1068 2082 1327 2161 speciem
1389 2091 1623 2161 purgat.
1659 2081 1845 2143 Multa
1898 2081 2057 2141 enim
2104 2088 2237 2140 sunt

582 2172 887 2250 philautiw
911 2171 1425 2249 germina.0pinio
1449 2172 1522 2232 de
1546 2188 1609 2230 se
1636 2170 2230 2248 magna,arrogantia,

581 2270 636 2319 et
669 2261 859 2320 inanis
892 2260 1095 2335 gloria
1126 2258 1419 2337 cupiditas
1441 2258 1513 2318 ab
1543 2260 1650 2319 hac
1678 2258 1988 2337 pul!ulant.
2021 2258 2235 2318 Perni-

580 2350 774 2408 ciosor
799 2357 992 2408 autem
1029 2348 1310 2409 omnibus
1341 2347 1473 2407 aliis
1509 2355 1598 2407 est
1628 2346 1935 2425 superbia,
1972 2365 2104 2423 quae
2127 2344 2235 2408 Dei

583 2446 671 2496 est
702 2445 1101 2515 contemptus.
1130 2436 1275 2497 Cum
1311 2436 1468 2496 enim
1497 2436 1629 2514 quis
1659 2453 1777 2495 non
1806 2433 1952 2507 Deo,
1988 2434 2091 2495 sed
2125 2434 2234 2495 sibi

581 2544 684 2585 sua
716 2525 873 2587 bona
900 2544 1080 2604 opera
1128 2524 1352 2597 tribuit,
1403 2525 1542 2603 quid
1580 2525 1689 2584 hoc
1716 2523 1870 2583 aliud
1906 2543 2077 2602 quam
2123 2542 2233 2585 ne-

581 2633 718 2691 gare
737 2614 923 2675 Deum
949 2623 1058 2685 est,
1084 2622 1141 2672 et
1175 2613 1228 2672 ei
1261 2612 1612 2673 adversari?
1644 2614 1765 2674 Hoc
1799 2612 1976 2690 igitur
2005 2611 2231 2685 vitium,

579 2704 675 2766 cui
706 2702 991 2763 Dominus
1035 2703 1118 2764 ita
1148 2702 1511 2775 adversatur,
1566 2712 1625 2762 ut
1657 2702 1935 2762 inimicus
1966 2700 2230 2773 inimico,

580 2792 687 2853 hac
708 2792 987 2872 parubola
1015 2790 2229 2868 medicariDominusdeclaraturJ’rOpter

1558 334 2147 404 THEOPHYLACTI
2193 334 2599 403 BULGARIE
2643 336 2997 407 ARCHIEP.

672 478 850 540 Vens.
881 479 1046 540 9—14.
1080 503 1105 531 ‹‹
1144 477 1298 539 Dixit
1330 488 1528 539 autem
1553 486 1612 537 et
1645 475 1714 536 ad
1751 474 2036 554 quosdam
2063 472 2238 554 quiin
2261 481 2301 529 Α

3808 354 3825 412 1
3840 348 3946 416 004

2412 497 2434 532 α
2489 478 2626 534 Εῖπε
2673 477 2723 534 δὲ
2758 483 2844 535 καὶ
2888 480 3019 558 πρός
3064 502 3210 544 τινας
3242 479 3363 543 τοὺς
3395 480 3714 547 πεποιθότας
3739 486 3817 566 ἔφ’
3845 489 3959 545 ἐαυ-

2330 579 2471 637 τοῖς,
2518 566 2597 623 ὅτι
2650 570 2744 623 εἶσὶ
2805 567 3017 647 δίκαιοι,
3092 570 3178 624 καὶ
3235 567 3623 634 ἐξουθενοῦντας
3681 575 3798 636 τοὺς
3853 574 3961 631 λοι-

2332 656 2483 731 ποὺς,
2517 659 2614 724 τὴν
2646 655 2950 737 παραϐολὴν
2994 657 3191 723 ταύτην
3229 674 3242 687 ⁸
3314 657 3627 735 ’Ἄνθρωποι
3670 659 3755 718 δύο
3783 661 3960 731 ἀνέϐη-

2331 766 2426 799 σαν
2485 747 2555 811 εἷς
2616 749 2677 802 τὸ
2733 748 2871 823 ἱερὸν
2931 744 3308 825 προσεύξασθαι
3341 766 3356 781 ⁸
3415 750 3442 803 6
3502 749 3586 812 εἷς
3663 757 3957 828 Φαρισαῖος,

2328 835 2414 888 καὶ
2459 837 2487 890 6
2539 835 2714 909 ἕτερος
2781 834 3043 901 τελώνης.
3095 827 3151 892 Ὀ
3215 842 3535 913 Φαρισαῖος,
3580 827 3778 903 σταθεὶς
3844 844 3959 918 πρὸς

2331 922 2537 1003 ἑαυτὸν,
2585 935 2746 983 ταῦτα
2805 926 3146 1004 προσηύχετο
3182 939 3195 953 ⁸
3249 916 3305 981 Ὀ
3352 926 3504 996 Θεὸς,
3554 925 3846 1005 εὐχαριστῶ
3886 954 3958 985 σοι

2328 1011 2411 1067 ὅτι
2452 1014 2546 1069 οὑκ
2584 1016 2692 1089 εἷμί
2731 1014 2907 1093 ὥσπερ
2951 1017 2997 1068 οἱ
3041 1011 3216 1069 λοιποὶ
3259 1016 3364 1068 τῶν
3436 1013 3744 1091 ἀνθρώπιον,
3796 1017 3954 1094 ἅρπα-

2327 1124 2441 1179 γες,
2502 1101 2693 1177 ἄδικοι,
2742 1105 2950 1183 μοιχοὶ,
2998 1102 3034 1170 ἢ
3079 1104 3167 1158 καὶ
3210 1105 3282 1164 ὡς
3330 1102 3481 1165 οὗτος
3514 1106 3540 1159 6
3590 1103 3845 1171 τελώνης·
3878 1130 3957 1172 νη-

2327 1193 2494 1247 στεύω
2536 1190 2610 1256 ἂς
2654 1200 2743 1249 τοῦ
2788 1189 3084 1264 Σαϐϐάτου,
3118 1189 3427 1247 ἀποδεκατῶ
3458 1192 3629 1247 πάντα
3678 1193 3773 1247 ὅσα
3825 1198 3954 1248 κτῶ-

2327 1304 2445 1355 μαι,
2510 1284 2607 1339 Καὶ
2641 1285 2668 1337 6
2700 1281 2957 1353 τελώνης,
3006 1281 3266 1357 μακρόθεν
3297 1281 3489 1354 ἑστὼς,
3523 1283 3618 1337 οὑκ
3648 1280 3824 1347 ἤθελεν
3853 1282 3955 1337 οὑδὲ

2324 1371 2442 1434 τοὺς
2471 1370 2769 1450 ὀφθαλμοὺς
2826 1372 2898 1433 είς
2947 1372 3037 1425 τὸν
3094 1370 3311 1448 οὑρανὸν
3362 1372 3576 1447 ἒπᾶραι,
3611 1368 3728 1425 ἀλλ’
3759 1369 3956 1429 ἔτυπτεν

2329 1461 2400 1523 εἷς
2440 1449 2736 1527 τὸστῆθος
2782 1461 2957 1531 αὑτοῦ,
3006 1458 3177 1536 λέγων
3212 1474 3225 1487 ⁸
3293 1449 3349 1515 Ὀ
3412 1462 3543 1522 Θεὸς
3600 1457 3835 1524 ἱλάσθητί
3875 1482 3953 1533 μοι

2325 1550 2401 1622 τῷ
2443 1551 2764 1627 ἁμαρτωλῷ.
2824 1546 2977 1625 Λέγω
3024 1549 3175 1621 ὑμῖν,
3235 1543 3434 1612 κατέβη
3487 1550 3639 1609 οὗτος
3696 1544 3953 1603 δεδικαιω-

2324 1637 2479 1711 μένος
2537 1639 2608 1699 εἶς
2662 1639 2751 1692 τὸν
2784 1640 2935 1693 οἶκον
2967 1638 3145 1709 αὑτοῦ,
3178 1635 3213 1700 ἢ
3258 1635 3489 1715 ἐκεῖνος,
3524 1633 3605 1690 6'1:
3638 1641 3739 1698 πᾶς
3769 1638 3795 1691 6
3821 1637 3951 1709 ὑψῶν

2324 1728 2529 1801 ἑαδτὸν,
2575 1728 3051 1799 ταπεινωθήσεται,
3096 1727 3123 1780 6
3180 1723 3233 1780 δὲ
3289 1731 3553 1780 ταπεινῶν
3583 1725 3785 1801 ἑαυτὸν,
3816 1726 3949 1797 ὑψω-

2319 1817 2557 1884 θήσεται.
2620 1838 2641 1871 ι
2698 1817 2769 1871 Οὑ
2825 1815 3048 1870 παύεται
3082 1815 3108 1869 6
3170 1814 3353 1892 Κύριος
3418 1815 3480 1869 16
3536 1818 3633 1879 τῆς
3691 1814 3949 1890 ὑπερηφα-

2321 1906 2431 1968 νίας
2488 1905 2651 1968 πάθος
2697 1904 3018 1980 ἐκκαθαίρων
3077 1902 3160 1959 διὰ
3240 1902 3529 1965 πλειόνων,
3589 1900 3797 1969 Ἐπειδὴ
3862 1902 3949 1977 γὰρ

2321 1993 2480 2049 πλέον
2536 1995 2640 2049 τῶν
2698 1992 2873 2049 ἄλλων
2931 1996 3112 2049 παθῶν
3172 1990 3393 2071 ἐνοχλεῖ
3442 2005 3565 2075 ταῖς
3623 1990 3947 2067 ἀνθρωπίναις

2318 2084 2575 2162 γνώμαις,
2638 2081 2721 2138 διὰ
2763 2090 2917 2139 τοῦτο
2960 2081 3242 2161 πολλαχοῦ
3270 2083 3359 2137 καὶ
3389 2080 3649 2142 πολλάκις
3682 2080 3794 2157 περὶ
3833 2079 3945 2133 τού-

2319 2194 2410 2230 του
2466 2170 2719 2234 διδάσκει,
2770 2170 2983 2245 Ἀμέλει
3028 2173 3115 2227 καὶ
3148 2178 3233 2226 νῦν
3277 2172 3337 2226 16
3378 2184 3572 2249 χεῖρον
3603 2167 3743 2233 εἶδος
3769 2168 3947 2232 ταύτης

2320 2260 2637 2339 ἐκκαθαίρει.
2697 2260 2875 2317 Πολλὰ
2933 2261 3031 2337 γὰρ
3088 2260 3151 2315 τὰ
3210 2265 3308 2324 τῆς
3387 2258 3663 2339 φιλαυτίας
3724 2256 3946 2333 βλαστή-

2318 2374 2484 2427 ματα.
2536 2354 2632 2409 Καὶ
2675 2353 2774 2429 γὰρ
2817 2352 2904 2407 καὶ
2947 2349 3149 2419 οἴησις,
3197 2351 3283 2404 καὶ
3338 2348 3653 2423 ἂλαζωνεία,
3685 2349 3768 2403 καὶ
3809 2366 3945 2401 κενο-

2317 2440 2455 2507 δοξία
2514 2441 2573 2497 ἐκ
2628 2441 2822 2506 ταύτης
2893 2441 3130 2517 φύονται,
3193 2437 3599 2517 Ὀλετριώτερον
3657 2434 3710 2492 δὲ
3754 2437 3945 2490 πάντων

2317 2533 2359 2609 ἠ.
2411 2530 2759 2609 ὑπερηφανία,
2818 2530 3146 2606 ὑπερηφανία
3218 2525 3273 2582 δὲ
3311 2528 3453 2583 ἔστιν
3511 2527 3751 2592 ἀθέτησις
3808 2528 3944 2581 Θεοῦ.

2321 2605 2639 2697 ’.Οτανγγάρ
2679 2641 2759 2681 τις
2805 2622 2863 2676 οὑ
2906 2605 3165 2690 τῷγΘεῷ,
3214 2615 3330 2672 ἀλλ’
3380 2618 3553 2691 ἑαυτῷ
3613 2613 3943 2691 ἐπιγράφηται

2316 2710 2377 2764 16
2419 2708 2825 2787 κατορθώματα,
2869 2708 2918 2761 τί
2968 2704 3122 2783 ἄλλο,
3174 2705 3209 2773 ἢ
3256 2706 3474 2783 ἄρνησις
3536 2713 3664 2762 €506
3709 2706 3813 2757 ἔστι
3868 2700 3942 2753 καὶ

2309 2798 2565 2858 ἁντιθεία.
2620 2797 2783 2855 T0610
2835 2798 2923 2851 οὖν
2966 2797 3027 2851 τὸ
3084 2796 3246 2859 πάθος
3300 2796 3360 2849 τὰ
3417 2795 3673 2868 ἀντίθεον,
3719 2788 3940 2861 ᾠὸΚύ-

579 2882 689 2941 hoc
716 2882 874 2941 enim
910 2880 1067 2961 quod
1101 2880 1408 2942 conﬁdunt
1440 2880 1499 2939 in
1532 2880 1768 2959 seipsis,
1796 2888 1850 2939 et
1887 2898 2004 2939 non
2038 2888 2224 2939 totum

2315 2911 2419 2966 ριος
2480 2887 2875 2965 ἀντιτάσσεται,
2926 2887 2999 2949 ὡς
3044 2884 3233 2965 ἐχθρὸς
3284 2883 3485 2964 ἐχθρῷ,
3520 2882 3599 2939 διὰ
3642 2882 3737 2947 τῆς
3780 2898 3939 2966 παρα-

577 2969 696 3030 Deo
733 2970 1019 3045 tribuutit,
1065 2970 1167 3031 sed
1216 2970 1363 3029 alios
1410 2987 1515 3047 per
1561 2970 1671 3029 hoc
1705 2968 2067 3041 exinaniunt,
2104 2970 2229 3029 haec

2315 2965 2471 3044 ϐολῆς
2539 2976 2735 3041 ταύτης
2795 2977 2821 3030 6
2896 2975 3081 3053 Κύριος
3164 2972 3470 3051 θεραπεύειν
3551 2965 3937 3048 ἐπαγγέλλεται.

577 3059 760 3120 dicit:
799 3069 857 3119 et
889 3059 1147 3121 ostendit
1171 3058 1323 3138 quod
1344 3058 1597 3137 justitia,
1624 3058 1886 3137 quamvis
1909 3057 2127 3136 alioqui
2157 3057 2231 3117 sit

2316 3066 2412 3121 Διὰ
2472 3066 2567 3143 γὰρ
2608 3065 2727 3126 τοὺς
2760 3063 3079 3125 πεποιθότας
3125 3061 3207 3141 ἐφ’
3261 3062 3500 3136 ἑαυτοῖς,
3536 3062 3621 3116 καὶ
3664 3060 3738 3135 μὴ
3765 3057 3821 3111 τὸ
3848 3058 3939 3110 πᾶν

581 3148 897 3221 mirabilis,
936 3160 990 3209 et
1023 3149 1321 3209 hominem
1357 3147 1477 3208 Deo
1511 3148 1844 3227 proximum
1879 3146 2222 3221 conSIiluat,

2315 3162 2427 3229 θεῷ
2459 3153 2855 3232 λογιζομένους,
2916 3151 3053 3208 ἀλλὰ
3103 3150 3187 3207 διὰ
3243 3160 3397 3210 τοῦτο
3452 3154 3542 3209 καὶ
3598 3150 3715 3210 τοὺς
3766 3143 3937 3248 ἄλλους

574 3256 707 3297 cum
739 3237 1079 3316 superbiam
1113 3237 1443 3311 admiserit,
1482 3234 1783 3298 hominem
1822 3244 1877 3296 in
1910 3236 2101 3297 locum
2130 3241 2223 3297 in-

2315 3244 2724 3317 ἒξουθενυῦντας,
2784 3242 2945 3299 ταῦτά
2984 3264 3140 3321 φησι,
3195 3245 3280 3297 καὶ
3323 3238 3602 3319 δείκνυσιν,
3656 3237 3734 3293 δτι
3778 3236 3809 3301 ἡ
3863 3229 3935 3285 δι-

575 3326 775 3384 ﬁmum
808 3326 1060 3403 Tt'jiCiat,
1096 3333 1152 3385 et
1200 3325 1532 3384 dri-nionem
1586 3324 1819 3401 reddat,
1866 3324 1966 3405 qui
1992 3324 2115 3403 jam
2160 3343 2224 3385 se

574 3415 858 3493 aequalem
901 3414 1016 3474 Deo
1049 3416 1293 3476 fecerat.
1354 3413 1584 3475 Similia
1639 3412 1833 3492 itaque
1876 3422 2012 3474 sunt
2046 3413 2225 3475 verba

571 3501 851 3564 Pharisazi
874 3502 947 3563 ab
968 3502 1158 3571 initio,
1188 3502 1337 3581 grati
1373 3501 1633 3561 hominis
1658 3500 2222 3565 sermonibus.Gra-

573 3593 681 3652 tias
705 3594 861 3653 enim
888 3592 1076 3653 habeo
1099 3591 1225 3671 tibi,
1246 3592 1623 3671 inquit,Deus
1650 3610 1664 3666 ;
1698 3603 1752 3652 at
1776 3601 1986 3652 caetera
2008 3601 2223 3670 quanta

574 3681 793 3740 referta
823 3691 957 3740 sunt
981 3680 1345 3758 arrogantia!
1382 3680 1521 3738 454
1551 3678 1678 3739 Non
1713 3680 1870 3739 enim
1904 3679 2068 3755 dixit,
2103 3679 2219 3741 Fe-

576 3770 705 3829 cisti
736 3788 832 3829 me
864 3768 1162 3829 abstinere
1194 3769 1265 3829 ab
1303 3768 1612 3847 iojustitia,
1648 3777 1706 3828 et
1753 3787 1785 3827 a
1814 3768 2023 3848 rapina
2055 3787 2069 3831 :
2117 3769 2219 3830 sed

577 3858 908 3936 quomodo?
932 3858 1060 3919 Non
1077 3876 1227 3917 sum.
1254 3856 1494 3937 Sibiipsi
1513 3856 1677 3918 attrit
1698 3857 1782 3917 uit
1806 3857 2021 3918 bonum
2048 3877 2218 3939 opus,

578 3952 639 4007 et
670 3962 775 4008 suo
805 3946 1030 4008 robori.
1066 3948 1139 4005 At
1171 3946 1317 4007 alios
1355 3946 1632 4025 judicare
1662 3947 1960 4026 quomodo
1994 3956 2083 4009 est
2110 3949 2220 4008 ho-

582 4035 759 4094 minis
781 4034 1023 4095 scientis
1042 4035 1197 4113 quod
1224 4056 1256 4094 a
1287 4034 1410 4095 Deo
1437 4035 1646 4096 habeat
1670 4054 1800 4115 quae
1818 4036 2040 4097 habet?
2073 4037 2222 4099 Om-

580 4125 719 4183 nino
744 4124 899 4184 enim
933 4125 978 4184 si
1010 4124 1366 4185 credidisset
1391 4126 1546 4204 quod
1571 4144 1677 4205 per
1708 4125 1951 4203 gratiam
1979 4124 2225 4187 haberet

2306 3334 2559 3400 καιοσύνη
2609 3331 2776 3388 τᾶλλα
2834 3331 3110 3407 θαυμαστή
3170 3352 3249 3393 τις
3299 3332 3451 3409 οὖσα,
3485 3330 3571 3385 καὶ
3597 3326 3816 3392 πλησίον
3858 3327 3939 3376 τοῦ

2308 3431 2438 3479 Θεοῦ
2492 3424 2581 3478 τὸν
2639 3421 2908 3489 ἄνθρωπον
2964 3421 3185 3494 ἰστῶσα,
3245 3418 3370 3474 ὅταν
3426 3419 3527 3486 τὴν
3601 3410 3937 3495 ὑπερηφανίαν

2306 3509 2695 3589 προσλάϐηται,
2755 3512 2827 3575 εἷς
2872 3510 2938 3566 τὰ
3001 3509 3279 3565 κατώτατα
3325 3509 3416 3563 τὸν
3459 3507 3727 3586 ἄνθρωπον
3783 3495 3936 3574 ἀπορο

2306 3604 2497 3681 ρίπτει,
2549 3602 2637 3656 καὶ
2693 3602 2767 3664 ὡς
2826 3599 3043 3675 δαίμονα
3099 3611 3247 3654 ποιεῖ
3276 3598 3368 3653 τὸν
3396 3596 3532 3661 τέως
3576 3597 3771 3652 ἰσόθεον
3800 3610 3935 3681 χρη·

2305 3679 2611 3767 ματίζοντα.
2673 3687 2875 3747 ’¹Εοικε
2934 3690 3030 3764 μὲν
3074 3691 3161 3744 οῦν
3201 3688 3265 3743 τὰ
3309 3689 3524 3766 ρήματα
3553 3692 3644 3743 τοῦ
3672 3679 3935 3759 Φαρισαίου

2306 3779 2357 3846 ἐξ
2390 3780 2565 3859 ἀρχῆς
2598 3780 2693 3856 μὲν
2727 3778 3059 3858 εὑγνώμονος
3118 3777 3392 3854 ἀνθρώπου
3449 3776 3654 3856 λόγοις,
3714 3772 3932 3859 E61619:-

2306 3856 2435 3924 0106
2458 3856 2549 3925 ’σοι
2588 3870 2713 3947 γὰρ,
2744 3856 2927 3947 φησὶν,
2960 3868 2988 3922 6
3020 3867 3175 3944 Θεὸς,
3208 3867 3274 3921 τὰ
3319 3864 3373 3921 δὲ
3404 3864 3593 3945 ἐφεξῆς
3618 3862 3789 3926 πάσης
3820 3856 3935 3911 ἀπα·

2307 3958 2449 4022 νοίας
2479 3956 2899 4035 πεπληρωμένα.
2960 3955 3031 4013 Οὑ
3087 3956 3187 4033 γὰρ
3219 3958 3393 4034 εἶπεν,
3442 3955 3523 4011 ὅτι
3553 3947 3835 4016 Ἐποίησάς
3874 3962 3931 4017 με

2308 4046 2532 4125 ἀπέχειν
2587 4045 2692 4101 ἀπὸ
2750 4043 2975 4123 ἀδικίας,
3025 4045 3130 4100 ἀπὸ
3160 4044 3402 4123 ἁρπαγῆς
3439 4061 3453 4075 ⁸
3491 4042 3626 4103 ἀλλὰ
3655 4043 3762 4103 πῶς
3794 4058 3807 4111 ;
3839 4035 3932 4091 Οὑκ

2308 4120 2454 4198 sini:
2494 4126 2698 4208 Ἐαυτῷ
2754 4120 2997 4209 προσ-ηιμ
3050 4135 3111 4189 16
3167 4120 3509 4215 κατόρθωμα,
3554 4133 3640 4190 καὶ
3692 4134 3757 4203 τῇ
3784 4120 3931 4215 οἰκείᾳ

578 4214 768 4273 aliena
801 4213 974 4293 bona,
1014 4232 1129 4275 non
1158 4215 1609 4293 contempsisset
1638 4214 1806 4287 alios,
1832 4214 2220 4277 considerans

2320 4224 2475 4303 σχύϊ,
2537 4224 2607 4279 Τὸ
2636 4221 2687 4277 δὲ
2720 4225 2807 4277 καὶ
2837 4223 2956 4285 τοὺς
3007 4219 3200 4286 ἄλλους
3243 4224 3600 4302 κατακρίνειν,
3647 4224 3796 4274 τοῦτο
3828 4214 3929 4269 πῶς

578 4303 731 4383 quod
766 4303 939 4362 etiam
974 4304 1100 4382 ipse
1146 4322 1312 4383 mque
1363 4304 1556 4364 nudus
1608 4313 1788 4379 esset,
1832 4313 2114 4383 quantum
2147 4304 2219 4365 ad

2315 4334 2442 4369 εστιν
2498 4312 2768 4391 ἀνθρώπου
2813 4309 3031 4386 εἰδότος,
3084 4314 3157 4376 ὡς
3198 4312 3340 4391 παρὰ
3372 4320 3503 4369 Θεοῦ
3541 4306 3747 4391 ἔχει,’ἑὶ
3775 4303 3928 4391 ἔχει)

576 4411 738 4452 suam
773 4391 1042 4451 virtutem
1076 4393 1382 4455 attinebat.
1418 4391 1611 4455 Gratis
1652 4393 1809 4454 enim
1863 4393 2104 4453 indutus
2135 4402 2222 4455 est

2315 4401 2516 4463 Πάντως
2548 4387 2647 4479 γὰρ
2704 4402 2737 4467 ἡ
2795 4399 3117 4475 ἐπίστευσεν,
3170 4401 3249 4456 ὃτι
3277 4387 3479 4479 *χάριτι
3511 4387 3628 4481 ἔχει
3658 4398 3721 4454 τὰ
3777 4387 3929 4448 ἀλλό-

576 4490 817 4561 propter
842 4481 1336 4544 misericordiam:
1367 4490 1677 4561 propterea
1702 4502 1766 4542 su
1778 4481 1995 4562 perbus
2011 4483 2209 4545 Phari-

2315 4512 2415 4569 τρια
2447 4490 2636 4567 ἀγαθὰ,
2696 4492 2791 4546 οὑκ
2842 4487 2903 4544 ἂν
2931 4492 3054 4554 τοὺς
3097 4488 3288 4554 ἄλλους
3336 4488 3611 4559 ἒξουθὲνει,
3662 4482 3928 4563 λογιζόμε-

577 4589 751 4649 saeus,
776 4578 1052 4649 tanquam
1088 4572 1342 4650 propria:
1365 4572 1672 4632 ascribens
1696 4571 1975 4651 potentiae
1999 4591 2067 4633 ea
2089 4591 2219 4652 quae

575 4661 726 4721 facta
753 4669 908 4734 sunt,
946 4660 1085 4721 inde
1122 4679 1192 4721 eo
1230 4678 1577 4739 progressus
1618 4670 1727 4739 est,
1764 4668 1827 4721 ut
1858 4669 1915 4721 et
1944 4660 2089 4721 alios
2111 4662 2215 4740 ju-

574 4748 753 4807 dicet.
789 4748 1058 4807 Ostendit
1085 4757 1277 4808 autem
1320 4748 1606 4809 Dominus
1638 4758 1694 4808 et
1726 4768 1830 4828 per
1873 4750 2214 4823 stationem,

577 4835 914 4916 superbiam
950 4836 1097 4915 ejus,
1149 4852 1207 4896 et
1258 4838 1603 4897 humilitatis
1650 4839 1928 4917 inopiam.
1964 4836 2219 4900 Humilis

575 4927 734 4989 enim
758 4925 867 4984 viri
894 4934 984 4985 est
1010 4934 1068 4986 et
1098 4934 1375 5005 aspectus
1409 4926 1773 5005 humiliatus,
1809 4926 1902 4987 hic
1930 4936 2124 4988 autem
2160 4937 2219 4989 et

572 5016 773 5077 habitu
790 5025 1024 5093 etgestu
1050 5016 1341 5095 superbus
1353 5016 1999 5095 agnoscitur.Qunmvis
2015 5027 2214 5080 autem

570 5115 629 5167 et
651 5108 726 5166 de
752 5104 1067 5183 publicano
1092 5106 1312 5166 dictum
1331 5105 1578 5185 sitquod
1604 5106 2057 5180 steterit,tamen
2083 5107 2216 5167 vide

2302 4600 2387 4642 νος
2441 4579 2523 4633 ὅτι
2577 4579 2664 4647 καὶ
2717 4579 2871 4642 αὑτὸς
2917 4576 3106 4645 ἐπίσης
3145 4579 3342 4656 γυμνός
3388 4578 3527 4637 ἐστιν
3560 4579 3683 4635 ὅσον
3739 4574 3819 4629 ἐπὶ
3870 4570 3928 4639 τῇ

2301 4670 2464 4739 οἰκείᾳ
2508 4665 2745 4747 δυνάμει,
2828 4665 3025 4746 δωρεὰν
3094 4666 3148 4722 δὲ
3200 4666 3408 4736 ἐνεδόθη
3469 4668 3554 4725 διὰ
3625 4666 3789 4724 ἔλεον.
3842 4658 3929 4713 Διά

2301 4765 2456 4815 106:0
2497 4758 2831 4836 ὑπερήφανος
2877 4760 2903 4812 6
2936 4763 3249 4837 Φαρισαῖος,
3303 4760 3375 4821 ὡς
3429 4760 3593 4830 οἰκείᾳ
3623 4755 3772 4833 ἰσχύϊ
3815 4750 3927 4805 ἐπι·-

2302 4848 2514 4927 γράφων
2556 4846 2622 4901 τὰ
2674 4846 2990 4924 εἰργασμένα
3029 4865 3041 4880 ·
3089 4848 3363 4903 κάντεῦθεν
3424 4849 3643 4927 ὑπήχθη
3701 4837 3927 4900 καὶτοὺς

2300 4936 2488 4999 ἄλλους
2566 4937 2917 5013 κατακρίνειν,
3006 4934 3447 5011 Ἐπισημαίνεται
3520 4935 3573 4993 δὲ
3657 4936 3684 4989 6
3756 4929 3925 5003 Κύριος

2298 5028 2383 5082 καὶ
2439 5023 2520 5080 διὰ
2562 5032 2677 5097 τοῦ,
2724 5027 2961 5099 Σταθεὶς,
3009 5025 3069 5080 τὰ
3121 5024 3427 5105 ὑψηλόφρον
3477 5028 3632 5083 αὑτοῦ
3679 5022 3761 5079 καὶ
3802 5018 3924 5073 ἆτα-

2298 5117 2552 5171 πείνωτον
2589 5129 2601 5142 ·
2651 5119 2742 5169 τοῦ
2798 5115 2894 5188 μὲν
2954 5113 3051 5192 γὰρ
3082 5115 3491 5194 ταπεινόφρονος
3520 5116 3605 5171 καὶ
3635 5114 3694 5169 16
3724 5106 3919 5188 ὠρώμε·

2298 5223 2386 5259 νον
2441 5208 2710 5277 ταπεινὸν,
2769 5205 2917 5266 οὗτος
2964 5201 3017 5258 δὲ
3060 5206 3147 5259 καὶ
3182 5209 3259 5277 τῷ
3313 5206 3554 5282 σχήματι
3611 5198 3923 5282 005196161“-

570 5202 627 5255 et
658 5214 789 5273 quae
820 5202 1169 5273 sequuntur,
1209 5195 1364 5274 quod
1403 5213 1596 5274 neque
1628 5195 1831 5256 oculos
1883 5196 1943 5255 in
1993 5195 2207 5257 coelum

567 5284 817 5344 voluerit
842 5284 1149 5361 extollere,
1180 5285 1337 5345 unde
1365 5284 1535 5345 statio
1563 5284 1691 5363 ejus
1727 5285 2030 5347 incurvata
2059 5295 2206 5350 erat.

2315 5290 2644 5352 ηπεδείκνυτο,
2708 5292 2765 5346 Εἰ
2823 5288 2877 5345 δὲ
2921 5290 3014 5347 καί
3074 5292 3190 5364 περὶ
3246 5300 3338 5349 τοῦ
3366 5291 3595 5349 τελώνου
3626 5290 3827 5368 εἴρηται
3868 5276 3922 5335 τδ

568 5373 731 5436 Illius
752 5383 946 5434 autem
977 5381 1033 5433 et
1054 5374 1208 5435 oculi
1240 5374 1299 5434 in
1324 5376 1545 5437 caelum
1569 5374 2088 5449 extollebantur,et
2108 5394 2212 5438 cor

2315 5383 2483 5461 01(1):,
2517 5378 2634 5435 ἀλλ’
2666 5378 2761 5458 ὅρά
2790 5380 2876 5435 καὶ
2908 5382 2969 5436 16
3000 5380 3211 5460 ἐφεξῆς,
3248 5381 3327 5437 ὅτι
3389 5382 3501 5439 οὑδὲ
3558 5382 3677 5444 τοὺς
3734 5369 3921 5455 ὀφθαλ-

566 5464 739 5525 simul
764 5462 1337 5525 extollebatur.Vide
1365 5473 1561 5525 autem
1588 5471 1646 5523 et
1676 5464 1733 5524 in
1763 5465 2027 5525 oratione
2049 5466 2207 5528 Pha-

2315 5473 2423 5535 ιοὺς
2479 5468 2662 5537 ἤθελε)
2718 5472 2791 5534 εἷς
2850 5472 2941 5526 τὸν
2983 5470 3198 5549 οὐρανὸν
3249 5471 3459 5550 ἐπᾶραι,
3507 5473 3647 5531 ὥστε
3690 5462 3920 5536 ἦστάσις

563 5553 723 5616 ι’ἰεεθί
746 5552 1186 5631 ordinem,quid
1208 5552 1429 5615 indicet
1450 5551 1652 5612 nobis:
1680 5553 1935 5633 primum
1962 5554 2201 5634 quidem

2315 5562 2429 5636 εὖτῷ
2489 5570 2845 5639 συγκεκυφυῖα
2889 5561 2977 5629 ἧν.
3039 5546 3273 5618 ἱΕκείνου
3320 5546 3375 5618 δὲ
3435 5546 3521 5621 καὶ
3579 5562 3625 5616 οἱ
3681 5546 3919 5635 ὀφθαλμοὶ

564 5642 707 5706 dixit
740 5657 808 5704 ea
835 5658 965 5720 quae
1007 5659 1123 5701 non
1156 5650 1366 5704 erant:
1402 5651 1460 5705 et
1490 5651 1627 5702 tunc
1673 5644 2044 5706 enumeravit
2072 5664 2204 5727 quae

2315 5654 2359 5717 ἰς
2384 5653 2475 5707 τὸν
2504 5651 2717 5727 οὑρανὸν
2775 5648 3061 5730 ἆπῄροντο,
3123 5653 3210 5709 καὶ
3266 5652 3333 5729 τῇ
3363 5652 3547 5731 καρδίᾳ
3593 5650 3912 5723 συνυψοῦντοο
