  <div class='ocr_page' id='page_1' title='image "/cluster/home/n/w/nwhite01/storage/ocr_20150623/123:no.1/coo.31924054870286/510.png"; bbox 0 0 4184 6396; ppageno 0'>
   <div class='ocr_carea' id='block_1_1' title="bbox 254 402 398 465">
    <p class='ocr_par' dir='ltr' id='par_1_1' title="bbox 254 402 398 465">
     <span class='ocr_line' id='line_1_1' title="bbox 254 402 398 465; baseline 0.021 -3"><span class='ocrx_word' id='word_1_1' title='bbox 254 402 398 465; x_wconf 85' lang='grc'><strong>1005</strong></span> 
     </span>
    </p>
   </div>
   <div class='ocr_carea' id='block_1_2' title="bbox 932 376 2936 472">
    <p class='ocr_par' dir='ltr' id='par_1_2' title="bbox 932 376 2936 472">
     <span class='ocr_line' id='line_1_2' title="bbox 932 376 2936 472; baseline 0.001 -5"><span class='ocrx_word' id='word_1_2' title='bbox 932 392 1377 469; x_wconf 75' lang='lat' dir='ltr'><strong>ENARBATIO</strong></span> <span class='ocrx_word' id='word_1_3' title='bbox 1421 405 1502 471; x_wconf 90' lang='lat' dir='ltr'><strong>IN</strong></span> <span class='ocrx_word' id='word_1_4' title='bbox 1550 376 2058 470; x_wconf 78' lang='lat' dir='ltr'><strong>EVANGELIUM</strong></span> <span class='ocrx_word' id='word_1_5' title='bbox 2104 404 2345 471; x_wconf 64' lang='lat' dir='ltr'><strong>LUC/E.</strong></span> <span class='ocrx_word' id='word_1_6' title='bbox 2381 441 2451 453; x_wconf 93' lang='lat'><strong>—</strong></span> <span class='ocrx_word' id='word_1_7' title='bbox 2499 411 2661 471; x_wconf 80' lang='lat' dir='ltr'><strong>CAP.</strong></span> <span class='ocrx_word' id='word_1_8' title='bbox 2713 409 2936 472; x_wconf 82' lang='lat' dir='ltr'><strong>XVIII.</strong></span> 
     </span>
    </p>
   </div>
   <div class='ocr_carea' id='block_1_3' title="bbox 3469 388 3622 474">
    <p class='ocr_par' dir='ltr' id='par_1_3' title="bbox 3469 388 3622 474">
     <span class='ocr_line' id='line_1_3' title="bbox 3469 388 3622 474; baseline 0.02 -2"><span class='ocrx_word' id='word_1_9' title='bbox 3469 388 3622 474; x_wconf 78' lang='lat' dir='ltr'><strong>I006</strong></span> 
     </span>
    </p>
   </div>
   <div class='ocr_carea' id='block_1_4' title="bbox 274 524 1866 621">
    <p class='ocr_par' dir='ltr' id='par_1_4' title="bbox 274 524 1866 618">
     <span class='ocr_line' id='line_1_4' title="bbox 274 524 1866 618; baseline 0.002 -27"><span class='ocrx_word' id='word_1_10' title='bbox 274 524 390 612; x_wconf 84' lang='grc' dir='ltr'>Ὀρα</span> <span class='ocrx_word' id='word_1_11' title='bbox 432 532 485 589; x_wconf 82' lang='grc' dir='ltr'>δὲ</span> <span class='ocrx_word' id='word_1_12' title='bbox 530 534 627 592; x_wconf 79' lang='grc' dir='ltr'><strong>κάν</strong></span> <span class='ocrx_word' id='word_1_13' title='bbox 670 542 737 611; x_wconf 78' lang='grc' dir='ltr'>τῇ</span> <span class='ocrx_word' id='word_1_14' title='bbox 779 542 870 591; x_wconf 82' lang='lat'><strong>106</strong></span> <span class='ocrx_word' id='word_1_15' title='bbox 902 536 1198 614; x_wconf 76' lang='grc' dir='ltr'>Φαρισαίου</span> <span class='ocrx_word' id='word_1_16' title='bbox 1243 540 1381 618; x_wconf 74' lang='grc' dir='ltr'>εὐχῇ</span> <span class='ocrx_word' id='word_1_17' title='bbox 1411 538 1552 604; x_wconf 82' lang='grc' dir='ltr'>τάξιν</span> <span class='ocrx_word' id='word_1_18' title='bbox 1580 536 1866 595; x_wconf 76' lang='grc' dir='ltr'>ὑποδεικνυ·</span> 
     </span>
    </p>
   </div>
   <div class='ocr_carea' id='block_1_5' title="bbox 1949 524 3613 621">
    <p class='ocr_par' dir='ltr' id='par_1_5' title="bbox 1974 537 3613 621">
     <span class='ocr_line' id='line_1_5' title="bbox 1974 537 3613 621; baseline 0.001 -24"><span class='ocrx_word' id='word_1_19' title='bbox 1974 546 2142 597; x_wconf 89' lang='lat' dir='ltr'><strong>erant</strong></span> <span class='ocrx_word' id='word_1_20' title='bbox 2191 537 2349 599; x_wconf 83' lang='lat' dir='ltr'><strong>Dixit</strong></span> <span class='ocrx_word' id='word_1_21' title='bbox 2373 540 2531 600; x_wconf 92' lang='lat' dir='ltr'><strong>enim</strong></span> <span class='ocrx_word' id='word_1_22' title='bbox 2560 561 2575 599; x_wconf 89' lang='lat'><strong>:</strong></span> <span class='ocrx_word' id='word_1_23' title='bbox 2609 538 2737 600; x_wconf 88' lang='lat' dir='ltr'><strong>Non</strong></span> <span class='ocrx_word' id='word_1_24' title='bbox 2760 558 2889 601; x_wconf 90' lang='lat' dir='ltr'><strong>sum</strong></span> <span class='ocrx_word' id='word_1_25' title='bbox 2915 541 3069 602; x_wconf 98' lang='lat' dir='ltr'><strong>sicut</strong></span> <span class='ocrx_word' id='word_1_26' title='bbox 3089 542 3257 602; x_wconf 91' lang='lat' dir='ltr'><strong>multi</strong></span> <span class='ocrx_word' id='word_1_27' title='bbox 3276 542 3613 621; x_wconf 68' lang='lat' dir='ltr'><strong>hominum,</strong></span> 
     </span>
    </p>
   </div>
   <div class='ocr_carea' id='block_1_6' title="bbox 243 623 1866 709">
    <p class='ocr_par' dir='ltr' id='par_1_6' title="bbox 243 623 1861 705">
     <span class='ocr_line' id='line_1_6' title="bbox 243 623 1861 705; baseline 0.003 -28"><span class='ocrx_word' id='word_1_28' title='bbox 243 623 405 690; x_wconf 78' lang='grc' dir='ltr'>μένην</span> <span class='ocrx_word' id='word_1_29' title='bbox 459 626 618 697; x_wconf 74' lang='grc' dir='ltr'>ἡμῖν,</span> <span class='ocrx_word' id='word_1_30' title='bbox 679 627 937 703; x_wconf 73' lang='grc' dir='ltr'><strong>Πρότερον</strong></span> <span class='ocrx_word' id='word_1_31' title='bbox 995 627 1093 705; x_wconf 81' lang='grc' dir='ltr'><strong>γὰρ</strong></span> <span class='ocrx_word' id='word_1_32' title='bbox 1154 628 1310 683; x_wconf 74' lang='grc' dir='ltr'>εἶπεν</span> <span class='ocrx_word' id='word_1_33' title='bbox 1367 629 1399 683; x_wconf 84' lang='grc' dir='ltr'>ἃ</span> <span class='ocrx_word' id='word_1_34' title='bbox 1456 628 1549 684; x_wconf 72' lang='grc' dir='ltr'><strong>οὒκ</strong></span> <span class='ocrx_word' id='word_1_35' title='bbox 1598 626 1731 699; x_wconf 80' lang='grc' dir='ltr'>ἔστι,</span> <span class='ocrx_word' id='word_1_36' title='bbox 1796 650 1861 682; x_wconf 87' lang='grc' dir='ltr'><strong>κα</strong></span> 
     </span>
    </p>
   </div>
   <div class='ocr_carea' id='block_1_7' title="bbox 1949 623 3617 709">
    <p class='ocr_par' dir='ltr' id='par_1_7' title="bbox 1966 625 3617 709">
     <span class='ocr_line' id='line_1_7' title="bbox 1966 625 3617 709; baseline 0.004 -24"><span class='ocrx_word' id='word_1_37' title='bbox 1966 625 2064 685; x_wconf 91' lang='lat' dir='ltr'><strong>illa</strong></span> <span class='ocrx_word' id='word_1_38' title='bbox 2097 634 2156 686; x_wconf 90' lang='lat' dir='ltr'><strong>et</strong></span> <span class='ocrx_word' id='word_1_39' title='bbox 2184 627 2311 708; x_wconf 89' lang='lat' dir='ltr'><strong>illa,</strong></span> <span class='ocrx_word' id='word_1_40' title='bbox 2343 628 2563 689; x_wconf 87' lang='lat' dir='ltr'><strong>deinde</strong></span> <span class='ocrx_word' id='word_1_41' title='bbox 2598 628 2871 708; x_wconf 89' lang='lat' dir='ltr'><strong>apposuit</strong></span> <span class='ocrx_word' id='word_1_42' title='bbox 2902 648 3035 709; x_wconf 76' lang='lat' dir='ltr'><strong>quae</strong></span> <span class='ocrx_word' id='word_1_43' title='bbox 3064 632 3294 691; x_wconf 87' lang='lat' dir='ltr'><strong>vtrtutis</strong></span> <span class='ocrx_word' id='word_1_44' title='bbox 3324 641 3515 705; x_wconf 89' lang='lat' dir='ltr'><strong>erant,</strong></span> <span class='ocrx_word' id='word_1_45' title='bbox 3556 646 3617 692; x_wconf 88' lang='lat' dir='ltr'><strong>ut</strong></span> 
     </span>
    </p>
   </div>
   <div class='ocr_carea' id='block_1_8' title="bbox 238 707 1879 795">
    <p class='ocr_par' dir='ltr' id='par_1_8' title="bbox 238 707 1879 795">
     <span class='ocr_line' id='line_1_8' title="bbox 238 707 1879 795; baseline 0.004 -29"><span class='ocrx_word' id='word_1_46' title='bbox 238 713 353 768; x_wconf 88' lang='grc' dir='ltr'>τότε</span> <span class='ocrx_word' id='word_1_47' title='bbox 400 712 670 777; x_wconf 76' lang='grc' dir='ltr'>κατέλεξεν</span> <span class='ocrx_word' id='word_1_48' title='bbox 721 716 753 769; x_wconf 79' lang='grc' dir='ltr'>ἃ</span> <span class='ocrx_word' id='word_1_49' title='bbox 811 714 973 770; x_wconf 79' lang='grc' dir='ltr'>ἔστιν.</span> <span class='ocrx_word' id='word_1_50' title='bbox 1026 717 1200 771; x_wconf 75' lang='grc' dir='ltr'>Εἰπὼν</span> <span class='ocrx_word' id='word_1_51' title='bbox 1256 719 1378 795; x_wconf 72' lang='grc' dir='ltr'>γὰρ,</span> <span class='ocrx_word' id='word_1_52' title='bbox 1436 707 1565 773; x_wconf 77' lang='grc' dir='ltr'><strong>υΟτι</strong></span> <span class='ocrx_word' id='word_1_53' title='bbox 1624 717 1718 772; x_wconf 64' lang='grc' dir='ltr'><strong>οὐκ</strong></span> <span class='ocrx_word' id='word_1_54' title='bbox 1775 718 1879 790; x_wconf 86' lang='grc' dir='ltr'><strong>εἰμί</strong></span> 
     </span>
    </p>
   </div>
   <div class='ocr_carea' id='block_1_9' title="bbox 237 801 1879 885">
    <p class='ocr_par' dir='ltr' id='par_1_9' title="bbox 237 801 1879 885">
     <span class='ocr_line' id='line_1_9' title="bbox 237 801 1879 885; baseline 0.003 -30"><span class='ocrx_word' id='word_1_55' title='bbox 237 806 304 865; x_wconf 78' lang='grc' dir='ltr'>ὼς</span> <span class='ocrx_word' id='word_1_56' title='bbox 361 804 407 857; x_wconf 81' lang='grc' dir='ltr'>οἱ</span> <span class='ocrx_word' id='word_1_57' title='bbox 458 801 645 859; x_wconf 87' lang='grc' dir='ltr'>πολλοὶ</span> <span class='ocrx_word' id='word_1_58' title='bbox 700 805 807 860; x_wconf 83' lang='grc' dir='ltr'><strong>τῶν</strong></span> <span class='ocrx_word' id='word_1_59' title='bbox 862 804 1150 883; x_wconf 81' lang='grc' dir='ltr'>ἀνθρώπων</span> <span class='ocrx_word' id='word_1_60' title='bbox 1206 804 1327 861; x_wconf 87' lang='grc' dir='ltr'>τάδε</span> <span class='ocrx_word' id='word_1_61' title='bbox 1380 808 1467 863; x_wconf 87' lang='grc' dir='ltr'><strong>καὶ</strong></span> <span class='ocrx_word' id='word_1_62' title='bbox 1522 803 1671 885; x_wconf 78' lang='grc' dir='ltr'>τάδε,</span> <span class='ocrx_word' id='word_1_63' title='bbox 1714 828 1879 884; x_wconf 70' lang='grc' dir='ltr'>προσοο</span> 
     </span>
    </p>
   </div>
   <div class='ocr_carea' id='block_1_10' title="bbox 238 892 1873 972">
    <p class='ocr_par' dir='ltr' id='par_1_10' title="bbox 238 892 1873 972">
     <span class='ocr_line' id='line_1_10' title="bbox 238 892 1873 972; baseline 0.002 -27"><span class='ocrx_word' id='word_1_64' title='bbox 238 892 385 957; x_wconf 84' lang='grc' dir='ltr'>ἑθηκε</span> <span class='ocrx_word' id='word_1_65' title='bbox 431 893 517 948; x_wconf 86' lang='grc' dir='ltr'><strong>καὶ</strong></span> <span class='ocrx_word' id='word_1_66' title='bbox 559 892 624 947; x_wconf 78' lang='grc' dir='ltr'><strong>τά</strong></span> <span class='ocrx_word' id='word_1_67' title='bbox 674 894 772 960; x_wconf 69' lang='grc' dir='ltr'><strong>τῆς</strong></span> <span class='ocrx_word' id='word_1_68' title='bbox 800 894 1016 972; x_wconf 77' lang='grc' dir='ltr'>ἀρετῆς,</span> <span class='ocrx_word' id='word_1_69' title='bbox 1064 896 1125 950; x_wconf 80' lang='grc' dir='ltr'>τὸ</span> <span class='ocrx_word' id='word_1_70' title='bbox 1174 896 1440 961; x_wconf 81' lang='grc' dir='ltr'><strong>νηστεύειν</strong></span> <span class='ocrx_word' id='word_1_71' title='bbox 1474 894 1548 959; x_wconf 80' lang='grc' dir='ltr'><strong>δὶς</strong></span> <span class='ocrx_word' id='word_1_72' title='bbox 1579 898 1669 950; x_wconf 81' lang='lat'><strong>106</strong></span> <span class='ocrx_word' id='word_1_73' title='bbox 1727 892 1873 950; x_wconf 74' lang='grc' dir='ltr'>Σαϐ-</span> 
     </span>
    </p>
   </div>
   <div class='ocr_carea' id='block_1_11' title="bbox 233 976 1875 1062">
    <p class='ocr_par' dir='ltr' id='par_1_11' title="bbox 233 976 1875 1062">
     <span class='ocr_line' id='line_1_11' title="bbox 233 976 1875 1062; baseline 0.003 -28"><span class='ocrx_word' id='word_1_74' title='bbox 233 976 410 1052; x_wconf 79' lang='grc' dir='ltr'>ϐάτου,</span> <span class='ocrx_word' id='word_1_75' title='bbox 465 983 551 1037; x_wconf 86' lang='grc' dir='ltr'><strong>καὶ</strong></span> <span class='ocrx_word' id='word_1_76' title='bbox 594 984 654 1037; x_wconf 82' lang='grc' dir='ltr'>τὸ</span> <span class='ocrx_word' id='word_1_77' title='bbox 686 982 1042 1041; x_wconf 80' lang='grc' dir='ltr'>ἀποδεκατοῦν</span> <span class='ocrx_word' id='word_1_78' title='bbox 1087 983 1186 1040; x_wconf 79' lang='grc' dir='ltr'>ὅσα</span> <span class='ocrx_word' id='word_1_79' title='bbox 1216 992 1427 1047; x_wconf 83' lang='grc' dir='ltr'>κτᾶται,</span> <span class='ocrx_word' id='word_1_80' title='bbox 1492 998 1587 1041; x_wconf 74' lang='grc' dir='ltr'>Δεῖ</span> <span class='ocrx_word' id='word_1_81' title='bbox 1642 986 1739 1062; x_wconf 77' lang='grc' dir='ltr'><strong>γὰρ</strong></span> <span class='ocrx_word' id='word_1_82' title='bbox 1798 985 1875 1058; x_wconf 71' lang='grc' dir='ltr'>μὴ</span> 
     </span>
    </p>
   </div>
   <div class='ocr_carea' id='block_1_12' title="bbox 234 1068 1869 1151">
    <p class='ocr_par' dir='ltr' id='par_1_12' title="bbox 234 1068 1869 1151">
     <span class='ocr_line' id='line_1_12' title="bbox 234 1068 1869 1151; baseline 0.004 -27"><span class='ocrx_word' id='word_1_83' title='bbox 234 1068 484 1125; x_wconf 77' lang='grc' dir='ltr'>ἐκκλίνειν</span> <span class='ocrx_word' id='word_1_84' title='bbox 516 1071 677 1144; x_wconf 88' lang='grc' dir='ltr'>μόνον</span> <span class='ocrx_word' id='word_1_85' title='bbox 734 1073 840 1128; x_wconf 80' lang='grc' dir='ltr'><strong>ἀπὸ</strong></span> <span class='ocrx_word' id='word_1_86' title='bbox 882 1080 1068 1145; x_wconf 79' lang='grc' dir='ltr'>κακοῦ,</span> <span class='ocrx_word' id='word_1_87' title='bbox 1118 1072 1252 1129; x_wconf 77' lang='grc' dir='ltr'>ἀλλὰ</span> <span class='ocrx_word' id='word_1_88' title='bbox 1294 1076 1380 1129; x_wconf 83' lang='grc' dir='ltr'>καὶ</span> <span class='ocrx_word' id='word_1_89' title='bbox 1430 1086 1607 1130; x_wconf 76' lang='grc' dir='ltr'>ποιεῖν</span> <span class='ocrx_word' id='word_1_90' title='bbox 1655 1074 1869 1151; x_wconf 74' lang='grc' dir='ltr'>ἀγαθόν.</span> 
     </span>
    </p>
   </div>
   <div class='ocr_carea' id='block_1_13' title="bbox 236 1160 1872 1241">
    <p class='ocr_par' dir='ltr' id='par_1_13' title="bbox 236 1160 1872 1241">
     <span class='ocr_line' id='line_1_13' title="bbox 236 1160 1872 1241; baseline 0.002 -27"><span class='ocrx_word' id='word_1_91' title='bbox 236 1160 326 1214; x_wconf 74' lang='grc' dir='ltr'><strong>Καὶ</strong></span> <span class='ocrx_word' id='word_1_92' title='bbox 386 1160 641 1239; x_wconf 87' lang='grc' dir='ltr'>πρότερον</span> <span class='ocrx_word' id='word_1_93' title='bbox 696 1160 780 1217; x_wconf 78' lang='grc' dir='ltr'><strong>δεῖ</strong></span> <span class='ocrx_word' id='word_1_94' title='bbox 835 1162 1166 1241; x_wconf 75' lang='grc' dir='ltr'><strong>ἀποσχέσθαι</strong></span> <span class='ocrx_word' id='word_1_95' title='bbox 1210 1168 1309 1231; x_wconf 73' lang='grc' dir='ltr'>τῆς</span> <span class='ocrx_word' id='word_1_96' title='bbox 1349 1165 1559 1238; x_wconf 83' lang='grc' dir='ltr'>κακίας,</span> <span class='ocrx_word' id='word_1_97' title='bbox 1606 1165 1693 1219; x_wconf 78' lang='grc' dir='ltr'>καὶ</span> <span class='ocrx_word' id='word_1_98' title='bbox 1754 1164 1872 1218; x_wconf 82' lang='grc' dir='ltr'>τότε</span> 
     </span>
    </p>
   </div>
   <div class='ocr_carea' id='block_1_14' title="bbox 230 1247 1871 1329">
    <p class='ocr_par' dir='ltr' id='par_1_14' title="bbox 230 1247 1871 1329">
     <span class='ocr_line' id='line_1_14' title="bbox 230 1247 1871 1329; baseline 0.003 -28"><span class='ocrx_word' id='word_1_99' title='bbox 230 1248 292 1321; x_wconf 74' lang='grc' dir='ltr'><strong>τῇ</strong></span> <span class='ocrx_word' id='word_1_100' title='bbox 321 1247 482 1325; x_wconf 79' lang='grc' dir='ltr'>ἁρετῆ</span> <span class='ocrx_word' id='word_1_101' title='bbox 540 1249 905 1329; x_wconf 78' lang='grc' dir='ltr'>ἐπιχειρῆσαι,</span> <span class='ocrx_word' id='word_1_102' title='bbox 967 1251 1145 1327; x_wconf 81' lang='grc' dir='ltr'>ὥσπερ</span> <span class='ocrx_word' id='word_1_103' title='bbox 1204 1253 1291 1308; x_wconf 84' lang='grc' dir='ltr'><strong>οὖν</strong></span> <span class='ocrx_word' id='word_1_104' title='bbox 1334 1254 1423 1309; x_wconf 90' lang='grc' dir='ltr'>καὶ</span> <span class='ocrx_word' id='word_1_105' title='bbox 1451 1256 1636 1329; x_wconf 75' lang='grc' dir='ltr'>πηγῆς</span> <span class='ocrx_word' id='word_1_106' title='bbox 1680 1248 1871 1328; x_wconf 79' lang='grc' dir='ltr'>βορϐο-</span> 
     </span>
    </p>
   </div>
   <div class='ocr_carea' id='block_1_15' title="bbox 229 1336 1873 1419">
    <p class='ocr_par' dir='ltr' id='par_1_15' title="bbox 229 1336 1873 1419">
     <span class='ocr_line' id='line_1_15' title="bbox 229 1336 1873 1419; baseline 0.004 -30"><span class='ocrx_word' id='word_1_107' title='bbox 229 1337 479 1412; x_wconf 83' lang='grc' dir='ltr'>ρωθείσης</span> <span class='ocrx_word' id='word_1_108' title='bbox 535 1336 669 1416; x_wconf 76' lang='grc' dir='ltr'>ὕδωρ</span> <span class='ocrx_word' id='word_1_109' title='bbox 728 1338 940 1413; x_wconf 82' lang='grc' dir='ltr'>μέλλων</span> <span class='ocrx_word' id='word_1_110' title='bbox 1016 1340 1380 1418; x_wconf 87' lang='grc' dir='ltr'>άπαρύσασθαι</span> <span class='ocrx_word' id='word_1_111' title='bbox 1436 1342 1678 1419; x_wconf 75' lang='grc' dir='ltr'>καθαρὸν,</span> <span class='ocrx_word' id='word_1_112' title='bbox 1738 1338 1873 1417; x_wconf 91' lang='grc' dir='ltr'>πρό-</span> 
     </span>
    </p>
   </div>
   <div class='ocr_carea' id='block_1_16' title="bbox 226 1426 1872 1508">
    <p class='ocr_par' dir='ltr' id='par_1_16' title="bbox 226 1426 1872 1508">
     <span class='ocr_line' id='line_1_16' title="bbox 226 1426 1872 1508; baseline 0.003 -30"><span class='ocrx_word' id='word_1_113' title='bbox 226 1445 371 1498; x_wconf 86' lang='grc' dir='ltr'>τερον</span> <span class='ocrx_word' id='word_1_114' title='bbox 428 1426 715 1503; x_wconf 85' lang='grc' dir='ltr'>ἐκκάθαρον</span> <span class='ocrx_word' id='word_1_115' title='bbox 771 1430 859 1484; x_wconf 87' lang='grc' dir='ltr'>τὸν</span> <span class='ocrx_word' id='word_1_116' title='bbox 914 1427 1185 1507; x_wconf 75' lang='grc' dir='ltr'>βόρϐορον,</span> <span class='ocrx_word' id='word_1_117' title='bbox 1243 1432 1331 1485; x_wconf 87' lang='grc' dir='ltr'><strong>καὶ</strong></span> <span class='ocrx_word' id='word_1_118' title='bbox 1404 1431 1522 1485; x_wconf 86' lang='grc' dir='ltr'>τότε</span> <span class='ocrx_word' id='word_1_119' title='bbox 1578 1429 1744 1508; x_wconf 75' lang='grc' dir='ltr'>άρύσῃ</span> <span class='ocrx_word' id='word_1_120' title='bbox 1813 1430 1872 1483; x_wconf 79' lang='grc' dir='ltr'>τὸ</span> 
     </span>
    </p>
   </div>
   <div class='ocr_carea' id='block_1_17' title="bbox 227 1515 1864 1597">
    <p class='ocr_par' dir='ltr' id='par_1_17' title="bbox 227 1515 1864 1597">
     <span class='ocr_line' id='line_1_17' title="bbox 227 1515 1864 1597; baseline 0.003 -30"><span class='ocrx_word' id='word_1_121' title='bbox 227 1516 470 1592; x_wconf 85' lang='grc' dir='ltr'>καθαρόν.</span> <span class='ocrx_word' id='word_1_122' title='bbox 508 1517 605 1573; x_wconf 84' lang='grc' dir='ltr'><strong>Καὶ</strong></span> <span class='ocrx_word' id='word_1_123' title='bbox 653 1517 806 1573; x_wconf 74' lang='grc' dir='ltr'>τοῦτο</span> <span class='ocrx_word' id='word_1_124' title='bbox 865 1515 919 1572; x_wconf 72' lang='grc' dir='ltr'>δὲ</span> <span class='ocrx_word' id='word_1_125' title='bbox 973 1519 1361 1597; x_wconf 69' lang='grc' dir='ltr'>ἐπισκόπησον,</span> <span class='ocrx_word' id='word_1_126' title='bbox 1410 1527 1522 1583; x_wconf 80' lang='grc' dir='ltr'><strong>πῶς</strong></span> <span class='ocrx_word' id='word_1_127' title='bbox 1567 1520 1661 1575; x_wconf 73' lang='grc' dir='ltr'><strong>οὒκ</strong></span> <span class='ocrx_word' id='word_1_128' title='bbox 1691 1519 1864 1590; x_wconf 81' lang='grc' dir='ltr'>εἶπεν,</span> 
     </span>
    </p>
   </div>
   <div class='ocr_carea' id='block_1_18' title="bbox 225 1599 1871 1686">
    <p class='ocr_par' dir='ltr' id='par_1_18' title="bbox 225 1599 1871 1686">
     <span class='ocr_line' id='line_1_18' title="bbox 225 1599 1871 1686; baseline 0.002 -30"><span class='ocrx_word' id='word_1_129' title='bbox 225 1599 302 1656; x_wconf 78' lang='grc' dir='ltr'><strong>ὅτι</strong></span> <span class='ocrx_word' id='word_1_130' title='bbox 359 1604 456 1659; x_wconf 76' lang='grc' dir='ltr'><strong>οὒκ</strong></span> <span class='ocrx_word' id='word_1_131' title='bbox 512 1605 616 1679; x_wconf 82' lang='grc' dir='ltr'><strong>εἰμί</strong></span> <span class='ocrx_word' id='word_1_132' title='bbox 675 1608 748 1668; x_wconf 81' lang='grc' dir='ltr'>ὡς</span> <span class='ocrx_word' id='word_1_133' title='bbox 796 1607 842 1662; x_wconf 76' lang='grc' dir='ltr'>οἱ</span> <span class='ocrx_word' id='word_1_134' title='bbox 887 1604 1100 1684; x_wconf 82' lang='grc' dir='ltr'>πολλοὶ,</span> <span class='ocrx_word' id='word_1_135' title='bbox 1133 1606 1324 1686; x_wconf 72' lang='grc' dir='ltr'>ἅρπαξ,</span> <span class='ocrx_word' id='word_1_136' title='bbox 1372 1609 1592 1686; x_wconf 81' lang='grc' dir='ltr'>μοιχὸς,</span> <span class='ocrx_word' id='word_1_137' title='bbox 1627 1604 1741 1661; x_wconf 68' lang='grc' dir='ltr'>οὐδὲ</span> <span class='ocrx_word' id='word_1_138' title='bbox 1772 1605 1871 1684; x_wconf 81' lang='grc' dir='ltr'><strong>γάρ</strong></span> 
     </span>
    </p>
   </div>
   <div class='ocr_carea' id='block_1_19' title="bbox 224 1689 1871 1772">
    <p class='ocr_par' dir='ltr' id='par_1_19' title="bbox 224 1689 1871 1772">
     <span class='ocr_line' id='line_1_19' title="bbox 224 1689 1871 1772; baseline 0.004 -27"><span class='ocrx_word' id='word_1_139' title='bbox 224 1689 532 1757; x_wconf 81' lang='grc' dir='ltr'>κατεδέξατο</span> <span class='ocrx_word' id='word_1_140' title='bbox 564 1690 690 1772; x_wconf 70' lang='grc' dir='ltr'>ἄχρι</span> <span class='ocrx_word' id='word_1_141' title='bbox 736 1696 822 1751; x_wconf 85' lang='grc' dir='ltr'><strong>καὶ</strong></span> <span class='ocrx_word' id='word_1_142' title='bbox 877 1695 1115 1771; x_wconf 74' lang='grc' dir='ltr'>ῥήματος</span> <span class='ocrx_word' id='word_1_143' title='bbox 1174 1697 1332 1770; x_wconf 72' lang='grc' dir='ltr'>ψιλοῦ</span> <span class='ocrx_word' id='word_1_144' title='bbox 1391 1696 1557 1771; x_wconf 74' lang='grc' dir='ltr'>ὄνομα</span> <span class='ocrx_word' id='word_1_145' title='bbox 1585 1693 1871 1761; x_wconf 77' lang='grc' dir='ltr'>διαϐεϐλη-</span> 
     </span>
    </p>
   </div>
   <div class='ocr_carea' id='block_1_20' title="bbox 225 1780 1911 1873">
    <p class='ocr_par' dir='ltr' id='par_1_20' title="bbox 225 1780 1911 1873">
     <span class='ocr_line' id='line_1_20' title="bbox 225 1780 1911 1873; baseline 0.004 -40"><span class='ocrx_word' id='word_1_146' title='bbox 225 1780 376 1851; x_wconf 82' lang='grc' dir='ltr'>μένον</span> <span class='ocrx_word' id='word_1_147' title='bbox 433 1788 507 1855; x_wconf 81' lang='grc' dir='ltr'>τῷ</span> <span class='ocrx_word' id='word_1_148' title='bbox 591 1781 777 1839; x_wconf 73' lang='grc' dir='ltr'>ἐαυτοιῦ</span> <span class='ocrx_word' id='word_1_149' title='bbox 864 1784 1134 1861; x_wconf 76' lang='grc' dir='ltr'>προσώπῳ</span> <span class='ocrx_word' id='word_1_150' title='bbox 1217 1783 1513 1860; x_wconf 78' lang='grc' dir='ltr'>μοναδικῶς</span> <span class='ocrx_word' id='word_1_151' title='bbox 1571 1785 1911 1873; x_wconf 71' lang='grc' dir='ltr'><strong>προσάψαι,ἰ</strong></span> 
     </span>
    </p>
   </div>
   <div class='ocr_carea' id='block_1_21' title="bbox 1956 714 3612 793">
    <p class='ocr_par' dir='ltr' id='par_1_21' title="bbox 1956 714 3612 793">
     <span class='ocr_line' id='line_1_21' title="bbox 1956 714 3612 793; baseline 0.004 -20"><span class='ocrx_word' id='word_1_152' title='bbox 1956 714 2233 793; x_wconf 89' lang='lat' dir='ltr'><strong>jejunare</strong></span> <span class='ocrx_word' id='word_1_153' title='bbox 2257 716 2347 778; x_wconf 88' lang='lat' dir='ltr'><strong>bis</strong></span> <span class='ocrx_word' id='word_1_154' title='bbox 2377 717 2437 777; x_wconf 92' lang='lat' dir='ltr'><strong>in</strong></span> <span class='ocrx_word' id='word_1_155' title='bbox 2462 717 2741 792; x_wconf 91' lang='lat' dir='ltr'><strong>Sabbato,</strong></span> <span class='ocrx_word' id='word_1_156' title='bbox 2766 726 2821 778; x_wconf 89' lang='lat' dir='ltr'><strong>et</strong></span> <span class='ocrx_word' id='word_1_157' title='bbox 2851 718 3116 779; x_wconf 77' lang='lat' dir='ltr'><strong>decimas</strong></span> <span class='ocrx_word' id='word_1_158' title='bbox 3139 720 3281 780; x_wconf 85' lang='lat' dir='ltr'><strong>dare</strong></span> <span class='ocrx_word' id='word_1_159' title='bbox 3314 720 3387 781; x_wconf 88' lang='lat' dir='ltr'><strong>de</strong></span> <span class='ocrx_word' id='word_1_160' title='bbox 3413 722 3612 780; x_wconf 91' lang='lat' dir='ltr'><strong>omni-</strong></span> 
     </span>
    </p>
   </div>
   <div class='ocr_carea' id='block_1_22' title="bbox 1964 802 3611 886">
    <p class='ocr_par' dir='ltr' id='par_1_22' title="bbox 1964 802 3611 886">
     <span class='ocr_line' id='line_1_22' title="bbox 1964 802 3611 886; baseline 0.004 -24"><span class='ocrx_word' id='word_1_161' title='bbox 1964 802 2073 864; x_wconf 91' lang='lat' dir='ltr'><strong>bus</strong></span> <span class='ocrx_word' id='word_1_162' title='bbox 2104 823 2234 883; x_wconf 75' lang='lat' dir='ltr'><strong>quze</strong></span> <span class='ocrx_word' id='word_1_163' title='bbox 2266 805 2630 884; x_wconf 89' lang='lat' dir='ltr'><strong>possidebat.</strong></span> <span class='ocrx_word' id='word_1_164' title='bbox 2664 804 2911 886; x_wconf 89' lang='lat' dir='ltr'><strong>Oportet</strong></span> <span class='ocrx_word' id='word_1_165' title='bbox 2932 812 3089 868; x_wconf 87' lang='lat' dir='ltr'><strong>enim</strong></span> <span class='ocrx_word' id='word_1_166' title='bbox 3125 828 3241 869; x_wconf 88' lang='lat' dir='ltr'><strong>non</strong></span> <span class='ocrx_word' id='word_1_167' title='bbox 3274 810 3466 869; x_wconf 88' lang='lat' dir='ltr'><strong>solum</strong></span> <span class='ocrx_word' id='word_1_168' title='bbox 3501 810 3611 869; x_wconf 89' lang='lat' dir='ltr'><strong>de-</strong></span> 
     </span>
    </p>
   </div>
   <div class='ocr_carea' id='block_1_23' title="bbox 1960 891 3610 978">
    <p class='ocr_par' dir='ltr' id='par_1_23' title="bbox 1960 891 3610 978">
     <span class='ocr_line' id='line_1_23' title="bbox 1960 891 3610 978; baseline 0.005 -27"><span class='ocrx_word' id='word_1_169' title='bbox 1960 891 2184 953; x_wconf 90' lang='lat' dir='ltr'><strong>clinare</strong></span> <span class='ocrx_word' id='word_1_170' title='bbox 2215 914 2247 953; x_wconf 86' lang='lat' dir='ltr'><strong>a</strong></span> <span class='ocrx_word' id='word_1_171' title='bbox 2275 894 2448 967; x_wconf 89' lang='lat' dir='ltr'><strong>malo,</strong></span> <span class='ocrx_word' id='word_1_172' title='bbox 2478 893 2582 954; x_wconf 90' lang='lat' dir='ltr'><strong>sed</strong></span> <span class='ocrx_word' id='word_1_173' title='bbox 2607 904 2663 955; x_wconf 90' lang='lat' dir='ltr'><strong>et</strong></span> <span class='ocrx_word' id='word_1_174' title='bbox 2684 893 2879 955; x_wconf 82' lang='lat' dir='ltr'><strong>facere</strong></span> <span class='ocrx_word' id='word_1_175' title='bbox 2903 894 3226 960; x_wconf 87' lang='lat' dir='ltr'><strong>bonum.Et</strong></span> <span class='ocrx_word' id='word_1_176' title='bbox 3252 898 3413 976; x_wconf 82' lang='lat' dir='ltr'><strong>prius</strong></span> <span class='ocrx_word' id='word_1_177' title='bbox 3435 918 3610 978; x_wconf 85' lang='lat' dir='ltr'><strong>opor—</strong></span> 
     </span>
    </p>
   </div>
   <div class='ocr_carea' id='block_1_24' title="bbox 1961 980 3610 1063">
    <p class='ocr_par' dir='ltr' id='par_1_24' title="bbox 1961 980 3610 1063">
     <span class='ocr_line' id='line_1_24' title="bbox 1961 980 3610 1063; baseline 0.004 -23"><span class='ocrx_word' id='word_1_178' title='bbox 1961 986 2039 1040; x_wconf 89' lang='lat' dir='ltr'><strong>tet</strong></span> <span class='ocrx_word' id='word_1_179' title='bbox 2070 980 2359 1041; x_wconf 87' lang='lat' dir='ltr'><strong>absistere</strong></span> <span class='ocrx_word' id='word_1_180' title='bbox 2391 1001 2422 1042; x_wconf 93' lang='lat' dir='ltr'><strong>a</strong></span> <span class='ocrx_word' id='word_1_181' title='bbox 2453 982 2632 1054; x_wconf 88' lang='lat' dir='ltr'><strong>malo,</strong></span> <span class='ocrx_word' id='word_1_182' title='bbox 2678 990 2735 1042; x_wconf 90' lang='lat' dir='ltr'><strong>et</strong></span> <span class='ocrx_word' id='word_1_183' title='bbox 2765 990 2967 1061; x_wconf 88' lang='lat' dir='ltr'><strong>postea</strong></span> <span class='ocrx_word' id='word_1_184' title='bbox 3008 984 3277 1044; x_wconf 79' lang='lat' dir='ltr'><strong>virtutem</strong></span> <span class='ocrx_word' id='word_1_185' title='bbox 3322 985 3557 1063; x_wconf 80' lang='lat' dir='ltr'><strong>aggredi</strong></span> <span class='ocrx_word' id='word_1_186' title='bbox 3599 1006 3610 1046; x_wconf 91' lang='lat'><strong>:</strong></span> 
     </span>
    </p>
   </div>
   <div class='ocr_carea' id='block_1_25' title="bbox 1957 1068 3613 1153">
    <p class='ocr_par' dir='ltr' id='par_1_25' title="bbox 1957 1068 3613 1153">
     <span class='ocr_line' id='line_1_25' title="bbox 1957 1068 3613 1153; baseline 0.004 -27"><span class='ocrx_word' id='word_1_187' title='bbox 1957 1069 2457 1145; x_wconf 76' lang='lat' dir='ltr'><strong>quemadmodum</strong></span> <span class='ocrx_word' id='word_1_188' title='bbox 2506 1068 2560 1129; x_wconf 90' lang='lat' dir='ltr'><strong>ei</strong></span> <span class='ocrx_word' id='word_1_189' title='bbox 2602 1069 2664 1129; x_wconf 92' lang='lat' dir='ltr'><strong>in</strong></span> <span class='ocrx_word' id='word_1_190' title='bbox 2718 1070 2879 1131; x_wconf 77' lang='lat' dir='ltr'><strong>fonte</strong></span> <span class='ocrx_word' id='word_1_191' title='bbox 2926 1071 3143 1151; x_wconf 89' lang='lat' dir='ltr'><strong>lutoso,</strong></span> <span class='ocrx_word' id='word_1_192' title='bbox 3179 1081 3238 1133; x_wconf 91' lang='lat' dir='ltr'><strong>ut</strong></span> <span class='ocrx_word' id='word_1_193' title='bbox 3285 1091 3434 1152; x_wconf 89' lang='lat' dir='ltr'><strong>aqua</strong></span> <span class='ocrx_word' id='word_1_194' title='bbox 3467 1092 3613 1153; x_wconf 82' lang='lat' dir='ltr'><strong>pura</strong></span> 
     </span>
    </p>
   </div>
   <div class='ocr_carea' id='block_1_26' title="bbox 1956 1155 3609 1241">
    <p class='ocr_par' dir='ltr' id='par_1_26' title="bbox 1956 1155 3609 1241">
     <span class='ocr_line' id='line_1_26' title="bbox 1956 1155 3609 1241; baseline 0.006 -29"><span class='ocrx_word' id='word_1_195' title='bbox 1956 1155 2200 1231; x_wconf 83' lang='lat' dir='ltr'><strong>deﬂuat,</strong></span> <span class='ocrx_word' id='word_1_196' title='bbox 2235 1157 2600 1237; x_wconf 91' lang='lat' dir='ltr'><strong>priuslutum</strong></span> <span class='ocrx_word' id='word_1_197' title='bbox 2621 1161 3092 1238; x_wconf 71' lang='lat' dir='ltr'><strong>expurgandum,</strong></span> <span class='ocrx_word' id='word_1_198' title='bbox 3133 1172 3194 1223; x_wconf 90' lang='lat' dir='ltr'><strong>ut</strong></span> <span class='ocrx_word' id='word_1_199' title='bbox 3228 1162 3468 1223; x_wconf 86' lang='lat' dir='ltr'><strong>haurias</strong></span> <span class='ocrx_word' id='word_1_200' title='bbox 3495 1182 3609 1241; x_wconf 88' lang='lat' dir='ltr'><strong>pu-</strong></span> 
     </span>
    </p>
   </div>
   <div class='ocr_carea' id='block_1_27' title="bbox 1957 1246 3607 1330">
    <p class='ocr_par' dir='ltr' id='par_1_27' title="bbox 1957 1246 3607 1330">
     <span class='ocr_line' id='line_1_27' title="bbox 1957 1246 3607 1330; baseline 0.004 -26"><span class='ocrx_word' id='word_1_201' title='bbox 1957 1262 2080 1305; x_wconf 89' lang='lat' dir='ltr'><strong>ram</strong></span> <span class='ocrx_word' id='word_1_202' title='bbox 2107 1263 2347 1325; x_wconf 83' lang='lat' dir='ltr'><strong>aquam.</strong></span> <span class='ocrx_word' id='word_1_203' title='bbox 2368 1246 2694 1309; x_wconf 83' lang='lat' dir='ltr'><strong>Considera</strong></span> <span class='ocrx_word' id='word_1_204' title='bbox 2715 1259 2911 1308; x_wconf 90' lang='lat' dir='ltr'><strong>autem</strong></span> <span class='ocrx_word' id='word_1_205' title='bbox 2941 1259 2997 1309; x_wconf 90' lang='lat' dir='ltr'><strong>et</strong></span> <span class='ocrx_word' id='word_1_206' title='bbox 3028 1250 3472 1330; x_wconf 85' lang='lat' dir='ltr'><strong>hoc,quomodo</strong></span> <span class='ocrx_word' id='word_1_207' title='bbox 3491 1270 3607 1311; x_wconf 91' lang='lat' dir='ltr'><strong>non</strong></span> 
     </span>
    </p>
   </div>
   <div class='ocr_carea' id='block_1_28' title="bbox 1954 1334 3610 1417">
    <p class='ocr_par' dir='ltr' id='par_1_28' title="bbox 1954 1334 3610 1417">
     <span class='ocr_line' id='line_1_28' title="bbox 1954 1334 3610 1417; baseline 0.004 -25"><span class='ocrx_word' id='word_1_208' title='bbox 1954 1334 2271 1413; x_wconf 87' lang='lat' dir='ltr'><strong>arripuerit</strong></span> <span class='ocrx_word' id='word_1_209' title='bbox 2326 1354 2566 1415; x_wconf 91' lang='lat' dir='ltr'><strong>parvum</strong></span> <span class='ocrx_word' id='word_1_210' title='bbox 2617 1336 2889 1411; x_wconf 81' lang='lat' dir='ltr'><strong>verbum,</strong></span> <span class='ocrx_word' id='word_1_211' title='bbox 2936 1346 2996 1397; x_wconf 92' lang='lat' dir='ltr'><strong>ut</strong></span> <span class='ocrx_word' id='word_1_212' title='bbox 3033 1338 3318 1417; x_wconf 84' lang='lat' dir='ltr'><strong>singulari</strong></span> <span class='ocrx_word' id='word_1_213' title='bbox 3368 1341 3610 1399; x_wconf 90' lang='lat' dir='ltr'><strong>nomine</strong></span> 
     </span>
    </p>
   </div>
   <div class='ocr_carea' id='block_1_29' title="bbox 1955 1422 3612 1508">
    <p class='ocr_par' dir='ltr' id='par_1_29' title="bbox 1955 1422 3612 1508">
     <span class='ocr_line' id='line_1_29' title="bbox 1955 1422 3612 1508; baseline 0.004 -27"><span class='ocrx_word' id='word_1_214' title='bbox 1955 1422 2206 1497; x_wconf 87' lang='lat' dir='ltr'><strong>diceret,</strong></span> <span class='ocrx_word' id='word_1_215' title='bbox 2233 1424 2335 1484; x_wconf 88' lang='lat' dir='ltr'><strong>sed</strong></span> <span class='ocrx_word' id='word_1_216' title='bbox 2373 1424 2586 1503; x_wconf 82' lang='lat' dir='ltr'><strong>plurali</strong></span> <span class='ocrx_word' id='word_1_217' title='bbox 2616 1443 2867 1486; x_wconf 90' lang='lat' dir='ltr'><strong>numero</strong></span> <span class='ocrx_word' id='word_1_218' title='bbox 2898 1425 2959 1486; x_wconf 92' lang='lat' dir='ltr'><strong>in</strong></span> <span class='ocrx_word' id='word_1_219' title='bbox 2985 1426 3202 1487; x_wconf 90' lang='lat' dir='ltr'><strong>multos</strong></span> <span class='ocrx_word' id='word_1_220' title='bbox 3237 1428 3360 1488; x_wconf 58' lang='lat' dir='ltr'><strong>haec</strong></span> <span class='ocrx_word' id='word_1_221' title='bbox 3395 1446 3612 1508; x_wconf 83' lang='lat' dir='ltr'><strong>expue-</strong></span> 
     </span>
    </p>
   </div>
   <div class='ocr_carea' id='block_1_30' title="bbox 1952 1511 3611 1584">
    <p class='ocr_par' dir='ltr' id='par_1_30' title="bbox 1952 1511 3611 1584">
     <span class='ocr_line' id='line_1_30' title="bbox 1952 1511 3611 1584; baseline 0.004 -13"><span class='ocrx_word' id='word_1_222' title='bbox 1952 1511 2050 1580; x_wconf 87' lang='lat' dir='ltr'><strong>rit.</strong></span> <span class='ocrx_word' id='word_1_223' title='bbox 2071 1512 2327 1574; x_wconf 89' lang='lat' dir='ltr'><strong>dicendo</strong></span> <span class='ocrx_word' id='word_1_224' title='bbox 2358 1530 2371 1574; x_wconf 86' lang='lat'><strong>:</strong></span> <span class='ocrx_word' id='word_1_225' title='bbox 2407 1512 2572 1584; x_wconf 89' lang='lat' dir='ltr'><strong>Quod</strong></span> <span class='ocrx_word' id='word_1_226' title='bbox 2608 1532 2727 1574; x_wconf 90' lang='lat' dir='ltr'><strong>non</strong></span> <span class='ocrx_word' id='word_1_227' title='bbox 2750 1532 2879 1576; x_wconf 90' lang='lat' dir='ltr'><strong>sum</strong></span> <span class='ocrx_word' id='word_1_228' title='bbox 2900 1516 3055 1577; x_wconf 86' lang='lat' dir='ltr'><strong>sicut</strong></span> <span class='ocrx_word' id='word_1_229' title='bbox 3084 1516 3307 1579; x_wconf 61' lang='lat' dir='ltr'><strong>caeteri.</strong></span> <span class='ocrx_word' id='word_1_230' title='bbox 3342 1517 3487 1579; x_wconf 90' lang='lat' dir='ltr'><strong>Cum</strong></span> <span class='ocrx_word' id='word_1_231' title='bbox 3507 1536 3611 1578; x_wconf 86' lang='lat' dir='ltr'><strong>au-</strong></span> 
     </span>
    </p>
   </div>
   <div class='ocr_carea' id='block_1_31' title="bbox 1955 1601 3609 1686">
    <p class='ocr_par' dir='ltr' id='par_1_31' title="bbox 1955 1601 3609 1686">
     <span class='ocr_line' id='line_1_31' title="bbox 1955 1601 3609 1686; baseline 0.003 -24"><span class='ocrx_word' id='word_1_232' title='bbox 1955 1609 2073 1662; x_wconf 90' lang='lat' dir='ltr'><strong>tem</strong></span> <span class='ocrx_word' id='word_1_233' title='bbox 2106 1602 2375 1678; x_wconf 83' lang='lat' dir='ltr'><strong>dixisset,</strong></span> <span class='ocrx_word' id='word_1_234' title='bbox 2408 1601 2537 1663; x_wconf 92' lang='lat' dir='ltr'><strong>Non</strong></span> <span class='ocrx_word' id='word_1_235' title='bbox 2582 1622 2712 1663; x_wconf 91' lang='lat' dir='ltr'><strong>sum</strong></span> <span class='ocrx_word' id='word_1_236' title='bbox 2768 1604 2919 1664; x_wconf 82' lang='lat' dir='ltr'><strong>sicut</strong></span> <span class='ocrx_word' id='word_1_237' title='bbox 2960 1606 3186 1680; x_wconf 62' lang='lat' dir='ltr'><strong>caueri,</strong></span> <span class='ocrx_word' id='word_1_238' title='bbox 3218 1606 3513 1686; x_wconf 84' lang='lat' dir='ltr'><strong>apposuit,</strong></span> <span class='ocrx_word' id='word_1_239' title='bbox 3552 1616 3609 1667; x_wconf 92' lang='lat' dir='ltr'><strong>et</strong></span> 
     </span>
    </p>
   </div>
   <div class='ocr_carea' id='block_1_32' title="bbox 1954 1690 3605 1772">
    <p class='ocr_par' dir='ltr' id='par_1_32' title="bbox 1954 1690 3605 1772">
     <span class='ocr_line' id='line_1_32' title="bbox 1954 1690 3605 1772; baseline 0.004 -23"><span class='ocrx_word' id='word_1_240' title='bbox 1954 1690 2101 1751; x_wconf 79' lang='lat' dir='ltr'><strong>dixit</strong></span> <span class='ocrx_word' id='word_1_241' title='bbox 2133 1712 2146 1751; x_wconf 91' lang='lat'><strong>:</strong></span> <span class='ocrx_word' id='word_1_242' title='bbox 2182 1693 2397 1772; x_wconf 81' lang='lat' dir='ltr'><strong>Jejuno</strong></span> <span class='ocrx_word' id='word_1_243' title='bbox 2429 1691 2521 1754; x_wconf 91' lang='lat' dir='ltr'><strong>his</strong></span> <span class='ocrx_word' id='word_1_244' title='bbox 2550 1692 2611 1751; x_wconf 90' lang='lat' dir='ltr'><strong>in</strong></span> <span class='ocrx_word' id='word_1_245' title='bbox 2640 1691 2924 1767; x_wconf 77' lang='lat' dir='ltr'><strong>Sabbato,</strong></span> <span class='ocrx_word' id='word_1_246' title='bbox 2960 1694 3071 1755; x_wconf 89' lang='lat' dir='ltr'><strong>hoc</strong></span> <span class='ocrx_word' id='word_1_247' title='bbox 3095 1703 3205 1768; x_wconf 85' lang='lat' dir='ltr'><strong>est,</strong></span> <span class='ocrx_word' id='word_1_248' title='bbox 3243 1694 3334 1755; x_wconf 89' lang='lat' dir='ltr'><strong>bis</strong></span> <span class='ocrx_word' id='word_1_249' title='bbox 3365 1694 3426 1755; x_wconf 90' lang='lat' dir='ltr'><strong>in</strong></span> <span class='ocrx_word' id='word_1_250' title='bbox 3452 1694 3605 1756; x_wconf 87' lang='lat' dir='ltr'><strong>heb-</strong></span> 
     </span>
    </p>
   </div>
   <div class='ocr_carea' id='block_1_33' title="bbox 1914 1778 3606 1871">
    <p class='ocr_par' dir='ltr' id='par_1_33' title="bbox 1914 1778 3606 1871">
     <span class='ocr_line' id='line_1_33' title="bbox 1914 1778 3606 1871; baseline 0.004 -33"><span class='ocrx_word' id='word_1_251' title='bbox 1914 1778 2227 1871; x_wconf 57' lang='lat' dir='ltr'><strong>,domade.</strong></span> <span class='ocrx_word' id='word_1_252' title='bbox 2262 1778 2581 1871; x_wconf 76' lang='lat' dir='ltr'><strong>Sabbatum</strong></span> <span class='ocrx_word' id='word_1_253' title='bbox 2608 1780 2765 1871; x_wconf 87' lang='lat' dir='ltr'><strong>enim</strong></span> <span class='ocrx_word' id='word_1_254' title='bbox 2792 1780 3121 1871; x_wconf 88' lang='lat' dir='ltr'><strong>hebdomas</strong></span> <span class='ocrx_word' id='word_1_255' title='bbox 3145 1790 3395 1863; x_wconf 78' lang='lat' dir='ltr'><strong>est,quae</strong></span> <span class='ocrx_word' id='word_1_256' title='bbox 3413 1802 3446 1844; x_wconf 93' lang='lat' dir='ltr'><strong>a</strong></span> <span class='ocrx_word' id='word_1_257' title='bbox 3468 1803 3606 1844; x_wconf 90' lang='lat' dir='ltr'><strong>con-</strong></span> 
     </span>
    </p>
   </div>
   <div class='ocr_carea' id='block_1_34' title="bbox 224 1866 1866 1952">
    <p class='ocr_par' dir='ltr' id='par_1_34' title="bbox 224 1866 1866 1952">
     <span class='ocr_line' id='line_1_34' title="bbox 224 1866 1866 1952; baseline 0.004 -31"><span class='ocrx_word' id='word_1_258' title='bbox 224 1866 355 1924; x_wconf 72' lang='grc' dir='ltr'>ἀλλὰ</span> <span class='ocrx_word' id='word_1_259' title='bbox 412 1869 778 1937; x_wconf 65' lang='grc' dir='ltr'>πληθυντικῶς</span> <span class='ocrx_word' id='word_1_260' title='bbox 855 1886 972 1935; x_wconf 76' lang='grc' dir='ltr'>τοῖς</span> <span class='ocrx_word' id='word_1_261' title='bbox 1038 1872 1256 1952; x_wconf 77' lang='grc' dir='ltr'>λοιποῖς</span> <span class='ocrx_word' id='word_1_262' title='bbox 1341 1874 1633 1952; x_wconf 82' lang='grc' dir='ltr'>ἀνθρώποις</span> <span class='ocrx_word' id='word_1_263' title='bbox 1705 1880 1866 1928; x_wconf 84' lang='grc' dir='ltr'>ταῦτα</span> 
     </span>
    </p>
   </div>
   <div class='ocr_carea' id='block_1_35' title="bbox 1949 1866 3601 1952">
    <p class='ocr_par' dir='ltr' id='par_1_35' title="bbox 1953 1869 3601 1951">
     <span class='ocr_line' id='line_1_35' title="bbox 1953 1869 3601 1951; baseline 0.003 -25"><span class='ocrx_word' id='word_1_264' title='bbox 1953 1870 2351 1930; x_wconf 90' lang='lat' dir='ltr'><strong>summatione</strong></span> <span class='ocrx_word' id='word_1_265' title='bbox 2371 1878 2429 1931; x_wconf 90' lang='lat' dir='ltr'><strong>et</strong></span> <span class='ocrx_word' id='word_1_266' title='bbox 2453 1869 2657 1949; x_wconf 91' lang='lat' dir='ltr'><strong>quieto</strong></span> <span class='ocrx_word' id='word_1_267' title='bbox 2683 1870 2778 1932; x_wconf 89' lang='lat' dir='ltr'><strong>die</strong></span> <span class='ocrx_word' id='word_1_268' title='bbox 2802 1870 3161 1934; x_wconf 89' lang='lat' dir='ltr'><strong>nominatur.</strong></span> <span class='ocrx_word' id='word_1_269' title='bbox 3188 1870 3601 1951; x_wconf 84' lang='lat' dir='ltr'><strong>Sahbatenim,</strong></span> 
     </span>
    </p>
   </div>
   <div class='ocr_carea' id='block_1_36' title="bbox 224 1949 1866 2039">
    <p class='ocr_par' dir='ltr' id='par_1_36' title="bbox 224 1949 1866 2037">
     <span class='ocr_line' id='line_1_36' title="bbox 224 1949 1866 2037; baseline 0.003 -26"><span class='ocrx_word' id='word_1_270' title='bbox 224 1957 593 2037; x_wconf 70' lang='grc' dir='ltr'>προσέρριψεν.</span> <span class='ocrx_word' id='word_1_271' title='bbox 656 1963 831 2017; x_wconf 80' lang='grc' dir='ltr'>Εἰπὼν</span> <span class='ocrx_word' id='word_1_272' title='bbox 894 1959 949 2016; x_wconf 77' lang='grc' dir='ltr'>δὲ</span> <span class='ocrx_word' id='word_1_273' title='bbox 1009 1949 1140 2019; x_wconf 61' lang='lat' dir='ltr'><strong>&quot;On</strong></span> <span class='ocrx_word' id='word_1_274' title='bbox 1185 1963 1276 2017; x_wconf 72' lang='grc' dir='ltr'>οὖν</span> <span class='ocrx_word' id='word_1_275' title='bbox 1324 1949 1543 2037; x_wconf 70' lang='grc' dir='ltr'>εἰμίὡς</span> <span class='ocrx_word' id='word_1_276' title='bbox 1592 1964 1638 2018; x_wconf 81' lang='grc' dir='ltr'>οἱ</span> <span class='ocrx_word' id='word_1_277' title='bbox 1670 1961 1866 2034; x_wconf 87' lang='grc' dir='ltr'>λοιποὶ,</span> 
     </span>
    </p>
   </div>
   <div class='ocr_carea' id='block_1_37' title="bbox 1949 1949 3605 2039">
    <p class='ocr_par' dir='ltr' id='par_1_37' title="bbox 1952 1949 3605 2039">
     <span class='ocr_line' id='line_1_37' title="bbox 1952 1949 3605 2039; baseline 0.004 -25"><span class='ocrx_word' id='word_1_278' title='bbox 1952 1956 2122 2035; x_wconf 88' lang='lat' dir='ltr'><strong>quies</strong></span> <span class='ocrx_word' id='word_1_279' title='bbox 2148 1978 2163 2032; x_wconf 90' lang='lat'><strong>;</strong></span> <span class='ocrx_word' id='word_1_280' title='bbox 2194 1959 2337 2038; x_wconf 90' lang='lat' dir='ltr'><strong>quin</strong></span> <span class='ocrx_word' id='word_1_281' title='bbox 2360 1967 2418 2019; x_wconf 91' lang='lat' dir='ltr'><strong>et</strong></span> <span class='ocrx_word' id='word_1_282' title='bbox 2441 1956 2695 2020; x_wconf 80' lang='lat' dir='ltr'><strong>Sabbata</strong></span> <span class='ocrx_word' id='word_1_283' title='bbox 2716 1958 3155 2020; x_wconf 88' lang='lat' dir='ltr'><strong>hebdomadem</strong></span> <span class='ocrx_word' id='word_1_284' title='bbox 3181 1960 3460 2022; x_wconf 87' lang='lat' dir='ltr'><strong>dicebant</strong></span> <span class='ocrx_word' id='word_1_285' title='bbox 3480 1949 3605 2039; x_wconf 89' lang='lat' dir='ltr'><strong>plu-</strong></span> 
     </span>
    </p>
   </div>
   <div class='ocr_carea' id='block_1_38' title="bbox 224 2044 1864 2123">
    <p class='ocr_par' dir='ltr' id='par_1_38' title="bbox 224 2044 1864 2123">
     <span class='ocr_line' id='line_1_38' title="bbox 224 2044 1864 2123; baseline 0.004 -24"><span class='ocrx_word' id='word_1_286' title='bbox 224 2044 476 2113; x_wconf 78' lang='grc' dir='ltr'>ἀντέθηκε</span> <span class='ocrx_word' id='word_1_287' title='bbox 532 2050 709 2122; x_wconf 88' lang='grc' dir='ltr'>τούτῳ</span> <span class='ocrx_word' id='word_1_288' title='bbox 786 2052 870 2121; x_wconf 80' lang='grc' dir='ltr'><strong>τὸ,</strong></span> <span class='ocrx_word' id='word_1_289' title='bbox 950 2052 1203 2117; x_wconf 83' lang='grc' dir='ltr'>Νηστεύω</span> <span class='ocrx_word' id='word_1_290' title='bbox 1279 2049 1349 2114; x_wconf 77' lang='grc' dir='ltr'><strong>δὶς</strong></span> <span class='ocrx_word' id='word_1_291' title='bbox 1420 2054 1515 2108; x_wconf 78' lang='lat'><strong>106</strong></span> <span class='ocrx_word' id='word_1_292' title='bbox 1573 2049 1864 2123; x_wconf 81' lang='grc' dir='ltr'>Σαϐϐάτου,</span> 
     </span>
    </p>
   </div>
   <div class='ocr_carea' id='block_1_39' title="bbox 222 2136 1866 2218">
    <p class='ocr_par' dir='ltr' id='par_1_39' title="bbox 222 2136 1866 2218">
     <span class='ocr_line' id='line_1_39' title="bbox 222 2136 1866 2218; baseline 0.002 -28"><span class='ocrx_word' id='word_1_293' title='bbox 222 2136 482 2211; x_wconf 75' lang='grc' dir='ltr'>τουτέστι,</span> <span class='ocrx_word' id='word_1_294' title='bbox 543 2136 780 2217; x_wconf 86' lang='grc' dir='ltr'>δευτέρον</span> <span class='ocrx_word' id='word_1_295' title='bbox 836 2139 932 2206; x_wconf 70' lang='grc' dir='ltr'><strong>τῆς</strong></span> <span class='ocrx_word' id='word_1_296' title='bbox 994 2138 1305 2214; x_wconf 76' lang='grc' dir='ltr'>ἑϐδομάδος,</span> <span class='ocrx_word' id='word_1_297' title='bbox 1353 2138 1625 2197; x_wconf 67' lang='grc' dir='ltr'>Σάϐϐατω</span> <span class='ocrx_word' id='word_1_298' title='bbox 1680 2142 1781 2218; x_wconf 83' lang='grc' dir='ltr'>γὰρ</span> <span class='ocrx_word' id='word_1_299' title='bbox 1834 2141 1866 2206; x_wconf 77' lang='grc' dir='ltr'><strong>ἡ</strong></span> 
     </span>
    </p>
   </div>
   <div class='ocr_carea' id='block_1_40' title="bbox 224 2220 1869 2306">
    <p class='ocr_par' dir='ltr' id='par_1_40' title="bbox 224 2220 1869 2306">
     <span class='ocr_line' id='line_1_40' title="bbox 224 2220 1869 2306; baseline 0.004 -29"><span class='ocrx_word' id='word_1_300' title='bbox 224 2220 447 2299; x_wconf 77' lang='grc' dir='ltr'>ἑϐδομὰς</span> <span class='ocrx_word' id='word_1_301' title='bbox 501 2225 739 2306; x_wconf 77' lang='grc' dir='ltr'>ἐλέγετο,</span> <span class='ocrx_word' id='word_1_302' title='bbox 798 2228 904 2285; x_wconf 76' lang='grc' dir='ltr'>άπὸ</span> <span class='ocrx_word' id='word_1_303' title='bbox 957 2234 1056 2295; x_wconf 74' lang='grc' dir='ltr'>τῆς</span> <span class='ocrx_word' id='word_1_304' title='bbox 1108 2229 1428 2303; x_wconf 78' lang='grc' dir='ltr'>τελευταίαςῖ</span> <span class='ocrx_word' id='word_1_305' title='bbox 1458 2232 1545 2286; x_wconf 89' lang='grc' dir='ltr'><strong>καὶ</strong></span> <span class='ocrx_word' id='word_1_306' title='bbox 1576 2230 1869 2285; x_wconf 85' lang='grc' dir='ltr'>ἆναπαυσί-</span> 
     </span>
    </p>
   </div>
   <div class='ocr_carea' id='block_1_41' title="bbox 223 2316 1867 2399">
    <p class='ocr_par' dir='ltr' id='par_1_41' title="bbox 223 2316 1867 2399">
     <span class='ocr_line' id='line_1_41' title="bbox 223 2316 1867 2399; baseline 0.004 -32"><span class='ocrx_word' id='word_1_307' title='bbox 223 2334 323 2399; x_wconf 82' lang='grc' dir='ltr'><strong>μου</strong></span> <span class='ocrx_word' id='word_1_308' title='bbox 372 2317 574 2393; x_wconf 76' lang='grc' dir='ltr'>ἡμέρας</span> <span class='ocrx_word' id='word_1_309' title='bbox 631 2317 1022 2393; x_wconf 79' lang='grc' dir='ltr'>ὀνομαζομένη.</span> <span class='ocrx_word' id='word_1_310' title='bbox 1084 2316 1295 2375; x_wconf 81' lang='grc' dir='ltr'>Σαϐϐὰτ</span> <span class='ocrx_word' id='word_1_311' title='bbox 1344 2340 1443 2397; x_wconf 87' lang='grc' dir='ltr'><strong>γαρ</strong></span> <span class='ocrx_word' id='word_1_312' title='bbox 1491 2318 1867 2399; x_wconf 69' lang='grc' dir='ltr'>ἦάνάπαυσις,</span> 
     </span>
    </p>
   </div>
   <div class='ocr_carea' id='block_1_42' title="bbox 223 2398 1864 2485">
    <p class='ocr_par' dir='ltr' id='par_1_42' title="bbox 223 2398 1864 2485">
     <span class='ocr_line' id='line_1_42' title="bbox 223 2398 1864 2485; baseline 0.004 -29"><span class='ocrx_word' id='word_1_313' title='bbox 223 2398 307 2485; x_wconf 61' lang='grc' dir='ltr'><strong>βαὶ</strong></span> <span class='ocrx_word' id='word_1_314' title='bbox 362 2402 607 2461; x_wconf 77' lang='grc' dir='ltr'>Σάϐϐατα</span> <span class='ocrx_word' id='word_1_315' title='bbox 651 2405 705 2461; x_wconf 77' lang='grc' dir='ltr'><strong>δε</strong></span> <span class='ocrx_word' id='word_1_316' title='bbox 769 2408 866 2474; x_wconf 80' lang='grc' dir='ltr'><strong>τὴν</strong></span> <span class='ocrx_word' id='word_1_317' title='bbox 925 2405 1185 2482; x_wconf 79' lang='grc' dir='ltr'>ἑϐδομάδα</span> <span class='ocrx_word' id='word_1_318' title='bbox 1240 2406 1423 2485; x_wconf 73' lang='grc' dir='ltr'>ἔλεγον</span> <span class='ocrx_word' id='word_1_319' title='bbox 1478 2398 1864 2474; x_wconf 58' lang='grc' dir='ltr'>πληθυντικῶςζ</span> 
     </span>
    </p>
   </div>
   <div class='ocr_carea' id='block_1_43' title="bbox 227 2480 1867 2575">
    <p class='ocr_par' dir='ltr' id='par_1_43' title="bbox 227 2480 1867 2575">
     <span class='ocr_line' id='line_1_43' title="bbox 227 2480 1867 2575; baseline 0.004 -29"><span class='ocrx_word' id='word_1_320' title='bbox 227 2480 391 2547; x_wconf 64' lang='grc' dir='ltr'><strong>ιὈθεν</strong></span> <span class='ocrx_word' id='word_1_321' title='bbox 446 2498 532 2551; x_wconf 85' lang='grc' dir='ltr'><strong>καὶ</strong></span> <span class='ocrx_word' id='word_1_322' title='bbox 588 2496 705 2551; x_wconf 87' lang='grc' dir='ltr'>κίαν</span> <span class='ocrx_word' id='word_1_323' title='bbox 762 2480 1058 2552; x_wconf 78' lang='grc' dir='ltr'>Σαϐϐάτων</span> <span class='ocrx_word' id='word_1_324' title='bbox 1092 2497 1192 2563; x_wconf 71' lang='grc' dir='ltr'><strong>τὴν</strong></span> <span class='ocrx_word' id='word_1_325' title='bbox 1240 2480 1458 2575; x_wconf 69' lang='grc' dir='ltr'>πρωτην</span> <span class='ocrx_word' id='word_1_326' title='bbox 1512 2496 1713 2574; x_wconf 78' lang='grc' dir='ltr'>ἡμέραν</span> <span class='ocrx_word' id='word_1_327' title='bbox 1768 2501 1867 2561; x_wconf 80' lang='grc' dir='ltr'>τῆς</span> 
     </span>
    </p>
   </div>
   <div class='ocr_carea' id='block_1_44' title="bbox 223 2577 1868 2663">
    <p class='ocr_par' dir='ltr' id='par_1_44' title="bbox 223 2577 1868 2663">
     <span class='ocr_line' id='line_1_44' title="bbox 223 2577 1868 2663; baseline 0.004 -31"><span class='ocrx_word' id='word_1_328' title='bbox 223 2577 505 2663; x_wconf 77' lang='grc' dir='ltr'>ἑϐδομάδος</span> <span class='ocrx_word' id='word_1_329' title='bbox 565 2584 662 2650; x_wconf 74' lang='grc' dir='ltr'>τὴν</span> <span class='ocrx_word' id='word_1_330' title='bbox 722 2582 847 2660; x_wconf 82' lang='grc' dir='ltr'>παρ’</span> <span class='ocrx_word' id='word_1_331' title='bbox 904 2586 1041 2660; x_wconf 81' lang='grc' dir='ltr'>ἡμῖν</span> <span class='ocrx_word' id='word_1_332' title='bbox 1100 2586 1370 2663; x_wconf 78' lang='grc' dir='ltr'>Κυριακὴν</span> <span class='ocrx_word' id='word_1_333' title='bbox 1420 2584 1671 2643; x_wconf 59' lang='grc' dir='ltr'>ἐκάλουν</span> <span class='ocrx_word' id='word_1_334' title='bbox 1728 2586 1868 2662; x_wconf 80' lang='grc' dir='ltr'>παρὰ</span> 
     </span>
    </p>
   </div>
   <div class='ocr_carea' id='block_1_45' title="bbox 1953 2045 3600 2129">
    <p class='ocr_par' dir='ltr' id='par_1_45' title="bbox 1953 2045 3600 2129">
     <span class='ocr_line' id='line_1_45' title="bbox 1953 2045 3600 2129; baseline 0.002 -25"><span class='ocrx_word' id='word_1_335' title='bbox 1953 2045 2058 2105; x_wconf 89' lang='lat' dir='ltr'><strong>rali</strong></span> <span class='ocrx_word' id='word_1_336' title='bbox 2092 2065 2363 2111; x_wconf 84' lang='lat' dir='ltr'><strong>numero.</strong></span> <span class='ocrx_word' id='word_1_337' title='bbox 2400 2045 2571 2109; x_wconf 88' lang='lat' dir='ltr'><strong>Unde</strong></span> <span class='ocrx_word' id='word_1_338' title='bbox 2593 2056 2649 2108; x_wconf 87' lang='lat' dir='ltr'><strong>et</strong></span> <span class='ocrx_word' id='word_1_339' title='bbox 2688 2066 2865 2108; x_wconf 89' lang='lat' dir='ltr'><strong>unam</strong></span> <span class='ocrx_word' id='word_1_340' title='bbox 2898 2046 3310 2123; x_wconf 84' lang='lat' dir='ltr'><strong>Sabbatorum,</strong></span> <span class='ocrx_word' id='word_1_341' title='bbox 3352 2050 3600 2129; x_wconf 87' lang='lat' dir='ltr'><strong>primam</strong></span> 
     </span>
    </p>
   </div>
   <div class='ocr_carea' id='block_1_46' title="bbox 1953 2134 3603 2217">
    <p class='ocr_par' dir='ltr' id='par_1_46' title="bbox 1953 2134 3603 2217">
     <span class='ocr_line' id='line_1_46' title="bbox 1953 2134 3603 2217; baseline 0.002 -23"><span class='ocrx_word' id='word_1_342' title='bbox 1953 2134 2108 2195; x_wconf 86' lang='lat' dir='ltr'><strong>diem</strong></span> <span class='ocrx_word' id='word_1_343' title='bbox 2134 2135 2549 2217; x_wconf 71' lang='lat' dir='ltr'><strong>hebdomatlae,</strong></span> <span class='ocrx_word' id='word_1_344' title='bbox 2577 2155 2709 2215; x_wconf 70' lang='lat' dir='ltr'><strong>quae</strong></span> <span class='ocrx_word' id='word_1_345' title='bbox 2730 2136 2886 2216; x_wconf 89' lang='lat' dir='ltr'><strong>apud</strong></span> <span class='ocrx_word' id='word_1_346' title='bbox 2912 2156 3019 2198; x_wconf 91' lang='lat' dir='ltr'><strong>nos</strong></span> <span class='ocrx_word' id='word_1_347' title='bbox 3035 2148 3125 2199; x_wconf 92' lang='lat' dir='ltr'><strong>est</strong></span> <span class='ocrx_word' id='word_1_348' title='bbox 3146 2139 3480 2213; x_wconf 91' lang='lat' dir='ltr'><strong>Dominica,</strong></span> <span class='ocrx_word' id='word_1_349' title='bbox 3506 2158 3603 2198; x_wconf 90' lang='lat' dir='ltr'><strong>vo-</strong></span> 
     </span>
    </p>
   </div>
   <div class='ocr_carea' id='block_1_47' title="bbox 1956 2222 3600 2309">
    <p class='ocr_par' dir='ltr' id='par_1_47' title="bbox 1956 2222 3600 2309">
     <span class='ocr_line' id='line_1_47' title="bbox 1956 2222 3600 2309; baseline 0.002 -26"><span class='ocrx_word' id='word_1_350' title='bbox 1956 2222 2198 2304; x_wconf 73' lang='lat' dir='ltr'><strong>cabant;</strong></span> <span class='ocrx_word' id='word_1_351' title='bbox 2227 2226 2383 2304; x_wconf 91' lang='lat' dir='ltr'><strong>apud</strong></span> <span class='ocrx_word' id='word_1_352' title='bbox 2404 2224 2684 2286; x_wconf 77' lang='lat' dir='ltr'><strong>Hebrzeos</strong></span> <span class='ocrx_word' id='word_1_353' title='bbox 2703 2226 2860 2286; x_wconf 90' lang='lat' dir='ltr'><strong>enim</strong></span> <span class='ocrx_word' id='word_1_354' title='bbox 2885 2245 3065 2287; x_wconf 90' lang='lat' dir='ltr'><strong>unum</strong></span> <span class='ocrx_word' id='word_1_355' title='bbox 3090 2236 3149 2289; x_wconf 90' lang='lat' dir='ltr'><strong>et</strong></span> <span class='ocrx_word' id='word_1_356' title='bbox 3171 2227 3600 2309; x_wconf 86' lang='lat' dir='ltr'><strong>primumidem</strong></span> 
     </span>
    </p>
   </div>
   <div class='ocr_carea' id='block_1_48' title="bbox 1952 2311 3603 2395">
    <p class='ocr_par' dir='ltr' id='par_1_48' title="bbox 1952 2311 3603 2395">
     <span class='ocr_line' id='line_1_48' title="bbox 1952 2311 3603 2395; baseline 0.002 -24"><span class='ocrx_word' id='word_1_357' title='bbox 1952 2311 2165 2389; x_wconf 84' lang='lat' dir='ltr'><strong>signat.</strong></span> <span class='ocrx_word' id='word_1_358' title='bbox 2192 2314 2299 2376; x_wconf 88' lang='lat' dir='ltr'><strong>Est</strong></span> <span class='ocrx_word' id='word_1_359' title='bbox 2322 2323 2378 2373; x_wconf 90' lang='lat' dir='ltr'><strong>et</strong></span> <span class='ocrx_word' id='word_1_360' title='bbox 2399 2314 2547 2375; x_wconf 85' lang='lat' dir='ltr'><strong>alius</strong></span> <span class='ocrx_word' id='word_1_361' title='bbox 2583 2314 2932 2393; x_wconf 85' lang='lat' dir='ltr'><strong>profundior</strong></span> <span class='ocrx_word' id='word_1_362' title='bbox 2961 2334 3199 2395; x_wconf 88' lang='lat' dir='ltr'><strong>sermo;</strong></span> <span class='ocrx_word' id='word_1_363' title='bbox 3236 2335 3371 2377; x_wconf 90' lang='lat' dir='ltr'><strong>nam</strong></span> <span class='ocrx_word' id='word_1_364' title='bbox 3400 2324 3603 2377; x_wconf 88' lang='lat' dir='ltr'><strong>contra</strong></span> 
     </span>
    </p>
   </div>
   <div class='ocr_carea' id='block_1_49' title="bbox 1950 2400 3601 2482">
    <p class='ocr_par' dir='ltr' id='par_1_49' title="bbox 1950 2400 3601 2482">
     <span class='ocr_line' id='line_1_49' title="bbox 1950 2400 3601 2482; baseline 0.003 -23"><span class='ocrx_word' id='word_1_365' title='bbox 1950 2400 2306 2462; x_wconf 84' lang='lat' dir='ltr'><strong>adulterium</strong></span> <span class='ocrx_word' id='word_1_366' title='bbox 2330 2402 2693 2480; x_wconf 85' lang='lat' dir='ltr'><strong>gloriabatur</strong></span> <span class='ocrx_word' id='word_1_367' title='bbox 2724 2404 2801 2464; x_wconf 84' lang='lat' dir='ltr'><strong>de</strong></span> <span class='ocrx_word' id='word_1_368' title='bbox 2824 2403 3091 2482; x_wconf 87' lang='lat' dir='ltr'><strong>jejunio:</strong></span> <span class='ocrx_word' id='word_1_369' title='bbox 3129 2423 3161 2463; x_wconf 89' lang='lat' dir='ltr'><strong>a</strong></span> <span class='ocrx_word' id='word_1_370' title='bbox 3185 2404 3415 2465; x_wconf 85' lang='lat' dir='ltr'><strong>deliciis</strong></span> <span class='ocrx_word' id='word_1_371' title='bbox 3441 2406 3601 2464; x_wconf 90' lang='lat' dir='ltr'><strong>enim</strong></span> 
     </span>
    </p>
   </div>
   <div class='ocr_carea' id='block_1_50' title="bbox 1953 2490 3598 2572">
    <p class='ocr_par' dir='ltr' id='par_1_50' title="bbox 1953 2490 3598 2572">
     <span class='ocr_line' id='line_1_50' title="bbox 1953 2490 3598 2572; baseline 0.003 -23"><span class='ocrx_word' id='word_1_372' title='bbox 1953 2490 2295 2566; x_wconf 84' lang='lat' dir='ltr'><strong>petulantia.</strong></span> <span class='ocrx_word' id='word_1_373' title='bbox 2348 2490 2480 2571; x_wconf 89' lang='lat' dir='ltr'><strong>[pse</strong></span> <span class='ocrx_word' id='word_1_374' title='bbox 2520 2491 2698 2569; x_wconf 81' lang='lat' dir='ltr'><strong>igitur</strong></span> <span class='ocrx_word' id='word_1_375' title='bbox 2746 2510 2964 2572; x_wconf 86' lang='lat' dir='ltr'><strong>corpus</strong></span> <span class='ocrx_word' id='word_1_376' title='bbox 3015 2502 3257 2572; x_wconf 89' lang='lat' dir='ltr'><strong>propter</strong></span> <span class='ocrx_word' id='word_1_377' title='bbox 3303 2492 3598 2572; x_wconf 83' lang='lat' dir='ltr'><strong>jejunium</strong></span> 
     </span>
    </p>
   </div>
   <div class='ocr_carea' id='block_1_51' title="bbox 1951 2581 3606 2660">
    <p class='ocr_par' dir='ltr' id='par_1_51' title="bbox 1951 2581 3606 2660">
     <span class='ocr_line' id='line_1_51' title="bbox 1951 2581 3606 2660; baseline 0.002 -22"><span class='ocrx_word' id='word_1_378' title='bbox 1951 2599 2367 2658; x_wconf 82' lang='lat' dir='ltr'><strong>compescens,</strong></span> <span class='ocrx_word' id='word_1_379' title='bbox 2400 2599 2433 2642; x_wconf 96' lang='lat' dir='ltr'><strong>a</strong></span> <span class='ocrx_word' id='word_1_380' title='bbox 2458 2582 2655 2642; x_wconf 89' lang='lat' dir='ltr'><strong>multis</strong></span> <span class='ocrx_word' id='word_1_381' title='bbox 2686 2581 2983 2660; x_wconf 89' lang='lat' dir='ltr'><strong>ejusmodi</strong></span> <span class='ocrx_word' id='word_1_382' title='bbox 3014 2582 3425 2645; x_wconf 71' lang='lat' dir='ltr'><strong>affectionibus</strong></span> <span class='ocrx_word' id='word_1_383' title='bbox 3452 2581 3606 2642; x_wconf 90' lang='lat' dir='ltr'><strong>liber</strong></span> 
     </span>
    </p>
   </div>
   <div class='ocr_carea' id='block_1_52' title="bbox 221 2661 1866 2752">
    <p class='ocr_par' dir='ltr' id='par_1_52' title="bbox 221 2661 1861 2752">
     <span class='ocr_line' id='line_1_52' title="bbox 221 2661 1861 2752; baseline 0.006 -29"><span class='ocrx_word' id='word_1_384' title='bbox 221 2668 317 2745; x_wconf 81' lang='grc' dir='ltr'><strong>γὰρ</strong></span> <span class='ocrx_word' id='word_1_385' title='bbox 375 2661 630 2744; x_wconf 66' lang='grc' dir='ltr'>Ἑϐραίοις</span> <span class='ocrx_word' id='word_1_386' title='bbox 682 2675 743 2729; x_wconf 78' lang='grc' dir='ltr'>τὸ</span> <span class='ocrx_word' id='word_1_387' title='bbox 790 2674 913 2748; x_wconf 88' lang='grc' dir='ltr'>μίαν</span> <span class='ocrx_word' id='word_1_388' title='bbox 956 2676 1146 2730; x_wconf 75' lang='grc' dir='ltr'>ταυτὸν</span> <span class='ocrx_word' id='word_1_389' title='bbox 1184 2661 1451 2750; x_wconf 37' lang='grc' dir='ltr'>-σημαίνει</span> <span class='ocrx_word' id='word_1_390' title='bbox 1506 2679 1580 2746; x_wconf 84' lang='grc' dir='ltr'><strong>τῷ</strong></span> <span class='ocrx_word' id='word_1_391' title='bbox 1620 2661 1861 2752; x_wconf 82' lang='grc' dir='ltr'>πρώτην.</span> 
     </span>
    </p>
   </div>
   <div class='ocr_carea' id='block_1_53' title="bbox 1949 2661 3599 2752">
    <p class='ocr_par' dir='ltr' id='par_1_53' title="bbox 1949 2668 3599 2752">
     <span class='ocr_line' id='line_1_53' title="bbox 1949 2668 3599 2752; baseline 0.002 -24"><span class='ocrx_word' id='word_1_392' title='bbox 1949 2668 2459 2752; x_wconf 86' lang='lat' dir='ltr'><strong>erat.Jejunabant</strong></span> <span class='ocrx_word' id='word_1_393' title='bbox 2482 2678 2680 2730; x_wconf 78' lang='lat' dir='ltr'><strong>autem</strong></span> <span class='ocrx_word' id='word_1_394' title='bbox 2708 2669 2989 2731; x_wconf 83' lang='lat' dir='ltr'><strong>Pharisaei</strong></span> <span class='ocrx_word' id='word_1_395' title='bbox 3010 2670 3275 2730; x_wconf 86' lang='lat' dir='ltr'><strong>secunda</strong></span> <span class='ocrx_word' id='word_1_396' title='bbox 3297 2678 3354 2730; x_wconf 90' lang='lat' dir='ltr'><strong>et</strong></span> <span class='ocrx_word' id='word_1_397' title='bbox 3371 2670 3599 2751; x_wconf 86' lang='lat' dir='ltr'><strong>quinta.</strong></span> 
     </span>
    </p>
   </div>
   <div class='ocr_carea' id='block_1_54' title="bbox 225 2750 1866 2841">
    <p class='ocr_par' dir='ltr' id='par_1_54' title="bbox 225 2750 1863 2841">
     <span class='ocr_line' id='line_1_54' title="bbox 225 2750 1863 2841; baseline 0.001 -26"><span class='ocrx_word' id='word_1_398' title='bbox 225 2756 430 2823; x_wconf 80' lang='grc' dir='ltr'>’Ὄντος</span> <span class='ocrx_word' id='word_1_399' title='bbox 461 2784 548 2817; x_wconf 89' lang='grc' dir='ltr'><strong>και</strong></span> <span class='ocrx_word' id='word_1_400' title='bbox 602 2763 778 2838; x_wconf 77' lang='grc' dir='ltr'>ἐτέρου</span> <span class='ocrx_word' id='word_1_401' title='bbox 829 2762 989 2840; x_wconf 81' lang='grc' dir='ltr'>λόγου</span> <span class='ocrx_word' id='word_1_402' title='bbox 1018 2764 1301 2840; x_wconf 74' lang='grc' dir='ltr'>βαθυτέρω</span> <span class='ocrx_word' id='word_1_403' title='bbox 1334 2783 1349 2798; x_wconf 75' lang='grc'><strong><em>⁸</em></strong></span> <span class='ocrx_word' id='word_1_404' title='bbox 1383 2764 1512 2841; x_wconf 83' lang='grc' dir='ltr'>πρὸς</span> <span class='ocrx_word' id='word_1_405' title='bbox 1545 2764 1641 2837; x_wconf 75' lang='grc' dir='ltr'>μὲν</span> <span class='ocrx_word' id='word_1_406' title='bbox 1668 2750 1761 2816; x_wconf 76' lang='grc' dir='ltr'>οὖν</span> <span class='ocrx_word' id='word_1_407' title='bbox 1804 2763 1863 2817; x_wconf 87' lang='grc' dir='ltr'>τὸ</span> 
     </span>
    </p>
   </div>
   <div class='ocr_carea' id='block_1_55' title="bbox 1949 2750 3598 2841">
    <p class='ocr_par' dir='ltr' id='par_1_55' title="bbox 1949 2750 3598 2838">
     <span class='ocr_line' id='line_1_55' title="bbox 1949 2750 3598 2838; baseline 0.002 -22"><span class='ocrx_word' id='word_1_408' title='bbox 1949 2754 2164 2817; x_wconf 83' lang='lat' dir='ltr'><strong>Contra</strong></span> <span class='ocrx_word' id='word_1_409' title='bbox 2181 2750 2450 2838; x_wconf 85' lang='lat' dir='ltr'><strong>rapinam</strong></span> <span class='ocrx_word' id='word_1_410' title='bbox 2476 2766 2533 2819; x_wconf 91' lang='lat' dir='ltr'><strong>et</strong></span> <span class='ocrx_word' id='word_1_411' title='bbox 2556 2757 2903 2837; x_wconf 90' lang='lat' dir='ltr'><strong>injustitiam</strong></span> <span class='ocrx_word' id='word_1_412' title='bbox 2931 2757 3269 2838; x_wconf 83' lang='lat' dir='ltr'><strong>proferebat</strong></span> <span class='ocrx_word' id='word_1_413' title='bbox 3298 2758 3598 2821; x_wconf 81' lang='lat' dir='ltr'><strong>dationein</strong></span> 
     </span>
    </p>
   </div>
   <div class='ocr_carea' id='block_1_56' title="bbox 220 2844 1866 2927">
    <p class='ocr_par' dir='ltr' id='par_1_56' title="bbox 220 2844 1858 2927">
     <span class='ocr_line' id='line_1_56' title="bbox 220 2844 1858 2927; baseline -0.001 -20"><span class='ocrx_word' id='word_1_414' title='bbox 220 2844 313 2911; x_wconf 71' lang='grc' dir='ltr'>τῆς</span> <span class='ocrx_word' id='word_1_415' title='bbox 360 2850 608 2927; x_wconf 81' lang='grc' dir='ltr'>μοιχείας</span> <span class='ocrx_word' id='word_1_416' title='bbox 669 2851 832 2914; x_wconf 87' lang='grc' dir='ltr'>πάθος</span> <span class='ocrx_word' id='word_1_417' title='bbox 885 2854 983 2918; x_wconf 71' lang='grc' dir='ltr'>τὴν</span> <span class='ocrx_word' id='word_1_418' title='bbox 1044 2853 1287 2918; x_wconf 81' lang='grc' dir='ltr'>νηστείαν</span> <span class='ocrx_word' id='word_1_419' title='bbox 1336 2850 1858 2927; x_wconf 83' lang='grc' dir='ltr'>ἆντηλαζωνεύσατο,</span> 
     </span>
    </p>
   </div>
   <div class='ocr_carea' id='block_1_57' title="bbox 1949 2844 3596 2927">
    <p class='ocr_par' dir='ltr' id='par_1_57' title="bbox 1949 2844 3596 2927">
     <span class='ocr_line' id='line_1_57' title="bbox 1949 2844 3596 2927; baseline 0.001 -22"><span class='ocrx_word' id='word_1_420' title='bbox 1949 2844 2313 2906; x_wconf 87' lang='lat' dir='ltr'><strong>decimarum</strong></span> <span class='ocrx_word' id='word_1_421' title='bbox 2344 2846 2614 2907; x_wconf 90' lang='lat' dir='ltr'><strong>omnium</strong></span> <span class='ocrx_word' id='word_1_422' title='bbox 2647 2866 2778 2927; x_wconf 73' lang='lat' dir='ltr'><strong>quae</strong></span> <span class='ocrx_word' id='word_1_423' title='bbox 2809 2846 3175 2926; x_wconf 89' lang='lat' dir='ltr'><strong>possidebat.</strong></span> <span class='ocrx_word' id='word_1_424' title='bbox 3206 2847 3482 2922; x_wconf 90' lang='lat' dir='ltr'><strong>Tantum,</strong></span> <span class='ocrx_word' id='word_1_425' title='bbox 3507 2848 3596 2907; x_wconf 89' lang='lat' dir='ltr'><strong>in-</strong></span> 
     </span>
    </p>
   </div>
   <div class='ocr_carea' id='block_1_58' title="bbox 220 2935 1866 3019">
    <p class='ocr_par' dir='ltr' id='par_1_58' title="bbox 220 2938 1861 3019">
     <span class='ocr_line' id='line_1_58' title="bbox 220 2938 1861 3019; baseline 0.004 -30"><span class='ocrx_word' id='word_1_426' title='bbox 220 2938 432 3015; x_wconf 75' lang='grc' dir='ltr'>καὶγὰρ</span> <span class='ocrx_word' id='word_1_427' title='bbox 463 2938 566 2994; x_wconf 82' lang='grc' dir='ltr'>άπὸ</span> <span class='ocrx_word' id='word_1_428' title='bbox 617 2940 812 3019; x_wconf 67' lang='grc' dir='ltr'>τρυφῆς</span> <span class='ocrx_word' id='word_1_429' title='bbox 876 2940 905 3006; x_wconf 73' lang='grc' dir='ltr'><strong>ἣ</strong></span> <span class='ocrx_word' id='word_1_430' title='bbox 958 2939 1197 3018; x_wconf 84' lang='grc' dir='ltr'>λαγνεία,</span> <span class='ocrx_word' id='word_1_431' title='bbox 1248 2940 1402 3002; x_wconf 68' lang='grc' dir='ltr'>αὐτὸς</span> <span class='ocrx_word' id='word_1_432' title='bbox 1463 2940 1557 3015; x_wconf 76' lang='grc' dir='ltr'>μὲν</span> <span class='ocrx_word' id='word_1_433' title='bbox 1600 2942 1661 2996; x_wconf 81' lang='grc' dir='ltr'>τὸ</span> <span class='ocrx_word' id='word_1_434' title='bbox 1706 2946 1861 3014; x_wconf 88' lang='grc' dir='ltr'>σῶμα</span> 
     </span>
    </p>
   </div>
   <div class='ocr_carea' id='block_1_59' title="bbox 1949 2935 3594 3019">
    <p class='ocr_par' dir='ltr' id='par_1_59' title="bbox 1949 2935 3594 3015">
     <span class='ocr_line' id='line_1_59' title="bbox 1949 2935 3594 3015; baseline 0.001 -21"><span class='ocrx_word' id='word_1_435' title='bbox 1949 2935 2429 3013; x_wconf 86' lang='lat' dir='ltr'><strong>quit,contrarius</strong></span> <span class='ocrx_word' id='word_1_436' title='bbox 2454 2956 2581 2996; x_wconf 88' lang='lat' dir='ltr'><strong>sum</strong></span> <span class='ocrx_word' id='word_1_437' title='bbox 2617 2937 2839 3015; x_wconf 67' lang='lat' dir='ltr'><strong>rapinae</strong></span> <span class='ocrx_word' id='word_1_438' title='bbox 2870 2944 2928 2997; x_wconf 91' lang='lat' dir='ltr'><strong>et</strong></span> <span class='ocrx_word' id='word_1_439' title='bbox 2954 2936 3284 3015; x_wconf 70' lang='lat' dir='ltr'><strong>injustitiaa,</strong></span> <span class='ocrx_word' id='word_1_440' title='bbox 3325 2944 3388 2996; x_wconf 89' lang='lat' dir='ltr'><strong>ut</strong></span> <span class='ocrx_word' id='word_1_441' title='bbox 3419 2936 3594 2997; x_wconf 87' lang='lat' dir='ltr'><strong>etiam</strong></span> 
     </span>
    </p>
   </div>
   <div class='ocr_carea' id='block_1_60' title="bbox 220 3022 1866 3110">
    <p class='ocr_par' dir='ltr' id='par_1_60' title="bbox 220 3022 1857 3110">
     <span class='ocr_line' id='line_1_60' title="bbox 220 3022 1857 3110; baseline 0.004 -32"><span class='ocrx_word' id='word_1_442' title='bbox 220 3022 303 3079; x_wconf 78' lang='grc' dir='ltr'><strong>διὰ</strong></span> <span class='ocrx_word' id='word_1_443' title='bbox 359 3028 601 3092; x_wconf 82' lang='grc' dir='ltr'>νηστείας</span> <span class='ocrx_word' id='word_1_444' title='bbox 634 3030 844 3109; x_wconf 66' lang='grc' dir='ltr'>ἄγχων,</span> <span class='ocrx_word' id='word_1_445' title='bbox 880 3029 1015 3087; x_wconf 75' lang='grc' dir='ltr'>πολὺ</span> <span class='ocrx_word' id='word_1_446' title='bbox 1052 3031 1255 3110; x_wconf 75' lang='grc' dir='ltr'>ἀπεῖχε</span> <span class='ocrx_word' id='word_1_447' title='bbox 1304 3031 1410 3086; x_wconf 88' lang='grc' dir='ltr'><strong>τῶν</strong></span> <span class='ocrx_word' id='word_1_448' title='bbox 1468 3030 1717 3086; x_wconf 81' lang='grc' dir='ltr'>τοιούτων</span> <span class='ocrx_word' id='word_1_449' title='bbox 1748 3052 1857 3084; x_wconf 91' lang='grc' dir='ltr'>πα-</span> 
     </span>
    </p>
   </div>
   <div class='ocr_carea' id='block_1_61' title="bbox 1949 3022 3595 3110">
    <p class='ocr_par' dir='ltr' id='par_1_61' title="bbox 1949 3023 3595 3104">
     <span class='ocr_line' id='line_1_61' title="bbox 1949 3023 3595 3104; baseline 0.001 -21"><span class='ocrx_word' id='word_1_450' title='bbox 1949 3041 2074 3103; x_wconf 70' lang='lat' dir='ltr'><strong>quae</strong></span> <span class='ocrx_word' id='word_1_451' title='bbox 2106 3043 2238 3085; x_wconf 88' lang='lat' dir='ltr'><strong>mea</strong></span> <span class='ocrx_word' id='word_1_452' title='bbox 2266 3034 2426 3097; x_wconf 87' lang='lat' dir='ltr'><strong>sunt,</strong></span> <span class='ocrx_word' id='word_1_453' title='bbox 2460 3024 2817 3104; x_wconf 85' lang='lat' dir='ltr'><strong>expendam.</strong></span> <span class='ocrx_word' id='word_1_454' title='bbox 2841 3024 3221 3087; x_wconf 88' lang='lat' dir='ltr'><strong>Decimarum</strong></span> <span class='ocrx_word' id='word_1_455' title='bbox 3246 3025 3405 3085; x_wconf 89' lang='lat' dir='ltr'><strong>enim</strong></span> <span class='ocrx_word' id='word_1_456' title='bbox 3437 3023 3595 3085; x_wconf 91' lang='lat' dir='ltr'><strong>datio</strong></span> 
     </span>
    </p>
   </div>
   <div class='ocr_carea' id='block_1_62' title="bbox 217 3098 1866 3197">
    <p class='ocr_par' dir='ltr' id='par_1_62' title="bbox 217 3114 1858 3197">
     <span class='ocr_line' id='line_1_62' title="bbox 217 3114 1858 3197; baseline 0.005 -32"><span class='ocrx_word' id='word_1_457' title='bbox 217 3114 340 3173; x_wconf 77' lang='grc' dir='ltr'>θὼν.</span> <span class='ocrx_word' id='word_1_458' title='bbox 398 3114 710 3187; x_wconf 73' lang='grc' dir='ltr'>Ἐνήστευον</span> <span class='ocrx_word' id='word_1_459' title='bbox 769 3116 813 3174; x_wconf 87' lang='grc' dir='ltr'>δ’</span> <span class='ocrx_word' id='word_1_460' title='bbox 864 3118 963 3197; x_wconf 80' lang='grc' dir='ltr'><strong>ἄρα</strong></span> <span class='ocrx_word' id='word_1_461' title='bbox 1017 3123 1064 3175; x_wconf 74' lang='grc' dir='ltr'>οἱ</span> <span class='ocrx_word' id='word_1_462' title='bbox 1121 3127 1403 3197; x_wconf 74' lang='grc' dir='ltr'>Φαρισαῖοι</span> <span class='ocrx_word' id='word_1_463' title='bbox 1448 3117 1711 3197; x_wconf 72' lang='grc' dir='ltr'>δευτέραν,</span> <span class='ocrx_word' id='word_1_464' title='bbox 1773 3120 1858 3174; x_wconf 83' lang='grc' dir='ltr'>καὶ</span> 
     </span>
    </p>
   </div>
   <div class='ocr_carea' id='block_1_63' title="bbox 1949 3098 3595 3197">
    <p class='ocr_par' dir='ltr' id='par_1_63' title="bbox 1949 3098 3595 3193">
     <span class='ocr_line' id='line_1_63' title="bbox 1949 3098 3595 3193; baseline 0.002 -24"><span class='ocrx_word' id='word_1_465' title='bbox 1949 3098 2175 3173; x_wconf 66' lang='lat' dir='ltr'><strong>videtur</strong></span> <span class='ocrx_word' id='word_1_466' title='bbox 2204 3098 2555 3193; x_wconf 77' lang='lat' dir='ltr'><strong>quibusdam</strong></span> <span class='ocrx_word' id='word_1_467' title='bbox 2607 3113 2960 3193; x_wconf 88' lang='lat' dir='ltr'><strong>simpliciter</strong></span> <span class='ocrx_word' id='word_1_468' title='bbox 3008 3114 3148 3173; x_wconf 72' lang='grc' dir='ltr'><strong>4ὖὸ</strong></span> <span class='ocrx_word' id='word_1_469' title='bbox 3194 3122 3254 3174; x_wconf 90' lang='lat' dir='ltr'><strong>et</strong></span> <span class='ocrx_word' id='word_1_470' title='bbox 3299 3112 3486 3173; x_wconf 89' lang='lat' dir='ltr'><strong>semel</strong></span> <span class='ocrx_word' id='word_1_471' title='bbox 3521 3114 3595 3173; x_wconf 88' lang='lat' dir='ltr'><strong>de</strong></span> 
     </span>
    </p>
   </div>
   <div class='ocr_carea' id='block_1_64' title="bbox 219 3200 1866 3287">
    <p class='ocr_par' dir='ltr' id='par_1_64' title="bbox 219 3202 1859 3287">
     <span class='ocr_line' id='line_1_64' title="bbox 219 3202 1859 3287; baseline 0.003 -30"><span class='ocrx_word' id='word_1_472' title='bbox 219 3202 490 3277; x_wconf 86' lang='grc' dir='ltr'>πέμπτην,</span> <span class='ocrx_word' id='word_1_473' title='bbox 528 3208 660 3286; x_wconf 78' lang='grc' dir='ltr'>Πρὸς</span> <span class='ocrx_word' id='word_1_474' title='bbox 692 3206 746 3263; x_wconf 75' lang='grc' dir='ltr'>δὲ</span> <span class='ocrx_word' id='word_1_475' title='bbox 774 3210 861 3287; x_wconf 76' lang='grc' dir='ltr'><strong>τὸ,</strong></span> <span class='ocrx_word' id='word_1_476' title='bbox 909 3206 1197 3287; x_wconf 76' lang='grc' dir='ltr'>’¹Αρπαγες</span> <span class='ocrx_word' id='word_1_477' title='bbox 1241 3211 1328 3265; x_wconf 84' lang='grc' dir='ltr'><strong>καὶ</strong></span> <span class='ocrx_word' id='word_1_478' title='bbox 1378 3206 1569 3282; x_wconf 79' lang='grc' dir='ltr'>ἄδικοι,</span> <span class='ocrx_word' id='word_1_479' title='bbox 1627 3206 1859 3272; x_wconf 80' lang='grc' dir='ltr'>ἐντέταξε</span> 
     </span>
    </p>
   </div>
   <div class='ocr_carea' id='block_1_65' title="bbox 1949 3200 3594 3287">
    <p class='ocr_par' dir='ltr' id='par_1_65' title="bbox 1949 3200 3594 3282">
     <span class='ocr_line' id='line_1_65' title="bbox 1949 3200 3594 3282; baseline 0 -21"><span class='ocrx_word' id='word_1_480' title='bbox 1949 3200 2070 3280; x_wconf 85' lang='lat' dir='ltr'><strong>lege</strong></span> <span class='ocrx_word' id='word_1_481' title='bbox 2092 3202 2439 3281; x_wconf 64' lang='lat' dir='ltr'><strong>praedicari:</strong></span> <span class='ocrx_word' id='word_1_482' title='bbox 2469 3203 2562 3263; x_wconf 91' lang='lat' dir='ltr'><strong>his</strong></span> <span class='ocrx_word' id='word_1_483' title='bbox 2585 3211 2783 3264; x_wconf 90' lang='lat' dir='ltr'><strong>autem</strong></span> <span class='ocrx_word' id='word_1_484' title='bbox 2814 3202 2913 3282; x_wconf 90' lang='lat' dir='ltr'><strong>qui</strong></span> <span class='ocrx_word' id='word_1_485' title='bbox 2947 3203 3291 3282; x_wconf 84' lang='lat' dir='ltr'><strong>profundius</strong></span> <span class='ocrx_word' id='word_1_486' title='bbox 3317 3211 3594 3263; x_wconf 90' lang='lat' dir='ltr'><strong>scrutan-</strong></span> 
     </span>
    </p>
   </div>
   <div class='ocr_carea' id='block_1_66' title="bbox 215 3290 1866 3375">
    <p class='ocr_par' dir='ltr' id='par_1_66' title="bbox 215 3292 1854 3375">
     <span class='ocr_line' id='line_1_66' title="bbox 215 3292 1854 3375; baseline 0.005 -29"><span class='ocrx_word' id='word_1_487' title='bbox 215 3293 298 3363; x_wconf 86' lang='grc' dir='ltr'><strong>τὸ,</strong></span> <span class='ocrx_word' id='word_1_488' title='bbox 360 3292 702 3354; x_wconf 84' lang='grc' dir='ltr'>Ἀποδεκατῶ</span> <span class='ocrx_word' id='word_1_489' title='bbox 743 3296 841 3353; x_wconf 79' lang='grc' dir='ltr'><strong>ὅσα</strong></span> <span class='ocrx_word' id='word_1_490' title='bbox 885 3304 1095 3372; x_wconf 82' lang='grc' dir='ltr'>κτῶμαι</span> <span class='ocrx_word' id='word_1_491' title='bbox 1131 3315 1144 3327; x_wconf 93' lang='grc'><strong>·</strong></span> <span class='ocrx_word' id='word_1_492' title='bbox 1208 3305 1456 3356; x_wconf 79' lang='grc' dir='ltr'>τοσοῦτον</span> <span class='ocrx_word' id='word_1_493' title='bbox 1499 3299 1618 3374; x_wconf 83' lang='grc' dir='ltr'>γὰρ,</span> <span class='ocrx_word' id='word_1_494' title='bbox 1676 3298 1854 3375; x_wconf 77' lang='grc' dir='ltr'>φησὶν,</span> 
     </span>
    </p>
   </div>
   <div class='ocr_carea' id='block_1_67' title="bbox 1949 3290 3593 3375">
    <p class='ocr_par' dir='ltr' id='par_1_67' title="bbox 1949 3290 3593 3371">
     <span class='ocr_line' id='line_1_67' title="bbox 1949 3290 3593 3371; baseline 0.001 -21"><span class='ocrx_word' id='word_1_495' title='bbox 1949 3298 2057 3363; x_wconf 86' lang='lat' dir='ltr'><strong>tur,</strong></span> <span class='ocrx_word' id='word_1_496' title='bbox 2093 3300 2416 3352; x_wconf 87' lang='lat' dir='ltr'><strong>occurrunt</strong></span> <span class='ocrx_word' id='word_1_497' title='bbox 2450 3300 2570 3352; x_wconf 89' lang='lat' dir='ltr'><strong>tres</strong></span> <span class='ocrx_word' id='word_1_498' title='bbox 2595 3290 2961 3352; x_wconf 86' lang='lat' dir='ltr'><strong>decimarum</strong></span> <span class='ocrx_word' id='word_1_499' title='bbox 2996 3292 3291 3365; x_wconf 86' lang='lat' dir='ltr'><strong>dationes,</strong></span> <span class='ocrx_word' id='word_1_500' title='bbox 3318 3308 3465 3371; x_wconf 89' lang='lat' dir='ltr'><strong>quas</strong></span> <span class='ocrx_word' id='word_1_501' title='bbox 3495 3290 3593 3351; x_wconf 85' lang='lat' dir='ltr'><strong>iu-</strong></span> 
     </span>
    </p>
   </div>
   <div class='ocr_carea' id='block_1_68' title="bbox 214 3377 1866 3464">
    <p class='ocr_par' dir='ltr' id='par_1_68' title="bbox 214 3380 1860 3464">
     <span class='ocr_line' id='line_1_68' title="bbox 214 3380 1860 3464; baseline 0.004 -30"><span class='ocrx_word' id='word_1_502' title='bbox 214 3380 546 3459; x_wconf 80' lang='grc' dir='ltr'>ἐναντιοῦμαι</span> <span class='ocrx_word' id='word_1_503' title='bbox 598 3391 665 3462; x_wconf 78' lang='grc' dir='ltr'><strong>τῇ</strong></span> <span class='ocrx_word' id='word_1_504' title='bbox 726 3387 965 3464; x_wconf 75' lang='grc' dir='ltr'>ἁρπαγῇ,</span> <span class='ocrx_word' id='word_1_505' title='bbox 1028 3388 1114 3442; x_wconf 87' lang='grc' dir='ltr'>καὶ</span> <span class='ocrx_word' id='word_1_506' title='bbox 1184 3385 1379 3460; x_wconf 77' lang='grc' dir='ltr'>ἀδικίᾳ,</span> <span class='ocrx_word' id='word_1_507' title='bbox 1441 3386 1577 3443; x_wconf 80' lang='grc' dir='ltr'>ὥστε</span> <span class='ocrx_word' id='word_1_508' title='bbox 1647 3387 1733 3441; x_wconf 86' lang='grc' dir='ltr'>καὶ</span> <span class='ocrx_word' id='word_1_509' title='bbox 1795 3387 1860 3440; x_wconf 75' lang='grc' dir='ltr'><strong>τὰ</strong></span> 
     </span>
    </p>
   </div>
   <div class='ocr_carea' id='block_1_69' title="bbox 1949 3377 3593 3464">
    <p class='ocr_par' dir='ltr' id='par_1_69' title="bbox 1949 3377 3593 3459">
     <span class='ocr_line' id='line_1_69' title="bbox 1949 3377 3593 3459; baseline -0.001 -20"><span class='ocrx_word' id='word_1_510' title='bbox 1949 3379 2203 3443; x_wconf 84' lang='lat' dir='ltr'><strong>troducit</strong></span> <span class='ocrx_word' id='word_1_511' title='bbox 2232 3380 2294 3441; x_wconf 92' lang='lat' dir='ltr'><strong>id</strong></span> <span class='ocrx_word' id='word_1_512' title='bbox 2328 3380 2483 3459; x_wconf 91' lang='lat' dir='ltr'><strong>quod</strong></span> <span class='ocrx_word' id='word_1_513' title='bbox 2519 3398 2590 3440; x_wconf 86' lang='lat' dir='ltr'><strong>ex</strong></span> <span class='ocrx_word' id='word_1_514' title='bbox 2620 3379 3084 3441; x_wconf 89' lang='lat' dir='ltr'><strong>Deuteronomio</strong></span> <span class='ocrx_word' id='word_1_515' title='bbox 3116 3380 3337 3452; x_wconf 86' lang='lat' dir='ltr'><strong>disces,</strong></span> <span class='ocrx_word' id='word_1_516' title='bbox 3372 3377 3422 3439; x_wconf 91' lang='lat' dir='ltr'><strong>si</strong></span> <span class='ocrx_word' id='word_1_517' title='bbox 3451 3378 3593 3439; x_wconf 92' lang='lat' dir='ltr'><strong>dili-</strong></span> 
     </span>
    </p>
   </div>
   <div class='ocr_carea' id='block_1_70' title="bbox 212 3467 1866 3553">
    <p class='ocr_par' dir='ltr' id='par_1_70' title="bbox 212 3468 1861 3553">
     <span class='ocr_line' id='line_1_70' title="bbox 212 3468 1861 3553; baseline 0.002 -28"><span class='ocrx_word' id='word_1_518' title='bbox 212 3470 436 3544; x_wconf 80' lang='grc' dir='ltr'>ἐμαυτοῦ</span> <span class='ocrx_word' id='word_1_519' title='bbox 505 3473 851 3553; x_wconf 84' lang='grc' dir='ltr'>προσδίδωμι.</span> <span class='ocrx_word' id='word_1_520' title='bbox 940 3468 1002 3532; x_wconf 71' lang='grc' dir='ltr'><strong>Ἠ</strong></span> <span class='ocrx_word' id='word_1_521' title='bbox 1083 3475 1137 3532; x_wconf 81' lang='grc' dir='ltr'>δὲ</span> <span class='ocrx_word' id='word_1_522' title='bbox 1213 3474 1499 3539; x_wconf 87' lang='grc' dir='ltr'>δεκάτωσις</span> <span class='ocrx_word' id='word_1_523' title='bbox 1558 3473 1707 3532; x_wconf 80' lang='grc' dir='ltr'>δοκεῖ</span> <span class='ocrx_word' id='word_1_524' title='bbox 1764 3475 1861 3548; x_wconf 86' lang='grc' dir='ltr'><strong>μέν</strong></span> 
     </span>
    </p>
   </div>
   <div class='ocr_carea' id='block_1_71' title="bbox 1949 3467 3611 3553">
    <p class='ocr_par' dir='ltr' id='par_1_71' title="bbox 1949 3467 3611 3551">
     <span class='ocr_line' id='line_1_71' title="bbox 1949 3467 3611 3551; baseline -0.001 -22"><span class='ocrx_word' id='word_1_525' title='bbox 1949 3477 2154 3546; x_wconf 83' lang='lat' dir='ltr'><strong>genter</strong></span> <span class='ocrx_word' id='word_1_526' title='bbox 2203 3470 2510 3531; x_wconf 89' lang='lat' dir='ltr'><strong>intuearis.</strong></span> <span class='ocrx_word' id='word_1_527' title='bbox 2559 3468 2629 3528; x_wconf 84' lang='lat' dir='ltr'><strong>Et</strong></span> <span class='ocrx_word' id='word_1_528' title='bbox 2676 3469 2802 3529; x_wconf 60' lang='lat' dir='ltr'><strong>haec</strong></span> <span class='ocrx_word' id='word_1_529' title='bbox 2841 3467 3081 3551; x_wconf 84' lang='lat' dir='ltr'><strong>quidem</strong></span> <span class='ocrx_word' id='word_1_530' title='bbox 3135 3468 3488 3530; x_wconf 72' lang='lat' dir='ltr'><strong>Pharisaaus.</strong></span> <span class='ocrx_word' id='word_1_531' title='bbox 3526 3468 3611 3543; x_wconf 12' lang='lat' dir='ltr'><strong>At,</strong></span> 
     </span>
    </p>
   </div>
   <div class='ocr_carea' id='block_1_72' title="bbox 211 3560 1856 3644">
    <p class='ocr_par' dir='ltr' id='par_1_72' title="bbox 211 3560 1856 3644">
     <span class='ocr_line' id='line_1_72' title="bbox 211 3560 1856 3644; baseline 0.003 -30"><span class='ocrx_word' id='word_1_532' title='bbox 211 3560 339 3617; x_wconf 85' lang='grc' dir='ltr'>τίσιν</span> <span class='ocrx_word' id='word_1_533' title='bbox 386 3561 574 3626; x_wconf 81' lang='grc' dir='ltr'>ἅπλῶς</span> <span class='ocrx_word' id='word_1_534' title='bbox 606 3566 694 3621; x_wconf 83' lang='grc' dir='ltr'><strong>καί</strong></span> <span class='ocrx_word' id='word_1_535' title='bbox 751 3564 887 3630; x_wconf 77' lang='grc' dir='ltr'>ἅπαξ</span> <span class='ocrx_word' id='word_1_536' title='bbox 945 3567 1087 3644; x_wconf 80' lang='grc' dir='ltr'>παρὰ</span> <span class='ocrx_word' id='word_1_537' title='bbox 1137 3566 1228 3621; x_wconf 80' lang='lat'><strong>106</strong></span> <span class='ocrx_word' id='word_1_538' title='bbox 1254 3566 1417 3640; x_wconf 88' lang='grc' dir='ltr'>νόμου</span> <span class='ocrx_word' id='word_1_539' title='bbox 1446 3562 1856 3643; x_wconf 86' lang='grc' dir='ltr'>διαγορεύεσθαι,</span> 
     </span>
    </p>
   </div>
   <div class='ocr_carea' id='block_1_73' title="bbox 209 3650 1858 3734">
    <p class='ocr_par' dir='ltr' id='par_1_73' title="bbox 209 3650 1858 3734">
     <span class='ocr_line' id='line_1_73' title="bbox 209 3650 1858 3734; baseline 0.002 -28"><span class='ocrx_word' id='word_1_540' title='bbox 209 3664 325 3713; x_wconf 72' lang='grc' dir='ltr'>τοῖς</span> <span class='ocrx_word' id='word_1_541' title='bbox 396 3650 451 3708; x_wconf 79' lang='grc' dir='ltr'>δὲ</span> <span class='ocrx_word' id='word_1_542' title='bbox 508 3654 707 3730; x_wconf 82' lang='grc' dir='ltr'>βαθέως</span> <span class='ocrx_word' id='word_1_543' title='bbox 788 3655 1066 3734; x_wconf 78' lang='grc' dir='ltr'>ἐρευνῶσιν</span> <span class='ocrx_word' id='word_1_544' title='bbox 1133 3657 1312 3729; x_wconf 76' lang='grc' dir='ltr'>αὐτὸν,</span> <span class='ocrx_word' id='word_1_545' title='bbox 1370 3654 1660 3734; x_wconf 75' lang='grc' dir='ltr'>εὑρίσκεται</span> <span class='ocrx_word' id='word_1_546' title='bbox 1716 3668 1858 3731; x_wconf 79' lang='grc' dir='ltr'>τρεῖς</span> 
     </span>
    </p>
   </div>
   <div class='ocr_carea' id='block_1_74' title="bbox 208 3737 1858 3825">
    <p class='ocr_par' dir='ltr' id='par_1_74' title="bbox 208 3737 1858 3825">
     <span class='ocr_line' id='line_1_74' title="bbox 208 3737 1858 3825; baseline 0.002 -30"><span class='ocrx_word' id='word_1_547' title='bbox 208 3737 501 3807; x_wconf 87' lang='grc' dir='ltr'>δεκατώσις</span> <span class='ocrx_word' id='word_1_548' title='bbox 563 3745 965 3825; x_wconf 69' lang='grc' dir='ltr'>εἰσηγούμενος,</span> <span class='ocrx_word' id='word_1_549' title='bbox 1026 3746 1115 3801; x_wconf 87' lang='grc' dir='ltr'><strong>καὶ</strong></span> <span class='ocrx_word' id='word_1_550' title='bbox 1173 3752 1330 3801; x_wconf 77' lang='grc' dir='ltr'>τοῦτο</span> <span class='ocrx_word' id='word_1_551' title='bbox 1374 3743 1433 3800; x_wconf 87' lang='grc' dir='ltr'><strong>ἐκ</strong></span> <span class='ocrx_word' id='word_1_552' title='bbox 1480 3751 1572 3800; x_wconf 84' lang='grc' dir='ltr'>τοῦ</span> <span class='ocrx_word' id='word_1_553' title='bbox 1604 3752 1858 3817; x_wconf 77' lang='grc' dir='ltr'>Δεύτερο-</span> 
     </span>
    </p>
   </div>
   <div class='ocr_carea' id='block_1_75' title="bbox 208 3832 1861 3912">
    <p class='ocr_par' dir='ltr' id='par_1_75' title="bbox 208 3832 1861 3912">
     <span class='ocr_line' id='line_1_75' title="bbox 208 3832 1861 3912; baseline 0.001 -27"><span class='ocrx_word' id='word_1_554' title='bbox 208 3832 389 3903; x_wconf 82' lang='grc' dir='ltr'>νομίου</span> <span class='ocrx_word' id='word_1_555' title='bbox 435 3835 653 3910; x_wconf 75' lang='grc' dir='ltr'>μαθήσῃ</span> <span class='ocrx_word' id='word_1_556' title='bbox 700 3832 953 3912; x_wconf 80' lang='grc' dir='ltr'>ακριϐῶς,</span> <span class='ocrx_word' id='word_1_557' title='bbox 1005 3833 1299 3904; x_wconf 73' lang='grc' dir='ltr'>ἐπιστήσας</span> <span class='ocrx_word' id='word_1_558' title='bbox 1343 3835 1434 3890; x_wconf 86' lang='grc' dir='ltr'>τὸν</span> <span class='ocrx_word' id='word_1_559' title='bbox 1476 3840 1619 3889; x_wconf 84' lang='grc' dir='ltr'><strong>νοῦν’</strong></span> <span class='ocrx_word' id='word_1_560' title='bbox 1686 3840 1861 3890; x_wconf 82' lang='grc' dir='ltr'>Καῦτα</span> 
     </span>
    </p>
   </div>
   <div class='ocr_carea' id='block_1_76' title="bbox 204 3921 1862 4003">
    <p class='ocr_par' dir='ltr' id='par_1_76' title="bbox 204 3921 1862 4003">
     <span class='ocr_line' id='line_1_76' title="bbox 204 3921 1862 4003; baseline 0.001 -28"><span class='ocrx_word' id='word_1_561' title='bbox 204 3921 302 3993; x_wconf 84' lang='grc' dir='ltr'>μὲν</span> <span class='ocrx_word' id='word_1_562' title='bbox 352 3923 443 3980; x_wconf 81' lang='grc' dir='ltr'><strong>οὖν</strong></span> <span class='ocrx_word' id='word_1_563' title='bbox 501 3926 529 3979; x_wconf 84' lang='grc' dir='ltr'>ὁ</span> <span class='ocrx_word' id='word_1_564' title='bbox 586 3930 879 4003; x_wconf 79' lang='grc' dir='ltr'>Φαρισαῖος</span> <span class='ocrx_word' id='word_1_565' title='bbox 911 3942 929 3962; x_wconf 79' lang='grc'><strong><em>⁸</em></strong></span> <span class='ocrx_word' id='word_1_566' title='bbox 962 3923 991 3980; x_wconf 77' lang='grc' dir='ltr'>ὅ</span> <span class='ocrx_word' id='word_1_567' title='bbox 1021 3922 1075 3980; x_wconf 83' lang='grc' dir='ltr'>δὲ</span> <span class='ocrx_word' id='word_1_568' title='bbox 1132 3922 1370 3989; x_wconf 80' lang='grc' dir='ltr'>τελώνης</span> <span class='ocrx_word' id='word_1_569' title='bbox 1400 3922 1573 3979; x_wconf 81' lang='grc' dir='ltr'>πάντα</span> <span class='ocrx_word' id='word_1_570' title='bbox 1612 3922 1678 3977; x_wconf 81' lang='grc' dir='ltr'><strong>τὰ</strong></span> <span class='ocrx_word' id='word_1_571' title='bbox 1706 3921 1862 3977; x_wconf 81' lang='grc' dir='ltr'>ἐναν-</span> 
     </span>
    </p>
   </div>
   <div class='ocr_carea' id='block_1_77' title="bbox 202 4011 1854 4092">
    <p class='ocr_par' dir='ltr' id='par_1_77' title="bbox 202 4011 1854 4092">
     <span class='ocr_line' id='line_1_77' title="bbox 202 4011 1854 4092; baseline 0 -27"><span class='ocrx_word' id='word_1_572' title='bbox 202 4012 308 4073; x_wconf 84' lang='grc' dir='ltr'>τία,</span> <span class='ocrx_word' id='word_1_573' title='bbox 368 4015 647 4088; x_wconf 85' lang='grc' dir='ltr'>Μακρόθεν</span> <span class='ocrx_word' id='word_1_574' title='bbox 700 4013 800 4092; x_wconf 82' lang='grc' dir='ltr'><strong>γὰρ</strong></span> <span class='ocrx_word' id='word_1_575' title='bbox 852 4012 1041 4070; x_wconf 76' lang='grc' dir='ltr'>ἵστανο</span> <span class='ocrx_word' id='word_1_576' title='bbox 1083 4014 1172 4069; x_wconf 85' lang='grc' dir='ltr'>καὶ</span> <span class='ocrx_word' id='word_1_577' title='bbox 1201 4013 1469 4090; x_wconf 75' lang='grc' dir='ltr'>σχήματι,</span> <span class='ocrx_word' id='word_1_578' title='bbox 1521 4012 1608 4067; x_wconf 88' lang='grc' dir='ltr'><strong>καὶ</strong></span> <span class='ocrx_word' id='word_1_579' title='bbox 1637 4011 1854 4088; x_wconf 70' lang='grc' dir='ltr'>ῥήματι,</span> 
     </span>
    </p>
   </div>
   <div class='ocr_carea' id='block_1_78' title="bbox 1946 3554 3592 3637">
    <p class='ocr_par' dir='ltr' id='par_1_78' title="bbox 1946 3554 3592 3637">
     <span class='ocr_line' id='line_1_78' title="bbox 1946 3554 3592 3637; baseline 0 -20"><span class='ocrx_word' id='word_1_580' title='bbox 1946 3557 2298 3637; x_wconf 90' lang='lat' dir='ltr'><strong>publicanus</strong></span> <span class='ocrx_word' id='word_1_581' title='bbox 2320 3558 2578 3618; x_wconf 85' lang='lat' dir='ltr'><strong>diversa.</strong></span> <span class='ocrx_word' id='word_1_582' title='bbox 2602 3559 2800 3635; x_wconf 89' lang='lat' dir='ltr'><strong>Longe</strong></span> <span class='ocrx_word' id='word_1_583' title='bbox 2824 3556 2981 3617; x_wconf 91' lang='lat' dir='ltr'><strong>enim</strong></span> <span class='ocrx_word' id='word_1_584' title='bbox 3002 3555 3283 3630; x_wconf 88' lang='lat' dir='ltr'><strong>stabat,et</strong></span> <span class='ocrx_word' id='word_1_585' title='bbox 3303 3554 3592 3631; x_wconf 88' lang='lat' dir='ltr'><strong>gestibus,</strong></span> 
     </span>
    </p>
   </div>
   <div class='ocr_carea' id='block_1_79' title="bbox 1944 3644 3594 3725">
    <p class='ocr_par' dir='ltr' id='par_1_79' title="bbox 1944 3644 3594 3725">
     <span class='ocr_line' id='line_1_79' title="bbox 1944 3644 3594 3725; baseline -0.001 -19"><span class='ocrx_word' id='word_1_586' title='bbox 1944 3655 2003 3706; x_wconf 87' lang='lat' dir='ltr'><strong>et</strong></span> <span class='ocrx_word' id='word_1_587' title='bbox 2033 3664 2333 3721; x_wconf 88' lang='lat' dir='ltr'><strong>sermone,</strong></span> <span class='ocrx_word' id='word_1_588' title='bbox 2371 3657 2427 3707; x_wconf 88' lang='lat' dir='ltr'><strong>et</strong></span> <span class='ocrx_word' id='word_1_589' title='bbox 2477 3645 2936 3725; x_wconf 89' lang='lat' dir='ltr'><strong>compunctione</strong></span> <span class='ocrx_word' id='word_1_590' title='bbox 2986 3645 3186 3706; x_wconf 82' lang='lat' dir='ltr'><strong>cordis</strong></span> <span class='ocrx_word' id='word_1_591' title='bbox 3234 3644 3491 3705; x_wconf 88' lang='lat' dir='ltr'><strong>distabat</strong></span> <span class='ocrx_word' id='word_1_592' title='bbox 3520 3644 3594 3704; x_wconf 90' lang='lat' dir='ltr'><strong>ab</strong></span> 
     </span>
    </p>
   </div>
   <div class='ocr_carea' id='block_1_80' title="bbox 1946 3733 3594 3811">
    <p class='ocr_par' dir='ltr' id='par_1_80' title="bbox 1946 3733 3594 3811">
     <span class='ocr_line' id='line_1_80' title="bbox 1946 3733 3594 3811; baseline 0.001 -18"><span class='ocrx_word' id='word_1_593' title='bbox 1946 3735 2071 3811; x_wconf 91' lang='lat' dir='ltr'><strong>illo,</strong></span> <span class='ocrx_word' id='word_1_594' title='bbox 2104 3754 2223 3796; x_wconf 93' lang='lat' dir='ltr'><strong>non</strong></span> <span class='ocrx_word' id='word_1_595' title='bbox 2261 3744 2485 3797; x_wconf 87' lang='lat' dir='ltr'><strong>tantum</strong></span> <span class='ocrx_word' id='word_1_596' title='bbox 2536 3736 2666 3796; x_wconf 87' lang='lat' dir='ltr'><strong>loco</strong></span> <span class='ocrx_word' id='word_1_597' title='bbox 2696 3755 2711 3809; x_wconf 84' lang='lat'><strong>;</strong></span> <span class='ocrx_word' id='word_1_598' title='bbox 2745 3733 3058 3795; x_wconf 85' lang='lat' dir='ltr'><strong>verebatur</strong></span> <span class='ocrx_word' id='word_1_599' title='bbox 3100 3733 3260 3794; x_wconf 88' lang='lat' dir='ltr'><strong>enim</strong></span> <span class='ocrx_word' id='word_1_600' title='bbox 3291 3733 3498 3794; x_wconf 90' lang='lat' dir='ltr'><strong>oculos</strong></span> <span class='ocrx_word' id='word_1_601' title='bbox 3532 3734 3594 3794; x_wconf 91' lang='lat' dir='ltr'><strong>in</strong></span> 
     </span>
    </p>
   </div>
   <div class='ocr_carea' id='block_1_81' title="bbox 1944 3822 3592 3903">
    <p class='ocr_par' dir='ltr' id='par_1_81' title="bbox 1944 3822 3592 3903">
     <span class='ocr_line' id='line_1_81' title="bbox 1944 3822 3592 3903; baseline -0.002 -18"><span class='ocrx_word' id='word_1_602' title='bbox 1944 3825 2159 3886; x_wconf 63' lang='lat' dir='ltr'><strong>caelum</strong></span> <span class='ocrx_word' id='word_1_603' title='bbox 2212 3825 2508 3899; x_wconf 86' lang='lat' dir='ltr'><strong>attollere,</strong></span> <span class='ocrx_word' id='word_1_604' title='bbox 2569 3824 2847 3902; x_wconf 88' lang='lat' dir='ltr'><strong>imlignos</strong></span> <span class='ocrx_word' id='word_1_605' title='bbox 2890 3823 3169 3901; x_wconf 92' lang='lat' dir='ltr'><strong>judicans</strong></span> <span class='ocrx_word' id='word_1_606' title='bbox 3211 3822 3312 3903; x_wconf 86' lang='lat' dir='ltr'><strong>qui</strong></span> <span class='ocrx_word' id='word_1_607' title='bbox 3357 3840 3592 3883; x_wconf 86' lang='lat' dir='ltr'><strong>sursum</strong></span> 
     </span>
    </p>
   </div>
   <div class='ocr_carea' id='block_1_82' title="bbox 1944 3910 3599 3994">
    <p class='ocr_par' dir='ltr' id='par_1_82' title="bbox 1944 3910 3599 3994">
     <span class='ocr_line' id='line_1_82' title="bbox 1944 3910 3599 3994; baseline -0.001 -22"><span class='ocrx_word' id='word_1_608' title='bbox 1944 3923 2308 3994; x_wconf 83' lang='lat' dir='ltr'><strong>spectarent,</strong></span> <span class='ocrx_word' id='word_1_609' title='bbox 2339 3916 2436 3994; x_wconf 93' lang='lat' dir='ltr'><strong>qui</strong></span> <span class='ocrx_word' id='word_1_610' title='bbox 2472 3913 2784 3974; x_wconf 77' lang='lat' dir='ltr'><strong>voluerunt</strong></span> <span class='ocrx_word' id='word_1_611' title='bbox 2814 3912 3016 3973; x_wconf 91' lang='lat' dir='ltr'><strong>videre</strong></span> <span class='ocrx_word' id='word_1_612' title='bbox 3049 3910 3207 3973; x_wconf 89' lang='lat' dir='ltr'><strong>bona</strong></span> <span class='ocrx_word' id='word_1_613' title='bbox 3242 3927 3503 3985; x_wconf 86' lang='lat' dir='ltr'><strong>terrena,</strong></span> <span class='ocrx_word' id='word_1_614' title='bbox 3538 3918 3599 3971; x_wconf 92' lang='lat' dir='ltr'><strong>et</strong></span> 
     </span>
    </p>
   </div>
   <div class='ocr_carea' id='block_1_83' title="bbox 1942 3999 3595 4083">
    <p class='ocr_par' dir='ltr' id='par_1_83' title="bbox 1942 3999 3595 4083">
     <span class='ocr_line' id='line_1_83' title="bbox 1942 3999 3595 4083; baseline -0.004 -19"><span class='ocrx_word' id='word_1_615' title='bbox 1942 4002 2062 4065; x_wconf 91' lang='lat' dir='ltr'><strong>illis</strong></span> <span class='ocrx_word' id='word_1_616' title='bbox 2082 4003 2222 4067; x_wconf 81' lang='lat' dir='ltr'><strong>frui.</strong></span> <span class='ocrx_word' id='word_1_617' title='bbox 2265 4002 2334 4064; x_wconf 86' lang='lat' dir='ltr'><strong>Et</strong></span> <span class='ocrx_word' id='word_1_618' title='bbox 2365 4002 2659 4083; x_wconf 89' lang='lat' dir='ltr'><strong>percussit</strong></span> <span class='ocrx_word' id='word_1_619' title='bbox 2690 4011 2894 4083; x_wconf 89' lang='lat' dir='ltr'><strong>pectus</strong></span> <span class='ocrx_word' id='word_1_620' title='bbox 2925 4020 3121 4080; x_wconf 91' lang='lat' dir='ltr'><strong>suum,</strong></span> <span class='ocrx_word' id='word_1_621' title='bbox 3160 4019 3264 4062; x_wconf 89' lang='lat' dir='ltr'><strong>cor</strong></span> <span class='ocrx_word' id='word_1_622' title='bbox 3294 3999 3595 4073; x_wconf 86' lang='lat' dir='ltr'><strong>videlicet,</strong></span> 
     </span>
    </p>
   </div>
   <div class='ocr_carea' id='block_1_84' title="bbox 201 4086 1866 4179">
    <p class='ocr_par' dir='ltr' id='par_1_84' title="bbox 201 4099 1859 4179">
     <span class='ocr_line' id='line_1_84' title="bbox 201 4099 1859 4179; baseline -0.001 -25"><span class='ocrx_word' id='word_1_623' title='bbox 201 4102 286 4155; x_wconf 83' lang='grc' dir='ltr'><strong>καὶ</strong></span> <span class='ocrx_word' id='word_1_624' title='bbox 346 4099 628 4167; x_wconf 80' lang='grc' dir='ltr'>κατανύξει</span> <span class='ocrx_word' id='word_1_625' title='bbox 678 4100 889 4179; x_wconf 88' lang='grc' dir='ltr'>καρδίας</span> <span class='ocrx_word' id='word_1_626' title='bbox 942 4099 1199 4177; x_wconf 79' lang='grc' dir='ltr'>πάμπολυ</span> <span class='ocrx_word' id='word_1_627' title='bbox 1246 4099 1471 4179; x_wconf 81' lang='grc' dir='ltr'>ἀπέχων</span> <span class='ocrx_word' id='word_1_628' title='bbox 1535 4099 1714 4174; x_wconf 73' lang='grc' dir='ltr'>αὐτοῦ,</span> <span class='ocrx_word' id='word_1_629' title='bbox 1774 4114 1859 4155; x_wconf 82' lang='grc' dir='ltr'><strong>και</strong></span> 
     </span>
    </p>
   </div>
   <div class='ocr_carea' id='block_1_85' title="bbox 1949 4086 3597 4179">
    <p class='ocr_par' dir='ltr' id='par_1_85' title="bbox 1949 4086 3597 4179">
     <span class='ocr_line' id='line_1_85' title="bbox 1949 4086 3597 4179; baseline -0.002 -26"><span class='ocrx_word' id='word_1_630' title='bbox 1949 4099 2185 4174; x_wconf 76' lang='lat' dir='ltr'><strong>prbpter</strong></span> <span class='ocrx_word' id='word_1_631' title='bbox 2221 4091 2405 4153; x_wconf 87' lang='lat' dir='ltr'><strong>malas</strong></span> <span class='ocrx_word' id='word_1_632' title='bbox 2436 4090 2849 4179; x_wconf 75' lang='lat' dir='ltr'><strong>cogitationes,</strong></span> <span class='ocrx_word' id='word_1_633' title='bbox 2885 4098 2942 4151; x_wconf 90' lang='lat' dir='ltr'><strong>et</strong></span> <span class='ocrx_word' id='word_1_634' title='bbox 2964 4097 3026 4150; x_wconf 91' lang='lat' dir='ltr'><strong>ut</strong></span> <span class='ocrx_word' id='word_1_635' title='bbox 3061 4090 3276 4179; x_wconf 68' lang='lat' dir='ltr'><strong>excitet</strong></span> <span class='ocrx_word' id='word_1_636' title='bbox 3304 4086 3597 4179; x_wconf 85' lang='lat' dir='ltr'><strong>qquob-</strong></span> 
     </span>
    </p>
   </div>
   <div class='ocr_carea' id='block_1_86' title="bbox 201 4177 1866 4269">
    <p class='ocr_par' dir='ltr' id='par_1_86' title="bbox 201 4177 1857 4269">
     <span class='ocr_line' id='line_1_86' title="bbox 201 4177 1857 4269; baseline 0 -24"><span class='ocrx_word' id='word_1_637' title='bbox 201 4188 259 4245; x_wconf 75' lang='grc' dir='ltr'>οὒ</span> <span class='ocrx_word' id='word_1_638' title='bbox 316 4192 472 4265; x_wconf 87' lang='grc' dir='ltr'>μόνῳ</span> <span class='ocrx_word' id='word_1_639' title='bbox 506 4196 583 4265; x_wconf 82' lang='grc' dir='ltr'>τῷ</span> <span class='ocrx_word' id='word_1_640' title='bbox 612 4177 818 4265; x_wconf 78' lang='grc' dir='ltr'>τοπικῷ</span> <span class='ocrx_word' id='word_1_641' title='bbox 860 4191 1179 4266; x_wconf 76' lang='grc' dir='ltr'>διαστήματι</span> <span class='ocrx_word' id='word_1_642' title='bbox 1215 4207 1228 4221; x_wconf 80' lang='grc'><strong>⁸</strong></span> <span class='ocrx_word' id='word_1_643' title='bbox 1278 4177 1399 4251; x_wconf 66' lang='grc' dir='ltr'>τούς</span> <span class='ocrx_word' id='word_1_644' title='bbox 1443 4210 1500 4244; x_wconf 88' lang='grc' dir='ltr'><strong>τε</strong></span> <span class='ocrx_word' id='word_1_645' title='bbox 1530 4190 1629 4268; x_wconf 85' lang='grc' dir='ltr'><strong>γὰρ</strong></span> <span class='ocrx_word' id='word_1_646' title='bbox 1657 4187 1857 4269; x_wconf 76' lang='grc' dir='ltr'>ὀφθαλ-</span> 
     </span>
    </p>
   </div>
   <div class='ocr_carea' id='block_1_87' title="bbox 1949 4177 3598 4269">
    <p class='ocr_par' dir='ltr' id='par_1_87' title="bbox 1949 4177 3598 4269">
     <span class='ocr_line' id='line_1_87' title="bbox 1949 4177 3598 4269; baseline -0.004 -26"><span class='ocrx_word' id='word_1_647' title='bbox 1949 4181 2620 4251; x_wconf 83' lang='lat' dir='ltr'><strong>dormierat,nihilaliud</strong></span> <span class='ocrx_word' id='word_1_648' title='bbox 2644 4177 3294 4269; x_wconf 68' lang='lat' dir='ltr'><strong>dicebat,quam:De_us,</strong></span> <span class='ocrx_word' id='word_1_649' title='bbox 3304 4177 3598 4269; x_wconf 78' lang='lat' dir='ltr'><strong>propitius</strong></span> 
     </span>
    </p>
   </div>
   <div class='ocr_carea' id='block_1_88' title="bbox 200 4266 1866 4358">
    <p class='ocr_par' dir='ltr' id='par_1_88' title="bbox 200 4266 1857 4358">
     <span class='ocr_line' id='line_1_88' title="bbox 200 4266 1857 4358; baseline -0.001 -24"><span class='ocrx_word' id='word_1_650' title='bbox 200 4279 331 4352; x_wconf 84' lang='grc' dir='ltr'>μοὺς</span> <span class='ocrx_word' id='word_1_651' title='bbox 383 4278 577 4355; x_wconf 78' lang='grc' dir='ltr'>ᾐδεῖτο</span> <span class='ocrx_word' id='word_1_652' title='bbox 620 4281 692 4345; x_wconf 87' lang='grc' dir='ltr'><strong>εἰς</strong></span> <span class='ocrx_word' id='word_1_653' title='bbox 736 4282 827 4337; x_wconf 81' lang='grc' dir='ltr'>τὸν</span> <span class='ocrx_word' id='word_1_654' title='bbox 872 4280 1091 4358; x_wconf 74' lang='grc' dir='ltr'>οὐρανὸν</span> <span class='ocrx_word' id='word_1_655' title='bbox 1136 4279 1278 4357; x_wconf 82' lang='grc' dir='ltr'>ἆραι,</span> <span class='ocrx_word' id='word_1_656' title='bbox 1312 4276 1548 4343; x_wconf 81' lang='grc' dir='ltr'>ἆναξίους</span> <span class='ocrx_word' id='word_1_657' title='bbox 1599 4266 1711 4344; x_wconf 81' lang='grc' dir='ltr'>τῆς</span> <span class='ocrx_word' id='word_1_658' title='bbox 1755 4280 1857 4333; x_wconf 87' lang='grc' dir='ltr'><strong>τῶν</strong></span> 
     </span>
    </p>
   </div>
   <div class='ocr_carea' id='block_1_89' title="bbox 1949 4266 3598 4358">
    <p class='ocr_par' dir='ltr' id='par_1_89' title="bbox 1949 4266 3598 4358">
     <span class='ocr_line' id='line_1_89' title="bbox 1949 4266 3598 4358; baseline -0.005 -25"><span class='ocrx_word' id='word_1_659' title='bbox 1949 4281 2069 4333; x_wconf 91' lang='lat' dir='ltr'><strong>esto</strong></span> <span class='ocrx_word' id='word_1_660' title='bbox 2094 4269 2240 4330; x_wconf 86' lang='lat' dir='ltr'><strong>mihi</strong></span> <span class='ocrx_word' id='word_1_661' title='bbox 2265 4270 2588 4358; x_wconf 86' lang='lat' dir='ltr'><strong>peccatori.</strong></span> <span class='ocrx_word' id='word_1_662' title='bbox 2617 4271 2869 4348; x_wconf 88' lang='lat' dir='ltr'><strong>Propter</strong></span> <span class='ocrx_word' id='word_1_663' title='bbox 2898 4267 3025 4328; x_wconf 66' lang='lat' dir='ltr'><strong>haec</strong></span> <span class='ocrx_word' id='word_1_664' title='bbox 3044 4267 3251 4358; x_wconf 84' lang='lat' dir='ltr'><strong>omnia</strong></span> <span class='ocrx_word' id='word_1_665' title='bbox 3286 4266 3598 4358; x_wconf 73' lang='lat' dir='ltr'><strong>descendit</strong></span> 
     </span>
    </p>
   </div>
   <div class='ocr_carea' id='block_1_90' title="bbox 199 4350 1866 4449">
    <p class='ocr_par' dir='ltr' id='par_1_90' title="bbox 199 4350 1857 4449">
     <span class='ocr_line' id='line_1_90' title="bbox 199 4350 1857 4449; baseline -0.001 -27"><span class='ocrx_word' id='word_1_666' title='bbox 199 4350 309 4424; x_wconf 71' lang='grc' dir='ltr'><strong>άνω</strong></span> <span class='ocrx_word' id='word_1_667' title='bbox 370 4350 497 4433; x_wconf 79' lang='grc' dir='ltr'>θέας</span> <span class='ocrx_word' id='word_1_668' title='bbox 552 4370 741 4449; x_wconf 89' lang='grc' dir='ltr'>κρίνων</span> <span class='ocrx_word' id='word_1_669' title='bbox 798 4350 945 4434; x_wconf 37' lang='grc' dir='ltr'>τοὺς.</span> <span class='ocrx_word' id='word_1_670' title='bbox 981 4370 1048 4426; x_wconf 80' lang='grc' dir='ltr'>τὰ</span> <span class='ocrx_word' id='word_1_671' title='bbox 1089 4368 1186 4436; x_wconf 73' lang='grc' dir='ltr'><strong>τῆς</strong></span> <span class='ocrx_word' id='word_1_672' title='bbox 1249 4350 1350 4445; x_wconf 68' lang='grc' dir='ltr'>γῆς</span> <span class='ocrx_word' id='word_1_673' title='bbox 1393 4366 1564 4444; x_wconf 78' lang='grc' dir='ltr'>ἀγαθὰ</span> <span class='ocrx_word' id='word_1_674' title='bbox 1619 4365 1857 4447; x_wconf 87' lang='grc' dir='ltr'>βλέπειν,</span> 
     </span>
    </p>
   </div>
   <div class='ocr_carea' id='block_1_91' title="bbox 1949 4350 3595 4449">
    <p class='ocr_par' dir='ltr' id='par_1_91' title="bbox 1949 4350 3595 4449">
     <span class='ocr_line' id='line_1_91' title="bbox 1949 4350 3595 4449; baseline -0.005 -29"><span class='ocrx_word' id='word_1_675' title='bbox 1949 4359 2295 4440; x_wconf 80' lang='lat' dir='ltr'><strong>iustiﬁcatus</strong></span> <span class='ocrx_word' id='word_1_676' title='bbox 2318 4358 2378 4417; x_wconf 92' lang='lat' dir='ltr'><strong>in</strong></span> <span class='ocrx_word' id='word_1_677' title='bbox 2412 4357 2653 4419; x_wconf 88' lang='lat' dir='ltr'><strong>domum</strong></span> <span class='ocrx_word' id='word_1_678' title='bbox 2683 4375 2874 4431; x_wconf 88' lang='lat' dir='ltr'><strong>suam,</strong></span> <span class='ocrx_word' id='word_1_679' title='bbox 2907 4355 3090 4433; x_wconf 87' lang='lat' dir='ltr'><strong>magis</strong></span> <span class='ocrx_word' id='word_1_680' title='bbox 3113 4372 3284 4435; x_wconf 89' lang='lat' dir='ltr'><strong>quam</strong></span> <span class='ocrx_word' id='word_1_681' title='bbox 3319 4354 3440 4449; x_wconf 82' lang='lat' dir='ltr'><strong>ille.</strong></span> <span class='ocrx_word' id='word_1_682' title='bbox 3471 4350 3595 4413; x_wconf 88' lang='lat' dir='ltr'><strong>Im-</strong></span> 
     </span>
    </p>
   </div>
   <div class='ocr_carea' id='block_1_92' title="bbox 196 4441 1866 4537">
    <p class='ocr_par' dir='ltr' id='par_1_92' title="bbox 196 4441 1863 4537">
     <span class='ocr_line' id='line_1_92' title="bbox 196 4441 1863 4537; baseline -0.001 -24"><span class='ocrx_word' id='word_1_683' title='bbox 196 4478 284 4513; x_wconf 85' lang='grc' dir='ltr'><strong>και</strong></span> <span class='ocrx_word' id='word_1_684' title='bbox 310 4441 644 4537; x_wconf 76' lang='grc' dir='ltr'>καρποῦσθαι</span> <span class='ocrx_word' id='word_1_685' title='bbox 698 4457 1048 4529; x_wconf 76' lang='grc' dir='ltr'>θελήσαντας.</span> <span class='ocrx_word' id='word_1_686' title='bbox 1111 4458 1207 4520; x_wconf 79' lang='grc' dir='ltr'>Εἴς</span> <span class='ocrx_word' id='word_1_687' title='bbox 1264 4441 1322 4513; x_wconf 78' lang='grc' dir='ltr'><strong>τε</strong></span> <span class='ocrx_word' id='word_1_688' title='bbox 1354 4457 1415 4511; x_wconf 83' lang='grc' dir='ltr'>τὸ</span> <span class='ocrx_word' id='word_1_689' title='bbox 1444 4441 1635 4523; x_wconf 75' lang='grc' dir='ltr'>στῆθος</span> <span class='ocrx_word' id='word_1_690' title='bbox 1680 4441 1863 4513; x_wconf 74' lang='grc' dir='ltr'>ἐαυτοού</span> 
     </span>
    </p>
   </div>
   <div class='ocr_carea' id='block_1_93' title="bbox 1949 4441 3595 4537">
    <p class='ocr_par' dir='ltr' id='par_1_93' title="bbox 1949 4441 3595 4537">
     <span class='ocr_line' id='line_1_93' title="bbox 1949 4441 3595 4537; baseline -0.005 -29"><span class='ocrx_word' id='word_1_691' title='bbox 1949 4448 2206 4509; x_wconf 88' lang='lat' dir='ltr'><strong>mundus</strong></span> <span class='ocrx_word' id='word_1_692' title='bbox 2232 4446 2390 4508; x_wconf 91' lang='lat' dir='ltr'><strong>enim</strong></span> <span class='ocrx_word' id='word_1_693' title='bbox 2419 4444 2572 4526; x_wconf 83' lang='lat' dir='ltr'><strong>apud</strong></span> <span class='ocrx_word' id='word_1_694' title='bbox 2596 4444 2916 4509; x_wconf 91' lang='lat' dir='ltr'><strong>Dominum</strong></span> <span class='ocrx_word' id='word_1_695' title='bbox 2939 4443 3136 4503; x_wconf 85' lang='lat' dir='ltr'><strong>omnis</strong></span> <span class='ocrx_word' id='word_1_696' title='bbox 3157 4441 3449 4537; x_wconf 79' lang='lat' dir='ltr'><strong>superbus</strong></span> <span class='ocrx_word' id='word_1_697' title='bbox 3470 4458 3595 4501; x_wconf 83' lang='lat' dir='ltr'><strong>cor-</strong></span> 
     </span>
    </p>
   </div>
   <div class='ocr_carea' id='block_1_94' title="bbox 198 4529 1866 4630">
    <p class='ocr_par' dir='ltr' id='par_1_94' title="bbox 198 4545 1865 4630">
     <span class='ocr_line' id='line_1_94' title="bbox 198 4545 1865 4630; baseline 0 -27"><span class='ocrx_word' id='word_1_698' title='bbox 198 4545 446 4626; x_wconf 67' lang='grc' dir='ltr'>ἔτυπτεν,</span> <span class='ocrx_word' id='word_1_699' title='bbox 505 4550 605 4616; x_wconf 81' lang='grc' dir='ltr'>τὴν</span> <span class='ocrx_word' id='word_1_700' title='bbox 660 4549 875 4630; x_wconf 83' lang='grc' dir='ltr'>καρδίαν</span> <span class='ocrx_word' id='word_1_701' title='bbox 923 4550 1080 4605; x_wconf 81' lang='grc' dir='ltr'>οἱονεὶ</span> <span class='ocrx_word' id='word_1_702' title='bbox 1132 4546 1389 4618; x_wconf 75' lang='grc' dir='ltr'>πλήσσων</span> <span class='ocrx_word' id='word_1_703' title='bbox 1452 4546 1581 4625; x_wconf 75' lang='grc' dir='ltr'>ὑπὲρ</span> <span class='ocrx_word' id='word_1_704' title='bbox 1609 4553 1714 4602; x_wconf 88' lang='grc' dir='ltr'><strong>τῶν</strong></span> <span class='ocrx_word' id='word_1_705' title='bbox 1766 4570 1865 4603; x_wconf 85' lang='grc' dir='ltr'>πο-</span> 
     </span>
    </p>
   </div>
   <div class='ocr_carea' id='block_1_95' title="bbox 1949 4529 3593 4630">
    <p class='ocr_par' dir='ltr' id='par_1_95' title="bbox 1949 4529 3593 4630">
     <span class='ocr_line' id='line_1_95' title="bbox 1949 4529 3593 4630; baseline -0.005 -31"><span class='ocrx_word' id='word_1_706' title='bbox 1949 4540 2047 4617; x_wconf 83' lang='lat' dir='ltr'><strong>dc,</strong></span> <span class='ocrx_word' id='word_1_707' title='bbox 2082 4546 2141 4597; x_wconf 90' lang='lat' dir='ltr'><strong>et</strong></span> <span class='ocrx_word' id='word_1_708' title='bbox 2169 4534 2450 4597; x_wconf 90' lang='lat' dir='ltr'><strong>Dominus</strong></span> <span class='ocrx_word' id='word_1_709' title='bbox 2468 4532 2745 4613; x_wconf 86' lang='lat' dir='ltr'><strong>superbis</strong></span> <span class='ocrx_word' id='word_1_710' title='bbox 2775 4532 3018 4630; x_wconf 70' lang='lat' dir='ltr'><strong>resistit,</strong></span> <span class='ocrx_word' id='word_1_711' title='bbox 3050 4529 3373 4630; x_wconf 76' lang='lat' dir='ltr'><strong>humilibus</strong></span> <span class='ocrx_word' id='word_1_712' title='bbox 3396 4537 3593 4630; x_wconf 70' lang='lat' dir='ltr'><strong>autem</strong></span> 
     </span>
    </p>
   </div>
   <div class='ocr_carea' id='block_1_96' title="bbox 198 4618 1866 4719">
    <p class='ocr_par' dir='ltr' id='par_1_96' title="bbox 198 4618 1866 4719">
     <span class='ocr_line' id='line_1_96' title="bbox 198 4618 1866 4719; baseline -0.001 -26"><span class='ocrx_word' id='word_1_713' title='bbox 198 4648 377 4719; x_wconf 87' lang='grc' dir='ltr'>νηρῶν</span> <span class='ocrx_word' id='word_1_714' title='bbox 426 4618 843 4717; x_wconf 45' lang='grc' dir='ltr'>’βουλευμάτωη</span> <span class='ocrx_word' id='word_1_715' title='bbox 903 4640 991 4694; x_wconf 87' lang='grc' dir='ltr'><strong>καὶ</strong></span> <span class='ocrx_word' id='word_1_716' title='bbox 1035 4639 1107 4700; x_wconf 84' lang='grc' dir='ltr'><strong>εἰς</strong></span> <span class='ocrx_word' id='word_1_717' title='bbox 1161 4635 1412 4702; x_wconf 77' lang='grc' dir='ltr'>αἴσθησιν</span> <span class='ocrx_word' id='word_1_718' title='bbox 1438 4618 1739 4719; x_wconf 32' lang='grc' dir='ltr'>’διεγείρων</span> <span class='ocrx_word' id='word_1_719' title='bbox 1771 4637 1866 4692; x_wconf 79' lang='grc' dir='ltr'>οἶα</span> 
     </span>
    </p>
   </div>
   <div class='ocr_carea' id='block_1_97' title="bbox 1949 4618 3593 4719">
    <p class='ocr_par' dir='ltr' id='par_1_97' title="bbox 1950 4618 3593 4719">
     <span class='ocr_line' id='line_1_97' title="bbox 1950 4618 3593 4719; baseline -0.003 -34"><span class='ocrx_word' id='word_1_720' title='bbox 1950 4628 2050 4687; x_wconf 83' lang='lat' dir='ltr'><strong>dat</strong></span> <span class='ocrx_word' id='word_1_721' title='bbox 2075 4625 2326 4705; x_wconf 83' lang='lat' dir='ltr'><strong>gratiam</strong></span> <span class='ocrx_word' id='word_1_722' title='bbox 2345 4621 2659 4685; x_wconf 84' lang='lat' dir='ltr'><strong>9|.Verum</strong></span> <span class='ocrx_word' id='word_1_723' title='bbox 2686 4620 3076 4719; x_wconf 83' lang='lat' dir='ltr'><strong>admirabitur</strong></span> <span class='ocrx_word' id='word_1_724' title='bbox 3106 4619 3261 4700; x_wconf 89' lang='lat' dir='ltr'><strong>quis,</strong></span> <span class='ocrx_word' id='word_1_725' title='bbox 3296 4618 3593 4717; x_wconf 78' lang='lat' dir='ltr'><strong>quomodo</strong></span> 
     </span>
    </p>
   </div>
   <div class='ocr_carea' id='block_1_98' title="bbox 202 4709 1866 4805">
    <p class='ocr_par' dir='ltr' id='par_1_98' title="bbox 202 4715 1861 4805">
     <span class='ocr_line' id='line_1_98' title="bbox 202 4715 1861 4805; baseline -0.003 -21"><span class='ocrx_word' id='word_1_726' title='bbox 202 4729 578 4802; x_wconf 79' lang='grc' dir='ltr'>καθεύδουσαν,</span> <span class='ocrx_word' id='word_1_727' title='bbox 612 4730 702 4785; x_wconf 85' lang='grc' dir='ltr'><strong>καὶ</strong></span> <span class='ocrx_word' id='word_1_728' title='bbox 759 4726 903 4785; x_wconf 73' lang='grc' dir='ltr'>οὐδὲν</span> <span class='ocrx_word' id='word_1_729' title='bbox 935 4726 1067 4785; x_wconf 72' lang='grc' dir='ltr'>ἄλλο</span> <span class='ocrx_word' id='word_1_730' title='bbox 1096 4726 1299 4804; x_wconf 74' lang='grc' dir='ltr'>ἔλεγεν,</span> <span class='ocrx_word' id='word_1_731' title='bbox 1342 4724 1403 4805; x_wconf 75' lang='grc' dir='ltr'>ἢ,</span> <span class='ocrx_word' id='word_1_732' title='bbox 1437 4715 1495 4782; x_wconf 71' lang='grc' dir='ltr'>Ὀ</span> <span class='ocrx_word' id='word_1_733' title='bbox 1526 4726 1681 4804; x_wconf 83' lang='grc' dir='ltr'>Θεὸς,</span> <span class='ocrx_word' id='word_1_734' title='bbox 1741 4723 1861 4780; x_wconf 84' lang='grc' dir='ltr'>ἰλά-</span> 
     </span>
    </p>
   </div>
   <div class='ocr_carea' id='block_1_99' title="bbox 1949 4709 3594 4805">
    <p class='ocr_par' dir='ltr' id='par_1_99' title="bbox 1950 4709 3594 4791">
     <span class='ocr_line' id='line_1_99' title="bbox 1950 4709 3594 4791; baseline -0.005 -14"><span class='ocrx_word' id='word_1_735' title='bbox 1950 4713 2298 4788; x_wconf 72' lang='lat' dir='ltr'><strong>Pharisaeus,</strong></span> <span class='ocrx_word' id='word_1_736' title='bbox 2322 4731 2452 4775; x_wconf 90' lang='lat' dir='ltr'><strong>cum</strong></span> <span class='ocrx_word' id='word_1_737' title='bbox 2472 4729 2657 4791; x_wconf 88' lang='lat' dir='ltr'><strong>pauca</strong></span> <span class='ocrx_word' id='word_1_738' title='bbox 2675 4709 2851 4772; x_wconf 91' lang='lat' dir='ltr'><strong>verba</strong></span> <span class='ocrx_word' id='word_1_739' title='bbox 2872 4716 3216 4787; x_wconf 81' lang='lat' dir='ltr'><strong>arroganter</strong></span> <span class='ocrx_word' id='word_1_740' title='bbox 3245 4709 3594 4788; x_wconf 79' lang='lat' dir='ltr'><strong>pronuntia-</strong></span> 
     </span>
    </p>
   </div>
   <div class='ocr_carea' id='block_1_100' title="bbox 196 4812 1860 4897">
    <p class='ocr_par' dir='ltr' id='par_1_100' title="bbox 196 4812 1860 4897">
     <span class='ocr_line' id='line_1_100' title="bbox 196 4812 1860 4897; baseline -0.005 -22"><span class='ocrx_word' id='word_1_741' title='bbox 196 4819 352 4886; x_wconf 88' lang='grc' dir='ltr'>σθητί</span> <span class='ocrx_word' id='word_1_742' title='bbox 409 4839 506 4894; x_wconf 86' lang='grc' dir='ltr'><strong>μοι</strong></span> <span class='ocrx_word' id='word_1_743' title='bbox 566 4824 643 4892; x_wconf 84' lang='grc' dir='ltr'>τῷ</span> <span class='ocrx_word' id='word_1_744' title='bbox 694 4816 1019 4897; x_wconf 84' lang='grc' dir='ltr'>ἁμαρτωλῷ,</span> <span class='ocrx_word' id='word_1_745' title='bbox 1068 4817 1167 4874; x_wconf 82' lang='grc' dir='ltr'>Καὶ</span> <span class='ocrx_word' id='word_1_746' title='bbox 1229 4812 1313 4874; x_wconf 76' lang='grc' dir='ltr'>διὰ</span> <span class='ocrx_word' id='word_1_747' title='bbox 1360 4812 1558 4871; x_wconf 83' lang='grc' dir='ltr'>τούτων</span> <span class='ocrx_word' id='word_1_748' title='bbox 1613 4812 1860 4869; x_wconf 82' lang='grc' dir='ltr'>ἁπάντων</span> 
     </span>
    </p>
   </div>
   <div class='ocr_carea' id='block_1_101' title="bbox 198 4901 1859 4983">
    <p class='ocr_par' dir='ltr' id='par_1_101' title="bbox 198 4901 1859 4983">
     <span class='ocr_line' id='line_1_101' title="bbox 198 4901 1859 4983; baseline -0.002 -22"><span class='ocrx_word' id='word_1_749' title='bbox 198 4905 406 4975; x_wconf 74' lang='grc' dir='ltr'>κατέϐη</span> <span class='ocrx_word' id='word_1_750' title='bbox 469 4904 905 4983; x_wconf 86' lang='grc' dir='ltr'>δεδικαιωμένος,</span> <span class='ocrx_word' id='word_1_751' title='bbox 967 4907 1003 4973; x_wconf 77' lang='grc' dir='ltr'><strong>ἢ</strong></span> <span class='ocrx_word' id='word_1_752' title='bbox 1052 4905 1283 4978; x_wconf 79' lang='grc' dir='ltr'>ἐκεῖνος,</span> <span class='ocrx_word' id='word_1_753' title='bbox 1345 4904 1461 4959; x_wconf 80' lang='grc' dir='ltr'>ἀντὶ</span> <span class='ocrx_word' id='word_1_754' title='bbox 1502 4912 1615 4976; x_wconf 85' lang='lat'><strong>106,</strong></span> <span class='ocrx_word' id='word_1_755' title='bbox 1662 4901 1785 4981; x_wconf 87' lang='grc' dir='ltr'>παρ’</span> <span class='ocrx_word' id='word_1_756' title='bbox 1831 4903 1859 4958; x_wconf 85' lang='grc' dir='ltr'><strong>ὃ</strong></span> 
     </span>
    </p>
   </div>
   <div class='ocr_carea' id='block_1_102' title="bbox 197 4990 1856 5075">
    <p class='ocr_par' dir='ltr' id='par_1_102' title="bbox 197 4990 1856 5075">
     <span class='ocr_line' id='line_1_102' title="bbox 197 4990 1856 5075; baseline -0.004 -23"><span class='ocrx_word' id='word_1_757' title='bbox 197 4997 413 5061; x_wconf 75' lang='grc' dir='ltr'>ἐκεῖνος</span> <span class='ocrx_word' id='word_1_758' title='bbox 453 5012 466 5026; x_wconf 86' lang='grc'><strong><em>⁸</em></strong></span> <span class='ocrx_word' id='word_1_759' title='bbox 510 4994 828 5075; x_wconf 81' lang='grc' dir='ltr'>’Λκάθαρτος</span> <span class='ocrx_word' id='word_1_760' title='bbox 879 4996 979 5075; x_wconf 80' lang='grc' dir='ltr'>γὰρ</span> <span class='ocrx_word' id='word_1_761' title='bbox 1036 4995 1178 5074; x_wconf 80' lang='grc' dir='ltr'>παρὰ</span> <span class='ocrx_word' id='word_1_762' title='bbox 1209 4994 1380 5071; x_wconf 74' lang='grc' dir='ltr'>Κυρίῳ</span> <span class='ocrx_word' id='word_1_763' title='bbox 1408 5000 1511 5057; x_wconf 87' lang='grc' dir='ltr'><strong>πᾶς</strong></span> <span class='ocrx_word' id='word_1_764' title='bbox 1554 4990 1856 5069; x_wconf 74' lang='grc' dir='ltr'>ὑψελοκάρ-</span> 
     </span>
    </p>
   </div>
   <div class='ocr_carea' id='block_1_103' title="bbox 198 5084 1859 5165">
    <p class='ocr_par' dir='ltr' id='par_1_103' title="bbox 198 5084 1859 5165">
     <span class='ocr_line' id='line_1_103' title="bbox 198 5084 1859 5165; baseline -0.004 -23"><span class='ocrx_word' id='word_1_765' title='bbox 198 5084 333 5153; x_wconf 86' lang='grc' dir='ltr'>διος,</span> <span class='ocrx_word' id='word_1_766' title='bbox 391 5088 483 5143; x_wconf 87' lang='grc' dir='ltr'>καὶ</span> <span class='ocrx_word' id='word_1_767' title='bbox 545 5088 727 5165; x_wconf 79' lang='grc' dir='ltr'>Κύριος</span> <span class='ocrx_word' id='word_1_768' title='bbox 772 5084 1127 5164; x_wconf 72' lang='grc' dir='ltr'>ὑπερηφάνοις</span> <span class='ocrx_word' id='word_1_769' title='bbox 1160 5084 1551 5157; x_wconf 79' lang='grc' dir='ltr'>ἂντιτάσσεται,</span> <span class='ocrx_word' id='word_1_770' title='bbox 1585 5093 1859 5145; x_wconf 77' lang='grc' dir='ltr'>ταπεινοῖς</span> 
     </span>
    </p>
   </div>
   <div class='ocr_carea' id='block_1_104' title="bbox 199 5170 1860 5256">
    <p class='ocr_par' dir='ltr' id='par_1_104' title="bbox 199 5170 1860 5256">
     <span class='ocr_line' id='line_1_104' title="bbox 199 5170 1860 5256; baseline -0.004 -25"><span class='ocrx_word' id='word_1_771' title='bbox 199 5174 256 5232; x_wconf 75' lang='grc' dir='ltr'>δὲ</span> <span class='ocrx_word' id='word_1_772' title='bbox 302 5176 488 5234; x_wconf 86' lang='grc' dir='ltr'>δίδωσι</span> <span class='ocrx_word' id='word_1_773' title='bbox 546 5178 729 5256; x_wconf 87' lang='grc' dir='ltr'>χάριν.</span> <span class='ocrx_word' id='word_1_774' title='bbox 789 5173 954 5232; x_wconf 79' lang='grc' dir='ltr'>Ἀλλὰ</span> <span class='ocrx_word' id='word_1_775' title='bbox 982 5174 1299 5249; x_wconf 87' lang='grc' dir='ltr'>θαυμάσειεν</span> <span class='ocrx_word' id='word_1_776' title='bbox 1324 5172 1388 5228; x_wconf 80' lang='grc' dir='ltr'>ἅν</span> <span class='ocrx_word' id='word_1_777' title='bbox 1418 5195 1522 5252; x_wconf 86' lang='grc' dir='ltr'>τις,</span> <span class='ocrx_word' id='word_1_778' title='bbox 1555 5178 1670 5234; x_wconf 89' lang='grc' dir='ltr'><strong>πῶς</strong></span> <span class='ocrx_word' id='word_1_779' title='bbox 1703 5172 1731 5226; x_wconf 88' lang='grc' dir='ltr'>ὁ</span> <span class='ocrx_word' id='word_1_780' title='bbox 1763 5170 1860 5245; x_wconf 80' lang='grc' dir='ltr'>μὲν</span> 
     </span>
    </p>
   </div>
   <div class='ocr_carea' id='block_1_105' title="bbox 202 5260 1860 5345">
    <p class='ocr_par' dir='ltr' id='par_1_105' title="bbox 202 5260 1860 5345">
     <span class='ocr_line' id='line_1_105' title="bbox 202 5260 1860 5345; baseline -0.004 -25"><span class='ocrx_word' id='word_1_781' title='bbox 202 5274 507 5345; x_wconf 73' lang='grc' dir='ltr'>Φαρισαῖος</span> <span class='ocrx_word' id='word_1_782' title='bbox 565 5266 719 5343; x_wconf 77' lang='grc' dir='ltr'>ὀλίγα</span> <span class='ocrx_word' id='word_1_783' title='bbox 774 5264 987 5341; x_wconf 73' lang='grc' dir='ltr'>ῥήματα</span> <span class='ocrx_word' id='word_1_784' title='bbox 1037 5261 1501 5342; x_wconf 74' lang='grc' dir='ltr'>μεγαλοφροσύνης</span> <span class='ocrx_word' id='word_1_785' title='bbox 1541 5260 1860 5340; x_wconf 81' lang='grc' dir='ltr'>προϊέμενος</span> 
     </span>
    </p>
   </div>
   <div class='ocr_carea' id='block_1_106' title="bbox 201 5349 1858 5436">
    <p class='ocr_par' dir='ltr' id='par_1_106' title="bbox 201 5349 1858 5436">
     <span class='ocr_line' id='line_1_106' title="bbox 201 5349 1858 5436; baseline -0.005 -23"><span class='ocrx_word' id='word_1_786' title='bbox 201 5358 603 5436; x_wconf 81' lang='grc' dir='ltr'>κατακρίνεται,</span> <span class='ocrx_word' id='word_1_787' title='bbox 667 5358 695 5411; x_wconf 83' lang='grc' dir='ltr'>ὁ</span> <span class='ocrx_word' id='word_1_788' title='bbox 744 5352 798 5409; x_wconf 80' lang='grc' dir='ltr'>δὲ</span> <span class='ocrx_word' id='word_1_789' title='bbox 824 5351 976 5436; x_wconf 24' lang='grc' dir='ltr'>ηἰὼϐ</span> <span class='ocrx_word' id='word_1_790' title='bbox 1029 5351 1322 5428; x_wconf 85' lang='grc' dir='ltr'>πάμπολλα</span> <span class='ocrx_word' id='word_1_791' title='bbox 1375 5349 1858 5429; x_wconf 79' lang='grc' dir='ltr'>μεγαλοῤῥημονή-</span> 
     </span>
    </p>
   </div>
   <div class='ocr_carea' id='block_1_107' title="bbox 202 5433 1859 5521">
    <p class='ocr_par' dir='ltr' id='par_1_107' title="bbox 202 5433 1859 5521">
     <span class='ocr_line' id='line_1_107' title="bbox 202 5433 1859 5521; baseline -0.003 -21"><span class='ocrx_word' id='word_1_792' title='bbox 202 5466 302 5509; x_wconf 86' lang='grc' dir='ltr'><strong>σας</strong></span> <span class='ocrx_word' id='word_1_793' title='bbox 362 5433 755 5521; x_wconf 73' lang='grc' dir='ltr'>στεφανοῦται;</span> <span class='ocrx_word' id='word_1_794' title='bbox 818 5433 949 5499; x_wconf 71' lang='grc' dir='ltr'>’Ὁτι</span> <span class='ocrx_word' id='word_1_795' title='bbox 1003 5464 1085 5498; x_wconf 90' lang='grc' dir='ltr'><strong>τοι</strong></span> <span class='ocrx_word' id='word_1_796' title='bbox 1117 5444 1146 5497; x_wconf 80' lang='grc' dir='ltr'>ὁ</span> <span class='ocrx_word' id='word_1_797' title='bbox 1190 5440 1287 5515; x_wconf 78' lang='grc' dir='ltr'>μὲν</span> <span class='ocrx_word' id='word_1_798' title='bbox 1328 5446 1623 5519; x_wconf 78' lang='grc' dir='ltr'>Φαρισαῖος</span> <span class='ocrx_word' id='word_1_799' title='bbox 1655 5437 1859 5502; x_wconf 78' lang='grc' dir='ltr'>οὐδενὸς</span> 
     </span>
    </p>
   </div>
   <div class='ocr_carea' id='block_1_108' title="bbox 204 5529 1858 5615">
    <p class='ocr_par' dir='ltr' id='par_1_108' title="bbox 204 5529 1858 5615">
     <span class='ocr_line' id='line_1_108' title="bbox 204 5529 1858 5615; baseline -0.005 -23"><span class='ocrx_word' id='word_1_800' title='bbox 204 5536 602 5615; x_wconf 80' lang='grc' dir='ltr'>ἀναγκάζοντος</span> <span class='ocrx_word' id='word_1_801' title='bbox 660 5533 852 5590; x_wconf 76' lang='grc' dir='ltr'>’ίστατο</span> <span class='ocrx_word' id='word_1_802' title='bbox 907 5538 1123 5589; x_wconf 84' lang='grc' dir='ltr'>τοιαῦτα</span> <span class='ocrx_word' id='word_1_803' title='bbox 1180 5530 1506 5607; x_wconf 80' lang='grc' dir='ltr'>ματαιάζων,</span> <span class='ocrx_word' id='word_1_804' title='bbox 1564 5529 1650 5585; x_wconf 80' lang='grc' dir='ltr'><strong>καὶ</strong></span> <span class='ocrx_word' id='word_1_805' title='bbox 1689 5549 1858 5585; x_wconf 87' lang='grc' dir='ltr'>κατα-</span> 
     </span>
    </p>
   </div>
   <div class='ocr_carea' id='block_1_109' title="bbox 285 5700 779 5784">
    <p class='ocr_par' dir='ltr' id='par_1_109' title="bbox 285 5700 779 5784">
     <span class='ocr_line' id='line_1_109' title="bbox 285 5700 779 5784; baseline 0.002 -19"><span class='ocrx_word' id='word_1_806' title='bbox 285 5703 344 5755; x_wconf 69' lang='grc' dir='ltr'>ῡί</span> <span class='ocrx_word' id='word_1_807' title='bbox 376 5701 404 5765; x_wconf 89' lang='grc' dir='ltr'>Ι</span> <span class='ocrx_word' id='word_1_808' title='bbox 435 5700 594 5767; x_wconf 84' lang='lat' dir='ltr'><strong>Petr.</strong></span> <span class='ocrx_word' id='word_1_809' title='bbox 626 5717 687 5784; x_wconf 74' lang='grc' dir='ltr'><strong>ν,</strong></span> <span class='ocrx_word' id='word_1_810' title='bbox 720 5702 779 5766; x_wconf 84' lang='grc'><strong>5.</strong></span> 
     </span>
    </p>
   </div>
   <div class='ocr_carea' id='block_1_110' title="bbox 1944 4796 3593 4884">
    <p class='ocr_par' dir='ltr' id='par_1_110' title="bbox 1944 4796 3593 4884">
     <span class='ocr_line' id='line_1_110' title="bbox 1944 4796 3593 4884; baseline -0.004 -21"><span class='ocrx_word' id='word_1_811' title='bbox 1944 4798 2697 4884; x_wconf 85' lang='lat' dir='ltr'><strong>vcrit,condemnetur;.lob</strong></span> <span class='ocrx_word' id='word_1_812' title='bbox 2717 4808 2913 4860; x_wconf 88' lang='lat' dir='ltr'><strong>autem</strong></span> <span class='ocrx_word' id='word_1_813' title='bbox 2938 4817 3072 4860; x_wconf 91' lang='lat' dir='ltr'><strong>cum</strong></span> <span class='ocrx_word' id='word_1_814' title='bbox 3099 4796 3282 4859; x_wconf 91' lang='lat' dir='ltr'><strong>multa</strong></span> <span class='ocrx_word' id='word_1_815' title='bbox 3300 4797 3374 4858; x_wconf 89' lang='lat' dir='ltr'><strong>de</strong></span> <span class='ocrx_word' id='word_1_816' title='bbox 3396 4814 3460 4857; x_wconf 87' lang='lat' dir='ltr'><strong>se</strong></span> <span class='ocrx_word' id='word_1_817' title='bbox 3474 4814 3593 4857; x_wconf 87' lang='lat' dir='ltr'><strong>ma-</strong></span> 
     </span>
    </p>
   </div>
   <div class='ocr_carea' id='block_1_111' title="bbox 1944 4884 3591 4974">
    <p class='ocr_par' dir='ltr' id='par_1_111' title="bbox 1944 4884 3591 4974">
     <span class='ocr_line' id='line_1_111' title="bbox 1944 4884 3591 4974; baseline -0.005 -20"><span class='ocrx_word' id='word_1_818' title='bbox 1944 4892 2155 4974; x_wconf 81' lang='lat' dir='ltr'><strong>gniﬁce</strong></span> <span class='ocrx_word' id='word_1_819' title='bbox 2179 4892 2355 4966; x_wconf 87' lang='lat' dir='ltr'><strong>dicat,</strong></span> <span class='ocrx_word' id='word_1_820' title='bbox 2381 4888 2754 4951; x_wconf 78' lang='lat' dir='ltr'><strong>coronetur?</strong></span> <span class='ocrx_word' id='word_1_821' title='bbox 2786 4886 2953 4960; x_wconf 84' lang='lat' dir='ltr'><strong>Quod</strong></span> <span class='ocrx_word' id='word_1_822' title='bbox 2991 4888 3325 4949; x_wconf 67' lang='lat' dir='ltr'><strong>Pharisaeus</strong></span> <span class='ocrx_word' id='word_1_823' title='bbox 3351 4884 3591 4965; x_wconf 90' lang='lat' dir='ltr'><strong>quidem</strong></span> 
     </span>
    </p>
   </div>
   <div class='ocr_carea' id='block_1_112' title="bbox 1945 4976 3593 5060">
    <p class='ocr_par' dir='ltr' id='par_1_112' title="bbox 1945 4976 3593 5060">
     <span class='ocr_line' id='line_1_112' title="bbox 1945 4976 3593 5060; baseline -0.005 -17"><span class='ocrx_word' id='word_1_824' title='bbox 1945 4982 2105 5044; x_wconf 73' lang='lat' dir='ltr'><strong>nullo</strong></span> <span class='ocrx_word' id='word_1_825' title='bbox 2129 4988 2378 5060; x_wconf 80' lang='lat' dir='ltr'><strong>cogente</strong></span> <span class='ocrx_word' id='word_1_826' title='bbox 2396 4985 2512 5040; x_wconf 88' lang='lat' dir='ltr'><strong>stat</strong></span> <span class='ocrx_word' id='word_1_827' title='bbox 2528 4979 2669 5040; x_wconf 87' lang='lat' dir='ltr'><strong>talia</strong></span> <span class='ocrx_word' id='word_1_828' title='bbox 2688 4985 3003 5054; x_wconf 83' lang='lat' dir='ltr'><strong>nugans,et</strong></span> <span class='ocrx_word' id='word_1_829' title='bbox 3023 4976 3169 5037; x_wconf 89' lang='lat' dir='ltr'><strong>alios</strong></span> <span class='ocrx_word' id='word_1_830' title='bbox 3184 4978 3335 5038; x_wconf 90' lang='lat' dir='ltr'><strong>cond</strong></span> <span class='ocrx_word' id='word_1_831' title='bbox 3346 4992 3593 5036; x_wconf 89' lang='lat' dir='ltr'><strong>emnans</strong></span> 
     </span>
    </p>
   </div>
   <div class='ocr_carea' id='block_1_113' title="bbox 1945 5064 3591 5147">
    <p class='ocr_par' dir='ltr' id='par_1_113' title="bbox 1945 5064 3591 5147">
     <span class='ocr_line' id='line_1_113' title="bbox 1945 5064 3591 5147; baseline -0.005 -14"><span class='ocrx_word' id='word_1_832' title='bbox 1945 5072 2108 5133; x_wconf 89' lang='lat' dir='ltr'><strong>nullo</strong></span> <span class='ocrx_word' id='word_1_833' title='bbox 2135 5089 2244 5132; x_wconf 90' lang='lat' dir='ltr'><strong>usu</strong></span> <span class='ocrx_word' id='word_1_834' title='bbox 2275 5076 2526 5147; x_wconf 88' lang='lat' dir='ltr'><strong>urgente</strong></span> <span class='ocrx_word' id='word_1_835' title='bbox 2553 5089 2565 5126; x_wconf 90' lang='lat'><strong>:</strong></span> <span class='ocrx_word' id='word_1_836' title='bbox 2604 5066 2711 5128; x_wconf 86' lang='lat' dir='ltr'><strong>Job</strong></span> <span class='ocrx_word' id='word_1_837' title='bbox 2744 5083 2886 5127; x_wconf 88' lang='lat' dir='ltr'><strong>vero</strong></span> <span class='ocrx_word' id='word_1_838' title='bbox 2916 5065 3326 5145; x_wconf 81' lang='lat' dir='ltr'><strong>prementibus</strong></span> <span class='ocrx_word' id='word_1_839' title='bbox 3361 5064 3591 5143; x_wconf 90' lang='lat' dir='ltr'><strong>amicis,</strong></span> 
     </span>
    </p>
   </div>
   <div class='ocr_carea' id='block_1_114' title="bbox 1944 5156 3590 5245">
    <p class='ocr_par' dir='ltr' id='par_1_114' title="bbox 1944 5156 3590 5245">
     <span class='ocr_line' id='line_1_114' title="bbox 1944 5156 3590 5245; baseline -0.007 -17"><span class='ocrx_word' id='word_1_840' title='bbox 1944 5176 2004 5228; x_wconf 91' lang='lat' dir='ltr'><strong>et</strong></span> <span class='ocrx_word' id='word_1_841' title='bbox 2025 5166 2259 5245; x_wconf 85' lang='lat' dir='ltr'><strong>gravius</strong></span> <span class='ocrx_word' id='word_1_842' title='bbox 2278 5159 2763 5224; x_wconf 88' lang='lat' dir='ltr'><strong>incumbentibus</strong></span> <span class='ocrx_word' id='word_1_843' title='bbox 2786 5178 2961 5240; x_wconf 89' lang='lat' dir='ltr'><strong>quam</strong></span> <span class='ocrx_word' id='word_1_844' title='bbox 2984 5158 3290 5220; x_wconf 89' lang='lat' dir='ltr'><strong>calamitas</strong></span> <span class='ocrx_word' id='word_1_845' title='bbox 3318 5157 3467 5237; x_wconf 90' lang='lat' dir='ltr'><strong>ipsa,</strong></span> <span class='ocrx_word' id='word_1_846' title='bbox 3493 5156 3590 5217; x_wconf 92' lang='lat' dir='ltr'><strong>di-</strong></span> 
     </span>
    </p>
   </div>
   <div class='ocr_carea' id='block_1_115' title="bbox 1945 5247 3589 5333">
    <p class='ocr_par' dir='ltr' id='par_1_115' title="bbox 1945 5247 3589 5333">
     <span class='ocr_line' id='line_1_115' title="bbox 1945 5247 3589 5333; baseline -0.007 -16"><span class='ocrx_word' id='word_1_847' title='bbox 1945 5255 2336 5333; x_wconf 84' lang='lat' dir='ltr'><strong>centibusque</strong></span> <span class='ocrx_word' id='word_1_848' title='bbox 2366 5250 2523 5332; x_wconf 82' lang='lat' dir='ltr'><strong>quod</strong></span> <span class='ocrx_word' id='word_1_849' title='bbox 2558 5258 2800 5330; x_wconf 89' lang='lat' dir='ltr'><strong>propter</strong></span> <span class='ocrx_word' id='word_1_850' title='bbox 2843 5255 3085 5329; x_wconf 91' lang='lat' dir='ltr'><strong>peccata</strong></span> <span class='ocrx_word' id='word_1_851' title='bbox 3130 5247 3229 5308; x_wconf 89' lang='lat' dir='ltr'><strong>illa</strong></span> <span class='ocrx_word' id='word_1_852' title='bbox 3258 5248 3331 5308; x_wconf 87' lang='lat' dir='ltr'><strong>sit</strong></span> <span class='ocrx_word' id='word_1_853' title='bbox 3361 5263 3589 5326; x_wconf 86' lang='lat' dir='ltr'><strong>passus,</strong></span> 
     </span>
    </p>
   </div>
   <div class='ocr_carea' id='block_1_116' title="bbox 1945 5336 3595 5419">
    <p class='ocr_par' dir='ltr' id='par_1_116' title="bbox 1945 5336 3595 5419">
     <span class='ocr_line' id='line_1_116' title="bbox 1945 5336 3595 5419; baseline -0.007 -12"><span class='ocrx_word' id='word_1_854' title='bbox 1945 5343 2288 5419; x_wconf 83' lang='lat' dir='ltr'><strong>compulsus</strong></span> <span class='ocrx_word' id='word_1_855' title='bbox 2312 5350 2400 5402; x_wconf 90' lang='lat' dir='ltr'><strong>est</strong></span> <span class='ocrx_word' id='word_1_856' title='bbox 2422 5356 2774 5401; x_wconf 88' lang='lat' dir='ltr'><strong>enumerare</strong></span> <span class='ocrx_word' id='word_1_857' title='bbox 2796 5356 2901 5399; x_wconf 90' lang='lat' dir='ltr'><strong>sua</strong></span> <span class='ocrx_word' id='word_1_858' title='bbox 2922 5354 3125 5418; x_wconf 89' lang='lat' dir='ltr'><strong>opera,</strong></span> <span class='ocrx_word' id='word_1_859' title='bbox 3153 5336 3330 5416; x_wconf 91' lang='lat' dir='ltr'><strong>idque</strong></span> <span class='ocrx_word' id='word_1_860' title='bbox 3352 5342 3595 5414; x_wconf 89' lang='lat' dir='ltr'><strong>propter</strong></span> 
     </span>
    </p>
   </div>
   <div class='ocr_carea' id='block_1_117' title="bbox 1943 5422 3589 5514">
    <p class='ocr_par' dir='ltr' id='par_1_117' title="bbox 1943 5422 3589 5514">
     <span class='ocr_line' id='line_1_117' title="bbox 1943 5422 3589 5514; baseline -0.007 -18"><span class='ocrx_word' id='word_1_861' title='bbox 1943 5433 2185 5514; x_wconf 87' lang='lat' dir='ltr'><strong>gloriam</strong></span> <span class='ocrx_word' id='word_1_862' title='bbox 2216 5431 2349 5511; x_wconf 89' lang='lat' dir='ltr'><strong>Dei,</strong></span> <span class='ocrx_word' id='word_1_863' title='bbox 2374 5447 2449 5490; x_wconf 90' lang='lat' dir='ltr'><strong>ne</strong></span> <span class='ocrx_word' id='word_1_864' title='bbox 2480 5427 2714 5489; x_wconf 79' lang='lat' dir='ltr'><strong>scilicet</strong></span> <span class='ocrx_word' id='word_1_865' title='bbox 2742 5426 3014 5488; x_wconf 90' lang='lat' dir='ltr'><strong>homines</strong></span> <span class='ocrx_word' id='word_1_866' title='bbox 3042 5444 3075 5487; x_wconf 87' lang='lat' dir='ltr'><strong>a</strong></span> <span class='ocrx_word' id='word_1_867' title='bbox 3106 5422 3589 5514; x_wconf 7' lang='lat' dir='ltr'><strong>rectojvirtutum</strong></span> 
     </span>
    </p>
   </div>
   <div class='ocr_carea' id='block_1_118' title="bbox 1944 5512 3593 5596">
    <p class='ocr_par' dir='ltr' id='par_1_118' title="bbox 1944 5512 3593 5596">
     <span class='ocr_line' id='line_1_118' title="bbox 1944 5512 3593 5596; baseline -0.007 -10"><span class='ocrx_word' id='word_1_868' title='bbox 1944 5512 2120 5587; x_wconf 81' lang='lat' dir='ltr'><strong>cursu</strong></span> <span class='ocrx_word' id='word_1_869' title='bbox 2138 5516 2660 5582; x_wconf 80' lang='lat' dir='ltr'><strong>exciderent.Nam</strong></span> <span class='ocrx_word' id='word_1_870' title='bbox 2684 5516 2735 5577; x_wconf 91' lang='lat' dir='ltr'><strong>si</strong></span> <span class='ocrx_word' id='word_1_871' title='bbox 2758 5533 3108 5596; x_wconf 87' lang='lat' dir='ltr'><strong>persuasum</strong></span> <span class='ocrx_word' id='word_1_872' title='bbox 3122 5512 3471 5578; x_wconf 74' lang='lat' dir='ltr'><strong>habuissent</strong></span> <span class='ocrx_word' id='word_1_873' title='bbox 3489 5512 3593 5575; x_wconf 81' lang='lat' dir='ltr'><strong>ho-</strong></span> 
     </span>
    </p>
   </div>
  </div>
