4184 6408
578 368 595 426 l
610 364 723 427 007

1539 350 2133 424 THEOPHYLACTI
2179 352 2588 417 BULGARIIE
2635 347 2988 416 ARCHIEP.

3810 344 3970 411 1008

576 495 764 554 mines
796 501 1031 572 peccata
1065 491 1244 552 fuisse
1276 510 1407 571 quae
1446 491 1669 551 fecerat
1699 489 1833 563 Job,
1873 498 1931 549 et
1980 502 2216 573 propter

2306 494 2492 568 κρίνων
2542 492 2772 565 ἑτέρους,
2835 486 3102 566 μηδεμιᾶς
3162 488 3344 567 χρείας
3400 486 3826 566 καταπειγούσης
3859 503 3875 521 ⁸
3946 486 3976 540 ὀ

570 584 673 645 illa
701 600 966 663 passum,
991 582 1286 643 cavissent
1312 599 1385 641 ne
1420 580 1627 640 eadem
1654 579 1941 653 facerent,
1970 582 2226 662 factique

571 675 822 733 fuissent
853 670 1151 750 hospitum
1191 688 1394 731 osores
1426 686 1560 729 cum
1597 677 1769 729 antea
1807 669 2227 749 hospitalitatis

571 762 952 822 observantes
985 768 1211 834 essent,
1246 758 1755 818 immisericordes
1780 766 1836 818 et
1858 757 2061 837 injusti
2086 779 2219 822 cum

572 849 1043 910 misericordiam
1061 857 1117 908 et
1124 848 1408 927 justitiam
1427 858 1598 909 antea
1613 849 1898 910 colerent.
1911 849 2045 911 Haec
2060 851 2218 912 enim

571 948 739 1001 erant
754 957 932 1018 opera
949 938 1271 1016 Jongitur
1284 956 1357 997 ne
1374 937 1697 997 multiinde
1715 936 2225 1001 incnmmodaren-

570 1028 824 1106 tur,ejus
844 1028 1213 1105 gratia,bona
1235 1044 1414 1106 opera
1442 1025 1850 1088 enumerat.Et
1873 1046 2065 1088 causa;
2088 1028 2221 1108 qui-

569 1117 821 1177 demJob
838 1116 988 1177 tales
1002 1117 1268 1191 fuere,ut
1287 1134 1358 1177 ne
1373 1116 1641 1175 dicamus
1659 1116 1816 1192 quod
1837 1123 1893 1176 et
1909 1116 1969 1176 in
1990 1116 2080 1176 his
2096 1134 2227 1196 quae

569 1207 1145 1286 grandiloquentiam
1171 1206 1485 1286 quamdam
1510 1207 1951 1279 sonant,omnis
1970 1208 2225 1285 refulget

570 1294 1040 1367 humilitasQuis
1065 1295 1206 1355 mihi
1227 1294 1741 1374 tribuat,inquit,ut
1764 1296 2223 1375 simjuxtamen-

569 1406 665 1446 ses
697 1386 927 1445 dierum
963 1385 1370 1463 pristinorum,
1419 1384 1653 1463 quando
1685 1384 1840 1445 Deus
1893 1403 1987 1445 me
2020 1394 2219 1446 custo-

569 1472 1058 1551 diebatW‘Wides
1086 1472 1241 1552 quod
1275 1492 1450 1533 omne
1481 1476 1603 1535 Deo
1630 1473 1864 1533 obtuler
1892 1483 2051 1553 t,nec
2074 1473 2222 1534 alios

569 1561 1060 1634 condemnet,sed
1078 1561 1204 1641 ipse
1224 1561 1296 1621 ab
1312 1562 1517 1622 amicis
1544 1562 1734 1641 potius
1758 1562 2215 1626 condemnetur.

572 1656 865 1715 Pharisaeo
897 1651 1096 1713 omnia
1125 1652 1184 1711 in
1220 1670 1307 1728 se,
1353 1661 1412 1712 et
1445 1671 1562 1712 non
1596 1653 1654 1712 iu
1686 1652 1873 1713 Deum
1907 1651 2218 1732 referenti,

2309 580 2363 637 δὲ
2419 579 2542 638 Ἰὼϐ
2613 586 2719 636 τῶν
2764 579 2926 659 φίλων
2971 577 3377 657 ἀποπνιγόντων
3422 579 3600 650 αὐτὸν,
3643 579 3731 634 καὶ
3776 598 3971 657 φορτι-

2308 672 2537 750 κώτερον
2595 675 2694 736 τῆς
2766 676 3031 749 συμφορᾶς
3124 666 3495 748 ἐπικειμένων,
3554 669 3641 723 καὶ
3700 665 3970 744 λεγόντων

2308 761 2389 816 ὅτι
2433 757 2477 815 δ’
2523 758 2781 838 ἁμαρτίας
2848 766 3014 815 ταῦτα
3074 759 3346 830 πεπόνθει,
3408 759 3715 836 ἠναγκάσθη
3768 757 3968 834 ἀπαριο

2307 852 2603 925 θμήσασθαι
2647 849 2713 905 τὰ
2773 849 2946 905 οἰκεῖα
3006 850 3416 927 κατορθώματα,
3490 847 3577 903 καὶ
3627 852 3778 902 τοῦτο
3835 845 3970 922 ὑπὲρ

2308 944 2403 1006 τῆς
2447 940 2586 999 θείας
2637 936 2815 1015 δόξης,
2864 939 2949 993 καὶ
2996 945 3086 993 τοῦ
3132 939 3209 1012 μὴ
3246 939 3538 1002 ἐκκοπῆναι
3567 937 3659 991 τὸν
3690 934 3775 990 ἐπ’
3804 934 3971 1013 ἀρετῇ

2308 1033 2413 1083 τῶν
2470 1027 2757 1104 ἀνθρώπων
2801 1023 3012 1103 δρόμον.
3091 1029 3147 1083 Εἰ
3191 1027 3291 1105 γὰρ
3348 1024 3859 1103 ἐπληροιρορήθησαν
3922 1024 3971 1077 οἱ

2310 1116 2592 1195 ἅνθρωποι,
2652 1114 2731 1171 ὅτι
2777 1115 3026 1193 ἁμαρτίαι
3056 1117 3194 1181 ἦσαν
3225 1116 3257 1169 ἂ
3287 1114 3450 1171 ἐποίει
3482 1117 3509 1170 6
3543 1110 3683 1183 Ἰώϐ,
3753 1114 3839 1169 καὶ
3898 1108 3967 1167 δι’

2311 1205 2491 1261 ἐκεῖνα
2550 1205 2777 1284 πάσχει,
2823 1204 3129 1283 ἀπέσχοντο
3160 1205 3223 1260 ἂν
3252 1204 3345 1260 τοῦ
3373 1205 3439 1259 τὰ
3469 1203 3600 1259 αὐτὰ
3642 1215 3846 1280 ποιεῖν,
3880 1203 3971 1257 καὶ

2307 1296 2476 1351 τοίνυν
2532 1294 2773 1371 ἐγένοντο
2823 1293 2885 1348 ἂν
2930 1292 3192 1371 μισόξενοι
3254 1294 3370 1350 ἀντὶ
3398 1291 3705 1373 φιλοξένων,
3737 1290 3967 1361 ἀνελεή-

2310 1406 2490 1461 μονες,
2552 1381 2721 1439 ἄδικοι
2780 1383 2893 1438 ἀντὶ
2966 1382 3271 1458 ἐλεημόνων
3332 1384 3421 1438 καὶ
3492 1379 3729 1443 δικαίων,
3790 1389 3969 1437 Ταῦτα

2308 1473 2408 1549 γὰρ
2449 1471 2583 1537 ἦσαν
2626 1478 2720 1526 τοῦ
2762 1467 2883 1526 Ἰὼϐ
2910 1472 2974 1526 τὰ
3019 1470 3168 1550 ἔργα.
3235 1461 3358 1526 “Iv:
3391 1469 3561 1526 τοίνυν
3606 1471 3682 1544 μὴ
3714 1466 3968 1545 βλαϐεῖεν

2304 1558 2513 1639 πολλοὶ,
2559 1560 2746 1615 τούτου
2789 1558 2942 1615 ἕνεκα
2996 1560 3376 1636 ἆπαριθμεῖται
3432 1560 3499 1614 τὰ
3554 1557 3965 1635 κατορθώματα.

2305 1655 2392 1723 Τῷ
2449 1649 2547 1723 μὲν
2592 1648 2679 1705 οὖν
2722 1645 2846 1704 Ἰὼϐ
2887 1651 3038 1704 αὗται
3085 1651 3135 1703 αἱ
3167 1648 3324 1704 αἰτίαι
3362 1665 3379 1683 ⁸
3440 1648 3533 1703 ἵνα
3576 1647 3654 1721 μὴ
3697 1646 3966 1724 λέγωμεν,

571 1751 628 1802 et
676 1743 897 1821 absque
949 1740 1305 1802 necessitate
1354 1741 1781 1803 condemnanti
1812 1741 1981 1822 alios,
2008 1740 2216 1803 merito

2306 1736 2387 1793 ὅτι
2445 1736 2499 1793 ἐν
2551 1742 2733 1799 αὖτοῖς
2763 1750 2883 1800 τοῖς
2915 1738 3118 1814 ῥήμασι
3150 1751 3264 1801 τοῖς
3311 1735 3520 1793 δοκοῦσι
3567 1734 3966 1814 μεγαληγορίας

570 1830 990 1892 condemnatio
1015 1827 1577 1892 ascribitur.0mnis
1598 1831 1754 1890 enim
1781 1830 1877 1910 qui
1898 1849 1961 1891 se
1984 1831 2218 1910 exaltat,

570 1918 1135 1991 humiliabitur,Deo
1156 1917 1322 1978 illum
1347 1918 1915 1997 condemnante:qui
1936 1928 2135 1980 autem
2160 1937 2222 1980 se

565 2007 2198 2086 condemnandohumiliat.exaltabituraDeojustiﬁcante

570 2098 675 2158 Dic
697 2098 876 2173 igitur
902 2106 959 2157 tu
990 2096 2219 2177 prior,inquit.peccatatua,utjustificeris.

2307 1827 2471 1900 εἶναι,
2533 1833 2677 1882 πᾶσα
2722 1827 3177 1906 ταπεινοφροσύνη
3252 1824 3538 1901 ἐκλάμπει.
3600 1826 3687 1887 Τίς
3743 1825 3840 1903 γὰρ
3899 1824 3967 1879 ἄν

2304 1938 2371 1990 με
2424 1917 2562 1985 θείη,
2610 1917 2760 1993 γησὶ,
2820 1917 2957 1972 κατὰ
3014 1921 3159 1991 μῆνα
3230 1917 3445 1994 ἡμερῶν
3486 1920 3592 1970 τῶν
3639 1913 3963 1992 ἔμπροσθεν,

2306 2006 2392 2063 ὅτε
2442 2008 2469 2062 6
2529 2006 2657 2067 Θεός
2701 2028 2767 2080 με
2829 2004 3112 2082 ἐφύλαττεν
3149 2025 3164 2078 ;
3202 1996 3355 2082 Ὀρᾶς
3398 2002 3477 2061 ὅτι
3508 2008 3585 2076 τῷ
3616 2003 3730 2077 Θεῷ
3761 2004 3823 2059 τὸ
3852 2008 3965 2057 πᾶν

2305 2094 2549 2165 ἀνέθηκε,
2611 2096 2698 2149 καὶ
2740 2094 2855 2151 οὐδὲ
2911 2096 3208 2173 κατακρίνει
3252 2094 3485 2172 ἑτέρους,
3558 2091 3696 2148 ἀλλὰ
3751 2090 3963 2167 μᾶλλον

568 2190 937 2266 κατακρίνεται
982 2189 1083 2242 ὑπὸ
1116 2186 1221 2242 τῶν
1254 2187 1417 2263 φίλων
1452 2204 1465 2217 ’
1502 2195 1576 2261 τῷ
1606 2186 1661 2242 δὲ
1690 2187 1960 2263 Φαρισαίῳ
1986 2189 2057 2248 εἷς
2091 2188 2274 2241 ἑαυτὸν
2304 2186 2391 2241 καὶ
2422 2185 2499 2260 μὴ
2546 2186 2618 2246 εἷς
2683 2185 2814 2241 Θεὸν
2843 2185 2903 2239 τὸ
2946 2190 3049 2239 πᾶν
3079 2183 3415 2263 ἀναφέροντι,
3443 2183 3530 2238 καὶ
3559 2180 3685 2261 δίχα
3720 2180 3964 2258 ἂνσὶγκης

569 2276 780 2352 ἑτέρους
810 2276 1196 2352 κατἀκρίνοντι,
1233 2275 1448 2337 εἰκότως
1481 2276 1515 2342 ἡ
1547 2277 1853 2352 κατάκρισις
1900 2274 2176 2351 ἐπάγεται,
2215 2280 2323 2338 ua;
2354 2273 2452 2350 γὰρ
2484 2274 2511 2327 6
2541 2273 2689 2347 ὑψῶν
2740 2273 2924 2328 ἑαοτόν
2955 2274 3432 2346 ταπεινωθήσεται,
3480 2272 3581 2327 ὑπὸ
3627 2278 3756 2327 Θεοῦ
3785 2292 3965 2326 κατα-

568 2366 871 2439 κρινὸμενος
908 2385 922 2401 ·
959 2367 986 2418 6
1016 2363 1069 2418 δὲ
1102 2370 1360 2418 ταπεινῶν
1418 2365 1601 2421 ἑαυτὸν
1656 2368 1724 2438 τῇ
1766 2363 2093 2438 κατακρίσει,
2157 2363 2494 2437 ὑψωθήσεται
2553 2362 2694 2440 παρὰ
2750 2368 2878 2417 Θεοῦ
2908 2359 3297 2437 δικαιούμενος.
3331 2361 3462 2439 Λέγε
3495 2359 3593 2439 γὰρ
3625 2361 3685 2416 σὺ
3716 2365 3962 2438 πρῶτος,

569 2455 717 2531 φησὶ,
768 2455 860 2515 τὰς
908 2453 1162 2529 ἁμαρτίας
1196 2474 1312 2524 σου,
1344 2453 1435 2507 ’ἱνα
1466 2451 1779 2528 δικαιωθῇς,

652 2539 832 2601 Vsus.
864 2542 1065 2603 15-17.
1097 2562 1123 2598 ‹
1150 2539 1493 2601 Aﬂ’erebant
1524 2548 1720 2601 autem
1753 2540 1825 2600 ad
1860 2559 1992 2601 eum
2029 2548 2087 2601 et
2117 2539 2216 2601 in-

2391 2563 2418 2594 α
2466 2540 2794 2619 Προσέφερον
2850 2537 2904 2594 δὲ
2947 2539 3089 2613 αὗτῷ
3148 2542 3232 2597 καὶ
3286 2541 3351 2596 τὰ
3394 2540 3587 2621 βρέφη,
3631 2539 3724 2595 ’ίνα
3782 2541 3957 2596 αὐτῶν

573 2631 787 2702 fantes,
822 2639 884 2689 ut
916 2648 1017 2690 eos
1050 2637 1339 2707 tangeret.
1372 2628 1539 2699 Quod
1573 2647 1706 2689 cum
1740 2630 2005 2690 viderent
2037 2628 2216 2689 disci-

2305 2629 2561 2696 ἇίπτηται,
2598 2627 2816 2693 Ἰδόντες
2876 2627 2929 2683 δὲ
2989 2630 3036 2684 οἱ
3084 2631 3336 2706 μαθηταὶ,
3389 2630 3714 2704 ἐπετίμησαν
3745 2627 3960 2693 αῦτοῖς,

573 2716 718 2797 puli,
759 2716 1148 2797 increpabant
1183 2718 1340 2780 illos.
1373 2716 1544 2778 Jesus
1574 2725 1769 2778 autem
1818 2736 1952 2777 cum
1987 2716 2121 2778 illos
2151 2716 2216 2777 ad

2308 2708 2367 2775 Ὀ
2425 2716 2480 2773 δὲ
2536 2719 2742 2784 Ἰησοῦς
2794 2716 3292 2794 προσκαλεσάμενος
3344 2720 3474 2777 αὐτὰ
3518 2719 3693 2775 εἶπεν·
3743 2717 3965 2796 ’Ἅφετε

571 2824 635 2865 se
669 2814 954 2878 vocasset,
990 2804 1180 2865 dixit:
1219 2804 1405 2867 Sinite
1447 2823 1666 2885 pueros
1720 2804 1926 2866 venire
1975 2804 2046 2865 ad
2104 2823 2216 2884 me,

2308 2807 2372 2863 τὰ
2428 2806 2606 2863 παιδία
2658 2807 2905 2886 ἔρχεσθαι
2963 2807 3094 2884 πρός
3153 2830 3241 2888 με,
3276 2810 3364 2865 καὶ
3408 2816 3484 2885 μὴ
3514 2805 3746 2864 κωλύετε
3798 2808 3961 2880 αὐτὰ,

572 2902 628 2955 et
662 2894 844 2955 nolite
874 2902 1078 2955 vetare
1111 2913 1237 2973 eos,
1273 2894 1479 2955 talium
1514 2904 1601 2955 est
1626 2894 1783 2955 enim
1817 2911 2065 2972 regnum
2093 2894 2216 2955 Dei.

2306 2903 2412 2951 τῶν
2465 2897 2564 2975 γὰρ
2621 2897 2862 2952 τοιούτων
2923 2896 3060 2952 ἐστὶν
3109 2898 3143 2964 ἡ
3188 2896 3429 2974 βασιλεία
3458 2904 3551 2953 τοῦ
3581 2904 3734 2958 Θεοῦ.
3779 2896 3965 2971 Ἀμὴν

568 2985 761 3043 Amen
790 2982 922 3043 dico
945 2982 1132 3057 vobis,
1163 2983 1499 3063 quicunque
1519 3002 1634 3043 non
1656 2984 1953 3062 acceperit
1973 3000 2216 3060 regnum

2306 2983 2449 3062 λέγω
2504 2987 2653 3065 ὂμῖν,
2690 2985 2747 3049 ὃς
2779 2984 2866 3042 ἐὰν
2900 2985 2976 3060 μὴ
3006 2983 3216 3052 δέξηται
3246 2989 3345 3054 τὴν
3376 2985 3643 3063 βασιλείαν
3692 2992 3783 3041 τοῦ
3827 2992 3965 3041 Θεοῦ

572 3071 675 3132 Dei
708 3071 887 3134 veluti
920 3090 1085 3151 puer,
1114 3090 1230 3131 non
1264 3071 1510 3132 intrabit
1532 3071 1591 3131 in
1616 3072 1784 3133 illud.
1827 3096 1852 3127 ιο
1890 3071 1959 3132 Ει
1989 3071 2060 3132 ad
2085 3072 2216 3131 4'56

2306 3076 2393 3136 ὡς-
2433 3072 2660 3145 παιδίον,
2713 3076 2771 3131 οῦ
2825 3074 2903 3149 μὴ
2959 3073 3168 3151 εἰσέλθῃ
3213 3077 3284 3138 εἰς
3345 3076 3533 3145 αὐτήν,
3576 3098 3599 3131 ο
3640 3077 3736 3134 Καὶ
3802 3076 3965 3130 τοῦτο

570 3161 957 3221 humilitatem
993 3159 1275 3220 conducit
1321 3160 1499 3220 etiam
1535 3160 1643 3220 hoc
1676 3160 1749 3220 de
1784 3160 1984 3239 pueris
2014 3179 2216 3222 exem-

2308 3164 2436 3240 πρὸς
2495 3165 2939 3243 μετριοφροσύνην
2990 3161 3347 3239 συμϐάλλεται
3431 3167 3492 3221 τὸ
3547 3171 3652 3221 τῶν
3708 3162 3962 3227 παιδίων,

571 3249 757 3328 plum.
794 3248 977 3309 Docet
1006 3249 1163 3309 enim
1202 3248 1486 3309 Dominus
1519 3266 1624 3328 per
1655 3247 1788 3309 illos
1832 3248 2076 3308 omnino
2107 3248 2216 3308 hu-

2313 3249 2554 3306 Διδάσκει
2610 3253 2710 3331 γὰρ
2781 3250 2864 3310 διὰ
2929 3253 3111 3308 τούτου
3162 3254 3189 3308 6
3254 3254 3438 3331 Κύριος
3496 3267 3966 3333 ταφεινοφρονεῖν,

573 3338 797 3399 militer
819 3338 1203 3415 agendum,et
1229 3354 1437 3398 omnes
1459 3336 2216 3416 suscipiendos,nullosque

2306 3341 2393 3395 καὶ
2446 3340 2647 3403 πάντας
2706 3339 3124 3421 παραδέχεσθαι,
3170 3342 3257 3397 καὶ
3294 3341 3521 3417 μηδενὸς
3578 3346 3966 3423 καταφρονεῖν,

572 3426 1065 3488 contemnendos.
1105 3426 1389 3506 Discipuli
1421 3426 1577 3488 enim
1627 3426 1931 3503 indignum
1963 3424 2221 3488 arbitra-

571 3516 785 3577 bantur
807 3516 878 3576 ad
916 3517 1088 3576 talem
1125 3517 1465 3594 Magistrum
1510 3515 1711 3576 oﬂ‘erri
1746 3533 1981 3594 pueros.
2021 3517 2092 3576 At
2120 3516 2219 3575 ille

568 3605 826 3666 ostendit
859 3624 1044 3685 usque
1098 3605 1247 3665 adeo
1303 3605 1650 3666 sectandam
1701 3604 2121 3678 humilitatem,
2159 3612 2220 3665 ut

567 3695 743 3755 etiam
780 3694 1011 3754 minimi
1047 3713 1164 3753 non
1211 3693 1328 3753 sint
1375 3692 1724 3771 abjiciendi.
1760 3696 1830 3754 Et
1862 3693 1947 3753 sic
1980 3694 2216 3773 quidem

566 3783 742 3844 docet
773 3782 1163 3842 humilitatem
1198 3799 1381 3861 opere
1407 3800 1534 3841 suo.
1570 3780 1697 3841 Non
1724 3782 1879 3840 enim
1916 3782 2214 3856 amandat,

566 3872 668 3932 sed
705 3870 969 3931 suaviter
998 3870 1367 3948 amplexatur
1399 3870 1676 3930 infantes.
1711 3868 1893 3931 Docet
1938 3878 2129 3931 autem
2161 3877 2220 3934 et

569 3978 676 4038 per
699 3978 1061 4027 sermonem,
1096 3958 1251 4038 quod
1285 3976 1533 4036 regnum
1568 3961 1854 4019 caelorum
1890 3968 1981 4021 est
2010 3977 2213 4021 eorum

567 4048 667 4126 qui
690 4048 964 4108 similiter
994 4046 1187 4108 affecti
1218 4056 1355 4107 sunt
1384 4056 1449 4107 ut
1477 4048 1660 4125 pueri.
1700 4047 1855 4108 Puer
1883 4067 1999 4109 non
2038 4048 2213 4109 inﬂa-

568 4145 682 4209 tur,
745 4155 935 4216 neque
992 4136 1248 4217 aliquem
1303 4136 1628 4197 contemnit
1677 4154 1690 4198 :
1754 4138 2043 4198 innocens
2103 4146 2212 4214 est,

564 4226 837 4304 simplex,
874 4234 932 4287 et
963 4245 1096 4287 cum
1132 4225 1292 4285 omni
1325 4225 1710 4306 simplicitate
1742 4244 1937 4306 neque
1968 4227 2028 4286 in
2074 4245 2215 4307 pro-

563 4316 754 4395 speris
779 4316 1101 4377 extollitur.
1134 4334 1326 4395 neque
1355 4315 1410 4375 in
1438 4315 1705 4375 tristibus
1730 4315 2215 4394 dejicitur.Unde

565 4406 660 4484 qui
692 4405 830 4465 vivit
861 4405 919 4464 in
954 4405 1116 4465 omni
1156 4404 1509 4478 humilitate,
1545 4404 1921 4485 simplicitate
1954 4413 2011 4465 et
2040 4405 2214 4464 inno-

562 4494 774 4568 centia,
811 4493 908 4553 ille
953 4495 1078 4556 Deo
1120 4502 1400 4572 acceptus
1441 4501 1553 4567 est,
1601 4502 1658 4553 et
1708 4492 1923 4573 accipit
1969 4511 2216 4570 regnum

561 4583 668 4643 Dei
700 4584 853 4645 sicut
900 4601 1069 4662 puer,
1105 4582 1217 4642 hoc
1267 4590 1354 4642 est
1405 4582 1680 4655 fideliter,
1717 4581 1947 4662 absque
1992 4581 2128 4642 dolo
2161 4589 2218 4643 et

561 4671 926 4732 curiositate.
962 4670 1241 4732 Curiosus
1263 4670 1448 4746 enim,
1465 4678 1522 4732 et
1543 4687 1783 4751 semper
1812 4669 2211 4749 interrogans,

561 4758 916 4832 Quomodo?
948 4778 1079 4820 cum
1112 4776 1217 4820 sua
1268 4758 1681 4820 incredulitate
1724 4757 1964 4839 peribit,
2007 4768 2065 4819 et
2094 4778 2212 4821 non

559 4849 803 4909 intrabit
835 4849 893 4908 in
925 4868 1197 4927 regnum,
1231 4849 1387 4928 quod
1413 4849 1603 4909 noluit
1635 4849 1984 4928 simpliciter
2002 4858 2060 4910 et
2083 4851 2213 4911 sine

560 4938 899 4999 curiositate
933 4946 989 4998 et
1020 4937 1327 4998 humiliter
1375 4939 1704 5017 suscipere.
1759 4935 1980 5000 Omnes
2012 4938 2211 5018 itaque

559 5028 837 5108 apostoli,
864 5036 921 5088 et
952 5046 1160 5087 omnes
1187 5046 1428 5106 prorsus
1459 5027 1853 5092 credentesin
1886 5027 2206 5102 Christum,

561 5126 841 5177 vocantur
874 5116 1083 5196 pueri:
1122 5116 1275 5177 sicut
1307 5123 1365 5177 et
1412 5117 1538 5197 ipse
1582 5115 1867 5177 Dominus
1914 5116 2210 5195 apostolos

559 5206 909 5276 nominavit,
948 5204 1153 5265 dicens
1190 5226 1202 5267 :
1254 5205 1453 5279 Pueri,
1492 5224 1634 5265 num
1667 5205 1806 5285 quid
1842 5204 2071 5265 obsonii
2098 5206 2209 5267 ha-

559 5293 710 5355 betis
730 5293 842 5353 93?
874 5293 1188 5373 Sapientes
1238 5302 1433 5356 autem
1481 5294 1820 5373 gentilium,
1857 5294 2207 5374 sapientiam

560 5383 617 5442 in
656 5383 934 5463 mysterio
967 5391 1325 5464 quaerentes,
1368 5384 1523 5464 quod
1575 5392 1663 5446 est
1700 5401 1948 5463 regnum
1990 5385 2119 5460 Dei,
2152 5396 2213 5447 et

562 5474 831 5532 nolentes
888 5472 1159 5551 accipere
1209 5472 1434 5554 absque
1482 5472 1960 5548 ratiocinatione,
1998 5475 2209 5537 merito

636 5629 857 5691 9910b.
894 5647 954 5705 ιι,
989 5632 1050 5707 9,
1081 5631 1142 5691 ‘2.
1232 5633 1296 5681 95
1323 5633 1492 5695 Joan.
1523 5649 1646 5711 xxx,
1677 5634 1737 5695 5.

2307 3428 2365 3484 Ol
2425 3428 2521 3502 μὲν
2579 3430 2678 3507 γὰρ
2730 3432 2960 3503 μαθηταὶ
3006 3427 3215 3495 ἀνάξιον
3269 3429 3496 3508 ἡγοῦντο
3525 3434 3615 3487 τοῦ
3642 3430 3971 3498 τηλικούτου

2309 3514 2635 3573 Διδασκάλου
2690 3518 2750 3574 τὸ
2809 3517 3189 3597 προσφέρεσθαι
3244 3520 3384 3594 αῦτῷ
3414 3517 3617 3581 παιδία.
3657 3513 3712 3577 εΟ
3747 3518 3802 3575 δὲ
3846 3517 3971 3575 δεί-

2301 3627 2479 3664 κνυσιθ
2539 3607 2746 3680 αὐτοῖς,
2778 3605 2859 3663 ὅτι
2888 3614 3136 3665 τοσοῦτον
3192 3606 3276 3665 δεῖ
3318 3623 3773 3689 ταπεινοφρονεῖν,
3818 3608 3969 3665 ὥστε

2301 3697 2391 3751 καὶ
2447 3697 2513 3751 τὰ
2569 3695 2832 3775 ἐλάχιστα
2925 3696 3003 3773 μὴ
3079 3696 3466 3773 βδελύττεσθαι.
3524 3701 3622 3757 Καὶ
3666 3699 3802 3756 οὕτω
3858 3698 3971 3772 μὲν

2302 3783 2533 3841 διδάσκει
2592 3787 2689 3853 τὴν
2740 3787 3186 3865 μετριοιρροσύνην
3229 3784 3296 3842 δι’
3346 3788 3421 3842 ὧν
3452 3786 3666 3866 ἔπραξε,
3700 3790 3777 3864 μὴ
3809 3788 3965 3848 ἀπο-

2303 3875 2674 3950 πεμψάμενος,
2736 3873 2854 3930 ἀλλ’
2924 3872 3092 3942 ἡδέως
3152 3873 3575 3952 παραδεξάμενος
3633 3878 3697 3934 τὰ
3755 3878 3964 3959 βρέφη,

2305 3961 2547 4019 Διδάσκει
2605 3961 2657 4018 δὲ
2720 3965 2805 4019 καὶ
2851 3961 2935 4018 διὰ
2976 3962 3158 4042 λόγου,
3208 3963 3288 4021 ὅτι
3339 3966 3444 4020 τῶν
3487 3966 3623 4022 κατὰ
3652 3967 3713 4022 τὰ
3771 3968 3966 4027 παιδία

2301 4049 2647 4126 διακειμένων
2701 4053 2839 4108 ἐστὶν
2877 4055 2911 4121 ἡ
2957 4052 3195 4129 βασιλεία
3238 4055 3343 4112 τῶν
3388 4057 3644 4135 οὐρανῶν.
3707 4060 3776 4115 Τὸ
3820 4082 3967 4115 παι-

2300 4138 2406 4197 δίον
2454 4144 2548 4199 οὐκ
2579 4141 2867 4221 ἐπαίρεται,
2905 4144 2999 4198 οὒκ
3043 4141 3301 4208 ἐξουθενεῖ
3348 4166 3488 4219 τινα,
3542 4143 3739 4203 ἅκακόν
3782 4147 3962 4223 ἐστιν,

2300 4227 2511 4308 ἄδολον,
2564 4228 2679 4285 οὔτε
2738 4230 2822 4287 ἐπὶ
2896 4243 3012 4295 τοῖς
3086 4231 3359 4308 λαμπροῖς
3432 4234 3773 4311 ὀγκούμενον,
3835 4238 3964 4295 οὔτε

2301 4319 2384 4375 ἐπὶ
2438 4332 2557 4385 τοῖς
2610 4319 2873 4403 λυπηροῖς
2918 4320 3359 4402 συστελλόμενον,
3410 4322 3549 4379 ἀλλὰ
3596 4325 3741 4403 πάσῃ
3768 4324 3912 4382 ἁπλό
3941 4363 3961 4377 ο

2298 4430 2418 4475 τητι
2465 4408 2641 4472 συνόν,
2704 4398 2880 4466 ιὨστε
2910 4412 2938 4466 6
2966 4411 3390 4491 ταπεινοφρόνως
3433 4418 3536 4483 ζῶν
3593 4415 3680 4471 καὶ
3708 4414 3961 4491 ἀκάκως,

2242 4498 2508 4561 Βὶκεῖνος
2560 4499 2700 4577 παρὰ
2758 4504 2833 4574 τῷ
2891 4505 3004 4573 Θεῷ
3061 4498 3448 4579 προσδεκτέως,
3482 4502 3568 4558 καὶ
3599 4504 3626 4557 6
3655 4500 3962 4582 δεχόμενος

2292 4586 2397 4665 ⁵τὴν
2445 4585 2715 4663 βασιλείαν
2758 4594 2850 4644 τοῦ
2893 4594 3022 4645 Θεοῦ
3066 4590 3137 4654 ὡς
3186 4587 3415 4669 παιδίον,
3473 4591 3766 4663 τουτέστιν,
3814 4591 3957 4650 ἀδό-

2296 4673 2453 4765 λως,
2484 4676 3075 4765 ἀπολυπραγμονήτως,
3120 4684 3348 4742 πιστῶς.
3389 4672 3445 4737 Ὀ
3500 4680 3599 4759 γὰρ
3646 4683 3959 4765 περίεργος,

2294 4765 2382 4820 καὶ
2437 4763 2517 4820 ἀεὶ
2560 4764 2767 4842 ἐρωτῶν
2800 4767 2883 4846 τὸ,
2939 4772 3058 4829 Πῶς
3098 4787 3113 4842 ;
3171 4773 3238 4844 τῇ
3295 4768 3509 4840 ἀπιστίᾳ
3553 4763 3965 4847 συγκαταλυθήζ

2295 4873 2466 4925 σεται,
2524 4854 2612 4909 καὶ
2668 4856 2727 4911 οὒ
2784 4854 2861 4930 μὴ
2921 4854 3127 4933 εἰσέλθῃ
3207 4859 3280 4920 εἷς
3359 4857 3458 4925 τὴν
3514 4855 3807 4939 βασιλείαν,
3879 4861 3960 4929 ἣν

2294 4940 2503 5021 ἅπλῶς,
2557 4944 2645 4998 καὶ
2697 4942 3047 5025 ἀπεριέργως,
3110 4948 3197 5002 καὶ
3229 4946 3621 5028 μετριοφρόνως
3660 4948 3755 5004 οῦκ
3816 4948 3958 5014 ἠθέ-

2293 5030 2424 5096 λησε
2480 5029 2883 5109 παραδέξασθαι,
2945 5035 3142 5099 Πάντες
3188 5036 3286 5111 μὲν
3346 5036 3433 5092 οὖν
3466 5039 3510 5091 οἱ
3539 5035 3826 5093 ἀπόστολοι
3857 5044 3957 5096 καὶ

2291 5119 2484 5177 πάντες
2535 5118 2717 5185 ἁπλῶς
2775 5123 2821 5176 οἱ
2868 5123 3242 5187 πιστεύσαντες
3293 5129 3369 5197 τῷ
3399 5125 3636 5204 Χριστῷ,
3670 5121 3849 5181 παιδία
3880 5126 3957 5185 ἂν

2292 5206 2563 5288 κληθεῖεν,
2626 5210 2699 5272 ὡς
2758 5212 2846 5266 καὶ
2902 5210 3058 5275 αὐτὸς
3116 5215 3144 5268 6
3214 5215 3400 5291 Κύριος
3450 5215 3572 5277 τοὺς
3616 5213 3955 5282 ἀποστόλους

2293 5297 2537 5373 ὠνόμασε
2617 5291 2832 5375 Παιδία,
2868 5301 2999 5375 μήτι
3031 5302 3357 5381 προσφάγιον
3390 5302 3546 5382 ἔχετε
3582 5324 3598 5375 ;
3645 5305 3703 5360 Οἱ
3754 5300 3809 5358 δὲ
3844 5326 3953 5361 σο-

2292 5387 2380 5464 φοὶ
2426 5393 2531 5442 τῶν
2568 5377 2857 5464 Ἐλλήνων,
2910 5377 3096 5469 σοφίαν
3146 5377 3201 5446 ἐν
3230 5377 3305 5467 τῷ
3335 5377 3607 5470 μυστηρίῳ
3634 5394 3950 5471 ζητοῦντες,

2293 5476 2321 5531 ὃ
2378 5474 2518 5532 ἐστιν
2574 5477 2609 5544 ἡ
2662 5475 2901 5551 βασιλεία
2957 5486 3048 5534 τοῦ
3094 5482 3247 5555 Θεοῦ,
3281 5482 3367 5537 καὶ
3400 5481 3477 5557 μὴ
3505 5479 3821 5557 βουλόμενοι
3854 5482 3951 5540 δέ-
