4184 6404
280 377 433 443 1009

946 378 1387 442 ΕΝΑΗΗΑΤΙΟ
1437 382 1513 443 ΙΝ
1563 375 1938 443 EVANGELI

2023 375 2069 434 Μ
2120 375 2359 435 ΙλΗΟιιΕ.
2406 406 2484 417 -
2528 377 2691 436 CAP.
2741 377 2961 437 XVIII.

3522 368 3671 433 lOlO

271 511 460 579 ξασθαι
517 521 673 570 τοῦτο
734 508 1151 589 ἀσυλλογίστως,
1204 511 1421 578 εἰκότως
1478 509 1776 578 ἐξώσθησαν
1834 514 1931 576 τῆς

2023 504 2244 568 exclusi
2274 513 2412 569 sunt
2440 505 2512 568 ab
2541 506 2653 569 hoc
2683 525 2891 585 regno.
2925 511 3059 571 Non
3090 506 3238 569 dixit
3265 514 3460 568 autem
3498 521 3511 565 :
3542 502 3665 565 Ho-

269 600 544 677 βασιλείας
573 601 798 668 ταύτης.
844 604 952 659 Οὔκ
996 599 1120 656 εἶπε
1163 599 1240 674 δὲ,
1302 600 1405 673 ὅτι,
1455 602 1664 660 Τούτων
1715 601 1853 656 ἒστὶν
1890 601 1925 666 ἡ

269 689 543 768 βασιλεία,
582 689 718 747 ἀλλὰ
746 690 852 747 τῶν
904 690 1180 765 τοιούτων,
1231 691 1493 772 τουτέστι,
1524 698 1629 749 τῶν
1657 691 1756 758 τὴν
1787 690 1926 746 ἀκα-

268 780 417 841 κίαν.
475 781 564 837 καὶ
653 780 1101 860 μετριοφροσύνην
1184 787 1564 859 προαιρετικῶς
1650 778 1929 855 κτησαμέ-

272 892 404 948 νων,
452 869 518 937 ἣν
562 874 800 948 φυσικῶς
857 868 925 924 τὰ
976 866 1157 925 παιδία
1212 868 1422 949 ἔχουσι.
1507 868 1784 943 Δεξώμεθα
1840 870 1929 923 οὖν

272 959 451 1015 πάντα
499 958 567 1015 τὰ
608 956 1048 1028 ἐκκλησιαστικὰ,
1096 955 1228 1037 ἅπερ
1277 957 1414 1015 ἐστὶν
1456 961 1489 1028 ἡ
1544 955 1781 1035 βασιλεία
1837 963 1927 1013 τοὸ

275 1054 433 1122 Θεοῦ,
478 1045 830 1126 ἀπεριέργως,
914 1046 998 1102 καὶ
1074 1051 1302 1123 πιστῶς,
1379 1049 1467 1104 καὶ
1508 1045 1920 1127 μετριοφρόνως,

274 1137 341 1193 τὸ
384 1136 485 1215 γὰρ
515 1134 943 1214 περιεργάζεσθαι
975 1134 1223 1215 οἰήσεως,
1258 1137 1345 1193 καὶ
1376 1134 1701 1214 δοξοσοφίας,

367 1243 398 1283 ι
432 1227 532 1284 Καὶ
584 1222 904 1304 ἐπηρώτησέ
943 1245 1025 1287 τις
1066 1224 1222 1280 αύτὸν
1265 1223 1470 1305 ἄρχων,
1523 1223 1694 1303 λέγων
1732 1240 1744 1255 ⁸
1783 1220 1934 1278 Διδά-

280 1312 447 1370 σκαλε
490 1313 675 1391 ἀγαθὲ,
710 1315 759 1370 τί
784 1314 1018 1383 ποιήσας
1066 1313 1209 1383 ζωὴν
1256 1313 1466 1370 αἰώνιον
1493 1312 1931 1390 κληρονομήσω;

284 1404 424 1460 Εἶπε
471 1400 526 1459 δὲ
555 1403 698 1477 αὖτῷ
740 1403 768 1458 ὅ
803 1402 1010 1470 Ἰησοῦς
1046 1417 1060 1432 ⁸
1095 1402 1156 1460 Τί
1187 1424 1253 1479 με
1282 1401 1455 1479 λέγεις
1483 1402 1717 1481 ἀγαθόν;
1754 1398 1930 1465 Οὐδεὶς

276 1492 500 1569 ἀγαθὸς,
562 1493 605 1549 εἶ
664 1491 772 1567 μὴ’
799 1492 884 1554 εἷς
928 1494 956 1547 6
996 1492 1150 1555 Θεός.
1208 1492 1314 1555 Τὰς
1362 1489 1577 1553 ἐντολὰς
1637 1488 1808 1553 οἶδας*
1845 1490 1930 1557 Μὴ

284 1582 609 1660 μοιχεύσῃς,
656 1580 734 1655 μή
778 1580 1060 1660 φονεύσῃς,
1108 1580 1186 1657 μὴ
1230 1579 1455 1656 κλέψῃς,
1515 1579 1592 1654 μὴ
1623 1577 1929 1656 ψευδομαρ-

276 1671 538 1746 τυρήσῃς.
582 1669 720 1745 Τίμα
749 1670 841 1725 τὸν
897 1668 1098 1749 πατέρα
1154 1684 1247 1725 σου
1302 1670 1391 1726 καὶ
1447 1670 1545 1736 τὴν
1574 1668 1780 1747 μητέρα
1810 1690 1925 1725 σου.

281 1750 341 1816 ’0
400 1756 456 1815 δὲ
514 1759 640 1815 εἶπε
674 1777 688 1791 ⁸
750 1765 924 1816 Ταῦτα
979 1759 1154 1819 πάντα
1197 1756 1536 1838 ἐφυλαξάμην
1585 1756 1645 1812 ἐκ
1673 1757 1926 1825 νεότητός

2010 612 2143 655 rum
2176 604 2267 659 est
2294 613 2569 677 regnum,
2595 596 2699 658 sed
2719 597 2949 675 talium,
2974 597 3072 676 qui
3104 594 3435 658 voluntarie
3453 611 3666 674 posse—

2011 683 2236 745 derunt
2267 685 2670 747 innocentiam
2727 694 2784 747 et
2836 686 3252 758 humilitatem,
3291 702 3465 765 quam
3501 680 3670 761 pueri

2012 781 2221 834 natura
2273 774 2516 837 habent.
2600 773 3003 856 Suscipiamus
3062 774 3244 854 igitur
3319 773 3515 835 omnia
3568 770 3671 832 illa

2012 862 2445 944 ecclesiastica,
2501 882 2631 944 quae
2677 873 2817 925 sunt
2874 883 3124 943 regnum
3196 865 3327 931 Dei.
3388 860 3666 933 ﬁdeliter,

2012 950 2236 1032 absque
2267 953 2636 1025 curiositate,
2660 962 2718 1014 et
2748 953 3076 1014 humiliter.
3112 952 3353 1015 Curiose
3386 952 3543 1012 enim
3570 948 3668 1009 in-

2013 1040 2277 1119 quirere,
2305 1040 2649 1121 superbiam
2674 1041 2828 1121 sapit
2850 1050 2907 1102 et
2937 1041 3251 1120 gloriosam
3285 1038 3663 1119 sapientiam.

2094 1130 2278 1191 Vens.
2338 1131 2539 1193 18-23.
2598 1154 2623 1185 (ι
2678 1129 2750 1191 Et
2805 1130 3187 1209 interrogavit
3244 1147 3380 1191 eum
3430 1128 3666 1208 quidam

2015 1219 2347 1297 princeps:
2406 1219 2683 1297 Magister
2733 1218 2906 1293 bone,
2958 1220 3100 1299 quid
3148 1217 3483 1280 faciendum
3523 1215 3670 1277 mihi

2016 1314 2077 1367 ut
2108 1324 2443 1388 consequar
2470 1308 2646 1370 vitam
2675 1312 3005 1371 aeternam?
3034 1307 3186 1369 Dixit
3234 1316 3435 1369 autem
3480 1306 3535 1367 ei
3563 1305 3668 1368 Je-

2015 1414 2153 1458 sus:
2189 1395 2341 1468 Quid
2396 1416 2489 1458 me
2532 1397 2685 1459 dicis
2736 1396 3014 1461 bonum?
3064 1415 3239 1458 nemo
3291 1396 3503 1470 bonus,
3557 1395 3673 1455 nisi

2013 1484 2176 1545 solus
2206 1484 2390 1549 Deus.
2425 1489 2729 1566 Praecepta
2752 1486 2910 1547 nosti
2942 1505 2955 1548 :
2992 1485 3119 1547 Non
3152 1484 3485 1547 committes
3506 1483 3669 1544 adul-

2014 1573 2250 1648 terium,
2286 1593 2405 1635 non
2435 1576 2697 1649 occides,
2737 1596 2854 1637 non
2884 1576 3067 1637 facies
3098 1576 3344 1654 furtum,
3390 1592 3508 1634 non
3553 1572 3668 1633 fal-

2011 1680 2141 1724 sum
2177 1663 2584 1727 testimonium
2617 1665 2784 1726 dices
2814 1685 2829 1741 ;
2878 1665 3108 1727 honora
3152 1673 3378 1745 patrem
3412 1671 3574 1724 tuum
3611 1670 3670 1722 et

2013 1760 2261 1813 matrem
2295 1761 2476 1814 tuam.
2511 1755 2584 1814 At
2620 1753 2723 1816 ille
2753 1755 2830 1815 ait
2877 1771 2890 1816 :
2944 1753 3081 1815 Haec
3114 1753 3314 1815 omnia
3360 1750 3588 1814 servavi
3633 1770 3669 1811 a

280 1870 408 1922 μου.
472 1846 731 1912 Ἀκούσας
790 1846 1040 1905 δὲταῦτα
1088 1850 1116 1905 6
1160 1846 1365 1915 Ἰησοῦς
1396 1848 1551 1904 εἶπεν
1592 1848 1755 1921 αύτῷ*
1789 1846 1927 1905 ’Ἔτι

2023 1840 2315 1917 iuventutc
2345 1860 2499 1903 mea.
2535 1842 2661 1914 Quo
2692 1842 2920 1917 audito,
2959 1842 3135 1905 Jesus
3178 1843 3260 1903 ait
3299 1842 3349 1902 ei
3386 1858 3399 1903 :
3453 1839 3667 1902 Adhuc

282 1936 334 1992 ἔν
394 1959 475 1994 σοι
526 1935 696 1993 λείπει
729 1952 746 1969 ⁸
781 1936 954 1993 πάντα
984 1935 1083 1992 ὅσα
1127 1935 1301 2017 ἔχεις,
1335 1934 1613 2015 πώλησον,
1646 1937 1733 1992 καὶ
1757 1933 1928 2002 διάδος

2023 1948 2201 1991 unum
2263 1929 2372 1993 tibi
2430 1930 2597 1992 deest
2646 1952 2659 1993 :
2717 1930 2931 1994 Omnia
3004 1949 3392 2013 quaecumque
3451 1929 3664 2004 habes,

280 2038 554 2107 πτωχοῖς,
617 2027 705 2084 καὶ
754 2024 895 2107 ,ἔξεις
946 2027 1208 2104 θησαυρὸν
1263 2026 1317 2081 ὲν
1359 2024 1583 2104 οὖρανῷ.
1630 2026 1727 2083 Καὶ
1786 2023 1931 2104 δεῦρο

2023 2019 2228 2100 vende,
2260 2032 2316 2080 et
2362 2018 2657 2083 distribue
2712 2022 3097 2103 pauperibus,
3151 2029 3209 2081 et
3251 2019 3501 2081 habebis
3533 2019 3667 2080 the-

280 2106 552 2173 ἀκολούθει
597 2137 712 2191 μοι,
749 2106 807 2173 Ὀ
852 2113 930 2188 δὲ,
968 2115 1192 2180 ἀκούσας
1234 2121 1421 2189 ταῦτα,
1475 2112 1759 2193 περίλυπος
1803 2114 1927 2192 ἐγέ-

280 2226 421 2278 νετο,
483 2207 549 2270 ἧν
606 2204 706 2283 γὰρ
754 2201 1007 2267 πλούσιος
1068 2201 1290 2284 σφόδρα.
1352 2226 1379 2258 »
1450 2212 1612 2260 Δοκεῖ
1665 2201 1764 2279 μέν
1793 2225 1930 2259 τισιν

284 2294 433 2356 οὗτος
466 2296 495 2350 6
544 2292 810 2371 ἅνθρωπος
864 2292 1159 2370 πανοῦργός
1216 2313 1297 2356 τις
1349 2293 1515 2365 εἶναι,
1552 2293 1638 2348 καὶ
1669 2293 1787 2349 οἷον
1817 2314 1932 2349 πα-

286 2381 517 2461 γιδεῦσαι
577 2388 753 2454 ζητῶν
808 2383 899 2438 τὸν
945 2381 1148 2448 Ἰησοῦν
1212 2380 1266 2436 ἐν
1308 2379 1515 2461 λόγοις.
1559 2380 1667 2438 Οὔκ
1711 2379 1849 2438 ’ἐοικε
1879 2379 1935 2437 δὲ

286 2479 463 2552 τοῦτο,
525 2470 663 2527 ἀλλὰ
749 2469 1066 2551 φιλάργυρος
1138 2471 1307 2528 εἶναι.
1374 2468 1520 2526 Ἐπεὶ
1577 2471 1665 2526 καὶ
1714 2473 1740 2525 6
1802 2477 1934 2548 Χρι-

284 2563 407 2624 στὸς
458 2566 694 2618 τοιοῦτον
754 2561 910 2617 αὐτὸν
969 2558 1095 2616 ὄντα
1146 2558 1360 2638 ἤλεγξε.
1424 2561 1521 2617 Καὶ
1576 2560 1675 2637 γὰρ
1727 2558 1937 2638 Μάρκος

285 2652 469 2730 φησὶν,
560 2648 641 2706 ὅτι
726 2646 1101 2728 προσδραμὼν,
1176 2651 1264 2704 γαὶ
1338 2651 1639 2726 γονυπετῶν
1702 2649 1938 2727 παρεκά-

286 2739 365 2797 λει
422 2741 513 2796 τὸν
576 2737 809 2819 Ἰησοῦν,
870 2739 957 2794 καὶ
1016 2736 1096 2793 ὅτι
1179 2735 1451 2813 ἐμϐλέψας
1526 2739 1668 2810 αύτῷ
1721 2740 1749 2793 ὁ
1822 2738 1937 2805 ἰη-

291 2831 411 2892 σοῦς
464 2830 748 2908 ἠγάπηαεν
818 2827 975 2884 αὒτόν
1011 2843 1024 2857 ·
1101 2826 1510 2907 φιλοχρήματος
1595 2827 1691 2903 μὲν
1760 2826 1825 2894 ἧν
1909 2831 1937 2884 6

286 2918 580 2995 ἅνθρωπος.
646 2917 888 2996 Πρόσεισι
939 2914 995 2972 δὲ
1038 2923 1116 2991 τῷ
1157 2916 1336 2984 Ἰησοῦ
1407 2920 1599 2991 μαθεῖν
1661 2916 1936 2996 ἐφιέμενος

292 3014 411 3083 περί
465 3011 608 3078 ζωῆς
668 3006 899 3081 αἰωνίου,
981 3006 1129 3086 τάχα
1212 3007 1285 3070 ὡς
1362 3004 1771 3085 φιλοχρήματος
1855 3001 1942 3061 καὶ

291 3104 469 3158 τοῦτο,
534 3092 691 3153 Ούδὲν
734 3096 834 3174 γὰρ
879 3094 1017 3151 οὕτω
1058 3092 1339 3173 φιλόζωον,
1401 3096 1475 3157 ὡς
1531 3092 1939 3173 φιλοχρήματος

290 3183 581 3263 ἄνθρωπος.
637 3183 914 3260 Ἐνόμισεν
960 3186 1047 3240 οὖν
1101 3185 1194 3239 τὸν
1244 3182 1450 3249 ἰησοῦν
1493 3182 1770 3239 ὑποθέσθαι
1802 3185 2001 3275 αὐτῷο

297 3273 513 3355 τρόπον,
571 3271 641 3330 δι’
694 3276 754 3331 οὗ
823 3273 1046 3337 αἰωνίως
1101 3273 1340 3351 ζήσεται,
1398 3270 1780 3328 καταπολαύων
1843 3276 1942 3338 τῆς

287 3364 672 3444 κατασχέσεως
725 3368 830 3419 τῶν
890 3362 1217 3442 χρημάτων.
1278 3360 1370 3425 Ὠς
1426 3358 1499 3428 δὲ,
1539 3363 1567 3417 6
1612 3361 1797 3439 Κύριος
1843 3361 1943 3427 τὴν

288 3452 590 3518 ἆπὸκτησιν
651 3452 797 3508 εἶναι
844 3449 1094 3523 πρόξενον
1151 3450 1275 3506 εἷπε
1333 3455 1433 3517 τῆς
1511 3450 1717 3506 αἰωνίου
1774 3449 1939 3529 ζωῆς,

288 3544 363 3607 ὡς
422 3541 895 3621 περιμεμψάμενος
956 3541 1127 3615 ἑαυτῷ
1167 3540 1267 3608 τῆς
1319 3541 1650 3619 ἐρωτήσεως,
1709 3542 1797 3597 καὶ
1866 3549 1943 3614 τῷ

293 3632 475 3697 ἰησοῡ
530 3636 631 3697 τῆς
712 3629 1067 3709 ἀποκρίσεως,
1157 3628 1390 3689 ἄπεισιν.
1462 3630 1626 3691 Αὺτὸς
1684 3629 1783 3707 γάρ
1850 3652 1937 3687 τοι

292 3722 471 3777 ἕνεκεν
519 3726 614 3776 τοῦ
670 3718 818 3799 ἔχειν
873 3719 938 3774 τά
992 3720 1253 3798 χρήματα
1295 3718 1381 3775 ἐπὶ
1410 3717 1569 3791 πολὺ,
1604 3717 1799 3798 ἔχρῃζε
1841 3724 1940 3785 τῆς

292 3808 505 3865 αἰωνίου
563 3813 708 3879 ζωῆς
743 3823 757 3837 ⁸
820 3808 933 3863 ἐπεὶ
992 3810 1035 3864 εἰ
1091 3809 1156 3863 τὰ
1206 3808 1463 3887 χρήματα
1520 3806 1741 3883 ἔμελλεν
1809 3808 1943 3865 ἀπο-

289 3902 533 3977 κτᾶσθαι,
591 3899 642 3953 τί
713 3895 815 3953 ἔδει
890 3899 1032 3972 αὐτῷ
1089 3900 1189 3963 τῆς
1272 3898 1479 3954 αἰωνίου
1548 3903 1691 3969 ζωῆς
1749 3897 1939 3965 πένητι

290 3985 540 4063 μέλλοντι
596 3993 715 4067 ζῇν,
762 3987 903 4065 ὥσγε
961 3985 1180 4064 ἐδόκεις
1256 3986 1615 4065 Προσὲρχεται
1673 3995 1796 4064 γοῦν
1866 3990 1943 4060 τῷ

294 4077 489 4154 Κυρίῳ,
550 4078 621 4138 ὡς
656 4074 843 4139 ἁπλῶς
896 4074 1175 4155 ἀνθρώπῳ,
1223 4076 1310 4131 καὶ
1381 4073 1698 4149 διδασκάλῳ.
1764 4077 1856 4132 Διὸ
1914 4078 1941 4131 6

299 4166 489 4244 Κύριος
546 4162 817 4239 δεικνύων,
876 4163 957 4220 ὅτι
1002 4168 1063 4224 ού
1091 4162 1173 4221 δεῖ
1201 4165 1274 4227 ὡς
1323 4164 1579 4243 ἀνθρώπῳ
1608 4166 1750 4237 αύτῳ
1774 4186 1942 4241 προσ·-

293 4254 428 4311 ιὲναι
489 4254 658 4334 ψιλῷ,
706 4258 861 4311 εἶπεν
895 4270 909 4285 ⁸

290 4344 446 4408 Θεός.
500 4369 523 4402 ιο
590 4343 814 4423 Ἀγαθύν
848 4365 938 4419 με,
974 4344 1153 4422 φησὶν,
1204 4344 1385 4415 εἶπας,
1432 4343 1482 4397 τί
1534 4345 1622 4399 οὖν
1675 4343 1941 4411 προσέθη-

289 4456 391 4497 κας
435 4435 515 4506 τὸ,
554 4431 845 4489 Διδάσκαλε
880 4454 897 4505 ς
932 4434 1183 4488 Φαίνεται
1241 4433 1340 4509 γὰρ
1391 4430 1472 4487 ὅτι
1526 4430 1621 4487 ἕνα
1651 4440 1756 4488 τῶν
1800 4432 1943 4489 πολ-

290 4523 400 4579 λῶν
458 4543 526 4597 με
580 4519 998 4597 ὑπολαμϐάνεις,
1045 4523 1103 4578 Εἰ
1147 4520 1198 4576 δὲ
1248 4507 1427 4600 τοῦτο,
1461 4520 1555 4576 οὒκ
1584 4523 1691 4597 εἰμὶ
1719 4524 1937 4599 ἀγαθὸς,
1965 4507 2009 4557 D

289 4609 455 4675 οὖδείς
513 4610 612 4687 γὰρ
674 4610 962 4690 ἀνθρώπων
1018 4609 1213 4688 ἀγαθὸς
1269 4610 1483 4690 κυρίως,
1532 4611 1575 4666 εἰ
1634 4611 1711 4684 μὴ
1765 4611 1849 4673 εἷς
1912 4613 1941 4667 6

290 4702 449 4764 Θεός.
512 4693 689 4756 ’ἰὶστε
738 4702 780 4755 εἰ
826 4698 996 4764 θέλεις
1044 4699 1239 4777 ἀγαθόν
1270 4720 1336 4774 με
1366 4698 1564 4779 λέγειν,
1608 4700 1682 4761 ὡς
1716 4700 1842 4756 Θεόν
1874 4722 1940 4776 με

286 4790 411 4868 Λέγε
468 4790 686 4868 ἀγαθὸν,
742 4788 878 4845 ἀλλὰ
907 4790 985 4865 μὴ
1017 4790 1091 4851 ὡς
1122 4788 1394 4868 ὠνθρώπῳ
1441 4787 1585 4865 ψιλῷ
1614 4788 1937 4869 προσέρχου.

286 4881 350 4939 Εἰ
399 4880 499 4958 γὰρ
554 4880 825 4957 ἄνθρωπόν
858 4901 925 4955 με
959 4880 1137 4936 κοινόν
1168 4900 1286 4935 τινα
1332 4878 1587 4955 νομίζεις,
1642 4877 1779 4954 μηδὲ
1811 4880 1939 4958 ἀγα·

283 4971 375 5026 θὸν
409 4967 560 5025 κάλει
594 4985 609 5000 ⁸
644 4976 721 5043 τῷ
750 4966 859 5025 ὄντι
888 4970 987 5048 γὰρ
1034 4968 1255 5046 ἀγαθὸς,
1314 4970 1402 5025 καὶ
1456 4968 1608 5045 πηγὴ
1668 4968 1940 5047 ἀγαθότη-

283 5080 378 5121 τος
433 5059 520 5114 καὶ
564 5057 711 5138 ἀρχὴ
769 5064 876 5125 τῆκ
953 5057 1411 5135 αὖτοαγαθότητος
1463 5060 1490 5113 6
1544 5058 1696 5117 Θεός.
1774 5060 1835 5116 Οἱ
1887 5056 1942 5114 δὲ

284 5147 555 5223 ἄνθρωποι
589 5149 634 5203 εἰ
680 5149 767 5205 καὶ
821 5148 1008 5226 ἀγαθοί
1065 5146 1246 5223 ἐσμεν,
1305 5145 1428 5203 ἀλλ’
1456 5150 1516 5205 οὗ
1544 5147 1757 5227 κυρίως,
1804 5145 1941 5203 ἀλλὰ

285 5237 423 5294 κατὰ
476 5238 746 5319 μετοχὴν,
802 5239 893 5294 καὶ
958 5238 1237 5312 ἐπίμικτον
1295 5235 1514 5316 ἔχοντες
1588 5238 1649 5293 τὸ
1721 5237 1939 5316 ἀγαθὸν,

283 5329 373 5383 καὶ
413 5328 661 5405 τρεπτόν.
709 5327 814 5392 Τὰς
857 5325 1073 5391 ἐντολὰς
1118 5324 1273 5389 οἶδας
1305 5342 1320 5358 ⁶
1357 5325 1445 5392 Μὴ
1486 5327 1810 5405 μοιχεύσῃς,
1856 5327 1935 5401 μὴ

286 5419 571 5497 φονεύσῃς,
632 5418 710 5493 μὴ
768 5415 1303 5496 ψεδδομαρτυρήσης,
1354 5415 1440 5471 καὶ
1493 5415 1557 5471 τὰ
1602 5414 1744 5481 ἐξῆς,
1792 5415 1935 5494 Πρό-

284 5529 436 5587 τερον
481 5510 508 5564 6
552 5508 714 5583 νόμος
758 5508 850 5583 τὰ,
890 5506 944 5563 ἐν
1000 5507 1089 5571 οἷς
1135 5504 1490 5583 εὖκολώτερον
1548 5503 1938 5585 ὁλισθαίνομεν,

284 5593 601 5677 διορθοῦται,
634 5601 751 5653 εἶτα
804 5598 871 5653 τὰ
928 5595 982 5652 ἐν
1014 5600 1098 5661 οἷς
1128 5596 1185 5653 οὗ
1214 5592 1428 5670 πολλοὶ,
1475 5590 1593 5649 οὐδὲ
1652 5593 1939 5676 πολλάκις,

285 5686 409 5741 οἷον
454 5688 513 5743 τὸ
586 5688 882 5767 μοιχεύειν,
952 5682 1136 5753 ἔπειδή
1194 5685 1253 5740 τὸ
1310 5684 1410 5763 πῦρ
1450 5683 1538 5740 καὶ
1595 5686 1812 5762 φυσικὸν
1855 5684 1943 5741 καὶ

983 4277 1010 4308 α
1073 4253 1250 4318 Οὐδεὶς
1310 4254 1526 4331 ἀγαθὸς,
1590 4255 1633 4310 εἰ
1690 4254 1767 4329 μή
1800 4255 1883 4316 εἷς
1917 4257 1951 4311 δ’

2013 2126 2254 2169 saurum
2285 2108 2349 2169 in
2391 2109 2586 2171 ccelo:
2635 2116 2695 2173 et
2744 2110 2899 2179 veni,
2948 2128 3201 2191 sequere
3253 2128 3371 2171 me.
3424 2108 3527 2169 His
3571 2108 3674 2168 ille

2013 2197 2229 2259 auditis
2262 2216 2511 2260 mairore
2529 2200 2771 2263 affectus
2798 2206 2904 2273 est,
2933 2200 3072 2280 quia
3093 2200 3255 2260 dives
3283 2205 3409 2259 erat
3436 2196 3667 2258 valde.»

2017 2288 2263 2349 Videtur
2290 2287 2392 2349 ille
2428 2289 2605 2350 homo
2657 2287 3011 2370 quibusdam
3056 2288 3344 2366 malignus
3376 2286 3671 2367 quispiam

2018 2394 2172 2451 essc,
2208 2385 2267 2437 et
2316 2376 2644 2457 illaqueare
2688 2396 2961 2458 quaerens
3000 2377 3202 2440 Jesum
3253 2376 3315 2437 iu
3364 2394 3667 2437 sermone.

2020 2468 2152 2529 Non
2184 2473 2274 2525 est
2303 2473 2499 2526 autem
2548 2467 2664 2528 hoc
2713 2466 3059 2541 verisimile,
3106 2466 3209 2528 sed
3257 2484 3464 2527 avarus
3495 2472 3668 2525 erat:

2024 2555 2305 2634 quoniam
2339 2562 2397 2614 et
2427 2556 2699 2617 Christus
2731 2574 2891 2636 eum,
2926 2557 3061 2636 quia
3093 2556 3224 2617 talis
3257 2567 3409 2634 erat,
3454 2554 3671 2630 arguit.

2024 2644 2259 2705 Etenim
2294 2652 2351 2706 et
2381 2644 2608 2707 Marcus
2639 2645 2782 2707 dicit
2828 2646 2982 2726 quod
3026 2645 3378 2723 accurrerit,
3417 2652 3471 2705 et
3516 2663 3674 2723 genu

2022 2733 2276 2808 ﬂexerit,
2334 2741 2392 2794 et
2448 2734 2852 2796 obsecraverit
2906 2734 3134 2815 Jesum,
3189 2742 3247 2795 et
3295 2733 3454 2813 quod
3504 2736 3676 2795 Jesus

2017 2821 2214 2901 ipsum
2265 2824 2589 2903 aspexerit,
2642 2832 2701 2885 et
2748 2824 3054 2887 dilexerit.
3105 2823 3291 2903 Igitur
3337 2823 3673 2885 divitiarum

2022 2919 2251 2973 amator
2275 2922 2399 2974 erat
2426 2914 2603 2974 homo
2634 2913 2758 2977 ille.
2806 2914 3054 2975 Accedit
3096 2922 3293 2975 autem
3339 2913 3411 2974 ad
3445 2915 3674 2987 Jesum,

2025 3000 2257 3062 discere
2288 3003 2538 3081 cupiens
2570 3003 2704 3062 4'57
2738 3003 2812 3064 de
2852 3002 2967 3064 vita
3016 3011 3257 3079 aeterna,
3311 3003 3573 3063 fortassis
3620 3010 3678 3062 et

2025 3089 2085 3149 in
2120 3090 2231 3151 hoc
2269 3091 2603 3153 divitiarum
2655 3098 2932 3155 sectator.
2987 3092 3148 3154 Ninil
3198 3091 3358 3153 enim
3411 3092 3489 3151 ita
3547 3090 3677 3151 vitae

2028 3179 2305 3258 cupidum
2341 3188 2452 3260 est,
2487 3189 2548 3241 ut
2581 3181 2758 3241 homo
2785 3181 3005 3243 divitiis
3025 3181 3293 3242 studens.
3328 3178 3677 3259 Suspicaba-

2030 3278 2124 3329 tur
2152 3268 2332 3347 igitur
2358 3270 2559 3333 Jesum
2592 3270 2993 3332 indicaturum
3026 3270 3142 3331 sibi
3183 3270 3423 3331 modum
3458 3287 3672 3349 quem-

2029 3357 2181 3436 piam
2230 3377 2346 3438 quo
2397 3358 2733 3421 divitiarum
2792 3360 3169 3440 possessione
3230 3367 3513 3439 perpetuo
3559 3358 3678 3426 frui

2029 3446 2233 3525 possit.
2271 3449 2583 3527 Postquam
2617 3456 2814 3508 autem
2842 3448 3127 3508 Dominus
3158 3447 3303 3509 dixit
3336 3446 3673 3507 divitiarum

2024 3533 2423 3613 abjectionem
2483 3537 2754 3597 conferre
2800 3536 2870 3597 ad
2922 3536 3094 3597 vitam
3146 3544 3450 3614 aeternam,
3509 3538 3675 3615 quasi

2025 3641 2190 3683 suam
2250 3625 2703 3704 reprehendens
2760 3625 3304 3704 interregationem.
3354 3634 3411 3687 et
3460 3625 3677 3688 Christi

2025 3731 2401 3792 responsum,
2433 3714 2598 3775 abiit.
2636 3714 2771 3794 Ipse
2804 3717 2963 3776 enim
2998 3716 3136 3796 quia
3168 3714 3426 3776 habebat
3464 3715 3677 3776 multas

2025 3801 2539 3875 divitias,multum
2558 3804 2860 3884 quaerebat
2878 3804 3053 3865 vitam
3076 3814 3419 3884 perpetuam
3434 3806 3673 3865 .Verum

2026 3910 2159 3951 cum
2217 3894 2677 3955 renuntiandum
2726 3902 2884 3955 esset
2930 3894 3197 3955 divitiis:
3253 3893 3393 3977 quid
3442 3913 3589 3973 opus
3622 3899 3683 3960 ei

2025 3990 2249 4042 aeterna
2282 3983 2419 4063 vita,
2452 3983 2555 4061 qui
2589 4001 2838 4063 pauper,
2871 3992 2934 4043 ut
2963 3982 3295 4056 videbatur,
3332 3992 3457 4043 erat
3483 3983 3675 4044 victur

2027 4078 2174 4133 rus?
2203 4071 2462 4133 Proinde
2485 4071 2714 4133 accedit
2734 4071 2805 4133 ad
2826 4071 3129 4133 Christum
3155 4079 3217 4132 ut
3246 4072 3320 4132 ad
3345 4071 3679 4153 simplicem

2029 4160 2332 4221 hominem
2363 4171 2419 4222 et
2445 4161 2773 4223 doctorem.
2800 4162 3024 4223 Idcirco
3050 4169 3107 4222 et
3128 4162 3413 4224 Dominus
3437 4162 3683 4222 demon-

2030 4260 2222 4311 strans
2252 4249 2407 4329 quod
2440 4269 2557 4310 non
2609 4259 2878 4327 oporteat
2927 4259 2997 4311 ad
3048 4252 3240 4331 ipsum
3293 4250 3579 4311 accedere
3618 4260 3680 4311 ut

2031 4356 2242 4417 purum
2265 4338 2595 4413 hominem,
2630 4339 2772 4399 dixit
2808 4361 2820 4401 :
2862 4360 2888 4397 ‹
2919 4339 3131 4401 Nullus
3155 4339 3366 4412 bonus,
3392 4339 3678 4401 nisiunus

2028 4426 2205 4489 Deus.
2264 4451 2284 4481 ι»
2339 4428 2592 4501 Bonum,
2652 4427 2862 4508 inquit,
2923 4447 3015 4488 me
3070 4428 3288 4501 dixisti,
3353 4446 3459 4487 cur
3505 4428 3681 4505 igitur

2028 4517 2325 4598 adjecisti,
2354 4517 2687 4598 Praeceptor
2703 4517 2994 4596 ‘?.Videris
3017 4518 3175 4578 enim
3211 4518 3363 4598 quod
3393 4535 3486 4579 me
3507 4520 3678 4597 quasi

2025 4626 2206 4667 unum
2255 4625 2324 4668 ex
2380 4606 2583 4667 multis
2615 4606 2855 4669 habeas.
2910 4607 3075 4678 Quod
3128 4607 3176 4666 si
3222 4606 3330 4685 sic,
3380 4626 3495 4666 non
3546 4627 3675 4668 sum

2026 4696 2243 4758 bonus.
2279 4695 2490 4759 Nullus
2523 4696 2681 4757 enim
2720 4696 3023 4756 hominum
3049 4695 3238 4757 bonus
3270 4698 3530 4776 proprie,
3564 4697 3682 4761 nisi

2025 4804 2181 4847 unus
2211 4785 2389 4847 Deus.
2408 4784 2573 4857 Quod
2598 4786 2648 4845 si
2674 4785 2892 4846 bonum
2918 4803 3013 4849 me
3036 4786 3241 4847 dicere
3271 4785 3375 4853 vis,
3403 4794 3464 4845 ut
3488 4788 3675 4847 Deum

2030 4893 2126 4936 me
2159 4875 2380 4935 bonum
2431 4874 2637 4936 dicas:
2690 4894 2763 4936 ne
2798 4875 3049 4936 accedas
3103 4882 3169 4937 ut
3221 4875 3294 4935 ad
3344 4875 3675 4955 simplicem

2027 4964 2355 5026 hominem.
2392 4964 2454 5026 Si
2489 4964 2648 5025 enim
2684 4982 2781 5025 me
2810 4981 3189 5027 communem
3222 4963 3539 5043 quemdam
3576 4965 3679 5025 ho-

2026 5055 2249 5117 minem
2285 5062 2475 5136 putas,
2525 5073 2600 5116 ne
2628 5072 2801 5116 voces
2833 5053 3079 5116 bonum.
3120 5053 3278 5115 Deus
3332 5054 3489 5114 enim
3541 5073 3679 5115 vere

2025 5143 2311 5214 bonus,et
2340 5145 2469 5205 fons
2494 5144 2861 5208 bonitatis,et
2892 5143 3250 5223 principium
3276 5142 3678 5206 substantialis

2028 5232 2346 5296 bonitatis:
2382 5252 2490 5294 nos
2525 5242 2721 5295 autem
2771 5233 3045 5294 homines
3089 5233 3229 5293 licet
3278 5232 3415 5293 boni
3465 5233 3674 5309 simus,

2025 5341 2141 5382 non
2171 5329 2368 5384 tamen
2396 5325 2660 5403 proprie,
2696 5322 2799 5382 sed
2828 5322 3152 5401 participes
3175 5320 3455 5382 bonitatis
3497 5321 3674 5399 illius,

2020 5412 2420 5493 promiscuam
2481 5412 2770 5473 habemus
2829 5410 3174 5485 bonitatem,
3238 5412 3680 5493 mutabilesque

2023 5500 2426 5563 sumus.Nosti
2451 5510 2774 5581 praecepta:
2798 5500 2928 5563 Non
2945 5501 3675 5584 committesadulterium,

2024 5609 2142 5653 non
2171 5592 2434 5664 occides,
2468 5611 2586 5654 non
2618 5591 2829 5653 falsum
2874 5591 3283 5652 testimonium
3329 5592 3513 5665 dices,
3556 5602 3671 5655 etc.

2025 5679 2199 5746 Prius
2222 5681 2314 5744 lex
2340 5681 2577 5761 corrigit
2603 5700 2670 5743 ea
2696 5681 2754 5742 in
2778 5700 2910 5761 qua:
2931 5681 3100 5742 facile
3125 5682 3423 5743 cadimus:
3462 5682 3678 5743 deinde
