4184 6400
605 331 741 394 1011

598 562 685 615 est
719 553 1078 630 adulterium
1113 551 1513 623 committere,
1547 549 1684 629 quia
1715 550 1867 628 ignis
1888 546 2174 610 naturalis
2194 553 2250 606 et

590 643 860 704 internus
886 659 901 716 ;
937 639 1233 715 occidere,
1258 639 1395 718 quia
1421 639 1572 700 mala
1593 638 1777 700 bestia
1803 646 1891 700 est
1915 634 2249 698 ira.Furari

592 741 787 792 autem
821 730 1002 791 levius
1035 738 1141 802 est,
1173 738 1232 790 et
1280 729 1338 788 in
1379 728 1590 788 falsum
1629 727 2029 789 testimonium
2057 724 2249 786 rarius

591 819 865 880 incidere
889 817 1204 897 contingit.
1224 816 1363 878 Ideo
1389 826 1445 878 et
1479 817 1576 878 illa
1608 817 1847 897 quidem
1883 815 2045 895 prius
2067 815 2248 875 corri-

591 918 919 987 guntur,eo
949 908 1107 988 quod
1138 907 1310 968 facile
1334 907 1391 967 in
1422 905 1522 968 illa
1554 906 1957 987 prolabamur,
1982 902 2248 980 quamvis

590 998 809 1078 alioqui
848 997 1113 1076 graviora
1143 996 1260 1056 sint
1329 995 1465 1056 Haec
1488 1005 1712 1069 autem,
1749 995 1968 1055 furtum
2003 993 2158 1066 dico,
2192 1001 2250 1053 et

593 1087 801 1149 falsum
837 1086 1267 1155 testimonium,
1306 1086 1571 1146 secundo
1624 1086 1751 1145 loco
1805 1083 1990 1164 ponit,
2026 1092 2088 1144 ut
2121 1100 2248 1162 qum

589 1176 784 1238 rarius
799 1179 1234 1253 contingant,et
1259 1175 1482 1236 leviora
1504 1175 1642 1236 sint.
1673 1173 1936 1235 Porroin
1971 1179 2244 1253 parentes

592 1266 1140 1346 pet-care,quanwis
1158 1263 1468 1342 sitgrande
1495 1271 2241 1344 peccatum,verumtamen

590 1356 785 1416 rarius
819 1354 1129 1432 contingit.
1158 1356 1288 1415 Non
1322 1352 1478 1413 enim
1519 1353 1690 1414 facile
1722 1352 2020 1413 invenitur
2041 1351 2139 1429 qui
2165 1352 2243 1411 ita

593 1443 942 1506 bestialibus
966 1441 1414 1512 moribussit,ut
1435 1441 1493 1501 in
1519 1450 1796 1522 parentes
1817 1439 2240 1515 debacchetur,

595 1533 762 1612 pauci
787 1533 946 1594 enim
980 1540 1399 1611 sunt,raroque
1424 1531 1490 1590 ﬁt
1517 1549 1530 1591 :
1562 1539 1620 1590 et
1652 1530 1785 1590 ideo
1826 1529 2117 1610 posterius
2143 1548 2242 1609 po-

595 1626 1025 1706 nit.l’ostquam
1051 1635 1246 1686 autem
1281 1623 1634 1684 adolescens
1665 1642 1729 1683 se
1753 1622 2090 1684 omniahaac
2123 1641 2244 1684 ser-

1560 321 2154 392 THEOPHYLACTI
2203 321 2611 383 BULGARIIE
2656 322 3006 384 ARCHIEP.

593 466 769 528 etiam
805 484 870 526 ea
899 465 958 524 in
991 463 1207 544 quibus
1236 479 1353 525 non
1389 461 1579 534 multi,
1641 479 1833 541 neque
1864 459 2079 540 sapius
2110 478 2123 517 :
2166 460 2239 517 uti

2337 452 2561 530 ἔνδοθεν,
2620 458 2679 511 τὸ
2732 456 2991 534 φονεύειν,
3047 454 3234 522 ἐπειδὴ
3290 458 3426 533 μέγα

3820 323 3954 387 1012

3484 456 3661 534 θηςῘον
3705 459 3729 512 6
3773 460 3915 530 θυμός
3942 475 3951 487 ·

2332 546 2403 602 Τὸ
2461 543 2515 599 δὲ
2569 543 2817 602 κλέπτειν
2871 543 3243 625 ἐλαφρότερον,
3300 548 3389 602 καὶ
3441 551 3510 622 τῇ
3570 543 3961 625 ψευδομαρτυρίαι

2331 634 2612 697 σπανιάκις
2674 633 3006 710 περιπίπτειν
3049 633 3182 694 ἔστι.
3239 636 3332 690 Διὸ
3389 633 3573 691 ἐκεῖνα
3605 635 3698 709 μὲν
3729 635 3956 714 πρότερον

2330 720 2642 802 διορθοῦται,
2676 724 2770 780 οἶα
2813 723 3045 786 εὐκόλως
3112 723 3267 798 ἡμῶν
3324 725 3396 788 εἰς
3441 723 3624 780 ἐκεῖνα
3650 722 3958 780 όλισθαινόν-

2328 833 2456 881 των,
2518 814 2604 868 καὶ
2659 811 2832 875 ἄλλως
2877 814 3134 892 βαρύτερα
3178 812 3328 871 ὄντα.
3389 821 3562 871 Ταῦτα
3611 811 3689 892 δὲ,
3718 813 3808 880 τὴν
3837 812 3956 870 κλο-

2330 902 2438 970 πήν
2495 924 2659 981 φημι,
2723 903 2810 957 καὶ
2859 902 2956 969 τὴν
3001 899 3476 981 ψευδομαρτυρίαν,
3522 900 3702 980 δετέρα
3749 903 3955 975 τίθησιν,

2330 992 2402 1052 ὡς
2447 992 2857 1059 καίσπανιάκις
2915 991 3226 1064 ἀπατῶντα,
3288 993 3376 1046 καὶ
3433 990 3773 1070 ἐλαφρότερα.
3825 991 3959 1047 Ἐπεί

2329 1076 2383 1133 δὲ
2417 1081 2478 1136 τὸ
2507 1081 2578 1144 εἷς
2612 1094 2792 1158 γονεῖς
2823 1081 3171 1159 ἁμαρτάνειν,
3209 1082 3252 1136 εἰ
3297 1084 3382 1137 καὶ
3415 1081 3554 1158 μέγα
3611 1080 3748 1135 ἐστὶν
3804 1081 3957 1157 ἁμαρ-

2328 1189 2495 1243 τημα,
2532 1167 2650 1224 ἀλλ’
2683 1170 2770 1225 οὖν
2801 1172 2872 1230 ὡς
2905 1171 2983 1244 μὴ
3014 1169 3271 1248 συχνάκις
3325 1168 3621 1246 συμϐαῖνον
3653 1185 3666 1200 ⁸
3715 1165 3826 1224 οὐδὲ
3876 1171 3960 1246 γὰρ

2328 1261 2579 1314 τοσοῦτον
2641 1257 2916 1337 θηριώδεις
2991 1258 3224 1321 εὐκόλως
3288 1260 3618 1337 εὑρίσκονται
3677 1260 3723 1312 οἱ
3765 1255 3955 1335 πολλοὶ,

2327 1348 2400 1410 ὡς
2461 1349 2531 1412 εἰς
2593 1362 2773 1425 γονεῖς
2826 1362 3126 1427 παροινεῖν,
3185 1347 3304 1404 ἀλλ’
3354 1349 3626 1427 ὃλιγάκις,
3670 1349 3754 1402 καί
3783 1345 3954 1422 ὀλίγοι·

2328 1435 2543 1514 ὕστερον
2611 1437 2812 1492 τούτων
2866 1436 3122 1495 τέθεικεν.
3185 1429 3277 1499 Ὠς
3336 1433 3391 1491 δὲ
3471 1439 3498 1492 6
3542 1438 3807 1498 νεανίσκος
3849 1436 3957 1491 εἷπε

2328 1534 2491 1583 ταῦτα
2532 1525 2703 1581 πάντα
2746 1524 3065 1606 φυλάξασθαι
3123 1524 3184 1581 ὲκ
3245 1525 3521 1598 νεότητος,
3573 1527 3636 1581 τὸ
3693 1523 3955 1604 κεφάλαιον

2326 1610 2538 1670 πάντων
2599 1616 2696 1682 τὴν
2728 1614 3104 1690 ἆκτημοσύνην
3136 1618 3162 1671 6
3218 1615 3405 1692 Κύριος
3460 1616 3604 1688 αὖτῷ
3658 1615 3953 1670 ὑποτίθεται.

592 1733 764 1776 νδεεθ
798 1692 942 1775 ἀὶιίἰῑ
994 1733 1026 1775 a
1069 1715 1403 1792 juvmitute,
1441 1713 1803 1793 praescripsit
1852 1721 1910 1772 et
1962 1713 2239 1774 Dominus

2330 1692 2475 1772 ”Ορα
2531 1701 2584 1758 δὲ
2653 1703 2844 1778 νόμους
2920 1709 3293 1784 Χριστιανικῆς
3351 1702 3623 1764 πολιτείας
3704 1709 3778 1774 τῷ
3837 1701 3953 1778 ὄντι,

595 1789 1206 1883 paupertatem,caput
1233 1789 1500 1862 omnium
1533 1789 1836 1864 virtutum.
1875 1801 2020 1863 Vide
2044 1810 2239 1862 autem

2327 1794 2506 1849 Πάντα
2550 1791 2649 1848 ὅσα
2693 1792 2840 1874 ἔχεις
2886 1795 3164 1864 πώλησον,
3199 1794 3356 1873 φησίν
3393 1809 3406 1823 ⁸
3471 1794 3514 1848 εἰ
3560 1793 3659 1871 γάρ
3689 1813 3738 1846 τι
3779 1789 3954 1846 ἐναπο-

594 1878 782 1972 legem
808 1878 1141 1955 Christiana
1162 1891 1274 1951 vita
1307 1890 1542 1970 dignam
1567 1909 1581 1954 :
1619 1891 1834 1954 Omnia
1852 1909 2239 1972 quaecumque

2328 1881 2510 1959 μείνῃ,
2560 1879 2759 1940 ἐκείνου
2801 1881 2985 1946 δοῦλος
3047 1882 3103 1937 εἴ
3139 1897 3155 1912 ⁶
3217 1882 3305 1938 καὶ
3360 1878 3563 1953 διάδος,
3612 1880 3670 1936 οὔ
3712 1878 3956 1956 συγγενέσι

592 1966 776 2041 habes
809 1979 1222 2060 vende.inquit
1250 1996 1265 2052 ',
1299 1966 1433 2040 nam
1468 1979 1516 2040 si
1550 1980 1691 2060 quid
1722 1966 2060 2060 reliqueris,
2085 1966 2239 2040 illius

2326 1968 2620 2036 πλουσίοις.
2671 1969 2810 2027 ἀλλὰ
2853 1985 3128 2051 πτωχοῖς.
3165 1975 3332 2045 Οἶμαι
3361 1968 3416 2025 δὲ
3446 1968 3528 2024 ὅτι
3558 1971 3648 2026 καὶ
3678 1991 3735 2023 το
3768 1966 3956 2039 Διάδος,

590 2087 795 2130 servus
821 2088 903 2130 es.
941 2068 1011 2129 Et
1039 2057 1327 2130 distribue
1355 2086 1473 2128 non
1501 2057 1781 2130 divitibus
1812 2057 2100 2148 cognatis,
2135 2067 2239 2128 sed

2328 2057 2555 2140 ἔμφασιν
2615 2060 2731 2142 ἔχει
2790 2073 2881 2122 τοῦ
2940 2063 3076 2137 μετα
3132 2063 3377 2139 κρίσεως,
3439 2062 3528 2116 καὶ
3582 2061 3658 2136 μὴ
3686 2062 3756 2122 ὡς
3793 2057 3952 2136 ἔτυχε,

591 2159 973 2239 pauperibus.
1018 2157 1211 2219 Habet
1238 2165 1529 2222 aul.em.et
1568 2143 1962 2219 distribuenili
1996 2143 2238 2220 verbum

2323 2152 2413 2206 τὸν
2457 2152 2563 2208 τῶν
2623 2152 2922 2230 χρημάτων
2983 2153 3313 2231 σκορπισμὸν
3365 2152 3662 2208 ποιεῖσθαι.
3720 2147 3861 2206 Ἐπεὶ
3909 2143 3954 2202 δέ

590 2238 918 2328 emphasim
944 2247 1288 2328 quamdam,
1314 2255 1377 2307 ut
1407 2266 1540 2308 cum
1574 2246 2090 2327 dijudicatione,et
2120 2266 2238 2308 non

2323 2239 2416 2294 σὺν
2459 2246 2524 2316 τῇ
2582 2240 2929 2317 ἀκτημοσύνῃ
2961 2239 3044 2296 δεῖ
3073 2242 3162 2296 καί
3190 2241 3290 2306 τὴν
3351 2238 3525 2305 ἄλλην
3573 2239 3760 2317 ἀρετὴν
3800 2242 3952 2291 πᾶσαν

589 2323 830 2400 fortuito
865 2323 1285 2416 dispergantur
1310 2335 1486 2398 bona.
1532 2323 1672 2396 458
1716 2336 2006 2408 Quoniam
2043 2344 2238 2398 autem

2323 2343 2598 2407 προσεῖναι
2631 2336 2708 2403 τῷ
2749 2331 3028 2410 ἀνθρώπῳ,
3090 2327 3174 2385 διὰ
3219 2336 3372 2385 τοῦτο
3436 2333 3560 2385 εἷπε
3595 2343 3608 2358 ⁸
3677 2329 3769 2384 Καὶ
3825 2323 3948 2400 δεῦρο

591 2445 724 2486 cum
752 2412 1093 2506 paupertate
1106 2434 1156 2486 el
1173 2426 1317 2485 alias
1339 2425 1560 2487 habere
1574 2427 1814 2486 virtutes
1837 2426 2236 2488 Christianum

2323 2416 2596 2475 ἀκολούθει
2657 2441 2772 2493 μοι,
2815 2419 3077 2492 τουτέστι,
3149 2420 3246 2476 Καὶ
3315 2418 3369 2473 ἐν
3425 2424 3556 2474 πᾶσι
3616 2430 3730 2480 τοῖς
3785 2412 3946 2473 ἄλλοις

592 2505 1167 2596 Oportet,propterea
1193 2514 1331 2574 dicit
1358 2536 1369 2576 :
1402 2514 1472 2574 Et
1503 2515 1658 2584 veni.
1691 2533 1940 2593 sequere
1962 2534 2091 2576 me:
2130 2516 2239 2576 hoc

2324 2505 2433 2562 ἴσθι
2495 2510 2739 2582 μαθητὴς
2799 2508 2950 2583 ἐμὸς,
3011 2513 3098 2564 καὶ
3145 2508 3225 2563 ἀεὶ
3277 2505 3575 2579 ἀκολούθει,
3632 2506 3708 2581 μὴ
3737 2506 3944 2578 σήμερον

591 2589 700 2678 est,
738 2615 795 2664 et
823 2589 879 2664 in
920 2589 1198 2664 omnibus
1228 2602 1363 2665 aliis
1409 2612 1534 2664 esto
1588 2589 1915 2682 discipulus
1957 2622 2149 2679 meus,
2183 2613 2239 2666 et

2325 2596 2449 2677 μὲν,
2510 2595 2686 2676 αὔριον
2717 2595 2763 2652 δ’
2795 2595 2875 2659 οῦ,
2931 2589 3020 2663 Ὠς
3078 2594 3132 2652 δὲ
3190 2594 3588 2676 φιλοχρημάτῳ
3617 2592 3945 2671 ἐπηγγείλατο

589 2711 827 2771 semper
855 2710 1130 2772 sequere,
1167 2710 1282 2751 non
1338 2691 1514 2753 hodie
1563 2679 1827 2773 quidem,
1867 2712 1998 2754 cras
2041 2707 2237 2755 autem

2325 2687 2416 2740 τὸν
2457 2688 2512 2741 ὶν
2571 2687 2815 2764 οὐρανοῖς
2857 2687 3144 2764 θησαυρὸν,
3191 2683 3310 2740 ἀλλ’
3356 2685 3414 2739 οὗ
3459 2682 3756 2762 προσέσχεν
3797 2685 3822 2736 6
3862 2679 3945 2759 ἅρ-

588 2769 1024 2842 non.Utautem
1051 2799 1222 2840 avaro
1251 2784 1520 2860 promisit
1539 2769 1841 2843 cinlestem
1871 2783 2237 2859 thesaurum,

2326 2796 2464 2853 χιον,
2529 2772 2710 2836 δοῦλος
2768 2775 2866 2852 γὰρ
2896 2773 2960 2840 ἧν
2990 2780 3095 2829 τῶν
3125 2773 3454 2853 χρημάτων,
3508 2769 3586 2827 διό
3629 2775 3714 2827 καὶ
3743 2770 3946 2831 ἀκούσας

570 2864 699 2932 sed
725 2891 838 2931 non
859 2871 1111 2930 attendit
1135 2869 1255 2932 ille:
1281 2888 1486 2931 servus
1509 2873 1664 2932 enim
1687 2879 1814 2932 erat
1831 2871 2235 2950 pecuniarum:

2325 2861 2588 2932 ἐλυπήθη,
2624 2861 2703 2917 ὅτι
2735 2863 2983 2941 στέρησιν
3045 2864 3185 2937 αὐτῷ
3245 2867 3343 2928 τῆς
3375 2862 3616 2931 κτήσεως
3648 2861 3942 2937 εἰσηγεῖται,

585 2960 722 3020 ideo
756 2968 812 3020 et
837 2967 900 3020 ut
918 2958 1318 3037 aurlivit,abiit
1341 2959 1546 3040 tristis,
1569 2978 1639 3020 eo
1666 2945 2239 3041 quod'possessionis

2324 2949 2454 3006 ὅπου
2511 2973 2571 3030 γε
2624 2954 2777 3015 αῦτος
2824 2954 2911 3007 καὶ
2955 2953 3051 3019 τῆς
3096 2953 3306 3009 αἰωνίου
3348 2955 3493 3020 ζωῆς
3538 2949 3621 3006 διὰ
3663 2956 3812 3004 τοῦτο
3840 2945 3946 3002 ἐτει-

587 3051 828 3130 privatio
853 3057 1013 3110 esset
1035 3048 1090 3109 ei
1113 3035 1547 3128 dicta,propter
1576 3035 1752 3129 quam
1787 3035 1918 3129 ipse
1955 3059 2234 3110 aeternam

2323 3042 2508 3115 θυμεῖ,
2556 3042 2628 3104 ὡς
2676 3042 2736 3096 ἂν
2784 3041 2867 3096 ἐπὶ
2912 3041 3049 3096 πολὺ
3094 3047 3160 3116 τῇ
3203 3047 3307 3094 τῶν
3363 3041 3663 3120 χρημάτων
3705 3035 3949 3115 περιουσίᾳ

583 3143 756 3198 vitam
791 3137 1108 3212 desiderat,
1135 3156 1251 3217 quo
1301 3138 1484 3217 possit
1523 3147 1810 3218 perpetuo
1844 3139 2064 3200 divitiis
2095 3139 2230 3202 frui.

585 3228 873 3289 Caeterum
910 3236 965 3287 et
995 3227 1231 3287 tristitia
1261 3227 1451 3305 arguit
1483 3246 1616 3288 eum
1651 3227 2001 3290 benevolum
2029 3235 2089 3288 et
2117 3247 2233 3289 non

587 3317 904 3395 malignum
943 3316 1146 3378 fuisse.
1199 3315 1409 3378 Nullus
1461 3317 1616 3376 enim
1654 3316 2083 3378 Pharisaeoaum
2119 3337 2232 3378 un-

585 3425 763 3484 quam
810 3404 994 3468 tristis
1040 3404 1205 3479 abiit,
1251 3404 1353 3464 sed
1401 3418 1783 3485 exasperatus
1833 3406 2048 3484 potius.
2105 3408 2232 3467 Non

2318 3134 2405 3187 καὶ
2464 3132 2684 3194 αἰωνίως
2745 3129 2980 3204 ἐμϐιοίη,
3049 3134 3142 3188 Καὶ
3229 3132 3291 3185 τὸ
3349 3129 3654 3198 λυπηθῆναι
3711 3126 3764 3184 δὲ
3809 3127 3947 3182 αὐτὸν

2318 3220 2647 3299 εὐγνώμονα,
2710 3219 2828 3276 ἀλλ’
2866 3223 2925 3276 οὗ
2961 3228 3255 3298 πανοῦργον
3302 3216 3588 3286 ῦποδηλοῖ,
3647 3217 3814 3278 Οὗδεὶς
3842 3221 3949 3291 γοῦν

2318 3316 2422 3366 τῶν
2471 3311 2768 3388 Φαρισαίων
2812 3308 3050 3378 ἐλυπήθη
3083 3309 3236 3382 ποτε,
3273 3306 3408 3364 ἀλλὰ
3440 3306 3646 3384 μᾶλλον
3675 3307 3944 3385 ἠγρίαινον.

2318 3399 2424 3456 Οὐκ
2479 3399 2654 3476 ἀγνοώ
2711 3398 2788 3475 δὲ,
2837 3399 2918 3454 ὅτι
2955 3400 2982 3453 6
3022 3397 3189 3475 μέγας
3233 3397 3330 3464 τῆς
3391 3397 3707 3472 οἰκουμένης
3753 3392 3949 3474 φωστὴρ

2321 3489 2349 3544 6
2407 3495 2635 3568 χρυσοῦς
2685 3490 2781 3556 τὴν
2812 3485 3054 3566 γλῶτταν
3097 3493 3195 3554 τῆς
3243 3485 3404 3551 ὅντως
3448 3487 3663 3543 αἰωνίου
3692 3483 3824 3556 ζωῆς
3851 3481 3950 3537 ἐπι-

2320 3579 2508 3650 θυμεῖν
2564 3580 2654 3632 τὸν
2708 3577 2976 3633 νεανίσκον
3028 3583 3210 3632 τοῦτον
3269 3573 3500 3648 ἐδέξατο,
3571 3576 3655 3630 καί
3696 3576 3810 3652 ὲρᾷν
3863 3571 3949 3645 μὲν

2322 3666 2514 3740 αὐτῆς,
2559 3666 2882 3746 κατέχεσθαι
2939 3664 2993 3720 δὲ
3057 3667 3208 3722 πάθει
3267 3666 3462 3738 μείζονι
3514 3671 3584 3742 τῇ
3613 3661 3905 3744 φιλαργυρίᾳ
3933 3673 3944 3685 ³

2324 3752 2463 3823 πλὴν
2496 3760 2588 3814 οὒκ
2619 3755 2780 3834 ἄχαρι
2824 3755 2910 3810 καὶ
2941 3755 2968 3809 ὃ
3000 3761 3086 3809 νῦν
3130 3754 3442 3833 προσετέθη,
3479 3753 3562 3812 ὅτι
3595 3757 3665 3817 ὼς
3697 3747 3946 3832 φιλοχρή-

2323 3867 2491 3920 ματος
2523 3846 2769 3919 ἒπεθύμει
2799 3849 2942 3916 ζωῆς
2977 3845 3206 3904 αἰωνίου.

583 3494 792 3572 ignoro
813 3503 1009 3556 autem
1026 3493 1182 3574 quod
1209 3511 1485 3570 magnum
1511 3493 1804 3555 luminare
1828 3495 2029 3554 mundi
2057 3495 2240 3575 Chry-

586 3593 883 3644 εοείοιηυε
912 3582 1353 3644 adolescentem
1387 3584 1548 3644 hunc
1579 3601 1714 3644 vere
1745 3593 2020 3644 aeternam
2056 3585 2236 3644 vitam

585 3671 959 3733 desiderasse
984 3671 1462 3750 putarit,etquod
1484 3672 1643 3732 illam
1669 3673 1908 3752 quidem
1929 3675 2234 3745 amaverit,

586 3761 892 3823 laborasse
922 3769 1117 3822 autem
1148 3759 1481 3822 difﬁciliore
1512 3761 1716 3822 morbo
1742 3763 2000 3824 avaritiae
2027 3785 2038 3822 :
2077 3763 2237 3823 nihi-

586 3852 844 3912 lominus
879 3869 997 3911 non
1043 3859 1207 3911 caret
1249 3850 1440 3929 gratia
1473 3853 1622 3930 quod
1659 3870 1774 3912 non
1799 3853 2093 3929 adjectum
2125 3862 2234 3922 est.

584 3941 739 4022 quod
762 3947 1039 4018 tanquam
1058 3957 1267 3999 avarus
1281 3938 1460 3998 vitam
1483 3950 1761 4001 asternam
1784 3941 2234 4002 desideraverit.

670 4031 850 4091 Vens.
880 4029 953 4090 24
987 4027 1362 4090 30.«Videns
1385 4037 1577 4089 autem
1596 4031 1766 4091 Jesus
1791 4029 1956 4091 illum
1984 4050 2238 4092 maerore

2409 4045 2434 4076 α
2486 4020 2629 4079 Ἰδὼν
2681 4019 2733 4077 δὲ
2783 4021 2937 4078 αὐτὸν
2989 4024 3014 4078 ὁ
3082 4021 3283 4088 Ἰησοῦς
3324 4020 3612 4100 περίλυπον
3660 4019 3943 4099 γενόμενον,

582 4117 1056 4179 affectumdixit:
1087 4115 1270 4188 Quam
1295 4117 1538 4179 difﬁcile
1562 4117 1661 4198 qui
1683 4121 1964 4199 pecunias
1988 4120 2234 4193 habent,

2323 4114 2443 4167 εἷπε
2483 4129 2496 4143 ⁸
2536 4117 2654 4173 Ιίὦς
2685 4107 2952 4173 δυσκόλως
2983 4113 3029 4166 οἰ
3060 4112 3123 4166 τὰ
3154 4113 3413 4190 χρήματα
3445 4109 3685 4189 ἔχοντες,
3732 4102 3943 4162 εἰσελεύ-

583 4211 640 4267 in
674 4225 922 4284 regnum
951 4205 1056 4266 Dei
1082 4204 1430 4266 intrabunt!
1467 4192 1722 4268 Fac—ilius
1745 4217 1833 4270 est
1852 4212 2010 4269 enim
2045 4192 2236 4271 came?

2323 4222 2499 4282 πονται
2544 4201 2616 4262 εἰς
2647 4205 2747 4260 τὴν
2803 4198 3069 4256 εασιλείαν
3103 4208 3193 4256 τοῦ
3238 4199 3404 4261 θεοῦί
3453 4201 3820 4274 Εὐκοπώτερον
3860 4192 3945 4269 γὰρ

577 4297 700 4357 lum
739 4279 845 4377 per
873 4295 1136 4356 foramen
1164 4313 1311 4356 acus
1342 4299 1620 4372 transire,
1657 4317 1829 4378 quam
1859 4297 2100 4359 divitem
2136 4299 2232 4359 in-

2323 4279 2732 4364 Eatt‘adpnlov
2823 4288 2906 4344 διὰ
2984 4289 3277 4369 τρυμαλιᾶς
3336 4287 3548 4368 ῥαφίδος
3607 4286 3848 4356 διελθεῖν,
3916 4279 3945 4344 ἦ

581 4370 830 4446 ιηπέίη
861 4403 1110 4463 regnum
1147 4383 1274 4446 Dei.
1311 4388 1381 4447 Et
1411 4370 1692 4446 dixerunt
1723 4387 1820 4466 qui
1867 4387 2179 4448 audierant
2215 4409 2229 4449 :

2323 4377 2569 4434 πλούπιον
2627 4380 2699 4442 εἷς
2759 4380 2854 4446 τὴν
2913 4379 3184 4454 βασιλεία)
3229 4386 3320 4435 τοῦ
3367 4381 3498 4436 Θεοῦ
3524 4377 3799 4435 εἰσελθεῖν,

576 4475 647 4537 Et
669 4475 801 4552 quis
825 4481 1016 4555 potest
1054 4473 1251 4536 salvus
1281 4472 1460 4534 ﬁeri?
1492 4479 1567 4537 At
1613 4474 1718 4536 ille
1741 4464 1830 4536 ait
1875 4497 1888 4534 :
1943 4475 2085 4546 Quae
2117 4477 2233 4536 im-

2323 4491 2417 4524 πον
2475 4467 2530 4523 δὲ
2575 4471 2622 4525 οἱ
2653 4468 2970 4534 ἀκούσαντες
3006 4488 3019 4502 ·
3074 4471 3167 4527 Καὶ
3202 4469 3276 4530 τίς
3309 4466 3519 4524 δύναται
3567 4469 3835 4532 σωθῆναιζ
3886 4464 3946 4512 Ὀ

581 4551 890 4645 possibilia
921 4573 1058 4624 sunt
1083 4564 1238 4642 apud
1275 4563 1572 4644 homines,
1597 4565 1900 4644 possibilia
1923 4575 2061 4626 sunt
2081 4566 2233 4645 apud

2323 4554 2372 4611 δὲ
2429 4558 2555 4614 εἷπε
2591 4575 2602 4588 ·
2663 4559 2738 4616 Τὰ
2797 4556 3022 4614 ἀδύνατα
3076 4559 3218 4636 παρὰ
3273 4557 3591 4634 ἀνθρώποις.
3640 4551 3824 4611 δυνατά
3851 4551 3948 4602 ἔστι

577 4635 787 4718 Deum.
822 4655 918 4714 Ait
947 4635 1148 4714 autem
1199 4655 1403 4713 Petrus
1455 4673 1467 4714 :
1531 4635 1683 4715 Ettce
1731 4673 1839 4714 nos
1886 4635 2236 4735 reliquimus

2323 4648 2460 4725 παρὰ
2492 4655 2567 4722 τῷ
2601 4654 2739 4720 usq».
2789 4649 2929 4704 Εἶπε
2960 4646 3014 4702 δὲ
3061 4649 3087 4704 ὂ
3133 4635 3324 4718 Πέτρος
3364 4663 3375 4675 ·
3438 4645 3566 4704 ἰδοὺ
3597 4649 3758 4720 ἡμεῖς
3789 4635 3948 4716 ἀφυί-

574 4746 796 4806 omnia.
822 4743 934 4815 Qui
965 4742 1112 4803 dixit
1140 4742 1267 4804 eis:
1301 4744 1494 4804 Amen
1527 4743 1659 4804 dico
1695 4744 1891 4818 vobis,
1925 4726 2106 4805 nemo
2145 4737 2236 4807 est

2323 4755 2491 4809 καμεν
2541 4736 2735 4792 πάντα.
2803 4726 2860 4792 Ὀ
2904 4731 2958 4790 δὲ
3001 4738 3154 4791 εἶπεν
3201 4737 3341 4810 αὖτῴ
3375 4758 3386 4769 ·
3427 4735 3596 4810 Ἀμὴν
3640 4733 3778 4807 λέγω
3805 4729 3941 4799 ὑμῖν,

576 4834 675 4912 qui
706 4809 946 4912 reliquit
978 4831 1243 4909 domum,
1276 4839 1378 4892 aut
1406 4841 1704 4912 parentes,
1725 4841 1826 4893 aut
1863 4809 2096 4906 fratres,
2132 4843 2235 4896 aut

2323 4823 2399 4879 ὅτι
2450 4824 2614 4889 οὐδείς
2647 4824 2812 4898 ἐστιν,
2861 4825 2916 4889 ὃς
2963 4823 3166 4903 ἀφῆκεν
3210 4825 3400 4900 οἰκίαν,
3501 4836 3703 4903 γονεῖς,
3736 4819 3770 4884 ἢ
3799 4809 3940 4870 ἀδελ-

575 4909 967 4991 ιιχοτθιηξειιιι
1000 4920 1221 4981 liberos
1255 4931 1499 5000 propter
1532 4909 1779 4999 regnum
1816 4923 1946 4994 Dei,
1979 4925 2079 5003 qui
2113 4943 2230 4985 non

2323 4915 2466 4992 ροὺς,
2507 4914 2541 4981 ἢ
2573 4928 2822 4990 γυναῖκα,
2887 4913 2922 4982 ἢ
2973 4915 3129 4969 τέκνα
3180 4913 3354 4970 ἕνεκεν
3398 4920 3495 4982 τῆς
3547 4909 3809 4990 βασιλείας
3862 4909 3939 4955 του

574 5019 930 5090 recepturus
961 5009 1038 5070 sit
1071 4995 1458 5089 multo-plura
1506 5009 1565 5071 in
1603 4995 1714 5072 hoc
1760 4995 2052 5092 tempore,
2085 5021 2143 5073 et
2175 5016 2232 5074 in

2323 5011 2468 5074 Θεοῦ,
2503 5005 2560 5066 ὃς
2611 5003 2670 5059 οὗ
2714 5005 2792 5080 μὴ
2822 5001 3068 5080 ἀπολάϐη
3130 5002 3562 5060 πολλαπλασίονα
3606 5003 3657 5058 ἐν
3687 5004 3761 5070 τῷ
3793 4995 3940 5067 καιρῴ

572 5089 820 5162 venturo
853 5099 1071 5160 saeculo
1095 5097 1274 5158 vitam
1305 5111 1612 5162 aeternam.
1655 5126 1678 5156 ν
1727 5089 2039 5181 Postquam
2071 5102 2232 5163 dives

2323 5094 2506 5166 τούτῳ,
2541 5095 2628 5150 καὶ
2670 5093 2726 5149 ἐν
2770 5101 2846 5169 τῷ
2876 5096 3024 5150 αἰῶνι
3057 5101 3130 5167 τῷ
3161 5093 3441 5173 ἐρχομένῳ
3468 5095 3610 5164 ζωὴν
3643 5089 3862 5146 αἰώνιον.
3914 5101 3935 5129 ι

571 5190 805 5252 audivit
836 5187 1202 5268 abjiciendas
1233 5187 1488 5255 divitias.
1527 5208 1780 5252 mcerore
1819 5175 2066 5252 alit-ctus
2091 5200 2181 5254 est
2217 5224 2228 5264 ε

2323 5180 2538 5249 Ἐπειδὴ
2599 5185 2625 5238 ὁ
2683 5181 2934 5247 πλούσιος
3015 5183 3241 5245 ἀκούσας
3299 5184 3396 5250 τὴν
3454 5189 3560 5238 των
3610 5175 3939 5255 ὑπαρχόντων

573 5280 731 5340 unde
755 5262 1211 5341 dicit'Dominus
1229 5276 1564 5338 admirabili
1585 5279 1772 5357 ﬁgura
1797 5280 2092 5361 quomodo
2116 5262 2233 5342 dif?

2323 5272 2616 5338 απόκτησιν
2697 5271 2958 5344 ἐλυπήθη,
3047 5274 3203 5350 φησὶν
3263 5275 3288 5328 6
3370 5273 3553 5351 Κύριος
3623 5262 3942 5341 θαυμαστικῲ

2316 5367 2390 5434 τῷ
2454 5361 2724 5440 σχήματι,
2771 5367 2892 5425 Πῶς
2923 5360 3192 5423 δυσκόλως
3225 5363 3270 5415 οἱ
3315 5363 3380 5416 τα
3431 5362 3687 5440 χρήματα
3718 5353 3937 5440 ἔχοιδξεξ,

2313 5447 2700 5506 εἰσελεύσονται
2733 5452 2805 5508 εἰς
2849 5452 2948 5518 τήν
3006 5449 3280 5527 βασιλείαν
3336 5457 3431 5506 τοῦ
3490 5444 3651 5505 Θεοῦί
3687 5442 3778 5498 οὒκ
3805 5437 3940 5527 εἶπεν

2311 5539 2392 5595 ὅτι
2436 5536 2701 5604 ἀδυνάτως
2760 5540 2975 5620 ἔχουσιν
3019 5539 3300 5614 εἰσελθεῖν,
3358 5537 3494 5594 ἀλλὰ
3538 5532 3819 5593 δυσκόλως.
3878 5532 3939 5620 9‘1

572 5368 726 5430 ﬁcile
747 5368 822 5429 sit
845 5366 1135 5428 habentes
1161 5367 1450 5446 pecunias
1481 5369 1536 5428 in
1569 5386 1815 5445 regnum
1835 5370 2230 5432 cmlorumin-

569 5458 760 5536 gredi.
784 5455 910 5518 Non
942 5457 1082 5516 dicit
1114 5455 1270 5536 quod
1311 5456 1683 5535 impossibile
1720 5458 1793 5518 sit
1833 5476 1936 5520 eos
1973 5460 2226 5536 ingredi,

570 5546 674 5610 sed
700 5546 947 5606 difﬁcile
978 5544 1106 5607 Non
1132 5545 1686 5623 enimimpossibile
1709 5561 1799 5609 est
1818 5548 2030 5609 salvari
2058 5549 2226 5610 tales.
2311 5544 2392 5595 ὅτι
2436 5544 2701 5604 ἀδυνάτως
2760 5544 2975 5620 ἔχουσιν
3019 5544 3300 5614 εἰσελθεῖν,
3358 5544 3494 5594 ἀλλὰ
3538 5544 3819 5624 δυσκόλως.
3878 5544 3899 5624 ξ

573 5635 865 5706 Possibile
895 5636 1050 5699 enim
1105 5621 1446 5716 expendere
1489 5638 1830 5717 pecuniam.
1865 5645 1923 5700 et
1969 5631 2228 5722 superna

2323 5636 2410 5715 γὰρ
2466 5627 2714 5688 ἀδύνατον
2764 5631 2993 5707 σωθῆναι
3045 5632 3164 5700 τοὺς
3223 5631 3511 5702 τοιούτους.
3578 5621 3799 5683 Δυνατὸν
3851 5621 3938 5692 γάρ
