4184 6402
272 348 425 414 i013

955 352 1400 415 ENARRATIO
1447 353 1527 414 IN
1573 344 2077 414 EVANGELIUM
2127 344 2365 406 LUCE.
2423 377 2484 386 ——
2521 345 2683 405 CAP.
2736 344 2956 405 XVIII.

3512 332 3662 400 10M-

256 487 330 542 τὰ
375 489 637 567 χρήματα
668 487 1019 567 προεμένους,
1066 485 1350 566 ἐπιτυχεῖν
1404 492 1510 542 τῶν
1554 484 1686 542 ἅνω.
1723 483 1928 538 Δύσκο-

2014 475 2270 567 assequi.
2298 475 2371 536 Et
2391 474 2638 536 difﬁaile
2668 475 3080 567 quidemboc,
3115 472 3477 567 Tenaciores
3499 470 3660 532 enim

255 574 360 633 λον
404 575 585 652 μέντοι
613 583 770 632 τοῦτο
805 591 818 605 ·
879 574 987 641 ἰ.ξοῦ
1045 576 1146 654 γὰρ
1201 573 1633 654 κολλητικώτερα
1676 572 1742 628 τὰ
1769 570 1918 650 χρή-

257 687 411 740 ματα
461 667 551 723 καὶ
621 663 890 742 δυσκόλως
953 664 1260 721 ἀποσπᾶται
1301 667 1328 720 6
1371 665 1577 727 τούτοις
1623 660 1917 740 συσχεθείς.

259 756 619 834 Παρακατιὼν
677 753 731 810 δὲ
776 757 864 810 καὶ
920 756 994 819 ὡς
1051 753 1326 810 ἀδύνατον.
1352 754 1478 809 αὑτὸ
1535 753 1734 830 τίθησι,
1794 753 1924 829 φησὶ

261 844 396 923 γὰρ,
456 843 832 924 [εὐκοπώτερόν
878 842 989 900 ἐστι
1046 842 1292 918 κάμηλον
1335 840 1420 898 διὰ
1475 839 1765 921 τρυμαλιᾶς
1822 838 1922 916 ῥα-

263 932 418 1012 φίδος
463 931 743 1005 εἰσελθεῖν,
803 933 838 1002 ἢ
882 931 1134 990 πλούσιον
1177 934 1410 999 σωθῆναι
1445 947 1460 961 ⁹
1522 929 1772 986 ἀδύνατον
1828 926 1931 1005 γὰρ

266 1023 488 1086 πάντως
535 1021 781 1098 κάμηλον
843 1021 928 1079 διὰ
970 1022 1316 1097 τρυπήματος
1361 1019 1598 1096 βελονίου
1654 1017 1926 1098 χωρῆσαι,

268 1111 389 1168 εἴτε
420 1113 481 1168 τὸ
510 1118 646 1183 ζῶον
674 1113 800 1171 αὐτὸ
843 1113 1050 1182 νοήσεις
1110 1109 1381 1189 κάμηλον,
1415 1109 1528 1167 εἴτε
1557 1107 1783 1188 σχοῖνόν
1811 1127 1929 1162 τινα

262 1205 522 1268 ναυτικήν
578 1214 844 1281 παχεῖαν.
909 1202 967 1259 Εἰ
1029 1199 1118 1256 οὗν
1177 1198 1423 1273 κάμηλον
1479 1201 1794 1279 χωρηθῆναι
1838 1193 1923 1250 διὰ

267 1292 619 1370 τρυπήματος
678 1289 916 1368 βελονίου
973 1290 1352 1367 εὖκοπώυερον,
1414 1288 1450 1354 ἢ
1500 1287 1746 1344 πλούσιον
1806 1305 1921 1340 σω-

252 1385 446 1459 θῆναι,
491 1377 743 1436 ἀδύνατον
821 1378 876 1435 δὲ
962 1385 1142 1452 τοῦτο,
1215 1375 1591 1454 ἀδυνατότερον
1691 1373 1790 1452 ἄρα
1860 1374 1920 1429 τὸ

261 1473 503 1536 σωθῆναι
561 1467 837 1528 πλούσιον.
895 1467 956 1526 Τί
1036 1467 1124 1524 οὖν
1209 1466 1351 1523 ’ἐστιν
1421 1468 1646 1539 εἰπεϊν;
1704 1468 1918 1537 Πρῶτον

261 1559 392 1634 μὲν,
449 1557 530 1614 ὅτι
591 1556 802 1625 ἀληθῶς
858 1557 1022 1622 οὕτως
1067 1556 1186 1636 ἔχει
1221 1573 1236 1587 ⁶
1307 1555 1563 1612 πλούσιον
1637 1554 1738 1632 γὰρ
1793 1551 1918 1608 ὄντα

261 1646 521 1704 ἀδύνατον
579 1649 838 1714 σωθῆναι,
912 1647 999 1714 Μὴ
1042 1647 1141 1725 γὰρ
1186 1668 1277 1719 μοι
1336 1645 1500 1720 εἴπῃς
1546 1641 1626 1699 ὅτι
1673 1645 1700 1699 6
1770 1639 1921 1697 δεῖνα

268 1736 524 1800 πλούσιος
591 1735 689 1810 ὢν,
745 1735 909 1792 ἐδίδου
969 1736 1035 1792 τὰ
1084 1734 1376 1814 προσόντα,
1424 1735 1512 1790 καὶ
1565 1731 1744 1797 ἒσώθη
1783 1749 1795 1761 ·
1863 1731 1922 1786 οὒ

2002 561 2164 623 visco
2183 563 2488 624 adhwrent
2511 563 2870 643 pecunim,et
2901 561 3146 624 difﬁcile
3175 560 3536 622 abstrabitur
3560 563 3658 640 qui

2003 669 2037 711 a
2068 649 2281 712 talibus
2302 660 2392 712 est
2413 652 3048 732 comprehensus.Non
3075 651 3258 712 multo
3282 660 3481 711 autem
3506 657 3658 729 post,

2006 739 2242 819 subjicit
2263 741 2558 821 quomodo
2574 740 2942 820 impossibile
2957 741 3056 803 sit:
3081 740 3226 801 dicit
3248 739 3406 800 enim
3432 737 3663 799 facilius

2017 846 2149 890 esse
2172 830 2461 891 camelum
2488 849 2593 908 per
2616 830 2882 892 foramen
2904 848 3044 891 acus
3076 830 3318 909 intrare,
3354 845 3528 909 quam
3563 827 3661 887 di-

2013 916 2191 978 vitem
2232 918 2464 980 salvari.
2501 917 2875 997 Impossibile
2907 920 3066 980 enim
3103 926 3192 979 est
3226 917 3471 978 omnino
3503 917 3660 996 quod

2013 1005 2306 1066 camelum
2340 1007 2528 1085 capiat
2563 1007 2825 1067 foramen
2851 1025 2992 1067 acus
3027 1027 3040 1066 :
3080 1009 3200 1067 sive
3236 1025 3339 1086 per
3366 1006 3658 1067 camelum

2011 1091 2227 1153 animal
2261 1093 2579 1173 intelligas,
2607 1095 2730 1156 sive
2748 1096 2946 1156 funem
2965 1096 3263 1157 nauticum
3291 1113 3576 1156 crassum.
3600 1095 3662 1156 Si

2009 1181 2189 1260 igitur
2217 1182 2450 1244 facilius
2481 1184 2771 1245 camelum
2799 1202 2906 1265 per
2929 1184 3195 1246 foramen
3219 1202 3357 1245 acus
3382 1185 3656 1257 transire,

2005 1288 2181 1350 quam
2205 1270 2415 1331 salvari
2452 1271 2724 1345 divitem,
2760 1271 3136 1349 impossibile
3161 1280 3357 1333 autem
3391 1272 3520 1351 hoc,
3556 1272 3663 1332 im-

2006 1357 2352 1438 possibilius
2374 1360 2552 1436 igitur
2573 1359 3063 1422 salvaridivitem.
3088 1360 3236 1432 Quid
3263 1361 3441 1438 igitur
3462 1360 3664 1422 dicen-

2005 1446 2448 1510 dum?Primum
2474 1449 2739 1529 quidem,
2767 1450 2922 1530 quod
2948 1469 3084 1511 vere
3102 1451 3188 1510 sic
3216 1450 3410 1519 habet,
3439 1451 3665 1528 impos-

2002 1535 2178 1598 sibile
2200 1537 2412 1597 salvari
2436 1555 2568 1598 eum
2591 1537 2692 1616 qui
2715 1539 2880 1598 dives
2893 1543 3138 1602 est.Nec
3154 1539 3312 1600 enim
3331 1537 3477 1599 mihi
3500 1537 3665 1599 dicas

2003 1626 2162 1703 quod
2196 1624 2451 1686 salvatus
2482 1625 2557 1686 sit
2584 1627 2748 1687 dives
2778 1626 3072 1708 quispiam
3104 1628 3204 1708 qui
3252 1645 3356 1687 sua
3385 1625 3656 1688 dederit:

2004 1731 2122 1774 non
2147 1714 2305 1774 enim
2328 1714 2493 1776 dives
2517 1714 2774 1776 salvatus
2799 1717 3022 1796 est,sed
3048 1718 3184 1796 quia
3208 1734 3432 1797 pauper
3452 1715 3662 1790 factus,

266 1827 372 1904 γὰρ
429 1802 687 1888 πλούσιος.
748 1824 946 1898 ἐσώθη,
1034 1802 1156 1880 ἀλλ’
1215 1823 1249 1892 ἢ
1333 1802 1590 1898 ἀκτήμων
1662 1819 1918 1899 γεγονὼς,

2014 1803 2149 1863 459
2178 1802 2700 1904 velndi‘spepsator
2749 1804 3016 1904 existens
3067 1814 3330 1867 servatus
3379 1812 3491 1876 est,
3544 1823 3664 1864 non

271 1891 311 1983 ἐξ
345 1891 490 1979 ’τέως
520 1913 798 1990 οἰκονόμος
825 1891 1126 1992 ὣνίεσώθη,
1157 1891 1247 1968 καί
1286 1912 1412 1992 οὐχὶ
1431 1891 1702 1974 πλούσιος..
1738 1891 1927 1965 ἱἈλλο

2014 1891 2392 1990 dives._Aliud
2423 1892 2703 1992 enim-est
2731 1892 3129 1992 dispensator,
3155 1894 3321 1992 aliud
3334 1893 3534 1992 ldives.
3572 1894 3666 1957 Di-

268 1980 372 2082 -έάρ
429 1980 712 2078 οἰκονόμος
760 2003 848 2059 καὶ
893 2000 1024 2057 ἄλλο
1067 1980 1318 2062 πλούσιος
1353 1980 1392 2028 ί.
1417 1998 1668 2062 πλούσιος
1699 1997 1797 2073 μὲν
1829 1996 1929 2075 γάρ

2014 1981 2282 2042 vesenim
2308 1980 2533 2060 est,qui
2562 1981 2674 2042 sibi
2707 1991 2973 2042 reservat
3002 1983 3261 2044 divitias:
3288 1983 3667 2062 dispensator
3753 2009 3756 2016 ’

267 2070 441 2169 ἐστιν,
485 2095 513 2149 6
545 2070 715 2166 ἑαυτῷ
749 2096 932 2171 τηφῶν
979 2091 1069 2146 τὸν
1112 2087 1360 2171 πλοῦτον,
1393 2086 1674 2163 οἰκονόμος
1701 2070 1759 2141 δὲ
1789 2086 1818 2142 ὀ
1843 2070 1925 2141 ’δι’

2014 2087 2173 2171 vero,
2199 2070 2297 2130 cui
2323 2070 2687 2132 concreditae
2708 2078 3100 2151 suntpropter
3120 2071 3369 2134 alios.Et
3391 2071 3469 2131 ita
3488 2071 3664 2132 etiam

269 2181 480 2261 ἐτέρους
549 2187 734 2238 τοῦτον
792 2178 1164 2259 ἐγχειρισθείς,
1245 2168 1430 2233 ’Ὥστε
1503 2178 1590 2232 καὶ
1673 2177 1717 2231 εἰ
1776 2177 1926 2238 οὗτος

2014 2157 2108 2218 hic
2138 2159 2189 2220 si
2224 2159 2477 2220 salvatus
2509 2168 2619 2234 est,
2657 2179 2774 2221 non
2817 2161 2985 2222 dives
3013 2162 3267 2222 salvatus
3295 2169 3406 2239 ost,
3435 2161 3570 2233 sed,
3604 2167 3668 2221 ut

270 2271 472 2346 ἐσώθη,
505 2271 564 2327 οὗ
588 2269 840 2330 πλούσιος
869 2269 1072 2341 ἐσώθη,
1103 2263 1222 2323 ἀλλ’
1269 2265 1332 2346 ἢ,
1379 2268 1451 2328 ὡς
1483 2263 1709 2344 ἔφημεν,
1758 2264 1929 2320 πάντα

271 2358 714 2434 ἀποκτησάμενος
744 2357 777 2413 ἃ
806 2357 990 2438 εἶχεν,
1025 2356 1061 2424 ἢ
1108 2357 1181 2420 ὡς
1231 2355 1508 2430 οἰκονόμος
1561 2353 1740 2418 καλῶς
1799 2353 1931 2412 αὒτά

273 2447 654 2525 διατιθέμενος,
713 2447 953 2506 ’Ἔπειτα
1001 2447 1090 2503 καὶ
1131 2453 1286 2502 τουτο
1345 2445 1556 2520 σκόπει,
1598 2466 1678 2524 οτι
1709 2445 1801 2500 τὸν
1831 2444 1929 2519 μὶν

271 2537 525 2595 πλούσιον
603 2536 856 2594 ἀδύνατον
927 2539 1184 2614 σωθῆναι,
1267 2535 1356 2590 τὸν
1425 2532 1491 2614 δὲ
1547 2535 1613 2590 τὰ
1669 2533 1929 2612 χρήματα

271 2627 469 2707 ἔχοντα
511 2625 790 2706 δύσκολον,
851 2626 924 2689 ὡς
970 2625 1032 2680 ἂν
1076 2626 1120 2680 εἰ
1162 2613 1369 2702 ἔλεγεν,
1420 2613 1477 2681 Ὀ
1535 2622 1633 2697 μὲν
1663 2622 1927 2702 ἐχόμενος

267 2718 369 2774 ὑπὸ
424 2723 532 2774 τῶν
587 2716 913 2796 χρημάτων,
959 2715 1046 2774 καὶ
1088 2711 1349 2770 δουλεύων
1404 2715 1613 2782 αὐτοῖς,
1672 2713 1759 2767 καὶ
1790 2732 1929 2791 κρα-

271 2807 524 2881 τούμενος
562 2808 622 2862 ού
654 2806 975 2883 σωθήσεται,
1024 2806 1052 2859 6
1082 2801 1137 2859 δὲ
1169 2801 1315 2882 ’έχων
1348 2801 1413 2858 τὰ
1455 2802 1736 2880 χρήματα,
1767 2821 1926 2857 τουτ-

272 2896 408 2969 έστι,
445 2895 623 2971 κύριος
682 2894 854 2950 αὐτῶν
909 2893 1008 2964 ὧν,
1054 2894 1144 2948 καὶ
1197 2891 1351 2954 αὒτὸς
1411 2889 1555 2969 ἔχων
1599 2891 1786 2961 ταῦτα,
1834 2892 1928 2947 οὐκ

282 2984 540 3064 ἐχόμενος
574 2983 628 3039 δὲ
682 2981 770 3040 ὑπ’
832 2986 1027 3059 αὐτῶν,
1071 2980 1338 3044 δυσκόλως
1389 2981 1686 3049 σωθήσεται
1718 2977 1802 3035 διὰ
1828 2979 1927 3046 τὴν

2013 2248 2297 2324 diximus,
2336 2251 2420 2310 vel
2453 2251 2592 2328 quia
2615 2249 2892 2312 omnibus
2916 2251 3662 2331 renuntiavitquaehabuit,

2010 2337 2102 2397 vel
2135 2337 2274 2417 quia
2305 2340 2391 2400 uti
2423 2338 2802 2419 dispensator
2823 2340 2980 2400 bene
3005 2340 3132 2401 illas
3156 2339 3468 2401 distribuit.
3509 2338 3670 2398 Insn-

2016 2443 2122 2505 per
2154 2436 2212 2486 et
2239 2427 2351 2488 hoc
2377 2427 2811 2502 animadverte,
2849 2428 3007 2507 quod
3031 2428 3273 2490 divitem
3300 2428 3539 2508 quidem
3560 2428 3667 2487 im-

2015 2514 2298 2594 possibile
2328 2525 2417 2578 est
2449 2515 2701 2592 salvari;
2754 2517 3042 2595 pecunias
3083 2525 3275 2578 autem
3323 2517 3665 2593 habentem,

2013 2603 2260 2666 difﬁcile
2289 2621 2306 2679 ;
2338 2607 2503 2685 quasi
2541 2605 2768 2666 diceret
2810 2625 2822 2667 :
2858 2603 2967 2677 Qui
3001 2605 3255 2667 habetur
3285 2615 3342 2666 et
3373 2613 3606 2667 tenetur
3636 2625 3668 2665 a

2015 2693 2300 2772 pecuniis,
2337 2711 2407 2754 ac
2439 2692 2619 2754 servit
2664 2693 2774 2773 eis,
2811 2712 2931 2754 non
2982 2693 3347 2756 salvabitur:
3399 2694 3498 2774 qui
3529 2712 3668 2757 vero

2013 2781 2302 2861 pecunias
2333 2780 2536 2854 habet,
2572 2783 2686 2843 hoc
2717 2790 2829 2855 est,
2875 2783 3154 2844 dominus
3201 2783 3432 2845 illarum
3467 2792 3577 2856 est,
3612 2792 3664 2844 el

2011 2871 2140 2950 ipse
2170 2869 2354 2932 habet
2382 2889 2505 2945 eas,
2533 2880 2589 2930 et
2613 2888 2731 2933 non
2763 2870 3018 2932 habetur
3041 2872 3114 2932 ab
3140 2874 3251 2946 eis,
3275 2874 3519 2933 difﬁcile
3551 2875 3671 2933 sal-

2010 2960 2244 3020 vabitur
2263 2967 2506 3039 propter
2518 2961 2835 3022 humanam
2852 2961 3670 3042 inﬁrmitatem.lmpossibile

278 3048 609 3153 ἀνθρωπίνην
667 3072 959 3131 ἀσθένειαν.
1015 3048 1298 3128 ἶΑδύνατον
1346 3070 1446 3148 γὰρ
1503 3071 1580 3143 μὴ
1637 3069 1924 3147 παραχρή-

2014 3049 2172 3153 enim
2203 3057 2292 3110 est
2317 3067 2433 3147 non
2451 3048 2617 3153 abuti
2643 3049 2736 3110 his
2762 3068 2894 3129 qua:
2921 3050 3470 3153 habemus.Quippe
3487 3069 3672 3130 quan-

277 3167 464 3219 σασθαι
507 3164 595 3226 οἷς
628 3162 830 3242 ἔχομεν
865 3181 876 3194 ·
913 3160 1015 3226 ἕως
1072 3161 1172 3239 γὰρ
1202 3158 1405 3239 ἔχομεν
1436 3160 1719 3238 χρήματα,
1756 3179 1928 3214 σπου-

279 3250 418 3322 δάζει
478 3255 506 3308 6
562 3249 804 3315 διάϐολος
859 3248 1221 3320 ὑποσκελίζειν
1286 3251 1449 3324 ἡμᾶς,
1483 3249 1554 3310 εἰς
1587 3249 1646 3302 τὸ
1675 3246 1816 3324 παρά
1840 3247 1930 3302 τὸν

272 3342 493 3415 κανόνα,
555 3343 643 3398 καὶ
709 3343 800 3397 τὸν
852 3342 1014 3416 νόμον
1079 3343 1178 3405 τῆς
1263 3338 1563 3413 οἰκονομίας
1627 3335 1932 3416 χρήσασθαί

273 3429 417 3487 ἔστιν
444 3429 556 3505 ὅτε,
603 3433 692 3486 καὶ
735 3428 986 3486 δύσκολον
1043 3428 1295 3508 ἐκφυγεῖν
1343 3429 1437 3491 τὰς
1487 3425 1714 3505 παγίδας
1746 3426 1925 3486 αὐτοῦ,

2015 3137 2120 3198 diu
2150 3137 2437 3217 pecunias
2470 3136 2783 3209 habemus,
2823 3137 3064 3199 molitur
3093 3139 3366 3200 diabolus
3397 3157 3504 3202 nos
3523 3157 3668 3217 sup-

2014 3226 2301 3305 plantare,
2339 3244 2410 3287 ne
2445 3226 2651 3303 regula
2699 3228 3165 3307 dispensationis
3193 3238 3360 3289 recte
3407 3237 3666 3290 utamur.

2014 3323 2076 3376 et
2099 3313 2344 3375 difﬁcile
2361 3327 2455 3374 est
2469 3316 2731 3393 effugere
2745 3317 2874 3392 ejus
2891 3316 3158 3396 laqueos;
3185 3327 3504 3398 propterea
3518 3317 3672 3379 bona

2014 3411 2104 3464 est
2120 3411 2533 3483 paupertas,et
2555 3405 2726 3483 quasi
2742 3406 3673 3486 tentationesuperior.Dixerunt

272 3521 371 3577 Διά
427 3492 582 3576 τούτο
624 3518 789 3575 καλὸν
842 3520 876 3586 ἡ
935 3492 1286 3598 ἀχρημοσύνη
1339 3518 1430 3573 καὶ
1479 3492 1674 3595 σχεδὸν
1704 3515 1929 3593 ἀπείρα-

2014 3500 2237 3598 autem,
2264 3492 2477 3572 inquit,
2595 3492 2702 3591 qui.
2727 3493 3036 3592 audierant
3065 3515 3076 3555 :
3115 3495 3256 3568 Quis
3289 3496 3466 3574 igitur
3499 3503 3668 3575 pote-

684 3607 730 3642 ἢ),
865 3580 915 3628 ἰ
973 3580 1025 3598 ﬂ.
1069 3580 1115 3626 Ἰν
1208 3608 1219 3628 ι
1275 3580 1286 3584 ⁷
1445 3623 1460 3639 ο
1517 3580 1555 3595 "-
1634 3603 1661 3625 )I
1773 3580 1839 3624 NI.

267 3632 420 3668 στον.
475 3610 650 3667 Εἶπον
679 3629 758 3689 οε,
791 3631 972 3688 φησιν,
1003 3611 1050 3664 οἱ
1096 3629 1413 3670 ακουσαντες
1509 3607 1598 3668 Τίς
1631 3627 1728 3684 αρα
1769 3621 1929 3660 ουνα-

2014 3582 2090 3689 rit
2118 3580 2367 3679 salvari?
2399 3583 2478 3642 At
2506 3581 2609 3642 ille
2649 3581 2831 3683 diuit:
2871 3604 2893 3639 ιι
2931 3582 3072 3654 Quae
3101 3585 3492 3664 impossibilia
3511 3585 3669 3665 apud

807 3695 856 3753 δὲ
887 3697 1014 3753 εἶπε
1053 3714 1068 3731 ⁸
1119 3720 1146 3752 α
1180 3697 1258 3753 Τὰ
1301 3693 1527 3753 ἀδύνατα
1561 3695 1704 3773 ποιρά
1732 3693 1929 3772 ἀνθρώ·

2014 3669 2296 3773 homines
2319 3678 2477 3746 sunt,
2515 3671 2824 3750 possibilia
2853 3684 2992 3735 sunt
3037 3677 3191 3754 apud
3244 3678 3453 3737 Deum.
3498 3701 3520 3730 »
3558 3674 3667 3747 Qui

274 3746 356 3755 Vh.
391 3746 623 3765 ⁷“”’Ἶ”⁷’
663 3746 680 3773 θ
736 3746 766 3755 ν
805 3746 856 3753 ⁷⁷
889 3746 1012 3753 ”“”“
1125 3746 1146 3752 “
1192 3746 1257 3753 ’⁷⁷
1303 3746 1526 3753 ”⁷”““⁷”
1568 3746 1702 3773 ’⁷⁷Τ““
1736 3746 1893 3772 ’“”Ι”’⁷⁷

267 3811 422 3866 ποις,
476 3786 668 3846 δυνατὰ
725 3787 868 3866 παρὰ
917 3793 994 3861 τῷ
1052 3793 1190 3860 Θεῷ,
1256 3810 1285 3841 ιο
1343 3786 1490 3864 Πάρὰ
1537 3785 1636 3860 μὲν
1681 3784 1779 3862 γὰρ
1806 3795 1926 3845 τοῖς

2015 3759 2172 3818 enim
2205 3757 2426 3819 habent
2455 3746 2717 3820 mentem
2752 3746 3089 3824 humanam.
3119 3782 3248 3843 qua:
3282 3765 3350 3826 ad
3393 3746 3670 3826 inferiora

274 3836 422 3868 "Vw,
480 3836 668 3846 ’“’””””
731 3836 868 3866 "'T"
929 3836 991 3861 ’Ὺ
1058 3836 1190 3860 ’⁷Τ⁸
1257 3836 1280 3841 ’⁷
1344 3836 1489 3864 —"r"
1537 3836 1627 3860 (⁷⁷⁷⁷
1694 3836 1774 3862 δ”Γ
1823 3836 1923 3845 ""

265 3878 604 3957 ἀνθρωπίνην
668 3877 893 3956 γνώμην
945 3875 1184 3955 ἔχουσιν,
1231 3873 1348 3942 ἤτοι
1391 3875 1538 3933 κάτω
1590 3871 1922 3952 συρομένοις,

2014 3847 2218 3925 vergit,
2255 3857 2315 3908 et
2343 3857 2583 3909 terrena
2623 3849 2951 3924 desiderat,
2988 3836 3197 3914 salva-ri
3246 3874 3361 3914 non
3396 3863 3665 3934 possunt,

371 3937 381 3957 ι
563 3937 573 3944 ,
683 3937 694 3956 ,
785 3937 796 3950 ,
850 3937 861 3943 -
978 3937 1016 3955 η
1168 3937 1184 3948 ,
1255 3937 1266 3942 -
1657 3937 1666 3952 .
1718 3937 1729 3948 .
1909 3937 1921 3950 ,

265 3968 363 4023 καὶ
419 3967 728 4042 ἐπιθυμούσι
772 3967 876 4020 τῶν
905 3966 1138 4042 γηίνων,
1183 3962 1435 4020 ἀδύνατόν
1495 3963 1605 4019 ἐστι
1664 3964 1925 4041 σωθῆναι,

2014 3937 2165 3998 sicut
2197 3937 2418 3997 dictum
2466 3947 2576 4000 est.
2630 3941 2754 4001 Deo
2803 3952 3000 4002 autem
3053 3944 3358 4022 possibile,
3413 3944 3526 4004 hoc
3557 3951 3667 4014 est,

265 4059 348 4119 ὡς
397 4056 633 4135 εἴρηται,
696 4055 837 4134 παρά
894 4051 946 4110 δέ
1006 4058 1122 4126 Θεῷ
1177 4051 1414 4127 δυνατὸν,
1476 4051 1768 4126 τουτέστιν,
1801 4049 1925 4107 ὅταν

2014 4028 2252 4128 quando
2285 4029 2421 4128 quis
2444 4028 2847 4089 consiliarium
2876 4031 3053 4092 habet
3073 4032 3286 4108 Deum,
3314 4032 3674 4112 etjustiﬁca-

263 4168 357 4210 τις
395 4142 691 4220 σύμϐουλον
746 4142 854 4222 ἔχῃ
899 4144 990 4198 τὸν
1047 4144 1201 4215 Θεὸν,
1253 4142 1433 4198 καὶτά
1463 4138 1796 4216 δικαιώματα
1836 4145 1928 4195 τοῦ

2014 4119 2208 4216 tiones
2238 4119 2382 4222 Dei,
2407 4126 2466 4178 et
2491 4119 2774 4216 ‘mandata
2805 4120 3066 4198 Magistri
3093 4124 3168 4184 de
3200 4131 3542 4202 paupertate
3573 4141 3673 4182 su-

267 4206 432 4309 Θενοῧ,
459 4206 577 4290 ,καὶ
633 4233 726 4294 τὰς
778 4206 898 4310 ’περὶ
956 4206 1344 4311 ἀχρημοσύνης
1397 4227 1614 4293 ἐντολὰς
1655 4206 1929 4285 ’διδασκά-

2014 4206 2279 4285 scipit,et
2301 4206 2460 4267 illius
2488 4206 2722 4268 invocat
2744 4210 3027 4271 auxilium
3052 4231 3067 4285 ;
3094 4212 3376 4290 possibile
3401 4213 3558 4272 enim
3585 4218 3676 4271 est

264 4325 396 4386 λους
459 4321 622 4397 λάϐῃ,
669 4322 756 4378 καὶ
785 4323 884 4387 τὴν
928 4293 1049 4398 παρ’
1103 4318 1302 4376 ἐκείνου
1345 4317 1661 4375 ὲπικαλοῒτο
1708 4320 1929 4373 ἒπικου-

2016 4294 2152 4355 boc.
2189 4293 2464 4356 Nostrum
2517 4303 2605 4356 est
2657 4296 2816 4356 enim
2868 4299 3022 4359 velle
3055 4299 3300 4380 bonum,
3334 4300 3440 4360 Dei
3473 4307 3669 4359 autem

265 4414 410 4491 ρίαν,
489 4409 706 4468 δυνατὸν
759 4410 906 4466 ἔσται
965 4417 1122 4467 τοῦτο
1156 4428 1170 4444 ⁶
1232 4411 1387 4484 ἡμῶν
1440 4408 1536 4484 μὲν
1586 4407 1686 4486 γάρ
1730 4407 1842 4462 ἐστι
1872 4407 1929 4461 τὸ

2021 4384 2334 4491 perﬁcere.
2469 4384 2644 4491 aliter
2681 4405 2694 4446 :
2743 4385 2796 4483 si
2844 4387 3085 4465 quidem
3128 4389 3674 4450 transcenderimus

500 3704 526 3714 ..
713 3689 727 3710 ι
805 3695 846 3716 σς,
916 3697 942 3720 τ

265 3722 356 3755 ται
389 3702 623 3765 σωθηναι
663 3714 680 3765 ζ
731 3708 770 3755 Ο
801 3715 856 3753 οε
887 3718 1014 3753 ειπε
1053 3714 1068 3731 ⁶

264 4501 499 4569 ϐελῆσαι
558 4502 619 4557 τὸ
700 4498 919 4578 ἀγαθὸν,
1008 4505 1138 4555 Θεοῦ
1223 4495 1277 4554 δέ
1354 4500 1416 4553 τὸ
1468 4495 1776 4557 τελειῶσαι,
1839 4495 1937 4552 Καὶ

275 4590 458 4654 ἄλλως
518 4589 572 4646 δὲ
635 4589 790 4668 εἴπερ
873 4585 1293 4663 ὁπεραναϐἀδτες
1379 4593 1552 4643 πᾶσαν
1605 4584 1935 4663 ἀνθρωπίνην

271 4682 368 4736 ἐπὶ
408 4687 486 4754 τῷ
516 4679 732 4753 πλούτῳ
761 4677 1147 4757 μικροψυχίαν,
1204 4674 1499 4750 θελήσομεν
1558 4671 1737 4754 φίλοτς
1792 4672 1935 4744 ἡμῖν

275 4770 468 4834 αὖτοὺς
526 4769 742 4837 ποιῆσαι
773 4769 836 4823 ὲκ
880 4773 972 4823 τοῦ
1003 4772 1232 4842 μαμωνᾶ
1262 4763 1357 4832 τῆς
1405 4763 1632 4837 ἀδικίας,
1686 4761 1936 4828 σωθησό-

274 4862 438 4934 μεθα,
478 4857 568 4914 ὑπ’
625 4858 795 4914 αὐτῶν
855 4858 929 4920 εἰς
972 4857 1068 4920 τὰς
1114 4857 1354 4918 αἰωνίους
1385 4855 1586 4921 σκηνὰς
1644 4873 1939 4927 παραπεμ-

275 4947 527 5023 πόμενοι.
596 4945 809 5003 Βέλτιον
865 4945 962 5022 μὲν
1019 4946 1118 5022 γὰρ
1168 4945 1258 5001 ἐὰν
1314 4943 1486 5002 πάντα
1528 4942 1837 5022 προώμεθα,
1897 4943 1941 4996 εἰ

269 5037 326 5094 δὲ
389 5037 467 5112 μὴ
525 5037 720 5110 πάντα,
770 5035 1130 5113 συμμεριστάς
1162 5035 1288 5113 γοῦν
1341 5039 1565 5101 ποιῆσαι
1599 5034 1721 5094 τοὺς
1765 5031 1937 5098 πένη-

530 5128 542 5145 ς
633 5126 659 5149 η
855 5128 869 5146 \
934 5123 1016 5144 ’θ’
1391 5125 1405 5142 \
1537 5123 1635 5158 r_,_
1778 5121 1792 5144 3
1848 5119 1896 5142 ~'\I

382 5174 398 5207 ,
460 5148 548 5182 και
602 5148 769 5189 ουτως
821 5148 882 5182 το
925 5143 1175 5180 αουνατον
1232 5121 1448 5183 δυνατον
1494 5145 1717 5202 γινοιαι.
1798 5129 1937 5176 Λου-

271 5239 432 5273 νατον
489 5216 588 5291 μὲν
637 5217 738 5294 γὰρ
793 5217 886 5271 τὸν
941 5214 1019 5291 μὴ
1087 5213 1260 5270 πάντα
1322 5213 1616 5294 προέμενον
1674 5213 1934 5286 σωθῆναι,

270 5307 414 5374 πλὴν
471 5305 557 5361 διὰ
601 5305 1000 5384 φιλανθρωπίαν
1057 5311 1191 5361 Θεοῦ
1233 5305 1433 5379 γίνεται
1480 5304 1571 5360 καὶ
1612 5303 1676 5358 τὰ
1707 5305 1937 5378 μερικῶς

276 5393 592 5470 μεταδοῦναι
647 5396 719 5458 εἷς
797 5392 1058 5469 ὠφέλειαν
1131 5391 1418 5469 ἀνάλογον.
1482 5393 1619 5469 Πρὸς
1677 5390 1840 5446 ταῦτα
1912 5391 1940 5444 ὁ

275 5484 471 5562 Πέτρος
539 5484 714 5560 ἐρωτᾷ
748 5499 763 5513 ⁸
827 5481 961 5540 ἰδοὺ
1013 5484 1176 5557 ἡμεῖς
1233 5481 1516 5561 ἀφήκαμεν
1566 5481 1740 5539 πάντα
1777 5495 1792 5512 ·
1852 5475 1941 5534 καὶ

272 5575 444 5649 ἒρωτᾷ
502 5573 606 5652 οὐχ
678 5573 810 5652 ὑπὲρ
881 5573 1068 5628 ἑαυτοῦ
1141 5571 1327 5647 μόνον,
1374 5569 1528 5652 *ἀλλά
1579 5571 1711 5648 πρὸς
1764 5587 1938 5646 παρα-

272 5665 456 5738 μυθίαν
503 5665 718 5723 πέντων
805 5669 912 5718 τῶν
983 5662 1253 5733 πενήτων.
1345 5648 1471 5716 Ἵνα
1563 5661 1663 5739 γὰρ
1735 5658 1812 5734 μὴ
1894 5659 1941 5713 οἱ

270 5149 369 5188 τας

2019 4473 2340 4534 humanam
2359 4471 2519 4532 illam
2537 4471 2941 4537 inﬁrmitatem
2958 4475 3294 4542 divitum.et
3311 4477 3673 4538 voluerimus

2019 4562 2192 4623 nobis
2214 4562 2413 4623 facere
2439 4561 2663 4622 amicos
2687 4580 2758 4622 ex
2785 4581 3125 4626 mammona
3144 4567 3469 4646 injustitiaa,
3491 4566 3674 4626 salva-

2018 4650 2217 4712 bimur
2236 4670 2339 4732 per
2359 4661 2548 4726 eas,et
2563 4651 2926 4731 recipiemur
2947 4654 3005 4713 in
3026 4664 3247 4716 aeterna
3268 4656 3665 4717 tabernacula.

2021 4742 2153 4804 Non
2188 4741 2400 4802 melius
2430 4739 2670 4819 quidem
2721 4741 2898 4802 fuerit
2941 4744 3244 4806 dimittere
3286 4745 3525 4817 omnia;
3561 4745 3672 4805 hoc

2020 4839 2216 4892 autem
2250 4831 2301 4890 si
2320 4830 2538 4904 minus,
2565 4829 2772 4891 saltem
2795 4831 2992 4893 facere
3017 4835 3326 4914 partiarios
3356 4852 3669 4916 pauperes,

2023 4927 2080 4981 et
2097 4920 2182 4980 sic
2208 4919 2580 5000 impossibile
2602 4921 2706 4982 ﬁet
2725 4921 3416 5006 possibilelmpossibile
3430 4924 3671 5004 quidem

2026 5019 2183 5071 esset
2216 5027 2335 5070 non
2360 5009 2639 5072 omnibus
2671 5010 2935 5074 dimissis
2968 5013 3206 5088 salvari,
3234 5032 3433 5074 verum
3479 5022 3673 5074 tamen

2021 5109 2079 5162 et
2117 5109 2204 5161 est
2235 5109 2477 5180 prepter
2503 5100 2976 5162 misericordiam
3004 5102 3132 5183 Dei,
3153 5105 3197 5164 si
3225 5113 3421 5183 partes
3443 5101 3678 5162 dederi-

2023 5210 2154 5252 mus
2190 5191 2249 5251 in
2268 5208 2440 5250 usum
2464 5207 2815 5268 congruum.
2843 5192 2931 5253 Ad
2953 5192 3078 5254 haec
3098 5193 3311 5255 Petrus
3328 5193 3674 5267 interrogat:

2023 5280 2174 5342 Ecce
2208 5299 2316 5340 nos
2347 5279 2696 5358 reliquimus
2721 5280 2946 5342 omnia.
2977 5286 3307 5360 Interrogat
3337 5290 3533 5342 autem
3561 5299 3677 5340 non

2025 5389 2130 5452 pro
2164 5390 2228 5432 se
2260 5371 2521 5446 solo,sed
2558 5371 2630 5431 ad
2658 5371 3128 5433 consolationem
3155 5372 3420 5433 omnium
3449 5390 3676 5449 paupe-

2023 5459 2262 5523 rum.Ut
2281 5460 2440 5521 enim
2467 5478 2582 5519 non
2608 5459 2720 5520 soli
2757 5460 2967 5520 divites
2993 5461 3206 5522 bonam
3231 5480 3400 5541 spem
3426 5460 3680 5522 habeant

2022 5569 2085 5612 se
2119 5551 2300 5613 multa
2346 5560 2801 5621 consecuturos,
2836 5551 2937 5629 qui
2993 5551 3251 5611 multum
3301 5548 3676 5630 reliquerint,

2022 5659 2314 5723 pauperes
2339 5651 2532 5706 autem
2569 5658 2804 5720 parvam
2841 5657 3007 5720 spem
3036 5639 3475 5721 habeant,quod
3500 5657 3682 5721 pauca
