4184 6402
485 384 635 448 1015
1449 386 2042 450 THEOPHYLACTI
2091 386 2128 445 Β

2211 386 2499 450 LGARL’E
2541 390 2898 452 ARCHIEP.
3715 385 3872 451 1016

478 518 857 599 rellquerint,
895 526 953 580 et
987 526 1304 600 propterea
1339 534 1543 596 parvas
1572 515 1997 580 retributiones
2028 518 2128 580 ha-

2212 517 2454 575 πλούσιοι
2511 522 2664 597 μόνοι
2721 521 2988 587 εὐέλπιδες
3045 529 3196 584 ωσιν,
3244 527 3315 586 ως
3362 523 3576 579 πολλῶν
3612 521 3868 594 τε-ιξόμε-

479 607 662 667 bituri
695 609 834 683 sint,
868 606 1208 686 interrogat
1251 609 1464 669 Petrus
1515 614 1575 668 et
1623 605 1809 677 audit,
1860 607 2015 687 quod
2071 609 2128 666 in

2213 630 2316 679 νοι,
2364 612 2456 664 οἷα
2507 608 2721 666 πολλῶΑ
2803 613 3324 692 καταφρονήσαντες,
3404 616 3449 668 οἱ
3518 609 3572 666 δὲ
3631 611 3869 674 πένητες

478 697 590 756 hoc
625 702 682 755 et
712 695 770 756 in
813 703 1060 756 venturo
1095 695 1311 757 saaculo
1367 693 1795 758 retributiones
1826 695 2128 757 habiturus

2212 695 2620 754 δυσελπισθιῦσιν
2675 700 2770 756 οἶα
2827 698 3018 777 ὀλίγων
3071 701 3422 779 ἀποσειάντες,
3472 701 3558 756 καὶ
3589 699 3678 754 διὰ
3709 706 3870 755 τοῦτο

477 787 552 846 sit
582 785 776 846 omnis
808 787 906 865 qui
935 791 1178 865 pr0pter
1200 786 1387 847 Deum
1415 784 1876 866 qualescumque
1901 802 2128 865 posses-

2215 784 2394 862 ὀλίγας
2456 785 2681 862 ἀμοιϐὰς
2737 788 3158 867 προσδοκῶντες,
3221 789 3391 870 ἐρωτᾷ
3450 792 3475 845 6
3533 789 3725 867 Πέτρος
3779 790 3872 843 καὶ

475 873 675 934 siones
709 873 1230 954 reliquerit,etiam
1255 872 1304 934 si
1336 891 1528 954 parvae
1548 873 1789 934 fuerint.
1825 872 1954 934 Non
1971 873 2130 934 enim

476 963 587 1022 hoc
638 963 1008 1037 consideres,
1055 962 1213 1042 quod
1271 981 1475 1043 paucae
1523 962 1764 1035 fuerint,
1820 963 1924 1024 sed
1976 962 2131 1043 quod

476 1070 652 1130 parva
680 1052 806 1113 haec
837 1051 1064 1113 homini
1099 1059 1254 1112 totus
1283 1050 1470 1113 victus
1515 1050 1755 1112 fuerint.
1789 1051 1860 1113 Et
1888 1053 2040 1114 sicut
2068 1060 2130 1112 tu

479 1140 680 1201 multis
708 1149 767 1202 et
800 1140 1051 1218 magnis,
1091 1142 1167 1202 ita
1209 1140 1312 1201 ille
1344 1141 1550 1220 paucis
1607 1149 1664 1201 et
1719 1141 1909 1220 parvis
1952 1140 2127 1201 vitam

477 1230 618 1290 440
646 1249 812 1291 suam
839 1249 902 1291 se
921 1230 1219 1292 sustinere
1238 1249 1411 1311 posse
1432 1229 1707 1310 sperabat
1751 1229 1825 1293 Ut
1844 1248 1918 1290 ne
1939 1228 2129 1290 dicam

475 1318 633 1399 quod
666 1319 768 1398 qui
814 1337 998 1398 pauca
1041 1317 1243 1398 habet,
1289 1319 1508 1398 majori
1566 1318 1638 1380 ad
1697 1317 1800 1379 illa
1861 1327 2132 1379 teneatur

472 1410 832 1470 atiectione:
878 1408 1059 1489 idque
1116 1409 1487 1468 manifestum
1551 1427 1621 1469 ex
1683 1406 1966 1488 patribus,
2029 1407 2131 1488 qui

474 1495 712 1577 quando
736 1516 917 1558 unum
953 1496 1458 1576 habentpuerum,
1481 1497 1770 1576 majorem
1802 1515 1941 1574 erga
1963 1496 2127 1556 illum

474 1587 845 1647 affectionem
893 1593 1127 1666 gerunt,
1161 1604 1334 1665 quam
1385 1603 1522 1664 erga
1573 1585 1907 1665 plurimos:
1961 1585 2041 1644 ita
2073 1592 2130 1645 et

476 1693 701 1754 pauper
731 1693 907 1735 unam
944 1674 1187 1735 domum
1221 1681 1279 1735 et
1307 1693 1490 1734 unum
1537 1691 1742 1753 agrum
1796 1674 2127 1754 impensius

475 1764 684 1844 diligit,
716 1782 890 1844 quam
946 1771 1009 1825 tu
1055 1763 1292 1824 multos.
1337 1761 1502 1834 Quod
1553 1762 1603 1822 si
1644 1781 1789 1838 non,
1847 1771 2007 1824 certe
2039 1764 2125 1824 vel

475 1853 680 1912 eadem
713 1851 978 1928 utrisque
1011 1860 1099 1913 est
1129 1851 1388 1924 affectio,
1422 1859 1482 1912 et
1516 1859 1830 1931 propterea
1863 1850 2021 1912 idem
2071 1860 2130 1913 et

475 1914 1014 2021 contemptus-Hic
1041 1959 1182 2002 sane
1217 1947 1276 2003 et
1307 1914 1421 2001 hoc
1437 1914 1653 2001 sze'culd
1681 1939 1959 2020 praesenti
1981 1941 2124 2001 mul-
2153 1914 2188 1962 Β

475 2029 708 2108 tiplices
736 2029 1036 2110 accipiunt
1060 2027 1506 2101 retributiones,
1546 2029 1699 2091 sicut
1727 2029 1980 2108 apostoli
2014 2030 2120 2091 illi.

2215 874 2413 955 ἀκούεις
2474 875 2555 932 ὅτι
2586 879 2672 933 καὶ
2718 881 2775 933 ἒν
2829 886 2906 952 τῷ
2948 887 3032 934 νῦν
3098 881 3242 935 αἰῶνι
3274 882 3361 936 καὶ
3404 883 3459 935 ἓν
3489 887 3565 954 τῷ
3611 876 3866 952 μέλλοντι

2215 965 2306 1029 τας
2370 963 2594 1040 ἀμοιϐὰς
2645 965 2768 1040 ἔξει,
2830 974 2933 1029 πᾶς
2966 971 2992 1023 6
3026 970 3196 1025 ὁτιοῦν
3242 966 3326 1024 διὰ
3359 970 3490 1024 Θεὸν
3519 967 3869 1046 καταφρονή-

2212 1075 2308 1117 σας
2368 1061 2472 1109 τῶν
2517 1055 2891 1134 ὑπαρχόντων,
2947 1055 3045 1112 κᾶν
3089 1058 3250 1136 μικρὰ
3289 1058 3423 1119 εἶεν,
3463 1059 3548 1124 Μὴ
3581 1059 3678 1134 γαρ
3712 1063 3868 1112 τοῦτο

2213 1144 2490 1217 σκοπῆσῃς
2536 1141 2614 1198 ὅτι
2663 1146 2847 1222 μικρὰ,
2898 1143 3019 1202 ἀλλ’
3079 1145 3160 1200 ὅτι
3221 1147 3333 1221 βίος
3360 1145 3480 1210 ὅλος
3511 1147 3646 1212 ἦσαν

2212 1231 2278 1285 τὰ
2335 1233 2496 1309 μικρὰ
2545 1237 2620 1305 τῷ
2652 1232 2931 1309 ἀνθρώπῳ,
2991 1235 3078 1290 καὶ
3127 1234 3306 1313 ὥσπερ
3356 1235 3416 1290 σὺ
3461 1248 3578 1294 τοῖς
3633 1233 3865 1297 πολλοῖς

2214 1320 2300 1374 καὶ
2357 1318 2640 1396 μεγάλοις,
2675 1320 2839 1385 οὕτως
2872 1322 3075 1388 ἐκεῖνος
3119 1337 3236 1386 τοῖς
3297 1323 3496 1402 ὀλίγοις
3527 1325 3616 1380 xxi
3648 1337 3869 1399 μικροτς

2210 1405 2471 1482 ἒμϐιῶσαι
2517 1408 2836 1488 προσεδόκα,
2882 1410 2974 1466 ἵνα
3023 1410 3296 1490 μῆιλέγω,
3330 1412 3410 1468 ὅτι
3445 1415 3472 1467 6
3503 1411 3657 1489 ὀλίγα
3687 1411 3863 1490 ἔχων,

2211 1494 2428 1552 πλείονα
2488 1497 2677 1576 σχέσιν
2735 1498 2852 1578 ἔχει
2911 1501 3040 1580 πρὸς
3071 1503 3235 1556 ταῦτα
3268 1517 3280 1530 ⁸
3315 1504 3401 1556 καὶ
3431 1501 3589 1567 δῆλον
3625 1501 3726 1556 απὸ
3752 1506 3862 1555 τῶν

2215 1585 2478 1662 πατέρων,
2525 1589 2578 1642 o'i
2609 1585 2735 1643 ὅταν
2796 1587 2885 1643 ἕνα
2943 1587 3110 1644 παῖδα
3167 1587 3359 1667 ἔχωσι,
3395 1587 3560 1644 πλείω
3591 1590 3687 1654 τὴν
3721 1589 3865 1666 σχέ-

3681 1145 3695 1170 1
3724 1159 3793 1170 __..

3678 1167 3824 1200 ειεῖν
3843 1169 3865 1200 ’ζ

2211 1695 2292 1728 σιν
2351 1673 2726 1731 ἐπιῖείκνυνται
2783 1678 2916 1755 πρὸς
2975 1687 3183 1755 τοῦτυν,
3217 1678 3252 1745 ἣ
3287 1679 3416 1755 πρὸς
3445 1677 3677 1741 πλείους.
3713 1677 3871 1735 Οὕτω

3168 1725 3183 1756 3

2212 1768 2298 1822 καὶ
2357 1769 2383 1823 6
2443 1767 2607 1834 πένης
2653 1771 2782 1846 πρὸς
2835 1771 2929 1836 τὴν
2977 1770 3099 1843 μίαν
3145 1770 3335 1850 οἰκίαν,
3373 1772 3460 1826 καὶ
3489 1772 3620 1848 πρὸς
3650 1771 3740 1826 τὶν
3773 1768 3872 1823 ἕνα

2211 1854 2373 1933 ἀγρὸν
2437 1853 2744 1936 δριμύτερον
2804 1855 3082 1930 διάκειται,
3163 1859 3198 1925 ἢ
3257 1862 3317 1914 σὺ
3373 1861 3503 1938 πρὸς
3559 1858 3680 1921 τοῦς
3737 1855 3874 1913 πολ-

2211 1942 2360 2006 λούς.
2424 1946 2481 2000 Εἰ
2541 1942 2595 2001 δὲ
2657 1946 2756 2020 μὴ,
2814 1945 2932 2003 ἀλλ’
2979 1949 3104 2003 ἴσον
3161 1958 3283 2025 γοῦν
3330 1947 3648 2026 ἀμφοτέροις
3673 1948 3734 2003 τὸ
3765 1946 3867 2013 τῆς

2207 2032 2445 2111 σχέσεως
2483 2053 2496 2067 ⁸
2536 2031 2620 2089 διὰ
2664 2037 2817 2090 τοῦτο
2860 2037 3038 2092 καὶτὸ
3082 2037 3176 2103 τῆς
3209 2038 3635 2116 περιφρονήσεως
3713 2035 3874 2093 "EN-

473 2119 795 2195 Tuguriola
824 2119 1062 2199 quidem
1096 2119 1463 2199 reliquerant
1493 2119 1577 2181 illi
1611 2135 1844 2185 omnes.
1879 2127 1934 2178 et
1967 2137 2123 2179 nunc

2211 2125 2290 2177 θεν
2345 2144 2423 2178 τοι
2481 2124 2568 2179 καὶ
2615 2122 2669 2178 ὲν
2700 2131 2776 2198 τῴ
2826 2132 2914 2179 v3v
2965 2125 3111 2181 αἰῶνι
3147 2125 3509 2187 πολυπλασίας
3539 2123 3869 2200 λαμϐάνουσι

472 2205 690 2268 habent
719 2207 1152 2287 fulgentissima
1185 2205 1427 2287 templa,
1461 2215 1519 2268 et
1548 2226 1645 2268 res
1675 2206 2026 2278 familiares,
2065 2217 2126 2268 et

2211 2212 2300 2273 τὰς
2362 2209 2612 2286 ἀμοιϐὰς,
2673 2214 2747 2277 ὡς
2775 2216 2821 2270 οἳ
2852 2213 3139 2271 ἀπόστολοι
3196 2215 3339 2270 αὖτοὶ
3391 2215 3560 2272 οὗτοι.
3620 2211 3870 2280 Καλύϐης

471 2315 662 2372 agros,
701 2305 759 2360 et
785 2315 1002 2358 uxores
1055 2297 1290 2376 multas,
1344 2313 1474 2375 qua:
1531 2295 1653 2357 illis
1701 2295 1933 2357 fervore
1986 2295 2125 2356 ﬁdei

2211 2301 2312 2378 γὰρ
2401 2303 2896 2382 καταφρονήσαντες
2969 2302 3212 2369 ἕκαστος,
3293 2312 3380 2359 νῦν
3463 2303 3869 2380 λαμπροτάτους

470 2385 798 2459 adluerent,
826 2385 1054 2465 aliaque
1077 2383 1279 2445 omnia
1306 2406 1320 2459 ;
1348 2385 1408 2444 in
1437 2383 1631 2446 futuro
1657 2393 1853 2446 autem
1881 2384 2122 2459 saeculo,

2213 2389 2364 2452 ναοὺς
2410 2388 2595 2469 ἔχωσι
2653 2393 2741 2446 xxi
2776 2391 2986 2470 ἀγροὺς,
3050 2394 3137 2448 xxi
3195 2392 3506 2470 προσόδους,
3555 2394 3642 2448 καὶ
3670 2405 3869 2469 γυναῖ-

473 2493 588 2534 ηοο
620 2492 792 2552 agros
829 2473 972 2534 tales
1006 2472 1368 2554 multiplices
1399 2481 1456 2534 et
1486 2474 1833 2554 corporales
1871 2471 2124 2535 retribu-

2211 2499 2307 2540 κας
2336 2476 2544 2542 πολλας
2572 2480 2666 2541 τὰς
2699 2485 2766 2556 τῇ
2813 2481 2943 2557 πρὸς
2976 2482 3160 2544 αὐτοὺς
3189 2485 3498 2561 θερμότητι,
3556 2482 3641 2536 xxi
3693 2481 3869 2535 πίστει

474 2562 690 2633 tiones,
725 2562 829 2624 sed
867 2563 1042 2624 vitam
1071 2571 1379 2624 aeternam.

472 2651 723 2724 μέλλοντι
795 2650 850 2707 δὲ
901 2657 1048 2708 αἰῶνι
1107 2655 1201 2708 οῦκ
1261 2652 1451 2731 ἀγροὺς
1510 2654 1777 2716 τοιούτους
1835 2653 2253 2732 πολυπλασίους,
2313 2658 2398 2710 καὶ
2456 2658 2764 2731 σωματικὰς
2815 2656 3100 2724 ἀντιδόσεις
3187 2659 3441 2734 λάϐωσιν,

413 2783 416 2785 >
471 2765 594 2798 αιων
605 2763 680 2798 ιον
691 2791 704 2804 ο

553 2829 732 2892 Vens.
757 2829 1350 2910 31-34.«Αεευηιρείι
1371 2838 1568 2893 autem
1591 2833 1762 2894 .lesus
1784 2831 2130 2906 duodecim,

470 2928 528 2982 et
558 2919 635 2979 ait
668 2918 834 2980 illis:
887 2917 1042 2981 Ecce
1092 2918 1478 2981 ascendimus
1525 2919 2026 3002 Hierosolymam,
2079 2932 2136 2982 et

470 3027 716 3068 consum
729 3005 1045 3068 mabuntur
1078 3007 1279 3069 omnia
1302 3026 1435 3085 quae
1457 3009 1678 3089 scripta
1703 3017 1842 3070 sunt
1870 3027 1974 3090 per
1998 3029 2132 3088 pro-

471 3097 680 3177 phetas
707 3096 782 3156 de
801 3095 951 3158 Filio
983 3097 1270 3160 hominis.
1309 3097 1608 3159 Tradetur
1643 3098 1801 3159 enim
1831 3099 2129 3178 gentibus,

2210 2563 2610 2641 συνδεδεμένας,
2671 2571 2758 2624 xxi
2845 2568 3013 2625 τᾶλλα
3071 2572 3243 2627 πάντα
3296 2570 3478 2634 ἁπλῶς
3538 2572 3623 2626 καὶ
3681 2569 3734 2624 ἐν
3793 2575 3874 2642 τῷ

3526 2659 3662 2715 ἀλλὰ
3723 2663 3872 2730 ζωὴν

2307 2861 2330 2890 ιι
2370 2835 2693 2913 Παραλαϐὼν
2746 2835 2796 2892 δὲ
2853 2841 2970 2902 τοὺς
3021 2838 3244 2913 δώδεκα,
3305 2842 3430 2898 εἶπε
3475 2843 3603 2918 πρὸς
3653 2843 3868 2904 αὐτούς’

2220 2923 2350 2981 ’ἰδοὺ
2400 2923 2750 3001 ἀναϐαίνομεν
2809 2929 2880 2991 εἷς
2944 2919 3302 3008 ⁹[εροσόλυμ.α,
3366 2932 3451 2986 xxi
3493 2929 3873 2998 τελεσθήσεται

2218 3020 2389 3069 πάντα
2445 3015 2509 3069 τὰ
2573 3017 2914 3092 γεγραμμένα
2973 3015 3055 3072 δια
3110 3024 3215 3074 τῶν
3282 3025 3568 3098 προφητῶν
3631 3025 3707 3090 τῷ
3767 3021 3877 3092 Γὶᾠ

2215 3109 2306 3159 τοῦ
2364 3101 2654 3178 ανθρώπου.
2705 3103 3133 3182 Παραέοθέζσεται
3195 3109 3293 3186 γὰρ
3352 3120 3467 3168 τοῖς
3528 3106 3718 3180 ἔθνεσι,
3783 3110 3874 3162 καὶ

471 3195 528 3248 et
550 3185 920 3264 illudetur,et
937 3195 1112 3246 contu
1125 3185 1317 3246 meliis
1329 3185 1721 3260 affici_etur,et
1741 3197 2128 3267 conspuetor,

2217 3191 2669 3270 ἐμπαιχθήσεται,
2739 3196 2826 3249 xxi
2883 3191 3270 3273 ὑϐρισθήσεται,
3341 3197 3428 3252 καὶ
3491 3195 3870 3270 ἐμπτνσθςξσε-

469 3287 528 3337 et
562 3282 866 3354 postquam
895 3274 1344 3350 ﬂagellaverint,
1382 3275 1661 3337 occident
1694 3294 1854 3355 eum,
1886 3285 1942 3337 et
1964 3277 2128 3338 tertia

2216 3303 2330 3341 ται.
2394 3283 2479 3336 καὶ
2534 3285 2967 3360 μαστιγώσαντες
3015 3282 3389 3340 ἆποκτενοῦσιν
3451 3287 3605 3344 αὐτὸν

468 3365 566 3426 die
589 3372 880 3442 resurget.
920 3364 993 3425 Et
1018 3362 1133 3443 ipsi
1167 3363 1315 3425 nihil
1339 3365 1550 3426 horum
1587 3365 2025 3426 intellexerunt.
2062 3368 2136 3428 Et

469 3460 596 3513 erat
617 3455 865 3514 verbum
883 3452 1036 3513 istud
1056 3452 1468 3514 absconditum
1491 3453 1566 3514 ab
1595 3453 2131 3533 eis,necintellige-

471 3543 610 3602 bant
633 3559 764 3621 quas
788 3539 1161 3604 dicebantur.
1179 3541 1490 3603 nPraedicit
1511 3542 1600 3603 eis
1623 3542 1961 3622 passionem
1988 3563 2130 3623 pro-

471 3639 600 3710 pter
618 3631 734 3691 duo
758 3629 857 3690 illa
890 3647 903 3690 :
941 3649 1153 3702 unum,
1176 3639 1240 3690 ut
1261 3629 1558 3711 ostendat,
1591 3630 1745 3711 quod
1776 3649 1892 3690 non
1915 3630 2130 3692 invitus

477 3737 670 3797 neque
693 3725 753 3778 ut
779 3737 965 3798 purus
988 3718 1165 3779 homo
1211 3728 1461 3780 mortem
1503 3719 1783 3800 ignorans
1815 3719 2126 3794 crucifiga-

472 3817 587 3880 tur,
619 3807 721 3868 sed
754 3815 810 3867 et
835 3806 1169 3887 praevideat,
1203 3815 1260 3867 et
1291 3807 1627 3869 \oluntarie
1660 3808 1915 3888 patiatur
1943 3826 1956 3871 :
1995 3827 2128 3869 nam

470 3897 520 3956 si
555 3895 842 3956 noluisset
864 3894 1006 3975 pati,
1035 3895 1361 3957 devitasset
1383 3897 1585 3976 utique
1602 3915 1732 3977 quae
1757 3895 2126 3977 prtesciebat.

471 3985 692 4045 Eorum
723 3985 881 4044 enim
916 3984 1016 4065 qui
1041 4003 1159 4045 non
1192 3994 1332 4046 sunt
1358 3985 1711 4064 praescii,est
1732 3986 1900 4066 capi;
1923 4003 2132 4048 secun-

472 4073 638 4147 dum,
675 4081 734 4134 ut
765 4072 975 4134 doceat
1024 4093 1128 4134 eos
1182 4072 1388 4136 leviter
1438 4073 1599 4136 ferre
1645 4095 1779 4156 quae
1823 4084 2123 4150 eventura,

473 4171 674 4242 utpote
706 4164 802 4242 qui
826 4170 999 4223 antea
1034 4162 1388 4237 audiverint,
1427 4172 1485 4224 et
1526 4183 1644 4225 non
1674 4175 1923 4245 repente
1948 4165 2005 4225 in
2028 4163 2129 4225 illa

471 4251 815 4313 inciderint.
842 4254 984 4315 Cum
1017 4260 1213 4313 autem
1239 4253 1603 4332 perficienda
1632 4262 1802 4316 erant
1833 4255 1890 4314 in
1926 4262 1981 4314 te
1997 4273 2128 4334 quae

471 4341 628 4402 dicta
657 4361 690 4402 a
719 4341 1051 4422 prophetis,
1078 4359 1186 4402 cur
1200 4341 1540 4418 ascendis,o
1565 4342 1859 4406 Domine?
1884 4347 2130 4422 Propter

475 4429 624 4489 istud
649 4430 871 4511 ipsum,
906 4439 967 4492 ut
1003 4431 1252 4492 salutem
1287 4449 1523 4512 operer.
1556 4430 1628 4492 Et
1657 4433 1739 4493 ita
1758 4432 2126 4494 voluntarius

473 4520 645 4579 vadit.
683 4521 759 4582 Et
792 4520 920 4599 ipse
969 4520 1211 4601 quidem
1245 4521 1392 4592 haec,
1428 4521 1707 4602 discipuli
1747 4529 1944 4583 autem
1987 4532 2126 4582 tunc

473 4609 712 4687 quidem
743 4609 892 4671 nihil
925 4610 1366 4671 intellexerunt.
1386 4609 1529 4673 Erat
1558 4610 1718 4672 enim
1744 4609 1988 4672 verbum
2015 4611 2124 4672 hoc

469 4697 887 4759 absconditum
918 4698 990 4760 ab
1022 4698 1134 4780 eis,
1188 4707 1248 4762 et
1281 4699 1534 4762 maxime
1578 4699 1848 4761 omnium
1877 4699 2123 4762 verbum

473 4788 585 4848 hoc
631 4787 1091 4849 resurrectionis
1134 4789 1376 4850 omnino
1425 4807 1543 4849 non
1592 4787 2019 4865 agnoscebant.
2055 4791 2128 4852 Et

469 4877 584 4938 alia
619 4895 857 4956 quoque
889 4895 1007 4938 non
1057 4877 1484 4956 agnoscebant,
1525 4885 1591 4939 ut
1641 4878 1791 4939 tradi
1829 4876 2122 4957 gentibus.

471 4967 722 5028 Maxime
752 4973 948 5026 autem
987 4965 1235 5028 verbum
1271 4967 1726 5034 resurrectionis
1750 4965 2124 5047 ignorabant,

471 5055 630 5136 quod
663 5073 782 5116 non
808 5061 935 5116 erat
981 5055 1042 5118 in
1076 5075 1206 5118 usu.
1243 5055 1314 5118 Et
1360 5075 1479 5117 non
1517 5075 1727 5118 omnes
1759 5053 1947 5118 Judaei
1987 5075 2125 5118 cre-

474 5144 693 5206 debant
723 5145 1249 5228 resurrectionem,
1301 5149 1362 5209 in
1401 5147 1609 5226 primis
1642 5145 1974 5210 Sadducaei.
2009 5145 2124 5209 Sed

475 5234 718 5297 dixeris.
763 5237 834 5299 Et
865 5237 914 5298 si
969 5235 1114 5296 nihil
1166 5237 1589 5318 agnoscebant,
1623 5255 1808 5317 quare
1854 5255 1992 5316 ergo
2039 5237 2126 5299 eis

475 5323 597 5383 haec
633 5325 951 5403 praedicit?
982 5345 1112 5406 quae
1144 5327 1302 5388 enim
1339 5328 1557 5388 utilitas
1588 5326 1706 5386 illis
1737 5328 1810 5386 ad
1842 5326 2121 5387 consola-

474 5413 694 5471 tionem
731 5431 998 5492 tempore
1050 5416 1268 5490 cruci=,
1321 5419 1369 5477 si
1431 5435 1546 5478 non
1599 5413 2008 5494 intelligebant
2056 5433 2126 5476 ea

472 5519 602 5580 quae
631 5500 1225 5577 dicebantur?Quod
1281 5526 1398 5567 non
1451 5524 1652 5586 parum
1703 5505 1874 5566 utilia
1926 5513 2125 5584 postea

469 5591 667 5652 futura
693 5600 915 5666 essent,
943 5592 1080 5653 dum
1107 5595 1566 5657 recordarentur
1598 5594 1754 5675 quod
1787 5594 1899 5656 ista
1926 5602 2125 5655 essent

469 5698 599 5760 qua:
627 5687 767 5743 tunc
798 5681 1155 5762 praedicente
1207 5684 1459 5749 Domino
1493 5701 1612 5744 non
1671 5683 2117 5762 intellexerunt,

3614 3333 3628 3364 ,
3679 3285 3770 3340 καὶ
3802 3291 3875 3360 τῇ

2215 3369 2364 3446 τρίτῃ
2423 3369 2596 3448 ἡμέρᾳ
2667 3371 3042 3440 ἀναστήσεται,
3107 3374 3200 3430 Καὶ
3273 3375 3413 3430 αὐτοὶ
3478 3371 3622 3430 οὐδέν
3669 3374 3874 3428 τούτων

2216 3463 2467 3532 συνῆκαν,
2531 3461 2616 3515 καὶ
2673 3463 2738 3527 ἦν
2797 3464 2858 3516 τὸ
2907 3462 3052 3538 ῥῆμα
3130 3469 3283 3518 τοῦτο
3341 3474 3702 3540 κεκρυμμένον
3772 3461 3873 3518 ἀπ’

2216 3550 2408 3618 αὐτῶν,
2468 3551 2555 3603 xxi
2601 3553 2695 3605 οὒκ
2735 3549 3019 3626 ἐγίνωσκον
3067 3554 3129 3607 τὰ
3189 3551 3470 3628 λεγόμενα.
3521 3573 3551 3610 ι
3612 3550 3871 3630 Προλέγει

2213 3641 2395 3699 αὐτοῖς
2455 3639 2516 3691 τὰ
2561 3645 2649 3693 τοῦ
2706 3640 2922 3705 πάθους,
2973 3640 3064 3695 ’ἕνα
3110 3639 3197 3697 δύο
3242 3649 3403 3697 ταῦτα
3442 3641 3775 3719 κατορθώσῃ’
3812 3643 3872 3698 ἓν

2213 3724 2310 3799 μὲν
2361 3727 2422 3780 τὸ
2466 3723 2654 3798 δεῖξαι,
2703 3727 2781 3785 ὅτι
2828 3731 2920 3784 οὓς
2955 3727 3097 3785 ἄκων
3143 3729 3256 3786 οῦδὲ
3301 3733 3371 3794 ὡς
3406 3729 3561 3805 ψιλὸς
3594 3727 3866 3808 ἅνθρωπος

2214 3813 2418 3890 ἀγνοῶν
2473 3817 2561 3869 τὸν
2612 3815 2834 3872 θένα-εον
2906 3825 3240 3896 σταυροῦται,
3289 3819 3424 3875 ἄλλα
3478 3822 3561 3875 xxi
3619 3818 3868 3894 προῄδει,

2212 3903 2300 3956 καὶ
2361 3902 2496 3957 ἑκὼν
2553 3904 2755 3983 πάσχει
2791 3921 2802 3934 ⁸
2868 3908 2911 3962 εἰ
2955 3909 3053 3983 γὰρ
3099 3905 3340 3964 ἐϐούλετο
3391 3909 3467 3983 μὴ
3501 3911 3714 3987 παθεῖν,

2214 3989 2389 4044 κλινεν
2449 3989 2533 4070 ἂν,
2591 3993 2685 4048 οἶα
2741 3992 2807 4060 δὴ
2840 3993 3096 4070 προειδώς
3136 4018 3147 4028 “
3198 4002 3300 4050 των
3343 3998 3440 4074 γὰρ
3485 3997 3563 4070 μὴ
3595 4019 3869 4075 προγινω-

2215 4077 2452 4133 σκόντων
2510 4080 2620 4135 ἐστὶ
2676 4083 2737 4136 τίι
2795 4081 3096 4139 ἅλ’σκεσθαι
3128 4101 3140 4114 '
3190 4083 3424 4163 δεύτερον
3468 4083 3521 4140 δὲ
3567 4085 3627 4141 τὸ
3681 4097 3869 4140 πεῖσαι

3764 3907 3837 3926 vr-

3759 3929 3877 3971 εςεδ

2213 4165 2392 4228 αὑτοῖς
2455 4167 2682 4230 εὐκόλως
2731 4169 2904 4248 φέρεεν
2968 4174 3030 4227 τα
3087 4167 3489 4249 συμϐησόμενα,
3546 4173 3637 4228 ἇτε
3688 4194 3868 4250 προα-

2213 4255 2498 4334 κηκοότας,
2558 4257 2644 4312 καὶ
2700 4258 2778 4331 μὴ
2836 4259 2895 4314 ἐκ
2938 4268 3028 4316 τοῦ
3074 4260 3323 4339 αἰφνιδίου
3385 4264 3564 4324 αεῦτοῖς
3625 4283 3870 4338 προσπε-

2211 4343 2390 4402 σόντα.
2445 4346 2622 4401 Καίτοι
2655 4347 2698 4401 εἰ
2742 4346 2929 4421 μέλλοι
2977 4349 3281 4417 τελεσθῆναι
3335 4351 3417 4406 ἐπὶ
3471 4353 3571 4424 σοὶ,
3606 4353 3649 4403 ὠ
3687 4350 3865 4428 Κύριε,

2209 4433 2272 4486 τα
2329 4431 2492 4488 πάλαι
2549 4434 2649 4490 ὑπὸ
2706 4442 2812 4491 τών
2869 4446 3157 4517 προφητῶν
3216 4439 3496 4518 λεχθέντα,
3549 4439 3684 4494 διατί
3730 4439 3866 4494 ἁνα-

2208 4517 2455 4596 ϐαίνειςς
2547 4522 2626 4577 Δι’
2715 4527 2840 4583 αὐτὸ
2900 4527 2997 4601 μὲν
3058 4528 3145 4584 οὗν
3198 4540 3370 4600 τοῦτο,
3441 4531 3532 4584 ἰνα
3602 4531 3868 4606 σωτηρίαν

2209 4608 2541 4687 ἐργάσωμαι.
2605 4602 2779 4668 ’Ὥστε
2827 4615 2962 4670 ἑκὼν
3022 4617 3260 4696 ἔρχεται,
3309 4615 3458 4674 Ἀλλ’
3491 4620 3517 4673 6
3549 4618 3646 4692 μὶν
3675 4624 3864 4672 ταῦτα’

2210 4699 2256 4756 oi
2305 4695 2358 4752 δὲ
2403 4701 2635 4772 μαθηταὶ
2677 4701 2797 4757 τότε
2842 4703 2940 4776 μὲν
2999 4695 3236 4760 συνίεσαν
3292 4706 3436 4761 οῦδὲν
3473 4721 3487 4734 '

2209 4787 2353 4862 ῥῆμα
2411 4789 2562 4842 τοῦτο
2621 4790 3168 4867 παρακεκαλυμμένον
3240 4793 3333 4848 ἀπ’
3394 4795 3585 4866 αὑτων,
3635 4792 3870 4866 μάλιστα

2209 4875 2422 4932 πάντων
2486 4877 2545 4930 τὸ
2597 4876 2742 4952 ῥῆμα
2801 4884 2901 4945 τῆς
2953 4881 3335 4946 ἀναστάσεως·

3337 4351 3350 4365 9
3402 4353 3415 4370 \
3533 4353 3544 4368 ε

3335 4372 3417 4406 επι
3471 4375 3548 4407 σοι

3553 4705 3619 4772 ἦν
3648 4707 3745 4782 γὰρ
3806 4708 3867 4760 τε

3399 4884 3486 4937 xzi
3544 4879 3712 4936 τᾶλλα
3766 4882 3827 4954 μὲ
3841 4905 3869 4931 ν

2209 4964 2308 5042 γὰρ
2365 4968 2459 5021 οῦκ
2513 4964 2889 5043 ἐπεγίνωσκον,
2955 4971 3074 5026 οἷον
3133 4974 3193 5027 τὸ
3250 4969 3701 5049 παραδοθήσεσθαι
3747 4985 3868 5032 τοῖς

2212 5051 2396 5118 ἔθνεσι,
2448 5051 2678 5126 μάλιστα
2730 5053 2784 5110 δὲ
2827 5059 2886 5112 τὸ
2935 5064 3034 5125 τῆς
3065 5059 3402 5122 ἀναστάσεως
3449 5059 3542 5114 οὒκ
3603 5058 3862 5136 ἐπεγίνωο

2211 5163 2334 5197 σκον
2369 5139 2503 5204 ὅλως
2541 5157 2553 5170 ⁸
2605 5141 2848 5223 οὐδὲγὰρ
2901 5146 2966 5213 ἧν
3010 5148 3063 5202 ἐν
3116 5153 3448 5228 καταχρήσει
3509 5156 3686 5226 τοῦτο,
3745 5148 3866 5203 οὔτε

2209 5231 2403 5294 πάντες
2462 5231 2729 5288 ἐπίστευον
2795 5237 2841 5291 οἰ
2898 5237 3299 5312 Ἰουδα’ίζοντες,
3349 5237 3463 5294 οὐδὲ
3524 5239 3621 5304 τὴν
3683 5235 3866 5300 ἁπλῶς

2209 5318 2517 5390 ἀνάστασιν,
2578 5321 2665 5375 xxi
2708 5319 2870 5389 δῆλον
2928 5326 3032 5382 ἀπὸ
3086 5334 3190 5384 τῶν
3263 5326 3651 5387 Σαδδουκαίων,
3715 5323 3866 5381 Ἀλλ’

2208 5406 2382 5471 εἴποις
2440 5406 2525 5488 ἂν,
2576 5411 2630 5466 Ei
2675 5414 2760 5467 καὶ
2805 5418 2882 5488 μὴ
2915 5419 3295 5495 ἒπεγίνωσιον.
3344 5418 3392 5472 τί
3423 5415 3609 5471 λοιπον
3642 5413 3869 5495 προῦλε-

2205 5519 2296 5576 γεν
2339 5497 2525 5561 αὖτοῖς
2554 5506 2717 5555 ταῦτα
2754 5525 2768 5571 ;
2807 5505 2865 5561 Τί
2908 5508 3007 5585 γὰρ
3041 5511 3098 5564 τὸ
3143 5505 3331 5588 ὄφελος
3385 5507 3567 5567 αὖτοῖς
3603 5508 3733 5582 πρὸς
3764 5506 3866 5571 τὴν

2204 5591 2258 5643 ἒν
2313 5591 2390 5646 τῶ
2445 5595 2612 5666 καιρῷ
2679 5599 2769 5647 τοῦ
2826 5607 3048 5674 σταυροῦ
3091 5595 3447 5677 παράκλησιν,
3496 5595 3574 5670 μὴ
3630 5608 3866 5651 συνιεῖσι

2206 5679 2265 5734 τὸ
2316 5673 2606 5754 λεγόμενον
2639 5697 2659 5754 ;
2705 5681 2776 5737 ()6
2808 5673 2973 5765 μικρᾶ
3022 5673 3322 5768 ὠφελοῦντο
3356 5687 3430 5749 εἰς
3475 5686 3534 5740 τὸ
3565 5681 3863 5760 μετέπειτα
