4184 6396
366 349 386 409 1
401 344 518 410 0‘25

1092 340 1536 407 ENARHATIO
1580 338 1659 404 ΙΝ
1707 328 2211 404 EVANGELIUM
2258 332 2490 399 LUCzE.
2539 366 2616 381 --
2661 336 2827 399 CAP.
2880 332 3037 397 XIX.

3615 331 3769 399 1026

364 478 566 537 καθίσει
625 475 680 532 ἐν
738 472 879 547 δεξιᾷ
930 473 1024 530 τοῦ
1107 473 1290 553 θρόνου
1374 473 1471 541 τῆς
1526 470 1915 552 μεγαλωσύνης
1982 473 2038 526 ἓν

2127 469 2319 531 throni
2352 468 2804 545 magniﬁcentiae
2822 468 2881 529 in
2906 469 3155 530 excelsis
3180 469 3775 533 cumcarne.Etenim

365 567 612 644 ὑψηλοῖς
673 566 809 641 μετά
853 564 1072 644 σαρκός.
1120 554 1214 630 Ὦς
1274 565 1371 638 μὲν
1420 564 1520 643 γὰρ
1582 564 1736 642 Θεὸς,
1782 562 1861 619 ἀεὶ
1907 584 2033 620 συν-

367 656 619 739 εδριάζων
662 655 727 724 ἧν
758 655 836 729 τῷ
894 655 1079 733 Πατρὶ,
1140 655 1214 717 ὡς
1269 651 1324 709 δὲ
1354 652 1625 731 ἅνθρωπος
1669 655 1790 709 τότε
1851 651 2033 709 ἐκάθι-

366 770 483 825 σεν,
545 744 672 802 ὅταν
724 742 998 824 ἀνελήφθη
1055 742 1377 822 περιμένων,
1434 741 1534 807 ἕως
1594 742 1653 799 οὗ
1723 745 1943 798 τεθῶσιν
1988 744 2033 797 οἱ

370 837 552 917 ὶχθροὶ
609 836 712 892 ὑπὸ
775 834 895 896 τοὺς
940 830 1106 896 πόδας
1166 837 1347 895 αὐτοῦ.
1392 842 1557 892 Τοῦτο
1587 830 1643 888 δὲ
1687 831 1830 888 ἔσται
1869 831 1923 887 ἐν
1966 837 2033 907 τῇ

367 924 662 997 συντελείᾳ,
721 923 808 979 ὅτε
868 924 934 979 τὰ
988 924 1161 979 πάντα
1222 926 1319 979 καὶ
1372 922 1568 979 ἄκοντα
1636 923 2032 1000 ὑποταγήσεται

372 1017 516 1089 αὒτῷ
574 1014 952 1085 πιστεύσαντα,
1012 1010 1094 1068 ὅτι
1157 1012 1344 1091 Κύριος
1404 1009 1612 1079 Ἰησοῦς
1685 1013 1905 1089 Χριστὸς
1964 1013 2035 1075 εἷς

370 1103 522 1169 δόξαν
569 1109 702 1159 Θεοῦ
760 1101 987 1180 Πατρός.
1040 1098 1263 1157 Πολῖται
1307 1100 1361 1157 δὲ
1406 1103 1565 1159 αὐτοῦ
1609 1102 1738 1156 εἰσιν
1797 1101 1843 1156 οἱ
1897 1096 2032 1157 ἰου-

371 1191 514 1249 δαϊοι
576 1199 855 1267 μισοῦντες
915 1193 1096 1248 αὐτόν.
1165 1182 1463 1268 Ἐωράκασι
1534 1190 1657 1268 γὰρ,
1705 1191 1889 1265 φησὶν,
1950 1182 2036 1244 καὶ

379 1283 711 1357 μεμισήκασι
756 1281 845 1336 καὶ
914 1278 1032 1355 ἐμέ,
1106 1280 1194 1335 καὶ
1263 1281 1354 1335 τὸν
1406 1279 1612 1359 Πατέρα
1657 1302 1784 1355 μου,
1831 1281 1885 1335 οἳ
1942 1282 2037 1337 οὐκ

374 1369 645 1437 ἠθέλησαν
677 1371 833 1426 αὖτὸν
890 1368 975 1424 ἐπ’
1019 1369 1205 1431 αὖτοὺς
1264 1366 1592 1444 βασιλεῦσαι.
1630 1370 1723 1423 Διὸ
1766 1370 1853 1425 καὶ
1911 1366 2033 1423 ἕλε-

377 1482 473 1539 γον
518 1460 650 1537 πρὸς
716 1456 944 1515 Πιλάτον
1002 1457 1310 1536 ἀρνούμενοι
1368 1458 1462 1525 τὴν
1521 1456 1791 1533 βασιλείαν
1822 1458 1978 1514 αὒτοῦ
2014 1472 2027 1485 ‘

2119 559 2269 620 sicut
2298 562 2725 639 Deus,semper
2754 558 3075 621 considens
3098 557 3209 619 fuit
3230 558 3573 621 Patri:sicut
3598 562 3775 622 homo

2117 657 2310 709 autem
2349 658 2485 709 tunc
2525 648 2698 721 sedit,
2735 648 2969 728 quando
3014 655 3353 727 assumptus
3382 656 3491 723 est,
3531 667 3775 729 perma-

2120 757 2271 798 nens.
2300 738 2491 799 donec
2526 745 2818 817 ponantur
2840 737 3068 797 inimici
3101 736 3232 815 ejus
3265 736 3375 797 sub
3406 738 3591 817 pedes
3619 740 3774 817 ejus.

2117 823 2240 886 Hoc
2272 834 2467 885 autem
2528 824 2642 886 erit
2700 825 2756 884 in
2789 827 3321 897 consummatione,
3367 826 3605 904 quando
3637 847 3771 888 om-

2120 914 2213 974 nia
2244 913 2420 974 etiam
2470 933 2600 993 quae
2652 914 2881 987 nolunt,
2915 912 3312 992 subjicientur
3357 915 3432 983 ei,
3466 917 3772 978 credentis

2120 1002 2273 1082 quod
2308 996 2597 1063 Dominus
2622 1000 2797 1064 Jesus
2825 1001 3098 1062 Christus
3128 1001 3186 1062 in
3213 1002 3396 1080 gloria
3425 1004 3529 1064 Dei
3559 1003 3765 1065 Patris.

2120 1090 2286 1153 Cives
2318 1104 2516 1152 autem
2550 1093 2678 1169 ejus
2712 1100 2850 1152 sunt
2878 1090 3087 1163 Judaei,
3116 1090 3252 1152 odio
3276 1090 3769 1155 habentesillum.

2122 1178 2414 1241 Viderunt
2444 1181 2624 1255 enim,
2652 1180 2866 1261 inquit,
2893 1190 2950 1241 et
2980 1180 3116 1241 odio
3151 1179 3487 1243 habuerunt
3515 1190 3777 1257 etme,et

2120 1271 2352 1332 Patrem
2395 1288 2615 1344 meum,
2664 1278 2721 1329 et
2770 1270 3093 1332 noluerunt
3144 1288 3277 1330 eum
3328 1289 3508 1351 super
3554 1290 3617 1333 se
3668 1292 3767 1333 rc-

2118 1377 2299 1437 gnare
2350 1381 2362 1422 :
2414 1358 2571 1419 unde
2609 1367 2667 1419 et
2708 1358 2986 1419 dicebant
3032 1360 3103 1419 ad
3156 1358 3430 1429 Pilatum,
3491 1370 3774 1439 negantes

2117 1467 2364 1526 regnum
2398 1448 2565 1527 ejus:
2600 1473 2620 1503 α
2650 1447 2777 1509 Νοη
2811 1448 3095 1508 habemus
3129 1466 3354 1525 regem;
3387 1474 3411 1503 ι)
3444 1457 3499 1508 et
3528 1448 3770 1512 iterum:

381 1536 410 1607 ἀ
447 1536 780 1628 Οῦοιὲχομεν
812 1546 1095 1623 βασιλέαΊ
1126 1549 1212 1603 καὶ
1244 1547 1425 1603 πάλιν·
1458 1568 1481 1603 α
1520 1548 1608 1614 Μὴ
1634 1549 1825 1627 γράφε,
1856 1539 1912 1605 εΟ
1942 1549 2036 1624 βα-

2127 1562 2149 1591 nr
2182 1536 2265 1599 Ne
2298 1537 2544 1611 scribas,
2604 1539 2726 1600 Rex
2768 1536 3127 1599 .ludaeorum.
3166 1564 3187 1593 »ο
3240 1536 3517 1609 Quamvis
3548 1537 3771 1599 Zacha—

376 1626 691 1701 σιλεῦςτῶν
729 1633 1010 1695 Ἰουδαίων.
1051 1659 1075 1691 ιι
1116 1636 1295 1693 Καίτοι
1326 1637 1593 1715 Ζαχαρίας
1646 1626 1767 1712 βοᾷς
1807 1658 1829 1692 ι
1869 1644 2034 1715 Χαῖρε

2127 1627 2234 1687 rias
2265 1626 2461 1688 dicat:
2496 1627 2734 1689 «Gaude
2765 1626 2955 1698 valde,
2994 1626 3111 1686 ﬁlia
3146 1626 3311 1697 Sion,
3347 1626 3487 1706 quia
3514 1645 3618 1688 rex
3640 1634 3773 1688 tuus

376 1725 597 1808 σφόδρα,
629 1727 853 1803 θύγατερ
910 1727 1075 1799 Σιὼν,
1128 1725 1209 1813 ὅτι
1258 1724 1512 1790 Βασιλεύς
1564 1749 1655 1783 σου
1681 1724 1898 1806 ἔρχεταί
1954 1749 2034 1782 σοι

2127 1716 2316 1813 veniet
2359 1715 2464 1776 tibi
2512 1716 2710 1795 justus
2773 1725 2830 1777 et
2872 1716 3072 1813 salvus
3096 1716 3182 1797 97;
3225 1737 3250 1774 ›
3316 1725 3487 1795 atque
3539 1716 3769 1780 Isaias:

376 1806 592 1890 δίκαιος,
642 1816 731 1870 καὶ
763 1816 973 1886 σώζων·
1014 1839 1037 1866 n
1074 1816 1163 1871 καὶ
1196 1806 1446 1878 Ἠσαίας·
1494 1836 1513 1871 l
1546 1813 1677 1872 Ἰδοὺ
1708 1814 1760 1870 δὲ
1792 1814 2036 1890 βασιλεὺς

375 1904 570 1968 δίκαιος
598 1901 925 1981 βασιλεύσει·
958 1928 984 1958 η
1019 1906 1106 1961 καὶ
1167 1901 1324 1959 Δαυίδ
1374 1926 1395 1959 ι
1448 1903 1595 1981 Ἐγὼ
1623 1903 1676 1959 δὲ
1708 1906 2035 1971 κατεστάθην

375 1993 620 2071 βασιλεὺς
667 1990 755 2049 ὑπ’
802 1997 980 2054 αὐτοῦ.
1034 2012 1063 2052 )
1098 1994 1157 2050 Οἱ
1218 1992 1314 2068 μὲν
1376 1995 1465 2049 οὖν
1496 1991 1745 2050 Ἰουδαῖοι
1778 1994 2035 2066 ἐμίσησαν

374 2086 466 2140 τὸν
523 2084 734 2162 Κύριον,
786 2085 814 2138 6
870 2081 922 2138 δὲ
979 2095 1097 2146 τοῖς
1151 2079 1357 2147 δούλοις
1403 2086 1560 2140 αὐτοῦ
1608 2079 1731 2138 δέκα
1766 2088 1897 2157 μνᾶς
1941 2080 2033 2138 δέ-

377 2170 535 2233 δωκε.
568 2172 755 2229 Δοῦλοι
798 2168 852 2225 δὲ
898 2172 1053 2226 αὑτοῦ
1096 2170 1142 2225 οἰ
1187 2168 1240 2225 ἐν
1306 2174 1375 2246 τῇ
1416 2168 1709 2241 Ἐκκλησία
1765 2167 2035 2233 διακονίας

379 2257 811 2332 πεπιστευμένοι,
856 2255 981 2314 δέκα
1022 2256 1302 2336 λεγόμεδοι
1372 2257 1539 2333 εἶναι,
1593 2255 1676 2313 διὰ
1716 2259 1778 2314 τὸ
1832 2258 2036 2315 τέλειον

379 2352 476 2415 τῆς
529 2346 981 2414 ἔκκλησιαστικῆς
1011 2348 1359 2426 προστασίας,
1395 2337 1457 2403 (Η
1510 2348 1610 2427 γὰρ
1668 2346 1721 2402 ἐν
1771 2354 1839 2425 τῇ
1905 2346 2034 2406 Ἐκ-

382 2434 576 2509 κλησίᾳ
617 2434 762 2501 τάξις
849 2433 1053 2491 τελείαν
1135 2434 1259 2515 ἔχει
1339 2436 1431 2503 τὴν
1507 2438 1614 2491 τῶν
1687 2437 2035 2514 προεστώτων

381 2522 755 2599 διακόσμησιν,
800 2525 889 2580 καὶ
942 2521 1059 2580 ούτε
1089 2522 1339 2588 πλείονας
1371 2521 1475 2580 ἔδει
1522 2524 1688 2604 εἶναι,
1724 2523 1841 2581 οὔτε
1872 2523 2034 2581 ἐλάτ-

378 2634 557 2676 τονας.
606 2613 763 2685 Οῖον,
811 2611 973 2687 λόγου
1016 2613 1201 2692 χάριν,
1255 2614 1372 2692 τρία
1415 2622 1578 2673 ταῦτα
1611 2613 1817 2691 ὁρῶμεν
1869 2614 1924 2669 ἐν
1967 2620 2035 2691 τῇ

380 2702 696 2775 Ἐκκλησία,
732 2700 1004 2780 κάθαρσιν,
1064 2704 1362 2781 φωτισμὸν,
1422 2705 1510 2760 καὶ
1540 2702 1809 2760 τελείωσιν
1844 2720 1858 2735 ⁸
1919 2706 2035 2784 τρία

381 2795 470 2851 καὶ
518 2793 583 2849 τὰ
639 2792 829 2857 ταύτας
859 2792 953 2854 τὰς
1006 2791 1267 2870 ἐνεργείας
1320 2791 1708 2872 κληρωσάμενα
1738 2794 1982 2874 τάγματα
2015 2810 2030 2824 ⁸

385 2884 433 2938 οἱ
493 2881 726 2938 διάκονοι
786 2881 1083 2959 καθαίρουσι
1155 2878 1239 2936 διὰ
1301 2883 1662 2961 κατηχήσεως
1730 2884 1815 2939 καὶ
1885 2881 2034 2939 διδα-

390 2966 633 3047 σκαλίας,
706 2969 754 3024 οἱ
834 2967 1176 3045 πρεσϐύτεροι
1228 2971 1511 3049 φωτίζουσι
1577 2968 1661 3027 διὰ
1711 2978 1803 3027 τοῦ
1845 2971 2036 3048 βαπτί-

387 3078 612 3133 σματος,
692 3059 738 3114 οἱ
796 3055 1066 3137 ἀρχιερεῖς
1150 3059 1239 3115 καὶ
1313 3059 1578 3137 ἱερατικὰς
1651 3058 1823 3124 τάξεις
1880 3064 2034 3117 καθιε-

390 3155 554 3213 στῶσι
604 3147 692 3203 καὶ
749 3144 1061 3223 τελειοῦσιν,
1135 3145 1162 3202 ὅ
1226 3146 1359 3229 ἔστι,

390 3239 455 3295 τὰ
505 3237 752 3314 τάγματα
823 3238 956 3317 πρὸς
1027 3238 1121 3301 τὰς
1178 3238 1468 3317 ἓνεργείας,
1542 3240 1629 3295 καὶ
1679 3239 1796 3296 οὔτε
1850 3238 2040 3313 πλείω,

390 3324 508 3384 οὔτε
567 3325 795 3398 ἐλάττω,
857 3327 922 3381 τὰ
977 3333 1083 3383 τῶν
1166 3327 1516 3405 προεστώτων
1573 3328 1756 3409 φημί;
1829 3330 2044 3397 Τούτοις

386 3417 475 3474 οὗν
524 3429 641 3479 τοῖς
702 3413 906 3479 δούλοις
965 3414 1196 3493 διαμένει
1240 3414 1366 3473 δέκα
1409 3423 1566 3493 μνᾶς,
1615 3419 1680 3474 τὰ
1736 3419 2045 3499 χαρίσματά

386 3528 546 3586 φημι,
595 3502 629 3560 ἃ
687 3504 896 3580 ἑκάστῳ
952 3502 1147 3562 δίδοται
1189 3506 1321 3584 πρὸς
1362 3507 1426 3561 τὸ
1468 3507 1752 3585 συμφέρον,
1789 3514 1898 3572 Πᾶς
1943 3509 2041 3589 γὰρ

384 3597 413 3651 6
466 3594 789 3673 προστασίαν
851 3592 1225 3673 ἐγχειρισθεὶς,
1287 3592 1386 3651 κᾶν
1429 3594 1639 3661 ἀνάξιος
1695 3597 1751 3671 ᾗ,
1799 3597 2041 3677 χάρισμα

385 3683 504 3765 ἔχει
561 3682 613 3749 ἐξ
668 3683 834 3749 αὐτῆς
878 3682 976 3750 τῆς
1025 3682 1283 3762 χρίσεως,
1363 3685 1452 3741 καὶ
1528 3683 1637 3741 ἔστι
1692 3692 1845 3742 τοῦτο
1904 3685 2041 3765 μέγα

386 3772 551 3835 ὅντως
624 3770 720 3839 τῆς
791 3778 885 3830 τοῦ
944 3778 1076 3832 Θεοῦ
1152 3770 1543 3853 φιλανθρωπίας
1588 3775 1677 3831 καὶ
1739 3776 2041 3851 οἰκονομίας

388 3863 703 3941 μυστήριον.

474 3972 497 4008 ι
550 3951 648 4009 Καὶ
708 3949 917 4029 ἒγένετο
976 3950 1031 4007 ἐν
1087 3955 1164 4025 τῷ
1233 3950 1544 4010 ἐπανελθεῖν
1602 3954 1759 4010 αὐτὸν
1814 3951 2043 4012 λαϐόντα

385 4039 485 4107 τὴν
541 4037 841 4114 ϐασιλείαν,
908 4038 1034 4097 εἶπε
1090 4042 1398 4115 φωνηθῆναι
1451 4042 1594 4115 αὒτῷ
1646 4043 1770 4107 τοὺς
1826 4040 2042 4109 δούλους

385 4129 621 4203 τούτους,
655 4125 940 4209 οῖςήὲδωκε
996 4129 1056 4184 τὸ
1100 4127 1369 4209 ἀργύριον,
1426 4126 1520 4186 ἵνα
1573 4136 1684 4207 γνῷ
1726 4131 1805 4195 τίς
1833 4133 1883 4189 τί
1927 4131 2040 4195 διε,-

384 4218 852 4298 πραγματεύσατο,
928 4216 1253 4297 Παρεγένετο
1310 4216 1364 4274 δὲ
1445 4221 1472 4275 6
1545 4218 1754 4298 πρῶτος
1815 4218 1989 4300 λέγων
2027 4238 2041 4253 °

390 4309 570 4388 Κύριε,
627 4308 663 4376 ἦ
736 4313 843 4382 μνᾶ
902 4329 996 4364 σου
1056 4308 1478 4388 προσειργάσατο
1536 4306 1661 4366 δέκα
1726 4315 1887 4384 μνᾶς.
1948 4313 2046 4369 Καὶ

387 4396 544 4453 εἶπεν
588 4400 754 4469 αὐτῷ’
812 4404 907 4473 Εῦ,
965 4395 1114 4455 δοῦλε
1146 4396 1330 4476 ἀγαθὲ,
1366 4396 1446 4454 ὅτι
1478 4397 1530 4455 ἐν
1562 4397 1830 4480 ἐλαχίστῳ
1859 4403 2045 4467 πιστὸς

2126 1803 2312 1867 «Ecce
2342 1824 2443 1867 rex
2461 1805 2658 1884 justus
2681 1804 3273 1885 regnabitguinsuper
3304 1814 3362 1865 et
3389 1805 3593 1868 David:
3613 1805 3769 1884 «Ego

2118 1902 2312 1956 autem
2368 1894 2724 1956 constitutus
2768 1913 2901 1956 sum
2948 1912 3050 1955 rex
3092 1893 3163 1955 ab
3197 1912 3290 1955 eo.
3333 1919 3357 1949 υ
3395 1894 3583 1957 Judaei
3628 1913 3773 1956 sane

2118 1984 2255 2044 odio
2289 1984 2626 2045 habuerunt
2654 1982 2998 2047 Dominum.
3034 1985 3218 2045 Porro
3276 1982 3565 2045 Dominus
3608 1983 3775 2045 dedit

2117 2073 2303 2133 servis
2333 2074 2539 2134 decem
2581 2074 2791 2135 minas.
2821 2074 2989 2135 Servi
3020 2082 3216 2134 autem
3260 2071 3347 2133 illi
3373 2081 3512 2134 sunt
3544 2074 3600 2135 hi
3633 2074 3770 2149 qui-

2122 2161 2309 2223 busin
2334 2160 2598 2222 Ecclesia
2640 2161 3038 2224 ministerium
3068 2161 3478 2223 concreditum
3513 2170 3626 2237 est;
3660 2163 3771 2224 de—

2120 2269 2249 2311 cem
2282 2251 2556 2313 dicuntur
2581 2269 2735 2331 esse,
2765 2259 3007 2331 propter
3040 2249 3463 2331 perfectionem
3496 2252 3774 2315 ecclesia~

2120 2340 2282 2401 sticze
2302 2339 2885 2419 praesidentiaeﬂrdo
2910 2342 3067 2401 enim
3089 2341 3149 2400 in
3167 2339 3433 2404 Ecclesia
3447 2341 3768 2421 perfectam

2123 2428 2560 2509 praesidentium
2582 2428 3035 2508 dispositionem
3065 2427 3544 2509 habet,etneque
3570 2430 3769 2508 plures

2119 2518 2429 2597 oportebat
2459 2536 2820 2598 esse,neque
2853 2519 3191 2598 pauciores:
3217 2527 3279 2578 ut
3301 2536 3468 2579 exem
3482 2519 3559 2599 pli
3581 2521 3769 2598 gratia

2117 2607 2230 2667 tria
2248 2607 2371 2668 haec
2384 2606 2799 2668 videmusesse
2816 2606 2875 2668 in
2893 2606 3607 2687 Ecclesia,purgationem
3620 2608 3776 2681 ,illu-

2120 2696 2527 2770 minationem,
2562 2704 2620 2759 et
2662 2695 3115 2776 perfectionem.
3149 2694 3541 2777 Operationes
3595 2698 3768 2761 etiam

2118 2785 2268 2861 illas,
2295 2794 2413 2846 tres
2442 2786 2633 2846 sortiti
2663 2794 2801 2846 sunt
2824 2785 3089 2847 ordines.
3119 2786 3364 2847 Diaconi
3388 2796 3641 2868 purgant
3662 2807 3770 2869 per

2118 2874 2573 2936 instructionem
2608 2882 2667 2934 et
2695 2874 3051 2954 doctrinam,
3080 2872 3407 2954 presbyteri
3432 2873 3774 2936 illuminant

2122 2982 2227 3044 per
2247 2962 2907 3044 baptismum,episcopi
2930 2962 3332 3025 sacerdotales
3349 2963 3592 3024 ordines
3621 2982 3771 3025 con-

2122 3053 2369 3113 stituunt
2411 3059 2470 3113 et
2518 3051 2853 3132 perﬁciunt,
2905 3053 3019 3113 hoc
3068 3060 3179 3124 est,
3230 3051 3527 3113 ordinant.
3592 3050 3776 3115 Vides

1419 3156 1837 3228 χειροτονοῦσιν.
1885 3140 2038 3227 Ὀρᾷς

2127 3142 2364 3203 ordines
2394 3161 2527 3203 cum
2558 3140 3089 3222 operationibus,et
3111 3159 3305 3221 neque
3325 3140 3549 3220 plures,
3578 3160 3777 3222 neque

2128 3230 2851 3312 pauciores,przesidentiu
2863 3231 3168 3312 minquam
3183 3228 3446 3291 ordines.
3458 3228 3583 3291 Illis
3601 3231 3779 3310 igitur

2126 3319 2313 3382 servis
2343 3314 2644 3381 distribuit
2674 3319 2883 3381 decem
2913 3320 3126 3393 minas,
3169 3318 3283 3380 hoc
3314 3327 3424 3396 est,
3457 3320 3617 3383 dona
3646 3337 3778 3401 qua;

2127 3409 2452 3488 unicuique
2498 3408 2635 3471 data
2681 3416 2818 3470 sunt
2872 3408 2932 3470 in
2969 3407 3307 3471 utilitatem.
3352 3408 3562 3473 Omnis
3612 3410 3772 3471 enim

2124 3499 2457 3580 cuicunque
2486 3500 2826 3561 concredita
2857 3506 2946 3560 est
2974 3498 3373 3580 praesidentia,
3402 3498 3580 3560 etiam
3613 3499 3663 3561 si
3684 3500 3777 3560 in-

2125 3589 2339 3667 dignus
2396 3588 2593 3664 fuerit,
2649 3589 2869 3650 donum
2921 3587 3099 3649 habet
3165 3606 3235 3649 ex
3311 3588 3590 3650 unctione
3644 3607 3775 3664 sua,

2124 3678 2185 3740 id
2216 3678 2372 3760 quod
2408 3696 2683 3757 magnum
2707 3677 2920 3740 divinae
2964 3676 3391 3740 misericordiae
3428 3695 3776 3741 sacramen-

2126 3777 2245 3829 tum
2276 3772 2389 3831 est.

2203 3939 2389 4000 Vsus.
2428 3936 2640 4000 15-28.
2682 3960 2704 3993 α
2741 3936 2811 3998 Et
2840 3937 3061 3998 factum
3104 3947 3195 3999 est
3228 3944 3292 3998 ut
3314 3937 3566 4013 rediret,
3602 3955 3780 4001 acce-

2128 4036 2224 4109 pto
2255 4045 2462 4108 regno,
2488 4027 2767 4108 misitque
2801 4046 3017 4090 vocare
3048 4046 3249 4090 servos
3274 4027 3410 4089 illos
3440 4026 3513 4090 ad
3545 4027 3778 4108 se,qui-

2126 4119 2236 4180 bus
2266 4117 2517 4179 dederat
2548 4117 2881 4199 pecuniam,
2906 4126 2971 4178 ut
2999 4119 3178 4179 sciret
3207 4130 3496 4198 quantum
3526 4119 3781 4199 quisque

2130 4208 2461 4288 negotiatus
2492 4223 2670 4271 esset.
2707 4210 2881 4271 Venit
2908 4220 3105 4273 autem
3137 4217 3366 4292 primus
3395 4210 3625 4272 dicens:
3654 4212 3779 4272 Do-

2130 4298 2317 4372 mine,
2342 4303 2502 4359 mina
2530 4308 2628 4361 tua
2652 4298 2863 4362 decem
2889 4301 3079 4362 minas
3096 4298 3515 4381 acquisivitEt
3537 4301 3618 4361 ait
3648 4299 3733 4360 illi
3761 4318 3774 4362 :

2128 4385 2309 4467 Euge,
2329 4389 2466 4449 446
2488 4388 2641 4451 bone
2662 4406 2831 4451 serve
2854 4411 2865 4449 :
2887 4390 3027 4470 quia
3054 4390 3116 4451 in
3150 4391 3396 4452 minimo
3436 4388 3596 4451 fuisti
3629 4389 3780 4450 tide—

387 4484 592 4562 έγένου,
624 4485 733 4553 ἴσθι
762 4485 1000 4552 ἓξουσίαν
1052 4475 1204 4565 ἔχων
1254 4483 1434 4543 ἐπάνω
1492 4484 1614 4544 δέκα
1660 4475 1904 4549 πόλεων.
1952 4494 2039 4549 Kal

2132 4475 2228 4551 lis,
2263 4477 2477 4557 habeto
2510 4485 2860 4558 potestatem
2913 4496 3095 4560 super
3135 4478 3340 4541 decem
3388 4479 3679 4540 civitates.
3712 4477 3784 4540 Et

385 4572 544 4640 ἦλθεν
603 4574 630 4630 6
675 4571 914 4654 δεύτερος
959 4573 1133 4652 λέγων
1169 4589 1184 4604 ⁸
1247 4574 1426 4653 Κύριε,
1472 4577 1507 4643 ἡ
1565 4581 1672 4650 μνᾶ
1702 4597 1798 4633 σου
1828 4576 2049 4645 ἐποίησε

390 4662 551 4720 πέντε
611 4669 773 4740 μνᾶς.
834 4664 976 4721 Eine
1034 4661 1089 4719 δὲ
1172 4664 1261 4720 καὶ
1329 4668 1499 4739 τούτῳ
1532 4681 1545 4695 '
1628 4667 1725 4724 Καὶ
1784 4666 1848 4721 σύ
1911 4666 2052 4745 γίνου

387 4750 569 4808 ἐπάνω
613 4752 769 4809 πέντε
813 4752 1048 4816 πόλεων,
1113 4752 1211 4811 Καὶ
1255 4750 1431 4833 ἕτερος
1476 4752 1603 4823 ἦλθε
1653 4752 1824 4832 λέγων
1859 4774 1872 4787 '
1942 4755 2050 4812 Κύ-

387 4858 489 4921 ριε,
536 4838 644 4898 ἰδοὺ
674 4843 708 4909 ἡ
773 4847 877 4916 μνᾶ
909 4863 1029 4915 σου,
1074 4840 1142 4910 ἢν
1187 4841 1349 4922 εἶχον
1406 4843 1770 4919 ἀποκειμένην
1819 4842 1874 4899 ἒν
1923 4865 2052 4900 σου-

385 4927 547 5009 δαρίῳ
584 4945 600 4963 '
636 4927 941 5011 ἐφοϐούμην
993 4930 1093 5011 γάρ
1148 4953 1228 5004 σε,
1264 4930 1345 4988 ὅτι
1376 4930 1646 5011 ἅνθρωπος
1681 4932 1936 5013 αὖστηρὸς
1971 4933 2048 5009 εἴ,

388 5016 561 5098 αἴρεις
617 5018 646 5075 ὅ
705 5024 800 5079 οὐκ
860 5020 1080 5094 ἔθηκας,
1150 5022 1237 5077 καὶ
1280 5023 1494 5102 θερίζεις
1554 5024 1582 5079 ὃ
1642 5022 1738 5081 οὐκ
1780 5021 2050 5101 ἔσπειρας.

359 5109 546 5187 ,Λέγει
580 5107 636 5165 δὲ
680 5114 823 5185 αὐτῷ
856 5127 872 5143 ⁸
923 5109 1020 5167 Ἐκ
1062 5116 1154 5166 τοῦ
1199 5111 1464 5187 στόματός
1509 5134 1603 5169 σου
1645 5116 1808 5191 κρινῶ
1839 5134 1924 5189 σε,
1953 5134 2056 5169 πο-

386 5201 519 5277 νηρέ
552 5195 727 5262 δούλε.
760 5198 981 5280 ’ᾜδεις,
1043 5197 1124 5256 ὅτι
1158 5199 1266 5278 ἐγὼ
1314 5200 1581 5282 ἅνθρωπος
1613 5201 1876 5282 αὐστηρός
1921 5203 2052 5277 εἰμι,

390 5286 563 5368 αἴρων
624 5290 652 5344 ὃ
712 5290 802 5346 οὖν
849 5288 1040 5369 ἔθηκα,
1099 5290 1188 5347 καὶ
1232 5291 1456 5370 θηρίζων
1499 5292 1527 5347 ὃ
1572 5293 1665 5349 οὒκ
1694 5290 1934 5371 ἔσπειρα,
1967 5293 2056 5349 καὶ

395 5374 482 5434 διὰ
535 5378 588 5433 τί
630 5379 726 5435 οὐκ
778 5376 979 5442 ἔδωκας
1038 5379 1100 5437 τὸ
1151 5379 1395 5461 ἀργύριόν
1469 5403 1571 5457 μου
1615 5380 1700 5437 ἐπὶ
1756 5381 2054 5460 τράπηζαν,

390 5466 479 5522 χαὶ
521 5467 631 5545 ne.)
660 5466 849 5543 ιλθὼν,
908 5468 1000 5524 σὺν
1028 5468 1173 5545 τόκῳ
1217 5467 1279 5524 ἂν
1326 5468 1525 5549 ἔπραξα
1575 5470 1701 5527 αὐτό
1736 5488 1751 5548 ;

1736 5488 1754 5548 ;
1811 5470 1910 5528 Καὶ
1938 5483 2055 5536 τοϊς

469 5635 531 5686 9’7
564 5637 721 5701 Psal.
761 5654 827 5715 ιι,
864 5636 935 5701 18

2132 4565 2282 4627 alter
2337 4567 2496 4628 venit
2548 4566 2795 4628 dicens:
2830 4566 3108 4648 Domine,
3168 4569 3328 4629 mina
3377 4576 3476 4629 tua
3524 4566 3788 4629 confecit

2134 4656 2397 4736 quinque
2437 4656 2649 4718 minas.
2675 4656 2751 4719 Et
2780 4657 2916 4718 huic
2964 4658 3043 4718 ait
3084 4675 3098 4721 :
3134 4656 3203 4719 Et
3228 4666 3286 4719 tu
3312 4657 3629 4739 praefectus
3659 4666 3785 4718 esto

2135 4745 2397 4825 quinque
2428 4744 3023 4809 civitatibus.Etalius
3055 4747 3476 4809 venitdicens:
3507 4749 3785 4823 Domine,

2138 4852 2280 4896 ecce
2312 4834 2473 4896 mina
2503 4843 2600 4896 tua
2625 4852 2801 4916 quam
2846 4835 3022 4898 habui
3052 4836 3374 4917 repositam
3412 4840 3470 4898 in
3503 4835 3739 4898 sudario
3767 4853 3781 4899 :

2139 4923 2307 4984 timui
2350 4924 2509 4986 enim
2558 4930 2640 5000 te,
2691 4925 2848 5006 quod
2904 4925 3080 4987 homo
3129 4936 3402 4989 austeros
3459 4926 3588 4988 sis:
3628 4925 3787 4987 tollis

2138 5013 2295 5094 quod
2325 5033 2447 5076 non
2480 5015 2752 5095 posuisti,
2788 5022 2846 5076 et
2876 5016 3051 5080 metis
3098 5016 3255 5097 quod
3308 5034 3425 5077 non
3458 5014 3787 5078 seminasti.

2138 5102 2292 5165 Dicit
2325 5104 2421 5167 ei:
2470 5102 2554 5166 De
2598 5123 2703 5166 ore
2757 5112 2855 5165 tuo
2908 5112 2964 5166 te
3012 5104 3321 5184 judicabo,
3383 5124 3554 5169 serve
3608 5104 3785 5168 male.

2139 5193 2382 5256 Sciebas
2413 5194 2570 5276 quod
2596 5213 2705 5271 ego
2731 5195 2910 5256 homo
2942 5202 3216 5256 austerus
3245 5194 3604 5270 sim,tollens
3635 5195 3788 5276 quod

2141 5308 2258 5352 non
2320 5286 2512 5367 posui,
2562 5293 2619 5347 et
2662 5292 2896 5345 metens
2942 5283 3100 5365 quod
3160 5302 3278 5346 non
3333 5285 3628 5349 seminavi
3668 5306 3682 5347 :
3731 5296 3792 5350 ct

2141 5395 2323 5462 quare
2352 5393 2473 5438 non
2504 5373 2722 5438 dedisti
2744 5374 3057 5462 pecuniam
3095 5390 3286 5435 meam
3316 5373 3389 5436 ad
3420 5393 3713 5459 mensam,
3735 5384 3793 5438 et

2142 5461 2254 5548 ego
2275 5468 2523 5530 veniens
2549 5482 2683 5533 cum
2709 5462 2907 5528 usuris
2931 5461 3138 5545 utique
3155 5462 3484 5544 exegissem
3505 5464 3698 5528 illam?
3724 5463 3796 5530 Et
