4184 6406
439 352 591 420 1027

1406 351 2003 424 THEOPHYLACTI
2048 346 2461 415 BULGARI/E‘
2504 350 2863 418 ARCHIEP.

3680 350 3834 417 1028

440 493 773 556 astantibus
797 492 1211 555 dixit:Auferte
1243 492 1315 553 ab
1344 492 1439 554 illo
1475 491 1720 572 minam,
1748 499 1804 552 et
1836 490 1975 551 date
2007 488 2063 549 ill

2148 489 2507 567 ,παρεστῶσιν
2547 494 2699 548 εἶπεν
2737 511 2750 526 °
2785 482 2995 571 ’Ἄρατε
3051 490 3144 548 ἀπ’
3207 486 3364 551 αὖτοῦ
3393 492 3492 560 τὴν
3522 497 3679 567 μνᾶν,
3742 492 3833 547 καὶ

437 584 533 662 qui
566 583 767 643 decem
799 582 987 642 minas
1014 582 1217 644 habet.
1260 584 1329 643 Et
1372 582 1645 642 dixerunt
1675 582 1728 641 ei
1765 600 1778 643 :
1814 579 2088 658 Domine,

435 672 609 732 habet.
634 671 841 731 decem
878 670 1089 733 minas.
1124 670 1264 732 Dico
1316 670 1501 733 vobis.
1555 669 1711 749 quod
1762 670 1925 729 omni
1978 670 2086 729 ha-

435 761 595 822 benti
637 760 895 831 dabitur,
944 760 1016 820 ab
1052 778 1119 821 eo
1153 768 1349 821 autem
1384 759 1481 839 qui
1517 779 1633 819 non
1669 758 1866 830 habet,
1907 757 2084 818 etiam

431 849 583 927 quod
619 846 1314 928 habet,auferetur.Quin
1348 847 1620 907 inimicos
1642 865 1807 906 meos
1828 846 1960 907 illos
1982 847 2081 926 qui

431 937 750 999 noluerunt
776 957 868 998 me
909 956 1163 1017 regnare
1194 956 1374 1017 super
1394 955 1481 1009 se,
1517 936 1815 1015 adducite,
1852 938 1991 1010 huc,
2027 945 2084 997 et

430 1026 743 1087 interficite
791 1036 926 1087 ante
979 1046 1093 1089 me.
1158 1026 1225 1086 Et
1276 1026 1372 1087 his
1424 1025 1594 1087 dictis
1647 1024 1764 1085 ibat
1829 1044 2080 1104 pergens

427 1115 751 1177 ascendere
816 1114 1306 1195 Hierosolymam.
1358 1141 1381 1171 υ
1438 1114 1579 1177 Cum
1649 1116 1947 1176 rediturus
1994 1124 2081 1176 est

427 1205 695 1267 Christus
726 1223 1050 1283 generosus
1081 1206 1182 1265 ille
1204 1214 1260 1265 et
1279 1204 1607 1265 secundum
1635 1205 1956 1263 humanam
1977 1224 2079 1265 na-

428 1304 724 1366 turam,ex
756 1294 920 1373 regio
951 1296 1107 1355 enim
1139 1313 1357 1373 genere
1382 1293 2084 1365 descenditDominus,et

427 1383 758 1443 secundum
790 1383 1201 1455 ditinam,hoc
1227 1383 1405 1453 est,in
1440 1382 1701 1443 secundo
1724 1384 1846 1458 ejus
1868 1384 2083 1443 adven-

427 1480 511 1551 tu,
547 1473 785 1549 quando
817 1472 1126 1553 apparebit
1171 1492 1267 1532 ιω(
1326 1490 1460 1532 cum
1520 1472 1749 1550 angelis
1793 1472 1851 1531 in
1894 1471 2083 1549 gloria

426 1559 611 1621 Patris
650 1561 910 1627 veniens.
949 1573 1007 1622 et
1046 1581 1225 1622 omne
1269 1581 1421 1639 genu
1468 1562 1745 1622 flectetur
1792 1561 1846 1620 ei
1882 1578 1895 1622 :
1942 1568 2081 1621 tunc

425 1670 566 1712 sane
596 1651 665 1711 ad
700 1652 987 1712 rationem
1041 1652 1253 1731 adiget,
1307 1670 1408 1711 eos
1460 1652 1559 1731 qui
1600 1651 1768 1711 .dona
1822 1668 2076 1729 accepe—

2175 574 2292 633 δότε
2347 586 2424 653 τῷ
2479 581 2573 644 τὰς
2631 578 2755 637 δέκα
2816 588 2949 655 μνᾶς
2994 581 3203 662 ἔχοντι,
3268 582 3366 638 Καὶ
3421 580 3578 637 εἶπον
3637 582 3776 654 αὐτῷ
3810 600 3827 615 ⁶

2176 667 2354 747 Κύριε,
2407 666 2532 724 δέκα
2588 675 2724 744 μνᾶς
2782 669 2926 750 ἔχει.
2991 670 3144 748 Λέγω
3198 672 3351 750 ὗμιν,
3417 670 3498 726 ὃτι
3543 670 3698 725 παντὶ
3755 671 3835 741 τῷ

2172 752 2354 834 ἔχοντι
2413 753 2716 831 δοθήσεται,
2806 758 2911 813 ἀπὸ
2986 756 3041 813 δὲ
3095 768 3189 817 τοῦ
3233 760 3310 833 μὴ
3369 758 3615 839 ἔχοντος,
3665 758 3752 813 καὶ
3806 759 3835 812 ὃ

2169 842 2312 923 ἔχει,
2371 844 2652 923 ἀρθήσεται
2697 846 2790 903 ἀπ’
2854 848 3034 909 αὖτοῧ.
3097 847 3245 915 Πλὴν
3303 850 3426 910 τοὺς
3470 847 3687 927 ἰχθρούς
3730 869 3832 920 μου

2166 932 2391 997 ὲκεὶνους
2452 936 2575 991 τοὺ)
2646 936 2724 1011 μὴ
2820 935 3145 1006 θελήσαντάς
3220 958 3285 1011 με
3358 935 3667 1013 βασιλεῦσαι
3738 935 3826 991 ἐπ’

2166 1022 2370 1094 αὖτοϊς,
2431 1022 2655 1101 ἀγάγετε
2732 1022 2859 1104 ὧδε,
2947 1026 3035 1081 καὶ
3090 1024 3457 1106 κατασφάξατε
3529 1024 3825 1103 ἔμπροσθέν

2165 1132 2286 1183 μου,
2352 1112 2447 1167 Καὶ
2507 1113 2670 1167 εἰπὼν
2730 1122 2915 1187 ταῦτα,
2986 1112 3265 1193 ἐπορεύετο
3308 1112 3619 1192 ἔμπροσθεν,
3683 1113 3821 1170 ἀνα-

2163 1196 2356 1256 ϐαίνων
2428 1202 2500 1264 εἷς
2592 1192 2958 1279 Ἰεροσόλυμα.
3021 1226 3048 1258 ι
3092 1192 3221 1260 νἘν
3276 1210 3351 1277 τῷ
3435 1202 3818 1282 ἐπανέρχεσθαι

2164 1289 2343 1359 αὐτὸν,
2379 1290 2405 1344 6
2464 1293 2685 1369 Χριστὸς
2744 1293 2771 1347 6
2830 1292 3074 1369 εὐγενὴς,
3134 1295 3221 1348 καὶ
3280 1293 3414 1349 κατά
3457 1294 3519 1347 τὸ
3561 1292 3823 1372 ἀνθρώπι-

2164 1396 2275 1450 νον,
2332 1376 2392 1433 ἐκ
2447 1378 2724 1455 βασιλικοῦ
2790 1382 2890 1460 γὰρ
2957 1381 3141 1459 γένους
3194 1383 3460 1459 κατήγετο
3516 1383 3544 1437 ὁ
3606 1382 3818 1459 Κύριος,

2164 1468 2252 1521 καὶ
2306 1470 2444 1525 κατά
2485 1471 2547 1524 τὸ
2604 1473 2771 1550 θεῖον,
2816 1469 3111 1546 τουτέστιν,
3159 1470 3212 1526 ἐν
3272 1476 3339 1546 τῇ
3399 1468 3610 1549 δευτέρᾳ
3667 1473 3826 1530 αὐτοῦ

2164 1553 2390 1631 ἐλεύσει,
2453 1555 2541 1614 ὅτε
2587 1561 2879 1637 φανήσεται
2925 1560 3171 1635 βασιλεὺς
3216 1562 3351 1635 μετά
3420 1565 3526 1614 τῶν
3577 1558 3821 1638 ἀγγέλων

2164 1643 2218 1699 ἐν
2260 1652 2328 1722 τῇ
2392 1645 2516 1722 δόξῃ
2566 1658 2657 1707 τοῦ
2727 1651 2932 1727 Πατρὸς
3010 1651 3328 1730 ἒρχόμενος,
3390 1651 3475 1704 καὶ
3528 1656 3633 1705 πᾶν
3690 1649 3817 1726 γόνυ

424 1750 583 1813 runt,
621 1750 676 1800 et
708 1741 1221 1801 invenietnr'unus
1254 1742 1492 1811 quidem
1534 1740 1733 1800 multis
1762 1739 2063 1818 profuisse.

2162 1734 2362 1809 κάμψει
2424 1735 2586 1810 αὖτῷ,
2627 1739 2747 1793 τότε
2792 1736 2856 1804 δὴ
2910 1739 3030 1794 τότε
3089 1740 3177 1795 καὶ
3234 1739 3355 1802 τοὺς
3396 1738 3461 1793 τὰ
3504 1738 3815 1817 χαρίσματα

424 1840 481 1889 et
516 1829 920 1909 deeuplicasse
954 1829 1199 1899 donum,
1232 1829 1381 1889 alius
1403 1838 1600 1889 autem
1639 1829 1928 1907 profuisse
1949 1829 2074 1908 qui-

422 1918 555 1979 dem
591 1927 645 1978 et
676 1920 827 1997 ipse,
863 1918 965 1979 sed
1004 1918 1380 1996 paucioribus
1416 1918 1749 1998 profuisse:
1785 1916 1935 1977 alius
1961 1936 2070 1977 au-

421 2015 533 2068 tem
570 2007 794 2068 nemini
828 2008 1142 2087 profuisse,
1175 2008 1277 2067 sed
1308 2006 1951 2086 ignavitertransivisse
1972 2026 2072 2067 ne-

416 2097 753 2174 gotiationis
788 2106 1044 2177 tempus.
1073 2096 1329 2157 Proinde
1357 2094 1456 2176 qui
1488 2096 1880 2175 decuplicavit
1909 2096 2066 2175 quod

415 2196 747 2266 acceperat,
782 2205 962 2266 super
997 2186 1202 2248 decem
1236 2186 1503 2247 civitates
1535 2186 1935 2258 constituitur,
1961 2186 2069 2246 boc

414 2285 524 2355 est,
596 2275 956 2356 multiplices
1012 2275 1438 2335 retributiones
1487 2274 1702 2353 acripit
1746 2292 1759 2335 :
1806 2282 1864 2333 et
1918 2274 2069 2333 alius

414 2364 699 2443 deinceps
743 2366 906 2443 juxta
958 2384 1122 2425 suam
1176 2364 1387 2443 recipit
1430 2365 1901 2444 proportionem.
1957 2361 2067 2434 Qui

411 2464 604 2515 autem
641 2454 785 2514 nihil
819 2455 1077 2515 lucratus
1107 2454 1232 2527 fuit,
1272 2452 2064 2514 condemiiatui-.Videamus

411 2552 603 2603 autem
640 2552 697 2604 et
728 2542 866 2622 quid
898 2543 1053 2604 dicat
1088 2561 1101 2605 :
1139 2543 1411 2615 Domine,
1440 2560 1580 2602 ecce
1615 2542 1771 2601 mina
1806 2552 1921 2613 tua,
1958 2560 2060 2601 ac-

414 2633 543 2711 cipe
580 2630 919 2706 eam,habui
949 2632 1105 2692 enim
1129 2632 1296 2691 istam
1325 2632 1382 2690 in
1404 2630 1641 2690 sudario
1666 2630 2057 2692 reconditam.

417 2721 701 2781 Dominus
737 2730 1003 2781 mortuus
1033 2720 1271 2780 sudario
1308 2719 1601 2779 involutus
1632 2719 1760 2790 fuit,
1796 2728 1849 2777 et
1879 2720 2058 2780 Laza-

408 2809 467 2869 ri'
493 2808 670 2869 facies
704 2808 761 2868 in
793 2810 1066 2888 sepulcro
1095 2809 1331 2869 sudario
1357 2808 1628 2869 obvoluta
1651 2808 1821 2868 fuit98
1850 2809 2057 2870 Merito

408 2897 587 2976 igitur
637 2897 878 2975 ignavus
930 2897 1031 2957 ille
1081 2897 1140 2957 in
1191 2898 1429 2958 sudario
1465 2896 1652 2976 inquit
1688 2897 2056 2959 reconditum

413 2987 592 3047 fuisse
651 2987 895 3046 donum.
932 2987 1222 3047 Mortuum
1285 2987 1443 3047 enim
1500 2985 1639 3046 illud
1702 2985 1945 3059 fecerat,
2005 2996 2062 3048 et

2148 2977 2403 3058 σουδαρίῳ
2499 2980 2944 3061 περιεκαλύπτετο
2983 3004 2995 3017 ’

2156 1819 2465 1897 δεξαμένους
2555 1823 2767 1890 δούλους
2859 1825 3213 1907 λογοπραγετ,
3288 1829 3374 1883 καὶ
3462 1826 3805 1904 εὒρίσκονται,

2154 1913 2181 1966 6
2227 1911 2323 1986 μὲν
2384 1911 2613 1979 πολλοὺς
2674 1914 2979 1993 ὠφελήσας,
3028 1918 3113 1972 καὶ
3142 1915 3568 1978 δεκαπλασιάσας
3601 1917 3660 1971 τὸ
3691 1916 3805 1995 χα-

2153 2021 2340 2081 ρισμα,
2398 2005 2425 2058 6
2484 2000 2537 2058 δὲ
2584 2003 2867 2084 ὠφελήσας
2922 2006 3018 2081 μὲν
3072 2008 3157 2062 καὶ
3201 2008 3380 2079 αὖτὸς,
3429 2004 3674 2067 ἐλάττους
3724 2003 3803 2076 δὲ,

2151 2090 2178 2143 6
2228 2087 2280 2144 δὲ
2340 2089 2463 2165 μήδ’
2520 2090 2660 2155 ὅλως
2716 2093 3001 2173 ὠφελήσας
3046 2095 3187 2173 τινὰ,
3220 2094 3338 2151 ἀλλ’
3372 2095 3424 2149 ἐν
3454 2094 3677 2171 ῥαθυμίᾳ
3703 2091 3805 2148 δα·-

2154 2181 2401 2249 πανήσας
2459 2182 2547 2237 τὸν
2599 2184 2783 2261 καιρὸν
2841 2188 2938 2250 τῆς
3014 2186 3401 2262 πραγματείας.
3476 2185 3570 2239 Διὸ
3626 2184 3654 2237 6
3712 2182 3808 2256 μὲν

2152 2264 2580 2333 δεκαπλασιάσας
2648 2272 2675 2325 ὃ
2722 2269 2929 2343 ἔλαϐεν,
2999 2272 3178 2329 ἐπάνω
3234 2270 3358 2329 δέκα
3414 2271 3621 2329 πόλεων
3677 2273 3811 2326 καθ-

2153 2354 2379 2435 ίσταται,
2442 2357 2733 2436 τουτέστιν,
2791 2359 2969 2439 ἀρχὴν
3026 2358 3149 2416 δέκα
3209 2359 3415 2416 πόλεων
3467 2356 3747 2434 λαμϐάνει,
3782 2357 3810 2411 ὂ

2150 2443 2286 2524 ἐστι,
2346 2444 2776 2512 πολλαπλασίους
2850 2450 2951 2513 τὰς
3008 2446 3231 2524 ἀμοιϐὰς
3300 2447 3536 2529 δέχεται.
3613 2448 3712 2505 Καὶ
3780 2448 3811 2501 6

2148 2531 2335 2611 ἐφεξῆς
2377 2537 2514 2591 κατά
2572 2536 2675 2617 τὴν
2726 2536 3036 2617 ἀναλογίαν,
3102 2530 3157 2595 Ὀ
3203 2535 3256 2593 δὲ
3300 2539 3468 2614 μηδὲν
3523 2534 3798 2613 κερδάνας,

2146 2624 2545 2701 κατακρίνεται,
2608 2615 2846 2700 ’Ἱδωμεν
2906 2615 2961 2682 δὲ
3018 2628 3104 2683 καὶ
3147 2627 3196 2683 τί
3238 2648 3367 2706 φησι
3402 2644 3416 2658 ⁸
3470 2627 3643 2704 Κύριε,
3690 2622 3797 2680 ἰδοὺ

2144 2711 2178 2775 ἡ
2239 2718 2343 2786 μνᾶ
2389 2735 2504 2787 σου,
2562 2710 2688 2769 λάϐε
2732 2713 2929 2781 ταύτην
2965 2732 2978 2745 ·
3028 2716 3190 2794 εἶχον
3232 2716 3331 2793 γὰρ
3359 2717 3554 2781 ταύτην
3584 2715 3638 2771 ἐν
3670 2736 3795 2771 σου-

2144 2796 2305 2879 δαρίῳ
2360 2801 2750 2879 ἀποκειμένην.
2814 2811 2996 2881 Νεκρῷ
3053 2804 3162 2860 ὄντι
3194 2812 3270 2878 τῷ
3312 2806 3483 2884 Κυρίῳ
3525 2801 3796 2881 σουδάριον

2141 2890 2444 2967 περιετέθη,
2506 2893 2591 2949 καὶ
2660 2901 2751 2949 τοῦ
2823 2894 3063 2973 Λαζάρου
3115 2894 3169 2950 ἐν
3225 2901 3302 2968 τῷ
3356 2895 3507 2972 τάφῳ
3571 2896 3606 2961 ἡ
3677 2893 3797 2969 ὄψις

3088 2984 3303 3048 εἰκότως
3403 2984 3490 3039 οὖν
3576 2985 3804 3062 ὀκνηρὸς

408 3076 706 3157 inefﬁcax,
734 3095 851 3137 non
882 3076 1182 3155 evolvens,
1218 3094 1409 3156 neque
1440 3075 1670 3136 lucrum
1702 3075 2061 3137 faciens.Ti-

2149 3068 2299 3133 οὗτος
2361 3068 2616 3150 σουδαρίῳ
2687 3073 2849 3152 qna-iv
2906 3072 3239 3130 ἐναποθεϊναι
3293 3074 3353 3129 τὸ
3411 3073 3652 3152 χάρισμα
3710 3094 3803 3129 νε-

414 3165 649 3226 mebam
676 3165 836 3226 enim
863 3165 1309 3246 te,inquit,quia
1350 3164 1503 3226 tollis
1527 3164 1683 3245 quod
1713 3186 1829 3225 non
1856 3166 2061 3245 pcsui-

410 3252 687 3317 sti.Talia
719 3253 886 3315 multi
912 3252 1553 3334 praetexunt.Nolentes
1577 3252 1736 3314 enim
1772 3253 1907 3317 ullis
1933 3274 2065 3335 pro-

407 3342 605 3418 desse,
651 3344 900 3405 dicunt:
936 3341 1047 3405 Ubi
1102 3363 1218 3405 non
1267 3344 1578 3404 seminavit
1630 3346 1786 3406 Deus
1845 3342 2059 3405 bonam

405 3434 663 3496 indolem
696 3443 754 3496 et
782 3434 1199 3515 aptitudinem,
1236 3435 1397 3496 illinc
1447 3452 1523 3496 ne
1574 3434 1844 3514 requires
1895 3454 2059 3496 mes-

402 3542 551 3585 sem.
589 3524 760 3586 Illum
824 3542 941 3583 non
998 3523 1136 3584 fecit
1192 3523 1576 3602 industrium,
1611 3533 1666 3584 et
1710 3523 1780 3583 ad
1829 3524 2057 3585 doctri-

405 3633 539 3674 nam
562 3612 867 3687 idoneum,
903 3621 959 3673 et
990 3612 1130 3693 quid
1154 3632 1186 3673 a
1218 3632 1311 3673 me
1339 3612 1595 3691 exigitur
1628 3622 1692 3673 ut
1740 3612 1881 3674 inde
1926 3613 2057 3674 fru-

402 3710 558 3764 ctum
587 3701 1059 3765 faciam?ldcirco
1083 3701 1373 3763 Dominus
1391 3700 1650 3765 dicitz'l‘u
1682 3701 1919 3783 duce,et
1946 3704 2055 3763 de-

402 3811 553 3873 pone
572 3792 880 3871 pecuniam
901 3809 1089 3852 meam
1115 3790 1267 3870 apud
1294 3791 1764 3871 mensarios,hoc
1785 3810 1837 3852 e~
1856 3792 2057 3872 t,apud

402 3900 611 3942 omnes
627 3879 1025 3959 homines,qui
1051 3878 1334 3959 propositi
1352 3888 1485 3939 sunt
1504 3889 1566 3939 ut
1587 3879 1911 3960 percipiant
1935 3882 2057 3941 utili

401 3979 577 4031 tatem
594 3969 820 4034 .Omnis
839 3968 997 4029 enim
1015 3968 1189 4029 homo
1216 3968 1590 4029 mensariusa
1609 3968 1729 4030 Deo
1750 3970 2060 4031 ordinatus

400 4060 536 4119 447
563 4067 756 4138 est,ut
792 4058 851 4117 in
892 4056 1069 4138 hujus
1104 4057 1308 4118 mundi
1359 4059 1594 4119 ofﬁcina
1629 4077 1839 4138 magna
1872 4078 2057 4139 nego-

402 4152 692 4215 cietur.Et
721 4169 827 4229 ego
850 4155 1093 4212 veniens
1115 4151 1442 4228 exegissem
1474 4149 1643 4225 illud,
1667 4150 1777 4212 hoc
1810 4161 1919 4226 est,
1955 4170 2057 4214 re-

403 4242 885 4322 petiissem,cum
922 4259 1123 4301 usura.
1160 4238 1402 4321 Oportet
1439 4240 1614 4316 igitur
1657 4248 1716 4300 et
1761 4259 1868 4301 nos
1899 4243 2053 4321 quod

400 4339 667 4392 nostrum
693 4338 782 4391 est
803 4329 1178 4390 facerezalios
1210 4339 1404 4390 autem
1431 4328 2047 4412 Dominusjudicabit,

2146 3160 2272 3236 κρὸν
2358 3160 2457 3239 γὰρ
2544 3163 2701 3219 αὒτὸν
2772 3163 3003 3231 ποιήσας
3068 3164 3159 3219 καὶ
3249 3161 3623 3242 ἀνενέργητον,
3712 3166 3806 3220 οὐκ

2146 3246 2580 3329 ἐπεξειργάσασο,
2665 3249 2779 3307 οὐδὲ
2860 3250 3200 3331 κεκέρδηκεν.
3292 3249 3628 3331 Ἐφοϐούμην
3703 3252 3806 3330 γάρ

2146 3358 2228 3413 σε,
2291 3341 2479 3419 φησὶν,
2524 3340 2605 3397 ὅτι
2650 3341 2823 3418 αἴρεις
2870 3343 2897 3398 ὃ
2942 3345 3036 3401 οὒκ
3065 3340 3282 3408 ἔθηκας.
3341 3347 3567 3399 Τοιαῦτα
3615 3338 3804 3397 πολλοί

2143 3429 2561 3509 προφασίζονται
2587 3448 2606 3465 ο
2667 3430 2743 3505 μὴ
2818 3428 3057 3495 θέλοντες
3128 3432 3228 3509 γὰρ
3289 3428 3563 3509 ὠφελῆσαι
3624 3450 3796 3503 τινας,

2142 3516 2321 3598 φασίν,
2381 3516 2462 3573 ὅτι
2524 3507 2707 3575 υΟπου
2768 3519 2864 3575 οὐκ
2907 3507 3151 3599 ἔσπειρεν
3174 3507 3209 3575 ἐγ
3246 3507 3374 3582 Θεὸς
3408 3517 3649 3597 εὐφυΐαν,
3710 3520 3794 3574 καὶ

2141 3604 2577 3688 ἐπιτηδειότητα,
2666 3609 2870 3665 ἐκεῖθεν
2926 3610 3005 3683 μὴ
3062 3610 3207 3680 ζήτει
3268 3608 3439 3688 θέρος.
3501 3610 3600 3665 Τὸν
3651 3606 3792 3664 δεινά

2140 3695 2235 3753 οὐκ
2290 3694 2539 3763 ἐποίησεν
2592 3700 2752 3777 εὖφυᾶ
2807 3700 2894 3754 καὶ
2964 3700 3094 3777 πρὸς
3182 3699 3410 3775 μάθησιν
3469 3696 3787 3775 ἐπιτήδειον,

2140 3786 2228 3840 καὶ
2282 3786 2333 3840 τί
2380 3806 2447 3859 με
2501 3786 2723 3844 ἀπαιτεῖ
2795 3789 2894 3854 τὴν
2950 3785 3151 3847 ἐκείνου
3206 3786 3514 3868 ὠφέλειανς
3581 3790 3675 3842 Διὸ
3706 3788 3793 3841 καὶ

2142 3875 2169 3929 6
2239 3874 2426 3952 Κύριός
2511 3892 2690 3956 φησι·
2792 3878 2862 3933 Tia
2929 3875 3153 3953 δίδαξον,
3245 3879 3332 3934 καὶ
3398 3873 3659 3936 τατάϐαλε
3731 3877 3792 3932 τὸ

2142 3961 2386 4042 ἀργύριόν
2446 3988 2549 4039 μου
2608 3979 2722 4029 τοῖς
2768 3968 3129 4045 τραπεζίταις,
3177 3967 3438 4042 τουτέστι,
3498 3972 3629 4023 πᾶσι
3678 3979 3795 4031 τοῖς

2143 4056 2275 4132 πρὸς
2307 4054 2369 4109 τὸ
2413 4052 2736 4133 ὠφελεῖσθαι
2790 4055 3157 4134 προκειμένοις
3197 4057 3510 4127 ἀνθρώποις.
3544 4061 3651 4119 Πᾶς
3695 4056 3794 4134 γὰρ

2142 4142 2411 4220 ἅνθρωπος
2473 4146 2789 4223 τραπεζίτης
2839 4148 2939 4202 ὑπὸ
2986 4154 3117 4202 Θεοῦ
3146 4147 3597 4226 προκεχείρισται,
3656 4146 3792 4201 ὥστε

2140 4232 2195 4287 ἐν
2253 4240 2328 4307 τῷ
2387 4233 2609 4312 μεγάλῳ
2654 4238 2744 4293 τοῦ
2786 4244 2992 4311 κόσμου
3034 4238 3218 4292 τούτου
3277 4236 3605 4315 ἐργαστηρίῳ
3659 4257 3791 4314 πραο

2138 4327 2509 4403 γματεύεσθαι.
2560 4329 2657 4385 Καὶ
2700 4327 2808 4406 ἐγὼ
2863 4326 3049 4402 ἐλθών,
3084 4326 3280 4407 ἔπραξα
3311 4328 3371 4384 ἂν
3422 4329 3570 4407 αὐτὸ,
3629 4349 3787 4384 τουτ-

398 4420 447 4481 si
482 4418 777 4481 noluerint
801 4418 1107 4479 utilitatem
1143 4419 1285 4479 inde
1310 4418 1902 4498 percipere.’l‘ol|ilur
1934 4410 2049 4499 igi4

2148 4413 2299 4495 ἔστιν,
2333 4414 2587 4491 ἀπῄτησα
2618 4418 2709 4473 σὺν
2739 4417 2903 4490 τόκῳ,
2940 4427 3036 4473 Δεῖ
3067 4418 3165 4493 μὲν
3195 4418 3293 4496 γὰρ
3323 4420 3466 4493 ἡμᾶς
3496 4418 3556 4473 τὸ
3586 4418 3785 4473 οἰκεῖον

396 4520 494 4572 tur
524 4509 771 4588 donum,
808 4515 864 4568 et
887 4507 1062 4568 datur
1099 4507 1255 4567 bono
1290 4505 1816 4585 negotiatoriNam
1856 4509 2052 4570 licetis

397 4599 631 4672 habeat,
667 4604 908 4678 propter
953 4596 1106 4657 istud
1158 4598 1349 4676 ipsum
1401 4606 1593 4658 tamen
1642 4598 1830 4676 magis
1878 4598 2055 4660 debet

400 4691 569 4771 plura
587 4688 886 4768 accipere.
922 4686 1172 4747 [labenti
1203 4687 1361 4746 enim
1396 4686 1655 4769 dabitur,
1695 4689 1803 4748 hoc
1859 4698 1967 4769 est,
2002 4694 2055 4751 ei

397 4779 496 4859 qui
530 4797 598 4839 e.\
629 4775 1027 4856 negotiatione
1060 4776 1196 4835 boni
1232 4776 1412 4835 multa
1452 4775 1710 4837 lucratus
1742 4776 1939 4858 fuerit,
1972 4776 2055 4839 illi

396 4867 633 4929 dabitur
665 4875 723 4926 et
750 4864 1027 4944 amplius.
1061 4862 1204 4924 Nam
1235 4865 1283 4924 si
1320 4882 1493 4942 parva
1523 4866 1580 4926 in
1624 4866 1877 4946 decupla
1918 4868 2058 4929 fecit

396 4973 690 5030 crescere,
722 4954 1097 5016 manifestum
1129 4953 1287 5033 quod
1329 4963 1385 5014 et
1432 4955 1598 5035 plura
1629 4956 2048 5039 decuplicabit,

396 5047 642 5126 majoris
673 5042 820 5105 lucri
844 5053 1049 5105 auctor
1081 5044 1321 5104 domino
1353 5044 1608 5107 futurus.
1632 5044 1679 5104 A
1715 5046 2049 5123 negligente

396 5148 590 5197 autem
626 5145 685 5196 et
720 5135 1015 5210 ignavo,et
1046 5133 1143 5193 cui
1178 5152 1294 5193 non
1327 5142 1415 5195 est
1439 5133 1700 5195 studium
1731 5143 2046 5199 utcrescat

396 5238 451 5285 et
496 5232 783 5304 augeatur
811 5223 965 5303 quod
1008 5232 1339 5301 acceperat,
1386 5233 1442 5284 et
1479 5224 1627 5284 istuc
1660 5223 1854 5303 ipsum
1889 5228 2045 5307 quod

397 5314 575 5375 habet
604 5314 933 5382 tolletur,ut
987 5330 1063 5373 ne
1111 5331 1209 5373 res
1253 5312 1554 5375 dominica
1598 5312 1816 5375 frustra
1856 5325 2040 5391 vacet,

396 5423 526 5485 qua;
551 5403 677 5465 dari
703 5410 893 5483 potest
924 5402 1120 5482 alteri,
1151 5412 1208 5463 et
1244 5401 1788 5485 multiplicari.ch
1813 5425 1926 5466 non
1953 5427 2045 5468 so-

397 5494 515 5555 luin
551 5494 624 5554 de
655 5510 929 5553 sermone
953 5499 1011 5553 et
1041 5492 1312 5555 doctrina
1338 5491 1716 5574 exponimus,
1751 5494 1853 5556 sed
1882 5505 1936 5557 et
1970 5496 2044 5557 de

473 5675 536 5724 98
560 5672 725 5735 Joan.
758 5686 837 5733 χι.

2137 4518 2335 4585 ποιεῖν,
2397 4509 2514 4585 περὶ
2568 4505 2621 4561 δὲ
2676 4512 2782 4563 τῶν
2843 4508 3149 4583 μετέπειτα,
3192 4512 3317 4572 Θεὸς
3356 4507 3530 4585 κρινεῖ
3556 4508 3674 4567 τοὺς
3705 4508 3784 4580 μὴ

2136 4592 2465 4660 θελήσαντας
2524 4594 2890 4676 ὠφεληθῆναι,
2967 4596 3183 4676 Αἵρεται
3259 4596 3345 4651 οὖν
3404 4598 3463 4653 τὸ
3517 4594 3781 4675 χάρισμα,

2142 4686 2228 4739 καὶ
2279 4682 2474 4741 δίδοται
2533 4689 2609 4759 τῷ
2652 4686 2831 4763 ἀγαθῷ
2888 4694 3269 4765 πραγματευτῇ
3300 4702 3312 4715 ⁸
3366 4687 3464 4743 κᾶν
3512 4692 3611 4765 γὰρ
3654 4686 3785 4766 EX?"

2142 4771 2345 4848 μᾶλλον
2406 4772 2478 4831 δι’
2539 4776 2666 4831 αὐτὸ
2709 4783 2864 4832 τοῦτο
2918 4776 3113 4855 ὀφείλει
3144 4775 3311 4833 πλείω
3341 4775 3687 4851 προσλαϐεῖν.
3718 4779 3789 4833 Τὸ

2136 4864 2235 4941 γὰρ
2280 4863 2463 4943 ἔχοντι
2521 4861 2825 4940 δοθήσεται,
2888 4866 3153 4946 τουτέστι,
3218 4872 3295 4939 τῷ
3350 4865 3408 4922 ἐκ
3464 4872 3554 4923 τοῦ
3611 4865 3789 4929 καλῶς

2134 4953 2639 5030 πραγματεύσασθαι
2698 4954 2912 5011 πολλῶν
2972 4957 3345 5036 εἰπορήσαντι,
3400 4956 3584 5029 ἐκείνῳ
3626 4954 3788 5025 δοθή-

2133 5061 2278 5097 σεται
2340 5043 2427 5097 καὶ
2485 5041 2677 5108 πλείω,
2732 5046 2788 5101 Εἰ
2844 5045 2943 5122 γὰρ
2973 5046 3037 5101 τὰ
3094 5045 3245 5124 ολίγα
3286 5046 3483 5112 ηὔξησε
3511 5044 3783 5101 δεκαπλα-

2131 5133 2342 5206 σιάσας,
2429 5130 2694 5212 πρόδηλον
2772 5133 2850 5190 ὅτι
2936 5136 3002 5191 τά
3086 5133 3250 5191 πλείω
3320 5134 3778 5213 δεκαπλασιάζων,

2128 5220 2369 5284 πλείονος
2413 5221 2627 5303 κέρδους
2685 5224 2932 5301 πρόξενος
2994 5230 3071 5298 τῷ
3118 5222 3351 5302 δεσπότῃ
3383 5224 3581 5287 ἔσεται.
3643 5225 3779 5282 Ἀπὸ

2128 5307 2183 5366 δὲ
2240 5309 2466 5387 ἀμελοῦς
2524 5314 2611 5369 καὶ
2641 5315 2889 5395 ὁκνηροῦ,
2935 5317 3022 5371 καὶ
3068 5316 3145 5391 μὴ
3176 5314 3397 5383 αὐξῆσαι
3441 5314 3775 5372 σπουδάσαν-

2126 5422 2216 5465 τος
2275 5402 2302 5455 ὃ
2352 5399 2529 5477 ἔλαϐε,
2580 5406 2665 5461 καὶ
2700 5406 2824 5460 αὐτὸ
2850 5404 3049 5485 ἐκεῖνο,
3084 5406 3111 5460 ὃ
3143 5403 3287 5485 ἔχει,
3320 5405 3625 5484 ἀρθήσεται,
3684 5406 3777 5462 ἵνα

2127 5493 2204 5570 μὴ
2238 5493 2373 5569 ἀργῇ
2410 5494 2470 5549 τὸ
2513 5491 2821 5551 δεσποτικὸν
2880 5502 3122 5575 πρᾶγμα,
3174 5496 3388 5554 δυνατὸν
3442 5496 3501 5550 ὃν
3558 5494 3778 5563 δοθῆναι
