4184 6396
341 339 497 411 1029

1096 346 1533 416 ENARRATIO
1578 344 1649 415 IN
1696 340 2193 416 EVANGELIIN
2246 350 2480 413 LL'CJ'J.
2515 386 2586 395 -—-
2618 346 2780 413 CAP.
2833 346 2992 412 XIX.

3576 349 3726 414 1030

336 482 525 563 ἑτέρω,
586 486 675 540 καὶ
734 483 1288 552 πολυπλασιασθῆναι,
1349 494 1520 543 Ταῦτα
1593 484 1646 541 δὲ
1706 484 1782 559 μὴ
1836 486 1983 560 μόνοι

2084 484 2407 545 muralibus
2438 483 2930 547 virtutibus.Nam
2963 494 3019 545 et
3040 484 3100 545 in
3134 484 3225 545 his
3251 484 3405 545 dona
3427 485 3596 547 nobis
3628 486 3729 547 de-

333 570 418 628 έπὶ
461 573 555 629 τοῦ
600 573 785 652 λόγου,
847 575 934 630 καὶ
989 576 1087 641 τῆς
1159 572 1494 640 διδασκαλίας
1566 573 1989 651 ἐκλαμϐάνομεν,

331 660 470 720 ἀλλά
525 663 613 718 καὶ
658 662 746 719 ἐπὶ
777 668 882 719 τῶν
934 664 1132 730 ἠθικῶν
1182 663 1405 743 ἀρετῶν.
1442 666 1544 724 Καὶ
1588 666 1687 743 γὰρ
1716 664 1813 720 κᾶν
1865 664 1992 720 ταύ-

334 773 449 813 ταις
510 749 730 808 δέδωκεν
790 753 928 826 ἡμῖν
967 754 994 808 ὁ
1063 754 1194 816 Θεὸς
1257 756 1585 832 χαρίσματα,
1645 761 1721 828 τῴ
1766 754 1861 817 μὲν
1906 778 1995 820 νην

335 844 535 921 στείας,
579 849 656 916 τῷ
699 840 751 897 δὲ
783 842 1172 918 ὲλεημοσύνης,
1233 847 1308 917 τῷ
1340 842 1393 899 δὲ
1439 844 1764 922 πραότητος,
1808 851 1885 917 τῷ
1943 842 1994 898 δὲ

337 931 579 1010 ἀτυφίας.
622 930 728 988 Κᾶν
759 932 857 1007 μὲν
915 933 1192 1011 νήφωμεν,
1244 932 1742 1006 πολυπλασιάζομεν
1783 940 1944 988 ταῦτα
1981 954 1992 965 ·

335 1015 397 1073 ἄν
448 1017 501 1075 δὲ
564 1020 903 1099 ρᾳθυμῶμεν,
955 1022 1041 1076 καὶ
1102 1021 1555 1100 ἀπονεκρωθῶμεν
1614 1026 1680 1097 τῇ
1744 1020 1997 1099 προαιρέ-

333 1129 438 1182 σει,
499 1108 715 1184 ὕστερον
795 1109 1142 1186 αἰτιασόμεθα
1225 1112 1317 1166 τὸν
1385 1113 1535 1179 Θεὸν,
1598 1113 1670 1172 ὡς
1744 1110 1999 1185 εἰώθαμεν

330 1196 529 1278 λέγειν,
570 1200 663 1255 Καὶ
695 1200 744 1255 τί
773 1201 987 1269 ποιήσω
1026 1218 1040 1272 ;
1076 1199 1203 1256 Ἐὰν
1233 1202 1261 1255 ὁ
1293 1198 1442 1254 δεῖνα
1471 1202 1506 1274 ᾖ
1552 1200 1723 1279 ἅγιος,
1773 1197 1911 1254 θέλει
1970 1202 1997 1255 6

334 1290 491 1358 Θεὸς,
552 1289 639 1344 καὶ
698 1287 839 1344 ἔστιν
888 1288 1039 1366 ἅγιος
1078 1307 1095 1324 ⁸
1155 1288 1248 1363 ἐμὲ
1294 1288 1352 1344 οὗ
1389 1288 1550 1369 θζὶει,
1596 1291 1683 1345 καὶ
1729 1290 1822 1344 οὐκ
1864 1290 1992 1363 εἰμί.

336 1378 431 1433 Καὶ
478 1377 685 1442 ἐκεῖνος
721 1379 914 1457 Πέτρος
958 1378 1045 1457 ἦν,
1094 1378 1301 1443 ἐκεῖνος
1346 1378 1576 1442 Παῦλος,
1640 1378 1866 1444 Ἀνοητε
1896 1376 1993 1434 ἄν·

329 1469 530 1542 θρωπε,

329 1554 619 1635 ’Ἔργασαι
681 1555 736 1613 δὲ
766 1559 904 1614 κατὰ
948 1557 1187 1634 δύναμιν,
1232 1560 1321 1616 καὶ
1364 1559 1669 1637 προσάγαγὲ
1718 1580 1767 1613 τι
1798 1565 1873 1632 τῷ
1903 1559 1993 1613 δε-

334 1643 548 1724 δωκότι,
601 1645 699 1702 κᾶν
760 1648 839 1722 μὴ
891 1647 1014 1704 ὅσον
1055 1652 1081 1704 6
1130 1648 1343 1725 Πέτρος,
1404 1650 1491 1704 καὶ
1538 1648 1765 1712 Παῦλος·
1820 1648 1883 1704 κὺ
1940 1646 1993 1702 δὲ

331 1736 398 1790 τὰ
454 1736 583 1792 αὐτὰ
626 1741 703 1809 τῷ
762 1737 939 1816 Πέτριε.
994 1739 1079 1794 καὶ
1132 1746 1208 1811 τῷ
1254 1736 1445 1811 Παύλῳ
1501 1736 1778 1813 δεξάμενος
1815 1757 1827 1769 ·
1903 1736 1996 1792 κα-

576 1469 611 1534 ἡ
674 1474 779 1543 μνᾶ
838 1468 971 1535 αὕτη
1032 1469 1226 1548 Πέτρον
1299 1491 1357 1525 σε
1416 1482 1565 1525 ποιεῖ
1624 1471 1709 1525 καὶ
1761 1467 1988 1529 Παῦλον,

2079 574 2163 634 dit
2190 574 2579 655 Deus,utpote
2613 575 2711 635 uni
2741 575 2960 635 donum
2985 573 3229 653 jejunii,
3263 574 3356 634 alii
3390 593 3527 635 vero
3561 575 3728 637 elee-

2080 664 2465 743 mosyme,alii
2485 673 2677 725 autem
2703 684 2797 724 ma
2816 663 3512 736 usuetudiuis,aliiautem
3542 664 3729 725 humi-

2082 752 2278 812 litatis.
2312 752 2377 812 Et
2410 753 2457 812 si
2504 754 2745 834 quidem
2788 752 2969 813 sobrii
3000 754 3286 814 fuerimus
3309 762 3366 813 et
3395 752 3724 830 vigilantes,

2081 842 2611 921 multiplicabimus
2644 843 2766 903 lizec
2802 893 2814 905 .
2854 843 2946 903 sin
2994 851 3185 903 autem
3248 842 3638 922 negligentes,
3672 853 3728 904 et

2083 931 2383 993 voluntate
2446 932 2686 1009 mortui,
2755 942 2958 1013 postea
3026 951 3340 1009 arguemus
3392 934 3602 1006 Deum,
3665 943 3728 996 ut

2082 1022 2497 1081 consuevimus
2528 1022 2729 1084 dicere
2785 1042 2798 1082 :
2855 1024 2925 1083 Et
2972 1022 3112 1102 quid
3167 1022 3376 1082 faciam
3407 1021 3437 1080 ‘l
3486 1022 3549 1081 Si
3596 1024 3730 1102 quis

2082 1108 2257 1170 fuerit
2290 1120 2555 1184 sanctus,
2594 1111 2715 1173 vult
2746 1114 2926 1191 Deus,
2959 1120 3014 1171 et
3042 1119 3130 1171 est
3158 1120 3398 1172 sanctus
3438 1133 3450 1169 :
3481 1129 3575 1172 me
3610 1130 3726 1172 non

2080 1198 2224 1271 vult,
2262 1208 2321 1260 et
2355 1219 2470 1261 non
2504 1220 2662 1263 Sum:
2700 1210 2754 1261 et
2786 1201 2887 1261 ille
2918 1200 3125 1261 Petrus
3155 1200 3354 1273 fuit,et
3384 1199 3484 1260 ille
3512 1201 3726 1261 Paulus

2078 1286 2209 1351 fuit.
2244 1288 2434 1350 Stulte
2456 1291 2655 1363 homo,
2694 1292 2855 1351 mina
2884 1290 2985 1351 illa
3012 1289 3252 1350 Paulum
3284 1299 3340 1351 te
3363 1289 3500 1350 fecit
3523 1298 3576 1349 et
3612 1292 3727 1351 Pe-

2080 1376 2531 1458 trum.0perare
2563 1388 2753 1440 autem
2778 1381 2944 1459 juxta
2961 1379 3486 1454 virtutem,etaﬂ‘er
3505 1376 3726 1458 aliquid

2079 1472 2131 1528 ei
2165 1468 2466 1548 quidedit.
2506 1469 2737 1530 etiamsi
2764 1489 2879 1530 non
2905 1468 3411 1550 quantumPaulus
3434 1476 3490 1528 et
3520 1466 3729 1528 Petrus

2078 1556 2161 1617 Tu
2186 1566 2379 1617 autem
2407 1578 2541 1618 cum
2558 1559 2769 1620 eadem
2796 1558 3103 1639 acceperis
3122 1577 3251 1639 qua:
3275 1557 3479 1617 Petrus
3498 1562 3559 1618 et
3582 1556 3728 1618 Pau-

2078 1647 2167 1708 lus
2200 1668 2215 1707 :
2252 1666 2385 1708 nam
2418 1658 2475 1709 et
2501 1648 2603 1710 ille
2636 1649 2882 1721 minam,
2918 1658 2973 1711 et
3006 1657 3064 1708 tu
3094 1649 3336 1708 minam:
3377 1657 3577 1727 postea
3610 1666 3726 1707 non

2080 1745 2271 1797 motus
2298 1739 2538 1799 omnino
2572 1738 2640 1799 ad
2659 1738 3065 1817 operationem
3091 1738 3251 1815 boni,
3280 1736 3479 1816 arguis
3504 1734 3727 1797 Deum‘?

335 1836 513 1886 κεῖνος
572 1826 670 1904 γὰρ
715 1832 872 1906 μνᾶν,
910 1828 998 1882 καὶ
1042 1828 1103 1882 σὺ
1162 1834 1298 1902 μνᾶν
1343 1826 1525 1883 ἔπειτα
1569 1825 1705 1902 μηδὲ
1764 1828 1983 1892 κινηθεὶς

2080 1828 2329 1917 Propter
2352 1828 2462 1888 hoc
2486 1826 2715 1905 indigni
2736 1827 2958 1888 inventi
2981 1824 3721 1904 donis,illisspoliabimur.

334 1910 472 1976 ὅλως
524 1914 596 1977 εἰς
658 1915 904 1993 ἐργασίαν
957 1918 1050 1973 τοῦ
1104 1914 1269 1973 καλοῦ
1326 1918 1467 1989 αἰτιᾷ
1532 1919 1623 1974 τὸι
1670 1916 1844 1989 Θεόν;
1897 1918 1983 1972 Διὰ

2077 1914 2356 1976 Inimicos
2390 1936 2576 1997 meos,
2613 1917 2779 1991 dicit,
2815 1935 2917 1978 eos
2948 1917 3047 1997 qui
3081 1916 3289 1976 nolunt
3323 1933 3417 1975 me
3475 1932 3727 1991 regnare

332 2010 486 2058 τοῦτο
545 2003 744 2068 ἀνάξιοι
806 2006 1174 2083 εὑρισκόμενοι
1249 2012 1354 2062 τῶν
1411 2007 1785 2085 χαρισμάτων,
1848 2005 1983 2063 ἁπο-

2074 2003 2349 2065 adducite
2381 2006 2522 2079 huc,
2550 2015 2606 2067 et
2628 2004 3143 2068 occiditeJudzeos
3166 2003 3725 2084 dicit,quosiuteri-

330 2092 667 2169 γυμνούμεθα
718 2094 944 2154 τούτων.
1036 2096 1168 2160 Τοὺς
1253 2094 1307 2151 δὲ
1365 2096 1585 2175 ἐχθρούς
1648 2118 1772 2175 μου,
1836 2098 1983 2175 φησὶ,

2077 2092 2158 2153 tui
2193 2094 2406 2167 tradet,
2439 2096 2494 2155 in
2524 2095 2721 2174 ignem
2759 2106 3047 2156 aeternum
3070 2093 3310 2155 mittens
3343 2094 3497 2156 illos.
3530 2094 3727 2172 Atque

330 2181 452 2244 τοὺς
508 2182 586 2255 μὴ
639 2181 888 2247 θέλοντάς
941 2207 1009 2260 με
1066 2183 1396 2265 βασιλεῦσαι,
1448 2186 1675 2264 ἀγάγετε
1734 2183 1860 2265 ῶδε,
1906 2187 1983 2242 κοί

2073 2182 2221 2245 adeo
2247 2183 2328 2243 illi
2354 2184 2560 2245 miseri
2581 2186 2636 2245 in
2663 2186 2774 2246 hoc
2799 2186 3017 2245 mundo
3035 2183 3363 2245 occisisunt
3383 2202 3416 2242 a
3441 2181 3725 2242 Romanis

333 2267 559 2348 σφάξατε
597 2289 610 2304 ⁸
674 2272 796 2335 τοὺς
858 2271 1136 2338 Ἰουδαίους
1183 2277 1366 2355 φησὶν,
1398 2277 1485 2337 οὓς
1517 2278 1818 2355 καταφθορᾷ
1876 2298 1983 2332 πα-

2073 2272 2893 2355 exercitibus,servanturque
2918 2272 3455 2351 iuternecioniquae
3472 2270 3592 2331 illic
3608 2277 3721 2331 est.

347 2357 592 2435 ραδώσει,
625 2362 696 2425 εἰς
728 2364 787 2417 τὸ
814 2362 914 2442 πῦρ
942 2365 1003 2419 τὸ
1026 2362 1277 2442 εξώτερον
1330 2358 1706 2444 παραπέμπων
1765 2366 1971 2427 αὐτούς.
2011 2365 2105 2421 Καὶ
2160 2362 2341 2436 μέντοι
2377 2365 2521 2420 οὗτοι
2555 2369 2600 2421 οἱ
2628 2365 2795 2421 ἄθλιοι
2828 2366 3106 2438 κάνταῦθα,
3140 2366 3192 2418 ἒν
3222 2367 3299 2436 τῷ
3338 2364 3525 2436 κόσμῳ
3556 2368 3723 2416 τούτω

336 2449 496 2525 φημὶ,
541 2451 951 2528 κατεσφάγησαν
978 2454 1078 2509 ὑπὸ
1109 2456 1214 2509 τῶν
1244 2444 1560 2528 Ῥωμαϊκῶν
1591 2455 2022 2533 στρατευμάτων,
2067 2453 2381 2530 τηρούμενοι
2412 2456 2499 2509 καὶ
2542 2454 2774 2534 ιρυλαξόμ
2787 2478 2819 2509 ε·
2844 2476 2890 2509 οι
2928 2462 2991 2527 τῇ,
3020 2453 3134 2509 ἐκεῖ
3165 2458 3363 2531 σφαγῇ,

424 2559 447 2592 ε
491 2540 587 2595 Καὶ
640 2538 849 2617 ἐγένετο
907 2544 980 2604 ὡς
1033 2542 1251 2621 ἤγγισεν
1301 2546 1373 2609 εἰς
1419 2548 1700 2623 Βηθφαγὴ,
1745 2552 1832 2600 καὶ
1870 2552 1983 2610 Βη-

2153 2539 2565 2605 VEBS.29-40.
2592 2542 2695 2603 cEt
2723 2543 2941 2605 factum
2967 2550 3056 2603 est
3083 2541 3221 2601 dum
3247 2540 3722 2620 appropinquas-

336 2626 514 2682 θανίαν
567 2631 697 2708 πρὸς
756 2632 817 2687 τὸ
875 2629 994 2709 ὅρος
1051 2633 1112 2688 τὸ
1182 2631 1508 2699 καλούμενον
1569 2632 1818 2702 Ἐλαιῶν,
1878 2633 1983 2689 ἀπ-

2072 2639 2163 2691 set
2193 2633 2263 2691 ad
2298 2630 2644 2711 Bethphage
2678 2643 2735 2694 et
2764 2632 3109 2695 Bethaniam
3134 2631 3307 2709 juxta
3334 2638 3594 2690 montem
3615 2628 3718 2707 qui

338 2715 537 2772 έστειλε
599 2716 688 2775 δύο
746 2721 851 2775 τῶν
896 2724 1147 2795 μαθητῶν
1192 2722 1349 2780 αὒτοῦ
1392 2724 1575 2779 εἰπών·
1626 2721 1881 2801 Ὑπάγετε
1915 2725 1983 2786 εἰς

2072 2726 2312 2781 vocatur
2333 2718 2657 2795 Olivarum,
2701 2722 2863 2783 misit
2892 2724 3039 2783 duos
3070 2719 3400 2799 discipulos
3428 2734 3592 2797 suos,
3618 2719 3719 2777 di-

332 2806 430 2873 ti“
491 2806 767 2864 κατέναντι
821 2810 1035 2884 κώμην,
1082 2813 1137 2867 Ῑεν
1191 2813 1705 2891 ᾗείσπορευόμενοι,
1742 2814 1985 2891 εὑρήσετε

335 2894 516 2952 πῶλον
578 2895 873 2978 δεδεμένον,
926 2898 1008 2978 ἐφ’
1066 2901 1123 2957 ὃν
1182 2899 1344 2963 οὐδεὶς
1403 2903 1643 2976 πώποτε,
1698 2902 1985 2980 ἀνθρώπων

329 2986 542 3040 ἱκάθισε
580 3001 593 3016 ⁸
641 2985 888 3051 λύσαντες
933 2991 1087 3046 αὑτὸν
1145 2990 1395 3070 ἀγάγετε,
1458 2994 1544 3048 καὶ
1575 2993 1663 3049 ἐάν
1713 3015 1793 3057 τις
1848 2994 1983 3068 ὑμᾶς

334 3075 530 3154 ἐρωτᾷ,
565 3079 714 3132 Διατί
754 3076 901 3135 λύετε
935 3099 952 3157 ;
983 3079 1149 3142 οὕτως
1182 3081 1353 3158 ἐρεῖτε
1393 3084 1559 3161 αὐτῷ,
1591 3081 1671 3138 ὅτι
1707 3073 1762 3139 Ὀ
1796 3083 1983 3162 Κύριος

335 3163 494 3253 αύτοῦ
548 3166 732 3244 χρείαν
786 3167 927 3248 ἔχει.
992 3168 1338 3235 Ἀπελθόντες
1388 3169 1442 3227 δὲ
1488 3173 1536 3227 οἱ
1567 3170 1981 3253 ἀπεσταλμένοι,

337 3251 481 3330 εὗρον
538 3255 711 3319 καθὼς
764 3257 917 3314 εἶπεν
979 3258 1187 3323 αὐτοῖς.
1250 3261 1496 3317 Λυόντων
1538 3259 1592 3317 δὲ
1652 3265 1823 3320 αὐτῶν
1891 3251 1982 3318 τὸν

337 3340 540 3417 πῶλον,
588 3344 749 3402 εἷπον
780 3348 827 3401 οἱ
869 3346 1037 3426 κύριοι
1099 3348 1257 3405 αὐτοῦ
1302 3352 1433 3428 πρὸς
1466 3350 1651 3417 αὐτοὺς
1686 3368 1701 3382 '
1734 3352 1794 3408 Τί
1835 3350 1983 3407 λύετε

335 3431 426 3484 τὸν
482 3430 664 3488 πῶλον
699 3449 716 3507 ;
749 3435 809 3491 Oi
830 3432 888 3489 δὲ
915 3434 1096 3492 εἷπονο
1134 3429 1191 3495 Ὀ
1218 3439 1406 3518 Κύριος
1438 3444 1594 3499 αὐτοῦ
1623 3442 1808 3520 χρείαν
1841 3439 1979 3521 ἔχει,

333 3515 437 3578 Καὶ
482 3518 684 3611 ἤγαγον
741 3522 897 3580 αὐτὸν
952 3527 1083 3603 πρὸς
1131 3529 1222 3583 τὸν
1281 3515 1512 3611 Ἰησοῦν,
1556 3515 1983 3609 καί-έπιῤῥίῴαν-

326 3628 416 3674 τες
478 3609 679 3666 ἑαυτῶν
735 3613 800 3668 τὰ
842 3614 1029 3689 ἱμάτια
1070 3615 1156 3672 ἐπὶ
1186 3619 1277 3673 τὸν
1306 3609 1509 3699 πῶλον,
1544 3616 1858 3676 ἐπεϐίϐασαν
1891 3622 1982 3677 τὸν

331 3696 558 3763 Ἰησοῦν.
652 3702 1011 3780 Πορευομένου
1098 3702 1153 3760 δὲ
1211 3708 1391 3787 αὑτοῦ,
1472 3696 1859 3787 ὕπεστρώννυον
1916 3710 1982 3765 τὰ

326 3786 511 3861 ἱμάτια
564 3790 735 3846 αὐτῶν
778 3790 833 3846 ἐν
874 3797 943 3869 τῇ
995 3789 1121 3867 ὁδῷ.
1183 3786 1519 3875 Ἐγγίζοντος
1574 3786 1647 3854 δὲ
1683 3802 1838 3858 αὐτοῦ
1876 3797 1980 3865 ἤδη

322 3876 452 3954 πρὸς
482 3883 552 3954 τῇ,
610 3876 897 3937 καταϐάσει
958 3890 1051 3939 τοῦ
1112 3883 1262 3964 ὅρους
1319 3888 1447 3946 τῶν,
1473 3880 1724 3968 Ἐλαιῶν,
1758 3885 1980 3967 ἤρξαντο

321 3964 463 4057 ἅπαν
517 3968 577 4023 τὸ
635 3968 837 4037 πλῆθος
866 3978 973 4028 τῶν
1027 3978 1281 4049 μαθητῶν
1339 3977 1645 4057 χαίροντες,
1691 3964 1858 4034 αἰνεῖν
1888 3980 1977 4034 τὸν

325 4056 455 4109 Θεὸν
516 4062 667 4135 φωνῇ
710 4060 922 4138 μεγάλῃ
962 4065 1081 4142 περὶ
1124 4072 1333 4145 πασῶν,
1378 4069 1454 4121 ῶν
1484 4056 1637 4123 εἶδον
1682 4065 1975 4143 δυνάμεων.

324 4142 570 4222 λέγοντες
603 4166 617 4181 ⁶
652 4147 1022 4227 Εὑλογημένος
1084 4156 1112 4210 6
1157 4142 1452 4234 ἐρχόμενος
1485 4154 1736 4219 Βασιλεὺς
1768 4142 1819 4213 έν
1853 4158 1979 4215 ὀνό-

328 4255 456 4307 ματι
490 4235 701 4313 Κυρίου.
731 4239 929 4317 Εἰρήνη
976 4242 1031 4297 ἐν
1083 4244 1308 4323 οὐρανῷ,
1341 4246 1428 4301 καὶ
1458 4243 1579 4311 δόξα
1608 4245 1661 4301 ἐν
1714 4247 1977 4322 ὑψίστοις.

330 4325 617 4417 καίᾲτινες
672 4332 779 4417 τῶν
825 4333 1125 4410 Φαρισαίων
1173 4333 1279 4390 ἀπὸ
1331 4340 1425 4391 τοῦ
1466 4333 1636 4415 ὄχλου
1664 4339 1818 4393 εἷπον
1846 4340 1978 4417 πρὸς

332 4415 488 4471 αὐτόν
523 4432 537 4447 ’
605 4415 922 4496 Διδάσκαλε,
983 4423 1300 4499 ἐπιτίμησον
1358 4439 1474 4490 τοῖς
1532 4431 1802 4501 μαθηταῖς
1859 4415 1974 4489 σου,

327 4506 424 4563 Καὶ
483 4506 786 4581 ἀποκριθεὶς
846 4510 1003 4567 εἶπεν
1054 4514 1237 4577 αὐτοῖς
1273 4529 1286 4544 ⁸
1342 4514 1497 4593 Λέγω
1544 4517 1696 4595 ὑμῖν,
1748 4515 1828 4573 ὅτι
1888 4517 1976 4574 ἐὰν

322 4597 462 4651 οὗτοι
510 4600 882 4681 σιωπήσωσιν,
947 4603 993 4657 οἱ
1051 4600 1181 4658 λίθοι
1237 4601 1599 4681 κεκράξονται,
1658 4629 1681 4664 ι
1755 4607 1858 4662 Δύο
1923 4608 1977 4663 ἐν

319 4689 499 4762 ταυτῷ
559 4690 586 4743 6
615 4690 804 4770 Κύριος
834 4689 1117 4758 ὕποδηλῶν
1174 4691 1260 4750 ἐπὶ
1287 4701 1379 4750 τοῦ
1408 4693 1589 4751 πώλου
1620 4696 1812 4768 καθίζει
1845 4712 1859 4727 ⁸
1923 4700 1976 4756 ἓν

323 4776 442 4850 μὲν,
477 4776 698 4857 πληρῶν
729 4782 1052 4860 προφητείαν
1088 4782 1181 4850 τὴν
1226 4782 1506 4864 λέγουσαν,
1569 4783 1700 4843 Ἰδοὺ
1749 4788 1777 4842 6
1819 4788 1974 4864 βασι·

325 4868 446 4930 λεύς
505 4890 597 4927 σου
656 4868 873 4949 ἔρχεται
926 4872 1226 4947 καθήμενος
1292 4871 1378 4929 ἐπὶ
1448 4873 1566 4930 ὄνου
1601 4895 1612 4907 ·
1661 4874 1839 4954 ἕτερον
1895 4874 1974 4956 δὲ,

320 4963 587 5033 τροπικῶς
636 4962 773 5034 ἡμῖν
824 4960 1209 5042 αἰνιττόμενος,
1271 4965 1350 5019 ὃτι
1405 4962 1716 5035 ἐπιϐήσεται
1772 4967 1856 5023 ἐπὶ
1884 4968 1977 5022 τὸν

323 5046 463 5127 νέον,
520 5049 608 5103 καὶ
658 5048 973 5130 ἀκάθαρτον,
1014 5052 1124 5107 -καὶ
1204 5050 1502 5129 ἀδάμαστον
1561 5054 1763 5113 ἐθνικὸν
1820 5054 1977 5125 λαόν,

324 5139 397 5193 Ού
444 5138 545 5217 γὰρ
604 5137 774 5208 δήπου
833 5138 917 5197 διὰ
973 5142 1035 5197 τὸ
1094 5148 1191 5210 τῆς
1246 5140 1368 5201 ὁδοῦ
1423 5149 1598 5220 μῆκος
1671 5143 1842 5202 ἐδεῖτο
1884 5154 1976 5202 τοῦ

319 5228 598 5307 ὑποζυγίου
632 5244 645 5258 ·
724 5228 752 5284 6
821 5231 920 5309 γὰρ
995 5237 1169 5289 πᾶσαν
1238 5224 1543 5290 Γαλιλαίαν
1577 5237 1665 5292 καὶ
1722 5233 1976 5292 Ἰουδαίαν

2071 2829 2235 2871 cens:
2271 2809 2356 2870 Ite
2388 2811 2446 2870 in
2481 2812 2790 2872 castellum
2825 2812 2981 2892 quod
3024 2829 3054 2872 e
3079 2810 3321 2889 regione
3352 2806 3529 2889 est,in
3550 2806 3718 2879 Quod

2070 2900 2439 2960 introeuntes
2472 2899 2790 2963 invenietis
2823 2902 3048 2980 pullum
3081 2898 3619 2976 asinze,alligatum,
3658 2896 3718 2956 in

2070 3008 2184 3069 quo
2224 3007 2399 3049 nemo
2422 3009 2679 3069 unquam
2714 2990 3020 3051 hominum
3055 2988 3228 3051 sedit.
3271 2985 3489 3048 Solvite
3521 2985 3715 3067 illum,

2068 3088 2125 3139 et
2154 3078 2451 3140 adducite.
2487 3078 2557 3139 Et
2612 3079 2662 3139 si
2695 3078 2826 3159 quis
2883 3097 2986 3140 vos
3016 3074 3489 3155 interrogaverit,
3525 3073 3718 3145 Quare

2066 3166 2418 3228 solvitis?sic
2447 3167 2658 3229 dtcetis
2682 3168 2913 3240 eizQuia
2934 3167 3222 3229 Dominus
3239 3184 3311 3226 eo
3343 3182 3490 3244 Opus
3512 3161 3714 3226 habet.

2069 3254 2356 3318 Abierunt
2372 3266 2567 3318 autem
2592 3256 2698 3338 qui
2715 3257 2881 3318 missi
2904 3265 3167 3328 erar.t,et
3190 3255 3544 3315 invenerunt
3565 3252 3717 3313 sicut

2067 3344 2299 3406 dixerat
2331 3346 2469 3407 illis.
2501 3344 2877 3408 Solventibus
2906 3354 3103 3407 autem
3128 3344 3247 3407 illis
3272 3342 3524 3422 pullum,
3555 3341 3717 3403 dixe-

2067 3445 2206 3500 runt
2234 3436 2463 3497 domini
2495 3436 2624 3515 ejus
2665 3435 2737 3497 ad
2769 3436 2923 3498 illos:
2958 3433 3153 3507 Quare
3184 3431 3408 3494 solvitis
3440 3430 3663 3512 pullum
3691 3430 3717 3491 ?

2067 3530 2137 3587 At
2170 3526 2254 3586 illi
2286 3525 2565 3586 dixerunt
2594 3548 2606 3588 :
2660 3524 2805 3597 Quia
2829 3525 3115 3588 Dominus
3145 3542 3213 3584 e3
3241 3540 3392 3602 opus
3409 3520 3610 3583 habet.
3642 3519 3717 3582 Et

2066 3616 2363 3677 duxerunt
2394 3614 2560 3675 illum
2594 3616 2666 3675 ad
2694 3618 2920 3690 .Iesum,
2956 3624 3013 3676 et
3058 3612 3293 3693 injectis
3347 3610 3717 3672 vestimentis

2066 3704 2190 3766 suis
2220 3723 2399 3785 super
2422 3704 3092 3785 pullumimposuerunt
3119 3705 3342 3765 .Iesum.
3381 3697 3715 3762 AdBEunte

2065 3802 2262 3854 autem
2298 3793 2901 3869 illo,substernebant
2923 3794 3273 3855 vestimenta
3296 3808 3399 3852 sua
3420 3789 3480 3851 in
3508 3790 3617 3851 via.
3644 3789 3714 3852 Et

2067 3902 2197 3944 cum
2231 3882 2737 3964 appropinquaret
2753 3884 2875 3963 jam
2891 3882 2964 3944 ad
2989 3884 3345 3945 descensum
3366 3877 3711 3942 montisOli-

2064 3991 2291 4047 varum,
2325 3987 2636 4054 coeperunt
2666 3973 2860 4035 omnis
2918 3972 3235 4035 multitudo
3287 3968 3710 4049 discipulorum

2057 4062 2383 4141 gaudentes
2404 4062 2836 4126 laudareDeum
2856 4082 2996 4124 voce
3008 4081 3223 4141 magna
3236 4077 3418 4143 super
3434 4057 3712 4120 omnibus

2061 4171 2207 4233 quas
2238 4153 2513 4215 viderunt
2544 4151 3181 4233 virtntibus,diceutes:
3218 4149 3581 4213 Benedictus
3610 4151 3710 4228 qui

2060 4241 2223 4304 venit
2245 4241 2442 4303 Rexin
2475 4242 2717 4303 nomine
2748 4241 3133 4303 Domini.Pax
3158 4240 3215 4301 in
3240 4239 3410 4311 caelo,
3442 4244 3501 4298 et
3521 4236 3715 4313 gloria

2062 4331 2121 4391 in
2153 4329 2554 4393 altissimis.Et
2583 4330 3260 4411 quidamPharisaeorum
3282 4348 3314 4390 e
3338 4326 3509 4388 turba
3538 4326 3709 4389 dixe-

2060 4428 2202 4481 runt
2229 4422 2299 4482 ad
2337 4423 2501 4482 illum
2529 4440 2541 4479 :
2579 4422 2875 4499 Magister,
2922 4420 3167 4500 increpa
3198 4414 3523 4494 discipulos
3555 4424 3704 4480 tuos.

2062 4508 2291 4582 Quibus
2335 4511 2462 4590 ipse
2492 4510 2609 4571 ait:
2645 4509 2787 4571 Dico
2817 4509 3003 4591 vobis,
3039 4508 3194 4591 quod
3227 4508 3275 4569 si
3300 4508 3359 4570 hi
3392 4508 3704 4582 tacuerint,

2064 4618 2202 4661 mox
2232 4600 2460 4681 lapides
2494 4599 2852 4662 clamabunt.
2890 4622 2919 4659 ι
2955 4598 3245 4663 Dominus
3271 4617 3452 4679 super
3485 4598 3707 4681 pullum

2062 4691 2300 4764 sedens,
2333 4692 2451 4753 duo
2484 4691 2764 4752 declarat:
2794 4709 2976 4752 unum
3002 4689 3158 4770 quod
3182 4689 3426 4769 impleat
3456 4689 3710 4772 prophe-

2063 4781 2202 4843 tiam
2222 4781 2543 4843 dicentem:
2560 4780 2745 4841 chce
2767 4798 2869 4841 rex
2888 4790 3020 4840 tuus
3042 4780 3432 4840 venitsedens
3455 4798 3635 4861 super
3651 4797 3711 4839 a-

2061 4869 2368 4942 sinam98';
2382 4869 2744 4931 rsecundum
2761 4867 3708 4950 ﬁgulariternubisinsinuatquod

2060 4977 2335 5021 sessurus
2356 4959 2431 5020 sit
2460 4976 2640 5039 super
2654 4976 2868 5021 novum
2892 4967 2949 5021 et
2971 4957 3325 5021 indomitum
3354 4965 3411 5018 et
3440 4959 3705 5024 immun-

2061 5047 2202 5108 dum
2231 5048 2507 5130 populum
2526 5045 2970 5125 gentilem.Non
2987 5048 3147 5110 enim
3170 5046 3446 5109 videlicet
3470 5064 3576 5127 pro
3602 5054 3705 5115 iti-

2060 5138 2222 5199 neris
2253 5138 2623 5217 longitudine
2642 5139 2918 5217 jumento
2943 5158 3091 5219 opus
3113 5137 3391 5201 habebat.
3412 5134 3524 5209 Qui
3544 5144 3704 5211 enim

2062 5239 2168 5309 per
2199 5236 2377 5289 totam
2402 5227 2701 5291 Galilaeam
2749 5236 2807 5290 et
2857 5228 3119 5291 Judaaam
3178 5230 3437 5311 pedestri
3492 5234 3705 5295 itinere

318 5324 453 5395 πεζῇ
506 5320 952 5399 περιερχόμενος,
1014 5327 1129 5385 πῶς
1174 5320 1235 5377 ἂν
1278 5322 1384 5379 ἀπὸ
1428 5327 1687 5391 Βηθανίας
1748 5326 1821 5389 εἰς
1863 5325 1969 5382 Ἰε-

2069 5316 2368 5393 :ircuibat,
2394 5317 2690 5398 quomodo
2715 5338 2748 5380 a
2772 5317 3058 5380 Bethania
3080 5319 3139 5380 in
3161 5321 3493 5386 Jerusalem
3516 5332 3703 5385 trans-

316 5407 595 5486 ρουσαλὴμ
622 5406 799 5491 διϊὼν,
833 5408 1023 5480 ἐδεήθη
1075 5419 1168 5468 τοῦ
1210 5411 1414 5494 πώλου,
1452 5413 1660 5494 ,ὀλίγου
1703 5414 1850 5482 ὄντος
1878 5426 1972 5476 τοῦ

2069 5409 2186 5469 iens
2212 5418 2451 5487 rogaret
2481 5417 2544 5469 ut
2575 5408 2769 5489 pullus
2817 5407 2932 5471 sibi
2984 5408 3250 5472 daretur.
3283 5432 3416 5476 cum
3448 5433 3572 5476 non
3630 5410 3706 5474 sit

316 5497 703 5576 διαστήματος,
766 5503 839 5564 ὡς
888 5501 1082 5566 πάντες
1138 5500 1366 5576 ἴσασινς
1423 5492 1603 5584 υΟσττιερ
1664 5507 1752 5562 οὖν
1783 5505 1967 5581 εἶπον,

2069 5507 2218 5560 ιαηιε
2244 5496 2544 5571 distantia,
2579 5506 2643 5560 ut
2660 5499 2860 5561 sciunt
2877 5502 3114 5561 omnes?
3133 5501 3413 5582 Proinde,
3440 5510 3504 5565 ut
3532 5502 3703 5565 dice-

313 5595 581 5664 μυστικῶς
632 5597 796 5648 ταῦτα
838 5603 1013 5653 ποιεῖ.
1050 5588 1336 5668 Δεδεμένος
1380 5590 1434 5649 δὲ
1465 5593 1531 5661 ἧν
1589 5596 1617 5650 6
1670 5593 1851 5659 πῶλος
1882 5590 1967 5653 καὶ

2069 5605 2212 5668 iam,
2246 5586 2492 5667 mystica
2521 5594 2661 5651 sunt
2682 5586 3084 5654 haec.Vinctns
3100 5599 3296 5654 autem
3328 5600 3455 5655 erat
3478 5591 3695 5675 pullus,

400 5735 489 5794 98'
518 5738 724 5805 Matth.
754 5755 880 5821 ιιι,
910 5739 971 5801 5.
