4184 6426
509 310 647 383 1031

1488 316 1592 380 ΤΗ
1604 307 2086 379 EOPHYLACTI
2127 314 2543 380 BULGARIE
2585 313 2946 386 ARCHIEP.

3768 328 3918 395 1032

497 462 553 513 et
585 452 861 513 dominos
896 443 1400 511 habebatmultos:
1429 448 1528 508 sed
1567 447 1795 507 solutus
1817 446 2007 541 cst~ab
2027 468 2138 530 apo

2249 451 2453 541 κυρίους
2510 453 2639 535 εἶχε
2684 454 2940 530 πολλοὺς,
2973 456 3110 514 ἀλλὰ
3140 456 3316 517 λύεται
3368 462 3513 541 παρὰ
3546 466 3650 518 τῶν
3682 462 3921 520 ἀποστό-

498 542 689 615 stolis,
725 542 835 601 hoc
868 550 952 600 est
988 539 1060 599 ab
1098 538 1187 600 his
1220 539 1318 618 qui
1381 538 1545 597 missi
1608 538 1865 598 fuerunt.
1905 534 2161 599 Sensum

492 642 684 692 autem
718 631 873 690 hunc
904 629 1084 688 habet
1120 648 1131 687 :
1166 627 1453 689 Bethanii
1489 627 1731 707 quidem
1768 628 1979 684 domus
2014 627 2161 689 obe-

489 716 1538 796 dientiteinterpretatur,Bethphage
1560 716 1932 788 veru,domus
1962 719 2161 779 maxil-

492 810 678 869 larum
698 859 707 869 .
727 811 861 869 Erat
887 826 1030 866 sane
1056 806 1219 866 vicus
1240 805 1619 866 sacerdotum
1654 804 1882 865 Etenim
1916 807 2164 868 niaxillre

488 898 905 958 sacerdotibus
937 896 1254 973 dabantur,
1288 896 1437 955 sicut
1470 895 1525 955 iu
1563 897 1691 973 lege
1723 894 2009 971 scriptum
2048 908 2158 959 est.

487 986 785 1047 Iudicatur
808 994 1006 1045 autem
1034 1004 1138 1063 per
1162 984 1426 1043 maxillas
1449 983 2161 1064 scr:nmloctrin:e,quem

488 1076 834 1154 Spirituales
871 1074 1125 1135 maxilla}
1150 1074 1827 1153 etliciunt,etattenuant
1860 1071 1968 1139 Ubi
1994 1074 2171 1150 igitur

505 1167 717 1225 domus
734 1164 1024 1224 sermonis
1038 1162 1417 1236 doctriiize,et
1440 1163 1794 1223 obedientiaz
1811 1184 1947 1245 erga
1973 1164 2165 1227 illum.

505 1257 643 1316 illuc
666 1252 1262 1331 miltunturdiscipuli
1289 1251 1615 1323 Domini,et
1634 1252 2163 1336 solvuntpopulum

504 1345 731 1404 catenis
757 1353 1133 1422 peccatorum
1164 1342 1426 1419 ligatum,
1459 1342 1776 1422 multisque
1801 1349 1956 1406 curis
1989 1347 2117 1406 vita:
2146 1368 2158 1407 :

507 1444 567 1494 ct
592 1453 694 1513 pro
720 1453 789 1493 eo
819 1430 974 1512 quod
1001 1430 1175 1491 habet
1206 1430 1418 1490 multus
1464 1430 1738 1491 dominos
1786 1445 1840 1492 et
1869 1436 2038 1509 deos,
2070 1436 2157 1496 fa-

506 1525 669 1585 ciunt
692 1541 825 1582 eum
848 1521 1070 1581 habere
1087 1540 1267 1580 unum
1286 1520 1802 1582 Dominumlesum
1829 1524 2155 1601 Christum,

509 1621 564 1672 ct
599 1631 774 1672 unum
808 1610 989 1672 Deum
1028 1607 1402 1671 l’atrem.Ubi
1439 1620 1634 1672 autem
1679 1631 1793 1671 non
1823 1624 1910 1673 est
1947 1613 2159 1674 domus

508 1700 888 1778 obediemim,
923 1700 1011 1759 νιιι
1039 1699 1340 1776 ςιιςςυρξὶω
1367 1698 1526 1758 verbi
1554 1701 1861 1774 doctrinae,
1899 1703 1977 1763 ibi
2014 1704 2153 1764 illud

2251 544 2381 614 λων,
2432 544 2697 615 τουτέστι,
2755 547 2861 601 τῶν
2907 545 3335 609 ἀποσταλέντων.
3373 557 3537 606 Τοῦτο
3589 547 3643 607 δὲ
3688 555 3923 609 τοιοῦτόν

2252 628 2362 685 ἐστι
2394 646 2408 660 ⁶
2463 634 2690 699 Βηθανία
2736 633 2834 708 μὲν
2880 635 3036 699 οἷκες
3081 638 3322 706 ὑπακοῆς
3359 639 3728 718 ἑρμηνεύεται,
3785 646 3922 708 Βηθ-

2250 721 2395 799 φαγὴ
2454 719 2509 776 δὲ
2566 723 2725 788 οἶκος
2779 724 3065 804 σιαγόνων,
3141 729 3408 805 ἱερατικὸς
3454 730 3528 785 ὢν
3576 732 3759 795 τόπος.
3825 736 3921 789 Καὶ

2250 810 2349 889 γὰρ
2407 811 2651 889 σιαγόνες
2700 825 2817 875 τοῖς
2872 814 3097 889 ἱερεῦσιν
3141 813 3392 890 ἐδίδοντο,
3440 819 3514 883 ὡς
3560 818 3613 874 ἐν
3654 826 3729 892 τῷ
3772 822 3920 895 νόμῳ

2252 898 2672 979 ἀναγέγραπται.
2741 900 3005 968 Δηλοῦται
3050 901 3105 958 δὲ
3150 902 3235 960 διὰ
3279 908 3383 961 τῶν
3419 908 3680 985 σιαγόνων
3740 910 3767 964 6
3824 916 3916 985 τῇς

2251 986 2585 1055 διδασκαλίας
2631 989 2815 1069 λόγος,
2877 993 2952 1047 ὢν
3002 994 3052 1049 αἰ
3098 996 3324 1073 ψυχικαὶ
3384 997 3627 1074 σιαγόνες
3663 1000 3920 1076 κατεργά-

2249 1085 2449 1153 ζονται,
2507 1082 2595 1136 καὶ
2678 1079 3041 1141 λεπτύνουσιν.
3129 1083 3311 1141 ’Ἐνθα
3369 1086 3540 1141 τοίνυν
3599 1088 3754 1151 οἶκος
3825 1097 3917 1144 τοῦ

2250 1164 2413 1246 λόγου
2470 1176 2561 1225 τοῦ
2616 1167 3009 1251 διδασκύικοῦ,
3067 1173 3156 1229 καί
3214 1174 3309 1241 τῆς
3354 1177 3485 1253 πρὸς
3530 1177 3714 1232 τοῦτον
3771 1179 3911 1233 ὑπα-

2249 1261 2404 1331 κοῆς,
2466 1256 2583 1315 ἐκεῖ
2626 1258 2935 1316 στέλλονται
2994 1264 3041 1317 oi
3100 1269 3192 1318 τοῦ
3253 1265 3441 1341 Κυρίου
3506 1267 3762 1340 μαθηταὶ,
3829 1270 3914 1323 καὶ

2250 1343 2428 1405 λύουσι
2487 1350 2578 1403 τὸν
2656 1362 2776 1413 ταῖς
2856 1363 3060 1429 σειραῖς
3135 1348 3409 1425 δεδεμένον
3479 1360 3585 1409 τῶν
3644 1355 3912 1435 ἁμαρτιῶν

2244 1432 2393 1515 λαόν,
2455 1438 2541 1492 καὶ
2602 1450 2727 1501 ταῖς
2774 1439 3007 1516 φροντίσι
3068 1439 3158 1494 τοῦ
3205 1441 3318 1516 βίου
3368 1454 3489 1507 ταῖς
3534 1432 3791 1520 πολλαῖς,
3826 1445 3912 1500 καὶ

2244 1524 2355 1579 ἀντὶ
2385 1532 2498 1600 τοῦ,
2530 1524 2761 1589 πολλοὺς
2794 1527 2943 1607 ἔχειν
2986 1528 3217 1609 κορίοδς,
3281 1531 3369 1585 καὶ
3446 1532 3616 1600 θεοὺς,
3673 1540 3912 1589 ποιοῦσιν

2244 1614 2398 1700 αὐτὸν
2444 1613 2593 1694 ἔχειν
2623 1614 2711 1672 ἕνα
2745 1618 2928 1695 Κύριον
2963 1613 3194 1698 Ἰησοῦν,
3228 1621 3315 1674 καὶ
3346 1618 3437 1675 ἕνα
3502 1622 3630 1676 Θεὸν
3676 1620 3905 1700 Πατέρα,

2248 1692 2432 1761 ’Ὅπου
2478 1692 2590 1784 γὰρ
2637 1704 2731 1761 οὒκ
2774 1692 2920 1761 ’ἐστιν
2964 1706 3120 1769 οἶκος
3179 1692 3444 1781 ῦπακοῆς,
3479 1706 3593 1767 οὐδὲ
3622 1692 3907 1789 παραδόχῆ

510 1810 624 1849 non
658 1790 746 1869 ﬁt,
773 1808 963 1868 neque
1001 1789 1193 1867 pullus
1226 1788 1473 1847 solvitur
1534 1792 1690 1849 lluos
1720 1803 1916 1851 autem
1950 1795 2147 1852 missos

2244 1791 2405 1870 λόγου
2486 1792 2878 1869 διδασκαλικοῦ,
2962 1798 3198 1852 τοιοῦτόν
3267 1818 3316 1851 τι
3377 1796 3436 1851 οὔ
3496 1798 3693 1874 γίνεται
3764 1788 3903 1874 ἔχει,

508 1898 661 1951 esse,
695 1882 802 1939 hoc
836 1878 973 1950 vult,
1000 1878 1152 1956 quod
1193 1877 1246 1936 in
1283 1877 1644 1938 aultluctiene
1680 1881 1879 1958 populi
1921 1882 2162 1958 gentilis

510 1971 576 2029 ad
599 1968 895 2029 Christum
925 1975 983 2025 ut
1007 1965 1507 2037 obediantei,duo
1528 1966 1766 2026 ordines
1796 1970 2156 2037 ministrent.

510 2058 899 2139 pmphelzemt
957 2054 1227 2134 apostoli.
1262 2055 1333 2116 Et
1363 2055 1587 2115 ducunt
1618 2075 1751 2115 eum
1787 2076 1853 2118 ex
1890 2061 2156 2135 castello,

511 2158 571 2208 ut
590 2150 886 2207 discamus
911 2144 1093 2204 fuisse
1112 2144 1391 2223 populum
1410 2143 1577 2204 valde
1597 2162 1858 2206 crassum
1879 2157 1935 2208 et
1958 2148 2160 2210 ineru-

506 2234 1006 2298 ditum.Nondum
1039 2236 1195 2295 enim
1228 2236 1461 2294 sedit-rat
1487 2253 1665 2313 super
1683 2254 1815 2297 eum
1841 2255 2039 2299 sermo
2068 2241 2161 2302 vel

506 2324 915 2398 lilosaicus,vel
951 2323 1473 2402 pl‘O[~ltCllCUS,SBtl
1504 2324 1697 2402 pullus
1737 2336 1861 2385 erat
1897 2327 2155 2389 indomi-

502 2425 616 2477 tus.
645 2412 921 2486 Quamvis
971 2420 1166 2472 autem
1195 2411 1557 2489 evangelista
1581 2412 1730 2473 alius
1763 2415 1905 2474 dixit
1940 2436 2156 2495 pueros

498 2504 678 2563 fuisse
711 2503 806 2582 qui
841 2498 1485 2562 clamabantzllosanra
1511 2500 1626 2561 lilio
1652 2501 1829 2562 David
1862 2504 1969 2577 99;
2001 2516 2152 2567 atta-

502 2612 633 2653 men
670 2603 727 2652 et
759 2588 1249 2651 illiinsinuahant
1278 2609 1487 2649 novum
1525 2592 1802 2670 populum
1838 2592 2151 2656 Credendo

497 2687 657 2742 enim
687 2680 888 2743 Jesum
937 2699 1001 2739 ex
1032 2682 1265 2740 semine
1297 2678 1477 2739 David
1516 2681 1849 2741 secundum
1905 2702 2148 2745 carnem

495 2770 864 2851 apparuisscg
929 2768 1176 2846 gloriam
1218 2768 1551 2828 retulerunt
1612 2771 1755 2844 laico,
1819 2773 2146 2833 secundum

497 2861 651 2940 quod
687 2858 969 2937 scriptum
1005 2866 1112 2918 cst:
1175 2857 1433 2935 Populus
1483 2859 1580 2937 qui
1616 2867 1875 2931 creatur,
1940 2862 2148 2924 lauda-

499 2950 585 3008 tiit
613 2948 924 3009 Dominum
962 2950 1005 3007 ι.
1044 2946 1543 3006 Vcstimentorum
1570 2957 1768 3007 autem
1802 2948 2147 3031 substratio,

494 3038 829 3113 significare
855 3036 1083 3097 videtur
1114 3036 1267 3115 quod
1330 3034 1489 3097 exuti
1524 3036 1822 3097 hominem
1860 3056 1903 3094 νι
1930 3045 2147 3102 terem.

2244 1878 2357 1937 οὐδὲ
2409 1881 2587 1938 λύεται
2635 1886 2662 1938 6
2703 1881 2907 1947 πῶλος,
2960 1884 3062 1941 Δύο
3106 1882 3161 1939 δὲ
3206 1884 3352 1948 ὄντες
3398 1889 3444 1942 οἱ
3490 1886 3902 1963 ἀπεσταλμένοι,

2243 1978 2396 2026 τοῦτο
2452 1973 2789 2046 αἰνίττονται,
2844 1970 2927 2027 ὅτι
2988 1973 3057 2040 τῆ
3096 1980 3197 2029 τοῦ
3252 1972 3456 2030 ἐθνικοῦ
3512 1974 3643 2034 λαοῦ
3698 1999 3904 2055 προσα-

2242 2064 2419 2137 γωγῇ,
2479 2062 2566 2116 καὶ
2623 2068 2691 2136 τῇ
2736 2066 2867 2138 πρὸς
2928 2062 3153 2138 Χριστὸν
3208 2062 3452 2139 ῦποταγῆ
3514 2059 3601 2118 δύο
3657 2064 3903 2140 τάγματα

2244 2150 2583 2228 ὑπουργοῦσι,
2642 2155 2933 2229 προφῆται,
3002 2151 3087 2204 καὶ
3147 2148 3465 2210 ἀπόστολοι.
3534 2151 3631 2208 Καὶ
3689 2150 3905 2229 ἄγουσιν

2244 2235 2401 2292 αὐτὸν
2444 2236 2504 2293 ἔκ
2546 2261 2686 2303 τινος
2758 2238 2973 2316 κώμης,
3052 2238 3143 2293 ἵνα
3201 2239 3451 2313 μάθωμεν
3511 2237 3589 2294 ὅτι
3660 2240 3901 2318 ἀγροικίᾳ

2242 2324 2418 2403 πολλῇ
2463 2331 2622 2395 συνῆν
2653 2330 2679 2383 6
2732 2326 2861 2389 λαὸς
2906 2327 3055 2389 οὗτος
3115 2330 3203 2383 καὶ
3263 2326 3594 2399 ἀπαιδευσίᾳ.
3647 2331 3741 2386 Καὶ
3801 2331 3901 2407 γὰρ

2240 2412 2356 2469 οῦδὲ
2410 2416 2649 2471 ἒκάθισεν
2704 2413 2788 2471 ἐπ’
2841 2417 2997 2471 αὐτὸν
3048 2414 3296 2471 οὐδέποτε
3326 2414 3486 2493 λόγος
3518 2417 3552 2483 ἢ
3584 2420 3899 2496 Μωσαῖκὸς,

2236 2502 2271 2571 ἢ
2315 2506 2665 2584 προφητικὸς,
2728 2502 2862 2559 ἀλλά
2915 2502 3095 2567 πῶλος
3140 2504 3205 2571 ἦν
3236 2501 3566 2567 ἀπαίδευτος.
3607 2506 3662 2561 Εἰ
3697 2503 3894 2580 δὲκαὶ,

2236 2594 2309 2657 ὡς
2360 2592 2536 2672 ἔτερος
2591 2600 2698 2649 τῶν
2764 2592 3156 2672 εύαγγελιστῶι
3218 2592 3343 2673 ἔφη,
3405 2592 3594 2657 παῖδες
3653 2594 3790 2662 ἦσαν
3847 2598 3896 2651 oi

2234 2682 2464 2757 βοῶντες
2496 2685 2578 2741 τὸ.
2616 2674 2844 2739 ἰὶσαννὰ
2874 2690 2951 2757 τῷ
2981 2684 3077 2757 υἱῷ
3112 2682 3302 2757 Δαυ³ιδ,
3346 2684 3433 2739 καὶ
3463 2684 3604 2739 οὗτοι
3637 2683 3698 2739 ἂν
3727 2686 3891 2740 ὑπαι-

2234 2772 2494 2828 νίττοιντο
2552 2774 2641 2828 τὸν
2675 2774 2830 2827 αὐτὸν
2876 2773 2990 2827 νέον
3023 2770 3175 2846 λαὸν,
3224 2770 3305 2827 διὰ
3347 2779 3439 2828 τοῦ
3496 2774 3762 2829 πιστεύειν
3818 2781 3897 2849 τῷ

2237 2861 2415 2927 Ἰησοῦ
2457 2868 2517 2917 εκ
2547 2862 2849 2939 σπέρματος
2886 2859 3052 2916 Δαυ³ιδ
3101 2862 3252 2940 σαρκὶ
3282 2862 3516 2941 φανέντι,
3549 2859 3700 2926 δόξαν
3756 2863 3893 2919 ἀνα-

2234 2949 2536 3025 πέμποντες
2583 2957 2699 3024 Θεῷ
2758 2952 2893 3006 κατά
2923 2951 2983 3005 τὸ
3014 2950 3405 3028 γεγραμμένον,
3453 2952 3592 3015 Λαὸς
3637 2953 3665 3006 6
3708 2953 3892 3023 κκιζό-

2234 3061 2393 3114 μενος
2425 3040 2618 3096 αἰνέσει
2650 3041 2740 3095 τὸν
2788 3039 2996 3117 Κύριον.
3035 3032 3097 3095 (Η
3130 3038 3183 3094 δὲ
3215 3047 3321 3096 τῶν
3370 3040 3589 3116 ἱματίων
3623 3041 3898 3120 ὕπόστρω-

494 3129 634 3189 449
663 3127 761 3207 qui
791 3128 953 3204 digni
984 3141 1121 3186 sunt
1180 3125 1423 3185 laudare
1477 3126 1705 3199 Jesum,
1769 3125 2147 3189 substernant

2233 3152 2312 3193 σις
2343 3137 2497 3186 τοῦτο
2526 3130 2805 3205 σημαίνειν
2838 3126 3029 3203 ἔοικεν,
3068 3127 3149 3184 ὅτι
3208 3128 3515 3206 ἐκδυόμενοι
3548 3131 3639 3185 τὸν
3664 3129 3896 3186 παλαιὸν

492 3218 660 3278 illum
694 3224 752 3275 et
788 3214 1104 3294 subjiciant
1135 3214 1269 3293 ipsi,
1308 3222 1368 3273 ut
1398 3233 1532 3274 cum
1567 3215 1933 3291 ascenderit,
1969 3235 2146 3280 sanc-

493 3306 679 3367 tiﬁcet
708 3323 870 3385 eum,
900 3314 957 3365 et
985 3324 1101 3364 non
1132 3303 1286 3364 ultra
1308 3311 1598 3383 repugnet
1623 3322 1761 3363 caro
1790 3305 2050 3384 Spiritui,
2088 3317 2150 3369 ut

493 3405 546 3456 et
575 3394 684 3477 ipsi
706 3397 931 3475 possint
955 3393 1177 3455 dicere:
1211 3391 1527 3472 Suhjectus
1549 3392 1629 3452 fui
1656 3392 1999 3469 Domino,ct
2020 3416 2149 3459 ora-

491 3485 543 3545 vi
568 3504 702 3546 eum
724 3484 965 3546 2.Porro
990 3502 1225 3542 omnem
1257 3482 1698 3542 multitudinem
1717 3482 2145 3563 discipulorum

491 3574 637 3635 dixit
660 3573 845 3635 Lucas
874 3571 1117 3633 laudare
1147 3574 1333 3633 Deum
1359 3587 1372 3632 :
1401 3569 1728 3650 discipulos
1760 3590 1974 3634 vocans
1996 3575 2144 3635 sim-

492 3663 725 3742 pliciter
755 3680 964 3723 omnes
994 3660 1095 3742 qui
1154 3667 1483 3740 sequuntur
1510 3661 1737 3733 Jesum,
1794 3679 1911 3721 non
1952 3664 2142 3725 solum

489 3752 829 3826 duodecim,
866 3750 955 3812 vel
988 3751 1379 3829 septuaginta,
1414 3749 1519 3808 sed
1550 3767 1767 3809 omnen
1803 3750 2140 3813 multitudio

491 3860 623 3901 nem
654 3859 784 3922 quae
816 3839 905 3899 vel
927 3847 1170 3919 propter
1195 3837 1500 3905 miracula.
1530 3836 1619 3896 vel
1654 3837 1725 3897 ad
1758 3848 1989 3920 tempus
2019 3849 2141 3902 tra-

490 3930 740 3991 hebatur
761 3949 794 3989 a
825 3929 1097 3990 doctrina
1130 3924 1807 4006 utsequereturJesum,
1845 3928 1901 3987 in
1944 3949 2059 4009 qua
2084 3941 2145 3993 et

492 4036 707 4099 pueros
730 4018 911 4079 fuisse
936 4016 1259 4076 verisimile
1308 4025 1417 4091 est,
1451 4015 1603 4076 sicut
1626 4016 1727 4076 alii
1768 4020 2143 4096 evangelista:

486 4108 853 4180 dixerunt;et
873 4107 931 4166 hi
955 4105 1500 4181 al'ﬂatiDeo,regem
1521 4104 1683 4165 illum
1705 4107 2143 4171 confitebantur

484 4199 543 4258 in
572 4197 813 4259 nomine
836 4196 940 4258 Dei
958 4194 1411 4275 venturum,hoc
1428 4203 1611 4274 eSt,ut
1641 4198 1915 4277 Deum;et
1932 4215 2137 4276 pacem

484 4287 689 4348 dicunt
722 4287 781 4347 in
814 4286 1103 4367 caelo.pro
1137 4306 1205 4346 eo
1234 4285 1393 4365 quod
1424 4293 1534 4345 est:
1563 4284 1882 4365 Antiquum
1914 4285 2136 4348 bellum

483 4380 638 4458 quod
658 4377 974 4438 habuimus
995 4386 1199 4437 contra
1236 4379 1445 4448 Deum,
1467 4374 1832 4455 diremptum
1861 4383 1972 4437 est.
2003 4379 2136 4439 Non

484 4467 642 4526 enim
678 4474 801 4526 erat
834 4467 891 4525 in
922 4475 1077 4526 terra
1108 4483 1212 4526 rex
1264 4466 1442 4542 Deus,
1478 4483 1635 4524 nunc
1665 4472 1862 4525 autem
1896 4465 2136 4526 invento

2233 4492 2406 4547 ιενον,
2467 4471 2760 4551 τουτέστιν,
2821 4473 2893 4532 ὼς
2954 4472 3111 4549 Θεὸν,

480 4554 603 4616 Deo
640 4574 817 4635 super
848 4566 1091 4628 terram,
1131 4553 1345 4614 merito
1382 4572 1488 4633 pax
1519 4552 1580 4613 in
1612 4552 1782 4627 caelo,
1820 4563 1878 4613 et
1910 4554 2136 4615 idcirco

482 4648 671 4726 gloria
722 4654 779 4710 in
838 4647 1168 4727 altissimis,
1258 4645 1484 4724 angelis
1542 4645 2016 4723 gloriﬁcantibus
2074 4647 2134 4708 in

482 4737 702 4799 unione
725 4747 781 4798 et
802 4737 1219 4799 conciliatione
1243 4735 1339 4795 tali
1367 4753 1541 4815 quam
1565 4733 1738 4795 nobis
1760 4754 1861 4795 rex
1900 4744 1956 4796 et
1980 4738 2135 4800 Deus

480 4828 578 4906 qui
600 4826 758 4907 pullo
792 4825 1298 4903 vehitur,largitus
1331 4824 1685 4886 est.Etenim
1720 4824 1874 4885 istud
1912 4826 2128 4905 ipsum,

478 4916 633 4997 quod
668 4917 812 4978 deus
845 4916 1103 4977 existens
1131 4932 1310 4994 super
1339 4923 1554 4975 terram
1580 4914 1943 4994 apparuerit,
1980 4924 2039 4977 et
2071 4916 2133 4978 in

481 5006 727 5085 regione
760 5006 1137 5067 inimicorum
1171 5021 1414 5064 suorum
1464 5001 1873 5079 ambulaverit,
1911 5006 2135 5066 indicat

478 5096 669 5158 fmdus
700 5098 916 5157 factum
953 5097 1107 5156 inter
1132 5112 1240 5154 nos
1271 5111 1322 5153 et
1356 5093 1573 5173 ipsum.
1612 5092 1791 5153 Porro
1848 5092 2127 5157 Pharisaei

478 5185 927 5247 murmurabant
959 5184 1116 5266 quod
1148 5201 1348 5263 regem
1407 5200 1539 5242 eum
1577 5183 1983 5244 nominaveral
2016 5204 2087 5264 po
2112 5220 2125 5231 -

474 5274 735 5355 pulus,et
765 5277 919 5356 quod
948 5284 1009 5337 ut
1034 5273 1219 5335 Deum
1253 5272 1613 5335 laudaverat.
1647 5272 1736 5334 Ad
1768 5272 2125 5336 seditionem

471 5362 629 5423 enim
663 5365 965 5442 pertinere
990 5380 1208 5423 nomen
1239 5362 1419 5441 regis,
1478 5370 1536 5423 et
1568 5360 1637 5422 ad
1687 5360 2124 5442 blasphemiam

471 5448 704 5512 Domini
731 5452 1168 5525 existimabant.
1203 5452 1276 5514 At
1299 5451 1590 5515 Dominus
1624 5472 1637 5513 :
1674 5452 1735 5513 Si
1794 5452 1873 5527 hi,
1911 5451 2125 5532 inquit,

550 5632 614 5682 νο
653 5630 854 5694 Matth.
889 5646 1012 5708 ut,
1040 5634 1104 5696 9.

2230 3218 2504 3298 ἄνθρωπον
2559 3222 2607 3274 οἰ
2661 3217 2796 3284 ἄξιοι
2855 3217 3002 3281 ὄντες
3046 3220 3231 3285 ὑμνεῖν
3290 3220 3383 3275 τὸν
3452 3217 3685 3294 Ἰησοῦν,
3757 3220 3899 3276 ὑπο-

2229 3309 2606 3387 στρωννύουσιν
2665 3309 2844 3381 αὑτὸν,
2929 3309 3016 3363 καὶ
3100 3308 3481 3365 ὑποτάττουσιν
3561 3312 3726 3386 αὐτῷ,
3803 3310 3896 3366 ἴνα

2230 3395 2415 3462 ἐπιϐὰς
2476 3400 2654 3477 αὐτοῦ,
2732 3398 2930 3475 ἁγιάσῃ
3004 3397 3184 3473 αὺτὸν,
3256 3398 3343 3454 καὶ
3423 3397 3617 3473 μηκέτι
3675 3401 3710 3467 ἡ
3769 3398 3897 3479 σὰρξ

2230 3488 2578 3555 ὶπανίστηται
2638 3492 2715 3559 τῷ
2775 3487 3054 3562 πνεύματι,
3105 3489 3178 3550 ὡς
3234 3485 3297 3541 ἂν
3362 3487 3449 3541 καὶ
3504 3489 3651 3545 αὐτοὶ
3720 3488 3893 3568 ’ἔχωσι

2230 3574 2430 3655 λέγειν,
2493 3568 2795 3655 ’Υπετάγην
2858 3581 2935 3648 τῷ
2988 3577 3182 3654 Κυρίῳ,
3260 3577 3345 3632 καὶ
3414 3574 3654 3635 ἱκέτευσα
3707 3576 3892 3639 αὐτόν.

2231 3664 2429 3722 ⁹¹Απαν
2474 3664 2528 3722 δὲ
2571 3668 2632 3722 τὸ
2676 3664 2877 3732 πλῆθος
2921 3666 3027 3722 τῶν
3072 3669 3326 3741 μαθητῶν
3370 3664 3471 3745 ’ἐφη
3517 3668 3545 3721 6
3576 3672 3782 3730 Λουκᾶς
3814 3671 3895 3723 αἱ-

2229 3770 2342 3812 νετν
2398 3758 2488 3812 τὸν
2553 3757 2709 3831 Θεὸν,
2776 3756 3019 3831 μαθητὰς
3077 3753 3249 3832 λέγων
3306 3752 3488 3818 ἁπλῶς
3517 3756 3640 3819 τοὺς
3668 3755 3892 3813 ἀκολου-

2226 3847 2444 3908 θοῦντας
2494 3844 2695 3907 πάντας
2739 3848 2817 3917 τῷ
2874 3841 3072 3917 Ἰησοῦ,
3122 3848 3183 3901 οὗ
3246 3843 3367 3907 τοὺς
3410 3841 3611 3901 δώδεκα
3668 3847 3888 3922 μόνους,

2227 3932 2342 3990 οὖδέ
2398 3935 2524 3997 τοὺς
2568 3930 2956 4010 ἑϐδομήκοντα,
3004 3932 3141 3989 ἀλλὰ
3185 3934 3276 3988 τὸν
3325 3932 3489 4013 ὄχλον
3534 3930 3741 3991 ἅπαντα
3796 3937 3894 3992 τὸν

2226 4022 2261 4089 ἢ
2310 4021 2399 4079 διά
2453 4022 2636 4103 χρείαν
2666 4023 2972 4098 θαυμάτων,
3005 4022 3040 4089 ἢ
3071 4021 3154 4078 διὰ
3184 4024 3246 4078 τὸ
3275 4023 3409 4098 πρὺς
3455 4024 3640 4103 καιρὸν
3694 4023 3891 4104 θέλγε-

2225 4116 2342 4169 σθαι
2400 4114 2502 4169 ὑπὸ
2547 4114 2644 4180 τῆς
2701 4109 3039 4175 διδασκαλίας
3098 4109 3486 4171 ἀκολουθοῦντα
3555 4120 3629 4187 τῷ
3681 4110 3887 4189 Ἰησοῦ,

2224 4200 2278 4256 ἐν
2336 4206 2422 4266 οἷς
2484 4203 2621 4267 εἰκὸς
2677 4202 2764 4257 καὶ
2820 4202 2988 4271 νήπια
3044 4201 3431 4283 ἀναμεμίχθαι,
3508 4204 3642 4259 καθά
3717 4202 3888 4283 ἕτεροι

2224 4292 2381 4348 εἶπον
2431 4289 2805 4369 εὗαγγελισταί
2838 4306 2852 4320 ’
2920 4291 3337 4371 Θεοφορούμενοι
3396 4291 3449 4348 δὲ
3509 4295 3674 4374 οῦτοι,
3734 4294 3891 4370 βασι-

2222 4380 2317 4438 λέα
2387 4381 2514 4437 αὐτὸ
2584 4380 3026 4459 ἀνομολογοῦσιν,
3081 4380 3135 4436 ἐν
3193 4382 3413 4458 ὀνόματι
3474 4381 3659 4461 Κυρίου
3710 4382 3882 4461 ὶρχό-

3173 4472 3284 4542 καὶ,
3341 4472 3562 4549 Εἰρήνη,
3610 4473 3787 4551 φασὶν,
3827 4471 3887 4527 ιν

2222 4562 2448 4641 οὖρανῳ,
2515 4561 2628 4617 ant
2669 4567 2787 4633 τοῦ,
2851 4551 2908 4616 Ὀ
2956 4559 3187 4621 παλαιὸς
3235 4559 3496 4640 πόλεμος,
3542 4561 3601 4616 ὃν
3652 4560 3887 4641 εἴχομεν

2220 4654 2351 4730 πρὸς
2395 4654 2486 4707 τὸν
2532 4650 2684 4725 Θεόν,
2730 4647 3016 4716 κατελύθη.
3052 4653 3124 4709 Οί)
3179 4651 3279 4729 γὰρ
3308 4650 3374 4717 ἦν
3404 4649 3458 4705 ἐν
3487 4656 3556 4727 τῇ
3587 4658 3659 4729 γῇ
3715 4653 3884 4727 βασι-

2220 4739 2341 4805 λεὺς
2400 4741 2551 4804 Θεός.
2610 4739 2714 4797 Νῦν
2762 4737 2816 4794 δὲ
2872 4745 2964 4794 τοῦ
3017 4746 3150 4797 Θεοῦ
3194 4739 3489 4819 ἐρχομένου
3524 4740 3610 4796 ἐπὶ
3639 4740 3762 4820 γῆς,
3797 4742 3882 4796 εἰ-

2219 4831 2357 4907 ρήνη
2390 4829 2608 4891 εἰκότως
2667 4830 2722 4884 ἓν
2774 4830 3001 4907 οὖρανῷ.
3056 4829 3154 4885 Καὶ
3184 4826 3268 4883 διὰ
3296 4838 3450 4886 τοῦτο
3481 4827 3602 4895 δόξα
3654 4828 3709 4884 ἐν
3751 4831 3887 4905 ὑψί-

2217 4941 2397 4999 στοις,
2481 4925 2587 4974 τῶν
2667 4917 2911 4996 ἀγγέλων
2990 4916 3312 4989 δοξαζόντων
3384 4919 3469 4975 ἐπὶ
3533 4926 3603 4996 τῇ
3656 4922 3882 4995 τοιαύτῃ

2216 5010 2427 5085 ἐνώσει,
2488 5011 2575 5064 καὶ
2631 5007 2968 5087 καταλλαγῇ,
3030 5007 3098 5076 ἢν
3141 5010 3277 5083 ἡμῖν
3321 5010 3348 5064 6
3376 5009 3463 5064 ἒπὶ
3506 5008 3688 5065 πώλου
3719 5009 3881 5088 ἐρχό-

2210 5110 2371 5175 μενος
2404 5100 2651 5176 βασιλεὺς
2702 5099 2791 5154 καὶ
2846 5101 2974 5161 Θεὸς
3006 5097 3314 5178 ἐχαρίσατο.
3348 5099 3483 5155 Αὒτὸ
3540 5100 3640 5178 γὰρ
3694 5108 3880 5174 τοῦτο,

2208 5190 2270 5247 τὸ
2330 5190 2459 5245 Θεὸν
2517 5186 2643 5244 ὄντα
2694 5187 2779 5244 επὶ
2836 5189 2939 5267 γῆς
2983 5187 3277 5267 φαίνεσθαι,
3338 5188 3429 5245 καί
3485 5187 3540 5244 ἓν
3596 5193 3664 5265 τῇ
3720 5189 3879 5269 χώρᾳ

2208 5280 2364 5353 ἡμῶν
2397 5283 2505 5334 τῶν
2549 5277 2755 5358 ἐχθρῶν
2801 5276 2959 5333 αὐτοῦ
3020 5290 3364 5358 περιπατεῖν,
3425 5275 3583 5344 δηλοῖ
3643 5277 3877 5343 σπονδὰς

2210 5368 2449 5447 γενέσθαι
2494 5364 2690 5444 μεταξὺ
2748 5367 2904 5443 ἡμῶν
2960 5368 3047 5423 καὶ
3104 5370 3287 5429 αὺτοῦ.
3345 5368 3404 5424 Oi
3475 5366 3529 5423 δὲ
3588 5374 3878 5449 Φαρισαῖοι

2210 5456 2571 5538 διεγόγγυζον,
2628 5456 2707 5512 ὅτι
2769 5479 2825 5512 τε
2888 5454 3112 5533 βασιλέα
3144 5457 3303 5513 αὐτὸν
3333 5455 3576 5533 ὠνόμαζε
3607 5460 3669 5514 τὸ
3724 5455 3882 5527 πλῆ-

1190 5634 1209 5674 ¹
1249 5631 1400 5692 Psal.
1432 5648 1515 5706 Cl,
1549 5636 1649 5696 40.
1732 5632 2170 5712 ’Psalexw,
2204 5636 2267 5697 6.
