4184 6446
272 406 425 477 1033
961 397 1407 478 ENARRATIO
1450 404 1531 475 IN
1581 407 2092 474 EVANGELIUM
2142 409 2381 472 LUC/E.
2432 443 2509 455 —
2553 410 2718 473 CAP.
2767 406 2930 472 XIX.
3505 407 3662 473 4034

261 550 370 628 θος,
433 548 520 604 καὶ
563 544 644 603 ὅτι
704 548 778 610 ὡς
821 548 949 602 Θεὸν
993 545 1152 602 αὺτὸν
1204 544 1397 619 ὕμνουν
1435 565 1452 581 ⁸
1515 545 1587 608 εἷς
1648 545 1927 626 ἆνταρσίαν

2019 548 2330 628 lacneript,
2368 545 2598 624 lapides
2619 543 2980 608 clamabunt.
3017 541 3191 618 Quasi
3228 545 3449 606 diceret
3479 564 3491 608 :
3527 548 3655 606 Non

263 621 367 714 γὰρ
425 636 601 716 φέρειν
644 637 706 691 τὸ
767 642 857 691 τοῦ
915 633 1177 712 βασιλέως
1249 634 1413 710 ὄνομα
1472 635 1924 714 ὶπιφημιζόμενον

2019 636 2134 698 Ιιωυ
2167 621 2483 715 loquuntur
2517 635 2791 695 homines
2823 644 2884 694 ut
2915 634 3056 694 milii
3090 635 3423 712 gratiticent
3471 655 3521 710 r,
3549 639 3649 698 sed

260 729 426 801 αὖτῷ,
460 727 546 782 καὶ
590 727 663 788 εἰς
709 724 1050 802 βλασφημίαν
1081 725 1170 780 τοῦ
1207 725 1410 803 Κυρίου.
1450 716 1508 782 Ὀ
1540 723 1592 780 δέ
1627 740 1640 754 ⁸
1675 723 1800 781 Ἐὰν
1832 726 1923 782 υῦ-

2019 744 2040 783 a
2072 724 2382 784 virtutibus
2414 732 2470 785 et
2504 723 2806 785 miraculis
2841 742 2972 803 quat
3003 723 3300 802 viderunt,
3349 729 3381 781 ίι
3412 726 3570 785 ducti
3604 742 3657 790 et

261 839 368 888 τοι,
420 819 575 896 φησὶ,
621 817 994 888 σιωπήσωσιν,
1029 816 1076 869 οἷ
1110 811 1240 870 λίθοι
1295 812 1658 893 κεκράξονται.
1710 814 1796 880 Μὴ
1826 815 1925 891 γὰρ

2019 813 2321 893 minpulsi.
2359 813 2509 874 lianc
2532 812 2971 874 confessionem
3006 825 3060 872 et
3089 813 3334 891 gloriam
3369 815 3646 876 oil'erunt.

260 905 750 986 καταχαριζόμενοί
781 927 870 979 μοι
903 904 1067 960 ταῦτά
1095 925 1252 983 φασιν
1283 907 1330 959 οἱ
1357 902 1643 982 ἅνθρωποι,
1680 902 1800 958 ἀλλ’
1832 905 1937 960 ἀπὸ
1966 906 2151 960 πατῶν

263 995 475 1069 ζόμεν-,ι
508 996 705 1061 ταύτην
737 994 834 1061 τὴν
864 990 1170 1070 ὃοξολογίαν
1202 992 1576 1072 προσφέρουσι,

351 1109 377 1138 α
450 1085 546 1141 Καὶ
599 1085 670 1145 ὡς
729 1082 951 1160 ἤγγισεν
1007 1079 1131 1136 ἰδὼν
1190 1082 1290 1148 τὴν
1339 1081 1517 1152 πόλιν,
1553 1080 1805 1140 ἕιλαυσεν
1838 1083 1922 1138 ἐπ’

263 1176 416 1252 αὗτῇ,
464 1172 635 1252 λέγων
679 1171 786 1251 εει,
850 1172 905 1227 Εἰ
964 1169 1132 1248 ἔγνως
1196 1173 1283 1226 καὶ
1340 1173 1426 1250 σὺ,
1484 1177 1573 1228 καί
1623 1193 1684 1250 γε
1748 1173 1801 1229 ἐν
1856 1178 1924 1248 τῇ

263 1264 434 1342 ἡμέρᾳ
491 1285 583 1318 σου
640 1262 808 1338 ταύτῃ
880 1261 946 1316 τὰ
998 1261 1130 1339 πρὸς
1209 1262 1422 1338 εἰρήνην
1501 1283 1615 1324 σου,
1691 1270 1792 1320 Νῦν
1870 1259 1923 1316 δὲ

263 1340 456 1433 ἐκρῦὅη
504 1353 608 1409 ὰπὸ
653 1349 940 1432 ὀφθαλμῶν
985 1373 1100 1411 σου.
1164 1340 1295 1406 "Ott
1342 1348 1549 1416 ἥξουσιν
1600 1351 1791 1430 ἡμέραι
1841 1351 1924 1410 ἐπὶ

263 1445 344 1518 σὲ,
407 1444 494 1499 καὶ
552 1439 924 1520 περιϐαλοῦσιν
983 1442 1030 1495 οἱ
1089 1439 1269 1520 ἐχθροί
1321 1461 1412 1494 σου
1458 1440 1672 1519 χάρακά
1700 1464 1806 1515 σοι,
1837 1446 1925 1500 καὶ

261 1530 714 1612 περικυκλώσουτί
773 1552 854 1598 σε,
915 1530 1001 1585 καὶ
1061 1528 1322 1594 συνέξουσῖ
1382 1550 1440 1584 σε
1502 1530 1780 1602 πάντοθεν,
1840 1532 1925 1586 καὶ

260 1620 527 1702 ἐδαφιοῦσί
559 1641 638 1688 σε,
687 1620 775 1676 καὶ
818 1619 883 1674 τὰ
926 1617 1084 1674 τέκνα
1135 1640 1228 1676 σου
1278 1617 1333 1673 ἒν
1365 1617 1477 1697 σοί,
1512 1619 1594 1674 ιιιαἱ
1630 1621 1722 1676 οὒκ
1779 1620 1924 1699 ἀφή-

260 1734 440 1770 σουσιν
499 1712 552 1767 ἐν
598 1713 678 1766 σοὶ
723 1707 863 1766 λίθον
909 1709 992 1764 ἐπὶ
1037 1707 1186 1782 λίθῳ,
1244 1708 1354 1764 ἀνθ’
1382 1712 1455 1763 ὧν
1501 1710 1595 1765 οὒκ
1637 1709 1803 1787 ἔγνως
1835 1712 1926 1765 τὸν

260 1803 444 1877 καιρὸν
500 1805 598 1866 τῆς
658 1802 957 1863 ἓπισκοπῆς
1015 1818 1132 1854 σου.
1201 1820 1225 1850 α
1281 1799 1461 1852 Κλαῖει
1521 1795 1605 1853 ἐπὶ
1649 1798 1718 1866 τῆ
1772 1797 1926 1854 πόλει

263 1891 336 1953 ὡς
395 1888 789 1969 φιλανθρώπος,
865 1890 922 1944 οὔ
981 1887 1080 1962 γὰρ
1141 1884 1327 1952 ἤθελεν
1385 1883 1641 1942 ἀπολέσαι
1694 1889 1812 1948 τοὺς
1871 1889 1928 1942 ἒν

261 1978 428 2055 ταύτῃ
478 1975 561 2034 διὰ
630 1977 689 2032 τὸ
747 1976 865 2031 καθ’

264 2069 330 2125 τὰ
379 2053 669 2145 σπλάγχνα
747 2073 840 2123 τοῦ
899 2062 1079 2128 ἐλέους
1151 2061 1235 2118 διὰ
1292 2069 1386 2118 τοῦ
1453 2061 1743 2139 κλαυθμοῦ.
1795 2053 1924 2122 ’Ὀτι

264 2158 364 2235 γὰρ
420 2155 568 2226 ἠλέει
613 2155 796 2219 αὖτοὺς
859 2155 947 2209 καὶ
1020 2157 1079 2210 οὔ
1132 2154 1293 2227 μόνον
1357 2153 1460 2232 πρὸ
1519 2159 1611 2208 τοῦ
1682 2162 1924 2230 σταυροῦ,

268 2245 404 2303 ἀλλᾶ
454 2246 544 2301 καὶ
614 2244 752 2319 μετᾶ
829 2245 920 2299 τὸν
991 2244 1210 2321 σταυρὸν
1272 2242 1357 2298 καὶ
1431 2241 1530 2308 τὴν
1607 2243 1926 2322 ἐπιστροφὴν

269 2339 441 2394 αὗτῶν
495 2333 671 2410 ἴεδίψα,
721 2331 883 2399 δῆλον
933 2331 990 2388 ἐκ
1048 2338 1138 2387 τοῦ
1169 2332 1302 2406 μετᾶ
1335 2339 1563 2388 τοσαῦτα
1603 2330 1728 2411 ἔτη,
1774 2354 1925 2410 τρια-

270 2423 590 2480 κονταπέντε
677 2423 774 2502 γὰρ
881 2419 1238 2500 παρέδραμον,
1344 2420 1663 2500 παραδοῦναι
1741 2420 1925 2484 αὐτους

270 2525 388 2574 τοῖς
445 2503 744 2587 Ῥωμαίοις.
793 2511 1011 2572 Πάντως
1054 2511 1154 2586 γὰρ
1203 2505 1270 2564 δι’
1315 2507 1462 2566 ο·’›δὲν
1512 2507 1643 2566 ἄλλο
1699 2510 1796 2577 τὴν
1837 2532 1924 2564 τι-

269 2602 472 2680 μωρίαν
517 2599 857 2672 ἀνεϐάλλετο,
919 2598 956 2666 ἣ
1015 2595 1099 2653 διὰ
1153 2599 1252 2666 τὴν
1307 2592 1586 2672 ἐπιθυμίαν
1645 2604 1741 2665 τῆς
1800 2601 1923 2654 επι-

268 2697 500 2772 στροφῆς
560 2690 752 2749 αὒτῶν.
833 2688 1012 2746 Κλαίει
1096 2686 1184 2744 οὖν
1253 2687 1353 2754 τὴν
1431 2687 1774 2755 ἀναισθησίαν
1827 2694 1925 2755 τῆς

271 2773 636 2861 Ἰερουσαλὴμ,
693 2779 779 2834 καί
822 2799 982 2857 φησιν
1017 2792 1030 2805 ⁸
1085 2777 1141 2833 Εἰ
1184 2776 1351 2855 ἔγνως
1395 2779 1483 2833 καὶ
1527 2779 1589 2833 σὺ
1619 2777 1706 2833 καί
1753 2799 1813 2856 γε
1873 2778 1927 2834 ἐν

384 2871 560 2948 ἡμέρᾳ
601 2879 771 2944 ταύτῃ
813 2868 879 2924 τὰ
923 2867 1052 2944 πρὸς
1099 2868 1314 2946 εἰρήνην
1372 2888 1486 2945 σου,
1547 2866 1839 2940 τουτέστιν,
1884 2870 1926 2924 εἷ

266 2960 436 3036 ἔγνως
500 2966 586 3015 νῦν
619 2959 652 3012 ἄ
696 2980 778 3012 σοι
823 2960 1096 3036 συμορέρει,
1141 2957 1229 3013 καὶ
1284 2957 1498 3032 εἰρήνην
1542 2958 1629 3012 καὶ
1689 2956 1925 3012 ἀνάπαυ-

269 3071 351 3104 σιν
413 3049 621 3126 έπάγει,
670 3046 706 3102 ἄ
733 3049 849 3102 τινά
880 3047 1007 3102 εἰσιν
1049 3047 1084 3114 ἡ
1117 3047 1288 3105 πίστις
1329 3047 1364 3112 ἡ
1395 3047 1524 3123 πρὸς
1583 3044 1678 3120 ἐμὲ
1735 3047 1822 3102 καὶ
1863 3049 1925 3104 τὸ

178 3125 186 3130 ’
273 3125 610 3217 ἀποσχέσθαι
671 3141 768 3203 τῆς
813 3133 929 3192 κατ’
988 3135 1117 3211 ἐμοῦ
1173 3131 1478 3201 ἐπιϐουλῆς.
1541 3143 1644 3193 Νῦν
1688 3134 1741 3190 δὲ
1785 3136 1922 3192 ἀπε-

1168 3223 1249 3279 ὅτι
1307 3221 1371 3279 δι’
1417 3222 1514 3300 εμὲ
1554 3226 1644 3279 τὸν
1688 3226 1789 3280 ὐπὸ
1834 3225 1926 3282 τοῦ

272 3224 438 3306 κρύὸη
498 3226 602 3282 ἂπὸ
663 3224 947 3305 ὀφθαλμῶν
993 3247 1112 3304 σου,

2161 952 2174 977 ,
2210 907 2284 958 ὧν
2316 903 2484 977 εἶδον,
2535 904 2806 978 δυνάμεων
2838 904 3163 977 πειθόμενοι,
3199 906 3282 959 καὶ
3319 927 3654 983 καταναγκα-

2093 1083 2248 1142 Victis
2307 1082 2524 1144 ιιι-44.
2579 1105 2602 1135 α
2661 1084 2727 1144 Et
2777 1090 2836 1140 ut
2896 1082 3411 1161 appropinquavit,
3454 1085 3658 1143 videns

2007 1169 2325 1248 civitatem,
2359 1170 2520 1230 ﬂevit
2567 1188 2748 1250 super
2795 1170 2976 1233 illam.
3024 1171 3269 1257 dicens:
3319 1171 3379 1235 Si
3434 1193 3657 1251 cogno-

2011 1257 2213 1329 visses,
2247 1271 2300 1316 et
2339 1267 2418 1327 tu,
2455 1267 2512 1318 et
2556 1259 2793 1337 quidem
2849 1259 2904 1318 in
2965 1260 3073 1319 isto
3121 1260 3218 1320 die.
3269 1272 3387 1335 tuo,
3424 1281 3554 1342 qua:
3583 1264 3657 1323 ad

2010 1368 2215 1423 pacem
2251 1356 2431 1409 luam.
2473 1350 2639 1409 Nunc
2670 1356 2865 1408 autem
2899 1348 3241 1409 abScondita
3265 1360 3400 1411 sunt
3429 1352 3656 1413 abocu-

2010 1435 2077 1495 lis
2115 1446 2150 1494 ll
2179 1438 2248 1497 is.
2289 1437 2424 1516 quia
2463 1437 2698 1497 venirnt
2728 1436 2857 1497 dies
2890 1437 2947 1496 in
2992 1445 3069 1511 te,
3107 1439 3164 1500 et
3195 1439 3658 1504 circumdabwnl

2013 1533 2069 1587 te
2094 1524 2320 1586 inimiCI
2356 1526 2438 1586 tui
2471 1527 2642 1608 vallo,
2670 1535 2726 1586 et
2758 1526 2995 1604 cingent
3030 1539 3160 1588 teet
3190 1531 3658 1608 coangustabunt

2011 1624 2065 1674 te
2105 1615 2389 1694 undique,
2424 1625 2484 1676 et
2513 1615 2640 1677 solo
2677 1615 2994 1694 aequabunt
3018 1626 3092 1685 ιιι,
3130 1627 3185 1677 et
3211 1618 3362 1678 ﬁlios
3396 1625 3525 1681 tuos
3559 1623 3657 1702 qui

2010 1703 2066 1762 in
2105 1711 2159 1763 te
2189 1716 2346 1777 sunt,
2384 1709 2591 1765 etnon
2629 1705 2971 1784 relinquent
2997 1705 3054 1764 in
3092 1715 3144 1766 te
3192 1708 3446 1788 lapidem
3479 1729 3662 1790 super

2013 1791 2292 1872 lapidem,
2328 1811 2399 1853 eo
2433 1796 2586 1874 quod
2623 1813 2736 1854 non
2791 1799 3138 1872 cognoveris
3193 1807 3422 1877 tempus
3452 1801 3656 1860 visita-

2014 1880 2192 1941 tionis
2227 1892 2357 1943 tuas.
2403 1909 2421 1937 ι
2461 1885 2658 1945 Plorat
2688 1900 2868 1962 super
2896 1883 3126 1944 civitate
3180 1893 3241 1946 ut
3297 1888 3655 1962 miseriCors,

952 1975 1109 2030 αὖτοῦ
1169 1973 1449 2049 τόλμημα.
1515 1975 1780 2030 Δείκνυσιν
1839 1975 1926 2030 οὖν

2019 1970 2226 2030 nolens
2260 1972 2438 2051 perdi
2489 1973 2705 2053 eosqui
2743 1971 2800 2032 iu
2835 1973 2957 2048 illa,
2993 1984 3238 2051 propter
3269 1976 3494 2038 facnnus
3521 2000 3660 2040 cun-

2017 2068 2103 2121 tra
2131 2078 2196 2121 se
2253 2060 2526 2122 Ostendit
2559 2063 2760 2142 itaque
2812 2062 3036 2123 viscera
3082 2064 3510 2128 misericordiae
3557 2089 3660 2148 per

2012 2149 2239 2209 fletum.
2277 2147 2443 2221 Quod
2476 2150 2634 2210 enim
2673 2151 3067 2212 miserebatur
3095 2153 3201 2232 eis,
3238 2164 3294 2215 et
3327 2175 3438 2216 non
3467 2147 3656 2218 solum

2010 2247 2145 2297 ante
2177 2255 2440 2311 crucem,
2477 2239 2582 2299 sed
2612 2247 2669 2300 et
2691 2250 2823 2319 post
2849 2258 3084 2302 crucem
3119 2248 3290 2303 etiam
3324 2249 3660 2307 conversio-

2012 2339 2144 2385 nem
2181 2343 2384 2386 eorum
2421 2329 2677 2392 sitiebat,
2737 2330 3110 2391 manifestum
3154 2341 3241 2392 est
3292 2354 3360 2394 ex
3397 2353 3468 2395 eo
3500 2337 3655 2416 quod

2013 2426 2140 2494 post
2169 2415 2402 2494 triginta
2435 2418 2700 2497 quinque
2733 2436 2918 2478 annos
2950 2420 3232 2482 Romanis
3267 2423 3462 2484 traditi
3494 2415 3655 2487 sunt.

2010 2505 2156 2565 Nam
2193 2515 2434 2584 propter
2465 2507 2610 2566 ndiil
2642 2508 2799 2567 aliud
2834 2509 3061 2569 distulit
3093 2512 3659 2592 supplicium,quam

2010 2595 2164 2672 quod
2192 2595 2466 2683 cupiebat
2495 2614 2597 2655 eos
2628 2599 2919 2657 converti.
2954 2597 3082 2659 Flet
3133 2599 3306 2678 igitur
3349 2605 3661 2683 stupidita-

2013 2691 2128 2742 tem
2165 2683 2346 2762 ipsius
2390 2681 2749 2757 Jerusalem,
2798 2696 2855 2748 et
2893 2687 2971 2748 ait
3009 2710 3022 2749 :
3075 2687 3136 2752 Si
3188 2681 3565 2769 Cognovisses
3608 2705 3664 2756 et

2013 2781 2092 2860 tu,
2129 2783 2186 2833 et
2220 2772 2459 2852 quidem
2493 2773 2552 2834 in
2585 2776 2696 2836 isto
2718 2776 2816 2838 die
2839 2787 2960 2854 tuo,
2991 2780 3211 2858 qumad
3249 2799 3452 2860 pacem
3481 2791 3662 2847 tuam.

2009 2859 2132 2920 Hoc
2165 2870 2275 2933 est,
2308 2861 2357 2922 si
2390 2865 2773 2940 cegnovisses
2806 2886 2938 2946 quae
2979 2871 3136 2930 nunc
3172 2859 3275 2930 tibi
3324 2872 3659 2952 conferunt,

2008 2967 2075 3009 ac
2108 2968 2310 3028 pacem
2346 2959 2404 3010 et
2435 2951 2689 3031 quietem
2738 2956 3012 3026 afferunt,
3049 2977 3265 3038 nempe
3315 2960 3492 3021 ﬁdem
3528 2951 3667 3040 erga

2011 3057 2126 3113 me,
2162 3043 2220 3098 et
2249 3042 2638 3102 cessationem
2671 3063 2702 3103 a
2736 3048 3155 3125 persequendo
3188 3066 3282 3108 me
3357 3048 3524 3110 Nunc
3550 3069 3660 3111 au-

2011 3137 2125 3188 tem
2180 3138 2317 3189 sunt
2367 3130 2717 3192 abscondita
2767 3133 2838 3194 ab
2893 3136 3083 3196 oculis
3133 3137 3272 3196 450
3323 3139 3460 3214 tuis,
3504 3142 3659 3220 quod

2013 3227 2252 3297 propter
2283 3237 2398 3304 me,
2453 3239 2626 3298 quem
2685 3233 2742 3282 tu
2784 3223 3092 3304 reprobas,
3151 3231 3462 3288 innumera
3513 3231 3664 3291 mala

275 3281 438 3306 "FH"
704 3281 717 3305 ι
833 3281 842 3300 ι
1097 3281 1112 3304 ι
1448 3281 1458 3300 ι
1879 3281 1882 3282 ν

274 3320 641 3398 ἁθετούμενον,
701 3316 1101 3394 καταλήψονταί
1187 3337 1245 3372 σε
1319 3317 1460 3373 κακὰ
1517 3316 1782 3396 ἀφόρητα,
1839 3319 1926 3373 καὶ

2019 3281 2068 3366 le
2095 3281 2568 3407 apprehenderat,
2608 3281 3127 3392 patierisqueﬁlﬁtaec
3259 3317 3380 3389 illa,
3407 3337 3474 3378 eo
3505 3320 3662 3399 quod

269 3408 390 3466 τάδε
449 3413 534 3465 καὶ
583 3405 705 3469 τάδε
760 3409 940 3485 πείσῃ,
1004 3405 1114 3463 ἀνθ’
1172 3410 1246 3462 ὧν
1277 3411 1370 3464 οὒκ
1401 3406 1566 3485 ἔγνως
1612 3409 1702 3464 τόν
1747 3409 1929 3487 καιρὸν

2019 3413 2132 3454 non
2161 3401 2506 3474 cognoveris
2548 3403 2787 3479 tempus
2835 3401 3188 3464 visitationis
3223 3414 3354 3480 tute,
3400 3408 3514 3468 hoc
3547 3419 3661 3480 est,

273 3504 371 3566 τῆς
432 3499 731 3564 ἐπισκοπῆς
776 3519 894 3576 σου,
947 3494 1209 3571 τουτέστι,
1262 3501 1364 3563 τῆς
1416 3496 1552 3572 ἐμῆς
1615 3499 1924 3575 παρουσίας,

2019 3485 2129 3545 mei
2157 3489 2468 3560 adventus,
2530 3492 2767 3569 quando
2820 3492 2948 3552 veni
3011 3501 3074 3552 ut
3124 3494 3438 3557 inviserem
3495 3507 3573 3577 te,
3607 3506 3666 3558 et

274 3587 364 3645 ὅτε
422 3589 582 3656 ἦλθον
641 3587 1024 3660 ἐπισκέψασθαί
1099 3606 1156 3641 σε
1215 3587 1303 3642 καὶ
1367 3591 1567 3649 σῶσαι,
1631 3586 1787 3644 ’Ἔδει
1840 3590 1929 3644 οὖν

2019 3573 2320 3636 salvarem.
2362 3577 2690 3656 Oportebat
2719 3580 2897 3658 igitur
2927 3583 3081 3642 scire
3111 3592 3167 3644 te
3194 3603 3325 3663 qua:
3353 3586 3422 3646 ad
3458 3573 3662 3665 pacem

270 3679 468 3756 γνῶναί
521 3698 577 3732 σε
630 3677 694 3731 τὰ
751 3678 878 3752 πρὸς
938 3676 1151 3753 εἰρήνην
1226 3695 1342 3750 σου,
1391 3677 1479 3731 καὶ
1537 3687 1811 3736 πιστεῦσαι
1857 3679 1928 3740 εἷς

2023 3670 2201 3744 ιυειηι,
2234 3675 2294 3725 ut
2326 3665 2384 3724 in
2421 3685 2515 3726 me
2546 3667 2847 3744 crederes,
2881 3679 2939 3730 et
2971 3671 3284 3733 habuisses
3327 3675 3523 3756 utique
3556 3696 3658 3756 pa-

272 3755 391 3842 έμὲ,
451 3767 539 3822 καὶ
597 3765 756 3846 εἶχες
822 3763 883 3821 ἂν
938 3765 1154 3843 εἰρήνην
1211 3763 1318 3820 ἀπὸ
1365 3769 1472 3820 τῶν
1514 3755 1814 3841 Ῥωμαίων,
1845 3768 1934 3823 καὶ

274 3856 458 3922 πάσης
518 3853 804 3919 κακώσεως
865 3851 1208 3931 ἀπαλλαγήν.
1278 3853 1375 3910 Καὶ
1447 3855 1546 3933 γὰρ
1597 3858 1642 3911 οἱ
1713 3856 1932 3912 πιστεύ-

272 3965 463 4007 σαντες
521 3949 596 4018 τῷ
668 3949 878 4021 Χριστῳ
934 3943 1151 4016 πάντες,
1204 3947 1304 4010 τῆς
1357 3941 1610 4008 ἁλώσεως
1663 3945 1932 4023 ὑπέρτεροι

272 4033 579 4114 γεγόνασιν,
657 4031 794 4088 ὥστε
865 4033 909 4088 εἶ
965 4030 1160 4096 πάντες
1229 4031 1559 4107 ἐπίστευσαν,
1633 4032 1797 4098 οὐδεὶς
1871 4032 1934 4089 ἂν

274 4121 440 4185 ἑάλω,

362 4235 389 4266 ι
450 4211 547 4268 Καὶ
605 4208 851 4267 εἰσελθὼν
907 4211 980 4274 εἷς
1057 4211 1117 4266 τὸ
1178 4212 1338 4289 ἱερὸν,
1395 4209 1590 4290 ἤρξατο
1655 4209 1932 4268 ἒκὸάλλειν

273 4302 396 4367 τοὺς
452 4298 763 4364 πωλοῦντας
823 4299 879 4355 ὲν
950 4302 1106 4380 ,αὐτῷ
1162 4301 1252 4356 καὶ
1327 4299 1702 4380 ἀγοράζοντας,
1763 4299 1933 4380 λέγων

274 4390 460 4454 αὐτοῖς
493 4408 509 4424 ·
567 4387 889 4468 Γέγραπται,
943 4379 1001 4448 Ὀ
1057 4389 1212 4451 οἶκός
1273 4410 1376 4465 μου
1417 4393 1568 4452 οἶκος
1627 4392 1934 4471 προσευχῆς

275 4481 422 4537 ἐστιν
455 4494 469 4509 '
529 4479 686 4554 ὑμεῖς
730 4475 786 4534 δὲ
843 4477 999 4535 αὖνὸν
1042 4478 1331 4548 ἐποιήσατε
1379 4476 1643 4548 σπήλαιον
1696 4477 1935 4556 λῃστῶν,

277 4570 378 4627 Καὶ
436 4572 503 4636 ἧν
545 4565 805 4623 διδάσκων
847 4569 907 4624 τό
963 4566 1080 4624 καθ’
1123 4565 1331 4646 ἡμέραν
1390 4567 1444 4624 ἐν
1490 4572 1568 4641 τῷ
1594 4570 1736 4646 ἱερῷ,
1778 4573 1838 4627 Οἱ
1881 4569 1936 4627 δὲ

2014 3771 2143 3814 cem
2172 3771 2206 3813 a
2235 3753 2537 3828 Romanis,
2562 3767 2619 3816 et
2649 3758 2844 3818 omnis
2869 3760 3189 3822 vexationis
3224 3753 3663 3826 liberationem.

2019 3842 2250 3903 Etenim
2281 3863 2489 3905 onmes
2521 3847 2619 3925 qui
2648 3848 3030 3910 crediderunt
3062 3850 3320 3931 Christo,
3355 3872 3388 3915 a
3417 3856 3666 3936 captivi-

2017 3939 2136 3992 tate
2166 3932 2407 3993 fuerunt
2434 3936 2628 3995 secuti
2666 3958 2677 3996 :
2713 3946 2771 3997 et
2799 3937 2873 3997 ita
2907 3939 2956 3998 si
2991 3959 3199 4002 omnes
3245 3932 3664 4026 credidissent,

2020 4022 2220 4083 nullus
2253 4021 2462 4084 luisset
2492 4035 2700 4106 captus

2099 4199 2265 4264 VERS
2322 4203 2538 4265 45-48.
2575 4230 2599 4258 (ι
2625 4203 3020 4284 Etingressus
3052 4211 3110 4269 in
3147 4212 3456 4290 templum,
3491 4215 3673 4293 coepit

2019 4290 2241 4369 ejicere
2271 4293 2596 4354 vendentes
2628 4296 2686 4354 in
2708 4294 2809 4355 illo
2849 4303 2910 4359 et
2937 4309 3229 4372 ementes,
3265 4301 3470 4360 dicens
3500 4290 3618 4362 illis
3654 4325 3667 4365 :

2020 4377 2320 4460 Scriptum
2351 4388 2461 4455 est,
2501 4383 2722 4444 Domus
2755 4403 2887 4446 mea
2910 4387 3126 4448 domus
3155 4391 3519 4467 precationis
3542 4407 3670 4466 est;

2019 4487 2120 4528 vos
2141 4480 2337 4533 autem
2390 4472 2612 4532 tecistis
2650 4473 2807 4534 illam
2855 4475 3196 4554 speluncam
3247 4479 3566 4538 latronum.
3603 4482 3676 4541 Et

2018 4558 2270 4619 docebat
2290 4560 2556 4639 quotidie
2579 4561 2638 4622 in
2664 4564 2906 4642 templo.
2940 4564 3244 4646 Principes
3261 4577 3453 4627 autem
3467 4587 3672 4629 sacer-

277 4658 554 4740 ἀρχιερεῖς
612 4658 699 4713 καὶ
756 4659 804 4713 οἱ
850 4663 1193 4734 Γραμματετς
1266 4656 1483 4728 ἐζήτουν
1534 4658 1690 4716 αὑτὸν
1731 4657 1932 4715 ἀπολέ-

2023 4647 2225 4708 dolum
2260 4661 2316 4740 et
2341 4649 2558 4740 Scriba:
2594 4654 2939 4730 quaerebant
2963 4654 3127 4714 illum
3158 4658 3428 4734 perdere,
3464 4666 3522 4718 et
3545 4659 3672 4736 pri-

277 4770 395 4824 σαι,
440 4748 531 4804 καὶ
580 4747 622 4802 οἱ
688 4751 888 4826 πρῶτοι
945 4754 1038 4803 τοῦ
1092 4744 1245 4804 λαοῦ.
1296 4747 1393 4803 Καὶ
1439 4747 1544 4825 οὐχ
1589 4744 1827 4826 εὕρισκον
1880 4749 1942 4805 τὸ

275 4839 331 4894 τί
387 4837 703 4907 ποιήσουσιν
737 4853 754 4873 ⁸
802 4838 830 4893 ὁ
893 4834 1021 4900 λαός
1081 4836 1180 4914 γὰρ
1232 4833 1371 4900 ἅπας
1431 4833 1745 4914 ἐξεκρέματο
1787 4840 1945 4896 αὖτοῦ

277 4928 510 4990 ἀκούων,
575 4926 685 4983 Καὶ
732 4925 944 5005 ἐγένετο
1000 4926 1055 4981 ἐν
1129 4931 1228 5000 μιᾷ
1283 4928 1390 4982 τῶν
1447 4927 1663 5004 ἡμερῶν
1732 4926 1943 4984 ἐκείνων

277 5015 613 5080 διδάσκοντος
661 5017 817 5072 αὐτου
860 5015 952 5071 τὸν
998 5012 1129 5070 λαὸν
1172 5013 1226 5070 ἐν
1275 5018 1353 5089 τῷ
1379 5015 1525 5093 ἱερῷ,
1572 5016 1661 5070 καὶ
1718 5017 1948 5096 εὐαγγε-

278 5106 585 5182 λιζομένου,
673 5103 973 5172 ἐπέστησαν
1031 5105 1079 5159 οἱ
1152 5106 1315 5182 ἱερεῖς
1372 5106 1460 5160 καὶ
1503 5106 1550 5159 οἱ
1601 5109 1942 5183 Γραμματεϊς

278 5196 373 5254 σὺν
429 5209 548 5260 τοῖς
608 5192 1006 5276 πρεσϐυτέροις,
1051 5195 1141 5251 καὶ
1189 5197 1344 5251 εἷπον
1402 5194 1531 5272 πρὸς
1564 5195 1719 5250 αὐτὸν
1751 5194 1944 5274 λέγον-

277 5307 368 5350 τες
399 5303 414 5320 ·
453 5285 578 5342 Εἰπὲ
616 5287 778 5363 ἡμῖν,
809 5286 865 5340 ἓν
911 5283 1036 5355 ποίᾳ
1090 5282 1294 5356 ἐξουσίᾳ
1335 5289 1501 5340 ταῦτα
1529 5297 1706 5346 ποιεῖς
1742 5301 1758 5360 ;
1789 5284 1825 5352 ἢ
1867 5283 1944 5347 τίς

280 5372 425 5428 ἔστιν
481 5374 509 5427 ὁ
560 5370 678 5436 δούς
725 5393 808 5428 σοι
858 5372 956 5440 τὴν
999 5370 1234 5437 ἐξουσίαν
1295 5371 1545 5444 ταύτηνς
1613 5369 1944 5450 Ἀποκριθεὶς

279 5461 337 5519 δὲ
377 5463 504 5519 εἷπε
547 5463 678 5541 πρὸς
709 5462 894 5527 αὐτούς
923 5480 932 5492 ·
969 5460 1264 5541 Ἐρωτήσω
1291 5461 1443 5538 κάγὼ
1472 5461 1608 5536 ὑμᾶς
1637 5459 1728 5517 ἕνα
1758 5460 1944 5540 λόγον,

280 5553 370 5608 καὶ
413 5549 604 5608 εἴπατέ
648 5573 738 5626 μοι
771 5571 787 5589 ⁸
837 5552 910 5609 Τὸ
954 5549 1239 5626 Βάπτισμα
1307 5546 1555 5609 Ἰωάνυοου
1615 5549 1666 5614 ἐξ
1724 5551 1945 5629 οὐρανοῦ

279 5640 371 5716 ἦν,
417 5639 454 5703 ἢ
485 5639 538 5707 ἐξ
568 5641 868 5722 ’ἀνθρώπων
904 5659 923 5715 ;
958 5641 1018 5698 Ol
1067 5638 1123 5696 δὲ
1167 5636 1571 5717 συνελογίσαντο
1615 5638 1670 5695 ὲν
1729 5641 1942 5703 ἑαυτοῖς

280 5730 554 5811 λέγοντες,
587 5729 667 5787 ὅτι
713 5729 840 5790 Ἐὰν
898 5729 1165 5812 εἴπωμεν,
1202 5728 1254 5794 ἐξ
1287 5727 1528 5807 οὐρανοῦ,
1569 5728 1704 5810 ἐρεῖ,
1740 5730 1838 5786 Διὰ
1895 5731 1946 5786 τί

651 5851 917 5917 Ριτιιοι..
961 5851 1079 5916 Gn.
1125 5847 1399 5914 CXXIII.

2027 4755 2225 4799 mores
2253 4737 2477 4818 plebis:
2507 4759 2614 4802 nec
2639 4742 3173 4822 inveniebantquid
3198 4744 3675 4809 facerent.Totus

2028 4829 2182 4890 enim
2217 4829 2469 4909 populus
2502 4831 2799 4909 pendebat
2840 4833 2912 4894 ab
2947 4852 3050 4894 ore
3085 4835 3213 4913 ejus
3266 4855 3399 4895 cum
3448 4837 3679 4898 audiret

2027 4917 2194 4979 illum
2228 4917 2300 4979 Et
2315 4919 2529 4980 factum
2557 4930 2645 4981 est
2673 4920 2730 4981 in
2758 4942 2874 4983 uno
2897 4923 3128 4983 dierum
3156 4925 3678 5000 illoruni,docente

2029 5008 2131 5069 illo
2164 5010 2444 5089 populum
2477 5008 2537 5070 in
2573 5012 2818 5092 templo,
2859 5021 2918 5074 et
2963 5014 3424 5095 evangelizante,
3453 5034 3677 5078 conve-

2029 5105 2246 5158 nerunt
2269 5097 2570 5178 principes
2594 5101 2966 5162 sacerdotum
2987 5112 3043 5162 et
3067 5101 3290 5164 Scribze
3316 5122 3449 5166 cum
3474 5105 3679 5166 senio-

2029 5187 2218 5268 ribus,
2251 5201 2306 5248 et
2328 5188 2492 5248 aiunt
2513 5189 2622 5265 illi,
2648 5189 2917 5251 dicentes
2943 5213 2956 5252 :
2987 5191 3093 5255 Dic
3123 5194 3314 5269 nobis,
3341 5209 3456 5274 qua
3477 5203 3681 5257 aucto-

2028 5283 2197 5338 ritate
2227 5277 2338 5338 ista
2367 5277 2552 5339 t'acis‘.’
2583 5287 2682 5340 aut
2711 5287 2844 5359 quis
2887 5290 2975 5342 est
3019 5282 3118 5361 qui
3151 5283 3314 5344 dedit
3367 5283 3468 5344 tibi
3508 5284 3680 5344 istam

2029 5366 2482 5428 auctoritatem?
2525 5365 2914 5448 Respondeas
2958 5380 3153 5432 autem
3197 5373 3366 5433 lesus
3414 5372 3560 5434 dixit
3609 5373 3683 5434 ad

2030 5456 2188 5518 illos:
2225 5454 2608 5536 lnterrogabo
2641 5477 2745 5520 vos
2768 5469 2827 5520 et
2859 5478 2964 5540 ego
3001 5480 3180 5522 unum
3217 5461 3498 5541 quiddam
3554 5481 3684 5524 res-

2031 5545 2290 5628 pondete
2315 5547 2463 5608 mihi
2489 5569 2502 5605 :
2537 5548 2877 5629 Baptismus
2908 5551 3155 5612 Joannis
3188 5570 3220 5612 e
3250 5552 3404 5616 coelo
3432 5552 3580 5628 erat,
3611 5555 3686 5616 an

2029 5657 2096 5698 ex
2121 5636 2510 5697 hominibus?
2537 5642 2610 5700 At
2633 5637 2721 5698 illi
2743 5639 3079 5722 cogitabant
3101 5640 3258 5703 intra
3278 5659 3343 5702 se
3366 5643 3638 5704 dicentes
3669 5665 3682 5705 :

2029 5725 2092 5790 Si
2124 5726 2448 5788 dixerimus
2480 5745 2512 5787 e
2543 5728 2718 5808 Ocelo,
2751 5725 2912 5792 dicet
2951 5748 2964 5792 :
3000 5725 3192 5802 Q'uare
3221 5748 3364 5810 ergo
3397 5734 3514 5793 non
3547 5750 3686 5793 cre-

3251 5852 3351 5917 33.
