4184 6432
589 332 746 408 1035

1562 340 2159 411 THEOPHYLACTI
2203 340 2609 409 BULGARl/E
2654 344 3012 412 ARCHIEP.

3794 357 3951 443 1036

592 491 828 553 didistis
866 490 1002 554 illi?
1051 490 1113 555 Si
1159 491 1509 566 dixerimus,
1564 512 1630 554 ex
1672 491 2037 564 hominibus,
2074 492 2221 572 pleb:

2325 485 2420 541 οὐκ
2475 484 2813 542 ἐπιστεύσατε
2871 487 3064 568 αὒτῷς
3110 488 3203 544 ἐὰν
3257 485 3311 544 δὲ
3371 486 3637 566 εἴπωμεν,
3680 491 3730 558 ἐξ
3752 492 3949 574 κάνθρώ-

592 580 864 643 universa
908 579 1195 661 lapidabit
1242 598 1399 644 nos:
1452 599 1799 661 persuasum
1852 582 2013 642 enim
2068 580 2242 642 habet

585 670 875 733 Joannem
937 669 1288 750 prophetam
1348 688 1500 732 esse.
1561 673 1633 732 Et
1684 670 2127 750 responderunt
2177 689 2241 732 se

588 759 822 821 nescire
852 759 1010 819 unde
1043 767 1199 820 esset
1254 757 1325 819 Et
1365 758 1538 821 .lesus
1570 760 1651 820 ait
1693 759 1809 820 illis
1845 777 1857 821 :
1899 757 2102 841 Neque
2133 779 2241 839 ego

586 849 720 910 dico
752 847 919 910 vobis
967 866 1082 927 qua
1132 849 1480 909 auctoritate
1530 850 1659 910 hac
1715 848 1948 911 faciam.
2003 874 2030 904 »
2066 848 2239 912 Jesus

584 937 848 1017 gloriose
900 933 1228 998 Jerusalem
1290 936 1615 1015 ingressus,
1679 955 1801 999 sua;
1876 939 2238 1000 auctoritatis

584 1027 874 1090 indicium
908 1026 1071 1107 facit,
1106 1026 1488 1106 repurgando
1535 1027 1775 1089 domum
1830 1028 2017 1089 Patris
2065 1028 2157 1089 sui
2204 1047 2238 1090 a

587 1116 1056 1197 negotiatoribus
1093 1137 1105 1178 :
1141 1114 1413 1197 quamvis
1438 1125 1494 1177 et
1522 1116 1579 1176 in
1617 1116 1908 1197 principio
1944 1117 2234 1197 praedica-

585 1206 765 1268 tionis
800 1206 915 1268 hoc
946 1205 1173 1277 fecerit,
1206 1206 1361 1267 sicut
1386 1205 1646 1268 Joannes
1679 1204 1824 1268 dicit
1858 1224 1872 1268 :
1916 1215 1974 1267 et
2018 1207 2232 1269 iterum

583 1315 743 1358 nunc
774 1295 1037 1357 secundo
1070 1294 1206 1356 facit
1233 1316 1245 1353 :
1282 1294 1339 1354 id
1372 1294 1530 1374 quod
1572 1295 1641 1356 ad
1677 1295 1962 1372 majorem
1991 1295 2232 1358 Judan-

581 1405 715 1447 rum
729 1385 1168 1448 accusationem
1186 1384 1625 1466 pertinet,quod
1651 1384 1841 1465 primo
1853 1405 1962 1447 suo
1980 1387 2231 1450 adventu

584 1494 701 1536 non
733 1475 952 1536 fuerint
995 1474 1131 1536 facti
1162 1474 1622 1555 emendatiores,
1671 1483 1726 1536 et
1760 1478 2086 1543 manserint
2115 1477 2227 1557 ipsi

582 1564 1005 1643 negotiatores,
1039 1564 1205 1625 illum
1229 1562 1334 1625 Dei
1359 1563 1756 1625 adversarium
1780 1564 2071 1647 dicentes,
2097 1585 2233 1629 cum

583 1656 814 1716 Patrem
849 1661 907 1716 et
938 1655 1122 1717 Deum
1150 1652 1404 1719 maxime
1437 1653 1684 1728 coleret,
1719 1653 1798 1714 ita
1830 1662 1966 1716 utet
1989 1655 2229 1718 domum

2327 595 2463 647 πων,
2534 580 2637 639 πᾶς
2696 577 2724 631 ὁ
2779 574 2909 639 λαὸς
2983 576 3323 634 καταλιθάσει
3393 579 3562 655 ἡμᾶς,
3622 583 3947 659 πεπεισμενός

2324 663 2423 741 γὰρ
2481 662 2591 720 ἐστι
2654 666 2739 720 τὸν
2803 662 3052 734 Ἰωάννη)
3108 668 3389 746 προφήτην
3434 669 3600 731 εἶναι.
3637 673 3730 728 Καὶ
3757 672 3947 751 ἀπεκρί-

2322 753 2489 817 θησαν
2550 754 2626 829 μη
2671 753 2857 811 εἰδέναι
2901 756 3083 819 πόθεν,
3140 759 3236 815 Καὶ
3267 759 3294 813 ὁ
3328 755 3537 824 Ἰησοῦς
3569 760 3719 816 εἶπεν
3748 762 3909 828 αὗτοῖς
3935 785 3946 796 ·

2324 840 2449 898 Ονεκ).
2590 845 2603 863 ε
2711 844 2720 858 .
2852 847 2865 867 ε
3305 846 3348 869 ,ν
3458 852 3468 868 ,
3613 856 3631 865 -
3818 857 3863 877 ν-

2366 856 2452 900 υοε.
2514 842 2622 922 ἐγω
2663 843 2807 923 λεγω
2847 859 2976 920 υμῖν
3019 847 3073 903 ἐν
3116 848 3242 920 ποίᾳ
3301 868 3503 920 εςουσιᾳ
3544 870 3704 906 ταυτα
3744 872 3889 908 ποιω.
3922 876 3944 906 ι)

2322 928 2412 988 Ἐν
2471 931 2594 1011 δόξῃ
2648 935 2893 992 εἰσελθὼν
2949 940 2977 992 ὁ
3040 938 3227 1016 Κύριος
3284 939 3384 1004 τὴν
3461 929 3948 1019 ’[ερουσαλημ,τοϊς

2322 1022 2514 1087 οἰκείας
2572 1023 2839 1088 αὒθεντίας
2897 1039 3133 1083 ποιεῖται
3183 1024 3400 1106 δεῒγμα,
3457 1028 3518 1083 τὸ
3570 1029 3656 1083 τὸν
3700 1029 3845 1085 οἶκον
3869 1032 3948 1086 τοῦ

2325 1112 2525 1190 [ἰατρὸς
2588 1116 2744 1171 αὐτοῦ
2800 1113 3133 1192 ἐκκαθαίρειν
3192 1119 3298 1172 τῶν
3355 1114 3782 1185 καπηλευόντων,
3838 1120 3945 1174 καί-

2319 1221 2399 1256 τοι
2447 1202 2535 1257 καὶ
2591 1203 2647 1258 ἐν
2696 1202 2844 1282 ἀρχῇ
2893 1204 2986 1259 τοῦ
3055 1205 3398 1284 κηρύγματος
3452 1212 3606 1262 τοῦτο
3653 1209 3940 1281 πεποίηκεν,

2318 1311 2391 1352 ως
2455 1289 2707 1356 Ἰωάννης
2751 1294 2903 1371 φησὶ,
2949 1294 3037 1349 καὶ
3078 1293 3239 1350 πάλιν
3289 1302 3377 1351 νῦν
3421 1302 3576 1351 τοῦτο
3619 1296 3679 1352 ἐκ
3732 1293 3942 1373 δευτέρου

2316 1393 2485 1453 ποιεῖ,
2536 1381 2565 1436 ὃ
2621 1383 2709 1438 καὶ
2758 1384 2888 1461 πρὸς
2934 1385 3098 1458 μείζω
3173 1388 3493 1465 κατηγορίαν
3548 1392 3653 1443 τῶν
3706 1383 3941 1443 Ἰουδαίων

2320 1467 2481 1543 ἐστὶν,
2543 1467 2623 1525 ὅτι
2669 1468 2782 1527 οῦδέ
2837 1471 2943 1528 ἀπὸ
2986 1474 3085 1540 τῆς
3151 1475 3407 1553 προτέραις
3467 1478 3623 1532 αὐτοῦ
3680 1473 3940 1553 παρρησίας

2315 1558 2801 1639 ἐσωφρονίσθησαν,
2848 1560 2970 1617 ἀλλ’
3019 1562 3274 1639 ἐπέμενον
3320 1571 3389 1642 τῇ
3419 1563 3704 1637 καπηλεία.
3737 1565 3819 1621 καὶ
3855 1563 3940 1620 ἆν-

2315 1647 2484 1704 τίθεον
2546 1651 2701 1707 αὐτὸν
2745 1649 2928 1730 ἔλεγον
2971 1651 3062 1708 τὸν
3106 1652 3271 1717 οὕτως
3315 1661 3552 1730 τιμῶντα
3616 1655 3705 1711 τὸν
3759 1652 3940 1730 Πατέρα

582 1743 739 1805 illius
759 1762 792 1804 a
814 1741 1279 1823 negotiatoribus
1296 1750 1667 1822 repurgatam
1695 1743 1973 1807 voluerit.
2001 1744 2221 1807 Idcirco

2316 1739 2401 1793 καὶ
2458 1740 2611 1818 Θεὸν,
2672 1741 2746 1805 ὡς
2804 1744 2890 1798 καὶ
2948 1744 3038 1798 τὸν
3089 1747 3240 1799 οἷκον
3298 1743 3456 1801 αὐτοῦ
3510 1744 3825 1820 ἐκκαθαίρειν
3848 1742 3940 1798 τῶν

580 1842 638 1895 et
668 1833 879 1896 Isaiam
911 1831 1165 1912 inducit,
1198 1832 1298 1912 qui
1328 1849 1430 1892 eos
1467 1842 1693 1911 arguat,
1720 1833 2017 1895 dicentem
2054 1854 2068 1897 :
2103 1834 2221 1896 Do-

2311 1826 2748 1893 καπηλεοόντων.
2809 1833 2902 1887 Διὸ
2945 1834 3034 1888 καὶ
3089 1835 3179 1889 τὸν
3227 1823 3446 1889 Ἠσαίαν
3488 1837 3673 1895 αὐτοῖς
3730 1830 3936 1912 ἐπιφέρει

579 1941 709 1985 mus
740 1940 872 1983 mea
919 1921 1131 1983 domus
1179 1921 1539 2002 preCationis
1585 1921 1958 1986 vocabitur-3.
2012 1926 2089 1987 At
2139 1925 2226 1986 illi

577 2012 759 2076 stulte
788 2012 1157 2089 interrogant
1187 2029 1325 2073 eum
1336 2057 1353 2089 ,
1379 2009 1504 2084 Qua
1524 2012 1873 2074 auctoritate
1905 2013 2029 2076 haec
2051 2014 2226 2075 facts?

576 2102 843 2183 quamvis
867 2100 1009 2163 satis
1038 2100 1359 2181 intilligere
1401 2107 1692 2180 poterant.
1744 2100 2029 2174 Quoniam
2062 2103 2221 2165 enim

578 2191 991 2273 prOpheticum
1007 2190 1226 2253 dictum
1251 2188 1702 2271 subdidit,quod
1722 2198 1966 2254 testatur
1980 2193 2221 2255 domum

575 2280 682 2342 Dei
729 2280 969 2343 domum
1019 2280 1374 2360 precationis
1420 2297 1576 2360 esse,
1628 2299 1743 2341 non
1800 2282 2131 2362 emporium
2166 2294 2224 2346 et

572 2371 918 2452 speluncam
948 2369 1268 2450 latronum,
1306 2368 1622 2447 negotiatio
1664 2370 1823 2431 enim
1876 2380 1936 2431 et
1980 2372 2222 2435 avaritia

573 2459 868 2522 latronum
901 2467 1010 2531 est,
1042 2457 1181 2539 quid
1229 2466 1434 2539 poStea
1480 2477 1628 2537 opus
1666 2476 1883 2537 rogare
1931 2479 2066 2521 eum
2103 2479 2218 2542 qua

573 2551 924 2611 auctoritate
972 2549 1099 2609 haec
1146 2547 1372 2611 faciat?
1423 2547 1618 2610 Facile
1667 2549 1825 2611 enim
1881 2551 2220 2631 conjectare

574 2646 848 2718 poterant
861 2657 929 2700 ex
942 2636 1117 2700 dictis
1135 2637 1438 2717 prophetae
1455 2636 1611 2717 quod
1625 2638 1934 2717 Deus;haec
1946 2638 2215 2720 jusserit.

572 2728 646 2788 At
667 2726 752 2788 illi
782 2727 1170 2805 interrogant,
1197 2725 1321 2798 Qua
1348 2725 1701 2790 auctoritate
1728 2726 1871 2789 facis
1893 2727 2054 2790 hazc?
2078 2731 2215 2804 Lex,

570 2815 867 2892 inquiunt.
898 2816 990 2877 his
1017 2814 1166 2895 quia
1188 2814 1327 2877 Levi
1352 2814 1644 2892 originem
1680 2815 2219 2898 deducunt,tempti

569 2904 1060 2983 gubernationem
1097 2904 1382 2984 permittit
1416 2922 1429 2966 :
1483 2912 1541 2965 tu
1573 2922 1742 2977 vero,
1774 2923 1907 2967 cum
1958 2925 2026 2968 ex
2061 2907 2216 2969 tribu

567 2993 702 3056 Levi
736 3014 853 3056 non
885 2993 1240 3075 descendas,
1273 2995 1572 3073 quomodo
1596 2995 1966 3057 sacerdotum
1986 2997 2086 3075 jus
2111 2998 2214 3059 tibi

569 3103 840 3164 usurpas,
875 3091 933 3146 et
977 3085 1102 3145 haec
1144 3081 1333 3155 facis?
1363 3082 1610 3165 Verum,
1645 3103 1678 3145 ο
1709 3085 1934 3163 .ludaae,
1984 3105 2215 3149 memor

565 3186 691 3239 esto
726 3176 864 3258 quid
897 3175 1028 3237 451
1088 3175 1269 3239 David
1311 3175 1514 3237 dicat:
1574 3174 1660 3237 Tu
1712 3196 1776 3239 es
1822 3179 2102 3241 sacerdos
2149 3181 2209 3242 in

562 3276 849 3328 aeternum
876 3266 1202 3328 secundum
1227 3265 1500 3328 ordinem
1534 3266 1968 3329 Melchisedech
1994 3270 2044 3333 4.
2071 3271 2212 3332 Mel-

563 3356 884 3419 chisedech
901 3364 1097 3419 autem
1120 3356 1315 3417 dictus
1337 3364 1425 3417 est
1442 3356 1747 3421 sacerdos:
1768 3357 2208 3423 Melchisedech

563 3463 700 3509 vero
732 3465 847 3507 non
881 3446 989 3507 fuit
1017 3445 1298 3508 sacerdos
1315 3444 1641 3507 secundum
1676 3445 1896 3525 legem,
1923 3467 2118 3529 neque
2138 3469 2209 3512 ex

562 3536 716 3597 tribu
756 3536 1030 3598 Levitica.
1077 3534 1385 3607 Quomodo
1446 3534 1605 3595 enim
1659 3545 1856 3616 posset
1905 3537 2018 3599 hoc
2061 3538 2203 3617 dici,

560 3644 692 3687 cum
730 3625 903 3687 fuerit
934 3625 1133 3685 multis
1161 3624 1395 3686 sazculis
1424 3633 1561 3686 ante
1590 3623 1780 3687 Levi?
1808 3627 2204 3711 Deinde,quid

559 3715 777 3796 quaeris
794 3714 854 3776 in
883 3715 1120 3779 Christo
1144 3712 1416 3775 ordinem
1440 3713 1586 3792 legis
1602 3718 1630 3775 ?
1661 3713 1818 3776 Deus
1841 3714 2069 3795 legibus
2089 3736 2205 3782 non

558 3812 647 3866 est
678 3804 969 3866 subditus.
1006 3800 1362 3882 Imperabat,
1398 3821 1531 3864 cum
1558 3814 1794 3883 tempus
1819 3814 1991 3867 esset.
2015 3825 2211 3870 sacer-

557 3893 726 3956 dotes
756 3912 886 3954 esse
946 3912 1015 3954 ex
1074 3891 1229 3952 tribu
1282 3891 1469 3953 Levi:
1514 3911 1671 3953 nunc
1720 3894 1997 3955 transfert
2054 3896 2207 3960 hanc

561 3986 775 4059 legem,
836 3991 894 4044 et
952 3980 1194 4060 praefert
1262 3982 1661 4043 sacerdotium
1720 3982 2202 4065 Melchisedech;

2310 1917 2606 1996 κατήγορον
2665 1916 2890 1997 λέγοντα
2925 1939 2941 1955 ·
2993 1911 3048 1978 ιΟ
3104 1921 3259 1985 οἶκός
3302 1926 3405 1997 μου
3445 1922 3604 1986 οἶκος
3656 1924 3936 1999 προσευχῆς

2307 2003 2655 2074 κληθήσεται.
2721 2010 2781 2066 Οἱ
2839 2008 2894 2064 δὲ
2936 2009 3173 2079 ἀνοήτως
3232 2010 3566 2089 ἐπερωτῶσιν
3642 2008 3812 2089 αὐτὸν,
3860 2007 3936 2064 Ἐν

2308 2094 2433 2166 ποίᾳ
2476 2094 2679 2168 ἐξουσίᾳ
2723 2108 2882 2156 ταῦτα
2916 2113 3090 2163 ποιεῖς
3127 2118 3141 2173 ;
3199 2101 3380 2157 Καίτοι
3434 2099 3555 2167 ἐξῆν
3587 2100 3821 2168 ἐννοῆσαι
3850 2099 3934 2153 αὖ-

2319 2184 2453 2246 εοὺς.
2482 2183 2617 2277 :Ott
2651 2184 2764 2243 ἐπεὶ
2818 2190 3155 2267 προφητικὴν
3206 2189 3358 2266 ῥῆσιν
3418 2192 3703 2268 παρήγαγε
3757 2209 3934 2266 μαριυ-

2307 2273 2522 2354 ροῦσαν,
2568 2273 2649 2331 ὅτι
2684 2278 2713 2332 ὁ
2768 2277 2921 2341 οἶκος
2952 2286 3043 2335 τοῦ
3087 2286 3218 2335 Θεοῦ
3261 2280 3417 2342 οἶκος
3456 2283 3763 2358 προσευχῆς
3791 2277 3932 2349 ἐστιν,

2306 2364 2399 2419 οῦκ
2441 2362 2718 2443 ἐμπόριον,
2765 2367 2853 2422 καὶ
2907 2366 3174 2437 σπήλαιον
3230 2367 3443 2445 λῃστῶν
3470 2385 3489 2405 ο
3520 2367 3799 2445 λῃστρικὸν
3849 2367 3934 2443 γὰρ

2306 2453 2337 2517 ἦ
2396 2449 2695 2527 πλεονεξία,
2751 2457 2839 2511 καὶ
2893 2455 3182 2532 καπηλεία,
3227 2460 3305 2523 τίς
3355 2457 3543 2515 λοιπὸν
3577 2459 3731 2538 χρεία
3760 2460 3932 2533 ἐρωτᾷν

2306 2542 2458 2597 αὐτὸν
2516 2541 2570 2597 ἐν
2627 2545 2753 2623 πρίᾳ
2795 2543 3001 2618 ἐξουσίᾳ
3056 2548 3221 2605 ταῦτα
3279 2564 3478 2621 ποιεῖς
3528 2546 3742 2623 ἕτοιμον
3770 2547 3859 2625 γὰρ
3884 2545 3932 2599 ὃν

2302 2628 2634 2709 λογίσασθαι,
2681 2632 2761 2689 ὅτι
2807 2637 2834 2691 'o
2883 2638 3013 2699 Θεὸς
3054 2645 3218 2695 ταῦτα
3273 2636 3475 2695 κελεύει
3506 2635 3595 2694 διὰ
3623 2647 3714 2695 τοῦ
3740 2636 3929 2714 προφή-

2300 2742 2410 2779 του.
2449 2724 2508 2778 Οἱ
2537 2720 2615 2796 δὲ,
2651 2723 2739 2780 Ἐν
2769 2726 2895 2797 ποίᾳ
2922 2724 3123 2801 ἐξουσίᾳ
3152 2736 3316 2785 ταῦτα
3343 2742 3544 2793 ποιεῖς,
3583 2727 3858 2806 ἐρωτῶσιν.
3882 2716 3930 2780 Ὀ

2305 2809 2489 2890 νόμος,
2537 2814 2683 2892 φασὶ,
2718 2826 2835 2878 τοῖς
2868 2813 2927 2871 ἐκ
2957 2820 3086 2873 Λευ³ι
3117 2818 3508 2896 καταγομένοις
3548 2818 3651 2886 τὴν
3702 2823 3787 2873 τοῦ
3811 2814 3932 2890 ἱεροῦ

2301 2894 2654 2975 διακόσμησιν
2698 2902 2955 2979 ἐπέτρεψε
2988 2920 3002 2934 ⁸
3062 2909 3122 2961 σὺ
3178 2894 3669 2985 μὴήκαταγόμενος
3712 2905 3769 2961 ἐκ
3799 2910 3929 2959 Λευῖ-

2298 2993 2452 3054 τικῆς
2511 2988 2703 3070 φυλῆς,
2759 2999 2875 3057 πῶς
2950 2994 3116 3051 ταῦτα
3168 3009 3369 3074 ποιεῖς,
3441 2998 3528 3051 καὶ
3588 2997 3655 3051 τὰ
3715 2993 3929 3074 ίεριτικὸι

2232 3061 2271 3111 C
2297 3061 2546 3158 ἀρπάζεις
2588 3100 2604 3155 ;
2652 3061 2801 3137 ’.ἀλλ’
2831 3082 3228 3162 ἀναμνήσθητε,
3261 3061 3530 3158 Ἰοιίδαϊοι,
3575 3061 3823 3164 λέγοντός
3852 3088 3930 3138 τοῦ

2303 3176 2339 3222 Δ
2410 3166 2470 3224 μδ
2598 3170 2611 3187 \
2790 3171 2803 3187 ε
2959 3174 2973 3194 ς
3322 3176 3347 3187 ν
3586 3176 3600 3191 ι
3695 3175 3708 3193 \
3846 3170 3883 3209 ’Ξ

2344 3189 2436 3225 αυι
2472 3214 2490 3244 ,
2553 3177 2625 3225 Συ
2681 3171 2847 3249 ἱερευς
2933 3193 3005 3235 εις
3079 3176 3172 3229 τὸν
3254 3176 3419 3235 αἱωνα
3475 3196 3616 3231 κατα
3655 3196 3750 3242 την
3803 3194 3929 3236 tam!

2297 3255 2630 3337 Μελχισεδέκ
2662 3304 2675 3317 .
2735 3259 3070 3341 Μελχισεδὲκ
3121 3260 3175 3319 δὲ
3246 3261 3459 3343 εἴρῃται
3530 3265 3697 3344 ἱερεύς
3733 3283 3746 3297 '
3808 3264 3834 3319 ὁ
3884 3258 3931 3314 δὲ

2296 3345 2630 3428 Μελχισεδὲκ
2684 3352 2744 3408 οῦ
2800 3352 2940 3408 κατᾶ
2995 3352 3157 3428 νόμον
3216 3352 3281 3421 ἧν
3328 3354 3518 3434 ἱερεὺς,
3581 3352 3698 3411 οὐδὲ
3753 3352 3810 3408 ἐκ
3846 3349 3933 3416 τῆς

2295 3442 2575 3504 Λευῖτικῆς
2625 3436 2820 3518 φυλῆς.
2879 3445 3000 3506 Πῶς
3044 3442 3166 3522 γὰρ,
3221 3443 3278 3508 ὃς
3308 3442 3720 3523 προγενέστερος
3749 3441 3812 3509 ἦν
3860 3444 3933 3496 τοῦ

2293 3529 2422 3583 Λευῖ
2482 3537 2731 3587 τοσοῦτον
2773 3547 2790 3605 ;
2850 3531 2947 3587 Καὶ
3017 3528 3226 3613 λοιπὸν,
3287 3532 3339 3589 τί
3388 3539 3574 3604 ζητεῖς
3627 3535 3685 3589 ἐν
3740 3534 3933 3609 Χριστῷ

2289 3616 2387 3682 τὴν
2428 3614 2572 3682 τάξιν
2629 3618 2724 3674 τοῦ
2777 3617 2991 3694 νόμους
3059 3623 3189 3684 Θεὸς
3246 3622 3428 3699 νόμοις
3486 3620 3594 3702 οὐχ
3648 3620 3928 3678 ὑπόκειται.

2289 3704 2612 3782 Προσέταξεν
2655 3705 2743 3763 ὅτε
2787 3709 2968 3788 καιρὸς
2999 3712 3090 3785 ἧν,
3123 3712 3184 3766 ἐκ
3238 3711 3524 3780 Λευῖτικῆς
3575 3715 3717 3768 εἶναι
3774 3707 3931 3789 φυλῆς

2288 3795 2409 3858 τοὺς
2464 3798 2653 3876 ἱερεΐς,
2710 3803 2795 3854 νῦν
2851 3799 3166 3863 μετατάττει
3222 3811 3406 3860 τοῦτον
3456 3802 3550 3857 τὸν
3614 3801 3800 3877 νόμον,
3852 3800 3933 3852 καὶ

2286 3883 2382 3971 τὴν
2439 3893 2528 3942 τοῦ
2584 3885 2919 3966 Μελχισεδὲκ
3004 3889 3291 3968 ἱερωσύνην
3374 3890 3669 3971 προκρίνει,
3720 3888 3798 3945 διὸ
3851 3886 3933 3944 καὶ

2286 3970 2532 4031 ἐκϐάλλει
2581 3977 2701 4040 τοὺς
2761 3975 3059 4041 κωλοῦντις
3114 3980 3201 4035 καὶ
3276 3979 3632 4059 ἀγοράζοντας
3687 3980 3753 4036 τὰ
3809 3978 3930 4056 πρὸς

559 4081 874 4154 propterea
903 4070 1066 4152 ejicit
1097 4078 1371 4133 ementes
1397 4080 1453 4131 et
1481 4070 1807 4134 vendentes
1849 4073 1921 4134 ad
1966 4076 2202 4136 sacriﬁ-

2305 4064 2458 4121 >υσίαν
2510 4065 2642 4138 ζῶα,
2704 4066 2824 4123 οἷον
2876 4064 3136 4146 πρόϐατα,
3217 4070 3307 4126 καὶ
3379 4071 3692 4150 περιστεράς
3729 4084 3746 4100 ’
3808 4066 3933 4142 μετὰ

556 4153 811 4222 candum
836 4159 1136 4234 animalia,
1156 4159 1308 4221 sicut
1340 4176 1476 4221 oves
1508 4168 1566 4223 et
1595 4158 1919 4222 columbas.
1956 4162 2042 4226 Ad
2076 4163 2202 4227 haec

2305 4153 2370 4208 ιαὶ
2418 4153 2511 4211 τοῦ
2558 4154 2657 4223 τὴν
2717 4154 3055 4234 εὐπρέπειαν,
3114 4161 3204 4215 καὶ
3257 4161 3319 4216 τὸ
3372 4158 3652 4241 εὔσχημον
3712 4165 3788 4233 τῷ
3830 4159 3932 4228 ναῷ

552 4250 887 4313 decentiam
922 4261 978 4313 et
1009 4251 1381 4312 honestatem
1408 4249 1609 4328 templi
1636 4250 1917 4313 vindicat.
1952 4251 2204 4334 Insuper

2305 4248 2696 4320 τεριποιεϊσθαι,
2785 4244 2862 4302 ἔτι
2932 4248 3020 4305 καὶ
3083 4250 3235 4306 τοῦτο
3298 4247 3628 4326 ὑποδεικνὺς,
3709 4247 3791 4305 ὅτι
3846 4247 3934 4302 οῦκ

552 4350 611 4402 et
642 4344 755 4403 hac
786 4341 1065 4416 ostendit,
1100 4340 1257 4420 quod
1302 4358 1420 4400 non
1451 4339 1605 4401 ultra
1633 4340 1976 4402 animalium
2009 4332 2200 4405 sacri-

2305 4332 2359 4388 ἶτι
2416 4347 2538 4400 ταῖς
2571 4336 2899 4420 ’ζωοθυσίαις
2957 4336 3043 4394 δεῖ
3094 4340 3185 4394 τὸν
3249 4332 3380 4395 Θεὸν
3433 4337 3797 4405 ἐξιλάσκεσθαι
3853 4358 3934 4391 πι-

551 4430 703 4492 ﬁciis
732 4430 951 4510 placari
981 4415 1167 4490 Deum
1219 4427 1380 4489 credi
1433 4428 1668 4490 debeat.
1718 4428 1900 4506 Igitur
1930 4433 2201 4510 quamvis

2305 4423 2509 4485 [τεύειν.
2571 4415 2666 4482 Ἠν
2711 4425 2808 4501 μὲν
2866 4429 2954 4483 οῦν
3010 4426 3222 4504 ἕτοιμον
3278 4435 3357 4503 τῷ
3423 4431 3593 4509 Κυρίῳ
3644 4428 3932 4506 ἀποκρίνα-

548 4520 609 4581 in
643 4529 917 4601 promptu
949 4527 1107 4581 esset
1137 4518 1293 4599 quod
1340 4517 1429 4579 eis
1458 4518 1856 4599 reSponderet
1886 4521 2195 4596 Dominus,

2305 4516 2399 4568 ’θαι
2442 4515 2573 4592 πρὸς
2633 4516 2844 4591 αὐτοῦς,
2888 4517 3124 4597 καθάπερ
3167 4516 3403 4598 εἴρηται,
3450 4521 3537 4577 καὶ
3597 4522 3795 4593 εἰπεῖν,
3852 4514 3929 4571 ὅτι

545 4593 701 4672 sicut
727 4593 948 4671 dictum
982 4617 1092 4681 est,
1128 4593 1187 4670 e't
1216 4607 1447 4669 diceret
1496 4593 1652 4687 quod
1702 4609 1994 4689 propheta
2046 4593 2193 4689 haec,

2305 4612 2341 4659 Ο
2377 4606 2657 4684 προφήτης
2714 4613 2901 4687 ταῦτα,
2954 4593 3159 4683 μᾶλλον
3215 4593 3270 4664 δὲ
3301 4611 3329 4665 ὸ
3359 4593 3488 4674 Θεὸς
3519 4607 3879 4667 διακελεύεται
3914 4625 3926 4637 ·

545 4699 666 4761 imo
698 4700 858 4763 Deus
894 4697 1201 4779 praecipiat
1234 4714 1246 4759 :
1283 4705 1689 4776 verumtamen
1716 4707 1780 4758 ut
1808 4698 2080 4760 ostendat
2114 4701 2198 4762 eis

2305 4689 2422 4759 ιλὲ,ν
2465 4691 2557 4750 ἳνα
2610 4691 2751 4772 δείξῃ
2833 4696 3042 4770 αὖτοὺς,
3125 4696 3206 4754 ὅτι
3256 4697 3480 4756 πάντοτε
3535 4700 3809 4759 ἀπειθοῦσι
3859 4701 3932 4770 τῷ

542 4789 700 4872 quod
733 4807 974 4870 semper
994 4787 1408 4849 inobedientes
1440 4785 1560 4846 sint
1581 4785 1829 4866 Spiritui
1876 4799 2105 4870 sancto,
2139 4798 2197 4851 et

2305 4783 2545 4873 l‘jEtSWl‘tt
2603 4790 2675 4858 τῷ
2728 4785 2884 4866 ἁγίῳ,
2942 4787 3027 4844 καὶ
3084 4790 3189 4868 οὐχ
3246 4786 3326 4846 ὅτι
3371 4810 3432 4867 γε
3487 4780 3688 4863 Ἠσαίᾳ
3716 4792 3794 4865 τῷ
3822 4809 3929 4845 πα-

542 4870 660 4941 non
683 4879 856 4941 modo
882 4876 1185 4940 noluerint
1206 4875 1454 4938 credere
1471 4873 1641 4938 lSuia)
1655 4878 1836 4938 vcteri
1865 4880 2190 4959 prophetas,

2305 4870 2414 4945 αιῷ
2451 4875 2726 4954 προφήτῃ,
2780 4877 2868 4932 καὶ
2912 4878 2983 4942 εἰς
3038 4875 3210 4947 λήθην
3236 4877 3373 4943 ἴσως
3419 4879 3601 4943 αὐτοῖς
3634 4879 3924 4957 γενομένῳ,

540 4970 709 5050 cujus
729 4969 881 5031 forte
905 4968 1255 5030 memoriam
1278 4985 1395 5027 non
1423 4964 1861 5040 habebant,sed
1890 4987 1965 5030 ne
1981 4969 2193 5031 Joanni

2305 4959 2412 5018 )M
2468 4965 2555 5020 καὶ
2596 4969 2673 5038 τῷ
2714 4965 2843 5045 χθὲς
2893 4965 3104 5046 φανέντι
3154 4965 3398 5044 Ἰωάννῃ,
3432 4974 3509 5042 τῷ
3538 4967 3684 5044 ὰΰλῳ
3743 4976 3928 5047 μικροῦ

537 5057 777 5139 quidem
811 5056 939 5118 viro
985 5054 1350 5135 evangelica,
1400 5053 1765 5135 minimeque
1808 5056 2055 5137 carnali,
2088 5063 2189 5137 qui

2305 5054 2360 5109 αὶ
2414 5054 2650 5135 ἀσάρκῳ,
2712 5060 2806 5115 οῦκ
2861 5055 3127 5123 ἠθέλησαν
3169 5065 3467 5134 πιστεῦσαι,
3501 5057 3585 5115 διὰ
3644 5069 3802 5119 τοῦτο
3831 5059 3920 5114 ἆν-

536 5164 730 5225 nuper
758 5152 1135 5227 apparuerat,
1169 5141 1562 5216 crediderint,
1590 5150 1904 5223 propterea
1934 5143 2185 5207 interro-

2305 5148 2474 5221 ερωτᾷ
2532 5145 2717 5208 αὐτοὺς
2772 5146 2869 5213 τὴν
2926 5144 3339 5223 ἀξιοθαύμασεον
3395 5151 3591 5217 ταύτην
3640 5150 3919 5228 ἐρώτησιν,

534 5236 828 5314 gationem
877 5235 1029 5295 hanc
1060 5231 1455 5295 admiratione
1501 5230 1738 5311 dignam
1784 5232 1946 5315 facit,
1979 5255 2094 5316 qua
2125 5246 2182 5298 et

2305 5233 2329 5287 ι’
2381 5235 2448 5299 ἧς
2481 5232 2806 5310 ἐπιστομίζει
2868 5236 2966 5311 μὲν
3022 5237 3109 5293 καὶ
3137 5239 3348 5314 αὐτοὺς,
3382 5235 3603 5296 δείκνυσι
3648 5237 3708 5296 δὲ
3764 5240 3917 5315 ἡμῖν,

533 5325 797 5386 confutat
827 5324 984 5386 illos.
1015 5321 1291 5386 Ostendit
1315 5331 1509 5383 autem
1538 5329 1596 5382 et
1617 5321 1790 5383 nobis
1820 5325 1977 5403 quod
2009 5325 2057 5386 si
2083 5326 2181 5388 tali

2305 5345 2345 5378 τι
2397 5326 2440 5378 εί
2497 5330 2572 5398 τῷ
2627 5323 2927 5401 τηλικούτῳ
2989 5329 3238 5408 προφήτῃ
3297 5332 3392 5387 οὒκ
3449 5329 3762 5387 ἐπίστευσαν
3848 5330 3921 5400 τῷ

535 5414 841 5494 propheta;
870 5413 1107 5487 Joanni,
1160 5412 1261 5493 qui
1310 5413 1499 5493 major
1547 5430 1612 5474 se
1655 5410 2004 5489 habebatur,
2062 5434 2179 5477 non

2309 5415 2510 5491 ωάννῃ,
2586 5422 2662 5489 τῷ
2717 5418 2913 5491 μείζονι
2997 5419 3155 5475 αὐτοῦ
3222 5417 3483 5501 δοκοῦντι,
3564 5422 3684 5500 περὶ
3767 5422 3919 5476 αὐτοῦ

531 5501 920 5565 crediderunt
940 5502 1016 5564 de
1034 5504 1162 5584 ipso
1185 5501 1506 5574 testiﬁcati,
1530 5500 1825 5581 quomodo
1849 5502 1963 5564 sibi
1981 5514 2183 5568 essent

2310 5511 2634 5584 αρτυροῦντι,
2695 5510 2809 5569 πῶς
2888 5506 2951 5562 ἂν
3029 5511 3173 5583 αὐτῷ
3227 5500 3562 5568 πιστεύσαιεν
3614 5509 3915 5590 ἀπολογου-

608 5662 781 5723 31η.
814 5676 938 5739 va,
967 5663 1031 5723 7.
1117 5663 1151 5713 4
1176 5660 1335 5724 Psal.
1359 5675 1485 5743 cu,
1509 5662 1569 5725 4.
