4184 6408
516 383 672 447 1039

1498 382 2093 449 THEOPHYLAGTI
2136 384 2551 454 BULGARLE
2593 384 2955 458 ARCHIEP.

3752 391 3909 460 1040

518 534 841 611 proprietas
869 550 1025 612 srepe
1058 532 1119 591 in
1165 529 1487 611 Scripturis
1527 532 1829 593 invenitur
1863 552 1876 593 :
1927 539 1989 591 ut
2028 549 2149 592 cur:

2246 530 2518 596 τοσοῦτον,
2566 527 2661 583 οὒκ
2717 524 3105 600 ὲνετράπησαν,
3166 524 3303 582 ὥστε
3374 530 3464 585 καὶ
3535 526 3848 585 ἀπέκτειναν
3888 547 3901 560 °

512 622 748 696 dicitur,
776 621 835 683 Si
869 622 1020 683 forte
1039 620 1305 682 audiant.
1338 619 1541 699 Neque
1565 622 1721 682 enim
1745 620 1866 682 illic
1889 622 2149 699 ignorans

2248 620 2405 669 10610
2450 614 2523 676 εἰς
2580 616 2794 688 μείζονα
2838 615 3162 692 κατηγορίαν
3222 617 3427 691 αὑτοῖς,
3484 616 3564 674 ὅτι
3629 619 3715 675 καὶ
3772 620 3906 694 μετά

513 710 771 769 futurum
811 709 889 768 ita
912 709 1074 778 dicit,
1109 710 1210 771 sed
1236 728 1307 768 ne
1332 709 1574 789 quidam
1602 708 2032 788 praescientiam
2059 708 2149 770 De:

2249 702 2308 756 τὸ
2370 701 2738 782 ἀποφήνασθαι
2787 706 2879 760 τὸν
2939 705 3095 780 Θεὸν,
3155 702 3235 760 ὅτι
3294 706 3461 771 οὕτως
3521 708 3583 775 ἦν
3613 706 3775 763 καλὸν
3806 731 3902 787 γε-

511 799 906 858 necessariam
968 798 1393 860 inobedientize
1444 816 1686 859 causam
1747 816 1879 859 esse
1932 798 2158 865 dicant.

509 888 731 947 idcirco
760 887 1053 965 ejusmodi
1078 887 1391 948 verborum
1430 889 1613 967 ﬁgura
1644 887 1846 949 utitur.
1895 886 2161 968 Ejectum

508 986 701 1036 autem
738 974 901 1036 illum
941 985 1104 1037 extra
1136 979 1394 1057 vineam,
1436 977 1805 1040 occiderunt.
1863 975 2041 1038 Extra
2070 977 2161 1036 vi-

508 1084 705 1145 neam,
734 1066 950 1144 exponi
974 1066 1162 1144 solet;
1200 1075 1363 1127 extra
1386 1065 1782 1129 Hierusalem:
1815 1075 1979 1127 extra
2001 1067 2158 1127 enim

510 1155 811 1215 civitatem
839 1155 1105 1215 Christus
1133 1173 1339 1232 passus
1364 1155 1559 1217 est.At
1581 1156 1719 1236 quia
1733 1174 1909 1235 supra
1924 1155 2157 1216 vineam

510 1245 941 1323 populum,non
961 1246 1289 1305 Jerusalem
1323 1245 1881 1325 exposuimuszquid
1902 1244 1953 1306 si
1978 1244 2160 1322 magis

509 1335 746 1413 proprie
778 1333 1103 1393 dixerimus
1136 1334 1291 1413 quod
1319 1334 1604 1395 occiderit
1638 1334 1878 1414 quidem
1908 1336 2159 1413 populus

506 1424 723 1501 ipsum,
758 1423 862 1481 sed
914 1432 1077 1483 extra
1125 1421 1379 1493 vineam,
1430 1425 1540 1484 hoc
1573 1438 1682 1493 est,
1736 1443 1851 1484 non
1896 1422 2024 1502 ipse
2055 1443 2160 1485 sua

506 1531 683 1573 manu
714 1521 771 1571 et
800 1512 1004 1572 mortis
1032 1512 1208 1573 fuerit
1238 1521 1465 1586 auctor,
1509 1513 1611 1573 sed
1648 1513 1951 1573 tradiderit
1988 1512 2155 1573 illum

508 1602 692 1663 Pilato
725 1609 781 1661 et
812 1600 1139 1679 gentibus?
1172 1603 1243 1661 Et
1276 1602 1354 1662 ita
1392 1610 1555 1663 extra
1603 1601 1856 1676 vineam,
1894 1601 2007 1663 hoc
2041 1608 2154 1675 est,

504 1700 671 1752 extra
702 1690 903 1781 populi
943 1708 1166 1781 manus,
1195 1708 1402 1769 passus
1434 1697 1526 1753 est
1579 1691 1868 1753 Christus.
1920 1689 2151 1781 Etenim

2248 789 2447 870 νὲσθαι,
2509 794 2597 848 καὶ
2648 792 2968 869 ἐντραπῆναι
3056 794 3234 869 αὐτὸν,
3305 797 3451 853 αὐτοὶ
3512 802 3611 862 τήν
3667 797 3902 855 ἐναντίαν

2248 884 2427 961 ψῆφον
2485 881 2683 942 ἔθεντο.
2740 885 2810 939 Τὸ
2858 880 2913 937 δὲ
2944 882 3184 938 τοιοῦτον
3226 882 3414 961 ἰδίωμα
3457 888 3598 963 παρά
3623 893 3691 963 τῇ
3726 894 3903 965 Γραφῇ

2244 969 2524 1049 πολλαχοῦ
2583 973 2892 1049 εὑρίσκεται,
2955 973 3027 1034 ὡς
3090 973 3178 1041 16,
3240 972 3366 1030 Ἐὰν
3426 973 3524 1053 ἄρα
3580 975 3896 1034 ἀκούσωσιν.

2243 1056 2371 1115 Οὗδὲ
2402 1060 2501 1140 γὰρ
2550 1059 2665 1117 ἐκεῖ
2695 1061 2903 1140 ἀγνοῶν
2960 1061 3023 1116 16
3081 1060 3304 1142 μέλλον,
3349 1064 3503 1120 τοῦτό
3565 1088 3748 1143 φησιν,
3782 1064 3900 1121 ἀλλ’

2240 1146 2334 1203 ἵνα
2389 1150 2467 1223 μὴ
2525 1148 2725 1228 λέγωσί
2778 1171 2942 1229 τινες,
3016 1148 3095 1205 ὅτι
3171 1153 3206 1218 ἡ
3272 1153 3570 1231 πρόγνωσις
3629 1160 3720 1210 106
3773 1161 3902 1211 Θεοῦ

2241 1238 2540 1316 ἀναγκαίως
2595 1241 2731 1296 αἰτία
2790 1241 2975 1318 γέγονε
3061 1246 3161 1307 τῆς
3233 1248 3510 1321 παρακοῆς
3547 1262 3560 1274 ·
3608 1240 3695 1300 διὰ
3749 1251 3900 1302 τοῦτο

2243 1327 2408 1393 οὕτως
2466 1330 2791 1409 σχηματίζει
2849 1335 2944 1393 τας
3027 1328 3215 1395 λέξεις.
3301 1329 3648 1397 Ἐκϐαλόντες
3704 1331 3759 1390 δὲ
3808 1334 3898 1390 τὸν

2246 1419 2364 1473 ι’ἱὸν
2415 1415 2514 1483 ἔξω
2569 1441 2663 1475 του
2720 1418 3056 1497 ἀμπελῶνος,
3122 1419 3436 1477 ἀπέκτειναν
3473 1441 3486 1456 ο
3538 1425 3600 1478 τὸ
3645 1423 3744 1496 μὲν
3775 1425 3899 1501 πρό-

2243 1530 2426 1587 χειρον
2485 1509 2679 1582 εἰπεῖν,
2742 1507 2839 1573 ἔξω
2903 1508 2997 1576 τῆς
3055 1502 3407 1585 Ἰερουσαλήμ
3444 1528 3457 1541 ⁶
3506 1510 3606 1577 ἔξω
3664 1514 3763 1591 γὰρ
3799 1517 3897 1582 τῆς

2239 1596 2412 1663 πύλης
2473 1599 2500 1652 6
2560 1598 2780 1675 Χριστὸς
2825 1596 3013 1653 ἔπαθεν
3051 1618 3061 1629 ·
3098 1597 3214 1654 ἐπεὶ
3257 1597 3311 1654 δὲ
3356 1597 3553 1656 ἄνωθεν
3609 1600 3897 1677 ἀμπελῶνα

2242 1688 2329 1742 τὸν
2387 1684 2535 1759 λαὸν,
2576 1688 2697 1766 οὒχὶ
2740 1687 2840 1753 τὴν
2894 1677 3243 1766 Ἰερουσαλήμ
3291 1687 3629 1765 ἐξελάϐομεν,
3688 1694 3895 1766 μήποτε

507 1801 620 1840 non
647 1780 864 1841 licebat
884 1780 975 1839 his
1005 1774 1279 1840 occidere
1302 1798 1686 1861 quemquam,
1723 1781 1880 1841 unde
1902 1779 2149 1841 militum

2238 1776 2549 1854 οἰκειότερον
2595 1777 2792 1849 εἰπεῖν,
2852 1774 2933 1832 ὅτι
2990 1776 3267 1834 ἀπέκτεινε
3327 1777 3423 1853 μὲν
3469 1781 3623 1837 αὐτὸν
3655 1783 3683 1836 ὃ
3740 1780 3891 1854 λαὸς,

505 1869 775 1931 manibus
796 1869 1028 1930 occisus
1042 1869 1440 1943 est.Nonnulli
1462 1888 1569 1949 per
1588 1870 1820 1932 vineam
1848 1868 2154 1933 intellexe-

501 1969 637 2020 runt
688 1959 828 2018 ιιὃῦ
876 1958 1264 2037 Scripturam.
1322 1959 1502 2020 Extra
1561 1957 1932 2038 Scripturam
1991 1958 2149 2019 enim

502 2067 705 2128 passus
729 2058 818 2110 est
842 2048 1151 2111 Dominus.
1181 2046 1269 2108 llli
1304 2048 1463 2109 enim
1484 2050 1587 2129 qui
1618 2068 1737 2109 non
1768 2048 2153 2110 crediderunt

497 2139 671 2219 Mosi,
696 2138 1049 2199 occiderunt
1079 2155 1236 2198 eum.
1265 2140 1412 2201 Nam
1436 2137 1486 2198 si
1509 2136 1906 2198 credidissent
1933 2137 2072 2198 Mosi
2096 2146 2153 2198 et

500 2227 840 2306 Scripturis,
904 2245 1119 2307 easque
1176 2225 1417 2287 scrutati
1496 2226 1765 2299 fuissent,
1832 2224 2150 2288 Dominum

498 2317 939 2397 Scripturarum
976 2317 1178 2395 utique
1227 2335 1346 2377 non
1380 2315 1764 2379 occidissent.
1818 2314 1924 2376 His
1976 2314 2152 2378 dictis

500 2407 739 2486 protulit
770 2416 828 2467 et
849 2406 1282 2466 sententiamin
1309 2423 1410 2466 eos
1432 2405 1761 2477 ferendam,
1800 2404 1957 2484 quod
1984 2404 2152 2466 vinea

502 2496 753 2557 locanda
782 2497 855 2556 sit
898 2494 1028 2554 aliis
1062 2495 1246 2559 vineae
1290 2495 1637 2569 cultoribus,
1686 2495 1798 2555 hoc
1848 2503 1957 2570 est,
2018 2494 2151 2557 aliis

499 2586 658 2647 dabit
686 2587 797 2647 hoc
837 2584 1193 2646 beneﬁcium
1229 2602 1289 2644 UL
1337 2583 1611 2644 dicantur
1660 2583 1910 2664 populus
1955 2602 2144 2645 meus.

499 2675 649 2735 Vide
670 2682 866 2736 autem
891 2674 1049 2754 quod
1073 2674 1132 2733 hi
1155 2673 1256 2751 qui
1281 2673 1485 2733 dicunt
1518 2671 1885 2753 Scripturam
1915 2672 2144 2734 vineam

498 2783 653 2837 esse,
684 2764 868 2841 magis
897 2763 1131 2843 assequi
1166 2762 1440 2823 videntur
1459 2780 1722 2828 sensum.
1759 2768 1823 2823 ut
1846 2761 1985 2823 hinc
2016 2780 2143 2822 ma-

498 2854 799 2917 nifestum.
855 2854 1089 2915 Elocata
1141 2862 1229 2914 est
1279 2853 1436 2914 enim
1486 2851 1660 2914 nobis
1709 2853 2037 2932 Soriptura.
2073 2851 2146 2913 ab

493 2944 759 3006 Hebraeis
781 2942 1321 3006 sublata.Fidenter
1342 2951 1540 3004 antem
1567 2941 1931 3022 dixeritquis
1951 2943 2150 3002 omnia

494 3035 824 3113 Spiritnalia
866 3052 996 3095 esse
1018 3035 1251 3093 vineam
1281 3031 1755 3112 quamdam,sive
1788 3031 1846 3091 in
1879 3028 2143 3111 Scriptu~

494 3125 573 3184 ris
607 3134 664 3184 et
687 3123 941 3203 legibus,
963 3122 1084 3183 sive
1113 3122 1169 3183 in
1194 3124 1340 3183 actis
1363 3130 1424 3184 et
1446 3120 1711 3182 historiis
1733 3120 1844 3181 sita
1866 3119 2145 3200 sint,qui-

493 3216 604 3273 bus
630 3212 905 3273 omnibus
939 3211 1147 3291 privati
1179 3219 1316 3272 sunt
1345 3209 1558 3290 Judaei,
1592 3217 1652 3271 et
1681 3228 1789 3271 nos
1822 3209 2055 3271 l‘rimur.

2225 3207 2542 3289 ἀμπελῶνα,
2596 3206 2798 3284 μᾶλλον
2857 3207 3200 3288 ἕπιτυχένειν
3268 3206 3508 3265 δοκοῦσιν

2237 1865 2336 1931 ἔξω
2386 1864 2439 1920 δὲ
2487 1867 2580 1922 105
2637 1864 2983 1945 ἀμπελῶνος,
3030 1866 3326 1947 τουτέστιν,
3371 1869 3465 1925 οὒκ
3518 1871 3675 1934 αὒτὸς
3730 1873 3892 1930 αὐτό-

2237 1977 2358 2035 χειρ
2405 1962 2497 2012 106
2554 1955 2779 2011 θανάτου
2834 1955 3144 2033 γενόμενος,
3207 1955 3346 2013 ἀλλά
3388 1965 3464 2031 τῷ
3523 1957 3759 2039 Πιλάτῳ,
3805 1964 3893 2018 καὶ

2233 2058 2352 2108 τοῖς
2431 2044 2626 2101 ἔθνεσιν
2714 2042 3062 2109 ἐκδεδωκότες
3135 2046 3317 2106 αὐτόν.
3419 2046 3581 2114 "Egeo
3636 2049 3723 2106 οὗν
3803 2060 3894 2109 106

2234 2132 2575 2210 ἀμπελῶνος,
2642 2132 2806 2211 ἤγουν
2864 2140 2969 2189 τῶν
3024 2142 3117 2192 τοῦ
3186 2134 3316 2192 λαοῦ
3371 2138 3571 2216 χειρῶν
3628 2137 3816 2195 ἔπαθεν
3864 2144 3892 2193 ὁ

2236 2226 2423 2303 Κύριος
2458 2245 2473 2259 ⁸
2536 2225 2719 2286 αὺτοῖς
2763 2224 2863 2303 γὰρ
2894 2226 2987 2281 οὐκ
3016 2221 3138 2291 ἐξῆν
3168 2224 3482 2283 ἀποκτεῖναι
3515 2224 3694 2283 οὐδένα
3727 2249 3741 2261 ⁸
3790 2231 3891 2286 ὑπὸ

2235 2314 2629 2393 στρατιωτικῶν
2714 2313 2895 2388 μέντοι
2983 2316 3183 2393 χειρῶν
3264 2314 3514 2376 ἀπέθανε,
3601 2317 3750 2380 Τινὲς
3836 2317 3891 2382 δὲ

2235 2401 2525 2478 ἀμπελῶνα
2581 2403 2679 2470 τὴν
2733 2402 2945 2482 Γραφὴν
2990 2403 3217 2469 ἐνόησαν
3247 2419 3262 2434 ⁶
3296 2402 3394 2470 ἔξω
3456 2405 3543 2461 οὖν
3597 2411 3705 2461 τῶν
3751 2413 3889 2487 Γρα-

2233 2498 2344 2572 φῶν
2401 2491 2589 2549 ἔπαθεν
2644 2495 2672 2549 6
2720 2494 2929 2571 Κύριος,
2982 2492 3272 2567 τουτέστιν,
3324 2497 3371 2549 οἱ
3427 2495 3504 2570 μὴ
3557 2496 3893 2563 πιστεύοντες

2233 2590 2442 2652 Μωσεϊ,
2504 2584 2643 2638 οὗτοι
2718 2580 3033 2637 ἀπέκτειναν
3115 2583 3292 2640 αὐτόν.
3360 2585 3417 2639 Εἰ
3474 2585 3573 2661 γὰρ
3622 2584 3893 2645 ἐπίστευον

2234 2679 2442 2745 Μωσεϊ,
2501 2672 2589 2728 καὶ
2632 2669 2685 2726 ἐν
2718 2685 2841 2733 ταῖς
2886 2676 3123 2751 Γραφατς
3154 2671 3289 2739 ἦσαν
3342 2670 3652 2751 ἐρευνῶντες
3705 2675 3886 2750 αὐτὰς,

2232 2762 2325 2818 οὒκ
2366 2760 2428 2817 ἂν
2457 2760 2770 2818 ἀπέκτειναν
2802 2762 2893 2817 τὸν
2945 2760 3224 2827 Δεσπότην
3263 2767 3369 2817 τῶν
3415 2766 3655 2843 Γραφῶν.
3717 2766 3891 2822 Ταῦτα

2231 2851 2415 2931 εἰπὼν,
2462 2850 2647 2928 ἐπαγει
2703 2851 2789 2907 καὶ
2848 2849 2945 2917 τὴν
2997 2849 3198 2928 ψῆφον,
3236 2850 3300 2918 ἣν
3333 2849 3420 2907 ἐπ’
3456 2852 3642 2916 αὐτοὺς
3675 2852 3887 2930 ἐξοίσει,

2231 2940 2310 2997 ὅτι
2396 2937 2681 2997 ἐκδώσεται
2774 2937 2954 3005 ἄλλοις
3024 2941 3114 2996 τὸν
3195 2939 3511 3021 ἀμπελῶνα,
3595 2944 3887 3024 τουτέστιν,

2230 3029 2413 3093 ἄλλοις
2471 3027 2625 3086 δώσει
2681 3029 2880 3096 ταύτην
2925 3029 3025 3097 τὴν
3084 3030 3273 3110 χάριν,
3330 3033 3392 3087 τὸ
3449 3029 3728 3089 καλεῖσθαι
3758 3032 3889 3098 λαὸς

2230 3142 2352 3196 μω,
2417 3118 2579 3201 "Oper
2612 3116 2692 3193 δὲ,
2751 3116 2832 3174 ὅτι
2863 3120 2910 3174 οἱ
2960 3116 3207 3196 λέγοντες
3250 3119 3350 3187 τὴν
3386 3120 3594 3200 Γραφὴν
3618 3121 3763 3179 εἶναι
3795 3125 3891 3179 τὸν

3516 3258 3532 3290 ,
3578 3212 3651 3274 ὡς
3702 3211 3888 3273 ἐντεῠ-

490 3309 575 3358 θεν
609 3301 883 3368 δηλοῦται,
923 3289 1179 3368 Ἕξηδόθτι
1212 3302 1310 3376 γὰρ
1342 3302 1476 3375 ἡμῖν
1505 3302 1540 3367 ἠ
1573 3303 1754 3381 Γραφὴ
1787 3301 2007 3379 ἀρθεῖσα
2055 3300 2161 3357 ἀπὸ
2217 3306 2316 3357 τῶν
2349 3289 2625 3378 Ἐϐραίων.
2664 3294 2875 3376 Θαῤῥῶν
2909 3294 2986 3377 δὲ,
3050 3297 3197 3355 εἴποι
3230 3296 3291 3354 ἅν
3320 3321 3402 3362 τις
3432 3289 3603 3356 πάντα
3632 3300 3698 3357 τὰ
3725 3324 3889 3358 πνευο

492 3394 689 3467 ματικά
722 3397 861 3448 εἶναι
892 3394 979 3448 τὸν
1013 3390 1329 3470 ἀμπελῶνα,
1385 3382 1497 3447 εἴτε
1527 3389 1582 3446 ἐν
1611 3390 1679 3465 τῇ
1712 3390 1893 3470 Γραφῇ
1922 3392 2009 3446 καὶ
2060 3390 2274 3471 νόμοις,
2305 3388 2438 3465 ξεῖτε
2487 3388 2540 3444 ὲν
2595 3383 2812 3467 πράξεσι
2860 3390 2949 3444 καὶ
2992 3386 3242 3467 ἱστορίαις
3295 3386 3520 3463 ἔκειντο,
3568 3390 3645 3444 ὧν
3672 3391 3890 3448 πάντων

492 3483 847 3559 ἐστερήθησαν
879 3486 921 3537 οἱ
965 3479 1237 3552 Ἰουδαῖοι,
1272 3481 1358 3536 καὶ
1390 3482 1555 3554 ἡμεῖς
1587 3478 1951 3554 ἀπολαύομεν.

569 3570 747 3632 Vens.
782 3568 1001 3631 16-20.
1035 3594 1061 3623 ‹‹
1098 3567 1264 3640 Quod
1304 3586 1439 3629 cum
1472 3566 1804 3635 audissent.
1841 3566 2144 3648 dixerunt,

489 3659 678 3720 Absit.
718 3658 819 3720 Ille
854 3678 989 3719 vero
1015 3658 1260 3719 intuitus
1285 3676 1390 3718 eos
1411 3656 1493 3718 ait
1527 3677 1540 3719 :
1576 3655 1724 3729 Quid
1752 3666 1841 3718 est
1871 3675 2011 3736 ergo
2033 3658 2146 3720 hoc

493 3749 649 3829 quod
682 3749 965 3827 scriptum
997 3758 1107 3828 est,
1143 3746 1424 3826 Lapidem
1459 3765 1637 3825 quem
1673 3745 2144 3826 reprobaverunt

496 3837 879 3919 aedificantes,
916 3836 967 3896 is
1017 3836 1203 3896 factus
1235 3844 1323 3895 est
1353 3833 1413 3894 in
1449 3842 1625 3915 caput
1654 3834 1851 3914 anguli
1881 3853 1896 3910 ;
1951 3834 2146 3896 omnis

498 3928 597 4006 qui
625 3926 911 3987 ceciderit
940 3942 1122 4003 super
1150 3922 1407 4003 lapidem
1431 3923 2142 4004 illum,conquassabitur:

2317 3592 2340 3623 ιι
2399 3566 2749 3632 Ἀκούσαντες
2828 3565 2884 3623 δὲ
2966 3566 3127 3624 εἷπον
3160 3586 3171 3599 ⁸
3263 3567 3352 3634 Μὴ
3409 3566 3639 3646 γένοιτο.
3718 3560 3774 3628 Ὀ
3832 3568 3891 3627 δὲ

2229 3654 2499 3733 ἐμϐλέψας
2556 3656 2760 3730 αὐτοῖς,
2810 3656 2938 3714 εἶπε
2973 3673 2988 3688 ⁸
3051 3656 3113 3715 Τί
3170 3657 3258 3713 οὗν
3287 3654 3398 3713 ἐστι
3428 3659 3489 3713 τὸ
3518 3660 3891 3737 γεγραμμένον

2227 3757 2406 3820 10610,
2496 3747 2649 3805 Λίθον
2733 3747 2790 3803 ὃν
2863 3743 3263 3822 ἀπεδοκίμασαν
3340 3747 3387 3803 οί
3466 3745 3887 3825 οἰκοδομοῦντες,

2229 3836 2380 3896 οὗτος
2438 3835 2665 3915 ἐγενήθη
2727 3837 2801 3900 εἰς
2862 3833 3101 3917 κεφαλὴν
3159 3835 3407 3914 γωνίαςς
3465 3841 3577 3900 Πᾶς
3631 3840 3659 3894 ὁ
3709 3839 3892 3896 πεσὼν

2231 3925 2315 3982 ἐπ’
2361 3924 2569 3983 ἐκεῖνον
2628 3926 2719 3981 τὸν
2772 3923 2936 4000 λίθον,
2996 3922 3468 3996 συνθλασθήσεται·
3501 3926 3583 4007 ἐφ’
3634 3927 3693 3983 ὃν
3733 3917 3782 3984 δ’
3823 3928 3893 3985 ἂν

498 4033 678 4093 super
725 4033 898 4093 quem
951 4023 1142 4074 autem
1204 4014 1404 4089 cadet,
1448 4013 1747 4093 disperget
1800 4013 2016 4074 illum?
2072 4015 2147 4078 Et

2235 4015 2392 4093 πέσῃ,
2453 4013 2706 4091 λικμήσει
2766 4014 2946 4077 αὐτόν,
2996 4015 3093 4074 Καὶ
3163 4013 3427 4086 ἐζήτησαν
3479 4019 3525 4073 οἱ
3584 4017 3889 4098 ἀρχιερεῖς,

500 4102 843 4184 quaerebant
866 4103 1166 4183 principes
1190 4102 1562 4164 sacerdotum
1587 4115 1645 4164 et
1669 4102 1879 4164 scribae
1897 4103 2146 4183 injicere

2235 4106 2316 4162 καὶ
2374 4105 2422 4162 0t
2481 4110 2825 4183 Γραμματεϊς
2870 4101 3146 4161 ἐπιϐαλεῖν
3191 4103 3274 4161 ἐπ’
3334 4106 3489 4162 αὑτὸν
3536 4108 3634 4189 τὰς
3691 4122 3891 4189 χεῖρας

497 4195 560 4254 in
593 4193 756 4254 illum
796 4211 1002 4253 manus
1033 4192 1237 4254 eadem
1272 4192 1439 4272 hora,
1477 4200 1534 4253 et
1586 4192 1911 4255 timuerunt
1954 4213 2145 4273 popu-

2235 4195 2284 4252 ἐν
2329 4194 2461 4272 αὐτῇ
2502 4196 2570 4269 τῇ
2599 4192 2712 4273 ὥρᾳ
2765 4194 2854 4250 καὶ
2894 4190 3236 4274 ἒφοϐήθησαν
3286 4195 3378 4251 τὸν
3408 4193 3560 4259 λαόν,
3594 4186 3892 4275 ’Ἔγνωσαν

500 4286 672 4343 lum:
722 4291 1131 4359 cognoverunt
1179 4282 1338 4342 enim
1391 4281 1545 4362 quod
1596 4282 1659 4344 in
1705 4283 1863 4363 ipsos
1905 4282 2149 4345 dixisset

2235 4286 2352 4365 γὰρ,
2388 4283 2470 4342 ὅτι
2501 4287 2635 4364 πρὸς
2666 4283 2851 4347 αὐτοὺς
2908 4284 3006 4353 τὴν
3056 4282 3365 4357 παραϐολὴν
3394 4287 3594 4354 ταύτην
3641 4291 3817 4351 εἶπεν.
3854 4314 3885 4346 ι

502 4371 840 4452 parabolam
875 4373 1048 4432 hanc.
1089 4394 1113 4430 ιδ
1151 4374 1337 4434 Lucas
1358 4371 1623 4451 quidem,
1651 4370 1931 4446 utaudis,
1958 4370 2149 4452 inquit

2235 4368 2293 4434 Ὀ
2351 4376 2450 4451 μὲν
2525 4381 2753 4451 Λουκᾶς,
2840 4375 2915 4438 ὡς
2994 4373 3226 4449 ἀκούεις,
3314 4376 3407 4432 τὸν
3483 4376 3670 4455 Κύριον
3724 4400 3891 4458 φησιν

498 4464 700 4524 dicere
732 4462 1048 4523 Dominum
1094 4462 1253 4542 quod
1287 4462 1565 4524 dominus
1591 4461 1777 4524 vineae
1809 4461 2148 4542 perditurus

2235 4466 2427 4545 εἰπεῖν,
2473 4463 2555 4521 ὅτι
2611 4463 2894 4534 Ἀπολέσει
2926 4466 2953 4520 6
3004 4462 3268 4532 δεσπότης
3298 4467 3390 4521 106
3422 4463 3735 4535 ἀμπελῶνος
3763 4469 3891 4533 τοὺς

502 4555 575 4614 sit
608 4553 868 4631 ingratos
900 4552 1166 4621 colonos,
1194 4561 1250 4611 et
1281 4551 1509 4612 vineam
1534 4550 1777 4612 daturus
1797 4549 1951 4613 aliis.
1977 4548 2167 4623 Quod

495 4661 628 4704 cum
678 4642 983 4703 audissent
1039 4639 1343 4712 Pharisaai,
1400 4640 1693 4715 dixerunt,
1746 4638 1941 4702 Absit.
1988 4639 2143 4701 Mat-

495 4731 686 4793 thaeus
721 4748 861 4789 vero
889 4729 1063 4789 aliter
1078 4727 1223 4788 dicit
1258 4748 1271 4787 :
1308 4747 1523 4807 nempe
1552 4727 1709 4809 quod
1738 4727 2141 4805 interrogave-

495 4822 571 4880 rit
594 4839 694 4881 eos
723 4819 1036 4881 Dominus:
1065 4819 1217 4890 Quid
1246 4818 1417 4880 faciet
1439 4816 1843 4897 agricolisillis
1863 4817 2140 4879 dominus

495 4908 790 4970 vineaeb"?
840 4908 1378 4988 responderinlque
1436 4906 1647 4983 Judaei,
1708 4926 1776 4968 ac
1833 4907 2139 4971 dixerint:

494 5000 680 5062 Malos
726 4999 881 5059 male
932 4997 1138 5077 perdet
1178 4997 1335 5071 illos,
1391 5006 1448 5058 et
1492 4996 1724 5058 vineam
1777 4996 2025 5060 daturus
2056 5009 2144 5061 est

494 5088 769 5166 agricolis
789 5088 939 5149 aliis.
963 5087 1240 5167 Nunquid
1259 5086 1436 5166 igitur
1452 5086 1731 5147 contrarii
1759 5086 1929 5148 sunt?
1949 5087 2139 5149 Absit.

499 5179 820 5258 Utrumque
873 5177 1029 5237 enim
1082 5176 1296 5237 factum
1351 5176 1534 5236 fuisse
1583 5174 1905 5237 verisimile
1938 5187 2049 5252 est,
2087 5186 2146 5239 et

494 5270 646 5345 quod
695 5268 1026 5328 secundum
1077 5266 1417 5328 Matthzeuiu
1454 5265 1812 5328 sententiam
1843 5265 1956 5346 ipsi
1987 5267 2141 5329 tule-

492 5357 631 5428 rint,
664 5366 720 5417 et
748 5357 966 5417 deinde
998 5356 1530 5417 animadverterint
1559 5374 1673 5435 quo
1722 5355 1923 5417 tendat
1962 5376 2138 5435 para-

496 5445 651 5524 bola,
674 5455 730 5507 et
750 5447 905 5526 quod
940 5446 1011 5505 de
1041 5445 1189 5525 ipsis
1215 5444 1371 5506 dicta
1402 5446 1478 5505 sit
1508 5462 1520 5507 :
1556 5463 1624 5506 ac
1649 5444 1861 5506 iterum
1886 5446 2144 5510 dixerint

492 5534 602 5594 hoc
635 5537 788 5614 quod
838 5537 1023 5596 Lucas
1064 5535 1233 5607 dicit,
1287 5553 1524 5614 nempe,
1562 5535 1748 5597 Absit.
1784 5533 1935 5607 Quid
1969 5537 2142 5616 igitur

571 5668 832 5757 suum.
865 5713 982 5774 χχι,
1016 5695 1114 5757 4ο.

2230 4554 2544 4634 ἀγνώμονας
2610 4554 2902 4634 γεωργοὺς,
2968 4555 3056 4610 καὶ
3119 4555 3212 4611 τὸν
3255 4552 3546 4629 ἀμπελῶνα
3604 4554 3871 4616 ἐκδώσετα

2229 4643 2415 4709 ἄλλοις
2454 4661 2468 4675 ⁸
2524 4642 2655 4724 ὅπερ
2707 4642 3035 4708 ἀκούσαντας
3107 4644 3228 4709 τούς
3284 4647 3635 4726 Φαρισαίους,
3695 4646 3891 4705 εἰπεῖνι

2227 4737 2314 4802 Μὴ
2371 4733 2578 4811 γένοιτο
2614 4750 2626 4764 ⁶
2687 4724 2744 4791 Ὀ
2805 4731 2859 4789 δὲ
2914 4736 3187 4797 Ματθατος
3239 4733 3429 4814 ἑτέρως
3484 4724 3637 4815 φησίι
3669 4738 3760 4792 τὸν
3788 4740 3891 4813 μὲν

2228 4824 2327 4902 γὰρ
2385 4820 2579 4902 Κύριον
2660 4824 2951 4901 ἔρωτῆσαι.
3029 4823 3089 4881 Τί
3153 4824 3367 4894 ποιήσει
3444 4836 3563 4888 τοῖς
3624 4841 3892 4905 γεωργοῖς

2228 4913 2443 4977 ἐκείνοις
2513 4914 2542 4968 6
2629 4909 2891 4980 δεσπότης
2970 4918 3063 4969 106
3146 4912 3511 4994 ἀμπελῶνος;
3600 4916 3690 4975 καὶ
3762 4917 3890 4982 τοὺς

2230 5001 2507 5066 Ἰουδαίους
2561 5002 2940 5081 ἀποκριθέντας
2990 5005 3184 5078 εἰπεῖν,
3252 5004 3456 5068 Κακοὺς
3514 5011 3694 5070 κακῶς
3739 5005 3887 5064 ἀπο-

2226 5091 2367 5149 λέσει
2418 5091 2631 5164 αὐτοὺς,
2690 5094 2777 5149 καὶ
2833 5094 2926 5150 τὸν
2981 5090 3272 5169 ἀμπελῶνα
3326 5091 3613 5151 ἐκδώσεται
3675 5094 3885 5160 ἄλλοις.

2228 5170 2340 5260 Ἆρ’
2399 5189 2486 5239 οῦν
2564 5180 2922 5260 ἒναντιολογία
3000 5182 3191 5258 ἐστίν;
3254 5182 3508 5264 ’¹Λπαγε.
3582 5183 3891 5267 Ἀμφότερα

2225 5272 2323 5351 γὰρ
2381 5273 2520 5335 εἰκὸς
2571 5275 2910 5353 γεγενῆσθαι,
2970 5274 3058 5329 καὶ
3114 5274 3251 5332 κατά
3309 5273 3405 5349 μὲν
3463 5274 3553 5329 τὸν
3612 5280 3889 5335 Ματθατον

2226 5361 2412 5425 αὐτοὺς
2475 5359 2705 5427 ἐκείνους
2749 5362 2849 5430 τὴν
2907 5366 3089 5444 ψῆφον
3148 5362 3471 5443 ἐξενεγκεῖν,
3539 5365 3663 5421 εἶτα
3713 5389 3888 5424 συναι-

2226 5450 2511 5527 σθομένους
2571 5455 2674 5508 ποῦ
2704 5452 2848 5533 φέρει
2896 5454 2932 5522 ἠ
2972 5450 3274 5533 παραϐολὴ,
3328 5458 3416 5510 καὶ
3445 5454 3527 5512 ὅτι
3571 5452 3639 5511 δι’
3700 5456 3887 5522 αὐτοὺς

2224 5540 2462 5621 εἴρηται,
2496 5540 2656 5599 πάλιν
2687 5544 2859 5601 εἰπεῖν
2885 5550 3063 5623 τοῦτο,
3096 5545 3125 5600 6
3170 5545 3256 5600 νῦν
3287 5545 3315 5600 ὁ
3347 5550 3551 5609 Λουκᾶς
3594 5568 3749 5628 φησι,
3795 5548 3887 5631 τὸ,
