4184 6400
272 338 415 412 1044

998 351 1445 417 ENARRATIO
1492 354 1573 417 IN
1622 348 2134 417 EVANGELIUM
2180 350 2421 415 LUC/E.
2460 385 2538 397 —
2580 354 2746 417 CAP.
2775 354 2911 417 ΧΧ.

3494 352 3665 421 ,1042

269 483 358 552 Μὴ
422 482 656 564 γένοιτο.
720 485 780 545 Τί
832 492 923 544 οὖν
977 488 1005 543 6
1050 489 1326 567 Xpmdc;
1378 485 1602 565 Ἐποίγει
1631 488 1720 544 καὶ
1749 485 1926 565 ἑτέραν

2013 480 2328 546 Christus?
2355 484 2601 548 adducit
2634 495 2693 549 et
2713 487 2879 552 aliud
2915 490 3315 552 testimonium
3355 508 3423 552 ex
3456 490 3666 569 David,

270 573 569 653 μαρτυρίαν
614 572 729 631 ἀπὸ
771 581 863 632 τοῦ
918 573 1094 641 Δαυὶδ,
1152 574 1294 633 λίθον
1342 576 1441 653 μὲν
1497 576 1682 633 ἑαυτὸν
1727 573 1929 650 ὀνομά-⁸

271 669 404 738 ζων,
478 660 793 737 οίκοδόμους
851 661 908 721 δὲ
980 665 1103 730 τοὺς
1161 662 1501 728 διδασκαλους
1557 665 1744 729 αὐτοὺς
1800 662 1934 720 καθά

274 753 363 810 καὶ
422 754 451 810 6
494 750 753 826 Ἰεζεκιήλ
838 777 1023 836 φησιν,
1114 752 1523 831 Οἶκοδομοῦντες
1579 756 1672 812 τὸν
1740 767 1932 834 τοῖχον

278 843 369 899 καὶ
425 841 732 924 ἀλείφοντες
809 843 1129 925 ἀναρτύτως,
1221 844 1513 919 τουτέστιν,
1563 846 1610 901 οἱ
1681 845 1747 901 τὰ
1802 844 1933 922 πρὸς

276 932 436 1012 χάριν
495 931 763 1012 λέγοντες,
823 935 916 992 καὶ
968 932 1424 1013 συγκαλύπτοντες
1473 934 1540 991 τὰ
1583 934 1931 1010 ἐλαττώματα

269 1027 364 1079 τοῦ
418 1019 548 1080 λαοῦ
617 1025 707 1080 καὶ
797 1027 916 1082 οἷον
982 1022 1374 1100 ἐμπλάττοντες
1462 1023 1787 1090 ἐπιπολαίως
1865 1025 1933 1081 τὰ

267 1111 431 1190 σαθρὰ
478 1119 570 1170 τοῦ
621 1111 776 1188 λαοῦ,
823 1113 1003 1192 ὥσπερ
1054 1114 1199 1178 τινὸς
1244 1114 1457 1194 τοίχου,
1503 1116 1625 1177 Πῶς
1655 1111 1710 1170 δὲ
1741 1111 1930 1170 ἀπεδο-

260 1201 498 1277 κίμασαν
551 1204 738 1261 τοῦτον
767 1204 862 1260 τὸν
909 1201 1052 1260 λίθον
1085 1224 1102 1284 ;
1140 1204 1386 1267 Είπόντες
1425 1221 1438 1234 ⁴
1477 1210 1639 1270 Οὗτος
1670 1204 1764 1261 οὐκ
1787 1201 1927 1260 ἔστιν

260 1291 327 1347 ἐκ
379 1298 473 1348 τοῦ
519 1299 673 1354 Θεοῦ.
740 1293 842 1350 Δύο
899 1290 954 1348 δὲ
995 1291 1264 1358 ἀπωλείας
1308 1292 1525 1351 ἐνταῧθα
1582 1292 1748 1372 λέγει’
1802 1294 1925 1354 μίαν

265 1379 365 1454 μὲν
389 1380 506 1450 ’τὴν
548 1383 654 1438 τῶν
698 1381 892 1463 ψυχῶν
935 1383 1131 1458 αὐτῶν,
1176 1381 1244 1452 ἢν
1289 1382 1435 1440 αὐτοὶ
1462 1380 1925 1450 σκανδαλισθέντες

2015 569 2274 652 lapidem
2320 573 2562 656 quidem
2612 580 2871 659 seipsum
2921 580 3262 661 nominans,
3307 580 3668 641 aediﬁcantes

2014 669 2212 724 autem
2233 661 2510 727 doctores
2539 664 2700 746 ipsos
2733 685 2747 727 :
2782 668 3284 748 quemadmodum
3306 677 3364 731 et
3388 661 3666 731 Ezechiel

2016 748 2161 811 dicit
2196 772 2209 814 :
2242 752 2631 817 ZEdiﬁcantes
2682 756 2966 837 parietem
3014 766 3073 819 et
3117 758 3397 820 linientes
3442 758 3667 840 absque

2018 848 2440 923 temperatura,
2476 843 2588 905 hoc
2640 854 2756 926 est,
2802 845 2904 926 qui
2936 846 3009 907 ad
3040 847 3283 927 gratiam
3321 848 3662 929 loquuntur,

2014 934 2072 1017 et
2100 930 2453 1010 cooperiunt
2475 931 2694 994 delicta
2715 935 2939 1016 populi,
2975 944 3033 997 et
3058 936 3234 999 veluti
3264 936 3325 997 in
3347 938 3665 1017 superﬁcie

2015 1016 2151 1106 vitia
2208 1018 2412 1106 populi
2462 1019 2700 1094 liniunt,
2762 1024 2922 1085 velut
2979 1025 3264 1104 parietem
3319 1016 3660 1106 quemdam.

2012 1102 2318 1177 Quomodo
2365 1114 2562 1170 autem
2618 1102 3089 1191 reprobaverunt
3142 1102 3397 1194 lapidem
3447 1115 3613 1176 illum
3642 1118 3672 1177 ?

2010 1196 2147 1275 quia
2177 1195 2457 1259 dicebant
2493 1215 2506 1260 :
2548 1196 2659 1260 Hic
2691 1215 2810 1263 non
2842 1208 2931 1262 est
2978 1220 3049 1263 ex
3081 1200 3224 1265 Deo.
3279 1203 3436 1266 Duas
3467 1214 3663 1267 autem

2010 1283 2377 1362 perditiones
2407 1286 2505 1348 hic
2540 1287 2719 1350 dicit:
2753 1287 2945 1351 Unam
2976 1292 3307 1352 animarum
3342 1292 3577 1355 illorum
3604 1294 3663 1354 in

2008 1391 2182 1463 quam
2229 1374 2574 1439 incidebant
2617 1377 3055 1442 scandalizati:
3100 1380 3311 1443 Omnis
3357 1383 3514 1443 enim
3564 1382 3667 1463 qui

266 1467 462 1528 ’έπαθον
496 1489 512 1506 ⁸
576 1476 687 1537 Πᾶς
745 1461 845 1552 γάρ
897 1472 927 1529 6
990 1473 1169 1530 πεσὼν
1244 1472 1330 1529 ἐπὶ
1383 1473 1473 1528 τὸν
1529 1470 1673 1530 λίθον
1739 1479 1924 1531 τοῦτον

2014 1461 2301 1526 ceciderit
2328 1481 2508 1546 super
2530 1466 2787 1548 lapidem
2812 1467 3014 1543 istum,
3044 1469 3488 1550 confringetur;
3518 1461 3668 1534 alte-

270 1559 719 1632 συνθλασθήσεται
750 1581 762 1594 '
832 1560 1014 1642 ἑτέραν
1067 1560 1123 1619 δὲ
1179 1563 1281 1630 τὴν
1329 1562 1436 1620 ἀπὸ
1483 1566 1583 1630 τῆς
1643 1562 1926 1643 αἰχμαλω.

2014 1552 2547 1649 τέω-οειριίνξιειιίε,
2602 1574 2779 1637 quam
2824 1566 3203 1649 contemptus
3251 1560 3354 1649 ille
3399 1562 3549 1641 lapis
3581 1562 3668 1623 eis

270 1653 414 1724 σίας,
447 1653 514 1720 ἣν
546 1654 574 1710 6
611 1651 753 1718 λίθος
783 1640 968 1720 αὐτοῖς
998 1653 1295 1733 ἐπήγαγεν,
1341 1655 1369 1711 6
1412 1652 1536 1734 παρ’
1580 1640 1752 1711 αὐτῶν
1783 1654 1926 1722 ἐξου-

2016 1640 2323 1745 ᾒξῑυιετίίί
2361 1640 2555 1745 Super
2616 1663 2819 1745 quem.
2850 1646 3012 1708 enim
3071 1647 3376 1724 ceciderit,
3411 1640 3669 1713 dissilire

266 1739 533 1806 δενωθείς.
581 1740 698 1822 Ἐφ’
751 1743 809 1800 ὃν
868 1743 994 1824 γὰρ,
1048 1728 1205 1824 φησὶ,
1256 1743 1431 1817 πέσει,
1462 1728 1716 1819 λικμήσει
1749 1745 1925 1803 αὐτόν.

2017 1728 2185 1831 illum
2213 1730 2410 1795 faciet.
2436 1730 2546 1832 .Sic
2574 1733 2758 1832 igitur
2785 1732 3410 1832 dissiluerunt_Judae_i,
3446 1746 3507 1832 et
3533 1738 3665 1832 dis-

268 1831 447 1891 Οἷτως
491 1835 579 1891 οὗν
637 1822 1010 1910 ἐκλιμήθησαν
1063 1822 1116 1891 οἱ
1189 1832 1461 1914 Ἰουδαῖοι,
1508 1835 1595 1891 καὶ
1632 1831 1926 1914 διεσπάρη-

2015 1822 2175 1899 persi
2205 1828 2365 1901 sunt,
2399 1822 2558 1883 sicut
2611 1822 2798 1903 paleae.
2852 1822 2926 1885 ab
2985 1842 3105 1886 una
3162 1844 3301 1888 area
3353 1826 3573 1890 Judaaae
3602 1830 3665 1890 in

265 1945 385 2003 σαν,
444 1923 623 2001 ὥσπερ
666 1922 846 2005 ἄχυρα
888 1924 996 1981 ἀπὸ
1061 1930 1188 2001 μιᾶς
1231 1921 1460 1997 ἅλωνος,
1505 1928 1606 1992 τῆς
1649 1922 1924 1997 Ἰουδαίας,

265 2015 340 2078 εἰς
384 2015 558 2073 πάντα
598 2016 690 2072 τὸν
732 2015 959 2092 κόσμον.
1015 2016 1401 2095 Παρατήρησον
1463 2011 1543 2088 δὲ,
1601 2012 1684 2072 ὅτι
1726 2015 1927 2094 πρότε-

266 2125 353 2180 ρον
410 2104 609 2162 ἐκεῖνοι
663 2104 854 2163 ἔπεσον
898 2103 985 2162 ἐπὶ
1045 2106 1137 2162 τὸν
1181 2103 1345 2184 λίθον,
1390 2102 1681 2186 τουτέστιν,
1729 2103 1923 2162 ἐσκαν-

264 2191 609 2269 δαλίσθησαν,
655 2192 757 2252 εἴθ’
801 2193 969 2257 οὕτως
1029 2196 1058 2251 6
1110 2192 1252 2260 λίθος
1324 2192 1512 2258 ἓπεσες
1566 2192 1654 2250 ἐπ’
1711 2194 1922 2275 αὑτοὺς,

267 2284 355 2338 καὶ
413 2282 787 2360 ἐτιμωρήσατο
821 2301 835 2316 ·
897 2297 1222 2362 προηγεῖται
1265 2283 1365 2363 γὰρ
1407 2284 1441 2351 ἡ
1504 2282 1612 2359 ἐμὴ
1669 2284 1921 2362 ἁμαρτία,

268 2369 374 2429 εἶθ’
420 2370 586 2436 οὕτως
629 2375 662 2442 ἡ
709 2375 799 2431 τοῦ
842 2380 974 2430 Θεοῦ
1002 2370 1088 2430 ἐπ’
1119 2372 1215 2448 ἐμὲ
1247 2370 1422 2429 δικαία
1476 2373 1724 2450 τιμωρία.
1775 2368 1926 2430 Ἀλλ’

267 2464 315 2518 οἱ
371 2462 469 2537 μὲν
530 2460 781 2522 Ἰοδδαῐοι
846 2461 1240 2539 ἀπεδοκίμασαν
1283 2464 1374 2519 τὸν
1430 2461 1574 2520 λίθον
1616 2469 1800 2520 τοῦτον
1835 2483 1847 2498 ο
1898 2465 1926 2519 6

264 2549 318 2607 δὲ
362 2561 612 2612 τοσοῦτον
670 2551 736 2621 ἧν
780 2551 969 2627 καλὸς,
1027 2553 1117 2610 καὶ
1160 2551 1433 2632 ἐκλεκτὸς,
1478 2552 1616 2609 ὥστε
1647 2554 1721 2617 εἰς
1752 2574 1922 2634 κεφα-

263 2639 366 2707 λὴν
415 2642 612 2719 γωνίας
689 2641 928 2717 τεθῆναι,
1007 2642 1094 2698 καὶ
1150 2640 1238 2698 δύο
1293 2642 1512 2722 τοίχους
1569 2639 1923 2717 συμϐαλέσθαι

261 2731 350 2786 καί
418 2732 637 2811 ὲνῶσαι,
692 2732 759 2788 τά
828 2753 887 2788 τε
950 2730 1154 2789 παλαιὰ
1195 2732 1283 2788 καὶ
1325 2732 1391 2789 τὰ
1433 2729 1548 2790 νέα.
1599 2731 1777 2789 Καίτοι
1823 2730 1925 2787 ἔδει

265 2821 449 2883 αὐτοὺς
509 2820 735 2878 ἆκώσαι
797 2811 1025 2881 Ἠσαίου
1078 2818 1330 2899 λέγοντος
1366 2837 1380 2850 '
1422 2839 1479 2887 ,ι
1539 2829 1724 2895 Κύριον
1768 2822 1925 2882 αὐτὸν

268 2908 539 2987 ἀγιάσετε,

269 2994 412 3053 λίθου
486 2999 861 3074 προσκόμματι
944 2998 1293 3075 συναντήσετε
1391 2998 1553 3072 αὐτῷ,

2015 1913 2201 1998 totum
2255 1909 2395 1971 454
2441 1913 2756 1976 mundum.
2810 1911 3072 1976 Observa
3112 1922 3309 1977 autem
3362 1918 3517 1998 quod
3578 1918 3664 1979 illi

2012 1996 2178 2077 prius
2208 1998 2557 2065 ceciderunt
2590 2017 2772 2083 super
2802 2001 3085 2083 lapidem,
3120 2003 3233 2066 hoc
3264 1996 3663 2085 est,ﬁscanda-

2009 2085 2159 2148 lizati
2189 2100 2351 2168 sunt,
2386 2088 2606 2151 deinde
2641 2088 2786 2171 lapis
2814 2091 3029 2153 cecidit
3059 2110 3242 2173 super
3265 2112 3390 2171 eos,
3428 2104 3485 2156 et
3507 2096 3665 2159 ultus

2011 2182 2101 2237 est
2122 2175 2297 2239 illos:
2330 2178 2617 2257 praecedit
2647 2178 2807 2241 enim
2840 2189 3147 2261 peccatum
3185 2201 3409 2257 meum,
3445 2184 3665 2247 deinde

2009 2265 2284 2355 sequitur
2315 2273 2374 2355 et
2394 2267 2561 2347 justa
2590 2266 2701 2329 Dei
2732 2269 3011 2331 vindicta.
3054 2272 3277 2333 Verum
3306 2271 3497 2336 Judazi
3528 2276 3665 2355 qui-

2011 2354 2151 2416 dem
2181 2354 2658 2436 reprobaverunt
2688 2357 2949 2439 lapidem
2993 2360 3198 2422 istum.
3246 2361 3319 2422 At
3367 2363 3516 2442 lapis
3549 2354 3665 2425 ille

2011 2451 2139 2505 erat
2169 2444 2416 2524 pulcher
2438 2454 2497 2508 et
2528 2446 2780 2527 electus,
2817 2447 2896 2509 ita
2940 2454 3006 2509 ut
3052 2456 3114 2510 et
3157 2450 3215 2510 in
3245 2460 3424 2531 caput
3465 2453 3666 2531 anguli

2010 2534 2089 2596 sit
2120 2534 2367 2615 positus,
2427 2542 2486 2596 et
2527 2534 2907 2615 conjunxerit
2962 2537 3243 2617 parietes,
3307 2548 3366 2601 et
3412 2540 3667 2603 univerit

2012 2632 2225 2684 vetera
2251 2640 2319 2685 ac
2349 2640 2515 2685 nova.
2553 2625 2628 2686 Et
2675 2624 2816 2705 quid
2850 2626 3052 2687 multis
3075 2633 3102 2689 ἲ
3151 2626 3476 2708 Oportebat
3525 2630 3666 2692 illos

2010 2710 2218 2773 audire
2248 2711 2455 2775 Isaiam
2490 2713 2789 2776 dicentem
2826 2735 2839 2777 :
2881 2738 2908 2769 α
2945 2713 3257 2778 Dominum
3293 2718 3489 2798 ipsum
3523 2737 3661 2781 san-

2011 2799 2289 2874 ctiﬁcate,
2321 2809 2379 2862 et
2408 2801 2537 2881 ipse
2562 2805 2676 2863 erit
2724 2811 2918 2864 vester
2950 2804 3148 2879 timor,
3186 2813 3244 2867 et
3290 2826 3406 2868 non
3438 2809 3661 2888 impin-

586 2910 675 2965 καὶ
718 2909 872 2973 αὐτὸς
929 2907 1075 2965 ἔσται
1125 2889 1255 2985 ὑμῖν
1311 2904 1495 2989 φόϐος,
1556 2909 1642 2965 καὶ
1699 2909 1801 2989 οὐχ
1844 2910 1918 2973 ὡς

2013 2891 2154 2969 getis
2171 2889 2445 2992 .inillum
2465 2898 2542 2992 ‘ut
2572 2890 2920 2992 inlapidem
2952 2893 3319 2992 olfensionis,
3355 2905 3413 2958 et
3436 2905 3661 2976 petram

1658 2976 1801 3054 065'"
1838 2999 1914 3063 ὡς

2013 2976 2347 3048 ςοειηόδιίθ.
2388 3004 2415 3036 ιο
2446 2981 2526 3041 At
2572 2980 2661 3041 illi
2712 2982 2971 3043 scientes
3005 2982 3161 3063 quod
3213 2994 3456 3065 propter
3504 2988 3665 3066 ipsos

272 3083 469 3164 πέτρας
529 3088 796 3159 πτώματι,
835 3109 861 3142 n
897 3090 957 3146 Οἱ
986 3084 1041 3142 δὲ
1070 3088 1159 3144 καὶ
1188 3086 1425 3164 γνόντες,
1486 3084 1566 3143 ὅτι
1609 3083 1680 3141 δι’
1735 3088 1922 3152 αὐτοὺς

2013 3069 2350 3148 parabolam
2383 3068 2559 3149 dicat,
2596 3070 2913 3134 consilium
2944 3072 3153 3134 ineunt
3183 3082 3388 3149 contra
3412 3093 3572 3161 eum,
3609 3085 3667 3138 et

285 3156 386 3243 τὴν
436 3174 743 3245 παραϐολὴν
797 3175 964 3256 λέγει,
1022 3175 1359 3254 βουλεύονται
1431 3173 1552 3233 κατ’
1609 3178 1787 3249 αὐτοῦ,
1847 3178 1926 3233 καῖ

2018 3156 2136 3217 nisi
2165 3156 2374 3220 fuisset
2403 3157 2579 3217 timor
2604 3158 2829 3239 populi,
2862 3161 3045 3221 etiam
3080 3179 3292 3222 manus
3321 3158 3665 3242 injecisSent

284 3265 328 3320 εἰ
371 3265 449 3339 μὴ
492 3266 558 3334 ἦν
601 3268 629 3322 6
673 3272 765 3322 τοῦ
808 3264 937 3323 λαοῦ
981 3262 1168 3347 φόϐος,
1200 3266 1289 3322 καὶ
1316 3279 1510 3345 χεῖρας
1559 3263 1621 3321 ἂν
1675 3262 1934 3322 ἐπέϐαλον

278 3352 363 3411 ἐπ’
422 3355 603 3420 αὐτόν,
668 3356 766 3414 Καὶ
806 3361 899 3412 τοῦ
943 3356 1043 3432 μὲν
1084 3355 1249 3432 νόμου
1290 3353 1562 3434 λέγοντος,
1607 3352 1804 3411 Ἀθῶον
1846 3362 1933 3417 καὶ

277 3441 477 3502 δίκαιον
534 3444 631 3502 οὐκ
714 3444 1057 3519 ἀποκτενεῖς,
1133 3446 1495 3524 παρήκουσαν,
1553 3442 1646 3501 τόν
1699 3441 1754 3499 δὲ
1826 3450 1931 3500 τῶν

274 3534 563 3613 ἀνθρώπων
620 3536 783 3611 θυμὸν
853 3532 1156 3616 φοϐῶνται,
1214 3535 1303 3591 καὶ
1366 3531 1774 3590 ἀναστέλλονται
1831 3532 1929 3600 τῆς

272 3625 334 3679 ἐκ
362 3630 455 3679 τοῦ
483 3631 708 3704 φανεροῦ
737 3624 1020 3688 ἐπιθέσεως
1058 3620 1449 3682 ἐπιϐουλεύουσι
1478 3620 1535 3679 δὲ
1566 3621 1765 3685 ἄλλως,

359 3737 387 3766 α
451 3714 549 3772 Καὶ
636 3715 1134 3794 παρατηρήσαντες,
1213 3711 1530 3771 ἀπέστειλαν
1616 3712 1926 3792 ἐγκαθέτους

271 3802 709 3879 ὑποκρινομένους
770 3804 986 3868 ἑαυτοὺς
1064 3800 1294 3865 δικαίους
1352 3803 1519 3876 εἶναι,
1583 3801 1674 3859 ἵνα
1733 3802 1928 3859 ἐπιλά-

270 3889 466 3948 ϐωνται
511 3893 669 3949 αὑτοῦ
727 3891 885 3972 λόγον
950 3895 1025 3957 είς
1099 3894 1160 3948 τὸ
1218 3889 1539 3970 παραδοῦναι
1631 3889 1788 3949 αὐτὸν
1859 3892 1927 3959 τῆ

272 3981 441 4063 ἀρχῇ,
490 3986 577 4039 καὶ
620 3989 689 4059 τῇ
747 3981 949 4055 ἐξουσίᾳ
989 3988 1081 4040 τοῦ
1134 3983 1420 4060 ἡγεμόνος.
1485 3983 1582 4040 Καὶ
1638 3981 1929 4060 ἐπηρώτων

270 4070 449 4151 αὗτὸν,
510 4070 755 4151 λέγοντες
792 4091 808 4108 ·
863 4069 1182 4141 Διδάσκαλε,
1225 4069 1471 4151 οἴδαμεν,
1517 4070 1597 4127 ὅτι
1650 4070 1814 4150 ὀρθῶς
1846 4070 1929 4128 λέ.

266 4182 402 4238 γεις,
457 4164 547 4219 καὶ
627 4160 912 4232 διδάσκεις,
998 4162 1086 4218 καὶ
1143 4161 1202 4217 οὒ
1272 4159 1561 4237 λαμϐάνεις
1618 4161 1924 4241 πρόσωπον,

266 4249 386 4306 ἀλλ’
432 4248 516 4306 ἐπ’
564 4251 811 4317 ἀληθείας
870 4252 971 4319 τὴν
1033 4248 1153 4307 ὁδὸν
1194 4260 1287 4310 τοῦ
1330 4257 1462 4307 Θεοῦ
1501 4248 1762 4315 διδάσκεις
1812 4249 1928 4316 ἕξε-

266 4361 384 4395 στιν
432 4342 567 4417 ἡμῖν
613 4342 772 4422 φόρον
827 4341 1046 4419 Καίσαρι
1096 4340 1295 4418 δοῦναι,
1342 4340 1378 4410 ἢ
1422 4339 1521 4417 οἶί;
1582 4342 1928 4409 Κατανοήσας

2017 3246 2078 3306 in
2107 3264 2263 3308 eum.
2326 3244 2398 3306 Et
2455 3255 2940 3328 contempserunt
2996 3249 3237 3329 quidem
3287 3251 3478 3330 legem
3535 3272 3667 3333 quae

2013 3335 2157 3396 dicit
2188 3352 2203 3397 :
2252 3338 2641 3398 Innocentem
2679 3344 2738 3398 et
2764 3338 2992 3415 justum
3024 3357 3144 3400 non
3176 3340 3437 3402 occides.
3462 3340 3665 3403 Timu-

2015 3430 2189 3486 erunt
2218 3432 2413 3486 autem
2444 3433 2504 3485 et
2535 3425 2799 3505 repressi
2854 3436 2991 3488 sunt
3041 3447 3074 3488 a
3121 3437 3282 3489 metu
3331 3429 3659 3511 hominum,

2013 3533 2089 3576 ne
2124 3513 2435 3575 manifeste
2482 3512 2764 3576 invadant
2809 3534 2968 3592 eum,
3022 3517 3127 3578 sed
3171 3518 3321 3579 clam
3368 3520 3423 3581 ei
3465 3520 3663 3581 denuo

2011 3602 2395 3667 insidiantur.
2478 3632 2481 3633 ν

2092 3691 2275 3757 Vnus.
2309 3690 2534 3756 21—26.
2574 3714 2601 3747 α
2634 3691 2704 3753 Et
2734 3692 3121 3758 observantes
3151 3698 3483 3761 emiserunt
3511 3700 3661 3760 insi—

2010 3782 2269 3844 diatores
2288 3781 2390 3863 qui
2421 3799 2487 3842 se
2511 3783 2706 3861 justos
2732 3783 3103 3862 simularent,
3135 3796 3197 3848 ut
3227 3797 3662 3868 caperenteum

2012 3890 2081 3933 ex
2143 3888 2446 3946 sermone,
2499 3870 2922 3952 traderentque
2974 3874 3139 3937 illum
3203 3872 3560 3958 principatui
3608 3887 3667 3939 et

2014 3958 2284 4042 potestati
2309 3958 2577 4040 praasidis
2605 3981 2619 4023 :
2655 3969 2715 4022 et
2743 3961 3261 4043 interrogaverunt
3293 3968 3666 4041 eum,dicen-

2011 4060 2099 4112 tes
2138 4068 2152 4114 :
2187 4048 2489 4130 Magister,
2519 4050 2746 4111 scimus
2778 4054 2934 4132 quod
2966 4066 3127 4116 recte
3171 4055 3319 4117 dicis
3349 4077 3417 4118 ac
3462 4057 3662 4132 doces,

2015 4160 2125 4203 nec
2157 4140 2409 4222 respicis
2436 4158 2783 4220 personam.
2809 4145 2912 4204 sed
2944 4145 3097 4205 viam
3120 4144 3222 4208 Dei
3254 4166 3385 4207 cum
3420 4147 3665 4209 veritate

2014 4232 2198 4292 doces
2227 4250 2239 4292 :
2274 4230 2414 4291 licet
2444 4228 2616 4290 nobis
2637 4229 2921 4292 tributum
2956 4234 3097 4295 dare
3130 4236 3364 4309 Caesari,
3391 4255 3465 4297 an
3505 4237 3666 4297 non?

2013 4320 2321 4383 Intellecta
2349 4326 2544 4379 autem
2598 4318 2834 4380 illorum
2882 4323 3161 4404 versutia,
3212 4323 3359 4385 dixit
3405 4325 3476 4385 ad
3508 4345 3657 4386 eos:

265 4427 321 4485 δί
380 4433 550 4487 αἰτῶν
610 4432 711 4498 τὴν
769 4434 1111 4513 πανουργίαν,
1174 4436 1297 4488 εἷπε
1350 4432 1480 4510 πρὸς
1530 4430 1740 4493 αὖτούς⁶
1778 4430 1840 4487 Τί
1866 4453 1926 4505 με

2018 4408 2169 4482 Quid
2204 4428 2297 4469 me.
2327 4406 2609 4507 tetttatis?
2637 4405 2943 4510 Ostendite
2967 4412 3113 4472 mihi
3145 4413 3665 4513 denarium-Cujus

266 4521 585 4601 πειράζετες
665 4519 990 4587 Ἐπιδείξατέ
1074 4544 1165 4597 μοι
1242 4519 1509 4600 δηνάριον.
1571 4521 1722 4584 Τίνος
1809 4519 1929 4599 ἔχει

264 4611 441 4667 εἰκόνα
498 4613 587 4668 καὶ
630 4610 980 4692 ἐπιγραφήν,
1041 4609 1446 4691 Ἀποκριθέντες
1504 4610 1686 4671 εἶπον.
1725 4610 1925 4667 Καίσα-

262 4722 376 4777 ρος.
440 4692 498 4759 Ὀ
558 4698 613 4757 δὲ
670 4702 827 4759 εἶπεν
887 4703 1069 4767 αὐτοῖς
1108 4725 1121 4740 ·
1185 4698 1441 4759 Ἀπόδοτε
1480 4700 1653 4757 τοίνυν
1693 4698 1759 4755 τὰ
1792 4699 1927 4757 Καί-

261 4812 421 4865 σαρος
475 4789 725 4869 Καίσαρι,
811 4793 901 4848 καὶ
980 4793 1045 4849 τὰ
1118 4799 1212 4849 τοῦ
1281 4799 1413 4849 Θεοῦ
1463 4797 1540 4865 τῷ
1614 4795 1750 4862 Θεῷ.
1828 4788 1927 4845 Καὶ

259 4896 354 4936 ουκ
405 4879 641 4960 ἴσχυσαν
724 4878 1065 4939 ἐπιλαϐέσθαι
1152 4882 1310 4938 αὒτοῦ
1381 4881 1619 4959 ῥήματος
1689 4876 1922 4934 ἐναντίον

258 4977 352 5025 τοῦ
450 4968 603 5043 λαοῦ,
695 4972 782 5029 καὶ
876 4974 1238 5044 θαυμάσαντες
1325 4970 1411 5028 ἐπὶ
1494 4976 1561 5046 τῇ
1649 4968 1921 5046 ἀποκρίσει

258 5060 440 5139 αὐτου,
516 5059 795 5139 ἐσίγησαν.
880 5079 908 5119 ι
1001 5059 1203 5140 Παγίδα
1277 5060 1575 5136 ἡτοίμασαν
1633 5060 1680 5114 οἱ
1751 5064 1920 5135 Φαρι-

257 5162 404 5205 σαῖοι
465 5145 841 5229 δυσδιάφυκτον
896 5155 975 5223 τῷ
1011 5150 1205 5229 Κυρίῳ,
1240 5149 1313 5215 ὣς
1373 5171 1435 5229 γε
1491 5146 1729 5218 ἐδόκουν,
1788 5143 1926 5201 ἀλλά

258 5234 560 5318 συνελήφθη
623 5237 677 5293 ἐν
735 5239 901 5314 ταύτῃ
960 5241 988 5296 6
1045 5240 1174 5305 ποὺς
1228 5242 1399 5299 αὐτῶν
1433 5255 1447 5268 ’
1505 5236 1589 5294 ’ίδε
1647 5237 1747 5315 γὰρ
1815 5256 1922 5290 κα-

257 5327 529 5404 κουργίαν,
590 5330 649 5385 Εί
707 5329 804 5404 μὲν
849 5327 1018 5408 εἴποι,
1066 5331 1249 5410 φησὶν,
1301 5327 1381 5386 ὅτι
1440 5327 1524 5385 δεῖ
1555 5329 1747 5407 φόρους
1777 5322 1923 5381 διδό-

253 5440 340 5473 ναι
401 5417 647 5496 Καίσαρι,
725 5418 1126 5498 κατηγορητέος
1184 5420 1316 5498 πρὸς
1375 5420 1466 5475 τὸν
1524 5417 1677 5490 λαὸν,
1732 5417 1805 5476 ὡς
1863 5416 1924 5469 τὸ

254 5505 401 5570 ἔθνος
431 5509 506 5571 εἷς
568 5505 805 5567 δουλείαν
842 5509 1087 5591 ὑπάγων,
1145 5508 1356 5589 σπέρμα
1402 5505 1646 5588 Ἀϐραὰμ
1700 5505 1787 5579 ὃν,
1838 5502 1927 5560 καὶ

347 5666 529 5733 615a.
562 5685 688 5746 vm,
726 5667 948 5745 13,14.

2018 4500 2197 4562 habet
2226 4497 2544 4577 imaginem
2589 4504 2647 4558 et
2677 4498 3126 4579 inscriptionem
3153 4503 3176 4565 ?
3210 4503 3664 4582 Respondenles

2015 4591 2311 4661 dixerunt,
2345 4586 2615 4651 Caesaris.
2654 4589 2726 4649 Et
2756 4591 2836 4650 ait
2865 4591 2983 4652 illis
3020 4614 3032 4652 :
3064 4595 3317 4657 Reddite
3347 4615 3484 4673 ergo
3532 4616 3663 4676 qua),

2011 4690 2148 4743 sunt
2177 4678 2445 4757 Caesaris,
2479 4676 2697 4767 Caesari
2732 4699 2745 4737 :
2796 4688 3018 4762 etquae
3063 4696 3196 4747 sunt
3228 4686 3358 4767 Dei,
3394 4687 3537 4750 Deo.
3592 4687 3663 4749 Et

2012 4790 2129 4833 non
2162 4773 2476 4851 potuerunt
2506 4766 2749 4828 verbum
2800 4772 2929 4850 ejus
2960 4777 3410 4855 reprehendere
3459 4797 3658 4839 coram

2008 4860 2229 4944 populo
2264 4877 2280 4936 ;
2314 4866 2373 4920 et
2404 4855 2596 4918 mirati
2627 4875 2808 4938 super
2837 4879 3125 4943 responso
3160 4869 3309 4947 ejus,
3344 4869 3655 4929 obmutue-

2006 4959 2165 5014 runt,
2205 4973 2231 5003 α
2260 4950 2565 5037 Laqueum
2596 4959 2943 5025 paraverant
2972 4952 3269 5032 Pharisaei,
3304 4975 3481 5037 quem
3509 4956 3664 5018 difﬂ-

2006 5041 2143 5121 cile,
2174 5046 2242 5100 ut
2272 5032 2746 5126 sibtvidebatur,
2781 5040 3042 5119 effugere
3074 5053 3303 5126 poterat
3322 5032 3619 5107 Dominus
3647 5066 3660 5107 :

2006 5132 2112 5193 sed
2144 5125 2617 5208 comprehensus
2648 5137 2735 5189 est
2766 5128 2867 5191 illo
2901 5150 3005 5212 pes
3048 5145 3284 5196 eorum.
3318 5135 3471 5199 Vide
3502 5136 3663 5197 enim

2009 5218 2321 5282 malitiam.
2351 5218 2503 5279 Nam
2535 5216 2585 5277 si
2618 5217 2861 5294 quidem
2894 5222 3146 5286 dixisset
3179 5225 3443 5287 dandum
3481 5226 3663 5287 tribu-

2010 5322 2133 5374 tum
2169 5305 2407 5381 Caesari,
2436 5318 2815 5398 accusassent
2845 5330 2979 5372 eum
3012 5316 3168 5395 apud
3197 5316 3480 5398 populum
3505 5316 3661 5395 quod

2006 5401 2067 5463 in
2098 5395 2441 5462 servitutem
2469 5395 2745 5475 redigere
2777 5400 3010 5463 studeat
3035 5412 3266 5482 gentem
3281 5395 3422 5486 quan
3454 5426 3663 5468 suumn

2008 5493 2267 5559 Abrahae
2296 5492 2396 5568 sit,
2428 5498 2491 5554 et
2521 5489 2741 5551 nullius
2773 5490 3039 5553 servituti
3065 5492 3319 5557 obnoxia
3355 5517 3367 5558 :
3404 5497 3496 5558 sin
3532 5515 3666 5576 pro-
