4184 6404
454 359 611 426 1043

1429 360 2016 427 THEOPHYLACTI
2065 359 2471 424 BULGARIE
2515 360 2873 427 ARCHIEP.

3693 360 3851 427 1044

456 502 749 566 hibuisset
778 504 944 580 dare,
972 504 1185 565 iterum
1219 503 1291 565 ad
1326 503 1636 584 praesidem
1666 512 1731 566 ut
1760 501 2110 564 seditiosum

2224 492 2383 559 ιηδενι
2443 494 2724 553 δουλεῦσαν
2758 517 2771 530 ·
2805 500 2849 553 εἶ
2878 496 2931 553 δὲ
2960 497 3153 554 κωλύει
3185 500 3376 579 φόρους
3420 496 3644 565 διδόναι,
3691 496 3853 553 πάλιν

462 592 798 656 traxissent.
834 595 1052 656 Verum
1106 594 1233 675 ipse
1283 594 1531 674 laqueos
1580 612 1784 654 eorum
1819 592 2023 667 effugit
2053 599 2116 652 ut

456 701 693 763 caprea,
727 703 843 763 quo
876 682 1119 744 nomine
1166 684 1360 763 ipsum
1408 685 1464 744 in
1507 682 1763 747 Canticis
1798 681 2115 761 appellavit

457 788 697 852 sponsa,
724 780 782 833 et
822 773 995 834 docet
1021 787 1086 834 ut
1115 772 1169 833 ei
1201 772 1302 853 qui
1336 779 1684 853 potestatem
1726 770 1902 833 habet
1932 788 2114 850 super

457 878 705 939 corpora
737 870 936 922 nostra
967 862 1363 943 corporaliter
1390 861 1828 941 subjaceamus,
1863 862 1986 920 sive
2008 878 2111 919 rex

456 947 557 1009 ille
590 949 685 1024 sit,
721 951 841 1012 sive
875 958 1186 1028 tyrannus,
1220 951 1371 1013 nihil
1400 950 1561 1013 enim
1596 950 1708 1011 hoc
1740 948 1908 1010 nobis
1941 956 2115 1009 nocet

458 1046 518 1098 ut
550 1037 941 1117 spiritualiter
1000 1040 1154 1102 bene
1208 1042 1550 1118 placeamus
1596 1038 1717 1101 Deo
1770 1038 2109 1119 spirituum.

461 1127 718 1190 Reddite
747 1128 932 1203 enim,
970 1130 1184 1210 inquit,
1218 1150 1351 1210 quae
1401 1129 1646 1192 Caesaris
1676 1137 1835 1197 sunt.
1870 1126 2108 1199 Caesari,

460 1223 521 1277 et
549 1235 683 1296 quae
711 1229 847 1279 sunt
879 1219 1010 1291 Dei,
1046 1218 1280 1283 Deo.Et
1313 1218 1443 1279 vide
1468 1218 1607 1299 quia
1640 1236 1758 1279 non
1793 1216 2105 1296 dixit,date

460 1306 565 1367 sed
598 1306 833 1370 reddite
884 1309 1165 1372 Debitum
1199 1309 1407 1388 igitur,
1442 1308 1657 1388 inquit,
1687 1315 1777 1369 est
1822 1328 1835 1369 :
1892 1304 2127 1367 reddite

463 1394 641 1473 igitur
670 1395 966 1461 debitum.
1002 1398 1273 1462 Custodit
1302 1406 1361 1460 te
1393 1396 1672 1477 princeps
1707 1407 1844 1457 tuus
1865 1395 1939 1455 ub
1976 1394 2122 1481 hos:

464 1482 643 1555 tibus,
674 1484 851 1547 vitam
887 1495 1042 1548 tuam
1078 1494 1338 1567 pacatam
1384 1487 1524 1548 facit
1557 1503 1571 1547 :
1610 1484 1790 1546 debes
1834 1484 2029 1564 itaque
2060 1488 2116 1542 el

467 1590 574 1652 pro
608 1572 701 1634 his
734 1574 1044 1655 tributum,
1087 1575 1416 1653 praesertim
1460 1593 1593 1635 cum
1627 1582 1685 1634 et
1717 1573 1910 1654 ipsum
1943 1589 2118 1652 quem

467 1661 697 1741 profers
728 1681 1059 1735 nummum,
1097 1663 1169 1724 ab
1201 1663 1303 1725 illo
1356 1664 1486 1743 ipso
1521 1662 1725 1724 habes.
1777 1660 1958 1740 Igitur
2006 1680 2119 1720 nu-

468 1750 682 1811 misma
706 1752 873 1831 regis
894 1752 1108 1815 iterum
1142 1752 1226 1813 illi
1257 1752 1470 1832 redde,
1494 1750 1732 1813 interim
1756 1760 1948 1811 autem
1984 1747 2125 1809 455
2148 1786 2183 1835 Β

469 1836 575 1898 tibi
606 1836 878 1914 lucraris,
934 1841 1091 1921 quod
1145 1858 1253 1921 per
1302 1840 1523 1920 ipsum,
1568 1858 1701 1921 quae
1756 1838 1887 1899 vitae
1925 1838 2125 1900 debita

467 1934 626 2007 sunt,
661 1937 1030 2007 praestantur.
1081 1932 1177 1991 Sic
1224 1929 1481 2010 denique
1514 1938 1572 1991 et
1618 1946 1753 2009 quae
1802 1926 1907 1989 Dei
1958 1936 2121 1997 sunt.

470 2013 591 2076 Deo
620 2025 758 2078 sunt
786 2018 1299 2081 reddenda.Dedit
1322 2018 1427 2080 tibi
1455 2017 1912 2092 mentem,illam
1939 2016 2127 2087 redde

469 2103 747 2184 ei,juxta
777 2116 1035 2170 mentem
1083 2127 1384 2187 operans:
1436 2107 1601 2170 dedit
1652 2106 1756 2168 tibi
1806 2107 2123 2179 rationem,

468 2193 656 2255 redde
675 2194 731 2256 ei
762 2195 949 2277 illam,
979 2216 1054 2260 ne
1090 2199 1193 2258 fias
1230 2196 1421 2259 brutis
1452 2195 1870 2276 insipientibus
1893 2196 2125 2263 similis,

471 2281 574 2343 sed
608 2282 787 2346 facias
814 2287 1017 2349 omnia
1039 2298 1101 2347 ut
1132 2286 1458 2349 rationalis.
1484 2285 1550 2347 Et
1582 2287 1642 2346 in
1677 2304 1929 2359 summa,
1967 2284 2133 2347 dedit

471 2370 579 2433 tibi
611 2372 869 2435 animam
902 2383 961 2436 et
991 2394 1214 2452 corpus
1247 2396 1260 2439 :
1295 2375 1496 2435 omnia
1535 2373 1722 2436 redde
1755 2374 1833 2449 ei,
1868 2384 1923 2436 et
1975 2374 2129 2434 ima-

473 2459 671 2539 ginem
704 2480 870 2523 suam
903 2466 1151 2527 restitue
1183 2464 1235 2525 ei
1267 2482 1374 2545 per
1404 2464 1607 2537 ﬁdem,
1642 2482 1745 2543 per
1771 2481 1962 2542 spem,
2002 2480 2131 2543 per-

476 2567 591 2628 que
625 2551 967 2613 cltaritatem
1000 2554 1311 2616 incedens.
1342 2551 1501 2615 Sane
1537 2562 1593 2612 et
1624 2553 1797 2613 aliter
1826 2550 2134 2613 reddenda

475 2646 611 2699 sunt
649 2638 887 2716 Caesari,
914 2660 1045 2722 quae
1075 2641 1322 2703 Caesaris
1346 2649 1505 2716 sunt,
1542 2641 1951 2721 unusquisque
1972 2642 2132 2701 enim

477 2736 743 2789 nostrum
775 2729 1091 2809 imaginem
1118 2730 1224 2792 Dei
1243 2738 1456 2808 gestat,
1480 2732 1569 2792 vel
1591 2730 1875 2811 principis
1904 2730 2129 2800 mundi,

477 2818 624 2878 Cum
657 2815 838 2896 igitur
884 2818 1110 2879 similes
1160 2838 1267 2880 nos
1329 2818 1653 2880 fecerimus
1698 2817 1941 2892 Caesari,
2001 2817 2137 2878 facti

2195 585 2327 661 πρὸς
2383 586 2473 640 τὸν
2524 587 2764 663 ἡγεμόνα
2825 586 3053 666 ἄξουσιν,
3118 590 3188 652 ὡς
3268 590 3616 657 στασιασττςν,
3679 580 3735 645 Ὀ
3798 585 3853 641 δὲ

2196 674 2314 735 τοὺς
2376 673 2605 753 βρόχους
2655 679 2824 734 αὐτῶν
2882 676 3148 757 ἐκφεύγει,
3210 680 3282 741 ὡς
3316 675 3527 756 δορκὰς,
3562 678 3697 733 οὕτω
3754 677 3854 753 γὰρ

2197 761 2353 818 αὑτὸν
2400 763 2452 819 ἐν
2498 771 2575 838 τῷ
2604 762 2858 840 ’¹Ασματι
2890 767 2924 833 ἡ
2959 767 3133 846 νύμφη
3168 767 3434 845 ὠνόμασε,
3470 768 3556 823 καὶ
3598 764 3851 836 διδάσκει,

2198 849 2279 907 ὅτι
2350 854 2409 908 τὸ
2482 860 2803 928 σωματικῶς
2888 856 3193 913 ὃποκεῒσθαι
3272 862 3349 929 τῷ
3426 859 3533 911 τῶν
3591 855 3854 929 σωμάτιον

2450 940 2824 1022 ἐξουσιάζοντι,
2897 942 3019 1001 εἴπε
3107 945 3343 1025 βασιλεῖ,
3406 946 3527 1001 εἶ’πε
3598 945 3853 1022 τυράννῳ,

2198 1028 2343 1086 οὒδὲν
2396 1033 2535 1106 ἡμῖν
2594 1030 2902 1107 λυμαίνεται
2958 1036 3088 1112 πρὸς
3147 1038 3208 1092 τὸ
3282 1036 3585 1112 εὖαρεστεῖν
3616 1056 3853 1107 πνευμα-

2196 1122 2354 1183 τικῶς
2409 1127 2485 1194 τῷ
2530 1127 2645 1194 Θεῷ
2688 1128 2795 1178 τῶν
2825 1124 3164 1199 πνευμάτων.
3208 1122 3465 1181 Ἀπόδοτε
3519 1125 3638 1202 γὰρ,
3702 1124 3857 1201 φησὶ,

2204 1209 2271 1264 τα
2328 1209 2583 1285 Καίσαρος
2636 1210 2879 1291 Καίσαρι,
2938 1214 3026 1269 καὶ
3082 1214 3148 1269 τά
3196 1221 3288 1269 τοῦ
3319 1221 3449 1272 Θεοῦ
3477 1221 3552 1287 τῷ
3584 1219 3718 1285 Θεῷ.
3764 1212 3861 1267 Καὶ

2209 1294 2328 1375 ὅρα,
2364 1297 2459 1353 οὒκ
2492 1302 2613 1354 εἷπε
2644 1300 2797 1373 Δότε,
2824 1299 2942 1355 ἀλλ’
2964 1300 3239 1359 Ἀπόδοτε.
3274 1304 3455 1380 Χρέος,
3481 1304 3657 1382 φησὶν,
3696 1300 3859 1366 ἐστὶν,

2210 1384 2405 1449 ἀπόδος
2466 1390 2554 1443 οὖν
2609 1390 2708 1455 τὴν
2768 1390 3012 1469 ὀφειλήν,
3070 1391 3331 1448 Φυλάττει
3376 1414 3433 1447 σε
3484 1394 3511 1447 ὁ
3543 1391 3726 1471 ἅρχων
3770 1412 3865 1445 σου

2213 1476 2271 1530 ἐκ
2325 1481 2431 1531 τῶν
2488 1476 2780 1553 πολεμίων,
2840 1481 2931 1535 τὸν
2972 1481 3083 1556 βίον
3152 1503 3243 1537 σου
3295 1482 3561 1559 εἷρηναἾιν
3618 1483 3861 1547 καθιστᾷ·

2206 1580 2506 1643 χρεωστετς
2551 1566 2638 1623 οὖν
2673 1570 2814 1642 αὐτῷ
2868 1570 2958 1625 τὸν
3019 1571 3179 1649 φόρον
3208 1571 3322 1626 ἀντὶ
3349 1572 3570 1647 τούτων,
3604 1567 3776 1631 ἄλλως
3810 1588 3866 1621 τε

2204 1654 2291 1709 καὶ
2323 1655 2472 1735 αὐτὸ,
2514 1658 2542 1712 ὃ
2602 1658 2937 1737 προσφέρεις,
2998 1659 3259 1732 τουτέστι,
3314 1662 3376 1715 τὸ
3434 1660 3691 1734 νόμισμα,
3740 1656 3870 1733 παρ’

2204 1741 2407 1803 ἐκείνου
2464 1747 2622 1803 αὐτοῦ
2676 1746 2851 1826 ἔχεις.
2898 1750 2970 1807 Τὸ
3031 1752 3119 1805 οὗν
3176 1752 3268 1805 105
3318 1748 3580 1825 βασιλέως
3631 1748 3865 1820 νόμισμα

2205 1830 2403 1896 ἀπόδος
2457 1834 2619 1894 πάλιν
2665 1841 2831 1911 αὐτῷ.
2881 1838 2972 1895 Ἐν
3015 1845 3092 1913 τῷ
3131 1839 3279 1914 μέσῳ
3317 1837 3370 1893 δὲ
3419 1836 3742 1915 κεκέρδηκις
3801 1833 3869 1890 δι’

2208 1922 2365 1979 αὑτοῦ
2430 1923 2825 2001 συναλλάσσων,
2860 1931 2947 1983 καὶ
3004 1928 3069 1983 τὰ
3127 1930 3259 2007 πρὸς
3315 1931 3405 1983 τὸν
3462 1929 3572 2004 βίον
3630 1925 3871 2006 χρειώδη

2210 2014 2767 2092 μεταχειριζόμενος·
2832 2016 3011 2095 ὥσπερ
3082 2017 3266 2090 ἀμέλει
3327 2019 3413 2073 καὶ
3480 2019 3544 2072 τὰ
3596 2025 3688 2073 τοὺ
3740 2018 3875 2071 Θεοῦ

2209 2106 2286 2174 τῷ
2344 2107 2459 2175 Θεῷ
2509 2101 2592 2159 δεῖ
2644 2103 2968 2163 ἀποδιδόναι.
3039 2105 3245 2163 Δέὸωκέ
3300 2129 3381 2163 σοι
3454 2109 3595 2176 νοῦν,
3674 2102 3872 2167 ἀπόδος

2216 2189 2370 2246 αυτὸν
2424 2191 2565 2267 αὐτῷ
2609 2194 2744 2250 κατὰ
2801 2195 2919 2251 νοῦν
2974 2194 3221 2275 ἐνεργῶν,
3274 2194 3619 2252 Δέδωκέ.σοι
3683 2193 3869 2271 λόγον,

2214 2277 2409 2344 ἀπόδος
2466 2282 2621 2338 αὐτὸν
2696 2283 2861 2358 αὐτῷ,
2939 2286 3016 2359 μὴ
3090 2283 3668 2363 συμπαραὸαλλὸμενος
3751 2298 3871 2346 τοϊς

2213 2369 2430 2438 κτήνεσι
2473 2386 2591 2435 τοῖς
2636 2372 2913 2447 ἀνοήτοις,
2960 2373 3080 2430 ἀλλ’
3128 2377 3197 2435 ὡς
3244 2374 3459 2452 λογικὸς
3504 2375 3677 2430 πάντα
3710 2376 3873 2451 πράτ-

2215 2479 2339 2514 των.
2410 2460 2508 2518 Καὶ
2580 2461 2764 2525 ἁπλῶς
2851 2462 3044 2520 δέδωκέ
3124 2486 3206 2520 σοι
3268 2466 3475 2543 ψυχὴν,
3534 2465 3623 2519 καὶ
3696 2468 3876 2536 σῶμα,

2216 2548 2387 2604 πάντα
2426 2548 2621 2616 ἀπόδος
2673 2556 2833 2627 αὐτῷ,
2880 2555 2968 2609 καὶ
3024 2554 3123 2620 τὴν
3176 2554 3351 2609 εἰκόνα
3402 2556 3555 2610 αὖτοῦ
3599 2553 3881 2609 ἀποκατά-

2216 2658 2414 2702 στησον
2473 2640 2615 2713 αὖτῷ
2672 2638 2755 2697 διὰ
2826 2643 3071 2713 πίστεως,
3137 2641 3203 2697 δι’
3249 2641 3481 2717 ἐλπίδος,
3538 2641 3604 2697 δι’
3663 2642 3882 2719 ἀγάπης

2215 2725 2438 2803 βαδῖνων
2536 2730 2629 2784 Καὶ
2703 2732 2799 2785 μὲν
2884 2733 2970 2788 καὶ
3029 2731 3217 2788 ἑτέρω,
3369 2734 3379 2749 ε
3464 2732 3476 2749 η
3564 2729 3592 2785 δ
3619 2728 3669 2751 λι
3850 2732 3865 2767 Ι.

2334 2764 2361 2797 5
2447 2772 2459 2785 ·
2702 2785 2713 2804 ,
2747 2776 2766 2785 -
3028 2766 3051 2787 ι
3090 2766 3141 2806 ιν
3194 2774 3215 2795 η
3286 2754 3395 2811 χρη
3455 2754 3561 2788 απο
3595 2750 3756 2787 ιοοιαι
3814 2753 3884 2784 τα

2218 2814 2479 2895 Καίσαρος
2532 2820 2747 2895 Καίσαρι
2782 2837 2795 2849 ’
2865 2820 3086 2885 ἕκαστος
3146 2823 3245 2899 γὰρ
3296 2824 3448 2896 ἡμῶν
3477 2821 3512 2888 ἢ
3545 2827 3675 2876 Θεοῦ
3704 2821 3885 2875 εἰκόνα

2196 942 2229 1008 ἡ
2235 946 2350 1014 μῶν

478 2905 585 2967 filii
617 2904 1184 2987 diaboli,imaginem
1212 2909 1341 2988 ejus
1367 2908 1858 2987 gestantes,illam
1884 2907 2138 2968 reddere

2224 2920 2394 2985 φορεῖ,
2449 2907 2485 2975 ἢ
2546 2919 2638 2966 τοῦ
2680 2911 3130 2989 κοσμοκράτορος,
3170 2902 3345 2968 ”Οταν
3399 2912 3485 2964 οὖν
3529 2909 3883 2984 ὁμοιώσωμεν

482 2994 535 3055 ei
563 3002 822 3075 oportet,
859 3003 917 3056 et
942 2996 1205 3076 abjicere
1241 3015 1256 3059 :
1292 3006 1356 3057 ut
1387 2996 1749 3076 habeatquae
1772 3004 1968 3070 sua,et
1991 2995 2137 3055 nihil

2224 2997 2437 3057 ἑαυτοὺς
2495 3005 2571 3071 τῲ
2620 3003 2861 3076 Καίσαρι,
2924 3002 3023 3055 υἱοὶ
3053 3008 3144 3056 τοῦ
3174 2997 3420 3055 διαϐόλου
3449 2999 3741 3075 γινόμενοι,
3780 2999 3837 3052 τί
3857 3021 3887 3048 ν

483 3069 743 3144 inveniat
774 3084 828 3144 in
866 3069 1036 3147 nobis
1066 3085 1224 3166 quod
1280 3086 1522 3166 pr0piie
1567 3069 1736 3145 suum
1791 3069 1892 3145 sit.
1942 3083 2025 3144 Ita
2079 3098 2133 3144 e:

2224 3087 2399 3141 εἰκόνα
2444 3091 2603 3146 αὒτού
2634 3095 2913 3167 φοροὺμεν,
2951 3089 3016 3155 ἢν
3080 3088 3162 3144 δετ
3208 3086 3513 3143 ἀποδιδόναι
3574 3088 3738 3163 αὐτῷ,
3798 3089 3891 3143 καὶ

486 3174 679 3249 imago
703 3172 810 3235 Dei
839 3185 1108 3237 servetur
1134 3194 1168 3236 a
1191 3174 1365 3236 nobis
1394 3173 1881 3237 incontaminala.
1916 3172 2141 3235 ldcirco
2224 3175 2562 3255 ἀπορρίπτειν
2634 3178 2689 3231 '«Iv

3410 3178 3495 3233 καὶ
3583 3174 3749 3250 μηδὲν
3832 3175 3891 3231 ἐν

482 3270 543 3322 et
598 3262 809 3323 Paulus
851 3264 1155 3339 admonet,
1205 3264 1357 3325 sicut
1409 3265 1769 3344 portavimus
1825 3263 2142 3341 imaginem

2768 3200 2887 3234 ενοι
2954 3201 3019 3234 τα

2225 3202 2562 3255 απορριπῖειν
2642 3202 2689 3231 ιν
2768 3202 2887 3257 εγ.οι
2954 3202 3019 3234 τα
3108 3202 3313 3256 Ξαυτου,
3410 3202 3495 3233 και
3583 3202 3749 3250 μηοεν
3832 3202 3890 3231 εν

2225 3267 2360 3339 ἡμῖν
2394 3267 2606 3344 εὑρίσκῃ
2664 3270 2862 3322 οἰκεῖον
2922 3270 3100 3347 αὗτού,
3159 3268 3322 3332 οὕτως
3374 3268 3473 3344 γὰρ
3503 3268 3590 3321 καὶ
3633 3267 3667 3332 ἡ
3727 3266 3890 3320 εἰκὼν

486 3350 732 3425 terreni,
770 3352 848 3412 ita
882 3360 1184 3431 portemus
1233 3362 1291 3414 et
1332 3352 1648 3431 imaginem
1700 3351 1956 3412 (-(nlestis
1986 3370 2001 3425 ;
2027 3352 2056 3400 7
2087 3358 2138 3409 et

2227 3378 2317 3411 του
2377 3363 2507 3411 Θεοῦ
2540 3356 2741 3433 ἀμιγὴς
2773 3359 3028 3435 τηρηθείη
3086 3360 3244 3429 ἡμῖν.
3299 3357 3392 3411 Διὸ
3451 3362 3655 3416 Παῦλος
3686 3376 3891 3433 παραι-

483 3438 601 3500 alio
633 3440 765 3500 loco
802 3459 815 3502 :
864 3440 1242 3521 Deponentes
1271 3451 1528 3503 veterem
1573 3440 1872 3501 hominem
1897 3442 1950 3499 8.
1979 3440 2138 3512 Quod

2230 3458 2334 3516 νεῖ,
2429 3446 2612 3506 Καθὼς
2710 3446 3033 3524 ἓφορέσαμεν
3107 3446 3205 3511 τὴν
3280 3446 3453 3500 εἰκόνα
3511 3451 3604 3500 τοῦ
3664 3451 3889 3522 χοϊκοῦ,

487 3529 601 3590 hoc
634 3529 765 3591 loco
795 3530 1013 3593 dicitur
1060 3532 1257 3599 reddi.
1314 3531 1368 3591 id
1430 3530 1583 3612 apud
1627 3530 1873 3591 Paulum
1933 3530 2138 3590 dicitut

2232 3534 2538 3612 φορέσωμεν
2599 3535 2684 3590 καὶ
2731 3534 2829 3600 τὴν
2890 3536 3063 3590 εἰκόνα
3112 3542 3203 3589 τοῦ
3259 3534 3589 3613 ἒπουρανίου.
3648 3534 3742 3589 Καὶ
3784 3531 3894 3587 ἆλ-

3108 3180 3313 3256 ἑαυτοῦ,

2230 3458 2334 3516 νεῖ,

489 3616 754 3696 deponi:
821 3626 881 3679 et
937 3620 1093 3697 quod
1146 3620 1240 3680 hic
1295 3619 1487 3697 imago
1541 3618 1810 3691 Caasaris,
1878 3618 2004 3695 hoc:
2029 3617 2149 3678 illic

491 3709 683 3785 imago
717 3707 942 3769 terreni
977 3710 1325 3788 peccatoris,
1358 3709 1507 3771 Adae
1537 3707 1787 3785 scilicet,
1839 3726 1905 3768 ac
1938 3706 2152 3769 veteris

494 3795 781 3857 hominis.
844 3795 989 3858 Nam
1048 3796 1242 3875 imago
1305 3796 1526 3859 terreni
1587 3795 1732 3857 nihil
1787 3796 1941 3857 aliud
1977 3816 2153 3876 quam

493 3884 797 3964 corruptio
830 3894 889 3947 et
919 3893 1253 3965 peccatum,
1281 3886 1438 3966 quod
1485 3884 1802 3946 habuimus
1833 3885 2155 3947 assimilari

492 3982 795 4053 apostataa,
832 3982 891 4035 et
921 3993 1038 4033 non
1067 3974 1213 4050 regi.
1271 3976 1455 4036 Porro
1488 3993 1607 4034 non
1639 3982 1955 4055 potuerunt
2001 3974 2155 4035 Pha-

492 4062 647 4123 risai
692 4063 1212 4140 comprehendere
1264 4064 1463 4125 .lesum
1516 4062 1576 4123 in
1626 4080 1907 4125 sermone
1956 4083 2153 4125 coram

495 4150 716 4231 populo
751 4171 766 4226 ;
797 4151 891 4212 hic
940 4150 1097 4212 enim
1153 4152 1404 4213 maxime
1452 4150 1838 4224 conabantur,
1893 4161 1951 4212 ut
1999 4152 2155 4233 apud

498 4240 784 4320 populum
815 4240 1009 4320 ipsutn
1033 4258 1313 4302 accusare
1336 4240 1622 4313 valerent,
1648 4240 1803 4321 quod
1824 4240 1987 4301 illum
2020 4261 2155 4303 ser-

2232 3620 2407 3702 λαχοῦ
2440 3638 2452 3651 ⁸

2521 3621 2865 3698 Ἀποθέμενοι
2924 3627 3014 3679 τὸν
3076 3623 3301 3679 παλαιὸν
3363 3623 3654 3701 ἄνθρωπον.
3702 3614 3896 3699 ’Ὅπερ

2234 3710 2452 3769 έιταυθα
2509 3708 2722 3789 εἴρηται
2784 3710 3110 3791 ἑιποδιδοναι,
3163 3719 3316 3767 τοῦτο
3368 3713 3507 3790 παρὰ
3563 3718 3639 3784 τῷ
3699 3708 3896 3780 Παύλῳ

2238 3801 2297 3856 τὸ
2355 3799 2660 3872 ἀποθέσθαι,
2720 3802 2805 3855 καὶ
2866 3802 2892 3855 ὃ
2952 3800 3168 3857 ἐνταῦθα
3201 3802 3355 3857 εἱκὼν
3391 3802 3671 3877 Καίσαρος,
3734 3805 3897 3854 τοῦτ’)

2238 3888 2353 3943 ἐκεῖ
2408 3889 2559 3943 εἰκὼν
2595 3891 2790 3967 χοϊγοῦ
2817 3897 2910 3945 τοῦ
2954 3889 3269 3968 ἀμαρτωλοὺ
3326 3890 3558 3961 πάντως.
3607 3886 3773 3961 Ἀδὰμ
3803 3888 3899 3943 καὶ

2238 3975 2467 4035 παλαιοῦ
2520 3977 2816 4053 ἀνθρώπου.
2883 3970 2941 4034 Ἠ
3002 3981 3101 4059 γὰρ
3147 3981 3301 4035 εἰκὼν
3346 3987 3438 4034 τοῦ
3481 3985 3699 4057 χοϊκοῦ,
3747 3974 3902 4032 οὐδὲν

2240 4063 2393 4138 ἄλλο,
2430 4066 2464 4133 ἢ
2495 4067 2529 4131 ἡ
2578 4068 2763 4145 φθορὰ,
2825 4069 2910 4122 καὶ
2962 4067 2997 4134 ἦ
3058 4070 3307 4147 ἁμαρτία,
3356 4068 3420 4135 ἢν
3479 4067 3713 4148 ἔσχομεν
3754 4065 3905 4145 ἀφο-

2241 4154 2554 4228 μοιιοθέντες
2604 4162 2680 4229 τῷ
2737 4154 3037 4236 ἀποστάτῃ,
3100 4161 3187 4213 καὶ
3236 4166 3313 4232 μὴ
3372 4165 3450 4230 τῷ
3491 4155 3727 4233 βασιλεῖ,
3788 4153 3907 4211 Οὔκ

2243 4242 2478 4322 ἴσχυσαν
2538 4245 2626 4300 οὖν
2712 4248 2759 4301 οἱ
2832 4252 3114 4324 Φαρισαῖοι
3171 4246 3507 4302 ἐπιλαϐέσθαι
3567 4253 3658 4301 τοῦ
3716 4244 3908 4309 Ἰησοῦ

497 4329 659 4390 vituti
692 4328 938 4391 Romani
975 4331 1176 4410 populi
1206 4329 1511 4410 subigeret
1547 4347 1560 4393 :
1595 4330 1698 4392 sed
1736 4330 1979 4392 efficere
2009 4331 2132 4391 nihi

2242 4330 2467 4386 ἐνώπιον
2509 4332 2601 4387 τοῦ
2644 4331 2771 4390 λαού
2804 4349 2818 4363 ⁶
2852 4335 2914 4388 τὸ
2952 4336 3052 4413 γὰρ
3093 4334 3513 4408 σπουδαζόμενον
3546 4334 3750 4402 αὖτοϊς,
3785 4334 3903 4405 μά-

497 4419 828 4494 valuerunt,
858 4430 1101 4500 propter
1130 4419 1522 4482 excellentem
1557 4419 1746 4500 ipsius
1775 4420 2147 4500 sapientiam.

580 4685 761 4750 VEBS.
796 4685 977 4749 27-40
1034 4711 1056 4744 ιι
1088 4688 1487 4751 Accesserunt
1520 4691 1716 4749 autem
1752 4687 1992 4767 quidam
2014 4689 2154 4749 Sad-

503 4777 844 4839 duczeorum
876 4778 977 4857 qui
1008 4786 1223 4856 negant
1264 4796 1396 4839 esse
1429 4776 1952 4858 resurrectionem,
1982 4787 2039 4837 et
2066 4777 2160 4839 in-

503 4875 951 4945 terrogaverunt
1004 4885 1166 4942 eum,
1227 4867 1546 4928 dicentes:
1613 4866 1908 4943 Magister,
1974 4872 2159 4929 Moses

501 4955 739 5036 scripsit
769 4954 943 5015 nobis
977 4976 989 5018 :
1040 4955 1089 5015 si
1123 4958 1292 5032 cujus
1326 4955 1505 5015 frater
1548 4962 1813 5014 mortuus
1838 4954 2011 5018 fuerit
2050 4956 2160 5017 ha-

504 5044 653 5107 bens
684 5062 953 5117 uxorem,
989 5044 1157 5125 isque
1187 5044 1316 5105 sine
1350 5044 1551 5106 liberis
1584 5051 1850 5103 mortuus
1873 5044 2067 5117 fuerit,
2100 5061 2164 5117 ut

508 5132 764 5213 accipiat
787 5132 970 5194 frater
991 5134 1125 5212 ejus
1148 5143 1480 5207 uxorem,et
1506 5132 1748 5193 suscitet
1772 5150 1974 5195 semen
2002 5134 2163 5195 rratri

508 5240 641 5283 suo.
678 5220 918 5302 Septem
954 5222 1339 5302 ergofratres
1370 5233 1558 5295 erant,
1595 5229 1653 5281 et
1683 5224 1908 5301 primus
1937 5226 2165 5303 accepit

512 5328 781 5383 uxorem,
816 5329 884 5373 ac
918 5320 1185 5372 mortuus
1237 5321 1324 5374 est
1376 5313 1505 5373 sine
1557 5309 1802 5371 liberis:
1851 5319 1911 5372 et
1938 5313 2165 5391 accepit

508 5397 811 5458 secundus
840 5398 1025 5475 illam,
1061 5409 1118 5461 et
1148 5400 1276 5480 ipse
1308 5410 1575 5461 mortuus
1621 5407 1710 5459 est
1740 5402 1871 5459 sine
1904 5399 2111 5462 liberis
2144 5420 2158 5464 :

510 5492 571 5545 et
591 5484 799 5546 tertius
827 5488 1060 5567 accepit
1079 5488 1261 5564 illam,
1288 5488 1566 5550 similiter
1590 5495 1648 5549 et
1678 5488 1874 5550 caeteri
1907 5497 2161 5571 septem,

591 5644 620 5693 7
652 5641 673 5705 Ι
703 5642 838 5707 Cor.
871 5664 971 5729 xv,
1008 5649 1105 5712 19.
1189 5649 1222 5699 8
1250 5648 1479 5713 Coloss.
1514 5667 1598 5730 In,
1633 5649 1692 5710 9.

2236 4419 2391 4475 λιστα
2434 4429 2589 4478 τουτο
2638 4423 2729 4495 ἦν,
2775 4423 2834 4477 τὸ
2878 4426 3009 4502 πρὸς
3056 4426 3144 4479 τὸν
3176 4422 3306 4479 λαον
3362 4421 3633 4478 διαϐαλεῖν
3690 4420 3903 4501 τοῦτον,

2239 4513 2314 4575 ὡς
2370 4510 2789 4569 καταδουλουντα
2850 4527 2968 4577 τοῖς
3033 4504 3310 4590 Ῥωμαίοις
3366 4517 3426 4569 τὸ
3481 4514 3647 4586 ἔθνος,
3710 4515 3736 4568 ὃ
3804 4512 3908 4567 οὒκ

2239 4599 2475 4681 ἴσχυσαν
2507 4601 2717 4659 τελέσαι
2749 4602 2832 4659 διὰ
2863 4605 2961 4670 τὴν
2992 4604 3286 4684 ὑπέρσοφον
3318 4609 3471 4662 αὐτοῦ
3500 4603 3815 4681 ἂπόκρισιν.ζ

2328 4690 2713 4770 Προσελθόντες
2782 4691 2835 4748 δέ
2880 4715 3016 4758 τινες
3060 4694 3165 4749 τῶν
3206 4692 3592 4765 Σαδδουκαὼνν,
3646 4696 3689 4748 οἱ
3746 4693 3905 4745 ἀντι-

2245 4780 2489 4858 λέγοντες
2537 4782 2822 4838 ἀνάστασιν
2884 4783 2959 4857 μὴ
3019 4784 3185 4852 εἶναι,
3248 4782 3539 4859 ἐπηρώτων
3598 4782 3751 4837 αὑτὸν
3806 4778 3908 4834 λέ-

2244 4892 2431 4947 γοντες
2468 4888 2482 4903 ’
2522 4870 2835 4937 Διδάσκαλε,
2903 4878 3101 4937 Μωσῆς
3152 4874 3383 4949 ἔγραψεν
3414 4874 3572 4945 ἡμῒν,
3607 4870 3731 4928 Ἐάν
3758 4891 3909 4932 τινες

2246 4959 2468 5039 ἀδελφὸς
2516 4961 2752 5036 ἀποθάνῃ
2804 4960 2950 5039 ’έχων
3020 4975 3272 5040 γυναῖκα,
3337 4964 3425 5017 καὶ
3483 4965 3629 5024 οὗτος
3688 4959 3907 5021 ἄτεκνος

2249 5047 2508 5125 ἀποθάνῃ,
2558 5050 2650 5107 ’ἶνα
2695 5048 2832 5125 λάϐῃ
2877 5052 2904 5105 ὁ
2950 5048 3171 5130 ἀδελφὸς
3218 5054 3377 5110 αὐτοὺ
3408 5052 3505 5116 τὴν
3531 5062 3779 5127 γυναΐκα,
3816 5050 3910 5103 καὶ

2247 5137 2580 5215 ἐξαναστήσῃ
2637 5138 2846 5217 σπέρμα
2914 5147 2988 5213 τῷ
3073 5129 3282 5218 ἀδελφῷ
3342 5141 3519 5200 αὐτοῦ,
3583 5129 3749 5195 Ἐπτα
3818 5137 3911 5192 οὖν

2246 5226 2458 5308 ἀδελφοὶ
2500 5228 2655 5309 ἦσαν,
2704 5231 2789 5285 καὶ
2836 5232 2862 5285 ὸ
2936 5236 3144 5295 πρῶτος
3202 5228 3380 5285 λαϐὼν
3441 5242 3693 5307 γυναῖκα,
3767 5227 3909 5281 ἁπέ-

2245 5320 2396 5373 θανεν
2452 5317 2694 5397 ἄτεκνος,
2741 5320 2829 5374 καὶ
2881 5316 3066 5374 ἔλαϐεν
3112 5321 3137 5374 ὁ
3197 5317 3430 5395 δευτέρος
3493 5320 3591 5385 τὴν
3650 5330 3904 5393 γυναῖκα,

2247 5408 2333 5462 καὶ
2393 5410 2543 5471 οὗτος
2573 5406 2828 5463 ἀπέθανεν
2880 5410 3119 5474 ἀτεκνος,
3181 5411 3270 5464 καὶ
3301 5412 3327 5465 ὁ
3360 5410 3529 5487 τρίτος
3561 5404 3748 5461 ἔλαϐεν
3806 5407 3911 5460 αὖ-

2248 5498 2365 5571 τὴν,
2398 5498 2648 5560 ὡσαύτως
2681 5494 2736 5553 δὲ
2766 5500 2857 5553 γαὶ
2890 5498 2935 5555 οἱ
2968 5498 3122 5559 ἑπτὰ,
3158 5500 3244 5554 καὶ
3276 5503 3336 5558 οὐ
3389 5495 3542 5554 κατέ)
3558 5516 3675 5551 ιπον
3718 5493 3905 5573 τέκνα,
