4184 6400
309 336 466 435 ιοιε
1031 331 1477 437 ENARRATlO
1507 373 1588 435 IN
1631 367 1979 437 EVANGEI

2064 371 2144 433 IM
2195 375 2430 439 LUC/E.
2482 411 2558 422 —-
2603 379 2764 440 CAP.
2818 378 2949 440 ΧΧ.
3544 375 3698 439 1046

305 511 392 564 καὶ
451 507 733 570 ἀπέθανοι,
787 499 1036 588 ”ὶ“στεροι
1082 508 1290 567 πάντων
1336 512 1559 570 ἀπέθανε
1603 519 1690 572 καὶ
1720 520 1753 585 ἡ
1786 506 1979 595 γυνῆιλ

2064 525 2140 567 .ec
2170 509 2540 589 reliquerunt
2570 511 2816 590 liberos,
2844 520 2904 574 et
2924 512 3137 572 mortui
3162 520 3322 572 sunt.
3361 510 3696 574 Novissima

308 595 399 656 Ἐν
455 604 524 674 τῇ
589 599 678 653 οὗν
727 597 1038 674 ἀναστάσει,
1099 599 1237 664 τίνος
1297 601 1468 657 αὖτῶν
1531 603 1727 680 γίνεται
1770 607 1956 684 γυνή;

2064 595 2308 658 »ωηίυῐη
2343 607 2574 661 mortua
2596 608 2687 662 est
2709 609 2799 662 est
2827 611 2884 662 et
2915 600 3151 664 mulier.
3177 599 3240 661 In
3258 600 3698 662 resurrectione

310 690 371 746 Oi
413 688 514 766 γὰρ
557 687 692 743 ἐπτά
751 686 917 767 ἔσχον
963 689 1124 756 αὑτὴν
1184 705 1431 753 γυναῖκα.
1503 695 1600 750 Καὶ
1664 694 1960 774 ἀποκριθεὶς

2064 701 2210 774 ergo,
2245 687 2416 766 cujus
2470 707 2673 750 eorum
2727 690 2841 751 erit
2875 690 3070 750 uxor?
3119 689 3414 770 siquidem
3465 697 3692 770 septem

311 778 467 834 εἶπεν
525 781 708 841 αὐτοῖς
767 779 795 833 ὁ
845 777 1054 844 Ἰησοῦς
1084 795 1098 808 ⁶
1161 781 1220 836 Oi
1282 781 1379 836 υἱοὶ
1417 782 1507 838 τοῦ
1559 785 1748 848 αἰῶνος
1777 785 1962 841 τούτου

311 873 537 944 γαμοῦσι
588 868 676 922 καὶ
731 865 1142 944 ἐκγαμίσκονται
1181 884 1194 897 ⁸
1242 871 1288 924 0i
1327 867 1382 924 δὲ
1435 871 1840 938 καταξιωθέντες
1875 877 1964 930 τοῦ

313 957 503 1019 αἰῶνος
561 955 764 1012 ἐκείνου
806 970 1022 1036 τυχεῖν,
1082 958 1170 1014 καὶ
1226 964 1330 1023 τῶς
1394 962 1728 1028 ἀναστάσεως
1775 969 1874 1031 τῆς
1905 965 1965 1019 ἐκ

313 1052 538 1125 νεκρῶν,
591 1045 708 1101 οὔτε
786 1052 1072 1124 γαμοῦσιν,
1149 1045 1266 1104 οὔτε
1323 1048 1758 1128 ἐκγαμίσκονται.
1835 1052 1963 1111 Οὔτε

315 1135 414 1213 γὰρ
476 1135 762 1192 ἀποθανεῖν
819 1134 896 1191 ἔτι
948 1133 1213 1206 δύνανται,
1278 1137 1547 1216 ἰσάγγελοι
1584 1154 1684 1220 γαρ
1713 1145 1836 1217 εἰσι,
1881 1149 1969 1202 καὶ

314 1225 414 1280 υἱοὶ
467 1231 559 1281 τοῦ
617 1231 769 1298 Θεοῦ,
829 1226 928 1290 της
983 1224 1320 1292 ἀναστάσεως
1372 1231 1471 1285 υἱοὶ
1521 1228 1689 1294 ὄντες,
1739 1223 1873 1290 υΟτι
1914 1232 1968 1288 δὲ

317 1312 602 1393 ἐγείρονται
659 1316 706 1369 0i
758 1315 950 1392 νεκροὶ,
1011 1315 1100 1370 καὶ
1169 1321 1368 1383 Μωσῆς
1427 1317 1686 1393 ἐμήνυσεν
1729 1321 1814 1377 ἐπὶ
1868 1323 1966 1387 τῆς

317 1403 499 1478 βάτοι),
563 1404 637 1464 ὡς
681 1401 824 1480 λέγει
881 1401 1067 1481 Κύριον
1127 1425 1218 1460 τον
1269 1407 1398 1461 Θεὸν
1457 1405 1722 1489 Ἀϐραὰμ,
1762 1413 1968 1468 καὶτὸν

319 1493 448 1547 Θεὸν
494 1489 698 1563 Ἰσαὰκ,
744 1491 834 1547 καὶ
862 1493 954 1547 τὸν
986 1493 1115 1548 Θεὸν
1174 1491 1382 1553 Ἰακώϐ.
1419 1498 1547 1560 Θεὸς
1597 1496 1650 1554 δὲ
1708 1502 1802 1556 οὐκ
1859 1499 1967 1556 ἔστι

318 1589 538 1659 νεκρῶν,
598 1579 736 1636 ἀλλὰ
788 1581 1023 1661 ζώντων,
1060 1584 1255 1649 πάντες
1287 1586 1386 1661 γὰρ
1417 1588 1560 1662 αὑτῴ
1587 1595 1770 1658 ζῶσιν.
1800 1590 1968 1648 Ἀπο·

319 1671 586 1748 κριθέντες
635 1667 691 1726 δέ
747 1692 887 1734 τινες
946 1676 1053 1726 τῶν
1130 1674 1490 1751 Γραμματὲων
1550 1678 1709 1735 εἶπον
1743 1696 1756 1710 ·
1808 1679 1969 1736 Διδά-

321 1758 510 1840 σκαλε,
569 1758 751 1822 καλῶς
811 1763 995 1824 εἴπας.
1045 1762 1148 1818 Οὐκ
1196 1760 1352 1818 ἔτιδὲ
1408 1763 1651 1841 ἐτόλμων
1707 1768 1973 1843 ἐπερωτᾷν

2047 773 2381 836 habuerunt
2414 795 2542 838 eam
2594 796 2863 840 uxorem.
2908 777 2976 839 Et
3026 777 3398 858 respondens
3449 778 3530 839 ait
3577 777 3698 839 illis

2048 864 2215 926 Jesus
2248 885 2260 926 :
2297 867 2430 928 Filii
2462 867 2854 947 hujusszeculi
2883 868 3104 929 ducunt
3126 877 3426 943 uxeres,et
3448 877 3696 948 nuptum

2048 952 2264 1014 dantur
2291 976 2304 1013 :
2341 955 2426 1016 illi
2449 975 2587 1018 vero
2611 957 2712 1036 qui
2740 957 2902 1036 digni
2924 957 3299 1019 habebuntur
3322 957 3540 1020 saculo
3565 957 3694 1038 illo,

2050 1051 2106 1103 et
2138 1046 2572 1107 resurrectione
2600 1064 2667 1107 ex
2700 1045 2968 1120 mortuis,
2991 1065 3183 1128 neque
3208 1047 3432 1109 ducunt
3459 1065 3695 1127 uxores,

2053 1151 2246 1213 neque
2290 1143 2543 1213 nuptum
2593 1135 2829 1216 dantur,
2882 1155 3076 1216 neque
3135 1137 3293 1198 enim
3349 1137 3500 1198 ultra
3547 1136 3700 1197 mori

2056 1232 2319 1303 possunt.
2358 1223 2634 1304 Equales
2663 1225 2821 1286 enim
2856 1225 3101 1304 angelis
3130 1236 3288 1300 sunt,
3339 1233 3397 1287 et
3425 1225 3531 1286 lilii
3561 1233 3701 1286 sunt

2053 1310 2180 1379 Dei,
2223 1329 2354 1372 cum
2388 1312 2506 1373 sint
2544 1312 2647 1374 lilii
2694 1312 3172 1375 resurrectionis.
3213 1312 3381 1386 Quod
3424 1331 3560 1374 vero
3593 1331 3696 1374 re-

2053 1409 2294 1480 surgant
2325 1401 2564 1474 mortui,
2621 1409 2679 1462 et
2709 1403 2903 1464 Moses
2952 1402 3208 1463 ostendit
3249 1403 3417 1482 juxta
3457 1400 3698 1483 rubum,

2054 1506 2186 1552 cum
2220 1489 2362 1550 dicit
2419 1489 2734 1551 Dominum
2797 1493 2982 1553 Deum
3041 1489 3362 1566 Abraham,
3423 1500 3480 1552 et
3510 1490 3699 1552 Deum

2053 1579 2234 1654 Isaac,
2269 1587 2326 1640 et
2355 1578 2539 1640 Deum
2571 1579 2753 1642 Jacob
2787 1603 2800 1644 ε
2847 1580 3004 1642 Deus
3033 1588 3231 1642 autem
3263 1598 3382 1641 non
3415 1587 3506 1642 est
3533 1597 3700 1641 mor-

2057 1683 2320 1742 tuorum,
2363 1667 2468 1730 sed
2512 1669 2811 1744 vivorum;
2850 1688 3060 1731 omnes
3119 1671 3276 1730 enim
3337 1668 3420 1731 illi
3478 1669 3696 1730 vivunt.

2057 1757 2511 1838 Respondentes
2532 1766 2724 1820 autem
2753 1759 2989 1839 quidam
3015 1757 3154 1818 456
3175 1756 3517 1821 Scribarum
3545 1757 3706 1820 dixe-

322 1849 476 1905 αὑτὸν
535 1847 704 1911 οτὺδὲν,
759 1873 786 1904 ι
850 1851 1051 1922 Σαθρὰν
1097 1852 1497 1923 ὑποστήσαντες
1549 1857 1786 1934 κρηπῖδα
1843 1860 1969 1916 ἐαυ-

2064 1856 2232 1908 runt:
2271 1847 2577 1927 Magister,
2613 1847 2767 1909 bene
2793 1847 3023 1911 dixisti.
3058 1847 3128 1909 Et
3156 1847 3410 1927 amplius
3441 1866 3560 1908 non
3593 1866 3701 1909 au-

323 1953 436 2001 τοῖς
497 1942 542 1995 oi
601 1937 975 2013 Σαδδουκαῖοι,
1045 1938 1354 2008 διηπίστουν
1409 1958 1526 2010 τοῖς
1570 1950 1687 2027 περὶ
1738 1948 1976 2006 ἀναστά-

321 2050 454 2090 σεως
516 2025 721 2103 λόγοις,
759 2031 1084 2105 Σωματικὴν
1132 2031 1232 2111 γὰρ
1266 2030 1536 2113 διαγωγὴν
1585 2025 1792 2095 ἔσεσθαι
1823 2041 1879 2094 ἓν
1909 2045 1978 2116 τῇ

322 2116 606 2172 ἀναστάσει
647 2117 1017 2190 ὑπονοοῦντες,
1080 2121 1298 2186 εἰκότως
1348 2122 1697 2202 ἐσφάλλοντο,
1753 2124 1832 2183 διὸ
1889 2129 1980 2185 καὶ

322 2208 393 2271 ὡς
454 2204 650 2262 ἄτοπον
704 2203 1076 2290 διαϐάλλοντες
1157 2211 1217 2266 τὸ
1288 2213 1406 2290 περὶ
1463 2218 1560 2280 τῆς
1638 2215 1976 2282 ἀναστάσεως

321 2294 518 2373 δόγμα,
577 2280 1037 2364 πλάττονταιδτὴν
1095 2297 1322 2367 ἀνόητον
1371 2299 1622 2378 διήγησιν
1655 2306 1875 2372 ταύτην,
1917 2297 1974 2364 ὐ

324 2385 412 2438 οὖν
471 2384 654 2446 Κύριος
723 2385 822 2452 τὴν
884 2385 1122 2463 κρηπῖδα
1194 2389 1381 2454 αὑτοῖς
1443 2390 1820 2467 διασαλεύσας,
1888 2397 1976 2452 καὶ

325 2471 490 2538 δεὶξας
533 2472 614 2529 ὅτι
672 2473 767 2531 οὑκ
818 2473 927 2531 ἔστι
992 2481 1273 2553 σωματικὴ
1336 2478 1604 2559 διαγωγὴ,
1650 2485 1771 2539 τότε
1830 2485 1976 2550 εὑθὺς

324 2569 390 2639 τῇ
432 2566 593 2642 σαθρᾷ
635 2565 798 2641 ταύτῃ
861 2564 1104 2646 κρηπῖδι,
1153 2569 1240 2624 καὶ
1297 2570 1515 2643 ὑπονοίᾳ
1572 2572 1974 2650 κυγκατέσπασε

323 2661 384 2709 τὸ
428 2650 600 2729 δόγμα
644 2654 842 2732 αὑτῶν,
889 2656 1050 2710 εἰπών
1081 2677 1093 2690 ο
1156 2656 1447 2730 Πλανᾶσθε,
1508 2661 1586 2735 μὴ
1631 2659 1824 2726 εἰδότες
1880 2663 1974 2727 τάς

329 2743 556 2820 rgat-pic,
619 2741 755 2798 ἀλλά
809 2741 1265 2824 παρεκδεχόμενοι
1349 2748 1439 2802 τὸν
1499 2755 1615 2803 νοῦν
1674 2753 1868 2812 αὐτῶν,
1915 2755 1975 2808 Οἱ

327 2832 423 2905 μὲν
479 2831 579 2908 γὰρ
629 2833 728 2886 uici.
783 2837 874 2888 τοῦ
943 2834 1130 2899 αἰῶνος
1186 2835 1396 2915 τούτου,
1475 2839 1520 2892 οἱ
1566 2836 1619 2892 ἐν
1663 2839 1738 2912 τῷ
1789 2837 1978 2914 κόσμῳ

327 2919 495 2992 τούτῳ
549 2925 856 3000 γεννῶντες,
904 2923 991 2977 καὶ
1043 2925 1362 3000 γεννώμενοι
1428 2933 1678 3002 γαμοῦσι,
1738 2929 1825 2983 καὶ
1881 2926 1976 2983 ἐκ·

329 3009 702 3085 γαμίσκονται,
775 3011 1066 3085 τουτέστιν,
1127 3015 1198 3077 εἷς
1271 3018 1475 3092 γάμους
1534 3014 1821 3072 ἐκδίδονται
1858 3035 1872 3049 ⁸
1931 3017 1976 3072 oi

329 3097 382 3152 ὀὶ
425 3097 518 3152 τοῦ
564 3100 750 3163 αἰῶνος
808 3099 1005 3159 ἐκείνου
1055 3104 1153 3158 υἱοὶ
1199 3101 1344 3159 οὑδὲν
1387 3111 1645 3179 τοιοῦτον,
1707 3103 1820 3161 οὑδὲ
1879 3105 1979 3183 γὰρ

329 3191 507 3244 θανεῖν
539 3187 611 3244 ἔτι
643 3186 884 3246 δύνανται
923 3205 935 3218 ·
971 3189 1050 3246 διὸ
1083 3189 1198 3248 οὑδέ
1229 3193 1294 3248 τὰ
1324 3200 1416 3250 τοῦ
1447 3196 1620 3271 γάμου
1668 3193 1804 3268 ἐκεῖ,
1860 3191 1977 3253 ἀλλ’

2060 1936 2279 1998 debant
2321 1956 2455 1998 eum
2509 1935 2832 2018 quidquam
2884 1937 3272 2017 interrogare.
3314 1962 3337 1994 ι
3377 1937 3700 2000 Invalidum

2059 2025 2443 2088 fundamentu
2460 2044 2505 2088 m
2525 2045 2644 2088 sua;
2665 2026 2949 2089 doctrina;
2964 2027 3229 2088 fecerant
3244 2025 3701 2106 Sadducaei,non

2060 2115 2372 2178 credentes
2413 2117 2905 2178 resurrectionem
2934 2134 2947 2178 :
2981 2116 3316 2194 cogitabant
3345 2115 3503 2177 enim
3537 2116 3701 2176 futu-

2059 2223 2183 2266 ram
2215 2205 2583 2286 corporalem
2619 2205 2795 2267 vitam
2829 2207 2888 2266 in
2919 2206 3380 2268 resurrectione.
3415 2203 3555 2266 Ideo
3581 2212 3704 2265 tan-

2059 2313 2232 2375 quam
2266 2294 2586 2356 absurdum
2618 2295 3074 2356 resurrectionis
3097 2295 3311 2374 dogma
3329 2293 3702 2360 calumnian-

2064 2391 2173 2460 tes,
2233 2383 2470 2445 stultam
2536 2383 2688 2445 hanc
2745 2383 3148 2446 narrationem
3207 2383 3485 2462 tingunt:
3545 2381 3704 2444 unde

2061 2472 2350 2534 Dominus
2377 2473 2824 2534 fundamentum
2857 2492 3064 2536 eorum
3096 2473 3295 2536 statim
3320 2471 3707 2548 concussit,et

2060 2562 2316 2625 ostendit
2346 2564 2500 2643 quod
2539 2582 2654 2623 non
2707 2562 2783 2625 sit
2832 2563 3157 2642 corporalis
3206 2563 3322 2624 vita
3353 2572 3530 2625 tunc:
3588 2580 3704 2641 quo

2062 2653 2301 2731 factum,
2337 2661 2400 2714 ut
2427 2653 2638 2731 dogma
2662 2671 2890 2728 eorum,
2925 2651 3120 2714 statim
3155 2652 3364 2714 obtusa
3395 2651 3701 2732 opinione,

2065 2751 2121 2804 et
2149 2741 2404 2803 invalido
2436 2742 2820 2804 fundamento
2852 2742 3215 2804 concideret.
3263 2741 3485 2803 Erratis
3514 2739 3699 2816 enim,

2060 2830 2271 2912 inquit,
2309 2831 2648 2893 nescientes
2671 2830 3028 2911 Scripturas,
3055 2831 3158 2892 sed
3191 2831 3554 2894 invertentes
3573 2849 3706 2892 sen-

2060 2940 2188 2981 sum
2225 2938 2452 2981 earum.
2492 2920 2624 2983 Filii
2655 2920 2812 2981 enim
2847 2920 3021 2999 hujus
3070 2920 3267 2982 saeculi
3320 2927 3609 2998 generant
3649 2926 3706 2980 et

2061 3016 2440 3088 generantur,
2476 3025 2692 3069 uxores
2717 3008 2942 3069 ducunt
2971 3017 3030 3069 et
3052 3017 3297 3088 nuptum
3329 3008 3566 3080 dantur,
3591 3009 3707 3069 hoc

2063 3107 2174 3178 est,
2212 3098 2270 3158 in
2303 3098 2536 3178 nuptias
2568 3097 2882 3159 traduntur
2916 3117 2928 3160 :
2981 3097 3082 3158 ﬁlii
3130 3116 3268 3158 vero
3317 3097 3514 3158 saeculi
3547 3096 3705 3157 illius

2068 3187 2217 3249 nihil
2253 3187 2365 3248 tale
2391 3186 2634 3260 faciunt,
2658 3206 2850 3268 neque
2877 3187 3033 3248 enim
3061 3187 3210 3247 ultra
3241 3185 3392 3247 mori
3425 3184 3707 3265 possibile

328 3277 586 3354 ἀγγελικὴ
618 3279 703 3333 καὶ
745 3281 865 3335 θεῖα
913 3278 1174 3359 διαγωγή.
1230 3281 1486 3339 Ἐνταῦθα
1537 3283 1635 3357 μὲν
1665 3284 1762 3360 γὰρ
1793 3281 1977 3348 ἐπειδὴ

2065 3287 2173 3339 est.
2212 3276 2464 3337 Proinde
2493 3295 2609 3337 non
2641 3276 2762 3337 illic
2796 3277 2937 3337 ﬁent
2966 3295 3034 3336 ea
3063 3295 3194 3356 quae
3234 3277 3292 3336 in
3324 3275 3565 3355 nuptiis,
3599 3274 3706 3336 sed

327 3364 544 3431 θάνατος

329 3464 481 3514 τοῦτο
534 3458 781 3521 θάνατος.
844 3458 996 3516 Ἐκεῖ
1047 3458 1100 3515 δὲ
1157 3461 1247 3517 τοῦ
1276 3461 1500 3518 θανάτου
1529 3461 1975 3541 καταργηθέντος,

327 3550 404 3610 τίς
462 3548 618 3626 χρεία
676 3554 767 3603 τοῦ
815 3549 1038 3630 γάμου,
1115 3542 1171 3608 Ὀ
1233 3551 1402 3628 γάμος
1460 3552 1560 3629 γὰρ
1618 3553 1837 3628 βοήθεια
1892 3557 1982 3606 τοῦ

328 3641 543 3706 θνητοῦ,
592 3637 678 3691 καὶ
736 3635 1011 3708 πλήρωσις
1055 3649 1147 3698 τοῦ
1189 3638 1483 3704 λείποντος·
1547 3639 1667 3696 ἔνθα
1723 3639 1777 3695 δὲ
1838 3638 1984 3696 οὑδέν

333 3725 527 3800 λείπει,
558 3727 634 3787 τίς
667 3727 829 3804 χραὶα
859 3735 947 3784 τοῦ
979 3727 1306 3806 πληροῦντος
1341 3747 1359 3802 ;
1389 3729 1686 3808 ’ἰσάγγελοι
1719 3729 1808 3786 οὗν
1855 3731 1979 3804 εἶσι,

335 3816 423 3870 καὶ
483 3815 582 3870 υἱοὶ
638 3821 747 3894 τοῦ.
799 3824 950 3879 Θεοῦ,
1017 3820 1114 3874 Διά
1165 3819 1265 3894 si;
1325 3811 1455 3876 ΗΟτι
1499 3823 1596 3887 τῆς
1647 3817 1982 3881 ἀναστάσεώς

334 3905 464 3958 εἰσιν
527 3904 649 3965 υἱοί,
710 3885 785 3962 οἱΟ
817 3903 870 3960 δὲ
901 3904 1068 3986 λέγει,
1104 3914 1340 3964 τοιοῦτον
1372 3907 1534 3963 ἐστιν·
1575 3907 1766 3978 Εἶπον,
1799 3907 1982 3986 φησὶν,

335 3995 517 4054 αὑτοὺς
549 3994 688 4058 υἱοὺς
723 4001 875 4070 Θεοῦ,
938 3994 1069 4052 διότι
1127 3995 1272 4052 οὑδέν
1304 3998 1608 4073 σωματικὸν
1653 3997 1706 4052 ἐν
1738 4001 1806 4072 τῇ
1851 4018 1976 4074 γεν-

334 4083 483 4150 νήσει
545 4084 714 4139 αὑτῶν
776 4087 981 4165 ὁρᾶται,
1044 4085 1182 4143 ἀλλά
1237 4089 1409 4144 πάντα
1473 4091 1594 4143 θεῖα
1629 4105 1640 4119 ·
1716 4086 1832 4144 οὕτε
1886 4086 1985 4162 γὰρ

336 4172 576 4228 συνουσία
620 4188 964 4252 προηγεῖται,
1019 4174 1134 4233 οὔτε
1178 4177 1414 4257 σπέρμα,
1466 4177 1582 4233 οὔτε
1617 4178 1816 4255 μήτρα,
1868 4175 1986 4232 οῧτε

340 4264 526 4328 κύησις
567 4261 619 4316 ἐν
652 4268 719 4338 τῇ
748 4263 1085 4339 ἁναστάστει,
1119 4265 1253 4322 ἀλλά
1304 4267 1433 4331 Θεός
1466 4265 1605 4322 ἐστιν
1639 4269 1665 4322 ὁ
1697 4271 1894 4343 γεννῶν
1923 4265 1988 4321 τὰ

338 4351 559 4424 σώματα
601 4353 756 4426 ἡμῶν
813 4351 876 4410 λό
893 4377 994 4431 τοις
1051 4356 1138 4420 οἶς
1200 4354 1345 4412 οἶδεν
1431 4360 1628 4414 Οὑκοῦν
1687 4355 1800 4412 ἐπεὶ
1857 4355 1986 4417 Θεός

341 4441 480 4495 ἐστιν
526 4443 553 4495 ὁ
613 4441 837 4520 ἐνεργῶν
882 4444 936 4500 ἐν
981 4452 1047 4520 τῇ
1093 4445 1400 4524 ἀναστάσει,
1452 4446 1668 4507 εἶκότως
1721 4445 1820 4500 υἱοὶ
1891 4441 1984 4498 λέ-

339 4551 520 4608 γονται
582 4534 712 4587 Θεοῦ
753 4535 798 4587 oi
844 4531 894 4598 ἐξ
947 4534 1284 4598 ἀναστάσεως
1327 4535 1770 4611 ἁναγεννώμενοι.
1827 4530 1984 4589 Ἐπι-

557 3416 572 3447 ,
635 3366 720 3422 δια
777 3376 930 3425 τοῦτο
984 3371 1180 3448 γάμος,
1247 3373 1334 3427 καὶ
1389 3370 1575 3440 ἒπειδὴ
1633 3373 1828 3451 γάμος,
1895 3369 1979 3428 διὰ

2064 3365 2329 3446 angelica
2361 3373 2418 3426 et
2449 3364 2650 3425 divina
2679 3365 2788 3425 vita
2841 3373 2952 3427 est.
2994 3364 3100 3426 Hic
3142 3365 3300 3426 enim
3350 3364 3487 3445 quia
3517 3381 3702 3438 mors,

2065 3457 2197 3516 ideo
2231 3463 2288 3515 et
2333 3453 2598 3534 nuptiae:
2658 3463 2715 3515 et
2766 3454 2906 3534 quia
2952 3454 3194 3534 nuptiae,
3244 3453 3380 3515 ideo
3414 3461 3470 3515 et
3518 3469 3701 3516 mors.

2066 3545 2192 3606 Illic
2222 3554 2417 3605 autem
2466 3551 2654 3605 morte
2705 3543 2946 3618 abolita,
2979 3545 3107 3625 quis
3145 3543 3482 3623 nuptiarum
3514 3561 3656 3604 usus
3678 3549 3706 3605 ?

2068 3633 2295 3713 Nuptiae
2323 3631 2481 3694 enim
2513 3632 2794 3694 auxilium
2842 3633 2971 3694 vitae
3017 3632 3305 3705 mortalis,
3341 3641 3400 3693 et
3439 3631 3706 3711 impletio

2069 3728 2203 3805 ejus
2227 3723 2382 3804 quod
2429 3721 2676 3782 deticit:
2728 3721 2824 3782 ubi
2873 3731 3069 3784 autem
3120 3721 3268 3783 nihil
3311 3721 3535 3802 deﬁcit,
3567 3720 3707 3801 quid

2068 3831 2216 3893 opus
2246 3812 2530 3892 implente
2553 3818 2582 3874 ?
2612 3811 2788 3873 Pares
2816 3811 3016 3892 itaque
3062 3820 3196 3872 sunt
3225 3811 3473 3889 angelis,
3507 3818 3566 3871 et
3606 3809 3705 3870 lilii

2066 3902 2195 3964 Dei.
2233 3903 2474 3974 Quare?
2505 3900 2654 3973 Quia
2683 3901 3142 3962 resurrectionis
3174 3900 3279 3962 ﬁlii
3333 3907 3490 3962 sunt.
3540 3898 3705 3971 Quod

2067 4000 2262 4053 autem
2295 3991 2460 4065 dicit,
2516 3990 2690 4052 talem
2739 4009 2978 4052 sensum
3041 3991 3257 4052 habet:
3292 3989 3447 4063 Dixi,
3494 3988 3707 4070 inquit,

2069 4082 2204 4144 illos
2236 4081 2385 4143 ﬁlios
2417 4081 2547 4161 Dei,
2582 4100 2652 4142 eo
2683 4081 2839 4160 quod
2872 4081 3015 4142 nihil
3047 4098 3400 4160 corporeum
3433 4080 3492 4140 in
3522 4096 3710 4158 gene-

2070 4171 2299 4232 retione
2347 4189 2552 4232 eorum
2597 4169 2884 4249 videatur,
2934 4169 3037 4230 sed
3088 4169 3288 4230 omnia
3327 4169 3523 4230 divina
3567 4169 3709 4231 sint.

2069 4263 2277 4342 Neque
2310 4260 2468 4321 enim
2501 4261 2561 4321 in
2591 4260 3025 4322 resurrectione
3068 4259 3347 4338 praecedit
3377 4257 3465 4319 vel
3496 4257 3708 4332 coitus,

2070 4351 2156 4411 vel
2192 4369 2420 4423 semen,
2452 4350 2540 4410 vel
2575 4358 2798 4424 uterus,
2836 4349 2921 4409 vel
2944 4347 3388 4428 impraagnatio:
3424 4348 3526 4407 sed
3555 4346 3715 4410 Deus

2073 4450 2161 4502 est
2189 4439 2289 4520 qui
2321 4446 2564 4518 generat
2595 4455 2844 4517 corpora
2880 4445 3078 4497 nostra
3121 4436 3312 4496 modis
3340 4435 3554 4515 quibus
3585 4433 3716 4514 ipse

2072 4531 2202 4591 scit.
2257 4527 2327 4592 Et
2376 4527 2624 4607 proinde
2655 4528 2791 4606 quia
2838 4527 2994 4588 Deus
3051 4534 3140 4585 est
3194 4524 3292 4604 qui
3342 4531 3620 4602 operatur
3652 4523 3713 4583 in

338 4619 480 4699 φέρει
532 4619 585 4676 δὲ
638 4635 756 4684 τοῖς
817 4621 1102 4702 λογισμοῖς
1174 4626 1261 4680 καὶ
1345 4624 1627 4702 μαρτυρίαν
1693 4623 1979 4700 Γραφικήν,

2072 4618 2534 4692 resurrectione,
2592 4615 2804 4678 merito
2855 4614 2958 4676 lilii
3014 4613 3116 4674 Dei
3174 4614 3452 4674 dicuntur
3493 4613 3714 4702 quiex

339 4711 479 4777 Φησὶ
523 4712 622 4788 γὰρ
653 4714 681 4767 ὁ
717 4717 911 4778 Μωσῆς
969 4715 1057 4770 τὸν
1109 4715 1239 4770 Θεὸν
1270 4716 1439 4769 εἰπεῖν
1475 4715 1614 4769 αὑτιῦ
1645 4713 1704 4769 ἐκ
1745 4717 1844 4778 τῆς
1888 4711 1990 4787 βά-

339 4823 408 4836 -η
464 4821 479 4837 .
515 4799 571 4822 ν.
636 4802 647 4822 ρ
689 4803 726 4834 ’ν
857 4806 869 4820 ο
983 4806 1025 4836 ἐ
1135 4805 1148 4824 ι
1201 4802 1231 4826 ρ
1305 4804 1315 4818 ι
1513 4805 1525 4822 \
1599 4804 1608 4818 ε
1685 4801 1776 4837 νει,⁹
1863 4803 1890 4822 .9
1941 4799 1984 4820 tn

349 4827 430 4856 tuo
539 4811 658 4880 Ιιγω
687 4825 792 4876 ειμι
851 4826 878 4859 ο
937 4811 1066 4867 Θςος
1153 4815 1397 4884 Αορααμ,
1443 4825 1530 4859 και
1561 4825 1625 4858 τα
1655 4804 1800 4868 ἐςτιν
1839 4811 1893 4858 lat
1937 4817 1992 4857 οε

344 4887 479 4954 ἅπαξ
510 4890 874 4967 ἠφανίσθησαν
932 4895 982 4948 0i
1031 4895 1382 4973 πατριάρχαι,
1437 4893 1523 4948 καὶ
1556 4895 1632 4968 μὴ
1665 4891 1793 4962 ἔζων
1851 4892 1993 4970 παρὰ

344 4985 458 5052 Θεῴ
515 4985 582 5055 τῇ
630 4978 796 5037 ἐλπίδι
853 4988 951 5049 τῆς
1010 4983 1370 5063 ἀναστάσεως,
1424 4985 1517 5040 οὑκ
1570 4982 1630 5038 ἂν
1669 4983 1846 5054 εἶπεν,
1911 4980 1991 5037 ὅτι

343 5068 487 5146 Ἐγώ
543 5071 676 5150 εἶμι,
710 5069 828 5128 ἀλλ’
891 5072 1032 5150 Ἐγὼ
1075 5072 1245 5149 ἥμην.
1285 5081 1450 5131 Τοῦτο
1480 5074 1579 5152 γὰρ
1603 5073 1854 5147 εἰώθαμεν
1895 5069 1991 5126 λέ-

339 5180 449 5234 γειν
510 5158 593 5215 ἒπὶ
648 5167 754 5215 τῶν
804 5159 1190 5242 διεφθαρμένων
1250 5165 1334 5220 ναὶ
1393 5162 1778 5242 ἀφανισθέιτων
1850 5182 1990 5240 πρα-

342 5249 562 5324 γμάτων
595 5267 608 5282 ⁸
671 5247 814 5328 Ἐγὼ
873 5251 1021 5326 ἥμην
1053 5251 1315 5320 δεσπότης
1357 5250 1504 5310 τοῦδε
1534 5254 1625 5306 τοῦ
1657 5252 1988 5329 πράγματος.

345 5339 446 5394 Νῦν
503 5336 556 5392 δὲ
618 5340 802 5411 εἰπὼν,
837 5338 918 5396 ὅτι
952 5340 1094 5419 Ἐγὼ
1136 5344 1264 5416 εἰμι,
1304 5341 1489 5408 ἔδειξεν
1524 5340 1603 5396 ὅτι
1635 5341 1844 5410 ζώντων
1887 5339 1996 5395 ἐστὶ

349 5429 622 5494 Δεσπότης
676 5431 761 5484 καὶ
821 5432 974 5503 Θεὸς,
1051 5435 1139 5488 καὶ
1196 5433 1317 5512 οὒχὶ
1376 5429 1720 5510 διεφθορότων
1765 5429 1937 5506 πάντῃ
1973 5447 1990 5465 ⁸

345 5516 441 5572 xii"
487 5519 584 5595 γὰρ
643 5521 815 5598 νεκροὶ
862 5523 1016 5600 εὖσιν,
1073 5521 1208 5578 ἀλλά
1263 5523 1330 5597 τῇ
1362 5518 1529 5576 ἐλπίδι
1559 5525 1650 5575 τοῦ
1677 5518 1993 5598 ἀναστῆναι,

343 5612 522 5685 ζῶσιν,
577 5608 754 5687 ὥσπερ
799 5612 893 5666 καί
953 5610 985 5666 ὅ
1040 5609 1207 5682 Ἀδὰμ
1266 5614 1309 5667 εἰ
1368 5612 1454 5667 καὶ
1510 5608 1628 5686 ἔζη,
1686 5609 1874 5676 θνητὸς
1931 5613 1998 5676 ἦν

344 5694 513 5777 ὅμως,
547 5700 633 5753 καὶ
677 5697 772 5754 ἀπ’
804 5700 962 5768 αὑτῆς
1005 5706 1102 5768 τῆς
1150 5703 1317 5781 ὥρας,
1369 5699 1458 5779 ἀφ’
1493 5700 1558 5768 ἧς
1603 5697 1788 5779 ἔφαγε,
1854 5698 1998 5754 ἀπο-

2073 4708 2510 4770 resurrectione
2542 4713 2886 4766 nascuntur.
2926 4701 3135 4766 Subdit
3163 4713 3357 4764 autem
3390 4700 3716 4762 rationibus

2075 4799 2248 4860 etiam
2282 4797 2603 4876 Scripturze
2648 4793 3072 4856 testimonium.
3110 4792 3298 4854 Mosuis
3335 4791 3492 4851 enim
3524 4791 3716 4870 inquit

2075 4887 2293 4949 dixisse
2319 4885 2435 4948 sibi
2458 4890 2640 4946 Deum
2667 4902 2738 4945 ex
2756 4882 2940 4944 rubo:
2967 4882 3087 4962 Ego
3110 4901 3232 4944 sem
3255 4880 3412 4943 Deus
3433 4879 3710 4956 Abrahae,

2076 4986 2192 5039 etc.
2223 4975 2384 5048 Quod
2419 4977 2467 5037 si
2500 4974 2744 5036 omnino
2805 4972 3179 5034 evanuissent
3234 4971 3606 5050 patriarcha},
3658 4976 3717 5032 et

2078 5087 2194 5129 non
2228 5065 2687 5145 vixissentapud
2744 5063 2931 5125 Deum
2982 5062 3042 5123 in
3073 5080 3178 5142 spe
3233 5058 3713 5135 resurrectionis,

2078 5179 2192 5219 nou
2229 5157 2434 5238 utique
2479 5155 2724 5215 dixisset
2771 5153 2974 5215 Deus:
3027 5152 3148 5232 Ego
3199 5171 3328 5212 sum
3365 5170 3378 5214 :
3433 5151 3561 5225 sed,
3595 5150 3714 5230 Ego

2077 5267 2258 5308 eram.
2297 5249 2378 5308 De
2409 5246 2589 5306 rebus
2622 5245 2780 5305 enim
2816 5243 3063 5323 perditis
3097 5252 3154 5302 et
3194 5241 3489 5322 corruptis
3519 5241 3722 5302 dicere

2079 5339 2340 5397 solemus
2378 5357 2390 5397 :
2421 5334 2539 5413 Ego
2572 5352 2732 5395 eram
2766 5336 3046 5394 dominus
3079 5333 3251 5411 hujus
3300 5341 3358 5391 et
3401 5331 3577 5411 hujus
3608 5332 3718 5395 rei.

2079 5426 2247 5489 Nunc
2278 5433 2472 5486 autem
2505 5423 2642 5504 quia
2671 5422 2814 5483 dixit
2849 5442 2866 5481 :
2908 5422 3032 5497 Ego
3063 5439 3218 5501 sum,
3269 5420 3524 5482 ostendit
3566 5420 3724 5502 quod

2081 5516 2153 5577 sit
2184 5514 2496 5576 viventium
2553 5512 2838 5576 Dominus
2868 5520 2927 5572 et
2974 5509 3154 5583 Deus,
3200 5517 3260 5569 et
3314 5528 3432 5573 non
3483 5511 3723 5571 omnino

2081 5615 2518 5686 corruptorum,
2555 5601 2787 5664 etiamsi
2821 5601 3034 5663 mortui
3075 5599 3214 5676 sint,
3258 5599 3361 5662 sed
3387 5617 3492 5681 spe
3514 5617 3723 5663 resur-

2082 5697 2261 5776 gendi
2289 5694 2536 5756 vivunt:
2591 5691 2744 5754 sicut
2807 5699 2864 5754 et
2912 5689 3098 5753 Adam
3155 5691 3421 5771 quamvis
3472 5689 3722 5764 vivebat,
