4184 6408
354 340 506 406 1049
1086 340 1533 402 ENARItATIO
1579 341 1659 403 ΙΝ
1710 340 1989 403 EVANGI

2077 340 2213 401 IUM
2269 341 2503 402 LUC/ﬁ.
2556 375 2585 381 κ
2662 341 2823 402 CAP.
2879 339 3040 401 XXI.
3584 330 3742 395 1050

348 500 440 555 ραν
500 476 765 555 πενιχρὰν
816 474 1116 551 βαλλουσαν
1167 475 1285 532 ἐκεῖ
1338 474 1426 532 δύο
1455 476 1645 539 λεπτά.
1684 478 1780 535 Καὶ
1814 475 1989 532 εἶπεν·

2081 483 2280 535 autem
2314 482 2371 533 et
2400 472 2714 553 quamdam
2750 473 2983 533 viduam
3030 468 3453 550 pauperculam
3487 466 3735 526 mitten-

348 554 590 632 Ἀληθῶς
656 554 805 642 λέγω
851 564 1008 639 ὑμῖν,
1068 563 1240 645 ὅτιμὴ
1314 565 1463 645 χῆρα
1519 568 1553 634 ἡ
1613 566 1811 645 πτωχῆ
1863 564 1989 630 αὕτη

2084 576 2201 624 lem
2228 562 2369 624 illuc
2390 582 2509 624 aera
2538 562 2759 624 minuta
2781 562 2991 629 duo.et
3023 561 3189 622 dixit:
3225 557 3379 621 Vere
3411 556 3546 617 dico
3569 576 3587 608 ι
3608 554 3739 615 ubis

346 653 539 711 πλεῖον
606 653 823 709 πάντων
880 650 1088 715 ἔϐαλεν,
1151 642 1430 717 ’Ἅπαντες
1480 655 1579 734 γάρ
1630 642 1772 711 οὗτοι
1817 654 1873 709 ἐγ
1906 661 1998 710 τοῦ

346 743 747 816 περισσεύοντος
822 746 1007 805 αὐτοῖς
1064 740 1253 798 ἔϐαλον
1312 745 1384 807 εἷς
1417 744 1481 799 τὰ
1534 741 1675 823 δῶρα
1715 751 1809 800 τοῦ
1840 750 1991 813 Θεοῦ,

343 833 478 899 αὕτη
534 831 588 887 δὲ
645 831 706 887 ἐκ
763 839 855 888 τοῦ
884 833 1243 909 ὅστερήματος
1278 837 1441 900 αὐτῆς
1484 832 1692 889 ἅπαντα
1723 836 1811 889 τὸν
1855 834 1990 909 βίον,

344 921 403 1003 ἓν
459 922 620 1001 εἶχεν
693 918 903 982 ἔϐαλεν.
944 944 967 978 ιι
1008 921 1173 992 Γάζαν
1205 922 1294 977 τὸν
1325 924 1588 1000 θησαυρόν
1633 944 1789 1003 φασιν
1824 923 1992 984 εἶναι.

345 996 439 1066 Ἠν
494 996 582 1065 οἷν
636 1010 774 1087 ἱερὸς
838 1010 1102 1086 θησαυρός
1172 1008 1278 1065 ἀπὸ
1308 996 1565 1089 φιλοθέων
1598 996 1992 1090 ἐρανιζόμενος,

343 1099 388 1171 ᾦ
444 1097 685 1178 ἐχρῶντο
758 1100 828 1157 εἰς
873 1099 1240 1177 περιποίησιν,
1271 1101 1358 1155 καὶ
1400 1102 1683 1168 ἐπισκευὴν
1714 1104 1806 1157 τοῦ
1833 1104 1991 1177 ἱεροῦ,

343 1188 431 1244 καὶ
491 1186 673 1250 ἁπλῶς
722 1189 795 1251 εἷς
850 1188 1053 1262 κόσμον
1098 1194 1189 1243 τοῦ
1252 1195 1398 1253 ναοῦ,
1446 1190 1541 1245 καί
1583 1193 1826 1261 πενήτων
1877 1188 1995 1249 δια·-

343 1278 562 1358 τροφὰς,
636 1276 735 1333 κᾶν
790 1276 1005 1356 ὕστερον
1076 1278 1164 1333 καὶ
1194 1284 1346 1333 τοῦτο
1376 1278 1709 1348 ἓκαπήλευον
1740 1282 1786 1336 οἱ
1807 1282 1990 1359 ἱερεῖς,

343 1365 715 1443 διανεμόμενοι
778 1369 870 1423 τὸν
938 1368 1221 1446 θησαυρὸν,
1282 1366 1419 1425 ἀλλὰ
1450 1369 1527 1443 μὴ
1558 1372 1689 1449 πρὸς
1735 1368 1767 1425 ἅ
1798 1369 1848 1435 ἐξ
1893 1371 1992 1447 ἁρ-

341 1463 454 1537 χῆς
513 1458 808 1538 ἀφώριστο,
865 1457 1035 1530 τούτῳ
1109 1457 1405 1537 χρώμενοι.
1502 1456 1746 1516 Ἐπαινεῖ
1820 1460 1990 1516 τοίνυν

344 1548 486 1625 παρὰ
540 1547 743 1611 πάντας
792 1547 913 1609 τοὺς
976 1544 1168 1611 ἄλλους
1225 1547 1324 1614 τὴν
1382 1550 1560 1628 χήραν
1591 1551 1618 1605 6
1662 1550 1871 1629 Κύριος,
1918 1552 1987 1606 ὡς

2080 652 2236 732 quod
2281 652 2420 713 458
2464 653 2635 713 vidua
2691 653 2815 713 hinc
2870 669 3098 732 pauper
3156 650 3287 730 plus
3317 665 3490 728 quam
3530 664 3738 705 omnes

2080 741 2257 804 misit.
2295 746 2438 803 Nam
2485 761 2693 804 omnes
2727 744 2783 803 hi
2816 761 2884 803 ex
2918 761 2987 802 eo
3027 741 3181 821 quod
3234 738 3380 818 ipsis
3428 734 3732 809 exuberat,

2079 832 2369 893 miserunt
2396 834 2454 893 in
2489 850 2733 893 munera
2756 831 3017 905 Dei,h:ec
3041 838 3239 889 autem
3263 847 3330 888 ex
3357 823 3605 906 penuria
3629 842 3737 884 sua

2079 922 2415 983 universam
2444 921 2830 982 substantiam
2853 939 3027 1000 quam
3054 916 3521 987 habebat,1nisit.
3552 938 3578 969 υ
3615 915 3734 975 Ga-

2078 1027 2203 1070 zam
2227 1012 2571 1071 thesaurum
2596 1011 2823 1071 dicunt.
2846 1011 2987 1071 Erat
3008 1009 3203 1088 itaque
3228 1024 3397 1067 sacer
3420 1006 3734 1064 thesaurus

2079 1118 2255 1179 quem
2280 1100 2359 1181 pii
2381 1099 2852 1173 contribuerant,
2882 1118 2995 1178 quo
3028 1096 3349 1158 utebantur
3375 1094 3444 1154 ad
3478 1110 3729 1173 appara»

2083 1192 2303 1250 tionem
2332 1199 2389 1250 et
2420 1189 2756 1249 necessaria
2786 1186 3155 1260 sacriﬁcii,et
3178 1186 3249 1246 ad
3286 1194 3556 1245 ornatum
3578 1192 3731 1242 tem-

2082 1274 3297 1359 pli,pauperumqueahmuniamzquamvis
3312 1282 3369 1334 et
3384 1274 3456 1334 de
3478 1272 3586 1331 hoc
3603 1288 3727 1349 pos-

2079 1376 2171 1427 tea
2220 1367 2677 1446 negotiationem
2733 1368 3002 1427 fecerunt
3046 1364 3406 1436 sacerdotes,
3440 1360 3729 1422 distribu-

2074 1464 2242 1516 entes
2266 1456 2609 1517 thesaurum
2636 1475 2753 1517 non
2784 1456 2840 1515 in
2867 1474 2933 1515 ea
2954 1454 3028 1516 ad
3053 1472 3182 1534 quae
3205 1451 3578 1513 contributus
3598 1449 3731 1508 fueo

2074 1545 2417 1607 rat.Laudat
2464 1546 2645 1624 igitur
2683 1545 2970 1606 Dominus
3008 1545 3240 1603 viduam
3287 1559 3467 1621 supra
3496 1556 3728 1611 omnes,

343 1637 405 1692 ἐκ
470 1643 562 1693 τοῦ
614 1636 981 1715 ὑστερήματος
1040 1636 1204 1703 αὐτῆς
1259 1627 1522 1711 βαλοῦσαν
1580 1636 1702 1694 ὅλον
1732 1627 1821 1694 τὸν
1879 1639 1989 1714 βίον

2075 1634 2232 1716 quod
2253 1652 2321 1698 ex
2347 1636 2599 1715 penuria
2621 1654 2726 1695 sua
2747 1643 2923 1695 totam
2953 1652 3121 1694 suam
3145 1631 3532 1692 substantiam
3552 1627 3727 1688 dede-

345 1729 528 1792 αὐτῆς.
587 1726 647 1783 Οἱ
703 1726 802 1803 γὰρ
862 1722 948 1780 δύο
1019 1721 1218 1801 ὀϐολοὶ,
1280 1727 1324 1781 εὶ
1367 1728 1455 1782 καὶ
1498 1728 1675 1807 μικροὶ
1726 1726 1988 1801 δοκοῦσιν,

2075 1727 2346 1788 rat.Nam
2374 1727 2432 1786 hi
2453 1727 2569 1785 duo
2589 1725 2746 1786 υἱέοΙί
2767 1723 2875 1785 etsi
2892 1724 3050 1805 parvi
3082 1721 3640 1793 videbantur,attam
3655 1734 3727 1778 en

343 1812 462 1871 ἀλλ’
534 1814 622 1870 οὖν
678 1813 801 1877 ὅλος
857 1816 885 1870 6
913 1814 1022 1890 βίος
1095 1820 1161 1885 τῇ
1188 1814 1247 1869 ἐκ
1289 1822 1383 1871 τοῦ
1425 1830 1733 1894 προσαιτεῖν
1779 1815 1981 1895 διατρε-

2075 1822 2227 1876 totus
2278 1815 2465 1877 victus
2511 1834 2578 1876 ex
2628 1813 3093 1876 mendicimonio
3134 1820 3281 1873 erat.
3317 1808 3509 1872 Vidua
3571 1809 3728 1868 enim

344 1902 550 1986 φομὲνῃ
608 1904 725 1960 εἶσί·
786 1905 932 1983 χήρα
963 1905 1061 1981 γὰρ
1088 1903 1153 1971 ἦν
1198 1905 1449 1984 πενιχρά.
1485 1907 1593 1963 Οὔκ
1622 1908 1693 1972 εἰς
1736 1908 1796 1962 τὸ
1845 1904 1988 1962 διδό-

2075 1915 2199 1964 erat
2223 1923 2467 1985 pauper.
2503 1902 2705 1984 Neque
2729 1907 2887 1963 enim
2909 1902 3192 1964 Dominus
3214 1898 3557 1961 mercedem
3581 1896 3726 1958 red-

343 2016 502 2069 μενον
557 1996 645 2049 οὗν
708 1993 919 2072 ἀφορῶν
949 1994 977 2048 6
1046 1990 1263 2070 Κύριος,
1297 1992 1580 2051 ἀποδίδωσι
1612 1996 1706 2059 τὰς
1736 1994 1987 2076 ἀμοιϐὰς,

2075 1995 2176 2053 det
2208 1995 2535 2073 respiciens
2565 1994 2636 2055 ad
2667 1994 2724 2055 id
2761 1993 2916 2073 quod
2952 1992 3141 2065 datur,
3190 1993 3294 2051 sed
3337 1989 3409 2050 ad
3458 1989 3515 2049 id
3572 1986 3725 2067 quod

342 2080 462 2139 ἀλλ’
492 2085 566 2147 εἷς
598 2084 658 2139 τὸ
687 2082 1027 2157 λειπόμενον,
1063 2090 1193 2147 Τοῦς
1238 2082 1335 2159 μέν
1365 2087 1453 2141 οὖν
1496 2084 1773 2150 πλουσίοις
1826 2086 1993 2143 πλείω

341 2172 716 2230 κατελείποντο
773 2172 827 2228 ἐν
874 2185 994 2235 τοῖς
1053 2170 1250 2246 οἴκοις,
1325 2172 1479 2252 ὀλίγα
1508 2177 1596 2231 καὶ
1625 2178 1787 2255 μικρὰ
1818 2199 1992 2256 προσ-

344 2270 638 2341 ενεγκοῦσι.
699 2266 777 2339 Τῇ
836 2260 890 2317 δὲ
919 2261 1101 2318 ἅπασα
1157 2264 1191 2329 ἡ
1250 2264 1389 2319 οἰκία
1457 2264 1745 2346 κεκένωτο,
1777 2268 1866 2323 καὶ
1895 2271 1991 2325 οὖ-

344 2350 427 2407 δ⁸εν
509 2350 819 2431 ὑπελείφθη,
898 2353 1126 2415 Εἷκοτως
1181 2352 1268 2408 οὖν
1356 2354 1443 2410 καὶ
1519 2354 1992 2433 ἀξιεπαινετωτὲρα

343 2440 579 2503 ἐκείνων,
652 2439 911 2508 Ἐνόησαν
960 2439 1013 2496 δέ
1083 2462 1221 2505 τινες
1281 2443 1461 2521 χήραν
1490 2440 1732 2500 δύνασθαι
1787 2444 1995 2525 ἒκληφ-

340 2532 494 2599 θῆναι
566 2537 737 2587 πᾶσαν
769 2531 954 2609 ψυχὴν
992 2532 1085 2586 τὸν
1117 2530 1369 2610 πρότερον
1413 2529 1593 2613 ἄνδρα,
1641 2535 1732 2590 τὸν
1766 2534 1994 2591 παλαιὸν

342 2621 505 2695 νόμον
563 2617 959 2693 ἀποϐαλοῦσαν,
1021 2620 1169 2677 οὔπω
1213 2618 1266 2675 δὲ
1293 2626 1391 2689 τῆς
1422 2624 1552 2700 πρὸς
1583 2624 1674 2678 τὸν
1725 2626 1854 2680 Θεὸν
1885 2624 1993 2681 Λό-

343 2734 437 2788 γον
490 2709 769 2789 συναφείας
820 2708 986 2774 ἀξίων
1049 2711 1135 2766 καὶ
1181 2710 1379 2778 ταύτην
1451 2712 1739 2791 προσάεειν
1836 2713 1998 2792 ἀῤῥεί·

343 2798 513 2864 ϐὦνος
572 2798 717 2876 λόγῳ
771 2800 870 2866 τὴν
940 2797 1144 2867 λεπτὴν
1197 2801 1284 2856 καὶ
1316 2800 1449 2866 τέως
1521 2802 1819 2880 σύμμετρον
1864 2804 1998 2880 αὐτῇ

344 2890 519 2945 πίστιν
566 2890 653 2945 καὶ
724 2888 922 2966 ἀγαθὴν
982 2886 1297 2956 συνείδησιν,
1377 2902 1473 2946 Δεῖ
1531 2893 1631 2971 γὰρ
1716 2894 1848 2968 μετὰ
1896 2896 1995 2960 τῆς

345 2980 574 3040 πίστεως
626 2980 714 3033 καὶ
797 2977 997 3055 ἀγαθὴν
1029 2977 1323 3045 συνείδησιν
1391 2979 1509 3047 ἤτοι
1555 2982 1669 3057 βίον
1699 2980 1994 3061 ἀδιάστρο-

345 3090 440 3148 φον
501 3067 764 3147 φέρεσθαι,
824 3068 907 3123 καὶ
955 3069 1000 3123 εἰ
1032 3066 1169 3124 οὕτω
1202 3067 1317 3143 (10)
1347 3070 1701 3149 προσέρχεταί
1728 3093 1807 3132 τις
1855 3076 1991 3145 Θεῷ,

346 3156 508 3232 μείζω
573 3157 784 3213 πάντων
840 3155 1026 3234 βαλεῖν
1078 3155 1226 3215 δοκεῖ
1282 3160 1387 3215 τῶν
1421 3159 1475 3215 ἐν
1527 3159 1673 3237 λόγῳ
1704 3158 1966 3219 πλουσίων

344 3248 429 3303 καὶ
458 3249 673 3316 ἠθικαῖς
703 3245 1017 3315 ἐλληνικαῖς
1050 3252 1328 3322 περιττῶν.

428 3360 450 3392 ι
530 3338 630 3395 Καὶ
686 3360 845 3393 τινων
903 3336 1166 3415 λεγόντων
1225 3341 1342 3417 περὶ
1371 3340 1650 3417 τοῦἱεροῦ,
1700 3338 1780 3396 ὅτι
1827 3338 1990 3405 λίθοις

339 3425 530 3490 καλοῖς
578 3427 666 3482 καὶ
722 3426 1024 3501 ἀναθήμασι
1084 3428 1439 3507 κεκόσμηται,
1518 3429 1665 3485 εἶπε·
1730 3436 1903 3487 Ταῦτα
1960 3427 1991 3485 ἅ

340 3521 613 3595 θεωρεῖτε,
687 3514 985 3573 ἑλεύσονταὶ
1054 3516 1273 3595 ἡμέραι,
1320 3517 1372 3573 ἐν
1405 3522 1496 3581 αἷς
1540 3518 1634 3574 οὐκ
1673 3518 1990 3599 ἀφεθησεται

343 3605 483 3669 λίθος
534 3604 620 3661 ἐπὶ
680 3604 828 3679 λίθῳ,
900 3604 955 3668 ὅς
1009 3606 1069 3660 οὗ
1119 3606 1561 3677 καταλυθήσεται,
1601 3605 1991 3685 Ἐπηρώτησαν

343 3693 399 3750 δὲ.
429 3694 608 3768 αὒτὸν,
657 3692 923 3773 λέγοντεςσ
963 3694 1278 3771 Διδάσκαλε,
1328 3697 1456 3753 πότε
1502 3697 1590 3753 οὖν
1620 3704 1785 3753 ταῦτα
1815 3696 1990 3771 ἕσται;

344 3784 431 3839 καὶ
482 3783 534 3839 τί
574 3787 636 3839 τὸ
678 3798 933 3861 σημεῖον,
991 3784 1116 3842 ὅταν
1190 3785 1362 3862 μέλλῃ
1419 3796 1582 3845 ταῦτα
1611 3786 1843 3864 γίνεσθαι
1879 3806 1895 3867 ;
1934 3779 1991 3845 Ὀ

340 3870 395 3929 δὲ
466 3872 615 3929 εἶπε⁹
676 3872 906 3931 Βλέπετε
976 3875 1051 3949 μὴ
1084 3874 1412 3943 πλανηθῆτε.
1462 3874 1655 3932 Πολλοὶ
1706 3878 1803 3955 γὰρ
1833 3876 1990 3932 ἔλεό-

339 3984 516 4019 σονται
577 3963 663 4019 ἐπὶ
719 3971 795 4038 τῷ
844 3964 1064 4039 ὀνόματί
1120 3987 1226 4038 μου
1254 3964 1528 4043 λέγοντες,
1562 3964 1642 4021 ὅτι
1681 3965 1824 4043 Ἐγὼ
1854 3968 1983 4041 εἰμι,

335 4052 425 4108 καὶ
479 4054 745 4133 ὁγλκαιρὸς
810 4053 1022 4131 ἢγγικε·
1096 4056 1174 4130 μὴ
1232 4057 1318 4109 οὖν
1349 4059 1637 4133 πορευθῆτε
1685 4057 1856 4112 ὀπίσω
1886 4056 1987 4111 αὒ-

337 4146 465 4203 τών,
524 4130 699 4199 ’Ὅταν
766 4140 820 4197 δὲ
874 4142 1136 4209 ἀκούσητε
1192 4143 1482 4217 πολέμους,
1528 4146 1615 4200 καὶ
1678 4144 1986 4201 ἀκαταστα-

335 4230 480 4310 σίας,
552 4232 629 4305 μὴ
677 4234 972 4300 πτοηθῆτε,
1024 4245 1120 4288 Δεῖ
1156 4234 1251 4310 γὰρ
1281 4254 1443 4289 ταυτα
1477 4233 1720 4311 γενέσθαι
1756 4235 1986 4313 πρῶτον,

333 4317 453 4375 ἀλλ’
507 4324 601 4379 οὐκ
657 4320 846 4383 εὖθέως
877 4323 938 4377 τὸ
970 4321 1144 4384 τέλος.
1178 4323 1304 4379 Τότε
1345 4322 1521 4400 ἔλεγεν
1554 4328 1759 4387 αὐτοῖς’
1799 4323 1992 4403 Ἐγερ-

334 4412 550 4475 θησεται
609 4409 750 4474 ἔθνος
811 4409 896 4466 ἐπὶ
979 4410 1140 4485 ἔθνος,
1207 4414 1291 4467 καὶ
1372 4412 1614 4487 βασιλεία
1690 4413 1775 4469 ἐπὶ
1830 4415 1990 4489 βασι-

2082 2081 2494 2163 deﬁcithitur
2529 2083 2697 2163 plura
2726 2082 3014 2143 divitesin
3050 2081 3327 2142 domibus
3364 2078 3728 2159 relinquunt,

2075 2191 2368 2253 parvaque
2398 2191 2466 2234 ac
2502 2192 2685 2253 pauca
2710 2173 3005 2234 oderunt:
3034 2172 3155 2231 haec
3174 2180 3370 2230 autem
3417 2178 3593 2229 tutam
3622 2166 3730 2227 do-

2078 2281 2237 2321 mum
2271 2266 2591 2335 evacuavit,
2622 2262 2889 2341 nihilque
2920 2260 3031 2321 sibi
3053 2258 3534 2339 reliquil.Merito
3557 2257 3731 2334 igitur

2077 2351 2311 2430 dignior
2344 2362 2596 2433 estquae
2626 2352 3106 2431 laudetur,quam
3161 2351 3270 2410 illi.
3310 2349 3732 2411 lntellexerunt

2081 2441 2321 2520 quidam
2354 2461 2589 2502 onmem
2615 2441 2871 2501 animam
2900 2441 3113 2519 exponi
3142 2458 3313 2519 posse
3347 2456 3450 2518 per
3476 2436 3729 2507 viduam,

2078 2549 2207 2609 quae
2229 2531 2429 2609 priore
2444 2532 2713 2611 viro,hoc
2739 2531 3043 2609 est,veteri
3068 2526 3729 2607 lcge,relicto,nundum

2079 2619 2283 2684 Verbo
2306 2619 2411 2681 Dei
2431 2620 2724 2700 copulata,
2752 2638 2907 2680 nunc
2932 2620 3045 2678 ista
3080 2638 3182 2699 pro
3218 2615 3551 2679 arrliabune
3583 2616 3730 2675 atre-

2081 2708 2380 2789 rat,[idem
2418 2719 2655 2772 tenuem
2690 2728 2757 2770 ac
2791 2728 3051 2789 parvam,
3078 2718 3258 2787 etpro
3290 2726 3395 2766 sua
3427 2723 3725 2769 mensura.

2081 2798 2503 2858 conscientiam
2533 2817 2736 2878 puram
2778 2798 3025 2873 habens,
3065 2805 3123 2856 ut
3147 2796 3497 2873 simpliciter
3528 2797 3584 2854 in
3621 2792 3735 2851 vita

2081 2895 2139 2946 et
2161 2886 2434 2948 doctrina
2465 2898 2745 2967 appareat
2773 2884 3262 2967 inculpata.0pus
3296 2884 3458 2945 enim
3490 2891 3727 2943 estcum

2078 2975 2197 3036 ﬁde
2230 2984 2285 3035 et
2316 2975 2531 3037 bonan.
2565 2976 3019 3054 conscientiam,
3045 2994 3147 3036 seu
3180 2974 3354 3036 vitam
3384 2982 3604 3033 rectam
3639 2972 3731 3032 af-

2077 3063 2237 3126 ferre
2263 3065 2347 3145 (u)
2377 3074 2468 3128 :et
2491 3065 2541 3125 si
2572 3065 2657 3125 sic
2678 3065 3146 3145 acccsseritquis
3176 3064 3247 3123 ad
3286 3060 3732 3141 Deum,vidutur

2013 3159 2052 3209 C
2079 3154 2313 3215 mittere
2342 3157 2472 3235 plus
2504 3154 2915 3236 omnibus,qui
2948 3154 3283 3215 eruditione
3315 3162 3453 3213 sunt
3490 3151 3725 3225 divites,

2080 3251 2136 3305 et
2156 3244 2465 3323 gentilium
2502 3245 2813 3305 virtutibus
2839 3244 3162 3305 abundant.

2163 3332 2510 3395 Vens.5-t1
2560 3335 2665 3395 «Et
2685 3334 3036 3414 quibusdam
3061 3330 3395 3393 dicentibus
3418 3329 3490 3391 de
3512 3331 3731 3411 templo

2077 3426 2233 3502 quod
2266 3424 2527 3502 pulchris
2559 3422 2857 3503 lapidibus
2903 3441 2970 3486 ac
3014 3422 3186 3483 donis
3229 3430 3498 3485 ornatum
3545 3430 3725 3492 esset,

2076 3511 2221 3572 dixit
2256 3533 2268 3575 :
2302 3514 2381 3573 Ex
2414 3513 2504 3572 his
2531 3531 2663 3592 quae
2694 3513 2928 3593 videtis,
2978 3512 3217 3573 venient
3267 3512 3395 3572 dies
3424 3510 3484 3570 in
3515 3510 3731 3589 quibus

2078 3618 2195 3660 non
2227 3603 2600 3682 relinquetur
2622 3602 2769 3681 lapis
2790 3620 2974 3682 super
2994 3602 3250 3682 lapidem
3276 3600 3373 3681 qui
3396 3618 3511 3659 non
3534 3599 3732 3659 dirua-

2077 3697 2193 3751 tur.
2216 3692 2732 3768 lnterrogaverunt
2759 3703 2953 3751 autem
2986 3692 3177 3770 illum,
3214 3691 3482 3750 dicentes
3517 3708 3530 3751 :
3570 3689 3727 3750 l'razo

2076 3790 2305 3860 ceptor,
2338 3783 2570 3861 quando
2601 3783 2724 3841 hinc
2746 3786 2949 3842 erunt?
2971 3793 3028 3842 et
3050 3783 3207 3861 quod
3230 3782 3460 3857 signum
3494 3782 3730 3859 quando

2076 3870 2188 3931 ista
2213 3871 2406 3932 futura
2436 3871 2605 3931 sunt?
2642 3875 2716 3932 At
2760 3872 2856 3932 ille
2893 3872 3084 3934 dixit:
3125 3872 3332 3931 Videte
3365 3889 3440 3931 ne
3472 3872 3730 3932 seduca-

2077 3959 2241 4023 mini.
2285 3961 2449 4021 Multi
2495 3962 2651 4022 enim
2706 3961 2947 4021 venient
2996 3961 3103 4021 sub
3154 3961 3397 4021 nomine
3450 3979 3581 4022 meo
3630 3961 3729 4021 di—

2072 4059 2274 4119 centes
2310 4069 2325 4111 :
2360 4049 2501 4131 Ego,
2560 4062 2618 4111 et
2672 4057 2909 4130 tempus
2960 4051 3140 4111 instat
3196 4069 3208 4112 :
3266 4071 3338 4111 ne
3393 4050 3572 4128 igitur
3628 4069 3729 4111 se-

2072 4139 2337 4218 quamini
2359 4139 2817 4203 illos.Ca:terum
2842 4160 2973 4201 cum
2990 4140 3301 4201 audieritis
3326 4140 3481 4201 bella
3500 4150 3554 4200 et
3578 4141 3679 4201 sed
3692 4141 3731 4199 i-

2078 4229 2485 4302 tiunes,nolite
2519 4230 3010 4309 terreri.0portet
3034 4230 3192 4291 enim
3227 4230 3394 4303 prius
3426 4230 3551 4291 haec
3572 4229 3726 4302 fieri,

2076 4319 2179 4379 sed
2214 4336 2329 4378 non
2364 4320 2561 4380 statim
2593 4319 2752 4380 linis.
2787 4319 2956 4383 Tunc
2992 4320 3229 4380 dicebat
3265 4319 3417 4379 illis:
3455 4318 3733 4397 lnsurget

2076 4427 2222 4487 gens
2243 4418 2449 4470 contra
2472 4418 2736 4486 gentem,
2767 4419 2822 4469 et
2852 4427 3102 4488 regnum
3135 4408 3418 4469 adversus
3452 4427 3725 4486 regnum,

334 4496 501 4573 λείαν,
556 4499 763 4574 σεισμοί
820 4522 876 4556 τε
948 4501 1176 4578 μεγάλοι
1237 4505 1373 4557 κατα
1416 4503 1633 4582 τόπους,
1685 4504 1774 4560 καὶ
1817 4502 1985 4579 λιμοὶ,

2077 4507 2132 4561 ct
2166 4508 2537 4560 terraamotus
2566 4499 2761 4578 magni
2785 4508 2959 4560 eruet
2981 4500 3039 4559 in
3070 4498 3318 4576 singulis
3343 4498 3510 4571 locis,
3543 4506 3599 4557 et
3639 4500 3730 4558 l'a—

334 4588 422 4642 καὶ
466 4585 646 4663 λοιμοὶ
704 4587 935 4666 ἔσονται,
1009 4588 1247 4669 φόῖητρπὶ
1284 4612 1364 4661 τε,
1409 4593 1497 4647 καὶ
1528 4605 1732 4667 σημεῖα
1764 4591 1858 4649 ἀπ’
1889 4595 1984 4650 οὒ-

332 4678 489 4754 ρανοὸ
562 4677 771 4756 μεγάλα
815 4677 982 4735 ἔσται,
1052 4704 1073 4735 υ
1145 4681 1371 4743 Εἰκότως
1433 4683 1459 4737 6
1523 4683 1706 4762 Κύριος
1768 4705 1983 4763 προφη-

330 4769 467 4824 τεύει
537 4772 656 4850 περὶ
705 4775 805 4837 τῆς
878 4768 1224 4850 Ἰερουσαλὴμ
1288 4780 1397 4853 νῦν,
1464 4771 1555 4828 ἅτε
1602 4772 1665 4843 δή
1724 4776 1851 4853 πρὸς
1923 4776 1982 4831 τὸ

331 4863 720 4939 σταυρωθῆναι,
775 4857 896 4917 ὅσον
957 4858 1121 4931 οὔπω,
1184 4863 1282 4941 ὢν,
1346 4861 1421 4918 ἵν’
1450 4861 1674 4942 ἔχοιμεν
1703 4865 1791 4920 καὶ
1821 4870 1985 4920 ταῦτα

331 4946 403 5027 εἷς
461 4947 703 5027 μεγάλην
774 4948 1038 5014 ἀπόδειξιν
1096 4958 1187 5007 τοῦ
1217 4950 1388 5019 ἄληθῆ
1434 4955 1565 5008 Θεὸν
1617 4954 1759 5010 εἶναι
1805 4955 1984 5018 αὐτόν,

334 5026 500 5092 ⁹Ὀθιιν
570 5039 659 5094 καί
714 5060 873 5094 τινων
932 5041 1286 5096 ἐπαινούντων
1337 5042 1429 5107 τὰς
1526 5042 1812 5117 οἰκοδομὰς
1895 5045 1987 5101 τοῦ

328 5127 467 5203 ἱεροῦ
535 5129 625 5185 καὶ
679 5128 745 5184 τὰ
787 5128 1123 5206 ἀναθήματαο
1160 5130 1317 5206 οἶμαι
1352 5130 1407 5187 δὲ
1438 5133 1503 5188 τὰ
1533 5134 1754 5213 τορευτὰ
1801 5133 1982 5191 ἐκεῖνα

2073 4607 2197 4649 mes
2220 4608 2287 4649 ac
2322 4588 2697 4669 pestilentiae,
2724 4590 3328 4667 terriculamentaqne
3367 4598 3423 4648 et
3454 4590 3623 4665 signa
3655 4588 3730 4647 de

2069 4672 2223 4739 cmlo
2243 4697 2456 4757 magna
2479 4678 2933 4740 erunt.»ltlerito
2964 4680 3250 4741 Dominus
3283 4676 3547 4757 praedicit
3574 4695 3731 4737 nunc

2068 4769 2143 4830 de
2173 4768 2506 4831 Jerusalem
2541 4767 2958 4843 subversione,
2993 4768 3270 4848 quoniam
3304 4785 3487 4847 prope
3515 4774 3639 4826 erat
3667 4777 3729 4826 ut

2070 4862 2546 4937 cruciﬁgeretur,
2584 4866 2647 4921 ut
2676 4859 2752 4921 sit
2783 4858 2974 4919 ethoc
3004 4876 3278 4935 magnum
3311 4864 3729 4937 argumentum

2072 4950 2264 5029 ipsum
2299 4968 2430 5010 esse
2462 4948 2669 5009 Deum.
2705 4946 2897 5025 Unde,
2939 4948 3298 5029 quibusdam
3349 4944 3729 5008 laudantibus

2071 5049 2397 5101 structuras
2429 5040 2662 5118 templi,
2697 5048 2753 5099 et
2784 5058 2916 5120 qua).
2958 5038 3018 5100 in
3061 5038 3203 5098 illud
3258 5036 3453 5098 oblata
3504 5044 3673 5096 erant
3708 5057 3723 5111 ;

2070 5130 2288 5211 Opinor
2311 5140 2506 5192 autem
2542 5132 2709 5191 illum
2746 5133 2820 5191 de
2854 5130 3102 5210 sculptis
3129 5138 3186 5189 et
3206 5127 3449 5190 tornatis
3477 5127 3730 5206 loqui.ut

1410 5264 1492 5329 Ex
1525 5267 1846 5331 collatione
1877 5267 2054 5331 codd.
2092 5270 2304 5332 Venet.
2339 5262 2397 5327 S.
2434 5266 2635 5329 Marci.

414 5396 540 5479 (ιο)
577 5395 764 5462 Codd.
790 5397 870 5463 es
903 5404 962 5481 et
983 5397 1087 5481 32,
1119 5400 1287 5458 ’Ἤτοι
1308 5402 1421 5479 βίον
1450 5400 1623 5481 ἔχειν,
1656 5403 1765 5481 καὶ,
1802 5401 1985 5466 ἁπλῶς

329 5478 525 5561 εἰπεῖν,
577 5482 697 5558 περί
753 5480 934 5561 τεᾲτὰ
988 5478 1251 5559 δόγματα,
1342 5484 1429 5539 καὶ
1460 5560 1465 5561 7
1499 5478 1617 5561 περὶ
1700 5478 1791 5539 τδν
1845 5484 1983 5559 βίον,

329 5557 678 5641 ἀδιάστροφον
750 5557 1072 5640 φαίνεσθαι,
1122 5563 1222 5621 Καὶ
1280 5563 1324 5617 εί
1408 5557 1580 5641 οὕτω,
1669 5585 1725 5625 κ.
1800 5557 1853 5628 τ,

2078 5423 2100 5456 ι
2136 5400 2253 5463 Seu
2281 5398 2457 5461 vitam
2488 5399 2737 5471 habere,
2766 5417 2892 5471 seu,
2930 5408 2992 5460 ut
3020 5395 3355 5477 simplicius
3379 5395 3754 5474 dicam,tum.

2071 5481 2131 5543 in
2162 5480 2590 5561 doetrina,tum
2616 5479 2675 5541 in
2701 5480 2966 5541 moribus
2990 5476 3218 5541 rectum
3243 5478 3483 5539 esse.Et
3511 5476 3725 5561 sisic,»

1928 5562 1983 5625 λ.
2069 5572 2188 5624 etc.

403 5680 486 5753 (α)
524 5680 589 5744 In
620 5677 781 5743 Edit.
818 5679 947 5743 Lut.
973 5697 1185 5743 ensuss
1217 5680 1579 5763 implicatus.
1607 5682 1836 5747 Desunt
1868 5681 2070 5762 verba,
2097 5702 2207 5747 seu
2238 5691 2423 5750 vitam
2458 5690 2683 5748 rectam
2718 5684 2962 5765 afferre.
