4184 6402
473 305 611 371 1051

468 530 618 594 forte
649 536 984 618 ἀναθήματα,
1022 538 1133 600 hoc
1161 539 1304 601 4‘59
1333 548 1442 620 est,
1479 540 1656 614 dona,
1685 538 1825 603 dicit
1855 560 1867 603 :
1912 541 2120 603 Domi-

468 640 581 682 nus
614 640 747 683 vero
771 624 915 686 nihil
934 627 1145 688 horum
1172 627 1554 701 miratur,sed
1580 629 2120 692 etdestrnetionem

467 728 670 770 eorum
696 713 980 789 praedicit.
1016 715 1133 779 Abi
1164 729 1361 777 autem
1413 718 1637 796 opinati
1686 728 1823 781 sunt
1871 737 2005 781 eum
2048 719 2122 780 de

466 805 976 866 consummatione
1022 807 1344 868 univorsali
1405 807 1690 883 locutum,
1725 811 1991 889 quamvis
2044 809 2121 870 de

463 889 803 967 captivitate
835 892 1386 975 Hierosolymorum
1430 905 1488 957 et
1537 896 1802 960 Romano
1854 898 2120 961 exercitu

463 978 807 1044 dicatzideo
839 991 899 1044 et
930 985 1059 1064 ipse
1081 1004 1304 1047 morem
1338 1004 1556 1065 gerens
1586 987 1671 1048 eis
1696 988 1977 1069 relinquit
2003 1007 2125 1050 ser-

471 1087 707 1129 monem
740 1070 815 1133 de
843 1074 1203 1154 captivitate,
1224 1075 1494 1136 dicturus
1526 1075 1600 1136 de
1628 1095 1702 1138 ea
1732 1087 2126 1157 posteaznunc

466 1164 665 1219 autem
697 1159 771 1220 de
801 1165 1315 1226 consummatione
1345 1165 1547 1226 saeculi
1582 1166 1939 1247 loquitur,et
1972 1186 2125 1246 prae-

469 1249 658 1310 munit
680 1269 890 1331 eos,ne
912 1272 976 1314 se
1006 1253 1170 1316 falsis
1196 1254 1501 1334 prophetis
1529 1265 1666 1318 ante
1696 1276 1867 1318 suum
1899 1256 2126 1318 adven-

473 1345 594 1397 tum
619 1342 879 1402 venturis
911 1342 1187 1405 subdant.
1222 1341 1409 1404 Erunt
1438 1353 1634 1407 autem
1692 1345 1850 1407 bella
1881 1354 1939 1406 et
1963 1345 2124 1407 sedi-

468 1427 700 1488 tiones:
733 1448 867 1491 nam
900 1449 1034 1494 cum
1092 1432 1322 1494 sublata
1370 1433 1549 1495 fuerit
1598 1434 1797 1496 omnis
1845 1435 2123 1514 Charitas,

469 1516 678 1577 merito
712 1519 908 1581 locum
965 1521 1266 1584 habebunt
1309 1523 1464 1585 bella
1494 1531 1553 1584 et
1582 1524 1932 1586 seditiones.
1984 1527 2123 1586 Post

470 1604 623 1666 bella
654 1627 700 1667 ν.
725 1627 791 1668 ro
823 1609 1009 1672 fames
1037 1619 1095 1673 et
1120 1613 1492 1691 pestilentia}:
1519 1621 1576 1674 et
1614 1614 1964 1693 pestilentiae
1986 1614 2118 1694 qui—

469 1694 602 1757 dem
626 1710 903 1777 corrupto
933 1700 1007 1762 ab
1039 1701 1255 1764 occisis
1277 1704 1634 1779 aere,fames
1651 1715 1843 1765 autem
1867 1722 1940 1765 ex
1964 1704 2119 1783 agris

467 1788 1048 1862 noneultis.Quidam
1083 1792 1475 1872 pestilentiam
1513 1804 1562 1854 et
1594 1794 1813 1854 famem
1846 1814 1959 1854 non
1996 1804 2120 1856 tan-
2144 1786 2179 1836 Β

470 1887 591 1935 tum
627 1876 686 1937 in
718 1881 1231 1943 consummatione
1254 1880 1477 1955 smeuli,
1516 1882 1621 1944 sed
1648 1883 1824 1944 etiam
1861 1888 1914 1943 in
1941 1886 2118 1961 capti.

468 1962 662 2025 vitatis
694 1968 1066 2048 temporibus
1098 1970 1221 2032 fore
1253 1970 1678 2032 intellexerunt
1748 1974 1979 2033 Etenim
2010 1974 2118 2033 Jo-

464 2052 684 2131 sephus
713 2056 891 2117 miras
916 2065 1055 2118 tunc
1085 2059 1453 2120 calamitates
1487 2060 1671 2122 fuisse
1696 2060 1843 2122 dicit
1875 2069 2119 2140 propter

464 2141 704 2217 famem,
735 2155 792 2205 et
816 2147 1090 2208 meminit
1121 2147 1299 2210 etiam
1336 2148 1524 2210 Lucas
1546 2150 1605 2210 in
1635 2148 2009 2212 Actistaeta
2028 2153 2120 2211 est

466 2232 650 2293 fames
679 2233 788 2295 sub
820 2234 1069 2298 Claudio
1103 2237 1331 2300 Caesare
1365 2239 1398 2289 9
1466 2242 1652 2302 Porro
1688 2248 1745 2300 et
1770 2237 2115 2301 terrricu’la—

467 2331 664 2382 menta
695 2323 878 2384 multa
904 2326 1163 2408 fuerunt,
1191 2328 1685 2409 eaptivitatem,ut
1708 2327 1864 2389 idem
1892 2335 2112 2404 narrat,

464 2408 657 2488 ipsius
683 2410 1010 2475 Jerusalem
1044 2416 1422 2479 declarantia.
1471 2418 1729 2481 Omnino
1759 2424 1959 2480 tamen
1994 2419 2119 2480 haec

466 2501 802 2579 sequentia,
831 2503 904 2565 de
935 2505 1356 2579 seditionibus,
1392 2507 1588 2580 bellis,
1625 2515 1682 2569 et
1713 2506 1867 2568 fame
1899 2526 1967 2568 ae
1997 2526 2115 2569 cte-

467 2590 610 2651 teris
637 2590 868 2672 loquor,
899 2602 1147 2675 possunt
1176 2604 1289 2657 tam
1311 2599 1384 2658 de
1409 2596 1742 2676 captivitate
1764 2597 2117 2672 Jerusalem,

468 2697 644 2759 quant
677 2682 753 2742 de
777 2685 1292 2748 consummatione
1325 2687 1526 2749 saeculi
1555 2687 1830 2766 intelligi.

543 2946 697 3011 Vens
730 2951 1097 3017 12-19.cSed
1133 2964 1268 3016 ante
1302 2955 1426 3017 haec
1451 2954 2118 3034 omniainjieientvobis

466 3056 675 3099 manus
698 3059 854 3116 suas,
884 3050 942 3103 et
987 3054 1441 3125 persequentur,
1475 3045 1774 3107 tradentes
1822 3045 1881 3105 in
1914 3045 2115 3107 conci-

1428 319 1531 379 TH
1547 320 2023 384 EOPHYLACTI
2061 320 2481 383 'BULGARL‘E
2528 321 2885 387 ARCHIEP.

467 450 640 503 erant
672 445 880 524 palma)
922 456 979 509 et
1018 448 1368 530 Clterubim,
1417 457 1476 511 et
1530 449 1775 525 similia;
1806 451 1932 513 haec
1954 451 2111 512 enim

2200 453 2283 508 καὶ
2342 450 2551 531 γλυπτὰ
2606 453 2805 535 λέγειν,
2862 471 2980 516 οῖον
3036 462 3270 541 φοίνικας
3367 467 3454 523 καὶ

3711 332 3863 397 1052

3599 465 3865 547 Χερουϐιμ

2203 547 2366 635 ⁸ταῦτα
2420 543 2520 621 γὰρ
2590 543 2725 609 ἴσως
2771 547 2838 603 τὰ
2866 548 3184 626 ἀναθήματά
3213 576 3397 633 φησιν·
3435 546 3493 615 Ὀ
3540 543 3723 635 Κύριος
3759 556 3857 615 οὒ-

2204 628 2346 695 δενὸς
2405 633 2604 690 τούτων
2663 634 3054 717 ἐπιστρέφεται,
3111 628 3246 699 ἀλλά
3285 643 3385 711 τὴν
3428 643 3712 703 κατάλυσιν
3758 648 3857 703 αὖ·

2202 721 2309 777 τῶν
2364 721 2637 801 προλέγει.
2701 728 2761 783 Οἱ
2817 723 2872 782 δὲ
2931 729 3183 802 ᾠήθησαν
3216 735 3374 792 αὐτὸν
3405 737 3649 802 περὶτῆς
3689 738 3854 795 καθο-

2202 808 2363 877 λ-κῆς
2420 811 2720 878 συντελείας
2776 813 2971 892 λέγειν,
3033 820 3203 877 καίτοι
3262 824 3383 895 περὶ
3438 829 3535 891 τῆς
3563 826 3664 881 ὑπὸ
3718 813 3857 882 Ῥω-

2203 899 2372 973 μαίων
2431 898 2680 967 ἁλώσεως
2749 906 2853 959 τῶν
2884 895 3263 985 Ἱεροσολύμων
3321 911 3569 991 λέγοντα.
3634 916 3727 971 Διὸ
3768 916 3858 971 καὶ

2203 987 2360 1049 αὐτὸς
2417 988 2848 1068 συγκαταϐαίνων
2907 997 3112 1072 αὐτοῖς,
3183 999 3370 1080 ἀφίησι
3428 1003 3527 1078 μὲν
3553 1002 3689 1066 τέως
3735 1006 3857 1070 τοὺς

2205 1078 2323 1154 περὶ
2378 1079 2476 1144 τῆς
2547 1077 2801 1147 ἁλώσεως
2858 1081 3073 1163 λόγοτς,
3130 1077 3315 1162 μέλλει
3346 1077 3446 1171 γὰρ
3473 1093 3660 1157 αὐτοὺς
3691 1115 3862 1164 παρα-

2209 1164 2395 1231 πλὲξαι
2455 1183 2574 1235 τοῖς
2634 1172 2772 1245 μετὰ
2827 1180 3016 1248 ταῦτα,
3052 1183 3139 1233 νῦν
3183 1175 3238 1233 δὲ
3281 1181 3401 1258 περὶ
3439 1182 3538 1248 τῆς
3562 1181 3858 1247 συντελείας

2208 1252 2582 1337 διαλαμϐάνει,
2654 1260 2743 1316 καὶ
2812 1263 3258 1343 προασφαλίζεται
3297 1252 3508 1342 αὖτοὺς,
3541 1270 3678 1328 ὥστε
3737 1285 3857 1336 τοῖς

2208 1345 2311 1422 πρὸ
2353 1344 2449 1436 τῆς
2510 1348 2669 1403 αὐτοῦ
2725 1351 3015 1427 παρουσίας
3087 1353 3370 1429 μέλλουσιν
3428 1358 3603 1417 ἔλθετν
3660 1358 3856 1436 ψευδο-

2207 1434 2505 1512 προφήταις
2567 1436 2647 1511 μὴ
2697 1437 3029 1518 ὑπαχθῆναι.
3080 1440 3350 1503 ’Ἔσονται
3382 1445 3437 1503 δὲ
3494 1434 3726 1508 πόλεμοι
3770 1453 3860 1507 καὶ

2206 1520 2616 1581 ἀκαταστασίαι*
2680 1533 2859 1595 πᾶσης
2891 1531 2991 1610 γὰρ
3048 1531 3263 1611 ἀγάπης
3322 1535 3704 1618 ἀναιρεθείσης,
3775 1541 3858 1596 εἰ·

2203 1610 2374 1676 κότως
2430 1616 2477 1670 οἱ
2534 1613 2763 1692 πόλεμοι
2831 1620 2920 1675 καὶ
2971 1623 3020 1677 αἱ
3052 1610 3660 1709 ἀκαταστασίαι-χώραν
3690 1610 3857 1695 ’ἴξου-

2202 1723 2308 1776 σιν,
2342 1701 2450 1792 ἀπὸ
2506 1702 2562 1760 δὲ
2622 1710 2729 1761 τῶν
2760 1706 3012 1784 πολέμων
3044 1709 3191 1787 λιμοὶ
3234 1715 3324 1770 καὶ
3351 1701 3629 1792 Ictu-abet
3658 1718 3756 1792 μὲν
3781 1721 3856 1784 ὡς

2200 1798 2292 1847 τοῦ
2354 1791 2506 1870 ἀέρος
2558 1794 2620 1850 ἐκ
2675 1801 2781 1851 τῶν
2828 1800 3159 1875 θνησιμαίων
3216 1800 3669 1888 διαφθειρομένου,
3700 1808 3754 1866 οἳ
3800 1807 3857 1864 δὲ

2202 1881 2275 1945 ὡς
2332 1883 2412 1955 μὴ
2471 1888 2576 1938 τῶν
2636 1892 2832 1964 χωρῶν
2864 1881 3570 1969 γεωργουμένωνίτινὲςνδὲ
3598 1881 3721 1960 τοὺς
3779 1897 3859 1954 λι-

2202 1970 2356 2045 μοὺς,
2418 1972 2506 2027 καὶ
2577 1970 2817 2053 λοιμοὺς,
2885 1978 2975 2033 καὶ
3025 1980 3122 2043 τὰς
3166 1978 3331 2044 ἄλλας
3353 1981 3556 2060 θλίψεις
3588 1985 3683 2042 οὐκ
3707 1985 3762 2042 ἑν
3790 1988 3859 2062 τῇ

2204 2057 2472 2133 συντελείᾳ
2529 2062 2689 2135 μόνον
2746 2063 2979 2140 ἔσεσθαι,
3012 2066 3151 2125 ἀλλά
3192 2073 3281 2127 καὶ
3311 2085 3429 2138 τοῖς
3454 2057 3574 2143 *τῆς

2204 2162 2411 2228 διαιροῖς
2479 2149 2791 2246 ἒξμεδέξρντο.
2854 2157 2951 2214 Καὶ
3038 2159 3139 2238 γὰρ
3240 2161 3506 2230 Ἰώσηπος
3560 2165 3856 2246 ἀφορήτους

2200 2240 2467 2319 συμφορὰς
2518 2237 2603 2297 διὰ
2687 2243 2777 2298 τὸν
2808 2242 2965 2318 λιμδν
3009 2237 3154 2326 λέγει
3176 2252 3520 2328 γεγενῆσθαι.
3555 2237 3720 2311 Ἀ’λλά
3765 2256 3855 2312 καὶ

2199 2330 2402 2420 antidea
2430 2351 2558 2420 φησι
2621 2331 2824 2395 Λουκές
2872 2333 2927 2389 ἐν
2957 2348 3079 2400 ταῖς
3122 2336 3397 2417 Πράξεσιν,
3453 2340 3665 2420 ἐγένετο
3692 2341 3853 2418 λιμὸς

2199 2416 2285 2473 ἐπὶ
2344 2416 2597 2476 Κλαυδίου
2661 2424 2947 2502 Καίσαρος.
3022 2423 3189 2483 Ἀλλὰ
3271 2427 3380 2511 μὴν
3460 2416 3547 2488 καὶ
3616 2416 3857 2511 φόϐητρα

2200 2505 2376 2563 πολλὰ
2446 2508 2695 2588 γεγόνασι
2753 2511 2850 2579 τὴν
2922 2510 3121 2571 ἅλωσιν
3177 2518 3275 2583 τῆς
3349 2505 3693 2599 Ἰερουσαλῆμ
3748 2505 3853 2589 δη·-

2204 2594 2419 2672 λοῦντα,
2465 2600 2537 2663 ὡς
2566 2601 2593 2654 ὁ
2625 2601 2781 2666 αὐτὸς
2811 2598 3073 2672 Ἰώσηπος
3097 2608 3318 2685 ἱστορεῖ.
3380 2598 3551 2675 Ὀλως
3582 2632 3641 2667 τε
3688 2616 3855 2669 ταῦτα

2201 2686 2353 2744 κοινᾶ
2400 2685 2640 2745 δύνανται
2696 2695 2928 2750 νοεῖσθαι
2987 2697 3081 2752 τοῦ
3107 2717 3163 2751 τε
3195 2706 3377 2775 καιροῦ
3423 2703 3522 2766 τῆς
3554 2699 3853 2764 συντελείας

2200 2776 2288 2831 καὶ
2342 2776 2437 2843 τῆς
2495 2776 2771 2854 ἀλώσεως,
2856 2783 2922 2839 τὰ
2950 2785 3067 2862 περῖ¹
3109 2806 3216 2856 τςρν
3270 2785 3678 2844 ἀκαταστασιῶν
3710 2812 3852 2869 φημι

2199 2868 2285 2922 καὶ
2316 2871 2423 2921 τῶν
2466 2865 2717 2944 πολέμων
2746 2871 2833 2927 καὶ
2858 2876 2965 2927 τῶν
2996 2870 3222 2935 λοιπῶν.

2285 2975 2308 3009 ε
2374 2957 2481 3035 Πρὸ
2513 2953 2567 3012 δὲ
2598 2958 2796 3016 τούτων
2828 2960 3040 3019 πάντων
3073 2960 3410 3024 ἐπιϐαλοῦσιν
3455 2964 3535 3045 ἐφ’
3564 2973 3702 3043 ὑμᾶς
3756 2970 3856 3033 τὰς

2202 3054 2398 3124 χεῖρας
2472 3047 2641 3104 at}:th
2694 3049 2783 3105 καὶ
2850 3047 3143 3125 διώξουσιν,
3176 3053 3547 3131 παραδιδόντες
3580 3058 3655 3122 εἷς
3683 3080 3850 3115 συνα-

462 3126 686 3190 liabula
714 3140 779 3191 et
803 3150 1070 3214 carcere,
1105 3136 1404 3196 trahentes
1434 3134 1506 3195 ad
1539 3154 1709 3214 reges
1750 3144 1806 3196 et
1836 3135 2116 3216 prwsides

2201 3135 2407 3212 γωγὰς,
2458 3136 2545 3192 καὶ
2618 3135 2880 3218 φυλακὰς,
2942 3126 3264 3218 ἀγομένους*
3292 3142 3379 3200 ἐπὶ
3438 3144 3714 3222 βασιλεῖς,
3763 3148 3857 3203 καὶ

465 3228 710 3297 propter
734 3240 950 3284 nomen
984 3242 1200 3285 meum.
1234 3225 1586 3303 Contingent
1617 3233 1813 3287 autem
1864 3225 2028 3286 vobis
2057 3225 2120 3286 in

466 3308 895 3372 testimonium.
950 3313 1173 3375 Habete
1222 3314 1400 3391 igitur
1463 3315 1642 3376 fixum
1724 3317 1781 3376 in
1840 3315 2120 3377 cordibus

469 3399 696 3472 vestris,
710 3420 823 3462 non
840 3421 971 3463 esse
988 3405 1514 3483 pranueditandam
1533 3405 1939 3467 defensionem
1954 3403 2116 3468 .Nam

462 3486 586 3566 ipse
600 3486 751 3551 dabo
767 3490 930 3553 vobis
942 3512 1007 3553 os
1021 3501 1077 3553 et
1090 3494 1434 3574 sapientiam
1450 3496 1546 3556 cui
1564 3514 1675 3556 non
1699 3500 2092 3576 poteruntcon
2106 3528 2119 3538 -

469 3576 766 3639 tradicerc
799 3597 994 3661 neque
1025 3584 1303 3645 resistere
1333 3603 1544 3645 omnes
1575 3584 1676 3665 qui
1707 3584 2116 3645 adversabun-

467 3674 563 3726 tur
592 3668 778 3732 vobis.
813 3670 1157 3733 Trademini
1215 3684 1410 3733 autem
1464 3674 1640 3735 etiam
1683 3694 1715 3735 a
1751 3672 2011 3753 patribus
2058 3680 2117 3734 et

458 3755 766 3834 fratribus,
794 3768 852 3820 et
882 3761 1152 3838 cognatis
1183 3771 1240 3821 et
1261 3762 1490 3831 amicis.
1523 3772 1581 3823 et
1618 3772 1806 3823 morte
1856 3761 2115 3824 efﬁcient

453 3846 741 3923 quosdam
775 3867 842 3909 ex
878 3850 1066 3912 vobis.
1099 3850 1167 3911 Et
1196 3852 1364 3915 eritis
1394 3852 1570 3914 invisi
1626 3853 1904 3914 omnibus
1940 3871 2113 3931 prop-

462 3942 552 3994 ter
584 3955 798 3998 nomen
829 3957 1053 4002 meum.
1079 3939 1150 4000 Et
1186 3942 1342 4021 pilus
1359 3942 1434 4004 de
1449 3942 1857 4022 capitevestro
1882 3961 1993 4002 non
2017 3960 2114 4022 pe-

455 4022 744 4087 ritiit.Per
769 4028 1109 4107 patientiam
1141 4038 1396 4092 vestram
1414 4033 1712 4111 possidete
1735 4032 1960 4093 animas
1986 4050 2114 4092 ves-

459 4120 640 4176 tras.»
667 4114 820 4177 Ante
854 4117 979 4179 haec
1007 4120 1229 4201 omnia,
1257 4122 1367 4184 hoc
1398 4131 1506 4201 est,
1544 4140 1612 4182 ea
1644 4140 1775 4201 quae
1799 4121 1941 4182 fient
1975 4129 2111 4183 ante

456 4206 1150 4288 consummationem,vel
1180 4210 1354 4271 etiam
1390 4211 1810 4291 captivitatem.
1843 4209 2013 4280 Nam,
2051 4216 2114 4271 ut

455 4291 914 4375 dixi,eonjungit
935 4299 1314 4360 sermonibus
1344 4300 1419 4362 de
1438 4301 2108 4371 consumiationeﬁer-

457 4402 665 4443 mones
696 4386 768 4446 de
800 4387 1442 4469 captivitate.lnjicient
1472 4392 1652 4464 enim,
1693 4391 1904 4472 inquit,
1932 4391 1989 4449 in
2013 4408 2113 4451 vos

2202 3225 2469 3301 ἡγεμὸνας
2526 3223 2703 3281 ἕνεκεν
2759 3233 2851 3283 τοῦ
2904 3228 3167 3304 ὀνόματός
3228 3254 3351 3313 μου,
3398 3231 3726 3304 ἀποϐήσεται
3798 3235 3855 3291 δὲ

2202 3316 2331 3388 ὑμῖν
2402 3315 2470 3378 εἷς
2529 3315 2832 3394 μαρτύριον.
2895 3318 3053 3374 Θέσθε
3084 3319 3175 3375 οὖν
3219 3322 3292 3401 είς
3335 3322 3430 3386 τὰς
3462 3320 3677 3390 καρδίας
3703 3325 3855 3401 ὑμῶν

2206 3402 2282 3477 μὴ
2340 3402 2672 3482 προμελετᾷν
2733 3404 3163 3485 ἠπολογηθῆναι.
3231 3400 3373 3489 Ἐγὼ
3396 3413 3497 3491 γὰρ
3523 3409 3678 3469 δώσω
3722 3400 3856 3488 ὗμῖν

2204 3491 2399 3565 στόμα,
2462 3492 2546 3547 καὶ
2602 3496 2812 3572 σοφίαν,
2859 3494 2894 3563 ἦ
2925 3496 2986 3552 οὗ
3028 3494 3338 3567 δυνήσονται
3381 3499 3674 3575 ἀντειπεῖν,
3737 3500 3855 3561 οὐδὲ

2202 3578 2510 3647 ἀντιστῆναι
2568 3582 2762 3647 πάντες
2835 3587 2881 3640 οἱ
2938 3584 3289 3662 ἀντικείμενοι
3346 3589 3497 3665 ὑμῖν.
3532 3587 3851 3669 Παραδοθή-

2199 3672 2349 3726 σεσθε
2406 3668 2460 3725 δὲ
2545 3672 2632 3728 καὶ
2701 3673 2801 3729 ὑπὸ
2839 3673 3061 3755 γονέων,
3089 3677 3175 3732 καὶ
3221 3683 3516 3758 συγγενῶν,
3542 3681 3627 3735 καὶ
3659 3677 3849 3761 φίλων,

2196 3761 2282 3815 καὶ
2340 3758 2600 3841 ἀδελφῶν,
2650 3762 2738 3818 καὶ
2782 3763 3170 3821 θανατώσουσιν
3213 3764 3266 3831 ἐξ
3322 3769 3494 3843 ὑμῶν,
3540 3770 3629 3825 καὶ
3669 3758 3852 3826 ἔσεσθε

2201 3850 2506 3925 μισούμενοι
2564 3851 2665 3907 ὑπὸ
2724 3850 2936 3907 πάντων
2966 3850 3056 3909 διὰ
3085 3853 3145 3910 τδ
3185 3852 3355 3931 ὄνομά
3400 3878 3527 3932 μου.
3577 3858 3675 3916 Καὶ
3741 3858 3852 3937 θρὶξ

2197 3939 2257 3993 ὲκ
2313 3938 2410 4006 τῆς
2463 3937 2699 4019 κεφαλης
2774 3941 2919 4016 ὑμῶν
2954 3943 3014 3998 οὐ
3039 3942 3115 4017 μὴ
3147 3942 3442 4011 ἀπόληται.
3477 3945 3567 4003 Ἐν
3599 3952 3667 4023 τῇ
3708 3947 3850 4003 ὓπο-

2197 4034 2334 4105 μονῇ
2391 4030 2537 4103 ὑμῶν
2587 4030 2853 4099 κτήσασθε
2887 4031 2980 4096 τὰς
3013 4032 3194 4113 ψυχὰς
3223 4035 3393 4110 ὑμῶν.
3433 4057 3455 4093 ι
3494 4037 3601 4115 Πρὸ
3648 4036 3852 4094 τούτων

2195 4116 2429 4191 πάντων,
2463 4122 2570 4173 τῶν
2613 4119 2709 4185 τῆς
2738 4118 3057 4195 συντελείας,
3089 4123 3126 4191 ἢ
3151 4124 3238 4180 καὶ
3282 4129 3386 4180 τῶν
3415 4129 3516 4192 τῆς
3568 4124 3843 4191 ἁλώσεως·

2193 4207 2264 4271 ὡς
2321 4206 2480 4263 εἶπον
2538 4209 2638 4286 γὰρ
2688 4208 3017 4286 παραπλέκει
3074 4226 3192 4275 τοῖς
3236 4214 3352 4291 περὶ
3406 4219 3503 4282 τῆς
3549 4214 3850 4279 συντελείας

2192 4295 2375 4374 λόγοις
2435 4297 2557 4361 τοὺς
2614 4299 2731 4377 περὶ
2800 4304 2900 4367 τῆς
2970 4299 3244 4367 ἁλώσεως.
3332 4302 3705 4367 Ἐπιϐαλοῠσιν
3760 4300 3847 4384 ἐφ’

2192 4387 2355 4461 ὑμᾶς,
2430 4389 2580 4466 φησὶ,
2642 4388 2763 4452 τοὺς
2814 4388 2971 4465 ἐμοὺς
3030 4394 3300 4467 μαθητὰς,
3349 4394 3443 4458 τὰς
3477 4408 3697 4476 χεῖρας.
3747 4397 3849 4455 Καὶ

455 4490 618 4532 meos
652 4472 1221 4554 discipulos,mauus
1254 4480 1327 4542 Et
1349 4492 1488 4543 ante
1518 4487 1752 4562 captam
1777 4480 2106 4542 Jerusalem

2200 4476 2297 4554 πρὸ
2356 4475 2453 4543 τῆς
2511 4474 2762 4541 ἁλώσεως
2818 4480 2918 4558 γὰρ
2975 4479 3312 4562 ἐδιώχθησαν
3368 4485 3414 4541 οἱ
3443 4472 3730 4542 ἀπόστολοι
3785 4484 3849 4542 ἐκ

454 4563 875 4638 persecutione
904 4567 1053 4646 pulsi
1084 4579 1222 4629 sunt
1246 4571 1498 4649 apostoli
1534 4590 1603 4632 ex
1638 4568 2064 4647 HierOSolymis
2094 4587 2106 4631 :

452 4649 570 4711 Deo
599 4651 713 4714 hoc
738 4657 814 4714 ita
845 4654 1330 4737 dispettsantejut
1357 4659 1576 4720 milites
1608 4659 1797 4719 solum
1836 4654 2114 4719 concute-

451 4750 677 4814 rent,et
702 4744 955 4821 graviter
975 4745 1306 4825 afﬂigerent
1334 4748 1574 4809 Jutlazos
1596 4748 1693 4827 qui
1715 4747 2014 4811 Christum
2036 4747 2105 4807 ad

451 4847 690 4891 crucem
718 4833 1323 4915 adegerant;apostoli
1357 4837 1593 4898 interim
1616 4846 1799 4898 totum
1818 4836 2103 4897 mundum

450 4919 873 4999 praedicatione
909 4925 1242 5003 implerent.
1276 4929 1443 4989 Ducti
1477 4938 1616 4989 sunt
1648 4927 1825 5005 igitur
1855 4925 2102 5005 apostoli

449 5007 520 5068 ad
552 5027 725 5089 reges
763 5021 819 5073 et
850 5013 1154 5094 praesides,
1190 5015 1341 5077 sicut
1375 5018 1589 5079 Paulus
1622 5019 1690 5078 ad
1730 5016 1995 5089 Festum,
2031 5014 2101 5075 ad

448 5098 770 5178 Agrippam
797 5102 963 5174 “had
998 5104 1316 5172 Cazsarem,
1346 5115 1404 5165 et
1435 5107 1649 5167 factum
1684 5104 1879 5165 esteis
1902 5104 2014 5165 hoe
2046 5105 2105 5164 in

449 5189 692 5266 gloriam
727 5195 1050 5255 testimonii
1103 5196 1250 5267 Quia
1295 5209 1492 5258 autem
1541 5199 1738 5259 ίιΙίοΙίο
1763 5194 2107 5276 etimperiti

451 5289 640 5353 erant,
694 5302 767 5343 ne
821 5284 1207 5348 turbarentur
1254 5288 1547 5350 reddituri
1597 5288 1886 5349 rationem
1948 5286 2102 5365 apud

449 5369 602 5456 viros
632 5370 969 5449 sapientes:
1000 5372 1487 5456 Nihil,inquit,de
1520 5379 1628 5439 hac
1662 5396 1724 5438 re
1751 5375 1919 5435 vobis
1943 5393 2098 5436 cura}

446 5454 858 5539 sit;accipietis
890 5462 1049 5523 enim
1099 5454 1290 5526 tunea
1319 5454 1411 5528 me
1442 5467 1841 5548 eloquentiam
1874 5463 2016 5524 460
2047 5472 2108 5526 el.

527 5616 560 5667 9
583 5617 711 5679 Act.
751 5637 831 5695 xx,
864 5621 967 5686 98.
1054 5624 1116 5673 ιιι
1147 5624 1278 5689 Act.
1312 5643 1454 5704 xxv,
1486 5627 1589 5691 26.

2196 4572 2300 4621 τῶν
2376 4565 2778 4644 Ἱεροσολύμων,
2814 4576 2903 4626 τοῦ
2932 4571 3062 4628 Θεοῦ
3091 4574 3179 4629 καὶ
3219 4580 3371 4631 τοῦτο
3413 4574 3846 4651 οἶκονομοῦντος,

2197 4652 2286 4710 ἵνα
2345 4655 2528 4731 μόνοις
2581 4671 2697 4722 τοῖς
2774 4673 3106 4737 σταυρωταϊς
3135 4663 3551 4731 ἒπικατασεισθῆ
3582 4665 3647 4720 τὰ
3675 4662 3847 4741 δεινὰ,

2238 4746 2252 4767 ν
2325 4746 2338 4764 ι
2377 4744 2422 4776 κλ
2491 4747 2502 4761 ι
2622 4747 2633 4767 ι
3108 4749 3119 4769 ν
3199 4750 3210 4768 ι
3456 4752 3476 4785 λ
3787 4755 3798 4777 ι

2198 4767 2343 4802 αυτοι
2372 4760 2425 4801 οι
2455 4767 2547 4801 τον
2570 4769 2701 4823 κοσμ
2714 4770 2772 4803 ον
2816 4747 2962 4821 ὅλον,
3009 4753 3056 4807 οἱ
3100 4750 3388 4811 αποστολοι
3419 4751 3588 4834 λεγω,
3618 4752 3848 4835 πληρω-

2190 4860 2320 4895 σωσι
2357 4843 2450 4894 τοῦ
2478 4840 2845 4919 κηρύγματος.
2896 4832 3196 4923 ’Ἡχθησαν
3240 4853 3330 4902 οὖν
3386 4844 3476 4903 ὲπέ
3507 4832 3752 4923 βασιλεῖς
3799 4851 3849 4905 οἱ

2186 4926 2497 5000 ἀπόστολοι,
2558 4931 2645 4987 καὶ
2699 4932 2784 4986 ὲπὶ
2853 4932 3149 5010 ἡγεμόνας,
3198 4937 3272 5000 ὡς
3328 4934 3537 4999 Παῦλος
3569 4937 3705 5011 πρὸς
3755 4938 3848 4996 τὸν

2186 5024 2424 5088 Φῆστον,
2459 5020 2589 5095 πρὸς
2619 5021 2709 5078 τὸν
2743 5018 3060 5100 Ἀγρίππαν,
3095 5017 3226 5105 πρὸς
3254 5027 3409 5084 αὐτὸν
3457 5028 3548 5083 τὸν
3581 5028 3842 5107 Καίσαρα.

2190 5107 2382 5186 Γέγονε
2443 5106 2498 5164 δὲ
2559 5108 2741 5173 αὐτοῖς
2812 5117 2967 5168 τοῦτο
3012 5114 3083 5178 εἷς
3116 5115 3397 5195 μαρτυρίου
3466 5113 3645 5182 δόξαν.
3695 5115 3847 5176 Ἐπεὶ

2190 5195 2245 5253 δὲ
2310 5195 2514 5253 ἰδιῶται
2545 5198 2681 5266 ἦσαν
2709 5199 2797 5255 καὶ
2847 5200 3098 5283 ἀμαθεῖς,
3132 5204 3223 5260 ἵνα
3268 5208 3344 5280 μή
3397 5211 3738 5287 ταραχθῶσιν
3770 5210 3847 5274 ὡς

2188 5285 2476 5363 μέλλοντες
2535 5287 2725 5366 λόγους
2790 5288 3130 5350 ἀπαινεῖαθαι
3189 5297 3332 5374 παρὰ
3386 5285 3573 5377 σοφῶν
3615 5296 3845 5376 ἀνδρῶν,

2188 5375 2367 5444 Μηδὲν
2451 5377 2605 5452 ὑμῖν,
2648 5380 2801 5460 φησὶ,
2834 5380 2953 5460 περί
2981 5383 3165 5440 τούτου
3197 5383 3425 5461 μελέτω·
3467 5375 3721 5464 λήψεσθε
3747 5390 3846 5469 γὰρ

2186 5465 2310 5545 παρ’
2370 5467 2503 5543 ἐμοῦ
2556 5466 2610 5522 ἐν
2661 5475 2836 5543 ταυτῷ
2878 5471 2966 5527 καὶ
2996 5474 3325 5555 σοφίαν,καὶ
3371 5476 3673 5554 εὐστομίαν,
3708 5479 3846 5537 ὥστε
