4184 6398
362 364 512 437 1057

352 508 440 563 καὶ
497 505 726 586 ἐπαίρατε
781 507 875 569 τὰς
953 505 1186 587 κεφαλὰς
1272 508 1440 583 ὑμῶν,

351 595 718 674 ἀπολύτρωσις
792 596 964 672 ὑμῶν.
1029 597 1127 653 Καὶ
1198 597 1323 653 εἶπε
1408 596 1717 676 παραϐολὴν
1802 600 2005 661 αυτοῖς

378 676 535 742 Ι’δετε
591 688 688 753 τὴν
749 692 913 753 συκῆν
986 687 1073 741 καὶ
1130 686 1303 742 πάντα
1361 687 1425 743 τὰ
1482 684 1661 766 δένδρα
1719 686 1845 743 ὃταν
1876 710 2007 767 προ-

354 770 626 830 ἷζάλλωσιν
693 773 821 847 ἤδη,
908 774 1194 851 βλέποντες
1254 775 1346 855 ἀφ’
1428 777 1627 831 ἑαυτῶν
1697 778 2008 855 γινώσκετε,

354 860 439 922 tu
470 861 573 931 ἤδη
608 864 761 943 ἐγγὺς
820 867 880 920 τὸ
939 864 1092 927 τέλος
1125 864 1295 924 ἔσται.
1346 864 1496 921 Οὕτω
1524 868 1611 921 καὶ
1656 868 1837 946 ὑμεῖς,
1884 866 2009 923 ὅταν

355 950 507 1019 ἲξητε
579 964 741 1013 ταῦτα
798 953 1074 1033 γινόμενα,
1133 955 1427 1032 γννώσκετε
1488 954 1568 1010 ὅτι
1601 954 1756 1034 ἐγγύς
1799 956 2003 1025 ἐστινὴ

354 1041 593 1117 βασιλεία
649 1046 742 1099 to")
775 1050 925 1103 Θεοῦ.
976 1043 1152 1117 Ἀμὴν
1196 1043 1338 1121 λέγω
1386 1046 1538 1124 ὑμῖν,
1596 1044 1675 1100 ὅτι
1709 1046 1767 1101 οὗ
1800 1046 1875 1120 μὴ
1908 1070 2015 1102 πα-

353 1130 568 1209 ρέλθῃή
629 1133 785 1210 γενεὰ
846 1132 1005 1203 αὕτη¹
1068 1132 1168 1197 ἕως
1243 1134 1302 1188 ἄν
1335 1134 1505 1190 πάντα
1548 1134 1790 1211 γένηται.
1829 1126 1884 1191 Ὀ
1917 1137 2009 1192 οὗ·-

354 1225 531 1302 ρανὸς,
595 1225 682 1279 καὶ
740 1225 774 1291 ἡ
834 1229 904 1299 γῇ
961 1221 1395 1301 παρελεύσονται,
1461 1226 1507 1278 οἱ
1566 1222 1619 1278 δὲ
1651 1223 1798 1302 λόγοι
1830 1246 1929 1297 μου
1959 1234 2016 1289 οὔ

350 1313 427 1387 μὴ
496 1312 852 1391 παρέλθωσιν,
899 1338 921 1371 υ
1005 1304 1228 1391 Ηεὶσπερ
1280 1315 1313 1381 ἡ
1363 1316 1594 1393 προ-,ἐρα
1625 1316 1885 1391 παρουσία
1929 1322 2017 1371 τοῦ

354 1403 539 1480 Κυρίου
596 1402 686 1458 ἐπὶ
749 1403 1194 1483 ἀναστοιχειώσει
1264 1409 1371 1459 τῶν
1444 1409 1638 1483 ψυχῶν
1704 1407 1858 1479 ἡμῶν
1927 1404 2015 1461 καὶ

349 1491 726 1570 παλιγγενεσία
786 1493 873 1561 ἧν,
933 1492 1070 1551 οὕτω
1123 1495 1212 1550 καὶ
1256 1495 1289 1560 ἡ
1347 1493 1562 1573 δευτέρα
1634 1494 1718 1550 ἐπὶ
1749 1494 2010 1574 παλιγγε-

351 1582 495 1653 νεσία
559 1590 665 1638 τῶν
729 1583 991 1658 σωμάτων
1050 1585 1205 1658 ἡμῶν
1266 1583 1436 1642 ἔσται.
1512 1582 1735 1651 Ἐπειδὴ
1804 1586 1902 1663 γὰρ
1962 1598 2013 1651 αἱ

354 1674 524 1751 ψυχαὶ
582 1672 763 1728 ἔθανον
822 1674 1075 1751 πρότερον
1106 1675 1527 1752 παρακούσασαι,
1562 1675 1627 1731 τὰ
1676 1672 1730 1729 δὲ
1791 1676 2013 1749 σώματα

964 1760 973 1779 Ι

1056 372 1500 437 ENARRATIO
1551 377 1628 439 IN
1681 370 2185 436 EVANGELIUM
2235 369 2471 431 LUC/E.
2513 405 2592 414 —
2636 367 2800 432 CAP.
2850 363 3011 431 XXI.

1526 505 1656 564 διότι
1727 506 1918 585 ἐγγίζει
1976 510 2010 576 ἡ

2098 505 2378 586 suscipite
2411 514 2467 566 et
2496 504 2722 568 attolite
2768 506 2956 586 capita
2988 515 3203 584 vestra,
3227 506 3505 587 quoniam
3531 525 3748 587 appro-

3600 366 3624 426 i
3639 365 3757 431 058

2099 596 2337 675 pinquat
2367 594 2697 675 redemptio
2730 605 2941 656 vestra.
2981 596 3051 656 Et
3085 595 3231 655 dixit
3255 595 3371 656 illis
3402 595 3755 656 similitudi-

2098 705 2232 744 nem
2268 702 2280 745 :
2321 685 2530 748 Videte
2566 686 2740 745 ﬁcum
2772 696 2827 745 et
2862 703 3069 745 omnes
3093 684 3748 763 arborescumprotrn-

2096 773 2243 832 dunt
2268 774 2389 851 jam
2415 774 2703 851 germina,
2764 782 3076 833 cernentes
3127 792 3195 835 ex
3239 774 3553 854 vobisipsis
3589 775 3753 835 scitis

2098 862 2251 940 quod
2280 863 2402 941 jam
2435 862 2617 924 instet
2647 861 2933 935 mstas,lta
2964 872 3019 923 et
3050 880 3153 925 vos
3184 883 3316 923 cum
3348 863 3606 925 videritis
3630 865 3751 925 haec

2098 951 2246 1021 ﬁeri,
2284 952 2493 1012 scitote
2527 951 2681 1031 quod
2716 954 2890 1012 instet
2934 970 3181 1029 regnum
3239 952 3364 1015 Dei.
3396 954 3587 1017 Amen
3618 954 3753 1014 dico

2095 1040 2283 1112 anis,
2348 1060 2467 1100 non
2515 1041 2840 1120 praeteribit
2893 1045 3196 1119 generatio
3259 1044 3384 1103 haec
3434 1053 3752 1122 antequam

2095 1130 2295 1190 omnia
2327 1129 2479 1191 facta
2509 1131 2749 1193 fuerint.
2805 1132 3031 1193 (Icelum
3084 1141 3143 1193 et
3193 1142 3344 1193 terra
3391 1132 3753 1193 transibunt.

2103 1217 2278 1279 verba
2335 1228 2529 1281 autem
2586 1238 2717 1282 mea
2768 1240 2882 1280 non
2945 1221 3298 1284 transibunt.
3339 1248 3363 1276 ι
3402 1220 3563 1283 Sicut
3597 1226 3757 1302 prior

2098 1307 2383 1369 adventus
2406 1308 2640 1369 Domini
2677 1311 2733 1369 in
2764 1310 3197 1371 restitutionem
3217 1320 3274 1372 et
3302 1312 3749 1390 generationem

2098 1397 2431 1457 animarum
2458 1410 2790 1459 nostrarum
2825 1399 2952 1478 init,
2990 1400 3070 1458 ita
3097 1408 3152 1459 et
3185 1401 3484 1461 secundus
3536 1401 3646 1462 erit
3696 1402 3753 1460 in

2098 1490 2610 1563 regenerationem
2649 1508 2989 1569 corporum.
3026 1489 3315 1561 Quoniam
3348 1490 3505 1550 enim
3544 1491 3755 1552 animae

2102 1576 2260 1655 prius
2294 1587 2540 1639 mortuae
2570 1578 2803 1640 fuerant
2832 1590 3070 1659 propter
3103 1579 3594 1656 inobedientiam,
3616 1600 3754 1641 cor-

2102 1684 2244 1743 pora
2278 1676 2472 1726 autem
2524 1676 2654 1747 post
2714 1682 3045 1747 nongentos
3096 1688 3282 1729 annos
3338 1669 3756 1731 inobedientize

357 1763 489 1834 μετά
563 1760 865 1817 ἐννεακόσια
950 1760 1043 1828 ἔτη
1119 1768 1216 1829 τῆς
1290 1769 1569 1843 παρακοῆς
1628 1764 1717 1818 τὸν
1794 1765 2012 1821 θάνατον

2104 1756 2308 1815 mortis
2334 1756 2447 1816 vim
2481 1767 2726 1837 experta
2758 1768 2893 1819 sunt
2921 1782 2933 1821 :
2968 1760 3101 1819 ideo
3147 1774 3547 1837 congruen‘er
3576 1779 3751 1839 rege-

357 1848 589 1929 ἐνεργείᾳ
642 1850 971 1920 ὑπέστησαν,
1072 1850 1371 1915 ἀκολούθως
1450 1854 1537 1909 καὶ
1598 1853 2011 1933 ἀναγεννῶνται,

355 1940 441 1994 καὶ
497 1939 848 2014 βελτιούνται,
908 1937 992 1995 διὰ
1064 1941 1160 2014 μὲν
1232 1941 1329 2009 τῆς
1388 1944 1643 2020 προτέρας
1730 1944 2016 2021 παρουσίας

353 2030 403 2082 αἱ
464 2031 660 2108 ψυχαὶ,
709 2027 793 2085 διὰ
838 2028 891 2083 δὲ
947 2034 1046 2095 της
1106 2028 1347 2109 δευτέρας
1404 2033 1469 2086 τά
1502 2032 1748 2105 σὼματα.
1791 2033 1878 2087 Διὸ
1930 2033 2015 2088 καὶ

354 2141 515 2192 φησιν
545 2122 572 2174 ὁ
610 2120 820 2198 Κύριος,
858 2118 937 2175 ὅτι
968 2111 1147 2177 ’Ὅταν
1172 2127 1337 2176 ταῦτα
1368 2143 1646 2200 γινωιται,
1708 2121 2014 2196 ἀνακύψατε

351 2209 398 2289 οἱ
459 2205 802 2285 βεϐαρυμένοι
860 2214 927 2285 τῇ
983 2213 1171 2289 φθορᾷ,
1231 2212 1319 2265 καὶ
1410 2210 1531 2266 οἷον
1595 2208 2011 2287 ἐλευθερώσατε.

359 2287 421 2365 ’ῌ
480 2297 579 2376 γὰρ
677 2287 1042 2377 ἀπολύτρωσις
1095 2299 1245 2373 ὑμῶν
1327 2300 1570 2377 πάρεστι,
1629 2298 1921 2373 τουτέστιν,
1978 2302 2011 2367 ἠ

356 2384 533 2442 τελεία
588 2388 679 2441 τοῦ
754 2386 1150 2467 συναμφοτέρου
1222 2387 1505 2466 ἐλευθερία,
1606 2389 1788 2467 ψυχῆς
1874 2388 2017 2466 λέγω

356 2475 444 2530 καὶ
504 2475 773 2549 σώματος.
837 2467 899 2531 Ἠ
958 2477 1081 2555 γὰρ,
1144 2475 1272 2550 ἀπό,
1336 2476 1580 2555 πρόθεσις
1640 2485 1795 2533 τοῦτο
1869 2475 2019 2533 δοκεῖ

358 2565 673 2622 αἰνίττεσθαι
745 2565 843 2632 τὴν
914 2564 1154 2633 παντελῆ
1208 2572 1307 2632 τῆς
1394 2569 1586 2645 φθορὰς
1673 2565 2017 2647 ἀπαλλαγὴν²

356 2651 421 2719 ἤν
486 2656 575 2709 καὶ
632 2656 692 2710 τὸ
756 2660 911 2729 σῶμα
969 2658 1088 2711 τότε
1146 2653 1342 2720 δέξεται
1401 2658 1584 2734 χάριτι
1659 2658 1751 2712 τοῦ
1834 2656 2021 2734 Κυρίου

353 2748 446 2798 τοῦ
504 2742 736 2822 ἔσχατον
796 2744 987 2823 ἐχθρὸν
1037 2751 1424 2823 καταργοῦντος
1486 2747 1575 2801 τὸν
1605 2745 1850 2808 θάνατον,
1904 2755 2012 2803 Ku-

352 2833 591 2910 τήργησε
648 2834 748 2908 μὲν
811 2834 909 2910 γὰρ
970 2834 1063 2897 τὰς
1125 2834 1322 2914 ἀρχὰς,
1357 2836 1567 2899 καὶτὰς
1612 2834 1871 2913 ἐξουσίας,
1931 2838 2016 2891 καὶ

350 2923 448 2985 τὰς
505 2923 686 3000 ψυχὰς
747 2921 1097 3002 ἐλυτρώσατο,
1156 2926 1355 2988 Λοιπος
1417 2921 1471 2979 δὲ
1530 2924 1595 2992 ἦν
1654 2927 1681 2980 ὁ
1737 2925 2015 2987 θάνατοςὸ

352 3011 417 3066 τὰ
478 3011 701 3086 σώματα
778 3012 929 3086 ἡμῶν
985 3012 1388 3089 ἐπινεμόμενος,
1451 3013 1506 3079 ὅς
1558 3016 1645 3071 καὶ
1718 3014 1873 3079 αὐτὸς
1911 3037 2011 3070 κα-

352 3100 733 3179 ταργούμενος,
785 3101 955 3165 αἴτιος
1015 3104 1153 3177 ἡμῖν
1239 3101 1529 3177 ἐλευθερίας
1563 3105 1650 3160 καὶ
1695 3102 2010 3182 ἀπολυτρώ-

2099 1854 2408 1926 nerantur,
2442 1855 2500 1906 et
2551 1847 2761 1907 melius
2809 1848 3049 1928 habent,
3087 1867 3191 1929 per
3221 1849 3482 1929 priorem
3508 1851 3748 1931 quidem

2099 1933 2410 1995 adventum
2462 1936 2698 2009 animas,
2754 1954 2859 2016 per
2906 1937 3235 1999 secundum
3269 1956 3435 2013 vero,
3479 1957 3749 2019 corpora.

2098 2021 2325 2084 Idcirco
2356 2032 2417 2086 et
2446 2024 2733 2086 Dominus
2764 2026 2927 2086 dicit'
2962 2025 3209 2098 Quando
3242 2027 3364 2088 haec
3389 2028 3755 2106 ﬁunt,su5pi.

2099 2112 2214 2173 cite
2245 2113 2342 2194 qui
2380 2116 2598 2190 gravati
2655 2115 2795 2175 estis
2840 2117 3247 2195 corruptione,
3283 2116 3450 2196 quasi
3481 2116 3753 2179 libertate

2098 2200 2381 2263 donandi.
2427 2201 2573 2264 Nam
2632 2205 3023 2284 ἀπολύτρωσις,
3086 2206 3196 2265 hoc
3244 2214 3355 2285 est,
3418 2205 3751 2286 redemptio

2100 2303 2291 2352 vestra
2320 2298 2511 2367 adest,
2549 2293 2659 2354 hoc
2684 2302 2776 2356 est
2797 2302 3209 2355 consummata
3236 2295 3547 2373 utriusque
3574 2295 3748 2356 liber-

2103 2390 2208 2451 tas,
2239 2383 2453 2443 animm
2484 2383 2726 2463 inquam
2760 2391 2816 2444 et
2846 2383 3139 2462 corporis.
3194 2383 3544 2463 Praapositio
3589 2384 3746 2445 enim

2102 2471 2207 2527 ἀπὸ
2265 2472 2569 2534 insinuare
2617 2473 2854 2535 videtur
2899 2473 3218 2552 perfectam
3278 2491 3311 2533 a
3369 2474 3751 2553 corruptione

2103 2554 2463 2633 libertatem,
2497 2579 2670 2641 quam
2726 2572 2783 2622 et
2841 2580 3057 2642 corpus
3106 2569 3243 2621 tunc
3275 2560 3533 2639 accipiet
3563 2563 3752 2639 gratia

2105 2648 2336 2710 Domini
2396 2659 2729 2712 extremum
2786 2649 3093 2713 inimicum
3145 2650 3441 2712 abolentis
3474 2660 3746 2712 mortem.

2105 2739 2373 2801 Abolevit
2406 2741 2625 2803 ctenim
2658 2741 3018 2821 principatus
3046 2752 3102 2801 et
3132 2748 3468 2820 potestates,
3507 2749 3566 2799 et
3615 2742 3750 2801 ani-

2103 2849 2229 2889 mas
2274 2830 2561 2892 redemit°
2595 2831 2823 2911 reliqua
2879 2841 3073 2891 autem
3117 2838 3242 2891 erat
3292 2848 3471 2892 mors.
3502 2849 3750 2910 corpora

2100 2928 2299 2979 nostra
2342 2919 2672 2999 depascens
2694 2938 2706 2981 :
2730 2938 2860 2999 quae
2889 2928 2945 2979 et
2968 2919 3091 2999 ipsa
3113 2939 3245 2980 cum
3274 2919 3752 2994 abo!ebitur,erit

2098 3008 2270 3068 nobis
2305 3008 2592 3071 libertatis
2626 3018 2681 3071 et
2704 3008 3131 3087 redeniptianis
3162 3027 3358 3070 causa.
3401 3007 3465 3068 Et
3492 3025 3746 3088 regnum

2096 3097 2202 3159 Dei
2231 3099 2425 3160 statim
2459 3099 2671 3179 aderit,
2700 3118 2831 3160 cum
2867 3098 2991 3158 haec
3022 3096 3426 3159 ﬁent.Etenim
3452 3098 3748 3177 quemad-

356 3210 491 3252 σεως
542 3188 712 3252 ἔσται.
748 3193 844 3249 Καὶ
926 3193 962 3259 ἡ
1020 3192 1259 3269 βασιλεία
1328 3199 1421 3249 τοῦ
1495 3196 1625 3249 Geo-3
1650 3194 1794 3256 εὐθὺς
1854 3193 2012 3265 παρὲ-

2098 3186 2235 3249 dum
2276 3188 2420 3249 ﬁcus
2451 3207 2583 3269 quae
2606 3188 2903 3268 praimittit
2934 3187 3091 3261 folia,
3128 3186 3519 3267 pr0pinquam
3573 3195 3746 3248 aesta-

360 3304 477 3339 σται
548 3284 745 3340 τούτων
800 3284 1125 3363 γινομένων,
1160 3275 1380 3365 υΩσπερ
1440 3287 1528 3342 καὶ
1578 3288 1612 3353 ἡ
1666 3290 1799 3352 συκῆ
1870 3308 2009 3365 προ-

2098 3286 2215 3339 tem
2250 3278 2499 3339 nuntiat:
2537 3280 2618 3339 ita
2642 3287 2698 3339 et
2721 3297 2854 3339 cum
2882 3279 3006 3338 haec
3038 3278 3183 3338 ﬁunt
3208 3276 3745 3357 prodigia,ettran-

358 3372 635 3449 μέλλουσα
692 3375 759 3430 τὰ
834 3374 1026 3454 φύλλα,
1088 3374 1234 3455 θέρος
1292 3373 1452 3442 δηλοῖ
1480 3375 1708 3454 ἒγγίζοθ.
1760 3376 1897 3433 οὕτω
1925 3380 2012 3433 καὶ

358 3470 524 3520 ταῦτα
580 3462 832 3542 γινόμενα
886 3466 953 3521 τά
1021 3464 1212 3543 τέρατι
1276 3467 1365 3521 καὶ
1428 3467 1462 3533 ἡ
1528 3466 1878 3541 μεταποίησις
1923 3473 2015 3522 τοῦ

353 3553 552 3616 παντὸς
624 3550 897 3630 δηλοῦσιν,
958 3555 985 3609 ὃ
1016 3576 1065 3610 τι
1122 3557 1270 3633 θερος
1301 3552 1437 3628 ἥξει,
1466 3554 1757 3628 τουτέστιν,
1790 3557 1823 3623 ἡ
1854 3555 2013 3631 βασι-

352 3640 468 3697 λεία
524 3649 616 3699 τοῦ
660 3649 811 3719 Θεοῦ,
887 3644 1022 3719 μετά
1080 3644 1328 3722 χειμῶνα
1379 3646 1467 3700 καὶ
1544 3644 1711 3715 ζέλην
1740 3647 1814 3708 ὡς
1865 3644 2014 3723 θέρος

353 3730 624 3810 ἐρχομένη
698 3744 813 3796 τοῖς
872 3730 1118 3814 δικαίοις,
1147 3735 1222 3797 ὡς
1252 3746 1369 3797 τοϊς
1402 3755 1463 3812 γε
1492 3732 1837 3813 ἁμαρτωλοῖς
1888 3756 2012 3813 χει»-

351 3821 468 3895 μὼν
532 3819 678 3878 ἔσται
776 3822 897 3879 τότε
989 3824 1077 3879 καὶ
1130 3821 1288 3894 ζα’λη’
1354 3824 1496 3881 οὗτοι
1567 3824 1666 3902 γάρ
1722 3824 1868 3903 θέρος
1922 3826 2015 3879 τὸν

348 3910 584 3989 παρόντα
666 3913 829 3968 αἰῶνα
914 3911 1119 3992 ἕχοέσι,
1201 3911 1367 3983 ζάλην
1438 3911 1491 3967 δὲ
1571 3915 1663 3968 τὸν
1722 3912 2010 3988 μέλλοντα,

350 4000 526 4075 Ἀμὴν
580 3999 723 4079 λέγω
784 4002 936 4078 ὑμῖν,
997 4000 1078 4057 ὅτι
1112 4003 1171 4059 οὗ
1202 4002 1279 4077 μὴ
1326 4001 1562 4079 παρέλθῃ
1593 4003 1628 4069 ⁵η
1659 4004 1815 4081 γενεά
1851 4002 2010 4077 αὕτη,

354 4089 453 4152 ἕως
516 4090 576 4146 ἂν
651 4098 817 4147 ταῦτα
873 4092 1047 4147 πάντα
1104 4091 1347 4168 γένηται,
1407 4093 1621 4172 Γενεάν,
1715 4094 1897 4171 φησὶν,
1955 4096 2015 4150 οὗ

352 4180 473 4242 τοὺς
544 4180 665 4236 τότε
724 4181 1016 4260 παρόντας,
1078 4178 1216 4240 ἀλλὰ
1276 4181 1375 4247 τὴν
1434 4184 1539 4237 τῶν
1592 4188 1795 4238 πιστῶν
1838 4190 2012 4239 πᾶσαν

357 4270 565 4346 γενεάν,
642 4267 771 4327 Οἵδε
824 4269 924 4349 γὰρ
983 4270 1070 4326 καὶ
1127 4271 1313 4347 γενεὰν
1367 4270 1473 4326 ἀπὸ
1544 4271 1639 4339 τῆς
1690 4273 2011 4351 ὁμοτροπίας

360 4360 634 4435 ὀνομάζειν
657 4362 692 4427 ἡ
738 4360 949 4439 Γραφὴ,
982 4360 1055 4424 ὡς
1086 4360 1171 4434 τὸ,
1212 4383 1236 4415 ιι
1273 4357 1416 4427 Αὕτη
1457 4362 1490 4428 ἡ
1516 4362 1672 4439 γενεὰ
1714 4367 2013 4433 ζητούντων

356 4450 447 4503 τὸν
488 4450 699 4526 Κύριον,
742 4472 764 4505 ι
802 4447 1025 4517 Ἐπειδὴ
1047 4450 1147 4529 γάρ
1202 4450 1446 4529 ταραχὰς
1478 4452 1565 4508 καὶ
1587 4450 1879 4527 πολέμους,
1927 4455 2012 4509 καὶ

2096 3368 2401 3429 siormatio
2432 3367 2716 3438 universi,
2742 3368 2979 3445 signant
3007 3365 3163 3446 quod
3191 3373 3436 3428 ventura
3455 3365 3530 3427 sit
3553 3374 3746 3442 testas,

2098 3458 2209 3518 hoc
2243 3466 2350 3533 est,
2403 3476 2653 3536 regnum
2687 3456 2790 3519 Dei
2847 3469 2977 3536 post
3025 3456 3297 3536 hyemem
3331 3464 3392 3517 et
3424 3462 3745 3536 tempesta—-

2099 3559 2243 3616 tem,
2283 3548 2447 3628 quasi
2480 3556 2768 3626 aastatem,
2820 3547 3206 3608 adventurum
3253 3544 3433 3624 justis
3472 3562 3484 3606 :
3516 3546 3748 3607 tametsi

2101 3642 2246 3699 tunc
2282 3635 2693 3713 peccatoribus
2725 3634 2921 3696 futura
2952 3635 3028 3696 sit
3084 3634 3286 3714 hyems
3313 3641 3371 3693 et
3400 3640 3742 3713 tempestas,

2100 3744 2235 3787 nam
2258 3726 2341 3788 illi
2368 3744 2631 3806 praesens
2662 3725 2942 3787 saeculum
2978 3744 3081 3804 pro
3113 3732 3312 3785 aestate
3344 3722 3749 3804 habent,futu-

2098 3832 2230 3875 rum
2254 3825 2449 3876 autem
2485 3834 2592 3894 pro
2624 3813 3191 3895 tempestate.Amen
3213 3812 3347 3873 dico
3365 3811 3553 3890 vobis,
3589 3812 3746 3893 quod

2100 3923 2218 3964 non
2272 3904 2593 3984 praeteribit
2639 3903 2944 3983 generatio
2987 3903 3134 3983 haec,
3169 3901 3358 3962 donec
3390 3903 3513 3963 haac
3543 3902 3746 3963 omnia

2099 3996 2260 4055 ﬁant.
2288 3993 2742 4056 Generationem
2765 4002 2942 4055 vocat
2977 4012 3093 4053 non
3125 4012 3226 4054 eos
3257 3992 3358 4072 qui
3403 4000 3543 4054 tunc
3599 3993 3746 4053 ade-

2097 4091 2251 4163 rant,
2288 4083 2391 4144 sed
2452 4083 2717 4144 omnium
2765 4082 3037 4145 ﬁdelium
3081 4080 3551 4161 generationem.
3589 4080 3751 4143 Solet

2098 4172 2257 4233 enim
2290 4173 2597 4252 Scriptura
2624 4172 3070 4249 generationem
3124 4172 3237 4232 hoc
3277 4171 3583 4233 nominare
3613 4190 3748 4233 mo-

2095 4260 2192 4337 do,
2228 4269 2293 4322 ut
2328 4283 2340 4325 :
2377 4285 2399 4319 α
2435 4264 2574 4325 Haec
2624 4271 2713 4323 est
2745 4261 3051 4340 generatio
3081 4261 3479 4341 quaerentium
3538 4259 3748 4322 Domi-

2096 4370 2236 4412 num
2267 4352 2342 4409 15.
2387 4374 2408 4409 η
2447 4350 2597 4423 Quia
2624 4360 2817 4412 autem
2852 4351 3217 4412 turbationes
3246 4358 3304 4409 et
3330 4349 3488 4411 bella
3517 4359 3574 4411 et
3602 4350 3745 4412 alte-

2097 4440 2356 4503 rationes
2380 4441 2531 4503 dixit
2559 4441 2783 4502 futuras
2807 4448 2925 4502 tam
2959 4439 3391 4502 elementorum
3433 4457 3606 4519 quam
3643 4459 3745 4501 re-

354 4537 667 4602 ἀλλοιώσεις
719 4537 845 4595 εἷπε
906 4528 1144 4617 γενέσθαι
1175 4540 1263 4595 καὶ
1292 4528 1575 4619 στοιχείων
1619 4541 1706 4596 καὶ
1758 4540 2008 4619 πραγμά-

2098 4549 2226 4592 rum
2264 4551 2278 4594 :
2317 4543 2378 4592 ut
2410 4550 2484 4592 ne
2508 4530 2641 4611 quis
2681 4531 3017 4609 suspicetur
3046 4528 3211 4619 quod,
3238 4528 3390 4591 forte
3427 4529 3743 4619 aliquando

352 4626 581 4703 των,ἷ’να
599 4630 676 4705 μή
689 4652 759 4693 τις
777 4626 1043 4705 ὑπολάϐῃ,
1078 4627 1158 4684 ὅτι
1190 4629 1401 4704 μήποτε
1430 4630 1519 4686 καὶ
1550 4633 1577 4686 ὁ
1600 4633 2008 4709 Χριστιανισμὸς

353 4714 798 4796 καταλυθήσεται,
858 4718 1016 4797 Οὐχὶ,
1084 4719 1265 4797 φησὶν,
1302 4719 1363 4774 οὗ
1391 4718 1469 4793 μὴ
1501 4718 1737 4797 παρέλθῃ
1790 4720 1824 4785 in
1855 4721 2009 4798 γενεά

357 4804 489 4872 αὕτη
563 4811 671 4861 τῶν
722 4813 1078 4885 Χριστιανῶν.
1163 4808 1390 4885 Οὒραδὸς
1478 4807 1573 4884 μὲν
1631 4810 1731 4887 γὰρ
1788 4810 1875 4865 καὶ
1937 4814 2008 4886 γῆ

355 4893 835 4970 ἀλλοιωθήσονται,
892 4898 939 4953 οἱ
970 4894 1024 4952 δέ
1076 4894 1227 4974 λόγοι
1260 4919 1385 4977 μου,
1431 4900 1520 4955 καὶ
1565 4899 1626 4955 τὸ
1687 4897 2009 4977 Εὖαγγέλιόν

359 5005 459 5058 μου
517 4985 577 5041 οὗ
630 4985 1109 5061 καταλυθήσονται,
1140 4984 1277 5041 ἀλλά
1308 4994 1543 5066 μενοῦσι,
1578 4984 1676 5043 κᾶν
1722 4988 1788 5043 τὰ
1841 4988 2012 5044 πάντα

294 5148 297 5151 _
358 5071 709 5150 σαλεύωνται,
764 5078 853 5132 καὶ
905 5078 940 5144 ἡ
972 5077 1045 5141 εἰς
1102 5074 1197 5151 ἐμὲ
1252 5077 1427 5139 πίστις
1460 5080 1555 5135 οὐκ
1578 5075 1836 5152 ἐκλείψει.
1873 5074 2010 5152 Ἐμ-

358 5164 529 5244 φαίνει
588 5162 643 5219 δὲ
697 5164 954 5239 ἐντεῦθεν,
1016 5164 1095 5221 ὅτι
1147 5165 1246 5231 τὴν
1338 5162 1660 5234 Ἐκκλησίαν
1745 5189 2009 5247 προτιμο-

357 5254 510 5333 τέραν
571 5253 687 5335 ἔχει
746 5256 925 5323 πάσης
976 5260 1076 5322 τῆς
1122 5256 1367 5329 κτίσεως,
1440 5256 1556 5335 εἴγε
1623 5258 1658 5324 ἡ
1692 5256 1789 5332 μὲν
1841 5256 2008 5319 κτίσις

354 5343 683 5425 ἀλλοιοῦται,
743 5350 841 5413 τῆς
896 5343 951 5400 δὲ
1008 5350 1115 5400 τῶν
1146 5350 1349 5401 πιστῶν
1397 5343 1741 5421 Ἐκκλησῖας,
1788 5346 2009 5403 καὶτῶν

351 5434 527 5514 λόγων
574 5434 732 5492 αὒτοῦ
757 5435 843 5493 καὶ
874 5442 965 5492 τοῦ
995 5432 1321 5514 Εύαγγελίου
1341 5432 1487 5494 οὐδὲν
1531 5434 1820 5515 περιέσται.

449 5591 547 5654 ¹³Ρ
570 5593 677 5657 sal.
711 5610 884 5677 χχιιι,
917 5596 979 5658 6.

2094 4620 2493 4684 destruendus
2521 4621 2597 4681 sit
2619 4618 3272 4694 Christianismus,465
3328 4619 3483 4693 Non,
3526 4618 3739 4699 inquit,

2095 4731 2213 4773 non
2272 4711 2608 4793 praeterebit
2673 4712 2797 4771 haec
2877 4709 3349 4772 Christianorum
3414 4708 3741 4788 geueratio.

2094 4801 2318 4864 Caelum
2346 4802 2589 4883 quidem
2617 4810 2673 4862 et
2707 4811 2863 4861 terra
2896 4797 3407 4876 immutabuntur;
3438 4816 3744 4860 sermones

2094 4899 2289 4953 autem
2324 4892 2443 4953 mei
2486 4900 2545 4951 et
2584 4890 2969 4967 Evangelium
3011 4906 3209 4950 meum
3267 4907 3386 4949 non
3443 4888 3741 4969 peribunt,

2096 4982 2204 5044 sed
2261 4979 2608 5043 manebunt.
2668 4979 2929 5041 Tametsi
2986 4986 3471 5039 commoveantur
3521 4978 3742 5051 omnia,

2095 5071 2244 5132 ﬁdes
2285 5079 2480 5132 autem
2534 5072 2595 5131 in
2656 5088 2750 5130 me
2796 5087 2914 5129 non
2946 5067 3183 5129 deﬁciet
3235 5067 3496 5148 Apparet
3541 5075 3741 5128 autem

2095 5162 2206 5223 hoc
2261 5164 2389 5223 loco
2439 5160 2597 5241 quod
2648 5159 2958 5221 ecclesiam
3034 5157 3196 5219 omni
3255 5166 3543 5218 creaturae
3585 5174 3742 5237 prae-

2091 5254 2239 5315 ferat
2272 5267 2285 5313 :
2314 5252 2425 5314 etsi
2454 5259 2725 5313 creatura
2745 5251 2903 5311 enim
2930 5256 3185 5310 mutetur
3221 5246 3328 5328 (a),
3360 5246 3508 5308 nihil
3529 5245 3743 5307 Eccle-

2092 5345 2195 5405 siae
2227 5342 2491 5405 ﬁdelium
2515 5359 2584 5402 ac
2610 5338 2922 5401 verborum
2956 5338 3084 5417 ejus
3110 5344 3169 5399 et
3198 5336 3499 5417 Evangelii
3528 5336 3747 5399 immu-

2095 5433 2337 5496 labitur.

445 5752 531 5837 (a)
567 5756 638 5819 Ia
660 5755 758 5822 ed.
793 5755 927 5821 Lut.
962 5755 1089 5835 haec
1119 5773 1239 5819 non
1268 5753 1588 5836 habentur,
1619 5758 1735 5821 om
1773 5762 2055 5821 creatura
2085 5762 2371 5820 mutetur.
