4184 6400
439 332 594 398 1059
1411 329 1514 391 TH
1531 330 1720 392 ΕΟΡΗ
1734 327 1776 388 Υ
1789 325 2008 388 LACTI
2052 326 2090 385 B

2176 321 2463 385 QGARIAE
2510 324 2868 388 ARCHIEP.
3677 329 3837 396 1060

517 467 695 530 Vens.
736 463 1307 528 34-36.«Attendite
1339 472 1533 524 autem
1568 457 2090 539 vobis,nequando

2263 479 2289 510 α
2349 457 2647 539 Προσέχετε
2676 457 2730 516 δέ
2761 462 3000 537 ἑαυτοῖς,
3048 464 3124 538 μὴ
3169 487 3293 543 γοτε
3332 466 3658 545 βαρυνθῶσιν
3691 469 3844 542 ὑμῶν

435 564 751 634 graventur
779 553 959 614 corda
993 561 1186 612 vestra
1218 553 1458 632 crapula
1491 560 1544 611 et
1574 550 1885 622 ebrietate,
1920 557 2090 610 eti-u-

2180 553 2229 605 αἱ
2288 549 2490 626 καρδίαι
2575 553 2630 608 ἐν
2701 555 2996 634 κραιπάλη,
3055 559 3143 614 καὶ
3187 559 3344 639 μέθῃ,
3409 563 3497 616 καὶ
3554 563 3842 640 μερίμναις

433 647 516 707 ris
548 646 725 724 hujus
750 645 901 716 vitm,
939 643 1287 722 subitusque
1312 641 1478 702 vobis
1517 640 1747 718 ingruat
1782 639 1910 698 dies
1943 639 2038 699 ille
2077 656 2089 700 :

433 745 705 816 tanquam
722 735 968 814 laqueus
994 733 1150 793 enim
1174 733 1555 812 superveniet
1583 733 1638 791 in
1654 749 1862 791 omnes
1885 729 2093 790 seden-

432 837 518 886 tes
551 843 730 905 super
767 823 976 884 faciem
1009 823 1186 883 totius
1218 831 1412 884 terrai.
1436 821 1684 900 Vigilate
1708 820 1906 900 itaque
1931 819 2091 880 omni

433 927 722 994 tempore,
758 913 1146 992 deprecantes
1173 912 1428 972 utliceat
1480 910 1641 971 vobis
1673 912 1933 988 effugere
1981 909 2090 970 ista

431 1005 631 1065 omnia
661 1023 793 1084 quae
823 1003 1020 1063 futura
1048 1010 1275 1074 sunt,et
1298 1010 1456 1062 stare
1489 1009 1624 1062 ante
1659 999 1869 1060 Filium
1906 999 2094 1058 homi-

430 1095 581 1158 nis.»
611 1091 956 1165 Audivistis,
998 1091 1708 1172 inquit,terriculamenta
1731 1101 1785 1148 et
1816 1089 2094 1148 turbatio-

437 1202 564 1258 nes,
601 1191 660 1244 et
690 1181 936 1261 grandia
967 1191 1104 1242 sunt
1137 1181 1261 1242 hinc
1294 1182 1493 1241 omnia
1518 1198 1583 1240 ac
1614 1178 2090 1258 symbolamalo-

435 1292 566 1333 rum
591 1291 722 1353 qua:
745 1280 1088 1351 peccatores
1127 1279 1264 1330 sunt
1304 1269 1753 1348 deprehensum
1780 1289 1792 1326 :
1821 1267 1921 1326 sed
1956 1267 2092 1347 quia

435 1362 633 1440 gravia
657 1361 950 1435 hmc,ideo
979 1379 1251 1438 magnum
1280 1358 1612 1420 remedium
1639 1376 1843 1418 eorum
1878 1366 1964 1416 est
1998 1365 2089 1415 at-

439 1450 622 1514 tentio
653 1463 713 1510 et
743 1449 1213 1526 oratio.Semper
1246 1448 1402 1507 enim
1439 1465 1700 1526 paratum
1737 1465 1864 1506 esse
1897 1454 1954 1506 et
1985 1464 2089 1506 ex-

441 1548 711 1622 spectare
731 1541 937 1609 finem,
975 1539 1228 1598 maxime
1248 1537 1508 1597 omnium
1544 1536 1817 1596 conferre
1850 1535 2088 1615 poterit.

443 1633 570 1693 Hoc
592 1637 785 1690 autem
812 1627 973 1688 vobis
998 1625 1377 1705 continget,si
1402 1623 1584 1685 sobrii
1611 1624 1861 1686 fueritis.
1893 1632 1952 1684 et
1977 1644 2093 1685 non

444 1728 680 1798 gravata
708 1717 1124 1778 fuerintcorda
1153 1727 1348 1777 vestra
1380 1715 1620 1794 crapula
1677 1723 1734 1774 et
1786 1712 2090 1788 ebrietate,

447 1818 503 1870 el
535 1807 936 1870 sollicitudine
967 1825 1076 1867 saec
1105 1807 1258 1868 :lari.
1296 1809 1427 1868 Non
1463 1805 1620 1864 enim
1655 1823 1787 1863 cum
1825 1802 2073 1864 observa

449 1899 607 1960 tione
638 1896 980 1958 aderitdies
1015 1893 1248 1968 ille,sed
1286 1894 1627 1974 inopinatus
1669 1903 1726 1953 et.
1751 1892 2100 1972 repentinus

448 1988 657 2058 aderit,
685 1987 858 2048 etiam
904 1986 1054 2045 sicut
1096 1986 1340 2064 laqurus
1382 1981 1837 2063 apprehendens
1874 2000 1976 2041 eos
2002 1982 2099 2060 qui

449 2098 566 2140 non
591 2075 1221 2139 attenduntJ’ortassis
1249 2087 1445 2136 autem
1469 2073 1600 2152 quis
1617 2071 1906 2133 curiosius
1926 2091 2100 2132 scru-

451 2168 668 2230 tabitur
685 2166 1004 2226 dictionem
1026 2165 1195 2224 hanc:
1215 2162 1541 2224 «Sedentes
1560 2181 1739 2241 super
1753 2161 1959 2222 faciem
1982 2180 2102 2221 om-

454 2259 790 2319 nisterrai.»
839 2253 960 2316 Hos
979 2254 1133 2314 enim
1159 2251 1963 2333 illaqueabitdiesille,quiin
1982 2252 2100 2311 otio

448 2357 504 2409 et
525 2347 748 2426 absque
772 2344 1168 2406 so'licitudine
1191 2341 1616 2413 versantur;illi
1644 2341 1799 2401 enim
1829 2349 1966 2400 sunt
1998 2341 2098 2420 qui

445 2437 654 2497 sedent
684 2444 740 2496 et
772 2434 869 2514 qui
897 2433 1309 2512 illaqueantur.
1331 2435 1398 2493 At
1430 2431 1530 2510 qui
1562 2439 1885 2510 operantur
1909 2440 1964 2490 et
1991 2450 2094 2490 ac-

446 2526 784 2595 tivisunt,et
801 2523 986 2584 sobrii
1008 2523 1068 2582 in
1087 2523 1427 2602 operatione
1451 2520 2008 2600 boni,feruuturque
2033 2519 2097 2582 in

447 2633 624 2676 omne
655 2614 898 2686 bonum,
929 2632 1045 2672 non
1097 2612 1307 2672 sedent
1338 2629 1530 2690 neque
1553 2609 1867 2689 quiescunt
1916 2629 2096 2689 super

449 2714 689 2778 terram,
725 2702 828 2763 sed
855 2710 1100 2779 surgunt
1129 2701 1356 2773 binc,et
1389 2700 1591 2759 dicunt
1622 2698 1734 2759 sibi
1771 2717 1782 2760 τ
1821 2697 2008 2777 Surge
2039 2709 2096 2761 et

445 2791 851 2871 ambula,quia
874 2811 988 2851 non
1025 2789 1235 2850 esttibi
1269 2789 1365 2849 hic
1396 2788 1731 2868 requies”,
1760 2797 1816 2847 et
1849 2789 2090 2867 patriam

447 2883 755 2944 meliorem
775 2878 1283 2960 inquirunt.Hisce
1305 2898 1420 2938 non
1447 2877 1700 2938 eritdies
1721 2877 1820 2937 ille
1837 2877 2096 2957 laquzeus

448 2981 505 3033 et
525 2969 878 3052 periculum,
903 2968 1004 3029 sed
1025 2969 1153 3029 dies
1176 2967 1669 3028 festivuszidcirco
1696 2967 2095 3046 oportetvigi—

443 3063 566 3124 lare
583 3071 640 3121 et
657 3079 825 3121 orare
848 3059 1128 3128 Deum,ut
1148 3056 1438 3138 possimus
1463 3057 1722 3134 effugere
1755 3055 1952 3116 futura
1971 3075 2096 3116 om-

443 3149 812 3222 nia.Qualia‘.’
829 3147 1118 3209 Fortassis
1152 3155 1540 3227 tempestates
1573 3154 1629 3206 et
1660 3146 1936 3217 fames,et
1966 3164 2094 3226 pes-

443 3239 907 3318 tilentias,atque
940 3237 1216 3317 alia,quze
1244 3237 1464 3297 electos
1496 3255 1611 3296 non
1636 3234 1715 3294 ita
1740 3244 2011 3312 prement
2034 3243 2097 3296 ut

439 3329 744 3403 aliosgimo
779 3335 1023 3409 promer
1052 3326 1268 3388 electos
1297 3325 1430 3387 aliis
1458 3323 1948 3397 decurtabuntur;
1972 3325 2094 3385 for-

443 3419 614 3481 tassis
638 3421 782 3481 item
814 3418 966 3478 mala
995 3436 1127 3497 quae
1156 3415 1564 3497 peccatoribus
1590 3426 1878 3494 perpetuo
1892 3431 2096 3494 super-

439 3516 688 3570 ventura
717 3516 891 3570 sunt:
919 3525 1050 3588 quae
1079 3506 1252 3567 aliter
1300 3523 1416 3566 non
1461 3522 1774 3584 possumus
1806 3503 2092 3585 effugere,

441 3618 614 3679 quam
640 3597 940 3677 vigilantia
974 3605 1032 3657 et
1061 3596 1350 3658 oratione.
1385 3593 1675 3667 Quoniam
1735 3599 1928 3653 autem
1977 3611 2094 3652 non

440 3688 656 3750 sufficit
679 3687 882 3765 fugere
902 3686 1118 3746 malum
1135 3685 1258 3758 ,sed
1291 3701 1439 3764 opus
1463 3691 1553 3745 est
1573 3684 1749 3744 etiam
1777 3680 1931 3742 bono
1954 3700 2096 3761 quo-

440 3779 620 3859 piam:
651 3786 956 3857 postquam
981 3773 1151 3853 dixit,
1179 3797 1199 3828 (ι
1232 3775 1304 3834 Ut
1333 3773 1581 3852 possitis
1611 3771 1872 3850 effugere
1895 3771 2094 3831 omnia

441 3869 567 3928 hazc
596 3873 861 3944 ventura,
879 3862 1160 3941 vaddidit:
1195 3863 1476 3924 «Etstare
1502 3879 1700 3922 coram
1725 3860 1870 3920 Filio
1895 3859 2092 3920 homi-

442 3954 762 4035 nis,nquod
784 3962 871 4012 est
894 3952 1094 4014 fruitio
1119 3949 1690 4030 bonorum.0portet
1712 3949 1892 4028 igitur
1913 3950 2090 4011 Chri-

441 4046 696 4106 stianum
730 4061 847 4103 non
876 4042 1064 4102 solum
1099 4041 1300 4118 fugere
1338 4039 1681 4120 aspera,sed
1708 4049 1764 4100 et
1787 4057 1996 4100 curare
2027 4047 2094 4100 ut

440 4134 687 4212 gloriam
718 4131 993 4211 accipiat.
1023 4130 1308 4207 Angelica
1339 4129 1497 4191 enim
1533 4128 1791 4206 dignitas
1823 4136 1914 4190 est
1934 4137 2092 4190 stare

437 4224 580 4284 464
602 4240 798 4284 coram
823 4220 972 4282 Filio
1005 4219 1264 4286 hominis
1295 4229 1354 4281 et
1388 4218 1508 4281 Deo
1545 4227 1766 4279 nostro.
1814 4243 1840 4273 α
1878 4218 2090 4295 Angeli

443 4317 594 4394 ejus,
631 4311 846 4391 inquit,
879 4328 1119 4390 semper
1147 4309 1347 4371 vident
1376 4308 1584 4371 faciem
1617 4306 1805 4369 Patris
1839 4307 1974 4370 mei.
2021 4333 2042 4364 υ

2177 640 2479 719 βιωτικαῖς,
2535 643 2621 697 καὶ
2687 642 2944 722 αἰφνίδιος
3001 646 3192 714 ἐπιστῆ
3267 645 3348 728 ἐφ’
3405 651 3543 723 ὑμᾶς
3598 651 3843 729 ἡὴμέρα

2180 729 2378 796 ἐκεὶντυ
2436 732 2509 794 ὡς
2568 734 2728 810 παγὶς
2815 735 2913 812 γὰρ
2972 735 3308 793 ἐπελεύσεται
3354 737 3438 794 ἐπὶ
3471 741 3670 802 πάντας
3719 742 3844 804 τοὺς

2176 818 2506 893 καθημέθους
2577 819 2662 876 ἐπὶ
2719 823 3003 900 πρόσωπον
3074 827 3249 893 πάσης
3306 832 3405 894 τῆς
3437 828 3558 906 γῆς.
3637 828 3840 907 Ἀγρυ-

2175 921 2360 963 πνεῖτε
2393 914 2480 964 οὖν
2509 908 2562 964 ἐν
2596 912 2750 965 παντὶ
2795 919 2961 989 καιρῷ
3018 913 3280 994 δεόμενοι,
3333 915 3425 972 ἵνα
3471 916 3836 985 καταξιωθῆτε

2176 995 2426 1076 ἐκφυγεῖν
2497 998 2667 1053 πάντα
2745 1000 2804 1054 τά
2837 1000 3099 1075 μέλλοντα
3146 1003 3404 1080 γίνεσθαι,
3457 1008 3546 1062 καὶ
3577 1011 3835 1074 σταθῆναι

2176 1085 2467 1163 ἔμπροσθεν
2524 1095 2616 1144 τοῦ
2691 1092 2810 1145 Υἱοῦ
2881 1098 2970 1147 τοῦ
3031 1092 3328 1170 ἀνθρώπου,
3410 1116 3437 1152 )
3511 1097 3834 1173 Ἠκούσατε,

2177 1177 2327 1253 φησὶ,
2384 1173 2623 1255 φόϐητρα
2696 1183 2791 1234 καὶ
2851 1183 3117 1261 ταραχάς·
3208 1181 3328 1238 ἀλλ’
3387 1187 3608 1252 αἰσθητά
3666 1189 3834 1242 ταῦτα

2175 1266 2368 1343 πάντα,
2457 1268 2545 1321 καὶ
2618 1266 2854 1342 σύμϐολα
2925 1276 3029 1325 τῶν
3086 1273 3205 1336 τούς
3267 1273 3610 1347 ἁμαρτωλοὺς
3663 1297 3838 1333 κατα-

2176 1352 2500 1428 ληψομένων
2558 1363 2759 1418 κακῶν,
2823 1357 2991 1429 Ἀλλή
3027 1363 3152 1439 πρὸς
3182 1369 3345 1418 ταῦτα
3397 1365 3460 1420 τὰ
3510 1363 3652 1420 δεινά
3695 1366 3835 1446 φάρ-

2177 1465 2350 1517 μακον
2435 1444 2573 1520 μέγα
2617 1446 2703 1500 καὶ
2734 1445 3012 1509 ἀντιπαθές
3057 1449 3092 1516 ἡ
3124 1451 3402 1530 προσευχὴ
3447 1453 3532 1508 καὶ
3558 1444 3836 1531 προσοχή.

2177 1533 2248 1588 Τὸ
2305 1533 2404 1610 γὰρ
2476 1531 2530 1587 ἐν
2591 1535 2866 1608 ἑτοιμασίᾳ
2933 1536 3075 1592 εἶναι
3113 1537 3216 1612 ἀεὶ,
3291 1541 3379 1594 καὶ
3412 1539 3693 1621 ἀπεκδοχῇ
3742 1544 3841 1598 τοῦ

2178 1621 2380 1691 τέλους,
2437 1628 2619 1679 τοῦτον
2681 1623 2912 1698 μάλιστα
2985 1628 3196 1682 πάντων
3258 1627 3612 1703 συμϐαλέσθαι
3667 1631 3834 1701 δυνή-

2181 1733 2350 1769 σεται.
2415 1719 2578 1768 Τοῦτο
2636 1710 2689 1767 δὲ
2762 1717 3179 1792 προσγενήσεται
3252 1719 3404 1792 ὑμῖν,
3489 1722 3673 1799 φησὶν,
3749 1721 3840 1776 ἐὰν

2125 1801 2412 1890 Βνὴφητε,
2486 1803 2573 1857 καὶ
2635 1803 2711 1877 μὴ
2798 1805 3120 1883 βαρυνθῶσιν
3185 1809 3235 1862 αἱ
3293 1805 3495 1886 καρδίαι
3564 1811 3712 1882 ὑμῶν
3782 1811 3839 1865 ἐν

2185 1891 2478 1970 κραιπάλῃ,
2551 1893 2638 1948 καὶ
2695 1893 2854 1972 μέθῃ,
2908 1897 2997 1950 καὶ
3067 1897 3344 1972 μερίμναις
3383 1898 3687 1973 βιωτικαῖς.
3749 1903 3837 1966 Mi;

2186 1980 2285 2057 γαρ
2340 1981 2475 2054 μετά
2528 1983 2949 2060 παρατηρὴσεως
3011 1984 3226 2063 ἑρχεται
3287 1987 3320 2053 ἡ
3399 1988 3572 2065 ἡμέρα
3631 1989 3831 2060 ἐκείνη,

2186 2071 2306 2128 ἀλλ’
2383 2071 2804 2152 ἀπροσδόκητος,
2892 2078 3122 2156 κρυφίως
3207 2078 3386 2157 ὥσπερ
3481 2083 3640 2158 παγὶς
3714 2080 3842 2137 συλ-

2187 2159 2526 2236 λαμϐάνουσα
2594 2165 2715 2227 τοὺς
2791 2165 2867 2238 μη
2956 2167 3346 2246 προσέχοντας,
3425 2170 3577 2249 Τάχα
3643 2169 3697 2226 δέ
3757 2193 3839 2233 τις

2183 2252 2578 2330 περιεργότερον
2645 2251 2901 2318 ἐξετάσειε
2955 2256 3053 2322 τὴν
3110 2255 3249 2322 λέξιν
3293 2259 3512 2324 ταύτην⁶
3569 2282 3593 2314 α
3652 2264 3836 2327 Καθη-

2183 2342 2372 2414 μένους
2430 2339 2515 2396 ἐπὶ
2567 2343 2850 2421 πρόσωπον
2921 2344 3096 2411 πάσης
3152 2351 3251 2413 τῆς
3314 2353 3436 2424 γῇς.
3500 2371 3524 2404 ι
3575 2347 3837 2415 Ἐκείνους

2181 2431 2280 2508 γὰρ
2353 2427 2620 2507 παγιδεύει
2676 2433 2710 2499 ἠ
2775 2431 2944 2511 ἡμέρα
3015 2433 3189 2500 ἐκείνη
3245 2438 3368 2500 τοὺς
3441 2437 3495 2492 ἐν
3552 2438 3837 2517 ἀμεριμνίᾳ

2179 2518 2454 2597 διάγοντας
2515 2523 2600 2576 καὶ
2650 2521 2827 2600 ἀργίᾳ·
2901 2522 3042 2578 οὗτοι
3105 2524 3204 2601 γὰρ
3257 2526 3384 2582 εἰσιν
3445 2529 3488 2582 οἱ
3543 2529 3832 2603 καθήμενοι

2178 2608 2264 2662 καὶ
2349 2609 2490 2664 οὗτοι
2535 2607 2926 2685 παγιδεύονται,
2963 2603 3127 2668 ’Ὅσοι
3157 2611 3209 2668 δὲ
3239 2612 3440 2693 ἐνεργοὶ
3483 2617 3569 2672 καὶ
3608 2614 3833 2695 δραστή-

2377 2719 2389 2729 .
2448 2699 2462 2718 \
2620 2700 2631 2718 I
2869 2702 2882 2719 ἱ
2957 2701 2970 2720 ‘
3129 2713 3149 2720 -
3204 2702 3216 2721 9
3367 2713 3387 2722 υ
3601 2707 3611 2726 Ι
3789 2711 3803 2727 \

2179 2719 2300 2777 ριοι,
2380 2719 2465 2753 και
2494 2698 2742 2778 νηφαλιοι
2768 2722 2886 2777 περι
2919 2724 3016 2768 την
3063 2725 3154 2761 του
3198 2709 3393 2782 αγαθου
3429 2705 3674 2784 ἐργασιαν
3709 2709 3828 2777 εἶσι,

2178 2787 2264 2842 καὶ
2322 2796 2582 2846 κινοῦνται
2643 2788 2723 2844 ἀεὶ
2795 2792 2924 2868 πρὸς
2981 2794 3042 2847 τὸ
3069 2791 3257 2873 καλὸν,
3307 2796 3392 2869 μὼ
3449 2795 3825 2873 ἐγκαθήμενοι,

2178 2877 2265 2931 καὶ
2335 2878 2788 2953 ἒναναπαυόειενοι
2845 2893 2962 2942 τοῖς
3022 2898 3265 2959 γεηροῖς,
3323 2882 3442 2940 ἀλλ’
3503 2885 3831 2964 ἐγειρόμενοι

2179 2965 2434 3038 ἐντεῦθεν,
2489 2969 2576 3022 καὶ
2643 2966 2887 3045 λέγοντες
2942 2971 3178 3035 ἑαυτοῖς.
3262 2971 3488 3030 Ἀνάστα
3573 2978 3661 3030 καὶ
3718 2999 3828 3032 πο-

2180 3055 2350 3134 ρεύου,
2421 3056 2502 3110 ὃτι
2559 3058 2651 3113 οὐκ
2708 3056 2816 3114 ἔστι
2876 3082 2958 3116 σοι
3019 3060 3150 3128 αὕτη
3217 3062 3533 3144 ἀνάπαυσις,
3580 3067 3666 3121 καὶ
3717 3089 3830 3122 πα-

2179 3142 2322 3222 τρίδα
2370 3145 2641 3223 κρείττονα
2713 3151 3013 3211 ποθοῦντες·
3075 3164 3190 3213 τοῖς
3263 3142 3649 3217 τοιούτοις-οὒκ
3687 3155 3834 3210 ἔστιν

2178 3233 2215 3300 ἠ
2261 3233 2432 3307 ἡμέρα
2495 3233 2670 3322 ἐκείνη
2729 3237 2804 3299 ὡς
2834 3239 2994 3315 παγίς
3039 3239 3124 3294 καὶ
3153 3237 3406 3320 κίνδυνος,
3442 3240 3559 3296 ἀλλ’
3602 3245 3675 3307 ὡς
3708 3243 3832 3322 ἑορ-

2181 3327 2276 3389 τῆς
2329 3322 2526 3401 ἡμέρα·
2587 3321 2666 3380 διὸ
2699 3325 2810 3404 χρὴ
2845 3326 3156 3405 ἀγρυπνεῖν,
3191 3331 3275 3384 καὶ
3305 3327 3507 3387 δέεσθαι
3538 3339 3630 3387 τοῦ
3663 3321 3823 3408 Θεοῦ,

2179 3413 2270 3466 ’ἱνα
2318 3408 2622 3488 δυνηθῶμεν
2707 3417 2959 3494 ἒκφυγεῖι
3016 3418 3188 3474 πάντα
3246 3419 3311 3474 τὰ
3362 3418 3624 3495 μέλλοντα
3683 3423 3832 3499 γίνε-

2185 3505 2324 3562 σθαι.
2384 3508 2577 3578 “om;
2640 3505 2796 3583 Τάχα
2869 3506 2967 3578 μὲν
3012 3508 3097 3561 καὶ
3129 3509 3249 3570 τοὺς
3307 3507 3519 3590 λιμοὺς,
3577 3513 3664 3568 καὶ
3707 3514 3830 3576 τοὺς

2179 3589 2423 3680 λοιμοὺς,
2496 3593 2583 3648 καὶ
2639 3595 2702 3648 τὰ
2759 3592 2894 3650 ἄλλα
2961 3594 2998 3650 ἅ
3065 3609 3181 3661 τοῖς
3218 3589 3633 3680 ἑκλεκτοῖςώχ
3664 3600 3832 3665 οὕτως

2177 3679 2524 3761 ἐπικείσεται,
2557 3681 2736 3762 ὥσπερ
2791 3685 2879 3740 καὶ
2934 3698 3053 3748 τοῖς
3103 3683 3303 3752 ἄλλοις·
3366 3687 3569 3763 μᾶλλον
3597 3679 3697 3766 μὲν
3741 3693 3830 3748 οὖν

2176 3769 2260 3826 διὰ
2329 3771 2448 3834 τοὺς
2495 3769 2802 3853 ἐκλεκτοὺς,
2862 3775 2950 3830 καί
2977 3787 3093 3838 τοῖς
3125 3775 3309 3841 ἄλλοις
3341 3776 3826 3855 κολοϐωθῆσονται,

2176 3861 2322 3940 τάχα
2373 3857 2428 3915 δέ
2485 3862 2572 3916 καὶ
2611 3861 2669 3916 τὲ
2730 3860 2991 3918 μέλλοντα
3048 3877 3167 3926 τοῖς
3226 3865 3570 3945 ἁμαρτωλοῖς
3604 3869 3828 3933 αἰωνίως

2177 3946 2558 4024 συμϐήσεσθαι.
2633 3948 2851 4007 Ἐκεῖνα
2909 3953 3007 4030 γὰρ
3053 3950 3230 4016 ἄλλως
3276 3954 3336 4010 οὔ
3379 3952 3636 4030 δυνάμεθα
3667 3957 3832 4039 ἐκφε-

2174 4052 2312 4118 γετν,
2370 4041 2448 4094 εἷ’
2482 4039 2559 4114 μὴ
2631 4037 2697 4094 δι’
2756 4041 3040 4119 ἀγρυπνίας
3090 4044 3176 4098 καὶ
3233 4045 3566 4126 προσευχῆς.
3603 4037 3831 4106 Ἐπεὶήδὲ

2173 4131 2268 4185 οὒκ
2320 4128 2474 4208 ἀρκεῖ
2521 4142 2707 4206 τοῖσγε
2739 4129 3145 4210 μεγαλοψύχοις
3178 4134 3237 4188 τὸ
3283 4139 3473 4213 φυγεῖν
3503 4135 3603 4203 τὴν
3637 4137 3825 4193 κάκω-

2175 4240 2278 4293 σιν,
2345 4216 2482 4273 ἀλλά
2541 4217 2624 4274 δεῖ
2675 4219 2858 4282 αὐτοὺς
2918 4222 3005 4277 καὶ
3064 4221 3259 4300 ἀγαθοῦ
3303 4245 3442 4288 τινος
3514 4225 3823 4306 ἐπιτυχεῖν,

2175 4308 2310 4382 μετά
2381 4309 2441 4363 τὸ
2500 4309 2693 4381 εἰπεῖν,
2725 4335 2748 4363 ιι
2801 4308 2908 4365 Ἰνα
2963 4309 3220 4378 δυνηθῆτε
3275 4311 3528 4392 ἐκφυγεῖν
3556 4317 3732 4372 πάντα
3760 4318 3826 4373 τά

441 4404 705 4481 μέλλοντα
735 4403 991 4481 γίνεσθαι,
1023 4425 1047 4454 n
1087 4404 1380 4480 προσέθηκε
1417 4417 1429 4430 ⁸
1471 4425 1497 4454 ιι
1533 4401 1624 4457 Κτὶ
1681 4403 1934 4464 σταθῆναι
1963 4398 2194 4454 ἐνώπιον
2229 4407 2321 4456 τοῦ
2374 4399 2492 4456 Υἱοῦ
2540 4406 2632 4455 τοῦ
2683 4398 2958 4476 ἀνθρώπου
2993 4416 3006 4429 ⁹
3046 4425 3073 4455 n
3118 4400 3247 4480 ὅπερ
3278 4402 3420 4459 ἐστιν
3451 4407 3659 4482 ἀγαθῶν
3689 4408 3832 4463 ἀπό-

443 4496 648 4552 λαυσιν.
688 4504 785 4549 Δεῖ
814 4493 914 4570 γὰρ
947 4492 1006 4547 οὗ
1034 4491 1196 4566 μόνον
1223 4491 1431 4568 φεύγειν
1463 4491 1527 4546 τὰ
1555 4488 1720 4563 δεινὰ,
1756 4488 1890 4544 ἀλλὰ
1919 4490 2006 4545 καὶ
2037 4486 2187 4552 δόξαν
2217 4485 2458 4543 σπεύδειν
2505 4484 2795 4563 λαμϐάνειν
2824 4489 2914 4544 τὸν
2945 4496 3278 4568 Χριστιανον.
3311 4489 3605 4571 Ἀγγελικὴ
3634 4491 3688 4549 δὲ
3718 4494 3833 4560 ἀξία

434 4588 496 4642 τὸ
527 4585 775 4640 ἵστασθαι
797 4581 1089 4659 ἔμπροσθεν
1120 4589 1214 4637 τοῦ
1249 4584 1366 4636 Υἱοῦ
1389 4587 1480 4637 τοῦ
1511 4579 1785 4657 ἀνθρώπου
1813 4580 1902 4634 καὶ
1932 4585 2062 4634 Θεοῦ
2091 4579 2270 4652 ἡμῶν,
2313 4597 2341 4636 ι
2376 4579 2436 4634 Οἱ
2467 4579 2567 4657 γὰρ
2597 4575 2817 4656 ἄγγελοι
2842 4581 3019 4654 αὐτοῦ,
3054 4582 3206 4660 φησὶ,
3239 4579 3323 4637 διὰ
3352 4585 3551 4646 παντὸς
3581 4581 3831 4658 βλεπουσι

435 4678 496 4730 τὸ
528 4680 811 4752 πρόσωπον
844 4678 935 4726 τοῦ
961 4671 1165 4748 Πατρός
1199 4693 1320 4745 μου,

518 4745 1414 4832 νὲιιε.37,38‹ῡοοεὸίιιῑιιιῑθιῑι
1440 4759 1696 4821 interdiu
1729 4758 1789 4818 in
1814 4757 2034 4838 templo
2075 4778 2088 4814 :

2265 4780 2288 4809 ιι
2368 4745 2463 4816 Ἠν
2494 4756 2548 4813 δὲ
2593 4758 2686 4823 τὰς
2713 4759 2914 4838 ἡμέρας
2960 4756 3219 4817 διδάσκων
3265 4760 3320 4816 ἐν
3363 4762 3440 4837 τῷ
3467 4763 3615 4842 ἱερῷ,
3648 4765 3743 4827 τὰς
3775 4762 3830 4820 δὲ

435 4859 616 4913 noctu
627 4867 767 4910 vero
784 4847 988 4909 exiens
1005 4846 1411 4908 diversabatur
1431 4848 1490 4908 in
1513 4857 1711 4909 monte
1728 4847 1829 4927 qui
1851 4854 2090 4907 vocatur

2176 4847 2362 4911 νύκτας
2427 4846 2776 4928 ἐξερχόμενος
2848 4848 3089 4920 ηὐλίζετο
3162 4851 3235 4914 είς
3262 4851 3323 4906 τὸ
3355 4851 3477 4929 ὃρος
3521 4853 3584 4907 τὸ
3626 4851 3829 4910 καλού-

437 4941 766 5011 Olivarum;
790 4944 848 4997 et
878 4936 1072 4996 omnis
1115 4937 1368 5018 populus
1390 4937 1653 4998 diluculo
1677 4934 1994 4998 ventilabat
2014 4935 2086 4995 ad

2176 4960 2330 5014 μενον
2385 4938 2636 4996 Ἐλαιῶν⁶
2711 4943 2798 4996 καὶ
2827 4948 2932 5004 πᾶς
2963 4944 2990 4996 ὁ
3039 4941 3168 5006 λαὸς
3223 4941 3439 5022 ὤρθριζε
3475 4947 3604 5022 πρὸς
3667 4946 3826 5002 αυτὸν

439 5049 596 5105 cum,
628 5036 694 5090 ut
750 5027 810 5087 in
856 5025 1076 5105 templo
1122 5025 1397 5086 audirent
1427 5045 1586 5088 eum.
1630 5051 1650 5082 ι
1699 5023 2089 5088 Occultarunt

2176 5028 2224 5083 ἐν
2289 5035 2366 5101 τῷ
2436 5031 2558 5108 ἱερῷ
2628 5030 2836 5087 ἀκούειν
2908 5035 3088 5092 αὒτοῦ.
3168 5054 3195 5086 ιο
3257 5031 3597 5111 Ἀπέκρυψαν
3628 5034 3725 5110 μὲν
3779 5039 3825 5092 οἱ

437 5118 825 5197 Evangelistze
847 5114 1030 5175 multa
1049 5134 1178 5194 quae
1195 5115 1480 5189 docuit,et
1499 5116 1752 5177 maxime
1769 5116 2083 5176 treszJoan.

435 5228 542 5271 nes
564 5217 761 5270 autem
795 5215 853 5266 et
885 5206 1013 5285 ipse
1045 5207 1227 5268 multa
1258 5206 1495 5267 silentio
1529 5205 2082 5286 praateriit,verum-

436 5305 633 5359 tamen
647 5295 1031 5357 sublimiores
1046 5313 1221 5374 quam
1240 5302 1358 5356 tres
1375 5294 2080 5374 aliidoctrinasquasdam

435 5384 922 5466 exposuit.Igitur
947 5384 1038 5444 bis
1073 5384 1171 5462 qui
1204 5385 1716 5463 congregabantur
1748 5386 1806 5446 in
1833 5383 2076 5463 templo,

436 5476 618 5537 multa
639 5483 697 5535 et
726 5474 1001 5534 sublimia
1031 5473 1387 5550 disserebat,
1440 5485 1495 5536 ut
1529 5475 1863 5554 conjectare
1915 5473 2075 5535 licet.

512 5631 566 5676 ¹⁴
595 5632 768 5696 Mich.
802 5651 865 5712 ιι,
904 5635 1002 5697 t0.

2171 5117 2538 5198 εὖαγγελισταὶ
2593 5121 2657 5176 τά
2728 5118 2895 5176 πλείω
2949 5123 3024 5175 ὠν
3053 5119 3312 5195 ἐδίδασκε,
3359 5125 3446 5179 καὶ
3477 5123 3712 5199 μάλιστα
3776 5137 3827 5190 οἱ

2168 5222 2336 5288 τρεῖς⁸
2400 5212 2427 5265 ὁ
2486 5208 2540 5266 δὲ
2598 5232 2657 5288 γε
2735 5211 2984 5279 Ἰωάννης
3033 5214 3121 5268 καὶ
3181 5215 3336 5278 αὐτὸς
3380 5215 3478 5290 μὲν
3537 5215 3602 5270 τὰ
3659 5214 3826 5272 πλείω

2166 5301 2570 5376 παρεσιώπησε,
2633 5300 2774 5368 πλὴν
2838 5301 2968 5381 ὑπὲρ
3018 5302 3139 5366 τοὺς
3198 5317 3343 5383 τρεῖς
3402 5303 3603 5369 ἐξέθετό
3673 5328 3822 5370 τινας

2165 5385 2499 5453 διδασκαλίας
2543 5389 2900 5470 ὑψηλοτέρας,
2946 5401 3070 5457 Τοῖς
3125 5393 3505 5472 συναγομένοις
3538 5396 3625 5451 οὖν
3663 5396 3716 5452 ἐν
3745 5403 3821 5470 τῷ

2163 5479 2286 5555 ἱερῳ
2336 5478 2509 5536 πολλά
2579 5482 2666 5537 καὶ
2722 5480 2904 5556 ὑψηλά
2961 5479 3252 5560 διελέγετο,
3305 5487 3378 5548 ὡς
3436 5485 3544 5542 ἔστι
3603 5489 3824 5562 τεκμαί-
