4184 6400
322 352 463 419 1061

1042 296 1484 417 ΕΝΑΙίΗΑΤῘΟ
1545 352 1624 415 ΣΝ
1671 343 1965 415 AEVNGI

2054 345 2182 408 [ΠΜ
2230 344 2467 411 LUCAE.
2520 383 2589 391 ——
2638 350 2800 412 CAP.
2850 349 3042 414 XXII.

3570 353 3721 422 1062

322 493 518 570 ρεσθαι.
575 479 712 547 ’Ὅτι
770 489 871 567 γὰρ
913 485 1064 562 ὀλίγα
1114 487 1275 545 εἶπεν
1331 489 1377 545 οἰ
1465 485 1831 566 εὖαγγελισταί
1889 484 1965 561 (οἱ

2055 480 2199 543 Nam
2236 501 2421 562 pauca
2452 483 2727 546 dixerunt
2762 486 3360 570 evangelistae,neque
3391 495 3715 558 ostendere

319 581 419 659 γὰρ
500 576 879 636 ἐπιδείκνυσθαι
936 575 1175 656 ἤθελον),
1237 575 1399 645 δῆλον
1455 576 1551 654 μὲν
1607 578 1696 634 καὶ
1753 574 1970 632 ἂλλοθεν

320 667 682 749 πολλαχόθεν,
742 666 848 747 οὔχ
902 665 1095 734 ἥκιστα
1153 664 1207 722 δὲ
1269 668 1359 723 καὶ
1410 667 1774 746 τεκμήρασθαι
1830 664 1971 722 ἔστιν

319 758 426 821 ἀπὸ
450 765 563 838 τοῦ,
609 769 754 836 τρεῖς
782 756 1046 820 ἐνιαυτοὺς
1072 754 1267 837 σχεδὸν
1315 757 1665 835 κηρύττοντος
1710 755 1803 812 τοῦ
1859 765 1968 813 Κυ-

321 850 454 929 ρίου,
514 847 696 925 ὀλίγας
774 844 1110 911 διδασκαλίας
1178 848 1334 903 αὐτοῦ
1415 845 1844 926 ἀναγράψασθαιο
1902 843 1963 909 ἃς

320 935 439 996 οῦδὲ
492 942 618 1014 μιᾶς
667 936 869 1014 ἡμέρας
929 933 1155 1001 διάλεξιν
1205 936 1367 991 εἰπὼν
1395 957 1476 1000 τις
1523 935 1735 1007 ἱκανὴν,
1782 938 1960 1014 οἶμαι,

318 1031 381 1087 οὖ
438 1027 829 1106 μεμφθήσεται.
890 1023 986 1082 Ἐκ
1015 1023 1231 1080 πολλῶν
1274 1024 1361 1081 οὖν
1391 1023 1544 1102 ὀλίγα
1601 1024 1966 1102 ἄνυε-γράψαντο

318 1119 454 1193 ἡμῖν
538 1118 586 1171 οἱ
640 1115 778 1193 ἅγιοι
810 1113 1201 1193 εὒαγγελισταὶ,
1263 1113 1385 1171 ὅσον
1417 1114 1578 1188 μόνον
1603 1121 1771 1190 γεῦμα
1801 1135 1958 1183 παρεο

320 1205 546 1287 χόμενοι
617 1210 717 1273 τῆς
783 1204 1132 1280 γλυκύτητος.
1173 1202 1453 1282 Διελέγετο
1488 1201 1599 1284 [δὲ]
1642 1209 1701 1263 οὗ
1749 1225 1966 1279 μονοει-

318 1295 445 1368 δῶς,
505 1293 623 1351 ἀλλ’
694 1294 903 1367 ἑκάστῳ
973 1295 1034 1349 τὸ
1085 1293 1384 1373 πρόσφορον
1416 1293 1500 1348 ἐπὶ
1556 1293 1684 1357 θείς.
1739 1295 1831 1349 Διὸ
1882 1293 1970 1348 καὶ

318 1388 346 1443 6
403 1384 568 1466 ὄχλος
614 1383 828 1463 ὤρθριζε
886 1385 1017 1462 πρὸς
1086 1384 1264 1440 αὐτόν’
1327 1384 1488 1464 χάρις
1530 1384 1633 1461 γὰρ
1687 1381 1969 1462 ἒξειέχυτο

315 1489 436 1539 τοῖς
493 1473 730 1554 χείλεσιν
790 1473 972 1531 αὒτοῦ.
1036 1475 1234 1534 Νυκτὸς
1298 1470 1353 1528 δὲ
1412 1472 1676 1552 ἀνεχώρει
1706 1473 1837 1551 πρὸς
1908 1473 1969 1527 τὸ

317 1562 461 1643 ὅρος,
516 1561 764 1620 δεικνύων
819 1563 979 1637 ἡμῖν,
1053 1559 1135 1618 ὅτι
1205 1559 1290 1618 δεῖ
1338 1563 1525 1623 νυκτὸς
1598 1560 1695 1638 μὲν
1737 1558 1820 1617 διὰ
1866 1566 1966 1627 τῆς

317 1655 544 1734 ἡσυχίας
597 1659 676 1727 τῷ
748 1658 864 1727 Θεῷ
932 1650 1169 1727 ὁμιλεῖν,
1201 1652 1406 1730 ἡμέρας
1438 1650 1492 1707 δὲ
1523 1649 1607 1708 διὰ
1634 1657 1733 1719 τῆς
1762 1674 1967 1731 συγκα-

316 1740 586 1805 ταὸάσεως
640 1742 761 1807 τοὺς
858 1742 1162 1819 ανθρώπους
1255 1739 1507 1821 ὠφελεῖν,
1568 1741 1654 1797 καὶ
1725 1742 1967 1819 συνάγειν

2059 572 2461 651 voluerunt,et
2485 574 2861 636 manifestum
2883 576 3122 656 quidem
3144 579 3484 645 estaliunde
3510 587 3711 648 multis

2056 679 2129 723 ex
2163 663 2329 735 locis,
2352 671 2496 723 etex
2529 664 2639 724 hoc
2668 684 2782 725 non
2818 683 3021 744 parum
3058 667 3323 731 divinare
3373 691 3706 751 possumus,

2055 768 2187 812 cum
2212 750 2495 812 Dominus
2510 752 2699 813 ferme
2728 772 2833 832 per
2851 753 3171 815 triennium
3200 757 3711 842 przedicarit,scii-

2055 840 2244 919 psisse
2276 840 2411 901 illos
2437 860 2651 920 paucas
2672 843 3153 924 doctrinas,quas
3171 845 3325 908 intra
3347 848 3505 909 diem
3523 840 3706 914 unum

2048 930 2097 987 si
2133 929 2261 1008 quis
2291 929 2506 990 dixerit
2534 928 2648 991 dici
2680 949 3005 1011 posse.non
3032 936 3561 1012 reprehendendus
3584 944 3707 1003 l'ue-

2051 1016 2148 1079 rit.
2199 1015 2280 1078 Ex
2344 1017 2539 1079 multis
2610 1018 2787 1097 igitur
2865 1039 3050 1100 pauca
3106 1024 3276 1085 nobis
3344 1028 3710 1106 scripserunt

2049 1106 2234 1168 sancti
2276 1108 2675 1186 evangelista}.
2722 1117 2953 1187 gustum
3006 1113 3324 1190 quemdam
3370 1117 3705 1184 dulcedinis

2054 1194 2413 1275 praebentes.
2454 1195 2795 1259 Discerebat
2839 1211 3036 1261 autem
3083 1219 3201 1261 non
3236 1202 3406 1265 unius
3436 1210 3701 1286 generis,

2053 1285 2156 1347 sed
2193 1286 2515 1367 unicuique
2550 1286 2832 1348 idoneum
2852 1306 3191 1350 sermonem
3217 1292 3541 1368 referebat,
3569 1285 3705 1361 ideo

2054 1382 2114 1434 et
2151 1374 2321 1436 turba
2350 1375 2610 1436 diluculo
2642 1375 2910 1437 veniebat
2929 1379 2999 1438 ad
3040 1381 3405 1443 eum.Gratia
3428 1383 3586 1445 enim
3613 1386 3703 1447 ef-

2052 1464 2272 1526 ﬂuebat
2297 1484 2363 1526 ex
2398 1464 2575 1526 labiis
2593 1465 2930 1545 ejus.Noctc
2952 1485 3089 1527 vero
3108 1470 3427 1532 secedebat
3447 1474 3518 1533 ad
3540 1493 3707 1537 mon-

2053 1561 2542 1633 tem,monstrans
2583 1555 2753 1615 nobis
2783 1556 2938 1635 quod
2972 1565 3237 1637 oporteat
3271 1570 3441 1622 nocte
3457 1565 3699 1643 quidem

2053 1661 2157 1723 per
2216 1644 2473 1723 quietem
2535 1643 2791 1725 colloqui
2851 1663 2985 1705 cum
3037 1648 3181 1724 Deo,
3205 1648 3303 1709 die
3332 1657 3530 1713 autem
3566 1658 3698 1716 uio-

2052 1750 2178 1791 rem
2211 1750 2442 1810 gerere,
2468 1742 2531 1805 et
2564 1733 2849 1811 prodesse
2891 1734 3255 1812 hominibus,
3282 1751 3333 1799 el
3365 1759 3696 1822 congrega-

320 1833 416 1907 μὲν
475 1833 684 1905 νυκτὸς,
758 1828 1039 1886 διαδιδόναι
1070 1828 1216 1890 δὲτὰ
1248 1830 1549 1908 συνηγμένα
1592 1829 1815 1910 ἡμέρας.
1855 1831 1962 1886 Αὖ-

2054 1839 2114 1882 re
2131 1822 2369 1901 quidem
2398 1833 2591 1895 noete,
2616 1822 2712 1882 die
2733 1832 2926 1884 autem
2944 1823 3301 1888 distribuere
3320 1841 3695 1910 congregata.

317 1924 418 1987 τὸς
459 1919 553 1997 μὲν
613 1919 700 1976 οὗν
769 1924 863 1978 οὐκ
889 1917 1061 1976 ἐδεῖτο
1092 1920 1423 1999 προσευχῆς,
1457 1919 1492 1987 ἢ
1545 1922 1677 1999 πρὸς
1709 1922 1837 1976 Θεὸν
1868 1942 1965 1975 συ·-

318 2014 589 2090 ναγωγῆς’
653 2011 713 2066 οὒ
741 2009 867 2088 γὰρ,
939 2009 1098 2088 εἶχεν
1154 2010 1226 2073 εἰς
1271 2007 1306 2066 δ’
1340 2030 1389 2065 τι
1421 2008 1656 2078 συσταλῆ
1708 2010 1861 2073 αὒτὸς
1891 2006 1967 2065 ὤν

319 2100 474 2165 Θεός.
537 2090 702 2174 Ἡμῖν
783 2096 836 2154 δὲ
893 2099 1057 2154 ταῦτα
1114 2100 1247 2178 πρὸς
1322 2099 1657 2176 ὑποτύπωσιν
1713 2100 1960 2172 τέθεικεν,

318 2192 410 2247 ἵνα
479 2189 614 2245 κατὰ
684 2188 750 2244 τὰ
799 2186 998 2267 φρέατα
1049 2190 1233 2251 νυκτὸς
1296 2189 1395 2265 μὲν
1451 2187 1734 2268 δεχώμεθα
1774 2188 1874 2245 τὸν
1904 2188 1965 2245 ἐκ

317 2287 423 2338 τῶν
475 2282 846 2352 πνευματικῶν
905 2274 1113 2356 φλεϐῶν
1183 2283 1281 2346 τῆς
1335 2284 1646 2358 προσευχῆς
1698 2278 1961 2358 σύρᾄιαν,

318 2369 519 2447 ἡμέρας
578 2366 631 2422 δὲ
703 2364 885 2431 ἐξαντλ
900 2369 1068 2440 iuuabat
1122 2365 1204 2422 διὰ
1233 2373 1340 2422 τῶν
1388 2369 1643 2445 ὡφελείας
1675 2365 1960 2442 δεομένων.

318 2456 464 2516 ἰδὼν
526 2455 614 2513 οὖν
668 2454 729 2511 ἂν
786 2476 867 2519 τις
909 2455 1029 2511 τότε
1060 2457 1153 2511 τὸν
1172 2454 1312 2512 λαὸν
1345 2457 1640 2535 ὁρθρίζοντα
1670 2458 1801 2535 πρὸς
1871 2459 1962 2513 τὸν

317 2545 544 2619 Ἰησοῦν,
602 2545 741 2602 ὥστε
796 2544 1005 2600 ἀκούειν
1063 2543 1242 2619 αὐτοῦ,
1320 2545 1476 2601 εἶπεν
1536 2547 1780 2624 ἁρμοζειν
1826 2549 1967 2618 αὐτῷ

312 2638 378 2695 τὰ
432 2638 526 2694 τοῦ
583 2631 752 2694 Δαυ³ιδ
801 2631 999 2712 λέγειν*
1053 2656 1075 2689 ε
1117 2624 1174 2691 Ὀ
1220 2635 1370 2708 Θεὸς,
1405 2637 1432 2690 6
1484 2638 1613 2699 Θεὸς
1659 2657 1780 2711 μου,
1832 2636 1963 2713 πρὸς

316 2728 376 2785 σὲ
419 2727 625 2806 ὀρθίζω·
655 2722 873 2799 ἐδίψησὲ
915 2745 973 2779 σε
1003 2724 1037 2790 ἡ
1068 2724 1223 2803 ψυχή
1256 2746 1380 2799 μου.
1417 2744 1446 2782 ι

937 2819 1166 2870 ΚΕΦΑΛ
1212 2812 1319 2871 ΚΒ¹
1334 2862 1348 2875 .

319 2907 442 2985 Περὶ
510 2911 603 2960 τοῦ
660 2902 1064 2985 ΠάσχαᾌΠερί
1127 2902 1235 2985 τῶν
1320 2900 1847 2982 φιλονεικησάντων,
1882 2902 1960 2967 τίς

397 2981 613 3061 μείζων.
672 2984 794 3060 Περὶ
862 2981 961 3050 τῆς
1014 2981 1494 3052 ἐξαιτήσεωςλτοῦ
1550 2989 1781 3041 Σατανᾶ.
1838 2985 1963 3062 Περὶ

395 3070 496 3133 τῆς
526 3062 842 3138 συλλήψεως
884 3069 977 3119 τοῦ
1034 3069 1281 3140 Χριστοῦ·
1338 3065 1462 3142 Περὶ
1516 3066 1615 3132 τῆς
1664 3065 1961 3141 ἀπαγωγῆς

394 3153 488 3204 τοῦ
518 3144 852 3223 ’[ησοῦπρὸς
897 3142 1180 3223 ἀρχιερέα.

397 3224 632 3312 ’Ἠγγιζε
704 3222 759 3286 δὲ
820 3233 853 3299 ἡ
900 3222 1057 3309 ἑορτὴ
1113 3236 1221 3286 τῶν
1292 3231 1533 3307 Ἀζύμων
1604 3233 1639 3300 ἡ
1704 3231 1962 3309 λεγομένη

1978 3113 2021 3165 C

2050 1907 2182 1990 Ipse
2212 1919 2409 1970 autem
2439 1928 2553 1970 non
2587 1909 2838 1971 habebat
2870 1930 3016 1989 opus
3047 1914 3432 1988 oratioue,vel
3458 1907 3702 1980 conver-

2050 1998 2284 2060 satione
2310 2019 2443 2060 cum
2480 1998 2619 2060 Deo.
2658 2002 2785 2062 Non
2820 1999 2978 2061 enim
3007 2003 3223 2063 eratad
3253 2023 3427 2084 quem
3461 2026 3524 2067 se
3546 2026 3695 2077 con-

2048 2088 2206 2150 ferre
2240 2098 2488 2169 poterat,
2524 2108 2657 2150 cum
2701 2088 2827 2169 ipse
2870 2099 3025 2150 esset
3059 2092 3235 2155 Deus.
3285 2095 3469 2171 Nobis
3498 2090 3694 2159 autem

2050 2177 2174 2240 hinc
2204 2177 2278 2238 ad
2309 2178 2553 2257 liguram
2611 2178 2864 2259 praetulit
2896 2200 2908 2240 :
2947 2188 3005 2238 ut
3038 2181 3192 2259 apud
3253 2184 3475 2245 ﬂuenta
3524 2195 3697 2248 nocte

2047 2267 2287 2347 quidem
2313 2266 2676 2347 accipiamus
2698 2267 2983 2329 orationis
3017 2269 3236 2331 ﬂuxum
3270 2290 3341 2334 ex
3370 2273 3698 2353 spirituali-

2050 2356 2157 2416 bus
2188 2357 2375 2432 venis,
2417 2357 2515 2417 die
2564 2365 2758 2418 autem
2792 2359 3163 2419 eﬂ’undamus
3197 2361 3402 2423 hausta
3462 2363 3552 2424 his
3598 2368 3702 2444 qui

2046 2463 2193 2525 opus
2224 2445 2438 2507 habent
2482 2445 2556 2507 At
2578 2445 2627 2506 si
2658 2448 2788 2527 quis
2829 2447 3073 2508 vidisset
3095 2451 3375 2529 populum
3412 2452 3489 2513 ita
3521 2473 3697 2516 mane

2047 2535 2117 2595 ad
2141 2535 2502 2595 audiendum
2531 2537 2953 2612 conﬂuentem,
2995 2537 3226 2601 diceret
3271 2558 3604 2622 congruere
3641 2546 3697 2605 ei

2046 2623 2188 2684 illud
2223 2623 2497 2687 Davidis:
2541 2651 2557 2679 ι
2586 2625 2745 2687 Deus
2770 2625 2922 2688 Deus
2946 2645 3135 2703 meus,
3166 2631 3237 2690 ad
3261 2640 3316 2691 te
3347 2632 3422 2692 de
3445 2632 3578 2695 luce
3608 2635 3696 2695 vi-

2044 2714 2182 2791 gilo.
2213 2712 2405 2776 Sitivit
2435 2714 2496 2775 in
2529 2723 2585 2777 te
2614 2715 2813 2776 anima
2848 2735 2979 2778 mea
3011 2718 3085 2780 ‘5.
3109 2743 3136 2773 ι

2641 2808 2881 2873 CAPUT
2924 2808 3106 2874 XXII.

2046 2900 2132 2961 De
2164 2900 2423 2993 Pascha.
2460 2902 2540 2963 De
2569 2904 2939 2993 rimantibus,
2964 2909 3366 2993 _quis_maioAr.
3416 2908 3510 2993 De
3558 2929 3701 2993 que-

2126 2980 2550 3066 rela_Sa_tonae.
2589 2983 2673 3043 Do
2708 2980 3250 3066 comprehensione
3272 2980 3699 3066 Claristi.Quo-

2126 3062 2612 3204 pwdoIChristus
2641 3065 2721 3126 ad
2748 3066 3085 3146 principem
3121 3067 3501 3131 sacerdotum
3543 3062 3695 3134 duc-

2152 3160 2223 3203 us
2268 3160 2322 3204 ει
2356 3193 2368 3204 .

2152 3160 2223 3203 αδ
2268 3160 2368 3205 8η.

2125 3220 2309 3312 Vatis,
2347 3224 2473 3286 1-6.
2511 3248 2540 3278 α
2564 3223 2825 3286 Instabat
2843 3232 3037 3286 autem
3069 3224 3201 3286 dies
3231 3226 3413 3289 festus
3438 3232 3694 3312 Azymo-

312 3311 527 3405 πάσχα⁸
593 3323 682 3380 καὶ
711 3318 926 3391 ἔξήτουν
971 3321 1018 3393 οἱ
1048 3321 1345 3400 ἀρχιερεῖς,
1378 3322 1466 3377 καὶ
1517 3322 1564 3377 οἱ
1594 3327 1961 3399 Γραμματεϊς,

2054 3328 2172 3374 rum
2216 3311 2318 3405 qui
2369 3313 2608 3405 dicitur,
2636 3314 2880 3405 paSrha,
2918 3322 2975 3375 et
3004 3314 3352 3394 quaerebant
3394 3311 3697 3402 principes

307 3417 372 3472 τὸ
427 3419 546 3477 πῶς
594 3409 850 3467 ἀνέλωσιν
909 3408 1091 3468 αὐτόν’
1146 3407 1427 3489 ἐφοϐοῦντο
1480 3410 1581 3490 γὰρ
1635 3412 1725 3468 τὸν
1806 3409 1959 3468 λαόν.

2044 3402 2417 3465 sacerdotum
2441 3410 2499 3464 et
2523 3400 2747 3464 Scribae
2775 3405 3075 3483 quomodo
3100 3423 3235 3466 eum
3261 3400 3693 3475 interficerent.

315 3501 539 3571 Εἰσῆλθε
593 3497 649 3556 δὲ
718 3501 747 3555 6
815 3504 1059 3561 Σατανᾶς
1090 3499 1165 3562 εἰς
1196 3496 1396 3556 Ἰούδαν
1425 3500 1515 3554 τὸν
1542 3489 1959 3575 ἐπικαλούμενον

2054 3489 2362 3552 l‘imehaut
2390 3494 2549 3554 enim
2580 3492 3094 3573 plebem.lntravit
3123 3504 3321 3556 autem
3354 3500 3601 3563 Satanas
3631 3501 3693 3562 in

313 3589 691 3672 Ἰσκαριώτην,
749 3585 877 3645 ὄντα
931 3590 993 3644 ἒκ
1060 3594 1153 3644 τοῦ
1227 3587 1446 3668 ἀριθμοῦ
1466 3580 1570 3646 τῶν
1603 3586 1825 3648 δώδεκα.
1863 3590 1962 3646 Καὶ

2054 3579 2253 3643 ludam
2287 3580 2382 3641 cui
2412 3600 2741 3658 coanomen
2797 3591 2924 3644 erat
2971 3583 3306 3667 lscariotes,
3352 3586 3454 3669 qui
3508 3599 3633 3653 erat
3662 3611 3698 3654 ο

316 3679 556 3738 ἀπελθὼν
614 3675 939 3745 συνελάλησε
987 3690 1106 3741 τοῖς
1166 3676 1490 3757 ἀρχιερεῦσι,
1575 3679 1662 3735 καὶ
1719 3700 1962 3757 στρατη-

316 3783 465 3849 γοῖς,
523 3769 585 3825 τὸ
640 3769 754 3831 πῶς
811 3768 968 3824 αὐτὸν
1019 3763 1321 3846 παραδώσει
1378 3770 1585 3833 αὐτοῖς.
1624 3768 1721 3825 Καὶ
1749 3767 1962 3848 ἐχάρη-

315 3882 434 3940 σαν,
496 3860 584 3915 καὶ
646 3855 913 3913 συνέθεντο
968 3855 1111 3930 αὗτῷ
1166 3855 1416 3935 ἀργύριον
1469 3854 1667 3917 δοῦναι.
1732 3859 1830 3916 Καὶ
1873 3856 1963 3923 ἒξ.-

311 3947 657 4028 ωμολόγησε,
717 3948 809 4004 καὶ
892 3945 1067 4017 ἐζήτει
1129 3947 1392 4026 εὐκαιρίαν
1463 3946 1557 4004 τοῦ
1645 3946 1962 4023 παραδοῦναι

312 4040 468 4096 αὺτὸν
517 4039 701 4102 αὐτοῖς
760 4034 884 4116 ἄτερ
965 4034 1158 4115 ὄχλου,
1237 4057 1256 4092 l
1330 4037 1577 4108 Ἐζήτουν
1640 4037 1759 4109 μὲν.
1808 4038 1974 4093 αὐτὸν·

306 4129 518 4186 ἀνελεῖν
587 4129 636 4185 οἱ
705 4132 1070 4205 Γραμματεϊς⁶
1105 4124 1218 4182 ἐπεὶ
1248 4122 1303 4181 δὲ
1331 4128 1357 4180 ὁ
1400 4127 1583 4205 καιρὸς
1627 4132 1720 4183 τοῦ
1774 4125 1964 4206 πάσχα

311 4218 638 4299 ἐφειστήκει,
698 4216 786 4273 καὶ
833 4212 1068 4272 κίνδυνον
1138 4214 1315 4294 ἑώρων
1375 4214 1436 4271 ἐκ
1516 4217 1702 4274 τούτου
1778 4217 1964 4273 αὑτοῖς

310 4307 417 4365 ἀπὸ
469 4314 560 4365 τοῦ
630 4309 759 4363 λαοῦ
803 4303 1180 4384 συνογομὲνου,
1213 4302 1446 4379 μάλιστα
1474 4302 1558 4361 διὰ
1601 4304 1702 4373 τὴν
1751 4305 1960 4383 ἑορτὴν,

312 4394 529 4467 ἐζήτουν
590 4384 779 4453 λοιπὸν
840 4389 1079 4470 μέθοδον,
1155 4399 1271 4457 πῶς
1359 4391 1635 4456 ἀνελόντες
1692 4395 1849 4453 αὐτὸν
1907 4395 1965 4450 οὗ

2048 3670 3005 3761 numeroduodecim,abiitque,et
3024 3673 3254 3736 locutus
3272 3684 3367 3737 est
3384 3695 3518 3739 cum
3543 3681 3700 3761 priu-

2045 3758 2278 3839 cipibus
2298 3764 2775 3842 sacerdotum,ac
2792 3761 3066 3843 ducibus,
3090 3758 3594 3844 quemadmodum
3620 3770 3697 3832 il-

2047 3848 2168 3910 lum
2188 3850 2448 3912 traderet
2466 3849 2574 3912 vis.
2603 3855 2673 3915 Et
2691 3852 2874 3930 gavisi
2903 3862 3139 3927 sunt,ac
3168 3853 3320 3932 pacti
3351 3866 3489 3919 sunt
3511 3875 3696 3938 pecu-

2047 3938 2205 4000 niam
2226 3938 2311 4000 illi
2336 3958 2398 4030 se
2415 3940 2763 4003 daturos.Et
2788 3942 2887 4003 ille
2917 3943 3258 4023 spopondit:
3278 3946 3700 4030 quaerebatque

2047 4029 2546 4108 opportunitatem
2575 4039 2640 4092 ut
2658 4031 2919 4093 traderet
2943 4031 3108 4093 illum
3134 4032 3253 4095 illis
3271 4034 3413 4095 465
3433 4035 3563 4099 sine
3582 4029 3701 4101 tur-

2048 4120 2550 4194 ba.»Quaerebant
2578 4123 2818 4204 quidem
2845 4124 3008 4187 illum
3042 4124 3391 4190 interimere
3421 4127 3648 4194 Scriba:
3680 4155 3694 4192 :

2045 4220 2103 4272 at
2133 4211 2273 4292 quia
2305 4220 2540 4292 tempus
2558 4213 2787 4293 paschae
2808 4213 3150 4288 instabat,et
3172 4215 3454 4278 videbant
3475 4218 3593 4281 sibi
3610 4220 3699 4283 in-

2047 4300 2122 4362 de
2153 4300 2481 4380 periculum
2511 4301 2828 4364 imminere
2849 4320 2883 4364 a
2916 4304 3088 4365 turba
3116 4323 3247 4384 qum
3289 4308 3702 4387 congregaba-

2047 4398 2143 4451 tur
2169 4391 2424 4452 maxime
2455 4402 2701 4471 propter
2719 4392 2878 4454 diem
2912 4392 3150 4468 festum,
3184 4396 3529 4473 quaerebant
3555 4398 3703 4461 insi-

311 4461 750 4549 κινδυνεύσουσιν.
826 4461 1077 4550 ἑλεῖ-ἦλθε,
1132 4481 1186 4539 δὲ
1245 4485 1272 4539 6
1330 4488 1571 4549 Σατανᾶς
1634 4484 1708 4547 εἰς
1765 4481 1965 4540 Ἰούδαν

2054 4461 2486 4560 diasquomodo
2505 4461 2815 4542 interfecto
2834 4481 2937 4543 illo
2959 4501 3076 4543 non
3096 4461 3701 4563 piariclitarenturln-

313 4575 440 4634 ὄντα
510 4574 567 4631 ἐκ
646 4580 742 4631 τοῦ
825 4572 1047 4652 ἀριθμοῦ
1100 4577 1208 4630 τῶν
1277 4568 1502 4648 δώδεκα,
1562 4570 1821 4629 τουτέστι³
1878 4572 1969 4629 καὶ

312 4674 476 4725 ταῦτα
530 4664 592 4722 ἐκ
655 4669 763 4721 τῶν
820 4663 1027 4719 οἰκείων
1082 4659 1211 4718 ὅντα
1265 4662 1354 4718 καὶ
1410 4662 1643 4739 γνησίων
1690 4664 1964 4738 μαθητῶν·

309 4756 402 4813 ’ίνα
459 4752 644 4831 μηδεὶς
699 4752 862 4833 θαῤῥῇ
913 4748 997 4832 ἐφ’
1045 4750 1237 4826 ἐαυτῷ,
1272 4749 1409 4807 ἀλλὰ
1436 4751 1665 4808 πάντοτε
1722 4750 1967 4831 προσέχῃ

313 4847 382 4915 τῆ
440 4845 606 4918 οἰκείᾳ
659 4849 794 4921 ζωῇ,
855 4845 930 4907 ὡς
986 4839 1156 4899 δεινὸν
1211 4839 1496 4898 ἀντίπαλον
1527 4841 1695 4921 ἔχων,
1731 4842 1881 4906 Τινὲς
1912 4838 1967 4897 δὲ

312 4938 398 5008 τὸ,
437 4953 469 4996 α
526 4924 705 4993 ’Ὄντα
786 4932 848 4990 ἐκ
900 4938 992 4989 τοῦ
1058 4931 1280 5012 ἀριθμοῦ
1319 4934 1426 4988 τῶν
1455 4928 1682 5011 δώδεκα,
1725 4953 1749 4990 ε
1799 4930 1965 4994 οὕτως

313 5026 564 5097 ἐνόησαν,
594 5023 707 5080 ἀντὶ
749 5030 863 5103 τοῦ,
910 5020 1160 5103 Ἀριθμὸν
1204 5022 1367 5097 μόνον
1396 5018 1700 5101 πληροῦνται
1738 5020 1966 5078 ἀποστο-

317 5112 491 5188 λικὸν,
564 5116 659 5172 οὒκ
712 5110 1012 5169 ἀπόστολον
1064 5109 1190 5167 ὄντα
1260 5109 1512 5178 ἀληθινὸν
1572 5110 1660 5166 καὶ
1690 5110 1959 5184 μαθητήνο

311 5206 428 5267 πῶς
486 5204 587 5284 γὰρ
640 5201 846 5270 ἀληθὴς
876 5201 1121 5277 μαθητὴς
1152 5202 1180 5255 ὁ
1207 5198 1450 5256 κλέπτων
1479 5199 1543 5255 τὰ
1587 5201 1642 5255 ὲν
1670 5201 1747 5274 τῷ
1775 5196 1959 5277 γλωσ-

312 5293 533 5369 σοιόμῳ
600 5290 952 5370 βαλλόμενα;
997 5288 1176 5353 Οὕτως
1220 5289 1309 5345 οὖν
1360 5286 1658 5345 εἰσελθόντα
1704 5290 1778 5351 εὶς
1808 5289 1964 5345 αὐτὸν

310 5384 401 5439 τὸν
458 5387 700 5438 Σατανᾶν
761 5378 991 5455 ἐδέξατο,
1045 5379 1132 5436 καὶ
1189 5379 1523 5459 σννεφώνησε
1592 5390 1709 5444 τοῖς
1750 5383 1991 5448 ζητοῦσιν

310 5473 403 5528 τὸν
483 5469 689 5538 Ἰησοῦν
772 5467 1112 5550 παραδοῦναι’
1201 5474 1356 5524 τοῦτο
1412 5467 1512 5547 γὰρ
1580 5468 1826 5543 σημαίνει
1876 5467 1963 5542 τὸ,

397 5627 450 5684 ιι
475 5628 628 5709 Psal.
658 5646 804 5711 Lm,
840 5630 897 5709 ι,
932 5628 995 5698 2.

2051 4568 2221 4631 travit
2250 4576 2447 4631 autem
2475 4567 2720 4631 Satanas
2743 4569 2802 4631 in
2823 4569 3036 4634 Judam
3061 4574 3158 4652 qui
3193 4580 3317 4633 erat
3348 4593 3503 4635 unus
3533 4594 3701 4638 enu-

2053 4676 2217 4720 mero
2256 4656 2599 4732 duodecim,
2631 4668 2876 4741 eratque
2907 4678 2980 4722 ex
3011 4660 3264 4722 maxime
3310 4661 3703 4727 familiaribus

2052 4748 2401 4828 discipulis:
2439 4756 2503 4809 ut
2534 4748 2733 4811 nullus
2760 4749 3093 4813 conﬁdatin
3108 4751 3445 4833 seipso,sed
3462 4772 3704 4836 semper

2049 4837 2313 4902 attendat
2338 4837 2472 4898 vita
2491 4848 2851 4920 suae,ulpote
2882 4859 3118 4918 gravem
3156 4840 3383 4904 habens
3414 4842 3697 4907 adversa-

2048 4927 2199 4989 rium
2213 4925 2483 4998 .Quidam
2500 4935 2697 4990 autem
2715 4928 2801 4990 sic
2816 4928 3381 5004 intellexerunt:Qui
3406 4942 3569 4995 erate
3595 4953 3699 4996 nu-

2051 5035 2214 5079 mero
2245 5016 2909 5087 duodecimmumerum
2946 5020 3139 5082 solum
3161 5020 3444 5102 implebat
3471 5032 3702 5104 aposto-

2047 5105 2380 5180 licum,non
2405 5108 3706 5192 utapostolus,necutverusdiscipulus.Quo—

2046 5195 2224 5257 modo
2237 5195 2397 5257 enim
2417 5213 2593 5258 verus
2606 5196 3066 5279 discipulus,qui
3089 5199 3456 5282 furaturquae
3475 5202 3535 5263 in
3552 5222 3711 5267 mar-

2045 5285 2277 5373 supium
2300 5284 3703 5373 mittebantur?Sicigituringredienteminipsum

2048 5372 2321 5437 Satanam
2346 5375 2633 5455 suscepit,
2661 5383 2719 5436 et
2737 5377 3097 5457 conspiravit
3137 5397 3271 5440 cum
3300 5381 3705 5460 quaerentibus

2047 5463 2249 5527 Jesum
2273 5463 2666 5528 tradereJloc
2688 5464 2847 5528 enim
2879 5467 3194 5547 signiﬁcat,
3212 5470 3565 5551 Spopondit,
3592 5472 3707 5538 hoc
