4184 6404
491 323 642 389 1063
1471 316 2069 389 THEOPHYLACTI
2115 315 2143 377 Ε

2246 316 2524 382 λΘΑΙὶΙιΕ
2571 316 2930 385 ARCHIEP.
3737 311 3898 384 1064

484 470 595 537 est,
624 464 941 544 perfectam
983 460 1438 542 promissionem
1491 468 1550 522 et
1608 470 1844 538 pactum
1876 457 2038 519 fecit.
2072 449 2136 510 Et

2241 473 2258 504 ι
2298 449 2769 534 Ἐξωμολόγησεν,
2817 475 2848 516 ι
2897 455 3009 513 ἆντὶ
3052 462 3164 529 τοῦ,
3228 452 3442 520 Τελείας
3475 452 3762 532 ὁμολογίας
3803 455 3893 511 καὶ

482 552 781 630 quaerebat
821 553 1321 632 opportunitatem
1360 549 1595 631 quando
1632 549 1923 611 inveniret
1970 546 2134 607 illum

2237 544 2483 613 τυνθήκας
2570 544 2884 616 ἐποιήσατο.
2974 547 3074 605 Καὶ
3150 544 3323 617 ἐζήτει
3396 545 3685 624 εὐκαιρίαν,
3757 545 3889 601 πότε

482 629 611 701 sine
637 641 823 709 turba,
866 629 977 702 hoc
1010 648 1119 714 est,
1145 629 1394 701 seorsim
1434 651 1493 700 et
1523 639 1873 714 solitarium,
1911 645 1968 697 et
1992 633 2134 715 ipsis

2236 629 2361 709 εὕροι
2406 633 2563 692 αὐτὸν
2616 632 2739 715 ἄτερ
2800 633 2993 716 ὄχλου,
3039 636 3300 710 τουτέστι,
3359 635 3495 691 κατὰ
3553 634 3739 712 μόνας,
3797 636 3888 690 καὶ

481 730 758 791 traderet.
800 729 1166 806 Magistratus
1203 738 1399 791 autem
1423 730 1552 791 loco
1584 730 1696 790 hoc
1721 734 1889 789 vocat
1917 724 2131 808 praefe-

2232 724 2403 787 αὐτοῖς
2500 723 2826 804 παραδώσει,
2892 726 3233 805 Στρατηγοὺς
3309 723 3364 781 δέ
3419 747 3582 804 φησιν
3663 723 3884 779 ἐνταῦθα

479 828 605 879 ctos
633 820 897 880 aediﬁciis
928 819 1253 897 templi,vel
1288 820 1466 882 etiam
1500 816 1990 896 censores,utqui
2024 834 2131 875 cur

2229 811 2337 874 τοὺς
2392 811 2661 893 ἄρχοντας
2704 817 2809 873 τῶν
2852 815 3142 891 οἰκοδομῶν
3186 818 3278 871 τοῦ
3319 818 3478 893 ἱεροῦ,
3535 814 3571 881 ἢ
3626 814 3713 869 καὶ
3756 814 3881 877 τοὺς

479 920 677 971 rarent
703 928 771 969 ea
801 928 932 989 quae
956 910 1026 970 ad
1054 909 1274 970 bonum
1305 908 1578 969 ordinem
1607 906 1962 968 servandum
1993 923 2131 985 per-

2227 898 2311 966 τῆς
2384 902 2618 968 εὐταξίας
2687 904 3159 981 ἐπιμελουμένους.
3251 904 3588 970 Ἐπέστησαν
3676 905 3775 980 γαρ
3834 920 3879 973 οξ

481 981 1339 1062 tinebant.Praefecerantenim
1365 998 1611 1059 Romani
1637 995 1924 1076 quosdam
1953 981 2132 1073 popu-

2228 981 2476 1063 Ῥωμαῖοι
2509 998 2585 1065 τῷ
2626 991 2741 1067 λαῷ
2784 1016 2952 1065 τινας,
3002 997 3076 1058 ὡς
3108 992 3169 1048 ἂν
3215 995 3293 1068 μὴ
3325 993 3653 1071 ταράσσηται
3692 1011 3720 1076 '_
3755 1013 3880 1048 στα-

479 1086 533 1146 lo
562 1095 620 1147 ut
645 1107 717 1147 ne
740 1089 1106 1168 turbaretur,
1133 1086 1621 1167 quandoquidem
1656 1071 1919 1145 seditiosi
1938 1071 2125 1146 erant.

2229 1079 2421 1143 ῖιώδεις
2466 1081 2565 1159 γὰρ
2607 1083 2768 1148 ἦσαν.
2808 1084 3059 1150 Τούτους,
3113 1084 3271 1163 φησὶ,
3318 1083 3671 1162 στρατηγούς.
3708 1071 3881 1141 ’Ἴσως

478 1174 619 1238 Illos
675 1177 850 1255 igitur
904 1164 1472 1255 vocat'aépunyoog
1529 1174 1931 1253 magistratus.
1981 1174 2130 1231 For-

2230 1164 2269 1221 Ξὲ
2326 1170 2413 1225 καὶ
2470 1168 2764 1240 διοικήσεις
2798 1174 3177 1251 στρατιωτικὰς
3231 1172 3394 1251 εἶχον
3424 1192 3439 1206 ⁸
3488 1173 3541 1227 οἳ
3576 1170 3767 1250 μέρους
3798 1170 3882 1225 ὄν-

481 1265 652 1325 tassis
682 1274 878 1327 autem
912 1262 969 1326 et
1004 1264 1283 1326 militaria
1333 1282 1582 1325 munera
1624 1261 2021 1325 credebantur
2044 1265 2132 1321 eis

2228 1278 2302 1321 τες
2391 1266 2483 1315 τοῦ
2550 1262 2836 1339 ἱερατικοῦ,
2930 1263 3220 1341 στρατηγοὶ
3318 1261 3731 1336 ὠνομάσθησαν.
3811 1260 3880 1317 Τὸ

472 1354 574 1435 qui
606 1363 772 1415 erant
804 1375 872 1415 ex
902 1355 1261 1417 sacerdotali
1299 1354 1531 1434 ordine,
1567 1352 1728 1413 unde
1763 1352 2124 1429 magistratus

2226 1344 2551 1425 ριλόπρωτον
2596 1350 2695 1427 γὰρ
2752 1357 3049 1423 νοσοῦντες,
3112 1353 3200 1406 καὶ
3260 1350 3527 1413 τοιαύταις
3604 1347 3878 1418 διοικήσε-

474 1434 533 1505 et
556 1444 741 1505 duces
780 1445 947 1507 dicti.
985 1445 1331 1506 Ambitione
1362 1444 1520 1505 enim
1558 1441 1899 1502 laborantes
1931 1448 1990 1501 et
2032 1440 2126 1501 illa

2220 1455 2298 1488 σιν
2356 1434 2713 1494 ἒπεϐάλλοντο
2747 1455 2760 1468 ⁸
2820 1438 2900 1495 διὸ
2954 1442 3042 1496 καὶ
3100 1442 3432 1519 στρατηγοὺς
3489 1439 3676 1500 αὐτοὺς
3732 1437 3872 1493 ὠνό-

474 1533 666 1594 olﬁcia
696 1533 1058 1595 invadebant
1089 1554 1102 1595 :
1131 1537 1289 1593 unde
1318 1550 1419 1593 eos
1452 1531 1826 1609 magistratus
1868 1538 1927 1590 et
1947 1529 2126 1590 duces

2221 1545 2349 1595 μασε
2391 1535 2485 1584 τοῦ
2542 1529 2703 1606 ἱεροῦ,
2746 1530 3206 1608 ἒμφαντικώτερον
3263 1529 3409 1607 τάχα
3471 1526 3873 1593 καθαπτόμενος

474 1624 678 1701 templi
712 1623 1056 1689 nominavit.
1092 1621 1635 1682 manifestiusforte
1659 1630 1861 1681 taxaus
1888 1620 2041 1679 illos.
2213 1614 2406 1701 αὒτῶν.

554 1697 735 1773 Vtilis.
772 1712 937 1775 7-13.
975 1738 998 1766 α
1028 1713 1203 1771 Venit
1245 1719 1442 1772 autem
1477 1710 1606 1769 dies
1637 1711 2013 1789 Azymorum,
2065 1709 2124 1770 in
2151 1745 2187 1794 Β

2297 1724 2324 1755 α
2374 1697 2529 1760 Ἦλθε
2573 1702 2627 1760 δὲ
2666 1708 2699 1773 ἡ
2744 1707 2921 1785 ἡμέρα
2976 1707 3082 1762 τών
3128 1706 3396 1781 Ἀζύμων,
3439 1706 3555 1781 ἐνῇ
3598 1702 3699 1761 ’έδει
3742 1705 3869 1761 (θύε-

471 1820 585 1880 qua
618 1819 864 1862 necesse
895 1808 1018 1861 erat
1046 1800 1339 1861 immolari
1362 1802 1579 1881 pascha
1616 1801 1681 1860 lit
1708 1798 2123 1859 misitl’etrum

2221 1793 2326 1847 τθαι
2381 1794 2443 1848 τὸ
2513 1794 2724 1873 πάσχα.
2790 1798 2888 1853 Καὶ
2947 1795 3228 1853 ἀπέστειλε
3282 1795 3479 1874 Πέτρον
3536 1797 3622 1851 καὶ
3681 1792 3873 1851 Ἰωάν-

471 1909 539 1951 ac
559 1889 872 1963 Joannem,
900 1890 1106 1950 dicens
1134 1909 1145 1948 :
1175 1887 1400 1950 Euntes
1434 1901 1636 1969 parate
1673 1887 1846 1948 nobis
1879 1887 2120 1966 pascha,

2221 1902 2326 1955 Inv,
2376 1882 2537 1938 εἰπών
2575 1906 2587 1918 ·
2637 1885 2977 1958 Πορευθέντες
3036 1884 3352 1960 ἑτοιμάσατε
3382 1887 3519 1959 ἡμῖν
3551 1885 3612 1940 τὸ
3656 1888 3873 1963 πάσχα,

472 1979 814 2040 utedamus.
847 1978 1023 2039 Atilli
1055 1979 1334 2040 dixerunt
1370 1968 1464 2037 ei:
1502 1976 1644 2041 Ubis
1676 1977 1762 2038 vis
1795 1982 2124 2055 paremus?

2225 1968 2297 2025 Ϊνα
2328 1971 2586 2051 φάγωμεν
2623 1993 2636 2007 ⁸
2686 1976 2733 2028 οἱ
2778 1973 2831 2029 δὲ
2876 1975 3038 2032 εἷπον
3072 1976 3211 2049 αὗτῷ
3245 1989 3259 2004 ’
3312 1976 3421 2029 Ποῦ
3448 1971 3616 2037 θέλεις
3652 1973 3877 2047 έτοιμά-

469 2067 535 2129 Ει
558 2068 704 2129 dixit
739 2068 811 2130 ad
846 2087 947 2129 eos
976 2086 988 2130 :
1020 2068 1173 2129 Ecce
1224 2066 1665 2129 introeuntibus
1695 2054 1860 2125 vobis
1894 2064 1953 2125 in
1977 2066 2119 2126 civi-

2225 2060 2385 2135 τωμέν
2442 2079 2579 2138 σοι,
2639 2054 2697 2120 Ὀ
2757 2060 2812 2118 δὲ
2858 2064 3017 2119 εἶπεν
3076 2069 3261 2127 αὐτοῖς
3293 2083 3307 2098 ⁸
3363 2060 3495 2120 ’ἰδοὺ
3540 2061 3877 2118 εἰσελθόντων

465 2166 665 2231 tatem,
702 2168 977 2219 occurret
1000 2160 1177 2219 homo
1200 2156 1439 2237 quidam
1479 2175 1577 2217 vas
1606 2174 1775 2236 aquae
1800 2162 2117 2217 testaceum

2222 2155 2352 2222 υμῶν
2410 2152 2483 2213 εἰς
2536 2152 2636 2220 τὴν
2719 2151 2900 2229 πόλιν,
2971 2155 3286 2223 συναντήσει
3366 2154 3496 2229 ὑμῖν
3596 2150 3874 2230 ἅνθρωπος

469 2247 1067 2328 portans.Sequimini
1092 2267 1223 2308 eum
1262 2246 1319 2306 iu
1350 2246 1593 2307 donunn
1627 2244 1685 2305 in
1711 2263 1886 2324 quam
1918 2244 2118 2325 intrat,

2219 2238 2455 2313 ιεράμον
2512 2239 2696 2306 ὕδατος
2755 2244 3031 2319 βαστάζων
3063 2260 3077 2273 ⁸
3153 2242 3544 2311 ἀκολουθήσατε
3594 2245 3738 2314 αὒτῷ
3794 2242 3871 2305 εἷς

467 2345 525 2397 et
554 2338 761 2399 dicetis
795 2337 1199 2417 patrifamilias
1230 2335 1629 2398 mdiuszicit
1662 2335 1766 2395 tibi
1790 2334 2069 2410 magister
2103 2354 2116 2397 :

2209 2328 2299 2395 τὴν
2348 2330 2538 2409 οἰκίαν,
2586 2334 2646 2387 οὗ
2716 2334 3101 2411 εἰσπορεύεται,
3158 2335 3247 2389 καὶ
3304 2333 3473 2411 ἐρεῖτε
3537 2339 3614 2405 τῷ
3656 2328 3861 2386 οἰκοδε-

468 2425 575 2489 Ubi
599 2437 686 2489 est
707 2427 1227 2501 diversorium,ubi
1256 2428 1473 2506 pascha
1486 2445 1619 2486 cum
1644 2424 1950 2503 discipulis
1972 2426 2120 2486 meis

2214 2419 2378 2494 ππότῃ
2457 2425 2556 2487 τῆς
2616 2424 2783 2486 οἰκίας
2817 2438 2832 2453 ⁸
2892 2421 3049 2501 Λέγει
3113 2444 3196 2479 σοι
3254 2424 3282 2477 ὁ
3338 2419 3649 2483 διδάσκαλος
3684 2435 3698 2449 ’
3758 2424 3866 2475 Ποῦ

464 2517 667 2578 edam?
698 2516 768 2577 Et
798 2518 926 2595 ipse
958 2518 1230 2578 ostendet
1254 2504 1419 2577 vobis
1442 2515 1813 2576 cmuaculum
1844 2531 2115 2592 magnum

2214 2504 2315 2561 ἔστι
2374 2508 2434 2564 τὸ
2494 2509 2801 2585 κατάλυμα,
2850 2509 2984 2567 ὅπου
3039 2512 3101 2566 τὸ
3158 2511 3349 2590 πάσχα
3397 2508 3663 2585 μετὰτῶν
3695 2511 3866 2583 μαθη-

464 2613 735 2678 stratum,
760 2604 843 2666 ibi
869 2608 1325 2685 parate.Euntes
1348 2614 1545 2666 autem
1574 2604 1936 2664 invenerunt
1965 2603 2116 2664 sicut

2215 2601 2306 2650 τῶν
2366 2618 2467 2671 μου
2516 2600 2718 2678 φάγω,
2781 2600 3040 2663 Κάκεῖνος
3091 2598 3220 2675 ὑμῖν
3266 2597 3414 2665 δείξει
3447 2598 3681 2676 ἂνώγεον
3728 2596 3867 2673 μέγα

465 2694 695 2755 dixerat
726 2684 951 2766 illis,7et
982 2702 1335 2774 paraverunt
1370 2692 1604 2773 pascha.
1663 2718 1684 2749 ι)
1734 2690 1901 2763 Quod
1936 2692 2117 2770 phase

2215 2685 2533 2764 ἐστρωμένον
2572 2705 2584 2718 ·
2639 2688 2754 2746 ἐκεῖ
2796 2690 3139 2765 ἑτοιμάσατε.
3191 2686 3534 2751 Ἀπελθόντες
3580 2686 3635 2743 δὲ
3696 2687 3867 2757 εὗρον,

468 2783 749 2845 hebraice
796 2785 1011 2862 pascha
1067 2784 1318 2863 dicatur,
1353 2793 1410 2843 et
1460 2783 1653 2861 signet
1700 2781 2015 2842 transitum
2050 2799 2116 2842 ex

2214 2774 2376 2863 καθὼς
2434 2775 2651 2855 εἴρηκεν
2710 2778 2914 2841 αὐτοῖς.
2976 2780 3066 2835 καὶ
3113 2778 3412 2853 ἡτοίμασαν
3472 2778 3533 2833 τὸ
3586 2777 3801 2855 πάσχα.
3839 2798 3866 2827 ³

464 2853 896 2953 Ᾱὲἒεγριοβώρο
918 2875 1142 2934 dictum
1165 2883 1251 2934 est
1276 2853 1375 2936 :let
1399 2876 1455 2934 in
1479 2853 1711 2932 summa
1735 2871 1955 2946 omnia,
1990 2891 2116 2952 qua!

2227 2861 2345 2920 Ὀτι
2397 2866 2495 2939 μὲν
2542 2869 2714 2945 φασέκ
2764 2859 3062 2946 Ἐϐραϊκῶς
3094 2869 3155 2923 τὸ
3189 2867 3377 2945 πάσχα
3409 2865 3721 2944 λεγόμενον,
3770 2865 3872 2930 τὴν

464 2950 683 3025 tuncin
716 2950 862 3023 festo
886 2965 1097 3043 ﬁunt,a
1118 2964 1336 3024 sanctis
1358 2964 1817 3042 interpretatum
1841 2950 2116 3023 estznunc

2222 2950 2255 3017 ιξ
2318 2954 2582 3032 Αἰγύπτου
2640 2954 2879 3012 διάϐασιν
2954 2955 3137 3029 δηλοῖ,
3203 2954 3431 3019 πολλοῖς
3504 2954 3740 3033 εἴρηταισ
3787 2954 3874 3007 καὶ

460 3061 655 3114 autem
682 3072 857 3132 quem
885 3028 1056 3114 nobis
1095 3053 1257 3133 dicat
1295 3052 1453 3115 diem
1497 3028 1875 3131 dzymorum,
1906 3050 2112 3113 dicen-

2220 3042 2388 3107 ἱπλῶς
2446 3047 2618 3103 πάντα
2673 3049 2739 3104 τὰ
2802 3048 2855 3103 ἐν
2911 3052 2980 3123 τῇ
3037 3048 3197 3124 ἐορτῇ
3255 3048 3376 3102 τότε
3408 3044 3720 3121 τελούμενα,
3752 3057 3872 3106 τοῖς

460 3142 803 3203 dum.Diem
831 3142 1010 3221 igitur
1030 3144 1382 3222 Azymorum
1414 3141 1555 3202 dicit
1586 3140 1883 3221 quintum,
1914 3142 1986 3201 ad
2020 3161 2112 3203 cu-

2221 3134 2372 3211 ἱγίοις
2430 3137 2785 3212 ἡρμήνευται,
2844 3144 2945 3194 Νῦν
2975 3134 3044 3222 Δδὲ
3094 3138 3233 3211 ἡμῖν
3291 3137 3408 3191 τίνα
3468 3134 3612 3214 λέγει
3669 3135 3873 3211 ὴμέραν

454 3232 555 3310 jus
582 3218 885 3311 vesperam
914 3218 1132 3311 pascha
1152 3230 1587 3292 immolandum
1608 3218 1765 3291 erat.
1789 3218 1975 3309 Igitur
1994 3233 2106 3292 Do-

2216 3228 2307 3278 :th
2358 3223 2624 3299 Ἀςύμων,
2694 3227 2907 3303 ῥητέον.
2974 3218 3208 3304 Ἠμέραν
3265 3224 3354 3281 οὖν
3426 3223 3670 3299 Ἀζύμων
3724 3220 3868 3299 λέγει

462 3322 659 3381 minus
691 3320 841 3382 forte
871 3322 1076 3401 quinto
1110 3338 1283 3382 mane
1309 3319 1487 3383 mittit
1515 3318 2112 3400 discipulos,Petrum

2218 3315 2297 3380 τὴν
2357 3314 2636 3401 πέμπτην,
2683 3315 2747 3383 ἧς
2793 3322 2861 3392 τῇ
2918 3314 3114 3393 ἑσπέρᾳ
3172 3312 3398 3388 ἔμελλον
3444 3314 3581 3369 θύειν
3637 3312 3698 3367 τὸ
3754 3311 3870 3366 πά-

461 3417 517 3469 et
545 3407 859 3489 Joannem,
887 3394 946 3471 et
974 3409 1140 3470 illum
1177 3409 1419 3490 quidem
1451 3415 1519 3471 ut
1548 3394 1919 3486 diligentem,
1959 3410 2113 3471 hunc

2217 3423 2341 3481 τχα.
2405 3394 2464 3460 Ὀ
2523 3405 2696 3460 τυίνυν
2772 3406 2958 3483 Κύριος
3018 3409 3087 3480 τῇ
3141 3404 3364 3478 πέμπτῃ
3436 3402 3644 3481 πρωίας
3699 3402 3869 3480 τυχὸν

460 3517 596 3560 vero
621 3508 681 3559 ut
711 3498 1020 3560 dilectum.
1059 3499 1237 3561 Mittit
1266 3504 1462 3562 autem
1487 3498 1547 3558 in
1569 3498 1821 3559 alienam
1847 3497 2112 3560 domum.

2217 3490 2518 3548 ἱποστέλλει
2563 3494 2685 3559 τοὺς
2746 3494 2989 3570 μαθητὰς
3042 3492 3241 3572 Πέτρον
3282 3494 3371 3549 καὶ
3430 3491 3681 3557 Ἰωάννην
3716 3505 3730 3520 ·
3774 3490 3869 3545 τὸν

462 3587 667 3669 Neque
692 3589 850 3650 enim
886 3588 1128 3649 domum
1163 3587 1416 3649 habebat
1438 3587 1529 3648 vel
1555 3587 1682 3668 ipse
1713 3587 1803 3647 vel
1839 3587 2114 3667 discipuli

2218 3582 2299 3637 ιὲν
2357 3584 2431 3648 ὡς
2475 3582 2793 3661 ἀπαγῶντα,
2845 3585 2937 3639 τὸν
2967 3580 3022 3639 δὲ
3053 3585 3127 3645 ὡς
3157 3583 3533 3660 ἀγαπώμενον.
3566 3580 3870 3637 Ἀποστέλ-

459 3677 876 3757 ejus,alioquin
903 3678 958 3738 in
978 3696 1093 3738 una
1114 3678 1252 3737 466
1276 3676 1715 3757 discipulorum
1739 3679 1920 3737 domo
1948 3696 2111 3738 man-

2213 3671 2283 3727 λει
2329 3669 2382 3727 δὲ
2420 3674 2494 3736 εἰς
2555 3671 2837 3753 ἀλλοτρίαν
2885 3672 3083 3757 ὀὶκίαν.
3149 3670 3278 3729 Ούδέ
3337 3673 3437 3751 γὰρ
3481 3670 3641 3750 εἶχεν
3684 3671 3865 3750 αὐτὸς,

456 3767 730 3828 ducasset
761 3768 999 3846 pascha.
1030 3764 1204 3827 Vides
1230 3765 1674 3845 paupertatem?
1714 3765 1914 3828 Mittit?
1945 3765 2108 3830 Mittit

2220 3759 2323 3817 ἱλλ’
2380 3760 2494 3818 οὐδὲ
2540 3766 2586 3819 οἱ
2618 3765 2850 3839 μαθηταὶ
2894 3764 3053 3819 αὐτοῦ
3086 3778 3100 3792 ⁶
3161 3763 3197 3837 ᾖ
3258 3762 3358 3841 γὰρ
3403 3760 3466 3816 ἂν
3509 3760 3563 3816 ἐν
3618 3760 3733 3822 ἑνὸς
3764 3766 3872 3815 τῶν

456 3874 592 3916 vero
620 3874 724 3917 eos
744 3842 816 3916 ad
850 3855 1153 3916 hominem
1178 3842 1645 3933 incognitummt
1669 3854 1943 3917 ostendat
1961 3856 2108 3935 quod

2212 3854 2460 3925 μαθητῶν
2520 3850 2744 3931 διήγαγε
2804 3853 2865 3908 τὰ
2923 3852 3134 3931 πάσχα.
3204 3842 3358 3929 Ὀρᾷς
3437 3849 3864 3927 ἆκτημοσύνην;

454 3953 667 4025 sponte
689 3945 1021 4023 susceperit
1057 3942 1493 4023 passionem.Si
1529 3945 1686 4005 enim
1716 3944 2106 4026 noluisset,si-

2212 3938 2425 3996 Στέλλει
2471 3939 2524 3995 δὲ
2570 3943 2757 4005 αὐτοὺς
2802 3944 2934 4020 πρὸς
2995 3939 3269 4020 ἄνθρωπον
3314 3942 3393 4015 μὴ
3447 3939 3864 4019 γινωσκόμενον,

456 4043 557 4096 cut
582 4041 841 4095 mentem
857 4034 1205 4115 homini‘qui
1223 4053 1288 4095 se
1307 4032 1607 4095 nesciebat
1621 4034 1809 4107 ,dedit
1826 4042 1889 4094 ut
1909 4053 1973 4098 se
1992 4054 2108 4096 sus-

2211 4028 2295 4085 ἶνα
2350 4028 2516 4111 δείξῃ,
2578 4030 2660 4087 ὅτι
2712 4033 2800 4087 καὶ
2858 4033 2921 4087 τὸ
2976 4032 3143 4092 πάθος
3205 4028 3371 4085 θέλων
3417 4026 3752 4093 κατεδέξατο,
3805 4032 3863 4086 Εἰ

454 4122 792 4203 ciperet.ita
826 4131 1057 4203 poterat
1079 4133 1136 4185 et
1161 4144 1293 4185 cum
1320 4122 1544 4186 Iudaeis
1563 4142 1693 4203 quae
1718 4123 1989 4186 libuisset
2023 4126 2106 4186 fa-

2211 4121 2300 4198 γὰρ
2355 4121 2432 4195 μὴ
2490 4119 2703 4201 ἤθελεν,
2746 4120 2978 4189 ἠδύνατο
3037 4123 3064 4176 ὁ
3108 4120 3207 4187 τὴν
3253 4116 3487 4175 διάνοιαν
3542 4120 3727 4175 τούτου
3768 4123 3863 4173 τοῦ

456 4231 616 4276 cere.
649 4213 901 4284 Quidam
931 4223 1127 4275 autem
1157 4214 1361 4274 dicunt
1393 4212 1549 4293 quod
1577 4222 1819 4293 propter
1862 4215 1971 4275 hoc
1996 4234 2108 4275 non

2207 4209 2473 4288 ἆγνώστου
2531 4211 2804 4291 ἆνθριέιπου
2874 4213 3084 4283 πείσας,
3147 4209 3285 4267 ὥστε
3348 4208 3531 4273 αὐτοὺς
3600 4206 3859 4272 ὑποδέξα-

453 4301 600 4362 dixit
631 4320 849 4362 nomen
882 4301 1991 4377 hominis,uecmanifestaviteum,sed
2026 4303 2105 4364 si-

2206 4303 2339 4376 σθαι,
2401 4299 2499 4357 κᾶν
2542 4314 2658 4366 τοῖς
2703 4299 2977 4365 Ἰουδαίοις
3009 4299 3107 4356 ὅσα
3151 4297 3410 4367 ἠϐούλετο
3461 4297 3858 4378 διαπράξασθαι,

452 4409 567 4467 gno
591 4390 850 4470 quodam
876 4390 1122 4452 deduxit
1152 4410 1255 4451 eos
1287 4391 1359 4451 ad
1388 4391 1630 4451 domum
1664 4389 1847 4471 illius,
1872 4400 2104 4472 propter

2212 4389 2351 4452 Τινὲς
2411 4388 2465 4444 δέ
2518 4412 2669 4471 φασι,
2716 4388 2797 4446 ὅτι
2843 4388 2928 4447 διὰ
2982 4398 3136 4447 τοῦτο
3190 4391 3284 4445 οὒκ
3316 4388 3441 4445 εἶπε
3472 4398 3565 4446 τοῦ
3592 4388 3864 4467 ἀνθρώπου

454 4481 844 4561 proditorem,
871 4489 934 4543 ut
964 4484 1230 4559 ignorato
1263 4480 1508 4542 nomine
1532 4498 1651 4540 non
1684 4480 1966 4560 proderet
1998 4481 2106 4541 do-

2213 4479 2259 4533 τὸ
2315 4478 2502 4555 ὄνομα,
2568 4482 2656 4537 καὶ
2718 4479 3046 4561 ἐφανέρωσεν
3098 4480 3277 4558 αὐτὸν,
3326 4477 3463 4534 ἀλλὰ
3513 4477 3721 4553 σημείῳ
3762 4478 3865 4532 τινὶ

455 4588 613 4631 mum
641 4569 1089 4650 Phariszeis,qui
1109 4570 1411 4631 venissent
1432 4578 1485 4630 et
1511 4570 2107 4649 comprehendissent

2215 4565 2393 4647 ὃδηγετ
2436 4571 2624 4634 αὐτοὺς
2682 4573 2811 4649 πρὸς
2865 4571 2965 4637 τὴν
3026 4570 3194 4627 οἰκίαν
3253 4576 3347 4625 τοό
3430 4567 3727 4646 ἀνθρώπου,
3782 4565 3867 4622 διὰ

452 4658 962 4739 eum,priusquam
986 4678 1215 4721 coenam
1241 4659 1647 4738 perliceret,et
1669 4658 2104 4738 spiritualiasua

2212 4660 2294 4713 τὸν
2346 4658 2610 4738 προδότην
2644 4677 2659 4691 ⁸
2721 4661 2794 4723 ὡς
2852 4658 2916 4715 ἂν
2973 4660 3052 4736 μὴ
3108 4660 3260 4737 γνοὺς
3292 4660 3352 4714 τὸ
3381 4658 3576 4737 ὄνομα,
3608 4674 3864 4732 καταμη-

451 4749 1105 4811 sacramentatraderet
1133 4769 1145 4808 :
1175 4749 1398 4811 idcirco
1423 4748 1577 4810 infra
1603 4748 1879 4811 Christus
1917 4749 2063 4812 dicit
2098 4773 2103 4811 :

2208 4749 2332 4825 νύσῃ
2391 4751 2488 4818 τὴν
2545 4752 2711 4806 οἰκίαν
2753 4762 2873 4814 τοῖς
2929 4750 3263 4829 Φαρισαίοις,
3310 4748 3398 4803 καὶ
3453 4746 3693 4810 ἐλθόντες
3726 4744 3860 4802 συλ-

460 4835 804 4899 «Desiderio
819 4837 1275 4899 desideravihoc
1296 4838 1512 4919 pascha
1537 4837 1901 4900 manducare
1924 4840 2112 4902 vobis.

2205 4834 2441 4894 λάϐωσιν
2471 4838 2651 4912 αὐτὸν,
2716 4839 2834 4913 πρὶν
2894 4837 2931 4906 ἢ
2966 4840 3027 4894 τὸ
3055 4835 3272 4893 δεῖπνον
3316 4835 3533 4912 ἐπιστῇ,
3566 4837 3686 4914 πρὶν
3714 4835 3747 4903 ἢ
3792 4836 3857 4892 τὰ

452 4946 586 4989 cum
609 4935 926 5008 antequam
947 4928 1319 5008 patiar,»hoc
1342 4929 1720 5004 est,0mnem
1747 4947 1992 5008 operam
2017 4932 2104 4992 adt

2204 4928 2535 5003 πνευματικὰ
2591 4929 2854 5007 μυστήρια
2898 4927 3054 4983 αὐτοῦ
3108 4924 3349 5005 παραδῷ.
3405 4923 3496 4981 Διό
3553 4947 3684 5003 φησι
3742 4946 3855 4981 πα-

449 5016 617 5079 hibui
635 5025 699 5077 ut
720 5016 1008 5078 lateamus
1030 5017 1505 5097 proditorem,ne
1525 5025 1662 5077 ante
1683 5025 1914 5098 tempus
1934 5021 2101 5082 susti-

2202 5018 2467 5094 ρακατιὼν
2529 5020 2556 5072 ὁ
2600 5018 2823 5097 Χριστός
2859 5032 2872 5047 ⁸
2926 5037 2959 5075 ι
3004 5014 3283 5093 Ἐπιθυμίᾳ
3334 5015 3641 5091 ἐπεθύμησα
3698 5021 3854 5072 τοῦτο

451 5124 700 5167 neamus
744 5107 1079 5186 passionem
1121 5111 1465 5188 priusquam
1508 5105 1878 5168 traderemus
1914 5127 2103 5172 sacra-

2198 5107 2259 5160 τὸ
2314 5105 2501 5186 πάσχα
2546 5120 2739 5186 φαγεῖν
2798 5108 2900 5183 πρὸ
2957 5116 3050 5165 τοῦ
3101 5126 3169 5181 με
3226 5108 3462 5161 παθεῖν’
3504 5127 3532 5159 n
3589 5104 3849 5178 τουτέστι,

452 5193 1121 5274 menta.Expositionem
1147 5197 1298 5258 hanc
1320 5196 1577 5276 accipiat
1601 5195 1706 5275 qui
1729 5195 1990 5260 volet.Et
2013 5219 2104 5261 cu-

2200 5201 2378 5254 Πᾶσαν
2432 5194 2664 5265 σπουδὴν
2722 5196 2941 5277 ἐθέμην,
3002 5195 3149 5260 ὅπως
3210 5194 3453 5271 λάθωμεν
3507 5196 3599 5252 τὸν
3650 5193 3852 5275 προδό-

444 5283 544 5362 jus
564 5285 748 5362 gratia
771 5287 989 5364 pascha
1006 5286 1293 5347 facit?Per
1316 5285 1517 5347 omnia
1540 5286 1801 5347 ostendit
1818 5289 1972 5366 quod
2002 5309 2096 5351 us-

2199 5308 2320 5360 την,
2379 5289 2468 5343 καὶ
2511 5285 2588 5363 μὴ
2637 5287 2873 5367 πρόωρον
2929 5288 3244 5361 ὑποστῶμεν
3302 5287 3363 5340 τὸ
3421 5283 3609 5358 πάθος,
3654 5286 3772 5363 πρὶν
3816 5283 3851 5351 ἢ

453 5390 569 5451 que
587 5373 660 5433 ad
684 5382 1011 5436 extremum
1034 5375 1361 5436 anhelitum
1382 5394 1499 5436 non
1518 5374 1595 5435 sit
1614 5376 1949 5439 contrarius
1970 5378 2105 5459 legi.

2201 5374 2518 5454 παραδῶμεν
2576 5377 2642 5432 τὰ
2700 5377 2987 5455 μυστήρια.
3050 5375 3283 5441 ’Ἐξεστι
3342 5372 3395 5429 δὲ
3444 5379 3520 5447 τῷ
3547 5372 3853 5450 βουλομένῳ

454 5460 626 5541 Atqui
649 5463 1033 5525 comedamus
1054 5473 1112 5525 et
1136 5483 1242 5526 nos
1256 5465 1368 5527 hoc
1383 5464 1601 5543 pascha
1624 5463 2106 5543 spiritualiter.Et

2200 5465 2585 5546 παραδέχεσθαι
2643 5467 2840 5534 ταύτην
2898 5467 2997 5534 τὴν
3045 5463 3324 5543 ἐξήγησιν.
3381 5463 3530 5525 Τίνος
3589 5461 3643 5518 δὲ
3701 5463 3852 5520 ἕνεκα

450 5550 848 5628 intelligamus
863 5553 991 5613 dies
1007 5556 1369 5633 Azymorum
1388 5571 1651 5628 omnem,
1689 5572 1820 5633 quae
1843 5554 1901 5615 in
1925 5559 2102 5637 spiri-

2196 5557 2253 5613 τὸ
2300 5557 2490 5635 πάσχα
2519 5554 2667 5612 τελεῖ
2707 5573 2724 5631 ;
2786 5558 2884 5612 Διὰ
2927 5557 3139 5614 πάντων
3192 5552 3393 5617 δεικνυς
3452 5552 3580 5633 ἄχρι
3626 5553 3723 5637 τῆς
3755 5575 3848 5610 τε-

452 5637 594 5703 tuali
610 5637 836 5700 lumine
854 5644 1591 5723 est,conversionem,quae
1614 5643 1836 5705 nullam
1855 5634 2104 5710 vetusta-

2190 5634 2451 5710 λευταίαςί
2484 5645 2778 5721 ἀναπνοῆς,
2842 5645 2922 5704 ὅτι
2982 5648 3076 5704 οὒκ
3118 5644 3261 5703 ἔστιν
3306 5644 3539 5708 ὶνανιέτσέ
3564 5634 3649 5717 τῷ
3675 5642 3842 5722 νόμῳ.
