4184 6400
345 314 492 381 1065

1027 317 1468 386 ENABRATIO
1513 319 1595 387 IN
1642 312 2153 384 EVANGELIUM
2195 307 2436 379 LUCE.
2482 328 2562 361 -‘-
2605 310 2770 379 CAP.
2820 310 3012 378 XXII.

3563 310 3720 379 lOOO

331 448 497 509 Ἀλλὰ
542 456 797 534 φάγωμεν
857 463 1011 513 τοῦτο
1068 457 1130 512 τὸ
1185 456 1373 537 πάσχα
1405 463 1610 527 νοητῶς
1657 456 1745 513 γαὶ
1794 456 1955 531 ἡμεῖς

2038 458 2192 513 .tem
2220 449 2428 530 prima;
2449 449 2511 511 in
2531 448 2717 513 Adam
2764 448 3181 512 inobedientiaa
3230 449 3484 514 habeat:
3520 452 3581 513 in
3602 468 3717 533 qua

333 542 418 597 καὶ
465 541 529 610 δὴ
589 544 868 620 νοήσωμεν
922 544 1127 624 ἡμέραν
1183 550 1291 602 τῶν
1338 547 1605 626 Ἀζύμων,
1663 551 1835 602 πᾶσαν
1879 544 1976 611 τὴν

330 629 384 686 ἐν
440 638 516 688 τῶ
559 635 693 712 φωτὶ
778 639 857 708 τῷ
940 642 1281 710 πνευματικῷ
1345 634 1640 716 διαγωγὴν,
1715 630 1977 708 μηδεμίαν

328 718 671 789 παλαιότητα
728 724 827 789 τῆς
885 723 1144 802 προτέρας
1215 724 1269 779 ἐν
1348 733 1425 799 τῷ
1476 725 1648 799 Ἀδὰμ
1702 724 1977 801 παρακοῆς

326 805 560 887 ἔχουσαν
600 829 613 842 ⁸
658 811 712 867 ἐν
849 809 1090 891 διαγωγῇ
1133 810 1287 876 ὄντας
1332 816 1476 889 ἡμᾶς
1516 813 1601 871 δεῖ
1644 819 1749 869 τῶν
1779 831 1981 883 μυστη-

323 897 448 974 ρίων
493 906 585 955 τοῦ
642 898 821 967 Ἰησοῦ
876 906 1235 979 κατατρυφᾷν,
1296 901 1607 977 Ἐτοιμάσεί
1667 904 1756 957 οὖν
1818 901 1982 955 ταῦτα

322 986 385 1041 τὰ
442 991 707 1068 μυστήρια
762 990 957 1068 Πέτρος
1017 992 1105 1045 καὶ
1160 987 1437 1065 Ἰωάννης,
1498 988 1683 1068 πρᾶξις
1727 990 1814 1045 καὶ
1842 991 1981 1044 θεω-

320 1072 426 1149 ρία,
486 1078 749 1154 θερμότης
808 1075 972 1148 ζήλου
1029 1080 1116 1133 καὶ
1167 1080 1404 1157 πραότης
1450 1080 1714 1158 εἰρηνική,
1752 1086 1849 1132 Δεῖ
1880 1075 1980 1154 γὰρ

319 1162 412 1217 τὸν
469 1167 678 1239 πιστὸν,
726 1167 813 1221 καὶ
845 1167 1036 1245 θερμὸν
1082 1166 1224 1222 εἶναι
1268 1170 1387 1235 περὶ
1428 1170 1528 1235 τὴν
1587 1165 1833 1246 ἐργασίαν
1888 1160 1981 1219 τοῦ

319 1250 509 1320 καλοῦ,
569 1256 659 1311 καὶ
714 1252 962 1324 ζηλωτὴν
1018 1256 1155 1311 κατὰ
1206 1261 1308 1322 τῆς
1356 1257 1633 1333 πονηρίας,
1680 1256 1766 1311 καὶ
1810 1256 1977 1327 πραῢν

320 1342 397 1404 εἰς
451 1344 574 1406 τοὺς
632 1343 1091 1422 πονηρευομένους
1125 1360 1138 1375 ⁸
1197 1348 1232 1413 ἡ
1289 1348 1388 1424 γὰρ
1432 1346 1660 1423 πονηρία
1715 1346 1967 1418 μισητέα,

318 1432 420 1510 οὐχ
478 1434 507 1488 6
579 1433 1023 1512 πονηρευόμενος.
1088 1433 1330 1496 Ἐκεῖνος
1402 1435 1503 1513 γὰρ
1572 1430 1918 1510 θεραπευτέος
1949 1446 1964 1460 ⁸

316 1522 524 1601 πάσχει
586 1521 710 1601 γάρ.
774 1523 872 1580 Καὶ
927 1522 1081 1579 τοῦτό
1150 1523 1261 1579 ἐστι
1317 1525 1379 1580 τὸ
1449 1523 1851 1601 πονηρεύεσθαι,
1911 1521 1969 1576 v6

312 1611 455 1687 παρὲυ⁴
513 1619 606 1668 τοῦ
658 1614 899 1689 Πονηροῧ
954 1610 1320 1692 ἐνοχλεῖσθαι,
1398 1613 1487 1669 καὶ
1566 1612 1799 1691 πάσχειν
1868 1611 1967 1675 τὴν

312 1701 596 1778 πονηρίαν.
671 1698 798 1757 Ἐὰν
856 1700 944 1757 οὖν
1012 1700 1208 1780 Πέτρον
1280 1703 1367 1758 καὶ
1427 1700 1681 1767 Ἰωάννην
1750 1698 1967 1779 ἔχωμεν

314 1787 690 1860 ἐτοιμοίζοντας
746 1790 809 1845 τὸ
862 1786 1100 1869 δεῖπνον,
1145 1791 1258 1864 βίον
1300 1789 1443 1867 λέγω
1484 1789 1699 1867 ἀγαθὸν,
1736 1786 1794 1850 ὅς
1854 1786 1964 1843 ἐστι

314 1876 506 1953 Πέτρος
543 1893 556 1907 ⁸
605 1880 690 1933 καὶ
747 1879 985 1954 δόγματα
1054 1878 1254 1952 ἀληθῆ,
1335 1878 1370 1933 ἄ
1422 1878 1564 1935 ἐστιν
1621 1877 1649 1933 6
1698 1875 1964 1953 Θεολόγος

2060 542 2505 604 conversatione
2526 541 2574 603 si
2589 539 3304 621 fuerimus,impinguandi
3323 560 3530 603 sumus
3553 562 3714 624 mys-

2062 630 2230 692 teriis
2248 629 2484 693 Christi.
2517 630 2942 710 Praeparabunt
2964 629 3163 710 itaque
3187 631 3314 691 hanc
3343 640 3715 694 sacramenta

2067 721 2277 781 Petrus
2301 720 2658 801 etJoannes,
2691 718 2877 781 activa
2919 727 2977 779 et
3006 719 3484 799 contemplativa,
3517 721 3714 782 fervor

2064 808 2267 880 zeli,et
2287 808 2678 870 mansuetudo
2700 807 3223 887 paciﬁca.0portet
3245 808 3402 868 enim
3432 808 3637 871 lideles
3654 817 3714 870 et

2065 897 2320 958 fervidos
2348 916 2479 958 esse
2502 897 2721 958 bonum
2756 896 3147 976 operando,et
3176 895 3394 957 zelotas
3423 895 3713 960 adversus

2067 988 2374 1069 malitiam,
2410 998 2467 1049 et
2491 995 2830 1051 mansuetos
2860 1008 2999 1067 erga
3031 989 3183 1051 male
3213 991 3709 1068 operantes.0dio

2062 1076 2220 1137 enim
2255 1077 2524 1139 habenda
2555 1078 2798 1157 malitia,
2831 1097 2950 1138 non
2985 1081 3035 1139 is
3059 1078 3160 1158 qui
3191 1078 3349 1139 male
3373 1078 3515 1156 agit,
3538 1081 3709 1160 cujus

2061 1164 2333 1227 habenda
2354 1182 2443 1228 est
2463 1184 2626 1238 cura,
2653 1166 2923 1227 inﬁrmus
2940 1167 3099 1227 enim
3123 1165 3313 1229 est.Et
3329 1167 3439 1227 hoc
3469 1176 3560 1228 est
3579 1187 3707 1229 mar-

2059 1253 2113 1314 le
2128 1272 2328 1332 agere,
2361 1275 2395 1317 a
2429 1255 2682 1333 maligno
2713 1256 3000 1332 vexari,et
3029 1255 3146 1334 pati
3177 1254 3423 1319 malum.
3453 1254 3621 1328 Quod
3653 1257 3703 1319 si

2057 1342 2446 1405 habuerimus
2497 1348 2734 1406 Petrum
2768 1353 2825 1405 et
2850 1346 3142 1405 Joannem
3190 1345 3549 1405 adornantes
3577 1363 3704 1407 cae»

2054 1434 2395 1507 nam,vitam
2429 1435 2559 1495 dico
2584 1433 2962 1514 bonam,qua3
2986 1441 3076 1493 est
3097 1434 3709 1512 Pctrus,etveradog—

2054 1531 2227 1598 mata,
2257 1542 2385 1604 quae
2411 1532 2549 1585 sunt
2580 1521 2839 1585 Joannes
2895 1522 3228 1598 theologus,
3282 1531 3558 1583 occurret
3587 1523 3706 1585 illis

2054 1611 2548 1693 praaparatoribns
2577 1611 2901 1672 homo:hoc
2920 1620 3176 1692 est,tunc
3202 1611 3573 1673 inveniemus
3589 1612 3703 1674 hu-

2054 1719 2284 1762 manam
2298 1701 2875 1780 conditionem,vere
2888 1700 3205 1761 formatam
3217 1701 3707 1763 secundumima-

2049 1789 2249 1866 ginem
2281 1788 2621 1853 Conditoris
2640 1796 2741 1850 aut
2766 1790 2960 1869 potius
2979 1788 3293 1851 Creatoris.
3309 1806 3404 1849 vas
3423 1807 3589 1868 aqua
3624 1790 3700 1851 ti-

2048 1879 2311 1957 gulinnm
2326 1886 2677 1955 gestantem.
2691 1882 2858 1957 Aqua
2878 1876 3123 1957 quidem
3146 1874 3400 1956 Spiritus
3422 1878 3702 1955 gratia,ut

315 1965 564 2033 Ἰωάννης
598 1984 612 1999 ⁸
669 1968 983 2037 συναντήσει
1025 1980 1146 2031 τοῖς
1189 1969 1444 2031 τοιούτοις
1484 1968 1827 2041 ἐτοιμασταῖς
1865 1963 1955 2021 άν-

2050 1968 2410 2046 evangelista
2439 1966 2697 2028 Joannes
2727 1967 2925 2028 docet.
2957 1964 3295 2044 Figulinum
3330 1976 3526 2026 autem
3573 1985 3695 2041 vas,

309 2056 542 2135 θρωπος,
603 2054 867 2127 τουτέστι,
915 2056 1037 2112 τότε
1108 2057 1397 2134 εὑρήσομεν
1455 2057 1554 2124 τὴν
1632 2053 1961 2134 ἀνθρωπίνην

308 2142 457 2206 ὄντος
517 2146 861 2212 κατάστασιν,
901 2146 998 2213 τὴν
1072 2145 1190 2202 κατ’
1246 2147 1420 2203 εἱκόνα
1476 2143 1960 2222 δημιουργηθεῖσαν

306 2240 399 2290 τοῦ
445 2232 768 2298 πλάσαντος,
832 2235 867 2303 ἢ
936 2233 1141 2311 μᾶλλον
1199 2236 1293 2293 τοῦ
1347 2237 1644 2308 κτίσαντος,
1706 2233 1959 2311 κεράμιον

307 2322 491 2387 ὕδατος
544 2324 925 2400 βαστάζουσαν,
980 2316 1168 2405 ’Ύδωρ
1242 2324 1338 2400 μὲν
1395 2326 1430 2393 ἡ
1488 2331 1581 2381 τοῦ
1652 2324 1958 2398 Πνεύματος

309 2413 491 2492 χάρις,
553 2414 626 2477 ὡς
683 2417 710 2470 6
765 2415 1149 2493 εὐαγγελιστῆς
1206 2413 1460 2482 Ἰωάννης
1490 2411 1744 2470 διδάσκειο
1791 2413 1955 2489 κερά-

302 2524 427 2574 μιον
489 2500 566 2576 δὲ,
629 2504 688 2558 τὸ
731 2503 1011 2583 εὔθρυπτον
1081 2506 1167 2561 καὶ
1222 2504 1355 2582 πρὸς
1409 2500 1689 2581 αυντριϐην
1747 2500 1962 2562 εὔκολον

299 2596 399 2658 τῆς
458 2589 695 2669 καρδίας.
758 2584 814 2652 Ὀ
860 2595 959 2671 γὰρ
1001 2591 1296 2673 δεχόμενος
1339 2594 1505 2673 χάριν
1568 2591 1956 2666 πνευματικὴν,

301 2682 554 2745 ταπεινός
613 2682 721 2738 ἐστι
782 2684 870 2739 καὶ
925 2682 1363 2761 σῦντετριμμένος
1406 2687 1489 2761 ,τῇ
1552 2678 1735 2759 καρδίᾳ
1765 2696 1780 2710 ⁸
1845 2689 1956 2737 Τα-

298 2784 508 2834 πεινοῖς
568 2768 621 2826 δὲ
674 2769 849 2829 δίδωσι
909 2773 1068 2852 χάριν
1159 2773 1367 2850 Κύριος.
1404 2759 1463 2828 Ὀ
1495 2768 1644 2852 εἰδῲς
1687 2767 1743 2825 δὲ
1771 2770 1955 2825 ἑαυτὸν

298 2864 405 2936 γῆν
457 2862 544 2915 καὶ
600 2862 821 2939 σποόὸν,
874 2861 961 2917 καὶ
1018 2860 1191 2938 λέγων
1246 2861 1381 2935 μετὰ
1439 2865 1532 2915 τοῦ
1589 2847 1728 2930 Ἰὼϐ,
1798 2880 1821 2914 ι
1858 2857 1955 2915 Ἐκ

300 2953 405 3025 γῆς
448 2946 504 3004 δέ
548 2970 615 3023 με
657 2948 916 3020 ἔπλασας,
955 2974 981 3004 ι
1031 2949 1235 3014 ἐκεῖνος
1263 2949 1515 3025 βαστάσει
1544 2947 1645 3015 τὴν
1672 2957 1765 3006 τοῦ
1792 2947 1953 3003 Πνεύ·

298 3058 464 3112 ματος
510 3037 671 3117 χάριν
734 3037 788 3094 ἐν
841 3045 918 3113 τῷ
980 3039 1346 3112 εὖκατανύκτῳ
1405 3038 1493 3094 καὶ
1564 3034 1767 3109 εὐκόλῳ
1820 3037 1950 3114 πρὸς

295 3123 575 3204 συντριϐην
634 3126 830 3205 ἀγγείῳ
897 3133 995 3194 τῆς
1054 3123 1267 3204 καρδίας
1328 3128 1503 3184 αὐτοῦ.
1569 3124 1949 3182 Ἀκολουθοῦν-

294 3235 378 3278 τες
434 3213 489 3272 δὲ
546 3222 613 3293 τῇ
661 3216 882 3294 τοιαύτῃ
969 3216 1314 3291 καταστάσει,
1377 3214 1665 3295 ἀφιξόμεθα
1722 3215 1797 3277 εἷς
1849 3215 1949 3281 τὴν

292 3307 384 3361 τοῦ
438 3313 528 3362 νοῦ
556 3308 746 3385 οἰκίαν,
780 3306 848 3373 ἧς
879 3308 906 3362 6
964 3303 1341 3372 οἰκοδεσπότης
1395 3312 1514 3369 νοῦς
1543 3304 1780 3382 ἆνώγεον
1811 3305 1945 3378 ἡμῖν

2042 2056 2328 2137 cor,quod
2365 2056 2532 2118 facile
2550 2054 3006 2135 confringintur;
3029 2073 3163 2115 nam
3208 2054 3695 2134 quispiritualem

2042 2147 2287 2225 gratiam
2310 2145 2546 2224 accipit,
2582 2144 2825 2205 humilis
2855 2154 2944 2205 est
2963 2153 3022 2205 et
3046 2143 3336 2204 contritus
3358 2143 3695 2206 cordoliu-

2045 2235 2282 2296 milibus
2332 2237 2488 2299 enim
2543 2235 2642 2293 ilat
2698 2233 2985 2294 Dominus
3052 2232 3323 2311 gratiam.
3359 2230 3468 2303 Qui
3498 2242 3695 2295 autem

2043 2326 2156 2384 scit
2185 2331 2447 2404 seipsum
2476 2343 2607 2385 esse
2631 2332 2851 2384 terram
2902 2332 2960 2384 et
3002 2324 3359 2400 cinerem,et
3390 2321 3530 2383 dicit
3558 2341 3691 2382 cum

2042 2413 2179 2487 Job,
2193 2413 2311 2475 «De
2333 2422 2492 2474 terra
2513 2412 2908 2473 mel‘ormasti:
2923 2411 3057 2472 nille
3082 2419 3271 2489 portat
3294 2410 3543 2488 gratiam
3563 2408 3699 2488 Spi-

2046 2502 2197 2564 ritus
2230 2504 2289 2563 in
2322 2520 2456 2563 vase
2476 2500 2675 2562 cordis
2694 2500 2810 2568 sui.
2832 2499 2990 2581 quod
3009 2498 3180 2560 facile
3203 2500 3617 2578 compungitur
3638 2509 3696 2559 et

2044 2590 2467 2653 conteritur.Et
2484 2610 2618 2653 cum
2644 2590 2901 2651 assecuti
2930 2589 3216 2650 fuerimus
3236 2588 3386 2649 hanc
3405 2589 3693 2649 conditio—

2042 2681 2292 2755 tionem,
2324 2680 2607 2742 abeamus
2628 2679 2687 2739 in
2709 2679 2950 2740 domum
2973 2677 3394 2756 mentis,cujus
3425 2678 3690 2757 paterfa-

2042 2768 2235 2831 milias
2263 2767 2814 2842 mens,monstrabit
2841 2766 3015 2828 nobis
3042 2766 3412 2827 cmuaculum
3437 2776 3689 2827 stratum

2040 2876 2338 2937 magnum.
2369 2857 2746 2921 Cmnacnlum
2772 2865 2966 2917 autem
2995 2853 3369 2917 estsublimis
3393 2848 3692 2935 ejusmodi

2036 2947 2252 3007 mentis
2269 2946 2949 3028 capacitas,divinorum,
2977 2945 3395 3024 inquam,467
3422 2952 3481 3004 et
3503 2944 3687 3024 spiri-

2038 3037 2372 3111 tualium,in
2393 3036 2608 3116 quibus
2635 3034 2877 3108 habitat,
2908 3042 2965 3094 et
2987 3034 3045 3092 in
3070 3032 3285 3112 quibus
3307 3031 3501 3093 amice
3525 3034 3686 3094 exci-

2036 3125 2211 3203 pitur.
2246 3123 2437 3187 Strata
2453 3134 2652 3185 autem
2676 3131 2812 3183 sunt
2846 3123 3004 3184 hinc:
3033 3120 3180 3182 nihil
3202 3121 3360 3181 enim
3387 3122 3447 3181 in
3474 3121 3560 3183 eis
3584 3141 3684 3184 as-

2033 3230 2264 3295 perum,
2305 3214 2410 3276 sed
2441 3222 2499 3275 et
2527 3231 2738 3294 aspera
2784 3212 2847 3272 in
2905 3210 3079 3291 plana
3123 3218 3549 3271 convertuntur
3585 3214 3684 3275 tali

2032 3304 2398 3368 mentizsicut
2423 3312 2481 3364 et
2500 3303 2778 3366 Salomon
2801 3297 3231 3373 dixit,¢0mnia
3256 3298 3428 3379 plana
3450 3298 3681 3362 intelli-

289 3394 621 3470 ἐστρωμένον
676 3394 930 3461 ὓποδείξει
991 3394 1157 3473 μέγα,
1204 3395 1467 3474 Ἀνώγεον
1519 3393 1616 3469 μὲν
1669 3395 1705 3462 ἡ
1760 3391 1949 3468 ὑψηλή

2038 3394 2326 3472 gentibus,
2362 3401 2419 3454 et
2453 3399 2615 3454 recta
2632 3388 3071 3452 invenientibus
3100 3387 3548 3449 scientiam.»[d
3574 3407 3680 3450 au-

289 3490 384 3540 τοῦ
412 3485 651 3541 τοιούτου
692 3492 783 3541 νοῦ
827 3486 1093 3563 χώρησις,
1129 3486 1193 3541 τὰ
1220 3487 1366 3556 θεῖα,
1418 3484 1581 3564 φημὶ,
1638 3483 1726 3538 καὶ
1780 3483 1947 3548 νοητὰ

290 3574 381 3637 οἷς
463 3573 794 3651 ἔγκατοικεῖ,
851 3575 940 3630 καὶ
997 3575 1088 3637 οἷς
1146 3572 1539 3653 ἐμφιλοχωρεῖ.
1604 3570 1945 3651 Ἐστρωμένα

289 3662 343 3717 δὲ
402 3664 569 3717 ταῦτα
606 3664 735 3719 εἰσιν
761 3682 774 3696 ·
827 3661 974 3721 οὐδὲν
1025 3664 1126 3743 γὰρ
1185 3667 1366 3726 αὐτοῖς
1424 3660 1620 3739 τραγὺ,
1672 3659 1809 3717 ἀλλὰ
1856 3664 1944 3717 καὶ

288 3751 355 3806 τὰ
396 3749 587 3807 σκολιὰ
636 3753 709 3817 εἰς
766 3753 979 3808 εὐθεῖαν
1016 3753 1249 3830 γίνονται
1300 3751 1631 3826 τῷτοιούτῳ
1661 3751 1764 3830 νοὶ,
1808 3751 1944 3807 καθὰ

287 3844 375 3899 καὶ
432 3841 690 3919 Σολομὼν
746 3843 870 3901 εἶπε
900 3862 916 3880 ο
984 3865 1007 3899 ε
1078 3845 1257 3901 Πάντα
1309 3844 1457 3904 εὐθέα
1512 3855 1628 3906 τοῖς
1685 3849 1936 3904 συνιοῦσι.

286 3933 375 3989 καὶ
435 3933 560 4012 ὀρθὰ
615 3946 733 3996 τοῖς
795 3934 1087 4013 εὑρίσκουσι
1123 3935 1340 4013 γνῶσιν.
1380 3957 1408 3989 »
1450 3937 1559 3992 Οὔκ
1587 3931 1651 3989 ἂν
1679 3930 1734 3988 δὲ
1763 3933 1941 4011 ἁμάρ-

284 4042 398 4087 τοις
430 4024 518 4079 καὶ
570 4030 726 4080 τοῦτο
781 4023 967 4099 εἰπὼν,
1032 4022 1112 4080 ὅτι
1168 4029 1231 4081 ’0
1291 4028 1432 4095 εοῦς,
1489 4022 1534 4077 εὶ
1589 4022 1676 4076 καὶ
1731 4019 1941 4095 ὑψηλὸν

284 4118 506 4191 πρᾶγμα
560 4122 733 4191 ποιεῖ,
792 4112 937 4199 κατὰ
988 4112 1088 4181 τὴν
1140 4119 1241 4170 τοῦ
1292 4121 1384 4171 νοῦ
1412 4110 1679 4191 ἐνέργειαν
1715 4108 1934 4191 διάγων,

285 4197 404 4255 ἄλλ’
459 4199 551 4256 οὗν
607 4197 863 4281 ἴστρωται
922 4204 1065 4275 αὖτῷ
1121 4203 1157 4270 ἡ
1200 4207 1395 4279 γνῶσις
1454 4199 1555 4276 ἔτι,
1596 4200 1686 4256 καὶ
1712 4202 1936 4278 χθαμα-

285 4287 531 4369 λωτέρως
587 4288 708 4369 ἔχει
764 4289 984 4366 ’Υψηλὴ
1041 4288 1096 4346 δὲ
1153 4297 1231 4365 τῷ
1298 4289 1407 4347 ὄντι
1462 4291 1497 4358 ἡ
1575 4295 1795 4368 γνῶσις,
1849 4300 1936 4353 καὶ

285 4377 415 4449 ὑπὲρ
457 4383 561 4435 πᾶν
608 4378 742 4454 ὕψος
794 4380 830 4447 ἡ
889 4381 1021 4460 ὑπὲρ
1077 4389 1196 4438 νοῦν
1254 4378 1511 4458 ἂγνωσία,
1562 4377 1650 4434 ὅτε
1680 4380 1776 4435 οὒκ
1801 4376 1877 4433 ’ἑτι
1907 4380 1935 4434 6

286 4473 406 4532 νοῦς
462 4467 693 4549 ἐνεργεῖ,
753 4467 870 4525 ἀλλ’
925 4469 1242 4549 ἐνεργεῖται.
1292 4478 1388 4525 Δεῖ
1417 4465 1472 4525 δὲ
1501 4468 1755 4547 πρότερον
1793 4468 1935 4544 ἡμᾶς

279 4563 359 4632 τῷ
388 4561 475 4614 νοί
534 4558 692 4633 ἡμῶν
749 4557 1009 4637 ἐνεργεῖν,
1056 4557 1165 4615 εἶθ’
1218 4557 1384 4623 οὕτως
1434 4556 1824 4637 ἐνεργησόμεθα
1866 4563 1935 4633 τῇ

279 4652 375 4705 τοῦ
431 4647 623 4726 Κυρίου
679 4644 884 4727 χάριτι,
972 4645 1336 4725 λαμϐάνοντες
1409 4649 1552 4724 ἡμᾶς
1618 4645 1797 4725 ὥσπερ
1846 4648 1935 4703 καὶ

2031 3492 2145 3543 tem
2179 3480 2589 3563 peccatoribus
2614 3499 2731 3540 non
2768 3478 2935 3540 dixit:
2971 3476 3110 3556 quia
3134 3495 3326 3550 mens,
3361 3477 3499 3538 licet
3530 3497 3681 3557 opus

2029 3573 2328 3634 excellens
2346 3570 2518 3630 faciat
2530 3569 2699 3649 juxta
2721 3586 2889 3629 suam
2926 3566 3248 3626 efﬁcaciam
3273 3584 3475 3644 agens,
3497 3578 3678 3631 strata

2028 3668 2224 3722 tamen
2255 3662 2385 3741 ejus
2418 3659 2671 3720 scientia
2699 3664 2880 3731 est,et
2908 3654 3105 3716 adhuc
3136 3655 3453 3716 humiliora
3474 3655 3678 3721 habet.

2024 3748 2310 3813 Sublimis
2340 3759 2536 3811 autem
2584 3765 2791 3809 revera
2835 3744 3108 3818 scientia,
3144 3751 3203 3805 et
3232 3763 3411 3824 super
3431 3764 3672 3807 omnem

2024 3837 2479 3907 sublimitatem.
2534 3837 2828 3915 ignoratio
2871 3843 3423 3913 est.quaameutem
3475 3844 3671 3896 trans-

2022 3925 2487 4007 cendit,quando
2510 3943 2626 3986 non
2642 3920 2769 4003 jam
2802 3940 2971 3983 mens
3001 3928 3303 4002 operatur,
3324 3923 3427 3984 sed
3462 3941 3674 4004 Opera-

2023 4018 2243 4079 tionem
2275 4016 2454 4077 sentit
2477 4034 2547 4076 ac
2582 4014 2818 4094 patitur.
2864 4011 3110 4091 Oportet
3141 4018 3339 4071 autem
3374 4030 3483 4072 nos
3513 4013 3676 4092 prius

2024 4116 2221 4168 mente
2266 4115 2466 4166 nostra
2497 4102 2827 4184 Operari,et
2869 4100 3087 4161 deinde
3119 4100 3320 4178 gratiae
3355 4102 3676 4164 Dominicm

2019 4197 2078 4256 in
2107 4194 2279 4256 nobis
2295 4192 2701 4274 operationem
2725 4189 3217 4268 sentiemus,quaa
3239 4208 3344 4249 nos
3363 4191 3673 4273 suscipiet,

2018 4284 2171 4345 sicut
2202 4285 2607 4364 prophetas,et
2641 4298 2744 4342 eos
2774 4279 2873 4359 qui
2904 4295 3217 4340 excessum
3261 4279 3582 4357 patiuntur,
3617 4290 3677 4342 et

2019 4374 2180 4435 omni
2206 4372 2455 4434 naturali
2482 4370 2822 4451 Operatione
2844 4368 3506 4449 destituutur.l)enique
3527 4368 3675 4429 dici-

2021 4475 2115 4524 tur
2138 4462 2473 4541 Assumptio
2488 4458 2726 4524 Domini
2756 4458 2817 4518 in
2847 4457 3133 4537 propheta
3153 4455 3498 4533 hujusmodi
3514 4458 3670 4523 ﬁeri.

2018 4555 2182 4617 Sicut
2212 4554 2388 4632 igitur
2419 4551 2565 4611 etin
2623 4549 2734 4608 hoc
2794 4544 3163 4606 cmnaculum
3213 4552 3466 4606 stratum
3514 4548 3676 4609 venit

2014 4646 2187 4705 Jesus
2210 4661 2340 4704 cum
2374 4637 2679 4718 discipulis
2704 4635 2851 4710 suis,
2885 4643 2943 4694 et
2977 4637 3255 4714 mysteria
3283 4636 3510 4710 perlicit
3538 4655 3552 4698 :
3594 4637 3674 4697 ita

278 4738 403 4801 τοὺς
458 4723 770 4818 προφήτας,
798 4739 887 4794 καὶ
941 4723 1246 4803 ἐξιστῶντες
1297 4738 1477 4804 πάσης
1527 4740 1753 4818 φυσικῆς
1772 4723 1931 4816 ἐνερ-

2038 4733 2177 4794 venit
2207 4731 2279 4792 ad
2304 4749 2433 4809 nos,
2463 4736 2521 4789 et
2545 4745 2711 4788 suam
2746 4723 3008 4786 ostendit
3040 4723 3383 4795 efﬁcaciam,
3411 4726 3514 4785 sed
3552 4724 3672 4787 non

278 4827 449 4906 γείας,
502 4810 751 4903 Ἀμέλει
798 4825 1011 4924 λέγεται
1062 4826 1257 4904 λῆμμα
1316 4827 1499 4907 Κυρίου
1540 4810 1608 4885 ’ἐν
1662 4825 1796 4900 τῷδε
1852 4810 1930 4901 τῷ

2038 4829 2287 4902 :xpectat
2315 4829 2382 4881 ut
2412 4837 2519 4879 nos
2542 4814 2847 4877 veniamus
2869 4814 2939 4874 ad
2968 4832 3129 4876 eum.
3147 4814 3441 4895 Discipuli
3470 4825 3668 4924 autem

277 4905 532 4996 προφήτῃ
587 4915 852 4994 γενέσθαι.
916 4905 1134 4994 ’Ὠσπερ
1190 4917 1281 4974 οὖν
1333 4905 1596 4973 κάνταῦθα
1637 4918 1732 4972 τοῦ
1785 4916 1928 4974 ἀνω-

281 5004 407 5082 γέου
462 5004 650 5061 τούτου
710 5005 1066 5084 ἐστρωμένου,
1126 5005 1342 5087 ἔρχεται
1410 5008 1438 5062 6
1517 5002 1744 5073 ’Ἰησοῦς
1795 5007 1931 5081 μετὰ

279 5098 388 5150 τῶν
440 5095 691 5169 μαθητῶν
751 5095 931 5169 αὐτοῦ,
1000 5096 1089 5152 καὶ
1130 5094 1281 5152 τελεῖ
1321 5096 1388 5152 τὰ
1444 5096 1730 5172 μυστήρια,
1777 5093 1936 5175 ἐρχό-

281 5201 442 5259 μενος
475 5180 635 5245 αὒτὸς
690 5184 823 5263 πρὸς
878 5185 1047 5259 ἡμᾶς,
1094 5186 1184 5242 καὶ
1230 5185 1330 5251 τὴν
1360 5185 1554 5242 οἰκείαν
1584 5188 1741 5243 αὐτοῦ
1783 5184 1933 5263 ἐνέρ-

281 5271 433 5351 γείαν
460 5272 731 5352 ἐμφαίνων
754 5274 916 5348 ἡμῖν,
948 5272 1071 5331 ἀλλ’
1116 5274 1211 5332 οὒκ
1255 5273 1531 5331 ἀναμένων
1573 5275 1717 5347 ἡμᾶς
1765 5273 1936 5331 ἐλθεῖν

281 5363 413 5441 πρὸς
436 5363 605 5421 αὒτὸν
625 5359 728 5424 ἔτι.
762 5365 1005 5431 Μαθηταὶ
1028 5363 1083 5421 δὲ
1111 5371 1205 5422 τοῦ
1233 5371 1366 5422 Θεοῦ
1399 5364 1594 5442 Λόγου,
1654 5363 1849 5428 πάντες
1910 5368 1959 5423 οἱ

2012 4900 2662 4975 γε’ῐὺὶῡείειιηιοιηηεε
2673 4921 2982 4966 sermones
2993 4922 3192 4966 rerum
3205 4900 3673 4982 gestarumTunc

2013 5003 2190 5081 igitur
2237 5018 2369 5061 cum
2412 4996 2755 5077 operabitur
2784 4993 2845 5054 in
2892 4994 3065 5055 nobis
3105 4991 3392 5068 Verbum,
3427 4990 3671 5055 Pascha:

2017 5089 2415 5169 intelligemus
2465 5084 2979 5166 participationem
3014 5085 3144 5145 :vel
3179 5084 3372 5165 potius
3429 5083 3673 5145 erudie-

2020 5198 2154 5243 mur
2176 5184 2236 5240 iu
2268 5176 2647 5239 sermonibus
2697 5192 2901 5235 rerum
2952 5173 3235 5238 factarum
3288 5174 3454 5253 juxta
3497 5173 3671 5249 illud,

2025 5268 2253 5331 Videbo
2275 5271 2459 5329 caelos
2481 5283 2662 5347 opera
2691 5263 3011 5342 digitorum
3046 5274 3345 5327 tuorum.)

2017 5361 2168 5440 λόγοι
2219 5366 2323 5416 τῶν
2369 5358 2692 5436 γεγονότων.
2743 5355 2872 5413 Τότε
2903 5361 2991 5410 οὖν
3023 5354 3148 5411 ὅταν
3176 5358 3368 5433 ἐνεργῇ
3396 5354 3450 5410 ἐν
3479 5352 3617 5428 ἡμῖν
3647 5354 3675 5412 6

284 5451 479 5531 Λόγος,
511 5452 623 5521 τὴν
642 5460 739 5509 τοῦ
765 5452 969 5534 Πάσχα
995 5453 1303 5531 μετάληψιν
1333 5455 1657 5531 συνήσομεν,
1689 5452 1897 5530 μᾶλλον
1925 5452 1982 5510 δὲ
2009 5449 2493 5523 συνετιμσθητὸμεθα
2522 5448 2614 5503 καὶ
2655 5447 2778 5509 τοὺς
2816 5443 3006 5522 λόγους
3053 5446 3155 5501 τῶν
3183 5448 3507 5523 γεγονότων,
3542 5444 3675 5503 κατὰ

282 5541 368 5617 τδ,
405 5560 432 5597 ε
465 5538 732 5619 ’Ὅψομαι
761 5543 883 5607 τοὺς
914 5543 1187 5625 οὐρανοὺς,
1221 5542 1349 5623 ἔργα
1379 5550 1485 5601 τῶν
1517 5542 1796 5602 δακτύλων
1823 5564 1943 5602 σου.
1979 5566 2006 5602 ι

596 5702 872 5775 Parim.
916 5704 1032 5768 Gn.
1076 5704 1350 5772 CXXIII.

3252 5682 3358 5762 34‘.
