4184 6446
518 304 540 375 1
552 308 667 378 067

594 449 783 515 VERS.
811 449 1027 513 14-20.
1066 474 1093 505 α
1130 451 1201 509 Et
1229 467 1360 510 cum
1384 449 1505 526 jam
1531 455 1690 510 esset
1719 448 2160 528 tempestivum,
2188 455 2224 503 Α

511 539 885 616 accubuit,ac
910 538 1227 600 duodecim
1252 538 1498 618 apostoli
1522 557 1654 599 cum
1689 537 1861 599 eo.Et
1891 539 1972 599 ait
2005 538 2120 598 illis
2157 559 2168 600 :

1421 315 2016 378 THEOPHYLACTI
2059 312 2472 377 BULGARI/E
2497 313 2854 380 ARCHIEP.

3750 325 3774 381 l
3787 319 3905 384 068

2336 449 2796 506 ((Κπὶῗνέέκ
2956 453 3061 474 (”
3219 454 3293 485 ’³
3470 454 3813 488 ··“’“’“

2567 481 2645 504 λιι
2693 474 2902 528 εγενετο
2947 479 2981 522 η
3027 476 3162 533 ωρα,
3207 477 3429 511 ανιπεσε
3518 479 3602 512 και
3634 475 3680 510 0‘.
3711 475 3906 512 οωοεκα

2256 537 2547 594 ἀπόστολοι
2580 542 2671 596 σὺν
2716 545 2884 616 αὐτῷ,
2949 544 3045 600 Καὶ
3105 544 3230 600 εἶπε
3287 546 3416 623 πρὸς
3477 547 3685 608 αὐτούς·
3747 543 3905 601 Ἐπι-

509 628 818 691 Desiderio
871 628 1204 691 desideravi
1254 629 1366 688 hoc
1398 629 1613 706 pascha
1644 628 1961 689 comedere
1995 627 2107 687 vob

2253 629 2408 701 θυμία
2452 628 2757 704 ἐπεθύμησα
2801 641 2953 690 τοῦτο
2997 635 3058 689 τὸ
3124 634 3314 712 πσίσχα
3361 647 3554 713 φαγεῖν
3599 635 3714 708 μεθ’
3758 635 3903 709 ὑμῶν

511 737 674 782 scum
708 728 1025 800 antequam
1077 719 1285 799 patiar.
1337 719 1478 779 Dico
1515 718 1673 779 enim
1705 718 1890 799 vobis,
1927 720 2113 798 posth:

2250 720 2350 789 πρὸ
2407 729 2500 777 τοῦ
2559 740 2625 794 με
2683 724 2895 780 παθεῖν.
2959 722 3112 799 Λέγω
3167 724 3266 801 γὰρ
3335 725 3486 798 ὑμῖν,
3562 722 3640 779 ὅτι
3693 727 3786 781 οὒκ
3829 722 3904 778 ’ἐτι

508 827 625 870 non
659 811 829 872 edam
866 811 1024 871 ultra
1057 829 1123 870 ex
1152 809 1458 882 eo,douec
1481 808 1856 886 compleatur
1887 809 1943 868 in
1978 827 2161 884 regno

505 897 633 962 Dei.
660 900 730 961 Et
761 908 1007 980 accepto
1041 899 1254 980 poculo
1283 898 1501 976 gratias
1553 898 1693 975 egit,
1728 916 1794 958 ac
1824 897 2008 958 dixit:
2041 899 2160 958 Ac-

503 989 684 1070 cipite
715 991 845 1065 hoc,
873 989 1192 1051 etdividite
1227 988 1380 1048 inter
1431 1005 1553 1049 vos.
1582 987 1720 1047 Dico
1757 987 1914 1047 enim
1971 985 2156 1061 vobis,

2249 811 2307 865 οῦ
2362 809 2437 882 μὴ
2497 809 2651 886 φάγω
2707 808 2758 874 ἐξ
2808 813 2988 882 αὐτοῦ,
3050 811 3149 876 ἕως
3223 811 3345 868 ὅτου
3403 811 3661 891 πληρωθῇ
3721 813 3774 868 ἐν
3836 819 3903 886 τῇ

2243 897 2485 973 βασιλείᾳ
2530 907 2620 954 τοῦ
2666 907 2818 962 Θεοῦ,
2872 903 2967 958 Καὶ
3013 899 3290 976 δεξάμενος
3350 904 3628 981 ποτήριον,
3678 906 3891 982 εὐχαρι-

2244 989 2444 1056 στήσας
2475 988 2599 1044 εἷπε
2630 1007 2647 1024 ⁸
2691 986 2889 1046 Λάϐετε
2948 999 3123 1070 τοῦτο,
3159 993 3245 1047 καὶ
3295 989 3629 1065 διαμερίσατε
3662 992 3895 1053 ἑαυτοῖς.

501 1082 656 1161 quod
684 1100 800 1142 non
830 1080 1032 1141 bibam
1063 1080 1138 1139 de
1165 1079 1359 1139 fructu
1381 1076 1540 1146 vitis,
1566 1076 1756 1136 donec
1777 1093 2022 1152 regnum
2056 1073 2113 1135 Ι)‹

2245 1077 2398 1155 Λέγω
2454 1079 2554 1155 γὰρ
2599 1079 2748 1156 ὑμῖν,
2798 1077 2878 1134 ὅτι
2923 1085 2982 1138 οῦ
3027 1081 3103 1154 μή
3148 1081 3254 1136 πίω
3298 1080 3400 1136 ἀπὸ
3442 1083 3534 1136 τοῦ
3565 1082 3896 1153 γεννήματος

505 1169 727 1231 veniat.
760 1168 832 1230 Ει
852 1178 1094 1246 accepto
1132 1185 1304 1247 pane,
1341 1185 1475 1225 cum
1507 1166 1728 1242 gratias
1759 1165 1998 1242 egisset,
2032 1164 2155 1224 fre-

500 1259 601 1334 git,
658 1277 725 1320 ac
776 1259 941 1320 dedit
973 1259 1080 1332 eis,
1116 1257 1323 1316 dicens
1363 1276 1375 1313 :
1409 1254 1533 1314 Hoc
1565 1263 1655 1313 est
1684 1273 1899 1331 corpus
1932 1272 2152 1330 meum,

499 1349 658 1427 quod
695 1367 798 1427 pro
830 1348 993 1408 vobis
1023 1348 1213 1406 datur.
1248 1343 1378 1405 Hoc
1409 1344 1580 1404 facite
1610 1343 1670 1403 in
1706 1344 1819 1402 mei
1871 1344 2153 1404 recorda—

501 1437 748 1498 tionem.
787 1435 1070 1498 Similiter
1102 1444 1158 1495 et
1199 1434 1473 1514 poculum
1530 1441 1834 1511 postquam
1871 1433 2144 1494 coenavit.

495 1525 726 1588 dicens:
760 1527 882 1590 Hoc
912 1525 1185 1606 poculum
1220 1542 1431 1583 novum
1465 1521 1902 1582 Testamentum
1937 1521 1992 1580 in
2017 1539 2150 1582 san-

494 1617 672 1694 guine
726 1636 879 1689 meo,
916 1615 1017 1694 qui
1075 1632 1179 1694 pro
1237 1612 1401 1673 vobis
1459 1611 1818 1671 elfundetur.
1856 1630 1884 1669 ι
1922 1608 2144 1670 Pascha

2275 1172 2299 1181 ε·
2377 1167 2389 1186 ν
2500 1168 2507 1178 ’
2684 1166 2707 1186 υ
2837 1166 2861 1186 η
2993 1171 3003 1192 ι
3247 1172 3256 1192 ρ
3396 1175 3412 1184 -·
3557 1177 3573 1185 υ
3612 1170 3631 1187 ’θ

2239 1189 2338 1233 της
2367 1165 2632 1247 αμπελου,
2685 1189 2784 1230 εως
2834 1189 2956 1228 οτου
2983 1193 3016 1236 η
3050 1168 3292 1244 βασιλεια
3324 1192 3417 1226 του
3449 1177 3579 1226 Θεου
3610 1167 3759 1245 ελθῃ.
3798 1171 3898 1226 Καὶ

2239 1253 2413 1311 λαϐὼν
2460 1253 2636 1332 ἄρτον,
2690 1257 3082 1336 εὐχαριστήσας
3134 1257 3346 1329 ἕκλασε,
3395 1261 3482 1314 καὶ
3547 1256 3736 1313 ἔδωκεν
3793 1259 3893 1312 αῦ-

2236 1359 2378 1417 τοϊς,
2439 1344 2609 1423 λέγων
2645 1361 2658 1375 ⁸
2695 1347 2856 1402 Τοῦτό
2894 1346 3004 1403 ἐστι
3043 1349 3101 1403 τὸ
3143 1349 3298 1422 σῶμά
3331 1369 3453 1422 μου,
3500 1350 3561 1403 τὸ
3584 1348 3713 1426 ὑπὲρ
3742 1349 3890 1421 ὑμῶν

2235 1433 2528 1509 διδόμενον,
2584 1441 2738 1490 τοῦτο
2799 1450 3005 1492 ποιεῖτε
3081 1437 3152 1499 εἷς
3210 1438 3310 1503 τὴν
3368 1437 3501 1512 ἐμὴν
3563 1437 3882 1511 ἀνάμνησινο

2229 1525 2484 1587 ὡσαύτως
2528 1526 2616 1580 καὶ
2658 1526 2718 1580 τὸ
2763 1527 3019 1603 ποτήριον
3068 1527 3204 1600 μετὰ
3235 1529 3296 1581 τὸ
3329 1524 3637 1596 δειπνῆσαι,
3685 1523 3881 1603 λέγων’

2229 1624 2392 1671 Τουτο
2451 1616 2512 1669 τὸ
2557 1615 2811 1692 ποτήριον
2870 1616 2903 1681 ἡ
2967 1616 3134 1682 Καινὴ
3187 1617 3426 1685 Διαθήκη
3479 1615 3532 1670 ἐν
3575 1622 3650 1690 τῷ
3695 1609 3885 1684 α’ίματί

494 1715 719 1768 stantes
753 1704 1171 1781 comedebant,
1209 1701 1509 1782 quomodo
1544 1700 1718 1778 igitur
1749 1698 2034 1760 Dominus
2056 1719 2113 1760 re

2201 1725 2352 1780 ιμου,
2413 1705 2474 1760 τὸ
2517 1702 2646 1779 ὑπὲρ
2677 1705 2826 1774 ὑμῶν
2876 1703 3254 1782 ἐκχυνόμενον.
3295 1728 3323 1758 »
3387 1707 3458 1762 Τὸ
3490 1707 3683 1784 Πάσχα
3725 1706 3880 1760 ἱστά-

493 1795 779 1857 cumbere
818 1792 1064 1856 dicitur?
1114 1792 1326 1853 Dicunt
1369 1792 1564 1869 itaque
1615 1788 1769 1866 quod
1834 1798 2113 1868 postquam

2229 1815 2374 1868 μενοι
2433 1792 2638 1859 ἤσθιον·
2689 1797 2800 1854 πῶς
2859 1792 2947 1848 οὖν
2991 1795 3018 1848 ὁ
3069 1795 3253 1872 Κύριος
3303 1793 3593 1850 ἀναπεσεῖν
3641 1793 3878 1872 λέγεται,

491 1887 746 1946 comec‘it
773 1883 963 1963 legale
1008 1884 1245 1963 pascha,
1286 1879 1704 1963 recubuerunt
1724 1896 1888 1938 more
1921 1879 2140 1956 vulgari

491 1945 876 2036 comedenteus
920 1945 1067 2033 alies
1097 1945 1381 2050 quosdam
1436 1968 1619 2030 cibos.
1657 1945 1806 2028 Dicit
1840 1974 2032 2026 autem
2065 1970 2134 2028 ad

486 2064 814 2141 discipulos
845 2085 856 2125 :
894 2061 1203 2124 Desiderio
1237 2060 1566 2120 desideravi
1603 2060 1714 2118 hoc
1744 2059 1958 2136 pascha
1977 2077 2136 2118 man-

484 2152 703 2216 ducare
738 2151 1417 2231 vobiscum,priusquam
1452 2148 1658 2228 patiar;
1685 2147 1852 2227 quasi
1886 2148 2130 2208 diceret:

481 2240 618 2303 Haec
643 2253 906 2304 extrema
938 2259 1106 2302 coma
1139 2258 1272 2300 mea
1316 2247 1406 2298 est
1446 2237 1771 2310 vobiscum,
1820 2237 2042 2297 idcirco
2076 2247 2131 2299 et

483 2341 648 2410 grata
678 2343 737 2394 et
773 2330 1136 2404 desirabilis;
1169 2347 1302 2388 nam
1339 2327 1490 2386 ultra
1519 2326 1822 2386 vobiscum
1853 2346 1968 2386 non
1997 2346 2125 2388 sum

479 2422 889 2482 convivaturus
919 2443 931 2483 :
967 2421 1116 2481 sicut
1145 2427 1200 2477 et
1234 2435 1477 2496 peregre
1511 2416 1832 2493 profecturi
1881 2422 2120 2492 postre-

477 2528 573 2569 ma
598 2511 889 2589 colloquia
914 2527 1045 2570 cum
1067 2508 1318 2570 maxime
1338 2505 1724 2566 familiaribus
1743 2507 1996 2567 suaviter
2020 2511 2121 2569 mi-

474 2602 778 2663 scent.Vel
807 2596 1350 2661 aliterzDesideravi
1377 2597 1485 2657 hoc
1512 2597 1729 2675 pascha
1763 2596 2119 2660 manducare

472 2688 802 2769 vobiscum,
848 2709 916 2749 eo
951 2687 1106 2767 quod
1149 2704 1358 2762 magna
1398 2685 1678 2764 mysteria
1707 2685 1766 2744 in
1811 2686 1917 2746 hac
1949 2687 2115 2749 vobis

470 2795 640 2841 caena
670 2781 778 2840 sim.
814 2777 1523 2854 tratliturus,llli8nempe
1555 2793 1621 2835 ea
1654 2793 1783 2854 quae
1814 2785 1947 2835 sunt
1970 2779 2113 2838 Novi

471 2869 858 2930 Testamenti.
915 2867 1218 2945 Signiﬁcat
1261 2873 1453 2924 autem
1505 2882 1610 2944 per
1640 2864 1786 2942 hac,
1822 2865 1978 2944 quod
2013 2885 2114 2927 vo-

467 2955 720 3020 luntarie
752 2960 1020 3040 patiatur.
1059 2959 1293 3017 Poterat
1324 2955 1480 3015 enim
1521 2955 1763 3014 omnino
1806 2956 2111 3026 secedere,

2225 1880 2477 1958 Λέγουσιν
2528 1883 2615 1936 οῦν
2661 1878 2742 1935 ὅτι
2788 1882 2922 1953 μετὰ
2964 1882 3025 1936 τὸ
3057 1895 3251 1960 φαγεῖν
3294 1884 3355 1938 τὸ
3386 1885 3603 1957 νομικὸν
3660 1884 3872 1961 πάσχα,

2223 1968 2479 2025 ἀνέπεσον
2534 1968 2730 2025 λοιπὸν
2808 1977 2970 2044 κοινῷ
3042 1972 3221 2049 τρόπῳ
3261 1972 3519 2034 ἒσθίοντες
3577 1970 3711 2027 ἄλλα
3759 1973 3876 2026 τινα

2219 2058 2500 2135 βρώματα.
2558 2060 2699 2124 Φησὶ
2771 2055 2824 2113 δὲ
2870 2061 2999 2136 πρὸς
3067 2063 3190 2122 τοὺς
3247 2063 3489 2136 μαθητάς
3527 2077 3540 2090 ⁸
3594 2060 3876 2136 Ἐπιθυμίᾳ

2220 2147 2526 2223 ἐπεθύμησα
2587 2158 2742 2206 τοῦτο
2785 2150 2846 2202 τὸ
2906 2149 3094 2228 πάσχα
3165 2164 3358 2228 φαγεῖν
3417 2149 3531 2225 μεθ’
3571 2152 3716 2224 ὑμῶν
3773 2155 3876 2228 πρὸ

2216 2243 2306 2293 τοῦ
2365 2259 2432 2312 με
2490 2238 2682 2293 παθεῖν
2721 2253 2733 2266 ·
2780 2261 2806 2290 n
2842 2240 3033 2294 ὡσανεὶ
3062 2246 3214 2295 τοῦτο
3245 2237 3396 2316 ἔλεγε
3430 2256 3444 2271 ⁶
3482 2241 3646 2296 Τοῦτό
3690 2260 3779 2314 μοι
3809 2243 3873 2293 τὸ

2214 2325 2521 2382 τελευταῖον
2571 2324 2787 2386 δεῖπνον
2833 2326 2946 2401 μεθ’
3006 2329 3152 2402 ὑμῶν
3187 2347 3202 2363 ⁸
3237 2328 3425 2384 διὸκαὶ
3455 2328 3730 2405 ἀγαπητόν
3775 2351 3867 2403 μοι

2209 2416 2294 2470 καὶ
2349 2417 2670 2491 ἐπιθυμητὸν
2734 2414 2878 2470 ἐστιν
2915 2436 2926 2447 ⁸
2992 2415 3180 2473 ἄλλοτε
3237 2419 3336 2496 γὰρ
3395 2416 3509 2493 μεθ’
3580 2420 3725 2493 ὑμῶν
3774 2419 3868 2473 οῦκ

2205 2504 2618 2579 ἐστιασθήσομάι
2653 2525 2665 2538 ’
2726 2504 2904 2579 ὥσπερ
2967 2509 3054 2560 καὶ
3112 2510 3157 2562 οἱ
3210 2506 3496 2582 μέλλοντες
3569 2505 3866 2582 ἀποδημή-

2203 2615 2334 2672 σειν,
2395 2596 2462 2650 τὰ
2513 2594 2799 2650 τελευταῖα
2854 2597 3293 2674 προσφωνήματα
3350 2609 3466 2661 τοῖς
3520 2597 3730 2658 οἰκείοις
3772 2619 3862 2670 καὶ

2198 2687 2432 2760 γνησίοις
2491 2683 2740 2760 ἡδύτερον
2801 2685 2886 2738 καὶ
2937 2687 3300 2764 ποθεινότερον
3342 2687 3696 2764 προσάγουσι.
3743 2683 3848 2764 Kal

2201 2756 2376 2835 ἄλλως
2426 2771 2479 2828 δέ
2515 2789 2528 2802 ·
2591 2756 2932 2846 Ἐπεθύμησα
2975 2785 3129 2833 τοῦτο
3173 2756 3235 2830 τί)
3284 2756 3472 2854 πάσχα
3503 2756 3696 2854 qia-fetv
3743 2756 3860 2847 μεθ’

2199 2863 2368 2937 ὑμῶν,
2429 2860 2558 2918 διότι
2614 2864 2680 2920 τὰ
2737 2861 2948 2940 μεγάλα
3009 2866 3272 2944 μυστήρια
3333 2864 3386 2920 ἐν
3445 2867 3617 2936 τούτῳ
3675 2863 3856 2940 μέλλω

2201 2950 2518 3031 παραδοῦναι
2549 2954 2701 3032 ὑμῖν,
2756 2954 2821 3010 τὰ
2875 2957 2970 3019 τῆς
3026 2956 3223 3021 Καινῆς
3261 2955 3554 3024 Διαθήκης.
3594 2954 3769 3020 Δηλοῖ
3800 2953 3854 3009 δὲ

464 3046 616 3107 sicut
647 3057 706 3110 et
737 3038 865 3109 aliis
891 3044 1277 3125 temporibus,
1305 3062 1436 3103 cum
1471 3042 1650 3103 sciret
1681 3061 1744 3103 se
1778 3062 2110 3123 passurum.

2201 3038 2282 3095 διὰ
2340 3043 2553 3117 τούτου,
2615 3041 2696 3098 ὅτι
2755 3043 2890 3097 ἑκὼν
2968 3043 3194 3123 πάσχει.
3271 3042 3429 3109 Ἐξῆν
3487 3045 3587 3123 γὰρ
3646 3045 3852 3109 πάντως

464 3133 632 3206 Quod
654 3146 847 3197 autem
879 3133 1178 3208 dicit,Non
1213 3133 1406 3193 bibam
1434 3133 1834 3212 illum,donec
1863 3151 2110 3212 regnum

461 3223 568 3286 Dei
601 3226 813 3298 veniat,
864 3224 1097 3304 quidam
1134 3229 1471 3282 sanctorum
1507 3221 1952 3296 intellexerunt,
1988 3222 2110 3283 Do-

457 3331 570 3374 nec
605 3313 1078 3394 resurgam.Post
1099 3311 1590 3372 resurrectionem
1612 3311 1766 3370 enim
1791 3330 2109 3373 conversa-

459 3413 555 3465 tus
588 3413 676 3465 est
705 3425 834 3466 cum
863 3402 1263 3482 discipulis,et
1292 3400 1638 3474 comedit,et
1671 3399 1814 3460 bibit
1837 3419 1970 3461 cum
1996 3401 2101 3462 eis:

457 3493 610 3553 sicut
637 3503 693 3555 et
717 3497 924 3556 Petrus
955 3493 1024 3553 ad
1059 3490 1398 3554 Cornelium
1425 3489 1569 3549 dicit
1603 3507 1616 3550 :
1651 3509 1677 3547 α
1704 3488 1816 3560 Qui
1848 3491 2109 3552 comedi-

456 3601 586 3644 mus
619 3593 676 3645 et
706 3584 966 3644 bibimus
998 3600 1126 3642 cum
1164 3599 1232 3641 eo
1268 3589 1397 3658 post
1427 3579 1932 3640 resurrectionem
1958 3581 2100 3640 13'.»

451 3671 616 3744 Quod
651 3682 846 3734 autem
890 3690 1136 3749 regnum
1171 3668 1278 3730 Dei
1309 3668 1386 3728 sit
1408 3668 1786 3742 resurrectio,
1824 3671 2103 3731 manifes-

450 3770 571 3823 tum
607 3773 716 3826 est.
756 3760 1135 3826 Resurrectio
1168 3759 1327 3819 enim
1364 3757 1655 3818 destruxit
1689 3767 1963 3819 mortem:
2001 3778 2102 3822 re-

446 3856 645 3930 gnavit
675 3861 869 3914 autem
902 3867 1061 3909 mors
1106 3847 1176 3908 ab
1228 3847 1421 3908 Adam
1455 3865 1641 3926 usque
1674 3847 1742 3907 ad
1777 3848 2099 3932 Christum;

447 3949 587 4002 tunc
618 3951 810 4002 autem
846 3941 1164 4016 destructa,
1187 3935 1480 3997 concessit
1511 3936 1764 3998 Domino
1796 3939 2097 4000 victoriam

446 4038 505 4090 et
535 4049 786 4110 regnum
814 4051 825 4091 :
864 4026 1363 4109 quemadmodum
1397 4027 1619 4085 dictum
1645 4033 1766 4086 est:
1810 4025 1954 4088 «Ubi
1986 4037 2096 4110 est,

443 4139 628 4197 mors,
671 4120 910 4181 victoria
946 4126 1042 4177 tua
1069 4116 1158 4175 16‘?
1190 4125 1247 4175 et
1281 4115 1456 4176 David
1496 4136 1508 4177 :
1551 4116 1868 4176 IDominus
1897 4135 2103 4196 regna-

438 4213 543 4287 vit;
580 4234 607 4271 »
646 4210 866 4272 deinde
921 4207 1321 4286 interpretans
1375 4206 1674 4285 quomodo
1725 4209 2097 4300 regnaverit;

445 4299 1015 4380 «Decorem,inquit,
1046 4296 1288 4356 indutus
1313 4294 1978 4374 est,»iucorruptionem
2003 4294 2098 4361 ac;

2199 3134 2362 3211 αὐτῷ,
2411 3130 2595 3198 ἐπειδὴ
2629 3131 2912 3212 ἐγίνωσκεν
2941 3129 3023 3186 ὅτι
3073 3131 3259 3208 μέλλει
3303 3135 3514 3205 παθεῖν,
3549 3135 3848 3213 ὑπαναχω-

2197 3222 2380 3299 ρῆσαι,
2454 3221 2633 3300 ὥσπερ
2691 3221 2786 3276 κᾶν
2845 3221 2966 3286 τοῖς
3041 3223 3313 3300 προτέροις
3367 3235 3597 3301 καιροῖς.
3648 3225 3718 3281 Τὸ
3768 3222 3848 3304 δὲ,

2201 3332 2224 3365 ιι
2274 3315 2347 3368 Οὐ
2404 3312 2482 3386 μὴ
2546 3311 2651 3366 πίω
2706 3312 2854 3385 αὐτὸ,
2903 3309 3003 3375 ἕως
3043 3310 3164 3368 ὅτου
3213 3314 3247 3381 ἡ
3305 3311 3546 3388 βασιλεία
3593 3315 3686 3370 τοῦ
3718 3321 3851 3370 Θεοῦ

2196 3398 2345 3480 ἔλθῃ,
2385 3423 2407 3457 ι)
2472 3401 2612 3463 τινὲς
2659 3401 2764 3457 τῶν
2808 3400 2970 3478 ἁγίων
3028 3400 3278 3477 ἐνόησαν,
3325 3402 3438 3458 ἀντὶ
3480 3409 3593 3477 τοῦ,
3630 3401 3848 3484 ’¹Αχρις

2193 3491 2251 3545 οὒ
2280 3489 2514 3552 ἀναστῶ,
2577 3491 2722 3546 Μετὰ
2777 3491 2876 3569 γὰρ
2923 3491 3023 3558 τὴν
3065 3492 3354 3549 ἀνάστασιν
3411 3490 3848 3570 συναυλιζόμενος

2191 3593 2308 3642 τοῖς
2367 3580 2662 3654 μαθηταῖς,
2725 3580 2814 3636 καὶ
2871 3579 3160 3660 συνέφαγε,
3202 3583 3290 3637 καὶ
3347 3581 3587 3638 συνέπιεν
3617 3583 3841 3647 αὐτοῖς·

2189 3668 2366 3746 ὥσπερ
2412 3672 2498 3726 καὶ
2547 3670 2743 3748 Πέτρος
2789 3671 2917 3747 φησί
2961 3672 3092 3748 πρὸς
3139 3669 3430 3750 Κορνήλιον
3459 3687 3474 3701 ⁸
3543 3695 3570 3726 ιι
3631 3672 3842 3736 Οἴτινες

2189 3758 2552 3838 συνεφάγομεν
2610 3761 2698 3815 καὶ
2755 3761 3066 3834 συνεπίομεν
3121 3762 3265 3835 αὐτῷ
3311 3762 3447 3835 μετὰ
3477 3762 3572 3830 τὴν
3601 3761 3838 3819 ἀνέστα-

2188 3871 2290 3910 σιν,
2329 3871 2356 3903 ι
2411 3838 2540 3905 υΟτι
2573 3846 2627 3904 δὲ
2657 3846 2898 3925 βασιλεία
2941 3855 3033 3905 τοῦ
3075 3853 3208 3906 Θεοῦ
3258 3853 3290 3918 ἡ
3349 3849 3653 3927 ἀνάστασις,
3699 3856 3840 3933 πρό-

2183 3936 2365 4005 δηλον.
2431 3930 2492 3994 (Η
2551 3939 2651 4017 γὰρ
2707 3939 3018 4019 ἀνάστασις,
3075 3939 3360 4006 κατάλυσις
3416 3943 3510 3997 τοῦ
3565 3930 3786 4003 θανάτου
3819 3965 3835 3978 ·

2184 4025 2484 4084 ἐϐασίλευσε
2543 4026 2596 4083 δὲ
2654 4032 2680 4084 ὁ
2735 4029 2956 4092 θάνατος
3029 4030 3134 4086 ἀπὸ
3195 4029 3365 4106 Ἀδὰμ
3420 4031 3521 4096 ἕως
3586 4039 3832 4112 Χριστοῦ’

2182 4119 2302 4174 τότε
2347 4117 2402 4173 δὲ
2460 4116 2794 4190 καταλυθεὶς,
2843 4120 3200 4199 παρεχώρησε
3251 4128 3328 4195 τῷ
3381 4123 3552 4200 Κυρίῳ
3606 4128 3703 4190 τῆς
3756 4125 3834 4180 νί-

2184 4230 2284 4274 κης
2342 4209 2430 4264 καὶ
2484 4213 2582 4274 τῆς
2631 4206 2922 4289 βασιλείας,
2983 4209 3111 4265 καθό
3156 4209 3369 4290 εἴρηται
3405 4227 3419 4239 ⁸
3489 4235 3512 4266 ιι
3566 4219 3672 4270 Ποῦ
3715 4238 3833 4296 σου,

2183 4301 2397 4378 θανατε,
2428 4301 2488 4354 το
2517 4311 2667 4362 νῖκος
2703 4316 2719 4378 ;
2755 4317 2784 4357 ι
2819 4301 2906 4355 καὶ
2949 4301 2977 4354 ὃ
3013 4298 3203 4380 Δαυλιδ,
3258 4321 3282 4355 (ι
3352 4291 3408 4359 Ὀ
3469 4303 3655 4380 Κύριος
3699 4291 3834 4361 ἑϐαέ

434 4392 695 4472 cipiente
745 4407 1016 4469 corpore,
1065 4393 1121 4446 et
1145 4386 1420 4445 decorato
1443 4385 1686 4463 deitate,
1709 4384 2090 4449 utIsaiasin-

2201 4387 2415 4446 τίλευσεν
2451 4404 2464 4420 ⁸
2503 4411 2531 4442 »
2582 4388 2705 4443 εἶτα
2749 4389 3054 4464 ἑρμηνεύων
3097 4389 3212 4454 πῶς
3255 4388 3610 4472 ἐϐασίλευσεν,
3665 4416 3692 4449 α
3721 4391 3829 4454 Εὐ-
3879 4397 3907 4447 ς’

432 4481 579 4562 quit:
612 4481 752 4543 «Hic
778 4480 1072 4540 formosus
1095 4475 1154 4535 in
1187 4475 1362 4549 stola,
1384 4474 1663 4535 violentia
1687 4493 1820 4534 cum
1848 4475 2082 4539 fortitu-

428 4568 567 4628 dine
596 4569 670 4626 l7.
711 4592 736 4622 »
774 4565 1060 4627 Dominus
1110 4581 1345 4642 quoque
1378 4570 1684 4642 postquam
1736 4567 2080 4639 resurrexit,

425 4658 616 4738 inquit
651 4677 662 4715 :
705 4683 726 4711 α
769 4658 909 4717 Data
941 4661 1029 4713 est
1062 4652 1202 4710 mihi
1237 4652 1430 4711 omnis
1473 4659 1725 4731 potestas
1756 4652 1832 4711 18,
1875 4678 1896 4710 »
1936 4654 2081 4716 Cum

422 4744 607 4824 igitur
623 4745 886 4806 venisset
907 4742 1478 4821 resurrectio,quam
1499 4759 1746 4819 regnum
1771 4740 1874 4803 Dei
1892 4745 2079 4804 nomi-

421 4837 680 4911 navit,eo
709 4834 863 4916 quod
902 4840 1149 4891 mortem
1188 4829 1505 4905 destruxit,
1531 4830 1745 4892 iterum
1782 4831 2074 4894 bibitrum

420 4926 758 5006 discipulis,
793 4921 1162 5004 persuadens
1194 4920 1505 5000 discipulis
1550 4941 1665 4981 non
1703 4921 1870 4999 juxta
1891 4923 2074 5003 appa-

413 5017 667 5076 reutiam
687 5022 910 5075 tantum
926 5010 1322 5073 resurrexisse
1335 5059 1344 5069 .
1359 5010 1602 5081 Quidam
1619 5019 1810 5071 autem
1826 5029 2072 5090 regnum

417 5113 698 5184 putarunt
721 5106 980 5166 futurum
1002 5107 1215 5159 statum
1249 5120 1261 5162 :
1299 5099 1507 5161 bibere
1525 5110 1721 5160 autem
1755 5099 2070 5163 Dominum

412 5195 724 5256 nobiscum
756 5196 817 5255 in
849 5192 1069 5269 futuro,
1108 5206 1212 5268 pro
1245 5191 1606 5251 revelatione
1626 5189 2065 5270 mysteriorum.

415 5284 748 5344 Ltetiticans
781 5280 939 5342 enim
981 5297 1088 5338 nos
1119 5279 1574 5354 exhilaratur,et
1602 5296 1851 5360 pascens
1870 5281 2066 5358 pasci-

415 5382 512 5431 tur
542 5371 903 5448 misericors,
947 5377 1004 5428 et
1047 5377 1316 5429 nostrum
1371 5377 1568 5447 potum
1602 5387 1668 5429 ac
1696 5368 2061 5445 alimoniam,

418 5460 533 5522 hoc
583 5469 690 5530 est,
725 5461 1079 5533 doctrinam,
1139 5458 1446 5540 proprium
1509 5458 1703 5520 cibum
1749 5457 2062 5520 existimat.

3208 4500 3231 4536 ν
3319 4480 3831 4560 ἀποφθαρτισθέντος

2168 4574 2260 4622 τοῦ
2320 4567 2592 4641 σώματος,
2679 4568 2766 4622 καὶ
2838 4572 2905 4643 τῇ
2990 4566 3202 4636 θεότητι
3271 4570 3626 4647 ὡραϊσθέντος
3661 4591 3677 4609 ο
3751 4575 3830 4639 ὡς

2171 4647 2396 4720 Ἠσαίας
2429 4657 2590 4736 φησίν
2625 4677 2636 4689 ·
2705 4681 2728 4712 α
2766 4657 2927 4723 Οὗτος
2984 4659 3183 4737 ὡραῖος
3240 4657 3293 4714 ἐν
3324 4659 3512 4738 στολῇ,
3546 4662 3634 4738 βία
3689 4666 3826 4739 μετὰ

2162 4747 2372 4826 ἰσχύος.
2409 4770 2436 4802 ιι
2475 4749 2574 4805 Καὶ
2604 4747 2760 4812 αὐτὸς
2787 4745 2841 4802 δὲ
2900 4750 2928 4803 ὁ
2989 4749 3172 4826 Κύριος
3206 4751 3340 4825 μετὰ
3382 4753 3444 4806 τὸ
3503 4753 3820 4836 ἀναστῆναι,

2162 4837 2321 4914 φησίν
2353 4854 2370 4872 ⁶
2438 4856 2468 4895 α
2526 4835 2715 4904 Ἐδόθη
2760 4859 2851 4912 μοι
2905 4844 3050 4893 πᾶσα
3093 4838 3318 4903 ἐξουσία.
3355 4863 3383 4895 ›)
3423 4846 3529 4908 Τῆς
3563 4842 3652 4899 οὖν
3682 4835 3820 4900 vitan

2164 4927 2400 4991 στάσεως
2434 4924 2712 5001 ἐλθούσης,
2772 4925 2840 4994 ἣν
2883 4925 3154 5003 βασιλείαν
3203 4938 3297 4987 τοῦ
3354 4937 3486 4986 Θεοῦ
3515 4931 3815 5012 ὠνόμασεν⁹

2159 5017 2232 5078 ὼς
2287 5017 2379 5070 τὸν
2436 5017 2660 5072 θάνατον
2721 5016 3116 5093 καταλύσασαν,
3179 5015 3293 5074 ἔπιε
3344 5018 3502 5076 πάλιν
3552 5021 3644 5078 σὺν
3697 5039 3819 5090 τοῖς

2157 5109 2452 5180 μαθηταῖς,
2513 5107 2863 5182 πιστούμενος
2917 5107 3014 5175 τὴν
3071 5108 3381 5182 ἀνάστασιν,
3445 5112 3518 5174 ὡς
3564 5111 3624 5168 οὐ
3681 5117 3819 5172 καεᾶ

2155 5196 2442 5274 φαντασίαν
2515 5194 2646 5253 ἐστί.
2729 5197 2879 5258 Τινὲς
2936 5195 2992 5252 δὲ
3034 5195 3306 5271 βασιλείαν
3348 5206 3440 5256 τοῦ
3500 5209 3654 5279 Θεοῦ,
3714 5205 3817 5273 τὴν

2155 5282 2452 5359 μέλλουσαν
2512 5285 2834 5342 κατάστασιν
2893 5284 3132 5352 ἐδέξαντο
3163 5306 3178 5318 ·
3227 5290 3396 5344 πίνειν
3461 5288 3515 5346 δὲ
3559 5298 3651 5349 τὸν
3702 5295 3814 5353 Κύ-

2152 5396 2261 5452 ριον
2319 5373 2373 5429 ἐν
2433 5381 2509 5450 τῷ
2555 5374 2803 5451 μέλλοντι
2851 5375 2965 5452 μεθ’
2998 5378 3179 5453 ἡμῶν,
3210 5379 3310 5445 τὴν
3336 5379 3676 5458 ἀποκάλυψιν
3706 5391 3814 5442 τῶν

2150 5463 2454 5542 μυστηρίων
2513 5465 2692 5526 αὐτοῦ.
2783 5467 3086 5546 Εὖφραίνων
3171 5468 3274 5547 γὰρ
3329 5469 3477 5545 ἡμᾶς
3529 5472 3809 5553 εὐφραίνε-

2170 4477 2447 4556 πρέπειαν,
2531 4479 2711 4556 φησὶν,
2794 4475 3070 4535 ἐνεδύσατο
3097 4525 3114 4553 ,

483 5629 558 5674 ¹⁵¹
594 5631 734 5696 Act.
765 5645 827 5707 Χ,
861 5628 962 5690 41.
1049 5626 1106 5671 ¹⁶
1143 5627 1170 5692 Ι
1198 5630 1336 5692 Cor.
1371 5646 1470 5711 xv,
1501 5629 1602 5693 55.
1687 5627 1739 5672 ¹⁷
1769 5632 1886 5709 Isa,
1919 5644 2087 5716 Lx1u,

2258 5629 2315 5680 ¹⁸
2343 5630 2549 5699 Matth.
2581 5650 2790 5716 xxvm,
2828 5635 2922 5699 18.
