4184 6432
256 342 422 409 1069

972 348 1419 412 ENARRATIO
1464 350 1546 412 IN
1591 345 2098 413 EVANGELIUM
2162 344 2402 412 Luam.
2449 383 2527 393 -
2568 351 2730 414 CAP.
2782 306 2976 415 XXII.

3438 362 3441 367 ’
3504 356 3658 426 1070

250 504 364 556 ται,
414 483 504 537 καὶ
550 482 756 560 τρέφων
819 483 1061 562 τρέφεται
1123 484 1150 537 ὀ
1209 480 1600 561 φιλάνθρωπος,
1681 484 1765 537 καὶ
1820 484 1920 550 τὴν

2023 480 2181 542 Bibet
2212 482 2389 560 igitur
2416 492 2555 544 tunc
2588 503 2798 545 novam
2833 486 3150 566 quamdam
3188 491 3486 568 potionem
3521 516 3654 558 cum

252 570 523 650 ἡμετέραν
578 572 735 629 πόσιν
796 573 883 627 καὶ
938 572 1162 650 τροφὴν,
1231 570 1342 637 ἤτοι
1410 573 1661 647 μάθησιν,
1723 573 1917 628 οἰκείαν

250 662 462 739 τροφὴν
502 659 801 738 λογίζεται,
852 660 1030 715 [Item
1082 659 1169 715 οὖν
1226 671 1516 727 τηνικαῦτα
1559 663 1749 730 καινήν
1804 684 1920 716 τινα

253 750 417 805 πόσιν
467 752 602 826 μετά
632 755 739 806 τῶν
770 749 952 828 ἀξιῶν,
987 748 1375 806 ἀποκαλύπτων
1432 754 1614 813 αὐτοῖς
1659 750 1738 806 ἀεὶ
1766 751 1921 805 καινά

259 862 383 896 τινα
438 842 526 897 καὶ
585 841 844 910 ἀσυνήθη.
914 840 1017 896 Δύο
1077 837 1130 895 δὲ
1187 837 1336 896 δοκεῖ
1406 840 1673 917 ποτηρίων
1703 862 1922 916 μνημο-

254 930 420 985 νεύειν
479 933 507 985 ὁ
566 934 769 993 Λουκᾶς
810 945 822 958 ⁸
872 929 962 985 καὶ
1005 930 1059 985 ἓν
1104 930 1229 1009 μὲν,
1276 930 1431 1008 φησὶ,
1499 952 1525 983 α
1565 926 1787 1001 Λάϐετε,
1834 935 1922 988 καὶ

257 1017 595 1098 διαμερίσατε
630 1020 866 1092 ἑαυτοῖς,
905 1042 932 1073 ιι
963 1020 991 1074 ὃ
1022 1024 1120 1085 τῆς
1151 1017 1387 1082 Παλαιᾶς
1444 1020 1715 1088 Διαθῆκης
1760 1018 1921 1073 τόπον

260 1105 406 1164 εἴποι
453 1107 514 1164 ἄν
567 1129 649 1170 τις
699 1108 842 1164 εἶναι
877 1123 890 1138 ’
953 1107 1129 1186 ἕτερον
1172 1106 1249 1181 δὲ,
1311 1108 1444 1182 μετά
1492 1109 1553 1163 τὸ
1596 1106 1790 1163 κλᾶσαι
1834 1108 1921 1161 τὸν

263 1195 419 1275 ἄρτον
477 1198 562 1253 καὶ
634 1195 1024 1272 διανείμασθαι,
1101 1197 1255 1259 αὐτὸς
1330 1194 1569 1271 διανέμει
1638 1209 1754 1260 τοῖς
1813 1218 1923 1271 μα-

261 1288 481 1363 θηταῖς,
542 1287 572 1342 ὃ
627 1290 714 1343 καὶ
770 1292 867 1353 τῆς
923 1291 1120 1352 Καινῆς
1171 1286 1442 1354 Διαθήκης
1503 1286 1778 1359 ὀνομάζει,
1836 1290 1924 1344 καὶ

265 1375 320 1430 ἓν
367 1380 447 1449 τῷ
489 1378 650 1433 αὖτοῦ
694 1376 883 1450 α’ἶματί
925 1397 1055 1455 φησι
1121 1382 1277 1431 τοῦτο
1335 1375 1739 1451 ἐγκαινίζεσθαι,
1800 1373 1924 1430 Ἐπὶ

265 1465 361 1537 μὲν
420 1467 522 1543 γὰρ
562 1471 660 1533 τῆς
710 1464 945 1528 Παλαιᾶς
991 1464 1135 1536 αἷμα
1178 1469 1328 1534 ζωων
1378 1462 1590 1540 ἀλόγων
1640 1463 1731 1536 ἦν,
1764 1462 1852 1518 ὅτε
1896 1464 1923 1517 6

268 1556 429 1629 νόμος
462 1554 614 1620 ἐδόθη
652 1573 666 1584 ·
701 1561 788 1610 νῦν
818 1552 872 1609 δὲ
904 1554 999 1611 τοῦ
1053 1554 1183 1608 Θεοῦ
1244 1555 1416 1629 Λόγου
1445 1552 1716 1630 ἀνθρώπου
1764 1573 1922 1630 γενο-

270 1644 452 1724 μένου,
490 1647 552 1701 τὸ
598 1646 742 1718 αἷμα
785 1645 884 1711 τὴν
937 1643 1135 1709 Καινὴν
1192 1642 1464 1710 Διαθήκην
1493 1644 1627 1716 ἡμῖν
1659 1640 1922 1722 ἐπισφρα-

270 1736 423 1811 γίζει.
477 1736 651 1791 Εἰπὼν
686 1732 765 1813 δὲ,
811 1753 841 1792 ε
889 1733 960 1790 Τὸ
1003 1732 1134 1809 ὑπὲρ
1189 1732 1335 1805 ὑμῶν
1382 1728 1658 1805 διδόμενον
1710 1733 1796 1786 καὶ
1828 1730 1921 1786 ἐκ-

2004 570 2221 651 dignis,
2256 572 2522 633 revelans
2573 573 2659 634 eis
2719 593 2958 654 semper
2988 580 3433 658 novaquaedam
3470 594 3528 646 et
3560 588 3653 646 in-

2004 660 2195 719 solita.
2235 661 2494 722 Duorum
2530 672 2727 737 autem
2784 666 2968 725 Lucas
3016 666 3251 729 videtur
3309 674 3655 737 meminisse

2006 754 2463 843 pocul-orumbt
2494 753 2567 812 de
2600 772 2715 813 uno
2747 754 2984 833 quidem
3023 756 3164 817 dicit
3198 779 3210 819 :
3252 784 3272 814 ι
3301 763 3566 843 Accipite
3594 776 3653 827 et

2006 837 2445 935 dividiteinter
2476 859 2598 935 vos,
2637 864 2661 898 ι)
2700 844 2851 935 quod
2884 845 3096 935 veteris
3127 837 3466 914 testamenti
3500 856 3648 935 ﬁgu-

2004 943 2128 986 ram
2184 928 2316 1007 quis
2354 946 2496 1018 resse
2539 930 2773 1009 dixerit;
2812 941 2869 992 et
2919 932 2995 993 de
3039 935 3223 995 altero
3275 942 3429 1018 quod
3479 928 3647 1016 illud,

2009 1025 2312 1104 postquam
2340 1017 2514 1095 fregit
2546 1036 2756 1097 panem
2791 1029 2847 1079 et
2876 1017 3334 1104 distribuit,ipse
3357 1030 3654 1095 distribuit

2008 1101 2510 1201 discipiulis,‘qu_od_
2529 1115 2589 1169 et
2619 1108 2772 1201 Novi
2801 1101 3654 1201 Testamentinominat,etsuo

2004 1193 2292 1289 sanguine
2322 1196 2466 1255 dicit
2499 1197 2609 1257 hoc
2632 1198 2993 1260 innovariln
3014 1203 3213 1263 Veteri
3239 1207 3393 1266 enim
3415 1193 3655 1289 sanguis

2006 1292 2129 1341 erat
2163 1282 2467 1345 brutorum
2504 1286 2877 1358 animalium,
2911 1308 3043 1349 cum
3078 1291 3166 1351 lex
3201 1294 3421 1372 vigeret
3451 1321 3463 1362 :
3501 1282 3656 1363 n-unc

2005 1380 2199 1469 autem
2223 1392 2356 1469 cum
2388 1374 2647 1436 Verbum
2679 1376 2780 1437 Dei
2803 1378 3002 1469 homo
3031 1378 3246 1441 factum
3273 1394 3384 1466 est,
3417 1392 3657 1469 sanguis

2004 1458 2227 1521 Novum
2251 1461 2695 1526 Testamentum
2721 1466 2894 1528 nobis
2915 1458 3653 1546 obsignavit.Diceuddau-

2009 1559 2147 1615 tem.
2192 1550 2414 1645 ιουοά
2454 1573 2556 1645 pro
2593 1554 2758 1616 vobis
2805 1556 2979 1617 datur
3008 1567 3065 1618 et
3096 1560 3440 1645 effunditur,
3480 1594 3502 1625 ιι
3542 1589 3661 1632 non

2010 1656 2115 1717 pro
2137 1641 2593 1735 solis_aposto_lis
2623 1645 2820 1723 signat
2849 1665 3063 1727 corpus
3108 1641 3236 1729 ejus
3262 1669 3392 1714 esse
3427 1641 3658 1735 datum,

2010 1738 2065 1788 et
2096 1729 2450 1819 sanguinem
2477 1733 2606 1810 ejus
2639 1752 2771 1794 esse
2803 1736 3074 1807 effusum,
3110 1740 3213 1799 sed
3248 1738 3354 1819 pro
3403 1729 3661 1810 humano

275 1825 592 1905 χυνόμενον.
633 1843 660 1881 ι
720 1824 823 1903 οὔχ
880 1823 1010 1901 ὑπὲρ
1068 1828 1175 1876 τῶν
1231 1819 1543 1877 ἀποστόλων
1584 1821 1743 1893 μόνον
1777 1818 1927 1877 δεδό-

2023 1818 2511 1913 ςοηοιςοθυδηόο
2534 1821 2884 1899 igiturdicit.
2903 1823 3101 1897 «Quod
3121 1846 3224 1905 pro
3244 1818 3404 1891 vobis
3421 1834 3617 1913 datur,
3632 1861 3655 1895 η

276 1916 391 1969 σθαι
422 1911 585 1979 δη)οτ
616 1915 677 1970 τὸ
738 1919 893 1986 σῶμα
951 1913 1125 1977 αὖτοὺ,
1191 1911 1278 1964 καὶ
1308 1913 1367 1965 τὸ
1412 1910 1556 1983 αἷμα
1583 1909 1925 1989 ὲκκεχὺσθαι,

276 2000 394 2059 ἀλλ’
450 2003 581 2081 ὑπὲρ
631 2002 728 2069 τῆς
786 2001 1114 2077 ἀνθρωπίνης
1168 1999 1395 2079 (θύσεως.
1432 1989 1612 2055 εὐταν
1644 2005 1732 2054 οὖν
1767 1996 1922 2074 εἴπῃ,

284 2114 307 2149 ι
360 2082 519 2171 ’Υπὲρ
576 2092 723 2165 ὑμῶν
781 2088 1073 2164 διδόμενον,
1128 2108 1156 2146 ι
1230 2086 1342 2143 ἀντὶ
1399 2095 1514 2167 τοῦ,
1579 2078 1758 2165 υΥπὲρ
1829 2091 1927 2156 τῆς

278 2178 530 2258 ὒμετέρας
590 2180 793 2257 φύσεως
862 2180 968 2233 τῶν
1036 2177 1347 2250 ἀνθρώπων,
1393 2176 1523 2238 νόει,
1570 2179 1642 2234 T6
1686 2178 1783 2249 μὲν
1840 2179 1927 2233 οὖν

280 2264 507 2325 παλαιὸν
536 2268 725 2347 πάσχα
756 2267 840 2323 ἐπὶ
871 2271 939 2342 τῇ
966 2264 1253 2342 ἀπαλλαγῇ
1280 2269 1379 2332 τῆς
1440 2262 1674 2328 δουλείας
1718 2269 1819 2333 τῆς
1876 2264 1929 2321 ἐν

284 2358 532 2435 Αἰγύπτῳ
584 2356 845 2436 ἒτελεϊτο,
890 2358 977 2412 καὶ
1020 2359 1082 2412 τὸ
1126 2359 1265 2429 αἷμα
1293 2362 1383 2411 τοῦ
1412 2352 1674 2433 προϐάτου
1720 2355 1803 2411 ἐπὶ
1861 2362 1931 2431 τῇ

285 2449 601 2527 συντηρήσει
656 2452 763 2503 τῶν
818 2446 1170 2525 πρωτοτόκων
1206 2460 1220 2474 ⁸
1281 2446 1341 2499 τὸ
1396 2441 1449 2500 δὲ
1507 2446 1688 2500 καινὸν
1737 2445 1932 2522 Πάσχα

284 2539 371 2593 ἒπὶ
401 2536 582 2616 ἀφέσει
641 2538 936 2615 ἁμαρτιῶν,
993 2538 1081 2591 καὶ
1132 2534 1217 2590 ἐπὶ
1245 2535 1563 2612 συντηρήσει
1606 2540 1713 2589 τῶν
1768 2535 1937 2611 ἡγια-

286 2626 494 2701 σμένων
538 2628 626 2683 καὶ
682 2625 1063 2705 ἀφωρισμένων
1116 2623 1387 2701 λογισμῶν
1416 2624 1492 2698 τῷ
1537 2630 1675 2698 Θεῷ.
1723 2629 1936 2700 Πρξυτον

288 2713 340 2771 δὲ
386 2718 415 2769 6
459 2714 642 2794 ἄρτος,
701 2716 824 2771 εἶτα
882 2715 943 2769 τὸ
973 2714 1252 2791 ποτήριον,
1291 2711 1525 2791 Προτέρα
1555 2713 1654 2789 γὰρ
1682 2714 1716 2779 ἡ
1746 2711 1935 2767 ἒπίπο-

288 2826 376 2868 νος
420 2804 605 2884 πρᾶξις
666 2805 753 2861 καὶ
796 2801 1248 2881 δυσκατέργαστος
1283 2818 1299 2835 ⁸
1373 2799 1586 2878 ἱδρῶτες
1658 2800 1757 2879 γὰρ
1799 2821 1935 2879 προ-

288 2902 542 2972 ηγοῦνται
598 2894 694 2962 τῆς
738 2890 931 2971 ἀρετῆς
968 2914 980 2927 ·
1028 2892 1207 2969 ὥσπερ
1252 2899 1339 2947 οὖν
1384 2892 1470 2946 καὶ
1507 2893 1536 2948 6
1566 2887 1720 2968 ἄρτος
1752 2894 1812 2948 οὒ
1844 2889 1941 2963 μό-

290 3006 376 3041 νον
410 2983 463 3039 ἐν
492 2982 667 3060 ἷδρῶτι
710 2991 801 3039 τοῦ
846 2981 1129 3061 προσώπε.»
1181 2994 1525 3059 γεωργεῖται,
1587 2978 1724 3035 ἀλλά
1769 2980 1855 3035 καὶ
1886 2979 1941 3033 ἐν

2009 1906 2294 1983 intellige,
2323 1911 2437 1971 Pro
2471 1921 2663 1971 vestro
2698 1913 2997 1973 hominum
3023 1934 3263 1993 genere.
3283 1916 3465 1982 Vetus
3500 1906 3659 1988 enim

2013 1998 2227 2075 pascha
2276 2000 2694 2077 perficiabatur
2716 2002 2791 2061 ob
2819 2002 3228 2066 liberationem
3263 2011 3561 2073 servitutis
3590 2033 3662 2077 ex

2011 2083 2283 2178 IEgyptq,
2319 2097 2375 2149 et
2423 2089 2661 2167 sanguis
2709 2090 2843 2168 agni
2894 2101 3136 2171 propter
3165 2106 3390 2159 servata
3431 2102 3659 2178 primo-

2013 2175 2460 2252 genitazNovum
2486 2188 2678 2239 autem
2719 2180 2936 2259 pascha
2968 2197 3213 2262 propter
3245 2175 3660 2253 remissionem

2015 2273 2413 2342 peccatorum.
2450 2275 2506 2324 et
2539 2268 3051 2330 conservationem
3082 2272 3502 2346 cogitationum
3534 2297 3669 2340 san-

2014 2351 2494 2429 ctificatarum,et
2521 2366 2995 2417 csnsecratarum
3025 2358 3439 2424 Deo.Primum
3468 2375 3664 2429 autem

2015 2442 2154 2501 469
2181 2443 2365 2522 panis,
2395 2452 2453 2503 et
2482 2442 2698 2505 deinde
2731 2446 3035 2524 poculum.
3089 2448 3346 2511 l’rimum
3381 2455 3539 2515 enim
3572 2457 3666 2519 la-

2020 2530 2291 2591 boriosor
2329 2533 2480 2592 actio
2514 2542 2571 2593 et
2602 2534 2923 2609 difﬁcilior;
2948 2536 3197 2598 sudores
3229 2541 3387 2601 enim
3442 2562 3668 2621 prace-

2020 2620 2163 2680 dunt
2197 2622 2467 2681 virtutem
2499 2638 2513 2684 :
2550 2622 3047 2701 quemadmodum
3083 2627 3271 2705 panis,
3307 2620 3666 2695 nonisolum

2020 2710 2076 2768 in
2109 2710 2328 2804 sudore
2358 2709 2531 2804 faciei
2565 2711 2873 2791 excolitur,
2905 2715 3013 2774 sed
3039 2724 3097 2775 et
3127 2718 3496 2782 comedendo
3518 2741 3669 2804 ope-

2022 2799 2215 2859 rosior
2242 2809 2353 2872 est;
2388 2799 2606 2861 deinde
2639 2809 2770 2880 post
2800 2801 3033 2863 labores
3066 2803 3267 2867 laetitia
3297 2808 3510 2872 divina;
3540 2799 3673 2889 gra-

2025 2889 2143 2960 tite;
2192 2907 2322 2968 quae
2374 2889 2639 2967 signatur
2686 2908 2790 2969 per
2820 2892 3118 2971 poculum.
3158 2898 3468 2977 Postquam
3511 2901 3672 2962 enim

2024 2978 2157 3056 quis
2188 2977 2244 3069 in
2275 2977 2717 3069 virtutibusgdiu
2750 2982 3123 3061 graviterque
3154 2982 3671 3069 laboraverit,tan-

289 3079 368 3148 τῷ
423 3072 679 3130 ἑσθιεσθαι
737 3070 1312 3151 δυσκατεργαστότερός
1389 3070 1553 3142 ἐστιν,
1616 3068 1719 3125 εἷθ’
1804 3067 1938 3123 οὕτω

2030 3069 2163 3126 dem
2214 3068 2427 3144 dignus
2458 3076 2547 3127 est
2576 3067 2770 3141 donis,
2805 3078 2862 3129 et
2909 3068 3238 3132 inebriatur
3292 3067 3526 3137 laudata
3574 3078 3677 3139 illa

293 3165 428 3239 μετὰ
477 3164 599 3227 τοὺς
642 3162 834 3225 πόνους
892 3163 926 3228 ἡ
978 3161 1267 3239 εὐφροσύνη
1324 3159 1423 3226 τῆς
1480 3158 1572 3214 τοῦ
1617 3165 1747 3214 Θεοῦ
1791 3158 1938 3237 χάριε

2030 3154 2313 3216 ebrietate
2344 3175 2457 3236 qua
2498 3157 2820 3217 exceditex
2862 3158 2972 3218 hoc
3007 3160 3249 3241 mundo,
3278 3163 3428 3224 sicut
3465 3167 3677 3228 Paulus

295 3276 410 3329 τος,
462 3252 592 3334 ὅπερ
649 3253 757 3310 ἐστὶ
816 3253 876 3308 τὸ
930 3252 1207 3329 ποτήριον.
1267 3246 1394 3304 Μεθ’
1454 3249 1481 3303 ὃ
1540 3248 1639 3327 γὰρ
1687 3269 1767 3309 τις
1796 3249 1938 3323 εντῇ

2032 3252 2091 3334 et
2112 3242 2314 3317 David,
2350 3255 2521 3334 etiut
2553 3244 2866 3306 audentius
2899 3248 3177 3327 quiddam
3211 3251 3426 3329 dicam,
3457 3255 3681 3318 sicutet

294 3344 457 3424 ἀρετῇ
517 3332 586 3419 τῇ
629 3340 1069 3419 δυσκατεργάστῳ
1110 3338 1369 3414 κοπιάσῃ,
1430 3337 1549 3393 τότε
1620 3343 1725 3393 τῶν
1783 3359 1938 3424 χαρι-

2030 3332 2188 3394 Deus
2217 3334 2369 3412 apud
2397 3333 2693 3397 Habacuc.

293 3423 512 3510 σμᾶτων
542 3432 685 3498 ἄξιος
716 3432 942 3509 γίνεται,
975 3430 1063 3486 καὶ
1085 3428 1289 3507 πάσχει
1320 3427 1418 3493 τὴν
1447 3424 1620 3493 καλὴν
1651 3427 1840 3504 μέθην,
1877 3423 2215 3497 ἒξιστάμενος
2266 3425 2358 3479 τοῦ
2389 3424 2592 3497 κόσμου
2623 3426 2826 3497 τούτου),
2863 3427 2937 3488 ὡς
2970 3429 2996 3481 6
3031 3432 3256 3504 Παῦλος,
3282 3433 3371 3487 καὶ
3401 3435 3427 3488 ὁ
3463 3434 3632 3491 Δαυῖδ
3661 3454 3677 3470 .

291 3508 592 3600 τολμητέον
621 3519 676 3576 δὲ
708 3523 904 3598 εἰπετν,
928 3508 1024 3575 Ῠκαὶ
1052 3519 1125 3582 ὡς
1156 3519 1184 3573 6
1215 3518 1343 3578 Θεὸς
1375 3516 1517 3595 παρὰ
1542 3521 1617 3589 τῷ
1647 3508 1975 3589 Ἀϐϐακούμ.

383 3599 408 3670 ἀ
444 3609 595 3677 Πλὴν
623 3608 731 3665 ἰδοὺ
787 3610 821 3676 ἡ
874 3609 992 3687 χεὶρ
1023 3614 1115 3663 τοῦ
1144 3603 1521 3682 παραδιδόντος
1551 3625 1640 3684 με,
1676 3603 1793 3679 μετ’
1826 3604 1938 3678 ἐμοὶ

2121 3599 2303 3662 Vens.
2337 3602 2554 3663 Sil-27.
2577 3600 3031 3665 «Verumtamen
3064 3623 3203 3667 ecce
3228 3613 3684 3674 manustraden-

298 3703 384 3760 ἐπὶ
438 3705 539 3767 τῆς
592 3699 879 3778 τραπέζης.
922 3699 1039 3755 Καὶ
1095 3698 1124 3752 6
1193 3696 1291 3771 μὲν
1358 3696 1477 3757 Υἱὸς
1532 3702 1626 3751 τοῦ
1678 3694 1938 3772 ἀνθρώποι

2041 3692 2111 3751 tis
2136 3709 2494 3770 mc,mecum
2521 3699 2608 3753 est
2630 3692 2686 3752 in
2707 3693 3012 3756 mensa.Et
3030 3695 3213 3757 Filius
3234 3699 3476 3775 quidem
3497 3700 3687 3763 homi-

298 3794 583 3873 πορεύεται
642 3791 777 3847 κατά
817 3791 878 3846 τὸ
947 3787 1242 3866 ὡρισμένον
1275 3804 1291 3820 ⁸
1354 3786 1492 3854 πλὴν
1550 3788 1663 3843 οὐαὶ
1718 3787 1795 3861 τῷ
1852 3785 1938 3841 ἀν-

2039 3780 2129 3840 nis
2147 3781 2475 3841 secundum
2500 3782 2654 3861 quod
2681 3781 2992 3844 definitum
3027 3788 3301 3856 est,vadit
3332 3810 3345 3851 :
3385 3798 3686 3853 verumta-

298 3869 497 3963 θρῶπῳ
538 3880 742 3955 ἐκείνῳ,
776 3876 841 3935 δι’
895 3884 955 3934 οὗ
983 3875 1347 3957 παραδίδοται.
1389 3878 1486 3934 Καὶ
1533 3876 1677 3932 αὐτοὶ
1730 3872 1938 3953 ἧρξαντι

2038 3888 2192 3930 mem
2214 3869 2634 3930 vaahominiilli
2651 3890 2756 3949 per
2777 3890 2953 3950 quem
2971 3875 3338 3953 proditurJﬂt
3361 3878 3473 3958 ipsi
3492 3896 3690 3960 coepe-

302 3961 553 4044 συζητειν
607 3971 739 4039 πρὸς
800 3968 1038 4041 ἑαυτοὺς,
1096 3968 1157 4022 τὸ
1212 3966 1291 4029 τίς
1349 3963 1447 4043 ἄρα
1491 3962 1583 4031 εἴη
1614 3963 1665 4029 ἐξ
1710 3968 1879 4022 αὐτῶν
1925 3965 1938 4019 ί

2036 3970 2463 4053 runtquazrere
2491 3961 3109 4053 inter_sese,quisnam
3133 3976 3285 4028 esset
3308 3987 3378 4029 ex
3413 3971 3559 4051 ipsis
3587 3974 3693 4053 qui

301 4062 498 4141 μέλλον
546 4059 699 4118 τοῦτο
756 4058 1036 4136 πράσσειν,
1089 4055 1336 4133 Ἐγένετο
1393 4053 1448 4109 δὲ
1507 4056 1592 4111 οιαὶ
1662 4053 1938 4141 φιλογεικίε

2039 4052 2150 4113 hoc
2166 4052 2426 4113 facturus
2441 4049 2668 4141 esset}?
2672 4062 2800 4113 acta
2812 4063 2899 4113 est
2914 4064 3109 4115 autem
3126 4065 3182 4117 et
3204 4049 3509 4141 contentio
3538 4049 3697 4124 inter

300 4133 358 4209 ἀν
426 4150 639 4228 αὒτοτς,
699 4149 759 4203 τὸ
802 4133 894 4209 -τίς
956 4144 1127 4202 αὐτῶν
1170 4142 1320 4200 δοκεῖ
1363 4142 1504 4199 εἶναι
1549 4133 1765 4218 μείζων,
1802 4133 1857 4199 Ὀ
1902 4138 1938 4195 δί

2041 4160 2144 4203 eos
2174 4141 2305 4220 quis
2336 4159 2541 4202 eorum
2578 4139 2881 4203 videretur
2911 4161 3041 4205 esse
3073 4148 3286 4225 major.
3318 4138 3695 4212 Dixitautem

307 4242 464 4298 εἶπεν
499 4238 682 4301 αὐτοῖς
714 4258 728 4273 ·
791 4238 850 4294 Οἱ
938 4233 1181 4312 βασιλεῖς
1245 4239 1352 4289 τῶν
1412 4232 1569 4289 ἐθνῶν
1638 4232 1938 4311 κυριεύουσιε

2045 4231 2357 4308 eiszlieges
2388 4230 2650 4308 gentium
2684 4232 3071 4294 dominantur
3100 4235 3275 4308 eis,et
3299 4239 3396 4317 qui
3432 4247 3695 4317 potesta-

306 4332 504 4403 αὐτῶν,
553 4330 641 4384 καὶ
700 4330 747 4385 οἱ
822 4324 1210 4396 ἐξουσιάζοντες
1264 4323 1459 4397 αὐτῶν,
1527 4323 1791 4402 εὐεργέται
1855 4343 1938 4378 κα-

2046 4330 2163 4380 tem
2197 4319 2417 4379 habent
2446 4337 2629 4399 super
2651 4337 2772 4399 eas,
2803 4320 3053 4382 beneﬁci
3088 4335 3387 4386 vocantur.
3436 4326 3553 4388 Vos
3585 4349 3697 4390 an-

310 4420 546 4481 λοῦνται,
609 4408 795 4493 ’Υμεϊς
846 4413 901 4471 δὲ
962 4415 1067 4493 οὐχ
1123 4413 1287 4477 οὕτως
1323 4427 1335 4442 ·
1400 4409 1521 4467 ἀλλ’
1575 4415 1602 4468 6
1659 4412 1849 4487 μείζων
1907 4410 1938 4465 ἐι

2048 4419 2164 4471 tem
2200 4428 2317 4469 non
2343 4409 2427 4469 sic
2464 4430 2475 4464 :
2510 4409 2613 4469 sed
2647 4411 2742 4489 qui
2781 4412 2969 4489 major
2998 4421 3085 4471 est
3115 4413 3170 4471 in
3204 4413 3390 4495 vobis,
3416 4415 3513 4476 ﬁat
3543 4417 3702 4488 sicut

310 4510 463 4589 ὑμῖν,
509 4508 740 4585 γενέσθω
783 4506 857 4569 ὡς
890 4507 917 4561 6
960 4504 1238 4582 νεώτερος,
1288 4502 1375 4558 καὶ
1419 4503 1447 4557 6
1476 4501 1769 4579 ἡγούμενος
1817 4502 1890 4589 ᾡς
1934 4527 1938 4548 ι

2040 4500 2287 4589 junior:
2325 4508 2384 4559 et
2409 4504 2506 4589 qui
2543 4498 2819 4577 princeps
2869 4510 2977 4574 est,
3027 4501 3180 4562 sicut
3224 4503 3323 4583 qui
3376 4505 3694 4568 ministrat.

308 4587 594 4659 διακονῶν.
641 4597 731 4658 Τίς
774 4596 874 4673 γὰρ
919 4593 1161 4669 μείζων;
1220 4594 1248 4647 6
1291 4590 1659 4665 ἀνακείμενος,
1704 4590 1741 4657 ἢ
1784 4591 1812 4645 6
1841 4587 1938 4644 δια.

2023 4587 2191 4659 ,Nam
2217 4596 2351 4649 uter
2374 4588 2562 4667 major
2590 4589 3217 4668 est,quiaccumbit,an
3244 4598 3342 4673 qui
3379 4594 3702 4657 ministrat?

309 4689 481 4745 κονῶν
515 4706 532 4766 ς
582 4684 706 4765 οὒχὶ
745 4686 773 4739 6
816 4682 1159 4756 ἀνακείμενος
1195 4701 1211 4753 ;
1266 4676 1410 4757 Ἐγὼ
1448 4676 1503 4734 δέ
1550 4680 1656 4755 εἰμι
1704 4686 1758 4734 ὲν
1818 4677 1938 4753 μὲσι

2051 4695 2249 4739 nonne
2294 4678 2394 4757 qui
2444 4676 2776 4737 accumbit?
2806 4679 2880 4738 At
2920 4696 3027 4755 ego
3079 4680 3136 4740 in
3186 4681 3392 4743 'medio
3444 4692 3701 4744 vestrum

308 4781 456 4855 ὑμῶν
510 4780 585 4840 ὡς
644 4778 672 4832 6
715 4773 997 4836 διακονῶν,
1034 4796 1062 4827 ι
1115 4768 1276 4829 Οὐδὲν
1322 4768 1720 4849 πεπωρωμένης
1781 4774 1934 4848 ψυχῆ

2051 4780 2276 4855 sum‘ut
2310 4766 2409 4845 qui
2451 4766 2764 4828 miniSIrat.
2810 4792 2827 4818 ι
2858 4768 3019 4829 Nihil
3070 4771 3380 4831 excmcatis
3423 4770 3702 4834 miserius

310 4850 654 4945 ἀθλιώτερον,
722 4861 856 4920 Ἰδοὺ
919 4868 1045 4940 γοῦν
1107 4863 1135 4916 6
1197 4860 1382 4939 Κύρίος
1426 4858 1521 4937 ὅρα
1564 4860 1614 4917 τί
1657 4880 1840 4938 φησιν,
1887 4857 1938 4913 ὅτ

2053 4850 2325 4918 est.Vide
2359 4854 2517 4916 enim
2552 4855 2692 4934 quid
2726 4858 3012 4918 Dominus
3041 4858 3229 4921 dicat:
3273 4861 3463 4921 «Ecce
3495 4879 3705 4923 manus

318 4978 343 5011 α
414 4948 475 5011 Ἠ
538 4956 659 5035 χεὶρ
716 4960 810 5009 τοῦ
863 4948 1239 5031 παραδιδόντος
1284 4971 1374 5025 με,
1421 4948 1509 5004 ἐπὶ
1550 4955 1649 5015 τῆς
1703 4948 1937 5027 τραπέζη

2056 4944 2343 5006 tradentis
2379 4962 2494 5022 me,
2532 4962 2763 5005 mecum
2796 4954 2882 5005 est
2912 4946 2970 5007 in
3015 4966 3215 5008 mensa
3250 4966 3263 5010 :
3299 4974 3322 5003 ι)
3352 4958 3409 5009 et
3437 4951 3707 5030 stupidus

315 5042 434 5122 μετ’
490 5044 622 5119 ἐμοῦ
653 5058 671 5076 ⁸
715 5066 737 5099 ι
787 5043 877 5098 καὶ
915 5045 943 5097 6
986 5040 1234 5103 ἀσύνετος
1280 5038 1376 5095 οὒκ
1417 5037 1694 5113 ᾐσθάνετο.
1748 5040 1844 5095 Καὶ
1874 5040 1972 5116 γὰρ

316 5137 378 5194 οὒ
431 5133 615 5212 μόνον,
660 5132 753 5204 ’ίνα
795 5128 937 5206 δείξῃ
986 5129 1066 5186 ὅτι
1106 5130 1200 5185 οὔχ
1228 5127 1417 5206 ἀγνοεῖ
1448 5128 1509 5183 τὸ
1538 5125 1969 5203 συμϐησόμενον,

312 5228 481 5284 ταῦτα
540 5220 685 5301 λέγει
744 5222 771 5276 6
832 5220 1042 5296 Κύριος,
1088 5217 1225 5274 ἀλλά
1273 5217 1362 5272 καὶ
1403 5216 1496 5273 ἵνα
1526 5214 1665 5293 δείξῃ
1708 5219 1846 5292 ἡμῖν
1888 5220 1976 5273 καὶ

314 5315 416 5383 τὴν
447 5314 645 5371 οἰκείαν
688 5309 1019 5389 ἀγαθότητα,
1052 5308 1140 5364 καὶ
1196 5306 1296 5373 τὴν
1350 5313 1443 5362 τοῦ
1499 5304 1757 5385 προδότου
1799 5329 1868 5363 πο
1882 5330 1972 5373 δη-

316 5404 459 5484 ρίαν,
516 5400 598 5458 δτι
680 5403 768 5456 καὶ
855 5398 1121 5461 συνέστιος
1196 5394 1434 5473 γενέσθαι
1496 5399 1591 5453 οὒκ
1645 5396 1974 5475 ἠρυθρίασεν,

322 5491 454 5552 Οὒδὲ
510 5489 671 5548 πάλιν
730 5486 887 5551 αὐτὸς
943 5487 1118 5568 ἀφῆκε
1171 5486 1236 5540 τὰ
1266 5485 1441 5541 οἰκεῖα
1474 5490 1670 5558 ποιῶν,
1703 5486 1791 5540 καὶ
1818 5486 1977 5541 τύπον

318 5583 455 5657 ἡμῖν
506 5581 685 5654 τιθεὶς,
732 5577 827 5633 ’ἕνα
886 5573 1015 5657 ἄχρι
1075 5574 1259 5637 τέλους
1319 5571 1697 5650 σπουδάζωμεν
1728 5574 1979 5653 κερδῆσαι

319 5670 443 5737 τοὺς
495 5671 804 5734 πταίοντας.
870 5688 895 5725 α
964 5668 1061 5725 Καὶ
1118 5668 1147 5723 δ
1201 5665 1300 5742 μὶν
1366 5664 1485 5727 Υἱὸς
1528 5669 1623 5720 τοῦ
1681 5663 1978 5747 ἀνθρώπου,

2059 5054 2177 5096 non
2209 5034 2397 5115 sensit
2478 5033 2709 5094 Etenim
2768 5034 3054 5096 Dominus
3107 5039 3230 5100 haec
3260 5038 3423 5111 dicit,
3452 5058 3568 5101 non
3601 5059 3706 5101 so-

2060 5128 2177 5186 lum
2206 5132 2269 5185 ut
2294 5126 2568 5184 ostendat
2586 5143 2649 5184 se
2683 5142 2800 5185 non
2836 5125 3110 5202 ignorare
3142 5129 3295 5209 quod
3332 5128 3707 5203 eveniet,sed

2061 5223 2119 5275 et
2140 5222 2201 5274 ut
2228 5212 2395 5272 nobis
2421 5230 2586 5273 suam
2625 5213 2971 5281 bonitatem,
2994 5227 3050 5278 ct
3088 5217 3406 5296 prodituris
3427 5218 3707 5280 malitiam

2060 5303 2357 5378 ostendat,
2391 5304 2489 5383 qui
2516 5323 2632 5363 non
2658 5305 2964 5365 erubuerit
2993 5316 3195 5367 Secum
3220 5308 3541 5370 convivari.
3560 5310 3710 5371 Nam

2063 5393 2351 5455 Dominus
2376 5413 2493 5454 non
2518 5396 2718 5456 omisit
2737 5415 2841 5455 sua
2863 5395 3151 5468 facere,ut
3174 5397 3343 5458 nobis
3372 5400 3713 5478 exemplum

2064 5485 2233 5545 daret
2264 5493 2327 5543 ut
2358 5502 2544 5564 usque
2576 5485 2635 5545 in
2665 5486 2843 5546 tinem
2880 5489 3073 5566 lapsos
3106 5488 3322 5549 lucrari
3346 5487 3714 5555 studeamus.

2065 5572 2136 5633 Et
2161 5569 2378 5633 «Filius
2409 5575 2649 5653 quidem
2686 5574 3542 5658 hominis,inquit,vaditn:non
3565 5596 3716 5659 qua-

2068 5664 2119 5725 si
2152 5681 2270 5724 non
2300 5663 2488 5727 valeat
2505 5684 2571 5726 se
2586 5665 3023 5741 vindicare,sed
3044 5668 3180 5750 quia
3196 5666 3343 5731 olim
3370 5667 3718 5733 decreverat
