4184 6414
508 336 653 406 10⁸71
1483 328 2083 399 THEOPHYLACTI
2130 324 2541 387 BULGARUE
2586 324 2946 388 ARCHIEP.
3772 320 3915 387 107?

506 473 658 538 mori
692 473 749 533 in
783 472 1040 534 salutem
1072 469 1407 530 hominum.
1448 490 1474 521 α
1498 464 1929 527 Verumtamen
1954 481 2039 523 va;
2064 462 2099 522 h

2273 462 2409 538 ρησὶ,
2470 462 2786 539 πορεύεται·
2854 483 2883 514 ι
2932 458 3037 538 οὔχ
3094 459 3169 520 ὡς
3221 455 3453 512 ἀσθενῶν
3501 456 3694 531 ἀμῦναι
3731 459 3907 533 ἑαυτῷ

507 564 655 626 mini
688 563 777 626 illi
811 579 918 641 per
948 577 1123 639 quem
1155 558 1426 618 traditur.
1468 579 1490 609 »
1527 553 1673 615 Nam
1730 552 2165 633 praedeﬁnitum

2273 548 2378 605 ἷιλλ’
2410 552 2484 613 ὡς
2517 552 2698 629 ὁρίσας
2756 552 2929 623 ἑαυτῷ
2968 550 3061 603 τὸν
3109 548 3334 603 θάνατον
3396 543 3481 600 ἐπὶ
3544 549 3771 625 σωτηρίᾳ
3806 556 3904 604 τῶν

506 653 745 734 quidem
781 633 871 726 est
902 633 981 709 ιη’
1000 648 1255 728 patiatur
1285 666 1297 703 :
1338 645 1440 706 sed
1492 651 1551 703 tu
1583 642 2075 734 quaregin_ventus
2106 656 2171 700 es

2273 636 2575 717 ανθρώπων,
2614 663 2643 695 α
2704 638 2850 734 Πλὴν
2905 638 3018 694 οὐαὶ
3059 643 3135 710 τῷ
3191 634 3451 712 ἀνθρώπῳ
3500 633 3707 713 ἐκείνῳ,
3738 634 3800 691 δι’
3851 644 3908 692 εὖ

509 718 723 817 malus,
760 748 818 800 et
846 723 926 800 ita
956 718 1026 798 ad
1060 735 1457 817 proditionem
1522 718 1791 812 paratus?
1844 730 2173 809 Propterea

2273 725 2626 804 παραδίδοται.
2668 747 2698 787 )
2738 718 2999 807 (Ὠρισται
3032 726 3127 801 μὲν
3159 726 3259 803 γὰρ
3312 726 3528 803 παθεῖν,
3571 722 3705 779 ἀλλὰ
3735 725 3793 779 σὺ
3833 723 3910 781 διὰ

511 831 619 892 tibi
646 849 731 891 vae
760 828 1165 907 adjudicatum
1191 832 1302 904 est,
1329 822 1467 903 quia
1520 824 1797 882 iuventus
1829 838 1892 881 es
1922 819 2173 881 studens

512 919 857 1002 proditioni;
893 916 1029 997 quia
1077 915 1249 976 etiam
1293 930 1544 990 serpens
1603 909 1959 971 maledictus
1992 916 2080 969 est
2112 926 2181 969 eo

515 1000 675 1092 quod
714 1008 957 1071 servivit
988 1004 1210 1067 diaboli
1235 1000 1777 1092 consiliis.Turbati
1814 1007 2179 1092 suntautem

514 1086 795 1177 discipuli
826 1096 1049 1159 auditis
1086 1095 1273 1167 his,et
1295 1092 1405 1152 hoc
1430 1091 1603 1151 latius
1622 1089 1819 1150 disces
1841 1088 1899 1148 in
1922 1086 2180 1177 Evange-

514 1191 591 1251 lio
621 1176 890 1252 Joannis.
911 1185 1081 1248 Nunc
1108 1191 1305 1244 autem
1341 1199 1459 1240 non
1491 1180 1564 1240 de
1596 1178 1939 1257 suspicione
1972 1176 2177 1256 prodi-

516 1280 699 1344 tionis
723 1285 947 1339 tantum
986 1272 1325 1345 turbantur,
1361 1270 1464 1330 sed
1498 1287 1569 1329 ex
1596 1267 1936 1330 turbatione
1985 1266 2084 1326 illa
2107 1264 2180 1325 ad

518 1367 934 1433 contentiones
967 1363 1242 1434 veniunt,
1278 1358 1716 1421 contendentes
1764 1357 1898 1436 quis
1930 1372 2001 1416 ex
2038 1354 2183 1435 ipsis

521 1466 679 1521 esset
702 1452 1583 1519 maximus.Incideruntautem
1608 1447 1665 1506 in
1683 1446 1832 1505 hanc
1858 1444 2019 1504 litem
2046 1442 2185 1523 quia

521 1546 847 1611 verisimile
880 1552 969 1606 est
995 1543 1155 1623 quod
1186 1540 1342 1600 inter
1371 1556 1435 1599 se
1457 1538 1745 1599 dixerunt
1778 1552 1931 1593 unus
1956 1531 2128 1593 alteri
2164 1552 2177 1591 :

522 1638 612 1701 Tu
647 1636 987 1718 proditurus
1014 1621 1107 1706 es,
1162 1639 1219 1692 et
1248 1625 1606 1718 aliusﬂalteri
1643 1642 1656 1686 :
1686 1621 1908 1718 TuLEt
1939 1621 2183 1718 inde_eo

525 1712 1015 1810 pervenerunt'ut
1046 1721 1358 1810 dicerent:
1386 1717 1514 1810 Ego
1538 1732 1664 1810 sum
1681 1713 1925 1810 melior,
1957 1721 2044 1810 et,2
2062 1712 2183 1790 Ego
2210 1753 2246 1803 Β

526 1802 656 1881 sum
684 1817 892 1895 major,
926 1822 982 1873 et
1011 1809 1249 1871 similia.
1290 1807 1443 1881 Quid
1479 1804 1658 1881 igitur
1679 1802 2182 1866 Dominus?Com-

528 1909 731 1991 primit
756 1890 1069 1967 tumultum
1094 1901 1253 1961 hunc
1286 1894 1517 1957 duobus
1549 1890 2185 1991 exemplisUnogen-

530 1978 744 2070 iilium,
798 2010 947 2072 quos
993 1990 1412 2053 abominantur
1447 2006 1459 2041 :
1496 1982 1819 2072 ostendens
1865 1980 2020 2060 quod
2068 1978 2187 2040 illis

528 2069 898 2149 assimilandi
920 2081 1058 2151 sint,
1093 2078 1143 2138 si
1170 2077 1399 2156 sapiant
1431 2071 1883 2135 similia.Altero
1906 2069 2048 2129 470
2074 2088 2185 2129 au-

531 2187 647 2240 tem
678 2166 1243 2250 suoexemplo.Eos
1274 2165 1433 2225 enim
1456 2162 1528 2222 ad
1557 2160 1948 2222 humilitatem
1981 2177 2186 2220 exem-

532 2268 629 2348 plo
655 2285 762 2327 suo
789 2262 973 2341 ducit,
998 2247 1331 2348 ostendens
1365 2251 1522 2333 quod
1581 2251 1708 2330 ipse
1745 2249 2046 2309 ministret
2073 2247 2182 2309 eis.

529 2346 764 2420 Etenim
798 2361 958 2424 tunc,
996 2349 1146 2410 sicut
1174 2346 1393 2405 dictum
1428 2349 1539 2416 est,
1570 2357 1781 2419 panem
1797 2356 1965 2398 suum
1997 2346 2053 2397 et
2076 2356 2183 2416 po-

534 2456 657 2509 tum
681 2440 1004 2506 distribuit.
1031 2436 1174 2500 Cum
1206 2434 1386 2512 igitur
1410 2450 1541 2508 ego,
1578 2446 1755 2508 quem
1788 2426 1983 2488 omnis
2012 2426 2184 2487 ratio-

537 2536 691 2597 nalis
720 2541 779 2593 et
809 2528 1083 2608 angelica
1113 2532 1387 2586 creatura
1415 2521 1684 2591 adorant,
1716 2516 1777 2576 in
1810 2516 2009 2575 medio
2052 2533 2186 2575 ves-

540 2625 610 2686 tri
656 2604 953 2692 minislro,
990 2614 1289 2695 quomodo
1320 2628 1422 2671 vos
1452 2608 1617 2685 digni
1661 2606 1827 2695 estis
1850 2604 1952 2684 qui
1984 2623 2191 2683 magna

537 2716 611 2776 de
646 2710 813 2773 vobis
846 2692 1202 2777 sentiatis,et
1227 2701 1445 2782 primas
1480 2705 1673 2777 partes
1702 2693 1973 2773 capiatis?
2003 2692 2191 2755 Vide-

534 2815 630 2865 tur
652 2809 848 2863 autem
881 2795 1025 2858 mihi
1058 2811 1175 2853 non
1207 2790 1404 2851 obiter
1434 2788 1611 2867 hujus
1648 2782 1952 2846 recubitus
1988 2792 2044 2844 et
2076 2784 2190 2842 mi-

537 2889 768 2954 nisterii
790 2883 1154 2955 meminisse,
1180 2878 1283 2939 sed
1310 2878 1601 2938 reducere
1619 2872 1704 2934 eis
1731 2873 1791 2933 in
1814 2871 2189 2950 memoriam,

2269 816 2319 871 τί
2372 817 2584 895 εὑρέθης
2658 818 2849 896 κακὸς,
2939 816 3076 872 ὥστε
3134 824 3264 893 πρὸς
3349 810 3659 889 προσδοσίαν
3712 812 3911 888 ἕτοιμος

2528 907 2626 962 Διὰ
2679 914 2835 963 τοῦτο
2863 914 2948 962 οὖν
2981 927 3064 960 σοι
3109 905 3171 959 τὸ
3202 904 3316 961 οὐαὶ
3346 900 3809 979 ἀποκεκλήρωται,
3838 902 3913 959 ὅτι

3460 993 3576 1047 ἐπεὶ
3619 992 3704 1046 καὶ
3744 993 3770 1047 ὁ
3798 991 3910 1071 ὄφις

2270 906 2412 963 εἶναι
2446 927 2461 986 ;

2268 996 2481 1074 εὑρέθης
2544 994 2845 1066 ἐπιτήδειος
2904 996 2977 1059 εἷς
3065 992 3350 1072 προδοσίαν
3382 1011 3395 1025 °

2267 1083 2680 1164 ἐπικατάρατος,
2728 1083 2857 1141 διότι
2914 1085 3215 1161 ὑπούργησε
3266 1088 3334 1157 τῇ
3387 1082 3478 1136 τοῦ
3507 1078 3751 1135 διαϐόλου
3781 1102 3912 1154 συμ-

2265 1171 2453 1251 ϐουλῇ.
2518 1171 2946 1253 Ἐθορυϐήθησαν
3004 1170 3057 1227 δὲ
3122 1174 3167 1228 οἱ
3241 1171 3473 1247 μαθηταὶ
3532 1171 3695 1225 ταῦτα
3765 1170 3916 1224 ἀκού-

2266 1285 2449 1329 σαντες
2485 1280 2498 1293 '
2561 1264 2649 1319 καὶ
2701 1270 2857 1319 τοῦτο
2907 1261 3229 1339 πλατύτερον
3289 1260 3504 1334 μαθήσῃ
3566 1257 3620 1312 ἐν
3664 1264 3741 1333 τῷ
3795 1259 3919 1312 κατὰ

2267 1351 2544 1419 Ἰωάννην,
2608 1360 2709 1410 Νῦν
2765 1351 2817 1408 δὲ
2863 1353 2921 1408 οὗ
2965 1353 3083 1429 περὶ
3126 1356 3226 1418 τῆς
3283 1349 3529 1411 ὑπονοίας
3577 1352 3674 1414 τῆς
3728 1344 3915 1425 προδο-

2269 1446 2383 1506 σίας
2441 1440 2775 1520 θορυϐοῦνται
2829 1443 3015 1519 μόνορ,
3074 1438 3196 1496 ἀλλ’
3242 1439 3302 1495 ἐκ
3345 1437 3530 1494 τούτου
3575 1444 3666 1494 τοῦ
3710 1433 3915 1514 θορύϐου

2267 1531 2353 1586 καὶ
2408 1532 2482 1595 εἷς
2542 1529 2647 1609 ἔριν
2708 1530 2978 1611 ἔρχονται,
3039 1527 3461 1607 φιλονεικοῦντες
3508 1526 3587 1588 τίς
3632 1526 3799 1580 αύτῶν
3828 1523 3909 1590 εἴη

2269 1621 2485 1695 μείζων.
2520 1617 2803 1677 Ἐνέπεσον
2861 1618 2914 1675 δὲ
2975 1620 3048 1683 εἷς
3102 1622 3299 1685 ταύτην
3330 1617 3430 1683 τὴν
3463 1614 3568 1689 ἔριν
3596 1612 3905 1675 ἀκολούθως.

2271 1710 2420 1764 Ἐπεὶ
2476 1710 2576 1787 γὰρ
2634 1711 2766 1787 πρὸς
2812 1707 3077 1778 ἀλλήλους
3135 1709 3275 1772 εἰκὸς
3346 1706 3412 1774 ἦν
3455 1704 3653 1782 λέγειν,
3713 1701 3789 1757 ὅτι
3844 1702 3910 1756 Σὺ

2269 1796 2484 1874 μέλλεις
2527 1797 2828 1878 προδιδόναι
2866 1815 2879 1827 ’
2943 1800 3031 1855 καὶ
3085 1805 3150 1853 αὖ
3200 1800 3409 1859 ἐκεῖνος
3468 1796 3659 1872 τούτῳ,
3704 1792 3781 1848 ὅτι
3823 1792 3907 1845 Σύ·

2270 1888 2329 1944 ἐκ
2386 1890 2573 1945 τούτου
2635 1890 2993 1969 προήχθησαν
3054 1889 3125 1949 εἷς
3199 1889 3261 1943 τὸ
3336 1885 3513 1965 λέγειν
3545 1903 3563 1922 ⁸
3623 1882 3764 1961 Ἐγώ
3816 1883 3912 1955 εἶμι

2268 1978 2543 2057 κρείττων,
2603 1979 2714 2052 καὶ,
2772 1977 2916 2055 Ἐγὼ
2966 1980 3072 2053 εἰμι
3124 1978 3340 2052 μείζων,
3372 1976 3555 2032 καὶτὰ
3597 1979 3830 2032 τοιαῦτα,
3862 1972 3915 2026 Τί

2272 2075 2359 2123 οὖν
2420 2070 2448 2124 ὁ
2480 2069 2666 2146 Κύριος
2702 2087 2717 2141 ;
2756 2066 3111 2125 Καταστέλλει
3144 2068 3234 2124 τὸν
3264 2062 3481 2145 θόρυϐον
3543 2064 3740 2120 τιύτων
3789 2059 3917 2115 δυσὶν

2272 2154 2672 2234 δποδείγμασιν,
2737 2158 2809 2213 ἐνὶ
2866 2156 2964 2231 μὲν
3007 2164 3084 2231 τῷ
3128 2162 3232 2212 τῶν
3291 2156 3537 2233 ἐθνικῶν,
3598 2154 3686 2215 οὒς
3734 2146 3911 2226 βδελυσ-

2269 2247 2426 2311 κτοὺς
2454 2248 2640 2327 εἶχον,
2677 2245 2926 2302 δεικνύων
2977 2244 3058 2301 ὅτι
3108 2247 3316 2307 τούτοις
3350 2244 3586 2304 ἐοικότες
3618 2241 3838 2307 ἔσονται,
3870 2238 3910 2292 εί

2268 2339 2484 2393 τοιαῦτα
2528 2343 2802 2415 φρονοῦσιν
2836 2348 2856 2368 ⁸
2896 2336 3058 2412 ἑτέρῳ
3100 2334 3154 2390 δὲ
3183 2339 3261 2408 τῷ
3312 2334 3501 2389 ἑαυτοῦ
3537 2353 3552 2368 ·
3606 2330 3680 2386 δι’
3733 2329 3907 2384 ἑαυτοῦ

2271 2426 2370 2504 γὰρ
2419 2426 2490 2490 είς
2546 2414 3031 2505 ταπεινοφροσύνην
3080 2423 3221 2502 ἄγει,
3267 2422 3467 2485 δεικνὺς
3516 2422 3698 2478 ἑαυτὸν
3741 2414 3906 2473 διακοο

2272 2521 2460 2570 νοῦντα
2517 2516 2722 2578 αὐτοῖς,
2789 2515 2885 2571 Καὶ
2938 2515 3038 2593 γὰρ
3086 2512 3150 2582 δτῖ
3193 2512 3337 2586 τότε,
3397 2514 3535 2569 καθα
3565 2511 3795 2589 εἴρηται,
3825 2507 3907 2561 τὸν

2272 2600 2430 2681 ἄρτον
2480 2603 2662 2667 αὐτοῖς
2718 2604 2804 2659 καὶ
2859 2605 2923 2659 τὸ
2977 2604 3234 2679 ποτήριον
3262 2601 3546 2677 διένειμεν,
3580 2599 3725 2657 Ἐπεὶ
3751 2596 3912 2651 τοίνυν

2274 2692 2382 2771 ἐγὼ
2440 2696 2468 2749 ὁ
2516 2695 2618 2750 ὑπὸ
2692 2694 2868 2760 πάσης
2946 2691 3238 2773 ἀγγελικῖκ
3301 2694 3389 2749 καὶ
3441 2690 3667 2769 λογικῆς
3723 2688 3913 2763 φύσεως

2279 2784 2746 2861 προσκυνούμενος,
2808 2782 2861 2839 ἐν
2909 2784 3057 2858 μέσῳ
3110 2784 3257 2857 ὑμῶν
3305 2780 3555 2855 διακονῶ,
3609 2784 3721 2841 πῶς
3772 2778 3917 2851 ὑμεῖς

2278 2871 2418 2938 ἄξιοι
2470 2872 2588 2929 ἐστε
2618 2871 2926 2953 μεγαλοφρο
2938 2886 3066 2952 θεῖν,
3130 2874 3217 2929 καὶ
3247 2874 3367 2951 περὶ
3395 2873 3670 2950 πρωτείων
3700 2866 3875 2945 ἐρίζειν
3904 2878 3920 2937 ;

538 2982 677 3064 quia
710 2982 792 3042 De
824 2994 942 3037 uno
968 2989 1119 3054 pane
1152 2966 1527 3045 comedistis,
1558 2972 1616 3025 et
1639 2982 1708 3024 ex
1738 2980 1855 3022 uno
1880 2961 2063 3021 calice
2096 2960 2188 3021 bi-

2286 2974 2447 3021 Δοκεῖ
2490 2962 2545 3018 δέ
2594 2985 2682 3039 μοι
2716 2961 2851 3039 μηδὲ
2880 2963 3156 3042 παρέργως
3217 2960 3354 3019 οὕτω
3408 2965 3774 3038 μνημονεῦσαι
3832 2958 3920 3021 τῆς

540 3035 733 3143 histis,
762 3035 984 3131 amicos
1017 3071 1075 3122 et
1104 3059 1417 3120 unanimes
1440 3035 1555 3117 una
1602 3069 1805 3114 mensa
1838 3051 2017 3113 fecit:
2045 3070 2189 3131 qua-

2280 3035 2605 3116 ἆνακλίσεως
2665 3035 2866 3119 ταύτης
2924 3035 3028 3108 καῖ’
3061 3035 3165 3120 ⁷τῆς
3219 3035 3537 3132 διακονίας,
3575 3045 3694 3105 ἀλλ’
3738 3045 3922 3118 ἀναμι-
3966 3035 3968 3037 ’

536 3131 763 3239 re‘erg’o
796 3153 999 3235 sapitis
1028 3168 1158 3230 qua
1189 3147 1337 3239 tales
1368 3164 1483 3206 non
1517 3145 1760 3205 decent?
1785 3150 1843 3203 et
1873 3159 2067 3239 neque
2086 3159 2189 3219 ego

2278 3144 2532 3239 μνήσκων
2575 3142 2782 3216 αὐτοὺς,
2830 3140 2910 3197 ὅτι
2958 3143 3015 3198 Εἰ
3058 3140 3110 3206 ἐξ
3172 3142 3286 3206 ἐνὸς
3344 3141 3504 3211 ἄρτου
3560 3138 3805 3218 ἐφάγετε,
3844 3131 3924 3186 καὶ

540 3253 639 3313 uni
674 3230 913 3329 quidem
934 3240 1169 3319 servivi,
1202 3237 1373 3298 alteri
1412 3244 1607 3297 autem
1644 3250 1762 3329 non
1812 3230 2052 3306 servivi,
2086 3230 2190 3291 sed

539 3360 609 3402 ex
643 3320 809 3417 (equo
860 3330 1138 3393 omnibus
1171 3325 1336 3386 vobis
1372 3341 1384 3385 :
1423 3341 1633 3383 omnes
1677 3320 1857 3417 igitur
1903 3338 2084 3381 unum
2137 3327 2193 3381 et

540 3407 1023 3492 idem-sentiatis.
1058 3417 1143 3478 Tu
1197 3424 1392 3475 autem
1427 3431 1493 3472 ex
1527 3412 1617 3472 his
1647 3407 1923 3471 omnibus
1965 3408 2191 3470 intelli-

540 3538 642 3600 gas
667 3514 821 3597 quod
843 3507 1117 3588 discipuli
1140 3507 1333 3566 adhuc
1352 3501 1689 3600 imperfecti
1713 3498 2065 3600 funerint,sed
2099 3500 2189 3559 vi-

540 3587 615 3670 de
645 3587 944 3685 quomodo
989 3587 1046 3658 et
1078 3604 1282 3675 postea
1331 3592 1691 3685 refulserint.
1744 3587 2195 3685 Confundantur

540 3676 986 3769 Manichaei,qui
1009 3686 1217 3747 dicunt
1252 3681 1538 3761 quosdam
1564 3688 1773 3739 natura
1805 3695 1935 3738 esse
1956 3676 2192 3738 indoci-

542 3788 656 3865 les,
686 3793 744 3846 et
773 3767 1204 3859 impossibilem
1228 3789 1362 3834 esse
1392 3770 1523 3830 vitae
1554 3767 1961 3829 mutationem.

626 4054 808 4113 VERS.
842 4046 1048 4110 28-34.
1080 4066 1106 4097 ι
1144 4040 1260 4103 Vos
1289 4047 1484 4102 autem
1521 4036 1664 4099 estis
1711 4037 1811 4116 qui
1857 4037 2193 4116 permansi-

542 4144 647 4205 stis
678 4156 908 4202 mecum
938 4137 997 4195 in
1030 4131 1452 4193 tentationibus
1476 4128 1622 4189 meis
1658 4149 1669 4185 :
1713 4136 1770 4186 et
1800 4144 1906 4204 ego
1940 4124 2190 4205 dispono

542 4232 730 4303 vobis,
768 4221 1232 4302 sicutdisposuit
1254 4218 1401 4280 mihi
1427 4222 1600 4281 Pater
1624 4235 1793 4278 meus
1822 4228 2095 4296 regnum,
2132 4223 2194 4275 ut

542 4322 730 4383 edatis
762 4326 819 4379 et
846 4314 1082 4385 bibatis,
1118 4328 1299 4390 super
1350 4326 1613 4370 mensam
1658 4325 1847 4368 meam
1900 4308 1957 4367 in
2008 4323 2192 4383 regno

2275 3230 2327 3298 ἐξ
2385 3233 2500 3294 ἑνὸς
2550 3232 2804 3310 ποτηρίου
2858 3230 3055 3311 ἐπίετε,
3115 3229 3295 3311 φίλους
3347 3232 3481 3306 ὑμᾶς
3512 3230 3603 3286 καὶ
3630 3223 3921 3300 ἡνωμένους

2274 3324 2309 3391 ἡ
2353 3323 2447 3397 μία
2504 3322 2735 3400 τράπεζα
2798 3334 2949 3377 ποιεῖ
2982 3337 2997 3356 ⁸
3070 3318 3206 3377 διατί
3247 3320 3423 3377 ταίνυν
3465 3317 3689 3384 ἀναξίως
3731 3314 3922 3369 τούτων

2276 3424 2521 3492 φρονεῖτε
2561 3429 2577 3491 ς
2611 3409 2762 3467 Ἀλλ’
2794 3408 2902 3470 οὐδ’
2932 3409 3040 3489 ἐγὼ
3068 3410 3239 3484 τούτῳ
3287 3410 3384 3485 μὲν
3414 3407 3736 3479 διηκόνησα,
3759 3401 3922 3492 τούτῷ

2275 3490 2320 3557 δ’
2351 3503 2433 3582 οἳ),
2466 3490 2602 3557 ἀλλὰ
2631 3506 2792 3557 πᾶσιν
2825 3501 2963 3576 ὑμῖν
2989 3500 3177 3567 ἐπίσης
3208 3518 3220 3532 ·
3256 3500 3450 3565 πάντες
3502 3500 3595 3555 οὗν
3622 3495 3680 3552 ἓν
3732 3494 3814 3551 καὶ
3866 3490 3923 3546 τδ

2278 3593 2404 3648 αὐτὸ
2446 3603 2718 3671 φρονεῖτε.
2765 3590 2839 3645 Σὺ
2892 3588 2947 3645 δέ
2996 3610 3088 3666 μοι
3132 3588 3193 3645 ἐκ
3235 3590 3451 3647 πάντων
3492 3589 3700 3646 τούτων
3745 3580 3923 3659 ἐννόει,

2278 3690 2392 3745 πῶς
2420 3679 2631 3744 ἀτελεῖς
2662 3680 2798 3747 ἦσαν
2833 3678 2910 3736 ’ἐτι
2955 3681 3003 3735 οἱ
3036 3679 3270 3755 μαθηταί
3299 3696 3318 3716 ο
3365 3677 3488 3736 ἀλλ’
3523 3676 3609 3735 ’ίδε
3639 3678 3751 3739 πῶς
3780 3672 3925 3728 {inde

2279 3795 2367 3853 ρον
2428 3771 2697 3847 ἔλαμψαν.
2761 3769 3219 3847 Ἐντρεπέσθωσαν
3293 3775 3596 3850 Μανιχαῖοι
3668 3764 3925 3842 λέγοντες,

2276 3864 2354 3920 ὅτι
2388 3863 2449 3919 ἐκ
2478 3860 2685 3940 φύσεώς
2744 3860 2841 3916 εἶσί
2882 3882 3022 3923 τινες
3079 3860 3330 3936 ἀμαθεῖς,
3395 3860 3484 3916 καὶ
3544 3857 3799 3915 ἀδύνατα*
3833 3869 3927 3926 μεθ’

2274 3950 2556 4018 τατεθῆναι
2585 3951 2824 4014 τούτους,

2367 4057 2394 4089 ιι
2441 4022 2631 4108 ’Υμεῖς
2674 4031 2728 4088 δέ
2760 4031 2878 4088 ἐστε
2923 4035 2969 4088 οἱ
3027 4029 3478 4107 διαμεμενηκότες
3538 4026 3658 4105 μετ’
3714 4024 3853 4100 ἐμοῦνη
3876 4020 3926 4078 ὂν

2276 4126 2397 4190 τοῖς
2453 4122 2776 4200 πειρασμοῖς
2830 4143 2957 4196 μου,
3018 4120 3170 4200 κάγὼ
3224 4118 3517 4195 διατίθεμαι
3576 4120 3729 4194 ὑμῖν,
3761 4111 3923 4200 καθὼς

2276 4213 2475 4271 διέθετό
2520 4194 2612 4290 μοι
2650 4194 2685 4267 γὸ
2716 4194 2899 4289 Πατήρ
2940 4194 3068 4286 νμου
3102 4194 3547 4286 *βασιλείαιίῗνα
3600 4205 3807 4271 ἐσθίητε

2276 4305 2464 4371 πίνητε
2523 4286 2636 4358 ’ἐπὶ
2692 4306 2791 4367 τῆς
2848 4286 3113 4377 τραπέζης
3173 4320 3298 4373 μου,
3358 4300 3446 4355 καὶ
3501 4297 3797 4367 καθέζησθε
3845 4286 3923 4345 lui

541 4380 699 4491 meo,
733 4417 790 4470 et
820 4380 1079 4467 sedeatis
1100 4380 1279 4480 super
1301 4400 1574 4479 thronos,
1601 4397 1947 4491 iudicantes
1969 4380 2189 4491 duode-

2281 4394 2478 4471 θρόνων
2564 4392 2825 4471 κρίνοντες
2881 4391 2973 4455 τὰς
3035 4386 3237 4445 δώδεκα
3308 4386 3472 4468 φυλὰς
3545 4394 3641 4445 τοῦ
3698 4380 3925 4461 Ἰσραήλ»

540 4483 900 4563 οἱπιλτὼυε
948 4492 1151 4554 Israel.
1202 4490 1302 4553 Ait
1354 4498 1549 4550 autem
1604 4486 1928 4549 Dominus:
1966 4483 2197 4560 Simon,

540 4591 772 4667 Simon,
801 4602 965 4652 ecce,
998 4586 1246 4641 Satanas
1305 4577 1588 4658 expetivit
1644 4594 1769 4650 vos,
1804 4584 1866 4636 ut
1909 4571 2199 4635 cribraret

2286 4483 2424 4539 Εἶπε
2468 4479 2523 4537 δὲ
2580 4482 2607 4537 ὁ
2668 4479 2852 4555 Κύριος
2886 4495 2901 4511 ⁶
2968 4481 3174 4559 Σίμων,
3218 4478 3426 4553 Σίμων,
3485 4476 3598 4535 ἰδοὺ
3642 4473 3929 4531 arma:

2286 4571 2577 4613 ιςπτιηηφη
2619 4572 2757 4613 rma...
2812 4576 2905 4613 m1
2942 4570 3179 4613 numam.
3240 4570 3314 4613 ,ιιι
3357 4570 3449 4613 τὴν
3483 4582 3639 4613 nam...
3674 4584 3691 4600 -
3751 4554 3932 4613 twdsﬁ

3751 4560 3867 4640 εγὼ

2281 4571 2577 4649 ἐξῃτήσατο
2619 4572 2759 4646 ὑμᾶς
2812 4576 2905 4627 τοῦ
2942 4570 3181 4626 συνιάσαι
3240 4570 3315 4632 ὡς
3357 4570 3449 4625 τὸν
3483 4582 3639 4625 σῖτον
3674 4584 3691 4600 ’

540 4680 697 4740 sicut
724 4645 986 4737 ti‘iticum
1024 4678 1047 4732 :'
1073 4670 1179 4731 sed
1214 4688 1320 4747 ego
1350 4645 1549 4747 rogavi
1587 4685 1690 4748 pro
1741 4674 1823 4746 te,
1857 4685 1933 4726 ne
1965 4663 2189 4725 deficiat

2279 4645 2500 4731 ἐδεήθην
2532 4645 2662 4739 περὶ
2691 4660 2807 4739 σοῦ,
2865 4657 2985 4748 ἵνα
3017 4657 3099 4734 μὴ
3155 4655 3379 4734 ἐκλείπῃ
3413 4658 3448 4725 ἡ
3480 4657 3661 4720 πίστις
3695 4672 3809 4711 σου»
3847 4645 3933 4703 Καὶ

546 4769 696 4830 ﬁdes
735 4761 929 4825 tua.Et
963 4770 1025 4821 tu
1059 4742 1378 4838 aliquando
1420 4742 1739 4817 conversus
1771 4742 2056 4816 conﬁrma
2073 4753 2189 4814 fra-

2279 4751 2340 4838 σύ
2399 4771 2532 4807 ποτε
2580 4748 2927 4828 ἐπιστρέψας,
2974 4746 3309 4826 ἐπιστήριξον
3360 4746 3483 4812 τοὺς
3534 4742 3794 4825 ἀδελφούς

542 4826 848 4918 tuos.
885 4855 957 4912 At
981 4849 1085 4909 ille
1106 4826 1247 4908 dixit
1274 4847 1328 4909 ei
1368 4868 1379 4905 :
1417 4846 1692 4919 Domine,
1725 4854 1920 4906 tecum
1954 4852 2189 4924 paratus

2280 4834 2338 4901 Ὀ
2383 4842 2436 4899 δὲ
2468 4843 2622 4899 εἶπεν
2656 4826 2800 4915 αὐτῷ
2832 4855 2845 4870 ⁰
2882 4840 3064 4920 Κύριε,
3123 4840 3260 4915 μετὰ
3310 4845 3407 4896 σοῦ
3455 4837 3671 4924 ἕτοιμός
3699 4835 3817 4909 εἶμι
3846 4826 3927 4884 Ill

540 4964 672 5008 sum
699 4952 756 5005 et
779 4944 840 5003 in
873 4956 1174 5001 carcerem
1206 4945 1264 4998 et
1285 4936 1345 4996 in
1375 4944 1626 4997 mortem
1649 4936 1844 4998 ire.At
1867 4920 1969 4994 ille
1994 4932 2142 4994 dixit
2172 4949 2186 4995 :

2276 4934 2351 4996 εἰς
2395 4932 2633 5013 φυλακὴν
2689 4932 2775 4987 καὶ
2820 4931 2894 4995 εἷς
2949 4930 3172 4987 θάνατον
3200 4927 3529 5008 πορεύεσθαι.
3569 4920 3627 4986 Ὀ
3656 4923 3713 4982 δὲ
3758 4925 3873 4978 εἶπε
3906 4934 3921 4950 ·

540 5035 689 5097 Dico
721 5031 1063 5106 tibi,Petre,
1099 5046 1214 5087 non
1247 5034 1416 5086 canet
1448 5024 1625 5085 hodie
1642 5023 1829 5103 gallus
1851 5024 2189 5103 priusquam

2276 5022 2431 5100 Λέγω
2474 5044 2582 5101 σοι,
2634 5020 2819 5099 Πέτρε,
2866 5021 2927 5077 οὒ
2970 5021 3047 5095 μὴ
3105 5019 3341 5099 φωνήσει
3388 5019 3626 5099 σήμερον
3672 5014 3921 5106 ﬁlium?)

542 5134 632 5186 ter
652 5092 912 5198 abneg'es
941 5092 1116 5177 nosse
1149 5134 1265 5178 me.
1309 5139 1329 5169 ι
1383 5092 1703 5191 Postquam
1737 5092 1882 5175 dixit
1924 5092 2189 5173 Iraditori

2276 5092 2397 5191 πρὶν
2453 5111 2489 5181 ἣ
2546 5092 2657 5191 τρὶς
3058 5092 3171 5185 μή·
3208 5106 3394 5166 εἰδέναι
3452 5092 3545 5184 με,
3607 5130 3644 5163 ι
3715 5092 3923 5198 Tucia“

541 5231 651 5287 vae,
706 5220 765 5273 et
816 5211 873 5269 in
916 5206 1117 5266 medio
1168 5203 1369 5264 docuit
1422 5221 1523 5263 eos
1552 5202 1809 5263 humiles
1842 5202 2198 5265 essezsicut

525 5300 811 5363 'traditori
842 5316 925 5357 we
962 5292 1435 5373 adjudicavit,ita
1458 5300 1517 5353 et
1535 5309 1567 5351 e
1585 5291 2196 5371 diverso,inquit:Vos

541 5391 685 5452 estis
706 5389 809 5469 qui
842 5384 1149 5447 mansistis
1202 5400 1437 5445 mecum
1480 5382 1538 5442 in
1572 5381 1992 5443 tentationibus
2023 5382 2193 5458 meis,

541 5481 680 5542 ideo
712 5487 775 5540 et
807 5476 1143 5539 mercedem
1172 5472 1339 5534 vobis
1369 5472 1767 5552 dispono,hoc
1795 5480 1906 5546 est,
1930 5471 2199 5551 paciscor

540 5568 845 5632 vobiscum
870 5575 1098 5647 ut,cum
1128 5568 1297 5625 Pater
1327 5580 1497 5623 meus
1519 5561 1876 5644 disposuerit
1906 5560 2195 5627 mihi,hoc

540 5665 662 5739 ost,
721 5653 1119 5736 sogregaverit
1166 5652 1315 5712 mihi
1369 5669 1601 5731 regum,
1649 5651 1836 5713 edatis
1878 5660 1933 5712 et
1982 5649 2196 5714 bibatis

2280 5186 2464 5275 εἶπεν,
2525 5186 2606 5257 ὅτι
2666 5207 2754 5275 Τῷ
2795 5186 3133 5279 παραδιδόντι
3182 5221 3247 5275 με
3293 5199 3429 5272 οὐαὶ,
3476 5198 3564 5255 καὶ
3596 5197 3651 5253 ἐν
3680 5200 3756 5269 τῷ
3788 5186 3926 5268 μάψ

2281 5290 2507 5355 ἐδίδαξεν
2548 5291 2760 5367 αὐτοὺς,
2821 5287 2902 5347 ὅτι
2971 5287 3054 5346 δεῖ
3111 5300 3514 5369 μετριοφρονεῖν
3546 5302 3561 5318 ⁸
3640 5284 3815 5361 ὥσπερ
3854 5283 3928 5351 τῷ

2280 5377 2618 5459 παραδιδόντι
2648 5381 2710 5436 τὸ
2769 5380 2884 5436 ούαὶ
2941 5377 3490 5459 προσαπεκλήρωσεν,
3549 5376 3719 5437 οὕτως
3757 5372 3930 5431 αὐτοῖς

2280 5458 2478 5528 ἐκντοῦ
2519 5469 2758 5527 ἐναντίου
2816 5468 3001 5547 φησὶν,
3062 5466 3141 5524 ὅτι
3190 5458 3377 5543 ’Υμεῖς
3418 5464 3473 5522 δέ
3530 5465 3652 5523 ἐστε
3681 5464 3726 5520 οἱ

2281 5560 2645 5636 μεμενηκότες
2697 5544 2998 5634 μετ’νέμοῦμ
3033 5556 3089 5613 ἐν
3129 5570 3259 5621 τοῖς·
3289 5568 3621 5636 πειρασμοῖς·
3655 5574 3758 5628 μου
3790 5569 3803 5583 '
3851 5544 3924 5603 διὸ

2280 5653 2367 5707 καὶ
2428 5646 2652 5726 ἀμοιϐὰς
2711 5650 2840 5723 ὑμῖν
2918 5646 3233 5724 διατίθεμαη
3318 5646 3579 5720 «eum,
3653 5640 3920 5719 Ηνμφυκῖν
