4184 6406
343 386 498 455 1073
1012 389 1461 453 ENARRATIO
1503 388 1585 452 IN
1631 386 2139 459 EVANGELIUM
2185 386 2428 451 LUGIE.
2474 421 2552 431 —
2596 388 2761 450 CAP.
2810 387 3004 450 XXII.
3572 375 3725 445 1074

332 525 464 604 πρὸς
492 525 652 599 ὑμᾶς,
686 523 780 580 ἵνα
809 523 925 580 ἐπεὶ
955 524 983 580 ὁ
1015 524 1197 602 Πατήρ
1256 546 1359 600 μου
1400 521 1598 581 διέθετό
1655 547 1770 600 μοι,
1827 521 1958 601 ἤγου

2044 565 2048 577 .
2072 537 2254 600 super
2283 537 2552 583 mensam
2580 537 2798 582 meam.
2828 516 3161 581 Comedere
3190 522 3392 577 autem
3427 520 3486 576 et
3513 511 3724 604 bibere

328 603 564 695 ἀφώρισέ
624 636 717 691 μοι
769 612 1069 690 βασιλείαν,
1125 611 1333 681 ἐσθίητε
1386 616 1473 671 καὶ
1520 615 1708 681 πίνητε
1765 614 1847 695 ἐφὶ
1888 616 1956 682 τῆ

2072 610 2369 686 dixit,non
2402 609 2780 692 quasiedulia
2811 608 2933 670 illic
2959 608 3079 670 sint
3099 606 3313 695 posita,
3338 623 3533 684 neque
3554 603 3725 684 quasi

327 694 590 784 τραπέζης
650 727 776 780 μου.
836 704 908 762 Τὸ
965 701 1019 759 δὲ
1078 702 1265 760 ἐσθίειν
1317 705 1405 762 καὶ
1454 704 1619 762 πίνειν
1667 694 1845 775 εἶπεν,
1879 709 1959 783 οὗ)

2066 700 2349 762 sensibile
2382 699 2677 780 quoddam
2710 716 2959 777 regnum
2994 698 3095 761 sit.
3128 694 3262 776 Ipse
3306 695 3465 785 enim
3518 711 3625 774 per
3654 711 3724 755 ea
3770 772 3773 777 ι

323 796 398 857 ὡς
456 792 760 870 ἐδεσμάτων
817 791 996 850 ἐκεῖσε
1051 792 1342 870 ἐσομένων,
1407 792 1524 851 οὐδὲ
1584 797 1657 857 ὡς
1722 796 1959 864 αἰσθητῆ

2063 808 2195 870 quae
2224 790 2562 853 Sadducris
2590 790 2821 851 locutus
2853 795 2962 864 est,
2998 787 3171 849 docet
3199 784 3356 866 quod
3392 790 3715 845 cenvcrsa—

321 883 484 951 οῧσης
534 888 634 950 τῆς
686 881 956 960 βασιλείας
1010 882 1191 945 αὖτοῦ.
1251 882 1419 948 Αὐτός
1476 905 1535 941 τε
1597 884 1695 963 γὰρ
1756 882 1959 950 ἐδίδαξε·

2062 878 2141 940 tio
2174 898 2306 961 quae
2338 878 2484 953 illic,
2511 877 2781 957 angelica
2810 876 2908 953 sit,
2941 884 2999 938 et
3023 875 3243 938 Paulus
3272 875 3445 963 docet
3465 891 3713 952 regnum

325 974 416 1038 οἷς
468 975 600 1052 πρὸς
644 974 765 1037 τοὺς
810 970 1191 1035 Σαδδουκαίους
1222 972 1398 1053 εἶπεν,
1430 975 1503 1036 ὡς
1542 962 1803 1052 ἀγγελική
1835 974 1959 1032 ἐστι’

2056 968 2167 1030 Dei
2194 987 2312 1030 non
2343 986 2474 1030 esse
2498 968 2694 1028 cibum
2717 974 2775 1028 et
2799 965 3181 1045 potum‘9.Ne
3202 963 3334 1045 quis
3351 962 3537 1041 igitur
3556 969 3717 1024 erret

316 1064 350 1131 ἡ
384 1065 565 1120 ἐκεῖσε
596 1060 867 1141 διαγωγὴ,
924 1062 1013 1117 καὶ
1055 1063 1083 1117 ὁ
1142 1060 1349 1125 Παῦλος
1394 1060 1449 1119 δέ
1478 1060 1708 1122 διδάσκει
1738 1063 1837 1131 τὴν
1866 1065 1959 1140 βα-

2054 1055 2669 1135 ευίίἰθηεὴὶο,αΕᾶδιίε
2686 1064 2743 1116 et
2756 1054 2967 1116 bibatis
2978 1072 3156 1136 super
3167 1069 3434 1116 mensam
3452 1069 3669 1123 meam,
3682 1076 3708 1109 ι

315 1150 519 1209 σιλείαν
563 1159 656 1208 τοῦ
699 1159 831 1208 Θεοῦ
887 1151 965 1226 μὴ
1015 1154 1155 1207 εἶναι
1200 1152 1396 1227 βρῶσιν
1426 1153 1514 1210 καὶ
1543 1153 1720 1212 πόσιν.
1758 1155 1843 1223 Μή
1887 1178 1959 1219 τις

2051 1146 2157 1208 sed
2188 1147 2405 1226 cogitet
2437 1145 2594 1227 quod
2620 1145 2841 1207 dictum
2887 1146 2961 1205 sit
3006 1162 3078 1206 ex
3129 1143 3476 1223 metaphora
3506 1160 3709 1203 eorum

309 1241 401 1299 οὖν
459 1240 746 1299 πλανάσθω
803 1241 1010 1297 ἀκούων
1062 1243 1284 1297 ἐνταῦθα
1338 1243 1423 1317 τὸ,
1497 1264 1525 1298 α
1581 1231 1707 1299 Ἵνα
1765 1242 1959 1311 ἐσθίητε

2058 1237 2221 1316 quia
2247 1235 2489 1316 regibus
2519 1236 2917 1297 honorantur.
2948 1236 3094 1295 Nam
3147 1234 3246 1314 qui
3289 1251 3423 1294 cum
3472 1230 3714 1310 regibus

306 1334 395 1389 καὶ
445 1331 632 1400 πίνητε
675 1331 764 1388 ἐπὶ
806 1335 906 1398 τῆς
949 1329 1213 1410 τραπέζης
1246 1346 1377 1406 μου⁰
1413 1354 1441 1387 ιι
1488 1329 1629 1389 ἀλλά
1657 1333 1843 1389 νοείτω
1886 1332 1959 1390 ὅτι

2054 1325 2599 1400 ccenant,videntur
2619 1324 2842 1405 primos
2868 1325 3127 1385 honores
3156 1319 3715 1399 sortiri.Hocigitur

304 1420 367 1478 ἐκ
424 1426 726 1501 μεταφορᾶς
783 1424 889 1476 τῶν
942 1409 1085 1499 παρὰ
1139 1431 1258 1484 τοῖς
1301 1429 1393 1480 τοῦ
1442 1421 1647 1497 κόσμου
1697 1420 1959 1498 βασιλεῧσ¹

2055 1422 2114 1476 et
2142 1415 2217 1478 de
2252 1416 2537 1496 apostolis
2575 1414 2744 1488 dicit,
2780 1412 2942 1491 quod
2972 1412 3128 1492 apud
3159 1430 3247 1501 se.
3268 1410 3545 1501 omnibus
3578 1409 3711 1471 aliis

303 1511 621 1587 τιμωμένων
677 1515 831 1567 τοῦτο
875 1508 1111 1586 εἴρηται.
1161 1510 1225 1568 Οἱ
1284 1510 1384 1589 γὰρ
1414 1509 1710 1568 σύνδειπνοι
1741 1519 1835 1569 τοῦ
1862 1515 1959 1590 βα-

2052 1505 2467 1585 praferantur.
2495 1507 2571 1568 At
2605 1503 2708 1566 ubi
2742 1505 2992 1565 thronos
3021 1510 3082 1567 et
3103 1500 3277 1564 sedes
3293 1498 3708 1576 audieris,non

300 1598 497 1663 σιλέως
528 1596 738 1658 δοκοῦσι
773 1599 984 1655 πάντων
1042 1598 1353 1676 πρωτεύειν.
1408 1606 1571 1658 Τοῦτο
1601 1599 1693 1657 οὗν
1721 1603 1812 1658 καὶ
1850 1597 1959 1682 περῖ

2053 1594 2298 1657 thronos
2341 1595 2629 1674 intellige,
2663 1594 2768 1656 sed
2815 1593 3078 1682 gloriam
3114 1600 3174 1655 et
3230 1592 3544 1682 honorem,
3574 1590 3710 1682 Non

298 1696 407 1747 τῶν
459 1687 773 1746 ἀποστόλων
818 1690 1000 1769 φησὶν,
1034 1685 1117 1745 ὅτι
1162 1689 1376 1746 πάντων
1410 1690 1781 1769 προτιμότεροι
1808 1678 1959 1750 ἔσον-

2048 1684 2208 1745 enim
2238 1692 2528 1747 creaturas
2577 1691 2667 1745 est
2718 1682 2957 1757 sedere,
2981 1681 3087 1743 sed
3125 1689 3345 1743 sanctae
3373 1678 3704 1755 Trinitatis,

299 1800 385 1834 ται
442 1777 568 1857 παρ’
627 1778 796 1853 αὑτῷ,
858 1774 1008 1835 Ἐπεὶ
1049 1778 1138 1833 καὶ
1180 1779 1379 1857 θρόνων
1421 1777 1673 1859 καθέδρας
1726 1779 1955 1855 ἁκούων,

2047 1773 2294 1837 increati
2342 1782 2401 1836 et
2442 1772 2603 1852 regis
2641 1772 2912 1834 omnium
2965 1769 3111 1833 Dei:
3147 1778 3436 1832 creatura;
3482 1775 3704 1849 autem,

300 1868 378 1942 μὴ
428 1856 640 1944 θρόνους
700 1866 834 1948 νόει,
890 1864 1030 1923 ἀλλὰ
1087 1856 1249 1942 τιμὴν
1278 1868 1367 1924 καὶ
1397 1856 1589 1934 δόξαν.⁷
1622 1868 1799 1929 Οὐδεὶς
1855 1872 1955 1950 γὰρ

2044 1874 2322 1945 tanquam
2385 1862 2644 1938 ancillae,
2681 1869 2770 1923 est
2824 1868 3008 1935 stare,
3067 1859 3249 1950 idque
3316 1856 3709 1950 corporaliter

297 1963 405 2013 τῶν
434 1962 669 2013 κτιστῶν
714 1956 804 2012 καὶ
834 1961 1101 2036 γενητῶν,
1132 1955 1250 2014 ἐκεῖ
1275 1956 1574 2015 καθεδεῖται
1609 1974 1623 1989 ⁸
1676 1958 1815 2018 ἀλλὰ
1858 1966 1955 2028 τῆς

301 2046 456 2125 ἁγίας
501 2043 744 2123 Τριάδος,
795 2052 888 2103 τοῦ
941 2044 1189 2105 ἅκτίστου
1236 2047 1324 2103 καὶ
1369 2045 1632 2123 βασιλέως
1664 2051 1769 2104 τῶν
1816 2047 1957 2106 ὅλων

299 2142 454 2211 Θεοῦ,
499 2135 672 2211 μόνης
698 2136 812 2192 ἐστὶ
871 2136 932 2191 τὸ
988 2134 1293 2206 καθέζεσθαι
1334 2154 1347 2168 ·
1389 2142 1487 2204 τῆς
1518 2135 1573 2193 δὲ
1597 2139 1846 2218 κτίσεως,
1882 2141 1955 2202 ὡς

296 2221 513 2297 δούλης,
571 2225 633 2280 τὸ
677 2223 951 2286 ἵστασθαι.
1014 2223 1114 2281 Καὶ
1146 2230 1309 2282 ταῦτα
1338 2221 1392 2281 δὲ
1443 2230 1765 2301 σωματικῶς
1794 2224 1954 2304 λέγο-

298 2334 422 2387 μεν,
482 2314 543 2369 τὸ
585 2315 843 2381 καθῆσθαι
889 2314 975 2369 καὶ
1016 2313 1079 2368 τὸ
1137 2312 1407 2377 ἵστασθαι.
1441 2324 1512 2373 To
1554 2312 1634 2388 δὲ,
1677 2338 1699 2370 ε
1739 2316 1959 2392 Κρίνον-

302 2423 417 2481 τες,
472 2424 497 2460 ε
559 2401 822 2482 τουτέστι,
882 2402 1285 2480 κατακρίνοντες
1332 2403 1394 2459 ἐκ
1448 2410 1554 2460 τῶν
1610 2402 1810 2461 δώδεκα
1853 2430 1954 2484 φυ-

298 2490 407 2548 λῶν
463 2492 585 2557 τοὺς
642 2492 1067 2563 ἀπιστήσαντας.
1120 2492 1192 2550 Οὐ
1250 2495 1411 2572 μικρὰ
1481 2494 1582 2573 γὰρ
1652 2495 1955 2575 κατάκρισις

301 2595 419 2645 τοῖς
476 2580 527 2649 ἐξ
570 2580 787 2661 Ἰσραὴλ
831 2582 1189 2652 ἀπιστήσασιν
1233 2584 1282 2641 οἱ
1338 2583 1627 2643 ἀπόστολοί
1668 2586 1821 2659 εἰσιν,
1882 2587 1957 2651 ὡς

304 2668 637 2749 Ἰσραηλῖται
718 2669 868 2735 ὄντες
939 2672 1027 2727 καὶ
1094 2673 1260 2746 αὐτοὶ,
1336 2671 1483 2748 ὅμως
1554 2675 1955 2741 πιστεύσαντες.

304 2756 453 2818 Ἐπεὶ
493 2760 667 2819 τοίνυν
722 2767 798 2835 τῷ
855 2760 954 2836 μὲν
996 2759 1230 2841 προδότῃ
1273 2763 1334 2818 τὸ
1377 2764 1491 2820 οὐαὶ
1527 2761 1786 2839 ἀπέδωκε,
1828 2767 1957 2822 τού-

306 2869 417 2910 τοις
476 2845 529 2903 δὲ
582 2848 704 2913 τοῖς
761 2848 1145 2927 παραμείνασιν
1203 2849 1258 2905 ἐν
1289 2855 1358 2927 τῇ
1384 2852 1515 2931 πρὸς
1550 2853 1703 2909 αὒτὸν
1736 2860 1956 2933 στοργῇ,

309 2937 570 3005 τοσαύτην
624 2939 787 3013 τιμὴν
831 2950 1090 3017 προεῖπεν
1148 2936 1378 3016 ἔσεσθαι,
1435 2939 1526 2997 ἵνα
1556 2942 1634 3017 μὴ
1666 2941 1959 3023 ἐπαρθῶσιν

306 3028 379 3091 ὡς
425 3026 565 3105 μέγα
621 3049 673 3083 τι
725 3030 1142 3106 κατορθωκότες,
1189 3030 1278 3085 καὶ
1325 3032 1744 3108 παραμείναντες
1799 3031 1853 3088 έν
1891 3040 1959 3108 τῇ

2036 1950 2170 2013 471
2207 1952 2465 2014 dicimus
2493 1951 2707 2014 sedere
2756 1958 2815 2012 et
2864 1949 3392 2013 stareJudicantes
3422 1947 3707 2030 vero,hoc

2040 2049 2152 2118 est,
2207 2041 2678 2104 condemnantes
2709 2058 2812 2103 eos
2843 2039 2947 2121 qui
2980 2057 3049 2101 ex
3083 2038 3399 2100 duodecim
3431 2036 3705 2099 tribubus

2038 2139 2179 2193 sunt
2200 2130 2496 2194 increduli
2518 2128 2860 2193 futuri.Non
2876 2146 3056 2210 parva
3067 2136 3261 2191 autem
3281 2126 3704 2189 condemnatio

2042 2220 2323 2283 Israelitis
2351 2219 2720 2301 fuerit,quod
2742 2219 2993 2299 apostoli
3023 2218 3126 2299 qui
3148 2218 3323 2279 etiam
3356 2218 3471 2298 ipsi
3502 2234 3576 2281 ex
3608 2218 3703 2280 ls-

2039 2309 2267 2371 raelitis
2293 2318 2462 2371 erant
2490 2308 2902 2385 crediderunt,
2936 2316 2994 2369 et
3024 2307 3127 2369 alii
3146 2325 3268 2369 non
3289 2306 3698 2368 crediderunt.

2038 2396 2243 2479 Itaque
2278 2401 2417 2481 quia
2449 2398 2735 2480 proditori
2767 2416 2853 2460 vaa
2883 2396 3293 2477 adjudicatum
3319 2405 3433 2471 est,
3462 2396 3703 2457 illorum

2038 2496 2234 2551 autem
2266 2488 2367 2570 qui
2398 2496 2852 2570 permanserunt
2874 2487 2935 2549 in
2965 2504 3171 2548 amore
3194 2502 3335 2565 erga
3365 2485 3699 2559 illum,tan-

2043 2585 2166 2640 tum
2200 2578 2468 2658 praedixit
2490 2578 2615 2639 fore
2638 2577 3024 2657 honorem,ut
3054 2594 3129 2637 ne
3152 2575 3512 2638 extollantur
3532 2573 3704 2654 quasi

2044 2686 2319 2746 magnum
2353 2666 2642 2748 quiddam
2692 2665 3003 2740 fedissent,
3042 2673 3101 2727 et
3132 2663 3608 2746 permansissent
3638 2662 3703 2723 in

2044 2758 2356 2833 charitate,
2410 2775 2479 2818 ac
2538 2774 2659 2817 non
2708 2755 3163 2836 prodidissent:
3203 2778 3231 2810 α
3262 2755 3510 2817 Satanas
3567 2770 3695 2828 vos,

2042 2846 2259 2926 inquit,
2312 2846 2514 2926 petivit
2553 2845 2843 2926 cribrare,
2882 2870 2908 2900 ιο
2942 2847 3056 2907 hoc
3098 2851 3209 2924 est,
3265 2841 3532 2918 turbare,
3586 2861 3701 2903 no-

2043 2954 2203 3009 cere,
2230 2943 2482 3011 tentare;
2524 2959 2549 2991 κ
2584 2934 2690 2995 sed
2721 2952 2828 3014 ego
2875 2933 3097 3013 rogavi.
3140 2958 3167 2989 »
3210 2930 3299 2994 Ne
3347 2930 3701 2995 existimetis

2048 3025 2293 3106 (inquit)
2321 3025 2479 3106 quod
2503 3032 2760 3086 vestrum
2795 3024 2869 3084 sit
2898 3032 3084 3085 totum
3117 3022 3229 3084 hoc
3272 3020 3493 3083 bonum
3526 3038 3702 3101 opus.

299 3115 487 3193 ἀγάπῃ
546 3119 725 3191 αὐτοῦ,
784 3119 873 3173 καὶ
924 3118 1003 3193 μὴ
1066 3116 1394 3197 προδόντες,
1455 3141 1480 3180 ε
1550 3111 1607 3179 Ὀ
1692 3129 1957 3195 Σατανᾶς,

2047 3102 2326 3178 Diabolus
2338 3102 2501 3175 enim
2518 3113 2686 3174 valde
2704 3112 2958 3191 urget,si
2979 3111 3163 3192 possit
3177 3129 3277 3172 vos
3292 3129 3393 3171 vos
3406 3108 3480 3171 ab
3498 3128 3704 3171 amore

300 3207 489 3283 φησὶν,
542 3205 778 3282 ᾐτήσατο
821 3207 958 3282 ὑμᾶς
1016 3206 1273 3282 σινιάσαι,
1327 3231 1354 3263 ε
1408 3209 1672 3290 τουτέστι,
1719 3210 1960 3291 ταράξαι,

301 3293 529 3371 βλάψαι,
578 3301 826 3375 πειρᾶσαι
854 3314 869 3330 ο
914 3319 941 3350 ι
976 3293 1125 3353 Ἀλλ’
1173 3297 1281 3375 ἐγὼ
1320 3295 1566 3368 ἒδεήθην.
1607 3321 1630 3356 ι
1689 3302 1777 3369 Μὴ
1806 3302 1964 3372 νομί-

296 3406 450 3459 σητε,
498 3386 683 3465 φησὶν,
759 3382 841 3441 ὅτι
882 3384 1135 3466 ὑμέτερόν
1200 3390 1313 3444 ἐστι
1368 3389 1430 3443 τὸ
1486 3394 1590 3444 πᾶν
1644 3391 1965 3469 κατόρθωμα

300 3482 460 3532 τοῦτο
493 3491 509 3508 ⁶
567 3476 595 3531 ὁ
654 3475 755 3553 γὰρ
816 3472 1060 3539 διάϐολος
1104 3473 1271 3540 πολὺς
1314 3475 1558 3533 ἐπέκειτο
1597 3484 1773 3549 ζητῶν
1828 3481 1964 3555 ὑμᾶς

304 3561 559 3620 ἐκϐαλεῖν
588 3569 686 3631 τῆς
719 3564 852 3639 ἐμῆς
900 3570 1157 3645 στοργῆς,
1214 3566 1302 3622 καὶ
1352 3564 1612 3644 προδότας
1664 3567 1961 3645 ἀποδεῖξαις

304 3654 441 3731 Πρὸς
502 3651 556 3708 δὲ
617 3656 708 3709 τὸν
767 3653 966 3729 Πέτρον
999 3641 1189 3711 ταῦτα
1261 3641 1619 3735 ἀποτείνεται,
1676 3655 1815 3714 διότι
1877 3641 1965 3716 καὶ

307 3742 620 3819 θρασύτερος
650 3749 756 3800 τῶν
790 3741 965 3799 ἄλλων
1025 3744 1114 3818 ἦν,
1175 3746 1261 3801 καὶ
1321 3746 1460 3809 εἰκὸς
1509 3748 1664 3803 αὐτὸν
1723 3747 1961 3827 μεγαλο-

304 3832 563 3911 φρονῆσαι
623 3830 707 3911 ἐφ’
765 3832 854 3896 οἷς
913 3831 1273 3912 ἐπηγγείλατο
1316 3837 1344 3891 ὁ
1388 3836 1633 3913 Χριστός.
1670 3839 1763 3893 Διὸ
1788 3860 1959 3895 κατα-

298 3919 536 3979 στέλλων
593 3920 773 4002 αὐτὸν,
835 3924 1019 4001 φησὶν,
1068 3921 1147 3979 ὅτι
1214 3931 1301 3997 Τῷ
1366 3925 1465 4000 μὲν
1522 3932 1735 3998 Σατανᾷ
1784 3927 1960 3997 πολλὴ

300 4009 497 4078 σπουδή
558 4010 747 4090 γέγονε
805 4012 922 4069 καθ’
979 4014 1128 4088 ὑμῶν
1162 4030 1180 4048 ⁶
1226 4012 1335 4091 ἐγὼ
1391 4012 1446 4071 δὲ
1503 4016 1796 4092 ᾐτησάμην
1840 4013 1961 4099 περὶ

295 4109 411 4164 σοῦ.
445 4102 612 4159 Τοῦτο
672 4102 808 4159 κατὰ
861 4104 923 4160 τὸ
982 4102 1314 4180 ἀνθρώπινον
1363 4103 1465 4184 ἔφη
1504 4120 1517 4133 '
1564 4106 1639 4168 ὡς
1673 4107 1772 4185 γὰρ
1805 4110 1959 4173 Θεὸς.

294 4192 343 4245 τί
402 4189 577 4247 ἐδεῖτο
621 4211 711 4247 του
764 4192 1132 4265 αἰτήσασθαις
1200 4214 1224 4248 α
1282 4190 1540 4264 Ἐδεήθην
1610 4194 1721 4270 οὖν,
1779 4200 1959 4276 φησὶν,

293 4276 390 4335 ’ίνα
448 4280 525 4353 μὴ
585 4281 810 4356 ὶκλείπῃ
853 4282 888 4349 ἡ
933 4282 1109 4344 πίστις
1141 4303 1258 4339 σου.
1297 4305 1325 4339 ι
1364 4284 1421 4339 Εἰ
1453 4283 1552 4362 γὰρ
1597 4287 1844 4360 καὶπρὸς
1876 4305 1964 4362 μι“

2049 3206 2165 3266 mei
2199 3204 2594 3284 depellere,et
2615 3202 2935 3263 ostendere
2960 3202 3322 3282 proditores.
3346 3199 3433 3260 Ad
3460 3202 3700 3262 Petrum

2046 3302 2242 3356 autem
2272 3293 2451 3354 verba
2479 3292 2604 3353 haec
2625 3290 2959 3371 dirigit,qui
2982 3290 3229 3371 reliquis
3245 3288 3526 3350 audacior
3551 3296 3700 3366 erat,

2049 3392 2108 3447 et
2139 3382 2444 3464 probabile
2486 3392 2576 3443 est
2604 3380 2952 3460 superbisse
3001 3379 3063 3440 in
3107 3379 3181 3440 iis
3234 3396 3366 3468 quae
3398 3396 3433 3438 a
3468 3378 3702 3468 Christo

2050 3474 2342 3554 promissa
2374 3480 2566 3551 erant;
2602 3470 2826 3531 idcirco
2867 3476 2927 3530 et
2953 3468 3229 3549 reprimit
3259 3467 3418 3543 eum,
3445 3467 3653 3529 dicens
3684 3484 3698 3530 :

2048 3562 2278 3625 Satanae
2305 3564 2549 3641 quidem
2582 3561 2686 3621 fuit
2729 3558 2979 3619 multum
3024 3557 3281 3619 studium
3315 3563 3521 3617 contra
3551 3573 3649 3617 vos
3687 3577 3703 3633 ;

2047 3670 2159 3730 ego
2184 3659 2382 3715 autem
2407 3649 2567 3711 oravi
2602 3667 2708 3729 pro
2760 3657 2839 3708 te.
2881 3646 2952 3708 Et
2980 3646 3092 3709 hoc
3122 3646 3385 3707 humano
3414 3662 3581 3707 more
3606 3645 3703 3707 di-

2046 3742 2242 3819 cebat;
2277 3760 2441 3814 nam,
2471 3749 2536 3800 ut
2569 3738 2753 3811 Deus,
2780 3756 2899 3797 non
2928 3755 3076 3817 opus
3098 3734 3357 3797 habebat
3396 3752 3567 3795 orare
3586 3732 3702 3795 ali-

2044 3851 2249 3913 quem.
2288 3853 2316 3892 ‹
2343 3830 2561 3910 Rogavi
2610 3828 2810 3906 igitur,
2844 3826 3010 3903 dicit,
3049 3834 3112 3886 ut
3142 3844 3260 3886 non
3288 3824 3524 3885 deﬁciat
3554 3823 3704 3913 ﬁdes

2048 3912 2165 3985 tua.
2207 3947 2230 3977 »
2268 3922 2549 3995 Quamvis
2581 3918 2741 3981 enim
2776 3915 2940 3978 brevi
2970 3925 3236 3996 tempore
3267 3912 3705 3976 concutiendus

2047 4012 2344 4092 sis,hab¢s
2367 4022 2565 4073 tamen
2596 4006 2906 4070 recondita
2941 4006 3177 4068 semina
3194 4004 3429 4083 ﬁdei,ut
3451 4003 3625 4065 etiam
3652 4002 3705 4065 si

2048 4102 2187 4163 folia
2208 4100 2484 4181 abjicerit
2504 4098 2748 4177 spiritus
2770 4095 3300 4169 invadentis,radix
3316 4102 3512 4155 tamen
3524 4093 3699 4169 vivet,

2048 4200 2109 4254 et
2132 4211 2248 4253 non
2272 4190 2511 4252 deﬁciet
2541 4190 2688 4250 ﬁdes
2720 4194 2839 4249 tua.
2874 4184 2962 4247 Tu
2991 4203 3135 4247 vero
3189 4200 3513 4245 conversus
3558 4201 3703 4243 con-

2046 4282 2218 4343 ﬁrma
2249 4280 2462 4342 fratres
2494 4287 2648 4340 tuos.
2669 4277 2887 4340 Planus
2908 4276 3083 4353 hujus
3109 4274 3455 4336 intellectus
3475 4272 3524 4332 is
3557 4280 3646 4333 est
3680 4294 3695 4331 :

299 4369 425 4445 κρὸν
483 4367 696 4442 μέλλεις
750 4368 1094 4446 σαλευθῆναι,
1155 4368 1276 4427 ἀλλ’
1350 4369 1496 4450 ἔχεις
1577 4375 1959 4451 ἒναποκείμενα

2045 4370 2193 4444 Quia
2219 4370 2476 4432 tehabeo
2494 4378 2554 4430 ut
2572 4367 2900 4477 principem
2926 4363 3698 4467 discipulorum,postquam

298 4458 363 4515 τὰ
406 4458 685 4535 σπέρματα
745 4458 840 4527 τῆς
871 4461 1125 4524 πίστεως.
1170 4460 1277 4517 Κᾶν
1326 4461 1391 4517 τὰ
1445 4459 1614 4541 φύλλα
1666 4450 1842 4542 ἔῤῥιψε
1898 4462 1959 4522 τὸ

2045 4470 2255 4542 negato
2282 4478 2376 4521 me
2408 4460 2641 4521 ﬂeveris
2666 4463 2724 4519 et
2748 4456 2823 4517 ad
2847 4453 3269 4542 paenitentiam
3288 4450 3697 4542 veneris,con-

299 4548 502 4623 πνεῦμα
547 4554 639 4604 τοῦ
681 4547 1090 4626 ἐπηρεάζοντος,
1147 4546 1266 4605 ἀλλ’
1326 4551 1361 4619 ἡ
1409 4536 1522 4627 ῥίζα
1566 4558 1655 4631 ζῇ,
1863 4555 1958 4613 οὐκ

2044 4536 2214 4613 ﬁrma
2233 4559 2502 4613 ueteres.
2527 4547 2651 4610 Hoc
2684 4536 2923 4607 enimte
2953 4544 3146 4617 decet,
3171 4541 3275 4624 qui
3304 4548 3439 4631 post
3467 4556 3561 4600 me
3583 4536 3697 4599 Ec-

294 4634 527 4712 ἐκλείψει
585 4639 619 4706 ἡ
678 4638 853 4701 πίστις
914 4660 1031 4702 σου,
1083 4638 1157 4695 Σὺ
1208 4636 1260 4694 δὲ
1318 4628 1662 4719 ἐπιστρέψας,
1713 4642 1954 4718 στήριξον

2044 4641 2240 4704 clesiae
2263 4650 2426 4720 petra
2448 4656 2514 4701 es
2544 4646 2604 4700 et
2625 4628 3469 4720 ﬁrmamentumlntellexerit
3490 4635 3688 4720 autem

292 4727 412 4789 τοὺς
471 4723 727 4807 ἀδελφούς
759 4748 877 4787 σου.
913 4731 984 4788 Τὸ
1041 4729 1140 4803 μὲν
1197 4716 1487 4810 πρόχειρον
1532 4732 1744 4813 νοῆσαι,
1808 4716 1957 4792 τοῦτ’

2044 4731 2171 4813 quis
2200 4716 2319 4792 non
2340 4728 2532 4791 solum
2567 4727 2642 4788 dc
2668 4723 2951 4805 apostolis
3000 4722 3222 4813 dictum
3257 4718 3414 4813 quod
3463 4716 3693 4813 conﬁr-_

300 4814 462 4891 ἔστιν,
526 4815 606 4873 ὅτι
672 4814 891 4886 Ἐπειδά
935 4841 994 4874 σε
1055 4823 1159 4874 τῶν
1533 4807 1758 4902 ἔξαρχον
1812 4823 1948 4903 ἔγω,

2044 4807 2178 4883 mali
2200 4820 2419 4882 fuerint
2454 4835 2487 4878 a
2510 4813 2927 4905 Petro,sed_de
2957 4810 3233 4905 omnibus
3262 4807 3582 4905 quiusque
3602 4809 3694 4905 _ad

292 4904 409 4979 μεθ’
469 4905 498 4961 ὃ
553 4905 920 4983 ἀρνησάμενός
977 4930 1070 4988 με,
1114 4905 1390 4989 κλαύσεις,
1449 4911 1536 4967 καὶ
1567 4897 1951 4987 είς-μετάνδίαν

2044 4907 2608 4972 consummationem
2647 4902 2849 4966 saeculi
2902 4900 3081 4963 futuri
3127 4907 3263 4961 sunt
3312 4897 3544 4989 ﬁdeles.
3602 4897 3690 4989 'Iu

294 4993 480 5073 ἔλθῃς,
542 4994 787 5073 στήριξον
843 4998 963 5062 τοὺς
1022 4985 1277 5081 λοιπούς.Δ
1331 4985 1496 5057 Τοῦτο
1539 5001 1639 5080 γὰρ
1670 4985 1953 5081 προσήκει

2044 5000 2219 5070 enim,
2249 5002 2445 5069 Petre,
2479 5012 2824 5075 conversus,
2859 4991 3081 5081 bonum
3110 4988 3450 5068 exemplum
3482 4985 3688 5081 poeni-

293 5105 376 5141 σοι
435 5085 510 5146 ὡς
568 5081 686 5159 μετ’
747 5083 843 5162 ἐμὲ
913 5086 1023 5143 ὄντι
1090 5089 1188 5154 τῆς
1263 5073 1810 5168 Ἐκκλησίααπέτ-ρᾳ
1860 5073 1956 5150 καὶ

2044 5090 2238 5152 lentiae
2281 5089 2403 5151 eris
2460 5073 2759 5160 omnibus,
2780 5090 2845 5143 ut
2873 5080 3072 5142 nullus
3102 5079 3478 5168 credentium
3520 5073 3584 5168 in
3635 5083 3693 5138 te

292 5175 637 5253 στηρίγματι.
690 5178 917 5246 Νοήσειε
966 5174 1011 5233 δ’
1070 5177 1131 5234 ἄν
1161 5199 1243 5241 τις
1294 5186 1447 5236 τοῦτο
1502 5182 1561 5237 οὗ
1619 5180 1783 5255 μόνον
1840 5174 1959 5263 περὶ

2044 5180 2369 5262 reSpiciens
2401 5176 2679 5259 desperet
2712 5194 2725 5237 :
2761 5172 2862 5254 qui
2902 5188 3040 5233 cum
3083 5170 3384 5251 apostolus
3416 5164 3599 5229 fueris
3632 5172 3692 5228 et

291 5262 398 5319 τῶν
440 5263 564 5321 τότε
620 5263 937 5322 ἀποστόλων
996 5269 1255 5345 εἰρῆσθαι,
1316 5268 1392 5331 ὡς
1450 5266 1511 5322 ἂν
1553 5258 1959 5351 ὑποστηριχθῶ-

2044 5258 2375 5351 negaveris,
2403 5258 2621 5330 iterum
2652 5273 2849 5326 tamen
2872 5260 3181 5351 receperis
3206 5258 3521 5351 primatum
3551 5274 3687 5351 o_m-

293 5374 374 5408 σιν
417 5352 519 5409 ὺπὸ
561 5360 655 5411 τοῦ
702 5354 926 5436 Πέτρου,
983 5354 1121 5412 ἀλλὰ
1174 5357 1261 5412 καὶ
1291 5358 1408 5434 περὶ
1438 5357 1651 5416 πάντων
1682 5343 1788 5417 τῶν
1818 5343 1946 5440 ίίχρι

2044 5343 2220 5435 ηἰιῖηι,
2253 5369 2313 5421 et
2345 5357 2751 5438 praefecturam
2799 5350 2962 5414 orbis
2990 5367 3101 5431 per
3124 5343 3686 5440 pmnit_en_liam.Ex-

294 5446 390 5531 τῆς
435 5441 739 5509 συντελείας
790 5444 884 5502 10-3
912 5435 1100 5510 αἰῶνος
1132 5452 1352 5507 πιστῶν.
1390 5448 1464 5504 Σὺ
1505 5448 1628 5527 γὰρ,
1669 5450 1715 5507 ὦ
1757 5435 1946 5531 Πέτρε,

2044 5450 2243 5531 petivit
2278 5435 2478 5529 itaque
2534 5445 2778 5509 Satanas
2814 5440 3163 5531 cribrarete
3194 5446 3252 5531 et
3294 5435 3509 5499 ladere
3534 5435 3688 5531 sicut

294 5530 640 5612 ἐπιστρέψας,
701 5537 865 5592 καλὸν
923 5534 1217 5615 ὅπόδειγμα
1274 5537 1477 5615 γενήσῃ
1521 5525 1692 5596 πᾶσιν
1741 5541 1814 5606 εἷς
1845 5525 1950 5618 με·

2044 5525 2292 5603 triticum
2318 5525 2529 5620 purum
2554 5532 2876 5618 injiciendo
2912 5528 3305 5604 sordidantia,
3331 5534 3394 5590 ut
3421 5533 3558 5609 pote
3588 5525 3687 5588 in-

375 5690 434 5744 ‘9
460 5690 633 5756 Rom.
666 5710 792 5778 XIV,
830 5696 923 5760 17.
