4184 6404
419 475 424 484 ι
511 373 673 462 ’1075
1167 475 1176 482 _
1503 396 2102 465 THEOPHYLACTI
2145 395 2184 456 Β

2268 393 2562 456 ᾷϐΑΡιΙἉΕ
2603 395 2967 458 ARCHIEP.
3773 385 3925 452 1076

519 525 728 588 cidens
752 525 940 588 amori
965 535 1065 588 tuo
1091 526 1152 588 in
1179 546 1299 602 me,
1334 527 1487 590 sicut
1516 527 1571 590 ei
1601 547 1730 590 mos
1779 538 1890 592 est.
1914 529 2062 592 Nam
2091 528 2177 589 sic

2268 527 2499 608 τάνοιαν,
2546 531 2633 586 καὶ
2691 527 2856 591 οὐδεὶς
2921 529 3028 585 τῶν
3081 527 3435 584 πιστευόντων
3480 527 3554 590 εἷς
3614 523 3709 600 ἐμὲ
3770 523 3914 580 ἀπο-

519 614 694 676 etiam
713 614 824 678 Job
855 615 1318 678 invasit.Verum
1343 637 1451 697 ego
1484 637 1602 678 non
1634 618 1878 680 omnino
1902 628 1958 682 te
1985 621 2163 682 dere-

2268 618 2516 694 γνώσεται
2561 616 2880 675 ἀποϐλέπων
2952 620 3081 697 πρὸς
3167 619 3224 674 σὲ
3304 618 3392 672 τὸν
3459 613 3756 672 ἀπόστολον
3811 613 3911 686 μὲν

517 702 881 790 linquamut
910 705 1147 767 deﬁciat
1175 705 1236 766 in
1269 707 1609 770 universum
1639 708 1785 768 ﬁdes
1807 716 1926 772 tua.
1957 709 2168 782 Quam-

2268 705 2403 777 ῗντα,
2466 708 2832 787 ἀρνησάμενον
2891 707 2970 781 δὲ,
3003 710 3090 764 καὶ
3121 706 3284 763 πάλιν
3330 707 3395 762 τὰ
3437 717 3677 782 πρωτεῖα
3707 703 3919 758 πάντων

515 791 602 853 vis
629 803 828 855 autem
861 813 971 873 ego
1001 795 1330 872 rogaverim
1360 815 1466 876 pro
1503 803 1853 870 te,attamen
1886 807 1945 860 tu
1971 816 2047 860 ne
2069 815 2170 859 re-

2268 798 2343 852 ιιαὶ
2398 798 2497 864 τὴν
2546 799 2645 866 τῆς
2707 798 3024 873 οἰκουμένης
3077 797 3385 854 ἐπιστασίαν
3431 794 3660 852 λαϐόντα
3708 790 3792 848 διὰ
3819 794 3919 860 τῆς

515 881 872 957 cideris,sed
909 885 1375 959 conversus,hoc
1407 885 1933 966 est,p(enitentiam
1967 904 2168 966 agens,

2268 887 2566 958 αετανοίας,
2627 888 2900 958 ’ῌτήσατο
2949 896 3036 945 οὖν
3083 891 3109 944 6
3169 894 3408 952 Σατανᾶς
3460 886 3688 943 σινιάσαι
3719 904 3798 954 σε,
3835 882 3926 936 καὶ

515 970 884 1054 etlacrymas
910 973 1300 1054 profundens,
1327 983 1386 1036 et
1410 976 1719 1054 negatione
1741 977 2174 1052 resiliens,esto

2268 973 2462 1050 βλάψαι
2519 976 2697 1055 ιῖὸσπερ
2747 990 2899 1033 σῖτον
2951 981 3201 1057 καθαρὸν,
3266 972 3655 1055 παρεμϐάλλων
3710 973 3774 1027 τὰ
3826 971 3926 1048 ῥυ-

519 1061 699 1122 etiam
745 1061 878 1123 aliis
926 1063 1288 1142 poenitentiae
1331 1065 1659 1144 exemplar,
1705 1084 1781 1128 ne
1831 1066 2174 1145 desperent.

517 1147 666 1221 Quid
698 1151 878 1230 igitur
908 1153 1150 1214 Petrus?
1175 1151 1352 1215 Multa
1375 1153 1634 1216 charitas
1674 1155 2008 1216 animosum
2043 1172 2177 1216 eum

516 1236 874 1314 reddidit,ut
893 1240 1250 1322 polliceatur
1278 1261 1410 1322 quae
1441 1241 1558 1304 sibi
1585 1249 1727 1305 tunc
1761 1243 2180 1324 impossibilia:

518 1326 808 1392 Dominus
823 1339 1022 1392 autem
1044 1330 1145 1392 ubi
1159 1331 1298 1392 vidit
1318 1351 1456 1393 eum
1472 1333 1786 1395 temeraria
1803 1333 1962 1414 loqui
1987 1331 2184 1412 (opor-

521 1417 684 1509 tebat
713 1420 872 1481 enim
908 1421 1097 1509 semel
1130 1421 1328 1482 audita
1357 1421 1625 1494 veritate,
1654 1443 1787 1504 quae
1837 1424 1894 1485 ei
1951 1419 2188 1509 dicebaf

420 1532 426 1537 ο
523 1506 681 1583 quod
716 1508 1034 1570 tentandus
1065 1519 1246 1590 esset,
1273 1529 1392 1572 non
1421 1511 1728 1592 reluctari)
1769 1506 2188 1574 munifestatei

527 1598 873 1660 tentationis
900 1599 1190 1678 speeiem,
1219 1617 1435 1680 nempe
1456 1601 1597 1661 472
1629 1602 2029 1678 negationem.
2063 1599 2188 1661 Hoc

523 1694 720 1749 autem
748 1688 876 1750 loco
894 1687 1184 1750 discimus
1219 1707 1491 1766 magnam
1517 1689 2042 1772 doctrinam,quod
2066 1707 2185 1750 non

525 1776 775 1840 sufﬁciat
800 1777 1168 1858 propositum
1203 1780 1464 1842 hominis
1485 1781 1712 1862 absque
1741 1781 2007 1844 subsidio
2039 1781 2180 1842 Dei:

2262 1065 2664 1144 παίνοντα,οἷα
2716 1063 2781 1133 δὴ
2812 1070 3014 1144 φθονῶν
3071 1089 3154 1122 σοι
3211 1071 3312 1132 τῆς
3366 1067 3496 1144 πρὸς
3554 1063 3650 1135 ἐμὲ
3681 1061 3922 1139 ἀγάπης,

2264 1154 2442 1233 ὥσπερ
2500 1155 2616 1219 ἔθος
2678 1155 2842 1229 αὐτῷ,
2904 1156 3056 1212 Οὕτω
3104 1157 3203 1234 γὰρ
3259 1156 3346 1211 καὶ
3401 1159 3478 1228 τῷ
3537 1150 3657 1210 Ἰὼϐ
3713 1147 3923 1206 ἐπεδεί-

2266 1242 2388 1308 ξατο
2422 1259 2437 1275 ⁶
2485 1242 2604 1300 ἀλλ’
2664 1244 2772 1322 ἐγὼ
2829 1247 2888 1303 οῦ
2932 1245 3108 1310 πάντη
3164 1265 3222 1300 σε
3254 1242 3636 1320 ἐγκατέλιπον,
3699 1238 3791 1295 ἵνα
3844 1238 3926 1314 μὴ

2269 1332 2488 1408 ἐκλείπῃ
2535 1336 2570 1401 η
2600 1334 2774 1398 πίστις
2807 1356 2900 1390 σου
2953 1335 3026 1397 εἰς
3081 1335 3143 1389 τὸ
3175 1331 3454 1394 παντελές,
3493 1333 3550 1390 Εἰ
3581 1332 3668 1387 καὶ
3699 1326 3925 1397 ἐδεήθην

2269 1419 2323 1477 δὲ
2382 1421 2488 1500 ἐγὼ
2531 1422 2688 1488 αὐτὸς
2738 1425 2854 1495 περὶ
2899 1429 3016 1503 σοῦ,
3049 1421 3196 1498 ὅμως
3255 1425 3316 1478 σὺ
3359 1422 3438 1497 μὴ
3471 1420 3767 1490 ἀναπέσης,
3800 1415 3922 1472 ἀλλ’

2267 1509 2611 1589 ἐπιστρέψας,
2697 1512 2959 1592 τουτέστι,
3047 1514 3382 1588 μετανοήσας
3468 1513 3556 1567 καὶ
3637 1507 3922 1586 δακρύσας,

2267 1602 2354 1657 καὶ
2406 1602 2511 1658 ἀπὸ
2564 1607 2661 1668 τῆς
2719 1602 2992 1681 ἀρνήσεως
3055 1603 3258 1682 φυγὼν,
3307 1610 3462 1679 γενοῦ
3517 1601 3604 1656 καὶ
3646 1611 3764 1660 τοῖς
3822 1595 3928 1651 ἅλο-

2267 1689 2379 1756 λοις
2435 1706 2647 1757 πιστοῖς
2694 1693 2858 1756 τύπος
2915 1700 3006 1750 τοῦ
3065 1706 3373 1769 μετανοεῖν,
3421 1691 3617 1766 καὶμή
3649 1687 3925 1765 ἀπογινώ-

2268 1802 2436 1842 σκειν,
2485 1782 2543 1838 Τί
2599 1782 2687 1836 οὖν
2744 1784 2772 1838 6
2817 1781 3062 1856 Πέτρος;
3113 1781 3211 1839 Ἐκ
3264 1781 3472 1848 πολλῆς
3524 1779 3740 1858 ἀγάπης
3792 1781 3926 1855 θρα-

525 1867 1031 1948 quemadmodum
1081 1877 1138 1930 et
1195 1867 1404 1930 Petrus
1446 1889 1653 1950 parum
1703 1871 2052 1939 derelictus,
2100 1879 2184 1931 la-

2271 1869 2504 1941 σύνεται,
2568 1872 2656 1926 καὶ
2731 1871 3077 1950 ὑπισχνεῖται
3147 1873 3214 1928 τὰ
3269 1871 3403 1937 τέως
3461 1872 3602 1943 αύτῷ
3671 1867 3926 1943 ἀδύνατα,

526 1955 705 2018 metsi
751 1957 1100 2019 charitatem
1153 1977 1222 2019 ac
1268 1959 1565 2022 fervorem
1606 1959 1828 2022 habere
1861 1960 2182 2026 videretur,

525 2043 627 2108 ubi
672 2046 916 2128 reliquit
969 2066 1104 2110 eum
1166 2046 1346 2125 Deus,
1383 2049 1796 2130 supplantatus
1827 2057 1919 2112 est
1963 2047 2038 2110 ab
2071 2047 2182 2109 ini-

528 2134 704 2197 mico.
740 2135 810 2198 Et
829 2136 1050 2200 iterum
1079 2157 1197 2199 non
1231 2138 1450 2210 sufﬁcit
1479 2137 1585 2200 Dei
1620 2137 2037 2218 subsidium,si
2068 2156 2186 2197 non

525 2224 760 2289 all'uerit
792 2234 851 2289 et
878 2227 1204 2288 humanum
1233 2228 1600 2308 propositum
1635 2246 1648 2292 :
1682 2225 2184 2307 quemadmodum

527 2320 585 2375 et
609 2311 799 2389 Iudae,
836 2315 982 2376 nihil
1009 2315 1229 2394 profuit
1261 2316 1530 2396 quamvis
1572 2316 1773 2378 omnia
1819 2315 2042 2378 faceret
2068 2314 2185 2375 Do-

531 2400 730 2464 minus
757 2411 818 2464 ut
847 2403 1225 2466 lucrifaceret
1257 2421 1417 2480 eum,
1453 2423 1588 2466 cum
1641 2403 1880 2466 abesset
1925 2403 1982 2466 ei
2032 2403 2190 2464 bona

529 2490 1191 2555 voluntas.Horreamus
1203 2500 1400 2555 autem
1425 2493 2185 2574 considerantes,quantum

531 2589 738 2642 contra
765 2583 1049 2644 remissos
1078 2583 1313 2647 valeant
1341 2582 1576 2644 insidiae
1597 2582 1998 2646 diaboli.Ecce
2027 2581 2186 2643 enim

531 2674 591 2730 et
621 2667 735 2730 hoc
766 2669 898 2733 loco
924 2669 1163 2750 Petrus,
1195 2671 1468 2751 quamvis
1496 2692 1526 2731 a
1563 2671 1685 2732 Deo
1711 2679 2186 2750 conservaretur,

530 2757 673 2837 quia
701 2776 876 2838 parvo
900 2766 1166 2839 tempore
1199 2777 1307 2840 per
1336 2759 1844 2841 dispensationem
1868 2760 2190 2821 derelictus

531 2855 647 2920 est,
681 2864 752 2908 eo
785 2847 1054 2927 pervenit
1087 2859 1152 2910 ut
1191 2857 1478 2926 negaret:
1513 2857 1572 2911 et
1612 2849 1728 2910 nisi
1772 2868 1806 2909 a
1860 2850 1984 2912 Deo
2015 2867 2191 2928 parva

531 2935 799 3014 quaedam
830 2935 1122 2999 custodita
1155 2936 1406 2999 fuissent
1436 2957 1571 3018 quae
1617 2937 1679 2998 in
1734 2937 1837 2999 illo
1884 2937 2190 2998 recondita

2274 1948 2330 2015 τΟ
2392 1957 2445 2013 δὲ
2509 1959 2718 2032 Κύριος,
2790 1958 2904 2016 ἐπεὶ
2989 1959 3132 2017 εἶδεν
3213 1962 3369 2016 αὑτὸν
3441 1959 3545 2016 ἀπὸ
3607 1957 3927 2034 προπετείας

2269 2048 2627 2126 φθεγγόμενον
2700 2045 2826 2122 (ἔδει
2875 2049 2974 2126 γαρ
3033 2047 3171 2114 ἅπαξ
3229 2048 3526 2104 ἀκούσαντα
3590 2047 3686 2114 τῆς
3757 2049 3925 2103 αύτο-

2270 2133 2516 2203 αληθείας
2563 2138 2813 2204 εἰπούσης
2861 2140 3025 2218 αὐτῷ,
3079 2137 3160 2195 ὅτι
3217 2139 3651 2215 πειρασθήσεται,
3729 2133 3928 2211 μηκέτι

2269 2224 2596 2300 ἀντιτείνειν,
2658 2226 2930 2307 ἂναςαίνει
2993 2227 3156 2300 αὐτῷ,
3216 2231 3304 2284 καὶ
3347 2229 3408 2283 τὸ
3439 2224 3584 2292 εἶδος
3621 2233 3713 2282 τοῦ
3740 2245 3927 2302 πειρα-

3160 2318 3426 2374 Ἐντεῦθεν
3483 2314 3539 2372 δὲ
3594 2315 3928 2390 μανθάνομεν

2268 2399 2464 2480 δόγμα,
2513 2403 2592 2461 ὅτι
2625 2409 2720 2464 οὐκ
2771 2405 2926 2483 ἀρκεῖ
2968 2407 3212 2484 πρόθεσις
3274 2407 3546 2484 ανθρώπου
3603 2427 3772 2485 χωρις
3834 2403 3928 2470 τῆς

2268 2501 2361 2549 τοῦ
2419 2501 2548 2550 Θεοῦ
2592 2494 2888 2575 ἐπικουρίας
2923 2511 2937 2526 ’
2984 2495 3162 2574 ὥσπερ
3234 2497 3322 2552 οὖν
3371 2499 3457 2552 καὶ
3500 2499 3527 2552 6
3586 2496 3776 2572 Πέτρος
3828 2492 3926 2570 ἐγ·-

2271 2581 2634 2664 καταλειφθεὶς
2691 2587 2822 2663 πρὸς
2901 2587 3114 2664 μικρὸν,
3203 2586 3247 2641 εἰ
3303 2586 3392 2641 καὶ
3461 2583 3630 2640 ἐδόκει
3686 2583 3927 2662 ἀγαπᾷν,

2272 2673 2574 2750 θερμότητα
2631 2672 2802 2752 ἔχειν,
2876 2672 2995 2731 ἀλλ’
3039 2674 3184 2749 ὅμως
3226 2682 3318 2731 τοῦ
3361 2681 3492 2730 Θεοῦ
3531 2673 3774 2752 ἀφέντος,
3819 2674 3928 2728 ὑπο

2273 2760 2548 2829 εσκελίσθη
2606 2769 2682 2837 τῷ
2725 2762 2923 2842 ἐχθρῷ.
2991 2765 3087 2821 Καὶ
3147 2763 3213 2819 αὖ
3260 2767 3353 2821 οῦκ
3410 2763 3564 2841 ἀρκεῖ
3611 2765 3646 2831 ἡ
3676 2770 3767 2820 τοῦ
3797 2769 3930 2820 Θεοῦ

2272 2849 2565 2930 ἐπικουρία,
2647 2854 2724 2926 μὴ
2781 2855 2866 2910 καὶ
2934 2852 3228 2931 προθέσεως
3311 2852 3639 2931 ἀνθρωπίνης
3709 2850 3870 2917 οὔσης
3908 2870 3925 2890 ο

2271 2940 2449 3017 ὥσπερ
2487 2941 2575 2997 οὖν
2619 2944 2705 2997 καὶ
2766 2940 2957 3005 Ἰούδας
3019 2940 3166 3000 οῦδὲν
3209 2940 3486 3020 ὠφελήθη,
3539 2942 3706 2997 καίτοι
3754 2941 3930 2998 πάντα

2269 2322 2426 2392 σμοῦ,
2485 2314 2564 2370 ὅτι
2619 2315 2839 2395 ἄρνησις
2897 2315 3068 2378 ἕσται,

530 3030 700 3086 erant
739 3025 994 3100 semina,
1027 3025 1167 3106 quid
1201 3042 1323 3088 non
1373 3045 1581 3107 passus
1627 3024 1863 3088 luisset?
1895 3026 1980 3087 Eo
2027 3025 2184 3086 enim

2271 3037 2546 3094 ποιοῦντος
2592 3034 2684 3086 τοῦ
2733 3033 2916 3109 Κυρίου
2960 3031 3030 3092 εἰς
3073 3031 3134 3086 τὸ
3165 3029 3415 3109 κερδῆσαι
3475 3029 3632 3088 αὐτόν
3667 3050 3679 3061 ·
3733 3031 3929 3109 προαί-

531 3113 837 3192 spectabat
857 3114 1221 3194 diabolus,ut
1254 3124 1312 3176 et
1342 3115 1536 3196 ipsum
1567 3116 1639 3178 ad
1666 3115 2066 3196 proditionem
2089 3115 2184 3174 in-

2274 3140 2413 3196 ρεσις
2473 3120 2572 3196 γὰρ
2626 3119 2769 3185 ἀπῆν
2798 3119 2994 3196 ἀγαθή,
3054 3119 3328 3198 ψρίξωμεν
3360 3119 3447 3175 οὖν
3481 3118 3780 3182 ἐννοοῦντες
3838 3127 3932 3176 τοῦ

529 3183 817 3266 truderet.
832 3205 1034 3266 «Escae
1055 3183 1215 3267 enim
1241 3183 1699 3286 diabolo,inquit
1721 3204 2184 3286 proplteta,elec-

2273 3205 2518 3263 διαϐόλου
2575 3210 2669 3272 τὰς
2715 3206 3023 3280 ἐπιϐουλὰς,
3085 3212 3158 3271 ὡς
3203 3209 3442 3288 ἰσχύουσι
3481 3209 3616 3264 κατὰ
3656 3215 3764 3265 τὼν
3793 3231 3933 3288 χαυ-

531 3293 803 3354 tm.»Deo
834 3301 1032 3356 autem
1059 3294 1136 3354 sit
1155 3295 1473 3375 gratia,qui
1494 3314 1611 3356 non
1631 3293 2001 3374 derelinquit
2021 3312 2182 3356 sancn

2271 3294 2516 3373 νοτέρων.
2582 3294 2712 3353 Ἰδοὺ
2771 3298 2870 3375 γὰρ
2954 3297 3171 3353 ἐνταῦθα
3236 3300 3263 3353 6
3339 3299 3558 3377 Πέτρος,
3611 3298 3780 3354 καίτοι
3827 3300 3935 3355 ὑπὸ

531 3388 622 3442 tos
651 3389 710 3442 et
733 3382 926 3463 justos
959 3391 1018 3444 et
1047 3382 1237 3445 bonos
1291 3385 1474 3446 corde
1503 3405 1516 3447 :
1552 3384 1748 3464 qualis
1798 3391 1924 3444 erat
1957 3387 2184 3460 Petrus,

2274 3394 2403 3444 Θεοῦ
2455 3387 2932 3464 συγκρατούμενος,
2996 3385 3143 3461 ὅμως
3203 3385 3334 3444 διότι
3393 3390 3582 3465 μικρὸν
3656 3389 3933 3463 οἰκονομι-

527 3469 698 3532 valde
740 3489 969 3552 amans,
1024 3479 1084 3535 et
1129 3473 1357 3536 alienus
1388 3493 1421 3535 a
1451 3473 1627 3535 malis
1677 3491 1815 3551 erga
1848 3471 2184 3551 Magistrum

2271 3481 2377 3538 κῶς
2439 3474 2852 3554 ἑγκαταλείιρθη,
2917 3477 2988 3539 εἷς
3053 3474 3270 3554 ἄρνησιν
3318 3475 3604 3556 ἀπηνέχθη
3637 3492 3651 3506 ⁹
3687 3478 3732 3532 εἰ
3758 3479 3930 3535 τοίνυν

529 3557 994 3639 suspicionibus.
1674 3643 1677 3644 ν

2271 3564 2349 3637 μὴ
2396 3563 2643 3642 ἐτηρεῖτο
2700 3566 2802 3620 ὑπὸ
2857 3573 3008 3633 Θεοῦ,
3071 3567 3158 3621 καὶ
3201 3566 3478 3644 σπέρματα
3509 3566 3564 3621 ἐν
3596 3567 3736 3640 αὖτῴ
3786 3569 3932 3624 ἀπο-

529 3650 746 3724 κείμενα
775 3651 842 3716 ἦν
870 3651 1058 3729 ἀγαθὰ,
1083 3652 1132 3707 τί
1164 3651 1258 3708 οὒκ
1290 3651 1351 3707 ἂν
1394 3652 1586 3709 ἔπαθεν
1615 3671 1632 3728 ;
1668 3643 1726 3710 Ὀ
1756 3653 1856 3730 γὰρ
1885 3654 2084 3716 σκοπὸς
2133 3661 2208 3728 τῷ
2237 3651 2468 3724 διαϐόλῳ
2497 3655 2587 3728 ἧν,
2622 3655 2708 3710 καὶ
2749 3662 2930 3710 τοῦτον
2982 3656 3054 3718 εἰς
3087 3652 3365 3734 προδοσίαν
3393 3656 3564 3732 ῥίψαι,
3615 3678 3644 3712 α
3693 3657 3768 3714 Τά
3825 3659 3928 3737 γὰρ

527 3738 788 3817 βρώματα
817 3745 894 3812 τῷ
923 3737 1176 3814 διαϐόλῳ,
1223 3743 1382 3820 φησὶν
1415 3745 1442 3799 6
1473 3744 1778 3823 προφήτης,
1813 3741 2060 3802 ἐκλεκτα,
2101 3765 2127 3796 ι
2191 3744 2352 3819 Χάρις
2399 3741 2454 3797 δὲ
2495 3750 2610 3816 Θεῷ
2640 3749 2718 3816 τῷ
2747 3744 2842 3800 οὒκ
2872 3742 3303 3817 ἐγκαταλείποντι
3335 3747 3454 3808 τοὺς
3487 3746 3682 3814 ὁσίους,
3728 3750 3816 3802 καὶ
3850 3744 3936 3802 δι-

527 3827 732 3900 καίους,
778 3827 866 3884 καὶ
896 3827 1122 3906 ἀγαθοὺς
1154 3836 1222 3906 τῇ
1256 3829 1467 3907 καρδίᾳ,
1501 3836 1616 3896 οἷος
1646 3832 1713 3900 ἧν
1743 3834 1770 3887 6
1803 3830 2022 3910 Πέτρος,
2086 3831 2458 3912 φιλόστοργος,
2492 3833 2578 3888 καὶ
2611 3835 2727 3912 περὶ
2785 3835 2875 3888 τὸν
2943 3831 3268 3890 Διδάσκαλον
3314 3835 3490 3901 πάσης
3523 3842 3755 3912 πονηρᾶς
3785 3838 3924 3893 ὓπο-

528 3917 672 3980 νοίας
704 3915 984 3986 ἀλλότριος
997 3965 1011 3980 ,

608 4001 791 4066 Vens.
825 4004 1054 4070 35-38,
1082 4026 1112 4066 ‹
1145 4007 1218 4069 Et
1265 4008 1415 4070 dixit
1461 4007 1548 4071 eis
1576 4027 1589 4072 ε
1625 4008 1873 4082 Quando
1924 4009 2058 4070 misi
2090 4026 2184 4070 vos

2367 4035 2396 4066 α
2443 4014 2539 4070 Καὶ
2594 4014 2751 4069 εἶπεν
2791 4015 2971 4078 αὐτοῖς
3001 4030 3013 4043 ⁸
3082 4004 3218 4070 "Ore
3276 4013 3563 4070 ἀπέστειλα
3621 4015 3754 4087 ὑμᾶς
3814 4013 3935 4078 ἄτερ

531 4092 658 4183 sine
688 4094 926 4183 sacculo
946 4103 1006 4156 et
1033 4113 1176 4176 pera
1206 4104 1264 4157 et
1284 4097 1884 4170 calceamentis,num
1917 4099 2056 4178 quid
2084 4098 2184 4160 de-

2281 4101 2582 4177 βαλαντίου,
2637 4105 2725 4158 καὶ
2782 4104 2980 4180 πήρας,
3060 4104 3146 4158 καὶ
3221 4100 3603 4183 ὺποδημλτων,
3659 4105 3734 4177 μή
3794 4125 3936 4170 τινος

529 4181 637 4244 fuit
668 4181 865 4246 vobis?
895 4183 966 4246 At
994 4183 1081 4246 illi
1107 4185 1428 4252 dixerunt:
1465 4186 1646 4250 Nihil.
1699 4187 1855 4250 Dixit
1886 4206 2024 4266 ergo
2060 4187 2147 4247 eis
2179 4209 2184 4245 :

2280 4191 2654 4269 ὑστερήσατες
2713 4193 2771 4248 Οἱ
2834 4191 2887 4247 δὲ
2935 4207 3089 4249 εῖπον
3125 4209 3138 4223 ·
3199 4189 3441 4254 Οὐδενός.
3505 4181 3675 4249 Εἶπεν
3703 4199 3791 4250 οῦν
3835 4195 3935 4252 αύ-

529 4269 647 4334 Sed
699 4291 859 4334 nunc
889 4274 989 4354 qui
1020 4273 1198 4337 habet
1249 4276 1580 4358 sacculum,
1615 4277 1784 4340 tollat
1835 4275 2113 4338 similiter
2141 4285 2184 4337 e1

2281 4293 2398 4344 τοῖς
2436 4302 2447 4314 ·
2497 4277 2663 4337 Ἀλλά
2711 4289 2798 4336 νῦν
2855 4283 2882 4337 6
2942 4280 3088 4360 ἔχων
3139 4279 3452 4358 βαλάντιον,
3511 4282 3691 4357 ἀράτω
3741 4283 3934 4355 ὁμοίως

530 4378 733 4442 peram
773 4384 785 4421 :
823 4371 880 4423 et
908 4363 1009 4444 qui
1035 4382 1155 4425 non
1185 4365 1390 4439 habet,
1425 4365 1640 4428 vendat
1691 4367 1954 4428 tunicam
2002 4382 2184 4439 suam,

2280 4372 2364 4426 καὶ
2407 4371 2581 4448 πήραν
2614 4387 2628 4402 ’
2692 4372 2778 4427 καὶ
2837 4372 2865 4426 6
2917 4373 2994 4446 μὴ
3056 4371 3224 4450 ἔχων,
3273 4369 3581 4438 πωλησάτω
3625 4373 3683 4427 τὸ
3727 4374 3940 4448 ἱμάτιον

527 4456 588 4541 et
608 4459 765 4513 emat
793 4451 1230 4541 gladium.Dico
1262 4455 1422 4516 enim
1467 4455 1656 4532 vobis,
1681 4455 1969 4537 quoniam
2000 4454 2184 4516 adhuc

2278 4458 2457 4532 αὐτοῦ,
2514 4460 2600 4516 καὶ
2658 4460 2973 4538 ἀγορασάτω
3034 4462 3329 4540 μάχαιραν.
3409 4459 3560 4538 Λέγω
3613 4463 3714 4538 γὰρ
3779 4463 3933 4539 ὑμῖν,

527 4536 640 4599 hoc
677 4539 836 4619 quod
884 4540 1172 4621 scriptum
1229 4550 1322 4604 est
1370 4553 1607 4624 oportet
1637 4536 1845 4626 perlici
1875 4543 1933 4602 in
1965 4561 2084 4612 me,
2122 4541 2184 4603 Et

2280 4547 2360 4604 δτι
2405 4547 2480 4604 ἔτι
2554 4559 2708 4608 τοῦτο
2787 4550 2847 4604 τὸ
2918 4549 3286 4627 γεγραμμένον
3359 4548 3440 4605 δει
3505 4548 3812 4616 τελεσθῆναι
3884 4551 3939 4608 ἐν

528 4647 662 4719 cum
695 4629 916 4719 iniquis
945 4630 1258 4712 deputatus
1291 4640 1382 4694 est
1409 4632 1730 4696 ’0.Etenim
1764 4641 1826 4695 et
1872 4651 2006 4713 quaa
2057 4637 2184 4692 sunl

2279 4638 2418 4717 ἐμοὶ,
2479 4639 2564 4712 τὸ,
2632 4639 2726 4695 Καὶ
2785 4639 2919 4712 μετὰ
2963 4638 3176 4713 ἀνόμων
3235 4637 3480 4716 ἐλογίσθη
3517 4655 3530 4669 ⁸
3595 4641 3684 4695 καὶ
3713 4641 3812 4719 γαρ
3871 4644 3937 4699 τὰ

525 4717 602 4780 de
635 4736 754 4794 me,
782 4718 962 4780 ﬁnem
1009 4719 1254 4783 habent.
1287 4721 1361 4782 At
1405 4722 1494 4784 illi
1541 4722 1828 4786 dixerunt
1862 4739 1876 4784 :
1913 4719 2184 4800 Domine,

2375 4727 2389 4746 ι
2449 4727 2460 4746 ι
2555 4734 2576 4744 ς-
2683 4725 2692 4742 ι
2840 4725 2863 4745 νυ
3183 4727 3198 4744 κ
3529 4728 3540 4742 ι
3695 4727 3742 4748 ιλ
3778 4717 3793 4742 ί
3852 4733 3869 4744 ν
3896 4732 3910 4747 ι

2275 4747 2394 4804 περι
2452 4747 2582 4801 εμου
2637 4735 2790 4788 τελος
2841 4749 2982 4807 εχει.
3039 4729 3098 4785 Οἱ
3152 4724 3206 4783 δε
3237 4729 3396 4784 εἶπον
3430 4747 3444 4762 ·
3485 4737 3659 4807 Κύριε,
3698 4747 3804 4784 ιοο·.›
3834 4751 3936 4787 ωοε

528 4826 676 4871 ecce
701 4807 820 4870 duo
849 4809 1031 4888 gladii
1061 4810 1182 4874 hic.
1216 4811 1294 4874 At
1341 4811 1440 4874 ille
1471 4812 1620 4874 dixit
1659 4813 1746 4874 eis
1777 4833 1793 4874 :
1831 4810 1982 4874 Satis
2009 4818 2118 4872 est.
2156 4831 2184 4871 ›

2277 4815 2542 4894 μάχαιραι
2573 4813 2685 4872 δύο.
2753 4808 2808 4873 Ὀ
2858 4815 2911 4871 δὲ
2959 4817 3114 4872 εἶπεν
3173 4817 3354 4878 αὐτοῖς
3392 4835 3409 4852 ⁹
3469 4807 3670 4874 ’ἱκανόν
3701 4817 3867 4880 ἐστιν.
3907 4845 3928 4876 ι

521 4896 588 4960 In
611 4897 905 4978 principio
922 4898 1165 4978 quidem
1197 4900 1638 4980 praedicationis
1666 4902 1907 4964 mittens
1932 4899 2184 4979 discipu.

2274 4892 2538 4983 Ἠν-ἀρχῇ
2595 4904 2690 4979 μὲν
2746 4913 2838 4962 τοῦ
2880 4906 3250 4985 κηρύγματος,
3308 4904 3542 4962 στέλλων
3593 4908 3714 4971 τοὺς
3748 4913 3930 4979 μαθη-

524 4986 613 5049 los
638 4988 922 5050 Dominus
941 4991 995 5049 in
1017 4989 1258 5051 castella
1281 4999 1339 5053 et
1359 4991 1878 5073 civitates,absque
1905 5007 2184 5053 necessa-

2271 4992 2366 5054 τὰς
2423 4995 2450 5047 ὁ
2517 4993 2701 5070 Κύριος
2734 4993 2818 5050 ἐπὶ
2873 4995 2965 5059 τας
3024 4995 3211 5070 κώμας
3242 4999 3330 5051 καὶ
3368 4995 3572 5074 πόλεις,
3621 4995 3930 5074 ἀπερίττους

524 5076 628 5138 riis
649 5075 1104 5159 dimisit,neque
1127 5079 1290 5141 dedit
1313 5081 1535 5162 quibus
1555 5081 1854 5144 habebant
1879 5099 2051 5161 opus,
2088 5097 2184 5140 ne-

2273 5079 2586 5154 ἀπέστελλε,
2643 5081 2810 5158 μηδὲν
2895 5084 3252 5161 ἐπαγομένους
3333 5083 3618 5164 χρειωῖες,
3707 5087 3935 5160 μηδενὸς

527 5185 643 5247 que
668 5185 873 5228 curam
903 5186 1115 5245 gerere
1136 5169 1389 5236 volebat.
1418 5175 1584 5254 Ipsos
1620 5173 1782 5234 enim
1815 5172 1989 5234 etiam
2011 5169 2074 5232 in
2096 5169 2184 5230 his

2272 5170 2659 5246 φροντίζοντας,
2723 5168 2887 5228 ’Ἔδει
2961 5175 3060 5250 γὰρ
3135 5174 3318 5237 αὐτοὺς
3389 5178 3580 5248 μαθεῖν
3623 5175 3721 5242 τὴν
3776 5182 3936 5236 αὖτοῦ

523 5254 1084 5335 oportebatdiscere
1116 5259 1245 5338 ejus
1272 5261 1570 5326 virtutem.
1606 5262 1852 5325 Illorum
1887 5259 2046 5322 enim
2073 5277 2181 5320 cu-

2269 5254 2486 5333 δύναμιν
2545 5262 2630 5315 καὶ
2689 5260 2742 5316 ἐν
2800 5275 2919 5326 τοῖς
2979 5263 3261 5325 τοιούτοις,
3306 5261 3473 5328 Α’Βτὲλς
3506 5265 3605 5342 γὰρ
3635 5263 3936 5340 κηδόμενος

519 5361 646 5435 ram
679 5343 908 5407 habens
929 5353 1207 5428 tanquam
1235 5350 1638 5426 inﬁrmorum,
1664 5348 1916 5412 faciebat
1938 5348 2026 5410 eis
2047 5365 2182 5409 om-

2268 5350 2436 5404 αὐτῶν
2480 5349 2554 5412 ὠς
2613 5349 2867 5420 ἀσθενῶν,
2915 5351 3154 5432 ἀφθόνως
3184 5351 3352 5409 ἐποίει
3385 5354 3567 5417 αὐτοῖς
3598 5357 3661 5412 τὰ
3691 5355 3936 5435 χρειώδη

524 5431 622 5494 nia
651 5436 990 5498 necessaria
1019 5438 1264 5500 amuere
1286 5439 1525 5502 abunde
1576 5440 1723 5502 citra
1755 5439 2019 5520 ipsorum
2072 5455 2180 5499 cu-

2268 5434 2495 5514 ἐπιῤῥεῖν
2551 5439 2638 5495 καὶ
2695 5431 3076 5520 ἀφροντίστως.
3141 5448 3243 5499 Νῦν
3296 5439 3350 5497 δὲ
3409 5443 3472 5497 τὰ
3504 5431 3934 5503 ἐναντία-διακε-

519 5520 844 5586 ram.Nunc
859 5533 1057 5588 autem
1079 5528 1376 5608 contraria
1399 5527 1817 5611 praecipit,non
1837 5527 2176 5592 contrarius

2268 5523 2501 5607 λεύεται,
2548 5530 2640 5586 οἰκ
2678 5528 3077 5608 ἐναντιούμενος
3135 5530 3328 5606 ἐαυτῷ,
3385 5531 3524 5590 ἄλλα
3577 5533 3778 5599 δεικνὺς
3827 5538 3936 5592 αὒ-

597 5682 656 5734 ὀ
683 5682 797 5747 Isa.
831 5700 961 5764 mu,
995 5685 1097 5749 η.
