4184 6406
346 422 497 490 1077

1061 419 1510 486 ENARRATIO
1553 416 1633 482 IN
1676 405 2182 482 EVANGELIUM
2220 407 2455 476 LUCE.
2503 445 2581 456 —
2624 410 2790 474 CAP.
2839 410 3031 472 XXII.

3573 408 3730 478 1078

337 555 461 619 τοῖς
510 553 592 612 ὅτι
651 552 816 634 μέχρι
860 552 959 629 μὲν
1013 558 1100 610 νῦν
1152 553 1226 616 ὡς
1287 548 1468 608 παιδία
1525 545 1854 628 διεϐάσταζε,
1912 548 1989 602 καῖ

2083 543 2195 605 sibi
2224 545 2471 626 ipsi,sed
2502 544 2825 608 ostendens
2853 543 2940 605 eis
2968 543 3126 623 quod
3155 544 3434 634 usquead
3451 545 3730 609 hoctem-

336 643 545 708 οὐδενὸς
605 645 793 707 αὐτοὺς
844 642 1011 700 ἐποίει
1067 643 1377 722 φροντίζειν,
1413 641 1517 696 ἀπὸ
1545 638 1638 695 τοῦ
1665 645 1754 694 νῦν
1786 636 1840 693 δὲ
1883 637 1996 716 χρὴ

337 736 428 793 καὶ
481 736 667 798 αὖτοὺς
730 733 797 791 τὰ
852 738 958 790 τῶν
1000 730 1203 811 ἀνδρῶν
1247 743 1465 812 φρονεῖν
1513 730 1600 786 καὶ
1656 731 1996 806 προνοεῖσθαι

337 826 565 883 ἑαυτῶν.
597 823 744 902 Ἐγὼ
784 823 909 902 γὰρ,
956 823 1140 900 φησὶν,
1174 823 1202 877 ὁ
1236 821 1410 898 πατὴρ
1467 820 1612 894 ὑμῶν
1643 820 1670 874 ὁ
1699 815 1997 902 κηδόμενος

337 912 442 982 ἤδη
477 898 835 994 ἀπέρχομαιλ
886 898 992 968 ἀπὸ
1038 917 1131 967 τοῦ
1182 909 1269 965 νῦν
1325 907 1599 966 ἐνδύσασθε
1629 908 1761 986 πρὸς
1804 907 1867 962 τὸ
1909 898 1998 961 καὶ

378 1006 394 1029 9
701 1003 712 1025 ν
907 1003 933 1014 "
1043 1003 1075 1034 ν,
1133 1003 1144 1022 Ι
1359 997 1393 1022 ‘3
1484 1001 1497 1018 ς
1629 999 1638 1013 ι
1918 1017 1937 1026 _

337 1007 485 1062 αυτοὶ
526 1012 825 1086 φροντίζειν
863 1025 970 1059 των
1014 1023 1244 1074 οιιιειων,
1290 1022 1378 1056 και
1436 1023 1512 1074 μη
1568 1019 1742 1054 παντα
1785 997 1999 1074 θαρῤιϊν

341 1093 482 1169 ἐμοί.
547 1092 674 1152 Οὒδὲ
733 1095 833 1174 γὰρ
888 1098 1106 1148 τοιαῦτα
1160 1091 1288 1164 ὑμῖν
1340 1087 1546 1144 ἔσονται
1590 1089 1652 1142 τὰ
1679 1086 1990 1174 πράγματα,

337 1168 453 1262 ράω
506 1205 564 1240 τε
616 1184 705 1241 καὶ
749 1168 955 1255 -ἅπονα,
1017 1178 1154 1236 ἀλλά
1206 1180 1293 1235 καὶ
1342 1177 1520 1254 πείνῃ,
1569 1178 1658 1233 καὶ
1711 1175 1859 1252 δίψῃ,
1909 1168 1996 1229 καὶ

340 1272 729 1348 ἀντικειμένοις
793 1269 1020 1334 πολλοῖς
1084 1270 1482 1348 περιπεσεῖσθε.
1548 1268 1722 1323 Ταῦτα
1763 1266 1864 1343 γὰρ
1907 1265 1996 1318 αἶ-

340 1363 566 1420 νίττεται
621 1361 708 1418 διὰ
753 1369 846 1418 τεῦ
900 1359 1202 1438 βαλαντίου,
1248 1357 1336 1414 καὶ
1381 1357 1478 1424 τῆς
1522 1357 1724 1434 πήρας,
1755 1354 1843 1409 καὶ
1899 1359 1998 1420 τῆς

339 1453 638 1533 μαχαίρας.
703 1452 794 1507 Διό
865 1435 1152 1522 ἀνάστητε,
1223 1448 1296 1510 ὡς
1357 1446 1446 1501 καὶ
1485 1445 1852 1517 πεινήσοντες,
1910 1435 2000 1498 καὶ

341 1540 657 1618 δεησόμενοι
727 1539 1022 1619 βρωμάτων
1058 1552 1072 1568 ⁸
1145 1538 1174 1592 ὃ
1255 1534 1339 1590 διὰ
1417 1539 1515 1601 τῆς
1575 1533 1748 1610 πήρας
1821 1533 1986 1589 αἰνίτ-

340 1652 509 1690 τεται.
601 1632 700 1689 Καὶ
809 1626 1139 1706 ἀνδρίζεσθε,
1226 1625 1298 1688 ὠς
1383 1622 1766 1698 ἀντικειμένοις
1851 1620 1990 1677 πολ-

342 1719 461 1784 λοῖς
519 1718 959 1800 περιπεσούμενοι
995 1735 1007 1750 ⁸
1095 1716 1123 1772 ὃ
1167 1713 1251 1770 διὰ
1307 1717 1405 1779 τῆς
1461 1713 1732 1792 μαχαίρας
1793 1710 1990 1789 ἐμφαί-

344 1829 444 1870 νει,
477 1797 653 1866 Ταῦτα
703 1805 758 1862 δὲ
817 1803 984 1882 λέγει,
1044 1805 1146 1882 οὐχ
1190 1802 1286 1857 ἵνα
1311 1800 1521 1863 πάντως
1555 1799 1822 1878 μαχαίρας
1868 1797 1991 1854 ἐπι-

343 1898 621 1976 σύρωνται,
654 1893 800 1974 ἀλλ’,
844 1896 918 1959 ὡς
975 1892 1135 1972 ἔφην,
1189 1891 1313 1951 τοὺς
1371 1887 1637 1965 πολέμους
1696 1888 1993 1962 αἰνιττόμε-

342 2011 427 2054 νος
477 1989 566 2044 καὶ
620 1987 742 2050 τοὺς
797 1982 1085 2057 κινδύνους,
1132 1981 1387 2056 καὶπρὸς
1439 1979 1610 2036 πάντα
1653 1998 1986 2052 παρεσκευα-

341 2076 562 2151 σμένους
619 2075 766 2132 εἶναι
827 2073 1226 2149 εἰσηγούμενος,
1275 2061 1400 2126 u[vat
1454 2068 1554 2145 γὰρ
1585 2068 1661 2141 μὴ
1705 2067 1990 2142 νομίσωσιν

341 2169 386 2223 οἱ
446 2165 762 2244 μετέπειτα,
796 2161 876 2219 ὅτι
922 2160 1068 2219 οὐδὲν
1097 2159 1224 2236 παρ’
1273 2160 1470 2216 ἑαυτῶν
1502 2161 1549 2214 οἱ
1579 2155 1868 2214 ἀπόστολοι
1916 2156 1988 2218 εἷς

341 2257 441 2322 τὴν
498 2255 690 2334 ἀρετὴν
751 2253 1182 2330 συνεισήνεγκαν,
1227 2249 1366 2306 ἀλλὰ
1423 2249 1486 2304 τὸ
1543 2255 1646 2304 πᾶν
1709 2256 1802 2306 τοῦ
1859 2253 1990 2304 Θεοῦ

339 2345 429 2424 ἧν,
504 2333 574 2402 Οὐ
633 2350 807 2418 τοῦτο,
869 2343 1052 2422 φησὶν,
1105 2339 1254 2396 ’ἐσται
1320 2337 1510 2401 οὕτως,
1575 2333 1706 2409 Οὐδὲ
1764 2335 1863 2414 γὰρ
1921 2336 1992 2397 ὡς

341 2434 577 2513 ἀψύχοις
609 2433 852 2511 ὀργάνοις
903 2430 1161 2508 βούλομαι
1214 2442 1331 2492 τοῖς
1361 2427 1514 2501 ἐμοῖς
1546 2429 1814 2500 μαθηταῖς
1846 2429 1992 2504 χρῆ-

339 2527 481 2597 σθαι,
541 2521 678 2579 ἀλλὰ
741 2521 926 2578 καὶτά
970 2518 1092 2599 παρ’
1138 2520 1336 2575 ἑαυτῶν
1392 2516 1628 2587 ἐπιζητῶ
1684 2513 1993 2593 προσφέρειν

337 2612 546 2676 αύτούς,
608 2609 824 2686 Ἀμέλει
883 2611 970 2666 καὶ
1031 2610 1269 2688 εὑρήσεις
1317 2607 1438 2670 τοὺς
1490 2603 1842 2682 ἀποστόλους,
1907 2598 1994 2658 καὶ

334 2702 567 2778 μάλιστα
627 2700 832 2758 Παῦλον
891 2698 1066 2757 πολλὰ
1120 2700 1207 2754 καὶ
1265 2695 1316 2763 ἐξ
1373 2695 1622 2752 ἐπινοιῶν
1654 2693 1993 2771 ἀνθρωπίνων

340 2796 693 2872 κατορθοῦντα
759 2789 870 2869 (καὶ
927 2789 1188 2867 ἀνάγνωθι
1245 2788 1338 2849 τὰς
1398 2783 1638 2864 Πράξεις)
1677 2800 1691 2815 ’
1738 2781 1880 2849 πλὴν
1939 2781 1992 2837 ἐν

335 2882 551 2944 ταύταις
609 2881 704 2936 οὔκ
761 2880 904 2947 ἀπῆν
935 2880 969 2944 ἡ
1001 2884 1094 2934 τοῦ
1122 2884 1254 2933 Θεοῦ
1294 2877 1513 2953 βοήθεια
1546 2893 1560 2908 ⁸
1624 2873 1737 2946 ἃμα
1786 2870 1840 2927 δὲ
1906 2865 1993 2928 καἱ

337 2969 638 3052 ὠφελοῦντο
691 2973 738 3026 οἱ
788 2965 1078 3026 ἀπόστολοι
1137 2968 1210 3028 εἷς
1291 2967 1354 3023 τὸ
1412 2963 1606 3043 ἄτυφον
1663 2962 1723 3019 ἐκ
1779 2962 1984 3021 τούτου,

338 3062 396 3119 Εἰ
454 3061 555 3139 γὰρ
612 3061 700 3115 καὶ
743 3059 888 3117 αύτοὶ
945 3054 1170 3132 μηδενὸς
1206 3055 1588 3136 φροντίζοντες,
1634 3052 1806 3108 πάντα
1849 3051 1991 3128 παρᾶ

2080 653 2190 714 pus
2222 643 2496 716 tanquam
2535 635 2805 714 parvulos
2823 635 3285 712 gestarit,etnon
3303 633 3512 696 fecerit
3531 654 3632 698 eos
3653 637 3728 700 de

2080 743 2374 804 quoquam
2408 725 2719 787 sollicitos.
2768 723 2936 784 Nunc
2994 732 3191 785 autem
3250 742 3397 804 opus
3429 733 3518 786 est
3552 726 3635 788 eis
3669 735 3731 789 ut

2080 823 2290 876 curent
2345 833 2414 876 ea
2460 833 2592 894 quae
2646 815 2904 875 virorum
2955 822 3115 892 sunt,
3150 821 3206 875 et
3237 813 3584 893 provideant
3614 815 3729 881 sibi

2079 903 2377 984 ipsis.Ego
2409 905 2594 979 enim,
2627 904 2841 983 inquit,
2877 913 3044 982 pater
3069 911 3283 984 vester,
3314 905 3494 964 vestri
3526 922 3728 968 curam

2080 1011 2294 1071 gerens
2317 994 2440 1071 jam
2471 992 2643 1056 abeo.
2696 992 2774 1054 Ex
2803 994 2914 1053 hoc
2943 999 3211 1072 tempore
3230 994 3417 1072 parati
3450 997 3730 1077 estote,et

2079 1081 2193 1163 ipsi
2224 1101 2424 1143 rerum
2455 1082 2825 1162 propriarum
2859 1099 3058 1142 curam
3085 1083 3361 1162 gerite,et
3391 1083 3572 1145 nolite
3593 1103 3727 1146 om-

2081 1191 2215 1233 nem
2241 1190 2442 1234 curam
2472 1173 2530 1232 in
2553 1192 2647 1232 me
2673 1173 2946 1250 rejicere.
2976 1172 3171 1250 Opera
3200 1173 3361 1233 enim
3393 1181 3584 1234 vestra
3610 1193 3728 1236 non

2081 1271 2257 1324 erunt
2279 1270 2392 1322 tam
2416 1261 2954 1336 facilia,etalabore
2983 1261 3309 1323 alienazsed
3343 1261 3582 1324 obnoxii
3615 1265 3728 1326 eri-

2086 1351 2306 1414 tisfami
2321 1360 2377 1414 et
2398 1353 2583 1431 siti,et
2598 1351 2794 1412 multis
2812 1350 3238 1413 adversis.Haec
3256 1352 3409 1412 enim
3428 1352 3732 1415 insinuau-

2081 1450 2174 1502 tur
2197 1460 2303 1520 per
2333 1444 2636 1502 sacculum
2659 1450 2718 1502 et
2743 1459 2944 1520 peram
2984 1459 3050 1500 ac
3070 1440 3630 1518 gladium.Proinde
3653 1462 3728 1506 ne

2074 1530 2202 1592 sitis
2232 1531 2427 1609 ignavi
2457 1549 2470 1593 :
2505 1531 2644 1612 quia
2675 1537 2733 1591 et
2757 1529 2974 1590 famem
3000 1529 3553 1610 expertnriestis,et
3579 1551 3729 1611 opus

2075 1620 2368 1682 habebitis
2399 1620 2637 1694 eduliis,
2670 1638 2800 1700 quae
2828 1637 2935 1698 per
2953 1636 3154 1698 peram
3180 1619 3571 1697 signiﬁcat.Et
3599 1621 3734 1682 viri-

2076 1711 2162 1771 les
2193 1711 2332 1770 475
2360 1717 2571 1784 estote,
2608 1709 2745 1789 quia
2796 1709 2856 1768 in
2889 1707 3072 1767 multa
3101 1707 3344 1768 adversa
3396 1709 3670 1770 incidetis
3712 1733 3726 1773 :

2075 1800 2230 1881 quod
2267 1817 2372 1881 per
2397 1798 2656 1878 gladium
2688 1795 3078 1858 indicatHaec
3109 1808 3307 1858 autem
3339 1797 3632 1872 dicit,non
3667 1808 3730 1860 ut

2077 1889 2319 1950 omnino
2364 1888 2574 1968 gladiis
2605 1889 2720 1948 sint
2761 1885 3037 1967 accincti,
3071 1886 3200 1960 sed,
3240 1895 3300 1946 ut
3331 1886 3726 1967 dixi,signili-

2075 1998 2214 2041 cans
2238 1978 2393 2040 bella
2423 1986 2481 2039 et
2506 1977 2794 2058 pericula,
2824 1976 3120 2036 etdocens
3151 1983 3212 2036 ut
3237 1977 3307 2037 ad
3341 1977 3539 2037 omnia
3567 1997 3723 2058 prte-

2075 2068 2262 2151 parati
2292 2069 2433 2130 sint.
2467 2066 2610 2128 Nam
2656 2085 2732 2127 ne
2791 2065 3132 2126 existiment
3177 2066 3536 2146 posteriores
3566 2067 3726 2148 quod

2073 2157 2320 2240 apostoli
2355 2177 2424 2219 ex
2465 2176 2528 2218 se
2563 2155 2711 2216 nihil
2742 2155 2816 2216 ad
2848 2154 3126 2215 virtutem
3176 2155 3562 2229 contulerint,
3618 2156 3725 2220 sed

2074 2260 2260 2312 totum
2287 2248 2396 2310 Dei
2426 2247 2602 2309 fuerit
2630 2249 2794 2308 :Non
2829 2246 2941 2306 hoc
2968 2245 3101 2321 crit,
3137 2247 3352 2326 inquit,
3377 2248 3484 2308 sic.
3520 2245 3728 2328 Neque

2079 2340 2238 2402 enim
2272 2337 2554 2420 apostolis
2577 2337 2725 2398 meis
2744 2336 2832 2396 uti
2863 2336 2992 2396 volo
3023 2345 3086 2394 ut
3108 2335 3729 2401 instrumentisinani-

2077 2431 2254 2491 matis
2278 2450 2290 2490 :
2316 2429 2418 2490 scd
2446 2437 2502 2490 et
2531 2447 2662 2508 qua:
2692 2426 2764 2488 ab
2791 2425 2934 2506 ipsis
2958 2435 3094 2486 sunt
3125 2427 3283 2506 ipsos
3327 2427 3543 2488 alierre
3589 2430 3727 2509 pos-

2076 2523 2221 2584 tulo.
2255 2521 2521 2598 Denique
2546 2516 2813 2576 invenies
2833 2515 3155 2594 apostolos,
3192 2524 3254 2576 et
3286 2515 3538 2578 maxime
3573 2520 3726 2579 l’au-

2077 2611 2413 2684 lum,multa
2435 2607 2610 2669 etiam
2632 2624 2699 2664 ex
2719 2605 2990 2664 humanis
3011 2604 3318 2665 industriis
3349 2615 3511 2667 recte
3534 2606 3729 2670 facere

2079 2701 2237 2780 [lege
2270 2695 2734 2776 Acta],quamvis
2765 2703 2824 2756 et
2846 2695 2903 2754 in
2934 2694 3024 2754 his
3045 2713 3161 2754 non
3183 2694 3439 2755 abfuerit
3463 2695 3726 2758 divinum

2075 2787 2673 2851 subsidium.[nterea
2699 2799 2898 2845 autem
2933 2785 3296 2864 etapostolis
3317 2785 3549 2847 accedit
3570 2787 3728 2847 utili-

2075 2891 2184 2954 tas,
2220 2897 2294 2939 ne
2333 2879 2480 2938 fastu
2531 2877 2814 2936 inﬂentur
2844 2893 2914 2935 ex
2965 2875 3100 2936 hoc.
3137 2873 3194 2935 Si
3229 2875 3386 2934 enim
3420 2874 3535 2954 ipsi
3575 2875 3724 2938 nihil

2075 2975 2402 3041 curassent,
2451 2975 2509 3028 et
2556 2985 2589 3026 a
2652 2967 2771 3027 Deo
2815 2964 3016 3024 omnia
3070 2972 3506 3041 expectassent,
3542 2973 3724 3045 atque

2072 3059 2218 3138 ipsis
2251 3055 2806 3135 evenissent,inﬂati
2843 3055 3114 3124 fuissent,
3142 3052 3313 3132 quasi
3345 3054 3533 3132 majus
3557 3056 3736 3134 quid-_

336 3157 427 3205 τοῦ
489 3150 620 3205 Θεοῦ
676 3146 952 3222 ἀνέμενον,
1017 3146 1105 3203 καὶ
1145 3144 1378 3222 ἐγίνοντο
1432 3142 1639 3216 αὐτοῖς,
1712 3141 1988 3219 ἐτυφώθη-

2074 3150 2208 3210 dam
2241 3164 2422 3227 super
2461 3147 2613 3206 vires
2668 3147 2956 3205 humanas
2987 3143 3198 3205 sortiti.
3228 3141 3298 3202 Et
3328 3142 3590 3223 alioquin
3616 3163 3723 3205 na-

337 3260 436 3293 σαν
488 3236 568 3319 ἂν,
655 3239 726 3300 ὡς
800 3236 1012 3310 μείζονα
1091 3233 1128 3302 ἢ

336 3315 624 3407 λαχόντες.
686 3327 784 3383 Καὶ
835 3323 1009 3386 ἄλλως
1059 3321 1138 3404 δὲ,
1189 3321 1342 3401 ἀγρία
1371 3321 1575 3400 φύσεως
1605 3323 1692 3374 και
1715 3315 1986 3396 διαφθορὰ,

332 3405 618 3490 τοί-μηδὲν
676 3411 767 3493 ἀφ’
857 3413 1058 3471 ἑαυτῶν
1144 3410 1494 3488 ἐπινοεῖσθαι,
1584 3405 1720 3464 ἀλλά
1791 3406 1988 3475 πάντα,

335 3508 487 3562 τοῦτο
531 3503 596 3570 δὴ
639 3504 700 3558 τὸ
743 3509 839 3558 τοῦ
883 3499 1065 3578 λόγου,
1122 3497 1462 3573 ἀληλεσμένα
1517 3493 1833 3574 προσδοκᾷν.
1894 3495 1991 3549 Διά

335 3595 485 3650 τοῦτό
533 3615 696 3672 φησιν
752 3590 959 3670 αὒτοϊς,
1029 3588 1112 3645 ὅτι
1182 3588 1316 3644 Ἀπὸ
1374 3594 1466 3643 τοῦ
1519 3596 1607 3644 νῦν
1666 3587 1753 3641 καὶ
1812 3585 1987 3662 πήρας

334 3683 642 3761 βαστάζετε,
700 3679 990 3750 τουτέστιν,
1073 3678 1224 3737 Οῦτω
1309 3675 1622 3750 διάκεισθε,·
1653 3676 1740 3731 καὶ
1825 3696 1986 3752 φρον-

338 3774 522 3843 τίζετε,
584 3773 658 3835 ὡς
712 3771 1056 3840 πεινήσοντες
1087 3786 1102 3800 ⁸
1163 3769 1250 3823 καὶ
1331 3767 1600 3846 μαχαίρας
1669 3764 1984 3842 ἆ“(οράσ²τεν

336 3861 466 3940 ὅπερ
519 3859 682 3933 ἐστὶν,
749 3859 898 3917 Οὕτω
954 3860 1267 3936 προνοεῖσθε
1326 3858 1548 3927 ἑαυτῶν,
1610 3856 1682 3918 ὡς
1735 3851 1988 3915 κινδύνοις

333 3952 420 4009 καὶ
464 3948 720 4024 πολέμοις
783 3949 1252 4027 προσκρούσοντες,
1308 3947 1405 4003 Καὶ
1467 3943 1640 4008 ἄλλως
1690 3941 1744 3999 δὲ
1802 3942 1987 4009 ἐξελά-

333 4040 491 4098 ϐοντό
534 4061 675 4105 τινες
715 4041 777 4095 τὸ
847 4039 1106 4117 ἀγοράσαι
1164 4037 1460 4116 μάχαιραν,
1523 4034 1809 4090 Αἰνίττεται
1865 4034 1986 4111 γὰρ,

332 4132 480 4212 φασὶ,
540 4131 639 4198 τὴν
698 4125 883 4205 ἔφοδον
933 4128 1032 4195 τὴν
1066 4127 1184 4183 κατ’
1234 4127 1391 4183 αὐτοῦ
1442 4124 1564 4181 ὅσον
1595 4123 1742 4182 οῦπω
1771 4145 1992 4201 γενησο-

334 4211 521 4295 μένην,
574 4220 664 4275 καὶ
720 4217 801 4274 ὅτι
883 4216 1166 4294 μέλλουσιν
1238 4216 1394 4271 αὑτὸν
1463 4211 1848 4287 συλλαμϐάνειν
1899 4235 1989 4290 ipo-

335 4323 446 4372 νεϊς
508 4307 792 4387 ἅνθρωποι.
882 4305 1030 4365 Ἐπεί
1113 4306 1214 4385 γάρ
1289 4304 1486 4360 ἐκεῖνοι
1543 4304 1663 4382 περὶ
1735 4303 1989 4380 προτείων

339 4395 566 4475 ἔφθησαν
625 4399 758 4476 πρὸς
838 4395 1105 4467 ἀλλήλους
1179 4393 1669 4476 φιλονεικήσαντες,
1729 4393 1836 4449 Οὔκ
1878 4391 1987 4447 ἔστι

1221 3234 1358 3288 κατὰ
1440 3233 1768 3310 ἀνθρωπίνην
1839 3229 1987 3309 φύσιν

2077 3250 2221 3300 tura)
2245 3235 2653 3314 essetignavia
2675 3244 2732 3294 et
2761 3234 3086 3311 corruptio,
3123 3233 3270 3293 nihil
3313 3251 3345 3293 a
3379 3251 3442 3292 se
3487 3237 3720 3313 excogi-

2079 3328 2338 3409 tare,sed
2375 3328 2594 3406 omnia,
2629 3334 2691 3386 ut
2730 3325 2850 3385 dici
2899 3325 3068 3399 solet,
3121 3325 3320 3385 molita
3351 3335 3719 3405 exspectare.

2075 3423 2398 3499 PrOpterea
2430 3417 2572 3476 dicit
2603 3415 2688 3476 eis
2723 3437 2735 3472 :
2771 3415 2850 3474 Ex
2885 3417 2996 3476 hoc
3030 3424 3298 3494 tempore
3326 3424 3383 3476 et
3415 3435 3586 3497 peras
3612 3439 3721 3498 ge-

2073 3519 2244 3582 state,
2271 3509 2382 3568 hoc
2413 3513 2522 3575 est,
2557 3505 2642 3566 sic
2669 3505 2861 3565 allecti
2893 3513 3106 3576 estote,
3148 3513 3206 3566 et
3249 3524 3450 3566 curam
3481 3508 3720 3591 habete,

2072 3609 2136 3660 ut
2166 3597 2420 3660 esuriem
2475 3595 2734 3656 habituri
2768 3595 2839 3656 Et
2877 3595 3133 3673 gladium
3167 3597 3369 3670 emite,
3406 3597 3564 3676 quod
3608 3609 3719 3674 est,

2072 3691 2156 3751 sic
2190 3687 2498 3768 providete
2533 3683 2699 3745 vobis
2729 3683 2894 3763 ipsis,
2933 3694 3209 3764 tanquam
3245 3686 3303 3745 hi
3345 3687 3443 3766 qui
3474 3687 3534 3747 in
3569 3686 3726 3750 bella

2073 3788 2132 3841 et
2163 3778 2361 3858 praelia
2393 3776 2573 3836 multa
2597 3773 2963 3836 incident.Et
2983 3775 3153 3834 aliter
3175 3780 3724 3858 cXposuoruntqui-

2074 3869 2206 3929 dam
2257 3867 2460 3928 Emite
2499 3864 2798 3949 gladium.
2836 3863 3136 3949 Significat
3182 3865 3718 3949 enim-.minquiunt,

2075 3949 2236 4010 brevi
2259 3957 2446 4008 tantas
2468 3947 2749 4006 adversus
2773 3944 2964 4023 ipsum
2994 3945 3219 4004 futuras
3240 3944 3725 4027 insidias,quales

2074 4056 2373 4117 nunquam
2408 4037 2669 4110 fuerunt,
2705 4041 2762 4093 et
2793 4038 2951 4113 quod
2984 4034 3243 4095 invasuri
3265 4035 3593 4117 sintipsum
3617 4037 3726 4100 viri

2072 4125 2607 4206 sanguinarii.Nam
2640 4123 2777 4204 quia
2807 4123 2892 4184 illi
2927 4126 3088 4204 prius
3119 4124 3273 4185 inter
3294 4143 3358 4186 se
3375 4127 3448 4188 de
3468 4126 3725 4205 primatu

2073 4217 2661 4281 contenderant.Non
2710 4223 2817 4284 est,
2855 4214 3064 4294 inquit,
3097 4223 3329 4294 tempus
3359 4215 3722 4295 ambitionis,

2075 4308 2182 4370 sed
2215 4305 2612 4386 periculorum
2637 4310 2693 4364 et
2719 4302 2988 4364 caedium.
3023 4302 3167 4364 Nam
3201 4312 3259 4364 et
3290 4322 3396 4382 ego
3445 4306 3728 4385 magister

2073 4406 2266 4458 vester
2296 4396 2364 4456 ad
2403 4402 2654 4454 mortem
2705 4391 2988 4454 abducor.
3038 4411 3234 4472 neque
3279 4394 3350 4453 ad
3402 4393 3720 4470 gloriosam

335 4487 540 4566 καιρὸς,
598 4489 748 4565 φησὶ,
812 4485 1219 4565 φιλοπρωτείας,
1266 4483 1404 4540 ἀλλὰ
1450 4483 1699 4539 κινδύνων
1728 4482 1815 4537 καὶ
1845 4503 1987 4560 σφα-

2077 4483 2781 4547 mortem.Verumtamen
2814 4481 3157 4559 implebitur
3184 4484 3237 4542 in
3272 4481 3579 4555 me,cCum
3601 4484 3723 4545 ini-

334 4583 465 4654 γῶν.
522 4576 618 4634 Καὶ
679 4577 779 4653 γὰρ
841 4575 948 4653 ἐγὼ
986 4577 1014 4630 ὁ
1071 4573 1384 4636 διδάσκαλος
1439 4574 1586 4648 ὑμῶν
1644 4573 1714 4634 εἷς
1765 4570 1986 4627 θάνατον

332 4665 638 4742 ἀπάγομαι,
671 4667 760 4721 καὶ
789 4662 905 4722 οὐδὲ
936 4663 1149 4738 ἔντιμον
1207 4663 1427 4720 θάνατον
1456 4679 1469 4693 ⁸
1517 4659 1653 4717 ἀλλὰ
1696 4661 1783 4716 καὶ
1831 4663 1985 4716 τοῦτο

335 4751 746 4832 πληρωθήσεται
804 4752 886 4808 ἐπ’
945 4752 1086 4832 ἐμοὶ,
1121 4754 1204 4832 τὸ,
1245 4772 1268 4808 ε
1307 4752 1410 4814 Καὶ
1454 4751 1588 4826 μετὰ
1616 4750 1828 4824 ἀνόμων
1860 4747 1986 4805 ἐλο-

332 4844 506 4920 γίσθη.
564 4866 591 4897 n
657 4842 766 4910 Τὴν
825 4840 1006 4923 ἔφοδον
1053 4849 1142 4899 υῦν
1196 4843 1296 4910 τὴν
1347 4840 1635 4919 λῃστρικὴν
1673 4839 1983 4895 αἰνίττεσθαι

331 4930 676 5006 βουλόμενος,
745 4930 986 5007 ἐμνήσθη
1073 4932 1345 5010 μαχαίρας
1382 4945 1394 4960 ·
1471 4930 1560 4985 καὶ
1616 4929 1733 4984 οὔτε
1804 4927 1984 4984 τέλεον

330 5019 696 5100 ἀπεκάλυψεν,
742 5020 835 5077 ’ίνα
887 5021 965 5096 μὴ
1022 5019 1188 5092 δειλίᾳ
1245 5022 1346 5076 τινὶ
1418 5021 1756 5098 ταραχθῶσιν
1791 5034 1803 5048 ⁸
1869 5017 1985 5073 οῦτε

329 5109 510 5167 τέλεον
571 5109 973 5190 ἀπεσιώπησεν,
1025 5109 1119 5166 *ίνα
1165 5110 1241 5186 μὴ
1297 5117 1366 5186 τῇ
1423 5109 1584 5188 ἀθρόᾳ
1636 5107 1805 5188 ἐφόδῳ
1853 5129 1985 5185 συγ-

328 5204 532 5280 χυθῶσι
566 5223 576 5234 ·
643 5199 846 5273 μᾶλλον
906 5197 960 5255 δὲ
1017 5200 1111 5256 ’ἱνα
1169 5200 1303 5276 μετὰ
1358 5206 1522 5256 ταῦτα
1574 5197 1984 5274 ἀναμιμνησκό-

330 5288 514 5369 μενοι,
575 5289 910 5364 θαυμάζωσιν
1012 5291 1169 5348 αύτὸν
1240 5291 1312 5353 ὡς
1389 5289 1844 5367 προγινώσκοντα,
1902 5288 1990 5342 καὶ

329 5377 764 5451 ἐκπλήττωνται,
835 5383 952 5443 πῶς
1001 5376 1186 5434 ἑαυτὸν
1241 5375 1460 5442 ἐξεδίδου
1517 5379 1646 5455 πρὸς
1706 5377 1766 5432 τὸ
1824 5375 1988 5438 πάθος

327 5467 455 5542 ὑπὲρ
515 5466 782 5545 σωτηρίας
852 5473 960 5523 τῶν
1015 5466 1328 5546 ἀνθρώπων,
1404 5467 1492 5522 καὶ
1560 5463 1642 5520 διὰ
1706 5474 1859 5522 τοῦτο
1901 5465 1988 5519 καὶ

330 5557 476 5614 αὐτοὶ
532 5554 700 5632 μηδὲν
775 5562 884 5613 τῶν
939 5554 1202 5635 ἀλγεινῶν
1277 5556 1641 5636 ὑποφεύγωσιν
1699 5555 1828 5631 ῦπῖρ
1898 5562 1990 5612 τοῦ

330 5644 495 5701 σῶσαί
546 5667 719 5709 τινας.
765 5647 942 5704 Ταῦτα
993 5647 1116 5725 γὰρ,
1181 5647 1366 5726 οἶμαι,
1439 5647 1506 5702 τὰ
1565 5641 1936 5723 αἰνιγματώδη
1972 5666 1986 5682 ο

326 5732 412 5791 διὰ
470 5757 622 5793 τουτο
674 5735 880 5816 ἔλεγεν,
929 5735 1024 5792 ἵνα
1054 5736 1189 5813 μετὰ
1248 5743 1416 5793 ταῦτα
1457 5733 1992 5812 ἀναμιμνησκόμενοι

2071 4577 2204 4657 quis
2233 4575 2545 4653 deputatus
2577 4578 2685 4630 est.
2724 4568 3014 4631 »Insidias
3046 4570 3222 4649 igitur
3250 4571 3723 4636 Iatrocinatorias

2070 4665 2530 4743 signiﬁcaturus,
2558 4658 2827 4720 meminit
2858 4658 3037 4737 gladii
3064 4680 3077 4719 :
3109 4679 3300 4740 neque
3343 4661 3587 4722 omnino
3615 4681 3720 4724 re-

2069 4755 2297 4828 velavit,
2354 4762 2415 4812 ut
2463 4771 2537 4812 ne
2592 4757 2751 4810 metu
2805 4747 3059 4829 quodam
3103 4755 3488 4813 terreantur:
3527 4770 3722 4833 neque

2070 4845 2311 4907 omnino
2346 4842 2528 4916 siluit,
2551 4845 2615 4903 ut
2635 4857 2708 4900 ne
2740 4838 3071 4918 repentinis
3102 4839 3335 4900 insidiis
3355 4841 3722 4903 confundan-

2070 4943 2162 4996 tur
2189 4953 2202 4996 :
2234 4934 2350 4993 imo
2378 4941 2438 4993 ut
2462 4942 2590 5010 post
2625 4930 2750 4989 haec
2780 4929 3166 4990 recordantes
3187 4929 3560 4991 admirentur
3583 4949 3718 4993 eum

2068 5025 2343 5095 tanquam
2375 5012 2874 5094 praescientem,et
2907 5017 3212 5088 tepescant
3239 5011 3535 5091 quomodo
3552 5010 3720 5092 seip-

2071 5125 2199 5168 sum
2231 5123 2337 5182 pro
2365 5104 2552 5164 salute
2583 5100 2889 5160 hominum
2918 5099 2990 5159 ad
3015 5111 3270 5161 mortem
3305 5100 3634 5175 tradiderit,
3660 5108 3720 5163 et

2073 5203 2385 5277 propterea
2413 5192 2588 5254 etiam
2621 5189 2734 5269 ipsi
2768 5189 2915 5248 nihil
2947 5189 3261 5251 molestum
3291 5189 3722 5268 subterfugiant

2073 5296 2134 5346 ut
2173 5285 2470 5345 salventur
2521 5279 2726 5360 aliqui.
2762 5277 2900 5339 Haec
2927 5279 3084 5338 enim
3113 5279 3324 5358 opinor
3353 5279 3724 5358 eenigmatice

2073 5383 2386 5455 propterea
2416 5371 2674 5446 dicebat,
2707 5378 2769 5430 ut
2800 5376 3002 5448 postea
3032 5369 3416 5431 recordantes
3448 5379 3508 5432 et
3541 5371 3725 5434 intel-

2071 5466 2344 5544 ligentes,
2380 5461 2691 5522 utilitatem
2725 5467 3012 5538 caperent
3045 5478 3058 5522 :
3093 5459 3372 5539 quoniam
3410 5474 3548 5522 tunc
3573 5463 3724 5524 adeo

2069 5552 2422 5633 insipientes
2452 5558 2642 5625 erant,
2679 5557 2739 5610 ut
2769 5549 3072 5612 dicerent:
3104 5547 3414 5630 «Domine,
3453 5568 3596 5612 ecce
3627 5551 3724 5614 hic

2073 5643 2250 5724 gladii
2281 5642 2546 5704 duo.»At
2567 5643 2691 5721 ipse
2720 5639 2861 5719 quia
2890 5637 3034 5701 vidit
3058 5657 3160 5702 eos
3183 5658 3302 5700 non
3331 5638 3719 5717 intellexisse,

2074 5733 2304 5816 inquit:
2349 5756 2372 5788 ι
2400 5731 2553 5796 Satis
2583 5739 2696 5807 est;
2733 5753 2760 5785 ι
2817 5728 3052 5792 tametsi
3103 5747 3476 5814 nequaquam
3534 5729 3721 5793 suffe-
