4184 6404
280 482 288 487 ί
313 376 457 459 ιοδι

999 373 1444 481 ΕΝΑΡιΡιᾼΤίΟ
1486 372 1570 447 IN
1617 369 1962 443 EVANGEI

2045 371 2123 433 ΙΜ
2168 368 2412 435 LUCE.
2445 400 2520 417 -—
2566 370 2729 433 CAP.
2780 368 2977 430 XXII.

3534 365 3556 421 ι
3571 355 3691 424 082

309 514 525 595 εὔχεται
595 512 875 595 παρελθεῖν
960 513 1020 567 τὸ
1082 510 1365 589 ποτήριον’
1446 506 1708 589 φιλόζωον
1768 506 1869 586 γὰρ
1902 505 1954 595 ,ὃ

2045 538 2158 582 non
2189 519 2405 586 dicturi
2436 528 2605 582 erant
2620 516 2670 581 si
2696 535 2816 581 non
2845 515 3097 579 fuissent
3120 516 3247 577 huic
3273 514 3426 577 facta
3445 512 3472 576 ?
3502 515 3689 576 Porro

309 594 602 684 ἄνθρωπος’
657 594 752 667 τὰς
805 600 1028 681 αἱρέσεις
1084 598 1169 656 διά
1222 598 1421 671 τούτων
1491 595 1798 676 ἀνατρέπων
1862 594 1957 659 τὰς

308 693 585 773 λεγούσας,
680 692 763 751 ὅτι
838 691 973 747 κατα
1060 688 1345 770 φαντασίαν
1414 687 1837 764 ἐνηνθρὼπησεν,
1900 685 1959 743 Et

307 788 406 868 γὰρ
457 788 544 845 καὶ
597 786 799 843 τούτων
869 781 1191 861 γενομένων,
1253 778 1418 861 ’ἔσχον
1475 777 1701 859 πάροδον
1743 783 1959 834 τοιαῦτα

305 866 579 958 φλυαρεῖν
640 875 690 931 τί
759 875 853 930 οὒκ
925 873 986 927 ἀν
1018 871 1198 942 ε’ίπον,
1231 870 1275 925 εἰ
1333 866 1469 945 μηδὲ
1499 874 1664 925 ταῦτα
1706 866 1957 944 ὲγένετος

304 957 378 1027 Τὸ
437 957 533 1042 μὲν
617 965 705 1023 οὖν
775 962 943 1020 θέλειν
1048 960 1441 1039 παρενεχθῆναι
1532 958 1594 1013 τὸ
1678 957 1956 1035 ποτὴριον,

304 1056 652 1135 ἀνθρώπινον·
706 1054 767 1110 τὸ
826 1050 879 1108 δὲ
940 1048 1155 1129 ταχέως
1226 1047 1424 1123 εἰπεῖν,
1472 1069 1496 1102 ι
1566 1044 1712 1115 Πλὴν
1770 1046 1847 1120 μὴ
1900 1045 1961 1100 τὸ

303 1133 434 1221 ἐμὸν
507 1143 714 1220 θέλημα
794 1140 1050 1219 γενέσθω,
1121 1136 1258 1193 ἀλλά
1313 1137 1374 1192 τὸ
1432 1137 1546 1199 σὸν,
1612 1159 1638 1191 ι
1706 1133 1959 1193 δείκνυσιν

302 1234 385 1291 ὅτι
441 1234 531 1290 καὶ
595 1235 738 1306 ἡμᾶς
794 1228 931 1286 οὕτω
987 1224 1071 1283 δεῖ
1129 1224 1428 1281 διακεῖσθαι
1484 1226 1570 1281 καὶ
1618 1224 1957 1304 φιλοσοφεῖν,

300 1327 393 1381 καὶ
448 1322 525 1397 τῷ
576 1322 697 1393 θείῳ
767 1317 1028 1392 θελήματι
1084 1326 1462 1393 παραχωρεῖν,
1544 1314 1627 1370 καὶ
1709 1318 1809 1379 τῆς
1867 1310 1959 1391 φύο

302 1434 441 1477 σεως
494 1409 871 1475 ἀνθελκούσης,
950 1406 1027 1481 μὴ
1099 1403 1524 1482 ἐπιστρέφεσθαι.
1584 1403 1671 1471 Μὴ
1738 1403 1800 1458 τὸ
1865 1400 1957 1457 θέ-

303 1504 455 1575 λημα
510 1524 612 1578 μου
668 1500 730 1556 τὸ
755 1496 1081 1576 ἀνθρώπινον
1110 1492 1364 1571 γενέσθω,
1399 1491 1457 1548 ἀ)
1470 1490 1538 1548 λά
1570 1494 1633 1549 τί)
1663 1494 1779 1571 σὸν,
1812 1490 1957 1570 ὥπερ

304 1595 398 1650 σὸν
455 1593 549 1649 οὒκ
597 1589 708 1647 ἔστι
765 1589 859 1645 τοῦ
912 1585 1042 1660 ἐμοῦ
1068 1583 1208 1642 θείου
1248 1581 1551 1657 θελήματος
1608 1579 1954 1662 κεχωρισμέ-

304 1698 414 1740 νον⁶
470 1679 559 1737 δύο
613 1680 713 1759 γὰρ
770 1676 947 1756 φύσεις
1006 1672 1153 1753 ἔχων
1182 1673 1210 1728 ὁ
1242 1671 1326 1735 εἷς
1359 1672 1604 1751 Χριστὸς,
1632 1675 1759 1751 εἶχε
1814 1668 1956 1726 πάν-

2039 609 2191 671 velle
2219 609 2379 690 quod
2411 616 2671 671 transeat
2710 605 2886 676 calix,
2935 606 3260 668 humanum
3290 609 3438 665 erat.
3479 599 3690 663 Statim

2041 706 2236 761 autem
2262 697 2544 778 dicendo,
2582 719 2605 755 ιι
2642 695 3068 760 Verumtamen
3118 712 3236 756 non
3266 710 3400 754 mea
3427 690 3693 752 voluntas

2044 787 2165 862 ﬁat,
2192 787 2297 850 sed
2329 796 2426 849 tua
2461 807 2475 850 :
2518 811 2540 843 ι
2577 785 2839 848 ostendit
2864 783 3020 865 quod
3052 783 3227 846 etiam
3253 800 3362 843 nos
3390 781 3476 841 sic
3506 797 3687 859 opor-

2044 888 2163 944 teat
2192 882 2433 943 atl‘ectos
2464 899 2620 961 esse,
2654 888 2713 941 et
2746 876 3171 959 philosophari,
3206 875 3535 954 divinaeque
3582 891 3691 934 vo-

2041 970 2253 1033 luntati
2275 969 2515 1043 cedere,
2545 977 2605 1031 et
2627 988 2745 1030 non
2776 985 2984 1049 parere
3005 975 3232 1029 naturae
3257 982 3322 1027 se
3343 962 3689 1045 opponenti.

2040 1060 2174 1122 Non
2204 1059 2477 1120 voluntas
2513 1076 2644 1118 mea
2686 1059 2947 1118 humana
2978 1056 3099 1136 ﬁat,
3140 1053 3244 1117 sed
3278 1063 3395 1134 tua,
3431 1070 3501 1115 eo
3530 1050 3689 1133 quod

2040 1154 2140 1209 tua
2167 1147 2437 1209 voluntas
2470 1166 2589 1207 non
2620 1153 2709 1207 est
2758 1164 2792 1207 a
2821 1144 2962 1205 475
3004 1162 3134 1207 mea
3165 1143 3361 1205 divina
3395 1140 3694 1205 voluntate

2043 1244 2333 1316 separata.
2368 1238 2524 1299 Duas
2554 1234 2713 1298 enim
2748 1242 2991 1297 naturas
3020 1232 3250 1296 habens
3289 1249 3444 1295 unus
3484 1228 3693 1293 Chris-

2042 1334 2159 1400 tus,
2194 1324 2397 1387 habuit
2428 1333 2487 1387 et
2518 1324 2818 1386 naturales
2867 1323 3196 1385 voluntates
3226 1322 3323 1385 vel
3356 1318 3690 1398 volitiones,

2041 1414 2298 1475 divinam
2320 1432 2389 1476 ac
2411 1411 2967 1475 humanam.Voluit
2988 1412 3187 1493 itaque
3206 1411 3468 1472 humana
3488 1414 3695 1469 natura

2040 1503 2536 1583 vivere,naturale
2567 1503 2725 1563 enim
2759 1511 2874 1565 est.
2900 1501 3129 1564 Deinde
3159 1516 3417 1581 sequens
3436 1496 3692 1559 divinam

2037 1591 2428 1665 voluntatem,
2465 1608 2599 1672 quae
2630 1591 2867 1651 volebat
2916 1599 2977 1651 ut
3010 1608 3220 1651 omnes
3268 1587 3540 1650 homines
3568 1584 3694 1647 sal-

2039 1688 2404 1755 varentur,et
2428 1688 2554 1743 erat
2585 1680 2920 1741 communis
2942 1680 3101 1743 Patri
3120 1687 3178 1742 et
3198 1678 3345 1741 Filio
3366 1696 3435 1739 ac
3451 1674 3693 1757 Spiritui

303 1794 409 1836 τως
467 1770 556 1826 καὶ
610 1757 818 1849 φωσικά
847 1763 1122 1849 θελήματα
1149 1762 1211 1817 τὸ
1248 1783 1305 1816 τε
1329 1764 1496 1835 θεῖον,
1527 1763 1615 1818 καὶ
1666 1762 1724 1817 τὸ
1753 1757 1945 1838 ἀνθρώ-

2045 1780 2270 1845 sancto,
2301 1778 2551 1830 mortem
2587 1768 2892 1848 suscepit:
2923 1775 2980 1830 et
3010 1769 3098 1829 sic
3145 1785 3329 1829 unum
3360 1764 3577 1827 factum
3606 1769 3699 1824 est

304 1834 479 1940 πινον,
531 1834 653 1927 ἢτόι
710 1834 989 1926 θελήσειςξ
1038 1834 1247 1908 ’,Ηθελε
1288 1850 1385 1925 μὲν
1434 1850 1530 1940 ,οὖν
1652 1834 1952 1929 ἀνθρωπίνη

303 1937 476 2031 φύσις*
510 1950 574 2006 τὸ
623 1953 740 2023 ζῇν·
793 1945 1008 2025 φυσικὸν
1066 1941 1189 2019 γὰρ’
1246 1940 1369 1996 εἶτα
1429 1937 1668 2016 ἑπομένη
1697 1947 1775 2015 τῷ
1834 1940 1956 2015 θείῳ

303 2028 567 2117 θελήματι
598 2040 687 2115 (τὸ
744 2034 799 2092 δέ
830 2034 965 2113 ἐστι,
990 2033 1052 2088 τὸ
1095 2029 1298 2093 πάντας
1356 2028 1661 2110 ἀνθρώπους
1691 2033 1948 2103 σωθῆναι,

307 2130 483 2188 κοινὸν
527 2127 584 2184 ὅν
646 2126 873 2205 Πατρὸς,
930 2122 1019 2178 καὶ
1082 2121 1225 2193 rio-5,
1290 2119 1378 2175 καὶ
1409 2119 1560 2198 ἁγίου
1592 2119 1950 2200 Πνεύματος),

302 2221 392 2277 τὸν
452 2218 674 2276 θάνατον
729 2210 1062 2277 κατεδέξατο·
1140 2210 1227 2264 καὶ
1287 2206 1454 2271 οὕτως
1508 2206 1562 2264 ἔν
1633 2208 1845 2286 ἐγένετο
1895 2210 1957 2264 τὸ

302 2309 548 2381 θελητὸν,
622 2304 917 2374 τουτέστιν,
1006 2302 1035 2356 ὁ
1089 2296 1438 2377 σωτηριώδης
1522 2297 1764 2363 θάνατος,
1828 2289 1957 2357 ’θοτι

304 2401 404 2479 γὰρ
433 2399 539 2455 ἀπὸ
568 2402 666 2466 τῆς
697 2393 1027 2472 ἀνθρωπίνης
1082 2389 1288 2469 φύσεως
1330 2390 1397 2456 ἦν
1438 2388 1501 2444 τὸ
1543 2389 1955 2479 προσεύχεσθαι,

308 2478 443 2546 κατὰ
499 2485 888 2566 παραχώρησιν
944 2478 1265 2560 πασχούσης
1327 2479 1387 2533 τὸ
1420 2479 1604 2534 κοινὸν
1636 2478 1798 2544 πάθος
1857 2482 1957 2544 τῆς

253 2612 261 2617 -
302 2578 619 2660 φιλοζωίας,
652 2572 772 2630 ἀλλ’
803 2574 898 2630 οὐκ
922 2570 1028 2626 ἀπὸ
1086 2572 1185 2634 τῆς
1255 2566 1533 2642 θεότητος,
1580 2566 1653 2629 ὥς
1697 2588 1853 2646 φασιν
1912 2569 1959 2623 οἱ

298 2654 586 2746 κατάρατοι
659 2662 941 2741 ’Δρειανοὶ,
976 2657 1139 2725 δῆλον
1185 2656 1245 2712 ἐκ
1311 2662 1403 2713 τοῦ
1449 2656 1533 2712 καὶ
1576 2654 1814 2735 ἱδρῶσαι,
1872 2656 1961 2712 καὶ

302 2742 468 2821 οὕτως
525 2753 810 2832 ἐναγώνιον
866 2749 1130 2828 γενέσθαι,
1190 2746 1352 2819 ὥστε,
1410 2753 1566 2802 τοῦτο
1608 2742 1674 2812 δὴ
1730 2745 1791 2801 τὸ
1862 2748 1959 2813 τῆς

308 2846 615 2924 παροιμίας,
658 2845 746 2899 καὶ
799 2835 1058 2919 θρόμϐους
1135 2834 1371 2909 ατῗματος
1424 2833 1475 2900 ἐξ
1532 2837 1692 2892 αὐτοῦ
1743 2847 1959 2893 πεσεῖν.

307 2921 567 3012 Παροιμία
617 2933 717 3010 γὰρ
773 2928 915 2985 ἐστιν
942 2927 1026 2983 ἐπὶ
1073 2931 1176 2981 τῶν
1234 2921 1432 3003 σφόδρα
1484 2923 1822 2998 κοπιὼντων,
1876 2924 1956 2979 ὃτι

2039 1858 2304 1938 velitum,
2339 1858 2452 1919 hoc
2495 1865 2608 1931 est,
2661 1857 2941 1919 salutaris
2980 1876 3165 1918 mors.
3218 1854 3385 1928 Quod
3416 1856 3575 1915 enim
3620 1850 3695 1913 ab

2037 1948 2299 2010 humana
2327 1955 2541 2008 natura
2576 1946 2754 2007 fuerit
2782 1964 2974 2020 orare,
3004 1964 3136 2027 quae
3157 1946 3323 2025 juxta
3355 1940 3694 2025 permissio-

2039 2056 2174 2099 nem
2208 2035 2545 2117 patiebatur
2574 2053 2952 2098 communem
2982 2036 3361 2097 al‘feetionem
3394 2049 3508 2114 qua
3524 2049 3691 2092 ama-

2039 2144 2172 2188 mus
2190 2127 2588 2200 vitam,etnon
2607 2142 2641 2184 a
2660 2124 3153 2200 divinitate,sicut
3174 2118 3695 2185 dicuntmaledicti

2038 2213 2657 2289 Ariani,manifestum
2687 2222 2777 2274 est
2806 2231 2877 2276 ex
2908 2215 3049 2289 hoc,
3081 2213 3240 2294 quod
3264 2209 3698 2290 sudavit,idque

2040 2323 2173 2367 cum
2208 2310 2370 2364 tanta
2394 2302 2807 2375 anxietate,ita
2827 2310 2891 2364 ut
2915 2303 3115 2383 plane,
3140 2302 3304 2381 juxta
3326 2298 3693 2382 parmmiam,

2042 2391 2350 2472 sanguinis
2380 2399 2556 2471 guttze
2588 2411 2660 2451 ex
2693 2408 2764 2453 eo
2816 2392 3169 2455 ceciderint.
3202 2390 3494 2455 Parcemia
3536 2388 3694 2451 enim

2043 2490 2132 2544 est
2162 2484 2219 2543 in
2252 2482 2346 2544 his
2375 2480 2476 2561 qui
2534 2480 2703 2542 valde
2762 2481 3050 2548 laborant.
3110 2482 3189 2543 ita
3240 2489 3302 2542 ut
3345 2478 3695 2558 sanguinem

2041 2570 2299 2632 sudent:
2335 2569 2490 2631 sicut
2523 2577 2580 2630 et
2613 2568 2675 2630 in
2706 2570 2799 2631 his
2844 2570 2947 2650 qui
2996 2587 3201 2634 amare
3243 2571 3407 2643 ﬂent,
3442 2567 3700 2630 dicimus

2044 2659 2200 2741 quod
2232 2659 2581 2738 sanguinem
2615 2659 2818 2723 ﬂeant.
2852 2660 2978 2722 Hoc
3010 2661 3189 2739 igitur
3218 2660 3423 2722 volens
3449 2656 3700 2719 manife-

2044 2758 2202 2812 stare
2232 2747 2619 2827 evangelista,
2675 2747 2833 2828 quod
2866 2768 2985 2811 non
3022 2748 3306 2811 tenuibus
3346 2746 3699 2829 quibusdam

2044 2840 2396 2903 humoribus
2429 2847 2488 2900 et
2519 2838 2677 2901 velut
2706 2841 3117 2903 ostentationis
3145 2842 3330 2920 gratia
3354 2837 3703 2922 apparenti-

2043 2928 2289 3003 bus,sed
2316 2927 2546 3007 magnis
2560 2928 2738 3007 guttis
2753 2928 3034 2991 sudorem
3058 2924 3705 3007 stillaverit,sanguinis

306 3010 457 3098 Αἷμα
513 3020 758 3101 ἵδρωσεν·
822 3018 1001 3096 ὥσπερ
1057 3015 1145 3071 καὶ
1217 3012 1301 3068 ἐπὶ
1330 3014 1437 3068 τῶν
1466 3017 1667 3089 πικρῶς
1699 3010 1956 3089 ὀδυρομέ-

536 3111 562 3119 -.
812 3106 830 3119 ς
889 3108 899 3119 ι
1036 3114 1073 3119 .-.
1113 3110 1133 3119 ν
1330 3102 1340 3119 ν
1488 3104 1511 3119 Λ
1532 3100 1565 3119 I‘
1728 3099 1752 3119 δ
1793 3099 1813 3119 Χ
1842 3103 1863 3113 υ

2045 3026 2333 3119 ξμιιεεμιι
2353 3018 2413 3079 id
2438 3018 2600 3116 quod
2611 3016 2936 3119 gerebatur
2960 3015 3701 3119 repraasentaretﬁccepit.

311 3136 438 3192 νων,
491 3099 707 3187 Αἵματα
777 3106 972 3165 κλαίει.
1036 3110 1203 3162 Τοῦτο
1260 3102 1431 3158 τοίνυν
1487 3100 1653 3158 θέλων
1723 3099 1960 3167 δηλῶσαι

2048 3106 2202 3169 Hinc
2234 3106 2411 3185 igitur
2445 3105 2845 3182 manifestum,
2876 3107 3033 3187 quod
3059 3116 3269 3168 natura
3302 3106 3403 3168 illa
3434 3123 3566 3186 quas
3596 3123 3707 3164 su-

307 3204 393 3258 καὶ
423 3190 467 3258 to
498 3198 904 3279 εὐαγγελιστης,
943 3194 1023 3251 ὅτι
1055 3194 1179 3273 οὖχὶ
1221 3192 1451 3252 λεπταῖς
1503 3212 1609 3246 τισι
1656 3190 1841 3263 νοτίσι,
1877 3191 1965 3255 καὶ

307 3292 426 3349 οἶον
484 3289 747 3357 ἐνδείξεως
805 3290 967 3369 χάριν
1026 3281 1469 3363 ἐμφαινομέναις,
1517 3279 1654 3335 ἀλλά
1712 3279 1965 3356 σταγόσιν

304 3380 490 3460 ἁδραῖς
548 3379 781 3462 ἱδρώτων
839 3374 1235 3456 περιεστάζετο,
1314 3371 1436 3432 τοὺς
1535 3372 1641 3425 τῶν
1726 3369 1964 3445 αἱμάτων

303 3458 562 3552 θρόμϐους
599 3458 705 3534 ⁷είς
774 3468 949 3526 εἰκόνα
1006 3471 1099 3520 τοῦ
1127 3463 1412 3552 γενομένου
1440 3458 1788 3552 παρείληφεν.
1832 3458 1959 3516 Ἐν-

306 3549 482 3621 τεῦθεν
542 3563 630 3616 οὗν
687 3557 849 3626 δῆλον
906 3559 980 3620 ὡς
1029 3556 1063 3621 ἡ
1135 3550 1344 3631 ἱδροῦσα
1432 3550 1583 3628 φύσις
1638 3549 1815 3615 ἒκείνη
1874 3549 1961 3604 καὶ

310 3649 534 3728 ἀγωνία,
607 3651 642 3718 ἡ
702 3649 1000 3727 ἀνθρωπίνη
1070 3643 1158 3711 ἦν,
1195 3641 1300 3720 οὔχ
1341 3642 1375 3708 ἡ
1407 3640 1541 3701 θεία.
1596 3636 1744 3695 Ἐπεὶ
1795 3639 1881 3695 καὶ
1925 3638 1960 3707 ἡ

313 3727 611 3817 ἀνθρωπίνη
657 3739 807 3818 φύσις
836 3735 1184 3814 συνεχωρήθη
1229 3736 1391 3786 ταῦτα
1422 3728 1684 3808 πάσχειν,
1717 3730 1804 3783 καὶ
1867 3727 1961 3785 οὒ·-

312 3849 418 3892 ταις
491 3816 753 3909 ἔπασχεν,
791 3826 866 3882 ’ἶν’
897 3824 1007 3900 ἅμα
1053 3824 1148 3895 μὲν
1181 3818 1343 3899 δείξῃ,
1379 3819 1458 3874 ὃτι
1491 3818 1551 3873 οὒ
1596 3816 1734 3872 κατά
1761 3838 1960 3896 φαντα-

312 3918 428 3974 σίαν
484 3905 671 3998 ἐφάνην
708 3916 1003 3995 ἅνθρωπος,
1066 3912 1175 3986 ἅμα
1209 3908 1263 3965 δὲ
1296 3905 1688 3984 μυστικώτερον
1729 3907 1816 3962 καὶ
1869 3906 1965 3973 τὴν

2010 3195 2249 3270 .dabat,
2299 3204 2358 3256 et
2390 3195 2450 3255 in
2485 3210 2678 3273 agone
2728 3203 2876 3276 erat,
2925 3196 3183 3258 humana
3239 3195 3350 3256 ista
3403 3194 3534 3273 fuit,
3586 3211 3705 3253 non

2048 3283 2248 3345 divina
2275 3304 2289 3347 :
2327 3284 2469 3365 quia
2502 3291 2564 3346 et
2592 3283 2850 3347 humana
2882 3293 3093 3346 natura
3140 3285 3428 3366 permissa
3457 3292 3547 3344 est
3579 3283 3705 3344 hzec

2050 3376 2195 3458 pati,
2228 3388 2287 3439 et
2312 3377 2397 3437 sic
2428 3393 2600 3459 passa
2623 3383 2736 3451 est,
2763 3385 2826 3436 ut
2856 3378 3032 3438 simul
3067 3378 3304 3439 interim
3336 3375 3703 3451 ostenderet,

2044 3468 2204 3547 quod
2242 3486 2360 3528 non
2410 3465 2823 3548 phantasticus
2864 3467 3043 3530 fuerit
3090 3468 3292 3528 homo.
3349 3464 3594 3529 Interim
3647 3472 3709 3526 et

2046 3557 2231 3634 magis
2265 3557 2572 3637 mysticum
2608 3555 2887 3634 quiddam
2910 3555 3109 3632 docet,
3144 3554 3303 3637 quod
3336 3564 3394 3617 et
3427 3570 3705 3616 commu-

2045 3664 2183 3708 nem
2217 3646 2495 3708 humanze
2546 3654 2776 3707 natura;
2817 3644 3195 3707 timiditatem
3238 3653 3430 3724 sanet,
3479 3642 3615 3724 quia
3644 3642 3707 3703 in

2045 3736 2243 3817 seipso
2274 3736 2440 3797 illam
2470 3736 2861 3815 consumpsit,
2893 3734 3226 3817 divinaeque
3254 3736 3535 3797 voluntati
3566 3733 3708 3795 fecit

2048 3825 2454 3889 obedientem.
2482 3825 2712 3906 Quippe
2739 3825 2897 3905 quod
2925 3826 3439 3906 egrediebanture
3458 3840 3709 3905 corpore

2050 3914 2303 3978 sudores
2351 3922 2410 3977 et
2458 3914 2840 3990 decidebant,
2893 3914 3122 3977 videtur
3167 3915 3502 3994 signiﬁcare
3548 3911 3707 3992 quod

313 4008 496 4075 κοινὴν
526 3995 653 4075 ⁷τῆς
718 4006 1047 4085 ἀνθρωπίνης
1092 4001 1295 4082 φύσεως
1324 3997 1521 4055 δειλίαν
1567 3995 1861 4074 ἐξιάσηται,
1913 3995 1962 4059 ἐν

2054 4005 2314 4067 exsiccet
2344 4014 2401 4067 et
2430 4005 2730 4084 abstergat
2758 4013 2822 4067 et
2859 4024 2893 4066 a
2923 4006 3098 4067 nobis
3129 4006 3344 4067 cadere
3374 4002 3550 4066 faciat
3566 4002 3706 4065 fon-

313 4098 484 4173 ὲαυτῷ
540 4098 850 4167 δαπανήσας
936 4095 1155 4165 ταύτην,
1215 4091 1302 4147 καὶ
1333 4089 1601 4157 κατήκοον
1633 4087 1862 4156 ποιήσας
1892 4093 1962 4160 τῷ

2053 4106 2142 4157 tes
2177 4095 2528 4176 timiditatis,
2560 4106 2774 4157 natura
2800 4102 2999 4158 nostra
3020 4095 3080 4156 in
3104 4093 3337 4157 Christo
3359 4093 3711 4156 corrobora-

311 4189 433 4264 θείῳ
473 4187 758 4263 θελήματι.
810 4188 903 4245 Καὶ
948 4186 1068 4248 τοὺς
1115 4183 1174 4239 ἐκ
1216 4187 1308 4237 τοῦ
1371 4178 1621 4253 σώματος
1672 4174 1962 4256 ἐξερχομέ-

2056 4193 2132 4260 ta,
2168 4194 2225 4245 et
2246 4174 2618 4247 conﬁrmata.
2652 4181 2777 4244 Nisi
2812 4184 2973 4246 enim
3007 4184 3066 4244 id
3098 4184 3518 4264 signiﬁcasset,
3548 4182 3707 4262 quod

314 4301 434 4340 νους
490 4275 710 4356 ἱδρῶτας
778 4278 865 4333 καὶ
944 4276 1367 4349 ἀποπίπτοντας,
1431 4277 1585 4326 τοῦτο
1654 4267 1962 4323 αἰνίττεσθαι

2052 4273 2333 4335 videlicet
2389 4275 2711 4336 humanam
2758 4282 3019 4334 nostram
3071 4272 3450 4334 fermidinem
3499 4287 3709 4332 curare

317 4368 445 4448 φαίη
515 4367 576 4423 ἂν
644 4390 751 4447 τις,
810 4369 871 4424 τό
920 4364 1372 4442 ἀναξηραίνεσθαι,
1418 4359 1505 4413 καὶ
1577 4353 1962 4435 ἐξικμάζεσθαι,

2060 4364 2374 4425 voluisset:
2412 4361 2644 4424 etiamsi
2670 4361 2836 4423 valde
2869 4362 3110 4423 timidus
3134 4360 3449 4439 etignavus
3476 4358 3706 4432 fuisset,

316 4459 405 4515 καὶ
488 4458 805 4514 ἀποπίπτειν
864 4457 954 4538 ἀφ’
1022 4456 1175 4530 ἡμῶν
1221 4454 1311 4513 τὰς
1356 4454 1453 4515 τῆς
1524 4443 1716 4510 δειλίας
1760 4430 2035 4522 πηγὰς,θ

314 4545 671 4623 ἀνδρουμένης
732 4552 829 4614 τῆς
887 4537 1091 4625 φύσεως
1148 4545 1302 4616 ἡμῶν
1373 4538 1426 4594 ἐν
1486 4542 1696 4613 Χριστῷ
1737 4537 1824 4591 καὶ
1873 4557 1970 4591 το-

317 4636 600 4709 νουμένης.
667 4638 722 4693 εξ
781 4640 860 4712 μὴ
920 4637 1017 4713 γὰρ
1080 4642 1231 4688 τοῦτο
1287 4630 1351 4698 ἦν
1405 4622 1787 4701 αἰνιττόμενος,
1834 4625 1970 4704 φημὶ

318 4726 384 4795 δη
447 4728 508 4783 τὸ
565 4727 662 4794 τὴν
717 4711 1131 4802 ἡμετέραν-τὼν
1176 4719 1462 4799 ἀνθρώπων
1492 4712 1689 4770 δειλίαν
1735 4711 1970 4778 ὶξιᾶσθαι

314 4816 510 4896 θέλειν,
582 4820 677 4875 οὐκ
720 4813 805 4887 ἄν,
838 4812 954 4870 οῦδὲ
986 4815 1028 4869 εἰ
1057 4810 1253 4889 σφόδρα
1280 4806 1451 4869 δειλὸς
1484 4804 1548 4873 ἧν
1579 4804 1667 4858 καί
1715 4802 1966 4879 ἀγεννὴς,

318 4892 506 4969 οὕτως⁷
562 4904 732 4983 ἵδρου,
792 4898 988 4984 Ἶεὶιρθη
1049 4902 1102 4957 δὲ
1136 4902 1277 4973 αὖτῴ
1322 4894 1544 4975 ἅγγελος
1576 4892 1842 4972 ἐνισχύων
1873 4892 1964 4947 αὒ-

318 4998 431 5068 τὸν,
504 4996 592 5051 καὶ
636 5002 788 5052 τοῦτο
847 4996 919 5058 εἷς
950 4997 1104 5063 ἡμῶν
1135 4988 1495 5068 παράκλησιν,
1527 4985 1599 5046 ὡς
1633 4979 1693 5036 ἄν
1747 4983 1844 5049 τὴν
1872 4981 1967 5048 τῆς

319 5088 490 5166 εὐχῆς
553 5082 795 5159 δύναμιν
818 5086 1095 5162 μάθωμεν,
1128 5084 1207 5137 ὅτι
1241 5078 1505 5157 ἐνισχύει,
1556 5076 1644 5128 καὶ
1690 5072 1969 5143 μαθόντες,

318 5177 517 5243 ταύτην
573 5177 629 5230 ἒν
686 5189 801 5239 τοῖς
848 5174 1043 5236 δεινοῖς
1102 5168 1543 5250 προϐαλλὼμεθα.
1584 5153 1749 5237 "Ain
1782 5158 1835 5216 δὲ
1887 5163 1972 5217 καὶ

318 5264 615 5345 προφητεία
683 5263 919 5326 Μωσέως
991 5247 1284 5338 πληροῦται
1337 5259 1393 5313 ἓν
1468 5259 1536 5330 τῇ
1592 5247 1804 5345 μεγσίλη

346 5341 371 5378 θ’
437 5341 447 5345 ⁷
494 5354 503 5370 1
786 5354 800 5371 ς
860 5355 871 5374 τ
1102 5352 1113 5369 ι
1358 5345 1371 5363 9
1506 5346 1519 5363 τ
1572 5348 1597 5357 α-
1696 5341 1708 5359 l
1812 5360 1830 5371 Δ
1910 5342 1921 5359 ι
1958 5342 1970 5357 ι

320 5373 601 5435 ειρημενη·
641 5378 665 5407 (ι
708 5363 805 5411 Και
863 5372 1298 5433 ενισχυσατωσαν
1357 5367 1409 5402 εν
1468 5365 1608 5416 αυτῳ
1638 5360 1829 5435 παντες
1877 5362 1976 5435 υιοι

320 5446 474 5507 Θεοῦ.
524 5467 550 5498 »
614 5443 765 5505 Τινὲς
798 5440 851 5499 δὲ
880 5442 1019 5499 οὕτω
1050 5438 1491 5520 περιειργάσαντο
1550 5432 1611 5486 τὸ
1661 5428 1849 5508 ῥητὸν,
1896 5427 1977 5484 ὅτι

322 5536 471 5616 ὤφθη
499 5536 641 5609 αὖτῷ
699 5531 925 5613 ἅγγελος
994 5517 1220 5603 δοξάζων
1278 5527 1456 5598 αὐτὸν,
1525 5521 1613 5578 καὶ
1665 5517 1860 5597 λέγων·
1896 5520 1977 5589 Σὴ

400 5686 489 5733 ’ν
513 5694 687 5760 Deut.
720 5708 903 5771 χχιιι,
928 5692 1119 5774 juxta
1151 5686 1347 5755 LXX.

2055 4473 2174 4516 non
2204 4454 2405 4534 utique
2422 4452 2509 4513 sic
2532 4450 2824 4512 sudasset.
2858 4450 3030 4512 Visus
3062 4459 3152 4513 est
3173 4458 3370 4511 autem
3390 4447 3444 4509 ei
3464 4447 3709 4527 angelus

2056 4544 2399 4605 confortans
2418 4559 2579 4620 eum,
2606 4539 2788 4620 idque
2819 4540 2891 4602 ad
2925 4548 3188 4602 nostram
3216 4537 3708 4616 consolationem,

2026 4641 2122 4697 ut
2151 4632 2437 4695 orationis
2467 4628 2740 4690 virtutem
2806 4628 3127 4702 discamus,
3184 4628 3341 4707 quod
3390 4625 3708 4707 contortet,

2056 4732 2360 4798 quumque
2390 4711 2803 4792 didicerimus,
2837 4727 2967 4772 eain
3016 4709 3076 4771 in
3127 4704 3401 4788 gravibus
3434 4704 3712 4788 periculis

2060 4796 2514 4886 przemittamus.
2536 4799 2771 4863 Interea
2803 4798 2977 4861 etiam
3013 4799 3339 4878 implentur
3367 4816 3437 4860 ea
3465 4814 3597 4886 quae
3625 4796 3713 4856 di-

2059 4884 2151 4956 cta
2168 4912 2203 4955 a
2224 4897 2389 4957 Mose
2411 4891 2469 4952 in
2490 4908 2705 4969 magno
2733 4887 2961 4950 cantico
2986 4904 3000 4950 :
3026 4912 3053 4944 ι
3077 4886 3149 4948 Ει
3178 4887 3540 4948 roborentur
3562 4884 3622 4945 in
3642 4903 3713 4945 eo

2056 5001 2265 5046 omnes
2283 4981 2389 5043 ﬁlii
2413 4978 2599 5043 Dei”.
2614 4977 3138 5040 nNonnulliautem
3157 4975 3245 5037 sic
3265 4975 3489 5037 dictum
3514 4974 3709 5053 expli-

2056 5071 2266 5126 carunt
2295 5061 2616 5135 curiosius,
2639 5060 2796 5140 quod
2821 5057 3091 5141 apparuit
3118 5056 3173 5118 ei
3203 5056 3447 5135 angelus
3482 5054 3711 5134 gloriﬁ-

2059 5172 2199 5217 cans
2219 5161 2446 5228 eum,et
2469 5150 2677 5212 dicens
2702 5169 2717 5209 :
2743 5147 2869 5211 Tua
2891 5144 3574 5223 est,Domine,fortitudo
3600 5163 3613 5205 :
3652 5151 3713 5206 tu

2059 5244 2220 5305 enim
2246 5239 2599 5322 praevaluisti
2641 5248 2846 5301 contra
2880 5246 3156 5311 mortem,
3188 5243 3248 5298 et
3279 5244 3485 5297 contra
3523 5233 3714 5295 infer-

2062 5342 2295 5406 num,et
2324 5330 2595 5393 liberasti
2626 5347 2813 5409 genus
2846 5328 3195 5389 humanum.
3226 5325 3295 5388 Et
3328 5325 3451 5386 haec
3474 5322 3715 5405 quidem

2061 5423 2149 5489 sic
2165 5442 2229 5485 se
2252 5422 2495 5484 habent.
2524 5421 2657 5502 Ipse
2678 5429 2874 5481 autem
2908 5436 3043 5480 cum
3078 5415 3373 5478 inveniret
3396 5412 3719 5495 discipulos

2062 5512 2456 5588 dormientes,
2475 5510 2793 5593 exprobrat
2819 5507 2999 5575 simul
3022 5516 3081 5575 et
3103 5505 3449 5571 adhortatur
3466 5511 3524 5565 ut
3547 5512 3720 5572 orent
