4184 6418
348 394 502 463 1085

1030 401 1477 466 ENARRATIO
1521 402 1605 467 IN
1649 398 2160 465 EVANGELIUM
2207 398 2445 461 LUGxE.
2498 431 2574 443 -—
2616 402 2785 463 CAP.
2845 402 3017 465 XXII

3584 402 3738 470 1086

347 529 549 609 ἔλεγεν,
599 530 729 612 ἂχρι
772 532 871 599 τῆς
902 531 1142 613 ἐσχάτης
1171 532 1313 611 ὥρας
1358 534 1763 611 περικαιόμενος
1807 534 1989 591 αὐτοῦ.

2087 527 2285 591 fovens
2303 528 2473 591 illum
2494 530 2788 593 etidcirco
2806 551 2920 593 non
2943 542 3294 612 prosecutus
3317 543 3406 597 est
3428 534 3736 613 convitiis,

353 622 447 678 Διὸ
502 622 587 678 καὶ
636 620 752 677 οὐδὲ
793 620 1024 702 ὕϐρισεν,
1086 621 1199 680 οὐδὲ
1256 624 1433 680 εἶπεν⁶
1499 623 1843 701 Ἀπάνθρωπε
1912 624 1998 679 καὶ

348 708 811 785 ἀγνωμονέστατε,
884 709 1025 781 ἀλλ’,
1088 734 1111 767 ε
1176 709 1369 791 Ἰούδα,
1414 734 1437 768 ο
1513 720 1590 786 τῷ
1626 715 1787 792 κυρίῳ
1844 716 1999 770 αὐτοῦ

351 795 570 872 ὀνόματι
642 797 1069 874 ἀνακαλούμενος
1129 799 1307 860 αὐτόν.
1346 802 1442 859 Καὶ
1475 799 1583 858 οὔδ’
1617 800 1679 856 ἄν
1703 803 1997 879 προσωνεί-

350 884 513 962 δισεν,
574 888 617 943 εἰ
669 888 748 960 μὴ
820 890 909 945 καὶ
936 899 1093 948 τοῦτο
1122 891 1195 955 εἰς
1228 888 1505 963 βελτίωσιν
1537 891 1693 946 αότοῦ
1717 890 1807 969 ἦν,
1842 888 1997 967 εἴπερ

348 972 620 1047 ἆόούλετο,
656 968 779 1036 ’Ἱνα
823 980 922 1056 γὰρ
953 979 1031 1053 μὴ
1062 978 1185 1056 δόξῃ
1232 978 1437 1059 λαθετο,
1477 978 1596 1035 ἀλλ’
1626 968 1868 1057 ἐπιγνοὺς
1899 978 1996 1035 κάν

346 1064 467 1122 τότε
524 1068 617 1123 τὸν
675 1070 972 1146 Δεσπότην,
1008 1071 1081 1132 ὡς
1118 1068 1288 1125 πάντα
1321 1067 1516 1148 εἰδότα,
1560 1067 1860 1148 προσπέσῃ,
1910 1069 1996 1124 καὶ

350 1161 620 1236 μεταγνῷ,
678 1158 860 1214 τούτου
918 1157 1091 1214 ἕνεκεν
1147 1159 1235 1213 καὶ
1289 1165 1444 1215 τοῦτο
1474 1157 1715 1237 ἐποίησε,
1748 1158 1835 1214 καὶ
1865 1156 2001 1213 ὀνεισ

348 1240 503 1314 δίζειν
561 1243 753 1312 ἔδοξεν.
816 1236 980 1317 ’ᾘδει
1053 1248 1149 1321 μὲν
1204 1247 1304 1325 γὰρ
1359 1246 1538 1325 αὐτὸν,
1574 1247 1653 1304 ὅτι
1683 1236 1997 1325 ἀδιόρθωτός

347 1335 513 1409 εστιν,
563 1336 683 1392 ἀλλ’
753 1337 843 1395 οὖν
911 1339 971 1393 τὸ
1027 1338 1215 1394 ἑαυτοῦ
1269 1335 1456 1393 ἐποίει·
1512 1336 1691 1415 ὥσπερ
1734 1338 1822 1392 οὖν
1852 1336 1996 1391 καὶὸ

350 1423 532 1503 Πατὴρ
588 1425 749 1483 αύτοῦ
807 1425 862 1481 ἐν
918 1432 987 1502 τῇ
1056 1425 1265 1497 Παλαιᾷ
1319 1438 1487 1482 ποιεῖ·
1524 1423 1672 1490 εἰδὼς
1719 1425 1796 1499 μὴ
1827 1424 1993 1479 ἀκού-

348 1533 538 1579 σοντας
608 1516 729 1579 τοὺς
790 1507 1082 1595 Ἐϐραίους,
1117 1515 1263 1591 ὅμως
1320 1512 1636 1572 ἀποστέλλει
1687 1515 1807 1579 τοὺς
1858 1536 1999 1591 προ-

2080 636 2275 698 neque
2304 618 2470 681 dixit.
2498 620 2633 680 477
2657 618 2706 683 Ο
2728 620 3052 684 inhumane
3083 630 3139 684 et
3170 623 3733 704 ingratissime,sed,

2090 732 2107 761 ε
2137 708 2349 789 Juda,n
2375 710 2615 787 proprio
2649 728 2783 771 eum
2818 711 3061 774 nomine
3094 714 3462 794 compellans
3491 736 3504 779 :
3542 732 3736 795 neque

2079 797 2314 876 gravius
2344 798 2520 860 simul
2551 800 2869 879 arguisset,
2907 803 3017 863 nisi
3052 811 3109 864 et
3140 802 3253 865 hoc
3284 804 3338 866 ei
3369 803 3652 868 cessisset
3672 804 3735 865 in

2081 886 2375 967 melius,si
2400 889 2640 968 quidem
2663 890 3214 954 voluisseLEtenim
3245 912 3321 955 ne
3353 901 3735 975 putaretesse

2079 976 2404 1046 occultum,
2440 979 2542 1039 sed
2578 986 2779 1039 notum
2832 979 3110 1052 Domino,
3162 990 3220 1044 et
3264 984 3352 1045 vel
3406 992 3546 1045 tunc
3596 989 3736 1045 ante

2082 1063 2281 1152 omnia
2336 1067 2621 1127 scientem
2657 1070 3078 1147 procumberet
3119 1080 3177 1134 et
3230 1072 3566 1152 pceniteret,
3616 1073 3733 1135 hoc

2081 1151 2308 1243 fecit,th
2323 1154 2481 1216 visus
2493 1163 2732 1218 esteum
2756 1151 3729 1243 confundere.Etsciebatquidem

2081 1241 2246 1302 illum
2276 1242 3065 1321 inemendabilem,faciebat
3086 1257 3283 1312 tamen
3311 1241 3546 1312 interim
3570 1249 3731 1331 quod

2080 1349 2281 1405 suum,
2313 1332 2816 1412 quemadmodum
2849 1348 2908 1397 et
2938 1335 3112 1399 Pater
3143 1338 3275 1418 ejus
3320 1341 3380 1400 in
3409 1337 3609 1400 Veteri
3641 1339 3731 1400 fa—

2081 1418 2317 1496 ciebat3;
2353 1421 2552 1483 sciens
2581 1421 2740 1483 enim
2764 1423 3002 1487 Iudaeos
3028 1446 3144 1488 non
3174 1428 3502 1502 audituros,
3531 1427 3731 1489 mitte-

2082 1509 2180 1570 bat
2203 1509 2544 1590 prophetas.
2575 1509 2810 1573 Interea
2842 1523 2901 1576 et
2946 1534 3052 1576 nos
3103 1515 3261 1578 idem
3316 1518 3511 1590 docet,
3546 1526 3610 1577 ut
3659 1534 3736 1579 ne

350 1602 545 1681 φῆτας⁶
606 1602 716 1679 ἅμα
773 1603 829 1662 δὲ
884 1606 972 1662 καὶ
1027 1608 1171 1680 ἡμᾶς
1230 1611 1384 1661 τοῦτο
1429 1604 1554 1661 αὐτὸ
1583 1601 1861 1676 διδάσκων,
1908 1601 2001 1658 ἵνα

2087 1599 2409 1660 correcturi
2430 1599 3005 1680 lapsos,deliciamus
3020 1613 3074 1664 et
3095 1604 3401 1668 laboribus
3426 1605 3735 1668 cedamus.

348 1694 426 1765 μη
475 1694 788 1770 ὲκκακῶμεν
851 1696 971 1760 τοὺς
1016 1696 1297 1760 πταίοντας
1353 1692 1726 1769 διορθούμενοι.
1775 1692 2001 1760 Ζηλοῦσι

2087 1690 2270 1751 Porro
2302 1688 2579 1776 discipuli
2609 1690 2735 1751 zelo
2770 1692 3110 1775 ﬂagrantes,
3145 1698 3322 1757 etiam
3354 1696 3580 1776 gladios
3606 1695 3736 1758 exi-

349 1778 402 1836 δὲ
457 1785 504 1838 οἱ
559 1786 812 1864 μαθηταὶ,
869 1788 957 1841 καὶ
1000 1784 1272 1864 μαχαίρας
1304 1783 1669 1862 ἀνασύρονται.
1730 1783 1891 1839 Πόθεν
1948 1780 2001 1838 δὲ

2088 1785 2276 1840 munt.
2302 1775 2471 1839 Unde
2496 1788 2693 1840 autem
2726 1778 2861 1841 illos
2891 1781 3189 1845 habebant
3210 1788 3238 1844 ?
3265 1775 3500 1864 Aguum
3527 1784 3741 1846 immo-

349 1873 540 1935 ταύτας
599 1874 761 1952 εἶχον
807 1896 825 1946 ;
858 1874 928 1931 Τό
959 1873 1135 1953 ἀρνίον
1165 1874 1438 1952 θύσαντες,
1470 1875 1559 1929 καὶ
1602 1872 1708 1929 ἀπὸ
1736 1872 2001 1951 τραπέζης

2087 1868 2299 1945 larant,
2339 1874 2396 1927 et
2424 1884 2458 1927 a
2493 1886 2697 1929 mensa
2728 1871 3012 1934 exierant.
3058 1872 3134 1934 At
3181 1874 3451 1953 arguitur
3496 1875 3734 1953 Petrus,

348 1960 739 2042 ὶξεληλυθότες,
803 1964 1022 2027 εἰκότως
1081 1963 1243 2043 εἶχον
1316 1963 1528 2027 ταύτας.
1562 1961 1905 2037 Ἐπιτιμᾶται
1942 1960 1996 2017 δὲ

2087 1956 2183 2037 qui
2215 1964 2430 2036 praeter
2462 1974 2709 2037 scopum
2765 1960 3003 2021 Domini
3058 1962 3187 2023 zelo
3224 1982 3364 2023 usus
3413 1972 3590 2026 esset.
3624 1961 3740 2024 Alii

349 2052 377 2106 ὁ
429 2051 621 2127 θερμὸς
653 2051 870 2131 Πέτρος,
931 2054 1005 2115 ὡς
1066 2052 1207 2130 παρά
1265 2053 1355 2107 τὸν
1411 2052 1610 2107 σκοπὸν
1665 2058 1758 2108 τοῦ
1806 2051 1997 2131 Κυρίου
2082 2044 3739 2134 θιοεὶωἱηιοττοεεηιμΝυηιροτευιὶοωυεῖειρεοσυιοω

348 2138 496 2212 ζήλῳ
551 2140 917 2220 χρησάμενος,
983 2142 1042 2198 Οἱ
1073 2141 1171 2217 μὲν
1201 2141 1300 2220 γὰρ
1344 2139 1496 2197 ἂλλοι
1549 2140 1835 2219 ἐρωτῶσιν·
1880 2165 1901 2197 (ι
1941 2142 1997 2197 Ei

2087 2154 2201 2196 non
2230 2141 2534 2215 exspectat
2561 2145 2950 2216 praeceptum.
2978 2137 3063 2199 lta
3091 2159 3330 2221 semper
3358 2141 3615 2203 fervebat
3632 2158 3740 2221 pro

350 2229 703 2304 πατάξομενς
770 2232 923 2294 αὐτὸς
995 2229 1048 2286 δὲ
1121 2232 1181 2287 οὒ
1224 2229 1495 2309 περιμένει
1550 2233 1876 2309 προτροπήν·
1914 2228 1998 2287 ού·-

2087 2223 2381 2303 Magistro.
2449 2225 2710 2287 l’ercutit
2765 2234 2964 2288 autem
3012 2246 3244 2291 servum
3310 2230 3627 2311 pontiﬁcis,
3680 2238 3738 2291 et

350 2340 427 2375 τω
479 2327 757 2401 πανταχοῦ
809 2320 939 2391 ζέων
987 2325 1053 2389 ἦν
1100 2321 1228 2398 ὑπερ
1260 2327 1353 2376 τοῦ
1406 2317 1754 2381 Διδασκάλου.
1784 2317 2001 2376 Πατασ-

2087 2322 2349 2392 amputat
2379 2332 2582 2375 aurem
2619 2314 2751 2394 ejus
2780 2315 3073 2378 dextram.
3105 2318 3311 2400 Neque
3348 2321 3457 2382 hoc
3500 2320 3741 2381 fortuito

356 2430 435 2465 σει
492 2406 545 2464 δὲ
616 2411 705 2466 τὸν
765 2408 949 2466 δοῦλον
980 2417 1071 2467 τοῦ
1101 2408 1418 2489 ἀρχιερέως,
1464 2410 1553 2465 καὶ
1592 2409 1807 2489 ἀφαιρεῖ
1847 2410 2001 2468 αὐτοῦ

2087 2404 2355 2481 contigit,
2377 2403 2482 2464 sed
2510 2403 2744 2483 signum
2779 2405 2891 2466 hoc
2922 2416 3071 2482 erat,
3124 2409 3445 2471 Pontifices
3474 2410 3573 2491 qui
3605 2418 3746 2470 tunc

349 2501 411 2556 τὸ
480 2498 567 2564 οὖς
634 2501 696 2557 τὸ
752 2497 939 2565 δεξιόν,
975 2501 1046 2557 Oi)
1077 2501 1312 2579 τυχαίως
1342 2505 1522 2576 τοῦτο,
1551 2498 1689 2555 ἀλλά
1737 2498 2001 2574 σύμϐολον

2087 2501 2495 2561 erant.omnes
2517 2501 2722 2553 uturos
2743 2503 3038 2575 servos,et
3061 2498 3397 2577 perdituros
3419 2497 3746 2560 auriculam

349 2589 408 2646 ὅν
477 2599 571 2648 τοῦ
602 2590 723 2653 τοὺς
754 2590 875 2646 τότε
904 2589 1178 2669 ἀρχιερεῖς
1208 2589 1447 2653 ἅπαντας
1491 2586 1704 2653 δούλους
1733 2590 1999 2668 γενέσθαι,

353 2680 440 2734 καὶ
498 2677 757 2736 ἀπολέσαι
813 2680 909 2747 τὴν
962 2677 1132 2744 δεξιὰν
1191 2678 1381 2752 ἀκοὴν,
1418 2680 1475 2735 Εἰ
1504 2680 1604 2758 γὰρ
1647 2677 1839 2745 ἤκουον
1871 2687 2002 2735 Μω-

349 2767 509 2843 σέως,
568 2770 664 2826 οὐκ
734 2768 796 2824 ἄν
850 2770 941 2825 τὸν
1012 2770 1201 2847 Κύριον
1270 2774 1369 2835 τῆς
1430 2766 1586 2835 δόξης
1644 2769 2002 2834 ἐσταύρωσαν,

350 2856 557 2925 ἰησοῦς
632 2857 685 2914 δὲ
741 2861 801 2915 τὸ
859 2859 1014 2915 ὠτίον
1062 2858 1475 2925 ἀποκαθίστησι⁶
1551 2858 1739 2937 πρέπει
1811 2862 1911 2939 γὰρ

351 2946 563 3024 μεγάλῃ
621 2955 710 3005 τοῦ
782 2946 954 3026 Λόγου
1018 2946 1236 3023 δυνάμει
1306 2950 1367 3004 τὸ
1420 2950 1542 3011 τοὺς
1602 2951 2003 3027 παρακούοντας

349 3038 544 3117 ἰᾶσθαι,
610 3047 697 3093 καὶ
749 3037 1076 3116 προστιθέναι
1135 3039 1319 3100 αύτοϊς
1351 3038 1506 3094 ὠτίον
1539 3039 1612 3101 εἷς
1669 3039 1728 3095 τὸ
1771 3039 1998 3097 ἀκούειν.

352 3135 754 3205 Θαυματουργεϊ
821 3141 990 3185 τοίνυν
1049 3130 1077 3183 ὁ
1141 3125 1371 3199 Ἰησοῦς,
1433 3126 1516 3183 διὰ
1569 3131 1662 3184 τοῦ
1687 3128 2029 3206 φαινομένου,

351 3216 534 3275 τούτου
590 3215 676 3272 ἐπὶ
745 3221 818 3289 τῷ
847 3216 985 3291 ὠτίιε.
1018 3218 1285 3292 θαύματος
1322 3218 1419 3284 τὴν
1462 3216 1791 3281 ἀνεξικακίαν
1847 3221 2004 3275 αὖτοῦ

348 3303 620 3385 δεικνύων,
682 3306 768 3363 καὶ
827 3304 912 3363 διὰ
984 3313 1109 3383 γοῦν
1149 3306 1241 3364 τοῦ
1269 3307 1533 3381 θαύματος
1562 3306 1764 3384 ἐνάγων
1816 3307 2003 3369 αὖτοὺς

347 3395 420 3457 εἰς
476 3396 539 3451 τὸ
611 3393 907 3475 ἀπέχεσθαι
964 3401 1062 3462 τῆς
1121 3396 1337 3470 μανίας.
1399 3395 1555 3474 Λέγει
1585 3394 1638 3451 δὲ
1694 3398 1825 3475 πρὸς
1884 3397 2003 3459 τοὺς

347 3484 625 3563 ἀρχιερεῖς
678 3486 765 3540 καὶ
838 3486 1169 3563 στρατηγοὺς
1238 3496 1332 3544 τοῦ
1379 3488 1538 3565 ἱεροῦ,
1586 3485 1849 3559 τουτέστι,
1882 3487 2003 3551 τοὺς

347 3572 638 3647 ταξεώτας,
702 3575 824 3639 τοὺς
884 3578 973 3633 επὶ
1032 3584 1108 3649 τῷ
1169 3575 1444 3632 ἒκτςίσσειν
1493 3576 1846 3654 τεταγμένους
1908 3597 2002 3640 τας

348 3664 615 3741 ἱερατικὰς
672 3666 1010 3737 ἀπαιτήσεις,
1065 3665 1099 3733 ἤ
1153 3667 1238 3721 καὶ
1268 3667 1389 3730 τοὺς
1446 3664 1895 3740 πεπιστευμένους
1940 3666 2004 3721 τὰ

349 3757 448 3819 τῆς
504 3751 859 3828 ἐποικοδομῆς
905 3763 997 3812 τοῦ
1040 3758 1178 3832 ἱεροῦ
1203 3757 1290 3812 καὶ
1320 3755 1603 3821 ἐπισκευῆς
1649 3753 1777 3833 ἔργα
1807 3776 2002 3832 στρατ-

350 3843 517 3920 ηγοὺς
576 3843 845 3917 ὀνομάζει.
905 3846 1076 3911 Φησὶν
1130 3849 1216 3902 οὖν
1262 3846 1393 3922 πρὸς
1451 3845 1691 3907 τούτους·
1753 3842 2003 3918 Καθημέ-

346 3953 440 4010 ραν
499 3931 555 3987 ἐν
612 3936 690 4006 τῷ
747 3935 868 4011 ἱερῷ
936 3932 1227 4005 ἐδίδασκον,
1284 3935 1369 3989 καὶ
1427 3936 1520 3991 οὐκ
1580 3932 1876 4002 ἠθελήσατε
1933 3954 2000 4007 με

348 4020 659 4101 συλλαϐεῖν,
692 4023 780 4078 καὶ
807 4025 893 4078 νῦν
964 4023 1265 4102 λῃστρικῶς
1324 4022 1603 4093 ἐπήλθετε.
1653 4020 1801 4080 Ἀλλ’
1834 4020 1999 4085 ὄντως

349 4114 533 4176 νυκτὸς
564 4111 738 4190 ἔργοις
771 4114 1129 4192 ἐπιχειρεῖτε,
1163 4116 1250 4169 καὶ
1280 4113 1483 4178 ἐξουσία
1512 4115 1658 4189 ὑμῶν
1690 4121 1782 4169 τοὺ
1804 4113 2023 4174 σκότους
2057 4114 2167 4167 εστι
2204 4126 2218 4141 ⁸

346 4201 498 4280 ὑμῖν,
528 4202 615 4257 καὶ
657 4209 734 4276 τῷ
758 4201 896 4281 ἔργῳ
922 4204 967 4277 ᾦ
989 4201 1364 4261 ὲπεὸἀλλεσθε.

436 4313 459 4344 ιι
526 4290 884 4356 Συλλαϐόντες
928 4291 985 4347 δὲ
1012 4293 1166 4349 usta.
1213 4292 1437 4370 ἤγαγον,
1466 4295 1554 4349 καὶ
1598 4294 1884 4371 εἰσήγαγον
1932 4294 2004 4355 εἱς

351 4384 446 4450 τὴν
503 4383 669 4439 οἰκίαν
738 4392 830 4441 τοῦ
900 4384 1217 4465 ἀρχιερέως,
1256 4378 1312 4443 Ὀ
1359 4383 1411 4440 δὲ.
1470 4385 1664 4459 Πέτρος
1725 4384 2002 4452 ἠκολούθει

351 4472 634 4551 μακρόθεν.
711 4466 986 4548 Ἀψάντων

348 4563 777 4640 ωγκαθισάντων
835 4566 1028 4640 aut-3v,
1093 4564 1322 4630 ἐκάθητο
1395 4567 1423 4620 ὂ
1495 4564 1690 4643 Πέτρος
1757 4564 1811 4619 ἐν
1856 4561 2005 4637 μέσῷ

348 4654 544 4712 αὐτῶν.
607 4648 807 4709 ’[δοῦσα
868 4652 922 4707 δὲ
1001 4653 1154 4708 αὺτὸν
1238 4652 1493 4722 παιδίσκη
1565 4675 1645 4716 τις
1702 4654 2003 4726 καθήμενον

347 4742 477 4821 πρὸς
548 4742 611 4796 τὸ
660 4742 797 4819 φῶς,
853 4744 939 4797 καὶ
989 4742 1269 4798 ἀτενίσασα
1330 4748 1492 4817 αύτῷ,
1541 4743 1691 4805 εἷπε.
1771 4743 1866 4800 Καὶ
1912 4740 2005 4798 οὗ·

344 4853 437 4895 τος
511 4830 603 4886 σὺν
674 4834 816 4904 αὐτῷ
872 4832 960 4899 ἦν.
1026 4824 1084 4888 ὐ
1159 4832 1211 4887 δὲ
1266 4832 1537 4905 ἠρνήσατο
1594 4833 1748 4888 αὐτὸν
1809 4830 2003 4908 λέγων’

349 4922 527 4999 Γύναι,
604 4924 699 4977 οὒκ
754 4919 878 4977 οἶδα
934 4922 1114 4983 αὖτον,
1154 4922 1412 4995 Καὶμετὴ
1444 4923 1618 5001 βραχὺ
1657 4920 1834 4999 ἕτερος
1885 4918 2007 4976 ἰδὼν

348 5011 505 5066 αὺτὸν
562 5008 684 5088 ἔφη’
752 5012 848 5068 Καὶ
917 5014 978 5066 σὺ
1003 5010 1053 5077 ἐξ
1086 5013 1256 5067 αὒτῶν
1291 5012 1369 5074 εἶ,
1421 5003 1477 5069 Ὀ
1513 5010 1566 5067 δὲ
1602 5012 1793 5089 Πέτρος
1824 5014 2001 5067 εἷπεν⁹

348 5099 672 5179 ’¹Ανθρωπε,
708 5101 801 5156 οὒκ
831 5103 958 5176 εἰμί,
994 5100 1098 5161 Καὶ
1131 5100 1421 5168 διαστάσης
1466 5102 1591 5157 ὡσεὶ
1646 5101 1783 5180 ὥρας
1854 5106 2001 5174 μιᾶς,

347 5188 509 5254 ἄλλ-,ς
561 5211 643 5252 τις
717 5186 1066 5269 διισχυρίζετο
1099 5189 1290 5267 λέγων,
1330 5189 1450 5247 Ἐπ’
1492 5189 1768 5263 ἀληθείας,
1804 5191 1889 5246 καὶ
1921 5192 2006 5244 οὗ·

344 5301 433 5346 τος
495 5276 612 5354 μετ’
688 5278 845 5335 αὖτοῦ
874 5280 960 5348 ἦν’
1010 5283 1095 5337 καὶ
1157 5282 1257 5358 γὰρ
1317 5279 1601 5345 Γαλιλαῖός
1634 5280 1798 5342 ἐστιν.
1863 5280 2002 5337 Εἶπε

346 5368 396 5425 δὲ
444 5372 471 5426 ὁ
520 5368 739 5444 Πέτρος·
806 5368 1123 5450 ’¹Ανθρωπε,
1201 5373 1293 5427 οὐκ
1325 5368 1445 5426 οἴδα
1479 5369 1505 5425 ὅ
1537 5369 1737 5448 λέγεις,
1775 5371 1871 5427 Καὶ
1900 5391 2004 5425 πα⁴

346 5464 605 5539 ραλρῆμα
642 5458 715 5514 ἔτι
784 5458 1072 5522 λαλοῦντος
1133 5461 1310 5540 αὐτοῦ,
1347 5458 1618 5540 ἐφώνησεν
1651 5462 1678 5515 ὁ
1734 5456 1997 5537 ἀλέκτωρ,

351 5552 444 5607 Καὶ
503 5550 749 5630 στραφεὶς
808 5552 836 5606 ὁ
891 5551 1095 5630 ἰίίύριος
1128 5548 1379 5625 ἐνέϐλεψε
1412 5554 1488 5624 τῷ
1534 5549 1739 5628 Πέτρῳ,
1780 5549 1867 5604 καὶ
1894 5549 1999 5604 ὑπ-

345 5640 582 5710 εμνήσθη
632 5641 661 5694 ὁ
731 5638 925 5717 Πέτρος
993 5648 1085 5696 τοῦ
1129 5640 1288 5718 λόγου
1320 5645 1412 5695 τοῦ
1447 5640 1653 5717 Κυρίου,
1717 5640 1791 5702 ὡς
1849 5641 2002 5694 εἶπεν

345 5730 513 5809 σύτῷ,
550 5728 652 5785 λὸτι
713 5731 838 5810 Πρὶν
902 5728 1162 5811 ἀλέκτορα
1222 5728 1484 5810 φωνῆσαι,
1538 5730 1744 5809 ἀρνήσῃ
1777 5749 1845 5805 με
1864 5730 1999 5809 τρίς.

2086 2582 2382 2642 dextram.
2415 2582 2652 2643 Etenim
2687 2582 2738 2642 si
2769 2584 2969 2644 Mosen
3003 2585 3392 2667 audivissent,
3428 2586 3743 2648 Dominum

2086 2670 2293 2750 gloriae
2316 2689 2620 2750 nunquam
2656 2671 3113 2734 cruciﬁxissent.
3141 2674 3360 2737 Verum
3383 2675 3556 2738 Jesus
3579 2674 3746 2738 auri-

2090 2760 2282 2821 culam
2317 2758 2600 2822 restituit.
2624 2760 2809 2822 Decet
2840 2762 2996 2823 enim
3031 2764 3308 2827 virtutem
3332 2764 3511 2827 Verbi
3538 2784 3749 2828 sanare

2090 2849 2594 2921 inobedientes,et
2618 2867 2923 2929 apponere
2946 2852 3031 2913 eis
3047 2854 3374 2915 auriculam
3396 2865 3456 2916 ut
3477 2855 3741 2918 audiant.

2087 2939 2261 3003 Jesus
2292 2936 2491 3018 itaque
2526 2939 2906 3000 manifestum
2934 2940 3284 3003 miraculum
3313 2943 3474 3018 facit,
3508 2952 3563 3004 et
3594 2945 3746 3005 auri-

2089 3029 2282 3090 culam
2298 3026 2831 3097 sanans,miraculo
2849 3029 3189 3108 patientiam
3207 3050 3371 3093 suam
3397 3033 3743 3110 ostendens,

2088 3127 2147 3181 et
2175 3136 2280 3199 per
2313 3116 2667 3178 miraculum
2702 3116 2997 3179 inducens
3022 3138 3124 3180 eos
3149 3130 3212 3182 ut
3240 3121 3312 3182 ab
3340 3123 3570 3184 insania
3591 3122 3747 3184 absi-

2086 3216 2265 3273 stant.
2302 3206 2455 3271 Dicit
2484 3211 2682 3270 autem
2714 3206 2785 3267 ad
2819 3207 3120 3288 principes
3150 3211 3549 3283 sacerdotum,
3586 3220 3640 3273 et
3669 3212 3741 3274 ad

2091 3298 2478 3379 magistratus
2496 3296 2721 3377 templi.
2741 3302 3037 3376 Στρατηγοὶ
3063 3307 3119 3360 et
3140 3300 3343 3362 aediles
3365 3300 3739 3378 dicebantur,

2088 3388 2188 3470 qui
2219 3386 2541 3449 constituti
2574 3386 2791 3447 rantad
2820 3387 3186 3466 exquirenda
3203 3409 3270 3451 ea
3290 3410 3419 3471 quae
3439 3391 3514 3452 ad
3535 3392 3742 3471 templi

2088 3498 2258 3542 usum
2290 3477 2703 3555 exigebantur,
2736 3478 2825 3538 vel
2859 3477 2961 3557 qui
3006 3480 3263 3560 praefecti
3296 3490 3463 3542 erant
3492 3482 3743 3545 aedilicio

2089 3578 2148 3631 et
2173 3565 2599 3629 constructioni
2636 3566 2863 3646 templi.
2890 3567 2977 3628 Ad
3009 3571 3115 3629 hos
3142 3568 3323 3648 igitur
3353 3570 3498 3634 dicit
3528 3591 3542 3633 :
3580 3570 3743 3644 Quo-

2088 3657 2233 3719 tidie
2265 3656 2552 3718 docebam
2585 3654 2645 3715 in
2682 3654 2925 3735 templo,
2959 3665 3016 3718 et
3050 3658 3318 3719 noluistis
3350 3678 3444 3721 me
3475 3679 3746 3742 compre-

2088 3747 2381 3826 hendere,
2414 3752 2471 3805 et
2520 3763 2676 3805 nunc
2727 3743 2896 3824 quasi
2943 3745 3207 3809 latrones
3257 3749 3582 3811 invaditis:
3636 3750 3743 3812 sed

2089 3855 2295 3898 revera
2326 3834 2515 3896 noctis
2560 3834 2862 3895 attentatis
2913 3854 3114 3916 opera,
3151 3845 3209 3898 et
3258 3846 3513 3917 potestas
3554 3848 3746 3901 vestra

2091 3926 2474 3989 tenebrarum
2501 3932 2615 3987 est:
2640 3932 2818 4005 atque
2834 3924 3059 3987 idcirco
3084 3928 3233 3987 hanc
3249 3928 3453 3990 horam
3472 3930 3747 3992 observa-

2086 4018 2181 4097 tis,
2207 4035 2341 4099 quae
2362 4014 2642 4077 convenit
2663 4016 2826 4077 vobis
2853 4023 2913 4077 et
2934 4017 3127 4096 operi,
3162 4035 3280 4097 quo
3316 4037 3409 4079 me
3447 4019 3743 4083 invaditis.

2269 4109 2357 4164 καὶ
2400 4106 2483 4161 διὰ
2512 4113 2666 4162 τοότο
2696 4108 2945 4173 τοιαύτην
2975 4106 3125 4184 ὥραν
3157 4107 3521 4188 ἐπετηρήσατε
3554 4109 3745 4167 οἰκείαν

2169 4285 2441 4350 νωωει
2465 4284 2563 4347 62.
2581 4308 2609 4341 α
2632 4282 3146 4365 Comprehensum
3178 4294 3375 4347 autem
3400 4304 3538 4349 eum
3562 4287 3749 4350 duxe-

2086 4386 2311 4452 runt,et
2332 4374 2621 4437 induxere
2637 4384 2697 4434 nt
2722 4374 2783 4435 in
2805 4374 3048 4435 domum
3075 4374 3357 4455 principis
3373 4375 3745 4437 sacerdotum

1033 4475 1086 4529 δὲ
1122 4476 1223 4553 πῦρ
1256 4475 1308 4531 έν
1342 4475 1490 4550 μέσῳ
1533 4481 1633 4542 τῆς
1666 4474 1853 4548 αὖλῆς,
1915 4476 2001 4530 καὶ

2092 4469 2300 4530 Petrus
2326 4482 2463 4526 vero
2485 4462 2847 4544 sequebatur
2870 4463 3126 4525 eminus.
3156 4462 3302 4526 Cum
3316 4473 3512 4525 autem
3533 4483 3747 4527 accen-

2090 4556 2320 4618 dissent
2351 4554 2547 4632 ignem
2573 4554 2630 4613 in
2663 4552 2861 4614 medio
2892 4552 3064 4629 aulae,
3098 4562 3275 4633 atque
3302 4571 3419 4613 una
3435 4553 3745 4616 consedis-

2087 4654 2243 4718 sent,
2270 4643 2423 4706 sedit
2449 4652 2506 4704 et
2532 4646 2740 4704 Petrus
2764 4642 2919 4703 inter
2941 4641 3100 4705 illos.
3128 4640 3315 4714 Quem
3339 4661 3474 4704 cum
3508 4642 3751 4704 vidisset

2089 4734 2299 4797 ancilla
2324 4732 2591 4815 quaedam
2619 4732 2929 4793 sedentem
2950 4731 3019 4791 ad
3039 4731 3480 4807 lumen,defixis
3502 4731 3559 4792 in
3577 4731 3745 4795 illum

2091 4825 2307 4896 oculis,
2332 4824 2476 4884 dixit
2506 4842 2519 4885 ;
2556 4820 2624 4883 Et
2645 4820 2742 4882 hic
2762 4839 2895 4883 cum
2922 4820 3024 4881 illo
3048 4827 3196 4884 erat.
3218 4822 3293 4881 At
3316 4821 3417 4883 ille
3438 4821 3749 4901 abnegavit

2091 4913 2508 4994 eum,dicens:
2546 4910 2914 4991 Mulier,nou
2940 4910 3074 4972 novi
3105 4910 3374 4972 illum.Et
3399 4922 3529 4992 post
3556 4910 3745 4991 pusil-

2086 5004 2210 5065 lum
2235 5002 2387 5063 alius
2417 5000 2626 5061 videns
2649 5019 2783 5062 eum
2808 5000 2979 5080 dixit,
3010 5000 3080 5061 Et
3107 5011 3163 5061 tu
3191 5001 3263 5062 de
3286 5000 3401 5061 illis
3420 5018 3507 5063 es.
3538 5000 3745 5062 Petrus

2089 5112 2227 5154 vero
2257 5092 2380 5153 ait:
2416 5089 2630 5159 Homo,
2668 5108 2785 5150 non
2819 5109 2974 5152 sum.
3002 5089 3073 5151 Et
3102 5090 3410 5152 intervallo
3434 5090 3745 5169 interjecto

2086 5185 2211 5245 fere
2243 5183 2403 5242 hora;
2437 5180 2638 5261 unius,
2673 5180 2825 5242 alius
2845 5179 3084 5260 quidam
3113 5179 3467 5262 afﬁrmabat,
3494 5180 3698 5241 dicens
3725 5200 3739 5243 :

2089 5273 2242 5337 Vere
2264 5282 2326 5332 et
2365 5269 2461 5332 hic
2484 5289 2619 5331 cum
2655 5270 2755 5331 illo
2788 5279 2936 5345 erat,
2966 5288 3103 5330 nam
3139 5279 3196 5331 et
3225 5268 3500 5333 Galilaaus
3530 5278 3640 5333 est.
3674 5268 3747 5333 Et

2084 5364 2165 5425 ait
2192 5365 2437 5425 Petrus:
2473 5358 2688 5433 Homo,
2728 5359 2925 5420 nescio
2953 5358 3094 5439 quid
3137 5358 3325 5423 dicas.
3358 5359 3428 5421 Et
3458 5360 3741 5420 continuo

2083 5453 2279 5515 adhuc
2307 5450 2407 5511 illo
2443 5450 2719 5529 loquente
2767 5448 2986 5509 cecinit
3036 5448 3250 5527 gallus.
3306 5452 3379 5512 Et
3422 5466 3744 5512 conversus

2086 5543 2378 5605 Dominus
2410 5538 2658 5599 intuitus
2689 5547 2779 5601 est
2811 5540 3075 5611 Petrum,
3110 5537 3250 5598 478
3292 5548 3350 5601 et
3393 5541 3742 5603 recordatus

2062 5641 2178 5697 est
2211 5634 2416 5693 Petrus
2448 5626 2632 5691 Verbi
2681 5626 2944 5699 Domini,
2995 5628 3294 5710 quomodo
3342 5628 3572 5695 dixerat
3600 5628 3737 5710 ipsi.

2088 5724 2447 5804 Priusquam
2464 5716 2652 5798 gallus
2700 5716 3010 5801 cecinerit,
3061 5726 3152 5783 ter
3199 5738 3296 5785 me
3345 5719 3615 5802 negabis.
3670 5717 3742 5781 Et
