4184 6408
439 303 586 373 1091

452 536 815 590 evertentem
837 534 1099 605 gentem,
1129 545 1193 586 ac
1231 533 1529 586 vetantem
1557 522 1773 584 tributa
1802 524 1946 585 dare
1978 525 2109 586 Cae-

448 615 919 698 sari,dicentem
975 633 1038 673 se
1085 612 1383 677 Christum
1440 630 1641 691 regem
1685 631 1839 672 esse.
1897 612 2111 673 Pilatus

451 717 645 768 autem
689 704 1079 781 interrogavit
1121 721 1281 777 eum,
1321 702 1569 764 dicens:
1626 701 1713 762 Tu
1747 721 1808 761 es
1861 702 1959 763 ille
2009 721 2111 763 rex

449 792 823 859 Judzeorum?
848 796 920 853 At
957 792 1059 852 ille
1104 792 1473 871 respondens
1505 792 1614 865 illi,
1658 791 1737 852 ait
1767 808 1780 853 :
1816 790 1899 852 Tu
1935 792 2105 852 dicis.

457 885 555 947 Ait
587 893 784 945 autem
820 882 1037 941 Pilatus
1060 884 1126 941 ad
1160 882 1457 959 principes
1501 883 1872 942 sacerdotum
1900 891 1954 940 et
1983 892 2103 941 tur-

460 975 585 1036 bas:
614 971 767 1033 Nihil
789 971 1026 1031 invenio
1055 989 1221 1032 noxae
1242 970 1298 1031 in
1321 971 1433 1031 hoc
1462 971 1814 1033 homine.At
1839 971 1921 1030 illi
1942 971 2111 1031 inva-

461 1060 1063 1125 lescebantdicentes
1112 1081 1124 1122 :
1177 1063 1521 1121 Commovet
1554 1061 1837 1139 populum
1890 1060 2113 1121 docens

464 1169 571 1234 per
588 1150 924 1211 universam
949 1150 1495 1223 Judaeam,exorsus
1517 1170 1546 1209 a
1578 1148 1816 1210 Galilma
1832 1168 2020 1226 usque
2040 1151 2112 1211 ad

460 1244 617 1303 hunc
642 1241 863 1300 locum.
894 1239 1246 1301 nManifeste
1292 1238 1523 1299 veritati
1563 1239 1970 1301 adversantur.
2004 1237 2115 1301 Ubi

471 1330 628 1392 enim
666 1328 965 1409 prohibuit
986 1325 1160 1390 Jesus
1187 1328 1399 1388 tributa
1426 1328 1681 1407 dari,qui
1709 1337 1768 1387 ut
1799 1327 1996 1388 debita
2021 1348 2117 1407 po-

470 1420 587 1482 tius
607 1417 775 1479 reddi
797 1419 1191 1497 praacepitsic
1213 1418 1437 1485 dicens,
1455 1416 1969 1479 «RedditeCmsari
1989 1436 2121 1498 qua:

469 1509 715 1570 Caesaris
737 1515 873 1567 sunt
893 1506 948 1569 ?»
962 1506 1270 1578 Quomodo
1288 1517 1482 1566 autem
1509 1517 1841 1567 commovet
1861 1507 2120 1568 turbam?

1410 296 2008 366 THEOPHYLACTI
2055 295 2468 384 BULGARIIE
2513 296 2867 362 ARCHIEP.
2911 334 2919 339 ν

445 439 614 501 illum
666 454 969 513 accusare,
1027 436 1337 498 dicentes:
1376 436 1547 497 Hunc
1598 434 2104 514 deprehendimus

2211 441 2345 494 ιύτοῦ
2399 436 2661 515 λέγοντες
2752 444 2946 494 Τοῦτον
3034 436 3253 512 εὕρομεν

3694 288 3714 350 1
3726 281 3849 349 09‘2

3355 430 3728 511 διαστρέφοντα
3788 426 3849 479 τὸ

2197 526 2361 601 ἔθνος,
2419 529 2505 583 καὶ
2555 525 2822 582 κωλύοντο
2883 526 3099 602 Καίσαρι
3136 526 3324 603 φόρους
3353 520 3572 589 Statim,
3627 516 3849 595 λέγοντα

2196 616 2380 671 ἑαυτὸν
2440 617 2667 695 Χριστὸν
2725 614 2947 692 βασιλέα
3006 614 3180 672 εἶναι.
3243 604 3300 671 Ὀ
3358 610 3412 666 δὲ
3470 604 3848 695 Πιλάτοςῗέπ-

2193 694 2672 782 ηρώτησενίαύτὸν
2727 704 2922 781 λέγων·
2982 706 3053 759 Σύ
3106 704 3160 759 εἷ
3194 704 3221 759 6
3254 700 3502 779 βασιλεὺς
3545 705 3651 755 τῶν
3708 694 3855 782 Ἴου-

2195 774 2349 850 δαίων
2388 842 2399 853 .
2478 786 2534 851 Ὀ
2606 792 2659 849 δὲ
2706 774 3014 870 ,ἀποκριθεὶς
3072 796 3214 866 αὐτῷ
3254 774 3383 869 ⁷ἔφη·
3437 789 3509 843 Σὺ
3557 786 3751 863 λέγεις.
3789 774 3849 837 ’0

2194 882 2248 939 δὲ
2280 882 2516 947 Πιλάτος
2546 899 2668 939 εῖπε
2701 886 2829 961 πρὸς
2875 883 2996 945 τοὺς
3025 882 3299 961 ἀρχιερεῖς
3330 881 3419 936 καὶ
3470 878 3591 939 τοὺς
3623 873 3846 961 ἄλλους·

2196 970 2319 1027 om
2438 973 2517 1008 εν
2725 959 2782 1009 ιί,
3287 970 3298 991 ν
3505 968 3516 987 ν
3726 959 3847 1015 ιδι

2246 988 2354 1027 1οον
2413 994 2633 1051 ευρισκω
2692 995 2863 1028 αι.ιον
2952 972 3006 1027 ἐν
3034 993 3110 1045 τῳ
3141 974 3400 1048 ανθρωπῳ
3428 989 3621 1039 τούτῳ.
3684 974 3742 1021 Ο.
3828 1006 3849 1015 -

2196 1050 2477 1140 ἐπίσχυον
2536 1061 2809 1141 λέγοντες,
2859 1060 2939 1117 ὅτι
2972 1058 3231 1117 Ἀνασείει
3293 1060 3383 1114 τὸν
3434 1058 3562 1113 λαὸν
3593 1050 3853 1111 διδάσκων

2198 1152 2313 1207 καθ’
2373 1151 2505 1218 ὅλης
2552 1153 2650 1219 τῆς
2728 1140 2975 1212 Ἰουδαίας
3046 1146 3334 1224 ἀρξάμενος
3392 1148 3498 1203 ἀπὸ
3542 1146 3641 1213 τῆς
3685 1140 3853 1197 Γαλι-

2200 1241 2349 1306 λαίας
2407 1240 2508 1307 ἕως
2563 1240 2687 1304 ὦδε,
2756 1264 2779 1296 ι
2847 1246 3135 1318 Προφανῶς
3194 1239 3555 1294 ἀναντιοῦνται
3592 1240 3661 1309 τῇ
3709 1231 3855 1295 ἀλη-

2200 1331 2332 1403 θείᾳ.
2393 1336 2501 1389 Ποῦ
2556 1331 2654 1408 γάρ
2716 1328 2980 1385 ἐκώλυσεν
3040 1331 3067 1383 6
3141 1328 3346 1394 Ἰησοῦς
3406 1326 3594 1406 φόρους
3626 1321 3851 1389 διδόναι,

2202 1419 2335 1475 ὅπου
2393 1442 2453 1498 γε
2509 1419 2713 1495 μᾶλλον
2762 1422 2834 1483 ὡς
2912 1418 3072 1498 χρὲος
3172 1415 3472 1473 ἀποδιδόναι
3556 1412 3855 1488 ἐκέλευσεν,

2204 1509 2371 1572 οὕτως
2446 1511 2632 1583 εἰπὼν,
2668 1533 2694 1563 ιι
2757 1506 3012 1565 Ἀπόδοτε
3068 1508 3134 1563 τὰ
3197 1507 3458 1584 Καίσαρος
3519 1504 3738 1578 Καίσαρι
3777 1518 3792 1573 ;
3827 1524 3850 1554 ι

473 1596 739 1679 nunquid
774 1606 835 1657 ut
866 1615 1048 1675 regna
1093 1596 1428 1657 invadens?
1462 1596 1579 1658 Sed
1626 1596 1982 1657 incredibile
2014 1598 2125 1658 hoc

2211 1605 2329 1663 Πῶς
2382 1597 2436 1654 δὲ
2499 1599 2727 1655 ἀνασείει
2758 1600 2850 1654 ’τὸν
2893 1596 3060 1677 ὄχλον
3093 1615 3108 1675 ;
3136 1584 3248 1673 Ἆρ’
3292 1598 3365 1658 ὡς
3400 1591 3643 1670 βασιλείᾳ
3662 1593 3857 1670 ἐγχει-

468 1687 768 1761 omnibus,
798 1704 930 1746 nam
955 1705 1087 1745 cum
1116 1687 1450 1763 agnovisset
1480 1687 1632 1765 quod
1673 1691 1925 1765 populus
1954 1686 2127 1749 vellet

2211 1694 2364 1767 ρῶν,
2426 1686 2576 1744 Ἀλλ’
2638 1687 2888 1744 ἀπίθανον
2945 1693 3099 1743 τοῦτο
3149 1685 3475 1741 παντάπασι·
3536 1683 3624 1738 καὶ
3662 1680 3858 1757 βουλο-

472 1779 663 1857 ipsum
684 1794 882 1854 regem
908 1775 1408 1845 facere,secessit:
1431 1775 1587 1835 unde
1603 1784 1659 1835 et
1676 1775 1893 1835 Pilatus
1914 1774 2124 1856 depre-

2211 1776 2370 1851 μένου
2455 1778 2555 1855 γάρ
2637 1778 2793 1835 αὐτὸν
2876 1783 2967 1831 τοῦ
3050 1772 3283 1841 πλήθους
3340 1771 3560 1847 βασιλέα
3611 1768 3855 1846 ποιῆσαι,

472 1856 743 1928 bendens
771 1864 1013 1925 illorum
1049 1866 1515 1943 sycophantiam,
1554 1866 1803 1924 fatetur:
1841 1888 1862 1920 (ι
1892 1864 2123 1925 Nullam

2211 1869 2362 1945 γνοὸς
2434 1868 2799 1946 ἀνεχώρησεν.
2836 1856 3002 1923 ιὈθεν
3030 1867 3118 1920 καὶ
3175 1862 3404 1925 Πιλάτος
3447 1861 3498 1916 ἐν
3554 1858 3858 1930 καταλήψει

475 1956 713 2016 invenio
739 1972 948 2014 noxam
977 1955 1034 2013 in
1058 1954 1296 2015 homine
1313 1955 1445 2017 hoc.
1463 1980 1485 2007 υ
1505 1952 1744 2014 Videtur
1762 1969 1852 2013 an!
1868 1973 1960 2014 em
1984 1954 2127 2015 mihi

2211 1960 2307 2021 τῆς
2366 1956 2715 2035 συκοφαντίας
2785 1955 3095 2034 γενόμενος,
3170 1951 3452 2029 ὁμολογεῖ,
3501 1949 3580 2005 ὅτι
3637 1972 3663 2002 ι
3700 1946 3860 2035 Οὒδὲν

473 2046 586 2105 ista
615 2042 1081 2121 interrogatione
1105 2062 1278 2123 quam
1306 2043 1444 2103 facit
1470 2062 1605 2121 erga
1623 2044 1948 2123 Christum,
1971 2044 2127 2105 ride-

2211 2044 2432 2121 εὑρίσκω
2514 2034 2690 2101 αἴτιον
2742 2044 2797 2100 ἐν
2866 2048 2943 2115 τῷ
2970 2042 3229 2120 ἀνθρώπῳ
3272 2042 3467 2114 τούτῳ.
3508 2063 3531 2096 ι
3588 2049 3749 2094 Δοκεῖ
3806 2034 3862 2091 δέ

474 2152 539 2196 re
562 2132 949 2194 calumniam.
973 2130 1118 2193 Rem
1147 2133 1302 2193 enim
1328 2133 1515 2212 ipsam
1540 2133 2126 2204 subsannat,dicens:

2212 2156 2304 2209 μοι
2347 2135 2435 2190 καὶ
2487 2132 2618 2201 αὕτη
2676 2136 2710 2201 ἡ
2770 2133 3053 2212 ἐρώτησις,
3085 2131 3150 2199 ἦν
3180 2144 3413 2187 ποιεῖται
3446 2132 3577 2209 πρὸς
3610 2131 3695 2184 τὸν
3730 2133 3861 2205 Χρι-

479 2247 506 2279 ‹
528 2224 615 2283 Tu
646 2240 711 2283 es
742 2241 841 2283 rex
872 2220 1262 2283 Judzeorum?
1299 2247 1321 2276 ι»
1360 2221 1530 2302 quasi
1562 2222 1647 2281 sic
1679 2222 1833 2283 dicat
1863 2244 1875 2283 :
1908 2222 1995 2283 'l'u
2027 2223 2127 2300 qui

2216 2225 2361 2303 στὸν,
2422 2223 2506 2279 ἐπὶ
2563 2222 2892 2301 καταγέλωτι
2950 2222 3046 2290 τῆς
3112 2222 3460 2301 συκοφαντίας
3520 2220 3685 2276 εἶναι.
3745 2224 3867 2271 Μυ-

473 2321 589 2373 tam
630 2328 881 2391 pauper,
916 2319 1031 2370 tam
1066 2310 1217 2382 vilis,
1255 2320 1366 2369 tam
1403 2311 1715 2371 destitutus
1742 2312 1986 2385 auxilio,
2011 2322 2125 2373 tam

2212 2314 2443 2390 γτηρίζει
2506 2313 2606 2392 γὰρ
2672 2315 2733 2369 τὸ
2784 2319 3005 2391 πρᾶγμα
3062 2310 3257 2389 λέγων·
3295 2330 3321 2366 ι
3362 2311 3434 2365 Σὺ
3467 2309 3519 2365 εἷ
3552 2309 3583 2363 6'
3616 2308 3862 2384 βασιλεὺς

478 2401 672 2461 nudus
706 2418 793 2479 es,
827 2400 1129 2459 accusaris
1179 2417 1427 2478 regnum
1467 2399 1749 2460 ambire?
1780 2402 1903 2462 Hoc
1933 2410 2127 2462 autem

2212 2405 2317 2457 τῶν
2387 2399 2701 2472 Ἰουδαίων;
2771 2422 2799 2459 (
2858 2402 3145 2480 μονονουχὶ
3206 2407 3359 2457 τοῦτο
3433 2399 3623 2477 λέγων’
3702 2398 3775 2452 Σὺ
3835 2398 3865 2452 6

478 2490 812 2551 deridentis
843 2498 955 2558 est,
991 2499 1053 2549 ut
1083 2489 1363 2563 diximus,
1397 2507 1500 2549 eos
1532 2490 1629 2569 qui
1665 2490 1721 2550 in
1760 2491 1850 2551 his
1880 2510 2127 2553 accusa-

2217 2493 2409 2565 πὲνης,
2468 2494 2494 2547 6
2552 2490 2793 2571 εὐτελὴς,
2853 2494 2880 2547 ὃ
2942 2493 3161 2569 γδμνὸς,
3194 2492 3221 2546 6
3252 2488 3549 2557 ἀϐοήθητος
3592 2492 3868 2565 κατηγορῇ

478 2580 622 2641 bant
650 2579 878 2653 Jesum,
915 2577 1071 2659 quod
1105 2578 1329 2654 ﬁngant
1378 2578 1552 2639 talem
1596 2597 1721 2639 rem
1759 2579 2031 2641 attentari
2063 2580 2127 2642 ab

2218 2582 2304 2637 ἐπὶ
2373 2588 2449 2654 τῷ
2502 2580 2773 2657 βασιλείας
2834 2581 3062 2660 ἐφίεσθαι
3101 2599 3116 2653 ;
3150 2586 3314 2637 Τοῦτο
3366 2577 3419 2634 δὲ
3462 2576 3867 2655 καταγελιῦντός

483 2670 725 2730 homine
762 2677 875 2727 tam
912 2668 1070 2728 nudo
1103 2679 1281 2747 atque
1312 2667 1436 2740 vili,
1477 2667 1546 2727 ad
1583 2687 1757 2747 quam
1806 2679 1889 2729 tot
1919 2670 2127 2730 divitiis

2221 2669 2384 2743 ἐστιν,
2445 2672 2518 2733 ὡς
2596 2670 2821 2750 ἔφημεν,
2882 2676 2989 2726 τῶν
3058 2678 3220 2726 ταῦτα
3296 2668 3729 2747 κατηγορούντων
3776 2672 3869 2721 τοῦ

483 2766 659 2837 atque
684 2756 977 2837 praesidiis
1001 2776 1148 2835 opus
1180 2767 1290 2818 εει.
1318 2760 1537 2820 Verum
1568 2758 1622 2817 hi
1647 2777 1779 2818 cum
1812 2759 1955 2819 nihil
1979 2757 2127 2819 aliud

2224 2756 2422 2833 Ἰησοῦ,
2486 2759 2566 2815 ὃτι
2610 2762 2702 2815 τὸν
2758 2758 2922 2821 οὕτως
2998 2757 3207 2838 εὐτελῆ,
3265 2760 3354 2815 καὶ
3397 2758 3619 2836 γυμνὸν,
3648 2757 3871 2828 τοιούτω

480 2847 856 2908 haberentad
886 2845 1337 2924 sycophantiam
1360 2846 2127 2921 conﬁrniandam,clamoris

2221 2849 2493 2928 πράγματι
2566 2848 2866 2929 ἐπιχειρεῖν
2936 2847 3280 2923 πλάττονται,
3339 2847 3553 2904 πολλὼν
3639 2844 3872 2919 δεομένῳ

481 2944 727 3000 utuntur
755 2934 992 3015 auxilio,
1019 2944 1075 2995 et
1102 2934 1504 2996 clamaverunt
1536 2945 1740 2996 contra
1766 2940 1951 2998 Deum
1985 2937 2127 2999 Ver-

2222 2941 2310 2995 καὶ
2365 2940 2663 3017 χρημάτων
2719 2940 2806 2996 καὶ
2854 2939 3167 3018 ἐπικούρων,
3230 2940 3290 2997 Οἱ
3360 2936 3415 2993 δὲ
3449 2936 3617 3013 μηδὲν
3651 2935 3870 3016 ἔχοντες

481 3025 647 3086 bum.
683 3025 1029 3087 Commovet
1062 3024 1247 3104 enim,
1283 3026 1578 3105 inquiunt,
1613 3028 1725 3087 hoc
1756 3036 1867 3101 est,
1896 3027 2127 3088 seditio.

2223 3029 2354 3086 ἄλλο
2408 3031 2539 3108 πρὸς
2587 3031 2682 3097 τὴν
2753 3030 3099 3107 συκοφαντίαν
3156 3030 3429 3105 βοήθημα,
3484 3040 3606 3090 ταῖς
3665 3038 3871 3105 φωναῖς

481 3132 609 3176 sum
646 3114 780 3175 facit
830 3113 1111 3194 populum
1153 3134 1164 3175 :
1220 3095 1279 3174 ct
1328 3095 1444 3175 non
1478 3117 1535 3176 in
1585 3135 1703 3176 una
1754 3126 1917 3196 parte
1966 3118 2127 3180 seda

2222 3124 2459 3200 χρῶνται
2512 3121 2642 3199 πρός
2694 3120 2991 3199 συνεργίαν,
3062 3120 3149 3175 καὶ
3220 3120 3505 3197 κεκράγασι
3563 3119 3698 3174 κατὰ
3779 3121 3877 3175 τοῦ

487 3204 989 3282 Galilaeaincepit,
1018 3214 1076 3266 et
1107 3206 1376 3286 pervenit
1406 3206 1854 3287 hucusque,per
1881 3209 2127 3270 mediam

2223 3216 2355 3267 Θεοῦ
2411 3209 2605 3287 Λόγου.
2681 3206 2937 3266 Ἀνασείει
3003 3209 3125 3287 γὰρ,
3186 3209 3338 3287 φησὶ,
3388 3206 3679 3286 τουτέστιν,
3736 3206 3873 3266 ἀνα-

482 3294 749 3356 Judaeam
801 3293 1119 3355 transiens.
1170 3291 1300 3355 Non
1346 3296 1696 3374 simpliciter
1744 3308 1939 3359 autem
1998 3299 2127 3360 mihi

2220 3310 2407 3356 στατεϊ
2458 3301 2547 3356 τὸν
2618 3298 2768 3373 λαὸν,
2816 3301 2902 3355 καὶ
2932 3300 3025 3355 οῦκ
3051 3300 3107 3354 ἐν
3139 3297 3213 3353 ἐνὶ
3242 3297 3410 3374 μέρει,
3460 3296 3581 3353 ἀλλ’
3640 3296 3744 3353 ἀπὸ
3775 3296 3875 3371 μὲι

481 3384 765 3444 videntur
822 3382 1166 3445 meminisse
1219 3385 1495 3462 Galilaeas,
1559 3386 1661 3446 sed
1725 3386 1784 3447 in
1848 3396 2127 3449 terrorem

2220 3389 2316 3457 τῆς
2375 3388 2657 3454 Γαλιλαίας
2714 3388 2927 3461 ἢρξατο,
2984 3387 3174 3467 ἔφθασε
3199 3386 3254 3444 δὲ
3313 3386 3413 3448 ἕως
3444 3385 3569 3455 ὦδε,
3629 3385 3712 3443 διὰ
3768 3386 3874 3460 μέ·-

485 3470 761 3533 Ρίιαιίεὸ.
795 3468 939 3531 Nam
974 3471 1197 3532 (ξοΙὶΙωί
1230 3491 1468 3553 semper
1496 3474 1787 3555 seditiosi,
1813 3494 2127 3556 rerumque

2221 3501 2321 3546 σης
2370 3480 2468 3545 τῆς
2529 3478 2779 3542 Ἰουδαίας
2836 3476 3074 3540 διελθών,
3136 3479 3252 3557 Οὐχ
3296 3475 3480 3542 ἁπλῶς
3535 3475 3587 3532 δέ
3643 3498 3733 3552 μοι
3778 3474 3874 3533 δο-

485 3568 799 3622 novatores
850 3560 1040 3639 fuere,
1092 3561 1282 3640 qualis
1336 3571 1463 3623 erat
1519 3572 1575 3624 et
1603 3562 1786 3626 Judas
1835 3564 2127 3639 Galilzeus,

2221 3576 2369 3626 κοῦσι
2419 3570 2718 3643 μεμνῆσθαι
2777 3571 2876 3635 τῆς
2922 3567 3226 3642 Γαλιλαίας,
3289 3565 3408 3623 ἀλλ’
3480 3568 3554 3631 εἷς
3584 3564 3743 3646 φόϐον
3784 3568 3877 3622 τὸν

481 3649 653 3728 cujus
673 3648 976 3709 recordari
996 3649 1219 3710 faciunt
1242 3650 1489 3711 Pilatum
1505 3701 1519 3726 ,
1549 3652 1713 3733 quasi
1736 3654 1815 3715 ita
1838 3654 2127 3715 dicentes:

2224 3658 2454 3714 Πιλάτον
2509 3657 2816 3724 ἐνσείοντες,
2869 3658 2966 3715 Καὶ
3008 3659 3109 3736 γὰρ
3180 3660 3228 3713 οἱ
3284 3655 3562 3713 Γαλιλαῖοι
3646 3663 3873 3713 τοιοῦτοι

483 3739 711 3818 Cogita,
749 3755 992 3818 praeses,
1019 3738 1229 3800 ludam
1265 3739 1596 3817 Galilaeum,
1634 3744 2000 3822 quimultum
2028 3762 2127 3805 ne-

2224 3746 2328 3827 ἀεῖ,
2414 3748 2744 3827 στασιασταὶ,
2847 3749 2933 3803 καὶ
3006 3760 3387 3823 νεωτερισμοῖς
3447 3746 3868 3826 ἐπιχειροῦντες*

484 3829 629 3908 gotii
657 3827 797 3889 fecit
816 3827 1280 3901 Romanis,facta
1302 3848 1420 3890 non
1445 3850 1621 3910 parva
1639 3833 1934 3894 seditione
1958 3852 2127 3913 popu-

2223 3841 2340 3901 οἶος
2412 3839 2500 3893 καὶ
2558 3834 2753 3899 Ἰούδας
2811 3839 2838 3892 6
2901 3835 3212 3899 Γαλιλαῖος⁸
3288 3838 3349 3893 οὗ
3434 3837 3522 3892 καὶ
3552 3837 3623 3901 εὶς
3653 3836 3874 3911 μνὴμην

488 3918 528 3979 li
559 3938 572 3978 :
613 3916 745 3978 talis
776 3927 838 3977 et
868 3916 964 3977 hic
995 3925 1104 3989 est,
1141 3936 1321 3997 quem
1353 3931 1587 3999 Oportet
1617 3941 1649 3982 e
1681 3923 1878 3984 medio
1903 3924 2127 3986 tollere.

2221 3924 2477 4001 ἐμϐαλεῖν
2533 3924 2735 3983 ἐοίκασι
2781 3928 2874 3982 τὸν
2940 3925 3192 4002 Πιλάτον,
3251 3927 3541 4005 μονονουχὶ
3584 3928 3737 3981 τοῦτο
3778 3924 3863 3981 λέ-

484 4028 668 4087 γοντες
702 4027 721 4044 ο
754 4005 1120 4086 Ἀναλόγισιι,
1154 4009 1397 4083 ἡγεμὼν,
1424 4012 1512 4066 16;
1545 4012 1839 4070 Γαλιλαῖον
1873 4012 2095 4093 Ἰούδαν,
2128 4015 2186 4078 ὃς
2213 4012 2387 4071 πολλὰ
2416 4015 2707 4093 πράγματα
2742 4006 3022 4091 Ῥωμαίοις
3052 4016 3346 4095 παρέσχεν,
3374 4015 3750 4078 ἀναστατώσας
3782 4019 3877 4074 οὒκ

487 4095 665 4175 ὀλίγον
710 4094 867 4173 μέρος
896 4103 987 4152 τοῦ
1018 4095 1169 4153 λαοῦ.
1220 4107 1463 4162 Τοιοῦτος
1506 4103 1591 4157 καὶ
1618 4110 1787 4175 οὗτος,
1825 4105 1881 4159 ὃν
1916 4102 1999 4160 δεῖ
2027 4104 2087 4160 ἐκ
2114 4101 2292 4160 ποδῶν
2323 4109 2613 4164 ποιεῖσθαι.

570 4183 757 4275 Vens.
792 4183 971 4275 67-27.
1010 4210 1037 4240 α
1072 4185 1294 4250 Pilatus
1336 4197 1531 4250 autem
1576 4190 1777 4251 audita
1828 4194 2127 4255 mentione

2305 4217 2330 4249 ι
2369 4186 2427 4251 (Ο
2474 4197 2562 4251 οὖν
2593 4194 2821 4258 Πιλάτος
2867 4195 3095 4259 ἀκούσας
3158 4194 3465 4268 Γαλιλαίαν,
3526 4196 3879 4275 ἐπηρώτησεν

490 4274 767 4350 Galilaaze,
821 4274 1204 4354 interrogavit
1253 4296 1391 4338 num
1445 4278 1621 4340 homo
1664 4281 1943 4343 Calilwus
1998 4283 2127 4344 481

2222 4284 2266 4339 εί
2324 4285 2351 4339 6
2403 4282 2672 4362 ἅνθρωπος
2732 4283 3018 4350 Γαλιλαῖός
3086 4287 3222 4364 ἐστι,
3312 4285 3395 4340 καὶ
3429 4274 3675 4362 ἐπιγνοῦς
3708 4284 3787 4340 ὅτι
3821 4285 3880 4341 ἐκ

491 4371 692 4455 esset:
727 4371 785 4424 et
817 4372 879 4424 ut
908 4366 1177 4441 cognovit
1227 4366 1385 4445 quod
1414 4368 1501 4455 ad
1544 4367 1799 4430 Herodis
1851 4371 2127 4433 ditionem

2222 4378 2320 4455 τῆς
2349 4371 2583 4440 ἐξουσίας
2636 4366 2867 4453 Ἡρώδου
2920 4374 3081 4455 ἐστὶν,
3142 4374 3449 4450 ἀνέπεμψεν
3520 4375 3678 4430 αὒτὸν
3749 4376 3881 4453 πρὸς

492 4454 841 4543 pertineret,
874 4455 1106 4543 remisit
1137 4473 1270 4516 eum
1303 4456 1375 4516 ad
1409 4454 1735 4532 Herodem,
1772 4460 1871 4540 qui
1919 4469 1976 4521 et
2015 4462 2127 4541 ipse

2227 4452 2491 4540 Ἡρώδην,
2538 4462 2663 4520 ὄντα
2708 4452 2800 4520 καὶ
2871 4464 3028 4520 αὐτὸν
3067 4452 3151 4519 ’ἐν
3202 4456 3586 4543 Ἰεροσολύμοις
3616 4462 3670 4518 ἐν
3746 4452 3883 4519 ταύ-

492 4542 926 4623 Hierosolymis
959 4554 1085 4605 erat
1118 4564 1222 4624 per
1254 4547 1305 4607 id
1343 4554 1597 4627 tempus.
1632 4545 1900 4611 Herodes
1943 4561 2127 4613 autem

2227 4574 2343 4615 ταις
2411 4566 2534 4618 ταῖς
2593 4552 2834 4633 ἡμέραις,
2911 4545 2966 4611 Ὀ
2998 4552 3052 4609 δὲ
3088 4542 3328 4632 Ἡρώδης
3358 4550 3479 4609 ἰδὼν
3509 4555 3603 4608 τὸν
3652 4550 3884 4633 Ἰησοῦν,

491 4634 612 4694 viso
644 4635 783 4696 Jesu
814 4634 1047 4712 gavisus
1072 4645 1160 4696 est
1181 4637 1369 4696 valde.
1407 4636 1749 4700 Tenebatur
1771 4642 1933 4701 enim
1960 4642 2127 4703 multi

2228 4640 2403 4721 ἐχάρη
2475 4642 2613 4701 λίαν.
2675 4631 2771 4699 Ἠν
2854 4643 2953 4721 γὰρ
2997 4631 3164 4699 θέλων
3196 4640 3247 4707 ἐξ
3282 4643 3462 4698 ἱκανοῦ
3508 4639 3642 4698 ἰδεῖν
3704 4631 3884 4722 αὒτὸν,

484 4724 608 4802 jam
625 4731 892 4803 tempore
907 4723 1232 4803 cupiditate
1254 4726 1490 4786 videndi
1511 4727 1778 4801 illum,eo
1803 4730 1956 4808 quod
1981 4731 2147 4793 audi-

490 4822 584 4873 ret
615 4812 798 4873 multa
826 4812 902 4873 de
925 4831 1020 4892 eo,
1045 4822 1103 4875 et
1124 4815 1403 4893 Sperabat
1432 4834 1496 4876 se
1527 4817 1759 4895 signum
1793 4818 2029 4900 aliquod
2054 4821 2144 4882 vi-

492 4920 693 4962 surum
715 4902 788 4963 ab
808 4920 879 4964 eo
904 4902 1058 4965 ﬁeri.
1092 4904 1504 4983 Interrogabat
1532 4916 1730 4968 autem
1774 4926 1906 4967 cum
1946 4910 2148 4971 multis

496 4991 905 5055 sermonibus:
930 5002 989 5052 at
1016 4992 1145 5072 ipse
1168 4994 1319 5055 nihil
1356 4993 1441 5055 illi
1474 4996 2151 5077 respondebat.Stabant

494 5089 689 5142 autem
751 5080 1055 5163 principes
1112 5085 1493 5147 sacerdotum
1552 5096 1611 5149 et
1669 5085 1891 5149 Scribae
1933 5090 2152 5151 acriter

496 5180 841 5232 accusantes
864 5170 1275 5251 eum.Sprevit
1303 5185 1500 5237 autem
1534 5175 1704 5238 illum
1733 5177 1995 5240 Herodes
2011 5198 2147 5240 cum

497 5259 861 5320 exercitibus
889 5262 1011 5321 suis
1043 5281 1057 5320 :
1097 5281 1358 5341 cumque
1381 5258 1962 5345 illusiSset,indutum
1988 5275 2148 5331 veste

497 5348 807 5427 splendida
840 5350 1075 5410 remisit
1105 5350 1177 5413 ad
1211 5353 1465 5414 Pilatum
1501 5374 1515 5416 :
1546 5363 1606 5415 et
1636 5355 1770 5415 lacti
1803 5363 1941 5416 sunt
1970 5357 2145 5419 amici

496 5435 653 5498 inter
673 5455 808 5499 sese
838 5436 1062 5501 Pilatus
1093 5448 1155 5503 et
1183 5438 1449 5504 Herodes
1482 5443 1544 5505 in
1575 5443 1787 5506 eodem
1821 5444 1940 5508 die.
1993 5447 2143 5511 Nam

572 5596 795 5662 κλει.
828 5613 888 5682 v,
923 5596 1024 5665 37.

2229 4731 2311 4788 διὰ
2369 4735 2431 4788 τὸ
2480 4733 2688 4790 ἀκούειν
2746 4731 2921 4791 πολλά
2977 4734 3095 4811 περὶ
3149 4732 3331 4808 αὐτοῦ,
3404 4734 3493 4788 καὶ
3558 4730 3751 4802 ἢλπιζέ
3835 4755 3885 4788 τι

2231 4835 2464 4897 σημεῖον
2504 4819 2634 4879 ἰδεῖν
2706 4822 2795 4878 ὑπ’
2855 4823 3012 4878 αὐτοῦ
3093 4821 3392 4899 γινόμενον.
3459 4819 3747 4900 Ἐπηρώτα
3829 4820 3884 4876 δὲ

2231 4910 2389 4967 αὐτὸν
2460 4910 2514 4966 ἐν
2586 4910 2765 4989 λόγοις
2822 4912 3049 4975 ἱκανοῖς*
3105 4912 3258 4974 αὐτὸς
3289 4908 3342 4966 δὲ
3373 4908 3519 4968 οὐδὲν
3562 4910 3881 4988 ἀπεκρίνατο

2231 5005 2398 5075 αὐτῷ,
2468 5002 2815 5071 Εἱστήκεισαν
2845 4998 2898 5056 δὲ
2930 5002 2977 5055 οἱ
3034 5000 3307 5080 ἀρχιερεῖς
3358 5002 3444 5056 καὶ
3492 5003 3537 5055 οί
3626 5006 3887 5080 Γραμμαο

2230 5106 2347 5154 ταῖς
2445 5090 2668 5155 εὐτόνως
2752 5098 3170 5169 κατηγοροῦντες
3230 5091 3410 5152 αὖτοῦ.
3500 5088 3886 5160 Ἐξουθενήσας

2232 5180 2285 5237 δὲ
2357 5180 2513 5238 αὐτόν
2542 5183 2570 5237 6
2603 5172 2840 5258 Ἠρώδης
2910 5181 3002 5236 σὺν
3064 5193 3183 5245 τοῖς
3259 5180 3643 5258 στρατεύμασιν
3704 5185 3886 5255 αὺτοῦ,

2228 5272 2316 5328 καὶ
2377 5270 2658 5346 ἐμπαίξας,
2734 5267 3033 5350 περιϐαλὼν
3109 5270 3251 5341 αὒτῷ
3336 5270 3531 5337 ἐσθῆτα
3613 5268 3889 5350 λαμπρὰν,

2228 5360 2535 5435 ἀνέπεμψεν
2590 5361 2745 5417 αὐτὸν
2802 5366 2879 5435 τῷ
2934 5358 3171 5435 mum.
3233 5357 3512 5438 Ἐγένοντο
3541 5358 3596 5415 δὲ
3651 5360 3797 5441 φίλοι
3863 5359 3893 5415 ὅ

2223 5473 2283 5508 τε
2354 5450 2582 5515 Πιλάτος
2612 5450 2700 5506 καὶ
2731 5452 2759 5507 6
2812 5441 3051 5528 Ἡρώδης
3123 5452 3179 5507 ἒν
3224 5449 3358 5527 αὐτῇ
3413 5454 3480 5527 τῇ
3543 5450 3713 5530 ἡμέρᾳ
3771 5442 3895 5527 μετ’
