4184 6406
262 330 410 398 109⁸7
911 339 1356 401 ΕΝΑΒΒΑΤΙΟ
1404 340 1482 402 ΙΝ
1531 333 1936 403 EVANGELIl

2026 333 2041 397 [
2084 332 2328 403 LUCzE.
2367 373 2450 385 —
2492 338 2660 405 CAP.
2715 342 2940 407 XXIII.
3497 346 3655 415 1098

262 468 558 535 ἀπολύσας,
619 473 691 529 θῦ
746 474 847 550 γὰρ
933 473 1091 549 ἔμαθε
1162 472 1335 551 λέγειν
1370 489 1383 503 ·
1447 475 1549 532 Τὸν
1625 472 1680 528 δὲ
1752 468 1936 552 φόϐον.

2026 485 2184 532 unum
2220 473 2530 536 dimittere
2559 472 2957 540 Judaeis.Tale
2982 478 3141 542 enim
3174 480 3363 543 fmdus
3383 500 3516 549 cum
3541 482 3653 546 Ju-

261 559 410 632 ὗμῶν
469 562 529 616 οὗ
586 564 664 635 μὴ
720 560 1058 640 φοϐηθῶμεν,
1119 562 1255 619 ἀλλὰ
1317 564 1500 643 Κύριος
1568 563 1723 624 αὒτὸς
1768 560 1912 617 ἔσται

2026 560 2142 651 lacis
2166 560 2515 642 inierant,ut
2552 563 2803 626 liberum
2826 567 3241 646 permitterent
3272 570 3358 632 eis
3375 572 3543 651 juxta
3574 579 3655 635 le-

265 671 356 723 μοι
428 647 609 729 φόϐος.
668 674 694 704 α
756 651 1043 718 Παιδεύσας
1117 654 1228 724 οὖν,
1301 656 1479 733 φησὶν,
1546 652 1818 731 ἀπολύσω,
1884 672 1911 704 ι

2026 648 2202 721 mima
2229 660 2284 713 et
2318 662 2598 714 consueta
2624 673 2730 715 sua
2759 656 2971 716 vivere.
3010 657 3082 719 Et
3113 677 3243 719 mos
3276 647 3498 739 patrius
3525 677 3653 728 erat

265 737 527 814 τουτέστι,
600 744 928 821 σωφρονίσας
1018 739 1101 797 διὰ
1173 745 1465 821 μαστίγων.
1539 741 1808 819 Ἀνάγκην
1863 736 1919 795 δὲ

2037 739 2279 819 udaeis,a
2311 742 2577 822 principe
2599 744 2894 823 judicatos
2936 755 3160 826 petere,
3186 736 3339 811 sicut
3369 760 3429 812 et
3458 774 3488 809 ει
3512 750 3649 815 Saul

267 827 430 906 εἶχον
489 832 534 884 οἱ
582 820 841 905 Ῥωμαῖοι
899 832 1035 887 κατὰ
1093 832 1280 911 ἑορτὴν
1332 820 1578 888 ἆπολύειν
1617 829 1731 903 ἕνα,
1765 850 1919 908 χαρι-

2026 828 2338 919 )etiverunt
2374 820 2689 893 Jonathan.
2726 831 2889 905 Quod
2936 820 2983 895 si
3031 820 3338 899 historiam
3390 840 3648 919 ignoras,

264 917 478 991 ζόμενοι
564 932 682 982 τοῖς
765 918 1057 985 Ἰουδαίοις.
1132 911 1514 984 ἰ’ποσπόνδοις
1593 921 1692 999 γὰρ
1763 939 1921 997 γενο-

2026 917 2159 979 Iade
2176 917 2248 980 ad
2284 919 2541 1000 primum
2566 920 2784 982 librum
2818 911 3649 1003 Regum37,eteaminvvenies.
3686 994 3693 998 .

266 1007 450 1081 μένοις
507 1022 626 1071 τοῖς
692 1008 990 1083 Ἰουδαίοις,
1067 1008 1243 1066 ἄδειαν
1326 1008 1580 1067 δεδώκασι
1651 1009 1785 1066 κατὰ
1858 1007 1924 1063 τὰ

2026 1008 2459 1069 ιΕΙειιηονεινυηι
2483 1011 3145 1093 autem,inquit,omnes
3171 1017 3460 1093 dicentes,
3485 1019 3653 1082 Tolle

266 1098 443 1154 οἰκεῖα
499 1097 591 1165 ἔθη
649 1101 736 1155 καὶ
796 1099 995 1175 νόμιμα
1051 1099 1440 1160 πολιτεύεσθαι.
1499 1098 1676 1163 ’Ἒοος
1725 1095 1779 1153 δὲ
1822 1097 1923 1153 πά-

2026 1116 2186 1158 ιυηο.
2208 1096 2387 1169 »Ωιιὶᾱ
2414 1098 2526 1159 hoc
2557 1099 2755 1179 pejus?
2778 1100 2935 1163 Gens
2952 1114 3153 1166 sancta
3167 1106 3333 1168 rabie
3350 1109 3409 1168 in
3429 1109 3651 1172 caedem

265 1207 409 1263 τριον
467 1187 532 1254 ἧν
593 1186 884 1268 Ἰουδαῗοις,
945 1190 1005 1245 τὸ
1050 1191 1192 1269 παρὰ
1241 1197 1331 1246 τοῦ
1383 1188 1643 1268 ἄρχοντος
1687 1186 1916 1252 ἐξαιτεῖ·-

2026 1187 2230 1260 'urit,et
2258 1187 2493 1279 gentilis
2537 1190 2759 1249 Pilatus
2793 1191 3014 1251 caedem
3048 1205 3372 1258 aversatur.
3412 1196 3484 1258 Et
3524 1216 3655 1279 quae

268 1279 388 1331 σθαι
418 1280 540 1341 τους
584 1280 949 1357 κατακρίτους,
997 1277 1176 1357 ὥσπερ
1216 1280 1304 1335 καὶ
1364 1280 1505 1357 παρὰ
1565 1275 1738 1334 Σαοὺλ
1791 1275 1921 1351 ’ἐξῃ-

2026 1294 2337 1357 ιυτευιη,οει
2370 1276 2647 1337 deorsum
2670 1288 2999 1368 vertuntur.
3018 1308 3035 1336 ι
3051 1280 3218 1345 Tolle
3236 1275 3652 1368 hunc,dicunt,

264 1364 498 1434 στήσαντο
540 1366 632 1421 τὸν
691 1366 963 1427 Ἰωνάθαν.
1022 1369 1080 1424 Εἰ
1136 1365 1190 1423 δὲ
1248 1368 1347 1435 τὴν
1404 1366 1632 1441 ἱστορίαν
1679 1367 1919 1444 ἀγνοεῖς,

2026 1364 2236 1426 limitte
2267 1373 2466 1427 autem
2494 1365 2668 1426 nobis
2697 1366 3159 1452 Barabbam:qui
3182 1391 3314 1433 cum
3339 1364 3657 1437 seditiosus

266 1453 438 1527 μέτιθι
497 1454 788 1513 Βασιλειῶν
833 1458 932 1525 τὴν
982 1460 1222 1536 πρώτην,
1269 1459 1357 1513 καὶ
1400 1457 1599 1523 ταύτην
1656 1456 1918 1533 εῦρήσεις.

2026 1464 2169 1517 esset
2191 1465 2247 1515 ei.
2278 1455 2820 1534 homicidapnissus
2842 1465 2966 1518 erat
2986 1460 3048 1521 in
3066 1478 3384 1533 carcerem.
3400 1464 3658 1526 nEnter-

272 1564 307 1601 ‹
338 1542 652 1623 Ἀνέκραξαν
710 1544 787 1621 δὲ,
862 1548 990 1623 φησὶ
1054 1546 1386 1622 παμπληθεῖ,
1433 1545 1677 1625 λέγοντες
1711 1559 1727 1574 ⁸
1792 1546 1922 1622 Αἶρε

2026 1546 2088 1605 ,ἰο
2120 1543 2371 1607 absolvit
2407 1544 2651 1619 Pilatus,
2686 1555 2746 1607 et
2777 1549 2952 1608 tertio
3000 1547 3083 1610 illi
3121 1558 3327 1612 contra
3359 1553 3655 1616 Christum

266 1641 477 1696 τοῦτον,
529 1658 556 1689 ι
622 1635 681 1692 Τί
728 1636 916 1691 τούτου
971 1648 1211 1716 χεῖρονς
1274 1637 1344 1693 Τὸ
1390 1634 1532 1700 ἔθνος
1578 1635 1639 1690 τὸ
1670 1634 1821 1711 ἅγιον
1852 1634 1923 1695 εἷς

2026 1635 2287 1709 :lamant,
2325 1645 2387 1693 ut
2409 1633 2652 1694 omnino
2684 1634 2857 1695 tertia
2912 1635 3013 1698 illa
3046 1638 3403 1715 clamatione
3434 1644 3658 1705 caedem

267 1726 461 1803 φόνους
519 1724 728 1797 ὲλύττα,
782 1728 808 1781 6
870 1726 1069 1790 ἐθνικὸς
1123 1725 1351 1790 Πιλάτος
1381 1728 1473 1782 τὸν
1503 1725 1664 1804 φόνον
1695 1722 1925 1801 ἀπετρέ-

2026 1743 2176 1786 mam
2214 1723 2542 1803 perﬁciant,
2578 1732 2968 1805 sanctumque
2998 1745 3067 1788 ac
3108 1728 3337 1807 justum
3388 1740 3609 1811 negent
3642 1750 3655 1794 :

270 1832 427 1887 πετο,
486 1814 551 1869 τὰ
606 1812 715 1869 ἅνω
752 1814 899 1870 κάτω
941 1815 1173 1892 ἐγένετο.
1238 1838 1265 1871 ιι
1304 1816 1432 1892 Αἶρε
1491 1816 1697 1893 τοῦτον,
1746 1812 1921 1891 φασὶν,

2026 1817 2164 1880 Iicut
2194 1812 2338 1875 dicit
2369 1811 2572 1873 beatus
2604 1814 2840 1891 Petrus,
2872 1816 3213 1878 Petiverunt
3238 1829 3433 1881 autem
3469 1822 3659 1891 virum

272 1900 538 1958 ἀπόλυσον
569 1900 622 1958 δὲ
653 1904 790 1976 ἡμῖν
824 1901 1117 1983 Βαραϐϐᾶν,
1154 1906 1211 1968 ὃς
1244 1904 1569 1971 στασιαστὴς
1599 1904 1672 1959 ὢν
1713 1903 1799 1957 καὶ
1820 1922 1921 1982 φο-

2026 1903 2367 1968 lomicidam
2400 1900 2529 1962 dari
2554 1899 2779 1962 sibi98:
2815 1902 3143 1982 diligebant
3172 1906 3330 1968 enim
3362 1910 3616 1971 similem
3646 1933 3661 1973 :

268 1992 412 2065 νεὺς,
444 1988 643 2062 ἐϐλήθη
676 1994 749 2056 εἰς
780 1994 1044 2071 φυλακήν.
1082 2016 1111 2048 ιι
1171 1995 1269 2051 Καὶ
1297 1993 1470 2072 τρίτον
1502 1991 1719 2050 ἆπολύει
1749 1988 1923 2045 Πιλά-

2026 1993 2259 2059 ποίηόθ
2282 1991 2468 2072 partis
2488 1989 2651 2051 illius
2673 1998 2867 2054 erunt.
2895 1994 3037 2053 Cum
3075 1995 3233 2057 enim
3270 2007 3331 2059 et
3368 1998 3481 2077 ipsi
3514 2020 3658 2061 con-

268 2104 385 2156 τος,
417 2084 508 2139 καὶ
536 2083 705 2162 τρίτον
738 2082 934 2139 ἐκεῖνοι
966 2083 1132 2160 βοῶσι
1154 2084 1290 2139 κατὰ
1312 2084 1556 2157 Χριστοῦ,
1589 2081 1682 2137 ἵνα
1711 2080 1923 2143 πάντως

2026 2078 3659 2160 raRomanosinsurrexerint,innumerabiliumcaedium

270 2169 357 2227 διὰ
384 2180 476 2230 τυῦ
503 2173 675 2249 τρίτου
733 2172 913 2229 τούτου
944 2169 1275 2248 βεϐαιώσωσι
1331 2172 1431 2240 τὴν
1474 2171 1669 2229 οἰκείαν
1698 2190 1925 2250 μιαιφο-

2026 2189 2248 2254 tuaque
2278 2167 2631 2259 perditionis
2659 2176 2931 2259 auctores
2963 2181 3163 2235 erunt.
3192 2172 3329 2236 Hac
3350 2187 3545 2259 autem
3561 2197 3665 2259 per

274 2262 387 2317 νίαν
423 2277 436 2290 ⁸
470 2265 557 2318 καὶ
599 2263 690 2318 τὸν
720 2263 817 2338 μὲν
876 2262 1027 2339 ἅγιον
1069 2264 1157 2318 καὶ
1200 2260 1399 2318 δίκαιον
1453 2262 1770 2339 ἠρνήσαντο.
1819 2281 1923 2315 κα-

2026 2262 2320 2324 leremiam
2364 2256 2631 2338 praedicit
2674 2256 2981 2334 Dominus,
3020 2285 3048 2315 α
3082 2261 3386 2344 Dereliqui
3417 2256 3661 2328 dbmum

278 2353 383 2416 θὼς
441 2374 601 2431 φησιν
660 2356 687 2409 6
747 2354 1005 2430 μακάριος
1053 2353 1247 2431 Πέτρος
1281 2369 1295 2381 ⁸
1356 2353 1627 2427 ᾐτήσαντο
1669 2348 1722 2404 δὲ
1767 2346 1924 2427 ἄνδρα

277 2442 440 2520 φονέα
496 2445 816 2522 χαρισθῆναι
860 2443 1064 2506 αὐτοῖς.
1101 2443 1171 2499 Τὸ
1225 2442 1325 2520 γὰρ
1382 2439 1568 2515 ὅμοιον
1625 2439 1869 2517 ἀγαπῶσι
1905 2452 1919 2466 ⁸

276 2531 357 2589 διὸ
426 2535 510 2589 καὶ
571 2538 669 2599 τῆς
727 2530 931 2607 μερίδος
990 2534 1146 2589 αὑτοῦ
1214 2531 1469 2609 γίνονται,
1549 2528 1923 2590 στασιάσαντες

278 2626 366 2682 καὶ
421 2626 567 2681 αὖτοὶ
623 2625 759 2680 κατᾶ
818 2614 1100 2699 Ῥωμαίον,
1161 2624 1248 2678 καὶ
1301 2621 1473 2702 φόνων
1516 2622 1714 2700 μυρίων
1757 2616 1923 2676 αἴτιοι

278 2714 553 2793 γενόμενοι
636 2714 721 2770 καθ
807 2717 905 2778 τῆς
984 2712 1182 2767 ἑαυτῶν
1245 2708 1536 2773 ἀπωλείας,
1618 2716 1789 2766 Ταῦτα
1873 2705 1926 2763 δὲ

282 2803 527 2881 προλέγει
571 2805 658 2860 καὶ
701 2799 769 2857 δι’
828 2793 1076 2879 Ἱερεμίου
1144 2802 1172 2857 6
1219 2800 1404 2879 Κύριος
1447 2819 1459 2831 ·
1513 2823 1540 2853 α
1596 2796 1928 2876 Ἐγκαταλέ-

282 2893 444 2950 λοιπα
499 2894 589 2948 τὸν
641 2892 794 2947 οἶκόν
851 2913 975 2965 μου,
1033 2890 1210 2969 ἂφῆκα
1264 2891 1362 2957 τὴν
1403 2887 1757 2966 κληρονομίαν
1802 2909 1923 2965 μου,

284 2984 485 3039 δέδωκα
528 2984 628 3050 τὴν
683 2979 1041 3059 κληρονομίαν
1101 3000 1202 3056 μου
1286 2980 1357 3041 εἰς
1442 2992 1639 3058 χεῖρας
1698 2978 1924 3056 ἐχθρῶν,

285 3073 576 3152 Ἐγεννήθη
655 3074 689 3140 ἡ
776 3068 1103 3148 κληρονομία
1189 3091 1289 3142 μοι)
1348 3069 1490 3147 ἐμοὶ,
1542 3070 1615 3131 ὡς
1672 3067 1808 3123 λέων
1878 3065 1934 3122 ἐν

2010 2347 2454 2427 meam,reliqui
2481 2347 2889 2407 haereditatem
2922 2368 3113 2410 meam
3136 2352 3217 2415 39.
3244 2353 3391 2415 Dedi
3418 2356 3664 2418 haeredi-

2012 2448 2191 2503 tatem
2228 2455 2414 2498 meam
2444 2437 2502 2496 in
2542 2454 2751 2505 manus
2782 2436 3158 2507 inimicorum
3188 2462 3201 2504 :
3228 2442 3378 2505 facta
3412 2454 3501 2506 est
3539 2446 3664 2507 ba-

2009 2529 2230 2591 reditas
2258 2546 2391 2588 mea
2421 2525 2735 2586 mihisicut
2758 2524 2852 2587 leo
2886 2530 2944 2586 in
2982 2528 3147 2593 silva:
3178 2532 3343 2599 dedit
3370 2551 3553 2613 super
3574 2555 3669 2597 me

2015 2636 2219 2681 vocem
2243 2633 2428 2685 suam:
2441 2621 2758 2695 propterea
2787 2615 2887 2676 odi
2919 2620 3191 2681 eam.»Et
3212 2621 3427 2686 iterum
3460 2622 3665 2688 Oseas:

2022 2734 2048 2764 α
2080 2709 2185 2768 Vae
2214 2706 2300 2767 eis
2332 2705 2468 2786 quia
2489 2704 2835 2795 resilieru_nt
2868 2723 2901 2766 a
2931 2725 3026 2768 me
3056 2729 3070 2769 :
3107 2711 3304 2773 miseri
3336 2721 3494 2788 sunt,
3528 2716 3669 2795 quia

2014 2795 2201 2878 impie
2223 2802 2471 2875 egerunt
2502 2793 2560 2854 in
2594 2812 2712 2855 me.
2745 2793 2865 2872 Ego
2898 2806 3097 2859 autem
3148 2800 3362 2862 redimi
3397 2821 3522 2879 eos,
3546 2793 3665 2885 ipsi

2014 2904 2154 2949 vero
2183 2884 2364 2947 locuti
2396 2892 2532 2944 sunt
2557 2888 2766 2945 contra
2794 2902 2889 2945 me
2913 2888 3225 2949 mendacia
3252 2907 3266 2952 :
3290 2900 3351 2952 et
3372 2884 3667 2956 cadentia

2015 2993 2119 3036 ore
2149 2973 2331 3054 gladii
2364 2972 2665 3053 principes
2706 2990 2937 3047 eorum,
2997 2986 3238 3057 propter
3265 2979 3665 3060 insipientiam

2016 3063 2239 3141 linguae
2271 3061 2860 3124 eorumw.»Ducitur
2888 3063 3068 3142 igitur
3095 3068 3288 3149 .lesus,
3322 3078 3378 3131 et
3412 3072 3667 3149 primum

285 3162 483 3243 δρυμῷ,
530 3160 724 3218 ἔδωκεν
768 3158 850 3217 ἐπ’
902 3159 993 3236 ἐμὲ
1037 3160 1137 3227 τὴν
1180 3159 1360 3239 φωνὴν
1394 3162 1556 3224 αὐτῆς
1592 3173 1605 3188 ⁸
1664 3155 1747 3213 διὰ
1777 3158 1932 3212 τοῦτο

2026 3152 2259 3235 quidem
2288 3152 2702 3232 imposuerunt
2732 3154 2788 3212 ei
2817 3165 3151 3234 crucem,et
3184 3156 3670 3237 bajulansexivit.

286 3254 513 3329 ἐμίσησα
574 3253 732 3322 αὑτήν
769 3270 785 3286 ·

284 3342 364 3400 ὅτι
395 3339 748 3412 ἆπεπήδησαν
806 3337 899 3395 ἀπ’
959 3338 1090 3413 ἐμοῦ
1128 3357 1139 3370 ·
1183 3336 1399 3394 δείλαιοί
1429 3339 1583 3411 εἰσιν,
1617 3334 1698 3393 ὅτι
1728 3333 1933 3403 ἠσέϐη-

282 3457 378 3490 σαν
422 3434 495 3495 εἷς
567 3430 685 3493 ἐμὲ.
751 3430 894 3507 Ἐγὼ
949 3428 1330 3509 ἒλυτρωσάμην
1390 3427 1598 3497 αὐτοὺς,
1666 3428 1808 3482 αὐτοὶ
1878 3424 1934 3482 δὲ

284 3520 655 3588 κατελάλησαν
739 3517 855 3575 κατ’
941 3518 1070 3595 ἐμοῦ
1145 3515 1337 3593 ψευδῆ,
1409 3518 1495 3573 καὶ
1550 3522 1831 3573 πεσοῦνται
1881 3516 1934 3572 ἐν

286 3610 512 3685 στόματι
570 3609 827 3689 ῥομφαίας
884 3610 930 3663 οἱ
1001 3606 1256 3687 ἄρχοντες
1312 3610 1485 3665 αὐτῶν
1555 3603 1622 3661 δι’
1680 3603 1935 3662 ἂπαιδευ-

288 3703 402 3757 σίαν
433 3698 677 3777 γλώττης
710 3697 904 3760 αὒτῶν,
959 3721 982 3751 ιι
1033 3697 1275 3775 ’¹Αγεται
1307 3695 1475 3752 τοίνυν
1508 3698 1535 3752 6
1580 3692 1813 3772 Ἰησοῦς,
1849 3697 1937 3752 καὶ

290 3792 498 3869 πρῶτον
556 3789 652 3861 μὲν
708 3785 970 3853 ἐπέθηκαν
1014 3789 1157 3859 αὐτῷ
1218 3788 1309 3842 τὸν
1380 3787 1625 3865 σταυρὸν,
1674 3786 1762 3841 καὶ
1831 3786 1937 3862 βα-

289 3879 491 3950 στάζων
591 3874 826 3944 ἐξῆλθεν.
910 3874 1039 3935 Οὐδέ
1137 3877 1236 3954 γὰρ
1304 3872 1627 3954 κατεδέχετό
1682 3896 1763 3937 τις
1833 3880 1939 3930 τῶν

286 3968 463 4026 ἄλλων
518 3966 777 4043 βαστάσαι
822 3967 1002 4039 αὐτὸν,
1049 3964 1161 4021 ἐπεὶ
1208 3964 1296 4021 καὶ
1338 3965 1399 4019 τὸ
1457 3962 1608 4029 ξύλον
1683 3963 1942 4020 ἐπικατά-

288 4081 445 4137 ρατςον
489 4057 675 4137 εἶχον,
738 4056 876 4113 Εἶτα
919 4055 1155 4133 εὑρόντες
1201 4053 1419 4131 Σίμωνά
1466 4076 1585 4110 τινα
1619 4063 1944 4133 Κυρηναῖον,

838 3272 862 3308 υ
900 3251 985 3306 καὶ
1028 3248 1187 3307 πάλιν
1232 3246 1425 3326 Ὠσηὲ,
1465 3271 1493 3302 α
1542 3248 1668 3304 Οῦαὶ
1722 3248 1925 3320 αὐτοῖς,

2026 3243 2204 3306 Nemo
2230 3241 2386 3303 enim
2411 3240 2553 3300 484
2572 3240 2723 3330 alius
2754 3259 2884 3304 eam
2915 3244 3220 3324 suscipere
3251 3248 3500 3329 volebat,
3536 3250 3674 3330 quia

2020 3330 2319 3393 habebant
2360 3339 2421 3389 ut
2453 3329 2831 3390 maledictum
2868 3331 3116 3410 lignum.
3170 3336 3399 3401 Deinde
3434 3329 3671 3401 invento

2020 3422 2275 3501 quodam
2309 3417 2555 3481 Simone
2585 3418 3309 3501 Cyrenaeo,imposuerunt
3337 3426 3391 3486 vi
3419 3428 3670 3507 quadam

2024 3511 2079 3572 ei
2110 3510 2294 3582 iilam,
2321 3528 2493 3589 quam
2549 3509 2976 3570 aversabantur
3024 3511 3147 3573 alii.
3181 3511 3525 3577 Insinuatur
3556 3536 3674 3579 non

2024 3619 2200 3680 parva
2226 3597 2549 3659 admonitio
2575 3597 2687 3659 hoc
2710 3596 3028 3662 loco.Crux
3058 3602 3213 3662 enim
3243 3613 3332 3665 est
3359 3606 3677 3668 mortiﬁca-

2026 3690 2106 3749 lio
2139 3688 2546 3763 adfectionum,
2572 3686 2650 3747 ita
2672 3696 2733 3748 ut
2768 3689 2987 3750 moveri
3013 3702 3307 3771 nequeant
3329 3704 3384 3755 et
3416 3698 3674 3776 operari.

2021 3777 2165 3839 Nam
2199 3777 2299 3855 qui
2322 3776 2893 3855 cruciﬁgitur,clavis
2912 3778 3215 3857 afﬂigitur,
3238 3789 3299 3845 et
3321 3785 3555 3864 operari
3574 3806 3679 3847 ne-

2023 3867 2169 3949 quit.
2194 3864 2365 3928 Unde
2397 3865 2604 3927 doctor
2630 3867 2957 3927 secundum
2982 3869 3278 3931 Christum
3312 3871 3489 3934 debet
3516 3874 3681 3955 prior

2027 3959 2155 4037 ipse
2186 3974 2425 4016 crucem
2452 3955 2751 4035 tollere,et
2780 3975 2992 4018 carnes
3015 3977 3152 4019 suas
3172 3960 3385 4023 timore
3415 3963 3521 4033 Dei
3542 3983 3682 4026 con-

2031 4048 2235 4124 ﬁgere,
2257 4053 2313 4105 et
2338 4044 2751 4106 affectionibus
2783 4064 2991 4107 carens
3020 4048 3262 4127 fulgere.
3298 4052 3518 4114 deinde
3549 4072 3678 4115 eam

287 4132 552 4214 hnéenxzv
632 4145 801 4217 τούτῳ
883 4145 974 4199 τὸν
1058 4145 1305 4223 σταυρὸν,
1378 4142 1799 4221 ἀγγαρεύσαντες
1858 4144 1936 4210 τὸἼ

2034 4135 2209 4196 etiam
2244 4132 2613 4195 auditoribus
2643 4135 3189 4214 imponere.Simon
3222 4140 3380 4202 enim
3411 4141 3687 4205 obedien-

290 4237 583 4311 ἄνθρωπον,
665 4235 753 4289 καὶ
839 4232 960 4289 οἶόν
1045 4255 1163 4289 τινα
1235 4233 1490 4311 ἰεπήρειαν
1568 4233 1713 4306 αὒτῷ
1766 4238 1936 4289 τοῦτοη

2035 4227 2119 4289 tia
2145 4224 2882 4304 interpretatur.lmpletur
2904 4234 3100 4287 autem
3137 4237 3192 4289 et
3222 4230 3335 4291 hoc
3355 4230 3485 4293 loco
3519 4234 3686 4293 Isaiae

287 4324 552 4386 ἒπιθέντες
615 4325 706 4379 τὸν
789 4323 932 4402 παρὰ
989 4336 1107 4387 τοῖς
1165 4321 1346 4387 ἄλλοις
1406 4322 1936 4401 ἆποτροτιιαζόμενον.

2035 4316 2286 4392 dictum,
2348 4342 2399 4402 ui
2428 4312 2611 4393 Cujus
2689 4314 3055 4396 principatus
3116 4336 3295 4398 super
3366 4321 3685 4385 humerum

294 4413 580 4470 Αἰνίττεται
624 4409 676 4468 δὲ
734 4418 890 4469 τοῦτο
934 4411 994 4468 οὒ
1051 4414 1238 4490 μικρὸν
1314 4409 1637 4485 νουθέτημα.
1712 4414 1936 4491 Σταυρὸι

2039 4407 2169 4484 ejus
2196 4400 2271 4464 3‘.
2310 4426 2336 4458 ιο
2372 4401 2750 4484 Principatus
2768 4405 2923 4491 enim
2944 4404 3181 4468 Domini
3205 4417 3523 4487 etregnum
3541 4429 3687 4474 crux

289 4505 386 4582 μὲν
430 4503 530 4583 γάρ
573 4502 715 4558 ἔστιν
757 4504 792 4570 ἡ
853 4501 1105 4580 νέκρωσις
1163 4503 1251 4559 καὶ
1296 4500 1645 4580 ὰνενεργησία
1688 4499 1792 4556 τῶν
1837 4490 1936 4557 πα-

2040 4490 2306 4555 est.Dicit
2336 4491 2493 4551 enim
2534 4490 3157 4572 l’aulus,¢Humiliavit
3184 4500 3569 4578 semetipsum
3590 4517 3684 4563 us-

286 4600 390 4653 θῶν
419 4582 514 4650 καί
572 4591 824 4659 ἀκινησία
856 4608 871 4624 ⁸
936 4594 964 4648 6
1026 4593 1126 4671 γὰρ
1185 4592 1570 4671 σταυρούμενος
1618 4589 1936 4657 καθηλοῦται

2028 4602 2143 4665 que
2169 4582 2239 4642 ad
2262 4589 2538 4654 mortem,
2575 4591 2825 4642 mortem
2850 4591 3044 4644 autem
3074 4586 3432 4655 erucis.ideo
3451 4597 3508 4651 et
3530 4591 3685 4653 Deus

284 4687 374 4743 καὶ
431 4683 717 4761 ἀπρακτεῖ.
779 4672 835 4738 Ὀ
891 4681 1062 4737 τοίνυν
1143 4682 1280 4745 κατὰ
1339 4680 1565 4759 Χριστὸν
1628 4677 1946 4744 διδάσκαλος

287 4772 485 4856 ὀφείλει
560 4770 772 4848 πρῶτον
855 4770 1011 4835 αὐτὸς
1095 4771 1186 4826 τὸν
1276 4770 1501 4848 σταυρὸν
1588 4768 1785 4847 αἴρειν,
1861 4780 1950 4836 καὶ

284 4861 551 4930 καθηλοῦν
607 4861 701 4925 τὰς
746 4858 942 4939 σοίρκας
989 4860 1147 4919 αὐτοῦ
1193 4863 1271 4935 τῷ
1299 4859 1447 4942 φόϐῳ
1499 4865 1593 4915 τοῦ
1655 4866 1810 4932 Θεοῦ,
1861 4867 1950 4921 καὶ

286 4962 360 5032 τῇ
460 4950 679 5022 ἂπαθείᾳ
746 4948 1163 5027 λαμπρύνεσθαι,
1248 4948 1353 5007 εἶθ’
1438 4946 1575 5006 οὕτω
1668 4951 1755 5010 καὶ
1834 4962 1950 5012 τοῖς

287 5040 546 5110 ὑπηκόοις
628 5047 811 5097 τοῦτον
893 5038 1180 5095 ἐπιτιθέναι
1214 5057 1229 5073 ⁸
1309 5038 1490 5115 Σίμων
1565 5039 1665 5116 γὰρ
1740 5038 1950 5106 ὑπακοὴ

288 5130 662 5211 ἑρμηνεύεται,
696 5128 996 5209 Πληροῦται
1026 5127 1083 5194 δὲ
1113 5128 1375 5187 κάνταῦθα
1404 5131 1465 5185 τὸ
1516 5136 1610 5185 τοῦ
1669 5118 1896 5184 Ἠσαίου
1930 5143 1942 5156 ⁸

294 5246 318 5281 ι
356 5224 429 5282 Οὗ
456 5220 493 5288 ἠ
525 5219 673 5300 ἀρχὴ
717 5219 803 5276 ἐπὶ
844 5228 935 5277 τοῦ
976 5218 1126 5294 ὤμου
1170 5221 1328 5276 αὺτοῦ
1363 5238 1375 5250 ⁸
1419 5243 1442 5276 ι
1511 5218 1659 5299 ἀρχὴ
1705 5219 1805 5297 γὰρ
1856 5216 1949 5275 τοῦ

292 5312 480 5393 Κυρίου
510 5310 599 5367 καὶ
627 5307 894 5387 βασιλεία,
928 5310 955 5365 6
1010 5309 1256 5388 σταυρός.
1316 5310 1457 5377 Φησὶ
1499 5309 1601 5389 γὰρ
1631 5310 1657 5365 ὁ
1690 5305 1894 5372 Παῦλος
1930 5322 1943 5337 ⁸

2032 4670 2293 4736 exalivit
2316 4670 2568 4745 illum52,
2584 4694 2606 4727 ›
2637 4675 2828 4739 etc.At
2852 4671 3026 4751 igitur
3048 4675 3185 4754 quia
3208 4694 3349 4738 crux
3375 4677 3482 4738 fuit
3500 4678 3685 4741 subli-

2033 4760 2205 4823 mitas
2219 4767 2277 4821 et
2305 4758 2495 4837 gloria
2518 4758 2904 4833 Jesu,merito
2926 4762 3287 4843 principatus
3300 4766 3681 4845 ejusdicitur,

2031 4870 2135 4912 seu
2159 4850 2437 4938 princeps
2463 4848 2592 4928 ejus
2617 4849 2896 4928 dignitas,
2925 4859 2981 4912 et
3010 4852 3342 4931 symbolum
3380 4856 3685 4938 principa-

2031 4949 2125 5001 tus
2146 4937 2256 5020 (α).
2290 4937 2456 5000 Sicut
2486 4938 2647 5000 enim
2688 4938 2954 5018 symbela
3000 4940 3349 5020 dignitatum
3381 4937 3687 5013 senatores

2034 5029 2275 5102 habent,
2306 5046 2485 5099 zonas
2514 5027 2637 5097 alii,
2680 5030 2782 5090 alii
2815 5030 3174 5109 palliumLSic
3209 5034 3383 5095 etiam
3417 5036 3687 5109 Christus

2034 5138 2272 5183 crucem
2296 5117 2481 5178 ciiicit
2510 5117 2678 5197 regni
2700 5119 3239 5199 suisymbolumlit
3255 5122 3307 5184 si
3324 5123 3479 5186 bene
3499 5126 3690 5189 anim-

2033 5208 2381 5288 adverteris,
2418 5207 2685 5268 invenies
2715 5227 2833 5269 non
2866 5209 3041 5270 aliter
3100 5230 3352 5291 regnare
3404 5215 3464 5275 in
3514 5215 3690 5285 nobis

2035 5295 2387 5375 Jesum,nisi
2423 5315 2524 5377 per
2549 5296 2937 5359 afﬂictionem
2963 5318 2978 5359 :
3015 5299 3214 5381 itaque
3245 5304 3323 5364 ita
3345 5302 3521 5384 quiin
3543 5306 3694 5375 deli-

364 5468 467 5533 9⁸⁸1
494 5468 643 5557 Reg.
678 5485 802 5534 XIV.
887 5466 943 5511 ³⁸
966 5468 1097 5533 Act.
1132 5487 1216 5535 nl.
1299 5467 1355 5513 ³9
1381 5470 1506 5532 Jer.
1532 5485 1642 5542 xu,
1668 5469 1731 5533 7.
1816 5463 1873 5527 ἕο
1902 5465 1936 5531 C

2026 5483 2059 5527 e
2091 5479 2192 5538 vu,
2248 5462 2450 5525 l3-16.
2535 5459 2585 5503 εί
2635 5459 2749 5521 Isa.
2797 5476 2876 5533 lx,
2911 5461 2971 5523 6.
3056 5458 3401 5544 33Philipp.
3434 5482 3498 5545 ιι,
3533 5468 3597 5549 8,
3626 5469 3689 5531 9.

379 5631 468 5712 (α)
500 5629 662 5695 Edit.
687 5630 1029 5696 Lut.omisit
1059 5630 1124 5693 in
1145 5636 1332 5705 textu,
1364 5629 1655 5711 ἀνέκραξαν
1685 5628 1763 5705 δὲ,
1797 5628 1952 5711 ⁸ρηετῖ,

296 5713 609 5790 παμπληθιὶ
638 5712 883 5793 λέγοντες
918 5729 934 5744 ⁸
968 5713 1102 5791 Λῐρι
1133 5719 1342 5771 τοῦτον.

663 5819 927 5883 Ρλτειοι..
974 5818 1089 5882 Gn.
1138 5816 1410 5880 CXXIII.

2122 5622 2308 5766 (a)tln
2332 5622 2478 5686 edit.
2510 5622 2635 5683 Lut.
2673 5618 3110 5711 desiderantur,
3140 5642 3273 5704 quae
3302 5628 3692 5723 maxime”-

2122 5722 2205 5768 un
2234 5721 2325 5768 ur.

2037 5722 2325 5788 quuntur.

3270 5814 3371 5882 35.
