4184 6402
473 348 625 419 1099

473 577 601 639 ﬁeri
633 575 906 638 subditus
930 574 1173 655 Christi,
1209 582 1268 637 et
1294 573 1503 635 tollere
1533 590 1769 634 crucem
1818 589 2009 644 suam,
2036 572 2134 650 qui

470 665 702 727 virtutis
733 664 1045 746 operarius
1078 674 1168 727 est
1202 685 1214 726 :
1250 663 1351 744 qui
1383 663 1542 723 venit
1569 680 1603 722 a
1634 661 1770 722 villa
1789 660 2136 740 relinquens

474 755 785 828 mundum,
817 763 877 815 et
900 772 971 816 ea
990 773 1122 834 quae
1139 753 1352 815 suntin
1374 751 1685 831 mundo,et
1704 749 1775 811 ad
1803 749 2136 813 Jerusalem

471 843 632 906 illam
665 860 984 923 supernam
1020 851 1078 903 et
1101 841 1349 904 liberam
1378 839 1566 904 tendit
1594 842 1779 900 Porro
1799 838 1955 918 quod
1974 838 2138 902 Chri-

472 938 626 994 stum
662 931 978 993 multitudo
1010 931 1215 1012 populi
1247 941 1305 993 et
1338 928 1654 990 mulierum
1676 929 1970 1008 sequitur,
1988 928 2136 989 insi-

471 1033 614 1084 nuat
645 1021 800 1103 quod
837 1039 1046 1100 magna
1082 1019 1396 1082 multitudo
1425 1017 1769 1080 Iudaeorum
1803 1017 1982 1078 etiam
2006 1029 2138 1098 post

472 1129 711 1175 crucem
736 1110 946 1172 credet
968 1111 1028 1170 in
1062 1106 1364 1172 Christum
1402 1108 1539 1187 (hoc
1570 1107 1727 1168 enim
1764 1115 1852 1166 est
1882 1107 2138 1185 sequi)et

472 1201 758 1263 mulieres
777 1198 1167 1278 multm.Lege
1200 1207 1332 1259 acta
1364 1196 1797 1277 apostolorum,
1830 1203 1889 1255 et
1911 1194 2137 1256 videbis

473 1292 789 1351 innumera
821 1289 1006 1350 millia
1035 1287 1406 1348 credentium
1443 1285 1528 1347 33.
1563 1283 1715 1356 Quid
1747 1292 1943 1345 autem
1967 1285 2014 1345 si
2037 1284 2135 1345 lu-

471 1397 613 1460 gere
635 1387 692 1441 et
711 1379 946 1459 plorare
965 1377 1247 1440 mulieres
1268 1377 1471 1438 Jesum
1495 1373 2133 1453 sequentes,moralem

474 1488 718 1531 sensum
756 1486 958 1530 secum
988 1466 1222 1527 alferat‘.’
1242 1466 1348 1527 Est
1371 1463 1529 1526 enim
1566 1463 1782 1523 mulier
1813 1462 2010 1523 anima
2036 1463 2134 1524 in-

476 1561 666 1632 ﬁrma,
697 1575 829 1638 quae
858 1556 908 1616 si
941 1555 1364 1618 contritionem
1420 1552 1619 1614 cordis
1664 1551 1997 1632 suscipiens
2029 1570 2136 1632 per

477 1648 909 1730 paenitentiam,
944 1645 1103 1724 luget
1144 1653 1202 1706 et
1246 1645 1458 1722 plorat,
1492 1659 1699 1704 revera
1731 1640 2001 1721 sequitur
2030 1643 2132 1704 Je-

1441 339 2042 412 THEOPHYLACTI
2089 336 2500 448 BULGARLE
2554 332 2914 408 ARCHIEP.

470 488 580 551 ciis
611 489 840 564 vivunt,
865 486 1098 549 inimici
1129 494 1266 549 sunt
1294 483 1538 547 Christi.
1574 482 1682 544 Ille
1711 491 1905 544 autem
1942 487 2135 561 potest
2157 488 2196 535 Α

3723 338 3880 405 1100

2304 502 2332 532 ι
2368 478 2752 536 Ἐταπείνωσεν
2792 481 2978 539 ὶαυτὸν
3033 479 3199 558 μέχρι
3252 477 3498 555 θανάτου,
3553 476 3774 533 Θανάτου
3820 475 3875 531 δὲ

2217 591 2465 644 σταυρου,
2529 571 2622 625 Διὸ
2671 574 2759 626 καί
2822 572 2849 625 6
2920 571 3048 632 Θεὸς
3109 570 3279 625 αὐτῶν
3343 569 3675 645 ύπερύψωσε,
3715 589 3738 622 ι
3787 571 3876 621 καὶ

2216 659 2283 716 τὰ
2339 658 2482 725 ἑξῆς.
2557 657 2706 716 Ἐπεὶ
2785 659 2876 716 οὗν
2944 659 2972 714 ὀ
3050 658 3272 735 σταυρὸς
3343 655 3477 731 ὕψος
3539 656 3722 734 γέγονε
3797 661 3877 729 τῷ

2220 745 2396 815 Ἰησοῦ
2466 750 2554 806 καὶ
2640 746 2786 824 δόξα,
2880 747 3096 810 εἰκότως
3192 747 3338 826 ἀρχὴ
3407 749 3564 804 αὐτοῦ
3637 744 3874 826 λέγεται,

2222 836 2339 904 ἤτοι
2388 837 2615 917 ἀρχικὸν
2673 837 2876 912 ἀξίωμα
2929 839 3015 892 καὶ
3059 825 3323 912 σύμϐολον
3382 840 3481 901 τῆς
3526 834 3726 914 ἀρχῆς.
3779 825 3872 896 Ὠς

2222 927 2322 1005 γὰρ
2378 930 2425 982 οἱ
2482 927 2828 1005 συγκλητικοῖ
2875 926 3058 1008 ἔχουσι
3112 923 3353 1001 σύμϐολα
3397 930 3503 980 τῶν
3535 923 3873 1004 ἀξιωμάτων,

2251 1019 2265 1038 τ
2384 1016 2400 1034 λ
2549 1018 2561 1038 Ι
2782 1020 2793 1036 ο
2862 1015 2906 1035 ΝΚ
3137 1016 3149 1034 Ι
3349 1013 3372 1033 Η
3572 1016 3584 1032 \
3748 1014 3761 1035 Ι

2222 1038 2266 1071 οι
2340 1039 2439 1091 μεν
2497 1025 2689 1089 ζωνας,
2751 1037 2798 1072 οι
2858 1035 2912 1071 οε
2987 1013 3217 1092 μανδυας
3256 1033 3270 1050 ⁸
3319 1036 3456 1070 ουτω
3499 1036 3588 1069 και
3632 1017 3659 1069 ὁ
3692 1024 3875 1091 Κυριος

2218 1107 2310 1161 τὸν
2367 1108 2589 1184 σταυρὸν
2650 1112 2748 1173 τῆς
2801 1109 2994 1169 οἰκείας
3052 1106 3324 1180 βασιλείας
3383 1101 3647 1178 σύμϐολον
3694 1117 3871 1159 ποιεῖ-

2218 1218 2334 1256 ται.
2397 1198 2495 1254 Καὶ
2555 1199 2833 1266 σκοπήσας
2885 1198 3151 1274 εὑρήσεις,
3199 1194 3278 1251 ὅτι
3312 1193 3487 1258 ἄλλως
3518 1198 3577 1252 οὗ
3607 1193 3875 1269 βασιλεύει

2218 1290 2272 1341 'av
2325 1287 2461 1361 ἡμῖν
2515 1289 2542 1342 6
2607 1287 2835 1360 Ἰησοῦς,
2897 1288 2939 1342 εἰ
2999 1288 3076 1353 μὴ
3109 1283 3192 1341 διὰ
3223 1285 3604 1347 κακοπάθειαν,
3633 1276 3722 1346 Ὠς
3752 1284 3875 1361 οἵγε

2216 1382 2535 1456 τρυφῶντες,
2597 1378 2777 1455 ἐχθροὶ
2820 1386 2914 1435 τοῦ
2959 1383 3182 1455 σταυροῦ
3216 1395 3232 1410 ⁶
3292 1375 3497 1436 ἐκεῖνος
3548 1371 3601 1429 δὲ
3660 1372 3875 1430 δύναται

2218 1468 2451 1535 ὑπήκοος
2524 1467 2761 1544 γενέσθαι
2840 1466 3086 1545 Χριστοῦ,
3146 1466 3234 1520 καὶ
3313 1465 3431 1542 ἆραι
3501 1466 3592 1519 τὸν
3650 1467 3872 1540 σταυρὸν

2220 1555 2400 1628 αὐτοῦ,
2463 1558 2489 1611 ὁ
2545 1559 2644 1622 τῆς
2706 1555 2896 1634 ἀρετῆς
2978 1555 3233 1634 ἐργάτης.
3298 1545 3354 1612 Ὀ
3411 1554 3706 1633 ἒρχόμενος
3777 1553 3872 1608 ἀπ’

2219 1641 2401 1722 ἀγροῦ,
2456 1646 2484 1700 6
2541 1646 2633 1699 τὸν
2691 1645 2890 1719 κόσμον
2952 1651 3131 1699 τοῦτον
3192 1644 3353 1723 ἀγρὸν
3416 1642 3540 1699 ὄντα
3601 1639 3873 1717 καταλιμ-

474 1723 608 1800 sum
640 1737 738 1818 qui
771 1723 1135 1814 cruciﬁgitur
1165 1741 1222 1795 at
1251 1732 1532 1812 afﬂigitur
1585 1740 1832 1812 propter
1862 1746 2129 1792 nos:ram

2225 1735 2420 1807 πάνων,
2453 1735 2541 1789 καὶ
2594 1735 2660 1790 τὰ
2716 1734 2770 1789 ἐν
2831 1734 2973 1808 αὒτῷ
3016 1733 3164 1810 ἔργα,
3227 1734 3320 1788 καὶ
3357 1733 3487 1812 πρὸς
3511 1726 3619 1797 ¹τὴν
3674 1723 3871 1811 ’ἱερου-

475 1827 750 1889 salutem.
2149 1822 2397 1897 Βσαλὴμ
2452 1823 2550 1890 τὴν
2608 1823 2718 1879 ἄνω
2773 1825 2872 1890 τὴν
2931 1822 3200 1901 ἐλευθέραν
3259 1823 3485 1898 ἱέμενος.
3557 1819 3722 1878 Ἀλλὰ
3780 1821 3872 1877 καὶ

473 1918 549 1991 τῷ
574 1914 882 1972 ἀκολουθεῖν
917 1921 993 1989 τῷ
1023 1921 1229 1991 Χριστῷ
1261 1912 1464 1980 πλῆθος
1496 1910 1627 1969 λαοῦ
1658 1911 1745 1967 καὶ
1777 1911 2063 1989 γυναικῶν,
2088 1912 2369 1967 αἰνίττεται
2392 1911 2471 1967 ὅτι
2495 1911 2632 1968 πολὺ
2662 1912 2864 1979 πλῆθος
2899 1919 3005 1969 τῶν
3043 1909 3305 1970 Ἰουδαίων
3338 1913 3472 1986 μετὰ
3502 1911 3592 1966 τὸν
3622 1912 3869 1987 σταυρόν·

470 2013 623 2062 τοῦτο
641 2007 741 2084 γὰρ
769 2008 830 2060 16
860 2004 1171 2060 ἀκολουθεῖν
1207 2021 1220 2036 ⁸
1254 2003 1625 2059 πιστεύσουσιν
1676 2002 1748 2064 εἰς
1801 2002 1982 2080 αῦτοθ,
2014 2003 2104 2057 καὶ
2133 2015 2386 2079 γυναῖκες
2442 2000 2496 2058 δὲ
2527 2002 2746 2066 πολλαί,
2785 2005 2881 2062 Καὶ
2911 2003 3174 2080 ἀνάγνωθι
3211 2003 3303 2065 τὰς
3335 2000 3576 2080 Πραξεις,
3609 2004 3696 2056 καὶ
3738 1999 3870 2076 ὄψει

475 2093 728 2175 μυριάδας
758 2101 865 2150 τῶν
893 2095 1271 2155 πιστευόντων,
1319 2093 1540 2161 Μήποτε
1573 2089 1626 2146 δὲ
1657 2091 1745 2146 καὶ
1775 2091 1836 2146 τὸ
1865 2094 2078 2168 θρηνεῖν
2108 2093 2196 2147 καὶ
2225 2091 2512 2149 κόπτεσθαι
2553 2094 2648 2158 τὰς
2692 2092 3076 2156 ἆκολουθούσας
3111 2105 3360 2170 γυναῖκες
3392 2098 3469 2165 τῷ
3499 2090 3697 2163 Ἰησοῦ,
3731 2111 3873 2165 συμ-

475 2183 719 2260 ϐαλεῖταλ⁵
749 2186 888 2259 ἡμῖν
920 2185 993 2244 εἰς
1015 2185 1154 2249 ’ἦθος
1193 2202 1209 2256 ;
1241 2179 1415 2239 ’Ἔστι
1447 2180 1544 2256 μέν
1574 2180 1673 2258 γὰρ
1703 2180 1858 2257 γυνὴ,
1913 2181 2066 2259 ψυχὴ
2110 2180 2337 2248 ἀσθενὴς
2383 2182 2514 2250 αὕτη
2548 2181 2602 2239 δὲ
2636 2184 2725 2240 ἐὰν
2756 2180 3037 2260 συντριϐὴν
3084 2180 3296 2257 καρδίας
3342 2180 3602 2258 δεξαμένη
3645 2177 3728 2235 διὰ
3771 2186 3871 2246 τῆς

480 2251 785 2354 μετανοίας,
833 2276 1000 2348 πενθῇ
1041 2273 1128 2327 καὶ
1159 2272 1448 2344 κόπτηται,
1495 2270 1616 2326 τότε
1651 2267 1814 2333 ὄντως
1848 2269 2129 2326 ἀκολουθεῖ
2186 2277 2263 2345 τῷ
2322 2270 2524 2348 Ἰησοῦ,
2583 2281 2659 2349 τῷ
2687 2272 3063 2350 σταυρουμένῳ
3091 2273 3179 2329 καὶ
3209 2270 3629 2352 κακουχουμένῳ
3658 2269 3741 2325 διὰ
3771 2274 3870 2338 τὴν

477 2373 631 2442 ἡμῶν
672 2363 934 2440 σωτηρίαν
946 2411 958 2424 .

553 2456 739 2514 Vens.
771 2450 990 2514 28-31.
1028 2472 1053 2508 ε
1092 2449 1425 2512 Conversus
1455 2458 1652 2511 autem
1683 2449 1756 2511 ad
1807 2447 1941 2508 illas
1959 2446 2134 2509 Jesus

2307 2478 2334 2507 ι(
2383 2454 2634 2531 Στραφεὶς
2695 2452 2750 2509 δὲ
2793 2456 2920 2533 πρὸς
2965 2454 3122 2518 αὗτὰς
3179 2455 3206 2509 6
3249 2452 3458 2519 Ἰησοῦς
3490 2453 3637 2508 εἷπε⁶
3689 2459 3866 2529 Θυγα-

476 2544 621 2608 dixit
655 2559 669 2603 :
707 2538 872 2600 Filiae
895 2536 1256 2617 Jerusalem,
1291 2539 1475 2600 nolite
1499 2540 1644 2599 ﬂere
1673 2554 1853 2616 super
1883 2555 2000 2611 me,
2025 2537 2128 2597 sed

2225 2543 2362 2622 τέρες
2444 2534 2815 2623 Ἰερουσαλὴμ,
2870 2545 2948 2619 μὴ
3005 2542 3212 2599 κλαίετε
3270 2540 3354 2598 ἐπ’
3411 2543 3534 2622 εμὲ,
3602 2540 3745 2607 πλὴν
3787 2541 3871 2620 ἐφ’

478 2651 660 2713 super
691 2628 858 2689 vobis
891 2627 1033 2708 ipsis
1052 2629 1211 2697 ﬂete,
1251 2636 1310 2688 et
1340 2647 1523 2708 super
1548 2626 1684 2688 ﬁliis
1713 2624 1946 2700 vestris,
1978 2642 2128 2705 quo-

2225 2631 2402 2695 ἑαυτὰς
2446 2631 2680 2707 κλαίετε,
2729 2635 2817 2688 καὶ
2873 2631 2958 2688 ἐπὶ
3009 2633 3073 2688 τὰ
3132 2632 3289 2688 τέκνα
3371 2633 3518 2707 ὑμῶν
3554 2646 3568 2660 ⁸
3631 2629 3713 2685 ὅτι
3763 2628 3870 2686 ἰδοὺ

481 2725 640 2786 niam
689 2736 832 2779 ecce
884 2715 1120 2777 venient
1157 2715 1287 2778 dies
1345 2717 1405 2778 in
1456 2716 1675 2798 quibus
1707 2715 1902 2777 dicet:
1937 2713 2130 2776 Beatae

2225 2721 2468 2802 ἔρχονται
2535 2723 2752 2801 ἡμέραι,
2814 2723 2867 2778 ἐν
2915 2727 3004 2788 αἷς
3054 2723 3223 2801 ἐροῦσι
3259 2739 3273 2753 ⁸
3324 2721 3588 2798 Μακάριαι
3634 2723 3684 2776 αἱ
3713 2733 3868 2776 στεῖο

477 2813 804 2881 steriles,et
822 2813 1058 2867 ventres
1086 2807 1184 2885 qui
1217 2824 1332 2866 non
1358 2813 1784 2885 genuerunt,et
1802 2803 1987 2866 ubera
2007 2822 2138 2884 quae

2225 2834 2328 2890 ραι,
2363 2813 2451 2868 καὶ
2493 2810 2686 2868 κοιλίαι
2733 2815 2788 2868 αἳ
2850 2816 2944 2872 οὒκ
2992 2813 3303 2890 ἒγέννησαν,
3355 2811 3442 2867 καὶ
3471 2811 3663 2886 μαστοὶ
3693 2812 3746 2866 οἳ
3777 2814 3871 2867 οὒκ

484 2923 600 2966 non
630 2895 1256 2966 laetaverunt54.Tunc
1275 2895 1564 2976 incipient
1583 2895 1787 2956 dicere
1809 2892 2133 2956 montibus:

2225 2900 2504 2971 ἐθήλασαν,
2553 2901 2683 2959 Τότε
2745 2900 2985 2981 ἄρξονται
3045 2900 3221 2980 λέγειν
3265 2915 3384 2965 τοῖς
3434 2901 3572 2980 ὄρεσι
3607 2917 3626 2937 ο
3676 2899 3869 2981 Πέσετε

480 2984 688 3047 Cadite
723 3003 904 3064 super
938 3003 1069 3060 nos;
1103 2993 1161 3046 et
1190 2984 1442 3046 collibus
1470 3006 1482 3047 :
1511 2984 1823 3063 Cooperite
1857 3001 1962 3044 nos
1991 2981 2139 3054 Quia

2225 2990 2303 3071 ἐφ’
2347 2993 2514 3070 ἡμᾶς,
2570 2993 2658 3047 καὶ
2699 2979 2816 3055 τοίς
2860 2992 3072 3068 βουνοῖς
3111 2979 3131 3029 ’⁷
3181 2979 3473 3067 Καλύψατε
3517 2992 3686 3066 ἡμᾶς.
3736 2979 3869 3047 ’Ὀτι

481 3075 528 3136 si
560 3075 618 3135 in
645 3075 889 3136 humido
919 3073 1077 3153 ligno
1098 3075 1225 3137 haec
1254 3073 1570 3150 faciunt,in
1602 3073 1771 3134 arida
1801 3071 1938 3152 quid
1966 3071 2128 3133 ﬁet?»

2225 3083 2262 3137 εἰ
2316 3080 2369 3137 ἐν
2441 3088 2518 3154 τῷ
2586 3080 2731 3160 ὒγρῷ
2792 3079 2928 3155 ξύλῳ
2989 3088 3154 3138 ταῦτα
3195 3087 3460 3149 ποιοῦσιν,
3509 3079 3564 3135 ἒν
3607 3085 3684 3153 τῷ
3726 3077 3872 3158 ξηρῷ

482 3165 763 3228 Mulieres
782 3162 1020 3243 quidem
1053 3164 1388 3243 (hominum
1409 3181 1601 3243 genus
1632 3171 1721 3225 est
1749 3161 1924 3223 facile
1944 3160 2130 3242 lacry-

484 3273 651 3316 utans
683 3261 742 3315 et
772 3254 1013 3333 plorans
1044 3252 1211 3334 quasi
1253 3271 1427 3332 grave
1483 3251 1764 3334 quiddam
1818 3249 2136 3313 accidisset

482 3343 757 3424 Domino)
783 3341 1040 3422 plorant,
1086 3343 1560 3423 compassionem
1596 3359 1718 3421 prie
1764 3359 1828 3402 se
1877 3340 2138 3402 ferentes

485 3451 757 3512 magnam
792 3442 852 3494 et
882 3431 1231 3510 injustitiam
1265 3430 1762 3494 lamentantes.At
1782 3430 1885 3491 ille
1903 3447 2021 3491 non
2039 3447 2137 3509 ap-

487 3521 721 3603 probat,
748 3520 852 3582 sed
879 3520 1065 3600 magis
1097 3522 1368 3598 increpat
1406 3521 1560 3582 illas.
1597 3518 1943 3582 Voluntaria
1977 3519 2135 3580 enim

484 3611 838 3692 patiebatur.
872 3610 1016 3670 485
1036 3609 1164 3671 Non
1202 3610 1372 3671 decet
1403 3621 1600 3672 autem
1634 3609 1946 3670 lamentari
2001 3626 2136 3669 eum

481 3701 583 3782 qui
612 3708 823 3781 sponte
871 3707 930 3759 et
959 3715 1064 3778 pro
1089 3700 1278 3760 salute
1303 3698 1567 3760 omnium
1590 3699 1823 3778 patitur,
1852 3697 1955 3759 sed
1987 3716 2138 3758 con-

483 3809 693 3869 gruum
719 3797 810 3850 est
833 3797 894 3849 ut
920 3787 1022 3848 ille
1055 3789 1240 3866 magis
1263 3787 1541 3849 laudibus
1573 3788 1855 3848 ell‘eratur
1885 3799 1945 3848 et
1975 3787 2138 3849 cele-

484 3878 1085 3941 bretur.Percrucem
1113 3877 1274 3937 enim
1301 3885 1532 3937 etmors
1546 3877 1847 3938 destructa
1865 3878 2140 3958 est,etin-

485 3970 690 4030 fernus
703 3967 980 4047 captivus
1004 3966 1403 4027 est.Lamenta
1423 3966 1582 4027 enim
1599 3985 1717 4027 non
1736 3965 1829 4027 his
1846 3966 1946 4047 qui
1968 3985 2144 4046 spon-

486 4056 680 4138 te,sed
694 4058 794 4134 qui
808 4064 1040 4134 gravate
1064 4055 1366 4134 patiuntur
1378 4055 1848 4118 consolationem
1863 4056 2136 4118 aﬂ'erunt.

484 4145 740 4211 Proinde
772 4143 1061 4205 Dominus
1092 4143 1222 4204 illas
1239 4162 1369 4223 quae
1393 4144 1586 4224 ipsum
1620 4143 2139 4221 lugebant,incre-

485 4235 910 4318 pat.Admonet
940 4243 1135 4294 autem
1169 4241 1232 4293 ut
1260 4233 1331 4294 ad
1370 4233 1567 4295 futura
1602 4235 1756 4294 mala
1786 4234 2139 4314 respiciant,

485 4336 542 4389 et
573 4323 930 4408 propterilla
963 4323 1462 4403 plorent.quando
1491 4323 1774 4385 mulieres
1799 4323 1856 4384 in
1886 4324 2144 4390 humane

483 4427 740 4480 cocturae
768 4413 1103 4506 suntiilios
1129 4421 1420 4506 _s_uos,_et
1467 4422 1674 4475 venter
1711 4415 1808 4494 qui
1865 4419 2142 4506 portavit,

483 4507 585 4569 ille
616 4506 833 4565 iterum
863 4500 1285 4563 miserabiliter
1316 4501 1571 4562 fructum
1604 4520 1774 4562 suum
1799 4500 2142 4582 recipiet.Si

485 4596 644 4660 enim
677 4595 734 4654 in
770 4610 864 4652 me
897 4590 1033 4652 talia
1063 4589 1336 4651 fecerunt
1367 4589 1703 4671 Romani,in
1741 4609 1836 4652 me
1859 4590 2016 4670 ligno
2043 4589 2144 4648 hu-

487 4680 862 4753 mido,feraci
885 4688 1199 4759 etsemper
1220 4680 1526 4755 virenti,et
1545 4697 1786 4760 semper
1813 4679 1973 4742 vitali
1998 4697 2143 4758 pro-

486 4783 617 4856 pter
639 4771 946 4842 deitatem,
981 4778 1035 4830 et
1070 4787 1177 4849 per
1199 4769 1507 4830 doctrinas
1536 4770 1837 4832 fructuum
1874 4788 2141 4830 meorum

485 4865 682 4925 alente
706 4877 954 4921 omnes:
990 4859 1050 4920 in
1085 4858 1272 4932 vobis,
1312 4859 1531 4939 populo
1566 4859 1804 4940 inquam
1839 4858 2028 4930 arido,
2063 4859 2140 4919 li-

483 4971 598 5033 gno
623 4949 820 5012 sterili
845 4947 918 5009 ab
950 4948 1114 5010 omni
1144 4948 1372 5010 vivifica
1391 4949 1715 5029 justitia,et
1739 4949 1966 5010 nullum
1990 4948 2142 5010 l‘ruc-

481 5053 604 5104 tum
633 5038 1093 5121 atl‘erente,quid
1129 5057 1245 5100 non
1269 5037 1520 5100 facient?
1547 5037 1606 5100 Si
1641 5038 1799 5101 enim
1825 5038 2140 5120 quamdam

484 5131 716 5204 vitalem
750 5130 1154 5210 operationem
1189 5127 1330 5189 boni
1377 5127 1700 5203 haberetis,
1737 5128 2002 5191 fortassis
2047 5129 2140 5190 di-

485 5221 583 5298 gni
608 5219 1064 5300 essetis,quibus
1095 5217 1535 5298 quodammodo
1569 5226 1947 5299 parceretur:
1984 5237 2142 5281 nunc

485 5318 682 5370 autem
719 5310 882 5389 quasi
917 5308 1141 5388 lignum
1192 5308 1423 5369 aridum
1465 5308 1524 5369 in
1557 5306 2033 5370 combustionem
2086 5317 2144 5369 et

485 5397 928 5476 corruptionem
959 5398 1148 5461 eritis.

567 5490 753 5555 Vana.
779 5489 1427 5557 32-38.:Ducebantur
1445 5500 1642 5554 autem
1671 5502 1730 5553 et
1749 5493 1848 5555 alii
1864 5493 1982 5556 duo
1999 5494 2140 5555 taci-

563 5652 618 5697 ³¹¹
647 5653 777 5716 Act.
814 5669 877 5729 ιι,
917 5670 997 5714 vr.
1084 5652 1272 5715 “lea.
1309 5671 1428 5716 ων.

2215 3171 2266 3226 τί
2315 3169 2586 3249 γένηται;
2652 3192 2676 3226 ι
2741 3172 2797 3226 Ai
2860 3170 2956 3245 μὲν
2993 3183 3245 3250 γυναῖκες
3288 3167 3601 3250 (φιλὸδακρυ
3654 3170 3752 3248 γὰρ
3807 3171 3872 3225 16

2216 3261 2365 3337 γένος
2409 3261 2497 3315 καὶ
2549 3258 2874 3337 πολύθρηνον
2945 3264 3019 3325 ὡς
3061 3257 3231 3316 δεινοῦ
3272 3281 3414 3324 τινος
3455 3256 3859 3335 ὶπισυμϐαίνον-

2219 3372 2308 3414 τος
2350 3353 2427 3422 τῷ
2487 3347 2686 3429 Κυρίῳ)
2739 3351 3006 3429 θρηνοῦσι,
3067 3351 3129 3406 16
3188 3348 3457 3424 συμπαθὲς
3510 3346 3872 3429 ἐπιδεικνύμε-

2221 3461 2328 3519 ναι,
2416 3440 2501 3495 καὶ
2577 3439 2676 3506 τὴν
2761 3428 2962 3494 ἀδικίαν
3025 3437 3435 3518 ἀποδυρόμεναι.
3515 3428 3572 3496 Ὀ
3642 3436 3695 3492 δὲ
3774 3441 3871 3496 οὒκ

2221 3521 2570 3607 ἇποδέχεται,
2613 3526 2750 3585 ἀλλὰ
2779 3526 2982 3603 μᾶλλον
3028 3527 3248 3604 ἐπιτιμᾷ
3299 3528 3513 3591 αὒταῖς.
3574 3527 3866 3592 Ἐκουσίως

2222 3619 2321 3698 γὰρ
2377 3617 2609 3698 ἔπασχε,
2668 3624 2745 3693 τῷ
2786 3617 2841 3674 δὲ
2884 3618 3132 3681 ἑκουσίως
3190 3617 3482 3698 πάσχοντι,
3530 3617 3617 3672 καὶ
3647 3615 3732 3673 ἐπὶ
3764 3639 3869 3672 σω-

2223 3708 2378 3787 τηρίᾳ
2404 3708 2583 3775 πάσης
2642 3707 2738 3775 τῆς
2803 3709 3031 3789 φύσεως,
3063 3713 3124 3766 οὐ
3168 3710 3229 3764 τὸ
3258 3711 3594 3788 θρηνεῖσθαι,
3630 3705 3763 3764 ἄλλα
3806 3709 3870 3763 16

2225 3799 2527 3876 κροτεῖσθαι
2578 3799 2836 3876 προσήκει
2879 3799 2967 3855 καὶ
3029 3799 3405 3878 εὐφημεῖσθαι.
3465 3797 3563 3853 Διὰ
3620 3797 3720 3875 γὰρ
3776 3796 3874 3852 τοῦ

2224 3892 2450 3966 σταυροῦ
2493 3887 2579 3942 καὶ
2625 3887 2848 3951 θάνατος
2904 3886 3142 3967 λέλυται,
3200 3889 3287 3944 καὶ
3343 3885 3474 3959 ᾅδης
3546 3885 3870 3966 ᾐχμαλώτι-

2225 3998 2367 4049 σται,
2431 3979 2476 4032 οἱ
2525 3976 2704 4055 θρῆνοι
2763 3977 2862 4056 γὰρ
2919 3979 2979 4034 οῦ
3051 3990 3164 4042 τοῖς
3243 3977 3517 4051 ἰκουσίως,
3577 3975 3710 4032 ἀλλᾶ
3752 3990 3873 4040 τοῖς

2224 4065 2484 4128 ἀκουσίως
2536 4066 2806 4146 πάσχουσι
2877 4065 3214 4144 παράκλησιν
3270 4066 3546 4147 φέρουσιν.
3617 4066 3874 4140 Ἐπιτιμᾷ

2226 4155 2325 4230 μὲν
2367 4156 2456 4211 οὗν
2488 4158 2673 4218 αὐταῖς
2715 4155 3070 4231 κοπτομέναις
3118 4156 3272 4213 αὒτόν
3309 4171 3325 4230 ;
3358 4161 3614 4235 Παραινεῖ
3645 4153 3699 4212 δὲ
3742 4157 3875 4236 πρὸς

2225 4245 2290 4301 τὰ
2349 4243 2614 4320 μέλλοντα
2669 4246 2807 4302 κακὰ
2865 4243 3103 4324 βλέπειν,
3165 4246 3250 4302 καὶ
3308 4242 3393 4302 ἐπ’
3424 4245 3642 4309 ἐκείνοις
3672 4245 3877 4302 κόπτε-

2229 4337 2369 4409 σθαι,
2403 4332 2489 4390 ὅτε
2522 4347 2771 4413 γυναῖκες
2819 4333 3078 4410 ἐψήσουσι
3138 4335 3202 4390 τὰ
3253 4334 3411 4391 τέκνα
3447 4336 3615 4391 αὐτῶν
3643 4332 3877 4402 ἆνελεη-

2170 4423 2431 4503 ομόνως,
2465 4425 2553 4480 καὶ
2609 4425 2644 4492 ἦ
2693 4423 2951 4502 ἐνέγκασα
3006 4424 3212 4502 γαστὴρ
3254 4423 3387 4490 αὒτή
3433 4422 3593 4480 πάλιν
3651 4424 3711 4479 τὸ
3750 4445 3878 4502 γεν-

2227 4512 2382 4580 νηθὲν
2432 4511 2672 4577 ἐλεεινῶς
2705 4511 3054 4593 ὑποδέξεται,
3100 4514 3159 4571 Εἰ
3228 4513 3328 4593 γὰρ
3389 4511 3445 4569 ὲν
3494 4511 3611 4588 ἐμοὶ
3659 4519 3880 4570 τοιαῦτα

2227 4600 2555 4668 ἐπεδείξαντο
2607 4605 2653 4660 οἱ
2699 4592 2983 4679 Ῥωμαῖοι,
3031 4602 3087 4659 ἓν
3143 4602 3261 4679 ἐμοὶ
3307 4606 3384 4676 τῷ
3411 4605 3556 4681 ὐγρῷ
3584 4600 3742 4678 ξύλῷ,
3801 4605 3881 4677 τῷ

2227 4688 2501 4768 ἐγκάρπῳ,
2549 4693 2636 4747 καὶ
2685 4690 2946 4768 ἀειθαλεῖ,
2992 4692 3081 4749 καὶ
3129 4691 3339 4766 ἀειζώῳ
3382 4689 3467 4747 διὰ
3497 4692 3593 4759 τὴν
3622 4689 3876 4766 θεότητα,

2224 4781 2312 4836 καὶ
2370 4777 2454 4836 διὰ
2505 4781 2612 4838 τῶν
2681 4784 2898 4860 καρπῶν
2982 4804 3085 4858 μου
3154 4787 3255 4849 τῆς
3329 4779 3664 4847 διδασκαλίας
3749 4781 3881 4860 τρέ-

2225 4891 2373 4950 φοντι
2434 4870 2636 4936 πάντας
2672 4887 2687 4902 ⁶
2746 4872 2800 4928 ἒν
2850 4874 3002 4948 ὑμῖν,
3061 4873 3139 4948 τῷ
3195 4870 3331 4948 λαῷ,
3379 4874 3542 4952 ιρημὶ,
3601 4876 3680 4946 τῷ
3735 4870 3880 4952 ξηρῷ

2228 4957 2385 5040 ξύλῳ,
2431 4967 2508 5035 τῷ
2563 4963 2740 5031 πάσης
2793 4962 3132 5030 δικαιοσύνης
3202 4968 3466 5033 ζωοποιοῦ
3515 4961 3878 5042 ἔστερημένῳ,

2226 5052 2314 5107 καὶ
2371 5048 2574 5126 μηδένα
2633 5054 2837 5133 καρπὸν
2895 5052 3128 5134 φέροντι,
3176 5054 3226 5108 τί
3255 5053 3348 5109 οὐκ
3391 5050 3451 5108 ἂν
3483 5049 3877 5132 ἓπεδείξαιντος

2229 5141 2286 5198 Εἰ
2315 5140 2414 5216 μὲν
2467 5142 2568 5221 γὰρ
2619 5143 2804 5223 εἴχετε
2860 5143 3092 5214 ζωτικήν
3127 5163 3247 5198 τινα
3288 5140 3553 5221 ἐνέργειαν
3600 5147 3694 5199 τοῦ
3735 5142 3883 5222 ἀγα-

2224 5233 2340 5303 θοῦ,
2403 5227 2538 5294 ἴσως
2590 5230 2653 5287 ἂν
2712 5230 2920 5312 φειδοῦς
2979 5230 3238 5300 ἦξιώθητε
3283 5231 3497 5311 μετρίας
3551 5238 3678 5311 γοῦν
3713 5249 3729 5269 ⁸
3794 5234 3885 5289 νῦν

2226 5317 2280 5375 δὲ
2335 5322 2408 5386 ὡς
2453 5321 2610 5401 ξηρὸν
2696 5320 2846 5388 ξύλον
2926 5323 2999 5386 εἰς
3054 5327 3241 5379 καῦσιν
3315 5323 3404 5379 καὶ
3472 5322 3546 5386 εἰς
3599 5319 3885 5404 διαφθορὰν

2225 5407 2424 5472 ἔσεσθε,

2304 5499 2567 5581 ’¹Ηγοντο
2612 5500 2668 5559 δὲ
2730 5505 2816 5561 καὶ
2869 5501 3034 5582 ἕτεροι
3092 5500 3182 5560 δύο
3255 5511 3542 5582 κακοῦργοι
3588 5506 3680 5561 σὺν
3739 5505 3883 5580 αὒτῷ
