4184 6396
313 372 465 438 1105
964 372 1413 438 ENARRATIO
1452 373 1538 436 IN
1586 364 2098 435 EVANGELIUM
2143 367 2388 431 LUCIE.
2434 400 2513 413 —
2556 369 2723 431 CAP.
2769 363 2993 430 XXIII.
3539 362 3708 429 1106

308 506 401 563 τὸν
431 502 487 562 δὲ
530 504 850 584 παράδεισον
880 506 969 561 καὶ
1025 502 1295 585 ὀφθαλμὸς
1341 502 1456 560 εἶδε
1504 511 1596 560 τοῦ
1641 500 1832 577 Ἀδὰμ,
1880 500 1995 556 καὶ,

2075 518 2155 560 :or
2184 501 2442 562 hominis
2488 498 2764 563 ascendit
2813 519 2827 561 :
2864 496 3173 562 lmtabatur
3209 497 3372 559 enim
3401 497 3463 559 in
3489 500 3705 579 spiritu

311 598 400 659 οῦς
456 593 682 661 ἤκουσεν
732 601 889 651 αῦτοῦ
939 614 963 651 α
1013 593 1119 649 ἀπὸ
1191 594 1389 653 παντὸς
1448 593 1572 670 γὰρ,
1625 591 1777 670 φησὶ,
1821 589 1970 656 ξύλου

2075 588 2265 671 Idam,
2289 590 2512 672 alioqui
2542 596 2763 653 tantam
2792 589 3201 670 operationem
3234 606 3372 649 cum
3416 588 3616 650 laetitia
3647 589 3709 650 in

312 691 405 741 τοῦ
463 683 517 739 ἐν
576 692 652 760 τῷ
696 683 997 763 παραδείσῳ
1038 683 1229 761 βρώσει
1283 694 1469 761 φαγεϊ.
1507 705 1534 737 ι
1577 679 1681 739 Κᾶν
1739 681 1838 759 γὰρ
1880 678 1969 735 καὶ

2075 679 2407 756 agricultura
2436 699 2557 741 non
2587 679 2873 741 obivisset
2916 678 3115 759 Atque
3147 677 3280 740 ideo
3300 696 3417 739 non
3452 687 3539 739 est
3570 698 3709 740 con-

312 774 368 830 ἔν
418 773 570 839 ξύλον
602 775 860 852 ἀπείρητο
904 775 1072 851 αὐτῷ,
1118 770 1239 829 ἀλλ’
1286 775 1376 828 οὗν
1418 773 1504 827 καὶ
1547 778 1704 827 τοῦτο
1764 769 1967 841 ἐθεᾶτο,

2075 768 2300 829 rarium
2335 769 2493 849 quod
2520 769 2732 831 Paulus
2757 768 2920 839 dicit.
2956 767 3131 829 Latro
3152 765 3349 848 itaque
3375 767 3713 848 paradisum

315 866 405 920 καὶ
465 866 585 943 περὶ
641 868 798 923 αὐτοῦ
853 862 1071 931 ἤκουσε,
1140 864 1228 918 καὶ
1286 861 1369 917 ἐπὶ
1425 858 1638 940 καρδίαν
1697 858 1969 937 ἀνθρώπου

2075 856 2295 919 sortitus
2318 866 2432 938 est,
2467 877 2587 920 non
2607 865 2801 919 autem
2832 862 3141 919 assecutus
3175 864 3264 917 est
3290 875 3540 935 regnum
3566 876 3580 920 :
3610 875 3711 918 as-

314 952 479 1020 ἀνέὸη
516 969 530 982 ⁶
588 953 902 1033 ἀῦφραίιιετο
962 953 1055 1032 γὰρ
1111 950 1339 1027 λογικῶς
1397 953 1423 1006 6
1478 947 1649 1024 Ἀδάμ
1684 966 1697 978 ⁸
1754 948 1812 1004 οὔ
1869 949 1967 1025 γὰρ

2075 956 2335 1028 aequetur
2366 948 2832 1030 autem,quando
2865 956 2923 1009 et
2953 948 3134 1010 etiam
3157 966 3366 1009 omnes
3394 967 3542 1028 quos
3563 947 3716 1011 Pau-

315 1042 486 1112 δήπου
542 1044 793 1110 τοιαύτην
877 1041 1125 1119 ἑργατίαν
1206 1042 1295 1097 καὶ
1352 1040 1675 1119 εὖφροσύνην
1734 1059 1967 1117 γεωργι-

2075 1055 2143 1100 us
2175 1039 2576 1100 enumeravit:
2615 1057 2774 1099 nunc
2803 1045 2998 1099 autem
3062 1039 3176 1098 hoc
3241 1046 3508 1116 tempore
3534 1056 3716 1116 para-

319 1134 417 1201 κὴν
475 1132 668 1207 μετίει.
713 1131 883 1188 "nata
913 1128 1085 1203 οὐδὲν,
1141 1130 1294 1211 φησὶ,
1326 1129 1555 1188 ἐναντίον
1586 1130 1612 1185 6
1646 1126 1850 1191 Παῦλος
1878 1126 1972 1183 λέ-

2075 1125 2247 1189 lisum
2280 1126 2480 1202 habet,
2507 1126 2609 1208 qui
2641 1135 2731 1189 est
2764 1145 2899 1208 pars
2921 1126 3247 1207 spiritualis
3269 1128 3511 1208 quietis.
3545 1126 3710 1192 Hac.

317 1244 423 1300 γει.
477 1214 535 1279 Ὀ
578 1223 679 1302 γὰρ
753 1221 958 1299 λῃστὴς
1016 1228 1107 1277 τοῦ
1165 1221 1263 1295 μὲν
1319 1216 1631 1297 παραδείσου
1688 1218 1983 1297 τετύχηκε,

2075 1217 2305 1299 quidem
2332 1217 2499 1278 multi
2520 1234 2932 1298 saepenumero
2955 1216 3257 1279 dixerunt.
3280 1216 3716 1280 Dicendumau-

318 1316 415 1378 τῆς
478 1309 532 1367 δὲ
586 1310 859 1387 βασιλείας
930 1315 1025 1368 οὒκ
1077 1307 1281 1388 ἔτυχν
1360 1306 1565 1372 τεύξετε
1627 1304 1705 1381 δὲ,
1762 1306 1850 1362 ὅτε
1895 1303 1984 1363 καὶ

2075 1315 2184 1369 tem
2217 1316 2307 1370 est
2335 1308 2491 1369 idem
2518 1324 2650 1369 esse
2680 1325 2929 1386 regnum
2964 1306 3250 1368 caelorum
3279 1307 3717 1387 etparadisum.

319 1401 514 1466 πάντες
555 1408 645 1464 οῦς
710 1400 1129 1479 ἀπηριθμήσατο
1193 1401 1221 1454 6
1270 1395 1500 1461 Παῦλος,
1549 1395 1691 1461 Τέως
1735 1393 1790 1451 δὲ
1850 1399 1983 1474 πρὸς

2075 1396 2220 1459 Nihil
2252 1397 2529 1479 prohibet
2574 1414 2716 1476 ergo
2752 1405 2811 1459 et
2859 1395 3175 1459 Dominum
3224 1413 3361 1456 vera
3402 1395 3628 1470 dicere,
3663 1405 3721 1458 et

320 1492 381 1547 τὸ
437 1490 604 1569 παρὸν
655 1491 745 1546 τὸν
806 1485 1123 1567 παράδεισον
1155 1486 1299 1566 έγει,
1345 1484 1402 1549 ὅς
1450 1485 1560 1541 ἐστι
1591 1484 1792 1564 χωρίον
1823 1508 1982 1541 meo.

2075 1485 2492 1549 Paulum.Nam
2523 1485 2672 1547 latro
2704 1485 2942 1566 quidem
2968 1492 3059 1548 est
3096 1485 3158 1546 in
3190 1484 3611 1566 paradiso,hoc
3632 1492 3724 1547 est

325 1584 565 1655 ματικῆς
626 1578 999 1642 ἀναπαύσεως.
1056 1583 1231 1634 Ταῦτα
1274 1576 1370 1652 μὲν
1429 1574 1519 1630 οῦν
1550 1572 1739 1630 πολλοὶ
1771 1573 1983 1630 πολλά-

2075 1586 2342 1654 regno,et
2365 1595 2483 1637 non
2501 1574 2665 1636 solus
2688 1574 2957 1655 ipse,sed
2983 1577 3159 1636 etiam
3184 1592 3391 1636 omnes
3403 1594 3553 1655 quos
3575 1592 3722 1636 enu-

320 1692 402 1733 κις
465 1669 667 1748 ἔφασαν
700 1682 715 1697 ⁶
780 1666 890 1724 ἔστι
943 1664 998 1722 δὲ
1056 1669 1251 1734 εἰπεῖν,
1298 1663 1379 1721 ὅτι
1425 1666 1469 1720 εί
1509 1664 1597 1720 καὶ
1649 1665 1837 1721 ταυτὸν
1872 1665 1983 1720 ἐστι

2075 1674 2256 1727 merat
2288 1665 2709 1746 Paulus.Atqui
2732 1683 2850 1726 non
2883 1663 3097 1726 fruitur
3121 1663 3383 1745 perfecta
3425 1664 3718 1726 bonorum

321 1743 564 1834 βασιλεία
622 1758 853 1836 οὑρανῶν
911 1758 999 1812 καὶ
1054 1754 1395 1834 παράδεισος,
1459 1750 1605 1809 οὒδὲν
1659 1752 1851 1809 κωλύει
1894 1743 1983 1809 καὶ

2075 1743 2690 1835 participationeNam
2718 1754 2873 1816 sicut
2901 1743 3277 1817 condemnati
3307 1755 3366 1814 in
3396 1753 3578 1833 regiis
3602 1773 3722 1815 non

326 1850 414 1904 τὸν
471 1847 659 1924 Κύριον
688 1834 1017 1920 ἀληθεύειν,
1073 1847 1163 1901 καὶ
1215 1846 1307 1900 τὸν
1366 1841 1597 1903 Παῦλον,
1637 1834 1695 1899 Ὀ
1739 1843 1839 1921 γὰρ
1886 1842 1983 1918 λῃ-

2075 1834 2226 1918 sunt,
2250 1834 2357 1906 sed
2386 1845 2447 1905 in
2471 1843 2756 1907 custodiis
2786 1842 2972 1904 clausi
3020 1850 3301 1904 tenentur
3332 1842 3393 1903 in
3424 1841 3723 1923 deputatis

327 1938 457 2004 στης
515 1936 627 1993 ’ἐστι
690 1936 786 2012 μὲν
833 1936 887 1992 ἐν
921 1933 1252 2014 παραδείσῳ,
1311 1932 1429 2000 ἤτοι
1478 1937 1546 2007 τῇ
1576 1930 1846 2007 βασιλείᾳ,
1896 1942 1983 1998 καὶ

2075 1934 2289 2013 poenis,
2326 1933 2707 1995 honorabiles
2757 1950 2896 1993 vero
2922 1942 2979 1994 et
3026 1931 3090 1993 in
3139 1932 3332 2009 regias
3362 1931 3720 2010 ingrediun-

326 2029 384 2083 οὔ
446 2027 607 2084 μόνον
672 2027 850 2100 αῦτός,
913 2024 1050 2081 ἀλλὰ
1102 2026 1191 2081 καὶ
1233 2025 1426 2087 πάντες
1487 2024 1575 2086 οὒς
1620 2022 1924 2101 ἀριθμεῖται
1956 2024 1984 2077 ὁ

2075 2031 2190 2098 tur,
2219 2031 2277 2085 et
2308 2043 2464 2085 nunc
2494 2023 2555 2085 in
2586 2023 2674 2085 eis
2704 2028 3017 2085 versantur
3044 2042 3062 2082 :
3102 2020 3320 2083 deinde
3351 2040 3487 2083 cum
3532 2040 3721 2082 vene-

331 2115 534 2177 [ιαῦλος
562 2132 575 2144 ·
626 2115 684 2171 οὗ
717 2114 900 2190 μέντοι
934 2113 1211 2184 ἀπήλαυσε
1270 2118 1369 2179 τῆς
1401 2109 1606 2174 τελείας
1638 2117 1743 2167 τῶν
1775 2112 1984 2189 ἀγαθῶν

2075 2112 2141 2173 rit
2173 2120 2405 2193 tempus
2434 2112 2868 2176 distributionis
2919 2109 3210 2190 regalium
3267 2110 3586 2185 donorum,
3623 2111 3723 2173 illa

324 2204 678 2285 κληρουχίας,
745 2194 971 2282 ΗΩσπερ
1028 2204 1125 2282 γάρ
1178 2206 1223 2259 οἱ
1275 2202 1583 2280 κατάκριτοι
1615 2200 1700 2257 ἐπὶ
1729 2206 1835 2257 τῶν
1878 2201 1979 2277 βα-

2075 2210 2480 2284 assequuntur:
2506 2204 2584 2264 ita
2606 2211 2663 2265 et
2682 2202 2869 2264 sancti
2902 2200 3135 2263 tametsi
3180 2200 3445 2261 nondum
3478 2201 3720 2281 perfec-

326 2294 536 2351 σιλείων
581 2294 676 2350 οῦκ
737 2294 884 2365 εἰσὶν,
937 2291 1057 2348 ἀλλ⁷
1102 2293 1157 2348 ἐν
1217 2303 1473 2372 φρουραῖς
1508 2288 1983 2366 ἀποκεκλεισμένοι

2075 2300 2125 2369 te
2156 2292 2328 2354 bonis
2386 2293 2677 2362 fruantur.
2708 2293 2831 2372 jam
2884 2298 3085 2351 tamen
3129 2298 3442 2352 versantur
3472 2290 3533 2351 in
3573 2290 3724 2352 locis

331 2390 611 2461 τηροῦνται
662 2396 802 2446 ταῖς·
841 2382 1232 2461 ἀφωρισμέναις
1278 2392 1491 2442 ποιναῖς
1530 2394 1543 2407 ·
1598 2381 1645 2434 οἱ
1693 2377 1747 2435 δὲ
1778 2379 1982 2437 ’έντιιιοι

2075 2382 2278 2443 lucidis
2299 2390 2358 2444 et
2386 2380 2805 2461 fragrantibus,
2832 2386 2889 2442 et
2920 2378 3104 2458 regiis
3136 2379 3398 2460 denique
3442 2378 3723 2442 taberna-

331 2474 412 2535 εἷς
470 2496 525 2530 τε
582 2474 647 2529 τὰ
684 2470 924 2549 βασίλεια
969 2473 1326 2550 εἰσέρχονται,
1374 2470 1461 2525 καὶ
1502 2469 1634 2533 τέως
1667 2468 1753 2525 ἐπὶ
1781 2470 1979 2525 τούτων

2075 2470 2474 2543 culis,etiamsi
2496 2470 2760 2532 nondum
2791 2468 3271 2531 distributionem
3294 2467 3595 2545 regiorum
3610 2469 3723 2530 bo-

326 2561 599 2641 διάγουσιν
637 2580 650 2593 ’
698 2561 823 2618 εἶτα
865 2560 954 2616 ὅτε
1014 2563 1041 2616 6
1098 2562 1281 2639 καιρὸς
1331 2559 1521 2635 ἐπιστῇ
1562 2563 1662 2625 τῆς
1719 2556 1979 2633 διανομῆς

2075 2579 2281 2622 norum
2308 2560 2449 2620 488
2483 2560 2741 2641 perfecte
2792 2565 3208 2638 assequantur.
3240 2557 3326 2619 Ita
3377 2566 3435 2619 et
3487 2558 3632 2619 latro
3663 2558 3727 2620 in

332 2656 438 2709 τῶν
496 2652 789 2729 βασιλικῶν
867 2647 1100 2727 δωρεῶν,
1170 2648 1437 2715 ἀξιοῦνται
1494 2648 1736 2704 τούτων·
1815 2648 1981 2711 οὕτως

2075 2650 2339 2729 paradiso
2372 2650 2504 2721 fuit,
2535 2648 2771 2711 etiamsi
2802 2649 3070 2709 nondum
3102 2642 3258 2729 quod
3288 2647 3612 2727 perfectum
3638 2656 3729 2708 est

331 2742 419 2797 καὶ
478 2745 522 2798 οἱ
576 2741 742 2820 ἅγιοι,
796 2741 841 2795 εἰ
889 2742 977 2796 καὶ
1034 2740 1200 2811 μήπω
1242 2746 1335 2795 τοῦ
1366 2736 1569 2794 τελείου
1600 2736 1981 2817 ἀπολαύουσιν,

2075 2741 2387 2820 acceperit,
2419 2745 2485 2801 ut
2507 2756 2583 2800 ne
2612 2738 2837 2819 absque
2864 2737 3036 2798 nobis
3068 2737 3370 2818 perfectus
3389 2736 3485 2800 sit.
3522 2738 3595 2799 Et
3614 2738 3731 2798 hoc

332 2830 471 2886 ἀλλά
499 2853 559 2908 γε
602 2830 735 2894 τέως
782 2828 837 2884 ἐν
880 2829 1085 2891 τούτοις
1136 2840 1253 2893 τοῖς
1286 2840 1594 2909 φωτεινοῖς,
1624 2828 1711 2882 καὶ
1744 2823 1983 2900 εὐώδεσι,

2075 2827 2288 2909 opinor
2335 2827 2715 2889 verissimum
2780 2826 3072 2902 omnium,
3101 2833 3165 2887 ut
3210 2845 3286 2888 ne
3330 2826 3523 2909 dicam
3567 2826 3726 2907 quod

336 2922 424 2977 καὶ
480 2918 809 2996 βασιλικοῖς,
870 2918 1052 2975 ἁπλῶς
1086 2919 1281 2993 εἰπεῖν,
1317 2918 1635 2990 σκηνώμασι
1692 2915 1983 2998 διάγουσιν,

2075 2906 2407 2979 sanctorum
2439 2918 2639 2997 gratiae
2664 2916 2722 2979 in
2756 2916 3121 2997 quotidianis
3148 2906 3561 2978 miraculorum
3586 2906 3729 2997 ope-

334 3010 377 3065 εί
436 3010 525 3066 καί
582 3012 749 3082 μήπω
800 3013 899 3075 τῆς
964 3006 1222 3082 διανομῆς
1300 3013 1406 3062 τῶν
1477 3004 1766 3082 βασιλικῶν
1808 3004 1987 3085 δώρων

2075 3007 2406 3071 rationibus
2440 3007 2751 3088 paradisus
2805 3005 3017 3068 merito
3049 3006 3242 3068 dictus
3273 3005 3351 3069 sit
3384 3024 3398 3068 :
3428 3013 3486 3066 et
3515 3023 3727 3069 omnes

329 3098 595 3163 ἀξιοῦνται
651 3096 887 3163 τελείως.
942 3096 1121 3158 Οῧτως
1179 3098 1266 3152 οὖν
1322 3097 1348 3151 6
1380 3094 1586 3172 λῃστής
1630 3096 1720 3151 καὶ
1771 3095 1824 3150 ἐν
1878 3116 1988 3151 πα-

2076 3095 2265 3158 sancti
2294 3079 2583 3177 quotquot
2615 3095 2935 3177 participes
2966 3094 3105 3157 facti
3136 3103 3275 3156 sunt
3327 3094 3726 3176 spiritualium

334 3185 552 3265 ραὶείσω
617 3187 848 3265 ἐγένετο,
896 3187 984 3242 καὶ
1045 3184 1193 3242 υῧπω
1235 3193 1328 3242 τοῦ
1382 3183 1585 3241 τελείου
1657 3184 1988 3266 ἀπήλαυσεν,

2078 3185 2396 3259 donorum,
2432 3194 2488 3247 et
2534 3185 2931 3247 arrhabonem
2958 3184 3182 3249 habent
3213 3183 3493 3265 Spiritus,
3522 3185 3585 3245 in
3617 3204 3725 3265 pa-

337 3279 426 3334 ’ἕνα
473 3279 549 3353 μὴ
607 3280 775 3358 χωρὶς
823 3280 978 3353 ἡμῶν
1023 3277 1305 3353 τελειωθῇ.
1344 3278 1440 3334 Καὶ
1469 3282 1624 3332 τοῦτο
1672 3276 1830 3351 οἶμαι
1862 3276 1993 3332 πάν-

2076 3276 2274 3337 radiso
2305 3274 2447 3355 sint,
2480 3275 2712 3337 etiamsi
2768 3274 3034 3337 nondum
3088 3273 3341 3355 perfecti
3394 3275 3635 3351 fuerint,
3671 3281 3731 3335 et

334 3390 441 3425 των
497 3368 874 3446 ἀληθέστερον,
934 3366 1027 3423 ἵνα
1071 3367 1148 3433 μὴ
1191 3365 1334 3445 λέγω
1379 3365 1460 3427 ὅτι
1522 3367 1610 3422 καὶ
1667 3368 1717 3422 αἱ
1766 3367 1993 3446 χάριτες

332 3463 440 3513 τῶν
490 3457 654 3533 ἁγίων
698 3459 752 3512 ἓν
783 3469 907 3519 ταῖς
949 3454 1063 3512 καθ’
1121 3455 1352 3522 ἑκάστην
1402 3455 1847 3535 θαυματουργίαις
1878 3478 1991 3512 πα-

333 3544 573 3625 ράδεισος
636 3544 697 3601 ἂν
769 3545 986 3608 εἰκότως
1057 3545 1292 3621 ῥηθεϊεν.
1367 3546 1465 3603 Καὶ
1507 3545 1703 3609 πάντες
1762 3542 1817 3599 δὲ
1875 3544 1991 3608 ὅσοι

332 3639 707 3708 πνευματικῶν
767 3634 1119 3713 χαρισμάτων
1193 3634 1500 3700 ἀξιωθέντες
1564 3636 1655 3690 τὸν
1716 3633 1992 3713 ἀρραϐῶνα

331 3725 425 3781 τοῦ
488 3724 789 3797 Πνεύματος
849 3723 1081 3779 ἐντεῦθεν
1134 3722 1238 3791 ἤδη
1295 3722 1510 3786 ἔλαϐον,
1563 3726 1620 3779 ’av
1675 3731 1752 3797 τῷ
1808 3746 1992 3804 παρα-

2079 3383 2329 3444 regnum
2369 3366 2729 3446 acceperint,
2761 3364 2912 3427 sicut
2936 3364 3078 3426 dicit
3124 3364 3338 3426 Paulus
3372 3363 3434 3425 iu
3466 3363 3728 3444 Epistola

2076 3455 2148 3517 ad
2180 3454 2488 3533 Hebraeos,
2519 3454 2756 3517 etiamsi
2804 3455 3068 3516 nondum
3122 3454 3577 3535 promissionem
3625 3472 3728 3515 ac-

2077 3542 2434 3625 ceperint“.
2468 3544 2932 3606 Promissionem
2964 3546 3122 3605 enim
3148 3543 3404 3605 dicendo
3434 3543 3726 3623 integram

2076 3634 2415 3696 felicitatem
2442 3633 2781 3696 declaravit.
2812 3637 2885 3696 Αι
2907 3632 3069 3694 illam
3116 3631 3383 3694 nondum
3432 3632 3724 3711 integram

2075 3730 2457 3804 acceperunt,
2484 3730 2542 3786 et
2571 3732 2708 3785 sunt
2735 3722 2797 3784 in
2822 3741 3007 3803 regno
3054 3740 3124 3785 ac
3172 3721 3469 3803 paradiso.
3509 3720 3595 3783 Tu
3619 3740 3730 3783 au-

333 3816 492 3887 ἦείσῳ
549 3814 667 3886 εἰσὶ,
721 3812 820 3869 κάν
864 3814 1031 3886 μήπω
1086 3810 1495 3885 ἐτελειώθησαν,
1557 3816 1643 3869 καὶ
1702 3814 1801 3879 τὴν
1844 3815 1995 3889 βασι-

2077 3821 2195 3874 tem
2230 3812 2566 3885 admireris,
2613 3812 2910 3893 quomodo
2941 3812 3093 3874 sicut
3116 3831 3220 3874 rex
3243 3810 3479 3893 quidam
3510 3817 3732 3891 tropaea

331 3902 480 3959 λείαν
541 3899 839 3980 παρέλαϐον
875 3922 889 3938 ο
946 3902 1184 3981 καθάπερ
1242 3903 1369 3982 φησὶ
1400 3900 1606 3967 Παῦλος
1638 3902 1692 3958 ἑν
1736 3902 1804 3969 τῆ
1858 3904 1991 3979 αὐτῇ

2076 3920 2147 3964 ex
2164 3902 2409 3964 victoria
2438 3900 2731 3977 referens,
2763 3900 2954 3983 spolia
2974 3900 3199 3982 optima
3228 3917 3430 3962 secum
3461 3898 3724 3976 abducit,

410 3994 422 4009 ι
530 3983 543 4004 ⁸
592 3989 623 4015 ρ
862 3989 876 4009 9
904 4000 917 4013 η
1128 3996 1149 4006 -ν
1398 3989 1423 4007 εκ
1744 3992 1756 4009 ι

334 4015 466 4069 προς
551 3992 800 4071 Εοραίους
886 3988 1156 4067 Επιστολῃ
1188 4007 1201 4019 ·
1269 4014 1292 4046 α
1347 4001 1454 4049 Καν
1509 3993 1676 4066 μήπω
1704 4013 1802 4058 την
1832 3990 1994 4070 ἐπαγ-

2076 3993 2155 4055 ita
2183 3991 2493 4066 Dominus,
2521 3992 2796 4073 quoniam
2818 3990 3198 4068 fortior,vasa
3227 3989 3447 4053 diaboli
3477 3989 3727 4069 dirupit,

328 4082 507 4160 γελίαν
568 4082 905 4157 ἐκομίσαντο.
948 4104 972 4135 ›
1031 4086 1118 4153 Τῷ
1167 4082 1266 4161 γὰρ
1296 4081 1394 4148 τὴν
1424 4079 1749 4160 ἐπαγγελίαν
1781 4082 1975 4155 εἰπεῖν,

2075 4100 2387 4162 secumque
2416 4080 2684 4155 abstulit,
2733 4089 2792 4142 et
2836 4082 3014 4143 rediit
3062 4081 3135 4143 ad
3170 4081 3425 4162 primam
3470 4079 3732 4141 hominis

334 4175 393 4228 τὸ
448 4170 741 4246 ὁλόκληρον
800 4169 1073 4251 ἐνέφηνεν.
1119 4170 1279 4227 Οὔπω
1324 4173 1409 4227 οὖν
1443 4171 1540 4237 τὴν
1571 4169 1773 4226 τελείαν
1806 4170 1980 4250 ἐπαγ-

2075 4171 2337 4254 patriam,
2376 4169 2713 4251 paradisum
2740 4170 2898 4234 dico.
2938 4172 3173 4234 Etenim
3198 4171 3466 4234 Christus
3498 4187 3619 4230 non
3638 4187 3732 4230 so-

334 4260 514 4335 γελίαν
570 4259 830 4340 ἐδέξαντο,
898 4261 996 4316 εἰσὶ
1052 4260 1234 4334 μέντοι
1265 4261 1352 4316 καὶ
1383 4260 1436 4316 ἐν
1480 4260 1547 4335 τῇ
1603 4258 1846 4336 βασιλείᾳ
1895 4262 1983 4317 καὶ

2075 4263 2191 4322 lum
2223 4261 2380 4322 sicut
2408 4259 2567 4321 Deus
2600 4258 2661 4319 in
2683 4258 2961 4339 paradiso
2993 4259 3124 4338 fuit,
3159 4259 3266 4321 sed
3298 4266 3356 4318 et
3390 4256 3730 4318 secundum

339 4351 392 4405 ἐν
435 4354 513 4424 τῷ
567 4347 891 4429 παραδείσῳ.
952 4351 1024 4405 Σὺ
1080 4350 1135 4406 δέ
1168 4373 1257 4424 μοι
1301 4356 1456 4406 τοῦτο
1499 4350 1793 4423 θαύμασον,
1840 4349 1986 4409 ὅπως

2075 4349 2227 4432 quod
2250 4351 2509 4411 animam
2548 4336 2898 4412 rationalem
2929 4356 2986 4409 et
3033 4336 3351 4408 mentalem
3386 4345 3610 4408 habuit.
3659 4344 3732 4406 Et

340 4439 518 4508 ὥσπερ
575 4460 653 4504 τις
711 4437 957 4515 βασιλεὺς
1022 4440 1402 4520 τροπαιοφόρος
1485 4438 1716 4495 ἐπανιὼν
1774 4439 1834 4496 ἐκ
1889 4444 1988 4506 τῆς
2018 4456 2033 4463 ³

335 4530 511 4601 νίκης,
554 4529 618 4584 τὰ
664 4528 920 4606 κράτιστα
977 4534 1084 4584 τῶν
1142 4528 1385 4607 λαφύρων
1443 4527 1555 4602 μεθ’
1616 4531 1803 4585 ἑαυτοῦ
1850 4528 1988 4584 ἐπά-

335 4642 513 4699 γεται,
550 4618 688 4675 οὕτω
719 4617 815 4673 καί
850 4619 878 4673 6
938 4618 1132 4697 Κύριος
1187 4621 1249 4674 τὸ
1291 4630 1535 4694 κρεῖττον
1590 4624 1694 4675 τῶν
1726 4624 1819 4674 τοῦ
1873 4615 1989 4673 δια-

335 4708 493 4765 ϐόλου
564 4706 807 4788 λαφύρων
890 4706 1204 4788 σκυλεύσας,
1264 4707 1382 4783 μεθ’
1439 4708 1626 4765 ἑαυτοῦ
1684 4706 1825 4787 ἄγει,
1887 4707 1990 4763 ἐπ-

336 4799 497 4855 ανιὼν
544 4799 618 4861 είς
679 4797 777 4863 τὴν
832 4797 1062 4877 ἀρχαίαν
1121 4797 1345 4877 πατρίδα
1395 4804 1489 4854 τοῦ
1545 4796 1844 4873 ἀνθρώπου,
1903 4798 1995 4853 τὸν

2074 4441 2133 4501 in
2156 4438 2427 4519 paradiso
2460 4456 2594 4498 cum
2619 4447 2819 4499 mente
2841 4436 3038 4517 fuit,in
3066 4436 3364 4499 infernum
3388 4444 3584 4498 autem
3600 4434 3733 4497 des-

2074 4526 2275 4589 cendit
2296 4544 2428 4588 cum
2440 4525 2663 4590 anima.
2688 4528 2982 4590 Caeterum
3000 4544 3108 4606 per
3118 4526 3231 4589 hoc
3246 4524 3403 4606 quod
3431 4524 3727 4585 latronem

2073 4616 2415 4691 servaverit,
2450 4615 2709 4677 ostendit
2737 4615 2897 4696 quod
2930 4615 3164 4677 malitiae
3188 4633 3473 4693 organum
3500 4614 3729 4693 ligave-

2074 4709 2174 4782 rit,
2209 4708 2291 4768 uti
2322 4705 2699 4789 praedixerat,
2741 4705 2902 4786 quod
2947 4724 3083 4768 cum
3129 4704 3428 4783 alligasset
3484 4704 3725 4780 fortem,

2077 4815 2215 4859 vasa
2252 4797 2382 4877 ejus
2404 4794 2695 4875 diriperet
2719 4796 2799 4858 43.

338 4884 661 4964 nsz'Setoriv
691 4908 856 4965 φημι,
894 4887 992 4943 Καὶ
1022 4887 1123 4967 γὰρ
1152 4888 1212 4945 οὐ
1238 4886 1399 4962 μόνον
1428 4887 1558 4942 καθὸ
1579 4887 1708 4950 Θεὸς
1737 4885 1802 4953 ἧν
1831 4888 1885 4942 ὲν
1917 4893 1993 4958 τῷ
2023 4885 2343 4965 παραδείσῳ,
2378 4884 2516 4942 ἀλλά
2539 4887 2627 4942 καὶ
2652 4888 2782 4943 καθὸ
2811 4886 3143 4965 ἀνθρωπίνην
3175 4884 3360 4965 ψυχὴν
3410 4881 3737 4963 πρσελάϐετο

340 4976 559 5052 Λογικὴν
588 4976 675 5030 καὶ
707 4975 910 5053 νοεράν,
948 4975 1037 5030 καὶ
1068 4978 1124 5032 ἓν
1153 4983 1229 5050 τῷ
1258 4973 1558 5053 παραδείσῳ
1585 4974 1769 5054 γέγονε
1828 4976 1963 5050 μετά
2022 4978 2113 5032 τοῦ
2170 4978 2313 5050 νοὸς,
2346 4976 2434 5032 καὶ
2465 4976 2537 5039 είς
2570 4974 2693 5047 ᾅδου
2721 4974 2954 5042 κατῆλθε
2985 4976 3120 5051 μετά
3150 4978 3333 5055 ψυχῆς
3366 4992 3379 5006 °
3414 4975 3500 5029 καὶ
3529 4970 3614 5028 διὰ
3637 4980 3731 5030 τοῦ

339 5070 504 5119 σῶσαι
532 5064 624 5120 τὸν
652 5061 883 5140 λῃστὴν,
930 5065 992 5119 τὸ
1034 5064 1133 5133 τῆς
1185 5066 1445 5142 πονηρίας
1490 5064 1711 5142 ὄργανον
1762 5062 1970 5139 ἔδησεν,
2032 5066 2060 5122 ὃ
2102 5065 2385 5145 προέλεγεν
2417 5062 2494 5120 ὁτι
2558 5083 2587 5123 (
2639 5067 2818 5136 Δήσας
2861 5066 2952 5121 τὸν
3000 5066 3220 5145 ἶσχδρὸν
3249 5064 3316 5120 τὰ
3367 5064 3530 5130 σκεύη
3576 5067 3732 5121 αὐτοῦ

338 5175 641 5233 οιαρπασει,
682 5177 705 5211 1)

426 5263 453 5301 α
486 5231 584 5301 Ἠν
628 5242 683 5299 δὲ
740 5246 868 5301 ὡσεὶ
927 5244 1040 5323 ὥρᾶ
1096 5243 1254 5315 ἕκτη,
1304 5244 1393 5301 καὶ
1432 5241 1621 5308 σκότος
1674 5244 1884 5323 ἐγένετο
1914 5244 1995 5326 ἐφ’

2161 5242 2571 5306 VEBS.44-49.
2588 5241 2757 5305 (Erat
2771 5251 2963 5305 autem
2982 5244 3130 5305 hora
3144 5244 3268 5305 fere
3285 5249 3536 5317 sexta,et
3556 5248 3733 5305 tene-

340 5334 471 5401 ὅλην
502 5334 602 5400 τὴν
630 5339 732 5412 γῆν
763 5334 865 5396 ἕως
891 5333 1033 5413 ὥρας
1056 5333 1251 5400 ἒνάτης
1288 5349 1300 5363 ⁸
1336 5335 1423 5389 καὶ
1453 5334 1729 5401 ἐσκοτίσθη
1760 5335 1788 5390 6
1821 5334 1995 5413 ἥλιος,

2083 5333 2207 5395 brae
2224 5334 2392 5397 facta;
2409 5341 2545 5394 sunt
2565 5352 2746 5413 super
2767 5341 2947 5396 totam
2980 5342 3198 5399 terram
3221 5352 3409 5415 usque
3430 5333 3503 5395 ad
3523 5335 3739 5398 horam

341 5426 425 5481 καὶ
468 5424 698 5503 ἐσχίσθη
770 5425 832 5480 τὸ
882 5422 1271 5499 καταπέτασμα
1332 5425 1424 5479 τοῦ
1480 5433 1608 5483 ναοῦ
1669 5422 1852 5499 μέσον.
1904 5426 1995 5482 Kal

2084 5424 2686 5501 nonam;obscuratus
2714 5432 2807 5485 est
2833 5424 3015 5499 sol,et
3037 5424 3232 5486 velum
3250 5424 3457 5505 templi
3478 5424 3733 5486 scissum

342 5514 592 5589 οςιωνήσας
663 5515 815 5593 φωνῇ
862 5512 1075 5591 μεγάλῃ
1122 5510 1352 5593 Ἰησοῦς,
1428 5514 1607 5570 εἶπενο
1671 5515 1864 5594 Πάτερ,
1925 5516 1995 5579 εἰς

2081 5521 2171 5576 est
2186 5510 2547 5576 medium.Et
2558 5531 2692 5574 cum
2712 5513 3029 5577 clamasset
3046 5532 3189 5579 voce
3202 5532 3413 5595 magna
3425 5512 3731 5589 Jesus,ait:

420 5670 467 5716 “
504 5672 690 5739 Hebr.
720 5690 812 5750 αι,
842 5673 946 5738 39.
1030 5671 1086 5717 ⁸³
1113 5671 1315 5741 Matth.
1348 5688 1454 5750 xu,
1488 5672 1588 5735 29.
