4184 6400
462 382 611 450 1107

1439 375 2032 449 THEOPHYLACTI
2074 366 2487 442 BULGARIE
2531 376 2887 441 ARCHIEP.
2972 420 2973 423 η

3694 368 3843 436 1108

458 518 718 596 Pater;in
744 536 954 581 manus
982 525 1113 583 tuas
1144 518 1499 582 commendo
1529 516 1802 599 spiritum
1834 509 2109 576 meum“.

2197 512 2392 593 χεῖράς
2463 533 2558 567 σου
2611 509 2936 590 παρατίθημι
2989 509 3049 565 τὸ
3094 510 3303 583 πνεῦμά
3345 530 3471 583 μου.
3534 507 3633 565 Καὶ
3684 507 3853 564 ταῦτα

454 608 526 671 Et
542 609 669 672 haec
698 608 832 671 cum
859 608 1622 690 dixisset,exspiravit.Cum
1645 604 1887 667 vidisset
1910 612 2107 664 autem

456 699 725 760 centurio
756 699 911 780 quod
944 698 1183 774 accidit,
1221 696 1569 779 gloriﬁcavit
1625 694 1838 766 Deum,
1875 692 2105 759 dicens.

455 786 612 850 Vere
642 788 734 850 hic
754 790 931 850 homo
953 790 1148 867 justus
1177 798 1323 851 erat.
1365 789 1437 851 Et
1459 804 1667 849 omnes
1688 783 1876 846 turba
1897 800 2105 843 eorum

454 876 555 958 qui
590 878 765 939 simul
798 888 1175 942 accesserant
1202 879 1274 940 ad
1300 876 1700 959 spectaculum
1736 871 1916 952 istud,
1941 879 2001 933 et
2016 870 2105 930 vi-

463 965 667 1028 ierant
688 987 819 1048 qua:
848 966 1717 1048 contingebant,percutientes
1738 969 1980 1043 pectora
2002 976 2108 1021 sua

455 1057 1186 1123 revertebantur.Stabant
1207 1066 1402 1120 autem
1438 1074 1647 1117 omnes
1678 1050 1805 1115 noti
1828 1050 1962 1130 ojus
1981 1067 2112 1128 pro-

455 1145 575 1226 cui,
602 1157 662 1209 et
693 1148 974 1211 mulieres
1006 1166 1137 1229 qua:
1168 1158 1387 1210 secutae
1414 1165 1549 1206 eum
1596 1150 1763 1205 erant
1783 1161 1815 1203 a
1846 1137 2108 1229 Galilaea,

456 1224 793 1315 sPectantes
814 1236 962 1316 haec,
992 1224 1293 1314 {Signum
1321 1234 1624 1316 qaerebant
1653 1226 1971 1313 aliquando
2000 1224 2113 1287 Ju-

455 1323 568 1385 daei
586 1324 790 1386 videre
812 1325 888 1387 de
909 1326 1085 1390 coelo.
1110 1327 1265 1389 Ecce
1301 1325 1478 1401 igitur
1504 1323 1739 1401 signum
1775 1339 2002 1398 rnrnm,
2020 1330 2111 1381 te-

457 1414 680 1475 nebraa.
717 1413 1024 1477 Scinditur
1051 1425 1246 1477 autem
1272 1415 1468 1476 velum
1497 1411 1724 1490 templi,
1760 1410 2115 1471 ostendente

458 1500 712 1564 Domino
764 1504 920 1584 quod
981 1523 1098 1565 non
1150 1503 1304 1565 ultra
1352 1504 1656 1564 inaccessa
1690 1508 1862 1560 erunt
1900 1499 2114 1561 Sancta

458 1598 823 1663 sanctorum,
867 1592 973 1657 sed
1036 1593 1321 1657 Romanis
1371 1591 1587 1653 tradita
1624 1587 2107 1670 profanabuntur.

457 1679 563 1740 Vel
587 1679 761 1743 aliter
785 1682 1041 1744 ostendit
1072 1682 1229 1763 quod
1270 1681 1463 1743 velum
1528 1677 1685 1761 quod
1718 1678 1916 1739 divisit
1946 1696 2055 1738 nos
2083 1697 2117 1738 a

2192 602 2377 675 εἰπὼν,
2441 600 2768 667 ἐξέπνευσεν,
2819 597 2965 657 Ἰδὼν
3010 596 3064 654 δὲ
3123 600 3150 654 ὁ
3209 599 3602 675 ἑκατόνταρχος
3658 596 3720 651 τὸ
3763 614 3853 672 γε·

2191 690 2438 771 νόμενον,
2475 688 2683 755 ἔδόξασε
2739 690 2831 745 τὸν
2875 689 3005 744 Θεὸν
3047 685 3223 766 λέγων
3256 705 3269 718 ⁸
3322 687 3539 752 ’Ὄντως
3570 688 3597 741 ὁ
3654 683 3847 763 ἅνθρω-

2193 802 2290 844 πος
2350 779 2504 843 οὗτος
2547 777 2745 841 δίκαιος
2792 778 2882 846 ἧν,
2936 778 3035 835 Καὶ
3092 778 3286 841 πάντες
3345 780 3394 835 οἱ
3435 772 3853 853 συμπαραγενό-

2191 891 2340 945 μενοι
2400 867 2557 948 ὄχλοι
2598 868 2688 924 επὶ
2743 867 2844 935 τὴν
2899 865 3117 946 θεωρίαν
3162 868 3381 941 ταύτην,
3412 869 3725 946 Θεωροῦντες
3780 861 3853 919 τὰ

2192 959 2475 1037 γενόμενα,
2538 957 2820 1019 τύπτοντες
2881 956 3080 1013 ἑαυτῶν
3138 956 3203 1012 τὰ
3250 957 3445 1029 στήθη,
3502 954 3849 1031 ῦπέστρειρον.

2199 1049 2544 1117 Εἶστήκεισαν
2586 1044 2641 1101 δὲ
2701 1047 2894 1111 πάντες
2952 1046 2999 1100 οἱ
3062 1046 3287 1123 γνωστοὶ
3344 1046 3507 1101 αὐτοῦ
3561 1040 3849 1119 μακρόθεν,

2194 1138 2282 1193 καὶ
2342 1149 2595 1215 γυναῖκες
2672 1137 2723 1191 αί
2796 1132 3318 1203 συνακολουθήσασαι
3391 1134 3533 1208 αὒτῴ
3590 1133 3693 1188 ἀπὸ
3753 1129 3852 1196 τῆς

2200 1224 2484 1290 Γαλιλαίας
2540 1229 2735 1305 ὁρῶσαι
2808 1230 2997 1286 ταῦτα.
3057 1243 3088 1283 ι
3159 1231 3403 1298 Σημεϊον
3456 1225 3746 1294 ὲπεζήτουν
3803 1222 3854 1276 οἱ

2198 1313 2445 1375 Ἰουδαῖοί
2502 1336 2632 1373 ποτε
2690 1313 2821 1371 ἰδεῖν
2879 1312 2932 1379 ἰξ
2990 1315 3230 1393 ούρανοῦ.
3274 1312 3406 1371 Ἰδοὺ
3434 1324 3558 1392 γοῦν
3592 1324 3850 1387 σημεῖον,

2203 1408 2257 1461 τὸ
2314 1404 2459 1470 ξένον
2522 1411 2677 1460 τοῦτο
2734 1403 2927 1467 σκότος
2958 1422 2973 1439 ⁸
3023 1404 3266 1483 σχίζεται
3316 1402 3369 1459 δὲ
3400 1406 3489 1459 καὶ
3517 1405 3579 1459 τὸ
3608 1398 3854 1457 καταπέ-

2196 1516 2376 1569 τασμα
2431 1501 2521 1551 τοῦ
2551 1500 2699 1568 ναοῦ,
2757 1490 3047 1556 δεικνύντος
3106 1500 3198 1549 τοῦ
3242 1494 3449 1571 Κυρίου,
3498 1491 3578 1548 ὅτι
3637 1493 3732 1571 οῦκ
3772 1487 3853 1544 ’έτι

2197 1581 2365 1640 ἄϐατα
2413 1583 2561 1639 ἔσται
2614 1584 2679 1639 τὰ
2737 1580 2918 1660 ’Ἅγια
2970 1587 3077 1637 τῶν
3133 1582 3321 1661 ἁγίων,
3353 1580 3492 1638 ἀλλὰ
3536 1594 3653 1646 τοῖς
3710 1568 3850 1636 Ῥωσ-

2198 1673 2375 1747 μαίοις
2434 1670 2821 1750 παραδοθέντα,
2876 1671 3079 1745 βάσιμα
3129 1672 3218 1727 καὶ
3274 1669 3479 1749 βέϐηλα
3507 1671 3852 1748 γενήσονται.

458 1768 679 1831 sanctis
709 1771 765 1832 in
798 1771 971 1847 cmlo,
1027 1755 1358 1845 scindatur,
1408 1770 1520 1831 hoc
1546 1755 1653 1830 'est
1702 1766 2031 1829 inimicitia:
2062 1774 2113 1827 et

2202 1762 2301 1819 Καὶ
2326 1759 2499 1825 ἄλλως
2534 1759 2614 1841 δὲ,
2663 1760 2923 1819 δείκνυσιν
2974 1757 3058 1816 ὅτι
3089 1761 3152 1815 τὸ
3183 1759 3591 1835 καταπέτασμα,
3626 1761 3654 1815 ὁ
3683 1755 3856 1834 διεῖρ-

460 1868 766 1937 peccatum
801 1859 924 1922 Hoc
939 1844 1096 1923 enim
1117 1862 1225 1923 fuit
1244 1879 1521 1941 magnum
1536 1855 2113 1937 interstitium,quod

2201 1873 2293 1929 γεν
2349 1853 2494 1927 ἡμᾶς
2534 1850 2640 1907 ἀπὸ
2683 1857 2791 1907 τῶν
2822 1850 2873 1905 ἐν
2926 1852 3169 1925 ούρανοῖς
3216 1850 3403 1930 ἁγίων,
3440 1852 3701 1929 σχίζεται,
3734 1844 3857 1913 ἤτοι

459 1964 568 2008 nos
591 1947 664 2009 ab
695 1949 813 2011 illis
836 1951 940 2032 qui
964 1950 1044 2013 ibi
1069 1956 1261 2033 erant,
1287 1945 1993 2026 distinguebat.Ostendit
2010 1964 2117 2006 au-

458 2043 575 2097 tem
609 2037 763 2118 quod
800 2058 917 2100 non
954 2049 1199 2120 propter
1220 2037 1632 2120 impotentiam
1666 2036 1985 2097 cruciﬁxus
2021 2034 2117 2095 sit.

457 2126 608 2187 Nam
635 2127 735 2207 qui
774 2128 912 2190 talia
942 2129 1288 2192 fecit.etiam
1314 2128 1447 2190 illos
1468 2126 1758 2208 potuisset
1791 2122 2045 2207 perdere
2066 2124 2124 2183 et

456 2211 530 2274 ab
554 2228 802 2297 aspectu
834 2237 1170 2282 removere.
1202 2223 1348 2283 Cum
1398 2235 1538 2280 vero
1570 2234 1712 2277 voce
1746 2232 1957 2293 magna
1993 2212 2121 2274 cla-

458 2313 698 2386 masset,
728 2307 928 2371 emisit
975 2310 1637 2390 spiritum.Potestatem
1664 2304 1823 2366 enim
1867 2301 2124 2365 habebatt

456 2392 713 2456 animam
775 2416 942 2458 suam
986 2417 1235 2479 ponere,
1278 2407 1339 2460 et
1398 2398 1608 2458 iterum
1651 2397 1927 2474 accipere
1955 2408 2112 2454 eam.

456 2482 579 2544 Vox
606 2483 745 2546 item
776 2486 879 2547 illa
909 2487 1246 2550 centurioni
1276 2496 1333 2548 et
1357 2486 1470 2548 alia
1494 2483 1783 2545 miracula
1806 2480 1945 2543 ﬁdei
1976 2481 2116 2542 480

458 2570 695 2634 fuerunt
741 2591 1113 2654 argumenta.
1168 2576 1300 2638 Non
1360 2574 1517 2637 enim
1569 2574 1725 2633 sicut
1781 2571 2118 2634 communis

456 2661 660 2737 homo,
695 2663 798 2727 sed
833 2684 967 2726 cum
999 2684 1210 2746 magna
1245 2671 1541 2746 potestate
1576 2673 1845 2722 mortuus
1892 2673 2005 2722 εει.
2040 2661 2118 2723 Et

455 2749 789 2830 depositum
855 2762 1104 2817 mortem
1152 2753 1502 2827 nominavit,
1561 2761 1837 2832 tanquam
1900 2750 2111 2810 iterum

454 2851 809 2921 recepturus
837 2843 1121 2909 animam.
1157 2844 1278 2907 Hac
1309 2853 1504 2905 autem
1539 2860 1686 2903 voce
1745 2840 1999 2920 primum
2034 2839 2113 2900 li-

454 2927 742 2992 bertatem
767 2942 1054 2996 assecuta;
1070 2941 1209 2997 sunt
1232 2933 1449 2996 anima
1471 2927 1957 3001 nostraa,diabolo
1987 2937 2117 3008 post

453 3019 580 3081 haec
605 3020 824 3082 nullam
849 3022 909 3084 in
941 3041 1043 3084 eas
1068 3024 1329 3086 habente
1362 3028 1742 3103 potestatem,
1773 3026 1977 3098 utpote
2005 3022 2114 3078 1³η-

451 3109 522 3169 tri
555 3112 1026 3177 commendatas.
1063 3114 1220 3175 Ante
1254 3121 1504 3173 mortem
1540 3109 1701 3171 cnim
1729 3107 1950 3170 Christi
1986 3122 2174 3173 ma-C

450 3216 629 3276 gnum
647 3199 747 3277 jus
777 3200 884 3261 fuit
913 3201 1150 3263 diabolo
1175 3202 1234 3264 in
1267 3200 1573 3263 animas.A
1601 3218 1719 3278 quo
1744 3206 1942 3258 autem
1971 3207 2117 3258 tem-

451 3282 596 3367 pore
616 3287 802 3351 Filius
827 3310 944 3353 non
974 3291 1343 3366 inferno,sed
1370 3288 1634 3372 paternis
1656 3286 1930 3349 manibus
1947 3306 2113 3347 com-

450 3376 748 3439 mendavit
768 3380 1415 3460 spiritum,libertatem
1442 3386 1733 3440 assecuta:
1765 3384 1903 3437 sunt
1924 3375 1996 3437 ab
2021 3376 2114 3438 in—

448 3465 715 3528 fern0.Et
739 3468 852 3529 hoc
884 3468 1042 3549 quod
1068 3470 1214 3532 dicit
1236 3465 1846 3538 Dominus,quando
1880 3466 2113 3528 exalta-

450 3562 541 3615 tus
573 3554 765 3629 fuero,
799 3559 1024 3635 traham
1078 3558 1149 3619 ad
1214 3576 1310 3619 me
1366 3556 1592 3630 omnia,
1625 3581 1646 3611 ι
1687 3574 1843 3615 nunc
1875 3554 2109 3615 videtur

448 3653 949 3710 consummatum.
1002 3646 1300 3709 Exaltatus
1358 3645 1516 3707 enim
1566 3644 1625 3705 in
1677 3662 1875 3715 cruce,
1937 3644 2111 3705 traxit

449 3732 1404 3806 latronem,traxitcenturionem.
1442 3736 1873 3795 Percussernnt
1902 3745 2101 3793 autem

412 3877 417 3883 .
446 3830 504 3882 et
521 3829 760 3901 pectora
777 3823 1115 3887 Judaaorum
1144 3824 1474 3905 quidam,et
1489 3823 1877 3884 cruciﬁxores
1898 3842 2105 3900 argue-

449 3910 587 3970 bant
644 3912 953 3976 manifeste
996 3915 1197 3977 Jesum
1242 3913 1670 3993 justiﬁcantes.
1722 3912 1789 3973 Et
1838 3911 2109 3992 discipuli

446 3998 686 4078 quidem
720 3999 994 4079 fugcrunt
1024 4024 1037 4062 :
1068 4002 1347 4064 mulieres
1378 4009 1601 4082 autem,
1642 4001 2107 4062 condemnatum

446 4094 505 4149 et
536 4088 914 4150 maledictum
949 4109 1161 4171 genus,
1194 4099 1550 4171 permanent
1582 4109 1650 4151 ac
1682 4098 1955 4170 spectant
1985 4090 2107 4150 hmo

444 4176 731 4256 omnia,et
749 4177 1177 4256 justiﬁcatione
1205 4198 1274 4242 ac
1300 4178 1726 4241 benedictione
1756 4177 1859 4239 illa
1889 4179 2100 4239 frunno

2200 1943 2236 2008 ἡ
2294 1939 2463 2021 ἔχθρα
2515 1943 2604 1997 καὶ
2659 1943 2693 2008 ἡ
2752 1940 2982 2018 ἁμαρτία
3010 1955 3025 1971 ⁸
3101 1947 3257 1997 τοῦτο
3314 1941 3413 2017 γὰρ
3468 1940 3532 2007 ἦν
3595 1940 3655 1994 τὸ
3714 1936 3855 2013 μέγα

2202 2029 2507 2110 διάφραγμα
2556 2031 2619 2087 τὸ
2648 2027 2861 2085 διιστῶν
2910 2030 3053 2105 ἡμᾶς
3096 2028 3321 2087 ἐκεῖθεν.
3374 2036 3607 2085 Δείκνυσι
3637 2025 3716 2094 δὲ,
3770 2025 3857 2081 ὅτι

2204 2120 2264 2177 οὗ
2317 2117 2386 2174 δι’
2446 2117 2732 2193 ἀδυναμίαν
2763 2118 3069 2196 ἱσταυρώθη
3105 2139 3120 2155 ·
3181 2120 3209 2175 ὁ
3258 2120 3358 2196 γὰρ
3404 2124 3568 2173 ταῦτα
3596 2117 3853 2186 ποιήσας,

2206 2206 2432 2277 ἠδύνατο
2484 2208 2757 2273 κάκείνους
2816 2204 3085 2286 διαρρῆξαι
3140 2209 3228 2263 καὶ
3266 2208 3531 2287 ἀφανίσαι.
3585 2213 3748 2281 Φωνῇ
3798 2202 3856 2260 δὲ

2204 2294 2417 2374 μεγάλῃ
2450 2295 2667 2375 κράξας,
2702 2294 2886 2375 ἀφίησι
2930 2297 2992 2351 τὸ
3022 2302 3248 2372 πνεῦμα.
3300 2295 3565 2361 Ἐξουσίαν
3596 2295 3693 2371 γὰρ
3725 2294 3857 2372 εἶχε

2200 2387 2297 2452 τὴν
2329 2384 2513 2463 ψυχὴν
2544 2389 2701 2443 αὐτοῦ
2730 2388 2924 2459 θεῖναι,
2959 2385 3048 2441 καὶ
3069 2384 3230 2440 πάλιν
3258 2383 3445 2441 λαϐεῖν
3475 2384 3661 2451 αῦτην.
3694 2384 3791 2440 Καὶ
3823 2385 3859 2449 ἡ

2199 2474 2351 2554 φωνὴ
2382 2472 2516 2541 αὕτη
2546 2476 2623 2548 τῲ
2676 2475 2977 2553 κεν-,υρίωνι
3027 2476 3114 2530 καὶ
3168 2473 3337 2531 τᾶλλα
3363 2476 3600 2549 θαύματα
3630 2476 3857 2537 πίστεως

2201 2563 2465 2642 πρόφασις
2509 2562 2742 2641 ἐγενετο.
2777 2566 2849 2621 Οὐ
2892 2562 2992 2642 γὰρ
3041 2565 3114 2627 ὡς
3159 2565 3334 2627 κοινὸς
3379 2564 3675 2643 ἄνθρωπος,
3720 2559 3858 2618 ἀλλὰ

2198 2648 2524 2716 δεσποτικῶς
2566 2652 2889 2718 ἀπέθνησκε.
2950 2652 3049 2709 Καὶ
3107 2654 3424 2730 παραθήκην
3486 2654 3578 2708 τὸν
3634 2648 3859 2707 θάνατον

2198 2739 2498 2814 ὠνόμασεν,
2554 2743 2625 2806 ὡς
2685 2739 2846 2797 πάλιν
2908 2739 3219 2816 ληψόμενος
3271 2742 3369 2808 τὴν
3422 2742 3628 2821 ψυχήν.
3678 2740 3856 2814 Ταύτῃ

2198 2825 2253 2883 δὲ
2310 2828 2377 2903 τῇ
2434 2835 2586 2909 φωνῇ
2670 2836 2738 2905 τῇ
2826 2829 3009 2909 πρώτῃ
3085 2829 3375 2908 ελευθερίας
3447 2831 3743 2899 ἠξιώθησαν
3806 2831 3855 2883 αἱ

2199 2918 2370 2997 ψυχαὶ
2426 2922 2610 2994 ἡμῶν,
2672 2942 2765 2975 οικ
2808 2919 2885 2974 ἔτι
2931 2927 3021 2976 τοῦ
3080 2917 3176 2975 διαι
3203 2920 3328 2977 όλου
3391 2920 3610 3000 ἔχοντος
3668 2918 3854 2999 [ἰσχὺν

2198 3006 2341 3084 κατ’]
2395 3008 2588 3080 αὐτῶν,
2659 3006 2793 3063 ἀλλὰ
2850 3015 2927 3082 τῷ
2998 3011 3161 3087 Πατρὶ
3230 3009 3682 3090 παρατιθεμένων,
3746 3010 3853 3087 Πρὸ

2199 3096 2301 3174 γὰρ
2346 3104 2438 3152 τοῦ
2477 3098 2702 3156 θανάτου
2762 3106 2853 3153 τοῦ
2922 3106 3149 3176 Χριστοῦ
3218 3100 3356 3178 μέγα
3413 3100 3610 3156 δίκαιον
3668 3099 3730 3165 ἦν
3777 3107 3853 3171 τῷ

2200 3184 2430 3262 διαϐόλῳ
2476 3188 2610 3243 κατὰ
2652 3187 2759 3245 τῶν
2804 3193 2998 3268 ψυχῶν
3033 3204 3046 3217 ⁸
3096 3186 3184 3268 ἀφ’
3217 3197 3277 3245 οῦ
3319 3187 3373 3245 δὲ
3434 3191 3461 3245 ξ»
3510 3192 3624 3253 Υἱὸς
3655 3191 3749 3245 οὒκ
3780 3191 3853 3253 εἰς

2197 3276 2288 3331 τὸν
2319 3274 2477 3354 ᾅδην,
2508 3274 2627 3332 ἀλλ’
2672 3278 2744 3339 εἰς
2790 3298 2882 3340 τας
2930 3280 3187 3355 πατρικὰς
3246 3292 3443 3359 χεῖρας
3472 3280 3736 3357 παρέθηκε
3792 3281 3857 3335 τὸ

2196 3374 2430 3441 πνεῦμα,
2490 3364 2785 3444 ἐλευθερίας
2861 3366 3055 3445 ἔτυχον
3120 3369 3165 3422 οἱ
3232 3368 3283 3434 ἐξ
3353 3367 3501 3441 ᾅδου.
3564 3362 3744 3447 ὐπερ
3797 3366 3854 3424 δὲ

2196 3456 2349 3509 εἶπεν
2407 3458 2435 3510 ὁ
2496 3455 2711 3529 Κύριος,
2743 3454 2823 3511 ὅτι
2872 3477 2895 3511 u
2952 3449 3127 3513 ’Ὀταν
3170 3458 3386 3533 ὑψωθῶ,
3436 3458 3608 3516 πάντα
3647 3458 3854 3513 ἑλκύσω

2190 3546 2319 3621 πρὸς
2372 3544 2626 3625 ἐμαυτὸν,
2664 3563 2692 3602 ι
2755 3552 2840 3600 νῦν
2903 3548 3085 3625 ὁρᾶται
3130 3546 3389 3609 τελεσθὲν.
3437 3537 3690 3623 ’Υψωθεὶς
3752 3549 3854 3626 γὰρ

2190 3631 2271 3712 ἐφὶ
2299 3640 2544 3710 σταυροῦ,
2601 3632 2815 3690 ε’ἱλκυσε
2893 3634 3122 3713 λῃστὴν,
3156 3636 3401 3693 εἵλκυσεν
3432 3638 3851 3718 ἑκατόνταρχον,

2190 3720 2480 3780 ’Ἔτυπτον
2526 3722 2703 3779 δὲκαὶ
2764 3726 2829 3780 τὰ
2888 3726 3058 3794 στήθη
3104 3727 3208 3783 τῶν
3269 3725 3529 3784 Ἰουδαίων
3571 3729 3730 3802 τινὲς,
3764 3729 3855 3783 καὶ

2194 3823 2311 3874 τοῖς
2368 3826 2703 3890 σταυρωταϊς
2767 3812 3221 3889 ἐπιμεμφόμενοι,
3269 3815 3549 3895 προδήλως
3594 3818 3683 3871 τὸν
3738 3815 3854 3883 ’1η-

2195 3906 2317 3955 σοῦν
2373 3898 2657 3959 ἐδικαίουν.
2719 3906 2777 3959 Οἱ
2840 3904 2937 3979 μὲν
2987 3905 3076 3960 οὖν
3123 3907 3355 3981 μαθηταὶ
3385 3904 3576 3986 ἔφυγον
3608 3925 3623 3939 ’
3672 3910 3721 3963 αἱ
3752 3931 3857 3985 γυ·-

2195 4002 2377 4051 ναϊκες
2424 3987 2505 4070 δὲ,
2559 3993 2619 4047 τὸ
2676 3992 2993 4071 κατάκριτον
3048 3996 3197 4071 γένος
3226 3997 3313 4051 καὶ
3344 3996 3627 4074 ἐπάρατον,
3675 4019 3855 4072 παρα-

2193 4077 2436 4153 μένουσι,
2473 4080 2558 4136 καὶ
2617 4084 2870 4161 θεωροῦσι
2928 4086 3091 4139 ταῦτα
3149 4087 3343 4165 πάντα,
3372 4090 3459 4141 καὶ
3496 4092 3592 4153 τῆς
3623 4086 3856 4146 ἐντεῦθεν

2192 4166 2520 4233 δικαιώσεως
2572 4172 2661 4227 καὶ
2720 4171 2959 4249 εὖλογίας
3004 4173 3326 4232 ἁπολαῦουσι
3387 4182 3615 4254 πρῶται,
3676 4177 3851 4243 ὥσπερ

2193 4260 2282 4312 οῦν
2324 4261 2413 4315 καὶ
2468 4266 2568 4327 τῆς
2626 4260 2989 4325 ἀναστάσεως.
3050 4270 3121 4320 Σὺ
3202 4264 3256 4321 δέ
3314 4289 3410 4341 μοι
3469 4270 3701 4343 θαύμαζε
3760 4267 3855 4332 τὴν

445 4273 540 4326 tur
570 4266 962 4348 primae,sicut
990 4278 1047 4330 et
1076 4269 1545 4332 resurrectione.
1569 4269 1654 4331 Tu
1682 4277 1883 4330 autem
1907 4268 2104 4329 admi-

445 4346 583 4415 rare,
603 4355 761 4418 caecit
775 4346 931 4419 atem
952 4358 1485 4438 .ludaeorum,quod
1500 4358 2113 4428 dicunt,cDescendat

2196 4346 2446 4425 πώρωσιν
2501 4357 2607 4405 τῶν
2671 4348 2959 4413 Ἰουδαίων.
2993 4356 3052 4411 Οἱ
3098 4356 3197 4433 γὰρ
3241 4355 3511 4433 λέγοντες,
3560 4356 3639 4412 δτι
3690 4382 3715 4409 (ς
3757 4368 3860 4415 Κα-

443 4441 519 4504 de
544 4455 809 4526 cruce,et
829 4447 1145 4509 credemus
1172 4448 1233 4509 in
1269 4435 1405 4509 eum
1435 4465 1450 4509 :
1482 4467 1503 4496 ο
1535 4466 1669 4508 cum
1702 4447 1843 4508 visis
1875 4448 2113 4528 majori-

2198 4435 2413 4493 ταϐἀτω
2470 4438 2575 4496 ἀπὸ
2631 4447 2723 4497 τοῦ
2764 4450 3005 4522 σταυροῦ,
3069 4447 3156 4500 καὶ
3216 4449 3566 4521 πιστεύσομεν
3622 4448 3787 4520 αὐτῷ,
3830 4469 3853 4502 ι

444 4531 557 4595 bus
587 4553 704 4595 non
732 4535 1160 4601 credant.Num
1192 4536 1351 4600 enim
1383 4537 1613 4616 aequale
1636 4546 1748 4611 est,
1774 4537 2113 4600 descendis-

2200 4527 2269 4585 τὰ
2312 4528 2479 4603 μείζω
2538 4528 2758 4612 ἰδόντες,
2822 4547 2882 4589 ου
2940 4537 3269 4592 πιστεύουσιν
3358 4540 3430 4594 Οὐ
3473 4539 3571 4616 γὰρ
3629 4538 3749 4593 ἴσον
3793 4539 3861 4603 ἦν

441 4640 505 4683 se
517 4621 593 4683 de
605 4626 1265 4697 cruce,etobtenebrari
1280 4615 1690 4707 solem,petras
1704 4626 2099 4707 rumpi.terrae

2205 4615 2501 4681 καταϐῆναι
2572 4619 2678 4675 ἀπὸ
2735 4632 2827 4681 τοῦ
2897 4628 3137 4704 σταυροῦ,
3202 4628 3287 4681 καὶ
3360 4628 3592 4682 σκοτίσαι
3679 4625 3856 4693 ἥλιον,

443 4721 669 4774 motum
696 4713 1047 4777 horribilem
1075 4706 1510 4791 ﬁeri,mortuos
1547 4706 1890 4794 rescrgere,
1915 4716 2112 4779 velum

2201 4706 2393 4785 πέτρας
2463 4707 2640 4789 ῥῆξαι,
2725 4715 2944 4787 σεισμὸν
3001 4713 3223 4795 φοϐερὸν
3292 4717 3583 4789 ἐπισε“σαι,
3644 4721 3861 4795 νεκροὺς

439 4803 727 4879 scindi,et
757 4806 1098 4870 universam
1128 4815 1462 4869 creaturam
1494 4807 1770 4870 alterari?
1800 4805 1972 4871 Unde
1994 4825 2111 4868 non

2198 4794 2518 4877 ἀναστῆσαι,
2569 4802 2953 4895 καταπέτασμα
3013 4806 3224 4885 σχίσαι,
3258 4811 3344 4863 και
3374 4808 3506 4874 ὅλην
3549 4809 3645 4875 τὴν
3689 4810 3861 4863 κτίσιν

440 4900 529 4955 est
559 4895 715 4974 quod
741 4895 878 4976 quis
908 4895 1142 4960 dubitet
1171 4915 1360 4974 quare
1390 4915 1509 4958 non
1542 4896 2113 4959 descenderit.Satis

2199 4884 2497 4943 ἀλλοιῶσαι
2534 4904 2550 4963 ;
2592 4879 2767 4946 ΠΩιιττε
2814 4891 2999 4967 μηδεὶς
3060 4894 3135 4951 ἔτι
3169 4898 3433 4974 ἁπορείτω
3462 4895 3605 4954 διατί
3632 4903 3690 4957 οὐ
3718 4921 3859 4953 κατ-

440 4973 598 5046 enim
635 4973 853 5047 habeat
885 4987 1303 5069 certum,quod
1339 4985 1478 5048 licet
1501 4984 1679 5048 etiam
1713 4988 1827 5049 hoc
1848 4986 2108 5065 fecisset,

2199 4973 2319 5069 εϐη,
2379 4974 2516 5033 ἀλλὰ
2574 4977 2903 5059 ἀπεριέργως
2948 4980 3187 5061 δεχέσθω
3243 4973 3429 5065 ταῦτα,
3485 4984 3860 5065 λογιζόμενος,

438 5090 634 5154 neque
687 5082 828 5136 tunc
871 5064 1295 5149 credidissent,
1331 5082 1389 5136 et
1431 5075 1580 5137 nihil
1633 5076 1794 5137 aliud
1843 5064 2107 5137 secutum

2196 5064 2277 5121 ὅτι
2324 5067 2368 5121 εἷ
2412 5067 2500 5122 καὶ
2565 5074 2721 5125 τοῦτο
2765 5068 3038 5143 ἐποίησεν,
3108 5072 3210 5131 οὐδ’
3273 5064 3438 5138 οὕτως
3497 5064 3806 5132 ἐπίστευσαν
3843 5096 3855 5106 ·

437 5153 667 5238 fuiSset,
703 5181 881 5243 quam
931 5162 1331 5225 abbreviatam
1383 5165 1632 5226 salutem
1689 5183 1794 5244 per
1840 5183 2105 5226 crucem.

2196 5158 2279 5212 καὶ
2324 5153 2471 5212 οῦδὲν
2504 5153 2668 5245 ᾆλλο,
2714 5158 2749 5226 ἢ
2793 5160 2827 5228 ἡ
2886 5159 2969 5217 διὰ
3024 5171 3115 5219 τοῦ
3167 5165 3387 5243 σταυροῦ
3446 5168 3679 5245 σωτηρία
3724 5166 3858 5222 ἐκο-

440 5247 595 5335 Crux
629 5236 787 5311 enim
815 5252 974 5314 inter
1002 5256 1203 5315 omnia
1236 5254 1490 5315 maxima
1525 5236 1715 5331 gloria
1746 5254 1965 5317 Christi
1991 5263 2099 5317 est.

2196 5243 2435 5307 λοϐοῦτο.
2503 5236 2559 5303 Ὀ
2627 5248 2727 5326 γὰρ
2789 5254 3013 5329 σταυρὸς
3084 5251 3204 5318 δόξα
3300 5236 3546 5335 ξζριστοῦ,
3598 5236 3858 5332 ’μάλιστα

438 5334 622 5415 Igitur
644 5341 746 5420 qui
779 5341 919 5404 fecit
942 5344 1339 5425 majora,cum
1373 5363 1489 5404 non
1524 5344 1842 5407 crederent
1867 5344 2102 5425 illi,duo

2196 5350 2431 5398 πάντων.
2480 5338 2716 5406 Ποιήσας
2776 5338 2865 5394 οὖν
2923 5343 2988 5397 τὰ
3047 5344 3234 5418 μείζω,
3308 5349 3387 5421 μή
3458 5348 3861 5403 πιστευσάντων

434 5426 733 5508 praecipua
761 5422 1052 5509 operatus
1075 5422 1254 5497 estiet
1288 5453 1567 5513 magnum
1588 5452 1785 5497 crucus
1815 5422 2099 5516 tropaeum

2196 5425 2422 5507 ἱκείνων,
2476 5425 2565 5482 δύο
2609 5425 2663 5482 ἐν
2728 5430 2906 5505 ταυτῷ
2961 5431 3302 5513 κατώρθωσε,
3362 5436 3451 5493 τὸν
3517 5458 3575 5493 τε
3633 5438 3864 5516 σταυρὸν

436 5531 627 5595 usque
649 5518 720 5577 ad
740 5518 918 5580 tinem
942 5521 1313 5595 sustinuit,et
1336 5522 1472 5583 illos
1491 5523 1811 5585 declaravit
1832 5515 2098 5602 ingratos

2196 5516 2311 5599 ὶίχρι
2354 5515 2569 5596 τέλους,
2616 5517 2677 5572 τὸ
2722 5518 2862 5597 μέγα
2914 5521 3192 5602 τρόπαιον,
3240 5523 3489 5599 ὑπέμεινέ
3519 5547 3579 5582 τε
3609 5528 3696 5583 καὶ
3728 5515 3881 5581 54.2--

516 5674 569 5719 ⁸³
601 5673 756 5743 Psal.
784 5695 919 5751 xxx,
944 5684 1003 5741 6.
