4184 6400
311 348 459 413 1109

1022 347 1468 411 ENARRATIO
1513 348 1594 409 ΙΝ
1643 335 1981 410 EVANGEI

2069 337 2154 400 JM
2204 340 2447 404 LUCE.
2487 375 2543 386 —
2603 342 2766 405 CAP.
2821 342 3042 404 XXIV.

3556 334 3714 404 lHO

307 481 489 549 δέξατο
523 496 540 514 ⁸
587 481 858 545 κάκείνους
915 479 1105 547 ἔδειξεν
1151 479 1466 558 ἀγνώμονας
1523 480 1590 537 τά
1619 479 1816 555 πάντα,
1874 480 1964 536 καὶ

2069 490 2181 536 isse
2208 491 2317 556 per
2343 477 2636 549 omnia,et
2667 477 2819 540 nihil
2852 475 2993 539 boni
3021 475 3272 552 habere,
3295 474 3402 539 sed
3433 475 3687 541 incredu

311 571 476 649 μηδὲν
534 571 732 650 ἀγαθὸν
777 569 1030 652 ἔχοντας,
1077 568 1216 627 ἀλλά
1266 572 1334 646 τῇ
1387 569 1605 642 ἀπιστίᾳ
1664 591 1960 649 συγκεκρα-

310 683 525 736 μενους.

293 788 301 793 -
395 774 424 806 σ
458 753 555 810 Καὶ
609 748 721 809 ἰδοὺ
767 750 901 830 ἀνὴρ
960 750 1182 825 ὀνόματι
1219 746 1440 828 Ἰωσὴφ,
1470 748 1760 828 βουλευτὴς
1789 749 1963 829 ὒπάρ-

311 862 452 922 χων,
516 841 652 919 ἀνὴρ
708 842 902 918 ἀγαθὸς
960 840 1048 897 καὶ
1098 837 1297 904 δίκαιος
1349 842 1516 913 (οὗτος
1547 841 1642 898 οὐκ
1667 839 1733 908 ἧν
1763 862 1966 918 συγκα-

308 930 676 1003 τατεθειμένος
730 931 798 998 τῆ
853 928 1021 1006 βουλῇ
1087 930 1174 985 καὶ
1234 935 1304 1006 τῇ
1361 927 1540 1009 πράξει
1586 929 1799 1001 ανὸτῶν),
1859 929 1965 985 ἀπὸ

313 1017 655 1099 Ἀριμαθαίας
699 1019 910 1084 πόλεως
982 1024 1090 1076 τῶν
1147 1016 1433 1098 Ἰουδαίων,
1495 1020 1552 1084 ὃς
1608 1018 1965 1100 προσεδέχετο

311 1112 399 1166 καὶ
431 1109 586 1173 αὖτὸς
612 1110 710 1176 τὴν
738 1108 1013 1187 βασιλείαν
1041 1114 1134 1166 τοῦ
1167 1115 1318 1168 Θεοῦ.
1364 1108 1527 1173 Οὗτος
1557 1108 1862 1188 προσελθὼν
1889 1116 1966 1184 τῷ

313 1197 556 1274 Πιλάτῳ,
603 1200 844 1276 ᾐτήσατο
886 1199 948 1255 τὸ
990 1205 1148 1273 σῶμα
1189 1207 1282 1258 τοῦ
1323 1195 1521 1267 Ἰησοῦ,
1586 1200 1674 1256 καὶ
1729 1197 1966 1256 καθελὼν

313 1287 465 1360 αὖτὸ,
528 1287 814 1354 ὶνετύλιξεν
870 1289 997 1346 αὐτὸ
1062 1285 1280 1367 σινδόνι,
1346 1289 1434 1344 καὶ
1493 1287 1677 1356 ἔθηκεν
1734 1288 1859 1346 αὒτδ
1911 1289 1966 1345 ἐν

311 1381 558 1453 μνημείῳ
613 1377 871 1451 λαξευτῷ,
919 1376 980 1435 οὗ
1032 1379 1128 1434 οὐκ
1169 1377 1236 1444 ἧν
1267 1375 1473 1434 οὐδέπω
1501 1376 1664 1442 οὐδεὶς
1698 1381 1964 1454 κείμενος.

314 1470 413 1527 Καὶ
470 1468 644 1546 ἡμέρα
684 1470 754 1535 ἦν
795 1467 1133 1547 Παρααευῆ,
1192 1468 1280 1524 καὶ
1346 1464 1618 1525 Σάϐϐατον
1662 1467 1961 1550 ἐπέφωσκε,

319 1557 855 1628 Κατακολουθήσασαι
909 1555 964 1613 δὲ
1013 1570 1289 1636 γυναῖκες,
1351 1554 1554 1621 αἵτινες
1621 1555 1757 1625 ἦσαν
1815 1581 1973 1616 συνε-

310 1646 592 1713 ληλυθυται
650 1648 792 1722 αὖτῴ
872 1648 932 1704 ἐκ
990 1646 1090 1715 τῆς
1169 1644 1484 1725 Γαλιλαίας,
1555 1645 1840 1706 ἐθεάσαντο
1911 1651 1973 1707 τὸ

2051 561 2214 626 litate
2236 565 2623 630 fermentatos
2651 577 2713 631 et
2742 567 3030 649 perditos.

2129 740 2312 806 Vens.
2344 743 2689 810 50-56.:Et
2716 746 2976 819 ecce,vir
3006 744 3251 808 nomine
3267 744 3714 826 Joseph,decu-

2050 830 2274 912 rio,qui
2301 843 2426 896 erat
2454 834 2544 896 vir
2575 833 2770 896 bonus
2801 853 2869 896 ac
2889 834 3103 914 justus.
3156 834 3265 898 Hic
3292 854 3412 898 non
3445 853 3710 898 consen-

2048 927 2210 985 serat
2238 923 2493 986 consilio
2525 942 2591 986 ac
2624 924 2775 985 facto
2808 942 3044 998 eorum,
3078 924 3368 988 oriundus
3393 925 3466 986 ab
3486 924 3717 988 Arima-

2050 1009 2205 1075 lbaea
2234 1015 2468 1077 civitate
2496 1016 2865 1096 Judzeorum,
2886 1017 2987 1098 qui
3015 1017 3465 1098 exspectetabat
3494 1026 3552 1079 et
3583 1017 3717 1098 ipse

2048 1121 2296 1182 regnum
2322 1105 2455 1168 Dei.
2485 1106 2592 1168 Hic
2607 1105 2861 1167 accessit
2889 1106 2963 1167 ad
2995 1107 3269 1177 Pilatum,
3309 1114 3366 1168 et
3401 1106 3718 1185 postulavit

2050 1211 2264 1273 corpus
2292 1193 2464 1270 Jesu,
2489 1203 2546 1256 et
2574 1193 2909 1276 depositum
2933 1196 3176 1259 involvit
3200 1195 3478 1267 sindone,
3514 1204 3572 1258 et
3602 1215 3714 1277 po-

2048 1282 2168 1344 suit
2197 1282 2344 1344 illud
2375 1283 2437 1345 in
2462 1285 3040 1366 monumento,quod
3073 1293 3200 1347 erat
3221 1286 3283 1346 in
3314 1285 3514 1362 lapide
3540 1286 3709 1349 exci-

2048 1391 2181 1435 sum
2215 1373 2277 1434 in
2324 1392 2442 1456 quo
2494 1375 2759 1437 nondum
2791 1376 3102 1456 quisquam
3134 1375 3365 1454 positus
3394 1375 3608 1437 fuerat.
3638 1375 3712 1438 Et

2049 1461 2178 1523 dies
2199 1472 2325 1524 erat
2349 1467 2762 1545 Parasceve,et
2789 1463 3113 1526 Sabbatum
3135 1463 3720 1528 illucescebat.Sub-

2054 1560 2276 1613 secutae
2305 1560 2502 1615 autem
2535 1554 2844 1629 mulieres,
2880 1572 3012 1635 quae
3035 1572 3168 1615 cum
3226 1572 3297 1616 eo
3329 1561 3622 1616 venerant
3644 1553 3721 1616 de

2056 1639 2604 1716 Galilaaa,viderunt
2634 1649 3190 1718 monumentum,et
3211 1641 3718 1724 quemadmodum

312 1739 524 1813 μνῆμα,
587 1738 676 1795 καί
734 1739 808 1803 ὡς
864 1737 1015 1804 ὶτέθη
1066 1736 1128 1793 τὸ
1204 1741 1362 1813 σῶμα
1417 1737 1597 1796 αὐτοῦ.
1678 1728 1970 1820 Ὑποστρέ-

2069 1729 2309 1809 positum
2334 1739 2462 1793 erat
2489 1749 2706 1813 corpus
2735 1731 3171 1813 ejus.Reversae
3191 1750 3330 1795 vero
3363 1739 3720 1812 paraverunt

316 1811 480 1901 ψασαι
508 1811 515 1813 ν
539 1825 595 1884 δὲ
646 1828 947 1903 ἡτοίμασαν
990 1826 1248 1905 ἀρώματα
1289 1811 1382 1882 καὶ
1427 1827 1590 1904 μύρα.
1643 1828 1742 1885 Καὶ
1783 1830 1844 1884 τὸ
1874 1811 1973 1905 μὶν

2069 1829 2321 1882 aromata
2350 1828 2409 1882 et
2434 1811 2860 1901 unguentaiac
2915 1821 3158 1884 sabbato
3192 1811 3434 1903 quidem
3467 1821 3717 1904 quieve-

315 1913 589 1974 Σάϐϐατον
641 1918 926 1997 ἡσύχασαν
981 1916 1120 1972 κατά
1175 1915 1275 1974 τὴν
1351 1913 1598 1985 ἐντολήν,
1653 1939 1681 1971 ιι
1759 1920 1818 1974 El
1891 1920 1976 1975 καὶ

318 2005 504 2082 πρώην
547 2006 911 2086 κρυπτόμενος
955 2005 1023 2073 ἦν
1071 2008 1297 2085 Ἰωσὴφ,
1345 2002 1463 2061 ἀλλ’
1498 2005 1584 2061 οὗν
1616 2013 1704 2063 νῦν
1755 2013 1976 2088 πρᾶγμα

313 2093 613 2159 ἀξιέπαινον
672 2108 844 2169 ποιεῖ,
936 2095 1106 2151 καίτοι
1191 2092 1478 2170 βουλευτὴς
1554 2095 1815 2176 ὑπάρχων
1886 2096 1975 2153 καὶ

315 2183 594 2265 πλούσιος,
651 2186 740 2241 καὶ
804 2183 982 2260 τολμᾷ
1038 2182 1268 2255 ζητῆσαι
1353 2188 1515 2259 σῶμα
1561 2183 1856 2263 ἀνθρώπου,
1899 2188 1975 2249 ὡς

314 2275 567 2354 ἀντάρτου
623 2277 714 2332 καὶ
772 2279 1092 2331 στασιαστοῦ
1161 2271 1570 2350 σταυρωθέντος,
1637 2275 1726 2330 καὶ
1792 2273 1976 2332 οὐδένα

319 2363 552 2422 κίνδυνον
583 2362 956 2442 ὑπελογίσατο.
1027 2364 1214 2421 Καίτοι
1259 2358 1431 2417 δειλὸν
1486 2363 1513 2418 ὁ
1544 2360 1794 2440 πλοῦτος,
1839 2361 1977 2421 ἀλλά

314 2457 400 2511 καὶ
455 2457 718 2534 αίτετται,
763 2454 854 2510 καὶ
910 2453 1133 2529 ἒντὶμως
1190 2449 1400 2526 θάπτει,
1473 2452 1562 2508 καὶ
1619 2451 1673 2508 ἐν
1731 2456 1978 2529 μνημείῳ

315 2543 572 2619 λαξευτῷ,
609 2545 730 2602 ἔνθα
763 2542 930 2607 οὐδεὶς
962 2542 1124 2606 ἄλλος
1180 2543 1456 2598 κατέκειτο
1489 2557 1503 2571 ·
1551 2541 1645 2598 ’ίνα
1688 2544 1765 2618 μὴ
1796 2542 1976 2601 εἴπω-

317 2657 400 2691 σιν
452 2638 500 2692 οί
558 2635 901 2714 συκοφάνται,
965 2633 1046 2690 ὅτι
1097 2633 1274 2711 ἕτερον
1319 2632 1476 2708 σῶμα
1532 2630 1749 2700 ἀνέστη.
1811 2637 1874 2691 Al
1925 2630 1980 2690 δὲ

319 2738 596 2804 γυναῖκες,
645 2726 687 2781 εί
726 2725 816 2781 καὶ
855 2723 1032 2781 πίστιν
1077 2724 1240 2803 εἶχον
1283 2721 1414 2799 πρὸς
1457 2722 1551 2777 τὸν
1613 2723 1826 2804 Κύριον,
1859 2715 1978 2779 ἀλλ’

324 2802 428 2894 οὔχ
491 2814 615 2871 οἵαν
672 2811 802 2887 ἔδει,
868 2811 984 2869 ἀλλ’
1046 2802 1240 2878 ἀσθενῆ
1317 2812 1406 2868 καὶ
1455 2811 1670 2889 μικράν,
1732 2802 1825 2877 Ὠς
1879 2813 1980 2891 γὰρ

317 2905 477 2979 ψιλὸν
538 2902 813 2981 ἄνθρωπον
871 2903 1202 2982 νομίζουσαι,
1267 2901 1406 2980 μύρα
1474 2921 1532 2956 τε
1575 2902 1662 2955 καὶ
1722 2900 1980 2980 ἀρώματα

325 2994 686 3068 ἑτοιμάζουσι,
729 2994 864 3050 κατά
906 2994 968 3049 τὸ
1012 2991 1282 3071 κρατῆσαν
1354 2988 1468 3053 ἔθος
1528 2990 1670 3067 παρά
1712 2986 1982 3052 Ἰουδαίοις

325 3085 537 3147 πάντως
582 3083 668 3140 ἐπὶ
717 3096 836 3148 τοῖς
895 3095 1134 3162 νεκροῖς.
1183 3083 1283 3139 Καὶ
1333 3079 1522 3155 τὸμὲν
1555 3075 1827 3136 Σάϐϐατον
1857 3081 1988 3147 ἡσυ-

323 3175 573 3253 χάζουσι,
608 3174 745 3230 κατά
772 3174 871 3242 τὴν
900 3175 995 3230 τοῦ
1025 3173 1188 3248 νόμου
1218 3169 1461 3240 ἐντολήν.

924 3272 1177 3330 nam.
1220 3254 1352 3325 KA'.

321 3366 442 3444 Περὶ
473 3370 579 3422 τῶν
642 3363 1023 3439 σκοπουμένων
1070 3364 1161 3418 τὸν
1210 3363 1377 3442 τάφον
1406 3360 1851 3444 γυναικώνηῐιερὶ
1893 3366 1985 3417 τοῦ

398 3439 602 3526 Πέτρου
623 3445 913 3526 τρέχοντος
935 3445 1065 3523 πρὸς
1086 3445 1179 3500 τὸν
1208 3439 1396 3526 τάιρον,
1429 3443 1558 3526 ῌερξ
1579 3439 1826 3526 Κλεόπαμ,
1863 3442 1985 3526 Περὶ

402 3520 520 3584 τοῦ’
551 3520 800 3606 ὀφθέντος
860 3520 1063 3592 Ἰησοῦ.
1122 3525 1242 3602 Περὶ
1270 3520 1368 3592 τῆς
1424 3520 1730 3584 ἀναϐάσεως
1775 3523 1850 3585 είς
1893 3523 1984 3578 τὸν

400 3606 641 3683 οὐρανόν,

413 3726 437 3758 ι
475 3707 553 3778 Τῇ
599 3699 656 3756 δὲ
712 3706 807 3776 μιᾷ
861 3700 967 3756 τῶν
1011 3695 1301 3755 Σαϐϐάτων
1354 3697 1536 3778 ὅρθρου
1585 3695 1771 3774 βαθέος
1822 3694 1981 3764 ἦλθον

328 3793 413 3850 ἰπὶ
470 3793 531 3848 τὸ
593 3791 806 3866 μνῆμα,
867 3790 1110 3869 φέρουσαι
1170 3786 1204 3844 ἃ
1241 3789 1536 3864 ἡτοίμασαν
1582 3787 1864 3867 ἀρώματα,
1893 3788 1984 3842 καί

319 3905 462 3947 τινες
497 3883 587 3939 σὺν
619 3881 835 3946 αὐταῖς,
871 3879 1032 3958 Εὗρον
1063 3876 1118 3935 δὲ
1171 3880 1263 3935 τὸν
1321 3876 1462 3934 λίθον
1492 3873 1980 3950 ἀποκεκυλισμένον

318 3975 422 4030 ἀπὸ
479 3973 574 4028 τοῦ
625 3969 892 4046 μνημείου
923 3984 939 4000 ⁸
999 3970 1088 4025 καὶ
1143 3966 1492 4040 εἰσελθοῦσαι,
1542 3965 1647 4045 οὐχ
1704 3967 1852 4044 εὗρον
1920 3965 1982 4020 τὸ

321 4069 476 4139 σῶμα
520 4068 614 4118 τοῠ
672 4061 857 4132 Κυρίου
903 4058 1106 4125 Ἰησοῦ,
1169 4059 1268 4116 Καὶ
1311 4056 1521 4135 έγένετο
1564 4054 1619 4111 ἐν
1673 4060 1746 4128 τῷ
1787 4052 1984 4111 διαπο-
2018 4112 2046 4119 __

329 4156 535 4231 ρεῐσθαι
594 4151 754 4213 αὐτὰς
818 4149 938 4227 περὶ
979 4148 1184 4220 τούτου,
1243 4147 1331 4203 καὶ
1359 4143 1467 4202 ἰδοὺ
1499 4142 1678 4223 ἄνδρες
1710 4142 1799 4200 δύο
1857 4141 1983 4199 ἐπέ-

328 4229 528 4307 στησαν
573 4242 789 4311 αὐταῖς,
826 4237 880 4294 ἐν
935 4237 1150 4307 ἐσθῆσιν
1207 4235 1654 4316 ἀστραπτούσαις.
1700 4229 1986 4312 Ἐμφόϐων

326 4331 380 4388 δὲ
424 4328 724 4408 γενομένων
774 4332 973 4407 αὐτῶν,
1018 4327 1107 4383 καὶ
1142 4324 1439 4383 κλινουσῶν
1480 4325 1542 4380 τὸ
1585 4322 1870 4402 πρόσωπον
1915 4322 1987 4386 εἷς

2054 1910 2538 1972 runtsecundum
2556 1920 2981 1991 praeceptum.»
3008 1911 3230 1992 .loseph
3255 1911 3491 1972 tametsi
3526 1910 3718 1992 primo

2059 1997 2451 2073 latuerit,rem
2478 2004 2677 2062 tamen
2697 2000 2873 2061 laude
2889 2000 3127 2080 dignam
3154 2018 3316 2062 nunc
3336 1998 3717 2081 facit,quam-

2055 2088 2141 2148 vis
2164 2088 2539 2150 consiliarius
2570 2097 2733 2152 esset
2761 2107 2830 2152 ac
2846 2089 3103 2169 dives,et
3123 2089 3308 2152 audet
3338 2097 3540 2170 petere
3563 2107 3705 2151 cor-

2059 2195 2166 2257 pus
2197 2177 2457 2240 hominis
2485 2177 2747 2241 crucifixi
2770 2179 2938 2258 quasi
2974 2179 3304 2259 perduellis
3335 2188 3393 2241 et
3417 2177 3718 2258 seditiosi,

2057 2267 2198 2329 490
2217 2268 2570 2348 nullumque
2602 2267 2935 2348 periculum
2966 2268 3325 2349 suspicatur,
3358 2267 3500 2330 licet
3543 2267 3713 2349 peri-

2059 2357 2258 2419 culum
2284 2364 2444 2419 esset
2475 2357 2952 2420 divitiarumzsed
2992 2365 3053 2419 et
3095 2358 3262 2438 petit,
3311 2367 3368 2419 et
3391 2355 3722 2419 honoriﬁce

2059 2445 2296 2527 sepelit,
2327 2455 2388 2509 et
2417 2448 2476 2510 in
2523 2455 2910 2509 monumento
2959 2445 3158 2509 exciso
3211 2445 3313 2508 ubi
3344 2446 3542 2508 nullus
3571 2445 3724 2508 alius

2057 2536 2348 2615 jacuerat,
2385 2544 2448 2596 ut
2477 2555 2555 2598 ne
2583 2535 2782 2597 dicant
2804 2537 3180 2617 syc0pliantae
3199 2535 3358 2617 quod
3388 2535 3547 2598 aliud
3580 2553 3722 2597 cor-

2065 2643 2175 2704 pus
2207 2625 2850 2688 surrexerit.Mulieres
2874 2632 3074 2690 autem
3090 2626 3204 2688 etsi
3221 2625 3398 2688 (idem
3423 2624 3725 2688 habebant

2064 2732 2199 2794 erga
2232 2713 2581 2793 Dominum,
2615 2734 2732 2777 non
2768 2724 2969 2778 tamen
2999 2715 3233 2795 qualem
3265 2714 3722 2796 oportebat,sed

2061 2803 2360 2866 inﬁrmam
2393 2823 2460 2866 ac
2496 2803 3081 2884 parvam.Habebant
3108 2804 3270 2866 enim
3301 2823 3438 2867 eum
3470 2822 3577 2885 pro
3604 2823 3722 2884 pu-

2064 2911 2132 2954 ro
2165 2893 2430 2968 homine,
2461 2893 2622 2955 unde
2653 2902 2712 2955 et
2740 2902 3004 2957 aromata
3034 2903 3093 2955 et
3121 2902 3426 2970 unguenta
3472 2909 3723 2974 parave-

2066 2981 2389 3063 rant,juxta
2410 2991 2669 3044 veterem
2691 2983 3037 3045 Judzeorum
3061 2983 3552 3045 consuetudinem
3571 3000 3726 3044 sem-

2068 3090 2173 3152 per
2205 3072 2578 3136 observatam
2610 3072 2685 3134 de
2717 3072 2968 3134 mortuis
3007 3071 3328 3152 ungendis:
3361 3071 3431 3134 Et
3478 3069 3724 3134 sabbato

1995 3169 2036 3222 C
2063 3161 2308 3242 quidem
2333 3163 2694 3242 quieverunt
2716 3162 2883 3240 juxta
2907 3161 3251 3224 mandatum
3279 3161 3448 3242 legis.

2653 3254 2901 3319 CAPUT
2945 3254 3152 3320 XXIV.

2067 3351 2155 3414 De
2183 3350 2591 3414 invisentibus
2614 3349 2958 3430 sepulcrum
2985 3350 3243 3413 mulieri
3251 3351 3379 3413 bus.
3412 3351 3498 3413 De
3541 3349 3727 3413 Petro

2147 3433 2230 3494 ad
2262 3429 2717 3494 monumentum
2747 3438 3055 3493 currente.
3087 3431 3170 3492 Dc
3197 3430 3452 3511 (Ζιεοριιἶ
3481 3429 3572 3494 De
3603 3447 3722 3510 ap-

2151 3513 2540 3593 apparz'tione
2565 3511 2730 3574 Jesu.
2760 3511 2850 3574 De
2878 3511 3230 3574 ascensione
3257 3512 3323 3574 in
3345 3510 3586 3587 coelum,

2149 3681 2334 3746 Vens.
2365 3678 2723 3744 4-12.«Una
2752 3686 2950 3743 autem
2984 3679 3406 3756 Sahhatorum,
3433 3679 3723 3762 profundo

2067 3771 2823 3855 crepusculo,veneruntad
2842 3777 3726 3853 monumementum,portautes

2068 3882 2201 3945 quae
2230 3871 2580 3944 paraverant
2600 3870 2958 3941 aromata,et
2980 3860 3285 3923 nonnullae
3305 3879 3441 3924 cum
3466 3859 3729 3922 ittis.Re-

2070 3959 2354 4034 pererunt
2378 3957 2574 4013 autem
2600 3949 2858 4030 lapidem
2882 3950 3216 4012 revolutum
3236 3968 3270 4011 a
3293 3957 3722 4011 monumento:

2071 4052 2130 4103 et
2158 4041 2466 4120 ingressae,
2501 4058 2620 4101 non
2657 4040 3013 4103 invenerunt
3040 4057 3260 4120 corpus
3290 4038 3524 4101 Domini
3552 4035 3727 4101 Jesu.

2069 4131 2138 4194 Ei
2174 4131 2390 4192 factum
2430 4137 2544 4209 est,
2577 4129 2718 4190 dum
2767 4137 2967 4190 mente
2996 4137 3395 4192 consternatae
3425 4136 3626 4190 essent
3659 4127 3730 4190 de

2070 4221 2208 4293 hoc,
2243 4238 2385 4282 ecce
2416 4219 2532 4281 duo
2562 4219 2670 4279 viri
2690 4225 2982 4280 steterunt
3006 4219 3180 4298 juxta
3213 4218 3346 4280 illas
3374 4218 3436 4280 in
3472 4217 3730 4279 vestibus

2071 4305 2679 4391 fulgurantibus.Cum
2714 4307 3092 4388 expavissent
3119 4316 3342 4379 autem.
3365 4315 3423 4368 et
3455 4306 3727 4369 declina-

330 4394 448 4489 τὴν.
481 4394 608 4498 γῆιν,
668 4419 827 4475 εἷπον
879 4394 1012 4496 πρθς
1067 4415 1225 4480 αὐτάς
1258 4432 1274 4448 ⁶
1324 4415 1386 4474 Τί
1413 4421 1629 4486 ζητεῖτε
1674 4414 1764 4468 τὸν
1818 4413 1981 4483 ζῶντα

2074 4409 2208 4463 rent
2238 4399 2458 4460 vultum
2493 4397 2550 4457 in
2585 4397 3115 4498 terram,diaerunt
3136 4397 3211 4459 ad
3233 4394 3549 4498 illas:Quicl
3572 4412 3730 4475 quae-

332 4512 467 4583 μετὰ
524 4513 629 4565 τῶν
681 4514 930 4587 νεκρῶν;
987 4509 1094 4565 Οὐκ
1170 4504 1309 4562 ’ἐστιν
1365 4502 1491 4574 ὧδε,
1569 4499 1688 4558 ἀλλ’
1761 4498 1982 4587 ἠγέρθη.

329 4602 639 4678 Μνήσθητε,
687 4586 1062 4662 ὼςνὲλάλησεν
1117 4596 1247 4670 ὑμῖν
1297 4593 1376 4652 ἔτι
1406 4593 1481 4650 ὢν
1511 4592 1566 4649 έν
1593 4596 1664 4668 τῇ
1705 4586 1984 4678 Γαλιλαίᾳ,

327 4691 527 4770 λέγων,
583 4677 664 4744 ὅτι
714 4700 811 4742 Δεῖ
861 4687 953 4742 τὸν
999 4685 1119 4741 Υἱὸν
1163 4691 1255 4741 τοῦ
1297 4682 1571 4761 ἀνθρώπου
1632 4677 1988 4758 παραδοθῆναι

329 4782 402 4844 εἰς
435 4792 630 4860 χεῖρας
693 4775 983 4855 ἀνθρώπων
1042 4771 1396 4852 ἁμαρτωλῶν,
1465 4773 1553 4828 γαὶ
1596 4771 1984 4860 σταυρωθῆναι,

328 4872 413 4926 καὶ
440 4857 565 4944 Ἶτῇ
645 4867 795 4946 τρίτῃ
879 4864 1052 4943 ἡμέρᾳ
1107 4863 1422 4928 ἀναστῆναι.
1499 4860 1595 4918 Καὶ
1651 4857 1988 4933 ἐμνήσθησαν

327 4965 432 5014 τῶν
492 4955 748 5034 ῥημάτων
819 4953 979 5010 αὐτοῦ
1012 4968 1026 4983 ⁶
1094 4953 1191 5011 Καὶ
1267 4950 1664 5030 ὑποστρέψασαι
1735 4946 1841 5002 ἀπὸ
1896 4951 1991 5034 του

331 5027 620 5122 μνημέίου,
682 5041 1019 5123 ἀπήγγειλαν
1062 5049 1228 5098 ταῦτα
1256 5027 1449 5097 πάντα⁷
1480 5051 1598 5105 τοῖς
1643 5035 1852 5108 ἕνδεκα,
1903 5027 1996 5123 καί

332 5113 460 5194 πᾶσι
505 5113 624 5197 τοῖς
669 5113 887 5196 Aonii;
922 5148 937 5163 ⁸
974 5135 1110 5200 ἦσαν
1141 5129 1198 5187 δὲ
1228 5132 1264 5198 ἡ
1300 5127 1630 5208 Μαγδαληνὴ
1676 5126 1870 5204 Μαρία,
1909 5113 1996 5180 καὶ

335 5227 580 5305 Ἰωάννα,
639 5225 728 5280 καὶ
783 5222 957 5298 Μαρία
1015 5218 1294 5294 Ἰακώϐου,
1389 5219 1477 5274 καὶ
1547 5221 1600 5274 αἱ
1667 5214 1851 5273 λοιπαὶ
1906 5213 1999 5305 σὺν

335 5297 579 5386 αὖταϊςξ
607 5316 666 5369 αἳ
721 5297 909 5390 ἔλεγον
952 5312 1083 5388 πρὸς
1127 5309 1252 5373 τοὺς
1282 5305 1613 5370 ἀποστόλους
1654 5307 1842 5365 ταῦτα.
1901 5297 2001 5359 Καὶ

337 5406 609 5488 ἐφάνησαν
677 5402 904 5459 ἐνώπιον
992 5401 1163 5456 αὐτῶν
1232 5399 1358 5488 ὡσεὶ
1432 5395 1590 5474 λῆρος
1648 5395 1716 5453 τὰ
1788 5393 2000 5488 ῥήματα

339 5477 530 5574 αθτῶν,
576 5493 666 5549 καὶ
708 5492 969 5560 ἧπὶστουν
1027 5487 1242 5552 αὒταϊς.
1292 5477 1349 5546 ⁹0
1385 5483 1439 5542 δὲ
1491 5485 1686 5564 Πέτρος
1739 5481 1992 5574 ἀναστὰς,

335 5569 557 5663 ἕδραμέν
609 5582 699 5639 ἐπὶ
774 5583 834 5638 τὸ
893 5592 1193 5658 μνημεῖον,
1267 5578 1355 5634 καὶ
1425 5574 1743 5656 παρακύψας
1809 5569 1998 5649 βλέπει

343 5660 551 5744 vri-ir."
611 5674 675 5728 τὰ
735 5672 912 5727 ὀθόνια
971 5672 1132 5743 μόνα,
1217 5669 1304 5722 καὶ
1358 5664 1562 5733 ἀπῆλθε
1635 5665 1765 5741 πρὸς
1812 5660 2002 5717 ἑαυτὸν

2069 4490 2197 4551 ritis
2216 4489 2508 4550 viventem
2545 4503 2677 4546 cum
2713 4485 3132 4549 mortuisiNon
3169 4495 3259 4547 est
3291 4485 3411 4558 hic,
3445 4483 3549 4545 scd
3583 4500 3721 4544 sur-

2070 4580 2242 4641 rexit.
2278 4572 2704 4640 Recordamini
2729 4581 2794 4633 ut
2823 4573 3249 4646 dixeritvobis,
3285 4591 3420 4635 cum
3444 4573 3638 4635 adhuc
3669 4571 3730 4633 in

2071 4668 2310 4734 Galilaza
2331 4663 2727 4740 esset,dicens
2759 4663 2916 4742 quod
2940 4663 3271 4744 oportuerit
3297 4661 3516 4724 Filium
3540 4659 3731 4722 homi-

2070 4759 2166 4820 nis
2189 4755 2339 4818 tradi
2358 4755 2420 4816 in
2437 4769 2644 4815 manus
2667 4751 2971 4813 hominum
2986 4761 3452 4833 peccatorum,et
3465 4749 3730 4830 crucifigi

2073 4857 2131 4910 et
2147 4847 2243 4908 die
2271 4844 2446 4907 tertio
2463 4841 2886 4920 resurgere.Et
2899 4841 3230 4903 recordata;
3254 4849 3394 4903 sunt
3409 4840 3731 4902 verborum

2079 4939 2230 5018 ejus,
2265 4945 2324 4998 et
2344 4949 2633 5013 regressae
2660 4949 2694 4992 a
2719 4939 3110 4994 monumento
3151 4931 3573 4994 nuntiaverunt
3605 4929 3732 4999 hac

2080 5026 2281 5090 omnia
2309 5023 2429 5085 illis
2458 5019 2832 5093 undecim,et
2859 5022 3092 5084 caeteris
3121 5019 3610 5084 omnibus.Erant
3629 5036 3731 5080 au-

2081 5125 2200 5180 tem
2233 5113 2420 5180 Maria
2447 5109 2813 5191 Magdaleue,
2848 5118 2906 5172 et
2935 5113 3187 5193 Joanna,
3213 5120 3271 5174 et
3299 5110 3477 5173 Maria
3497 5107 3729 5183 Jacobi,

2082 5213 2145 5271 et
2174 5214 2404 5268 caetera;
2434 5219 2565 5281 quae
2607 5217 2740 5262 cum
2797 5200 2883 5261 eis
2934 5209 3124 5278 erant,
3174 5219 3306 5283 quae
3353 5199 3635 5263 dicebant
3663 5196 3738 5261 ad

2081 5295 2384 5379 apostolos
2413 5293 2562 5354 haec.
2598 5289 2667 5379 Et
2699 5287 2824 5350 visa
2853 5300 2992 5353 sunt
3017 5293 3173 5373 apud
3215 5291 3348 5353 illos
3375 5309 3485 5353 ceu
3511 5287 3739 5379 delira-

2083 5377 2350 5449 mentum
2403 5379 2584 5444 verba
2628 5377 2892 5455 illarum,
2945 5400 3146 5462 neque
3176 5380 3564 5444 crediderunt
3595 5378 3736 5442 illis.

2082 5477 2295 5539 Petrus
2328 5480 2527 5535 autem
2551 5485 2802 5548 surgens
2834 5471 3100 5537 cucurrit
3144 5471 3218 5533 ad
3259 5479 3738 5542 monumentum,

2084 5574 2144 5630 et
2196 5561 2566 5648 prospiciens
2621 5558 2783 5621 videt
2828 5559 3182 5624 linteamina
3221 5561 3349 5624 sola
3412 5559 3626 5641 posita,
3682 5564 3744 5619 et

2084 5655 2233 5718 abiit
2253 5652 2410 5734 apud
2435 5648 2820 5730 semetipsum
2853 5650 3159 5712 admirans
3190 5651 3345 5733 quod
3379 5649 3740 5714 acciderat.-
