4184 6398
451 347 606 412 1115
1422 352 2025 422 THEOPHYLACTI
2066 357 2114 420 B

2207 358 2483 422 ,ΕΑΒιῶ
2526 358 2894 422 ARCHIEP.
3708 352 3865 420 1110

442 480 759 563 speculum
790 482 1201 566 puriﬁcaveris
1233 484 1292 548 in
1317 485 1521 549 labore
1551 494 1610 549 et
1638 486 1885 569 sudore,
1907 489 2105 554 neuti-

2207 493 2278 549 ιαὶ
2337 495 2428 550 τὸν
2481 492 2643 573 λόγον
2716 490 2970 566 σπούδαζε
3044 490 3219 573 ἔχειν.
3284 490 3436 551 Οὕτω
3490 491 3577 548 καὶ
3634 492 3663 547 ὁ
3735 491 3870 549 Θεὸς

446 590 624 662 quam
661 573 1041 655 concupitam
1077 576 1583 655 pulchritudinem
1617 578 1680 639 in
1725 579 1973 658 speculo
2005 598 2115 644 su-

2207 584 2511 662 συνεργήσει
2611 607 2714 640 σοι.
2811 582 3072 661 Πρότερον
3170 582 3271 661 γὰρ
3348 582 3383 648 ἡ
3440 578 3655 660 πρᾶξις,
3741 580 3870 637 εἶτα

453 661 693 741 spicies.
734 661 936 725 «Beati
990 665 1150 727 enim
1204 666 1425 728 mundo
1471 667 1653 730 corde
1684 668 1769 741 45,
1805 692 1834 724 ι
1887 665 2023 751 |hoc
2054 669 2120 732 ﬁt

2207 661 2388 751 θεωρία
2457 675 2545 730 καὶ
2596 672 2885 749 ἔλλαμψις.
2944 673 3001 730 Εἰ
3079 670 3159 748 μὴ
3247 672 3309 728 τὸ
3393 670 3690 749 κάτοπτρον
3761 691 3866 727 κο-

454 769 560 825 per
608 751 813 833 opera]
871 777 899 809 α
943 754 1084 835 quia
1144 754 1257 834 ipsi
1309 758 1495 820 Deum
1557 756 1889 820 videbunt:
1932 781 1956 815 ο
2020 758 2119 821 hic

2207 761 2427 839 Βαρίσεις
2483 764 2537 819 εν
2596 762 2748 836 πόνῳ
2804 762 2893 817 καὶ
2947 757 3147 840 ἱδρῶτι,
3222 761 3318 817 οὐκ
3349 757 3410 817 ἂν
3461 761 3520 816 τὸ
3591 760 3863 835 ποθούμε-

454 842 978 922 contemplationis
1009 853 1099 907 est
1131 845 1287 910 ﬁnis.
1326 846 1574 926 Oportet
1604 854 1802 908 autem
1838 865 1971 909 esse
2002 866 2118 927 po-

456 938 675 993 tentem
706 931 767 993 in
790 952 977 1013 opere
1009 941 1068 996 et
1108 951 1390 997 sermone
1444 954 1648 997 coram
1709 938 1858 1006 Deo,
1892 946 1950 999 et
1981 945 2122 1002 tunc

452 1014 650 1082 coram
676 1023 837 1084 omni
876 1023 1116 1104 populo.
1156 1024 1329 1087 Prius
1361 1026 1521 1086 enim
1562 1026 1803 1107 placere
1834 1024 1975 1089 493
2007 1028 2085 1089 de
2108 1060 2121 1073 -

451 1109 662 1172 bemus
698 1113 844 1181 Deo.
866 1112 1087 1175 deinde
1110 1113 1304 1176 danda
1336 1133 1519 1195 opera
1540 1124 1600 1177 ut
1623 1116 1801 1178 etiam
1837 1117 1995 1179 inter
2014 1135 2124 1178 nos

456 1199 586 1261 sine
618 1202 849 1264 macula
872 1203 1140 1265 vivamus
1172 1216 1462 1285 quantum
1496 1205 1625 1266 fieri
1659 1216 1857 1286 potest
1892 1227 1905 1267 :
1942 1215 2000 1267 et
2022 1224 2125 1267 nec

454 1309 570 1371 que
600 1290 659 1352 in
693 1291 902 1370 primis
951 1294 1251 1373 quomodo
1305 1293 1651 1360 hominibus
1701 1296 1958 1376 placeas,
2010 1294 2119 1357 sed

457 1380 756 1460 quomodo
809 1381 1033 1444 servias
1066 1385 1209 1465 Deo,
1240 1384 1601 1446 studendum
1641 1405 1653 1448 :
1688 1404 1883 1467 neque
1914 1385 2117 1447 viven-

459 1469 597 1529 dum
632 1478 694 1531 ut
726 1471 924 1534 multis
954 1471 1036 1535 sis
1075 1472 1381 1549 seandalo,
1410 1473 1512 1535 sed
1545 1482 1604 1535 et
1643 1474 1756 1537 hoc
1807 1484 1943 1555 post
1972 1474 2113 1536 illud

2203 873 2291 907 νον
2346 851 2541 917 κάλλος
2600 851 2980 928 γατοπτρίσῃς.
3048 868 3078 909 (
3143 850 3404 929 Μακάριοι
3461 850 3563 929 γὰρ
3635 851 3682 908 οἱ
3753 872 3862 906 κα-

2201 940 2348 1020 θαροί
2403 947 2471 1018 τῇ
2523 939 2728 1020 καρδίᾳ,
2794 964 2817 997 ι
2882 946 3040 997 τοῦτο
3109 938 3195 995 διὰ
3252 945 3358 995 τῶν
3416 938 3607 1019 ἔργων’
3670 964 3696 994 ε
3776 938 3859 995 ὅτι

2204 1030 2349 1087 αὑτοὶ
2395 1032 2486 1087 τὸν
2542 1033 2673 1088 Θεὸν
2728 1032 2976 1109 ὄψονται,
3011 1054 3038 1085 ι
3074 1036 3230 1087 τοῦτο
3260 1033 3359 1097 τῆς
3403 1029 3623 1108 θεωρίας
3654 1031 3717 1085 τὸ
3764 1027 3863 1085 τέ-

2205 1119 2321 1184 λος.
2386 1134 2484 1179 Δεῖ
2512 1119 2566 1176 δὲ
2639 1134 2778 1177 εῖναι
2810 1117 3026 1176 δυνατὸν
3057 1118 3112 1175 έν
3156 1118 3294 1199 ἔργῳ
3326 1120 3413 1175 καὶ
3443 1117 3588 1196 λόγῳ
3631 1117 3867 1175 ἐναντίον

2204 1218 2298 1267 τοῦ
2358 1210 2515 1284 Θεοῦ,
2567 1212 2656 1267 καὶ
2722 1212 2842 1266 τοτε
2874 1209 3105 1266 ἐναντίον
3162 1210 3360 1272 παντὸς
3392 1215 3483 1266 τοῦ
3512 1207 3669 1269 λαοῦ.
3702 1213 3867 1288 Πρῶ-

2202 1322 2293 1356 τον
2352 1300 2450 1378 γὰρ
2521 1298 2764 1379 ἀρεστέον
2811 1305 2950 1374 Θεῷ,
2980 1298 3105 1355 εἶτα
3146 1299 3235 1354 καὶ
3263 1300 3325 1355 τὸ
3355 1297 3654 1373 ἀμώμητον
3685 1319 3868 1355 σπου-

2202 1387 2418 1446 δαστέον
2488 1391 2621 1467 πρὶς
2680 1390 3012 1467 ανθρώπονς,
3068 1389 3142 1449 ὡς
3202 1386 3264 1447 ἄν
3323 1386 3569 1467 ἐγχωρῇο
3600 1389 3687 1443 καὶ
3717 1388 3861 1463 μήτε

2200 1483 2299 1547 τὴν
2371 1479 2863 1558 ἀνθρωπαρέσκειαν
2918 1476 3302 1555 προτιμητέον,
3377 1476 3515 1533 ἀλλά
3586 1477 3682 1545 τὴν
3738 1480 3866 1533 θεο-

462 1558 916 1639 providendum,
948 1562 1103 1643 quod
1136 1570 1195 1625 et
1222 1563 1473 1644 Sapiens
1503 1563 1704 1626 dicitzc
1734 1563 1987 1626 Provide
2005 1565 2116 1625 bo-

2207 1567 2431 1627 σέὅειχψ
2509 1571 2647 1644 μήτε
2718 1569 2847 1647 πρὸς
2920 1569 2982 1623 τὸ
3013 1565 3304 1624 σκάνδαλον
3332 1574 3439 1623 τῶν
3471 1567 3684 1625 πολλῶν
3726 1570 3861 1645 βιω-

462 1667 535 1739 na
567 1666 768 1739 coram
799 1649 942 1729 Deo,
969 1651 1188 1713 deinde
1211 1660 1269 1714 et
1297 1671 1493 1713 coram
1529 1654 1869 1715 hominibus
1893 1652 2015 1713 46»
2047 1654 2121 1716 Et

2207 1659 2344 1739 τέον,
2405 1657 2543 1717 ὀλλά
2598 1661 2687 1717 καὶ
2744 1658 2929 1716 τούτου
2998 1658 3115 1732 μετ’
3217 1656 3446 1723 ἐκείνους
3515 1660 3862 1739 προνοητέον

463 1736 676 1799 Paulus
703 1738 852 1801 istuc
876 1740 1065 1819 ipsum
1090 1741 1253 1803 dicit.
1285 1767 1312 1797 α
1345 1741 1462 1804 Nos
1481 1752 1677 1805 autem
1703 1744 2116 1824 Sperabamus,

2207 1750 2231 1805 ἱ)
2305 1736 2394 1806 καὶ
2450 1749 2621 1829 Σοφός
2681 1763 2833 1827 φησι·
2919 1768 2943 1804 ι
2981 1753 3213 1827 Προνοοῦ
3244 1746 3381 1805 καὶᾶ
3432 1736 3658 1805 ἐνώπιον
3703 1754 3863 1827 Θεοῦ,

465 1827 669 1917 inquit,
703 1829 859 1908 quod
886 1828 1014 1908 ipse
1046 1840 1201 1892 esset
1249 1832 1672 1912 redempturus
1704 1833 1905 1895 Israel.
1942 1832 2122 1905 Quasi

2208 1839 2333 1895 εἶτα
2388 1841 2475 1895 καὶ
2544 1839 2854 1917 ἀνθρώπων·
2932 1856 2959 1896 )
3040 1838 3129 1894 καὶ
3201 1835 3407 1901 Παῦλος
3493 1844 3649 1896 τοῦτο
3712 1838 3866 1897 αὖτό.

464 1916 723 1979 frustrati
745 1936 851 1996 spe
887 1918 1113 1984 dicunt:
1146 1919 1265 1982 Nos
1292 1921 1682 2002 sperabamus
1710 1922 1865 2003 quod
1916 1922 2044 2005 ipse
2068 1930 2128 1985 et

466 2005 614 2067 alios
636 2005 968 2069 salvaturus
998 2021 1157 2071 esset
1186 2032 1201 2069 :
1238 2028 1378 2072 ecre
1403 2029 1597 2092 neque
1628 2013 1890 2094 seipsum
1922 2030 2126 2073 serva-

467 2096 565 2156 vit.
612 2094 781 2158 Adeo
805 2097 968 2158 molli
1003 2107 1173 2161 erant
1220 2100 1419 2161 animo
1452 2113 1512 2163 et
1553 2120 1761 2182 parum
1797 2100 2024 2164 ﬁdenti.
2061 2104 2128 2162 Et

465 2203 650 2265 prope
683 2185 890 2248 eadem
949 2187 1233 2251 dicebant
1289 2209 1421 2270 qua:
1471 2191 1560 2254 illi
1605 2192 1664 2252 iu
1693 2210 1873 2253 cruce
1914 2208 1928 2253 :
1963 2191 2127 2254 Alios

463 2274 739 2349 servavit,
773 2277 1033 2356 seipsum
1070 2297 1185 2340 non
1220 2288 1410 2360 potest
1431 2299 1692 2343 servare.
1727 2279 1879 2353 Ideo.
1900 2288 1952 2342 et
1973 2279 2123 2341 insi-

466 2366 695 2448 pientes
725 2388 828 2430 eos
857 2378 1045 2441 vocat,
1079 2380 1136 2432 et
1173 2372 1377 2434 tardos
1420 2374 1491 2435 ad
1545 2373 1937 2438 credendum.
1972 2372 2120 2446 Quid

462 2465 657 2517 autem
692 2466 780 2519 est
820 2458 1037 2521 redimi
1100 2459 1310 2524 Israel?
1342 2462 1607 2525 Diximus
1640 2461 1796 2543 quod
1825 2461 2123 2526 Christum

465 2546 889 2625 exspectabant
922 2549 1481 2627 vulgaresetminus
1521 2551 1823 2614 exercitati
1868 2553 2123 2613 salvato-

464 2654 590 2697 rem
613 2643 670 2718 et
690 2637 1131 2718 redemptorem
1151 2658 1183 2700 a
1205 2640 1375 2701 malis
1397 2660 1527 2722 quae
1540 2642 1627 2703 eis
1648 2640 2127 2711 imminebant,et

467 2744 497 2785 a
509 2727 654 2805 jugo
670 2726 979 2789 servitutis
996 2730 1869 2812 Romanorum,sperabantque
1882 2749 2017 2792 eum
2034 2747 2125 2792 re-

462 2825 778 2896 gnaturum
808 2826 870 2878 ut
891 2836 1092 2898 regem
1120 2821 1591 2884 terrenumzideo
1616 2830 1675 2883 et
1696 2820 1925 2893 dicunt,
1957 2844 1980 2877 ε
2008 2818 2126 2881 Nos

463 2905 853 2984 sperabamus
875 2910 1029 2990 quod
1069 2909 1195 2990 ipse
1225 2910 1648 2992 redempturus
1678 2923 1835 2973 esset
1858 2909 2062 2972 Israel.
2098 2934 2118 2966 ο

463 2996 743 3060 videlicet
770 2998 1146 3077 agentilibus
1179 3001 1557 3065 Romanis.et
1588 3000 1714 3081 ipse
1745 3019 1939 3081 neque
1961 2999 2124 3077 inju-

464 3094 614 3148 stam
648 3087 1010 3149 sentenliam
1044 3098 1250 3151 contra
1284 3108 1348 3151 se
1372 3090 1548 3152 latam
1582 3089 2126 3169 cﬁ‘ugit.cEthodie

465 3176 672 3238 tertius
704 3175 833 3239 dies
860 3186 974 3253 est,
1006 3188 1067 3242 et
1116 3179 1403 3242 mulieres
1457 3188 1803 3242 terruerunt
1849 3198 1977 3259 nos,
2011 3203 2033 3236 ι
2067 3189 2126 3241 et

462 3276 697 3330 cmtera.
734 3265 873 3329 Haec
897 3268 1063 3348 quasi
1083 3268 1424 3332 dubitantes
1455 3269 1663 3332 dicunt
1698 3291 1713 3332 :
1750 3278 1809 3331 et
1856 3269 2127 3331 videntur

462 3355 606 3417 mihi
630 3356 739 3417 viri
764 3357 824 3419 in
855 3357 1025 3420 valde
1056 3358 1333 3438 ambigua
1356 3378 1488 3423 esse
1521 3359 1906 3439 sententia,et
1931 3378 2124 3440 neque

460 3445 629 3506 valde
660 3448 1031 3519 discredere,
1061 3468 1254 3529 neque
1290 3458 1453 3511 recte
1484 3447 2001 3512 credere.Etenim
2025 3448 2122 3511 di-

461 3535 690 3599 cendo:
771 3562 792 3593 ‹
830 3537 1231 3619 Sparabamus
1281 3538 1437 3621 quod
1492 3538 1917 3620 redempturus
1965 3538 2127 3599 esset

459 3625 662 3700 Israel,
706 3650 726 3681 ι
763 3627 1240 3690 incredulitatem
1266 3629 1528 3691 iudicant
1557 3651 1570 3687 :
1600 3629 1757 3709 quod
1791 3636 1989 3691 autem
2024 3626 2121 3689 di-

461 3724 596 3776 cant
625 3735 757 3778 esse
789 3718 947 3779 diem
983 3719 1248 3799 tertium,
1279 3719 1587 3780 hominum
1644 3727 1733 3779 est
1790 3717 1891 3799 qui
1938 3736 2123 3799 prope

460 3806 849 3868 recordentur
877 3815 1036 3885 quod
1066 3808 1289 3869 dixerit
1334 3808 1463 3871 eis:
1506 3832 1528 3865 ι
1564 3808 1669 3869 Die
1704 3807 1881 3869 tertia
1909 3824 2119 3869 resur-

457 3914 651 3973 gam»
678 3895 747 3957 Et
776 3896 935 3977 quod
968 3897 1134 3972 dicit,
1167 3897 1635 3959 «Exterruerunt
1667 3915 1802 3978 nos,
1828 3922 1853 3951 ιι
1893 3896 2005 3957 hoc
2035 3895 2122 3956 si.

460 3994 620 4063 gnat,
682 3986 837 4066 quod
896 3987 1289 4048 incredulitas
1345 4006 1552 4049 eorum
1610 3987 1999 4048 concutiatur.
2052 3985 2123 4047 Et

460 4074 708 4135 omnino
740 4076 789 4137 si
830 4077 1284 4138 considerantur
1313 4094 1648 4147 sermones,
1685 4075 1926 4137 humani
1957 4080 2119 4145 sunt,

460 4168 519 4223 et
553 4181 824 4243 magnam
860 4164 1291 4228 dubitationem
1319 4165 1631 4247 habent,et
1655 4166 1960 4229 hominum
1984 4182 2122 4243 per-

460 4252 769 4331 plexorum
805 4262 865 4317 et
894 4256 1291 4334 ignorantium
1342 4254 1486 4335 quid
1545 4264 1719 4335 agant
1754 4262 1995 4335 propter
2024 4271 2123 4314 re-

458 4343 842 4406 surrcctionis
870 4345 1247 4409 miraculum.
1278 4374 1300 4403 σ
1323 4345 1613 4409 Abieruut
1635 4342 2117 4425 autemninquit.

463 4456 484 4485 α
514 4431 751 4512 quidam
777 4453 845 4495 ex
870 4436 960 4497 his
991 4436 1092 4517 qui
1117 4445 1256 4497 sunt
1291 4435 1600 4497 nobiscum
1628 4456 1641 4497 :
1676 4455 1697 4484 ι
1747 4435 1835 4496 vel
1878 4433 2118 4494 Petrum

459 4522 649 4583 solum
675 4524 937 4596 dicit,ve|
963 4527 1199 4588 Petrum
1238 4535 1296 4586 et
1325 4523 1719 4589 Joannem.Et
1751 4525 1891 4587 hinc
1922 4523 2117 4584 mani-

461 4612 675 4673 festum
722 4614 877 4694 quod
908 4634 1039 4696 qua:
1069 4616 1163 4677 alii
1199 4616 1313 4677 late
1360 4614 1583 4687 dicunt,
1619 4615 1716 4675 alii
1760 4613 2117 4693 compendio

460 4702 735 4775 tradunt,
791 4713 849 4765 et
914 4712 1259 4767 transcursu
1335 4712 1659 4785 transeunt.
1714 4702 2115 4766 Ambitionem
2174 4768 2179 4773 ,

457 4792 616 4853 enim
650 4794 804 4856 Petri
828 4803 890 4857 et
915 4794 1161 4858 Joannis
1191 4795 1263 4857 ad
1301 4795 1666 4876 sepulcrum,
1699 4796 1960 4855 Joannes
1980 4792 2116 4873 plu-

460 4880 624 4943 ribus
650 4886 1000 4965 complexus
1031 4896 1142 4957 est,
1171 4886 1266 4947 hic
1290 4895 1487 4947 autem
1519 4883 1720 4965 paucis
1748 4882 2115 4944 mentionem

461 4972 707 5043 faciens,
741 4975 917 5037 etiam
953 4976 1191 5037 nomina
1224 4974 1534 5056 praeteriit.

2215 1952 2244 1984 ι
2294 1920 2485 2004 Ἠμεῖς
2515 1926 2569 1984 δὲ
2612 1927 2925 2003 ἠλπίζομεν,
2960 1928 3142 2007 φησὶν,
3190 1924 3270 1982 ὅτι
3295 1927 3450 1990 αὒτός
3492 1926 3635 1984 ἐστιν
3666 1929 3693 1985 ὁ
3725 1926 3865 2002 μέλ-

2210 2019 2317 2076 )ων
2378 2017 2684 2097 λυτροῦσθαι
2743 2020 2832 2073 τὸν
2886 2015 3125 2095 Ἰσραὴλ.
3182 2040 3210 2071 ι
3263 2007 3475 2097 ιιὶειτερεὶ
3518 2015 3865 2093 πιαψευσθὲν-

2207 2129 2294 2171 τες
2350 2114 2456 2164 τῶν
2528 2106 2773 2177 ἐλπίδων,
2828 2106 2964 2163 ὀῦτω
3053 2107 3232 2186 φασίν
3298 2099 3489 2182 Ἡμεῖς
3574 2106 3868 2181 ἠλπίζομεν

2208 2197 2288 2254 ὅτι
2359 2199 2514 2262 αὒτὸς
2570 2198 2658 2253 καὶ
2706 2195 2897 2261 ἄλλους
2955 2196 3139 2269 σώσει,
3206 2196 3289 2251 καὶ
3340 2194 3449 2253 ἰδοὺ
3506 2194 3623 2255 οὐδὲ
3680 2197 3868 2252 ἑαυτὸν

2208 2286 2424 2344 ἔσωσεν
2503 2286 2664 2350 οὕτως
2724 2286 2957 2365 ἀγεννῶς
3017 2286 3105 2342 καὶ
3136 2284 3370 2348 ἀπίστῶς
3417 2285 3603 2366 εἶχον,
3656 2292 3869 2342 Novo-.-

2207 2378 2329 2458 ουχὶ
2411 2378 2510 2455 γὰρ
2554 2378 2736 2433 ἐκεῖνα
2794 2374 3004 2455 ἔλεγον,
3055 2373 3088 2429 ἅ
3136 2376 3225 2433 καὶ
3282 2378 3329 2432 οἱ
3360 2374 3445 2432 ἐπὶ
3488 2376 3581 2433 τοῦ
3615 2382 3865 2455 σταυροῦ.

2214 2486 2244 2525 (
2274 2456 2541 2530 νῆ’Λλλους
2612 2464 2829 2536 ἔσωσεν,
2865 2465 3049 2521 ἑαυτὸν
3104 2465 3164 2521 οὗ
3190 2461 3404 2521 δύναται
3455 2470 3649 2521 σῶσαι·
3702 2483 3734 2524 )
3771 2464 3867 2520 Διὸ

2208 2558 2294 2613 καὶ
2350 2555 2605 2626 ἀνοήτους
2679 2554 2862 2617 αὖτοὺς
2921 2552 3213 2634 ἀποκαλεῖ,
3274 2555 3363 2610 καὶ
3393 2551 3611 2632 βραδεῖς
3641 2561 3733 2611 τοῦ
3762 2576 3863 2611 πι-

2211 2646 2429 2702 στεύειν
2490 2646 2538 2699 τί
2595 2641 2649 2699 δέ
2703 2646 2815 2700 ἔστι
2895 2654 3048 2702 τοῦτο
3127 2644 3211 2714 τὸ,
3291 2667 3319 2698 ι
3382 2648 3698 2723 Λυτροῦσθαι
3772 2645 3863 2700 τὸν

2206 2733 2423 2813 Ἰσραὴλ
2460 2752 2477 2807 ;
2529 2758 2555 2788 π
2596 2733 2870 2814 Διαφόρως
2904 2732 3152 2809 εἴπομεν,
3186 2731 3267 2789 ὅτι
3307 2734 3399 2789 τὸν
3440 2735 3667 2811 Χριστὸν
3688 2755 3863 2813 προσ-

2210 2822 2409 2880 εδόκων
2464 2824 2512 2878 οί
2568 2829 2663 2879 τσῦ
2727 2829 2873 2896 λαοῦ,
2932 2824 3018 2878 καὶ
3078 2822 3155 2897 μὴ
3226 2820 3607 2902 ἀκριϐέστεροι,
3645 2827 3865 2902 σωτῆρα

2211 2916 2297 2972 καὶ
2354 2912 2625 2993 λυτρωτὴν
2670 2912 2776 2967 τῶν
2830 2910 3181 2987 ἐπικειμένων
3240 2912 3421 2976 αὐτοῖς
3494 2918 3696 2993 κακῶν,
3776 2914 3867 2970 καὶ

2208 3007 2302 3061 τοῧ
2355 3010 2513 3081 ζυτοῦ
2565 3001 2660 3070 τῆς
2718 2999 2952 3067 δουλείας
3006 3006 3106 3068 τῆς
3161 3003 3263 3058 ὑπὸ
3294 2999 3592 3078 Ῥωμαίων·
3640 3004 3728 3060 καὶ
3754 3005 3866 3078 βα·-

2208 3093 2464 3150 σιλεόσειν
2523 3090 2577 3147 δὲ
2637 3092 2791 3147 αὑτὸν
2848 3091 3081 3169 ὶπίγειον
3137 3088 3407 3168 βασιλείαν
3464 3090 3708 3163 ἤλπιζον
3784 3090 3867 3149 διὸ

2206 3184 2294 3240 καί
2349 3204 2532 3263 φασιν,
2605 3180 2686 3236 ὅτι
2721 3172 2914 3263 Ἠμεῖς
2945 3179 3260 3256 ἠλπίζομεν,
3293 3178 3375 3236 ὅτι
3405 3181 3494 3237 καὶ
3522 3180 3615 3238 τόν
3646 3178 3865 3262 Ἰσραὴλ

2208 3273 2313 3329 ἀπὸ
2365 3260 2477 3327 τῶν
2530 3270 2746 3327 ἐθνικῶν
2809 3260 3085 3333 Ῥωμαίων
3155 3270 3311 3334 αὖτὸς
3372 3260 3735 3350 λυτρώσεται,
3776 3273 3868 3328 καὶ

2206 3362 2357 3426 οὗτος
2415 3358 2529 3417 οὖδὶ
2587 3360 2685 3427 τὴν
2743 3356 2920 3415 ἄδικον
2996 3358 3080 3416 ἐπ’
3144 3362 3286 3434 αὒτῷ
3374 3364 3555 3439 ψῆφον
3622 3359 3862 3442 ἐξέφυγε,

2215 3474 2237 3507 ιι
2307 3452 2403 3509 Καὶ
2452 3450 2559 3525 μὴν
2615 3451 2703 3506 καὶ
2759 3448 2941 3528 τρίτην
2996 3448 3199 3529 ἡμέραν
3258 3448 3374 3528 ἄγει
3450 3450 3707 3528 σὴμερον,
3777 3450 3867 3505 καὶ

2208 3553 2458 3619 γυναῖκες
2518 3537 2804 3607 ἐξέστησαν
2895 3540 3065 3614 ἡμᾶς,
3137 3561 3165 3593 ι
3218 3539 3307 3595 καὶ
3352 3541 3420 3595 τὰ
3483 3537 3629 3611 ἑξῆς,
3690 3547 3864 3597 Ταῦτα

2207 3631 2435 3709 ὡσπερεὶ
2523 3627 2897 3707 διαποροῦντες
2983 3643 3133 3708 φασι·
3220 3629 3307 3684 καὶ
3380 3628 3580 3684 ἐοίκασί
3664 3650 3755 3702 μοι
3815 3631 3862 3684 οἱ

2207 3708 2385 3789 ἂνδρες
2452 3708 2505 3764 ἐν
2556 3708 2736 3776 πολλῆ
2808 3708 3266 3789 ἀμφιγνωμοσύνῃ
3354 3711 3519 3780 εἶναι,
3580 3709 3668 3765 καὶ
3724 3709 3863 3783 μήτε

2207 3798 2404 3880 σφόδρα
2474 3799 2746 3874 ἀπιστεῖν,
2801 3799 2939 3872 μήτε
2997 3796 3192 3877 σφόδρα
3275 3799 3563 3860 πιστεύειν,
3640 3799 3710 3857 Τὸ
3764 3797 3864 3869 μὲν

2207 3890 2305 3968 γαρ
2370 3889 2563 3959 είπεῖν,
2632 3885 2711 3943 ὅτι
2788 3884 3107 3962 Ἦλπίζομεν
3177 3887 3256 3943 ὄνι
3324 3888 3480 3950 αὑτός
3511 3888 3652 3944 ἐστιν
3703 3884 3862 3944 ὁλο-

2206 3979 2540 4053 τρωσόμενος
2596 3979 2686 4031 τὸν
2762 3974 3002 4054 Ἰσραὴλ,
3061 3975 3307 4033 ἀπιστίαν
3378 3974 3722 4033 ἱνδείκνυται·
3798 3976 3861 4031 τὸ

2208 4067 2262 4122 δὲ
2322 4065 2516 4144 λέγειν,
2577 4065 2657 4121 ὅτι
2730 4066 2920 4142 Τρίτην
2975 4067 3171 4132 ταύτην
3199 4064 3403 4143 ἡμέραν
3462 4064 3604 4143 ἄγει,
3652 4064 3861 4142 ἀνθρώ-

2207 4179 2324 4213 πων
2380 4157 2517 4213 ἐστὶν
2585 4154 2741 4231 ἐγγὺς
2813 4156 2979 4210 ὄντων
3034 4162 3126 4211 τοῦ
3195 4155 3717 4231 ἀναμιμνήσκεσθαι,
3778 4152 3858 4209 ὅτι

2211 4248 2365 4303 εἶπεν
2423 4247 2630 4308 αὐτοῖς*
2697 4264 2727 4303 (
2758 4250 2837 4320 Τῇ
2866 4245 3015 4323 τρίτῃ
3040 4243 3215 4324 ἡμέρᾳ
3243 4244 3635 4321 ἀναστήσομαι.
3677 4268 3704 4301 ι
3759 4246 3863 4303 Καὶ

2153 4333 2193 4383 D
2215 4341 2293 4401 τὸ,
2337 4358 2359 4391 α
2387 4333 2709 4400 Ἐξὲστησαν
2738 4335 2906 4409 ἡμᾶς,
2941 4353 2969 4391 ι
2998 4334 3235 4391 τοιοῦτόν
3262 4356 3313 4390 τι
3338 4329 3598 4414 ἐμφαίνει,
3628 4335 3768 4415 φημὶ
3794 4330 3861 4399 δὴ

2204 4449 2263 4483 το
2306 4426 2405 4492 τὴν
2439 4424 2683 4480 ἀπιστίαι
2712 4422 2885 4479 αὐτῶν
2914 4422 3354 4481 ὑποσαλευεσθαι.
3390 4414 3587 4488 ’Ὃλως
3632 4421 3687 4480 δὲ
3720 4444 3857 4481 σκο-

2204 4519 2458 4589 πούμενοι
2532 4515 2579 4569 οἱ
2631 4512 2805 4592 λόγοι,
2881 4512 3004 4592 ἀνθρ
3020 4522 3195 4571 ὸπινοι
3225 4520 3304 4587 τῷ
3332 4512 3442 4570 ὄντι
3474 4515 3595 4592 εἰσὶ,
3630 4514 3718 4568 καὶ
3749 4535 3860 4569 πο-

2210 4561 2458 4589 ..--.....--
2535 4561 2579 4569 -.
2631 4561 2805 4592 ..-,--,
2882 4561 3195 4592 ..τ-,.-....,.
3237 4561 3301 4587 -,,,
3335 4561 3442 4570 -,-.
3475 4561 3595 4593 -.-.,
3632 4561 3718 4568 η..-

2204 4607 2293 4663 λὺν
2350 4607 2439 4661 τὸν
2496 4601 2786 4681 δισιαγμὸν
2840 4602 3084 4683 ἔχοντες,
3132 4606 3221 4659 καὶ
3246 4604 3365 4661 οἷον
3407 4602 3861 4682 ὶπαπορουμένων

2201 4700 2289 4755 καὶ
2347 4694 2771 4774 ἀμηχανούντων
2829 4692 2914 4749 δια
2970 4696 3031 4750 τὸ
3088 4700 3185 4762 τῆς
3217 4692 3556 4757 ἀναστάσεως
3605 4692 3854 4759 ἐξαίσιον.

2208 4810 2231 4845 α
2308 4784 2574 4852 Ἀπῆλθον
2606 4781 2685 4858 δὲ,
2716 4784 2867 4862 φασὶ,
2911 4784 3053 4846 τινὲς
3083 4790 3189 4841 τῶν
3232 4786 3324 4841 σὺν
3353 4784 3511 4859 ἡμῖν.
3575 4807 3603 4839 ι
3652 4780 3668 4802 ’
3694 4790 3739 4840 Η
3768 4784 3863 4839 τὸν

2203 4876 2398 4956 Πέτρον
2460 4874 2620 4950 μόνον
2678 4874 2861 4952 φησὶν,
2918 4871 2953 4939 ἦ
3051 4875 3143 4930 τὸν
3202 4874 3397 4952 Πέτρον
3445 4874 3533 4930 καὶ
3600 4872 3861 4939 Ιωςίννην.

2204 4968 2488 5027 Κάντεῦθεν
2546 4960 2735 5033 δῆλον,
2796 4961 2878 5020 ὅτι
2946 4963 2980 5018 ἅ
3037 4962 3284 5029 πλατέως
3356 4963 3525 5043 ἕτεροι
3585 4961 3856 5043 λέγουσιν,

460 5062 612 5120 ἄλλοι
647 5066 920 5141 συντόμως
965 5068 1054 5122 καὶ
1089 5051 1450 5143 ἐπιδρομάδην
1481 5061 1809 5144 διέρχονται.
1845 5061 2051 5141 ’Ὠσπερ
2082 5069 2168 5120 οὐν
2196 5058 2285 5115 καὶ
2313 5056 2411 5121 τὴν
2456 5053 2541 5109 ξπῖ
2568 5054 2629 5108 τὸ
2661 5064 2928 5128 μνημεῖον
2962 5051 3132 5134 ἄφιξιν
3180 5052 3378 5128 Πέτρου
3409 5055 3498 5110 καὶ
3529 5052 3800 5131 Ἰωάννου,
3835 5062 3865 5117 ὁ

456 5154 555 5223 μὲν
588 5155 840 5221 Ἰωάννης
871 5154 1195 5232 πλατύτερον
1213 5141 1508 5225 διεξῆλθεν,
1547 5162 1699 5217 οὗτος
1729 5152 1808 5226 δὲ,
1841 5150 2032 5231 ὀλίγων
2066 5148 2441 5226 ἐπιμνησθεὶς,
2468 5142 2756 5216 ἀνωνύμως
2788 5141 3082 5232 παρῆλθεν.

541 5243 723 5306 Vsus.
756 5243 976 5307 25-35.
1010 5268 1037 5300 α
1075 5244 1149 5307 Et
1193 5244 1323 5325 ipse
1345 5242 1491 5305 dixit
1514 5242 1586 5304 ad
1632 5259 1773 5304 eos:
1800 5239 1847 5303 0
1878 5240 2038 5301 stulti
2063 5248 2122 5301 et

466 5332 613 5393 tardi
645 5333 824 5395 corde
854 5334 926 5395 ad
965 5334 1338 5395 credendum
1371 5333 1428 5394 in
1464 5331 1742 5393 omnibus
1772 5347 1903 5411 qua:
1934 5329 2117 5391 locuti

462 5428 599 5480 sunt
624 5422 947 5499 prophetae!
981 5421 1191 5485 Nonne
1213 5423 1341 5485 haec
1362 5421 1617 5504 oportuit
1646 5419 1769 5503 pati
1790 5418 2115 5500 Christum,

461 5519 518 5570 et
545 5510 766 5572 intrare
798 5510 858 5571 in
891 5512 1139 5591 gloriam
1174 5512 1382 5576 suam?
1421 5512 1496 5575 Et
1526 5528 1772 5574 exorsus
1801 5527 1833 5571 a
1863 5509 2030 5571 Mose
2062 5518 2117 5570 et

538 5668 591 5715 ⁸⁵
621 5670 824 5736 Matth.
860 5689 921 5753 v,
950 5673 1013 5737 8.
1103 5670 1225 5736 “II
1255 5676 1391 5738 Cor.
1427 5690 1552 5752 vui,
1584 5672 1685 5737 Si.

2288 5260 2315 5290 α
2353 5236 2449 5293 Καὶ
2508 5233 2664 5292 αὐτὸς
2739 5231 2865 5288 εἷπε
2926 5234 3058 5310 πρὸς
3118 5236 3326 5298 αὐτοὺς
3386 5224 3449 5289 Ὠ
3508 5233 3726 5302 ἀνόητοι
3772 5236 3867 5290 καὶ

2202 5324 2414 5406 βραδεῖς
2468 5322 2536 5391 τῆ
2597 5320 2783 5401 καρδίᾳ
2841 5324 2935 5378 τοῦ
2964 5325 3230 5381 πιστεὺειν
3259 5326 3349 5381 imi.
3390 5331 3576 5398 πᾶσιν,
3611 5320 3697 5389 οῖξ
3726 5320 3859 5379 ἑλέ·-

2201 5418 2371 5484 λησαν
2430 5416 2477 5471 οἱ
2547 5416 2840 5490 προφῆται,
2908 5414 3033 5494 οὒχὶ
3086 5421 3253 5472 ταῦτα
3329 5412 3432 5472 ἔδει
3516 5417 3708 5471 παθεῖν
3764 5414 3860 5469 τὸν

2202 5508 2447 5587 Χριστὸν,
2500 5504 2588 5559 καὶ
2672 5500 2928 5559 εἰσελθεῖν
2986 5506 3058 5567 εἷς
3108 5505 3208 5574 τὴν
3266 5502 3416 5571 δόξαν
3488 5507 3699 5575 αὖτοῦς
3764 5502 3861 5561 Καὶ
