4184 6414
497 345 652 410 1119
1472 352 2069 416 THEOPHYLACTI
2117 348 2522 414 BULGARIIE
2570 351 2924 414 ARCHIEP.
3743 342 3914 408 H20

493 480 684 541 cendo
715 501 730 542 :
767 490 827 544 et
855 485 1384 560 resurrectionem,
1417 485 1590 546 vitam
1640 493 1901 546 nostram
1950 485 2150 547 nomi-

2259 480 2477 562 Αϐραὰμ
2545 485 2644 552 τὴν
2697 483 2900 562 ἡμέραν
2957 484 3116 540 αὒτοῦ
3184 484 3273 539 καὶ
3303 479 3746 560 ἀγαλλιάσασθαι·
3809 487 3918 536 και

493 569 786 632 nando.ln
803 571 1050 652 reliquis
1069 583 1266 634 autem
1288 575 1596 654 prophetis
1618 573 1870 654 sparsim
1891 573 2002 635 sita
2020 582 2158 636 sunt

2250 575 2326 653 τὸ,
2401 597 2427 626 α
2496 562 2740 648 Ηυψεσθε
2797 574 2892 641 τὴν
2961 572 3106 644 ζωὴν
3145 573 3298 646 ἡμῶν
3343 570 3706 650 κρεμαμένην,
3758 593 3787 624 ι
3850 568 3917 624 ἓν

496 677 628 738 quae
647 658 721 720 de
747 673 922 723 cruce
945 671 1004 724 et
1021 664 1468 726 resurrectione
1490 664 1790 736 dicuntur,
1830 665 2154 743 praisertim

495 745 556 806 in
591 747 1048 812 clarioribus.Et
1077 762 1316 832 possent
1347 772 1414 814 ex
1451 754 1567 814 illis
1588 773 1655 812 ea
1701 753 1840 813 493$
1872 771 2152 814 recense-

405 900 407 902 .
493 835 648 898 ri.At
680 842 1274 919 lu,quatso.attendas
1305 842 1604 922 quomodo
1640 860 1746 922 per
1767 841 2152 903 afﬂictionem

493 932 667 987 eatur
696 925 756 988 in
787 928 1038 1008 gloriam
1094 930 1222 991 Dei.
1273 931 1529 994 Simulat
1569 938 1765 1012 autem
1817 950 1883 992 se
1922 931 2156 1009 longius

491 1013 737 1096 iturum,
761 1017 932 1096 juxta
964 1019 1284 1080 humanam
1322 1029 1616 1082 naturam.
1649 1019 1722 1080 Et
1744 1020 1980 1100 quando
2016 1039 2153 1100 per-

496 1103 694 1183 mittit,
730 1113 866 1168 tunc
898 1107 1254 1188 aperiuntur
1292 1110 1446 1171 oculi
1481 1127 1714 1188 eorum,
1741 1117 1800 1171 et
1831 1117 2158 1187 agnoscunt

494 1209 652 1253 eum.
689 1192 1033 1258 Insinuatur
1082 1207 1278 1260 autem
1315 1208 1369 1262 et
1403 1198 1563 1260 aliud
1599 1197 1906 1278 quiddam,
1943 1217 2158 1276 nempe

498 1281 655 1361 quod
677 1284 834 1345 oculi
857 1305 1063 1348 eorum
1079 1287 1177 1367 qui
1202 1287 1580 1349 benedictum
1597 1305 1810 1368 panem
1823 1297 2156 1359 assumunt,

498 1371 844 1448 aperiuntur
876 1385 939 1436 ut
969 1387 1290 1454 agnoscant
1324 1376 1784 1455 illum.Magnam
1821 1377 1979 1438 enim
2001 1379 2160 1438 etin-

500 1459 808 1524 dicibilem
838 1465 951 1525 vim
991 1465 1170 1528 habet
1197 1485 1336 1528 caro
1372 1466 1628 1529 Domini.
1682 1465 1932 1527 Evanuit
1961 1476 2158 1528 autem

503 1548 580 1610 ab
611 1553 722 1625 eis;
757 1572 951 1634 neque
982 1555 1140 1618 enim
1188 1555 1382 1616 adhuc
1441 1555 1695 1616 habebat
1746 1575 1962 1634 corpus
2006 1555 2164 1636 quod

511 1639 760 1702 multum
795 1645 1089 1724 corporali
1120 1646 1295 1706 modo
1330 1664 1461 1707 cum
1498 1645 1582 1706 eis
1614 1655 2166 1720 cnns'ersareturmt

508 1746 576 1790 ex
611 1730 722 1792 hoc
747 1732 983 1795 illorum
1010 1743 1309 1797 cresceret
1334 1736 1698 1798 desiderium
1732 1735 1877 1796 Nam
1907 1737 1983 1796 ita
2007 1736 2167 1798 exhi-

510 1817 680 1882 laruti
715 1821 976 1898 fuerunt,
1011 1835 1071 1885 ut
1101 1825 1198 1886 illa
1228 1826 1358 1904 ipsa
1411 1826 1556 1886 hora
1607 1835 1940 1904 surgerent,
1976 1835 2032 1886 et
2065 1844 2166 1887 re-

510 1916 882 1973 verterentur
908 1913 965 1974 in
988 1915 1471 1976 Jerusalemmon
1499 1913 1706 1976 eadem
1733 1915 1972 1994 quidem
1996 1916 2162 1990 hora,

513 1998 615 2058 sed
662 2013 1053 2065 surrexerunt
1082 2005 1326 2086 quidem
1367 2006 1514 2068 bora
1543 2005 1667 2080 illa,
1705 2006 1939 2066 reversi
1970 2012 2163 2066 autem

511 2096 648 2148 sunt
681 2099 812 2168 post
841 2093 1204 2174 complures,
1253 2095 1584 2156 secundum
1644 2094 1799 2174 quod
1851 2093 2168 2157 verisimile

510 2185 596 2236 est
643 2179 761 2242 iter
814 2181 1030 2245 fecisse
1053 2193 1265 2245 euntes
1297 2188 1552 2264 spatium
1597 2185 1897 2262 sexaginta
1930 2185 2164 2246 stadio-

509 2283 666 2339 rum,
704 2270 761 2330 in
812 2272 1025 2352 quibus
1057 2273 1300 2333 omnino
1329 2281 1387 2333 et
1419 2273 1706 2336 Dominus
1755 2273 1915 2334 visus
1949 2278 2042 2334 est
2071 2271 2161 2334 Si-

513 2356 697 2431 muni,
727 2357 868 2420 dum
902 2360 986 2421 illi
1013 2361 1256 2421 interim
1283 2369 1670 2422 revertuntur
1697 2361 2168 2422 Jerusalem.Ar-

512 2444 662 2506 dens
690 2458 889 2509 autem
924 2459 1049 2512 erat
1079 2469 1182 2510 cor
1210 2450 1539 2524 eorum,vel
1566 2450 1702 2510 dum
1739 2451 1874 2529 igne
1903 2450 2169 2530 eloquio-

513 2553 643 2594 l'u'u
679 2533 914 2598 Domini
945 2538 1047 2599 illo
1080 2539 1508 2619 interpretante
1533 2539 1890 2601 intrinsecus
1918 2557 2164 2602 succen-

513 2622 826 2702 derentur,
863 2640 920 2687 et
943 2627 1063 2688 illis
1093 2648 1225 2707 qum
1255 2627 1628 2709 dicebantur,
1661 2629 2172 2690 assentirentur-ut

516 2714 672 2774 veris
708 2733 721 2776 :
759 2716 845 2776 vel
879 2717 1020 2777 dum
1071 2717 1173 2778 illo
1206 2719 1635 2798 interpretante
1671 2718 2010 2798 Scripturas
2035 2727 2169 2778 tan-

511 2810 758 2880 geretur
787 2824 894 2866 cor
927 2823 1134 2868 eorum
1162 2807 1547 2881 intrinsecus,
1581 2807 1734 2887 quod
1783 2808 1876 2868 hic
1925 2806 2024 2887 qui
2058 2827 2170 2867 no-

515 2891 608 2952 bis
639 2891 1066 2974 interpretatur
1087 2896 1450 2975 Scripturas.
1487 2895 1758 2959 Christus
1790 2905 1898 2958 est.

514 2989 762 3062 μαίνοντο
789 2990 980 3047 ἔσωθεν
1009 2994 1096 3048 καὶ
1151 2992 1524 3050 συνδιετθεντο
1583 2992 1666 3049 ἐπὶ
1715 3007 1830 3058 τοῖς

1893 2992 2200 3070 λεγομένοις

2241 666 2415 734 ταυτῷ
2473 664 2557 717 καὶ
2613 664 2710 728 τὴν
2767 661 3057 738 σταύρωσιν
3115 659 3275 726 δηλοῖ
3305 658 3389 715 διὰ
3422 668 3515 718 τοῦ
3557 659 3915 734 κρεμαμένην

2240 752 2436 822 εἰπεῖν,
2497 753 2584 806 καὶ
2643 752 2742 817 την
2799 751 3085 806 ἀνάστασιν
3126 749 3209 805 διὰ
3239 757 3330 806 τοῦ
3375 750 3473 816 τὴν
3517 751 3657 820 ζωην
3690 748 3912 823 ὀνομά-

2241 862 2350 902 σαι,
2417 841 2514 898 Καὶ
2582 841 2636 896 ὲν
2696 844 2818 902 ταῖς
2875 838 3096 902 λοιπαῖς
3123 838 3178 894 δὲ
3249 840 3595 918 προφητείαις
3629 835 3914 913 σποραδην

2237 944 2444 985 κεῒνται
2497 930 2564 985 τὰ
2627 931 2745 1008 περὶ
2802 929 2894 985 τοῦ
2947 937 3170 1008 σταυροῦ
3239 930 3328 984 καὶ
3379 929 3476 996 τῆς

2237 1021 2326 1074 καὶ
2374 1016 2608 1092 μάλιστα
2669 1019 2723 1074 ἐν
2782 1032 2901 1084 τοῖς
2958 1017 3410 1098 ἐπιφανεστέροις,
3491 1020 3579 1076 καὶ
3651 1019 3917 1096 πάρεστιν

2236 1105 2441 1164 ὖκεϊθεν
2512 1108 2676 1166 ταῦτα
2720 1107 3090 1186 ἀναλέγεσθαι.
3152 1108 3351 1164 Σκόπει
3428 1106 3482 1164 δὲ
3511 1131 3626 1183 μοι,
3686 1109 3805 1168 πῶς
3836 1108 3912 1161 ὲκ

2235 1208 2330 1257 τσῦ
2387 1201 2712 1254 κακοπαθεῖν
2771 1200 2832 1256 τὸ
2899 1197 3153 1254 εἰσελθεῖν
3214 1198 3294 1263 εἴς

2240 1294 2618 1366 Προσποιεῖται
2676 1287 2729 1344 δὲ
2787 1286 3103 1366 ποῤῥωτέρω
3185 1287 3520 1359 πορεύεσθαι,

2241 1376 2566 1457 ἀνθρώπινον
2637 1378 2874 1439 πάντως.
2927 1369 3071 1436 ’Ὅτε
3103 1375 3157 1433 δέ
3201 1391 3500 1457 συγχωρεῖ,
3547 1377 3668 1433 τότε
3699 1373 3915 1432 διανοί-

2244 1488 2425 1545 γονται
2512 1467 2558 1522 οἱ
2630 1464 2890 1544 ὀφθαλμοὶ
2948 1469 3142 1536 αὐτῶν,
3205 1468 3293 1522 καὶ
3339 1466 3646 1544 ἐπέγνωσαν
3713 1463 3903 1522 αυτόν.

2249 1555 2536 1611 Αἷνίττεται
2598 1553 2653 1610 δέ
2695 1577 2744 1611 τι
2777 1557 2864 1610 καὶ
2908 1553 3108 1634 ἕτερον,
3157 1553 3238 1611 ὅτι
3268 1569 3384 1622 τοῖς
3435 1552 3913 1631 μεταλαμϐάνωσι

3532 927 3906 998 ἀναστάσεως,

3367 1200 3467 1266 τὴν
3527 1195 3681 1262 δόξαν
3737 1195 3913 1253 ἐστίν.

3618 1284 3755 1342 κατὰ
3838 1287 3912 1340 τὸ

2210 1650 2340 1704 ibi}
2397 1644 2759 1722 εὖλογημένου
2818 1645 3000 1720 ἄρτου,
3046 1643 3397 1722 διανοίγονται
3441 1647 3488 1702 οἱ
3521 1643 3780 1724 ὀφθαλμοὶ
3829 1645 3915 1707 εἷς

2248 1736 2309 1788 τὸ
2365 1733 2652 1811 ἐπιγνῶναι
2711 1731 2892 1796 αὐτόν,
2928 1731 3182 1812 Μεγάλην
3225 1735 3325 1812 γὰρ
3371 1735 3460 1791 καὶ
3500 1733 3700 1814 ἄφατον
3741 1730 3913 1788 δύνα-

2249 1845 2338 1892 μιν
2395 1822 2511 1902 ἔχει
2572 1825 2606 1890 η
2666 1830 2759 1879 τοῦ
2833 1822 3020 1901 Κυρίου
3076 1820 3222 1899 σάρξ.
3285 1820 3518 1903 Ἀφανῦς
3593 1820 3648 1879 δὲ
3704 1823 3916 1899 γίνεται

2250 1909 2341 1968 ἀπ’
2415 1916 2606 1971 αὐτῶν
2681 1916 2776 1970 οὐκ
2836 1911 2912 1968 ἔτι
2970 1913 3070 1992 γὰρ
3101 1919 3342 1970 τοιοῦτον
3372 1913 3500 1993 εἶχε
3550 1915 3728 1991 σῶμα,
3784 1911 3917 1968 οἶον

2249 2001 2335 2058 ἐπὶ
2387 2003 2522 2057 πολὺ
2571 2007 2890 2076 σωματικῶς
2976 1999 3273 2080 συνδιάγειν
3358 2002 3560 2076 αυτοῖς,
3633 2002 3722 2058 καὶ
3792 1999 3916 2074 ἅμα

2249 2094 2343 2150 ’ίνα
2415 2093 2632 2150 πλείονα
2686 2093 2747 2150 ἐκ
2802 2094 2989 2150 τούτου
3045 2096 3137 2150 τὸν
3191 2095 3350 2150 πόθον
3384 2093 3660 2171 ἐπαυξήση
3692 2093 3912 2156 α’ὒτοῖς.

2252 2182 2404 2242 Οὕτω
2473 2191 2598 2261 γοῦν
2655 2182 2956 2264 ἐχάρησαν,
2991 2183 3128 2240 ὣστε
3159 2185 3292 2260 αὖτῇ
3321 2183 3388 2252 τῆ
3419 2183 3530 2262 ὥρᾳ
3586 2183 3916 2259 ἀναστῆναι,

2253 2275 2338 2329 καὶ
2392 2263 2718 2351 ὑποστρέψαι
2808 2273 2881 2336 εἷς
2956 2263 3322 2351 Ἰερουσαλὴμ,
3386 2271 3480 2328 οὒκ
3536 2273 3668 2348 αὒτῇ
3725 2270 3782 2326 δὲ
3838 2278 3918 2346 τῇ

2251 2362 2383 2440 ὥρᾳ.
2463 2360 2790 2430 Ἀνέστησαν
2847 2365 2944 2436 μὲν
2995 2365 3096 2440 γὰρ
3178 2361 3299 2418 κατ’
3358 2362 3522 2428 αὐτὴν
3583 2362 3684 2425 τὴν
3738 2359 3915 2434 ὥραν.

2250 2453 2583 2530 ὑπέστρεψαν
2651 2450 2704 2507 δὲ
2764 2451 2900 2525 μετὰ,
2966 2449 3200 2525 πλείους,
3262 2449 3391 2515 ὅσας
3423 2452 3563 2515 εἷκὸς
3606 2450 3672 2518 ἦν
3717 2449 3915 2509 αὐτούς

2253 2547 2472 2608 ποιησαι
2534 2545 2591 2598 τὸ
2647 2539 2914 2614 διάστημα
2973 2545 3077 2596 τῶν
3122 2540 3374 2611 ἑξήκοντα
3408 2539 3631 2597 σταδίων
3660 2539 3914 2617 βαδίζον-

2253 2653 2370 2700 τας,
2458 2634 2512 2686 ὲν
2545 2633 2634 2693 αἶς
2670 2631 2884 2695 πάντως
2913 2632 3000 2685 καὶ
3030 2633 3057 2686 6
3092 2631 3367 2697 Δεσπότης
3398 2630 3547 2710 ὤφθη
3596 2637 3672 2704 τῷ
3705 2629 3914 2704 Σίμωνι

2254 2718 2338 2776 δια
2433 2720 2621 2796 μέσου,
2685 2719 3100 2798 ὁδοιπορούντων
3162 2719 3331 2776 αὒτῶν
3359 2723 3415 2776 ἓν
3445 2727 3512 2796 τῇ
3569 2721 3907 2798 ὑποστροφῇ.

2254 2809 2532 2885 Καιομένη
2588 2809 2640 2866 δὲ
2713 2813 2780 2876 ἦν
2836 2811 2870 2875 ἡ
2899 2807 3083 2888 καρδία
3142 2811 3338 2883 αὐτῶν,
3395 2809 3431 2877 ἢ
3502 2814 3578 2882 τῷ
3635 2810 3754 2887 πυρὶ
3797 2809 3912 2864 τῶν

2254 2897 2426 2978 λόγων
2482 2909 2572 2956 τοῦ
2609 2901 2810 2980 Κυρίου·
2863 2899 3240 2978 έρμηνεύοντος
3274 2900 3372 2978 γὰρ
3434 2900 3640 2973 αυτοῖς,
3701 2895 3912 2975 διεθερ-

2257 2995 2329 3057 ὡς
2363 2993 2614 3060 ἀληθέσιν
2644 3009 2658 3024 ’
2784 2991 2864 3048 ὅτι
2915 2991 3294 3071 ἐρμηνεύοντος
3327 2992 3511 3056 αὐτοῖς
3542 2994 3636 3055 τὰς
3669 2992 3915 3076 Γραφὰς,

513 3077 808 3136 ἐπάτασσεν
839 3081 1034 3138 ἔσωθεν
1063 3086 1098 3150 ἡ
1125 3081 1308 3159 καρδία
1341 3087 1536 3158 αὖτῶν,
1570 3081 1651 3139 ὅτι
1685 3091 1844 3147 Οὗτος
1878 3085 1905 3139 ὁ
1937 3085 2242 3158 ἑρμηνεύων
2270 3085 2405 3158 ἡμῖν
2437 3087 2580 3140 ἐστιν
2613 3084 2639 3139 ὀ
2676 3084 2887 3162 Κύριος,

592 3171 774 3237 VERS.
805 3176 1013 3239 36-44.
1054 3200 1080 3230 α
1120 3179 1268 3239 llum
1292 3185 1486 3238 autem
1521 3177 1645 3241 haec
1666 3178 2010 3258 loquuntur,
2038 3187 2165 3239 ste-
2186 3187 2223 3237 C

512 3261 766 3326 titJesus
789 3263 914 3343 ipse
946 3265 1005 3326 in
1040 3265 1233 3326 medio
1269 3275 1565 3342 eurum,ct
1592 3267 1738 3328 dixit
1770 3269 1854 3328 eis
1883 3287 1895 3328 :
1933 3269 2048 3330 Pax
2073 3286 2169 3328 vo-

512 3351 626 3414 bis.
651 3351 1024 3432 Expavefacti
1057 3375 1194 3416 vero
1228 3362 1288 3418 et
1320 3357 1648 3428 conterriti,
1677 3356 2072 3419 exstimabant
2105 3375 2169 3418 se

508 3442 781 3520 spiritum
814 3445 1014 3506 videre
1051 3467 1064 3508 :
1105 3454 1164 3506 et
1194 3446 1340 3506 dixit
1370 3446 1456 3507 eis
1490 3464 1502 3507 :
1547 3445 1697 3518 Quid
1735 3445 1952 3508 turbati
1999 3447 2164 3520 estis,

511 3540 568 3592 et
597 3533 978 3611 cogitationes
1000 3536 1329 3596 ascendunt
1357 3535 1415 3595 in
1449 3537 1732 3596 cordibus
1777 3536 1986 3596 vestris
2008 3542 2036 3597 ?
2071 3536 2168 3595 Vi-

512 3620 647 3682 dete
678 3641 886 3684 manus
910 3643 1074 3686 meas
1097 3633 1156 3686 et
1181 3625 1361 3704 pedes
1381 3625 1717 3705 meos,quia
1736 3645 1842 3704 ego
1859 3625 1988 3704 ipse
2003 3643 2158 3686 sum.

510 3708 884 3774 Contrectate
920 3732 1012 3774 me
1041 3724 1099 3775 et
1127 3714 1344 3792 videte,
1381 3714 1520 3794 quia
1558 3715 1801 3795 spiritus
1843 3733 2081 3775 carnem
2109 3723 2166 3776 e‘.

510 3819 646 3860 ossa
678 3820 792 3861 non
823 3801 1020 3867 habet.
1056 3804 1208 3863 sicut
1240 3823 1332 3864 me
1381 3804 1590 3865 videtis
1649 3804 1892 3866 habere.
1931 3803 1997 3864 Et
2029 3822 2164 3866 cum

513 3889 636 3950 bwc
660 3891 920 3964 dixissd,
953 3893 1214 3953 ostendit
1247 3893 1334 3954 eis
1361 3913 1570 3954 manus
1605 3914 1676 3956 ac
1715 3895 1918 3974 pedes.
1953 3894 2164 3956 Adhuc

514 3987 708 4039 autem
746 3980 859 4042 illis
892 4000 1008 4042 non
1042 3982 1425 4044 credentibus
1459 4002 1575 4063 prae
1610 3984 1915 4062 gaudin,et
1939 3984 2160 4045 miran-

514 4066 694 4148 tibus,
733 4069 876 4130 dixit
904 4071 992 4132 eis
1026 4092 1040 4129 :
1074 4070 1314 4132 Habetis
1346 4073 1441 4134 hic
1475 4073 1699 4153 aliquid
1734 4071 1946 4134 edulii?
1976 4075 2053 4135 At
2078 4071 2165 4135 illi

514 4157 858 4220 obtulerunt
887 4164 939 4222 ei
973 4169 1199 4234 partem
1251 4163 1427 4241 piscis
1481 4165 1680 4237 assati,
1716 4173 1774 4224 et
1803 4164 2028 4242 aliquid
2091 4167 2166 4225 de

513 4245 639 4306 favo
670 4247 917 4327 apiario:
945 4259 1003 4311 et
1032 4251 1283 4332 accepit,
1320 4261 1378 4314 et
1431 4253 1488 4314 in
1548 4263 1870 4333 conspectu
1924 4253 2164 4316 illorum

513 4338 795 4419 comedit,
830 4347 886 4399 et
917 4339 1067 4402 dixit
1102 4341 1171 4401 ad
1206 4361 1308 4403 eos
1338 4361 1350 4403 :
1389 4343 1524 4404 llzec
1551 4353 1688 4404 sunt
1719 4343 1896 4404 verba
1925 4363 2055 4422 quae
2083 4343 2167 4404 lo-

512 4435 682 4486 cutus
731 4447 859 4488 sum
893 4429 963 4489 ad
999 4448 1098 4490 vos
1143 4451 1275 4492 cum
1341 4433 1536 4493 adhuc
1585 4452 1776 4494 essem
1831 4433 2159 4500 vobiscum,

2338 3201 2360 3232 ιι
2397 3181 2569 3236 Ταῦτα
2629 3175 2683 3232 δὲ
2740 3181 2910 3235 αὐτῶν
2959 3176 3282 3242 λαλούντων,
3317 3179 3401 3233 καὶ
3446 3175 3602 3240 αυτὸς
3635 3178 3662 3233 6
3693 3173 3911 3243 ἰησσός

2250 3269 2377 3334 ἔστη
2436 3267 2490 3323 ἐν
2545 3267 2693 3342 μέσῳ
2764 3270 2867 3323 τῶν
2943 3271 3196 3342 μαθητῶν
3255 3267 3436 3340 αὑτοῦ,
3483 3269 3570 3323 καὶ
3619 3266 3764 3345 λέγει
3798 3267 3912 3322 αὖ-

2249 3359 2394 3421 τοῖς·
2433 3359 2626 3435 Εἰρήνη
2686 3357 2836 3432 ὑμῖν,
2901 3357 3223 3424 Πτοηθέντες
3252 3354 3307 3411 δὲ
3347 3357 3434 3412 καὶ
3478 3354 3698 3436 ἔμφοϐοι
3741 3354 3914 3434 γενό-

2251 3469 2425 3523 μενοι,
2499 3445 2711 3502 ἐδόκουν
2764 3446 2969 3521 πνεῦμα
3029 3450 3271 3522 θεωρεῖν·
3345 3447 3435 3502 καὶ
3491 3447 3645 3502 εἶπεν
3693 3449 3909 3507 αὐτοῖς·

2253 3537 2313 3594 Τί
2365 3537 2746 3614 τεταραγμένοι
2818 3535 2938 3592 ἐστέ
2985 3554 3001 3608 ;
3066 3537 3163 3592 Καί
3230 3534 3364 3592 διατί
3393 3533 3726 3613 διαλογισμοὶ
3763 3534 3914 3590 ἀνα-

2253 3623 2512 3682 ϐαίνουσιν
2569 3625 2624 3680 ἐν
2679 3639 2801 3689 ταῖς
2833 3625 3069 3704 καρδίαις
3100 3627 3249 3700 ὑμῶν
3283 3644 3298 3704 ;
3337 3623 3521 3682 ’Ἴδετε
3565 3627 3657 3685 τας
3703 3637 3911 3704 χεῖρας

2250 3717 2334 3771 καὶ
2392 3718 2512 3776 τοὺς
2575 3715 2738 3779 πόδας
2796 3738 2920 3792 μου,
2981 3715 3061 3772 ὅτι
3118 3718 3274 3780 αὐτὸς
3305 3715 3410 3793 ἐγὼ
3440 3717 3568 3790 εἰμι,
3624 3715 3907 3795 Ψηλαφή-

2249 3805 2373 3861 σατέ
2441 3827 2506 3881 με
2565 3808 2653 3862 καὶ
2723 3805 2889 3878 ἴδέτε,
2921 3808 3002 3862 ὃτι
3047 3813 3254 3881 πνεῦμα
3287 3807 3455 3885 σάρκα
3484 3807 3571 3861 καὶ
3599 3805 3755 3862 ὀστέα
3807 3803 3910 3860 οὔκ

2246 3892 2389 3974 ἕλει,
2451 3897 2622 3958 καθὼς
2693 3896 2786 3969 ἐμὲ
2817 3899 3066 3974 θεωρεῖτε
3099 3893 3316 3974 ἔχοντα.
3368 3896 3467 3952 Καὶ
3509 3895 3903 3974 τοῦτο-εἰπὼν,

2248 3983 2436 4050 ἔδειξεν
2497 3985 2675 4049 αὐτοῖς
2735 3986 2826 4047 τας
2900 3999 3088 4064 χετρας
3160 3985 3398 4047 καὶτοὺς
3428 3971 3786 4049 πόδας.”Ετι
3847 3981 3906 4038 δὲ

2249 4074 2610 4130 ἀπιστούντων
2669 4075 2840 4130 αὖτῶν
2899 4075 3004 4131 ἀπὸ
3061 4080 3161 4142 τῆς
3229 4081 3402 4154 χαρᾶς
3460 4075 3548 4131 καὶ
3596 4074 3897 4148 θαυμαζόν-

2247 4185 2377 4236 των,
2441 4165 2597 4220 εἶπεν
2654 4168 2855 4229 αὖτοτς·
2933 4163 3150 4245 ’Ἔχετέ
3179 4187 3226 4220 τι
3257 4164 3527 4242 βρώσιμον
3559 4162 3736 4220 ἐνθάδε
3772 4178 3786 4236 ;
3837 4164 3893 4220 Ol

2249 4252 2302 4309 δέ
2359 4252 2629 4310 ἐπέδωκαν
2709 4257 2851 4328 αὖτῴ
2893 4256 3076 4333 ἰχθύος
3118 4255 3283 4310 ὀπτοῦ
3315 4255 3497 4332 μέρος,
3532 4256 3619 4310 καὶ
3661 4253 3766 4309 ἀπὸ
3797 4273 3900 4326 με-

2249 4341 2452 4402 λισσίου
2510 4344 2715 4421 κηρίου⁶
2777 4345 2862 4400 καὶ
2920 4342 3098 4400 λαϐὼν
3157 4344 3382 4400 ἐνώπιον
3458 4347 3627 4402 αὐτῶν
3684 4341 3900 4421 ἔφαγεν.

2254 4434 2386 4488 Εἶπε
2458 4429 2511 4486 δὲ
2571 4434 2777 4494 αὐτοῖς⁶
2854 4436 3007 4490 Οὗτοι
3081 4437 3128 4489 οἱ
3186 4432 3334 4511 λὸγοι
3366 4431 3454 4496 οῧς
3487 4430 3724 4498 ἐλάλησα
3770 4432 3905 4509 πρὸς

511 4516 667 4596 quod
704 4536 946 4580 necesse
973 4520 1122 4581 foret
1153 4520 1388 4600 impleri
1417 4524 1764 4598 omniaquae
1789 4524 2012 4602 scripta
2030 4531 2165 4584 sunt

2250 4523 2384 4594 ὑμᾶς
2446 4519 2520 4576 ἔτι
2579 4521 2652 4576 ὧν
2683 4523 2774 4576 σὺν
2804 4523 2953 4601 ὑμῖν,
2989 4523 3070 4578 δτι
3115 4521 3199 4578 δεῖ
3243 4521 3593 4598 πληρωθῆναι
3636 4521 3813 4576 πάντα
3841 4521 3910 4575 τὰ

512 4607 735 4686 in'lege
771 4609 1006 4681 Mosi,et
1041 4612 1368 4691 prophetis,
1405 4623 1462 4672 et
1490 4611 1738 4674 Psalmis
1771 4613 1846 4674 de
1881 4612 2168 4673 me.nDo-

513 4696 709 4757 minus
741 4709 984 4775 propter
1000 4699 1251 4761 salutem
1282 4711 1538 4762 nostram
1569 4701 1769 4764 omnia
1801 4701 2170 4776 faciens,stat

514 4786 571 4846 in
608 4786 801 4846 medio
829 4786 1498 4868 discipulorum.volens
1529 4791 1646 4853 illis
1665 4791 2166 4853 resurrectionem

513 4875 957 4938 credibiliorem
993 4878 1142 4959 ﬁeri,
1176 4889 1234 4941 et
1267 4881 1520 4960 primum
1553 4881 1724 4943 solita
1756 4881 1916 4962 pacis
1939 4881 2166 4961 impre-

513 4965 746 5027 catione
774 4967 1284 5045 perturbationem
1319 4970 1558 5033 illorum
1595 4977 1784 5033 SO-lnt.
1837 4970 1904 5031 Et
1951 4971 2166 5031 iterum

513 5055 772 5115 ostendit
802 5054 956 5134 quod
993 5055 1120 5136 ipse
1150 5058 1225 5118 sit
1254 5057 1355 5120 ille
1405 5059 1669 5139 ipsorum
1727 5059 2030 5139 magister,
2064 5059 2167 5139 qui

517 5143 594 5204 ita
621 5143 1124 5223 altoquigaudeat,
1154 5156 1210 5209 et
1239 5166 1342 5208 cos
1381 5148 1453 5208 ad
1508 5150 1991 5228 przedicalionem
2025 5148 2165 5208 mit-

515 5242 646 5294 tens
677 5234 918 5295 animet.
955 5233 1174 5297 Verum
1207 5238 1347 5318 quia
1393 5239 1728 5301 animarum
1797 5237 2166 5320 perturbatio

517 5324 710 5384 verbis
741 5343 858 5384 non
889 5325 1231 5388 sedabatur.
1271 5337 1555 5390 monstrat
1599 5331 1690 5392 eis
1719 5331 1892 5390 etiam
1926 5328 2167 5388 aliunde

516 5411 727 5476 Filium
763 5413 867 5474 Dei
895 5431 962 5474 se
993 5433 1146 5485 esse,
1182 5415 1364 5476 corda
1417 5427 1864 5491 agnoscentem.
1908 5443 1931 5471 α
1971 5417 2168 5488 Quare

516 5500 699 5580 enim,
736 5525 757 5556 ιι
801 5501 1012 5581 inquit,
1054 5529 1080 5560 ι(
1115 5505 1504 5585 cogitationes
1541 5509 1872 5571 ascendunt
1895 5507 1954 5566 in
1988 5503 2169 5566 corda

517 5598 710 5651 vestra
743 5590 773 5650 ?
806 5616 832 5646 ι
889 5590 1119 5656 Etenim
1154 5595 1215 5656 in
1235 5595 1512 5660 confesso
1537 5607 1650 5672 est,
1684 5598 1870 5660 solius
1890 5595 1996 5659 Dei
2035 5613 2168 5658 esse

516 5689 880 5758 cognoscere
905 5684 1086 5748 corda
1116 5684 1581 5763 Subjicitautem
1598 5696 1654 5753 et
1669 5688 1829 5754 aliud
1853 5702 2168 5768 argumen-

2249 4610 2594 4689 γεγραμμένα
2657 4609 2709 4665 έν
2779 4619 2855 4685 τῷ
2915 4613 3064 4687 νόμῳ
3122 4611 3378 4690 Μωσέως,
3426 4613 3514 4667 καὶ
3578 4611 3901 4690 προφήταις,

2250 4703 2336 4754 καὶ
2407 4698 2660 4771 Ψαλμοῖς
2709 4702 2826 4778 περὶ
2885 4699 3038 4774 ἐμοῦ.
3091 4725 3116 4755 ιι
3152 4691 3208 4758 Ὀ
3240 4701 3413 4756 πάντα
3461 4700 3593 4779 πρὸς
3639 4699 3908 4777 σωτηρίαν

2251 4791 2404 4863 ἡμῶν
2462 4791 2756 4864 οἶκονομῶν
2819 4791 3030 4869 Κύριος,
3084 4790 3300 4846 ῗσταται
3336 4790 3389 4846 ἐν
3434 4789 3583 4864 μέσῳ
3639 4793 3748 4844 τῶι
3802 4811 3908 4864 μα-

2249 4882 2447 4958 θητῶν,
2509 4879 2868 4935 πιστώσασθαι
2914 4879 3011 4947 τὴν
3056 4880 3341 4936 ἀνάστασιν
3371 4878 3560 4938 θέλων.
3611 4879 3709 4937 Καὶ
3752 4884 3908 4955 πρῶ-

2249 4989 2340 5024 τον
2395 4968 2492 5044 μὲν
2548 4965 2631 5022 διὰ
2685 4978 2778 5027 τοῦ
2827 4970 3077 5038 συνήθους
3134 4967 3575 5050 προσ-φθέγματος
3621 4972 3718 5034 τῆς
3750 4969 3906 5044 εἰρή-

2250 5079 2349 5124 νης
2419 5055 2764 5114 καταστέλλει
2823 5061 2914 5114 τὸν
2981 5057 3196 5138 θόρυϐον
3280 5059 3473 5121 αὖτῶν,
3534 5057 3647 5134 ἅμα
3703 5054 3760 5112 δὲ
3820 5059 3908 5114 καὶ

2255 5145 2300 5178 Ν.
2315 5149 2337 5176 Ι.
2576 5149 2587 5163 ο
2707 5146 2720 5165 θ
2770 5150 2782 5165 \
2859 5146 2896 5180 Ξ.
3024 5146 3036 5168 ,'
3113 5147 3128 5166 Ἰ
3315 5150 3328 5166 ο
3367 5146 3390 5166 ἢ
3419 5146 3440 5165 κ
3459 5148 3469 5164 Ι
3811 5154 3833 5164 ς

2251 5161 2530 5226 οεικνυσιν,
2563 5168 2637 5210 ως
2668 5169 2826 5210 αυτος
2860 5161 3064 5212 εκεῖνος
3110 5169 3252 5204 εστιν
3310 5171 3337 5204 ο
3362 5145 3674 5211 οιοασκαλος
3706 5145 3904 5227 αὕτων,

2251 5240 2278 5294 ὁ
2335 5239 2507 5310 τούτῳ
2561 5246 2637 5312 τῷ
2696 5241 3032 5318 προσρήματι
3091 5242 3320 5320 χαίρων,
3378 5238 3468 5294 καὶ
3523 5238 3694 5311 τούτῳ
3737 5241 3908 5295 καθο-

2250 5327 2442 5390 πλίσας
2498 5329 2586 5384 καὶ
2662 5327 2872 5402 αυτούς,
2923 5331 3153 5396 ὁπηνίκα
3181 5331 3314 5407 πρὸς
3346 5331 3408 5385 τὸ
3439 5329 3686 5408 κήρυγμα
3717 5325 3908 5383 ἔστελ-

2252 5415 2362 5478 λεν,
2440 5416 2589 5473 Ἐπεὶ
2661 5415 2714 5472 δὲ
2747 5415 2832 5473 διὰ
2865 5426 2960 5475 κοῦ
3003 5419 3242 5494 ῥήματος
3286 5419 3474 5475 τούτου
3504 5421 3564 5476 οὐ
3602 5416 3910 5485 κατεστάλη

2251 5502 2286 5562 δ’
2337 5511 2434 5574 τῆς
2494 5507 2681 5586 ψυχῆς
2739 5509 2910 5564 αὐτῶν
2967 5507 3207 5588 θόρυϐος,
3265 5508 3522 5565 δείκνυσιν
3554 5508 3737 5569 αὐτοῖς
3790 5507 3912 5562 ἑτέ-

2251 5599 2414 5672 ρωθεν
2475 5595 2552 5652 ὅτι
2623 5600 2651 5653 6
2719 5599 2835 5659 Υἱὸς
2868 5601 2962 5654 τοῦ
3004 5608 3136 5657 Θεοῦ
3168 5600 3337 5674 ἐστιν,
3369 5600 3396 5654 ὁ
3427 5596 3521 5660 τὰς
3552 5595 3766 5674 καρδίας
3815 5621 3912 5673 γι-

2251 5685 2494 5748 νώσκων,
2563 5708 2586 5740 ιι
2648 5688 2797 5744 Διαςί
2827 5688 2953 5770 γαρ,
2986 5692 3136 5772 φησὶ,
3171 5687 3508 5768 διαλογισμοὶ
3540 5683 3910 5746 ἀναϐαίνουσιν
