4184 6404
283 342 423 411 1121

967 338 1416 408 ENARRATIO
1444 336 1528 407 IN
1572 331 2085 407 EVANGELIUM
2136 342 2373 407 LUC/E.
2424 378 2498 387 --
2545 345 2709 407 CAP.
2759 344 2981 409 XXIV.

3486 343 3683 408 vll‘2‘2

276 482 331 540 έν
400 481 529 547 ταῖς
592 478 828 559 καρδιαις
885 480 1034 555 ὑμῶν
1084 498 1164 555 ;»
1213 478 1427 541 παντως
1458 475 1511 534 δὲ
1566 479 1627 534 τὸ
1659 497 1939 556 γινωσκειν

2030 476 2582 558 tum,palpationem
2602 496 2883 539 manuum
2899 486 2957 539 et
2976 478 3192 559 pedum
3207 477 3485 559 ejus.Vos
3499 478 3682 551 enim,

284 570 503 651 καρδίας
609 573 741 628 Θεοῦ
827 568 1271 648 ὁμολογουμένως
1331 567 1464 628 ἐστί.
1527 567 1797 649 Ἐπιιρέρει
1855 567 1945 623 καὶ

285 662 486 743 ἕτερον,
540 661 637 729 τὴν
698 658 1016 739 ψηλάφησιδ
1073 666 1178 716 τῶν
1238 661 1441 740 χειρῶν
1483 660 1699 714 καὶτῶν
1741 656 1941 719 ποδῶν.

282 740 478 829 ’Υμεῐς
528 751 630 825 μὲν
685 751 809 830 γὰρ,
866 750 1023 830 φησὶ,
1098 749 1166 823 μὲ
1236 757 1443 824 πνεῦμα
1513 745 1722 804 δοκεῖτε
1779 751 1942 825 εἶναι,

277 841 401 910 ἢτοι
458 841 764 921 φάντασμα,
828 852 921 895 οϊα
982 836 1157 895 πολλὰ
1214 844 1321 895 τῶν
1368 837 1673 894 τεθνεώτων
1715 835 1949 912 μάλιστα

280 932 399 1010 περὶ
455 931 521 986 τὰ
584 929 841 1005 μνὴματα
897 928 1181 1007 φαντάζειν
1236 925 1447 984 εἴωθεν·
1492 924 1613 983 ἀλλ’
1664 925 1808 1003 ἴστε,
1864 927 1944 981 ὃτι

276 1020 339 1077 τὸ
398 1020 497 1095 μὲν
540 1040 750 1095 πνευμα
817 1014 935 1074 οὔτε
963 1017 1157 1095 σάρκα,
1193 1014 1311 1073 οὔτε
1361 1014 1520 1072 ὀστέα
1564 1012 1706 1094 ἔχει·
1753 1014 1862 1094 ἐγὼ
1890 1012 1945 1070 δὲ

277 1110 364 1167 καὶ
420 1109 588 1189 σάρκα
648 1109 739 1165 καὶ
795 1106 955 1164 ὀστέα
1015 1105 1156 1186 ἔχω,
1190 1107 1233 1162 εἰ
1276 1105 1365 1162 καὶ
1396 1106 1635 1184 θειότερα
1666 1107 1752 1162 καὶ
1780 1126 1945 1162 πνευ-

280 1198 510 1273 ματικά.
571 1200 643 1255 Τὸ
704 1198 804 1277 γὰρ
876 1206 969 1255 τοῦ
1041 1197 1227 1275 Κυρίου
1282 1200 1441 1271 σῶμα
1478 1204 1685 1270 πνεῦμα
1718 1195 1815 1271 μὲν
1853 1194 1947 1250 οὐκ

275 1288 344 1354 ἦν
412 1289 775 1363 πνευματικὸν
866 1284 945 1366 δὲ,
1046 1285 1313 1364 τουτέστι,
1390 1284 1569 1351 πάσης
1630 1284 1947 1366 παχύτητος

276 1375 463 1452 ἐκτὸς,
522 1378 786 1453 πνεύματι
844 1364 1238 1450 διοικούμενον.
1300 1375 1371 1432 Tb
1456 1373 1555 1450 μὲι
1583 1374 1683 1452 γὰρ
1713 1364 1945 1450 σῶμα,δ

275 1472 362 1523 νῦν
427 1463 655 1546 ἔχομεν,
718 1465 956 1547 ψυχικόν
1014 1463 1150 1539 ἐστι,
1183 1463 1477 1539 τουτέστιν,
1525 1468 1679 1543 ψυχῇ
1710 1462 1943 1520 διοικού-

274 1577 463 1634 μενον,
527 1558 616 1613 καί
684 1553 1112 1634 ζωογονοεόμενον
1169 1566 1298 1620 ταῖς
1370 1566 1621 1633 φυσικαῖς
1652 1554 1740 1610 καὶ
1770 1558 1942 1634 ψυχι-

271 1658 405 1710 καῖς
464 1646 716 1713 ποιότησι
759 1646 848 1703 καὶ
879 1643 1153 1719 δυνάμεσι.
1200 1645 1271 1701 Tb
1301 1642 1354 1699 δὲ
1390 1644 1529 1719 μετὰ
1556 1644 1657 1711 τὴν
1706 1643 1943 1701 ἀνάστα-

2025 563 2521 647 inquit.spiritum
2548 567 2768 648 putatis
2797 587 2893 630 me
2919 568 3320 643 esse,496vel
3339 569 3667 649 plantasma

2028 655 2221 736 qualia
2256 657 2439 718 multa
2466 658 2628 719 circa
2657 665 3029 719 mortuorum
3081 659 3359 739 sepulcra
3399 676 3687 740 apparere

2029 745 2243 806 solent:
2273 745 2377 806 sed
2410 746 2574 809 scitis
2605 746 2764 826 quod
2789 746 3035 826 spiritus
3056 747 3302 829 quidem
3336 765 3529 829 neque
3549 766 3685 809 car-

2031 853 2166 895 nem
2202 853 2397 914 neque
2429 853 2565 895 ossa
2599 834 2779 896 habet
2805 857 2819 896 :
2856 854 2963 915 ego
2987 844 3183 898 autem
3208 855 3451 899 carnem
3475 841 3537 901 et
3555 855 3690 898 ossa

2034 923 2493 1004 habeo,tametsi
2518 924 2809 986 diviniora
2823 932 2886 987 et
2903 925 3504 1006 spiritualia.Domini
3528 925 3687 987 enim

2029 1031 2248 1094 corpus
2279 1014 2524 1094 spiritus
2556 1013 2797 1094 quidem
2848 1033 2966 1075 non
3020 1024 3169 1081 erat.
3204 1016 3307 1078 sed
3358 1015 3685 1097 spirituale,

2029 1102 2141 1163 hoc
2173 1111 2286 1173 est,
2319 1100 2543 1182 absque
2565 1101 2729 1162 omni
2754 1102 3213 1179 crassitudine,a
3234 1104 3443 1183 spiritu
3466 1105 3690 1183 gubera

2029 1192 2497 1255 natum.Etenim
2531 1211 2748 1273 corpus
2770 1193 2925 1274 quod
2947 1213 3106 1256 nunc
3132 1194 3691 1257 babemusanimale

2029 1291 2140 1355 est,
2176 1282 2289 1343 hoc
2320 1290 2435 1363 est,
2469 1280 2541 1343 ab
2575 1283 2773 1344 anima
2806 1282 3060 1363 regitur,
3085 1292 3145 1346 et
3173 1302 3207 1344 a
3236 1283 3608 1345 naturalibus
3630 1293 3690 1345 et

2027 1371 2385 1434 animalibus
2407 1370 2786 1451 qualitatibus
2800 1390 2868 1434 ac
2888 1370 3115 1434 viribus
3136 1373 3489 1435 viviﬁcatur.
3516 1372 3682 1445 Quod

2026 1471 2222 1523 autem
2256 1470 2386 1541 post
2418 1462 2921 1523 resurrectionem
2964 1461 3342 1538 habebimus,
3378 1464 3685 1543 spirituale

2027 1551 2358 1613 nominavit
2380 1550 2596 1612 Paulus
2615 1551 2700 1627 56,
2729 1552 2843 1613 hoc
2865 1559 2974 1633 est,
3000 1552 3156 1632 quod
3190 1570 3226 1615 a
3246 1552 3442 1613 divino
3464 1551 3687 1634 Spiritu

2025 1641 2345 1703 viviﬁcetur
2364 1647 2423 1701 et
2440 1639 2900 1719 gubernetur,et
2921 1659 3039 1703 non
3063 1644 3140 1703 ab
3160 1641 3357 1703 anima
3388 1641 3685 1723 modoque

275 1758 356 1793 σιν
432 1737 793 1811 πνευματικὸν
852 1734 1130 1810 ὠνόμασεν
1211 1735 1239 1790 ὁ
1296 1735 1527 1812 Παῦλος,
1586 1732 1750 1811 ἤγουν
1778 1733 1942 1790 πνεύ-

2030 1729 2321 1792 indicibili
2344 1738 2401 1791 et
2433 1729 2723 1809 spirituali
2739 1730 2811 1790 ad
2840 1730 3350 1811 incorruptionem
3374 1731 3683 1793 alteratum

280 1847 409 1900 ματι
470 1826 901 1903 ζωογονούμενον
958 1824 1081 1897 θείῳ
1148 1824 1237 1880 καὶ
1293 1820 1677 1897 διοικούμενον,
1736 1824 1823 1879 καὶ
1884 1827 1943 1882 ού

280 1918 459 1994 ψυχῇ,
561 1916 743 1995 τρόπῳ
840 1912 1130 1992 ἀπορρήτῳ
1241 1912 1330 1969 καὶ
1416 1918 1756 1988 πνευματικῷ
1810 1914 1941 1991 πρὸς

274 2002 565 2083 ἀφθαρσίαν
617 2000 1124 2083 μεταστοιχειωθέν,
1203 2002 1294 2059 καὶ
1363 2000 1417 2057 έν
1517 2002 1683 2077 ταύτῃ
1754 2024 1940 2069 συντη-

272 2093 550 2172 ρούμενον.
612 2101 859 2151 Τοιοῦτον
889 2091 978 2149 οὖν
1008 2093 1120 2171 χρὴ
1155 2103 1298 2148 νοεῖν
1342 2092 1405 2147 τὸ
1433 2096 1525 2146 τοῦ
1556 2090 1743 2168 Κυρίου
1782 2096 1940 2167 σῶμα

275 2184 414 2258 μετὰ
462 2182 563 2249 τὴν
620 2182 930 2255 ἀνάστασιν,
992 2181 1378 2260 πνευματικὸν,
1444 2182 1533 2236 καὶ
1575 2178 1792 2261 λεπτὸν,
1852 2185 1942 2237 καὶ

274 2273 457 2339 πάσης
512 2272 830 2352 παχύτητος
863 2271 1021 2336 ἐκτὸς
1033 2317 1051 2347 _,
1082 2272 1172 2328 καὶ
1203 2268 1317 2328 οὔτε
1360 2275 1593 2349 τροφῶς,
1628 2270 1745 2326 οὔτε
1777 2269 1940 2352 ἄλλου

278 2363 422 2425 τινὸς
474 2351 747 2438 δεόμενον,
833 2363 878 2418 εἰ
961 2362 1049 2418 καί
1107 2362 1239 2438 πρὸς
1295 2360 1551 2416 πίστωσιν
1607 2358 1824 2439 ἔφαγεν,
1862 2351 1939 2418 υΟ

276 2451 376 2530 γὰρ
437 2449 656 2532 ἔφαγεν,
727 2451 788 2507 οὒ
834 2451 973 2509 κατὰ
1027 2450 1181 2529 φύσιν
1239 2448 1462 2529 ἔφαγεν,
1496 2447 1631 2505 ἀλλὰ
1700 2450 1821 2506 κατ’
1866 2452 1941 2507 οἰ-

277 2542 559 2617 κονομίαν,
618 2541 711 2597 ἵνα
769 2539 910 2618 δείξῃ
967 2538 1049 2596 ὅτι
1087 2541 1215 2596 αὐτὸ
1241 2540 1302 2596 τὸ
1346 2541 1511 2595 παθὸν
1543 2545 1697 2614 σῶμα
1720 2539 1938 2609 ἀνέστη.

281 2630 430 2689 Κατᾶ
478 2630 630 2711 φύσιν
687 2630 868 2708 μέντοι
937 2637 1097 2687 τοῦτο
1154 2636 1233 2705 τῷ
1293 2628 1502 2691 σώματι
1531 2628 1620 2702 ἧν,
1654 2631 1715 2685 τὸ
1741 2629 1944 2687 κεκλει-

279 2720 493 2796 σμένων
546 2722 656 2777 τῶν
683 2724 851 2799 θυρῶν
883 2719 1134 2797 εἰσιέναι,
1170 2720 1234 2776 τὸ
1265 2718 1485 2781 ἀκόπως
1529 2719 1635 2775 ἀπὸ
1659 2720 1825 2778 τόπου
1876 2724 1949 2786 εἰς

279 2809 446 2865 τόπον
491 2806 851 2884 μεταϐαίνειν,
932 2807 1334 2865 Ἀπιστούντων
1393 2810 1481 2864 οὖν
1540 2814 1646 2864 τῶν
1695 2812 1948 2883 μαθητῶν

2028 1820 2104 1880 sit
2135 1828 2192 1881 et
2222 1819 2282 1879 in
2314 1837 2387 1880 ea
2407 1828 2843 1884 conservatum.
2877 1818 3020 1880 Tale
3042 1819 3221 1899 igitur
3241 1828 3475 1901 oportet
3502 1820 3682 1882 intel-

2027 1908 2212 1987 ligere
2240 1907 2476 1971 Domini
2510 1926 2728 1989 corpus
2758 1916 2889 1988 post
2934 1908 3461 1985 resurrectionem,
3497 1909 3677 1991 spiri-

2027 1997 2206 2072 tuale,
2232 2004 2291 2058 et
2320 1997 2560 2070 subtile,
2585 2006 2643 2059 et
2671 1996 2934 2059 alienum
2959 1997 3033 2059 ab
3065 2000 3228 2060 omni
3259 1997 3677 2075 crassitudine,

2023 2106 2219 2168 neque
2271 2086 2388 2147 cibi
2444 2105 2641 2167 neque
2688 2087 2935 2148 alterius
2980 2087 3331 2168 cujusquam
3378 2088 3676 2170 indigens,

2024 2176 2291 2257 quamvis
2337 2175 2410 2238 ad
2458 2176 2974 2238 conﬁrmationem
3030 2177 3267 2239 illorum
3321 2179 3673 2240 comederit.

2023 2264 2191 2337 Quod
2220 2264 2379 2326 enim
2403 2264 2815 2330 comedit.non
2839 2266 3168 2327 secundum
3191 2274 3458 2327 naturam
3481 2285 3678 2329 come-

2025 2356 2130 2429 dit,
2160 2354 2263 2416 sed
2298 2355 2627 2416 secundum
2660 2355 3187 2435 dispensationem,
3221 2357 3293 2418 ad
3344 2355 3684 2419 docendum

2026 2444 2181 2525 quod
2207 2444 2350 2506 illud
2380 2444 2575 2525 ipsum
2603 2462 2823 2524 corpus
2838 2443 2991 2524 quod
3019 2462 3255 2525 passum
3281 2456 3684 2521 est,surrexe—

2025 2535 2124 2597 rit.
2151 2534 2431 2596 Naturale
2460 2542 2656 2596 autem
2684 2534 2822 2595 huic
2844 2534 3080 2615 corpori
3104 2544 3229 2596 erat
3249 2535 3465 2597 clausis
3480 2536 3687 2615 januis

2028 2624 2285 2705 ingredi,
2320 2623 2621 2705 etabsque
2648 2622 2852 2686 labore
2876 2625 3063 2686 eloco
3088 2627 3146 2687 in
3173 2624 3369 2686 locum
3402 2627 3681 2689 transire.

2032 2713 2233 2795 Itaque
2265 2733 2397 2777 cum
2431 2714 2713 2795 discipuli
2744 2712 2942 2775 adhuc
2973 2733 3090 2776 non
3118 2714 3459 2790 crederent,
3489 2736 3687 2797 neque

2032 2822 2139 2886 per
2171 2803 2568 2885 palpationem
2622 2803 3147 2885 persuaderentut,
3203 2804 3365 2866 addit
3413 2814 3470 2868 et
3524 2807 3685 2870 aliud

276 2894 380 2974 ἔτι,
453 2900 541 2955 καὶ
600 2896 735 2974 μηδὲ
765 2899 872 2955 ἀπὸ
903 2901 1001 2967 τῆς
1051 2894 1429 2978 ψηλαφὴσεως
1500 2896 1942 2981 ἀναπεισθέντων,

2031 2893 2342 2973 indicium,
2376 2893 2927 2981 comedensdivina
2942 2892 3195 2974 quadam
3221 2893 3433 2957 virtute
3461 2916 3685 2959 consu-

278 2988 364 3043 καὶ
421 2986 600 3068 ἕτερον
658 2992 999 3068 προστίθησι,
1062 2989 1126 3043 τὸ
1200 3008 1299 3055 της
1352 2988 1625 3067 βρωσεως,
1686 2989 1795 3061 θείᾳ
1846 3000 1948 3056 τινὶ

277 3075 494 3153 δυνάμει
610 3076 1153 3153 καταναλισκομένων
1259 3083 1366 3133 τῶν
1476 3074 1943 3156 βιϐρωσκομένων.

280 3171 392 3223 Πᾶν
441 3167 540 3248 γὰρ
596 3168 659 3224 τὸ
728 3174 963 3249 φυσικῶς
1023 3164 1460 3246 βιϐρωσκόμενον
1491 3164 1574 3223 διὰ
1614 3174 1704 3224 τοῦ
1734 3169 1944 3244 στόμα-

283 3277 373 3320 τος
433 3258 507 3321 εἰς
565 3255 839 3337 ἀφεδρῶνα
898 3269 1097 3336 χωρεῖ·
1154 3256 1222 3312 τὰ
1307 3254 1361 3311 δὲ
1419 3257 1478 3312 ού
1529 3262 1784 3336 φυσικῶς,
1869 3260 1945 3323 ὡς

283 3344 537 3423 εἴπομεν,
597 3344 720 3403 ἀλλ’
777 3348 1130 3423 οἰκονομικῶς
1198 3342 1572 3425 έϐιερώσκετο.
1636 3345 1849 3427 ’Ἕχειν
1889 3347 1944 3405 δὲ

275 3458 329 3493 τι
388 3439 480 3494 καὶ
534 3435 771 3517 αἴνιγμα
841 3434 984 3495 ἔοικε
1029 3437 1095 3492 τὰ
1144 3435 1265 3492 τότε
1308 3435 1598 3516 βρωθέντα·
1630 3438 1814 3517 ἰχθύος
1845 3440 1946 3517 γὰρ

276 3527 442 3585 ὀπτοῦ
494 3526 657 3606 μέρος
742 3527 950 3606 φαγὼν,
1013 3528 1295 3585 αἰνίττεται
1354 3523 1435 3582 ὅτι
1480 3526 1578 3594 τὴν
1608 3529 1760 3608 φύσιν
1788 3530 1943 3605 ἡμῶν

274 3614 372 3681 τὴν
426 3613 480 3671 έν
538 3621 616 3689 τῷ
664 3613 889 3694 ἁλμυρῷ
945 3615 1116 3689 τούτῳ
1177 3614 1275 3691 βίῳ
1331 3614 1647 3695 νηχομένην
1713 3624 1790 3692 τῷ
1828 3620 1950 3697 πυρὶ

275 3706 377 3770 τῆς
432 3703 626 3767 οἰκείας
687 3705 940 3770 θεότητος
1010 3702 1257 3779 ἰκτήξας,
1317 3706 1408 3761 καὶ
1465 3710 1641 3761 πᾶσαν
1662 3703 1729 3772 ἥν
1788 3707 1948 3787 εἶχεν

277 3792 341 3847 ικ
408 3790 515 3848 τῶν
544 3791 753 3868 βαθέων
774 3794 878 3848 τῶν
922 3790 1149 3873 δδάτων,
1185 3790 1390 3869 μᾶλλον
1433 3790 1488 3849 δὲ
1531 3799 1639 3849 τῶν
1670 3795 1943 3885 κυμάτων,

273 3880 545 3959 ὑγρότητα
601 3880 912 3957 έξικμάσας,
974 3884 1117 3939 θείαν
1174 3883 1370 3961 βρῶσιν
1430 3884 1693 3951 πεποίηκε
1723 3880 1942 3959 ταύτην,

2031 2983 2248 3045 mendo
2281 2983 2435 3064 quod
2460 2980 2696 3044 edebat.
2732 2980 2944 3043 Omnis
2964 2981 3123 3042 enim
3150 2981 3318 3044 cibus
3346 2993 3553 3047 natura
3576 3005 3689 3067 per

2029 3091 2096 3134 os
2124 3083 2417 3152 sumptus,
2443 3072 2518 3133 ad
2537 3089 2843 3133 secessum
2866 3071 3046 3133 vadit:
3068 3089 3269 3133 verum
3294 3072 3421 3135 haec
3444 3093 3561 3137 non
3586 3094 3690 3137 na-

2030 3161 2529 3235 turaliter,setl,ut
2546 3157 3169 3240 diximus,secundum
3182 3158 3685 3239 dispensationem

2029 3251 2310 3314 comedit.
2366 3251 2559 3312 Habet
2608 3258 2806 3310 autem
2850 3248 3101 3327 aenigma
3141 3248 3467 3332 quoddam,
3522 3252 3686 3333 quod

2028 3348 2254 3422 partem
2289 3340 2471 3419 piscis
2493 3338 2821 3402 comederit
2849 3359 2862 3397 :
2893 3337 3188 3417 signiﬁcat
3202 3338 3359 3399 enim
3391 3338 3547 3420 quod
3571 3358 3686 3402 na-

2027 3441 2219 3492 turam
2254 3436 2539 3504 nostram,
2558 3446 2689 3509 qure
2706 3427 2769 3489 in
2791 3426 3162 3507 salsnginoso
3187 3428 3301 3489 hoc
3322 3429 3470 3490 mari
3496 3436 3683 3493 natat.

2029 3522 2149 3599 igni
2182 3539 2305 3583 suae
2322 3520 2555 3583 deitatis
2568 3519 2870 3591 assarit,et
2895 3518 3208 3580 exsiccarit
3228 3536 3466 3581 omnem
3480 3519 3687 3583 humo-

2032 3629 2158 3674 rem
2193 3629 2372 3691 quem
2399 3625 2474 3670 ex
2508 3607 2818 3691 profundis
2839 3607 3116 3670 ﬂuctibus
3141 3607 3494 3689 habebat,ut
3515 3611 3689 3673 ﬁeret

2030 3700 2263 3761 divinus
2293 3698 2549 3775 cibus,et
2584 3697 2685 3778 qui
2709 3698 2872 3778 prius
2903 3705 3035 3760 erat
3061 3696 3688 3774 abominabilis,ﬁeret

2030 3809 2189 3852 nunc
2214 3789 2408 3852 dulcis
2431 3788 2576 3851 Deo:
2601 3788 2714 3849 hoc
2739 3788 2898 3848 enim
2923 3787 3258 3867 signiﬁcare
3282 3787 3500 3851 dicitur
3513 3790 3687 3853 favus

2029 3881 2251 3953 mellis,
2285 3878 2668 3941 dulcedinem
2695 3877 2829 3939 dico
2862 3886 3089 3940 naturae
3130 3886 3348 3939 nostrae
3378 3878 3544 3959 prius
3571 3878 3682 3941 ab-

272 3970 376 4037 τὴν
439 3971 627 4050 πρώην
686 3969 979 4048 βδελυκτὴν
1075 3970 1264 4040 ἢδεϊαν
1342 3974 1538 4051 βρῶσιν
1586 3972 1942 4053 ἐργασάμενος

2030 3968 2332 4050 ίθοὶωΝθΙ
2363 3970 2450 4050 (ut
2477 3969 2711 4049 opinor)
2731 3966 3020 4045 signiﬁcat
3042 3985 3147 4047 per
3170 3969 3391 4048 piscem
3426 3981 3682 4031 assatum

273 4065 352 4134 τῷ
411 4065 554 4135 Θεῷ.
587 4067 757 4119 Τοῦτο
815 4062 940 4139 γὰρ,
992 4062 1176 4141 φησὶν,
1237 4062 1519 4118 αἰνίττεται
1551 4063 1613 4118 τὸ
1673 4061 1943 4138 μελίσσιον

2026 4059 2273 4122 activam
2306 4059 2511 4139 vitam,
2544 4076 2678 4139 quae
2708 4056 2858 4118 tollit
2882 4066 3145 4119 nostram
3176 4057 3589 4121 humiditatem
3625 4069 3684 4122 et

270 4149 482 4230 κηρίον,
540 4151 640 4218 τὴν
698 4151 799 4232 νῦν
832 4149 1140 4229 γλυκύτητα
1172 4149 1315 4229 λέγω
1340 4156 1441 4217 τῆς
1472 4153 1593 4231 πρὶν
1639 4150 1942 4224 ἂποϐλήτου

2030 4149 2487 4213 crassitudinem
2524 4146 2744 4210 auxilio
2794 4145 3123 4209 carbonum
3166 4146 3599 4232 solitariorum,
3633 4160 3690 4212 et

273 4241 433 4315 ἡμῶν
492 4240 725 4321 φύσεως.
789 4231 880 4297 "ﬂ
945 4241 1034 4297 καί
1093 4247 1270 4316 τοῦτο,
1304 4241 1490 4317 οἶμαι,
1527 4243 1834 4319 αἰνίττεται,
1867 4242 1951 4303 διὰ

279 4329 378 4405 μὲν
436 4335 530 4386 τοῦ
591 4331 757 4387 ὀπτου
816 4331 1000 4411 ἰχθύος
1060 4331 1159 4399 τὴν
1252 4331 1573 4410 πρακτικὴν,
1631 4333 1953 4413 ὑφαιροῦσαν

275 4420 435 4493 ἡμῶν
508 4419 610 4487 τὴν
681 4418 891 4487 πολλὴν
948 4420 1219 4500 ὑγρότητα
1260 4422 1351 4478 καὶ
1378 4422 1673 4502 παχύτητα
1738 4421 1823 4482 διὰ
1851 4428 1949 4491 τῆς

270 4515 384 4566 τῶν
439 4508 715 4587 έρημικῶν
776 4511 866 4567 καὶ
916 4510 1299 4590 ἡσυχαστικῶν
1343 4510 1615 4585 ἀνθράκων
1674 4512 1944 4588 βοηθείας⁶

272 4600 376 4667 τὴν
449 4597 505 4655 δὲ
559 4605 781 4679 γνῶσιν,
814 4598 936 4667 ἢτοι
983 4601 1231 4681 θεωρίαν,
1267 4598 1351 4657 διὰ
1407 4607 1499 4657 τοῦ
1529 4601 1807 4676 μελισσίου
1836 4624 1947 4670 κη-

267 4690 402 4769 ρίου,
465 4688 623 4767 εἴπερ
695 4687 895 4768 γλυκέα
948 4690 1017 4746 τὰ
1067 4696 1161 4746 τοῦ
1229 4696 1362 4747 Θεοῦ
1417 4688 1599 4768 λόγια.
1661 4689 1836 4748 ’Ἔστι
1894 4690 1949 4748 δὲ

268 4780 485 4855 κηρίον,
548 4776 687 4835 ἀλλὰ
742 4776 1083 4859 κηφηνῶδες,
1137 4780 1199 4836 τὸ
1245 4778 1343 4847 τῆς
1379 4770 1705 4848 Ἑλληνικῆς
1736 4782 1945 4861 σοφίας.

266 4868 381 4927 Ιστι
434 4868 489 4925 δὲ
546 4869 734 4948 κηρίον
794 4868 1092 4950 μελίσσιον,
1126 4870 1186 4926 τὸ
1217 4874 1318 4937 τῆς
1345 4870 1490 4933 θείας
1550 4871 1760 4951 σοφίαςο
1797 4871 1952 4953 ε’ίπερ

267 4960 499 5039 Χριστὸς
563 4957 600 5025 ἡ
651 4957 902 5038 μέλισσα,
965 4958 1127 5038 μικρᾶ
1174 4959 1274 5035 μὲν
1340 4964 1418 5033 τῷ
1475 4958 1687 5038 μεγέθει
1728 4960 1942 5040 (συντε-

266 5047 554 5126 τμημένος
585 5048 686 5127 γὰο
717 5051 745 5105 ὁ
775 5046 963 5129 λόγος,
996 5049 1085 5105 καὶ
1131 5049 1199 5125 τῇ
1268 5049 1425 5126 ῥώμη
1457 5048 1710 5120 ἀσθενής
1746 5051 1842 5107 οὒκ
1887 5051 1941 5109 ἐν

2034 4240 2295 4321 quietem
2314 4235 2927 4319 amplexantium.Per
2942 4238 3134 4300 favum
3155 4245 3351 4297 autem
3374 4238 3689 4321 apiarium,

2034 4330 2340 4392 scientiam
2375 4328 2463 4389 vel
2497 4326 3100 4407 contemplationem;
3131 4323 3437 4407 Siquidem
3490 4327 3690 4393 dulcia

2035 4419 2273 4500 eloquia
2290 4417 2396 4480 Dei
2413 4417 2499 4478 37.
2537 4416 2637 4478 Est
2669 4424 2727 4478 et
2755 4416 2912 4478 alius
2942 4414 3104 4477 favus
3140 4415 3692 4499 agrestior,nempe

2034 4509 2344 4588 gentilium
2376 4506 2689 4588 sapientia.
2724 4503 3041 4586 Siquidem
3064 4504 3332 4567 Cbsistus
3362 4523 3544 4586 parva
3561 4508 3693 4589 apis

2034 4607 2126 4662 est
2157 4598 2590 4677 magnitudine.
2623 4593 3045 4656 Abltreviatum
3080 4594 3240 4656 enim
3277 4606 3369 4656 est
3412 4597 3687 4674 verbum,

2036 4698 2095 4750 et
2122 4688 2425 4749 inﬁrmum
2457 4686 2701 4748 robore.
2725 4682 2854 4745 Non
2880 4684 3036 4745 enim
3058 4684 3117 4744 in
3148 4684 3365 4746 virtute
3394 4688 3691 4750 sermonis

2034 4778 2253 4842 Paulus
2285 4776 2590 4859 praedicat,
2625 4783 2689 4836 ut
2711 4792 2786 4837 ne
2818 4791 3062 4836 crucem
3094 4783 3337 4836 evacuet
3357 4776 3439 4837 58:
3460 4794 3693 4838 verum-

2035 4881 2236 4933 tamen
2267 4867 2506 4948 regibus
2538 4873 2596 4929 et
2625 4866 2826 4929 idiotis
2868 4873 2959 4926 est
3005 4864 3280 4927 amabilis
3307 4867 3692 4932 aﬂ‘erentibus

2025 4959 2265 5023 labores
2295 4976 2434 5021 suos
2466 4957 2528 5019 in
2570 4955 2888 5021 sanitatem
2921 4954 3278 5020 animarum.

273 5142 502 5221 δυνάμει
535 5144 637 5224 γὰρ
668 5142 832 5223 λόγου
864 5141 1072 5209 Παῦλος
1128 5145 1398 5225 κηρύττει,
1447 5142 1541 5201 ἵνα
1571 5144 1649 5220 μὴ
1680 5144 1893 5223 κενώση
1920 5146 2014 5202 τὸν
2069 5141 2343 5225 σταυρὸν),
2377 5141 2521 5210 πλὴν
2574 5140 2849 5219 βασιλεῦσι
2880 5143 2969 5197 καὶ
3018 5138 3253 5206 ἰδιώταις
3298 5141 3572 5224 ἐράσμιος,
3617 5146 3691 5210 εἰς

271 5236 484 5315 ὑγίειαν
516 5235 761 5315 ψυχικὴν
803 5234 1252 5315 προσφερομένοις
1273 5235 1395 5300 τοὺς
1426 5234 1620 5299 πόνους
1651 5237 1840 5304 αὐτῆς.

357 5352 383 5388 ι
420 5336 556 5391 Τότε
594 5328 855 5401 διήνοιξεν
914 5332 1088 5390 αὐτῶν
1136 5332 1227 5388 τὸν
1274 5337 1394 5388 νοῦν
1453 5337 1546 5388 τοῦ
1588 5330 1819 5389 συνιέναι
1844 5333 1939 5398 τὰς

268 5422 509 5503 Γραφὰς,
571 5421 660 5478 καὶ
721 5432 875 5478 εἶπεν
919 5419 1130 5498 αὐτοῖς,
1183 5421 1266 5479 ὅτι
1295 5420 1436 5478 οὕτω
1479 5420 1801 5500 γέγραπται,
1852 5424 1940 5480 καὶ

268 5509 440 5577 οὕτως
472 5508 578 5568 ἔδει
637 5513 830 5569 παθεῖν
888 5511 982 5567 τὸν
1025 5512 1275 5593 Χριστὸν,
1314 5512 1403 5570 καὶ
1445 5516 1537 5588 τῇ·
1564 5510 1716 5590 τρίτῃ
1764 5512 1940 5593 ἡμέρᾳ

2106 5333 2285 5394 Vens.
2311 5327 2533 5393 45-53.
2563 5353 2585 5385 ι
2621 5326 2790 5390 Tunc
2808 5326 3046 5407 aperuit
3064 5334 3327 5390 mentem
3361 5328 3695 5405 illorum,ut

2022 5420 2429 5501 intelligerent
2457 5416 2830 5499 Scripturas:
2869 5423 2928 5479 et
2954 5415 3102 5478 dixit
3133 5417 3238 5478 eis.
3276 5418 3376 5481 Sic
3401 5419 3691 5501 scriptum

2022 5518 2205 5589 est,et
2234 5508 2321 5572 sic
2353 5505 2667 5590 oportebat
2696 5506 2995 5569 Christum
3028 5505 3169 5586 pati,
3212 5513 3271 5569 et
3298 5522 3629 5589 resurgere
3659 5528 3694 5573 a

360 5669 477 5734 501
506 5669 643 5735 Cor.
670 5688 769 5755 xv,
800 5673 900 5737 44.
987 5672 1049 5724 Ιτ
1084 5671 1243 5735 Psal.
1277 5688 1442 5751 xvm,
1473 5671 1574 5734 16.
1658 5672 1767 5732 581
1798 5668 1935 5734 Cor.
1959 5686 2005 5749 ι,
2029 5673 2131 5736 17.
