4184 6426
273 335 424 401 1125
960 329 1405 398 ENARRATIO
1451 334 1532 397 ΙΝ
1581 327 1938 397 EVANGEL

2024 335 2091 395 ’Μ
2139 334 2378 399 LUC/E.
2415 368 2489 382 --
2531 334 2697 402 CAP.
2747 333 2968 402 XXIV.
3528 337 3683 403 1126

264 469 476 546 οὒδεμία
550 469 689 528 οὕτω
744 481 861 532 τοῖς
931 468 1342 546 βαπτιζομένοις
1403 467 1609 549 ἂιρεσις,
1657 467 1794 524 ἆλλᾶ
1846 470 1928 524 καὶ

2024 478 2449 552 naturam,quae
2475 480 2592 535 tota
2615 473 2675 534 in
2709 471 2939 534 Christo
2956 474 3122 534 unita
3145 484 3234 537 est
3265 482 3323 535 et
3343 483 3679 556 assumpta,

271 562 551 640 προσθήκη
613 558 886 637 ἄμαρτιῶν
944 557 1257 637 ἐπιγίνεται.
1316 559 1472 616 Οὗτοι
1527 558 1624 634 μὲν
1695 559 1782 614 οῦν
1827 580 1931 614 κα-

2024 578 2132 619 non
2166 560 2317 622 ultra
2348 561 2406 622 in
2439 561 2586 624 duas
2615 561 2816 623 dirimi
2858 563 3178 643 sectiones,
3232 562 3572 625 Judaeorum
3627 570 3683 626 et

272 655 379 715 κῶς
440 647 740 710 ἀπώλοντο.
805 649 894 712 Εἰς
937 647 1111 705 πάντα
1174 646 1228 703 δὲ
1259 648 1326 704 τὰ
1354 646 1478 714 ἔθνη
1511 651 1537 704 ὁ
1583 648 1740 726 λόγος
1772 648 1931 716 ἐξηλ-

2024 649 2352 724 gentilium.
2387 649 2490 712 sed
2523 651 2790 732 incipere
2820 669 3162 713 sermonem
3183 671 3217 713 a
3244 651 3604 730 Jerusalem,
3628 664 3685 716 et

275 743 383 819 θεν,
471 736 761 817 ἀρξάμενος
831 737 934 793 Ξιπὸ
1015 726 1387 816 Ἰερουσαλὴμ.
1452 729 1608 794 ’Ἔδει
1692 739 1792 817 γὰρ
1836 739 1934 803 τὴν

2024 738 2076 798 in
2108 741 2390 818 gentibus
2421 726 2832 821 requiescere,
2866 741 3050 804 unitis
3082 741 3550 818 generibus.Vos
3571 726 3679 804 au-

278 830 430 909 φῦσιν
488 835 662 886 πᾶσαν
736 827 792 882 ἐν
849 830 1058 907 Χριστῷ
1099 826 1390 883 ἒνωθεῒσαν
1449 829 1535 884 καὶ
1566 826 1938 907 προσληφθεῖ-

2024 828 2138 889 ιειη
2177 829 2320 890 estis
2349 838 2524 891 testes
2556 831 2792 902 horum,
2829 831 3120 910 passionis
3139 830 3369 894 scilicet
3397 851 3681 896 mresur-

271 941 393 997 σαν,
485 918 562 992 μὴ
665 919 738 980 εἷς
796 915 886 973 δύο
971 914 1157 972 λοιπὸν
1259 914 1572 995 διαιρεῖσθαι
1659 918 1942 996 τμήματα,

274 1005 550 1086 Ἐϐραίους
609 1009 698 1063 καὶ
761 1006 1049 1079 ἐνθνικοὺς,
1087 1003 1205 1061 αλλ’
1263 1005 1510 1084 ἄρξασθαι
1581 1005 1686 1062 ἀπὸ
1748 997 1942 1084 ἰερου-

275 1096 462 1172 σαλὴμ
522 1097 614 1152 τὸν
687 1095 847 1174 λόγον
900 1096 986 1150 καὶ
1038 1094 1091 1149 ἐν
1123 1108 1239 1158 τοῖς
1272 1094 1468 1151 ἔθνεσιν
1517 1094 1938 1176 ἆναπαῦσασθαι,

270 1188 615 1243 ἐνοποιοῦντα
687 1188 788 1252 την
867 1183 1041 1265 φύσιν,
1110 1203 1139 1241 ‹
1193 1175 1380 1260 ἰ’μεῒς
1438 1182 1517 1264 δὲ,
1574 1186 1758 1264 φησὶν,
1820 1175 1936 1240 ἐστὲ

268 1276 533 1355 μάρτυρες
591 1275 792 1331 τούτων
823 1277 928 1330 τῶν
991 1275 1198 1345 παθῶν,
1257 1279 1359 1340 τῆς
1405 1275 1768 1337 ἄναστάσεως,
1804 1278 1938 1331 Εἶτα

268 1364 365 1421 ἵνα
427 1365 505 1440 μὴ
564 1367 875 1444 ταραχθῶσι
947 1361 1072 1442 παρ’
1145 1365 1384 1434 ἑαυτοτς,
1445 1366 1534 1420 καὶ
1593 1362 1932 1440 λογίσωνται⁸

266 1454 391 1520 Πῶς
471 1456 880 1533 μαρτυρήσομεν
967 1450 1227 1532 ἅιθρωποι
1339 1451 1542 1509 ἰδιῶται
1596 1454 1724 1532 πρὸς
1813 1452 1935 1519 ἔθνη

265 1543 750 1623 ῦποστελλόμενοι,
815 1544 945 1622 πρὸς
976 1544 1096 1607 τοὺς
1132 1533 1550 1618 Ἱεροσολυμίταις
1609 1543 1936 1620 ἀντιπαρεκ-

268 1632 520 1694 δυόμενοι
610 1634 731 1698 τοὺς
820 1634 908 1688 καὶ
995 1633 1054 1686 σὲ
1137 1631 1576 1710 ἀποκτείναντας,
1655 1639 1935 1711 Θαρσεῖτε³

2023 918 2334 981 rectionis.
2367 920 2577 982 Postea
2613 938 2688 979 ne
2718 921 3278 982 turbarenturintra
3310 941 3395 993 se,
3431 932 3493 984 et
3522 924 3682 1003 cogi-

2027 1015 2241 1075 tarent.
2270 1007 2580 1080 Quomodo
2615 1008 3086 1083 testiﬁcabimur,
3109 1011 3208 1091 qui
3242 1012 3456 1091 privati
3486 1014 3682 1075 homi-

2033 1115 2135 1157 nes
2162 1115 2232 1158 ac
2260 1097 2457 1157 idiotze
2483 1114 2692 1160 sumus
2721 1108 3044 1178 contraque
3066 1108 3275 1178 gentes
3303 1100 3685 1174 mittimur,et

2025 1192 2234 1248 contra
2262 1184 2790 1265 Jeresolymitanos
2811 1205 3118 1248 armamur
3147 1188 3247 1269 qui
3271 1197 3328 1250 et
3359 1197 3418 1249 te
3441 1190 3684 1253 occide-

2022 1274 2192 1337 runt?
2221 1273 2372 1335 dixit
2403 1276 2512 1353 eis,
2545 1299 2572 1330 α
2599 1273 2896 1337 Conﬁdite
2931 1298 2943 1333 :
2987 1301 3013 1332 »
3050 1277 3226 1356 hujus
3246 1277 3332 1339 rei
3350 1280 3534 1356 gratia
3555 1281 3684 1342 mit-

2022 1379 2136 1430 tam
2165 1363 2515 1446 propediem
2550 1366 3004 1445 promissionem
3040 1366 3252 1445 Patris,
3297 1367 3372 1428 de
3402 1387 3516 1448 qua
3548 1371 3679 1432 dic-

2021 1460 2143 1516 tum
2182 1473 2285 1533 per
2312 1453 2569 1530 Joelem,
2610 1454 2957 1516 «Elfundam
2985 1455 3059 1515 de
3090 1456 3314 1537 Spiritu
3349 1477 3480 1519 meo
3501 1478 3682 1540 super

2020 1563 2256 1604 omnem
2289 1563 2534 1610 carnem
2557 1544 2653 1604 60»
2682 1555 2800 1606 etc.
2834 1546 3053 1606 Sedete
3075 1544 3274 1624 igitur,
3304 1548 3405 1627 qui
3437 1551 3681 1610 nuncti-

2024 1633 2167 1694 midi
2198 1642 2256 1694 et
2282 1652 2486 1713 parum
2507 1634 2936 1710 viriles,donec
2959 1635 3292 1697 induamini
3319 1637 3674 1711 virtute,nou

265 1725 427 1802 φησὶ,
482 1723 670 1779 τούτου
729 1722 910 1784 ἓνεκα.
985 1719 1298 1777 Ἀποστελῶ
1329 1723 1430 1800 γὰρ
1458 1720 1581 1776 ὅσον
1641 1719 1788 1777 οῦπω
1843 1721 1938 1787 τὴν

2025 1724 2306 1796 humana,
2339 1722 2442 1784 sed
2473 1724 2723 1785 caelesti.
2752 1722 2881 1785 Non
2904 1723 3052 1784 dixit
3091 1734 3309 1798 autem,
3344 1727 3672 1808 accipiatis,

268 1811 598 1892 ἐπαγγελίαν
656 1811 752 1868 τοῦ
812 1811 1014 1890 Πατρός
1048 1833 1168 1886 μου,
1235 1809 1302 1878 ἦν
1357 1811 1516 1867 εἷπον
1546 1809 1612 1866 δι’
1650 1808 1832 1890 Ἰωὴλ,
1861 1810 1940 1864 ὅτι

274 1919 308 1963 ι
352 1902 574 1982 Ἐκχεῶ
604 1900 709 1957 ἀπὸ
739 1908 832 1958 τοῦ
867 1901 1170 1975 Πνεῦματός
1218 1922 1317 1975 μου
1346 1899 1430 1956 ἐπὶ
1461 1906 1635 1956 πᾶσαν
1689 1900 1877 1977 σάρκα,
1907 1923 1934 1955 ι

269 1993 357 2050 ταὶ
389 1993 454 2048 τὰ
510 1991 654 2059 ἑξῆς.
720 1992 976 2048 Καθίσατε
1020 1989 1132 2069 οὗν,
1192 1993 1239 2044 οἱ
1268 1999 1357 2049 νῦν
1388 1988 1548 2046 δειλοὶ
1627 1991 1714 2046 καὶ
1771 1989 1938 2045 ἄναν-

272 2078 408 2158 δροι,
472 2083 573 2144 ἓως
625 2079 684 2136 οὗ
765 2078 1044 2146 ἐνδύσησθε
1124 2077 1344 2154 δύναμιν
1417 2083 1508 2138 οὖν
1580 2078 1931 2157 ἀνθρωπίνην,

274 2166 395 2225 ἀλλ’
451 2170 708 2248 οὐράνιον,
770 2173 878 2227 Οὔκ
949 2168 1074 2224 εἶπε
1105 2165 1182 2242 δὲ,
1222 2167 1472 2243 Δέξησθε,
1523 2164 1640 2224 ἀλλ’
1685 2187 1716 2224 ε
1750 2165 1934 2224 Ἐνδύ-

271 2262 463 2333 σησθε,
536 2281 560 2316 ε
623 2259 686 2315 τὸ
743 2261 998 2317 πάντοθεν
1069 2259 1417 2336 φρουρητικὸθ
1442 2257 1540 2326 τῆς
1572 2257 1934 2332 meq-auxi;

277 2347 540 2412 ὁπλίσεως
598 2346 921 2428 ὑποφαίνων.
988 2371 1017 2402 α
1073 2336 1330 2425 Ἐξήγαγε
1388 2344 1440 2402 δὲ
1489 2348 1675 2410 αὐτοὺς
1729 2347 1829 2408 ἓως
1862 2347 1935 2410 εἷς

276 2437 558 2506 Βηθανίαν.
629 2458 652 2493 ι
722 2435 887 2495 Τοῦτο
957 2438 1220 2511 νοήσομεν
1292 2437 1347 2492 ἐν
1405 2437 1534 2512 αὐτῇ
1563 2443 1632 2512 τῇ
1670 2458 1934 2512 τεσσαρα-

274 2532 448 2603 κοστῇ
501 2525 676 2605 ἡμέρᾳ
732 2527 1030 2604 γεγονέναι.
1092 2525 1163 2583 "A
1222 2526 1321 2605 γὰρ
1393 2533 1533 2583 οῦτοι
1590 2526 1643 2582 ἐν
1701 2525 1934 2601 ἐπιτομῇ

273 2616 515 2696 λέγουσι,
582 2625 746 2674 ταῦτα
806 2617 911 2672 νόει
984 2638 1075 2691 μοι
1107 2616 1168 2671 σὺ
1224 2615 1278 2671 ἰν
1309 2614 1540 2679 πολλαῖς
1597 2615 1823 2695 ἡμέραις
1854 2616 1932 2692 γί-

276 2709 476 2762 νεσθαι’
541 2707 613 2769 ὡς
666 2705 823 2769 αὐτὸς
855 2707 1004 2770 οὗτος
1039 2707 1066 2760 ὁ
1108 2711 1310 2769 Λουκᾶς
1355 2728 1515 2786 φησιν
1548 2705 1601 2761 ἐν
1632 2718 1754 2768 ταῖς
1805 2704 1940 2784 Πρέ-

279 2795 443 2870 ξεσιν,
499 2793 580 2852 ὅτι
638 2818 660 2851 ε
730 2795 812 2850 Δι’
875 2797 1088 2874 ἡμερῶν
1146 2794 1535 2873 τεσσαράκοντα
1579 2795 1937 2871 ὀπτανόμενος

282 2887 491 2948 αὐτοῖς.
573 2907 597 2942 ο
688 2885 956 2964 Σνχνάκις
1025 2885 1124 2962 γὰρ
1196 2883 1466 2965 ἐφίστατο,
1524 2888 1612 2941 καὶ
1660 2886 1938 2964 ἀφίστατο.

288 2973 559 3052 Εὒλόγησε
613 2971 667 3030 δὲ
723 2976 844 3039 τοὺς
900 2976 1168 3054 μαθητὰς,
1241 2975 1386 3055 τάχα
1448 2976 1542 3050 μὲν
1592 2977 1680 3031 καὶ
1727 2972 1942 3050 δύναμιν

2024 1813 2534 1895 sed,»induamini
2561 1833 2573 1877 :
2603 1840 2628 1870 ιι
2653 1815 2962 1876 declarans
2984 1816 3226 1876 omnino
3248 1816 3516 1878 custodia
3546 1819 3676 1899 spi-

2023 1904 2251 1966 ritualis
2287 1913 2600 1966 armaturae
2631 1903 3008 1965 muniendos.
3053 1927 3075 1959 α
3116 1904 3315 1966 Eluxit
3347 1916 3548 1968 autem
3575 1927 3675 1970 eos

2022 2012 2210 2074 usque
2232 1993 2290 2054 in
2325 1991 2871 2055 Betlianiam.-Hoc
2901 1991 3305 2072 intelligamus
3331 1993 3391 2054 in
3423 1995 3520 2057 die
3538 2016 3675 2078 qua-

2021 2081 2360 2163 dragesimo
2392 2083 2607 2143 factum
2644 2100 2798 2143 esse.
2830 2079 2972 2153 Quae
2991 2081 3150 2143 enim
3183 2082 3270 2143 illi
3304 2083 3562 2146 breviter
3591 2087 3677 2148 di-

2020 2180 2252 2248 cuut,lu
2277 2172 2336 2232 in
2371 2172 2569 2233 multis
2598 2170 2811 2233 diebus
2841 2171 2990 2232 facta
3022 2189 3156 2233 esse
3182 2172 3486 2253 intellige:
3521 2175 3675 2238 sicut

2022 2272 2080 2324 et
2109 2263 2234 2342 ipse
2255 2262 2443 2324 Lucas
2480 2261 2540 2322 in
2588 2263 2752 2324 Actis
2773 2261 2918 2322 dicit
2947 2261 3102 2341 quod
3135 2279 3239 2342 per
3267 2264 3659 2344 quadraginta

2019 2352 2149 2413 dies
2177 2351 2338 2413 visus
2361 2351 2436 2413 sit
2467 2352 2554 2413 eis
2573 2351 2658 2414 6|.
2695 2351 2864 2431 Saepe
2893 2354 3050 2412 enim
3075 2353 3147 2413 ad
3181 2370 3283 2413 eos
3304 2356 3576 2429 accessit,
3611 2367 3666 2419 et

2017 2440 2092 2502 ab
2116 2441 2202 2504 eis
2235 2443 2447 2505 iterum
2472 2439 3308 2504 abscessit.Benedicitautem
3332 2442 3683 2524 discipulos.

2017 2531 2284 2596 fortassis
2318 2532 2638 2594 infundens
2666 2530 2753 2592 eis
2781 2531 2900 2592 vim
2926 2539 3060 2611 quae
3105 2531 3432 2593 custodiret
3487 2553 3682 2615 usque

2016 2616 2076 2682 in
2108 2621 2428 2682 adventum
2457 2620 2712 2699 Spiritus
2741 2637 2755 2682 :
2791 2619 3057 2680 fortassis
3088 2621 3268 2680 etiam
3318 2640 3424 2682 nos
3456 2621 3684 2686 docens

2020 2728 2154 2773 cum
2179 2728 2428 2790 peregre
2446 2709 2976 2791 proﬁciscimur,ut
2994 2711 3486 2774 commendemus
3511 2713 3686 2775 nobis

2021 2800 2291 2862 subditos
2307 2799 2852 2861 benedictionibus.
2873 2798 3201 2861 Ferebatur
3228 2809 3424 2862 autem
3445 2819 3681 2864 sursum

2025 2889 2084 2950 in
2116 2888 2360 2951 coelum;
2393 2887 2551 2951 Elias
2586 2889 2745 2950 enim
2780 2890 2946 2970 quasi
2986 2889 3048 2950 in
3092 2889 3308 2951 caslum
3347 2890 3688 2967 (videbatur

2027 2979 2186 3041 enim
2218 2979 2387 3059 quasi
2429 2977 2490 3038 in
2512 2979 2727 3039 caelum
2759 2979 2957 3058 ferri),
2993 2986 3051 3039 at
3081 2977 3347 3040 Salvator
3373 2979 3433 3040 in
3467 2981 3682 3044 caelum

288 3065 513 3145 φρουρὸν
583 3062 764 3126 αὐτοῖς
844 3063 1058 3128 ἐντιθεὶς
1131 3063 1260 3144 ἄχρι
1319 3063 1417 3131 τῆς
1474 3066 1565 3121 τοῦ
1641 3065 1938 3139 Πνεῦματος

2028 3067 2596 3150 ipsum,Praecursor
2624 3067 3287 3147 omnium,ascendit,ut
3314 3088 3447 3130 cum
3477 3080 3683 3133 sancta

283 3153 598 3232 παρουσίας,
671 3154 817 3233 τάχα
874 3151 927 3209 δὲ
1005 3155 1091 3210 καὶ
1167 3158 1310 3229 ἡμᾶς
1395 3151 1677 3232 διδάσκῶν,
1737 3152 1938 3210 ἐπειδὰν

2030 3149 2211 3221 carne
2233 3177 2338 3219 sua
2359 3167 2733 3238 compareret
2761 3163 2902 3220 ante
2925 3167 3308 3238 conSpectum
3331 3157 3527 3230 Dei,et
3551 3177 3682 3222 eam

282 3241 672 3320 ἀποδημῶμεν,
733 3256 856 3304 ταῖς
916 3245 1178 3320 εὐλογίαις
1235 3244 1357 3309 τοὺς
1429 3241 1516 3323 ὑφ’
1565 3245 1707 3320 ἡμᾶς
1765 3265 1943 3322 παρα-

283 3338 671 3417 πατατίθεσθαι,
725 3360 749 3392 α
815 3336 1126 3417 Ἀνεφέρετο
1202 3333 1257 3392 δὲ
1315 3338 1388 3400 εἷς
1477 3338 1568 3392 τὸν
1622 3335 1859 3415 οὖρανόν.
1910 3360 1938 3392 ι

285 3415 470 3490 Ἠλίας
536 3426 632 3503 μὲν
702 3425 826 3506 γὰρ,
893 3415 1101 3492 Ὢ-ςήεῖς
1132 3426 1371 3507 οὐρανόνο
1434 3428 1625 3482 ὡσανεὶ
1670 3426 1770 3505 γὰρ
1823 3424 1941 3482 ἐδό-

275 3537 362 3574 κει
422 3519 496 3580 εἷς
553 3517 772 3594 οὐρανὸν
849 3515 1216 3597 ἀναφέρεσθαι·
1280 3517 1308 3572 ὁ
1366 3513 1419 3572 δὲ
1472 3515 1662 3593 Σωτὴρ
1722 3517 1795 3579 εἷς
1854 3517 1945 3571 τὸν

276 3608 502 3686 οὒρανὸν
573 3605 730 3663 αῦτδν
811 3604 1109 3686 πρόδρομος
1167 3607 1383 3662 πάντων
1444 3603 1752 3686 ἀνελήλυθε,
1812 3608 1946 3681 μετὰ

283 3695 385 3763 τῆς
473 3696 626 3773 ἁγίας
685 3696 877 3774 σαρκὸς
952 3697 1110 3752 αὐτοῦ
1142 3695 1527 3776 ἐμφανισθῆναι
1574 3702 1649 3770 τῷ
1679 3695 1949 3774 προσώπῳ

280 3789 377 3841 τοῦ
435 3791 592 3864 Θεοῦ,
652 3785 741 3841 καὶ
812 3781 1052 3865 σύνεδρον
1123 3786 1287 3853 αὐτὴν
1317 3783 1596 3850 ἀποδεῖξαι
1649 3790 1731 3858 τῷ
1761 3785 1946 3865 Πατρί.

280 3875 387 3934 Καὶ
459 3880 546 3931 νῦν
598 3886 974 3952 προσκυνεῖται
1028 3877 1062 3943 ἡ
1114 3876 1266 3953 φύσις
1321 3877 1476 3950 ἡμῶν
1503 3877 1558 3931 ἓν
1597 3881 1804 3953 Χριστῷ
1850 3877 1950 3931 ὑπὸ

278 3965 465 4032 πάσης
536 3962 830 4042 ἀγγελικῆς
883 3962 1176 4040 δυνάμεως.
1221 3989 1242 4018 ιι
1282 3966 1436 4021 Αὐτοὶ
1481 3963 1534 4019 δὲ
1606 3964 1937 4043 ὑπέστρεψαν

2028 3256 2315 3311 statueret
2332 3267 2467 3312 cum
2494 3251 2663 3308 Patre
2685 3244 3199 3309 considentem.Et
3225 3266 3380 3309 nunc
3402 3247 3687 3313 adoretur

2029 3348 2237 3400 natura
2267 3345 2470 3398 nostra
2500 3338 2558 3399 in
2590 3336 2820 3398 Christo
2852 3335 2925 3397 ab
2957 3335 3118 3398 omni
3147 3337 3414 3415 angelica
3441 3337 3678 3403 virtute.

2029 3428 2119 3492 ΙΙΙί
2151 3437 2349 3491 autem
2381 3431 2603 3490 reversi
2629 3436 2766 3488 sunt
2788 3445 2920 3488 cum
2945 3425 3160 3504 gaudio
3193 3437 3493 3506 magno,et
3515 3436 3687 3492 erant

2029 3536 2268 3596 semper
2313 3518 2371 3578 in
2405 3515 2840 3597 templo.Vides
2868 3515 3177 3579 virtutem?
3207 3514 3479 3580 Nondum
3501 3517 3686 3599 Spiri-

2031 3617 2145 3681 tus,
2175 3617 2231 3668 et
2257 3606 2647 3687 Spiritualiter
2672 3605 2896 3669 vivunt.
2931 3604 3041 3677 Qui
3083 3607 3242 3666 enim
3282 3606 3443 3687 prius
3473 3609 3688 3670 inclusi

2033 3705 2222 3768 erant,
2255 3716 2413 3758 nunc
2444 3696 2602 3758 inter
2630 3696 2860 3757 medios
2889 3695 3204 3776 pontiﬁces
3236 3696 3522 3772 vivunt,et
3540 3698 3686 3760 nihil

2034 3790 2093 3847 in
2118 3786 2205 3847 eis
2229 3787 2582 3866 temporale,
2605 3785 2708 3846 sed
2735 3784 3092 3865 contemptis
3119 3783 3398 3846 omnibus
3439 3786 3499 3847 in
3531 3795 3686 3848 tem-

2037 3876 2133 3956 plo
2167 3894 2406 3956 semper
2425 3875 2610 3938 Deum
2635 3875 2875 3936 laudant
2906 3885 2966 3936 et
3006 3873 3395 3939 benedicunt.
3427 3874 3689 3948 Quorum

2036 3965 2366 4026 imitatores
2387 3966 2565 4026 etiam
2587 3983 2694 4025 nos
2711 3963 2944 4045 facti,in
2974 3964 3086 4023 vita
3111 3973 3317 4026 sancta
3341 3983 3582 4043 semper
3602 3965 3688 4027 si-

277 4055 417 4130 μετᾶ
471 4060 646 4137 χαρᾶς
704 4051 970 4131 μεγάλης,
1052 4055 1141 4110 καὶ
1197 4053 1328 4122 ἧσον
1380 4051 1464 4110 διὰ
1506 4055 1702 4118 παντὸς
1759 4053 1812 4109 ἓν
1859 4059 1936 4127 τῷ

2024 4055 2484 4133 mus,laudantes
2498 4055 2766 4137 perbanc
2784 4054 2958 4116 vitam
2970 4053 3660 4118 etbenedicentesDeum
3680 4106 3692 4120 .

275 4147 427 4223 ἱερῷ.
483 4134 511 4200 ί
569 4134 724 4222 Ὀρᾷς
755 4143 946 4223 ἀρετήν
979 4159 996 4217 ;
1030 4142 1190 4201 Οὔπω
1229 4145 1291 4200 τὸ
1336 4149 1572 4218 Πνεῦμα,
1635 4147 1722 4200 καὶ
1773 4164 1937 4201 πνευ-

2024 4144 2225 4208 Gloria
2247 4145 2406 4208 enim
2438 4134 2545 4207 Dei
2574 4154 2634 4206 et
2663 4143 3012 4208 benedictio
3044 4152 3134 4205 est
3165 4153 3371 4206 sancta
3398 4153 3456 4206 et
3476 4146 3694 4206 virtuo-

277 4239 523 4310 ματικῶς
608 4229 870 4311 διάγουσι.
968 4235 1028 4290 Οἱ
1086 4234 1186 4311 γὰρ
1242 4230 1608 4309 χεκλεισμένοι
1662 4234 1938 4313 πρότερον,

2028 4253 2092 4297 sa
2118 4235 2265 4296 vita:
2297 4236 2578 4316 quoniam
2603 4253 2740 4297 eum
2772 4235 2943 4296 decet
2963 4234 3158 4296 omnis
3189 4233 3384 4313 gloria
3412 4234 3473 4295 in
3496 4253 3688 4296 saecu-

281 4329 373 4380 νῦν
435 4322 490 4378 ἰν
553 4321 737 4397 μέσοις
769 4337 886 4387 τοῖς
939 4322 1243 4403 ἀρχιερεῦσι
1302 4320 1558 4403 διάγουσι,
1594 4325 1680 4381 καὶ
1712 4321 1858 4382 οῦδὲν
1890 4323 1938 4380 ἰν

2037 4325 2094 4386 la
2122 4325 2498 4388 saeculorum.
2528 4325 2744 4387 Amen.

289 4418 481 4482 αὐτοῖς
524 4418 780 4494 βιωτικόν
814 4433 829 4448 ⁸
865 4416 1002 4474 ἀλλὰ
1028 4419 1240 4475 πάντων
1271 4420 1788 4498 περιφρονήσαντες,
1850 4419 1906 4474 ἓν
1935 4428 2013 4495 τῷ
2055 4425 2178 4500 ἱερῷ
2236 4421 2434 4476 αἰνοῦοι
2465 4418 2748 4484 διαπαντὸς
2785 4420 2876 4474 τὸν
2923 4419 3077 4493 Θεὸν,
3111 4418 3198 4474 καὶ
3229 4417 3560 4497 εὐλογοῦσιν,
3603 4405 3700 4472 Ὠν

283 4507 530 4583 μιμηταὶ
572 4507 664 4563 καὶ
691 4517 854 4584 υῖμετς
900 4507 1200 4584 γενόμενοι,
1241 4506 1295 4564 ἐν
1325 4509 1449 4587 ἱερῷ
1499 4507 1599 4584 βίῳ
1651 4505 1938 4573 διαπαντὸς
1983 4508 2203 4584 εἴημεν,
2264 4511 2528 4573 αἶνοῦντες
2578 4505 2662 4563 διὰ
2709 4508 2900 4565 τούτου
2946 4505 3043 4564 τοῦ
3071 4506 3184 4583 βίου
3231 4508 3319 4563 καὶ
3363 4504 3699 4585 εὐλογοῦντες

277 4598 376 4654 τὸν
424 4596 580 4658 Θεόν.
635 4595 771 4662 Δόξα
801 4597 901 4677 γὰρ
933 4603 1064 4654 Θεοῦ
1093 4598 1181 4654 καὶ
1211 4595 1425 4678 εὐλογία
1478 4599 1506 4654 ό
1536 4599 1674 4678 ἱερὸς
1705 4596 1802 4654 καὶ
1847 4597 2088 4677 ἐνάρετος
2144 4599 2258 4676 βίος
2291 4615 2306 4630 ⁶
2341 4597 2422 4654 ὅτι
2455 4602 2596 4672 αὐτῷ
2649 4597 2836 4676 πρέπει
2885 4595 3029 4653 πάσα
3059 4594 3181 4661 δόξα
3213 4597 3281 4660 εἷς
3310 4596 3432 4659 τοὺς
3476 4596 3692 4656 αἰῶνας.

281 4685 493 4763 Ἀμὴν.

281 4867 452 4932 Τέλος
524 4871 624 4936 τῆς
686 4868 761 4932 εἷς
839 4866 901 4922 τὸ
959 4866 1094 4922 κατὰ
1144 4871 1349 4925 Λουκᾶν
1428 4867 1746 4947 Εῦαγγέλιον
1819 4857 1938 4938 Ἐρ-

2035 4869 2475 4950 1heaphylacti
2519 4871 2593 4931 in
2638 4864 3054 4950 Evangelii"):
3100 4866 3281 4927 Lucae
3308 4863 3703 4927 Commenta-

801 4956 1022 5033 μηνείας
1053 4954 1445 5035 Θεοφυλάκτου,
1552 4946 1558 4947 ⁷
2037 4946 2044 4947 ί
2189 4946 2208 4950 -
2279 4946 2295 4948 ⁷
2720 4949 2810 5010 -νὶἱ
2856 4946 3018 5026 ﬁnis.

365 5139 435 5190 ω
463 5134 614 5204 Joel.
650 5153 718 5219 ιι,
746 5137 847 5204 23.
933 5133 988 5184 εί
1015 5130 1151 5198 Act.
1180 5153 1225 5220 ι,
1262 5136 1320 5204 3,
