4184 6412
298 339 448 406 1133
919 342 1367 406 ENABRATIO
1409 343 1494 406 IN
1538 342 2046 407 EVANGELIUM
2089 342 2434 406 JOANNIS.
2469 373 2543 388 --
2593 342 3013 405 PREFATIO.
3519 338 3672 404 1134

381 604 1318 736 EPMHNEIA
1431 607 1711 732 ΕΙΣ
1835 609 1930 736 Τ

2018 610 2063 735 )
2173 608 2652 739 ΚΑΤΑ
2756 608 3573 736 ΙΩΑΝΝΗΝ

1569 861 2308 948 ΕΥΑΓΓΕΛΙΟΝ.

610 1251 1425 1364 ENARBATIO
1518 1252 1660 1361 IN
1730 1249 2640 1365 EVANGELIUM
2745 1257 3344 1366 JOANNIS

302 473 1380 503 :—_-=__—————__—:=:

918 1653 1304 1707 ΠΡΟΟΙΜΙΟΝ.
1954 1656 1988 1702 Α

1572 1737 1625 1792 ἐν
1696 1739 1934 1812 ἀσθενείᾳ

2619 1649 3048 1714 PREFATIO.

2096 1739 2441 1804 605$ancti
2455 1743 2711 1824 Spiritus
2724 1744 3422 1823 potentiaininﬁrmitate
3440 1743 3675 1824 perfici-
3763 1725 3770 1732 ’

709 1835 840 1889 καθὰ
913 1831 1232 1911 γέγραπται,
1309 1830 1395 1884 καὶ
1475 1829 1810 1904 πιστεύομεν·
1875 1831 1930 1885 ἒν

2019 1829 2446 1906 ιυιιϐςοδϐ,είυιιι
2465 1834 2824 1914 etscriptum
2853 1844 2943 1895 est
2974 1843 3034 1896 et
3063 1834 3391 1896 credimus:
3408 1832 3667 1893 infirmi—

367 1732 426 1796 Ἠ
513 1751 604 1799 τοῦ
679 1744 829 1820 ἁγίου
907 1742 1209 1816 Πνεύματος
1269 1737 1483 1813 δύναμις

282 1831 604 1913 τελειοῦται,

283 1924 522 1996 ἀσθενείᾳ
587 1923 640 1979 δὲ
699 1923 758 1978 οὗ
816 1925 1061 1998 σώματος
1115 1919 1298 1995 μόνον,
1331 1916 1467 1972 ἀλλὰ
1509 1916 1574 1984 δὴ
1628 1921 1715 1974 καὶ
1745 1917 1929 1996 λόγον),

278 2015 370 2070 καὶ
428 2015 609 2093 σοφίας
666 2013 720 2067 ἐν
772 2011 988 2091 γλώττῃ
1018 2007 1294 2084 κειμένης.
1335 2005 1436 2063 Καὶ
1485 2016 1642 2065 τοῦτο
1685 2005 1840 2076 δῆλον
1874 2007 1935 2063 ἐκ

275 2102 494 2160 πολλῶν
565 2104 663 2178 μὲν
727 2103 815 2157 καὶ
873 2099 1074 2172 ἄλλων,
1107 2095 1338 2172 μάλιστα
1368 2094 1422 2151 δὲ
1451 2096 1511 2153 ἐκ
1540 2105 1632 2154 τοῦ
1682 2099 1799 2177 περὶ
1841 2099 1931 2153 τὸν

276 2193 448 2272 μέγαν
506 2191 768 2271 Θεολόγον
819 2192 906 2247 καὶ
962 2187 1186 2267 ἀδελφὸν
1255 2185 1347 2241 τοῦ
1406 2194 1632 2264 Χριστοῦ
1662 2189 1718 2243 tv
1748 2187 1930 2266 χάριτι

277 2281 575 2362 ὁρωμένου.
613 2282 777 2345 Οὗτος
862 2281 962 2358 γὰρ
1002 2276 1193 2340 ἁλιέως
1227 2276 1322 2352 μὲν
1355 2277 1552 2354 πατρὸς
1583 2276 1671 2355 ἧν,
1705 2278 1801 2345 τὴν
1829 2275 1928 2331 αὒ-

279 2373 380 2440 τῆν
409 2370 463 2427 δὲ
507 2373 708 2450 τέχνην
751 2378 827 2446 τῷ
881 2368 1038 2445 πατρὶ
1083 2365 1607 2445 μεταχειριζόμενος,
1666 2368 1724 2421 οὒ
1768 2365 1928 2441 μόνον

278 2461 492 2538 ἂμαθης
550 2461 614 2530 ἧν
673 2462 766 2528 τῆς
831 2450 1149 2525 Ἐλληνικῆς
1205 2457 1291 2511 καὶ
1340 2452 1641 2522 Ἰουδαϊκῆς
1711 2452 1929 2511 παιδεύ-

2018 1926 2131 1979 tate
2161 1933 2362 1983 autem
2401 1940 2518 1982 non
2548 1922 2818 2003 corporis
2851 1933 3103 1997 tantum,
3133 1921 3237 1983 sed
3269 1932 3326 1985 et
3346 1921 3665 1995 sermonis,

2018 2017 2074 2070 et
2103 2010 2411 2090 sapientiae
2442 2029 2571 2092 quae
2602 2011 2660 2072 in
2686 2011 2887 2091 lingua
2908 2013 3041 2075 sila.
3070 2011 3564 2091 Manil‘estumque
3581 2018 3671 2070 est

2014 2097 2070 2158 id
2105 2118 2237 2159 cum
2263 2119 2334 2160 ex
2363 2101 2688 2163 multorum
2718 2101 3130 2182 aliorum,tum
3162 2120 3233 2162 ex
3255 2098 3505 2162 Joannis
3537 2118 3668 2159 ma-

2014 2187 2113 2267 gni
2145 2189 2402 2266 theologi
2450 2190 2550 2270 qui
2603 2190 2784 2252 frater
2814 2191 3055 2265 Christi,
3106 2191 3316 2267 gratia.
3359 2189 3467 2251 Hic
3509 2190 3665 2249 enim

2014 2286 2179 2358 patre
2207 2279 2445 2360 quidem
2477 2280 2772 2359 piscatore
2798 2289 2988 2356 natus,
3016 2281 3287 2342 eamdem
3307 2297 3482 2360 quam
3502 2287 3670 2360 pater

2015 2367 2329 2430 exercebat
2353 2367 2700 2430 artem.Non
2733 2369 2924 2431 solum
2957 2378 3156 2431 autem
3192 2367 3507 2448 imperitus
3539 2377 3670 2428 erat

2013 2457 2319 2535 gentilium
2351 2457 2800 2538 disciplinarum
2821 2467 2879 2519 et
2897 2458 3159 2521 Judaicae
3178 2456 3669 2528 eruditionis,sed

280 2573 443 2625 σεως,
506 2549 640 2606 ἄλλα
710 2552 797 2606 καὶ
852 2548 1026 2612 πάντη
1083 2544 1456 2624 ἀγράμματος,
1516 2545 1649 2600 καθὰ
1693 2542 1758 2611 δὴ
1789 2545 1930 2600 καὶὸ

2018 2545 2190 2624 plane
2206 2546 2991 2628 totusillitteratus,quemad
3003 2549 3242 2610 modum
3265 2544 3673 2616 divinissimus

281 2640 551 2697 θειότατος
583 2644 787 2701 Λουκᾶς
847 2636 900 2692 ἐν
955 2647 1077 2696 ταῖς
1129 2632 1387 2710 Πράξεσιν
1416 2634 1618 2710 ἱστορεῖ
1655 2634 1771 2710 περὶ
1831 2634 1927 2690 αὖ·

2018 2634 2204 2697 Lucas
2235 2636 2294 2696 in
2325 2635 2490 2698 Actis
2520 2637 2926 2715 apostolorum
2979 2637 3054 2699 de
3085 2656 3155 2698 eo
3196 2636 3375 2698 tradit
3403 2635 3490 2698 57.
3522 2633 3670 2695 Nam

281 2737 396 2798 τοῦ,
452 2729 547 2785 Καὶ
590 2727 688 2804 γαρ
721 2725 784 2793 δὴ
809 2725 952 2792 καὶὴ
1012 2722 1198 2800 πατρὶς
1246 2721 1400 2778 αὒτοῦ
1445 2718 1793 2788 εὖτελεστάτη
1846 2723 1930 2777 καὶ

2019 2733 2075 2783 et
2105 2725 2289 2804 patria
2322 2725 2452 2804 ejus
2478 2723 2609 2784 vilis
2640 2733 2697 2785 et
2729 2726 3005 2795 obscura.
3044 2745 3160 2786 non
3196 2724 3525 2804 insignibus
3570 2742 3672 2784 ar-

282 2822 518 2898 ἄσημος,
575 2820 648 2881 ὡς
681 2817 879 2896 χωρίον
910 2815 1052 2870 εἶναι
1085 2811 1142 2868 οὒ
1186 2810 1434 2889 λογικῆς,
1481 2809 1598 2898 atfo
1631 2810 1930 2898 ἁλιευτικῆς

2023 2812 2178 2874 tibus
2207 2813 2385 2893 clara,
2419 2816 2525 2875 sed
2580 2812 2888 2892 piscatum
2932 2823 3091 2896 apta.
3143 2813 3463 2876 Bethsaida
3519 2821 3668 2874 erat.

278 2896 513 2988 τέχνης.⁷
544 2903 813 2973 Βηθσαϊδᾶ
844 2905 943 2982 γὰρ
1007 2903 1189 2958 τοῦτον
1246 2898 1547 2978 ἐξήνεγκεν.
1583 2896 1732 2957 Ἀλλ’
1789 2899 1930 2975 ὅμως

2021 2903 2420 2964 Nihilominus
2441 2902 2783 2964 illitteratus
2800 2903 3210 2985 ille,ignobilis
3241 2903 3589 2983 ille,quique
3611 2903 3674 2963 in

280 3001 310 3054 ὁ
375 2987 633 3069 τοιοῦτος,
695 2998 722 3051 '0
753 2995 1124 3074 ἀγράμματος,
1173 2993 1200 3046 ὁ
1243 2988 1474 3064 ἄσημος,
1523 2992 1550 3045 ὁ
1591 2987 1756 3065 μηδέν
1788 2989 1930 3069 ἔχων

2023 2991 2182 3054 nullo
2225 2991 2565 3072 spectabilis
2614 3000 2761 3068 erat,
2797 2993 2928 3054 vide
2978 3002 3261 3074 quantum
3313 2992 3555 3054 sortitus
3599 2992 3676 3052 sit

277 3086 652 3166 περίϐλεπτον,
705 3084 786 3140 ἴδε
844 3083 996 3140 ποίου
1065 3080 1331 3159 τετύχηκε
1362 3079 1686 3153 πνεύματος,
1720 3078 1857 3135 ὥστε
1902 3078 1934 3132 ἅ

278 3165 465 3253 μηδεὶς
513 3183 620 3233 τῶν
673 3173 850 3231 ἄλλων
907 3171 1295 3250 εὖαγγελιστῶν
1338 3171 1482 3243 ἡμᾶς
1515 3165 1762 3247 ἐδίδαξεν,
1833 3173 1934 3226 αὖ-

278 3269 372 3331 τὸς
440 3274 604 3324 ταῦτα
660 3266 971 3344 βροντῆσαι,
1045 3257 1263 3326 Ἐπειδὴ
1322 3260 1422 3337 γὰρ
1479 3257 1690 3313 ἐκείνων
1762 3278 1933 3313 κατα-

281 3354 585 3433 γενομένων
644 3343 760 3432 περὶ
819 3354 879 3408 τὸ
957 3349 1263 3424 σωματικὸν
1314 3353 1406 3404 τοῦ
1463 3352 1709 3424 Χριστοῦ,
1769 3343 1935 3418 μηδὲν

285 3443 345 3500 δὲ
403 3445 520 3518 περὶ
574 3451 675 3510 της
760 3443 862 3520 πρὸ
893 3441 1097 3495 αἰώνων
1128 3439 1286 3493 αὐτοῦ
1315 3433 1582 3514 ὑπάρξεως
1615 3434 1938 3512 τρανώτερον

286 3535 378 3590 καὶ
433 3534 751 3614 σαφέστερον
820 3529 1096 3603 εἰπόντων,
1156 3523 1270 3588 δέος
1327 3523 1392 3592 ἦν
1453 3523 1530 3598 μή
1589 3523 1716 3580 ποτέ
1799 3545 1936 3586 τινες

292 3611 692 3703 χαμαιπετεῖς,
749 3623 836 3676 καὶ
881 3615 1048 3694 μηδὲν
1110 3614 1314 3692 ὃψηλὸν
1368 3612 1555 3680 νοῆσαι
1637 3611 1937 3692 δυνάμενοι,

289 3702 546 3788 νομίσωσι
617 3714 706 3768 τὸν
761 3711 982 3789 Χριστὸν
1052 3707 1174 3763 τότε
1224 3711 1432 3783 πρῶτον
1477 3705 1548 3768 εἰς
1591 3702 1808 3781 ὕπαρξιν
1840 3702 1938 3758 ἐλ-

285 3807 428 3882 θεῖν,
487 3803 574 3857 ὃτε
631 3800 736 3856 ἀπὸ
767 3799 964 3878 Μαρίας
995 3797 1275 3875 ἐγεννήθη,
1308 3796 1396 3850 καὶ
1427 3791 1551 3872 οὐχὶ
1581 3793 1681 3871 πρὸ
1735 3792 1940 3848 αἰώνων

282 3892 347 3947 ἐκ
405 3881 497 3949 τοῦ
559 3891 762 3969 Πατρὸς
818 3887 1162 3966 γεννηθῆναι,
1237 3882 1509 3951 ὅπάντως
1542 3881 1770 3969 πέπονθε
1801 3887 1939 3937 Παῦ-

271 3982 371 4046 λος
442 3985 470 4038 ὁ
543 3967 909 4057 Σαμοσατεύς.
967 3977 1164 4034 Τούτου
1191 3973 1367 4030 ἕνεκεν
1398 3973 1427 4027 '0
1457 3971 1626 4050 μέγας
1681 3967 1934 4036 Ἰωάννης

269 4074 397 4152 περὶ
447 4077 544 4139 τῆς
601 4069 711 4127 ἅνω
764 4069 1062 4147 γεννήσεως
1132 4060 1505 4138 διαλαμϐάνει,
1586 4061 1758 4117 καίτοι
1817 4057 1934 4116 οὖδὲ

267 4149 376 4232 τὴν
435 4163 700 4240 σάρκωσιν
757 4166 849 4216 τοῦ
913 4157 1088 4234 Λόγου
1137 4152 1541 4230 ἀμνημόνευτον
1581 4149 1926 4240 καταλείψας

273 4254 412 4334 φησί
470 4231 590 4330 {ap-
685 4272 708 4306 ι
770 4251 867 4309 Καὶ
939 4250 967 4304 δ
994 4231 1164 4324 Λόγος
1210 4241 1335 4320 σὰρξ
1378 4241 1615 4334 ἐγένετο.
1671 4264 1693 4296 ι
1737 4231 1826 4305 Ὠς
1876 4236 1931 4334 se

2019 3081 2314 3161 spiritum.
2349 3079 2578 3143 Etenim
2612 3099 2743 3160 qua;
2774 3083 2973 3143 nullus
2994 3081 3247 3144 aliorum
3287 3079 3674 3158 evangelista-

2019 3189 2149 3230 rum
2183 3190 2290 3230 nos
2321 3170 2540 3246 docuit,
2577 3187 2647 3230 ea
2676 3171 2802 3250 ipse
2843 3171 3115 3233 intonare
3153 3189 3336 3232 ausus
3378 3178 3491 3233 est.
3525 3168 3674 3232 Nam

2019 3279 2150 3320 cum
2200 3259 2287 3320 illi
2325 3259 2597 3340 occupati
2654 3259 2905 3322 fuissent
2962 3280 3019 3321 in
3069 3261 3289 3322 carnali
3347 3258 3676 3320 substantia

2019 3347 2236 3411 Christi
2265 3348 2908 3430 explicanda,nihilque
2928 3349 3087 3411 clare
3119 3358 3174 3410 et
3206 3348 3519 3411 manifeste
3536 3348 3677 3409 satis

2021 3438 2094 3500 de
2120 3438 2443 3499 substantia
2466 3438 2591 3516 ejus
2613 3437 2924 3519 dixissent,
2958 3458 3132 3519 quam
3157 3449 3293 3500 ante
3325 3438 3542 3500 saecula
3567 3437 3676 3497 ha-

2023 3527 2192 3589 buit:
2231 3525 2604 3590 metuebatur
2654 3546 2727 3588 ne
2785 3528 3020 3609 quando
3073 3527 3313 3608 quidam
3376 3527 3542 3589 humi
3572 3544 3675 3588 re-

2024 3624 2252 3697 pentes,
2287 3616 2551 3696 nihilque
2577 3615 2835 3678 sublime
2865 3617 3201 3695 intelligere
3235 3617 3518 3688 valentes,
3561 3635 3675 3696 pu-

2024 3712 2217 3766 tarent
2247 3703 2542 3766 Christum
2577 3713 2719 3767 tunc
2752 3706 3008 3786 primum
3041 3704 3369 3768 subsistere
3393 3705 3670 3784 cmpisse,

2022 3794 2256 3875 quando
2290 3813 2358 3855 ex
2397 3794 2580 3856 Maria
2604 3804 2774 3856 natus
2811 3803 2920 3869 est,
2953 3805 3011 3856 et
3043 3814 3160 3855 non
3195 3805 3333 3856 ante
3360 3795 3577 3855 saecula
3602 3811 3672 3855 ex

2023 3886 2192 3945 Patre
2213 3891 2415 3944 natum
2453 3900 2607 3964 esse,
2633 3883 2688 3944 id
2724 3885 2878 3965 quod
2920 3884 3122 3965 utique
3153 3883 3338 3944 Paulo
3385 3887 3671 3943 Samosa-

2022 3983 2158 4035 teno
2176 3974 2415 4048 accidit.
2442 3977 2764 4053 Propterea
2784 3993 3032 4053 magnus
3047 3973 3307 4036 Joannes
3328 3973 3402 4034 de
3416 3991 3676 4054 superna

2019 4064 2149 4144 ejus
2178 4063 2565 4142 generatione
2597 4072 2824 4139 tractat,
2878 4064 3148 4145 quamvis
3205 4063 3442 4124 interim
3487 4073 3544 4124 et
3575 4063 3673 4123 in-

2015 4157 2418 4216 carnationem
2455 4154 2634 4215 Verbi
2677 4173 2796 4214 non
2827 4153 2963 4214 50ft
3008 4154 3298 4234 relinquit
3340 4153 3622 4215 intactam
3657 4174 3673 4230 ;

2013 4242 2159 4304 dicit
2187 4242 2366 4312 enim,
2412 4267 2436 4296 α
2474 4242 2547 4304 Ει
2571 4245 2817 4304 verbum
2849 4261 2989 4303 caro
3021 4243 3238 4303 factum
3262 4251 3377 4322 est.
3403 4267 3429 4296 ι)
3459 4240 3675 4303 Dicunt

275 4327 422 4406 ‘l-‘W‘Ec
486 4327 642 4421 φασι,
718 4341 804 4396 καὶ
859 4337 1088 4406 ἠξίωσαν
1125 4333 1282 4390 αὐτὸν
1314 4335 1360 4388 οἱ
1392 4327 1668 4421 ὁρθόδοξοι.
1695 4328 1929 4407 συγγρά-

2018 4343 2208 4394 3111821
2241 4331 2514 4392 nonnulli
2545 4334 2702 4413 quod
2735 4332 2912 4394 etiam
2946 4331 3140 4412 ipsum
3169 4331 3504 4410 rogaverint
3538 4331 3671 4412 qui-

278 4439 382 4508 ψαι
439 4418 555 4510 περὶ
607 4435 706 4497 τῆς
779 4427 889 4484 ἄνω
958 4425 1281 4505 γεννήσεως,
1315 4421 1411 4477 οἶα
1441 4418 1810 4499 ἀναφανέντων
1839 4441 1927 4473 τι-

273 4506 387 4580 νῶν
443 4506 720 4599 αἱρετικῶν
792 4518 854 4574 ἄν
885 4529 1008 4579 ταῖς
1037 4513 1262 4591 ἡμέραις
1291 4511 1538 4599 ἐκείναις,
1575 4509 1681 4566 τῶν
1723 4506 1927 4599 δογμα-

264 4597 528 4685 τιζόντων
591 4607 862 4687 ἄνθρωπον
893 4605 1051 4683 ψιλὸν
1090 4602 1316 4681 ὑπάρξαι
1361 4603 1455 4657 τὸν
1502 4597 1730 4666 Ἰησοῦν,
1799 4597 1927 4687 έὈτε

258 4703 334 4772 δὴ
396 4701 606 4780 λέγεται
750 4694 899 4776 ἅγιος
929 4696 995 4752 τὰ
1023 4699 1130 4750 τῶν
1159 4690 1337 4748 ἄλλων
1381 4686 1928 4767 εὖαγγελιστῶνᾶια-

259 4775 482 4873 γνοὺς,
515 4775 933 4865 θαυμάσαιγμὲν
989 4784 1218 4846 ἐκείνους
1277 4780 1372 4848 τῆς
1405 4780 1522 4857 περὶ
1579 4779 1754 4834 πάντα
1801 4775 1928 4843 ἀλη-

255 4867 392 4945 θοῦς
451 4880 803 4959 ἀφηγήσεως,
858 4874 1125 4954 ἐπικρῖναι
1175 4870 1230 4927 δὲ
1271 4873 1342 4934 ὡς
1375 4871 1538 4948 ὑγιῶς
1570 4867 1792 4962 ἔχοντα,
1845 4878 1933 4931 καὶ

258 4969 442 5052 μηδὲν
500 4949 630 5049 ἒττρὲκ
688 4949 846 5049 χάριν
877 4949 1121 5027 εἰπόντας
1164 4968 1272 5018 τῶν
1297 4958 1632 5020 ἀποστόλων,
1686 4949 1762 5014 ’Ἀ
1795 4955 1928 5033 μὲν-

258 5045 356 5122 τοι
417 5059 476 5115 0'3
524 5045 730 5137 capo”);
764 5045 919 5114 εἷπον
986 5057 1211 5128 ἓκεῖνοι,
1269 5051 1306 5118 ἢ
1363 5048 1576 5110 τελείως
1608 5045 1924 5127 παρέλιπον,

260 5154 439 5211 ταῦτα
470 5150 626 5206 αὐτὸν
654 5145 980 5225 ῑιξαπλῶσαι,
1013 5146 1101 5200 καὶ
1130 5147 1420 5222 τρανὼσαι,
1478 5140 1567 5194 καὶ
1619 5140 1925 5216 προσθεῖναι

259 5245 362 5301 διὰ
416 5250 510 5299 τοῦ
565 5235 693 5295 ἰδίου
726 5234 1065 5316 Εὐαγγελίοιν
1103 5231 1244 5289 ὅκαὶ
1273 5229 1595 5308 συνέγραψεν
1643 5230 1705 5316 ἓν,
1729 5227 1928 5316 Πάτμῳ

255 5342 336 5412 τῇ
371 5333 520 5406 νήσῳ
577 5313 856 5406 ἒξόριοντιις⁷
883 5313 1166 5398 διατελῶν,
1212 5323 1346 5397 μετὰ
1403 5313 1776 5398 τριακονταδύο
1832 5315 1925 5384 ἔτη

253 5404 371 5491 τῆς
429 5404 526 5480 τοῦ
581 5404 808 5500 Χριστοῦ
877 5415 1221 5491 ἀναλήψεως,
1278 5409 1556 5491 Ἠγαπᾶτο
1590 5404 1656 5464 ,δὲ
1713 5407 1925 5464 πάντων

253 5511 503 5593 μάλιστα
565 5497 818 5589 μαθητῶν
903 5505 1155 5573 Ἰωάννης
1216 5509 1294 5579 τῷ
1354 5501 1545 5579 Κυρίῳ,
1596 5499 1670 5560 ὡς
1727 5497 1925 5563 ἁπλοῦς

342 5670 562 5737 θί-δθιι
612 5671 753 5734 Cor.
781 5687 864 5750 ιι,
887 5669 949 5734 9.
1035 5667 1097 5718 ⁵⁷
1120 5665 1255 5728 Δοιυ
1292 5681 1373 5728 ιν.

2012 4423 2146 4483 dam
2174 4421 2511 4501 orthodoxi,
2546 4430 2608 4481 ut
2638 4422 3048 4483 conscriberet
3068 4421 3142 4482 de
3171 4438 3434 4500 superna
3465 4421 3674 4481 nativi-

2014 4521 2155 4589 tate,
2187 4531 2256 4574 eo
2288 4510 2445 4592 quod
2478 4521 2617 4572 tunc
2646 4511 2858 4572 diebus
2888 4510 3006 4571 illis
3029 4509 3669 4591 pullularenthaaretici

2012 4601 2190 4683 aliqui
2224 4602 2518 4663 Christum
2561 4600 2866 4661 hominem
2901 4618 3032 4662 esse
3064 4617 3276 4680 purum
3298 4599 3516 4660 docere
3548 4617 3669 4659 non

2013 4691 2278 4753 reveriti.
2309 4689 2538 4751 Dicitur
2570 4708 2804 4770 quoque
2828 4690 2984 4770 quod
3010 4698 3253 4750 Sanctus
3275 4689 3543 4762 i:|e,cum
3575 4687 3668 4749 le-

2014 4781 2196 4860 gisset
2226 4799 2293 4841 ea
2329 4797 2460 4860 quae
2503 4778 2576 4840 ab
2613 4778 2742 4840 aliis
2793 4779 3165 4858 evangelistis
3206 4787 3374 4839 erant
3423 4778 3665 4858 scripta,

2013 4870 2337 4931 admiratus
2363 4870 2438 4930 sit
2465 4868 2599 4928 illos
2644 4867 2716 4928 de
2757 4869 3036 4930 omnibus
3083 4868 3324 4948 quidem
3357 4885 3496 4928 vera
3524 4884 3666 4926 nar-

2014 4977 2202 5034 rasse,
2238 4967 2295 5020 et
2315 4957 2595 5038 judicarit
2647 4957 2782 5020 illos
2827 4969 2989 5020 recte
3020 4967 3078 5020 et
3103 4957 3256 5018 nihil
3297 4958 3368 5018 ad
3417 4957 3664 5035 gratiam

2013 5049 2412 5131 apostolorum
2446 5048 2778 5130 scripsisse.
2804 5050 3096 5113 Cmterum
3121 5065 3254 5129 qua
3283 5047 3366 5108 illi
3398 5066 3514 5108 non
3547 5065 3668 5107 ma-

2012 5141 2230 5202 nifeste
2259 5139 2558 5213 dixerunt,
2597 5138 2686 5200 vel
2738 5139 2980 5200 omnino
3029 5138 3558 5219 praetermiserunt,
3597 5155 3668 5198 ea

2009 5231 2136 5311 ipse
2187 5227 2532 5309 explanare,
2566 5236 2623 5288 et
2655 5226 2876 5307 liquida
2896 5227 3503 5307 facere,adjicereque
3531 5243 3666 5306 pro-

2009 5323 2138 5400 prio
2170 5317 2490 5397 Evangelia
2514 5315 2720 5396 etrapit,
2751 5317 2910 5396 quod
2957 5330 3015 5378 et
3045 5316 3208 5378 exsul
3242 5314 3305 5375 in
3337 5313 3538 5376 l’atmo
3568 5315 3664 5376 in-

2008 5409 2137 5470 sula
2166 5407 2522 5488 conscripsit
2556 5414 2684 5486 post
2715 5407 2952 5485 triginta
2979 5405 3129 5468 duos
3184 5423 3373 5466 annos
3405 5412 3534 5485 post
3564 5423 3664 5465 as-

2009 5507 2313 5580 sumptum
2346 5497 2408 5558 in
2439 5498 2629 5560 caelos
2661 5495 2987 5560 Christum.
3025 5495 3288 5557 Dilectus
3327 5505 3417 5556 est
3465 5503 3664 5556 autem
