4184 6400
516 361 673 427 1138
1484 360 2081 428 THEOPHYLACTI
2126 353 2539 422 BULGARI/E
2582 342 2945 421 ARCHIEP.
3754 346 3914 416 nae

511 498 776 562 Joannes
792 518 911 581 prae
932 498 1243 581 discipulis
1260 497 1536 561 omnibus
1558 497 1814 558 maxime
1834 516 1868 558 a
1885 495 2162 565 Domino,

2256 515 2306 550 τε
2365 494 2455 550 καὶ
2512 493 2835 573 πραότατος,
2925 494 3012 549 καὶ
3087 492 3619 572 χρηστοηθέστατος,
3698 494 3785 547 καὶ
3837 493 3916 553 ὼς

515 609 584 650 eo
616 589 779 669 quod
797 579 1270 651 ‘absoluteimitis
1304 595 1450 659 erat,
1488 586 1974 666 suavissimisque
1994 583 2167 646 mori-

2256 585 2476 661 καθαρὸς
2530 584 2628 650 τὴν
2695 581 2931 663 καρδίαν,
2982 582 3140 656 ἤγουν
3177 582 3454 660 παρθένος.
3492 581 3581 647 Ἐξ
3611 586 3670 639 οὗ
3699 579 3764 648 δὴ
3795 604 3916 660 χα-

512 680 645 759 bus,
678 698 745 740 ac
778 678 997 739 mundo
1022 677 1226 754 corde,
1253 695 1469 758 nempe
1510 676 1700 754 virgo.
1738 674 1911 738 Unde
1946 682 2007 736 et
2035 692 2166 735 am-

2256 675 2507 751 ρίσματος
2540 677 2629 728 καί
2658 672 2758 740 τὴν
2813 670 3087 750 θεολογίαν
3144 671 3449 745 ἐπιστεύθη,
3521 678 3626 727 τῶν
3677 672 3918 727 ἀθεάτων

511 768 669 850 plius
696 768 915 830 notitiae
938 767 1045 830 Dei
1075 768 1294 829 donum
1343 768 1397 829 ei
1429 766 1837 828 concreditum
1873 772 1987 838 est,
2038 782 2167 843 my-

2256 775 2369 825 τοϊς
2434 760 2661 825 πολλοῖς
2726 765 3028 841 μυστηρίων
3097 763 3529 841 κατατρυφήσας,
3573 783 3595 816 α
3646 760 3911 834 Μακάριοι

510 848 826 956 steriisque
860 858 1158 938 plerisque
1190 856 1509 956 incognitis
1561 855 1689 956 ips‘e
1734 853 2025 954 delicatus
2055 860 2167 953 est:

2256 853 2375 931 γὰρ,
2448 853 2634 956 φησὶν,
2652 852 2699 906 οἱ
2730 853 2943 929 καθαροὶ
2959 857 3028 928 τῇ
3073 849 3277 929 καρδίᾳ,
3326 848 3406 907 ὅτι
3440 850 3591 907 αὐτοὶ
3622 852 3713 907 τὸν
3776 853 3913 905 Θεὸν

521 972 543 1004 ιι
575 936 746 1009 Beati
768 973 790 1001 υ
829 936 1012 1020 enim,
1046 936 1260 1027 inquit,
1292 945 1501 1006 mundi
1524 944 1729 1018 corde,
1752 942 2031 1024 quoniam
2058 936 2167 1019 ipsi

2256 942 2497 1016 ὓψονται.
2538 963 2565 995 ι
2600 936 2700 996 ’Ἦν
2752 938 2807 994 δὲ
2857 939 2956 1017 ἄρα
3013 942 3101 996 καὶ
3161 940 3424 1018 συγγενὴς
3451 949 3544 998 τοῦ
3578 940 3782 1017 Κυρίου·
3816 940 3911 994 καὶ

510 1035 697 1097 Deum
734 1035 1026 1098 videbunt
1050 1036 1173 1099 58.»
1212 1040 1350 1099 Erat
1378 1034 1624 1114 insuper
1645 1042 1704 1095 et
1727 1040 2009 1111 cognatus
2042 1029 2165 1092 Do—

511 1125 679 1186 mini.
711 1124 1018 1197 Quomodo
1044 1130 1274 1186 autem?
1313 1123 1490 1185 Audi.
1517 1122 1738 1200 .loseph
1770 1121 1869 1183 ille
1901 1119 2168 1199 Deiparaa

509 1233 764 1294 sponsus
788 1212 997 1276 habuit
1052 1232 1119 1275 ex
1174 1214 1379 1293 priore
1422 1230 1604 1273 uxore
1662 1210 1883 1271 liberos
1911 1217 2166 1289 septem,

511 1312 762 1384 quatuor
792 1321 988 1364 mares
1018 1312 1076 1364 et
1106 1311 1234 1364 tres
1264 1301 1558 1379 femellas,
1610 1300 1922 1377 Martham,
1954 1297 2169 1359 Esther

511 1401 569 1452 et
592 1391 872 1454 Salomen
902 1412 918 1467 ;
951 1401 1010 1453 et
1053 1392 1214 1453 illius
1244 1409 1408 1453 sane.
1436 1389 1704 1452 Salomes
1732 1384 2166 1467 inquam,ﬁlius

510 1491 637 1543 erat
653 1480 915 1544 Joannes
938 1480 1061 1542 ille.
1087 1481 1465 1560 Comperitur
1487 1479 1693 1558 itaque
1721 1477 2001 1539 Dominus
2024 1493 2160 1537 esse

2247 1036 2389 1102 πῶς,
2473 1028 2715 1091 ἄκουσον,
2794 1027 2995 1109 Ἰωσὴφ
3050 1032 3078 1085 6
3146 1030 3243 1095 τῆς
3322 1028 3589 1107 παναίγνου
3644 1027 3912 1085 Θεοτόκου

2249 1119 2492 1196 μνηστηρ
2530 1118 2689 1198 ἔσχεν
2750 1117 2809 1173 ἐκ
2880 1118 3137 1197 προτέρας
3208 1119 3453 1195 γυναικὸς
3514 1115 3710 1180 παῖδας
3743 1117 3912 1189 ἑπτὰ,

2247 1207 2506 1287 τέσσαρας
2560 1206 2777 1286 ἂρῤινας
2848 1208 2935 1263 καὶ
3023 1221 3171 1283 τρεῖς
3257 1206 3494 1281 θηλείας,
3544 1207 3639 1273 τὴν
3668 1208 3913 1285 Μάρθαν,

2246 1298 2346 1365 τὴν
2400 1296 2617 1369 Ἐσθὴρ,
2672 1298 2768 1364 τὴν
2801 1295 3095 1371 Σαλώμην,
3142 1296 3231 1376 ἧς,
3263 1295 3427 1375 λέγω,
3458 1302 3558 1364 τῆς
3605 1295 3910 1371 Σαλώμης,

2246 1388 2355 1445 υἱὸς
2412 1388 2479 1453 ἦν
2539 1385 2690 1448 οὗτος
2738 1388 2765 1442 6
2839 1384 3115 1453 Ἰωάννης,
3195 1387 3496 1464 Εὕρίσκεται
3522 1387 3693 1442 τοίνυν
3736 1389 3764 1442 6
3794 1389 3911 1444 Κύ-

2247 1498 2356 1554 ριος
2438 1478 2583 1539 θεῖος
2654 1479 2812 1534 αὐτοῦ
2841 1474 2937 1535 ὧν.
2973 1472 3119 1532 Ἐπεὶ
3151 1476 3252 1554 γὰρ
3295 1475 3472 1553 πατὴρ
3505 1475 3597 1531 τοῦ
3644 1476 3829 1553 Κύρίου
3879 1478 3909 1529 6

510 1569 835 1630 avunculus
865 1570 1016 1649 ejus,
1054 1570 1331 1649 quoniam
1362 1565 1586 1646 Joseph
1615 1566 1852 1627 habitus
1882 1574 1970 1624 est
1998 1572 2166 1643 pater

2256 1565 2471 1643 Ἰωσὴφ,
2531 1564 2716 1621 τούτου
2802 1562 2855 1619 δὲ
2908 1571 3001 1619 τοῦ
3058 1564 3255 1644 Ἰωσὴφ
3300 1565 3532 1643 θυγάτηρ
3579 1566 3613 1631 ἡ
3644 1563 3909 1639 Ζαλώμη*

515 1655 941 1731 Domini,illius
970 1665 1169 1718 autem
1200 1655 1421 1734 Joseph
1444 1654 1564 1715 tilia
1589 1654 1824 1716 Salome
1843 1662 1899 1713 et
1918 1651 2167 1732 proiude

2256 1652 2451 1734 ἀδελφῆ
2510 1652 2607 1729 ἄρα
2660 1652 2750 1709 τοῦ
2809 1654 2997 1731 Κυρίου
3066 1656 3100 1721 ἡ
3159 1651 3400 1728 Σαλώμη
3436 1653 3723 1733 λογίζεται,
3766 1652 3912 1709 ὥστε

511 1746 713 1807 habita
734 1763 905 1806 soror
925 1744 1190 1819 Domini;
1222 1753 1400 1825 atque
1433 1744 1517 1805 sic
1547 1744 1805 1805 Joannes
1836 1742 1965 1820 ejus
1987 1740 2167 1813 ﬁlius,

2256 1745 2339 1801 καὶ
2408 1745 2436 1799 6
2507 1743 2703 1809 ταύτης
2734 1744 2844 1806 υίὸς
2876 1741 3126 1809 Ἰωάννης
3156 1743 3375 1818 ἀνεψιὸς
3405 1746 3496 1800 τοῦ
3555 1744 3761 1822 Κυρίου.
3798 1745 3913 1800 Οὐκ

511 1852 699 1916 nepos
717 1833 1285 1898 Domini.Fortassis
1304 1842 1501 1895 autem
1523 1850 1641 1893 non
1661 1830 1981 1893 absurdum
1995 1828 2167 1891 fuerit

2256 1831 2453 1890 ἄτοπον
2502 1831 2557 1887 δὲ
2608 1832 2745 1896 ἴσως
2803 1833 2889 1887 καὶ
2946 1832 3009 1887 τὰ
3067 1833 3301 1907 ὀνόματα
3355 1838 3452 1903 τῆς
3483 1836 3687 1910 μητρὸς
3745 1834 3914 1889 αὺτοῦ

516 1926 759 1986 nomina
786 1933 845 1985 et
878 1923 1085 1985 matris
1119 1924 1247 2004 ejus
1279 1932 1336 1985 et
1367 1921 1746 2001 evangelista:
1773 1919 2031 2000 aperire.
2065 1916 2167 1978 Et-

2256 1924 2342 1978 καὶ
2400 1923 2555 1979 αὒτοῦ
2605 1921 2699 1977 τοῦ
2775 1920 3153 2000 εὐαγγελιστοῦ
3203 1922 3514 1988 ἀναπτύξαι,
3593 1916 3655 1978 Ἡ
3724 1924 3916 2000 μήτηρ

509 2016 666 2075 enim
699 2024 887 2075 mater
908 2014 1039 2093 ejus
1063 2032 1195 2094 quae
1217 2013 1457 2076 Salome
1474 2010 2171 2087 dicebatur,interpreta-

508 2110 602 2163 tur
632 2100 1183 2182 paciﬁca,.loannes
1202 2110 1396 2164 autem
1421 2102 1630 2181 gratia
1656 2096 1975 2178 ejus.Sciat
1996 2095 2173 2174 igitur

507 2192 703 2253 omnis
720 2191 919 2253 anima
940 2191 1095 2271 quod
1123 2208 1233 2271 pax
1256 2209 1387 2272 quae
1412 2207 1552 2269 erga
1572 2188 1939 2261 homines,et
1963 2185 2167 2265 qnaain

506 2284 703 2341 anima
733 2280 807 2341 ab
838 2279 1252 2341 affectionibus
1312 2279 1526 2352 libera,
1579 2286 1772 2339 mater
1823 2276 1899 2336 sit
1954 2275 2170 2337 divina

505 2370 731 2446 gratiae,
766 2376 823 2430 et
851 2377 1100 2447 generat
1142 2368 1315 2429 istam
1364 2371 1423 2430 in
1456 2366 1651 2428 nobis.
1697 2367 1972 2428 Animam
2006 2363 2165 2425 enim

507 2478 639 2539 quae
650 2459 847 2521 adhuc
864 2458 1454 2538 turbatur,etpugnat
1476 2464 1679 2519 contra
1699 2456 1975 2516 homines
1992 2454 2163 2533 alios,

438 2592 441 2593 ν
506 2555 564 2609 et
594 2558 800 2609 contra
828 2548 1240 2627 seipsam,non
1272 2546 1597 2608 verisimile
1623 2552 1712 2607 est
1738 2543 1998 2606 divinam
2017 2561 2165 2605 con—

507 2636 679 2716 sequi
712 2636 991 2715 gratiam.
1026 2635 1487 2697 Consideremus
1516 2644 1713 2696 autem
1745 2642 1803 2695 et
1836 2632 2168 2694 mirabilius

509 2726 788 2804 quiddam
823 2726 979 2806 quod
1011 2726 1173 2787 circa
1217 2735 1486 2788 sanctum
1537 2725 1702 2787 illum
1740 2723 2165 2802 evangelistam

505 2813 900 2877 accidiLTres
922 2814 1023 2876 ille
1054 2833 1208 2875 unus
1229 2824 1445 2876 matres
1477 2815 1699 2876 habere
1723 2811 2167 2893 comparet:Sa-

505 2904 706 2966 lomen
738 2913 951 2966 natura
981 2904 1099 2984 (α),
1132 2905 1483 2975 tonitruum,
1512 2904 1670 2964 ﬁlius
1701 2903 1860 2963 enim
1892 2910 1987 2964 est
2009 2903 2165 2963 toni-

507 2994 623 3055 trui
651 3002 968 3075 propterea
990 2994 1145 3074 quod
1180 2994 1241 3055 in
1273 2993 1595 3073 Evangelia
1621 2993 2032 3054 vocalissimus
2049 2991 2171 3052 fue-

502 3084 582 3145 rit
615 3094 674 3145 et
720 3084 1033 3164 Deiparam
1068 3104 1085 3145 :
1124 3102 1259 3145 nam
1317 3083 1533 3164 inquit,
1601 3082 1758 3143 Ecce
1811 3089 1999 3142 mater
2046 3089 2166 3147 tua.

510 3171 730 3235 Verum
766 3174 891 3235 haac
920 3182 1058 3247 ante
1112 3174 1553 3235 enarrationem
1611 3172 1771 3233 dicta
1820 3171 2163 3232 sufﬁciant:

508 3280 666 3324 nunc
696 3262 1038 3344 incipienda
1068 3263 1363 3324 dictorum
1391 3263 1525 3340 ejus
1546 3260 1864 3323 reseralio.

1074 3353 1216 3414 505
1251 3351 1492 3416 CAPUT
1531 3351 1578 3414 Ι.

512 3448 944 3511 Testimonium
975 3447 1234 3510 Joannis
1255 3448 1329 3508 de
1362 3447 1623 3510 Christo.
1645 3444 1957 3521 Quomodo
1970 3446 2169 3506 Joan-

583 3547 689 3591 nes
720 3531 1181 3608 interrogatum
1211 3529 1478 3607 miserit,
1508 3543 1590 3608 on
1642 3530 1821 3588 Jesus
1864 3524 2171 3608 ess_e_t__t'_lle

593 3610 906 3671 Christus.
942 3604 1024 3669 De
1054 3610 1363 3671 vocatione
1386 3604 1668 3685 Andreae,
1703 3608 1894 3676 Petri,
1920 3604 2169 3683 Philip-

583 3694 648 3769 pi
677 3695 732 3751 et
761 3688 1190 3753 Nuthanaelis.

584 3872 770 3937 Vens.
808 3875 864 3935 1.
897 3897 924 3928 α
966 3876 1031 3935 In
1057 3871 1352 3952 principio
1384 3879 1510 3932 erat
1538 3868 1819 3933 Verbum.
1861 3894 1886 3925 ι
1922 3867 2089 3931 Sicut
2106 3874 2165 3927 et

504 3964 568 4024 in
612 3962 905 4042 procemio
961 3961 1262 4041 dicebam,
1293 3961 1373 4022 ita
1401 3960 1598 4022 denuo
1643 3959 1802 4039 dico,
1834 3960 1995 4039 quod
2026 3975 2159 4018 cum

505 4051 881 4130 evangelista:
932 4051 1031 4112 alii
1077 4050 1425 4112 inferiorem
1490 4049 1850 4111 nativitatem
1899 4045 2161 4119 Domini,

504 4141 923 4202 educationem
975 4152 1035 4201 et
1088 4140 1527 4202 incrementum
1576 4139 1688 4200 late
1720 4143 2061 4210 narrarunt,
2096 4154 2167 4197 ea

501 4229 1722 4310 Joannestranscurratquidem,utisatisa
1744 4225 2170 4306 condiscipulis

502 4319 625 4380 suis
653 4319 832 4395 dicta,
867 4320 942 4381 de
973 4320 1195 4381 deitate
1226 4326 1426 4380 autem
1475 4318 1604 4398 ejus
1636 4318 1734 4398 qui
1771 4324 2016 4396 propter
2061 4333 2170 4376 nos

500 4412 678 4471 homo
721 4409 914 4471 factus
959 4418 1070 4486 est,
1124 4407 1689 4470 disseratztametsi
1746 4406 1794 4467 si
1848 4406 2169 4484 diligenter

499 4499 994 4571 consideraveris,
1032 4517 1225 4579 neque
1249 4499 1336 4559 illi
1361 4498 1435 4559 de
1465 4498 1688 4559 deitate
1722 4496 2023 4575 Unigeniti
2069 4495 2165 4556 di-

2255 2012 2493 2087 Σαλώμη
2546 2009 2871 2085 καλουμένη,
2946 2011 3290 2088 ἑρμηνεύεται
3341 2013 3604 2093 εἰρηνικὴ,
3638 2015 3666 2069 6
3691 2010 3746 2067 δὲ
3782 2010 3915 2069 ἰω-

2254 2103 2437 2174 άννης,
2513 2102 2670 2179 χάρις
2730 2103 2918 2167 αὐτῆς.
2980 2101 3291 2157 Γινωσκέτω
3320 2101 3409 2157 οὖν
3439 2108 3584 2159 πᾶσα
3616 2102 3796 2181 ψυχή,
3834 2104 3914 2164 ὼς

2254 2192 2285 2258 ἡ
2346 2192 2530 2269 εἰρήνη
2592 2192 2622 2257 ἦ
2697 2190 2828 2269 πρός
2884 2211 2941 2246 τε
2993 2192 3112 2253 τοὺς
3169 2190 3495 2267 ἀνθρώπους,
3568 2194 3655 2249 καὶ
3687 2196 3719 2260 ἠ
3767 2194 3912 2247 κατὰ

2254 2282 2439 2359 ψυχὴν
2490 2280 2595 2335 ἀπο
2637 2281 2741 2335 τῶν
2800 2283 3008 2353 παθῶν,
3063 2282 3246 2359 μήτηρ
3275 2282 3475 2358 γίνεται
3506 2282 3604 2349 τῆς
3634 2284 3776 2344 θείας
3806 2283 3921 2360 χά.

2252 2391 2418 2449 ριτος,
2491 2371 2578 2425 καὶ
2648 2374 2805 2446 γεννᾷ
2847 2370 3045 2435 ταύτην
3074 2368 3128 2424 ἐν
3157 2370 3316 2444 ἡμῖν.
3361 2372 3466 2439 Τὴν
3499 2374 3598 2449 γὰρ
3642 2391 3915 2449 ταραττο-

2252 2462 2417 2537 μένην
2474 2462 2685 2541 ψυχὴν,
2744 2464 2831 2518 καὶ
2888 2462 2963 2517 ἔτι
3020 2462 3207 2542 μάχας
3263 2464 3496 2543 ἔχουσαν
3523 2467 3653 2543 πρὸς
3698 2486 3755 2521 τε
3785 2465 3915 2527 τοὺς

2252 2550 2444 2615 ἄλλους
2474 2550 2800 2630 ἀνθρώπους,
2871 2552 2958 2607 καὶ
3032 2553 3161 2631 πρὸς
3237 2553 3450 2624 ἑαυτὴν,
3498 2555 3594 2610 οὐκ
3621 2556 3762 2617 εἰκὸς
3807 2560 3912 2621 τῆς

2248 2643 2387 2705 θείας
2459 2638 2744 2707 ἀξιωθῆναι
2806 2641 3050 2720 χάριτος,
3129 2641 3570 2719 Ἐπεσκεψᾶμεθα
3603 2641 3657 2699 δὲ
3706 2648 3792 2702 καὶ
3850 2668 3908 2702 τι

2249 2729 2679 2808 θαυμασιώτερον
2735 2728 2939 2805 συμϐὰν
2996 2733 3113 2811 περὶ
3184 2741 3369 2791 τοῦτον
3440 2732 3506 2801 δὴ
3550 2736 3643 2790 τὸν
3679 2740 3912 2815 εὗαγγε-

2251 2819 2436 2887 λιστὴν
2495 2817 2774 2885 Ἰωάννην,
2849 2820 3021 2882 Μόνος
3078 2821 3179 2899 γὰρ
3236 2824 3387 2885 οὗτος
3458 2836 3605 2900 τρεῖς
3666 2826 3909 2903 μητέρας

2252 2909 2591 2988 ἀναφαίνεται
2654 2908 2822 2989 ἔχων,
2894 2911 2993 2977 την
3049 2913 3275 2991 φυσικὴν
3334 2913 3435 2980 την
3466 2911 3757 2989 Σαλώμην,
3808 2920 3915 2984 τὴν

2250 2997 2477 3077 βροντὴν
2538 2995 2672 3077 (υίὸς
2733 3000 2833 3078 γὰρ
2891 3000 3116 3079 βροντῆς
3184 2998 3269 3056 διὰ
3311 3002 3410 3069 τὴν
3438 3012 3531 3061 τοῦ
3583 3005 3910 3083 [εὐαγγελίου

2251 3085 2708 3168 μεγαλοφωνίαν),
2766 3091 2853 3145 καὶ
2910 3089 3008 3157 τὴν
3052 3092 3330 3147 Θεοτόκον*
3382 3114 3407 3148 α
3465 3089 3594 3149 Ἰδοὺ
3636 3095 3758 3171 γὰρ,
3794 3120 3913 3175 φη-

2253 3178 2355 3257 σὶν,
2429 3178 2463 3244 ἡ
2534 3178 2716 3255 μήτηρ
2767 3198 2884 3237 σου.
2952 3200 2980 3233 ι
3034 3176 3185 3253 έΑλλ⁹
3256 3179 3370 3237 ἐπεὶ
3401 3187 3564 3238 ταῦτα
3615 3182 3751 3259 ἡμῖν
3804 3188 3913 3263 πρὸ

2254 3271 2351 3333 τῆς
2382 3264 2684 3345 ἐξηγήσεως
2714 3266 2958 3345 εἴρηται,
2986 3268 3204 3348 ἀρκτέον
3226 3267 3330 3338 ἢδη
3376 3272 3464 3328 καὶ
3494 3272 3591 3338 τῆς
3619 3280 3713 3330 τοῦ
3740 3274 3914 3351 ῥητοῦ

2254 3354 2588 3420 ὰναπτύξεως
2599 3399 2612 3413 .

2880 3451 3253 3514 ΚΕΦΑΛ,ΑἌ

2254 3544 2375 3619 Περὶ
2437 3546 2541 3627 τῆς
2592 3543 2883 3627 μαρτυρίας
2940 3550 3059 3627 τοῦ,
3099 3543 3345 3627 Ἰωάννου
3434 3549 3550 3626 περὶ
3649 3556 3907 3627 Χριστοῦ.

2333 3623 2452 3701 Περῖ
2520 3624 2617 3707 ,τοῦ
2713 3619 2963 3707 Ἰιοάννοο
3015 3622 3423 3707 ,ἐρωτηθέντοῆ
3504 3619 3558 3684 ἐἰ
3639 3619 3779 3687 ἔστιν
3884 3636 3912 3689 6

2331 3702 2590 3786 Χριστός.-
2652 3703 2798 3786 ῌερὶ-
2847 3701 3112 3782 ’Δνδρέου,
3174 3701 3419 3786 Πέτρου,’
3484 3707 3750 3767 Φιλίππου
3820 3716 3913 3769 καὶ

2329 3781 2608 3851 Ναθαναὴλ
2637 3781 2958 3851 κληθέντων.

2332 3900 2360 3932 α
2393 3874 2489 3935 Ἐν
2519 3877 2668 3957 ἀρχῇ
2688 3878 2755 3945 ἦν
2797 3880 2833 3935 ἁ
2858 3879 3053 3957 Λόγος.
3084 3901 3112 3934 ι
3164 3868 3352 3961 ’Ὅπερ
3395 3884 3483 3939 καὶ
3512 3885 3569 3939 ἓν
3599 3884 3909 3962 προοιμίοις

2248 3966 2432 4041 εἷπον,
2494 3966 2653 4023 πάλιν
2686 3968 2773 4023 καὶ
2817 3974 2972 4024 τοῦτο
3014 3968 3140 4048 ἐρῶ,
3185 3968 3267 4027 ὅτι
3312 3977 3419 4027 τῶν
3449 3970 3626 4029 ἄλλων
3671 3974 3906 4053 εὖαγγε-

2248 4053 2444 4111 λιστῶν
2501 4056 2599 4123 τὴν
2675 4057 2824 4113 κάτω
2852 4056 3102 4135 γέννησιν
3142 4066 3237 4116 τοῦ
3284 4063 3493 4142 Κυρίου,
3544 4063 3644 4129 τὴν
3674 4064 3907 4142 ἀνατρο-

2250 4145 2381 4222 φὴν,
2440 4145 2540 4213 τὴν
2571 4145 2787 4213 αὔξησιν
2817 4145 3063 4215 πλατέῳς
3106 4149 3560 4230 ἀφηγησρμένων,
3596 4155 3748 4217 οὗτος
3805 4155 3899 4225 μὲν

2250 4232 2432 4291 ἐκεῖνα
2500 4236 2851 4315 παρατρέχει,
2913 4238 2988 4300 ὡς
3020 4239 3292 4318 αὐτάρκως
3349 4253 3470 4305 τοῖς
3527 4246 3897 4317 συμμαθηταῐς

2249 4325 2408 4381 αὐτοῦ
2464 4324 2711 4404 ῥηθέντα,
2771 4327 2888 4404 περὶ
2963 4325 3017 4381 δὲ
3087 4332 3184 4395 τῆς
3241 4329 3493 4397 θεότητος
3516 4341 3608 4390 τοῦ
3661 4330 3729 4387 δι’
3762 4334 3904 4407 ἡμᾶς

2250 4409 2751 4488 ένανθρωπήσαντος
2809 4410 3130 4491 διαλέγεται·
3193 4418 3365 4474 καίτοι
3396 4420 3440 4474 εί
3471 4417 3697 4498 ἀκριϐῶς
3766 4424 3904 4477 θεω-

2250 4501 2451 4578 ρήσεις,
2513 4500 2632 4557 οὕτε
2692 4500 2888 4559 ἐκεῖνοι
2947 4507 3008 4559 τὸ
3064 4507 3183 4584 περὶ
3234 4508 3332 4573 τῆς
3417 4510 3511 4565 τοῦ
3573 4515 3907 4588 Μόνογενοῦς

500 4606 639 4649 cere
691 4588 1104 4665 neglexerunt,
1149 4588 1253 4648 sed
1289 4588 1421 4667 ejus
1452 4587 1815 4647 mentionem
1868 4586 2163 4664 fecerunt,

2256 4590 2500 4656 θεότητος
2530 4591 2733 4679 ,εἰπεῖν
2788 4592 3127 4672 παρώσαντο,
3185 4594 3306 4652 ἀλλ’
3376 4586 3810 4679 ἐπεμνήσθησαν,
3864 4602 3910 4657 εί

499 4678 777 4758 quamvis
825 4696 942 4736 non
980 4676 1235 4739 dill‘use:
1273 4693 1467 4755 neque
1525 4675 1635 4739 iste
1679 4676 1763 4736 ita
1813 4674 2168 4749 sublimitati

496 4765 665 4827 verbi
695 4768 961 4826 intentus
992 4765 1124 4840 fuit,
1151 4774 1214 4825 ut
1245 4765 1489 4825 omnino
1514 4764 1900 4845 posthaberet
1930 4764 2173 4844 dispen-

2247 4679 2335 4735 καὶ
2368 4680 2443 4754 μὴ
2485 4678 2753 4768 πλατέως,
2790 4680 2907 4738 οὔτε
2938 4682 3089 4747 οὗτος
3133 4686 3265 4759 πρὸς
3310 4687 3401 4743 τὸν
3441 4686 3775 4768 ὑψηλότερον
3798 4678 3909 4746 λό-

2252 4790 2348 4848 γον
2403 4766 2737 4845 ἆποϐλέψας,
2797 4770 3039 4845 ἠμέλησε
3107 4775 3283 4843 πάντη
3367 4780 3465 4844 τῆς
3516 4766 3773 4853 ἐνσάρκου
3821 4782 3910 4837 οἶ·
4018 4816 4023 4820 ·

498 4856 793 4916 sationem
827 4854 957 4933 ejus
977 4853 1038 4913 in
1071 4872 1270 4915 carne.
1314 4852 1477 4915 Unus
1530 4854 1688 4915 enim
1745 4862 1873 4914 erat
1927 4851 2167 4932 spiritus

2258 4861 2535 4933 κονομίας·
2584 4857 2637 4914 ἕν
2666 4861 2767 4939 γὰρ
2795 4861 2861 4929 ἦν
2890 4864 3103 4938 Πνεῦμα
3130 4865 3192 4920 τὸ
3221 4873 3398 4924 κινοῦν
3438 4868 3534 4933 τὰς
3571 4874 3677 4925 τῶν
3728 4869 3913 4930 ἁπάν-

498 4949 601 5030 qui
630 4946 905 5011 movebat
937 4945 1205 5008 omnium
1228 4944 1699 5026 animas.Itaque
1725 4945 1900 5006 nobis
1920 4945 1994 5006 de
2021 4946 2168 5008 Filio

496 5037 763 5100 disserit.
806 5036 1042 5097 Etenim
1074 5038 1247 5098 Pater
1295 5036 1466 5097 nobis
1498 5053 1565 5096 ex
1618 5034 1804 5096 veteri
1834 5035 1965 5112 lege
1992 5044 2170 5097 notus

497 5134 623 5188 erat
656 5143 669 5188 :
706 5129 946 5187 tametsi
1002 5143 1113 5185 nec
1169 5125 1245 5185 de
1275 5128 1450 5187 Patre
1482 5124 1763 5199 obticeat,
1791 5125 1896 5185 sed
1943 5132 2003 5185 et
2038 5125 2169 5205 ejus

499 5216 771 5277 meminit
798 5216 873 5277 de
898 5215 1047 5277 Filio
1073 5213 1826 5295 luquens.Ostenditigitur
1849 5213 2167 5293 sempiter-

498 5305 747 5367 nitatem
805 5303 1126 5382 Unigeniti,
1162 5304 1467 5367 dicendo:
1514 5329 1540 5359 α
1587 5306 1651 5367 ln
1696 5302 1990 5385 principio
2042 5315 2168 5367 erat

498 5390 790 5469 Verbum,
825 5419 851 5451 ι
890 5396 1000 5456 hoc
1028 5402 1137 5473 est,
1172 5411 1206 5455 a
1237 5393 1537 5475 principio
1569 5403 1718 5457 erat.
1750 5392 1918 5466 Quod
1945 5394 2106 5455 enim
2132 5414 2165 5456 a

583 5556 652 5605 δε
684 5554 890 5617 Matth.
920 5574 980 5631 v,
1004 5554 1062 5615 8.

578 5696 665 5769 (αι
704 5690 858 5751 Edit.
898 5691 1029 5751 Lut.
1062 5709 1179 5749 non
1220 5691 1417 5763 habet,
1453 5689 1734 5753 Salomon
1764 5703 2009 5754 natura.

2264 4970 2369 5005 των
2428 4949 2628 5040 ψυχάς.
2668 4949 2978 5040 Διαλέγεται
3024 4956 3111 5011 οὖν
3139 4955 3280 5031 ἡμῖν
3307 4959 3421 5035 περὶ
3449 4964 3544 5014 τοῦ
3570 4959 3712 5018 ι’ἰοῦ.
3745 4961 3774 5015 ὃ
3806 4960 3912 5040 γὰρ

2254 5040 2432 5127 Πατὴρ
2489 5036 2592 5106 ἤδη
2664 5039 2771 5096 ἀπὸ
2826 5046 2925 5110 τῆς
2982 5042 3220 5109 Παλαιᾶς
3276 5047 3543 5127 γνώριμος
3596 5054 3686 5116 ἦν.
3723 5036 3908 5107 Καίτοι

2250 5126 2367 5185 οὐδὲ
2424 5131 2513 5183 τὸν
2592 5130 2731 5185 Πατέ
2829 5131 2863 5187 ἆ
3014 5134 3027 5155 ’
3391 5126 3407 5155 λ
3520 5140 3534 5159 ‘
3673 5140 3684 5155 “
3795 5142 3807 5161 ¹

2736 5152 2798 5208 ρα
2866 5153 3233 5201 πεσιωπησεν,
3283 5135 3421 5193 ἀλλα
3450 5160 3537 5194 και
3573 5159 3689 5218 περι
3720 5160 3910 5197 τουτου

2251 5218 2543 5299 μέμνηται,
2601 5221 2689 5275 καὶ
2745 5223 2864 5297 περὶ
2916 5229 3011 5278 τοῦ
3077 5225 3200 5280 Υἱοῦ
3242 5223 3409 5304 λέγει,
3449 5227 3687 5283 Δείκνυσι
3732 5231 3911 5284 τοίνυν

2251 5311 2312 5365 τὸ
2370 5307 2542 5365 ἀίδιον
2610 5316 2704 5366 τοῦ
2772 5317 3103 5391 Μονογενοῦς
3134 5312 3191 5370 ἒν
3222 5322 3300 5390 τῷ
3328 5315 3527 5395 λέγειν·
3570 5340 3598 5372 ιι
3637 5305 3724 5374 Ἐν
3757 5319 3910 5398 ἀρχῇ

2246 5402 2314 5466 ἦν
2364 5400 2392 5453 6
2466 5399 2661 5477 Λόγος,
2702 5422 2729 5451 ι
2766 5400 3059 5483 τουτέστιν,
3092 5400 3185 5459 ἀπ’
3216 5404 3395 5484 ἀρχῆς
3454 5405 3543 5473 ἧν.
3579 5407 3650 5464 T6
3681 5408 3782 5486 γὰρ
3816 5408 3912 5464 ἀπ’
