4184 6400
276 362 427 429 H37

989 359 1433 427 ENARRATIO
1478 363 1559 426 IN
1606 354 2116 425 EVANGELIUM
2158 357 2501 421 JOANNIS.
2547 390 2627 401 —
2668 360 2833 421 CAP.
2884 360 2930 420 Ι.

3506 357 3655 423 1138

274 497 450 574 ἀρχῆς
510 493 593 573 ὅν,
640 493 699 549 οὗ
732 496 809 568 μη
842 494 1024 569 εὑρεθῆ
1067 492 1277 557 πάντως
1306 491 1525 572 χρόνος,
1574 492 1662 548 ὅτε
1694 490 1788 549 οὐκ
1833 490 1923 557 ἦν,

2022 486 2313 570 principio
2338 492 2591 569 est,ejus
2608 492 2850 553 omnino
2873 489 3351 572 nullumtempus
3374 491 3680 554 inventum

280 586 375 642 Καὶ
432 584 613 663 πόθεν,
680 585 831 664 φησὶ,
906 580 1065 651 δῆλον
1123 581 1204 638 ὅτι
1260 584 1344 656 τὸ,
1382 606 1409 637 α
1463 579 1551 639 Ἐν
1584 581 1731 661 ἀρχῇ
1757 580 1849 654 ἦν,
1898 602 1923 634 υ

276 674 461 731 ταυτὸν
521 673 771 747 σημαίνει
826 673 926 750 τῷ,
959 671 1052 728 ἀπ’
1082 670 1259 750 ἀρχῆς
1294 690 1310 750 ς
1346 672 1550 750 Πόθεν,
1589 672 1685 728 Καὶ
1716 667 1808 724 ἀπ’
1843 670 1932 724 αὖ·

279 761 374 827 τῆς
432 760 529 835 μὲν
588 767 689 829 τῆς
758 766 945 827 κοινῆς
972 759 1320 838 ὑπολήψεως,
1349 759 1581 835 μάλιστα
1611 756 1665 814 δὲ
1696 755 1789 814 ἀπ’
1832 757 1931 813 αὒ-

278 860 369 910 τοῦ
422 851 607 907 τούτου
662 857 753 908 τοῦ
803 848 1201 927 εὒαγγελιστοῦ.
1276 852 1416 916 Φησὶ
1474 850 1573 926 γὰρ
1618 848 1672 904 ἐν
1700 854 1798 923 μ.ιᾷ
1828 854 1933 904 τῶν

284 941 436 996 αὑτοῦ
506 939 823 997 ἐπιστολῶν·
879 964 900 989 ι
961 930 1045 997 ’¹Ο
1071 939 1135 1007 ἧν
1170 938 1263 995 ἀπ’
1292 938 1469 1018 ἀρχῆς
1517 935 1662 1017 (12),
1697 938 1723 993 ὃ
1760 937 1932 1015 ἑωρά-

282 1051 471 1103 καμεν.
539 1050 565 1087 ί
643 1021 796 1107 Ὀρᾷς
856 1031 943 1085 οὖν
973 1035 1088 1092 πῶς
1126 1029 1280 1091 αὐτὸς
1314 1028 1495 1083 ἑαυτὸν
1527 1030 1554 1083 6
1584 1026 1932 1104 ἠγαπημένος

282 1118 603 1198 ἑρμηνεύείς
678 1120 798 1191 Ναὶ,
848 1121 1029 1197 φησὶν,
1089 1116 1208 1173 ἀλλ’
1266 1116 1374 1194 ἐγὼ
1403 1119 1488 1188 τὸ,
1547 1140 1572 1171 ι
1609 1115 1663 1171 ἐν
1693 1116 1860 1195 ἀρχῇ,
1899 1138 1927 1170 ι

278 1208 420 1264 οῧτω
498 1215 623 1271 νοῶ,
685 1207 864 1286 ὥσπερ
935 1208 1023 1262 καὶ
1081 1207 1223 1285 παρὰ
1248 1213 1325 1280 τῷ
1355 1206 1569 1262 Minuci"
1611 1227 1633 1260 ιι
1665 1203 1756 1262 Ἐν
1786 1205 1933 1284 ἀρχῇ

278 1296 530 1364 ἐποίησεν
586 1298 613 1353 6
673 1285 844 1361 8:64,
895 1320 917 1352 ι
982 1285 1200 1374 υΩσπερ
1230 1296 1330 1375 γὰρ
1352 1294 1467 1351 ἐκεῖ
1499 1298 1602 1375 οἰχ
1634 1297 1705 1359 ὡς
1762 1292 1935 1353 ἀϊδίου

278 1384 431 1450 ὄντος
502 1394 591 1443 τοῦ
648 1386 866 1465 οὐρανοῦ
920 1387 1002 1465 τὸ,
1044 1409 1068 1440 ιι
1105 1384 1158 1441 ἐν
1203 1384 1372 1466 ἀρχῇ,
1420 1408 1442 1440 ι
1479 1397 1704 1456 νοεῖται,
1766 1382 1933 1447 οἶτως

279 1474 389 1533 οὐδ’
448 1476 667 1535 ἐνταῦθα
722 1478 807 1547 τὸ,
887 1499 913 1529 ιι
943 1475 998 1531 ἐν
1029 1475 1195 1555 ἀρχῇ,
1236 1498 1265 1531 ι
1302 1476 1501 1548 νοήσω,
1535 1476 1607 1539 ὡς
1638 1472 1810 1532 ἀϊδίου
1840 1472 1933 1529 ὅν-

280 1587 376 1630 τος
432 1576 525 1621 του
577 1572 924 1643 Μονογενοῦς.
997 1554 1300 1639 Ταῦταγμὲν
1332 1566 1360 1621 6
1404 1565 1685 1639 αἱρετικός.
1738 1554 1935 1638 ίΗμεϊς

278 1653 332 1710 δὲ
392 1655 523 1732 πρὸς
579 1654 777 1720 ταύτην
833 1653 931 1719 τὴν
986 1653 1212 1718 ἀνόητον
1282 1652 1523 1709 ἔνστασιν
1573 1649 1719 1708 οὗδὲν
1762 1651 1935 1729 ἕτερον

2013 578 2254 659 quando
2285 598 2404 641 non
2427 581 2657 642 erat.Et
2678 580 2839 641 unde
2861 578 3077 643 dixerit
3098 580 3254 661 quis,
3288 580 3657 643 Manifestum

2012 668 2171 748 quod
2196 667 2257 731 in
2291 668 2583 749 principio
2606 668 2765 730 idem
2798 669 2873 732 sit
2904 670 3056 747 quod
3083 688 3117 731 a
3146 668 3686 750 principioYUnde?

2012 757 2093 818 Ex
2133 756 2264 837 ipsa
2306 758 2547 838 quidem
2601 759 2901 819 communi
2950 758 3365 839 conceptione,
3417 759 3670 821 maxime

2015 854 2211 908 autem
2262 845 2336 908 ab
2384 848 2497 909 hoc
2544 848 2673 927 ipso
2719 847 3105 926 evangelista.
3158 848 3357 929 Inquit
3410 849 3569 909 enim
3614 848 3677 908 in

2016 954 2136 997 una
2160 954 2399 997 suarum
2433 936 2822 1016 epistolarum
2858 959 2871 995 :
2912 963 2935 991 ιι
2971 935 3141 1008 Quod
3190 945 3317 998 erat
3359 936 3434 998 ab
3484 937 3675 1011 initio,

2014 1024 2170 1105 quod
2204 1025 2462 1086 vidimus
2497 1026 2583 1089 59.
2624 1050 2644 1081 ο
2686 1025 2867 1086 Vides
2894 1025 3073 1104 igitur
3104 1026 3259 1106 quod
3290 1025 3392 1087 ille
3423 1025 3677 1087 dilectus

2016 1113 2251 1175 Domini
2283 1113 2547 1192 seipsum
2572 1114 3021 1193 interpretetur?
3056 1114 3273 1190 Etiam,
3298 1114 3510 1194 inquit.
3562 1113 3679 1178 Sed

2014 1220 2123 1281 ego
2151 1200 2373 1276 istud,«
2412 1202 2472 1261 in
2509 1201 2966 1281 principio,nsic
2995 1201 3679 1282 intelligo,quemadmo-

2017 1290 2158 1351 dum
2206 1298 2264 1352 et
2307 1308 2343 1351 a
2385 1290 2550 1352 Mose
2599 1289 2826 1351 dictum
2880 1298 2989 1366 est,
3042 1290 3169 1351 «In
3217 1290 3509 1371 principio
3540 1291 3687 1353 fecit

2019 1378 2174 1440 Deus
2202 1379 2285 1438 ϐο.
2326 1405 2345 1435 ο
2393 1378 2560 1442 Sicut
2583 1380 2745 1441 enim
2776 1378 2898 1442 illic
2930 1380 3117 1455 istud,
3142 1379 3202 1440 in
3237 1380 3685 1461 principio,non

2017 1467 2371 1547 intelligitur
2402 1468 2571 1550 quasi
2630 1468 2843 1530 coelum
2880 1467 3063 1530 fuerit
3106 1469 3567 1549 sempiternum,
3597 1469 3683 1531 sic

2022 1576 2214 1637 neque
2238 1559 2350 1619 hoc
2377 1558 2509 1620 loco
2558 1558 2716 1638 quod
2773 1558 3180 1638 sempiternus
3211 1559 3287 1619 sit
3318 1558 3682 1638 unigenitus.

2021 1646 2157 1708 Haec
2181 1647 2422 1727 quidem
2451 1646 2926 1710 haareticus.Nos
2950 1657 3148 1710 autem
3172 1647 3244 1709 ad
3271 1648 3425 1709 hanc
3447 1644 3682 1710 stultam

280 1743 526 1821 ἐροῦμεν,
596 1740 716 1799 ἀλλ’
774 1742 810 1811 ἢ
865 1752 1041 1801 τοῦτο’
1077 1732 1140 1798 Ὠ
1172 1742 1395 1823 σοφιστὰ
1424 1744 1520 1808 τῆς
1553 1742 1764 1815 κακίας,
1819 1741 1934 1803 πῶς

2022 1737 2357 1798 instantiam
2384 1737 2529 1798 nihil
2556 1736 2716 1797 aliud
2767 1736 3044 1811 dicimus,
3090 1756 3266 1819 quam
3310 1737 3424 1799 hoc
3459 1758 3472 1799 :
3509 1736 3561 1801 Ο.
3588 1756 3686 1799 so-

284 1836 345 1889 τὸ
416 1831 536 1898 ἑξῆς
592 1833 1018 1910 ὑπεκράτησας;
1078 1830 1227 1888 Ἀλλ’
1284 1834 1449 1906 ἡμεῖς
1502 1837 1656 1887 τοῦτο
1687 1829 1932 1910 ἐροῦμεν,

286 1920 382 1977 κὲίν
443 1923 505 1977 σὺ
552 1921 628 1996 μὰ
686 1920 864 1998 θέλῃς.
928 1920 1079 1979 Ἐκεῖ
1137 1924 1234 1996 μὲν
1305 1922 1403 1999 γὰρ
1447 1922 1474 1975 6
1511 1925 1705 1986 Μωσῆς
1749 1936 1930 2001 φησιν·

291 2033 319 2066 α
380 2008 471 2068 Ἐν
542 2010 690 2090 ἀρχῇ,
747 2010 997 2077 ἐποίησεν
1066 2012 1094 2067 6
1148 2019 1277 2074 Θεος
1322 2008 1661 2087 τὸνοῦρανὸν
1692 2011 1780 2065 καὶ
1835 2009 1935 2077 τὴν

286 2107 412 2178 γῆν
470 2123 496 2155 ι)
559 2100 776 2156 ἐνταῦθα
833 2096 911 2179 δὲ,
972 2124 998 2153 α
1037 2097 1124 2157 Ἐν
1167 2099 1313 2179 ἀρχῇ
1358 2099 1425 2166 ἧν
1459 2100 1487 2154 ὂ
1535 2097 1723 2176 λόγος.
1763 2123 1789 2153 ι
1846 2098 1933 2162 Τίς

284 2190 374 2245 οὖν
406 2188 652 2245 κοινωνία
694 2195 770 2263 τῷ
808 2213 832 2243 ιι
870 2187 1107 2267 ἐποίησε,
1144 2210 1170 2246 ι
1208 2190 1339 2267 πρὸς
1370 2189 1429 2244 τὸ
1464 2210 1486 2242 ι
1524 2187 1588 2255 ἦν
1622 2205 1638 2267 ς
1678 2210 1701 2239 ιι
1751 2189 1807 2243 Εἰ
1837 2188 1934 2262 μὲν

288 2281 388 2357 γὰρ
446 2277 740 2356 ἐγέγραπτο
796 2278 884 2335 καὶ
950 2278 1187 2335 ἐνταῦθα·
1256 2277 1347 2334 Ἐν
1394 2277 1541 2356 ἀρχῇ
1600 2275 1848 2344 ἐποίησεν
1906 2280 1934 2333 6

290 2370 421 2431 Θεὸς
492 2369 582 2423 τὸν
615 2369 756 2442 Υίὸν,
790 2367 1013 2446 ἐσίγησα
1044 2367 1127 2423 ἄν’
1163 2374 1249 2423 νῦν
1277 2365 1354 2445 δὲ,
1393 2389 1420 2420 σ
1456 2365 1544 2423 Ἐν
1588 2366 1734 2446 ἀρχῇ
1780 2365 1866 2433 ἦν’
1904 2388 1928 2424 ι

2022 1826 2213 1905 phista
2245 1825 2503 1905 malitiae,
2557 1825 2854 1907 quomodo
2897 1825 3056 1907 quod
3090 1826 3361 1907 sequitur
3390 1825 3712 1889 subticui--

2018 1913 2202 1976 sti?At
2229 1912 2549 1995 nos,etiam
2588 1915 2702 1975 hoc
2731 1920 2790 1975 te
2814 1914 3533 1995 nolente,dicemus.Nam
3559 1915 3683 1978 illic

2018 2001 2260 2084 quidem
2283 2004 2480 2066 Moses
2505 2001 2787 2083 dicit,«In
2814 2003 3109 2084 principio
3135 2002 3441 2065 fecitDeus
3466 2005 3682 2067 coelum

2018 2100 2077 2151 et
2109 2100 2328 2153 terram
2366 2109 2379 2153 :
2422 2118 2449 2147 ι
2480 2092 2592 2153 hoc
2623 2099 2826 2154 autem
2860 2093 3012 2172 loco,
3054 2116 3077 2149 ι
3110 2093 3177 2154 In
3230 2091 3525 2172 principio
3560 2102 3684 2155 erat

2022 2179 2502 2253 VerbumaQuae
2527 2180 2706 2260 igitur
2725 2181 3067 2243 communio
3094 2180 3533 2259 verbi,fecit,ad
3557 2201 3679 2245 ver-

2020 2267 2180 2343 bum,
2214 2268 2661 2350 eraL’Equidem
2696 2269 3074 2342 siluissern,si
3102 2270 3214 2331 hoc
3236 2270 3366 2331 loco
3396 2272 3684 2351 scriptum

2017 2357 2327 2434 fuisset,In
2361 2358 2656 2438 principio
2686 2358 2830 2421 fecit
2857 2358 3014 2420 Deus
3044 2358 3463 2432 Filium;nunc
3482 2369 3683 2422 autem

289 2456 342 2523 ἐξ
396 2457 457 2514 οὗ
517 2464 620 2513 νοῶ
675 2458 737 2513 τὸ
768 2455 951 2521 ἁϊδίως
983 2457 1124 2512 εἶναι
1169 2457 1258 2513 τὸν
1288 2454 1479 2533 Λόγον,
1516 2453 1653 2511 ἀλλὰ
1681 2455 1759 2529 μὴ
1786 2452 1936 2510 ὕστε-

2024 2449 2240 2530 inquit,
2280 2472 2300 2505 α
2338 2447 2403 2510 In
2438 2449 2737 2529 principio
2762 2452 3043 2513 erat.nEx
3074 2468 3192 2530 quo
3224 2449 3496 2527 intelligo
3518 2467 3684 2512 sem-

288 2568 402 2621 ρον,
475 2546 649 2609 καθὼς
701 2545 855 2620 ὑμεῖς
917 2543 1222 2623 φλυαρεϊτε.
1299 2545 1447 2606 Τίνος
1518 2541 1571 2598 δὲ
1617 2545 1790 2601 ἓνεκεν
1851 2543 1936 2601 οὖν

2025 2537 2323 2619 piternum
2355 2538 2534 2599 fuisse
2568 2540 2842 2612 verbum,
2871 2546 2929 2600 et
2965 2558 3083 2600 non
3127 2539 3422 2620 posterius
3472 2538 3685 2600 condi-

289 2639 466 2714 cimv‘
506 2632 595 2692 Ἐν
626 2634 771 2714 ἁρχῂ
799 2634 865 2702 ἦν
896 2637 924 2690 6
962 2636 1102 2708 Υἱὸς,
1136 2631 1282 2712 ἀλλ’,
1315 2652 1339 2688 α
1389 2635 1416 2688 6
1462 2636 1658 2711 Λόγος,
1697 2656 1724 2687 ι)
1760 2630 1936 2699 ἄκουε,

2029 2636 2173 2702 tum,
2208 2630 2359 2689 sicut
2389 2648 2490 2688 vos
2517 2629 2841 2707 uugamini.
2879 2627 3073 2701 Quare
3124 2636 3323 2689 autem
3357 2647 3474 2689 non
3516 2628 3684 2709 dixit,

293 2706 425 2781 ’,Οτι
456 2721 540 2780 διὰ
570 2726 669 2791 τὴν
711 2730 818 2780 τῶν
846 2723 1145 2781 ἀκουόντων
1174 2722 1465 2796 ἀσθένειαν,
1498 2721 1592 2779 ’ίνα
1640 2723 1718 2797 μὴ
1776 2721 1936 2779 ἁκού-

2034 2740 2056 2773 σ
2094 2716 2159 2779 In
2185 2717 2477 2798 principio
2509 2706 2634 2779 erat
2665 2743 2690 2774 ι
2721 2716 2926 2791 Filius,
2950 2718 3116 2792 sed;
3152 2717 3474 2778 Verbum‘h
3503 2706 3684 2799 Audi,

293 2834 480 2878 σαντες
524 2814 669 2876 εὒθῦς
735 2812 787 2878 ἐξ
844 2812 1019 2893 ἀρχῆς
1069 2814 1203 2891 υἱὸν,
1247 2813 1529 2887 νοήσωμεν
1559 2810 1803 2889 γέννησιν
1832 2814 1936 2886 ἒμ-

2028 2815 2270 2887 propter
2299 2807 2642 2868 auditorum
2680 2806 3107 2887 inﬁrmitatem,
3144 2825 3218 2869 ne
3248 2807 3449 2868 audito
3484 2806 3679 2868 statim

292 2906 439 2969 παθῆ
500 2904 587 2958 καὶ
642 2902 977 2982 σωματικὴν,
1036 2902 1217 2958 τούτου
1282 2900 1457 2957 ἕνεκεν
1532 2901 1702 2978 Λόγον
1791 2902 1936 2957 αὖτὸι

2023 2894 2097 2956 ab
2122 2896 2289 2957 initio
2308 2896 2449 2955 506
2473 2896 2601 2957 Filii
2621 2896 3291 2976 nomine,cogitaremus
3322 2895 3681 2958 nativitatem

293 2991 562 3049 ἐκάλεσεν⁵
624 2992 716 3047 ’ἕνα
787 2993 847 3047 σὺ
904 2992 1076 3068 μάθῃς
1129 2993 1209 3047 ὅτι
1241 2990 1421 3070 ὥσπερ
1451 2993 1477 3046 6
1510 2988 1668 3068 λόγος
1700 2996 1936 3068 γεννᾶται

2022 2985 2417 3066 corporalem,
2448 2993 2505 3047 et
2560 2985 2633 3047 ab
2693 2985 3114 3047 affectionibus
3171 2985 3677 3065 proﬁciscentem.

293 3083 355 3138 ἐκ
412 3090 503 3138 τοῦ
576 3082 695 3144 νοὸς
754 3080 994 3153 ἀπαθῶς,
1046 3079 1185 3136 οὕτω
1252 3081 1341 3137 καί
1400 3080 1550 3144 οὗτος
1600 3078 1857 3157 ἐγεννήθη
1889 3079 1936 3135 ἐν

2022 3076 2096 3138 Ει
2120 3075 2248 3156 ejus
2275 3074 2460 3154 gratia
2490 3076 2679 3155 ipsum
2721 3076 2941 3136 vocavit
2973 3073 3256 3149 Verbum,
3311 3094 3427 3154 quo
3459 3074 3681 3154 discas,

294 3178 386 3228 τοῦ
436 3172 637 3250 [ἰατρὸς
709 3170 947 3235 ἀπειθῶς·
1008 3171 1095 3225 καὶ
1127 3166 1300 3232 ἄλλως
1331 3167 1383 3224 δὲ
1416 3169 1571 3227 αὐτὸν
1617 3168 1784 3246 Λόγον
1814 3168 1936 3229 ἐκά-

2032 3164 2190 3247 quod
2222 3166 2373 3227 sicut
2395 3164 2639 3240 verbum
2670 3163 2931 3243 gignitur
2961 3182 3031 3225 ex
3069 3171 3268 3225 mente
3312 3164 3441 3225 sine
3464 3162 3686 3243 passio—

293 3260 469 3340 λεσεν,
504 3259 687 3327 ἐπειδὴ
713 3261 777 3316 τὰ
806 3262 900 3315 τοῦ
945 3261 1147 3335 [ἰατρὸς
1190 3261 1327 3333 ἡμῖν
1357 3256 1709 3336 ἀπήγγειλεν,
1769 3257 1936 3337 ὥσπερ

2032 3256 2219 3329 ne,ita
2248 3263 2307 3316 et
2336 3254 2429 3315 hic
2452 3274 2485 3315 a
2520 3258 2688 3314 Patre
2720 3262 2893 3314 natus
2923 3262 3011 3314 est
3038 3253 3265 3333 absque
3290 3254 3408 3313 ulla
3424 3251 3685 3315 atfectio-

291 3354 379 3408 καὶ
436 3358 537 3415 πᾶς
598 3351 758 3428 λόγος
810 3352 872 3406 τὰ
930 3349 1021 3406 τοῦ
1073 3351 1192 3411 νοὸς
1224 3346 1554 3425 ἀπαγγέλλει
1586 3346 1946 3428 βουλεύματα,

296 3444 411 3516 αμα
482 3441 536 3496 δὲ
594 3444 682 3497 καὶ
711 3440 800 3496 ἵνα
832 3438 969 3515 δείξῃ
1004 3440 1156 3497 αὑτὸν
1189 3436 1455 3494 συναϊδιον
1482 3444 1558 3513 τῷ
1592 3440 1753 3517 Πατρὶ
1798 3435 1944 3501 ὄντα,

293 3515 515 3605 μΩσπερ
570 3532 670 3609 γὰρ
728 3532 822 3586 οὒκ
869 3528 1010 3585 ἔστιν
1062 3530 1237 3584 εἰπεῖν
1296 3535 1415 3583 νοῦν
1455 3528 1579 3583 ὄντα
1608 3526 1737 3583 ποτέ
1777 3529 1947 3607 χωρὶς

292 3621 482 3699 λόγου,
527 3619 693 3685 οὕτως
725 3618 837 3677 οὒδὲ
878 3620 969 3674 τὸν
1002 3617 1206 3694 Πατέρα
1235 3618 1323 3673 καὶ
1354 3617 1445 3673 τὸν
1476 3618 1604 3673 Θεὸν
1636 3618 1803 3696 χωρὶς
1856 3624 1948 3672 τοῦ

299 3697 438 3768 Υἱοῦ.
503 3710 649 3765 Μετὰ
703 3716 794 3765 τοῦ
853 3706 1035 3787 ἄρθρου
1105 3704 1159 3762 δὲ
1219 3707 1399 3763 εἶπεν·
1466 3697 1523 3764 Ὀ
1591 3706 1782 3783 Λόγος.
1838 3706 1949 3762 Εἰσὶ

295 3801 399 3876 γέρ
456 3800 541 3853 καὶ
586 3796 738 3853 ἄλλοι
770 3794 954 3853 πολλοὶ
985 3795 1136 3875 λόγοι
1167 3802 1258 3851 τοῦ
1289 3802 1444 3873 Θεοῦ,
1477 3799 1594 3851 οἷον
1637 3792 1725 3873 δὴ,
1784 3796 1942 3873 φημὶ,

292 3891 347 3944 αἱ
410 3886 758 3967 προφητεῖαι,
819 3887 905 3943 καὶ
962 3886 1026 3941 τὰ
1082 3885 1490 3964 προστάγματα·
1550 3886 1677 3941 καθὸ
1728 3883 1941 3957 εἴρηται

293 3979 413 4057 περὶ
470 3985 574 4033 τῶν
630 3974 897 4055 ἀγγέλων,
970 3975 1050 4031 ὄτι
1140 3972 1343 4030 δυνατοὶ
1441 3976 1592 4053 ἰσχύϊ
1671 3984 1944 4037 ποιοῦντες

290 4072 385 4126 τὸν
444 4066 601 4144 λόγον
661 4067 839 4139 αὐτοῦ,
913 4064 1174 4143 τουτέστι,
1210 4065 1275 4119 τὰ
1332 4065 1715 4143 προστάγματι
1760 4063 1938 4120 αὖτοῦ⁶

288 4156 414 4215 ἀλλ’
447 4160 474 4214 6
504 4156 692 4235 κυρίως
727 4155 891 4232 Λόγος
950 4155 1098 4211 οὕσία
1141 4174 1218 4215 τις
1270 4151 1409 4209 ἐστὶν
1449 4152 1821 4217 ἐνυπόστκτος,

386 4448 413 4478 α
458 4426 553 4483 Καὶ
610 4426 637 4479 ὁ
704 4422 873 4500 Λόγος
928 4422 993 4488 ἦν
1039 4423 1168 4499 πρὸς
1199 4422 1287 4476 τὸν
1319 4430 1471 4478 Θεον.
1512 4440 1539 4479 ι
1577 4420 1680 4482 Καὶ
1734 4419 1947 4475 ἐνταῦθα

288 4515 615 4594 σαφέστερον
698 4510 921 4568 δείκνυσι
971 4508 1239 4565 συναίδιον
1300 4511 1390 4566 τὸν
1450 4511 1571 4565 Υἱὸν
1641 4515 1719 4582 τῷ
1762 4510 1943 4587 Πατρί.

1974 4556 2014 4606 D

2035 3344 2437 3405 ne.Velaliter
2465 3365 2478 3406 :
2516 3342 2710 3423 ipsum
2738 3342 3055 3423 appellavit
3083 3341 3371 3424 Verbum,
3402 3342 3540 3423 quia
3571 3361 3683 3402 no-

2034 3434 2122 3495 bis
2151 3451 2282 3514 quaa
2332 3441 2469 3494 sunt
2498 3432 2691 3494 Patris
2736 3431 3126 3513 annuntiavit,
3179 3431 3683 3512 quemadmodum

2035 3542 2213 3584 omne
2245 3523 2490 3583 verbum
2527 3521 2740 3582 mentis
2770 3521 3097 3583 voluntates
3150 3520 3480 3593 annuntiat,
3516 3523 3682 3580 insu-

2031 3632 2137 3692 per
2164 3620 2226 3673 ut
2257 3612 2529 3673 ostendat
2560 3620 2921 3675 comternum
2957 3629 3089 3672 esse
3122 3611 3277 3673 Patri
3313 3609 3547 3673 Filium.
3591 3607 3687 3670 Si-

2030 3701 2305 3763 cutenim
2332 3700 2449 3762 dici
2484 3701 2690 3780 nequit
2720 3714 2983 3760 mentem
3008 3698 3330 3779 aliquando
3381 3716 3514 3760 esse
3544 3697 3683 3759 abs-

2031 3810 2146 3871 que
2178 3790 2379 3871 verbo,
2415 3791 2492 3851 ita
2526 3808 2716 3870 neque
2752 3788 2982 3850 Patrem
3015 3798 3073 3850 et
3107 3792 3296 3852 Deum
3327 3788 3553 3868 absque
3580 3786 3683 3849 Fi-

2030 3880 2373 3942 lio.Dictum
2405 3888 2495 3943 est
2516 3891 2711 3941 autem
2744 3899 2879 3941 cum
2922 3880 3196 3959 articulo,
3229 3878 3374 3940 illud
3399 3876 3683 3941 Verbum.

2029 3974 2180 4033 Sunt
2211 3970 2369 4031 enim
2411 3970 2526 4031 alia
2558 3970 2742 4030 multa
2770 3968 2877 4030 Dei
2941 3968 3140 4042 verba,
3184 3979 3245 4029 ut
3279 3966 3603 4049 prophetiae
3632 3974 3692 4027 et

2032 4061 2341 4123 mandata:
2380 4057 2706 4121 secundum
2762 4058 2917 4139 quod
2953 4058 3173 4120 dictum
3209 4067 3298 4119 est
3327 4056 3403 4118 do
3435 4055 3685 4136 angelis,

2034 4160 2304 4229 potentes
2331 4150 2568 4222 virtute,
2603 4148 2893 4210 facientes
2925 4147 3170 4209 verbum
3232 4148 3383 4226 ejus,
3440 4147 3550 4209 hoc
3576 4156 3688 4225 est,

2035 4239 2307 4302 mandata
2342 4240 2492 4319 ejus.
2529 4237 2647 4300 Sed
2698 4238 2936 4318 proprie
2991 4238 3252 4298 Verbum
3310 4234 3693 4297 subsistentia

2032 4337 2123 4390 est
2146 4347 2460 4409 personam
2490 4326 2886 4389 constituens.

2116 4420 2293 4481 Vens.
2329 4418 2389 4480 2.
2431 4443 2456 4471 α
2493 4416 2561 4477 Ει
2586 4416 2731 4477 illud
2772 4414 3027 4477 Verbum
3068 4425 3197 4476 erat
3225 4415 3379 4495 apud
3404 4413 3617 4475 Deum.
3662 4438 3684 4469 ι.

2035 4507 2104 4569 Et
2136 4509 2248 4570 hoc
2279 4508 2411 4569 loco
2446 4504 2817 4566 manifestius
2870 4504 3088 4565 indicat
3139 4512 3498 4565 comternum
3534 4502 3689 4563 Patri

289 4589 423 4664 ’.ἱνα
475 4589 574 4681 γᾶρ
633 4603 711 4678 μὴ
770 4600 1012 4680 νομίσῃς,
1076 4598 1156 4655 ὅτι
1216 4602 1284 4666 ἦν
1338 4621 1468 4657 ποτε
1510 4601 1538 4655 6
1572 4599 1751 4678 Πατὴρ
1780 4599 1936 4678 χωρὶς

2032 4598 2269 4660 Filium.
2307 4598 2395 4659 Ne
2426 4594 2583 4657 enim
2622 4593 2931 4656 existimes
2960 4594 3118 4674 quod
3150 4596 3326 4656 Pater
3369 4591 3689 4672 aliquando

288 4706 389 4754 τοῦ
425 4695 567 4771 ι’ίοῦ,
599 4693 779 4769 φησὶν,
817 4689 898 4746 ὅτι
948 4712 977 4745 α
1015 4682 1071 4747 Ὀ
1118 4691 1289 4767 Λόγος
1328 4690 1392 4757 ἧν
1436 4690 1565 4768 πρὸς
1607 4690 1695 4744 τὸν
1727 4690 1879 4762 Θεὸν,
1915 4710 1936 4743 ι

2031 4687 2207 4750 fuerit
2226 4685 2451 4767 absque
2484 4684 2654 4760 Filio,
2684 4682 2849 4759 dicit,
2889 4710 2913 4738 α
2954 4682 3021 4744 Et
3070 4683 3216 4743 illud
3251 4682 3517 4771 Verbum
3567 4688 3691 4742 erat

288 4770 561 4843 τουτέστί
610 4782 745 4855 μετὰ
802 4782 954 4859 Θεοῦ,
986 4778 1040 4835 ἐν
1086 4791 1200 4842 τοῖς
1232 4778 1455 4843 κόλποις
1486 4791 1604 4841 τοῖς
1636 4789 1936 4855 πατρικοῖς

2030 4777 2185 4857 apud
2209 4775 2415 4845 Deum.
2457 4800 2476 4829 ι
2515 4774 2627 4836 hoc
2659 4786 2773 4852 est,
2806 4792 2941 4834 cum
2976 4771 3193 4846 Deo,in
3225 4770 3457 4833 sinibus
3484 4776 3689 4850 pater-

288 4874 365 4933 Τὸ
399 4874 521 4951 γὰρ,
557 4896 575 4926 ι
621 4872 779 4949 πρὸς,
819 4894 845 4925 ι)
884 4870 996 4925 ἀντὶ
1024 4870 1136 4943 τοῦ,
1184 4869 1342 4943 μετὰ,
1371 4866 1597 4947 ὀφείλεις
1629 4871 1840 4947 νοῆσαι,
1874 4867 1936 4931 ὡς

2032 4864 2424 4946 ιιὶε.αΑριιι1,ι
2456 4863 2612 4925 enim
2644 4862 2979 4941 intelligere
3002 4861 3185 4923 debes
3209 4879 3339 4943 pro,
3373 4860 3691 4921 cumzsicut

282 4965 376 5020 καὶ
456 4960 698 5040 ὶλλαχου
755 4973 951 5015 κεῖται’
1008 4984 1030 5012 ιι
1069 4956 1515 5038 Οὖχὶοίᾶδελφοὶ
1547 4963 1704 5014 αι)τοῦ
1754 4957 1840 5011 καὶ
1898 4959 1936 5012 α¹

2037 4967 2093 5018 et
2125 4956 2240 5017 alio
2264 4955 2392 5016 loco
2412 4953 2636 5016 dictum
2660 4952 3090 5032 est6’,«Nonne
3119 4952 3331 5013 fratres
3362 4952 3491 5029 ejus
3514 4958 3570 5010 et
3587 4966 3689 5008 so-

282 5049 517 5129 ἀδελφαὶ
573 5055 728 5106 αὒτοῦ
798 5050 927 5128 πρὸς
986 5050 1132 5123 ἡμᾶς
1194 5049 1323 5103 εἰσιν
1372 5064 1387 5121 ;
1456 5068 1479 5104 ι
1518 5046 1632 5104 ἀντὶ
1661 5053 1777 5120 τοῦ,
1833 5046 1936 5121 μεθ

2042 5065 2213 5107 rores
2236 5045 2365 5124 ejus
2386 5042 2541 5123 apud
2575 5061 2685 5103 nos
2717 5040 3039 5103 suntisboc
3074 5041 3501 5121 est,nobiscum
3526 5046 3682 5129 sunt,

282 5144 452 5213 ἡμῶν
504 5139 912 5218 ἆνκστρέυρονται
964 5160 980 5209 ;
1043 5138 1194 5196 Οὕτω
1250 5137 1513 5194 namss:
1583 5138 1667 5209 τὸ,
1737 5161 1759 5190 ιι
1821 5137 1936 5214 πρὸς

2042 5147 2100 5199 et
2132 5135 2436 5197 uobisaum
2470 5131 2924 5193 conversantur?
2958 5132 3054 5195 Sic
3097 5138 3154 5191 et
3203 5131 3316 5192 hoc
3345 5130 3501 5207 loco,
3532 5128 3687 5208 apud

284 5235 387 5287 τὸν
452 5236 603 5302 Θεὸν,
668 5253 689 5285 υ
756 5229 971 5305 νόησον,
1008 5228 1119 5284 αντὶ
1150 5233 1263 5301 τοῦ,
1299 5226 1435 5300 μετᾶ
1470 5234 1601 5282 Θεου
1631 5228 1721 5297 ἢν,
1758 5226 1849 5282 σὺν
1877 5232 1936 5297 τῆ

2042 5223 2677 5301 Deum,intellige,hoc
2709 5230 2963 5296 est,cum
2994 5223 3114 5283 Deo
3147 5228 3293 5293 erat,
3317 5238 3451 5282 cum
3481 5218 3693 5287 Deo.in

504 5321 556 5376 ἐν
606 5334 721 5383 τοῖς
773 5318 995 5384 κόλποις
1058 5320 1236 5380 αὒτοῦ.
1274 5318 1381 5377 Οὔκ
1412 5316 1689 5399 ἐνδέχεται
1735 5319 1835 5396 γὰρ
1866 5320 1936 5374 τὸε

2041 5314 2272 5377 sinibus
2303 5314 2453 5392 ejus.
2493 5308 2869 5391 Impossibile
2921 5309 3078 5371 enim
3114 5318 3204 5373 est
3234 5308 3419 5371 Deum
3471 5308 3696 5388 absque

958 5450 1023 5503 ⁸ο
1055 5451 1204 5516 Gen.
1238 5469 1281 5530 ι,
1318 5453 1368 5515 l.
1454 5450 1509 5502 61
1601 5453 1778 5512 Marc.
1814 5455 1897 5535 Vt,
1931 5452 1989 5516 3.

1390 5590 1472 5651 Ex
1502 5587 1821 5652 collatione
1851 5590 2027 5654 codd.
2067 5588 2280 5653 Venet.
2315 5587 2379 5651 S.
2413 5586 2618 5651 Marci.

386 5703 431 5779 :l
449 5701 508 5782 2)
539 5700 688 5767 Cod.
714 5702 796 5767 32
827 5700 994 5765 addit
1020 5720 1033 5765 :
1061 5704 1089 5760 8
1113 5698 1452 5775 ἀκηκόαμεν,

290 5330 441 5397 Θεῷ,

376 5452 699 5517 5913mm.
738 5454 873 5530 1,1.
