4184 6450
346 356 489 447 ιιιι

327 582 707 663 εὖτγγελιστὴς
778 591 854 659 τῷ
920 589 1026 660 Υἱῷ
1093 593 1184 643 τοῦ
1242 593 1393 647 Θεοῦ.
1472 587 1642 666 Λόγον
1670 588 1770 665 γὰρ
1825 587 1982 644 αὐτὸν

326 671 600 730 ἐκάλεσενο
673 675 833 749 ὑμεῖς
890 673 943 731 δὲ
999 676 1151 755 ἔργον
1228 678 1382 733 αὐτὸν
1415 679 1500 733 καὶ
1531 677 1739 753 ποίημα
1779 675 1981 752 ὄνομά-

325 770 469 832 ζετε.
501 763 673 841 Λόγος
716 764 881 843 ἐστὶν,
912 768 1007 823 οῦκ
1035 763 1213 846 ἔργον,
1267 764 1383 823 οὐδὲ
1425 768 1644 842 κτίσμα.
1695 773 1881 823 Διττοῦ
1928 762 1983 821 δὲ

312 852 482 929 ,ὄντος
539 854 631 909 τοῦ
680 851 842 930 λόγου
875 851 926 933 (ὁ
980 853 1079 929 μὲν
1107 856 1210 932 γὰρ
1255 855 1397 912 ἐστιν
1430 854 1746 929 ἐνδιάθετος,
1780 855 1838 911 ὅν
1895 856 1984 912 καὶ

330 941 409 1014 μὴ
468 939 712 1019 λέγοντες
745 940 969 1022 ἔχομεν,
1002 945 1141 1022 φημὶ
1168 942 1233 1012 δὴ
1260 945 1359 1013 τὴν
1387 952 1481 1002 τοῦ
1526 943 1698 1023 λέγειν
1741 941 1980 1019 δυναμινο

327 1032 420 1086 καὶ
475 1031 810 1106 κοιμώμενος
863 1033 962 1108 γὰρ
991 1054 1095 1097 τις,
1143 1035 1231 1090 καὶ
1287 1034 1364 1110 μὴ
1416 1032 1612 1113 λέγων,
1672 1032 1819 1109 ὅμως
1864 1032 1981 1113 ἔχει

1094 360 1534 426 ΕΝΑΒΒΑΤΙΟ
1576 360 1652 426 ΙΝ
1693 361 1961 427 ΕνΑΝθ.

2049 360 2198 424 .IUM
2243 363 2586 429 JOANNIS.
2634 399 2710 412 —
2740 365 2905 432 CAP.
2955 372 3002 434 Ι.

331 500 465 551 Θεοῦ
531 494 623 550 τὸν
686 494 804 551 Υίὸν
862 494 1046 569 αὐτοῦ,
1106 496 1286 553 σύνιτε
1315 509 1473 555 ποῖον
1505 495 1673 573 ὄνομα
1696 496 1961 554 τέθεικενι

2066 491 2370 593 facturam
2388 498 2609 561 vocatis
2641 518 2800 593 eum,
2839 503 2943 584 qui
2975 523 3171 587 neque
3198 524 3347 588 opus
3380 514 3493 590 est,
3527 527 3728 593 neque

3582 365 3732 440 1142

2062 579 2465 680 factura.Nam
2497 579 2874 680 cumduplei
2892 593 2967 655 sit
2989 579 3254 657 verbum-
3274 596 3453 678 (aliud
3478 579 3726 680 quidem

2067 674 2347 769 maritale,
2368 677 2523 758 quod
2557 678 2849 742 habemus
2879 684 3054 745 etiam
3084 685 3232 747 nihil
3254 674 3589 769 loquentes,
3627 689 3725 751 in-

2068 761 2262 851 tellige
2291 773 2485 826 autem
2512 774 2783 829 vtrtutem
2812 770 3094 851 loquendi
3130 795 3143 837 :
3178 775 3259 836 ita
3289 761 3446 837 enim
3486 785 3542 839 et
3575 761 3721 839 dor-

2068 850 2261 947 miens
2282 862 2337 915 et
2359 854 2510 947 nihil
2526 854 2775 937 loquens
2796 859 2972 924 habet
3001 862 3115 923 vim
3142 863 3424 945 loquendi
3443 867 3503 927 in
3523 866 3720 947 seipso

2066 939 2622 1022 sitam,etvirtutem
2655 946 3055 1028 non‘abjecit:
3083 960 3171 1013 est
3201 939 3378 1031 igitur
3429 954 3587 1017 aliud
3614 939 3722 1017 ’ἰη-

2068 1032 2491 1125 ternum,a|iud
2508 1050 2646 1094 vero
2661 1037 3090 1100 enuntiativum
3101 1045 3284 1122 ,quod
3300 1061 3409 1123 per
3431 1043 3587 1105 labia
3603 1063 3708 1125 pro

320 1120 417 1175 τὺν
488 1118 648 1198 λόγον
702 1119 756 1176 ἐν
809 1121 949 1194 αῦτῷ
1020 1122 1284 1203 κείμενον,
1334 1124 1422 1180 καὶ
1491 1124 1589 1191 τὴν
1626 1120 1842 1198 δύναμιν
1887 1126 1961 1180 οὐκ

2062 1117 2339 1212 ferimus,
2348 1122 2460 1184 hoc
2480 1130 2569 1183 est
2587 1123 2674 1185 vis
2697 1117 3178 1206 eloquendi,cum
3199 1130 3257 1191 id
3280 1117 3435 1212 quod
3455 1117 3617 1195 intus
3636 1134 3717 1195 si-

320 1208 614 1267 ἀπέϐαλεν
689 1214 717 1268 0
777 1211 876 1287 μὲν
941 1214 1031 1269 οὖν
1084 1215 1225 1269 ἐστιν
1275 1211 1595 1287 ἐνδιάθετος,
1628 1216 1657 1271 0
1686 1212 1740 1269 δὲ
1771 1236 1961 1293 προφο-

2064 1214 2196 1300 tum
2213 1216 2303 1270 est
2324 1209 2384 1300 in
2409 1219 2627 1300 mente,
2652 1213 2711 1273 in
2736 1232 2884 1292 opus
2906 1208 3343 1299 producimus),
3373 1239 3506 1281 cum
3538 1221 3719 1300 igitur

310 1303 486 1378 ρικὸς,
535 1300 592 1357 ὅν
648 1303 736 1358 καὶ
787 1300 873 1356 διὰ
941 1309 1047 1358 τῶν
1091 1301 1324 1383 χειλέων
1367 1302 1701 1383 προφέρομεν
1736 1305 1836 1370 τὴν
1887 1311 1961 1360 τοι

2060 1295 2275 1389 duplex
2308 1298 2383 1389 sit
2412 1295 2966 1382 verbum,neutrum
2992 1307 3207 1369 horum
3232 1295 3501 1389 congruit
3532 1295 3590 1372 in
3612 1312 3714 1374 Fi-

309 1388 492 1467 λέγειν
562 1388 779 1454 δύναμιν
849 1394 940 1447 τοῦ
1008 1390 1323 1471 ἐνδιαθέτου,
1393 1395 1482 1448 καὶ
1510 1391 1655 1456 ἐντὸς
1704 1392 1970 1468 κειμένου.

309 1481 389 1542 εἷς
443 1478 708 1559 ἐνέργειαν
778 1481 1152 1560 προάγοντες)’
1226 1481 1402 1539 διττοῦ
1458 1482 1626 1539 τοίνυν
1669 1481 1819 1546 ὄντος
1879 1491 1971 1541 τοῦ

308 1568 499 1648 λόγου,
559 1568 827 1649 οὐδέτερος
886 1571 1089 1627 τούτων
1148 1572 1360 1650 ἁρμόζει
1422 1570 1507 1629 ἐπὶ
1549 1578 1644 1629 τοῦ
1698 1573 1819 1629 Τὶοῦ
1880 1578 1970 1628 τοῦ

314 1666 471 1715 Θεο)⁶
530 1660 659 1717 Οὔτε
718 1661 817 1739 γὰρ
885 1662 1231 1740 προφορικὸς,
1292 1659 1409 1718 οὔτε
1451 1659 1740 1725 ἐνδιάθετός
1768 1662 1910 1717 ἐστιν
1942 1664 1975 1737 0

311 1746 486 1826 Λόγος
544 1755 635 1805 τοῦ
702 1750 851 1806 Θεοῦ.
920 1742 1152 1807 Ἐκεῖνοι
1210 1751 1309 1826 μὲν
1338 1750 1439 1829 γὰρ
1481 1753 1589 1807 τῶν
1618 1753 1852 1830 φυσικῶν
1881 1751 1968 1806 καὶ

314 1834 433 1892 καθ’
491 1836 657 1913 ἡμᾶς’
722 1840 749 1894 0
819 1837 876 1895 δὲ
947 1846 1040 1896 τοῦ
1068 1841 1272 1919 Πατρὸς
1321 1840 1483 1918 Λόγος
1513 1840 1644 1918 ὑπὲρ
1688 1840 1840 1919 φύσιν
1867 1838 1965 1919 ὤν,

2060 1385 2202 1446 lium
2231 1387 2357 1450 Dei.
2376 1392 2587 1469 Neque
2602 1392 2760 1452 enim
2782 1393 2870 1454 vel
2892 1396 3322 1459 enuntiativum
3346 1385 3435 1460 vel
3458 1402 3716 1463 mentale

2055 1475 2318 1538 Verbum
2339 1486 2427 1539 est
2453 1478 2635 1541 Filius
2666 1480 2797 1543 Dei.
2836 1483 3030 1545 Verba
3078 1487 3235 1547 enim
3272 1487 3374 1549 illa
3426 1492 3716 1553 naturalia

2053 1571 2282 1635 sunt.et
2302 1568 2495 1647 qualia
2511 1569 2665 1648 apud
2692 1570 3091 1661 nos.Verbum
3113 1584 3309 1637 autem
3332 1578 3520 1640 Patris
3538 1598 3717 1661 super

2055 1663 2321 1749 naturam
2348 1664 2459 1727 est,
2496 1676 2607 1720 nec
2639 1658 2977 1749 subjectum
3003 1663 3275 1725 artiﬁciis
3298 1663 3419 1727 illis
3453 1658 3711 1749 loquen-

2052 1741 2111 1803 di
2142 1743 2554 1836 inferioribus.
2585 1747 2778 1828 Atque
2801 1748 2879 1809 ita
2912 1751 3069 1813 cadit
3104 1754 3412 1834 Porphyrii
3466 1741 3714 1836 gentilis

2051 1833 2357 1923 sophisma
2369 1879 2382 1893 .
2394 1832 2495 1895 [lle
2511 1836 2670 1896 enim
2687 1844 2924 1900 tentans
2941 1832 3286 1903 subvertere
3300 1832 3708 1923 Evanéelium,

308 1929 415 2007 οὐχ
486 1925 840 1986 ὑποϐάλλεται
901 1942 1020 1995 τοῖς
1061 1930 1209 1986 κάτω
1237 1928 1728 2010 τεχνολογήμασιν.
1790 1920 1961 1988 ’Ὥστε

2054 1920 2271 2014 talibus
2302 1924 2579 2014 utebatur
2607 1924 3085 1996 divisionibus.Si
3109 1912 3712 2014 enim,inquit,Filius

306 2014 648 2073 διαπέπτωκε
698 2025 792 2073 τοῦ
854 2008 1132 2086 ΗΕλληνος
1210 2008 1499 2100 Πορφυρίου
1556 2019 1617 2073 τὸ
1707 2018 1964 2098 σόφισμα,

307 2106 554 2169 Ἐκεῖνος
613 2107 713 2186 γὰρ
771 2106 1080 2187 ἀνατρέπειν
1125 2108 1453 2184 πειρώμενος
1510 2109 1570 2163 τὸ
1617 2106 1962 2187 Εὖαγγέλιον,

305 2197 577 2262 τοιαύταις
648 2196 851 2277 ἐχρῆτο
935 2195 1267 2278 διαιρέσεσιν.
1307 2200 1364 2255 Εἰ
1410 2198 1509 2277 γᾲρ
1553 2200 1744 2275 Λόγος,
1778 2199 1961 2277 φησὶν,

305 2287 333 2340 ὁ
389 2286 509 2348 Υἱὸς
567 2291 660 2342 τοῦ
704 2285 856 2360 Θεοῦ,
890 2285 1011 2354 ἢτοι
1042 2285 1361 2366 προφορικός
1392 2287 1535 2343 ἐστιν
1561 2285 1596 2351 ἣ
1642 2283 1958 2351 ἐνδιάθετος·

308 2372 448 2429 ἄλλα
476 2375 581 2448 μὴν
627 2374 744 2431 οὕτε
774 2383 951 2450 τοῦτο,
1000 2377 1116 2432 οὔτε
1146 2378 1348 2433 ἐκεῖνο⁹
1384 2376 1478 2431 οὒκ
1510 2374 1606 2451 άρα
1636 2372 1750 2431 οὐδὲ
1790 2375 1961 2452 Λόγος

306 2464 472 2522 ἐστίν.
528 2462 771 2546 ’Ὲφθασε
840 2466 938 2540 μὲν
995 2468 1084 2523 οὗν
1113 2465 1274 2531 λύσας
1305 2469 1333 2523 0
1365 2463 1744 2543 εὒαγγελιστὴς
1775 2466 1837 2521 τὸ
1862 2465 1961 2522 σό-

305 2576 477 2636 φισμα
547 2561 702 2611 τοῦτο
760 2552 844 2610 διὰ
899 2562 992 2612 τοῦ
1050 2557 1243 2636 εἰπεῖν,
1307 2554 1387 2611 ὅτι
1446 2556 1505 2611 τὸ
1534 2553 1825 2610 ἐνδιάθετον
1872 2559 1960 2613 καὶ

302 2646 364 2701 τὸ
425 2645 746 2723 προφορικὸν
791 2643 877 2700 ἐπὶ
936 2651 1042 2701 τῶν
1106 2643 1220 2701 καθ’
1277 2646 1421 2716 ἡμᾶς
1453 2644 1538 2699 καὶ
1591 2647 1695 2698 τῶν
1725 2650 1956 2723 φυσικῶν

300 2732 541 2812 λέγεταιο
601 2733 686 2790 ἐπὶ
733 2730 787 2789 δὲ
857 2740 950 2791 τεῦ
1012 2735 1141 2813 ὑπὲρ
1237 2735 1410 2814 φύσιν,
1492 2730 1638 2791 οὐδὲν
1691 2739 1953 2797 τοιοῦτον.

305 2823 448 2891 [Ιλὴν
514 2825 601 2880 καὶ
654 2829 808 2880 τοῦτο
863 2821 1074 2901 ῥητέον⁸
1107 2826 1180 2888 ὡς
1212 2825 1255 2879 εἰ
1287 2823 1383 2898 μὲν
1414 2822 1480 2890 ἦν
1510 2823 1569 2879 τὸ
1600 2824 1769 2896 ὄνομα
1800 2831 1954 2881 τοῦτο

301 2915 364 2969 τὸ
423 2912 592 2989 Λόγος
656 2910 796 2977 ἂξιον
854 2920 944 2970 τοῦ
1002 2921 1156 2994 Θεοῦ,
1213 2914 1301 2970 καὶ
1393 2911 1582 2991 κυρίως
1641 2909 1726 2967 ἐπ’
1794 2916 1952 2972 αὐτοῦ

302 3005 391 3059 καὶ
443 3000 706 3083 οςισιωδῶς
778 3001 1090 3083 λέγόμενον,
1134 3003 1294 3083 εἶχεν
1353 3002 1415 3059 ἄν
1471 3001 1630 3080 λόγον
1663 3004 1696 3069 ἡ
1758 3003 1951 3080 ἀπορία

302 3093 393 3149 τοῖν
451 3074 751 3159 ’Ἕλληνος
818 3100 905 3150 νῦν
976 3092 1030 3149 δὲ
1088 3091 1207 3151 οῦτε
1241 3090 1373 3148 ἄλλο
1402 3090 1569 3168 ὄνομα
1613 3091 1751 3169 εὕροι
1779 3090 1838 3147 ἄν
1869 3114 1949 3156 τις

302 3182 478 3257 κύριον
521 3181 606 3238 ἐπὶ
661 3183 812 3256 Θεοῦ,
875 3180 990 3238 οὔτε
1021 3184 1104 3261 τὸ,
1139 3182 1329 3261 Λόγος,
1364 3180 1490 3237 αύτὸ
1519 3178 1785 3244 οὖσιωδῶς
1829 3179 1944 3236 ἐστι

301 3272 387 3327 καὶ
457 3272 667 3349 κυρίως,
727 3268 1022 3338 δηλωτικὸν
1080 3271 1135 3327 δὲ
1206 3272 1364 3347 μύνον
1425 3271 1537 3327 ἐστὶ
1580 3276 1673 3326 τοῦ
1731 3269 1946 3334 ἀπαθῶς

299 3362 617 3438 γεννηθῆναι
671 3363 762 3417 τὸν
847 3363 966 3417 Υἱὸν
1026 3362 1088 3418 ἐκ
1143 3369 1235 3419 τοῦ
1266 3360 1493 3441 Πατρὸς,
1528 3359 1757 3439 ὥσπερὸ
1787 3358 1945 3435 λόγος

2051 2010 2159 2101 Dei
2190 2008 2454 2073 Verbum
2486 2022 2594 2088 est,
2626 2015 2716 2077 vel
2750 2023 2839 2078 est
2864 2008 3705 2101 pronuntiativum,_vel'men-

2052 2098 2207 2193 tale:
2228 2117 2432 2162 verum
2468 2120 2664 2193 neque
2688 2103 2799 2165 hoc
2818 2115 2930 2187 est,
2953 2125 3147 2189 neque
3167 2098 3484 2190 illudzergo
3513 2130 3708 2193 neque

2055 2185 2311 2248 Verbum
2346 2197 2457 2251 est.
2491 2190 2631 2252 508
2661 2185 2928 2256 Solutum
2964 2185 3163 2277 itaque
3194 2198 3357 2279 prius
3388 2185 3704 2281 estsophi-

2047 2297 2177 2341 sma
2194 2280 2477 2363 hoc,quia
2498 2283 2752 2345 dicimus
2771 2286 2930 2366 quod
2953 2288 3212 2352 mentale
3225 2297 3282 2350 et
3306 2280 3708 2369 pronuntiati-

2045 2388 2178 2429 vum
2201 2371 2445 2432 verbum
2467 2371 2644 2435 estde
2666 2373 2757 2433 his
2783 2392 2913 2455 quae
2932 2379 3089 2454 apud
3108 2395 3217 2439 nos
3234 2377 3309 2439 de
3335 2380 3707 2443 naturalibus

2046 2457 2428 2522 dicunturzde
2458 2478 2527 2522 eo
2554 2469 2749 2522 autem
2774 2462 2936 2541 quod
2969 2482 3146 2545 supra
3162 2476 3428 2528 naturam
3456 2477 3572 2544 est,
3604 2472 3701 2531 ni-

2045 2547 2127 2610 hil
2161 2550 2735 2614 tale.Verumtamen
2757 2560 2815 2614 et
2845 2553 2958 2616 hoc
2979 2554 3335 2619 dicendum:
3364 2560 3420 2618 Si
3453 2549 3703 2639 quidem

2043 2655 2263 2727 nomen
2295 2638 2474 2700 Verbi
2509 2640 2751 2718 dignum
2777 2650 2935 2727 esset
2964 2641 3111 2717 Deo,
3142 2653 3200 2706 et
3231 2646 3471 2726 proprie
3494 2648 3570 2709 de
3594 2647 3698 2709 illo

2039 2744 2108 2788 ac
2138 2726 2607 2791 substantialiter
2651 2726 3236 2812 diceretur,haberet
3263 2735 3469 2816 utique
3503 2736 3698 2799 locum
3790 2767 3795 2770 ’

2038 2816 2276 2895 gentilis
2306 2816 2619 2894 dubitatio;
2653 2828 2710 2880 at
2742 2839 2937 2901 neque
2981 2822 3166 2884 ullum
3198 2824 3357 2886 aliud
3393 2826 3700 2906 proprium

2040 2924 2259 2967 nomen
2292 2907 2422 2995 quis
2453 2907 2754 2969 invenerit
2785 2909 3029 2989 dignum
3060 2915 3407 2995 Damnaque
3430 2913 3697 2977 Verbum

2031 2994 2225 3075 ipsum
2260 2994 2730 3057 substantialiter
2760 3008 2817 3059 et
2853 3000 3093 3079 proprie
3122 3010 3210 3062 est
3232 2994 3451 3065 nomen
3476 3003 3700 3083 Unige-

2032 3083 2274 3158 niti,sed
2297 3090 2521 3145 tantum
2555 3086 2894 3149 manifestat
2915 3090 3137 3171 absque
3154 3092 3466 3153 affectione
3487 3101 3690 3154 natum

2032 3174 2106 3236 de
2125 3173 3056 3256 PatreFilium,quer’nadmodum
3092 3179 3338 3241 verbum
3364 3180 3437 3242 de
3463 3192 3685 3263 mente,

2033 3271 2089 3324 et
2131 3263 2288 3343 quod
2331 3263 2509 3325 Filius
2559 3264 2635 3325 sit
2667 3275 2927 3346 paternae
2959 3268 3274 3330 voluntatis
3307 3270 3572 3333 nuntius.
3612 3273 3698 3334 Et

2030 3352 2305 3433 proinde,
2330 3370 2364 3413 0
2397 3354 2747 3434 miser,quid
2779 3354 3018 3419 vellicas
3048 3366 3395 3437 nomen,aut
3422 3359 3693 3439 profecto

294 3451 354 3505 ἐκ
405 3459 497 3508 τοῦ
554 3462 668 3528 νοῦ,
726 3451 814 3508 καὶ
870 3452 962 3508 τοῦ
993 3453 1179 3530 οὗτὸν
1238 3451 1513 3530 γεγονέναι
1548 3456 1639 3506 τοῦ
1688 3458 1946 3525 πατρικοῦ

2049 3460 2161 3502 :um
2191 3440 2681 3513 diciturPater,et
2706 3443 2979 3521 Filius,et
3010 3446 3368 3525 Spiritus,ad
3399 3448 3679 3509 materia-

291 3540 592 3611 θελήματος
656 3524 911 3620 άγγελον.
970 3524 1143 3599 ιἰὲστε
1175 3543 1224 3598 τί
1249 3524 1530 3620 ἐπιδράττῃ
1586 3546 1678 3596 τοῦ
1736 3524 1939 3614 ὀνόμα-

2050 3531 2103 3593 ia
2132 3532 2373 3604 laberis,
2406 3540 2464 3594 et
2495 3534 2762 3595 carnales
2799 3544 2998 3596 mente
3030 3524 3203 3614 lingis
3236 3545 3521 3618 patres,et
3543 3557 3685 3618 sep-

288 3651 406 3701 τος,
464 3632 509 3686 ὦ
564 3629 865 3710 ταλαίπωρε
897 3651 914 3712 ς
960 3630 976 3656 ³
1001 3639 1046 3690 Η
1077 3655 1178 3690 που
1207 3632 1295 3688 καὶ
1324 3630 1530 3709 Πατέρα
1587 3629 1811 3703 ἀγούων,
1846 3632 1935 3686 καὶ

2049 3641 2141 3682 em
2166 3622 2338 3701 filios,
2365 3629 2424 3682 et
2452 3622 2726 3702 spiritum
2758 3626 3684 3709 aerium,meridionalemj‘orte,

294 3718 437 3796 Υἱόν,
500 3721 586 3775 καὶ
646 3726 859 3795 Πνεῦμα
915 3722 1000 3778 ἐπὶ
1040 3723 1109 3778 τὰ
1136 3721 1290 3779 ὑλικὰ
1330 3724 1632 3797 καταπεσῇ,
1664 3719 1751 3774 καὶ
1800 3740 1929 3796 σαρ-

2049 3713 2103 3774 el
2123 3710 2649 3792 septentrionalem
2697 3715 2781 3776 vel
2828 3715 3009 3776 alium
3032 3715 3385 3778 excitantem
3420 3718 3688 3798 tempes-F

290 3809 468 3872 κικοὺς
538 3808 895 3876 ἀνα-τυπώσεις
976 3818 1053 3886 τῷ
1108 3819 1182 3887 νῷ
1211 3809 1458 3888 πατέρας,
1508 3810 1595 3864 καὶ
1636 3807 1800 3887 υἱοὺς,
1844 3809 1931 3863 καὶ

2049 3803 2246 3866 atem?
2304 3805 2600 3867 Caaterum
2661 3805 2708 3865 si
2754 3805 2909 3867 scire
2958 3804 3042 3865 vis
3094 3806 3268 3885 quale
3328 3806 3403 3867 sit
3433 3805 3694 3869 Verbum

289 3903 495 3973 πνεῦμα
550 3898 748 3978 ἀέριον,
805 3900 977 3956 νότιον
1038 3903 1201 3982 τυχὸν
1258 3901 1294 3969 ἢ
1350 3901 1580 3978 βόρειον,
1628 3899 1661 3965 ἢ
1713 3918 1764 3951 τι
1799 3894 1932 3954 ἂλλο

2049 3894 2146 3974 )ei,
2179 3893 2313 3955 audi
2344 3894 2574 3975 reliqua
2606 3914 2737 3976 qua;
2762 3902 3118 3976 sequuntur.

282 3992 391 4043 τῶν
422 3988 793 4068 ἐργαζομένων
823 3992 943 4054 τοὺς
995 3990 1314 4060 κλὺδωναςξ
1375 3987 1544 4046 Ἀλλὰ
1602 3988 1700 4065 γὰρ
1756 3988 1800 4042 εἰ
1858 3983 2023 4063 ϐούλῃ
2082 3989 2273 4061 μαθεῖν
2332 3998 2491 4049 ποῖος
2538 3987 2708 4065 Λόγος
2762 3988 2899 4043 ἐστὶν
2938 3988 2965 4041 0
2993 3990 3085 4043 τοῦ
3135 3994 3291 4059 Θεοῦ,
3324 3986 3549 4046 ἄκουσον
3580 3997 3685 4045 τῶν

283 4076 473 4156 ἐφεξῆς
491 4122 506 4137 ο

372 4192 395 4224 α
446 4172 624 4226 Πάντα
680 4168 745 4226 δι’
818 4174 975 4229 αὐτοῦ
1021 4171 1227 4250 ἐγένετο
1291 4196 1317 4227 n
1374 4173 1463 4238 Μὴ
1495 4169 1737 4247 νομίσῃς,
1788 4169 1938 4247 φησὶ,

2116 4167 2297 4228 VERS.
2324 4164 2381 4229 3.
2417 4187 2445 4224 ‹
2476 4165 2691 4227 Omnia
2730 4185 2836 4247 per
2862 4168 3054 4248 ipsum
3086 4167 3237 4230 facta
3266 4175 3424 4231 sunt.
3452 4167 3538 4230 Ne
3565 4171 3687 4232 exi-

285 4256 446 4336 λογον
473 4261 546 4325 είς
572 4260 699 4340 ἀέρα
756 4263 1020 4342 χεόμενον
1050 4265 1137 4319 καὶ
1166 4261 1447 4338 λυόμενον,
1505 4258 1643 4315 ἀλλὰ
1704 4258 1938 4324 ποιητὴν

2049 4257 2259 4336 times,
2285 4254 2497 4336 inquit,
2523 4256 2767 4318 verbum
2792 4257 2947 4339 quod
2979 4258 3040 4319 in
3066 4276 3207 4319 aera
3237 4256 3591 4321 diﬂ'unditur
3618 4268 3684 4323 et

287 4348 497 4425 πάντων
561 4356 766 4417 νοητῶν
837 4355 924 4408 καὶ
1000 4354 1262 4420 αἰσθητῶν
1293 4349 1461 4408 Ἀλλὰ
1502 4348 1662 4405 πάλιν
1715 4350 1762 4403 οἱ
1819 4348 1939 4425 περὶ

2049 4331 2385 4424 Ιίεεοινίιυιν,
2419 4345 2524 4406 sed
2566 4331 2849 4409 factorem
2875 4347 3143 4408 omnium
3178 4355 3293 4408 tam
3328 4349 3677 4410 mentalium

283 4438 374 4493 τὸν
418 4421 638 4503 ἰΛρειον
692 4440 1026 4521 ἐπιφύονται,
1085 4441 1329 4520 λέγοντες
1360 4441 1441 4498 ὃτι
1473 4440 1650 4516 ὥσπερ
1708 4437 1941 4514 λέγομεν

2049 4454 2193 4514 tuam
2226 4421 2624 4495 sensibilium.
2654 4435 2763 4497 Hic
2793 4436 3003 4497 iterum
3031 4436 3234 4497 Ariani
3263 4436 3688 4513 insurguntet

282 4525 366 4582 διὰ
424 4536 513 4584 τοῦ
572 4530 784 4608 πρίονος
842 4532 1079 4611 γενέσθαι
1142 4534 1240 4601 τὴν
1296 4532 1453 4611 θύραν
1484 4532 1557 4593 ὼς
1586 4527 1653 4585 δι’
1684 4527 1927 4605 ὀργάνου,

2016 4524 2221 4587 dicunt
2249 4523 2404 4604 quod
2426 4524 2576 4585 sicut
2606 4524 2857 4586 dicimus
2888 4526 3084 4588 securi
3116 4525 3393 4587 fabricari
3425 4527 3682 4604 januam

280 4615 459 4697 ἕτερον
517 4619 696 4692 μέντοι
754 4622 848 4678 τὸν
875 4624 1130 4703 τεχνίτην
1161 4625 1252 4679 τὸν
1296 4629 1540 4678 κινοῦντα
1580 4620 1641 4675 τὸ
1682 4616 1961 4695 δ’ργανονοί

2055 4614 2183 4675 uasi
2210 4614 2672 4688 insrumento,et
2701 4615 2883 4675 alium
2915 4633 3048 4677 esse
3076 4614 3304 4676 fabrum
3336 4616 3434 4696 qui
3487 4626 3689 4679 movet

278 4705 415 4764 οὕτω
470 4712 559 4765 καὶ
617 4707 701 4765 διὰ
757 4718 850 4767 τοῦ
910 4716 1031 4769 Υίοῦ
1090 4713 1353 4789 γενέσθαι,
1387 4712 1451 4767 τὰ
1479 4710 1676 4788 πάντα,
1727 4708 1934 4789 θ’δχῲς

2049 4724 2129 4766 ιοο
2166 4721 2475 4780 organum,
2534 4705 2613 4763 ita
2655 4712 2713 4765 et
2764 4723 2871 4785 per
2898 4705 3114 4767 Filium
3148 4706 3273 4767 ﬁeri
3302 4704 3528 4780 omnia,
3562 4726 3681 4768 non

283 4801 440 4855 αὺτοῦ
508 4807 736 4867 ποιητοῦ
819 4799 995 4882 ὅντος,
1058 4800 1177 4859 ἀλλ’
1240 4802 1484 4882 ὀργάνου,
1531 4799 1710 4876 ὥσπερ
1762 4796 1877 4851 ἐκεῖ
1907 4796 1934 4850 0

2049 4793 2171 4874 Quod
2208 4793 2335 4872 ipse
2358 4792 2434 4852 sit
2463 4791 2675 4862 factor,
2709 4780 2816 4855 sed
2862 4795 3352 4869 instrumentum,
3381 4794 3535 4856 sicut
3560 4794 3687 4857 illic

279 4888 470 4964 πρίων,
537 4899 629 4948 τοῦ
690 4890 867 4966 μέντοι
928 4898 1060 4949 Θεοῦ
1118 4893 1207 4949 καὶ
1264 4892 1740 4971 ΠατρὸςΛποιητοῦ
1783 4885 1934 4946 ὄντος

2049 4883 2269 4962 ecuris,
2294 4891 2352 4943 et
2383 4881 2532 4944 Filio
2563 4891 2623 4943 ut
2654 4883 3049 4944 instrumento
3082 4891 3452 4957 utatur,cum
3481 4892 3679 4946 tamen

274 4942 362 5030 καὶ
418 4942 714 5057 χ’ρωμένού
747 4982 824 5054 τῷ
897 4985 1001 5057 Υἱῷ
1031 4984 1103 5046 ὡς
1162 4942 1402 5061 όργάνῳῖ
1466 4962 1643 5035 υΩστε
1702 4975 1931 5051 ποίημα,

2049 4942 2179 5033 ira
2211 4942 2269 5033 ei
2301 4942 2475 5033 Pater
2503 4942 2698 5035 faciat.
2728 4942 2935 5034 mg
2959 4942 3207 5047 ranam;
3239 4942 3681 5047 aurigam-

1511 5071 1521 5091 1
1593 5076 1620 5086 -ι
1685 5066 1706 5091 ’δ
1732 5067 1746 5088 9
1782 5064 1930 5091 μ,’.--ῗτ

273 5068 453 5144 φασὶν,
513 5069 541 5123 0
600 5070 733 5143 ι’ἱὸς,
796 5070 881 5127 ἐπὶ
952 5073 1124 5144 τούτῳ
1155 5073 1405 5145 κτισθεὶς,
1437 5068 1521 5127 ἐπί
1553 5076 1631 5143 τῷ
1680 5068 1727 5123 δι

1778 5064 1937 5121 αὒτοῦ
2020 5062 2153 5133 lius,
2191 5061 2262 5122 ad
2299 5060 2409 5122 hoc
2444 5060 2593 5123 facta
2620 5070 2679 5123 ut
2704 5081 2808 5141 per
2836 5063 3033 5143 ipsum
3068 5062 3211 5123 [iant
3258 5063 3487 5137 omnia,
3522 5062 3684 5124 sicut

274 5155 515 5229 γενέσθαι
585 5159 651 5213 τὰ
706 5161 897 5240 πάντα’
960 5160 1139 5240 ὥσπερ
1170 5164 1197 5217 0
1256 5160 1422 5239 πρίων
1450 5159 1535 5216 ἐπὶ
1562 5159 1733 5230 τούτῳ
1777 5156 1922 5234 γίνε-

2050 5162 2069 5214 t
2114 5152 2342 5215 securis
2379 5151 2454 5212 ad
2486 5153 2598 5213 hoc
2624 5155 2688 5214 ﬁt
2718 5162 2779 5214 ut
2810 5172 2916 5235 per
2945 5173 3075 5215 eam
3110 5155 3309 5215 omnia
3332 5154 3675 5217 artiﬁcialia

275 5265 381 5323 ται,
458 5246 543 5303 ἐπὶ
614 5256 689 5323 τῲ
741 5247 809 5305 δι’
884 5254 1043 5309 αὒτοῦ
1103 5252 1447 5330 ἐνεργηθῖῃαι
1514 5250 1579 5305 τὰ
1650 5246 1927 5304 τεκτονικὰ

2050 5243 2419 5305 laborentur.
2442 5240 2511 5302 Et
2543 5242 2669 5304 haec
2704 5229 2841 5337 sunt
2869 5245 3121 5324 maligna
3150 5242 3275 5305 Arii
3300 5252 3680 5320 nugamenta.

269 5332 419 5413 ἔργα.
485 5346 660 5396 Ταῦτα
731 5340 835 5414 μὲν
881 5343 915 5409 ἡ
989 5343 1197 5421 πονηρὰ
1280 5350 1372 5400 τοῦ
1459 5340 1663 5418 Ἀρείου
1712 5338 1925 5417 φατρία.

2049 5334 2130 5395 los
2159 5343 2357 5396 autem
2393 5335 2534 5414 quid
2559 5333 2675 5395 illis
2708 5332 2978 5396 dicemus
3002 5334 3360 5415 simpliciter
3389 5352 3458 5397 ac
3489 5342 3686 5398 recte?

273 5416 464 5501 Ἠμεϊς
525 5428 581 5486 δέ
632 5452 683 5486 τι
714 5433 846 5510 πρὸς
890 5433 1105 5495 τούτους
1134 5432 1353 5507 ἐροῦμεν
1382 5429 1582 5487 ἁπλοῦν
1624 5430 1713 5486 καὶ
1757 5428 1928 5500 εὗθὲς,

2049 5424 2183 5498 Quod
2208 5422 2258 5485 si
2289 5422 2349 5484 in
2384 5424 2495 5485 hoc
2528 5424 2776 5498 creavit,
2830 5433 2893 5487 ut
2947 5425 3113 5499 dicit,
3153 5424 3327 5487 Pater
3354 5424 3596 5498 Filium,
3626 5434 3687 5487 ut

267 5518 336 5575 ὡς
374 5519 419 5573 εἰ
480 5518 565 5575 ἐπὶ
622 5521 792 5594 τούτῳ
860 5521 1088 5593 ἔκτισεν,
1165 5523 1237 5586 ὥς

1310 5544 1463 5601 φατε,
1524 5523 1551 5578 0
1613 5519 1794 5598 Πατὴρ
1841 5519 1932 5574 τὸν

2049 5520 2450 5576 ntrumentum
2479 5513 2726 5576 haberet
2751 5515 2823 5576 ad
2852 5514 3311 5596 completionem
3364 5525 3679 5585 creaturae.

270 5605 413 5680 Vibo,
473 5607 497 5661 ’ἶ
512 5630 574 5663 να
634 5610 858 5689 ὄργανον
890 5610 997 5693 ἔχῃ
1032 5623 1215 5674 τοῦτον
1260 5614 1389 5691 πρὸς
1422 5609 1805 5686 συμπλήρωσιν
1834 5613 1933 5673 τῆς

2049 5603 2319 5682 ndignior
2348 5602 2525 5664 fuerit
2560 5605 2738 5667 Filius
2762 5614 3052 5668 creatura.
3088 5607 3239 5669 Nam
3272 5606 3428 5667 sicut
3457 5604 3684 5685 securi,

271 5695 527 5778 κτίσεως,
614 5698 931 5779 ἀτιμότερος
1030 5702 1179 5760 ’ἐσται
1255 5704 1285 5759 0
1346 5704 1464 5767 Γὶὸς
1498 5703 1618 5767 -τής
1676 5699 1931 5765 κτίσεως,

2019 5715 2155 5777 quas
2182 5701 2274 5758 est
2316 5693 2810 5773 instrumentum,
2843 5696 2956 5759 alia
2995 5714 3128 5778 quae
3184 5713 3290 5778 per
3341 5714 3470 5759 eam
3512 5696 3684 5769 ﬁunt,
