4184 6404
469 307 618 374 1147

1372 312 1969 376 THEOPHYLACTI
2016 312 2427 381 BULGARI/E
2451 316 2811 382 ARCHIEP.

3714 320 3871 411 ms

462 459 592 534 eam
616 459 732 534 non
758 438 1405 534 comprehenderunt.»
1439 443 1582 512 Lux,
1598 442 1711 503 hoc
1733 448 1821 503 est
1849 443 2105 534 Veabun

2204 451 2330 507 αὐτὸ
2390 451 2447 507 οὑ
2490 450 2800 514 κατέλαϐεν.
2841 477 2869 509 ι
2932 455 3003 513 Τὸ
3058 455 3193 534 φῶς,
3244 454 3411 534 ἤγουν
3470 457 3497 513 6
3545 453 3717 533 Λόγος
3773 460 3871 512 106

461 529 594 603 Dei,
638 531 697 592 in
727 528 1018 611 tenebris,
1070 529 1182 592 hoc
1226 535 1317 591 est
1357 537 1549 595 morte
1579 539 1638 593 et
1667 549 1894 607 errore,
1930 532 2109 595 lucet.

460 622 610 684 Nam
642 628 699 682 et
728 620 859 700 ipse
881 627 1149 681 mortuus
1189 621 1275 682 sic
1307 627 1557 682 mortem
1604 622 1925 702 superavit,
1963 631 2115 686 utet

463 728 565 771 eos
595 728 744 790 quos
778 709 941 789 prius
970 707 1646 788 absorpserat,coegerit
1669 709 1859 791 ipsam
1880 730 2114 775 evome-

460 798 626 861 re.Et
656 799 716 860 in
742 816 946 861 errore
977 798 1184 879 gentili
1210 798 1393 878 fulget
1425 799 1909 880 prmdicatiant
1938 810 2113 864 tene-

460 887 582 950 brae
604 906 732 949 eam
768 908 885 949 non
916 888 1563 969 comprehenderunt.»
1597 891 1758 952 Mors
1790 891 1950 952 enim
1979 910 2114 953 eum

453 997 572 1051 non
605 977 1285 1059 comprehendit,neque
1310 996 1492 1040 error.
1518 976 1809 1040 Invictum
1844 980 2004 1042 enim
2028 990 2118 1044 est

458 1068 662 1133 lumen
691 1070 831 1149 hoc,
862 1071 1022 1133 Deus
1051 1067 1341 1148 Verbum,
1364 1066 1889 1149 inquamQuidam
1916 1079 2113 1133 autem

456 1158 586 1220 διι
642 1158 919 1222 tenebras
970 1157 1383 1219 existimarunt
1422 1170 1481 1219 et
1530 1175 1774 1220 carnem
1825 1167 1884 1221 et
1911 1158 2110 1223 vitam.

458 1247 719 1311 Verbum
752 1247 911 1309 enim
942 1247 1159 1309 factum
1192 1245 1254 1308 in
1283 1247 1396 1308 vita
1427 1255 1486 1309 et
1516 1262 1699 1309 carne
1715 1248 1826 1310 hac
1852 1248 2116 1314 fulsit.Et

458 1337 746 1414 tenebras,
781 1336 1122 1400 adversaria
1176 1336 1416 1417 inquam
1479 1344 1763 1418 potestas,
1814 1346 2116 1402 tentarunt

458 1427 699 1508 quidem
724 1435 781 1489 et
812 1434 1147 1505 persecutae
1175 1433 1313 1487 sunt
1335 1425 1562 1500 lumen,
1594 1426 1700 1489 sed
1733 1426 2021 1492 invictum
2054 1438 2114 1494 et

455 1514 821 1594 infatigabile
874 1516 1280 1579 otl‘enderunt.
1314 1513 1607 1577 Tenebrm
1649 1524 1845 1579 autem
1892 1518 2115 1582 dicitur

2198 538 2351 618 Θεοῦ,
2385 540 2440 596 έν
2469 548 2537 617 τῇ
2583 544 2791 623 σκοτίᾳ,
2851 543 3145 616 τουτέστιν,
3208 543 3264 600 έν
3310 551 3389 619 τῷ
3417 544 3626 623 θανάτῳ
3654 545 3739 601 καὶ
3792 542 3868 611 τῇ

2196 626 2375 706 πλάνῃ
2407 632 2604 712 φαίνει,
2669 634 2767 691 Καὶ
2823 633 2923 713 γὰρ
2969 635 3057 690 καὶ
3100 633 3155 690 έν
3214 641 3290 709 τῷ
3318 635 3527 709 θανάτῳ
3555 634 3868 712 γενόμενος,

2200 716 2366 785 οὕτως
2408 721 2564 779 αὑτοῦ
2621 722 2978 803 περιεγένετο,
3038 724 3113 786 ὡς
3163 724 3252 779 καὶ
3298 723 3386 788 οὓς
3447 722 3637 805 ἔφθασε
3692 746 3869 781 κατα-

2200 822 2378 889 πιεῖν,
2411 810 2706 890 ἀναγκάσαι
2765 814 2923 868 αὑτὸν
2968 811 3212 888 ἐξεμέσαι
3246 831 3261 846 ⁸
3312 814 3399 869 καὶ
3457 814 3511 870 έν
3571 819 3638 890 τῇ
3684 811 3865 889 πλάνῃ

2198 902 2267 973 τῇ
2316 897 2606 978 Ἐλληνικῇ
2663 900 2865 975 λάμπει
2922 903 2984 958 τὸ
3042 902 3311 981 κήρυγμα.
3380 923 3403 958 α
3458 906 3557 960 Καὶ
3586 904 3620 970 ἡ
3679 904 3865 959 σκοτία

2200 990 2326 1045 αὐτὸ
2385 991 2444 1046 οὗ
2489 988 2803 1048 κατέλαϐεν.
2850 1014 2876 1046 n
2917 989 3046 1049 Οῧτε
3099 991 3199 1069 γὰρ
3246 994 3273 1048 6
3303 992 3525 1056 Θάθατος
3571 996 3727 1051 αὑτοῦ
3756 1012 3863 1047 πε-

2200 1080 2486 1160 ριεγένετο,
2543 1078 2671 1148 οῧτη
2729 1082 2763 1149 ἡ
2824 1080 3028 1148 πλάνη.
3091 1077 3554 1161 ’Λκαταγώνιστον
3606 1082 3705 1161 γάρ
3748 1080 3864 1137 ἔστι

2197 1172 2259 1227 τὸ
2313 1175 2425 1250 φῶς
2469 1176 2644 1250 τοῦτο,
2695 1171 2723 1226 6
2767 1172 2897 1234 Θεὸς
2945 1172 3116 1249 Λόγος
3160 1171 3320 1251 φημί,
3370 1171 3519 1235 Τινὲς
3563 1170 3617 1227 δέ
3646 1172 3864 1228 σκοτίαν

2197 1260 2446 1333 ἐνόμισαν
2504 1260 2603 1328 τὴν
2667 1261 2833 1337 σάρκα
2916 1262 3003 1317 καὶ
3051 1262 3143 1317 τὸν
3215 1261 3352 1337 βίον.
3429 1263 3529 1320 Καὶ
3585 1260 3639 1318 ἒν
3708 1270 3863 1340 σαρκὶ

2196 1353 2285 1408 οὗν
2342 1351 2627 1429 γενόμενος
2658 1366 2747 1407 και
2778 1348 2832 1406 ὲν
2877 1357 2954 1425 τῷ
3010 1351 3111 1427 βίῳ
3139 1350 3310 1424 τούτῳ
3342 1352 3371 1407 6
3402 1350 3569 1429 Λόγος
3598 1348 3808 1426 ἔλαμψε
3844 1370 3855 1383 ·

2196 1442 2283 1497 καὶ
2338 1441 2372 1508 ἡ
2445 1441 2653 1514 σκοτία,
2719 1444 2754 1511 ἡ
2812 1440 3153 1515 ἀντικειμένη
3212 1438 3353 1519 λέγω
3403 1437 3644 1515 δύναμις,
3704 1438 3862 1496 ἐπεί-

2193 1551 2320 1605 ρασε
2378 1529 2502 1609 μὲν,
2547 1533 2637 1586 καὶ
2680 1527 2857 1596 ἐδίωξε
2922 1532 2983 1586 τὸ
3046 1536 3182 1609 φῶς,
3230 1528 3349 1586 ἀλλ’
3403 1530 3546 1609 εὗρεν
3577 1529 3864 1606 ἀκαταμά-

458 1623 618 1677 caro,
644 1624 761 1666 non
796 1604 951 1685 quod
984 1605 1308 1667 secundum
1336 1614 1603 1667 naturam
1638 1606 1716 1667 sit
1749 1606 1905 1683 talis,
1932 1608 2105 1687 absit,

2193 1642 2371 1700 χητον
2415 1604 2503 1676 καί
2560 1619 2853 1690 ἀήττητον.
2914 1604 3106 1677 Σκοτία
3153 1617 3208 1676 δὲ
3260 1604 3472 1699 λέγεται
3504 1621 3540 1687 ἡ
3570 1617 3716 1693 σὰρξ,
3751 1604 3861 1700 οὑχ

453 1694 560 1757 sed
592 1702 832 1774 propter
862 1704 1200 1775 peccatum.
1254 1694 1400 1757 Caro
1456 1694 1611 1755 enim
1669 1694 1813 1757 nihil
1866 1698 2105 1759 omnino

2194 1712 2268 1775 ὡς
2326 1711 2462 1767 κατὰ
2491 1710 2641 1790 φύσιν
2673 1710 2890 1778 τοιαύτη
2934 1717 3086 1784 οὖσα,
3132 1707 3338 1789 ἅπαγεῐ
3390 1706 3512 1765 ἀλλ’
3542 1710 3615 1772 ὡς
3646 1706 3731 1764 διὰ
3758 1709 3861 1776 τὴν

455 1786 631 1850 habet
663 1787 962 1858 malum,si
995 1786 1347 1850 naturaliter
1373 1796 1713 1850 moveatur:
1753 1789 1853 1850 sed
1884 1789 1933 1850 si
1970 1808 2105 1869 pras-

2197 1800 2478 1879 ἁμαρτίαν.
2505 1784 2515 1790 ⁷
2545 1791 2607 1856 Ἠ
2664 1800 2763 1879 γὰρ
2819 1797 2943 1879 σὰρξ
2999 1798 3143 1857 οὐδὲν
3188 1797 3328 1862 ὅλως
3360 1797 3481 1878 ἔχει
3510 1799 3673 1855 κακὸν
3704 1820 3861 1877 φυσι-

455 1886 550 1940 ter
573 1884 848 1939 naturam
882 1886 1188 1940 moveatur
1209 1884 1272 1940 et
1302 1885 1547 1957 peccato
1570 1877 1812 1954 serviat,
1847 1877 2105 1942 tenebrm

2193 1896 2301 1954 κῶς
2359 1888 2671 1966 κινουμένη,
2735 1890 2873 1968 παρὰ
2920 1889 3073 1969 φύσιν
3116 1886 3169 1944 δὲ
3218 1892 3522 1963 κινηθεῖσα,
3580 1888 3668 1943 καὶ
3723 1889 3857 1963 πρὸς

458 1968 524 2030 ﬁt
545 1978 601 2030 et
633 1965 878 2030 dicitur.

536 2153 721 2215 Vens.
746 2151 807 2213 6.
857 2171 881 2205 ι
913 2148 1047 2213 Fuit
1078 2148 1257 2211 homo
1292 2148 1507 2212 missus
1538 2168 1571 2211 a
1602 2148 1747 2228 Deo,
1802 2170 2023 2214 nomen
2053 2152 2109 2215 ei

452 2242 735 2304 Joannes.
752 2243 1106 2321 :Postquam
1130 2239 1604 2303 disseruitnobis
1628 2240 1703 2303 de
1720 2240 2108 2307 subsistentia

451 2329 632 2393 Verbi
691 2331 793 2392 Dei
835 2339 973 2393 ante
1022 2330 1445 2411 saecula:quia
1476 2339 1535 2393 et
1566 2331 1641 2392 de
1696 2332 2107 2396 incarnatione

452 2420 631 2482 Verbi
654 2420 922 2483 dicturus
940 2428 1403 2497 est,sermonem
1427 2419 1500 2481 de
1522 2422 2104 2485 Praecursoreinter-

448 2509 696 2574 serit.Et
725 2510 858 2590 quis
888 2510 1037 2572 alius
1066 2529 1243 2590 quam
1265 2509 1525 2572 Joannes
1543 2512 1884 2573 Praecursor
1911 2512 2100 2575 habe-

446 2609 540 2663 ret
569 2618 906 2662 sermonem
931 2598 1213 2680 deipsius
1244 2598 1685 2681 nativitate,qui
1708 2604 2025 2681 praecurrit
2043 2611 2103 2667 et

445 2701 583 2756 ante
598 2692 969 2755 nativitatem
994 2691 1424 2755 Dominii7Dicit
1438 2692 1617 2771 igitur
1634 2692 1709 2755 de
1726 2692 2101 2757 Praecursore

447 2784 829 2864 evangelista,
862 2782 1018 2864 quod
1041 2782 1153 2846 fuit
1182 2784 1362 2844 homo
1383 2784 1598 2846 missus
1619 2802 1653 2845 a
1682 2783 1826 2858 Deo,
1857 2785 2095 2861 missus,

447 2874 714 2955 inquam,
736 2893 769 2935 a
798 2874 946 2945 Deo;
980 2873 1521 2955 pseudoprophetre
1568 2876 1727 2936 enim
1760 2894 1877 2937 non
1910 2895 1943 2937 a
1976 2879 2099 2940 Deo

446 2967 607 3029 missi
641 2974 833 3030 erant.
868 2966 1162 3029 Caeterum
1210 2984 1344 3027 cum
1391 2965 1651 3028 audieris
1683 2967 1837 3048 quod
1875 2967 2098 3030 missus

2195 1979 2453 2059 ἁμαρτίαν
2549 1978 2954 2056 ὑπηρετήσασα,
3030 1977 3215 2035 σκοτία
3298 1977 3383 2033 καὶ
3466 1976 3665 2055 γίνεται
3768 1976 3856 2031 καὶ

2192 2066 2429 2149 λέγεται.

2281 2182 2307 2214 α
2372 2159 2618 2238 Ἐγένετο
2672 2157 2942 2237 ἅνθρωπος
3015 2155 3413 2233 ἀπεσταλμένος
3494 2156 3638 2234 παρά
3695 2163 3849 2233 Θεοῦ,

2191 2248 2359 2323 ὄνομα
2418 2251 2560 2323 αὑτῷ
2603 2248 2883 2313 Ἰωάννης.
2945 2269 2969 2305 ι
3021 2248 3167 2304 Μετὰ
3206 2248 3268 2303 τὸ
3319 2244 3667 2326 διαλεχθῆναι
3713 2247 3850 2321 ἡμῖν

2188 2339 2306 2417 περὶ
2362 2341 2460 2403 τῆς
2535 2340 2638 2416 πρὸ
2711 2337 2916 2393 αίώνων
2975 2336 3244 2415 ὑπάρξεως
3319 2347 3411 2395 106
3466 2344 3596 2392 Θεοο
3652 2335 3847 2413 Λόγου,

2188 2427 2370 2496 ἐπειδὴ
2425 2427 2611 2504 μέλλει
2661 2429 2750 2484 καὶ
2819 2429 2938 2499 περὶ
3006 2422 3105 2495 τῆς
3170 2433 3262 2483 τοῦ
3304 2428 3477 2505 Λόγου
3531 2424 3850 2502 σαρκώσεως

2187 2519 2384 2591 εἰπεῖν,
2430 2516 2792 2598 παρεμϐάλλει
2859 2519 2951 2573 τὸν
3005 2526 3098 2576 τοῦ
3156 2514 3460 2596 Προδρόμου
3516 2514 3697 2593 λόγον.
3748 2517 3850 2573 Καὶ

2183 2607 2234 2662 τί
2287 2609 2387 2687 γὰρ
2431 2608 2586 2681 ἄλλο,
2648 2608 2685 2677 ἢ
2747 2605 3049 2687 Πρόδρομος
3107 2608 3182 2664 ὢν
3232 2610 3261 2664 6
3320 2604 3574 2673 Ἰωάννης
3604 2604 3729 2685 ἔχει
3760 2626 3850 2669 και

2182 2700 2271 2754 τὸν
2318 2700 2564 2777 περὶτῆς
2619 2702 2775 2758 αὐτοῦ
2825 2697 3083 2775 γενέσεως
3112 2695 3297 2776 λόγον,
3340 2697 3706 2775 προτρέχοντα
3745 2697 3847 2761 τῆς

2181 2789 2276 2843 106
2308 2788 2492 2866 Κυρίου
2521 2786 2776 2867 ἒνσάρκου
2805 2789 3105 2865 γεννήσεως
3143 2807 3159 2863 ;
3205 2786 3373 2853 Φησὶν
3430 2791 3519 2841 ουν
3576 2785 3696 2863 περὶ
3752 2792 3846 2841 τοῦ

2185 2874 2487 2956 Προδρόμου
2536 2879 2564 2933 6
2622 2875 3034 2956 εὑαγγελιστής,
3066 2875 3146 2933 ὅτι
3209 2899 3230 2931 ε
3278 2874 3521 2942 Ἐγένετο
3564 2873 3843 2930 ἀπεσταλ-

2180 2964 2336 3041 μένος
2394 2967 2536 3045 παρὰ
2595 2966 2750 3046 Θεοῦ,
2788 2989 2815 3021 ι
2864 2966 2979 3023 ἀντὶ
3007 2972 3123 3039 τοῦ,
3159 2964 3436 3032 ἀπεστάλη
3480 2964 3620 3043 παρά
3682 2970 3838 3024 Θεοῦ.

440 3058 621 3123 fuerit
659 3078 692 3121 a
721 3058 865 3139 Deo,
894 3057 1037 3119 nihil
1074 3057 1364 3138 privatum
1399 3058 1488 3120 vel
1532 3045 1859 3122 humanum
1894 3060 2097 3124 dicere

2187 3056 2240 3112 Οἱ
2297 3054 2395 3134 γὰρ
2455 3052 2885 3136 ψευδοπροφῆται
2931 3058 3026 3112 οὑκ
3084 3054 3143 3112 έκ
3174 3062 3326 3117 Θεοῦ.
3364 3045 3541 3113 ⁹Ὀτιιν
3568 3050 3623 3109 δὲ
3666 3052 3835 3109 ἀκού-

445 3157 635 3230 putes,
670 3147 776 3210 sed
798 3147 996 3209 divina
1027 3147 1250 3209 omnia.
1286 3146 1358 3208 Et
1387 3147 1612 3210 idcirco
1645 3149 1818 3210 etiam
1850 3151 2096 3231 angelus

441 3238 680 3301 dicitur.
713 3236 925 3318 Angeli
954 3236 1138 3299 virtus
1170 3237 1331 3298 enim
1354 3246 1446 3301 est
1474 3238 1623 3300 nihil
1655 3239 1965 3321 proprium
1997 3241 2094 3303 di-

440 3346 600 3391 cere.
631 3326 777 3391 Item
811 3346 945 3389 cum
975 3326 1254 3407 angelum
1287 3327 1569 3401 audieris,
1606 3348 1682 3390 ne
1715 3338 1888 3410 putes
1935 3330 2093 3411 quod

440 3426 650 3481 natura
677 3420 757 3480 sit
794 3416 1065 3497 angelus,
1115 3417 1207 3479 vel
1242 3436 1311 3479 ex
1342 3418 1492 3482 coelo
1543 3419 1950 3494 descenderit,
1985 3421 2091 3483 sed

439 3516 682 3589 propter
710 3526 860 3588 opus
890 3514 947 3568 et
968 3506 1364 3569 ministerium
1397 3516 1641 3570 vocatur
1668 3509 2094 3588 angelus.Quia

436 3600 594 3660 enim
632 3597 992 3660 ministravit
1030 3596 1467 3677 praedicationi,
1493 3606 1552 3659 et
1583 3599 1954 3679 praenuntius
1984 3601 2094 3663 fuit

438 3682 698 3759 Domini,
733 3688 864 3768 ejus
897 3686 1084 3766 gratia
1113 3686 1310 3748 dictus
1342 3696 1431 3748 est
1453 3689 1729 3767 angelus.
1767 3688 2094 3771 Propterea

2180 3164 2304 3223 σῃς,
2351 3141 2431 3199 ὅτι
2488 3143 2765 3210 ἀπεστάλη
2823 3146 2966 3218 παρὰ
3022 3148 3175 3218 Θεοῦ,
3231 3142 3400 3221 μηδὲν
3449 3141 3585 3201 ἴδιον
3617 3143 3840 3218 νομίσῃς

2178 3232 2213 3299 ἢ
2254 3232 2580 3313 ἀνθρώπινον
2626 3232 2826 3315 λέγειν,
2899 3232 3036 3291 ἀλλὰ
3094 3235 3266 3291 πάντα
3336 3238 3477 3294 θεῖα.
3528 3232 3625 3288 Διὰ
3678 3238 3838 3288 τοῦτο

2174 3323 2263 3378 καὶ
2321 3321 2549 3402 ἅγγελος
2608 3322 2845 3404 λέγεται,
2910 3324 3141 3404 ἀγγέλου
3192 3322 3247 3381 δὲ
3288 3324 3451 3404 ἀρετὴ
3494 3320 3660 3398 μηδὲν
3694 3320 3840 3388 ἴδιον

2174 3410 2375 3491 λέγειν.
2439 3412 2724 3492 ’Ἄγγελον
2755 3413 2808 3471 δὲ
2851 3416 3102 3489 ἀκούσας,
3159 3415 3237 3490 μὴ
3290 3417 3498 3491 νόμισε,
3560 3412 3640 3469 ὁτι
3684 3412 3839 3492 φύσει

2176 3499 2404 3581 ἅγγελος
2435 3504 2526 3585 ἧν,
2560 3505 2596 3573 ἢ
2626 3508 2689 3562 ὲκ
2716 3514 2822 3563 τῶν
2851 3511 3083 3584 οὐρανῶν
3112 3503 3315 3572 κατέϐη
3342 3520 3357 3535 ⁸
3389 3502 3526 3561 ἀλλὰ
3550 3501 3634 3559 διὰ
3663 3505 3725 3558 τὸ
3754 3500 3842 3579 ἔρ-

2176 3614 2270 3671 γον
2333 3594 2420 3649 καὶ
2462 3594 2561 3661 τὴν
2620 3593 2886 3654 διακονίαν
2943 3594 3169 3675 ἄγγελος
3221 3593 3492 3654 καλεῖται.
3550 3593 3703 3651 Ἐπεὶ
3734 3593 3837 3669 γὰρ

2174 3681 2476 3760 ὑπηρέτησε
2505 3692 2582 3759 τῷ
2611 3686 2935 3765 κηρύγματι,
2992 3688 3079 3743 καὶ
3132 3683 3461 3765 προήγγειλε
3491 3685 3581 3740 τὸν
3619 3683 3834 3760 Κύριον,

434 3779 794 3855 evangelista
821 3776 1171 3837 subvertens
1194 3777 1592 3858 quorumdam
1621 3779 1965 3858 opinionem
1992 3781 2089 3861 qui

2187 3773 2358 3828 τούτου
2412 3772 2591 3829 ἕνεκεν
2648 3774 2848 3846 ἐκλήθη
2931 3774 3182 3856 ἄγγελος.
3246 3778 3339 3834 Διὸ
3384 3776 3471 3831 καὶ
3523 3775 3550 3830 ὀ
3606 3775 3831 3850 εὑαγγε-

432 3866 891 3948 suspicabantur
920 3867 1210 3928 Joannem
1245 3874 1455 3927 natura
1487 3866 1667 3928 fuisse
1697 3858 2092 3947 angelum,di-

2187 3862 2361 3931 λιστὴς
2416 3862 2722 3942 ἀνατρέπων
2781 3867 2880 3933 τὴν
2936 3870 3043 3922 τῶν
3125 3863 3339 3921 πολλῶν
3390 3864 3665 3942 ὑπόνοιαν,
3726 3867 3834 3916 τῶν

436 3947 555 4019 cit:
597 3981 621 4013 ιι
657 3956 793 4019 Fuit
818 3957 999 4017 homo
1032 3954 1247 4017 missus
1278 3973 1312 4016 a
1340 3954 1483 4017 Deo.
1518 3979 1541 4014 ιι

2187 3947 2309 4012 ἴσως
2373 3954 2731 4029 νομισάντων,
2786 3953 2866 4011 ὀίτι
2923 3953 3147 4035 ἅγγελος
3204 3959 3271 4024 ἧν
3343 3954 3372 4010 ὁ
3441 3952 3695 4019 Ἰωάννης
3764 3956 3833 4025 τῇ

2175 4038 2349 4119 φύσει,
2380 4044 2537 4122 φησίν
2572 4057 2586 4072 ⁸
2630 4066 2657 4096 α
2692 4042 2937 4122 Ἐγένετο
2958 4043 3228 4123 ἄνθρωπος
3258 4041 3656 4119 ἀπεσταλμένος
3685 4040 3829 4117 παρὰ

1242 4196 1245 4201 ,
2177 4136 2331 4193 Θεοῦ.
2378 4154 2402 4185 n

513 4213 761 4277 VEBS.7.
801 4211 950 4275 «Hic
980 4212 1227 4305 venitin
1262 4214 1692 4305 testimonium,
1728 4223 1790 4277 ut
1818 4216 2087 4279 testimo-

2263 4244 2290 4274 ι
2323 4223 2486 4287 Οὗτος
2543 4221 2699 4290 ἦλθεν
2756 4230 2826 4289 είς
2876 4226 3184 4305 μαρτυρίαν,
3236 4225 3329 4281 ’ἱνα
3360 4224 3671 4303 μαρτυρήσῃ
3713 4222 3831 4300 περὶ

435 4304 597 4366 nium
633 4304 973 4386 perhiberet
1026 4304 1101 4367 de
1152 4304 1399 4373 lumine.
1432 4314 1496 4368 ut
1529 4324 1740 4368 omnes
1773 4306 2092 4370 crederent

2187 4320 2268 4369 τοῦ
2298 4312 2497 4388 φωτὸς,
2560 4312 2653 4370 ἵνα
2703 4314 2897 4379 πάντες
2948 4314 3269 4373 πιστεύσωσι
3313 4312 3380 4370 δι’
3411 4314 3591 4373 αὑτοῦ.
3639 4321 3828 4386 0610;,

438 4414 547 4477 per
576 4395 1280 4476 illum.»Hic,inquit,qui
1316 4394 1532 4457 missus
1560 4407 1683 4458 erat
1712 4417 1746 4460 a
1781 4398 2093 4477 Deo,venti

2187 4402 2357 4481 φησὶν,
2408 4403 2435 4459 ό
2492 4403 2889 4480 ἀπεσταλμένος
2942 4408 3084 4485 παρὰ
3158 4413 3313 4485 Θεοῦ,
3372 4405 3465 4461 ἵνα
3520 4403 3831 4483 μαρτυρήσῃ

433 4493 495 4546 ut
526 4485 933 4548 testimonium
980 4484 1323 4566 perhiberet
1356 4485 1430 4548 de
1481 4486 1726 4549 lumine.
1763 4487 1991 4551 Deinde
2018 4509 2093 4552 ne

2187 4492 2293 4566 περί
2352 4500 2444 4551 τοῦ
2498 4493 2696 4571 φωτός.
2760 4495 2899 4553 Εἶτα
2952 4480 3045 4553 ἴνα
3072 4497 3151 4567 μή
3183 4517 3263 4558 τις
3294 4480 3512 4571 νομίσῃ,
3545 4480 3625 4549 ὅτι
3655 4480 3828 4572 ἔχρῃ-

431 4574 563 4655 quis
594 4574 890 4636 existimet
911 4574 1065 4655 quod
1092 4574 1272 4654 hujus
1304 4575 2092 4665 testimonioopushabuerit

2187 4588 2258 4651 ξεν
2303 4577 2403 4659 ἄρα
2458 4583 2555 4649 τῆς
2597 4585 2781 4641 τούτου
2837 4588 3121 4665 μαρτυρίας
3174 4586 3202 4642 ὀ
3238 4586 3542 4663 Μονογενὴς
3572 4584 3646 4645 ὡς
3676 4579 3829 4637 ἔλλι-

429 4665 502 4726 ad
535 4666 786 4742 gloriam
815 4664 1365 4746 Unigenitus,quasi
1382 4664 1578 4745 aliqua
1598 4684 1666 4727 ex
1694 4674 1855 4746 parte
1889 4666 2082 4748 inops,

2187 4670 2280 4736 πθιέ
2323 4671 2422 4744 ὢν,
2455 4670 2535 4727 διὰ
2564 4683 2720 4732 τοῦτο
2779 4664 3142 4754 προστίθησιν,
3198 4675 3278 4731 ὅτι
3320 4673 3450 4741 ἦλθε
3479 4672 3829 4752 μαρτυρήσων

428 4754 655 4817 idcirco
672 4755 1066 4847 addiditquod
1090 4757 1249 4847 venit
1271 4756 1689 4847 testiﬁcaturus
1702 4756 1774 4817 de
1787 4755 1932 4817 Filio
1950 4757 2082 4847 Dei:

2187 4762 2286 4834 περὶ
2342 4769 2434 4817 106
2490 4764 2613 4819 1‘E06
2654 4772 2747 4822 106
2777 4767 2910 4823 Θεοῦ
2942 4780 2957 4796 ⁸
3006 4768 3110 4847 οὑχ
3168 4768 3241 4830 ὡς
3286 4764 3447 4825 αὑτοῦ
3499 4768 3597 4831 τῆς
3628 4762 3832 4818 ἑκείνου

430 4863 546 4905 non
596 4846 750 4925 quod
795 4844 965 4935 illius
1010 4844 1350 4935 testimonio
1394 4844 1609 4908 habeat
1656 4863 1829 4925 opus,
1882 4845 1991 4907 sed
2022 4855 2086 4907 ut

2187 4851 2465 4929 (Piliam:
2508 4857 2817 4935 μαρτυρίας,
2887 4854 3006 4913 ἀλλ’
3072 4844 3172 4913 ὶίνα
3240 4857 3433 4921 πάντες
3506 4853 3808 4911 πιστεύσωσ

427 4951 636 4995 omnes
669 4934 915 4998 credant
942 4953 1048 5015 per
1081 4933 1431 4999 illum.Num
1456 4943 1740 4997 etomnes
1765 4935 2079 5016 peripsum

2187 4937 2233 4994 it’
2294 4940 2469 5003 αὑτοῦ.
2508 4933 2638 5023 Ἀρα
2671 4946 2759 5002 06v
2808 4947 2896 5002 καὶ
2948 4946 3146 5010 πάντες
3175 4948 3489 5003 ἐπίστευσαν
3517 4942 3584 5000 δι’
3615 4946 3776 5002 αὑτοῦ
3810 4964 3827 5017 ;

425 5023 841 5115 crediderunt?
856 5024 1441 5115 Minime.Quomodo
1473 5024 1652 5115 igitur
1684 5024 1875 5115 inquit
1898 5044 2081 5086 evan-

2187 5030 2325 5109 )ὖχί.
2372 5038 2491 5099 Πῶς
2550 5042 2639 5091 οὖν
2689 5057 2851 5115 φησιν
2895 5036 2923 5093 ό
2972 5034 3376 5115 εὑαγγελιστης.
3412 5059 3438 5091 «
3476 5023 3601 5092 ’Ἰνα
3630 5033 3827 5109 πάντες

424 5112 634 5191 gelista
662 5122 724 5175 ut
755 5133 963 5176 omnes
994 5114 1266 5178 credant?
1295 5114 1636 5187 Quomodo?
1686 5113 1978 5187 Quantum
2022 5115 2083 5177 in

2187 5122 2487 5181 τιστεύσωσι
2520 5147 2535 5197 ;
2577 5150 2600 5183 ο
2650 5131 2771 5189 Πῶς
2808 5142 2824 5199 ;
2879 5116 3051 5185 ”Οσον
3106 5128 3166 5183 τὸ
3193 5126 3280 5183 Ἐπ’
3312 5126 3517 5198 ἐκείνῳ,
3549 5121 3634 5180 διὰ
3672 5128 3828 5179 τοῦτο

406 5202 524 5292 illo
553 5213 1023 5286 erat,propterea
1058 5204 1504 5286 testiﬁcabatur,
1538 5213 1601 5265 nt
1629 5221 1839 5267 omnes
1862 5205 2075 5269 trahat.

2193 5212 2553 5292 μαρτύρησεν,
2598 5216 2690 5272 ἵνα
2748 5217 2949 5281 πάντας
3014 5215 3208 5292 ἕλκύσῃ
3245 5234 3257 5247 ⁸
3307 5218 3349 5273 εἰ
3401 5213 3456 5272 δὲ
3525 5211 3829 5283 ἠπίστησάν

425 5291 699 5365 Quamvis
716 5305 913 5358 autem
945 5294 1182 5376 quidam
1206 5294 1695 5375 discredant,non
1725 5307 1919 5355 tamen
1946 5295 2078 5357 ideo

2187 5322 2321 5380 ςινες,
2385 5304 2481 5360 οὑκ
2510 5304 2715 5370 ἐκεῖνος
2763 5306 3056 5383 μεμπτέος.
3122 5304 3343 5373 Ἐπειδὴ
3372 5306 3461 5362 καὶ
3486 5305 3515 5361 ό
3556 5301 3711 5370 ἥλιος
3737 5302 3831 5364 ἰπὶ

424 5382 523 5444 ille
550 5383 1105 5461 reprehendendus:
1141 5383 1419 5466 quoniam
1454 5392 1513 5447 et
1542 5384 1628 5446 sol
1660 5383 1722 5446 in
1755 5383 1865 5447 hoc
1896 5384 2073 5465 lucet,

2187 5391 2332 5466 εούτῳ
2375 5392 2675 5469 ἀνατέλλει,
2707 5395 2799 5453 ’ἕνα
2849 5395 3052 5460 πάντας
3112 5397 3318 5478 φωτίσῃ
3352 5414 3365 5430 ⁸
3399 5396 3443 5451 εί
3484 5393 3539 5450 δέ
3568 5414 3650 5456 τις
3682 5392 3825 5449 ἀπο-

422 5481 485 5535 ut
514 5491 724 5535 omnes
753 5474 1142 5549 illuminet,at
1163 5475 1212 5537 si
1238 5476 1370 5555 quis
1393 5474 1453 5536 in
1476 5474 1800 5552 caliginosa
1822 5474 2075 5555 quadam

2187 5478 2382 5547 ιλείσας
2440 5485 2626 5541 ἑαυτὸν
2691 5486 2744 5542 έν
2799 5484 3023 5567 ζοφώδει
3080 5488 3357 5563 οἰκήματι,
3416 5486 3510 5542 οὒκ
3561 5480 3823 5540 ἀπολαύοι

419 5561 611 5653 domo,
630 5580 696 5625 se
725 5563 1041 5653 incluserit
1070 5574 1128 5628 et
1143 5563 1359 5645 jubare
1391 5584 1508 5625 non
1544 5563 1944 5653 fruatur,quid
1970 5563 2079 5626 hoc

2187 5572 2263 5637 ῖῆς
2309 5573 2526 5640 ἀκτῖνος
2587 5579 2768 5650 αὑτοῦ,
2811 5580 2861 5632 τι
2890 5587 3043 5635 τοῦτο
3100 5579 3230 5653 πρὸς
3286 5578 3378 5632 τὸν
3426 5574 3624 5653 ἧλιονς
3671 5571 3825 5631 Οὕτω

420 5651 491 5714 ad
525 5651 763 5716 solem?
811 5654 907 5715 Sic
958 5654 1135 5735 igitur
1180 5661 1239 5718 et
1279 5654 1394 5718 hoc
1424 5653 1555 5717 loco
1589 5656 1805 5716 missus
1839 5652 2078 5736 quidem

2187 5660 2452 5737 ιάνταῦθα,
2514 5664 2790 5734 ἀπεστάλη
2847 5667 2945 5743 μὲν
3023 5668 3053 5723 ὀ
3130 5666 3409 5743 Ἰωάννης,
3467 5663 3557 5721 ἴνα
3626 5663 3823 5724 πάντες
