4184 6422
359 364 510 429 1149

350 498 704 556 πιστεύσωσιν
741 520 752 534 ·

347 588 527 652 αἴτιος
540 637 553 652 ,

438 697 463 733 ι
513 677 623 736 Οὒκ
664 680 733 745 ἦν
778 678 984 743 ἐκεῖνος
1048 682 1108 737 τὸ
1167 686 1303 763 φῶς,
1381 680 1502 739 ἀλλ’
1545 682 1638 738 ’ίνα
1701 683 2012 762 μαρτυρήσῃ

353 768 471 844 περὶ
512 766 606 825 τοῦ
664 768 864 848 φωτός.
919 792 944 825 ι
997 768 1216 839 Ἐπειδὴ
1261 773 1334 837 ὡς
1410 772 1495 829 ἐπὶ
1553 770 1686 829 πολὺ
1743 770 2013 847 συμϐαίνει

353 858 446 912 τὸν
490 864 853 937 μαρτυροῦντα
904 861 1176 938 κρείττονα
1239 860 1382 918 εἶναι
1426 870 1519 920 τοῦ
1561 861 2007 939 μαρτυοουμένου,

353 946 448 1004 ’ίνα
478 948 555 1021 μὴ
607 949 856 1030 νομίσῃς,
917 949 997 1005 ὅτι
1057 950 1146 1006 καὶ
1202 948 1455 1018 Ἰωάννης
1515 956 1790 1030 μαρτυρῶν
1839 948 2012 1029 [περὶ]

357 1043 586 1115 Χριστοῦ
654 1037 905 1109 κρείττων
978 1041 1134 1096 αὒτοῦ
1194 1038 1259 1106 ἧν
1293 1059 1307 1075 ⁸
1386 1042 1486 1107 τὴν
1539 1041 1778 1119 πονηρὰν
1819 1040 2016 1106 ταύτην

353 1127 582 1200 ὑποψίαν
628 1134 940 1206 περιαιρῶν,
998 1131 1156 1209 φησίν
1190 1143 1204 1158 ⁸
1260 1131 1367 1187 Οὔκ
1426 1129 1492 1197 ἧν
1551 1129 1758 1193 ἐκεῖνος
1786 1131 1846 1186 τὸ
1877 1135 2011 1209 φῶς.

352 1211 504 1271 Ἀλλ’
563 1214 709 1272 εἴποι
756 1217 819 1273 ἅν
877 1239 959 1281 τις
993 1238 1009 1254 ο
1071 1207 1201 1285 Ἀρα
1269 1216 1385 1275 οόδὲ
1426 1220 1520 1275 τὸν
1567 1216 1844 1298 Ἰωάννην,
1893 1207 2014 1275 οὔτε

350 1305 474 1360 τινὰ
520 1303 682 1362 ἄλλον
714 1312 822 1362 τῶν
866 1307 1032 1387 ἁγίων
1062 1306 1311 1383 εἴποιμεν
1354 1314 1502 1390 φῶςς
1535 1314 1659 1373 Φῶς
1690 1309 1787 1384 μὲν
1831 1307 2013 1365 εἴποι.-

348 1415 446 1469 μεν
475 1394 700 1452 ἕκαστον
742 1402 851 1453 τῶν
910 1397 1076 1475 ἁγίων
1112 1413 1126 1427 ⁸
1185 1399 1246 1454 τὸ
1301 1404 1414 1476 φῶς
1469 1396 1524 1454 δὲ
1554 1400 1648 1455 οὐκ
1676 1398 1736 1454 ἂν
1769 1399 2017 1475 εἴποιμεν

349 1483 486 1557 μετᾶ
533 1490 627 1540 τοῦ
686 1483 895 1564 ἄρθρου,
946 1486 1106 1566 Οἷον,
1153 1486 1243 1543 ἐάν
1289 1508 1347 1542 σε
1416 1487 1589 1567 ἔροιτό
1633 1510 1714 1552 τις
1742 1503 1755 1517 ·
1816 1476 1944 1556 Ἀρα
1986 1489 2015 1543 6

352 1569 630 1656 Ἰωάννης-
673 1580 785 1654 φῶς
828 1578 939 1632 ἔστι
974 1594 993 1647 ;
1053 1576 1373 1633 κατάνευσον
1409 1595 1421 1609 ·
1473 1579 1517 1633 εἰ
1561 1575 1616 1633 δὲ
1664 1577 1831 1641 οἜτως
1874 1576 2013 1656 ἐρω-

349 1663 501 1732 τήσει
537 1679 552 1694 ⁶
601 1651 732 1742 Ἀρα
771 1667 798 1720 6
850 1661 1101 1730 Ἰωάννης
1158 1666 1219 1720 τὸ
1271 1671 1384 1746 φῶς
1415 1664 1555 1723 ἐστιν
1590 1685 1607 1746 ;
1641 1666 1777 1745 εἰπὲ³
1800 1651 1913 1737 Οὔ..
1942 1657 2014 1723 Οὒ

354 1750 453 1828 γάρ
523 1750 665 1808 ἐστιν
724 1753 879 1817 αὐτὸς
937 1754 997 1809 τὸ
1055 1755 1166 1832 φῶς
1217 1754 1426 1833 κυρίως,
1507 1753 1644 1811 ἀλλὰ
1701 1756 1812 1836 est};
1875 1756 2010 1811 κατὰ

351 1840 621 1919 μετοχὴν⁹
655 1839 785 1920 ἕχον
814 1842 914 1910 τὴν
944 1840 1150 1918 λαμψιν
1177 1842 1238 1899 ἐκ
1266 1853 1359 1903 τοῦ
1386 1843 1646 1910 ἀληθινοῦ
1676 1844 1851 1921 φωός.

433 1924 527 1986 Ἠν
556 1932 620 1986 τὸ
667 1937 778 2011 φῶς
826 1933 887 1988 τὸ
931 1930 1204 2006 ἀληθινὸν,
1253 1935 1281 1989 ὃ
1337 1934 1547 2013 φωτίζει
1598 1936 1769 1990 πάντα
1805 1931 2010 2014 ἅνθρω-

338 2040 447 2077 ,πον
490 2017 786 2100 ἐρχόμενον
844 2022 920 2087 εἷς
962 2023 1054 2077 τὸν
1108 2022 1334 2098 κόσμον,
1373 2049 1394 2077 ο
1439 2021 1633 2080 Μέλλει
1666 2025 1836 2080 εἰπεῖν
1888 2023 2007 2102 περὶ

344 2108 444 2175 τῆς
489 2107 744 2187 ἐνσάρκου
788 2110 1092 2186 οἰκονομίας
1148 2120 1242 2170 τοῦ
1302 2119 1649 2193 Μονογενοῦς³
1698 2112 1777 2169 ὅτι
1849 2111 2006 2180 ἦλθεν

344 2197 418 2260 εἰς
465 2198 532 2253 τὰ
591 2196 724 2270 ἴδια,
789 2199 871 2255 ὅτι
916 2198 1041 2279 σὰρξ
1072 2199 1305 2278 ἐγένετο.
1342 2194 1475 2260 ’Ἵνα
1502 2203 1674 2259 τοίνυδ
1705 2204 1783 2278 μὴ
1812 2205 2003 2279 νομίσῃ

343 2307 448 2357 τις,
510 2288 590 2344 ὃτι
643 2289 746 2367 πρὸ
801 2296 895 2345 τοῦ
952 2294 1318 2368 σαρκωθῆναι⁶
1345 2295 1442 2350 οὐκ
1486 2292 1576 2367 ἦν,
1634 2294 1820 2349 τούτου
1851 2292 2005 2349 ἕνεκα

345 2374 529 2451 ἀνάγει
586 2376 685 2444 τὴν
741 2374 974 2435 διάνοιαν
1035 2378 1125 2462 ἕξεί
1164 2380 1263 2447 τήν
1320 2379 1566 2437 ἐπέκεινα
1609 2382 1784 2448 πάσης
1829 2381 2004 2462 ἀρχῆ(

347 2462 585 2545 ὕπαρξιν,
647 2470 736 2523 καί
789 2490 951 2546 φησιν
986 2487 1002 2504 ο
1066 2456 1163 2525 Ἠν
1209 2470 1297 2525 καὶ
1368 2472 1469 2550 πρὸ
1525 2470 1619 2527 τοῦ
1674 2472 2008 2550 σαρκωθῆναι

349 2554 411 2609 τὸ
468 2561 578 2632 φῶς
632 2556 695 2611 τὸ
752 2554 1026 2623 ἀληθινόν,
1088 2558 1181 2613 Διὰ
1237 2558 1424 2614 τούτου
1478 2557 1533 2614 δὲ
1589 2560 1687 2627 τὴν
1742 2566 2010 2619 Φωτεινοῦ

1106 366 1552 435 ENARRATIO
1596 370 1676 434 ΙΝ
1720 362 2227 434 EVANGELIUM
2263 370 2607 433 JOANNIS.
2655 403 2732 414 —
2776 367 2945 431 CAP.
2996 370 3042 430 Ι.

832 503 876 557 εἰ
936 500 991 557 δὲ
1055 503 1134 579 μὴ
1205 503 1361 560 τοῦτο
1423 502 1625 579 ἀπέϐη,
1668 503 1765 560 οὒκ
1805 504 1998 560 ἐκεῖνος

2097 499 2210 563 fuit
2237 498 2521 580 Joannes,
2555 506 2618 560 ut
2657 518 2867 562 omnes
2916 499 3203 561 credant:
3266 495 3535 579 quamvis
3561 501 3757 558 autem

3602 359 3763 427 1150

2097 588 2362 651 evenerit
2392 588 2783 664 contrarium,
2818 588 2918 650 ille
2946 589 3003 650 in
3029 605 3209 650 causa
3239 604 3360 649 non
3387 593 3499 648 est.

2179 680 2359 743 Vens.
2393 679 2454 741 8.
2496 700 2519 734 α
2546 677 2675 740 Non
2701 677 2947 740 eratille
2972 675 3067 739 lux
3094 676 3333 757 illa,sed
3354 684 3420 737 ut
3440 684 3761 737 testaretur

2098 767 2173 829 de
2203 768 2356 830 luce.
2387 793 2414 823 ιι
2443 766 2963 848 Quandoquidem,
3010 774 3074 828 ut
3104 784 3263 847 saepe
3296 765 3424 826 ﬁeri
3456 764 3629 837 solet,
3655 762 3757 845 qui

2100 864 2355 918 testatur
2388 857 2579 936 major
2600 865 2690 918 est
2720 875 2792 917 en
2813 857 2907 919 cui
2930 855 3334 918 testimonium
3364 852 3661 934 perhibet,
3682 871 3759 914 ne

2100 944 2404 1006 existimes
2436 945 2591 1025 quod
2644 945 2905 1007 Joannes
2949 943 3275 1005 testiﬁcans
3305 942 3537 1005 Christo
3570 942 3759 1021 major

2097 1033 2201 1096 illo
2216 1033 2634 1107 fuerit;malam
2649 1033 3051 1113 suspicionem
3066 1031 3312 1094 illam!“
3327 1030 3751 1103 ttinterimens,

2102 1123 2452 1203 inquit,Non
2472 1122 2828 1184 eratillelux
2853 1122 2978 1183 illa.
3012 1121 3128 1184 Sed
3161 1120 3380 1183 dixerit
3405 1119 3698 1201 quispiam
3736 1139 3749 1180 :

2100 1212 2293 1293 Igitur
2307 1231 2424 1273 non
2448 1211 2564 1275 erit
2585 1211 2673 1272 vel
2698 1210 3075 1290 Joannes,vel
3099 1209 3390 1291 quispiam
3407 1217 3748 1272 sanctorum

2099 1302 2406 1363 vocandus
2455 1300 2598 1362 lux?
2644 1302 2863 1363 Lucem
2905 1301 3111 1380 utique
3143 1308 3303 1360 recte
3325 1297 3649 1359 dixerimus
3675 1316 3749 1359 ιι-

2099 1409 2547 1472 numquemque
2571 1397 2936 1462 sanctorum,
2966 1390 3067 1450 sed
3100 1388 3291 1449 lucem
3320 1387 3478 1449 illam
3511 1406 3643 1448 cum
3667 1406 3752 1449 ar-

2102 1479 2283 1541 ticulo
2315 1480 2659 1560 neutiquam
2719 1478 3013 1541 dicemus.
3074 1475 3243 1540 Unde
3273 1476 3321 1537 si
3352 1474 3486 1558 quis
3514 1476 3617 1536 tibi
3650 1476 3751 1536 di-

2100 1569 2543 1645 xerit,Joannes
2574 1569 2671 1631 lux
2705 1575 2837 1632 est?
2858 1566 3151 1629 annue.Si
3184 1574 3381 1629 autem
3412 1565 3749 1644 interroga—

2096 1659 2199 1728 rit,
2231 1658 2511 1741 Nunquid
2540 1658 2800 1723 Joannes
2832 1659 2926 1719 lux
2961 1658 3062 1718 illa
3104 1663 3228 1720 est!
3264 1656 3382 1729 dic,
3429 1657 3585 1720 Non.
3620 1654 3748 1717 Non

2096 1749 2255 1811 enim
2287 1749 2419 1830 ipse
2474 1750 2717 1830 proprie
2748 1748 2844 1810 lux
2879 1753 2993 1821 est,
3027 1746 3130 1808 sed
3153 1745 3253 1807 lux
3296 1762 3405 1825 per
3433 1743 3747 1825 participa-

2091 1839 2342 1913 tionem,
2377 1839 2603 1902 habens
2627 1839 2916 1917 fulgorem
2947 1855 2982 1900 ιι
3009 1854 3145 1897 vera
3176 1836 3331 1900 luce.

2174 1932 2354 1993 Vens.
2384 1929 2444 1991 9.
2477 1952 2499 1985 α
2530 1927 2791 1991 Eratlux
2842 1926 2942 1988 illa
2962 1926 3058 1987 lux
3090 1943 3249 2000 vera,
3287 1942 3419 2005 quae
3447 1921 3746 1986 illuminat

2091 2036 2333 2079 omnem
2355 2016 2655 2079 hominem
2672 2015 3011 2078 venientem
3031 2014 3090 2076 in
3106 2014 3417 2076 mundum.
3431 2011 3745 2075 nDicturus

2091 2116 2181 2170 est
2206 2108 2282 2169 de
2305 2106 2714 2169 incarnatione
2733 2104 3217 2185 Unigeniti,quod
3249 2103 3479 2165 venerit
3507 2104 3569 2166 in
3600 2123 3742 2185 pro-

2090 2197 2406 2279 pria,quod
2427 2215 2569 2259 caro
2595 2196 2782 2257 factus
2808 2194 3000 2257 sit.Ne
3032 2194 3210 2273 igitur
3244 2192 3377 2274 quis
3408 2192 3745 2273 suspicetur

2088 2286 2246 2368 quod
2274 2306 2391 2347 non
2408 2285 2585 2348 fuerit
2604 2294 2919 2365 antequam
2940 2283 3374 2362 incarnaretur,
3403 2281 3535 2360 ejus
3555 2282 3740 2361 gratia

2091 2375 2362 2438 subvehit
2382 2383 2643 2436 mentem
2673 2381 2934 2434 nostram
2961 2372 3022 2433 in
3050 2371 3458 2440 substantiam,
3496 2390 3630 2451 quae
3658 2370 3743 2431 ul-

2092 2474 2186 2527 tra
2213 2484 2390 2525 omne
2449 2463 2807 2545 principium
2855 2470 2968 2534 est,
3013 2460 3071 2523 el
3118 2462 3311 2541 inquit
3347 2480 3362 2521 :
3394 2458 3535 2522 Erat
3563 2462 3741 2522 etiam

2095 2565 2408 2637 antequam
2441 2556 2852 2616 incarnaretur
2909 2554 3006 2613 lux
3060 2552 3161 2612 illa
3196 2568 3355 2613 vera.
3391 2554 3462 2613 Et
3498 2569 3605 2631 per
3630 2551 3742 2613 hoc

346 2640 435 2698 καὶ
491 2642 702 2700 Παύλου
757 2647 850 2701 τοῦ
892 2646 1249 2721 Σαμοσατέως
1282 2646 1489 2726 α’ίρεσιν
1547 2646 1845 2724 ἀνατρέπει,
1899 2655 1998 2705 τῶν

2090 2645 2329 2708 Photini
2351 2653 2409 2707 et
2433 2644 2595 2708 Pauli
2618 2641 2990 2707 Samosateni
3012 2640 3303 2703 subvertit
3320 2641 3621 2714 haeresim,
3641 2640 3743 2721 qui

344 2728 788 2808 δογματισάντων
846 2734 965 2790 τότε
1022 2733 1243 2814 ὑπάρξαι
1276 2737 1367 2791 τὸν
1415 2741 1716 2814 Μονογενῆ⁹
1752 2737 1839 2793 ὅτε
1899 2739 1998 2794 ἀπὸ

2090 2735 2385 2799 docentin
2399 2734 2522 2796 suis
2533 2730 3293 2812 dogmatibusUnigenitum
3311 2738 3451 2791 tunc
3462 2729 3739 2811 coepisse,

341 2822 542 2899 Μαρίας
604 2820 862 2899 ἐγεννήθη
894 2842 907 2856 ⁸
957 2845 1058 2901 προ
1100 2824 1288 2881 τούτου
1327 2823 1381 2880 δὲ
1426 2826 1505 2901 μὴ
1568 2827 1734 2890 εἶναι,
1792 2825 1998 2884 ’Ἀκουε

2090 2826 2324 2908 quando
2348 2824 2422 2886 de
2443 2824 2629 2888 Maria
2651 2831 2824 2885 natus
2865 2830 2981 2897 est,
3016 2828 3076 2883 et
3094 2829 3232 2882 ante
3253 2820 3367 2908 hoc
3389 2838 3507 2880 non
3529 2819 3736 2882 fuisse.

338 2910 426 2966 καὶ
484 2910 569 2982 σὺ,
628 2913 655 2966 6
701 2910 1003 2989 Ἀρειανὸς,
1049 2915 1078 2969 6
1124 2913 1202 2980 μὴ
1246 2912 1419 2992 λέγων
1468 2914 1717 2982 ἀληθινὸν
1750 2919 1880 2972 Θεὸν
1910 2919 1998 2973 τὸν

2090 2907 2236 2976 Audi
2267 2921 2324 2973 et
2349 2920 2435 2992 tu,
2470 2912 2715 2985 Ariane,
2749 2912 2848 2991 qui
2880 2929 3065 2989 negas
3090 2927 3294 2971 verum
3319 2907 3502 2971 Deum
3522 2908 3737 2969 Filium

339 2999 483 3087 Υίὸνν
522 3006 615 3057 τοῦ
659 3008 815 3074 Θεοῦ,
874 3004 924 3058 τί
984 3023 1143 3070 φησιν
1206 3005 1233 3059 6
1288 3003 1695 3083 εὖαγγελιστήςο
1737 3029 1760 3060 ιι
1798 3007 1858 3062 τὸ
1888 3012 1998 3087 φῶς

2090 3001 2366 3084 Dei,quid
2387 3002 2540 3067 dicat
2559 3001 2916 3079 evangelista
2945 3021 2958 3062 :
2996 3023 3017 3054 α
3042 2998 3295 3061 Eratlux
3327 2997 3428 3058 illa
3443 3016 3639 3060 vera.»
3668 3000 3741 3060 Et

336 3088 395 3143 :6
440 3086 689 3156 ἀληθινόν
724 3105 739 3119 ’
784 3113 811 3144 ιι
848 3091 936 3147 καὶ
967 3092 1028 3147 σὺ
1066 3090 1145 3164 δὲ,
1177 3093 1222 3148 ὦ
1281 3099 1577 3173 Μαιιχαϊε,
1614 3096 1641 3149 6
1674 3093 1868 3171 λέγων,
1906 3086 1997 3150 γὸτι

2090 3103 2142 3154 tu
2167 3090 2889 3173 quoque,Manicbaee,qui
2910 3089 3058 3153 dicis
3072 3087 3228 3169 quod
3247 3087 3435 3148 simus
3453 3094 3738 3148 creatura:

336 3185 428 3241 τοῦ
481 3184 717 3258 πονηροῦ
774 3176 1099 3261 δημιουργοῦ
1147 3184 1308 3256 ἔσμεν
1359 3183 1646 3257 κτίσματα,
1680 3180 1856 3263 (Bimae,
1906 3184 1992 3246 ὅτι

2090 3182 2315 3263 opiﬁcis
2362 3180 2610 3253 diaboli,
2639 3179 2800 3254 audi,
2835 3179 2975 3260 quia
3014 3178 3110 3239 lux
3147 3177 3250 3238 illa
3279 3195 3418 3238 vera
3444 3176 3738 3237 illuminat

338 3267 398 3322 τὸ
429 3272 538 3346 φῶς
571 3268 632 3323 τὸ
660 3265 919 3333 ἀληθινὸν
968 3270 1179 3348 φωτίζει
1237 3271 1408 3326 πάντα
1462 3268 1759 3350 ἄνθρωπον.
1794 3274 1851 3330 Εἰ
1908 3276 1996 3329 οὖν

339 3357 369 3411 6
425 3357 659 3436 πονηρός
713 3353 1036 3437 δημιουργὸς
1079 3358 1269 3421 σκότος
1314 3359 1476 3439 ἐστὶν,
1538 3362 1631 3417 οὐκ
1687 3360 1752 3416 ἂν
1792 3363 1997 3441 φωτίσῃ

338 3446 458 3501 τινά
488 3461 503 3476 ⁸
558 3445 696 3502 ὥστε
766 3453 860 3503 τοῦ
932 3450 1108 3527 φωτὸς
1179 3458 1271 3507 τοῦ
1347 3448 1601 3516 ἀληθινοί)
1655 3449 1815 3526 ἐσμεν
1882 3453 1996 3508 κτί-

338 3555 541 3608 σματα.
609 3536 706 3593 Καὶ
763 3537 903 3609 πῶς,
970 3538 1120 3616 φησὶ,
1183 3538 1395 3617 φωτίζει
1473 3538 1646 3595 πάντα
1703 3538 1997 3621 ἄνθρωπον,

339 3622 473 3679 ὅπου
525 3644 586 3700 γε
629 3621 895 3699 βλέπομεν
954 3647 1102 3687 τινας
1173 3625 1576 3703 ἐσκοτισμένους
1610 3669 1632 3690 .
1695 3618 1869 3686 υΟσον
1935 3618 1995 3694 τε

333 3708 418 3791 ἔφ’
464 3712 660 3787 ὲαυτῷ,
718 3713 917 3778 πάντας
974 3715 1210 3794 φωτίζει.
1275 3716 1400 3773 Εἰπὲ
1448 3717 1549 3795 γάρ
1594 3740 1702 3793 μοι,
1754 3722 1813 3776 οὗ
1856 3719 1996 3775 πάν-

334 3823 421 3864 τες
469 3799 726 3881 λογικοίς
786 3807 845 3862 οὗ
905 3806 1101 3868 πάντες
1157 3806 1309 3885 φύσει
1357 3808 1711 3885 γινώσκοντες
1742 3810 1803 3864 τὸ
1833 3807 1996 3865 καλὸν

327 3892 416 3947 καὶ
474 3893 814 3973 τούναντίον;
877 3897 972 3952 οὒκ
1028 3893 1246 3974 ἔχοντες
1313 3895 1525 3971 δύναμιν
1584 3898 1831 3965 ἐννοῆσαι
1886 3898 1993 3954 ἀπὸ

328 3985 435 4036 τῶν
478 3982 786 4056 κτισμάτων
823 3983 912 4039 τὸν
957 3986 1186 4051 κτίστην
1221 4006 1236 4061 ;
1288 3976 1465 4042 εὨστιι
1522 3989 1549 4043 6
1580 3985 1739 4065 λόγος
1772 3990 1798 4043 6
1829 3986 1991 4051 δοθεὶς

324 4070 486 4151 ἡμῖν,
532 4072 620 4127 καὶ
664 4070 1020 4150 παιδαγωγῶν
1074 4075 1220 4143 ἡμᾶς
1271 4076 1444 4156 φύσει,
1511 4077 1569 4141 ὃς
1625 4079 1715 4134 καὶ
1774 4079 1992 4157 φυσικὸς

325 4162 489 4234 νόμος
547 4158 819 4231 καλεῖται,
895 4161 1044 4225 οὗτος
1112 4162 1171 4218 ἂν
1231 4162 1454 4233 κληθείη
1538 4172 1675 4247 ιρῶς,
1733 4167 1794 4222 τὸ
1846 4164 1991 4230 δοθὲν

328 4251 463 4324 ἡμῖν
521 4251 663 4329 παρᾶ
710 4252 843 4307 Θεοῦ
877 4270 890 4284 ·
940 4253 984 4306 εἰ
1028 4249 1081 4307 δέ
1138 4274 1274 4317 τινες
1330 4261 1510 4320 κακῶς
1552 4263 1628 4331 τῷ
1656 4255 1802 4335 λόγῳ
1820 4258 1988 4337 ἒχρή-

332 4360 513 4407 σαντο,
572 4341 789 4404 ἑαυτοὺς
848 4340 1149 4404 ἐσκότισαν,
1207 4344 1355 4407 Τινὲς
1388 4342 1443 4400 δὲ
1487 4345 1625 4403 οὕτω
1672 4345 1849 4403 λύουσι
1894 4350 1991 4413 τὴν

332 4426 572 4486 ἔνστασιν
622 4430 822 4496 ταύτην
856 4449 871 4463 ⁸
940 4434 1186 4510 Φωτῗζει,
1256 4435 1435 4513 φησὶν,
1492 4437 1519 4491 6
1582 4436 1765 4514 Κύριος
1822 4440 1992 4492 πάντα

329 4517 603 4598 ἄνθρωπον
658 4520 750 4574 τὸν
821 4518 1115 4599 ἐρχόμενον
1189 4525 1261 4587 εἷς
1320 4525 1409 4579 τὸν
1454 4524 1679 4600 κόσμον,
1745 4523 1863 4593 ἤτοι
1922 4527 1995 4595 εἷς

322 4608 466 4674 τάξιν
567 4607 833 4689 βελτίονα,
915 4612 1001 4667 καὶ
1083 4610 1443 4685 σπουδάζοντα
1542 4616 1811 4689 κοσμῆσαι
1895 4615 1994 4682 τὴν

323 4699 521 4755 οἰκείαν
554 4698 765 4778 ψυχὰν,
799 4711 886 4756 καὶ
910 4701 988 4775 μὴ
1018 4701 1165 4756 ἐᾶσαι
1199 4701 1436 4780 ἀκοσμόν
1467 4726 1525 4761 τε
1556 4707 1641 4761 καὶ
1671 4704 1907 4772 ἀκαλλῆ,

408 4808 438 4847 α
473 4786 563 4846 Ἐν
610 4795 686 4863 τῷ
739 4790 927 4865 κόσμῳ
968 4791 1055 4863 ἦν,
1106 4794 1191 4847 καὶ
1240 4795 1267 4848 6
1322 4795 1523 4870 κόσμος
1579 4792 1647 4849 δι’
1678 4794 1835 4852 αὖτοῦ
1864 4794 1984 4873 ἐγέ-

322 4899 464 4951 νετο,
497 4880 586 4934 καὶ
616 4881 644 4936 6
699 4879 901 4954 κόσμος
952 4880 1108 4937 αὐτὸν
1154 4884 1248 4937 οὒκ
1299 4882 1458 4961 ἔγνω,
1498 4908 1523 4942 ιι
1581 4882 1666 4941 Ἐν
1699 4890 1774 4959 τῷ
1804 4884 1991 4960 κόσμῳ

324 4969 392 5032 ἦν
448 4969 522 5030 ὡς
568 4970 698 5033 Θεὸς
754 4978 1036 5048 πανταχοῦ
1108 4972 1292 5049 παρών
1328 4988 1341 5003 '
1390 4971 1527 5030 ἀλλὰ
1585 4972 1649 5041 δὴ
1713 4976 1799 5030 καὶ
1854 4974 1990 5030 κατὰ

326 5059 679 5134 προνοητικὸν
710 5060 798 5115 καὶ
832 5060 1186 5141 συνε[κ]τικὸν
1239 5061 1458 5137 λεγθείη
1512 5062 1574 5119 ἂν
1616 5064 1667 5119 ἐν
1698 5071 1775 5139 τῷ
1804 5064 1990 5137 κόσμῳ

323 5148 491 5209 εἶναι.
555 5149 735 5207 Καίτοι
779 5152 830 5207 τί
874 5163 1049 5221 τοῦτο,
1094 5154 1246 5233 φησὶ,
1301 5153 1464 5232 λέγω,
1496 5153 1576 5210 ὅτι
1609 5154 1662 5211 ἐν
1695 5161 1773 5228 τῷ
1802 5154 1990 5230 κόσμῳ

322 5238 412 5318 ἦν,
477 5236 612 5295 ὅπου
653 5260 714 5316 γε
755 5238 871 5296 οὗδὲ
903 5243 930 5298 6
973 5241 1178 5318 κόσμος
1228 5243 1291 5299 ἂν
1335 5243 1422 5317 ἦν,
1458 5246 1499 5300 εἰ
1531 5245 1610 5320 μὴ
1644 5246 1797 5308 αὐτὸς
1831 5245 1987 5300 αὐτὸν

319 5327 539 5397 ἐποίησε
574 5348 591 5409 ;
626 5332 974 5410 Πανταχόθεν
1024 5329 1079 5388 δὲ
1115 5336 1451 5412 Δημιουργὸν
1483 5336 1638 5394 αὐτὸν
1677 5333 1929 5391 δείγνυσιν
1965 5354 1978 5368 ·

314 5418 426 5494 ἅμα
482 5422 582 5495 μὲν
640 5422 726 5477 καὶ
769 5421 868 5488 τὴν
911 5432 1005 5482 τοῦ
1047 5424 1310 5488 Μάνεντος
1371 5425 1565 5483 λύσσαν
1622 5423 1981 5505 ἀναστέλλων,

2082 3290 2319 3332 omnem
2338 3270 2664 3332 hominem.
2702 3268 2763 3331 Si
2785 3268 2962 3347 igitur
2980 3267 3270 3342 malignus
3290 3266 3392 3328 ille
3419 3266 3615 3346 opifex
3644 3275 3734 3328 te-

2083 3359 2286 3422 nebrw
2310 3359 2659 3441 est,nullum
2679 3358 2884 3438 utique
2912 3356 3212 3418 illuminat
3242 3377 3255 3413 :
3278 3363 3454 3436 atque
3472 3354 3553 3416 ita
3583 3374 3738 3418 vera:

2085 3451 2234 3533 lucis
2252 3460 2537 3513 creaturae
2554 3468 2787 3511 sumus.
2825 3452 2892 3508 Et
2910 3448 3230 3529 quomodo,
3263 3446 3477 3527 inquit,
3508 3446 3731 3507 illumi-

2082 3550 2183 3604 nat
2206 3559 2444 3601 omnem
2500 3539 2829 3611 hominem,
2867 3556 3000 3598 cum
3027 3536 3333 3597 videamus
3365 3544 3481 3595 tam
3514 3534 3734 3597 multos

2085 3629 2537 3694 obtenebratos?
2558 3628 2848 3701 Quantum
2872 3626 2945 3687 ad
2967 3628 3160 3708 ipsum
3182 3626 3412 3699 attinet,
3440 3624 3735 3686 illuminat

2087 3738 2319 3783 omnes.
2349 3720 2456 3782 Dic
2481 3717 3159 3797 enim,0bsecru,nonne
3181 3732 3389 3776 omnes
3412 3714 3733 3777 rationales

2084 3816 2262 3873 sunt?
2284 3827 2482 3871 nonne
2505 3826 2714 3869 omnes
2747 3814 2956 3868 natura
2984 3804 3241 3867 scientes
3271 3804 3492 3869 bonum
3517 3818 3579 3871 et
3601 3828 3731 3871 ma-

2081 3898 2203 3961 lum
2232 3899 2258 3960 ?
2288 3917 2487 3960 nonne
2518 3915 2728 3959 omnes
2755 3896 2978 3959 habent
3019 3895 3299 3959 virtutem
3332 3914 3404 3957 ex
3436 3899 3733 3961 creaturis

2078 3986 2476 4067 cognoscendi
2495 3992 2839 4049 Creatorem
2864 3992 2892 4048 ?
2931 3983 3003 4047 Et
3024 3983 3106 4046 ita
3128 3984 3277 4046 ratio
3302 3984 3436 4047 data
3449 3986 3641 4062 nobis,
3676 3997 3735 4050 et

2076 4085 2288 4140 natura
2321 4095 2428 4137 nos
2449 4077 2776 4150 instruens,
2798 4094 2930 4156 quae
2953 4083 3010 4136 et
3033 4074 3319 4136 naturalis
3341 4075 3433 4137 lex
3466 4084 3728 4158 vocatur,

2078 4168 2208 4229 haec
2231 4175 2434 4228 vocata
2465 4174 2553 4228 est
2586 4165 2684 4226 lux
2711 4164 2887 4228 nobis
2916 4184 2949 4226 a
2978 4164 3101 4229 Deo
3132 4165 3289 4229 data.
3323 4164 3489 4238 Quod
3523 4166 3574 4227 si
3603 4168 3733 4248 qui-

2075 4255 2210 4319 dam
2224 4262 2455 4318 ratione
2478 4259 2569 4319 usi
2596 4275 2713 4317 non
2738 4254 2966 4331 sunt,hi
2984 4256 3211 4335 seipsos
3235 4255 3723 4319 obtenebrarunt.

2075 4345 2357 4408 Nonnulli
2381 4347 2534 4408 hanc
2559 4344 2986 4406 dubitationem
3011 4344 3092 4405 ita
3112 4344 3380 4407 solvunt:
3403 4343 3726 4418 llluminat,

2079 4435 2376 4516 inquiunt,
2412 4434 2699 4496 Dominus
2728 4453 2966 4496 omnem
2991 4433 3291 4495 hominem
3321 4433 3730 4497 venientemin

2085 4524 2372 4585 mundum
2401 4544 2413 4585 :
2442 4524 2554 4585 hoc
2579 4534 2803 4604 est,ens
2833 4521 2932 4604 qui
2955 4531 3093 4583 sunt
3122 4521 3182 4583 in
3205 4530 3354 4584 statu
3388 4522 3646 4599 meliori,
3672 4533 3731 4585 et

2080 4614 2290 4675 dantes
2316 4631 2556 4693 operam
2590 4621 2655 4674 ut
2686 4621 2931 4675 ornetur
2952 4612 3151 4673 anima
3181 4632 3305 4683 sua,
3344 4630 3541 4693 neque
3564 4613 3723 4675 illam

2074 4702 2405 4765 inornatam
2440 4712 2498 4763 et
2532 4713 2764 4783 turpem
2801 4721 2932 4763 esse
2963 4702 3250 4765 sinentes.

2155 4791 2561 4855 Vens-mult:
2597 4791 2817 4852 mundo
2849 4799 2994 4865 erat,
3022 4801 3079 4852 et
3113 4792 3369 4853 mundus
3397 4812 3502 4873 per
3530 4794 3722 4873 ipsum

2074 4884 2264 4947 factus
2286 4891 2469 4952 est,et
2490 4881 2750 4951 mundus
2776 4900 2909 4943 eum
2936 4900 3051 4942 non
3075 4882 3479 4961 cognovit.-In
3503 4885 3725 4946 mundo

2076 4979 2225 5043 erat,
2264 4971 2415 5032 sicut
2444 4970 2601 5034 Deus
2632 4969 2856 5051 ubique
2890 4986 3167 5048 praesens.
3207 4969 3361 5042 Quin
3397 4980 3455 5034 et
3486 4980 3728 5052 propter

2073 5062 2603 5143 providentiam,et
2624 5059 3087 5121 conservativam
3106 5060 3219 5121 vim
3244 5081 3358 5142 qua
3369 5062 3567 5123 omnia
3586 5082 3727 5123 con~

2072 5149 2586 5232 servat,dicendus
2611 5149 2780 5210 estin
2813 5149 3035 5210 mundo
3058 5167 3229 5211 esse:
3257 5150 3418 5231 atqui
3450 5169 3556 5211 cur
3585 5152 3719 5226 hoc,

2072 5238 2287 5321 inquit,
2322 5238 2456 5299 dico
2490 5238 2643 5319 quod
2678 5238 2740 5298 in
2774 5238 2993 5299 mundo
3018 5237 3503 5321 fuerit,qu0niam
3532 5259 3726 5322 neque

2070 5329 2329 5391 mundus
2360 5328 2487 5409 ipse
2516 5327 2755 5404 fuisset,
2803 5328 2913 5412 nisi
2948 5328 3043 5389 ille
3092 5330 3279 5409 ipsum
3313 5331 3725 5394 condidisset?

2066 5418 2301 5501 Ubique
2334 5419 2525 5500 ipsum
2558 5418 2823 5478 ostendit
2862 5416 3162 5498 opificem,
3199 5420 3411 5500 partim
3444 5429 3506 5483 ut
3535 5422 3719 5486 Manio

315 5517 408 5566 τοῦ
451 5509 729 5589 λέγοντος,
813 5514 1046 5591 πονηρὸν
1122 5513 1445 5595 δημιουργὸν
1524 5528 1860 5593 παραγαγεῖν
1917 5517 1983 5570 τὰ

2090 5508 2211 5571 :hazi
2234 5507 2526 5569 insaniam
2551 5506 3040 5588 reprimeret,qui
3067 5508 3210 5571 dicit
3243 5509 3562 5589 malignum
3596 5514 3719 5593 opi-

312 5600 590 5674 σύμπαντα
627 5620 642 5636 '
678 5599 817 5658 ἀλλὰ
864 5600 931 5670 δὴ
971 5606 1059 5660 καὶ
1101 5606 1202 5672 την
1245 5612 1338 5662 τοῦ
1386 5604 1611 5686 Ἀρείου³
1647 5613 1739 5662 τοῦ
1769 5606 1979 5685 φήσαν-

2090 5602 2234 5660 irem
2270 5596 2620 5686 produxisse
2650 5596 2856 5657 omnia
2892 5605 2991 5658 :et
3020 5597 3225 5660 Arium
3259 5600 3719 5683 confutaret,qui

309 5709 401 5753 τος
446 5691 641 5769 κτίσμα
700 5692 844 5749 εἶναι
888 5694 979 5750 τὸν
1041 5697 1158 5752 Υίὸν
1238 5694 1331 5753 τοῦ
1387 5703 1520 5757 Θεοὺ
1596 5685 1709 5772 ἅμα
1768 5693 1823 5751 δὲ
1894 5697 1982 5753 καὶ

2090 5691 2209 5753 Iixit
2236 5686 2452 5752 Filium
2476 5685 2579 5752 Dei
2596 5695 2729 5749 esse
2750 5695 3082 5750 creaturam
3115 5705 3129 5749 :
3157 5691 3369 5772 partim
3393 5699 3459 5755 ut
3478 5711 3717 5777 omnem
