4184 6400
472 327 616 391 1151

1441 333 2039 399 ΤΗΕΟΡΗΥΙιΑῧΤΙ
2084 335 2498 401 BULGARUE
2541 339 2896 403 ARCHIEP.

3720 336 3879 401 1152

468 463 772 527 hominem
794 465 1111 530 induceret
1133 477 1194 530 ut
1210 471 1562 533 conﬁteatur
1577 471 1983 549 Factorem,et
2002 491 2121 535 non

2228 471 2377 527 πάντα
2438 472 2709 552 ἄνθρωπον
2790 474 2995 551 Ιενάγων
3082 475 3155 539 εἰς
3226 475 3286 531 τὸ
3358 472 3697 551 ὁμολογῆσαι
3788 474 3887 527 τὸν

470 552 613 614 ms
644 555 856 616 serviat
881 559 1191 631 creaturis,
1235 560 1339 622 sed
1374 560 1582 624 adoret
1611 561 2020 625 Conditorem.
2053 564 2127 625 At

2212 562 2477 642 Πσιητῆν,
2536 564 2623 619 καὶ
2680 564 2758 637 μῆ
2837 562 3115 641 λατρεῦσαι
3189 577 3306 628 τοῖς
3374 563 3679 637 κτίσμασιν,
3741 560 3889 618 ἀλλὰ

471 643 749 733 mundus,
786 643 1004 726 inquit,
1029 666 1165 709 eum
1198 668 1314 710 non
1347 650 1625 730 cognovit
1660 672 1675 711 :
1707 653 1817 714 hoc
1850 660 1961 733 est,
1990 672 2128 731 pro—

2228 657 2571 724 τροσκυνῆσαι
2629 654 2719 709 τὸν
2786 653 3038 719 Κτίστην,
3100 674 3124 708 ι
3189 643 3247 709 Ὀ
3303 651 3505 727 κόσμος
3564 650 3642 732 δὲ,
3687 652 3892 731 φησὶν,

470 732 732 794 misenus
750 733 850 795 ille
873 736 1149 816 populus,
1165 739 1264 818 qui
1289 740 1603 802 mundanis
1626 740 1902 805 addictus
1920 732 2010 804 est
2026 762 2127 805 ne-

467 822 934 900 gotiis.Mundus
960 826 1118 887 enim
1135 827 1427 905 signiﬁcat
1450 830 1692 910 quidem
1708 833 2127 894 etuniversum

466 912 601 1004 hoc,
629 912 782 1004 sicut
806 914 916 975 hoc
970 914 1099 977 loco
1133 916 1360 979 dictum
1406 927 1518 1000 est,
1555 921 1711 1002 quod
1740 922 1998 984 mundus
2030 940 2136 1004 per

466 999 660 1093 ipsum
685 1002 876 1093 factus
898 1013 992 1066 est
1018 1022 1031 1067 :
1065 1005 1360 1085 signiﬁcat
1383 999 1590 1070 autem'
1625 1020 1682 1072 et
1704 1030 1809 1073 eos
1831 1012 1932 1093 qui
1958 999 2134 1073 mun-

468 1090 540 1152 da
555 1110 629 1153 na
649 1092 910 1172 sapiunt:
937 1095 1090 1157 sicut
1112 1096 1209 1157 hic
1242 1096 1388 1159 dicit
1406 1098 1561 1179 quod
1584 1090 1998 1164 mnndusvcum
2019 1120 2137 1162 non

473 1182 770 1259 cognovit,
805 1183 919 1245 hoc
941 1192 1031 1246 est
1064 1186 1289 1247 terreni
1313 1187 1611 1270 homines,
1636 1190 1913 1271 quoniam
1945 1190 2133 1253 sancti

474 1289 685 1337 omnes
713 1282 773 1336 et
804 1277 1111 1357 prophetae
1131 1287 1523 1355 agnoverunt.

562 1450 747 1515 Vens.
776 1455 872 1517 ll.
905 1479 932 1510 α
968 1455 1034 1517 In
1058 1458 1303 1538 propria
1329 1458 1575 1533 venit,et
1596 1460 1824 1542 proprii
1856 1480 1990 1523 eum
2016 1478 2135 1521 non

2212 742 2365 797 αὐτὸν
2421 746 2515 801 οῦκ
2571 742 2729 821 ἔγνω,
2770 768 2794 799 ι
2858 743 2973 798 ἀντὶ
3016 748 3132 815 τοῦ,
3180 745 3207 799 ὁ
3252 740 3481 822 χυδαῖος
3510 741 3663 821 λαὸς,
3698 744 3726 798 ὁ
3756 756 3883 802 τοῖς

2214 836 2306 886 103
2363 831 2566 907 κόσμου
2614 832 2994 911 προστετηκὼς
3040 833 3341 911 πράγμασι.
3410 834 3483 891 Τὸ
3526 832 3626 911 γὰρ
3691 855 3718 885 ι
3783 832 3889 887 κό-

2216 940 2350 993 σμος
2415 942 2438 977 ι
2504 918 2673 996 ὄνομα
2734 920 2980 996 σημαίνει
3038 922 3136 997 μὲν
3189 923 3277 978 καὶ
3330 922 3391 978 τὸ
3448 923 3657 996 σύμπαν
3703 927 3885 991 τοῦτο,

2218 1009 2350 1065 καθὰ
2392 1009 2612 1067 ἐνταῦθα
2642 1010 2881 1088 εἴρηται,
2930 1010 3010 1065 ὅτι
3061 1032 3084 1066 ε
3125 1002 3182 1069 Ὀ
3207 1011 3411 1087 κόσμος
3453 1009 3523 1066 δι’
3569 1010 3727 1067 αὐτοῦ
3758 1009 3889 1087 ἐγέ-

2220 1119 2337 1155 νετο
2366 1117 2382 1135 ο
2428 1122 2448 1154 ε
2500 1102 2748 1175 σημαίνει
2778 1100 2833 1156 δὲ
2878 1102 2965 1157 καὶ
2997 1101 3115 1163 τοὺς
3148 1102 3213 1157 τὰ
3242 1102 3475 1176 κοσμικὰ
3506 1100 3826 1179 φρονοῦντας
3866 1119 3883 1135 ’

2216 1190 2348 1245 καθᾶ
2407 1190 2623 1248 ἐνταῦθά
2702 1192 2892 1272 φήσιν,
2968 1190 3048 1247 ὅτι
3117 1214 3140 1247 ε
3201 1183 3257 1248 Ὀ
3318 1192 3524 1266 κόσμος
3580 1191 3737 1248 αυτὸν
3792 1189 3895 1245 οὐκ

2219 1277 2376 1355 ἔγνω,
2415 1298 2444 1338 )
2505 1279 2618 1337 ἀντὶ
2670 1288 2785 1354 τοῦ,
2844 1284 2889 1337 οἱ
2962 1282 3143 1359 γήϊνοι
3219 1278 3485 1354 ἄνθρωποι
3520 1297 3540 1316 ⁸
3604 1279 3721 1335 ἐπεὶ
3765 1278 3893 1356 οἵγε

2218 1367 2359 1445 ἅγιοι
2390 1369 2582 1433 πάντες
2614 1370 2702 1425 καὶ
2732 1372 2777 1426 οἱ
2808 1374 3075 1449 προφῆται
3104 1368 3441 1446 ἐπέγνωσαν.

2310 1482 2337 1512 ι
2375 1462 2459 1522 Εἷς
2493 1460 2556 1516 τὰ
2588 1460 2700 1515 ἴδια
2741 1457 2892 1531 ῆλθε,
2952 1460 3040 1515 καὶ
3070 1462 3117 1515 οἱ
3152 1457 3281 1516 ἴδιοι
3322 1458 3477 1515 αὐτὸν
3527 1460 3586 1516 οῦ
3643 1456 3890 1535 παρέλα-

482 1550 845 1622 receperunt
905 1570 926 1603 ο
966 1548 1086 1609 Hoc
1114 1547 1242 1609 locu
1286 1548 1770 1611 manifestissime
1808 1551 2139 1630 ingreditur

2228 1546 2337 1609 ϐον.
2377 1571 2403 1603 ε
2455 1549 2707 1607 Ἐνταῦθα
2766 1549 3111 1629 φανερώτατα
3162 1549 3235 1612 εἰς
3295 1549 3387 1605 τὸν
3417 1549 3535 1626 περὶ
3564 1547 3662 1614 τῆς
3692 1547 3891 1625 ὶνσάρ-

485 1647 826 1695 sermonem
856 1636 933 1697 de
962 1636 1374 1700 incarnatione
1404 1656 1417 1701 :
1448 1648 1505 1700 et
1534 1648 1621 1701 est
1650 1647 1803 1702 totus
1830 1640 2139 1703 sententia:

2228 1658 2317 1692 κου
2389 1638 2693 1713 οἰκονομίας
2751 1636 2913 1715 λόγον
2997 1634 3284 1711 εἰσϐάλλει,
3348 1639 3436 1693 καὶ
3491 1636 3631 1693 ἔστιν
3688 1638 3723 1705 ἡ
3782 1635 3891 1701 ὅλη

482 1730 798 1784 contextus
820 1723 892 1798 is,
930 1728 1069 1788 Erat
1088 1726 1328 1807 quidem
1345 1727 1569 1810 absque
1595 1748 1773 1791 carne
1794 1731 1893 1792 lux
1910 1748 2043 1791 vera
2077 1728 2139 1791 in

2228 1727 2327 1808 ῦφὴ
2371 1734 2462 1783 τοῦ
2514 1729 2778 1803 νοήματος
2810 1727 3032 1794 τοιαύτη
3068 1745 3083 1760 ’
3116 1716 3212 1783 Ἠν
3259 1726 3359 1801 μὲν
3399 1727 3568 1807 χωρὶς
3599 1727 3792 1805 σαρκὸς
3824 1727 3894 1782 τὸ

488 1810 735 1886 mundo,
769 1819 827 1873 et
868 1832 982 1875 non
1022 1801 1498 1896 agnoscebatur}
1535 1818 1755 1882 deinde
1812 1819 1868 1880 in
1904 1818 2139 1900 propria

2228 1801 2336 1896 φῶς
2394 1818 2454 1873 τὸ
2504 1816 2752 1884 ἀληθινὸν
2809 1816 2863 1873 ἐν
2908 1823 2984 1891 τῷ
3030 1816 3241 1891 κόσμῳ,
3314 1817 3403 1872 καὶ
3466 1818 3560 1873 οῦκ
3622 1814 3895 1893 ἐπεγινώ-

485 1902 644 1962 venit
674 1920 808 1963 cum
869 1922 1074 1967 carne.
1136 1905 1383 1988 Propria
1413 1916 1609 1969 autem
1657 1908 1786 1988 ejus
1833 1909 1923 1971 vel
1958 1916 2139 1971 totum

2228 1927 2386 1963 σκετο
2416 1926 2429 1940 ·
2478 1910 2598 1963 εἶτα
2644 1907 2731 1962 καὶ
2775 1907 2847 1969 εἷς
2904 1906 2969 1961 τὰ
3002 1903 3113 1961 ἴδια
3144 1904 3271 1973 ῆλθε
3317 1906 3453 1981 μετὰ
3481 1907 3703 1985 σαρκός.
3732 1902 3897 1962 ’Ἲδια

486 1990 773 2052 mundum
824 1992 1112 2073 intellige,
1169 1984 1270 2057 vel
1318 1996 1550 2058 Judaaos
1579 1984 1728 2078 quos
1759 1998 1924 2078 eligit
1952 2006 2018 2059 ut
2046 2000 2139 2060 fu-

2228 1993 2282 2050 δὲ
2332 1999 2491 2053 αῦτοῦ
2534 1996 2569 2063 ἢ
2612 1996 2705 2052 τὸν
2754 1994 2876 2051 ὅλον
2908 1994 3110 2069 κόσμον
3140 1995 3376 2074 νοήσεις,
3411 1993 3446 2062 ἢ
3478 1984 3577 2062 τῆν
3608 1992 3890 2065 Ἰουδαίαν,

485 2080 752 2143 niculum
776 2081 1162 2157 haereditatis,
1195 2094 1252 2145 et
1275 2095 1339 2146 ut
1362 2087 1693 2165 portionem
1724 2088 2139 2169 peculiumque

2228 2087 2293 2142 ῆν
2344 2085 2610 2152 ἐξελέξατο
2652 2088 2726 2150 ὡς
2779 2086 3072 2166 σχοίνισιια
3114 2082 3497 2165 κληρονομίας,
3529 2085 3619 2141 καὶ
3674 2086 3747 2148 ὡς
3780 2104 3893 2158 με-

484 2191 678 2234 suum.
701 2176 799 2236 nEt
818 2173 1043 2254 proprii
1068 2192 1204 2235 eum
1232 2174 1357 2236 non
1373 2186 1792 2258 receperunt,»
1816 2178 1909 2241 vel
1930 2178 2142 2252 Judaei,

482 2261 571 2325 vel
606 2262 811 2325 caeteri
833 2263 1109 2326 homines
1133 2266 1232 2346 qui
1265 2265 1337 2327 ab
1367 2284 1436 2327 eo
1460 2267 1906 2349 conditi.lgitur
1927 2287 2142 2350 quem-

482 2352 805 2414 admodum
833 2354 1105 2433 deplorat
1127 2356 1490 2418 dementiam
1518 2358 1942 2435 bominum,ita
1965 2360 2143 2421 etad-

487 2442 740 2504 miratur
770 2444 1240 2507 misericordiam
1284 2446 1545 2508 Domini.
1588 2446 1698 2519 Qui
1732 2448 1952 2529 proprii
1985 2448 2138 2528 ejus,

487 2532 698 2613 inquit,
726 2540 916 2613 erant,
936 2552 1056 2594 non
1079 2553 1290 2596 omnes
1320 2541 1683 2616 receperunt
1714 2555 1871 2597 eum.
1898 2538 2140 2600 Nullum

493 2624 783 2687 Dominus
814 2626 1167 2688 necessitate
1196 2628 1353 2707 cogit
1382 2637 1440 2689 et
1462 2630 1716 2705 attrahit,
1737 2630 1841 2691 sed
1872 2630 2141 2693 volunta-

490 2722 607 2774 tem
635 2714 878 2795 reliquit
907 2723 965 2776 et
993 2716 1376 2779 electionem.

565 2804 748 2867 Vens.
787 2809 882 2868 l2.
925 2829 950 2859 α
986 2805 1284 2884 Quotquot
1329 2818 1526 2868 autem
1571 2819 1926 2888 receperunt
1975 2827 2136 2886 eum,

486 2891 653 2954 dedit
676 2893 760 2954 eis
790 2901 1135 2974 potestatem
1166 2895 1460 2957 ﬁcriﬁlios
1482 2896 1610 2971 Dei,
1646 2897 1740 2959 his
1771 2897 1872 2980 qui
1893 2897 2143 2961 credunt

486 2982 543 3045 in
598 2982 844 3045 nomine
891 2985 1042 3063 ejus.
1107 3010 1129 3042 ε
1190 2984 1326 3049 Sive
1379 2986 1557 3060 servi,
1616 2986 1738 3049 sive
1771 2986 1973 3070 liberi,
2021 2992 2142 3050 sive

2229 2170 2365 2256 ρίδα,
2422 2178 2510 2233 καὶ
2570 2177 2642 2239 ὥς
2700 2176 3111 2255 περιουσιασμὸν
3183 2174 3360 2235 αὺτοῦ.
3416 2196 3439 2230 ε
3514 2176 3611 2232 Καὶ
3670 2176 3715 2230 οἱ
3761 2171 3894 2228 ἴδιοι

2227 2268 2381 2325 αὐτὸν
2416 2268 2475 2322 οῦ
2502 2264 2824 2345 παρέλαϐον,
2882 2288 2907 2319 ι
2974 2264 3010 2331 ἢ
3064 2266 3111 2320 οἱ
3142 2260 3417 2345 Ἰουδαῖοι,
3451 2263 3487 2331 ἢ
3518 2265 3606 2320 καὶ
3637 2266 3684 2320 οἱ
3714 2262 3897 2320 λοιποὶ

2224 2354 2512 2435 ἅνθρωποι,
2574 2344 2620 2411 cl
2675 2352 2766 2411 ὑπ’
2822 2357 2979 2412 αὐτοῦ
3009 2352 3330 2416 κτισθέντες.
3369 2344 3586 2430 "thp
3615 2355 3703 2409 οῦν
3746 2351 3894 2408 ἁπο-⁵

2224 2444 2461 2501 κλαίεται
2516 2445 2615 2511 τῆν
2671 2442 2853 2501 ἄνοιαν
2928 2448 3033 2497 τῶν
3112 2441 3425 2522 ἀνθρώπων,
3497 2444 3586 2498 καὶ
3636 2441 3893 2517 θαυμάζει

2226 2537 2324 2602 τὴν
2354 2532 2747 2613 φιλανθρωπίαν
2790 2538 2884 2589 τοῦ
2931 2530 3231 2588 Δεσπότοδ.
3284 2528 3481 2611 ’¹ιδιοι,
3524 2531 3706 2612 φησὶν,
3736 2530 3894 2594 ὄντες

2225 2623 2404 2698 αὺτοῦ,
2463 2627 2523 2682 οῦ
2564 2623 2759 2685 πάντες
2815 2618 3117 2700 παρέλαϐον
3171 2618 3351 2681 αὐτόν.
3409 2622 3481 2678 Οῦ
3532 2622 3631 2699 γὰρ
3678 2620 3891 2698 ἀνάγκη

2225 2714 2341 2769 τινὰ
2389 2712 2667 2793 ἐφέλκεται
2699 2712 2728 2767 ὃ
2763 2712 2974 2791 Κύριος,
3010 2708 3148 2766 ἀλλὰ
3191 2710 3384 2787 γνώμῃ
3432 2711 3523 2766 καὶ
3550 2710 3889 2790 προαιρέσει.

2313 2824 2343 2864 ε
2376 2794 2539 2862 ΗΟσοι
2600 2802 2654 2858 δὲ
2698 2800 2885 2859 ἔλαϐον
2933 2802 3110 2876 αὐτὸν,
3170 2799 3362 2858 ἔδωκεν
3423 2804 3606 2866 αὺτοῖς
3655 2801 3892 2867 ἐξουσίαν

2224 2894 2385 2951 τέκνα
2445 2893 2577 2950 Θεοῦ
2619 2892 2886 2972 γενέσθαι,
2946 2904 3063 2955 τοῖς
3115 2891 3447 2947 πιστεύουσιν
3500 2892 3573 2957 είς
3615 2893 3676 2948 τὸ
3718 2889 3889 2964 ὄνομα

2226 2986 2383 3041 αὐτοῦ
2445 3005 2469 3041 ε
2538 2982 2644 3041 Κᾶν
2703 2980 2903 3058 δοῦλοι,
2936 2978 3036 3037 κᾶν
3067 2979 3350 3059 ἐλεύθεροι,
3400 2979 3499 3035 κᾶν
3527 2978 3739 3053 παῖδες,
3788 2979 3889 3035 κᾶν

485 3072 680 3154 pueri,
715 3073 838 3136 sive
868 3092 1067 3151 senes,
1097 3075 1219 3136 sive
1252 3074 1520 3151 Barbari,
1557 3076 1680 3138 sive
1711 3078 1924 3151 Graeci,
1960 3067 2139 3161 quot-

2228 3074 2494 3153 γὲροντες,
2555 3072 2653 3129 κᾶν
2710 3069 2992 3150 Βλρϐαροι,
3036 3070 3135 3127 κᾶν
3180 3068 3489 3161 ’¹Ελληνες,
3540 3069 3653 3126 ὅσοι
3699 3067 3888 3161 ἔλαϐον

485 3170 622 3242 quot
643 3172 1003 3242 receperunt
1026 3164 1358 3238 eum,dedit
1384 3166 1469 3227 eis
1495 3175 1843 3247 potestatem
1867 3168 2016 3231 ﬁlios
2039 3171 2143 3240 Dei

484 3250 761 3324 ﬁeri.Qui
786 3261 983 3314 autem
1009 3264 1150 3315 sunt
1172 3255 1255 3316 illi
1282 3263 1309 3318 ?
1332 3254 1404 3316 Hi
1429 3264 1529 3336 qut
1557 3256 1882 3319 creduntin
1903 3257 2144 3320 nomine

481 3341 703 3421 ejus,hi
719 3342 955 3404 scilicet
971 3343 1069 3424 qui
1093 3354 1370 3425 suscepto
1388 3343 1586 3407 Verbo
1610 3347 1798 3408 lucem
1823 3366 2019 3409 veram
2042 3366 2147 3429 per

484 3430 660 3491 ﬁdem
684 3441 1135 3512 receperunt,et
1159 3434 1563 3495 declararunt.
1598 3436 1781 3516 Cujus
1805 3437 1993 3516 gratia
2026 3457 2145 3500 nen

482 3519 629 3581 dixit
649 3522 803 3601 quod
826 3522 1038 3585 fecerit
1084 3544 1185 3585 eos
1220 3525 1372 3585 ﬁlios
1397 3524 1526 3599 Dei,
1552 3527 1653 3587 sed
1689 3528 1844 3607 quod
1879 3536 2143 3607 potesta-

482 3618 599 3671 tem
625 3610 861 3673 dederit
884 3614 971 3674 eis
993 3614 1147 3675 ﬁlios
1164 3613 1270 3676 Dei
1289 3615 1420 3677 ﬁeri
1444 3614 1474 3675 ?
1496 3617 1676 3695 Fujus
1696 3616 1926 3696 gratia?
1958 3618 2092 3679 audi
2127 3636 2140 3680 :

482 3698 631 3771 Quia
664 3718 783 3760 non
808 3701 1027 3764 sufﬁcit
1056 3703 1127 3763 ad
1152 3704 1481 3765 custodiam
1530 3706 1798 3785 puritatis
1835 3705 2141 3788 baptizari,

482 3788 586 3850 sed
621 3796 678 3851 et
708 3790 893 3853 multo
927 3792 1119 3853 studio
1143 3803 1231 3855 est
1254 3813 1401 3873 opus
1427 3803 1488 3855 ut
1510 3795 1703 3874 imago
1727 3796 2144 3876 adoptionisin

485 3876 699 3939 Filium
736 3880 865 3959 Dei,
895 3881 1143 3961 ﬁgurata
1174 3883 1233 3944 in
1268 3882 1645 3963 baptismate,
1681 3884 2147 3947 incontaminata

484 3977 775 4031 servetur:
802 3971 1023 4033 idcirco
1046 3972 1213 4034 multi
1238 3974 1478 4053 quidem
1500 3974 1557 4034 in
1573 3973 1868 4055 baptismo
1893 3981 2141 4054 gratiam

482 4074 840 4137 receperunt
870 4059 1227 4140 adoptionis,
1293 4080 1403 4140 per
1449 4062 1743 4142 ignaviam
1792 4072 1987 4125 autem
2024 4084 2142 4125 non

482 4147 724 4208 {uerunt
755 4148 855 4209 ﬁlii
888 4148 996 4213 Dei
1030 4169 1219 4233 usque
1251 4152 1323 4213 ad
1382 4154 1589 4216 tinem.
1628 4152 1917 4215 Fortassis
1946 4163 2141 4215 autem

485 4236 620 4316 quis
649 4236 823 4300 etiam
857 4240 970 4301 hoc
1002 4240 1220 4305 dixerit
1254 4242 1411 4322 quod
1464 4243 1634 4305 multi
1666 4243 1967 4325 recipiunt
2006 4262 2140 4304 eum

488 4343 595 4404 per
609 4327 718 4389 hoc
737 4329 890 4408 quod
916 4330 1107 4391 solum
1135 4331 1625 4412 credunt,quales
1648 4343 1783 4394 sunt
1807 4333 1907 4413 qui
1934 4333 2144 4395 dicun-

488 4424 585 4478 tur
605 4420 1317 4492 catecbumeni,nondum
1341 4431 1539 4484 autem
1570 4424 1702 4485 facti
1727 4432 1864 4485 sunt
1886 4424 1987 4485 ﬁlii
2009 4423 2142 4501 Dei;

2228 3165 2409 3238 αὒτὸν,
2442 3162 2636 3219 ἔδωκεν
2694 3162 2881 3225 αὐτοῖς
2930 3158 3164 3226 ἐξουσίαν
3221 3159 3380 3216 τέκνα
3433 3162 3566 3217 Θεοῦ
3620 3158 3886 3239 γενέσθαι.

2227 3255 2373 3318 Τίνες
2433 3251 2488 3308 δέ
2532 3254 2660 3309 εἰσιν
2716 3252 2904 3330 οὗτοι,
2958 3252 3020 3308 Οἱ
3081 3249 3412 3315 πιστεύοντες
3471 3251 3542 3313 είς
3600 3252 3661 3307 τὸ
3717 3247 3891 3325 ὄνομα

2229 3346 2409 3402 αὐτοῦ.
2472 3331 2651 3397 υΩστέ
2705 3342 2753 3397 οἱ
2808 3337 3062 3403 λαϐόντες
3112 3340 3203 3395 τὸν
3250 3338 3423 3417 Λόγον
3476 3341 3655 3396 καὶτό
3685 3339 3796 3420 φῶς
3825 3339 3890 3394 τὸ

2230 3431 2501 3506 ἀληθινὸν,
2565 3429 2649 3487 διὰ
2712 3434 2811 3497 τῆς
2869 3430 3098 3491 πίστεως
3155 3425 3341 3483 ἔλαϐον
3412 3430 3499 3485 καὶ
3552 3427 3889 3494 ὑπεδέξαντο.

2231 3523 2379 3585 Τίνος
2439 3520 2493 3577 δὲ
2551 3521 2713 3600 χάριν
2757 3518 2817 3575 οῦ
2870 3518 3048 3590 εἶπεν,
3109 3515 3189 3573 ὅτι
3236 3518 3487 3584 ἐποίησεν
3518 3520 3703 3583 αὐτοὺς
3732 3518 3891 3575 τέκνα

2232 3615 2383 3680 Θεοῦ,
2449 3609 2695 3667 ἀλλ’ὅτι
2745 3606 2978 3673 ἐξουσίαν
3034 3604 3227 3664 ἔδωκεν
3300 3611 3481 3671 αὐτοῖς
3539 3606 3696 3664 τέκνα
3756 3613 3890 3663 Θεοῦ

2232 3702 2471 3780 γενέσθαι
2510 3719 2525 3775 ;
2556 3700 2703 3762 Τίνος
2737 3696 2912 3754 ἕνεκεν
2944 3712 2961 3771 ;
2996 3694 3249 3773 "Annua;
3285 3694 3365 3751 ὅτι
3396 3698 3491 3753 οὒκ
3522 3695 3730 3775 ἐξαρκεῖ
3758 3697 3891 3763 πρὸς

2229 3794 2326 3860 τὴν
2385 3790 2623 3871 φυλακὴν
2676 3794 2775 3855 τῆς
2822 3786 3183 3867 καθαρότητος
3232 3788 3295 3843 τὸ
3346 3786 3719 3866 βαπτισθῆναι,
3751 3784 3892 3842 ἀλλὰ

2230 3883 2316 3937 καὶ
2372 3878 2579 3945 πολλῆς
2647 3874 2879 3943 σπουδῆς
2924 3876 3103 3956 χρεία.
3164 3875 3301 3932 ὥστε
3356 3876 3455 3943 τῆν
3500 3875 3556 3932 ἐν
3584 3882 3662 3950 τῷ
3690 3876 3889 3952 βαπτί-

2228 3992 2389 4046 σματι
2434 3972 2765 4026 τυπωθεϊσαν
2832 3965 3008 4022 εἰκόνα
3093 3970 3191 4033 τῆς
3247 3968 3503 4031 υἱοθεσίας
3561 3963 3891 4033 ἀκηλίδωτον

2227 4058 2535 4141 διαφυλάξαι
2570 4077 2584 4091 ·
2646 4055 2725 4113 διὸ
2754 4055 2945 4113 πολλοὶ
2988 4054 3179 4112 ἔλαϐον
3210 4056 3307 4132 μὲν
3336 4058 3434 4124 τὴν
3462 4055 3547 4112 διὰ
3569 4064 3662 4114 τοῦ
3690 4055 3889 4133 βαπτί-

2228 4172 2431 4227 σματος
2510 4148 2669 4227 χάριν
2726 4152 2824 4213 τῆς
2908 4148 3189 4218 υἱοθεσίας,
3248 4146 3642 4222 ρᾳθυμήσαντες
3684 4144 3739 4201 δὲ
3794 4144 3892 4203 σῦκ

2229 4240 2473 4319 ἐγένοντο
2530 4237 2688 4293 τέκνα
2752 4244 2882 4294 Θεοῦ
2932 4234 3061 4315 ἄχρι
3120 4233 3327 4299 τέλους.
3376 4237 3533 4316 Τάχα
3590 4234 3633 4292 δ’
3694 4232 3755 4291 ἄν
3809 4257 3889 4299 τις

2230 4331 2377 4387 εἴποι
2437 4330 2526 4384 καὶ
2584 4334 2762 4405 τοῦτο,
2816 4323 2895 4381 ὅτι
2955 4323 3143 4382 πολλοὶ
3194 4323 3524 4401 λαμϐάνουσι
3588 4327 3687 4405 μὲν
3732 4327 3892 4383 αὐτὸν

2230 4420 2314 4478 διὰ
2344 4430 2436 4480 106
2464 4423 2741 4475 πιστεῦσαι
2786 4414 2972 4491 μόνον,
3020 4416 3131 4473 οἶοί
3176 4418 3305 4473 εἰσιν
3350 4420 3397 4473 οἱ
3433 4416 3716 4497 λεγόμενοι
3750 4425 3894 4475 Κατ-

483 4514 834 4585 potestatem
897 4519 1092 4573 autem
1150 4520 1291 4574 tunc
1341 4512 1584 4589 habent,
1648 4534 1782 4576 cum
1844 4514 2139 4576 voluerint

2230 4513 2553 4592 ηγούμενοι,
2607 4506 2753 4563 οὔπω
2809 4503 2860 4561 δὲ
2933 4504 3174 4583 ἐγένοντο
3229 4506 3386 4563 τέκνα
3446 4514 3577 4563 Θεοῦ
3604 4505 3892 4572 ’ἐξουσίαν

484 4595 791 4677 baptizari,
827 4608 883 4662 et
914 4602 1070 4663 hanc
1102 4601 1347 4679 gratiam
1383 4605 1693 4685 consequi,
1728 4603 2135 4685 adoptionem,

483 4686 815 4766 inquam,in
841 4691 1013 4753 ﬁlios.
1053 4691 1214 4754 Dicet
1245 4699 1444 4754 autem
1482 4696 1613 4774 quis
1636 4704 1692 4754 ct
1716 4695 1829 4755 huc
1863 4715 1875 4751 :
1913 4693 2137 4767 Quam-

481 4775 568 4836 vis
589 4776 647 4838 in
680 4778 977 4858 baptismo
1009 4781 1345 4859 adoptionis
1367 4783 1728 4845 beneﬁcium
1751 4783 2137 4861 accipiamus,

484 4873 683 4929 tamen
737 4870 894 4948 quod
946 4870 1272 4950 perfectum
1329 4874 1504 4935 estin
1552 4872 1998 4935 resurrectione
2050 4890 2142 4933 ac-

483 4957 719 5037 cepturi
751 4969 1047 5035 sumus,et
1069 4961 1566 5040 perfectissimam
1589 4960 1969 5041 adoptionem
2004 4968 2143 5022 tunc

481 5055 827 5127 recepturos
859 5067 967 5108 nos
1000 5068 1339 5129 speramus:
1370 5052 1521 5113 sicut
1554 5061 1611 5112 et
1641 5050 1862 5112 Paulus
1893 5050 2086 5132 inquit
2122 5070 2137 5110 :

482 5138 630 5208 Quia
661 5136 1043 5218 adoptionem
1080 5138 1336 5201 ﬁliorum
1385 5140 1715 5223 accipimus
1750 5141 1833 5201 37.
1867 5139 2142 5221 Quapro-

483 5233 611 5303 pter
640 5235 696 5287 et
727 5226 821 5288 hic
854 5227 1211 5307 evangelista
1269 5249 1388 5291 non
1439 5231 1606 5300 dixit,
1651 5255 1671 5287 α
1711 5228 2013 5308 Quotquot
2042 5247 2144 5290 re-

483 5324 777 5393 ceperunt
806 5336 967 5390 eum,
1002 5342 1023 5376 υ
1063 5320 1199 5379 fecit
1226 5339 1327 5381 eos
1358 5320 1515 5382 ﬁlios
1545 5321 1653 5382 Dei
1688 5343 1700 5383 :
1734 5320 1863 5401 sed,
1904 5344 1926 5377 ιι
1965 5319 2142 5384 Dedit

484 5404 571 5492 eis
604 5412 950 5485 potestatem
982 5407 1136 5469 ﬁlios
1166 5408 1273 5471 Dei
1306 5410 1461 5485 ﬁeri,
1502 5434 1523 5468 ι
1563 5410 1676 5473 hoc
1708 5418 1821 5492 est,
1854 5411 1993 5472 514
2024 5409 2135 5472 de-

484 5491 573 5553 dit
605 5500 667 5555 ut
696 5496 753 5555 in
782 5495 984 5559 futuro
1014 5498 1231 5561 saeculo
1290 5499 1536 5580 gratiam
1588 5500 1748 5562 illam
1784 5491 2128 5582 suscipiant.

557 5718 611 5765 ⁸⁷
640 5721 812 5786 Rom.
842 5721 1131 5805 vm,,,23,
1169 5730 1228 5788 et
1257 5723 1452 5789 Galat.
1488 5741 1569 5809 tv,
1593 5727 1656 5791 ὅ.

2225 4606 2406 4682 μέντοι
2454 4620 2515 4678 γε
2601 4595 2841 4676 ἔχουσιν,
2906 4597 2950 4651 εί
3008 4594 3281 4671 βούλοιντο
3363 4598 3740 4673 βαπτισθῆναι,
3803 4601 3893 4655 καὶ

2222 4696 2423 4759 ταύτης
2495 4686 2884 4752 καταξιωθῆναι
2955 4687 3055 4751 τῆς
3137 4687 3387 4768 χάριτος,
3464 4692 3565 4755 τῆς
3635 4686 3892 4752 υἱοθεσίας

2223 4784 2381 4866 Ῡηῑλίο
2438 4778 2589 4857 Ἐρεῖ
2635 4774 2689 4831 δέ
2735 4795 2815 4837 τις
2864 4775 3164 4846 καὶτοῦτο,
3195 4776 3275 4833 ὅτι
3308 4780 3367 4835 Εἰ
3403 4778 3492 4833 καὶ
3520 4775 3605 4833 διὰ
3633 4783 3728 4833 106
3784 4776 3882 4866 βα.

2223 4864 2517 4949 πτίσματος
2570 4872 2669 4933 τῆς
2727 4864 2983 4930 υἱοθεσίας
3042 4867 3141 4933 τῆν
3192 4868 3354 4946 χάριν
3411 4866 3700 4948 δεχόμεθα,
3753 4864 3893 4922 ἀλλὰ

2223 4967 2285 5022 τὸ
2342 4960 2544 5018 τέλειον
2605 4958 2657 5013 ἐν
2709 4961 2778 5032 τῇ
2830 4956 3111 5012 ἀναστάσει
3170 4955 3646 5033 ἀπολαμϐάνομεν,
3676 4958 3763 5012 καὶ
3792 4958 3892 5022 τὴν

2226 5051 2640 5114 ἐντελεστάστην
2717 5046 2974 5102 υἱοθεσίαν
3059 5047 3180 5103 τότε
3258 5046 3542 5121 ἐλπίζομεν
3599 5044 3890 5120 ἀπολήψε-

2224 5147 2339 5199 σθαι
2374 5160 2388 5174 ·
2437 5140 2571 5197 καθὰ
2601 5136 2664 5191 δὴ
2715 5136 2805 5191 καὶ
2839 5133 3043 5201 Παῦλός
3082 5159 3243 5217 φησιν
3279 5153 3291 5167 ⁶
3356 5160 3379 5195 α
3420 5129 3549 5195 U01L
3580 5136 3680 5203 τῆν
3713 5136 3890 5192 υἱοθε-

2224 5234 2341 5287 σίαν
2395 5226 2823 5305 ἀπεκδεχόμεθα,
2875 5248 2903 5279 »
2973 5228 3070 5281 Διὰ
3123 5234 3280 5285 τοῦτο
3336 5234 3461 5307 γοῦν
3515 5228 3603 5284 καὶ
3653 5226 3805 5289 οὗτος
3862 5227 3893 5282 ὁ

2227 5318 2603 5398 εὒαγγελιστῆς
2690 5320 2785 5374 οὒκ
2836 5316 3014 5390 εἶπεν,
3077 5316 3157 5372 ὄτι
3208 5308 3372 5375 Ηυιτοι
3461 5312 3648 5372 ἔλαϐον
3708 5315 3889 5390 αὐτὸν,

2220 5411 2471 5478 εποίησεν
2526 5406 2713 5469 αὐτοὺς
2760 5404 2918 5461 τέκνα
2978 5413 3134 5481 Θεοῦ,
3168 5405 3314 5483 ἀλλ’,
3355 5431 3383 5463 ιι
3417 5404 3673 5466 ’Ἔδωκεν
3705 5407 3892 5467 αὐτοῖς

2218 5500 2449 5567 ἐξουσίαι
2522 5498 2679 5555 τέκνα
2752 5503 2884 5553 Θεοῦ
2934 5495 3201 5574 γενέσθαι,
3261 5520 3286 5551 ιο
3346 5497 3641 5575 τουτέστιν,
3699 5492 3755 5549 ἐν
3816 5498 3895 5565 τῷ

2216 5589 2464 5668 μέλλοντι
2506 5589 2652 5644 αἰῶνι
2683 5583 3057 5661 ἀπολήψεσθαι
3086 5587 3287 5655 ταύτην
3317 5586 3417 5655 τῆν
3448 5585 3631 5669 χάριν,
