4184 6400
303 345 452 409 1157

1025 345 1472 416 ENARRATIO
1515 349 1597 417 IN
1641 347 2147 416 EVANGELIUM
2212 341 2559 416 JOANNIS.
2608 387 2685 398 -—-
2727 355 2892 417 CAP.
2944 357 2993 416 Ι.

3548 351 3703 415 1158

303 495 328 531 ι
369 477 465 534 Καὶ
521 476 713 553 ὄψεται
773 485 919 536 πᾶσα
962 477 1084 557 σὰρξ
1134 481 1197 537 τὸ
1242 482 1516 560 Σωτήριον
1577 493 1671 541 τοῦ
1714 491 1846 542 Θεοῦ
1879 503 1894 518 ⁸
1936 509 1963 540 ι)

2054 495 2140 545 est
2170 488 2368 548 omnis
2402 487 2757 564 bom0,dicit
2790 496 3038 568 partem,
3065 491 3321 550 animam
3353 489 3581 551 scilicet
3636 493 3705 551 Et

301 566 476 623 πάντα
533 569 634 646 γὰρ
693 567 967 645 ἄνθρωπον
1010 569 1222 645 μέλλων
1285 573 1478 644 εἰπεῖν,
1533 578 1611 645 τῷ
1667 579 1768 640 τῆς
1826 599 1960 655 σαρ-

300 657 395 719 κὸς
455 657 676 733 ὀνόματι
735 662 1172 739 προσεχρήσατο.
1233 659 1413 724 Οὕτως
1459 671 1546 720 οὖν
1589 666 1678 719 καὶ
1713 666 1740 720 ό
1797 668 1947 744 εὐαγο

300 743 581 826 γελιστὴς,
640 747 757 804 ἀντὶ
804 757 894 806 106
931 750 1102 806 εἰπεῖν
1137 766 1150 778 '
1218 741 1274 806 Ὀ
1333 751 1503 828 Λόγος
1535 751 1809 831 ἅνθρωπος
1841 741 1962 834 ἐγέ-

302 855 446 910 νετο,
506 835 686 918 εἶπεν,
754 861 782 893 α
845 829 903 895 Ὀ
961 840 1132 916 Λόγος
1199 838 1324 918 σὰρξ
1368 839 1600 918 ἐγένετο,
1639 866 1662 898 ι
1713 843 1819 900 ἀπὸ
1872 851 1965 901 τοῦ

301 923 494 1003 μέρους
540 926 630 982 τόν
691 925 965 1006 ἄνθρωπον
1023 928 1319 1004 ὀνομάζων,
1375 931 1465 986 τὸν
1524 929 1584 987 ἐκ
1640 936 1827 1012 ψυχῆς
1877 935 1964 989 καὶ

302 1013 552 1089 σώματος
614 1018 981 1095 συγκείμενον,
1043 1017 1201 1097 Τάχα
1257 1015 1310 1073 δὲ
1358 1018 1471 1075 ἐπεὶ
1534 1023 1568 1088 ἡ
1627 1020 1750 1100 σὰρξ
1794 1021 1962 1079 ἀλλό-

300 1103 446 1182 τριόν
479 1103 592 1160 ἐστι
634 1110 736 1172 τῆς
802 1106 943 1170 θείας
993 1107 1221 1186 φύσεως,
1276 1106 1441 1164 θέλων
1500 1111 1527 1166 ὁ
1582 1110 1962 1188 εὖαγγελιστὴς

300 1190 539 1258 δηλῶσαι
595 1194 694 1261 τὴν
780 1196 1125 1276 ὺπεράπειρον
1199 1196 1590 1275 συγκαταϐασιν
1647 1206 1739 1257 τοῦ
1807 1207 1960 1276 Θεοῦ,

298 1283 398 1351 τῆς
454 1286 647 1364 σαρκὸς
704 1286 967 1362 ἐμνήσθη,
1052 1285 1127 1342 ἵν’
1185 1286 1539 1366 ἐκπλαγώμεν
1593 1291 1691 1359 τὴν
1763 1291 1965 1370 ἄφατον

305 1371 698 1453 φιλανθρωπίαν
744 1375 926 1452 αὐτοῦ,
987 1376 1094 1449 ὅτι,
1170 1376 1253 1433 διὰ
1309 1379 1407 1445 τὴν
1467 1381 1730 1459 σωτηρίαν
1788 1382 1968 1456 ἡμῶν,

303 1465 367 1518 τὸ
424 1462 702 1540 ἀλλότριον
757 1470 856 1532 τῆς
889 1467 1092 1544 φύσεως
1143 1469 1302 1526 αὐτοῦ
1350 1469 1437 1524 καὶ
1465 1467 1607 1532 ξένον
1639 1470 1966 1539 παντάπασι,

279 1555 444 1633 .φημὶ
501 1552 567 1622 δὴ
611 1555 710 1622 τὴν
756 1555 945 1632 σάρκα,
993 1546 1344 1634 προσέλαϐεν,
1382 1548 1443 1613 Ἠ
1504 1558 1602 1633 μὲν
1659 1560 1759 1637 γὰρ
1817 1560 1971 1638 ψυχὴ

305 1642 422 1723 ἔχει
473 1644 589 1699 τινὰ
649 1643 957 1723 συγγένειαν
1015 1647 1148 1725 πρὸς
1209 1649 1338 1703 Θεόν
1375 1667 1388 1681 ·
1440 1650 1474 1715 ἡ
1520 1647 1575 1703 δὲ
1608 1648 1732 1728 σὰρξ
1762 1646 1969 1705 παντά-

303 1754 466 1788 πασιν
499 1733 907 1801 ⁹ἀκοινώνητος.
960 1736 1058 1790 Διά
1097 1742 1253 1792 τοῦτο
1311 1737 1400 1792 οὑν
1456 1737 1613 1812 οἶμαι
1667 1739 1758 1792 τὶν
1807 1737 1970 1814 εὐαγ-

2046 575 2262 636 iterum
2294 596 2324 637 a
2353 595 2536 638 carne
2584 577 2851 639 nominat
2901 585 3114 651 totum,
3174 588 3230 639 ut
3264 580 3500 660 quando
3535 580 3700 654 dicit,

2055 687 2075 723 α
2092 664 2164 727 Et
2183 666 2406 727 videbit
2424 667 2619 728 omnis
2633 687 2768 729 caro
2790 667 3058 730 Salutare
3077 669 3702 733 Dei50.»Dicereenim

2048 753 2253 816 volens
2285 775 2523 816 omnem
2562 757 2893 830 hominem,
2915 759 3112 819 carnis
3144 758 3387 819 nomine
3416 777 3559 820 usus
3590 768 3700 820 est.

2050 841 2146 905 Sic
2179 852 2236 904 et
2268 843 2626 924 evangelista
2664 866 2769 927 pro
2817 865 2887 907 eo
2915 848 3068 927 quod
3105 855 3213 921 est,
3248 845 3504 909 Verbum
3527 849 3706 910 homo

2046 932 2261 994 lactum
2298 943 2386 994 est
2422 951 2434 995 :
2470 934 2636 1009 dixit,
2680 958 2702 991 ‹‹
2760 934 3023 997 Verbum
3084 955 3220 998 caro
3251 937 3470 998 factum
3505 948 3634 999 est:
3675 963 3698 996 ν

2048 1041 2081 1082 a
2115 1032 2278 1102 parte
2324 1031 2510 1084 totum
2567 1024 2875 1086 hominem
2930 1025 3266 1105 nominans,
3302 1045 3371 1087 ex
3421 1026 3616 1087 anima
3648 1036 3704 1087 et

2048 1130 2302 1192 corpore
2347 1112 2758 1173 constitutum.
2787 1114 3078 1176 Fortassis
3108 1127 3304 1177 autem
3338 1116 3474 1197 quia
3505 1135 3641 1178 caro
3672 1137 3705 1178 a

2048 1199 2242 1262 divina
2256 1211 2465 1263 natura
2481 1201 2733 1263 alienior
2759 1203 3079 1278 est,volens
3101 1206 3452 1284 evangelista
3476 1206 3704 1285 signiti-

2055 1290 2564 1354 careimmensam
2591 1291 2694 1352 Dei
2737 1291 3234 1369 misericordiam,
3271 1295 3466 1356 carnis
3490 1297 3704 1356 memi-

2057 1379 2164 1453 nit,
2201 1389 2264 1440 ut
2307 1378 2670 1441 ineffabilem
2713 1382 2842 1461 ejus
2880 1380 3301 1460 benignitatem
3323 1383 3704 1465 Obstupesca-

2056 1468 2373 1549 mus,quod
2399 1479 2641 1550 prapter
2661 1478 2921 1534 nostram
2939 1472 3211 1541 salutem,
3233 1473 3491 1534 alienum
3513 1492 3547 1535 a
3567 1475 3612 1532 5
3627 1479 3646 1535 Ι
3663 1477 3710 1534 6

2057 1567 2264 1618 natura
2293 1568 2487 1632 sua,et
2516 1558 2794 1620 omnibus
2823 1559 3016 1621 modis
3048 1564 3448 1641 peregrinum,
3467 1581 3705 1625 carnem

2056 1647 2859 1728 dico,assumpserit.Anima
2883 1651 3041 1712 enim
3069 1652 3476 1731 cognationem
3494 1673 3705 1734 quam-

2055 1737 2192 1798 dam
2229 1736 2408 1799 habet
2438 1757 2572 1799 cum
2605 1737 2751 1818 Deo,
2776 1759 2915 1800 caro
2937 1749 3133 1801 autem
3158 1742 3317 1802 nullo
3346 1743 3521 1804 modo
3541 1763 3707 1805 com-

307 1823 557 1901 γιλιστῆν
589 1822 809 1883 ἐνταῦθα
859 1825 1007 1901 μόνῳ
1055 1833 1132 1900 τῷ
1173 1832 1271 1894 τῆς
1317 1829 1511 1906 σαρκὸς
1544 1827 1761 1904 ὀνόματι
1823 1829 1967 1908 χρή-

2058 1827 2340 1888 municat:
2368 1835 2426 1888 et
2450 1828 2671 1889 idcirco
2687 1828 2898 1908 opiuor
2920 1830 3336 1908 evangelistam
3362 1835 3488 1894 solo
3510 1834 3707 1894 carnis

308 1916 526 1993 σασθαι,
588 1913 692 1993 οὔχ
749 1915 819 1980 ὡς
892 1915 1242 1990 ἀμοιριιῦντος
1304 1918 1488 1996 ψυχῆς
1543 1927 1634 1975 106
1683 1916 1967 1996 προσλήμ-

2058 1917 2298 1977 nomine
2333 1937 2531 1997 usum,
2562 1937 2680 1979 non
2709 1919 2864 1998 qued
2887 1919 3081 1980 anima
3104 1938 3354 2002 exspers
3374 1923 3451 1984 sit
3471 1941 3706 1984 assum-

306 2024 500 2079 ματος,
578 2002 716 2060 ἀλλὰ
775 2005 906 2083 πρὸς
993 2003 1204 2070 ἔνδειξιν
1275 2004 1442 2062 πλείω
1506 2009 1598 2064 106
1667 2009 1967 2082 θαυμαστοῦ

2053 2006 2401 2088 ptionis,sed
2423 2007 2492 2067 ad
2521 2010 2803 2083 majorem
2829 2009 3230 2070 ostensionem
3249 2010 3702 2075 mirandietstu-

305 2094 394 2150 καὶ
450 2089 741 2173 φρικώδους
801 2095 1111 2171 μυστηρίου.
1174 2095 1323 2153 Ἐπεὶ
1349 2097 1440 2153 ἒάν
1501 2096 1558 2152 οὒ
1611 2094 1970 2174 προσελάϐετο

308 2183 496 2262 ψυχὴν
539 2183 872 2262 ἀνθρωπίνην
931 2186 958 2240 ὂ
1015 2184 1187 2263 Λόγος
1260 2187 1568 2263 σαρκωθεὶς,
1627 2186 1968 2263 ἀθεράπευτοι

309 2272 385 2328 ἔτι
448 2273 573 2328 εἰσὶν
625 2275 678 2329 αἱ
736 2275 908 2352 ψυχαὶ
965 2275 1122 2349 ἡμῶν
1156 2290 1170 2304 ·
1232 2276 1259 2330 ὃ
1321 2277 1421 2353 γὰρ
1481 2275 1538 2331 οὔ
1587 2273 1966 2351 προσελάϐετο,

309 2360 426 2418 οὐδὲ
478 2362 688 2441 ἡγίασε.
739 2366 840 2421 Καὶ
909 2365 986 2428 τίς
1032 2367 1059 2421 ὁ
1103 2363 1299 2442 γέλως,
1339 2370 1438 2431 τῆς
1500 2369 1690 2445 ψυχῆς
1751 2368 1968 2443 πρώτης

309 2452 578 2517 παθούσης
641 2450 842 2527 (ἱκείνη
903 2453 1002 2531 γὰρ
1050 2455 1084 2521 ἡ
1139 2452 1356 2512 ἐνδοῦσα
1386 2468 1502 2518 τοῖς
1535 2462 1627 2511 τοῦ
1655 2454 1825 2534 ὄφεως
1869 2453 1967 2510 λό-

309 2563 424 2620 γοις
454 2542 541 2597 καὶ
596 2541 936 2609 ἀπατηθεϊσα
980 2543 1034 2600 ἐν
1080 2542 1397 2621 παραδείσῳ,
1445 2547 1565 2600 εἶτα
1623 2547 1706 2600 καὶ
1755 2546 1788 2611 ἡ
1852 2546 1970 2624 χεὶρ

307 2629 486 2706 ἥψατο
560 2631 1034 2703 ἑπακολουθήσασα
1114 2639 1183 2711 τῇ
1234 2635 1383 2713 κυρίᾳ
1439 2637 1526 2690 καὶ
1582 2632 1831 2711 δεσποίνῃ
1899 2641 1967 2710 τῇ

310 2726 509 2801 ψυχῇ),
572 2722 671 2789 τὴν
731 2723 830 2798 μὲν
871 2725 1213 2802 θεράπαιναν,
1282 2725 1380 2791 τὴν
1438 2724 1630 2804 σάρκα,
1675 2726 1763 2780 καὶ
1805 2747 1970 2803 προσ-

309 2810 601 2891 ληφθῆναι,
688 2813 776 2869 καὶ
859 2813 1196 2893 ἀγιασθῆναι,
1252 2815 1340 2869 καὶ
1407 2817 1808 2892 θεραπευθῆναι,
1870 2821 1969 2881 τὴν

311 2898 366 2957 δὲ
424 2906 605 2978 κυρίαν
656 2900 872 2969 ἰαθῆναι
917 2901 1298 2981 ἀπρόσληπτόν
1351 2925 1406 2959 τε
1437 2906 1522 2960 καὶ
1565 2904 1965 2982 ἀθεράπευτον;

313 2988 460 3047 Ἀλλ’
538 2988 906 3071 Ἀπολινάριος
987 2993 1085 3067 μὲν
1171 2993 1382 3071 έρῥέτω,
1469 2984 1660 3069 Ἠμεϊς
1718 2991 1772 3048 δὲ
1843 2991 1968 3050 ὅταν

309 3080 610 3157 ἀκούωμεν,
657 3080 738 3138 ὅτι
789 3102 813 3137 α
854 3074 910 3140 Ὀ
954 3083 1125 3162 Λόγος
1185 3081 1309 3158 σὰρξ
1363 3083 1594 3163 ἐγένετο,
1634 3106 1658 3141 n
1714 3083 1967 3139 πιστεύο-

309 3191 411 3246 μεν
469 3168 549 3228 ὅτι
594 3169 865 3250 ἅνθρωπος
926 3172 1151 3248 τέλειος,
1212 3174 1311 3240 τῆς
1360 3177 1572 3253 Γραφῆς
1616 3173 1850 3245 εἰωθυίας
1881 3172 1969 3228 καὶ

313 3260 480 3339 σάρκα
535 3268 623 3317 καί
679 3262 866 3342 ψυχὴν
912 3270 1223 3342 μονομερῶς
1283 3264 1374 3320 τὸν
1422 3264 1664 3319 σύνθετον
1696 3261 1968 3342 ἄνθρωπον

310 3350 614 3425 ὀνομάζειν,
668 3351 1044 3431 Ἀνατρέπεται
1097 3351 1151 3409 δὲ
1202 3353 1264 3408 ἐκ
1307 3353 1492 3410 τούτου
1538 3359 1631 3409 τοῦ
1680 3354 1841 3430 ῥητοῦ
1884 3352 1971 3407 καὶ

312 3440 619 3519 Νεστόριος,
678 3440 922 3507 Ἐκεῖνος
966 3445 1066 3523 γὰρ
1109 3441 1316 3522 ἔλεγεν,
1367 3440 1448 3498 ὅτι
1494 3445 1595 3521 οὐχ
1626 3444 1652 3498 ὁ
1698 3442 1828 3504 Θεὸς
1860 3442 1970 3497 Λό-

257 3534 264 3540 ’
310 3550 403 3606 γος
465 3531 619 3594 αὐτὸς
667 3530 874 3596 ἐκεῖνος
932 3532 1144 3602 ἒγένετο
1191 3531 1488 3612 ἅνθρωπος,
1552 3530 1865 3611 συλληφθεὶς
1912 3530 1973 3586 ἐκ

311 3624 418 3676 τῶν
490 3617 772 3698 πανάγνων
841 3623 1077 3698 αἱμάτων
1150 3628 1249 3690 τῆς
1309 3624 1462 3700 ἁγίας
1507 3620 1790 3700 Παρθένου,
1852 3618 1974 3676 ἀλλ’

313 3706 493 3766 ἔτεκεν
542 3712 578 3777 ἡ
638 3710 897 3790 Παρθένος
954 3710 1226 3792 ἄνθρωπον
1258 3730 1274 3748 ⁸
1336 3712 1490 3775 οὗτος
1549 3709 1604 3767 δὲ
1681 3714 1708 3767 ὸ
1765 3709 1969 3780 ἅνθρω-

311 3819 436 3878 πος)
494 3801 808 3878 χαριτωθεὶς
852 3801 1040 3882 ἀρετῆς
1097 3803 1279 3870 πάσης
1357 3801 1488 3859 εἴδει
1542 3800 1673 3881 ἔσχε
1728 3803 1821 3857 τὸν
1881 3802 1973 3856 106

311 3891 444 3945 Θεοῦ
487 3890 661 3966 Λόγον
716 3891 1053 3968 συνημμένον
1107 3892 1252 3966 αὒτῷ
1321 3894 1406 3949 καὶ
1464 3891 1697 3957 ἐξουσίαν
1764 3889 1970 3947 διδόντα

309 3979 446 4036 κατὰ
499 3981 816 4057 πνευμάτων
875 3982 1184 4063 ἀκαθάρτων
1220 4001 1236 4018 °
1294 3984 1383 4039 καὶ
1452 3982 1512 4040 ἐκ.
1573 3982 1763 4039 τούτου
1813 3979 1968 4060 ἐδογ-

310 4069 496 4145 μάτιζε
556 4068 646 4128 δύο
686 4073 851 4153 υἱοὺς,
911 4072 1002 4130 ἕνα
1059 4075 1150 4129 τὸν
1213 4078 1312 4140 τῆς
1362 4071 1647 4153 Παρθένου,
1705 4073 1794 4129 τὸν
1853 4070 1969 4138 Ἰη-

309 4168 436 4218 σοῧν
490 4161 583 4216 τὸν
634 4157 934 4240 ἄνθρωπον,
993 4164 1080 4218 καὶ
1141 4162 1317 4242 ἕτερον
1359 4163 1450 4220 τὸν
1505 4164 1623 4218 Υἱὸν
1681 4167 1774 4217 τοῦ
1814 4167 1967 4240 Θεοῦ,

313 4249 652 4325 συνημμένον
738 4251 833 4327 μὲν
917 4259 995 4328 τῷ
1080 4251 1360 4332 ἀνθρώπῳ,
1439 4254 1527 4308 καὶ
1617 4248 1973 4311 ἀδιάσπαστον

314 4339 455 4412 αὒτῷ
497 4339 644 4415 ὄντα,
703 4340 841 4398 ἀλλὰ
892 4343 1026 4401 κατᾶ
1083 4343 1243 4422 χάριν
1271 4344 1360 4399 καὶ
1390 4343 1581 4422 σχέσιν
1611 4341 1699 4398 καὶ
1730 4339 1969 4420 ἀγάπην,

311 4429 408 4485 οἷα
463 4427 528 4497 δὴ
587 4429 831 4511 ἐναρέτου
887 4433 1040 4499 ὄντος
1096 4441 1189 4490 τοῦ
1243 4433 1538 4512 ἀνθρώπου.
1602 4438 1776 4488 Ταῦτα
1823 4429 1970 4486 ἐκεῖ·

310 4540 400 4582 νος
445 4519 790 4601 ἐθελοκωφῶν
842 4525 971 4602 πρὸς
1033 4524 1132 4591 τὴν
1191 4522 1467 4594 ἀλήθειαν.
1528 4523 1587 4579 Ei
1643 4521 1744 4600 γὰρ
1801 4517 1970 4587 ἠϐού-

306 4608 456 4690 λετο,
516 4609 743 4677 ἤκουσεν
803 4611 863 4668 ἂν
923 4615 1010 4670 καὶ
1069 4613 1223 4679 αὐτὸς
1279 4619 1372 4671 106
1448 4613 1706 4692 μακαρίου
1785 4610 1969 4666 τούτου

2051 2095 2230 2176 pendi
2245 2095 2775 2159 saeramenti.Nam
2791 2097 2840 2158 si
2860 2116 2976 2158 non
2993 2116 3190 2159 assum
3201 2099 3418 2180 psisset
3437 2101 3694 2163 animam

2051 2185 2366 2246 humanam
2404 2184 2656 2247 Verbum
2692 2187 3081 2255 incarnatum,
3120 2188 3482 2253 incurabiles
3504 2193 3699 2254 adhuc

2054 2283 2253 2335 essent
2282 2273 2495 2336 animae
2553 2286 2798 2339 nostrae.
2833 2275 2977 2337 Nam
3010 2277 3165 2357 quod
3200 2297 3317 2339 non
3356 2283 3696 2360 assumpsit,

2055 2383 2171 2424 non
2209 2365 2449 2425 sanavit.
2478 2364 2548 2425 Et
2577 2385 2752 2446 quam
2785 2365 3125 2435 ridiculum,
3157 2386 3290 2428 cum
3319 2369 3518 2429 anima
3542 2371 3703 2450 prior

2055 2453 2353 2532 aegrotarit
2383 2473 2397 2528 ;
2431 2454 2590 2514 illam
2626 2455 2810 2529 enim,
2838 2473 2971 2516 cum
3023 2456 3300 2518 crederet
3327 2458 3703 2520 sermonibus

2054 2543 2877 2625 serpentis,decipereturque
2905 2544 2966 2605 in
2989 2546 3280 2626 paradiso,
3309 2556 3370 2607 ut
3399 2549 3700 2610 dominam

2056 2641 2111 2693 et
2130 2634 2394 2712 reginam
2422 2643 2619 2695 secuta
2648 2641 2735 2694 est
2757 2653 2988 2709 manus,
3025 2643 3083 2696 et
3101 2635 3354 2698 fructum
3378 2638 3604 2720 attigit;
3653 2639 3701 2699 si

2052 2722 2492 2803 relinqueretur
2547 2723 2810 2797 domina,
2848 2731 2905 2784 et
2962 2743 3079 2785 non
3111 2737 3536 2802 assumeretur,
3592 2748 3703 2790 nec

2053 2821 2383 2887 curaretur,
2444 2823 2851 2874 assumeretur
2882 2823 3075 2875 autem
3126 2824 3185 2878 et
3234 2818 3704 2881 sanctiﬁcaretur

2053 2910 2112 2963 et
2135 2910 2445 2964 curaretur
2465 2919 2603 2966 caro
2621 2909 2649 2966 ?
2682 2901 2901 2964 Verum
2932 2905 3338 2983 Apollinarius
3363 2907 3569 2984 valeat,
3595 2928 3702 2969 nos

2050 3001 2244 3052 autem
2280 2992 2516 3072 quando
2539 2992 2816 3053 audimus
2844 2994 3000 3073 quod
3029 2992 3291 3056 Verbum
3333 3014 3468 3057 caro
3486 2997 3699 3060 factum

2051 3081 2146 3155 sit,
2183 3082 2484 3142 credimus
2515 3081 2671 3162 quod
2694 3089 2850 3142 totus
2884 3083 3060 3143 homo
3084 3083 3271 3145 factus
3299 3105 3311 3147 :
3335 3087 3703 3167 quandoqui-

2053 3169 2188 3232 dem
2210 3173 2530 3251 Scriptura)
2555 3190 2680 3232 mos
2703 3180 2790 3232 est
2810 3180 2867 3232 et
2887 3190 3150 3249 carnem,
3190 3174 3543 3249 etanimam,
3578 3185 3640 3237 ut
3669 3195 3704 3238 a

2057 3269 2428 3339 parte,totum
2447 3260 2748 3321 hominem
2766 3260 3702 3327 nominare.Convinciturautem

2055 3357 2112 3410 et
2136 3348 2447 3411 Nestor-ius
2473 3369 2541 3411 ex
2582 3350 2694 3410 hoc
2726 3349 2903 3412 dicto.
2938 3349 3185 3412 Dicebat
3215 3352 3374 3414 enim
3409 3353 3510 3415 ille
3542 3356 3701 3435 quod

2056 3458 2172 3499 non
2206 3439 2366 3500 Deus
2395 3438 2657 3501 Verbum
2690 3439 2866 3501 fuerit
2913 3440 3011 3501 ille
3044 3441 3221 3502 homo
3273 3451 3596 3523 conceptus
3626 3463 3701 3506 ex

2055 3529 2444 3591 sanctissimis
2465 3529 2854 3609 sanguinibus
2870 3539 3088 3592 sancta
3104 3531 3499 3612 Virginis,sed
3525 3553 3702 3614 pepe-

2054 3620 2198 3680 rerit
2219 3619 2459 3700 quidem
2484 3618 2663 3696 Virgo
2689 3620 3137 3693 hominem,iste
3155 3631 3350 3682 autem
3375 3622 3552 3682 homo
3571 3641 3700 3701 gra-

2051 3709 2189 3770 tiam
2223 3718 2532 3770 assecutus
2562 3709 2622 3769 in
2646 3709 2807 3769 omni
2840 3709 3117 3770 virtutum
3150 3729 3391 3790 genere,
3425 3712 3699 3775 habuerit

2053 3796 2311 3859 Verbum
2347 3799 2451 3859 Dei
2484 3798 2598 3860 sibi
2628 3798 3048 3878 coadunatum,
3075 3800 3232 3880 quod
3267 3809 3611 3880 potestatem
3646 3804 3703 3864 ei

2054 3887 2887 3950 dederatcontraimmundos
2903 3889 3146 3969 spiritus
3173 3910 3185 3952 :
3219 3899 3395 3970 atque
3425 3891 3506 3952 ita
3532 3891 3700 3955 dice—

2056 3977 2153 4039 bat
2179 3979 2328 4039 duos
2355 3979 2528 4060 ﬁlios,
2551 3997 2736 4040 unum
2760 3977 3022 4058 Virginis
3040 3981 3243 4041 Jesum
3283 3981 3610 4063 hominem,
3647 3991 3706 4044 et

2054 4068 2234 4129 alium
2267 4067 2480 4129 Filium
2513 4066 2643 4142 Dei,
2669 4068 2767 4148 qui
2790 4068 3081 4130 adunatus
3104 4069 3343 4150 quidem
3377 4070 3560 4133 fuerit
3589 4073 3703 4134 h0-

2056 4157 2205 4219 mini
2236 4157 2854 4238 inseparabiliter,sed
2873 4177 2980 4239 per
3000 4157 3267 4221 habitum
3295 4168 3353 4221 et
3380 4162 3623 4239 gratiam
3647 4173 3706 4224 et

2054 4247 2425 4328 charitatem,
2458 4247 2959 4328 quemadmodum
2989 4248 3166 4309 etiam
3212 4249 3526 4311 virtutibus
3546 4270 3703 4331 prae-

2055 4336 2201 4400 dito.
2235 4336 2393 4397 Haec
2451 4337 2688 4410 ille,sua
2735 4347 2947 4417 sponte
2997 4337 3070 4398 ad
3121 4338 3425 4400 veritatem
3461 4341 3701 4405 surdus.

2054 4424 2201 4487 Nam
2229 4426 2278 4488 si
2301 4425 2930 4504 voluisset,audivisset
2949 4427 3152 4507 utique
3184 4436 3242 4488 et
3264 4426 3499 4488 beatum
3516 4431 3702 4491 Joan-

2054 4535 2190 4577 nem
2216 4515 2636 4594 evangelistam
2659 4515 3292 4591 dicenlem,«Verbum
3326 4535 3464 4578 caro
3482 4517 3700 4581 factum

2053 4605 2426 4667 est.»Nonne
2450 4604 2873 4666 manifestehic
2895 4605 3295 4667 convincitur?
3321 4605 3519 4686 Ipsum
3542 4608 3700 4670 enim

307 4699 686 4781 εὑαγγελιστοῇ
735 4701 1009 4781 λέγοντος,
1063 4703 1142 4759 ὅτι
1194 4723 1225 4764 ί
1283 4695 1340 4761 Ὀ
1420 4700 1592 4780 Λόγος
1647 4698 1771 4779 σὰρξ
1842 4699 1966 4778 ἐγέ-

2053 4693 2315 4758 Verbum
2347 4695 2561 4756 factum
2597 4707 2682 4755 est
2716 4694 2913 4755 homo.
2944 4693 3072 4755 Non
3107 4694 3252 4755 dixit
3278 4695 3431 4775 quod
3463 4696 3704 4758 invento

307 4811 449 4852 νετο.
489 4814 517 4846 ιι
568 4793 642 4850 O6
683 4796 967 4873 προφανῶς
1011 4794 1112 4872 γὰρ
1155 4793 1373 4851 ἐνταῦθα
1431 4790 1715 4871 ἐλέγχεται
1750 4813 1766 4865 ;
1800 4791 1967 4853 Αὐτὸς

306 4881 410 4960 γὰρ
467 4883 495 4937 ὁ
527 4883 699 4960 Λόγος
759 4880 1031 4963 ἅνθρωπος
1089 4883 1322 4963 ἐγένετο.
1374 4886 1483 4942 Οὐκ
1524 4882 1682 4938 εἶπεν
1719 4901 1733 4917 ο
1792 4881 1969 4959 Εὖρὼν

308 4969 584 5048 ἄνθρωπον
627 4974 655 5028 ὁ
715 4971 906 5052 Λόγος,
946 4974 1184 5054 συνήφΘη
1242 4973 1409 5048 αὐτῷ,
1438 4969 1586 5052 ἀλλ’,
1620 4972 1785 5034 Λῦτὸς
1818 4970 1968 5026 ἐκεῖ·

308 5081 396 5125 νος
455 5059 728 5140 ἅνθρωπος
800 5061 1032 5142 ἐγένετο.
1110 5061 1490 5144 Ἀνατρέπεται
1546 5059 1600 5116 δὲ
1661 5061 1747 5118 καὶ
1798 5063 1967 5119 Εὐτυ-

307 5169 445 5230 χης,
495 5152 582 5208 καὶ
662 5150 1036 5228 Οὖαλεντϊνος,
1096 5153 1184 5210 καὶ
1241 5153 1428 5219 Μάνης
1499 5153 1755 5210 ἱντεῦθεν.
1818 5151 1968 5206 Οὗτοι

2053 4785 2298 4847 homine
2331 4783 2649 4847 virtutibus
2682 4783 2954 4864 praedito,
2991 4784 3074 4845 illi
3107 4802 3170 4846 se
3202 4785 3563 4864 adjunxerit,
3594 4788 3701 4849 sed

2051 4873 2270 4936 factum
2298 4884 2388 4937 est
2417 4873 2519 4935 ille
2546 4876 2674 4954 ipse
2720 4874 2923 4938 homo.
2956 4873 3346 4937 Confutantur
3370 4874 3619 4955 insuper
3646 4884 3705 4938 et

2053 4962 2348 5044 Eutycbes
2402 4972 2461 5026 et
2512 4961 2867 5025 Valentinus
2928 4971 2986 5024 et
3017 4964 3372 5026 Manichzeus
3401 4965 3513 5026 hoc
3543 4966 3698 5028 loco.

2053 5053 2143 5114 Illi
2170 5053 2331 5114 enim
2358 5053 2635 5115 dixerunt
2657 5054 2812 5133 quod
2846 5055 3186 5134 apparuerit
3216 5055 3393 5114 homo
3417 5054 3585 5134 juxta
3604 5075 3703 5137 ap-

2055 5143 2410 5224 parentiam.
2445 5141 2702 5205 Audiant
2731 5141 2934 5222 igitur,
2978 5164 3002 5199 α
3033 5140 3296 5205 Verbum
3322 5161 3458 5205 caro
3489 5144 3701 5206 factum

304 5241 407 5320 γὰρ
459 5243 598 5298 κατὰ
653 5244 943 5323 φαντασίαν
1002 5242 1185 5322 ἔλεγον
1234 5241 1459 5324 φανῆναι
1517 5243 1608 5299 τὸν
1658 5241 1830 5320 Λόγον
1879 5249 1967 5298 τοῦ

2055 5243 2166 5297 est.
2203 5257 2225 5292 υ
2264 5233 2397 5324 Non
2439 5232 2584 5324 dicit
2623 5233 2779 5314 quod
2812 5241 3168 5324 apparenter
3198 5232 3375 5295 fuerit
3401 5251 3563 5310 caro,
3598 5236 3704 5296 sed

308 5336 464 5393 Θεοῦ.
523 5321 890 5390 ’Λκουέτωσαν
933 5333 1060 5411 οὖν,
1107 5321 1190 5391 θτι
1249 5321 1280 5388 α
1331 5322 1390 5390 Q0
1464 5332 1635 5412 Λόγος
1678 5327 1803 5410 σὰρξ
1846 5328 1967 5409 ἐγέ-

2053 5323 2210 5404 quod
2241 5321 2422 5384 fuerit
2445 5323 2661 5385 veritas
2684 5322 3108 5398 etsubstantia,
3145 5331 3344 5384 etnon
3376 5324 3702 5404 phantasia.

310 5443 449 5484 νιτο.
491 5445 517 5481 ι
585 5424 693 5480 Οὐκ
749 5423 930 5506 εἶπεν,
988 5423 1069 5481 ὅτι
1132 5422 1268 5504 Σάρξ
1337 5411 1659 5504 ἔφαντάσθη,
1705 5420 1742 5489 ἣ
1774 5416 1965 5493 ἔδοξεν,

2053 5412 2391 5506 Absurdum
2412 5413 2570 5475 enim
2596 5424 2654 5474 et
2670 5413 2914 5506 stultum
2936 5420 3094 5474 esset
3123 5411 3370 5506 credere
3391 5413 3549 5506 quod
3570 5433 3704 5477 cum

309 5510 458 5593 ἀλλ’,
519 5510 599 5569 ὅτι
657 5501 926 5594 ’ίὲγένετο⁷
961 5501 1222 5594 ἀληθείᾳ,
1267 5515 1354 5572 καὶ
1381 5501 1578 5594 οὐσίᾳ,
1625 5511 1714 5568 καὶ
1743 5511 1804 5568 οὐ
1832 5531 1967 5590 φαν-

2055 5503 2243 5569 Filius
2267 5501 2378 5565 Dei
2406 5502 2626 5566 veritas
2641 5505 2717 5565 sit
2747 5510 2807 5564 et
2819 5501 3401 5584 dicatur,mentiatur
3423 5505 3702 5569 incarna-

386 5673 454 5730 ω
478 5676 637 5748 Plat.
661 5688 863 5760 um,
894 5674 998 5743 Il.
