4178 6404
284 320 434 417 lies

986 332 1429 396 ENARRATIO
1476 333 1557 396 IN
1605 313 2116 397 EVANGELIUM
2172 318 2513 409 JOANNIS.
2569 367 2637 379 .-
2686 318 2854 395 CAP.
2918 333 2940 395 ι

3527 313 3682 395 “66

274 468 544 550 διαφόροις
621 470 902 548 σχήμασιν
985 470 1149 536 αῦτὴν
1226 470 1476 549 ἓθεώρουν
1545 468 1723 537 ἁπλῆν
1780 472 1924 528 οὖσαι

2020 465 2270 531 diversis
2288 466 2496 547 ﬁguris
2516 466 2682 529 illam
2712 464 3020 540 vidissent,
3057 486 3189 547 qua;
3217 466 3471 548 simplex
3502 472 3593 530 est
3619 479 3679 528 et

273 562 359 617 καὶ
417 559 857 639 ἀσχημάτιστον.
932 556 1083 615 Ἀλλ’
1155 556 1271 615 οὐδὲ
1315 561 1359 616 οἱ
1421 558 1637 638 ἄγγελοι
1682 558 1937 636 βλέπουσι

275 653 408 704 Θεοῦ
451 647 653 728 οὖσίαν,
701 649 743 703 εἰ
802 648 889 702 καὶ
941 645 1183 723 λέγονται
1244 647 1305 701 τὸ
1359 647 1643 726 πρόσωπον
1673 647 1764 704 τοῦ
1809 648 1940 702 Θεοῦ

277 737 401 815 ὁρᾷν
443 758 453 771 ο
520 746 671 795 τοῦτο
715 737 814 816 γὰρ
859 733 1175 792 ἐνδεικτικόν
1231 736 1340 793 ἐστι
1386 737 1549 808 μόνου
1599 735 1691 793 τοῦ
1733 757 1935 816 φαντα-

275 829 450 897 ζνθαι
495 826 576 882 ἀεὶ
631 826 783 886 Θεὸν.
852 816 909 882 Ὀ
963 827 1082 889 Υἱὸς
1131 825 1223 881 οὖν
1255 825 1415 900 μόνος
1446 827 1541 903 ὁρᾷ
1569 826 1658 881 τὸν
1704 823 1934 905 Πατέρα,

277 916 364 971 καὶ
408 914 678 993 ἐξηγεῖται
742 916 898 972 αὐτὸν
957 920 1115 971 πᾶσιν
1176 912 1493 992 ανθρώποις.
1571 914 1810 976 Κόλπους
1882 911 1936 969 δὲ

277 1003 486 1060 ἁκούων
569 1004 882 1082 πατρικοὺς,
974 1000 1139 1079 μηδὲν
1215 1004 1549 1080 ὑποπτεύσῃς
1632 1003 1936 1076 σωματικὸν

276 1095 361 1150 ἒπὶ
421 1101 575 1157 Θεοῦ.
636 1094 743 1161 Τὴν
788 1094 887 1171 γὰρ
944 1092 1299 1170 γνησιότητα,
1361 1093 1448 1149 καὶ
1501 1094 1563 1149 τὸ
1607 1092 1930 1172 ἀχώριστον,

270 1184 360 1239 καὶ
412 1183 677 1240 συναίδιον
723 1180 892 1248 δεῖξαι
970 1180 1291 1259 βουλόμενος
1345 1188 1437 1239 τοῦ
1498 1185 1616 1239 Υἱοῦ
1671 1184 1802 1261 πρὸς
1846 1183 1937 1238 τὸν

274 1276 481 1354 Πατέρα
539 1276 566 1330 6
626 1272 1030 1352 εὒαγγελιστὴς,
1092 1274 1275 1331 τούτου
1332 1281 1424 1331 τοῦ
1469 1273 1730 1350 ὀνόματος
1760 1272 1932 1348 ἐμνή-

269 1367 370 1431 σθη
381 1412 394 1425 ,

355 1477 377 1509 α
423 1455 523 1511 Καὶ,
578 1452 712 1520 αὕτη
771 1452 909 1508 ἐστὶν
970 1456 1004 1521 ἡ
1073 1454 1331 1531 μαρτυρία
1387 1463 1481 1511 τοῦ
1537 1450 1805 1527 Ἰωάννου,
1852 1452 1938 1508 ὅτε

2021 556 2601 638 infigurabilisQuin
2617 575 2813 639 neque
2838 557 3033 637 angeli
3058 555 3381 619 videntDei
3405 556 3677 619 substan-

2021 646 2185 719 tiam,
2222 650 2489 729 quamvis
2538 646 2809 709 dicantur
2860 646 3066 708 videre
3117 645 3328 708 [aciem
3360 648 3514 727 ejus.
3549 646 3675 711 Hoc

2020 736 2178 797 enim
2212 737 2405 798 solum
2439 736 2683 813 indicat,
2718 754 2963 817 semper
3022 737 3207 799 Deum
3243 735 3331 798 eis
3360 754 3673 817 apparere.

2020 823 2204 887 Filius
2232 826 2409 905 igitur
2458 826 2619 887 solus
2676 825 2834 886 videt
2868 828 3120 887 Patrem.
3153 832 3211 887 et
3241 835 3476 889 enarrat
3507 827 3674 888 illum

2021 914 2297 977 omnibus
2328 915 2694 977 hominibus.
2719 912 2929 977 Siuum
2964 922 3161 975 autem
3195 914 3445 976 audiens
3477 926 3675 997 pater-

2020 1021 2310 1078 num,non
2371 1004 2702 1085 suspiceris
2757 1003 2980 1084 aliquid
3035 1004 3343 1084 corporale
3395 1004 3471 1065 de
3527 1005 3672 1070 Deo.

2019 1092 2390 1173 Evangelista
2421 1095 2582 1155 enim
2617 1092 2820 1155 solens
2840 1091 3012 1153 nobis
3044 1092 3310 1155 indicare
3332 1092 3545 1156 Filium
3572 1099 3675 1159 Pa-

2019 1184 2094 1244 tri
2127 1202 2258 1244 esse
2289 1191 2679 1256 coaeternum,
2735 1199 2803 1243 ac
2847 1200 3050 1242 verum
3084 1190 3141 1243 et
3187 1182 3669 1268 inseparabilem,

2021 1272 2199 1353 hujus
2231 1273 2490 1335 nominis
2523 1271 2888 1334 mentionem
2912 1271 3067 1333 fecit.

2105 1364 2267 1425 Vens
2326 1362 2426 1441 19,
2463 1362 2560 1424 20.
2606 1385 2627 1417 α
2668 1359 2739 1422 Et
2788 1361 2902 1423 hoc
2955 1368 3046 1422 est
3100 1362 3504 1424 testimonium
3534 1365 3678 1427 520

2019 1451 2288 1525 Joannis,
2328 1454 2564 1534 quando
2594 1451 2887 1512 miserunt
2915 1447 3104 1513 Judaei
3135 1470 3203 1512 ex
3246 1450 3676 1537 Hierosolymis

270 1541 590 1600 ἀπέστειλαν
649 1545 694 1598 οἱ
752 1540 1003 1600 Ἰουδαῖοι
1062 1542 1113 1607 ἑξ
1173 1534 1555 1621 Ἰεροσολύμων
1630 1544 1791 1619 ἱερεῖς
1854 1565 1922 1599 κα

2024 1542 2364 1604 sacerdotes
2392 1551 2449 1603 et
2483 1541 2690 1603 levitns
2721 1548 2785 1600 ut
2813 1538 3247 1618 interrogarent
3268 1534 3676 1626 eum,Tu'quis

278 1634 528 1703 Λευίτας,
586 1631 678 1688 ἵνα
737 1630 1078 1710 ἐρωτήσωσιν
1158 1632 1315 1688 αὐτόν
1349 1652 1360 1663 ·
1434 1632 1505 1688 Σὺ
1547 1631 1625 1696 τίς
1683 1633 1790 1706 εἷς
1847 1643 1921 1689 Κα

2026 1629 2123 1693 es?
2149 1630 2217 1692 Et
2246 1630 2556 1692 confessus
2591 1638 2768 1705 est,et
2815 1647 2930 1690 non
2984 1632 3233 1708 negavit.
3270 1630 3340 1692 Et
3368 1633 3677 1696 confessus

274 1722 619 1801 ὡμολόγησε,
680 1724 769 1779 καὶ
800 1723 894 1779 οὒκ
935 1722 1206 1801 ἠρνήσατο
1245 1738 1260 1752 ⁸
1308 1723 1395 1778 καὶ
1423 1720 1797 1801 ὡμολόγησεν,
1857 1722 1924 1778 ὅτι

2027 1729 2137 1795 est,
2171 1718 2300 1781 Non
2333 1739 2464 1781 sum
2493 1741 2600 1799 ego
2632 1719 2923 1782 Christus.
2972 1743 2994 1778 ιο
3030 1718 3185 1781 Dixit
3212 1722 3485 1801 superius
3514 1726 3670 1804 quod

277 1815 382 1870 Οὔκ
428 1812 531 1888 εἰμὶ
562 1811 670 1890 ἐγὼ
701 1814 726 1867 6
765 1812 1008 1889 Χριστός,
1050 1834 1074 1864 η
1116 1810 1285 1867 Εἶπεν
1328 1810 1601 1891 ἀνωτέρω,
1636 1808 1715 1867 ὅτι
1749 1809 1924 1868 Ἰωάν-

2018 1809 2279 1873 Joannes
2311 1818 2558 1872 testetur
2587 1809 2662 1871 de
2683 1808 2785 1870 illo
2822 1827 2836 1871 :
2868 1817 2926 1870 et
2975 1817 3097 1871 tum
3157 1810 3503 1874 interseruit
3530 1815 3671 1895 quid

278 1924 370 1969 νης
430 1900 685 1980 μαρτυρεῖ
750 1904 863 1979 περὶ
909 1903 1067 1957 αὐτοῦ
1100 1917 1113 1930 '
1177 1901 1299 1956 ε’ίτα
1352 1901 1513 1957 εἰπὼν
1564 1899 1645 1956 διὰ
1697 1899 1861 1976 μέσου
1892 1923 1920 1956 τ

2025 1907 2268 1961 testatus
2291 1899 2369 1961 sit
2396 1902 2657 1961 Joannes
2674 1899 2750 1960 de
2772 1898 3030 1971 Christo,
3068 1918 3283 1979 nempe
3305 1903 3462 1981 quod
3502 1927 3524 1959 ιι
3563 1905 3670 1967 Hic

271 1992 627 2069 ἐμαρτύρησεν
682 1994 709 2046 6
764 1988 1016 2057 Ἰωάννης
1061 2001 1177 2069 περὶ
1224 1996 1313 2045 τοῦ
1357 1996 1606 2068 Χριστοῦ,
1652 1987 1734 2045 ὅτι
1773 2012 1799 2043 α
1829 1991 1924 2048 Οὖ-

2023 1998 2157 2051 ante
2194 2008 2285 2051 me
2318 1989 2503 2050 factus
2562 1997 2652 2050 est
2689 2011 2712 2043 η
2771 1996 2830 2049 et
2879 1987 3036 2069 quod
3077 2012 3103 2043 α
3138 1986 3255 2050 Nos
3286 2008 3496 2053 omnes
3529 2012 3670 2074 pro-

268 2104 361 2147 τος
421 2080 711 2161 ἔμπροσθέν
757 2101 857 2156 μου
916 2079 1122 2158 γέγονε,
1174 2103 1201 2134 ι
1237 2080 1324 2136 καὶ
1374 2077 1454 2136 ὅτι
1510 2100 1533 2135 α
1572 2070 1765 2155 Ἠμεϊς
1794 2080 1924 2136 πάν-

2023 2080 2219 2159 ριιθῑω
2261 2080 2336 2141 de
2386 2079 2758 2160 plenitudine
2805 2080 2934 2159 ejus
2963 2078 3328 2159 accepimus,
3359 2105 3386 2137 ι
3446 2070 3670 2158 subdit,

275 2194 359 2237 τες
404 2173 453 2228 οἱ
510 2176 781 2251 προφῆται
835 2173 896 2226 ἔκ
942 2175 1033 2227 τοῦ
1110 2168 1471 2249 πληρώματος
1533 2168 1688 2226 αὐτοῦ
1738 2166 1932 2226 ἐλάϐο-

274 2283 395 2337 μεν,
459 2283 483 2317 ιο
546 2259 827 2340 ἐπιφέρει·
899 2282 937 2340 α.
964 2261 1061 2317 Καὶ
1121 2258 1255 2327 αὕτη
1312 2260 1455 2316 εστὶν
1496 2260 1532 2327 ἡ
1563 2258 1817 2337 μαρτυρία
1843 2259 1935 2315 τοῦ

268 2350 541 2415 Ἰωάννου.
584 2375 606 2405 ιι
670 2352 800 2407 Ποία
832 2369 849 2429 ;
946 2356 1021 2406 Ην
1058 2348 1306 2428 ἀνωτέρώ
1348 2349 1530 2422 εἶπεν,
1562 2347 1642 2405 ὅτι
1674 2346 1933 2427 "Euago-

277 2440 397 2497 σθέν
456 2464 557 2516 μου
615 2439 828 2519 γέγονε,
868 2462 892 2496 ι
929 2439 1109 2495 καὶτὰ
1141 2437 1304 2495 λοιπά
1340 2453 1356 2470 ⁸
1395 2436 1530 2497 ἄλλα
1571 2439 1658 2495 καὶ
1688 2436 1721 2494 ἂ
1752 2436 1933 2517 ἐφεξῆς

272 2530 443 2608 λέγει,
492 2529 571 2586 ὅτι
607 2555 634 2585 »
671 2535 778 2590 Οὐκ
834 2530 940 2604 εἰμὶ
998 2532 1025 2585 6
1084 2531 1337 2608 Χριστὸς,
1368 2548 1398 2587 ι
1461 2530 1546 2585 καὶ
1594 2537 1759 2587 ταῦτα
1788 2550 1929 2603 μαρ-

270 2623 417 2700 τυρία
499 2620 748 2678 Ἰωάννου
805 2619 954 2678 εἰσίν.
1020 2643 1047 2674 ε
1107 2616 1452 2676 Ἀπέστειλαν
1526 2618 1613 2675 οὖν
1673 2618 1720 2675 οἱ
1789 2616 1928 2675 Ἰου-

270 2708 412 2768 δαῖοι
446 2712 576 2790 πρὸς
611 2710 867 2777 Ἰωάννην
912 2711 1000 2772 οῦς
1034 2713 1193 2788 εἶχον
1222 2709 1523 2788 κρείττονας
1558 2722 1573 2738 ·
1622 2708 1785 2786 ἱερεῖς
1830 2707 1930 2792 γὰρ

266 2802 354 2857 καὶ
400 2801 650 2879 Λευίτας,
708 2800 795 2856 καὶ
840 2800 1053 2862 τούτους
1108 2791 1527 2878 Ἱεροσολυμίτας
1560 2816 1578 2835 ⁸
1620 2800 1694 2861 ὡς
1726 2796 1788 2852 ἂν
1832 2791 1926 2853 οὗέ-

270 2913 372 2962 τοι,
432 2890 527 2945 οἷα
581 2886 646 2955 δη
705 2888 1070 2968 συνετώτεροι,
1115 2890 1338 2945 πείσωσι
1402 2889 1491 2944 τὸν
1536 2886 1788 2953 Ἰωάννην
1846 2884 1929 2942 διὰ

268 2978 576 3052 κολακείας,
639 2966 977 3057 ὁμολογῆσαι
1029 2976 1215 3033 ἑαυτὸν
1266 2977 1515 3057 Χριστόν.
1545 2966 1691 3054 ιὈρα
1729 2969 1786 3031 δὲ
1833 2976 1928 3043 τὴν

273 3071 570 3137 σκαιότητι
612 3090 625 3105 ο
687 3069 782 3125 οὒκ
838 3068 1103 3146 ἐρωτῶσιν
1164 3068 1321 3126 αὐτὸν
1390 3066 1575 3131 εὐθέως
1610 3087 1623 3101 ο
1673 3065 1745 3121 Σὺ
1791 3066 1847 3122 εἴ
1899 3066 1926 3119 'o

273 3158 499 3237 Χριστός
536 3174 554 3233 ;
594 3156 753 3235 ἄλλα,
808 3178 831 3211 ιι
869 3157 942 3213 Σὺ
975 3157 1053 3222 τίς
1086 3156 1142 3213 εἴ
1178 3176 1195 3232 ;
1226 3180 1248 3212 ο
1300 3152 1539 3221 Ἐκεῖνος
1583 3152 1661 3234 δὲ,
1693 3155 1791 3222 τὴν
1822 3176 1925 3211 κα-

270 3250 518 3328 κουργίαν
576 3246 725 3311 εἰδὼς
770 3248 965 3323 αὒτῶν,
1017 3248 1078 3303 οὗ
1106 3245 1250 3325 λέγει
1292 3246 1370 3312 τίς
1416 3243 1503 3319 ἧν,
1550 3241 1670 3300 ἀλλ’
1720 3242 1925 3319 ὁμολοο-

266 3357 373 3418 γει,
407 3335 487 3394 ὅτι
538 3360 566 3391 ι
599 3340 708 3395 Οὒκ
763 3337 868 3413 εἰμὶ
917 3338 945 3392 6
993 3336 1245 3415 Χριστὸς,
1298 3358 1325 3390 in
1396 3336 1527 3414 πρὸς
1579 3334 1669 3390 τὸν
1727 3334 1922 3390 σκοπὸν

263 3427 438 3484 αὐτῶν
466 3423 809 3505 ἀποϐλέπων,
854 3427 942 3482 καὶ
997 3424 1335 3505 πανταχόθεν
1392 3424 1575 3489 αὐτοὺς
1604 3421 1920 3498 ἐπισπώμε-

265 3538 357 3578 νος
403 3517 536 3594 πρὸς
568 3517 627 3571 τὸ
676 3522 976 3589 πιστεῦσαι,
1030 3513 1111 3570 ὅτι
1158 3512 1317 3578 ἄλλος
1365 3513 1502 3571 ἐστὶν
1547 3514 1575 3569 6
1619 3512 1840 3590 Χριστὸς
1893 3513 1921 3567 6

259 3604 392 3683 παρ’
430 3603 623 3661 ναῦτιίν
672 3613 1015 3679 νομιζόμενος
1075 3602 1315 3684 εὐτελὴς,
1373 3604 1461 3661 καὶ
1515 3599 1755 3667 εὐτελοῦς
1811 3624 1920 3658 πα-

259 3696 409 3771 τρὸς,
441 3693 689 3757 τέκτονος
734 3694 833 3772 γάρ
865 3709 879 3723 ⁶
942 3695 1031 3750 καὶ
1088 3691 1327 3756 εὐτελοῦς
1405 3690 1673 3771 πατρίδος,
1737 3699 1915 3763 Ναζα-

262 3782 352 3860 ρέτ
395 3782 495 3861 γέρ
529 3798 544 3813 ⁶
599 3781 649 3847 ii
706 3782 770 3849 ἧς
820 3780 964 3841 οῦδὲν
1011 3783 1206 3861 ἀγαθὸν
1260 3786 1401 3838 εἶναι
1452 3781 1744 3841 ἰπίστευον.
1795 3777 1920 3859 Περὶ

262 3871 451 3948 μέντοι
500 3875 658 3931 αὐτοῦ
708 3878 800 3930 τοῦ
862 3870 1166 3952 Προδρόμου
1209 3871 1454 3951 μεγάλην
1516 3869 1665 3938 δόξαν
1711 3875 1867 3951 εἶχον
1901 3886 1917 3905 ο

261 3963 459 4041 πατρός
512 3983 567 4019 τε
630 3962 730 4041 γὰρ
788 3961 1080 4043 ἀρχιερέως
1135 3962 1225 4041 ἦν,
1256 3964 1342 4018 καὶ
1367 3963 1478 4038 βίου
1520 3959 1807 4041 ἀγγελικοῦ
1835 3970 1922 4022 καὶ

260 4050 421 4109 ἆῦλον
485 4050 705 4131 σχεδόν.
756 4041 921 4109 ΗΟθεν
978 4051 1242 4126 θαυμάσαι
1287 4049 1506 4123 δίκαιον,
1541 4055 1678 4127 ,πῶς
1737 4048 1791 4115 ἒξ
1846 4052 1920 4107 ὧν

260 4162 429 4198 οωντο
468 4140 666 4198 ἐκεῖνοι
698 4139 900 4217 βλάψαι
944 4142 1042 4208 τὴν
1086 4147 1180 4198 τοῦ
1232 4147 1457 4218 Χριστοῦ
1498 4138 1672 4212 δόξαν,
1707 4139 1767 4196 ἐκ
1792 4140 1919 4196 τού-

258 4253 366 4287 των
451 4228 885 4308 συμποδίζονται.
948 4229 1221 4309 Ἐρωτῶσι
1280 4230 1376 4307 μὲν
1440 4231 1540 4311 γὰρ
1591 4232 1662 4295 ὡς
1706 4228 1919 4295 ἀξιόπι-

260 4341 388 4376 στον
446 4322 535 4377 τὸν
580 4319 862 4394 Ἰωάννην,
894 4319 989 4376 ’ίνα
1015 4321 1114 4387 τῆς
1147 4321 1220 4385 εἷς
1266 4321 1490 4399 Χριστὸν
1534 4318 1777 4382 ἀπιστίας
1820 4319 1919 4385 τὴν

258 4408 461 4467 ὶκείνου
518 4410 803 4489 μαρτυρίαν
857 4406 1106 4465 ὑπόθεσιν
1163 4407 1388 4489 ἔχωσιν,
1422 4408 1575 4488 εἴπερ
1606 4408 1685 4484 μὴ
1715 4407 1918 4484 ὁμολο-

259 4499 407 4577 γήσῃ
466 4501 622 4556 αὐτὸν
675 4498 900 4577 Χριστόν
935 4513 951 4528 ⁶

254 4588 438 4667 τράπη
496 4589 703 4652 αὺτοῖς.
762 4593 957 4647 Τοῦτον
1010 4588 1135 4669 γὰρ,
1188 4589 1246 4644 ὃν
1276 4588 1436 4668 εἶχον
1467 4585 1792 4663 ἀξιόπιστον,
1826 4589 1913 4645 εὖ·

256 4680 491 4759 ρίσκουσι
551 4679 912 4757 μαρτυροῦντα
951 4679 1068 4758 περὶ
1125 4683 1375 4757 Χριστοῦ,
1425 4678 1513 4735 καὶ
1561 4678 1639 4753 μὴ
1684 4678 1757 4743 εἰς
1789 4677 1917 4734 ἑαυ-

254 4768 349 4825 τὸν
378 4765 604 4825 ἕλκοντα
632 4767 733 4837 τὴν
761 4768 951 4844 τιμήν,

345 4968 370 5001 ο
425 4947 521 5003 Καὶ
546 4945 833 5026 ἠρώτησαν
867 4946 1022 5005 αὐτόν
1058 4962 1072 4977 ⁹
1105 4948 1167 5006 Τί
1195 4953 1283 5005 οῦν
1317 4968 1334 5023 ;
1371 4936 1550 5009 Ἠλίας
1594 4945 1649 5003 εἴ
1679 4947 1740 5002 σὺ
1768 4964 1785 5026 ς
1820 4946 1918 5003 Καὶ

252 5035 401 5113 λέγει
436 5053 449 5066 ·
512 5035 620 5092 Οὔκ
684 5036 813 5113 εἶμί,
878 5027 934 5094 ιΟ
994 5037 1275 5117 προφήτης
1320 5035 1375 5093 εἴ
1422 5036 1530 5116 σύ,
1567 5036 1664 5094 Καὶ
1693 5034 1917 5113 ἀπεκρί-

253 5130 325 5193 θη
357 5145 372 5161 ⁶
436 5122 531 5187 Οὔ.
586 5125 758 5183 Εἶπον
802 5135 891 5185 οῦν
921 5129 1063 5203 αὒτῷ
1097 5172 1113 5187 .
1147 5128 1235 5190 Τίς
1268 5126 1348 5207 εἴ,
1388 5125 1480 5182 ἵνα
1511 5125 1789 5203 ἀπόκρισιν
1817 5121 1916 5179 δῶ-

253 5237 356 5294 μεν
397 5227 516 5277 τοῖς
577 5215 851 5293 πέμψασιν
909 5217 1053 5293 ἡμᾶς
1089 5235 1105 5297 ;
1144 5216 1205 5274 Τί
1257 5214 1432 5295 λέγεις
1480 5216 1597 5294 περὶ
1654 5222 1914 5289 σεαυτοῦς

252 5304 445 5387 ’Ἔφπγ
497 5302 643 5384 Ἐγὼ
683 5306 833 5386 φωνῆ
893 5306 1127 5382 βοῶντος
1186 5306 1241 5363 ἐν
1284 5311 1353 5382 τῇ
1396 5306 1581 5386 ἐρήμῳ
1609 5320 1624 5335 ⁸
1662 5308 1915 5364 Εὐθύνατε

252 5396 356 5463 τὴν
413 5392 531 5451 ὁδὸν
592 5397 803 5475 Κυρίου,
837 5398 1012 5461 καθὼς
1046 5399 1198 5454 εἶπεν
1234 5387 1459 5460 Ἠσαίας
1485 5397 1511 5452 6
1541 5396 1846 5475 προφήτης,
1882 5414 1911 5455 )

255 5485 359 5542 Τδν
421 5475 603 5541 Ἠλίαν
672 5481 1009 5563 προσεδόκων
1094 5484 1286 5565 ἧξεινδ
1355 5483 1555 5565 ἀρχαίᾳ
1630 5481 1918 5562 παραδόσει

254 5575 563 5650 πειθόμενοι
599 5592 615 5607 ⁸
648 5572 729 5630 διὸ
760 5574 1027 5649 ἆρωτῶσιν
1076 5576 1234 5635 αὑτὸν
1272 5576 1319 5632 εί
1366 5573 1508 5632 ἔστιν
1541 5565 1722 5636 Ἠλίας
1758 5590 1772 5604 ⁹
1833 5576 1922 5631 καὶ

256 5664 362 5743 γάρ
390 5684 471 5720 τοι
516 5665 602 5721 καὶ
631 5664 661 5719 ὁ
691 5664 803 5740 βίος
862 5666 1020 5722 αὐτοῦ
1078 5664 1229 5738 ἐῴκει
1285 5669 1362 5737 τῷ
1414 5670 1506 5720 τοῦ
1551 5654 1753 5719 Ἠλιοῦ.
1791 5663 1917 5743 Ἀρο

2027 2194 2053 2223 α
2089 2168 2157 2230 Et
2190 2170 2299 2231 hoc
2331 2180 2423 2232 est
2464 2168 2705 2231 Joannis
2732 2167 3198 2230 testimonium.»
3236 2168 3420 2243 Quale
3441 2170 3472 2231 ?
3503 2170 3668 2246 Quod

2018 2259 2294 2338 superius
2316 2259 2485 2339 dixit,
2529 2263 2720 2320 -.\r.te
2770 2277 2865 2319 ine
2890 2258 3078 2319 factus
3101 2270 3214 2332 est,
3257 2286 3276 2317 ι
3316 2269 3433 2323 ctc.
3467 2264 3582 2323 Sed
3614 2272 3674 2324 et

2017 2366 2147 2428 quae
2171 2348 2459 2427 deinceps
2498 2347 2679 2411 dicit:
2729 2346 2894 2408 «Non
2920 2366 3052 2408 sum
3072 2345 3362 2424 Christus,
3397 2375 3418 2405 ο
3457 2361 3515 2412 et
3544 2353 3670 2414 haec

2018 2436 2357 2498 testimonia
2384 2445 2521 2498 sunt
2551 2435 2815 2500 Joannis.
2847 2439 3034 2499 Porro
3063 2435 3251 2499 Judaei
3279 2438 3350 2499 ad
3382 2440 3667 2502 Joannem

2016 2526 2302 2588 miserant
2329 2525 2771 2607 praestantiores
2802 2544 2951 2606 quos
2975 2525 3291 2601 habebant,
3328 2528 3672 2591 sacerdotes

2014 2615 2285 2678 videlicet
2316 2626 2375 2678 et
2407 2615 2632 2690 levitas,
2670 2630 2889 2695 eosque
2924 2613 3523 2698 Hierosolymitanos,
3562 2620 3668 2700 qui

2012 2711 2217 2785 utpote
2246 2704 2662 2785 sapientiores,
2701 2704 3129 2784 persuaderent
3152 2702 3368 2767 Joanni
3403 2726 3508 2788 per
3528 2708 3670 2770 adu-

2014 2793 2296 2857 lationem
2321 2804 2382 2856 ut
2411 2795 2800 2857 conﬁteretur
2829 2812 2895 2855 se
2942 2811 3077 2858 esse
3128 2792 3453 2859 Christum.
3524 2796 3676 2860 Vide

2011 2892 2204 2947 autem
2224 2904 2400 2965 quam
2423 2883 2664 2947 sinistra
2690 2884 2764 2945 sit
2789 2884 3025 2945 illorum
3085 2903 3273 2946 mens.
3314 2883 3441 2947 Non
3476 2887 3674 2950 inter-

2012 2985 2226 3053 rogant
2246 2992 2379 3035 eum
2412 2973 2633 3048 statim,
2678 2972 2849 3034 Tune
2899 2992 2964 3035 es
2995 2973 3318 3036 Christus?
3361 2975 3489 3051 sed,
3529 3002 3556 3032 α
3582 2975 3672 3039 Τυ

2012 3063 2113 3144 qui
2132 3068 2260 3125 es?»
2284 3062 2504 3127 Verum
2529 3064 2630 3124 ille
2647 3063 2882 3142 cognita
2904 3081 3107 3124 eorum
3131 3063 3523 3143 malignitate,
3550 3086 3669 3128 non

2013 3151 2155 3213 dicit
2175 3152 2308 3233 quis
2334 3152 2542 3227 sit,sed
2566 3151 2904 3223 conﬁtetur,
2932 3148 3093 3212 «Non
3116 3169 3247 3212 sum
3273 3150 3542 3214 Christus
3580 3173 3593 3214 :
3633 3178 3663 3210 ι

2006 3241 2080 3303 ad
2112 3260 2356 3324 scopum
2390 3242 2593 3323 utique
2618 3241 2856 3302 illorum
2890 3240 3312 3321 respiciens,et
3351 3242 3662 3324 undequa-

2006 3351 2121 3414 que
2150 3332 2282 3393 illos
2310 3331 2383 3393 ad
2415 3331 2786 3393 credendum
2836 3329 3129 3403 alliciens,
3193 3330 3348 3412 quod
3386 3330 3543 3393 alius
3591 3334 3668 3393 sit

2005 3419 2289 3491 Christus,
2329 3440 2503 3500 quem
2539 3420 2651 3501 ipsi
2686 3427 2885 3500 putant
2918 3418 3181 3492 vilem,et
3227 3436 3299 3480 ex
3339 3418 3439 3480 vili
3473 3429 3660 3501 patre.

2002 3510 2169 3573 fabro
2199 3508 2559 3584 videlicet,et
2590 3516 2933 3589 contempta
2967 3511 3173 3589 patria,
3225 3527 3443 3590 nempe
3471 3508 3663 3572 Naza-

2002 3600 2156 3676 reth,
2191 3619 2259 3663 ex
2294 3619 2410 3681 qua
2446 3599 2595 3661 nihil
2649 3598 2788 3660 boni
2836 3616 2967 3659 esse
2998 3598 3345 3662 credebant.
3381 3598 3557 3680 Atqui
3589 3601 3665 3663 de

2001 3689 2372 3753 Praecursore
2392 3689 2523 3770 ipso
2561 3706 2833 3769 magnam
2861 3686 3162 3748 habebant
3194 3688 3562 3768 opinionem,
3590 3709 3661 3752 eo

2003 3780 2158 3862 quod
2195 3789 2368 3841 natus
2399 3788 2525 3841 erat
2555 3798 2624 3842 ex
2656 3787 2820 3859 patre
2851 3777 3230 3839 sacerdotum
3278 3778 3568 3860 principe,
3604 3791 3663 3842 et

2001 3869 2179 3931 vitam
2206 3869 2535 3949 angelicam
2564 3876 2621 3929 et
2642 3868 2806 3949 quasi
2827 3867 3095 3929 materiae
3112 3875 3412 3948 expertem
3431 3882 3656 3947 ageret.

2003 3959 2172 4025 Unde
2190 3959 2353 4039 juste
2376 3958 2762 4032 admiramur,
2799 3956 3096 4038 quomodo
3126 3974 3232 4037 per
3262 3956 3360 4018 illa
3394 3957 3525 4038 ipsa
3554 3979 3662 4040 per

2002 4069 2136 4132 quae
2165 4048 2250 4109 illi
2275 4047 2481 4128 gloriae
2510 4046 2729 4112 Christi
2764 4044 3068 4107 nocituros
3095 4062 3160 4106 se
3194 4045 3499 4127 putabant,
3537 4047 3656 4109 im-

2002 4136 2498 4221 pediuntur.Nam
2524 4134 2980 4215 interrogabant
3001 4134 3243 4216 quidem
3257 4133 3574 4214 Joannem,
3597 4149 3659 4200 ut

2003 4229 2121 4291 ﬁde
2150 4229 2546 4308 dignum,quo
2580 4224 2985 4287 testimonium
3046 4224 3204 4285 illius
3234 4243 3357 4287 suae
3387 4226 3448 4286 in
3480 4226 3657 4290 Chri-

2001 4327 2156 4380 stum
2180 4315 2587 4379 incredulitati
2612 4312 3014 4396 praetexant,si
3034 4312 3271 4394 quidem
3289 4332 3408 4375 non
3425 4316 3657 4377 confes-

2003 4426 2103 4469 sus
2133 4407 2340 4469 fuisset
2371 4406 2536 4466 illum
2572 4403 2898 4469 Christum.
2957 4400 3178 4463 Verum
3230 4421 3406 4464 secus
3435 4408 3652 4478 evenit,

1012 4500 1074 4554 τὸ
1136 4496 1189 4554 δὲ
1260 4500 1331 4564 εἰς
1387 4498 1686 4555 τοῦναντίον
1733 4517 1916 4577 περιε-

2013 4505 2064 4560 et
2085 4505 2292 4559 contra
2314 4514 2417 4558 eos
2438 4493 2844 4556 testimonium
2861 4509 3097 4553 versum
3118 4492 3474 4555 est.Etenim
3489 4512 3649 4567 eum,

2000 4605 2175 4668 quem
2211 4604 2312 4667 pro
2346 4584 2503 4646 ﬁdeli
2539 4581 2860 4652 habebant,
2900 4580 3209 4643 inveniunt
3241 4582 3525 4662 praeclara
3557 4591 3651 4645 te-

1998 4676 2137 4738 stari
2166 4676 2242 4737 de
2270 4672 2527 4754 Christo,
2588 4680 2647 4736 et
2689 4689 2808 4733 non
2866 4669 2978 4732 sibi
3009 4670 3123 4751 ipsi
3155 4669 3447 4766 honorem
3479 4692 3650 4736 arro-

2000 4784 2162 4847 gare.

2084 4943 2493 5009 Vens.2I-23.
2535 4963 2562 5001 ‹
2593 4940 2663 5005 Ει
2714 4942 3233 5021 interrogaverunt
3277 4961 3411 5003 eum
3451 4964 3466 5006 :
3500 4942 3651 5017 Quid

2001 5053 2142 5114 ergo
2161 5033 2368 5095 ?Elias
2399 5052 2465 5095 es
2494 5040 2553 5093 tu
2577 5031 2607 5092 ?
2634 5033 2711 5094 Et
2738 5030 2883 5093 dicit
2909 5052 2923 5092 :
2952 5029 3083 5094 Non
3115 5050 3271 5093 sum.
3306 5031 3383 5094 Es
3414 5040 3477 5095 tu
3508 5051 3650 5115 pro-

2002 5126 2176 5207 pheta
2200 5122 2331 5186 ille?
2362 5122 2431 5187 Et
2452 5121 2766 5204 respondit
2799 5138 2812 5181 :
2846 5119 2995 5182 Non.
3028 5122 3317 5186 Dixerunt
3372 5140 3513 5203 ergo
3545 5124 3598 5184 ei
3636 5146 3647 5183 :

2001 5216 2146 5290 Quis
2178 5232 2267 5289 es,
2292 5221 2357 5276 ut
2384 5230 2741 5294 responsum
2772 5211 2983 5273 demus
3040 5212 3156 5288 his,
3199 5212 3299 5293 qui
3334 5230 3441 5273 ncs
3468 5214 3650 5274 mise-

2002 5304 2171 5367 runt?
2191 5302 2341 5376 Quid
2357 5302 2507 5364 dicis
2541 5302 2617 5363 de
2640 5309 2697 5363 te
2721 5299 2881 5381 ipso?
2905 5300 3029 5365 Ait:
3054 5300 3175 5379 Ego
3205 5320 3312 5362 vox
3342 5302 3655 5364 clamantis

2001 5395 2063 5456 in
2089 5395 2377 5457 desertio:
2414 5390 2660 5472 Dirigite
2683 5391 2841 5453 viam
2870 5391 3289 5467 Domini,sicut
3313 5392 3457 5455 dixit
3472 5392 3656 5456 Isaias

2005 5485 2318 5567 propheta.
2355 5505 2377 5535 ι
2419 5482 2607 5545 Eliam
2652 5480 3068 5544 existimabant
3125 5490 3437 5544 venturum
3469 5486 3654 5546 veteri

2005 5575 2322 5637 traditione
2351 5571 2618 5656 persuasi
2653 5588 2667 5633 :
2701 5569 2859 5632 unde
2902 5580 3175 5651 quaerunt
3204 5590 3345 5634 num
3370 5572 3446 5634 sit
3469 5571 3653 5649 Elias,

2006 5682 2076 5725 eo
2107 5662 2263 5744 quod
2297 5671 2353 5725 et
2378 5662 2490 5725 vita
2535 5661 2666 5742 ejus
2692 5658 2903 5721 similis
2937 5667 3062 5722 erat
3107 5660 3235 5723 vita;
3264 5660 3428 5725 Elite.
3464 5663 3655 5742 Negat
