4178 6408
535 394 680 459 1171

1506 391 2106 462 THEOPHYLACTI
2148 390 2562 456 BULGARIE
2603 394 2965 458 ARCHIEP.

3775 384 3935 452 H7?

529 527 964 607 pmnitentiam,
1000 531 1153 591 viam
1191 530 1540 612 praeparavit
1583 532 1669 592 eis
1702 529 1775 591 ad
1806 530 1917 590 hoc
1950 536 2009 588 nt
2043 543 2170 606 per-

2270 526 2456 590 αὐτοὺς
2501 526 2857 609 παρακαλεῖν,
2936 526 3291 607 προωδοποίει
3360 529 3536 588 αὖτοτς
3590 527 3664 588 εἷς
3724 527 3784 580 τὸ
3848 524 3938 580 καὶ

525 615 678 679 fecte
698 618 1010 697 corrigiam
1035 619 1196 682 illam
1221 628 1279 682 et
1304 620 1775 682 calceamentum
1810 618 2033 699 peccati
2064 615 2175 677 ab-

519 704 820 785 jiciantzin
848 707 1089 773 Christo
1119 718 1315 771 autem
1338 729 1457 771 non
1490 709 1801 771 inveniens
1832 705 2173 786 corrigiam,

524 795 639 856 hoc
668 803 758 858 est
788 796 1091 859 vinculum
1128 799 1377 880 peccati,
1400 799 1616 860 merito
1640 816 1837 877 neque
1859 795 2052 867 solvit,
2077 813 2179 855 ne-

523 902 642 964 que
666 883 895 946 solvere
914 886 1119 962 potuit.
1146 885 1459 959 Quomodo
1483 887 1641 949 enim
1667 884 2031 955 solvisset,in
2058 901 2175 963 quo

524 990 643 1032 non
675 972 1043 1037 inveniebat?
1074 999 1095 1031 ι
1129 974 1442 1038 Peccatum
1472 976 1630 1036 enim
1658 994 1775 1036 non
1808 973 2175 1051 fecit,neque

521 1061 796 1123 inventus
826 1063 1107 1126 estdolus
1142 1066 1200 1126 in
1231 1084 1335 1126 ore
1359 1066 1491 1144 ejus
1517 1067 1601 1128 55.
1634 1090 1660 1120 ιι
1695 1062 2172 1127 Calceamentum

521 1157 716 1212 autem
754 1161 841 1212 est
871 1151 1163 1216 adventus
1195 1154 1430 1215 Domini
1454 1154 1525 1215 ad
1556 1152 1947 1232 noszcorrigia
1978 1161 2171 1213 autem

521 1238 674 1318 ejus,
699 1239 1499 1323 modusincarnationis,quo
1523 1242 1788 1305 Verbum
1812 1241 1916 1303 Dei
1939 1240 2168 1301 unitum

522 1336 581 1389 et
607 1328 1053 1408 quodammodo
1085 1332 1428 1411 colligatum
1460 1333 1718 1413 corpori.
1774 1330 1985 1412 Utique
2015 1330 2171 1391 hunc

523 1416 744 1479 nodum
774 1418 1004 1480 solvere
1037 1419 1411 1500 impossibile
1442 1431 1552 1485 est.
1582 1421 1725 1494 Quis
1776 1419 1935 1482 enim
1970 1432 2172 1501 posset

521 1505 774 1583 solvere,
807 1511 1108 1588 quomodo
1139 1510 1295 1573 Deus
1316 1515 1553 1592 corpori
1588 1512 1898 1590 colligatus
1933 1512 2008 1574 sit
2040 1510 2065 1573 ?

605 1593 786 1660 Vens.
837 1599 937 1658 28.
1003 1620 1025 1653 α
1061 1598 1199 1662 Haec
1232 1602 1289 1662 in
1338 1601 1627 1663 Bethania
1658 1600 1810 1663 facta
1839 1609 1976 1663 sunt
2007 1611 2170 1662 trans

516 1684 865 1757 Iordanem,
899 1687 998 1749 ubi
1034 1698 1159 1751 erat
1184 1692 1443 1752 Joannes
1493 1692 1815 1773 baptizans.
1884 1716 1906 1746 η
1976 1690 2172 1762 Quare

519 1774 667 1837 dixit
699 1775 855 1856 quod
886 1778 1009 1839 hac
1042 1777 1101 1839 in
1134 1781 1421 1841 Bethania
1451 1779 1602 1843 facta
1624 1780 1774 1842 sint?
1803 1780 1876 1844 Ut
1901 1780 2172 1841 ostendat

2258 613 2475 679 τελείως
2534 615 2888 675 ἀπῶαλὲσθαι
2918 622 3010 673 τὸι
3042 618 3238 692 ἱμάντι
3270 623 3479 683 τοῦτον,
3524 617 3610 671 καὶ
3642 616 3703 671 τὸ
3748 615 3934 691 ἀμαρ-

2256 703 2430 761 τωλὸν
2486 705 2736 783 ὑπόδημα
2770 721 2785 739 ⁶
2846 706 2933 764 ἐπὶ
2976 706 3030 764 δὲ
3091 709 3347 786 Χριστοῦ,
3407 707 3600 780 ἱμάντα
3654 710 3731 776 μὴ
3782 705 3930 779 ’δρί-

2259 815 2429 871 σκων,
2484 795 2605 863 ἤτοι
2655 795 2942 872 σύνδεσμον
2983 796 3262 875 ἁμαρτίας,
3325 794 3544 860 εἰκότως
3616 792 3730 853 οὐδὲ
3782 792 3929 849 λύειν

2258 885 2416 941 αὒτὸν
2446 884 2682 945 ἐδύνατο.
2745 886 2866 949 Πῶς
2921 887 3045 966 γὰρ,
3095 887 3151 942 ὃν
3183 887 3286 965 οὔχ
3322 883 3559 965 εὕρισκεν
3594 903 3611 956 ;
3649 907 3677 938 ι
3712 876 3923 959 Ἀμαρ-

2256 973 2372 1029 τίαν
2427 976 2527 1053 γὰρ
2577 979 2671 1034 οῦκ
2728 975 3004 1048 ἐποίησεν,
3067 973 3181 1033 οὐδὲ
3235 975 3419 1054 εὑρέθη
3482 974 3534 1030 iv
3578 978 3654 1047 τῷ
3697 974 3923 1048 στόματι

2257 1064 2414 1120 αὒτοῦ
2472 1064 2649 1129 δόλος.
2683 1085 2712 1125 ι
2781 1056 3061 1141 Τποδημα
3104 1065 3160 1121 δὲ
3202 1067 3236 1133 ἦ
3273 1067 3534 1141 παρουσία
3590 1070 3684 1120 τοῦ
3734 1063 3927 1140 Κυρίου

2254 1154 2289 1220 ἦ
2336 1154 2409 1217 είς
2465 1156 2609 1229 ἡμᾶς
2645 1170 2661 1187 ⁸
2695 1155 2820 1231 ἱμὰς
2851 1152 2905 1211 δὲ
2938 1156 3128 1229 αὑτῆς,
3162 1156 3190 1211 6
3218 1155 3415 1233 τρόπος
3440 1159 3540 1221 τῆς
3572 1151 3922 1230 σαρκώσεως,

2252 1244 2342 1299 καὶ
2397 1251 2490 1300 τοῦ
2548 1251 2664 1308 πῶς
2709 1243 2955 1313 συνεδέθη
3000 1250 3077 1319 τῷ
3132 1244 3340 1319 σώματι
3372 1246 3400 1300 6
3431 1244 3601 1322 Λόγος
3632 1250 3723 1300 τοῦ
3755 1244 3916 1303 Θεοῦ,

2254 1333 2449 1390 Τοῦτον
2478 1336 2567 1389 οῦν
2620 1335 2713 1390 τὸν
2741 1335 2941 1412 τρόπον
2970 1333 3112 1391 λύειν
3143 1331 3421 1390 ἀδύνατον·
3460 1333 3537 1394 τίς
3567 1333 3667 1409 γὰρ
3706 1330 3926 1387 δύναται

2254 1418 2405 1478 λῦσαι
2436 1427 2551 1485 πῶς
2584 1421 2831 1491 συνεδέθη
2862 1431 2939 1499 τῷ
2967 1425 3177 1499 σώματι
3208 1423 3337 1489 Θεός
3372 1439 3389 1498 ς

2340 1621 2362 1654 ιι
2408 1602 2584 1658 Ταῦτα
2616 1601 2671 1658 iv
2717 1604 2947 1676 Βηθανίᾳ
2994 1602 3207 1682 ἐγένετο
3260 1623 3426 1681 περαν
3490 1609 3583 1659 τοῦ
3641 1598 3925 1679 Ἰορδάνου,

2250 1688 2383 1745 ὅπου
2454 1691 2522 1756 ἧν
2583 1688 2838 1759 Ἰωάννης
2895 1692 3190 1769 βαπτίζων,
3274 1692 3425 1754 Τίνος
3488 1691 3666 1747 ἕνεκεν
3736 1690 3923 1758 εἶπεν,

2254 1777 2334 1835 ὅτι
2399 1801 2426 1833 α
2475 1780 2650 1837 Ταῦτα
2710 1780 2764 1838 iv
2824 1781 3055 1854 Βηθανίᾳ
3094 1780 3307 1859 ὶγένετο
3338 1800 3354 1855 ;
3390 1804 3416 1836 ι
3457 1769 3581 1837 Ἵνα
3625 1777 3764 1853 δείξῃ
3820 1778 3926 1844 τὴν

518 1852 1038 1945 ωεειιῖρτωοοιιίε
1072 1867 1436 1941 libertatem,
1473 1870 1629 1951 quod
1680 1890 1799 1932 non
1849 1870 1911 1931 in
1963 1870 2165 1946 dumo,

2258 1866 2550 1945 παῤῥησίαν
2608 1880 2702 1931 τοῦ
2758 1869 2993 1949 μεγάλου
3036 1852 3312 1948 κήρυκος,
3341 1852 3450 1926 -ὅτι
3496 1869 3590 1925 οὒκ
3646 1866 3700 1923 iv
3744 1852 3923 1939 οἰκίᾳ,

520 1971 713 2034 neque
742 1952 800 2016 in
833 1956 1076 2035 angulo,
1106 1958 1210 2019 sed
1242 1959 1406 2022 circa
1454 1957 1802 2035 Jordanem,
1860 1959 1918 2021 in
1977 1959 2170 2023 media

2258 1953 2370 2012 053i
2431 1955 2486 2012 iv
2540 1959 2732 2040 γωνίᾳ,
2790 1957 2929 2015 ἀλλά
2971 1960 3062 2015 τὸν
3124 1955 3393 2036 Ἰορδάνην
3450 1954 3791 2029 καταλαϐὼν,
3872 1953 3925 2010 ἐν

519 2042 897 2106 multitudine
933 2046 1057 2108 haac
1090 2047 1165 2109 de
1197 2048 1432 2112 Christo
1493 2049 1918 2130 praedicaverit.
1955 2048 2170 2112 Scien-

2258 2044 2404 2121 μέσῳ
2459 2044 2693 2116 πλήθους
2754 2055 2923 2105 ταῦτα
2965 2048 3086 2126 περὶ
3140 2056 3368 2117 Χριστοῦ
3416 2046 3756 2125 ἀνεκήρυττε.
3807 2046 3926 2123 Χρὴ

516 2130 656 2193 dum
680 2140 876 2195 autem
908 2135 1065 2215 quod
1090 2138 1454 2218 exemplaria
1490 2138 1899 2201 emendatiora
1922 2138 2165 2213 habent,

2258 2133 2305 2191 δὲ
2363 2136 2644 2214 γινώσκειν
2699 2134 2781 2193 ὅτι
2838 2138 2905 2196 τὰ
2948 2135 3141 2216 ἀκριϐῆ
3198 2144 3305 2193 τῶν
3362 2134 3719 2215 ἀντιγράφων,
3783 2159 3809 2189 ι
3875 2134 3928 2189 iv

520 2241 545 2277 α
581 2219 642 2283 in
664 2220 1021 2286 Bethabara.
1052 2250 1078 2280 ι
1114 2226 1409 2288 Bethania
1426 2227 1586 2290 enim
1617 2247 1733 2290 non
1771 2236 1932 2289 trans
1962 2226 2169 2291 Jorda-

2258 2224 2559 2305 Βηθαὸαρᾷ,
2596 2245 2625 2285 ι
2683 2225 2801 2307 ἔχει
2833 2246 2844 2259 ·
2899 2229 2933 2295 ἡ
2979 2225 3079 2305 γλρ
3141 2225 3372 2293 Βηθανία
3430 2224 3553 2306 οὐχὶ
3614 2224 3778 2303 πέραν
3834 2236 3930 2281 τοῦ

518 2328 651 2372 nem
685 2319 796 2386 est,
828 2313 931 2374 sed
968 2333 1149 2395 prope
1194 2314 1603 2398 Hierosolyma
1635 2317 1666 2378 ?

2258 2312 2537 2395 Ἰορδάνου,
2570 2314 2690 2373 ἀλλ’
2726 2316 2883 2395 ἔγγὺς
2915 2339 3016 2373 που
3050 2318 3157 2372 τῶν
3190 2307 3572 2394 Ἰεροσολύμων
3602 2314 3769 2373 ἐστίν.

596 2398 922 2481 Vens.29.c
948 2402 1189 2467 Postero
1220 2404 1319 2467 die
1343 2406 1502 2469 videt
1528 2410 1794 2468 Joannes
1821 2405 2031 2469 Jesum
2066 2426 2165 2467 ve-

2338 2426 2367 2459 (
2400 2410 2478 2481 Τῇ
2524 2404 2772 2485 ἐπαύριον
2829 2404 3018 2482 βλέπει
3064 2404 3157 2484 (a)
3214 2406 3306 2461 τὸν
3364 2404 3572 2473 Ἰησοῦν
3627 2404 3925 2484 ἐρχόμενον

516 2488 777 2551 nientem
804 2491 876 2552 ad
907 2502 1065 2560 se.et
1092 2493 1357 2557 ait:Ecce
1385 2514 1574 2575 agnus
1604 2496 1705 2557 ille
1739 2495 1977 2577 Dei,qui
2014 2497 2169 2559 tollit

518 2587 821 2658 peccatum
857 2581 1085 2645 mundi.
1123 2604 1147 2634 υ
1182 2583 1350 2665 Szepe
1386 2584 1679 2647 Dominus
1712 2585 1872 2646 venit
1900 2585 1971 2646 ad
2005 2589 2166 2648 Prag-

515 2670 1065 2750 cursorem,quare?
1089 2671 1196 2735 Vel
1229 2673 1476 2735 omnino
1505 2673 1987 2755 quandoquidem
2013 2675 2171 2738 sicut

514 2774 671 2817 unus
700 2776 769 2818 ex
804 2758 1004 2820 multis
1034 2768 1090 2821 et
1125 2760 1254 2841 ipse
1285 2781 1319 2823 a
1348 2765 1575 2824 Joanne
1609 2763 1945 2843 baptizatus
1979 2774 2162 2837 esset,

518 2863 591 2907 ne
625 2854 829 2926 putent
859 2848 1099 2929 quidam
1133 2851 1289 2931 quod
1322 2852 1494 2933 quasi
1530 2852 1788 2932 peccatis
1848 2853 2163 2927 obnoxius,

514 2934 820 3015 mqualiter
846 2955 979 2998 cum
1003 2938 1135 2999 aliis
1168 2938 1499 3020 baptizatus
1530 2940 1627 3006 sit.
1668 2942 1893 3003 Idcirco
1954 2942 2167 3004 iterum

514 3026 693 3100 venit,
724 3027 872 3089 dans
922 3030 1136 3091 Joanni
1186 3032 1565 3094 occasionem
1617 3034 1955 3112 corrigendi
2017 3035 2168 3097 hanc

2251 2494 2379 2570 πρὸς
2425 2493 2604 2574 αὐτὸν,
2654 2496 2741 2551 καὶ
2799 2494 2945 2574 λέγει
2982 2514 2995 2527 ⁸
3032 2493 3149 2553 ’Ἴδε
3180 2497 3208 2551 6
3242 2494 3408 2559 ἀμνὸς
3440 2494 3533 2550 τοῦ
3565 2500 3717 2572 Θεοῦ,
3764 2495 3791 2549 6
3826 2492 3920 2548 αἶ’-

2250 2604 2355 2661 ρων
2409 2584 2507 2651 τὴν
2558 2586 2821 2663 ἁμαρτίαν
2880 2592 2974 2642 τοῦ
3024 2586 3228 2659 κόσμου
3288 2602 3317 2641 δ
3367 2585 3678 2671 Συνεχῶςὶδ
3725 2584 3913 2660 Κύριος

2249 2670 2464 2751 ἔρχεται
2520 2675 2653 2750 πρὸς
2684 2674 2774 2730 τὸν
2808 2672 3133 2754 Πρόδρομονο
3168 2674 3307 2737 τίνος
3334 2671 3509 2729 ἕνεκεν
3546 2691 3562 2746 ;
3597 2664 3679 2729 ΓΗ
3696 2672 3914 2735 πάντως

2251 2760 2436 2829 ἐπειδὴ
2491 2764 2563 2827 ὡς
2642 2764 2727 2829 εἷς
2768 2766 2877 2820 τῶν
2932 2762 3148 2821 πολλῶν
3180 2760 3469 2829 ἐϐαπτίσθη
3504 2763 3593 2818 καὶ
3623 2763 3780 2824 αὐτὸς
3810 2762 3915 2817 ὑπὸ

2253 2848 2524 2932 Ἰωάννου,
2584 2852 2677 2908 Ἵνα
2732 2867 2810 2929 μη
2869 2853 3124 2928 νομίσωσί
3183 2874 3350 2925 τινος,
3385 2851 3464 2909 ὅτι
3514 2852 3586 2916 ὡς
3633 2851 3916 2929 ἁμαρτίαις

2251 2939 2445 3021 ἔνοχος
2471 2940 2543 2998 ὢν
2577 2941 2766 3008 ἐπίσης
2796 2940 2951 3023 (14),
2974 2955 3091 3005 τοῖς
3126 2940 3308 3006 Ξίλλοις
3339 2938 3682 3011 ἑϐαπτίσατο,
3716 2940 3916 3006 ταύτην

2252 3031 2347 3098 τὴν
2392 3030 2642 3087 ὑπόνοιαν
2681 3028 3058 3110 διορθώσασθαι
3126 3029 3449 3108 βουλόμενος
3506 3031 3534 3086 6
3585 3030 3912 3106 βαπτιστὴς,

514 3116 885 3197 opinionem.
916 3117 1055 3181 ideo
1095 3129 1156 3182 et
1186 3120 1450 3203 Baptista
1482 3121 1650 3203 dicit,
1690 3149 1717 3180 ιι
1776 3125 1928 3186 Ecce
1983 3143 2169 3204 agnus

2258 3120 2411 3201 φησίν
2443 3136 2457 3150 ⁸
2513 3144 2539 3175 ιι
2589 3119 2713 3178 ’Ἴδε
2744 3123 2771 3177 6
2801 3121 2967 3197 ἀμνὸς
3003 3123 3096 3177 τοῦ
3137 3128 3289 3200 Θεοῦ,
3335 3122 3364 3176 6
3390 3118 3559 3199 α”ρων
3589 3126 3680 3174 τοῦ
3707 3119 3920 3193 κόαμου

513 3204 749 3287 Dei,qui
781 3208 933 3269 tollit
966 3217 1206 3289 peccata
1229 3202 1499 3275 mundi.»
1530 3202 1677 3275 Nam
1705 3213 1806 3294 qui
1838 3223 1953 3274 tam
1987 3202 2170 3296 purus

2258 3210 2353 3277 τὴν
2405 3210 2685 3289 ἁμαρτίαν,
2726 3234 2749 3269 ε
2818 3202 2875 3269 Ὀ
2925 3211 3024 3291 γὰρ
3068 3210 3206 3266 οὕτω
3264 3211 3517 3290 καθαρὸς,
3548 3209 3686 3265 ὥστε
3717 3211 3806 3265 καὶ
3850 3210 3919 3264 τὶ

518 3303 631 3371 est,
660 3296 1002 3359 utaliorum
1059 3312 1303 3379 peccata
1336 3302 1542 3363 tollere
1576 3312 1634 3364 et
1684 3302 1929 3365 abolere
1962 3305 2168 3375 valeat,

2258 3302 2357 3357 τῶν
2408 3299 2585 3356 ἄλλων
2633 3302 2994 3381 ἁμαρτήματα
3053 3299 3224 3381 αἴρειν
3272 3301 3360 3356 καὶ
3419 3301 3708 3379 ἀφανίζειν,
3772 3300 3916 3378 πρό-

513 3385 888 3447 manifestum
914 3388 1071 3468 quod
1094 3408 1211 3449 non
1230 3392 1532 3472 acceperit
1551 3392 1861 3473 aequaliter
1884 3414 2015 3454 cum
2037 3395 2170 3456 aliis

2258 3386 2438 3471 δηλον,
2484 3389 2564 3447 ὅτι
2608 3390 2702 3447 οῦκ
2769 3389 2830 3447 ἂν
2874 3392 2935 3449 τὸ
2992 3396 3091 3458 τῆς
3142 3389 3577 3468 ἐξ;μολογήσεως
3635 3390 3918 3466 βαπτισμα

509 3474 899 3537 confessionis
934 3476 1251 3558 baptisma.
1314 3480 1569 3562 Exquire
1600 3490 1797 3544 autem
1850 3482 2170 3561 diligenter

2258 3479 2439 3547 ἐπίσης
2468 3498 2586 3544 τοῖς
2624 3478 2806 3545 ἄλλοις
2857 3479 3089 3547 ἐδέξατο.
3120 3479 3404 3546 Ἐξέτασον
3438 3478 3492 3535 δέ
3551 3502 3638 3553 μοι
3697 3479 3786 3533 καὶ
3849 3480 3914 3534 τὸ

510 3564 625 3627 hoc
656 3563 1116 3640 dictum,«Ecce
1138 3587 1327 3645 agnus
1357 3569 1457 3631 ille
1491 3570 1619 3633 Dei:
1639 3596 1657 3625 ο
1687 3572 1826 3653 quia
1857 3590 2052 3649 sermo
2079 3584 2169 3636 est

2258 3569 2411 3636 Ξητόν
2444 3585 2457 3599 ⁸
2501 3592 2528 3624 ιι
2566 3568 2688 3627 ’Ίδε
2714 3572 2741 3626 6
2772 3570 2936 3647 ἀμνὸς
2966 3573 3059 3653 τοῦ
3084 3579 3236 3642 Θεοῦ,
3275 3593 3301 3625 ι
3339 3572 3410 3632 ὡς
3444 3569 3573 3648 πρὸς
3600 3567 3918 3643 ἐπιθδμιῦν·

506 3653 580 3746 ad
614 3654 924 3746 cupientes
943 3664 1013 3746 et
1041 3667 1377 3738 quaerentes
1403 3659 1602 3722 videre
1628 3649 1793 3722 illum
1820 3682 2038 3743 agnum
2067 3665 2166 3746 qui

2258 3680 2343 3722 τας
2395 3655 2527 3715 ἰδεῖν
2581 3661 2671 3714 τὸν
2715 3660 2816 3715 ὑπὸ
2859 3662 2953 3716 τοῦ
2992 3649 3218 3715 Ἠσαίου
3272 3658 3669 3737 κηρυττόμενον
3712 3655 3917 3731 ἀμνὸν,

508 3741 583 3805 ab
614 3742 765 3806 Isaia
796 3744 1115 3824 przedictus
1139 3747 1657 3831 est.Ecce,inquit,
1691 3741 1884 3830 agnus
1936 3754 2033 3814 ille
2065 3741 2164 3833 qui

2258 3749 2275 3804 '3
2329 3746 2488 3828 λόγος
2548 3748 2711 3812 ἐστίν,
2772 3747 2889 3806 ’Ἴδε
2940 3752 2967 3806 6
3025 3751 3217 3825 ἀμνὸς,
3253 3751 3441 3830 φησὶν,
3500 3751 3527 3804 6
3558 3748 3911 3820 ζητούμενος,

508 3833 963 3915 ᾳυωτίιυτ,εεοο
991 3834 1182 3898 adest.
1212 3835 1529 3900 Probabile
1562 3840 1723 3901 enim
1763 3841 1978 3902 multos
2018 3862 2157 3920 pru-

2258 3836 2455 3901 ἑκεϊνος
2515 3841 2542 3895 6
2602 3839 2767 3915 ἀμνὸς
2821 3838 2930 3897 ἰδοὺ
2980 3841 3254 3918 πάρεστιν,
3290 3840 3446 3901 Εἶκὸς
3497 3838 3620 3915 γὰρ,
3682 3834 3917 3901 πολλοὺς

510 3921 745 4013 phetico
779 3922 929 3985 libro
958 3921 1124 4013 Isaia“:
1196 3927 1436 3989 edoctus
1485 3930 1827 4010 quaesivisse
1883 3932 2158 4013 quisnam

2258 3930 2311 3997 τῆ
2367 3937 2676 4011 προφητικῇ
2732 3940 2824 3989 τοῦ
2880 3929 3109 3989 Ἠσαίου
3180 3929 3348 4007 βίϐλῳ
3404 3928 3908 4006 ὶμμελετιεσαντας,

506 4010 608 4072 ille
629 4029 817 4090 agnus
831 4012 1457 4092 essethiturJoannes
1469 4018 1839 4081 demonstrat
1857 4010 2157 4085 eum.Non

2258 4028 2427 4090 ζητεῖν
2482 4010 2559 4085 τίς
2618 4020 2680 4077 ἂν
2726 4022 2817 4089 εἴη
2876 4024 2903 4077 6
2955 4020 3147 4096 ἀμνός.
3183 4012 3241 4079 ’0
3285 4022 3454 4078 τοίνυν
3486 4019 3737 4085 Ἰωάννης
3764 4020 3899 4077 61:0—

505 4100 649 4162 dixit
680 4108 905 4174 autem,
939 4121 1149 4182 agnus,
1180 4108 1283 4167 sed
1316 4106 1485 4187 dixit,
1519 4131 1542 4163 ιι
1580 4109 1680 4171 ille
1699 4127 1903 4187 agnus.
1946 4134 1971 4169 ι
2009 4114 2156 4175 Nam

2258 4109 2381 4166 Ξείκν
2414 4132 2496 4166 σιν
2570 4112 2723 4168 αὐτὸν
2766 4130 2780 4145 ·
2838 4115 2932 4169 οῦκ
2988 4116 3110 4168 εἷπε
3181 4110 3259 4187 δὲ,
3316 4110 3504 4186 ἀμνὸς,
3567 4107 3708 4181 ἀλλ’,
3776 4133 3801 4164 ιι
3872 4114 3899 4166 6

506 4190 673 4251 multi
702 4190 942 4271 quidem
966 4194 1287 4270 agni,sicut
1308 4203 1367 4257 et
1389 4197 1558 4260 multi
1578 4198 1933 4273 Christi;sed
1953 4200 2051 4262 ille
2076 4205 2167 4262 est

2258 4200 2435 4276 ὶμνός.
2494 4224 2521 4256 ε
2573 4199 2767 4257 Πολλοὶ
2810 4201 2908 4276 μὲν
2964 4201 3065 4280 γὰρ
3119 4201 3299 4279 ἀμνοὶ,
3362 4199 3541 4277 ὥσπερ
3596 4200 3683 4255 καὶ
3724 4198 3909 4255 πολλο·

504 4297 679 4373 verus
707 4298 895 4373 agnus
928 4283 1027 4362 qui
1056 4301 1091 4345 ε
1116 4285 1281 4347 Mose
1318 4286 1628 4365 ﬁguratur,
1663 4296 1719 4349 et
1748 4288 1822 4350 ab
1846 4288 1998 4351 Isaia
2023 4312 2168 4373 pra:-

2258 4292 2463 4367 Χριστοί
2494 4308 2510 4325 ⁸
2564 4287 2687 4346 ἀλλ’
2729 4293 2757 4347 6
2800 4289 3047 4373 ἀληθινὸς
3090 4292 3254 4367 ἀμνὸς
3319 4292 3344 4346 6
3401 4289 3541 4367 παρά
3600 4290 3769 4355 Μωσῇ
3813 4311 3914 4345 τυ-

503 4368 742 4472 dicitur.
780 4368 959 4433 Porro
1018 4392 1207 4472 agnus
1264 4374 1367 4436 Dei
1433 4374 1650 4472 dicitur
1696 4377 1990 4453 Christus,
2023 4367 2170 4444 'sive

2258 4379 2543 4454 πούμενος,
2613 4379 2699 4435 καὶ
2756 4378 2899 4458 παρὰ
2960 4367 3186 4436 Ἠσαίου
3263 4378 3680 4456 κηρυττόμενος,
3758 4379 3913 4442 οὗτός

504 4457 659 4540 quod
694 4461 1175 4549 Deusacceperit
1229 4474 1483 4527 mortem
1534 4464 1749 4529 Christi
1801 4489 1909 4549 pro
1962 4481 2166 4534 nostra

2258 4471 2388 4531 im.
2439 4467 2541 4526 Τοῦ
2584 4469 2714 4525 Θεοῦ
2768 4457 2842 4524 δὲν
2869 4466 3082 4547 λέγεται
3115 4469 3281 4545 ἀμνὸς
3328 4471 3355 4524 6
3399 4468 3647 4547 Χριστὸς,
3681 4466 3789 4523 εἴτε
3823 4476 3919 4525 τοῦ

500 4550 712 4639 salute,
745 4548 868 4610 sive
896 4551 1051 4632 quod
1084 4555 1245 4616 Deus
1277 4555 1593 4618 tradiderit
1627 4548 1815 4619 illum,
1845 4578 1950 4639 pro
1988 4561 2165 4623 nobis

2258 4564 2382 4615 Θεοῦ
2438 4560 2511 4621 ὡς
2571 4554 2997 4636 προσδεξαμένου
3055 4559 3147 4615 τὸν
3207 4557 3293 4614 ἐπὶ
3346 4557 3579 4634 σωτηρίᾳ
3633 4558 3785 4631 ἡμῶν
3827 4559 3924 4614 θέ-

500 4636 573 4699 ad
601 4647 875 4703 mortem:
911 4642 1414 4721 quemadmodum
1438 4645 1645 4709 dicere
1672 4636 2165 4713 solemus:Sacri-

2258 4662 2407 4706 νατον
2472 4654 2566 4704 τοῦ
2620 4654 2871 4726 Χριστοῦ,
2935 4645 3047 4703 εἴτε
3103 4649 3178 4709 ὡς
3237 4655 3329 4704 τοῦ
3367 4654 3497 4703 Θεοῦ
3538 4644 3715 4711 δόντος
3759 4649 3924 4704 αὒτὸν

500 4726 700 4817 ficium
737 4728 851 4817 hoc
884 4730 1046 4791 illius
1087 4740 1197 4807 est,
1232 4733 1346 4795 hoc
1378 4736 1626 4817 est,'ille
1657 4736 2018 4799 sacriﬁcium
2052 4739 2162 4802 hoc

2258 4738 2374 4817 'mip
2427 4739 2582 4813 ἡμῶν
2652 4725 2724 4801 εἰς
2786 4737 3032 4798 θάιατον.
3094 4725 3314 4814 ’Ὥσπερ
3376 4736 3633 4810 εἰώθαμεν
3679 4734 3867 4817 ,λέγειν
3901 4758 3917 4774 ’

498 4815 737 4882 obtulit.
799 4816 899 4881 Sic
966 4820 1141 4900 igitur
1216 4832 1273 4885 et
1333 4812 1625 4888 Dominus
1703 4826 1927 4889 dicitur
1984 4841 2170 4905 agnus

2258 4812 2384 4886 Τόδε
2443 4827 2502 4881 τὸ
2545 4828 2683 4901 θῦμα
2726 4835 2817 4885 τοῦ
2873 4822 3048 4890 δεῖνος
3110 4812 3295 4905 ἐστιν,
3331 4824 3445 4879 ἀντὶ
3503 4831 3593 4880 τοῦ
3625 4839 3639 4853 ·
3679 4812 3735 4880 Ὀ
3766 4823 3921 4882 δεῖνα

501 4905 633 4983 Dei,
666 4925 737 4971 eo
769 4909 1093 4990 quodDeus
1126 4914 1322 4992 Pater,
1347 4924 1592 4995 propter
1613 4916 1963 4978 charitatem
1996 4938 2163 4982 suam

2258 4922 2406 4973 τοῦτο
2463 4916 2807 4994 προσήγαγεν
2844 4930 2856 4945 ⁸
2921 4913 3087 4975 οὕτως
3118 4914 3207 4970 οῦν
3238 4914 3326 4970 καὶ
3384 4915 3411 4969 6
3469 4913 3653 4975 Κύριος
3698 4911 3915 4991 λέγεται

499 5013 637 5084 erga
653 4996 960 5084 nos,illum
988 4998 1223 5063 dederit
1237 5002 1308 5064 ad
1325 5012 1575 5065 mortem
1590 5004 1741 5068 .Non
1763 5006 1911 5070 dixit
1934 5016 2156 5084 autem,

2258 5006 2409 5082 ὶμνὸς
2457 5012 2548 5062 τοῦ
2605 5006 2760 5079 Θεοῦ,
2833 5006 2905 5068 ὡς
2963 5010 3056 5062 τοῦ
3104 5003 3235 5060 Θεοῦ
3278 5004 3365 5059 καὶ
3424 5003 3628 5081 [ἰατρὸς
3682 5000 3764 5058 διὰ
3812 5004 3915 5070 τὴν

499 5081 609 5155 Qui
666 5083 907 5148 abstulit
965 5094 1297 5169 peccatum,
1355 5092 1488 5174 sed,
1574 5120 1598 5149 ιι
1689 5095 1795 5169 Qui
1888 5096 2036 5158 tollit
2124 5081 2146 5158 .'

2258 5097 2369 5177 πρὸς
2428 5100 2572 5169 ἡμᾶς
2646 5090 2861 5171 ἀγάπην
2922 5091 3101 5155 δόντος
3163 5094 3318 5150 αὒτὸν
3384 5093 3457 5157 εἷς
3510 5092 3721 5170 σφαγὴν

585 5249 647 5299 δῦ
678 5246 789 5309 Isa.
830 5264 950 5330 un,
980 5248 1018 5311 9
1051 5257 1108 5310 et
1141 5252 1161 5314 l
1195 5250 1349 5313 Petr.
1386 5270 1451 5329 ιι,
1486 5253 1584 5316 22.

1591 5402 1672 5466 Ex
1703 5405 2027 5470 collatione
2057 5407 2235 5473 codd.
2273 5406 2487 5473 Venet.
2519 5410 2579 5471 S.
2617 5406 2828 5471 Marci.

577 5526 701 5617 (14)
738 5527 887 5617 Cod.
920 5531 1080 5617 25M!!!
1119 5533 1203 5617 3Q
1229 5534 1354 5617 sic:
1395 5536 1618 5606 Ἐπίσης
1648 5553 1767 5605 τοῖς
1801 5540 1981 5606 ἄλλοις
2027 5542 2158 5599 ὲϐα-
2239 5544 2438 5611 ταύτην
2480 5545 2579 5611 την
2625 5540 2877 5597 ὑπόνοιαν
2932 5537 3334 5617 διορθώσασθαι.
3397 5539 3490 5595 Διῦ
3545 5540 3635 5594 καί
3663 5560 3828 5617 φησιν
3886 5544 3914 5597 ὁ

493 5607 735 5671 πτίσατο,
788 5611 886 5665 Διά
928 5615 1084 5670 τοῦτο
1113 5614 1274 5672 πάλιν
1322 5616 1540 5697 ἔρχεται
1577 5617 1745 5685 διδοὺς
1800 5626 1875 5698 τῷ
1934 5623 2155 5701 Ἰωάννῃ
2244 5624 2566 5696 Βαπτιστὴς,
2600 5645 2656 5683 κ.
2692 5641 2745 5684 τ.
2779 5619 2833 5683 λ.

568 5744 660 5825 (α)
689 5742 754 5809 In
792 5752 954 5813 textu
985 5745 1156 5810 deest
1189 5750 1217 5805 ὀ
1249 5748 1525 5827 Ἰωάννης,
1564 5757 1642 5821 uti
1678 5757 1734 5819 in
1758 5756 1893 5825 aliis
1926 5758 2170 5829 codicib:

2258 5758 2413 5849 apud
2444 5755 2619 5822 Joan.
2651 5753 2906 5819 Hillium
2930 5754 3001 5817 ad
3025 5752 3188 5817 hunc
3220 5753 3445 5819 locum.
