4178 6412
298 333 470 418 1473

1047 361 1494 426 ENARRATIO
1540 364 1622 427 IN
1671 357 2177 425 EVANGELIUM
2220 363 2565 428 JOANNIS.
2617 355 2885 428 —'-CAP.
2939 366 2986 428 Ι.

3535 379 3539 382 ·
3581 351 3736 423 11⁸74

309 491 486 565 ἡμῶν.
543 489 651 548 Οὔκ
693 493 824 548 εἶπε
877 489 955 572 δὲ,
1016 493 1044 548 ὁ
1077 491 1202 572 ἄρας
1254 496 1355 561 τὴν
1399 495 1684 576 ἁμαρτίαν,
1714 493 1857 570 ἀλλ’,
1898 512 1970 548 ιι(

2067 488 2128 552 in
2163 496 2439 574 praesenti
2473 505 2718 578 peccata
2766 505 2990 561 nostra.
3040 497 3321 572 Quotidie
3363 498 3508 560 524
3560 497 3721 560 enim

309 579 478 658 αἴρων
505 595 520 610 ⁸
585 602 612 636 ιι
678 579 798 638 καθ’
869 581 1111 649 ἑκάστην
1173 582 1272 661 γὰρ
1354 582 1498 662 αἴρει
1566 583 1664 649 τάς
1721 583 1977 663 ἁμαρτίας

308 669 490 744 ἡμῶν,
552 669 647 733 τὰς
720 668 819 745 μὲν
877 668 967 727 διὰ
1023 673 1118 727 τοῦ
1172 672 1565 752 βαπτισματος,
1628 673 1722 738 τὰς
1777 671 1831 730 δὲ
1893 670 1979 730 διὰ

309 760 617 833 μετανοίας.
656 759 758 820 Καὶ
803 762 851 816 οἱ
903 760 1000 833 μὲν
1053 761 1304 836 θυόμενοι
1344 761 1398 818 ἐν
1449 767 1518 840 τῇ
1547 761 1759 835 Παλαιᾷ
1793 762 1973 841 ἀμνοὶ,

310 847 518 913 οὐδενὸς
577 849 844 929 ἁμαρτίας
923 848 1201 915 παντελῶς
1282 849 1588 932 ἔξηφάνιζον
1621 867 1637 882 ⁹
1713 851 1868 917 οὗτος
1923 850 1978 908 δὲ

309 944 401 996 τοῦ
455 939 658 1015 κόσμου
710 940 912 1002 παντὸς
970 939 1070 1007 τὴν
1141 941 1400 1014 ἁμαρτίαν
1480 939 1646 1022 αἴρει,
1708 940 1976 1000 τουτέστιν

307 1027 566 1108 ἀφανίζει,
606 1027 666 1085 ἑκ
695 1027 861 1104 μέσου
891 1039 1064 1091 ποιεῖ,
1098 1028 1251 1093 Τίνος
1306 1028 1362 1086 δὲ
1405 1029 1584 1087 ἕνεκεν
1628 1032 1722 1088 οὒκ
1787 1031 1970 1104 εἶπεν,

311 1118 574 1197 ἁμαρτίας
612 1132 626 1146 ⁶
689 1115 835 1192 ἀλλ’,
905 1140 932 1172 ε
975 1118 1286 1198 ἆμαρτίανς
1345 1141 1371 1174 ιι
1418 1120 1577 1200 Τάχα
1622 1119 1721 1193 μὲν
1775 1120 1863 1176 καὶ
1891 1117 1976 1176 διὰ

309 1213 401 1264 τοῦ
464 1227 488 1262 α
525 1207 814 1286 ἁμαρτίαν,
856 1227 880 1263 ε
944 1209 1141 1286 εἰπεῖν,
1201 1206 1494 1271 καθολικῶς
1555 1208 1736 1288 εἶπεν,
1796 1207 1974 1285 ὥσπερ

310 1297 571 1372 εὶώθαμεν
612 1295 813 1374 λέγειν,
860 1295 940 1352 ὅτι
995 1295 1203 1363 ἐπέστη
1271 1297 1300 1354 ὁ
1359 1295 1653 1376 ἄνθρωπος,
1701 1296 1815 1352 ἀντὶ
1858 1305 1970 1373 τοῦ,

309 1386 455 1442 πᾶσα
507 1388 542 1454 ἡ
574 1385 920 1464 ἀνθρωπότης
983 1385 1091 1442 ἀπὸ
1148 1392 1281 1443 Θεοῦ
1314 1404 1329 1421 ⁶
1391 1384 1559 1448 οὕτως
1591 1385 1680 1444 οὖν
1709 1387 1975 1443 κάνταῦθα

310 1479 410 1544 τὴν
466 1476 728 1554 ἁμαρτίαν
759 1476 946 1552 εἰπὼν³
993 1475 1168 1540 πάσας
1212 1476 1307 1540 τὰς
1364 1475 1624 1552 ἁμαρτίας
1653 1471 1922 1544 ὶδήλωσεν
1957 1493 1968 1504 ·

311 1564 456 1644 τάχα
499 1562 576 1639 δὲ,
638 1563 752 1621 ἐπεὶ
795 1565 1134 1642 παρακούσας
1166 1566 1195 1621 6
1245 1563 1518 1644 ἄνθρωπος
1567 1571 1664 1621 τοῦ
1695 1571 1855 1638 Θεοῦ,
1901 1565 1972 1625 εἰς

310 1655 376 1710 τὰ
431 1654 576 1721 πάθη
636 1651 1086 1735 ἐξετραχηλίσθη,
1143 1656 1178 1724 ἡ
1237 1654 1467 1735 ἁμαρτία
1523 1663 1617 1714 τοῦ
1682 1662 1886 1728 κόσμου
1939 1653 1974 1720 ἡ

310 1747 555 1822 παρακοὴ
611 1745 703 1824 ἦν,
749 1745 816 1813 ἢν
860 1743 922 1800 ὲκ
979 1743 1145 1820 μέσου
1191 1745 1318 1822 ἧρεν
1365 1745 1394 1800 6
1427 1744 1640 1823 Κύριος,
1687 1742 1975 1821 γενόμενος

310 1835 542 1900 ὑπήκοος
593 1832 756 1915 μέχρι
813 1835 1062 1914 θανάτου,
1122 1835 1212 1891 καὶ
1254 1835 1316 1891 τὸ
1369 1832 1604 1890 ἐναντίον
1633 1839 1712 1909 τῷ
1751 1832 1976 1898 ὶναντίῳ

311 1924 618 2000 ἰασάμενος.
1417 1935 1420 1938 ’

396 2035 422 2067 α
456 2020 622 2078 Οῦτος
679 2013 789 2070 ἐστι
847 2015 964 2093 περὶ
1024 2013 1083 2071 οὗ
1126 2013 1236 2093 ἐγὼ
1265 2017 1424 2071 εἷπον
1459 2029 1479 2044 ⁹
1507 2010 1715 2071 Ὀπίσω
1745 2034 1848 2088 μου
1879 2010 1968 2090 ἔρ-

314 2123 470 2183 χεται
515 2103 671 2172 ἀνὴρ,
731 2105 787 2169 ὃς
841 2101 1134 2183 ἔμπροσθέν
1193 2125 1295 2164 μου
1337 2101 1580 2182 γέγονεν,
1631 2097 1712 2158 ὅτι
1761 2106 1971 2177 πρῶτος

311 2215 413 2266 μου
463 2193 550 2262 ἧν.
584 2213 614 2252 ι
664 2192 833 2251 ’Ἂνω
865 2193 961 2269 μὲν
1019 2206 1137 2256 τοῖς
1167 2193 1274 2250 ἀπὸ
1302 2195 1410 2249 τῶν
1455 2190 1758 2271 Φαρισαίων
1786 2189 1972 2247 ἐλθοῦ-

312 2303 394 2338 σιν
438 2283 465 2337 6
525 2281 780 2351 Ἰωάννης
811 2281 1015 2363 ἔλεγεν,
1048 2281 1130 2340 ὅτι
1170 2307 1197 2338 α
1232 2282 1404 2346 Μέσος
1435 2281 1584 2358 ὑμῶν
1632 2280 1880 2347 ἔστηκεν,
1909 2281 1967 2336 ὃν

311 2373 466 2444 ὑμεῖς
525 2371 620 2429 οὒκ
675 2371 880 2448 οἴδατε,
930 2373 988 2438 ὃς
1047 2370 1341 2452 ἔμπροσθέν
1393 2393 1495 2447 μου
1546 2369 1756 2450 γέγονε·
1796 2393 1822 2424 ο
1879 2376 1966 2426 νῦν

314 2459 367 2517 δὲ
420 2464 506 2518 καὶ
577 2459 1005 2520 δακτυλοδεικτεϊ
1080 2464 1262 2543 αὐτὸν,
1332 2463 1419 2519 καὶ
1510 2459 1774 2540 ἐμφανίζει
1847 2471 1965 2522 τοϊς

312 2551 610 2629 ἀγνοοῦσιν,
671 2559 834 2616 Οῦτος
886 2552 1093 2618 ἐκεῖνος
1151 2551 1262 2608 ἐστι
1315 2552 1433 2625 περὶ
1507 2557 1567 2607 οῦ
1620 2547 1962 2626 ἐμαρτύρουν,

311 2642 441 2719 φησὶ
504 2643 636 2721 πρὸς
695 2642 817 2707 τοὺς
874 2641 1218 2720 Φαρισαίους,
1274 2639 1353 2697 ὅτι
1392 2639 1685 2719 ἔμπροσθέν
1737 2660 1839 2714 μου
1869 2637 1963 2716 γέ-

311 2751 488 2808 γονεν,
548 2731 664 2788 ἀντὶ
707 2737 822 2804 τοῦ,
874 2730 1263 2809 ἓπισημότερός
1315 2751 1418 2806 μου
1474 2729 1562 2785 καὶ
1605 2727 1961 2807 ἐντιμότερος.

315 2821 466 2877 Διατί
501 2839 519 2899 ;
570 2841 600 2878 ε
637 2810 768 2878 ’Ὁτι
798 2827 1006 2901 πρῶτος
1035 2843 1138 2896 μου
1169 2820 1260 2888 ἧν,
1290 2843 1314 2877 ι
1351 2819 1592 2890 "Ancus,
1623 2816 1840 2896 ’Ἀρειε,
1875 2820 1970 2876 οὒκ

314 2913 489 2982 εἶπεν,
538 2908 618 2966 ὅτι
677 2911 892 2990 Πρῶτός
937 2933 1039 2987 μου
1095 2912 1335 2989 ἒκτίσθη,
1395 2905 1516 2965 ἀλλ’
1581 2930 1608 2962 α
1647 2905 1729 2965 ὅτι
1784 2906 1874 2974 ἦν.
1935 2929 1959 2965 ι

314 2998 527 3057 ’Ἄκουε
584 3001 693 3066 καὶ,
725 3002 758 3070 ἡ
802 3010 897 3060 τοῦ
952 2997 1313 3076 Σαμοτασέως
1369 2999 1584 3079 φατρία,
1614 2994 1695 3052 ὅτι
1727 2996 1822 3052 οὐκ
1859 2997 1964 3051 ἀπὸ

315 3091 509 3164 Μαρίας
543 3089 733 3170 ἤρξατο
763 3094 858 3150 τοῦ
912 3090 1054 3148 εἶναι
1112 3091 1140 3146 6
1187 3089 1400 3170 Κύριος,
1455 3086 1594 3144 ἀλλὰ
1640 3092 1849 3165 πρῶτος
1900 3085 1965 3154 ἦν

2063 580 2210 669 tollit
2242 593 2483 664 peccata
2514 594 2732 668 nostra,
2770 596 2827 650 et
2856 587 3108 650 aliorum
3147 587 3387 669 quidem
3423 607 3527 669 per
3563 587 3716 667 bap-

2062 668 2324 747 tismum,
2359 673 2612 737 aliorum
2636 685 2832 738 autem
2867 697 2974 757 per
3005 668 3449 754 pcenitentiam.
3477 677 3548 740 Et
3579 677 3714 755 agni

2060 760 2298 840 quidem
2333 765 2433 844 qui
2488 764 2544 824 in
2577 767 2762 828 veteri
2795 767 2926 844 lege
2977 765 3458 839 immolabantur,
3492 765 3717 828 nullius

2063 860 2369 928 peccatum
2412 855 2655 916 omnino
2707 855 3021 918 abolebant
3065 877 3077 920 :
3135 857 3232 919 hic
3289 865 3485 918 autem
3539 855 3720 917 totius

2060 939 2266 1000 mundi
2297 952 2603 1020 peceatum
2640 945 2788 1005 tollit
2833 963 2876 1026 _e
2934 945 3129 1007 medio
3179 953 3237 1007 et
3265 945 3484 1007 abolet.
3521 944 3716 1017 Quare

2059 1036 2253 1088 autem
2283 1048 2401 1091 non
2425 1031 2594 1103 dixit,
2628 1032 2902 1114 Peccata,
2937 1035 3069 1114 sed,
3105 1061 3130 1091 ιι
3170 1033 3550 1096 Peccatum?»
3583 1035 3720 1095 For-

2061 1123 2218 1178 tasse
2241 1118 2482 1197 quidem
2511 1139 2616 1200 per
2645 1122 2755 1182 hoc
2786 1123 2940 1202 quod
2976 1123 3120 1185 dicit
3164 1131 3494 1204 peccatum,
3527 1123 3585 1184 in
3617 1141 3714 1202 ge-

2061 1223 2206 1267 nere
2234 1205 2380 1267 dixit
2415 1217 2470 1268 et
2501 1209 2576 1270 de
2611 1212 2910 1273 omnibus.
2947 1211 3111 1274 Sicut
3159 1213 3316 1274 enim
3367 1212 3568 1274 dicere
3607 1230 3712 1273 so-

2061 1293 2249 1356 lemus
2281 1315 2294 1359 :
2321 1296 2546 1359 Defecit
2579 1301 2783 1379 homo,
2818 1301 2926 1362 hoc
2960 1311 3046 1362 est
3075 1303 3266 1362 omnis
3300 1301 3714 1379 humauitas,a

2059 1382 2180 1444 Deo
2218 1406 2230 1442 :
2273 1386 2346 1446 ita
2380 1393 2438 1447 et
2473 1387 2586 1448 hoc
2617 1387 2747 1450 loCo
2775 1389 2980 1450 dicens
3017 1415 3037 1445 ι
3079 1399 3411 1471 peccatum,
3451 1415 3476 1445 η
3514 1389 3715 1451 omnia

2058 1485 2298 1560 peccata
2333 1473 2703 1552 signiﬁcavit.
2731 1478 3025 1539 Fortassis
3057 1485 3278 1554 autem,
3308 1479 3446 1560 quia
3490 1477 3708 1540 inobe-

2059 1559 2231 1622 diens
2253 1561 2360 1622 fuit
2387 1565 2562 1624 homo
2597 1565 2739 1637 Deo,
2779 1573 2835 1628 et
2865 1569 2924 1628 in
2958 1567 3150 1630 varias
3179 1559 3526 1630 aﬁ‘ectiones
3553 1566 3709 1628 inci-

2058 1649 2142 1709 dit
2177 1671 2190 1711 :
2227 1661 2529 1730 peccatum
2583 1655 2784 1716 mundi
2842 1655 3253 1718 inobedientia
3287 1655 3416 1727 fuit,
3451 1674 3632 1737 quam
3679 1675 3711 1715 e

2063 1739 2261 1800 medio
2317 1740 2558 1803 abstulit
2635 1743 2945 1818 Dominus,
2981 1746 3165 1807 factus
3207 1745 3494 1807 obediens
3525 1762 3713 1825 usque

2058 1825 2128 1886 ad
2165 1836 2416 1889 mortem
2444 1831 2529 1911 56,
2565 1839 2624 1892 et
2647 1832 3008 1894 contrarium
3045 1833 3340 1894 centrario
3371 1851 3612 1894 sanans.

2141 2003 2323 2069 Vsus.
2355 2010 2454 2072 30.
2497 2035 2523 2066 α
2559 2008 2667 2072 Hic
2691 2011 2878 2073 estde
2910 2031 3025 2092 quo
3075 2030 3182 2091 ego
3220 2010 3488 2072 dicebam
3523 2033 3536 2073 :
3575 2015 3710 2073 Post

2058 2114 2154 2158 me
2183 2096 2348 2159 venit
2384 2099 2494 2168 vir,
2545 2100 2646 2181 qui
2677 2109 2812 2164 ante
2849 2121 2943 2163 me
2973 2101 3160 2163 factus
3210 2108 3319 2172 est,
3355 2101 3494 2177 quia
3545 2101 3709 2181 prior

2056 2203 2150 2247 me
2174 2199 2359 2249 erat.»
2405 2189 2695 2268 Superius
2717 2191 2954 2271 quidem
2982 2191 3055 2252 iis
3078 2190 3181 2272 qui
3207 2209 3240 2252 a
3267 2189 3578 2251 Pharisaeis
3600 2209 3704 2252 ve-

2052 2285 2285 2355 nerant,
2319 2279 2580 2340 Joannes
2612 2279 2889 2342 dicebat:
2933 2304 2959 2334 α
2996 2279 3228 2343 Medius
3277 2286 3532 2340 vestrum
3567 2287 3699 2352 stat,

2051 2383 2226 2444 quem
2264 2367 2524 2441 nescitis,
2548 2368 2662 2448 'qui
2693 2377 2830 2430 ante
2863 2387 2959 2430 me
2984 2369 3172 2430 factus
3204 2377 3347 2429 estzn
3381 2386 3541 2428 nunc
3563 2387 3705 2429 vero

2052 2454 2227 2516 etiam
2261 2455 2448 2530 digito
2479 2457 2739 2518 ostendit
2766 2457 3021 2533 illum,et
3053 2457 3386 2519 manifestat
3419 2459 3702 2536 ignoran-

2052 2543 2227 2605 tibus.
2290 2544 2395 2606 Hic
2448 2555 2534 2605 est
2597 2547 2694 2608 ille
2745 2548 2820 2609 de
2875 2567 2990 2628 quo
3067 2546 3452 2615 testiﬁcabar,
3502 2546 3703 2626 inquit

2051 2633 2383 2709 Pltarisaais,
2419 2639 2570 2716 quod
2607 2636 2742 2697 ante
2805 2654 2896 2697 me
2945 2637 3131 2697 factus
3162 2637 3257 2709 sit,
3308 2635 3418 2697 hoc
3461 2643 3570 2716 est,
3607 2635 3703 2695 di-

2050 2723 2241 2801 gnior,
2277 2742 2369 2783 mn
2403 2735 2458 2785 et
2488 2725 2778 2801 insignior
2852 2725 3096 2797 Quare?
3132 2751 3155 2779 α
3195 2723 3344 2798 Quia
3392 2724 3554 2803 prior
3611 2743 3704 2785 me

2049 2821 2194 2873 erat.
2237 2841 2258 2868 »
2293 2813 2472 2893 Audi,
2507 2813 2758 2895 Ari,nnn
2794 2814 3137 2890 dixit,Priot
3169 2833 3262 2874 me
3287 2814 3563 2875 conditus
3587 2823 3702 2884 est,

2050 2902 2179 2977 sed,
2221 2928 2246 2956 α
2285 2913 2430 2964 erat.
2463 2928 2488 2958 n
2530 2905 2684 2964 Audi
2711 2911 2770 2964 et
2805 2913 2885 2975 tu,
2916 2903 3081 2966 Pauli
3113 2902 3485 2964 Samosateni
3517 2915 3703 2983 secta,

2050 2991 2204 3071 quod
2232 3010 2348 3051 non
2380 3010 2410 3052 a
2441 2991 2615 3053 Mario
2653 3011 2783 3053 esse
2815 2991 3506 3072 c.(eperitDominus,sed
3541 2991 3701 3053 Prte-

2050 3097 2293 3140 cursore
2325 3083 2485 3160 prior
2506 3081 2683 3141 fuerit
2712 3083 3039 3142 secundum
3084 3080 3472 3141 substantiam
3508 3099 3699 3154 suam,

307 3182 400 3236 τοῦ
458 3179 783 3259 Προὸρόμου,
851 3180 984 3237 κατὰ
1038 3181 1136 3248 τὴν
1194 3184 1513 3259 προαιωνιον
1543 3173 1782 3252 ὕπαρξιν.
1815 3174 1964 3233 Ἐπεὶ

2058 3186 2224 3248 quam
2253 3178 2387 3229 ante
2415 3171 2628 3230 saecula
2654 3170 2880 3250 habuit,
2915 3171 3190 3250 quoniam
3216 3173 3289 3250 si,
3315 3169 3705 3250 quemadmo-

307 3269 420 3350 ἐὰν,
474 3271 548 3334 ὡς
604 3273 761 3346 ὑμεῖς
820 3270 1133 3351 πλυαρεϊτε,
1179 3260 1285 3326 ἀπὸ
1331 3267 1533 3344 Μαρίας
1590 3265 1769 3345 ἀρχὴν
1813 3261 1970 3320 ἔλαϐε

306 3368 398 3418 τοῦ
447 3361 592 3418 εἶναι
636 3363 664 3418 6
709 3361 916 3440 Κύριος,
952 3361 1071 3425 πῶς
1099 3359 1166 3428 ἦν
1219 3366 1428 3437 πρῶτος
1472 3363 1565 3414 τοῦ
1608 3351 1918 3434 Προδρόμου
1953 3367 1969 3430 ;

306 3450 472 3513 Οὗτος
519 3451 618 3527 γάρ
649 3471 728 3506 τοι
757 3447 1038 3522 προδήλως
1090 3447 1143 3514 ἓξ
1198 3449 1334 3524 μησὶ
1378 3457 1629 3526 προτερεῖ
1658 3451 1752 3500 τοῦ
1787 3443 1972 3521 Κυρίου

306 3541 444 3595 κατὰ
499 3541 600 3606 τὴν
657 3540 711 3596 ἐν
769 3541 920 3616 σαρκὶ
977 3537 1250 3619 γέννησιν,
1288 3535 1454 3616 Ἀνὴρ
1483 3534 1536 3592 δὲ
1571 3534 1782 3612 λέγεται
1811 3533 1839 3588 ὀ
1873 3533 1968 3590 K5-

308 3650 446 3701 ριος,
477 3629 624 3708 τάχα
651 3627 748 3703 μὶν
788 3629 876 3684 καὶ
904 3625 989 3685 διὰ
1027 3628 1087 3685 τὰ
1145 3629 1246 3694 τῆς
1275 3625 1488 3696 ἡλικίας
1521 3623 1730 3681 τέλειον
1764 3639 1782 3658 ⁸
1815 3643 1971 3701 τρια-

308 3719 602 3785 κονταετὴς
650 3719 749 3796 γὰρ
792 3715 1111 3775 ἐϐαπτίσατο
1147 3737 1166 3755 ο
1222 3717 1370 3797 τάχα
1427 3714 1482 3771 δὲ
1541 3715 1628 3770 καὶ
1672 3712 1972 3797 ὡςᾌπάσης

309 3811 498 3887 ψυχῆς
555 3790 730 3887 ἀνὴρ,
773 3809 862 3864 καὶ
924 3807 1021 3876 τῆς
1065 3790 1388 3875 Ἐκκλησίίας
1419 3805 1666 3884 νυμφίος,
1705 3827 1732 3858 α
1766 3790 1972 3880 Ἠρμο-

306 3897 487 3971 σάμην
544 3897 666 3977 γὰρ,
727 3897 886 3978 φησὶν
929 3899 956 3954 ὁ
1003 3896 1232 3977 Παῦλος,
1289 3898 1424 3973 ὑμᾶς
1482 3894 1557 3950 ἐνὶ
1609 3890 1753 3972 ἀνδρὶ
1783 3911 1970 3967 παρα-

304 3992 522 4062 στῆσαι,
561 4012 588 4042 »
624 3993 700 4062 τῷ
733 3994 950 4068 Χριστῷ
980 3984 1208 4058 δηλαδή.
1245 3988 1416 4054 Φησὶν
1459 3986 1548 4042 οὖν
1578 3985 1607 4039 ὃ
1639 3979 1972 4062 Πρόδρομος,

305 4074 386 4132 ὅτι
448 4075 591 4155 Ἐγὼ
649 4079 747 4152 μέν
791 4079 900 4154 εἶμι
955 4080 982 4134 ὃ
1040 4078 1398 4158 νυμφαγωγὸς
1449 4075 1535 4132 καὶ
1588 4071 1918 4148 προξενητής
1952 4073 1966 4086 ’

303 4165 523 4246 ἔρχεται
579 4165 633 4222 δὲ
678 4168 849 4224 ὀπίσω
891 4189 994 4240 μου
1038 4169 1066 4224 ὁ
1120 4168 1274 4246 ἁνήρ.
1325 4167 1470 4245 Ἐγὼ
1519 4165 1619 4244 γὰρ
1675 4160 1971 4246 ἐφέλκομαξ

302 4241 401 4318 τέίέ
456 4256 639 4336 ψυχὰς
695 4259 828 4336 πρὸς
876 4257 975 4325 τὴν
1033 4258 1108 4322 εἰς
1167 4241 1612 4336 Χριστὸν-πίστιν
1639 4271 1656 4287 ο
1706 4241 1862 4314 αὐτὸς
1917 4241 1972 4306 δέ

306 4343 446 4400 ἐστιν
477 4347 504 4402 ὁ
537 4347 694 4426 ἀνὴρ,
727 4348 755 4403 6
783 4347 998 4409 ταύταις
1029 4345 1241 4423 μέλλων
1269 4346 1622 4425 ἁρμοσθῆναι.

389 4548 411 4578 α
453 4525 612 4603 Κάγὼ
667 4529 762 4583 οὒκ
817 4524 966 4602 ᾔδειν
1022 4522 1178 4584 αὒτόν
1218 4541 1233 4557 ⁸
1291 4523 1411 4580 ἄλλ’
1455 4523 1548 4579 ἵνα
1579 4524 1856 4603 φανερωθῇ
1886 4526 1964 4594 τῷ

2054 3259 2191 3319 dum
2229 3278 2329 3319 vos
2364 3260 2687 3340 nugamini,
2723 3260 3009 3321 Dominus
3037 3279 3069 3320 a
3102 3260 3283 3322 Maria
3313 3259 3544 3320 initium
3580 3279 3706 3321 suas

2055 3348 2396 3409 substantiae
2427 3349 2872 3429 assumpsisset,
2924 3348 3223 3430 quomodo
3279 3348 3440 3432 prior
3497 3348 3705 3410 fuisset

2057 3436 2458 3501 Prmcursore?
2481 3437 2709 3498 Etenim
2732 3437 3066 3500 Praecursor
3092 3439 3399 3499 manifeste
3420 3457 3520 3499 sex
3541 3457 3703 3499 men-

2057 3526 2222 3589 sibus
2252 3529 2566 3588 antecessit
2587 3527 2898 3588 Dominum
2922 3529 3087 3608 juxta
3107 3527 3470 3590 nativitatem
3495 3527 3555 3588 in
3577 3547 3701 3589 car-

2059 3634 2152 3676 ne.
2181 3617 2282 3677 Vir
2309 3627 2502 3677 autcm
2542 3617 2758 3677 dicitur
2810 3616 3115 3692 Dominus,
3169 3617 3432 3678 fortassis
3467 3626 3704 3698 propter

2057 3715 2286 3768 mtatem
2323 3706 2666 3786 perfectam,
2698 3707 2974 3786 quoniam
3002 3708 3237 3783 triginta
3264 3726 3555 3768 annorum
3577 3716 3705 3770 erat

2058 3813 2193 3856 cum
2227 3793 2650 3874 baptizaretur.
2688 3797 2979 3857 Fortassis
3005 3807 3198 3857 autem
3232 3797 3388 3871 quod
3423 3805 3477 3856 et
3510 3799 3703 3859 omnis

2058 3884 2272 3945 animae
2329 3885 2416 3945 vir
2463 3885 2558 3952 sit,
2595 3884 2660 3946 Et
2691 3884 2971 3947 Ecclesiae
3017 3904 3292 3965 sponsus.
3343 3910 3364 3941 ιι
3404 3886 3702 3966 Adaptaxi

2062 3974 2251 4053 enim,
2288 3976 2477 4056 inquit
2511 3975 2752 4048 Paulus,
2786 3995 2886 4038 vos
2918 3976 3017 4036 uni
3043 3976 3162 4035 viro
3186 3975 3555 4052 utvirginem
3579 3997 3699 4038 cas-

2056 4073 2170 4126 tam
2202 4064 2546 4126 eshiberem
2579 4066 2638 4115 57
2676 4092 2700 4120 ι)
2737 4067 2993 4139 Christo,
3037 4066 3288 4127 scilicet.
3342 4065 3488 4127 Dicit
3529 4066 3704 4142 igitur

2055 4154 2428 4216 Praecursor:
2459 4152 2574 4232 Ego
2599 4155 2778 4236 quide
2808 4179 2836 4212 ῑι
2875 4155 3181 4235 pronubus
3200 4165 3255 4214 et
3276 4155 3699 4227 internuntius,

2055 4243 2250 4305 veniet
2278 4252 2474 4304 autem
2513 4255 2641 4323 post
2672 4263 2766 4304 me
2799 4245 2904 4308 vir.
2941 4243 3081 4305 Nam
3116 4264 3222 4323 ego
3257 4244 3497 4325 quidem
3531 4245 3702 4306 traho

2046 4333 2274 4393 animas
2301 4332 2370 4392 ad
2408 4333 2522 4416 fide
2553 4357 2582 4391 ιι
2620 4333 2678 4392 in
2714 4333 3012 4395 Christum
3051 4349 3062 4391 :
3106 4333 3232 4412 ipse
3262 4337 3460 4412 autem
3494 4331 3582 4391 vir
3613 4341 3704 4392 est

2047 4421 2148 4504 qui
2177 4420 2308 4482 illas
2341 4419 2450 4480 sibi
2482 4421 2789 4501 adjunget.

2131 4512 2308 4572 Vsus.
2341 4511 2553 4574 31-34.
2600 4539 2621 4562 «
2648 4512 2715 4573 Et
2748 4530 2855 4587 ego
2883 4510 3223 4573 nesciebam
3258 4509 3423 4570 illum
3463 4529 3476 4572 :
3513 4510 3618 4570 sed
3643 4518 3703 4571 ut

300 4583 660 4694 ’ῐσραὴλ,.διᾶ
707 4583 863 4672 τοῦτο
920 4614 1081 4684 ἦλθον
1131 4613 1238 4693 ἐγὼ
1281 4613 1336 4669 ἒν
1365 4619 1444 4686 τῷ
1489 4583 1634 4669 ὕδατι
1665 4583 1956 4688 βαπτίξωιλ

2058 4603 2464 4661 ηιαηίῖθειθιιιι·
2497 4600 2724 4674 lsraeli,
2761 4583 3078 4680 propterea
3112 4599 3250 4662 veni
3283 4618 3390 4678 ego
3446 4601 3502 4660 in
3545 4619 3702 4680 aqua

306 4705 403 4762 Καὶ
462 4704 826 4782 ἐμαρτύρησεν
901 4707 929 4761 ὁ
999 4705 1252 4773 Ἰωάννης
1320 4704 1515 4783 λέγων,
1577 4700 1658 4757 ὅτι
1701 4701 1962 4778 Τεθέαμαι

299 4794 360 4849 τὸ
408 4799 617 4868 Πνεῦμα
675 4791 998 4851 καταϐαῖνον
1042 4796 1170 4851 ὡσεὶ
1224 4793 1533 4874 περιστερὰν
1595 4789 1647 4857 ἐξ
1716 4793 1958 4872 οὐρανοῦ,

2051 4688 2351 4770 baptizans
2427 4689 2498 4750 Et
2531 4697 2773 4750 testatus
2807 4697 2895 4748 est
2941 4692 3225 4760 Joannes,
3274 4688 3523 4749 dicens:
3565 4688 3698 4752 Vidi

2046 4778 2326 4860 Spiritum
2363 4778 2826 4839 descendentem
2858 4779 3057 4857 Specie
3098 4777 3387 4838 columba:
3418 4779 3490 4839 de
3522 4779 3696 4859 coelo,

301 4885 389 4938 καὶ
431 4867 638 4958 ἔμεινεν
669 4881 754 4940 ἐπ’
812 4883 996 4958 αὐτὸν,
1039 4900 1129 4942 καί
1187 4867 1306 4943 οὐχ’
1325 4867 1472 4961 ᾔδειν
1520 4881 1675 4941 αὐτόν
1703 4897 1718 4914 ⁸
1763 4867 1884 4938 ἄλλ’

2058 4878 2101 4930 3t
2126 4867 2341 4930 mansit
2368 4886 2551 4948 super
2578 4887 2738 4936 eum,
2775 4877 2832 4928 et
2863 4885 2971 4945 ego
3006 4868 3366 4929 nesciveram
3402 4885 3562 4929 eum:
3591 4869 3696 4928 sed

302 4970 522 5046 πέμψας
581 4993 648 5046 με
719 4974 990 5048 βαπτίζειν
1046 4974 1101 5031 ἓν
1159 4973 1330 5055 ὕδατι,
1382 4973 1591 5036 ἒκετνός
1647 4993 1739 5048 μοι
1783 4969 1965 5028 εἶπεν·

303 5057 423 5139 Ἐφ’
454 5061 512 5116 ὃν
542 5060 604 5116 ἂν
636 5060 756 5139 ἴδῃς
810 5064 874 5119 τὸ
925 5067 1138 5140 Πνεῦμα
1186 5061 1510 5122 καταϐαῖνον
1541 5065 1631 5118 καὶ
1674 5060 1836 5138 μένον
1880 5055 1965 5118 ἔπ’

307 5154 479 5223 αὐτὸν,
532 5154 684 5217 οὗτός
741 5152 880 5210 ἐστιν
941 5157 970 5211 ὁ
1028 5155 1298 5232 βαπτίζων
1356 5156 1412 5210 εν
1469 5152 1736 5227 Πνεῦματι
1800 5151 1965 5228 ἁγίῳ.

307 5241 468 5319 Κάγὼ
511 5240 744 5322 ἑώρακα,
783 5245 872 5300 καὶ
915 5244 1323 5323 μεμαρτύρηκα,
1398 5242 1479 5299 ὅτι
1525 5240 1676 5307 οὗτός
1729 5241 1879 5296 ἔστιν
1936 5242 1965 5298 ὃ

305 5331 422 5395 Υἱὸς
474 5337 568 5387 τοῦ
625 5339 776 5392 Θεοῦ.
840 5355 861 5388 ι
931 5331 1151 5402 Ἐπειδὴ
1207 5332 1466 5412 συγγενὴς
1525 5333 1593 5398 ἧν
1636 5335 1730 5386 τοῦ
1777 5329 1963 5408 Κυρίου

303 5421 329 5474 ὃ
363 5418 666 5499 Πρόδρομος
701 5438 715 5454 ·
779 5424 908 5498 φησί
965 5423 1066 5502 γὰρ
1109 5425 1136 5478 ὃ
1193 5421 1420 5501 ἅγγελος
1475 5420 1608 5499 πρὸς
1650 5422 1750 5486 τὴν
1808 5425 1961 5496 Παρ-

301 5507 470 5581 θένον,
555 5509 634 5565 ὅτι
697 5535 727 5563 κ
829 5511 962 5570 ’ἰδοὺ
1043 5515 1079 5581 ἡ
1151 5512 1414 5591 συγγενὴς
1499 5531 1592 5565 σου
1679 5506 1961 5568 Ἐλισάϐετ

2052 4959 2145 5020 hic
2177 4959 2273 5039 qui
2309 4957 2466 5016 misit
2526 4975 2617 5019 me
2667 4967 2728 5017 ut
2786 4956 3142 5038 baptizarem
3186 4976 3360 5037 aqua,
3395 4957 3495 5018 ille
3554 4957 3700 5019 mihi

2049 5047 2238 5112 dixit:
2277 5045 2469 5126 Super
2499 5065 2673 5127 quem
2709 5046 2926 5108 videris
2979 5046 3262 5127 Spiritum
3296 5047 3694 5125 descendere,

2049 5145 2106 5198 et
2132 5156 2372 5198 manere
2417 5156 2596 5217 super
2620 5156 2778 5207 eum,
2813 5137 2907 5198 hic
2941 5145 3028 5197 est
3063 5137 3162 5218 qui
3190 5137 3441 5219 baptizat
3475 5137 3695 5217 Spiritu

2047 5235 2278 5288 snncto.
2311 5225 2378 5287 Et
2409 5244 2516 5305 ego
2552 5227 2666 5287 vidi
2690 5233 2748 5286 et
2780 5236 3027 5288 testatus
3063 5247 3191 5287 sum
3228 5230 3382 5287 hunc
3414 5245 3545 5288 esse
3597 5229 3697 5290 Fi-

2047 5317 2187 5378 lium
2224 5315 2324 5378 Dei
2393 5342 2415 5369 ι»
2454 5316 2740 5388 Quoniam
2794 5326 3077 5394 cognatus
3121 5316 3351 5378 Domini
3387 5324 3512 5377 erat
3537 5318 3694 5378 Prae-

2046 5425 2277 5484 cursor,
2315 5405 2455 5465 dicit
2484 5406 2638 5466 enim
2673 5406 2916 5484 angelus
2942 5405 3147 5485 virgini
3178 5428 3191 5466 :
3237 5408 3424 5469 «Ecce
3458 5415 3704 5486 cognata

2045 5495 2184 5558 525
2205 5504 2300 5556 tua
2325 5494 2625 5555 EliSabeth
2649 5496 3198 5576 concepit-’59'59aut
3233 5515 3304 5557 ne
3335 5496 3465 5578 quis
3498 5497 3698 5576 suspi—

387 5667 448 5718 53
481 5670 636 5734 Phil.
673 5688 738 5747 ιι,
770 5673 832 5735 8.
920 5673 980 5728 57
1014 5671 1062 5738 ll
1094 5670 1229 5735 Cor.
1265 5689 1347 5744 xi,
1375 5673 1434 5735 2.
1520 5669 1850 5732 58'59-Luc.
1873 5682 1914 5738 ι,
1949 5663 2046 5729 36.
