4178 6422
352 382 491 450 1181

1080 385 1525 448 ENARRATIO
1571 384 1650 445 IN
1700 373 2205 443 EVANGELIUM
2268 374 2613 444 JOANNIS.
2664 416 2737 427 --
2780 386 2941 448 CAP.
2996 387 3044 446 Ι.

3602 383 3752 447 “8'2

344 520 417 584 ὡς
452 519 745 615 έπισὴμου,
807 522 893 577 καὶ
948 498 1023 584 ὡς
1094 519 1187 576 τὸν
1217 514 1356 575 ἴδιον
1385 515 1611 615 ἀδελφδν
1650 510 2000 615 προσαγαγόν-

2093 516 2309 583 erat,et
2327 513 2660 579 adducebat
2688 535 2863 615 suum
2895 496 3321 615 fratrem.Vide
3351 519 3754 615 autem_,obse-

342 630 461 676 τος.
528 601 677 690 υΟρα
734 609 789 666 δέ
822 632 913 686 μοι
958 606 1324 689 φιλαδελφίαν,
1370 606 1486 669 πῶς
1532 606 1627 663 οὒκ
1670 601 2012 680 ἀπεκρύψατο

344 701 435 756 τὸν
493 697 719 782 ἀδελφὸν
774 701 833 755 τὸ
911 699 1132 778 ἀγαθὸν,
1196 696 1334 754 ἀλλᾶ
1397 702 1665 753 κοινοῦται
1727 695 1869 766 ιώτῷ
1924 690 2013 782 τον

342 780 645 867 θησαυρὸν,
706 789 793 845 καὶ
863 787 1213 869 περιχαρείας
1273 786 1457 868 φωνὴν
1486 784 1726 867 ἀφίησιν,
1765 802 1795 838 α
1838 780 2012 858 Εὑρή-

344 900 541 958 καμεν,
608 900 634 935 ³
699 877 897 956 λέγων’
975 880 1047 942 ὡς
1108 876 1249 936 ἔοικε
1281 878 1405 955 γὰρ,
1452 875 1513 933 ὲκ
1542 872 1747 931 πολλοῦ
1792 870 2013 926 ἐπόθουν

338 969 425 1023 καὶ
496 966 761 1041 ἐμελέτων
820 969 920 1035 τὴν
979 968 1236 1038 ζήτησιν.
1309 967 1406 1023 Καὶ
1464 966 1567 1043 οὔχ
1599 960 1780 1027 ἁπλῶς
1839 958 2010 1034 λέγειν

344 1048 599 1137 Μεσσίαν,
662 1057 821 1122 ἀλλὰ,
892 1080 911 1109 ε
980 1059 1068 1113 τὸν
1138 1056 1393 1129 Μεσσίαν,
1445 1078 1473 1108 ι
1511 1055 1648 1137 μετὰ
1675 1058 1768 1109 τοῦ
1800 1048 2007 1126 ἄρθρου,

341 1146 546 1204 ἐκεῖνον
584 1135 750 1203 αὑτὸν
807 1148 898 1202 τὸν
929 1148 1119 1225 κυρίως
1152 1145 1280 1202 ὅντα
1314 1145 1561 1224 Χριστόν,
1599 1135 1655 1200 Ὀ
1711 1142 1810 1219 γὰρ
1840 1158 2011 1234 προσῖ

340 1234 641 1309 δοκώμενος
695 1237 877 1299 αὑτοῖς
933 1240 1015 1298 εἷς
1076 1236 1168 1309 ἦν,
1234 1236 1278 1290 εἰ
1335 1235 1425 1309 καὶ
1456 1230 1646 1289 πολλοὶ
1676 1229 1888 1309 Χριστοὶ
1920 1229 2010 1281 καἰ

342 1327 441 1384 υἱοὶ
485 1305 590 1381 ⁷τοῦ
632 1332 764 1382 Θεοῦ
792 1305 1278 1405 προσηγορεύοντο.
1324 1305 1551 1400 ’ὶΗγαγε
1600 1318 1655 1377 δὲ
1687 1305 1845 1376 αθτὸν
1874 1315 2005 1405 πρὸς

346 1417 433 1471 τὸν
492 1411 722 1488 ἰησουν,
779 1412 879 1471 οὔχ
909 1417 983 1480 ὣς
1026 1412 1243 1471 εὔκολον
1272 1412 1397 1468 ὄντα
1454 1411 1517 1467 τὰ
1547 1410 1699 1481 ἦθος,
1732 1408 1819 1463 καὶ
1850 1393 2008 1488 παντξ

342 1503 486 1581 λόγῳ
548 1473 1097 1585 συμπέριφερόμένον,
1183 1501 1305 1559 ἀλλ’
1365 1501 1439 1564 ὠς
1501 1473 1619 1566 ὸξυν
1668 1473 1870 1575 μᾶλλοθ
1921 1473 2008 1550 καὶ

2094 617 2220 674 cro,
2245 613 2536 694 quantum
2568 609 2853 671 amaverit
2901 610 3167 684 fratrem,
3202 618 3262 673 et
3300 613 3598 694 quomodo
3631 631 3749 674 non

2094 691 2478 756 occultaverit
2526 696 2600 757 ab
2650 717 2721 760 eo
2773 697 3020 770 bonum,
3066 701 3169 763 sed
3204 691 3662 764 communicarit
3693 695 3753 765 ei

2096 779 2859 870 thesaurum,emiseritque
2885 791 3276 869 jucunditatis
3304 791 3753 860 vocem-luve-

2098 869 2317 963 nimus.
2334 873 2679 940 idicens.Et
2700 869 3022 943 verisimile
3054 889 3164 963 cst,
3192 881 3347 962 quod
3383 881 3568 942 multo
3592 889 3747 942 tem-

2099 978 2239 1052 pore
2253 961 2649 1029 desiderarint
2665 977 2723 1030 et
2744 970 3007 1032 meditati
3024 961 3241 1033 fuerint
3263 989 3533 1052 quaerere
3554 970 3742 1032 illum.

2096 1047 2299 1131 Neque
2330 1053 2682 1134 simpliciter
2708 1058 2893 1121 dicit:
2927 1059 3221 1135 Messiam,
3257 1047 3740 1133 sed,«Messiamn

2095 1159 2228 1201 cum
2261 1142 2534 1224 articulo,
2573 1146 2736 1207 illum
2772 1148 2963 1228 ipsum
2996 1152 3092 1230 qui
3128 1149 3367 1232 proprie
3420 1156 3509 1211 est
3537 1149 3745 1214 Chris-

2095 1236 2209 1295 tus.
2246 1232 2414 1295 Unus
2468 1236 2624 1296 enim
2676 1245 2802 1297 erat
2858 1238 2958 1319 qui
3015 1237 3088 1299 ab
3134 1240 3221 1301 eis
3269 1237 3743 1318 exspectabatur,

2098 1322 2364 1401 quamvis
2394 1323 2569 1388 multi
2598 1323 2814 1389 Christi
2866 1335 2923 1389 et
2974 1328 3072 1389 ﬁlii
3126 1330 3232 1392 Dei
3277 1328 3743 1410 appellarentur.

2098 1409 2353 1472 Adduxit
2382 1423 2578 1475 autem
2602 1414 2768 1478 illum
2793 1418 2864 1478 ad
2892 1417 3245 1494 Jesum,non
3269 1418 3425 1498 quod
3461 1427 3575 1479 tam
3598 1417 3748 1479 levi-

2096 1498 2208 1560 bus
2245 1508 2405 1562 esset
2460 1502 2749 1578 moribus,
2779 1515 2841 1566 ut
2871 1506 2941 1567 ad
2983 1524 3219 1567 omnem
3252 1523 3589 1567 sermonem
3623 1504 3748 1566 cir-

339 1594 555 1673 θερμὸν,
615 1594 704 1649 καὶ
771 1596 973 1674 εὖφυῶς
1056 1590 1481 1671 παραδεξάμενον
1571 1589 1695 1653 τοὺς
1776 1587 1992 1665 λόγους,

2087 1587 2602 1674 rumferretur,sed
2638 1594 2795 1674 quod
2828 1594 3081 1657 ferventi
3108 1603 3167 1656 et
3188 1594 3346 1655 bono
3375 1593 3575 1655 animo
3606 1612 3744 1656 sus-

341 1682 426 1748 οῧς
488 1684 631 1755 αὒτῷ
674 1681 892 1760 εἴρηκεν
936 1683 963 1739 ὁ
992 1680 1219 1762 ἀδελφὸς
1251 1683 1369 1760 περὶ
1414 1681 1663 1758 Χριστοῦ.
1700 1678 1853 1740 Εἰκὸς
1895 1675 1996 1752 γὰρ

2078 1685 2321 1757 ceperat
2349 1699 2665 1745 sermones
2696 1702 2848 1761 quos
2873 1685 2925 1746 ei
2959 1684 3188 1746 dixerat
3218 1683 3399 1746 frater
3441 1683 3517 1744 de
3564 1682 3744 1747 Chri-

342 1774 431 1830 τὸν
490 1769 739 1851 Ἀνδρέαν
798 1771 967 1829 πλείω
1023 1770 1367 1851 διαλεχθῆναι
1422 1770 1590 1843 αὒτῷ,
1637 1770 1723 1825 καὶ
1768 1763 1995 1854 ἀκριϐῶς

2087 1768 2547 1831 sto.Verisimile
2580 1773 2739 1836 enim
2769 1774 3045 1854 est.quod
3080 1774 3355 1837 Andreas
3386 1772 3554 1853 plura
3584 1772 3749 1836 dixe-

343 1862 407 1917 τὰ
463 1862 583 1939 περὶ
654 1863 881 1940 Χριστοῦ
934 1859 1282 1938 ἑπαγγεῐλαι,
1358 1858 1450 1915 ἅτε
1508 1858 1650 1937 παρὰ
1678 1863 1755 1931 τῷ
1789 1853 1996 1933 Χριστῷ

341 1950 588 2026 μείναντα
643 1952 733 2007 καὶ
819 1949 1133 2030 διδαχθέντα
1192 1948 1560 2026 μυστικώτερα
1612 1968 1753 2006 τινα.
1828 1944 1887 2001 Ei
1940 1940 1995 1998 δὲ

340 2038 582 2115 ἐπιμένοι
651 2061 734 2104 τις
811 2040 1053 2097 εὒκολίκν
1137 2039 1554 2115 καταγινώσκων
1605 2043 1696 2093 τοῦ
1767 2033 1991 2110 Πέτρου),

340 2128 647 2205 μανθανέτω
714 2131 803 2187 καὶ
858 2136 1034 2200 τοῦτο,
1096 2128 1177 2184 ὅτι
1222 2126 1338 2185 οὒδέ
1381 2126 1703 2207 γέγραπται,
1755 2124 1837 2180 ὅτι
1873 2122 1993 2178 ἐπί-

341 2240 556 2276 στευσεν
627 2219 770 2283 εὐθὺς
827 2226 903 2295 τῷ
975 2216 1213 2291 Ἀνδρέᾳ.
1248 2214 1369 2273 ἀλλ’
1400 2216 1479 2273 ὅτι
1519 2238 1540 2272 ι
1582 2215 1783 2294 ἤγαγεν
1836 2212 1993 2269 αὒτὸν

341 2311 469 2389 πρὸς
537 2310 629 2365 τὸν
687 2308 919 2389 Ἰησοῦν,
1002 2332 1028 2362 ι
1091 2307 1221 2387 ὅπερ
1264 2305 1470 2382 μᾶλλον
1504 2304 1721 2384 στεῤῥᾶς
1763 2302 1993 2364 διανοίας

346 2400 433 2455 καὶ
490 2399 549 2454 οὗ
593 2398 1121 2479 συμπεριφερομένης
1149 2397 1315 2460 ἕστίν,
1364 2396 1437 2454 Οὒ
1494 2397 1592 2474 γὰρ
1638 2393 1822 2457 ἁπλῶς
1853 2414 1995 2471 παρ-

340 2486 555 2555 αδέξατο
597 2490 717 2552 τοὺς
751 2487 996 2568 Ἀνδρέου
1040 2487 1251 2566 λόγους,
1284 2484 1407 2543 ἀλλ’
1435 2484 1695 2554 ἠθέλησεν
1729 2482 1863 2540 ἰδεῖν
1914 2502 1997 2568 καὶ

337 2578 429 2634 τὸν
498 2578 743 2657 Χριστόν
798 2579 888 2635 ἳνα
959 2578 1132 2649 εἰμὲν
1160 2576 1283 2654 εὕρῃ
1312 2598 1362 2632 τι
1392 2573 1690 2654 ἀξιόλογον,
1752 2557 2001 2629 ἀκολου--ι

337 2670 503 2749 θήσῃ,
534 2650 655 2748 ρέ
685 2668 800 2733 οὔκ,
839 2664 1157 2744 ἂναποδίση⁶
1194 2650 1329 2722 ὥστε
1364 2686 1425 2721 το
1456 2650 1715 2744 ἀχθῆναι,
1747 2664 1880 2742 πρὸς
1906 2662 1995 2715 τὸν

342 2757 548 2824 Ἰησοῦν
597 2757 692 2814 οὒκ
761 2756 1025 2830 εὖηθείας,
1086 2754 1209 2812 ἀλλ’
1264 2752 1534 2834 ἀκριϐείας
1594 2752 1891 2831 γνώρισμα.
1937 2751 1997 2808 Τί

341 2850 428 2903 οὖν
453 2849 480 2903 ὃ
533 2848 721 2927 Κύριος
758 2865 775 2921 ς
805 2846 943 2904 Ἀπὸ
972 2852 1067 2904 τοῦ
1102 2851 1465 2925 προφητεῦσαι
1496 2844 1613 2921 περὶ
1643 2841 1822 2914 tat-31:05,
1853 2842 1994 2897 ἀπο-

340 2934 626 2992 καλύπτειν
696 2936 920 3016 ἔρχεται
981 2940 1123 3010 αὖτῴ
1155 2934 1362 2995 ἑαυτόν,
1397 2933 1547 2989 Ἐπεὶ
1601 2932 1703 3010 γὰρ
1732 2934 1784 2987 αἱ
1856 2952 1994 3008 προ-

340 3038 558 3106 φητεται
580 3024 727 3082 οὐδὲν
771 3024 988 3082 ἔλαττον
1016 3031 1123 3082 τῶν
1154 3023 1416 3104 σημείων,
1451 3023 1494 3078 εἰ
1527 3023 1605 3097 μὴ
1648 3023 1733 3077 καὶ
1764 3018 1992 3099 μᾶλλον,

339 3116 568 3173 πείθουσι
639 3116 759 3179 τοὺς
816 3116 1141 3195 ἀνθρώπους,
1204 3112 1523 3192 προφητεύει
1576 3114 1694 3191 περὶ
1755 3113 1844 3166 τοῦ
1887 3108 1994 3195 Πέτ

2081 1856 2159 1918 rit
2183 1858 2328 1933 ei,et
2349 1859 2659 1923 manifeste
2687 1862 3127 1925 annuntiaverit
3148 1864 3224 1925 de
3255 1862 3510 1929 Christo.
3539 1870 3743 1942 utpote

2078 1945 2326 2009 edoctus
2347 1949 2671 2011 secretiora
2693 1954 3070 2032 quaedam,eo
3091 1953 3248 2034 quod
3271 1953 3739 2032 manseratapud

2078 2036 2402 2099 Christum.
2433 2037 2599 2111 Quod
2648 2040 2697 2103 si
2732 2051 3072 2123 perseverat
3098 2043 3230 2123 quis
3256 2041 3561 2117 arguendo
3596 2042 3740 2103 faci-

2080 2125 2301 2187 litatem
2349 2129 2534 2199 Petri,
2570 2129 2760 2193 discat
2817 2140 2873 2193 et
2914 2133 3028 2194 hoc
3080 2151 3196 2192 non
3249 2150 3382 2193 esse
3424 2129 3738 2212 scriptum,

2079 2216 2237 2297 quod
2268 2217 2591 2280 crediderit
2622 2219 2819 2281 statim
2855 2220 3259 2301 Andrem,sed
3295 2220 3455 2301 quod
3474 2219 3744 2282 Andreas

2082 2305 2318 2367 duxerit
2350 2306 2512 2369 illum
2537 2309 2608 2369 ad
2631 2311 2922 2385 Jesum,id
2950 2311 3105 2391 quod
3135 2310 3321 2388 magis
3338 2309 3543 2372 solidae
3568 2327 3743 2370 men-

2085 2393 2159 2457 tis
2199 2395 2401 2468 fuerit,
2436 2405 2495 2459 et
2546 2417 2665 2461 non
2715 2400 2924 2480 quovis
2971 2408 3147 2461 vento
3173 2399 3571 2462 circumacta.
3607 2398 3736 2462 Non

2086 2502 2218 2544 cum
2268 2485 2625 2563 simpliciter
2669 2488 2899 2569 recepit
2952 2507 3291 2551 sermonem
3327 2488 3602 2562 Andrem,
3636 2488 3742 2551 sed

2086 2573 2269 2633 voluit
2298 2573 2503 2636 videre
2546 2584 2602 2638 et
2631 2577 2954 2647 Christum.
2993 2585 3054 2639 ut
3085 2577 3135 2639 si
3166 2578 3405 2660 quidem
3453 2578 3745 2641 inveniret

2088 2661 2241 2743 quod
2270 2662 2512 2743 dignum
2549 2665 2689 2739 ﬁde,
2715 2668 3187 2748 sequeretur,sin
3212 2667 3432 2741 minus,
3457 2668 3739 2730 resiliret:

2081 2760 2138 2813 et
2169 2752 2248 2814 ita
2272 2752 2408 2816 duci
2439 2754 2509 2816 ad
2533 2753 2762 2830 Jesum,
2791 2775 2908 2817 non
2936 2757 3098 2838 levis,
3127 2758 3231 2819 sed
3268 2758 3550 2819 studiosae
3579 2776 3743 2818 men-

2080 2841 2153 2903 tis
2184 2841 2470 2904 incidium
2504 2854 2653 2906 erat.
2688 2844 2839 2918 Quid
2878 2845 3058 2926 igitur
3086 2845 3417 2908 Dominus?
3465 2848 3739 2926 Prophe-

2078 2931 2257 2993 tando
2286 2932 2364 2995 de
2394 2933 2514 3007 illo,
2551 2933 2637 2994 illi
2671 2954 2734 2995 se
2767 2935 3148 2998 manifestare
3178 2935 3408 3016 incipit.
3436 2934 3581 2997 Nam
3600 2935 3741 3016 quia

2082 3021 2409 3102 prophetiae
2441 3042 2559 3084 non
2593 3023 2792 3085 minus
2815 3042 2989 3105 quam
3021 3024 3211 3104 signa,
3252 3027 3371 3086 imo
3417 3026 3604 3106 magis
3625 3026 3739 3087 ho-

2082 3109 2341 3172 minibus
2372 3112 3033 3193 persuadent,praedicit
3062 3115 3136 3177 de
3164 3114 3361 3176 Petro.
3402 3114 3523 3176 «Tu
3551 3114 3735 3189 enim,

338 3226 481 3279 τρου,
522 3228 548 3259 α
577 3204 649 3260 Σὺ
668 3205 784 3285 γὰρ.
823 3205 1009 3286 φησὶν,
1045 3203 1100 3260 εἶ
1132 3203 1312 3278 Σίμων
1343 3204 1453 3264 υἱὸς
1476 3199 1652 3258 Ἰωνᾶ*
1698 3222 1721 3256 ο
1760 3200 1886 3255 εἶτα
1910 3192 1998 3253 καὶ

2087 3197 2292 3280 inquit,
2328 3192 2392 3262 es
2413 3202 2618 3264 Simon
2644 3202 2798 3263 ﬁlius
2826 3202 2998 3266 Jona.
3034 3230 3060 3260 α
3086 3203 3317 3267 Deinde
3349 3212 3406 3266 et
3453 3204 3609 3285 quod
3644 3205 3736 3265 fu-

339 3296 397 3349 τὸ
427 3293 645 3369 μέλλον⁹
702 3317 729 3347 α
764 3296 835 3349 Σὺ
866 3292 1118 3369 κληθήσῃ
1153 3298 1367 3372 Κηφᾶς.
1415 3310 1443 3348 ι
1480 3288 1616 3347 Ἀπὸ
1646 3290 1746 3368 γὰρ
1790 3290 1880 3345 τοῦ
1936 3289 1996 3343 τὸ

2087 3298 2305 3358 turum,
2346 3310 2369 3341 α
2407 3289 2490 3350 Tu
2524 3291 2829 3353 vocaberis
2875 3290 3125 3373 Cephas.
3162 3317 3188 3348 ι
3237 3292 3381 3354 Nam
3411 3312 3543 3353 cum
3580 3292 3734 3372 quod

339 3385 504 3463 παρὸν
559 3385 754 3457 εἰπεῖν,
816 3385 905 3440 καὶ
936 3383 996 3440 τὰ
1028 3380 1221 3456 μέλλον
1258 3387 1559 3437 πιστοῦται.
1610 3381 1717 3437 Οὐκ
1746 3382 1868 3435 εἷπε
1911 3376 1991 3451 δὲ,

2087 3396 2345 3457 praesens
2359 3387 2445 3440 est
2469 3380 2771 3455 dic-itur,et
2784 3382 2895 3441 iam
2914 3381 3173 3445 futurum
3192 3382 3482 3445 credibile
3498 3383 3584 3445 ﬁt.
3608 3380 3735 3444 Non

336 3471 415 3529 ὅτι
492 3471 716 3530 Καλέσω
745 3494 804 3529 σε
846 3474 958 3550 ὶγὼ
987 3471 1208 3545 Πέτρον,
1243 3468 1401 3535 ἀλλὰ,
1455 3494 1478 3523 α
1524 3468 1797 3544 κληθήσῃ.
1851 3489 1873 3523 ιι
1924 3468 1995 3523 0-3

2087 3466 2227 3528 dixit
2256 3476 2452 3530 autem
2491 3491 2504 3532 :
2539 3468 2659 3550 Ego
2694 3478 2751 3531 te
2777 3472 2999 3533 vocabo
3033 3474 3299 3547 Petrum,
3335 3471 3467 3552 sed,
3503 3494 3526 3528 α
3557 3490 3733 3532 voca-

337 3563 436 3640 γὰρ
492 3559 749 3629 ἠϐούλετο
805 3560 857 3627 ἒξ
903 3563 1081 3641 ἀρχῆς
1140 3561 1205 3617 τὰ
1233 3566 1330 3626 τῆς
1362 3559 1627 3621 αὖθεντίας
1700 3555 1995 3613 ἐπιδείκνυ-

2087 3554 2263 3617 beris-
2301 3580 2320 3611 ι
2358 3558 2612 3620 Nolebat
2640 3558 2797 3621 enim
2830 3561 2903 3622 ab
2930 3561 3101 3624 initio
3132 3560 3541 3622 auctoritatem
3570 3578 3737 3622 suam

338 3654 481 3729 σθαι,
566 3650 680 3707 ἐπεὶ
735 3649 850 3708 οὐδὲ
920 3652 1085 3731 εἶχον
1156 3649 1334 3706 πίστιν
1389 3647 1603 3725 βεϐαίαν
1647 3648 1765 3726 περὶ
1812 3648 1989 3702 αὑτοῦ.

2087 3644 2367 3727 indicare,
2401 3665 2470 3708 eo
2495 3647 2651 3728 quod
2686 3649 2953 3710 nondum
3004 3650 3233 3711 ﬁrmam
3268 3650 3325 3710 in
3356 3648 3521 3711 illum
3558 3649 3734 3711 ﬁdem

338 3738 484 3801 Τίνος
554 3736 608 3794 δὲ
667 3738 841 3796 ἕνεκεν
883 3746 1070 3796 τοῦτον
1120 3739 1217 3814 μὲν
1250 3739 1448 3818 Πέτρον
1491 3738 1835 3813 ἐπονομάζει,
1868 3737 1990 3799 τοὺς

2087 3734 2805 3811 haberent.Quamobrem
2836 3747 3031 3802 autem
3056 3738 3397 3818 agnominat
3419 3739 3576 3799 hunc
3599 3738 3733 3819 qui-

337 3824 391 3881 δὲ
462 3835 555 3884 τοῦ
581 3825 876 3901 Ζεϐεδαίου,
922 3829 1061 3890 υἱοὺς
1092 3827 1316 3905 βροντῆς
1354 3844 1371 3897 ;
1420 3818 1551 3883 ’Ἵνα
1581 3823 1744 3902 δείξῃ,
1778 3824 1857 3881 ὅτι
1900 3827 1987 3880 καὶ

2087 3825 2208 3887 iem
2244 3828 2514 3899 Petrum,
2546 3827 2680 3889 illos
2712 3837 2935 3908 autem,
2970 3828 3128 3891 ﬁlios
3159 3829 3399 3910 inquam
3436 3827 3732 3901 Zehedwi,

338 3917 435 3983 τὴν
496 3915 730 3974 Παλαιὰν
788 3917 940 3979 αὑτός
994 3917 1135 3974 ἐστιν
1198 3919 1225 3972 ὁ
1286 3915 1607 3988 δεδωκὼς,ο
1652 3916 1832 3972 καὶτὰ
1863 3914 1989 3971 ὀνό-

2087 3913 2226 3974 ilios
2260 3914 2614 3978 tonitrui?Ut
2640 3917 2913 3979 ostendat
2932 3918 3090 3999 quod
3114 3918 3240 4000 ipse
3263 3917 3337 3979 sit
3356 3916 3454 3997 qui
3479 3925 3538 3978 et
3558 3915 3737 3979 Vetus

336 4027 503 4081 ματα,
554 4004 733 4086 ὥσπερ
779 4007 923 4080 τότε,
985 4007 1072 4062 καὶ
1154 4004 1240 4060 νῦν
1338 4007 1657 4079 μετατιθεὶς,
1761 4004 1850 4061 τόν
1934 4025 1992 4060 τε

2087 4002 2521 4066 Testamentum
2558 4004 2879 4080 dederit,et
2904 4007 3058 4070 sicut
3083 4025 3263 4080 nunc,
3289 4007 3365 4067 ita
3398 4007 3572 4067 ctiam
3598 4013 3737 4068 tunc

336 4093 566 4175 ’¹Α6ραη
623 4094 891 4174 Ἀϐρααμ,
950 4098 1041 4153 καὶ
1108 4095 1206 4162 τὴν
1258 4096 1431 4173 Σὶραν
1482 4094 1683 4173 Σάῤῥαν
1734 4093 1990 4156 καλέσας.

2087 4095 2390 4154 mutaverit
2412 4114 2629 4156 nomen
2673 4095 2889 4159 Abram
2920 4096 2979 4157 in
3020 4096 3320 4159 Abraham
3353 4104 3411 4159 et
3441 4095 3643 4158 Saram
3678 4097 3735 4158 in

337 4186 489 4245 ’Ίσθι
560 4186 615 4242 δὲ
674 4188 755 4245 ὅτι
820 4190 999 4261 Σίμων
1031 4189 1377 4267 ἑρμηνεύεται
1414 4213 1438 4242 «
1475 4188 1711 4267 ὑπακοὴ,
1747 4211 1773 4242 ))
1812 4186 1993 4252 Ἰωνᾶς

2087 4182 2337 4245 Sarram.
2373 4186 2539 4246 Scias
2583 4195 2779 4248 autem
2834 4186 2992 4267 quod
3052 4186 3259 4249 Simon
3313 4187 3738 4267 interpretatur

336 4276 390 4332 δὲ
466 4300 493 4331 α
557 4277 858 4358 περιστερά.
938 4303 963 4331 ι)
1001 4277 1195 4336 Τέκνον
1238 4281 1323 4335 οὖν
1354 4283 1452 4344 τῆς
1498 4279 1822 4355 πραότητος,
1873 4278 1991 4345 ἣτις

2087 4294 2109 4328 α
2145 4272 2546 4347 οὺεάἰθηιίθ,π
2569 4276 2751 4336 Jonas
2782 4294 2920 4337 vero
2959 4274 3335 4339 «columba.»
3368 4276 3553 4353 igitur
3572 4294 3735 4337 man~

336 4364 422 4421 διὰ
490 4372 588 4434 τῆς
677 4374 985 4445 περιστερᾶς
1046 4365 1320 4445 δηλοῦται,
1404 4369 1437 4435 ἡ
1471 4368 1705 4436 ὅπακοήο
1752 4365 1864 4423 ὅδὲ
1892 4368 1991 4432 τὴν

2087 4362 2415 4424 suetudinis
2446 4383 2576 4445 qua)
2601 4383 2708 4446 per
2737 4365 3075 4427 columbam
3101 4364 3639 4444 signiﬁcatur,529
3662 4366 3734 4428 ti-

334 4456 578 4524 υπακοὴν
636 4455 782 4536 ἔχων
837 4459 924 4512 καὶ
984 4457 1172 4532 Πέτρος
1234 4457 1457 4537 γίνεται,
1518 4459 1589 4519 εἷς
1669 4455 1992 4535 στερρότητα

2087 4451 2153 4511 tia
2184 4459 2271 4512 est
2292 4453 2669 4516 obedientia:
2698 4463 2754 4515 et
2775 4454 2876 4535 qui
2910 4453 3086 4515 habet
3118 4454 3519 4515 obedientiam
3554 4452 3730 4515 etiam

2076 4538 2204 4616 ipse
2239 4542 2444 4601 l’etrus
2475 4540 2869 4625 efﬁcitur,per
2905 4542 3298 4606 obedientiam
3335 4542 3654 4622 proﬁciens
3670 4553 3735 4604 ut

2079 4628 2348 4691 ﬁrmetur
2370 4630 2426 4689 in
2463 4629 2648 4691 bono;

417 4748 444 4780 α
503 4731 582 4802 Τῇ
638 4723 694 4781 δὲ
749 4726 997 4805 ἐπαύριον
1025 4724 1287 4793 ἠθέλησεν
1344 4724 1579 4790 ὲξελθεῒν
1609 4729 1635 4782 ὁ
1691 4735 1872 4793 Ιησοῦς
1913 4726 1988 4789 εἰς

2158 4717 2341 4781 Vens.
2379 4721 2457 4783 43
2490 4721 2588 4783 45.
2631 4724 2910 4783 «Postero
2944 4722 3040 4783 die
3072 4720 3253 4782 voluit
3277 4724 3450 4782 Jesus
3479 4720 3641 4782 exire
3672 4721 3731 4783 in

327 4816 427 4882 τὴν
514 4813 820 4886 Γαλιλαίαν,
881 4818 968 4871 καὶ
1041 4817 1261 4889 εὑρίσκει
1348 4814 1635 4895 Φίλιππον,
1696 4816 1782 4870 καὶ
1840 4813 1983 4890 λέγει

2087 4808 2463 4885 Galilaeam,et
2492 4811 2716 4889 reperit
2739 4811 3101 4893 Pnilippnm;
3125 4820 3181 4872 et
3204 4810 3350 4871 dicit
3379 4808 3733 4891 ei:Sequere

329 4905 489 4976 αὐτῷ·
558 4901 862 4961 Ἀκολούθει
924 4929 1040 4978 μοι.
1105 4896 1202 4961 Ἦν
1262 4903 1316 4960 δὲ
1348 4907 1374 4959 ὃ
1405 4904 1669 4968 Φίλιππος
1702 4904 1807 4959 ἀπὸ
1838 4908 1981 4971 Βηθ-

2087 4918 2162 4961 ne
2197 4900 2336 4962 Erat
2375 4907 2570 4960 autem
2607 4899 2908 4979 Philippus
2938 4919 2972 4961 a
3003 4900 3314 4964 Bethsaida
3346 4900 3575 4962 civitate
3607 4900 3732 4962 An-

332 4554 423 4603 τοῦ
451 4545 616 4606 καλοῦ
644 4544 728 4606 διὰ
756 4552 854 4614 τῆς
882 4549 1123 4613 ὑπακοῆς
1155 4545 1631 4623 προϐιϐαζόμενος,

332 4988 491 5048 σαϊδᾶ
546 4991 607 5047 ἐκ
662 4997 761 5058 τῆς
834 4994 1041 5057 πόλεως
1076 4992 1321 5073 Ἀνδρέου
1352 4996 1440 5049 καὶ
1488 4993 1705 5067 Πέτρου.
1746 4994 1982 5069 Εὒρίσκει

2087 4989 2227 5050 Ireae
2255 4996 2312 5049 et
2342 4989 2517 5049 Petri.
2549 4991 2795 5070 Reperit
2826 4990 3137 5072 Philippus
3167 4989 3519 5057 Nathanael,
3556 4998 3614 5050 et
3636 4990 3717 5050 di-

327 5080 596 5146 Φίλιππος
669 5084 758 5138 τὸν
796 5082 1099 5162 Ναθαναὴλ,
1132 5085 1221 5140 καὶ
1246 5082 1388 5161 λέγει
1422 5084 1584 5155 αὑτῷ⁶
1625 5075 1741 5140 "Ov
1785 5081 1982 5161 ἔγραψε

2087 5080 2140 5142 :it
2174 5078 2228 5139 ei
2257 5096 2270 5139 :
2309 5078 2385 5140 de
2414 5098 2532 5157 quo
2563 5078 2802 5159 scripsit
2832 5082 3029 5143 Moses
3060 5081 3121 5142 in
3156 5082 3283 5159 lege
3315 5088 3372 5141 et
3397 5080 3729 5161 prophetae,

331 5175 530 5237 Μωσῆς
588 5170 642 5227 ἐν
727 5177 804 5244 τῷ
860 5172 1008 5248 νόμῳ
1065 5175 1149 5228 καὶ
1224 5175 1269 5228 οἳ
1315 5178 1606 5253 προφῆται,
1660 5174 1979 5251 εὒρήκαμεν,

2087 5166 2646 5240 ιηνεηίῐηιιενιθευῐη
2682 5168 2866 5230 ﬁlium
2895 5168 3140 5252 Joseph,
3176 5169 3602 5231 Nazaremun.»
3617 5169 3730 5230 An-

329 5261 534 5327 Ἰησοῦν
592 5262 683 5318 τὸν
745 5262 857 5318 υί“›ν
929 5260 1125 5344 Ἰωσὴφ
1170 5265 1261 5319 τὸν
1288 5262 1395 5319 ἀπὸ
1439 5262 1698 5342 Ναζαρέτ,
1736 5287 1760 5315 ι
1802 5253 1858 5320 Ὀ
1890 5262 1987 5337 μὲν

2087 5258 2246 5319 lreas
2296 5257 2536 5337 quidem
2592 5260 2967 5321 l’rzecursore
2994 5259 3218 5332 audito,
3271 5267 3329 5321 et
3360 5261 3569 5322 Petrus
3600 5258 3718 5321 An-

328 5347 573 5429 Ἀνδρέας
623 5362 718 5411 τοῦ
770 5344 1075 5431 Προδρόμου
1132 5352 1383 5425 ακούσας,
1416 5355 1503 5410 καὶ
1551 5355 1578 5410 ὁ
1628 5352 1822 5430 Πέτρος
1893 5360 1987 5409 τοῦ

2087 5345 2435 5421 irea,secuti
2469 5355 2609 5408 sunt
2636 5346 2840 5411 Jesum
2876 5367 2890 5412 :
2926 5358 2986 5410 at
3019 5350 3314 5430 philippus
3342 5348 3728 5411 videturnul-

331 5435 599 5520 ’Δνδρέου,
668 5440 1037 5509 ἠκολούθησαν
1088 5449 1166 5517 τῷ
1244 5440 1446 5508 Ἰησοῦ’
1506 5445 1533 5499 ὁ
1596 5440 1649 5498 δὲ
1720 5441 1987 5506 Φίλιππος

2087 5439 2195 5498 tum
2230 5434 2549 5507 audivisse,
2586 5446 2644 5498 et
2694 5439 2889 5499 statim
2951 5446 3189 5500 secutus
3218 5455 3351 5500 esse
3383 5437 3731 5519 Dominum,

329 5530 568 5608 φαίνεται
641 5528 808 5606 μηδὲν
864 5530 1123 5602 ἀκούσας,
1194 5532 1287 5589 καὶ
1345 5529 1491 5609 ὅμως
1522 5530 1889 5602 ἀκολουθήσας
1914 5539 1991 5607 τῷ

2087 5528 2373 5588 dicentem
2405 5524 2501 5588 ei:
2544 5550 2569 5586 ε
2603 5530 2873 5610 Sequere
2908 5547 3027 5591 me.
3070 5555 3090 5584 ιι
3139 5527 3310 5592 Unde
3366 5528 3479 5588 hoc
3528 5527 3725 5607 igitur,

332 5619 501 5696 Κυρίῳ
571 5621 740 5695 εὐθὺς,
816 5620 1017 5678 εἰπόντι
1073 5621 1206 5698 πρὸς
1260 5622 1415 5678 αὒτὺν
1458 5623 1542 5697 τὸ,
1598 5646 1621 5677 ιι
1681 5619 1986 5679 Ἀκολούθει

2087 5616 2230 5698 ιιιοά
2265 5614 2367 5677 ille
2394 5623 2509 5678 tam
2534 5618 2726 5680 statim
2754 5617 3364 5682 crediderit‘Nidetur
3388 5616 3568 5697 igitur
3602 5616 3728 5697 pri-

329 5729 442 5780 μοι,
485 5733 510 5763 ιι
545 5710 705 5767 Πόθεν
752 5711 840 5767 οὖν
874 5709 1039 5773 οὕτως
1086 5709 1274 5773 ευθέως
1321 5711 1533 5779 ἐπείσθη
1571 5734 1587 5790 ς
1626 5723 1788 5770 Δοκεῖ
1818 5713 1987 5769 τοίνυν

2087 5725 2234 5768 mum
2269 5724 2382 5767 vox
2421 5708 2662 5772 Domini
2692 5707 2948 5772 animam
2986 5708 3145 5772 illius
3178 5707 3418 5773 stimulo
3468 5705 3727 5787 quodam
