4178 6408
3723 320 3891 395 1488

490 327 637 397 1187
1453 331 2045 402 THEOPHYLACTI
2095 325 2500 399 BULGARI/E
2540 330 2900 400 ARCHIEP.

488 471 772 532 Dominus
825 469 1059 545 viderit,
1086 470 1144 531 id
1200 479 1314 547 est,
1367 470 1595 551 placide
1642 468 1893 533 intuitus
1934 469 2030 543 sit,
2065 477 2128 533 et

2209 470 2504 550 τραχύτητι
2575 468 2629 525 δὲ
2684 474 2790 526 τῶν
2850 475 3082 545 νομικῶν
3140 468 3637 546 παρατηρημάτων,
3679 466 3766 521 καὶ
3798 469 3885 536 τῷ

486 561 849 624 intellectum
876 560 1005 639 ejus
1028 561 1633 642 illustrarit,quamvis
1654 561 1848 622 adhuc
1869 562 1979 621 sub
2001 560 2136 640 lege

2220 558 2661 637 δυσκατεργάστῳ
2713 565 2820 614 τῶν
2874 556 3125 637 ἐντολῶν,
3197 558 3377 633 ὥσπερ
3408 554 3626 637 φύλλοις
3674 552 3885 609 σκεπό-

486 661 643 711 esset
673 649 758 711 Tu
789 658 847 709 et
869 650 980 711 hoc
1002 650 1238 722 scias,si
1268 641 1407 730 quid
1443 660 1500 710 et
1536 650 1659 711 haec
1682 649 2135 730 arrident,quod

2220 670 2403 723 μενον,
2462 649 2628 705 Φασὶν
2686 650 2799 727 06v,
2846 646 2928 703 ὅτι
2961 649 3051 703 τὸν
3098 646 3382 713 Ναθαναὴλ
3412 644 3551 702 εἶδεν
3599 646 3625 700 ὁ
3657 641 3885 721 Κύριος,

483 739 907 801 Nathanaelem
940 738 1227 799 Dominus
1258 739 1401 800 vidit
1448 740 1559 800 sub
1592 739 1731 811 ﬁcu,
1766 739 1994 800 scilicet
2021 739 2131 800 sub

2221 738 2331 793 ὰντὶ
2388 744 2481 794 τοῦ
2552 736 2746 816 ἱλαρῶς
2818 733 3104 812 ἐπέϐλεψε,
3181 738 3268 791 καὶ
3324 736 3422 803 τὴν
3468 738 3671 791 σύνεσιν
3721 734 3889 789 αὑτοῦ

483 830 609 906 lege
621 829 1245 906 exsistentem(a),hoc
1269 832 1535 893 est.intra
1551 828 1827 908 legennet
1842 848 1895 905 pi
1914 829 2133 890 ot'unda

480 918 625 996 legis
654 927 1039 980 scrutantem.
1068 918 1213 979 Nam
1236 921 1281 979 si
1316 938 1433 980 non
1462 930 1619 980 esset
1651 928 1951 979 scrutatus
1987 937 2130 998 pro-

480 1008 660 1069 funda
715 1007 863 1086 lo-gis
920 1007 1262 1089 neutiquam
1336 1008 1576 1069 vidisset
1627 1027 1762 1069 eum
1820 1007 2127 1071 Dominus.

479 1095 645 1159 Scias
692 1106 887 1159 autem
921 1106 980 1159 et
1019 1097 1157 1177 hoc,
1206 1097 1364 1178 quod
1417 1096 1657 1160 Galilaaa
1714 1099 2134 1176 interpretatur

486 1184 1135 1249 «(levolubilis.vExivit
1158 1185 1335 1265 igitur
1350 1185 1633 1249 Dominus
1657 1186 1715 1246 in
1730 1184 2127 1247 devolubilem

479 1275 613 1355 hjus
639 1275 847 1338 mundi
901 1276 1231 1353 regionem,
1273 1275 1356 1336 vel
1388 1275 1567 1336 etiam
1600 1276 1918 1336 humanam
1956 1281 2127 1336 natu-

478 1384 639 1425 ram:
667 1374 725 1427 et
754 1383 861 1425 nos
882 1364 992 1424 sub
1027 1366 1141 1425 ficu
1174 1364 1525 1436 sumus,hoc
1557 1373 1646 1425 est
1679 1372 1921 1444 peccato
1945 1363 2127 1440 dulci,

474 1456 570 1514 cui
602 1457 776 1516 etiam
810 1472 927 1514 non
951 1471 1155 1533 parum
1207 1453 1621 1514 amaritudinis
1664 1453 1836 1515 adest
1887 1461 2129 1533 propter

478 1542 907 1622 ptenitudinem
941 1550 1003 1604 et
1026 1541 1255 1621 judicia
1274 1551 1552 1604 secutura
1583 1540 1748 1604 Sicut
1781 1541 2126 1604 misericors

477 1632 633 1692 videt
661 1650 729 1695 ac
751 1632 911 1707 eligit
942 1650 1046 1692 eos
1072 1635 1171 1711 qui
1225 1631 1485 1692 fatentur
1516 1634 1709 1710 ipsum
1744 1631 1960 1693 Filium
1991 1633 2123 1712 Dei,

474 1730 529 1780 et
557 1741 761 1799 regem
790 1721 917 1799 ejus
949 1720 1129 1781 Israel
1165 1720 1266 1801 qui
1289 1721 1448 1781 videt
1470 1720 1683 1782 Deum.
1713 1720 1781 1781 Et
1808 1720 1856 1779 si
1880 1718 2124 1800 quidem

474 1812 734 1872 stadium
758 1809 1233 1885 adhibuerimus,
1267 1818 1325 1869 et
1358 1809 1680 1888 majoribus
1717 1828 1824 1869 nos
1848 1808 2123 1887 digua'ii-

472 1913 565 1959 tur
585 1898 961 1979 spectaculis,
994 1907 1053 1959 et
1084 1898 1417 1958 videbimus
1445 1900 1693 1976 angelos
1722 1899 2124 1961 ascendentes

471 1989 709 2068 quidem
740 1988 810 2050 ad
843 1988 1243 2049 summitatem
1275 1987 1631 2064 cognitionis
1685 1986 1791 2048 Dei
1827 2005 1842 2051 :
1872 1988 2123 2052 descen-

472 2079 680 2139 dentes
716 2096 852 2139 vero
877 2077 1117 2157 iterum,
1145 2075 1678 2156 incognoscibilem
1701 2077 1833 2157 ejus
1858 2076 2129 2139 substan~

470 2170 607 2229 tiam
644 2165 1095 2248 deprehendere
1120 2185 1238 2228 non
1260 2166 1663 2229 valentes.Vel
1696 2167 2123 2241 aliter,Ascen-

468 2255 553 2317 dit
574 2256 972 2337 quis,qu.ind0
1002 2265 1271 2317 versatur
1305 2256 1362 2316 in
1395 2256 1779 2317 sermonibus
1800 2257 1875 2317 de
1907 2256 2123 2319 deitate

472 2343 1107 2425 Unigenitizdescendil
1135 2346 1602 2425 auteui,quando
1632 2354 1886 2407 tractare
1911 2349 2125 2425 gaudet

470 2453 778 2496 sermones
801 2435 874 2495 de
899 2435 1309 2496 incarnatione
1326 2444 1383 2495 et
1399 2435 1693 2496 descensu
1717 2434 1775 2495 in
1797 2435 2119 2500 infernum.

2217 826 2563 902 κατενόησεν,
2625 829 2715 884 καὶ
2764 827 2841 884 ἔτι
2913 830 3015 885 ὑπὸ
3061 830 3152 884 τὸν
3182 826 3346 902 νόμον
3376 826 3551 890 ὄντος,
3581 826 3654 881 Σὺ
3683 822 3738 880 δέ
3784 839 3883 899 μοι

2216 920 2301 973 κε)
2353 919 2525 991 τούτῳ
2567 920 2658 974 τὸν
2700 926 2820 975 v06v
2850 916 3160 992 ἐπίστησον,
3194 916 3311 993 εἴγε
3353 915 3520 994 θέλγῃ
3553 929 3669 979 τοῖς
3694 914 3885 971 τοιού-ι

2214 1029 2349 1081 τοις,
2406 1009 2485 1063 ὃτι
2558 1008 2650 1064 τὸν
2708 1006 2993 1074 Ναθαναὴλ
3049 1010 3077 1062 ὁ
3141 1008 3327 1081 Κύριος
3418 1004 3562 1063 εἶδεν
3618 1006 3721 1061 ὑπὸ
3778 1005 3883 1071 τὴν

2216 1102 2404 1173 συκῆν,
2466 1096 2583 1164 ἤτοι
2638 1098 2739 1153 ὑπὸ
2796 1098 2888 1153 τὸν
2946 1103 3134 1172 νόμον,
3214 1096 3481 1152 τουτέστιν
3552 1095 3699 1157 ἔντος
3782 1100 3883 1149 τού

2215 1189 2401 1266 νόμου,
2448 1189 2537 1243 καὶ
2591 1188 2655 1243 τὰ
2724 1186 2859 1261 βάθη
2909 1188 3069 1242 αὑτοῦ
3124 1185 3438 1263 ἐρευνῶντα.
3504 1186 3560 1243 Εἰ
3618 1184 3718 1262 γὰρ
3795 1183 3880 1257 μή

2214 1277 2280 1333 τὰ
2335 1276 2471 1352 βάθη
2530 1282 2638 1355 ⁸τοῦ
2711 1278 2876 1350 νόμου
2931 1275 3149 1355 ἡρεύνα,
3208 1276 3301 1332 οὑκ
3358 1274 3420 1330 ἂν
3451 1275 3607 1330 αὒτὸν
3665 1270 3813 1329 εἶδεν
3849 1274 3879 1327 ὁ

2218 1346 2426 1444 Κύριος.
2504 1346 2649 1422 ’λισθι
2715 1346 2787 1419 δὲ-
2823 1366 2910 1421 καὶ
2954 1346 3147 1436 τοῦτο..
3166 1362 3246 1421 ὅτι
3292 1362 3546 1420 Γαλιλαία
3576 1362 3877 1442 ἑρμηνεύε-

2209 1475 2317 1527 ται,
2382 1452 2775 1523 κατακυλιστή,
2835 1452 3088 1521 Ἐξῆλθεν
3136 1453 3224 1510 οὖν
3283 1456 3310 1510 ὃ
3372 1454 3559 1532 Κύριος
3636 1454 3708 1516 εἰς
3771 1451 3876 1518 τὴν

2209 1543 2602 1611 καταιυλιστην
2654 1544 2846 1600 τούτοο
2900 1551 2991 1600 τοὺ
3055 1544 3259 1618 κόσμου
3327 1543 3363 1612 ἢ
3407 1543 3617 1623 χώραν,
3651 1543 3739 1597 γαὶ
3771 1544 3877 1605 τὴν

2209 1634 2360 1713 φύσιν
2419 1634 2517 1701 τὴν
2587 1634 2943 1714 ἀνθρωπίνην,
3036 1636 3123 1690 καὶ
3206 1633 3361 1697 ὄντας
3414 1635 3557 1708 ἡμᾶς
3613 1632 3714 1688 ὑπὸ
3772 1634 3878 1699 τὴν

2211 1727 2398 1797 συκῆν,
2459 1724 2699 1783 τουτέστι
2763 1726 2864 1791 τὴν
2915 1721 3163 1792 ἑνήδονον
3223 1724 3503 1803 ἁμαρτίαν,
3555 1724 3593 1798 ᾗ
3622 1723 3712 1778 καὶ
3740 1719 3869 1801 δρι-

2212 1814 2381 1886 μύτης
2441 1814 2535 1868 οὑκ
2594 1811 2748 1889 ὀλίγη
2809 1814 3014 1869 σύνεστι
3058 1810 3143 1867 διὰ
3199 1814 3300 1877 τὴν
3358 1809 3741 1889 μεταμέλειαν,
3774 1814 3863 1867 καὶ

2208 1902 2271 1957 τὰ
2329 1900 2447 1958 ἐκεῖ
2518 1900 2887 1980 δικαιωτήρια,
2946 1903 3019 1963 ὡς
3118 1899 3484 1981 φιλάνθρωπος
3567 1897 3705 1979 εἶδε,
3783 1902 3874 1955 καὶ

2207 1987 2479 2055 ἐξελέξατο
2534 1988 2928 2068 ὁμολογοῦντας
2961 1992 3116 2047 αὑτὸν
3178 1991 3297 2045 ι’ἶὸν
3362 1996 3517 2061 Θεου,
3562 1990 3651 2045 καὶ
3704 1990 3868 2065 βασι-

2207 2078 2305 2137 λέα
2359 2086 2443 2137 τοῦ
2496 2078 2712 2159 Ἰσραὴλ
2770 2086 2861 2136 τοῦ
2916 2082 3145 2158 ὁρῶντος
3179 2080 3333 2153 Θεόν,
3380 2080 3437 2136 Εἰ
3482 2076 3536 2135 δέ
3568 2100 3628 2156 γε
3662 2077 3873 2135 ἐπιτεί-

2207 2190 2390 2245 νοιμεν
2440 2169 2539 2236 τὴν
2607 2167 2865 2240 σπουδὴν,
2938 2171 3025 2226 καὶ
3093 2171 3351 2244 μειζονων
3379 2166 3690 2233 καταξιώσει
3722 2170 3872 2243 ἡμᾶς

2206 2260 2507 2335 θεαμάτων,
2555 2262 2643 2317 καὶ
2693 2264 2935 2336 ὀψόμεθα
2990 2261 3108 2324 τοὺς
3172 2259 3431 2337 ἀγγέλους
3491 2258 3871 2323 ἀναϐαίνοντας

2210 2349 2307 2424 μὲν
2366 2354 2497 2430 πρὸς
2558 2352 2620 2407 τὸ
2675 2352 2809 2426 ’ύψος
2876 2352 2971 2418 τῆς
3030 2353 3187 2408 αδτου
3213 2351 3354 2415 θείας
3384 2351 3658 2427 γνώσεως,
3692 2371 3869 2407 κατα-

2207 2437 2478 2503 ϐαίνοντας
2535 2439 2589 2496 δὲ
2640 2440 2822 2509 παλιν,
2885 2438 2971 2496 διὰ
3032 2444 3126 2498 τοῦ
3176 2442 3253 2515 μὴ
3337 2439 3550 2518 φθάνειν
3605 2446 3873 2510 κατανοῆ-

473 2547 558 2581 σαι
594 2525 690 2593 τὴν
724 2524 993 2603 ἄγνωστον
1028 2524 1227 2583 absim.
1307 2527 1400 2580 Καὶ
1461 2524 1635 2589 ἄλλως
1696 2524 1771 2598 δὲ,
1836 2524 2099 2583 ἀναϐαίνει
2148 2550 2254 2607 τις,
2312 2528 2399 2585 ὅτε
2455 2530 2576 2593 τοῖς
2621 2532 2866 2607 περὶτῆς
2894 2531 3147 2593 θεότητος
3174 2540 3268 2590 τοῦ
3300 2536 3629 2606 Μορογενοῦς
3680 2528 3870 2607 λόγοις

475 2617 489 2640 1
533 2613 567 2640 3,
604 2612 768 2640 ,_-'€_,
809 2631 821 2640 .
858 2612 1081 2640 ,Δρ-μρηῖ
1116 2636 1152 2640 -.
1194 2613 1238 2640 ἓξ
1305 2615 1380 2640 τε,
1417 2628 1501 2640 .L.

472 2630 774 2694 ενοιατρζὸει
809 2631 821 2645 ⁸
857 2630 1159 2671 καταοαινει
1189 2630 1265 2688 οε,
1299 2637 1384 2669 οεε
1414 2630 1530 2678 τως

1122 2720 1362 2783 CAPUT
1396 2720 1468 2784 ll.

471 2816 555 2877 De
586 2818 818 2896 nuptiis
857 2820 919 2897 in
959 2818 1133 2897 Cana
1169 2815 1464 2897 Gali/(rce.
1505 2817 1592 2878 De
1623 2819 1952 2897 expulsise
1983 2826 2124 2876 hm-

707 2898 835 2973 plo.
864 2895 947 2958 De
965 2895 1098 2970 huc,
1133 2896 1355 2959 Solvite
1400 2895 1900 2977 templum’islud.

551 3082 732 3142 Vens.
772 3081 1023 3143 1-4.aEt
1063 3080 1160 3141 die
1202 3082 1375 3143 tertia
1422 3080 1589 3143 facta;
1636 3092 1771 3143 sunt
1804 3082 2025 3160 nuptiae
2056 3082 2115 3141 in

462 3173 619 3233 Cana
644 3168 924 3255 Galilmie,
960 3179 1019 3232 et
1039 3180 1165 3233 erat
1195 3181 1384 3232 mater
1411 3170 1554 3233 Jesu
1589 3171 1686 3233 ibi.
1727 3170 1982 3235 Vocatus
2031 3182 2120 3233 est

460 3268 658 3320 autem
681 3261 925 3321 etJesus
943 3278 1014 3323 ac
1038 3260 1315 3341 discipuli
1341 3260 1471 3339 ejus
1502 3261 1574 3321 ad
1610 3263 1869 3340 nuptias.
1902 3262 2117 3322 Etcum

463 3348 783 3410 defecisset
803 3348 1185 3421 vinuui,dicit
1210 3360 1398 3411 mater
1420 3349 1561 3413 Jesn
1592 3350 1665 3411 ad
1691 3370 1825 3412 eum
1854 3369 1868 3413 :
1904 3349 2121 3413 Vinum

464 3456 582 3500 nou
615 3437 859 3501 habent.
896 3438 1047 3501 Dicit
1077 3440 1130 3499 ei
1167 3438 1361 3503 Jesus:
1388 3438 1538 3512 Quid
1576 3440 1718 3502 mihi
1772 3451 1829 3501 et
1873 3440 1977 3501 tibi
2008 3450 2121 3519 est,

465 3523 711 3588 mulier?
767 3525 1043 3589 Nondum
1097 3530 1257 3591 venit
1303 3530 1450 3591 hora
1507 3549 1662 3592 mea.
1701 3558 1724 3585 ι)
1764 3529 1992 3591 νοοιιηι
2041 3531 2113 3591 ad

462 3616 699 3696 nuptias
736 3619 1201 3693 Dominum,non
1232 3619 1387 3699 quod
1422 3619 1678 3681 vidertnt
1698 3620 2002 3692 miracula,
2029 3610 2119 3680 vel

460 3706 621 3769 aliud
646 3707 929 3787 quiddam
966 3726 1241 3787 magnum
1270 3730 1282 3770 :
1319 3710 1421 3769 sed
1455 3710 1804 3789 simpliciter
1825 3717 2111 3770 Vocantut

460 3802 691 3870 notum,
723 3797 881 3857 unde
934 3798 1046 3858 hoc
1092 3798 1435 3877 significans
1494 3798 1882 3877 Evangelista,
1911 3799 2061 3861 dicit
2094 3820 2107 3861 :

464 3906 493 3945 ‹
521 3887 663 3948 Erat
693 3896 889 3947 autem
925 3895 1114 3947 mater
1140 3886 1279 3949 Jesu
1310 3897 1366 3947 et
1407 3887 1620 3949 fratres
1651 3889 1784 3967 ejus
1812 3889 1951 3949 ibi.»
1990 3887 2112 3969 [gi-

461 3984 554 4035 tur
579 3976 729 4034 sicut
768 3975 931 4034 illam
966 3986 1021 4036 et
1053 3976 1285 4051 fratres,
1316 3978 1391 4038 ita
1413 3986 1471 4038 et
1494 3976 1696 4039 Jesuin
1734 3988 2109 4041 vocaverunt.

464 4063 647 4127 Afl'uit
702 4074 901 4124 autem
962 4065 1115 4138 i,se,
1166 4076 1225 4126 et
1276 4067 1646 4128 vocationem
1702 4085 1818 4127 non
1869 4066 2110 4146 repulit,

457 4152 563 4233 qui
588 4171 703 4214 non
725 4153 985 4234 respexit
1014 4156 1085 4215 ad
1120 4174 1287 4217 suam
1320 4156 1691 4237 dignitatem,
1725 4156 1828 4217 sed
1851 4155 1924 4217 ad
1952 4155 2115 4218 utili-

459 4255 636 4307 tatem
672 4254 729 4307 et
761 4245 1051 4308 beneﬁcia
1082 4258 1306 4311 nostra.
1344 4250 1489 4311 Nam
1522 4249 1622 4329 qui
1665 4269 1778 4310 non
1815 4250 2113 4328 dedigna-

1564 2618 1679 2691 περὶ
1710 2618 1899 2695 σαρκὸς
1934 2620 2017 2671 καὶ
2051 2624 2143 2685 τῆς
2175 2617 2229 2674 ἐν
2259 2620 2336 2693 τῷ
2367 2618 2464 2698 ᾅδῃ
2510 2618 2853 2684 καταϐάσεως
2883 2619 3273 2700 ἑμφιλοχωρεϊ.

2852 2734 3103 2788 ΚΕΦΑΛ.
3154 2736 3192 2783 Β
3222 2776 3235 2789 .

2210 2824 2333 2899 Περὶ
2382 2831 2475 2880 τοὺ
2532 2820 2585 2878 ἐν
2643 2828 2787 2893 Κανᾷ
2844 2821 3039 2897 γάμου.
3116 2822 3238 2899 Περὶ
3314 2826 3419 2876 τῶν
3498 2819 3868 2887 ὶκϐληθέντων

2318 2844 2333 2877 ι
2382 2844 2475 2880 του
2532 2844 2585 2878 εν
2643 2844 2787 2893 ιιανᾳ
2844 2844 3039 2897 γαμου.
3119 2844 3238 2899 υερι
3314 2844 3419 2876 των
3500 2844 3868 2887 momentum

2286 2844 2347 2957 Ξκ
2443 2909 2535 2959 τοῦ
2618 2903 2783 2980 ἱεροῦ,
2897 2902 3017 2980 Περὶ
3100 2909 3215 2975 τοῦ,
3284 2902 3485 2958 Λύσατε
3591 2903 3681 2957 τὸν
3740 2903 3869 2957 ναὸν

2289 3004 2495 3045 τουτον,

2287 3108 2315 3140 ι
2379 3086 2476 3143 Καὶ
2543 3090 2614 3160 τῇ
2684 3084 2855 3163 ἡμέρᾳ
2886 3083 2955 3159 τῇ
3023 3084 3174 3163 τρίτη
3203 3084 3374 3164 γάμος
3406 3085 3617 3163 ἐγένετο
3646 3085 3699 3140 έν
3754 3093 3867 3141 Κα-

2202 3182 2266 3247 νᾷ
2325 3174 2418 3241 τῆς
2504 3172 2809 3241 Γαλιλαίας,
2858 3174 2944 3230 καὶ
2972 3173 3036 3241 ἧν
3066 3175 3101 3242 ἡ
3146 3175 3329 3253 μήτηρ
3370 3183 3464 3233 τοῦ
3495 3170 3673 3240 Ἰησοῦ
3717 3172 3861 3233 inst,

2204 3263 2444 3333 Ἐκλήθη
2501 3261 2554 3318 δὲ
2598 3264 2684 3319 καὶ
2743 3265 2771 3319 ὁ
2843 3260 3073 3342 Ἰησοῦς,
3152 3264 3240 3319 καὶ
3296 3266 3342 3321 οἱ
3415 3263 3650 3337 μαθηταὶ
3704 3264 3868 3321 αὐτοῦ

2208 3356 2281 3417 εἷς
2350 3353 2441 3408 τὸν
2498 3352 2692 3431 γάμον.
2758 3354 2853 3410 Καὶ
2922 3353 3307 3430 ὑστερήσαντος
3378 3352 3550 3412 οἴνου.
3620 3350 3763 3430 λέγει
3826 3355 3863 3422 ἦ

2211 3444 2391 3519 μήτηρ
2458 3449 2551 3498 τοῦ
2610 3439 2784 3508 Ἰησοῦ
2833 3442 2963 3520 πρὸς
3024 3441 3202 3497 αὐτὸν·
3265 3452 3425 3500 Οἶνον
3470 3447 3563 3501 οὐκ
3648 3440 3860 3519 ἔχουσι,

2202 3532 2355 3610 Λέγει
2428 3531 2563 3608 αὖρτῇ
2645 3533 2674 3587 ὁ
2733 3529 2960 3598 Ἰησοῦς·
3051 3532 3111 3588 Τί
3179 3531 3293 3607 ἐμοὶ
3362 3533 3450 3587 καὶ
3482 3534 3585 3611 σοὶ,
3650 3532 3859 3610 γύναι;

2203 3622 2363 3679 Οὔπω
2417 3620 2537 3687 ἥκει
2588 3623 2624 3689 ἡ
2682 3620 2793 3700 ὥρα
2849 3644 2969 3696 μου.
3025 3644 3049 3676 ι
3110 3621 3371 3679 Καλοῦσιν
3427 3623 3499 3685 εἰς
3551 3622 3644 3678 τὸν
3686 3619 3864 3697 γάμον

2194 3712 2286 3768 τὸν
2362 3712 2575 3789 Κύριον,
2651 3711 2755 3791 οὔχ
2800 3714 2873 3775 ὡς
2904 3711 3145 3784 θαύματα
3182 3710 3405 3785 ἰδόντες,
3466 3708 3574 3767 063'
3618 3713 3692 3774 ὡς
3751 3709 3860 3783 μέ-

2195 3824 2295 3879 γαν
2378 3801 2517 3875 τινὰ,
2590 3800 2710 3856 ἀλλ’
2769 3798 2953 3864 ἀπλως
2986 3802 3071 3856 καὶ
3101 3802 3175 3864 ὼς
3221 3800 3514 3880 γνώριμον,
3547 3798 3663 3857 ὅθεν
3702 3806 3863 3856 τοῦτο

2197 3878 2473 3966 σημαίνων
2532 3893 2559 3947 ὁ
2618 3888 3026 3969 εὒαγγελιστής,
3088 3891 3268 3968 φησίν·
3329 3878 3352 3942 ci
3402 3878 3496 3948 1liv
3527 3887 3582 3945 δὲ
3612 3892 3647 3958 ἡ
3677 3891 3864 3967 μήτηρ

2196 3991 2290 4040 τοὺ
2345 3977 2525 4047 ἰησου
2582 3980 2673 4037 καὶ
2745 3982 2793 4037 οἱ
2825 3977 3041 4059 ἀδελφοὶ
3069 3980 3229 4036 αὒτοῦ
3259 3980 3397 4043 ἐκεῖ.
3458 4002 3482 4037 ι
3522 3969 3741 4056 υιὶσπερ
3768 3978 3864 4036 οὗν

2200 4071 2405 4137 ἐκείνην
2466 4072 2555 4126 καὶ
2610 4070 2732 4133 τούς
2810 4068 3092 4149 ἀδελφούς,
3156 4069 3295 4127 οὕτω
3365 4072 3453 4127 καὶ
3523 4071 3613 4127 τὸν
3674 4069 3863 4147 Κύριον

2199 4158 2480 4217 ὶκάλεσαν.
2544 4151 2602 4216 Ὀ
2659 4157 2713 4215 δὲ
2776 4160 2961 4237 Κύριος
3028 4161 3397 4239 παραγίνεται,
3429 4164 3518 4216 καὶ
3548 4161 3643 4217 ούκ
3712 4160 3863 4214 ἀπα-

2201 4250 2305 4316 Ξιωτ
2358 4252 2455 4318 τὴν
2513 4249 2728 4322 κλῆσιν,
2786 4250 2866 4305 ὃτι
2901 4251 2979 4325 μὴ
3025 4252 3096 4314 εἷς
3137 4251 3235 4317 τὴν
3280 4251 3475 4307 οἰκείαν
3507 4248 3653 4316 ἀξίαν
3679 4248 3851 4327 ὶώρα,

456 4344 551 4397 tus
572 4334 712 4396 552
743 4346 831 4397 est
860 4337 991 4398 ﬁeri
1038 4356 1274 4416 servus,
1311 4337 1492 4399 multo
1529 4328 1711 4417 magis
1771 4358 1888 4400 non
1933 4338 2143 4401 dedi»!

2207 4339 2330 4396 ὶλλὰ
2385 4341 2514 4414 προς
2584 4339 2685 4406 τὴν
2741 4337 3002 4418 ὠφέλειαν
3069 4340 3158 4396 καὶ
3207 4340 3505 4419 εὒεργεσίαν
3562 4340 3741 4415 ἡμῶν,
3793 4328 3855 4396 Ὀ

455 4433 666 4502 gnatus
706 4433 796 4487 est
844 4426 1048 4487 venire
1077 4430 1149 4487 ad
1182 4429 1439 4507 nuptias.
1502 4426 1857 4491 Exhortatur
1908 4438 2106 4490 autem

456 4514 621 4576 illum
657 4528 849 4577 mater
869 4528 929 4577 ut
952 4517 1129 4578 faciat
1154 4518 1535 4591 miraculum,
1569 4537 1701 4599 qua:
1731 4538 2001 4597 magnam
2033 4519 2111 4580 de

456 4602 643 4684 ipsius
699 4614 988 4685 potestate
1038 4615 1376 4685 sumpserat
1429 4606 1793 4687 opinionem,
1847 4616 1961 4668 tam
2037 4606 2112 4669 ob

456 4696 1118 4776 conceptionem,quam
1147 4694 1222 4755 ob
1257 4703 1519 4776 partum.
1554 4696 1768 4759 Omnia
1789 4696 1948 4757 enim
1972 4715 2114 4759 cou-

455 4781 728 4844 servabat
757 4783 815 4844 in
845 4784 1024 4845 corde
1044 4802 1154 4845 suo
1174 4782 1250 4859 ⁸⁸,
1271 4794 1330 4846 et
1360 4802 1431 4847 ex
1454 4784 1579 4846 illis
1610 4785 1907 4864 cogitabat
1925 4787 2112 4848 tilium

455 4871 675 4951 aliquid
701 4890 875 4952 posse
899 4890 1082 4954 supra
1112 4874 1445 4937 hominem.
1475 4876 1683 4955 Neque
1726 4877 1887 4937 enim
1925 4887 2115 4938 mater

452 4960 584 5041 ejus
604 4970 664 5022 ut
694 4971 893 5024 oraret
922 4981 1058 5024 eum
1091 4963 1163 5024 ad
1196 4962 1533 5025 faciendum
1568 4964 1811 5046 aliquod
1844 4966 2106 5028 miracu-

455 5049 603 5130 lum,
631 5070 700 5112 ex
731 5051 845 5114 alio
867 5052 1027 5133 quod
1056 5053 1221 5133 prius
1247 5049 1474 5116 viderat
1507 5054 1976 5127 l‘acere,inducta
1998 5064 2109 5118 est.

454 5139 602 5200 Nam
634 5159 767 5202 cum
803 5160 951 5222 puer
990 5150 1168 5216 esset,
1222 5142 1451 5204 nullum
1509 5144 1651 5205 fecit
1702 5143 2056 5205 miraculum
2094 5165 2108 5209 :

456 5228 594 5306 quia
622 5230 670 5290 si
702 5230 967 5311 fecisset,
1000 5241 1172 5294 notus
1202 5230 1414 5294 fuisset
1454 5233 1754 5295 omnibus.
1793 5232 2109 5295 Audiverat

455 5316 594 5378 item
649 5328 836 5383 mater
882 5321 958 5383 de
998 5321 1361 5384 testimoniis
1397 5321 1665 5399 Joannis,
1717 5342 1848 5404 quae
1878 5323 1953 5385 de
1984 5323 2112 5405 ipso

460 5417 586 5467 erat
635 5416 906 5491 testatus,
948 5410 1304 5492 videbatque
1327 5412 1452 5491 jam
1479 5421 1535 5475 et
1557 5412 1887 5493 discipulos
1919 5412 2111 5493 ipsum

539 5567 603 5617 64
632 5568 776 5633 Luc.
814 5587 974 5648 xvm,
1012 5573 1109 5635 19.

2192 4452 2292 4509 γαρ
2376 4431 2454 4505 μη
2514 4427 2819 4493 ἀπαξιώσας
2881 4429 3120 4507 γενέσθαι
3208 4428 3261 4486 ἐν
3341 4428 3573 4503 δούλοις,
3667 4426 3858 4501 πολλῴ

2193 4518 2397 4595 μᾶλλον
2456 4520 2550 4574 οὒκ
2624 4517 2684 4572 ἄν
2742 4517 3042 4584 ἀπηξίωσεν
3098 4519 3169 4580 εἷς
3227 4518 3401 4597 γάμον
3434 4517 3632 4579 ἐλθεῖν,
3668 4522 3856 4593 Παρα-

2196 4606 2353 4664 καλεϊ
2411 4606 2465 4663 δὲ
2536 4609 2689 4665 αὺτὸν
2760 4609 2796 4675 ἡ
2856 4607 3037 4687 μήτηρ
3094 4609 3167 4669 εἷς
3199 4612 3640 4686 θαυματουργιαν,
3674 4607 3853 4684 μεγά-

2196 4696 2297 4765 λην
2357 4698 2473 4776 περὶ
2529 4696 2624 4764 τῆς
2694 4700 2856 4756 αἰ)τοῦ
2912 4693 3185 4772 δυνάμεως
3271 4695 3505 4754 λαὸουσα
3583 4694 3856 4770 ὑπόληψιν

2196 4786 2301 4845 ὰπό
2358 4808 2416 4843 τε
2475 4791 2571 4854 τῆς
2628 4784 2971 4862 συλλήψεως,
3030 4785 3136 4843 ἀπό
3190 4807 3249 4843 τε
3308 4794 3403 4843 τοῦ
3457 4787 3639 4845 τόκου.
3676 4785 3856 4841 Πάντα

2197 4876 2296 4954 γὰρ
2342 4876 2611 4955 συνετήρει
2674 4875 2727 4933 ἓν
2786 4880 2855 4951 τῇ
2906 4873 3090 4954 καρδίᾳ
3151 4877 3340 4948 αὐτῆς,
3400 4876 3487 4932 καὶ
3536 4875 3597 4932 ἐκ
3650 4875 3856 4932 τούτων

2197 4965 2464 5045 ἐλογίζετο
2536 4968 2627 5023 τὸν
2700 4967 2809 5022 υἱὸν
2842 4966 2967 5044 ὅπερ
3000 4964 3272 5045 ἄνθρωπον
3302 4964 3567 5027 δύνασθαι,
3611 4966 3683 5022 Οθ
3752 4965 3857 5042 γὰρ

2197 5054 2262 5125 δη
2314 5055 2419 5113 ἀπὸ
2486 5063 2577 5113 τοὺ
2649 5058 2737 5111 καὶ
2795 5052 2930 5111 ἄλλα
2957 5056 3200 5130 θαύματα
3232 5060 3453 5122 ποιῆσαι
3496 5057 3589 5111 τὸν
3618 5055 3852 5127 ἰησοῦν,

2197 5144 2561 5223 παρακαλέσαι
2623 5144 2777 5200 αὑτὸν
2860 5146 3112 5225 προήχθη
3171 5146 3205 5212 ἡ
3295 5146 3475 5223 μήτηρ
3541 5145 3614 5207 εὶς
3674 5143 3849 5203 τοῦτο.

2200 5242 2335 5296 Παῖς
2395 5236 2494 5313 γὰρ
2549 5234 2645 5313 ὧν,
2707 5230 2852 5291 ὠδὶν
2931 5233 3446 5312 ἐθαυματούργησεν·
3511 5234 3547 5301 ἧ
3632 5235 3731 5312 γὰρ
3790 5232 3855 5287 ἄν

2197 5312 2475 5400 ἐπίσημος
2529 5312 2693 5379 πᾶσιν
2751 5324 2841 5389 ἦν,
2898 5312 3057 5397 "Ap:
3106 5320 3161 5378 δὲ
3218 5325 3253 5391 ἡ
3342 5325 3523 5401 μήτηρ
3606 5324 3692 5379 καὶ
3747 5326 3856 5379 τῶν

2199 5416 2498 5494 μαρτυριῶν
2564 5411 2811 5469 ἰωάννοδ
2874 5412 3169 5487 ἐμέμνητο,
3233 5411 3292 5476 ἅς
3332 5416 3450 5493 περὶ
3494 5415 3649 5470 αὑτοῦ
3678 5412 3853 5489 ἔμαρ-

542 5710 629 5781 (a)
664 5704 819 5768 Edit.
855 5708 993 5769 Lut.
1019 5704 1345 5769 Dominum
1377 5707 1532 5770 vidit
1558 5706 1765 5769 adhuc
1792 5705 1903 5769 sub
1923 5708 2049 5797 ισσο
2066 5718 2479 5779 mam.
