4178 6450
300 375 451 449 1189

1024 376 1470 447 ENABRATIO
1509 372 1585 444 IN
1625 374 2127 447 EVANGELIUM
2174 378 2519 444 JOANNIS.
2565 412 2642 426 -—
2669 372 2834 444 CAP.
2884 375 2958 445 II.

3532 383 3681 449 1190

288 520 535 596 τύρησεν,
598 517 787 577 ἔϐλεπέ
849 539 904 573 τε
956 515 1061 583 ἥδη
1104 517 1192 572 καὶ
1235 516 1478 588 μαθητὰς
1522 518 1663 589 αὒτῷ
1722 511 1951 572 ἀκολου-

2042 519 2444 589 sequentesret
2474 531 2540 573 ex
2583 512 2672 574 his
2698 514 2976 575 omnibus
3005 518 3375 597 conjectabat
3403 519 3676 581 virtutem

289 611 506 672 θοὺντας
540 626 555 640 ·
618 611 704 666 καὶ
761 608 821 664 ἐκ
903 607 1106 663 τούτων
1182 607 1396 662 πάντων
1455 605 1793 680 ἐτεκμαίρετο
1846 604 1945 671 τὴν

292 695 512 772 δύναμιν
554 706 646 756 τοῦ
692 694 906 759 Παιδός.
946 687 1002 752 Ὀ
1028 692 1084 750 δὲ
1128 697 1350 768 επιτιμᾷ
1394 693 1527 769 αὑτῇ
1572 694 1666 749 οὑκ
1708 691 1940 769 ἀλόγως.

297 787 351 842 Ei
394 787 519 865 γὰρ,
566 788 752 866 φησὶν,
798 784 897 841 οὑκ
955 782 1095 839 ἔστιν
1146 782 1323 856 οἶνος,
1365 780 1467 838 ἔδει
1500 782 1683 845 αὑτοὺς
1714 781 1942 843 ἐκείνους

297 876 417 939 τοὺς
471 876 551 949 μὴ
605 875 833 956 ἔχοντας
885 872 1225 953 προσελθεῖν,
1273 875 1361 929 καὶ
1430 871 1673 944 ἀξιῶσαι,
1722 870 1845 950 οὑχὶ
1887 872 1943 927 σὲ

293 965 393 1032 τὴν
456 965 696 1046 Μητέρα.
749 956 809 1022 Ἠ
886 967 987 1043 γὰρ
1058 967 1175 1041 περὶ
1216 968 1324 1019 τῶν
1367 963 1572 1019 οἰκείων
1616 959 1949 1039 παράκλησις

295 1051 590 1110 σκάνδαλον
650 1058 848 1133 γίνεται
905 1067 1026 1117 τοῖς
1084 1056 1276 1131 ὁρῶσιν
1310 1068 1325 1083 ⁶
1389 1051 1515 1108 ὅταν
1574 1048 1628 1107 δὲ
1684 1054 1730 1106 οἱ
1761 1053 1948 1129 χρείαν

292 1142 513 1223 ἔχοντες
565 1146 711 1202 αὑτοὶ
761 1143 1007 1215 δέωνται,
1054 1142 1358 1199 ἀνύποπτον
1406 1142 1468 1199 τὸ
1523 1146 1744 1218 πρᾶγμα
1799 1140 1946 1219 γίνε-

282 1253 397 1294 ται,
461 1234 533 1290 Τὸ
581 1230 660 1312 δὲ,
715 1254 739 1288 ε
799 1232 961 1290 Οὔπω
1002 1230 1122 1299 ἥκει
1165 1232 1201 1299 ἡ
1247 1229 1358 1308 ὥρα
1403 1252 1529 1304 μου,
1569 1253 1591 1284 ο
1629 1231 1811 1309 φησὶν,
1843 1228 1947 1308 οὑχ

286 1324 366 1385 ὡς
423 1322 767 1397 ὑποκείμενος
826 1322 1079 1399 ἀνάγκαις
1135 1320 1359 1395 καιρῶν,
1418 1319 1455 1386 ἢ
1508 1318 1647 1398 ὥρας
1696 1340 1948 1397 παρατη-

291 1411 545 1489 ρούμενος
606 1418 721 1476 πῶς
770 1413 871 1491 γὰρ
929 1413 958 1466 '0
1004 1409 1243 1477 Ποιητὴς
1299 1415 1406 1467 τῶν
1460 1408 1676 1488 χρόνων
1725 1410 1948 1464 καὶτῶν

290 1500 496 1557 αἰώνων
521 1502 565 1582 ς)
603 1499 724 1559 ἀλλ’
755 1500 836 1559 ὅτι
883 1500 1057 1559 πάντα
1096 1501 1231 1575 μετὰ
1274 1505 1367 1556 τοῦ
1410 1504 1597 1572 καιροῦ
1653 1504 1745 1553 τοῦ
1776 1518 1946 1576 προσ-

286 1591 514 1660 ἥκοντος
573 1592 847 1671 ἐργάζεται
933 1588 1083 1647 Ἐπεὶ
1167 1588 1254 1645 οὖν
1335 1586 1531 1655 ἄδηλος
1590 1589 1654 1653 ἦν
1699 1586 1799 1657 ἔτι,
1860 1588 1948 1642 καὶ

290 1675 565 1757 ἄγνωστος
608 1694 730 1743 τοῖς
780 1678 1029 1755 πολλοῖς,
1088 1681 1175 1736 καὶ
1235 1676 1352 1735 οὑδὲ
1382 1678 1501 1739 τοὺς
1534 1678 1776 1752 μαθητὰς
1807 1678 1945 1733 πάν-

290 1790 387 1832 τας
432 1772 612 1849 εἶχεν,
645 1768 764 1826 ἀλλ’
796 1767 912 1829 οὐδὲ
941 1772 987 1825 οἱ
1018 1772 1071 1825 ἓν
1124 1772 1204 1840 τῷ
1232 1766 1390 1844 γάμῳ
1420 1768 1575 1825 αὑτὸν
1606 1764 1893 1843 ἐγίνωσκον
1930 1782 1943 1795 ⁶

2036 599 2187 663 Filii.
2246 602 2311 661 At
2362 602 2464 663 ille
2506 603 2768 684 increpat
2830 623 2984 679 eam,
3034 626 3151 668 non
3204 608 3481 672 absurde.
3533 609 3680 672 Dicit

2030 690 2279 780 enim,St
2317 712 2432 752 non
2466 692 2632 754 adest
2654 692 2876 767 viuum,
2912 706 3140 776 oportet
3170 697 3303 759 illos
3334 699 3516 779 ipsos,
3540 700 3677 780 qui-

2028 775 2138 837 bus
2159 781 2351 859 deest,
2384 781 2673 843 accedere
2704 792 2760 842 et
2793 775 3021 860 rogare,
3078 796 3133 848 et
3167 806 3281 848 nou
3314 775 3372 849 te
3404 775 3676 852 matrem.

2029 863 2173 926 Nam
2208 870 2444 948 quando
2477 871 2781 932 hortantur
2821 890 2853 932 a
2880 873 3597 951 domesticis,scandalum
3619 877 3683 938 lit

2031 954 2390 1048 videntibus.
2419 958 2666 1031 Quando
2688 969 2884 1023 autem
2921 963 2980 1024 hi
3014 974 3220 1042 rogant
3256 966 3357 1046 qui
3387 986 3535 1048 opus
3565 968 3676 1028 ha-
3766 978 3771 981 ‘

2033 1043 2187 1106 bent.
2228 1049 2567 1128 suspicione
2598 1067 2696 1109 res
2726 1050 3206 1114 caret.Caeterum
3239 1043 3679 1129 dicens,«Nou.

2031 1132 2171 1195 dum
2198 1137 2354 1197 venit
2407 1138 2554 1199 hora
2586 1157 2778 1212 mea,»
2809 1159 2923 1201 non
2956 1143 3077 1202 vult
3108 1143 3264 1223 quod
3290 1143 3579 1206 obnoxius
3609 1144 3683 1205 sit

2032 1225 2491 1288 necessitatibus
2518 1231 2979 1308 temporum.vel
3015 1232 3187 1293 horas
3205 1232 3504 1304 observet,
3519 1235 3682 1314 (quo-

2034 1316 2213 1376 modo
2249 1317 2405 1377 enim
2442 1317 2552 1378 hoc
2576 1317 2777 1379 dicere
2804 1336 3113 1398 possemus
3142 1322 3217 1382 de
3252 1321 3497 1384 Factore
3526 1332 3679 1386 tem-

2034 1423 2243 1485 porum
2275 1413 2333 1466 et
2364 1406 2779 1481 saeculorum?)
2812 1408 2913 1469 sed
2969 1408 3123 1488 quod
3171 1411 3372 1472 omnia
3413 1417 3684 1492 tempore

2032 1512 2291 1573 congruo
2322 1505 2620 1576 operetur.
2659 1496 2839 1575 Igitur
2870 1498 3149 1578 quoniam
3196 1500 3391 1561 adhuc
3413 1501 3684 1579 incogni-

2034 1591 2126 1644 tus
2158 1595 2304 1655 erat,
2332 1593 2389 1644 et
2419 1584 2693 1647 occultus
2727 1586 2946 1658 multis,
2967 1597 3025 1648 et
3057 1589 3235 1649 nondi
3268 1608 3321 1649 m
3354 1608 3563 1651 omnes
3578 1591 3681 1650 ha-

2033 1671 2209 1732 bebat
2238 1672 2584 1753 discipulos.
2613 1681 2670 1734 et
2692 1693 2885 1755 neque
2905 1676 2987 1756 hi,
3020 1677 3120 1755 qui
3152 1677 3209 1738 in
3237 1678 3456 1756 nuptiis
3484 1686 3677 1755 erant,

2030 1780 2163 1820 eum
2186 1762 2618 1841 agnoscebant:
2665 1783 2798 1823 nam
2830 1764 3089 1845 alioquin
3116 1767 3228 1846 ipsi
3267 1768 3679 1836 accessissent,

290 1858 327 1925 ἦ
375 1848 583 1938 γὰρᾶν
644 1860 790 1917 αὑτοὶ
833 1856 1132 1934 προσῆλθον
1179 1858 1267 1914 καὶ
1315 1854 1646 1933 παρεκάλουν
1694 1857 1812 1933 περὶ
1859 1864 1954 1913 τοὺ

2042 1860 2096 1913 et
2119 1864 2427 1931 rogassent
2465 1871 2569 1930 pro
2614 1855 2747 1914 vino
2777 1876 2790 1914 :
2818 1856 2952 1934 quia
3000 1856 3124 1916 haec
3149 1858 3345 1917 omnia
3378 1858 3455 1917 ita
3484 1876 3549 1935 se
3575 1860 3677 1917 ha-

291 1944 441 2004 οἴνου
476 1964 490 1977 '
524 1946 639 2005 ἐπεὶ
698 1949 786 2004 οὖν
842 1957 1006 2006 ταῦτα
1048 1945 1218 2001 πάντα
1263 1946 1352 2018 ἦν,
1411 1941 1496 2001 διὰ
1538 1943 1692 2001 τοῦτὸ
1736 1964 1896 2023 φησιν
1934 1961 1946 1972 ’

298 2054 330 2095 (
374 2036 535 2094 Οὔπω
585 2036 701 2104 ἥκει
754 2039 789 2105 ἡ
849 2037 960 2114 ὥρα
1018 2058 1120 2111 μου
1153 2052 1168 2067 ⁸
1220 2056 1245 2091 ν
1301 2033 1599 2113 τουτέστιν,
1656 2031 1952 2103 ἐπιτήδειος

288 2128 474 2205 καιρὸς
506 2128 568 2183 οὑ
608 2127 886 2202 πάρεστιν.
943 2123 1092 2182 Ἀλλ’
1126 2122 1201 2181 ἔτι
1253 2123 1521 2181 ἐνίσταται
1554 2126 1587 2192 ἡ
1630 2126 1724 2180 τοὺ
1750 2121 1957 2201 Ἀρείου

290 2215 476 2287 λύττα,
538 2214 710 2282 δεῖξαι
798 2214 1106 2294 πειρωμένη
1177 2216 1267 2272 τὸν
1330 2214 1518 2293 Κύριον
1606 2214 1955 2288 ὑποκείμενον

290 2303 455 2381 ὥραις
525 2306 615 2361 καὶ
680 2316 913 2383 καιροῖς.
1000 2304 1239 2360 Μάνθανε
1311 2302 1506 2381 τοίνυν,
1566 2303 1611 2359 ὦ
1664 2304 1952 2382 κατάρατε,

294 2395 371 2458 ὡς
417 2394 461 2449 εἰ
518 2394 763 2452 ὑπέκειτο
819 2394 1004 2472 ὥραις,
1065 2395 1181 2455 πῶς
1239 2390 1434 2449 λοιπὸν
1479 2391 1697 2459 ἐποίησε
1735 2394 1795 2448 τὸ
1823 2396 1953 2449 θαῦ-

295 2503 427 2559 μας
483 2481 647 2540 ’Ἔδει
691 2484 815 2563 γὰρ,
861 2484 997 2539 κατὰ
1053 2484 1144 2538 τὸν
1195 2484 1289 2537 σὸν
1331 2479 1513 2561 λόγον,
1563 2480 1674 2538 ἐπεὶ
1722 2480 1953 2539 δουλεύει

295 2570 460 2651 ὥραις
520 2573 606 2628 καὶ
664 2586 903 2650 καιροῖς,
962 2571 1112 2629 οὔπω
1165 2569 1221 2627 δὲ
1272 2570 1402 2638 ἧκεο
1444 2573 1478 2638 ἡ
1510 2572 1621 2641 ὥρα
1662 2575 1842 2651 αὑτοῦ,
1876 2575 1954 2647 μὴ

295 2658 581 2729 δυνηθῆναι
636 2663 1107 2741 θαυματουργῆσαι
1143 2677 1157 2692 ⁸
1220 2659 1359 2717 ἀλλὰ
1423 2662 1532 2737 μὴν
1593 2661 1953 2740 ὲθαυμκτούρ-

300 2771 469 2830 γησεν
504 2770 519 2784 ·
581 2752 677 2809 οὑκ
747 2750 846 2831 ἄρα
898 2750 1132 2809 δουλεύει
1175 2750 1361 2829 ὥραις.
1419 2750 1557 2826 ’Ὅρα
1599 2746 1655 2805 δέ
1698 2772 1789 2825 μοι
1838 2758 1953 2814 πῶς

300 2841 397 2899 οὑκ
454 2838 583 2919 ἄχρι
646 2839 856 2915 τέλους,
941 2837 1059 2900 οὑδὲ
1121 2836 1203 2898 διὰ
1284 2840 1498 2896 πάντων
1556 2839 1827 2896 ἀντιτείνει
1882 2848 1951 2918 τῇ

294 2928 470 3007 Μητρί
500 2945 518 2961 ⁸
574 2926 693 2985 ἀλλ’
738 2928 1034 2999 ἐπιπλήξας
1091 2929 1301 3007 μικρὸν,
1369 2929 1530 2987 πάλιν
1577 2929 1675 2996 τὴν
1734 2928 1952 2995 ἀξίωσιν

289 3015 460 3085 αὑτῆς
513 3015 743 3099 πληροῖ,
804 3019 975 3094 τιμῶν
1033 3018 1221 3092 αὐτὴν,
1272 3021 1359 3075 καὶ
1387 3019 1526 3095 ἡμῖν
1552 3019 1749 3083 τύπους
1780 3016 1950 3085 διδοὺς

287 3108 392 3176 τῆς
436 3106 572 3187 πρὲς
598 3109 851 3173 τεκόντας
882 3106 1078 3171 αἰδοῦς.

2039 1940 2261 2002 hebant
2293 1963 2305 2003 :
2344 1966 2369 1995 α
2400 1943 2707 2015 Nondum,
2730 1943 2944 2025 inquit,
2974 1945 3130 2006 venit
3157 1947 3303 2007 hora
3328 1964 3482 2021 mea,
3525 1971 3543 2002 ο
3574 1947 3685 2009 hoc

2038 2039 2151 2110 est,
2184 2040 2582 2110 opportunqu
2640 2041 2873 2112 tempus
2926 2034 3190 2095 nondum
3245 2035 3433 2098 adest.
3474 2042 3547 2099 At
3591 2036 3684 2097 hic

2037 2121 2233 2182 adhuc
2265 2135 2430 2198 urget
2460 2121 2586 2182 Arii
2618 2121 2802 2194 furor,
2839 2125 2937 2202 qui
2976 2133 3305 2184 monstrare
3335 2123 3539 2186 nititur
3568 2124 3684 2186 Do-

2040 2211 2264 2270 minum
2302 2210 2464 2270 horis
2483 2222 2535 2270 et
2565 2211 2929 2291 temporibus
2958 2211 3469 2275 subditum.Disce
3490 2214 3685 2293 igitur,

2039 2320 2072 2359 0
2119 2300 2455 2373 maledicte,
2494 2299 2651 2380 quod
2685 2299 2736 2360 si
2767 2300 2977 2361 fuisset
3027 2303 3192 2363 horis
3237 2311 3294 2363 et
3322 2303 3687 2384 temporibus

2038 2387 2356 2468 subjectus.
2394 2388 2690 2468 quomodo
2736 2398 2938 2468 postea
2998 2391 3236 2451 fecisset
3290 2391 3689 2455 miraculum?

2038 2476 2900 2558 Oportebatenim,secundum
2926 2498 3269 2541 sermonem
3295 2489 3483 2555 tuum,
3507 2501 3688 2562 quan-

2038 2567 2357 2648 doquidem
2411 2567 2670 2643 serviret
2715 2568 2880 2629 horis
2909 2578 2967 2629 et
2999 2568 3388 2649 temporibus,
3426 2571 3686 2632 nondum

2039 2667 2234 2717 autem
2260 2658 2512 2719 venisset
2547 2658 2693 2719 hora
2725 2659 2879 2738 ejus,
2916 2666 2978 2719 ut
3024 2677 3139 2721 non
3174 2669 3371 2740 posset
3410 2662 3691 2722 miracula

2038 2746 2233 2808 facere
2269 2768 2281 2810 :
2317 2748 2420 2807 sed
2448 2748 2797 2809 miraculum
2831 2748 3007 2812 fecit:
3041 2768 3157 2810 non
3179 2749 3359 2828 igitur
3378 2751 3558 2813 servit
3589 2752 3692 2812 ho-

2035 2835 2136 2896 ris.
2181 2836 2325 2897 Vide
2357 2846 2579 2907 autem,
2607 2856 2735 2918 oro,
2771 2840 3072 2918 quc-modo
3111 2856 3224 2901 non
3260 2857 3448 2917 usque
3496 2840 3572 2901 ad
3616 2842 3687 2901 ﬁ-

2037 2944 2199 2999 nem,
2234 2945 2427 3007 neque
2458 2945 2566 3006 per
2586 2928 2787 2988 omnia
2815 2928 3038 2989 resistit
3068 2928 3375 3000 matri,sed
3401 2948 3533 2989 cum
3559 2948 3689 2990 eam

2035 3033 2239 3093 parum
2275 3011 2739 3097 perstrinxisset,
2779 3018 2994 3078 iterum
3040 3036 3249 3098 preces
3293 3019 3425 3098 ejus
3454 3018 3686 3100 implet,

2033 3103 2334 3168 honorans
2385 3107 2573 3189 illam,
2609 3117 2667 3169 et
2713 3107 2885 3168 nobis
2915 3108 3014 3169 dat
3053 3108 3303 3169 formam
3336 3108 3689 3170 reverentius

1975 3220 2016 3270 α
2042 3213 2182 3275 erga
2208 3206 2505 3277 parentes.

388 3308 412 3343 ο
447 3286 602 3366 Λέγει
632 3288 669 3357 ἡ
713 3289 906 3368 Μήτηρ
952 3288 1112 3368 αὑτοὺ
1157 3302 1276 3352 τοῖς
1327 3287 1589 3350 διακόνοις
1626 3304 1640 3318 ⁸
1705 3279 1738 3315 ”
1750 3298 1841 3345 Οτι
1902 3289 1964 3346 ἂν

304 3376 440 3457 λέγῃ
496 3378 649 3457 ὑμῖν,
708 3366 992 3448 ποιήσατε.
1066 3366 1234 3435 Ἠσαν
1304 3378 1359 3433 δὲ
1397 3377 1514 3434 ἐκεῖ
1556 3376 1719 3458 ὑδρίαι
1774 3377 1962 3437 λίθιναι

303 3467 358 3533 ἓξ
409 3467 647 3544 κείμεναι
705 3469 842 3527 κατᾶ
910 3469 1003 3526 τὸν
1090 3469 1416 3549 καθαρισμὸν
1500 3472 1607 3524 τῶν
1669 3467 1961 3552 Ἰουδαίων,

300 3563 577 3637 χωροῦσαι
632 3556 732 3615 ἂινᾶ
789 3560 1058 3637 μετρητὰς
1101 3557 1190 3615 δύο
1232 3558 1269 3626 ἢ
1329 3570 1501 3637 τρεῖς.
1560 3556 1717 3636 Λέγει
1776 3558 1962 3623 αὑτοῖς

301 3649 332 3703 ὁ
390 3645 600 3714 Ἰησοῦς
634 3662 649 3677 ·
709 3648 970 3723 Γεμίσατε
1031 3649 1125 3714 τὰς
1181 3646 1355 3725 ὑδρίας
1411 3645 1621 3707 ὕδατος.
1685 3648 1782 3705 Καὶ
1835 3646 1961 3725 ἐγέ-

297 3757 463 3812 μισαν
506 3736 667 3802 αὑτὰς
728 3736 828 3801 ἕως
872 3736 1004 3801 ἅνω.
1068 3738 1165 3797 Καὶ
1221 3737 1366 3817 λέγει
1430 3739 1613 3799 αὑτοῖς
1644 3752 1659 3767 ⁶
1722 3735 1961 3808 Ἀντλή-

296 3844 425 3881 σατε
456 3828 570 3901 νῦν,
601 3825 692 3883 καὶ
720 3824 905 3906 φέρετε
947 3833 1026 3902 τῷ
1057 3825 1464 3907 ἀρχιτρικλίνῳ.
1496 3828 1593 3884 Καὶ
1626 3825 1877 3903 ἤνεγκαν·
1930 3850 1956 3882 ι)

293 3923 427 3979 Τοῖς
473 3911 739 3980 διακόνοις
760 3914 914 4009 Δλέγει
945 3918 1204 4009 ἠλΜῇτηρ
1231 3938 1245 3953 ·
1285 3941 1314 3973 α
1459 3938 1516 3973 τι
1549 3914 1611 3971 ἂν
1641 3913 1779 4009 λέγη
1806 3918 1959 4009 ὑμῖν,

291 4005 556 4075 ποιήσατε
589 4023 603 4038 ⁸
646 4027 671 4063 ι
733 4004 872 4064 ὥστε
953 4004 1172 4064 πλείονα
1250 4006 1491 4085 γενέσθαι
1563 4012 1662 4072 την
1718 4004 1964 4088 αἴτησιν,

296 4092 707 4172 προσελθόντων
751 4096 926 4154 αὑτῶν
962 4098 1051 4153 καὶ
1095 4095 1470 4172 αἰτησαμένων
1502 4110 1516 4123 ·
1573 4095 1647 4157 ὡς
1704 4092 1765 4151 ἂν
1806 4093 1966 4176 δειχ-

299 4185 395 4259 θῇ,
454 4180 536 4240 ὅτι
590 4187 687 4243 οὑκ
727 4187 997 4250 ἀσθενείας
1040 4186 1107 4254 ἦν
1152 4184 1190 4253 ἡ
1221 4184 1562 4264 παραίτησις,
1597 4182 1735 4240 ἀλλὰ
1765 4192 1858 4243 τοῦ
1890 4187 1967 4262 μὴ

305 4268 452 4337 δόξαι
510 4271 816 4355 ἑπιτρέχειν
894 4288 1019 4339 ταῖς
1085 4274 1526 4355 θαυματουργίαις
1597 4270 1681 4329 διὰ
1753 4272 1968 4341 ἔνδειξιν

301 4362 396 4417 καὶ
438 4363 592 4420 κενὸν
636 4366 820 4444 τύφον,
868 4366 931 4422 Αἱ
961 4362 1014 4421 δὲ
1068 4363 1232 4443 ὑδρίαι
1282 4366 1334 4421 αἱ
1388 4362 1604 4441 λίθιναι,
1639 4364 1711 4428 είς
1743 4365 1835 4420 τὸν
1864 4388 1968 4423 κα-

304 4452 563 4529 θαρισμὸν
612 4459 721 4511 τῶν
778 4451 1044 4511 Ἰουδαίων
1100 4454 1489 4535 ἐχρημάτιζον,
1550 4455 1609 4511 Oi
1666 4454 1767 4534 γὰρ
1824 4454 1967 4512 Ἰου-

300 4536 448 4597 δαῖοι
506 4540 625 4599 καθ’
682 4543 913 4611 ἑκάστην
973 4541 1166 4623 σχεδὸν
1227 4541 1616 4618 ὰπεπλύνοντο,
1666 4546 1753 4600 καὶ
1798 4543 1965 4609 οὕτως

297 4627 484 4698 ἤσθιον
520 4652 536 4669 ⁸

294 4719 609 4796 ὡμίλησαν,
673 4725 747 4787 ὡς
804 4723 1091 4803 ἀκάθαρτοι
1150 4722 1343 4781 λοιπὸν
1399 4720 1550 4787 ὄντες
1615 4720 1960 4785 ἆπελοόοντο.

298 4810 639 4881 Ἐπεὶοῦνὴ
684 4812 1013 4881 Παλαιστίνη
1046 4811 1263 4893 ἄνυδρος
1306 4813 1397 4894 ἧν,
1443 4814 1535 4869 καὶ
1576 4817 1671 4870 οἷκ
1710 4812 1777 4880 ἧν
1828 4814 1967 4870 πολ-

297 4899 484 4980 λαχοῦ
540 4903 722 4980 πηγὰς
802 4904 1086 4983 εὑρίσκειν,
1146 4900 1412 4981 ἐπλήρουν
1488 4901 1568 4957 ἀεὶ
1644 4903 1756 4966 τὰς
1796 4900 1972 4981 ὑδρίας

301 4986 521 5065 ὕδατος,
567 4990 704 5049 ὥστε
756 4993 835 5068 μὴ
877 4991 1094 5072 τρέχειν
1147 4993 1220 5057 εἷς
1266 4992 1568 5067 ποταμοὺς,
1616 4988 1803 5047 εἴποτε
1835 4990 1964 5048 ἀκά-

304 5083 491 5158 θαρτοι
551 5080 821 5160 γένοιντο.
886 5083 993 5139 Οὑκ
1036 5081 1220 5147 ἁπλῶς
1275 5084 1363 5139 οὗν
1408 5081 1588 5161 εἶπεν,
1636 5078 1718 5137 ὅτι
1778 5104 1805 5136 ι(
1839 5083 1975 5138 κατᾶ

300 5171 405 5226 τὸν
459 5173 787 5249 καθαρισμὸν
840 5178 946 5228 τῶν
1005 5170 1272 5229 Ἰουδαίων
1303 5188 1320 5205 ⁸
1375 5194 1399 5228 υ
1436 5169 1558 5226 ἀλλ’
1602 5170 1694 5227 ’ίνα
1726 5172 1802 5247 μή
1831 5192 1970 5235 τινες

298 5262 415 5316 τῶν
472 5259 709 5316 ἀπίστων
764 5260 1190 5337 ὑποπτεύσωσιν,
1252 5258 1332 5317 ὅτι
1389 5260 1574 5339 τρυγία
1627 5279 1709 5322 οις
1742 5259 1811 5326 ἧν
1842 5258 1970 5317 ἔνα-

294 5349 628 5429 πομείνασα,
691 5353 811 5405 εἶτα
863 5356 957 5407 τοῦ
998 5348 1185 5415 ὕδατος
1231 5346 1609 5416 ἐπιϐληθέντος
1659 5351 1748 5405 καὶ
1804 5371 1969 5427 κερα-

294 5438 545 5511 σθέντος,
611 5438 764 5502 οῖνος
839 5438 1166 5507 λεπτότατος
1236 5439 1449 5521 γέγονε,
1519 5437 1801 5521 δείκνυσιν,
1886 5437 1966 5496 ὅτι

295 5526 558 5587 οὐδέποτε
616 5526 798 5586 ἐκεῖνα
841 5531 1126 5609 γεγόνασιν
1157 5517 1557 5611 θ’ίνου-δοχετα.
1593 5517 1707 5608 Ἆρ’
1758 5517 1847 5584 οὑν
1876 5530 1970 5585 οὑκ

296 5616 535 5685 ἠδύνατο
575 5620 663 5677 καὶ
714 5621 887 5700 χωρὶς
940 5618 1035 5677 τοῦ
1089 5624 1407 5699 γεμισθῆναι
1459 5620 1553 5684 τὰς
1602 5615 1780 5698 ὑδρίας
1836 5616 1969 5675 ὕδα-

304 5730 428 5785 τος,
477 5707 863 5789 δημιουρ-ὠτία
950 5704 1099 5766 οἶνον
1188 5709 1255 5776 ἐξ
1308 5708 1400 5767 οὑκ
1454 5707 1668 5781 ὅντων;
1714 5704 1973 5764 ’Βδύνατο

2133 3287 2307 3346 Vens.
2338 3287 2473 3349 5-8.
2508 3310 2535 3344 ι
2570 3286 2725 3347 Dicit
2747 3285 2931 3350 Mater
2952 3289 3081 3366 ejus
3115 3287 3401 3349 ministris
3436 3308 3451 3349 :
3483 3288 3689 3362 Quod-

2046 3393 2279 3456 cunque
2306 3375 2519 3437 dixerit
2541 3375 3123 3451 vobis,facite.Erant
3145 3384 3344 3440 autem
3369 3378 3450 3439 ibi
3474 3378 3696 3459 hydria

2045 3463 2296 3545 lapidem
2323 3483 2426 3526 sex
2447 3465 2651 3545 positze
2667 3466 2997 3528 secundum
3027 3466 3697 3546 puriticationemludaa-

2046 3572 2241 3628 orum,
2269 3555 2571 3635 capientes
2594 3555 2845 3634 singula:
2877 3565 3155 3617 metretas
3179 3556 3349 3618 binas
3372 3576 3440 3618 ac
3465 3566 3692 3623 ternas.

2044 3642 2195 3705 Dicit
2227 3646 2311 3706 eis
2327 3647 2498 3708 Jesus
2534 3668 2547 3705 :
2591 3645 2843 3726 lmplete
2876 3644 3112 3726 hydrias
3140 3664 3313 3725 aqua.
3371 3646 3440 3708 Et
3478 3646 3693 3727 imple-

2049 3743 2259 3797 verunt
2292 3754 2391 3796 eas
2415 3754 2601 3816 usque
2629 3738 2699 3797 ad
2727 3754 3051 3796 summum.
3108 3736 3179 3797 Et
3207 3736 3348 3797 dicit
3378 3736 3505 3798 eis:
3535 3736 3695 3798 Hau—

2046 3823 2158 3885 rite
2191 3844 2371 3898 nunc,
2428 3835 2486 3887 et
2542 3826 2691 3887 ferte
2738 3824 3152 3887 architriclino
3190 3842 3203 3885 :
3240 3837 3301 3887 et
3349 3826 3632 3888 tulerunt.
3662 3852 3689 3881 n

2049 3912 2331 3975 Ministris
2381 3913 2526 3975 dicit
2571 3918 2794 3976 Mater:
2838 3940 2863 3969 α
2912 3912 3210 3995 Quidquid
3244 3914 3461 3976 dixerit
3512 3914 3695 3991 vobis,

2051 4001 2248 4066 facite.
2315 4029 2341 4060 ιο
2394 4005 2582 4085 Atque
2642 4004 2722 4065 ita
2779 4022 2912 4066 cum
2971 4004 3157 4083 major
3217 4005 3387 4066 ﬁeret
3448 4007 3697 4084 petitio.

2053 4110 2308 4172 cumque
2365 4093 2757 4155 accessissent
2815 4105 2874 4155 et
2935 4092 3041 4173 illi,
3100 4110 3169 4153 ac
3239 4094 3585 4175 petissent:
3640 4103 3704 4157 ut

2052 4191 2417 4243 monstretur
2446 4182 2602 4263 quod
2656 4201 2772 4244 non
2812 4182 3178 4245 inﬁrmitatis
3228 4183 3407 4245 fuerit
3435 4184 3695 4264 repulsa,

2048 4272 2150 4332 sed
2186 4290 2261 4333 ne
2289 4272 2589 4335 videretur
2630 4289 2947 4333 accurrere
2994 4279 3052 4333 et
3100 4271 3379 4334 festinare
3406 4273 3478 4333 ad
3513 4274 3695 4336 mira-

2049 4361 2319 4422 culorum
2347 4361 2751 4439 operationem
2787 4368 3029 4441 propter
3079 4361 3532 4423 ostentationem
3557 4362 3701 4425 533

2048 4458 2105 4510 et
2135 4468 2342 4511 vanam
2366 4450 2641 4530 gloriam.
2678 4449 2952 4529 Lapidem
2994 4456 3192 4511 autem
3232 4449 3455 4529 hydriaa
3481 4452 3553 4512 ad
3582 4471 3696 4533 pu-

2049 4540 2440 4600 rificationem
2473 4538 2811 4600 Judaiorum
2838 4541 3110 4600 aderant.
3141 4537 3330 4601 Judzei
3364 4541 3525 4600 enim
3578 4542 3697 4602 fer-

596 4632 742 4713 οἷον,
778 4635 821 4690 εί
877 4634 1074 4712 λεπροῦ
1104 4631 1335 4713 ἥψαντο,
1374 4633 1418 4688 εί
1447 4640 1655 4709 νεκροῦ,
1690 4635 1734 4689 εἷ
1762 4631 1957 4711 γυναικῖ

2053 4646 2147 4690 me
2169 4628 2417 4706 singulis
2443 4628 2605 4689 boris
2633 4627 3048 4701 abluebantur,
3084 4637 3142 4688 et
3161 4629 3248 4689 sic
3281 4629 3693 4712 comedebant;

2054 4726 2118 4780 ut
2144 4718 2192 4778 si
2218 4719 2547 4797 tetigissent
2594 4719 2918 4797 leprosum,
2953 4718 3044 4778 vel
3077 4726 3398 4795 mortuum,
3451 4720 3540 4781 vel
3570 4738 3697 4783 rem

2054 4806 2402 4870 habuissent
2447 4826 2582 4871 cum
2641 4806 2916 4879 muliere,
2955 4824 3019 4868 se
3054 4806 3347 4880 lavabant,
3377 4810 3542 4889 quasi
3584 4811 3699 4871 im-

2056 4896 2261 4959 mundi
2290 4898 2502 4959 forent.
2540 4896 2762 4958 Etcum
2797 4896 3106 4959 Palaestina
3126 4896 3417 4976 inaquosa
3445 4898 3544 4977 sit,
3593 4916 3704 4961 nec

2058 4987 2278 5068 ubique
2309 4987 2694 5049 inveniantur
2722 4986 2934 5059 fontes,
2960 4984 3291 5066 implebant
3322 5004 3564 5068 semper
3591 4988 3702 5067 hy-

2058 5078 2217 5138 drias
2236 5096 2410 5158 aqua,
2442 5085 2505 5137 ut
2522 5095 2640 5137 non
2663 5084 2977 5139 currerent
3000 5077 3072 5137 ad
3098 5075 3365 5155 ﬂumina,
3393 5076 3442 5137 si
3464 5080 3702 5158 quando

2059 5167 2351 5228 immundi
2376 5164 2742 5228 tierent.Non
2782 5175 3006 5227 temere
3026 5164 3204 5243 igitur
3236 5164 3401 5226 dixit:
3448 5186 3702 5229 usecun-

2053 5256 2194 5318 dum
2221 5257 2693 5338 puriﬁcationem
2718 5252 3242 5318 Iudaeorum-Sed
3265 5272 3341 5315 ne
3375 5255 3703 5319 inﬁdelium

2053 5346 2294 5427 quidam
2317 5345 2765 5425 suspicarentur
2788 5344 2945 5424 quod
2981 5343 3342 5406 mansissent
3372 5344 3432 5404 in
3456 5362 3525 5406 ea
3546 5344 3704 5407 facis

2051 5434 2319 5517 quaedam
2334 5433 2679 5515 reliquisset
2694 5433 2833 5494 dein
2846 5451 2999 5514 aqua
3015 5432 3209 5494 infusa
3221 5440 3281 5494 et
3296 5432 3701 5510 mista,vinum

2057 5524 2277 5587 deinde
2296 5523 2709 5586 tenuissimum
2734 5521 2951 5585 factum
2982 5522 3352 5604 sit,ostendit
3381 5524 3541 5605 quod
3560 5543 3706 5588 nun-

2054 5632 2232 5698 quam
2263 5611 2366 5676 illa
2390 5611 2611 5676 fuerint
2634 5610 2755 5674 vini
2784 5609 3184 5694 receptacula.
3241 5615 3395 5695 .Iam,
3427 5633 3569 5677 num
3601 5633 3704 5697 p0-

2056 5703 2165 5768 tuit
2219 5702 2392 5763 etiam
2454 5700 2675 5782 absque
2727 5719 2797 5762 eo
2839 5700 2993 5783 quod
3038 5700 3435 5782 implerentur
3481 5702 3705 5789 hydris;
