4178 6408
567 363 726 430 1195
1540 364 2140 429 THEOPHYLACTI
2185 365 2201 426 l

2290 361 2593 426 LGARLE
2637 359 2996 426 ARCHIEP.
3796 361 3934 425 1196

566 498 692 563 ιω
728 519 742 566 :
778 519 914 562 nam
947 520 1079 562 cum
1115 501 1284 582 plura
1313 500 1397 562 ibi
1426 500 1634 562 fecerit
1656 503 1842 580 signa,
1879 500 1991 562 hoc
2021 508 2201 563 tamer

2305 498 2542 572 σημείων
2602 497 2761 578 αὕτη,
2814 496 2933 554 ἄλλ’
2981 499 3104 578 οὒχὶ
3134 498 3371 578 πάντων,
3418 496 3552 553 ἀλλὰ
3596 503 3699 552 τῶν
3732 496 3783 552 ἐν
3813 503 3941 570 Κανᾷ

567 591 826 671 primum
857 590 988 653 fuit.
1029 591 1103 653 Et
1125 591 1250 653 haec
1280 591 1525 672 quidem
1553 590 1637 652 illi
1663 590 1920 652 dixerint
1949 611 1962 653 :
1989 609 2098 652 nos
2121 609 2194 651 au

2303 589 2401 657 τῆς
2462 587 2766 652 Γαλιλαίας.
2835 589 3066 666 Διάφορα
3127 588 3249 667 γὰρ,
3309 589 3486 667 φησὶν,
3519 587 3759 661 θαύματα
3787 589 3939 655 ποιῆ-

569 687 687 740 tem
720 679 990 761 quamvis
1043 679 1226 741 multa
1269 679 1598 742 habeamus
1641 680 1714 741 ad
1770 680 2201 742 monstrandun

2305 701 2492 741 σαντος
2546 679 2600 735 ἐν
2673 684 2837 751 Κανᾷ,
2914 678 3048 745 αὕτη
3107 678 3244 734 ἐστὶν
3294 680 3327 745 ἦ
3385 678 3550 756 ἀρχή.
3619 679 3788 733 Ταῦτα
3855 677 3940 750 μὲν

566 769 725 850 quod
776 768 1010 831 initium
1060 769 1234 831 fuerit
1295 769 1560 830 omnium
1612 769 1916 850 signorum
1975 770 2201 842 (etenin

2303 767 2450 824 εἴποι
2494 790 2574 832 τις
2607 767 2668 824 ἂν
2705 785 2718 798 ⁸
2766 771 2928 845 ἡμεῖς
2971 766 3050 842 δὲ,
3085 769 3252 823 καίτοι
3286 765 3458 822 πολλὰ
3490 764 3706 844 ἔχοντες
3739 766 3860 842 πρὸς
3886 767 3940 820 τὸ

564 876 701 920 cum
735 858 902 939 dicit,
941 885 960 916 ε
1000 858 1388 922 Manifestavit
1414 858 1662 938 gloriam
1695 878 1884 936 suam,
1927 867 1986 921 et
2015 858 2201 920 credi-

2302 855 2493 936 δεῖξαι,
2555 855 2636 913 ὅτι
2690 859 2777 913 καὶ
2856 862 3069 914 πάντων
3155 863 3261 912 τῶν
3324 856 3559 929 σημείων
3619 855 3758 910 ἔστὶν
3811 856 3939 932 ἀρχὴ

563 948 782 1011 derunt
804 949 865 1010 in
897 967 1032 1011 eum
1058 948 1336 1030 discipuli
1367 950 1520 1030 ejus,
1560 977 1584 1005 ι
1623 950 1847 1011 indicat
1893 949 2051 1030 quod
2083 959 2201 1010 ante

2307 946 2418 1026 (καὶ
2461 949 2561 1026 γὰρ
2617 949 2703 1028 τὸ,
2757 971 2780 1002 α
2850 946 3184 1028 Ἐφανέρωσε
3251 947 3350 1013 τὴν
3407 943 3555 1009 δόξαν
3639 944 3813 1015 αὒτοῦ,
3866 939 3940 998 καὶ

564 1037 678 1100 hoc
700 1058 819 1100 non
848 1039 1057 1101 fecerit
1079 1039 1430 1100 miraculum
1463 1039 1650 1114 aliud,
1680 1039 1753 1100 ab
1777 1039 1876 1100 illo
1911 1039 2070 1100 enim
2102 1057 2195 1099 ma

2303 1037 2363 1091 τὸ
2412 1059 2440 1090 α
2491 1037 2833 1093 Ἐπίστευσαν
2914 1038 2986 1100 εἷς
3066 1037 3222 1094 αὐτὸν
3280 1036 3327 1090 οἱ
3400 1032 3636 1109 μαθηταί
3699 1036 3866 1110 arb-:05,
3915 1054 3934 1085 ι

566 1126 863 1190 nifestavit
889 1128 1133 1207 gloriam
1166 1145 1378 1203 suam},
1407 1137 1669 1191 attamen
1700 1146 1819 1190 non
1853 1126 2201 1208 disceptabi-

2303 1123 2678 1206 ἐνδείκνυνται,
2766 1125 2849 1182 ὄτι
2939 1126 3117 1204 ἕτερον
3195 1126 3295 1199 πρὸ
3376 1125 3558 1182 τούτου
3626 1126 3797 1197 θαῦμα
3859 1120 3939 1177 οὒκ

569 1235 722 1293 mus,
779 1218 902 1280 sive
959 1218 1070 1280 hoc
1101 1217 1226 1280 sive
1255 1218 1415 1280 aliud
1462 1218 1640 1281 fuerit
1687 1221 1871 1300 prius.
1907 1218 2201 1292 Quomodc

2299 1215 2550 1282 ἐποίησεν
2586 1232 2598 1244 ·
2681 1213 2772 1271 ἀπ’
2853 1215 3050 1272 ἐκέίνου
3125 1215 3223 1292 γὰρ
3293 1211 3588 1293 ἐφανέρωσε
3641 1215 3738 1280 τήν
3805 1209 3937 1274 δόξαν

566 1316 762 1369 autem
797 1306 1192 1369 manifestavit
1220 1306 1464 1387 gloriam
1498 1326 1663 1368 suam
1689 1305 1719 1364 ε)
1765 1308 1895 1370 Νοη
1924 1306 2092 1368 multi
2123 1307 2201 1367 in-

2304 1304 2503 1384 αὐτοῦ),
2564 1305 2712 1381 ὅμως
2772 1310 2831 1366 οὔ
2888 1303 3258 1384 διαφερόμεθα,
3308 1303 3420 1359 εἴτε
3469 1309 3622 1359 τοῦτο
3678 1301 3932 1380 πρότερον,

565 1397 921 1470 terfuerunt,
951 1415 1147 1477 neque
1177 1415 1376 1458 coram
1407 1397 1622 1478 populo
1672 1397 1777 1458 fuit
1809 1397 2052 1460 factum.
2091 1400 2201 1460 Ve-

2302 1392 2414 1450 εἴτε
2469 1394 2647 1474 ἕτερον
2693 1396 2904 1474 γέγονε,
2965 1395 3083 1457 Πῶς
3116 1392 3168 1449 δὲ
3217 1392 3315 1472 ἄρα
3347 1393 3647 1472 ἐφανέρωσε
3678 1393 3771 1459 τὴν
3804 1389 3936 1453 δόξαν

562 1504 698 1548 rum
730 1485 971 1567 quidem
1006 1505 1125 1547 non
1159 1496 1322 1559 tunc,
1358 1486 1462 1548 sed
1488 1495 1693 1568 postea
1722 1487 2070 1548 miraculum
2105 1486 2201 1548 h0t

2304 1483 2509 1564 αὑτοῦ;
2573 1482 2698 1544 Οὐδὲ
2770 1487 2870 1563 γὰρ
2927 1483 3116 1542 πολλοὶ
3174 1497 3472 1562 προσεῖχον
3524 1489 3601 1556 τῷ
3663 1481 3931 1558 γενομένῳ,

566 1575 825 1638 audituri
856 1587 1028 1638 erant
1056 1594 1292 1650 omnes,
1327 1575 1486 1639 unde
1529 1595 1716 1655 usque
1775 1578 1833 1639 iu
1865 1576 2023 1640 hunc
2058 1576 2201 1638 dien

2304 1570 2420 1629 οὐδὲ
2480 1574 2708 1630 ὶνώπιον
2765 1573 2936 1647 δήμου
2991 1575 3230 1652 γέγονεν.
3286 1572 3436 1630 Ἀλλ’
3494 1575 3537 1628 εἷ
3583 1572 3769 1646 καὶμὴ
3808 1571 3931 1634 τότε,

569 1663 924 1741 celebratur,
972 1673 1032 1728 et
1071 1665 1130 1726 in
1181 1666 1416 1728 occulto
1455 1684 1574 1728 non
1599 1674 1710 1728 est.
1739 1665 1904 1740 Quod
1934 1675 2128 1729 autem
2163 1685 2195 1728 e

2304 1659 2425 1717 ἀλλ’
2479 1662 2694 1742 ὕστερον
2738 1662 2964 1739 ἔμελλον
3021 1665 3083 1719 τὸ
3122 1665 3294 1738 Θαῦμα
3338 1662 3651 1719 ἀκούσεσθαι
3710 1661 3927 1718 πάντες·

562 1753 840 1850 discipuli
891 1754 1021 1834 ejus
1064 1753 1436 1850 crediderint
1464 1755 1533 1850 in
1592 1774 1754 1850 eum,
1807 1756 1892 1820 ita
1925 1756 2194 1850 intellige

2305 1749 2420 1807 ὅθεν
2473 1753 2563 1808 καὶ
2607 1754 2770 1834 μέχρι
2829 1762 2919 1810 τοῦ
2975 1756 3062 1809 νῦν
3120 1752 3321 1825 ᾅδεται,
3370 1754 3455 1807 καὶ
3501 1755 3560 1809 οὗ
3613 1750 3832 1807 διέλαθε.
3873 1754 3932 1806 Τὸ

562 1844 722 1925 quod
756 1844 935 1906 fidem
979 1844 1330 1926 ampliorem
1365 1854 1421 1907 et
1453 1845 1782 1908 firmiorem
1826 1846 2170 1928 acceperint

2305 1837 2381 1914 δὲ,
2449 1864 2476 1896 ε
2525 1843 2582 1899 Οἱ
2627 1845 2860 1918 μαθηταὶ
2901 1843 3062 1900 αὐτοῦ
3089 1843 3397 1898 ἐπίστευσαν
3442 1843 3513 1907 εἷς
3546 1843 3724 1909 αῦτὸν,
3753 1860 3783 1898 ι
3817 1846 3932 1894 οῦτω

560 1933 700 2015 quia
747 1943 807 1996 et
854 1933 1019 2016 prius
1053 1934 1297 2017 quidem
1357 1936 1764 2015 crediderant,
1812 1936 1917 1999 sed
1950 1926 2068 1999 non
2101 1943 2201 1998 tan

2304 1931 2522 2004 νόησον,
2583 1931 2696 1989 ἀντὶ
2752 1932 2866 2008 τοῦ,
2915 1934 3090 1988 πίστιν
3141 1930 3518 2012 περισσοτέραν
3562 1932 3651 1987 καὶ
3679 1926 3927 2006 βεϐαιοτέο

557 2023 831 2091 ﬁrmiter.
1155 2055 1157 2058 ‘
2302 2041 2398 2099 ραν
2458 2019 2648 2080 ἔλαϐον
2717 2023 2789 2087 εἷς
2863 2022 3017 2080 αὑτόν
3052 2037 3067 2051 ⁸
3117 2021 3230 2078 ἐπεὶ
3287 2021 3375 2077 καὶ
3432 2021 3686 2099 πρότερον
3743 2019 3928 2078 πάντως

642 2115 831 2178 Vsus.
868 2115 1073 2177 12-17.
1114 2139 1137 2168 α
1177 2116 1318 2176 Post
1337 2114 1462 2177 hac
1504 2115 1820 2180 descendit
1849 2119 2201 2197 Capernaun

2303 2110 2598 2193 ἐπίστευον,
2631 2110 2750 2169 ἀλλ’
2777 2113 2880 2194 οὔχ
2911 2113 3048 2170 οὕτω
3070 2110 3318 2190 βεϐαίως.

557 2205 690 2284 ipse
711 2213 770 2267 et
793 2212 982 2267 mater
1006 2205 1227 2283 ejus,et
1247 2204 1462 2266 fratres
1485 2207 1638 2286 ejus,
1670 2215 1727 2267 et
1760 2206 2037 2287 discipuli
2063 2207 2194 2286 ejus

2389 2223 2413 2258 ε
2464 2204 2610 2259 Μετὰ
2645 2210 2796 2261 τοῦτο
2834 2200 3035 2270 κατέϐη
3091 2205 3164 2266 εἷς
3210 2202 3565 2281 Καπερναοῦμ
3625 2203 3796 2276 αὖτὸς,
3861 2197 3930 2254 καὶ

558 2292 712 2357 etibi
733 2303 1088 2356 manserunt
1112 2312 1229 2355 non
1255 2294 1457 2355 multis
1479 2294 1793 2359 diebus.Et
1811 2295 1869 2357 in
1883 2295 2201 2378 pr0pinquc

2301 2294 2334 2360 ἡ
2381 2293 2564 2373 μήτηρ
2607 2294 2785 2373 αὑτοῦ,
2844 2295 2929 2349 καὶ
2988 2295 3034 2349 οἱ
3091 2290 3301 2373 ἀδελφοὶ
3345 2293 3526 2365 αὐτοῦ,
3579 2293 3668 2348 καὶ
3696 2293 3741 2347 ul
3768 2292 3925 2365 μαθηο

558 2393 689 2446 erat
721 2386 949 2446 Pascha
970 2383 1404 2464 Iudaeorum,et
1431 2385 1702 2448 ascendit
1727 2383 1900 2448 Jesus
1933 2385 2201 2448 Hieroso-

2300 2383 2383 2438 ταὶ
2429 2385 2585 2441 αὐτοῦ
2619 2397 2633 2411 ⁸
2679 2385 2766 2440 καὶ
2824 2382 2939 2439 ἐκεῖ
2997 2382 3210 2458 ἔμειναν
3256 2385 3316 2442 οὒ
3343 2380 3551 2446 πολλὰς
3580 2382 3800 2460 ἡμέρας.
3847 2379 3927 2437 Καὶ

558 2474 810 2553 lyma,et
839 2474 1063 2566 reperit
1084 2473 1382 2566 intemplo
1401 2493 1503 2536 eos
1525 2475 1988 2566 quive-ridebant
2010 2475 2201 2566 boves1

2299 2470 2454 2566 ἐγγύς
2511 2470 2577 2539 ἦν
2634 2474 2694 2529 τὸ
2752 2473 2948 2553 Πάσχα
3019 2477 3123 2528 τῶν
3195 2468 3481 2550 Ἰουδαίων,
3543 2473 3632 2528 καὶ
3674 2467 3828 2536 ἀνέϐη
3867 2468 3927 2525 εἰς

557 2572 616 2624 et
647 2580 809 2639 oves,
846 2573 904 2624 et
935 2560 1266 2636 columbas,
1294 2571 1353 2624 et
1375 2563 1806 2627 nummularius
1837 2564 2201 2627 sedentes.EI

2303 2559 2638 2638 Ἰεροσόλυμα
2697 2561 2724 2617 ὃ
2782 2560 3010 2628 Ἰησοῦς.
3064 2563 3161 2620 Καὶ
3217 2563 3362 2640 εὗρεν
3417 2563 3472 2616 ἒν
3533 2567 3611 2636 τῷ
3667 2561 3786 2638 ἱερῷ
3826 2559 3926 2618 τοὺς

558 2670 692 2714 cum
727 2652 964 2713 fecisset
989 2651 1290 2730 flagellum
1316 2669 1348 2712 e
1371 2651 1673 2730 funiculis,
1692 2674 1901 2717 omnes
1925 2655 2105 2735 ejecit
2137 2656 2201 2717 de

2295 2647 2608 2714 πωλοῦντας
2685 2651 2839 2732 βόας,
2927 2653 3015 2707 καὶ
3099 2647 3360 2730 πρόϐατα,
3438 2651 3528 2706 καὶ
3615 2648 3922 2729 περιστερὰς,

557 2740 804 2821 templo,
836 2758 975 2802 oves
1007 2739 1182 2801 simul
1217 2758 1284 2801 ac
1324 2740 1526 2813 boves,
1583 2750 1644 2806 et
1675 2744 2201 2806 nummulariorum

2292 2741 2381 2795 καὶ
2458 2762 2579 2804 τους
2666 2742 3021 2820 κερματιστὰς
3105 2739 3462 2814 καθημένους.
3551 2741 3649 2798 Καὶ
3723 2739 3926 2807 ποιήσας

558 2830 768 2892 eﬂ'udit
792 2849 894 2911 aes,
923 2848 1280 2909 mensasque
1321 2829 1631 2904 subvertit,
1658 2843 1715 2894 et
1745 2833 1815 2896 iis
1841 2834 1941 2915 qui
1973 2836 2201 2897 colum-

2294 2825 2646 2906 φραγγὲλλιον
2709 2829 2768 2885 ἐκ
2822 2829 3098 2910 σχοινίων,
3164 2830 3364 2894 πάντας
3422 2826 3671 2894 εξέϐαλεν
3748 2827 3803 2883 ἐκ
3853 2830 3928 2915 τοῦ

557 2919 664 2982 bas
688 2920 1046 2982 vendebant.
1084 2919 1230 2981 dixit
1257 2942 1268 2977 :
1296 2919 1543 2982 Auferte
1568 2921 1679 2983 ista
1703 2913 1874 2997 hinc,
1898 2943 2008 2986 nec
2038 2925 2201 2986 facile

2293 2918 2453 2996 ἱεροῦ,
2509 2918 2575 2975 τά
2631 2939 2688 2976 τε
2729 2917 2988 2998 πρόϐατα,
3033 2921 3121 2976 καὶ
3179 2920 3298 2984 τοὺς
3344 2919 3472 2996 βόας
3506 2935 3522 2951 ⁸
3577 2918 3788 2974 καὶτῶν
3815 2913 3924 2971 κολ-

551 3009 796 3072 domum
822 3009 1009 3072 Patris
1032 3009 1405 3070 meidomum
1426 3011 2201 3077 mercatus.Recurdativeru

2295 3005 2554 3064 λυϐιστῶν
2599 3007 2778 3088 ἐξέχεε
2808 3011 2870 3065 τὸ
2901 3009 3093 3088 κέρμα,
3127 3011 3213 3066 καὶ
3243 3011 3338 3072 τὰς
3367 3011 3637 3087 τραπέζας
3679 3007 3923 3088 ἀνέτρεψε,

552 3109 691 3161 sunt
713 3099 990 3180 discipuli
1013 3099 1143 3178 ejus
1165 3099 1320 3179 quod
1345 3100 1633 3180 scriptum
1655 3111 1766 3164 est:
1800 3103 1972 3165 Zelus
1994 3104 2201 3166 domus

2295 3098 2383 3153 καὶ
2441 3109 2561 3162 τοῖς
2617 3087 2720 3161 τὰς
2768 3087 3078 3179 περιστερὰς
3135 3097 3407 3155 πωλοῦσιν
3471 3099 3634 3156 εἶπεν
3666 3117 3683 3135 '
3740 3087 3921 3176 ’Ἄρατε

551 3163 2458 3272 ιυωθχεάἰίηιεθτῖηΠέεεθηάὶιὶῆ(Σερθι-ηειι.ιῐηῐ)οῐῃίηυε,Οταῦτα
2499 3187 2757 3264 ἒντεῠθεν,
2814 3163 2901 3247 δίκὶ
2959 3163 3038 3266 illis
3083 3202 3289 3247 ποιεῖτε
3345 3191 3436 3247 τὸν
3491 3191 3655 3247 οἷκον
3697 3198 3786 3248 τοῦ
3821 3163 3922 3242 '01-

554 3298 670 3342 uon
704 3280 949 3342 alterius
980 3296 1124 3340 usus
1171 3278 1383 3355 gratia,
1433 3299 1613 3360 quam
1666 3290 1730 3342 ut
1760 3294 2007 3345 matrem
2041 3304 2201 3347 suam

2294 3276 2416 3351 τρός
2469 3300 2569 3354 μου
2623 3283 2777 3338 οἷκον
2834 3279 3108 3359 ἐμπορίου,
3170 3280 3549 3360 Ἐμνήσθησαν
3597 3277 3650 3336 δὲ
3679 3282 3724 3335 οἱ
3765 3281 3923 3355 μαθη-

549 3369 674 3431 illic
705 3369 974 3432 residere
1004 3369 1320 3442 faceret,ut
1344 3387 1419 3430 ne
1443 3369 1602 3431 illam
1629 3370 1848 3453 ubique
1871 3383 2000 3455 post
2016 3393 2080 3437 se
2099 3382 2210 3436 trao

548 3459 746 3523 heret.
772 3457 1064 3532 Quoniam
1090 3457 1248 3518 enim
1275 3457 1345 3518 ad
1377 3459 1616 3538 nuptias
1633 3470 1919 3524 venerant
1940 3463 2001 3525 in
2025 3462 2204 3546 Cana,

549 3549 772 3630 nuptiis
801 3548 1024 3611 habitis
1047 3547 1289 3610 adducit
1314 3555 1565 3610 matrem
1593 3549 1652 3610 in
1678 3549 1920 3614 domum
1946 3571 2114 3616 suam
2148 3557 2204 3617 in

546 3642 946 3720 Capernaum.
972 3637 1348 3700 Manifestum
1377 3645 1577 3699 autem
1603 3641 1757 3720 quod
1786 3651 2035 3722 pr0pter
2055 3644 2206 3706 hanc

547 3745 782 3790 causam
818 3725 1197 3789 descenderit
1221 3726 1278 3814 in
1312 3726 1784 3805 Capernaum,ex
1811 3751 1879 3794 eo
1905 3734 2061 3814 quod
2099 3754 2204 3797 ne-

547 3837 664 3899 que
695 3817 898 3878 multis
931 3815 1052 3878 illic
1078 3813 1356 3877 manebat
1384 3815 1820 3900 diebus,neque
1852 3813 2203 3886 miraculum

545 3907 671 3969 illic
700 3908 978 3971 faciebat.
1019 3905 1318 3969 lncreduli
1371 3907 1528 3968 enim
1588 3921 1758 3972 erant
1790 3913 1922 3992 ejus
1954 3915 2208 3978 civitatis

546 3997 680 4060 viri.
713 3998 856 4058 536
879 3995 1020 4058 Ideo
1054 4004 1110 4057 et
1133 3994 1248 4056 alio
1282 3995 1412 4056 loco
1445 3995 1736 4061 Dominus
1762 4019 1891 4063 eam
1926 4003 2204 4067 miseram

547 4104 679 4148 esse
711 4084 942 4148 dicit“.
981 4085 1147 4158 Quod
1197 4093 1392 4146 autem
1459 4085 1604 4149 dicit
1634 4091 1994 4170 evangelista
2025 4094 2206 4158 fuisse

548 4195 733 4256 prope
765 4175 1014 4256 Pascha,
1041 4173 1302 4236 ostendit
1330 4173 1491 4252 quod
1526 4195 1642 4237 non
1665 4187 1803 4240 ante
1833 4180 2051 4243 multos
2078 4183 2206 4246 dies

546 4264 784 4328 Pascha:
805 4265 985 4328 fuerit
1008 4265 1335 4344 baptizatus
1394 4261 1576 4325 Porro
1602 4266 1703 4328 ubi
1725 4269 1996 4331 ascendit
2016 4271 2074 4333 in
2101 4273 2203 4336 Je-

545 4355 830 4431 rusalem,
857 4374 984 4418 rem
1018 4355 1155 4416 fecit
1187 4370 1416 4430 magna:
1444 4356 1836 4420 auctoritatis.
1865 4359 2205 4424 Vendentes

542 4445 704 4507 enim
733 4465 872 4507 oves
902 4455 960 4506 et
984 4444 1164 4506 boves
1185 4441 1380 4520 ejecit.
1417 4443 1544 4506 Jam
1573 4447 1732 4526 quod
1765 4448 1984 4510 factum
2009 4451 2122 4513 hoc
2145 4463 2202 4514 et

539 4534 847 4598 Matthaeus
869 4541 1301 4596 commemorat
1349 4532 1424 4607 59,
1461 4535 1614 4596 scias
1654 4539 1810 4616 quod
1863 4558 1979 4600 non
2012 4543 2199 4604 semel

540 4622 654 4684 huc
681 4624 951 4687 Cloristus
976 4623 1318 4693 fecerit,sed
1351 4623 1463 4684 hoc
1490 4624 1645 4704 quod
1694 4627 2001 4689 Malthzeus
2029 4648 2197 4694 com-

543 4713 1004 4786 memorat,fecit
1029 4729 1212 4792 prope
1235 4721 1469 4791 tempus
1493 4713 1974 4795 passionis,quod
1998 4731 2196 4781 autem

540 4804 695 4882 apud
724 4801 1044 4882 Joannem,
1078 4801 1138 4861 in
1170 4801 1414 4862 exordio
1465 4803 1798 4880 signorum.
1836 4804 2063 4868 Idcirco
2086 4809 2199 4870 hoc

538 4890 673 4953 loco
705 4892 902 4953 minus
923 4908 1134 4971 aspere
1155 4889 1302 4951 dixit
1331 4911 1343 4949 :
1368 4889 1485 4951 «Ne
1515 4892 1778 4954 feceritis
1810 4894 2052 4957 domum
2091 4901 2196 4959 Pa-

538 4980 644 5042 tris
681 4984 822 5055 mei,
855 4982 1098 5043 domum
1133 4989 1489 5042 mercatus.»
1529 4979 1767 5043 Initium
1801 4985 1962 5046 enim
1996 4987 2198 5066 signo-

537 5089 670 5132 rum
691 5071 887 5133 adhuc
919 5079 1133 5150 erat,et
1165 5070 1429 5131 nondum
1465 5078 1624 5132 tanta
1653 5072 1960 5150 signorum
1995 5087 2198 5139 osten-

540 5177 739 5222 surum
773 5170 901 5224 erat
928 5161 1267 5222 auctoritas.
1293 5159 1421 5220 Illic
1452 5171 1648 5222 autem
1676 5164 1830 5242 apud
1858 5167 2196 5228 Matthazum

539 5247 706 5324 dicit,
747 5275 769 5305 ιι
797 5249 926 5312 Non
961 5249 1156 5326 facite,
1189 5251 1402 5330 inquit,
1424 5251 1771 5330 speluncam
1806 5252 2123 5317 latronum.
2169 5283 2190 5314 ο

539 5337 848 5424 Manifeste
879 5339 1039 5400 enim
1073 5339 1208 5400 illos
1257 5339 1526 5402 latrones
1554 5341 1898 5417 nominavit,
1936 5347 2091 5424 quod
2125 5366 2194 5408 ex

2291 3367 2378 3423 ταὶ
2435 3369 2614 3441 αὐτοῦ,
2682 3367 2762 3424 ὅτι
2815 3370 3183 3447 γεγραμμένον
3240 3370 3382 3426 ἰεστίν
3417 3384 3431 3398 ⁸
3498 3359 3554 3427 ’0
3626 3367 3781 3441 ζῆλος
3847 3373 3925 3422 τοῦ

2293 3455 2448 3514 οἴκου
2501 3480 2596 3515 σου
2652 3458 2918 3539 κατέφαγέ
2976 3481 3067 3535 με.
3112 3478 3142 3519 )
3206 3459 3536 3540 Κατέρχεται
3603 3461 3674 3523 εἷς
3740 3468 3924 3534 [iamp-

2292 3547 2460 3623 ναοὺμ
2515 3549 2543 3603 ὃ
2604 3548 2817 3627 Κύριος,
2852 3547 3097 3611 οὐδεμιᾶς
3146 3546 3316 3616 ἄλλης
3366 3548 3549 3628 γρείας
3585 3549 3776 3623 ἕνεκεν,
3820 3543 3922 3603 ἀλλ’

2289 3636 2326 3705 ἢ
2408 3644 2499 3693 τοῦ
2584 3640 3023 3706 ἀποκαταστήσας.
3102 3637 3201 3706 τὴν
3290 3639 3497 3718 μητέρα
3571 3643 3727 3698 αὐτοῦ
3799 3641 3916 3710 εκεῖ,

2289 3725 2381 3782 ἵνα
2430 3726 2509 3802 μὴ
2564 3734 2846 3807 πανταχοῦ
2879 3729 3042 3796 αὐτὴν
3069 3727 3382 3807 ὶφέλκηται.
3431 3728 3583 3787 Ἐπεὶ
3614 3731 3713 3809 γὰρ
3742 3727 3818 3785 διὰ
3845 3727 3920 3782 τὸν

2290 3816 2462 3893 γάμον
2520 3815 2682 3883 ἧλθυν
2711 3819 2784 3882 εἷς
2819 3825 2986 3898 Κανᾶ,
3045 3825 3138 3874 τοῦ
3197 3819 3370 3896 γάμου
3425 3817 3792 3898 παρελθόντος,
3836 3816 3920 3873 ἰπ-

2290 3906 2473 3984 ανάγει
2517 3907 2617 3974 τὴν
2664 3906 2870 3987 μητέρα
2901 3908 2975 3971 εἰς
3006 3910 3096 3964 τὸν
3155 3905 3207 3964 ἓν
3261 3909 3614 3988 Καπερναοὺμ
3644 3911 3793 3966 οἷκον
3836 3908 3918 3962 αὖε

2287 4000 2412 4063 τῆς,
2473 3995 2647 4064 Δῆλον
2707 3994 2761 4052 δὲ
2805 4004 2980 4071 τοῦτο,
3029 3997 3110 4054 ὅτι
3141 3996 3224 4053 διὰ
3253 3998 3449 4066 ταύτην
3478 3999 3579 4066 τὴν
3610 4001 3772 4057 αἰτίαν
3801 4017 3916 4055 κατ-

2291 4083 2387 4153 έϐη
2446 4088 2520 4153 εἷς
2586 4089 2962 4168 Καπερναοὺμ,
3035 4088 3096 4144 ἐκ
3153 4095 3243 4144 τοῦ
3302 4090 3438 4163 μήτε
3497 4089 3700 4154 πολλὰς
3758 4101 3916 4165 μεῖναι

2291 4177 2409 4232 ἐκεῖ
2460 4177 2691 4257 ἡμέρας,
2745 4179 2883 4253 μήτε
2925 4179 3165 4253 θαύματα
3217 4181 3270 4234 ἓν
3317 4179 3450 4254 αῦτῇ
3499 4185 3744 4248 ποιῆσαι,
3778 4177 3916 4235 Ἀπίο

2289 4288 2427 4332 στως
2486 4269 2586 4346 γὰρ
2647 4271 2805 4348 εἶχον
2862 4270 2994 4346 πρὸς
3042 4269 3198 4325 αὐτὸν
3253 4272 3300 4324 οἱ
3370 4270 3470 4336 τὴν
3529 4268 3685 4328 πόλιν
3742 4268 3915 4332 ταύτην

2289 4357 2550 4420 οἰκοῦντες
2586 4375 2600 4388 ·
2664 4355 2743 4414 διὸ
2802 4359 2889 4413 καὶ
2937 4357 3181 4438 ἀλλαχοῦ
3207 4361 3234 4414 ὁ
3287 4359 3472 4437 Κύριος
3517 4359 3773 4432 ταλανίζει
3830 4357 3914 4412 αὗ-

2286 4445 2406 4512 τὴν,
2468 4448 2566 4502 Διὰ
2608 4445 2662 4502 δὲ
2718 4454 2812 4504 τοῦ
2868 4448 3038 4504 εἰπεῖν
3095 4450 3122 4503 ὁ
3195 4447 3602 4527 εὒαγγελιστὴς,
3647 4450 3725 4507 ὅτι
3763 4473 3782 4505 ε
3831 4441 3914 4503 Ἦν

2283 4535 2440 4613 ἐγγὺς
2487 4538 2548 4592 τὸ
2578 4537 2737 4616 Πάσχ
2742 4559 2795 4612 α,
2847 4561 2873 4591 ι
2909 4535 3164 4593 δείκνυσιν
3193 4535 3274 4593 ὅτι
3307 4541 3366 4597 οὐ
3419 4541 3519 4618 πρὸ
3548 4539 3760 4597 πολλῶν
3789 4541 3913 4615 ἡμε-

2283 4633 2386 4703 ρῶν
2430 4629 2522 4683 τοῦ
2578 4629 2773 4706 Πάσχα
2833 4625 3171 4687 ἐϐαπτίσατο.
3233 4624 3491 4686 Ἀνελθὼν
3537 4628 3591 4686 δὲ
3662 4633 3732 4695 εἷς
3767 4621 3912 4706 Ἰερο-

2282 4714 2511 4791 σόλυμα,
2568 4731 2716 4773 ποιεῖ
2764 4724 2984 4796 πρᾶγμα
3029 4716 3232 4786 πολλῆς
3284 4721 3550 4784 αὒθεντίας
3581 4722 3764 4801 γέμον.
3796 4720 3910 4779 Τοὺς

2282 4805 2381 4884 γὰρ
2419 4805 2729 4868 πωλοῦντας
2761 4808 2825 4862 τὰ
2850 4803 3112 4887 πρόϐατα,
3159 4809 3244 4864 καὶ
3297 4809 3417 4873 τοὺς
3473 4810 3628 4886 βόας,
3661 4807 3907 4868 ἐκϐάλλει.

2287 4892 2424 4950 re:
2529 4895 2934 4952 ‘6ued~
3235 4900 3259 4910 ν
3620 4903 3629 4920 ’

2307 4919 2342 4950 ιι
2405 4940 2424 4949 -
2457 4917 2544 4951 και
2664 4925 2678 4950 l.
2717 4917 2780 4953 ατ
2817 4910 2874 4953 ατ
2911 4939 2932 4959 ς
2991 4919 3120 4977 φησι
3170 4920 3322 4954 τουτο
3371 4921 3716 4968 πεποιηκεναι
3749 4920 3906 4976 αλτοι,

2286 4983 2402 5040 ἀλλ’
2465 4984 2573 5041 ἴσθι
2628 4987 2700 5048 ὡς
2747 4990 2849 5065 οὐχ
2899 4986 3036 5052 ἅπαξ
3079 4995 3233 5044 τοῦτο
3276 4988 3548 5066 ἐποίησεν,
3583 4988 3716 5048 ἀλλᾶ
3741 4988 3908 5063 τὸμὲν

2283 5076 2424 5152 παρὰ
2481 5082 2558 5148 τῷ
2609 5078 2879 5152 Ματθαίῳ,
2941 5077 3098 5156 ἐγγὺς
3143 5079 3234 5134 τοῦ
3290 5080 3484 5145 πάθους
3544 5094 3688 5138 ποιεῖ
3720 5097 3732 5110 ’
3763 5081 3819 5135 τὸ
3862 5075 3904 5131 δὲ

2285 5173 2370 5221 νῦν
2429 5167 2569 5244 παρὰ
2611 5173 2687 5238 τῷ
2719 5166 2965 5241 Ἰωίννη,
2998 5175 3103 5224 τῶν
3148 5170 3382 5244 σημείων
3440 5170 3737 5252 ἀρχόμενος
3771 5187 3782 5200 ·
3839 5166 3904 5222 διὸ

2282 5254 2500 5313 ἐνταῦθα
2544 5255 2840 5337 ἀφειμένως
2900 5261 3021 5313 εἷπε
3058 5277 3073 5292 ·
3128 5279 3156 5317 (
3209 5260 3298 5326 Μὴ
3369 5276 3577 5318 ποιεῖτε
3636 5263 3724 5317 τὸν
3774 5263 3902 5314 οἶκον

2281 5353 2371 5402 τοῦ
2427 5347 2630 5424 Πατρός
2694 5369 2816 5426 μου,
2863 5347 3018 5404 οἶκον
3050 5347 3322 5428 ἐμπορίου.
3359 5373 3386 5404 s
3424 5348 3598 5432 Ἀρχὴ
3646 5353 3740 5431 γὰρ
3786 5350 3901 5408 τέως

541 5422 783 5504 injustis
805 5427 998 5488 modis
1012 5427 1243 5490 lucrum
1264 5427 1549 5488 facerent.
1587 5426 1834 5500 Quando
1866 5422 2024 5493 enim
2061 5437 2192 5516 quis

2287 5436 2342 5504 ἦν
2399 5443 2503 5492 τῶν
2563 5438 2825 5512 σημείων,
2886 5439 2970 5493 καὶ
3032 5437 3180 5496 οὔπω
3236 5441 3466 5507 τοσαύτη
3547 5441 3798 5521 πσῤῥησία
3848 5435 3901 5502 ἦν

619 5584 680 5634 ⁸7
707 5584 864 5648 Plal.
901 5599 1073 5661 xvm,
1112 5589 1210 5652 10.
1292 5587 1357 5637 ⁸⁸
1383 5587 1531 5652 Luc.
1565 5608 1620 5664 x,
1662 5597 1758 5654 15.
1846 5595 1911 5646 ⁸ο
1938 5593 2143 5658 Matth.
2178 5613 2301 5670 xu,
2338 5594 2434 5659 19.
