4178 6428
436 414 507 479 97

1028 417 1476 481 ENARRATIO
1518 416 1602 481 IN
1650 416 2161 489 EVANGELIUM
2207 421 2545 490 JOANNIS.
2594 459 2673 471 —
2720 427 2886 489 CAP.
2933 428 3011 489 II.

3602 429 3754 494 1198

338 553 479 626 αὖτῴ
533 552 639 608 ἀπὸ
692 558 791 620 τῆς
850 556 958 608 τῶν
1014 555 1253 629 σημείων
1328 553 1651 621 ἐπιδείξεως.
1717 548 1867 614 Ἐκεῖ
1928 554 2004 629 δὲ,

2095 572 2165 617 ex
2186 573 2257 617 eo
2278 558 2437 639 quod
2464 559 2627 636 parvi
2650 559 2823 642 pretii
2849 570 2961 643 est,
2998 562 3253 624 multum
3296 564 3471 645 pretii
3496 565 3669 647 petit,
3700 583 3760 636 et

334 642 476 720 παρὰ
533 646 609 712 τῷ
665 642 938 717 Ματθαίῳ,
974 644 1113 723 φημί
1148 660 1161 673 ’
1218 667 1242 698 ι
1282 643 1371 713 Μὴ
1400 657 1635 725 ποιεῖτε,
1668 646 1826 724 φησὶ,
1863 646 2002 714 σπή-

333 729 483 786 λαιον
544 729 786 807 λῃστῶν.
839 755 866 785 ιι
918 738 1166 810 Φανερῶς
1225 733 1326 812 γὰρ
1383 732 1583 811 λῃστὰς
1639 735 1826 799 αὖτοὺς
1856 734 1997 791 ὠνό-

336 841 501 895 μασε,
566 822 639 886 ὡς
698 819 750 886 ἐξ
793 819 984 878 ἀδίκων
1042 820 1409 902 κερδαίνοντας
1457 825 1660 903 πόρων,
1696 815 1870 883 ΗΟταν
1904 824 2001 901 γὰρ

330 931 412 974 τις
451 912 511 966 τὸ
543 907 724 986 ὀλίγου
779 911 1085 987 τιμώμενον
1120 911 1321 970 πολλοῦ
1366 914 1674 990 τιμήματος
1705 911 1871 988 ἀξιοῖ,
1916 914 2005 969 καὶ

332 999 438 1056 ἀπὸ
496 1001 743 1071 πενήτων
794 1003 966 1081 τυχὸν
1009 1003 1097 1059 καὶ
1142 1010 1331 1083 χηρῶν
1390 1005 1452 1060 τὸ
1483 1002 1662 1079 κέρδος
1696 1002 2003 1082 έρανίζηται

335 1087 433 1167 (ὡς
494 1088 580 1145 ἐπὶ
629 1090 691 1146 τὸ
747 1088 883 1147 πολὺ
945 1090 1045 1170 γὰρ
1077 1093 1222 1149 οὗτοι
1255 1094 1301 1148 οἱ
1332 1093 1397 1148 τὰ
1427 1089 1668 1172 χρειώδη
1702 1092 2000 1158 ἐξωνούμε-

334 1200 438 1257 νοι,
501 1179 585 1234 καὶ
646 1178 1091 1258 πιπράσκοντες),
1156 1182 1206 1236 τί
1281 1178 1435 1260 ἄλλο,
1494 1180 1530 1249 ἢ
1592 1179 1747 1260 ἔργον
1803 1178 2003 1257 λῃστοῦ

333 1279 503 1347 ποιεῖ,
545 1269 607 1323 ὲκ
663 1274 946 1347 συμφορῶν
1003 1267 1197 1347 ἐτέρων
1249 1267 1409 1348 κέρδη
1440 1269 1948 1348 πραγματευόμενος
1984 1288 1998 1339 ;

338 1357 484 1420 Τίνος
536 1354 590 1412 δὲ
636 1355 814 1414 ἕνεκεν
857 1356 994 1423 ὅλως
1048 1354 1292 1417 ἐκϐάλλει
1357 1359 1479 1424 τοὺς
1512 1359 1777 1422 τοιούτους
1823 1358 1883 1415 ἐκ
1912 1366 2003 1415 τοῦ

338 1448 528 1525 ἱεροῦ;
588 1450 695 1506 Οὔκ
746 1445 958 1526 ἀλόγως
994 1460 1011 1480 ⁵
1068 1446 1190 1504 ἀλλ’
1240 1448 1355 1505 ἐπεὶ
1401 1447 1623 1524 ἔμελλεν
1656 1449 1710 1505 ἐν
1741 1446 2003 1521 Σαϐϐάτῳ

312 1537 661 1615 θεραπεύειν,
717 1539 806 1593 καὶ
864 1535 1150 1617 παραλύειν
1207 1539 1298 1594 τὸν
1352 1538 1537 1613 νόμον,
1583 1537 1677 1594 ’ἕνα
1737 1539 1813 1613 μὴ
1879 1536 2001 1614 δόξῃ

336 1626 569 1690 ἀντίθεος
641 1626 813 1707 εἶναι,
898 1624 1192 1683 διοαθοῦται
1270 1626 1506 1684 ἐντεῦθεν
1581 1627 1680 1695 τὴν
1753 1627 2001 1694 τοιαύτην

332 1714 630 1792 ὑπόληψιν,
685 1714 757 1774 Οὔ
810 1716 909 1794 γὰρ
972 1714 1034 1772 ἂν
1080 1718 1108 1773 6
1167 1724 1416 1773 τοσοῦτον
1463 1714 1624 1787 ζῆλον
1676 1714 2003 1787 ἐπιδειξάμε-

336 1828 423 1869 νος
478 1805 606 1883 ὑπέρ
661 1812 753 1863 τοῦ
781 1805 957 1879 οἴκοῦ,
989 1807 1080 1862 τὸν
1110 1814 1205 1863 τοῦ
1249 1805 1405 1864 οἴκου
1450 1804 1713 1873 δεσπότην
1745 1809 1836 1865 τὸν
1872 1809 2003 1863 Θεὸν

340 1894 615 1962 ηθέτησεν,
678 1898 750 1953 Ού
807 1897 906 1974 γὰρ
962 1894 1143 1961 ἁπλῶς
1199 1894 1477 1976 ἱξέϐαλεν,
1539 1894 1678 1953 ἀλλὰ
1714 1897 1799 1953 καὶ
1860 1918 2001 1977 φρα-

334 1982 530 2061 γελλίῳ
579 1983 792 2060 πλεκτῷ
869 1986 1100 2059 τύπτων,
1169 1986 1255 2042 καὶ
1327 1984 1645 2065 ἀνατρέπων
1718 1986 1812 2051 τὰς
1869 2008 2001 2065 τρα-

332 2074 518 2154 πέζας,
579 2076 668 2131 καὶ
725 2076 788 2130 τὸ
833 2074 1028 2150 κέρμα,
1062 2073 1180 2142 ἤτοι
1214 2076 1273 2130 τὸ
1304 2075 1542 2151 νόμισμα
1596 2080 1702 2131 τῶν
1747 2073 2001 2134 κολλυϐι-

335 2170 500 2237 στῶν,
561 2163 798 2245 ἑκχέων,
867 2164 951 2221 καὶ
1022 2162 1160 2243 ’έργῳ
1234 2162 1828 2244 παρακεκινδυνευμένῳ
1885 2163 2002 2220 ἐπι-

333 2260 556 2334 χειρῶν.
618 2256 725 2311 Ούκ
778 2253 837 2309 ἂν
884 2254 973 2311 οὖν
1031 2256 1060 2311 6
1117 2254 1190 2317 εἰς
1264 2252 1499 2311 κίνδυνον
1559 2254 1759 2330 ῥίπτων
1820 2253 2004 2310 ἑαυτὸν

332 2342 462 2421 ὑπὲρ
503 2350 596 2401 τοῦ
654 2344 807 2400 οἴκου
856 2350 947 2400 τοῦ
1006 2346 1158 2417 Θεοῦ,
1240 2343 1467 2422 παρέλυε
1533 2344 1625 2400 τὸν
1693 2344 1856 2419 νόμον
1912 2350 2006 2401 σοῦ

335 2438 467 2490 Θεοῦ
510 2435 584 2497 ὡς
636 2433 895 2513 ἀντίθεος,
944 2431 1083 2490 ἀλλὰ
1128 2433 1342 2496 πάντως
1375 2435 1454 2496 ὡς
1491 2434 1612 2496 Υἱὸς
1638 2434 1739 2514 ὣν,
1774 2434 1862 2490 καὶ
1904 2433 2005 2500 τὴν

333 2521 462 2590 ’ίσην
518 2521 752 2587 ἐξουσίαν
808 2522 955 2604 ἔχων
998 2528 1075 2597 τῷ
1109 2529 1226 2597 Θεῷ
1275 2523 1364 2580 καὶ
1413 2524 1604 2602 Πατρὶ,
1635 2523 1713 2598 τῷ
1767 2524 1857 2578 καὶ
1913 2525 2004 2579 τὸν

331 2614 452 2691 περὶ
504 2622 598 2671 τοῦ
652 2610 926 2669 Σαϐϐατου
969 2633 1134 2681 νομον
1196 2609 1363 2672 δόντι.
1415 2613 1509 2668 Διὸ
1540 2610 1658 2669 οὖδὲ
1689 2616 1815 2669 εἷπε
1850 2627 1864 2642 ·
1902 2613 2003 2670 Τὸν

334 2704 488 2759 οἶκον
548 2712 639 2762 τοῦ
690 2709 843 2783 Θεοῦ,
880 2700 1037 2772 ἀλλὰ,
1081 2725 1108 2756 (ί
1144 2702 1243 2759 Τὸν
1276 2705 1430 2758 οἷκον
1461 2711 1553 2760 τοῦ
1595 2702 1799 2781 Πατρός
1832 2717 1997 2777 μουἿ)

333 2790 583 2849 δεικνύων
639 2790 720 2848 ὅτι
782 2790 1093 2872 ἐξουσιάζει,
1159 2793 1233 2854 ὡς
1292 2792 1435 2862 Υἱὸς,
1490 2797 1595 2848 τῶν
1645 2797 1739 2848 τοῦ
1801 2792 2007 2871 Πατρὸς

337 2882 568 2938 πάντων.
609 2878 961 2938 Κολλυϐισταὶ
1004 2878 1058 2936 δὲ
1094 2882 1222 2938 είσὶν
1267 2882 1313 2937 οἱ
1370 2881 1436 2937 τὰ
1480 2878 1649 2937 λεπτὰ
1705 2880 2005 2957 νομίσματα

342 2971 674 3051 πωλοῦντες,
732 2970 851 3039 ἤτοι
922 2973 1043 3035 τοὺς
1103 2972 1391 3049 νούμμους.
1449 2968 1716 3034 Κόλλυϐος
1765 2974 1865 3051 γὰρ
1909 2970 2004 3029 λέ-

342 3083 492 3141 γεται
523 3064 585 3118 τὸ
644 3060 839 3118 λεπτὸν
876 3062 1111 3137 νόμισμα
1156 3060 1281 3141 παρ’
1329 3052 1630 3140 ”Ελλησιν,
1682 3062 1711 3118 ὃ
1744 3052 2006 3137 Ῥωμαῖοι

340 3158 581 3227 νοῦμμον
665 3150 1005 3227 ὀνομάζουσι.
1090 3149 1288 3208 Πολλοὶ
1371 3152 1460 3207 καὶ
1524 3151 1630 3207 τῶν
1702 3150 2043 3230 ἀρχιερέων

2083 660 2117 704 a
2147 648 2514 727 pauperibus
2559 649 2833 712 fortassis
2882 659 2939 713 et
2969 652 3161 715 viduis
3190 652 3429 716 lucrum
3458 656 3750 732 corradit,

2086 732 2241 825 sicut
2256 737 2444 798 ferme
2469 738 2663 800 solent
2689 738 2751 800 hi
2772 739 2875 820 qui
2899 741 3240 802 necessaria
3270 741 3752 825 venditant,quid

2086 820 2249 883 aliud
2283 843 2458 905 quam
2512 845 2662 907 opus
2702 826 2957 891 latronis
2988 829 3153 906 facit,
3202 849 3274 892 ex
3307 820 3754 895 calamitatibus

2087 910 2340 1003 aiiorum
2367 913 2529 977 lucra
2560 918 2973 997 comportans?
3003 918 3075 981 Et
3110 938 3295 1001 quare
3313 920 3448 983 illos
3469 942 3502 983 e
3529 921 3751 1003 templo

2088 999 2276 1080 ejicit?
2294 1000 2422 1064 Non
2447 1003 2927 1080 immerito.Quia
2947 1009 3107 1071 enim
3127 999 3189 1071 in
3226 1008 3488 1075 Sabbato
3504 999 3749 1074 sanatu-

2084 1107 2187 1150 rus
2218 1105 2366 1165 erat,
2403 1102 2460 1155 et
2492 1095 2796 1158 soluturus
2828 1096 3022 1175 legem
3052 1117 3066 1161 :
3101 1106 3167 1160 ut
3197 1118 3272 1161 ne
3309 1100 3578 1163 videatur
3600 1120 3747 1163 con-

2088 1178 2306 1271 trarius
2338 1181 2485 1255 Deo,
2536 1185 2781 1264 corrigit
2834 1187 2947 1249 hoc
2998 1188 3131 1249 loco
3179 1188 3523 1271 opinionem
3556 1190 3748 1255 illam.

2088 1270 2295 1359 Neque
2315 1271 2476 1334 enim
2514 1280 2740 1336 tantum
2772 1275 2963 1339 zelum
2998 1286 3243 1359 propter
3266 1279 3512 1342 domum
3542 1289 3750 1343 osten-

2086 1357 2587 1441 dens,sprevisset
2612 1357 3142 1438 Deum,dominum
3175 1366 3556 1432 domus.Non
3588 1369 3750 1431 enim

2087 1446 2442 1537 simpliciter
2472 1451 2658 1529 ejicit,
2688 1453 2792 1515 sed
2826 1461 2885 1514 et
2914 1454 3149 1534 ﬂagello
3185 1455 3358 1537 plexo
3383 1458 3667 1537 percutit,
3694 1466 3753 1520 et

2086 1535 2371 1626 subvertit
2393 1551 2843 1622 mensas,etaes,
2876 1543 2990 1606 hoc
3013 1552 3101 1606 est
3120 1535 3439 1626 pecuniam
3463 1565 3749 1609 nummu-

2087 1623 2371 1689 lariorum
2405 1630 2655 1693 effundit
2719 1629 2792 1693 Et
2814 1651 2964 1714 opus
3000 1623 3402 1714 periculosum
3434 1643 3752 1713 attentans,

2086 1733 2207 1777 non
2229 1735 2293 1778 se
2325 1717 2385 1779 in
2407 1719 2739 1799 periculum
2765 1722 3125 1802 conjecisset
3146 1743 3253 1805 pro
3276 1724 3454 1787 domo
3478 1723 3610 1802 Dei,
3638 1724 3759 1786 sol-

2024 1823 2231 1896 Bvena
2275 1806 2466 1887 legem
2517 1811 2623 1873 Dei
2674 1819 2741 1873 ut
2787 1812 3166 1877 adversarius
3201 1834 3215 1873 :
3250 1814 3357 1875 sed
3409 1815 3657 1876 omnino
3690 1824 3756 1876 ut

2087 1893 2272 1985 Filius
2289 1896 2485 1979 Dei,et
2503 1901 2793 1981 aequalem
2815 1901 3047 1964 habens
3067 1910 3418 1983 potestatem
3443 1902 3622 1981 Patri,
3652 1909 3754 1985 qui

2086 1983 2278 2062 legem
2311 1985 2387 2049 de
2417 1990 2676 2052 Sabbato
2710 1998 3020 2056 statuerat.
3053 1991 3194 2055 Ideo
3217 2000 3417 2055 autem
3452 2012 3570 2056 non
3603 1983 3755 2055 dixit

2086 2073 2328 2138 domum
2366 2080 2493 2155 Dei,
2528 2080 2635 2142 sed
2677 2080 2955 2143 «domum
2981 2083 3174 2145 Patris
3196 2083 3339 2156 mei,
3366 2106 3395 2140 ι
3429 2084 3754 2146 ostendens

2088 2167 2241 2245 quod
2275 2174 2626 2247 potestatem
2662 2168 2875 2231 habeat
2904 2170 3060 2233 sicut
3081 2172 3270 2234 Filius
3301 2172 3364 2233 in
3386 2172 3588 2234 omnia
3618 2190 3754 2254 quae

2090 2254 2280 2316 Patris
2300 2266 2491 2319 erant.
2528 2256 2920 2321 Nummularii
2943 2269 3168 2334 autem,
3192 2261 3294 2343 qui
3315 2269 3374 2323 et
3402 2261 3748 2345 collybistaa,

2090 2345 2301 2406 sunthi
2325 2347 2424 2427 qui
2445 2364 2620 2428 parva
2638 2348 2993 2412 numismata
3006 2350 3577 2433 vendunt.Collybos
3591 2351 3753 2414 enim

2087 2435 2241 2511 apud
2260 2433 2500 2498 Graec‘s
2521 2438 2816 2500 minutum
2838 2440 3142 2502 numisma
3160 2448 3270 2516 est,
3307 2441 3468 2522 quod
3499 2440 3755 2503 Romani

2088 2542 2396 2585 nummum
2429 2535 2660 2589 vocant.
2698 2528 2869 2591 Multi
2919 2538 3120 2590 autem
3169 2546 3242 2591 ex
3275 2530 3659 2609 pontiﬁcibus
3688 2531 3752 2591 in

2089 2612 2246 2676 hunc
2277 2615 2520 2677 modum
2583 2625 2853 2697 peccant.
2909 2619 3060 2682 Nam
3112 2630 3172 2679 et
3205 2618 3321 2699 ipsi
3354 2619 3754 2699 negotiatores

2091 2703 2351 2765 vendunt
2369 2703 2550 2768 boves
2573 2706 2635 2767 in
2660 2707 2918 2769 ecclesia
2942 2724 2957 2769 :
2991 2708 3107 2769 hoc
3137 2717 3248 2780 est,
3273 2708 3376 2788 qui
3406 2715 3755 2789 praestantes

2093 2803 2231 2855 sunt
2252 2794 2313 2856 in
2334 2795 2514 2857 verbo
2534 2796 2843 2877 doctrinae,
2875 2816 2993 2858 non
3025 2808 3358 2873 assumunt,
3384 2798 3488 2861 sed
3516 2798 3756 2861 tradunt

2091 2883 2184 2946 his
2212 2886 2311 2964 qui
2335 2885 2600 2965 afﬂigere
2628 2885 2859 2948 volunt.
2909 2885 3163 2968 Insuper
3207 2895 3265 2951 et
3291 2905 3449 2963 oves,
3486 2888 3598 2950 hoc
3629 2896 3744 2964 est,

2089 2973 2515 3054 simpliciorem
2541 2985 2597 3037 et
2620 2994 3001 3039 communem
3024 2977 3746 3060 populumzctcolumbas,

2090 3061 2202 3124 hoc
2221 3064 2676 3145 est,spiritualia
2697 3066 2854 3127 dona
2872 3066 3228 3140 vendunt,et
3259 3069 3519 3147 majores
3547 3066 3744 3146 digni-

2090 3159 2238 3214 tates
2257 3154 2573 3216 conferunt
2597 3155 2689 3217 his
2742 3156 2844 3236 qui
2893 3156 3060 3235 plura
3082 3155 3225 3217 dant
3248 3174 3262 3219 :
3287 3175 3437 3238 quos
3460 3156 3749 3219 Dominus

339 3241 694 3321 ἀμαρτάνουσι
753 3248 992 3314 τοιαῦτα,
1041 3241 1136 3299 οἶα
1165 3240 1287 3298 τότε
1333 3243 1379 3297 0i
1426 3238 1689 3320 κάπηλοι,
1722 3242 1844 3304 τοὺς
1876 3239 2004 3317 βόας

2093 3241 2257 3321 ejicit
2276 3262 2308 3304 e
2322 3243 2853 3324 templo,indignos
2860 3245 3140 3326 judicans
3159 3245 3603 3308 sacerdotio.At
3622 3247 3750 3309 haec

337 3329 638 3394 πωλοῦντες
695 3330 751 3386 ἐν
792 3336 862 3409 τῇ
904 3331 1226 3405 Ἐκκλησίᾳ,
1287 3328 1431 3408 λέγω
1492 3327 1585 3410 δή,
1616 3331 1738 3393 τοὺς
1770 3327 1825 3383 ἐν
1862 3328 2008 3408 λόγῳ

340 3418 699 3495 διδασκαλικῷ
755 3418 1143 3501 διαπρέποντας
1215 3420 1294 3496 μὴ
1363 3419 1820 3495 περιποιούμενοι,
1891 3417 2007 3475 ἀλλ’

335 3508 627 3574 ὶκδιδόντες
685 3521 802 3575 τοῖς
860 3522 1181 3590 κακουργεῖν
1264 3506 1614 3586 βουλομένοις
1651 3522 1664 3537 ⁸
1730 3507 1868 3565 ἀλλὰ
1924 3509 2010 3565 καὶ

340 3601 401 3657 τὰ
451 3596 713 3678 πρόϐατα,
762 3602 852 3658 τὸν
908 3599 1257 3681 ἀφελέστερον
1316 3598 1404 3655 καὶ
1463 3598 1641 3655 κοινὸν
1713 3596 1867 3672 λαὸν,
1923 3608 2009 3661 καὶ

340 3691 433 3752 τὰς
506 3690 840 3769 περιστερὰς,
933 3691 998 3747 τὰ
1074 3688 1403 3764 πνευματικά
1484 3710 1623 3769 φημι
1675 3688 2007 3767 χαρίσματα,

346 3779 757 3858 πιπράσκοντες,
817 3780 901 3837 καὶ
960 3780 1082 3842 τοὺς
1141 3776 1359 3835 πλείονα
1411 3775 1675 3846 διδόντας,
1722 3789 1841 3842 τοῖς
1885 3777 2008 3852 μεί-

342 3876 455 3940 ζοσι
514 3869 747 3947 βαθμοῖς
797 3869 1279 3949 ἒγκατατάττοντες
1314 3885 1328 3899 ⁸
1376 3869 1463 3933 οὓς
1508 3869 1536 3923 6
1588 3868 1775 3946 Κύριος
1821 3866 1982 3925 ἐκόάλ

338 3957 418 4015 λει
463 3965 557 4017 τοῦ
605 3960 766 4039 ἱεροῦ,
843 3959 1079 4026 ἀναξίους
1158 3980 1259 4025 της
1334 3956 1735 4038 ἀρχιερωσύνης
1792 3959 2002 4036 κρίνων,

339 4046 508 4107 Ἀλλὰ
563 4047 660 4106 κέίν
720 4073 799 4115 τις
845 4050 1015 4127 κέρμα
1066 4050 1155 4107 καὶ
1211 4049 1472 4129 νόμισμα,
1520 4046 1637 4115 ἤτοι
1702 4045 1874 4126 δόγμα
1918 4048 2005 4104 καὶ

342 4139 525 4219 λόγον,
588 4139 771 4213 πωλῆ,
802 4141 891 4197 καὶ
923 4140 1090 4220 τυχὸν
1118 4135 1429 4200 διδάσκαλος
1485 4135 1580 4217 ὢν,
1615 4136 1673 4193 οῦ
1702 4134 2005 4215 καταγγέλ-

340 4227 421 4285 λει
479 4230 569 4284 τὸν
626 4229 809 4307 λόγον,
864 4230 908 4286 εί
966 4230 1045 4304 μὴ
1102 4225 1280 4308 κέρδος
1355 4226 1496 4307 ἔχει,
1558 4227 1646 4283 καὶ
1687 4227 1873 4284 τούτου
1904 4226 2001 4294 τὴν

339 4318 600 4395 τράπεζαν
644 4317 931 4392 ἀνατρέπει
960 4320 988 4374 6
1051 4317 1262 4398 Κύριος,
1328 4318 1419 4374 τὸν
1478 4316 1660 4396 θρόνον
1718 4314 1863 4395 λέγω
1904 4314 2001 4383 τῆς

339 4404 698 4483 διδασκαλίας,
756 4408 847 4464 καὶ
904 4408 996 4464 τὸν
1057 4404 1242 4483 λόγον,
1303 4406 1361 4462 ὃν
1417 4404 1623 4471 ἐκεῖνος
1674 4403 1888 4485 συνέχει
1916 4402 2003 4461 διὰ

2093 3331 2144 3391 si
2176 3333 2306 3412 quis
2336 3351 2417 3394 ωε
2442 3342 2501 3395 et
2550 3352 2884 3410 nummum,
2927 3335 3038 3397 boc
3061 3342 3173 3416 est,
3209 3343 3267 3398 et
3295 3353 3639 3398 sermonem
3692 3344 3752 3399 et

2093 3421 2308 3499 dogma
2329 3422 2628 3503 vendat,et
2662 3423 2930 3486 fortassis
2952 3444 3087 3486 cum
3112 3424 3191 3487 sit
3221 3426 3455 3505 doctor,
3488 3443 3609 3486 non
3638 3444 3749 3489 an-

2094 3513 2329 3575 nuntiet
2376 3512 2653 3596 verbum,
2706 3513 2821 3596 nisi
2868 3514 3370 3596 lucrumjhabeat,
3408 3515 3585 3576 etiam
3618 3516 3750 3596 ejus

2096 3610 2360 3655 mensam
2394 3592 2681 3656 subvertit
2710 3594 3234 3671 Dominus,sedem
3266 3595 3401 3657 dico
3432 3592 3744 3671 doctrinae,

2095 3690 2152 3741 et
2174 3700 2514 3744 sermonem
2539 3701 2716 3764 quem
2740 3682 2841 3746 ille
2888 3684 3134 3746 cohibet
3162 3694 3407 3766 propter
3439 3684 3748 3767 malitiam,

2093 3771 2233 3832 557
2269 3792 2387 3834 non
2421 3772 2569 3834 dans
2599 3773 2764 3834 illum
2798 3773 3077 3835 omnibus
3106 3792 3283 3854 quem
3336 3774 3624 3837 Dominus
3652 3776 3752 3836 Je-

2096 3881 2199 3923 sus
2214 3881 2320 3942 per
2333 3863 2802 3925 misericordiam
2819 3863 3438 3945 eﬂ'undit.populisque
3451 3863 3749 3940 dat,illum

2092 3953 2381 4033 quidema
2405 3953 2737 4034 principatu
2760 3954 3072 4034 dejiciens,
3100 3963 3156 4016 et
3173 3954 3355 4015 alium
3379 3954 3440 4015 in
3463 3953 3751 4015 doctrinm

2092 4043 2296 4105 sedem
2314 4045 2633 4106 collocans.
2646 4044 2963 4107 Recordati
2978 4044 3608 4126 suntautemdiscipuli
3621 4045 3752 4126 ejus

2088 4133 2249 4213 quod
2272 4135 2559 4215 scriptum
2586 4133 2895 4205 sit,aZelus
2921 4134 3136 4196 domus
3158 4142 3273 4196 tuas
3293 4135 3557 4196 comedit
3582 4152 3742 4197 me.)

2087 4223 2378 4286 Paulatim
2391 4217 3752 4306 enimincrementabonisumentes.etScriptu-

2087 4330 2284 4375 rarum
2308 4312 2894 4386 recordantur,unde
2914 4313 3255 4374 testimonia
3270 4311 3749 4393 recipiendo,ﬁr-

2087 4404 2337 4463 miorem
2365 4402 2442 4464 de
2462 4400 2696 4464 Christo
2719 4402 3034 4463 scientiam
3059 4403 3215 4483 apud
3244 4420 3311 4464 se
3352 4401 3743 4465 constituunt.

340 4497 550 4577 κακίαν,
583 4498 661 4573 μὴ
691 4494 861 4562 διδοὺς
892 4497 1049 4554 αὐτὸν
1078 4502 1265 4576 πᾶσιν,
1298 4496 1357 4552 ὃν
1389 4496 1417 4551 ὀ
1477 4495 1662 4575 Κύριος
1725 4493 1933 4561 Ἰησοῦς
1968 4494 2151 4575 ἕκχέει
2206 4494 2292 4548 διὰ
2341 4492 2756 4573 φιλανθρωπίαν,
2800 4494 2889 4549 καὶ
2938 4506 3055 4555 τοϊς
3087 4492 3243 4558 λαοῖς
3272 4491 3507 4565 δίδωσιν,
3540 4490 3747 4550 ἐκεῖνον

339 4588 437 4665 μὲν
468 4573 752 4666 παραλύων
778 4591 879 4655 τῆς
911 4586 1119 4667 ἀρχῆς,
1154 4573 1319 4643 ἄλλον
1377 4583 1461 4667 δὲ,
1494 4573 1585 4641 τὸν
1642 4584 1786 4651 ἄξιον
1841 4583 1928 4641 ἰπὶ
1984 4573 2075 4640 τόν
2132 4583 2228 4650 τῆς
2289 4580 2629 4646 διδασκαλίας
2684 4582 2864 4661 θρόνον
2928 4583 3175 4653 καθίζων.
3216 4573 3592 4657 Ἐμνήσθησαν
3619 4579 3747 4637 δὶοί

339 4665 593 4752 μαθηταὶ,
626 4676 708 4735 ὅτι
741 4665 1113 4757 γεγραμμένον
1149 4675 1291 4733 ἐστίν
1325 4690 1339 4704 ⁸
1384 4695 1413 4735 ε
1449 4665 1507 4734 Ὀ
1538 4675 1709 4748 ζῆλος
1741 4681 1834 4730 τοῦ
1865 4671 2022 4733 οἴκου
2045 4696 2137 4732 σου
2168 4672 2436 4751 κατέφαγε
2468 4694 2557 4747 με.
2601 4696 2622 4729 υ
2664 4673 2808 4729 Κατὰ
2837 4671 3012 4751 βραχὺ
3042 4673 3142 4749 γὰρ
3171 4673 3271 4740 την
3299 4670 3384 4727 ἐπὶ
3411 4673 3472 4726 1‘0
3500 4685 3749 4750 κρεῖττον
3842 4666 3849 4671 ’

340 4765 567 4831 επίῖοσιν
597 4764 983 4845 λαμϐάνοντες,
1014 4764 1118 4834 ἤδη
1154 4768 1245 4823 καὶ
1275 4770 1381 4821 τῶν
1414 4770 1635 4846 Γραφῶν
1666 4764 2189 4841 ἀναμιμνήσκονται,
2238 4762 2487 4819 κάκεῖθεν
2544 4764 2637 4827 τὰς
2671 4762 2955 4839 μαρτυρίας
2986 4761 3372 4839 λαμϐάνοντες,
3406 4759 3748 4839 βεϐαιοτέραν

340 4857 437 4925 τὴν
466 4858 583 4935 περὶ
619 4864 844 4936 Χριστοῦ
888 4862 1083 4935 γνῶσιν
1129 4856 1453 4914 καθιστῶσιν
1484 4856 1718 4921 ἑαυτοῖς.

426 4971 454 5002 ι
501 4946 893 5027 Ἀπεκρίθησαν
920 4946 1009 5004 οῦν
1057 4950 1105 5005 0i
1149 4944 1422 5027 Ἰουδαῖοι,
1473 4946 1562 5003 καὶ
1609 4946 1769 5004 εἶπον
1813 4946 1955 5023 αὐτῷ
1986 4964 2002 4980 ⁸

2172 4945 2349 5005 Vens.
2385 4942 2583 5006 18-22.
2619 4967 2644 4996 α
2684 4940 3145 5023 Responderunt
3173 4959 3314 5021 ergo
3346 4939 3623 5021 Judaei,et
3645 4940 3746 5001 di-

338 5039 396 5096 Τί
455 5049 686 5114 σημεῖον
744 5035 995 5101 δεικνύεις
1058 5037 1224 5115 ἡμῖν,
1278 5035 1360 5093 ὅτι
1404 5042 1570 5094 ταῦτα
1613 5048 1790 5100 ποιεῖς
1826 5056 1842 5117 ς
1874 5036 2006 5094 Ἀπ-

338 5128 517 5206 εκρίθη
560 5129 588 5183 6
631 5125 864 5202 Ἰησοῦς,
910 5128 1000 5186 καὶ
1042 5131 1197 5185 εἶπεν
1244 5125 1429 5192 αύτοϊς
1459 5142 1474 5158 '
1525 5125 1728 5183 Λύσατε
1758 5128 1851 5183 τὸν
1880 5129 2006 5184 ναὸν

336 5223 548 5299 τοῦτον,
587 5218 676 5273 καὶ
721 5219 777 5273 Iw
833 5219 997 5296 τρισὶν
1050 5216 1276 5296 ἡμέραις
1363 5215 1532 5295 ἐγερῶ
1586 5215 1766 5275 αὐτόν.
1832 5216 2005 5273 Εἶπον

334 5307 424 5365 οῦν
484 5309 532 5365 0'1
587 5303 836 5366 Ἰουδαῖοι
870 5321 886 5338 ⁸
950 5306 1357 5386 Τεσσαράκοντα
1415 5306 1502 5361 καὶ
1547 5301 1599 5371 ἓξ
1656 5303 1826 5362 ἔτεσιν
1856 5306 2003 5380 ᾠκο-

334 5394 544 5473 δομήθη
605 5398 632 5453 6
676 5397 801 5461 ναὸς
832 5395 1009 5469 οὗτος,
1036 5397 1144 5453 ’καὶ
1187 5396 1250 5451 σύ
1293 5393 1346 5450 ὲν
1398 5395 1565 5472 τρισὶν
1593 5394 1818 5475 ἡμέραις
1874 5397 2000 5474 ἔγεο

2090 5041 2306 5095 xerunt
2335 5032 2423 5095 ei:
2483 5032 2652 5106 Quod
2682 5032 2914 5112 signum
2947 5033 3215 5095 ostendis
3244 5030 3416 5092 nobis
3447 5030 3604 5110 quod
3636 5034 3748 5091 ista

2090 5121 2321 5184 facias?
2373 5120 2708 5205 Respondit
2764 5123 2960 5196 Jesus,
3011 5131 3070 5182 et
3100 5121 3250 5183 dixit
3278 5122 3409 5185 eis:
3448 5119 3747 5182 Destruite

2093 5212 2379 5292 templum
2414 5215 2547 5295 hoc,
2594 5223 2651 5274 et
2701 5211 2761 5272 in
2796 5210 2989 5273 tribus
3038 5210 3253 5273 diebus
3300 5209 3521 5289 erigam
3572 5208 3740 5271 illud.

2088 5300 2378 5364 Dixerunt
2394 5321 2536 5382 ergo
2552 5301 2741 5365 Judaei
2766 5321 2779 5362 :
2802 5298 3203 5380 Quadraginta
3222 5319 3323 5362 sex
3346 5298 3520 5361 annis
3550 5307 3746 5363 extru-

2088 5400 2247 5453 ctum
2278 5400 2368 5453 est
2398 5392 2681 5472 templum
2703 5392 2907 5467 hoc,et
2930 5398 2989 5451 tu
3021 5390 3081 5451 in
3110 5389 3299 5451 tribus
3320 5387 3535 5451 diebus
3552 5390 3747 5469 eriges

339 5501 453 5567 ρεϊς
514 5486 721 5567 αὐτόνς
783 5482 1025 5548 Ἐκεῖνος
1075 5483 1130 5542 δὲ
1189 5483 1340 5563 ἔλεγε
1402 5484 1522 5563 περὶ
1579 5490 1673 5541 τοῦ
1743 5486 1868 5541 ναοῦ
1917 5486 2004 5542 τοῦ

2092 5478 2276 5542 illud?
2294 5482 2366 5542 At
2392 5482 2494 5544 ille
2516 5481 2755 5544 dicebat
2779 5479 2856 5541 de
2888 5479 3115 5560 templo
3144 5478 3415 5560 corporis
3444 5477 3559 5539 sui.
3593 5480 3744 5567 Cum

340 5578 589 5653 σῴματος
648 5575 828 5637 αὒτοῦ.
861 5573 994 5634 "Ou
1053 5576 1140 5632 οῦν
1183 5571 1386 5652 ἠγέρθη
1447 5571 1507 5630 lx
1554 5578 1777 5653 νεκρῶν,
1833 5574 2009 5649 ὶμνή-

343 5641 543 5733 σθησαν
591 5669 638 5724 oi
695 5664 927 5743 μαθηταὶ
986 5665 1169 5740 αὐτοῦ,
1366 5671 1523 5723 τοῦτο
1565 5641 1776 5741 ἕλέγενῗ
1798 5664 2029 5742 αὖτοϊς,,

339 5757 427 5812 καὶ
478 5756 792 5814 δπίστευσαν
847 5761 917 5833 τῇ
978 5760 1186 5837 Γραφῇ,
1219 5753 1413 5827 καὶτῷ
1472 5752 1619 5833 λόγῳ
1662 5754 1709 5827 ᾧ
1764 5753 1921 5809 εἶπεν
1979 5757 2007 5811 ὃ

2091 5588 2232 5650 ergo
2258 5571 2688 5633 resurrexisset
2717 5587 2751 5631 a
2773 5568 3044 5644 mortuis,
3064 5567 3365 5631 recordati
3390 5566 3743 5629 sunt'disci-

2094 5659 2213 5742 puli
2248 5659 2377 5739 ejus
2410 5662 2566 5743 quod
2618 5661 2732 5724 hoc
2761 5656 3031 5741 dixisset,
3072 5668 3131 5722 et
3161 5656 3551 5722 crediderunt
3579 5654 3745 5720 Scri-

2092 5757 2306 5830 ptum,
2326 5759 2386 5811 et
2402 5750 2667 5815 sermoni
2686 5765 2864 5832 quem
2885 5748 3117 5811 dixerat
3131 5745 3331 5813 Jesus.
3360 5769 3385 5804 ι
3423 5748 3743 5828 Postquam
