4178 6408
420 326 574 398 1203

413 571 591 616 amen
623 551 759 615 dico
785 551 915 627 tibi,
954 551 1069 613 nisi
1099 551 1234 632 quis
1256 560 1432 616 natus
1462 552 1639 615 fuerit
1657 569 2071 634 supernc,non

414 650 606 722 potest
640 642 843 703 videre
866 660 1114 721 regnum
1147 640 1315 703 Dei.»
1356 642 1651 705 Videntur
1676 644 1855 705 verba
1876 661 2008 723 quae
2038 660 2071 704 a

414 732 714 796 Salvatore
740 730 920 806 dicta,
956 730 1105 793 nihil
1138 731 1418 794 alludere
1434 732 1507 793 ad
1533 751 1624 811 ea,
1668 751 1801 813 quae
1829 752 1863 796 a
1892 731 2070 794 Nice-

414 820 589 884 demo
619 819 778 883 dicta
799 840 813 882 :
838 828 895 882 at
916 820 965 881 si
988 821 1123 902 quis
1148 830 1310 883 recte
1342 822 1683 895 attenderit,
1734 822 1904 885 valde
1928 841 2068 883 con-

410 928 626 992 gruere
651 908 1439 992 inveniet.Quandoquidem
1470 910 1835 974 Nicodemus
1867 911 2069 973 humi-

411 1002 529 1064 lem
579 1000 656 1062 de
688 999 921 1063 Christo
954 999 1212 1063 habebat
1242 1000 1618 1080 opinionem,
1647 1020 1866 1084 nempe
1913 1001 2067 1082 quod

413 1089 694 1169 magister
726 1097 908 1162 esset,
947 1108 1017 1151 ac
1064 1087 1220 1151 Deus
1272 1097 1431 1152 esset
1482 1109 1615 1152 cum
1670 1090 1796 1167 illo,
1831 1090 1973 1155 dicit
2016 1092 2069 1153 ei

410 1178 742 1242 Dominus:
811 1178 1019 1240 Merito
1068 1178 1145 1241 ita
1195 1178 1272 1241 de
1327 1180 1538 1258 sentis;
1589 1181 1853 1243 nondum
1907 1180 2067 1243 enim

411 1280 589 1331 natus
608 1285 674 1330 es
703 1285 985 1349 superne,
1022 1267 1136 1329 hoc
1166 1278 1280 1340 est,
1314 1288 1349 1329 a
1377 1268 1497 1334 Deo
1525 1268 1821 1350 spirituali
1868 1269 2069 1331 nativi-

412 1364 555 1432 tate,
589 1356 695 1420 sed
751 1356 1008 1419 carnalis
1054 1376 1120 1420 es
1159 1375 1171 1420 :
1222 1367 1279 1420 et
1330 1357 1585 1438 cognitio
1637 1378 1810 1440 quam
1852 1360 1927 1421 de
1974 1378 2069 1421 me

411 1446 621 1521 habes,
648 1465 769 1508 non
798 1456 889 1509 est
916 1445 1267 1527 spiritualis,
1298 1446 1402 1509 sed
1435 1447 1735 1523 animalis,
1770 1456 1828 1510 et
1858 1448 2066 1511 huma-

1334 316 1979 399 'THEOPHYLACTI
2025 332 2431 395 BULGARIE
2478 317 2837 396 ARCHIEP.

496 460 680 526 Vitas.
715 462 775 528 3.
820 485 844 521 ε
880 461 1214 543 Respondit
1241 464 1436 538 .lesus,
1471 471 1531 526 et
1561 464 1708 526 dixit
1728 463 1783 527 ei
1810 482 1823 527 :
1850 464 2068 541 Amen,
2095 469 2135 519 Α

3668 309 3819 393 ιεὸλι

2244 487 2269 519 ε
2306 464 2590 545 Ἀπεκρίθη
2651 466 2678 521 6
2735 464 2968 545 Ἰησοῦς,
3012 466 3099 521 καὶ
3147 465 3303 521 εἶπεν
3355 468 3498 539 αὐτῷ
3535 481 3549 496 ⁶
3612 462 3811 541 Ἀμὴν,

2154 554 2298 631 ἀμήν
2331 552 2475 633 λέγω
2533 577 2639 633 σοι,
2696 556 2789 612 ἑὰν
2847 556 2924 628 μή
2976 577 3054 618 τις
3105 558 3336 631 γεννηθῇ
3368 553 3585 631 ἄνωθεν,
3617 557 3675 611 οὗ
3718 549 3812 608 δύ-

2155 667 2305 701 ναται
2364 642 2497 700 ἰδεῖν
2568 646 2665 713 τήν
2722 644 2996 722 βασιλείαν
3069 652 3159 701 τοῦ
3216 652 3368 707 Θεοῦ,
3434 668 3461 700 n
3531 654 3693 700 Δοκεῖ
3749 643 3817 699 τὰ

2154 736 2297 814 παρὰ
2361 742 2453 791 τοῦ
2528 740 2780 815 Σωτῆρος
2852 737 2982 815 πρὸς
3041 735 3130 791 τὸν
3213 732 3513 809 Νικόδημον
3568 733 3813 812 ῥηθέντα,

2154 823 2399 901 οὐδεμίαν
2444 827 2723 882 κοινωνίαν
2767 824 2917 906 ἔχειν
2961 827 3091 901 πρὸς
3138 822 3170 879 ἂ
3231 824 3449 904 εἴρηκεν
3506 826 3533 880 6
3578 821 3812 889 Νικόδη-

2157 937 2256 985 μος
2290 931 2304 946 ⁸
2367 921 2443 988 τῷ
2488 913 2539 971 δὲ
2601 914 2922 996 προσέχοντι
2990 916 3079 972 καὶ
3134 913 3311 981 πολλὴ
3370 914 3616 970 κοινωνία
3648 912 3821 992 ἐμφα-

2157 1006 2396 1073 νήσεται.
2461 1004 2613 1063 Ἐπεὶ
2670 1006 2769 1083 γὰρ
2828 1007 2854 1061 6
2900 1003 3203 1079 Νικόδημος
3235 1003 3505 1079 ῦπόληψιν
3537 1004 3662 1082 εἶχε
3698 1003 3815 1079 περὶ

2156 1100 2384 1173 Χριστοῦ
2447 1094 2726 1167 ταπεινὴν,
2802 1094 2894 1151 ἵνα
2947 1091 3257 1157 διδάσκαλος
3326 1092 3461 1165 ἐστι,
3521 1094 3607 1149 καὶ
3650 1091 3730 1149 ὅτι
3789 1093 3816 1148 6

2155 1183 2286 1247 Θεός
2338 1183 2450 1240 ἐστι
2510 1182 2628 1260 μετ’
2695 1185 2875 1255 αὐτοῦ,
2952 1185 3083 1263 φησὶ
3138 1184 3271 1261 πρὸς
3330 1182 3485 1239 αὐτὸν
3529 1182 3557 1237 6
3603 1180 3813 1260 Κύριος,

2153 1270 2232 1329 ὅτι
2267 1274 2500 1339 Εἰκότως
2531 1272 2681 1353 ’έχεις
2714 1274 2964 1341 τοιαύτην
3006 1270 3279 1348 ὑπόληψιν
3327 1272 3443 1349 περὶ
3469 1270 3620 1345 ἐμοῦ.
3656 1269 3816 1328 Οὔπω

2153 1363 2252 1442 γὰρ
2310 1363 2597 1442 ἐγεννήθης
2642 1361 2864 1443 ἄνωθεν,
2928 1362 3219 1437 τουτέστιν,
3265 1364 3329 1418 εκ
3386 1362 3516 1418 Θεοῦ
3571 1380 3814 1434 πνευμα-

2154 1452 2309 1518 τικὴν
2368 1451 2640 1530 γέννησιν,
2688 1449 2808 1509 ἀλλ’
2859 1450 2935 1509 ἔτι
2993 1452 3242 1531 σαρκικὸς
3295 1451 3376 1526 εἴ,
3412 1451 3498 1507 καὶ
3527 1451 3561 1517 ἡ
3592 1456 3812 1527 γνῶσις,

412 1554 510 1599 na.
542 1534 664 1614 Ego
694 1543 891 1598 autem
923 1535 1060 1597 dico
1094 1534 1223 1610 tibi,
1249 1536 1407 1616 quod
1438 1536 1551 1598 nisi
1589 1546 1675 1617 tu,
1704 1544 1762 1599 et
1791 1538 2065 1619 quisquis

2167 1541 2216 1610 ἦν
2248 1540 2397 1621 ἔχεις
2441 1543 2560 1621 περὶ
2591 1543 2744 1618 ἐμοῦ,
2779 1545 2873 1601 οῦκ
2895 1540 3006 1599 ἔστι
3038 1541 3393 1617 πνευματικὴ,
3427 1539 3561 1599 ἄλλα
3603 1544 3815 1621 ψυχικὴ

412 1624 565 1688 alius
587 1624 1054 1705 fuerit,superne
1076 1632 1134 1686 et
1159 1643 1228 1687 ex
1251 1624 1374 1688 Deo
1406 1626 1527 1688 nati
1552 1625 1808 1703 fueritis,
1825 1635 1885 1688 et
1907 1628 2060 1706 piam

2167 1632 2235 1688 ιαὶ
2279 1620 2605 1711 ἀνθρωπική.
2655 1628 2800 1710 Ἐγὼ
2851 1628 2906 1687 δὲ
2964 1630 3106 1709 λέγω
3164 1654 3273 1705 σοι,
3333 1629 3414 1686 ὅτι
3470 1631 3557 1687 καὶ
3608 1629 3692 1709 σὺ,
3726 1620 3817 1684 καὶ

412 1724 476 1779 et
494 1714 731 1796 dignam
764 1712 838 1776 de
870 1732 963 1775 me
985 1713 1331 1813 opinionem
1378 1714 1732 1789 habueritis,
1766 1725 1929 1779 extra
1960 1736 2061 1780 re-

2167 1717 2311 1785 ἱλλος
2370 1721 2637 1800 ὁστισοῦν,
2698 1720 2787 1777 ἐὰν
2841 1720 2920 1796 μὴ
2970 1717 3166 1778 ἄνωθεν
3211 1721 3300 1777 καὶ
3345 1720 3405 1777 ἐκ
3461 1724 3591 1776 Θεοῦ
3621 1740 3818 1797 γεννη-

412 1823 528 1886 gna
549 1804 833 1866 caelorum
864 1803 1023 1865 estis.
1049 1800 1330 1866 Nativitas
1352 1804 1512 1866 enim
1549 1823 1655 1886 per
1677 1805 2065 1887 baptismum,

2167 1807 2352 1883 δέντες,
2414 1808 2511 1878 τήν
2572 1808 2715 1876 ἀξίαν
2777 1808 2928 1876 δόξαν
2986 1811 3104 1890 περὶ
3144 1811 3278 1885 ἐμοῦ
3319 1807 3555 1881 λάϐοιτε,
3590 1808 3688 1873 ἔξω
3717 1807 3814 1875 τῆς

413 1893 909 1958 illuminationem
949 1892 1222 1974 praebens
1243 1892 1459 1956 animae
1504 1912 1754 1973 regnum
1788 1895 1920 1976 Dei,
1956 1897 2069 1959 hoc

2167 1898 2423 1961 Βασιλείας
2478 1899 2623 1960 ἐστέ.
2705 1906 2749 1957 Η
2801 1901 2901 1979 γὰρ
2960 1898 3044 1957 διὰ
3115 1907 3211 1958 τοῦ
3267 1902 3632 1976 βαπτίσματος
3690 1897 3819 1977 γέν-

414 1992 525 2059 est,
552 1980 922 2064 unigenitum
961 1981 1117 2044 illius
1146 1982 1391 2061 Filium,
1426 1984 1656 2061 videre,
1680 1984 1791 2047 hoc
1836 1994 1948 2061 est,
1982 1986 2070 2048 in-

2167 2010 2305 2055 νησις
2365 1991 2639 2067 φωτισμὸν
2687 1988 2982 2063 ἐμποιοῦσα
3032 1991 3102 2065 τῇ
3146 1990 3324 2069 ψυχῇ,
3386 1990 3486 2056 τὴν
3541 1996 3631 2045 τοῦ
3688 1994 3821 2044 Θεοῦ

413 2072 689 2154 telligere
721 2072 1001 2135 dat.Nam
1026 2072 1181 2134 sicut
1202 2073 1310 2135 Dei
1330 2073 1628 2155 sapientia
1650 2073 1836 2137 Filius
1867 2077 2069 2151 est,ita

2167 2076 2445 2152 Βασιλεία-ι,
2510 2077 2627 2146 ἤτοι
2686 2080 2775 2135 τὸν
2835 2078 3100 2157 μονογενῆ
3174 2082 3293 2136 Υίὸν
3365 2080 3523 2136 αὑτοῦ
3578 2076 3819 2154 βλέπειν,

412 2171 473 2227 et
495 2181 745 2243 regnum
772 2181 1013 2245 quoque
1057 2163 1162 2226 Dei
1194 2162 1434 2225 dicitur.
1461 2163 1587 2226 Hoc
1621 2182 1765 2227 sane
1816 2183 2069 2246 regnum

412 2270 591 2314 nemo
633 2252 815 2327 videt,
853 2252 967 2314 hoc
1000 2260 1113 2334 est,
1160 2252 1462 2333 intelligit,
1498 2274 1531 2315 ο
1562 2252 1914 2337 Nicodeme,
1960 2254 2073 2317 nisi

414 2351 586 2404 natus
614 2342 789 2405 fuerit
830 2360 865 2403 a
902 2343 1027 2405 Deo
1071 2360 1085 2405 :
1122 2350 1300 2424 atque
1340 2343 1423 2405 ita
1456 2343 1634 2405 etiam
1667 2351 1754 2418 tu,
1789 2344 2071 2427 quoniam

417 2431 681 2495 nondum
713 2438 888 2493 natus
911 2449 976 2493 es
994 2430 1745 2514 spiritualiter,propterea
1767 2452 1886 2495 non
1905 2434 2072 2496 vides

419 2538 514 2581 me
544 2539 794 2601 regnum
834 2519 964 2601 Dei,
998 2520 1151 2583 sicut
1179 2528 1435 2602 oportet,
1465 2524 1567 2584 sed
1616 2522 1905 2585 humilem
1938 2525 2071 2605 opi-

420 2610 663 2673 nionem
700 2611 777 2673 de
809 2628 907 2673 me
935 2608 1145 2675 habes.

495 2877 813 2953 Vens.4,5.
840 2879 1029 2943 «Dicit
1059 2880 1134 2942 ad
1156 2898 1293 2944 eum
1319 2880 1719 2947 Nicodemus:
1755 2884 2069 2958 Quomodo

416 2976 612 3051 potest
640 2969 820 3032 homo
840 2969 1033 3044 nasci,
1065 2989 1202 3033 cum
1235 2970 1316 3035 sit
1345 2972 1560 3035 senex?
1598 2974 1753 3038 Num
1788 2982 1981 3056 potest
2009 2974 2070 3036 in

2156 2168 2421 2239 τουτέστι,
2476 2182 2647 2249 νοεῖν,
2711 2167 2943 2231 δίδωσιν.
3019 2158 3214 2246 Ὠσπερ
3260 2170 3359 2247 γὰρ
3421 2168 3553 2226 Θεοῦ
3592 2170 3746 2247 σοφία
3794 2168 3821 2222 6

2159 2260 2304 2338 Υἱὸς,
2365 2258 2503 2315 οὕτω
2534 2257 2599 2327 δὴ
2631 2262 2719 2317 καὶ
2775 2257 3016 2335 βασιλεία
3076 2259 3209 2316 Θεοῦ
3254 2259 3410 2325 αὒτὸς
3468 2257 3527 2314 ἂν
3580 2256 3817 2335 λέγοιτο.

2156 2349 2366 2416 Ταύτην
2420 2347 2475 2405 δὲ
2538 2349 2636 2417 τὴν
2679 2347 2951 2427 βασιλείαν
2997 2353 3093 2408 οὐκ
3123 2348 3185 2405 ἂν
3232 2347 3336 2406 ἴδοι
3383 2371 3487 2428 τις,
3548 2351 3818 2423 τουτέστι,

2157 2440 2364 2513 νοήσοι,
2417 2442 2461 2494 ὧ
2520 2438 2816 2515 Νικόδημε,
2872 2440 2916 2494 εἰ
2967 2440 3046 2515 μη
3103 2443 3335 2517 γεννηθῇ
3402 2438 3463 2496 ἐκ
3518 2446 3611 2495 τοῦ
3666 2446 3820 2498 Θεοῦ.

2160 2519 2336 2585 ’Ὥστε
2382 2530 2470 2586 καὶ
2522 2531 2606 2602 σὺ,
2668 2528 2781 2587 ἐπεὶ
2844 2530 2939 2586 οῦκ
3043 2528 3331 2607 ἐγεννήθης
3391 2528 3538 2586 οὔπω
3581 2550 3823 2605 πνευμα-

2156 2619 2344 2699 τικῶς,
2406 2616 2490 2676 διὰ
2532 2621 2688 2677 τοῦτο
2748 2618 2808 2675 οῦ
2864 2617 3081 2695 βλέπεις
3135 2620 3258 2700 ἐμὲ,
3288 2619 3389 2687 τὴν
3418 2617 3685 2696 βασιλείαν
3729 2624 3825 2675 τοῦ

2159 2707 2311 2789 Θεοῦ,
2370 2709 2505 2766 καθᾶ
2568 2705 2673 2783 δεῖ,
2748 2706 2885 2764 ἀλλὰ
2942 2708 3198 2776 ταπεινὴν
3270 2707 3421 2774 δόξαν
3494 2708 3642 2789 ἔχεις
3703 2709 3823 2784 περὶ

2158 2787 2307 2865 ἱμοῦ.

2243 2900 2269 2931 ι
2308 2877 2465 2955 Λέγει
2527 2878 2653 2956 πρὸς
2715 2877 2869 2935 αῦτὸν
2921 2880 2948 2934 6
3006 2876 3334 2953 Νικόδημος,
3423 2884 3544 2941 Πῶς
3604 2875 3815 2933 δύναται

2158 2964 2431 3043 ἅνθρωπος
2492 2970 2836 3047 γεννηθῆναι,
2897 2967 3065 3045 γέρων
3134 2966 3257 3047 ὢν,
3315 2967 3403 3035 Μὴ
3476 2965 3687 3023 δύναται
3744 2967 3820 3027 εἰς

412 3065 676 3120 ventrem
730 3059 935 3121 matris
973 3077 1097 3121 suae
1146 3059 1362 3123 iterum
1397 3062 1671 3137 introire,
1700 3083 1769 3126 ac
1795 3055 2075 3128 renasci?

2167 3059 2260 3125 civ
2318 3055 2524 3114 κοιλίαν
2592 3062 2691 3124 τῆς
2766 3059 2969 3135 μητρὸς
3024 3059 3182 3116 αὐτοῦ
3247 3055 3480 3134 δεύτερον
3537 3056 3819 3129 εἰσελθεῖν,

416 3145 745 3237 Respondit
772 3149 948 3210 Jesus
984 3167 997 3212 :
1025 3148 1245 3225 Amen,
1271 3169 1448 3214 amen
1483 3150 1618 3215 dico
1646 3152 1776 3229 tibi,
1802 3153 1919 3216 nisi
1945 3154 2079 3235 quis

416 3244 656 3299 renatus
682 3238 862 3300 fuerit
883 3256 953 3301 ex
978 3257 1133 3320 aqua
1146 3247 1201 3301 et
1226 3237 1603 3322 Spiritu,non
1637 3252 1831 3324 potest
1852 3244 2080 3307 intrare

413 3326 477 3387 in
509 3344 757 3407 regnum
784 3326 913 3390 Dei.
957 3353 979 3383 υ
1018 3328 1286 3392 Audiens
1330 3328 1695 3394 Nicodemus
1743 3333 2076 3397 doctrinam

417 3415 551 3497 plus
571 3434 746 3497 quam
776 3417 1513 3500 humanam,stupescit,et
1537 3440 1742 3502 passus
1754 3423 2078 3485 humanum

415 3505 700 3587 quiddam
728 3506 1075 3585 interrogat,
1100 3509 1419 3582 Quomodo
1446 3512 1670 3591 potest?
1695 3512 1761 3575 Id
1795 3512 1952 3593 quod
1986 3514 2081 3574 in-

417 3595 784 3659 credulitatis
813 3605 903 3659 est
934 3596 1197 3678 signum.
1235 3598 1349 3663 Ubi
1379 3600 1538 3662 enim
1590 3601 1741 3664 ﬁdes
1788 3622 1904 3663 non
1965 3612 2077 3675 est,

418 3684 560 3746 540
580 3684 701 3747 illic
730 3685 1040 3766 qumritur,
1076 3686 1385 3761 Quomodo
1417 3688 1566 3752 hoc?
1595 3701 1676 3768 et,
1712 3693 1907 3764 Quare
1938 3690 2084 3753 hoc?

420 3773 742 3855 Propterea
755 3774 1007 3837 ridicula
1027 3773 1075 3837 N
1085 3776 1345 3838 icodemi
1363 3777 1547 3840 verba
1560 3778 2085 3861 apparent,Neque

424 3863 583 3927 enim
612 3863 907 3927 intellexit
943 3864 1318 3947 spiritualem
1371 3867 1764 3943 nativitatem,
1792 3869 1896 3931 sed
1924 3887 2089 3931 men-

422 3952 648 4040 tionem
708 3952 1035 4032 corporalis
1078 3954 1303 4017 ventris
1360 3955 1519 4019 faeit.
1558 3959 1878 4040 Postquam
1925 3958 2084 4019 enim

423 4039 667 4118 audivit,
728 4064 759 4130 (ι
780 4040 905 4130 Nisi
959 4043 1090 4125 quis
1140 4044 1363 4121 ἄνωθεν,
1400 4069 1429 4101 ι
1495 4064 1528 4107 e
1579 4039 1880 4130 supernis,
1912 4047 2087 4110 fuerit

2164 3148 2252 3203 καὶ
2309 3148 2679 3225 γεννηθῆναι;
2740 3146 3027 3221 Ἀπεκρίθη
3090 3146 3301 3214 ἰησοῦς
3339 3166 3351 3179 ·
3435 3144 3630 3221 Ἀμὴν,
3678 3146 3823 3221 ἀμὴν

2163 3235 2307 3315 λέγω
2367 3260 2476 3316 σοι,
2532 3236 2622 3293 ἐὰν
2670 3239 2830 3312 μήτις
2894 3241 3123 3315 γεννηθιξ⁸
3182 3236 3233 3302 ἐξ
3292 3234 3477 3301 ὕδατος
3508 3238 3596 3292 καὶ
3652 3237 3823 3292 Ilvati-

2165 3349 2358 3403 ματος,
2405 3329 2465 3384 οὒ
2508 3325 2719 3384 δύναται
2780 3329 2853 3391 εἰς
2912 3328 3009 3394 τὴν
3064 3327 3335 3404 βασιλείαν
3367 3333 3456 3382 τοῦ
3487 3328 3618 3383 Θεοῦ
3648 3325 3823 3382 εἰσελ-

2162 3420 2299 3479 θεῖν,
2339 3439 2361 3475 ο
2430 3416 2668 3473 Ἀκούων
2726 3419 2753 3473 6
2812 3414 3117 3493 Νικόδημος
3177 3418 3340 3491 μείζω
3383 3416 3710 3493 ἀνθρωπίνης
3756 3413 3833 3471 δι-

2164 3505 2477 3587 δασκαλίας,
2539 3505 2920 3580 ἐκπλήττεται,
2982 3509 3071 3563 καὶ
3122 3509 3302 3563 παθὼν
3333 3507 3657 3587 ἀνθρώπινον
3716 3506 3827 3561 πά-

2163 3600 2273 3669 θος,
2323 3596 2494 3675 ἐρωτᾷ
2527 3613 2541 3628 ·
2611 3619 2637 3649 ε
2675 3597 2794 3659 Πῶς
2844 3594 3054 3651 δηόναται
3091 3615 3106 3672 ;
3146 3621 3172 3651 ε
3237 3596 3364 3675 ὅπερ
3423 3596 3668 3659 ἀπιστίας
3717 3595 3829 3653 ἐστὶ

2167 3699 2423 3762 σημεῖον,
2489 3676 2672 3743 υΟπου
2717 3688 2815 3766 γὰρ
2860 3686 3039 3750 πίστις
3085 3691 3180 3745 οῦκ
3224 3685 3386 3761 ἔστιν,
3441 3685 3557 3742 ἐκεῖ
3588 3687 3669 3760 τὸ,
3702 3690 3824 3749 Πῶς

2171 3773 2287 3833 τόδε
2320 3794 2336 3850 ;
2371 3777 2481 3847 καὶ,
2522 3778 2619 3833 Διὰ
2648 3778 2697 3833 τί
2727 3775 2843 3833 τόδε
2881 3796 2896 3852 ;
2933 3779 3025 3832 Διὸ
3057 3778 3143 3833 καὶ
3201 3775 3574 3856 καταγέλαστα
3619 3776 3682 3833 τὰ
3736 3783 3828 3831 τοῦ

2172 3863 2474 3942 Νικοδήμου
2558 3866 2773 3942 ῥήματα
2872 3865 3168 3947 φαίνονται.
3244 3868 3316 3925 Οῦ
3398 3867 3497 3945 γὰρ
3582 3865 3827 3932 ἐνενόησε

2171 3955 2420 4033 γέννησιν
2518 3956 2907 4036 πνευματικήν,
2986 3954 3121 4012 ἀλλὰ
3205 3958 3431 4036 γαστρὸς
3515 3959 3827 4032 σωματικῆς

2173 4043 2465 4120 μέμνηται.
2500 4042 2649 4102 Ἐπεὶ
2679 4047 2779 4124 γὰρ
2810 4044 3004 4113 ἤκουσε
3048 4048 3132 4115 τὸ,
3193 4069 3215 4101 tt
3250 4045 3374 4105 Ἐὰν
3433 4048 3509 4122 μή
3562 4068 3642 4111 τις
3700 4066 3824 4124 γεν-

424 4137 618 4208 natus,
674 4129 1048 4194 existimatur
1104 4133 1298 4193 ἄνωθεν
1358 4133 1431 4197 ab
1483 4134 1677 4213 initio,
1740 4145 1800 4197 et
1856 4137 2080 4211 denuo,

2168 4135 2303 4209 νηθῇ
2347 4132 2563 4213 ἄνωθεν,
2603 4158 2628 4187 »
2690 4134 2903 4211 ἐνόμισε
2959 4136 3019 4191 τὸ
3093 4135 3289 4193 ἄνωθεν
3376 4136 3514 4193 οὕτω
3556 4133 3826 4212 λέγεσθαι,

425 4226 602 4301 atque
650 4219 765 4282 tale
818 4220 1125 4303 quippiam
1174 4221 1290 4286 dici
1327 4222 1495 4286 :Nisi
1526 4225 1661 4306 quis
1718 4225 1792 4288 ab
1830 4227 2001 4289 initio
2031 4236 2080 4289 et

2168 4223 2282 4279 ἀντὶ
2342 4230 2458 4302 τοῦ,
2516 4222 2568 4289 ἐξ
2617 4224 2817 4305 ἀρχῆς,
2900 4228 2960 4281 ὲκ
3039 4224 3279 4305 δευτέρου
3316 4242 3329 4255 ·
3388 4225 3525 4281 ὥστε
3580 4226 3722 4281 εἶναι
3772 4225 3830 4280 τὸ

426 4309 625 4372 denuo
655 4319 931 4372 nascatur
957 4330 973 4371 :
998 4320 1059 4374 et
1079 4322 1399 4394 propterea
1425 4313 1604 4377 dicit:
1640 4314 1949 4388 Quomodo
1974 4336 2080 4398 po-

2170 4310 2458 4388 λεγόμενον
2517 4319 2798 4369 τοιοῦτον³
2853 4311 2977 4370 Ἐὰν
3012 4316 3088 4388 μή
3134 4337 3213 4379 τις
3257 4318 3487 4392 γεννηθῇ
3546 4312 3597 4379 ἐξ
3654 4314 3827 4393 ἀρχῆς

426 4407 542 4463 test
568 4400 621 4461 is
639 4402 739 4483 qui
773 4419 956 4463 senex
988 4410 1099 4477 est,
1131 4401 1331 4464 denuo
1354 4402 1581 4466 intrare
1613 4404 1671 4466 in
1704 4414 1936 4468 uterum
1970 4426 2080 4468 ma-

2176 4402 2260 4457 καὶ
2304 4401 2364 4457 ἐκ
2419 4399 2679 4481 δευτέρου,
2740 4402 2839 4458 Διὰ
2894 4413 3050 4464 τοῦτο
3102 4404 3188 4460 οὖν
3240 4427 3395 4485 φησι,
3435 4410 3553 4467 Πῶς
3615 4402 3827 4459 δύναται

427 4487 533 4551 tris
563 4496 715 4553 suae?
744 4488 891 4553 Nam
923 4490 1043 4569 duo
1070 4491 1239 4553 illum
1264 4491 1561 4555 iaciebant
1593 4495 1962 4576 perplexum,
1990 4516 2080 4559 na-

2172 4491 2340 4570 γέρων
2392 4491 2467 4546 ὢν
2510 4491 2747 4571 δεύτερον
2778 4491 3034 4550 εἰσελθεῖν
3067 4496 3138 4558 εἷς
3170 4518 3268 4562 την
3321 4494 3526 4551 κοιλίαν
3556 4495 3654 4560 τῆς
3709 4516 3824 4569 μη⁹

427 4578 620 4641 tivitas
650 4578 882 4641 scilicet
914 4580 1272 4662 spiritualis,
1297 4590 1652 4663 etregnum.
1689 4586 1896 4666 Neque
1929 4586 2080 4648 enim

2172 4583 2293 4661 πρὸς
2338 4580 2542 4654 α’δτοῦς
2606 4582 2709 4638 Δύο
2760 4582 2861 4660 γὰρ
2904 4584 3040 4649 ἦσαν
3098 4586 3163 4640 τὰ
3220 4592 3469 4641 ποιοῦντα
3504 4586 3659 4643 αὐτὸν
3691 4582 3830 4637 ἀπο-

427 4685 647 4757 nomen
660 4669 829 4757 regni
852 4670 1141 4733 calorum
1164 4671 1431 4734 auditum
1458 4674 1916 4756 erataliquando
1932 4675 2080 4757 apud

2172 4684 2309 4749 ρεϊν,
2373 4669 2406 4737 ἦ
2460 4691 2518 4727 τε
2571 4671 2815 4748 γέννησις
2866 4674 2900 4740 ἡ
2956 4676 3316 4751 πνευματική,
3379 4678 3413 4743 ἢ
3479 4696 3532 4730 τε
3562 4671 3842 4755 βασιλεία.

426 4756 860 4846 Iudaeos.Nunc
882 4759 1066 4837 igitur
1084 4760 1160 4823 de
1178 4761 1482 4824 nativitate
1504 4756 2091 4846 dubitat,propterea

428 4853 488 4910 et
527 4845 797 4911 Christus
864 4848 922 4911 ei
977 4849 1349 4912 manifestius
1399 4850 1727 4932 spiritualis
1774 4845 2093 4916 nativitatis

431 4936 673 5000 modum
715 4937 976 5001 revelat:
1017 4965 1040 4995 ιι
1074 4938 1201 5003 Nisi
1232 4940 1368 5021 quis
1416 4950 1717 5024 nascatur,
1765 4942 1991 5018 dicens,
2023 4963 2091 5007 ex

427 5044 580 5109 aqua
611 5035 670 5089 et
698 5027 986 5109 Spiritu.»
1012 5026 1202 5093 Homo
1227 5049 1363 5093 cum
1396 5048 1466 5093 ex
1496 5030 1731 5094 duobus
1761 5042 2093 5110 constet,ex

428 5133 682 5198 corpore
704 5125 764 5181 et
784 5119 1003 5195 anima,
1056 5119 1237 5182 habet
1265 5120 1591 5183 nativitatis
1619 5140 1858 5204 quoque
1887 5123 2094 5205 dupli-

430 5223 559 5295 cem
615 5206 877 5271 modum.
921 5207 1091 5289 Aqua
1123 5208 1286 5272 enim
1320 5209 1371 5272 si
1398 5208 1715 5274 visibiliter
1740 5212 2093 5295 accipiatur,

429 5292 503 5357 ad
534 5296 800 5376 corporis
829 5298 1087 5379 pertinet
1120 5299 1622 5381 puriﬁcationem;
1662 5292 1922 5382 Spiritus
1958 5292 2095 5366 vero

430 5383 807 5473 invisibiliter
824 5389 1297 5465 concurrens,ad
1321 5388 1639 5453 invisibilis
1669 5391 1885 5455 animae
1917 5411 2090 5473 rege-

432 5472 804 5537 nerationem
839 5476 1297 5557 pertinet.Quod
1320 5478 1371 5541 si
1400 5497 1600 5564 rogas,
1619 5483 1920 5564 quomodo
1941 5472 2094 5565 aqua

431 5568 1340 5654 potestgenerareﬁnterrogabo
1356 5577 1414 5631 et
1428 5572 1871 5654 ego,quomodo
1885 5591 2091 5636 semen

432 5659 492 5715 et
519 5652 713 5735 ipsum
765 5672 1054 5736 aquosum
1108 5658 1428 5733 exsistens,
1461 5652 1657 5741 potest
1687 5661 1746 5723 in
1781 5661 2089 5726 hominem

2177 4759 2304 4818 Οὐδὲ
2362 4761 2461 4839 γὰρ
2516 4757 2683 4835 ὄνομα
2756 4761 3025 4838 βασιλείας
3103 4768 3334 4844 οὖρανὼν
3411 4765 3642 4830 ἠκούσθη
3704 4761 3835 4817 ποτὲ

2176 4851 2318 4930 παρὰ
2379 4848 2672 4915 Ἰουδαίοις.
2735 4851 2877 4914 Τέως
2949 4852 2993 4908 δ’
3057 4855 3144 4911 οὖν
3201 4857 3316 4934 περὶ
3376 4858 3475 4924 τῆς
3534 4854 3832 4933 γεννήσεως

2176 4940 2394 5018 ἀπορεῖ,
2458 4937 2538 4997 διὸ
2619 4942 2707 4997 καὶ
2766 4942 2794 4997 ὁ
2856 4946 3081 5021 Χριστὸς
3156 4946 3474 5025 σαφέστερον
3551 4945 3689 5015 αῦτῴ
3746 4944 3839 4996 τὸν

2178 5035 2275 5097 sic
2346 5030 2644 5108 γεννήσεως
2701 5035 2799 5097 τῆς
2897 5035 3258 5110 πνευματικῆς
3316 5035 3513 5115 τρόπον
3557 5029 3839 5089 ἀποκαλύ-

2181 5140 2321 5193 πτει,
2363 5142 2390 5174 α
2437 5118 2564 5175 Ἐὰν
2596 5120 2672 5191 μή
2728 5140 2809 5184 τις
2861 5128 3093 5201 γεννηθῇ
3150 5123 3201 5190 ἐξ
3261 5124 3472 5204 ὕδατος,
3525 5122 3718 5202 λέγων,
3753 5122 3846 5177 καὶ

2179 5210 2513 5278 Πνεύματος.
2554 5231 2582 5262 ι
2622 5208 2852 5276 Διπλοῦς
2900 5214 3000 5292 γὰρ
3030 5236 3103 5291 ιῃν
3139 5218 3165 5271 ὁ
3196 5214 3494 5295 ἅνθρωπος,
3540 5218 3600 5269 ἐκ
3654 5216 3843 5291 ψυχῆς

2179 5301 2268 5357 καὶ
2326 5299 2597 5374 σώματος,
2658 5296 2876 5359 διπλοῦν
2944 5303 3057 5384 ἔχει
3112 5306 3198 5363 καὶ
3254 5308 3342 5362 τὸν
3401 5311 3499 5372 τῆς
3542 5304 3844 5383 γεννήσεως

2180 5391 2399 5466 τρόπον.
2462 5389 2532 5446 Τὸ
2575 5389 2675 5463 μὲν
2720 5391 2819 5468 γὰρ
2862 5389 2997 5473 ὕδωρ
3041 5396 3243 5472 ὁρατῶς
3304 5393 3729 5471 λαμϐανόμενον,
3766 5392 3840 5455 είς

2177 5482 2277 5549 τὴν
2332 5486 2423 5537 τοῦ
2484 5480 2731 5555 σώματος
2781 5481 3030 5561 κάθαρσιν
3101 5498 3304 5542 νοεῖται
3343 5502 3355 5517 ³
3409 5487 3469 5542 τὸ
3514 5482 3567 5539 δὲ
3627 5488 3839 5554 Πνεῦμα

2156 5569 2418 5651 ,ἀοράτως
2479 5570 2792 5650 συντρέχον,
2873 5574 2945 5639 εἰς
3002 5575 3100 5643 τὴν
3180 5576 3273 5644 τῆς
3346 5576 3571 5656 ἀοράτου
3652 5574 3841 5651 ψυχῆς

2177 5660 2546 5740 ἀναγέννησιν.
2610 5661 2665 5716 Ei
2724 5658 2776 5714 δὲ
2823 5661 3062 5743 ἐρωτᾷς·
3135 5672 3254 5729 Πῶς
3307 5669 3363 5721 τὸ
3421 5664 3557 5743 ὕδωρ
3620 5660 3837 5716 δύναται
