4178 6418
363 363 379 425 l
395 362 509 428 205

1063 367 1511 431 ENARRATIO
1554 369 1638 430 IN
1689 364 2200 430 EVANGELIUM
2237 351 2590 433 'JOANNIS.
2631 383 2724 414 -·
2751 370 2915 434 CAP.
2945 370 3054 433 III.

3600 369 3757 438 {206

355 503 629 576 γεννῆσαι,
706 499 960 578 ἐρωτήσω
1016 498 1169 578 κὰγῶ
1204 520 1218 534 ·
1279 502 1398 567 Πῶς
1457 503 1517 558 τὸ
1599 499 1833 581 σπέρμα,
1877 498 2003 556 ὁδα-

2093 500 2534 563 transt’ormari?
2564 502 2749 581 Igitur
2778 502 2932 565 sicut
2968 503 3029 564 in
3060 503 3352 583 corporali
3401 504 3634 568 semine
3667 513 3754 567 to-

357 586 519 653 τῶδες
579 591 639 647 ὃν
697 591 784 646 καὶ
828 591 978 663 αὐτὸ,
1039 588 1250 648 δύναται
1308 592 1381 654 είς
1448 587 1720 669 ἄνθρωπον
1779 588 2010 647 διαπλα-

353 681 539 746 σθῆναι
573 701 591 752 ;
630 669 849 749 ’Ὠσπερ
891 680 978 736 οῦν
1033 679 1118 736 ἐπὶ
1174 687 1266 738 τοῦ
1330 682 1636 756 σωματικοῦ
1680 679 2006 759 σπέρματος,

354 769 413 824 τὸ
471 775 598 838 πᾶν,
646 774 745 836 τῆς
788 777 881 826 τοῦ
926 769 1058 826 Θεοῦ
1117 770 1341 850 χάριτός
1394 769 1536 827 ἐστιν
1571 789 1586 804 ο
1623 768 1761 827 οῗτω
1805 770 1894 825 καὶ
1924 769 2010 826 ἐπὶ

352 858 443 916 τοῦ
501 859 893 940 βαπτίσματος,
939 858 1074 938 ὕδωρ
1121 858 1419 923 ὑπόκειται.
1465 859 1637 917 Ἀλλὰ
1692 861 1753 916 τὸ
1798 865 2009 934 Πνεῦμα

353 949 417 1004 τὰ
477 949 652 1005 πάντα
708 949 937 1028 ἐνεργεῖ,
983 951 1068 1007 καὶ
1113 952 1146 1018 ἡ
1189 948 1274 1006 διὰ
1316 957 1421 1008 τῶν
1468 951 1646 1030 εὐχῶν
1695 947 2001 1022 ἐπίκλησις,

350 1045 441 1093 τοῦ
499 1045 629 1095 Θεοῦ
688 1037 743 1095 δὲ
801 1038 1006 1115 μᾶλλον
1061 1041 1339 1119 παρουσία,
1394 1041 1578 1120 Ταφῆς
1624 1040 1724 1118 γὰρ
1753 1040 1841 1096 καὶ
1884 1039 2006 1095 6w:-

349 1127 587 1193 στάσεως
622 1127 860 1203 σύμϐολα
904 1131 992 1186 καὶ
1051 1131 1206 1187 εἰκὼν
1265 1129 1318 1186 ἐν
1361 1136 1438 1204 τῷ
1484 1129 1640 1188 ὕδατι
1698 1129 1870 1202 τούτῳ
1909 1150 2001 1185 τε-

352 1215 549 1275 λεῖται.
602 1221 663 1275 Αἱ
721 1233 869 1295 τρεῖς
929 1217 1265 1300 καταδύσεις,
1325 1225 1426 1287 τῆς
1485 1219 1774 1298 τριημέρου
1829 1225 2002 1299 ταφῆς

2095 595 2217 650 tum
2241 599 2330 652 est
2353 590 2559 670 gratia;
2605 591 2842 666 divinae,
2877 591 2958 654 ita
2988 599 3048 654 et
3095 593 3156 654 in
3188 592 3547 675 baptismate
3598 613 3752 678 aqua

2093 678 2328 741 subdita
2358 688 2468 755 est,
2504 693 2562 743 et
2593 681 2848 762 Spiritus
2878 683 3077 745 omnia
3110 694 3486 763 operatur,et
3515 684 3753 747 invoca-

2092 770 2171 832 tio
2195 789 2302 851 per
2333 790 2567 852 preces,
2602 773 2722 834 imo
2752 772 2855 834 Dei
2888 773 3227 854 praesentia.
3264 772 3542 854 Symbola
3587 775 3749 837 enim

2092 860 2412 938 sepulturas
2442 869 2502 922 et
2522 861 2977 926 resurrectionis
3008 861 3066 923 in
3099 879 3257 943 aqua
3290 862 3390 924 illa
3420 863 3747 944 perﬁciun-

2091 957 2229 1012 tmr.
2266 948 2420 1012 Tres
2447 951 2779 1013 mersiones
2811 951 3100 1014 triduana;
3128 951 3454 1033 sepultura
3483 952 3750 1035 symbolo

2089 1046 2260 1101 sunt:
2289 1039 2512 1102 deinde
2546 1040 2798 1118 emergit
2828 1041 3030 1122 homo,
3075 1039 3228 1103 sicut
3257 1040 3573 1115 Dominus,
3624 1041 3742 1105 ful-

2088 1127 2285 1207 gidior
2304 1136 2363 1190 et
2392 1129 2634 1204 clarior,
2656 1129 3122 1212 incorruptionis
3146 1132 3348 1193 ferens
3374 1131 3743 1208 indumenta,

2089 1218 2189 1298 qui
2220 1219 2278 1279 in
2310 1236 2462 1300 aqua
2494 1220 2949 1299 corruptionem
2981 1220 3330 1282 summersit

348 1305 585 1383 σύμϐολα
621 1324 633 1339 ⁸
670 1314 790 1365 εἶτα
823 1307 1060 1366 ἀναδύνει
1092 1313 1120 1366 6
1151 1309 1412 1389 ἅνθρωοος
1443 1310 1621 1388 ὥσπερ
1681 1312 1708 1367 6
1769 1309 1986 1389 Κύριος,
2034 1307 2400 1387 λαμπρότερον
2452 1312 2539 1366 καὶ
2584 1307 2922 1389 φαιδρότερον
2972 1313 3033 1366 τὸ
3076 1315 3176 1378 τῆς
3233 1311 3521 1391 ἀφθαρσιας
3553 1311 3746 1390 ἔνδυμα

348 1402 547 1479 φορῶν,
581 1401 668 1456 καὶ
698 1399 794 1467 τὴν
826 1400 1019 1478 φθορὰν
1047 1397 1466 1479 ’έγκαταϐυθίσας
1498 1407 1575 1475 τῷ
1617 1397 1788 1457 ὕδατι.

441 1510 462 1544 α
500 1491 570 1547 Τὸ
626 1490 1014 1568 γεγεννημένον
1065 1488 1120 1545 έγ
1173 1490 1268 1558 τῆς
1300 1492 1520 1570 σαρκὸς,
1561 1489 1685 1569 σάρξ
1717 1489 1826 1547 ἐστι
1854 1505 1866 1518 ·
1918 1491 2006 1545 καὶ

350 1580 409 1634 τὸ
465 1578 854 1656 γεγεννημένον
944 1578 1003 1636 ἐκ
1060 1586 1153 1636 τοῦ
1233 1580 1562 1659 Πνεύματος,
1608 1579 1815 1655 πνεῦμά
1867 1577 2001 1640 ἔστι,

351 1669 435 1736 Μὴ
485 1669 792 1745 θαυμάσῃς,
829 1667 912 1727 ὅτι
979 1668 1137 1726 εἶπόν
1193 1692 1299 1740 σοι,
1361 1667 1441 1725 ὅτι
1485 1667 1568 1725 δεῖ
1625 1671 1760 1745 ὑμᾶς
1805 1689 2002 1746 γεννη-

345 1758 496 1823 Θῆναι
547 1754 766 1817 ἂίνωθεν.
815 1758 886 1816 Τὸ
925 1765 1132 1833 πνεῦμα
1176 1758 1310 1816 ὅπου
1350 1757 1515 1835 θέλει,
1562 1771 1713 1832 πνεῖ,
1763 1757 1859 1815 καί
1905 1759 2004 1826 τὴν

345 1846 520 1922 φωνην
553 1847 710 1902 αὺτοῦ
759 1848 992 1920 ἀκούεις,
1047 1845 1168 1904 ἀλλ’
1211 1847 1307 1904 οὐκ
1359 1846 1515 1913 οἶδας
1565 1849 1723 1905 πόθεν
1754 1849 1996 1929 ἔρχεται,

347 1935 432 1992 καὶ
490 1942 590 1992 ποῦ
631 1936 842 2015 ὅποίγει,
879 1937 1058 2003 Οὕτως
1091 1937 1204 1994 ἐστι
1260 1944 1366 2003 πᾶς
1424 1938 1452 1994 ὃ
1497 1939 1883 2017 γεγεννημένος
1939 1941 2000 1995 εκ

349 2034 435 2084 τοῦ
488 2026 818 2103 Πνεύματος.
880 2053 902 2082 ι
970 2027 1222 2107 Ἀπάγων
1271 2029 1363 2084 τὸν
1413 2026 1718 2104 Νικόδημον
1751 2031 1779 2085 6
1813 2030 1998 2108 Κύριος

342 2115 447 2174 ἀπὸ
501 2121 599 2184 τῆς
657 2125 915 2196 σαρκικῆς
977 2120 1302 2197 γεννήσεως,
1349 2129 1526 2200 φησί’
1582 2143 1607 2174 ε
1644 2121 1715 2178 T6
1746 2140 1998 2199 γεγεννη-

2173 1486 2355 1553 VEns.
2386 1490 2524 1555 6-8.
2565 1489 2764 1564 «Quod
2790 1499 2989 1553 natum
3020 1497 3108 1552 est
3140 1492 3196 1551 in
3221 1508 3424 1572 carne,
3459 1510 3606 1554 caro.
3632 1509 3742 1556 est:

2089 1585 2147 1640 et
2175 1579 2331 1660 quod
2383 1588 2582 1642 natum
2616 1589 2705 1642 est
2737 1599 2808 1644 ex
2839 1578 3086 1660 Spiritu,
3135 1579 3380 1661 spiritus
3405 1583 3615 1646 est.Ne
3635 1581 3744 1644 ad-

2089 1667 2326 1730 mireris
2356 1669 2514 1752 quod
2547 1669 2691 1751 dixi,
2743 1669 2994 1751 Oportet
3013 1687 3115 1730 vos
3161 1670 3328 1731 nasci
3367 1688 3400 1731 e
3444 1671 3744 1751 supernis.

2091 1756 2349 1838 Spiritus
2370 1759 2472 1822 ubi
2503 1760 2630 1823 vult
2659 1762 2866 1842 spirat,
2903 1768 2962 1824 et
2992 1777 3200 1823 vocem
3235 1760 3364 1841 ejus
3412 1759 3606 1841 audis,
3639 1762 3746 1824 sed

2087 1849 2282 1910 nescis
2312 1849 2468 1912 uude
2490 1848 2709 1924 veniat,
2741 1858 2803 1912 et
2833 1870 2949 1932 quo
2979 1847 3278 1912 vadat.Sic
3309 1859 3400 1912 est
3428 1850 3622 1912 omnis
3642 1851 3745 1932 qui

2084 1947 2255 2000 natus
2285 1948 2376 2002 est
2407 1959 2476 2003 ex
2505 1940 2791 2021 Spiritu.»
2829 1939 3152 2004 Abducens
3177 1940 3466 2004 Dominus
3497 1938 3744 2002 Nicoda-

2085 2046 2246 2088 mum
2271 2047 2303 2090 a
2331 2029 2550 2092 carnali
2584 2029 2908 2104 nativitate,
2938 2029 3124 2092 dirit:
3167 2054 3193 2084 α
3219 2027 3387 2102 Quod
3419 2037 3623 2090 natum
3657 2036 3745 2092 est

2055 2135 2154 2191 ex
2183 2137 2385 2194 carne,
2422 2138 2563 2181 caro
2595 2127 2712 2197 est;
2748 2128 2808 2182 et
2837 2119 3000 2202 quod
3035 2128 3236 2181 natum
3271 2127 3361 2181 est
3391 2137 3461 2181 ex
3489 2117 3737 2200 Spiritu,

345 2204 500 2276 μένον
527 2206 588 2262 ἐκ
629 2213 727 2275 τῆς
773 2211 989 2288 σαρκὸς,
1029 2208 1153 2289 σάρξ
1195 2209 1305 2266 ἐστι
1344 2229 1359 2245 ⁶
1405 2212 1466 2266 τὸ
1509 2207 1564 2266 δὲ
1608 2215 1994 2289 γεγεννημένον

2093 2207 2324 2289 spiritus
2347 2218 2496 2271 est.»
2534 2211 2661 2273 Hoc
2691 2217 2801 2284 est,
2823 2208 3152 2290 spiritua!is
3175 2217 3265 2270 est
3294 2209 3601 2290 homo,qui
3630 2227 3737 2272 na-

346 2292 404 2349 έκ
447 2303 540 2353 τοῦ
571 2299 901 2379 Πνεύματος,
952 2306 1158 2370 πνεῦμα
1191 2327 1214 2358 ι
1257 2318 1270 2334 ·
1331 2299 1590 2372 τουτέστι,
1641 2299 1994 2376 πνευματικός

346 2384 484 2441 ἐστιν
545 2389 571 2441 ὁ
625 2386 897 2467 ἅνθρωπος
949 2391 978 2446 6
1048 2388 1437 2468 γεγεννημένος
1499 2388 1583 2446 διὰ
1653 2399 1745 2448 τοῦ
1800 2389 1996 2464 βαπτί-

343 2496 542 2546 σματος
585 2495 597 2510 ·
658 2479 720 2533 τὸ
781 2479 882 2557 γὰρ
953 2488 1182 2554 πνεῦμα,
1258 2480 1372 2535 ἀντὶ
1429 2486 1543 2552 τοῦ,
1618 2481 1996 2554 πνευματικὸς,

341 2566 568 2645 ὀφείλεις
600 2574 811 2636 νοῆσαι.
853 2570 924 2628 Οῦ
977 2571 1076 2649 γὰρ
1133 2569 1198 2638 δὴ
1262 2571 1472 2645 Πνεῦμα
1523 2575 1668 2628 θεῖον
1713 2571 1914 2649 γίνεται
1975 2573 2002 2627 6

337 2658 665 2738 βαπτισθεὶς,
727 2658 865 2716 ἆλλὰ
929 2661 1026 2729 τὴν
1113 2660 1167 2716 ἐν
1255 2661 1524 2736 Πνεύματι
1601 2662 1857 2718 δῖοθεσίαν
1915 2664 2003 2719 καὶ

339 2746 504 2825 χάριν
534 2750 622 2805 καὶ
663 2750 828 2824 τιμὴν
885 2747 1085 2824 λαϐὼν,
1143 2758 1238 2808 τοῦ
1289 2753 1646 2827 πνευματικὸς
1704 2751 1849 2808 εἶναι
1879 2771 2003 2807 κατ-

340 2833 594 2908 αξιοῦται,
644 2830 811 2915 Ὀρῶν
869 2837 924 2895 δὲ
968 2841 1056 2896 τὸν
1120 2839 1426 2916 Νικόδημον
1485 2839 1562 2897 ἔτι
1619 2838 2001 2920 θορυϐούμενον

339 2926 468 3003 φησί
501 2941 515 2954 ⁸
558 2949 586 2979 ι
650 2927 737 2994 Μὴ
781 2931 1080 3005 θαυμάσῃς,
1123 2953 1150 2984 ι
1209 2934 1346 2988 Εἶτα
1381 2930 1487 2986 ἀπὸ
1544 2931 1796 2997 αἰσθητοῦ
1824 2951 2003 3008 παρα-

339 3012 620 3092 δείγματος
680 3023 924 3094 πειρᾶται
984 3017 1244 3075 διδάσκειν
1321 3021 1504 3082 αύτόν,
1569 3045 1592 3075 α
1658 3023 1728 3080 Τό
1797 3029 2005 3096 πνεῦμα

336 3106 457 3184 γὰρ,
491 3107 676 3185 φησὶν,
710 3104 841 3164 ὅπου
887 3107 1053 3184 θέλει,
1099 3123 1246 3171 πνεῖ.
1311 3134 1335 3164 ιι
1389 3111 1526 3168 Ἀπὸ
1567 3110 1790 3190 ἀνέμου,

396 3195 407 3210 Ι
445 3198 468 3210 Α
661 3197 673 3210 \
847 3198 885 3210 ι.-
1073 3190 1113 3210 εκ
1240 3201 1251 3210 ι
1379 3200 1404 3210 ιι
1645 3201 1659 3210 Α
1729 3208 1751 3210 __

2078 2307 2171 2361 tus
2199 2308 2290 2361 est
2321 2318 2430 2380 per
2461 2299 2970 2380 baptismum.Per
2994 2298 3269 2379 Spiritum
3292 2298 3476 2374 enim,
3499 2300 3743 2379 spiritu-

2079 2389 2231 2450 alem
2264 2389 2598 2470 intelligere
2629 2389 2841 2454 debes.
2862 2390 3075 2470 Neque
3105 2389 3265 2449 enim
3300 2388 3552 2469 spiritus
3581 2390 3742 2454 divi-

2087 2498 2198 2540 nus
2225 2480 2287 2541 [it
2319 2479 2667 2560 baptizatus,
2701 2480 2805 2542 sed
2856 2497 2991 2540 cum
3045 2477 3430 2560 adoptionem
3484 2479 3740 2544 ﬁliorum

2086 2567 2146 2630 iu
2179 2569 2422 2648 Spiritu,
2455 2577 2511 2630 et
2541 2568 2789 2647 gratiam
2813 2583 2874 2632 et
2896 2568 3186 2630 honorem
3220 2568 3575 2647 susceperit,
3611 2571 3738 2651 spi-

2084 2658 2314 2720 ritualis
2343 2676 2475 2720 esse
2511 2667 2792 2722 meretur.
2827 2656 3052 2720 Videns
3101 2663 3295 2719 autem
3346 2656 3736 2722 Nicodemum

2085 2747 2279 2810 adhuc
2334 2747 2691 2828 perturbari,
2723 2748 2867 2810 dicit
2901 2769 2915 2810 :
2957 2769 2979 2803 α
3013 2750 3103 2811 Ne
3135 2746 3396 2809 mireris.
3442 2768 3472 2807 ›
3512 2748 3741 2814 Deinde

2085 2836 2357 2899 sensibili
2405 2837 2679 2918 exeznplo
2732 2837 2954 2900 docere
3008 2854 3144 2898 eum
3195 2845 3416 2898 tentat:
3451 2836 3739 2918 «Spiritus

2087 2927 2274 3007 enim,
2327 2925 2430 2989 ubi
2472 2929 2616 2996 vult,
2670 2926 2876 3007 spirat.
2917 2951 2940 2982 ι)
2969 2926 3018 2989 Α
3067 2934 3266 3006 vento,
3324 2927 3536 3008 inquit,
3574 2929 3741 2992 disce

2090 3019 2336 3096 majora.
2358 3015 2584 3078 Ventus
2605 3016 2788 3085 enim,
2827 3034 3004 3095 quem
3038 3013 3151 3077 hoc
3183 3014 3314 3076 loco
3345 3018 3619 3098 spiritum
3642 3035 3742 3079 vo-

1850 3109 2000 3191 φησὶ,
2023 3145 2064 3195 c
2090 3105 2313 3179 cat,ubi
2343 3104 2716 3185 vult,spirat:
2745 3115 2804 3168 et
2826 3123 3040 3168 sonum
3059 3113 3190 3181 ejus
3212 3104 3471 3187 audis,et
3503 3106 3742 3186 ignoras

338 3195 562 3283 μάνθανε
622 3197 687 3253 τὰ
769 3198 1006 3272 μείζονα.
1073 3194 1130 3258 Ὀ
1197 3201 1298 3279 γὰρ
1372 3200 1566 3276 ἄνεμος
1636 3201 1848 3278 (τοῦτον
1905 3203 2003 3283 γὰρ

2093 3206 2288 3261 tamen
2311 3197 2470 3259 unde
2500 3195 2746 3269 feratur;
2772 3195 2978 3276 nequit
3008 3194 3167 3256 enim
3199 3195 3741 3274 comprehendivel

339 3275 554 3344 ἔνταῦθέ
604 3310 734 3367 φησι
808 3289 1041 3370 πνεῦμα)
1104 3290 1235 3347 ὅπου
1304 3290 1469 3370 θέλει,
1530 3304 1657 3347 πνεῖ
1691 3310 1703 3324 ⁶
1754 3292 1841 3348 καὶ
1915 3295 2008 3350 τὸν

336 3375 477 3453 ἦχον
536 3377 692 3432 αὐτοῦ
747 3377 984 3458 ἀκούεις,
1034 3377 1156 3436 ἀλλ’
1200 3378 1348 3456 ὅμως
1400 3382 1497 3437 οῦκ
1527 3376 1686 3444 οἶδας
1715 3381 1816 3448 τὴν
1845 3383 2008 3462 φορὰν

337 3464 520 3524 αὖτοῦ.
603 3465 920 3530 ’Λκὰθεκτος
980 3470 1080 3547 γάρ
1155 3469 1290 3543 ἐστι,
1369 3471 1454 3527 καὶ
1533 3469 1837 3551 ἀκώλυτος,
1922 3475 2008 3531 καὶ

338 3563 540 3645 φυσικῇ
576 3554 782 3629 ἐξουσίᾳ
826 3558 924 3624 τὴν
983 3558 1308 3630 ὁποιδήποτε
1366 3561 1544 3638 ὁρμὴν
1600 3561 1743 3642 ἕχει,
1801 3564 1878 3641 Τὸ.
1931 3561 2007 3645 δὲ,

344 3671 367 3698 υ
422 3636 603 3703 U01:00
633 3646 772 3703 θέλει
821 3662 968 3727 πνεῖ,
1037 3673 1059 3704 ο
1117 3652 1297 3730 φησὶν,
1363 3654 1460 3731 οὺχ
1533 3654 1605 3717 ὡς
1636 3636 2012 3732 προαιρετικοῦ

338 3735 485 3800 ὄντος
544 3736 636 3794 τοῦ
678 3736 894 3812 ἀνέμου,
935 3741 1024 3796 καὶ
1057 3738 1272 3807 θέλησιν
1301 3740 1527 3823 ἔχοντος
1546 3790 1562 3815 ,
1594 3739 1715 3799 ἀλλ’
1743 3745 1816 3806 ὡς
1849 3743 2007 3826 ἔφην,

343 3826 436 3893 τὴν
496 3826 603 3882 ὰπὸ
645 3827 850 3905 φύσεως
898 3828 1038 3903 αῦτῴ
1081 3838 1377 3907 προσοῦσαν
1432 3831 1598 3911 φορὰν
1643 3834 1731 3890 καὶ
1787 3832 2004 3891 ἀκώλυ-

337 3937 424 3971 τον
470 3913 706 3981 ἔξοδσίαν
749 3915 917 3982 δεῖξαι
961 3918 1312 3995 βουλόμενος.
1366 3921 1422 3979 Εἰ
1481 3923 1570 3978 οῦν
1634 3923 1727 3978 τὸν
1785 3921 1999 3998 ἄνεμον,

337 4013 490 4063 τοῦτο
545 4004 610 4072 δὴ
674 4009 735 4063 τὸ
794 4009 1030 4079 αἰσθήσει
1080 4011 1380 4068 ὑποπίπτον
1453 4014 1682 4088 πνεῦμα,
1760 4012 1997 4091 ἀγνοεῖς,

339 4102 450 4161 πῶς
513 4099 600 4152 καὶ
643 4098 747 4155 ποῦ
778 4113 928 4174 πνεῖ,
992 4105 1108 4165 πῶς
1165 4102 1267 4170 την
1324 4101 1430 4158 ἀπὸ
1461 4111 1554 4161 τοῦ
1593 4102 1732 4162 θείου
1761 4103 2003 4180 Πνεύμα·

337 4207 424 4249 τος
470 4185 820 4263 ἆναγέννησιν
873 4191 1194 4268 περιεργάζῃ
1231 4210 1248 4265 ;
1311 4193 1367 4250 Εἰ
1417 4198 1573 4248 τοῦτο
1619 4192 1680 4250 τὸ
1708 4200 1915 4267 πνεῦμα
1949 4202 2008 4258 οὺ

335 4274 539 4330 δύναται
598 4280 1024 4356 κατασχεθῆναι,
1098 4280 1285 4354 πολλῷ
1343 4280 1552 4355 μᾶλλον
1608 4282 1642 4350 ἡ
1697 4289 1791 4339 τοῦ
1855 4283 2006 4360 ἁγίου

341 4365 644 4436 Πνεύματος
707 4364 894 4444 χάρις,
955 4368 1138 4432 νόμοις
1209 4369 1412 4447 φύσεως
1469 4370 1574 4450 οὐχ
1625 4372 2000 4452 ὑπενεχθήσε-

338 4475 442 4514 ται,
527 4454 868 4534 Αἰσχυνέσθω
963 4455 1284 4520 Μακεδόνιπ
1390 4462 1417 4515 6
1505 4461 1992 4542 Πνευματομάχος,

2094 3285 2422 3368 prohiberi;
2456 3285 2707 3347 naturali
2752 3285 2913 3346 enim
2975 3291 3263 3365 potestate
3314 3285 3502 3347 fertur
3533 3285 3595 3347 in
3626 3286 3740 3349 ali-

2093 3397 2270 3456 quem
2287 3377 2421 3438 541
2459 3378 2651 3438 locum
2673 3375 3294 3438 incertum.Cmterum
3319 3376 3426 3439 ubi
3454 3378 3587 3439 uult
3609 3379 3736 3458 spi-

2094 3476 2216 3542 rat,
2251 3467 2461 3549 inquit.
2490 3484 2607 3528 non
2638 3466 2797 3547 quod
2849 3475 3059 3526 ventus
3103 3465 3466 3529 voluntatem
3501 3465 3740 3542 habeat,

2095 3558 2224 3633 sed,
2258 3565 2322 3619 ut
2352 3557 2493 3631 dixi,
2529 3575 2562 3617 a
2583 3565 2789 3617 natura
2822 3553 3006 3617 indita
3037 3554 3122 3615 illi
3147 3562 3408 3636 potestas
3437 3574 3569 3638 quae
3599 3574 3742 3638 pro-

2095 3647 2289 3710 hiberi
2322 3648 2543 3728 nequit,
2573 3644 3000 3708 ostenditur.Si
3030 3644 3207 3723 igitur
3221 3645 3596 3727 ventum,qui
3615 3645 3743 3726 spi-

2093 3739 2240 3800 ritus
2267 3745 2356 3800 est
2374 3735 2650 3798 sensibus
2683 3733 3016 3815 subjectus,
3048 3733 3310 3814 ignoras,
3348 3733 3644 3816 quomodo
3687 3743 3747 3799 et

2091 3848 2207 3912 quo
2225 3829 2434 3909 spiret,
2461 3824 2759 3908 quomodo
2783 3824 3300 3904 regenerationem
3323 3842 3358 3885 a
3385 3822 3585 3884 divino
3605 3822 3743 3912 Spi-

2088 3911 2204 3984 ritu
2226 3917 2520 3980 curiosius
2550 3914 2834 3996 inquiris?
2848 3913 2911 3976 Si
2941 3914 3040 3975 hic
3071 3912 3288 3995 spiritu
3314 3911 3748 3994 comprehendi

2089 4008 2317 4090 nequit,
2353 4006 2536 4068 multo
2569 4005 2762 4067 minus
2792 4004 2982 4065 sancti
3008 4002 3266 4085 Spiritus
3297 4002 3482 4081 gratia
3517 4001 3748 4080 legibus

2089 4108 2311 4161 naturae
2332 4093 3061 4158 subdetur.Confundatur
3081 4091 3751 4174 Macetlonius,Spiritus

2093 4195 2488 4270 oppugnatur,
2519 4194 2577 4246 et
2593 4186 2693 4267 qui
2717 4185 3036 4247 antecessit
3056 4183 3225 4245 illum
3251 4182 3606 4246 Eunomius.
3641 4182 3751 4246 Ille

2090 4279 2250 4340 enim
2272 4295 2509 4339 servum
2541 4275 2676 4337 facit
2705 4274 3015 4356 Spiritum,
3047 4272 3316 4353 quamvis
3345 4271 3604 4336 audierit
3634 4273 3752 4337 hoc

2089 4373 2220 4434 loco
2251 4366 2409 4448 quod
2435 4374 2642 4428 ventus
2671 4385 2786 4446 quo
2819 4365 2938 4426 vult
2967 4363 3177 4444 spirat,
3218 4361 3402 4423 multo
3431 4361 3610 4440 igitur
3631 4379 3749 4423 ma-

2084 4458 2176 4540 gis
2217 4457 2479 4540 Spiritus
2526 4460 2768 4517 sanctus
2801 4453 3143 4517 liberiorem
3177 4450 3363 4514 habet
3395 4451 3748 4540 motionem,

340 4545 421 4600 καὶ
493 4545 594 4622 πρὸ
653 4544 840 4601 τούτου
909 4546 1164 4622 Εὑνόμιος
1197 4563 1212 4579 °
1273 4551 1300 4603 ὃ
1350 4547 1449 4623 μὲν
1497 4547 1682 4607 δοῦλον
1725 4539 1906 4608 ποιῶν.
1936 4553 1999 4609 τὸ

2093 4539 2143 4612 at
2165 4539 2280 4630 quo
2315 4546 2528 4622 vult,et
2549 4545 2704 4607 sicut
2723 4541 3251 4625 vult,operabitur.
3281 4539 3613 4630 Eunokmius
3636 4557 3748 4604 ve-

339 4639 575 4712 Πνεῦμα,
633 4636 804 4691 καίτοι
869 4658 930 4713 γε
987 4634 1213 4704 ἤκουσεν
1290 4640 1536 4709 ενταῦθα,
1597 4637 1678 4696 ὅτι
1751 4636 2001 4716 ’Ἄνεμος

2093 4658 2154 4702 ro
2185 4628 2510 4716 inilloipso
2538 4639 2884 4715 peccans,et
2905 4639 3240 4694 creaturam
3263 4630 3409 4694 dixit
3436 4628 3751 4710 Spiritum,

336 4723 470 4782 ὅπου
537 4723 701 4798 θέλει,
749 4739 877 4783 πνεῖ
910 4743 924 4756 ⁶
997 4724 1182 4803 πολλῷ
1239 4727 1330 4784 οὖν
1388 4727 1594 4804 μᾶλλον
1660 4729 1721 4786 τὸ
1793 4735 2003 4806 Πνεῦμα

2093 4737 2149 4792 et
2178 4729 2237 4790 in
2270 4734 2494 4788 tantam
2527 4725 2798 4806 pervenit
2832 4721 3247 4803 pervicaciam,
3285 4719 3454 4802 quasi
3491 4738 3749 4801 cognos-

338 4810 810 4892 αὒτεξουσιωτέραν
871 4813 971 4881 ’έΞει
1025 4820 1124 4884 την
1196 4819 1425 4892 κίνησιν,
1501 4821 1586 4875 καὶ
1648 4818 1781 4876 ὅπου
1839 4818 1984 4877 θέλει

336 4903 422 4958 καὶ
477 4904 551 4967 ὼς
623 4902 795 4984 θέλει,
862 4904 1136 4986 ἐνεργήσει
1174 4923 1189 4939 ⁸
1255 4909 1282 4964 6
1325 4906 1379 4963 δὲ
1438 4908 1697 4984 Εῦνόμιος
1768 4909 1903 4967 αῦτά
1957 4884 2013 4975 τξ

1255 4909 1282 4964 6
1325 4906 1379 4963 δὲ
1438 4908 1697 4984 Εῦνόμιος
1768 4909 1903 4967 αῦτά
1957 4906 2016 4975 τέ

2097 4825 2262 4882 ceret
2291 4819 2478 4882 Deum
2511 4815 2661 4877 sicut
2680 4815 2807 4896 ipse
2836 4813 3124 4893 seipsum.
3151 4810 3372 4875 Audiat
3399 4809 3577 4887 igitur
3592 4810 3751 4892 quod

2100 4924 2297 4989 neque
2328 4905 2486 4967 venti
2512 4906 2805 4986 impetum
2841 4921 3031 4984 neque
3063 4903 3243 4964 tinem
3286 4903 3452 4962 sciat.
3487 4897 3750 4972 Quomo-

337 4999 499 5048 ταῦτα
569 4993 830 5071 πρότερος
922 4997 1201 5077 ἁμαρτὼν,
1289 4999 1378 5055 καὶ
1450 4998 1646 5074 κτίσμα
1721 4999 1884 5056 εἰπὼν
1957 5001 2003 5056 τί

2101 4999 2177 5061 do
2209 4997 2386 5078 igitur
2414 4995 2521 5058 Dei
2551 4993 2945 5058 substantiam
2976 4997 3300 5073 cognoscet
3323 4989 3654 5069 impostor?

341 5088 577 5162 Πνεῦμα,
617 5106 711 5140 και
743 5085 874 5162 πρός
905 5107 966 5163 γε
1012 5085 1565 5165 ἁπαυθαδιασάμενος,
1631 5085 1770 5146 οὕτω
1829 5089 2114 5168 γινώσκειν
2173 5092 2328 5169 Θεὸν,
2389 5091 2460 5151 ὡς
2511 5089 2698 5143 ἑαυτὸν
2748 5085 2930 5149 αὐτός,
2968 5082 3232 5142 Ἀκουέτω
3261 5084 3372 5155 οὖν,
3406 5080 3486 5137 ὅτι
3520 5078 3759 5137 οὐδὲτοῦ

337 5170 534 5245 ἀνέμου
570 5173 672 5240 τὴν
703 5174 891 5252 φορὰν,
928 5176 1017 5232 καὶ
1047 5177 1148 5244 τὴν
1178 5178 1350 5257 ὁρμὴν
1379 5175 1498 5235 οἶδε
1531 5183 1546 5209 ‘
1581 5180 1695 5240 πῶς
1723 5177 1812 5234 οῦν
1840 5185 1973 5236 Θεοῦ
2003 5181 2178 5243 οὐσίας
2211 5177 2575 5254 κατατολμᾷς,
2612 5177 2875 5252 ἀλιτήριε.

418 5284 445 5314 α
503 5257 793 5340 Ἀπεκρίθη
863 5262 1194 5340 Νικόδημος,
1265 5268 1351 5324 καὶ
1408 5267 1564 5324 εἶπεν
1622 5270 1767 5342 αῦτῷ
1802 5283 1815 5296 ⁸
1888 5271 2010 5334 Πῶς

334 5350 548 5407 δύναται
638 5362 801 5411 ταῦτα
886 5354 1183 5432 γενέσθαι;
1256 5356 1542 5437 Ἀπεκρίθη
1613 5355 1849 5426 Ἰησοῦς,
1924 5356 2012 5417 καὶ

333 5444 485 5496 εἶπεν
531 5443 676 5516 αῦτῷ
711 5458 724 5471 ⁸
776 5444 850 5499 Σὺ
909 5444 965 5501 εἴ
1026 5446 1054 5502 6
1105 5444 1420 5512 διδάσκαλος
1491 5454 1584 5504 τοῦ
1630 5444 1874 5526 Ἰσραὴλ,
1925 5453 2011 5510 καὶ

338 5539 497 5588 ταῦτα
556 5534 616 5587 οὔ
662 5533 998 5614 γινώσκειςς
1049 5535 1251 5617 ’Λμὴν,
1301 5535 1447 5612 ἄμην
1498 5533 1642 5615 λέγω
1700 5557 1809 5612 σοι,
1843 5535 1926 5594 ὅτι
1983 5537 2012 5593 6

333 5618 586 5695 οἴδαμεν,
647 5621 941 5700 λαλοῦμεν,
988 5627 1080 5684 καὶ
1129 5627 1156 5682 ὃ
1216 5627 1552 5704 ἑωράκαμεν,
1613 5634 2005 5707 μαρτυροῦμεν,

334 5709 424 5761 ἀὶ
472 5710 565 5777 τὴν
611 5713 898 5792 μαρτυρίαν
941 5716 1097 5792 ἡμῶν
1150 5720 1211 5775 οὐ
1280 5714 1602 5790 λαμϐάνετε,
1655 5717 1710 5775 El
1771 5717 1838 5774 τὰ
1884 5716 2005 5774 ivd-

2178 5266 2364 5331 Vsns.
2396 5265 2564 5328 9-12.
2603 5262 2936 5346 Respondit
2961 5259 3349 5341 Nicodemus,
3377 5269 3438 5324 et
3460 5260 3610 5325 dixit
3640 5261 3698 5323 ei
3731 5281 3748 5323 :

2095 5357 2402 5432 Quomodo
2447 5363 2696 5439 possunt
2728 5355 2854 5416 hac
2886 5352 3046 5414 ﬁeri?
3096 5349 3426 5432 Respondit
3461 5355 3660 5427 Jesus,
3695 5359 3759 5415 et

2093 5446 2241 5510 dixit
2277 5468 2289 5511 :
2325 5448 2409 5510 Tu
2443 5465 2508 5506 es
2541 5445 2640 5506 ille
2665 5443 2948 5522 magister
2976 5440 3302 5510 Israelis,et
3339 5441 3465 5504 haec
3486 5440 3760 5522 ignoras?

2094 5541 2496 5619 Amen,amen
2532 5534 2667 5596 dico
2701 5533 2830 5615 tibi,
2862 5530 3016 5614 quod
3045 5529 3291 5607 scimus,
3324 5529 3664 5614 loquimur:
3699 5540 3758 5594 et

2095 5627 2253 5709 quod
2285 5626 2563 5695 vidimus,
2593 5631 2924 5689 testamur:
2948 5629 3010 5686 et
3038 5621 3449 5685 testimonium
3481 5635 3754 5709 nostrum

2095 5707 2214 5780 non
2236 5714 2598 5798 accipitis.Si
2623 5722 2863 5777 terrena
2883 5710 3007 5777 dixi
3027 5709 3216 5786 vobis,
3239 5719 3298 5774 et
3330 5729 3448 5774 non
3481 5707 3737 5774 creditis
