4178 6426
440 351 582 416 12H

1407 351 2003 416 THEOPHYLACTI
2046 352 2459 414 BULGABUE
2503 350 2863 412 ARCHIEP.

3678 334 3841 409 1212

435 486 781 562 illuderent;
817 498 1269 569 praetereuntes,
1294 494 1358 550 nt
1388 487 1896 567 blasphemarent;
1930 489 1993 549 et
2023 484 2084 546 in

2180 484 2255 542 διὰ
2310 486 2504 553 ταύτης
2575 486 2700 563 γοῦν
2746 486 2988 564 κρατήσῃ
3022 485 3201 542 αύτοῦ*
3250 484 3337 541 καὶ
3365 480 3450 540 διὰ
3479 489 3635 541 τοῦτο
3684 504 3839 561 παρ-

436 596 667 639 summa
694 576 1022 656 Juzlaaos,ut
1050 578 1492 655 cruciﬁgerent;
1526 584 1585 639 et
1613 575 1699 637 sic
1729 594 1967 658 quoque
1992 575 2090 636 in-

439 667 651 727 victum
686 667 999 747 comperit.
1033 666 1162 728 Non
1212 668 1371 728 enim
1427 666 1617 747 potuit
1680 664 1876 728 crucis
1923 665 2093 727 dolor

441 755 677 817 ellicere
711 763 775 817 ut
795 756 1213 834 cruciﬁgentes
1244 756 1490 818 haberet
1512 755 1787 830 odio,sed
1806 753 2092 834 diligebat

435 864 559 925 eos,
586 854 645 906 et
676 864 781 924 pro
815 845 901 907 eis
930 846 1134 909 orabat
1185 846 1395 908 dicens
1428 868 1439 909 :
1480 872 1506 901 ι
1546 843 1632 908 Ne
1681 852 1906 907 statuas
1947 843 2086 919 illis,

439 938 948 1015 Pater,peccatum
981 936 1116 997 hoc.
1148 963 1170 994 ο
1201 934 1381 995 Vides
1410 933 1709 1015 quomodo
1747 932 1963 995 vicerit
1986 951 2091 1012 per

436 1024 548 1085 hoc
578 1024 797 1106 ipsum,
833 1044 940 1106 per
987 1026 1143 1107 quod
1192 1025 1504 1087 videbatur
1548 1023 1737 1085 victus
1777 1020 1939 1085 esse?
1991 1024 2089 1085 Sic

434 1112 612 1190 igitur
639 1114 921 1175 exaltatio
950 1124 1011 1176 et
1039 1115 1224 1194 gloria
1256 1116 1406 1195 ejus,
1444 1133 1587 1176 crux
1616 1112 1747 1175 fuit.

442 1204 634 1281 Πάτερ,
663 1206 757 1272 τὴν
788 1206 1048 1284 ἁμαρτίαν
1076 1207 1300 1273 ταύτην,
1337 1228 1359 1257 ι
1400 1198 1556 1285 Ὀρᾷς
1589 1210 1701 1268 πῶς
1735 1203 2007 1269 νενίκηκεν
2068 1202 2121 1259 ἒν

438 1291 560 1358 δόξα
602 1294 818 1371 γέγονεν
852 1297 879 1350 6
923 1296 1170 1373 σταυρός.

520 1381 699 1448 Vens;
734 1384 943 1447 45-17.
984 1383 1115 1448 «Sic
1144 1385 1304 1447 enim
1338 1384 1496 1447 Deus
1525 1384 1737 1447 dilexit
1773 1384 2085 1457 mundum,

437 1481 501 1533 ut
532 1472 746 1535 Filium
778 1492 951 1535 suum
985 1474 1358 1555 unigenitum
1411 1475 1601 1547 daret,
1638 1484 1701 1535 ut
1744 1474 1939 1536 omnis
1989 1474 2088 1555 qui

436 1562 625 1623 credit
656 1564 714 1624 in
738 1582 1025 1645 eum,non
1054 1573 1283 1645 pereat,
1316 1566 1421 1626 sed
1457 1564 1671 1626 habeat
1700 1565 1873 1626 vitam
1912 1574 2089 1626 reter-

438 1669 598 1711 nam.
634 1653 766 1715 Non
800 1653 958 1714 enim
984 1654 1143 1715 misit
1171 1653 1326 1716 Deus
1358 1655 1571 1717 Filium
1605 1673 1777 1715 suum
1817 1653 1877 1716 in
1912 1672 2090 1715 mun-

438 1741 577 1801 dum
611 1749 673 1802 ut
700 1740 1059 1804 condemnet
1084 1742 1509 1805 mundumzsed
1533 1754 1596 1803 ut
1625 1751 1895 1804 servetur
1913 1761 2091 1804 mun-

439 1829 551 1892 dus
574 1848 680 1909 per
707 1850 905 1892 eum.»
943 1832 1092 1893 Mira
1122 1833 1231 1896 Dei
1261 1851 1400 1912 erga
1433 1832 1722 1894 mundum
1758 1833 2093 1907 dilectio,et

2174 577 2386 643 εκίνησε
2445 576 2619 632 πάντα
2688 573 2809 631 κατ’
2862 577 3041 643 αὐτοῦ,
3102 573 3223 635 τοὺς
3281 572 3525 649 μαθητὰς
3590 572 3835 650 ἀρνήσα-

2173 669 2314 739 σθαι,
2415 666 2531 730 τοὺς
2592 662 2920 741 στρατιώτας
2955 663 3251 741 ἐμπαίζειν,
3284 663 3406 726 τοὺς
3458 683 3835 741 παραπορευο-

2174 754 2363 830 μένους
2454 753 2821 834 βλασφημεῖν,
2906 756 2994 810 καὶ
3077 752 3261 816 ἁπλῶς
3336 753 3459 816 τοὺς
3553 749 3834 812 Ἰουδαίους

2171 847 2493 904 θανατῶσαι.
2567 842 2733 901 Ἀλλὰ
2801 844 2891 901 καὶ
2948 841 3112 905 οὕτως
3143 844 3289 921 εὗρεν
3320 841 3477 898 αὒτὸν
3532 841 3831 912 ἀήττητον,

2174 937 2246 993 Οὐ
2297 935 2398 1012 γὰρ
2451 932 2687 1004 ἠδυνήθη
2745 932 2801 990 ἐν
2853 938 2931 1007 τῷ
2962 940 3169 1010 σταυρῷ
3199 932 3341 999 λύπη
3373 944 3559 988 πεῖσαι
3588 932 3679 987 τὸν
3718 931 3829 989 Κύ-

2172 1046 2282 1096 ριον
2337 1030 2560 1099 μισῆσαι
2617 1025 2740 1089 τοὺς
2819 1031 3189 1103 σταυροῦντας,
3279 1020 3419 1078 ἀλλὰ
3493 1022 3593 1101 γὰρ
3642 1019 3832 1097 ἧγαίπα

2171 1112 2329 1170 πάλιν
2358 1115 2446 1172 καὶ
2516 1114 2854 1195 ὑπερηύχετο
2910 1112 3102 1191 λέγων·
3173 1135 3195 1168 ο
3266 1113 3352 1179 Μὴ
3385 1112 3588 1188 στήσῃς
3615 1111 3827 1188 αὖτοῐς,

2180 1206 2225 1277 ᾧ
2280 1201 2449 1260 ἐδόκει
2514 1205 2766 1271 ἡττᾶσθαι
2801 1223 2817 1284 ;
2854 1202 3033 1268 Οῧτως
3059 1201 3147 1259 οὖν
3191 1202 3279 1259 καὶ
3308 1200 3511 1277 ὕψωσις
3542 1200 3701 1257 αὺτοῦ
3742 1202 3832 1255 καὶ

2256 1409 2283 1440 ι
2332 1385 2483 1443 Οὕτω
2536 1386 2636 1463 γὰρ
2692 1384 2974 1462 ἠγάπησεν
3047 1386 3074 1441 6
3133 1385 3261 1447 Θεὸς
3294 1384 3382 1439 τὸν
3413 1382 3641 1457 κόσμον,
3688 1383 3830 1438 ὥστε

2174 1477 2261 1531 τὸν
2319 1477 2438 1531 Υῐὸν
2511 1478 2668 1534 τῦτοῦ
2726 1475 2818 1530 τὸν
2878 1479 3145 1552 μονογενῆ
3200 1471 3417 1539 ἔδωκεν,
3490 1472 3582 1527 ’ἕνα
3631 1479 3735 1535 πᾶς
3803 1473 3831 1525 6

2173 1566 2433 1621 πιστεύων
2483 1567 2555 1631 εἷς
2615 1565 2794 1637 αὐτὸν,
2884 1565 2959 1640 μὴ
3017 1562 3343 1636 ἆπόλληται,
3377 1560 3499 1619 ἀλλ’
3548 1560 3654 1642 ἔχῃ
3684 1562 3831 1633 ζωὴν

2175 1655 2410 1714 αἰώνιον.
2472 1655 2541 1718 οὔ
2599 1656 2699 1732 γὰρ
2755 1652 3063 1710 ἀπέστειλεν
3124 1656 3151 1710 6
3209 1655 3339 1716 Θεὸς
3397 1653 3487 1709 τὸν
3519 1654 3639 1708 Υἱὸν
3672 1653 3838 1709 αὐτοῦ

2175 1746 2247 1808 εἰς
2313 1747 2404 1801 τὸν
2474 1745 2676 1819 κόσμον
2746 1743 2838 1801 ’ἕνα
2913 1744 3065 1822 κρίνῃ
3136 1744 3225 1799 τὸν
3293 1743 3519 1817 κόσμον,
3566 1738 3686 1797 ἀλλ’
3734 1740 3833 1795 ’ἕνα

2174 1838 2320 1912 σωθῇ
2379 1838 2406 1892 6
2437 1835 2636 1910 κόσμος
2668 1832 2734 1891 δι’
2768 1836 2947 1896 αὐτοῦ,
2987 1858 3013 1889 ι
3063 1831 3239 1889 Πολλὶτ
3274 1834 3309 1900 ἡ
3350 1833 3449 1898 τῆς
3493 1832 3707 1910 ἀγάπης
3736 1837 3835 1886 τοῦ

441 1928 621 1993 tanta,
644 1927 843 1982 utnon
876 1921 1108 1985 dederit
1132 1923 1219 1985 vel
1253 1923 1627 2003 prophetam,
1664 1923 1754 1983 vel
1783 1924 2087 2002 angelum,

2180 1931 2309 1981 Θεού
2364 1926 2494 2004 πρὸς
2548 1926 2640 1981 τὸν
2710 1923 2911 1998 κόσμον
2968 1922 3231 2002 ἐπίτασις,
3266 1923 3354 1979 καὶ
3400 1922 3658 1995 τοσαύτη,
3693 1920 3836 1976 ὥστε

439 2008 541 2069 sed
578 2010 791 2072 Filium
823 2030 1018 2087 suum,
1046 2022 1222 2094 atque
1245 2013 1410 2074 illum
1456 2012 1850 2092 unigenitum.
1890 2015 2094 2091 Ange-

444 2097 561 2159 lum
586 2100 636 2160 si
666 2099 907 2180 quidem
931 2101 1346 2177 dedisset,non
1370 2111 1494 2163 erat
1518 2120 1614 2163 res
1646 2120 1842 2183 parva.
1865 2100 2097 2174 Quare9

442 2187 590 2260 Quia
618 2189 862 2269 angelus
891 2190 1132 2273 quidem
1168 2193 1438 2255 minister
1467 2192 1600 2272 ejus
1633 2191 1826 2253 ﬁdelis
1861 2199 1921 2252 et
1958 2209 2092 2252 ser-

441 2294 691 2351 \'us,nos
723 2290 916 2342 autem
936 2282 1162 2343 inimici
1178 2290 1236 2343 et
1257 2289 1725 2361 apostatremunc
1743 2289 1938 2342 autem
1958 2280 2094 2341 dato

440 2365 841 2449 Filioquanto
874 2372 1359 2433 excellentiorem
1391 2370 1663 2433 exhibuit
1692 2370 2044 2432 charitatem
2075 2370 2090 2429 !

444 2453 586 2517 Item
619 2458 665 2518 si
700 2460 917 2521 multos
952 2461 1176 2523 habens
1195 2460 1347 2522 ﬁlios
1378 2480 1561 2521 unum
1590 2460 1875 2529 dedisset,
1895 2468 1953 2520 et
1986 2461 2096 2521 hoc

444 2547 760 2608 maximum
788 2549 1017 2624 fuisset;
1048 2570 1206 2612 nunc
1234 2568 1377 2611 vero
1410 2547 1793 2629 Unigenitum
1819 2548 1963 2609 544
1992 2549 2093 2610 de-

444 2635 548 2696 dit.
583 2635 770 2716 Igitur
806 2638 1040 2702 bonitas
1069 2641 1247 2718 digne
1278 2640 1571 2702 laudanda
1597 2650 1709 2701 est.
1747 2639 1953 2703 Ariani
1983 2658 2093 2700 au--

443 2732 561 2786 tem
595 2725 800 2789 dicunt
836 2730 989 2809 quod
1024 2730 1387 2809 Uuigenitus
1418 2728 1650 2792 dicatur
1668 2748 1736 2791 eo
1754 2729 1910 2809 quod
1936 2727 2096 2789 solus

441 2812 569 2893 ipse
595 2815 778 2877 factus
800 2818 877 2881 sit
905 2828 965 2881 et
994 2820 1269 2881 conditus
1297 2838 1331 2879 a
1362 2819 1511 2892 Deo,
1537 2818 1738 2881 omnia
1765 2828 1960 2880 autem
1985 2817 2098 2879 alia

441 2902 517 2962 ab
549 2903 909 2978 illo.Quibus
934 2908 1289 2989 simpliciter
1307 2907 1837 2988 respondemus:Si
1855 2905 2097 2988 quidem

440 2990 785 3071 Unigenitus
816 2996 1014 3059 dictus
1047 2998 1395 3071 fuisset,nec
1415 2999 1688 3067 additum
1716 2996 2094 3071 essetFilius,

444 3081 687 3145 haberet
718 3087 1009 3149 rationem
1043 3088 1362 3170 impudens
1389 3097 1645 3150 vestrum
1668 3096 2093 3149 commentum:

443 3184 503 3232 at
537 3191 692 3236 nunc
733 3195 867 3238 cum
891 3197 1008 3239 non
1040 3179 1231 3242 solum
1278 3178 1654 3259 Unigenitus.
1689 3177 1793 3240 sed
1828 3186 1885 3239 et
1919 3177 2102 3240 Filius

2178 2022 2271 2076 οὒκ
2339 2016 2589 2096 ἄγγελον,
2652 2018 2709 2073 οὔ
2767 2018 3048 2096 προφήτην
3078 2013 3276 2089 δοῦναι,
3312 2012 3449 2070 ἀλλὰ
3472 2015 3562 2071 τὸν
3587 2015 3705 2069 Υίὸν
3742 2012 3838 2069 αὒ-

2177 2116 2290 2179 τοῦ,
2349 2110 2436 2165 καὶ
2493 2106 2678 2165 τοῦτον
2749 2111 3040 2185 μονογενῆ.
3102 2106 3199 2163 Καὶ
3266 2103 3495 2182 ἄγγελον
3526 2102 3624 2178 μὲν
3654 2104 3755 2181 γὰρ
3786 2103 3832 2158 εἰ

2178 2196 2393 2270 ἔδωκεν,
2428 2196 2573 2256 οὐδὲν
2602 2196 2740 2253 οὕτω
2757 2198 2944 2276 μικρὸν
2965 2195 3031 2264 ἧν
3066 2197 3125 2251 τὸ
3151 2200 3394 2271 πρᾶγμα.
3432 2192 3581 2250 Διατί
3614 2214 3631 2268 ;
3682 2194 3831 2249 Διότι

2179 2291 2206 2344 6
2271 2287 2366 2362 μὲν
2425 2284 2676 2365 ἄγγελος,
2735 2284 2975 2351 διάκονος
3004 2286 3164 2342 αὖτοῦ
3193 2285 3381 2347 πιστὸς
3414 2284 3501 2340 καὶ
3532 2282 3830 2360 ὑπηρέτηςο

2178 2379 2344 2452 ἡμεῖς
2404 2374 2481 2455 δὲ,
2558 2376 2738 2455 ἐχθροὶ
2794 2377 2881 2432 καὶ
2930 2374 3245 2435 ἀποστάται,
3301 2375 3401 2430 Νὗν
3433 2370 3487 2428 δὲ
3537 2373 3655 2429 ι’ἱὸν
3683 2370 3829 2441 δοὺς,

2178 2468 2333 2524 ποίαν
2403 2464 2699 2543 ὑπερϐολὴν
2758 2466 2974 2542 ἀγάπης
3036 2465 3243 2543 παρῆκε
3277 2483 3293 2533 ;
3331 2460 3519 2535 Πάλιν,
3593 2464 3638 2519 εί
3686 2461 3833 2518 πολ-

2178 2557 2299 2618 λούς
2374 2556 2521 2637 ’έχων
2576 2557 2741 2637 υἱοὺς,
2801 2555 2892 2612 ἕνα
2948 2552 3167 2627 δέδωκε,
3223 2555 3504 2637 καὶτοῦτο
3532 2552 3831 2631 ὑπέρμεγα’

2179 2655 2265 2705 νόν
2320 2644 2374 2703 δὲ
2403 2632 2533 2703 ⁷’τὸν
2594 2632 2869 2723 Μονόγενῆ
2913 2644 3159 2701 δέδωκεν.
3193 2632 3344 2721 "Ap:
3374 2643 3464 2700 οὖν
3504 2640 3646 2698 ἔστιν
3674 2642 3833 2707 ἀξίως

2178 2740 2409 2812 ὒμνῆσαι
2464 2737 2562 2803 τὴν
2622 2736 2947 2814 ἂγαθότητα.
3024 2736 3083 2791 0i
3154 2731 3209 2789 δὲ
3280 2729 3541 2809 Ἀρειανοὶ
3588 2730 3835 2810 λέγουσιν

2182 2826 2261 2883 ὅτι
2338 2826 2642 2905 Μονογενης
2727 2824 2964 2903 λέγεται,
3021 2822 3153 2881 διότι
3210 2824 3365 2887 αὑτὸς
3423 2821 3585 2895 μόνος
3616 2822 3831 2901 γέγονε,

2183 2918 2269 2973 καὶ
2339 2915 2549 2982 ἐκτίσθη
2606 2917 2708 2972 ὑπὸ
2752 2922 2903 2984 Θεοῦ,
2950 2914 3015 2971 τὰ
3056 2911 3101 2970 δ’
3149 2912 3284 2969 ἄλλᾶ
3313 2912 3486 2969 πάντα
3513 2909 3602 2968 ὑπ’
3646 2914 3831 2972 αὺτοῦ.

2186 3008 2322 3086 Πρὸς
2382 3005 2466 3070 οὕς
2540 3004 2738 3069 ἁπλοῦς
2796 3007 2824 3062 ὁ
2874 3004 3059 3083 λόγος,
3118 3004 3198 3060 ὃτι
3261 3004 3318 3061 Εἰ
3374 3001 3471 3077 μὲν
3521 3003 3831 3079 Μονογενης

2183 3096 2394 3176 ἐλέγετο
2442 3099 2610 3176 χωρὶς
2680 3102 2771 3151 τοῦ
2820 3096 2962 3173 Υἱὸς,
3037 3093 3197 3174 εἶχεν
3226 3092 3286 3149 ἄν
3331 3091 3489 3170 λόγον
3521 3093 3583 3149 τὸ
3620 3091 3837 3165 κομψόν

2183 3189 2330 3261 ὑμῶν
2388 3185 2617 3265 εὕρημα⁹
2686 3192 2771 3243 νῦν
2832 3183 2885 3241 δὲ
2944 3185 3079 3259 μετὰ
3136 3190 3228 3241 τοῦ
3299 3188 3625 3259 Μονογενοῦς
3654 3182 3741 3237 καὶ
3770 3183 3835 3237 τὸ

444 3261 822 3345 dicatur,non
842 3270 1131 3350 permittit
1149 3270 1236 3331 sic
1251 3270 1580 3349 intelligere
1593 3266 2093 3349 Unigenitum(a),

2185 3279 2303 3339 Υἱὸς
2359 3261 2670 3354 λεγόμενον,
2720 3276 2779 3333 οὗ
2808 3272 3013 3331 δίδωσιν
3046 3273 3184 3330 οὕτω
3214 3286 3359 3330 νοεῖν
3388 3272 3480 3328 τὸν
3530 3274 3835 3354 Μονογενῆ,

442 3354 544 3413 sed
588 3355 700 3417 vult
723 3357 892 3418 illum
918 3359 1109 3420 solum
1144 3379 1215 3421 ex
1245 3362 1417 3422 Patre
1449 3367 1671 3420 natum.
1705 3357 1847 3418 Vile
1870 3366 2089 3423 autem.

441 3444 732 3524 oro,quod
764 3448 914 3509 sicut
945 3468 1125 3530 supra
1154 3450 1299 3511 dixit
1331 3448 1545 3510 Filium
1573 3446 1834 3509 hominis
1852 3446 2095 3509 descen-

442 3531 603 3593 disse
634 3533 711 3595 de
736 3538 910 3611 coelo,
953 3540 1220 3620 quamvis
1273 3558 1391 3600 non
1443 3536 1825 3599 descenderit
1856 3555 1991 3598 caro
2021 3537 2098 3599 de

444 3622 729 3691 coelo,sed
748 3637 991 3707 propter
1014 3648 1189 3691 unam
1218 3647 1529 3709 personam
1546 3636 1605 3689 et
1628 3645 1800 3687 unam
1829 3628 2100 3708 hyposta-

395 3712 403 3719 ’
444 3712 658 3785 sim,ea
682 3735 812 3797 quae
844 3720 947 3781 Dei
981 3729 1141 3791 sunt,
1177 3718 1446 3780 attribuit
1478 3716 1706 3781 homini
1740 3738 1754 3777 :
1790 3717 1867 3777 ita
1898 3724 1954 3777 et
1986 3717 2098 3777 hoc

445 3803 595 3873 loco,
632 3823 700 3864 ea
722 3826 854 3887 quae
886 3808 1145 3870 hominis
1201 3818 1362 3880 sunt,
1402 3807 1669 3870 attribuit
1701 3806 1896 3868 Verbo
1948 3807 2092 3869 Deo.

448 3890 615 3952 Dedit
650 3894 1227 3993 enim,inquit,l)eus
1256 3896 1474 3959 Filium
1514 3915 1686 3958 suum
1722 3895 1780 3956 in
1816 3904 2091 3956 mortem:

444 3982 711 4061 quamvis
742 3982 1128 4063 impas'sibilis
1162 3986 1557 4067 permanserit
1590 3986 1749 4048 Deus
1785 4007 1797 4047 :
1832 3993 2093 4046 attamen

442 4069 579 4149 quia
610 4091 761 4133 unus
792 4084 849 4135 et
880 4075 1037 4137 idem
1072 4076 1180 4137 fuit
1204 4096 1308 4157 per
1340 4077 1789 4157 ltypostasim,et
1815 4074 1915 4156 qui
1939 4073 2093 4135 Ver-

444 4157 583 4219 bum
616 4160 748 4233 Dei,
782 4175 840 4225 et
864 4164 1039 4226 homo
1071 4166 1171 4246 qui
1206 4185 1309 4246 pro
1344 4165 1517 4227 nobis
1548 4163 1993 4246 patiens,Filius
2015 4164 2099 4224 di-

2182 3364 2318 3422 ἀλλὰ
2386 3350 2478 3421 τόν
2547 3365 2709 3438 μόνον
2750 3364 3067 3442 γεννηθέντα
3096 3362 3158 3419 ἐκ
3184 3369 3276 3419 τοῦ
3324 3361 3549 3438 Πατρός.
3602 3350 3749 3437 "Op:
3779 3358 3839 3416 δὲ

2181 3478 2297 3535 μοι,
2358 3457 2438 3511 δτι
2521 3454 2699 3534 ὥσπερ
2731 3453 2838 3509 ἅνω
2868 3454 3048 3527 εἶπεν,
3084 3452 3163 3509 ῧτι
3197 3454 3225 3508 6
3271 3452 3391 3513 Υἱὸς
3440 3457 3531 3508 τοῦ
3561 3451 3840 3529 ἀνθρώπου

2180 3543 2381 3612 κατέϐη
2455 3544 2515 3601 ἐκ
2569 3554 2662 3603 τοῦ
2715 3544 2959 3623 ούρανοῦ,
2990 3541 3163 3600 καίτοι
3207 3543 3268 3598 ού
3296 3537 3498 3607 κατέϐη
3528 3541 3563 3609 ἡ
3593 3537 3717 3616 σὰρξ
3775 3538 3842 3594 ὲκ

2183 3638 2272 3692 τοῦ
2329 3636 2573 3713 ούρανοῦ,
2630 3632 2752 3689 ἀλλ’
2812 3631 2958 3709 ὅμως
3029 3630 3114 3687 διὰ
3167 3632 3226 3687 τὺ
3284 3631 3339 3686 ἕν
3387 3629 3694 3706 πρόσωπον,
3748 3630 3841 3685 καὶ

2181 3726 2275 3793 τὴν
2335 3726 2459 3799 μίαν
2529 3724 2841 3795 ὑπόστασιν,
2915 3723 2979 3779 τὰ
3048 3728 3138 3779 τοῦ
3191 3718 3321 3780 Θεοῦ
3392 3719 3690 3795 προσέθηκε
3759 3726 3840 3792 τῷ

2180 3816 2461 3893 ἀνθρώπῳ⁹
2536 3811 2673 3871 οὔτω
2725 3812 2987 3870 κάνταῦθα
3031 3813 3092 3868 τὸ
3136 3809 3365 3883 ἔμπαλιν
3397 3809 3460 3866 τὰ
3490 3816 3580 3866 τοῦ
3628 3808 3838 3886 ἀνθρώ-

2182 3926 2280 3961 που
2336 3903 2649 3981 προστίθησι
2680 3906 2755 3974 τῷ
2783 3908 2899 3974 Θεῷ
2930 3900 3106 3979 Λόγῳ.
3158 3896 3385 3957 ’Ἔδωκε
3427 3898 3551 3977 γὰρ,
3586 3897 3769 3977 φησὶν,
3805 3898 3835 3951 6

2181 3995 2309 4057 Θεὸς
2387 3994 2471 4049 τὸν
2525 3994 2643 4047 Υἱὸν
2687 3992 2844 4050 αὐτοῦ
2873 3991 2945 4049 εἷς
2974 3990 3219 4047 θάνατον’
3254 3989 3426 4046 καίτοι
3457 3991 3485 4044 6
3515 3988 3645 4050 Θεὸς
3689 3986 3839 4043 ἀπα-

2178 4083 2274 4149 θὴς
2332 4080 2613 4155 διέμεινεν
2664 4077 2785 4136 ἀλλ’
2855 4080 2968 4136 ἐπεὶ
3025 4080 3111 4144 εἷς
3154 4080 3242 4136 καὶ
3272 4081 3300 4136 6
3329 4080 3487 4141 αύτὸς
3538 4076 3654 4135 καθ’
3700 4077 3842 4133 ὑπό-

2181 4193 2363 4228 σεασιν
2434 4173 2499 4238 ἦν
2561 4170 2589 4227 δ
2645 4192 2702 4227 τε
2774 4176 2865 4227 τοῦ
2923 4176 3054 4227 Θεοῦ
3112 4171 3309 4247 Λόγος,
3370 4170 3458 4225 καὶ
3519 4169 3546 4223 6
3580 4167 3643 4222 τὰ
3696 4166 3842 4231 πάθη

443 4248 599 4340 citur
629 4249 799 4313 datus
831 4273 987 4334 esse,
1022 4255 1080 4316 in
1118 4264 1400 4335 quantum
1435 4271 1493 4316 et
1525 4273 1660 4316 vere
1694 4272 1923 4335 passus,
1980 4273 2094 4315 non

2181 4262 2532 4340 ὑφιστάμενος
2600 4258 2893 4337 ἄνθρωπος’
2949 4261 2976 4315 6
3021 4260 3138 4325 Υἱὸς
3191 4256 3403 4336 λέγεται
3473 4254 3727 4340 διδόσθαι,
3781 4254 3843 4318 ὅς

441 4338 501 4399 in
534 4357 638 4400 sua
674 4352 902 4422 natura,
936 4343 1038 4405 sed
1075 4345 1133 4405 in
1166 4361 1271 4407 Sua
1317 4363 1497 4407 carne
1555 4345 1721 4417 Quod
1766 4352 1964 4405 autem
2000 4343 2093 4404 lu-

2180 4338 2266 4407 καὶ
2322 4349 2535 4417 ἀληθῶς
2598 4348 2835 4428 ἔπασχεν
2903 4348 2957 4405 ἒν
3011 4354 3077 4425 τῇ
3109 4347 3273 4420 οἰκείᾳ
3305 4345 3460 4417 σαρκί
3485 4342 3640 4424 (19).
3679 4338 3740 4404 Ti
3783 4343 3842 4400 δὲ

442 4447 632 4509 crum,
657 4431 783 4494 dari
820 4434 1065 4496 Filium?
1086 4434 1132 4497 Ο
1167 4444 1536 4513 magnum,et
1568 4453 1747 4514 supra
1776 4434 2093 4494 humanam

2180 4442 2240 4495 τὸ
2313 4438 2495 4518 κέρδος
2524 4449 2617 4498 τοῧ
2668 4437 2881 4505 δοθῆναι
2912 4440 3002 4495 τὸν
3049 4438 3167 4495 Υἱόν
3216 4428 3353 4519 ;'u;
3403 4436 3541 4514 μέγα
3573 4437 3659 4491 καὶ
3710 4436 3844 4513 ὑπὲρ

446 4521 729 4582 mentem!
765 4533 826 4583 ut
855 4525 1050 4585 omnis
1085 4525 1184 4605 qui
1216 4526 1406 4589 credit
1434 4525 1494 4585 in
1529 4524 1718 4596 illum,
1753 4524 1871 4585 duo
1894 4524 1989 4585 illa
2012 4524 2094 4584 lu-

2181 4528 2382 4587 ἔννοιαν
2424 4529 2793 4608 ἀνθρωπίνην,
2850 4528 2941 4585 ’ἵνα
3000 4535 3101 4592 πᾶς
3166 4530 3193 4584 6
3254 4528 3515 4584 πιστεύων
3545 4527 3617 4591 είς
3658 4526 3841 4599 αὖτὸν,

2186 4618 2231 4631 κ.
2394 4630 2403 4631 ,
2643 4616 2695 4631 κ.
2851 4616 2875 4631 ..
3008 4618 3023 4631 .
3185 4618 3198 4631 .
3292 4617 3303 4631 .
3368 4616 3381 4631 ς
3469 4614 3525 4631 κ,
3565 4618 3589 4631 -
3717 4613 3743 4631 ,ι

442 4616 640 4668 eretur
674 4631 688 4670 :
727 4632 909 4674 unum
945 4614 1209 4694 quidem,
1241 4614 1398 4695 quod
1433 4633 1550 4675 non
1608 4616 1781 4694 perit;
1816 4614 2093 4691 alterum,

2180 4618 2267 4676 δύο
2322 4630 2485 4678 ταῦτα
2542 4616 2791 4697 κερδάνῃ’
2851 4616 2906 4674 ἓν
2965 4618 3087 4693 μὲν,
3152 4618 3211 4673 τὸ
3243 4617 3319 4690 μὴ
3359 4614 3671 4673 ἆπολέσθαι·
3717 4613 3843 4671 ’ἐτε-

443 4704 600 4777 quod
634 4700 805 4761 vitam
856 4702 1056 4776 habet,
1111 4715 1288 4785 atque
1343 4706 1534 4775 vitam,
1578 4714 1885 4765 wtcrnam.
1918 4705 2094 4766 Vetus

2182 4732 2267 4774 ρον
2340 4708 2418 4776 δὲ,
2479 4713 2540 4765 τὸ
2596 4708 2685 4765 καὶ
2744 4710 2887 4779 ζωὴν
2966 4706 3140 4786 ἔχειν,
3198 4708 3286 4762 καὶ
3355 4705 3555 4772 ταύτην
3601 4702 3835 4764 αἰώνιον.

442 4788 599 4877 enim
628 4788 716 4850 lex
754 4792 1138 4869 promittebat
1159 4812 1263 4854 eos
1283 4793 1382 4875 qui
1408 4796 1465 4854 in
1496 4794 1594 4855 illa
1622 4797 1740 4854 Deo
1761 4793 2093 4875 placebant,

2183 4790 2243 4853 ’Β
2319 4798 2414 4873 μὲν
2474 4799 2572 4877 γὰρ
2645 4795 2877 4869 Παλαιὰ,
2940 4797 3061 4858 τοὺς
3122 4795 3176 4852 ἐν
3226 4796 3392 4871 ταύτῃ
3433 4796 3846 4873 εύαρεστοῦντας

440 4875 779 4957 implendus
812 4881 1180 4958 longitudine
1211 4882 1467 4946 dierum:
1495 4882 1874 4961 Evangehum
1898 4889 2094 4943 autem

2184 4896 2255 4962 τῷ
2315 4892 2452 4961 Θεῷ,
2513 4888 2850 4965 μακρότητος
2904 4886 3119 4965 ἡμερῶν
3162 4884 3436 4957 ἒμπιπλᾷν
3492 4886 3840 4964 ὑπισχνεῖτο·

438 4985 554 5028 ιιοιι
608 4974 1027 5050 temporariam
1087 4973 1257 5033 vitam
1316 4974 1582 5053 largitur,
1642 4973 1747 5034 sed
1805 4980 2085 5034 alternam

2180 4980 2232 5033 τὸ
2292 4977 2343 5033 δὲ
2410 4977 2754 5057 Εὖαγγέλιον,
2814 4975 2875 5033 οὗ
2955 4977 3261 5054 προσκαίρῳ
3290 4976 3401 5050 ζωῇ
3448 4972 3843 5053 φιλοτιμεῖται,

438 5066 493 5116 et
523 5058 1021 5125 indissolubilem.
1054 5061 1200 5135 Quia
1235 5062 1393 5123 enim
1451 5062 1569 5124 duo
1613 5072 1751 5123 sunt
1802 5064 2090 5123 adventus

2180 5067 2307 5124 Ξιλλὰ
2365 5069 2453 5124 καὶ
2525 5066 2719 5139 αἰωνίῳ
2788 5067 2874 5123 καὶ
2934 5064 3269 5137 ἁκαταλύτῳ,
3305 5064 3456 5122 Ἐπεὶ
3483 5062 3539 5120 δὲ
3568 5060 3659 5120 δύο
3715 5063 3848 5118 εἰσὶν

436 5147 746 5221 Christi,et
776 5150 875 5210 ille
906 5150 1007 5232 qui
1034 5151 1234 5227 fuit,et
1261 5152 1359 5213 ille
1394 5154 1492 5233 qui
1525 5163 1810 5215 venturus
1843 5160 1933 5213 est
1964 5172 1977 5212 :
2014 5152 2090 5215 de

2180 5161 2222 5213 αἱ
2280 5166 2369 5216 τοῦ
2420 5166 2642 5215 Χοιστού
2713 5157 3013 5236 παρουσίαι,
3088 5155 3124 5223 ἢ
3185 5176 3242 5212 τε
3320 5154 3418 5221 ἤδη
3470 5152 3848 5232 γεγενημένη,

519 5283 580 5331 78
608 5283 743 5347 Luc.
773 5304 935 5360 χχιιι,
972 5288 1069 5349 3t.
1161 5286 1268 5349 791
1293 5290 1457 5351 Joan.
1496 5304 1575 5350 tv.
1600 5290 1659 5350 9.

1528 5422 1609 5484 Ex
1642 5422 1963 5485 collatione
1996 5424 2171 5488 codd.
2208 5424 2421 5489 Venet.
2458 5424 2521 5491 S.
2557 5425 2754 5489 Marci.

524 5554 653 5633 (19)
685 5556 835 5619 Cod.
860 5557 930 5619 31
963 5558 1201 5640 plenius
1235 5581 1249 5623 ε
1280 5544 1384 5628 v0;
1414 5562 1499 5619 καὶ
1532 5560 1745 5629 ἀληθῶς
1774 5561 2042 5643 ἔπασχεν,
2076 5563 2134 5620 οὗ
2159 5569 2227 5639 τῇ
2258 5566 2424 5634 οἰκείᾳ
2465 5564 2636 5646 φύσει,
2671 5562 2808 5619 ἀλλὰ
2840 5570 2909 5638 τῇ
2954 5562 3119 5631 οἰκείᾳ
3163 5564 3338 5639 σαρκί.

529 5681 611 5759 (τι)
661 5682 789 5745 Edit
838 5686 965 5747 Lut.
1008 5706 1119 5748 non
1155 5689 1331 5750 habet
1366 5693 1780 5768 unigenitum.
