4178 6422
302 302 459 402 ma

1062 331 1506 399 ENARRATIO
1564 335 1645 397 IN
1693 328 2204 396 EVANGELIUM
2246 328 2586 397 JOANNIS.
2639 367 2710 376 —
2758 336 2921 397 CAP.
2970 336 3079 397 III.

3543 330 3693 394 1214

291 472 380 527 καὶ
409 472 444 539 ἡ
475 468 774 549 μέλλουσα,
810 471 929 546 περὶ
973 473 1072 535 τῆς
1132 490 1391 546 προτερας
1450 467 1594 546 λέγει
1647 468 1957 546 παρουσίας,

2047 462 2242 543 priore
2263 466 2524 529 adventu
2555 467 2719 543 dicit,
2742 468 2900 550 quod
2931 488 3052 530 non
3084 468 3299 530 missus
3321 469 3395 531 sit
3426 464 3610 531 Filius
3629 474 3693 527 ut

292 560 373 618 ὅτι
418 563 513 619 οὒκ
583 558 861 625 ἀπεστάλη
921 560 949 615 6
995 559 1113 621 Υἱὸς
1158 556 1250 615 ἴνα
1282 558 1570 638 κατακρίνῃ
1600 557 1692 614 τὸν
1722 557 1947 632 κόσμον,

294 648 443 709 Ἐπεί
500 650 544 705 εἰ
614 648 701 706 ἐπὶ
756 654 912 706 τοῦτο
968 647 1121 722 ἦλθε,
1154 649 1349 710 πάντες
1426 647 1486 703 ἄν
1543 646 1947 726 κατεκρίθησαν·

294 740 491 805 πάντες
566 739 665 818 γὰρ
723 737 989 818 ἤυαρτον,
1052 739 1184 795 καθά
1246 739 1334 796 καὶ
1368 736 1571 803 Παῦλός
1600 753 1782 816 φησιν·
1815 734 1952 793 ἀλλὰ

296 827 711 909 προηγουμένως
762 827 848 884 έπί
906 830 967 884 τὸ
1022 834 1191 885 σῶσαι
1250 829 1338 885 τὸν
1397 827 1596 903 κόσμον
1652 826 1803 901 ἦλθε,
1866 826 1953 881 καὶ

298 924 451 977 τοῦτο
522 920 720 981 σκοπὸς
779 917 843 985 ἧν
905 919 1065 993 αὖτῷ”
1129 917 1264 974 κατά
1306 914 1639 993 συμϐεϐηκός
1670 915 1724 973 δὲ
1784 917 1950 993 κρίνει

294 1011 415 1072 τοὺς
474 1008 553 1085 μὴ
610 1007 1019 1073 πιστεύσαντας,
1112 999 1169 1065 Ὀ
1223 1006 1405 1082 μέντοι
1439 1008 1727 1073 Μωσαϊκὸς
1764 1006 1949 1082 νόμος,

298 1096 709 1179 προηγουμένως
770 1098 844 1160 εἰς
903 1096 987 1153 ἔλε
1006 1119 1130 1178 αον
1188 1102 1287 1163 τῆς
1339 1096 1593 1175 ἁμαρτίας
1656 1094 1806 1175 ἦλθε,
1869 1094 1957 1150 καὶ

296 1189 607 1268 κατάκρισιν
666 1194 771 1245 τῶν
831 1186 1289 1266 παραϐαινόντων.
1351 1184 1530 1244 Οὖδενὶ
1561 1185 1661 1265 γὰρ
1716 1182 1957 1263 συνεχώ-

296 1300 396 1359 ρει,
457 1276 578 1335 ἀλλ’
666 1275 777 1353 ἅμα
834 1297 890 1333 τε
948 1279 1094 1359 εὗρεν
1147 1275 1516 1354 ἁμαρτάνοντά
1562 1296 1635 1347 τι,
1708 1274 1796 1331 καὶ
1844 1272 1955 1347 ἅμα

296 1358 396 1435 τὴν
448 1365 599 1435 δίκην
654 1367 878 1446 ἐπῆγεν.
943 1358 1005 1423 Ἠ
1064 1366 1160 1442 μὲν
1207 1366 1295 1423 οὖν
1328 1366 1514 1444 πρώτη
1568 1365 1825 1442 παρουσία
1862 1362 1958 1419 οὒκ

296 1457 426 1539 εἶχε
509 1458 709 1513 σκοπὸν
741 1458 801 1513 τὸ
830 1456 1046 1536 κρίνειν,
1080 1457 1125 1512 εἰ
1157 1456 1235 1531 μὴ
1265 1455 1402 1511 κατά
1431 1450 1790 1533 συμϐεϐηκὸς,
1836 1470 1955 1516 τους

300 1548 719 1617 ἀπιστήσαντας·
783 1548 926 1605 οὗτοι
1010 1547 1111 1625 γὰρ
1180 1543 1285 1613 ἢδη
1354 1543 1641 1623 κέκρινταιο
1694 1544 1729 1609 ἡ
1787 1541 1843 1598 δέ
1896 1563 1956 1620 γε

295 1634 507 1717 δευτέρα
562 1636 842 1715 παρουσία,
912 1635 1127 1701 πάντως
1160 1635 1245 1692 ἐπὶ
1272 1656 1350 1707 rip
1380 1634 1580 1699 πάντας
1634 1646 1835 1713 κρῖναι,
1869 1634 1957 1689 καὶ

304 1724 585 1783 ἀποδοῦναι
646 1725 854 1799 ἑκάστῳ
910 1725 1047 1782 κατά
1112 1725 1177 1780 τά
1272 1721 1399 1803 ἔργα
1483 1722 1660 1797 αὒτοῦ,
1725 1722 1955 1801 γενὴσε-

302 1839 410 1878 ται,

2035 553 2396 619 condemnet
2425 557 2884 641 mundumzquia
2913 557 2963 620 si
2994 565 3238 639 propter
3258 558 3372 619 hoc
3409 556 3690 631 venisset,

2035 644 2414 709 condemnati
2448 648 2701 711 fuissent
2733 649 2942 731 utique
2973 666 3229 711 omnes.
3259 646 3483 712 Omnes
3528 645 3688 708 enim

2037 737 2680 812 percaveruntwsicut
2707 748 2764 801 et
2795 738 3012 802 Paulus
3039 737 3202 802 dicit.
3239 736 3356 800 Sed
3391 736 3689 818 praecipue

2037 821 2108 881 ad
2151 823 2265 885 hoc
2296 827 2477 901 venit,
2509 835 2568 889 et
2588 827 2878 890 mundum
2911 834 3393 907 servaret,atque
3424 826 3551 887 haec
3589 824 3688 888 in-

2037 911 2223 973 tentio
2254 917 2381 995 ejus
2414 916 2516 978 fuit
2551 934 2564 980 :
2604 936 2712 995 per
2739 917 3020 980 accidens
3078 926 3274 979 autem
3323 914 3556 998 judicat
3588 932 3690 978 eos

2040 1003 2139 1082 qui
2168 1023 2285 1065 non
2308 1007 2716 1070 crediderunt.
2769 1009 2887 1071 Lex
2918 1026 3058 1069 vero
3090 1004 3350 1072 Mosaica
3392 1004 3689 1087 praecipue

2039 1094 2222 1175 venit,
2257 1103 2323 1156 ut
2353 1097 2826 1178 reprehenderet
2868 1105 3198 1177 peccatum,
3234 1104 3293 1157 et
3320 1095 3691 1158 condemna-

2043 1191 2135 1245 ret
2154 1186 2796 1264 praavaricantesNulli
2820 1189 2979 1249 enim
3006 1184 3390 1265 ignoscit,sed
3414 1183 3589 1246 simul
3610 1190 3695 1245 at-

2037 1289 2154 1348 que
2176 1274 2472 1337 invenerit
2504 1284 2846 1356 peccantem
2878 1276 2939 1337 in
2972 1276 3190 1358 aliquo,
3221 1292 3452 1356 poenam
3482 1273 3687 1337 infert.

2042 1360 2246 1442 Itaque
2278 1363 2511 1443 primus
2538 1365 2832 1429 adventus
2864 1385 2979 1427 non
3014 1374 3257 1446 prOpter
3283 1362 3579 1445 judicium
3610 1362 3695 1423 fa-

2040 1459 2197 1521 ctus,
2232 1451 2347 1514 nisi
2380 1473 2485 1534 per
2514 1456 2822 1535 accidens,
2838 1455 3116 1535 judicans
3148 1472 3252 1517 eos
3274 1453 3377 1536 qui
3407 1472 3525 1514 non
3552 1469 3689 1514 cre-

2039 1539 2343 1615 diderunt,
2397 1545 2498 1626 qui
2548 1546 2673 1625 jam
2716 1544 2969 1625 judicati
3014 1551 3172 1625 sunt;
3222 1540 3523 1605 secundus
3556 1559 3690 1603 vero

2038 1630 2151 1691 erit
2172 1638 2233 1692 ut
2259 1651 2472 1783 pmnes
2490 1635 2810 1716 judicet,et
2839 1634 3159 1717 unicuique
3188 1632 3519 1696 secundum
3553 1648 3691 1712 ope-

2038 1738 2103 1781 ra
2131 1739 2240 1783 sua
2282 1723 2455 1783 aciat.

2037 1738 2103 1781 ra
2131 1739 2240 1783 sua
2259 1723 2455 1787 faciat.

384 1926 407 1962 α
448 1916 489 1965 Ο
548 1906 810 1963 πιστεύων
884 1907 956 1968 εἰς
1005 1905 1095 1960 τὸν
1140 1903 1282 1983 Υἰὸν,
1343 1904 1403 1959 οὗ
1431 1901 1682 1982 κρίνεται·
1716 1904 1744 1957 6
1773 1900 1827 1957 δὲ
1870 1902 1949 1977 μὴ

2113 1902 2297 1964 Vsus.
2315 1901 2493 1967 18-21
2512 1952 2523 1965 .
2539 1903 2886 1978 «Quicredit
2905 1906 2962 1967 in
2978 1903 3343 1975 Filium,non
3355 1901 3684 1983 judicatur:

298 1996 560 2053 πιστεύων

297 2083 464 2161 ὄνομα
532 2088 627 2143 τοῦ
696 2091 1013 2163 μονογενοῦς
1074 2086 1193 2142 1⁸ἰοῦ
1220 2087 1314 2141 τοῦ
1345 2089 1498 2146 Θεοῦ,
1534 2080 1675 2150 Αὕτη
1707 2081 1761 2139 δὲ
1811 2081 1951 2138 ἐστιν

296 2177 331 2245 ἡ
395 2176 588 2257 κρίσις,
646 2173 727 2232 ὅτι
787 2177 850 2231 τὸ
921 2181 1033 2255 φῶς
1103 2171 1261 2240 ἦλθεν
1318 2174 1391 2238 εἰς
1456 2174 1549 2230 τὸν
1579 2172 1805 2253 κόσμον,
1866 2174 1954 2229 καὶ

296 2266 584 2344 ἠγάπησαν
631 2266 676 2322 οἰ
738 2263 999 2343 ἄνθρωποι
1058 2260 1264 2339 μᾶλλον
1342 2264 1403 2319 τὸ
1501 2263 1714 2342 σκότος,
1802 2262 1836 2330 ἢ
1893 2262 1954 2317 τὸ

302 2360 439 2435 φῶς*
500 2356 566 2424 ἧν
624 2355 725 2433 γάρ
775 2354 983 2431 πονηρὰ
1040 2351 1214 2409 αὐτῶν
1296 2352 1363 2407 τὰ
1448 2350 1597 2431 ἔργα.
1683 2358 1792 2414 Πᾶς
1857 2352 1957 2430 γὰρ

301 2446 328 2500 6
412 2443 582 2525 φαῦλα
640 2444 913 2524 πράσσων,
978 2454 1129 2519 μισεῖ
1173 2442 1233 2498 τὸ
1283 2447 1420 2521 φῶς,
1482 2442 1569 2497 καί
1615 2445 1710 2501 οὒκ
1739 2440 1955 2521 ἔρχεται

302 2536 433 2611 πρὸς
490 2535 550 2590 τὸ
606 2538 743 2614 φῶς,
803 2533 894 2589 ’ἕνα
978 2532 1055 2608 μὴ
1134 2530 1369 2610 ἐλεγχθῆ
1450 2531 1515 2587 τά
1586 2529 1712 2611 ἔργα
1772 2532 1954 2588 αὐτοῦ*

301 2626 329 2680 6
385 2621 439 2680 δὲ
492 2630 662 2681 ποιῶν
718 2623 814 2691 τὴν
872 2620 1149 2694 ἀλήθειαν,
1207 2618 1423 2701 ἔρχεται
1493 2622 1623 2700 πρὸς
1701 2622 1761 2677 τὸ
1818 2626 1951 2693 φῶς,

301 2714 393 2771 ἶνα
452 2717 729 2795 φανερωθῇ
787 2714 946 2769 αὐτοῦ
1016 2713 1081 2768 τὰ
1148 2710 1300 2795 ἔργα,
1361 2709 1441 2767 ὅτι
1489 2713 1544 2766 ἓν
1643 2718 1758 2785 Θεῷ
1816 2710 1957 2766 ἔστιν

643 1994 747 2065 ἢδη
805 1994 1062 2074 κέκριται,
1124 1992 1203 2050 ὅτι
1261 1993 1337 2064 μὴ
1391 1993 1739 2053 πεπίστευκεν
1789 1994 1861 2056 εἰς
1892 1993 1953 2048 τὸ

2037 1991 2136 2071 qui
2170 2010 2311 2053 vero
2335 2012 2452 2055 non
2501 1995 2714 2072 credit,
2757 1997 2880 2074 jam
2907 1994 3212 2075 judicatus
3237 2000 3350 2074 est,
3386 1992 3524 2074 quia
3572 2010 3688 2054 non

2037 2080 2358 2143 crediditin
2385 2102 2600 2145 nomen
2616 2084 2907 2163 unigeniti
2930 2083 3062 2146 Filii
3089 2081 3362 2163 Deillaac
3382 2092 3473 2144 est
3490 2088 3687 2143 autem

2039 2170 2477 2245 condemnatio,
2510 2175 2667 2255 quod
2722 2175 2819 2235 lux
2870 2174 3029 2236 venit
3067 2173 3128 2235 in
3161 2172 3474 2249 mundum,
3498 2178 3557 2233 et
3588 2169 3686 2231 div

2041 2259 2313 2323 lexerunt
2336 2262 2611 2326 homines
2644 2264 2832 2343 magis
2861 2263 3139 2325 tenebras
3168 2281 3343 2344 quam
3377 2258 3686 2324 lucem.E-

2040 2358 2171 2411 rant
2192 2352 2353 2412 enim
2375 2371 2581 2414 eorum
2607 2372 2789 2435 opera
2808 2350 3203 2417 mala.0mnis
3222 2351 3382 2413 enim
3410 2350 3513 2432 qui
3537 2351 3690 2412 mala

2039 2439 2312 2520 agit,odit
2340 2441 2681 2523 lucem,nec
2708 2442 2867 2505 venit
2896 2441 2971 2505 ad
3003 2443 3222 2523 lucem,
3258 2459 3333 2503 ne
3366 2448 3693 2521 arguantur

2040 2547 2223 2608 opera
2252 2530 2461 2612 ipsius.
2487 2532 2597 2606 Qui
2627 2542 2825 2595 autem
2854 2540 3135 2614 operatur
3162 2531 3498 2605 veritatem,
3532 2529 3695 2591 venit

2040 2618 2113 2680 ad
2146 2619 2775 2704 lucem,utconspicua
2809 2623 2949 2685 fiant
2979 2623 3131 2685 facta
3158 2622 3372 2703 ipsius,
3403 2620 3561 2701 quod
3587 2636 3695 2702 per

2041 2708 2230 2771 Deum
2263 2713 2383 2773 sint
2414 2712 2628 2776 facta.»
2665 2712 2817 2787 Quid
2852 2721 2967 2793 et,
3010 2710 3150 2785 ιιΟυί
3174 2709 3367 2773 credit
3389 2709 3451 2771 in
3473 2708 3689 2772 Filium

303 2794 642 2883 εἰργασμένα.
700 2820 729 2859 ι
774 2802 835 2859 Τί
856 2800 1052 2884 Δεστον,
1094 2823 1121 2854 α
1179 2794 1238 2858 Ὀ
1268 2800 1530 2856 πιστεύων
1561 2800 1633 2864 εἰς
1664 2801 1754 2856 τὸν
1807 2800 1950 2874 ι’ἱὸν,

2047 2797 2179 2859 545
2198 2818 2316 2862 non
2344 2801 2673 2882 iudicatur?
2716 2828 2735 2859 ι
2765 2800 3045 2884 Nunquid
3068 2801 3118 2863 si
3147 2799 3517 2862 immundam
3546 2816 3691 2876 ege-

304 2875 363 2951 ού
394 2875 648 2971 ’κρίνεται
684 2909 702 2964 ;
780 2908 809 2948 ι
855 2875 986 2969 Ἀρα
1033 2875 1158 2969 γὰρ,
1219 2889 1307 2947 ἐὰν
1341 2888 1631 2968 ἀκάθαρτον
1676 2887 1784 2969 ἔχη
1815 2888 1951 2965 βίον,

2047 2888 2115 2950 rit
2144 2875 2358 2970 vitam,
2380 2910 2498 2953 non
2538 2892 2873 2972 judicatur?
2922 2875 3177 2957 Maxime
3234 2888 3501 2972 quidem.
3563 2875 3694 2950 Non

305 2982 362 3037 οὔ
422 2978 652 3059 κρίνεται
700 2992 717 3053 ς
752 2976 995 3034 Μάλιστα
1062 2977 1159 3054 μὲν
1217 2978 1337 3040 τούς
1370 2978 1638 3041 τοιούτους
1669 2977 1783 3035 οὐδὲ
1814 3002 1955 3056 γνη-

2047 2980 2199 3041 enim
2234 2999 2370 3042 vere
2402 2981 2612 3045 fideles
2642 2992 2782 3045 sunt
2817 2981 3139 3063 ejusmodi,
3163 2989 3227 3041 ut
3257 2980 3475 3042 Paulus
3499 2977 3644 3039 dicit
3676 2999 3691 3035 :

304 3070 431 3132 σίως
487 3069 704 3133 πιστοὺς
760 3070 787 3124 6
848 3066 1054 3132 Παῦλός
1127 3089 1282 3145 φησι,
1355 3088 1378 3121 ι
1446 3068 1575 3124 Θεὸν
1599 3068 1722 3147 γὰρ,
1770 3069 1953 3149 φησὶν,

2047 3094 2074 3124 α
2101 3070 2285 3131 Deum
2320 3071 2504 3142 enim,
2538 3072 2749 3152 inquit,
2778 3073 3033 3134 fatentur
3083 3088 3149 3133 se
3192 3070 3370 3143 scire,
3412 3065 3695 3147 operibus

305 3157 656 3239 ὁμολογοῦσιν
691 3157 907 3239 εἰδέναι,
938 3169 1058 3222 τοῖς
1103 3155 1155 3214 δὲ
1187 3155 1361 3235 ’ἔργοις
1392 3156 1687 3236 ἀρνοῦνται,
1728 3182 1751 3213 ιι
1810 3156 1957 3225 Πλὴν

2047 3166 2235 3220 autem
2256 3160 2822 3240 negantsinﬂlerum
2854 3169 3052 3225 tamen
3071 3161 3183 3222 hoc
3202 3161 3332 3221 loco
3359 3156 3692 3234 dicit,quod

306 3248 524 3306 ενταῦθα
571 3249 725 3307 τοῦτό
784 3268 971 3329 φησιν,
1030 3244 1112 3303 ὅτι
1170 3245 1292 3303 κατ’
1322 3246 1450 3303 αὐτὸ
1477 3249 1631 3303 τοῦτο
1658 3249 1720 3304 τὸ
1736 3250 1957 3303 πιστεῦ-

2047 3256 2289 3329 propter
2314 3250 2507 3331 ipsum
2531 3251 2781 3314 credere
2814 3270 2931 3314 non
2957 3247 3463 3330 judicaturzdabit
3494 3254 3692 3309 autem

307 3362 415 3419 σαι,
478 3337 535 3396 οὒ
591 3338 842 3417 κρίνεται’
902 3344 1009 3394 τῶν
1041 3345 1221 3413 μέντοι
1265 3342 1511 3415 πονηρῶν
1570 3336 1737 3416 ἔργων
1781 3336 1959 3418 χαλε-

2048 3356 2250 3417 pcenas
2275 3329 2478 3418 graves
2510 3341 2799 3403 malorum
2824 3329 3071 3421 operum
3111 3357 3123 3397 :
3150 3347 3391 3420 propter
3421 3336 3697 3398 incredu-

304 3430 544 3508 πωτέρας
630 3428 843 3493 εὐθύναις
910 3424 1090 3483 δώσει’
1153 3426 1398 3492 ἀπιστίας
1446 3424 1499 3482 δὲ
1564 3425 1743 3484 ἕνεκεν
1773 3432 1834 3487 οὗ
1862 3450 1961 3484 κο-

304 3506 542 3589 λάζεται·
617 3513 752 3581 ἀπαξ
805 3515 905 3594 γὰρ
948 3514 1274 3577 ἐπίστευσεν,
1316 3538 1343 3567 α
1382 3506 1439 3573 Ὀ
1465 3512 1628 3589 δὲμὴ
1678 3517 1962 3587 πιστεύων,

305 3604 411 3674 ἢδη
468 3604 724 3682 κέκριται.
794 3628 822 3661 ι
881 3607 1000 3668 Πῶς
1035 3624 1050 3683 ;
1114 3610 1329 3681 Πρῶτον
1355 3604 1478 3680 μὲν,
1512 3603 1709 3661 ὅτικαί
1766 3606 1899 3673 αὕτη
1929 3608 1963 3674 ἡ

308 3695 524 3752 ἀπιστία
584 3694 889 3771 κατάκρισίς
946 3692 1083 3756 ἐστι,
1146 3695 1218 3752 T6
1274 3696 1375 3772 γὰρ
1448 3694 1601 3760 ἐκτὸς
1675 3696 1818 3753 εἶναι
1874 3704 1966 3753 τοῦ

308 3785 507 3865 φωτὸς,
570 3784 694 3840 αὒτὸ
764 3784 926 3859 μόνον
997 3784 1223 3861 τιμωρία
1256 3783 1510 3861 μεγίστη.
1547 3783 1791 3842 ’Ἔπειτα
1819 3788 1863 3842 εἰ
1887 3787 1965 3861 μὴ

307 3875 394 3931 καὶ
434 3875 668 3930 ὶντεῦθεν
724 3870 827 3940 ἤδη
884 3878 952 3949 τῇ
1001 3871 1190 3950 γεέννῃ
1250 3870 1471 3942 δίδοται,
1548 3871 1668 3931 ἀλλ’
1740 3878 1827 3932 οὖν
1872 3878 1966 3938 τὰς

308 3964 552 4045 ἀφορμὰς
604 3967 703 4031 τῆς
775 3962 1077 4040 μελλούσης
1133 3961 1386 4042 τιμωρίας
1463 3962 1697 4021 ἐντεῦθεν
1751 3964 1961 4033 ωνῆξε·

310 4053 545 4131 καθάπερ
603 4053 692 4110 καὶ
762 4055 789 4109 6
855 4053 1068 4134 φονεὺς,
1130 4050 1225 4108 κάν
1294 4052 1372 4126 μὴ
1416 4057 1484 4129 τῇ
1515 4053 1683 4134 ψήφῳ
1728 4056 1821 4111 τοῦ
1847 4056 1964 4134 κρί-

311 4164 490 4206 νοντος
560 4141 942 4222 καταδικασθῇ,
1000 4147 1068 4208 τῆ
1136 4151 1229 4201 τοῦ
1312 4141 1621 4220 πράγματος
1690 4142 1967 4200 καταδεδί-

312 4252 502 4287 κασται
552 4231 721 4309 φύσει*
783 4233 871 4287 καὶ
939 4234 965 4286 6
1018 4222 1209 4306 ’Ἀδὰμ
1252 4228 1329 4301 δέ,
1362 4232 1398 4306 ᾗ
1429 4232 1601 4310 ἡμέρᾳ
1632 4232 1826 4313 ἔφαγεν
1864 4234 1969 4290 ἀπὸ

312 4326 405 4377 τοῦ
463 4317 635 4390 ξύλου,
691 4318 937 4392 ἀπέθανε,
1001 4319 1171 4375 καίτοι
1244 4318 1364 4390 ἔζη,
1416 4320 1553 4376 ἀλλά
1581 4328 1650 4399 τῇ
1702 4324 1966 4403 ἀποφάσει

313 4410 401 4467 καὶ
454 4413 523 4486 τῇ
580 4414 672 4466 τοῦ
723 4410 1039 4487 πράγματος
1110 4410 1259 4489 φύσει
1300 4411 1568 4477 τεθνηκὼς
1599 4412 1688 4479 ἧν.
1727 4419 1835 4477 [Ιᾶς
1880 4414 1983 4469 οὖν.

315 4499 561 4572 ἄπιστος,
622 4499 934 4578 κατάκριτός
1000 4496 1139 4553 ἐστιν
1193 4498 1425 4555 ἐντεῦθεν
1495 4498 1620 4567 ἢδη,
1652 4503 1724 4563 ὡς
1754 4509 1823 4580 τῇ
1868 4526 1969 4560 κο·-

2046 3428 2270 3491 litatem
2299 3442 2495 3494 autem
2530 3450 2702 3508 quam
2739 3450 2857 3493 non
2883 3431 3212 3503 habet,non
3240 3428 3557 3509 punietur:
3595 3443 3696 3486 se-

2050 3518 2165 3580 mel
2193 3519 2352 3580 enim
2378 3520 2649 3585 credidit.
2692 3548 2712 3578 σ
2739 3521 2811 3582 At
2841 3520 2942 3602 qui
2975 3539 3091 3581 non
3116 3516 3391 3594 credidit,
3439 3518 3564 3597 jam
3592 3516 3697 3596 ju-

2049 3607 2278 3669 dicatus
2303 3610 2806 3682 est.»Quomodo?
2840 3610 3105 3673 Primum
3138 3606 3381 3689 quidem
3412 3605 3694 3687 quoniam

2052 3705 2109 3758 et
2138 3697 2267 3778 ipsa
2296 3698 2684 3762 incredulitas
2732 3697 3148 3762 condemnatio
3189 3704 3279 3759 est
3311 3713 3485 3778 {esse
3538 3693 3697 3757 enim

2054 3775 2213 3839 extra
2244 3779 2460 3849 lucem,
2520 3798 2626 3861 per
2680 3799 2743 3841 se
2802 3779 3121 3841 maximum
3182 3775 3541 3857 supplicium
3570 3782 3694 3848 est;

2051 3867 2267 3930 deinde
2286 3869 2557 3951 quamvis
2590 3889 2708 3932 non
2731 3870 2826 3932 hic
2858 3870 3153 3947 gehennae
3186 3867 3437 3930 traditus
3463 3864 3561 3947 sit,
3596 3864 3699 3926 sed

2050 3959 2431 4039 congregavit
2460 3960 2556 4022 hic
2580 3960 2761 4022 futuri
2791 3958 3071 4040 supplicii
3093 3953 3625 4032 occasiones,sicut
3647 3964 3707 4015 et

2053 4048 2617 4123 homicida,tametsi
2639 4068 2759 4112 non
2791 4049 3084 4111 sententia
3098 4046 3323 4128 judicis
3341 4044 3703 4108 condemne-

2055 4147 2169 4214 tur,
2204 4146 2413 4201 natura
2443 4147 2639 4202 tamen
2671 4140 2757 4201 rei
2805 4138 3240 4202 condemnatus
3264 4144 3374 4199 est.
3417 4135 3487 4198 Et
3514 4134 3705 4198 Adam

2055 4228 2153 4291 die
2170 4248 2286 4310 quo
2319 4230 2582 4293 comedit
2611 4230 2686 4293 de
2706 4230 3171 4311 ligno,mortuus
3200 4224 3707 4307 estBietquamvis

2059 4319 2297 4395 viveret,
2332 4320 2628 4381 sententia
2646 4328 2842 4381 tamen
2862 4330 2920 4383 et
2949 4328 3158 4380 natura
3177 4316 3265 4378 rei
3289 4313 3703 4378 mortuusfuit.

2052 4407 2262 4470 Omnis
2294 4409 2477 4489 igitur
2503 4409 2856 4472 incredulus
2884 4408 2980 4470 hic
2989 4409 3112 4488 jam
3134 4405 3569 4468 condemnatus
3591 4410 3703 4478 est,

2055 4507 2115 4558 ut
2145 4498 2245 4580 qui
2292 4500 2538 4563 omnino
2569 4498 2860 4580 supplicio
2895 4496 3219 4560 tradendus
3248 4503 3362 4567 est,
3399 4502 3455 4555 et
3484 4513 3604 4555 non
3644 4494 3703 4555 in

316 4586 464 4644 λάσει
539 4587 754 4649 πάντως
812 4584 1339 4667 παραδοθησόμενος,
1401 4588 1487 4643 καὶ
1546 4587 1662 4647 οὐδὲ
1689 4592 1761 4653 εἰς
1793 4594 1963 4670 κρίσιν

2047 4587 2807 4690 judiciumproducendus,
2820 4589 2989 4668 juxta
3020 4584 3363 4690 illud,:xN‘on
3395 4589 3709 4663 resurgent

314 4678 712 4759 ἀχθησόμενος,
748 4679 885 4733 κατά
933 4678 1020 4747 τὸ,
1073 4701 1098 4729 ι(
1166 4679 1275 4734 Οὔκ
1329 4676 1720 4749 ἀναστήσονται
1752 4679 1963 4746 ἀσεϐεῖς

2054 4677 2224 4758 impii
2248 4678 2306 4738 in
2335 4677 2557 4757 judicio
2578 4680 2703 4743 8³..
2744 4678 2975 4757 lndigni
3009 4678 3165 4739 enim
3199 4674 3496 4737 habentur
3526 4683 3588 4735 ut
3618 4691 3709 4735 ra-

315 4768 370 4823 ἐν
420 4768 608 4847 κρίσει·
668 4787 697 4826 )
755 4766 872 4823 οὒδὲ
943 4767 1042 4844 γὰρ
1103 4765 1265 4843 λόγου
1332 4764 1595 4831 ἀξιοῦνται
1642 4771 1688 4826 οἱ
1726 4770 1965 4843 ἀσεϐεῖς,

313 4844 491 4923 ὥσπερ
548 4846 664 4907 οὗδέ
722 4848 751 4903 ό
800 4845 1068 4910 διάϐολος,
1125 4844 1215 4903 Ἐν
1247 4846 1420 4902 καίσει
1452 4848 1550 4921 μὲν
1583 4850 1671 4905 οὖν
1700 4851 1795 4908 οὒκ
1834 4852 1971 4909 ἀνα-

318 4938 630 5014 στήσονται,
731 4937 784 4992 ἐν
843 4936 1152 5015 κατακρίσει
1197 4934 1269 4993 δέ.
1305 4936 1455 4993 Οὕτω
1485 4939 1570 4994 καὶ
1600 4937 1653 4995 ἐν
1686 4948 1762 5015 τῷ
1795 4944 1971 5018 Εὔαγ-

317 5023 480 5105 γελίῳ
532 5028 691 5106 φησὶν
750 5028 777 5081 ὁ
841 5027 1051 5105 Κύριος,
1086 5024 1165 5081 ὅτι
1201 5028 1228 5080 6
1279 5023 1462 5106 ἅρχων
1494 5036 1584 5084 τοῦ
1614 5029 1819 5105 κόσμου
1848 5034 1975 5088 τού-

316 5137 433 5189 του,
520 5113 626 5183 ἣδη
674 5115 936 5193 κέκριται,
998 5118 1058 5172 οὔ
1119 5116 1282 5190 μόνον
1358 5116 1430 5178 ὡς
1464 5118 1618 5181 αὐτός
1651 5120 1973 5197 ἀπιστείσας,

318 5205 457 5262 ἀλλὰ
506 5206 593 5262 καὶ
648 5204 741 5261 τόν
798 5204 998 5263 Ἰούδαν
1061 5202 1327 5282 προδότην
1402 5207 1653 5278 ποιήσας,
1717 5213 1803 5267 καὶ
1858 5226 1977 5277 τοῖς

320 5294 504 5357 ἄλλοις
556 5294 651 5362 τῆς
708 5293 979 5357 ἀπωλείας
1037 5294 1268 5371 γεγονὼς
1340 5293 1612 5371 πρόξενος,
1648 5297 1834 5357 Εἰδὲό
1868 5302 1983 5360 Κύ-

320 5406 431 5463 ριος
500 5384 555 5440 ἐν
614 5381 949 5463 παραϐολαῖς
1008 5384 1210 5459 εἰσάγει
1278 5384 1401 5447 τοὺς
1486 5384 1979 5465 κολασθησομένους

320 5472 483 5552 λόγου
533 5474 894 5550 ἀξιουμένους,
956 5473 1034 5549 μὴ
1119 5473 1422 5550 θαυμάσῃς·
1483 5478 1691 5553 πρῶτον
1744 5478 1841 5555 μὲν
1899 5481 1979 5538 ὅτι

400 5633 465 5683 80
492 5635 667 5696 Rom.
700 5632 923 5729 111.33.
1010 5633 1065 5683 εί
1098 5631 1221 5697 Tit.
1245 5649 1288 5703 ι,
1328 5631 1427 5696 16.
1518 5633 1577 5684 8¹
1604 5634 1755 5701 Gen.
1793 5657 1879 5716 ιιι,
1906 5642 2023 5705 17.,

2057 4765 2279 4828 tionem
2316 4767 2458 4829 dent
2489 4768 2678 4850 impii,
2714 4769 2865 4831 sicut
2894 4776 2953 4828 et
2982 4765 3282 4829 diabolus.
3320 4767 3381 4828 ln
3407 4763 3708 4844 judicium

2055 4854 2235 4934 igitur
2266 4875 2384 4919 non
2408 4866 2743 4937 resurgent,
2777 4857 2881 4919 sed
2910 4857 2970 4918 in
3002 4855 3594 4918 condemnationem.
3627 4851 3712 4916 Ita

2057 4954 2115 5007 et
2146 4945 2204 5007 in
2235 4944 2549 5027 Evangelio
2576 4949 2719 5011 dicit
2751 4944 3221 5029 Dominus,quod
3238 4945 3515 5026 princeps
3536 4943 3714 5024 hujus

2066 5035 2296 5110 mundi,
2312 5040 2432 5117 jam
2458 5039 2761 5119 judicatus
2793 5045 2883 5099 est
2912 5037 2995 5113 86,
3031 5054 3148 5097 non
3180 5035 3371 5096 solum
3395 5032 3553 5116 quod
3586 5034 3715 5114 ipse

2064 5142 2182 5210 non
2204 5127 2550 5210 crediderit,
2584 5127 2878 5210 sedquod
2910 5134 2967 5210 et
2992 5126 3201 5210 Iudam
3232 5123 3596 5210 proditorem
3630 5122 3720 5210 fe-

2062 5206 2233 5286 cerit,
2273 5215 2332 5269 et
2361 5210 2490 5271 aliis
2537 5202 2892 5291 perditionis
2942 5207 3115 5268 fuerit
3167 5202 3397 5268 au'ctor.
3435 5202 3716 5277 Quamvis

2062 5303 2257 5356 autem
2292 5300 2582 5362 Dominus
2638 5298 2699 5360 in
2746 5297 3047 5381 parabolis
3085 5295 3339 5357 adducat
3386 5293 3717 5375 puniendos

2063 5386 2235 5467 (ιιιθεί
2256 5406 2359 5449 eos
2387 5407 2420 5450 a
2450 5390 2667 5470 quibus
2697 5396 2967 5451 sumatur
2992 5385 3170 5459 ratio,
3206 5404 3280 5446 ne
3315 5382 3718 5446 mireris.Pri-

2066 5494 2227 5539 mum
2260 5479 2501 5560 quidem
2535 5498 2605 5543 eo
2637 5478 2900 5562 ipso,qui
2952 5474 3249 5559 parabolae
3295 5483 3434 5535 sunt
3476 5492 3546 5535 ea
3590 5493 3721 5555 quze

2094 5639 2335 5703 83Psal.
2371 5659 2412 5715 ι,
2447 5644 2505 5706 5.
2592 5640 3015 5717 84Joan.xv1,
3050 5638 3148 5700 tt.
3255 5705 3262 5714 ,
