4178 6412
500 382 653 447 1219

1438 388 2036 451 THEOPHYLACTI
2080 386 2175 447 BU
2190 384 2504 449 [ΒΑΗῐῶ
2548 385 2907 451 ARCHIEP.

3725 393 3886 457 1220

491 539 635 601 pere
665 523 943 603 quiddam
971 522 1085 583 nisi
1116 522 1292 585 fuerit
1318 523 1376 585 ei
1404 521 1603 584 datum
1638 542 1671 586 e
1695 523 1867 585 coelo.
1907 549 1934 579 »
1963 523 2133 585 Facta

2221 521 2423 598 Ορωπος
2495 519 2786 598 λαμϐάνειν
2845 523 3016 606 οῦδὲν,
3079 528 3170 583 ἐὰν
3238 528 3315 603 μὴ
3348 528 3382 596 ἦ
3430 525 3711 585 δεδομένον
3742 528 3888 603 αύτῷ

488 613 832 693 estquaestio
854 612 928 673 de
952 612 1307 691 baptismate
1335 612 1622 675 adversus
1638 612 1920 675 Judwum
1938 632 2113 694 quem

486 700 619 761 dam
652 701 2144 782 contendentibusdiscipulisJoannis.NamJudaeus

484 789 727 870 quidem
748 788 1101 870 przel'erebat
1119 790 1301 869 baptir
1319 810 1412 853 ma
1435 791 1865 873 discipulorum
1895 792 2137 855 Christi:

484 878 763 961 discipuli
781 888 978 941 autem
1000 882 1253 944 Joannis
1269 880 1560 961 baptisma
1574 882 1666 943 sui
1698 882 2138 961 magistriJlum

485 988 624 1049 ergo
656 968 729 1032 de
753 969 1188 1050 puriﬁcatione,
1226 974 1339 1033 hoc
1368 981 1460 1034 est
1491 971 1803 1053 baptismo,
1827 973 2139 1052 quaesitum

484 1067 664 1134 esset,
688 1059 981 1123 accedunt
1010 1061 1084 1122 ad
1119 1061 1466 1141 magistrum
1506 1081 1709 1137 suum,
1745 1072 1801 1123 et
1849 1062 2140 1142 incipiunt

484 1148 682 1212 obiter
711 1150 989 1212 vellicare
1015 1168 1178 1227 eum,
1214 1150 1484 1213 dicentes
1520 1173 1533 1215 :
1576 1177 1595 1206 ι
1630 1150 1844 1227 Rabbi,
1877 1152 1983 1232 qui
2014 1160 2141 1213 erat

484 1237 853 1320 tecum,»qui
875 1239 933 1300 in
963 1239 1175 1301 ordine
1200 1248 1328 1301 erat
1358 1240 1881 1321 discipulorum,ut
1900 1260 1933 1302 a
1954 1250 2008 1302 te
2021 1241 2139 1303 dis-

477 1326 1046 1408 cessit,cbaptizat:»
1076 1365 1116 1375 -
1146 1328 1285 1393 «Cui
1316 1338 1376 1391 tu
1404 1330 1806 1393 testimonium
1836 1330 2077 1395 dedisti.
2109 1355 2131 1388 ιο

472 1416 595 1478 Hoc
622 1425 731 1493 est,
766 1436 944 1498 quem
980 1418 1309 1499 haptizasti,
1347 1440 1524 1501 quvm
1568 1429 1625 1481 tu
1656 1420 1880 1482 clarum
1913 1420 2129 1497 fecisti,

475 1507 689 1568 eadem
724 1526 884 1569 nunc
916 1510 1097 1569 audet
1127 1528 1259 1589 qua:
1303 1518 1382 1571 tu.
1444 1508 1559 1572 Sed
1616 1519 1673 1572 et
1731 1511 1930 1573 aliud:
1978 1513 2063 1589 ad,
2083 1518 2138 1571 te

475 1595 625 1657 nulli
658 1614 815 1659 nunc
845 1597 1195 1673 veniunt,ad
1230 1598 1396 1660 illum
1432 1617 1570 1661 vero
1608 1618 1841 1662 omnes:
1876 1598 2130 1675 Omnes,

2226 611 2288 667 εκ
2341 619 2435 669 τοῦ
2505 611 2745 691 ούρανοῦ.
2826 638 2855 672 ε
2888 614 3136 696 Ἐγένετο
3168 618 3394 689 ζήτησις
3424 618 3542 694 περὶ
3573 626 3666 677 τοῦ
3685 616 3885 693 βαπτί-

2226 722 2427 775 σματος
2513 704 2643 783 πρὸς
2704 701 2966 763 ἰουδαῖόν
3026 729 3145 765 τινα
3262 705 3704 786 φιλονεικούντων
3776 712 3887 764 τῶν

2230 788 2473 849 Ἰωάννου
2531 796 2804 868 μαθητῶν.
2870 786 2930 853 Ὀ
2990 796 3089 873 μὲν
3136 795 3547 877 γὰρ’[ουδαῖος,
3574 798 3638 854 τὸ
3680 797 3882 874 βάπτι-

2226 900 2337 955 σμα
2394 888 2502 937 τῶν
2571 887 2795 962 Χριστοῦ
2856 888 3110 961 μαθητῶν
3166 888 3450 966 προετῖθει·
3498 890 3543 944 οἱ
3568 884 3623 944 δὲ
3655 888 3888 963 μαθηταὶ

2227 966 2492 1053 Ἰωάννου,
2555 974 2614 1030 τὸ
2698 982 2790 1032 τοῦ
2869 973 3205 1041 διδασκάλου.
3268 978 3607 1045 Ζητήσαντες
3656 973 3712 1034 δὲ
3770 979 3931 1056 περὶ·

2223 1066 2316 1115 τοῦ
2370 1065 2721 1144 καθαρισμοῦ,
2783 1064 2904 1133 ἢτοι
2977 1074 3068 1123 τοῦ
3099 1066 3495 1147 βαπτίσματος,
3535 1066 3778 1146 προσίασι
3806 1074 3885 1143 τήν

2223 1149 2395 1236 αὑτῶν
2451 1148 2773 1236 διδασκάλῳ.
2827 1155 2915 1211 καὶ
2972 1155 3232 1236 ἄρχονται
3308 1156 3645 1236 παρακνίζειν
3703 1154 3880 1229 αῦτδν,

2224 1234 2495 1317 λέγοντες·
2575 1264 2601 1296 α
2682 1232 2881 1319 Ῥαόϐὶ,
2916 1242 2976 1309 ὅς
3109 1246 3244 1321 μετὰ
3273 1232 3399 1321 σοῦ,
3428 1269 3457 1326 ξ
3495 1248 3550 1309 ὃς
3582 1243 3726 1311 τάξιν
3757 1247 3882 1326 εἶχε

2223 1331 2486 1410 μαθητοῦ,
2512 1329 2815 1412 ἀποσχίσας
2840 1334 3155 1417 (βαπτίζει,
3194 1354 3221 1393 ι
3256 1368 3334 1379 —
3371 1355 3394 1391 ε
3427 1322 3491 1417 ἐξ
3524 1336 3586 1391 σὺ
3615 1322 3885 1413 μεμαρτύ-

2221 1440 2411 1497 ρηκας,
2492 1445 2519 1475 ι
2564 1421 2678 1478 ἀντὶ
2707 1432 2821 1494 τοῦ,
2869 1413 2883 1432 ’
2906 1432 2977 1481 Ov
3021 1427 3083 1480 σὺ
3115 1422 3429 1498 ἐϐάπτισας,
3461 1413 3519 1481 δν
3550 1425 3612 1482 σὺ
3640 1423 3886 1503 λαμπρὸν

2220 1506 2501 1591 ἐποίησας,
2534 1513 2749 1568 τοιαῦτα
2798 1510 2886 1594 (α)
2934 1536 3016 1571 σοι
3048 1513 3246 1590 τολμᾷ⁶
3282 1512 3419 1571 ἀλλὰ
3471 1517 3558 1571 καὶ
3588 1513 3787 1593 ἕτερον,
3822 1515 3885 1571 τὸ

2220 1600 2302 1655 σοὶ
2362 1600 2459 1675 μὲν
2489 1601 2566 1676 μὴ
2595 1601 2888 1683 προσέχειν
2919 1604 3090 1679 τινὰς,
3144 1605 3287 1679 αύτῷ
3325 1602 3379 1659 δὲ
3410 1606 3633 1669 πάντας.
3681 1604 3883 1668 Πάντες

475 1686 668 1767 inquit
715 1685 959 1748 veniunt
1009 1687 1085 1749 ad
1145 1706 1305 1769 eum,
1364 1698 1707 1771 contempto
1740 1699 1816 1752 te.
1874 1688 2133 1753 Joannes

2221 1688 2343 1767 γὰρ,
2405 1689 2586 1768 φησὶν,
2647 1689 2897 1771 ἔρχονται
2951 1694 3083 1771 πρὸς
3144 1693 3325 1767 αὐτὸν,
3381 1692 3883 1775 καταφρονὴσαντές

474 1786 670 1837 autem
691 1775 1004 1838 volenseos
1029 1786 1344 1854 terrere,et
1366 1782 1687 1842 ostendere
1703 1780 1859 1860 quod
1880 1788 2133 1860 pugnent

2222 1799 2337 1837 σου.
2400 1775 2653 1847 Ἰωάννης
2697 1777 2752 1835 δὲ
2780 1779 2950 1837 θέλων
2980 1783 3167 1846 αὐτοὺς
3198 1779 3518 1862 ἐκφοϐῆσαι,
3564 1784 3653 1839 καὶ
3684 1779 3880 1856 δεῖξαι,

476 1873 683 1928 contra
700 1866 1303 1947 Deum,prohibentes
1322 1869 1706 1938 Christum.et
1723 1869 2133 1933 abs-trahentes

2222 1864 2301 1923 ὅτι
2348 1872 2425 1941 τῷ
2485 1874 2601 1943 Θεῷ
2654 1868 2971 1946 πολεμοῦσι,
3034 1869 3330 1937 κωλύοντες
3380 1874 3470 1928 τὸν
3514 1872 3760 1952 Χριστὸν,
3794 1872 3884 1927 καὶ

471 1974 505 2016 a
527 1955 957 2035 gloriﬁcatione
980 1958 1135 2039 ejus,
1151 1958 1297 2022 dicit
1327 1981 1339 2022 :
1375 1980 1401 2018 ‹
1422 1957 1549 2021 Νοη
1586 1967 1779 2041 potest
1818 1961 1998 2022 homo
2020 1978 2053 2021 a
2072 1979 2133 2024 se

2221 1963 2311 2014 τοῦ
2341 1953 2639 2029 δοξάζεσθαι
2671 1960 2827 2016 αὐτὸν
2870 1958 3236 2041 ἀπείργοντες,
3268 1962 3448 2041 φησίν
3489 1984 3513 2016 ε
3568 1963 3641 2020 O6
3670 1957 3883 2017 δύναται

474 2045 798 2127 quidquam
829 2051 1126 2129 accipere,
1146 2048 1446 2111 -etc.Nam
1481 2050 1596 2112 nisi
1622 2050 2133 2132 superne,inquit,

2222 2045 2495 2127 ἅνθρωπος
2548 2044 2736 2104 λαϐεῖν
2795 2047 2879 2129 ἐφ’
2942 2050 3128 2106 ἑαυτοῦ
3185 2048 3355 2130 οὐδὲν,
3424 2073 3451 2106 α
3482 2051 3570 2107 καὶ
3614 2049 3679 2105 τὰ
3728 2048 3877 2117 ἒξῆς.

472 2136 670 2197 datum
705 2146 885 2218 esset,
921 2136 1264 2219 neutiquam
1299 2139 1589 2202 crevisset
1625 2140 1698 2215 is,
1739 2141 1832 2201 cui
1863 2139 2005 2199 548
2037 2139 2129 2200 in-

2222 2137 2281 2195 El
2351 2138 2451 2217 γὰρ
2515 2138 2593 2213 μὴ
2648 2136 2865 2214 ἄνωθεν,
2925 2140 3076 2220 φησὶ,
3140 2137 3419 2216 δεδομένον
3500 2139 3591 2216 ἦν,
3672 2140 3765 2196 οῦκ
3822 2137 3885 2193 ἄν

473 2225 710 2307 videtis;
748 2234 806 2287 et
835 2226 918 2287 ita
949 2230 1008 2289 in
1033 2228 1265 2289 duobus
1285 2230 1544 2310 peccatis
1575 2251 1586 2291 :
1615 2249 1750 2291 nam
1776 2239 1837 2293 et
1856 2228 2133 2292 contrarii

2224 2225 2446 2294 ηὔξανεν
2501 2230 2528 2283 6
2583 2227 2707 2307 παρ’
2737 2229 2884 2305 ὑμῶν
2927 2229 3305 2309 φθονούμενος.
3357 2220 3538 2286 ’Ὥστε
3584 2225 3672 2286 δύο
3699 2230 3880 2307 ἀμαρ-

487 2314 630 2377 estis
655 2315 858 2378 divino
886 2316 1160 2391 consilio,
1195 2327 1251 2379 et
1281 2321 1582 2381 attentatis
1612 2319 2006 2401 impossibile.
2040 2321 2133 2379 ln-

2224 2317 2409 2374 τάνετε
2466 2315 2520 2373 ἐν
2541 2322 2738 2391 ταυτῷ⁹
2774 2316 2828 2374 ἕν
2860 2318 2982 2393 μὲν,
3016 2320 3078 2375 τὸ
3122 2317 3477 2377 ἐναντιοῦσθαι
3510 2324 3579 2395 τῇ
3629 2323 3722 2376 τοῦ
3750 2317 3885 2375 Θεοῦ

492 2406 666 2468 terim
690 2413 888 2467 autem
914 2415 970 2467 et
996 2408 1335 2470 consolatur
1356 2428 1459 2471 eos
1483 2396 1818 2490 placide,eo
1840 2410 1995 2492 quod
2022 2428 2133 2470 non

2223 2407 2414 2484 βουλῇο
2463 2405 2637 2487 ἕτερον
2669 2404 2746 2483 δὲ,
2781 2409 2841 2463 τὸ
2871 2406 3124 2465 ἀδύνατον
3153 2408 3477 2489 ἐπιχειρεῖν
3516 2396 3675 2483 ’Ἅμα
3705 2403 3759 2461 δὲ
3790 2409 3882 2463 καὶ

487 2494 561 2556 sit
592 2496 770 2556 homo
804 2496 903 2576 qui
933 2496 1330 2577 vincatipsos,
1364 2500 1469 2561 sed
1510 2500 1691 2562 Deus.
1729 2499 1881 2573 Quin
1913 2506 1974 2563 et
2008 2518 2137 2576 nos,

488 2583 699 2663 inquit,
725 2603 987 2663 superne
1008 2586 1323 2649 habuimus
1367 2590 1522 2670 quod
1581 2588 1919 2664 habuimus,
1955 2609 2073 2650 non
2104 2607 2138 2651 a

493 2673 687 2736 nobis.
722 2673 887 2746 Quod
920 2675 968 2736 si
1002 2676 1384 2756 praeclariora
1414 2687 1551 2739 sunt
1601 2697 1730 2759 que
1776 2679 1897 2758 agit
1927 2677 2135 2741 Chris-

490 2775 605 2837 tus,
640 2784 761 2827 non
792 2774 1024 2846 oportet
1055 2768 1363 2833 admirari.
1392 2771 1552 2831 Deus
1585 2770 1740 2830 enim
1775 2770 1914 2832 vult.

568 2854 974 2920 Vens.‘28-30.
992 2856 1144 2937 «Ipsi
1168 2876 1268 2919 vos
1304 2866 1487 2920 testes
1518 2858 1660 2920 estis
1678 2858 1833 2939 quod
1858 2858 2136 2939 dixerim,

485 2945 616 3007 Non
640 2962 771 3006 sum
796 2963 909 3026 ego
940 2945 1340 3009 Christuszsed
1379 2948 1593 3010 missus
1623 2966 1752 3009 sum
1787 2957 1923 3010 ante
1946 2947 2134 3009 illum.

484 3032 597 3107 Qui
627 3034 806 3096 habet
833 3054 1142 3117 sponsam,
1190 3056 1444 3118 sponsus
1477 3046 1568 3100 est
1613 3055 1625 3100 :
1680 3037 1909 3101 amicus
1939 3046 2137 3100 autem

487 3123 711 3204 sponsi,
748 3123 850 3204 qui
875 3133 985 3186 Stat
1016 3133 1074 3187 et
1106 3126 1269 3188 audit
1299 3145 1460 3201 eum,
1494 3127 1705 3204 gaudio
1749 3129 1962 3206 gaudet
1995 3143 2138 3208 pro-

2222 2495 2396 2576 ἠρέμα
2446 2500 2836 2575 παραμυθεῖται
2864 2496 3076 2576 αὖτοὺς,
3111 2496 3190 2555 ὅτι
3241 2500 3348 2556 Οὐκ
3405 2496 3677 2575 ἅνθρωπός
3735 2496 3879 2553 ἐστιν

2222 2588 2249 2642 6
2284 2592 2441 2643 νικῶν
2485 2587 2647 2666 ὑμᾶς,
2676 2586 2812 2643 ἀλλά
2842 2588 2995 2651 Θεός.
3022 2586 3190 2646 Ἀλλὰ
3210 2590 3297 2644 καὶ
3324 2589 3513 2662 ἡμεῖς,
3540 2588 3722 2667 φησὶν,
3748 2584 3884 2641 ἄνω-

2221 2678 2308 2732 θεν
2329 2674 2560 2757 εἴχομεν
2589 2675 2617 2731 ὅ
2648 2676 2903 2757 εἴχομεν,
2939 2680 3033 2734 οῦκ
3062 2677 3295 2737 οἴκοθεν.
3334 2678 3387 2735 Εἰ
3436 2675 3492 2732 δὲ
3540 2676 3883 2755 λαμπρότερα

2222 2766 2288 2820 τὰ
2316 2772 2410 2823 τοῦ
2438 2771 2687 2843 Χριστοῦ,
2722 2767 2781 2823 ού
2811 2767 2924 2846 χρὴ
2954 2767 3259 2844 θαυμάζειν.
3294 2769 3425 2830 Θεὸς
3449 2768 3550 2845 γὰρ
3605 2764 3873 2843 βούλεται.

2310 2876 2335 2911 ε
2411 2856 2565 2913 Αὐτοὶ
2636 2857 2793 2931 ὑμεῖς
2853 2869 3168 2937 μαρτυρεῖτε
3224 2855 3366 2932 ἐμοὶ,
3439 2853 3519 2912 ὅτι
3563 2868 3741 2913 εῖπον·
3773 2858 3884 2914 Οὔκ

2224 2945 2329 3020 εἰμὶ
2386 2946 2495 3024 ἐγὼ
2537 2944 2571 3002 δ’
2594 2947 2842 3023 Χριστὸς,
2877 2944 2999 3003 ἀλλ’
3058 2944 3140 3002 ὅτι
3200 2944 3598 3021 ἀπεσταλμένος
3641 2946 3747 3022 εἰμὶ
3775 2942 3880 3020 ἒμ-

2222 3038 2445 3112 προσθεν
2478 3034 2698 3100 ἐκείνου.
2751 3025 2808 3093 Ὀ
2840 3034 2986 3116 ἔχων
3031 3036 3129 3104 τὴν
3174 3036 3411 3115 νύμφην,
3462 3036 3678 3116 νυμφίος
3711 3034 3874 3091 ἐστίν’

2223 3128 2251 3181 6
2300 3124 2354 3182 δὲ
2427 3124 2576 3206 φίλος
2604 3132 2699 3183 τοῦ
2730 3125 2951 3206 νυμφίου
2980 3128 3008 3182 6
3039 3126 3305 3205 ἑστηκὼς,
3336 3126 3423 3182 καὶ
3454 3125 3664 3182 ἀκούων
3692 3128 3877 3200 αὖτοῦ,

484 3221 616 3294 pter
646 3232 854 3276 vocem
888 3215 1245 3296 sponsi.Hoc
1277 3228 1472 3280 autem
1506 3216 1786 3295 gaudium
1810 3236 2008 3279 meum
2034 3216 2133 3278 im-

2225 3220 2369 3297 χαρᾷ
2442 3219 2617 3298 χαίρει
2674 3213 2758 3271 διὰ
2814 3214 2910 3283 τὴν
2966 3214 3148 3295 φωνὴν
3178 3222 3270 3273 τοῦ
3313 3215 3563 3295 νυμφίου.
3607 3213 3750 3281 Αὕτη
3790 3220 3882 3271 οῦν

483 3303 705 3385 pletum
729 3303 1017 3368 est.Illum
1044 3314 1276 3387 oportet
1297 3324 1697 3383 crescere,me
1722 3324 1858 3369 vero
1884 3305 2133 3369 minui.»

2224 3307 2257 3374 ἠ
2323 3306 2467 3387 χαρὰ
2538 3306 2572 3374 ἡ
2632 3304 2737 3382 ἐμὴ
2799 3302 3172 3384 πεπλήρωται.
3234 3303 3477 3362 Ἐκεῖνον
3505 3300 3589 3361 δεῖ
3618 3300 3876 3385 αὐξάνειν,

482 3394 623 3476 Ipsi,
651 3395 862 3476 inquit,
896 3414 997 3457 vos
1016 3395 1180 3458 scitis
1203 3395 1360 3477 quod
1399 3414 1507 3476 ego
1530 3396 1937 3459 testimonium
1972 3396 2133 3478 dedi,

2222 3395 2317 3471 ἐμὲ
2346 3393 2401 3452 δὲ
2425 3393 2787 3453 ἐλαττοῦσθαι.
2826 3416 2853 3449 ι
2890 3395 3068 3468 Αὐτοὶ,
3129 3395 3310 3474 φησὶν,
3361 3393 3517 3470 ὑμεῖς
3561 3393 3879 3473 γινώσκετε,

483 3485 638 3565 quod
691 3485 884 3564 major
930 3505 1023 3547 me
1055 3486 1151 3550 sit.
1200 3486 1385 3565 Igitur
1412 3488 1461 3547 si
1511 3490 1757 3549 omnino
1812 3505 2008 3548 meum
2056 3495 2133 3549 at-

2221 3482 2301 3542 ὅτι
2352 3485 2463 3565 ἐγὼ
2534 3484 2917 3564 μεμαρτύρηκα
2973 3484 3140 3559 αὐτῷ,
3187 3481 3268 3539 ὅτι
3306 3486 3499 3559 μείζων
3550 3480 3678 3558 ἐμοῦ
3704 3484 3876 3547 ἔστιν,

483 3574 723 3636 tenditis
756 3574 1401 3653 testimonium,discite
1434 3577 1602 3639 illum
1640 3576 1785 3639 mihi
1808 3576 2127 3657 praeferen-

2222 3574 2279 3633 Εί
2337 3574 2425 3630 οῦν
2496 3572 2633 3634 ὅλως
2690 3578 2759 3649 τῇ
2813 3573 2922 3649 ἒμῇ
2991 3571 3248 3651 μαρτυρίᾳ
3296 3569 3615 3652 προσέχετε,
3651 3571 3873 3645 μάθετε.

481 3663 645 3728 dum.
682 3662 752 3725 Et
798 3665 911 3726 hoc
947 3673 1039 3727 est
1070 3665 1349 3745 gaudium
1387 3686 1612 3739 meum,
1667 3656 1823 3748 quod
1868 3666 1938 3727 ad
1974 3665 2133 3727 illum

2222 3662 2302 3721 ὅτι
2348 3662 2551 3729 ἐκεῖνος
2607 3661 2738 3738 ἐμοῦ
2806 3659 3188 3742 προτιμητέος,
3220 3661 3308 3719 καὶ
3353 3660 3509 3718 τοῦτό
3539 3659 3680 3716 ἔστιν
3708 3659 3744 3727 η
3773 3656 3884 3734 ἐμὴ

482 3772 692 3816 omnes
722 3754 1032 3817 accedant.
1088 3755 1151 3818 Si
1204 3755 1445 3837 quidem
1493 3776 1609 3818 non
1663 3755 2015 3818 accessisset
2065 3754 2133 3817 ad

2224 3754 2390 3834 χαρὰ,
2444 3754 2506 3809 τὸ
2563 3751 2747 3825 ἐκείνῳ
2795 3752 2999 3814 πάντας
3068 3750 3481 3830 προσέρχεσθαι.
3516 3750 3574 3807 Ei
3620 3750 3727 3837 μὲν
3774 3749 3878 3829 γὰρ

481 3861 764 3923 sponsum
797 3845 1158 3926 sponsa,hoc
1192 3845 1917 3927 est,populus,doluissem
1938 3845 2133 3927 utique

2222 3844 2300 3920 μὴ
2356 3844 2700 3922 προσήρχετο
2729 3844 2815 3929 τῷ,
2851 3843 3059 3922 νυμφίῳ
3089 3841 3291 3921 νύμφη.
3336 3839 3628 3929 τουτέστιν,
3659 3840 3687 3895 6
3719 3836 3874 3929 λαὸς,

482 3951 589 4011 ego
632 3933 934 4013 pronubus
962 3954 975 3997 :
1008 3952 1166 3997 nunc
1210 3952 1408 3998 autem
1456 3954 1589 3997 cum
1642 3934 1755 3997 hoc
1808 3935 1931 4011 ﬂat,
1966 3935 2139 3998 valde

482 4020 932 4101 gaudeo.Video
964 4023 1122 4084 enim
1154 4042 1439 4105 sponsum
1467 4025 1766 4089 Christum
1787 4024 2134 4105 loquentem

481 4129 737 4191 sponsae,
774 4111 995 4193 papqu
1022 4114 1275 4195 scilicet,
1308 4123 1367 4177 et
1400 4114 1717 4177 docentem
1752 4114 1973 4193 ipsum.
2004 4114 2138 4177 Non

484 4199 834 4281 simpliciter
860 4210 1061 4263 autem
1091 4202 1255 4285 dixit,
1298 4202 1443 4277 «Qui
1473 4210 1645 4265 stat.»
1683 4203 2136 4267 Ostenditenim

481 4292 662 4353 ﬁnem
695 4310 827 4353 esse
858 4309 1104 4371 operum
1124 4311 1393 4363 suorum,
1422 4306 1479 4356 et
1502 4302 1659 4357 stare
1680 4294 1803 4374 jam
1832 4312 1949 4356 non
1980 4295 2136 4357 ultra

481 4388 919 4461 operantem,et
950 4380 1104 4461 quod
1133 4399 1197 4444 se
1228 4400 1385 4443 nunc
1410 4390 1909 4464 oportetstare,et
1940 4383 2131 4444 solum

477 4470 687 4531 audire
713 4468 1011 4533 Christum
1032 4469 1440 4539 docentem.et
1457 4472 1856 4535 disserentem
1872 4490 2127 4553 sponsae.

2222 3934 2341 3991 τότε
2400 3932 2461 3989 ἄν
2533 3926 2749 4010 ἣλγησα
2805 3928 2923 4011 ἒχὼ
2988 3933 3016 3986 6
3070 3930 3453 4011 νυμφαγωγόςο
3501 3934 3588 3986 νῦν
3608 3926 3663 3984 δὲ
3694 3927 3881 3984 τούτου

2219 4020 2527 4101 γενομένω,
2630 4025 2774 4101 χαρᾷ
2850 4020 3046 4100 χαίρω.
3109 4018 3301 4075 Βλέπω
3353 4020 3454 4099 γὰρ
3510 4018 3600 4075 τὸν
3658 4018 3879 4098 νυμφίον

2223 4114 2446 4193 Χριστὸν
2504 4117 2775 4192 φωνοῦντα
2804 4116 2875 4187 τῇ
2902 4110 3110 4190 νύμφη,
3142 4115 3220 4185 τῷ
3249 4108 3387 4190 λαῷ,
3420 4112 3520 4193 καὶ.
3566 4105 3877 4165 διδάσκοντα

2222 4186 2403 4263 αῦτόν.
2468 4186 2585 4281 Οῦχ
2657 4186 2859 4262 ἁπλῶς
2914 4186 2975 4255 δέ
3022 4186 3169 4255 ἐἶπε
3200 4198 3289 4255 καὶ
3316 4186 3402 4272 τὸ,
3442 4216 3473 4257 (
3507 4186 3804 4264 Ἐστηκώς.
3843 4219 3871 4252 ι

2225 4291 2459 4351 Δείκνυσι
2520 4292 2620 4369 γὰρ
2677 4287 2758 4346 ὅτι
2819 4288 2887 4345 τὰ
2942 4290 3101 4346 αὐτοῦ
3177 4287 3472 4364 πέπαυται,
3562 4290 3648 4343 καὶ
3718 4284 3875 4359 ἔστη,

2218 4382 2392 4443 οὐκέτι
2453 4380 2786 4460 ἐνεργοῦντα,
2844 4379 2933 4435 καὶ
2986 4376 3067 4435 ὅτι
3165 4378 3320 4435 αὐτὸν
3406 4375 3594 4434 λοιπὸν
3662 4375 3880 4432 ἑστάναι

2217 4471 2355 4553 χρὴ,
2400 4471 2488 4527 καὶ
2554 4469 2718 4546 μόνον
2765 4467 2978 4525 ἀκούειν
3055 4474 3147 4524 τοῦ
3234 4474 3460 4545 Χριστοῦ
3514 4462 3875 4547 διδάσκοντος,

476 4562 669 4621 Meum
703 4559 1106 4640 enim,inquit,
1137 4580 1286 4641 opus
1317 4560 1644 4641 perlectum
1678 4571 1787 4637 est,
1826 4570 1883 4623 et
1916 4562 2131 4623 tradidi

2221 4562 2305 4618 καὶ
2349 4558 2725 4638 διαλεγομένου
2788 4557 2917 4636 πρὸς
2977 4557 3077 4625 τὴν
3145 4557 3369 4638 δύμφην.
3433 4558 3507 4614 T6
3562 4556 3661 4635 γὰρ
3718 4554 3873 4631 ἐμὸν,

476 4648 591 4730 ipsi
624 4649 1190 4730 populum.0portet
1213 4650 1393 4731 igitur
1412 4668 1602 4714 meam
1625 4651 1864 4732 quidem
1886 4650 2132 4731 gloriam

476 4737 777 4814 imminui,
805 4737 966 4799 illius
995 4748 1194 4801 autem
1227 4744 1456 4821 augeri.
1482 4741 1667 4820 igitur
1696 4741 1993 4823 quomodo
2013 4742 2131 4803 im-

478 4828 771 4892 minuitur
798 4826 990 4907 gloria
1016 4826 1439 4893 Praecursoris?
1474 4830 1579 4893 Vel
1602 4831 1847 4892 omnino
1873 4831 2134 4893 sicutlu-

476 4917 622 4981 cifer
651 4937 685 4980 a
715 4917 839 4979 sole
868 4917 1224 4997 occultatur,
1258 4933 1319 4983 et
1352 4920 1587 4983 videtur
1635 4919 1879 5002 quidem
1931 4919 2131 4983 multis

475 5008 633 5091 quod
664 5006 991 5071 extinctum
1017 5007 1094 5070 sit
1124 5010 1416 5087 lumen,at
1439 5028 1651 5072 revera
1670 5029 1786 5072 non
1805 5018 1894 5071 est
1917 5013 2131 5073 exstin-

477 5109 660 5179 ctum,
691 5098 795 5161 sed
827 5116 862 5160 a
897 5098 1105 5179 majori
1164 5101 1517 5175 occultatur,
1552 5101 1634 5161 ita
1684 5108 1747 5161 et
1794 5098 2130 5163 Praecursor

478 5189 633 5252 velut
666 5188 930 5252 lucifera
960 5188 1253 5270 spirituali
1296 5189 1422 5252 sole
1465 5189 1816 5269 occultatus,
1854 5190 2129 5254 imminui

476 5279 712 5342 dicitur.
746 5279 971 5342 Crescit
1017 5288 1214 5342 autem
1261 5279 1550 5355 Christus,
1587 5280 1916 5342 secundum
1971 5281 2127 5363 quod

475 5367 754 5450 paulatim
788 5369 1127 5433 manifestat
1150 5389 1216 5433 se
1247 5389 1354 5452 per
1384 5370 1552 5450 signa
1576 5378 1635 5432 et
1667 5370 1972 5446 miracula,
2007 5389 2126 5433 non

474 5458 799 5521 secundum
836 5459 1163 5540 profectum
1196 5461 1255 5524 in
1280 5458 1798 5523 virtutibuszabsit:
1830 5460 1941 5521 hoc
1964 5461 2124 5523 enim

475 5547 735 5613 Nestorii
767 5547 1219 5613 deliramentum
1248 5559 1428 5615 esset:
1442 5550 1546 5613 sed
1568 5550 1899 5612 secundum
1926 5559 2126 5613 osten-

478 5638 709 5703 sionem
730 5642 790 5697 et
819 5638 1356 5703 manifestationem
1387 5638 1937 5703 deitatis.Paulatim
1960 5640 2120 5703 enim

556 5760 644 5839 (α)
668 5752 972 5838 Interpm
998 5758 1141 5838 legit
1170 5764 1238 5820 τὰ
1280 5761 1435 5827 αὐτὰ.
1462 5759 1629 5825 Enn.
1663 5762 1841 5826 Pan.

2218 4652 2399 4731 φησὶν,
2469 4648 2621 4729 ἔργον
2678 4648 2923 4720 ἢνυσται,
2972 4648 3059 4703 καὶ
3087 4644 3369 4726 παρέδωκα
3400 4647 3542 4720 αὒτῷ
3570 4646 3661 4701 τὸν
3717 4642 3875 4706 λαόν.

2216 4745 2329 4821 Χρή
2388 4741 2559 4797 τοίνυν
2613 4738 2713 4805 τὴν
2770 4737 2909 4813 ἐμὴν
2993 4733 3146 4802 δόξαν
3198 4734 3562 4809 ἐλαττοῦσθαι,
3637 4733 3769 4821 τὴν,
3814 4734 3868 4788 δὲ

2215 4820 2411 4888 ἐκείνου
2472 4828 2729 4895 αὒξάνειν.
2794 4832 2911 4891 [Ιῶς
2977 4824 3031 4882 δὲ
3110 4824 3210 4903 ἄρα
3287 4824 3599 4881 ἐλαττοῦται
3658 4822 3696 4890 ἡ
3751 4820 3871 4888 δόξα

2220 4929 2305 4979 τοῦ
2336 4919 2641 5002 Προδρόμου
2676 4937 2693 5000 ;
2765 4904 2836 4973 ἸΙ
2883 4917 3123 4991 πάντως,
3182 4915 3364 4997 ὥσπερ
3393 4917 3422 4972 6
3452 4911 3722 4995 ἑωσφόρος
3765 4914 3867 4969 ὑπὸ

2211 5020 2304 5071 τοῦ
2360 5011 2516 5081 attat
2571 5009 2987 5087 ἀποκρύπτεται,
3020 5008 3108 5065 καὶ
3138 5004 3290 5065 δοκεῖ
3318 5006 3417 5082 μὲν
3446 5008 3566 5071 τοῖς
3616 5002 3869 5083 πολλοῖς,

2214 5102 2293 5161 ὅτι
2350 5098 2594 5159 ’έσεεσται
2651 5100 2713 5155 τὸ
2766 5103 2900 5178 φῶς,
2958 5101 3027 5174 τῇ
3083 5094 3138 5153 δὲ
3196 5094 3417 5169 ἀληθείᾳ
3474 5095 3567 5151 οὒκ
3596 5091 3865 5171 ἔσϐεσται,

2213 5191 2331 5250 ἀλλ’
2392 5192 2495 5248 ὑπὸ
2551 5198 2644 5247 τοῦ
2701 5188 2942 5263 μείζονος
3011 5186 3320 5265 κρύπτεται,
3392 5184 3531 5242 οὕτω
3578 5184 3667 5240 καὶ
3726 5182 3873 5261 Πρό-

2212 5281 2404 5363 δρομος
2461 5283 2488 5337 6
2546 5278 2815 5359 ἑωσφόρος
2861 5278 2963 5334 ὑπὸ
3018 5285 3111 5336 τοῦ
3140 5281 3334 5363 νοητοῦ
3362 5272 3514 5343 ἡλίου
3558 5273 3869 5351 κρυπτόμε-

2213 5361 2321 5443 νος,
2360 5371 2700 5429 ἐλαττοῦσθαι
2745 5366 2980 5447 λέγεται·
3037 5363 3175 5432 αὔξει
3248 5361 3304 5421 δὲ
3334 5365 3363 5421 6
3436 5364 3684 5443 Χριστὸς,
3742 5365 3873 5427 καθὸ

2206 5464 2343 5523 κατὰ
2400 5460 2576 5542 βραχὺ
2632 5458 2865 5538 ὶκφαίνει
2926 5456 3113 5516 ἑαυτὸν
3182 5452 3268 5512 διὰ
3305 5460 3416 5542 ,τῶν
3459 5453 3760 5542 θαυμάτων

2205 5556 2343 5613 κατὰ
2397 5540 2676 5632 προκοπὴν
2733 5549 2832 5615 τὴν
2897 5547 2951 5603 ἐν
3018 5547 3180 5625 ἀρετῇ
3235 5541 3403 5609 αὔξων
3464 5543 3594 5632 (μὴ,
3617 5540 3829 5632 γένοιτό
3847 5553 3872 5632 Δι

2205 5644 2359 5699 τοῦτο
2410 5628 2511 5718 γάρ
2569 5636 2852 5715 Νεστορίου
2909 5638 2971 5691 τὸ
3041 5632 3461 5715 παραληρημια),
3546 5628 3684 5691 ἀλλὰ
3735 5630 3881 5689 κατὰ
