4178 6426
296 367 447 436 i225

982 369 1429 434 ENARRATIO
1472 364 1558 433 IN
1600 365 1952 432 EVANGEL

2036 365 2111 428 [Μ
2151 370 2497 438 JOANNIS.
2542 406 2623 421 --
2662 364 2828 439 CAP.
2878 378 2983 442 IV.

3538 378 3692 445 1226

285 507 496 581 θρωπου
548 504 689 570 τινὸς
776 506 1080 580 θαυμαστοῦ
1140 501 1543 583 διαλεγόμενος,
1629 504 1718 559 καὶ
1775 501 1949 562 πάντα

2036 496 2109 590 de
2140 500 2383 565 homine
2414 504 2673 586 quodam
2702 505 3039 570 admirabili
3074 510 3348 590 loquens.
3386 511 3458 575 Et
3487 516 3689 576 omnia

285 590 509 649 δέδωκεν
553 593 607 649 ἐν
644 600 713 671 τῇ
751 595 894 672 χειρὶ
937 600 1028 650 τοῦ
1103 594 1248 673 Υἱοῦ,
1307 594 1450 649 κατὰ.
1494 596 1555 649 τὸ
1599 590 1945 671 ἀνθρώπινον,

292 684 345 738 Εἰ
387 680 442 738 δὲ
499 685 587 740 καὶ
630 684 768 740 κατὰ
811 685 872 739 τὸ
911 684 1117 762 θεϊκὸν,
1156 684 1207 739 τί
1248 685 1403 740 τοῦτο
1440 702 1456 763 ;
1506 680 1715 739 Δέδωκε
1761 683 1789 737 6
1834 686 1949 735 Πα-

286 772 384 851 τὴρ
439 774 506 829 τὰ
564 774 737 830 πάντα
790 780 856 848 τῷ
910 776 1031 853 ι’ίῴ,
1078 772 1225 851 λόγῳ
1256 773 1486 853 φύσεως,
1523 768 1643 827 ἀλλ’
1674 772 1733 828 οὔ
1781 769 1947 850 χάρι-

287 883 400 925 τος.
450 862 602 919 Ἐπεὶ
660 864 761 942 γὰρ
805 864 891 919 καὶ
939 863 1001 918 τὸ
1060 862 1204 918 εἶναι
1265 861 1327 919 ἐκ
1367 868 1461 918 τοῦ
1518 863 1722 941 Πατρὸς
1803 859 1944 939 ἔχει,

288 953 510 1016 εἰκότως
561 954 649 1009 καὶ
719 953 893 1014 πάντα
952 952 1014 1008 ἐκ
1071 958 1162 1009 τοῦ
1225 954 1434 1032 Πατρδς
1500 951 1714 1030 λέγεται
1772 949 1947 1029 ἔχειν,

289 1038 474 1120 ²¹Εχει
518 1042 690 1099 τοίνυν
750 1042 815 1098 τὰ
857 1041 1032 1097 πάντα
1062 1044 1090 1097 6
1135 1043 1280 1112 Υἱὸς,
1312 1041 1378 1097 τά
1434 1062 1492 1097 τε
1540 1040 1595 1097 ἐν
1627 1041 1852 1119 οὐρανῷ³
1886 1038 1951 1093 τά

288 1150 347 1186 τε
407 1129 492 1187 ἐπὶ
522 1135 626 1209 γῆς
661 1150 673 1164 ⁸
734 1129 976 1202 δεσπόζει
1030 1131 1129 1209 γὰρ
1160 1131 1435 1204 ἁπάντων,
1467 1129 1567 1187 κᾶν
1598 1130 1677 1206 μὴ
1708 1128 1948 1207 βούλων-

288 1241 401 1278 ται.
469 1211 734 1299 ’Ὕστερον
778 1220 988 1300 μέντοι,
1046 1219 1128 1276 ὅτε
1181 1220 1319 1276 κατὰ
1360 1220 1462 1288 τὴν
1511 1219 1753 1298 δευτέραν
1806 1240 1951 1296 παρ-

288 1309 470 1366 ουσίαν
513 1317 617 1367 πᾶν
677 1311 804 1388 γόνυ
854 1310 1060 1385 κάμψει
1106 1309 1272 1390 αὐτῷ³
1320 1311 1419 1378 τὴν
1464 1308 1703 1378 παντελῆ
1753 1306 1949 1364 δεσπο-

287 1401 435 1455 τείαν
478 1401 693 1456 πάντων
737 1399 975 1475 λήψεται
1008 1417 1021 1431 ⁸
1073 1397 1162 1456 ὅτε
1207 1398 1383 1458 οὐκέτι
1432 1402 1467 1467 ἦ
1518 1400 1677 1456 κακία
1736 1395 1953 1469 δύναμιν

291 1487 437 1569 ἔχει,
483 1488 604 1545 ἀλλ’
666 1489 1013 1569 ἆνενὲργητος
1058 1490 1315 1565 μένουσα,
1377 1487 1603 1544 δείκνυσι
1654 1487 1752 1555 τὴν
1803 1486 1954 1566 φύσιν

291 1588 387 1637 τοῦ
430 1579 626 1656 ἀγαθοῦ
674 1578 726 1645 ἐξ
783 1579 962 1659 ἀρχῆς
1021 1586 1183 1636 πᾶσιν
1240 1579 1478 1652 ἐνοῦσαν,
1539 1580 1627 1635 καὶ
1683 1578 1747 1633 τὰ
1784 1576 1957 1634 πάντα

291 1668 646 1748 συνέχουσαν.
707 1691 735 1724 α
802 1658 1164 1727 Ὀίπιστεύων
1220 1671 1292 1733 εἰς
1355 1670 1449 1724 τὸν
1494 1669 1637 1741 Υίὸν,
1684 1666 1802 1747 ἔχει
1858 1666 1953 1734 τὴν

2033 587 2206 654 dedit.
2231 592 2292 654 in
2324 612 2500 656 manu
2532 593 2843 675 Filiijnxta
2866 587 3389 664 humanitatem.Si
3408 610 3605 666 autem
3632 612 3692 667 et

2032 681 2360 743 secundum
2395 682 2936 766 divinitatem,quid
2952 687 3094 749 hoc?
3115 688 3689 755 DeditPateromnia

2033 767 2182 831 Filio
2213 772 2443 834 ratione
2460 776 2818 849 naturae,sed
2854 795 2970 838 non
2995 780 3499 860 gratiae;quoniam
3524 783 3687 846 enim

2033 865 2091 918 et
2114 876 2244 922 esse
2274 882 2303 919 ει
2330 860 2502 924 Patre
2535 863 2962 945 habet,merito
2993 874 3054 928 et
3069 868 3268 930 omnia
3289 869 3553 933 dicitura
3574 874 3681 935 Pa-

2034 949 2398 1043 tre_habere.
2431 952 2622 1015 Habet
2648 952 2828 1033 igitur
2852 956 3051 1018 omnia
3079 954 3288 1043 Filius,
3316 968 3431 1021 tam
3462 980 3593 1042 quae
3621 962 3683 1023 in

2034 1038 2386 1129 coelo,quam
2409 1060 2539 1123 quae
2558 1043 2619 1104 in
2634 1047 3180 1109 terra.Dominatur
3196 1038 3354 1111 enim
3375 1038 3680 1129 omnibus,

2034 1127 2265 1191 etiamsi
2285 1131 2524 1212 quidam
2551 1133 2761 1198 nolint.
2788 1138 2999 1199 Postea
3030 1156 3165 1199 vero
3190 1138 3251 1199 in
3283 1140 3549 1203 secundo
3573 1127 3684 1205 ad?

2034 1225 2235 1309 ventu,
2276 1221 2512 1301 quando
2550 1241 2727 1283 omne
2753 1243 2906 1301 genu
2939 1227 3213 1290 ﬂectetur
3241 1229 3320 1309 ei,
3356 1230 3684 1309 perfectum

2037 1307 2299 1396 omnium
2338 1311 2591 1391 accipiet
2611 1311 2945 1375 dominium
2977 1337 2989 1373 :
3023 1317 3259 1396 quando
3302 1307 3526 1382 maiitia
3566 1340 3685 1383 non

2037 1395 2189 1458 ultra
2218 1397 2611 1461 habebitﬁﬁl
2657 1401 2961 1485 virtutem,
2984 1395 3089 1466 sed
3122 1405 3397 1469 inefficax
3437 1426 3685 1471 manens

2038 1488 2588 1552 ostendetnaturam
2613 1490 3103 1574 boniaprincipio
3116 1495 3683 1574 omnibusinditam,

2039 1578 2314 1668 etomnia
2337 1580 2894 1653 continentemQui
2925 1582 3117 1645 credit
3145 1583 3205 1646 in
3230 1584 3473 1668 Filium,
3508 1588 3691 1651 habet

2038 1666 2208 1727 vitam
2244 1674 2537 1760 aeternam
2557 1671 2614 1731 in
2645 1670 3040 1752 ipso,nipsum
3089 1674 3222 1737 dico
3255 1666 3692 1760 Christum,qui

291 1759 505 1815 αἰώνιον
546 1758 689 1830 ζωὴν
747 1758 801 1814 ἐν
861 1759 1023 1835 αὐτῷ,
1064 1782 1092 1814 ι
1159 1760 1317 1815 αὐτὸν
1369 1756 1512 1837 λέγω
1554 1759 1645 1814 τὸν
1699 1758 1952 1836 Χριστὸν,

2040 1773 2179 1818 vere
2208 1757 2321 1818 vita
2353 1764 2460 1823 est.
2481 1758 2578 1821 «In
2609 1760 2738 1840 ipso
2771 1761 2928 1822 enim
2991 1762 3239 1825 vivimus
3262 1772 3319 1827 et
3356 1756 3685 1835 movemur.

291 1850 350 1913 ὃς
410 1849 521 1919 ζωή
583 1847 726 1905 ἔστιν
778 1848 1013 1915 ἀληθῶς.
1075 1870 1098 1904 ιι
1160 1847 1247 1906 Ἐν
1293 1851 1435 1922 αὒτῷ
1492 1850 1591 1928 γὰρ
1644 1853 1820 1923 ζῶμεν
1870 1848 1957 1903 καὶ

291 1936 601 2013 κινούμεθα.
667 1961 690 1995 ο
727 1970 804 1985 ο-
842 1962 869 1993 cx
933 1928 991 1996 Ὀ
1051 1935 1103 1994 δὲ
1163 1938 1394 1996 ἀπειθῶν
1465 1940 1558 1995 οὒκ
1613 1936 1802 2014 ὄψεται
1860 1936 1959 2004 τὴν

295 2029 468 2099 ζωήν.
508 2048 535 2086 )
604 2019 661 2085 Ὀ
719 2028 818 2107 γὰρ
876 2028 1112 2090 ἀποστὰς
1169 2027 1421 2093 ὶκουσίως
1468 2030 1574 2107 τῆς
1632 2031 1801 2100 ζωῆς,
1842 2032 1958 2089 πῶς

293 2115 399 2183 ἔξει
458 2116 648 2191 αὐτὴν,
707 2106 825 2185 ἥτις
870 2116 1012 2174 ἐστὶν
1055 2118 1083 2173 6
1128 2116 1353 2194 Χριστός
1394 2132 1411 2191 ;
1462 2106 1552 2181 Ὧς
1603 2117 1692 2172 καὶ
1749 2112 1957 2180 Παῦλός

295 2227 484 2286 φησιν·
527 2229 549 2262 ε
589 2196 769 2265 υΟταν
799 2209 827 2262 6
860 2208 1084 2287 Χριστὸς
1116 2209 1390 2286 φανερωθῇ
1421 2208 1456 2275 ἡ
1484 2206 1596 2277 ζωὴ
1628 2208 1807 2281 ἡμῶν,
1837 2215 1959 2262 τότε

294 2296 380 2351 καὶ
432 2296 613 2371 ὑμεῖς,
675 2299 723 2351 0i
780 2298 912 2376 πρὸς
960 2297 1058 2363 τὴν
1117 2296 1305 2354 κακίαν
1350 2296 1523 2376 νεκροὶ
1584 2298 1671 2352 καὶ
1717 2294 1957 2362 ἀκίνητοι

291 2385 595 2461 γενόμενοι,
631 2387 1062 2464 φανερωθήσεσθε
1092 2386 1147 2442 ἑν
1179 2384 1367 2463 δόξῃ..
1400 2418 1482 2431 —
1520 2407 1543 2441 σ
1576 2383 1727 2442 Ἀλλ’
1757 2386 1793 2453 ἡ
1824 2384 1958 2464 ὀργὴ

290 2480 386 2531 τοῦ
447 2481 577 2532 Θεοῦ
622 2489 777 2552 μενεῖ
833 2474 918 2533 ἐπ’
974 2475 1155 2555 αὐτόν,
1223 2498 1247 2533 ιι
1322 2479 1429 2534 Οὒκ
1486 2475 1669 2551 εἶπεν,
1715 2473 1797 2531 ὅτι
1854 2496 1958 2549 με-

298 2577 384 2621 νεῖ
415 2566 593 2640 αὐτὸν,
629 2563 774 2640 ἀλλ’,
828 2585 851 2621 ιι
888 2563 973 2622 ἐπ’
1034 2567 1217 2640 αὐτὸν,
1250 2590 1278 2622 ι
1328 2562 1529 2629 δεικνὺς
1570 2562 1652 2620 ὅτι
1711 2562 1958 2623 οὐδέποτε

299 2654 461 2711 αὐτοῦ
544 2655 961 2726 ἂποόστήσεται,
1037 2645 1162 2711 υΙνα
1247 2655 1347 2734 γὰρ
1404 2654 1483 2730 μὴ
1562 2654 1793 2717 ἀκούσας
1857 2654 1958 2711 θά-

294 2766 481 2820 νατον,
535 2745 855 2824 πρόσκαιρον
899 2751 1082 2802 τοῦτον
1137 2745 1363 2820 νοήσῃς,
1418 2744 1599 2824 φησὶν³
1663 2742 1744 2800 ὅτι
1797 2763 1823 2798 σ
1861 2764 1961 2818 με·-

295 2847 381 2889 νεϊ
426 2832 509 2889 ἐπ’
568 2833 747 2904 αὐτὸν,
816 2859 839 2887 ιι
903 2833 991 2891 ἐπὶ
1039 2834 1132 2889 τὸν
1182 2834 1572 2913 ἄπειθήιταντα⁷
1633 2833 1722 2889 καὶ
1786 2830 1958 2895 ἀίδιος

297 2920 444 2978 ἔσται
492 2923 529 2989 ἠ
570 2922 815 2987 κόλασις.
852 2923 950 2979 Διά
991 2922 1190 2979 τούτων
1251 2920 1306 2978 δὲ
1357 2923 1569 2979 πάντων
1621 2922 1728 2979 τῶν
1776 2922 1959 3000 ῥημά-

294 3034 403 3068 των
462 3011 637 3091 ἐνάγει
665 3015 692 3069 6
722 3013 1026 3079 Βαπτιστὴς
1071 3012 1161 3068 καὶ
1219 3016 1446 3069 συνωθεῖ
1502 3012 1621 3076 τοὺς
1672 3012 1957 3074 ἀκούοντας

2038 1846 2159 1910 91.»
2179 1845 2321 1920 «Qui
2351 1856 2547 1910 autem
2582 1849 2925 1912 incredulus
2946 1860 3183 1927 est,non
3202 1853 3425 1917 videbit
3443 1856 3683 1922 vitam.»

2039 1939 2185 2000 Nam
2219 1937 2318 2016 qui
2348 1947 2560 2016 sponte
2594 1942 2896 2001 recessita
2919 1941 3058 2023 vita,
3095 1960 3211 2022 quo
3247 1953 3415 2024 pacto
3446 1946 3693 2011 habebit

2043 2046 2198 2117 eam,
2235 2046 2367 2108 quae
2424 2036 2513 2091 est
2557 2027 2856 2092 Christus?
2891 2029 3044 2091 sicut
3088 2039 3147 2093 et
3192 2030 3407 2095 Paulus
3452 2034 3686 2117 inquit:

2047 2140 2074 2171 α
2106 2115 2355 2189 Quando
2379 2117 2650 2181 Christus
2687 2117 3162 2181 manifestabitur
3183 2120 3299 2182 vita
3321 2115 3690 2200 nostra,'tunc

2043 2215 2101 2269 et
2136 2224 2243 2267 vos
2265 2206 2365 2286 qui
2396 2207 2467 2267 ad
2501 2206 2782 2268 malitiam
2816 2208 3034 2297 mor-tui
3064 2218 3123 2270 et
3155 2209 3498 2284 immobiles
3529 2214 3685 2297 facti,

2045 2294 2569 2357 manifestabimini
2602 2297 2661 2357 in
2690 2296 2877 2375 gloria
2891 2296 2972 2361 99.
3001 2299 3277 2361 a—«Sed
3304 2300 3393 2362 ira
3422 2300 3527 2364 Dei
3557 2294 3687 2367 ma;

2042 2394 2143 2447 net
2168 2403 2351 2467 super
2396 2385 2586 2447 illum.
2620 2410 2641 2443 ι
2678 2388 2811 2449 Non
2843 2386 2990 2448 dixit
3018 2388 3173 2469 quod
3228 2402 3464 2452 maneat
3494 2393 3687 2472 illum,

2042 2476 2145 2536 sed
2175 2493 2357 2555 super
2386 2474 2576 2555 illum,
2612 2475 2937 2537 ostendens
2966 2476 3119 2557 quod
3179 2496 3484 2559 nunquam
3518 2481 3594 2545 ab
3618 2502 3689 2545 co

2042 2566 2303 2628 recedat.
2325 2566 2399 2627 Ut
2430 2583 2505 2626 ne
2554 2573 2805 2626 mortem
2848 2565 3057 2627 credas
3099 2569 3514 2651 temporalem,
3548 2571 3693 2634 dicit

2043 2654 2199 2736 quod
2234 2663 2467 2716 maneat
2496 2672 2679 2732 super
2708 2673 2841 2716 eum
2892 2655 2990 2736 qui
3025 2654 3370 2719 incredulus
3400 2658 3599 2736 fuerit,
3634 2673 3694 2724 et

2044 2752 2393 2825 perpetuum
2427 2742 2541 2805 erit
2563 2743 2945 2824 supplicium.
2982 2747 3100 2807 Per
3117 2745 3317 2807 omnia
3331 2756 3527 2810 autem
3551 2767 3692 2813 ver-

2046 2835 2117 2896 ba
2146 2835 2273 2898 haec
2300 2833 2530 2895 inducit
2550 2833 2813 2913 Baptista
2837 2842 2898 2895 et
2918 2834 3225 2915 compellit
3244 2837 3546 2903 auditores
3566 2858 3691 2903 om-

2046 2940 2150 2984 nes
2180 2924 2249 2985 ad
2278 2922 2456 2984 ﬁdem
2479 2920 2717 2985 Christi.
2752 2920 2879 2984 Non
2905 2923 3063 2985 enim
3094 2923 3154 2985 in
3192 2942 3404 2987 vanum
3437 2929 3561 2990 haec
3588 2929 3686 2992 di-

2042 3012 2151 3084 xit,
2186 3012 2289 3074 sed
2322 3030 2460 3074 suos
2490 3011 2812 3093 discipulos
2840 3020 2899 3074 et
2930 3012 3078 3075 alios
3102 3032 3313 3076 omnes
3341 3015 3581 3081 instruit
3610 3037 3693 3083 ne

292 3102 499 3166 πάντας
557 3104 630 3165 εἷς
688 3102 786 3169 τὴν
829 3109 920 3159 τοῦ
944 3102 1189 3181 ’Χριστοῦ
1247 3102 1441 3161 πίστιν,
1490 3101 1563 3159 Οὒ
1624 3101 1724 3180 γὰρ
1781 3100 1952 3176 μάτην

2042 3103 2343 3166 invideant
2366 3103 2628 3177 Christo,
2658 3101 2852 3165 sedet.
2901 3104 3025 3166 Deo
3044 3103 3400 3168 auscultant.

293 3192 463 3251 ταῦτά
534 3214 719 3271 φησιν,
778 3189 917 3249 ἀλλὰ
989 3191 1078 3248 καὶ
1126 3191 1247 3253 τοὺς
1309 3190 1529 3255 οἰκείους
1573 3191 1815 3267 μαθητὰς
1872 3190 1960 3246 καὶ

292 3282 418 3347 τοὺς
479 3278 672 3346 ἄλλους
730 3282 939 3345 πάντας
994 3277 1256 3354 παιδεύει,
1340 3280 1534 3356 μηκέτι
1602 3283 1813 3360 φθονεῖν
1882 3283 1960 3352 τῷ

296 3377 536 3449 Χριστῷ,
584 3370 707 3429 ἀλλ’
752 3373 826 3435 ὡς
860 3376 977 3445 Θεῷ
1008 3368 1326 3449 προσέχειν.

930 3468 1184 3522 ΚΕΦΑΛ.
1236 3462 1327 3522 Δ¹.
1394 3496 1401 3501 -

297 3562 422 3639 Περὶ
482 3565 578 3627 τῆς
638 3557 1077 3639 Σαμαρείτιδοςη
1131 3558 1255 3632 Περὶ
1342 3557 1436 3614 τοῦ
1506 3562 1618 3619 υἱοῦ
1696 3566 1789 3616 τοῦ
1850 3560 1956 3635 βα-

1012 3637 1242 3697 σιλικοῦ.

382 3757 411 3789 α
462 3724 553 3796 Ὠς
613 3732 699 3789 οὖν
750 3731 889 3809 ἔγνω
942 3734 971 3788 6
1030 3733 1215 3812 Κύριος
1272 3731 1352 3789 ὅτι
1414 3730 1648 3799 ἤκουσαν
1706 3736 1755 3790 οἱ
1781 3740 1955 3811 Φαριι

296 3824 449 3880 σαῖοι
508 3820 589 3881 ὅτι
642 3819 849 3889 Ἰησοῦς
906 3819 1156 3885 πλείονας
1215 3821 1460 3897 μαθητὰς
1505 3823 1661 3880 ποιεῖ
1704 3823 1791 3879 καὶ
1846 3824 1952 3899 βα-

292 3913 487 3986 πτίζει,
542 3910 579 3981 ἢ
636 3909 890 3978 Ἰωάννης
953 3909 1148 3990 (καίτοι
1204 3932 1266 3990 γε
1325 3911 1484 3975 αὐτὸς
1528 3915 1556 3969 6
1600 3910 1810 3981 Ἰησοῦς
1859 3914 1954 3970 οὐκ

289 3999 593 4075 ἰϐάπτιζεν,
656 4000 778 4059 ἀλλ’
821 4002 869 4056 οἱ
914 4002 1147 4075 μαθηταὶ
1203 4002 1410 4081 αὐτοῦ),
1457 4003 1630 4082 ἀφῆκε
1681 4004 1781 4071 τὴν
1808 4001 1949 4062 ἰου-

290 4090 443 4148 δαίαν
500 4091 625 4168 γῆν,
686 4092 775 4147 καὶ
825 4089 1031 4159 ἀπῆλθε
1107 4089 1267 4149 πάὶιν
1348 4092 1421 4156 εἷς
1480 4093 1581 4157 τὴν
1639 4090 1947 4153 Γαλιλαίαν.

262 4178 463 4238 ”⁹¹Εδει
506 4178 563 4235 δὲ
593 4180 750 4236 αὐτὸν
807 4177 1107 4259 διέρχεσθαι
1166 4178 1251 4238 διὰ
1285 4170 1385 4248 τῆς
1430 4183 1751 4261 Σαμαρείας,
1804 4205 1830 4237 ι
1890 4172 1948 4240 Ὀ

289 4269 683 4351 φιλάνθρωπος,
736 4266 873 4333 ἅπαξ
932 4266 998 4325 δι’
1053 4270 1192 4344 ἡμᾶς
1247 4273 1559 4346 σαρκωθεὶς,
1610 4272 1785 4329 πάντα
1817 4274 1948 4353 πρὸς

288 4357 557 4438 ἡμετέραν
606 4355 867 4438 ὠφέλειαν
939 4354 1336 4437 διαπράττεται.
1408 4360 1627 4437 Ἀμέλει
1702 4364 1789 4420 καὶ
1859 4368 1947 4419 νῦι

289 4448 546 4523 ἀκούσας,
608 4445 689 4503 ὅτι
743 4447 790 4503 οἱ
849 4453 1137 4527 Φαρισαῖοι
1218 4450 1337 4527 περὶ
1414 4454 1512 4517 τῆς
1575 4449 1730 4518 δοξῆς
1789 4452 1948 4508 αὐτοῦ

287 4538 554 4609 ἥκουσαν,
615 4537 703 4593 καὶ
767 4537 947 4617 γνοὺς,
1022 4534 1103 4593 ὅτι
1185 4538 1261 4601 εἰς
1314 4541 1502 4618 φθόνον
1568 4542 1948 4610 κινηθήσονται

285 4630 380 4687 τὸν
420 4622 542 4685 κατ’
602 4626 784 4702 αὐτοῦ,
846 4626 1131 4705 ὑποχωρεῖ
1174 4627 1249 4691 εἰς
1302 4626 1404 4694 τὴν
1462 4627 1746 4686 Γαλιλαίαν
1785 4646 1799 4661 ⁶
1861 4627 1950 4687 δύο

283 4725 456 4777 ταῦτα
527 4713 785 4774 διδάσκων
852 4717 995 4793 ἡμᾶς
1031 4733 1047 4751 ⁸
1111 4717 1165 4774 ἓν
1220 4717 1340 4793 μὲν,
1404 4719 1466 4775 τὸ
1531 4716 1793 4800 φείδεσθαι
1844 4727 1950 4776 τῶν

285 4808 524 4889 ἐχθρῶν,
582 4807 672 4862 καὶ
756 4805 931 4862 πάντα
1012 4807 1209 4885 τρόπον
1270 4810 1546 4887 πειρᾶσθαι
1607 4808 1685 4885 μὴ
1756 4806 1950 4867 διδόναι

284 4900 476 4960 αὐτοῖς
522 4894 768 4975 ἀφορμὴν
827 4892 1118 4952 σκανδάλου
1166 4895 1204 4963 ἢ
1248 4896 1437 4976 φθόνου
1470 4912 1485 4928 ⁸
1546 4896 1724 4979 ἕτερον
1766 4896 1845 4979 δὲ,
1890 4900 1952 4956 τὸ

283 4990 365 5065 μὴ
421 4984 752 5063 ὶπιρῤίπτειν
821 4985 1038 5051 ἑαυτοὺς
1116 4997 1236 5050 τοῖς
1314 4999 1639 5065 ποιρασμοϊς
1709 4988 1950 5060 ἀνοήτως

280 5079 373 5136 καὶ
430 5075 730 5155 ἂνονήτως,
776 5072 897 5131 ἀλλ’
953 5076 1265 5156 ὑποχωρεῖν
1324 5076 1456 5155 πρὸς
1506 5079 1718 5158 καιρὸν,
1754 5078 1949 5159 μέχρις

282 5166 345 5223 ἂν
403 5168 440 5235 ἡ
492 5163 653 5241 μανία
696 5163 884 5242 ῥαίσῃ.
949 5165 1132 5223 Καίτοι
1190 5162 1245 5221 δὲ
1305 5162 1519 5230 δυνατὸς
1575 5168 1650 5223 ὢν
1695 5166 1949 5248 ἐπισχεῖν

278 5258 406 5321 τοὺς
467 5254 612 5328 αὐτῷ
668 5257 1009 5334 φθονοῦντας,
1062 5253 1162 5311 κᾶν
1217 5256 1261 5311 εἰ
1300 5261 1421 5313 κατ’
1465 5258 1621 5314 αὐτοῦ
1663 5257 1945 5339 ὥρμησαν,

280 5346 433 5424 ὅμως
487 5342 847 5424 ὑπεξίσταται,
906 5341 1047 5400 ὥστε
1132 5344 1210 5419 μὴ
1294 5345 1585 5425 φαντασίαν
1643 5344 1790 5414 δόξαι
1848 5348 1948 5416 τὴν

284 5434 596 5511 οἰκονομίαν
653 5438 751 5502 τῆς
810 5433 1029 5513 σαρκός.
1096 5434 1154 5492 Ei
1210 5433 1310 5513 γὰρ
1368 5435 1628 5516 συχνάκις
1659 5434 1743 5494 διὰ
1785 5436 1949 5513 μέσου

285 5525 462 5585 αὐτῶν
490 5521 777 5605 ὶξήρχετο,
833 5524 884 5579 τί
936 5524 1033 5600 οὐκ
1062 5520 1126 5580 ἂν
1152 5521 1316 5583 εἶπον
1356 5527 1403 5582 οἱ
1430 5525 1944 5611 Φαντασιοδοκῆται,

362 5683 419 5734 σί
458 5683 588 5745 Act.
624 5700 763 5763 xm,
794 5683 895 5748 28.
984 5683 1046 5734 9'
1074 5683 1307 5748 Colosa.
1340 5702 1427 5761 ιιι,
1460 5687 1522 5750 4.

611 5844 877 5912 Panos.
920 5848 1037 5913 an.
1081 5847 1356 5914 οωιι.

1972 4408 2014 4458 D

2670 3465 2913 3532 CAPUT
2955 3465 3058 3533 IV.

2341 3560 2432 3623 De
2461 3560 2879 3624 Samaritana.
2915 3561 3000 3624 De
3026 3560 3156 3641 ﬁlio
3179 3564 3402 3644 reguli.

2122 3731 2337 3793 νεεδ-1
2360 3731 2444 3793 ιίι.
2460 3728 2566 3793 «Ut
2589 3729 2865 3809 cognovit
2895 3730 3182 3793 Dominus
3211 3732 3447 3795 audisse
3469 3735 3685 3800 Phari-

2037 3839 2187 3883 swos
2208 3819 2364 3902 quod
2388 3821 2557 3883 Jesus
2579 3820 2783 3900 plures
2804 3818 3129 3900 discipulos
3152 3820 3373 3883 faceret
3400 3842 3469 3885 ac
3491 3823 3685 3907 bapti-

2034 3919 2193 3973 zaret
2220 3929 2395 3992 quam
2430 3908 2689 3973 Joannes
2735 3910 3108 3990 (quanquam
3154 3909 3337 3974 Jesus
3381 3913 3513 3994 ipse
3566 3934 3687 3979 non

2035 3999 2490 4081 baptizaret,sed
2514 3999 2787 4080 discipuli
2822 3999 3253 4082 ejus),reliquit
3273 4000 3538 4065 Judaeam
3564 4012 3689 4069 ter-

2032 4109 2186 4166 ram,
2222 4099 2281 4152 et
2307 4090 2451 4151 abiit
2480 4090 2696 4151 iterum
2720 4090 2777 4151 in
2798 4088 3120 4153 Galilaeam.
3146 4089 3688 4170 Oportebatautem

2034 4199 2168 4244 eum
2206 4179 2459 4243 transire
2493 4198 2599 4260 per
2628 4178 3018 4243 Samariam.»
3048 4180 3377 4243 Misericors
3400 4182 3691 4251 Dominus

2033 4272 2218 4333 semel
2251 4277 2496 4351 propter
2526 4286 2631 4330 nos
2662 4269 3027 4349 incarnatus,
3063 4269 3264 4330 omnia
3306 4270 3379 4331 ad
3423 4281 3685 4339 nostram

2033 4362 2281 4425 salutem
2320 4359 2474 4422 facit.
2512 4362 2722 4439 Itaque
2762 4366 2821 4420 et
2850 4376 3009 4420 nunc
3038 4377 3172 4423 cum
3224 4360 3497 4422 audisset
3527 4363 3687 4443 quod

2035 4449 2313 4514 Pharisaei
2342 4450 2416 4510 de
2444 4448 2632 4527 gloria
2666 4447 2851 4529 ipsius
2882 4446 3311 4521 aud-iverint,et
3335 4448 3517 4511 sciret
3536 4468 3687 4515 con—-

2033 4550 2120 4602 tra
2148 4540 2343 4621 ipsum
2364 4536 2435 4600 ad
2459 4536 2744 4599 invidiam
2766 4535 3421 4600 concitandos.secedit
3439 4539 3498 4600 in
3517 4540 3685 4604 Gali-

2033 4630 2227 4702 laeam,
2264 4628 2380 4689 duo
2414 4644 2524 4688 nos
2552 4625 2779 4689 docens
2812 4646 2826 4686 :
2861 4644 3045 4687 unum
3077 4625 3341 4706 quidem,
3379 4635 3442 4688 ut
3472 4646 3684 4708 parca—

1998 4737 2165 4780 .mus
2196 4716 2475 4789 inimicis,
2512 4724 2569 4777 et
2610 4715 2774 4777 omni
2814 4715 2991 4777 modo
3041 4723 3346 4777 tentemus
3394 4736 3513 4779 non
3545 4719 3689 4782 dare

2035 4807 2123 4870 eis
2154 4805 2532 4869 occasionem
2564 4804 2826 4867 scandali
2856 4803 2946 4867 vel
2989 4804 3252 4877 invidiae;
3300 4805 3574 4881 alterum,
3609 4826 3688 4871 ne

2035 4897 2373 4978 injiciamus
2405 4913 2513 4957 nos
2543 4893 2605 4955 in
2639 4894 3025 4956 tentationem
3074 4893 3427 4975 insipienter
3455 4906 3514 4959 et
3544 4896 3686 4961 inu-

2035 4983 2353 5053 tiliter,sed
2386 4983 2737 5046 secedamus
2755 4984 2826 5045 ad
2856 4983 3318 5064 tempus,donec
3340 4985 3573 5047 insania
3593 5005 3689 5049 re-

2033 5079 2225 5142 sideat
2257 5073 2538 5148 Quamvis
2569 5081 2763 5135 autem
2790 5082 3003 5154 potens
3024 5072 3098 5133 sit
3118 5073 3688 5140 cohibereinviden-

2034 5179 2123 5231 tes
2150 5166 2286 5245 sibi,
2326 5161 2557 5225 etiamsi
2606 5160 2830 5243 impetu
2880 5162 3138 5243 quodam
3173 5181 3331 5226 nunc
3379 5175 3683 5243 urgerent,

2032 5277 2151 5321 non
2183 5264 2379 5317 tamen
2404 5253 2516 5315 hoc
2538 5252 2763 5331 egit,ne
2782 5251 3085 5314 videretur
3116 5251 3553 5332 phantasticum
3572 5254 3687 5317 ha-

2033 5349 2176 5410 bere
2196 5361 2456 5425 corpus:
2495 5341 2544 5403 si
2577 5340 2737 5403 enim
2779 5359 2937 5422 saepe
2971 5358 3078 5422 per
3124 5341 3387 5405 medium
3445 5343 3686 5407 illorum

2031 5432 2439 5516 exiisset,quid
2474 5450 2595 5495 non
2612 5430 2901 5494 dixissent
2922 5430 3688 5508 Phantasiodocetaa,Mani-

2031 5526 2204 5604 chaai,
2236 5524 2503 5605 inquam,
2540 5529 2600 5583 et
2632 5518 3035 5585 Valentiniani
3057 5527 3114 5583 et
3137 5519 3521 5603 Eutychiani?
3545 5525 3690 5588 [nai-
