4178 6448
546 382 697 448 1227
1450 380 2046 445 THEOPHYLACTI
2089 380 2184 442 BU

2272 382 2500 448 lARI/E
2522 387 2884 453 ARCHIEP.
3778 388 3921 456 i228

542 539 736 583 nuans
760 526 959 581 autem
985 516 1344 597 evangelista
1373 515 1657 578 invidiam
1692 535 1939 598 pronam
1974 532 2106 577 esse
2135 529 2185 572 at

2294 516 2338 569 οἱ
2396 520 2513 596 περὶ
2573 521 2836 597 Μάνεντα,
2895 519 3062 601 λέγω,
3112 521 3201 578 καὶ
3271 520 3646 597 Οὐαλεντῖνον,
3705 523 3789 577 καὶ
3842 524 3923 578 τὸν

542 609 930 682 calumniam,
968 608 1136 687 dicit,
1171 605 1436 687 quamvis
1476 608 1648 668 Jesus
1699 626 1816 667 non
1869 603 2185 685 baptizarit1

2287 606 2585 684 κατάρατον
2642 613 2859 692 Εὒτυχῇ
2892 631 2906 686 ;
2941 611 3312 685 Αίνιττόμενος
3360 608 3414 666 δὲ
3472 614 3499 667 6
3558 609 3924 688 ευαγγελιστης

540 699 727 761 invidi
761 708 959 760 tamen
989 698 1254 759 volentes
1290 697 1592 758 concitare
1624 696 1956 759 Phariszeos
1993 710 2185 757 contra

2287 695 2346 749 τὸ
2398 708 2493 757 τοῦ
2548 701 2736 780 φθόνου
2826 702 3238 780 συκοφαντικὸν,
3277 703 3460 781 φησὶν,
3505 701 3585 757 ὅτι
3628 704 3793 757 καίτοι
3818 703 3924 778 γεο

540 786 865 863 Christum,
897 784 1422 848 calumniabantur
1454 804 1588 847 eum
1624 785 1793 866 quasi
1818 785 2185 866 baptizasset.

2288 781 2493 851 Ἰησοῦς
2565 794 2660 848 οὐκ
2721 788 3020 863 ἐϐάπτιζεν,
3090 788 3210 846 ἀλλ’
3301 790 3447 865 ὅμως
3506 794 3549 847 οἱ
3608 794 3920 870 φθονοῦντες,

546 904 573 935 ι
598 876 926 955 Oportebat
951 885 1145 939 autem
1173 876 1368 955 ipsum
1394 875 1649 936 transire
1674 894 1780 955 per
1800 874 2185 937 Samariam.»

2286 872 2599 949 βουλόμενοι
2658 880 2954 950 ὕποκνίζειν
3030 879 3148 942 τοὺς
3221 881 3533 956 Φαρισαίους
3599 880 3731 935 κατὰ
3802 885 3919 954 Χρι-

538 967 739 1031 Veluti
770 966 966 1028 obiter
988 975 1047 1029 et
1080 984 1195 1028 non
1229 965 1523 1027 destinato
1556 965 1772 1026 itinere
1794 964 2185 1027 Samaritanos

2284 970 2431 1038 στοῦ,
2492 964 2875 1047 ἐσυκοφάντουν
2935 970 3091 1027 αὐτὸν
3156 970 3230 1033 ὡς
3300 970 3643 1045 βαπτίζοντα,
3698 989 3719 1021 ι
3779 964 3919 1023 ’Ἔδει

537 1058 757 1121 adibat.
811 1054 955 1118 Vide
987 1056 1147 1119 enim
1205 1056 1361 1137 quod
1411 1075 1529 1117 non
1584 1056 1822 1135 dixerit,
1873 1053 2185 1135 Oportebat

2280 1051 2332 1109 δὲ
2392 1056 2549 1112 αὐτὸν
2592 1055 2891 1138 διέρχεσθαι
2936 1056 3019 1113 διὰ
3062 1058 3157 1126 τῆς
3216 1058 3542 1138 Σαμαρείας.
3606 1081 3630 1116 ι)
3692 1051 3781 1119 ’λὶς
3827 1058 3919 1133 πάρ

537 1150 731 1229 ipsum
791 1144 958 1208 abire
1002 1145 1061 1207 in
1109 1145 1467 1220 Samariam,
1532 1145 1661 1217 sed,
1710 1169 1726 1200 ι
1792 1145 2041 1206 transire
2091 1163 2185 1224 pel

2278 1164 2430 1222 εργον
2473 1145 2573 1224 γὰρ
2646 1145 2766 1207 ὁδοῦ
2851 1146 3093 1204 ἐποιεῖτο
3168 1148 3287 1213 τοὺς
3360 1150 3715 1227 Σαμαρείτας.
3799 1145 3919 1223 Ὅρα

537 1235 928 1301 Samariam.»
964 1236 1218 1297 Volebat
1240 1236 1398 1297 enim
1425 1236 1807 1297 occasionem
1830 1252 2063 1295 omnem
2090 1253 2185 1294 ca-

2279 1233 2377 1310 γὰρ
2421 1232 2502 1290 ὅτι
2534 1239 2627 1294 οὐκ
2657 1249 2833 1308 εἶπεν,
2889 1234 3052 1294 ’Ἔδει
3113 1239 3271 1294 αὐτὸν
3327 1237 3655 1318 ἀπέρχεσθαι
3717 1238 3786 1301 εἰς
3830 1243 3919 1290 Σα-

536 1330 776 1391 Ιιιιηῐιὶω
826 1327 1049 1390 Ιυιιεοὶε
1108 1327 1485 1403 exscindere,
1543 1335 1605 1387 ut
1662 1326 1869 1388 dicere
1901 1325 2040 1387 5‘52
2076 1345 2185 1387 non

2280 1325 2524 1403 μαρειαν,
2583 1324 2747 1401 ἀλλὰ,
2814 1347 2839 1382 α
2905 1324 3206 1406 διέρχεσθαι
3260 1326 3343 1383 διὰ
3398 1330 3496 1395 τῆς
3543 1327 3863 1405 Σαμαρείας.
3896 1348 3915 1379 θ

538 1418 767 1499 possint
784 1416 1193 1497 quod,relictis
1217 1415 1785 1483 eis,concesseritad
1812 1424 2196 1497 gentes,quas

536 1506 1055 1569 abominabantur.
1108 1505 1358 1578 Quando
1419 1515 1616 1567 autem
1666 1504 2189 1583 abegerunteum,

537 1605 678 1658 tunc
707 1595 956 1657 accessit
976 1594 1048 1655 ad
1076 1594 1354 1675 gentiles,
1382 1603 1440 1657 et
1470 1613 1664 1675 neque
1694 1602 1836 1655 tunc
1872 1613 1939 1656 ex
1971 1611 2190 1675 propo-

2282 1410 2565 1471 Ἐϐούλετο
2637 1416 2737 1493 γὰρ
2805 1417 3067 1495 πρόφασιν
3152 1422 3326 1473 πᾶσαν
3411 1417 3734 1495 κατηγορίας
3817 1429 3919 1477 τοῖς

2283 1500 2547 1567 Ἰουδαίοις
2597 1503 2845 1585 ἐκκόψαι,
2932 1505 3069 1561 ὥστε
3126 1507 3204 1580 μὴ
3277 1504 3426 1586 ἔχειν
3496 1506 3685 1568 αὐτοὺς
3738 1503 3919 1581 λέγειν,

2279 1590 2358 1672 ὅτι
2403 1591 2550 1670 ἀφεὶς
2586 1594 2773 1657 αὐτοὺς
2818 1596 2891 1656 εἰς
2936 1594 3002 1650 τὰ
3062 1594 3183 1671 ἔθνη
3242 1596 3307 1651 τὰ
3357 1594 3617 1672 βδελυκτὰ
3654 1596 3918 1669 μετῆλθεν.

2283 1670 2458 1738 ΗΟτσιν
2502 1684 2601 1761 γὰρ
2648 1682 2953 1753 ἀπήλαυνον
3001 1686 3180 1763 αὐτὸν,
3225 1686 3345 1741 τότε
3389 1699 3506 1749 τοῖς
3539 1684 3764 1748 ἐθνικοϊς
3793 1704 3919 1761 παρ-

2276 1768 2432 1826 έϐαλε
2468 1787 2481 1802 ⁸
2563 1774 2651 1830 καὶ
2735 1770 2851 1830 οὑδὲ
2937 1774 3057 1831 τότε
3141 1774 3582 1852 προηγουμένως,
3667 1770 3782 1830 ω’
3870 1773 3922 1828 ir.

2212 1885 2252 1935 Β
2274 1863 2560 1944 παρέργου.

2366 1978 2392 2009 ιιι
2428 1951 2700 2036 ’Ἔρχεται
2743 1955 2833 2012 οὗν
2881 1958 2953 2022 εἰς
3007 1955 3164 2013 πόλιν
3205 1956 3301 2025 τῆς
3356 1958 3662 2035 Σαμαρείας
3704 1954 3919 2034 λεγομέ-

538 1685 675 1767 aito,
710 1687 818 1748 sed
842 1684 1061 1747 obiter.

616 1960 937 2035 Vens.5,6.
953 1957 1165 2021 «Venit
1190 1976 1337 2040 ergo
1363 1958 1421 2019 in
1446 1958 1741 2020 civitatem
1762 1957 2047 2021 Samariae
2065 1976 2197 2038 quae

533 2048 753 2112 dicitur
774 2048 1211 2130 Sychar,juxla
1243 2047 1532 2128 praedium
1582 2046 1743 2128 quod
1797 2046 1965 2108 dedit
2016 2045 2185 2109 Jacob

2279 2068 2375 2111 νην
2420 2046 2629 2125 Συχὰρ,
2694 2043 2922 2113 πλησίον
2947 2045 3074 2130 ⁵τοῦ
3129 2046 3356 2126 χωρίου,
3405 2047 3433 2101 ὃ
3492 2044 3688 2101 ἔδωκεν
3748 2040 3925 2102 Ἰακὼϐ

531 2139 749 2220 Joseph
788 2123 909 2200 lilio
940 2123 1163 2199 suo‘93.
1199 2123 1342 2200 Erat
1370 2143 1571 2199 autem
1600 2123 1695 2197 ibi
1750 2136 1882 2197 fons
1927 2133 2131 2196 Jacob.
2164 2161 2185 2193 ι

2278 2132 2478 2214 Ἰωσὴφ
2501 2123 2584 2209 τῷ
2606 2123 2702 2211 υἰῷ
2732 2137 2910 2195 αὑτοῦ.
2947 2123 3045 2193 Ἠν
3074 2123 3277 2192 Seritch
3492 2134 3586 2192 τοῦ
3641 2131 3847 2196 Ἰακώϐ,
3895 2160 3918 2189 ι

533 2226 744 2307 Operae
776 2228 1032 2309 pretium
1064 2225 1244 2288 fuerit
1267 2225 1473 2288 dicere
1503 2226 1665 2287 unde
1688 2224 2047 2289 Samaritani
2079 2226 2185 2287 ori-

2280 2222 2480 2289 ’Ἄξιον
2536 2224 2731 2299 εἰπεῖν,
2768 2227 2927 2281 πόθεν
2969 2228 3017 2281 οἱ
3061 2232 3394 2304 Σαμαρεῖται
3436 2224 3789 2296 συνέστησαν,
3847 2225 3922 2279 καὶ

530 2318 727 2397 ginem
754 2317 1120 2390 duxerint,et
1141 2316 1302 2376 unde
1321 2314 1788 2395 appellationem
1814 2314 1978 2375 illam
2003 2314 2185 2376 sortiti

2277 2317 2436 2369 πόθεν
2492 2314 2589 2381 τὴν
2671 2314 3036 2394 προσηγορίαν
3096 2316 3292 2383 ταύτην
3347 2312 3560 2378 ἔλαϐον,
3645 2316 3819 2393 Σομὸρ
3868 2314 3920 2369 τὸ

529 2408 770 2470 fuerint.
805 2406 1022 2469 Somor
1057 2406 1218 2466 enim
1253 2424 1425 2466 mons
1456 2406 1777 2466 vocabatur
1797 2405 1870 2466 ab
1903 2423 1974 2466 eo
2008 2424 2044 2466 a
2076 2424 2185 2486 quo

2277 2403 2395 2486 δ’ρος
2440 2401 2693 2460 ἐκαλεῖτο
2737 2404 2843 2460 ἀπὸ
2903 2412 3007 2486 Δτοῦ
3053 2404 3388 2481 κτησαμένου
3452 2405 3607 2483 αὐτὸ,
3674 2405 3804 2460 καθὰ
3842 2408 3919 2461 καὶ

534 2495 974 2578 possidebatur,
1037 2495 1192 2556 sicut
1241 2504 1303 2557 et
1359 2493 1544 2556 Isaias
1591 2495 1795 2556 dicit:
1833 2518 1860 2555 ι
1894 2498 1965 2558 Et
2020 2482 2185 2574 caput

2280 2484 2508 2558 t[Ie-artat;
2551 2493 2709 2574 φησίν
2748 2510 2761 2523 ·
2810 2514 2842 2555 (
2901 2482 2965 2551 Ἠ
3022 2495 3228 2575 κεφαλὴ
3288 2494 3544 2573 Σομόρων
3594 2482 3857 2572 νἘφραίμ.
3892 2514 3914 2545 ιι

530 2588 748 2649 Somor
776 2584 1057 2666 Ephraim
1077 2584 1163 2644 94.
1203 2609 1228 2639 η
1265 2582 1377 2655 Qui
1400 2592 1596 2645 autem
1621 2583 1693 2645 ad
1727 2592 1989 2645 montem
2024 2583 2190 2645 illum

530 2674 898 2745 habitabant,
933 2673 1190 2753 ptimum
1233 2692 1350 2732 non
1406 2673 1771 2737 vocabantur
1801 2671 2185 2744 Samaritani,

532 2764 638 2825 sed
670 2763 953 2825 Israelita:
983 2762 1338 2824 dicebantur
1365 2763 1452 2825 95.
1488 2766 1634 2826 Cum
1665 2772 1865 2824 autem
1895 2762 2185 2825 offendis-

531 2861 665 2914 sent
694 2851 1113 2926 Deum,traditi
1133 2859 1268 2911 sunt
1293 2851 1469 2913 variis
1504 2851 1877 2933 temporibus
1905 2853 2185 2932 Assyriis.

529 2942 797 3005 Tandem
828 2941 1277 3022 Assyrius,cum
1300 2941 1703 3003 defectionem
1734 2941 2185 3023 :neditarentur,

2276 2584 2333 2638 Οἱ
2378 2579 2432 2637 δὲ
2474 2585 2577 2639 ὕπὸ
2607 2585 2669 2639 τὸ
2715 2583 2835 2658 ὅρος
2883 2584 3171 2658 οἰκοῦντες,
3207 2587 3267 2642 οὗ
3310 2590 3647 2662 Σαμαρεῖται
3691 2584 3751 2639 τὸ
3779 2588 3912 2662 πρῶ-

2272 2694 2382 2751 τον,
2442 2669 2563 2728 ἀλλ’
2624 2671 2959 2751 Ἰσραηλῖται
3015 2672 3287 2751 ἐλέγοντο.
3358 2673 3823 2752 Προσκρούσαντες
3870 2669 3917 2727 δὲ

2270 2768 2347 2835 τῷ
2407 2768 2544 2837 Θεῷ,
2607 2760 2971 2841 παρεδόθησαν
3038 2764 3173 2819 κατὰ
3220 2760 3495 2842 διαφόρους
3556 2763 3769 2839 καιροὺς
3812 2774 3917 2823 τοῖς

2274 2850 2592 2929 Ἀσσυρίοις,
2663 2850 2823 2917 Τέλος
2881 2850 2935 2907 δὲ
3000 2855 3027 2909 6
3088 2852 3364 2931 Ἀσσύριος
3423 2850 3662 2908 ἐπελθὼν
3719 2851 3911 2930 αὐτοῖς,

2272 2941 2600 2998 ἀποστασίαν
2657 2940 3041 3018 μελεττξσασιν,
3100 2941 3219 2999 εἷλέ
3276 2964 3333 2998 τε
3400 2942 3616 3022 αὖτοὺς,
3692 2942 3777 2997 καὶ
3833 2940 3916 2996 05x

528 3031 869 3112 supervenit
899 3030 1209 3111 tenuitque
1230 3034 1579 3109 captivos,et
1601 3048 1720 3093 non
1753 3031 1906 3093 ultra
1929 3032 1986 3091 in
2019 3050 2185 3092 suam

2272 3030 2347 3086 ἔτι
2407 3030 2585 3105 μένειν
2656 3032 2792 3088 κατᾶ
2874 3031 3060 3111 χώραν
3151 3030 3392 3113 ἀφίησιν,
3462 3032 3774 3088 ὑποπτεύων
3827 3029 3916 3095 τὴν

525 3124 829 3203 regionem
862 3121 1029 3183 abire
1050 3120 1665 3202 permisit,suspicans
1696 3124 1908 3183 iterum
1928 3121 2185 3183 defectu-

2273 3121 2417 3184 αὖθις
2449 3119 2774 3178 ἀποστασίαν
2809 3136 2824 3152 ⁸
2882 3119 3020 3177 ἀλλὰ
3066 3122 3279 3186 τούτους
3332 3121 3429 3197 μὲν
3459 3122 3533 3185 εἰς
3567 3118 3914 3181 Βαϐυλωνίους

525 3230 624 3276 ros
653 3230 666 3275 :
700 3212 803 3275 sed
846 3211 980 3272 illos
1019 3211 1261 3292 quidem
1312 3212 1614 3274 transtulit
1646 3211 1709 3272 in
1742 3211 2098 3291 Babylonios
2131 3219 2185 3273 et

2272 3213 2356 3266 καὶ
2406 3208 2615 3281 Μήδους
2661 3212 2987 3289 μετήγαγεν,
3048 3211 3253 3269 ἐκεῖθεν
3309 3209 3362 3267 δὲ
3421 3210 3543 3278 ἔθνη
3575 3212 3638 3268 ἐκ
3667 3208 3916 3288 διαφόρων

526 3300 754 3376 Medos,
784 3299 1111 3361 Samariam
1138 3308 1337 3361 autem
1369 3300 1647 3379 gentibus
1669 3319 1739 3363 ex
1762 3300 2014 3362 diversis
2037 3299 2185 3361 locis

2272 3300 2443 3357 τόπων
2489 3300 2731 3381 ἀγαγὼν,
2790 3302 3087 3375 κατῴκισεν
3144 3301 3197 3359 ἐν
3251 3308 3318 3379 τῇ
3378 3304 3675 3381 Σαμαρείᾳ,
3720 3300 3915 3358 Τούτων

524 3390 897 3469 congregatis
929 3389 1225 3450 coloniam
1260 3389 1446 3452 dedit.
1472 3389 1654 3451 Porro
1682 3408 1863 3469 quum
1882 3391 2007 3451 haec
2034 3390 2184 3451 facta

2272 3388 2320 3446 δὲ
2363 3391 2687 3469 γενομένων,
2747 3390 3074 3468 βουλόμενος
3134 3394 3162 3448 6
3209 3392 3336 3455 Θεὸς
3367 3389 3533 3457 δεῖξαι
3566 3405 3687 3457 τοῖς
3727 3386 3915 3469 βαρϐά-

526 3490 749 3554 essent,
782 3479 941 3542 Deus
975 3488 1306 3541 monstrare
1330 3480 1538 3543 volens
1569 3479 1841 3542 barbaris
1874 3480 2029 3561 quod
2062 3499 2183 3541 non

2272 3500 2399 3557 ροις,
2446 3478 2526 3536 ὅτι
2558 3480 2637 3554 μὴ
2688 3476 2755 3535 δι’
2809 3480 3107 3555 ἀσθένειαν,
3141 3477 3261 3538 ἀλλ’
3320 3479 3384 3537 δι’
3419 3482 3682 3558 ἁμαρτίαν
3713 3478 3914 3546 ἐξέδωκε

525 3579 768 3651 propter
814 3568 1250 3650 impotentiam,
1307 3566 1413 3630 sed
1474 3577 1717 3649 propter
1776 3577 2015 3648 peccata
2062 3569 2181 3632 illis

2272 3569 2385 3630 τοὺς
2430 3566 2706 3631 Ἰουδαίους
2766 3568 2974 3645 αὒτοϊς,
3022 3572 3282 3651 ὶπαφίησι
3338 3568 3557 3632 λέοντας
3612 3583 3729 3636 τοῖς
3790 3590 3913 3646 μετ-

517 3659 755 3723 ]ιιόεεοε
787 3658 1019 3720 servire
1049 3658 1286 3733 fecerit,
1322 3658 1574 3720 immisit
1604 3662 1811 3721 leones
1836 3660 1898 3720 in
1923 3678 2047 3737 eos,
2080 3660 2181 3741 qui

2272 3661 2577 3714 οικισθεϊσιν
2628 3657 2681 3717 ἐν
2756 3660 3030 3740 Σαμαρείᾳ
3095 3657 3408 3740 βαρϐάροις,
3458 3659 3658 3725 οἵτινες
3714 3659 3912 3719 τούτους

520 3749 581 3811 in
616 3747 880 3811 Samaria
921 3747 1207 3823 habitant,
1271 3748 1581 3822 barbaros,
1620 3748 1720 3829 qui
1770 3749 1908 3810 illos
1961 3749 2181 3829 perde-

2272 3747 2607 3823 ὲλυμαίνοντο
2682 3747 3083 3815 ἁπαξάπαντας.
3173 3748 3632 3829 Ἀπαγγελθέντος
3691 3748 3745 3807 δὲ
3798 3758 3912 3806 τού·-

526 3839 671 3901 bant
700 3856 928 3900 omnes.
965 3838 1089 3899 Rex
1113 3855 1254 3898 vero
1285 3857 1417 3899 cum
1451 3838 1565 3899 hoc
1596 3838 1884 3910 audisset,
1922 3839 2082 3901 misit
2111 3839 2182 3901 ad

2272 3859 2362 3893 του
2403 3845 2481 3913 τῷ
2539 3837 2779 3921 βασιλεῖ,
2814 3838 3229 3917 μιταστέλλεταί
3271 3863 3419 3903 τινας
3462 3848 3568 3899 τῶν
3626 3841 3684 3897 ἐν
3715 3842 3911 3920 αἰχμα-

530 3927 817 4007 quosdam
851 3945 920 3987 ex
952 3925 1291 3988 senioribus
1322 3926 1562 4001 ludatis,
1592 3934 1653 3991 et
1675 3928 1902 4004 rogavit
1931 3929 2069 4009 quid
2093 3928 2184 3991 fa-

532 4016 836 4091 ciendum,
868 4024 932 4076 ut
956 4035 1077 4075 non
1110 4016 1261 4077 ultra
1290 4016 1499 4077 leones
1551 4017 1807 4096 perdant
1847 4035 1971 4099 eos,
1998 4018 2099 4099 qui
2124 4018 2188 4081 in

534 4104 826 4181 Samaria,
858 4103 1165 4167 barbaros.
1209 4103 1300 4165 Illi
1347 4115 1545 4166 autem
1591 4105 1949 4168 enarrabant
1997 4110 2183 4171 Deum

531 4194 713 4257 Israel
736 4194 1044 4275 suspicere
1062 4194 1257 4255 locum
1280 4194 1446 4255 illum
1462 4204 1539 4269 ,et
1555 4214 1672 4256 non
1697 4195 1897 4258 sinere
1920 4197 2188 4260 habitare

532 4285 655 4347 illic
685 4303 787 4345 eos
823 4284 922 4365 qui
974 4303 1077 4345 sua
1100 4283 1365 4363 legitima
1397 4284 1698 4363 ignorent.
1734 4282 1918 4364 Igitur
1950 4286 1998 4346 si
2030 4304 2190 4348 curae

530 4374 640 4436 sibi
676 4374 794 4435 sint
830 4372 1179 4453 barbariqui
1204 4373 1347 4453 illic,
1376 4372 1565 4435 mittat
1588 4374 1824 4436 Judaaos
1845 4375 2187 4438 sacerdotes

2272 3926 2438 4001 λωσίᾳ
2493 3930 2754 4009 γερόντων
2799 3928 3088 4010 Ἰουδαίων,
3145 3932 3233 3986 καὶ
3302 3930 3496 4005 ἐρωτᾷ,
3570 3931 3619 3987 τί
3677 3928 3913 3997 ποιητέον

2273 4015 2388 4090 εἴη,
2448 4016 2511 4073 ἂν
2570 4018 2762 4094 μηκέτι
2822 4021 2868 4077 οἶ
2925 4017 3136 4083 λέοντες
3186 4018 3541 4095 λυμαίνωνται
3585 4020 3707 4083 τοὺς
3762 4019 3814 4075 ἐν
3852 4022 3912 4093 τῇ

2274 4107 2544 4185 Σαμαρείᾳ
2602 4104 2916 4187 βαρϐάρους.
2986 4111 3045 4166 Οἱ
3092 4106 3145 4164 δὲ
3204 4112 3531 4188 ὑφηγοῦνται
3605 4110 3771 4185 αὐτῷ,
3841 4106 3912 4162 ὅτι

2273 4196 2299 4250 ἔ,
2367 4197 2497 4259 Θεὸς
2527 4203 2618 4253 τοῦ
2648 4194 2863 4273 Ἰσραὴλ
2917 4196 3077 4278 ἐφορᾷ
3126 4199 3216 4254 τὸν
3259 4200 3422 4257 τόπον
3454 4198 3685 4277 ἐκεῖνον,
3719 4198 3803 4255 καὶ
3829 4198 3914 4254 οὒκ

2272 4284 2521 4365 ἀνέχεται
2581 4302 2854 4344 κατοικεῖν
2924 4290 3042 4344 εκεῖ
3085 4289 3206 4351 τοὺς
3250 4291 3329 4364 μὴ
3394 4290 3459 4347 τὰ
3522 4291 3682 4347 αὑτοῦ
3725 4287 3910 4349 εἰδότας

2272 4375 2497 4450 νόμιμα,
2556 4375 2625 4433 Εἴ
2668 4399 2717 4433 τι
2764 4380 2851 4434 οὖν
2912 4378 3052 4451 αὑτῷ
3112 4376 3263 4453 μέλει
3308 4384 3411 4436 τῶν
3459 4380 3575 4437 ἐκεῖ
3626 4376 3908 4459 βαρϐάρων,

533 4464 635 4545 qui
678 4463 781 4526 Dei
835 4462 1098 4542 legitima
1151 4464 1418 4524 barbaris
1470 4464 1728 4546 tradant,
1762 4474 1820 4527 et
1842 4466 1926 4527 sic
1959 4467 2185 4546 placent

2280 4465 2490 4521 στεῖλαι
2520 4468 2682 4546 ἱερεῖς
2726 4464 3033 4541 Ἰουδαίους,
3070 4470 3125 4524 οἳ
3170 4469 3236 4525 τὰ
3264 4475 3356 4525 τοῦ
3388 4476 3521 4527 Θεοῦ
3563 4471 3763 4547 νόμιμα
3803 4479 3909 4529 τοῖς

533 4556 748 4617 Deum.
775 4552 1161 4633 Obtemperat
1190 4552 1309 4614 illis
1340 4572 1464 4634 rex,
1492 4562 1551 4615 et
1600 4554 1780 4615 mittit
1810 4556 2184 4619 sacerdotem

534 4644 852 4724 quemdam
884 4642 1235 4703 traditurum
1261 4643 1373 4717 his,
1402 4643 1500 4722 qui
1533 4642 1592 4703 in
1619 4641 2190 4716 Samaria,barbaris

533 4732 725 4812 legem
759 4732 887 4794 Dei.
914 4732 987 4793 At
1014 4731 1103 4792 illi
1135 4751 1250 4793 non
1293 4751 1501 4793 omnes
1532 4732 1717 4795 libros
1748 4734 1978 4795 diviuos
2011 4754 2186 4798 rece-

534 4823 882 4905 perunt,sed
903 4829 1126 4883 tantum
1146 4822 1410 4903 quinque
1431 4822 1619 4883 libros
1635 4823 2155 4902 Moysisﬂenesim
2170 4875 2184 4900 ,

532 4913 834 4986 Exodum,
868 4911 1523 4985 Leviticum,Numeros
1546 4920 1603 4974 et
1625 4910 2181 4974 Deuteronomium:

530 5021 727 5081 neque
761 5003 1021 5083 perfecte
1046 5002 1121 5061 ab
1150 5000 1455 5081 impietate
1476 5002 1975 5077 discesserunt,et
1994 5012 2186 5082 poste-

528 5092 788 5154 rioribus
801 5091 1038 5172 quidem
1055 5089 1422 5169 temporibus
1433 5091 1787 5152 abstiterunt
1800 5090 1872 5152 ab
1886 5092 2182 5154 idolorum

533 5181 1032 5261 cultu,Deumque
1056 5179 1371 5241 coluerunt
1412 5182 1613 5260 Itaque
1648 5180 1835 5243 Judaei
1868 5200 1901 5243 a
1935 5182 2182 5262 captivi-

536 5278 656 5334 tate
701 5271 959 5351 regres=i
1017 5270 1447 5332 aemulabantur
1485 5271 1638 5346 illos,
1676 5280 1879 5351 utpote
1909 5272 2181 5351 Assyrios

533 5379 775 5441 genere,
800 5370 859 5422 et
888 5379 922 5420 a
958 5367 1157 5420 monte
1174 5358 1577 5420 Samaritanos
1602 5359 2025 5423 vocabant.llle
2043 5380 2182 5423 vero

532 5449 831 5512 Abraham
862 5447 1120 5510 etJacob
1153 5449 1565 5528 progenitores
1591 5467 1728 5509 suos
1761 5449 2179 5513 nominabant:

530 5538 811 5618 quoniam
846 5538 1145 5600 Abraham
1180 5538 1489 5601 Chaldaeus
1520 5538 1799 5619 fuerat,et
1828 5540 2182 5623 Jacob,pro-

604 5700 671 5751 93
702 5700 850 5762 Gen.
888 5716 1084 5780 XLVIII,
1119 5698 1219 5765 92.
1304 5698 1367 5748 τοι
1392 5698 1507 5760 Isa.
1548 5717 1649 5775 vu,
1684 5702 1742 5763 9.

2271 4553 2552 4635 βαρϐάροις
2624 4554 3044 4636 παραδώσουσιν,
3123 4559 3215 4625 κηὶ
3272 4558 3436 4624 οῧτως
3490 4557 3909 4630 ὲξιλεωθήσεσθαι

2271 4647 2359 4701 τὸν
2421 4646 2572 4705 Θεόν.
2622 4646 2859 4703 Πείθεται
2918 4648 3123 4712 τούτοις
3187 4650 3214 4705 6
3273 4646 3544 4726 βασιλεὺς,
3580 4651 3669 4705 καὶ
3724 4649 3909 4724 πέμπει

2270 4734 2409 4814 ἱερέα
2466 4736 2583 4791 τινα
2641 4734 3023 4815 παραδώσοντα
3084 4750 3204 4802 τοῖς
3267 4738 3323 4794 ἐν
3393 4741 3665 4819 Σαμαρείᾳ
3718 4732 3908 4818 βαρϐά-

2270 4847 2380 4903 ροις
2436 4826 2527 4880 τὸν
2557 4827 2650 4882 τοῦ
2681 4832 2810 4884 Θεοῦ
2866 4826 3047 4902 νόμον.
3101 4829 3159 4885 Οἱ
3215 4828 3270 4884 δὲ
3314 4829 3485 4887 πάντα
3543 4830 3641 4905 μὲν
3684 4830 3748 4885 τὰ
3801 4830 3910 4883 θεῖα

2270 4912 2446 4991 βιϐλία
2503 4916 2598 4972 οὐκ
2656 4912 2917 4991 ἐδέξαντο,
2975 4917 3111 4991 μόνα
3162 4915 3216 4973 δὲ
3246 4919 3312 4974 τὰ
3344 4918 3617 4975 πέντετοῦ
3662 4916 3904 4987 Μωσέως,

2269 5006 2368 5072 τὴν
2426 5005 2663 5079 Γένεσιν,
2726 5005 2823 5072 τὴν
2856 5003 3117 5087 ’¹Εξοδον,
3176 5008 3235 5063 τὸ
3287 5011 3587 5090 Γευϊτικὸν,
3617 5009 3737 5072 τοὺς
3768 5006 3906 5084 Ἀρι-

2267 5096 2430 5170 θμοὺς
2488 5095 2574 5150 καὶ
2632 5096 2693 5151 τὸ
2743 5097 3167 5175 Δευτερονόμιον,
3220 5096 3369 5154 Ἀλλ’
3422 5100 3539 5156 οὐδὲ
3581 5098 3792 5161 τελείως
3818 5100 3906 5160 τῆς

2268 5181 2567 5249 δδσσεϐείας
2631 5183 2936 5252 ἀπέστησαν
2971 5205 2985 5218 ⁸
3035 5187 3252 5267 χρόνοις
3303 5186 3357 5244 δὲ
3414 5189 3627 5269 ὕστερον
3672 5195 3776 5245 τῶν
3817 5184 3904 5261 μὲν

2268 5272 2497 5329 εἰδώλων
2555 5273 2885 5356 ἀπέστησαν,
2938 5274 3181 5334 ἐσέϐοντο
3231 5276 3285 5333 δὲ
3340 5280 3431 5335 τὸν
3462 5282 3613 5340 Θεόν,
3650 5281 3707 5337 Οἱ
3744 5276 3903 5334 τοίνυν

2270 5361 2514 5420 Ἰωδαϊοι
2560 5362 2620 5419 ἐκ
2663 5370 2762 5447 τῆς
2820 5364 3192 5446 αἰχμαλωσίας
3268 5366 3640 5435 ἐπανελθόντες
3686 5364 3900 5441 ζηλοτύ-

2268 5476 2381 5516 πως
2445 5454 2525 5508 ἀεὶ
2576 5455 2708 5532 πρὸς
2768 5458 2954 5519 αὐτοὺς
3010 5460 3192 5537 εἶχον,
3256 5456 3349 5515 ἅτε
3408 5458 3708 5540 Ἀσσυρίους
3760 5455 3901 5514 ὄντας

2266 5546 2329 5598 τὸ
2385 5543 2557 5621 γένος,
2627 5546 2710 5602 καὶ
2786 5546 2891 5602 ἀπὸ
2972 5553 3067 5603 τοῦ
3123 5547 3273 5627 ὄρους
3333 5552 3664 5629 Σαμαρείτας
3726 5543 3900 5607 αὐτοὺς

1830 5701 1893 5751 93
1925 5699 1997 5764 lV
2026 5700 2173 5783 Reg.
2209 5722 2348 5778 xvu,
2382 5708 2441 5765 6.
