4178 6416
263 375 416 439 1229

954 374 1402 441 ENARRATIO
1445 378 1528 441 ΙΝ
1574 378 2082 444 EVANGELIUM
2124 378 2469 446 JOANNIS.
2505 415 2577 428 -—
2622 384 2787 448 CAP.
2837 387 2940 452 IV.

3497 376 3656 457 i230

253 514 499 573 ἐκάλουν.
562 511 796 572 Ἐκεῖνοι
856 508 910 570 δὲ
966 520 1061 571 τοῦ
1104 512 1346 594 Ἀϐραὰμ
1391 516 1479 572 καὶ
1524 512 1716 572 Ἰακὼϐ
1781 515 1899 572 ἔαυ-

1999 516 2380 606 ριοτῄΐοηιθῐη
2411 537 2587 600 quem
2616 519 2737 582 illic
2770 520 3080 596 habuerat,
3102 527 3379 606 proprius
3411 527 3648 591 illorum

251 606 374 669 τοὺς
465 604 759 684 ἀπογόνους
846 605 1144 681 ὠνόμαζον.
1236 595 1318 663 "0
1400 628 1457 661 τε
1517 605 1617 683 γὰρ
1669 603 1912 686 Ἀϐραὰμ

257 691 523 759 Χαλδαῖος
581 693 671 769 ἦν,
732 693 759 749 ὅ
813 716 871 751 τε
933 692 1124 751 Ἰακὼϐ
1181 692 1265 750 διὰ
1350 698 1450 762 τὴν
1506 695 1682 751 ἐκεῖσε
1729 696 1912 774 πηγὴν

244 786 440 848 οἰκεῖος
492 783 675 847 αὗτοϊς
752 782 1037 863 ἐλογίζετο.
1127 787 1186 841 Οἱ
1271 787 1393 863 γοῦν
1453 782 1703 841 Ἰουδαῖοι
1777 784 1911 860 μετά

247 873 459 929 πάντων
545 880 651 928 τῶν
740 872 958 928 ἐθνικῶν
1047 874 1134 929 καὶ
1232 874 1415 937 αὐτοὺς
1487 870 1860 930 ὶϐδελύσσοντο
1890 887 1904 902 ⁹

246 961 363 1017 ὅθεν
417 964 505 1018 καὶ
562 968 640 1036 τῷ
700 963 869 1041 Κυρίῳ
915 960 1390 1041 προσονειδίζοντες
1448 960 1629 1041 ἔλεγον
1658 980 1670 993 ⁸
1739 986 1761 1018 ιι
1799 970 1907 1019 Σαο

252 1052 509 1131 μαρείτης
568 1051 648 1115 εἷ,
700 1075 727 1107 ι
781 1053 877 1109 Καὶ
923 1053 1076 1116 αὒτὸς
1122 1050 1175 1107 δὲ
1218 1066 1335 1116 τοῖς
1382 1056 1652 1128 μαθηταῖς
1704 1052 1852 1131 ἔλεγε
1889 1069 1902 1083 ·

259 1163 287 1194 ε
324 1142 410 1206 Εἷς
468 1139 624 1197 πόλιν
683 1141 1031 1218 Σαμαρειτῶν
1091 1143 1168 1217 μὴ
1224 1140 1515 1208 εἰσέλθητε.
1574 1165 1601 1197 ι
1651 1145 1800 1206 Τίνος
1852 1140 1906 1198 δὲ

248 1231 427 1286 ἕνεκεν
486 1233 513 1287 ὁ
573 1230 953 1309 εὖαγγελιστὴς
1002 1233 1120 1310 περὶ
1174 1239 1266 1288 τοῦ
1320 1233 1519 1311 χωρίου
1565 1238 1658 1288 τοῦ
1714 1230 1907 1289 Ἰακὼϐ

247 1326 333 1378 καὶ
393 1326 491 1389 τῆς
551 1322 737 1400 πηγῆς
782 1318 1264 1402 ἀκριϐολογεῖται;
1353 1327 1568 1397 Πρῶτον
1631 1321 1757 1397 μὲν,
1814 1321 1904 1378 ἵνα

244 1414 371 1469 ὃταν
429 1412 662 1489 ἀκούσῃς
721 1418 820 1479 τῆς
878 1414 1126 1491 γυναικὸς
1172 1412 1457 1491 λεγούσης,
1513 1412 1593 1468 ὅτι
1651 1432 1674 1467 α
1712 1410 1906 1469 Ἰακὼϐ

1996 604 2419 685 putabatur.At
2445 607 2636 671 Judaei
2667 630 2801 673 cum
2834 604 3113 690 gentibus
3143 604 3274 677 aliis
3308 617 3484 679 etiam
3506 618 3650 680 istos

1994 692 2681 785 abominabanturmnde
2710 709 2769 763 et
2800 700 3051 763 Domino
3079 704 3513 785 opprobrautes
3549 707 3646 769 di-

1995 782 2230 877 cebant,
2260 812 2298 877 α,
2322 784 2725 877 Samaritanus
2757 808 2820 851 es
2852 791 2937 853 96.
2978 816 3000 848 η
3043 782 3134 855 Ει-
3155 782 3281 875 ipse
3340 796 3648 877 discipulis

1994 871 2117 933 suis
2146 873 2405 950 dicebat,
2446 876 2543 938 «In
2578 877 2871 941 civitatem
2902 871 3412 946 Samaritanorum
3446 871 3643 947 uein-

1993 963 2285 1025 traveritis
2315 966 2400 1029 97.
2433 991 2454 1023 υ
2491 965 2683 1038 Quare
2740 978 2936 1032 autem
2993 973 3360 1051 eVangelista
3408 975 3483 1037 de
3513 975 3643 1039 loco

1989 1051 2169 1113 Jacob
2203 1062 2260 1113 et
2288 1053 2449 1116 fonte
2501 1064 2616 1117 tam
2674 1057 2994 1137 diligenter
3049 1059 3319 1126 disserit?
3378 1065 3641 1126 Primum

1990 1141 2257 1231 quidem,
2297 1152 2357 1206 ut
2398 1145 2633 1225 quando
2660 1147 2925 1209 audieris
2972 1148 3269 1213 dicentem
3305 1153 3638 1231 mulierem,

1995 1229 2201 1292 «Pater
2231 1242 2432 1298 noster
2459 1235 2640 1296 Jacob
2670 1236 2835 1298 dedit
2866 1237 3038 1299 nobis
3070 1240 3290 1303 fontem
3323 1229 3643 1318 illum,»ne

1989 1319 2247 1381 mireris.
2272 1321 2465 1385 Locus
2491 1325 2648 1385 enim
2684 1325 2785 1387 ille
2809 1336 2933 1388 erat
2949 1327 3091 1387 555
3112 1330 3364 1409 Sycima,
3399 1332 3501 1393 ubi
3534 1333 3640 1396 lilii

1983 1409 2163 1470 Jacob
2186 1412 2426 1474 Simeon
2452 1423 2510 1476 et
2556 1416 2687 1476 Levi
2720 1435 2955 1493 gravem
2990 1417 3148 1478 illam
3197 1421 3421 1483 caedem
3470 1442 3638 1483 com-

237 1506 265 1557 ὸ
324 1503 500 1580 πατὴρ
558 1506 716 1578 ἡμων
766 1500 956 1558 ἔδωκεν
1013 1504 1149 1577 ἡμῖν
1207 1503 1303 1570 τὴν
1362 1502 1546 1579 πηγὴν
1601 1501 1822 1578 ταύτην,
1862 1525 1887 1558 υ

1987 1499 2365 1582 miserunt98,
2399 1522 2468 1564 eo
2503 1505 2659 1585 quod
2692 1524 2960 1567 sororem
2991 1507 3229 1570 illorum
3288 1511 3495 1573 Dinam
3530 1533 3637 1593 op-

239 1593 318 1665 μὴ
364 1588 622 1667 ξενισθῇς,
689 1582 745 1648 Ὀ
806 1592 904 1669 γάρ
947 1592 1112 1656 τόπος
1156 1591 1363 1656 ἐκεῖνος
1420 1594 1487 1659 ἧν
1545 1592 1610 1648 τὰ
1660 1591 1888 1667 Σύκιμα,

1983 1599 2268 1668 presserat
2315 1582 2683 1672 Sycimorum
2731 1594 3030 1674 princeps.
3090 1599 3343 1676 Insuper
3397 1611 3455 1663 et
3521 1582 3637 1664 hoc

238 1679 358 1736 ’ἔνθα
418 1684 463 1736 οἱ
520 1681 617 1736 υἱοὶ
678 1677 870 1739 Ἰακὼϐ
922 1683 1143 1757 Συμεὼν
1199 1682 1288 1740 καὶ
1344 1685 1475 1737 Λευῖ
1528 1681 1618 1737 τὸν
1651 1679 1891 1760 χαλεπὸν

1983 1678 2292 1759 discimus,
2332 1699 2403 1743 ex
2434 1702 2503 1744 eo
2537 1682 2692 1762 quod
2726 1686 3089 1764 evangelista
3114 1688 3286 1749 nobis
3336 1700 3542 1753 narrat
3568 1710 3640 1753 ea

240 1771 449 1827 ἐκεῖνον
500 1770 813 1849 εἰργάσαντο
857 1769 1040 1849 φόνον,
1095 1769 1179 1831 διὰ
1226 1772 1288 1827 τὸ
1319 1772 1416 1839 τὴν
1446 1768 1679 1849 ἀδελφὴν
1724 1770 1894 1827 αὒτῶν

1986 1787 2117 1866 quae
2147 1770 2220 1831 de
2250 1770 2413 1833 fonte
2435 1781 2494 1834 et
2520 1774 2672 1846 loco,
2706 1774 2864 1855 quod
2895 1776 3068 1866 etiam
3093 1777 3231 1838 olim
3264 1780 3634 1859 rejectil‘ue-

248 1872 440 1917 Δεῖναν
523 1861 801 1937 βιασθῆναι
894 1861 997 1916 ὑπὸ
1058 1868 1151 1917 τοῦ
1230 1867 1533 1936 Συκιμιτῶν
1614 1857 1897 1939 ἄρχοντος.

244 1947 279 1977 ’¹
295 1957 490 2005 Επειτα
520 1946 574 2004 δὲ
605 1949 693 2005 καὶ
724 1952 879 2005 τοῦτο
926 1953 1257 2025 μανθάνομεν
1301 1949 1407 2005 ἀπὸ
1441 1958 1534 2008 τοῦ
1588 1950 1679 2005 τόν
1737 1952 1901 2027 εὐαγσ

243 2039 494 2118 γελιστὴν
536 2038 850 2117 καταλέγειν
931 2041 1068 2115 ἡμῖν
1125 2041 1190 2095 τά
1247 2041 1364 2119 περὶ
1421 2042 1515 2095 τοῦ
1562 2038 1763 2119 χωρίου
1813 2040 1901 2095 καὶ

238 2137 339 2203 τῆς
396 2137 604 2215 πηγῆς,
666 2131 746 2188 ὅτι
803 2133 837 2199 ἡ
916 2139 1023 2189 τῶν
1098 2130 1366 2192 Ἰουδαίων
1422 2130 1668 2199 ἀποϐολὴ
1732 2131 1897 2188 πάλαι

238 2224 451 2303 ἒγένετο
497 2221 579 2278 διὰ
632 2223 724 2283 τὰς
787 2224 1045 2301 ἁμαρτίας
1092 2225 1264 2281 αὐτῶν
1298 2242 1312 2258 ·
1377 2224 1465 2279 καὶ
1494 2222 1895 2302 προσκρουσάν-

237 2335 345 2368 των
378 2314 550 2370 αὐτῶν
594 2319 672 2387 τῷ
706 2319 845 2392 Θεῷ,
879 2314 925 2368 οἱ
957 2313 1147 2369 ἐθνικοὶ
1193 2313 1462 2393 κατέσχον
1493 2313 1615 2377 τοὺς
1648 2312 1842 2374 τόπους
1879 2328 1891 2341 ·

238 2404 327 2459 καὶ
388 2402 421 2457 ἂ
486 2404 533 2459 οἱ
612 2403 938 2483 πατριάρχαι
1010 2401 1094 2459 διὰ
1157 2402 1254 2471 τὴν
1313 2405 1384 2468 εἰς
1443 2404 1669 2481 Χριστὸν
1724 2403 1897 2458 πίστιν

236 2493 555 2566 ἐκτήσαντο,
618 2500 781 2549 ταῦτα
826 2494 971 2552 αὐτοί
1028 2490 1112 2549 διὰ
1169 2493 1266 2560 τὴν
1317 2489 1621 2550 δυσσέϐειαν
1675 2490 1896 2547 ἀπώλε-

236 2604 356 2641 σαν.
427 2573 603 2637 ’Ὥστε
662 2583 807 2639 οὗδέν
863 2583 1066 2657 καινὸν,
1123 2581 1241 2640 οὑδὲ
1292 2590 1377 2640 νῦν
1410 2584 1452 2638 εἰ
1484 2584 1529 2638 οἱ
1562 2582 1753 2638 ἐθνικοὶ
1784 2581 1896 2637 ἀντὶ

1985 1858 2102 1921 rint
2132 1868 2376 1940 propter
2406 1870 2646 1942 peccata
2676 1882 2783 1924 sua
2800 1863 3014 1940 Judaei,
3061 1876 3116 1928 et
3171 1887 3306 1930 cum
3336 1858 3634 1932 ’oﬂ‘endis-

1982 1957 2116 2009 sent
2149 1954 2360 2019 Deum.
2394 1960 2600 2029 gentes
2658 1952 2895 2014 illorum
2952 1954 3077 2015 loca
3122 1958 3537 2036 possederint:
3578 1968 3637 2022 et

1981 2057 2113 2129 quae
2138 2039 2486 2119 patriarchae
2516 2050 2761 2122 propter
2784 2060 2954 2104 suam
2987 2043 3047 2105 in
3080 2048 3266 2107 Deum
3293 2048 3469 2110 (idem
3506 2068 3636 2129 pos-

1980 2128 2282 2203 sederant,
2322 2149 2390 2191 ea
2418 2130 2503 2191 illi
2555 2141 2796 2213 propter
2853 2133 3220 2214 impietatem
3251 2128 3575 2200 amiserunt
3616 2160 3628 2201 :

1984 2223 2042 2279 et
2072 2217 2152 2279 ita
2186 2218 2333 2279 nihil
2369 2234 2586 2280 noVum
2613 2222 2659 2280 si
2692 2229 2749 2282 et
2789 2241 2947 2284 nunc
2976 2225 3225 2301 gentiles
3268 2244 3373 2305 pro
3408 2228 3632 2290 Judaais

1981 2308 2042 2368 in
2073 2326 2322 2385 regnum
2348 2309 2633 2370 caelorum
2669 2310 2785 2371 sint
2816 2311 3159 2377 inlroducti.
3196 2315 3492 2378 Prtedium
3524 2336 3629 2378 au-

1981 2405 2098 2460 tem
2136 2397 2293 2478 quod
2332 2397 2495 2459 dedit
2522 2398 2703 2460 Jacob
2729 2399 2975 2479 Joseph,
3013 2402 3243 2483 Sycima
3298 2404 3627 2471 dicebatur.

1980 2487 2265 2561 Quoniam
2295 2489 2450 2549 enim
2506 2489 2610 2550 lilii
2663 2489 2846 2551 Jacob
2880 2491 3192 2569 Sycimilas
3224 2494 3626 2574 perdiderant,

1980 2586 2037 2639 et
2066 2578 2359 2640 civitatem
2402 2577 2847 2641 desolaverant:
2884 2598 3012 2640 eam
3066 2590 3272 2662 utpote
3303 2583 3628 2649 desolatam

236 2678 343 2728 τῶν
398 2671 663 2729 Ἰουδαίων
748 2674 1080 2752 εἰσήχθησαν
1167 2673 1239 2737 είς
1300 2674 1397 2739 τὴν
1459 2670 1730 2749 βασιλείαν
1788 2677 1893 2729 τῶν

1983 2674 2144 2748 pater
2175 2668 2233 2728 in
2258 2666 2665 2730 [nereditatem
2700 2667 2821 2728 lilio
2848 2666 3069 2749 Joseph
3094 2671 3261 2732 dedit

243 2764 499 2841 οὐρανῶν.
539 2763 610 2819 Τὸ
641 2761 695 2817 δὲ
726 2763 926 2841 χωρίον
984 2763 1012 2818 ὃ
1068 2759 1262 2819 ἔδωκεν
1323 2759 1514 2819 Ἰακὼϐ
1543 2767 1620 2835 τῷ
1672 2759 1890 2840 Ἰωσὴφ,
1946 2762 2161 2834 Σύκιμα
2219 2757 2453 2837 ἕλεγετο.
2519 2758 2667 2815 Ἐπεὶ
2715 2759 2814 2837 γὰρ
2871 2760 2917 2816 οἱ
2950 2759 3140 2825 παῖδες
3173 2765 3260 2818 τοὺ
3291 2763 3483 2820 Ἰακὼϐ
3508 2768 3628 2830 τοὺς

241 2851 534 2925 Συκιμίτας
566 2850 945 2932 ἀπολέσαντες,
980 2852 1077 2920 τὴν
1109 2850 1266 2909 πόλιν
1297 2851 1685 2929 ’ἐξερημωσαη
1719 2852 1919 2918 ταύτην
1963 2850 2028 2917 δὴ
2054 2850 2151 2915 τὴν
2181 2847 2607 2926 ἐξερημωθεῖσαν
2638 2845 2859 2904 δέδωκεν
2890 2850 2962 2913 εἰς
2994 2848 3194 2925 κλῆρον
3223 2858 3301 2926 τῷ
3345 2850 3543 2935 Ἰωσὴφ
3601 2859 3629 2912 ὁ

236 2943 413 3019 πατήρ
424 2987 438 3002 .

331 3051 355 3086 α
412 3022 468 3089 Ὀ
514 3038 602 3088 οὖν
653 3034 860 3098 Ἰησοῦς
920 3033 1256 3096 κεκοπιακὼς
1306 3031 1367 3087 ἐκ
1420 3034 1518 3099 τῆς
1577 3031 1893 3110 ὁδοιπορίας,

2069 3028 2250 3089 Vsus.
2281 3025 2640 3089 6—8.:Jesus
2671 3044 2813 3105 ergo
2843 3027 3116 3107 fatigatus
3146 3047 3214 3092 ex
3247 3029 3485 3107 itinere,
3520 3053 3621 3097 se-

232 3118 505 3190 ἐκαθέζετο
538 3122 702 3184 οὕτως
748 3121 834 3177 ἐπὶ
881 3127 948 3196 τῇ
992 3128 1170 3199 πηγῇ,
1222 3111 1371 3199 υΩρει
1423 3126 1489 3189 ἦν
1546 3122 1671 3179 ὡσεὶ
1725 3120 1879 3186 ἕκτη.

1983 3116 2150 3180 lebat
2176 3117 2263 3177 sic
2288 3134 2471 3195 super
2526 3117 2768 3178 fontem.
2826 3116 2986 3179 Hora
3038 3129 3164 3181 erat
3210 3118 3401 3183 t‘erme
3429 3132 3618 3205 sexta;

231 3206 506 3289 ’Ἔρχεται
566 3209 698 3288 γυνῆ
755 3210 810 3265 ἐκ
864 3214 964 3277 τῆς
1024 3211 1323 3286 Σαμαρείας
1395 3209 1656 3278 ἀντλῆσαι
1721 3208 1882 3289 ὕδωρ.

1983 3207 2128 3268 venit
2159 3205 2372 3267 mulier
2392 3206 2779 3281 Samaritana,
2808 3216 2872 3268 ut
2900 3207 3170 3268 hauriret
3191 3225 3426 3288 aquam,
3465 3213 3618 3276 Dicit

230 3298 387 3377 Λέγει
446 3303 580 3376 αὖτῇ
640 3302 667 3356 ὁ
728 3299 936 3367 Ἰησοῦς
966 3316 979 3330 ⁸
1032 3301 1135 3365 Δός
1180 3322 1271 3375 μοι
1321 3314 1489 3361 πιεῖν.
1524 3302 1584 3358 Οἱ
1627 3301 1726 3380 γὰρ
1770 3323 1879 3376 μα-

1983 3297 2022 3360 ai
2049 3295 2336 3358 Jesus:Da
2368 3295 2513 3356 mihi
2546 3296 2704 3375 quod
2736 3295 2958 3358 bibam.
2986 3296 3136 3359 Nam
3171 3297 3449 3379 discipuli
3479 3302 3616 3382 ejus

233 3390 388 3455 θηταὶ
447 3393 603 3448 αὐτοϋ
652 3388 1075 3457 ἀπεληλύθεισαν
1119 3391 1192 3455 εἷς
1235 3390 1334 3457 τὴν
1390 3389 1569 3464 πόλιν,
1608 3390 1702 3447 ’ἕνα
1752 3412 1881 3470 τρο-

1983 3385 2235 3448 thieraut
2264 3385 2324 3445 in
2356 3384 2651 3446 civitatem
2683 3392 2745 3446 ut
2764 3385 2929 3447 cibos
2964 3396 3258 3450 emerent.
3293 3412 3313 3444 ι
3378 3388 3618 3471 Fatiga-

235 3479 336 3556 φὰς
396 3479 751 3557 ἀγοράσωσιν.
831 3504 858 3535 n
948 3480 1335 3539 Κεκοπιακὲναι
1408 3484 1500 3536 τὸν
1580 3482 1771 3559 Κύριον
1828 3480 1889 3537 ἐκ

1983 3486 2092 3538 tum
2167 3475 2481 3538 Dominum
2546 3494 2615 3537 ex
2663 3474 2877 3536 itinere
2936 3493 3185 3537 narrans
3233 3480 3613 3557 evangelista,

239 3566 335 3634 τῆς
396 3566 693 3647 ὁδοιπορίας
769 3570 983 3649 φάσκων
1070 3572 1097 3626 ὁ
1170 3568 1577 3649 εὖαγγελιστὴς,
1637 3569 1891 3633 δείκνυσιν

1983 3565 2235 3628 ostendit
2264 3564 2436 3626 nobis
2466 3564 2780 3625 Dominum
2835 3582 2867 3625 a
2923 3564 3076 3627 fastu
3107 3574 3163 3627 et
3193 3584 3394 3628 rerum
3427 3568 3622 3630 abun-

241 3658 379 3730 ἡμῖν
422 3656 535 3732 ἅμα
580 3657 675 3731 μὲν
728 3660 789 3714 τὸ
845 3658 1039 3740 ἄτυφον
1097 3663 1257 3718 αὐτοῦ
1305 3661 1392 3716 καὶ
1436 3658 1714 3735 ἀπέριττον
1763 3659 1897 3732 (οὐδὲ

1983 3655 2181 3717 dantia
2214 3654 2476 3716 alienum
2511 3654 2858 3718 fuisse.Non
2892 3654 3049 3715 enim
3086 3656 3380 3734 jumentis
3410 3658 3624 3720 uteba-

238 3747 341 3823 γὰρ
401 3748 699 3825 ὑποζυγίοις
759 3748 955 3828 ἐχρᾶτο
1029 3751 1160 3827 πρὸς
1233 3749 1328 3817 τὴν
1380 3747 1702 3828 ὁδοιπορίαν,
1762 3749 1897 3807 ἀλλά

239 3836 401 3906 πεζὸς
460 3834 642 3911 ὥδευε,
731 3835 990 3893 παιδεύων
1082 3839 1167 3894 καὶ
1226 3838 1371 3915 ἡμᾶς
1436 3839 1499 3895 τὸ
1559 3838 1637 3913 μη
1681 3836 1895 3894 πολλῶν

235 3920 499 4006 δεῖσθαι),
560 3926 672 4002 ἅμα
716 3924 769 3981 δὲ
818 3929 905 3984 καὶ
948 3928 1009 3984 τὸ
1046 3928 1311 3993 συντόνως
1359 3929 1515 3987 αὐτὸν
1560 3926 1757 3984 ὁδεύειν
1809 3930 1896 3985 καὶ

233 4014 310 4087 μὴ
355 4016 620 4092 ῥᾳθύμως.
657 4015 745 4082 Ἐξ
790 4020 850 4073 οὗ
885 4019 1220 4093 μανθάνομεν
1279 4019 1367 4074 καὶ
1421 4018 1588 4093 ἢμεῖς
1645 4018 1707 4074 τὸ
1759 4020 1894 4095 μετά

230 4105 503 4171 συντονίας
562 4108 647 4163 καὶ
733 4106 1041 4182 ἐπιμελείας
1127 4108 1374 4186 πράττειν
1451 4110 1512 4164 τὸ
1597 4107 1747 4188 ἔργον
1804 4110 1897 4165 τοῦ

233 4199 387 4253 Θεοῦ,
453 4197 523 4251 Τὸ
576 4193 655 4270 δὲ,
721 4224 742 4254 ι
777 4194 1089 4267 Ἐωθέζετο
1147 4196 1308 4278 οὕτω,
1344 4221 1372 4253 n
1419 4198 1671 4275 σημαίνοι
1730 4195 1790 4254 ἂν
1834 4200 1896 4254 τὸ

232 4282 418 4345 ἁπλῶς
463 4285 551 4339 καὶ
594 4287 667 4348 ὼς
711 4284 893 4365 ἔτυχε,
954 4288 1042 4342 καὶ
1100 4285 1180 4344 ὅτι
1226 4287 1321 4343 οὒκ
1373 4289 1461 4344 Eni
1516 4287 1726 4362 θρόνου,
1773 4286 1891 4344 ἀλλ’

234 4369 426 4449 οὕτως,
480 4372 691 4451 ἀφελῶς
750 4372 1024 4455 δηλονότι,

242 4465 424 4536 σῶμα,
459 4464 548 4519 καὶ
576 4462 720 4542 παρά
769 4464 836 4531 τῆ
876 4469 1031 4542 πηγῇ
1085 4463 1377 4545 ἀναψύχων
1423 4466 1572 4523 αὐτό.
1614 4470 1757 4524 Εἶτα
1810 4468 1899 4524 καὶ

238 4550 424 4631 ἑτέραν
486 4554 654 4609 αἰτίαν
729 4554 929 4633 εἰσάγει
988 4560 1081 4611 τοῦ
1138 4558 1396 4622 καθῆσθαι
1454 4558 1612 4614 αὐτὸν
1650 4557 1791 4635 παρᾶ
1836 4562 1901 4632 τῇ

237 4649 420 4721 πηγῇ,
467 4645 529 4699 τὸ
592 4646 735 4701 εἶναι
765 4644 1017 4719 σταθερὰν
1056 4642 1428 4726 μεσημϐρίαν.
1490 4666 1513 4701 (ί
1558 4637 1714 4724 ’Ὦρα
1773 4647 1896 4726 γὰρ,

235 4734 421 4810 φησὶν,
478 4734 544 4801 ἦν
590 4735 717 4790 ὡσεὶ
776 4736 930 4801 ἕκτη.
973 4757 997 4791 ι
1052 4724 1228 4790 εὨστε
1279 4730 1479 4791 καὶδιά
1514 4736 1576 4790 τὸ
1605 4735 1704 4803 τῆς
1757 4724 1898 4815 ὥρας

231 4819 519 4880 θαλπεινὸν
550 4820 724 4880 ἐδεῖτο
776 4824 1121 4889 ἀναπαύσεώς
1156 4846 1212 4880 τε
1274 4824 1360 4881 καὶ
1411 4822 1739 4900 ἀναψύξεως.
1798 4826 1896 4882 Καὶ

234 4906 412 4977 ἄλλως
458 4910 512 4968 δέ
546 4928 561 4943 '
621 4913 713 4969 ἵνα
772 4915 850 4989 μή
906 4937 987 4976 τις
1048 4914 1352 4981 αἰτιάσηται
1400 4916 1489 4971 τὸν
1540 4916 1750 4994 Κύριον,
1784 4920 1896 4979 πῶς

232 5011 356 5064 τοῖς
422 5005 691 5079 μαθηταῖς
736 5006 894 5061 αὒτοῦ
953 5002 1367 5083 ἐγκελευόμενος
1437 5005 1511 5069 εἷς
1561 5003 1678 5060 ὁδὸν
1732 5007 1893 5061 sevo».

233 5088 312 5163 μὴ
371 5091 651 5168 ἀπελθεῖν,
742 5093 900 5159 αὒτὸς
984 5096 1059 5158 εἰς
1135 5095 1469 5174 Σαμαρείτας
1518 5094 1757 5175 ἔρχεται,
1810 5091 1895 5150 διὰ

226 5182 391 5237 τοῦτό
439 5204 627 5263 φησιν,
685 5180 766 5239 ὅτι
822 5186 856 5252 ἡ
912 5184 998 5241 ἐπὶ
1051 5192 1144 5241 τοῦ
1198 5188 1362 5241 τόπου
1406 5183 1628 5265 καθέδρα
1684 5184 1769 5241 διὰ
1810 5186 1900 5240 τὸν

236 5269 405 5327 κόπον
463 5274 673 5353 γέγονε,
719 5276 807 5331 καὶ
850 5272 932 5329 ὅτι
975 5276 1010 5342 ἡ
1070 5276 1204 5354 πρὸς
1262 5275 1361 5342 τὴν
1412 5274 1647 5353 γυναῖκα
1678 5272 1900 5340 διάλεξις

238 5356 454 5444 ξῧλογον
514 5366 670 5443 εἶχεν
729 5363 998 5444 ἀφορμὴν,
1054 5365 1115 5420 τὸ
1174 5362 1351 5440 δίψος.
1413 5365 1563 5421 Ἐπεὶ
1616 5364 1714 5443 γὰρ
1748 5362 1899 5439 ἒδίψα

240 5442 541 5517 ἀκολούθως
578 5442 721 5510 κατά
777 5442 845 5509 ibi
920 5452 1270 5534 ἀνθρώπινον,
1351 5450 1523 5510 ἐδεῖτο
1572 5454 1665 5510 καὶ
1692 5442 1891 5513 ποτοῦ.

238 5538 490 5601 Ζητοῦντι
536 5541 590 5599 δὲ
634 5541 819 5620 ὁμιλεῖ
860 5541 922 5600 τὸ
972 5543 1186 5622 γύναιον
1246 5542 1457 5619 ὁμιλίαν
1501 5544 1689 5623 ψυχῆς
1738 5541 1897 5623 φιλο-

1981 3752 2075 3806 tur
2104 3744 2174 3806 ad
2208 3743 2456 3824 iter,sed
2490 3742 3146 3823 pedesibat,instruens
3174 3745 3352 3806 etiam
3378 3765 3485 3808 nos
3506 3767 3624 3810 non

1980 3833 2179 3896 multis
2212 3853 2358 3914 opus
2392 3832 2888 3912 habere.lnsuper
2914 3832 3337 3913 dicitetipsum
3361 3836 3629 3899 incidere

1978 3935 2311 4001 strenue,et
2342 3945 2457 3987 non
2495 3927 2802 4003 ignaviter.
2838 3925 2922 3986 Ex
2954 3942 3070 4007 quo
3100 3926 3389 3989 discimus
3437 3936 3495 3990 et
3520 3948 3630 3992 nos

1977 4026 2041 4079 ut
2075 4036 2206 4079 cum
2234 4015 2565 4077 constantia
2597 4025 2655 4077 et
2681 4015 2984 4094 diligentia
3014 4014 3301 4077 faciamus
3321 4035 3470 4096 opus
3500 4016 3628 4080 Dei.

1976 4104 2145 4178 Quod
2175 4114 2369 4166 autem
2403 4104 2648 4166 sedebat
2679 4104 2788 4178 sic,
2822 4104 3118 4183 signiﬁcat
3167 4105 3539 4184 simpliciter,
3574 4116 3636 4171 et

1977 4203 2043 4256 ut
2070 4195 2219 4256 forte
2247 4193 2690 4267 obveniebat,et
2720 4212 2839 4254 non
2870 4211 3055 4273 super
3076 4192 3241 4267 sede,
3269 4194 3371 4254 sed
3406 4195 3636 4276 simpli—

1977 4285 2125 4347 citer
2162 4284 2438 4345 videlicet
2459 4301 2640 4363 super
2665 4280 3372 4362 pavimento,rel‘ocillaus
3388 4301 3633 4365 corpus,

1084 4377 1172 4431 επὶ
1228 4375 1445 4458 ἐδάφους
1491 4359 1775 4435 ἀναπαύων
1833 4380 1895 4434 τὸ

1983 4381 2040 4435 et
2064 4373 2219 4453 apud
2243 4372 2463 4434 fontem
2496 4359 2559 4432 se
2590 4359 2894 4433 recreans.
2932 4359 3164 4432 Deinde
3197 4378 3257 4432 et
3285 4370 3459 4431 aliam
3485 4359 3633 4433 can;

1982 4481 2106 4524 sam
2138 4461 2364 4523 inducit
2398 4478 2584 4541 quare
2612 4460 2839 4521 sederit
2867 4457 3021 4539 apud
3053 4458 3449 4521 fontem.Erat
3473 4460 3633 4521 enim

1984 4561 2220 4633 tempus
2251 4551 2669 4613 meridianum:
2687 4549 2875 4610 uHora
2907 4548 3444 4628 enim,inquit,erat
3466 4550 3639 4631 quasi

1983 4654 2192 4705 sexta:
2234 4667 2255 4701 ω
2293 4650 2469 4722 atque
2519 4640 2695 4701 etiam
2726 4648 2969 4720 propter
2999 4639 3163 4699 horae
3194 4638 3451 4700 calorem
3488 4659 3637 4720 opus

1983 4731 2239 4794 habebat
2268 4730 2565 4808 ril‘rigerio
2588 4738 2645 4791 et
2674 4728 3071 4790 recreatione.
3113 4729 3215 4790 Vel
3246 4728 3422 4791 aliter
3466 4729 3633 4805 dicit,

1981 4831 2045 4885 ut
2074 4841 2148 4883 ne
2178 4820 2310 4901 quis
2327 4818 2790 4900 reprehenderit
2816 4817 3637 4900 Dominum,quomodo,cum

1982 4911 2349 4993 praecipisset
2376 4908 2685 4989 discipulis
2716 4916 2779 4970 ut
2805 4927 2878 4973 ne
2893 4910 3043 4969 viam
3068 4914 3333 4986 gentium
3357 4907 3637 4985 ingrede-

1978 5003 2348 5080 rentur,ipse
2379 4999 2453 5060 ad
2486 4999 2898 5062 Samaritanus
2929 5001 3161 5061 venerit
3197 5016 3209 5061 :
3248 4999 3468 5061 idcirco
3497 4998 3644 5059 dicit

1977 5090 2134 5172 quod
2167 5090 2384 5150 sedens
2414 5088 2477 5151 in
2509 5088 2638 5149 loco
2675 5098 2917 5169 propter
2938 5087 3345 5166 fatigationem
3374 5087 3643 5161 luerit,et

1982 5180 2139 5261 quod
2166 5178 2527 5259 colloquium
2551 5196 2685 5238 cum
2710 5177 2963 5239 muliere
2980 5176 3395 5239 rationabilem
3419 5174 3644 5237 habue-

1981 5268 2493 5338 ritcausam,sitim
2510 5266 3049 5339 scilicetQuoniam
3067 5268 3224 5328 enim
3239 5265 3642 5332 sitiebat,con-

1984 5365 2307 5441 sequenter
2330 5358 2588 5419 humano
2616 5374 2781 5417 more
2813 5356 3116 5436 indigebat
3169 5368 3228 5418 et
3262 5362 3421 5437 potu.
3463 5353 3640 5426 Qum-

1982 5448 2138 5511 renti
2158 5455 2356 5510 autem
2375 5446 2636 5509 occurrit
2665 5446 3111 5517 mulier,anima
3140 5445 3414 5509 discendi
3443 5444 3638 5507 avida.

1982 5539 2134 5613 Quid
2160 5539 2345 5618 igitur
2371 5556 2521 5620 opus
2552 5546 2677 5601 erat
2699 5537 2883 5601 facta?
2901 5538 3305 5620 repelleretne
3327 5535 3641 5600 mulierem

312 5692 379 5743 ³ο
402 5699 577 5767 Joon.
610 5719 735 5786 vm,
768 5705 830 5769 6.
917 5704 979 5756 οτ
1010 5705 1220 5770 Matth.
1252 5722 1313 5783 x,
1347 5706 1402 5768 ὅ.
1493 5706 1559 5757 σε
1587 5706 1741 5769 Gen.
1772 5719 1975 5786 κων,
2009 5702 2111 5766 27.
