  <div class='ocr_page' id='page_1' title='image "/cluster/home/n/w/nwhite01/storage/ocr_20150623/123:no.1/coo.31924054870286/623.png"; bbox 0 0 4178 6478; ppageno 0'>
   <div class='ocr_carea' id='block_1_1' title="bbox 544 420 688 486">
    <p class='ocr_par' dir='ltr' id='par_1_1' title="bbox 544 420 688 486">
     <span class='ocr_line' id='line_1_1' title="bbox 544 420 688 486; baseline -0.007 -1"><span class='ocrx_word' id='word_1_1' title='bbox 544 420 688 486; x_wconf 72' lang='grc'><strong>1231</strong></span> 
     </span>
    </p>
   </div>
   <div class='ocr_carea' id='block_1_2' title="bbox 542 644 2189 727">
    <p class='ocr_par' dir='ltr' id='par_1_2' title="bbox 542 644 2189 727">
     <span class='ocr_line' id='line_1_2' title="bbox 542 644 2189 727; baseline 0.002 -20"><span class='ocrx_word' id='word_1_2' title='bbox 542 646 758 727; x_wconf 86' lang='lat' dir='ltr'><strong>quibus</strong></span> <span class='ocrx_word' id='word_1_3' title='bbox 790 645 1114 720; x_wconf 80' lang='lat' dir='ltr'><strong>dubitabat,</strong></span> <span class='ocrx_word' id='word_1_4' title='bbox 1151 654 1216 706; x_wconf 90' lang='lat' dir='ltr'><strong>ut</strong></span> <span class='ocrx_word' id='word_1_5' title='bbox 1248 644 1509 707; x_wconf 85' lang='lat' dir='ltr'><strong>audiret?</strong></span> <span class='ocrx_word' id='word_1_6' title='bbox 1559 644 1749 708; x_wconf 87' lang='lat' dir='ltr'><strong>Absit.</strong></span> <span class='ocrx_word' id='word_1_7' title='bbox 1800 646 1929 708; x_wconf 88' lang='lat' dir='ltr'><strong>Non</strong></span> <span class='ocrx_word' id='word_1_8' title='bbox 1986 648 2189 710; x_wconf 82' lang='lat' dir='ltr'><strong>fuisset</strong></span> 
     </span>
    </p>
   </div>
   <div class='ocr_carea' id='block_1_3' title="bbox 542 735 2185 816">
    <p class='ocr_par' dir='ltr' id='par_1_3' title="bbox 542 735 2185 816">
     <span class='ocr_line' id='line_1_3' title="bbox 542 735 2185 816; baseline 0.002 -19"><span class='ocrx_word' id='word_1_9' title='bbox 542 737 654 797; x_wconf 92' lang='lat' dir='ltr'><strong>hoc</strong></span> <span class='ocrx_word' id='word_1_10' title='bbox 687 736 903 797; x_wconf 63' lang='lat' dir='ltr'><strong>divina;</strong></span> <span class='ocrx_word' id='word_1_11' title='bbox 934 735 1386 798; x_wconf 64' lang='lat' dir='ltr'><strong>misericordias.</strong></span> <span class='ocrx_word' id='word_1_12' title='bbox 1412 735 1564 796; x_wconf 88' lang='lat' dir='ltr'><strong>Vide</strong></span> <span class='ocrx_word' id='word_1_13' title='bbox 1614 746 1838 816; x_wconf 90' lang='lat' dir='ltr'><strong>autem,</strong></span> <span class='ocrx_word' id='word_1_14' title='bbox 1865 757 1991 811; x_wconf 88' lang='lat' dir='ltr'><strong>oro,</strong></span> <span class='ocrx_word' id='word_1_15' title='bbox 2030 748 2087 800; x_wconf 93' lang='lat' dir='ltr'><strong>et</strong></span> <span class='ocrx_word' id='word_1_16' title='bbox 2117 760 2185 800; x_wconf 84' lang='lat' dir='ltr'><strong>ex</strong></span> 
     </span>
    </p>
   </div>
   <div class='ocr_carea' id='block_1_4' title="bbox 542 824 2188 908">
    <p class='ocr_par' dir='ltr' id='par_1_4' title="bbox 542 824 2188 908">
     <span class='ocr_line' id='line_1_4' title="bbox 542 824 2188 908; baseline 0.002 -21"><span class='ocrx_word' id='word_1_17' title='bbox 542 828 652 887; x_wconf 90' lang='lat' dir='ltr'><strong>hoc</strong></span> <span class='ocrx_word' id='word_1_18' title='bbox 685 844 856 908; x_wconf 91' lang='lat' dir='ltr'><strong>quam</strong></span> <span class='ocrx_word' id='word_1_19' title='bbox 901 826 1105 906; x_wconf 84' lang='lat' dir='ltr'><strong>procul</strong></span> <span class='ocrx_word' id='word_1_20' title='bbox 1154 843 1187 885; x_wconf 92' lang='lat' dir='ltr'><strong>a</strong></span> <span class='ocrx_word' id='word_1_21' title='bbox 1240 825 1387 886; x_wconf 84' lang='lat' dir='ltr'><strong>fastu</strong></span> <span class='ocrx_word' id='word_1_22' title='bbox 1438 824 1616 888; x_wconf 85' lang='lat' dir='ltr'><strong>fuerit</strong></span> <span class='ocrx_word' id='word_1_23' title='bbox 1666 825 1976 889; x_wconf 85' lang='lat' dir='ltr'><strong>Dominus.</strong></span> <span class='ocrx_word' id='word_1_24' title='bbox 2014 829 2188 891; x_wconf 90' lang='lat' dir='ltr'><strong>Solus</strong></span> 
     </span>
    </p>
   </div>
   <div class='ocr_carea' id='block_1_5' title="bbox 539 914 2189 995">
    <p class='ocr_par' dir='ltr' id='par_1_5' title="bbox 539 914 2189 995">
     <span class='ocr_line' id='line_1_5' title="bbox 539 914 2189 995; baseline 0.001 -18"><span class='ocrx_word' id='word_1_25' title='bbox 539 916 699 977; x_wconf 91' lang='lat' dir='ltr'><strong>enim</strong></span> <span class='ocrx_word' id='word_1_26' title='bbox 727 915 1084 995; x_wconf 88' lang='lat' dir='ltr'><strong>relinquitur</strong></span> <span class='ocrx_word' id='word_1_27' title='bbox 1114 914 1173 975; x_wconf 87' lang='lat' dir='ltr'><strong>in</strong></span> <span class='ocrx_word' id='word_1_28' title='bbox 1205 914 1320 986; x_wconf 83' lang='lat' dir='ltr'><strong>via,</strong></span> <span class='ocrx_word' id='word_1_29' title='bbox 1357 934 1492 975; x_wconf 92' lang='lat' dir='ltr'><strong>cum</strong></span> <span class='ocrx_word' id='word_1_30' title='bbox 1540 915 1819 995; x_wconf 83' lang='lat' dir='ltr'><strong>discipuli</strong></span> <span class='ocrx_word' id='word_1_31' title='bbox 1868 915 2189 980; x_wconf 76' lang='lat' dir='ltr'><strong>aliivissent</strong></span> 
     </span>
    </p>
   </div>
   <div class='ocr_carea' id='block_1_6' title="bbox 537 1003 2184 1085">
    <p class='ocr_par' dir='ltr' id='par_1_6' title="bbox 537 1003 2184 1085">
     <span class='ocr_line' id='line_1_6' title="bbox 537 1003 2184 1085; baseline 0.002 -20"><span class='ocrx_word' id='word_1_32' title='bbox 537 1006 598 1066; x_wconf 90' lang='lat' dir='ltr'><strong>in</strong></span> <span class='ocrx_word' id='word_1_33' title='bbox 631 1005 925 1068; x_wconf 88' lang='lat' dir='ltr'><strong>civitatem</strong></span> <span class='ocrx_word' id='word_1_34' title='bbox 950 1012 1012 1065; x_wconf 96' lang='lat' dir='ltr'><strong>ut</strong></span> <span class='ocrx_word' id='word_1_35' title='bbox 1033 1016 1303 1066; x_wconf 88' lang='lat' dir='ltr'><strong>emerent</strong></span> <span class='ocrx_word' id='word_1_36' title='bbox 1326 1003 1838 1085; x_wconf 87' lang='lat' dir='ltr'><strong>alimenta.Usque</strong></span> <span class='ocrx_word' id='word_1_37' title='bbox 1861 1007 2008 1069; x_wconf 92' lang='lat' dir='ltr'><strong>adeo</strong></span> <span class='ocrx_word' id='word_1_38' title='bbox 2026 1009 2184 1068; x_wconf 92' lang='lat' dir='ltr'><strong>enim</strong></span> 
     </span>
    </p>
   </div>
   <div class='ocr_carea' id='block_1_7' title="bbox 538 1094 2187 1177">
    <p class='ocr_par' dir='ltr' id='par_1_7' title="bbox 538 1094 2187 1177">
     <span class='ocr_line' id='line_1_7' title="bbox 538 1094 2187 1177; baseline 0.002 -22"><span class='ocrx_word' id='word_1_39' title='bbox 538 1095 756 1157; x_wconf 85' lang='lat' dir='ltr'><strong>nullam</strong></span> <span class='ocrx_word' id='word_1_40' title='bbox 809 1114 1009 1157; x_wconf 91' lang='lat' dir='ltr'><strong>curam</strong></span> <span class='ocrx_word' id='word_1_41' title='bbox 1065 1099 1294 1155; x_wconf 89' lang='lat' dir='ltr'><strong>ventris</strong></span> <span class='ocrx_word' id='word_1_42' title='bbox 1346 1094 1626 1173; x_wconf 83' lang='lat' dir='ltr'><strong>agebant,</strong></span> <span class='ocrx_word' id='word_1_43' title='bbox 1662 1105 1723 1155; x_wconf 83' lang='lat' dir='ltr'><strong>ut</strong></span> <span class='ocrx_word' id='word_1_44' title='bbox 1754 1114 1870 1175; x_wconf 89' lang='lat' dir='ltr'><strong>quo</strong></span> <span class='ocrx_word' id='word_1_45' title='bbox 1920 1105 2187 1177; x_wconf 90' lang='lat' dir='ltr'><strong>tempore</strong></span> 
     </span>
    </p>
   </div>
   <div class='ocr_carea' id='block_1_8' title="bbox 537 1184 2185 1265">
    <p class='ocr_par' dir='ltr' id='par_1_8' title="bbox 537 1184 2185 1265">
     <span class='ocr_line' id='line_1_8' title="bbox 537 1184 2185 1265; baseline 0.002 -19"><span class='ocrx_word' id='word_1_46' title='bbox 537 1186 726 1247; x_wconf 80' lang='lat' dir='ltr'><strong>ferme</strong></span> <span class='ocrx_word' id='word_1_47' title='bbox 761 1203 1024 1246; x_wconf 90' lang='lat' dir='ltr'><strong>omnesa</strong></span> <span class='ocrx_word' id='word_1_48' title='bbox 1061 1184 1310 1265; x_wconf 86' lang='lat' dir='ltr'><strong>prandio</strong></span> <span class='ocrx_word' id='word_1_49' title='bbox 1333 1184 1659 1265; x_wconf 81' lang='lat' dir='ltr'><strong>dormiunt,</strong></span> <span class='ocrx_word' id='word_1_50' title='bbox 1694 1185 1781 1246; x_wconf 91' lang='lat' dir='ltr'><strong>illi</strong></span> <span class='ocrx_word' id='word_1_51' title='bbox 1821 1186 1986 1248; x_wconf 90' lang='lat' dir='ltr'><strong>cibos</strong></span> <span class='ocrx_word' id='word_1_52' title='bbox 2017 1205 2185 1250; x_wconf 76' lang='lat' dir='ltr'><strong>eme-</strong></span> 
     </span>
    </p>
   </div>
   <div class='ocr_carea' id='block_1_9' title="bbox 539 1274 2183 1356">
    <p class='ocr_par' dir='ltr' id='par_1_9' title="bbox 539 1274 2183 1356">
     <span class='ocr_line' id='line_1_9' title="bbox 539 1274 2183 1356; baseline 0.002 -20"><span class='ocrx_word' id='word_1_53' title='bbox 539 1284 762 1351; x_wconf 88' lang='lat' dir='ltr'><strong>rent,et</strong></span> <span class='ocrx_word' id='word_1_54' title='bbox 795 1293 978 1356; x_wconf 90' lang='lat' dir='ltr'><strong>panes</strong></span> <span class='ocrx_word' id='word_1_55' title='bbox 1000 1274 1279 1336; x_wconf 77' lang='lat' dir='ltr'><strong>duntaxat</strong></span> <span class='ocrx_word' id='word_1_56' title='bbox 1306 1292 1318 1335; x_wconf 93' lang='lat'>:</span> <span class='ocrx_word' id='word_1_57' title='bbox 1357 1281 1418 1333; x_wconf 87' lang='lat' dir='ltr'><strong>ut</strong></span> <span class='ocrx_word' id='word_1_58' title='bbox 1441 1286 1497 1334; x_wconf 92' lang='lat' dir='ltr'><strong>et</strong></span> <span class='ocrx_word' id='word_1_59' title='bbox 1528 1294 1634 1337; x_wconf 83' lang='lat' dir='ltr'><strong>nos</strong></span> <span class='ocrx_word' id='word_1_60' title='bbox 1666 1275 1965 1337; x_wconf 90' lang='lat' dir='ltr'><strong>discamus</strong></span> <span class='ocrx_word' id='word_1_61' title='bbox 1986 1276 2183 1339; x_wconf 89' lang='lat' dir='ltr'><strong>varie-</strong></span> 
     </span>
    </p>
   </div>
   <div class='ocr_carea' id='block_1_10' title="bbox 539 1362 2184 1446">
    <p class='ocr_par' dir='ltr' id='par_1_10' title="bbox 539 1362 2184 1446">
     <span class='ocr_line' id='line_1_10' title="bbox 539 1362 2184 1446; baseline 0.001 -21"><span class='ocrx_word' id='word_1_62' title='bbox 539 1374 715 1427; x_wconf 87' lang='lat' dir='ltr'><strong>tatem</strong></span> <span class='ocrx_word' id='word_1_63' title='bbox 751 1364 1021 1426; x_wconf 90' lang='lat' dir='ltr'><strong>ciborum</strong></span> <span class='ocrx_word' id='word_1_64' title='bbox 1067 1363 1227 1443; x_wconf 88' lang='lat' dir='ltr'><strong>parvi</strong></span> <span class='ocrx_word' id='word_1_65' title='bbox 1259 1362 1478 1426; x_wconf 85' lang='lat' dir='ltr'><strong>facere.</strong></span> <span class='ocrx_word' id='word_1_66' title='bbox 1513 1363 1665 1425; x_wconf 86' lang='lat' dir='ltr'><strong>Vide</strong></span> <span class='ocrx_word' id='word_1_67' title='bbox 1694 1364 1969 1446; x_wconf 89' lang='lat' dir='ltr'><strong>obsecro,</strong></span> <span class='ocrx_word' id='word_1_68' title='bbox 2004 1374 2061 1427; x_wconf 93' lang='lat' dir='ltr'><strong>et</strong></span> <span class='ocrx_word' id='word_1_69' title='bbox 2092 1367 2184 1427; x_wconf 90' lang='lat' dir='ltr'><strong>di-</strong></span> 
     </span>
    </p>
   </div>
   <div class='ocr_carea' id='block_1_11' title="bbox 538 1452 2181 1534">
    <p class='ocr_par' dir='ltr' id='par_1_11' title="bbox 538 1452 2181 1534">
     <span class='ocr_line' id='line_1_11' title="bbox 538 1452 2181 1534; baseline 0 -18"><span class='ocrx_word' id='word_1_70' title='bbox 538 1456 841 1534; x_wconf 87' lang='lat' dir='ltr'><strong>ligentiam</strong></span> <span class='ocrx_word' id='word_1_71' title='bbox 875 1452 1273 1534; x_wconf 78' lang='lat' dir='ltr'><strong>evangelistae.</strong></span> <span class='ocrx_word' id='word_1_72' title='bbox 1304 1452 1446 1512; x_wconf 75' lang='grc'><strong>554</strong></span> <span class='ocrx_word' id='word_1_73' title='bbox 1471 1452 1673 1533; x_wconf 84' lang='lat' dir='ltr'><strong>Neque</strong></span> <span class='ocrx_word' id='word_1_74' title='bbox 1705 1454 1863 1515; x_wconf 89' lang='lat' dir='ltr'><strong>enim</strong></span> <span class='ocrx_word' id='word_1_75' title='bbox 1915 1455 2062 1516; x_wconf 83' lang='lat' dir='ltr'><strong>dixit</strong></span> <span class='ocrx_word' id='word_1_76' title='bbox 2091 1457 2181 1516; x_wconf 81' lang='lat' dir='ltr'><strong>af-</strong></span> 
     </span>
    </p>
   </div>
   <div class='ocr_carea' id='block_1_12' title="bbox 537 1541 2185 1619">
    <p class='ocr_par' dir='ltr' id='par_1_12' title="bbox 537 1541 2185 1619">
     <span class='ocr_line' id='line_1_12' title="bbox 537 1541 2185 1619; baseline -0.001 -13"><span class='ocrx_word' id='word_1_77' title='bbox 537 1541 1017 1619; x_wconf 83' lang='lat' dir='ltr'><strong>ﬁrmative,Hora</strong></span> <span class='ocrx_word' id='word_1_78' title='bbox 1050 1552 1176 1605; x_wconf 91' lang='lat' dir='ltr'><strong>erat</strong></span> <span class='ocrx_word' id='word_1_79' title='bbox 1200 1551 1390 1617; x_wconf 80' lang='lat' dir='ltr'><strong>sexta,</strong></span> <span class='ocrx_word' id='word_1_80' title='bbox 1425 1543 1527 1605; x_wconf 88' lang='lat' dir='ltr'><strong>sed</strong></span> <span class='ocrx_word' id='word_1_81' title='bbox 1562 1552 1623 1604; x_wconf 91' lang='lat' dir='ltr'><strong>ut</strong></span> <span class='ocrx_word' id='word_1_82' title='bbox 1658 1545 1850 1605; x_wconf 90' lang='lat' dir='ltr'><strong>minus</strong></span> <span class='ocrx_word' id='word_1_83' title='bbox 1872 1563 1905 1605; x_wconf 92' lang='lat' dir='ltr'><strong>a</strong></span> <span class='ocrx_word' id='word_1_84' title='bbox 1936 1545 2185 1608; x_wconf 79' lang='lat' dir='ltr'><strong>veritate</strong></span> 
     </span>
    </p>
   </div>
   <div class='ocr_carea' id='block_1_13' title="bbox 537 1633 2184 1714">
    <p class='ocr_par' dir='ltr' id='par_1_13' title="bbox 537 1633 2184 1714">
     <span class='ocr_line' id='line_1_13' title="bbox 537 1633 2184 1714; baseline -0.001 -17"><span class='ocrx_word' id='word_1_85' title='bbox 537 1634 793 1714; x_wconf 89' lang='lat' dir='ltr'><strong>excidat,</strong></span> <span class='ocrx_word' id='word_1_86' title='bbox 826 1634 1017 1696; x_wconf 84' lang='lat' dir='ltr'><strong>ferme</strong></span> <span class='ocrx_word' id='word_1_87' title='bbox 1045 1641 1230 1713; x_wconf 87' lang='lat' dir='ltr'><strong>sexta,</strong></span> <span class='ocrx_word' id='word_1_88' title='bbox 1257 1633 1470 1713; x_wconf 88' lang='lat' dir='ltr'><strong>inquit,</strong></span> <span class='ocrx_word' id='word_1_89' title='bbox 1504 1652 1778 1696; x_wconf 90' lang='lat' dir='ltr'><strong>securum</strong></span> <span class='ocrx_word' id='word_1_90' title='bbox 1803 1633 2026 1701; x_wconf 73' lang='lat' dir='ltr'><strong>faciens</strong></span> <span class='ocrx_word' id='word_1_91' title='bbox 2050 1654 2184 1697; x_wconf 88' lang='lat' dir='ltr'><strong>ser-</strong></span> 
     </span>
    </p>
   </div>
   <div class='ocr_carea' id='block_1_14' title="bbox 534 1743 796 1786">
    <p class='ocr_par' dir='ltr' id='par_1_14' title="bbox 534 1743 796 1786">
     <span class='ocr_line' id='line_1_14' title="bbox 534 1743 796 1786; baseline -0.004 -1"><span class='ocrx_word' id='word_1_92' title='bbox 534 1743 796 1786; x_wconf 89' lang='lat' dir='ltr'><strong>monem.</strong></span> 
     </span>
    </p>
   </div>
   <div class='ocr_carea' id='block_1_15' title="bbox 612 1904 2179 1979">
    <p class='ocr_par' dir='ltr' id='par_1_15' title="bbox 612 1904 2179 1979">
     <span class='ocr_line' id='line_1_15' title="bbox 612 1904 2179 1979; baseline -0.001 -9"><span class='ocrx_word' id='word_1_93' title='bbox 612 1905 1179 1972; x_wconf 72' lang='lat' dir='ltr'><strong>Vens.9-Il.«Dicit</strong></span> <span class='ocrx_word' id='word_1_94' title='bbox 1208 1904 1296 1967; x_wconf 90' lang='lat' dir='ltr'><strong>illi</strong></span> <span class='ocrx_word' id='word_1_95' title='bbox 1327 1905 1544 1967; x_wconf 89' lang='lat' dir='ltr'><strong>mulier</strong></span> <span class='ocrx_word' id='word_1_96' title='bbox 1573 1906 1980 1969; x_wconf 87' lang='lat' dir='ltr'><strong>Samaritana:</strong></span> <span class='ocrx_word' id='word_1_97' title='bbox 2016 1907 2179 1979; x_wconf 87' lang='lat' dir='ltr'><strong>Quo-</strong></span> 
     </span>
    </p>
   </div>
   <div class='ocr_carea' id='block_1_16' title="bbox 529 1995 2183 2077">
    <p class='ocr_par' dir='ltr' id='par_1_16' title="bbox 529 1995 2183 2077">
     <span class='ocr_line' id='line_1_16' title="bbox 529 1995 2183 2077; baseline -0.001 -18"><span class='ocrx_word' id='word_1_98' title='bbox 529 1999 705 2061; x_wconf 90' lang='lat' dir='ltr'><strong>modo</strong></span> <span class='ocrx_word' id='word_1_99' title='bbox 738 1996 1069 2071; x_wconf 77' lang='lat' dir='ltr'><strong>tu,Judaeus</strong></span> <span class='ocrx_word' id='word_1_100' title='bbox 1090 2014 1223 2057; x_wconf 89' lang='lat' dir='ltr'><strong>cum</strong></span> <span class='ocrx_word' id='word_1_101' title='bbox 1257 1995 1367 2069; x_wconf 89' lang='lat' dir='ltr'><strong>sis,</strong></span> <span class='ocrx_word' id='word_1_102' title='bbox 1394 2002 1597 2075; x_wconf 91' lang='lat' dir='ltr'><strong>potum</strong></span> <span class='ocrx_word' id='word_1_103' title='bbox 1629 2013 1663 2057; x_wconf 88' lang='lat' dir='ltr'><strong>a</strong></span> <span class='ocrx_word' id='word_1_104' title='bbox 1686 2013 1780 2057; x_wconf 90' lang='lat' dir='ltr'><strong>me</strong></span> <span class='ocrx_word' id='word_1_105' title='bbox 1812 1995 2028 2076; x_wconf 89' lang='lat' dir='ltr'><strong>poscis,</strong></span> <span class='ocrx_word' id='word_1_106' title='bbox 2055 2015 2183 2077; x_wconf 77' lang='lat' dir='ltr'><strong>quae</strong></span> 
     </span>
    </p>
   </div>
   <div class='ocr_carea' id='block_1_17' title="bbox 526 2083 2181 2151">
    <p class='ocr_par' dir='ltr' id='par_1_17' title="bbox 526 2083 2181 2151">
     <span class='ocr_line' id='line_1_17' title="bbox 526 2083 2181 2151; baseline -0.004 0"><span class='ocrx_word' id='word_1_107' title='bbox 526 2108 655 2151; x_wconf 90' lang='lat' dir='ltr'><strong>sum</strong></span> <span class='ocrx_word' id='word_1_108' title='bbox 691 2088 901 2149; x_wconf 87' lang='lat' dir='ltr'><strong>mulier</strong></span> <span class='ocrx_word' id='word_1_109' title='bbox 932 2084 1324 2149; x_wconf 81' lang='lat' dir='ltr'><strong>Samaritana?</strong></span> <span class='ocrx_word' id='word_1_110' title='bbox 1352 2083 1480 2146; x_wconf 90' lang='lat' dir='ltr'><strong>Non</strong></span> <span class='ocrx_word' id='word_1_111' title='bbox 1531 2084 1691 2146; x_wconf 91' lang='lat' dir='ltr'><strong>enim</strong></span> <span class='ocrx_word' id='word_1_112' title='bbox 1754 2086 2181 2147; x_wconf 90' lang='lat' dir='ltr'><strong>commercium</strong></span> 
     </span>
    </p>
   </div>
   <div class='ocr_carea' id='block_1_18' title="bbox 525 2170 2203 2255">
    <p class='ocr_par' dir='ltr' id='par_1_18' title="bbox 525 2170 2203 2255">
     <span class='ocr_line' id='line_1_18' title="bbox 525 2170 2203 2255; baseline -0.002 -14"><span class='ocrx_word' id='word_1_113' title='bbox 525 2177 748 2241; x_wconf 88' lang='lat' dir='ltr'><strong>habent</strong></span> <span class='ocrx_word' id='word_1_114' title='bbox 777 2176 961 2237; x_wconf 85' lang='lat' dir='ltr'><strong>Judaei</strong></span> <span class='ocrx_word' id='word_1_115' title='bbox 984 2196 1116 2238; x_wconf 91' lang='lat' dir='ltr'><strong>cum</strong></span> <span class='ocrx_word' id='word_1_116' title='bbox 1143 2174 1891 2255; x_wconf 60' lang='lat' dir='ltr'><strong>Samaritauisﬁespondit</strong></span> <span class='ocrx_word' id='word_1_117' title='bbox 1925 2170 2203 2251; x_wconf 86' lang='lat' dir='ltr'><strong>Jesus,et</strong></span> 
     </span>
    </p>
   </div>
   <div class='ocr_carea' id='block_1_19' title="bbox 525 2264 2186 2346">
    <p class='ocr_par' dir='ltr' id='par_1_19' title="bbox 525 2264 2186 2346">
     <span class='ocr_line' id='line_1_19' title="bbox 525 2264 2186 2346; baseline -0.003 -16"><span class='ocrx_word' id='word_1_118' title='bbox 525 2268 672 2330; x_wconf 86' lang='lat' dir='ltr'><strong>dixit</strong></span> <span class='ocrx_word' id='word_1_119' title='bbox 697 2268 789 2329; x_wconf 91' lang='lat' dir='ltr'><strong>ei:</strong></span> <span class='ocrx_word' id='word_1_120' title='bbox 815 2265 877 2329; x_wconf 92' lang='lat' dir='ltr'><strong>Si</strong></span> <span class='ocrx_word' id='word_1_121' title='bbox 910 2268 1097 2329; x_wconf 87' lang='lat' dir='ltr'><strong>scires</strong></span> <span class='ocrx_word' id='word_1_122' title='bbox 1121 2266 1344 2327; x_wconf 91' lang='lat' dir='ltr'><strong>donum</strong></span> <span class='ocrx_word' id='word_1_123' title='bbox 1368 2264 1495 2340; x_wconf 89' lang='lat' dir='ltr'><strong>Dei,</strong></span> <span class='ocrx_word' id='word_1_124' title='bbox 1532 2274 1588 2326; x_wconf 92' lang='lat' dir='ltr'><strong>et</strong></span> <span class='ocrx_word' id='word_1_125' title='bbox 1619 2267 1751 2346; x_wconf 92' lang='lat' dir='ltr'><strong>quis</strong></span> <span class='ocrx_word' id='word_1_126' title='bbox 1782 2266 1866 2327; x_wconf 89' lang='lat' dir='ltr'><strong>sit</strong></span> <span class='ocrx_word' id='word_1_127' title='bbox 1889 2265 1989 2346; x_wconf 92' lang='lat' dir='ltr'><strong>qui</strong></span> <span class='ocrx_word' id='word_1_128' title='bbox 2040 2265 2186 2327; x_wconf 80' lang='lat' dir='ltr'><strong>dicit</strong></span> 
     </span>
    </p>
   </div>
   <div class='ocr_carea' id='block_1_20' title="bbox 525 2356 2184 2437">
    <p class='ocr_par' dir='ltr' id='par_1_20' title="bbox 525 2356 2184 2437">
     <span class='ocr_line' id='line_1_20' title="bbox 525 2356 2184 2437; baseline 0 -18"><span class='ocrx_word' id='word_1_129' title='bbox 525 2359 651 2431; x_wconf 90' lang='lat' dir='ltr'><strong>tibi,</strong></span> <span class='ocrx_word' id='word_1_130' title='bbox 682 2358 765 2420; x_wconf 93' lang='lat' dir='ltr'><strong>Da</strong></span> <span class='ocrx_word' id='word_1_131' title='bbox 800 2358 945 2419; x_wconf 91' lang='lat' dir='ltr'><strong>mihi</strong></span> <span class='ocrx_word' id='word_1_132' title='bbox 974 2358 1127 2437; x_wconf 85' lang='lat' dir='ltr'><strong>quod</strong></span> <span class='ocrx_word' id='word_1_133' title='bbox 1158 2356 1379 2430; x_wconf 86' lang='lat' dir='ltr'><strong>bibam,</strong></span> <span class='ocrx_word' id='word_1_134' title='bbox 1413 2366 1473 2417; x_wconf 90' lang='lat' dir='ltr'><strong>tu</strong></span> <span class='ocrx_word' id='word_1_135' title='bbox 1506 2357 1762 2437; x_wconf 88' lang='lat' dir='ltr'><strong>petisses</strong></span> <span class='ocrx_word' id='word_1_136' title='bbox 1787 2356 1859 2417; x_wconf 90' lang='lat' dir='ltr'><strong>ab</strong></span> <span class='ocrx_word' id='word_1_137' title='bbox 1894 2357 2184 2429; x_wconf 87' lang='lat' dir='ltr'><strong>eo,etde-</strong></span> 
     </span>
    </p>
   </div>
   <div class='ocr_carea' id='block_1_21' title="bbox 522 2446 2179 2528">
    <p class='ocr_par' dir='ltr' id='par_1_21' title="bbox 522 2446 2179 2528">
     <span class='ocr_line' id='line_1_21' title="bbox 522 2446 2179 2528; baseline -0.002 -17"><span class='ocrx_word' id='word_1_138' title='bbox 522 2450 711 2512; x_wconf 90' lang='lat' dir='ltr'><strong>disset</strong></span> <span class='ocrx_word' id='word_1_139' title='bbox 742 2448 847 2509; x_wconf 92' lang='lat' dir='ltr'><strong>tibi</strong></span> <span class='ocrx_word' id='word_1_140' title='bbox 879 2465 1090 2528; x_wconf 86' lang='lat' dir='ltr'><strong>aquam</strong></span> <span class='ocrx_word' id='word_1_141' title='bbox 1121 2446 1501 2509; x_wconf 88' lang='lat' dir='ltr'><strong>vivam.Dicit</strong></span> <span class='ocrx_word' id='word_1_142' title='bbox 1528 2447 1580 2507; x_wconf 93' lang='lat' dir='ltr'><strong>ei</strong></span> <span class='ocrx_word' id='word_1_143' title='bbox 1616 2448 1833 2509; x_wconf 87' lang='lat' dir='ltr'><strong>mulier</strong></span> <span class='ocrx_word' id='word_1_144' title='bbox 1860 2469 1873 2504; x_wconf 89' lang='lat'>:</span> <span class='ocrx_word' id='word_1_145' title='bbox 1904 2446 2179 2521; x_wconf 89' lang='lat' dir='ltr'><strong>Domine,</strong></span> 
     </span>
    </p>
   </div>
   <div class='ocr_carea' id='block_1_22' title="bbox 524 2538 2175 2622">
    <p class='ocr_par' dir='ltr' id='par_1_22' title="bbox 524 2538 2175 2622">
     <span class='ocr_line' id='line_1_22' title="bbox 524 2538 2175 2622; baseline -0.003 -18"><span class='ocrx_word' id='word_1_146' title='bbox 524 2560 720 2622; x_wconf 86' lang='lat' dir='ltr'><strong>neque</strong></span> <span class='ocrx_word' id='word_1_147' title='bbox 741 2560 857 2621; x_wconf 87' lang='lat' dir='ltr'><strong>quo</strong></span> <span class='ocrx_word' id='word_1_148' title='bbox 882 2540 1120 2601; x_wconf 90' lang='lat' dir='ltr'><strong>haurias</strong></span> <span class='ocrx_word' id='word_1_149' title='bbox 1152 2538 1427 2609; x_wconf 86' lang='lat' dir='ltr'><strong>hahes,et</strong></span> <span class='ocrx_word' id='word_1_150' title='bbox 1457 2547 1671 2619; x_wconf 91' lang='lat' dir='ltr'><strong>puteus</strong></span> <span class='ocrx_word' id='word_1_151' title='bbox 1703 2539 2036 2619; x_wconf 86' lang='lat' dir='ltr'><strong>profundus</strong></span> <span class='ocrx_word' id='word_1_152' title='bbox 2066 2548 2175 2600; x_wconf 90' lang='lat' dir='ltr'><strong>est:</strong></span> 
     </span>
    </p>
   </div>
   <div class='ocr_carea' id='block_1_23' title="bbox 523 2630 2180 2715">
    <p class='ocr_par' dir='ltr' id='par_1_23' title="bbox 523 2630 2180 2715">
     <span class='ocr_line' id='line_1_23' title="bbox 523 2630 2180 2715; baseline -0.001 -19"><span class='ocrx_word' id='word_1_153' title='bbox 523 2637 685 2696; x_wconf 91' lang='lat' dir='ltr'><strong>unde</strong></span> <span class='ocrx_word' id='word_1_154' title='bbox 710 2652 849 2711; x_wconf 88' lang='lat' dir='ltr'><strong>ergo</strong></span> <span class='ocrx_word' id='word_1_155' title='bbox 883 2632 1068 2693; x_wconf 86' lang='lat' dir='ltr'><strong>habes</strong></span> <span class='ocrx_word' id='word_1_156' title='bbox 1098 2648 1311 2711; x_wconf 85' lang='lat' dir='ltr'><strong>aquam</strong></span> <span class='ocrx_word' id='word_1_157' title='bbox 1334 2631 1494 2715; x_wconf 83' lang='lat' dir='ltr'><strong>illam</strong></span> <span class='ocrx_word' id='word_1_158' title='bbox 1519 2631 1741 2693; x_wconf 81' lang='lat' dir='ltr'><strong>vivam?</strong></span> <span class='ocrx_word' id='word_1_159' title='bbox 1776 2655 1801 2686; x_wconf 71' lang='grc' dir='ltr'>ι»</span> <span class='ocrx_word' id='word_1_160' title='bbox 1850 2630 1938 2693; x_wconf 85' lang='lat' dir='ltr'><strong>Ab</strong></span> <span class='ocrx_word' id='word_1_161' title='bbox 1971 2632 2180 2694; x_wconf 88' lang='lat' dir='ltr'><strong>habitu</strong></span> 
     </span>
    </p>
   </div>
   <div class='ocr_carea' id='block_1_24' title="bbox 521 2720 2178 2801">
    <p class='ocr_par' dir='ltr' id='par_1_24' title="bbox 521 2720 2178 2801">
     <span class='ocr_line' id='line_1_24' title="bbox 521 2720 2178 2801; baseline -0.003 -14"><span class='ocrx_word' id='word_1_162' title='bbox 521 2735 579 2787; x_wconf 90' lang='lat' dir='ltr'><strong>et</strong></span> <span class='ocrx_word' id='word_1_163' title='bbox 610 2732 774 2785; x_wconf 88' lang='lat' dir='ltr'><strong>veste</strong></span> <span class='ocrx_word' id='word_1_164' title='bbox 797 2721 1068 2793; x_wconf 83' lang='lat' dir='ltr'><strong>forsitan,</strong></span> <span class='ocrx_word' id='word_1_165' title='bbox 1097 2728 1155 2780; x_wconf 94' lang='lat' dir='ltr'><strong>et</strong></span> <span class='ocrx_word' id='word_1_166' title='bbox 1185 2720 1301 2781; x_wconf 86' lang='lat' dir='ltr'><strong>alia</strong></span> <span class='ocrx_word' id='word_1_167' title='bbox 1330 2720 1598 2800; x_wconf 87' lang='lat' dir='ltr'><strong>corporis</strong></span> <span class='ocrx_word' id='word_1_168' title='bbox 1644 2721 1855 2801; x_wconf 83' lang='lat' dir='ltr'><strong>forma,</strong></span> <span class='ocrx_word' id='word_1_169' title='bbox 1880 2728 1939 2782; x_wconf 92' lang='lat' dir='ltr'><strong>et</strong></span> <span class='ocrx_word' id='word_1_170' title='bbox 1988 2721 2178 2782; x_wconf 89' lang='lat' dir='ltr'><strong>collo-</strong></span> 
     </span>
    </p>
   </div>
   <div class='ocr_carea' id='block_1_25' title="bbox 520 2807 2179 2895">
    <p class='ocr_par' dir='ltr' id='par_1_25' title="bbox 520 2807 2179 2895">
     <span class='ocr_line' id='line_1_25' title="bbox 520 2807 2179 2895; baseline -0.001 -20"><span class='ocrx_word' id='word_1_171' title='bbox 520 2814 657 2895; x_wconf 93' lang='lat' dir='ltr'><strong>quio</strong></span> <span class='ocrx_word' id='word_1_172' title='bbox 687 2813 815 2889; x_wconf 89' lang='lat' dir='ltr'><strong>ipso</strong></span> <span class='ocrx_word' id='word_1_173' title='bbox 850 2809 1206 2870; x_wconf 77' lang='lat' dir='ltr'><strong>existimavit</strong></span> <span class='ocrx_word' id='word_1_174' title='bbox 1224 2807 1591 2871; x_wconf 86' lang='lat' dir='ltr'><strong>Samaritana</strong></span> <span class='ocrx_word' id='word_1_175' title='bbox 1615 2808 1883 2872; x_wconf 83' lang='lat' dir='ltr'><strong>Judaeum</strong></span> <span class='ocrx_word' id='word_1_176' title='bbox 1908 2828 2044 2872; x_wconf 92' lang='lat' dir='ltr'><strong>esse</strong></span> <span class='ocrx_word' id='word_1_177' title='bbox 2068 2812 2179 2873; x_wconf 93' lang='lat' dir='ltr'><strong>Do-</strong></span> 
     </span>
    </p>
   </div>
   <div class='ocr_carea' id='block_1_26' title="bbox 522 2898 2177 2979">
    <p class='ocr_par' dir='ltr' id='par_1_26' title="bbox 522 2898 2177 2979">
     <span class='ocr_line' id='line_1_26' title="bbox 522 2898 2177 2979; baseline -0.002 -14"><span class='ocrx_word' id='word_1_178' title='bbox 522 2904 777 2974; x_wconf 86' lang='lat' dir='ltr'><strong>minum;</strong></span> <span class='ocrx_word' id='word_1_179' title='bbox 814 2899 943 2962; x_wconf 91' lang='lat' dir='ltr'><strong>ideo</strong></span> <span class='ocrx_word' id='word_1_180' title='bbox 968 2908 1025 2959; x_wconf 91' lang='lat' dir='ltr'><strong>et</strong></span> <span class='ocrx_word' id='word_1_181' title='bbox 1050 2900 1120 2959; x_wconf 90' lang='lat' dir='ltr'><strong>ad</strong></span> <span class='ocrx_word' id='word_1_182' title='bbox 1152 2898 1348 2979; x_wconf 90' lang='lat' dir='ltr'><strong>ipsum</strong></span> <span class='ocrx_word' id='word_1_183' title='bbox 1369 2899 1550 2960; x_wconf 88' lang='lat' dir='ltr'><strong>dicit:</strong></span> <span class='ocrx_word' id='word_1_184' title='bbox 1590 2922 1611 2957; x_wconf 77' lang='grc' dir='ltr'><strong>ι</strong></span> <span class='ocrx_word' id='word_1_185' title='bbox 1651 2898 1959 2971; x_wconf 89' lang='lat' dir='ltr'><strong>Quomodo</strong></span> <span class='ocrx_word' id='word_1_186' title='bbox 1992 2909 2053 2961; x_wconf 92' lang='lat' dir='ltr'><strong>tu</strong></span> <span class='ocrx_word' id='word_1_187' title='bbox 2078 2904 2177 2961; x_wconf 85' lang='lat' dir='ltr'><strong>Ju-</strong></span> 
     </span>
    </p>
   </div>
   <div class='ocr_carea' id='block_1_27' title="bbox 516 2988 2175 3070">
    <p class='ocr_par' dir='ltr' id='par_1_27' title="bbox 516 2988 2175 3070">
     <span class='ocr_line' id='line_1_27' title="bbox 516 2988 2175 3070; baseline -0.002 -15"><span class='ocrx_word' id='word_1_188' title='bbox 516 2993 678 3055; x_wconf 64' lang='lat' dir='ltr'><strong>dwus</strong></span> <span class='ocrx_word' id='word_1_189' title='bbox 709 3010 842 3052; x_wconf 91' lang='lat' dir='ltr'><strong>cum</strong></span> <span class='ocrx_word' id='word_1_190' title='bbox 894 2989 998 3061; x_wconf 86' lang='lat' dir='ltr'><strong>sis,</strong></span> <span class='ocrx_word' id='word_1_191' title='bbox 1040 3015 1061 3047; x_wconf 78' lang='grc' dir='ltr'><strong>ι</strong></span> <span class='ocrx_word' id='word_1_192' title='bbox 1103 2998 1217 3051; x_wconf 89' lang='lat' dir='ltr'><strong>etc.</strong></span> <span class='ocrx_word' id='word_1_193' title='bbox 1254 2988 1404 3050; x_wconf 84' lang='lat' dir='ltr'><strong>Vide</strong></span> <span class='ocrx_word' id='word_1_194' title='bbox 1455 2998 1652 3051; x_wconf 88' lang='lat' dir='ltr'><strong>autem</strong></span> <span class='ocrx_word' id='word_1_195' title='bbox 1700 2990 2000 3070; x_wconf 88' lang='lat' dir='ltr'><strong>quomodo</strong></span> <span class='ocrx_word' id='word_1_196' title='bbox 2052 2990 2175 3051; x_wconf 88' lang='lat' dir='ltr'><strong>cir-</strong></span> 
     </span>
    </p>
   </div>
   <div class='ocr_carea' id='block_1_28' title="bbox 511 3079 2171 3162">
    <p class='ocr_par' dir='ltr' id='par_1_28' title="bbox 511 3079 2171 3162">
     <span class='ocr_line' id='line_1_28' title="bbox 511 3079 2171 3162; baseline -0.003 -18"><span class='ocrx_word' id='word_1_197' title='bbox 511 3090 855 3162; x_wconf 89' lang='lat' dir='ltr'><strong>cumspecta</strong></span> <span class='ocrx_word' id='word_1_198' title='bbox 887 3079 1066 3140; x_wconf 84' lang='lat' dir='ltr'><strong>fuerit</strong></span> <span class='ocrx_word' id='word_1_199' title='bbox 1093 3079 1482 3141; x_wconf 90' lang='lat' dir='ltr'><strong>mulier.Nam</strong></span> <span class='ocrx_word' id='word_1_200' title='bbox 1514 3079 1563 3140; x_wconf 91' lang='lat' dir='ltr'><strong>si</strong></span> <span class='ocrx_word' id='word_1_201' title='bbox 1595 3098 1806 3140; x_wconf 88' lang='lat' dir='ltr'><strong>cavere</strong></span> <span class='ocrx_word' id='word_1_202' title='bbox 1838 3080 2171 3158; x_wconf 85' lang='lat' dir='ltr'><strong>oportebat,</strong></span> 
     </span>
    </p>
   </div>
   <div class='ocr_carea' id='block_1_29' title="bbox 1517 421 2970 487">
    <p class='ocr_par' dir='ltr' id='par_1_29' title="bbox 1517 421 2970 487">
     <span class='ocr_line' id='line_1_29' title="bbox 1517 421 2970 487; baseline 0.001 -3"><span class='ocrx_word' id='word_1_203' title='bbox 1517 422 2113 486; x_wconf 85' lang='lat' dir='ltr'><strong>THEOPHYLACTI</strong></span> <span class='ocrx_word' id='word_1_204' title='bbox 2157 421 2569 485; x_wconf 75' lang='lat' dir='ltr'><strong>BULGARLE</strong></span> <span class='ocrx_word' id='word_1_205' title='bbox 2610 425 2970 487; x_wconf 79' lang='lat' dir='ltr'><strong>ARCHIEP.</strong></span> 
     </span>
    </p>
   </div>
   <div class='ocr_carea' id='block_1_30' title="bbox 540 552 2176 633">
    <p class='ocr_par' dir='ltr' id='par_1_30' title="bbox 540 552 2176 633">
     <span class='ocr_line' id='line_1_30' title="bbox 540 552 2176 633; baseline 0.001 -18"><span class='ocrx_word' id='word_1_206' title='bbox 540 554 690 615; x_wconf 89' lang='lat' dir='ltr'><strong>adeo</strong></span> <span class='ocrx_word' id='word_1_207' title='bbox 715 554 1066 627; x_wconf 84' lang='lat' dir='ltr'><strong>studiosam,</strong></span> <span class='ocrx_word' id='word_1_208' title='bbox 1103 552 1539 633; x_wconf 88' lang='lat' dir='ltr'><strong>colloquentem</strong></span> <span class='ocrx_word' id='word_1_209' title='bbox 1573 560 1629 611; x_wconf 89' lang='lat' dir='ltr'><strong>et</strong></span> <span class='ocrx_word' id='word_1_210' title='bbox 1672 552 1969 615; x_wconf 89' lang='lat' dir='ltr'><strong>sitientem</strong></span> <span class='ocrx_word' id='word_1_211' title='bbox 2014 573 2080 615; x_wconf 91' lang='lat' dir='ltr'><strong>ea</strong></span> <span class='ocrx_word' id='word_1_212' title='bbox 2112 556 2176 617; x_wconf 77' lang='lat' dir='ltr'><strong>de</strong></span> 
     </span>
    </p>
   </div>
   <div class='ocr_carea' id='block_1_31' title="bbox 2265 552 3548 633">
    <p class='ocr_par' dir='ltr' id='par_1_31' title="bbox 2272 556 3548 633">
     <span class='ocr_line' id='line_1_31' title="bbox 2272 556 3548 633; baseline 0.007 -22"><span class='ocrx_word' id='word_1_213' title='bbox 2272 556 2493 630; x_wconf 79' lang='grc' dir='ltr'>μαθοῦς.</span> <span class='ocrx_word' id='word_1_214' title='bbox 2556 561 2615 617; x_wconf 89' lang='grc' dir='ltr'>Τί</span> <span class='ocrx_word' id='word_1_215' title='bbox 2693 562 2781 616; x_wconf 79' lang='grc' dir='ltr'>οὖν</span> <span class='ocrx_word' id='word_1_216' title='bbox 2852 561 3039 620; x_wconf 79' lang='grc' dir='ltr'>λοιπὸν</span> <span class='ocrx_word' id='word_1_217' title='bbox 3098 561 3200 620; x_wconf 76' lang='grc' dir='ltr'>ἔδει</span> <span class='ocrx_word' id='word_1_218' title='bbox 3278 570 3548 633; x_wconf 77' lang='grc' dir='ltr'>ποιῆσαις</span> 
     </span>
    </p>
   </div>
   <div class='ocr_carea' id='block_1_32' title="bbox 3772 416 3924 494">
    <p class='ocr_par' dir='ltr' id='par_1_32' title="bbox 3772 416 3924 494">
     <span class='ocr_line' id='line_1_32' title="bbox 3772 416 3924 494; baseline 0 0"><span class='ocrx_word' id='word_1_219' title='bbox 3772 416 3924 494; x_wconf 68' lang='lat'><strong>1233</strong></span> 
     </span>
    </p>
   </div>
   <div class='ocr_carea' id='block_1_33' title="bbox 3536 566 3926 646">
    <p class='ocr_par' dir='ltr' id='par_1_33' title="bbox 3536 566 3926 646">
     <span class='ocr_line' id='line_1_33' title="bbox 3536 566 3926 646; baseline -0.005 -24"><span class='ocrx_word' id='word_1_220' title='bbox 3536 588 3552 646; x_wconf 63' lang='grc' dir='ltr'><strong>ς</strong></span> <span class='ocrx_word' id='word_1_221' title='bbox 3612 566 3926 622; x_wconf 79' lang='grc' dir='ltr'>ἀπώσασθαι</span> 
     </span>
    </p>
   </div>
   <div class='ocr_carea' id='block_1_34' title="bbox 2271 646 3925 731">
    <p class='ocr_par' dir='ltr' id='par_1_34' title="bbox 2271 646 3925 731">
     <span class='ocr_line' id='line_1_34' title="bbox 2271 646 3925 731; baseline 0.004 -28"><span class='ocrx_word' id='word_1_222' title='bbox 2271 646 2366 713; x_wconf 74' lang='grc' dir='ltr'>τὴν</span> <span class='ocrx_word' id='word_1_223' title='bbox 2423 662 2652 725; x_wconf 80' lang='grc' dir='ltr'>γυναῖκα</span> <span class='ocrx_word' id='word_1_224' title='bbox 2703 650 2841 707; x_wconf 67' lang='grc' dir='ltr'>οὕτω</span> <span class='ocrx_word' id='word_1_225' title='bbox 2919 651 3227 731; x_wconf 75' lang='grc' dir='ltr'>φιλομαθῶς</span> <span class='ocrx_word' id='word_1_226' title='bbox 3303 652 3665 730; x_wconf 79' lang='grc' dir='ltr'><strong>διακειμένην,</strong></span> <span class='ocrx_word' id='word_1_227' title='bbox 3702 656 3791 711; x_wconf 86' lang='grc' dir='ltr'><strong>καὶ</strong></span> <span class='ocrx_word' id='word_1_228' title='bbox 3842 653 3925 709; x_wconf 88' lang='grc' dir='ltr'>δι-</span> 
     </span>
    </p>
   </div>
   <div class='ocr_carea' id='block_1_35' title="bbox 2271 738 3927 824">
    <p class='ocr_par' dir='ltr' id='par_1_35' title="bbox 2271 738 3927 824">
     <span class='ocr_line' id='line_1_35' title="bbox 2271 738 3927 824; baseline 0.01 -34"><span class='ocrx_word' id='word_1_229' title='bbox 2271 739 2457 810; x_wconf 81' lang='grc' dir='ltr'>ψῶσαν</span> <span class='ocrx_word' id='word_1_230' title='bbox 2516 738 2734 795; x_wconf 77' lang='grc' dir='ltr'>ἀκοῦσαι</span> <span class='ocrx_word' id='word_1_231' title='bbox 2808 746 2912 798; x_wconf 82' lang='grc' dir='ltr'><strong>τῶν</strong></span> <span class='ocrx_word' id='word_1_232' title='bbox 2972 740 3053 822; x_wconf 65' lang='grc' dir='ltr'><strong>ἐφ’</strong></span> <span class='ocrx_word' id='word_1_233' title='bbox 3112 743 3201 824; x_wconf 73' lang='grc' dir='ltr'><strong>οἷς</strong></span> <span class='ocrx_word' id='word_1_234' title='bbox 3258 744 3501 824; x_wconf 71' lang='grc' dir='ltr'>ἠπόρει,</span> <span class='ocrx_word' id='word_1_235' title='bbox 3549 743 3824 824; x_wconf 47' lang='lat' dir='ltr'><strong>&quot;Agave!</strong></span> <span class='ocrx_word' id='word_1_236' title='bbox 3867 744 3927 799; x_wconf 70' lang='grc' dir='ltr'>οὗ</span> 
     </span>
    </p>
   </div>
   <div class='ocr_carea' id='block_1_36' title="bbox 2272 822 3926 914">
    <p class='ocr_par' dir='ltr' id='par_1_36' title="bbox 2272 822 3926 914">
     <span class='ocr_line' id='line_1_36' title="bbox 2272 822 3926 914; baseline 0.004 -33"><span class='ocrx_word' id='word_1_237' title='bbox 2272 833 2403 882; x_wconf 87' lang='grc' dir='ltr'>Θεοῦ</span> <span class='ocrx_word' id='word_1_238' title='bbox 2458 826 2848 908; x_wconf 76' lang='grc' dir='ltr'><strong>φιλανθρωπίας</strong></span> <span class='ocrx_word' id='word_1_239' title='bbox 2908 840 3084 892; x_wconf 87' lang='grc' dir='ltr'>τοῦτο.</span> <span class='ocrx_word' id='word_1_240' title='bbox 3167 822 3311 914; x_wconf 70' lang='grc' dir='ltr'>’Ὅρα</span> <span class='ocrx_word' id='word_1_241' title='bbox 3374 822 3443 889; x_wconf 13' lang='grc' dir='ltr'>ἠδέ</span> <span class='ocrx_word' id='word_1_242' title='bbox 3500 856 3590 909; x_wconf 86' lang='grc' dir='ltr'><strong>μοι</strong></span> <span class='ocrx_word' id='word_1_243' title='bbox 3658 822 3749 890; x_wconf 78' lang='grc' dir='ltr'><strong>καὶ</strong></span> <span class='ocrx_word' id='word_1_244' title='bbox 3818 833 3926 889; x_wconf 71' lang='grc' dir='ltr'><strong>ἀπὸ</strong></span> 
     </span>
    </p>
   </div>
   <div class='ocr_carea' id='block_1_37' title="bbox 2270 917 3924 1003">
    <p class='ocr_par' dir='ltr' id='par_1_37' title="bbox 2270 917 3924 1003">
     <span class='ocr_line' id='line_1_37' title="bbox 2270 917 3924 1003; baseline 0.004 -31"><span class='ocrx_word' id='word_1_245' title='bbox 2270 917 2457 973; x_wconf 80' lang='grc' dir='ltr'>τούτου</span> <span class='ocrx_word' id='word_1_246' title='bbox 2513 921 2575 975; x_wconf 80' lang='grc' dir='ltr'>τὸ</span> <span class='ocrx_word' id='word_1_247' title='bbox 2619 918 2812 999; x_wconf 76' lang='grc' dir='ltr'>ἄτυφον</span> <span class='ocrx_word' id='word_1_248' title='bbox 2857 931 2950 979; x_wconf 84' lang='grc' dir='ltr'><strong>τοῦ</strong></span> <span class='ocrx_word' id='word_1_249' title='bbox 3008 924 3219 1002; x_wconf 75' lang='grc' dir='ltr'>Κυρίου.</span> <span class='ocrx_word' id='word_1_250' title='bbox 3280 926 3453 987; x_wconf 80' lang='grc' dir='ltr'>Μόνος</span> <span class='ocrx_word' id='word_1_251' title='bbox 3504 926 3604 1003; x_wconf 73' lang='grc' dir='ltr'>γὰρ</span> <span class='ocrx_word' id='word_1_252' title='bbox 3646 923 3924 998; x_wconf 79' lang='grc' dir='ltr'>καταλιμ-</span> 
     </span>
    </p>
   </div>
   <div class='ocr_carea' id='block_1_38' title="bbox 2271 1007 3925 1085">
    <p class='ocr_par' dir='ltr' id='par_1_38' title="bbox 2271 1007 3925 1085">
     <span class='ocr_line' id='line_1_38' title="bbox 2271 1007 3925 1085; baseline 0.004 -24"><span class='ocrx_word' id='word_1_253' title='bbox 2271 1007 2491 1063; x_wconf 69' lang='grc' dir='ltr'>πάνετνιι</span> <span class='ocrx_word' id='word_1_254' title='bbox 2546 1011 2632 1066; x_wconf 64' lang='grc' dir='ltr'>ἐπὶ</span> <span class='ocrx_word' id='word_1_255' title='bbox 2675 1016 2773 1078; x_wconf 82' lang='grc' dir='ltr'>τῆς</span> <span class='ocrx_word' id='word_1_256' title='bbox 2820 1011 2963 1084; x_wconf 83' lang='grc' dir='ltr'>ὁδοῦ,</span> <span class='ocrx_word' id='word_1_257' title='bbox 3010 1020 3116 1070; x_wconf 83' lang='grc' dir='ltr'><strong>τῶν</strong></span> <span class='ocrx_word' id='word_1_258' title='bbox 3176 1013 3427 1085; x_wconf 77' lang='grc' dir='ltr'><strong>μαθητῶν</strong></span> <span class='ocrx_word' id='word_1_259' title='bbox 3481 1013 3817 1070; x_wconf 80' lang='grc' dir='ltr'><strong>ἀπελθόντων</strong></span> <span class='ocrx_word' id='word_1_260' title='bbox 3850 1014 3925 1075; x_wconf 83' lang='grc' dir='ltr'>εἷς</span> 
     </span>
    </p>
   </div>
   <div class='ocr_carea' id='block_1_39' title="bbox 2269 1095 3924 1182">
    <p class='ocr_par' dir='ltr' id='par_1_39' title="bbox 2269 1095 3924 1182">
     <span class='ocr_line' id='line_1_39' title="bbox 2269 1095 3924 1182; baseline -0.005 -19"><span class='ocrx_word' id='word_1_261' title='bbox 2269 1095 2369 1163; x_wconf 66' lang='grc' dir='ltr'><strong>τὴν</strong></span> <span class='ocrx_word' id='word_1_262' title='bbox 2426 1097 2603 1179; x_wconf 75' lang='grc' dir='ltr'>πόλιν,</span> <span class='ocrx_word' id='word_1_263' title='bbox 2654 1100 2746 1155; x_wconf 70' lang='grc' dir='ltr'>’ἕνα</span> <span class='ocrx_word' id='word_1_264' title='bbox 2803 1104 2999 1182; x_wconf 77' lang='grc' dir='ltr'>τροφὰς</span> <span class='ocrx_word' id='word_1_265' title='bbox 3040 1102 3366 1182; x_wconf 79' lang='grc' dir='ltr'>ἀγοράσωσι,</span> <span class='ocrx_word' id='word_1_266' title='bbox 3421 1110 3678 1161; x_wconf 88' lang='grc' dir='ltr'>Τοσοῦτον</span> <span class='ocrx_word' id='word_1_267' title='bbox 3722 1104 3823 1180; x_wconf 76' lang='grc' dir='ltr'><strong>γὰρ</strong></span> <span class='ocrx_word' id='word_1_268' title='bbox 3870 1101 3924 1155; x_wconf 83' lang='grc' dir='ltr'>ἑν</span> 
     </span>
    </p>
   </div>
   <div class='ocr_carea' id='block_1_40' title="bbox 2270 1182 3926 1272">
    <p class='ocr_par' dir='ltr' id='par_1_40' title="bbox 2270 1182 3926 1272">
     <span class='ocr_line' id='line_1_40' title="bbox 2270 1182 3926 1272; baseline 0.004 -32"><span class='ocrx_word' id='word_1_269' title='bbox 2270 1182 2495 1263; x_wconf 80' lang='grc' dir='ltr'><strong>δευτέρῳ</strong></span> <span class='ocrx_word' id='word_1_270' title='bbox 2552 1190 2617 1245; x_wconf 75' lang='grc' dir='ltr'><strong>τὰ</strong></span> <span class='ocrx_word' id='word_1_271' title='bbox 2659 1194 2758 1257; x_wconf 78' lang='grc' dir='ltr'><strong>τῆς</strong></span> <span class='ocrx_word' id='word_1_272' title='bbox 2816 1193 3043 1272; x_wconf 75' lang='grc' dir='ltr'>γαστρὸς</span> <span class='ocrx_word' id='word_1_273' title='bbox 3098 1193 3347 1267; x_wconf 76' lang='grc' dir='ltr'><strong>ἐτίθεντο,</strong></span> <span class='ocrx_word' id='word_1_274' title='bbox 3394 1193 3531 1249; x_wconf 85' lang='grc' dir='ltr'>ὥστε</span> <span class='ocrx_word' id='word_1_275' title='bbox 3581 1191 3633 1247; x_wconf 81' lang='grc' dir='ltr'>ἐν</span> <span class='ocrx_word' id='word_1_276' title='bbox 3681 1193 3728 1267; x_wconf 81' lang='grc' dir='ltr'>ᾧ</span> <span class='ocrx_word' id='word_1_277' title='bbox 3755 1198 3926 1269; x_wconf 77' lang='grc' dir='ltr'>καιρῷ</span> 
     </span>
    </p>
   </div>
   <div class='ocr_carea' id='block_1_41' title="bbox 2272 1276 3921 1361">
    <p class='ocr_par' dir='ltr' id='par_1_41' title="bbox 2272 1276 3921 1361">
     <span class='ocr_line' id='line_1_41' title="bbox 2272 1276 3921 1361; baseline 0.003 -31"><span class='ocrx_word' id='word_1_278' title='bbox 2272 1276 2465 1341; x_wconf 83' lang='grc' dir='ltr'>πάντες</span> <span class='ocrx_word' id='word_1_279' title='bbox 2524 1277 2716 1359; x_wconf 84' lang='grc' dir='ltr'>σχεδὸν</span> <span class='ocrx_word' id='word_1_280' title='bbox 2775 1304 2861 1337; x_wconf 85' lang='grc' dir='ltr'><strong>και</strong></span> <span class='ocrx_word' id='word_1_281' title='bbox 2918 1284 3248 1340; x_wconf 77' lang='grc' dir='ltr'>ὕπνώττουσι</span> <span class='ocrx_word' id='word_1_282' title='bbox 3314 1283 3449 1355; x_wconf 84' lang='grc' dir='ltr'>μετὰ</span> <span class='ocrx_word' id='word_1_283' title='bbox 3496 1285 3561 1344; x_wconf 80' lang='grc' dir='ltr'>τὸ,</span> <span class='ocrx_word' id='word_1_284' title='bbox 3614 1282 3921 1361; x_wconf 78' lang='grc' dir='ltr'>ἀριστῆσαι,</span> 
     </span>
    </p>
   </div>
   <div class='ocr_carea' id='block_1_42' title="bbox 2269 1365 3923 1452">
    <p class='ocr_par' dir='ltr' id='par_1_42' title="bbox 2269 1365 3923 1452">
     <span class='ocr_line' id='line_1_42' title="bbox 2269 1365 3923 1452; baseline 0.01 -42"><span class='ocrx_word' id='word_1_285' title='bbox 2269 1365 2411 1423; x_wconf 77' lang='grc' dir='ltr'>οὗτοι</span> <span class='ocrx_word' id='word_1_286' title='bbox 2468 1370 2663 1449; x_wconf 70' lang='grc' dir='ltr'>τροφὰς</span> <span class='ocrx_word' id='word_1_287' title='bbox 2721 1370 3002 1450; x_wconf 72' lang='grc' dir='ltr'>ἠγόραζον,</span> <span class='ocrx_word' id='word_1_288' title='bbox 3052 1370 3240 1452; x_wconf 75' lang='grc' dir='ltr'>ἄρτους</span> <span class='ocrx_word' id='word_1_289' title='bbox 3303 1370 3505 1440; x_wconf 83' lang='grc' dir='ltr'>δηλαδὴ</span> <span class='ocrx_word' id='word_1_290' title='bbox 3564 1373 3779 1450; x_wconf 86' lang='grc' dir='ltr'>μόνους,</span> <span class='ocrx_word' id='word_1_291' title='bbox 3832 1370 3923 1426; x_wconf 68' lang='grc' dir='ltr'><strong>ἵνα</strong></span> 
     </span>
    </p>
   </div>
   <div class='ocr_carea' id='block_1_43' title="bbox 2269 1458 3923 1537">
    <p class='ocr_par' dir='ltr' id='par_1_43' title="bbox 2269 1458 3923 1537">
     <span class='ocr_line' id='line_1_43' title="bbox 2269 1458 3923 1537; baseline -0.007 -10"><span class='ocrx_word' id='word_1_292' title='bbox 2269 1458 2355 1511; x_wconf 70' lang='grc' dir='ltr'>καὶ</span> <span class='ocrx_word' id='word_1_293' title='bbox 2400 1459 2565 1533; x_wconf 76' lang='grc' dir='ltr'>ἡμεῖς</span> <span class='ocrx_word' id='word_1_294' title='bbox 2624 1460 2875 1537; x_wconf 77' lang='grc' dir='ltr'><strong>μάθωμεν</strong></span> <span class='ocrx_word' id='word_1_295' title='bbox 2930 1470 3029 1530; x_wconf 84' lang='grc' dir='ltr'><strong>της</strong></span> <span class='ocrx_word' id='word_1_296' title='bbox 3111 1462 3376 1527; x_wconf 79' lang='grc' dir='ltr'>ποικιλίας</span> <span class='ocrx_word' id='word_1_297' title='bbox 3452 1464 3557 1519; x_wconf 81' lang='grc' dir='ltr'><strong>τῶν</strong></span> <span class='ocrx_word' id='word_1_298' title='bbox 3617 1460 3923 1536; x_wconf 74' lang='grc' dir='ltr'><strong>ἐδεσμάτων</strong></span> 
     </span>
    </p>
   </div>
   <div class='ocr_carea' id='block_1_44' title="bbox 2269 1542 3919 1632">
    <p class='ocr_par' dir='ltr' id='par_1_44' title="bbox 2269 1542 3919 1632">
     <span class='ocr_line' id='line_1_44' title="bbox 2269 1542 3919 1632; baseline 0.004 -32"><span class='ocrx_word' id='word_1_299' title='bbox 2269 1544 2574 1626; x_wconf 84' lang='grc' dir='ltr'>ὀλιγωρεῖν.</span> <span class='ocrx_word' id='word_1_300' title='bbox 2629 1542 2773 1629; x_wconf 72' lang='grc' dir='ltr'>’Ὀρα</span> <span class='ocrx_word' id='word_1_301' title='bbox 2836 1548 2888 1607; x_wconf 86' lang='grc' dir='ltr'><strong>δέ</strong></span> <span class='ocrx_word' id='word_1_302' title='bbox 2947 1575 3036 1627; x_wconf 88' lang='grc' dir='ltr'><strong>μοι</strong></span> <span class='ocrx_word' id='word_1_303' title='bbox 3091 1555 3179 1609; x_wconf 84' lang='grc' dir='ltr'><strong>καὶ</strong></span> <span class='ocrx_word' id='word_1_304' title='bbox 3210 1555 3309 1621; x_wconf 80' lang='grc' dir='ltr'>τὴν</span> <span class='ocrx_word' id='word_1_305' title='bbox 3340 1550 3608 1632; x_wconf 83' lang='grc' dir='ltr'>ἀκρίϐειαν</span> <span class='ocrx_word' id='word_1_306' title='bbox 3636 1558 3729 1632; x_wconf 84' lang='grc' dir='ltr'><strong>τοῦ</strong></span> <span class='ocrx_word' id='word_1_307' title='bbox 3759 1553 3919 1628; x_wconf 65' lang='grc' dir='ltr'>εὒαγο</span> 
     </span>
    </p>
   </div>
   <div class='ocr_carea' id='block_1_45' title="bbox 2264 1631 3922 1722">
    <p class='ocr_par' dir='ltr' id='par_1_45' title="bbox 2264 1631 3922 1722">
     <span class='ocr_line' id='line_1_45' title="bbox 2264 1631 3922 1722; baseline 0.013 -32"><span class='ocrx_word' id='word_1_308' title='bbox 2264 1634 2532 1711; x_wconf 76' lang='grc' dir='ltr'>γελιστοῦ,</span> <span class='ocrx_word' id='word_1_309' title='bbox 2593 1639 2721 1698; x_wconf 76' lang='grc' dir='ltr'>Οὐδὲ</span> <span class='ocrx_word' id='word_1_310' title='bbox 2777 1642 2876 1721; x_wconf 82' lang='grc' dir='ltr'><strong>γὰρ</strong></span> <span class='ocrx_word' id='word_1_311' title='bbox 2932 1643 3087 1699; x_wconf 79' lang='grc' dir='ltr'>εἶπεν</span> <span class='ocrx_word' id='word_1_312' title='bbox 3159 1631 3555 1722; x_wconf 61' lang='grc' dir='ltr'>ἀποφαντὺιῶς,</span> <span class='ocrx_word' id='word_1_313' title='bbox 3632 1631 3783 1719; x_wconf 64' lang='grc' dir='ltr'><strong>Ὥρα</strong></span> <span class='ocrx_word' id='word_1_314' title='bbox 3854 1640 3922 1707; x_wconf 68' lang='grc' dir='ltr'><strong>ἦν</strong></span> 
     </span>
    </p>
   </div>
   <div class='ocr_carea' id='block_1_46' title="bbox 2266 1722 3922 1807">
    <p class='ocr_par' dir='ltr' id='par_1_46' title="bbox 2266 1722 3922 1807">
     <span class='ocr_line' id='line_1_46' title="bbox 2266 1722 3922 1807; baseline -0.006 -13"><span class='ocrx_word' id='word_1_315' title='bbox 2266 1722 2421 1799; x_wconf 77' lang='grc' dir='ltr'>ἕκτη,</span> <span class='ocrx_word' id='word_1_316' title='bbox 2470 1726 2606 1784; x_wconf 83' lang='grc' dir='ltr'>ἀλλὰ</span> <span class='ocrx_word' id='word_1_317' title='bbox 2635 1729 2720 1785; x_wconf 86' lang='grc' dir='ltr'><strong>διὰ</strong></span> <span class='ocrx_word' id='word_1_318' title='bbox 2750 1733 2811 1788; x_wconf 84' lang='grc' dir='ltr'>τὸ</span> <span class='ocrx_word' id='word_1_319' title='bbox 2843 1732 2920 1807; x_wconf 76' lang='grc' dir='ltr'>μὴ</span> <span class='ocrx_word' id='word_1_320' title='bbox 2952 1732 3247 1789; x_wconf 77' lang='grc' dir='ltr'><strong>ἀποπεσεῖν</strong></span> <span class='ocrx_word' id='word_1_321' title='bbox 3283 1737 3381 1799; x_wconf 77' lang='grc' dir='ltr'>τῆς</span> <span class='ocrx_word' id='word_1_322' title='bbox 3412 1730 3686 1804; x_wconf 71' lang='grc' dir='ltr'>ἀληθείας,</span> <span class='ocrx_word' id='word_1_323' title='bbox 3725 1752 3752 1784; x_wconf 77' lang='grc' dir='ltr'>ι</span> <span class='ocrx_word' id='word_1_324' title='bbox 3791 1731 3922 1785; x_wconf 83' lang='grc' dir='ltr'>ὡσεὶ</span> 
     </span>
    </p>
   </div>
   <div class='ocr_carea' id='block_1_47' title="bbox 2266 1812 3765 1900">
    <p class='ocr_par' dir='ltr' id='par_1_47' title="bbox 2266 1812 3765 1900">
     <span class='ocr_line' id='line_1_47' title="bbox 2266 1812 3765 1900; baseline 0.008 -31"><span class='ocrx_word' id='word_1_325' title='bbox 2266 1812 2420 1891; x_wconf 80' lang='grc' dir='ltr'>ἕκτη,</span> <span class='ocrx_word' id='word_1_326' title='bbox 2458 1839 2485 1871; x_wconf 69' lang='grc' dir='ltr'><strong><em>ι</em></strong></span> <span class='ocrx_word' id='word_1_327' title='bbox 2522 1816 2647 1898; x_wconf 74' lang='grc' dir='ltr'>ἔφη,</span> <span class='ocrx_word' id='word_1_328' title='bbox 2681 1822 2742 1875; x_wconf 83' lang='grc' dir='ltr'>τὸ</span> <span class='ocrx_word' id='word_1_329' title='bbox 2766 1819 2999 1899; x_wconf 74' lang='grc' dir='ltr'>ἀσφαλὲς</span> <span class='ocrx_word' id='word_1_330' title='bbox 3027 1828 3105 1896; x_wconf 81' lang='grc' dir='ltr'>τῷ</span> <span class='ocrx_word' id='word_1_331' title='bbox 3135 1822 3281 1900; x_wconf 87' lang='grc' dir='ltr'>λόγῳ</span> <span class='ocrx_word' id='word_1_332' title='bbox 3306 1822 3765 1899; x_wconf 76' lang='grc' dir='ltr'>προμηθούμενος.</span> 
     </span>
    </p>
   </div>
   <div class='ocr_carea' id='block_1_48' title="bbox 2351 1906 3923 1988">
    <p class='ocr_par' dir='ltr' id='par_1_48' title="bbox 2351 1906 3923 1988">
     <span class='ocr_line' id='line_1_48' title="bbox 2351 1906 3923 1988; baseline 0.003 -28"><span class='ocrx_word' id='word_1_333' title='bbox 2351 1927 2379 1960; x_wconf 72' lang='grc' dir='ltr'><strong>α</strong></span> <span class='ocrx_word' id='word_1_334' title='bbox 2420 1906 2573 1986; x_wconf 84' lang='grc' dir='ltr'>Λέγει</span> <span class='ocrx_word' id='word_1_335' title='bbox 2610 1911 2698 1965; x_wconf 79' lang='grc' dir='ltr'>οὖν</span> <span class='ocrx_word' id='word_1_336' title='bbox 2729 1911 2871 1983; x_wconf 81' lang='grc' dir='ltr'><strong>αὐτῷ</strong></span> <span class='ocrx_word' id='word_1_337' title='bbox 2928 1911 2962 1978; x_wconf 81' lang='grc' dir='ltr'><strong>ἡ</strong></span> <span class='ocrx_word' id='word_1_338' title='bbox 3023 1910 3155 1988; x_wconf 83' lang='grc' dir='ltr'><strong>γυνὴ</strong></span> <span class='ocrx_word' id='word_1_339' title='bbox 3187 1912 3220 1978; x_wconf 79' lang='grc' dir='ltr'>ἡ</span> <span class='ocrx_word' id='word_1_340' title='bbox 3252 1917 3579 1987; x_wconf 78' lang='grc' dir='ltr'>Σαμαρεῖτις</span> <span class='ocrx_word' id='word_1_341' title='bbox 3613 1928 3628 1943; x_wconf 77' lang='grc'><strong><em>⁸</em></strong></span> <span class='ocrx_word' id='word_1_342' title='bbox 3678 1912 3796 1971; x_wconf 83' lang='grc' dir='ltr'>Πῶς</span> <span class='ocrx_word' id='word_1_343' title='bbox 3856 1909 3923 1964; x_wconf 71' lang='grc' dir='ltr'>σὺ</span> 
     </span>
    </p>
   </div>
   <div class='ocr_carea' id='block_1_49' title="bbox 2267 1992 3921 2079">
    <p class='ocr_par' dir='ltr' id='par_1_49' title="bbox 2267 1992 3921 2079">
     <span class='ocr_line' id='line_1_49' title="bbox 2267 1992 3921 2079; baseline 0.006 -28"><span class='ocrx_word' id='word_1_344' title='bbox 2267 1992 2526 2061; x_wconf 80' lang='grc' dir='ltr'>Ἰουδαῖος</span> <span class='ocrx_word' id='word_1_345' title='bbox 2582 1999 2681 2075; x_wconf 85' lang='grc' dir='ltr'>ὣν,</span> <span class='ocrx_word' id='word_1_346' title='bbox 2729 1998 2859 2079; x_wconf 80' lang='grc' dir='ltr'>παρ’</span> <span class='ocrx_word' id='word_1_347' title='bbox 2890 2000 3020 2076; x_wconf 80' lang='grc' dir='ltr'>ἐμοῦ</span> <span class='ocrx_word' id='word_1_348' title='bbox 3069 2013 3214 2057; x_wconf 84' lang='grc' dir='ltr'>πιεῖν</span> <span class='ocrx_word' id='word_1_349' title='bbox 3247 2000 3439 2078; x_wconf 85' lang='grc' dir='ltr'>αἰτεῖς,</span> <span class='ocrx_word' id='word_1_350' title='bbox 3471 2000 3631 2066; x_wconf 68' lang='grc' dir='ltr'>οὔσης</span> <span class='ocrx_word' id='word_1_351' title='bbox 3669 1999 3921 2077; x_wconf 72' lang='grc' dir='ltr'>γυναικὸς</span> 
     </span>
    </p>
   </div>
   <div class='ocr_carea' id='block_1_50' title="bbox 2267 2085 3922 2171">
    <p class='ocr_par' dir='ltr' id='par_1_50' title="bbox 2267 2085 3922 2171">
     <span class='ocr_line' id='line_1_50' title="bbox 2267 2085 3922 2171; baseline 0.01 -43"><span class='ocrx_word' id='word_1_352' title='bbox 2267 2085 2700 2165; x_wconf 75' lang='grc' dir='ltr'>Σαμαρείτιδος;</span> <span class='ocrx_word' id='word_1_353' title='bbox 2761 2091 2834 2147; x_wconf 67' lang='grc' dir='ltr'>οὔ</span> <span class='ocrx_word' id='word_1_354' title='bbox 2888 2090 2989 2169; x_wconf 81' lang='grc' dir='ltr'>γὰρ</span> <span class='ocrx_word' id='word_1_355' title='bbox 3045 2095 3383 2171; x_wconf 80' lang='grc' dir='ltr'>συγχρῶνται</span> <span class='ocrx_word' id='word_1_356' title='bbox 3430 2086 3681 2149; x_wconf 86' lang='grc' dir='ltr'>Ἰουδαῖοι</span> <span class='ocrx_word' id='word_1_357' title='bbox 3725 2095 3922 2163; x_wconf 86' lang='grc' dir='ltr'>Σαμα-</span> 
     </span>
    </p>
   </div>
   <div class='ocr_carea' id='block_1_51' title="bbox 2267 2175 3921 2259">
    <p class='ocr_par' dir='ltr' id='par_1_51' title="bbox 2267 2175 3921 2259">
     <span class='ocr_line' id='line_1_51' title="bbox 2267 2175 3921 2259; baseline 0.002 -30"><span class='ocrx_word' id='word_1_358' title='bbox 2267 2176 2484 2251; x_wconf 89' lang='grc' dir='ltr'>ρείταις.</span> <span class='ocrx_word' id='word_1_359' title='bbox 2546 2175 2831 2259; x_wconf 84' lang='grc' dir='ltr'>Ἀπεκρίθη</span> <span class='ocrx_word' id='word_1_360' title='bbox 2915 2177 3145 2254; x_wconf 71' lang='grc' dir='ltr'>Ἰησοῦς,</span> <span class='ocrx_word' id='word_1_361' title='bbox 3233 2183 3321 2236; x_wconf 84' lang='grc' dir='ltr'><strong>καὶ</strong></span> <span class='ocrx_word' id='word_1_362' title='bbox 3393 2179 3549 2235; x_wconf 77' lang='grc' dir='ltr'>εἶπεν</span> <span class='ocrx_word' id='word_1_363' title='bbox 3608 2182 3740 2254; x_wconf 74' lang='grc' dir='ltr'><strong>αὖτῇ</strong></span> <span class='ocrx_word' id='word_1_364' title='bbox 3771 2198 3784 2210; x_wconf 81' lang='grc'><strong>’</strong></span> <span class='ocrx_word' id='word_1_365' title='bbox 3862 2178 3921 2234; x_wconf 78' lang='grc' dir='ltr'>Εἰ</span> 
     </span>
    </p>
   </div>
   <div class='ocr_carea' id='block_1_52' title="bbox 2266 2261 3915 2347">
    <p class='ocr_par' dir='ltr' id='par_1_52' title="bbox 2266 2261 3915 2347">
     <span class='ocr_line' id='line_1_52' title="bbox 2266 2261 3915 2347; baseline 0.001 -26"><span class='ocrx_word' id='word_1_366' title='bbox 2266 2261 2414 2339; x_wconf 70' lang='grc' dir='ltr'>ᾔδεις</span> <span class='ocrx_word' id='word_1_367' title='bbox 2442 2267 2541 2334; x_wconf 78' lang='grc' dir='ltr'>τὴν</span> <span class='ocrx_word' id='word_1_368' title='bbox 2571 2264 2767 2347; x_wconf 81' lang='grc' dir='ltr'>δωρεὰν</span> <span class='ocrx_word' id='word_1_369' title='bbox 2796 2276 2891 2326; x_wconf 89' lang='grc' dir='ltr'><strong>τοῦ</strong></span> <span class='ocrx_word' id='word_1_370' title='bbox 2944 2276 3097 2345; x_wconf 81' lang='grc' dir='ltr'>Θεοῦ,</span> <span class='ocrx_word' id='word_1_371' title='bbox 3152 2270 3240 2325; x_wconf 83' lang='grc' dir='ltr'><strong>καὶ</strong></span> <span class='ocrx_word' id='word_1_372' title='bbox 3267 2269 3344 2333; x_wconf 89' lang='grc' dir='ltr'><strong>τίς</strong></span> <span class='ocrx_word' id='word_1_373' title='bbox 3374 2267 3517 2325; x_wconf 71' lang='grc' dir='ltr'>ἐστιν</span> <span class='ocrx_word' id='word_1_374' title='bbox 3547 2271 3575 2324; x_wconf 84' lang='grc' dir='ltr'>ὁ</span> <span class='ocrx_word' id='word_1_375' title='bbox 3603 2267 3775 2347; x_wconf 84' lang='grc' dir='ltr'>λέγων</span> <span class='ocrx_word' id='word_1_376' title='bbox 3806 2289 3915 2343; x_wconf 78' lang='grc' dir='ltr'>σοι,</span> 
     </span>
    </p>
   </div>
   <div class='ocr_carea' id='block_1_53' title="bbox 2270 2353 3922 2435">
    <p class='ocr_par' dir='ltr' id='par_1_53' title="bbox 2270 2353 3922 2435">
     <span class='ocr_line' id='line_1_53' title="bbox 2270 2353 3922 2435; baseline 0.002 -25"><span class='ocrx_word' id='word_1_377' title='bbox 2270 2353 2371 2419; x_wconf 88' lang='grc' dir='ltr'>Δός</span> <span class='ocrx_word' id='word_1_378' title='bbox 2435 2378 2525 2431; x_wconf 91' lang='grc' dir='ltr'><strong>μοι</strong></span> <span class='ocrx_word' id='word_1_379' title='bbox 2584 2372 2753 2435; x_wconf 86' lang='grc' dir='ltr'>πιεῖν,</span> <span class='ocrx_word' id='word_1_380' title='bbox 2803 2361 2865 2415; x_wconf 85' lang='grc' dir='ltr'>σὺ</span> <span class='ocrx_word' id='word_1_381' title='bbox 2909 2358 2971 2415; x_wconf 79' lang='grc' dir='ltr'>ἂν</span> <span class='ocrx_word' id='word_1_382' title='bbox 3026 2358 3232 2435; x_wconf 77' lang='grc' dir='ltr'>ᾔτησας</span> <span class='ocrx_word' id='word_1_383' title='bbox 3287 2360 3470 2435; x_wconf 74' lang='grc' dir='ltr'>αὐτὸν,</span> <span class='ocrx_word' id='word_1_384' title='bbox 3498 2360 3586 2415; x_wconf 84' lang='grc' dir='ltr'><strong>καὶ</strong></span> <span class='ocrx_word' id='word_1_385' title='bbox 3618 2356 3811 2415; x_wconf 80' lang='grc' dir='ltr'>ἔδωκεν</span> <span class='ocrx_word' id='word_1_386' title='bbox 3853 2357 3922 2413; x_wconf 77' lang='grc' dir='ltr'><strong>ἂν</strong></span> 
     </span>
    </p>
   </div>
   <div class='ocr_carea' id='block_1_54' title="bbox 2268 2444 3919 2529">
    <p class='ocr_par' dir='ltr' id='par_1_54' title="bbox 2268 2444 3919 2529">
     <span class='ocr_line' id='line_1_54' title="bbox 2268 2444 3919 2529; baseline 0.001 -29"><span class='ocrx_word' id='word_1_387' title='bbox 2268 2467 2349 2501; x_wconf 92' lang='grc' dir='ltr'><strong>σοι</strong></span> <span class='ocrx_word' id='word_1_388' title='bbox 2401 2444 2536 2527; x_wconf 74' lang='grc' dir='ltr'>ὕδωρ</span> <span class='ocrx_word' id='word_1_389' title='bbox 2593 2449 2720 2519; x_wconf 80' lang='grc' dir='ltr'><strong>ζῶν.</strong></span> <span class='ocrx_word' id='word_1_390' title='bbox 2783 2449 2937 2529; x_wconf 81' lang='grc' dir='ltr'>Λέγει</span> <span class='ocrx_word' id='word_1_391' title='bbox 3004 2451 3147 2523; x_wconf 74' lang='grc' dir='ltr'><strong>αὖτῷ</strong></span> <span class='ocrx_word' id='word_1_392' title='bbox 3215 2450 3251 2516; x_wconf 69' lang='grc' dir='ltr'><strong>ᾖ</strong></span> <span class='ocrx_word' id='word_1_393' title='bbox 3311 2450 3445 2527; x_wconf 81' lang='grc' dir='ltr'>γυνή</span> <span class='ocrx_word' id='word_1_394' title='bbox 3481 2465 3495 2479; x_wconf 91' lang='grc'><strong>·</strong></span> <span class='ocrx_word' id='word_1_395' title='bbox 3562 2449 3737 2528; x_wconf 83' lang='grc' dir='ltr'>Κύριε,</span> <span class='ocrx_word' id='word_1_396' title='bbox 3797 2448 3919 2505; x_wconf 76' lang='grc' dir='ltr'>οὔτε</span> 
     </span>
    </p>
   </div>
   <div class='ocr_carea' id='block_1_55' title="bbox 2266 2532 3916 2619">
    <p class='ocr_par' dir='ltr' id='par_1_55' title="bbox 2266 2532 3916 2619">
     <span class='ocr_line' id='line_1_55' title="bbox 2266 2532 3916 2619; baseline 0.002 -30"><span class='ocrx_word' id='word_1_397' title='bbox 2266 2532 2513 2612; x_wconf 73' lang='grc' dir='ltr'>ἄντλημα</span> <span class='ocrx_word' id='word_1_398' title='bbox 2574 2536 2746 2618; x_wconf 75' lang='grc' dir='ltr'>ἔχεις,</span> <span class='ocrx_word' id='word_1_399' title='bbox 2809 2541 2898 2595; x_wconf 83' lang='grc' dir='ltr'><strong>καὶ</strong></span> <span class='ocrx_word' id='word_1_400' title='bbox 2953 2541 3015 2596; x_wconf 79' lang='grc' dir='ltr'>τὸ</span> <span class='ocrx_word' id='word_1_401' title='bbox 3058 2539 3218 2619; x_wconf 77' lang='grc' dir='ltr'>φρέαρ</span> <span class='ocrx_word' id='word_1_402' title='bbox 3261 2537 3370 2596; x_wconf 72' lang='grc' dir='ltr'>ἐστὶ</span> <span class='ocrx_word' id='word_1_403' title='bbox 3411 2540 3563 2616; x_wconf 78' lang='grc' dir='ltr'>βαθὺ,</span> <span class='ocrx_word' id='word_1_404' title='bbox 3609 2538 3765 2595; x_wconf 72' lang='grc' dir='ltr'>πόθεν</span> <span class='ocrx_word' id='word_1_405' title='bbox 3822 2544 3916 2595; x_wconf 84' lang='grc' dir='ltr'>οὖν</span> 
     </span>
    </p>
   </div>
   <div class='ocr_carea' id='block_1_56' title="bbox 2264 2623 3921 2708">
    <p class='ocr_par' dir='ltr' id='par_1_56' title="bbox 2264 2623 3921 2708">
     <span class='ocr_line' id='line_1_56' title="bbox 2264 2623 3921 2708; baseline 0.003 -30"><span class='ocrx_word' id='word_1_406' title='bbox 2264 2623 2410 2704; x_wconf 71' lang='grc' dir='ltr'>ἔχεις</span> <span class='ocrx_word' id='word_1_407' title='bbox 2440 2628 2502 2682; x_wconf 81' lang='grc' dir='ltr'>τὸ</span> <span class='ocrx_word' id='word_1_408' title='bbox 2530 2626 2665 2707; x_wconf 78' lang='grc' dir='ltr'>ὕδωρ</span> <span class='ocrx_word' id='word_1_409' title='bbox 2705 2630 2767 2685; x_wconf 87' lang='grc' dir='ltr'>τὸ</span> <span class='ocrx_word' id='word_1_410' title='bbox 2809 2636 2914 2700; x_wconf 81' lang='grc' dir='ltr'><strong>ζῶν</strong></span> <span class='ocrx_word' id='word_1_411' title='bbox 2947 2645 2963 2705; x_wconf 84' lang='grc'>;</span> <span class='ocrx_word' id='word_1_412' title='bbox 3004 2652 3028 2687; x_wconf 69' lang='grc' dir='ltr'>ι</span> <span class='ocrx_word' id='word_1_413' title='bbox 3079 2629 3214 2686; x_wconf 79' lang='grc' dir='ltr'><strong>Ἀπὸ</strong></span> <span class='ocrx_word' id='word_1_414' title='bbox 3254 2635 3347 2685; x_wconf 81' lang='grc' dir='ltr'><strong>τοῦ</strong></span> <span class='ocrx_word' id='word_1_415' title='bbox 3378 2629 3666 2708; x_wconf 81' lang='grc' dir='ltr'>σχήματος</span> <span class='ocrx_word' id='word_1_416' title='bbox 3697 2628 3786 2683; x_wconf 81' lang='grc' dir='ltr'><strong>καὶ</strong></span> <span class='ocrx_word' id='word_1_417' title='bbox 3813 2630 3921 2692; x_wconf 76' lang='grc' dir='ltr'>τῆς</span> 
     </span>
    </p>
   </div>
   <div class='ocr_carea' id='block_1_57' title="bbox 2264 2713 3921 2796">
    <p class='ocr_par' dir='ltr' id='par_1_57' title="bbox 2264 2713 3921 2796">
     <span class='ocr_line' id='line_1_57' title="bbox 2264 2713 3921 2796; baseline -0.01 -10"><span class='ocrx_word' id='word_1_418' title='bbox 2264 2714 2460 2784; x_wconf 81' lang='grc' dir='ltr'><strong>στολῆς</strong></span> <span class='ocrx_word' id='word_1_419' title='bbox 2504 2715 2665 2791; x_wconf 63' lang='grc' dir='ltr'>ἴσως,</span> <span class='ocrx_word' id='word_1_420' title='bbox 2717 2720 2805 2776; x_wconf 80' lang='grc' dir='ltr'><strong>καὶ</strong></span> <span class='ocrx_word' id='word_1_421' title='bbox 2846 2720 2940 2787; x_wconf 75' lang='grc' dir='ltr'><strong>τῆς</strong></span> <span class='ocrx_word' id='word_1_422' title='bbox 2994 2718 3165 2787; x_wconf 72' lang='grc' dir='ltr'>ἄλλης</span> <span class='ocrx_word' id='word_1_423' title='bbox 3222 2719 3340 2796; x_wconf 85' lang='grc' dir='ltr'>περὶ</span> <span class='ocrx_word' id='word_1_424' title='bbox 3410 2720 3470 2776; x_wconf 85' lang='grc' dir='ltr'>τὸ</span> <span class='ocrx_word' id='word_1_425' title='bbox 3536 2723 3693 2791; x_wconf 83' lang='grc' dir='ltr'>σῶμα</span> <span class='ocrx_word' id='word_1_426' title='bbox 3734 2713 3921 2772; x_wconf 84' lang='grc' dir='ltr'>διαθέ-</span> 
     </span>
    </p>
   </div>
   <div class='ocr_carea' id='block_1_58' title="bbox 2263 2807 3918 2890">
    <p class='ocr_par' dir='ltr' id='par_1_58' title="bbox 2263 2807 3918 2890">
     <span class='ocr_line' id='line_1_58' title="bbox 2263 2807 3918 2890; baseline -0.007 -18"><span class='ocrx_word' id='word_1_427' title='bbox 2263 2826 2419 2885; x_wconf 85' lang='grc' dir='ltr'>σεως,</span> <span class='ocrx_word' id='word_1_428' title='bbox 2465 2808 2550 2864; x_wconf 79' lang='grc' dir='ltr'>καὶ</span> <span class='ocrx_word' id='word_1_429' title='bbox 2612 2808 2775 2876; x_wconf 73' lang='grc' dir='ltr'>αὒτῆς</span> <span class='ocrx_word' id='word_1_430' title='bbox 2833 2811 2931 2877; x_wconf 75' lang='grc' dir='ltr'>τῆς</span> <span class='ocrx_word' id='word_1_431' title='bbox 2975 2807 3211 2890; x_wconf 82' lang='grc' dir='ltr'>ὁμιλίας,</span> <span class='ocrx_word' id='word_1_432' title='bbox 3243 2809 3486 2884; x_wconf 80' lang='grc' dir='ltr'>ἐνόμισεν</span> <span class='ocrx_word' id='word_1_433' title='bbox 3515 2809 3549 2876; x_wconf 79' lang='grc' dir='ltr'>ἠ</span> <span class='ocrx_word' id='word_1_434' title='bbox 3582 2813 3918 2884; x_wconf 83' lang='grc' dir='ltr'>Σαμαρεῖτις</span> 
     </span>
    </p>
   </div>
   <div class='ocr_carea' id='block_1_59' title="bbox 2265 2891 3920 2978">
    <p class='ocr_par' dir='ltr' id='par_1_59' title="bbox 2265 2891 3920 2978">
     <span class='ocr_line' id='line_1_59' title="bbox 2265 2891 3920 2978; baseline -0.001 -26"><span class='ocrx_word' id='word_1_435' title='bbox 2265 2891 2523 2954; x_wconf 80' lang='grc' dir='ltr'>Ἰουδαῖον</span> <span class='ocrx_word' id='word_1_436' title='bbox 2593 2902 2732 2955; x_wconf 79' lang='grc' dir='ltr'>εἶναι</span> <span class='ocrx_word' id='word_1_437' title='bbox 2796 2900 2888 2956; x_wconf 77' lang='grc' dir='ltr'><strong>τὸν</strong></span> <span class='ocrx_word' id='word_1_438' title='bbox 2953 2901 3140 2978; x_wconf 83' lang='grc' dir='ltr'>Κύριον</span> <span class='ocrx_word' id='word_1_439' title='bbox 3170 2915 3185 2929; x_wconf 84' lang='grc'><strong>⁸</strong></span> <span class='ocrx_word' id='word_1_440' title='bbox 3256 2896 3335 2955; x_wconf 82' lang='grc' dir='ltr'><strong>διὸ</strong></span> <span class='ocrx_word' id='word_1_441' title='bbox 3410 2899 3497 2954; x_wconf 89' lang='grc' dir='ltr'><strong>καὶ</strong></span> <span class='ocrx_word' id='word_1_442' title='bbox 3552 2898 3682 2975; x_wconf 83' lang='grc' dir='ltr'>πρὸς</span> <span class='ocrx_word' id='word_1_443' title='bbox 3756 2897 3920 2978; x_wconf 71' lang='grc' dir='ltr'>αῦτὸν</span> 
     </span>
    </p>
   </div>
   <div class='ocr_carea' id='block_1_60' title="bbox 2261 2974 3916 3064">
    <p class='ocr_par' dir='ltr' id='par_1_60' title="bbox 2261 2974 3916 3064">
     <span class='ocr_line' id='line_1_60' title="bbox 2261 2974 3916 3064; baseline 0 -24"><span class='ocrx_word' id='word_1_444' title='bbox 2261 2983 2403 3063; x_wconf 88' lang='grc' dir='ltr'>λέγει</span> <span class='ocrx_word' id='word_1_445' title='bbox 2440 3005 2453 3019; x_wconf 84' lang='lat'><strong>&#39;</strong></span> <span class='ocrx_word' id='word_1_446' title='bbox 2509 3010 2537 3042; x_wconf 73' lang='grc' dir='ltr'><strong>α</strong></span> <span class='ocrx_word' id='word_1_447' title='bbox 2594 2992 2711 3055; x_wconf 81' lang='grc' dir='ltr'>Πῶς</span> <span class='ocrx_word' id='word_1_448' title='bbox 2761 2990 2821 3046; x_wconf 84' lang='grc' dir='ltr'>σὺ</span> <span class='ocrx_word' id='word_1_449' title='bbox 2863 2974 3122 3053; x_wconf 70' lang='grc' dir='ltr'>Ἰουδαῖος</span> <span class='ocrx_word' id='word_1_450' title='bbox 3154 2989 3252 3048; x_wconf 81' lang='grc' dir='ltr'><strong>ὢν.</strong></span> <span class='ocrx_word' id='word_1_451' title='bbox 3284 3009 3311 3047; x_wconf 74' lang='grc' dir='ltr'><strong><em>ι</em></strong></span> <span class='ocrx_word' id='word_1_452' title='bbox 3360 2989 3450 3044; x_wconf 85' lang='grc' dir='ltr'><strong>καὶ</strong></span> <span class='ocrx_word' id='word_1_453' title='bbox 3491 2987 3559 3045; x_wconf 80' lang='grc' dir='ltr'><strong>τὰ</strong></span> <span class='ocrx_word' id='word_1_454' title='bbox 3585 2974 3731 3053; x_wconf 61' lang='lat' dir='ltr'><strong>Etim.</strong></span> <span class='ocrx_word' id='word_1_455' title='bbox 3764 2974 3916 3064; x_wconf 66' lang='grc' dir='ltr'><strong>ιὈρα</strong></span> 
     </span>
    </p>
   </div>
   <div class='ocr_carea' id='block_1_61' title="bbox 2260 3071 3915 3156">
    <p class='ocr_par' dir='ltr' id='par_1_61' title="bbox 2260 3071 3915 3156">
     <span class='ocr_line' id='line_1_61' title="bbox 2260 3071 3915 3156; baseline 0 -27"><span class='ocrx_word' id='word_1_456' title='bbox 2260 3071 2315 3130; x_wconf 80' lang='grc' dir='ltr'>δὲ</span> <span class='ocrx_word' id='word_1_457' title='bbox 2377 3084 2491 3141; x_wconf 81' lang='grc' dir='ltr'><strong>πῶς</strong></span> <span class='ocrx_word' id='word_1_458' title='bbox 2564 3076 2946 3155; x_wconf 82' lang='grc' dir='ltr'>διεσκέμμενον</span> <span class='ocrx_word' id='word_1_459' title='bbox 2996 3079 3063 3147; x_wconf 73' lang='grc' dir='ltr'>ἦν</span> <span class='ocrx_word' id='word_1_460' title='bbox 3119 3081 3181 3136; x_wconf 77' lang='grc' dir='ltr'><strong>τὸ</strong></span> <span class='ocrx_word' id='word_1_461' title='bbox 3247 3079 3480 3156; x_wconf 82' lang='grc' dir='ltr'>γύναιον,</span> <span class='ocrx_word' id='word_1_462' title='bbox 3542 3078 3599 3132; x_wconf 83' lang='grc' dir='ltr'>Εἰ</span> <span class='ocrx_word' id='word_1_463' title='bbox 3648 3077 3748 3154; x_wconf 73' lang='grc' dir='ltr'><strong>γὰρ</strong></span> <span class='ocrx_word' id='word_1_464' title='bbox 3807 3072 3915 3130; x_wconf 77' lang='grc' dir='ltr'>ἔδει</span> 
     </span>
    </p>
   </div>
   <div class='ocr_carea' id='block_1_62' title="bbox 512 3163 2176 3249">
    <p class='ocr_par' dir='ltr' id='par_1_62' title="bbox 512 3168 2176 3249">
     <span class='ocr_line' id='line_1_62' title="bbox 512 3168 2176 3249; baseline 0 -16"><span class='ocrx_word' id='word_1_465' title='bbox 512 3172 829 3234; x_wconf 91' lang='lat' dir='ltr'><strong>Dominum</strong></span> <span class='ocrx_word' id='word_1_466' title='bbox 871 3168 1209 3249; x_wconf 87' lang='lat' dir='ltr'><strong>oportebat,</strong></span> <span class='ocrx_word' id='word_1_467' title='bbox 1272 3189 1388 3229; x_wconf 92' lang='lat' dir='ltr'><strong>non</strong></span> <span class='ocrx_word' id='word_1_468' title='bbox 1451 3169 1639 3232; x_wconf 89' lang='lat' dir='ltr'><strong>illam.</strong></span> <span class='ocrx_word' id='word_1_469' title='bbox 1675 3168 1806 3230; x_wconf 88' lang='lat' dir='ltr'><strong>Non</strong></span> <span class='ocrx_word' id='word_1_470' title='bbox 1838 3170 1997 3229; x_wconf 91' lang='lat' dir='ltr'><strong>enim</strong></span> <span class='ocrx_word' id='word_1_471' title='bbox 2031 3170 2176 3233; x_wconf 89' lang='lat' dir='ltr'><strong>dixit</strong></span> 
     </span>
    </p>
   </div>
   <div class='ocr_carea' id='block_1_63' title="bbox 2265 3163 3918 3249">
    <p class='ocr_par' dir='ltr' id='par_1_63' title="bbox 2265 3163 3918 3249">
     <span class='ocr_line' id='line_1_63' title="bbox 2265 3163 3918 3249; baseline 0.012 -29"><span class='ocrx_word' id='word_1_472' title='bbox 2265 3163 2606 3248; x_wconf 73' lang='grc' dir='ltr'>φυλάξασθαι,</span> <span class='ocrx_word' id='word_1_473' title='bbox 2666 3170 2757 3224; x_wconf 85' lang='grc' dir='ltr'>τὸν</span> <span class='ocrx_word' id='word_1_474' title='bbox 2812 3169 3001 3249; x_wconf 78' lang='grc' dir='ltr'>Κύριον</span> <span class='ocrx_word' id='word_1_475' title='bbox 3070 3167 3196 3244; x_wconf 78' lang='grc' dir='ltr'>ἔδει,</span> <span class='ocrx_word' id='word_1_476' title='bbox 3262 3171 3355 3227; x_wconf 80' lang='grc' dir='ltr'>οὒκ</span> <span class='ocrx_word' id='word_1_477' title='bbox 3394 3166 3623 3234; x_wconf 70' lang='grc' dir='ltr'>ἐκείντινο</span> <span class='ocrx_word' id='word_1_478' title='bbox 3682 3167 3754 3222; x_wconf 68' lang='grc' dir='ltr'><strong>Οὗ</strong></span> <span class='ocrx_word' id='word_1_479' title='bbox 3809 3165 3918 3243; x_wconf 72' lang='grc' dir='ltr'><strong>γὰρ</strong></span> 
     </span>
    </p>
   </div>
   <div class='ocr_carea' id='block_1_64' title="bbox 509 3256 2176 3343">
    <p class='ocr_par' dir='ltr' id='par_1_64' title="bbox 509 3258 2172 3343">
     <span class='ocr_line' id='line_1_64' title="bbox 509 3258 2172 3343; baseline -0.002 -20"><span class='ocrx_word' id='word_1_480' title='bbox 509 3263 666 3343; x_wconf 88' lang='lat' dir='ltr'><strong>quod</strong></span> <span class='ocrx_word' id='word_1_481' title='bbox 701 3259 1056 3323; x_wconf 89' lang='lat' dir='ltr'><strong>Samaritani</strong></span> <span class='ocrx_word' id='word_1_482' title='bbox 1082 3258 1583 3321; x_wconf 83' lang='lat' dir='ltr'><strong>consuetudinem</strong></span> <span class='ocrx_word' id='word_1_483' title='bbox 1618 3278 1737 3319; x_wconf 92' lang='lat' dir='ltr'><strong>non</strong></span> <span class='ocrx_word' id='word_1_484' title='bbox 1784 3258 2007 3322; x_wconf 86' lang='lat' dir='ltr'><strong>habent</strong></span> <span class='ocrx_word' id='word_1_485' title='bbox 2039 3279 2172 3320; x_wconf 89' lang='lat' dir='ltr'><strong>cum</strong></span> 
     </span>
    </p>
   </div>
   <div class='ocr_carea' id='block_1_65' title="bbox 2265 3256 3913 3343">
    <p class='ocr_par' dir='ltr' id='par_1_65' title="bbox 2265 3256 3913 3343">
     <span class='ocr_line' id='line_1_65' title="bbox 2265 3256 3913 3343; baseline -0.001 -31"><span class='ocrx_word' id='word_1_486' title='bbox 2265 3260 2435 3333; x_wconf 76' lang='grc' dir='ltr'>εἶπεν,</span> <span class='ocrx_word' id='word_1_487' title='bbox 2512 3256 2591 3316; x_wconf 62' lang='grc' dir='ltr'>ὂίτι</span> <span class='ocrx_word' id='word_1_488' title='bbox 2651 3258 2919 3343; x_wconf 79' lang='grc' dir='ltr'>Ἰουδαίοις</span> <span class='ocrx_word' id='word_1_489' title='bbox 3004 3263 3063 3318; x_wconf 77' lang='grc' dir='ltr'>οὗ</span> <span class='ocrx_word' id='word_1_490' title='bbox 3110 3266 3471 3340; x_wconf 80' lang='grc' dir='ltr'>συγχρῶνται</span> <span class='ocrx_word' id='word_1_491' title='bbox 3548 3264 3913 3343; x_wconf 55' lang='grc' dir='ltr'>Σὶαμαρεῖται,</span> 
     </span>
    </p>
   </div>
   <div class='ocr_carea' id='block_1_66' title="bbox 507 3336 2176 3431">
    <p class='ocr_par' dir='ltr' id='par_1_66' title="bbox 507 3336 2171 3429">
     <span class='ocr_line' id='line_1_66' title="bbox 507 3336 2171 3429; baseline -0.001 -17"><span class='ocrx_word' id='word_1_492' title='bbox 507 3336 750 3429; x_wconf 67' lang='grc' dir='ltr'><strong>Ιικίθθὶε,</strong></span> <span class='ocrx_word' id='word_1_493' title='bbox 776 3348 1099 3425; x_wconf 85' lang='lat' dir='ltr'><strong>sed,Judaei</strong></span> <span class='ocrx_word' id='word_1_494' title='bbox 1124 3368 1241 3409; x_wconf 90' lang='lat' dir='ltr'><strong>non</strong></span> <span class='ocrx_word' id='word_1_495' title='bbox 1267 3348 1489 3409; x_wconf 85' lang='lat' dir='ltr'><strong>habent</strong></span> <span class='ocrx_word' id='word_1_496' title='bbox 1512 3349 2006 3411; x_wconf 89' lang='lat' dir='ltr'><strong>consuetudinem</strong></span> <span class='ocrx_word' id='word_1_497' title='bbox 2036 3368 2171 3410; x_wconf 90' lang='lat' dir='ltr'><strong>cum</strong></span> 
     </span>
    </p>
   </div>
   <div class='ocr_carea' id='block_1_67' title="bbox 2265 3336 3914 3431">
    <p class='ocr_par' dir='ltr' id='par_1_67' title="bbox 2265 3336 3914 3431">
     <span class='ocr_line' id='line_1_67' title="bbox 2265 3336 3914 3431; baseline -0.006 -22"><span class='ocrx_word' id='word_1_498' title='bbox 2265 3345 2402 3422; x_wconf 68' lang='grc' dir='ltr'>ἆλλ’,</span> <span class='ocrx_word' id='word_1_499' title='bbox 2452 3346 2700 3426; x_wconf 82' lang='grc' dir='ltr'>Ἰουδαῖοι</span> <span class='ocrx_word' id='word_1_500' title='bbox 2732 3340 3064 3431; x_wconf 81' lang='grc' dir='ltr'>Σαμαρείτας</span> <span class='ocrx_word' id='word_1_501' title='bbox 3106 3352 3165 3408; x_wconf 77' lang='grc' dir='ltr'>οὐ</span> <span class='ocrx_word' id='word_1_502' title='bbox 3205 3336 3532 3427; x_wconf 73' lang='grc' dir='ltr'>προσίενται.</span> <span class='ocrx_word' id='word_1_503' title='bbox 3582 3336 3737 3419; x_wconf 61' lang='grc' dir='ltr'>’Λλλζ</span> <span class='ocrx_word' id='word_1_504' title='bbox 3759 3343 3914 3420; x_wconf 81' lang='grc' dir='ltr'>ὅμως</span> 
     </span>
    </p>
   </div>
   <div class='ocr_carea' id='block_1_68' title="bbox 508 3435 2176 3520">
    <p class='ocr_par' dir='ltr' id='par_1_68' title="bbox 508 3438 2170 3519">
     <span class='ocr_line' id='line_1_68' title="bbox 508 3438 2170 3519; baseline -0.004 -14"><span class='ocrx_word' id='word_1_505' title='bbox 508 3439 921 3505; x_wconf 87' lang='lat' dir='ltr'><strong>Samaritanis.</strong></span> <span class='ocrx_word' id='word_1_506' title='bbox 953 3440 1231 3500; x_wconf 87' lang='lat' dir='ltr'><strong>Attamen</strong></span> <span class='ocrx_word' id='word_1_507' title='bbox 1269 3456 1462 3518; x_wconf 92' lang='lat' dir='ltr'><strong>neque</strong></span> <span class='ocrx_word' id='word_1_508' title='bbox 1499 3438 1583 3499; x_wconf 91' lang='lat' dir='ltr'><strong>sic</strong></span> <span class='ocrx_word' id='word_1_509' title='bbox 1616 3446 1787 3519; x_wconf 87' lang='lat' dir='ltr'><strong>tacet,</strong></span> <span class='ocrx_word' id='word_1_510' title='bbox 1827 3439 1932 3500; x_wconf 91' lang='lat' dir='ltr'><strong>sed</strong></span> <span class='ocrx_word' id='word_1_511' title='bbox 1963 3439 2170 3501; x_wconf 85' lang='lat' dir='ltr'><strong>existi-</strong></span> 
     </span>
    </p>
   </div>
   <div class='ocr_carea' id='block_1_69' title="bbox 2265 3435 3913 3520">
    <p class='ocr_par' dir='ltr' id='par_1_69' title="bbox 2265 3435 3913 3520">
     <span class='ocr_line' id='line_1_69' title="bbox 2265 3435 3913 3520; baseline -0.002 -26"><span class='ocrx_word' id='word_1_512' title='bbox 2265 3436 2456 3515; x_wconf 71' lang='grc' dir='ltr'>ἧγυνὴ</span> <span class='ocrx_word' id='word_1_513' title='bbox 2500 3436 2616 3496; x_wconf 78' lang='grc' dir='ltr'>οὐδὲ</span> <span class='ocrx_word' id='word_1_514' title='bbox 2673 3440 2841 3504; x_wconf 78' lang='grc' dir='ltr'>οὕτως</span> <span class='ocrx_word' id='word_1_515' title='bbox 2884 3446 3037 3520; x_wconf 80' lang='grc' dir='ltr'>σιγᾷ,</span> <span class='ocrx_word' id='word_1_516' title='bbox 3093 3438 3211 3497; x_wconf 82' lang='grc' dir='ltr'>ἀλλ’</span> <span class='ocrx_word' id='word_1_517' title='bbox 3265 3441 3508 3506; x_wconf 82' lang='grc' dir='ltr'>οἰηθεῖσα</span> <span class='ocrx_word' id='word_1_518' title='bbox 3564 3438 3654 3494; x_wconf 79' lang='grc' dir='ltr'><strong>τὸν</strong></span> <span class='ocrx_word' id='word_1_519' title='bbox 3722 3435 3913 3514; x_wconf 76' lang='grc' dir='ltr'>Κύριον</span> 
     </span>
    </p>
   </div>
   <div class='ocr_carea' id='block_1_70' title="bbox 508 3524 2176 3609">
    <p class='ocr_par' dir='ltr' id='par_1_70' title="bbox 508 3527 2170 3609">
     <span class='ocr_line' id='line_1_70' title="bbox 508 3527 2170 3609; baseline 0.001 -20"><span class='ocrx_word' id='word_1_520' title='bbox 508 3541 676 3597; x_wconf 83' lang='lat' dir='ltr'><strong>mans</strong></span> <span class='ocrx_word' id='word_1_521' title='bbox 708 3528 1025 3589; x_wconf 91' lang='lat' dir='ltr'><strong>Dominum</strong></span> <span class='ocrx_word' id='word_1_522' title='bbox 1060 3546 1186 3588; x_wconf 84' lang='lat' dir='ltr'><strong>rem</strong></span> <span class='ocrx_word' id='word_1_523' title='bbox 1215 3527 1481 3588; x_wconf 86' lang='lat' dir='ltr'><strong>illicitam</strong></span> <span class='ocrx_word' id='word_1_524' title='bbox 1521 3528 2170 3609; x_wconf 82' lang='lat' dir='ltr'><strong>facere,corrigitquod</strong></span> 
     </span>
    </p>
   </div>
   <div class='ocr_carea' id='block_1_71' title="bbox 2265 3524 3914 3609">
    <p class='ocr_par' dir='ltr' id='par_1_71' title="bbox 2265 3524 3914 3609">
     <span class='ocr_line' id='line_1_71' title="bbox 2265 3524 3914 3609; baseline 0.003 -28"><span class='ocrx_word' id='word_1_525' title='bbox 2265 3532 2478 3605; x_wconf 82' lang='grc' dir='ltr'>πρᾶγμα</span> <span class='ocrx_word' id='word_1_526' title='bbox 2534 3531 2845 3609; x_wconf 84' lang='grc' dir='ltr'>παράνομον</span> <span class='ocrx_word' id='word_1_527' title='bbox 2901 3543 3104 3604; x_wconf 84' lang='grc' dir='ltr'>ποιεῖν,</span> <span class='ocrx_word' id='word_1_528' title='bbox 3172 3527 3464 3607; x_wconf 78' lang='grc' dir='ltr'>διορθοῦται</span> <span class='ocrx_word' id='word_1_529' title='bbox 3518 3529 3579 3584; x_wconf 82' lang='grc' dir='ltr'><strong>τὸ</strong></span> <span class='ocrx_word' id='word_1_530' title='bbox 3636 3526 3714 3602; x_wconf 78' lang='grc' dir='ltr'>μὴ</span> <span class='ocrx_word' id='word_1_531' title='bbox 3770 3524 3914 3582; x_wconf 68' lang='grc' dir='ltr'><strong>ιατᾶ</strong></span> 
     </span>
    </p>
   </div>
   <div class='ocr_carea' id='block_1_72' title="bbox 505 3610 2176 3699">
    <p class='ocr_par' dir='ltr' id='par_1_72' title="bbox 505 3616 2172 3699">
     <span class='ocr_line' id='line_1_72' title="bbox 505 3616 2172 3699; baseline 0.001 -20"><span class='ocrx_word' id='word_1_532' title='bbox 505 3630 727 3699; x_wconf 66' lang='lat' dir='ltr'><strong>praeter</strong></span> <span class='ocrx_word' id='word_1_533' title='bbox 766 3618 956 3697; x_wconf 81' lang='lat' dir='ltr'><strong>legem</strong></span> <span class='ocrx_word' id='word_1_534' title='bbox 986 3616 1473 3680; x_wconf 82' lang='lat' dir='ltr'><strong>ﬁebat.Christus</strong></span> <span class='ocrx_word' id='word_1_535' title='bbox 1495 3626 1691 3679; x_wconf 89' lang='lat' dir='ltr'><strong>autem</strong></span> <span class='ocrx_word' id='word_1_536' title='bbox 1723 3636 1843 3679; x_wconf 86' lang='lat' dir='ltr'><strong>non</strong></span> <span class='ocrx_word' id='word_1_537' title='bbox 1869 3619 2035 3695; x_wconf 90' lang='lat' dir='ltr'><strong>prius</strong></span> <span class='ocrx_word' id='word_1_538' title='bbox 2052 3638 2172 3680; x_wconf 90' lang='lat' dir='ltr'><strong>ma-</strong></span> 
     </span>
    </p>
   </div>
   <div class='ocr_carea' id='block_1_73' title="bbox 2265 3610 3918 3699">
    <p class='ocr_par' dir='ltr' id='par_1_73' title="bbox 2265 3610 3918 3699">
     <span class='ocr_line' id='line_1_73' title="bbox 2265 3610 3918 3699; baseline -0.002 -27"><span class='ocrx_word' id='word_1_539' title='bbox 2265 3618 2417 3692; x_wconf 73' lang='grc' dir='ltr'>νόμον</span> <span class='ocrx_word' id='word_1_540' title='bbox 2472 3619 2775 3697; x_wconf 77' lang='grc' dir='ltr'>γινόμενον,</span> <span class='ocrx_word' id='word_1_541' title='bbox 2844 3610 2902 3678; x_wconf 77' lang='grc'><strong>’0</strong></span> <span class='ocrx_word' id='word_1_542' title='bbox 2946 3617 3000 3675; x_wconf 74' lang='grc' dir='ltr'>δὲ</span> <span class='ocrx_word' id='word_1_543' title='bbox 3060 3620 3286 3699; x_wconf 81' lang='grc' dir='ltr'>Χριστὸς</span> <span class='ocrx_word' id='word_1_544' title='bbox 3330 3623 3389 3677; x_wconf 82' lang='grc' dir='ltr'>οὒ</span> <span class='ocrx_word' id='word_1_545' title='bbox 3445 3617 3696 3697; x_wconf 85' lang='grc' dir='ltr'>πρότερον</span> <span class='ocrx_word' id='word_1_546' title='bbox 3754 3613 3918 3671; x_wconf 69' lang='grc' dir='ltr'>ἓκκα.</span> 
     </span>
    </p>
   </div>
   <div class='ocr_carea' id='block_1_74' title="bbox 504 3704 2176 3790">
    <p class='ocr_par' dir='ltr' id='par_1_74' title="bbox 504 3707 2164 3788">
     <span class='ocr_line' id='line_1_74' title="bbox 504 3707 2164 3788; baseline 0.001 -18"><span class='ocrx_word' id='word_1_547' title='bbox 504 3708 750 3771; x_wconf 73' lang='lat' dir='ltr'><strong>nifestal</strong></span> <span class='ocrx_word' id='word_1_548' title='bbox 821 3726 1093 3788; x_wconf 83' lang='lat' dir='ltr'><strong>se,quam</strong></span> <span class='ocrx_word' id='word_1_549' title='bbox 1171 3707 1355 3768; x_wconf 86' lang='lat' dir='ltr'><strong>virtus</strong></span> <span class='ocrx_word' id='word_1_550' title='bbox 1439 3707 1708 3768; x_wconf 88' lang='lat' dir='ltr'><strong>mulieris</strong></span> <span class='ocrx_word' id='word_1_551' title='bbox 1780 3714 2164 3772; x_wconf 88' lang='lat' dir='ltr'><strong>monstretur.</strong></span> 
     </span>
    </p>
   </div>
   <div class='ocr_carea' id='block_1_75' title="bbox 2265 3704 3909 3790">
    <p class='ocr_par' dir='ltr' id='par_1_75' title="bbox 2265 3704 3909 3790">
     <span class='ocr_line' id='line_1_75' title="bbox 2265 3704 3909 3790; baseline -0.001 -28"><span class='ocrx_word' id='word_1_552' title='bbox 2265 3707 2435 3763; x_wconf 65' lang='lat' dir='ltr'><strong>lii-mei.</strong></span> <span class='ocrx_word' id='word_1_553' title='bbox 2502 3709 2709 3785; x_wconf 78' lang='grc' dir='ltr'>ἑαυτὸν,</span> <span class='ocrx_word' id='word_1_554' title='bbox 2770 3711 2890 3789; x_wconf 81' lang='grc' dir='ltr'>πρὶν</span> <span class='ocrx_word' id='word_1_555' title='bbox 2946 3712 2981 3779; x_wconf 78' lang='grc' dir='ltr'>ἡ</span> <span class='ocrx_word' id='word_1_556' title='bbox 3030 3709 3194 3790; x_wconf 80' lang='grc' dir='ltr'>ἀρετὴ</span> <span class='ocrx_word' id='word_1_557' title='bbox 3240 3712 3336 3779; x_wconf 77' lang='grc' dir='ltr'>τῆς</span> <span class='ocrx_word' id='word_1_558' title='bbox 3363 3709 3611 3788; x_wconf 81' lang='grc' dir='ltr'>γυναικὸς</span> <span class='ocrx_word' id='word_1_559' title='bbox 3640 3704 3909 3786; x_wconf 81' lang='grc' dir='ltr'>δειχθείη,</span> 
     </span>
    </p>
   </div>
   <div class='ocr_carea' id='block_1_76' title="bbox 500 3793 2176 3880">
    <p class='ocr_par' dir='ltr' id='par_1_76' title="bbox 500 3796 2164 3878">
     <span class='ocr_line' id='line_1_76' title="bbox 500 3796 2164 3878; baseline -0.001 -18"><span class='ocrx_word' id='word_1_560' title='bbox 500 3801 820 3878; x_wconf 88' lang='lat' dir='ltr'><strong>Postquam</strong></span> <span class='ocrx_word' id='word_1_561' title='bbox 844 3797 1316 3859; x_wconf 88' lang='lat' dir='ltr'><strong>autemindicata</strong></span> <span class='ocrx_word' id='word_1_562' title='bbox 1334 3796 1703 3857; x_wconf 89' lang='lat' dir='ltr'><strong>estmulieris</strong></span> <span class='ocrx_word' id='word_1_563' title='bbox 1728 3797 2164 3878; x_wconf 90' lang='lat' dir='ltr'><strong>virtus,etquod</strong></span> 
     </span>
    </p>
   </div>
   <div class='ocr_carea' id='block_1_77' title="bbox 2265 3793 3910 3880">
    <p class='ocr_par' dir='ltr' id='par_1_77' title="bbox 2271 3794 3910 3880">
     <span class='ocr_line' id='line_1_77' title="bbox 2271 3794 3910 3880; baseline -0.001 -28"><span class='ocrx_word' id='word_1_564' title='bbox 2271 3797 2399 3853; x_wconf 86' lang='grc' dir='ltr'>Επεὶ</span> <span class='ocrx_word' id='word_1_565' title='bbox 2452 3798 2551 3877; x_wconf 80' lang='grc' dir='ltr'><strong>γὰρ</strong></span> <span class='ocrx_word' id='word_1_566' title='bbox 2602 3798 2815 3880; x_wconf 68' lang='grc' dir='ltr'>ἓδείχθη</span> <span class='ocrx_word' id='word_1_567' title='bbox 2873 3801 2965 3856; x_wconf 79' lang='grc' dir='ltr'><strong>τοῦ</strong></span> <span class='ocrx_word' id='word_1_568' title='bbox 3021 3799 3232 3879; x_wconf 79' lang='grc' dir='ltr'>γυναίου</span> <span class='ocrx_word' id='word_1_569' title='bbox 3295 3798 3325 3865; x_wconf 74' lang='grc' dir='ltr'><em>ἣ</em></span> <span class='ocrx_word' id='word_1_570' title='bbox 3397 3799 3583 3877; x_wconf 73' lang='grc' dir='ltr'>ἀρετὴ,</span> <span class='ocrx_word' id='word_1_571' title='bbox 3654 3796 3744 3857; x_wconf 74' lang='grc' dir='ltr'>καὶ</span> <span class='ocrx_word' id='word_1_572' title='bbox 3821 3794 3910 3851; x_wconf 78' lang='grc' dir='ltr'>ὄτι</span> 
     </span>
    </p>
   </div>
   <div class='ocr_carea' id='block_1_78' title="bbox 506 3882 2176 3968">
    <p class='ocr_par' dir='ltr' id='par_1_78' title="bbox 506 3885 2164 3965">
     <span class='ocr_line' id='line_1_78' title="bbox 506 3885 2164 3965; baseline 0.001 -18"><span class='ocrx_word' id='word_1_573' title='bbox 506 3894 621 3947; x_wconf 86' lang='lat' dir='ltr'><strong>tam</strong></span> <span class='ocrx_word' id='word_1_574' title='bbox 682 3887 1114 3965; x_wconf 86' lang='lat' dir='ltr'><strong>circumspecta</strong></span> <span class='ocrx_word' id='word_1_575' title='bbox 1145 3894 1201 3945; x_wconf 90' lang='lat' dir='ltr'><strong>et</strong></span> <span class='ocrx_word' id='word_1_576' title='bbox 1238 3885 1492 3963; x_wconf 81' lang='lat' dir='ltr'><strong>diligens</strong></span> <span class='ocrx_word' id='word_1_577' title='bbox 1523 3894 1710 3961; x_wconf 89' lang='lat' dir='ltr'><strong>esset,</strong></span> <span class='ocrx_word' id='word_1_578' title='bbox 1749 3895 1888 3947; x_wconf 90' lang='lat' dir='ltr'><strong>tunc</strong></span> <span class='ocrx_word' id='word_1_579' title='bbox 1923 3888 2164 3949; x_wconf 89' lang='lat' dir='ltr'><strong>tandem</strong></span> 
     </span>
    </p>
   </div>
   <div class='ocr_carea' id='block_1_79' title="bbox 2265 3882 3910 3968">
    <p class='ocr_par' dir='ltr' id='par_1_79' title="bbox 2265 3882 3910 3968">
     <span class='ocr_line' id='line_1_79' title="bbox 2265 3882 3910 3968; baseline 0.001 -27"><span class='ocrx_word' id='word_1_580' title='bbox 2265 3884 2420 3949; x_wconf 57' lang='grc' dir='ltr'>οὕτως</span> <span class='ocrx_word' id='word_1_581' title='bbox 2477 3885 2833 3966; x_wconf 86' lang='grc' dir='ltr'>διεσκεμμένη</span> <span class='ocrx_word' id='word_1_582' title='bbox 2884 3892 2973 3946; x_wconf 84' lang='grc' dir='ltr'>καὶ</span> <span class='ocrx_word' id='word_1_583' title='bbox 3025 3885 3247 3968; x_wconf 74' lang='grc' dir='ltr'>ἀκριϐής</span> <span class='ocrx_word' id='word_1_584' title='bbox 3306 3887 3439 3964; x_wconf 75' lang='grc' dir='ltr'>ἐστι,</span> <span class='ocrx_word' id='word_1_585' title='bbox 3506 3886 3627 3944; x_wconf 87' lang='grc' dir='ltr'>τότε</span> <span class='ocrx_word' id='word_1_586' title='bbox 3676 3882 3910 3965; x_wconf 50' lang='grc' dir='ltr'>ἄρχεται</span> 
     </span>
    </p>
   </div>
   <div class='ocr_carea' id='block_1_80' title="bbox 500 3973 2176 4055">
    <p class='ocr_par' dir='ltr' id='par_1_80' title="bbox 500 3973 2166 4055">
     <span class='ocr_line' id='line_1_80' title="bbox 500 3973 2166 4055; baseline 0.001 -19"><span class='ocrx_word' id='word_1_587' title='bbox 500 3975 713 4055; x_wconf 89' lang='lat' dir='ltr'><strong>incipit</strong></span> <span class='ocrx_word' id='word_1_588' title='bbox 755 3974 915 4054; x_wconf 88' lang='lat' dir='ltr'><strong>loqui</strong></span> <span class='ocrx_word' id='word_1_589' title='bbox 972 3993 1105 4035; x_wconf 92' lang='lat' dir='ltr'><strong>cum</strong></span> <span class='ocrx_word' id='word_1_590' title='bbox 1153 3993 1220 4035; x_wconf 86' lang='lat' dir='ltr'><strong>ea</strong></span> <span class='ocrx_word' id='word_1_591' title='bbox 1268 3974 1341 4035; x_wconf 90' lang='lat' dir='ltr'><strong>de</strong></span> <span class='ocrx_word' id='word_1_592' title='bbox 1373 3973 1731 4035; x_wconf 92' lang='lat' dir='ltr'><strong>sublimibus</strong></span> <span class='ocrx_word' id='word_1_593' title='bbox 1768 3992 1780 4035; x_wconf 92' lang='lat'>:</span> <span class='ocrx_word' id='word_1_594' title='bbox 1823 3999 1847 4029; x_wconf 75' lang='grc' dir='ltr'><strong>α</strong></span> <span class='ocrx_word' id='word_1_595' title='bbox 1884 3975 1942 4037; x_wconf 89' lang='lat' dir='ltr'><strong>Si</strong></span> <span class='ocrx_word' id='word_1_596' title='bbox 1980 3976 2166 4037; x_wconf 88' lang='lat' dir='ltr'><strong>scires</strong></span> 
     </span>
    </p>
   </div>
   <div class='ocr_carea' id='block_1_81' title="bbox 2265 3973 3903 4055">
    <p class='ocr_par' dir='ltr' id='par_1_81' title="bbox 2265 3973 3903 4055">
     <span class='ocr_line' id='line_1_81' title="bbox 2265 3973 3903 4055; baseline 0.007 -27"><span class='ocrx_word' id='word_1_597' title='bbox 2265 3976 2437 4032; x_wconf 49' lang='grc' dir='ltr'>λοιπὸν</span> <span class='ocrx_word' id='word_1_598' title='bbox 2481 3981 2615 4055; x_wconf 75' lang='grc' dir='ltr'>αὐτῇ</span> <span class='ocrx_word' id='word_1_599' title='bbox 2659 3976 2870 4053; x_wconf 84' lang='grc' dir='ltr'>ὁμιλεῖν</span> <span class='ocrx_word' id='word_1_600' title='bbox 2915 3980 2979 4036; x_wconf 80' lang='grc' dir='ltr'>τὰ</span> <span class='ocrx_word' id='word_1_601' title='bbox 3019 3977 3348 4055; x_wconf 78' lang='grc' dir='ltr'>ὑψηλότερα.</span> <span class='ocrx_word' id='word_1_602' title='bbox 3409 4000 3431 4034; x_wconf 74' lang='grc' dir='ltr'><strong>ι</strong></span> <span class='ocrx_word' id='word_1_603' title='bbox 3492 3978 3551 4034; x_wconf 82' lang='grc' dir='ltr'>Εἰ</span> <span class='ocrx_word' id='word_1_604' title='bbox 3581 3973 3725 4052; x_wconf 70' lang='grc' dir='ltr'>ᾔδεις</span> <span class='ocrx_word' id='word_1_605' title='bbox 3772 3974 3903 4052; x_wconf 78' lang='grc' dir='ltr'>γὰρ,</span> 
     </span>
    </p>
   </div>
   <div class='ocr_carea' id='block_1_82' title="bbox 500 4062 2176 4146">
    <p class='ocr_par' dir='ltr' id='par_1_82' title="bbox 500 4063 2167 4144">
     <span class='ocr_line' id='line_1_82' title="bbox 500 4063 2167 4144; baseline 0.001 -19"><span class='ocrx_word' id='word_1_606' title='bbox 500 4064 687 4141; x_wconf 91' lang='lat' dir='ltr'><strong>enim,</strong></span> <span class='ocrx_word' id='word_1_607' title='bbox 728 4064 1196 4144; x_wconf 88' lang='lat' dir='ltr'><strong>inquit,domum</strong></span> <span class='ocrx_word' id='word_1_608' title='bbox 1233 4063 1524 4137; x_wconf 78' lang='lat' dir='ltr'><strong>Dei,nhoc</strong></span> <span class='ocrx_word' id='word_1_609' title='bbox 1556 4073 1665 4137; x_wconf 89' lang='lat' dir='ltr'><strong>est,</strong></span> <span class='ocrx_word' id='word_1_610' title='bbox 1698 4064 1745 4125; x_wconf 91' lang='lat' dir='ltr'><strong>si</strong></span> <span class='ocrx_word' id='word_1_611' title='bbox 1779 4074 2167 4144; x_wconf 87' lang='lat' dir='ltr'><strong>cognosceret</strong></span> 
     </span>
    </p>
   </div>
   <div class='ocr_carea' id='block_1_83' title="bbox 2265 4062 3909 4146">
    <p class='ocr_par' dir='ltr' id='par_1_83' title="bbox 2265 4062 3909 4146">
     <span class='ocr_line' id='line_1_83' title="bbox 2265 4062 3909 4146; baseline -0.01 -14"><span class='ocrx_word' id='word_1_612' title='bbox 2265 4065 2398 4143; x_wconf 75' lang='grc' dir='ltr'>ρησὶ,</span> <span class='ocrx_word' id='word_1_613' title='bbox 2433 4066 2528 4133; x_wconf 67' lang='grc' dir='ltr'><strong>τὴν</strong></span> <span class='ocrx_word' id='word_1_614' title='bbox 2571 4064 2767 4146; x_wconf 72' lang='grc' dir='ltr'>δωρεὰν</span> <span class='ocrx_word' id='word_1_615' title='bbox 2824 4076 2915 4126; x_wconf 90' lang='grc' dir='ltr'><strong>τοῦ</strong></span> <span class='ocrx_word' id='word_1_616' title='bbox 2965 4075 3116 4142; x_wconf 76' lang='grc' dir='ltr'>Θεοῦ,</span> <span class='ocrx_word' id='word_1_617' title='bbox 3179 4090 3203 4124; x_wconf 73' lang='grc' dir='ltr'>ι</span> <span class='ocrx_word' id='word_1_618' title='bbox 3252 4066 3542 4140; x_wconf 80' lang='grc' dir='ltr'>τουτέστιν,</span> <span class='ocrx_word' id='word_1_619' title='bbox 3604 4066 3649 4121; x_wconf 82' lang='grc' dir='ltr'>εἰ</span> <span class='ocrx_word' id='word_1_620' title='bbox 3705 4062 3909 4142; x_wconf 67' lang='grc' dir='ltr'>ὶγίνω-</span> 
     </span>
    </p>
   </div>
   <div class='ocr_carea' id='block_1_84' title="bbox 501 4151 2176 4236">
    <p class='ocr_par' dir='ltr' id='par_1_84' title="bbox 501 4153 2164 4234">
     <span class='ocr_line' id='line_1_84' title="bbox 501 4153 2164 4234; baseline 0.002 -22"><span class='ocrx_word' id='word_1_621' title='bbox 501 4153 643 4231; x_wconf 89' lang='lat' dir='ltr'><strong>quid</strong></span> <span class='ocrx_word' id='word_1_622' title='bbox 674 4153 856 4213; x_wconf 75' lang='lat' dir='ltr'><strong>donet</strong></span> <span class='ocrx_word' id='word_1_623' title='bbox 890 4155 1067 4225; x_wconf 91' lang='lat' dir='ltr'><strong>Deus,</strong></span> <span class='ocrx_word' id='word_1_624' title='bbox 1106 4170 1320 4232; x_wconf 86' lang='lat' dir='ltr'><strong>nempe</strong></span> <span class='ocrx_word' id='word_1_625' title='bbox 1372 4160 1593 4213; x_wconf 59' lang='lat' dir='ltr'><strong>mterna</strong></span> <span class='ocrx_word' id='word_1_626' title='bbox 1625 4164 1685 4213; x_wconf 80' lang='lat' dir='ltr'><strong>et</strong></span> <span class='ocrx_word' id='word_1_627' title='bbox 1734 4153 2164 4234; x_wconf 84' lang='lat' dir='ltr'><strong>incorruptibi-</strong></span> 
     </span>
    </p>
   </div>
   <div class='ocr_carea' id='block_1_85' title="bbox 2265 4151 3902 4236">
    <p class='ocr_par' dir='ltr' id='par_1_85' title="bbox 2265 4151 3902 4236">
     <span class='ocr_line' id='line_1_85' title="bbox 2265 4151 3902 4236; baseline -0.002 -25"><span class='ocrx_word' id='word_1_628' title='bbox 2265 4174 2396 4233; x_wconf 70' lang='grc' dir='ltr'>τκες,</span> <span class='ocrx_word' id='word_1_629' title='bbox 2430 4156 2481 4211; x_wconf 90' lang='grc' dir='ltr'><strong>τί</strong></span> <span class='ocrx_word' id='word_1_630' title='bbox 2509 4153 2756 4236; x_wconf 87' lang='grc' dir='ltr'>δωρεῖται</span> <span class='ocrx_word' id='word_1_631' title='bbox 2808 4161 2962 4235; x_wconf 84' lang='grc' dir='ltr'>Θεὸς,</span> <span class='ocrx_word' id='word_1_632' title='bbox 3026 4160 3111 4215; x_wconf 83' lang='grc' dir='ltr'><strong>καὶ</strong></span> <span class='ocrx_word' id='word_1_633' title='bbox 3154 4157 3241 4215; x_wconf 74' lang='grc' dir='ltr'>ὅτι</span> <span class='ocrx_word' id='word_1_634' title='bbox 3292 4159 3479 4215; x_wconf 78' lang='grc' dir='ltr'>αἰώνια</span> <span class='ocrx_word' id='word_1_635' title='bbox 3521 4158 3608 4213; x_wconf 84' lang='grc' dir='ltr'>καὶ</span> <span class='ocrx_word' id='word_1_636' title='bbox 3639 4151 3902 4234; x_wconf 68' lang='grc' dir='ltr'>ἄφθαρτα,</span> 
     </span>
    </p>
   </div>
   <div class='ocr_carea' id='block_1_86' title="bbox 500 4240 2176 4329">
    <p class='ocr_par' dir='ltr' id='par_1_86' title="bbox 500 4242 2159 4323">
     <span class='ocr_line' id='line_1_86' title="bbox 500 4242 2159 4323; baseline 0.004 -20"><span class='ocrx_word' id='word_1_637' title='bbox 500 4242 578 4305; x_wconf 90' lang='lat' dir='ltr'><strong>lia</strong></span> <span class='ocrx_word' id='word_1_638' title='bbox 608 4262 620 4306; x_wconf 92' lang='lat'>:</span> <span class='ocrx_word' id='word_1_639' title='bbox 657 4244 843 4304; x_wconf 89' lang='lat' dir='ltr'><strong>scires</strong></span> <span class='ocrx_word' id='word_1_640' title='bbox 869 4251 1067 4305; x_wconf 89' lang='lat' dir='ltr'><strong>autem</strong></span> <span class='ocrx_word' id='word_1_641' title='bbox 1126 4251 1179 4303; x_wconf 88' lang='lat' dir='ltr'><strong>et</strong></span> <span class='ocrx_word' id='word_1_642' title='bbox 1222 4261 1340 4323; x_wconf 84' lang='lat' dir='ltr'><strong>me,</strong></span> <span class='ocrx_word' id='word_1_643' title='bbox 1376 4244 1531 4322; x_wconf 92' lang='lat' dir='ltr'><strong>quod</strong></span> <span class='ocrx_word' id='word_1_644' title='bbox 1577 4263 1709 4304; x_wconf 91' lang='lat' dir='ltr'><strong>cum</strong></span> <span class='ocrx_word' id='word_1_645' title='bbox 1742 4243 1899 4306; x_wconf 91' lang='lat' dir='ltr'><strong>Deus</strong></span> <span class='ocrx_word' id='word_1_646' title='bbox 1930 4249 2066 4322; x_wconf 87' lang='lat' dir='ltr'><strong>sim,</strong></span> <span class='ocrx_word' id='word_1_647' title='bbox 2098 4258 2159 4310; x_wconf 89' lang='lat' dir='ltr'><strong>ut</strong></span> 
     </span>
    </p>
   </div>
   <div class='ocr_carea' id='block_1_87' title="bbox 2265 4240 3906 4329">
    <p class='ocr_par' dir='ltr' id='par_1_87' title="bbox 2265 4240 3906 4329">
     <span class='ocr_line' id='line_1_87' title="bbox 2265 4240 3906 4329; baseline -0.007 -20"><span class='ocrx_word' id='word_1_648' title='bbox 2265 4240 2388 4309; x_wconf 60' lang='grc' dir='ltr'>ίδεις</span> <span class='ocrx_word' id='word_1_649' title='bbox 2448 4242 2501 4299; x_wconf 74' lang='grc' dir='ltr'>δὲ</span> <span class='ocrx_word' id='word_1_650' title='bbox 2557 4248 2644 4303; x_wconf 83' lang='grc' dir='ltr'><strong>καὶ</strong></span> <span class='ocrx_word' id='word_1_651' title='bbox 2704 4247 2823 4329; x_wconf 75' lang='grc' dir='ltr'>ἐμὲ,</span> <span class='ocrx_word' id='word_1_652' title='bbox 2882 4248 2961 4306; x_wconf 74' lang='grc' dir='ltr'>ὅτι</span> <span class='ocrx_word' id='word_1_653' title='bbox 3019 4248 3149 4312; x_wconf 83' lang='grc' dir='ltr'>Θεός</span> <span class='ocrx_word' id='word_1_654' title='bbox 3193 4249 3268 4305; x_wconf 82' lang='grc' dir='ltr'>ὢν</span> <span class='ocrx_word' id='word_1_655' title='bbox 3315 4244 3540 4323; x_wconf 82' lang='grc' dir='ltr'>δύναμαι</span> <span class='ocrx_word' id='word_1_656' title='bbox 3611 4243 3776 4302; x_wconf 84' lang='grc' dir='ltr'>ταῦτά</span> <span class='ocrx_word' id='word_1_657' title='bbox 3817 4264 3906 4300; x_wconf 83' lang='grc' dir='ltr'><strong>σοι</strong></span> 
     </span>
    </p>
   </div>
   <div class='ocr_carea' id='block_1_88' title="bbox 500 4329 2176 4417">
    <p class='ocr_par' dir='ltr' id='par_1_88' title="bbox 500 4332 2159 4417">
     <span class='ocr_line' id='line_1_88' title="bbox 500 4332 2159 4417; baseline 0.004 -24"><span class='ocrx_word' id='word_1_658' title='bbox 500 4334 721 4414; x_wconf 89' lang='lat' dir='ltr'><strong>possim</strong></span> <span class='ocrx_word' id='word_1_659' title='bbox 787 4335 913 4395; x_wconf 68' lang='lat' dir='ltr'><strong>haec</strong></span> <span class='ocrx_word' id='word_1_660' title='bbox 966 4332 1071 4393; x_wconf 92' lang='lat' dir='ltr'><strong>tibi</strong></span> <span class='ocrx_word' id='word_1_661' title='bbox 1128 4334 1273 4393; x_wconf 87' lang='lat' dir='ltr'><strong>dare</strong></span> <span class='ocrx_word' id='word_1_662' title='bbox 1306 4354 1318 4395; x_wconf 92' lang='lat'>:</span> <span class='ocrx_word' id='word_1_663' title='bbox 1355 4342 1414 4392; x_wconf 94' lang='lat' dir='ltr'><strong>tu</strong></span> <span class='ocrx_word' id='word_1_664' title='bbox 1439 4332 1815 4413; x_wconf 78' lang='lat' dir='ltr'><strong>quaesivisses</strong></span> <span class='ocrx_word' id='word_1_665' title='bbox 1862 4335 2068 4417; x_wconf 89' lang='lat' dir='ltr'><strong>utique</strong></span> <span class='ocrx_word' id='word_1_666' title='bbox 2099 4343 2159 4399; x_wconf 88' lang='lat' dir='ltr'><strong>et</strong></span> 
     </span>
    </p>
   </div>
   <div class='ocr_carea' id='block_1_89' title="bbox 2265 4329 3907 4417">
    <p class='ocr_par' dir='ltr' id='par_1_89' title="bbox 2265 4333 3907 4415">
     <span class='ocr_line' id='line_1_89' title="bbox 2265 4333 3907 4415; baseline 0.009 -28"><span class='ocrx_word' id='word_1_667' title='bbox 2265 4337 2442 4409; x_wconf 77' lang='grc' dir='ltr'>ἰοῦναι,</span> <span class='ocrx_word' id='word_1_668' title='bbox 2500 4336 2563 4391; x_wconf 83' lang='grc' dir='ltr'>σύ</span> <span class='ocrx_word' id='word_1_669' title='bbox 2620 4335 2682 4392; x_wconf 78' lang='grc' dir='ltr'><strong>ἂν</strong></span> <span class='ocrx_word' id='word_1_670' title='bbox 2744 4337 3009 4409; x_wconf 73' lang='grc' dir='ltr'>ἐζήτησας</span> <span class='ocrx_word' id='word_1_671' title='bbox 3064 4341 3152 4396; x_wconf 85' lang='grc' dir='ltr'><strong>καὶ</strong></span> <span class='ocrx_word' id='word_1_672' title='bbox 3213 4336 3399 4402; x_wconf 69' lang='grc' dir='ltr'>ἔλαϐες</span> <span class='ocrx_word' id='word_1_673' title='bbox 3451 4334 3588 4415; x_wconf 77' lang='grc' dir='ltr'>ὕδωρ</span> <span class='ocrx_word' id='word_1_674' title='bbox 3616 4338 3741 4407; x_wconf 79' lang='grc' dir='ltr'><strong>ζῶνο</strong></span> <span class='ocrx_word' id='word_1_675' title='bbox 3788 4333 3907 4401; x_wconf 65' lang='grc' dir='ltr'><strong>Τὴν</strong></span> 
     </span>
    </p>
   </div>
   <div class='ocr_carea' id='block_1_90' title="bbox 498 4422 2176 4507">
    <p class='ocr_par' dir='ltr' id='par_1_90' title="bbox 498 4422 2159 4506">
     <span class='ocr_line' id='line_1_90' title="bbox 498 4422 2159 4506; baseline 0.002 -22"><span class='ocrx_word' id='word_1_676' title='bbox 498 4424 836 4502; x_wconf 88' lang='lat' dir='ltr'><strong>accepisses</strong></span> <span class='ocrx_word' id='word_1_677' title='bbox 864 4440 1073 4503; x_wconf 90' lang='lat' dir='ltr'><strong>aquam</strong></span> <span class='ocrx_word' id='word_1_678' title='bbox 1110 4422 1319 4483; x_wconf 90' lang='lat' dir='ltr'><strong>vivam.</strong></span> <span class='ocrx_word' id='word_1_679' title='bbox 1349 4423 1611 4484; x_wconf 89' lang='lat' dir='ltr'><strong>Gratiam</strong></span> <span class='ocrx_word' id='word_1_680' title='bbox 1640 4432 1843 4486; x_wconf 88' lang='lat' dir='ltr'><strong>autem</strong></span> <span class='ocrx_word' id='word_1_681' title='bbox 1896 4426 2159 4506; x_wconf 86' lang='lat' dir='ltr'><strong>Spiritus</strong></span> 
     </span>
    </p>
   </div>
   <div class='ocr_carea' id='block_1_91' title="bbox 2265 4422 3903 4507">
    <p class='ocr_par' dir='ltr' id='par_1_91' title="bbox 2265 4422 3903 4507">
     <span class='ocr_line' id='line_1_91' title="bbox 2265 4422 3903 4507; baseline 0.013 -30"><span class='ocrx_word' id='word_1_682' title='bbox 2265 4422 2405 4501; x_wconf 57' lang='grc' dir='ltr'>ίάριν</span> <span class='ocrx_word' id='word_1_683' title='bbox 2463 4422 2517 4480; x_wconf 80' lang='grc' dir='ltr'>δὲ</span> <span class='ocrx_word' id='word_1_684' title='bbox 2571 4434 2663 4483; x_wconf 89' lang='grc' dir='ltr'><strong>τοῦ</strong></span> <span class='ocrx_word' id='word_1_685' title='bbox 2719 4428 2869 4506; x_wconf 83' lang='grc' dir='ltr'>ἁγίου</span> <span class='ocrx_word' id='word_1_686' title='bbox 2928 4430 3259 4505; x_wconf 76' lang='grc' dir='ltr'>Πνεύματος,</span> <span class='ocrx_word' id='word_1_687' title='bbox 3320 4428 3457 4507; x_wconf 67' lang='grc' dir='ltr'>ὕδωρ</span> <span class='ocrx_word' id='word_1_688' title='bbox 3517 4427 3672 4506; x_wconf 75' lang='grc' dir='ltr'>φηαὶν</span> <span class='ocrx_word' id='word_1_689' title='bbox 3730 4427 3903 4499; x_wconf 57' lang='grc' dir='ltr'><strong>εἶπεν</strong></span> 
     </span>
    </p>
   </div>
   <div class='ocr_carea' id='block_1_92' title="bbox 496 4490 2176 4597">
    <p class='ocr_par' dir='ltr' id='par_1_92' title="bbox 496 4490 2161 4594">
     <span class='ocr_line' id='line_1_92' title="bbox 496 4490 2161 4594; baseline 0.005 -22"><span class='ocrx_word' id='word_1_690' title='bbox 496 4490 685 4574; x_wconf 76' lang='lat' dir='ltr'><strong>sancti</strong></span> <span class='ocrx_word' id='word_1_691' title='bbox 717 4490 935 4592; x_wconf 67' lang='lat' dir='ltr'><strong>aquarii</strong></span> <span class='ocrx_word' id='word_1_692' title='bbox 962 4511 1107 4571; x_wconf 90' lang='lat' dir='ltr'><strong>dicit</strong></span> <span class='ocrx_word' id='word_1_693' title='bbox 1133 4530 1288 4591; x_wconf 85' lang='lat' dir='ltr'><strong>esse,</strong></span> <span class='ocrx_word' id='word_1_694' title='bbox 1328 4519 1642 4591; x_wconf 89' lang='lat' dir='ltr'><strong>propterea</strong></span> <span class='ocrx_word' id='word_1_695' title='bbox 1689 4514 1844 4593; x_wconf 90' lang='lat' dir='ltr'><strong>quod</strong></span> <span class='ocrx_word' id='word_1_696' title='bbox 1881 4490 2161 4594; x_wconf 76' lang='lat' dir='ltr'><strong>puriﬁcat</strong></span> 
     </span>
    </p>
   </div>
   <div class='ocr_carea' id='block_1_93' title="bbox 2265 4490 3902 4597">
    <p class='ocr_par' dir='ltr' id='par_1_93' title="bbox 2265 4490 3902 4597">
     <span class='ocr_line' id='line_1_93' title="bbox 2265 4490 3902 4597; baseline 0.009 -30"><span class='ocrx_word' id='word_1_697' title='bbox 2265 4490 2374 4568; x_wconf 58' lang='lat' dir='ltr'><strong>iich</strong></span> <span class='ocrx_word' id='word_1_698' title='bbox 2432 4536 2489 4569; x_wconf 85' lang='grc' dir='ltr'><strong>τε</strong></span> <span class='ocrx_word' id='word_1_699' title='bbox 2548 4490 2779 4593; x_wconf 76' lang='grc' dir='ltr'>καθαίρεί</span> <span class='ocrx_word' id='word_1_700' title='bbox 2838 4519 2926 4573; x_wconf 86' lang='grc' dir='ltr'>καὶ</span> <span class='ocrx_word' id='word_1_701' title='bbox 2981 4490 3188 4587; x_wconf 78' lang='grc' dir='ltr'>πολλὴν</span> <span class='ocrx_word' id='word_1_702' title='bbox 3221 4490 3603 4597; x_wconf 50' lang='grc' dir='ltr'>Ἶπαραιξιυχῖὴν</span> <span class='ocrx_word' id='word_1_703' title='bbox 3654 4490 3902 4594; x_wconf 54' lang='grc' dir='ltr'>χορηγεῖ</span> 
     </span>
    </p>
   </div>
   <div class='ocr_carea' id='block_1_94' title="bbox 496 4599 2176 4689">
    <p class='ocr_par' dir='ltr' id='par_1_94' title="bbox 496 4599 2160 4680">
     <span class='ocr_line' id='line_1_94' title="bbox 496 4599 2160 4680; baseline 0.001 -18"><span class='ocrx_word' id='word_1_704' title='bbox 496 4608 551 4662; x_wconf 89' lang='lat' dir='ltr'><strong>et</strong></span> <span class='ocrx_word' id='word_1_705' title='bbox 587 4602 835 4662; x_wconf 89' lang='lat' dir='ltr'><strong>multum</strong></span> <span class='ocrx_word' id='word_1_706' title='bbox 869 4599 1161 4680; x_wconf 81' lang='lat' dir='ltr'><strong>refrigerii</strong></span> <span class='ocrx_word' id='word_1_707' title='bbox 1196 4600 1419 4679; x_wconf 72' lang='lat' dir='ltr'><strong>przcbet</strong></span> <span class='ocrx_word' id='word_1_708' title='bbox 1451 4600 1941 4680; x_wconf 87' lang='lat' dir='ltr'><strong>suscipientibus.</strong></span> <span class='ocrx_word' id='word_1_709' title='bbox 1979 4602 2160 4666; x_wconf 88' lang='lat' dir='ltr'><strong>Porro</strong></span> 
     </span>
    </p>
   </div>
   <div class='ocr_carea' id='block_1_95' title="bbox 2265 4599 3905 4689">
    <p class='ocr_par' dir='ltr' id='par_1_95' title="bbox 2265 4603 3905 4689">
     <span class='ocr_line' id='line_1_95' title="bbox 2265 4603 3905 4689; baseline 0.003 -33"><span class='ocrx_word' id='word_1_710' title='bbox 2265 4615 2361 4665; x_wconf 73' lang='lat' dir='ltr'><strong>:otc</strong></span> <span class='ocrx_word' id='word_1_711' title='bbox 2421 4603 2839 4686; x_wconf 80' lang='grc' dir='ltr'>ὑποδεχομένοις</span> <span class='ocrx_word' id='word_1_712' title='bbox 2874 4624 2889 4640; x_wconf 90' lang='grc'><strong>·</strong></span> <span class='ocrx_word' id='word_1_713' title='bbox 2936 4605 3073 4689; x_wconf 76' lang='grc' dir='ltr'>ὕδωρ</span> <span class='ocrx_word' id='word_1_714' title='bbox 3116 4607 3171 4664; x_wconf 72' lang='grc' dir='ltr'>δὲ</span> <span class='ocrx_word' id='word_1_715' title='bbox 3225 4610 3327 4688; x_wconf 70' lang='grc' dir='ltr'><strong>οὔχ</strong></span> <span class='ocrx_word' id='word_1_716' title='bbox 3371 4607 3675 4683; x_wconf 76' lang='grc' dir='ltr'>ἱστάμενον,</span> <span class='ocrx_word' id='word_1_717' title='bbox 3711 4605 3805 4661; x_wconf 79' lang='grc' dir='ltr'>οἶα</span> <span class='ocrx_word' id='word_1_718' title='bbox 3830 4605 3905 4661; x_wconf 73' lang='grc' dir='ltr'>τὰ</span> 
     </span>
    </p>
   </div>
   <div class='ocr_carea' id='block_1_96' title="bbox 493 4690 2176 4776">
    <p class='ocr_par' dir='ltr' id='par_1_96' title="bbox 493 4690 2163 4771">
     <span class='ocr_line' id='line_1_96' title="bbox 493 4690 2163 4771; baseline 0.002 -20"><span class='ocrx_word' id='word_1_719' title='bbox 493 4710 704 4771; x_wconf 90' lang='lat' dir='ltr'><strong>aquam</strong></span> <span class='ocrx_word' id='word_1_720' title='bbox 758 4691 899 4752; x_wconf 90' lang='lat' dir='ltr'><strong>dicit</strong></span> <span class='ocrx_word' id='word_1_721' title='bbox 932 4709 1047 4750; x_wconf 91' lang='lat' dir='ltr'><strong>non</strong></span> <span class='ocrx_word' id='word_1_722' title='bbox 1083 4698 1361 4761; x_wconf 87' lang='lat' dir='ltr'><strong>stantem,</strong></span> <span class='ocrx_word' id='word_1_723' title='bbox 1414 4690 1608 4769; x_wconf 84' lang='lat' dir='ltr'><strong>qualis</strong></span> <span class='ocrx_word' id='word_1_724' title='bbox 1642 4699 1733 4752; x_wconf 88' lang='lat' dir='ltr'><strong>est</strong></span> <span class='ocrx_word' id='word_1_725' title='bbox 1784 4692 1841 4751; x_wconf 94' lang='lat' dir='ltr'><strong>in</strong></span> <span class='ocrx_word' id='word_1_726' title='bbox 1880 4692 2073 4771; x_wconf 89' lang='lat' dir='ltr'><strong>puteis</strong></span> <span class='ocrx_word' id='word_1_727' title='bbox 2106 4703 2163 4755; x_wconf 89' lang='lat' dir='ltr'><strong>et</strong></span> 
     </span>
    </p>
   </div>
   <div class='ocr_carea' id='block_1_97' title="bbox 2265 4690 3899 4776">
    <p class='ocr_par' dir='ltr' id='par_1_97' title="bbox 2265 4691 3899 4776">
     <span class='ocr_line' id='line_1_97' title="bbox 2265 4691 3899 4776; baseline 0.006 -31"><span class='ocrx_word' id='word_1_728' title='bbox 2265 4717 2296 4746; x_wconf 67' lang='grc' dir='ltr'><strong>ιν</strong></span> <span class='ocrx_word' id='word_1_729' title='bbox 2342 4691 2559 4759; x_wconf 87' lang='grc' dir='ltr'>λάκκοις</span> <span class='ocrx_word' id='word_1_730' title='bbox 2619 4698 2705 4753; x_wconf 86' lang='grc' dir='ltr'><strong>καὶ</strong></span> <span class='ocrx_word' id='word_1_731' title='bbox 2759 4698 2947 4776; x_wconf 82' lang='grc' dir='ltr'>φρέασι</span> <span class='ocrx_word' id='word_1_732' title='bbox 3020 4696 3359 4766; x_wconf 80' lang='grc' dir='ltr'>σηπιδονώδη</span> <span class='ocrx_word' id='word_1_733' title='bbox 3413 4698 3503 4755; x_wconf 80' lang='grc' dir='ltr'>καὶ</span> <span class='ocrx_word' id='word_1_734' title='bbox 3562 4693 3899 4774; x_wconf 72' lang='grc' dir='ltr'>διειρθορότα,</span> 
     </span>
    </p>
   </div>
   <div class='ocr_carea' id='block_1_98' title="bbox 497 4778 2176 4862">
    <p class='ocr_par' dir='ltr' id='par_1_98' title="bbox 497 4778 2164 4860">
     <span class='ocr_line' id='line_1_98' title="bbox 497 4778 2164 4860; baseline 0.003 -20"><span class='ocrx_word' id='word_1_735' title='bbox 497 4779 764 4860; x_wconf 89' lang='lat' dir='ltr'><strong>lacubus,</strong></span> <span class='ocrx_word' id='word_1_736' title='bbox 815 4778 1002 4859; x_wconf 90' lang='lat' dir='ltr'><strong>putris</strong></span> <span class='ocrx_word' id='word_1_737' title='bbox 1050 4789 1108 4839; x_wconf 92' lang='lat' dir='ltr'><strong>et</strong></span> <span class='ocrx_word' id='word_1_738' title='bbox 1155 4787 1455 4858; x_wconf 88' lang='lat' dir='ltr'><strong>corrupta,</strong></span> <span class='ocrx_word' id='word_1_739' title='bbox 1516 4779 1618 4840; x_wconf 92' lang='lat' dir='ltr'><strong>sed</strong></span> <span class='ocrx_word' id='word_1_740' title='bbox 1684 4780 1903 4853; x_wconf 85' lang='lat' dir='ltr'><strong>vivam,</strong></span> <span class='ocrx_word' id='word_1_741' title='bbox 1933 4783 2044 4844; x_wconf 90' lang='lat' dir='ltr'><strong>hoc</strong></span> <span class='ocrx_word' id='word_1_742' title='bbox 2075 4792 2164 4845; x_wconf 85' lang='lat' dir='ltr'><strong>est</strong></span> 
     </span>
    </p>
   </div>
   <div class='ocr_carea' id='block_1_99' title="bbox 2265 4778 3902 4862">
    <p class='ocr_par' dir='ltr' id='par_1_99' title="bbox 2265 4780 3902 4862">
     <span class='ocr_line' id='line_1_99' title="bbox 2265 4780 3902 4862; baseline 0.002 -24"><span class='ocrx_word' id='word_1_743' title='bbox 2265 4780 2381 4838; x_wconf 80' lang='grc' dir='ltr'><strong>ιλλά</strong></span> <span class='ocrx_word' id='word_1_744' title='bbox 2436 4790 2563 4859; x_wconf 85' lang='grc' dir='ltr'>ζῶν,</span> <span class='ocrx_word' id='word_1_745' title='bbox 2625 4787 2892 4843; x_wconf 82' lang='grc' dir='ltr'>τουτέστιν</span> <span class='ocrx_word' id='word_1_746' title='bbox 2970 4786 3283 4862; x_wconf 81' lang='grc' dir='ltr'>ἀναϐλύζον,</span> <span class='ocrx_word' id='word_1_747' title='bbox 3340 4784 3666 4860; x_wconf 79' lang='grc' dir='ltr'>ἀναπηδύον,</span> <span class='ocrx_word' id='word_1_748' title='bbox 3710 4784 3902 4841; x_wconf 74' lang='grc' dir='ltr'>κινού-</span> 
     </span>
    </p>
   </div>
   <div class='ocr_carea' id='block_1_100' title="bbox 493 4863 2176 4958">
    <p class='ocr_par' dir='ltr' id='par_1_100' title="bbox 493 4866 2159 4958">
     <span class='ocr_line' id='line_1_100' title="bbox 493 4866 2159 4958; baseline 0.001 -26"><span class='ocrx_word' id='word_1_749' title='bbox 493 4870 1015 4932; x_wconf 67' lang='lat' dir='ltr'><strong>scaturientemet</strong></span> <span class='ocrx_word' id='word_1_750' title='bbox 1042 4887 1172 4947; x_wconf 62' lang='lat' dir='ltr'><strong>qua;</strong></span> <span class='ocrx_word' id='word_1_751' title='bbox 1192 4866 1667 4958; x_wconf 85' lang='lat' dir='ltr'><strong>moveatur.Nam</strong></span> <span class='ocrx_word' id='word_1_752' title='bbox 1694 4870 1878 4948; x_wconf 81' lang='lat' dir='ltr'><strong>gratia</strong></span> <span class='ocrx_word' id='word_1_753' title='bbox 1902 4870 2159 4951; x_wconf 78' lang='lat' dir='ltr'><strong>Spiritus</strong></span> 
     </span>
    </p>
   </div>
   <div class='ocr_carea' id='block_1_101' title="bbox 2265 4863 3901 4958">
    <p class='ocr_par' dir='ltr' id='par_1_101' title="bbox 2265 4863 3901 4958">
     <span class='ocr_line' id='line_1_101' title="bbox 2265 4863 3901 4958; baseline 0.004 -32"><span class='ocrx_word' id='word_1_754' title='bbox 2265 4894 2421 4933; x_wconf 82' lang='grc' dir='ltr'>ιενον.</span> <span class='ocrx_word' id='word_1_755' title='bbox 2492 4863 2553 4930; x_wconf 69' lang='grc' dir='ltr'><strong>’Β</strong></span> <span class='ocrx_word' id='word_1_756' title='bbox 2610 4876 2710 4956; x_wconf 81' lang='grc' dir='ltr'><strong>γὰρ</strong></span> <span class='ocrx_word' id='word_1_757' title='bbox 2767 4878 2927 4958; x_wconf 77' lang='grc' dir='ltr'>χάρις</span> <span class='ocrx_word' id='word_1_758' title='bbox 2976 4885 3070 4936; x_wconf 84' lang='grc' dir='ltr'><strong>τοῦ</strong></span> <span class='ocrx_word' id='word_1_759' title='bbox 3101 4879 3405 4955; x_wconf 75' lang='grc' dir='ltr'>Πνεῦματος</span> <span class='ocrx_word' id='word_1_760' title='bbox 3433 4877 3735 4943; x_wconf 81' lang='grc' dir='ltr'>ἀεικίνητον</span> <span class='ocrx_word' id='word_1_761' title='bbox 3762 4875 3901 4953; x_wconf 75' lang='grc' dir='ltr'>πρὸς</span> 
     </span>
    </p>
   </div>
   <div class='ocr_carea' id='block_1_102' title="bbox 492 4957 2176 5048">
    <p class='ocr_par' dir='ltr' id='par_1_102' title="bbox 492 4957 2175 5041">
     <span class='ocr_line' id='line_1_102' title="bbox 492 4957 2175 5041; baseline 0.002 -20"><span class='ocrx_word' id='word_1_762' title='bbox 492 4978 734 5041; x_wconf 80' lang='lat' dir='ltr'><strong>semper</strong></span> <span class='ocrx_word' id='word_1_763' title='bbox 764 4958 975 5037; x_wconf 85' lang='lat' dir='ltr'><strong>agilem</strong></span> <span class='ocrx_word' id='word_1_764' title='bbox 993 4959 1061 5019; x_wconf 90' lang='lat' dir='ltr'><strong>ad</strong></span> <span class='ocrx_word' id='word_1_765' title='bbox 1084 4957 1305 5018; x_wconf 89' lang='lat' dir='ltr'><strong>bonum</strong></span> <span class='ocrx_word' id='word_1_766' title='bbox 1328 4957 1756 5033; x_wconf 82' lang='lat' dir='ltr'><strong>facitanimam,</strong></span> <span class='ocrx_word' id='word_1_767' title='bbox 1776 4964 2175 5024; x_wconf 76' lang='lat' dir='ltr'><strong>escensiones.</strong></span> 
     </span>
    </p>
   </div>
   <div class='ocr_carea' id='block_1_103' title="bbox 2265 4957 3898 5048">
    <p class='ocr_par' dir='ltr' id='par_1_103' title="bbox 2265 4962 3898 5048">
     <span class='ocr_line' id='line_1_103' title="bbox 2265 4962 3898 5048; baseline 0.003 -34"><span class='ocrx_word' id='word_1_768' title='bbox 2265 4962 2301 5016; x_wconf 68' lang='grc' dir='ltr'><strong>τὸ</strong></span> <span class='ocrx_word' id='word_1_769' title='bbox 2345 4963 2539 5041; x_wconf 83' lang='grc' dir='ltr'>ἀγαθὸν</span> <span class='ocrx_word' id='word_1_770' title='bbox 2578 4965 2674 5032; x_wconf 81' lang='grc' dir='ltr'>τὴν</span> <span class='ocrx_word' id='word_1_771' title='bbox 2735 4967 2922 5047; x_wconf 81' lang='grc' dir='ltr'>ψυχὴν</span> <span class='ocrx_word' id='word_1_772' title='bbox 2957 4967 3255 5048; x_wconf 74' lang='grc' dir='ltr'>ἐργάζεται,</span> <span class='ocrx_word' id='word_1_773' title='bbox 3309 4965 3591 5030; x_wconf 79' lang='grc' dir='ltr'>ἀναϐάσεις</span> <span class='ocrx_word' id='word_1_774' title='bbox 3635 4965 3717 5022; x_wconf 83' lang='grc' dir='ltr'><strong>ἀεὶ</strong></span> <span class='ocrx_word' id='word_1_775' title='bbox 3773 4962 3898 5020; x_wconf 87' lang='grc' dir='ltr'>δια-</span> 
     </span>
    </p>
   </div>
   <div class='ocr_carea' id='block_1_104' title="bbox 495 5046 2176 5137">
    <p class='ocr_par' dir='ltr' id='par_1_104' title="bbox 495 5046 2156 5137">
     <span class='ocr_line' id='line_1_104' title="bbox 495 5046 2156 5137; baseline 0.001 -26"><span class='ocrx_word' id='word_1_776' title='bbox 495 5067 741 5130; x_wconf 90' lang='lat' dir='ltr'><strong>semper</strong></span> <span class='ocrx_word' id='word_1_777' title='bbox 769 5049 1212 5128; x_wconf 88' lang='lat' dir='ltr'><strong>disponentem.</strong></span> <span class='ocrx_word' id='word_1_778' title='bbox 1246 5046 1448 5137; x_wconf 86' lang='lat' dir='ltr'><strong>Talem</strong></span> <span class='ocrx_word' id='word_1_779' title='bbox 1504 5065 1713 5127; x_wconf 88' lang='lat' dir='ltr'><strong>aquam</strong></span> <span class='ocrx_word' id='word_1_780' title='bbox 1744 5047 1909 5137; x_wconf 87' lang='lat' dir='ltr'><strong>bibit</strong></span> <span class='ocrx_word' id='word_1_781' title='bbox 1939 5052 2156 5113; x_wconf 83' lang='lat' dir='ltr'><strong>Paulus</strong></span> 
     </span>
    </p>
   </div>
   <div class='ocr_carea' id='block_1_105' title="bbox 2265 5046 3897 5137">
    <p class='ocr_par' dir='ltr' id='par_1_105' title="bbox 2265 5046 3897 5137">
     <span class='ocr_line' id='line_1_105' title="bbox 2265 5046 3897 5137; baseline 0.001 -30"><span class='ocrx_word' id='word_1_782' title='bbox 2265 5051 2540 5127; x_wconf 75' lang='grc' dir='ltr'>τιθεμένην.</span> <span class='ocrx_word' id='word_1_783' title='bbox 2590 5046 2845 5112; x_wconf 84' lang='grc' dir='ltr'>Τοιοῦτον</span> <span class='ocrx_word' id='word_1_784' title='bbox 3076 5058 3192 5115; x_wconf 69' lang='grc' dir='ltr'>ἔπιε</span> <span class='ocrx_word' id='word_1_785' title='bbox 3251 5057 3457 5123; x_wconf 76' lang='grc' dir='ltr'>Παῦλος</span> <span class='ocrx_word' id='word_1_786' title='bbox 3516 5061 3619 5128; x_wconf 82' lang='grc' dir='ltr'>ζῶν</span> <span class='ocrx_word' id='word_1_787' title='bbox 3662 5056 3749 5111; x_wconf 85' lang='grc' dir='ltr'><strong>καὶ</strong></span> <span class='ocrx_word' id='word_1_788' title='bbox 3774 5053 3897 5109; x_wconf 72' lang='grc' dir='ltr'>ἀει-</span> 
     </span>
    </p>
   </div>
   <div class='ocr_carea' id='block_1_106' title="bbox 489 5136 2176 5226">
    <p class='ocr_par' dir='ltr' id='par_1_106' title="bbox 489 5136 2157 5217">
     <span class='ocr_line' id='line_1_106' title="bbox 489 5136 2157 5217; baseline 0.003 -20"><span class='ocrx_word' id='word_1_789' title='bbox 489 5141 787 5200; x_wconf 89' lang='lat' dir='ltr'><strong>viventem</strong></span> <span class='ocrx_word' id='word_1_790' title='bbox 822 5152 880 5199; x_wconf 88' lang='lat' dir='ltr'><strong>et</strong></span> <span class='ocrx_word' id='word_1_791' title='bbox 915 5154 1155 5217; x_wconf 86' lang='lat' dir='ltr'><strong>semper</strong></span> <span class='ocrx_word' id='word_1_792' title='bbox 1187 5136 1496 5211; x_wconf 91' lang='lat' dir='ltr'><strong>mobilem,</strong></span> <span class='ocrx_word' id='word_1_793' title='bbox 1534 5156 1667 5197; x_wconf 92' lang='lat' dir='ltr'><strong>cum</strong></span> <span class='ocrx_word' id='word_1_794' title='bbox 1703 5136 2157 5202; x_wconf 88' lang='lat' dir='ltr'><strong>oblivisceretur</strong></span> 
     </span>
    </p>
   </div>
   <div class='ocr_carea' id='block_1_107' title="bbox 2265 5136 3899 5226">
    <p class='ocr_par' dir='ltr' id='par_1_107' title="bbox 2265 5136 3899 5226">
     <span class='ocr_line' id='line_1_107' title="bbox 2265 5136 3899 5226; baseline 0.003 -29"><span class='ocrx_word' id='word_1_795' title='bbox 2265 5144 2473 5215; x_wconf 75' lang='lat' dir='ltr'><strong>Liv-qtov,</strong></span> <span class='ocrx_word' id='word_1_796' title='bbox 2532 5150 2637 5199; x_wconf 83' lang='grc' dir='ltr'>τῶν</span> <span class='ocrx_word' id='word_1_797' title='bbox 2682 5145 2780 5220; x_wconf 80' lang='grc' dir='ltr'>μὲν</span> <span class='ocrx_word' id='word_1_798' title='bbox 2842 5136 3054 5204; x_wconf 75' lang='grc' dir='ltr'>ὄπισθεν</span> <span class='ocrx_word' id='word_1_799' title='bbox 3104 5146 3616 5226; x_wconf 66' lang='grc' dir='ltr'>ἐπιλανθανόμενος,</span> <span class='ocrx_word' id='word_1_800' title='bbox 3661 5159 3779 5208; x_wconf 75' lang='grc' dir='ltr'>τοῖς</span> <span class='ocrx_word' id='word_1_801' title='bbox 3838 5142 3899 5202; x_wconf 71' lang='grc' dir='ltr'>δὲ</span> 
     </span>
    </p>
   </div>
   <div class='ocr_carea' id='block_1_108' title="bbox 492 5224 2150 5311">
    <p class='ocr_par' dir='ltr' id='par_1_108' title="bbox 492 5224 2150 5311">
     <span class='ocr_line' id='line_1_108' title="bbox 492 5224 2150 5311; baseline 0.002 -20"><span class='ocrx_word' id='word_1_802' title='bbox 492 5224 699 5291; x_wconf 83' lang='lat' dir='ltr'><strong>eorum</strong></span> <span class='ocrx_word' id='word_1_803' title='bbox 734 5249 863 5311; x_wconf 71' lang='lat' dir='ltr'><strong>quae</strong></span> <span class='ocrx_word' id='word_1_804' title='bbox 896 5239 1024 5311; x_wconf 81' lang='lat' dir='ltr'><strong>post</strong></span> <span class='ocrx_word' id='word_1_805' title='bbox 1048 5238 1201 5307; x_wconf 86' lang='lat' dir='ltr'><strong>se,et</strong></span> <span class='ocrx_word' id='word_1_806' title='bbox 1222 5230 1293 5289; x_wconf 88' lang='lat' dir='ltr'><strong>ad</strong></span> <span class='ocrx_word' id='word_1_807' title='bbox 1331 5229 1631 5290; x_wconf 85' lang='lat' dir='ltr'><strong>anteriora</strong></span> <span class='ocrx_word' id='word_1_808' title='bbox 1680 5249 1744 5290; x_wconf 91' lang='lat' dir='ltr'><strong>se</strong></span> <span class='ocrx_word' id='word_1_809' title='bbox 1778 5232 2150 5294; x_wconf 83' lang='lat' dir='ltr'><strong>extenderet.</strong></span> 
     </span>
    </p>
   </div>
   <div class='ocr_carea' id='block_1_109' title="bbox 498 5316 2150 5397">
    <p class='ocr_par' dir='ltr' id='par_1_109' title="bbox 498 5316 2150 5397">
     <span class='ocr_line' id='line_1_109' title="bbox 498 5316 2150 5397; baseline 0.002 -18"><span class='ocrx_word' id='word_1_810' title='bbox 498 5340 524 5379; x_wconf 72' lang='grc' dir='ltr'><strong>ι</strong></span> <span class='ocrx_word' id='word_1_811' title='bbox 565 5320 787 5381; x_wconf 90' lang='lat' dir='ltr'><strong>Dicitet</strong></span> <span class='ocrx_word' id='word_1_812' title='bbox 812 5321 1026 5381; x_wconf 85' lang='lat' dir='ltr'><strong>mulier</strong></span> <span class='ocrx_word' id='word_1_813' title='bbox 1059 5342 1070 5381; x_wconf 92' lang='lat'><strong>:</strong></span> <span class='ocrx_word' id='word_1_814' title='bbox 1110 5316 1607 5380; x_wconf 75' lang='lat' dir='ltr'><strong>Domine.»Vides</strong></span> <span class='ocrx_word' id='word_1_815' title='bbox 1632 5320 1930 5397; x_wconf 88' lang='lat' dir='ltr'><strong>quomodo</strong></span> <span class='ocrx_word' id='word_1_816' title='bbox 1956 5322 2150 5383; x_wconf 92' lang='lat' dir='ltr'><strong>statim</strong></span> 
     </span>
    </p>
   </div>
   <div class='ocr_carea' id='block_1_110' title="bbox 490 5408 2148 5489">
    <p class='ocr_par' dir='ltr' id='par_1_110' title="bbox 490 5408 2148 5489">
     <span class='ocr_line' id='line_1_110' title="bbox 490 5408 2148 5489; baseline 0.003 -21"><span class='ocrx_word' id='word_1_817' title='bbox 490 5408 565 5468; x_wconf 91' lang='lat' dir='ltr'><strong>ab</strong></span> <span class='ocrx_word' id='word_1_818' title='bbox 596 5410 804 5470; x_wconf 91' lang='lat' dir='ltr'><strong>humili</strong></span> <span class='ocrx_word' id='word_1_819' title='bbox 835 5411 1086 5489; x_wconf 85' lang='lat' dir='ltr'><strong>cogitatu</strong></span> <span class='ocrx_word' id='word_1_820' title='bbox 1124 5409 1441 5469; x_wconf 82' lang='lat' dir='ltr'><strong>desistens.</strong></span> <span class='ocrx_word' id='word_1_821' title='bbox 1471 5425 1749 5486; x_wconf 84' lang='lat' dir='ltr'><strong>magnum</strong></span> <span class='ocrx_word' id='word_1_822' title='bbox 1782 5409 1835 5469; x_wconf 91' lang='lat' dir='ltr'><strong>ei</strong></span> <span class='ocrx_word' id='word_1_823' title='bbox 1864 5409 2148 5473; x_wconf 89' lang='lat' dir='ltr'><strong>honorem</strong></span> 
     </span>
    </p>
   </div>
   <div class='ocr_carea' id='block_1_111' title="bbox 489 5494 2149 5578">
    <p class='ocr_par' dir='ltr' id='par_1_111' title="bbox 489 5494 2149 5578">
     <span class='ocr_line' id='line_1_111' title="bbox 489 5494 2149 5578; baseline 0.002 -23"><span class='ocrx_word' id='word_1_824' title='bbox 489 5496 1127 5568; x_wconf 88' lang='lat' dir='ltr'><strong>attribuat,Dominum</strong></span> <span class='ocrx_word' id='word_1_825' title='bbox 1152 5496 1445 5557; x_wconf 84' lang='lat' dir='ltr'><strong>vocando?</strong></span> <span class='ocrx_word' id='word_1_826' title='bbox 1476 5494 1683 5574; x_wconf 86' lang='lat' dir='ltr'><strong>Neque</strong></span> <span class='ocrx_word' id='word_1_827' title='bbox 1708 5504 1905 5556; x_wconf 89' lang='lat' dir='ltr'><strong>tamen</strong></span> <span class='ocrx_word' id='word_1_828' title='bbox 1938 5498 1994 5556; x_wconf 91' lang='lat' dir='ltr'><strong>in</strong></span> <span class='ocrx_word' id='word_1_829' title='bbox 2018 5516 2149 5578; x_wconf 89' lang='lat' dir='ltr'><strong>pro-</strong></span> 
     </span>
    </p>
   </div>
   <div class='ocr_carea' id='block_1_112' title="bbox 488 5584 2144 5668">
    <p class='ocr_par' dir='ltr' id='par_1_112' title="bbox 488 5584 2144 5668">
     <span class='ocr_line' id='line_1_112' title="bbox 488 5584 2144 5668; baseline 0.002 -24"><span class='ocrx_word' id='word_1_830' title='bbox 488 5586 738 5647; x_wconf 85' lang='lat' dir='ltr'><strong>l&#39;undum</strong></span> <span class='ocrx_word' id='word_1_831' title='bbox 767 5586 1084 5647; x_wconf 83' lang='lat' dir='ltr'><strong>verborum</strong></span> <span class='ocrx_word' id='word_1_832' title='bbox 1122 5585 1338 5646; x_wconf 78' lang='lat' dir='ltr'><strong>Christi</strong></span> <span class='ocrx_word' id='word_1_833' title='bbox 1370 5584 1784 5645; x_wconf 88' lang='lat' dir='ltr'><strong>venerat.Nam</strong></span> <span class='ocrx_word' id='word_1_834' title='bbox 1817 5587 1987 5647; x_wconf 84' lang='lat' dir='ltr'><strong>aliter</strong></span> <span class='ocrx_word' id='word_1_835' title='bbox 2022 5588 2144 5668; x_wconf 62' lang='lat' dir='ltr'><strong>qui-</strong></span> 
     </span>
    </p>
   </div>
   <div class='ocr_carea' id='block_1_113' title="bbox 488 5672 2147 5753">
    <p class='ocr_par' dir='ltr' id='par_1_113' title="bbox 488 5672 2147 5753">
     <span class='ocr_line' id='line_1_113' title="bbox 488 5672 2147 5753; baseline 0.002 -18"><span class='ocrx_word' id='word_1_836' title='bbox 488 5676 627 5736; x_wconf 88' lang='lat' dir='ltr'><strong>dem</strong></span> <span class='ocrx_word' id='word_1_837' title='bbox 659 5675 759 5736; x_wconf 88' lang='lat' dir='ltr'><strong>ille</strong></span> <span class='ocrx_word' id='word_1_838' title='bbox 795 5675 961 5751; x_wconf 82' lang='lat' dir='ltr'><strong>dicit,</strong></span> <span class='ocrx_word' id='word_1_839' title='bbox 999 5675 1170 5735; x_wconf 80' lang='lat' dir='ltr'><strong>aliter</strong></span> <span class='ocrx_word' id='word_1_840' title='bbox 1193 5683 1387 5735; x_wconf 85' lang='lat' dir='ltr'><strong>autem</strong></span> <span class='ocrx_word' id='word_1_841' title='bbox 1432 5672 1526 5733; x_wconf 90' lang='lat' dir='ltr'><strong>illa</strong></span> <span class='ocrx_word' id='word_1_842' title='bbox 1575 5675 1845 5753; x_wconf 82' lang='lat' dir='ltr'><strong>intelligit</strong></span> <span class='ocrx_word' id='word_1_843' title='bbox 1870 5677 2047 5738; x_wconf 88' lang='lat' dir='ltr'><strong>verba</strong></span> <span class='ocrx_word' id='word_1_844' title='bbox 2073 5680 2147 5738; x_wconf 82' lang='lat' dir='ltr'><strong>de</strong></span> 
     </span>
    </p>
   </div>
   <div class='ocr_carea' id='block_1_114' title="bbox 485 5782 658 5845">
    <p class='ocr_par' dir='ltr' id='par_1_114' title="bbox 485 5782 658 5845">
     <span class='ocr_line' id='line_1_114' title="bbox 485 5782 658 5845; baseline 0 -20"><span class='ocrx_word' id='word_1_845' title='bbox 485 5782 658 5845; x_wconf 87' lang='lat' dir='ltr'><strong>aqua.</strong></span> 
     </span>
    </p>
   </div>
   <div class='ocr_carea' id='block_1_115' title="bbox 2242 5231 3898 5316">
    <p class='ocr_par' dir='ltr' id='par_1_115' title="bbox 2242 5231 3898 5316">
     <span class='ocr_line' id='line_1_115' title="bbox 2242 5231 3898 5316; baseline 0.003 -30"><span class='ocrx_word' id='word_1_846' title='bbox 2242 5231 2533 5309; x_wconf 73' lang='grc' dir='ltr'>ἔμπροσθεν</span> <span class='ocrx_word' id='word_1_847' title='bbox 2591 5234 3049 5316; x_wconf 69' lang='grc' dir='ltr'>ἐπεκτεινόμενος.</span> <span class='ocrx_word' id='word_1_848' title='bbox 3116 5261 3138 5294; x_wconf 76' lang='grc' dir='ltr'><strong>ι</strong></span> <span class='ocrx_word' id='word_1_849' title='bbox 3196 5238 3353 5316; x_wconf 83' lang='grc' dir='ltr'>Λέγει</span> <span class='ocrx_word' id='word_1_850' title='bbox 3423 5241 3567 5312; x_wconf 77' lang='grc' dir='ltr'>αὒτῷ</span> <span class='ocrx_word' id='word_1_851' title='bbox 3612 5237 3647 5304; x_wconf 78' lang='grc' dir='ltr'>ἡ</span> <span class='ocrx_word' id='word_1_852' title='bbox 3706 5236 3835 5313; x_wconf 52' lang='grc' dir='ltr'>γυνῦ</span> <span class='ocrx_word' id='word_1_853' title='bbox 3882 5254 3898 5267; x_wconf 82' lang='grc'><strong><em>⁸</em></strong></span> 
     </span>
    </p>
   </div>
   <div class='ocr_carea' id='block_1_116' title="bbox 2243 5314 3903 5402">
    <p class='ocr_par' dir='ltr' id='par_1_116' title="bbox 2243 5314 3903 5402">
     <span class='ocr_line' id='line_1_116' title="bbox 2243 5314 3903 5402; baseline 0.003 -24"><span class='ocrx_word' id='word_1_854' title='bbox 2243 5322 2419 5400; x_wconf 75' lang='grc' dir='ltr'>Κύριε.</span> <span class='ocrx_word' id='word_1_855' title='bbox 2478 5340 2503 5378; x_wconf 69' lang='grc' dir='ltr'><strong>ι</strong></span> <span class='ocrx_word' id='word_1_856' title='bbox 2592 5314 2746 5402; x_wconf 80' lang='grc' dir='ltr'>Ὀρᾷς</span> <span class='ocrx_word' id='word_1_857' title='bbox 2831 5329 2946 5391; x_wconf 84' lang='grc' dir='ltr'>πῶς</span> <span class='ocrx_word' id='word_1_858' title='bbox 3019 5328 3166 5391; x_wconf 78' lang='grc' dir='ltr'>εὐθὺς</span> <span class='ocrx_word' id='word_1_859' title='bbox 3220 5314 3321 5396; x_wconf 69' lang='grc' dir='ltr'><strong>της</strong></span> <span class='ocrx_word' id='word_1_860' title='bbox 3379 5331 3638 5393; x_wconf 73' lang='grc' dir='ltr'>ταπεινῆς</span> <span class='ocrx_word' id='word_1_861' title='bbox 3696 5325 3903 5389; x_wconf 74' lang='grc' dir='ltr'>ἐννοίας</span> 
     </span>
    </p>
   </div>
   <div class='ocr_carea' id='block_1_117' title="bbox 2238 5410 3900 5493">
    <p class='ocr_par' dir='ltr' id='par_1_117' title="bbox 2238 5410 3900 5493">
     <span class='ocr_line' id='line_1_117' title="bbox 2238 5410 3900 5493; baseline 0.006 -28"><span class='ocrx_word' id='word_1_862' title='bbox 2238 5410 2541 5491; x_wconf 80' lang='grc' dir='ltr'>ἀποστᾶσα,</span> <span class='ocrx_word' id='word_1_863' title='bbox 2586 5411 2797 5480; x_wconf 72' lang='grc' dir='ltr'>πολλὴν</span> <span class='ocrx_word' id='word_1_864' title='bbox 2868 5416 2967 5483; x_wconf 77' lang='grc' dir='ltr'>τὴν</span> <span class='ocrx_word' id='word_1_865' title='bbox 3020 5418 3184 5493; x_wconf 74' lang='grc' dir='ltr'>τιμὴν</span> <span class='ocrx_word' id='word_1_866' title='bbox 3249 5418 3392 5492; x_wconf 81' lang='grc' dir='ltr'><strong>αὒτῷ</strong></span> <span class='ocrx_word' id='word_1_867' title='bbox 3434 5415 3715 5492; x_wconf 81' lang='grc' dir='ltr'>ἀπονέμει,</span> <span class='ocrx_word' id='word_1_868' title='bbox 3775 5411 3900 5474; x_wconf 65' lang='grc' dir='ltr'><strong>Κύι-</strong></span> 
     </span>
    </p>
   </div>
   <div class='ocr_carea' id='block_1_118' title="bbox 2238 5502 3905 5583">
    <p class='ocr_par' dir='ltr' id='par_1_118' title="bbox 2238 5502 3905 5583">
     <span class='ocr_line' id='line_1_118' title="bbox 2238 5502 3905 5583; baseline 0.004 -29"><span class='ocrx_word' id='word_1_869' title='bbox 2238 5521 2350 5578; x_wconf 84' lang='grc' dir='ltr'>ριον</span> <span class='ocrx_word' id='word_1_870' title='bbox 2398 5502 2779 5583; x_wconf 68' lang='grc' dir='ltr'>όνομάζουσας</span> <span class='ocrx_word' id='word_1_871' title='bbox 2845 5506 2917 5562; x_wconf 72' lang='grc' dir='ltr'>Οὐ</span> <span class='ocrx_word' id='word_1_872' title='bbox 2975 5504 3154 5583; x_wconf 78' lang='grc' dir='ltr'>μέντοι</span> <span class='ocrx_word' id='word_1_873' title='bbox 3200 5507 3272 5569; x_wconf 78' lang='grc' dir='ltr'>εἷς</span> <span class='ocrx_word' id='word_1_874' title='bbox 3330 5508 3392 5562; x_wconf 82' lang='grc' dir='ltr'>τὸ</span> <span class='ocrx_word' id='word_1_875' title='bbox 3440 5506 3599 5582; x_wconf 76' lang='grc' dir='ltr'>βάθος</span> <span class='ocrx_word' id='word_1_876' title='bbox 3640 5509 3749 5561; x_wconf 55' lang='grc' dir='ltr'><strong>τῶν</strong></span> <span class='ocrx_word' id='word_1_877' title='bbox 3801 5509 3905 5561; x_wconf 67' lang='grc' dir='ltr'><strong>τοῦ</strong></span> 
     </span>
    </p>
   </div>
   <div class='ocr_carea' id='block_1_119' title="bbox 2238 5591 3899 5675">
    <p class='ocr_par' dir='ltr' id='par_1_119' title="bbox 2238 5591 3899 5675">
     <span class='ocr_line' id='line_1_119' title="bbox 2238 5591 3899 5675; baseline 0.006 -30"><span class='ocrx_word' id='word_1_878' title='bbox 2238 5597 2471 5667; x_wconf 73' lang='grc' dir='ltr'>Χριστοῦ</span> <span class='ocrx_word' id='word_1_879' title='bbox 2522 5592 2779 5668; x_wconf 65' lang='grc' dir='ltr'>ῥημάτων</span> <span class='ocrx_word' id='word_1_880' title='bbox 2825 5592 3066 5675; x_wconf 40' lang='lat' dir='ltr'><strong>“eam,</strong></span> <span class='ocrx_word' id='word_1_881' title='bbox 3128 5593 3249 5659; x_wconf 75' lang='grc' dir='ltr'>ἀλλ’</span> <span class='ocrx_word' id='word_1_882' title='bbox 3303 5594 3489 5661; x_wconf 45' lang='lat' dir='ltr'><strong>Mx</strong></span> <span class='ocrx_word' id='word_1_883' title='bbox 3528 5594 3626 5669; x_wconf 63' lang='grc' dir='ltr'>μὲν</span> <span class='ocrx_word' id='word_1_884' title='bbox 3684 5591 3899 5657; x_wconf 59' lang='grc' dir='ltr'><strong>ἔκανθς</strong></span> 
     </span>
    </p>
   </div>
   <div class='ocr_carea' id='block_1_120' title="bbox 2232 5679 3654 5765">
    <p class='ocr_par' dir='ltr' id='par_1_120' title="bbox 2232 5679 3654 5765">
     <span class='ocr_line' id='line_1_120' title="bbox 2232 5679 3654 5765; baseline 0.006 -31"><span class='ocrx_word' id='word_1_885' title='bbox 2232 5679 2401 5757; x_wconf 80' lang='grc' dir='ltr'>λέγει,</span> <span class='ocrx_word' id='word_1_886' title='bbox 2442 5680 2621 5743; x_wconf 69' lang='grc' dir='ltr'>ἄλλως</span> <span class='ocrx_word' id='word_1_887' title='bbox 2655 5680 2709 5737; x_wconf 71' lang='grc' dir='ltr'>δὲ</span> <span class='ocrx_word' id='word_1_888' title='bbox 2743 5682 2915 5752; x_wconf 72' lang='grc' dir='ltr'>ἐκείνη</span> <span class='ocrx_word' id='word_1_889' title='bbox 2948 5700 3063 5743; x_wconf 73' lang='grc' dir='ltr'>νοεῖ</span> <span class='ocrx_word' id='word_1_890' title='bbox 3087 5687 3152 5742; x_wconf 72' lang='grc' dir='ltr'>τὰ</span> <span class='ocrx_word' id='word_1_891' title='bbox 3181 5687 3297 5765; x_wconf 75' lang='grc' dir='ltr'>περὶ</span> <span class='ocrx_word' id='word_1_892' title='bbox 3328 5692 3421 5742; x_wconf 83' lang='grc' dir='ltr'><strong>τοῦ</strong></span> <span class='ocrx_word' id='word_1_893' title='bbox 3447 5682 3654 5748; x_wconf 64' lang='grc' dir='ltr'>ὕδατος.</span> 
     </span>
    </p>
   </div>
  </div>
