4178 6406
293 360 444 428 i233
1011 365 1456 428 ENARHATIO
1503 364 1579 427 IN
1627 354 2133 426 EVANGELIUM
2167 362 2513 428 JOANNIS.
2560 397 2639 408 —
2682 361 2854 426 CAP.
2902 366 3008 426 IV.
3539 360 3692 426 1284

295 521 326 561 ί
360 503 448 569 Μὴ
499 502 562 558 σὺ
649 501 842 577 μείζων
927 503 983 557 εἴ
1040 507 1134 558 τοῦ
1203 501 1400 579 πατρὸς
1481 502 1636 573 ἡμῶν
1732 492 1948 574 Ἰακὼϐ,

2118 496 2301 558 Vens.
2338 498 2555 560 12-15.
2591 521 2616 553 α
2654 495 2804 558 Num
2848 505 2907 558 tu
2959 497 3150 577 major
3195 515 3259 560 es
3290 506 3456 578 patre
3488 504 3689 559 nostro

287 593 344 648 ὃς
405 589 599 648 ἔδωκεν
659 593 797 667 ἡμῖν
876 591 936 647 τὸ
1022 589 1206 670 φρέαρ,
1283 592 1370 647 καὶ
1456 592 1611 653 ανῖιτὸς
1665 587 1718 654 ἐξ
1788 587 1946 644 αῦτοῦ

2037 580 2343 666 lacob.qui
2375 585 2541 649 dedit
2574 586 2745 648 nobis
2767 594 3102 668 puteum,et
3133 587 3264 665 ipse
3295 606 3364 648 ex
3396 605 3468 649 eo
3503 586 3673 661 bibit,

288 679 424 760 ἔπιε,
485 681 573 735 καὶ
631 682 677 735 υἱ
735 679 836 736 υἱοὶ
895 680 1078 757 αὐτοῦ,
1135 681 1220 735 καὶ
1277 680 1344 735 τὰ
1403 677 1685 757 θρέμματα
1740 679 1940 748 αὐτοῦς

2037 681 2088 736 et
2120 675 2220 736 lilii
2245 675 2400 754 ejus,
2436 684 2492 736 et
2524 695 2739 756 pecora
2787 677 2945 756 ejus?
2993 676 3324 756 Respondit
3373 677 3566 751 Jesus,
3631 685 3690 737 et

290 769 575 847 Ἀπεκρίθη
634 769 865 842 Ἰησοῦς,
913 769 1002 824 καὶ
1060 768 1216 826 εἶπεν
1275 770 1409 845 αὑτῇ
1445 792 1458 804 ·
1494 775 1603 830 Πᾶς
1635 769 1662 823 6
1693 769 1856 823 πίνων
1886 766 1945 823 ἐκ

2037 762 2177 824 dixit
2207 764 2300 824 ei:
2339 766 2548 828 Omnis
2577 766 2680 846 qui
2715 765 2864 826 bibit
2895 785 2968 827 ex
3006 784 3157 847 aqua
3199 768 3330 847 hac,
3369 767 3528 828 sitiet
3569 767 3685 828 ite-

285 868 379 918 τοῦ
423 857 611 924 ὕδατος
667 858 882 930 τούτου,
943 854 1160 933 διψήσει
1211 857 1372 914 πάλιν
1407 875 1421 890 °
1471 859 1528 919 ὃς
1572 853 1617 911 δ’
1662 855 1724 910 ἂν
1757 857 1854 932 πίῃ
1881 855 1941 910 ἐκ

2037 871 2184 912 rum.
2218 852 2496 934 Quisquis
2549 867 2747 917 autem
2794 854 3014 916 biberit
3056 873 3125 916 ex
3162 874 3332 936 aqua.
3368 874 3542 936 quam
3575 874 3684 936 ego

288 955 380 1006 τοῦ
408 946 618 1018 ὕδατος,
652 949 712 1005 οὗ
740 947 848 1025 ἐγὼ
875 946 1030 1004 δώσω
1060 952 1228 1023 αὐτῷ,
1263 952 1322 1006 οὗ
1368 950 1446 1022 μὴ
1497 946 1702 1023 διψήσῃ
1733 947 1807 1008 εἷς
1849 947 1941 1001 τὸν

2037 940 2175 1001 dabo
2207 942 2410 1018 ei,non
2445 943 2603 1003 sitiet
2629 943 2686 1003 in
2711 952 2999 1006 aeternum
3033 965 3045 1002 :
3071 945 3172 1006 sed
3196 963 3348 1025 aqua
3373 963 3550 1026 quam
3575 963 3684 1024 ego

286 1040 450 1094 αἰῶνα
485 1056 498 1071 ⁶
555 1036 692 1094 ἀλλὰ
777 1039 838 1094 τὸ
910 1035 1047 1115 ὕδωρ
1107 1038 1135 1092 ὃ
1204 1036 1360 1094 δώσω
1431 1037 1596 1112 αὒτῴ,
1658 1036 1938 1113 γενήσεται

2037 1030 2179 1091 dabo
2206 1033 2406 1110 ei,liet
2438 1032 2495 1092 in
2529 1052 2599 1093 eo
2653 1033 2784 1094 fons
2841 1053 3008 1114 aquae
3058 1035 3325 1096 salientis
3391 1035 3451 1094 in
3510 1037 3685 1095 vitam

290 1127 342 1184 ἐν
394 1126 535 1202 αῦτῴ
587 1127 740 1205 πηγὴ
799 1124 986 1191 ὕδατος
1043 1125 1338 1202 ἁλλομένου
1387 1127 1459 1190 εἰς
1504 1127 1644 1198 ζωὴν
1705 1125 1938 1185 αἰώνιον.

296 1217 447 1295 Λέγει
505 1218 636 1294 πρὸς
695 1217 848 1274 αὐτὸν
907 1218 942 1285 ἦ
1001 1218 1134 1294 γυνή
1172 1235 1185 1248 °
1237 1218 1418 1295 Κύριε,
1498 1213 1592 1272 δόσ
1645 1238 1734 1292 μοι
1791 1221 1943 1272 τοῦτο

289 1307 350 1363 τὸ
431 1303 594 1386 ὕδωρ,
682 1305 774 1361 ἵνα
851 1305 931 1381 μὴ
1001 1303 1163 1380 διψῶ,
1251 1303 1388 1380 μηδὲ
1447 1303 1694 1384 ἕρχωμαι
1773 1299 1948 1359 ἐνθάδε

290 1393 530 1454 ἀντλεῖν.
569 1420 595 1450 ι
648 1393 857 1474 Πατέρα
927 1395 1122 1462 ἑαυτῆς
1181 1407 1415 1451 ποιεῖται
1479 1396 1569 1450 τὸν
1613 1390 1828 1474 Ἰακὼϐ,
1876 1394 1949 1456 εἷς

293 1487 390 1553 τὴν
447 1483 750 1553 Ἰουδαϊκὴν
792 1484 1059 1562 εὐγένειαν
1093 1484 1258 1552 αὐτὴν
1318 1488 1646 1542 συνωθοῦσα.
1695 1473 1840 1560 ΗΟρα
1896 1479 1949 1538 δέ

295 1597 389 1649 μοι
443 1574 543 1642 τὴν
603 1580 809 1631 σύνεσιν
866 1575 963 1642 τῆς
1009 1575 1282 1652 γυναικὸς,
1339 1577 1454 1637 πῶς
1510 1575 1654 1638 εὐθὺς
1704 1573 1808 1637 ἀπὸ
1851 1573 1950 1637 τῆς

298 1671 404 1720 τὼν
458 1661 659 1720 ὑδάτων
717 1662 966 1744 διαφορᾷς
1002 1661 1368 1739 συλλογίζεται
1398 1664 1486 1720 καὶ
1543 1663 1640 1731 τὴν
1701 1660 1951 1740 διαφορὰν

2025 1121 2492 1182 aaternam.Dicit
2519 1122 2601 1183 illi
2637 1123 2849 1183 mulier
2878 1145 2890 1186 :
2922 1122 3197 1196 Domine,
3233 1124 3307 1184 da
3342 1122 3486 1184 mihi
3512 1123 3684 1184 istam

2033 1219 2338 1290 aquam,ut
2371 1231 2487 1272 non
2521 1212 2944 1292 sitiam,neque
2975 1213 3208 1274 veniam
3265 1214 3380 1274 huc
3429 1214 3498 1275 ad
3533 1212 3682 1274 ban-

2034 1301 2330 1362 riendum.
2357 1301 2498 1361 555
2534 1328 2558 1357 ι)
2588 1300 2820 1362 Patrem
2855 1321 3026 1362 suum
3077 1302 3214 1364 facit
3257 1301 3458 1375 Jacob,
3494 1321 3560 1363 se
3593 1304 3684 1365 in-

2035 1390 2284 1452 trudens
2305 1391 2366 1451 in
2391 1391 2758 1455 nobilitatem
2779 1391 3688 1466 Judaicam.Videautem,obse-

2034 1481 2540 1558 rro,prudentiam
2576 1479 2865 1548 mulieris,
2893 1480 3189 1560 quomodo
3219 1481 3416 1542 statim
3439 1499 3473 1541 ει
3492 1481 3684 1541 varie-

2035 1576 2148 1627 tate
2173 1587 2461 1648 aquarum
2508 1569 2896 1631 ratiocinator
2927 1577 2986 1630 et
3009 1569 3275 1630 dantium
3319 1571 3684 1633 varietatem.

2038 1657 2187 1720 Dicit
2211 1657 2460 1720 enim:Si
2490 1659 2662 1719 talem
2681 1677 2892 1739 aquam
2923 1658 3537 1740 es,daturus,omnino
3557 1678 3686 1720 ma-

294 1760 398 1810 τῶν
443 1751 712 1812 διδόντων.
765 1755 822 1811 Ei.
873 1755 996 1832 γὰρ,
1045 1754 1195 1834 φησὶ,
1247 1760 1484 1810 τοιοῦτον
1525 1751 1660 1830 ὕδωρ
1735 1749 1946 1824 δώσεις,

2037 1747 2122 1826 jor
2136 1765 2198 1808 es
2213 1756 2377 1842 patre
2391 1747 2891 1842 Jacob,qui_nobi_s
2913 1748 3076 1810 dedit
3099 1751 3253 1842 hanc
3271 1768 3303 1842 ιι
3319 1767 3484 1842 quam
3499 1747 3685 1821 .Quod

291 1844 505 1906 πάντως
566 1844 760 1918 μείζων
817 1842 872 1898 εἴ
943 1849 1034 1899 τοῦ
1107 1845 1169 1899 τὸ
1247 1844 1416 1922 παρὸν
1474 1840 1610 1921 ὕδωρ
1660 1838 1949 1905 δεδωκότος

287 1933 424 2003 ἡμῖν
485 1927 700 1988 Ἰακώϐ.
751 1931 823 1989 Τὸ
852 1929 929 2011 δὲ,
970 1954 996 1984 α
1038 1932 1134 1988 Καὶ
1164 1934 1320 1992 αὔτως
1393 1929 1444 1997 ἐξ
1495 1933 1653 1988 αὑτοῦ
1707 1930 1880 2010 ἔπιεν,
1917 1954 1944 1986 ι

293 2019 507 2083 ἔπαινός
565 2019 676 2076 ἐστι
732 2021 831 2088 τῆς
907 2022 998 2076 τοῦ
1082 2019 1269 2086 ὕδατος
1326 2019 1616 2088 ἡδύτητος.
1688 2026 1949 2078 Τοσθδτον

290 2110 411 2186 γὰρ,
459 2112 643 2190 φησὶν,
709 2108 965 2188 ἠρέσκετο
1023 2115 1090 2186 τῇ
1151 2132 1305 2188 πηγῃ
1353 2111 1380 2166 ὀ
1412 2110 1778 2190 πατριάρχης,
1812 2109 1948 2166 ὥστε

288 2202 377 2257 καὶ
422 2201 576 2264 αὐτὸς
607 2213 774 2270 πιεῖν,
811 2200 898 2255 καὶ
927 2201 973 2255 οἱ
1025 2201 1123 2254 υἱοὶ
1156 2200 1338 2262 αὐτοῦ,
1373 2201 1444 2257 Τὸ
1475 2197 1527 2254 δὲ
1575 2200 1664 2254 καὶ
1694 2197 1758 2254 τᾶ
1787 2199 1946 2276 θρέμ-

285 2311 430 2360 ματα
479 2291 636 2346 αὐτοῦ
668 2302 836 2368 πιεῖν,
871 2286 1190 2346 ἐνδεικτικόν
1250 2288 1360 2345 ἐστι
1415 2294 1513 2354 τῆς
1565 2288 1811 2368 ἀφθονίας
1859 2301 1949 2351 τοῦ

283 2376 494 2442 ὕδατος.
550 2378 623 2436 Οῦ
677 2378 838 2452 μόνον
881 2379 1004 2458 γὰρ,
1059 2380 1245 2458 φησὶν,
1302 2377 1399 2446 ἡδύ
1431 2378 1540 2435 ἐστι
1574 2380 1636 2435 τὸ
1668 2377 1824 2457 ὕδωρ,
1862 2375 1948 2437 καὶ

286 2467 453 2532 οῧτως
495 2465 616 2547 ἡδὺ,
661 2469 734 2532 ὡς
769 2469 971 2524 καὶτὸν
1031 2465 1223 2525 Ἰακὼϐ
1249 2481 1398 2525 πιεῖν
1451 2467 1504 2534 ἐξ
1550 2469 1706 2528 αὐτοῦ
1743 2487 1757 2503 ’
1812 2468 1950 2526 ἀλλὰ

290 2559 378 2613 καὶ
409 2556 654 2633 δαψιλὲς,
711 2559 799 2615 καὶ
849 2557 1044 2632 οὕτως,
1111 2558 1250 2615 ὥστε
1294 2559 1384 2614 καὶ
1439 2559 1569 2636 πρὸς
1631 2560 1688 2615 τὸ
1743 2557 1948 2626 πλῆθος

288 2654 395 2704 τῶν
438 2649 755 2727 θρεμμάτων
825 2658 917 2708 τοῦ
963 2649 1299 2729 πατριάρχου
1379 2647 1618 2708 ἀρκέσαι.
1686 2649 1949 2716 Εἱπούσης

296 2735 352 2791 δὲ
410 2744 507 2806 τῆς
565 2739 814 2816 γυναικὸς
877 2739 959 2810 τὸ,
1022 2757 1045 2792 α
1101 2738 1190 2805 Μὴ
1223 2737 1284 2793 σὺ
1317 2738 1510 2812 μείζων
1544 2741 1600 2793 εἴ
1627 2744 1724 2794 τοῦ
1753 2739 1951 2816 πατρὸς

298 2827 452 2899 ἡμῶν
488 2845 505 2905 ;
542 2849 569 2878 ιι
626 2827 653 2880 ὸ
714 2827 896 2904 Κύριος
942 2833 1180 2905 φανερῶς
1237 2825 1333 2902 μὲν
1391 2827 1451 2883 οῦ
1512 2825 1680 2903 λέγει,
1714 2825 1793 2883 ὅτι
1852 2829 1950 2885 Ναὶ

347 2913 390 2944 ,ι
580 2914 593 2936 τ
641 2914 654 2930 ι
743 2912 766 2934 er
942 2914 955 2933 ι
1077 2915 1113 2936 ορ
1381 2915 1393 2935 ι
1843 2915 1862 2934 ς
1896 2917 1908 2934 ε
1935 2933 1952 2943 ,

301 2920 495 2986 μειζων
553 2935 681 2987 ειμι,
751 2935 834 2969 ινα
894 2937 971 2988 μη
1029 2911 1152 2992 δοςῃ
1212 2923 1529 2995 κομπάζειν,
1605 2917 1778 2990 μήπω
1834 2927 1950 2973 δοῦ»

2035 1847 2233 1898 autem
2261 1835 2390 1916 ipse
2420 1857 2488 1898 ex
2529 1856 2598 1898 eo
2653 1837 2825 1918 bibit,
2861 1837 2987 1899 laus
3029 1847 3119 1899 est
3159 1837 3434 1899 bonitatis
3476 1857 3683 1920 aquae;

2037 1933 2260 1986 tantum
2296 1926 2454 1988 enim
2493 1926 2860 2006 placuitl‘ons
2882 1926 2983 1988 ille
3009 1927 3450 2008 patriarchae,ut
3479 1927 3688 2007 etipse

2035 2013 2272 2092 biberit,
2305 2023 2362 2076 et
2397 2015 2501 2076 lilii
2533 2017 2683 2095 ejus.
2719 2014 2886 2088 Quod
2946 2025 3140 2077 autem
3191 2023 3248 2076 et
3304 2033 3518 2096 pecora
3558 2017 3688 2095 ejus

2035 2102 2319 2177 biberint,
2355 2105 2641 2167 indicium
2676 2114 2763 2167 est
2797 2105 2967 2184 capia
2997 2124 3308 2186 aquarum.
3354 2107 3485 2168 Non
3527 2105 3686 2166 enim

2029 2194 2220 2255 solum
2251 2193 2438 2255 dulcis
2456 2204 2544 2256 est
2569 2203 2808 2275 aqua,et
2851 2195 2932 2256 ita
2981 2195 3197 2275 dulcis,
3235 2203 3296 2256 ut
3328 2203 3386 2256 et
3412 2195 3590 2256 Iacob
3615 2213 3686 2257 ex

2030 2301 2098 2344 ea
2128 2283 2371 2359 biberit,
2407 2285 2510 2346 sed
2545 2294 2600 2347 et
2633 2285 2814 2364 larga.
2845 2285 3008 2347 etsic
3042 2286 3224 2364 larga,
3262 2293 3322 2345 ut
3375 2285 3683 2348 sutl‘ecerit

2030 2373 2389 2435 multitudini
2417 2394 2696 2454 pecorum
2715 2374 3062 2453 patriarchae
3084 2374 3290 2438 Jacob.
3311 2375 3456 2436 Cum
3483 2383 3680 2436 autem

2033 2462 2265 2524 diceret
2294 2464 2528 2527 mulier,
2563 2469 2753 2529 «Num
2784 2474 2844 2526 tu
2889 2467 3079 2544 major
3108 2473 3196 2527 est
3227 2473 3388 2544 patre
3417 2461 3681 2526 nostro?»

2037 2553 2326 2616 Dominus
2354 2553 2593 2634 quidem
2626 2554 2936 2615 manifeste
2962 2573 3080 2614 non
3104 2553 3545 2627 dicit,Profecto
3570 2572 3689 2614 ma-

2027 2644 2128 2720 jor
2159 2651 2391 2703 sum.ut
2424 2663 2541 2703 non
2583 2643 2864 2704 videatur
2900 2661 3182 2719 arrogans
3205 2661 3502 2716 esse,cum
3531 2660 3684 2703 non-

2037 2732 2175 2792 dum
2201 2732 2438 2812 aliquod
2462 2733 2769 2813 specimen
2795 2751 2921 2793 suae
2948 2731 3242 2792 \‘irtututis
3270 2730 3636 2793 exhibuisset
3670 2752 3681 2790 :

2038 2822 2149 2881 hoc
2175 2828 2368 2881 tamen
2405 2830 2569 2902 parat
2591 2840 2659 2883 ea
2683 2841 2815 2902 quae
2845 2821 3010 2883 dicit.
3067 2820 3220 2882 Dicit
3276 2820 3434 2883 enim
3467 2841 3479 2882 :
3520 2845 3546 2875 ι
3575 2817 3688 2892 Qui

2041 2909 2190 2970 bibit
2236 2929 2304 2973 ex
2366 2912 2476 2975 hac
2533 2930 2706 2992 aqua,
2750 2912 2962 2972 iterum
3017 2909 3222 2972 sitiet:
3259 2911 3355 2990 qui
3389 2919 3585 2970 autem
3618 2927 3687 2972 ex

302 2999 569 3067 ἀπόδειξιν
622 3008 721 3068 τῆς
787 3004 980 3065 οἰκείας
1035 3001 1307 3079 δυνάμεως
1343 3023 1358 3041 ο
1420 3002 1488 3060 δι’
1547 3007 1623 3061 ὧν
1675 3003 1729 3060 δὲ
1786 3005 1951 3082 λέγει,

2047 3019 2176 3061 mea
2227 2999 2394 3081 bibit,
2431 3021 2547 3062 non
2594 3001 2756 3062 sitiet
2797 3001 2856 3061 in
2888 3009 3199 3062 aeternum.
3241 3023 3264 3058 ι
3302 2999 3494 3078 Atque
3525 2999 3607 3060 ita
3637 3001 3685 3061 si

301 3113 456 3147 τουτο
499 3091 875 3162 κατασκευάζει
913 3111 926 3124 ⁵
981 3111 1008 3148 ι
1046 3082 1103 3150 Ὀ
1157 3093 1322 3148 πίνων
1353 3093 1448 3168 μὲν
1479 3093 1578 3171 γὰρ
1615 3093 1676 3150 ἐκ
1705 3099 1796 3148 τοῦ
1825 3091 1950 3148 ὕδα-

2037 3090 2270 3151 miraris
2300 3090 2480 3152 Jacob
2512 3091 2612 3170 qui
2646 3089 2809 3152 dedit
2841 3109 3049 3170 aquam
3086 3088 3482 3167 talem,multo
3504 3088 3688 3167 magis

295 3202 383 3244 τος
441 3181 628 3238 τούτου
687 3179 905 3256 διψήσει
945 3197 957 3210 ⁵
1004 3183 1032 3238 6
1106 3179 1162 3238 δὲ
1218 3184 1281 3238 ὲκ
1337 3181 1430 3240 τοῦ
1485 3181 1616 3258 ἐμοῦ
1668 3185 1833 3240 πίνων
1893 3186 1951 3242 οῦ

2037 3180 2318 3242 admirari
2341 3189 2574 3262 oportet
2595 3199 2728 3242 eum
2763 3179 2862 3260 qui
2897 3179 3118 3260 prmliet
3153 3177 3327 3257 longe
3378 3177 3686 3240 meliorem

298 3272 372 3344 μή
405 3269 641 3346 διψήσει,
678 3295 703 3324 ιι
749 3261 926 3328 "uate
952 3273 996 3328 εἰ
1018 3271 1302 3346 θαυμάζεις
1332 3273 1421 3328 τὸν
1452 3269 1648 3329 Ἰακὼϐ
1679 3274 1767 3328 τὸν
1797 3271 1951 3330 δόντα

2037 3289 2272 3351 aquam.
2308 3261 2492 3343 Quam
2527 3275 2686 3331 enim
2722 3289 2828 3348 ego
2862 3269 2959 3344 do,
2987 3268 3116 3328 fons
3151 3268 3213 3328 [it
3244 3285 3432 3347 aquae,
3467 3285 3598 3349 quae
3627 3269 3689 3329 in

296 3361 356 3415 τὸ
413 3357 549 3439 ὕδωρ
605 3369 782 3432 τοῦτο,
858 3361 1046 3437 πολλῷ
1121 3360 1328 3436 μᾶλλον
1373 3360 1624 3442 ἐμὲ-χρη
1659 3363 1948 3437 Θαυμάσαι,

2037 3361 2166 3420 dies
2198 3361 2384 3438 magis
2413 3379 2480 3422 ac
2507 3360 2690 3438 magis
2712 3358 3304 3438 multiplicatur.Non
3327 3356 3484 3417 enim
3510 3375 3686 3438 quam

296 3450 356 3504 τὸ
415 3448 552 3506 πολὺ
608 3449 818 3526 βέλτιον
875 3449 1011 3530 ὕδωρ
1053 3449 1394 3530 παρέχοντα.
1459 3433 1534 3509 μΟ
1582 3451 1680 3530 γὰρ
1710 3450 1818 3529 ἐγὼ
1869 3450 1948 3508 δί-

2037 3468 2243 3529 parum
2277 3433 2576 3529 accipiunt
2604 3433 2792 3510 sancti
2818 3466 2852 3509 a
2877 3433 3022 3519 Deo,
3057 3447 3135 3506 ita
3177 3464 3363 3525 usque
3400 3445 3473 3507 ad
3506 3433 3685 3508 finem

293 3538 458 3618 δωμι,
517 3539 671 3618 πηγὴ
729 3540 928 3618 γίνεται
971 3537 1160 3604 ὕδατος
1221 3539 1302 3595 ἀεὶ
1349 3541 1438 3596 καὶ
1485 3539 1563 3596 ἀεὶ
1612 3539 1951 3616 πληθυνομέ-

2037 3541 2402 3610 ΒιΤνείηῑβθίί
2425 3539 2652 3600 semina
2672 3537 2909 3618 quidem
2944 3544 3002 3597 et
3032 3535 3198 3597 initia
3221 3535 3518 3615 accipiunt
3547 3535 3685 3596 boni

289 3649 405 3689 νου.
465 3627 537 3685 Οὔ
580 3630 680 3708 γὰρ
711 3627 835 3686 ὅσον
892 3626 1126 3686 λάϐωσιν
1157 3629 1204 3684 οἱ
1259 3629 1398 3707 ἅγιοι
1429 3628 1489 3686 ἐκ
1519 3637 1674 3706 Θεοῦ,
1707 3641 1956 3689 τοσοῦτον

293 3717 381 3772 καὶ
425 3716 553 3796 ἄχρι
597 3717 782 3783 τέλους
858 3726 1107 3796 τηροῦσιν
1142 3734 1156 3749 ⁸
1219 3716 1354 3775 ἀλλὰ
1398 3718 1675 3796 σπέρματα
1717 3721 1816 3793 μὲν
1871 3722 1957 3777 καὶ

289 3806 459 3886 αρχὰς
504 3815 598 3864 τοῦ
657 3809 858 3886 ἀγαθοῦ
917 3808 1168 3889 δέχονται
1235 3809 1321 3866 διὰ
1361 3814 1458 3877 τῆς
1491 3809 1740 3890 χάριτος,
1785 3832 1954 3890 προσ-

290 3892 560 3954 δαπανῶσι
607 3897 662 3954 δὲ
725 3899 813 3955 καὶ
873 3899 1022 3956 αὐτοὶ
1063 3901 1152 3956 καὶ
1181 3898 1420 3965 αὔξουσιν
1459 3919 1472 3933 ·
1508 3899 1536 3954 ὃ
1580 3901 1668 3955 καὶ
1713 3897 1797 3956 διὰ
1853 3905 1956 3967 τῆς

289 3991 399 4041 τοῖιν
454 3986 726 4046 ταλάντων
770 3987 1080 4068 παραϐολῆς
1113 3989 1394 4068 εσημαίνει
1447 3991 1474 4045 6
1509 3989 1721 4068 Κύριος,
1758 3991 1844 4046 καὶ
1872 3987 1955 4047 διὰ

299 4084 392 4133 τοῦ
433 4077 772 4160 πανδοχέως.
824 4081 920 4136 Καὶ
980 4080 1082 4159 γὰρ
1124 4081 1152 4137 ὁ
1198 4080 1261 4136 τὰ
1312 4077 1400 4136 δύο
1456 4077 1693 4135 τάλαντα
1750 4075 1950 4143 λαϐὼν,

2041 3647 2147 3708 per
2177 3629 2450 3706 gratiam,
2485 3629 2790 3690 insumunt
2820 3635 3015 3688 autem
3048 3633 3105 3688 et
3135 3625 3270 3704 ipsi,
3311 3643 3377 3685 ac
3411 3643 3688 3687 crescere

2041 3719 2260 3782 faciunt
2291 3740 2302 3780 :
2329 3719 2384 3780 id
2419 3718 2573 3800 quod
2605 3736 2712 3798 per
2745 3715 3080 3796 parabolam
3115 3714 3474 3775 talentorum
3500 3713 3689 3794 signi-

2043 3808 2177 3869 ﬁcat
2202 3809 2579 3882 Dominl,s,et
2605 3826 2708 3888 per
2729 3803 3290 3886 hospitem.Etenim
3311 3803 3412 3884 qui
3434 3823 3688 3884 accepe-

2042 3906 2129 3959 rat
2162 3898 2279 3960 duo
2313 3898 2548 3966 talenta,
2595 3897 2854 3958 lucratus
2884 3904 2971 3956 est
2999 3895 3115 3955 alia
3147 3894 3261 3956 duo
3284 3894 3397 3964 98',
3448 3895 3552 3955 sed
3585 3913 3692 3956 sua

2041 3987 2495 4068 prmparatione:
2519 3998 2574 4048 et
2599 3985 2815 4067 hospiti
2835 3985 2933 4066 qui
2955 3991 3298 4064 susceperat
3321 3983 3687 4044 vulneratum

2043 4077 2389 4154 latronibus,
2427 4075 2740 4156 pollicetur
2770 4072 3374 4153 Dominus,quidquid
3410 4082 3696 4154 praeterea

307 4164 587 4244 ἐκέρδησεν
637 4168 772 4225 ἄλλα
831 4167 922 4227 δύο
992 4168 1076 4226 διὰ
1143 4175 1244 4238 τῆς
1301 4169 1619 4249 ἒπεργασίας
1655 4184 1668 4198 ⁶
1736 4171 1826 4225 καὶ
1879 4176 1951 4244 τῷ

2038 4167 2408 4248 impenderis
2429 4167 2503 4226 de
2534 4174 2656 4241 tuo,
2691 4165 2845 4226 dabo
2881 4164 2984 4225 tibi
3015 4163 3262 4226 99.lllud
3293 4162 3476 4240 igitur
3492 4172 3551 4224 et
3581 4164 3694 4224 hoc

303 4255 571 4336 πανδοχεῖ
625 4255 705 4331 δὲ,
769 4265 845 4331 τῷ
900 4260 992 4314 τὸν
1066 4259 1514 4334 τραυματισθέντα
1583 4260 1684 4314 ὑπὸ
1744 4257 1951 4334 λῃστῶν

2039 4258 2169 4321 loco
2191 4254 2701 4336 innuit2Equidem
2722 4272 2932 4331 aquam
2967 4253 3042 4314 do
3074 4250 3434 4312 sitientizilla
3463 4259 3689 4325 autem,

302 4343 697 4426 ὑποδεξαμένῳ,
754 4349 1105 4427 ὑπισχνεῖται
1163 4351 1190 4404 ὁ
1253 4351 1460 4427 Κύριος,
1549 4345 1628 4404 ὅτι
1693 4337 1769 4405 Ὀ
1861 4347 1949 4405 ἐὰν

2037 4366 2213 4427 quam
2248 4363 2358 4426 ego
2392 4347 2614 4417 do,non
2651 4352 2848 4404 manet
2882 4340 3177 4416 tanta,sed
3209 4339 3387 4402 etiam
3413 4339 3696 4420 multipli-

304 4431 755 4512 προσδαπανήσῃς
825 4437 1060 4512 οἴκοθεν,
1119 4437 1228 4516 ἐγὼ
1285 4434 1440 4492 δώσω
1500 4459 1605 4492 σοι.
1659 4444 1822 4494 Τοῦτο
1866 4437 1951 4493 οὖν

2039 4446 2225 4514 catur,
2260 4455 2327 4495 ac
2359 4434 2488 4495 fons
2515 4432 2792 4494 efficitur.
2823 4431 2994 4492 Dedit
3029 4427 3207 4491 Paulo
3245 4446 3457 4508 aquam
3493 4433 3508 4470 θ
3548 4427 3694 4489 bre-

296 4521 556 4581 κανταῦθα
601 4527 881 4582 αἰνίττεται
918 4544 930 4558 ·
987 4524 1185 4601 Δίδιυμι
1245 4525 1342 4601 μὲν
1403 4525 1511 4601 ἐγὼ
1567 4523 1702 4604 ὕδωρ
1749 4533 1828 4602 τῷ
1871 4524 1951 4582 δι-

2041 4546 2166 4587 rem
2202 4524 2508 4595 Dominus,
2547 4522 2791 4583 Ananiae
2844 4519 3268 4580 instructiones
3305 4537 3317 4579 :
3352 4535 3420 4578 ac
3453 4517 3694 4580 brevem

301 4621 497 4691 ψῶντι,
559 4615 738 4674 ἐκεῖνο
794 4615 870 4696 δὲ,
933 4614 1063 4693 ὅπερ
1125 4614 1334 4692 δίδωμι,
1382 4616 1440 4672 οῦ
1488 4615 1636 4690 μένει
1679 4623 1951 4695 τοσοῦτον,

2037 4616 2195 4676 iilam
2232 4632 2440 4694 aquam
2493 4612 2896 4673 doctrinarum
2922 4607 3174 4671 Ananiae
3205 4605 3420 4669 Paulus
3473 4607 3695 4696 fontem

292 4703 431 4760 ἀλλὰ
488 4703 828 4784 πλημμυρεῖ,
883 4707 972 4763 καὶ
1029 4705 1182 4783 πηγὴ
1224 4706 1447 4782 γίνεται.
1513 4701 1719 4762 Δέδωκε
1764 4702 1817 4760 δὲ
1877 4710 1953 4778 τῷ

303 4793 495 4867 Παύλῳ
523 4793 658 4874 ὕδωρ
714 4797 890 4876 βραχὺ
945 4797 972 4853 ὀ
1033 4796 1246 4872 Κύριος,
1300 4796 1395 4858 τὰς
1425 4793 1518 4851 τοῦ
1549 4793 1790 4851 Ἀνανίου
1820 4818 1945 4852 κατ·

309 4885 568 4963 ηχτςσεις,
613 4884 749 4942 ἀλλὰ
791 4887 976 4964 πηγὴν
1022 4887 1049 4942 6
1097 4883 1301 4946 Παῦλος
1343 4886 1405 4941 τὸ
1448 4883 1623 4964 βραχὸ
1653 4882 1829 4940 ἐκεῖνο
1857 4889 1957 4951 τῆς

304 4971 642 5039 διδασκαλίας
699 4974 835 5053 ὕδωρ
889 4983 980 5031 τοῦ
1026 4975 1265 5032 Ἀνανίου
1324 4970 1615 5053 ἀπέδειξεν,
1674 4973 1810 5030 ὥστε
1855 4974 1961 5037 ἀπὸ

311 5049 660 5140 Ἰερουσαλὴμ
947 5072 1040 5122 τοῦ
1098 5063 1389 5144 Ἰλλυρικοῦ
1457 5049 1650 5143 φθᾶσαι
1722 5065 1788 5121 τὰ
1859 5064 1958 5133 τῆς

295 5159 481 5230 πηγῆς
514 5152 718 5220 ἐκείνης
780 5156 1093 5235 ὁρμήματα.
1156 5145 1218 5210 Ἠ
1249 5154 1381 5232 γυνὴ
1432 5150 1487 5208 δὲ
1539 5153 1654 5217 πῶς
1699 5175 1827 5209 ποτε
1859 5155 1958 5222 ἆρα

293 5244 411 5322 περὶ
453 5253 618 5302 ταῦτα
657 5243 912 5302 διάκειται
952 5263 968 5321 ;
1001 5247 1275 5308 Ταπεινώς
1328 5243 1428 5318 μὲν
1477 5241 1554 5298 ἔτι
1589 5244 1812 5318 (νομίζει
1857 5243 1958 5321 γὰρ

299 5333 415 5413 περὶ
470 5330 654 5400 ὕδατος
718 5336 966 5402 αἰσθητοῦ
1008 5333 1129 5396 τοὺς
1175 5331 1366 5411 λόγους
1398 5331 1604 5410 εἶναι),
1657 5330 1801 5398 πλὴν
1834 5325 1954 5387 ἀλλ’

299 5423 539 5502 ἐμφαίνει
600 5425 688 5480 καί
744 5447 862 5480 τινα
917 5423 1221 5501 προκοπήν.
1287 5424 1359 5480 Τὸ
1403 5420 1501 5496 μὲν
1545 5421 1645 5500 γὰρ
1701 5423 1957 5500 πρότερον

292 5513 512 5588 ἠπόρει,
563 5511 792 5593 λέγουσα
829 5530 842 5544 ·
885 5539 910 5570 «
947 5513 1108 5570 Πόθεν
1153 5512 1305 5593 ἔχεις
1331 5509 1467 5589 ὕδωρ
1513 5516 1616 5581 ζῶν
1652 5531 1669 5584 ;
1709 5533 1732 5567 ιι
1769 5518 1856 5566 νῦν
1901 5509 1955 5568 δὲ

382 5671 467 5723 93'
499 5674 701 5738 Matth.
733 5692 878 5751 IXV,
909 5675 1014 5740 Β.
1100 5673 1167 5726 99
1190 5672 1334 5740 Luc.
1375 5689 1434 5742 Ii,
1466 5670 1567 5733 35.

2044 4723 2173 4766 esse
2204 4702 2650 4775 demonstravit,
2686 4700 2766 4760 ita
2832 4708 2895 4759 ut
2938 4717 2972 4758 a
3018 4696 3347 4759 Jerusalem
3399 4713 3588 4775 usque
3622 4695 3694 4757 ad

2044 4795 2343 4877 Illyricum
2369 4790 2750 4874 pervenirent
2782 4789 2940 4850 illius
2967 4785 3152 4877 lontis
3181 4785 3692 4877 prosi|i_entes_l_lu-

2043 4874 2152 4948 itus
2184 4883 2249 4944 Et
2279 4883 2489 4944 mulier
2523 4878 2897 4961 quomodoin
2916 4877 3008 4937 his
3033 4876 3244 4937 alfecta
3261 4874 3700 4938 est?Humiliter

2046 4974 2286 5056 quidem
2315 4973 2503 5033 l‘tlhllc
2536 4989 2599 5031 se
2628 4968 2800 5047 gerit:
2824 4967 3106 5056 opinatur
3129 4965 3286 5026 enim
3322 4965 3395 5025 de
3426 4963 3696 5056 sensibili

2044 5051 2192 5144 aqua
2215 5078 2525 5122 sermones
2554 5057 2784 5119 haberi:
2809 5055 3355 5144 profectumtamen
3380 5051 3696 5144 quemdam

2043 5143 2286 5214 indicat.
2321 5149 2464 5211 Nam
2500 5148 2751 5228 primum
2786 5145 3024 5226 quidem
3057 5143 3386 5212 dubitabat,
3436 5143 3641 5203 dicens
3679 5160 3692 5206 :

2051 5242 2256 5306 «Unde
2278 5241 2458 5301 habes
2477 5255 2690 5318 aquam
2715 5237 3071 5297 viventem?»
3086 5233 3124 5290 .\
3139 5253 3253 5294 unc
3276 5239 3473 5294 autem
3491 5240 3552 5294 et
3570 5250 3700 5293 ser-

2037 5348 2281 5394 .monem
2314 5328 2444 5389 sine
2475 5326 2656 5387 dubio
2691 5322 3200 5404 suscipit,dicens:
3233 5320 3351 5382 «Da
3383 5320 3525 5382 mihi
3550 5320 3704 5382 hanc

2042 5439 2309 5502 aquam.-
2349 5417 2599 5481 Videtur
2628 5416 2804 5496 igitur
2829 5416 2954 5476 haec
2980 5431 3109 5474 esse
3142 5410 3699 5502 prudentiorhitrp-

2042 5499 2398 5575 démoNam
2435 5507 2534 5568 ille
2567 5505 2808 5584 quidem
2842 5523 2976 5565 cum
3010 5502 3198 5565 multa
3215 5499 3704 5577 audivisset,talia

1656 5671 1846 5734 ‘Aot.
1885 5688 1969 5754 ix,
2001 5672 2100 5735 10.
