  <div class='ocr_page' id='page_1' title='image "/cluster/home/n/w/nwhite01/storage/ocr_20150623/123:no.1/coo.31924054870286/626.png"; bbox 0 0 4178 6436; ppageno 0'>
   <div class='ocr_carea' id='block_1_1' title="bbox 1052 368 3768 442">
    <p class='ocr_par' dir='ltr' id='par_1_1' title="bbox 1052 368 3768 442">
     <span class='ocr_line' id='line_1_1' title="bbox 1052 368 3768 442; baseline 0.003 -7"><span class='ocrx_word' id='word_1_1' title='bbox 1052 370 1504 436; x_wconf 80' lang='lat' dir='ltr'><strong>ENARRATIO</strong></span> <span class='ocrx_word' id='word_1_2' title='bbox 1550 374 1632 435; x_wconf 85' lang='lat' dir='ltr'><strong>IN</strong></span> <span class='ocrx_word' id='word_1_3' title='bbox 1678 368 2188 436; x_wconf 85' lang='lat' dir='ltr'><strong>EVANGELIUM</strong></span> <span class='ocrx_word' id='word_1_4' title='bbox 2231 370 2574 436; x_wconf 81' lang='lat' dir='ltr'><strong>JOANNIS.</strong></span> <span class='ocrx_word' id='word_1_5' title='bbox 2622 404 2700 416; x_wconf 93' lang='lat'><strong><em>—</em></strong></span> <span class='ocrx_word' id='word_1_6' title='bbox 2743 374 2907 437; x_wconf 79' lang='lat' dir='ltr'><strong>CAP.</strong></span> <span class='ocrx_word' id='word_1_7' title='bbox 2958 376 3062 440; x_wconf 90' lang='lat' dir='ltr'><strong>IV.</strong></span> <span class='ocrx_word' id='word_1_8' title='bbox 3617 374 3768 442; x_wconf 74' lang='grc'><strong>1238</strong></span> 
     </span>
    </p>
   </div>
   <div class='ocr_carea' id='block_1_2' title="bbox 365 502 1992 591">
    <p class='ocr_par' dir='ltr' id='par_1_2' title="bbox 365 503 1943 582">
     <span class='ocr_line' id='line_1_2' title="bbox 365 503 1943 582; baseline 0.001 -24"><span class='ocrx_word' id='word_1_9' title='bbox 365 520 716 580; x_wconf 74' lang='grc' dir='ltr'><strong>προσκυνεῖτε</strong></span> <span class='ocrx_word' id='word_1_10' title='bbox 775 507 870 562; x_wconf 75' lang='grc' dir='ltr'><strong>οὐκ</strong></span> <span class='ocrx_word' id='word_1_11' title='bbox 927 503 1111 562; x_wconf 73' lang='grc' dir='ltr'>οἴδατε</span> <span class='ocrx_word' id='word_1_12' title='bbox 1147 522 1161 536; x_wconf 83' lang='grc'><strong><em>⁸</em></strong></span> <span class='ocrx_word' id='word_1_13' title='bbox 1222 506 1388 582; x_wconf 75' lang='grc' dir='ltr'>ἡμεῖς</span> <span class='ocrx_word' id='word_1_14' title='bbox 1459 505 1514 563; x_wconf 78' lang='grc' dir='ltr'>δὲ</span> <span class='ocrx_word' id='word_1_15' title='bbox 1571 509 1618 563; x_wconf 71' lang='grc' dir='ltr'><strong>οἱ</strong></span> <span class='ocrx_word' id='word_1_16' title='bbox 1675 505 1943 580; x_wconf 81' lang='grc' dir='ltr'>Ἰουδαῖοι,</span> 
     </span>
    </p>
   </div>
   <div class='ocr_carea' id='block_1_3' title="bbox 2078 502 3762 591">
    <p class='ocr_par' dir='ltr' id='par_1_3' title="bbox 2078 502 3762 591">
     <span class='ocr_line' id='line_1_3' title="bbox 2078 502 3762 591; baseline 0.006 -30"><span class='ocrx_word' id='word_1_17' title='bbox 2078 502 2249 564; x_wconf 73' lang='lat' dir='ltr'><strong>.daeis</strong></span> <span class='ocrx_word' id='word_1_18' title='bbox 2278 515 2653 581; x_wconf 82' lang='lat' dir='ltr'><strong>annumerat,</strong></span> <span class='ocrx_word' id='word_1_19' title='bbox 2689 526 2762 569; x_wconf 91' lang='lat' dir='ltr'><strong>eo</strong></span> <span class='ocrx_word' id='word_1_20' title='bbox 2811 509 2970 590; x_wconf 92' lang='lat' dir='ltr'><strong>quod</strong></span> <span class='ocrx_word' id='word_1_21' title='bbox 3021 509 3190 589; x_wconf 78' lang='lat' dir='ltr'><strong>juxta</strong></span> <span class='ocrx_word' id='word_1_22' title='bbox 3242 509 3591 591; x_wconf 81' lang='lat' dir='ltr'><strong>opinionem</strong></span> <span class='ocrx_word' id='word_1_23' title='bbox 3629 527 3762 571; x_wconf 89' lang='lat' dir='ltr'><strong>mu-</strong></span> 
     </span>
    </p>
   </div>
   <div class='ocr_carea' id='block_1_4' title="bbox 363 583 1992 679">
    <p class='ocr_par' dir='ltr' id='par_1_4' title="bbox 363 583 1992 674">
     <span class='ocr_line' id='line_1_4' title="bbox 363 583 1992 674; baseline 0.001 -26"><span class='ocrx_word' id='word_1_24' title='bbox 363 589 616 665; x_wconf 76' lang='grc' dir='ltr'>οῗδαμεν,</span> <span class='ocrx_word' id='word_1_25' title='bbox 677 583 899 652; x_wconf 84' lang='grc' dir='ltr'>Ἐαυτὸν</span> <span class='ocrx_word' id='word_1_26' title='bbox 967 593 1022 650; x_wconf 78' lang='grc' dir='ltr'><strong>δὲ</strong></span> <span class='ocrx_word' id='word_1_27' title='bbox 1095 597 1230 671; x_wconf 78' lang='grc' dir='ltr'>μετὰ</span> <span class='ocrx_word' id='word_1_28' title='bbox 1291 602 1399 653; x_wconf 82' lang='grc' dir='ltr'>τῶν</span> <span class='ocrx_word' id='word_1_29' title='bbox 1467 594 1728 654; x_wconf 78' lang='grc' dir='ltr'>Ἰουδαίων</span> <span class='ocrx_word' id='word_1_30' title='bbox 1785 595 1992 674; x_wconf 75' lang='grc' dir='ltr'>ἀριθμεῖ</span> 
     </span>
    </p>
   </div>
   <div class='ocr_carea' id='block_1_5' title="bbox 2078 583 3763 679">
    <p class='ocr_par' dir='ltr' id='par_1_5' title="bbox 2111 583 3763 679">
     <span class='ocr_line' id='line_1_5' title="bbox 2111 583 3763 679; baseline 0.005 -27"><span class='ocrx_word' id='word_1_31' title='bbox 2111 591 2275 654; x_wconf 88' lang='lat' dir='ltr'><strong>lieris</strong></span> <span class='ocrx_word' id='word_1_32' title='bbox 2304 594 2594 677; x_wconf 82' lang='lat' dir='ltr'><strong>loquitur.</strong></span> <span class='ocrx_word' id='word_1_33' title='bbox 2627 596 2732 658; x_wconf 91' lang='lat' dir='ltr'><strong>Illa</strong></span> <span class='ocrx_word' id='word_1_34' title='bbox 2764 583 2921 659; x_wconf 80' lang='lat' dir='ltr'><strong>enim</strong></span> <span class='ocrx_word' id='word_1_35' title='bbox 2977 583 3393 679; x_wconf 73' lang='lat' dir='ltr'><strong>suspicabatur</strong></span> <span class='ocrx_word' id='word_1_36' title='bbox 3453 597 3763 663; x_wconf 75' lang='lat' dir='ltr'><strong>Iudaicum</strong></span> 
     </span>
    </p>
   </div>
   <div class='ocr_carea' id='block_1_6' title="bbox 359 679 1992 768">
    <p class='ocr_par' dir='ltr' id='par_1_6' title="bbox 359 679 1991 766">
     <span class='ocr_line' id='line_1_6' title="bbox 359 679 1991 766; baseline 0.001 -29"><span class='ocrx_word' id='word_1_37' title='bbox 359 679 494 738; x_wconf 81' lang='grc' dir='ltr'>διότι</span> <span class='ocrx_word' id='word_1_38' title='bbox 557 685 691 762; x_wconf 86' lang='grc' dir='ltr'>πρὸς</span> <span class='ocrx_word' id='word_1_39' title='bbox 752 685 851 753; x_wconf 79' lang='grc' dir='ltr'>τὴν</span> <span class='ocrx_word' id='word_1_40' title='bbox 902 685 1160 742; x_wconf 79' lang='grc' dir='ltr'>’ὑπόνοιαν</span> <span class='ocrx_word' id='word_1_41' title='bbox 1202 691 1302 753; x_wconf 78' lang='grc' dir='ltr'><strong>τῆς</strong></span> <span class='ocrx_word' id='word_1_42' title='bbox 1332 688 1579 765; x_wconf 84' lang='grc' dir='ltr'>γυναικὸς</span> <span class='ocrx_word' id='word_1_43' title='bbox 1610 685 1915 766; x_wconf 54' lang='grc' dir='ltr'>φθέγγεται·</span> <span class='ocrx_word' id='word_1_44' title='bbox 1947 685 1991 739; x_wconf 84' lang='grc' dir='ltr'>ὼ</span> 
     </span>
    </p>
   </div>
   <div class='ocr_carea' id='block_1_7' title="bbox 2078 679 3764 768">
    <p class='ocr_par' dir='ltr' id='par_1_7' title="bbox 2107 683 3764 768">
     <span class='ocr_line' id='line_1_7' title="bbox 2107 683 3764 768; baseline 0.004 -26"><span class='ocrx_word' id='word_1_45' title='bbox 2107 683 2456 763; x_wconf 84' lang='lat' dir='ltr'><strong>prOphetam</strong></span> <span class='ocrx_word' id='word_1_46' title='bbox 2488 704 2643 768; x_wconf 90' lang='lat' dir='ltr'><strong>esse,</strong></span> <span class='ocrx_word' id='word_1_47' title='bbox 2679 695 2738 749; x_wconf 92' lang='lat' dir='ltr'><strong>et</strong></span> <span class='ocrx_word' id='word_1_48' title='bbox 2771 694 3088 768; x_wconf 82' lang='lat' dir='ltr'><strong>propterea</strong></span> <span class='ocrx_word' id='word_1_49' title='bbox 3121 687 3266 750; x_wconf 80' lang='lat' dir='ltr'><strong>dicit</strong></span> <span class='ocrx_word' id='word_1_50' title='bbox 3299 709 3313 752; x_wconf 88' lang='lat'><strong>:</strong></span> <span class='ocrx_word' id='word_1_51' title='bbox 3346 710 3368 745; x_wconf 77' lang='grc' dir='ltr'><strong>ιι</strong></span> <span class='ocrx_word' id='word_1_52' title='bbox 3404 690 3526 750; x_wconf 85' lang='lat' dir='ltr'><strong>Nos</strong></span> <span class='ocrx_word' id='word_1_53' title='bbox 3543 687 3764 750; x_wconf 88' lang='lat' dir='ltr'><strong>adora-</strong></span> 
     </span>
    </p>
   </div>
   <div class='ocr_carea' id='block_1_8' title="bbox 360 772 1992 854">
    <p class='ocr_par' dir='ltr' id='par_1_8' title="bbox 360 772 1992 854">
     <span class='ocr_line' id='line_1_8' title="bbox 360 772 1992 854; baseline -0.007 -13"><span class='ocrx_word' id='word_1_54' title='bbox 360 772 643 851; x_wconf 78' lang='grc' dir='ltr'>προφήτην</span> <span class='ocrx_word' id='word_1_55' title='bbox 701 775 802 854; x_wconf 78' lang='grc' dir='ltr'>γὰρ</span> <span class='ocrx_word' id='word_1_56' title='bbox 872 773 1131 834; x_wconf 73' lang='grc' dir='ltr'><strong>Ἰουδαῖον</strong></span> <span class='ocrx_word' id='word_1_57' title='bbox 1196 777 1356 834; x_wconf 70' lang='grc' dir='ltr'>αὐτὸν</span> <span class='ocrx_word' id='word_1_58' title='bbox 1406 776 1616 832; x_wconf 75' lang='grc' dir='ltr'><strong>ὑπενόει</strong></span> <span class='ocrx_word' id='word_1_59' title='bbox 1676 774 1874 847; x_wconf 83' lang='grc' dir='ltr'>ἐκείνη,</span> <span class='ocrx_word' id='word_1_60' title='bbox 1933 796 1992 830; x_wconf 79' lang='grc' dir='ltr'><strong>κα</strong></span> 
     </span>
    </p>
   </div>
   <div class='ocr_carea' id='block_1_9' title="bbox 2078 772 3762 854">
    <p class='ocr_par' dir='ltr' id='par_1_9' title="bbox 2105 773 3762 846">
     <span class='ocr_line' id='line_1_9' title="bbox 2105 773 3762 846; baseline 0.005 -15"><span class='ocrx_word' id='word_1_61' title='bbox 2105 790 2256 834; x_wconf 89' lang='lat' dir='ltr'><strong>mus.</strong></span> <span class='ocrx_word' id='word_1_62' title='bbox 2298 797 2320 830; x_wconf 79' lang='grc' dir='ltr'><strong>υ</strong></span> <span class='ocrx_word' id='word_1_63' title='bbox 2360 773 2670 846; x_wconf 79' lang='lat' dir='ltr'><strong>Quomodo</strong></span> <span class='ocrx_word' id='word_1_64' title='bbox 2728 785 2922 838; x_wconf 87' lang='lat' dir='ltr'><strong>autem</strong></span> <span class='ocrx_word' id='word_1_65' title='bbox 2979 775 3356 839; x_wconf 85' lang='lat' dir='ltr'><strong>nesciverunt</strong></span> <span class='ocrx_word' id='word_1_66' title='bbox 3402 776 3762 840; x_wconf 89' lang='lat' dir='ltr'><strong>Samaritani</strong></span> 
     </span>
    </p>
   </div>
   <div class='ocr_carea' id='block_1_10' title="bbox 357 854 1992 948">
    <p class='ocr_par' dir='ltr' id='par_1_10' title="bbox 357 854 1992 944">
     <span class='ocr_line' id='line_1_10' title="bbox 357 854 1992 944; baseline 0.001 -29"><span class='ocrx_word' id='word_1_67' title='bbox 357 859 441 916; x_wconf 76' lang='grc' dir='ltr'><strong>διὰ</strong></span> <span class='ocrx_word' id='word_1_68' title='bbox 502 862 654 920; x_wconf 80' lang='grc' dir='ltr'><strong>τοῦτό</strong></span> <span class='ocrx_word' id='word_1_69' title='bbox 711 883 841 941; x_wconf 76' lang='grc' dir='ltr'>φησι</span> <span class='ocrx_word' id='word_1_70' title='bbox 879 881 893 896; x_wconf 82' lang='grc'><strong>⁸</strong></span> <span class='ocrx_word' id='word_1_71' title='bbox 963 887 986 920; x_wconf 73' lang='grc' dir='ltr'><strong>α</strong></span> <span class='ocrx_word' id='word_1_72' title='bbox 1025 854 1194 940; x_wconf 76' lang='grc' dir='ltr'>’Πμεῖ</span> <span class='ocrx_word' id='word_1_73' title='bbox 1279 875 1696 944; x_wconf 78' lang='grc' dir='ltr'>προσκυνοῦμεν.</span> <span class='ocrx_word' id='word_1_74' title='bbox 1732 888 1760 920; x_wconf 80' lang='grc'><strong>»</strong></span> <span class='ocrx_word' id='word_1_75' title='bbox 1809 869 1928 928; x_wconf 68' lang='grc' dir='ltr'><strong>Πτῦς</strong></span> <span class='ocrx_word' id='word_1_76' title='bbox 1958 861 1992 917; x_wconf 74' lang='grc' dir='ltr'>ὃ</span> 
     </span>
    </p>
   </div>
   <div class='ocr_carea' id='block_1_11' title="bbox 2078 854 3752 948">
    <p class='ocr_par' dir='ltr' id='par_1_11' title="bbox 2098 861 3752 948">
     <span class='ocr_line' id='line_1_11' title="bbox 2098 861 3752 948; baseline 0.005 -27"><span class='ocrx_word' id='word_1_77' title='bbox 2098 861 2256 940; x_wconf 90' lang='lat' dir='ltr'><strong>quod</strong></span> <span class='ocrx_word' id='word_1_78' title='bbox 2308 863 2664 927; x_wconf 85' lang='lat' dir='ltr'><strong>adorarunt?</strong></span> <span class='ocrx_word' id='word_1_79' title='bbox 2699 867 2848 928; x_wconf 91' lang='lat' dir='ltr'><strong>Loco</strong></span> <span class='ocrx_word' id='word_1_80' title='bbox 2881 866 3168 948; x_wconf 83' lang='lat' dir='ltr'><strong>putabant</strong></span> <span class='ocrx_word' id='word_1_81' title='bbox 3199 865 3476 929; x_wconf 84' lang='lat' dir='ltr'><strong>concludi</strong></span> <span class='ocrx_word' id='word_1_82' title='bbox 3511 865 3701 928; x_wconf 88' lang='lat' dir='ltr'><strong>Deum</strong></span> <span class='ocrx_word' id='word_1_83' title='bbox 3738 884 3752 929; x_wconf 92' lang='lat'><strong>:</strong></span> 
     </span>
    </p>
   </div>
   <div class='ocr_carea' id='block_1_12' title="bbox 355 949 1992 1038">
    <p class='ocr_par' dir='ltr' id='par_1_12' title="bbox 355 949 1992 1036">
     <span class='ocr_line' id='line_1_12' title="bbox 355 949 1992 1036; baseline 0.001 -29"><span class='ocrx_word' id='word_1_84' title='bbox 355 951 449 1007; x_wconf 68' lang='grc' dir='ltr'>οὒκ</span> <span class='ocrx_word' id='word_1_85' title='bbox 494 949 710 1027; x_wconf 71' lang='grc' dir='ltr'>ᾔδεισαν</span> <span class='ocrx_word' id='word_1_86' title='bbox 763 957 808 1011; x_wconf 79' lang='grc' dir='ltr'>οἰ</span> <span class='ocrx_word' id='word_1_87' title='bbox 893 963 1224 1034; x_wconf 80' lang='grc' dir='ltr'>Σαμαρεῖται</span> <span class='ocrx_word' id='word_1_88' title='bbox 1294 950 1331 1010; x_wconf 69' lang='grc' dir='ltr'>ὃ</span> <span class='ocrx_word' id='word_1_89' title='bbox 1390 958 1792 1036; x_wconf 84' lang='grc' dir='ltr'>προσεκύνουν;</span> <span class='ocrx_word' id='word_1_90' title='bbox 1850 954 1992 1026; x_wconf 66' lang='grc' dir='ltr'>Τόπιξ</span> 
     </span>
    </p>
   </div>
   <div class='ocr_carea' id='block_1_13' title="bbox 2078 949 3758 1038">
    <p class='ocr_par' dir='ltr' id='par_1_13' title="bbox 2095 950 3758 1038">
     <span class='ocr_line' id='line_1_13' title="bbox 2095 950 3758 1038; baseline 0.005 -28"><span class='ocrx_word' id='word_1_91' title='bbox 2095 950 2232 1012; x_wconf 86' lang='lat' dir='ltr'><strong>ideo</strong></span> <span class='ocrx_word' id='word_1_92' title='bbox 2263 956 2324 1015; x_wconf 90' lang='lat' dir='ltr'><strong>et</strong></span> <span class='ocrx_word' id='word_1_93' title='bbox 2353 971 2487 1014; x_wconf 91' lang='lat' dir='ltr'><strong>cum</strong></span> <span class='ocrx_word' id='word_1_94' title='bbox 2513 955 2836 1032; x_wconf 81' lang='lat' dir='ltr'><strong>misissent,</strong></span> <span class='ocrx_word' id='word_1_95' title='bbox 2871 957 3109 1038; x_wconf 89' lang='lat' dir='ltr'><strong>quando</strong></span> <span class='ocrx_word' id='word_1_96' title='bbox 3141 976 3176 1019; x_wconf 91' lang='lat' dir='ltr'><strong>a</strong></span> <span class='ocrx_word' id='word_1_97' title='bbox 3202 957 3482 1019; x_wconf 91' lang='lat' dir='ltr'><strong>leonibus</strong></span> <span class='ocrx_word' id='word_1_98' title='bbox 3504 955 3758 1018; x_wconf 90' lang='lat' dir='ltr'><strong>devora-</strong></span> 
     </span>
    </p>
   </div>
   <div class='ocr_carea' id='block_1_14' title="bbox 354 1038 1992 1123">
    <p class='ocr_par' dir='ltr' id='par_1_14' title="bbox 354 1041 1992 1120">
     <span class='ocr_line' id='line_1_14' title="bbox 354 1041 1992 1120; baseline 0.001 -24"><span class='ocrx_word' id='word_1_99' title='bbox 354 1041 733 1117; x_wconf 79' lang='grc' dir='ltr'>περικλείεσθαι</span> <span class='ocrx_word' id='word_1_100' title='bbox 794 1044 1032 1120; x_wconf 82' lang='grc' dir='ltr'>ἐνόμιζον</span> <span class='ocrx_word' id='word_1_101' title='bbox 1083 1049 1172 1101; x_wconf 77' lang='grc' dir='ltr'><strong>τὸν</strong></span> <span class='ocrx_word' id='word_1_102' title='bbox 1232 1045 1372 1103; x_wconf 67' lang='grc' dir='ltr'><strong>Θεᾶν</strong></span> <span class='ocrx_word' id='word_1_103' title='bbox 1483 1048 1574 1102; x_wconf 65' lang='grc' dir='ltr'>Διὸ</span> <span class='ocrx_word' id='word_1_104' title='bbox 1618 1046 1706 1102; x_wconf 82' lang='grc' dir='ltr'><strong>καὶ</strong></span> <span class='ocrx_word' id='word_1_105' title='bbox 1752 1043 1992 1119; x_wconf 70' lang='grc' dir='ltr'>πέμψαν·</span> 
     </span>
    </p>
   </div>
   <div class='ocr_carea' id='block_1_15' title="bbox 2078 1038 3761 1123">
    <p class='ocr_par' dir='ltr' id='par_1_15' title="bbox 2098 1038 3761 1123">
     <span class='ocr_line' id='line_1_15' title="bbox 2098 1038 3761 1123; baseline 0.004 -25"><span class='ocrx_word' id='word_1_106' title='bbox 2098 1038 2410 1116; x_wconf 87' lang='lat' dir='ltr'><strong>bantur,ut</strong></span> <span class='ocrx_word' id='word_1_107' title='bbox 2441 1062 2620 1123; x_wconf 86' lang='lat' dir='ltr'><strong>supra</strong></span> <span class='ocrx_word' id='word_1_108' title='bbox 2648 1044 2869 1106; x_wconf 86' lang='lat' dir='ltr'><strong>dictum</strong></span> <span class='ocrx_word' id='word_1_109' title='bbox 2904 1049 3057 1106; x_wconf 70' lang='lat'><strong>557</strong></span> <span class='ocrx_word' id='word_1_110' title='bbox 3094 1054 3276 1121; x_wconf 86' lang='lat' dir='ltr'><strong>est,et</strong></span> <span class='ocrx_word' id='word_1_111' title='bbox 3305 1044 3761 1107; x_wconf 88' lang='lat' dir='ltr'><strong>annuntiassent</strong></span> 
     </span>
    </p>
   </div>
   <div class='ocr_carea' id='block_1_16' title="bbox 355 1129 1992 1214">
    <p class='ocr_par' dir='ltr' id='par_1_16' title="bbox 355 1131 1992 1212">
     <span class='ocr_line' id='line_1_16' title="bbox 355 1131 1992 1212; baseline 0 -25"><span class='ocrx_word' id='word_1_112' title='bbox 355 1152 464 1196; x_wconf 85' lang='grc' dir='ltr'>τες.</span> <span class='ocrx_word' id='word_1_113' title='bbox 523 1131 610 1188; x_wconf 76' lang='grc' dir='ltr'>ὅτε</span> <span class='ocrx_word' id='word_1_114' title='bbox 661 1135 762 1190; x_wconf 75' lang='grc' dir='ltr'>ὑπὸ</span> <span class='ocrx_word' id='word_1_115' title='bbox 817 1141 922 1190; x_wconf 83' lang='grc' dir='ltr'>τῶν</span> <span class='ocrx_word' id='word_1_116' title='bbox 972 1134 1202 1192; x_wconf 77' lang='grc' dir='ltr'><strong>λεόντων</strong></span> <span class='ocrx_word' id='word_1_117' title='bbox 1244 1135 1463 1193; x_wconf 67' lang='grc' dir='ltr'>κατεςιὲ</span> <span class='ocrx_word' id='word_1_118' title='bbox 1499 1137 1758 1212; x_wconf 85' lang='grc' dir='ltr'>ώσκοντο,</span> <span class='ocrx_word' id='word_1_119' title='bbox 1795 1135 1867 1196; x_wconf 87' lang='grc' dir='ltr'>ὡς</span> <span class='ocrx_word' id='word_1_120' title='bbox 1901 1131 1992 1188; x_wconf 63' lang='grc' dir='ltr'><strong>ἕνα</strong></span> 
     </span>
    </p>
   </div>
   <div class='ocr_carea' id='block_1_17' title="bbox 2078 1129 3762 1214">
    <p class='ocr_par' dir='ltr' id='par_1_17' title="bbox 2097 1129 3762 1214">
     <span class='ocr_line' id='line_1_17' title="bbox 2097 1129 3762 1214; baseline 0.004 -25"><span class='ocrx_word' id='word_1_121' title='bbox 2097 1129 2223 1208; x_wconf 79' lang='lat' dir='ltr'><strong>regi</strong></span> <span class='ocrx_word' id='word_1_122' title='bbox 2253 1133 2628 1210; x_wconf 83' lang='lat' dir='ltr'><strong>Assyriorum</strong></span> <span class='ocrx_word' id='word_1_123' title='bbox 2653 1152 2718 1195; x_wconf 92' lang='lat' dir='ltr'><strong>se</strong></span> <span class='ocrx_word' id='word_1_124' title='bbox 2737 1155 2769 1196; x_wconf 74' lang='grc' dir='ltr'><strong>ιι</strong></span> <span class='ocrx_word' id='word_1_125' title='bbox 2790 1137 2913 1197; x_wconf 92' lang='lat' dir='ltr'><strong>Deo</strong></span> <span class='ocrx_word' id='word_1_126' title='bbox 2944 1137 3058 1196; x_wconf 91' lang='lat' dir='ltr'><strong>loci</strong></span> <span class='ocrx_word' id='word_1_127' title='bbox 3092 1155 3212 1197; x_wconf 92' lang='lat' dir='ltr'><strong>non</strong></span> <span class='ocrx_word' id='word_1_128' title='bbox 3232 1133 3569 1214; x_wconf 81' lang='lat' dir='ltr'><strong>suscipizibi</strong></span> <span class='ocrx_word' id='word_1_129' title='bbox 3593 1153 3762 1196; x_wconf 85' lang='lat' dir='ltr'><strong>man-</strong></span> 
     </span>
    </p>
   </div>
   <div class='ocr_carea' id='block_1_18' title="bbox 355 1218 1992 1305">
    <p class='ocr_par' dir='ltr' id='par_1_18' title="bbox 355 1218 1991 1302">
     <span class='ocr_line' id='line_1_18' title="bbox 355 1218 1991 1302; baseline -0.006 -15"><span class='ocrx_word' id='word_1_130' title='bbox 355 1218 592 1297; x_wconf 69' lang='grc' dir='ltr'>εἴρηται,</span> <span class='ocrx_word' id='word_1_131' title='bbox 647 1221 986 1301; x_wconf 63' lang='grc' dir='ltr'>ἆπάγγειλαν</span> <span class='ocrx_word' id='word_1_132' title='bbox 1031 1232 1108 1300; x_wconf 83' lang='grc' dir='ltr'>τῷ</span> <span class='ocrx_word' id='word_1_133' title='bbox 1149 1225 1520 1302; x_wconf 81' lang='grc' dir='ltr'>βασιλεῖ-τῶν</span> <span class='ocrx_word' id='word_1_134' title='bbox 1553 1222 1870 1302; x_wconf 71' lang='grc' dir='ltr'>Ἀσσυρίων,</span> <span class='ocrx_word' id='word_1_135' title='bbox 1932 1221 1991 1278; x_wconf 79' lang='grc' dir='ltr'><strong>ὅτ</strong></span> 
     </span>
    </p>
   </div>
   <div class='ocr_carea' id='block_1_19' title="bbox 2078 1218 3760 1305">
    <p class='ocr_par' dir='ltr' id='par_1_19' title="bbox 2109 1221 3760 1305">
     <span class='ocr_line' id='line_1_19' title="bbox 2109 1221 3760 1305; baseline 0.004 -27"><span class='ocrx_word' id='word_1_136' title='bbox 2109 1227 2319 1280; x_wconf 90' lang='lat' dir='ltr'><strong>serunt</strong></span> <span class='ocrx_word' id='word_1_137' title='bbox 2352 1221 2533 1283; x_wconf 88' lang='lat' dir='ltr'><strong>multo</strong></span> <span class='ocrx_word' id='word_1_138' title='bbox 2567 1230 2858 1299; x_wconf 83' lang='lat' dir='ltr'><strong>tempore,</strong></span> <span class='ocrx_word' id='word_1_139' title='bbox 2903 1231 2963 1287; x_wconf 90' lang='lat' dir='ltr'><strong>et</strong></span> <span class='ocrx_word' id='word_1_140' title='bbox 3012 1225 3327 1286; x_wconf 89' lang='lat' dir='ltr'><strong>coluerunt</strong></span> <span class='ocrx_word' id='word_1_141' title='bbox 3351 1223 3532 1305; x_wconf 89' lang='lat' dir='ltr'><strong>idola,</strong></span> <span class='ocrx_word' id='word_1_142' title='bbox 3558 1231 3616 1284; x_wconf 92' lang='lat' dir='ltr'><strong>et</strong></span> <span class='ocrx_word' id='word_1_143' title='bbox 3639 1243 3760 1285; x_wconf 89' lang='lat' dir='ltr'><strong>non</strong></span> 
     </span>
    </p>
   </div>
   <div class='ocr_carea' id='block_1_20' title="bbox 353 1306 1992 1396">
    <p class='ocr_par' dir='ltr' id='par_1_20' title="bbox 353 1311 1992 1396">
     <span class='ocr_line' id='line_1_20' title="bbox 353 1311 1992 1396; baseline 0.003 -31"><span class='ocrx_word' id='word_1_144' title='bbox 353 1313 381 1366; x_wconf 83' lang='grc' dir='ltr'><strong>ὁ</strong></span> <span class='ocrx_word' id='word_1_145' title='bbox 434 1318 528 1366; x_wconf 78' lang='grc' dir='ltr'>τοῦ</span> <span class='ocrx_word' id='word_1_146' title='bbox 558 1311 721 1368; x_wconf 82' lang='grc' dir='ltr'>τόπου</span> <span class='ocrx_word' id='word_1_147' title='bbox 753 1315 881 1376; x_wconf 83' lang='grc' dir='ltr'>Θεὸς</span> <span class='ocrx_word' id='word_1_148' title='bbox 926 1314 1117 1380; x_wconf 73' lang='grc' dir='ltr'>αὖτοὺς</span> <span class='ocrx_word' id='word_1_149' title='bbox 1161 1317 1219 1372; x_wconf 79' lang='grc' dir='ltr'><strong>ού</strong></span> <span class='ocrx_word' id='word_1_150' title='bbox 1261 1315 1647 1396; x_wconf 83' lang='grc' dir='ltr'>παραδέχεται.</span> <span class='ocrx_word' id='word_1_151' title='bbox 1709 1312 1914 1370; x_wconf 83' lang='grc' dir='ltr'>³¹Ενθεν</span> <span class='ocrx_word' id='word_1_152' title='bbox 1943 1336 1992 1370; x_wconf 74' lang='grc' dir='ltr'>τε</span> 
     </span>
    </p>
   </div>
   <div class='ocr_carea' id='block_1_21' title="bbox 2078 1306 3761 1396">
    <p class='ocr_par' dir='ltr' id='par_1_21' title="bbox 2112 1306 3761 1392">
     <span class='ocr_line' id='line_1_21' title="bbox 2112 1306 3761 1392; baseline 0.005 -25"><span class='ocrx_word' id='word_1_153' title='bbox 2112 1306 2305 1388; x_wconf 86' lang='lat' dir='ltr'><strong>ipsum</strong></span> <span class='ocrx_word' id='word_1_154' title='bbox 2338 1330 2573 1392; x_wconf 90' lang='lat' dir='ltr'><strong>quoque</strong></span> <span class='ocrx_word' id='word_1_155' title='bbox 2608 1331 2811 1375; x_wconf 86' lang='lat' dir='ltr'><strong>verum</strong></span> <span class='ocrx_word' id='word_1_156' title='bbox 2842 1316 3053 1376; x_wconf 92' lang='lat' dir='ltr'><strong>Deum.</strong></span> <span class='ocrx_word' id='word_1_157' title='bbox 3089 1313 3276 1377; x_wconf 73' lang='lat' dir='ltr'><strong>Judaei</strong></span> <span class='ocrx_word' id='word_1_158' title='bbox 3307 1320 3505 1375; x_wconf 83' lang='lat' dir='ltr'><strong>autem</strong></span> <span class='ocrx_word' id='word_1_159' title='bbox 3538 1312 3613 1374; x_wconf 88' lang='lat' dir='ltr'><strong>ab</strong></span> <span class='ocrx_word' id='word_1_160' title='bbox 3646 1315 3761 1376; x_wconf 90' lang='lat' dir='ltr'><strong>hoc</strong></span> 
     </span>
    </p>
   </div>
   <div class='ocr_carea' id='block_1_22' title="bbox 354 1399 1992 1483">
    <p class='ocr_par' dir='ltr' id='par_1_22' title="bbox 354 1400 1992 1483">
     <span class='ocr_line' id='line_1_22' title="bbox 354 1400 1992 1483; baseline 0.004 -28"><span class='ocrx_word' id='word_1_161' title='bbox 354 1402 441 1456; x_wconf 78' lang='grc' dir='ltr'><strong>καὶ</strong></span> <span class='ocrx_word' id='word_1_162' title='bbox 485 1400 699 1477; x_wconf 60' lang='grc' dir='ltr'>ἔμεινα)</span> <span class='ocrx_word' id='word_1_163' title='bbox 760 1401 888 1483; x_wconf 72' lang='grc' dir='ltr'>ἄχρι</span> <span class='ocrx_word' id='word_1_164' title='bbox 957 1403 1161 1462; x_wconf 75' lang='grc' dir='ltr'>πολλοῦ</span> <span class='ocrx_word' id='word_1_165' title='bbox 1215 1408 1304 1462; x_wconf 87' lang='grc' dir='ltr'><strong>καὶ</strong></span> <span class='ocrx_word' id='word_1_166' title='bbox 1357 1403 1562 1461; x_wconf 72' lang='grc' dir='ltr'>εἴδωλα</span> <span class='ocrx_word' id='word_1_167' title='bbox 1615 1403 1992 1480; x_wconf 78' lang='grc' dir='ltr'>θεραπεύοντες</span> 
     </span>
    </p>
   </div>
   <div class='ocr_carea' id='block_1_23' title="bbox 2078 1399 3758 1483">
    <p class='ocr_par' dir='ltr' id='par_1_23' title="bbox 2112 1399 3758 1483">
     <span class='ocr_line' id='line_1_23' title="bbox 2112 1399 3758 1483; baseline 0.004 -26"><span class='ocrx_word' id='word_1_168' title='bbox 2112 1414 2318 1460; x_wconf 87' lang='lat' dir='ltr'><strong>errore</strong></span> <span class='ocrx_word' id='word_1_169' title='bbox 2351 1399 2523 1461; x_wconf 85' lang='lat' dir='ltr'><strong>liberi</strong></span> <span class='ocrx_word' id='word_1_170' title='bbox 2555 1401 3342 1483; x_wconf 86' lang='lat' dir='ltr'><strong>fuerunt,etsciveruntesse</strong></span> <span class='ocrx_word' id='word_1_171' title='bbox 3364 1421 3549 1464; x_wconf 92' lang='lat' dir='ltr'><strong>unum</strong></span> <span class='ocrx_word' id='word_1_172' title='bbox 3571 1401 3758 1464; x_wconf 90' lang='lat' dir='ltr'><strong>Deum</strong></span> 
     </span>
    </p>
   </div>
   <div class='ocr_carea' id='block_1_24' title="bbox 351 1485 1992 1565">
    <p class='ocr_par' dir='ltr' id='par_1_24' title="bbox 351 1485 1992 1558">
     <span class='ocr_line' id='line_1_24' title="bbox 351 1485 1992 1558; baseline -0.001 -12"><span class='ocrx_word' id='word_1_173' title='bbox 351 1492 438 1547; x_wconf 88' lang='grc' dir='ltr'><strong>καὶ</strong></span> <span class='ocrx_word' id='word_1_174' title='bbox 470 1493 562 1548; x_wconf 75' lang='grc' dir='ltr'>οὒκ</span> <span class='ocrx_word' id='word_1_175' title='bbox 606 1493 761 1548; x_wconf 74' lang='grc' dir='ltr'>αὐτὸν</span> <span class='ocrx_word' id='word_1_176' title='bbox 792 1491 846 1548; x_wconf 81' lang='grc' dir='ltr'>δὲ</span> <span class='ocrx_word' id='word_1_177' title='bbox 876 1495 972 1550; x_wconf 87' lang='grc' dir='ltr'><strong>τὸν</strong></span> <span class='ocrx_word' id='word_1_178' title='bbox 999 1495 1155 1554; x_wconf 86' lang='grc' dir='ltr'>Θεόν.</span> <span class='ocrx_word' id='word_1_179' title='bbox 1203 1485 1451 1554; x_wconf 80' lang='grc' dir='ltr'>Ἰουδαῖοί</span> <span class='ocrx_word' id='word_1_180' title='bbox 1512 1493 1569 1549; x_wconf 78' lang='grc' dir='ltr'><strong>δὲ</strong></span> <span class='ocrx_word' id='word_1_181' title='bbox 1625 1493 1825 1558; x_wconf 78' lang='grc' dir='ltr'>ταύτης</span> <span class='ocrx_word' id='word_1_182' title='bbox 1887 1490 1992 1558; x_wconf 78' lang='grc' dir='ltr'><strong>ἧσα</strong></span> 
     </span>
    </p>
   </div>
   <div class='ocr_carea' id='block_1_25' title="bbox 2078 1485 3755 1565">
    <p class='ocr_par' dir='ltr' id='par_1_25' title="bbox 2115 1488 3755 1565">
     <span class='ocr_line' id='line_1_25' title="bbox 2115 1488 3755 1565; baseline 0.005 -19"><span class='ocrx_word' id='word_1_183' title='bbox 2115 1488 2411 1562; x_wconf 89' lang='lat' dir='ltr'><strong>omnium,</strong></span> <span class='ocrx_word' id='word_1_184' title='bbox 2440 1493 2672 1553; x_wconf 85' lang='lat' dir='ltr'><strong>tametsi</strong></span> <span class='ocrx_word' id='word_1_185' title='bbox 2707 1512 2823 1554; x_wconf 92' lang='lat' dir='ltr'><strong>non</strong></span> <span class='ocrx_word' id='word_1_186' title='bbox 2856 1511 3088 1557; x_wconf 90' lang='lat' dir='ltr'><strong>omnes.</strong></span> <span class='ocrx_word' id='word_1_187' title='bbox 3129 1517 3150 1550; x_wconf 71' lang='grc' dir='ltr'><strong>ε</strong></span> <span class='ocrx_word' id='word_1_188' title='bbox 3186 1491 3334 1565; x_wconf 84' lang='lat' dir='ltr'><strong>Quia</strong></span> <span class='ocrx_word' id='word_1_189' title='bbox 3363 1493 3522 1554; x_wconf 87' lang='lat' dir='ltr'><strong>salus</strong></span> <span class='ocrx_word' id='word_1_190' title='bbox 3553 1511 3621 1553; x_wconf 87' lang='lat' dir='ltr'><strong>ex</strong></span> <span class='ocrx_word' id='word_1_191' title='bbox 3651 1495 3755 1555; x_wconf 83' lang='lat' dir='ltr'><strong>.Iu-</strong></span> 
     </span>
    </p>
   </div>
   <div class='ocr_carea' id='block_1_26' title="bbox 352 1576 1992 1666">
    <p class='ocr_par' dir='ltr' id='par_1_26' title="bbox 352 1578 1992 1666">
     <span class='ocr_line' id='line_1_26' title="bbox 352 1578 1992 1666; baseline -0.008 -19"><span class='ocrx_word' id='word_1_192' title='bbox 352 1578 764 1656; x_wconf 72' lang='grc' dir='ltr'>ἀπηλλαγμένοι</span> <span class='ocrx_word' id='word_1_193' title='bbox 818 1582 910 1649; x_wconf 71' lang='grc' dir='ltr'><strong>τῆς</strong></span> <span class='ocrx_word' id='word_1_194' title='bbox 965 1585 1241 1666; x_wconf 73' lang='grc' dir='ltr'>ὑπονοίας,</span> <span class='ocrx_word' id='word_1_195' title='bbox 1301 1587 1390 1642; x_wconf 82' lang='grc' dir='ltr'><strong>καὶ</strong></span> <span class='ocrx_word' id='word_1_196' title='bbox 1444 1584 1574 1640; x_wconf 89' lang='grc' dir='ltr'>Θεὸν</span> <span class='ocrx_word' id='word_1_197' title='bbox 1637 1586 1742 1636; x_wconf 82' lang='grc' dir='ltr'>τῶν</span> <span class='ocrx_word' id='word_1_198' title='bbox 1774 1579 1992 1636; x_wconf 77' lang='grc' dir='ltr'>ἁπάντω</span> 
     </span>
    </p>
   </div>
   <div class='ocr_carea' id='block_1_27' title="bbox 2078 1576 3758 1666">
    <p class='ocr_par' dir='ltr' id='par_1_27' title="bbox 2112 1576 3758 1662">
     <span class='ocr_line' id='line_1_27' title="bbox 2112 1576 3758 1662; baseline 0.004 -25"><span class='ocrx_word' id='word_1_199' title='bbox 2112 1576 2259 1638; x_wconf 86' lang='lat' dir='ltr'><strong>daeis</strong></span> <span class='ocrx_word' id='word_1_200' title='bbox 2290 1587 2396 1640; x_wconf 92' lang='lat' dir='ltr'><strong>est.</strong></span> <span class='ocrx_word' id='word_1_201' title='bbox 2437 1605 2463 1635; x_wconf 73' lang='grc' dir='ltr'>ι)</span> <span class='ocrx_word' id='word_1_202' title='bbox 2500 1579 2810 1662; x_wconf 89' lang='lat' dir='ltr'><strong>Duplicem</strong></span> <span class='ocrx_word' id='word_1_203' title='bbox 2843 1601 3082 1644; x_wconf 81' lang='lat' dir='ltr'><strong>sensum</strong></span> <span class='ocrx_word' id='word_1_204' title='bbox 3115 1583 3230 1644; x_wconf 90' lang='lat' dir='ltr'><strong>hoc</strong></span> <span class='ocrx_word' id='word_1_205' title='bbox 3278 1581 3448 1644; x_wconf 89' lang='lat' dir='ltr'><strong>nobis</strong></span> <span class='ocrx_word' id='word_1_206' title='bbox 3498 1581 3617 1644; x_wconf 86' lang='lat' dir='ltr'><strong>dat.</strong></span> <span class='ocrx_word' id='word_1_207' title='bbox 3651 1580 3758 1645; x_wconf 89' lang='lat' dir='ltr'><strong>Vel</strong></span> 
     </span>
    </p>
   </div>
   <div class='ocr_carea' id='block_1_28' title="bbox 351 1661 1992 1753">
    <p class='ocr_par' dir='ltr' id='par_1_28' title="bbox 351 1662 1991 1751">
     <span class='ocr_line' id='line_1_28' title="bbox 351 1662 1991 1751; baseline 0.006 -27"><span class='ocrx_word' id='word_1_208' title='bbox 351 1669 512 1726; x_wconf 75' lang='grc' dir='ltr'>αὒτὸν</span> <span class='ocrx_word' id='word_1_209' title='bbox 575 1667 822 1751; x_wconf 67' lang='grc' dir='ltr'>ᾔδεισαν,</span> <span class='ocrx_word' id='word_1_210' title='bbox 869 1675 1030 1729; x_wconf 75' lang='grc' dir='ltr'>εἶκαὶ</span> <span class='ocrx_word' id='word_1_211' title='bbox 1077 1675 1154 1749; x_wconf 75' lang='grc' dir='ltr'>μὴ</span> <span class='ocrx_word' id='word_1_212' title='bbox 1192 1675 1411 1736; x_wconf 77' lang='grc' dir='ltr'>πάντες,</span> <span class='ocrx_word' id='word_1_213' title='bbox 1468 1698 1494 1728; x_wconf 72' lang='grc' dir='ltr'><strong>α</strong></span> <span class='ocrx_word' id='word_1_214' title='bbox 1540 1662 1670 1730; x_wconf 68' lang='grc' dir='ltr'><strong>ἰΟτι</strong></span> <span class='ocrx_word' id='word_1_215' title='bbox 1716 1671 1750 1737; x_wconf 71' lang='grc' dir='ltr'>ἡ</span> <span class='ocrx_word' id='word_1_216' title='bbox 1783 1669 1991 1747; x_wconf 62' lang='grc' dir='ltr'>σωτῆρί</span> 
     </span>
    </p>
   </div>
   <div class='ocr_carea' id='block_1_29' title="bbox 2078 1661 3761 1753">
    <p class='ocr_par' dir='ltr' id='par_1_29' title="bbox 2111 1661 3761 1753">
     <span class='ocr_line' id='line_1_29' title="bbox 2111 1661 3761 1753; baseline 0.004 -26"><span class='ocrx_word' id='word_1_217' title='bbox 2111 1667 2270 1728; x_wconf 91' lang='lat' dir='ltr'><strong>enim</strong></span> <span class='ocrx_word' id='word_1_218' title='bbox 2305 1671 2462 1749; x_wconf 90' lang='lat' dir='ltr'><strong>quod</strong></span> <span class='ocrx_word' id='word_1_219' title='bbox 2493 1661 2622 1733; x_wconf 88' lang='lat' dir='ltr'><strong>orbi</strong></span> <span class='ocrx_word' id='word_1_220' title='bbox 2655 1691 2724 1734; x_wconf 87' lang='lat' dir='ltr'><strong>ex</strong></span> <span class='ocrx_word' id='word_1_221' title='bbox 2755 1672 2974 1735; x_wconf 55' lang='lat' dir='ltr'><strong>ludatis</strong></span> <span class='ocrx_word' id='word_1_222' title='bbox 2998 1672 3152 1734; x_wconf 89' lang='lat' dir='ltr'><strong>bona</strong></span> <span class='ocrx_word' id='word_1_223' title='bbox 3175 1671 3579 1753; x_wconf 87' lang='lat' dir='ltr'><strong>provenerint:</strong></span> <span class='ocrx_word' id='word_1_224' title='bbox 3604 1674 3761 1734; x_wconf 90' lang='lat' dir='ltr'><strong>scire</strong></span> 
     </span>
    </p>
   </div>
   <div class='ocr_carea' id='block_1_30' title="bbox 348 1745 1992 1834">
    <p class='ocr_par' dir='ltr' id='par_1_30' title="bbox 348 1756 1992 1834">
     <span class='ocr_line' id='line_1_30' title="bbox 348 1756 1992 1834; baseline -0.002 -19"><span class='ocrx_word' id='word_1_225' title='bbox 348 1761 411 1816; x_wconf 72' lang='grc' dir='ltr'>ὲκ</span> <span class='ocrx_word' id='word_1_226' title='bbox 474 1767 578 1816; x_wconf 78' lang='grc' dir='ltr'>τῶν</span> <span class='ocrx_word' id='word_1_227' title='bbox 611 1759 879 1834; x_wconf 78' lang='grc' dir='ltr'>Ἰουδαίων</span> <span class='ocrx_word' id='word_1_228' title='bbox 907 1762 1042 1824; x_wconf 79' lang='grc' dir='ltr'>ἐστί.</span> <span class='ocrx_word' id='word_1_229' title='bbox 1081 1784 1110 1822; x_wconf 65' lang='grc' dir='ltr'>ι</span> <span class='ocrx_word' id='word_1_230' title='bbox 1153 1764 1365 1832; x_wconf 69' lang='grc' dir='ltr'>Διπλῆν</span> <span class='ocrx_word' id='word_1_231' title='bbox 1395 1763 1600 1820; x_wconf 72' lang='grc' dir='ltr'>ἔννοιαν</span> <span class='ocrx_word' id='word_1_232' title='bbox 1631 1760 1786 1817; x_wconf 74' lang='grc' dir='ltr'>τοῦτο</span> <span class='ocrx_word' id='word_1_233' title='bbox 1816 1756 1992 1814; x_wconf 84' lang='grc' dir='ltr'>δίδωσι</span> 
     </span>
    </p>
   </div>
   <div class='ocr_carea' id='block_1_31' title="bbox 2078 1745 3756 1834">
    <p class='ocr_par' dir='ltr' id='par_1_31' title="bbox 2110 1745 3756 1834">
     <span class='ocr_line' id='line_1_31' title="bbox 2110 1745 3756 1834; baseline 0.004 -18"><span class='ocrx_word' id='word_1_234' title='bbox 2110 1756 2268 1817; x_wconf 92' lang='lat' dir='ltr'><strong>enim</strong></span> <span class='ocrx_word' id='word_1_235' title='bbox 2303 1745 2514 1834; x_wconf 86' lang='lat' dir='ltr'><strong>Deum,</strong></span> <span class='ocrx_word' id='word_1_236' title='bbox 2547 1768 2603 1821; x_wconf 91' lang='lat' dir='ltr'><strong>et</strong></span> <span class='ocrx_word' id='word_1_237' title='bbox 2635 1769 3024 1824; x_wconf 89' lang='lat' dir='ltr'><strong>contemnere</strong></span> <span class='ocrx_word' id='word_1_238' title='bbox 3055 1745 3235 1834; x_wconf 77' lang='lat' dir='ltr'><strong>idola,</strong></span> <span class='ocrx_word' id='word_1_239' title='bbox 3272 1761 3414 1823; x_wconf 93' lang='lat' dir='ltr'><strong>inde</strong></span> <span class='ocrx_word' id='word_1_240' title='bbox 3447 1761 3756 1824; x_wconf 77' lang='lat' dir='ltr'><strong>exordium</strong></span> 
     </span>
    </p>
   </div>
   <div class='ocr_carea' id='block_1_32' title="bbox 355 1832 1992 1931">
    <p class='ocr_par' dir='ltr' id='par_1_32' title="bbox 355 1832 1990 1930">
     <span class='ocr_line' id='line_1_32' title="bbox 355 1832 1990 1930; baseline 0 -28"><span class='ocrx_word' id='word_1_241' title='bbox 355 1851 522 1922; x_wconf 65' lang='grc' dir='ltr'>ἡμῖν.</span> <span class='ocrx_word' id='word_1_242' title='bbox 587 1832 672 1906; x_wconf 32' lang='grc' dir='ltr'><strong>’,Η</strong></span> <span class='ocrx_word' id='word_1_243' title='bbox 723 1851 822 1930; x_wconf 83' lang='grc' dir='ltr'>γὰρ</span> <span class='ocrx_word' id='word_1_244' title='bbox 869 1849 950 1908; x_wconf 72' lang='grc' dir='ltr'>ὅτι</span> <span class='ocrx_word' id='word_1_245' title='bbox 1001 1860 1068 1930; x_wconf 75' lang='grc' dir='ltr'><strong>τῇ</strong></span> <span class='ocrx_word' id='word_1_246' title='bbox 1128 1853 1411 1930; x_wconf 75' lang='grc' dir='ltr'>οἰκουμένῃ</span> <span class='ocrx_word' id='word_1_247' title='bbox 1468 1853 1532 1909; x_wconf 74' lang='grc' dir='ltr'>τὰ</span> <span class='ocrx_word' id='word_1_248' title='bbox 1590 1849 1761 1928; x_wconf 77' lang='grc' dir='ltr'>ἀγαθὰ</span> <span class='ocrx_word' id='word_1_249' title='bbox 1805 1848 1866 1904; x_wconf 83' lang='grc' dir='ltr'>ἐκ</span> <span class='ocrx_word' id='word_1_250' title='bbox 1914 1853 1990 1902; x_wconf 81' lang='grc' dir='ltr'>τῶ</span> 
     </span>
    </p>
   </div>
   <div class='ocr_carea' id='block_1_33' title="bbox 2078 1832 3760 1931">
    <p class='ocr_par' dir='ltr' id='par_1_33' title="bbox 2078 1832 3760 1931">
     <span class='ocr_line' id='line_1_33' title="bbox 2078 1832 3760 1931; baseline 0.004 -26"><span class='ocrx_word' id='word_1_251' title='bbox 2078 1844 2390 1922; x_wconf 71' lang='lat' dir='ltr'><strong>‘habuere,</strong></span> <span class='ocrx_word' id='word_1_252' title='bbox 2415 1832 2651 1928; x_wconf 85' lang='lat' dir='ltr'><strong>aliaque</strong></span> <span class='ocrx_word' id='word_1_253' title='bbox 2681 1850 2883 1912; x_wconf 91' lang='lat' dir='ltr'><strong>omnia</strong></span> <span class='ocrx_word' id='word_1_254' title='bbox 2917 1868 3061 1912; x_wconf 90' lang='lat' dir='ltr'><strong>sana</strong></span> <span class='ocrx_word' id='word_1_255' title='bbox 3091 1832 3400 1930; x_wconf 81' lang='lat' dir='ltr'><strong>dogmata:</strong></span> <span class='ocrx_word' id='word_1_256' title='bbox 3431 1849 3606 1912; x_wconf 90' lang='lat' dir='ltr'><strong>etiam</strong></span> <span class='ocrx_word' id='word_1_257' title='bbox 3633 1851 3760 1931; x_wconf 85' lang='lat' dir='ltr'><strong>ipsa</strong></span> 
     </span>
    </p>
   </div>
   <div class='ocr_carea' id='block_1_34' title="bbox 351 1934 1992 2022">
    <p class='ocr_par' dir='ltr' id='par_1_34' title="bbox 351 1937 1992 2022">
     <span class='ocr_line' id='line_1_34' title="bbox 351 1937 1992 2022; baseline -0.003 -26"><span class='ocrx_word' id='word_1_258' title='bbox 351 1937 615 1996; x_wconf 75' lang='grc' dir='ltr'>Ἰουδαίων</span> <span class='ocrx_word' id='word_1_259' title='bbox 672 1939 862 2019; x_wconf 77' lang='grc' dir='ltr'>γέγονε</span> <span class='ocrx_word' id='word_1_260' title='bbox 919 1942 1007 2022; x_wconf 86' lang='grc' dir='ltr'><strong>(τὸ</strong></span> <span class='ocrx_word' id='word_1_261' title='bbox 1064 1944 1164 2022; x_wconf 76' lang='grc' dir='ltr'><strong>γὰρ</strong></span> <span class='ocrx_word' id='word_1_262' title='bbox 1225 1942 1413 1999; x_wconf 73' lang='grc' dir='ltr'>εἰδέναι</span> <span class='ocrx_word' id='word_1_263' title='bbox 1477 1942 1633 2020; x_wconf 73' lang='grc' dir='ltr'>Θεὸν,</span> <span class='ocrx_word' id='word_1_264' title='bbox 1692 1939 1779 1995; x_wconf 86' lang='grc' dir='ltr'>καὶ</span> <span class='ocrx_word' id='word_1_265' title='bbox 1834 1958 1992 1992; x_wconf 80' lang='grc' dir='ltr'>κατα-</span> 
     </span>
    </p>
   </div>
   <div class='ocr_carea' id='block_1_35' title="bbox 2078 1934 3756 2022">
    <p class='ocr_par' dir='ltr' id='par_1_35' title="bbox 2095 1934 3756 2019">
     <span class='ocr_line' id='line_1_35' title="bbox 2095 1934 3756 2019; baseline 0.005 -25"><span class='ocrx_word' id='word_1_266' title='bbox 2095 1934 2387 2017; x_wconf 88' lang='lat' dir='ltr'><strong>adoratio,</strong></span> <span class='ocrx_word' id='word_1_267' title='bbox 2425 1957 2556 2018; x_wconf 75' lang='lat' dir='ltr'><strong>quae</strong></span> <span class='ocrx_word' id='word_1_268' title='bbox 2574 1939 2729 2019; x_wconf 87' lang='lat' dir='ltr'><strong>apud</strong></span> <span class='ocrx_word' id='word_1_269' title='bbox 2775 1959 2877 2002; x_wconf 91' lang='lat' dir='ltr'><strong>vos</strong></span> <span class='ocrx_word' id='word_1_270' title='bbox 2898 1939 3330 2015; x_wconf 89' lang='lat' dir='ltr'><strong>Samaritanos,</strong></span> <span class='ocrx_word' id='word_1_271' title='bbox 3363 1941 3601 2002; x_wconf 81' lang='lat' dir='ltr'><strong>tametsi</strong></span> <span class='ocrx_word' id='word_1_272' title='bbox 3636 1959 3756 2002; x_wconf 90' lang='lat' dir='ltr'><strong>non</strong></span> 
     </span>
    </p>
   </div>
   <div class='ocr_carea' id='block_1_36' title="bbox 347 2024 1992 2114">
    <p class='ocr_par' dir='ltr' id='par_1_36' title="bbox 347 2028 1992 2114">
     <span class='ocr_line' id='line_1_36' title="bbox 347 2028 1992 2114; baseline 0 -30"><span class='ocrx_word' id='word_1_273' title='bbox 347 2030 629 2106; x_wconf 83' lang='grc' dir='ltr'>γινώσκειν</span> <span class='ocrx_word' id='word_1_274' title='bbox 680 2029 939 2108; x_wconf 82' lang='grc' dir='ltr'>εὶδώλων,</span> <span class='ocrx_word' id='word_1_275' title='bbox 1000 2037 1201 2091; x_wconf 63' lang='grc' dir='ltr'>ἐκεῖθεν</span> <span class='ocrx_word' id='word_1_276' title='bbox 1253 2037 1351 2102; x_wconf 75' lang='grc' dir='ltr'>τὴν</span> <span class='ocrx_word' id='word_1_277' title='bbox 1405 2035 1586 2114; x_wconf 72' lang='grc' dir='ltr'>ἀρχὴν</span> <span class='ocrx_word' id='word_1_278' title='bbox 1611 2029 1762 2111; x_wconf 63' lang='grc' dir='ltr'>ἴσχε,</span> <span class='ocrx_word' id='word_1_279' title='bbox 1800 2029 1888 2085; x_wconf 87' lang='grc' dir='ltr'><strong>καὶ</strong></span> <span class='ocrx_word' id='word_1_280' title='bbox 1946 2028 1992 2084; x_wconf 76' lang='grc' dir='ltr'><strong>τε</strong></span> 
     </span>
    </p>
   </div>
   <div class='ocr_carea' id='block_1_37' title="bbox 2078 2024 3752 2114">
    <p class='ocr_par' dir='ltr' id='par_1_37' title="bbox 2097 2024 3752 2109">
     <span class='ocr_line' id='line_1_37' title="bbox 2097 2024 3752 2109; baseline 0.005 -25"><span class='ocrx_word' id='word_1_281' title='bbox 2097 2032 2258 2086; x_wconf 80' lang='lat' dir='ltr'><strong>recta</strong></span> <span class='ocrx_word' id='word_1_282' title='bbox 2279 2024 2484 2107; x_wconf 83' lang='lat' dir='ltr'><strong>fuerit,</strong></span> <span class='ocrx_word' id='word_1_283' title='bbox 2512 2046 2546 2089; x_wconf 90' lang='lat' dir='ltr'><strong>a</strong></span> <span class='ocrx_word' id='word_1_284' title='bbox 2568 2029 2787 2092; x_wconf 67' lang='lat' dir='ltr'><strong>.ludaais</strong></span> <span class='ocrx_word' id='word_1_285' title='bbox 2814 2029 3105 2109; x_wconf 78' lang='lat' dir='ltr'><strong>originem</strong></span> <span class='ocrx_word' id='word_1_286' title='bbox 3137 2029 3340 2092; x_wconf 86' lang='lat' dir='ltr'><strong>duxit:</strong></span> <span class='ocrx_word' id='word_1_287' title='bbox 3376 2029 3465 2090; x_wconf 91' lang='lat' dir='ltr'><strong>vel</strong></span> <span class='ocrx_word' id='word_1_288' title='bbox 3498 2029 3752 2092; x_wconf 88' lang='lat' dir='ltr'><strong>salutem</strong></span> 
     </span>
    </p>
   </div>
   <div class='ocr_carea' id='block_1_38' title="bbox 348 2115 1992 2201">
    <p class='ocr_par' dir='ltr' id='par_1_38' title="bbox 348 2115 1992 2199">
     <span class='ocr_line' id='line_1_38' title="bbox 348 2115 1992 2199; baseline -0.001 -27"><span class='ocrx_word' id='word_1_289' title='bbox 348 2115 486 2174; x_wconf 71' lang='grc' dir='ltr'>ἄλλα</span> <span class='ocrx_word' id='word_1_290' title='bbox 547 2120 724 2176; x_wconf 81' lang='grc' dir='ltr'>πάντα</span> <span class='ocrx_word' id='word_1_291' title='bbox 767 2118 1028 2199; x_wconf 79' lang='grc' dir='ltr'>δόγματα,</span> <span class='ocrx_word' id='word_1_292' title='bbox 1074 2125 1164 2180; x_wconf 83' lang='grc' dir='ltr'><strong>καὶ</strong></span> <span class='ocrx_word' id='word_1_293' title='bbox 1191 2125 1317 2183; x_wconf 73' lang='grc' dir='ltr'>αὐτὸ</span> <span class='ocrx_word' id='word_1_294' title='bbox 1359 2123 1413 2180; x_wconf 79' lang='grc' dir='ltr'><strong>δὲ</strong></span> <span class='ocrx_word' id='word_1_295' title='bbox 1444 2131 1598 2180; x_wconf 83' lang='grc' dir='ltr'>τοῦτο</span> <span class='ocrx_word' id='word_1_296' title='bbox 1625 2133 1686 2176; x_wconf 88' lang='grc' dir='ltr'><strong>το</strong></span> <span class='ocrx_word' id='word_1_297' title='bbox 1716 2123 1816 2186; x_wconf 74' lang='grc' dir='ltr'>τῆς</span> <span class='ocrx_word' id='word_1_298' title='bbox 1846 2138 1992 2194; x_wconf 80' lang='grc' dir='ltr'>προσ·</span> 
     </span>
    </p>
   </div>
   <div class='ocr_carea' id='block_1_39' title="bbox 2078 2115 3754 2201">
    <p class='ocr_par' dir='ltr' id='par_1_39' title="bbox 2097 2116 3754 2201">
     <span class='ocr_line' id='line_1_39' title="bbox 2097 2116 3754 2201; baseline 0.005 -28"><span class='ocrx_word' id='word_1_299' title='bbox 2097 2116 2366 2177; x_wconf 88' lang='lat' dir='ltr'><strong>nominat</strong></span> <span class='ocrx_word' id='word_1_300' title='bbox 2395 2136 2569 2178; x_wconf 92' lang='lat' dir='ltr'><strong>suum</strong></span> <span class='ocrx_word' id='word_1_301' title='bbox 2604 2119 2946 2200; x_wconf 88' lang='lat' dir='ltr'><strong>adventum,</strong></span> <span class='ocrx_word' id='word_1_302' title='bbox 2982 2120 3082 2201; x_wconf 85' lang='lat' dir='ltr'><strong>qui</strong></span> <span class='ocrx_word' id='word_1_303' title='bbox 3119 2138 3188 2182; x_wconf 79' lang='lat' dir='ltr'><strong>ex</strong></span> <span class='ocrx_word' id='word_1_304' title='bbox 3217 2117 3441 2182; x_wconf 64' lang='lat' dir='ltr'><strong>Iudaeis</strong></span> <span class='ocrx_word' id='word_1_305' title='bbox 3469 2118 3600 2180; x_wconf 81' lang='lat' dir='ltr'><strong>fuit.</strong></span> <span class='ocrx_word' id='word_1_306' title='bbox 3632 2118 3754 2181; x_wconf 88' lang='lat' dir='ltr'><strong>Po-</strong></span> 
     </span>
    </p>
   </div>
   <div class='ocr_carea' id='block_1_40' title="bbox 346 2208 1992 2294">
    <p class='ocr_par' dir='ltr' id='par_1_40' title="bbox 346 2208 1992 2294">
     <span class='ocr_line' id='line_1_40' title="bbox 346 2208 1992 2294; baseline -0.004 -28"><span class='ocrx_word' id='word_1_307' title='bbox 346 2210 622 2279; x_wconf 81' lang='grc' dir='ltr'>κυνήσεως</span> <span class='ocrx_word' id='word_1_308' title='bbox 655 2209 784 2289; x_wconf 88' lang='grc' dir='ltr'>παρ’</span> <span class='ocrx_word' id='word_1_309' title='bbox 819 2213 954 2287; x_wconf 78' lang='grc' dir='ltr'>ἡμῖν</span> <span class='ocrx_word' id='word_1_310' title='bbox 1002 2212 1095 2294; x_wconf 79' lang='grc' dir='ltr'>(α)</span> <span class='ocrx_word' id='word_1_311' title='bbox 1129 2225 1244 2278; x_wconf 87' lang='grc' dir='ltr'>τοῖς</span> <span class='ocrx_word' id='word_1_312' title='bbox 1290 2213 1671 2291; x_wconf 71' lang='grc' dir='ltr'>Σαμαρείταις,</span> <span class='ocrx_word' id='word_1_313' title='bbox 1701 2211 1745 2264; x_wconf 82' lang='grc' dir='ltr'>εὶ</span> <span class='ocrx_word' id='word_1_314' title='bbox 1787 2208 1876 2264; x_wconf 80' lang='grc' dir='ltr'><strong>καὶ</strong></span> <span class='ocrx_word' id='word_1_315' title='bbox 1930 2211 1992 2280; x_wconf 57' lang='grc' dir='ltr'>μὴ</span> 
     </span>
    </p>
   </div>
   <div class='ocr_carea' id='block_1_41' title="bbox 2078 2208 3753 2294">
    <p class='ocr_par' dir='ltr' id='par_1_41' title="bbox 2095 2208 3753 2294">
     <span class='ocr_line' id='line_1_41' title="bbox 2095 2208 3753 2294; baseline 0.005 -32"><span class='ocrx_word' id='word_1_316' title='bbox 2095 2209 2209 2294; x_wconf 81' lang='lat' dir='ltr'><strong>test</strong></span> <span class='ocrx_word' id='word_1_317' title='bbox 2239 2213 2440 2268; x_wconf 90' lang='lat' dir='ltr'><strong>autem</strong></span> <span class='ocrx_word' id='word_1_318' title='bbox 2477 2216 2534 2268; x_wconf 89' lang='lat' dir='ltr'><strong>et</strong></span> <span class='ocrx_word' id='word_1_319' title='bbox 2565 2209 2854 2271; x_wconf 92' lang='lat' dir='ltr'><strong>Dominus</strong></span> <span class='ocrx_word' id='word_1_320' title='bbox 2886 2209 3016 2290; x_wconf 86' lang='lat' dir='ltr'><strong>ipse</strong></span> <span class='ocrx_word' id='word_1_321' title='bbox 3046 2209 3166 2271; x_wconf 93' lang='lat' dir='ltr'><strong>dici</strong></span> <span class='ocrx_word' id='word_1_322' title='bbox 3196 2208 3530 2290; x_wconf 86' lang='lat' dir='ltr'><strong>salus,quia</strong></span> <span class='ocrx_word' id='word_1_323' title='bbox 3553 2227 3622 2270; x_wconf 81' lang='lat' dir='ltr'><strong>ex</strong></span> <span class='ocrx_word' id='word_1_324' title='bbox 3643 2211 3753 2273; x_wconf 82' lang='lat' dir='ltr'><strong>Ju-</strong></span> 
     </span>
    </p>
   </div>
   <div class='ocr_carea' id='block_1_42' title="bbox 347 2292 1992 2380">
    <p class='ocr_par' dir='ltr' id='par_1_42' title="bbox 347 2292 1992 2380">
     <span class='ocr_line' id='line_1_42' title="bbox 347 2292 1992 2380; baseline 0.003 -27"><span class='ocrx_word' id='word_1_325' title='bbox 347 2300 539 2378; x_wconf 78' lang='grc' dir='ltr'>όρθῶς,</span> <span class='ocrx_word' id='word_1_326' title='bbox 575 2299 682 2355; x_wconf 80' lang='grc' dir='ltr'><strong>ἀπὸ</strong></span> <span class='ocrx_word' id='word_1_327' title='bbox 746 2301 873 2377; x_wconf 69' lang='grc' dir='ltr'>γοῦν</span> <span class='ocrx_word' id='word_1_328' title='bbox 925 2302 1029 2359; x_wconf 83' lang='grc' dir='ltr'><strong>τῶν</strong></span> <span class='ocrx_word' id='word_1_329' title='bbox 1076 2292 1351 2362; x_wconf 74' lang='grc' dir='ltr'>Ἰουδαίων</span> <span class='ocrx_word' id='word_1_330' title='bbox 1406 2303 1505 2370; x_wconf 75' lang='grc' dir='ltr'>τὴν</span> <span class='ocrx_word' id='word_1_331' title='bbox 1556 2299 1736 2380; x_wconf 73' lang='grc' dir='ltr'>ἀρχὴν</span> <span class='ocrx_word' id='word_1_332' title='bbox 1767 2294 1952 2377; x_wconf 66' lang='grc' dir='ltr'>ἔσχεν)</span> <span class='ocrx_word' id='word_1_333' title='bbox 1989 2310 1992 2322; x_wconf 90' lang='lat'>&#39;</span> 
     </span>
    </p>
   </div>
   <div class='ocr_carea' id='block_1_43' title="bbox 2078 2292 3042 2380">
    <p class='ocr_par' dir='ltr' id='par_1_43' title="bbox 2092 2292 3042 2361">
     <span class='ocr_line' id='line_1_43' title="bbox 2092 2292 3042 2361; baseline 0.007 -8"><span class='ocrx_word' id='word_1_334' title='bbox 2092 2292 2236 2354; x_wconf 67' lang='lat' dir='ltr'><strong>daais</strong></span> <span class='ocrx_word' id='word_1_335' title='bbox 2264 2295 2375 2356; x_wconf 88' lang='lat' dir='ltr'><strong>fuit</strong></span> <span class='ocrx_word' id='word_1_336' title='bbox 2404 2298 2737 2360; x_wconf 90' lang='lat' dir='ltr'><strong>secundum</strong></span> <span class='ocrx_word' id='word_1_337' title='bbox 2771 2317 3042 2361; x_wconf 87' lang='lat' dir='ltr'><strong>carnem.</strong></span> 
     </span>
    </p>
   </div>
   <div class='ocr_carea' id='block_1_44' title="bbox 347 2387 3753 2478">
    <p class='ocr_par' dir='ltr' id='par_1_44' title="bbox 347 2387 3753 2478">
     <span class='ocr_line' id='line_1_44' title="bbox 347 2387 3753 2478; baseline 0 -26"><span class='ocrx_word' id='word_1_338' title='bbox 347 2393 380 2459; x_wconf 72' lang='grc' dir='ltr'><strong>ἢ</strong></span> <span class='ocrx_word' id='word_1_339' title='bbox 428 2393 695 2472; x_wconf 75' lang='grc' dir='ltr'>σωτηρίαν</span> <span class='ocrx_word' id='word_1_340' title='bbox 723 2396 823 2463; x_wconf 75' lang='grc' dir='ltr'>τὴν</span> <span class='ocrx_word' id='word_1_341' title='bbox 884 2396 1078 2453; x_wconf 83' lang='grc' dir='ltr'>οἰκείαν</span> <span class='ocrx_word' id='word_1_342' title='bbox 1132 2397 1422 2478; x_wconf 80' lang='grc' dir='ltr'>παρουσίαν</span> <span class='ocrx_word' id='word_1_343' title='bbox 1475 2396 1745 2470; x_wconf 79' lang='grc' dir='ltr'><strong>ὀνομάζει,</strong></span> <span class='ocrx_word' id='word_1_344' title='bbox 1805 2390 1925 2459; x_wconf 71' lang='grc' dir='ltr'>ἥτις</span> <span class='ocrx_word' id='word_1_345' title='bbox 1979 2387 2040 2444; x_wconf 80' lang='grc' dir='ltr'>ἐκ</span> <span class='ocrx_word' id='word_1_346' title='bbox 2093 2389 2198 2444; x_wconf 77' lang='grc' dir='ltr'><strong>τῶν</strong></span> <span class='ocrx_word' id='word_1_347' title='bbox 2251 2387 2515 2447; x_wconf 77' lang='grc' dir='ltr'>Ἰουδαίων</span> <span class='ocrx_word' id='word_1_348' title='bbox 2568 2393 2808 2474; x_wconf 82' lang='grc' dir='ltr'>γέγονεν,</span> <span class='ocrx_word' id='word_1_349' title='bbox 2843 2392 3011 2452; x_wconf 80' lang='grc' dir='ltr'>’Ἔστι</span> <span class='ocrx_word' id='word_1_350' title='bbox 3044 2393 3098 2451; x_wconf 70' lang='grc' dir='ltr'>δὲ</span> <span class='ocrx_word' id='word_1_351' title='bbox 3129 2397 3216 2451; x_wconf 86' lang='grc' dir='ltr'><strong>καὶ</strong></span> <span class='ocrx_word' id='word_1_352' title='bbox 3248 2395 3403 2452; x_wconf 67' lang='grc' dir='ltr'>αὐτὸν</span> <span class='ocrx_word' id='word_1_353' title='bbox 3433 2395 3525 2450; x_wconf 88' lang='grc' dir='ltr'><strong>τὸν</strong></span> <span class='ocrx_word' id='word_1_354' title='bbox 3559 2396 3753 2474; x_wconf 75' lang='grc' dir='ltr'>Κύριον</span> 
     </span>
    </p>
   </div>
   <div class='ocr_carea' id='block_1_45' title="bbox 349 2475 2198 2566">
    <p class='ocr_par' dir='ltr' id='par_1_45' title="bbox 349 2475 2198 2566">
     <span class='ocr_line' id='line_1_45' title="bbox 349 2475 2198 2566; baseline -0.002 -30"><span class='ocrx_word' id='word_1_355' title='bbox 349 2485 619 2561; x_wconf 78' lang='grc' dir='ltr'>σωτηρίαν</span> <span class='ocrx_word' id='word_1_356' title='bbox 655 2489 865 2561; x_wconf 77' lang='grc' dir='ltr'>νοῆσαι,</span> <span class='ocrx_word' id='word_1_357' title='bbox 900 2486 959 2550; x_wconf 77' lang='grc' dir='ltr'><strong>’ὃς</strong></span> <span class='ocrx_word' id='word_1_358' title='bbox 985 2485 1200 2566; x_wconf 72' lang='grc' dir='ltr'>ἒγένετο</span> <span class='ocrx_word' id='word_1_359' title='bbox 1228 2487 1290 2544; x_wconf 83' lang='grc' dir='ltr'>ἐκ</span> <span class='ocrx_word' id='word_1_360' title='bbox 1320 2491 1425 2543; x_wconf 81' lang='grc' dir='ltr'>τῶν</span> <span class='ocrx_word' id='word_1_361' title='bbox 1457 2483 1722 2544; x_wconf 81' lang='grc' dir='ltr'>Ἰουδαίων</span> <span class='ocrx_word' id='word_1_362' title='bbox 1743 2483 1805 2538; x_wconf 88' lang='grc' dir='ltr'><strong>τὸ</strong></span> <span class='ocrx_word' id='word_1_363' title='bbox 1834 2479 1973 2537; x_wconf 73' lang='grc' dir='ltr'>κατὰ</span> <span class='ocrx_word' id='word_1_364' title='bbox 2007 2475 2198 2556; x_wconf 77' lang='grc' dir='ltr'>σάρκα.</span> 
     </span>
    </p>
   </div>
   <div class='ocr_carea' id='block_1_46' title="bbox 431 2571 1992 2660">
    <p class='ocr_par' dir='ltr' id='par_1_46' title="bbox 431 2574 1992 2660">
     <span class='ocr_line' id='line_1_46' title="bbox 431 2574 1992 2660; baseline -0.001 -30"><span class='ocrx_word' id='word_1_365' title='bbox 431 2601 457 2630; x_wconf 79' lang='grc' dir='ltr'><strong>α</strong></span> <span class='ocrx_word' id='word_1_366' title='bbox 485 2575 637 2634; x_wconf 84' lang='grc' dir='ltr'>Ἀλλ’</span> <span class='ocrx_word' id='word_1_367' title='bbox 685 2576 898 2658; x_wconf 75' lang='grc' dir='ltr'>ἔρχεται</span> <span class='ocrx_word' id='word_1_368' title='bbox 955 2579 1090 2660; x_wconf 82' lang='grc' dir='ltr'>ὥρα,</span> <span class='ocrx_word' id='word_1_369' title='bbox 1143 2585 1229 2637; x_wconf 86' lang='grc' dir='ltr'>καὶ</span> <span class='ocrx_word' id='word_1_370' title='bbox 1273 2590 1361 2639; x_wconf 74' lang='grc' dir='ltr'><strong>νῦν</strong></span> <span class='ocrx_word' id='word_1_371' title='bbox 1421 2578 1588 2652; x_wconf 71' lang='grc' dir='ltr'>ἔστιν,</span> <span class='ocrx_word' id='word_1_372' title='bbox 1648 2576 1736 2634; x_wconf 79' lang='grc' dir='ltr'>ὅτε</span> <span class='ocrx_word' id='word_1_373' title='bbox 1781 2577 1828 2632; x_wconf 80' lang='grc' dir='ltr'><strong>οἱ</strong></span> <span class='ocrx_word' id='word_1_374' title='bbox 1860 2574 1992 2640; x_wconf 82' lang='grc' dir='ltr'>ἀλη-</span> 
     </span>
    </p>
   </div>
   <div class='ocr_carea' id='block_1_47' title="bbox 2078 2571 3749 2660">
    <p class='ocr_par' dir='ltr' id='par_1_47' title="bbox 2173 2571 3749 2651">
     <span class='ocr_line' id='line_1_47' title="bbox 2173 2571 3749 2651; baseline 0.006 -22"><span class='ocrx_word' id='word_1_375' title='bbox 2173 2571 2352 2636; x_wconf 75' lang='lat' dir='ltr'><strong>Vens.</strong></span> <span class='ocrx_word' id='word_1_376' title='bbox 2389 2575 2491 2650; x_wconf 73' lang='lat'><strong>‘23,</strong></span> <span class='ocrx_word' id='word_1_377' title='bbox 2527 2577 2625 2639; x_wconf 60' lang='grc' dir='ltr'><strong>Ἡ.</strong></span> <span class='ocrx_word' id='word_1_378' title='bbox 2664 2601 2691 2633; x_wconf 77' lang='grc' dir='ltr'><strong>α</strong></span> <span class='ocrx_word' id='word_1_379' title='bbox 2736 2576 2855 2640; x_wconf 92' lang='lat' dir='ltr'><strong>Sed</strong></span> <span class='ocrx_word' id='word_1_380' title='bbox 2911 2577 3072 2638; x_wconf 80' lang='lat' dir='ltr'><strong>venit</strong></span> <span class='ocrx_word' id='word_1_381' title='bbox 3123 2578 3292 2650; x_wconf 88' lang='lat' dir='ltr'><strong>hora,</strong></span> <span class='ocrx_word' id='word_1_382' title='bbox 3331 2583 3391 2638; x_wconf 91' lang='lat' dir='ltr'><strong>et</strong></span> <span class='ocrx_word' id='word_1_383' title='bbox 3446 2594 3606 2640; x_wconf 91' lang='lat' dir='ltr'><strong>nunc</strong></span> <span class='ocrx_word' id='word_1_384' title='bbox 3636 2584 3749 2651; x_wconf 90' lang='lat' dir='ltr'><strong>est,</strong></span> 
     </span>
    </p>
   </div>
   <div class='ocr_carea' id='block_1_48' title="bbox 345 2662 1992 2750">
    <p class='ocr_par' dir='ltr' id='par_1_48' title="bbox 345 2665 1992 2750">
     <span class='ocr_line' id='line_1_48' title="bbox 345 2665 1992 2750; baseline -0.002 -28"><span class='ocrx_word' id='word_1_385' title='bbox 345 2668 477 2722; x_wconf 83' lang='grc' dir='ltr'>θινοὶ</span> <span class='ocrx_word' id='word_1_386' title='bbox 561 2671 919 2747; x_wconf 79' lang='grc' dir='ltr'>προσκυνηταὶ</span> <span class='ocrx_word' id='word_1_387' title='bbox 1015 2672 1435 2750; x_wconf 73' lang='grc' dir='ltr'>προσκυνήσουσι</span> <span class='ocrx_word' id='word_1_388' title='bbox 1531 2675 1607 2743; x_wconf 83' lang='grc' dir='ltr'>τῷ</span> <span class='ocrx_word' id='word_1_389' title='bbox 1695 2665 1852 2743; x_wconf 85' lang='grc' dir='ltr'>Πατρὶ</span> <span class='ocrx_word' id='word_1_390' title='bbox 1949 2666 1992 2719; x_wconf 55' lang='grc' dir='ltr'><strong>ἓν</strong></span> 
     </span>
    </p>
   </div>
   <div class='ocr_carea' id='block_1_49' title="bbox 2078 2662 3751 2750">
    <p class='ocr_par' dir='ltr' id='par_1_49' title="bbox 2089 2662 3751 2744">
     <span class='ocr_line' id='line_1_49' title="bbox 2089 2662 3751 2744; baseline 0.005 -25"><span class='ocrx_word' id='word_1_391' title='bbox 2089 2662 2328 2740; x_wconf 85' lang='lat' dir='ltr'><strong>quando</strong></span> <span class='ocrx_word' id='word_1_392' title='bbox 2348 2664 2474 2725; x_wconf 80' lang='lat' dir='ltr'><strong>veri</strong></span> <span class='ocrx_word' id='word_1_393' title='bbox 2497 2667 2566 2725; x_wconf 87' lang='lat' dir='ltr'><strong>ad</strong></span> <span class='ocrx_word' id='word_1_394' title='bbox 2577 2665 2844 2728; x_wconf 78' lang='lat' dir='ltr'><strong>oratOres</strong></span> <span class='ocrx_word' id='word_1_395' title='bbox 2861 2665 3440 2728; x_wconf 82' lang='lat' dir='ltr'><strong>adorabuntPatrem</strong></span> <span class='ocrx_word' id='word_1_396' title='bbox 3466 2665 3523 2726; x_wconf 92' lang='lat' dir='ltr'><strong>in</strong></span> <span class='ocrx_word' id='word_1_397' title='bbox 3540 2665 3751 2744; x_wconf 91' lang='lat' dir='ltr'><strong>spiritu</strong></span> 
     </span>
    </p>
   </div>
   <div class='ocr_carea' id='block_1_50' title="bbox 349 2753 1992 2840">
    <p class='ocr_par' dir='ltr' id='par_1_50' title="bbox 349 2754 1992 2840">
     <span class='ocr_line' id='line_1_50' title="bbox 349 2754 1992 2840; baseline -0.002 -28"><span class='ocrx_word' id='word_1_398' title='bbox 349 2757 608 2832; x_wconf 73' lang='grc' dir='ltr'>πνεύματι</span> <span class='ocrx_word' id='word_1_399' title='bbox 668 2759 756 2814; x_wconf 84' lang='grc' dir='ltr'><strong>καὶ</strong></span> <span class='ocrx_word' id='word_1_400' title='bbox 816 2757 1034 2832; x_wconf 62' lang='grc' dir='ltr'>ἀληθείᾳ</span> <span class='ocrx_word' id='word_1_401' title='bbox 1069 2779 1080 2792; x_wconf 79' lang='grc'><em>’</em></span> <span class='ocrx_word' id='word_1_402' title='bbox 1128 2762 1214 2816; x_wconf 84' lang='grc' dir='ltr'>καὶ</span> <span class='ocrx_word' id='word_1_403' title='bbox 1257 2762 1358 2840; x_wconf 73' lang='grc' dir='ltr'>γαρ</span> <span class='ocrx_word' id='word_1_404' title='bbox 1403 2762 1430 2816; x_wconf 85' lang='grc' dir='ltr'>ὁ</span> <span class='ocrx_word' id='word_1_405' title='bbox 1493 2758 1671 2836; x_wconf 74' lang='grc' dir='ltr'>Πατὴρ</span> <span class='ocrx_word' id='word_1_406' title='bbox 1729 2754 1992 2819; x_wconf 79' lang='grc' dir='ltr'>τοιούτους</span> 
     </span>
    </p>
   </div>
   <div class='ocr_carea' id='block_1_51' title="bbox 2078 2753 3754 2840">
    <p class='ocr_par' dir='ltr' id='par_1_51' title="bbox 2087 2753 3754 2837">
     <span class='ocr_line' id='line_1_51' title="bbox 2087 2753 3754 2837; baseline 0.004 -26"><span class='ocrx_word' id='word_1_407' title='bbox 2087 2769 2156 2811; x_wconf 90' lang='lat' dir='ltr'><strong>ac</strong></span> <span class='ocrx_word' id='word_1_408' title='bbox 2178 2753 2444 2815; x_wconf 85' lang='lat' dir='ltr'><strong>veritate.</strong></span> <span class='ocrx_word' id='word_1_409' title='bbox 2482 2753 2625 2815; x_wconf 83' lang='lat' dir='ltr'><strong>Nam</strong></span> <span class='ocrx_word' id='word_1_410' title='bbox 2662 2765 2722 2818; x_wconf 93' lang='lat' dir='ltr'><strong>et</strong></span> <span class='ocrx_word' id='word_1_411' title='bbox 2753 2759 2929 2818; x_wconf 88' lang='lat' dir='ltr'><strong>Pater</strong></span> <span class='ocrx_word' id='word_1_412' title='bbox 2957 2756 3108 2818; x_wconf 85' lang='lat' dir='ltr'><strong>tales</strong></span> <span class='ocrx_word' id='word_1_413' title='bbox 3130 2755 3344 2837; x_wconf 66' lang='lat' dir='ltr'><strong>quierit</strong></span> <span class='ocrx_word' id='word_1_414' title='bbox 3367 2755 3470 2834; x_wconf 87' lang='lat' dir='ltr'><strong>qui</strong></span> <span class='ocrx_word' id='word_1_415' title='bbox 3502 2753 3754 2817; x_wconf 88' lang='lat' dir='ltr'><strong>adorent</strong></span> 
     </span>
    </p>
   </div>
   <div class='ocr_carea' id='block_1_52' title="bbox 347 2839 1992 2925">
    <p class='ocr_par' dir='ltr' id='par_1_52' title="bbox 347 2846 1992 2925">
     <span class='ocr_line' id='line_1_52' title="bbox 347 2846 1992 2925; baseline 0.003 -25"><span class='ocrx_word' id='word_1_416' title='bbox 347 2852 503 2914; x_wconf 85' lang='grc' dir='ltr'>ζητεῖ</span> <span class='ocrx_word' id='word_1_417' title='bbox 559 2848 677 2912; x_wconf 73' lang='grc' dir='ltr'>τοὺς</span> <span class='ocrx_word' id='word_1_418' title='bbox 737 2856 1159 2925; x_wconf 78' lang='grc' dir='ltr'>προσκυνοῦντας</span> <span class='ocrx_word' id='word_1_419' title='bbox 1229 2853 1410 2910; x_wconf 74' lang='grc' dir='ltr'>αὒτόν.</span> <span class='ocrx_word' id='word_1_420' title='bbox 1486 2855 1702 2923; x_wconf 75' lang='grc' dir='ltr'>Πνεῦμα</span> <span class='ocrx_word' id='word_1_421' title='bbox 1772 2847 1799 2901; x_wconf 81' lang='grc' dir='ltr'><strong>ὁ</strong></span> <span class='ocrx_word' id='word_1_422' title='bbox 1847 2846 1992 2923; x_wconf 63' lang='grc' dir='ltr'><strong>Θεὸς1</strong></span> 
     </span>
    </p>
   </div>
   <div class='ocr_carea' id='block_1_53' title="bbox 2078 2839 3747 2925">
    <p class='ocr_par' dir='ltr' id='par_1_53' title="bbox 2089 2839 3747 2925">
     <span class='ocr_line' id='line_1_53' title="bbox 2089 2839 3747 2925; baseline 0.002 -25"><span class='ocrx_word' id='word_1_423' title='bbox 2089 2839 2282 2919; x_wconf 88' lang='lat' dir='ltr'><strong>ipsum</strong></span> <span class='ocrx_word' id='word_1_424' title='bbox 2317 2842 2576 2922; x_wconf 89' lang='lat' dir='ltr'><strong>Spiritus</strong></span> <span class='ocrx_word' id='word_1_425' title='bbox 2609 2855 2697 2906; x_wconf 87' lang='lat' dir='ltr'><strong>est</strong></span> <span class='ocrx_word' id='word_1_426' title='bbox 2731 2845 2911 2912; x_wconf 89' lang='lat' dir='ltr'><strong>Deus.</strong></span> <span class='ocrx_word' id='word_1_427' title='bbox 2949 2854 3009 2908; x_wconf 90' lang='lat' dir='ltr'><strong>et</strong></span> <span class='ocrx_word' id='word_1_428' title='bbox 3050 2863 3152 2907; x_wconf 92' lang='lat' dir='ltr'><strong>eos</strong></span> <span class='ocrx_word' id='word_1_429' title='bbox 3182 2845 3284 2925; x_wconf 94' lang='lat' dir='ltr'><strong>qui</strong></span> <span class='ocrx_word' id='word_1_430' title='bbox 3307 2844 3555 2905; x_wconf 88' lang='lat' dir='ltr'><strong>adorant</strong></span> <span class='ocrx_word' id='word_1_431' title='bbox 3587 2863 3747 2918; x_wconf 90' lang='lat' dir='ltr'><strong>eum,</strong></span> 
     </span>
    </p>
   </div>
   <div class='ocr_carea' id='block_1_54' title="bbox 344 2929 1992 3018">
    <p class='ocr_par' dir='ltr' id='par_1_54' title="bbox 344 2934 1992 3018">
     <span class='ocr_line' id='line_1_54' title="bbox 344 2934 1992 3018; baseline 0 -30"><span class='ocrx_word' id='word_1_432' title='bbox 344 2935 430 2989; x_wconf 84' lang='grc' dir='ltr'><strong>καὶ</strong></span> <span class='ocrx_word' id='word_1_433' title='bbox 485 2936 609 2998; x_wconf 78' lang='grc' dir='ltr'>τοὺς</span> <span class='ocrx_word' id='word_1_434' title='bbox 665 2946 1086 3015; x_wconf 79' lang='grc' dir='ltr'>προσκυνοῦντας</span> <span class='ocrx_word' id='word_1_435' title='bbox 1112 2943 1292 3018; x_wconf 72' lang='grc' dir='ltr'>αὖτὸν,</span> <span class='ocrx_word' id='word_1_436' title='bbox 1338 2941 1392 2997; x_wconf 82' lang='grc' dir='ltr'>ἐν</span> <span class='ocrx_word' id='word_1_437' title='bbox 1437 2939 1701 3014; x_wconf 87' lang='grc' dir='ltr'>πνεύματι</span> <span class='ocrx_word' id='word_1_438' title='bbox 1745 2936 1835 2992; x_wconf 82' lang='grc' dir='ltr'><strong>καὶ</strong></span> <span class='ocrx_word' id='word_1_439' title='bbox 1865 2934 1992 3001; x_wconf 77' lang='grc' dir='ltr'>ἄλη·</span> 
     </span>
    </p>
   </div>
   <div class='ocr_carea' id='block_1_55' title="bbox 2078 2929 3753 3018">
    <p class='ocr_par' dir='ltr' id='par_1_55' title="bbox 2093 2929 3753 3016">
     <span class='ocr_line' id='line_1_55' title="bbox 2093 2929 3753 3016; baseline 0.004 -28"><span class='ocrx_word' id='word_1_440' title='bbox 2093 2929 2152 2990; x_wconf 90' lang='lat' dir='ltr'><strong>in</strong></span> <span class='ocrx_word' id='word_1_441' title='bbox 2186 2930 2398 3012; x_wconf 88' lang='lat' dir='ltr'><strong>spiritu</strong></span> <span class='ocrx_word' id='word_1_442' title='bbox 2429 2951 2496 2994; x_wconf 76' lang='lat' dir='ltr'><strong>ac</strong></span> <span class='ocrx_word' id='word_1_443' title='bbox 2530 2935 2767 2996; x_wconf 87' lang='lat' dir='ltr'><strong>veritate</strong></span> <span class='ocrx_word' id='word_1_444' title='bbox 2823 2942 3057 3016; x_wconf 79' lang='lat' dir='ltr'><strong>Oportet</strong></span> <span class='ocrx_word' id='word_1_445' title='bbox 3087 2935 3360 2996; x_wconf 90' lang='lat' dir='ltr'><strong>adorare.</strong></span> <span class='ocrx_word' id='word_1_446' title='bbox 3411 2958 3434 2988; x_wconf 73' lang='grc' dir='ltr'><strong>η</strong></span> <span class='ocrx_word' id='word_1_447' title='bbox 3473 2931 3753 3005; x_wconf 89' lang='lat' dir='ltr'><strong>Quamvis</strong></span> 
     </span>
    </p>
   </div>
   <div class='ocr_carea' id='block_1_56' title="bbox 341 3019 1992 3104">
    <p class='ocr_par' dir='ltr' id='par_1_56' title="bbox 341 3021 1992 3104">
     <span class='ocr_line' id='line_1_56' title="bbox 341 3021 1992 3104; baseline -0.012 -7"><span class='ocrx_word' id='word_1_448' title='bbox 341 3023 455 3096; x_wconf 66' lang='grc' dir='ltr'>θείᾳ</span> <span class='ocrx_word' id='word_1_449' title='bbox 503 3021 586 3080; x_wconf 71' lang='grc' dir='ltr'>δεῖ</span> <span class='ocrx_word' id='word_1_450' title='bbox 638 3040 976 3104; x_wconf 72' lang='grc' dir='ltr'>προσκυνεῖν.</span> <span class='ocrx_word' id='word_1_451' title='bbox 1015 3051 1042 3083; x_wconf 70' lang='grc' dir='ltr'><strong>ι)</strong></span> <span class='ocrx_word' id='word_1_452' title='bbox 1093 3032 1149 3086; x_wconf 82' lang='grc' dir='ltr'><strong>Εἰ</strong></span> <span class='ocrx_word' id='word_1_453' title='bbox 1191 3031 1278 3086; x_wconf 86' lang='grc' dir='ltr'><strong>καὶ</strong></span> <span class='ocrx_word' id='word_1_454' title='bbox 1322 3029 1485 3088; x_wconf 81' lang='grc' dir='ltr'>πλέον</span> <span class='ocrx_word' id='word_1_455' title='bbox 1525 3030 1676 3104; x_wconf 78' lang='grc' dir='ltr'>ὑμῶν</span> <span class='ocrx_word' id='word_1_456' title='bbox 1738 3026 1844 3081; x_wconf 78' lang='grc' dir='ltr'><strong>τῶν</strong></span> <span class='ocrx_word' id='word_1_457' title='bbox 1893 3031 1992 3079; x_wconf 82' lang='grc' dir='ltr'><strong>Σα-</strong></span> 
     </span>
    </p>
   </div>
   <div class='ocr_carea' id='block_1_57' title="bbox 2078 3019 3747 3104">
    <p class='ocr_par' dir='ltr' id='par_1_57' title="bbox 2098 3019 3747 3104">
     <span class='ocr_line' id='line_1_57' title="bbox 2098 3019 3747 3104; baseline 0.004 -27"><span class='ocrx_word' id='word_1_458' title='bbox 2098 3037 2203 3080; x_wconf 92' lang='lat' dir='ltr'><strong>nos</strong></span> <span class='ocrx_word' id='word_1_459' title='bbox 2231 3019 2738 3104; x_wconf 60' lang='lat' dir='ltr'><strong>Judwi,quantum</strong></span> <span class='ocrx_word' id='word_1_460' title='bbox 2757 3024 2829 3085; x_wconf 93' lang='lat' dir='ltr'><strong>ad</strong></span> <span class='ocrx_word' id='word_1_461' title='bbox 2855 3024 3096 3085; x_wconf 91' lang='lat' dir='ltr'><strong>modum</strong></span> <span class='ocrx_word' id='word_1_462' title='bbox 3126 3021 3493 3085; x_wconf 89' lang='lat' dir='ltr'><strong>adorationis</strong></span> <span class='ocrx_word' id='word_1_463' title='bbox 3514 3021 3747 3099; x_wconf 87' lang='lat' dir='ltr'><strong>attinet,</strong></span> 
     </span>
    </p>
   </div>
   <div class='ocr_carea' id='block_1_58' title="bbox 345 3107 1992 3196">
    <p class='ocr_par' dir='ltr' id='par_1_58' title="bbox 345 3115 1992 3196">
     <span class='ocr_line' id='line_1_58' title="bbox 345 3115 1992 3196; baseline 0.001 -28"><span class='ocrx_word' id='word_1_464' title='bbox 345 3122 608 3193; x_wconf 84' lang='grc' dir='ltr'>μαρειτῶν</span> <span class='ocrx_word' id='word_1_465' title='bbox 669 3115 869 3196; x_wconf 75' lang='grc' dir='ltr'>ἔχομεν</span> <span class='ocrx_word' id='word_1_466' title='bbox 920 3119 1084 3193; x_wconf 77' lang='grc' dir='ltr'>ἡμεῖς</span> <span class='ocrx_word' id='word_1_467' title='bbox 1140 3124 1184 3177; x_wconf 73' lang='grc' dir='ltr'><strong>οἱ</strong></span> <span class='ocrx_word' id='word_1_468' title='bbox 1245 3118 1492 3178; x_wconf 68' lang='grc' dir='ltr'>Ἰουδαῖοι</span> <span class='ocrx_word' id='word_1_469' title='bbox 1552 3126 1628 3193; x_wconf 79' lang='grc' dir='ltr'>τῷ</span> <span class='ocrx_word' id='word_1_470' title='bbox 1691 3116 1876 3195; x_wconf 79' lang='grc' dir='ltr'>τρόπῳ</span> <span class='ocrx_word' id='word_1_471' title='bbox 1910 3120 1992 3180; x_wconf 72' lang='grc' dir='ltr'>τῆι</span> 
     </span>
    </p>
   </div>
   <div class='ocr_carea' id='block_1_59' title="bbox 2078 3107 3753 3196">
    <p class='ocr_par' dir='ltr' id='par_1_59' title="bbox 2098 3107 3753 3193">
     <span class='ocr_line' id='line_1_59' title="bbox 2098 3107 3753 3193; baseline 0.003 -25"><span class='ocrx_word' id='word_1_472' title='bbox 2098 3107 2229 3188; x_wconf 88' lang='lat' dir='ltr'><strong>plus</strong></span> <span class='ocrx_word' id='word_1_473' title='bbox 2258 3109 2587 3174; x_wconf 84' lang='lat' dir='ltr'><strong>habeamus</strong></span> <span class='ocrx_word' id='word_1_474' title='bbox 2618 3131 2793 3193; x_wconf 90' lang='lat' dir='ltr'><strong>quam</strong></span> <span class='ocrx_word' id='word_1_475' title='bbox 2826 3132 2928 3174; x_wconf 89' lang='lat' dir='ltr'><strong>vos</strong></span> <span class='ocrx_word' id='word_1_476' title='bbox 2982 3112 3362 3193; x_wconf 89' lang='lat' dir='ltr'><strong>Samaritani,</strong></span> <span class='ocrx_word' id='word_1_477' title='bbox 3394 3119 3656 3173; x_wconf 89' lang='lat' dir='ltr'><strong>attamen</strong></span> <span class='ocrx_word' id='word_1_478' title='bbox 3690 3121 3753 3174; x_wconf 92' lang='lat' dir='ltr'><strong>et</strong></span> 
     </span>
    </p>
   </div>
   <div class='ocr_carea' id='block_1_60' title="bbox 343 3185 1992 3288">
    <p class='ocr_par' dir='ltr' id='par_1_60' title="bbox 343 3203 1992 3288">
     <span class='ocr_line' id='line_1_60' title="bbox 343 3203 1992 3288; baseline 0.001 -29"><span class='ocrx_word' id='word_1_479' title='bbox 343 3207 783 3288; x_wconf 78' lang='grc' dir='ltr'>προσκυνήσεως,</span> <span class='ocrx_word' id='word_1_480' title='bbox 866 3206 1004 3265; x_wconf 78' lang='grc' dir='ltr'>ἀλλὰ</span> <span class='ocrx_word' id='word_1_481' title='bbox 1084 3211 1170 3266; x_wconf 76' lang='grc' dir='ltr'>οιαὶ</span> <span class='ocrx_word' id='word_1_482' title='bbox 1233 3211 1300 3268; x_wconf 78' lang='grc' dir='ltr'><strong>τὰ</strong></span> <span class='ocrx_word' id='word_1_483' title='bbox 1348 3217 1455 3267; x_wconf 86' lang='grc' dir='ltr'><strong>τῶν</strong></span> <span class='ocrx_word' id='word_1_484' title='bbox 1514 3207 1782 3268; x_wconf 55' lang='grc' dir='ltr'>Ἰουδαίων</span> <span class='ocrx_word' id='word_1_485' title='bbox 1857 3203 1992 3276; x_wconf 68' lang='grc' dir='ltr'><strong>τέλο⁴</strong></span> 
     </span>
    </p>
   </div>
   <div class='ocr_carea' id='block_1_61' title="bbox 2078 3185 3750 3288">
    <p class='ocr_par' dir='ltr' id='par_1_61' title="bbox 2097 3185 3750 3288">
     <span class='ocr_line' id='line_1_61' title="bbox 2097 3185 3750 3288; baseline 0.002 -30"><span class='ocrx_word' id='word_1_486' title='bbox 2097 3185 2192 3259; x_wconf 79' lang='lat' dir='ltr'><strong>res</strong></span> <span class='ocrx_word' id='word_1_487' title='bbox 2213 3199 2549 3288; x_wconf 67' lang='lat' dir='ltr'><strong>.ludmorum</strong></span> <span class='ocrx_word' id='word_1_488' title='bbox 2571 3185 2728 3263; x_wconf 80' lang='lat' dir='ltr'><strong>nunc</strong></span> <span class='ocrx_word' id='word_1_489' title='bbox 2749 3204 2926 3264; x_wconf 81' lang='lat' dir='ltr'><strong>linem</strong></span> <span class='ocrx_word' id='word_1_490' title='bbox 2951 3202 3243 3264; x_wconf 67' lang='lat' dir='ltr'><strong>habiturae</strong></span> <span class='ocrx_word' id='word_1_491' title='bbox 3265 3185 3564 3264; x_wconf 85' lang='lat' dir='ltr'><strong>sunt.Non</strong></span> <span class='ocrx_word' id='word_1_492' title='bbox 3588 3203 3750 3264; x_wconf 89' lang='lat' dir='ltr'><strong>enim</strong></span> 
     </span>
    </p>
   </div>
   <div class='ocr_carea' id='block_1_62' title="bbox 341 3287 1992 3377">
    <p class='ocr_par' dir='ltr' id='par_1_62' title="bbox 341 3287 1992 3377">
     <span class='ocr_line' id='line_1_62' title="bbox 341 3287 1992 3377; baseline -0.007 -17"><span class='ocrx_word' id='word_1_493' title='bbox 341 3292 440 3359; x_wconf 67' lang='grc' dir='ltr'>ἕξει</span> <span class='ocrx_word' id='word_1_494' title='bbox 504 3293 718 3356; x_wconf 83' lang='grc' dir='ltr'>λοιπόν.</span> <span class='ocrx_word' id='word_1_495' title='bbox 769 3287 862 3354; x_wconf 17' lang='grc' dir='ltr'><strong>⁷οὖ</strong></span> <span class='ocrx_word' id='word_1_496' title='bbox 936 3299 1034 3377; x_wconf 82' lang='grc' dir='ltr'>γὰρ</span> <span class='ocrx_word' id='word_1_497' title='bbox 1092 3301 1157 3354; x_wconf 79' lang='grc' dir='ltr'>τὰ</span> <span class='ocrx_word' id='word_1_498' title='bbox 1229 3305 1335 3357; x_wconf 67' lang='grc' dir='ltr'><strong>τῶν</strong></span> <span class='ocrx_word' id='word_1_499' title='bbox 1377 3299 1558 3356; x_wconf 88' lang='grc' dir='ltr'>τόπων</span> <span class='ocrx_word' id='word_1_500' title='bbox 1613 3297 1992 3375; x_wconf 73' lang='grc' dir='ltr'>ἆμειφθήσεταε</span> 
     </span>
    </p>
   </div>
   <div class='ocr_carea' id='block_1_63' title="bbox 2078 3287 3748 3377">
    <p class='ocr_par' dir='ltr' id='par_1_63' title="bbox 2084 3287 3748 3366">
     <span class='ocr_line' id='line_1_63' title="bbox 2084 3287 3748 3366; baseline -0.001 -12"><span class='ocrx_word' id='word_1_501' title='bbox 2084 3292 2146 3354; x_wconf 91' lang='lat' dir='ltr'><strong>in</strong></span> <span class='ocrx_word' id='word_1_502' title='bbox 2173 3287 2314 3350; x_wconf 88' lang='lat' dir='ltr'><strong>solis</strong></span> <span class='ocrx_word' id='word_1_503' title='bbox 2345 3291 2490 3352; x_wconf 91' lang='lat' dir='ltr'><strong>locis</strong></span> <span class='ocrx_word' id='word_1_504' title='bbox 2517 3294 2765 3354; x_wconf 75' lang='lat' dir='ltr'><strong>mutatio</strong></span> <span class='ocrx_word' id='word_1_505' title='bbox 2799 3292 3048 3366; x_wconf 85' lang='lat' dir='ltr'><strong>erit,sed</strong></span> <span class='ocrx_word' id='word_1_506' title='bbox 3075 3301 3134 3354; x_wconf 93' lang='lat' dir='ltr'><strong>et</strong></span> <span class='ocrx_word' id='word_1_507' title='bbox 3167 3292 3377 3353; x_wconf 90' lang='lat' dir='ltr'><strong>modus</strong></span> <span class='ocrx_word' id='word_1_508' title='bbox 3402 3291 3643 3354; x_wconf 88' lang='lat' dir='ltr'><strong>colendi</strong></span> <span class='ocrx_word' id='word_1_509' title='bbox 3667 3291 3748 3353; x_wconf 88' lang='lat' dir='ltr'><strong>al-</strong></span> 
     </span>
    </p>
   </div>
   <div class='ocr_carea' id='block_1_64' title="bbox 340 3379 1992 3468">
    <p class='ocr_par' dir='ltr' id='par_1_64' title="bbox 340 3385 1992 3468">
     <span class='ocr_line' id='line_1_64' title="bbox 340 3385 1992 3468; baseline 0 -29"><span class='ocrx_word' id='word_1_510' title='bbox 340 3385 526 3466; x_wconf 85' lang='grc' dir='ltr'>μόνον,</span> <span class='ocrx_word' id='word_1_511' title='bbox 589 3385 726 3442; x_wconf 78' lang='grc' dir='ltr'>ἀλλὰ</span> <span class='ocrx_word' id='word_1_512' title='bbox 784 3386 877 3442; x_wconf 74' lang='grc' dir='ltr'>γαί</span> <span class='ocrx_word' id='word_1_513' title='bbox 921 3389 986 3447; x_wconf 70' lang='grc' dir='ltr'><strong>τὰ</strong></span> <span class='ocrx_word' id='word_1_514' title='bbox 1029 3392 1121 3445; x_wconf 77' lang='grc' dir='ltr'><strong>τοῦ</strong></span> <span class='ocrx_word' id='word_1_515' title='bbox 1187 3390 1381 3468; x_wconf 79' lang='grc' dir='ltr'>τρόπου</span> <span class='ocrx_word' id='word_1_516' title='bbox 1442 3394 1542 3456; x_wconf 78' lang='grc' dir='ltr'><strong>τῆς</strong></span> <span class='ocrx_word' id='word_1_517' title='bbox 1595 3386 1864 3466; x_wconf 86' lang='grc' dir='ltr'>λατρείας·</span> <span class='ocrx_word' id='word_1_518' title='bbox 1915 3385 1992 3440; x_wconf 62' lang='grc' dir='ltr'><strong>καί</strong></span> 
     </span>
    </p>
   </div>
   <div class='ocr_carea' id='block_1_65' title="bbox 2078 3379 3748 3468">
    <p class='ocr_par' dir='ltr' id='par_1_65' title="bbox 2087 3379 3748 3468">
     <span class='ocr_line' id='line_1_65' title="bbox 2087 3379 3748 3468; baseline 0.003 -29"><span class='ocrx_word' id='word_1_519' title='bbox 2087 3379 2396 3468; x_wconf 88' lang='lat' dir='ltr'><strong>terabitur:</strong></span> <span class='ocrx_word' id='word_1_520' title='bbox 2419 3391 2476 3442; x_wconf 90' lang='lat' dir='ltr'><strong>et</strong></span> <span class='ocrx_word' id='word_1_521' title='bbox 2498 3382 2622 3444; x_wconf 75' lang='lat' dir='ltr'><strong>haec</strong></span> <span class='ocrx_word' id='word_1_522' title='bbox 2648 3384 2706 3443; x_wconf 92' lang='lat' dir='ltr'><strong>in</strong></span> <span class='ocrx_word' id='word_1_523' title='bbox 2744 3383 2970 3444; x_wconf 86' lang='lat' dir='ltr'><strong>foribus</strong></span> <span class='ocrx_word' id='word_1_524' title='bbox 3002 3390 3235 3458; x_wconf 87' lang='lat' dir='ltr'><strong>sunt,et</strong></span> <span class='ocrx_word' id='word_1_525' title='bbox 3266 3401 3427 3443; x_wconf 91' lang='lat' dir='ltr'><strong>nunc</strong></span> <span class='ocrx_word' id='word_1_526' title='bbox 3456 3391 3545 3442; x_wconf 90' lang='lat' dir='ltr'><strong>est</strong></span> <span class='ocrx_word' id='word_1_527' title='bbox 3577 3383 3748 3444; x_wconf 87' lang='lat' dir='ltr'><strong>hora.</strong></span> 
     </span>
    </p>
   </div>
   <div class='ocr_carea' id='block_1_66' title="bbox 339 3467 1992 3559">
    <p class='ocr_par' dir='ltr' id='par_1_66' title="bbox 339 3467 1992 3559">
     <span class='ocr_line' id='line_1_66' title="bbox 339 3467 1992 3559; baseline 0.001 -31"><span class='ocrx_word' id='word_1_528' title='bbox 339 3481 504 3530; x_wconf 85' lang='grc' dir='ltr'>ταῦτα</span> <span class='ocrx_word' id='word_1_529' title='bbox 563 3475 649 3531; x_wconf 83' lang='grc' dir='ltr'><strong>ἐπὶ</strong></span> <span class='ocrx_word' id='word_1_530' title='bbox 698 3476 875 3555; x_wconf 82' lang='grc' dir='ltr'>θύραις</span> <span class='ocrx_word' id='word_1_531' title='bbox 932 3467 1228 3559; x_wconf 77' lang='grc' dir='ltr'>ἒφέστηγε,</span> <span class='ocrx_word' id='word_1_532' title='bbox 1275 3480 1363 3536; x_wconf 89' lang='grc' dir='ltr'>καὶ</span> <span class='ocrx_word' id='word_1_533' title='bbox 1415 3485 1502 3535; x_wconf 82' lang='grc' dir='ltr'><strong>νῦν</strong></span> <span class='ocrx_word' id='word_1_534' title='bbox 1554 3476 1696 3534; x_wconf 72' lang='grc' dir='ltr'>ἔστιν</span> <span class='ocrx_word' id='word_1_535' title='bbox 1732 3492 1748 3508; x_wconf 80' lang='grc'><strong>⁸</strong></span> <span class='ocrx_word' id='word_1_536' title='bbox 1785 3476 1845 3532; x_wconf 75' lang='grc' dir='ltr'><strong>οὗ</strong></span> <span class='ocrx_word' id='word_1_537' title='bbox 1875 3475 1992 3553; x_wconf 61' lang='grc' dir='ltr'><strong>γιὶιρ1</strong></span> 
     </span>
    </p>
   </div>
   <div class='ocr_carea' id='block_1_67' title="bbox 2078 3467 3748 3559">
    <p class='ocr_par' dir='ltr' id='par_1_67' title="bbox 2087 3467 3748 3554">
     <span class='ocr_line' id='line_1_67' title="bbox 2087 3467 3748 3554; baseline 0.002 -24"><span class='ocrx_word' id='word_1_538' title='bbox 2087 3467 2218 3530; x_wconf 85' lang='grc' dir='ltr'>Νοη</span> <span class='ocrx_word' id='word_1_539' title='bbox 2252 3469 2409 3532; x_wconf 89' lang='lat' dir='ltr'><strong>enim</strong></span> <span class='ocrx_word' id='word_1_540' title='bbox 2435 3473 2589 3533; x_wconf 87' lang='lat' dir='ltr'><strong>sicut</strong></span> <span class='ocrx_word' id='word_1_541' title='bbox 2632 3491 2700 3534; x_wconf 83' lang='lat' dir='ltr'><strong>ea</strong></span> <span class='ocrx_word' id='word_1_542' title='bbox 2735 3492 2866 3554; x_wconf 72' lang='lat' dir='ltr'><strong>quae</strong></span> <span class='ocrx_word' id='word_1_543' title='bbox 2896 3492 2925 3535; x_wconf 89' lang='lat' dir='ltr'><strong>a</strong></span> <span class='ocrx_word' id='word_1_544' title='bbox 2962 3473 3267 3554; x_wconf 86' lang='lat' dir='ltr'><strong>prophetis</strong></span> <span class='ocrx_word' id='word_1_545' title='bbox 3313 3472 3475 3536; x_wconf 86' lang='lat' dir='ltr'><strong>dicta</strong></span> <span class='ocrx_word' id='word_1_546' title='bbox 3515 3471 3575 3533; x_wconf 93' lang='lat' dir='ltr'><strong>in</strong></span> <span class='ocrx_word' id='word_1_547' title='bbox 3609 3474 3748 3534; x_wconf 93' lang='lat' dir='ltr'><strong>lon-</strong></span> 
     </span>
    </p>
   </div>
   <div class='ocr_carea' id='block_1_68' title="bbox 2090 3562 3749 3642">
    <p class='ocr_par' dir='ltr' id='par_1_68' title="bbox 2090 3562 3749 3642">
     <span class='ocr_line' id='line_1_68' title="bbox 2090 3562 3749 3642; baseline 0.004 -24"><span class='ocrx_word' id='word_1_548' title='bbox 2090 3577 2227 3638; x_wconf 81' lang='lat' dir='ltr'><strong>gum</strong></span> <span class='ocrx_word' id='word_1_549' title='bbox 2264 3568 2499 3642; x_wconf 89' lang='lat' dir='ltr'><strong>tempus</strong></span> <span class='ocrx_word' id='word_1_550' title='bbox 2529 3562 2900 3624; x_wconf 71' lang='lat' dir='ltr'><strong>dilferentur.</strong></span> <span class='ocrx_word' id='word_1_551' title='bbox 2937 3562 3125 3626; x_wconf 88' lang='lat' dir='ltr'><strong>Veros</strong></span> <span class='ocrx_word' id='word_1_552' title='bbox 3172 3571 3369 3624; x_wconf 89' lang='lat' dir='ltr'><strong>autem</strong></span> <span class='ocrx_word' id='word_1_553' title='bbox 3401 3562 3749 3624; x_wconf 85' lang='lat' dir='ltr'><strong>adoratores</strong></span> 
     </span>
    </p>
   </div>
   <div class='ocr_carea' id='block_1_69' title="bbox 2084 3648 3749 3734">
    <p class='ocr_par' dir='ltr' id='par_1_69' title="bbox 2084 3648 3749 3734">
     <span class='ocr_line' id='line_1_69' title="bbox 2084 3648 3749 3734; baseline 0.002 -25"><span class='ocrx_word' id='word_1_554' title='bbox 2084 3648 2230 3710; x_wconf 90' lang='lat' dir='ltr'><strong>dicit</strong></span> <span class='ocrx_word' id='word_1_555' title='bbox 2261 3669 2363 3712; x_wconf 91' lang='lat' dir='ltr'><strong>eos</strong></span> <span class='ocrx_word' id='word_1_556' title='bbox 2389 3651 2490 3731; x_wconf 88' lang='lat' dir='ltr'><strong>qui</strong></span> <span class='ocrx_word' id='word_1_557' title='bbox 2543 3652 2874 3714; x_wconf 89' lang='lat' dir='ltr'><strong>secundum</strong></span> <span class='ocrx_word' id='word_1_558' title='bbox 2929 3652 3114 3732; x_wconf 90' lang='lat' dir='ltr'><strong>ipsius</strong></span> <span class='ocrx_word' id='word_1_559' title='bbox 3164 3652 3355 3729; x_wconf 83' lang='lat' dir='ltr'><strong>legem</strong></span> <span class='ocrx_word' id='word_1_560' title='bbox 3389 3651 3608 3726; x_wconf 82' lang='lat' dir='ltr'><strong>vivunt,</strong></span> <span class='ocrx_word' id='word_1_561' title='bbox 3644 3653 3749 3734; x_wconf 88' lang='lat' dir='ltr'><strong>qui</strong></span> 
     </span>
    </p>
   </div>
   <div class='ocr_carea' id='block_1_70' title="bbox 367 364 512 430">
    <p class='ocr_par' dir='ltr' id='par_1_70' title="bbox 367 364 512 430">
     <span class='ocr_line' id='line_1_70' title="bbox 367 364 512 430; baseline 0 -1"><span class='ocrx_word' id='word_1_562' title='bbox 367 364 512 430; x_wconf 82' lang='lat'><strong>[‘237</strong></span> 
     </span>
    </p>
   </div>
   <div class='ocr_carea' id='block_1_71' title="bbox 341 3563 2007 3648">
    <p class='ocr_par' dir='ltr' id='par_1_71' title="bbox 341 3563 2007 3648">
     <span class='ocr_line' id='line_1_71' title="bbox 341 3563 2007 3648; baseline 0.001 -30"><span class='ocrx_word' id='word_1_563' title='bbox 341 3563 414 3628; x_wconf 85' lang='grc' dir='ltr'>ὡς</span> <span class='ocrx_word' id='word_1_564' title='bbox 473 3563 537 3619; x_wconf 83' lang='grc' dir='ltr'>τά</span> <span class='ocrx_word' id='word_1_565' title='bbox 598 3565 737 3645; x_wconf 75' lang='grc' dir='ltr'>παρὰ</span> <span class='ocrx_word' id='word_1_566' title='bbox 818 3573 925 3624; x_wconf 78' lang='grc' dir='ltr'>τῶν</span> <span class='ocrx_word' id='word_1_567' title='bbox 990 3575 1280 3648; x_wconf 72' lang='grc' dir='ltr'>προφητῶν</span> <span class='ocrx_word' id='word_1_568' title='bbox 1352 3568 1627 3648; x_wconf 77' lang='grc' dir='ltr'>εἰρημένα,</span> <span class='ocrx_word' id='word_1_569' title='bbox 1709 3564 2007 3643; x_wconf 80' lang='grc' dir='ltr'>παράτασιν</span> 
     </span>
    </p>
   </div>
   <div class='ocr_carea' id='block_1_72' title="bbox 339 3653 2001 3736">
    <p class='ocr_par' dir='ltr' id='par_1_72' title="bbox 339 3653 2001 3736">
     <span class='ocr_line' id='line_1_72' title="bbox 339 3653 2001 3736; baseline 0.005 -28"><span class='ocrx_word' id='word_1_570' title='bbox 339 3654 598 3730; x_wconf 76' lang='grc' dir='ltr'>χρονικὴν</span> <span class='ocrx_word' id='word_1_571' title='bbox 651 3653 941 3731; x_wconf 72' lang='grc' dir='ltr'>λήψονται,</span> <span class='ocrx_word' id='word_1_572' title='bbox 987 3654 1298 3725; x_wconf 75' lang='grc' dir='ltr'>Ἀληθινοὸς</span> <span class='ocrx_word' id='word_1_573' title='bbox 1349 3657 1404 3714; x_wconf 73' lang='grc' dir='ltr'><strong>δὲ</strong></span> <span class='ocrx_word' id='word_1_574' title='bbox 1434 3655 1808 3736; x_wconf 70' lang='grc' dir='ltr'>προσκυνητάς</span> <span class='ocrx_word' id='word_1_575' title='bbox 1868 3658 2001 3732; x_wconf 67' lang='grc' dir='ltr'>φησί</span> 
     </span>
    </p>
   </div>
   <div class='ocr_carea' id='block_1_73' title="bbox 335 3743 1998 3824">
    <p class='ocr_par' dir='ltr' id='par_1_73' title="bbox 335 3743 1998 3824">
     <span class='ocr_line' id='line_1_73' title="bbox 335 3743 1998 3824; baseline 0.007 -27"><span class='ocrx_word' id='word_1_576' title='bbox 335 3743 459 3805; x_wconf 70' lang='grc' dir='ltr'>τοὺς</span> <span class='ocrx_word' id='word_1_577' title='bbox 516 3744 651 3799; x_wconf 79' lang='grc' dir='ltr'>κατᾶ</span> <span class='ocrx_word' id='word_1_578' title='bbox 710 3746 802 3801; x_wconf 88' lang='grc' dir='ltr'><strong>τὸν</strong></span> <span class='ocrx_word' id='word_1_579' title='bbox 875 3750 1033 3805; x_wconf 77' lang='grc' dir='ltr'>αὐτοῦ</span> <span class='ocrx_word' id='word_1_580' title='bbox 1091 3749 1250 3824; x_wconf 87' lang='grc' dir='ltr'>νόμον</span> <span class='ocrx_word' id='word_1_581' title='bbox 1305 3744 1772 3822; x_wconf 80' lang='grc' dir='ltr'>πολιτευομένους,</span> <span class='ocrx_word' id='word_1_582' title='bbox 1826 3745 1877 3800; x_wconf 81' lang='grc' dir='ltr'><strong>οἳ</strong></span> <span class='ocrx_word' id='word_1_583' title='bbox 1940 3746 1998 3798; x_wconf 64' lang='grc' dir='ltr'><strong>οὗ</strong></span> 
     </span>
    </p>
   </div>
   <div class='ocr_carea' id='block_1_74' title="bbox 335 3831 1993 3918">
    <p class='ocr_par' dir='ltr' id='par_1_74' title="bbox 335 3831 1993 3918">
     <span class='ocr_line' id='line_1_74' title="bbox 335 3831 1993 3918; baseline 0.002 -32"><span class='ocrx_word' id='word_1_584' title='bbox 335 3831 484 3904; x_wconf 67' lang='grc' dir='ltr'>τόπτρ</span> <span class='ocrx_word' id='word_1_585' title='bbox 539 3833 893 3909; x_wconf 87' lang='grc' dir='ltr'>περικλείουσι</span> <span class='ocrx_word' id='word_1_586' title='bbox 948 3838 1038 3894; x_wconf 88' lang='grc' dir='ltr'><strong>τὸν</strong></span> <span class='ocrx_word' id='word_1_587' title='bbox 1100 3840 1253 3918; x_wconf 88' lang='grc' dir='ltr'>Θεὸν,</span> <span class='ocrx_word' id='word_1_588' title='bbox 1305 3841 1378 3902; x_wconf 84' lang='grc' dir='ltr'>ὡς</span> <span class='ocrx_word' id='word_1_589' title='bbox 1431 3838 1478 3894; x_wconf 80' lang='grc' dir='ltr'><strong>οἱ</strong></span> <span class='ocrx_word' id='word_1_590' title='bbox 1535 3843 1894 3913; x_wconf 71' lang='grc' dir='ltr'>Σαμαρεῖται,</span> <span class='ocrx_word' id='word_1_591' title='bbox 1958 3833 1993 3901; x_wconf 75' lang='grc' dir='ltr'><strong>ἢ</strong></span> 
     </span>
    </p>
   </div>
   <div class='ocr_carea' id='block_1_75' title="bbox 335 3919 2008 4007">
    <p class='ocr_par' dir='ltr' id='par_1_75' title="bbox 335 3919 2008 4007">
     <span class='ocr_line' id='line_1_75' title="bbox 335 3919 2008 4007; baseline 0.001 -31"><span class='ocrx_word' id='word_1_592' title='bbox 335 3919 548 4000; x_wconf 74' lang='grc' dir='ltr'>λατρεία</span> <span class='ocrx_word' id='word_1_593' title='bbox 605 3925 978 4003; x_wconf 81' lang='grc' dir='ltr'>θεραπεύουσιν</span> <span class='ocrx_word' id='word_1_594' title='bbox 1031 3928 1186 3985; x_wconf 74' lang='grc' dir='ltr'>αὖτὸν</span> <span class='ocrx_word' id='word_1_595' title='bbox 1219 3929 1530 4007; x_wconf 72' lang='grc' dir='ltr'>σωμῖτικῇ,</span> <span class='ocrx_word' id='word_1_596' title='bbox 1591 3927 1664 3988; x_wconf 84' lang='grc' dir='ltr'><strong>ὼς</strong></span> <span class='ocrx_word' id='word_1_597' title='bbox 1712 3922 2008 4007; x_wconf 61' lang='grc' dir='ltr'>Ἰουδαῖοι,</span> 
     </span>
    </p>
   </div>
   <div class='ocr_carea' id='block_1_76' title="bbox 336 4009 2010 4092">
    <p class='ocr_par' dir='ltr' id='par_1_76' title="bbox 336 4009 2010 4092">
     <span class='ocr_line' id='line_1_76' title="bbox 336 4009 2010 4075; baseline -0.001 -9"><span class='ocrx_word' id='word_1_598' title='bbox 336 4009 455 4066; x_wconf 78' lang='grc' dir='ltr'>αλλ’</span> <span class='ocrx_word' id='word_1_599' title='bbox 513 4012 567 4067; x_wconf 84' lang='grc' dir='ltr'>ἐν</span> <span class='ocrx_word' id='word_1_600' title='bbox 628 4014 833 4071; x_wconf 68' lang='grc' dir='ltr'>πνεύιαα</span> <span class='ocrx_word' id='word_1_601' title='bbox 1039 4019 1052 4039; x_wconf 84' lang='lat'><strong>‘</strong></span> <span class='ocrx_word' id='word_1_602' title='bbox 1121 4017 1179 4075; x_wconf 86' lang='grc' dir='ltr'>’λ</span> <span class='ocrx_word' id='word_1_603' title='bbox 1259 4018 1301 4048; x_wconf 89' lang='grc'><strong>-’</strong></span> <span class='ocrx_word' id='word_1_604' title='bbox 1544 4037 1562 4046; x_wconf 63' lang='grc' dir='ltr'><strong>ο</strong></span> <span class='ocrx_word' id='word_1_605' title='bbox 1747 4009 1818 4067; x_wconf 70' lang='grc' dir='ltr'><strong>δ’</strong></span> <span class='ocrx_word' id='word_1_606' title='bbox 1895 4018 2010 4053; x_wconf 70' lang='grc'><strong>-“-</strong></span> 
     </span>
     <span class='ocr_line' id='line_1_77' title="bbox 759 4014 2008 4092; baseline -0.005 -20"><span class='ocrx_word' id='word_1_607' title='bbox 759 4068 768 4090; x_wconf 51' lang='grc' dir='ltr'><strong>ι</strong></span> <span class='ocrx_word' id='word_1_608' title='bbox 840 4037 886 4072; x_wconf 91' lang='grc' dir='ltr'><strong>τι</strong></span> <span class='ocrx_word' id='word_1_609' title='bbox 966 4039 1055 4074; x_wconf 85' lang='grc' dir='ltr'><strong>και</strong></span> <span class='ocrx_word' id='word_1_610' title='bbox 1113 4023 1359 4092; x_wconf 65' lang='grc' dir='ltr'>αηθειᾳ,</span> <span class='ocrx_word' id='word_1_611' title='bbox 1439 4038 1535 4074; x_wconf 87' lang='grc' dir='ltr'><strong>του</strong></span> <span class='ocrx_word' id='word_1_612' title='bbox 1572 4014 1685 4070; x_wconf 81' lang='grc' dir='ltr'>ἐστι</span> <span class='ocrx_word' id='word_1_613' title='bbox 1778 4034 1834 4070; x_wconf 82' lang='grc' dir='ltr'><strong>ια</strong></span> <span class='ocrx_word' id='word_1_614' title='bbox 1905 4035 2008 4082; x_wconf 60' lang='grc' dir='ltr'><strong>ιη,</strong></span> 
     </span>
    </p>
   </div>
   <div class='ocr_carea' id='block_1_77' title="bbox 2083 3740 3742 3822">
    <p class='ocr_par' dir='ltr' id='par_1_77' title="bbox 2083 3740 3742 3822">
     <span class='ocr_line' id='line_1_78' title="bbox 2083 3740 3742 3822; baseline 0.002 -22"><span class='ocrx_word' id='word_1_615' title='bbox 2083 3757 2200 3800; x_wconf 91' lang='lat' dir='ltr'><strong>non</strong></span> <span class='ocrx_word' id='word_1_616' title='bbox 2235 3742 2363 3802; x_wconf 89' lang='lat' dir='ltr'><strong>loco</strong></span> <span class='ocrx_word' id='word_1_617' title='bbox 2387 3740 2585 3822; x_wconf 76' lang='lat' dir='ltr'><strong>aliquo</strong></span> <span class='ocrx_word' id='word_1_618' title='bbox 2617 3742 2932 3803; x_wconf 91' lang='lat' dir='ltr'><strong>includunt</strong></span> <span class='ocrx_word' id='word_1_619' title='bbox 2961 3744 3146 3806; x_wconf 87' lang='lat' dir='ltr'><strong>Deum</strong></span> <span class='ocrx_word' id='word_1_620' title='bbox 3183 3741 3340 3803; x_wconf 90' lang='lat' dir='ltr'><strong>sicut</strong></span> <span class='ocrx_word' id='word_1_621' title='bbox 3362 3741 3742 3816; x_wconf 82' lang='lat' dir='ltr'><strong>Samaritani,</strong></span> 
     </span>
    </p>
   </div>
   <div class='ocr_carea' id='block_1_78' title="bbox 2076 3827 3750 3911">
    <p class='ocr_par' dir='ltr' id='par_1_78' title="bbox 2076 3827 3750 3911">
     <span class='ocr_line' id='line_1_79' title="bbox 2076 3827 3750 3911; baseline 0.003 -23"><span class='ocrx_word' id='word_1_622' title='bbox 2076 3827 2167 3890; x_wconf 88' lang='lat' dir='ltr'><strong>vel</strong></span> <span class='ocrx_word' id='word_1_623' title='bbox 2200 3828 2362 3890; x_wconf 91' lang='lat' dir='ltr'><strong>cultu</strong></span> <span class='ocrx_word' id='word_1_624' title='bbox 2392 3830 2593 3891; x_wconf 89' lang='lat' dir='ltr'><strong>colunt</strong></span> <span class='ocrx_word' id='word_1_625' title='bbox 2627 3831 3106 3911; x_wconf 89' lang='lat' dir='ltr'><strong>corporali,sicut</strong></span> <span class='ocrx_word' id='word_1_626' title='bbox 3136 3831 3321 3894; x_wconf 75' lang='lat' dir='ltr'><strong>Judaei</strong></span> <span class='ocrx_word' id='word_1_627' title='bbox 3349 3850 3364 3892; x_wconf 91' lang='lat'><strong>:</strong></span> <span class='ocrx_word' id='word_1_628' title='bbox 3400 3830 3504 3892; x_wconf 90' lang='lat' dir='ltr'><strong>sed</strong></span> <span class='ocrx_word' id='word_1_629' title='bbox 3536 3830 3750 3911; x_wconf 88' lang='lat' dir='ltr'><strong>spiritu</strong></span> 
     </span>
    </p>
   </div>
   <div class='ocr_carea' id='block_1_79' title="bbox 2098 3917 3745 4002">
    <p class='ocr_par' dir='ltr' id='par_1_79' title="bbox 2098 3917 3745 4002">
     <span class='ocr_line' id='line_1_80' title="bbox 2098 3917 3745 4002; baseline 0.002 -24"><span class='ocrx_word' id='word_1_630' title='bbox 2098 3925 2156 3978; x_wconf 90' lang='lat' dir='ltr'><strong>et</strong></span> <span class='ocrx_word' id='word_1_631' title='bbox 2197 3917 2462 3999; x_wconf 85' lang='lat' dir='ltr'><strong>veritate,</strong></span> <span class='ocrx_word' id='word_1_632' title='bbox 2497 3921 2610 3981; x_wconf 93' lang='lat' dir='ltr'><strong>hoc</strong></span> <span class='ocrx_word' id='word_1_633' title='bbox 2655 3928 2762 3995; x_wconf 90' lang='lat' dir='ltr'><strong>est,</strong></span> <span class='ocrx_word' id='word_1_634' title='bbox 2798 3938 2904 4001; x_wconf 87' lang='lat' dir='ltr'><strong>per</strong></span> <span class='ocrx_word' id='word_1_635' title='bbox 2931 3919 3216 4002; x_wconf 79' lang='lat' dir='ltr'><strong>animam,</strong></span> <span class='ocrx_word' id='word_1_636' title='bbox 3272 3938 3378 4000; x_wconf 91' lang='lat' dir='ltr'><strong>per</strong></span> <span class='ocrx_word' id='word_1_637' title='bbox 3429 3919 3745 4000; x_wconf 87' lang='lat' dir='ltr'><strong>puritatem</strong></span> 
     </span>
    </p>
   </div>
   <div class='ocr_carea' id='block_1_80' title="bbox 2096 4007 3747 4092">
    <p class='ocr_par' dir='ltr' id='par_1_80' title="bbox 2096 4007 3747 4092">
     <span class='ocr_line' id='line_1_81' title="bbox 2096 4007 3747 4092; baseline 0.001 -24"><span class='ocrx_word' id='word_1_638' title='bbox 2096 4007 2490 4080; x_wconf 89' lang='lat' dir='ltr'><strong>mentis.Quia</strong></span> <span class='ocrx_word' id='word_1_639' title='bbox 2514 4011 2671 4070; x_wconf 89' lang='lat' dir='ltr'><strong>enim</strong></span> <span class='ocrx_word' id='word_1_640' title='bbox 2704 4013 2863 4074; x_wconf 91' lang='lat' dir='ltr'><strong>Deus</strong></span> <span class='ocrx_word' id='word_1_641' title='bbox 2892 4010 3138 4092; x_wconf 89' lang='lat' dir='ltr'><strong>spiritus</strong></span> <span class='ocrx_word' id='word_1_642' title='bbox 3169 4010 3403 4086; x_wconf 88' lang='lat' dir='ltr'><strong>est,hoc</strong></span> <span class='ocrx_word' id='word_1_643' title='bbox 3425 4017 3518 4071; x_wconf 91' lang='lat' dir='ltr'><strong>est</strong></span> <span class='ocrx_word' id='word_1_644' title='bbox 3541 4009 3747 4071; x_wconf 90' lang='lat' dir='ltr'><strong>incor-</strong></span> 
     </span>
    </p>
   </div>
   <div class='ocr_carea' id='block_1_81' title="bbox 335 4098 1992 4187">
    <p class='ocr_par' dir='ltr' id='par_1_81' title="bbox 335 4100 1992 4187">
     <span class='ocr_line' id='line_1_82' title="bbox 335 4100 1992 4187; baseline 0.016 -34"><span class='ocrx_word' id='word_1_645' title='bbox 335 4104 543 4182; x_wconf 72' lang='grc' dir='ltr'>ψυχῆς,</span> <span class='ocrx_word' id='word_1_646' title='bbox 607 4100 690 4159; x_wconf 81' lang='grc' dir='ltr'><strong>διᾶ</strong></span> <span class='ocrx_word' id='word_1_647' title='bbox 739 4110 837 4172; x_wconf 78' lang='grc' dir='ltr'>τῆς</span> <span class='ocrx_word' id='word_1_648' title='bbox 889 4114 982 4164; x_wconf 81' lang='grc' dir='ltr'><strong>τοῦ</strong></span> <span class='ocrx_word' id='word_1_649' title='bbox 1022 4111 1142 4170; x_wconf 74' lang='grc' dir='ltr'>νοὸς</span> <span class='ocrx_word' id='word_1_650' title='bbox 1189 4106 1580 4187; x_wconf 75' lang='grc' dir='ltr'>καθαρότητοςο</span> <span class='ocrx_word' id='word_1_651' title='bbox 1641 4103 1802 4161; x_wconf 71' lang='grc' dir='ltr'>Ἐπεὶ</span> <span class='ocrx_word' id='word_1_652' title='bbox 1851 4103 1992 4180; x_wconf 68' lang='grc' dir='ltr'><strong>γάρέ</strong></span> 
     </span>
    </p>
   </div>
   <div class='ocr_carea' id='block_1_82' title="bbox 2078 4098 3746 4187">
    <p class='ocr_par' dir='ltr' id='par_1_82' title="bbox 2095 4098 3746 4187">
     <span class='ocr_line' id='line_1_83' title="bbox 2095 4098 3746 4187; baseline 0.002 -29"><span class='ocrx_word' id='word_1_653' title='bbox 2095 4108 2573 4187; x_wconf 82' lang='lat' dir='ltr'><strong>poreus,oportet</strong></span> <span class='ocrx_word' id='word_1_654' title='bbox 2604 4100 2800 4180; x_wconf 88' lang='lat' dir='ltr'><strong>ipsum</strong></span> <span class='ocrx_word' id='word_1_655' title='bbox 2822 4100 3074 4162; x_wconf 89' lang='lat' dir='ltr'><strong>adorare</strong></span> <span class='ocrx_word' id='word_1_656' title='bbox 3095 4098 3746 4182; x_wconf 79' lang='lat' dir='ltr'><strong>incorporaliter,vide-</strong></span> 
     </span>
    </p>
   </div>
   <div class='ocr_carea' id='block_1_83' title="bbox 335 4185 1992 4275">
    <p class='ocr_par' dir='ltr' id='par_1_83' title="bbox 335 4185 1992 4275">
     <span class='ocr_line' id='line_1_84' title="bbox 335 4185 1992 4275; baseline 0.014 -32"><span class='ocrx_word' id='word_1_657' title='bbox 335 4191 466 4254; x_wconf 85' lang='grc' dir='ltr'>Θεὸς</span> <span class='ocrx_word' id='word_1_658' title='bbox 524 4193 730 4266; x_wconf 79' lang='grc' dir='ltr'>πνεῦμά</span> <span class='ocrx_word' id='word_1_659' title='bbox 785 4194 922 4275; x_wconf 80' lang='grc' dir='ltr'>ἐστι,</span> <span class='ocrx_word' id='word_1_660' title='bbox 979 4198 1248 4254; x_wconf 64' lang='grc' dir='ltr'>τουτέστιν</span> <span class='ocrx_word' id='word_1_661' title='bbox 1307 4185 1621 4275; x_wconf 66' lang='grc' dir='ltr'>ἀσώματος,</span> <span class='ocrx_word' id='word_1_662' title='bbox 1694 4190 1779 4248; x_wconf 76' lang='grc' dir='ltr'><strong>δεῖ</strong></span> <span class='ocrx_word' id='word_1_663' title='bbox 1849 4191 1992 4246; x_wconf 38' lang='lat' dir='ltr'><strong>Tha</strong></span> 
     </span>
    </p>
   </div>
   <div class='ocr_carea' id='block_1_84' title="bbox 2078 4185 3745 4275">
    <p class='ocr_par' dir='ltr' id='par_1_84' title="bbox 2093 4185 3745 4270">
     <span class='ocr_line' id='line_1_85' title="bbox 2093 4185 3745 4270; baseline 0.002 -24"><span class='ocrx_word' id='word_1_664' title='bbox 2093 4185 2306 4247; x_wconf 90' lang='lat' dir='ltr'><strong>licetin</strong></span> <span class='ocrx_word' id='word_1_665' title='bbox 2333 4186 2685 4251; x_wconf 88' lang='lat' dir='ltr'><strong>anima.Hoc</strong></span> <span class='ocrx_word' id='word_1_666' title='bbox 2720 4189 2878 4250; x_wconf 91' lang='lat' dir='ltr'><strong>enim</strong></span> <span class='ocrx_word' id='word_1_667' title='bbox 2913 4189 3295 4269; x_wconf 77' lang='lat' dir='ltr'><strong>siguiﬁcat,in</strong></span> <span class='ocrx_word' id='word_1_668' title='bbox 3330 4188 3562 4270; x_wconf 90' lang='lat' dir='ltr'><strong>spiritu.</strong></span> <span class='ocrx_word' id='word_1_669' title='bbox 3599 4189 3745 4251; x_wconf 88' lang='lat' dir='ltr'><strong>Ete-</strong></span> 
     </span>
    </p>
   </div>
   <div class='ocr_carea' id='block_1_85' title="bbox 334 4276 1992 4366">
    <p class='ocr_par' dir='ltr' id='par_1_85' title="bbox 334 4281 1992 4366">
     <span class='ocr_line' id='line_1_86' title="bbox 334 4281 1992 4366; baseline 0.002 -33"><span class='ocrx_word' id='word_1_670' title='bbox 334 4292 656 4358; x_wconf 69' lang='grc' dir='ltr'>προσκυνεῖν</span> <span class='ocrx_word' id='word_1_671' title='bbox 710 4281 1034 4366; x_wconf 70' lang='grc' dir='ltr'>ὰσωμάτως,</span> <span class='ocrx_word' id='word_1_672' title='bbox 1093 4289 1120 4344; x_wconf 79' lang='grc' dir='ltr'><strong>ὃ</strong></span> <span class='ocrx_word' id='word_1_673' title='bbox 1181 4287 1296 4343; x_wconf 76' lang='grc' dir='ltr'>ἔστι</span> <span class='ocrx_word' id='word_1_674' title='bbox 1356 4287 1497 4343; x_wconf 84' lang='grc' dir='ltr'>κατὰ</span> <span class='ocrx_word' id='word_1_675' title='bbox 1555 4283 1770 4363; x_wconf 77' lang='grc' dir='ltr'>ψυχήν.</span> <span class='ocrx_word' id='word_1_676' title='bbox 1839 4289 1992 4340; x_wconf 63' lang='grc' dir='ltr'>Τοῦτ(</span> 
     </span>
    </p>
   </div>
   <div class='ocr_carea' id='block_1_86' title="bbox 2078 4276 3743 4366">
    <p class='ocr_par' dir='ltr' id='par_1_86' title="bbox 2091 4276 3743 4359">
     <span class='ocr_line' id='line_1_87' title="bbox 2091 4276 3743 4359; baseline 0.002 -24"><span class='ocrx_word' id='word_1_677' title='bbox 2091 4277 2210 4336; x_wconf 92' lang='lat' dir='ltr'><strong>nim</strong></span> <span class='ocrx_word' id='word_1_678' title='bbox 2223 4276 2421 4338; x_wconf 89' lang='lat' dir='ltr'><strong>anima</strong></span> <span class='ocrx_word' id='word_1_679' title='bbox 2443 4277 2688 4357; x_wconf 81' lang='lat' dir='ltr'><strong>Spiritus</strong></span> <span class='ocrx_word' id='word_1_680' title='bbox 2705 4277 3522 4359; x_wconf 61' lang='lat' dir='ltr'><strong>estincorporensﬂuouiam</strong></span> <span class='ocrx_word' id='word_1_681' title='bbox 3543 4285 3743 4339; x_wconf 90' lang='lat' dir='ltr'><strong>autem</strong></span> 
     </span>
    </p>
   </div>
   <div class='ocr_carea' id='block_1_87' title="bbox 339 4358 1992 4456">
    <p class='ocr_par' dir='ltr' id='par_1_87' title="bbox 339 4358 1992 4456">
     <span class='ocr_line' id='line_1_88' title="bbox 339 4358 1992 4456; baseline 0.001 -34"><span class='ocrx_word' id='word_1_682' title='bbox 339 4368 441 4446; x_wconf 71' lang='grc' dir='ltr'>γὰρ</span> <span class='ocrx_word' id='word_1_683' title='bbox 502 4367 586 4424; x_wconf 75' lang='grc' dir='ltr'><strong>διὰ</strong></span> <span class='ocrx_word' id='word_1_684' title='bbox 641 4378 757 4444; x_wconf 82' lang='grc' dir='ltr'>τοῦ,</span> <span class='ocrx_word' id='word_1_685' title='bbox 822 4396 847 4428; x_wconf 77' lang='grc' dir='ltr'><strong>α</strong></span> <span class='ocrx_word' id='word_1_686' title='bbox 895 4373 950 4429; x_wconf 84' lang='grc' dir='ltr'>ἐν</span> <span class='ocrx_word' id='word_1_687' title='bbox 1003 4358 1284 4456; x_wconf 75' lang='grc' dir='ltr'>πνεύματι,</span> <span class='ocrx_word' id='word_1_688' title='bbox 1339 4400 1366 4432; x_wconf 72' lang='lat' dir='ltr'><strong>n</strong></span> <span class='ocrx_word' id='word_1_689' title='bbox 1414 4373 1574 4443; x_wconf 83' lang='grc' dir='ltr'>δηλοῖ</span> <span class='ocrx_word' id='word_1_690' title='bbox 1602 4392 1617 4408; x_wconf 88' lang='grc'><strong>·</strong></span> <span class='ocrx_word' id='word_1_691' title='bbox 1665 4373 1754 4428; x_wconf 82' lang='grc' dir='ltr'>καὶ</span> <span class='ocrx_word' id='word_1_692' title='bbox 1782 4370 1882 4450; x_wconf 86' lang='grc' dir='ltr'><strong>γὰρ</strong></span> <span class='ocrx_word' id='word_1_693' title='bbox 1913 4358 1992 4453; x_wconf 49' lang='grc' dir='ltr'>κα]</span> 
     </span>
    </p>
   </div>
   <div class='ocr_carea' id='block_1_88' title="bbox 2078 4358 3742 4456">
    <p class='ocr_par' dir='ltr' id='par_1_88' title="bbox 2084 4358 3742 4442">
     <span class='ocr_line' id='line_1_89' title="bbox 2084 4358 3742 4442; baseline 0.001 -18"><span class='ocrx_word' id='word_1_694' title='bbox 2084 4366 2252 4425; x_wconf 81' lang='lat' dir='ltr'><strong>multi</strong></span> <span class='ocrx_word' id='word_1_695' title='bbox 2281 4367 2554 4428; x_wconf 82' lang='lat' dir='ltr'><strong>videntur</strong></span> <span class='ocrx_word' id='word_1_696' title='bbox 2584 4367 2847 4429; x_wconf 86' lang='lat' dir='ltr'><strong>adorare</strong></span> <span class='ocrx_word' id='word_1_697' title='bbox 2878 4368 2938 4428; x_wconf 93' lang='lat' dir='ltr'><strong>in</strong></span> <span class='ocrx_word' id='word_1_698' title='bbox 2971 4358 3190 4442; x_wconf 85' lang='lat' dir='ltr'><strong>anima,</strong></span> <span class='ocrx_word' id='word_1_699' title='bbox 3221 4385 3338 4427; x_wconf 89' lang='lat' dir='ltr'><strong>non</strong></span> <span class='ocrx_word' id='word_1_700' title='bbox 3372 4379 3570 4429; x_wconf 90' lang='lat' dir='ltr'><strong>tamen</strong></span> <span class='ocrx_word' id='word_1_701' title='bbox 3602 4384 3742 4427; x_wconf 79' lang='lat' dir='ltr'><strong>rec-</strong></span> 
     </span>
    </p>
   </div>
   <div class='ocr_carea' id='block_1_89' title="bbox 333 4454 1992 4546">
    <p class='ocr_par' dir='ltr' id='par_1_89' title="bbox 333 4454 1992 4546">
     <span class='ocr_line' id='line_1_90' title="bbox 333 4454 1992 4546; baseline 0.003 -34"><span class='ocrx_word' id='word_1_702' title='bbox 333 4466 564 4534; x_wconf 80' lang='grc' dir='ltr'>πνεῠμα,</span> <span class='ocrx_word' id='word_1_703' title='bbox 627 4462 712 4516; x_wconf 86' lang='grc' dir='ltr'><strong>καὶ</strong></span> <span class='ocrx_word' id='word_1_704' title='bbox 770 4461 1053 4538; x_wconf 77' lang='grc' dir='ltr'>ἀσώματον</span> <span class='ocrx_word' id='word_1_705' title='bbox 1123 4468 1156 4534; x_wconf 82' lang='grc' dir='ltr'><strong>ἡ</strong></span> <span class='ocrx_word' id='word_1_706' title='bbox 1236 4454 1416 4546; x_wconf 75' lang='grc' dir='ltr'>ψυχή,</span> <span class='ocrx_word' id='word_1_707' title='bbox 1501 4463 1650 4522; x_wconf 67' lang='grc' dir='ltr'>Ἐπεὶ</span> <span class='ocrx_word' id='word_1_708' title='bbox 1695 4460 1749 4518; x_wconf 78' lang='grc' dir='ltr'><strong>δὲ</strong></span> <span class='ocrx_word' id='word_1_709' title='bbox 1804 4457 1992 4517; x_wconf 77' lang='grc' dir='ltr'>πολλο¹</span> 
     </span>
    </p>
   </div>
   <div class='ocr_carea' id='block_1_90' title="bbox 2078 4454 3746 4546">
    <p class='ocr_par' dir='ltr' id='par_1_90' title="bbox 2078 4454 3746 4546">
     <span class='ocr_line' id='line_1_91' title="bbox 2078 4454 3746 4546; baseline 0.002 -32"><span class='ocrx_word' id='word_1_710' title='bbox 2078 4465 2196 4546; x_wconf 80' lang='lat' dir='ltr'><strong>tam</strong></span> <span class='ocrx_word' id='word_1_711' title='bbox 2221 4455 3400 4546; x_wconf 78' lang='lat' dir='ltr'><strong>habentscientiam,sicutluereticitideo</strong></span> <span class='ocrx_word' id='word_1_712' title='bbox 3428 4454 3746 4546; x_wconf 71' lang='lat' dir='ltr'><strong>addidit,et</strong></span> 
     </span>
    </p>
   </div>
   <div class='ocr_carea' id='block_1_91' title="bbox 331 4543 1992 4634">
    <p class='ocr_par' dir='ltr' id='par_1_91' title="bbox 331 4547 1974 4634">
     <span class='ocr_line' id='line_1_92' title="bbox 331 4547 1974 4634; baseline 0.002 -32"><span class='ocrx_word' id='word_1_713' title='bbox 331 4547 543 4604; x_wconf 74' lang='grc' dir='ltr'>δοκοῦσι</span> <span class='ocrx_word' id='word_1_714' title='bbox 589 4551 686 4625; x_wconf 74' lang='grc' dir='ltr'><strong>μὲν</strong></span> <span class='ocrx_word' id='word_1_715' title='bbox 732 4554 887 4608; x_wconf 73' lang='grc' dir='ltr'>αὒτὶν</span> <span class='ocrx_word' id='word_1_716' title='bbox 944 4569 1262 4634; x_wconf 74' lang='grc' dir='ltr'>προσκυνεῖν</span> <span class='ocrx_word' id='word_1_717' title='bbox 1304 4555 1440 4612; x_wconf 83' lang='grc' dir='ltr'>κατᾶ</span> <span class='ocrx_word' id='word_1_718' title='bbox 1497 4553 1709 4632; x_wconf 76' lang='grc' dir='ltr'>ψυχὴν,</span> <span class='ocrx_word' id='word_1_719' title='bbox 1751 4553 1846 4608; x_wconf 74' lang='grc' dir='ltr'>οὒκ</span> <span class='ocrx_word' id='word_1_720' title='bbox 1891 4550 1974 4626; x_wconf 82' lang='grc' dir='ltr'><strong>ὁρο</strong></span> 
     </span>
    </p>
   </div>
   <div class='ocr_carea' id='block_1_92' title="bbox 2078 4543 3742 4634">
    <p class='ocr_par' dir='ltr' id='par_1_92' title="bbox 2078 4543 3742 4626">
     <span class='ocr_line' id='line_1_93' title="bbox 2078 4543 3742 4626; baseline 0.003 -24"><span class='ocrx_word' id='word_1_721' title='bbox 2078 4543 2133 4603; x_wconf 93' lang='lat' dir='ltr'><strong>in</strong></span> <span class='ocrx_word' id='word_1_722' title='bbox 2166 4544 2682 4626; x_wconf 84' lang='lat' dir='ltr'><strong>veritate.0portet</strong></span> <span class='ocrx_word' id='word_1_723' title='bbox 2708 4547 2872 4608; x_wconf 87' lang='lat' dir='ltr'><strong>enim</strong></span> <span class='ocrx_word' id='word_1_724' title='bbox 2911 4557 2969 4609; x_wconf 91' lang='lat' dir='ltr'><strong>et</strong></span> <span class='ocrx_word' id='word_1_725' title='bbox 3002 4555 3204 4608; x_wconf 86' lang='lat' dir='ltr'><strong>mente</strong></span> <span class='ocrx_word' id='word_1_726' title='bbox 3235 4546 3489 4607; x_wconf 88' lang='lat' dir='ltr'><strong>adorare</strong></span> <span class='ocrx_word' id='word_1_727' title='bbox 3523 4545 3742 4626; x_wconf 89' lang='lat' dir='ltr'><strong>Deum,</strong></span> 
     </span>
    </p>
   </div>
   <div class='ocr_carea' id='block_1_93' title="bbox 329 4634 1992 4726">
    <p class='ocr_par' dir='ltr' id='par_1_93' title="bbox 329 4637 1992 4726">
     <span class='ocr_line' id='line_1_94' title="bbox 329 4637 1992 4726; baseline -0.007 -20"><span class='ocrx_word' id='word_1_728' title='bbox 329 4639 430 4706; x_wconf 67' lang='grc' dir='ltr'>θὴν</span> <span class='ocrx_word' id='word_1_729' title='bbox 487 4638 543 4695; x_wconf 66' lang='grc' dir='ltr'><strong>δὲ</strong></span> <span class='ocrx_word' id='word_1_730' title='bbox 588 4637 743 4706; x_wconf 70' lang='grc' dir='ltr'>δόξαν</span> <span class='ocrx_word' id='word_1_731' title='bbox 783 4645 900 4718; x_wconf 81' lang='grc' dir='ltr'>περὶ</span> <span class='ocrx_word' id='word_1_732' title='bbox 962 4649 1124 4704; x_wconf 75' lang='grc' dir='ltr'>αὒτού</span> <span class='ocrx_word' id='word_1_733' title='bbox 1181 4647 1424 4726; x_wconf 63' lang='grc' dir='ltr'>ἔχουσιν,</span> <span class='ocrx_word' id='word_1_734' title='bbox 1489 4645 1562 4706; x_wconf 78' lang='grc' dir='ltr'>ὡς</span> <span class='ocrx_word' id='word_1_735' title='bbox 1619 4643 1665 4698; x_wconf 86' lang='grc' dir='ltr'><strong>οἱ</strong></span> <span class='ocrx_word' id='word_1_736' title='bbox 1729 4641 1992 4721; x_wconf 63' lang='grc' dir='ltr'><strong>αἱρετικοὶ1</strong></span> 
     </span>
    </p>
   </div>
   <div class='ocr_carea' id='block_1_94' title="bbox 2078 4634 3741 4726">
    <p class='ocr_par' dir='ltr' id='par_1_94' title="bbox 2093 4634 3741 4717">
     <span class='ocr_line' id='line_1_95' title="bbox 2093 4634 3741 4717; baseline 0.002 -24"><span class='ocrx_word' id='word_1_737' title='bbox 2093 4641 2150 4692; x_wconf 92' lang='lat' dir='ltr'><strong>et</strong></span> <span class='ocrx_word' id='word_1_738' title='bbox 2170 4652 2372 4696; x_wconf 82' lang='lat' dir='ltr'><strong>sanam</strong></span> <span class='ocrx_word' id='word_1_739' title='bbox 2397 4636 2742 4715; x_wconf 88' lang='lat' dir='ltr'><strong>opinionem</strong></span> <span class='ocrx_word' id='word_1_740' title='bbox 2771 4637 2846 4699; x_wconf 85' lang='lat' dir='ltr'><strong>de</strong></span> <span class='ocrx_word' id='word_1_741' title='bbox 2878 4637 3007 4717; x_wconf 84' lang='lat' dir='ltr'><strong>ipso</strong></span> <span class='ocrx_word' id='word_1_742' title='bbox 3032 4635 3275 4697; x_wconf 90' lang='lat' dir='ltr'><strong>habere.</strong></span> <span class='ocrx_word' id='word_1_743' title='bbox 3310 4634 3604 4697; x_wconf 73' lang='lat' dir='ltr'><strong>Fortassis</strong></span> <span class='ocrx_word' id='word_1_744' title='bbox 3630 4653 3741 4696; x_wconf 83' lang='lat' dir='ltr'><strong>au-</strong></span> 
     </span>
    </p>
   </div>
   <div class='ocr_carea' id='block_1_95' title="bbox 330 4723 1992 4816">
    <p class='ocr_par' dir='ltr' id='par_1_95' title="bbox 330 4723 1992 4816">
     <span class='ocr_line' id='line_1_96' title="bbox 330 4723 1992 4816; baseline 0 -32"><span class='ocrx_word' id='word_1_745' title='bbox 330 4727 417 4784; x_wconf 72' lang='grc' dir='ltr'>ὂιὰ</span> <span class='ocrx_word' id='word_1_746' title='bbox 474 4739 627 4789; x_wconf 80' lang='grc' dir='ltr'>τοῦτο</span> <span class='ocrx_word' id='word_1_747' title='bbox 683 4733 980 4802; x_wconf 78' lang='grc' dir='ltr'>προσέθηκε</span> <span class='ocrx_word' id='word_1_748' title='bbox 1035 4737 1120 4816; x_wconf 86' lang='grc' dir='ltr'><strong>τὸ,</strong></span> <span class='ocrx_word' id='word_1_749' title='bbox 1187 4723 1336 4790; x_wconf 18' lang='lat' dir='ltr'><strong>«Rev</strong></span> <span class='ocrx_word' id='word_1_750' title='bbox 1396 4732 1640 4805; x_wconf 79' lang='grc' dir='ltr'>ἀληθείᾳ.</span> <span class='ocrx_word' id='word_1_751' title='bbox 1698 4753 1721 4785; x_wconf 75' lang='grc' dir='ltr'><strong>ι</strong></span> <span class='ocrx_word' id='word_1_752' title='bbox 1776 4738 1873 4785; x_wconf 83' lang='grc' dir='ltr'>Δεῖ</span> <span class='ocrx_word' id='word_1_753' title='bbox 1903 4730 1992 4814; x_wconf 57' lang='grc' dir='ltr'><strong>γὰε</strong></span> 
     </span>
    </p>
   </div>
   <div class='ocr_carea' id='block_1_96' title="bbox 2078 4723 3738 4816">
    <p class='ocr_par' dir='ltr' id='par_1_96' title="bbox 2091 4723 3738 4816">
     <span class='ocr_line' id='line_1_97' title="bbox 2091 4723 3738 4816; baseline 0.004 -36"><span class='ocrx_word' id='word_1_754' title='bbox 2091 4730 2206 4816; x_wconf 81' lang='lat' dir='ltr'><strong>tem</strong></span> <span class='ocrx_word' id='word_1_755' title='bbox 2230 4725 2519 4816; x_wconf 84' lang='lat' dir='ltr'><strong>quispiam</strong></span> <span class='ocrx_word' id='word_1_756' title='bbox 2548 4725 2897 4816; x_wconf 82' lang='lat' dir='ltr'><strong>dicet,quod</strong></span> <span class='ocrx_word' id='word_1_757' title='bbox 2932 4727 3064 4788; x_wconf 70' lang='lat' dir='ltr'><strong>duae</strong></span> <span class='ocrx_word' id='word_1_758' title='bbox 3089 4735 3282 4807; x_wconf 83' lang='lat' dir='ltr'><strong>partes</strong></span> <span class='ocrx_word' id='word_1_759' title='bbox 3311 4732 3523 4786; x_wconf 70' lang='lat' dir='ltr'><strong>nostrae</strong></span> <span class='ocrx_word' id='word_1_760' title='bbox 3542 4723 3738 4816; x_wconf 80' lang='lat' dir='ltr'><strong>philo-</strong></span> 
     </span>
    </p>
   </div>
   <div class='ocr_carea' id='block_1_97' title="bbox 329 4811 1992 4902">
    <p class='ocr_par' dir='ltr' id='par_1_97' title="bbox 329 4811 1992 4902">
     <span class='ocr_line' id='line_1_98' title="bbox 329 4811 1992 4902; baseline 0.003 -30"><span class='ocrx_word' id='word_1_761' title='bbox 329 4821 414 4874; x_wconf 66' lang='grc' dir='ltr'><strong>καὶ</strong></span> <span class='ocrx_word' id='word_1_762' title='bbox 459 4821 597 4878; x_wconf 72' lang='grc' dir='ltr'>κατὰ</span> <span class='ocrx_word' id='word_1_763' title='bbox 671 4825 789 4879; x_wconf 75' lang='grc' dir='ltr'>νοῦν</span> <span class='ocrx_word' id='word_1_764' title='bbox 850 4811 1171 4902; x_wconf 78' lang='grc' dir='ltr'>προσκυνεῖν</span> <span class='ocrx_word' id='word_1_765' title='bbox 1219 4833 1296 4900; x_wconf 80' lang='grc' dir='ltr'>τῷ</span> <span class='ocrx_word' id='word_1_766' title='bbox 1329 4832 1466 4900; x_wconf 83' lang='grc' dir='ltr'>Θεῷ,</span> <span class='ocrx_word' id='word_1_767' title='bbox 1503 4821 1640 4878; x_wconf 77' lang='grc' dir='ltr'>ἀλλὰ</span> <span class='ocrx_word' id='word_1_768' title='bbox 1683 4821 1771 4876; x_wconf 87' lang='grc' dir='ltr'><strong>καὶ</strong></span> <span class='ocrx_word' id='word_1_769' title='bbox 1822 4819 1992 4898; x_wconf 78' lang='grc' dir='ltr'>ἂληθῇ</span> 
     </span>
    </p>
   </div>
   <div class='ocr_carea' id='block_1_98' title="bbox 2078 4811 3741 4902">
    <p class='ocr_par' dir='ltr' id='par_1_98' title="bbox 2080 4811 3741 4896">
     <span class='ocr_line' id='line_1_99' title="bbox 2080 4811 3741 4896; baseline 0.002 -24"><span class='ocrx_word' id='word_1_770' title='bbox 2080 4811 2307 4894; x_wconf 72' lang='lat' dir='ltr'><strong>sophize</strong></span> <span class='ocrx_word' id='word_1_771' title='bbox 2324 4814 2421 4876; x_wconf 88' lang='lat' dir='ltr'><strong>hic</strong></span> <span class='ocrx_word' id='word_1_772' title='bbox 2445 4815 3051 4896; x_wconf 82' lang='lat' dir='ltr'><strong>insinuentur,praxis</strong></span> <span class='ocrx_word' id='word_1_773' title='bbox 3075 4816 3208 4877; x_wconf 88' lang='lat' dir='ltr'><strong>dico</strong></span> <span class='ocrx_word' id='word_1_774' title='bbox 3232 4822 3289 4877; x_wconf 91' lang='lat' dir='ltr'><strong>et</strong></span> <span class='ocrx_word' id='word_1_775' title='bbox 3318 4814 3741 4895; x_wconf 86' lang='lat' dir='ltr'><strong>contemplatio</strong></span> 
     </span>
    </p>
   </div>
   <div class='ocr_carea' id='block_1_99' title="bbox 327 4903 1992 4996">
    <p class='ocr_par' dir='ltr' id='par_1_99' title="bbox 327 4907 1992 4996">
     <span class='ocr_line' id='line_1_100' title="bbox 327 4907 1992 4996; baseline 0.004 -34"><span class='ocrx_word' id='word_1_776' title='bbox 327 4907 478 4974; x_wconf 78' lang='grc' dir='ltr'>δόξαν</span> <span class='ocrx_word' id='word_1_777' title='bbox 534 4913 652 4988; x_wconf 89' lang='grc' dir='ltr'><strong>περὶ</strong></span> <span class='ocrx_word' id='word_1_778' title='bbox 689 4914 845 4970; x_wconf 67' lang='grc' dir='ltr'>αὒτοῖ</span> <span class='ocrx_word' id='word_1_779' title='bbox 889 4913 1058 4996; x_wconf 75' lang='grc' dir='ltr'>ἔχειν,</span> <span class='ocrx_word' id='word_1_780' title='bbox 1109 4917 1266 4996; x_wconf 77' lang='grc' dir='ltr'>Τάχα</span> <span class='ocrx_word' id='word_1_781' title='bbox 1315 4913 1369 4971; x_wconf 78' lang='grc' dir='ltr'>δέ</span> <span class='ocrx_word' id='word_1_782' title='bbox 1399 4937 1479 4979; x_wconf 88' lang='grc' dir='ltr'><strong>τις</strong></span> <span class='ocrx_word' id='word_1_783' title='bbox 1508 4915 1645 4992; x_wconf 72' lang='grc' dir='ltr'>ἒρεῖ,</span> <span class='ocrx_word' id='word_1_784' title='bbox 1680 4907 1761 4966; x_wconf 74' lang='grc' dir='ltr'>ὅτι</span> <span class='ocrx_word' id='word_1_785' title='bbox 1794 4909 1861 4965; x_wconf 77' lang='grc' dir='ltr'>τὰ</span> <span class='ocrx_word' id='word_1_786' title='bbox 1906 4907 1992 4968; x_wconf 76' lang='grc' dir='ltr'><strong>δύο</strong></span> 
     </span>
    </p>
   </div>
   <div class='ocr_carea' id='block_1_100' title="bbox 2078 4903 3741 4996">
    <p class='ocr_par' dir='ltr' id='par_1_100' title="bbox 2078 4903 3741 4996">
     <span class='ocr_line' id='line_1_101' title="bbox 2078 4903 3741 4996; baseline 0.001 -32"><span class='ocrx_word' id='word_1_787' title='bbox 2078 4921 2184 4996; x_wconf 85' lang='lat' dir='ltr'><strong>per</strong></span> <span class='ocrx_word' id='word_1_788' title='bbox 2212 4903 2328 4964; x_wconf 92' lang='lat' dir='ltr'><strong>duo</strong></span> <span class='ocrx_word' id='word_1_789' title='bbox 2361 4903 2646 4996; x_wconf 27' lang='lat' dir='ltr'><strong>istatNam</strong></span> <span class='ocrx_word' id='word_1_790' title='bbox 2678 4924 2812 4967; x_wconf 89' lang='lat' dir='ltr'><strong>cum</strong></span> <span class='ocrx_word' id='word_1_791' title='bbox 2848 4904 3121 4996; x_wconf 62' lang='lat' dir='ltr'><strong>dicit,uin</strong></span> <span class='ocrx_word' id='word_1_792' title='bbox 3166 4903 3438 4996; x_wconf 62' lang='lat' dir='ltr'><strong>spiritu,»</strong></span> <span class='ocrx_word' id='word_1_793' title='bbox 3478 4904 3741 4996; x_wconf 71' lang='lat' dir='ltr'><strong>practice</strong></span> 
     </span>
    </p>
   </div>
   <div class='ocr_carea' id='block_1_101' title="bbox 2069 4994 3731 5076">
    <p class='ocr_par' dir='ltr' id='par_1_101' title="bbox 2069 4994 3731 5076">
     <span class='ocr_line' id='line_1_102' title="bbox 2069 4994 3731 5076; baseline 0 -22"><span class='ocrx_word' id='word_1_794' title='bbox 2069 4994 2740 5075; x_wconf 81' lang='lat' dir='ltr'><strong>docetur.«Quicunque</strong></span> <span class='ocrx_word' id='word_1_795' title='bbox 2773 4997 2931 5058; x_wconf 91' lang='lat' dir='ltr'><strong>enim</strong></span> <span class='ocrx_word' id='word_1_796' title='bbox 2964 4995 3176 5076; x_wconf 90' lang='lat' dir='ltr'><strong>spiritu</strong></span> <span class='ocrx_word' id='word_1_797' title='bbox 3208 4994 3314 5056; x_wconf 90' lang='lat' dir='ltr'><strong>Dei</strong></span> <span class='ocrx_word' id='word_1_798' title='bbox 3361 4995 3671 5075; x_wconf 78' lang='lat' dir='ltr'><strong>aguntur3,</strong></span> <span class='ocrx_word' id='word_1_799' title='bbox 3705 5015 3731 5054; x_wconf 73' lang='grc' dir='ltr'>ιο</span> 
     </span>
    </p>
   </div>
   <div class='ocr_carea' id='block_1_102' title="bbox 330 4997 1980 5086">
    <p class='ocr_par' dir='ltr' id='par_1_102' title="bbox 330 4997 1980 5086">
     <span class='ocr_line' id='line_1_103' title="bbox 330 4997 1980 5086; baseline -0.019 -1"><span class='ocrx_word' id='word_1_800' title='bbox 330 5003 426 5065; x_wconf 62' lang='grc' dir='ltr'><strong>τῆς</strong></span> <span class='ocrx_word' id='word_1_801' title='bbox 482 4997 601 5056; x_wconf 51' lang='grc' dir='ltr'>δαίθ’</span> <span class='ocrx_word' id='word_1_802' title='bbox 661 5003 803 5078; x_wconf 65' lang='grc' dir='ltr'>ἡμᾶς</span> <span class='ocrx_word' id='word_1_803' title='bbox 861 5004 1175 5086; x_wconf 64' lang='grc' dir='ltr'>φιλοσοφίας</span> <span class='ocrx_word' id='word_1_804' title='bbox 1229 5005 1456 5062; x_wconf 79' lang='grc' dir='ltr'>ἐνταῦθα</span> <span class='ocrx_word' id='word_1_805' title='bbox 1503 5002 1640 5077; x_wconf 84' lang='grc' dir='ltr'>μέρη</span> <span class='ocrx_word' id='word_1_806' title='bbox 1671 4999 1980 5077; x_wconf 76' lang='grc' dir='ltr'>αἰνίττεται,</span> 
     </span>
    </p>
   </div>
   <div class='ocr_carea' id='block_1_103' title="bbox 2068 5083 3737 5164">
    <p class='ocr_par' dir='ltr' id='par_1_103' title="bbox 2068 5083 3737 5164">
     <span class='ocr_line' id='line_1_104' title="bbox 2068 5083 3737 5164; baseline 0.001 -20"><span class='ocrx_word' id='word_1_807' title='bbox 2068 5101 2248 5164; x_wconf 87' lang='lat' dir='ltr'><strong>opera</strong></span> <span class='ocrx_word' id='word_1_808' title='bbox 2278 5085 2550 5164; x_wconf 90' lang='lat' dir='ltr'><strong>corporis</strong></span> <span class='ocrx_word' id='word_1_809' title='bbox 2585 5085 2950 5147; x_wconf 83' lang='lat' dir='ltr'><strong>mortiﬁcant</strong></span> <span class='ocrx_word' id='word_1_810' title='bbox 2983 5086 3315 5148; x_wconf 91' lang='lat' dir='ltr'><strong>secundum</strong></span> <span class='ocrx_word' id='word_1_811' title='bbox 3343 5083 3606 5144; x_wconf 88' lang='lat' dir='ltr'><strong>divinum</strong></span> <span class='ocrx_word' id='word_1_812' title='bbox 3653 5087 3737 5146; x_wconf 89' lang='lat' dir='ltr'><strong>A-</strong></span> 
     </span>
    </p>
   </div>
   <div class='ocr_carea' id='block_1_104' title="bbox 327 5088 1984 5176">
    <p class='ocr_par' dir='ltr' id='par_1_104' title="bbox 327 5088 1984 5176">
     <span class='ocr_line' id='line_1_105' title="bbox 327 5088 1984 5176; baseline 0 -33"><span class='ocrx_word' id='word_1_813' title='bbox 327 5088 512 5166; x_wconf 73' lang='grc' dir='ltr'>πρᾶιξιν</span> <span class='ocrx_word' id='word_1_814' title='bbox 561 5089 705 5169; x_wconf 77' lang='grc' dir='ltr'>Λέγω</span> <span class='ocrx_word' id='word_1_815' title='bbox 747 5095 835 5149; x_wconf 81' lang='grc' dir='ltr'>καὶ</span> <span class='ocrx_word' id='word_1_816' title='bbox 889 5096 1130 5176; x_wconf 82' lang='grc' dir='ltr'>θεωρίαν,</span> <span class='ocrx_word' id='word_1_817' title='bbox 1185 5095 1270 5153; x_wconf 77' lang='grc' dir='ltr'>διὰ</span> <span class='ocrx_word' id='word_1_818' title='bbox 1313 5100 1420 5152; x_wconf 82' lang='grc' dir='ltr'><strong>τῶν</strong></span> <span class='ocrx_word' id='word_1_819' title='bbox 1471 5093 1560 5150; x_wconf 81' lang='grc' dir='ltr'><strong>δύο</strong></span> <span class='ocrx_word' id='word_1_820' title='bbox 1587 5091 1790 5149; x_wconf 87' lang='grc' dir='ltr'>τούτων</span> <span class='ocrx_word' id='word_1_821' title='bbox 1825 5106 1838 5119; x_wconf 83' lang='grc'><strong><em>⁸</em></strong></span> <span class='ocrx_word' id='word_1_822' title='bbox 1900 5088 1984 5145; x_wconf 73' lang='grc' dir='ltr'><strong>διὰ</strong></span> 
     </span>
    </p>
   </div>
   <div class='ocr_carea' id='block_1_105' title="bbox 327 5171 1982 5263">
    <p class='ocr_par' dir='ltr' id='par_1_105' title="bbox 327 5171 1982 5263">
     <span class='ocr_line' id='line_1_106' title="bbox 327 5171 1982 5263; baseline 0.003 -31"><span class='ocrx_word' id='word_1_823' title='bbox 327 5179 420 5242; x_wconf 74' lang='grc' dir='ltr'>μὲν</span> <span class='ocrx_word' id='word_1_824' title='bbox 478 5186 592 5256; x_wconf 72' lang='grc' dir='ltr'>τοῦ,</span> <span class='ocrx_word' id='word_1_825' title='bbox 632 5203 659 5235; x_wconf 71' lang='lat' dir='ltr'><strong>or</strong></span> <span class='ocrx_word' id='word_1_826' title='bbox 693 5180 746 5236; x_wconf 83' lang='grc' dir='ltr'>ἐν</span> <span class='ocrx_word' id='word_1_827' title='bbox 790 5185 1069 5261; x_wconf 83' lang='grc' dir='ltr'>πνεύματι,</span> <span class='ocrx_word' id='word_1_828' title='bbox 1111 5211 1137 5241; x_wconf 68' lang='grc' dir='ltr'><strong>ι</strong></span> <span class='ocrx_word' id='word_1_829' title='bbox 1176 5189 1234 5243; x_wconf 72' lang='grc' dir='ltr'><strong>τὸ</strong></span> <span class='ocrx_word' id='word_1_830' title='bbox 1267 5183 1577 5263; x_wconf 67' lang='grc' dir='ltr'>πρακτικὶν.</span> <span class='ocrx_word' id='word_1_831' title='bbox 1623 5204 1646 5239; x_wconf 74' lang='grc' dir='ltr'><strong>α</strong></span> <span class='ocrx_word' id='word_1_832' title='bbox 1683 5171 1850 5238; x_wconf 75' lang='grc' dir='ltr'><strong>υΟσοι</strong></span> <span class='ocrx_word' id='word_1_833' title='bbox 1883 5179 1982 5257; x_wconf 76' lang='grc' dir='ltr'><strong>γὰρ</strong></span> 
     </span>
    </p>
   </div>
   <div class='ocr_carea' id='block_1_106' title="bbox 327 5269 1979 5354">
    <p class='ocr_par' dir='ltr' id='par_1_106' title="bbox 327 5269 1979 5354">
     <span class='ocr_line' id='line_1_107' title="bbox 327 5269 1979 5354; baseline 0.004 -29"><span class='ocrx_word' id='word_1_834' title='bbox 327 5269 583 5344; x_wconf 71' lang='grc' dir='ltr'>πνεύματι</span> <span class='ocrx_word' id='word_1_835' title='bbox 647 5271 780 5329; x_wconf 67' lang='grc' dir='ltr'>Θεοῦ</span> <span class='ocrx_word' id='word_1_836' title='bbox 835 5272 1075 5353; x_wconf 73' lang='grc' dir='ltr'>ἄγονται,</span> <span class='ocrx_word' id='word_1_837' title='bbox 1137 5277 1230 5342; x_wconf 71' lang='grc' dir='ltr'><strong>τὰς</strong></span> <span class='ocrx_word' id='word_1_838' title='bbox 1296 5275 1510 5354; x_wconf 71' lang='grc' dir='ltr'>πράξεις</span> <span class='ocrx_word' id='word_1_839' title='bbox 1581 5279 1673 5330; x_wconf 80' lang='grc' dir='ltr'><strong>τοῦ</strong></span> <span class='ocrx_word' id='word_1_840' title='bbox 1730 5270 1979 5345; x_wconf 73' lang='grc' dir='ltr'>σώματος</span> 
     </span>
    </p>
   </div>
   <div class='ocr_carea' id='block_1_107' title="bbox 325 5357 1984 5432">
    <p class='ocr_par' dir='ltr' id='par_1_107' title="bbox 325 5357 1984 5432">
     <span class='ocr_line' id='line_1_108' title="bbox 325 5357 1984 5432; baseline -0.001 -18"><span class='ocrx_word' id='word_1_841' title='bbox 325 5361 626 5432; x_wconf 71' lang='grc' dir='ltr'>θανατοῦσι,</span> <span class='ocrx_word' id='word_1_842' title='bbox 670 5381 696 5418; x_wconf 69' lang='grc' dir='ltr'>ο</span> <span class='ocrx_word' id='word_1_843' title='bbox 731 5364 866 5420; x_wconf 72' lang='grc' dir='ltr'>κατά</span> <span class='ocrx_word' id='word_1_844' title='bbox 895 5365 985 5422; x_wconf 91' lang='grc' dir='ltr'><strong>τὸν</strong></span> <span class='ocrx_word' id='word_1_845' title='bbox 1035 5370 1183 5423; x_wconf 87' lang='grc' dir='ltr'>θεῖον</span> <span class='ocrx_word' id='word_1_846' title='bbox 1223 5363 1556 5423; x_wconf 80' lang='grc' dir='ltr'>Ἀπόστολον</span> <span class='ocrx_word' id='word_1_847' title='bbox 1595 5378 1610 5393; x_wconf 85' lang='grc'><strong><em>⁸</em></strong></span> <span class='ocrx_word' id='word_1_848' title='bbox 1657 5361 1747 5419; x_wconf 77' lang='grc' dir='ltr'><strong>καὶ</strong></span> <span class='ocrx_word' id='word_1_849' title='bbox 1776 5357 1936 5416; x_wconf 71' lang='grc' dir='ltr'>πάλιν</span> <span class='ocrx_word' id='word_1_850' title='bbox 1972 5388 1984 5402; x_wconf 74' lang='grc' dir='ltr'><strong>ι</strong></span> 
     </span>
    </p>
   </div>
   <div class='ocr_carea' id='block_1_108' title="bbox 397 5432 1957 5455">
    <p class='ocr_par' dir='ltr' id='par_1_108' title="bbox 397 5432 1957 5455">
     <span class='ocr_line' id='line_1_109' title="bbox 397 5432 1957 5455; baseline -0.004 0"><span class='ocrx_word' id='word_1_851' title='bbox 397 5439 411 5455; x_wconf 50' lang='grc' dir='ltr'><strong>ἢ</strong></span> <span class='ocrx_word' id='word_1_852' title='bbox 555 5451 564 5455; x_wconf 88' lang='grc'><strong>-</strong></span> <span class='ocrx_word' id='word_1_853' title='bbox 620 5449 638 5455; x_wconf 86' lang='grc'><strong>..</strong></span> <span class='ocrx_word' id='word_1_854' title='bbox 729 5452 742 5455; x_wconf 75' lang='lat'>_</span> <span class='ocrx_word' id='word_1_855' title='bbox 1773 5432 1957 5455; x_wconf 36' lang='grc' dir='ltr'><strong>...ᾖ</strong></span> 
     </span>
    </p>
   </div>
   <div class='ocr_carea' id='block_1_109' title="bbox 331 5449 1989 5532">
    <p class='ocr_par' dir='ltr' id='par_1_109' title="bbox 331 5449 1989 5532">
     <span class='ocr_line' id='line_1_110' title="bbox 331 5449 1989 5532; baseline -0.001 -23"><span class='ocrx_word' id='word_1_856' title='bbox 331 5471 361 5507; x_wconf 75' lang='grc' dir='ltr'><strong>α</strong></span> <span class='ocrx_word' id='word_1_857' title='bbox 399 5449 458 5507; x_wconf 60' lang='grc' dir='ltr'><strong>Ἠ</strong></span> <span class='ocrx_word' id='word_1_858' title='bbox 517 5449 662 5530; x_wconf 73' lang='grc' dir='ltr'>σὰρξ,</span> <span class='ocrx_word' id='word_1_859' title='bbox 725 5452 974 5529; x_wconf 76' lang='grc' dir='ltr'>ἐπιθυμεῖ</span> <span class='ocrx_word' id='word_1_860' title='bbox 1027 5455 1170 5514; x_wconf 85' lang='grc' dir='ltr'>κατὰ</span> <span class='ocrx_word' id='word_1_861' title='bbox 1230 5462 1322 5513; x_wconf 76' lang='grc' dir='ltr'>τοῦ</span> <span class='ocrx_word' id='word_1_862' title='bbox 1381 5455 1678 5532; x_wconf 82' lang='grc' dir='ltr'>πνεύματος</span> <span class='ocrx_word' id='word_1_863' title='bbox 1714 5467 1728 5480; x_wconf 85' lang='grc'>⁶</span> <span class='ocrx_word' id='word_1_864' title='bbox 1792 5452 1854 5508; x_wconf 84' lang='grc' dir='ltr'><strong>τὸ</strong></span> <span class='ocrx_word' id='word_1_865' title='bbox 1931 5449 1989 5504; x_wconf 72' lang='grc' dir='ltr'><strong>δὲ</strong></span> 
     </span>
    </p>
   </div>
   <div class='ocr_carea' id='block_1_110' title="bbox 408 5613 1429 5690">
    <p class='ocr_par' dir='ltr' id='par_1_110' title="bbox 408 5613 1429 5690">
     <span class='ocr_line' id='line_1_111' title="bbox 408 5613 1429 5690; baseline 0.003 -14"><span class='ocrx_word' id='word_1_866' title='bbox 408 5613 434 5654; x_wconf 76' lang='grc'>⁸</span> <span class='ocrx_word' id='word_1_867' title='bbox 464 5613 635 5676; x_wconf 80' lang='lat' dir='ltr'><strong>Rom.</strong></span> <span class='ocrx_word' id='word_1_868' title='bbox 669 5631 796 5689; x_wconf 77' lang='lat' dir='ltr'><strong>VIII,</strong></span> <span class='ocrx_word' id='word_1_869' title='bbox 830 5616 929 5680; x_wconf 76' lang='grc'><strong>14.</strong></span> <span class='ocrx_word' id='word_1_870' title='bbox 1018 5617 1050 5667; x_wconf 80' lang='grc'><strong>4</strong></span> <span class='ocrx_word' id='word_1_871' title='bbox 1077 5615 1206 5681; x_wconf 89' lang='lat' dir='ltr'><strong>Gal.</strong></span> <span class='ocrx_word' id='word_1_872' title='bbox 1232 5631 1294 5690; x_wconf 89' lang='lat' dir='ltr'><strong>v,</strong></span> <span class='ocrx_word' id='word_1_873' title='bbox 1333 5617 1429 5679; x_wconf 85' lang='lat' dir='ltr'><strong>t7.</strong></span> 
     </span>
    </p>
   </div>
   <div class='ocr_carea' id='block_1_111' title="bbox 426 5767 1037 5858">
    <p class='ocr_par' dir='ltr' id='par_1_111' title="bbox 426 5767 1037 5858">
     <span class='ocr_line' id='line_1_112' title="bbox 426 5767 1037 5858; baseline 0.015 -26"><span class='ocrx_word' id='word_1_874' title='bbox 426 5774 512 5855; x_wconf 83' lang='grc' dir='ltr'><strong>(α)</strong></span> <span class='ocrx_word' id='word_1_875' title='bbox 549 5767 713 5852; x_wconf 74' lang='grc' dir='ltr'>Ἡμῖν</span> <span class='ocrx_word' id='word_1_876' title='bbox 746 5794 856 5858; x_wconf 86' lang='lat' dir='ltr'><strong>pro</strong></span> <span class='ocrx_word' id='word_1_877' title='bbox 888 5780 1037 5855; x_wconf 72' lang='grc' dir='ltr'>ὑμῖν.</span> 
     </span>
    </p>
   </div>
   <div class='ocr_carea' id='block_1_112' title="bbox 2067 5173 3740 5255">
    <p class='ocr_par' dir='ltr' id='par_1_112' title="bbox 2067 5173 3740 5255">
     <span class='ocr_line' id='line_1_113' title="bbox 2067 5173 3740 5255; baseline 0.001 -21"><span class='ocrx_word' id='word_1_878' title='bbox 2067 5173 2476 5254; x_wconf 86' lang='lat' dir='ltr'><strong>postolum,Et</strong></span> <span class='ocrx_word' id='word_1_879' title='bbox 2507 5174 2725 5235; x_wconf 88' lang='lat' dir='ltr'><strong>iterum</strong></span> <span class='ocrx_word' id='word_1_880' title='bbox 2765 5197 2776 5237; x_wconf 94' lang='lat'><strong>:</strong></span> <span class='ocrx_word' id='word_1_881' title='bbox 2821 5176 3006 5238; x_wconf 68' lang='lat' dir='ltr'><strong>«Caro</strong></span> <span class='ocrx_word' id='word_1_882' title='bbox 3049 5173 3423 5255; x_wconf 90' lang='lat' dir='ltr'><strong>concupiscit</strong></span> <span class='ocrx_word' id='word_1_883' title='bbox 3451 5173 3740 5235; x_wconf 89' lang='lat' dir='ltr'><strong>adversus</strong></span> 
     </span>
    </p>
   </div>
   <div class='ocr_carea' id='block_1_113' title="bbox 2067 5261 3738 5345">
    <p class='ocr_par' dir='ltr' id='par_1_113' title="bbox 2067 5261 3738 5345">
     <span class='ocr_line' id='line_1_114' title="bbox 2067 5261 3738 5345; baseline 0.001 -20"><span class='ocrx_word' id='word_1_884' title='bbox 2067 5264 2617 5345; x_wconf 75' lang='lat' dir='ltr'><strong>Spiritum,spiritus</strong></span> <span class='ocrx_word' id='word_1_885' title='bbox 2651 5274 2848 5326; x_wconf 88' lang='lat' dir='ltr'><strong>autem</strong></span> <span class='ocrx_word' id='word_1_886' title='bbox 2889 5273 3094 5327; x_wconf 87' lang='lat' dir='ltr'><strong>contra</strong></span> <span class='ocrx_word' id='word_1_887' title='bbox 3125 5282 3368 5326; x_wconf 87' lang='lat' dir='ltr'><strong>carnem</strong></span> <span class='ocrx_word' id='word_1_888' title='bbox 3403 5263 3455 5328; x_wconf 76' lang='grc'><strong>4.</strong></span> <span class='ocrx_word' id='word_1_889' title='bbox 3495 5288 3516 5317; x_wconf 77' lang='grc' dir='ltr'><strong>ι</strong></span> <span class='ocrx_word' id='word_1_890' title='bbox 3558 5261 3628 5324; x_wconf 87' lang='grc' dir='ltr'>Ει</span> <span class='ocrx_word' id='word_1_891' title='bbox 3659 5264 3738 5326; x_wconf 85' lang='lat' dir='ltr'><strong>ita</strong></span> 
     </span>
    </p>
   </div>
   <div class='ocr_carea' id='block_1_114' title="bbox 2075 5351 3738 5436">
    <p class='ocr_par' dir='ltr' id='par_1_114' title="bbox 2075 5351 3738 5436">
     <span class='ocr_line' id='line_1_115' title="bbox 2075 5351 3738 5436; baseline 0 -21"><span class='ocrx_word' id='word_1_892' title='bbox 2075 5353 2334 5435; x_wconf 90' lang='lat' dir='ltr'><strong>practice</strong></span> <span class='ocrx_word' id='word_1_893' title='bbox 2378 5355 2712 5417; x_wconf 89' lang='lat' dir='ltr'><strong>insinuatur</strong></span> <span class='ocrx_word' id='word_1_894' title='bbox 2760 5374 2868 5436; x_wconf 87' lang='lat' dir='ltr'><strong>per</strong></span> <span class='ocrx_word' id='word_1_895' title='bbox 2910 5354 3025 5417; x_wconf 88' lang='lat' dir='ltr'><strong>hoc</strong></span> <span class='ocrx_word' id='word_1_896' title='bbox 3075 5354 3232 5436; x_wconf 88' lang='lat' dir='ltr'><strong>quod</strong></span> <span class='ocrx_word' id='word_1_897' title='bbox 3265 5353 3433 5427; x_wconf 89' lang='lat' dir='ltr'><strong>dicit,</strong></span> <span class='ocrx_word' id='word_1_898' title='bbox 3474 5351 3588 5413; x_wconf 71' lang='lat' dir='ltr'><strong>«in</strong></span> <span class='ocrx_word' id='word_1_899' title='bbox 3610 5352 3738 5434; x_wconf 91' lang='lat' dir='ltr'><strong>spi-</strong></span> 
     </span>
    </p>
   </div>
   <div class='ocr_carea' id='block_1_115' title="bbox 2074 5441 3731 5526">
    <p class='ocr_par' dir='ltr' id='par_1_115' title="bbox 2074 5441 3731 5526">
     <span class='ocr_line' id='line_1_116' title="bbox 2074 5441 3731 5526; baseline 0 -21"><span class='ocrx_word' id='word_1_900' title='bbox 2074 5445 2212 5506; x_wconf 88' lang='lat' dir='ltr'><strong>ritu.</strong></span> <span class='ocrx_word' id='word_1_901' title='bbox 2249 5469 2272 5500; x_wconf 71' lang='grc' dir='ltr'>ι)</span> <span class='ocrx_word' id='word_1_902' title='bbox 2311 5447 2424 5506; x_wconf 91' lang='lat' dir='ltr'><strong>Per</strong></span> <span class='ocrx_word' id='word_1_903' title='bbox 2455 5445 2568 5506; x_wconf 88' lang='lat' dir='ltr'><strong>hoc</strong></span> <span class='ocrx_word' id='word_1_904' title='bbox 2590 5453 2789 5506; x_wconf 88' lang='lat' dir='ltr'><strong>autem</strong></span> <span class='ocrx_word' id='word_1_905' title='bbox 2819 5443 2977 5526; x_wconf 89' lang='lat' dir='ltr'><strong>quod</strong></span> <span class='ocrx_word' id='word_1_906' title='bbox 3005 5443 3226 5505; x_wconf 90' lang='lat' dir='ltr'><strong>dicitur</strong></span> <span class='ocrx_word' id='word_1_907' title='bbox 3257 5467 3283 5498; x_wconf 69' lang='grc' dir='ltr'><strong>ς</strong></span> <span class='ocrx_word' id='word_1_908' title='bbox 3317 5441 3377 5503; x_wconf 90' lang='lat' dir='ltr'><strong>in</strong></span> <span class='ocrx_word' id='word_1_909' title='bbox 3404 5442 3669 5518; x_wconf 84' lang='lat' dir='ltr'><strong>veritate,</strong></span> <span class='ocrx_word' id='word_1_910' title='bbox 3706 5466 3731 5504; x_wconf 71' lang='grc' dir='ltr'><strong>ι</strong></span> 
     </span>
    </p>
   </div>
  </div>
