4178 6404
309 331 453 394 1⁸241
1014 329 1461 392 ENARRATIO
1509 330 1588 392 IN
1639 318 2142 389 EVANGELIUM
2190 324 2534 389 JOANNIS.
2589 360 2657 371 —
2689 328 2854 389 CAP.
2907 329 3009 391 IV.
3562 324 3710 389 1242

307 468 344 535 ἠ
397 465 556 542 γυνή·
618 482 642 518 α
720 461 859 522 Οἶδα
932 462 1012 518 ὅτι
1057 460 1272 542 ἔρχεται
1306 460 1560 524 Μεσσίας.
1627 469 1667 519 O
1699 457 1752 516 δὲ
1784 457 2007 539 Κύριος]

2094 470 2222 514 πυε
2269 456 2347 518 sit
2375 458 2770 522 Messias.»At
2801 478 2958 521 nunc
2993 476 3056 520 se
3087 457 3172 519 illi
3216 456 3552 520 manifestat
3582 459 3707 521 Do—

312 555 502 613 λοιπδν
562 551 878 611 ὶκκαλύπτει
944 553 1078 628 αὐτῇ
1135 553 1344 632 ἑαυτὸν,
1419 549 1554 609 οὕτω
1583 555 1680 618 τῆς
1740 548 1969 606 ἀκολου-

2094 544 2272 618 ]ἱῐιιιε,
2298 545 2377 608 ita
2407 550 2839 632 consequentia
2869 549 3162 611 sermonis
3222 549 3518 627 exigente.
3553 546 3708 611 Sane

310 647 422 712 Θίας
479 649 572 702 τοῦ
631 642 794 722 λογου
825 641 1229 709 ἀπαιτησάσης.
1293 643 1351 700 Εἰ
1381 639 1434 698 δὲ
1487 641 1632 704 εὒθὺς
1684 638 1735 706 ἐξ
1793 639 1970 719 ἆρχῆς

2094 633 2107 694 i
2137 637 2330 698 statim
2364 638 2436 700 ab
2461 639 2629 702 initio
2659 640 2925 717 dixisset,
2950 638 3070 717 Ego
3102 657 3232 700 sum
3267 638 3558 714 Christus,
3593 658 3705 701 ne-

313 735 496 814 εῒπεν,
544 733 624 791 ὅτι
657 730 802 812 Ἐγώ
855 734 961 808 εἰμι
1048 734 1076 788 ὁ
1139 733 1384 811 Χριστὸς,
1465 730 1584 790 οὕτε
1614 731 1712 799 τὴν
1745 741 1974 808 γυναῖκα

2099 745 2172 786 ue
2204 727 2434 790 mulieri
2470 730 2887 810 persuasisset,
2925 738 2983 793 et
3011 730 3168 790 visus
3190 728 3396 791 fuisset
3416 748 3706 791 onerosus

312 826 526 884 ἔπεισεν
577 823 664 897 ἄν,
711 823 800 880 καὶ
843 821 984 888 ἔδοξε
1016 824 1262 903 φορτικός
1305 844 1386 885 τις
1417 822 1558 879 εἶναι
1605 822 1693 878 καὶ
1739 819 1974 891 ἀλαζών·

2094 815 2356 895 ξυίερίδηι
2384 827 2441 880 et
2469 838 2755 900 arrogans
2789 839 2986 883 :nunc
3027 819 3309 900 paulatim
3361 819 3432 880 ad
3467 820 3578 881 hoc
3605 819 3705 880 in-

313 924 400 976 νῦν
465 912 518 969 δὲ
592 912 728 971 κατᾶ
802 913 987 992 μῖκρὸν
1087 912 1249 980 αὒτὴν
1334 910 1660 991 προϐιϐάσας
1753 910 1838 966 ἐπὶ
1918 909 1979 964 τὸ

2094 906 2317 986 lucit,ut
2341 910 2564 972 mentio
2593 911 2691 972 ﬁat
2712 909 3169 990 exspectationis
3198 907 3441 972 Christi.
3480 907 3566 970 Ita
3588 909 3714 989 jam

318 1005 721 1081 ἀναμνησθῆναι
788 1007 889 1069 τῆς
949 1001 1066 1081 περὶ
1141 1004 1367 1080 Χριστοῦ
1437 1000 1776 1081 προσδοκίας,
1811 997 1978 1061 οὕτως

2096 1013 2126 1056 e
2157 994 2509 1077 illidetegit.
2533 1000 2714 1080 Cujus
2739 1000 2927 1079 gratia
2966 999 3185 1063 Iudaeis
3230 998 3470 1080 quidem
3519 997 3716 1062 conti-

319 1093 422 1163 ἤδη
483 1093 668 1150 ἑαυτὸν
724 1091 1068 1150 ἐκκαλύπτει.
1145 1092 1294 1154 Τίνος
1356 1090 1409 1147 δὲ
1467 1091 1642 1148 ἕνεκεν
1708 1103 1826 1153 τοῖς
1884 1087 1978 1164 μὲν

2094 1104 2183 1146 luo
2222 1087 2364 1149 559
2411 1089 2915 1170 interrogantibus
2951 1109 2964 1150 :
3003 1115 3028 1149 ι
3062 1089 3167 1152 Dic
3220 1088 3416 1169 nobis,
3478 1107 3622 1150 num
3654 1095 3714 1149 tu

320 1181 590 1248 Ἰουδαίοις
642 1187 888 1263 συνεχῶς
948 1183 1238 1262 ἐρωτῶσιν,
1309 1205 1331 1238 ε
1384 1183 1511 1240 Εἰπὲ
1552 1183 1689 1258 ἡμῖν
1733 1182 1773 1237 εἰ
1814 1179 1876 1235 σὺ
1927 1177 1981 1263 εἰ

2094 1194 2130 1237 rs
2174 1177 2442 1241 Christus
2478 1180 2554 1251 l3,
2586 1201 2612 1240 ›
2649 1199 2767 1241 non
2810 1179 3094 1242 revelavit
3143 1180 3428 1260 seipsum,
3482 1176 3715 1240 mulieri

320 1275 349 1330 ὃ
377 1273 628 1354 Χριστὸς,
697 1294 722 1327 n
768 1258 876 1332 ὀὐκ
947 1258 1287 1348 ἀπεκάλυψεν
1334 1272 1544 1344 ἑαυτὸν,
1577 1276 1646 1337 τῆ
1691 1268 1746 1326 δὲ
1777 1258 1984 1349 γυναικὶ

2094 1275 2266 1328 ιυιθιη
2292 1267 2467 1330 dicit?
2496 1269 2619 1333 Illis
2649 1269 2889 1350 quidem
2917 1268 3066 1330 nihil
3091 1258 3256 1345 dicit,
3283 1286 3352 1329 eo
3404 1267 3561 1348 quod
3597 1285 3717 1329 non

318 1361 464 1440 λέγει
514 1382 531 1444 ς
585 1360 840 1427 Ἐκείνοις
904 1361 1002 1435 μὲν
1090 1359 1238 1418 οῦδὲν
1268 1360 1437 1439 λέγει,
1483 1358 1615 1417 διότι
1649 1359 1743 1417 οὒκ
1769 1360 1857 1416 επὶ
1907 1362 1984 1431 τῷ

2094 1358 2508 1438 nterrogabant
2556 1360 2822 1422 discendi
2889 1359 3095 1438 gratia,
3153 1362 3256 1420 sed
3317 1355 3718 1419 calumniandi

323 1456 515 1529 μαθεῖν
575 1451 824 1531 ἠρώτων,
871 1448 991 1507 ἀλλ’
1037 1450 1122 1508 ἐπὶ
1165 1457 1242 1526 τῷ
1300 1449 1506 1527 μᾶλλον
1562 1453 1980 1530 ωκοφαντῆσαιο

2094 1446 2265 1508 mimo
2292 1467 2308 1511 :
2335 1449 2474 1512 huic
2504 1457 2722 1531 autem,
2760 1449 2899 1528 quia
2929 1448 3195 1510 studiosa
3227 1454 3377 1522 erat,
3404 1445 3718 1508 manifeste

318 1543 484 1619 ταύτῃ
534 1539 612 1615 δὲ,
686 1539 772 1598 διὰ
825 1542 888 1598 τὸ
942 1542 1255 1620 εὒγνώμονα
1287 1545 1459 1614 εἶναι,
1503 1547 1740 1620 φανερῶς
1802 1539 1986 1595 ἑαυτὸν

2099 1554 2133 1598 e
2162 1538 2558 1602 revelat.Nam
2590 1540 2745 1620 quod
2777 1539 3035 1621 simplici
3069 1547 3266 1600 mente
3285 1545 3341 1599 et
3365 1537 3719 1616 cogitatione

320 1630 711 1694 ἀποκαλύπτει.
785 1631 882 1692 Καὶ
937 1630 1037 1710 γὰρ
1111 1629 1162 1696 ἐξ
1207 1629 1384 1698 ἁπλῆς
1444 1629 1667 1709 γνώμης
1735 1629 1822 1686 καὶ
1865 1626 1984 1684 δια-

2094 1626 2460 1710 lisceudique
2477 1629 2778 1691 desiderio
2812 1626 3520 1709 rogaverit,manifestum
3543 1645 3610 1688 ex
3628 1626 3720 1687 his

323 1723 490 1804 νοίας,
541 1724 630 1780 καὶ
697 1725 929 1780 ποθοῦσα
1004 1724 1196 1797 μαθεῖν
1249 1722 1310 1778 τὸ
1370 1719 1588 1795 ἀληθὲς,
1638 1719 1840 1799 ἠρώτα,
1899 1721 2007 1787 καὶ¹

2094 1735 2201 1797 [uae
2228 1727 2580 1798 sequuntur.
2611 1718 2757 1780 Nam
2792 1728 2852 1780 ut
2890 1718 3137 1791 audivit,
3192 1737 3312 1780 non
3361 1717 3555 1779 solum
3590 1716 3721 1798 ipsa

451 1781 490 1804 ’τ
1004 1781 1015 1797 ι
1464 1781 1475 1789 -
1551 1781 1588 1795 -,
1661 1781 1686 1796 -.
1825 1781 1840 1799 ,
2005 1783 2007 1787 .

324 1810 487 1879 δῆλον
535 1811 595 1868 ἐκ
653 1818 758 1868 τῶν
819 1812 954 1889 μετὰ
1022 1819 1211 1875 ταῦτα,
1273 1813 1371 1870 Καὶ
1425 1812 1525 1890 γὰρ
1573 1810 1868 1890 ἀκούσασα,
1925 1811 1985 1868 οὗ

2094 1781 2344 1884 ἴτεάίάίί,
2380 1808 2484 1869 sed
2519 1809 2695 1870 etiam
2727 1808 2874 1870 alios
2917 1808 2990 1870 ad
3024 1781 3200 1870 ﬁdem
3252 1806 3515 1881 adduxit,
3549 1781 3716 1868 se'm-

327 1901 489 1978 μόνον
561 1903 693 1970 αὕτη
764 1901 1090 1975 ἐπίστευσεν,
1164 1899 1303 1958 ἀλλὰ
1347 1902 1434 1958 καὶ
1464 1899 1655 1964 ἄλλους
1707 1901 1780 1964 εἰς
1810 1901 1986 1956 πίστιν

2094 1914 2294 1977 terque
2322 1906 2571 1978 apparet
2599 1907 2655 1960 et
2686 1899 2901 1974 ﬁdelis,
2938 1905 2996 1959 et
3026 1897 3352 1977 diligenter
3379 1895 3715 1977 inquirens.

326 1991 700 2073 ὶσαγήνευσεν,
789 1994 877 2050 καὶ
959 1993 1241 2072 πανναχοῦ
1325 1993 1360 2060 ἡ
1413 1991 1546 2070 γυνὴ
1603 1991 1840 2072 φαίνεται
1897 1989 1986 2045 καὶ

2094 1986 2365 2048 tbsoluto
2380 1995 2575 2050 autem
2591 1989 2886 2070 colloquio
2911 2006 3043 2052 cum
3073 1986 3325 2049 muliere
3341 2005 3409 2048 ac
3423 1985 3713 2059 doctrina,

327 2079 680 2160 ἀκριϐουμένη
739 2085 824 2140 val
890 2083 1077 2152 πιστή,
1175 2081 1614 2162 Ἀπαρτισθείσης
1689 2078 1743 2136 δὲ
1798 2079 1984 2135 λοιπὸν

2094 2077 2412 2156 empestive
2445 2088 2835 2140 occurrerunt
2865 2077 3164 2158 discipuli,
3201 2085 3258 2138 et
3280 2074 3556 2139 admirati
3579 2081 3722 2136 sunt

326 2170 421 2240 τῆς
496 2174 629 2250 πρὸς
692 2172 791 2241 τὴν
849 2185 1080 2252 γυναῖκα
1159 2169 1370 2247 ὁμιλίας
1455 2173 1544 2227 καὶ
1622 2167 1980 2246 διδασκαλίας,

329 2262 580 2340 εὐκαίρως
636 2261 952 2333 ἀπήντησαν
1021 2265 1068 2318 οἱ
1129 2263 1387 2333 μαθηταὶ,
1417 2261 1506 2317 καὶ
1564 2259 1854 2336 ἐθαύμαζον
1923 2260 1983 2313 τὸ

330 2349 524 2430 ἄτυφον
607 2355 786 2424 αὐτοῦ,
848 2351 928 2408 ὅτι
989 2350 1157 2416 οὕτως
1189 2349 1263 2407 ὤν
1309 2348 1509 2416 ἔνδοξος
1553 2351 1638 2406 καὶ
1670 2346 1986 2429 περιϐόητος

333 2441 476 2520 παρὰ
542 2446 722 2514 πᾶσιν,
786 2441 1035 2521 ἠνείχετο
1085 2441 1220 2517 μετὰ
1284 2441 1550 2508 τοσαύτης
1651 2435 1986 2517 συγκαταϐά-

333 2552 468 2596 σεως
527 2532 734 2609 γυναικὶ
781 2529 1112 2609 διαλέγεσθαι
1195 2537 1426 2610 πενιχρᾷ
1476 2531 1564 2588 καὶ
1621 2525 1985 2608 Σαμαρείτιδι.

334 2620 698 2696 Θαυμάζοντες
753 2619 832 2694 δὲ,
900 2619 1046 2696 ὅμως
1106 2623 1164 2680 οὒ
1221 2619 1494 2698 θαῤῥοῦσιν
1540 2619 1838 2698 ἐρωτῆσαι,
1872 2618 1991 2697 περὶ

2069 2165 2466 2229 humilitatem
2492 2169 2643 2248 ejus,
2670 2169 2824 2249 quod
2857 2188 2989 2230 cum
3037 2177 3150 2229 tam
3209 2166 3503 2247 gloriosus
3535 2172 3714 2240 esset,

2071 2263 2128 2316 et
2155 2257 2310 2336 apud
2336 2276 2546 2319 omnes
2595 2258 2873 2339 celebris,
2929 2277 3044 2320 non
3093 2257 3452 2334 dedignatus
3483 2257 3717 2317 sitcum

2072 2352 2186 2406 tam
2244 2364 2505 2427 paupere
2564 2355 2622 2408 et
2677 2348 3046 2410 Samaritana
3105 2347 3353 2410 muliere
3386 2352 3544 2406 tanta
3583 2362 3719 2405 cum

2074 2436 2364 2499 modestia
2395 2457 2734 2500 sermonem
2770 2439 3014 2502 habere.
3064 2438 3446 2500 Admirantes
3498 2444 3718 2510 autem,

2074 2543 2192 2586 non
2241 2527 2459 2589 audent
2489 2547 2699 2609 rogare
2722 2529 2797 2590 de
2828 2549 2943 2610 quo
2979 2530 3257 2610 loquatur
3288 2525 3525 2608 ei;adeo
3558 2533 3728 2586 erant

2075 2615 2231 2678 be'ne
2262 2619 2591 2698 compositi,
2614 2627 2918 2682 servantes
2949 2639 3112 2682 suam
3139 2637 3277 2698 erga
3299 2623 3726 2696 praeceptorem

335 2711 471 2775 τίνος
524 2712 657 2787 αῦτῇ
716 2707 1040 2789 διαλέγεται·
1097 2709 1265 2773 οὕτως
1334 2710 1467 2777 ἦσαν
1557 2707 1990 2787 πεπαιδευμένοι,

2094 2708 2492 2771 'everentiam.
2528 2708 2692 2780 Quod
2729 2710 2779 2770 si
2813 2709 3036 2772 alicubi
3063 2707 3448 2790 apparuerint
3479 2703 3732 2766 ﬁdenter

335 2806 423 2857 καὶ
495 2801 597 2869 τὴν
695 2804 965 2876 μαθηταῖς
1064 2799 1369 2880 πρέπουσαν
1442 2797 1714 2858 εὐλάϐειαν
1776 2799 1991 2877 ἐτήρουν

2094 2799 2415 2877 loquentes,
2450 2800 2600 2860 sicut
2647 2801 2906 2862 Joannes
2959 2819 3093 2863 cum
3141 2797 3525 2860 recumberet
3551 2811 3731 2874 super

336 2893 466 2971 πρὸς
521 2894 612 2949 τὸν
670 2890 1006 2951 διδάσκαλον.
1070 2895 1128 2952 Εἰ
1201 2893 1255 2949 δὲ
1299 2916 1400 2950 που
1433 2894 1522 2950 moi
1553 2893 1820 2973 φαίνοιντο
1850 2889 1993 2969 παῤ-

2094 2894 2310 2968 pectus,
2341 2896 2397 2948 et
2423 2907 2557 2950 cum
2577 2890 2938 2953 accederent
2969 2899 3027 2954 et
3048 2889 3321 2950 dicerent
3352 2904 3366 2948 :
3407 2884 3588 2959 «Quis
3611 2900 3730 2944 ma-

340 2982 738 3058 ῥησοαζόμενοι,
811 2981 990 3062 ὥσπερ
1050 2981 1302 3050 Ἰωάννης
1363 2984 1519 3051 ἡνίκα
1572 2983 1752 3040 πίπτει
1793 2982 1881 3038 ἒπὶ
1934 2981 1994 3036 τὸ

2094 2984 2200 3044 or?
2236 3003 2255 3031 ι
2292 2987 2348 3040 et
2380 2997 2511 3040 cum
2544 2979 2652 3042 ﬁlii
2683 2979 2958 3042 Zebedaei
2992 2979 3379 3041 obsecrat-ent
3408 2983 3473 3037 ut
3501 2990 3656 3034 unus
3699 2991 3733 3032 a

339 3074 556 3149 στῆθος,
632 3073 721 3129 καὶ
769 3073 895 3129 ὃταν
950 3073 1258 3150 προσιόντες
1330 3073 1580 3152 λέγωσιν.
1641 3094 1664 3128 α
1720 3071 1808 3136 Τίς
1868 3070 1989 3147 μεί-

2094 3067 2323 3141 lextris,
2358 3076 2415 3130 et
2443 3069 2593 3130 alter
2614 3088 2647 3130 a
2667 3068 2924 3130 sinistris
2947 3069 3228 3130 sederent
3256 3089 3273 3128 :
3301 3066 3400 3127 illa
3423 3063 3734 3145 inquirunt

341 3170 494 3244 ζων,
563 3185 585 3219 ι
651 3164 736 3220 καὶ
795 3161 919 3220 ὄναν
980 3165 1026 3221 οἱ
1091 3171 1182 3220 τοῦ
1252 3162 1524 3221 Ζεϐεδαίου
1586 3160 1995 3243 παρακαλῶσιν,

2094 3158 2248 3236 quasi
2280 3156 2353 3217 ad
2384 3176 2448 3218 se
2477 3159 2811 3235 attinentia,
2847 3167 2903 3220 et
2934 3163 3076 3222 tunc
3107 3158 3195 3219 eis
3226 3154 3562 3218 necessaria
3586 3151 3727 3213 visa.

340 3250 433 3308 ’ίνα
479 3241 582 3319 ἐἷς
666 3252 718 3321 ἐξ
775 3253 1084 3334 εὐωνύμων,
1142 3254 1231 3311 καὶ
1261 3254 1344 3319 εἷς
1375 3253 1436 3312 ἐκ
1471 3241 1992 3321 δεξιῶν-καθίσωσιν·

2094 3245 2208 3308 Hoc
2239 3255 2435 3310 autem
2469 3248 2600 3311 loco
2620 3249 2756 3330 quia
2788 3268 2905 3310 non
2937 3266 3124 3328 usque
3153 3246 3303 3309 adeo
3335 3245 3600 3326 ipsorum
3635 3241 3729 3302 in-

343 3341 462 3400 ἆλλ’
516 3343 698 3402 ἐκεῖνα
750 3345 824 3409 ὡς
851 3345 924 3408 εἰς
954 3343 1141 3402 αὐτοὺς
1173 3343 1461 3418 ἀνήκοντα,
1523 3345 1610 3401 καὶ
1651 3343 1784 3406 τέως
1828 3342 1998 3419 ἀναγ-

2094 3343 2298 3399 tererat
2331 3356 2624 3420 quaerere,
2658 3357 2852 3421 neque
2873 3337 3279 3400 necessarium
3314 3334 3733 3412 omnino,pro-

344 3432 482 3490 καῖα
538 3433 720 3500 αὐτοῖς
821 3437 1136 3514 φαινόμενα,
1197 3431 1545 3504 ἐξετάζουσιν,
1605 3431 1860 3491 Ἐνταῦθα
1916 3430 1995 3508 δὲ,

2094 3434 2289 3507 pterea
2319 3446 2438 3488 non
2463 3435 2709 3498 utuntur
2748 3428 2986 3509 ﬁducia,
3021 3446 3091 3489 eo
3125 3425 3281 3508 quod
3322 3443 3439 3486 non
3476 3421 3736 3484 habeant

346 3521 460 3579 ἐπεὶ
517 3525 596 3599 μὴ
655 3533 904 3585 τοσοῦτον
988 3523 1174 3588 αὐτοῖς
1245 3520 1449 3604 διέφερε
1501 3525 1563 3580 τὸ
1605 3531 1814 3598 ζητεῖν,
1864 3523 1892 3580 ὃ
1928 3523 2006 3597 μὴ

2094 3523 2322 3598 tempus
2343 3526 2766 3598 opportunum.

348 3610 641 3691 ἀναγκαῖον
698 3616 766 3682 ἦν
837 3612 1002 3691 ὅλως,
1060 3612 1146 3670 διὰ
1201 3619 1358 3670 τοῦτο
1388 3617 1449 3672 ού
1497 3613 1736 3694 χρῶνται
1764 3619 1833 3691 τῇ
1862 3611 2005 3690 παῤ·-

349 3702 506 3779 ῥησίᾳ
536 3705 610 3769 ὡς
660 3705 737 3780 μὴ
761 3702 963 3786 ἐχούσῃ
993 3706 1200 3779 καιρόν,

439 3813 463 3849 α
535 3791 770 3874 Ἀφῆκεν
802 3793 892 3850 οὖν
923 3793 1020 3862 τὴν
1047 3790 1222 3873 ῦδρίαν
1268 3795 1431 3862 αδτῆς
1463 3794 1497 3863 ἡ
1523 3792 1656 3871 γυνὴ
1686 3792 1773 3849 καὶ
1821 3791 2003 3862 ἀπῆλ-

2169 3789 2352 3853 VEns.
2381 3790 2907 3872 98-30.eReliquit
2935 3811 3076 3873 ergo
3100 3789 3369 3872 hydriam
3401 3803 3566 3849 suam
3601 3802 3738 3845 mu-

350 3886 434 3939 Θεν
505 3885 580 3948 εἰς
639 3883 737 3952 τὴν
769 3884 950 3960 πόλιν,
983 3886 1071 3941 καὶ
1101 3883 1246 3963 λέγει
1291 3897 1409 3948 τοῖς
1458 3883 1775 3963 ἀνθρὼποις’
1819 3892 2000 3964 Δεῦτε,

2094 3879 2292 3958 Iier,et
2322 3881 2466 3942 abiit
2495 3882 2554 3942 in
2588 3883 2969 3962 civitatem,et
2999 3884 3141 3945 dicit
3182 3881 3302 3944 illis
3332 3875 3675 3941 hominibus
3719 3894 3734 3934 :

353 3970 495 4030 ἴδετε
565 3973 863 4054 ἄνθρωπον,
924 3976 982 4042 ὃς
1035 3973 1160 4033 εἶπέ
1231 3996 1323 4049 μοι
1380 3974 1554 4032 πάντα
1610 3973 1708 4031 ὅσα
1751 3973 2004 4040 ἐποίησαο

2094 3969 2327 4052 Venite,
2365 3970 2554 4033 videte
2584 3973 2890 4037 hominem
2911 3975 3016 4056 qui
3039 3973 3185 4034 dixit
3214 3970 3360 4032 mihi
3391 3967 3588 4031 omnia
3611 3981 3743 4046 quas

355 4065 486 4139 μήτι
575 4064 728 4131 οὗτός
784 4065 925 4125 ἐστιν
985 4068 1012 4124 ὁ
1071 4066 1295 4146 Χριστός
1330 4085 1345 4146 ;
1381 4063 1632 4132 ἘΞ-ἦλθον
1662 4065 1750 4123 οὖν
1808 4064 1868 4121 ἐκ
1909 4065 2007 4132 τῆς

2094 4060 2210 4122 feci
2241 4079 2254 4124 :
2282 4081 2420 4122 num
2454 4063 2551 4124 hic
2590 4071 2680 4124 est
2735 4063 2838 4124 ille
2877 4063 3178 4127 Christus?
3209 4061 3497 4124 Exierunt.
3538 4074 3677 4135 ergo
3711 4071 3744 4114 e

355 4153 591 4236 πόλεως,
650 4157 738 4212 καὶ
781 4156 1017 4238 ἤρχοντο
1045 4158 1176 4236 πρὸς
1207 4157 1386 4220 αὖτόν,
1429 4179 1452 4214 υ
1491 4163 1752 4214 Τοσοῦτον
1801 4154 2007 4236 ἀνήφθη

2098 4151 2420 4226 civitate,et
2454 4153 2771 4219 veniebant
2799 4156 2870 4218 ad
2909 4173 3068 4217 eum.
3109 4180 3131 4211 ι
3170 4156 3236 4217 ln
3277 4157 3500 4214 tantum
3524 4164 3742 4209 accen-

355 4248 457 4312 τὴν
516 4244 730 4320 καρδίαν
785 4249 820 4315 ἡ
877 4246 1014 4326 γυνὴ
1085 4248 1186 4303 ὑπὸ
1234 4249 1340 4302 τῶν
1391 4247 1703 4326 εἰρημένων,
1749 4247 1886 4302 ὣστε
1926 4246 2007 4302 καὶ

2100 4260 2230 4303 sum
2265 4251 2352 4304 est
2378 4261 2480 4304 cor
2511 4245 2774 4307 mulieris
2806 4245 2977 4307 dictis
3007 4243 3506 4316 Dominicis,utet
3535 4252 3745 4326 aquam

360 4335 458 4402 τὴν
529 4332 704 4408 ὑδρίαν
760 4323 998 4416 ἀφεῖναι·
1058 4336 1226 4400 οὕτως
1285 4335 1383 4415 ἄρα
1425 4323 1642 4415 ταχέως
1688 4336 2007 4412 προετίμησε

2099 4331 2487 4414 relinqueret.
2522 4335 2619 4398 Sic
2644 4335 2822 4414 igitur
2849 4336 3042 4398 statim
3070 4332 3326 4415 prmtulit
3354 4346 3564 4409 aquam
3584 4323 3748 4388 Chri-

358 4425 420 4480 τὸ
493 4423 630 4504 ὕδωρ
690 4410 1072 4505 τοῦΙΧριστοῦ
1140 4427 1238 4492 τῆς
1297 4410 1390 4483 τοῦ
1453 4410 1644 4482 Ἰακὼϐ
1685 4410 1893 4502 πηγῆς)
1928 4426 2007 4482 καί

2099 4427 2172 4486 sti
2204 4410 2343 4486 fonti
2374 4410 2752 4508 Jacob,et'ﬁt
2787 4426 3052 4507 apostola
3071 4410 3356 4487 ordinata
3392 4439 3426 4481 a
3454 4419 3594 4497 ﬁde,
3620 4433 3753 4495 Quae

363 4513 427 4583 δὴ
486 4514 782 4579 ἀπόστολος
841 4517 1064 4594 γίνεται,
1138 4516 1238 4571 ὑπὸ
1310 4519 1409 4581 τῆς
1440 4514 1538 4581 τὴν
1593 4512 1807 4593 καρδίαν
1852 4516 2007 4581 αὐτῆς

2101 4532 2204 4576 cor
2225 4516 2352 4594 ejus
2382 4525 2796 4598 occupaverat,
2853 4516 3146 4597 docetque
3182 4519 3241 4576 et
3281 4510 3519 4573 attrahit
3562 4512 3749 4598 ιοιᾳςπι

364 4604 753 4686 περιλαϐούσης
850 4591 1079 4668 πίστεως
1153 4603 1624 4685 χειροτονηθεῖσα,
1668 4591 1674 4593 ν
1715 4605 1803 4661 καὶ
1863 4603 2007 4661 πόλιι

2102 4591 2423 4670 civitatem.
2464 4628 2486 4662 (ι
2525 4591 2788 4681 νεηίῐθί
2815 4607 3029 4686 inquit,
3050 4591 3276 4666 -videte
3307 4619 3444 4662 eum
3476 4597 3576 4679 qui
3611 4591 3756 4686 mihi

365 4695 663 4775 ὁλόκληρον
711 4694 968 4768 διδάσκει,
1041 4697 1127 4753 καὶ
1198 4694 1497 4776 ἐφέλκεται,
1552 4717 1580 4749 α
1617 4700 1802 4776 Δεῦτε,
1833 4696 2016 4776 φησὶν,

365 4786 506 4868 ἴδετε
559 4785 856 4868 ἄνθρωπον,
915 4786 973 4849 ὅς
1041 4785 1162 4842 εἶπέ
1221 4808 1313 4862 μοι
1342 4785 1515 4842 πάντα
1556 4784 1655 4841 ὃσα
1698 4783 1949 4852 ἐποίησα.
1991 4808 2012 4841 ι

367 4858 588 4940 ’ἰοντως
644 4858 858 4933 ἐπειδὰν
930 4876 1174 4955 ἐπυριίώη
1349 4875 1504 4956 ψυχὴ
1537 4874 1662 4955 πυρὶ
1710 4875 1853 4955 θείῳ,
1889 4877 2019 4955 πρὸς

367 4964 511 5025 οὐδὲν
569 4968 676 5023 τῶν
741 4966 795 5022 ἐν
864 4973 935 5047 γῇ
992 4969 1109 5047 ὁρᾷ,
1186 4968 1244 5024 οῦ
1287 4967 1418 5046 πρὸς
1469 4965 1755 5045 αἰσχύνην,
1790 4968 1850 5023 οῦ
1892 4968 2023 5045 πρὸς

367 5056 605 5133 ἀτιμίαν.
670 5054 800 5115 Ἰδοὸ
854 5057 941 5114 οὖν
1003 5058 1090 5113 καὶ
1144 5056 1278 5125 αὕτη
1353 5060 1447 5115 οῦκ
1507 5056 1813 5133 αἰσχύνεται
1843 5058 1930 5116 καὶ
1960 5057 2026 5112 τὰ

371 5146 548 5205 οἰκεῖα
605 5145 1041 5224 ἒκπομπεύουσα,
1116 5145 1254 5203 ἀλλὰ
1279 5161 1463 5226 φησιν’
1517 5169 1545 5202 α
1608 5138 1716 5207 υΟιξ
1775 5145 1902 5203 εἶπέ
1933 5169 2024 5222 μοι

370 5239 544 5296 πάντα
603 5236 704 5294 ὅσα
773 5237 1019 5305 ἐποίησα.
1065 5260 1089 5296 ο
1181 5233 1370 5297 Καίτοι
1414 5257 1475 5315 γε
1517 5234 1742 5303 ἠδύνατο
1770 5237 1858 5292 καὶ
1903 5236 2024 5292 ἐτέ-

373 5350 478 5407 ρως
531 5328 726 5384 εἰπεῖν·
793 5333 978 5408 Δεῦτε,
1029 5325 1171 5383 ἴδετε
1259 5327 1544 5407 προφήτην
1599 5325 2023 5406 προφητεύοντα·

373 5417 493 5475 ἄλλ’
543 5421 647 5498 οὐχ
691 5416 886 5490 οὕτως,
949 5414 1088 5473 ἀλλὰ
1147 5428 1470 5498 καταφρονεῖ
1490 5420 1589 5484 τῆς
1636 5416 1827 5481 οἰκείας
1871 5413 2024 5484 δόξης

373 5510 462 5566 καὶ
533 5511 663 5588 πρὸς
748 5509 811 5564 τὸ
867 5506 1086 5587 κηρύξαι
1145 5509 1241 5578 τὴν
1298 5506 1550 5579 ἀλήθειαν
1581 5503 1872 5564 ἀποϐλέπει
1917 5507 2026 5584 μό-

453 5669 508 5717 ¹⁸
533 5669 745 5739 Matth.
777 5687 949 5752 xxvr,
980 5669 1082 5736 63.

2101 4695 2252 4758 dixit
2274 4697 2476 4760 omnia
2500 4714 2870 4777 quaecunque
2901 4685 3038 4758 feci.
3068 4717 3094 4755 ι
3151 4693 3422 4757 Profecto
3473 4685 3751 4770 quoniam

2101 4804 2358 4858 accensa
2378 4787 2484 4849 fuit
2512 4788 2714 4849 anima
2735 4787 2936 4849 divino
2960 4785 3189 4867 igni,ad
3217 4781 3364 4844 nihil
3393 4795 3600 4842 eorum
3624 4792 3757 4867 quae

2106 4874 2166 4936 in
2200 4885 2358 4937 terra
2414 4876 2699 4957 respicit;
2735 4896 2854 4937 non
2915 4864 3004 4938 adv
3049 4873 3481 4942 confusionem,
3515 4884 3634 4957 non
3684 4864 3757 4927 ad

2108 4956 2533 5045 ignominiam,
2556 4983 2666 5029 nec
2691 4985 2757 5028 ac
2780 4965 2938 5028 aliud
2963 4963 3292 5047 quippiam.
3315 4962 3474 5054 Ecce
3506 4956 3761 5054 igituret

2110 5058 2216 5118 ista
2245 5076 2362 5118 non
2393 5066 2632 5119 veretur
2661 5075 2766 5118 sua
2795 5046 3025 5119 secreta
3048 5054 3334 5137 pandere,
3370 5049 3474 5112 sed
3495 5046 3760 5126 ait,«Qui

2109 5145 2256 5208 dixit
2287 5146 2434 5208 mihi
2464 5148 2664 5207 omnia
2716 5165 2846 5227 qua:
2894 5147 3028 5208 feci.
3067 5171 3088 5203 υ
3144 5143 3422 5217 Quamvis
3461 5145 3670 5227 posset
3704 5142 3763 5197 et

2110 5237 2284 5298 aliter
2310 5237 2547 5299 dicere:
2578 5225 2814 5311 Venite,
2850 5235 3044 5298 videte
3100 5233 3449 5315 prophetam
3506 5225 3761 5310 prophe-

2113 5334 2330 5388 tantem
2367 5347 2380 5386 :
2417 5334 2474 5389 at
2503 5346 2623 5388 non
2657 5325 2765 5388 sic.
2800 5325 3141 5389 Contemnit
3189 5330 3385 5385 autem
3447 5336 3613 5382 suam
3645 5315 3767 5395 glo-

2109 5416 2281 5491 riam,
2309 5424 2367 5478 et
2392 5415 2464 5476 ad
2504 5416 2618 5477 hoc
2649 5415 2842 5477 solum
2890 5420 3114 5495 spectat
3150 5419 3213 5473 ut
3271 5408 3553 5493 praedicet
3607 5405 3765 5467 veri-

2111 5513 2312 5570 tatem.
2339 5503 2467 5568 Non
2498 5504 2643 5568 dicit
2682 5513 2906 5581 autem,
2938 5503 3047 5569 Hic
3069 5510 3159 5567 est
3188 5501 3478 5582 Christus,
3513 5496 3768 5562 afﬁrma-
