4178 6408
479 345 638 429 1243

1450 355 2044 426 THEOPHYLAGTI
2089 350 2500 419 BULGARl/E
2543 356 2900 420 ARCHIEP.

3720 351 3891 419 1244

482 487 623 564 tive;
659 489 788 566 sed,
816 512 844 552 α
882 491 1178 576 Numquid
1238 496 1332 558 hic
1385 503 1473 560 est
1516 497 1820 560 Christus?
1846 521 1869 556 ι)
1926 495 2126 557 volens

2212 509 2324 548 νον.
2378 492 2450 548 Οὐ
2508 488 2650 568 λέγει
2704 486 2781 564 δὲ,
2818 488 2900 546 ὅτι
2969 489 3133 554 Οὗτός
3179 489 3321 547 ἐστιν
3367 493 3394 546 ὁ
3426 492 3679 570 Χριστὸς,
3738 490 3890 546 ἀπο-

482 578 656 640 etiam
692 580 823 643 illos
853 584 1146 645 calculum
1183 586 1429 667 addere,
1463 595 1519 648 et
1554 587 1747 650 facere
1793 603 2130 650 sermonem

481 668 708 730 creditu
741 669 1337 736 faciliorem.Etenim
1373 677 1419 737 si
1443 677 1794 738 affirmasset
1817 677 1976 736 hunc
1998 693 2131 736 esse

478 758 794 836 Christum,
831 761 1096 825 fortassis
1117 764 1474 843 refugissent
1501 766 1744 846 quidam
1773 763 2127 827 sententiam

480 847 626 923 ejus,
664 868 858 930 neque
888 861 1002 912 tam
1039 853 1354 915 diffamatze
1375 855 2130 918 credidissent.Intellexe-

477 943 615 998 runt
645 946 842 1000 autem
874 941 1112 1021 quidam
1145 943 1286 1003 56D
1321 962 1426 1024 per
1456 945 1718 1025 quinque
1750 946 1906 1006 viros
1932 943 2132 1006 Sama-

478 1026 706 1102 ritanze,
733 1029 996 1110 quinque
1017 1032 1203 1094 libros
1224 1035 1555 1114 Mosi,quos
1584 1035 1742 1096 solos
1765 1034 2131 1098 Samaritana

477 1115 803 1196 recipiebat
826 1121 933 1200 (α).
977 1146 996 1176 ι
1037 1121 1223 1194 Quem
1250 1131 1444 1184 autem
1479 1143 1636 1184 nunc
1660 1123 1863 1201 habes,
1899 1149 1920 1181 ι)
1959 1123 2124 1200 dicit,

478 1203 590 1266 hoc
623 1215 734 1282 est,
761 1208 1004 1271 verbum
1041 1229 1260 1278 mcum.
1299 1213 1455 1292 quod
1501 1232 1656 1274 nunc
1687 1231 1719 1274 a
1753 1230 1845 1277 me
1877 1213 2122 1293 accipis,

485 1319 508 1347 ιι
541 1314 657 1355 non
691 1308 779 1357 est
804 1299 895 1359 vir
918 1310 1072 1362 tuus.
1106 1326 1126 1359 υ
1167 1301 1438 1364 Nondum
1469 1303 1626 1364 enim
1659 1304 1977 1382 conjuncta
2007 1303 2123 1365 fui-

478 1385 577 1457 sti,
623 1384 837 1468 inquit,
872 1387 1069 1466 Jesus,
1106 1409 1255 1453 mea:
1295 1391 1602 1454 doctrina}.
1661 1392 1888 1456 Dixerit
1929 1401 2124 1456 autem

478 1473 611 1550 quis
637 1474 1070 1540 Samaritanam
1102 1499 1313 1559 gerere
1338 1489 1534 1562 typum
1568 1484 1842 1544 humanae
1878 1492 2122 1544 naturm.

477 1563 702 1624 Natura
725 1565 882 1626 enim
911 1576 1111 1630 nostra
1142 1570 1282 1630 olim
1315 1572 1554 1650 quidem
1589 1573 1648 1633 in
1675 1581 1870 1634 monte
1894 1572 2128 1634 habita-

478 1650 809 1728 bat,mente
839 1656 1071 1720 scilicet
1106 1658 1276 1738 plena
1300 1661 1498 1738 gratiae
1517 1661 1898 1724 ilivinaa.Nam
1927 1663 2127 1744 prius-

2213 585 2501 657 φαντικῶς,
2562 577 2722 658 ἀλλὰ,
2790 596 2822 638 (
2887 580 3028 648 Μήτι
3059 579 3211 645 οὗτός
3256 579 3409 636 ἐστιν
3440 580 3468 635 ὀ
3533 578 3757 658 Χριστός
3796 597 3812 652 ;
3855 602 3887 632 ι

2211 665 2511 744 βουλομένη
2596 667 2784 726 λοιπὸν
2834 670 3018 733 αὐτοὺς
3091 669 3316 732 ἐκείνους
3373 671 3689 750 συμψήφους
3748 667 3895 733 λαξ-

2211 755 2353 830 ϐεῖν,
2416 757 2504 814 καὶ
2556 757 3067 839 εὖπαραδεκτότερον
3123 768 3349 817 ποιοῦσα
3419 761 3510 815 τὸν
3566 757 3751 836 λόγον,
3817 752 3893 815 Ei

2217 848 2317 926 γὰρ
2376 848 2704 928 ἀπεφὴνατο,
2795 848 2876 905 ὅτι
2950 849 3114 912 Οὗτός
3169 852 3314 906 ἔστιν
3349 852 3376 905 ὁ
3435 850 3674 927 Χριστὸς,
3705 849 3886 926 τυχὸν

2220 935 2276 990 ἄν
2348 939 2433 993 καὶ
2498 937 2938 1006 ἀπέδυσπέτησάν
2995 960 3156 1013 τινες,
3220 941 3318 1006 τὴν
3369 943 3552 1018 ψῆφον
3597 940 3760 1004 αὖτῆς
3798 940 3881 998 ὡς

2215 1023 2638 1100 εικίῗεςλημένης
2704 1028 2783 1101 μὴ
2837 1027 3292 1107 παραδεχτῖμενοι.
3362 1017 3622 1093 Ἐνόησαν
3667 1024 3722 1082 δέ
3755 1047 3875 1082 τινε

2215 1116 2334 1178 τοὺς
2391 1115 2547 1172 πέντε
2609 1115 2794 1196 ἄνδρας
2866 1123 2964 1184 τῆς
3013 1115 3391 1194 Σαμαρείτιδος
3423 1117 3560 1174 εἶνοι
3603 1117 3670 1172 τὰ
3712 1115 3879 1172 πέντε

2210 1203 2408 1281 βιϐλία,
2471 1205 2506 1260 ἅ
2561 1208 2595 1273 ἡ
2655 1213 2982 1285 Σαμαρεῖτις
3019 1208 3155 1273 μόνη
3200 1205 3552 1288 παρεδέχετο.
3587 1223 3616 1264 ι
3667 1197 3783 1263 "0v
3815 1205 3876 1259 ἐξ

2212 1303 2297 1352 νῦν
2371 1294 2546 1375 ἔχεις,
2625 1315 2656 1354 ι
2730 1298 2880 1375 φησὶ,
2944 1296 3237 1371 τουτέστιν,
3310 1293 3879 1376 ὁλόγοςὸἐμὸς,ὅν

2495 1384 2625 1460 ἐμοῦ
2655 1382 2814 1465 δέχῃ,
2859 1408 2882 1440 ιι
2920 1389 3010 1443 οὒκ
3036 1384 3146 1441 ἔστι
3181 1406 3272 1441 σου
3315 1385 3471 1463 ἀνήρ·
3509 1409 3535 1440 ι
3592 1383 3740 1440 οὔπω
3770 1386 3880 1463 γὰρ

2213 1475 2590 1555 συνεζεῦχθης,
2642 1476 2793 1554 φησὶ,
2973 1475 3075 1550 ἐμῇ
3149 1483 3240 1532 τοῦ
3315 1475 3492 1542 Ἰησοῦ
3535 1471 3876 1543 διδασκαλίᾳ.

2213 1562 2373 1619 Εἴποι
2427 1562 2472 1618 δ’
2533 1563 2591 1618 ἄν
2649 1585 2730 1628 τις
2790 1565 2876 1619 καὶ
2933 1565 3006 1626 εἷς
3057 1565 3217 1620 τύπον
3275 1565 3374 1632 τῆς
3407 1564 3735 1644 ἀνθρωπίνης
3768 1563 3877 1642 φύ-

2212 1674 2345 1717 σεως
2419 1652 2716 1731 λογίζεσθαι
2773 1653 2871 1720 τὴν
2895 1661 3244 1732 Σαμαρεῖτιν.
3297 1647 3357 1710 (Η
3390 1654 3489 1732 γὰρ
3515 1654 3664 1734 φύσις
3710 1653 3879 1726 ἡμῶν

2211 1391 2298 1440 νῦν
2358 1383 2410 1449 ἐξ

479 1759 653 1820 quam
677 1752 953 1823 peccaret
977 1746 1477 1822 Adam,omnibus
1506 1751 1719 1813 divinis
1745 1740 1984 1813 ornatus
2004 1759 2126 1812 erat

2212 1741 2375 1797 πάλαι
2429 1743 2526 1816 μὲν
2582 1745 2636 1798 ἓν
2709 1740 2816 1820 ὄρει
2874 1745 3128 1817 κατῴκει,
3196 1745 3272 1818 τῷ
3304 1745 3492 1818 νοΐτῷ
3539 1742 3733 1820 πλήρει
3767 1745 3877 1806 τῆς

477 1827 674 1893 donis.
727 1832 872 1895 Erat
902 1835 1061 1895 enim
1096 1845 1153 1897 et
1193 1839 1504 1917 propheta.
1537 1838 1707 1902 Unde
1741 1849 1798 1900 et
1854 1859 1885 1901 a
1917 1860 2126 1902 somno

475 1921 928 1998 expergefactus
980 1926 1249 2004 praedixit
1281 1927 1356 1987 de
1389 1929 1747 1989 formatione
1781 1930 2046 1991 mulieris
2075 1939 2131 1992 et

478 2007 949 2073 habitudineviri
975 2015 1318 2094 ergaillam,
1343 2017 1691 2098 dicebatque
1725 2039 1738 2079 :
1782 2017 1940 2081 «Hoc
1971 2039 2128 2081 nunc

475 2116 539 2157 os
576 2116 643 2159 ex
673 2099 908 2162 ossibus
936 2107 1218 2178 mei<,«et
1251 2108 1502 2187 Propter
1534 2109 1643 2169 hoc
1669 2109 1971 2188 relinquet
2011 2111 2125 2171 ho-

477 2206 570 2248 mo
597 2197 823 2268 patrem
859 2211 1030 2254 suum
1069 2202 1125 2256 et
1147 2203 1398 2257 matrem
1432 2198 1823 2259 15.nProinde
1847 2208 1984 2259 tunc
2005 2208 2128 2261 erat

474 2285 679 2338 natura
712 2290 911 2342 nostra
956 2281 1015 2342 in
1078 2285 1313 2345 excelso
1349 2295 1550 2348 monte
1585 2288 1819 2349 mentis.
1857 2288 1972 2348 Sed
2026 2289 2127 2350 ubi

471 2368 717 2429 offendit
767 2369 978 2446 Deum,
1028 2373 1282 2435 abducta
1316 2384 1402 2436 est
1454 2378 1706 2456 captiva,
1760 2385 1816 2440 et
1856 2390 2124 2439 sanctum

471 2457 712 2535 quidem
746 2478 950 2521 semen
987 2462 1389 2541 ejus.omnem
1416 2466 1765 2528 diviniorem
1801 2468 1930 2528 dico
1959 2467 2124 2548 cogi-

475 2545 782 2637 tati‘onem,
836 2550 1110 2612 diabolus
1143 2553 1434 2632 captivam
1485 2555 1544 2615 in
1594 2554 1954 2637 Babylonem
1986 2545 2126 2618 in‘de

475 2635 742 2712 abduxit,
778 2639 888 2700 hoc
913 2649 1024 2716 est,
1056 2642 1116 2703 in
1151 2643 1561 2705 confusionem
1603 2635 1781 2726 hujus
1814 2647 2040 2724 mundi,
2071 2657 2125 2709 et

475 2744 586 2806 pro
629 2727 714 2787 eis
762 2727 1099 2793 inhabitare
1150 2732 1292 2794 fecit
1335 2733 1678 2796 barbaricas
1705 2737 2124 2819 cogitationes,

475 2833 621 2906 quas
654 2815 1060 2892 leones,bonae
1090 2822 1321 2884 scilicet
1352 2824 1762 2906 cogitationes,
1798 2845 1928 2906 quae
1958 2815 2124 2889 habi;

473 2904 676 2966 tabant
709 2907 767 2967 in
804 2907 996 2984 nobis,
1022 2910 1412 2987 devorabam,
1436 2913 1628 2975 donec
1660 2904 2005 2995 persuasum
2037 2927 2126 2980 est

479 2993 566 3054 eis
597 3003 658 3055 ut
683 2999 1021 3079 reciperent
1050 3000 1246 3062 divina
1276 2993 1874 3084 eloquia,necvtamen
1900 3006 2000 3068 illa
2025 3007 2121 3068 in-

2210 1835 2350 1894 θεὶας
2402 1833 2644 1911 χάριτος.
2723 1834 2845 1912 Πρὶν
3007 1835 3105 1911 γὰρ
3178 1833 3388 1911 ἁμάρτῃ
3435 1835 3462 1889 ὁ
3495 1829 3690 1906 Ἀδὰμ,
3740 1837 3875 1894 πᾶἿζ

2208 1924 2366 1987 θείοις
2440 1923 2770 1998 ἐκεκόσμητο
2844 1926 3166 2004 χαρίσμασι.
3261 1927 3356 1982 Καὶ
3400 1927 3499 2004 γὲρ
3529 1924 3616 1979 καὶ
3649 1923 3874 2002 προῃτι-

2209 2035 2308 2079 της
2361 2014 2451 2081 ἧν,
2517 2013 2778 2090 Ἐγερθεὶς
2837 2015 2936 2090 γὰρ
3007 2013 3111 2070 ἀπὸ
3177 2021 3270 2070 τοῦ
3311 2013 3495 2086 ὕπνου,
3529 2013 3647 2091 περί
3675 2033 3732 2066 τε
3764 2016 3872 2076 τῆς

2211 2099 2546 2165 διαπλάσεως
2617 2108 2718 2169 τῆς
2774 2105 3044 2180 γυναικὸς,
3115 2105 3201 2160 καὶ
3246 2124 3364 2182 περξ
3392 2107 3490 2172 τῆς
3522 2104 3652 2181 πρὸς
3701 2101 3873 2167 αὗτὴν

2211 2190 2452 2272 σχέσεως
2541 2199 2634 2249 τοῦ
2734 2190 2916 2270 ἀνδρὸς
3015 2192 3348 2272 ἀπεφήνατο.
3435 2182 3655 2272 ’Ἑφησε
3742 2191 3875 2267 γὰρ·

2223 2302 2246 2330 ε
2284 2288 2452 2339 Τούτο
2511 2289 2598 2336 νῦν
2652 2281 2835 2337 ὀστοῦν
2881 2280 2941 2337 ἑκ
2985 2287 3091 2336 τῶν
3159 2283 3329 2338 ὀστῶν
3382 2301 3505 2338 μου·
3541 2303 3568 2335 ι
3645 2281 3732 2337 καὶ
3790 2278 3878 2334 ὅτι

2219 2395 2244 2423 α
2307 2369 2449 2426 Ἀντὶ
2505 2371 2690 2429 τούτου
2743 2369 3055 2444 καταλείψει
3139 2371 3412 2447 ἅνθρωπος
3492 2373 3582 2427 τὸν
3665 2369 3878 2446 πατέρα

2214 2461 2369 2516 αὒτοῦ
2427 2462 2513 2517 καὶ
2582 2461 2682 2527 τὴν
2713 2461 2940 2539 μητέρα.
2985 2483 3007 2518 ο
3057 2448 3155 2518 Ἠν
3187 2461 3283 2536 μὲν
3329 2462 3416 2518 οὖν
3446 2464 3480 2528 ἡ
3511 2460 3664 2539 φύσις
3710 2461 3876 2534 ἡμῶν

2212 2549 2264 2606 ἐν
2320 2555 2396 2624 τῷ
2468 2549 2576 2627 ὄρει
2633 2551 2825 2625 τούτῳ,
2883 2556 2960 2624 τῷ
3015 2549 3210 2626 ὑψηλῷ
3240 2554 3348 2624 νοΐ,
3383 2550 3521 2606 ἀλλὰ
3563 2549 3868 2628 προσκρού-

2211 2662 2348 2696 σασα
2405 2646 2482 2714 τῷ
2540 2646 2674 2712 Θεῷ,
2754 2638 3102 2719 αἰχμάλωτος
3178 2641 3430 2720 ἀπήχθη,
3517 2640 3605 2694 καὶ
3657 2639 3718 2694 τὸ
3767 2637 3870 2712 μὲν

2211 2729 2421 2807 σπέρμα
2489 2731 2550 2784 τὸ
2622 2728 2794 2808 ἂγιον,
2854 2734 3031 2785 πᾶσαν
3118 2729 3322 2786 ἔννοιαν
3393 2728 3536 2806 λέγω
3570 2726 3870 2805 θειοτέραν,

2210 2821 2237 2873 ὁ
2309 2816 2716 2898 αἰχμαλωτίσας
2777 2819 2921 2892 ἡμᾶς
2979 2816 3224 2882 διάϐολος
3277 2818 3557 2897 ἀπήγαγεν
3584 2818 3656 2879 εἰς
3687 2813 3860 2892 {3139-

2208 2906 2375 2986 λῶνα,
2447 2909 2546 2974 τὴν
2615 2909 2870 2987 σύγχυσίν
2921 2930 3056 2987 φημ’
3092 2907 3240 2965 τοῦδε
3297 2915 3390 2966 τοῦ
3439 2908 3666 2982 κόσμου’
3725 2905 3859 2962 ἀντ-

2209 2998 2427 3070 ενῴκισε
2480 2995 2533 3052 δὲ
2605 3000 2691 3053 καὶ
2749 2997 2871 3060 τοὺς
2931 2996 3281 3077 βαρϐαρικοὺς
3334 2996 3646 3076 λογισμοὺς,
3696 2995 3784 3058 οὕς
3815 3007 3866 3058 οἱ

475 3092 639 3164 tegre
669 3091 1276 3168 receperuntzmalitia
1295 3093 1452 3154 enim
1478 3114 1610 3154 cum
1637 3096 1819 3155 semel
1845 3096 1901 3156 in
1923 3106 2122 3159 monte

2212 3086 2439 3159 λέοντες,
2499 3089 2545 3142 οἱ
2616 3084 2984 3162 βασιλεύοντες
3057 3087 3112 3142 ἐν
3168 3088 3305 3162 ἡμῖν
3379 3087 3563 3164 ἁγαθοὶ
3592 3084 3863 3162 λογισμοὶ,

478 3175 691 3235 mentis
715 3186 934 3239 nostrze
963 3179 1231 3242 habitare
1275 3183 1545 3262 coeperit,
1585 3184 1831 3264 suscipit
1880 3185 2120 3265 quidem

476 3265 621 3324 Mosi
643 3266 848 3346 libros,
888 3286 1007 3329 non
1024 3280 1218 3331 autem
1243 3285 1472 3350 integre
1487 3272 1706 3334 bonum
1723 3273 2120 3353 amplexatur,

475 3353 581 3415 sed
615 3354 807 3417 adhuc
843 3357 953 3419 sub
989 3361 1302 3423 maledicto
1333 3371 1554 3427 manet.
1596 3364 1784 3443 Igitur
1809 3362 1985 3426 Jesus
2015 3367 2128 3428 iter

475 3443 719 3522 faciens,
755 3447 867 3509 hoc
901 3456 1010 3523 est,
1047 3451 1259 3512 multas
1298 3452 1414 3513 vias
1468 3455 1784 3529 transiens,
1822 3464 1880 3516 et
1917 3456 2126 3518 modos

477 3551 582 3614 pro
614 3539 798 3597 salute
837 3547 1035 3599 nostra
1065 3548 1347 3622 tractans,
1373 3551 1429 3603 et
1461 3542 1700 3605 interim
1726 3545 1903 3606 minis
1935 3547 2127 3608 malo-

474 3624 876 3698 rum,interim
908 3629 1598 3700 afﬂictionibus,interim
1636 3633 2131 3712 beneficiis,inle-

474 3713 582 3774 rim
619 3713 906 3778 bonorum
943 3719 1460 3799 promissionibus,
1517 3732 1779 3785 nostram
1820 3724 1995 3785 vitam
2032 3725 2127 3790 lu-

475 3804 626 3864 crari
649 3807 880 3885 quaerit:
911 3817 969 3869 et
995 3809 1266 3888 fatigatus
1297 3813 1540 3891 quidem
1567 3820 1658 3874 est
1692 3812 1910 3875 talibus
1935 3815 2129 3877 modis

476 3900 768 3956 attentans
815 3915 923 3957 nos
956 3900 1282 3977 corrigere:
1312 3902 1530 3962 invenit
1561 3910 1758 3962 autem
1793 3904 1970 3963 alium
2005 3923 2126 3966 mo-

476 3984 615 4043 dum
650 3986 918 4066 regendi,
957 3987 1055 4066 qui
1089 3990 1141 4049 ei
1173 3999 1228 4051 et
1262 3990 1500 4070 placuit.
1537 3992 1699 4052 unde
1749 4011 1934 4073 auper
1963 3995 2124 4055 illum

478 4073 629 4164 sedit
659 4082 712 4134 et
747 4075 1065 4155 requievit.
1118 4077 1185 4139 Et
1217 4080 1349 4160 quis
1380 4079 1509 4142 ille?
1545 4081 1699 4143 Fons
1732 4081 2120 4164 baptismatis,

477 4162 537 4223 in
563 4181 676 4243 quo
710 4172 935 4227 naturae
967 4176 1182 4230 nostrae
1229 4171 1398 4251 quasi
1452 4170 1834 4234 Samaritana:
1865 4162 2122 4252 cuipiam

480 4250 802 4315 benefecit.
837 4256 993 4317 Fons
1024 4266 1221 4320 autem
1247 4259 1360 4321 iste
1387 4260 1754 4340 baptismatis
1784 4263 1917 4322 fons
1947 4250 2126 4325 Iacob

2210 3177 2520 3255 κατίεσθιον,
2583 3175 2740 3255 ἄχρις
2797 3174 2859 3230 ἄν
2917 3173 3130 3232 ἔπεισαν
3209 3177 3394 3238 αὐτοὺς
3480 3171 3868 3252 παραδέξασθαι

2209 3268 2274 3322 τὰ
2343 3274 2434 3323 τοῦ
2483 3272 2615 3321 Θεοῦ
2664 3263 2843 3342 λόγια.
2892 3263 3043 3321 Ἀλλ’
3101 3263 3216 3321 οὐδὲ
3261 3271 3426 3321 ταῦτα
3467 3262 3800 3341 ὀλοκλήρως’
3831 3263 3870 3330 ἡ

2211 3357 2310 3434 γὰρ
2366 3355 2526 3412 κακία
2594 3352 2732 3419 ἅπαξ
2790 3353 2844 3409 ἐν
2899 3360 2976 3427 τῷ
3059 3353 3168 3432 ὄρει
3239 3356 3417 3430 ἡμῶν,
3465 3360 3542 3429 τῷ
3571 3355 3655 3410 νοΐι
3697 3351 3865 3430 λέγω,

2211 3446 2604 3522 κατοικήσασα,
2667 3440 2874 3509 ἐδέξατο
2945 3443 3043 3518 μὲν
3091 3443 3156 3498 τὰ
3254 3445 3511 3519 Μωσέως,
3570 3442 3674 3522 οὐχ
3731 3440 3869 3498 ὁλο-

2210 3533 2422 3613 κλήρως
2479 3532 2534 3590 δὲ
2604 3541 2696 3590 τοῦ
2767 3532 2930 3590 καλου
3003 3533 3236 3612 ἐγένετο,
3288 3533 3424 3590 ἀλλὰ
3482 3534 3569 3589 καὶ
3621 3531 3698 3588 ἔτι
3759 3532 3864 3587 ὑπὸ

2210 3626 2442 3703 κατάραν
2515 3623 2603 3691 ἦν,
2671 3614 2726 3680 Ὀ
2767 3623 2938 3708 τοίνυν
2998 3620 3202 3689 Ἰησοῦς
3275 3621 3648 3702 ὁδοιπορήσας,
3702 3642 3861 3677 τουτ-

2213 3715 2348 3794 έστι,
2413 3712 2618 3776 πολλὰς
2679 3711 2827 3776 ὁδοὺς
2901 3713 3216 3787 οἰκονομιῶν
3274 3714 3361 3768 καὶ
3419 3713 3644 3790 τρόπους
3729 3711 3862 3788 πρὸς

2210 3804 2474 3882 ἡμετέραν
2534 3802 2798 3881 σωτηρίαν
2861 3802 3154 3882 μετελθὼν,
3213 3804 3299 3858 καὶ
3344 3802 3475 3859 ποτὲ
3534 3801 3632 3877 μὲν
3701 3800 3862 3855 ἀπει-

2211 3893 2360 3965 λαῖς,
2417 3894 2549 3950 ποτὲ
2606 3891 2661 3947 δὲ
2717 3898 2898 3948 κακῶν
2953 3890 3222 3969 πληγαῖς,
3255 3891 3384 3948 ποτὲ
3427 3889 3482 3946 δὲ
3513 3889 3857 3968 εὐεργεςίαις,

2213 3982 2402 4040 ἄλλοτε
2460 3981 2512 4037 δὲ
2569 3982 2778 4059 ἁγαθεῦν
2836 3981 3159 4060 ὑποσχέσεσι
3219 3978 3515 4055 μεθοδεύων
3564 3981 3661 4049 τήν
3718 3980 3863 4053 ἡμε-

2210 4073 2364 4152 τέραν
2425 4075 2590 4144 ζωὴν,
2666 4070 2909 4145 ἀπέκαμε
2966 4070 3088 4150 μὲν,
3145 4071 3402 4134 τοιούτοις
3473 4070 3688 4147 τρόποις
3738 4067 3864 4122 ἐπι-

2213 4168 2408 4242 χειρῶν
2478 4163 2622 4237 ἡμᾶς
2675 4159 3070 4239 διορθώσασθαι,
3110 4162 3223 4239 εὗρε
3291 4157 3347 4214 δὲ
3404 4160 3492 4215 καὶ
3551 4156 3721 4224 ἄλλην
3795 4157 3868 4213 οἰ-

2796 4250 2882 4305 καὶ
2946 4249 3180 4306 ἐκάθισε.
3265 4250 3355 4305 καὶ
3455 4247 3856 4305 ἐπανεπαύσατο

2588 3492 2604 3524 9

2209 4253 2484 4328 κονομίαν,
2573 4251 2628 4306 ἐν
2677 4250 2713 4317 ἦ
2796 4250 2882 4305 καὶ
2946 4250 3180 4331 ἐκάθισε,

480 4342 686 4403 merito
744 4343 985 4426 dicitur,
1038 4348 1148 4408 hoc
1204 4359 1291 4409 est
1340 4337 1800 4430 supplantatoris
1859 4351 1920 4412 In
1966 4353 2126 4414 fonte

2212 4342 2440 4419 ἀρεσθεὶς
2498 4341 2686 4417 ταύτῃ.
2723 4341 2885 4396 Ποίαν
2920 4357 2934 4418 ;
2972 4339 3078 4407 Τὴν
3136 4339 3321 4418 πηγὴν
3401 4347 3495 4396 τοῦ
3551 4337 3859 4414 βαπτίσμα-

475 4433 632 4493 enim
662 4434 769 4495 isto
793 4435 1238 4515 supplantainus
1267 4439 1743 4521 diabolum,quia
1763 4450 1817 4501 et
1839 4441 2125 4502 Dominus

475 4521 531 4582 in
563 4522 663 4583 illo
696 4523 972 4586 contrivit
998 4536 1170 4607 caput
1204 4527 1502 4604 draconis,
1534 4549 1708 4610 quem
1729 4532 1891 4593 dedit
1927 4550 2120 4593 escam

478 4611 709 4690 populis
739 4613 1080 4693 Ethiopum
1113 4617 1470 4680 “Dracone
1500 4629 1697 4680 autem
1730 4619 1840 4679 isto
1875 4640 1990 4680 non
2024 4619 2125 4680 alii

475 4700 715 4780 quidem
763 4713 1086 4782 pascuntur
1115 4715 1172 4787 et
1202 4706 1599 4789 oblectamur,
1656 4727 1828 4788 quam
1873 4709 2126 4771 obtene-

482 4789 631 4851 brati
665 4799 722 4851 et
745 4792 896 4871 nigri
923 4793 1211 4875 anima,et
1237 4796 1448 4858 divinae
1471 4791 1618 4858 lucis
1642 4817 1756 4858 non
1787 4799 2128 4879 participes.

479 4879 626 4940 lluic
646 4889 841 4942 autem
869 4890 1087 4944 nostrae
1122 4894 1347 4947 natura}
1379 4887 1642 4969 quinque
1678 4887 1792 4949 viri
1825 4889 2131 4968 conjuncti

478 4969 737 5041 fuerunt,
772 4971 948 5031 variae
969 4972 1200 5036 scilicet
1226 4975 1388 5056 leges
1421 4996 1452 5038 a
1482 4980 1599 5040 Deo
1632 4977 1782 5038 data;
1812 4979 1886 5050 ei,
1915 4997 2130 5061 nempe

478 5060 566 5121 lex
600 5062 658 5121 in
693 5061 988 5142 paradiso,
1028 5063 1116 5124 lex
1169 5084 1301 5144 quae
1353 5075 1620 5147 tempore
1670 5069 1818 5147 Noe,
1860 5067 1947 5126 lex
2001 5088 2131 5149 qua:

478 5148 606 5209 data
634 5150 912 5227 Abrahae,
943 5150 1031 5210 lex
1065 5171 1196 5231 quae
1226 5154 1359 5215 data
1393 5157 1558 5224 Mosi.
1595 5157 1686 5218 li-x
1718 5175 1850 5237 quae
1871 5148 2134 5237 dataper

481 5240 816 5318 prophetas.
862 5238 1009 5300 Nam
1040 5247 1100 5304 et
1131 5241 1255 5305 Noe
1289 5254 1418 5325 post
1450 5245 1733 5307 diluvium
1771 5255 2127 5326 praereptum

478 5327 773 5405 quoddam
799 5330 1152 5409 suscepit,et
1188 5332 1477 5396 Abraham
1502 5336 2135 5398 circumcisionem.lis

560 5458 611 5502 ‘3
640 5459 790 5524 Gen.
823 5481 904 5544 xu,
935 5463 1036 5539 23,
1070 5465 1170 5529 24.
1257 5468 1311 5510 ¹⁴
1341 5469 1494 5534 Psal.
1529 5488 1736 5544 vam,
1773 5473 1872 5535 14.

2209 4455 2322 4512 τος,
2394 4432 2447 4487 ἐν
2503 4433 2540 4506 ᾗ
2611 4431 2710 4497 τὴν
2760 4430 2909 4509 φύσιν
2967 4431 3122 4504 ἡμῶν
3150 4429 3330 4506 ὥσπερ
3357 4429 3475 4484 τινὰ
3533 4434 3862 4504 Σαμαρεῖτιν

2210 4511 2588 4602 εὐηργέτησεν.
2653 4511 2716 4577 ’11
2775 4517 2829 4574 δὲ
2883 4519 3036 4596 πηγὴ
3103 4519 3236 4586 αὕτη
3334 4525 3428 4575 τοῦ
3497 4517 3862 4593 βαπτίσματος

2210 4613 2362 4690 πηγὴ
2393 4607 2588 4668 Ἰακὼϐ
2618 4611 2845 4672 εἰκότως
2900 4606 2962 4662 ἂν
3021 4607 3263 4688 λεχθείη,
3360 4607 3595 4663 τουτέστι
3651 4624 3866 4680 πτερνι-

2210 4710 2360 4759 ato}.
2432 4699 2520 4758 Ἐν
2579 4701 2712 4776 αὒτῇ
2769 4699 2870 4778 γὰρ
2912 4704 2980 4775 τῇ
3012 4699 3167 4776 πηγῆ
3201 4696 3462 4770 πτερνίζει
3507 4717 3586 4759 τις
3617 4695 3706 4750 τὸν
3743 4691 3864 4749 δια-

2213 4788 2392 4847 ϐολον·
2470 4790 2582 4847 ἐπεὶ
2640 4790 2727 4844 καὶ
2785 4791 2812 4844 ὁ
2846 4788 3030 4865 Κύριος
3081 4789 3134 4843 ἓν
3182 4788 3351 4864 ταύτῃ
3412 4784 3693 4844 συνέθλασε
3769 4784 3868 4849 τὴν

2214 4881 2449 4962 κεφαλὴν
2501 4892 2593 4938 τοὺ
2663 4877 2965 4955 δράκοντος,
3018 4875 3075 4932 ὅν
3127 4879 3215 4934 καὶ
3273 4875 3435 4933 ἔδωκε
3465 4876 3657 4953 βρῶμα
3713 4870 3868 4933 λαοῖς

2213 4987 2328 5034 τοῖς
2385 4973 2616 5044 Αἰθίοψι.
2679 4974 2764 5038 Τῷ
2825 4967 2924 5045 γὰρ
2983 4964 3223 5037 δράκοντι
3279 4967 3448 5040 τούτῳ
3473 4969 3569 5024 οὒκ
3597 4962 3751 5020 ἄλλοι
3780 4983 3869 5017 τι-

2215 5065 2298 5128 νὲς
2346 5061 2754 5141 ὲνευφροίνονται
2833 5058 2919 5113 καὶ
2979 5056 3278 5137 τρέφονται,
3366 5058 3411 5112 εἰ
3454 5057 3533 5131 μὴ
3583 5057 3628 5111 οἱ
3662 5054 3867 5133 έζοφω-

2216 5153 2362 5228 μένοι
2433 5153 2520 5206 καὶ
2580 5148 2803 5225 μέλανες
2851 5147 2949 5214 τὴν
3007 5147 3218 5226 ψυχὴν,
3294 5148 3381 5202 καὶ
3409 5155 3504 5203 τοῦ
3531 5145 3668 5202 θείου
3692 5144 3868 5221 φωτὸς

2215 5242 2501 5321 ἀμέτογοι.
2563 5240 2741 5312 Ταύτῃ
2799 5234 2852 5292 δέ
2905 5241 2973 5312 τῇ
3031 5237 3180 5315 φύσει
3264 5237 3418 5312 ἡμῶν
3469 5234 3624 5291 πέντε
3689 5229 3864 5310 ἄνδρες

2217 5333 2596 5410 συνεζύγησανο
2655 5331 2700 5384 οἱ
2761 5324 2998 5406 διάφοροι
3070 5327 3250 5400 νόμοι,
3313 5328 3359 5382 οἱ
3413 5324 3557 5404 παρὰ
3585 5330 3675 5379 τοῦ
3732 5329 3866 5379 Θε.ῠ

559 5592 647 5673 (0)
682 5592 748 5685 13
771 5594 913 5685 edit.
949 5596 1075 5685 hut.
1115 5619 1264 5682 quos
1283 5603 1440 5685 solos
1464 5603 1854 5668 Samaritani
1916 5606 2239 5685 recipiunt.
2302 5605 2368 5666 In
2401 5606 2562 5663 textu
2595 5597 2800 5660 Graeco
2832 5591 2950 5672 leg.
3013 5595 3174 5669 μόνα,
3229 5590 3540 5657 Saxum-itis
3570 5588 3713 5666 suis,
3767 5605 3848 5668 qu

481 5691 662 5737 unum
697 5675 1161 5743 Pentateuchum
1187 5683 1581 5765 recipiebant,
1616 5685 1968 5750 adhaerebat
2001 5675 2240 5748 mulier.
