4178 6430
434 368 586 434 1245

1130 374 1231 436 ΕΝ
1236 374 1577 436 ΑΒΒΑΤΙΟ
1620 376 1703 437 ΙΝ
1748 372 2005 437 EVANG
2018 370 2083 433 Ε]

2166 370 2257 434 ΠΜ
2318 370 2665 439 JOANNIS.
2710 407 2789 419 —
2831 376 2998 438 CAP.
3046 374 3152 439 IV.

3682 375 3834 439 1246

429 506 665 573 δοθέντες
719 512 875 587 αὐτῇ,
937 510 965 567 6
1027 510 1082 566 ἐν
1136 514 1213 583 τῷ
1260 509 1581 589 παραδείσῳ,
1627 512 1654 567 6
1705 509 1789 568 ἐπὶ
1817 516 1908 569 τοῦ
1937 518 2078 587 Νῶε,

2168 506 2364 591 itaque
2385 510 2651 593 quinque
2682 510 2915 591 legibus
2941 511 3268 591 conjuncta
3291 517 3498 575 natura
3521 518 3579 574 et
3597 518 3820 573 sextam

430 598 459 654 6
507 596 594 654 ἐπὶ
650 605 742 656 τοῦ
810 596 1078 678 Ἀϐραὰμ,
1138 599 1166 656 6
1224 598 1310 656 ἐπὶ
1368 609 1462 659 τοῦ
1515 598 1773 674 Μωσέως,
1806 602 1833 657 6
1865 600 1949 657 διὰ
1978 607 2085 659 τῶν

430 692 740 767 προφητῶν.
805 677 862 747 Ὀ
915 677 1055 746 νΝῶε
1102 689 1204 768 γὰρ
1234 689 1369 765 μετὰ
1422 691 1514 746 τὸν
1557 690 1929 767 κατακλυσμὸν
1969 690 2085 749 δια-

428 778 601 855 ταγήν
657 799 775 836 τινα
804 776 1034 855 ἐδέξατο,
1094 780 1182 835 καὶ
1238 779 1266 835 6
1294 777 1540 859 Ἀϐραὰμ
1582 781 1680 849 τὴν
1722 780 1820 849 τῆς
1866 804 2085 861 περιτο-

430 871 563 942 μῆς.
627 867 840 931 Τούτοις
912 866 1002 923 οὖν
1072 880 1191 933 τοῖς
1262 867 1419 926 πέντε
1476 870 1660 947 νόμοις
1720 878 2005 950 συζυγεῖσα
2050 873 2085 939 ἡ

430 955 603 1035 φύσις,
678 959 767 1013 καὶ
823 959 975 1016 ἓκτον
1038 956 1365 1038 προσέλαϐεν
1409 957 1623 1038 ὕστερον
1680 960 1737 1017 ὄν
1786 962 1882 1017 οὒκ
1927 961 2087 1041 εἶχεν

428 1043 613 1126 ἄνδρα,
688 1044 804 1105 οὐδὲ
862 1048 1116 1127 συνεζύγη
1170 1046 1398 1126 οὐδέπω,
1452 1050 1542 1106 τὸν
1582 1054 1682 1118 τῆς
1713 1055 1915 1118 Καινῆς
1951 1059 2085 1107 Δια-

427 1136 623 1205 θήκης.
684 1137 913 1207 Νοήσειε
942 1134 989 1193 δ’
1032 1136 1095 1193 ἅν
1121 1160 1199 1201 τις
1232 1137 1383 1195 ἕκτον
1413 1139 1598 1215 νόμον,
1653 1137 1709 1195 ὅν
1768 1137 1924 1219 ἃνδρα
1996 1142 2088 1198 οὐκ

431 1224 589 1301 ιῖψεν
640 1226 676 1294 ἡ
748 1226 924 1307 φύσις,
983 1230 1075 1284 τὸν
1127 1228 1224 1296 τῆς
1257 1226 1715 1307 είδωλολατρείας.
1761 1236 1955 1287 Τοῦτον
1985 1231 2084 1309 γὰρ

428 1312 494 1381 δὴ
547 1315 640 1371 τὸν
712 1315 874 1398 νόμον
927 1316 1024 1373 οὒκ
1053 1316 1213 1398 εἶχεν
1242 1317 1302 1374 ἐκ
1334 1325 1465 1376 Θεοῦ
1493 1316 1706 1375 δοθέντα
1750 1320 1883 1387 αἰτῇ
1927 1320 2084 1391 σύζυ-

428 1426 545 1484 γον,
604 1393 728 1462 ἀλλ’
782 1408 853 1471 ὡς
909 1393 1170 1487 μοιχαλὶς
1230 1408 1479 1486 ἒμίγνυτο
1551 1409 1741 1484 τούτῷ.
1778 1410 1872 1466 Διὸ
1920 1413 2007 1466 καὶ
2057 1411 2085 1466 6

429 1496 708 1576 προφήτης
767 1497 919 1576 φησί·
987 1520 1015 1551 α
1056 1498 1150 1555 Καὶ
1182 1497 1488 1579 ἐμοιχῶντο
1517 1498 1572 1554 ἐν
1600 1506 1678 1574 τῷ
1737 1497 1895 1573 ξύλῳ⁶
1936 1522 1959 1558 ι
1996 1502 2084 1557 καὶ

428 1583 611 1643 πάλιν·
678 1609 706 1641 α
770 1583 1182 1666 Ἐξεπόρνευσαν
1234 1589 1405 1645 ὃπίσω
1477 1589 1676 1646 παντὸς
1707 1587 1886 1663 ξύλου,
1927 1612 1950 1646 ι
1999 1590 2082 1647 διὰ

428 1675 492 1731 τὰ
547 1673 757 1754 γλυπτὰ
814 1673 1018 1745 δηλαδὴ
1050 1678 1137 1734 καὶ
1167 1678 1231 1733 τὰ
1260 1676 1441 1753 δένδρα
1470 1677 1507 1733 ἅ
1534 1677 1753 1754 ἐτίμων.
1813 1680 1902 1745 Εἷς
1953 1702 2080 1736 τοσ-

368 1760 371 1761 ν
430 1772 579 1823 οὕτον
637 1766 738 1847 γὰρ
798 1765 1049 1835 ἆνοησίας
1125 1767 1548 1849 ἒξετραχηλίσθη
1625 1772 1661 1839 ἡ
1718 1771 1894 1851 φύσις,
1947 1771 2083 1828 ὥστε

428 1857 515 1913 καὶ
572 1854 798 1934 δένδροις
856 1858 1068 1936 ὡραίοις
1111 1857 1195 1915 διὰ
1248 1860 1308 1915 τὸ
1362 1858 1561 1923 κάλλος
1616 1860 1775 1941 θύειν,
1830 1883 2085 1941 κυπαρισ-

430 1968 549 2011 σοις
618 1948 707 2003 καὶ
761 1944 1078 2024 πλατάνοις,
1115 1949 1205 2006 καὶ
1232 1960 1351 2015 τοῖς
1381 1950 1661 2013 τοιούτοις.
1701 1939 1840 2008 ΗΟτε
1913 1939 2083 2007 τοίνυν

426 2037 517 2093 τὸν
576 2034 728 2093 ἕκτον
788 2046 971 2096 τοῦτον
1033 2040 1234 2119 μοιχὸν
1277 2039 1305 2094 6
1368 2037 1637 2119 ἅνθρωπος
1707 2038 1936 2120 ἔστερξε,
1998 2042 2083 2097 καὶ

428 2128 501 2190 εἷς
559 2124 993 2207 ε’ίδωλολατρείας
1050 2126 1397 2205 εξωλίσθησε,
1442 2131 1563 2185 τότε
1593 2130 1621 2186 ὀ
1669 2130 1855 2210 Κύριος
1916 2130 2082 2187 ἐλθὼν

427 2214 752 2277 ἀπαλλάττει
810 2219 955 2293 ἡμᾶς
1012 2218 1233 2287 ταύτης·
1299 2216 1378 2275 διὸ
1408 2219 1497 2275 καί
1525 2236 1716 2301 φησιν’
1750 2243 1772 2273 ι
1816 2211 1924 2278 ’Ὃν
1996 2228 2083 2278 νῦν

428 2305 601 2388 ἔχεις.
666 2330 690 2366 ι
755 2308 852 2365 Καὶ
921 2309 1020 2388 γὰρ
1050 2306 1215 2374 ὅντως
1247 2308 1384 2368 κατᾶ
1406 2310 1528 2375 τοὺς
1559 2311 1657 2377 τῆς
1716 2317 1807 2367 τοῦ
1858 2317 2083 2390 Χριστοῦ

429 2398 712 2476 παρουσίας
776 2397 1001 2477 χρόνους
1046 2399 1120 2461 εἷς
1180 2390 1537 2474 Ἐλληνισμὸν
1592 2400 1680 2457 καὶ
1731 2397 1992 2457 Ἰουδαίων
2036 2402 2084 2457 οἷ

428 2487 717 2567 σοφώτεροι
775 2485 1155 2565 ἐξετράπησαν·
1234 2488 1321 2545 καὶ
1378 2486 1537 2555 δηλοῖ
1566 2490 1733 2557 ἡτῶτ
1780 2491 2082 2568 Φαρισαίων

427 2575 655 2657 αἵρεσις,
718 2575 1011 2657 εἱμαρμένῃ
1041 2578 1128 2634 καὶ
1158 2576 1477 2657 ἀστρολογίᾳ
1532 2578 1871 2642 πιστεύουσα,
1908 2576 2080 2636 ’Ἔστι

422 2665 478 2723 δὲ
526 2673 857 2746 Σαμαρεῖτις
912 2668 1001 2724 καὶ
1056 2673 1200 2724 πᾶσα
1272 2668 1428 2747 ψυχὴ
1491 2669 1525 2736 ἡ
1555 2681 1678 2734 ταῖς
1708 2667 1863 2725 πέντε
1894 2670 2081 2739 αἰσθή-

425 2778 569 2813 σεσιν
627 2756 835 2836 ἀλόγως
895 2757 1243 2837 ὑποζυγεῖσα,
1306 2756 1431 2813 εἶτα
1472 2758 1561 2814 καὶ
1590 2766 1691 2826 τὴν
1722 2760 1839 2838 περὶ
1882 2759 1948 2817 τὰ
1995 2756 2083 2815 δό-

425 2868 606 2923 γματα
658 2839 1059 2927 σφαλερώτατα,
1122 2847 1239 2904 οἶόν
1268 2868 1385 2904 τινα
1416 2845 1566 2904 ἕκτον
1599 2850 1795 2929 μοιχὸν
1836 2846 2078 2927 προσλα-

425 2932 657 3010 ϐομένη,
708 2934 775 3003 ἢν
833 2935 860 2991 6
915 2934 1124 3002 Ἰησοῦς
1196 2938 1488 3019 εὐεργετεῖ,
1550 2936 1663 2995 εἴτε
1712 2936 1796 2995 διὰ
1853 2947 1946 2997 τοῦ
1974 2939 2076 3015 βα-

428 3024 747 3101 πτίσματος,
821 3022 934 3083 εἴτε
956 3023 1039 3081 διὰ
1069 3028 1169 3093 τῆς
1200 3027 1385 3105 πηγῆς
1432 3034 1539 3085 τῶν
1568 3026 1824 3106 δακρὺων.
1860 3030 1961 3086 Καὶ
2017 3029 2083 3087 τὰ

2169 601 2458 683 acccepit,
2489 621 2666 683 quam
2700 609 2895 664 tamen
2928 621 3045 664 non
3076 600 3335 663 habebat
3360 600 3828 666 utvirum.Non-

2171 689 2313 752 dum
2349 691 2508 752 enim
2542 690 3283 771 conjungebatmbilegem
3309 689 3454 752 Novi
3486 689 3833 752 Testamen-

2171 779 2237 842 ti.
2269 777 2635 843 Intellexerit
2665 780 2796 842 561
2838 793 3036 843 autem
3070 781 3202 861 quis
3230 798 3340 861 per
3360 788 3581 842 sextam
3604 781 3827 859 legem,

2171 888 2346 950 quam
2376 879 2438 932 ut
2466 872 2655 933 virum
2689 891 2809 933 non
2839 872 3095 934 habebat
3118 871 3554 950 natura,legem
3584 870 3831 931 idolola-

2173 959 2321 1022 trize.
2356 958 2522 1023 Hanc
2555 962 2714 1024 enim
2759 964 2947 1040 legem
2982 980 3101 1023 non
3135 960 3390 1023 habebat
3420 979 3455 1022 a
3479 960 3602 1021 Deo
3630 958 3824 1021 datam

2172 1048 2287 1110 sibi
2321 1051 2775 1132 conjugem,sed
2810 1052 2969 1113 velut
3002 1050 3338 1112 adulterum
3367 1048 3655 1130 jungebat
3688 1049 3823 1111 sibi.

2171 1138 2314 1201 Ideo
2346 1147 2403 1202 et
2435 1141 2723 1221 propheta
2752 1141 2936 1203 dicit:
2974 1160 3003 1201 ‹
3039 1140 3107 1200 Ει
3137 1140 3628 1202 adulterabantur
3656 1138 3718 1199 in
3758 1140 3791 1197 ti
3820 1175 3828 1183 -

2170 1227 2383 1308 gno“.
2416 1251 2444 1289 ›
2477 1229 2547 1291 Et
2603 1229 2842 1305 iterum,
2903 1254 2930 1284 α
2964 1228 3267 1293 Fornicati
3326 1237 3456 1308 post
3509 1245 3689 1289 omne
3749 1228 3825 1287 li-

2168 1338 2349 1397 gnum
2376 1319 2448 1390 16,
2489 1340 2515 1377 ›
2553 1331 2796 1400 propter
2844 1320 3148 1395 sculptilia
3206 1318 3438 1380 scilicet
3484 1326 3541 1379 et
3580 1317 3825 1378 arbores

2168 1428 2315 1490 quas
2343 1409 2641 1471 colebant.
2678 1412 2761 1470 Eo
2795 1409 2953 1472 enim
2978 1408 3296 1470 dementiae
3330 1416 3684 1488 pervenerat
3714 1426 3823 1466 na-

2171 1506 2322 1575 tura,
2354 1508 2419 1560 ut
2448 1507 2506 1560 et
2536 1498 2851 1561 arboribus
2885 1499 3152 1581 pulchris
3202 1507 3447 1579 propter
3490 1495 3823 1578 pulchritu-

2168 1588 2370 1650 dinem
2404 1588 2792 1663 sacriﬁcaret,
2826 1588 3153 1669 cyparissis
3204 1586 3501 1659 videlicet,
3536 1594 3594 1647 et
3628 1585 3826 1666 plata-

2171 1678 2285 1759 nis,
2319 1686 2377 1740 et
2404 1678 2977 1752 similibus.Quaudo
3001 1680 3182 1759 igitur
3204 1684 3439 1740 sextum
3473 1675 3640 1737 illum
3658 1675 3828 1736 adul-

2108 1804 2146 1852 Β
2172 1775 2363 1830 terum
2399 1768 2677 1830 homines
2709 1768 3071 1843 dilexerunt,
3100 1776 3157 1830 et
3188 1767 3249 1829 in
3280 1765 3676 1828 idololatriam
3719 1786 3825 1825 ox-

2168 1857 2617 1935 ciderunt,tunc
2646 1858 2938 1921 Dominus
2968 1857 3217 1921 veniens
3238 1856 3511 1918 liberavit
3532 1873 3641 1916 nos
3666 1853 3739 1915 ab
3759 1875 3827 1916 ea

2166 1945 2307 2009 Ideo
2331 1956 2387 2009 et
2413 1948 2580 2023 dicit,
2616 1972 2642 2004 α
2668 1947 2856 2021 Quem
2890 1967 3049 2010 nunc
3083 1947 3288 2009 habes.
3314 1971 3337 2005 ν
3376 1948 3526 2011 Nam
3562 1944 3824 2025 profecto

2167 2041 2443 2118 tempore
2480 2037 2767 2100 adventus
2796 2038 2939 2102 Jesu
2980 2036 3221 2117 Christi,
3262 2035 3437 2098 etiam
3484 2033 3822 2097 Iudaeorum

2168 2125 2569 2207 sapientiores
2616 2128 2672 2188 in
2703 2126 3013 2207 gentilium
3058 2143 3324 2187 errorem
3357 2123 3715 2185 inciderant.
3752 2126 3823 2186 Et

2169 2216 2563 2277 manifestavit
2609 2217 2720 2278 hoc
2762 2218 3202 2280 Pharisaeorum
3236 2213 3509 2288 haeresis,
3543 2232 3674 2294 quae
3704 2213 3820 2273 fato

2169 2313 2227 2367 et
2266 2305 2603 2385 astrologia;
2634 2305 3051 2368 credebat.Est
3096 2312 3155 2366 et
3206 2304 3575 2366 Samaritana
3628 2305 3822 2363 omnis

2168 2394 2530 2475 anima,quaa
2551 2394 2829 2457 sensibus
2860 2394 3124 2475 quinque
3156 2394 3233 2455 im
3247 2392 3573 2475 prudenter
3594 2392 3824 2472 subjec~

2168 2490 2225 2544 ta
2258 2491 2368 2559 est,
2404 2483 2624 2545 deinde
2656 2483 3053 2564 periculosam
3082 2483 3420 2545 doctrinam
3447 2482 3631 2543 veluti
3677 2499 3823 2541 sex-

2170 2580 2290 2634 tum
2316 2574 2635 2655 quemdam
2667 2573 3001 2635 adulterum
3037 2571 3414 2653 suscipit,cui
3434 2571 3608 2634 Jesus
3632 2571 3817 2633 bene-

2166 2663 2325 2737 facit,
2356 2664 2445 2725 vel
2480 2682 2585 2744 per
2611 2682 2719 2745 per
2736 2662 3119 2744 baptismum,
3144 2663 3237 2724 vel
3263 2680 3367 2742 per
3383 2661 3607 2723 fontem
3628 2661 3821 2740 lacry-

2168 2754 2575 2816 marum.Nam
2609 2760 2665 2814 et
2688 2754 2961 2834 lacryma:
2984 2752 3116 2814 fons
3143 2750 3324 2815 Jacob
3348 2752 3823 2825 dicuntur,men-

2166 2852 2223 2905 te
2248 2852 2449 2906 nostra
2479 2842 2900 2924 supplantante
2956 2842 3241 2904 malitiam
3272 2864 3285 2902 :
3322 2860 3389 2903 ex
3425 2860 3540 2923 qua
3586 2859 3737 2921 aqua
3769 2850 3823 2900 et

2166 2936 2295 3013 l‘psa
2330 2952 2498 2996 mens
2522 2933 2690 3005 bibit,
2726 2944 2785 2994 et
2817 2932 3203 3014 cogitationes
3237 2933 3386 3013 ejus,
3413 2950 3544 3011 quae
3573 2931 3682 2991 ﬁlii
3724 2931 3821 2990 di-

2166 3032 2384 3087 cuntur
2414 3032 2472 3085 et
2504 3041 2744 3103 pecora,
2774 3042 2883 3085 ceu
2917 3022 3289 3085 irrationales
3337 3030 3534 3103 partes
3580 3020 3817 3093 animae,

427 3112 622 3195 δάκρυα
653 3116 753 3194 γὰρ
784 3114 945 3196 φρέαρ
974 3122 1066 3173 τοῦ
1098 3114 1291 3173 Ἰακὼϐ
1349 3115 1410 3175 ἂν
1468 3115 1740 3199 λεγθεῖεν,
1803 3126 1895 3175 τοῦ
1937 3120 2081 3194 ἡμε-

2169 3115 2256 3176 ira
2288 3118 2349 3177 et
2378 3111 3199 3193 concupiscentiaLacrymaa
3220 3110 3380 3172 enim
3417 3109 3603 3172 menti
3635 3117 3693 3170 et
3715 3128 3818 3169 co-

423 3202 575 3284 τὲρου
633 3212 745 3280 νοῦ,
804 3207 899 3263 τοῦ
994 3205 1383 3285 πτερνίζοντος
1432 3208 1529 3276 τὴν
1597 3208 1809 3270 κακίαν.
1870 3206 1962 3274 Ἐξ
2020 3210 2078 3265 οὗ

2166 3202 2549 3285 gitationibus
2582 3209 2639 3263 et
2671 3201 2917 3282 reliquis
2950 3202 3011 3262 in
3045 3200 3421 3279 refrigerium
3456 3199 3628 3260 ﬁunt.

423 3298 609 3367 ὕδατος
641 3301 796 3366 αὒτός
825 3322 883 3357 τε
913 3302 941 3358 ὁ
1000 3302 1118 3365 νοῦς
1154 3301 1317 3375 πίνει,
1375 3304 1463 3359 καὶ
1523 3305 1571 3361 οἱ
1626 3304 1728 3361 υἷοὶ
1784 3302 1943 3362 αὐτοῦ
1998 3308 2043 3363 οἱ
2102 3302 2373 3382 λογισμοὶ,
2435 3300 2523 3355 καὶ
2572 3300 2636 3354 τὰ
2679 3297 2956 3376 θρέμματα
2987 3300 3167 3372 αὖτοῦ,
3200 3298 3266 3352 τὰ
3310 3294 3478 3374 ἄλογα
3525 3295 3662 3375 μέρη
3724 3298 3823 3361 τῆς

427 3395 638 3472 ψυχῆς,
693 3391 856 3469 θυμὸς
898 3390 986 3448 καὶ
1040 3389 1286 3464 ἐπιθυμία
1320 3407 1334 3421 ⁵
1382 3392 1448 3449 τὰ
1516 3394 1616 3473 γὰρ
1659 3391 1856 3474 δάκρυα
1927 3398 2005 3470 τῴ
2060 3398 2135 3469 viii
2176 3394 2266 3449 καὶ
2309 3404 2426 3452 τοῖς
2499 3388 2786 3468 λογισμοῖς
2832 3388 2919 3443 καὶ
2976 3400 3091 3451 τοῖς
3151 3386 3362 3451 λοιποῖς
3407 3388 3479 3450 εἷς
3536 3385 3825 3465 ἀναψυχὴν

425 3480 684 3559 γίνονται,

510 3594 534 3630 ι
597 3572 687 3631 Ἐν
739 3571 793 3630 δὲ
850 3580 927 3650 τῷ
984 3572 1179 3650 μεταξὺ
1209 3574 1428 3654 ἠρώτων
1460 3577 1616 3634 αὐτὸν
1646 3578 1693 3634 οἱ
1724 3580 1960 3654 μαθηταὶ
1988 3582 2077 3638 αὒ-

2242 3572 2427 3639 Vens.
2463 3571 2668 3637 31-34.
2711 3596 2734 3629 κ
2770 3574 3006 3636 Interea
3040 3570 3323 3651 rogabant
3353 3589 3490 3633 eum
3544 3566 3821 3651 discipuli

423 3673 538 3738 τοῦ,
599 3661 871 3740 λέγοντες·
933 3656 1165 3741 Ῥαϐϐεὶ,
1224 3665 1382 3745 φάγε.
1446 3667 1543 3724 Καὶ
1622 3666 1778 3724 εἶπεν
1868 3669 2075 3735 αὖτοῖς,

2166 3664 2435 3728 dicentes
2468 3685 2480 3728 :
2518 3662 2735 3743 Rabbi,
2772 3663 3044 3725 comede.
3093 3661 3199 3723 Ille
3253 3670 3452 3725 autem
3484 3660 3629 3723 dixit
3678 3661 3765 3721 eis
3806 3683 3815 3721 :

423 3751 565 3835 ἐγὼ
620 3753 819 3832 βρῶσιν
874 3752 991 3835 ἔχω
1071 3767 1289 3833 φαγεῖν,
1340 3753 1407 3824 ἦν
1495 3757 1651 3832 ὑμεῖς
1720 3757 1816 3815 οὒκ
1871 3757 2073 3820 οἴδατε,

2166 3754 2283 3835 Ego
2311 3754 2513 3816 cibum
2535 3753 2727 3816 habeo
2751 3751 3400 3833 comedendum,quem
3426 3769 3526 3811 vos
3550 3750 3813 3811 nescitis.

420 3830 666 3921 ’Ἔλεγον
707 3842 797 3899 οὖν
830 3843 876 3899 οἱ
906 3830 1313 3923 μαθηταὶ-πρὸς
1346 3830 1637 3915 ἀλλήλους’
1686 3847 1860 3918 Μήτις
1910 3847 2073 3927 ἤνεγ-

2166 3830 2449 3907 Dicebant
2478 3862 2619 3923 ergo
2652 3842 2931 3922 discipuli
2959 3843 3116 3905 inter
3134 3860 3199 3903 se
3236 3830 3258 3901 ε’
3283 3840 3433 3902 Num
3468 3839 3599 3921 quis
3628 3840 3823 3901 attulit

421 3954 511 3989 κεν
582 3932 723 4008 αύτῷ
783 3946 1030 4013 φαγεῖν;
1082 3934 1237 4013 Λέγει
1298 3935 1484 3999 αὺτοῖς
1540 3936 1567 3992 ὁ
1631 3926 1857 4005 ἰησοῦςο
1913 3935 2075 4015 Ἐμὸν

2166 3935 2218 3996 ei
2250 3934 2406 4017 quod
2441 3932 2676 3994 ederet?
2702 3932 2856 3996 Dicit
2886 3933 2937 3994 ei
2968 3930 3147 3995 Jesus
3185 3952 3197 3995 :
3235 3932 3398 3993 Meus
3428 3931 3596 3991 cibus
3618 3935 3733 4003 est,
3760 3942 3820 3989 ut

418 4023 610 4103 βρῶμά
684 4022 852 4098 ἐστιν,
910 4026 1001 4081 ’ἱνα
1031 4026 1171 4082 ποιῶ
1201 4026 1261 4081 τὸ
1291 4023 1502 4102 θέλημα
1532 4028 1625 4084 τοῦ
1666 4026 1981 4104 πέμψαντός
2010 4050 2076 4104 με

2166 4024 2370 4087 faciam
2396 4023 2553 4105 quod
2586 4023 2706 4084 vult
2733 4024 2779 4084 is
2802 4022 2903 4103 qui
2936 4023 3093 4084 misit
3117 4028 3301 4097 me,et
3332 4020 3637 4102 perﬁciam
3672 4037 3820 4100 opus

420 4114 509 4170 καὶ
555 4111 827 4171 τελειώσω
868 4114 1024 4170 αὐτοῦ
1053 4116 1114 4170 τὸ
1145 4113 1320 4194 ἔργον,
1378 4140 1404 4171 ι
1441 4111 1692 4195 ’Πρώτων
1739 4119 1785 4175 οἱ
1845 4119 2078 4194 μαθηταὶ

2166 4114 2315 4194 ejus.
2346 4138 2369 4174 ι
2403 4113 2711 4193 Rogabant
2732 4112 3007 4194 discipuli
3034 4111 3498 4192 Dominum,hoc
3520 4107 3819 4183 est,obse-

423 4203 513 4258 τὸν
585 4202 801 4282 Κύριοι,
852 4201 966 4259 ἀντὶ
1020 4213 1135 4274 τοῦ,
1170 4204 1527 4286 παρεκάλουν,
1565 4205 1703 4263 ὥστε
1735 4221 1954 4289 φαγεῖν,
1986 4208 2080 4264 οὒκ

2166 4204 2403 4267 orabant
2449 4212 2511 4265 ut
2561 4204 2950 4264 comederet:
3015 4221 3133 4264 non
3189 4201 3509 4263 temeraria
3564 4203 3817 4282 quadam

425 4290 484 4347 ἰκ
541 4298 838 4370 προπετοῦς
897 4291 1142 4379 γνώμης,
1168 4293 1289 4350 ἀλλ’
1344 4296 1404 4351 ὲκ
1460 4294 1669 4363 πολλῆς
1702 4296 2077 4379 φιλοστοργίας

2166 4293 2497 4370 mente,sed
2532 4312 2748 4372 magna
2780 4292 3101 4354 dilectione
3135 4309 3274 4371 erga
3296 4290 3820 4370 magistrum.Ete—

425 4381 523 4450 τῆς
583 4381 715 4460 πρὸς
773 4382 864 4437 τὸν
921 4378 1262 4440 διδάσκαλον
1318 4385 1405 4440 καὶ
1462 4386 1561 4465 γὰρ
1625 4384 1851 4445 ἓὸλεπον
1924 4388 2081 4444 αὺτὸν

2166 4386 2286 4447 nim
2303 4384 2581 4447 videbant
2602 4385 2794 4464 ipsum
2813 4383 3195 4462 defatigatum
3221 4402 3288 4444 ex
3315 4382 3525 4443 itinere
3540 4389 3597 4441 et
3621 4380 3821 4442 calore

426 4471 740 4556 κεκμηκότα
809 4472 911 4528 ὑπὸ
961 4470 1057 4539 τῆς
1107 4470 1407 4552 ὁδοιπορίας
1450 4476 1663 4543 καὶτῆς
1740 4476 2081 4553 ἐπικειμένης

2167 4474 2766 4556 ﬁagranle.l)omiuus
2798 4480 2995 4535 autem
3028 4473 3221 4535 sciens
3244 4470 3675 4535 Samaritanam
3697 4469 3821 4529 fere

428 4560 649 4643 φλογός.
714 4551 772 4620 Ὀ
839 4558 893 4618 δὲ
952 4561 1164 4642 Κύριος,
1220 4551 1495 4641 γινώσκων
1555 4563 1633 4622 ὅτι
1665 4567 1700 4635 ἡ
1752 4551 2080 4647 Σαμαρεῖτις

2172 4551 2352 4629 totam
2388 4564 2683 4627 civitatem
2715 4563 2785 4625 ad
2818 4581 2882 4625 se
2904 4573 3305 4634 evoraturam,
3333 4569 3391 4623 et
3422 4558 3769 4624 Samaritani
3795 4579 3821 4618 s

429 4650 613 4729 μέλλει
684 4650 1074 4709 ἐπισπάσασθαι
1132 4658 1308 4710 πᾶσαν
1388 4652 1583 4734 σχεδὸν
1640 4655 1740 4712 τὴν
1769 4629 1926 4714 πόλιν
1956 4660 2083 4736 πρὸς

2169 4657 2229 4718 in
2258 4674 2321 4718 se
2352 4654 2687 4718 credituros
2721 4674 2733 4717 :
2760 4651 2907 4731 Ego,
2930 4653 3142 4734 inquit,
3170 4650 3369 4714 cibum
3395 4650 3584 4712 habeo
3613 4668 3819 4710 come-

429 4744 608 4817 αὐτὸν,
680 4743 768 4799 καὶ
824 4741 904 4799 ὅτι
965 4743 1318 4801 πιστεύσωσιν
1402 4746 1546 4820 αὒτῷ
1621 4747 1666 4802 οἱ
1724 4753 2083 4827 Σαμαρεῖται,

2170 4743 2495 4816 ἀοηόιιιη,ι
2535 4743 2647 4804 hoc
2678 4749 2790 4815 est,
2817 4741 3066 4803 salutem
3103 4740 3820 4827 hominumzquamtanto

436 4854 465 4889 α
543 4823 705 4912 Ἐγὼ,
765 4834 916 4913 φησὶ,
975 4833 1169 4910 βρῶσιν
1226 4832 1344 4914 ἔχω
1400 4847 1615 4915 φαγεῖν,
1662 4857 1685 4893 ι)
1721 4823 1960 4893 τουτέστι
1988 4823 2083 4905 τὴν

2170 4834 2469 4895 desiderio
2488 4831 2948 4913 avebat,quanto
2974 4831 3171 4893 nullus
3191 4838 3461 4891 nostrum
3477 4826 3817 4889 sensibilem

431 4923 696 5001 σωτηρίαν
727 4929 834 4979 τῶν
866 4922 1173 5003 ἀνθρώπων
1247 4923 1382 4981 οὕτω
1412 4926 1511 5005 γὰρ
1566 4926 1764 4994 ταύτης
1822 4927 2082 5007 ἐπιθνμῶ,

2170 4922 2568 4987 cibum.Hunc
2598 4932 2793 4984 autem
2827 4921 3025 4983 cibum
3050 4940 3227 5003 quem
3255 4918 3445 4982 habeo
3475 4917 3817 4991 comedere,

432 5014 507 5076 ὡς
557 5010 722 5075 οὗδεὶς
784 5014 933 5089 ὑμῶν
991 5018 1089 5083 τῆς
1148 5015 1403 5081 αἰσθητῆς
1448 5015 1717 5095 βρώσεως.
1766 5016 1976 5085 Ταύτην
2033 5016 2083 5074 δὲ

2175 5032 2278 5077 vos
2324 5013 2605 5093 discipuli
2665 5013 2781 5074 mei
2825 5011 3090 5075 nescitis.
3123 5010 3322 5074 Crassi
3353 5008 3511 5071 enim
3554 5026 3688 5069 cum
3724 5027 3822 5066 νινε

432 5103 532 5170 τὴν
588 5103 815 5182 βρῶσιν,
850 5102 918 5171 ἢν
974 5101 1091 5184 ἔχω
1153 5118 1371 5184 φαγεῖν,
1428 5106 1584 5181 ὑμεῖς
1617 5107 1661 5163 οἱ
1706 5106 1941 5183 μαθηταί
1988 5129 2083 5184 μου

2171 5105 2366 5167 adhuc
2392 5106 2618 5184 sitis,et
2636 5102 2972 5181 intelligere
3000 5100 3307 5183 nequeatis
3348 5117 3478 5181 quae
3508 5096 3824 5159 obscurius

434 5193 524 5249 οὒκ
578 5190 781 5251 οἴδατε.
839 5182 1051 5273 Παχεῖς
1103 5182 1202 5273 γὰρ
1246 5182 1540 5271 6v1ec31t,
1568 5198 1656 5253 καὶ
1701 5182 1779 5274 μὴ
1810 5182 2083 5273 δυνάμενοι

2172 5211 2205 5255 a
2238 5211 2331 5255 me
2353 5182 2653 5269 dicuntur,
2681 5192 2924 5255 nescitis
2953 5182 3111 5272 quod
3129 5190 3326 5252 cibum
3350 5188 3603 5250 salutem
3634 5186 3823 5247 honi-

434 5287 624 5350 νοῆσαι
654 5283 720 5339 τὰ
771 5280 1173 5362 αἰνιγματωδῶς
1204 5282 1293 5341 ὑπ’
1345 5284 1475 5361 ἐμοῦ
1523 5284 1811 5366 λεγόμενα,
1859 5288 1952 5345 οὒκ
1992 5286 2083 5344 οῗ-

2172 5301 2312 5345 num
2338 5280 2744 5344 nominem.Et
2764 5281 3138 5344 aliterzllunc
3160 5279 3356 5342 cibum
3382 5275 3824 5356 nescitis,ignu-

435 5372 556 5431 δατε
615 5370 694 5431 ὅτι
765 5374 963 5454 βρῶσιν
1021 5373 1267 5451 ὀνομάζω
1324 5375 1423 5444 τὴν
1455 5382 1561 5433 τῶν
1586 5376 1874 5459 ἀνθρώπων
1901 5400 2083 5446 σωτη-

2170 5373 2314 5435 ratis
2334 5374 2493 5436 enim
2525 5371 2681 5454 quod
2702 5371 3060 5435 Samaritani
3084 5366 3734 5459 credituriwsuntmihi
3768 5374 3825 5427 et

438 5466 574 5545 ρίαν,
627 5464 728 5523 Καὶ
794 5461 970 5531 ἄλλως
1028 5462 1106 5522 δέ’
1164 5466 1271 5529 οὑκ
1323 5462 1504 5524 οἴδατε
1560 5456 1759 5537 ταύτην
1786 5476 1886 5539 τὴν
1942 5469 2083 5547 βρῶ-

2171 5464 2575 5527 salvabuntur.
2607 5461 2719 5535 Qui
2764 5462 2944 5543 igitur
2974 5459 3281 5544 discipuli?
3308 5458 3520 5547 Adhuc
3551 5456 3823 5519 dubitant

438 5573 543 5610 σινο
604 5552 664 5611 οὒ
734 5554 835 5635 γὰρ
927 5554 1242 5638 γινώσκετε,
1300 5554 1381 5614 ὀίτι
1468 5558 1807 5618 πιστιύσουσί
1889 5546 1988 5637 μοι
2042 5559 2083 5615 οί

2172 5573 2315 5618 num
2347 5553 2479 5637 quis
2509 5551 2800 5615 attulisset
2829 5554 2881 5615 ei
2926 5551 3084 5635 quod
3117 5547 3417 5615 comedat.
3448 5546 3577 5610 Non
3626 5555 3819 5608 autem

519 5714 713 5781 ur'Jer.
747 5732 832 5796 tu,
867 5715 927 5781 6.
1014 5714 1069 5761 ¹⁶
1092 5716 1315 5785 Ezecb.
1343 5725 1516 5803 mu,
1544 5722 1648 5785 37.
1742 5682 1749 5721 ³⁷

3236 5679 3243 5687 ,
3262 5672 3274 5683 η

3264 5710 3271 5716 ι
3301 5699 3308 5707 ’
3373 5710 3380 5717 .

3244 5742 3247 5745 ν
3346 5740 3353 5746 ν
3400 5725 3471 5745 πθ.

3296 5774 3299 5775 .
3414 5754 3468 5789 ’θ’
