4178 6412
350 349 503 414 1249
1034 349 1478 415 ENARRATIO
1522 352 1606 417 IN
1654 353 2161 417 EVANGELIUM
2205 355 2545 421 JOANNIS.
2598 392 2669 402 ——
2716 359 2882 420 CAP.
2943 358 3045 421 IV.
3584 359 3738 423 1250

343 486 453 564 εγὼ
507 482 561 539 δὲ
637 484 779 562 λέγω
808 486 960 559 ὑμῖν,
1022 484 1101 540 ὅτι
1133 505 1381 562 παρεστιν
1432 486 1457 539 ὁ
1502 488 1691 553 νοητὸς
1722 491 2023 568 θερισμός..

2106 492 2251 552 ualis
2284 491 2511 553 messis.
2545 490 2686 554 Haec
2706 500 2903 554 autem
2935 492 3172 555 dicebat
3201 502 3444 575 propter
3467 494 3609 556 565
3627 495 3744 557 Sa-

346 583 520 664 Ταῦτα
576 572 631 630 δὲ
690 572 845 664 ἔλεγε
897 572 982 630 διὰ
1014 574 1134 639 τοὺς
1181 574 1511 650 Σαμαρείτας
1542 573 1644 643 ἤδη
1691 600 1999 661 προσερχο-

2106 581 2426 661 naritanos,
2457 581 2555 663 qui
2589 582 2713 662 jam
2747 582 3069 645 veniebant
3108 581 3180 643 ad
3202 572 3447 664 'ips—um.
3480 585 3745 647 Attollite

345 663 535 739 μένους
606 666 772 737 αὒτῷ,
834 662 1101 753 Ἐπάρατε
1161 666 1249 720 οὖν
1306 666 1429 729 τοὺς
1471 665 1776 743 ὀφθαλμοὺς
1830 671 1996 746 ὃμῶν,

2116 671 2277 749 gitur
2305 662 2511 734 oculos
2544 673 2897 747 vestros,vel
2922 662 3268 753 spirituales
3284 673 3375 734 vel
3409 674 3749 748 sensibiles,

348 754 460 810 εἴτε
520 755 640 816 τοὺς
686 754 933 833 νοητοὺς,
967 752 1080 809 εἴτε
1110 754 1230 818 τοὺς
1275 756 1579 835 αἰσθητοὺς,
1617 759 1705 814 καὶ
1750 760 2000 818 θεάσασθε

2106 771 2420 842 itspectate
2445 762 2891 826 multitudinem
2912 752 3418 824 Samaritanorum
3434 765 3753 837 ,etauimas

347 847 408 900 τὸ
465 843 665 911 πλῆθος
736 846 839 901 τῶν
897 844 1346 924 προσερχομένων
1378 852 1745 925 Σαμαρειτῶν,
1781 850 2001 915 καὶτὰς

2113 869 2355 930 psorum
2381 851 2453 913 ad
2488 852 2668 914 ﬁdem
2700 852 2932 914 alacres
2962 860 3020 913 et
3064 860 3390 933 promptas,
3425 870 3555 933 quae
3586 853 3751 932 quasi

352 937 424 999 εἷς
485 935 581 1002 τὴν
642 936 818 991 πίστιν
862 934 1160 1012 προθύμους
1186 934 1275 991 καὶ
1307 934 1548 1011 ἑτοίμους
1581 939 1761 1016 ψυχὰς
1807 940 2003 1013 αὐτῶν,

2106 940 2366 1017 'egiones
2397 940 2569 1022 albae,
2607 961 2754 1023 opus
2786 941 3007 1003 habent
3039 940 3583 1004 messoribus.Nam
3601 942 3752 1001 sicut

353 1021 553 1087 αἵτινες
626 1023 804 1103 ὥσπερ
862 1029 1039 1103 χῶραι
1096 1021 1449 1099 λευκασμέναι
1494 1023 1698 1085 δέονται
1728 1032 2002 1108 θερισμοῦ.

2106 1028 2288 1091 aristae
2316 1049 2449 1092 cum
2483 1021 2705 1092 fuerint
2728 1031 2878 1091 albae
2909 1040 3151 1113 ,paratze
3181 1038 3319 1093 sunt
3363 1028 3435 1092 ad
3471 1049 3750 1109 messem,

354 1112 596 1191 Καθάπερ
652 1115 755 1193 γὰρ
816 1115 862 1171 οἱ
921 1112 1177 1193 στάχυες,
1212 1112 1338 1169 ὅταν
1379 1111 1756 1189 λευκανθῶσιν,
1806 1116 2007 1194 ἕτοιμοι

2106 1120 2174 1180 ita
2203 1129 2261 1181 et
2291 1120 2381 1181 hie
2406 1120 2478 1181 ad
2509 1120 2758 1182 salutem
2788 1111 3327 1200 sunt'praeparataa.
3367 1140 3395 1178 ε
3415 1122 3486 1180 Ει
3519 1129 3752 1180 metens

354 1202 427 1263 εἷς
484 1204 756 1283 θερισμὸν,
832 1203 970 1261 οὕτω
1036 1205 1121 1259 καὶ
1179 1204 1319 1260 οὗτοι
1383 1206 1514 1285 πρὸς
1595 1207 1861 1285 σωτηρίαν
1917 1211 2012 1266 εἶσὶ

2106 1209 2437 1271 mercedem
2459 1210 2767 1289 accipit,et
2784 1209 3014 1289 colligit
3034 1209 3287 1271 fructum
3305 1208 3364 1270 in
3385 1209 3564 1270 vitam
3585 1219 3753 1270 aeter-

352 1294 861 1369 παρεσκευασμένοι.
930 1317 955 1348 ι(
1025 1294 1121 1351 Καὶ
1150 1296 1177 1350 6
1233 1294 1445 1374 θερίζων
1492 1298 1677 1369 μισθὸν
1720 1295 2006 1372 λαμϐάνει,

2106 1316 2257 1371 nam,
2294 1308 2356 1359 ut
2387 1308 2447 1360 et
2473 1298 2777 1360 seminans
2808 1298 2985 1360 simul
3013 1298 3289 1378 gaudeat,
3316 1306 3375 1361 et
3398 1306 3627 1360 metens
3664 1321 3677 1362 :
3723 1325 3748 1354 ››

356 1382 445 1437 καὶ
519 1384 733 1460 συνάγει
790 1385 994 1462 καρπὸν
1050 1386 1123 1449 εἷς
1186 1386 1330 1455 ζωὴν
1387 1386 1621 1441 αἰώνιον·
1691 1387 1782 1442 ἵνα
1840 1390 1927 1445 καὶ
1985 1393 2011 1445 ὃ

2106 1387 2252 1468 quod
2278 1389 2436 1449 hunc
2463 1405 2705 1449 sensum
2734 1386 3266 1467 habel,Propheta2
3285 1388 3749 1465 seminaverunt,

355 1470 581 1550 σπείρων
634 1474 769 1547 ὁμοῦ
826 1474 1017 1553 χαίρη,
1092 1474 1184 1530 καὶ
1237 1475 1265 1529 ὁ
1294 1475 1531 1553 θερίζων,
1573 1497 1596 1530 ε
1640 1464 1715 1532 υΟ
1747 1474 1799 1532 δὲ
1835 1475 2004 1558 λέγει,

2106 1464 2201 1538 sed
2232 1496 2351 1538 non
2390 1484 2793 1549 messueruut,
2828 1495 3023 1557 neque
3046 1464 3363 1557 propterea
3387 1478 3591 1555 privati
3616 1464 3753 1537 sunt

355 1561 589 1619 τοιοῦτόν
620 1560 785 1619 ἐστιν’
844 1572 904 1640 Οι
974 1568 1245 1643 προφῆται
1278 1562 1549 1641 ἕσπειραν,
1583 1561 1703 1620 ἀλλ’
1756 1566 1851 1622 οὔκ
1894 1567 2007 1624 ἐθέ-

2106 1565 2414 1647 voluptate,
2450 1565 2554 1627 sed
2588 1566 2899 1628 nobiscum
2933 1565 3211 1628 laetantur
3245 1571 3354 1643 (α),
3390 1575 3447 1627 et
3482 1567 3752 1646 quamvis

356 1671 525 1728 ρισαν,
565 1652 637 1708 Οὐ
707 1652 816 1728 μὴν
886 1651 973 1710 διὰ
1026 1661 1180 1711 τοῦτο
1218 1652 1606 1730 ἀπεστέρηνται
1662 1654 1756 1723 τῆς
1790 1654 2007 1733 same,

2093 1657 2406 1719 nobiscum
2439 1675 2558 1717 non
2591 1656 2904 1734 metant,id
2923 1656 3162 1737 quodin
3186 1656 3575 1718 sensibilibus
3602 1676 3753 1716 mes-

355 1736 491 1793 ἀλλά
544 1740 635 1797 σὺν
696 1743 833 1816 ἡμῖν
890 1743 1187 1823 χαίρουσιν,
1223 1744 1267 1798 εἷ
1309 1744 1398 1799 καὶ
1442 1744 1519 1819 μὴ
1566 1745 1657 1799 σὺν
1702 1746 1843 1820 ἡμῖν
1866 1748 2006 1827 θερί-

2106 1746 2260 1809 sibus
2282 1766 2399 1808 non
2431 1756 2541 1809 est.
2571 1747 2698 1809 Illic
2728 1746 2886 1808 enim
2916 1736 2965 1808 si
2996 1746 3261 1808 evenerit
3290 1745 3444 1827 quod
3470 1746 3620 1806 alius
3645 1764 3748 1807 se-

354 1834 551 1904 ζουσιν,
613 1829 743 1910 ὅπερ
810 1830 864 1887 ἐν
922 1832 1041 1899 τοῖς
1090 1834 1365 1899 αἰσθητοῖς
1413 1836 1684 1911 θερισμοῐς
1718 1835 1812 1892 οὒκ
1842 1835 2011 1899 ἔστιν.

357 1914 509 1975 Ἐκεῖ
563 1920 664 1998 γὰρ
722 1921 813 1977 ἐὰν
870 1919 1047 1999 συμϐῇ
1106 1921 1267 1980 ἄλλον
1338 1937 1577 2001 σπεῖραι,
1614 1927 1702 1981 καὶ
1734 1924 2010 1983 ἔλλονϐε-

355 2009 516 2087 ρίσαι,
589 2010 733 2079 λὺπη
792 2015 870 2089 τῷ
929 2015 1006 2089 μὴ
1075 2015 1347 2092 θερίζοντι.
1422 2013 1512 2073 Ἐν
1542 2013 1596 2072 δὲ
1621 2030 1735 2079 τοῖς
1767 2039 2009 2095 πνευμα-

356 2112 555 2188 τικοῖς,
617 2106 718 2182 οὔχ
791 2103 979 2169 οὕτως·
1056 2102 1195 2161 ἀλλὰ
1223 2106 1311 2161 καὶ
1342 2107 1387 2161 οἱ
1432 2108 1702 2185 προφῆται
1733 2109 2009 2188 προκηρύ-

357 2184 559 2266 Ξαντες,
628 2195 713 2249 καὶ
770 2192 1205 2274 προμαλάξαντες
1262 2197 1366 2251 τῶν
1427 2184 1719 2275 ἀνθρώπων
1750 2184 1845 2262 τὰς
1874 2184 2012 2275 γνώο

356 2298 482 2351 μοις,
555 2283 801 2361 χαίρουσι
857 2284 948 2341 σὺν
1036 2285 1175 2360 ἡμῖν
1243 2298 1361 2348 τοϊς
1422 2286 1494 2350 εἰς
1554 2286 1818 2364 σωτηρίαν
1888 2288 2010 2351 τοὺς

357 2366 659 2446 ἀνθρώπως
716 2372 1054 2453 ἐφελκύσασι,
1122 2383 1193 2431 To
1252 2373 1331 2454 δὲ,
1394 2393 1423 2433 (
1492 2372 1637 2453 Ἐγὼ
1706 2378 1842 2450 ὑμᾶς
1901 2377 2011 2434 ἀπ-

360 2457 568 2517 έστειλα
597 2464 833 2545 θερίζειν,
869 2467 897 2522 ὃ
942 2466 1046 2547 οὐχ
1074 2468 1232 2541 ὑμεῖς
1253 2467 1633 2542 nexo-mazare,
1676 2492 1697 2524 η
1743 2467 1826 2524 διὰ
1856 2469 2011 2526 τοῦτό

360 2571 521 2628 φησιν
592 2555 619 2609 6
653 2556 861 2635 Κύριος,
920 2555 994 2612 ἵν’
1052 2555 1179 2613 ὅταν
1228 2555 1535 2635 ἀποστέλλῃ
1592 2559 1712 2623 τοὺς
1771 2561 2011 2634 μαθητὰς

362 2636 449 2695 ἐπὶ
494 2642 557 2697 τὰ
625 2644 896 2727 κήρυγμα,
936 2647 1043 2722 ⁷μὴ
1127 2645 1509 2727 θορυϐηθῶσιν,
1556 2650 1628 2710 ὡς
1690 2650 1761 2711 εἰς
1794 2655 2015 2728 πρᾶγμα

359 2731 609 2791 ὶπίπονον
687 2736 1163 2814 ἀποστελλόμενοι.
1253 2739 1325 2796 Τὸ
1396 2739 1495 2817 γὰρ
1590 2739 2009 2821 ἒπιπονώτερον,

362 2821 543 2898 φησὶν,
603 2826 650 2880 οἱ
721 2833 988 2907 προφῆται
1021 2826 1347 2902 ἀνεδέξαντο,
1378 2829 1535 2903 ὑμεῖς
1566 2826 1620 2884 δὲ
1665 2828 1750 2886 ἐπὶ
1781 2830 1842 2886 τὸ
1872 2827 2019 2888 ἕτοι-

366 2929 467 2981 μον
520 2911 812 2987 πέμπεσθε.
875 2917 1044 2995 Λόγον
1095 2916 1149 2973 δὲ
1202 2916 1450 2985 ἀληθινόν
1508 2940 1662 2996 φησι,
1722 2920 2016 2997 παροιμίαν

364 3000 481 3057 τινὰ
546 3007 967 3085 περιφερομένην
1038 3009 1180 3087 παρά
1226 3013 1305 3081 τῷ
1348 3007 1559 3080 πλήθει,
1608 3007 1687 3087 δτι
1739 3034 1762 3063 ιι
1802 3000 2014 3074 ’Ἄλλος

364 3090 503 3179 ἔστὶν
532 3093 561 3149 6
584 3076 838 3176 σπείρων,
871 3102 959 3154 καὶ
989 3076 1148 3162 ἄλλος
1176 3100 1204 3154 6
1232 3076 1466 3176 θερίζων.
1502 3076 1550 3153 ιιι⁷
1590 3082 1733 3179 υΟρα
1783 3097 1861 3173 δὲ,
1895 3106 2011 3163 πῶς
2032 3076 2073 3125 C

364 3177 535 3236 πάντα
576 3179 900 3253 δεσποτικῶς
956 3185 1101 3265 λέγει
1154 3188 1241 3243 καὶ
1311 3177 1737 3254 ἐξουσιαστικῶς·
1791 3212 1820 3245 ι
1870 3187 2013 3268 Ἐγὼ

365 3265 651 3329 ἀπέστειλα
725 3275 858 3351 δμᾶς
920 3279 1159 3349 θερίζειν.
1220 3300 1247 3331 ε
1329 3276 1693 3335 Ἀκουέτωσαν
1786 3281 1833 3335 οἱ
1896 3265 2013 3358 περὶ

368 3360 652 3435 Μαρκίωνα
720 3364 813 3420 τὸν
881 3367 1199 3444 κατάρατον,
1274 3367 1361 3422 καὶ
1422 3366 1684 3437 Μάνεντα,
1748 3371 1836 3425 καὶ
1890 3371 2013 3433 τοὺς

367 3448 658 3525 τοιούτους,
734 3453 789 3510 ο’ί
846 3455 946 3523 τὴν
1002 3454 1240 3513 Παλαιὰν
1300 3457 1570 3526 Διαθήκην
1603 3456 2015 3537 ἀπαλλοτριοῦσι

366 3540 465 3603 τῆς
524 3539 683 3627 Νέαςο
711 3542 990 3602 κάντεῦθεν
1045 3547 1146 3625 γὰρ
1199 3542 1539 3625 ἐλέγχονται,
1577 3548 1634 3603 Εἴ
1679 3548 1779 3627 γὰρ
1848 3547 2017 3607 ἀλλο-

370 3627 485 3701 τρία
542 3626 607 3695 ἧν
658 3632 692 3699 ἡ
739 3632 971 3716 Παλαιὰ,
1016 3641 1134 3699 πῶς
1164 3638 1211 3692 οἱ
1242 3633 1532 3693 ἀπόστολοι
1567 3626 1798 3715 ἐθέρισαν
1827 3639 1893 3693 τα
1914 3640 2020 3695 τῶν

372 3724 657 3796 προγητῶν
693 3741 709 3801 ;
776 3712 967 3781 ’Ὠστε
1000 3724 1115 3782 ἐπεὶ
1144 3726 1211 3781 τὰ
1253 3730 1351 3792 τῆς
1388 3712 1704 3791 Παλαιᾶςοὶ
1737 3726 2024 3785 ἀπόστολοι

370 3802 628 3897 illigans»,
674 3812 769 3868 οὐκ
798 3811 1051 3895 ἀλλοτρία
1119 3816 1219 3882 τῆς
1252 3818 1453 3881 Καινῆς
1509 3818 1779 3882 Διαθηκης
1825 3816 2026 3897 εκείνη,

371 3891 494 3986 ἀλλ’
522 3896 813 3979 ἀμφότεραι
857 3891 976 3979 μίας
1010 3901 1379 3963 Ἀκουέτωσαν
1409 3904 1498 3962 καὶ
1543 3906 1591 3961 οἱ
1620 3905 1739 3984 περὶ
1798 3891 2029 3986 ⁹¹Λρειον

368 3983 486 4049 πῶς
541 3988 616 4051 ὡς
688 3991 874 4070 Κύριος
944 3995 1032 4051 καὶ
1097 3993 1435 4061 ἐξουσιαστὴς
1462 3991 1665 4068 πέμπει
1694 3983 1817 4058 τοὺς
1847 3983 2028 4069 μαθη-

370 4073 491 4138 τάςο
548 4077 751 4153 πέμπει
808 4080 888 4163 δὲ,
946 4083 1041 4140 ἵνα
1113 4083 1221 4140 ἀπὸ
1252 4085 1360 4139 τῶν
1391 4083 1601 4161 γηΐνων
1628 4084 1895 4163 θερίσωσι,
1941 4086 2029 4140 καὶ

370 4163 635 4242 ἱκτέμωσι
697 4171 818 4235 τοὺς
871 4155 1072 4246 προστε
1101 4172 1337 4240 τηκότας
1374 4155 1557 4239 αῖότοῐς
1607 4155 1699 4229 11i-
1744 4155 2028 4241 ’Ἕλληνας

373 4253 460 4308 καὶ
545 4252 847 4336 Ἰουδαίους,
916 4263 1002 4318 καὶ
1078 4263 1151 4325 εἰς
1221 4262 1322 4319 τὴν
1352 4260 1465 4318 ἂλω
1491 4261 1888 4337 ἀποκομίζουσιν
1923 4262 2024 4319 αὒ-

2098 1836 2304 1911 minat,
2333 1845 2391 1899 et
2422 1837 2573 1899 alius
2610 1837 2802 1913 metit,
2838 1834 3079 1897 tristitia
3109 1844 3201 1899 est
3230 1855 3349 1897 non
3386 1837 3655 1898 metenti.
3686 1835 3750 1897 In

2095 1926 2504 2008 spiritualibus
2527 1934 2723 1988 autem
2756 1945 2874 1987 non
2909 1926 3134 1995 sic,sed
3166 1933 3226 1986 et
3248 1925 3552 2006 propheta;
3574 1931 3751 1989 antea

2096 2017 2588 2099 praedicaverunt,
2627 2023 2689 2079 et
2706 2015 3542 2097 praemolliverunthominum
3579 2035 3749 2077 men-

2097 2107 2380 2182 tes,unde
2408 2104 2715 2167 vobiscum
2742 2105 3026 2185 gaudent,
3063 2104 3163 2185 qui
3195 2104 3466 2166 homines
3492 2105 3565 2166 ad
3597 2106 3750 2167 salu-

2092 2203 2211 2257 tem
2235 2194 2465 2275 capitis.
2507 2220 2531 2250 u
2557 2194 2679 2274 Ego
2712 2212 2814 2256 vos
2840 2203 3039 2255 autem
3073 2192 3211 2254 misi
3233 2200 3297 2253 ut
3328 2193 3562 2254 metatis
3590 2192 3747 2273 quod

2094 2304 2195 2348 vos
2217 2305 2335 2346 non
2367 2285 2734 2359 elaborastis,
2764 2307 2791 2342 ι
2822 2291 3137 2365 propterea
3166 2283 3638 2355 dicitDominus,
3672 2301 3748 2345 ne

2094 2374 2370 2456 discipuli
2403 2374 2475 2436 ad
2511 2373 2997 2454 praedicationem
3034 2372 3200 2434 missi
3237 2371 3551 2434 turbentur
3577 2375 3743 2451 quasi

2094 2464 2166 2526 ad
2202 2483 2326 2526 rem
2352 2464 2653 2526 ditﬁcilem
2687 2485 2700 2521 :
2730 2480 2863 2524 nam
2883 2462 3038 2543 quod
3073 2480 3391 2524 onerosum
3424 2472 3573 2540 erat,
3604 2481 3744 2542 pro-

2095 2555 2289 2635 phetze
2309 2561 2825 2633 susceperant;vos
2842 2562 3039 2615 autem
3064 2552 3126 2613 in
3144 2560 3467 2633 praeparata
3489 2551 3744 2612 mittimi-

2097 2643 2264 2705 ni.At
2284 2662 2625 2705 sermonem
2646 2659 2847 2704 verum
2868 2640 3420 2722 dicit,proverbium
3437 2642 3603 2719 vulgo
3619 2641 3749 2721 jac-

2096 2734 2525 2796 tatum:«Alius
2553 2740 2643 2795 est
2675 2732 2776 2813 qui
2796 2733 3142 2813 seminat,et
3170 2730 3323 2793 alius
3353 2732 3451 2812 qui
3486 2732 3674 2793 metit.
3712 2753 3741 2787 ι

2097 2822 2355 2886 Observa
2368 2831 2565 2884 autem
2585 2821 2885 2903 quomodo
2906 2821 3185 2882 omnian
3203 2821 3552 2883 auctoritate
3569 2832 3627 2883 et
3641 2821 3749 2881 do-

2101 2912 2283 2974 minio
2314 2912 2537 2974 indicet
2577 2911 2723 2991 .Ego
2755 2911 2904 2972 mihi
2927 2928 3027 2972 vos
3055 2910 3125 2972 ad
3152 2914 3746 2971 mentendum.»Au-

2098 3003 2263 3064 diant
2293 3002 2590 3064 maledicti
2612 3001 2977 3065 Marcionita;
2997 3009 3055 3061 et
3077 2999 3476 3072 Manichaai,et
3493 2999 3745 3075 similes,

2098 3093 2197 3172 qui
2220 3090 2400 3155 Vetus
2431 3089 2882 3152 Testamentum
2906 3108 2940 3151 a
2967 3087 3127 3150 Novo
3157 3089 3661 3150 abalienantznam
3686 3096 3749 3150 et

2098 3180 2432 3242 debocloco
2447 3180 2910 3259 redarguuntur.
2933 3177 3166 3239 Etenim
3185 3177 3236 3239 si
3251 3176 3512 3239 alienum
3530 3177 3741 3238 fuisset

2098 3268 2607 3349 Vetus,quomodo
2630 3268 2882 3348 apostoli
2908 3267 3300 3330 messuissent
3329 3284 3400 3327 ea
3417 3284 3546 3346 quae
3566 3284 3598 3327 a
3614 3284 3745 3346 pro-

2101 3358 2293 3440 phetis
2315 3358 2816 3423 seminata?Unde
2837 3356 2981 3436 quia
3000 3356 3254 3438 apostoli
3285 3362 3661 3416 messueruut
3676 3373 3746 3417 ea

2100 3467 2231 3530 quae
2254 3449 2317 3511 in
2346 3446 2699 3522 Veteri,non
2725 3447 2988 3509 alienum
3023 3454 3112 3508 est
3136 3447 3327 3525 ipsum
3360 3462 3395 3505 a
3424 3445 3588 3506 Novo
3604 3444 3746 3507 Tes-

2107 3538 2435 3610 mento,sed
2462 3546 2709 3619 utraque
2741 3555 2924 3598 unum
2958 3543 3115 3597 sunt.
3148 3534 3409 3599 Audiant
3440 3541 3497 3594 et
3521 3534 3751 3603 Ariani,

2108 3628 2404 3707 quomodo
2431 3636 2707 3707 tauquam
2740 3625 3030 3688 Dominus
3060 3632 3121 3687 et
3151 3630 3499 3705 potestatem
3537 3622 3763 3684 habens

2116 3718 2304 3779 mittat
2326 3717 2675 3797 discipulos.
2710 3715 2884 3778 Mittit
2906 3723 3104 3777 autem
3139 3720 3202 3775 ut
3244 3712 3319 3774 de
3348 3712 3604 3774 terrenis
3636 3730 3765 3772 me-

2114 3814 2237 3868 tant
2268 3816 2325 3869 et
2343 3814 2618 3869 exsecent
2641 3824 2745 3867 eos
2792 3804 2893 3885 qui
2941 3803 3200 3865 terrenis
3222 3801 3386 3865 afﬁxi
3418 3810 3609 3873 erant,
3649 3811 3761 3863 tam

2112 3897 2364 3975 gentiles
2395 3913 2570 3977 quam
2595 3894 2852 3968 Judaaos,
2877 3892 3277 3973 invehantque
3292 3890 3427 3951 illos
3456 3892 3514 3950 in
3537 3908 3761 3963 aream,

2117 3985 2442 4047 Ecclesiam
2475 3986 2633 4059 dico,
2664 3985 2727 4045 in
2750 4002 2867 4064 qua
2896 3981 3326 4044 conculcentur
3353 3998 3386 4040 a
3409 3979 3624 4052 bobus,
3658 3979 3769 4039 hoc

2114 4084 2202 4137 est
2233 4075 2607 4154 doctoribus;
2633 4082 2691 4135 et
2711 4073 2953 4152 jaceant
2981 4072 3091 4134 sub
3135 4071 3255 4133 illis
3292 4088 3360 4132 ac
3390 4070 3767 4148 triturentur,

2112 4182 2244 4225 cum
2278 4182 2490 4225 omnes
2512 4163 2733 4243 paleas,
2767 4170 2826 4223 et
2856 4161 3012 4241 ignis
3042 4161 3334 4236 fomitem,
3381 4166 3439 4219 et
3485 4155 3773 4238 quidquid

2109 4272 2390 4317 carneum
2423 4261 2537 4334 est,
2565 4251 2983 4332 abjecerint,et
3009 4249 3147 4312 facti
3179 4268 3324 4329 pura
3356 4265 3539 4326 grana
3560 4247 3620 4306 in
3652 4263 3775 4308 cm-

302 4360 305 4363 ‘
372 4342 518 4430 τοὺς,
592 4345 693 4413 τὴν
750 4334 1073 4418 Ἐκκλησίαν
1152 4350 1317 4430 λέγω⁶
1355 4350 1417 4407 ἐκ
1444 4353 1480 4425 ᾗ
1511 4334 1790 4429 γενόμενοι
1820 4349 1911 4408 διὰ
1938 4362 2023 4412 τοι]

2117 4344 2281 4406 lestis
2307 4361 2465 4424 penu
2495 4349 2885 4423 reponantur,
2919 4358 2988 4402 ac
3018 4338 3236 4401 deinde
3258 4337 3427 4399 cibus
3465 4338 3610 4396 fiant
3638 4334 3770 4430 βοὶ,

374 4428 621 4491 ἀλουσθοι
650 4437 792 4516 παρά
822 4442 929 4495 τῶν
977 4440 1143 4517 βοῶν,
1185 4428 1426 4497 τουτέστι
1498 4428 1603 4496 τῶν
1674 4437 2026 4516 διδασκάλων,

373 4521 461 4609 sui
510 4523 822 4585 ὑποκεῖσθαι
882 4530 1093 4605 αὐτοῖς,
1152 4526 1443 4609 τρίϐονται,
1499 4531 1589 4586 καὶ
1637 4534 1743 4586 πᾶν
1772 4529 2029 4609 ἀσχυρῶ-

373 4606 482 4700 δας,
553 4616 642 4670 καὶ
699 4620 974 4700 σαρκικὸν,
1006 4621 1094 4676 καὶ
1134 4606 1229 4679 τοῦ
1255 4620 1420 4698 πυρὸς
1448 4617 1765 4696 ὑπέγκαυμα
1794 4606 2032 4676 ἀποϐαλ·

373 4698 613 4780 λόμενοι,
665 4710 883 4788 καθαροὶ
939 4698 1125 4767 κόκκοι
1168 4716 1237 4787 τῇ
1294 4707 1518 4788 οὸρανίῳ
1621 4708 1869 4786 ἀποθήκη
1939 4708 2028 4766 ἐν·

376 4794 735 4878 αποτίθενται,
808 4803 928 4857 εἶτα
989 4800 1076 4858 καὶ
1130 4800 1320 4879 βρῶμα
1376 4800 1609 4878 γίνονται
1655 4805 1751 4854 τοῦ
1795 4798 1928 4855 Θεοῦ
1967 4799 2034 4875 τῇ

376 4884 612 4970 σωτηρίᾳ
664 4888 865 4945 τούτων
945 4888 1439 4970 ἐνευφραίνομένου.
1506 4885 1699 4952 Οὕτως’
1744 4890 1772 4945 δ
1829 4887 2032 4955 Παῦλος

2117 4435 2212 4516 qui
2245 4432 2460 4513 gaudet
2483 4434 2541 4493 in
2574 4432 2762 4493 salute
2793 4447 3028 4492 eorum.
3059 4427 3146 4490 Ita
3180 4428 3396 4489 Paulus
3429 4425 3704 4516 messuit,
3736 4443 3770 4485 a

2118 4514 2278 4587 terra
2315 4539 2619 4600 resecans,
2654 4528 2713 4581 et
2753 4517 2977 4581 docens
3024 4535 3133 4578 nos
3179 4516 3337 4599 quod
3372 4514 3775 4593 municipatus

2119 4622 2322 4676 noster
2362 4612 2424 4674 in
2473 4610 2639 4674 coelis
2667 4611 2745 4672 sit
2768 4607 2850 4672 ἑο.
2885 4606 3249 4671 Cavillantur
3296 4612 3492 4667 autem
3530 4603 3769 4683 quidam

2117 4706 2232 4767 hoc
2253 4703 2410 4765 dicto
2442 4700 2643 4782 lepide
2672 4717 2873 4780 senes,
2906 4697 3093 4758 videri
3118 4696 3394 4776 regiones
3435 4692 3592 4774 quod
3622 4692 3776 4753 alba:

2117 4794 2237 4856 sint
2261 4792 2336 4855 ad
2366 4797 2905 4871 messem,propter
2933 4805 3116 4849 canos
3136 4786 3391 4859 scilicet,
3428 4797 3489 4843 et
3515 4798 3769 4842 messem

2119 4883 2350 4946 mortis.

378 4969 580 5050 ἐθέριζε
608 4981 707 5045 τῆς
742 4985 847 5058 γῆς
878 4961 1219 5057 ἀποτέμνων,
1251 4961 1340 5037 καὶ
1370 4977 1633 5036 διδάσκων
1661 4980 1831 5057 ἡμᾶς,
1887 4977 1969 5035 ὅτι
2018 4980 2079 5035 τὸ
2108 4974 2402 5049 πολίτευμα
2430 4973 2588 5049 ἡμῶν
2617 4970 2677 5027 ἐν
2706 4971 2950 5049 οὐρανοῖς
2982 4966 3236 5045 ὑπάρχει.
3267 4968 3507 5058 Χρξῦξιτανι
3540 4961 3593 5019 δέ
3635 4982 3777 5058 τινες

374 5064 461 5152 ξωιῖ
492 5062 579 5122 ἐπὶ
606 5074 714 5124 τῶν
744 5052 1005 5149 γερόντων
1038 5052 1333 5151 χαριέντως
1364 5076 1466 5152 τῷ,
1503 5093 1529 5126 σι
1590 5052 1858 5127 Θεέσασθε
1911 5070 2004 5135 τὰς
2062 5070 2273 5149 χώρας,
2324 5065 2405 5121 ὅτι
2453 5062 2634 5120 λευκαί
2664 5063 2765 5117 εἰσι
2793 5061 2925 5138 πρὸς
2955 5059 3228 5138 θερισμὸν,
3268 5080 3294 5111 n
3331 5054 3414 5111 διὰ
3444 5057 3536 5119 τὰς
3583 5052 3776 5118 πολιὰς

376 5150 605 5227 δηλαδὴ,
640 5160 727 5215 καὶ
769 5162 861 5217 τὸν
889 5163 982 5217 τοῧ
1000 5150 1226 5218 θανάτου
1252 5150 1523 5241 θερισμὸν.

464 5267 486 5301 ε
559 5244 655 5303 Ἐκ
678 5245 737 5305 δί
776 5255 873 5318 τῆς
906 5250 1116 5316 πόλεως
1150 5251 1358 5319 ἐκείνης
1388 5248 1578 5308 πολλοί
1609 5249 1920 5307 ἐπίστευσαν
1952 5250 2024 5313 εἰς

377 5333 535 5389 αὐτὸν
605 5340 712 5394 τῶν
773 5343 1125 5417 Σαμαρειτῶν.
1186 5336 1271 5397 διὰ
1313 5340 1403 5396 τὸν
1434 5337 1597 5417 λόγον
1638 5340 1737 5405 τῆς
1780 5340 2028 5416 γυναικὸς

378 5426 768 5510 μαρτυρούσης,
802 5425 884 5485 ὅτι
916 5428 1057 5487 Εἶπέ
1088 5451 1179 5506 μοι
1210 5429 1382 5488 πάντα
1404 5427 1505 5486 ὅσα
1534 5428 1784 5497 ἐποίησα.
1816 5418 1909 5490 Ὧς
1940 5426 2029 5483 οὖν

460 5596 523 5649 ³ο
550 5595 808 5679 Philipp.
836 5614 926 5682 ni,
961 5600 1066 5663 20.

2193 5242 2599 5308 VEns.39-4'2.
2637 5238 2755 5300 «Ex
2779 5236 3014 5299 civitate
3036 5243 3233 5299 autem
3255 5233 3365 5296 illa
3382 5232 3550 5294 multi
3567 5229 3777 5293 Sama—

2110 5336 2445 5397 ritanorum
2481 5328 2868 5394 crediderunt
2894 5326 2957 5387 in
2991 5343 3127 5387 eum
3167 5332 3408 5405 prepter
3430 5338 3780 5386 sermonem

2114 5424 2382 5487 mulieris
2406 5418 2774 5484 testificantis
2794 5414 2953 5497 quod
2977 5413 3222 5476 dixisset
3243 5411 3582 5477 sibiomnia
3607 5427 3775 5492 quas-

464 5740 545 5810 ta)
572 5733 727 5799 Edit.
763 5736 891 5797 Lut.
942 5753 1062 5799 non
1093 5733 1303 5816 habet,
1333 5734 1440 5798 sed
1473 5734 1783 5798 uobiscum
1813 5732 2119 5801 (alantur.
