4178 6412
413 353 565 416 1251

1388 344 1982 411 THEOPHYLACTI
2026 342 2433 405 BULGARIIE
2475 340 2830 405 ARCHIEP.

3650 337 3805 403 125?

406 508 643 571 cunque
668 488 1083 550 fecisset.Cum
1109 488 1408 548 venissent
1426 504 1565 563 ergo
1591 483 1663 545 ad
1683 482 1849 543 illum
1870 480 2054 542 Sama-

2152 479 2313 546 ἦλθον
2370 483 2498 558 πρὸς
2559 483 2714 541 αὐτὸν
2772 483 2819 538 οἱ
2875 488 3231 559 Σαμαρεῖται,
3256 480 3477 559 ἠρώτων
3524 482 3676 537 αὐτὸν
3704 493 3803 555 μεϊ

404 579 607 659 ritani,
639 578 779 639 564
809 585 1165 655 rogaverunt
1187 594 1321 638 eum
1356 582 1419 636 ut
1441 574 1599 655 apud
1641 592 1705 634 se
1742 579 2011 633 maneret
2040 591 2051 630 :

406 678 463 729 et
482 670 695 730 mansit
716 667 958 729 ibiduos
979 666 1207 747 dies,ac
1233 664 1419 726 multo
1440 664 1645 743 plures
1673 661 2060 723 crediderunt

408 767 649 838 prepter
676 776 1018 819 sermonem
1050 756 1327 835 ipsius,et
1360 752 1597 814 mulieri
1624 750 2055 813 dicebantzlam

406 865 522 907 non
557 857 803 926 propter
834 855 990 907 tuam
1018 845 1349 906 orationem
1385 843 1729 905 credimus:
1763 840 1873 920 ipsi
1897 841 2055 901 enim

403 935 758 1015 audivimus,
787 947 845 999 et
900 936 1120 1003 scimus
1168 932 1324 1014 quod
1380 932 1474 994 hic
1506 940 1591 993 est
1628 949 1764 992 vere
1796 930 2059 991 Salvator

405 1024 1218 1105 mundiChristus.»Propter
1242 1041 1581 1085 sermonem
1609 1018 2058 1081 mulierismulti

404 1113 761 1177 Samaritani
810 1117 1297 1194 credunt,utpote
1329 1111 1655 1192 prudenter
1683 1109 1838 1189 apud
1874 1109 2059 1186 seju-

404 1205 674 1266 dicantes
703 1205 861 1285 quod
893 1207 1068 1266 vitam
1089 1223 1255 1265 suam
1284 1202 1499 1263 mulier
1519 1220 1633 1262 non
1661 1200 1955 1275 vulgasset
1984 1197 2054 1258 ad

404 1294 517 1355 hoc
549 1303 610 1355 ut
639 1294 1072 1374 gratiﬁcaretur
1100 1291 1296 1364 alteri,
1333 1290 1443 1352 nisi
1473 1309 1611 1351 vere
1646 1305 1895 1368 magnus
1927 1287 2058 1367 quis

406 1394 564 1445 esset
607 1393 664 1445 et
692 1403 873 1464 super
908 1384 1124 1445 multos
1174 1386 1271 1462 qui
1326 1380 1399 1442 ab
1454 1380 1556 1441 iila
1602 1376 2054 1458 praedicabatur.

400 1473 542 1536 Ideo
574 1475 826 1536 etﬁdem
860 1473 1148 1554 operibus
1171 1477 1735 1541 commonstrantes,
1770 1468 2053 1528 obsecra-

405 1564 544 1625 bant
574 1564 742 1625 illum
786 1570 849 1623 ut
876 1571 1164 1643 perpetuo
1199 1561 1353 1641 apud
1382 1560 1543 1639 ipsos
1574 1566 1753 1620 esset.
1795 1583 1816 1611 α
1848 1560 2055 1619 Mane—

400 1673 505 1717 re»
531 1653 692 1716 enim
716 1654 827 1714 hoc
843 1651 1509 1731 signiﬁcat,perpetuum
1527 1647 1888 1709 domicilium
1903 1645 2057 1726 apud

402 1745 538 1831 illos
570 1739 1041 1831 habere.Verum
1063 1741 1162 1801 ille
1185 1740 1245 1801 in
1268 1740 1381 1801 hoc
1408 1760 1520 1831 non
1547 1734 2057 1831 obtempera_t,sed
2087 1784 2121 1831 Β

404 1831 477 1892 ad
495 1830 641 1891 duos
661 1838 890 1891 tantum
916 1829 1044 1891 dies
1079 1828 1469 1889 manetzunde
1506 1853 1531 1881 α
1559 1836 1615 1887 et
1646 1825 1829 1886 multo
1864 1824 2059 1903 plures

400 1918 1042 1999 credideruntpropter
1056 1917 1390 1980 doctrinam
1415 1917 1563 1996 ejus.
1582 1915 1879 1976 xTametsi
1895 1932 2067 1975 evan-

398 2009 611 2087 gelista
635 2028 751 2070 non
769 2018 1008 2071 enarret
1033 2007 1425 2089 particulatim
1454 2005 1752 2067 mirabilia
1775 2003 2063 2065 doctrinae

402 2100 533 2179 ejus
564 2098 987 2172 verba,eventu
1010 2108 1206 2160 tamen
1225 2098 1492 2170 docet,ut
1518 2095 1915 2173 intelligamus
1937 2093 2057 2154 vir-

399 2198 582 2251 tutem
611 2188 1019 2249 divinzeillius
1050 2188 1336 2250 doctrina;
1370 2185 1515 2248 Nam
1551 2194 1607 2247 et
1640 2185 1820 2245 multa
1855 2183 1967 2245 alia
2002 2192 2059 2245 et

402 2296 613 2357 magna
627 2287 937 2338 transeunt
956 2277 1438 2356 evangelistaa,eo
1464 2275 1620 2355 quod
1636 2293 1753 2335 non
1772 2274 1841 2335 ad
1863 2282 2057 2335 osten-

406 2368 712 2447 tationem,
735 2367 842 2428 sed
873 2367 945 2429 ad
978 2367 1286 2428 veritatem
1314 2365 1732 2427 declarandam
1765 2363 2056 2425 scribunt.

402 2459 607 2541 Itaque
635 2479 769 2521 cum
803 2459 1092 2521 Dominus
1124 2457 1451 2537 essetapud
1472 2453 2057 2529 Samaritanos,veri-

401 2550 595 2612 simile
629 2558 716 2610 est
746 2568 882 2610 eum
915 2548 1211 2609 diviniora
1250 2547 1519 2628 quaedam
1563 2545 1865 2619 docuisse;
1900 2547 2059 2606 unde

402 2640 562 2700 nullo
596 2642 715 2699 viso
748 2638 918 2717 signo
949 2638 1291 2711 credunt,et
1336 2636 1657 2697 obsecrant
1706 2648 1766 2694 ut
1799 2641 2053 2697 maneat.

399 2728 583 2791 Judaei
617 2735 813 2789 autem
846 2727 1118 2808 quamvis
1152 2725 1418 2807 pluribus
1465 2724 1846 2786 sermonibus
1871 2732 1930 2785 et
1970 2723 2056 2783 si-

402 2816 1094 2897 gnisfruerentur,adhuc
1112 2812 2060 2896 persequebanturprofecto«ini-

405 2908 541 2968 mici
573 2907 859 2980 hominis,
891 2906 1203 2969 domestici
1235 2906 1364 2985 ejus
1388 2905 1465 2966 ἒί.
1507 2929 1530 2963 υ
1573 2904 1719 2966 Vlde
1750 2904 1889 2964 item
1914 2922 2058 2982 quo-

403 2997 578 3058 modo
610 2996 771 3058 brevi
804 2996 1116 3059 multitudo
1151 2996 1450 3075 praecellat
1481 3014 1610 3056 eam
1644 3013 1677 3055 a
1718 3012 1833 3075 qua
1885 2994 2056 3054 docta

2144 594 2225 625 ναι
2299 569 2423 647 παρ’
2484 573 2692 637 αὺτοῖς·
2752 573 2840 628 καὶ
2897 570 3103 646 ἔμεινεν
3162 569 3280 626 ἐκεῖ
3334 566 3425 625 δύο
3454 570 3684 646 ἡμέρας,
3713 574 3804 626 καὶ

2145 660 2329 734 πολλῷ
2361 660 2571 725 πλείους
2603 662 2913 720 ἐπίστευσαν
2946 659 3029 717 διὰ
3070 662 3162 716 τὸν
3206 658 3362 739 λόγον
3413 662 3595 717 αὒτου⁶
3628 665 3695 736 τῇ
3742 681 3801 714 τε

2435 750 2639 829 ἔλεγον,
2716 752 2795 807 ὅτι
2857 753 2963 808 Οὔκ
2992 749 3065 806 ἔτι
3099 749 3183 806 διὰ
3211 751 3309 817 τὴν
3342 750 3441 816 σὴν
3475 747 3663 805 λαλιὰν
3699 771 3801 805 πι-

2144 843 2416 914 στεύομεν·
2484 843 2625 897 αὐτοὶ
2680 842 2778 919 γὰρ
2857 840 3189 915 ἀκηκόαμεν,
3250 842 3340 896 καὶ
3412 836 3659 916 οἴδαμεν,
3719 840 3799 893 ὃτι

2145 930 2292 992 οὗτος
2354 930 2493 985 ἐττιν
2526 929 2734 997 ἀληθῶς
2769 933 2795 986 6
2828 931 3020 1009 Σωτὴρ
3061 937 3152 985 τοῦ
3176 930 3380 1004 κόσμου
3409 931 3435 983 6
3488 928 3731 1005 Χριστός,
3768 952 3795 981 ι

2149 1021 2244 1073 Δια
2302 1021 2388 1075 τὸν
2463 1019 2624 1098 λόγον
2696 1019 2790 1088 τῆς
2837 1021 3084 1097 γυναικὸς
3142 1019 3477 1075 πιστεύουσιν
3520 1020 3567 1072 οἱ
3604 1024 3801 1092 Σαμα-

2906 1098 2920 1119 ’
2978 1111 3191 1172 ἑαυτοῖς
3255 1110 3545 1186 κρίναντες,
3578 1109 3652 1169 ὡς
3705 1108 3802 1163 οὐκ

2144 774 2235 826 γυν
2244 752 2349 806 αικὶ

2145 1124 2337 1184 ρεῖται,
2400 1113 2473 1173 ὡς
2532 1112 2735 1167 συνετοὶ
2793 1132 2899 1185 παρ

2145 1198 2204 1253 ἐξν
2273 1202 2362 1255 τὸν
2421 1202 2617 1256 οἰκεῖον
2689 1200 2799 1276 βίον
2858 1201 2891 1268 ἡ
2923 1202 3055 1277 γυνὴ
3112 1198 3503 1273 ἐξεπὸμπευσεν
3545 1197 3676 1273 ὑπὲρ
3704 1204 3802 1253 τοῦ

2538 1288 2719 1364 ἑτέρῳ,
2784 1290 2826 1344 εἰ
2898 1291 2975 1363 μὴ
3020 1287 3233 1355 ἀληθῶς
3266 1288 3431 1365 μέγας
3482 1308 3566 1350 τις
3614 1286 3680 1353 ἧν
3711 1287 3801 1341 καὶ

2140 1378 2267 1455 ὖπέρ
2336 1376 2458 1442 τοὺς
2486 1378 2714 1443 πολλούς
2746 1382 2773 1435 6
2802 1378 2895 1435 ὑπ’
2930 1379 3089 1445 αὐτῆς
3122 1378 3537 1455 κηρυττόμενος⁵
3585 1374 3665 1431 διὸ
3714 1378 3801 1431 καὶ

2142 1291 2456 1367 χαρίσασθαι

2142 1470 2239 1534 τὴν
2287 1470 2461 1525 πίστιν
2518 1484 2635 1533 to“:
2692 1469 2863 1549 ἔργοις
2909 1466 3225 1542 δεικνύντες,
3274 1468 3608 1545 παρεκάλουν
3643 1467 3800 1522 αὒτὸν

2145 1556 2214 1612 δι’
2243 1558 2369 1614 ὅλου
2410 1557 2534 1638 παρ’
2571 1558 2780 1624 ἑαυτοῖς
2812 1565 2971 1616 εἶναι·
3005 1561 3065 1614 τὸ
3099 1560 3221 1637 γὰρ,
3261 1582 3287 1612 ιι
3323 1570 3532 1630 μεῖναι,
3574 1580 3601 1611 ι
3638 1562 3798 1611 τοῦτο

2145 1650 2391 1721 σημαίνει
2445 1650 2505 1705 τὸ
2557 1651 2869 1717 κατοικῆσαι
2929 1649 3143 1712 τελείως
3196 1645 3319 1727 παρ’
3369 1649 3575 1710 αὖτυῒς.
3628 1637 3685 1702 ιΟ
3743 1642 3800 1699 δὲ

2143 1740 2297 1794 τοῦτο
2365 1740 2462 1810 μὲν
2524 1738 2583 1795 οὔ
2646 1741 2902 1818 πείθεται,
2962 1737 3050 1794 δύο
3079 1736 3133 1793 δὲ
3179 1740 3342 1813 μόνας
3372 1736 3575 1814 ἡμέρας
3626 1734 3794 1809 μένεν

2154 1827 2267 1886 ὅθεν
2326 1831 2412 1884 καὶ
2464 1828 2648 1903 πολλῷ
2719 1828 2930 1892 πλείους
3004 1828 3175 1883 abqu
3232 1828 3539 1885 ἐπίστευσαν
3571 1824 3653 1881 διὰ
3701 1824 3801 1891 τὴν

2151 1915 2485 1974 διδασκαλίαν
2545 1919 2724 1979 αὐτοῦ.
2791 1920 2886 1976 Καὶ
2942 1920 3042 1997 γὰρ
3088 1921 3115 1974 6
3148 1916 3527 1995 εὐαγγελιστης
3560 1916 3653 1970 οὐκ
3680 1912 3801 1979 ἔξη-

2148 2022 2324 2084 γεῖται
2378 2008 2443 2064 τὰ
2508 2009 2642 2065 κατὰ
2714 2009 2874 2086 μὲρος
2932 2008 3207 2084 θαυμαστὰ
3275 2012 3373 2074 τῆς
3460 2002 3799 2065 διδασκαλίας

2148 2098 2303 2153 αὗτοῦ
2374 2098 2610 2175 ῥήματα,
2672 2096 2792 2154 ἀλλ’
2855 2102 2992 2173 ἡμῖν
3052 2120 3111 2175 γε
3161 2096 3336 2153 δίδωσι
3395 2108 3540 2153 νοεῖν
3589 2094 3649 2149 ἐκ
3706 2101 3800 2149 του

2144 2186 2326 2250 τέλους
2383 2192 2486 2243 τῶν
2558 2188 2886 2265 πραγμάτων
2932 2189 3028 2254 την
3060 2185 3275 2261 δύναμιν
3318 2189 3416 2253 τῆς
3446 2186 3587 2247 θείας
3638 2182 3799 2240 αὗτοῦ

2144 2272 2502 2339 διδασκαλίας.
2568 2276 2748 2336 Πολλὰ
2804 2281 2903 2357 γὰρ
2963 2300 3044 2333 τοι
3078 2278 3166 2333 καὶ
3194 2282 3299 2332 τῶν
3331 2273 3580 2353 μεγάλων
3615 2294 3794 2349 παρα-

2144 2366 2424 2445 τρέχουσιν
2486 2370 2531 2424 οἱ
2586 2366 2976 2446 εὗαγγελισταὶ,
3024 2367 3103 2423 ὅτι
3136 2367 3213 2442 μὴ
3258 2368 3388 2445 πρὸς
3418 2362 3661 2428 ἐπίδειξιν
3707 2365 3796 2418 καὶ

2144 2456 2456 2534 φιλοτιμίαν
2513 2455 2819 2537 γράφουσιν,
2854 2457 2989 2513 ἀλλὰ
3022 2460 3152 2535 πρὸς
3201 2454 3473 2524 ἀληθειαν,
3525 2454 3621 2511 Καὶ
3650 2453 3795 2531 παρὰ

2143 2560 2258 2609 το”ς
2316 2549 2668 2624 Σαμαρείταις
2728 2548 2813 2603 οὖν
2875 2548 3159 2624 γενόμενον
3233 2549 3322 2603 τὸν
3414 2546 3595 2622 Κύριον
3651 2544 3794 2605 εἰκὸς

2143 2637 2379 2713 θειότερα
2447 2658 2563 2691 τινα
2620 2634 2839 2702 διδάξαι⁸
2874 2636 2991 2693 ὅθεν
3037 2636 3153 2696 οὔδε
3188 2649 3418 2711 σημεῖον
3469 2630 3614 2691 οὖδὲν
3645 2631 3789 2688 ἰδόν-

2145 2747 2247 2798 τες,
2298 2727 2599 2782 πιστεύουσι
2670 2729 2757 2782 καὶ
2811 2726 3176 2792 παρακαλοῦσι
3254 2726 3454 2801 μένειν,
3539 2720 3790 2779 Ἰουδαῖοι

2145 2814 2197 2871 δὲ
2257 2818 2342 2871 καὶ
2397 2815 2570 2894 λόγων
2627 2818 2823 2895 μυρίων
2878 2819 2966 2873 καὶ
2995 2820 3233 2888 σημείων
3261 2812 3786 2887 καταπολαύσαντες,

2144 2904 2216 2962 ἔτι
2278 2905 2513 2979 ἐδίωκον,
2575 2904 2740 2970 ὅιτως
2791 2928 2814 2963 tt
2851 2907 3028 2988 ἐχθροί
3057 2918 3146 2966 τοῦ
3190 2907 3461 2985 ἀνθρώπου
3493 2907 3539 2959 οἱ
3584 2904 3787 2959 οἰκεια-

2142 2997 2221 3050 κιιὶ
2254 2999 2430 3053 αὐτοῦ.
2466 3015 2495 3055 )
2537 2985 2681 3069 υΟρα
2724 2994 2777 3051 δέ
2821 2985 2915 3071 μοι
2953 2985 3123 3053 πόσον
3154 2995 3327 3074 βραχὺ
3359 2995 3418 3049 τὸ
3458 2991 3659 3060 πλῆθος
3690 2992 3788 3058 τὴν

395 3086 733 3148 fueratznon
769 3086 927 3147 enim
963 3086 1307 3166 prophetam
1341 3094 1775 3165 vocant,neque
1795 3082 2047 3146 Salvato-

2140 3082 2410 3149 διδάξεισαν
2471 3084 2659 3150 αὖτοὺς
2715 3086 3156 3164 ὑπερηκόντισαν,
3219 3087 3291 3142 Οὐ
3351 3084 3450 3162 γὰρ
3506 3082 3788 3161 προφήτην

396 3193 522 3236 rem
556 3174 759 3255 Israel,
789 3176 892 3237 sed
929 3174 1135 3236 mundi
1165 3193 1179 3237 :
1216 3184 1273 3237 et
1307 3193 1440 3237 cum
1462 3174 1735 3248 articulo,
1781 3199 1797 3228 I
1832 3172 1941 3234 Hic
1963 3181 2052 3233 est

399 3264 686 3340 Salvator,
731 3290 750 3318 ι
785 3264 886 3327 Ille
913 3264 1153 3345 proprie
1188 3272 1244 3325 et
1274 3283 1411 3326 vere
1444 3264 1771 3325 salvaturus
1814 3281 2044 3324 omnes.

398 3355 707 3417 Venerunt
736 3354 895 3416 enim
930 3354 1101 3415 multi
1126 3362 1188 3416 ut
1216 3356 1534 3429 salvarent,
1572 3363 1628 3416 et
1658 3354 1776 3427 lex,
1807 3362 1861 3414 et
1904 3371 2046 3433 pro-

399 3444 590 3525 phetae
614 3459 669 3507 et
695 3444 911 3524 angeli;
946 3444 1051 3506 sed
1076 3443 1173 3506 hic
1204 3452 1292 3506 est
1324 3444 1423 3506 ille
1454 3462 1628 3507 verus
1647 3442 1935 3507 Salvator.

484 3630 667 3690 Vens.
690 3628 907 3691 43-45.
940 3654 966 3684 (ί
996 3631 1135 3692 Post
1159 3628 1308 3690 duos
1330 3636 1526 3690 autem
1564 3628 1693 3689 dies
1725 3626 1864 3688 exiit
1889 3625 2052 3700 inde,

403 3726 461 3779 et
488 3717 631 3780 abiit
662 3718 723 3779 in
747 3719 1072 3782 Galilaeam.
1102 3718 1234 3799 Ipse
1286 3718 1445 3779 enim
1477 3715 1653 3780 Jesus
1689 3725 1936 3779 testatus
1969 3723 2058 3776 est

398 3807 555 3889 quod
580 3808 868 3889 propheta
899 3808 955 3869 in
978 3826 1085 3869 sua
1118 3807 1299 3887 patria
1328 3808 1617 3868 honorem
1640 3826 1757 3867 non
1778 3805 2046 3867 haberet.

397 3900 541 3961 Cum
566 3916 705 3973 ergo
756 3897 1019 3959 venisset
1045 3896 1102 3957 in
1137 3896 1461 3971 Galilwam,
1502 3904 1867 3976 exceperunt
1915 3913 2049 3955 eum

395 3986 786 4057 Galilaei,cum
818 3988 1018 4046 omnia
1047 3984 1336 4047 vidissent
1356 4003 1487 4065 qua;
1514 3984 1738 4046 fecerat
1760 3983 2047 4045 Hieroso-

396 4075 567 4155 lymis
589 4075 648 4135 in
679 4074 777 4134 die
800 4074 1116 4154 festo;nam
1146 4083 1205 4136 et
1241 4075 1353 4153 ipsi
1384 4074 1761 4135 venerautad
1786 4073 1943 4134 diem
1969 4071 2049 4133 fe-

394 4167 769 4227 stum.»Cum
801 4164 1019 4225 exisset
1046 4183 1079 4225 a
1105 4164 1367 4226 Samaria
1392 4164 1706 4246 Dominus,
1734 4164 1794 4224 in
1820 4163 2050 4226 Galilae—

394 4273 488 4316 am
512 4253 862 4333 digreditur.
891 4253 1121 4316 Deinde
1156 4274 1228 4315 ne
1254 4256 1385 4335 quis
1432 4254 1691 4334 inquirat
1725 4261 1783 4313 et
1816 4252 2051 4313 dubitet

394 4362 577 4424 quare
608 4362 723 4404 non
741 4362 980 4424 semper
998 4354 1234 4405 maneat
1255 4346 1313 4405 in
1335 4343 1710 4423 Galilaaa,sed
1739 4361 1844 4423 per
1868 4342 2050 4403 inter-

2138 3176 2290 3231 αὺτὸν
2356 3173 2622 3253 λέγουσιν,
2697 3163 2824 3234 οὖδέ
2848 3183 3073 3254 Σωτῆρα
3116 3184 3209 3233 τοῦ
3253 3163 3492 3252 Ἰσραὴλ,
3529 3170 3666 3227 ἀλλὰ
3694 3177 3789 3226 τοῦ

2134 3266 2357 3340 κόσμου,
2418 3266 2505 3321 καὶ
2561 3266 2699 3341 μετ-ὴ
2753 3272 2844 3321 τοῦ
2898 3265 3104 3344 ἄρθρου,
3161 3286 3184 3320 ιι
3223 3263 3385 3327 Οὗτός
3420 3262 3560 3317 ἐστιν
3599 3264 3627 3317 6
3658 3268 3789 3317 Σωιι

2132 3355 2253 3431 τηρ,
2307 3378 2334 3409 »
2397 3357 2424 3411 6
2468 3356 2657 3433 κυρίως
2727 3357 2814 3411 καὶ
2866 3362 2943 3429 τῷ
2973 3354 3081 3411 ὄντι
3109 3354 3285 3418 σώσας
3337 3352 3559 3416 παντας,
3596 3345 3788 3407 Ἦλθον

2137 3446 2234 3518 μὲν
2308 3446 2406 3523 γὰρ
2438 3444 2624 3501 πολλοὶ
2656 3448 2847 3525 σῶσαι,
2879 3448 2967 3501 καὶ
2999 3446 3183 3521 νόμος,
3216 3445 3304 3501 καὶ
3361 3447 3650 3523 προφῆται,
3697 3444 3786 3497 καὶ

2140 3534 2378 3613 Ξίγγελοι,
2413 3532 2533 3592 ἀλλ’
2565 3535 2717 3599 οὗτός
2748 3538 2887 3592 ἔστιν
2920 3538 2947 3592 6
2978 3535 3226 3603 ἀληθινὸς
3272 3535 3485 3613 Σωτὴρ,

2226 3644 2253 3681 ι
2308 3624 2452 3680 Μετὰ
2510 3622 2564 3679 δὲ
2635 3626 2729 3689 τὰς
2762 3623 2848 3682 δύο
2903 3625 3103 3705 ἡμέρας
3161 3623 3376 3692 ἐξῆλθεν
3422 3623 3646 3696 ἐκεῖθεν,
3697 3623 3785 3678 καὶ

2140 3713 2372 3779 ἀπῆὶθεν
2434 3715 2506 3778 εἷς
2578 3715 2678 3782 τὴν
2752 3714 3060 3771 Γαλιλαίανθ
3135 3715 3290 3777 αὐτὸς
3349 3715 3448 3792 γὰρ
3504 3715 3531 3769 6
3579 3712 3785 3780 Ἰησοῦς

2138 3804 2519 3883 ἐμαρτύρησεν,
2579 3804 2660 3860 ὃτι
2731 3806 3013 3885 προφήτης
3078 3805 3130 3861 ἐν
3191 3810 3260 3881 τῇ
3314 3801 3414 3876 ἰδίᾳ
3444 3800 3650 3882 πατρίδι
3695 3824 3787 3858 τι-

2138 3895 2214 3968 μὴ
2286 3898 2380 3952 οὒκ
2437 3894 2575 3973 ἔχει,
2667 3885 2811 3951 ’Ὅτε
2864 3894 2953 3951 οὗν
3008 3893 3168 3963 ἦλθεν
3201 3896 3272 3956 εἰς
3330 3894 3428 3960 τὴν
3474 3891 3786 3964 Γαλιλαίαν,

2136 3981 2373 4047 ἐδέξαντο
2441 3985 2594 4039 αὐτὸν
2667 3986 2713 4040 οἱ
2781 3982 3090 4058 Γαλιλαῖοι,
3165 3985 3337 4040 πάντα
3368 3983 3660 4061 ἑωρακότες
3689 3981 3787 4038 ὅσα

2134 4073 2382 4139 εποίησεν
2440 4071 2493 4127 ἐν
2541 4064 2925 4150 Ἰεροσολύμοις
2962 4073 3038 4135 ,ἐν
3067 4080 3136 4151 τῇ
3167 4075 3347 4153 ἐορτῇ⁸
3383 4076 3470 4129 καὶ
3514 4073 3658 4128 αὒτοὶ
3688 4072 3791 4150 γὰρ

2133 4162 2293 4228 ἦλθον
2352 4164 2424 4225 εἷς
2456 4162 2553 4229 τὴν
2602 4163 2814 4241 ἑορτήν,
2890 4189 2910 4218 ιι
2991 4162 3243 4229 Ἐξελθὼν
3275 4163 3382 4218 ἀπὸ
3430 4162 3729 4241 Σαμαρείας
3763 4164 3791 4216 6

2141 4258 2351 4332 Κύριος,
2426 4254 2498 4318 εἷς
2570 4255 2668 4320 τὴν
2700 4252 2984 4311 Γαλιλαίαν
3018 4254 3333 4334 ἀπέρχεται,
3384 4253 3546 4325 Εἶτα,
3591 4252 3682 4307 ἵνα
3713 4252 3812 4327 μὴ.

2137 4342 2353 4419 ἐξετάζῃ
2404 4366 2509 4419 τις,
2585 4345 2673 4400 καὶ
2732 4341 2978 4424 διαπορῇ,
3034 4345 3174 4409 τίνος
3261 4341 3435 4399 ἕνεκεν
3490 4341 3586 4399 οὒκ
3641 4340 3693 4398 ἐν
3722 4340 3792 4408 τῆ

394 4433 542 4495 valla
574 4432 985 4514 peregrinetur
1014 4435 1168 4514 apud
1204 4436 1593 4515 eos,maxime
1614 4451 1749 4495 cum
1784 4432 2054 4494 videatur

2140 4432 2394 4505 Γαλιλαίᾳ
2452 4434 2531 4490 ἀεὶ
2590 4437 2679 4508 ἧν,
2714 4432 2832 4491 ἀλλ’
2880 4435 2940 4491 ἐκ
2982 4432 3363 4510 διαλείμματος
3395 4433 3579 4496 αὒτοῐς
3609 4429 3792 4498 ἐπιδη-

397 4541 529 4584 esse
551 4542 619 4585 ex
643 4523 1059 4586 Galilwazdicit
1088 4525 1241 4603 quod
1272 4536 1588 4603 propterea
1612 4542 1731 4584 non
1769 4520 2056 4584 manserit

397 4614 458 4675 in
490 4612 748 4683 Galilaea,
781 4613 917 4692 quia
935 4613 1160 4675 nullum
1189 4614 1481 4675 honorem
1525 4613 1608 4674 illi
1635 4612 2050 4674 exhibuerant.

404 4704 572 4783 «Ipse
593 4702 753 4763 enim
769 4701 797 4763 J
807 4721 943 4762 esus
968 4709 1212 4763 testatus
1241 4703 1351 4763 fuit
1370 4703 1527 4783 quod
1553 4702 1842 4783 propheta
1862 4702 1923 4762 in
1949 4718 2053 4762 sua

398 4796 589 4874 patria
618 4792 680 4853 in
703 4793 930 4853 honore
964 4811 1083 4853 non
1112 4795 1247 4853 sit.»
1287 4792 1719 4855 Gonsuevimus
1751 4791 1912 4853 enim
1942 4810 2049 4852 nos

394 4882 672 4944 homines
696 4889 1082 4943 contemnere
1115 4901 1185 4943 ea
1216 4901 1346 4962 quae
1367 4881 1536 4944 valde
1560 4880 2050 4951 familiaria,sem-

395 4991 503 5053 per
524 4972 709 5051 magis
729 4969 1105 5032 attendentes
1136 4972 1349 5033 alienis
1380 4979 1441 5034 et
1471 4970 1910 5044 insolitis.Quid
1932 4970 2049 5050 igi-

396 5063 651 5127 turYNon
684 5060 950 5122 videmus
985 5061 1162 5123 etiam
1188 5061 1406 5122 multos
1426 5061 1580 5141 apud
1610 5080 1749 5123 suos
1782 5062 1842 5122 in
1866 5061 2046 5123 hono-

396 5170 462 5213 re
494 5151 894 5214 haberi?Sane
918 5150 1030 5221 hoc
1047 5150 1216 5213 valde
1238 5151 1536 5215 rarum.Si
1556 5160 1757 5213 autem
1776 5152 2047 5213 nonnulli

398 5241 780 5303 inveniuntur
808 5240 910 5321 qui
939 5240 999 5301 in
1029 5241 1225 5321 patria
1254 5259 1361 5303 sua
1388 5241 1449 5303 in
1493 5241 1632 5302 56ιῖ
1669 5242 1895 5303 honore
1940 5242 2047 5303 ba-

400 5329 639 5411 bentur,
674 5329 854 5392 multo
877 5330 1065 5411 magis
1115 5332 1175 5393 in
1208 5341 1365 5395 terra
1395 5332 1626 5394 a'iena:
1664 5332 1742 5393 ita
1767 5339 1830 5394 ut
1861 5332 2052 5394 honor

401 5420 503 5501 qui
523 5419 610 5480 eis
631 5419 692 5480 in
723 5420 909 5501 patria
930 5420 1318 5499 impenditur,
1354 5422 1404 5484 si
1436 5424 1777 5484 conferatur
1809 5440 1941 5482 cum
1978 5440 2048 5483 eo

404 5510 505 5590 qui
537 5508 594 5567 in
628 5516 787 5570 terra
805 5510 1021 5584 aliena,
1040 5510 1368 5589 ignominia
1388 5530 1520 5574 esse
1543 5511 2049 5575 inveniatur.Nam

481 5676 532 5724 ²¹
567 5676 741 5741 Micb.
777 5695 879 5755 vu,
913 5681 977 5742 6.

2139 4524 2255 4597 μεῖ,
2331 4526 2418 4580 καὶ
2474 4527 2635 4582 ταῦτα
2668 4527 2727 4581 ὲκ
2756 4531 2854 4592 τῆς
2888 4522 3168 4589 Γαλιλαίας
3210 4524 3353 4580 εἶναι
3385 4522 3577 4595 δοκῶν,
3605 4522 3788 4601 φησὶν,

2139 4612 2216 4668 ὕει
2274 4612 2357 4669 διὰ
2412 4620 2568 4671 τοῦτο
2627 4617 2722 4671 οὐκ
2751 4614 2805 4671 ἐν
2835 4620 2903 4691 τῇ
2933 4613 3189 4686 Γαλιλαίᾳ
3216 4613 3500 4693 παρέμενε,
3535 4610 3665 4667 διότι
3692 4614 3792 4670 οὖ-

2139 4703 2319 4779 δεμίαν
2392 4705 2551 4781 τιμὴν
2604 4707 2731 4784 πρὸς
2805 4706 2959 4761 αὐτὸν
3020 4703 3396 4766 ἐνεδείκνυντο.
3437 4704 3660 4767 «Αὐτὸς
3689 4703 3793 4781 γὰρ

2135 4798 2160 4848 ὂ
2217 4793 2419 4861 Ἰησοῦς
2504 4795 2885 4874 ἐμαρτύρησεν,
2963 4794 3043 4851 ὅτι
3125 4817 3405 4875 προφητης
3469 4793 3524 4850 ἐν
3582 4798 3647 4870 τῇ
3689 4791 3793 4865 ἰδίᾳ

2137 4883 2339 4955 πατρίδι
2417 4882 2603 4961 ἄτιμός
2647 4886 2812 4947 ἐστιν.
2864 4909 2890 4939 n
2962 4885 3229 4960 Εἷώθαμεν
3285 4885 3384 4963 γὰρ
3429 4886 3476 4941 οἱ
3521 4882 3792 4962 ἅνθρωποι

2132 4980 2237 5029 τῶν
2284 4973 2362 5051 ,ἒν
2434 4976 2680 5047 συνηθείᾳ
2750 4974 3135 5054 καταφρονεῖν,
3210 4974 3290 5029 ἀεὶ
3346 4987 3464 5037 τοῖς
3496 4971 3661 5038 ξένοις
3705 4973 3796 5027 καὶ

2136 5063 2317 5130 ἐιηθέσι
2378 5064 2761 5144 προσέχοντες.
2838 5066 2897 5123 Τί
2969 5064 3057 5121 οὖν
3105 5084 3121 5144 ς
3170 5068 3285 5143 Οὐχ
3317 5063 3525 5141 ὁρῶμεν
3557 5059 3790 5126 πολλοὺς

2134 5156 2220 5210 καὶ
2281 5155 2423 5234 παρὰ
2451 5168 2566 5220 τοῖς
2596 5157 2809 5220 οἷκειοις
2839 5153 3173 5231 τιμωμένους
3205 5173 3219 5233 ς
3260 5153 3502 5209 Μάλιστα
3558 5153 3655 5228 μὲν
3700 5152 3789 5209 οὖν

2137 5245 2352 5300 σπάνιον
2426 5246 2485 5301 τὸ
2544 5252 2802 5303 τοιοῦτον
2861 5247 2904 5301 εἰ
2935 5242 2989 5300 δέ
3018 5245 3119 5301 πού
3148 5265 3285 5306 τινες
3328 5244 3586 5322 εὑρεθεῖεν
3636 5242 3691 5297 ἐν
3722 5248 3792 5317 τῇ

2134 5332 2338 5413 πατρίδι
2412 5335 2730 5411 τιμώμενοι,
2805 5334 2993 5410 πολλῷ
3055 5333 3260 5411 μᾶλλον
3317 5334 3371 5390 ἐν
3441 5338 3510 5410 τῇ
3540 5330 3790 5411 ἀλλοτρίᾳ

2133 5427 2543 5500 τιμηθήσονται,
2607 5426 2742 5483 ὥστε
2814 5424 3201 5505 συγκρινομένη
3231 5426 3265 5493 ἦ
3327 5424 3381 5480 ἐν
3440 5426 3508 5500 τῇ
3580 5420 3786 5501 πατρίδι

2135 5518 2267 5590 τιμὴ
2340 5518 2469 5595 πρὸς
2520 5516 2615 5583 τὴν
2696 5520 2750 5573 iv
2811 5522 2880 5594 τῇ
2908 5514 3178 5593 ἀλλοτρίᾳ,
3208 5514 3393 5591 ἀτιμία
3425 5516 3782 5595 εὑρεθήσεται,
