4178 6412
302 330 319 394 l
336 331 452 397 953

1025 336 1467 401 ENARBATIO
1508 330 1583 399 IN
1626 330 2125 401 EVANGELIUM
2172 334 2515 397 JOANNIS.
2562 367 2637 378 —
2668 331 2831 395 CAP.
2883 334 2985 396 IV.

3542 330 3689 396 1254

296 459 351 524 ’0
410 470 511 548 γάρ
555 492 638 527 τοι
694 473 907 553 φθόνος,
958 485 1074 536 τοῖς
1109 473 1539 547 συμπατριώτλις
1586 474 1644 529 οὗ
1673 484 1947 553 συγχωρεῖ

2034 469 2255 531 invidia
2289 469 2696 547 compatriotis
2728 487 2844 529 non
2872 468 3016 529 sinit
3044 486 3373 547 congruum
3396 470 3686 531 honorem

288 559 387 626 τὴν
447 561 821 639 προσήκουσαν
894 562 1055 637 τιμὴν
1127 559 1451 638 ἀποδιδόναι,
1512 560 1629 618 ἀλλ’
1663 562 1950 642 ὒφειμένην

288 649 386 715 τὴν
444 651 642 718 ταύτην
703 649 1066 727 ἀποδιδόασιν,
1122 653 1382 732 αἰσχύνην
1428 653 1622 709 οἰκείαν
1664 653 1952 729 ἡγούμενοι

292 739 398 805 τὴν
456 743 548 796 τοῦ
614 741 886 820 ὁμοφύλου
945 740 1308 817 εὐδοκίμησιν,
1346 738 1584 799 Ἐλθόνει
1617 742 1706 798 οὖν
1736 748 1812 816 τῷ
1845 752 1953 798 Κυ-

292 830 389 907 ρίῳ
465 830 537 893 εἷς
572 829 858 886 Γαλιλαίαν
890 830 1201 887 ἐπίστευσαν
1233 835 1277 887 οἱ
1312 830 1613 904 Γαλιλαῖοι,
1655 833 1718 887 τὰ
1752 842 1958 904 σημεῖα

304 915 501 982 ἰδόντες
573 919 607 975 ἇ⁹
648 918 893 987 ἐποίησεν
952 920 1005 976 ἐν
1068 912 1472 999 Ἰεροσολύμοις,
1508 921 1655 990 Πλὴν
1686 923 1730 977 οἱ
1763 928 1955 994 Σαμα-

295 1022 466 1087 ρεῖται
536 1008 911 1089 δοκιμώτεροι,
976 1014 1022 1067 οἱ
1082 1013 1167 1067 καὶ
1233 1013 1398 1091 χωρὶς
1442 1012 1679 1086 σημείων
1731 1009 1949 1065 πιστεύ-

297 1119 484 1163 σαντες
544 1099 651 1156 ἀπὸ
708 1122 800 1157 του
849 1099 1011 1178 λόγου
1036 1106 1135 1168 τῆς
1166 1101 1437 1179 γυναικός.
1477 1094 1629 1180 ’Ὅρα
1662 1099 1713 1156 δὲ
1744 1122 1951 1156 παντα-

298 1197 403 1268 χοῦ
468 1189 587 1252 τοὺς
646 1186 983 1260 ἁποϐλήτους
1037 1193 1134 1266 μὲν
1188 1188 1489 1266 δοκοῦντας,
1551 1188 1950 1265 εὐδοκιμοῦντας

292 1278 349 1335 ἐν
421 1285 489 1356 τῇ
543 1280 715 1336 πίστει
788 1283 1118 1361 Σαμαρείτας
1151 1280 1292 1359 λέγω
1322 1284 1409 1337 καὶ
1440 1281 1779 1345 Γαλιλαίους·
1844 1278 1951 1357 (καὶ

290 1369 394 1448 γὰρ
445 1371 531 1424 καὶ
601 1371 816 1435 τούτους
890 1370 1182 1436 ἐξουθένουν
1213 1373 1286 1434 ὡς
1317 1371 1689 1450 ἀγροικότερον
1747 1367 1950 1425 διακει-

289 1458 505 1531 μένους·
572 1455 651 1514 διὸ
685 1460 772 1515 καὶ
816 1457 1021 1537 ἔλεγον,
1055 1459 1135 1515 ὅτι
1176 1479 1199 1514 α
1236 1461 1522 1539 Προφήτης
1555 1459 1615 1515 ἐκ
1642 1458 1738 1526 τῆς
1784 1455 1949 1513 Γαλι-

291 1546 446 1610 λαίας
505 1551 600 1605 οὐκ
660 1548 989 1628 ἐγήγερται),
1058 1574 1081 1602 ι
1143 1550 1263 1611 τοὺς
1320 1547 1373 1603 δὲ
1418 1547 1699 1613 ἐκλεκτούς
1730 1554 1949 1621 νομιζο-

289 1636 502 1712 μένους,
559 1634 1053 1719 ἀποϐαλλομένους,
1113 1639 1225 1695 οἶοι
1259 1641 1396 1706 ἦσαν
1424 1641 1471 1696 οἱ
1533 1630 1949 1716 Ἱεροσολυμῖται

291 1724 566 1786 Ἰουδαῖοι.
630 1727 861 1791 Εἰκότως
948 1728 1048 1807 ἄρα
1078 1729 1164 1785 καὶ
1196 1731 1242 1785 οἱ
1287 1728 1476 1784 ἐθνικοὶ
1516 1726 1924 1806 παρεδέχθημεν

2034 558 2227 633 reddi,
2251 561 2353 621 sed
2390 577 2593 639 parum
2628 557 2745 619 illis
2772 557 3039 620 tribuunt
3069 556 3252 639 cixes,
3280 577 3446 620 suam
3478 558 3683 621 confu-

2035 649 2266 710 sionem
2302 650 2707 709 existimantes
2758 646 3002 725 gloriam
3035 646 3485 709 contribulium.
3545 647 3686 709 Cum

2036 737 2296 799 venisset
2318 738 2495 816 igitur
2530 737 2818 801 Dominus
2850 737 2906 797 in
2940 734 3261 811 Galilaeam,
3296 739 3687 800 crediderunt

2040 826 2286 901 Galilaei,
2313 828 2450 908 quia
2478 827 2745 889 viderant
2776 825 2941 904 signa
2975 824 3127 886 facta
3148 825 3207 887 in
3243 827 3685 908 Hierosolymis.

2041 916 2220 996 Atqui
2254 915 2611 978 Samaritani
2645 914 3019 996 probatiores
3052 923 3219 977 erant
3248 916 3349 996 qui
3383 927 3439 979 et
3464 918 3688 997 alisque

2037 1005 2222 1083 signis
2240 1005 2420 1067 verbo
2445 1005 2710 1066 mulieris
2735 1004 3140 1067 crediderant.
3161 1003 3311 1067 Vide
3333 1014 3530 1069 autem
3556 1010 3683 1067 ubi-

2037 1112 2153 1174 que
2186 1113 2287 1155 eos
2310 1094 2410 1175 qui
2439 1094 2657 1174 abjecti
2690 1092 3086 1167 habebantur,
3144 1095 3443 1158 celebrari
3475 1109 3537 1158 ut
3576 1116 3682 1177 po-

2037 1185 2215 1244 tiores
2247 1184 2387 1263 ﬁde,
2421 1182 2825 1247 Samaritanos
2845 1181 2980 1244 dico
3008 1191 3065 1243 et
3093 1182 3383 1246 Galiltcos.
3410 1184 3555 1247 Nam
3582 1188 3688 1247 hos

2037 1273 2503 1335 contemnebant
2532 1282 2595 1334 ut
2623 1274 2983 1352 agrestiores
3020 1293 3035 1353 ;
3075 1272 3207 1335 ideo
3258 1283 3315 1337 et
3365 1275 3683 1337 dicebant:

2041 1386 2071 1419 α
2103 1364 2402 1443 Propheta
2427 1383 2498 1426 ex
2529 1362 2769 1426 Galilaaa
2793 1382 2909 1424 non
2943 1364 3198 1425 surrexit
3225 1364 3305 1444 εὶ,
3344 1390 3370 1420 »
3408 1384 3509 1426 eos
3548 1384 3685 1426 vero

2038 1453 2138 1533 qui
2201 1454 2373 1515 electi
2456 1451 2839 1533 putabantur,
2920 1452 3122 1531 abjici,
3188 1454 3393 1533 quales
3449 1456 3687 1515 fuerunt

2037 1542 2554 1623 liierosolymitani
2589 1542 2798 1604 Judaei.
2834 1541 3037 1603 Merito
3085 1542 3265 1623 igitur
3315 1554 3372 1605 et
3425 1546 3688 1623 gentiles

2036 1633 2299 1712 suscepti
2333 1642 2495 1696 sunt.
2527 1630 2671 1693 Nam
2705 1631 2766 1692 in
2793 1649 2898 1692 sua
2926 1630 3138 1711 patria,
3173 1632 3287 1695 hoc
3318 1641 3408 1694 est
3462 1633 3522 1694 in
3591 1653 3687 1713 sy-

2036 1741 2261 1801 nagoga
2283 1720 2953 1795 Judaeorum,honorem
2981 1740 3097 1781 non
3123 1721 3374 1784 habebat
3403 1725 3689 1804 prOpheta

294 1818 386 1873 Ἐν
445 1818 545 1896 γὰρ
616 1823 684 1893 τῇ
743 1819 909 1890 οἰκείᾳ
965 1816 1195 1897 πατρίδι,
1230 1824 1299 1894 τῇ
1332 1815 1758 1891 τῶνίουδαίων,
1808 1816 1947 1879 εἴποι

2038 1812 2330 1886 Christus,
2367 1812 2519 1874 sicut
2552 1813 2748 1874 Moses
2777 1810 2959 1874 dicit.
3002 1835 3028 1865 ‹‹
3086 1813 3441 1893 Prophetam
3493 1816 3685 1875 susci-

291 1904 356 1963 ἄν
407 1929 511 1978 τις,
567 1914 879 1986 συναγωγῇ,
924 1907 1088 1983 τιμὴν
1118 1907 1214 1963 οὒκ
1243 1907 1407 1988 ἔσχεν
1439 1909 1466 1963 6
1495 1910 1778 1987 προφήτης
1813 1914 1947 1982 Χρι-

292 1997 440 2064 στὸς,
502 1998 637 2051 καθὰ
699 1996 929 2064 Μωυσῆς
994 1996 1166 2077 λέγει,
1208 1996 1287 2052 ὅτι
1328 2017 1356 2055 (
1390 1999 1677 2077 Προφήτην
1708 1995 1946 2065 ἀναστή-

296 2085 599 2163 σειΑΚύριος
630 2087 811 2161 ἡμῶν,
852 2109 875 2143 υ

372 2161 563 2230 Ἦλθεν
621 2181 708 2230 οὖν
751 2176 779 2230 ὁ
831 2175 1038 2240 Ἰησοῦς
1084 2173 1243 2230 πάλιν
1268 2176 1341 2237 εἰς
1386 2176 1485 2241 τὴν
1535 2182 1677 2233 Κανᾶ
1707 2181 1805 2241 τῆς
1839 2182 1948 2229 [‘1-

287 2262 523 2337 λιλαίας,
598 2262 730 2319 ὅπου
790 2262 1009 2331 ἐποίησε
1061 2266 1122 2319 τὸ
1166 2262 1303 2343 ὓδωρ
1374 2267 1543 2325 οἶνον.
1596 2266 1692 2321 Καὶ
1748 2266 1814 2332 ἧν
1868 2286 1949 2327 τις

288 2350 592 2431 βασιλικὸς,
653 2354 714 2408 οὗ
780 2354 808 2408 6
878 2354 984 2415 sta;
1039 2352 1245 2419 ἠσθένει
1290 2354 1345 2408 ὲν
1374 2355 1745 2431 Καπερναούμ.
1778 2354 1942 2417 Οὗτος

287 2440 546 2515 ἀκούσας,
594 2441 672 2497 ὄτι
723 2441 928 2509 Ἰησοῦς
987 2441 1104 2509 ἥκει
1156 2443 1217 2500 ἐκ
1276 2444 1374 2511 τῆς
1422 2440 1673 2507 Ἰουδαίας
1718 2445 1792 2506 εἷς
1845 2444 1943 2509 τὴν

292 2528 602 2605 Γαλιλαίαν,
659 2530 894 2598 ἀπῆλθεν
945 2535 1076 2612 πρὸς
1148 2535 1327 2609 αὐτὸν,
1390 2534 1479 2590 καὶ
1514 2535 1690 2612 ἦρι-δῖα
1762 2535 1943 2613 αὐτὸν,

292 2620 387 2677 ἵνα
441 2617 649 2699 καταϐῇ
706 2624 793 2680 καὶ
848 2619 1065 2690 ἰάσηται
1136 2626 1291 2680 αὐτοῦ
1322 2625 1411 2680 τὸν
1442 2623 1573 2679 υἱόν·
1611 2622 1803 2698 ἔμελλε
1848 2624 1947 2702 γὰρ

290 2710 650 2780 ἀποθνήσκειν
704 2711 874 2769 Εἶπεν
939 2712 1027 2769 οὖν
1085 2714 1111 2768 ὀ
1179 2710 1383 2780 Ἰησοῦς
1443 2714 1573 2790 πρὸς
1606 2714 1786 2772 αὐτόν.
1821 2712 1945 2769 Ἐὰν

290 2799 372 2875 μὴ
403 2811 609 2875 σημεῖα
638 2801 726 2855 καὶ
767 2800 957 2879 τέρατα
1002 2799 1178 2877 ἴδητε,
1226 2804 1285 2858 οὗ
1328 2803 1406 2879 μὴ
1457 2802 1801 2869 πιστεὺσητε.
1840 2800 1947 2857 Λέ-

287 2909 372 2966 γει
430 2889 565 2951 παὸς
624 2890 778 2947 αὒτὸν
850 2891 877 2945 6
936 2889 1233 2966 βασιλικός·
1294 2894 1470 2967 Κύριε,
1518 2889 1774 2957 κατάϐηθι
1830 2893 1948 2969 πρὶν

286 2978 582 3035 ἀποθανεῖν
639 2978 700 3034 τὸ
769 2978 975 3035 παιδίον
1032 3004 1159 3055 μου.
1218 2981 1373 3059 Λέγει
1434 2985 1577 3056 αὐτῷ
1629 2983 1656 3036 6
1714 2980 1945 3048 Ἰησοῦς·

287 3067 539 3146 Πορεύου,
599 3068 627 3123 ό
679 3069 785 3133 υἱὸς
844 3090 937 3124 σου
967 3074 1056 3145 ζῇ.
1119 3072 1216 3127 Καὶ
1247 3070 1547 3128 ἐπίστευσεν
1604 3072 1632 3126 6
1677 3070 1949 3149 ἅνθρωπος

282 3162 363 3232 τῷ
434 3154 602 3236 λόγῳ,
738 3158 883 3213 εἶπεν
937 3159 1080 3233 αὖτῷ
1109 3159 1137 3214 ὀ
1169 3158 1399 3241 Ἰησοῦς,
1435 3161 1521 3217 καὶ
1568 3161 1873 3241 ἆπορεύετο.
1916 3183 1943 3216 ι

284 3245 714 3323 Ἀναμιμνήσκει
790 3248 936 3324 ἡμᾶς
1019 3250 1046 3303 6
1118 3247 1499 3327 εὖαγγελιστὴς
1550 3258 1642 3307 τοῦ
1702 3250 1755 3307 ἐν
1804 3256 1947 3322 Κανᾷ

287 3336 582 3413 θαύματος,
652 3334 784 3395 ὅπου
844 3336 1056 3416 ἐγένετο
1109 3339 1171 3394 τὸ
1201 3338 1337 3417 ὕδωρ
1368 3341 1542 3410 οἶνος,
1582 3339 1691 3417 ἅμα
1735 3341 1834 3416 μὲν
1864 3338 1947 3395 διὰ

287 3428 351 3483 τὲ
412 3424 633 3493 αὐξῆσαι
704 3426 808 3484 τῶν
858 3434 1205 3507 Σαμαρειτῶν
1279 3431 1341 3486 τὸ
1398 3431 1667 3508 ἒγκὼμιον
1725 3430 1793 3511 (οἱ
1853 3430 1948 3489 μὲν

291 3517 395 3594 γὰρ
454 3514 761 3597 Γαλιλαῖοι,
825 3518 977 3597 φησὶ,
1039 3520 1126 3575 καὶ
1183 3519 1289 3575 ἀπὸ
1318 3525 1423 3576 τῶν
1456 3519 1508 3575 ὲν
1569 3512 1949 3598 Ἱεροσολύμοις

294 3608 382 3662 καὶ
441 3607 544 3662 ἀπὸ
600 3612 708 3663 τῶν
756 3604 882 3686 παρ’
956 3611 1140 3671 αὐτοῖς
1174 3609 1475 3686 γενομένων
1506 3617 1742 3686 σημε’ων
1794 3612 1947 3668 αὒτόν

293 3694 554 3761 ἒδέξαντο·
623 3699 670 3752 οἱ
712 3694 767 3752 δὲ
840 3704 1173 3776 Σαμαρεῖται
1233 3698 1338 3755 ἀπὸ
1389 3699 1560 3774 μόνης
1615 3700 1711 3767 τῆς
1741 3722 1947 3778 μαρτυ-

289 3786 405 3865 ρίας
462 3790 560 3853 τῆς
631 3787 902 3866 γυναικὸς,
957 3787 1048 3843 καὶ
1104 3792 1203 3856 τῆς
1264 3788 1421 3845 αὐτοῦ
1452 3789 1545 3845 to;
1577 3800 1763 3868 Κυριου
1800 3787 1949 3845 διδα-

288 3873 560 3956 σκαλίας),
610 3874 721 3951 ἅμα
772 3873 827 3932 δὲ
870 3876 957 3933 καὶ
999 3874 1095 3933 ἵνα
1124 3876 1264 3956 δείξῃ
1295 3880 1454 3953 ἡμῖν,
1487 3880 1566 3936 ὅτι
1598 3883 1686 3937 καὶ
1717 3881 1744 3937 6
1789 3881 1948 3957 βασιο

282 3964 436 4031 λικὸς
492 3966 598 4023 ἀπὸ
654 3972 749 4024 τοῦ
805 3966 859 4022 ἐν
918 3972 1063 4040 Κανᾷ
1114 3970 1381 4045 θαύματος
1411 3970 1613 4048 ἀγαθήν
1668 3993 1783 4027 τινα
1832 3972 1946 4051 περὶ

278 4058 377 4113 τοῦ
433 4062 660 4134 Χριστοῦ
716 4055 989 4133 ὑπόληψιν
1062 4056 1295 4124 ἐδέξατο.
1330 4062 1374 4116 εἰ
1405 4063 1495 4117 καὶ
1523 4063 1601 4137 μὴ
1642 4061 1742 4129 τὴν
1772 4059 1940 4126 ἀξίαν,

2038 1900 2183 1962 tabit
2213 1900 2380 1962 vobis
2404 1900 2694 1961 Dominus
2724 1901 2803 1963 25.
2833 1925 2859 1956 ι

2119 2168 2277 2231 VEns
2336 2170 2543 2235 46-50.
2586 2191 2613 2229 ιι
2637 2169 2816 2232 Venit
2838 2190 2979 2250 ergo
3002 2173 3177 2235 Jesus
3196 2171 3409 2233 iterum
3438 2175 3494 2234 in
3527 2171 3683 2235 Cana

2034 2257 2420 2336 Galilzeze,uhi
2440 2261 2661 2322 fecerat
2683 2279 2753 2321 ex
2778 2262 3169 2341 aquavinum.
3194 2260 3264 2321 Et
3287 2271 3411 2324 erat
3440 2263 3679 2344 quidam

2027 2349 2231 2427 regius
2261 2350 2435 2428 cujus
2486 2350 2643 2410 ﬁlius
2696 2350 3115 2414 inlirmabatur
3146 2351 3541 2432 Capernaum.
3577 2351 3683 2411 llic

2029 2457 2163 2499 cum
2195 2438 2457 2499 audisset
2474 2440 2630 2521 quod
2651 2437 2826 2501 Jesus
2850 2441 3186 2503 advenisset
3206 2460 3241 2501 ιι
3262 2441 3465 2502 ,Ιυᾶωει
3486 2440 3546 2501 in
3578 2439 3684 2501 Ga-

2031 2526 2509 2603 lilaeam,abiitad
2537 2531 3029 2607 eum,etrogabat
3048 2549 3184 2591 eum
3209 2530 3686 2592 utdescenderet

2028 2635 2097 2678 ac
2126 2627 2365 2681 sanaret
2394 2618 2577 2698 ipsius
2603 2619 2788 2681 tilium
2818 2641 2830 2682 :
2867 2619 3163 2700 siquidem
3197 2619 3249 2681 is
3296 2621 3514 2700 agebat
3551 2621 3685 2680 ani-

2032 2725 2210 2769 mam.
2248 2708 2554 2787 Dixitergo
2584 2707 2760 2770 Jesus
2791 2709 3042 2772 adeum:
3078 2707 3203 2769 Nisi
3235 2709 3404 2788 signa
3435 2718 3491 2771 et
3545 2728 3684 2790 pro-

2033 2796 2188 2874 digia
2220 2797 2508 2869 videritis,
2544 2817 2661 2858 non
2696 2798 2978 2860 credetis.
3005 2798 3255 2859 Dixitad
3282 2818 3418 2859 eum
3440 2801 3639 2877 regius
3668 2820 3678 2856 :

2032 2887 2617 2967 Domine,descende
2638 2888 2983 2969 priusquam
3005 2887 3292 2949 moriatur
3315 2888 3471 2948 ﬁlius
3491 2908 3681 2948 meus.

2035 2976 2192 3039 Dicit
2221 2976 2275 3039 ei
2305 2976 2499 3040 Jesus:
2538 2976 2725 3053 Vade,
2758 2978 2915 3039 ﬁlius
2945 2986 3080 3039 tuus
3111 2977 3268 3039 vivit.
3292 2976 3559 3039 Credidit
3582 2978 3683 3036 ho-

2034 3084 2128 3127 mo
2150 3068 2413 3130 sermoni
2444 3087 2622 3149 quem
2654 3067 2885 3130 dixerat
2913 3068 2969 3129 ei
2988 3064 3187 3143 Jesus,
3223 3075 3281 3128 et
3315 3066 3460 3129 ibat.
3491 3090 3517 3121 π
3558 3068 3680 3127 Βε-

2033 3156 2266 3217 cordari
2300 3176 2406 3219 nos
2437 3157 2573 3219 facit
2602 3156 2963 3235 evangelista
2998 3154 3269 3218 miraculi
3300 3154 3359 3214 in
3392 3155 3682 3227 Cana,ubi

1965 3232 2005 3282 (ἶ
2030 3264 2180 3326 aqua
2226 3246 2377 3311 facta
2397 3257 2485 3311 est
2514 3232 2800 3324 vinum,et
2822 3247 3062 3308 interim
3097 3259 3160 3307 ut
3178 3254 3411 3307 crescat
3432 3245 3559 3305 laus
3584 3242 3687 3306 Sa-

2035 3336 2633 3401 maritanorum.Nam
2660 3346 2718 3398 et
2740 3334 2965 3399 Galilmi
2986 3334 3684 3416 quidem,inquit,susce-

2033 3434 2248 3505 perunt
2278 3446 2412 3488 eum
2445 3436 2692 3509 propter
2719 3426 2886 3504 signa
2901 3443 3032 3504 quae
3049 3424 3199 3486 facta
3219 3433 3355 3485 sunt
3375 3423 3438 3483 in
3466 3421 3679 3485 Hiero—

2034 3514 2297 3594 solymis,
2333 3526 2391 3577 et
2419 3517 2574 3597 apud
2610 3535 2677 3577 se
2712 3533 2724 3578 :
2772 3514 3129 3577 Samaritani
3160 3522 3360 3574 autem
3391 3512 3466 3573 ob
3500 3513 3683 3573 solius

2033 3605 2304 3666 mulieris
2328 3605 2826 3681 testimonium,et
2848 3604 3038 3684 ipsius
3061 3602 3298 3664 Domini
3321 3603 3677 3665 doctrinam.

2031 3692 2307 3756 Ostendit
2334 3697 2584 3776 insuper
2619 3699 2777 3775 quod
2810 3703 2868 3755 et
2902 3693 3101 3772 regius
3130 3692 3230 3753 ille
3275 3711 3345 3753 ex
3394 3692 3681 3753 miraculo

2033 3788 2185 3864 quod
2223 3784 2283 3845 in
2317 3783 2473 3847 Cana
2522 3793 2648 3846 erat
2696 3784 2942 3858 factum,
3004 3782 3221 3843 bonam
3253 3781 3573 3862 quamdam
3607 3783 3682 3842 de

2034 3873 2267 3936 Christo
2299 3875 2642 3956 Opinionem
2675 3881 3057 3955 conceperat,
3093 3872 3332 3933 tametsi
3362 3870 3559 3932 minus
3583 3872 3677 3932 di-

2029 3966 2489 4045 gnamRegium
2513 3974 2708 4026 autem
2734 3963 2899 4025 illum
2924 3961 3208 4042 vocat,vel
3241 3960 3400 4042 quod
3425 3980 3493 4022 ex
3517 3962 3681 4039 regio

2028 4061 2153 4114 erat
2174 4055 2520 4133 genere,vel
2542 4053 2700 4134 quod
2722 4052 2964 4132 gerebat
2980 4051 3331 4131 dignitatem
3363 4052 3678 4131 quamdam

282 4143 567 4201 Βασιλικὸν
639 4143 693 4200 δὲ
750 4152 937 4203 τοῦτον
997 4146 1181 4223 καλεῖ,
1214 4148 1251 4217 ἢ
1282 4152 1355 4214 ὡς
1384 4149 1445 4207 ἐκ
1475 4149 1659 4228 γένους
1692 4147 1817 4207 ὄντα
1839 4151 1943 4225 βασι

2032 4141 2102 4203 ob
2138 4164 2309 4223 quam
2334 4145 2419 4207 sic
2441 4143 2939 4210 vocabatur.Num
2970 4140 3336 4218 igitur,dicet
3356 4141 3681 4221 quis,idem

285 4232 518 4309 σιλικοῡ,
564 4232 621 4316 ’ἤ
654 4233 861 4309 ἀξίωμά
884 4257 936 4291 τι
966 4236 1142 4315 ἀρχῆς
1188 4236 1362 4316 ἕτερον
1420 4238 1559 4297 οὕτω
1614 4240 1942 4315 καλούμενον

2034 4241 2125 4293 est
2154 4253 2287 4294 cum
2320 4233 2671 4302 centurione
2698 4230 2854 4312 apud
2884 4231 3223 4292 Matthzeum
3259 4230 3283 4291 1’
3312 4232 3459 4293 Nam
3501 4239 3558 4290 et
3582 4231 3683 4292 ille

286 4322 511 4403 ἔχοντα,
564 4309 696 4402 ’Λρα
753 4326 868 4404 οὗν,
924 4309 1075 4405 φησί,
1134 4329 1224 4383 καὶ
1268 4309 1425 4392 αὐτός
1471 4328 1611 4385 ἐστιν
1670 4309 1820 4395 οὗτος
1872 4337 1947 4403 τῷ

2034 4338 2103 4381 ex
2135 4320 2508 4402 Capernaum
2539 4309 2821 4385 erat.Non
2850 4320 3065 4401 opinor
3086 4321 3361 4400 equidem
3386 4320 3555 4380 illum
3587 4339 3680 4380 es-

290 4413 434 4492 παρα
488 4418 566 4488 τῷ
620 4414 869 4488 Ματθαίῳ
927 4415 1359 4496 ἐκατοντᾶρχῳ;
1418 4419 1507 4474 καὶ
1554 4420 1653 4497 γὰρ
1701 4420 1947 4484 κάκεῖνος

2033 4414 2233 4492 se,sed
2258 4413 2441 4474 alium
2486 4410 2629 4473 Nam
2664 4411 2765 4472 ille
2787 4412 3033 4491 quidem
3056 4418 3123 4497 et
3154 4409 3447 4471 volentem
3484 4410 3684 4471 venire

290 4503 347 4559 ἐν
403 4502 754 4579 Καπερναοὺμ
805 4504 893 4572 ἦν,
930 4503 1040 4561 Οὔκ
1068 4507 1223 4581 οἶμαι
1256 4507 1429 4562 τοίιυν
1483 4496 1577 4563 τὸν
1597 4496 1753 4565 αὐτὸν
1778 4509 1947 4587 εῖναι,

2035 4500 2336 4563 Christum
2370 4501 2669 4582 prohibet,
2704 4500 2950 4561 dicens:
2992 4523 3019 4555 α
3046 4496 3340 4587 Νοηᾼευιη
3378 4499 3591 4578 dignus
3623 4511 3683 4560 ut

290 4590 413 4647 ἀλλ’
476 4561 675 4670 ἕτερον.
714 4561 727 4578 ⁵
755 4561 996 4658 Ἐκεινος
1032 4561 1140 4669 μὲν⁵
1175 4595 1276 4673 γὰρ
1306 4561 1395 4653 καί

2034 4592 2144 4653 sub
2177 4561 2396 4654 tectum
2435 4609 2629 4653 meum
2659 4588 3015 4668 ingrediaris
3042 4585 3286 4651 24.»lste
3312 4561 3679 4650 verochsum

288 4684 383 4739 τὸν
442 4681 665 4762 Χριστόν
723 4680 1029 4758 διακωλύει,
1089 4683 1287 4763 λέγων’
1350 4707 1375 4741 ι
1454 4690 1561 4745 Οὐκ
1619 4688 1726 4763 εἰμὶ
1781 4686 1947 4764 ἄξιος,

2032 4680 2092 4742 in
2119 4681 2361 4742 domum
2388 4700 2552 4741 suam
2587 4678 3040 4741 trahit.Etillius
3065 4678 3308 4759 quidem
3335 4698 3485 4759 puer
3509 4698 3679 4761 para-

286 4772 381 4827 ἵνα
440 4794 543 4846 μου
598 4773 699 4828 ὑπὸ
744 4772 843 4839 τὴν
896 4772 1091 4851 στέγην
1124 4774 1387 4852 εἱσέλθῃς⁶
1457 4799 1482 4833 ι)
1560 4776 1713 4840 οὗτος
1772 4775 1825 4832 δὲ
1876 4779 1947 4841 εἷς

2032 4769 2141 4851 lysi
2163 4770 2781 4844 detinebatur,servus
2802 4768 2891 4830 vid
2903 4766 3285 4830 elicetzistius
3301 4775 3494 4829 autem
3528 4770 3684 4831 lilius

286 4863 389 4928 τὴν
448 4863 613 4918 οὶκίαν
672 4865 828 4920 αὖτοὺ
893 4862 1035 4920 ἕλκει
1092 4866 1184 4919 τὸν
1218 4863 1451 4932 Ἰησοῦν,
1490 4865 1741 4924 Κὰκείνου
1772 4868 1871 4941 μὲν
1922 4869 1947 4921 6

2032 4860 2284 4923 febri.Et
2309 4861 2433 4923 illic
2462 4859 2703 4941 quidem
2734 4877 2867 4921 cum
2899 4877 2933 4919 a
2989 4865 3188 4919 monte
3242 4857 3680 4936 descendisset,

286 4964 448 5024 παῖς,
508 4950 670 5030 ἤγουν
728 4953 756 5009 6
818 4950 1028 5033 δοῦλος,
1062 4954 1278 5033 παρέσει
1311 4958 1619 5036 κατείχετο·
1657 4959 1840 5013 τούτου
1895 4956 1947 5015 δὲ

2034 4953 2469 5033 etCapernaum
2500 4950 2804 5028 ingressus
2833 4959 2949 5010 est:
2988 4966 3144 5009 nunc
3180 4956 3376 5009 autem
3411 4970 3443 5010 a
3473 4952 3683 5010 Sama—

290 5045 319 5097 ὁ
376 5044 488 5106 υίὸς
546 5049 778 5121 πυρετῷ.
847 5052 1017 5101 Κακεῖ
1076 5043 1174 5121 μὲν
1244 5045 1351 5102 ἀπὸ
1380 5053 1475 5104 τοῦ
1503 5046 1655 5126 ὄρους
1687 5043 1945 5127 καταϐὰς,

2034 5042 2142 5119 ria,
2180 5052 2237 5103 et
2264 5062 2384 5103 non
2416 5041 2477 5102 in
2508 5044 2901 5120 Capernaum,
2934 5038 3074 5099 566
3117 5039 3223 5100 sed
3254 5039 3315 5099 in
3376 5039 3555 5104 Cana.
3619 5041 3683 5101 In

292 5133 365 5198 εἷς
430 5134 779 5210 Καπερναοὺμ
841 5131 1072 5201 εἰσῆλθε·
1134 5143 1222 5192 νὺν
1308 5133 1387 5210 δὲ,
1447 5135 1553 5192 ἀπὸ
1610 5136 1708 5204 τῆς
1769 5144 1947 5210 Σαμα·

2035 5133 2398 5208 summa,ille
2416 5130 2812 5206 centurio,hic
2829 5139 3022 5191 autem
3037 5130 3356 5208 regiusfuit
3372 5132 3680 5210 dignitate.

294 5222 462 5301 ρείας,
517 5222 604 5278 καὶ
661 5225 757 5280 οὒκ
807 5224 880 5286 εἰς
943 5226 1313 5306 Καπερναοὺμ,
1346 5224 1570 5291 ἀλλἐἶς
1630 5233 1796 5288 Κανᾶ.
1834 5225 1947 5284 Ἐπὶ

2036 5220 2179 5286 Orat
2209 5222 2388 5303 igitur
2428 5224 2631 5302 regius
2673 5221 2776 5282 ille
2813 5220 3133 5282 Dominum
3166 5228 3229 5282 ut
3255 5221 3581 5283 descendat
3610 5224 3682 5284 ad

294 5318 482 5389 πᾶσιν,
545 5308 751 5375 ἐκεῖνος
809 5312 907 5387 μὲν
965 5312 1380 5394 ἑκατόνταρχος·
1416 5325 1567 5379 οὗτος
1626 5313 1703 5392 δὲ,
1736 5315 1947 5393 βασιλι-

2035 5315 2363 5375 sanandum
2385 5311 2978 5375 ﬁliuin.AtDominus
2995 5309 3333 5392 perstringit
3349 5331 3482 5373 eum
3497 5320 3687 5392 ,utpo-

297 5404 387 5465 κὸς
449 5401 511 5456 τὸ
568 5399 798 5477 ἀξίωμα,
831 5399 1003 5467 Ἀξιοῒ
1033 5403 1129 5480 μὲν
1161 5403 1251 5462 οὖν
1281 5406 1309 5461 ὁ
1338 5404 1613 5482 βασιλικὸς
1644 5406 1735 5461 τὸν
1768 5406 1947 5485 Κύριον

2039 5413 2095 5465 te
2126 5423 2243 5465 non
2274 5403 2733 5485 perfectam,sed
2761 5420 2996 5483 parvam
3023 5401 3345 5463 habentem
3373 5402 3683 5465 ﬁdem.Di-

295 5492 576 5550 κατελθεῖν
632 5491 705 5553 ὡς
762 5491 978 5559 ἰάσηται
1030 5494 1122 5549 τὸν
1202 5494 1332 5553 υἱόν·
1369 5497 1397 5552 ὁ
1429 5493 1481 5550 δὲ
1562 5505 1748 5574 Κύριος
1820 5500 1947 5553 καθ-

2037 5494 2229 5557 cendo
2252 5494 2475 5575 enim,«
2508 5493 2843 5568 Descende,
2866 5492 3206 5575 priusquam
3229 5498 3512 5557 moriatur
3532 5495 3685 5557 ﬁlius

375 5673 438 5724 ἢ
464 5676 633 5739 loan.
668 5684 771 5747 vn,
805 5671 909 5734 5'2.
994 5668 1049 5712 ³⁸
1076 5670 1249 5735 Deut.
1286 5691 1446 5749 xvni,
1482 5675 1575 5737 l5.
1669 5677 1728 5727 24
1756 5678 1960 5742 Matth.
1994 5691 2119 5752 vui,
2154 5678 2212 5739 8.
