4178 6410
486 346 638 413 1285

1450 341 2047 410 THEOPHYLACTI
2095 339 2508 404 ΒυΙιῦΑΡιΙιΕ
2552 344 2905 408 ARCHIEP.

3731 349 3891 414 1256

489 496 718 553 meus,»
748 478 1150 539 inﬁrmitatem
1174 476 1310 538 ﬁdei
1353 493 1475 536 suae
1517 474 1814 537 ostendit:
1849 475 1986 557 quia
2020 489 2135 533 non

2225 472 2522 548 απτὸμειος
2586 479 2765 549 αὐτοῦ,
2828 478 2900 539 ὡς
2957 478 3035 552 μὴ
3064 476 3270 533 τελείαν
3301 480 3398 546 τὴν
3433 479 3637 554 πίστιν,
3687 479 3893 537 ἀλλ’ἓκ

488 567 773 630 credebat
793 566 975 647 quod,
1004 566 1052 627 si
1088 565 1460 644 contingeret
1499 564 1651 625 mori
1685 565 1894 639 lilium,
1933 572 2141 644 potens

489 666 648 721 esset
674 676 809 719 eum
834 656 1145 718 suscitare.
1181 656 1507 735 Propterea
1550 655 1955 734 perstringens
2005 672 2136 713 eum

488 749 650 810 dicit:
693 768 715 801 α
752 746 877 808 Nisi
936 746 1101 823 signa
1133 752 1192 807 et
1233 743 1502 827 prodigia
1540 743 1827 815 videritis,
1857 762 1972 804 nun
2005 760 2139 801 creo

488 838 661 899 detis.
725 859 752 890 ι
787 834 1030 896 Interim
1076 844 1270 896 autem
1306 842 1365 893 et
1386 834 1536 894 alios
1557 834 1717 895 cives
1772 833 2138 913 Capernuum

485 922 1047 988 accusat.Videntur
1064 927 1223 986 enim
1253 923 1477 1004 ubique
1500 923 1575 984 ob
1600 924 1840 984 multam
1861 921 2121 983 incredu-

485 1018 710 1078 litatem
737 1013 1148 1075 condemnari.
1179 1014 1365 1092 Igitur
1386 1013 1668 1095 quoniam
1703 1014 1955 1073 inﬁrmae
1980 1028 2143 1070 men-

488 1107 559 1167 tis
580 1113 709 1167 erat
730 1104 1019 1185 regius,et
1039 1103 1286 1183 urgebat
1309 1103 1628 1166 Dominum
1654 1111 1717 1163 ut
1747 1102 2146 1163 descenderet

487 1195 558 1257 ad
591 1194 921 1255 sanandum
956 1193 1140 1253 ﬁlium
1179 1211 1192 1255 :
1230 1193 1560 1254 ostendens
1596 1192 1648 1256 ei
1682 1190 1954 1254 Salvator
1984 1189 2138 1270 quod

486 1285 667 1348 etiam
693 1283 911 1345 absens
945 1291 1146 1362 posset
1176 1281 1373 1361 ipsum
1405 1300 1641 1357 sanare,
1677 1281 1842 1343 dicit:
1891 1304 1918 1335 «
1953 1278 2137 1353 Vade,

483 1373 640 1435 ﬁlius
698 1381 831 1433 tuus
886 1372 1048 1432 vivit.
1090 1396 1111 1427 ι
1150 1371 1421 1452 Denique
1454 1371 1622 1451 pueri
1646 1372 1883 1452 quidem
1918 1368 2142 1430 sanavit

481 1463 736 1537 febrem,
769 1460 951 1541 patris
973 1468 1171 1522 autem
1207 1461 1708 1522 incredulitatem.
1748 1458 1912 1522 Scias
1940 1467 2138 1519 autem

484 1553 646 1615 aliud
670 1549 1243 1630 essesignum,aliud
1268 1549 1778 1631 prodigium.Nam
1807 1548 2135 1631 prodigium

481 1644 549 1706 tit
581 1649 795 1722 praeter
823 1647 1191 1713 naturam,ut
1221 1649 1311 1700 est
1341 1642 1578 1718 aperire
1599 1640 1805 1702 oculos
1824 1637 1965 1701 caci
1991 1639 2137 1717 nati,

481 1741 540 1794 et
562 1731 817 1794 excitare
847 1738 1145 1790 mortuum
1185 1746 1198 1790 :
1255 1730 1486 1808 signum
1538 1737 1737 1790 autem
1774 1749 1894 1793 non
1918 1737 2140 1808 praeter

2226 561 2415 641 μέρους
2488 563 2712 644 ἔχοντος
2766 567 2882 642 (καὶ
2957 567 3057 645 γὰρ
3137 568 3200 623 τὸ
3256 568 3453 648 εἰπεῖν,
3522 590 3549 626 ε
3619 567 3890 637 Κατάϐηθι

2224 653 2342 725 πρὶν
2414 654 2700 711 ἀποθανεῖν
2758 658 2850 712 τὸν
2906 658 3015 715 υἱόν
3075 680 3200 732 μου,
3262 681 3290 712 ιι
3350 658 3447 725 τὴν
3481 657 3747 715 ἀσθένειαν
3790 660 3892 727 τῆς

2227 742 2453 803 πίστεως
2512 748 2668 801 αὐτοῦ
2699 743 2961 825 ἐμφαίνει,
3032 748 3105 810 ὡς
3166 747 3244 821 μὴ
3302 749 3665 822 πιστεύοντος,
3715 749 3796 805 ὅτι
3843 758 3889 810 εἰ

2224 832 2312 886 καὶ
2368 829 2545 909 συμϐῇ
2599 836 2757 890 αὑτὸν
2816 837 3125 911 ἀποθανεῖν,
3188 835 3407 901 δυνατός
3454 838 3597 894 ἐστιν
3648 838 3889 907 ἀναστῆ-

2227 943 2312 977 σαι
2367 922 2571 1001 αὐτὸν),
2633 920 2716 978 διὰ
2781 932 2945 982 ταῦτα
3042 927 3129 983 οὗν
3209 930 3610 1003 καθαπτομενος
3696 931 3884 999 αὒτοὺ,

2228 1015 2406 1091 φησίν·
2477 1035 2499 1067 α
2568 1012 2692 1070 Ἐὰν
2764 1016 2840 1089 μὴ
2914 1030 3119 1091 σημεῖα
3160 1019 3247 1073 καὶ
3278 1018 3469 1097 τέρατα
3501 1018 3682 1093 ἴδητε,
3717 1023 3777 1077 o6
3808 1022 3887 1095 μὴ

2226 1104 2565 1169 πιστεύσητε·
2634 1127 2661 1158 ι
2737 1102 2848 1179 αἷμα
2895 1103 2949 1161 δὲ
2995 1109 3081 1161 καὶ
3110 1112 3214 1162 τῶν
3248 1107 3442 1185 ἐτέρων
3467 1107 3699 1164 πολιτῶν
3745 1131 3886 1167 κατ-

2226 1193 2436 1269 ηγορῶν
2509 1199 2614 1249 τῶν
2672 1192 2726 1247 ἐν
2795 1200 2863 1270 τῇ
2951 1195 3325 1275 Καπερναούμ.
3415 1197 3697 1253 Φαίνονται
3782 1200 3887 1276 γὰρ

2226 1288 2506 1361 πανταχοῦ
2558 1281 2765 1348 πολλὴν
2840 1284 3083 1340 ἀπιστίαν
3182 1287 3655 1361 κατηγορούμενοι.
3735 1286 3887 1345 Ἐπεὶ

2225 1370 2311 1427 οὖν
2368 1370 2590 1438 ἀσθενὴς
2649 1371 2713 1439 ἦν
2769 1370 2801 1427 ὅ
2853 1371 3129 1449 βασιλικὸς
3191 1376 3287 1442 τὴν
3346 1376 3593 1452 γνώμην,
3625 1380 3713 1433 καὶ
3742 1400 3887 1433 κατ-

2224 1461 2414 1538 ήπειγε
2471 1461 2562 1515 τὸν
2618 1463 2803 1538 Κύριον
2857 1461 3137 1519 κατελθεῖν
3171 1466 3245 1527 εἷς
3297 1465 3576 1543 θεραπείαν
3606 1474 3697 1524 τοῦ
3747 1489 3883 1523 παι-

2225 1547 2334 1620 δὸς,
2398 1546 2645 1606 δεικνύων
2707 1553 2847 1625 αύτῷ
2902 1555 2929 1608 6
2989 1556 3199 1631 Σωτὴρ,
3247 1553 3327 1610 ὅτι
3359 1557 3447 1610 καὶ
3488 1556 3638 1612 ἀπὼν
3669 1554 3883 1613 δύναται

2226 1639 2380 1695 αὺτὸν
2436 1643 2774 1721 θεραπεῦσαι,
2835 1640 3001 1720 λέγει·
3045 1667 3065 1697 ι
3108 1646 3360 1725 Πορεύου,
3398 1648 3426 1701 6
3456 1647 3564 1709 υἱός
3598 1664 3691 1703 σου
3724 1652 3813 1724 ζῇ.
3850 1672 3878 1701 ι

2224 1727 2440 1803 Ἀμέλει
2512 1737 2604 1786 τοῦ
2673 1732 2770 1805 μὲν
2832 1730 3014 1798 παιδὸς
3044 1736 3136 1789 τὸν
3169 1737 3414 1814 πυρετὸν,
3459 1742 3554 1792 τοῦ
3584 1738 3782 1816 πατρὸς
3824 1735 3882 1792 δὲ

3182 1287 3632 1365 κατηγορούμενοι
3645 1334 3655 1344 .

480 1832 778 1893 naturam,
804 1828 865 1880 ut
896 1830 985 1879 est
1016 1836 1228 1879 sanare
1271 1818 1599 1880 inﬁrmum.
1636 1818 1911 1885 Perﬁciet
1939 1828 2135 1879 autem

2225 1819 2320 1885 τὴν
2369 1818 2609 1875 ἀπιστίαν
2670 1821 2879 1884 ἰάσατο,
2940 1822 3172 1879 Γίνωσκε
3231 1821 3311 1897 δὲ,
3370 1828 3446 1888 ὡς
3513 1823 3643 1883 ἄλλο
3700 1826 3879 1907 τέρας,

480 1926 541 1975 et
582 1925 741 1973 nunc
802 1909 914 1969 hoc
982 1906 1334 1969 miraculum
1381 1907 1693 1985 Dominus,
1729 1910 1779 1970 si
1806 1913 1939 1991 quis
1970 1912 2135 1972 illum

2225 1910 2310 1963 καὶ
2369 1906 2498 1964 ἄλλο
2556 1923 2811 1984 σημεῖον.
2875 1912 3039 1991 Τέρας
3102 1912 3198 1987 μὲν
3245 1914 3343 1991 γὰρ
3402 1917 3462 1971 τὸ
3524 1916 3667 1994 παρὰ
3695 1916 3879 1995 φύσιν,

478 2002 673 2064 adeat.
709 1997 917 2062 Omnis
965 1998 1144 2058 homo
1177 2008 1266 2058 est
1288 1998 1485 2076 regius
1516 1983 1760 2078 quidam
1795 1983 1912 2062 non
1943 2001 2134 2063 solum

2225 2000 2342 2053 οἷον
2410 1998 2471 2052 τὸ
2542 1983 2799 2064 διανοῒξαι
2851 1983 3151 2080 ὀφθαλμούς
3215 1983 3411 2082 τύφλοῦ
3463 1983 3885 2082 γεγεννημένου,

482 2089 676 2172 quoad
701 2097 988 2168 cognatus
1014 2095 1259 2166 propter
1281 2088 1541 2148 animam
1565 2088 1692 2167 regi
1726 2090 2135 2170 omnium,sed

2225 2089 2307 2142 καὶ
2365 2086 2567 2166 ἐγεῖραι
2627 2089 2831 2166 νεκρόνο
2894 2104 3122 2164 σημεῖον
3153 2087 3231 2162 δὲ,
3266 2094 3325 2146 τὸ
3359 2094 3452 2149 θὀκ
3496 2090 3596 2157 ἔξω
3643 2097 3745 2160 τῆς
3776 2094 3883 2171 φύ-

479 2181 659 2246 etiam
692 2177 851 2260 quod
884 2178 1013 2257 ipse
1038 2177 1260 2255 regiam
1319 2176 1668 2255 dignitatem
1703 2196 1881 2260 supra
1930 2196 2135 2242 omnes

2225 2197 2381 2251 σεως,
2444 2178 2562 2233 οἷον
2619 2180 2679 2234 τὸ
2708 2179 2880 2235 ἰᾶσθαι
2928 2177 3216 2257 ἄῤῥωστον,
3250 2179 3460 2237 Τελέσει
3492 2179 3546 2237 δὲ
3578 2183 3667 2238 καὶ
3724 2181 3885 2239 τοῦτο

480 2267 1047 2352 accepit.Invenitur
1065 2274 1263 2327 antt-m
1290 2285 1446 2347 saepe
1465 2266 1693 2329 habens
1709 2270 1949 2349 quidem
1966 2288 2122 2328 men-

490 2373 607 2425 tem
636 2357 1002 2441 quasiﬁlium
1030 2356 1525 2435 igneillicitarum
1548 2358 1907 2437 voluptatum
1932 2369 1989 2422 et
2007 2378 2116 2419 con

492 2447 880 2533 cupiscentiis
903 2447 1056 2507 male
1103 2445 1502 2509 laborantem.
1537 2445 1595 2509 Si
1629 2447 1810 2527 igitur
1829 2447 2152 2512 accesserit

490 2545 563 2607 ad
588 2543 815 2613 Jesum,
844 2546 903 2599 et
925 2535 1196 2618 petiverit
1219 2535 1292 2597 ab
1324 2554 1396 2597 eo
1440 2536 1866 2620 utdescenilat,
1896 2541 2009 2600 hoc
2032 2548 2142 2608 est,

493 2632 848 2694 misereatur
864 2626 1197 2687 etremittat
1213 2625 1297 2687 illi
1320 2635 1558 2706 peccata
1580 2628 1921 2709 priusquam
1943 2648 2009 2690 ex
2031 2638 2148 2688 toto

494 2743 527 2784 a
548 2718 757 2782 morbo
782 2716 1150 2796 voluptatum
1180 2716 1487 2778 moriatur:
1523 2718 1595 2786 isi
1620 2717 1777 2778 enim
1818 2719 2001 2780 nostri
2031 2737 2145 2779 non

493 2810 879 2871 misereretur
904 2802 1197 2878 Deus,sed
1222 2802 1565 2865 observaret
1590 2806 2019 2885 iniquitates,et
2040 2826 2130 2867 se-

490 2896 751 2959 cundum
776 2894 910 2954 illas
936 2893 1351 2973 ulcisceretur,
1378 2892 1651 2973 quisnam
1679 2884 2006 2958 sustineret
2025 2904 2051 2957 ?
2072 2884 2147 2947 95’

488 2989 535 3048 si
568 2987 750 3063 igitur
774 2981 1117 3062 accesserit,
1148 2981 1451 3043 utdictum
1479 2992 1587 3057 est,
1619 3000 1972 3065 assequetur
1990 2986 2144 3065 quod

489 3076 722 3158 quaerit,
751 3081 808 3135 et
838 3072 1089 3152 recipiet
1113 3080 1373 3133 mentem
1393 3091 1557 3134 suam
1583 3078 2143 3139 sanam.Verumta-

492 3186 627 3228 men
651 3165 782 3225 vide
820 3170 877 3224 et
905 3160 1048 3242 quid
1072 3160 1229 3223 dicat
1258 3160 1330 3223 ad
1359 3161 1526 3224 illum
1560 3160 1873 3228 Dominus:
1906 3190 1933 3221 κ
1956 3163 2140 3247 Vade,

491 3255 649 3316 ﬁlius
672 3264 806 3315 tuus
836 3251 996 3325 vivit,
1037 3274 1057 3306 ο
1084 3250 1198 3313 hoc
1222 3258 1332 3331 est,
1367 3270 1441 3313 ne
1473 3251 1556 3313 sis
1584 3252 1913 3316 immobilis
1930 3254 2004 3316 ad
2038 3255 2140 3316 bo-

2223 2269 2284 2323 τὸ
2348 2270 2523 2343 θαῦμα
2579 2269 2667 2324 καὶ
2726 2270 2811 2323 νῦν
2866 2271 2893 2325 6
2926 2270 3111 2348 Κύριος
3157 2270 3241 2325 ἐπὶ
3288 2273 3481 2335 παντὸς
3510 2278 3601 2328 τοῦ
3649 2293 3884 2351 προσερ-

2230 2357 2488 2437 χομένου.
2550 2362 2682 2415 Οἱον
2738 2356 3011 2433 βασιλικός
3067 2358 3176 2415 ἐστι
3222 2366 3322 2424 πᾶς
3368 2359 3659 2438 ἅνθρωπος,
3695 2361 3754 2416 οὗ
3785 2363 3884 2435 μό·-

2231 2469 2318 2503 νον
2372 2449 2446 2511 ὡς
2511 2454 2604 2503 τοῦ
2667 2446 2925 2523 βασιλέως
2998 2449 3211 2505 πάντων
3241 2449 3501 2528 συγγενὴς
3533 2448 3616 2506 διά
3645 2451 3742 2517 τὴν
3776 2457 3883 2527 tiu-

2231 2537 2363 2616 χὴν,
2426 2535 2561 2592 ἀλλά
2628 2540 2715 2593 καὶ
2758 2540 2832 2600 ὡς
2878 2537 3033 2602 αυτὸς
3063 2536 3346 2614 βασιλικὴν
3368 2538 3545 2619 ἀρχὴν
3572 2542 3709 2597 κατὰ
3738 2543 3882 2597 πάν-

2232 2650 2336 2683 των
2420 2625 2719 2702 δεξάμενος.
2760 2627 3061 2704 Εὑρίσκεται
3093 2625 3145 2682 δὲ
3178 2626 3437 2693 πολλάκις
3474 2628 3617 2709 ἔχων
3653 2652 3741 2693 τις
3790 2632 3883 2686 τὸν

2234 2725 2374 2789 νοῦν,
2437 2716 2533 2772 οἶα
2562 2718 2695 2789 υἱὸν,
2730 2719 2848 2796 πυρὶ
2903 2714 3107 2783 ἡδονῶν
3168 2717 3377 2773 ἀτόπων
3448 2721 3534 2774 καὶ
3584 2718 3883 2794 ἐπιθυμίαις

2232 2814 2409 2869 κακῶς
2472 2805 2689 2884 ἔχοντα.
2766 2807 2821 2862 Ei
2878 2807 3046 2862 τοίνυν
3104 2806 3366 2883 προσέλθῃ
3428 2814 3505 2882 τῷ
3558 2807 3755 2884 Ἰησοῦ,
3793 2814 3883 2866 καὶ

2232 2898 2437 2966 αἰτήσει
2496 2898 2651 2952 αὐτὸν
2744 2893 3061 2976 καταϐῆναι,
3147 2898 3409 2972 τουτέστι,
3491 2896 3879 2978 συγκαταϐέσει

2230 2985 2619 3066 φιλανθρωπίας
2678 2988 3002 3065 χρήσασθαι,
3065 2987 3151 3042 καὶ
3203 2993 3550 3068 συγχωρῆσαι
3582 2988 3725 3064 αύτῷ
3784 2991 3880 3052 τάς

2231 3076 2487 3155 ἁμαρτίας
2548 3077 2666 3154 πρὶν
2721 3075 2756 3142 ἢ
2818 3073 3033 3139 τελείως
3092 3075 3198 3132 ἀπὸ
3226 3080 3323 3144 τῆς
3355 3078 3508 3133 νόσου
3537 3082 3642 3133 τῶν
3694 3078 3881 3135 ἐπιθυ-

2227 3171 2363 3242 μιῶν
2420 3165 2787 3245 ἀπονεκρωθῇ,
2849 3161 2917 3242 (εί
2973 3165 3049 3239 μὴ
3103 3165 3203 3244 γάρ
3245 3164 3609 3243 συγκαταϐαίη
3658 3170 3796 3245 ἡμῖν
3853 3173 3883 3226 6

2227 3260 2380 3332 Θεὸς,
2432 3256 2573 3323 Δἀλλά
2642 3257 2733 3321 τὰς
2791 3256 3010 3329 ἀνομίας
3066 3259 3536 3337 παρατηρήσαιτο,
3609 3260 3698 3316 καὶ
3757 3259 3880 3317 κατ’

488 3342 770 3420 num,sed
792 3340 968 3421 vade,
998 3347 1059 3402 et
1088 3339 1508 3403 incessabilem
1535 3342 1857 3405 motionem
1890 3345 2135 3407 ostende

2225 3348 2424 3411 ὲκείνας
2468 3344 2750 3417 ἐξετάσειε,
2783 3346 2860 3409 τίς
2908 3343 3094 3404 λοιπὸν
3151 3348 3508 3417 ὑποστήσεται
3545 3347 3588 3428 ;)
3638 3352 3681 3405 εί
3711 3372 3881 3426 προσ-

488 3434 563 3497 ad
596 3433 841 3495 bonum.
864 3428 1033 3492 Tunc
1063 3430 1224 3491 enim
1271 3430 1428 3493 ﬁlius
1459 3438 1594 3493 tuus
1638 3433 1808 3495 vivet.
1846 3436 1906 3497 Si
1936 3444 2135 3497 autem

484 3522 804 3605 quieveris,
840 3539 959 3581 non
1000 3519 1341 3597 ambulans,
1399 3521 1689 3584 morieter
1740 3524 1911 3604 plane
1968 3543 2139 3587 mens

488 3625 610 3689 tua,
647 3632 715 3673 eo
740 3610 897 3692 quod
924 3608 997 3671 ad
1030 3608 1253 3670 bonum
1280 3616 1337 3671 te
1360 3629 1478 3672 non
1512 3614 1906 3691 promoveris.

2224 3436 2352 3513 ἐλθῃ
2425 3437 2621 3511 τοίνυν,
2674 3445 2747 3499 ὼς
2809 3435 3045 3515 εἴρηται,
3106 3434 3340 3502 τεύξεται
3408 3445 3501 3495 τοῦ
3532 3439 3880 3515 ζητουμένου,

2222 3530 2309 3585 καὶ
2354 3525 2692 3602 ἀπολήψεται
2774 3528 2864 3583 τὸν
2922 3528 3039 3582 νοῦν
3082 3530 3242 3585 αὑτοῦ
3270 3528 3416 3605 ὑγιᾶ.
3451 3528 3601 3589 Πλὴν
3632 3528 3727 3605 ὅρα
3779 3534 3877 3587 καί

2221 3619 2270 3676 τί
2335 3639 2496 3698 φησιν
2581 3618 2609 3672 6
2666 3616 2856 3692 Κύριος
2928 3618 3059 3695 πρὸς
3116 3616 3293 3675 αύτόΨ
3350 3638 3373 3673 α
3416 3618 3665 3699 Πορεύου,
3710 3622 3739 3675 6
3768 3621 3880 3685 υἱός

483 3727 578 3763 σου
621 3712 685 3785 ζῃ
721 3718 735 3733 '
774 3726 801 3757 »
838 3700 1101 3780 τουτέστι,
1133 3701 1222 3767 Μὴ
1253 3702 1502 3768 ἀκίνητος
1554 3703 1643 3759 ἔσο
1698 3709 1827 3783 πρὸς
1880 3710 1940 3763 τὸ
1971 3710 2161 3787 καλὸν,
2191 3709 2329 3768 ἀλλά
2362 3708 2609 3787 πορεύου,
2641 3708 2727 3763 καὶ
2756 3708 2964 3772 κίνησιν
2996 3706 3401 3762 ἀκατάπαυστον
3432 3706 3721 3766 ἐνδείκνυσο
3749 3714 3885 3790 πρὸς

484 3799 544 3852 τὸ
575 3793 768 3872 ἀγαθόν
801 3807 815 3821 ·
852 3792 971 3847 τότε
1001 3791 1100 3868 γὰρ
1132 3792 1159 3845 6
1190 3791 1299 3853 υἱός
1332 3814 1425 3850 σοι)
1455 3799 1541 3869 ζῇ,
1579 3795 1635 3850 Εἰ
1666 3793 1719 3851 δὲ
1750 3797 1933 3873 παύσῃ
1958 3807 2049 3856 τοῦ
2079 3802 2413 3879 πορεύεσθαι,
2439 3796 2745 3867 τεθνήξεταί
2768 3817 2862 3852 σου
2893 3796 3106 3859 πάντως
3132 3797 3160 3851 6
3193 3796 3337 3872 νοῦς,
3481 3801 3601 3878 περὶ
3628 3801 3687 3855 τὸ
3716 3801 3882 3858 καλὸν

483 3884 734 3955 ἀκινησίᾳ
761 3882 859 3947 τὴν
891 3880 1145 3959 νέκρωσιν
1176 3878 1375 3943 λαϐών,
1724 3954 1727 3955 ν

564 3969 967 4035 VEns.51-56.
1010 3991 1036 4023 α
1062 3970 1191 4029 .lam
1219 3976 1418 4031 autem
1443 3988 1512 4032 eo
1544 3971 2135 4053 descendente,scrvi

484 4070 875 4128 occurrerunt
895 4060 976 4134 ei,
993 4068 1052 4124 et
1077 4061 1501 4123 nuntiaverunt
1523 4064 1602 4144 ei,
1623 4065 1915 4145 dicentes,
1952 4069 2138 4133 Filius

486 4164 624 4217 tuus
645 4151 800 4213 vivit.
836 4149 1183 4241 sciscitatus
1209 4161 1298 4241 est
1323 4169 1464 4230 ergo
1489 4154 1693 4214 horam
1718 4155 1791 4217 ab
1811 4158 1974 4220 eisin
2022 4180 2137 4241 qua

481 4242 746 4321 vegetius
778 4258 844 4303 se
874 4238 1201 4302 habuisset.
1235 4238 1308 4301 Et
1338 4241 1619 4304 dixerunt
1649 4245 1702 4305 ei
1734 4266 1745 4308 :
1790 4246 1955 4325 Heri,
1990 4238 2136 4311 hora

481 4335 738 4415 septima
766 4330 1009 4410 reliquit
1042 4347 1178 4390 eum
1231 4329 1438 4393 febris.
1498 4332 1940 4418 Cognovitergo
1973 4348 2139 4418 pater

480 4424 639 4504 quod
672 4421 774 4484 illa
806 4421 954 4481 hora
984 4427 1112 4479 erat
1143 4418 1203 4478 in
1232 4437 1354 4498 qua
1379 4420 1527 4482 dixit
1556 4423 1671 4484 sibi
1724 4427 1920 4503 Jesus,
1950 4426 2136 4489 Filius

478 4522 612 4574 tuus
633 4512 859 4586 vivit,et
889 4506 1145 4571 credidit
1167 4508 1318 4588 ipse,
1352 4518 1411 4571 et
1438 4512 1654 4574 domus
1682 4514 1814 4594 ejus
1838 4525 1976 4579 tota.
2012 4517 2136 4579 Hoc

2309 4003 2335 4035 α
2398 3968 2551 4043 ’Ἡδη
2610 3973 2665 4030 δὲ
2716 3978 2872 4034 αὐτοῦ
2928 3973 3362 4050 καταϐαίνοντος,
3419 3982 3465 4033 οἱ
3497 3976 3669 4038 δοῦλοι
3720 3985 3880 4041 αὖτοῦ
3922 4033 3927 4036 .

2223 4069 2538 4139 ἀπήντησαν
2594 4068 2757 4144 αὐτῷ,
2816 4065 2906 4121 καὶ
2960 4063 3294 4143 ἀπήγγειλαν
3355 4064 3627 4149 λέγοντες,
3674 4069 3753 4126 ὅτι
3815 4060 3874 4129 Ὀ

2220 4160 2329 4224 υἱός
2387 4179 2479 4213 σου
2527 4160 2613 4231 ζῇ.
2679 4155 2930 4211 Ἐπύθετο
2987 4156 3075 4210 οὖν
3106 4153 3229 4234 παρ’
3262 4157 3433 4213 αεᾶτῶν
3477 4158 3577 4225 τὴν
3623 4159 3786 4239 ὥραν,
3820 4160 3878 4216 ὲν

2219 4254 2255 4327 ᾗ
2312 4246 2645 4325 κομψότερον
2702 4242 2885 4324 ἔσχεν,
2922 4246 3018 4302 Καὶ
3049 4244 3209 4301 ι’ίπον
3238 4249 3400 4329 αύτῷ,
3437 4246 3517 4303 ὅτι
3572 4250 3702 4313 Χθές
3730 4249 3876 4329 ὥραν

2221 4326 2451 4413 ἑϐδόμην
2496 4336 2698 4417 ἀφῆκεν
2720 4335 2875 4391 αὐτὸν
2919 4336 2946 4390 6
2976 4336 3223 4413 πυρετός.
3266 4326 3459 4415 "liva
3491 4338 3579 4395 οὗν
3610 4342 3637 4396 6
3670 4326 3875 4419 πατὴρ,

2220 4429 2299 4486 ὅτι
2359 4428 2411 4484 ὲν
2442 4426 2618 4501 ἐκείνῃ
2770 4424 2905 4504 ὥρᾳ,
2939 4423 2993 4480 ἐν
3023 4426 3058 4499 ᾗ
3091 4425 3248 4481 εἶπεν
3282 4427 3424 4501 αὐτῷ
3456 4430 3483 4484 ὁ
3528 4429 3761 4510 Ἰησοῦς,
3789 4430 3874 4487 δτι

2224 4510 2281 4577 Ὀ
2351 4517 2460 4579 υἱός
2518 4538 2610 4571 σου
2658 4521 2744 4589 ζῇ,
2806 4515 2891 4570 καὶ
2952 4513 3253 4571 ἐπίστευσεν
3327 4519 3505 4597 αὐτὸς,
3537 4520 3626 4575 καὶ
3655 4522 3689 4587 ἡ
3740 4521 3879 4576 οἰκία

476 4602 693 4666 iterum
720 4598 1047 4662 secundum
1071 4596 1303 4674 signum
1328 4599 1852 4674 ediditlesus,cum
1875 4608 2135 4669 venisset

2225 4610 2378 4665 αύτοῦ
2447 4604 2571 4671 ὅλη,
2630 4606 2793 4662 Τοῦτο
2864 4602 3030 4659 πάλιν
3073 4601 3311 4683 δεύτερον
3344 4596 3573 4682 σημεῒον
3623 4607 3872 4675 ἐποίησιν

476 4709 511 4754 a
555 4690 835 4755 Judaeain
875 4687 1203 4749 Galilaeam.
1243 4713 1269 4743 ι
1306 4690 1706 4771 Obstupefacti
1732 4697 1881 4755 servi
1909 4714 2131 4776 repen-

2225 4702 2243 4753 6
2304 4693 2755 4776 ’lnco6c,_hlﬁdw
2814 4693 2874 4748 ἐκ
2956 4696 3053 4761 τῆς
3115 4691 3364 4760 Ἰουδαίας
3423 4698 3496 4760 εἰς
3552 4698 3650 4765 τὴν
3704 4696 3875 4754 Γαλι-

476 4789 599 4843 tina
622 4779 816 4842 morbi
865 4777 1219 4848 mutatione,
1258 4789 1585 4842 occurrunt
1606 4783 1874 4857 domino,
1908 4787 2128 4847 bonum

475 4871 754 4934 nuntium
779 4868 1096 4931 aﬂ‘erentes
1126 4866 1202 4928 de
1226 4868 1477 4931 sanitate
1505 4870 1645 4931 587
1675 4872 1939 4936 ﬁlii.Non
1970 4877 2127 4937 enim

476 4960 828 5041 simpliciter
860 4965 917 5017 et
945 4954 1101 5016 sicut
1129 4955 1260 5017 ﬁeri
1289 4957 1461 5027 solet,
1488 4959 1592 5020 sed
1617 4960 1812 5023 subito
1844 4962 2128 5025 liberatus

477 5062 566 5112 est
592 5068 627 5110 ει
656 5050 843 5128 febre,
877 5053 941 5107 ut
970 5046 1053 5107 ita
1084 5045 1435 5108 ostendatur
1487 5048 1839 5111 miraculum
1864 5052 1976 5114 hoc
2008 5072 2124 5114 non

476 5139 659 5202 fuisse
688 5134 1046 5215 naturaa,sed
1074 5134 1301 5198 virtutis
1334 5136 1576 5203 Christi.
1628 5137 1702 5203 Ut
1754 5159 1894 5221 ergo
1926 5142 2130 5205 didicit

479 5248 513 5289 a
542 5228 728 5290 servis
758 5230 965 5290 horam
999 5225 1059 5285 in
1092 5244 1209 5304 qua
1232 5246 1384 5309 puer
1407 5230 1671 5307 vegetius
1702 5248 1767 5291 se
1795 5231 2122 5301 habuisset.

478 5319 590 5380 hcc
620 5317 954 5397 est,melius
1006 5314 1405 5400 babuisset,et
1434 5319 1494 5380 in
1528 5320 1839 5383 meliorem
1874 5322 2126 5384 transis-

478 5416 570 5469 set
598 5404 1206 5484 valetudinem,plene
1233 5408 1943 5475 crediditDomino.Prior
1971 5412 2127 5474 enim

481 5497 610 5575 ejus
639 5496 789 5557 ﬁdes
836 5494 1183 5576 imperfecta
1212 5505 1359 5560 erat.
1409 5499 1496 5560 Ne
1525 5497 1687 5559 enim
1711 5500 1856 5561 mihi
1913 5500 2132 5563 dixeris

560 5660 622 5709 ³⁸
651 5656 807 5719 Pul.
841 5671 1038 5736 cum,
1071 5659 1127 5718 3.

2214 4788 2388 4848 λαίαν.
2452 4805 2479 4844 ι
2522 4774 2929 4861 νἘκπλαγὲντες
3000 4784 3046 4839 οἱ
3118 4780 3293 4841 δοῦλοι
3323 4785 3424 4852 τὴν
3456 4786 3645 4861 ἀθρόαν
3696 4809 3875 4865 μετα-

2213 4873 2376 4942 ϐολὴν
2423 4879 2521 4940 τῆς
2588 4875 2768 4947 νόσου,
2842 4872 3112 4929 ἀπαντῶσι
3171 4877 3249 4948 τῷ
3294 4876 3477 4954 κυρίῳ,
3525 4875 3874 4955 εὐαγγελιζό-

2212 4987 2362 5041 μενοι
2420 4967 2563 5039 αὒτῷ
2615 4964 2715 5029 τὴν
2744 4969 2837 5019 τοῦ
2906 4964 3017 5021 υἱοῦ
3087 4964 3286 5040 ὑγείαν.
3322 4966 3394 5021 O6
3423 4967 3523 5045 γάρ
3554 4966 3736 5033 ἁπλῶς
3785 4971 3875 5023 καὶ

2211 5059 2285 5119 ὡς
2350 5056 2568 5135 ἔτυχεν,
2627 5052 2745 5109 ἀλλ’
2776 5051 2964 5130 ἀθρόον
3005 5051 3299 5133 ἀπηλλάγη
3330 5062 3422 5110 τοῦ
3450 5068 3697 5136 πυρετοῦ,
3731 5057 3871 5115 ὥστε

2211 5144 2486 5225 δειχθῆναι
2548 5144 2624 5219 μὴ
2679 5144 2882 5223 φύσεως
2945 5138 3252 5201 ἀκολουθίαν
3310 5144 3453 5200 εἶναι
3511 5148 3572 5202 τὸ
3624 5154 3870 5227 πρᾶγμα,

2210 5233 2347 5291 ἀλλά
2416 5234 2511 5302 τῆς
2572 5230 2842 5308 δυνάμεως
2906 5241 3000 5290 τοὺ
3057 5238 3303 5307 Χριστοῦ.
3368 5236 3559 5292 Μαθὼν
3615 5233 3671 5292 δὲ
3729 5238 3874 5316 παρὰ

2210 5331 2316 5381 τῶν
2361 5322 2558 5381 δούλων
2586 5322 2684 5389 τὴν
2715 5322 2879 5402 ὥραν,
2915 5322 2968 5378 ἐν
2998 5326 3035 5399 ᾗ
3063 5324 3407 5400 κομψότερον
3454 5325 3483 5381 ὀ
3514 5339 3647 5390 παῖς
3680 5327 3869 5407 ἔσχεν,

2211 5414 2324 5471 ἀντὶ
2382 5420 2499 5493 τοῦ,
2572 5411 2657 5469 ἐπὶ
2714 5413 2775 5468 τὸ
2806 5412 3014 5489 βέλτιον
3060 5413 3145 5468 οιαὶ
3176 5411 3561 5495 εὐρωστότερον
3607 5415 3875 5493 μετῆλθεν

2214 5505 2241 5559 ὀ
2280 5518 2437 5577 παῖς,
2471 5501 2685 5566 τελείως
2731 5503 2963 5559 πιστιύιι
3022 5506 3099 5575 τῷ
3170 5504 3362 5581 Κυρίῳ.
3411 5510 3455 5561 Η
3513 5506 3613 5584 γὰρ
3641 5504 3873 5585 προτέρα
