4178 6420
492 312 647 379 1259
1471 312 2066 379 THEOPHYLACTI
2112 313 2526 379 BULGAﬁl/E
2567 317 2906 381 ARCHIEP
3740 318 3901 385 126“

487 446 636 509 serit
680 444 937 526 Spiritus
962 443 1153 506 sancti
1182 445 1394 525 gratia,
1429 449 1673 525 propter
1708 442 2136 506 invocationem

2228 445 2426 508 ἐκεῐτο.
2491 449 2671 514 Οὕτως
2714 449 2803 506 οὖν
2845 451 2936 507 καὶ
2978 448 3060 531 ιφ*
3092 454 3228 527 ἡμῖν
3270 454 3333 508 τὸ
3380 458 3473 509 τοῦ
3524 453 3897 528 βαπτίσματος

488 539 624 613 Dei,
659 536 899 599 morbos
957 533 1129 596 solvit
1169 533 1527 607 animarum;
1586 542 1645 596 et
1689 535 1736 595 si
1794 534 1928 615 quis
1956 554 2136 596 caecus

2228 534 2387 614 ὕδωρ,
2445 536 2580 616 ὕδωρ
2638 538 2779 595 ὶστὶν
2853 537 3063 615 ἅπλῶς,
3137 537 3417 607 δεξάμενον
3494 538 3547 596 δὲ
3636 540 3736 609 τὴν
3800 550 3897 599 τοῦ

488 628 726 703 fuisset,
755 624 1069 700 obcaecatis
1100 623 1290 685 oculis
1322 622 1535 685 animae
1566 641 1641 685 ne
1668 624 1854 703 possit
1876 623 2136 702 judicare

2232 626 2531 702 [Ινεύματος
2574 628 2732 707 χάριν
2777 626 2860 684 διὰ
2916 629 3024 685 τῶν
3080 631 3233 685 θείων
3290 628 3648 709 ἒπικλήσεων,
3682 632 3746 686 τὰ
3780 635 3887 706 ψυ-

490 716 711 780 bonum
746 735 780 776 a
811 714 994 785 malo;
1029 721 1088 775 et
1118 712 1168 773 si
1200 711 1447 773 claudus
1467 710 1600 793 quis
1630 710 1858 787 fuisset,
1895 713 1996 794 qui
2028 731 2147 775 non

490 806 837 870 movebatur
865 803 939 867 ad
973 801 1309 865 faciendum
1351 801 1573 863 bonum
1606 809 1662 863 et
1709 802 2145 882 proficiendum

487 900 553 962 in
586 895 825 972 melius;
859 902 917 955 et
946 895 994 956 si
1027 892 1229 957 aridus
1258 899 1318 953 et
1345 890 1645 972 desperati
1667 891 1911 953 omnino
1934 890 2145 953 fuisset

488 984 1051 1064 morbi,nulliusque
1082 981 1223 1043 boni
1256 981 1550 1061 particeps
1579 979 1652 1042 ab
1685 998 1837 1062 aqua
1867 980 2140 1042 illacura-

487 1079 683 1142 batur.
708 1074 782 1137 Et
812 1084 951 1136 tunc
984 1069 1296 1133 inﬁrmitas
1328 1068 1695 1149 impediebat
1731 1069 2018 1150 quosdam
2050 1087 2145 1131 me

488 1173 883 1231 sanarentur:
918 1180 1077 1225 nunc
1124 1168 1322 1222 autem
1357 1158 1418 1219 in
1451 1157 1747 1239 baptismo
1792 1159 2023 1221 nullum
2055 1166 2144 1220 est

488 1257 878 1324 obstaculum.
911 1256 1045 1318 Non
1076 1251 1237 1315 enim
1268 1267 1387 1315 uno
1418 1258 1623 1312 sanato
1660 1250 1759 1313 alii
1784 1251 2137 1333 relinquun-

2230 715 2363 793 χικὰ
2417 716 2693 792 νοσήματα
2745 715 2855 774 λύει
2894 734 2907 747 ⁸
2959 717 3054 775 κᾶν
3100 717 3294 797 τυφλὸς
3340 718 3432 786 εἶτ,
3480 741 3557 782 τις
3611 723 3729 783 τοὺς
3789 725 3890 787 τῆς

2229 807 2416 883 ψυχῆς
2476 804 2783 886 ὀφθαλμοὺς
2843 808 3260 886 πεπηρωμένος,
3325 811 3414 866 καὶ
3474 810 3553 885 μή
3610 807 3894 884 δυνάμενος

2228 890 2493 972 διακρῖναι
2554 908 2616 952 το
2664 910 2907 977 κρεῖττον
2966 899 3071 954 ἀπὸ
3116 904 3208 955 τοῦ
3250 899 3522 979 χείρονος,
3568 899 3663 956 κᾶν
3705 899 3891 980 χωλὸς

2232 979 2478 1050 ἀκίνητος
2540 986 2671 1061 πρὸς
2725 986 2970 1065 ἐργασίαν
3043 985 3233 1067 καλοῦ,
3312 988 3402 1044 καὶ
3458 979 3742 1068 προκοπὴν
3792 992 3891 1056 τήν

2228 1070 2312 1129 ἐπὶ
2370 1074 2432 1129 τὸ
2487 1087 2756 1154 κρεῖττον,
2841 1074 2941 1133 κᾶν
3021 1076 3179 1155 ξηρὸς
3253 1077 3559 1135 παντάπασι
3618 1079 3723 1149 καὶ⁷
3779 1077 3890 1134 ἀπ-

2227 1161 2583 1239 εγνωσμένος,
2660 1167 2747 1221 καὶ
2814 1163 3040 1241 μηδενὸς
3101 1166 3301 1244 ἀίαθοῦ
3384 1170 3665 1242 μετουσίαν
3716 1164 3890 1247 ἔχων,

2225 1250 2424 1314 πάντας
2468 1253 2527 1308 τὸ
2587 1250 2724 1332 ὕδωρ
2766 1263 2919 1313 τοῦτο
2962 1256 3126 1317 ἰᾶται.
3175 1252 3280 1315 Καὶ
3322 1256 3587 1329 τότεμέν
3634 1257 3670 1324 ἡ
3722 1256 3883 1312 ἀσθέ-

486 1361 583 1414 tur
611 1367 732 1411 non
761 1344 976 1419 curati;
1006 1342 1113 1405 sed
1148 1340 1325 1403 etiam
1378 1348 1533 1403 totus
1590 1338 1753 1402 orbis
1783 1341 2035 1405 conﬁnes
2054 1348 2135 1415 et,

2228 1359 2335 1396 νεια
2394 1339 2657 1413 ἐνεπόδιζέ
2716 1364 2820 1400 τισι
2879 1346 3012 1423 πρὸς
3056 1345 3156 1412 τὴν
3185 1345 3490 1425 θεραπείαν,
3524 1348 3608 1400 νῦν
3652 1342 3705 1400 δὲ
3749 1347 3880 1416 πρὸς

486 1459 610 1504 non
629 1437 1087 1501 imminueretur
1114 1429 1321 1511 gratia.

2228 1431 2282 1485 τὸ
2338 1430 2688 1507 βαπτισθῆναι
2739 1431 2884 1489 ὠδὶν
2931 1433 3150 1514 ἔχωμεν
3191 1432 3436 1510 κώλυμα.
3489 1435 3560 1491 06
3608 1435 3712 1515 γὰρ
3772 1436 3886 1499 ἑνὸς

485 1530 930 1611 θεραπευομένου,
992 1524 1038 1580 οἱ
1096 1520 1244 1578 ἄλλοι
1306 1520 1646 1599 ἆθεραπευτοι
1690 1520 1880 1579 ἰῶνται
1912 1536 1925 1551 '
1988 1520 2151 1599 διλλὰ⁸
2183 1517 2281 1575 κᾶν
2365 1526 2511 1576 πᾶσα
2560 1521 2598 1588 ἠ
2657 1522 2943 1599 οἰκουμένη
2996 1521 3244 1599 συνέλθῃ,
3318 1522 3416 1580 οὒκ
3472 1522 3788 1581 ἰλαττοῦται
3855 1528 3887 1592 ἡ

531 1623 665 1685 άρις.

486 1644 750 1772 milia;
787 1704 909 1769 5-7.
954 1723 984 1764 ε
1010 1702 1154 1766 Erat
1180 1707 1377 1762 autem
1410 1696 1651 1780 quidam
1682 1698 1861 1762 hom
1885 1699 2007 1762 illic
2035 1698 2136 1781 qui

2305 1716 2336 1758 (
2394 1682 2463 1755 Ἦ
2532 1696 2587 1755 δέ
2665 1721 2748 1765 τις
2836 1699 3107 1781 ἄνθρωπος
3189 1703 3328 1782 ἐκεῖ,
3430 1702 3708 1782 τριάκοντα
3798 1705 3887 1757 καὶ

487 1800 730 1880 triginta
760 1804 819 1859 et
842 1798 975 1857 octo
996 1810 1188 1855 annos
1215 1789 1427 1854 morbo
1460 1786 1975 1853 tenebatur.llunc
2004 1808 2136 1852 cum

2228 1787 2367 1845 ὀκτὼ
2399 1786 2494 1856 ἔτη
2521 1786 2668 1868 ἔχων
2699 1788 2754 1846 ἒν
2785 1795 2853 1869 τῇ
2900 1789 3149 1880 ἆσθενείᾳη
3219 1801 3430 1880 Τοῦτον
3465 1788 3588 1848 ἰδὼν
3618 1793 3647 1848 ὁ
3677 1788 3885 1859 Ἰησοῦς

488 1879 733 1954 vidisset
753 1885 929 1950 Jesus
954 1881 1445 1955 decumbentem,
1479 1888 1537 1942 et
1589 1883 1962 1959 cognovisset
1984 1880 2136 1962 quod

2228 1879 2633 1957 κατακείμενον,
2679 1882 2767 1938 καὶ
2808 1882 2988 1961 γνοὺς,
3034 1879 3117 1939 ὅτι
3174 1879 3339 1938 πολίσν
3388 1879 3481 1948 ἴδη
3513 1881 3709 1962 χρόνον
3736 1880 3882 1962 ἕχει,

480 1982 604 2063 jam
630 1978 877 2041 multum
900 1970 1415 2063 temporismorho
1440 1969 1924 2063 teneretur_,dicit
1951 1968 2005 2031 ei
2020 1967 2136 2063 :_Vis

2228 1965 2369 2047 λέγει
2441 1968 2585 2046 αὒτῷ
2620 1988 2635 2005 ⁸
2726 1968 2908 2035 Θέλεις
2978 1971 3131 2051 ὑγιὴς
3227 1970 3522 2051 γενέσθαι;
3595 1968 3884 2051 Ἀπεκρίθη

487 2058 670 2134 sanus
699 2064 860 2129 fieri?
891 2060 1225 2144 Respondit
1258 2063 1313 2124 ei
1343 2061 1699 2143 languidus:
1730 2061 2006 2140 Domine,
2040 2058 2136 2121 bo«

2228 2058 2368 2133 αὗτῷ
2426 2060 2454 2115 ὁ
2511 2059 2744 2116 ἀσθενῶν
2778 2075 2793 2090 ⁶
2858 2060 3039 2138 Κύριε,
3113 2059 3383 2141 ἄνθρωπον
3426 2060 3521 2117 οὐκ
3578 2060 3719 2140 ⁷έχω⁹
3788 2060 3884 2117 ἵνα

488 2162 709 2225 minem
745 2173 863 2219 non
881 2150 1331 2233 habeo,ut,curn
1357 2151 1588 2215 turbata
1602 2152 1775 2215 fuerit
1806 2168 1980 2231 aqua,
1999 2147 2136 2211 mit-

2228 2144 2351 2204 ὅταν
2404 2152 2648 2229 ταραχθῇ
2689 2151 2750 2207 τὸ
2796 2148 2954 2230 ὕδωρ,
3013 2149 3190 2229 βάλλῃ
3246 2173 3315 2215 με
3374 2151 3447 2215 είς
3475 2150 3573 2219 τὴν
3601 2147 3884 2226 κολυμϐή-

486 2261 571 2313 tat
600 2266 699 2310 me
727 2245 788 2306 in
819 2240 1245 2325 piscinam;sed
1266 2240 1506 2304 interim
1521 2243 1663 2305 dum
1684 2260 1792 2320 ego
1818 2239 2136 2320 venio,jam

2228 2240 2350 2317 θραν
2387 2256 2400 2272 ο
2450 2237 2505 2295 έν
2534 2243 2581 2313 ᾦ
2622 2240 2677 2295 δὲ
2728 2238 2959 2321 ἔρχομαι
3010 2240 3141 2321 ἐγὼ,
3187 2238 3350 2304 ἄλλος
3378 2241 3481 2319 πρὸ
3525 2239 3653 2317 ἐμοῦ
3709 2262 3883 2296 κατα-

489 2340 640 2402 alius
671 2344 808 2396 ante
839 2350 936 2394 me
954 2329 1648 2412 descendit.nStupenda
1679 2328 1982 2413 paralytici
2005 2346 2136 2391 con-

2228 2325 2415 2387 ϐαίνει.
2471 2351 2501 2384 ι
2567 2327 2935 2399 Ἐκκληκτικὴ
2991 2332 3026 2399 ἡ
3084 2331 3329 2410 καρτερία
3387 2340 3482 2389 τοῦ
3551 2327 3877 2408 παραλύτου.

487 2426 740 2492 stantia:
777 2440 966 2485 annos
996 2418 1253 2482 habebat
1286 2419 1526 2499 triginta
1549 2428 1707 2498 octo,
1742 2428 1800 2483 et
1824 2418 2136 2501 quotannis

2228 2415 2386 2485 ’Ἔτη
2436 2418 2719 2498 τριάκοντα
2779 2421 2865 2480 καὶ
2925 2421 3067 2477 ὀκτὼ
3122 2421 3274 2501 εἶχε,
3337 2421 3426 2477 καὶ
3485 2419 3605 2477 καθ’
3664 2419 3886 2476 ἕκαστον

486 2514 726 2581 liberari
754 2531 789 2574 a
819 2509 1029 2573 morbo
1060 2517 1419 2590 exspectans
1438 2509 1826 2587 assidebat,et
1855 2507 2136 2589 impedie-

2228 2506 2463 2565 ἐνιαυτὸν
2520 2507 2994 2589 ἀπαλλαγήσεσθαι
3052 2520 3144 2570 τοῦ
3195 2510 3499 2587 νοσήματος
3549 2507 3879 2590 προσδοκῶν,

486 2608 659 2672 batur
681 2623 715 2665 a
744 2598 1176 2683 potentioribus
1199 2607 1555 2679 praeventus,
1588 2618 1701 2662 nec
1733 2609 1930 2662 tamen
1961 2596 2136 2660 desti-

2228 2595 2529 2676 ἐνηδρεύετο
2626 2596 3043 2677 ἰμποδιζόμενος
3116 2601 3218 2657 ὑπὸ
3296 2602 3401 2657 τῶν
3487 2597 3880 2677 δυνατωτέρων.

488 2697 557 2758 tit
588 2710 782 2774 neque
813 2688 1168 2769 desperavit.
1203 2687 1344 2750 Ideo
1377 2696 1437 2751 et
1482 2688 1770 2752 Dominus
1819 2689 2136 2766 interrogat

2228 2690 2324 2744 Καὶ
2409 2686 2558 2762 ὅμως
2645 2688 2923 2769 ἀφίστατο,
3013 2687 3127 2748 οὐδὲ
3212 2689 3543 2769 ἀπεγίνωσκε
3579 2708 3596 2724 ·
3655 2687 3734 2745 διὸ
3792 2686 3881 2745 καὶ

487 2782 867 2860 eum,volens
889 2785 1220 2840 monstrare
1235 2777 1406 2839 nobis
1428 2778 1834 2841 fortitudinem
1852 2776 2136 2852 hominis;

2228 2778 2394 2856 ἐρωτᾷ
2452 2777 2607 2835 αὐτὸν
2666 2780 2694 2834 ὁ
2756 2778 2971 2857 Κύριος,
3015 2777 3182 2835 θέλων
3246 2776 3414 2844 δεῖξαι
3443 2780 3579 2856 ἡμῖν
3621 2779 3720 2847 τὴν
3748 2798 3879 2857 καρο

487 2895 606 2940 non
631 2872 790 2937 enim
814 2872 1137 2947 interrogat
1156 2867 1325 2949 quasi
1351 2867 1589 2931 discere
1620 2869 1921 2951 quippiam
1941 2866 2136 2930 vellet.

2228 2866 2394 2944 τερίαν
2449 2876 2543 2926 τοῦ
2604 2866 2882 2947 ἂνθρωπου
2915 2884 2930 2899 ⁹
2995 2871 3056 2927 οὗ
3110 2869 3210 2948 γὰρ
3266 2867 3331 2936 δὴ
3386 2870 3461 2933 ὡς
3506 2869 3879 2945 μαθησόμενος

483 2965 609 3029 Hoc
636 2962 796 3026 enim
828 2979 946 3023 non
980 2958 1172 3021 solum
1230 2958 1598 3039 superfluum
1650 2967 1827 3029 esset,
1862 2957 1969 3020 sed
1998 2956 2136 3019 insi-

2228 2953 2416 3033 lptoti.
2477 2963 2643 3016 Τοῦτο
2719 2959 2819 3037 γὰρ
2894 2960 2956 3017 οὔ
3026 2959 3189 3035 μόνον
3259 2959 3528 3038 περιττὸν,
3596 2956 3732 3015 ἀλλὰ
3789 2959 3880 3015 καὶ

484 3055 679 3138 piens,
708 3068 979 3133 quaerere
1013 3065 1276 3138 anaeger
1308 3046 1451 3138 velit
1486 3047 1975 3138 sanari.Factum
1997 3065 2136 3127 ergo

2228 3044 2471 3127 ἀνόητον,
2528 3049 2591 3104 τὸ
2647 3047 2844 3128 ἐρωτᾷν
2889 3050 2933 3105 εἷ
2963 3047 3100 3106 θέλει
3132 3049 3161 3105 ὃ
3210 3053 3382 3105 νοσῶν
3431 3049 3662 3127 (κρᾶναι,
3698 3038 3879 3128 ’Ὀπερ

484 3118 549 3209 ut
579 3118 947 3206 monstretur
978 3136 1149 3199 nobis
1172 3118 1440 3198 hominis
1470 3137 1932 3218 patienti_a.Quid
1964 3118 2136 3218 igitur

2228 3134 2311 3191 οὖν
2370 3118 2550 3213 εἶπον,
2608 3118 2701 3195 ἵνα
2757 3118 2896 3215 δείξῃ
2951 3139 3090 3215 ἡμῖν
3119 3139 3217 3208 τὴν
3245 3118 3522 3218 καρτερίαν
3550 3144 3642 3196 τοῦ
3670 3118 3878 3218 ἆνθρώί-

484 3234 620 3297 ille?
652 3233 832 3296 Multa
862 3246 996 3291 cum
1030 3214 1486 3289 mansuetudine
1514 3214 1840 3310 respondet
1876 3250 1889 3292 :
1920 3214 2136 3303 Etiam,

2228 3246 2348 3306 που,
2380 3223 2465 3283 διὰ
2520 3233 2674 3285 τοῦτο
2706 3214 2902 3307 ἰρωτᾷ.
2958 3214 3019 3288 Τί
3070 3226 3158 3285 οὖν
3202 3214 3462 3305 ἐκεῖνος-ς
3496 3229 3642 3285 Μετὰ
3672 3214 3878 3297 πολλῆς

484 3324 697 3405 inquit,
723 3318 998 3393 Domine,
1032 3316 1162 3377 volo
1196 3314 1464 3405 quidem,
1500 3318 1604 3379 sed
1638 3337 1757 3379 non
1810 3316 1998 3379 habeo
2031 3316 2136 3378 ho-

2228 3312 2509 3405 ἰπιεικείας
2566 3314 2904 3396 ἀποκρίνεται
2934 3338 2950 3356 ο
3003 3318 3122 3394 Ναὶ,
3178 3320 3330 3398 φησὶ,
3364 3314 3551 3399 Κύριε,
3582 3316 3722 3376 θέλω
3753 3320 3879 3399 μὲν,

487 3402 710 3475 minem
743 3409 844 3491 qui
878 3405 1064 3488 possit
1094 3424 1187 3466 me
1219 3404 1279 3465 in
1302 3422 1518 3486 aquam
1550 3405 2136 3471 inferre.Nihilblas-

2228 3402 2346 3462 ἀλλ’
2405 3406 2499 3464 οὐκ
2555 3405 2670 3487 ἔχω
2728 3405 3001 3488 ἄνθρωπον
3056 3409 3146 3465 τὸν
3204 3405 3492 3483 δυνάμενόν
3521 3428 3589 3485 με
3618 3405 3879 3485 ἱμϐαλεῖν

482 3504 766 3587 phemum
809 3495 1139 3577 respondit,
1175 3513 1293 3587 non
1324 3494 1520 3576 arguit
1570 3496 1870 3560 Christum
1905 3502 1968 3558 ut
1995 3494 2136 3587 stul-

2228 3500 2315 3587 up
2356 3492 2526 3561 ὕδατι,
2609 3495 2770 3555 Οὐδὲν
2852 3497 3171 3587 βλάσφημον
3229 3496 3570 3587 ἂποκρίνατο,
3616 3498 3710 3556 οὐκ
3765 3498 3878 3556 ἀπ·-

481 3584 599 3656 tam
628 3587 1153 3667 interrogationem
1204 3585 1698 3665 interrogantem;
1743 3605 1861 3649 non
1897 3584 2136 3648 maledi-

2228 3584 2503 3661 επέμψατο
2557 3587 2650 3643 τὸν
2694 3588 2943 3666 Χριστὸν,
2990 3589 3064 3648 ὣς
3110 3585 3453 3667 ἐρωτήσαντα
3496 3586 3690 3649 ἄτοπον
3737 3587 3877 3669 ἰρώ-

480 3681 567 3745 xit
614 3680 733 3743 diei
795 3675 1136 3749 nativitatis,
1184 3674 1340 3736 sicut
1398 3675 1809 3755 pusillanimes
1864 3674 2136 3757 facimus,

2228 3696 2395 3755 τημα,
2454 3678 2513 3735 οὗ
2581 3678 2923 3758 κατηράσατο
2993 3677 3092 3745 τὴν
3161 3675 3365 3755 ἡμέραν
3408 3676 3503 3745 τῆς
3547 3678 3879 3756 γεννήσιως,

481 3773 662 3852 idque
742 3787 877 3831 cum
951 3765 1011 3826 in
1075 3763 1328 3826 leviores
1406 3763 1646 3827 morbos
1704 3766 2136 3843 inciderimus;

2228 3764 2320 3823 οἶα
2378 3765 2426 3822 ol
2484 3766 2815 3847 μικρόψυχοι
2863 3773 3140 3843 ποιοῦμεν,
3188 3766 3275 3823 καὶ
3313 3776 3478 3826 ταῦτα
3506 3766 3876 3850 ἐλαφροτέρας

483 3861 591 3929 sed
625 3866 933 3921 mansuete
975 3864 1032 3916 et
1082 3852 1315 3935 placide
1346 3871 1697 3934 responsum
1749 3856 1869 3927 dat,
1906 3856 2136 3918 tametsi

2228 3854 2486 3931 νοσήμασι
2544 3858 2974 3934 περιπίπτοντες.
3036 3855 3174 3913 ἀλλὰ
3222 3856 3405 3936 πράως
3460 3857 3545 3914 καὶ
3614 3856 3869 3926 δυσωπη-

484 3949 747 4013 nesciret
773 3946 1050 4027 quisnam
1080 3952 1238 4005 esset
1291 3942 1391 4023 qui
1414 3942 1836 4025 interrogabat.
1871 3944 2136 4027 Namque

2228 3950 2385 4007 τικῶς
2430 3959 2675 4003 ποιεῖται
2732 3947 2831 4014 τὴν
2898 3947 3200 4027 ἀπόκρισιν,
3247 3947 3420 4004 καίτοι
3480 3969 3540 4029 γε
3578 3948 3656 4025 μὴ
3701 3946 3874 4025 εἰδὼς,

485 4041 601 4103 hoc
632 4038 822 4100 solum
861 4031 1217 4097 existimavit
1250 4031 1522 4094 utilitatis
1552 4034 1666 4096 sibi
1682 4035 1823 4098 569
1851 4035 2136 4099 accedere

2228 4031 2369 4097 ὅστις
2426 4033 2557 4092 ποτὶ
2613 4034 2680 4102 ἧν
2725 4037 2752 4091 ὁ
2797 4035 3031 4111 ἐρωτῶν,
3093 4034 3211 4093 ἀλλ’
3256 4035 3293 4105 ἢ
3334 4042 3490 4095 τουτο
3549 4037 3712 4114 μόνον
3739 4039 3876 4104 ’ίσως

483 4126 779 4202 fortassis,
813 4136 877 4187 ut
908 4122 1157 4184 inferret
1186 4120 1382 4201 ipsum
1420 4121 1479 4183 in
1526 4143 1765 4204 aquam,
1802 4134 1859 4187 et
1889 4137 2135 4207 propte-

2228 4121 2458 4198 ἱνόμισε,
2495 4126 2821 4204 χρησιμεύει
2852 4122 2939 4206 [ν]
2971 4124 3114 4201 αὐτῷ
3159 4127 3251 4183 τὸν
3297 4129 3548 4206 Χριστὸν,
3593 4127 3730 4184 ὥστε
3772 4128 3878 4204 ἰμ-

481 4237 588 4281 rea
644 4215 860 4277 blande
907 4212 1142 4276 Christo
1200 4211 1483 4291 loquitur.
1547 4212 1674 4276 Non
1733 4214 1884 4277 dixit
1937 4223 2134 4277 autem

2228 4209 2407 4270 ὅαλεϊν
2460 4214 2617 4271 αὐτὸν
2649 4215 2724 4280 είς
2754 4218 2816 4272 τὸ
2867 4213 3026 4295 ὕδωρ,
3071 4216 3161 4273 καὶ
3218 4213 3301 4272 διὰ
3344 4217 3541 4274 τούτῶν
3572 4218 3876 4275 επισπάσα-

482 4308 781 4387 Christus,
830 4302 962 4367 Vis?
992 4300 1213 4365 sanabo
1247 4309 1327 4375 te,
1358 4309 1420 4363 ut
1450 4320 1525 4365 ne
1555 4301 1858 4367 videretur
1885 4303 2132 4385 gloriam

2228 4304 2335 4358 τθαι
2393 4303 2481 4359 καὶ
2539 4301 2850 4373 δυσωπῆσαι
2907 4311 3014 4362 τῶν
3097 4305 3353 4383 ῥημάτων
3422 4304 3690 4383 βούλεται,
3769 4311 3878 4368 Οὔκ

480 4414 770 4482 quaerere.
2158 4394 2342 4449 οεῖπε
2401 4389 2458 4448 δὲ
2518 4394 2546 4449 ὀ
2591 4394 2842 4475 Χριστὸς,
2894 4392 3137 4472 Θέλειςς
3180 4396 3485 4475 θεραπεύσω
3526 4418 3610 4479 σε,
3654 4395 3745 4455 ’ίνα
3796 4398 3877 4473 μὴ

2216 4479 2340 4560 δόξῃ
2369 4483 2686 4560 κομπάζειν,

563 4573 747 4638 Vsus.
779 4573 948 4636 8-10.
977 4568 1164 4632 sDicit
1195 4569 1249 4632 ei
1278 4567 1450 4633 Jesus
1484 4590 1499 4633 :
1525 4569 1886 4649 Surge,tolle
1915 4570 2131 4651 graba-

484 4676 607 4728 tum
643 4676 804 4725 tuum
848 4672 905 4724 et
953 4660 1210 4721 ambula.
1280 4660 1357 4723 Et
1386 4662 1579 4722 statim
1625 4678 1801 4721 sanus
1832 4658 2018 4722 factus
2048 4669 2133 4722 est

482 4759 659 4819 homo
692 4754 813 4832 ille,
848 4762 903 4812 et
933 4751 1170 4811 sustulit
1204 4748 1517 4828 grabatum
1568 4768 1749 4811 suum
1785 4758 1841 4811 et
1872 4750 2107 4813 ambula

2215 4660 2376 4717 ϐατόν
2438 4684 2555 4726 σου.

2216 4751 2371 4830 ὑγιὴς
2421 4754 2448 4808 ὁ
2507 4751 2801 4833 ἅνθρωπος,
2863 4755 2951 4811 καὶ
3025 4755 3121 4834 ἦρε
3177 4756 3267 4812 τὸν
3324 4753 3618 4835 κράϐϐατον
3692 4759 3876 4834 αὐτοῦ,

2303 4590 2332 4630 (
2380 4572 2535 4652 Λέγει
2582 4577 2726 4649 αὒτῷ
2755 4576 2782 4631 ὅ
2827 4572 3037 4642 Ἰησοῦς
3068 4592 3085 4607 ⁸
3120 4572 3397 4656 ”Εγειραι,
3430 4576 3554 4654 ἆρον
3588 4578 3680 4635 τὸν
3708 4574 3870 4657 κράϐι

2649 4664 2739 4721 καὶ
2822 4665 3128 4745 περιπάτει,
3208 4666 3307 4724 Καὶ
3393 4665 3585 4731 εὐθέως
3668 4665 3878 4746 ὶγένετο

485 4849 603 4909 bat.
643 4845 775 4905 Erat
826 4851 1025 4903 autem
1080 4837 1401 4900 Sabbatum
1437 4838 1497 4900 in
1529 4838 1626 4899 die
1661 4840 1784 4902 illo.
1842 4838 2134 4905 Dicebant

2228 4842 2303 4897 ui
2348 4842 2680 4914 περιεπάτει,
2736 4839 2832 4900 Ἦν
2890 4842 2945 4900 δὲ
2982 4842 3253 4903 Σάϐϐατω
3295 4848 3352 4902 ἓν
3397 4846 3573 4923 ἐκείνῃ
3615 4853 3685 4925 τῇ
3729 4846 3874 4923 ἡμέ-

483 4957 624 5013 ergo
654 4932 839 4993 Judaei
875 4932 926 4993 ei
952 4930 1055 5009 qui
1087 4938 1330 4990 sanatus
1372 4931 1563 4990 fuerat
1596 4949 1609 4989 :
1647 4927 1967 4992 Sabbatum
2021 4939 2131 5011 est,

482 5047 600 5089 non
636 5026 772 5085 licet
805 5021 907 5082 tibi
942 5020 1152 5081 tollere
1184 5018 1364 5097 graha
1395 5038 1554 5081 uin.»
1590 5015 1769 5080 Jubet
1802 5018 1922 5080 tolli
1953 5019 2140 5082 lectu.

487 5120 633 5188 lum,
660 5114 861 5174 volens
880 5109 1224 5172 credibilius
1250 5108 1376 5169 ﬁeri
1405 5108 1753 5171 miraculum
1776 5109 1931 5189 quod
1965 5110 2132 5171 facie-

486 5208 605 5276 bat,
645 5226 715 5265 ne
751 5208 1059 5284 putaretur
1105 5219 1237 5261 esse
1283 5199 1631 5287 phanfasma
1659 5200 1983 5278 quoddam.
2009 5198 2135 5264 Nisi

486 5297 647 5357 enim
683 5291 948 5353 membra
1006 5293 1174 5350 tirme
1234 5288 1481 5361 fuissent
1530 5288 1800 5364 solidata,
1853 5289 2133 5353 lectulum

486 5385 643 5447 ferre
666 5401 782 5442 non
818 5379 1125 5460 potuisset.
1149 5377 1276 5440 Non
1296 5392 1498 5440 autem
1532 5380 1723 5456 exegit
1753 5379 1826 5441 ab
1849 5400 1922 5441 eo
1956 5381 2134 5443 fidem

488 5484 802 5552 antequam
840 5478 1127 5535 sanusset,
1158 5469 1307 5530 sicut
1343 5468 1399 5528 in
1426 5468 1556 5531 aliis
1586 5467 1964 5548 quibusdam;
2000 5473 2138 5552 quia

488 5562 774 5641 mgerille
808 5558 1067 5618 nondum
1119 5560 1346 5620 viderat
1395 5580 1527 5619 eum
1590 5559 1754 5637 signa
1794 5560 2135 5623 facientem.

488 5650 723 5737 Etenim
746 5646 1033 5711 Dominus
1059 5648 1234 5707 ﬁdem
1258 5650 1496 5733 exigere
1522 5666 1641 5713 non
1673 5648 1905 5710 solebat
1931 5651 2134 5711 abillis

2219 4953 2299 5008 ρα.
2367 4930 2606 5010 ’Ἔλεγον
2673 4932 2762 4989 οὖν
2833 4936 2880 4990 οἱ
2937 4930 3186 4992 Ἰουδαῖοι
3245 4938 3320 5010 τῷ
3398 4935 3873 5015 τεθεραπευμένῳ·

2221 5018 2491 5078 Σάϐϐατόν
2522 5022 2661 5079 ἐστιν
2698 5044 2711 5058 ·
2748 5023 2841 5079 οὒκ
2884 5022 3052 5088 ἒξεστί
3098 5046 3179 5080 σοι
3212 5024 3332 5103 ἆραι
3364 5027 3455 5082 τὸν
3482 5022 3801 5106 κράϐὅατον,
3844 5052 3867 5086 ο

2225 5107 2434 5166 Κελεύει
2486 5111 2604 5191 ἆραι
2661 5113 2722 5168 τὸ
2779 5109 3051 5187 κλινίδιον,
3112 5113 3478 5172 πιστώσασθαι
3550 5114 3879 5193 βουλόμενος

2220 5201 2280 5255 τὸ
2309 5200 2592 5278 γενόμενον
2651 5205 2848 5278 θαῦμα,
2905 5202 3043 5259 ὣστε
3093 5200 3295 5278 μηδένα
3348 5206 3558 5281 νομίσαι
3589 5208 3877 5286 φαντασίαν

2222 5289 2348 5346 αὐτὸ
2393 5290 2558 5349 εἶναι.
2626 5292 2699 5349 O6
2742 5291 2842 5371 γὰρ
2898 5292 2983 5372 ἂν,
3040 5293 3083 5348 εἰ
3126 5292 3199 5369 μῦ
3265 5290 3490 5370 βεϐαίως
3539 5297 3625 5351 καὶ
3677 5296 3875 5378 σφόδρα

2221 5379 2492 5458 συνεπάγη
2524 5383 2667 5454 αὒτῷ
2694 5381 2759 5437 τὰ
2790 5379 2954 5456 μέλη,
3005 5381 3105 5449 τὴν
3155 5380 3343 5451 κλίνην
3401 5384 3575 5466 φέρειν
3624 5386 3875 5454 ἠδύνατο,

2220 5469 2328 5526 Οὐκ
2350 5467 2569 5527 ἀπαιτεῖ
2611 5468 2663 5527 δὲ
2723 5470 2881 5527 αὐτὸν
2930 5472 3031 5551 πρὸ
3089 5475 3187 5539 τῆς
3244 5471 3435 5538 ἰάσεως
3466 5474 3662 5551 πίστιν,
3696 5474 3879 5557 ὥσπερ

2222 5558 2305 5614 ἐπὶ
2350 5556 2526 5614 ἄλλων
2560 5565 2735 5632 τινῶν,
2801 5558 2879 5616 ὅτι
2934 5558 3138 5619 οὖδέπω
3182 5559 3337 5618 αὒτὸν
3398 5562 3541 5620 εἶδεν
3586 5567 3612 5620 ὁ
3648 5556 3878 5621 ἆσθενῶν

2220 5664 2449 5722 σημεῖον
2510 5651 2863 5717 πεποιηκότα.
2932 5654 3024 5708 Καὶ
3070 5651 3169 5729 γὰρ
3211 5652 3506 5726 κάκείνους,
3569 5658 3656 5719 οὒς
3704 5656 3875 5713 ἁπαι-
