4178 6400
304 310 443 375 {itii

998 311 1444 376 ENARRATIO
1488 310 1569 373 IN
1620 305 2128 374 EVANGELIUM
2172 303 2512 371 IOANNIS.
2548 341 2624 352 -—
2665 306 2831 377 CAP.
2880 312 2955 375 V.

3567 314 3720 407 sese

305 460 395 502 τεϊ
456 447 631 504 πίστιν
692 447 719 502 ὁ
780 444 986 525 Κύριος,
1034 447 1093 500 οὒ
1136 446 1238 523 πρὸ
1300 451 1405 499 τῶν
1463 445 1767 520 θαυμάτων,
1829 441 1951 499 ἀλλό

2048 447 2367 520 antequam
2393 439 2455 501 in
2485 449 2806 524 conspectu
2864 460 3073 508 eorum
3119 448 3341 512 faceret
3396 453 3706 527 miracula,
3770 470 3774 473 '

303 537 440 613 μετὰ
483 538 543 592 τὸ
603 541 824 605 ποιῆσαι
883 535 1111 591 ενώπιον
1156 538 1327 593 αὐτῶν
1375 534 1440 589 τὰ
1467 534 1730 608 θαύματα,
1793 535 1962 589 ἀπαι-

302 640 390 684 τεῖ
450 626 638 691 αὖτοὺς
698 634 795 694 τὴν
855 626 1051 683 πίστιν.
1118 613 1264 702 εὈρα
1308 619 1363 678 δέ
1441 645 1533 691 μοι
1590 628 1707 687 πῶς
1750 622 1861 697 ἅμα
1906 644 1963 677 τε

302 716 496 783 ἤκουσε
557 717 645 773 καὶ
701 716 1027 773 ἐπίστευσεν.
1091 718 1162 772 Οὐ
1225 714 1324 792 γὰρ
1384 710 1613 791 διεκρίθη
1670 709 1787 769 καθ’
1834 713 1962 768 ἐαυ-

305 808 421 879 τὸν,
480 807 566 864 καὶ
611 806 770 863 εἶπεν
798 827 811 841 ·
862 808 935 864 Ού
964 803 1126 882 λῆρος
1159 803 1334 878 οὗτος,
1391 804 1447 865 ὃς
1476 802 1708 881 αὖθωρὸν
1739 801 1964 881 ἐγερθῆ-

303 897 385 953 ναί
444 918 509 973 με
570 895 904 974 ἐγκελεύεται
946 912 962 968 ;
1018 894 1300 973 τριάκοντα
1344 893 1487 948 όκτὼ
1530 891 1623 959 ’ἐτη
1668 890 1836 971 ἔχων,
1871 890 1966 947 οὐκ

302 985 567 1066 ἐπέτυχον
621 985 839 1056 ἰάσεως,
894 984 984 1040 καὶ
1040 982 1207 1047 οὕτως
1292 980 1481 1057 ἀθρόον
1553 981 1960 1060 ἒγερθήσομαις

310 1073 468 1131 Οὒδὲν
527 1080 791 1153 τοιοῦτον,
843 1071 981 1131 ἀλλὰ
1038 1072 1320 1135 πιστεύσας
1376 1070 1595 1151 ἠγέρθη.
1665 1071 1754 1128 Ἐν
1816 1067 1964 1125 Σαϐ-

302 1162 448 1239 ϐάτῳ
493 1163 546 1220 δὲ
606 1164 907 1243 θεραπεύει,
967 1160 1224 1218 διδάσκων
1282 1161 1402 1225 τοὺς
1467 1160 1771 1229 ἀνθρώπους
1844 1159 1964 1216 ἑτέ-

304 1276 406 1335 ρως
468 1268 610 1312 νοεῖν
664 1255 756 1315 τὰς
804 1261 896 1311 τοῦ
951 1252 1117 1327 νόμου
1174 1251 1595 1329 παρατηρήσεις,
1656 1250 1854 1327 καὶμὴ
1897 1249 1965 1319 τῇ

305 1351 628 1420 σωματικῶς
690 1342 949 1419 νοουμένῃ
994 1341 1147 1421 ἀγρία
1208 1337 1387 1396 δοκεῖν
1432 1345 1592 1415 τιμᾷν
1634 1342 1694 1396 τὸ
1747 1336 1963 1395 Σάϐϐα-

302 1455 416 1508 ·ιον,
463 1432 601 1491 ἀλλὰ
642 1434 710 1508 τῇ
752 1438 857 1487 τῶν
887 1436 1070 1487 κακῶν
1116 1429 1325 1508 ἀποχῇ.
1380 1428 1528 1486 Ἐπεὶ
1582 1430 1704 1507 τόγε
1760 1428 1963 1505 ἀγαθο-

303 1537 484 1580 ποιεῖν
514 1522 569 1579 ἐν
628 1519 913 1596 Σαϐϐάτῳ,
948 1521 1040 1577 οὒκ
1070 1518 1131 1574 ἂν
1165 1521 1192 1575 6
1220 1519 1381 1592 νόμος
1412 1516 1633 1593 ἐκώλυε,
1682 1516 1845 1593 νόμος
1890 1519 1963 1574 ὢν

300 1622 394 1671 τοῦ
423 1615 555 1670 Θεοῦ
581 1615 675 1669 τοῦ
702 1609 1167 1690 ἀγαθοποιοῦντας.

387 1730 411 1758 σ
466 1701 748 1789 Ἀπεκρίθη
778 1705 963 1763 αὐτοῖς
1002 1717 1015 1731 ’
1056 1690 1114 1756 Ὀ
1164 1699 1394 1768 ποιήσας
1446 1699 1523 1774 μὴ
1554 1697 1699 1777 ὑγιῆ,
1756 1695 1959 1761 ἐϐεῖνός
1984 1739 2022 1789 Β

301 1816 393 1868 μοι
439 1793 593 1848 εἶπεν
629 1779 644 1824 λ
700 1779 855 1869 Ἆρον
912 1791 1006 1845 τὸν
1063 1784 1357 1866 κράϐϐατόν
1389 1809 1503 1861 σου,
1536 1789 1623 1844 καὶ
1654 1787 1952 1866 περιπάτει.

302 1882 619 1962 Ἠρώτη“σαν
677 1884 764 1937 οὖν
809 1879 965 1936 αὐτόν
1000 1895 1013 1909 ⁸
1073 1880 1161 1940 Τίς
1204 1881 1345 1933 ἐστιν
1390 1880 1416 1933 6
1476 1876 1747 1957 ἄνθρωπος
1806 1880 1833 1933 6
1878 1879 1958 1933 εἷ-

297 1958 414 2029 πῶν
472 1994 554 2028 σοι
592 1987 605 2000 ⁸
670 1958 824 2050 νΑρον
880 1970 973 2026 τὸν
1002 1964 1298 2047 κράϐϐατόν
1330 1990 1446 2042 σου,
1481 1968 1569 2022 καὶ
1625 1967 1901 2045 περιπάτει
1936 1986 1952 2047 ς

303 2052 362 2120 Ὀ
416 2061 470 2118 δὲ
530 2062 691 2124 ἰαθεὶς
744 2061 838 2117 οὒκ
882 2056 997 2135 ᾔδει
1041 2061 1118 2120 τίς
1176 2058 1358 2114 ἔστιν·
1409 2060 1435 2113 6
1479 2058 1578 2135 γὰρ
1630 2055 1836 2124 Ἰησοῦς
1868 2056 1955 2121 ἐξ-

303 2154 512 2209 ένευσεν
569 2149 739 2231 ὄχλου
768 2148 917 2214 ὄντος
947 2147 1001 2204 ἐν
1031 2149 1108 2223 τῷ
1137 2153 1309 2222 τόπῳ,
1348 2171 1375 2202 ι
1415 2147 1526 2226 Χρὴ
1566 2147 1827 2221 θαυμάσαι
1859 2148 1956 2214 τὴν

300 2249 395 2300 τοῦ
451 2242 725 2321 ἀνθρώπου
785 2242 915 2319 πρὸς
946 2237 1226 2303 Ἰουδαίους
1281 2236 1599 2317 παῤῥησίαν,
1657 2244 1773 2301 πῶς
1832 2235 1953 2293 ἐπι-

300 2331 564 2408 κειμένων
620 2335 760 2403 αὐτῷ
802 2334 890 2388 καὶ
940 2330 1227 2410 λεγόντων,
1293 2354 1320 2384 α
1357 2330 1463 2386 Οὐκ
1510 2326 1677 2393 ἔξεστί
1707 2349 1790 2385 σοι
1836 2328 1955 2405 ἆραι

299 2424 392 2480 τὸν
446 2419 741 2502 κράϐϐατόν
785 2442 877 2477 σου
932 2418 1017 2476 διὰ
1074 2421 1136 2475 τὸ
1195 2416 1486 2476 Σάϐϐατορ.
1528 2438 1558 2476 ι
1618 2419 1773 2502 αὐτὸς
1817 2418 1953 2492 μετὰ

300 2498 596 2590 παῤῥησίας
657 2510 975 2589 ἆνεκήρυττε
1021 2511 1109 2566 τὸν
1160 2507 1480 2587 εὐεργέτην·
1541 2529 1567 2561 ε
1619 2498 1677 2565 Ὀ
1720 2507 1951 2577 ποιήσας

298 2623 366 2677 με
411 2605 567 2680 ὑγιῆ,
605 2601 758 2665 αὒτός
804 2621 895 2675 μοι
927 2600 1082 2656 εἶπεν
1124 2621 1133 2630 ·
1173 2623 1199 2653 n
1258 2598 1453 2653 ὡσανεὶ
1481 2603 1698 2653 τοιαῦτα
1728 2594 1900 2674 λέγων
1933 2612 1947 2627 ⁸

300 2699 554 2770 Ληρεῖτε,
616 2692 704 2747 καὶ
784 2690 1133 2769 παραπαίετε,
1194 2684 1499 2749 κελεύοντες
1556 2686 1633 2761 μὴ
1688 2685 1953 2743 πείθεσθαι

296 2787 374 2854 τῷ
430 2780 535 2836 ἀπὸ
591 2786 796 2858 μακρᾶς
855 2778 993 2836 οὕτω
1033 2780 1121 2835 καὶ
1180 2775 1429 2857 χαλεπῆς
1473 2797 1541 2851 με
1582 2775 1734 2831 νόσου
1777 2774 1955 2830 ἀπαλ-

299 2869 536 2935 λάξαντι,
596 2872 657 2926 Οἱ
714 2868 768 2923 δὲ
820 2867 1066 2925 Ἰουδαῖοι
1126 2869 1222 2923 οὐκ
1279 2865 1544 2946 ἐρωτῶσιν
1627 2867 1807 2945 αὐτὸν,
1869 2866 1954 2927 Τίς

298 2959 441 3015 ἐστιν
498 2961 527 3015 ὁ
570 2959 800 3024 ποιήσας
860 2978 918 3013 σε
961 2959 1086 3034 ὺγιῆ
1125 2975 1141 3029 ;
1193 2955 1352 3029 ἀλλὰ,
1400 2955 1487 3018 Τίς
1543 2954 1685 3011 ἐστιν
1737 2957 1763 3010 6
1794 2956 1954 3010 εἰπών

297 3070 379 3105 σοι
416 3063 430 3079 ⁶

296 3141 356 3196 τὸ
434 3137 597 3194 καλὸν
671 3135 897 3193 ἐθελοντὶ
976 3134 1331 3215 ὶτύιρλωττον,
1413 3135 1511 3201 τὴν
1589 3133 1642 3189 δὲ
1700 3132 1953 3191 δοκοῦσαν

295 3226 594 3309 παράϐασιν
648 3238 741 3287 τοῦ
798 3223 1073 3283 Σαϐϐἆτου
1131 3224 1239 3282 ἅνω
1286 3226 1372 3282 καὶ
1421 3225 1570 3281 κάτω
1610 3225 1901 3304 προέφερον
1934 3249 1947 3262 ο

295 3323 323 3377 6
371 3318 425 3375 δὲ
484 3317 688 3385 Ἰησοῦς
747 3316 1006 3391 ἒξένευσε,
1036 3316 1246 3388 πρῶτον
1291 3316 1413 3390 μὲν,
1458 3314 1552 3370 ’ίνα
1595 3315 1825 3381 ἀπόντος
1858 3317 1951 3372 αὺ-

291 3418 390 3468 τοῦ
448 3410 750 3472 ἀνύποπτος
827 3407 1047 3485 γένηται
1104 3409 1138 3475 ἡ
1227 3408 1483 3486 μαρτυρία
1554 3407 1587 3473 ἡ
1657 3408 1774 3485 περὶ
1853 3412 1951 3473 τῆς

292 3502 496 3580 ὑγείας,
544 3502 631 3555 καὶ
676 3499 753 3574 μὴ
801 3496 925 3575 δόξῃ
956 3499 984 3553 6
1026 3494 1297 3575 ἅνθρωπος
1359 3496 1806 3575 καταχαρίζεσθαι
1852 3495 1940 3552 αὒ-

295 3597 394 3664 τῴ,
442 3589 578 3647 ἀλλὰ
609 3595 676 3665 τῇ
707 3588 923 3658 ἀληθείᾳ
970 3600 1417 3666 προσμαρτυρεῖν·
1485 3584 1689 3660 ἔπειτα,
1740 3584 1831 3641 ἶνα
1875 3587 1952 3660 μὴ

295 3682 381 3736 ἐπὶ
412 3679 604 3736 πλεῖον
637 3679 818 3753 ἀνάψῃ
851 3690 967 3738 τοῖς
1028 3675 1295 3738 Ἰουδαίοις
1351 3678 1440 3732 τὸν
1469 3673 1656 3750 θυμόν,
1691 3672 1822 3732 Οἵδε
1849 3676 1948 3754 γὰρ

295 3768 391 3826 καί
450 3769 573 3844 ὄψις
633 3768 771 3843 μόνη
823 3774 916 3823 τοῦ
970 3764 1430 3848 διαφθονουμένου,
1479 3764 1538 3821 οὗ
1579 3765 1769 3844 μικρὸν
1825 3778 1941 3826 τοῖς

290 3858 662 3936 βασκαίνουσιν
731 3856 921 3937 ἐνιέναι
996 3859 1256 3936 σπινθῆρα
1343 3856 1534 3935 φθόνου
1571 3874 1585 3889 ο
1645 3851 1731 3910 διὰ
1787 3862 1942 3913 τοῦτο

289 3948 506 4028 ἀφίησιν
554 3949 680 4005 αὐτὸ
711 3944 827 4002 καθ’
858 3946 1011 4002 ἑαυτὸ
1039 3948 1099 4002 τὸ
1128 3944 1280 4024 ἔργον
1331 3943 1676 4015 ἐξετάζεσθαι,
1724 3945 1784 4003 Οἱ
1842 3944 1941 4023 γὰρ

287 4036 634 4116 ἰγκαλοῦντες
685 4031 956 4109 Ἰουδαῖοι,
996 4037 1069 4099 εἰς
1120 4034 1353 4101 ἐξέτασιν
1394 4038 1481 4091 καὶ
1512 4032 1700 4115 λόγους
1731 4037 1792 4091 τὸ
1837 4056 1942 4113 γε..

242 4174 257 4181 -
292 4130 444 4205 γονὸς
470 4128 739 4207 φέροντες,
774 4123 1207 4203 ἐξακουστότερον
1237 4126 1363 4181 αὐτὸ
1394 4131 1659 4185 ποιοῦσιν.

378 4236 407 4274 α
445 4217 591 4271 Μετὰ
647 4220 811 4269 ταῦτα
890 4215 1111 4294 εὑρίσκει
1191 4215 1346 4273 αὐτὸν
1405 4216 1433 4269 6
1495 4212 1704 4283 Ἰησοῦς
1757 4214 1812 4272 ὲν
1868 4222 1945 4291 τῷ

491 3036 644 3124 Ἀρον
675 3048 768 3102 τὸν
810 3043 1107 3125 κράϐϐατον
1145 3064 1161 3122 ;
1198 3069 1220 3101 ε
1281 3044 1458 3108 Οὕτως
1520 3044 1619 3114 ἄρα
1663 3046 1795 3123 πρὸς
1857 3027 2013 3118 μένε

2047 530 2151 591 sed
2186 537 2493 610 postquam
2528 530 2814 593 vidissent
2843 535 3147 613 miracula,
3184 539 3455 618 exigebat
3495 543 3698 604 ﬁdem.

2045 618 2300 709 Attende
2325 628 2526 709 autem
2561 621 2717 701 quod
2750 621 2927 684 simul
2959 634 3139 705 atque
3170 628 3412 709 audivit,
3447 632 3706 694 credidit

2048 708 2178 770 Non
2238 708 2399 769 enim
2451 727 2654 771 secum
2702 715 3113 792 murmuravit,
3171 725 3231 777 et
3276 708 3421 782 dixit
3457 719 3707 783 :Nonne

2047 804 2301 891 nugatur
2322 798 2592 891 i_ste,_qui
2616 799 2827 861 eodem
2862 815 3164 866 momento
3199 825 3295 868 me
3328 825 3578 888 surgere
3601 811 3704 891 ju-

2047 883 2301 981 bet_{a)?
2322 885 2593 965 Triginta
2625 896 2682 950 et
2703 898 2837 952 octo
2875 910 3064 954 annos
3100 893 3351 971 habens,
3398 883 3706 981 nunquam

2048 976 2358 1065 sanitatem
2388 986 2698 1040 assecutus
2723 997 2875 1054 sum,
2913 990 2969 1042 et
2990 982 3076 1044 sic
3127 995 3374 1065 repente
3427 976 3709 1065 surgam?

2047 1062 2207 1125 Nihil
2242 1066 2356 1126 tale
2380 1066 2678 1144 cogitavit,
2729 1068 2832 1129 sed
2882 1071 3143 1135 credidit
3198 1062 3272 1137 ac
3328 1062 3605 1140 surrexit.
3642 1081 3705 1142 In

2051 1151 2307 1248 Sabbato
2339 1165 2529 1248 sanat,
2558 1156 2782 1219 docens
2816 1159 3118 1222 hominem
3169 1164 3342 1225 aliter
3370 1164 3707 1248 intelligere

2051 1244 2197 1323 legis
2231 1242 2697 1321 observationes,
2733 1256 2793 1308 et
2824 1266 2941 1308 non
2975 1259 3181 1329 putare
3221 1253 3336 1315 coli
3377 1242 3703 1319 Sabbatum

2050 1334 2167 1394 otio
2200 1334 2516 1413 corporali,
2542 1335 2645 1395 sed
2677 1337 2965 1397 malorum
3000 1338 3377 1407 abstinentia.
3419 1344 3563 1407 Nam
3604 1347 3703 1409 be-

2049 1424 2324 1518 nefacere
2357 1423 2535 1518 alicui
2572 1424 2629 1484 in
2665 1424 2922 1518 sabbato
2946 1427 3045 1518 lex
3078 1448 3195 1491 non
3230 1434 3530 1512 prohibet,
3572 1456 3705 1518 quas

2049 1509 2141 1573 lex
2168 1521 2256 1573 est
2290 1513 2395 1574 Dei
2428 1530 2668 1594 semper
2691 1514 3141 1581 benefacientis.

2132 1694 2322 1777 Vens.
2354 1697 2943 1778 ll-l3.aRespondit
2981 1700 3098 1764 eis:
3124 1702 3234 1775 Qui
3268 1725 3364 1767 me
3384 1725 3591 1770 sanum
3617 1710 3701 1771 fe-

2045 1786 2143 1852 cit.
2179 1786 2228 1847 is
2271 1786 2415 1847 mihi
2459 1785 2804 1849 dixitzTolle
2842 1790 3151 1868 grabatum
3203 1802 3365 1856 tuum
3407 1806 3466 1860 et
3497 1799 3703 1862 ambu-

2045 1874 2645 1954 la.lnterrogaverunt
2674 1894 2814 1953 ergo
2846 1896 2979 1939 eum
3009 1900 3021 1941 :
3051 1879 3194 1952 Quis
3239 1894 3328 1946 est
3375 1886 3475 1948 ille
3522 1888 3698 1951 homo

2042 1964 2143 2045 qui
2176 1965 2320 2026 dixit
2354 1964 2458 2026 tibi
2500 1986 2513 2023 τ
2544 1963 2711 2026 Tolle
2763 1966 3072 2044 grabatum
3127 1980 3291 2033 tuum
3326 1983 3383 2036 et
3430 1978 3702 2042 ambula?

2039 2052 2098 2113 Is
2129 2062 2324 2150 autem
2349 2054 2448 2135 qui
2484 2073 2663 2150 sanus
2695 2054 2893 2150 fuerat
2914 2058 3182 2142 ell‘ectus,
3221 2066 3523 2128 nesciebat
3564 2070 3697 2150 quis

2040 2153 2215 2206 esset.
2244 2143 2417 2207 Jesus
2450 2144 2607 2205 enim
2642 2144 2924 2206 subduxit
2954 2164 3042 2222 se,
3068 2151 3225 2229 quod
3261 2154 3429 2215 turba
3454 2143 3611 2218 esset
3636 2159 3695 2220 in

2041 2252 2111 2293 eo
2144 2233 2656 2297 loco.»Admirari
2691 2234 2967 2297 convenit
2998 2237 3261 2302 hominis
3291 2261 3428 2322 erga
3461 2246 3695 2310 Judaaos

2038 2322 2098 2382 in
2132 2323 2387 2384 dicendo
2420 2323 2777 2401 libertatem,
2812 2326 3051 2404 quando
3095 2331 3444 2407 urgentibus
3489 2334 3607 2397 illis
3638 2348 3693 2398 et

2039 2411 2401 2487 dicentibus,
2437 2437 2462 2467 α
2495 2411 2622 2472 Νοη
2662 2412 2768 2473 tibi
2789 2412 2926 2474 licet
2950 2414 3160 2476 tollere
3192 2420 3496 2496 grabatum
3526 2439 3692 2486 tuum

2041 2520 2147 2581 per
2170 2501 2562 2577 Sabbatum,»
2602 2502 2729 2591 ipse
2763 2522 2899 2563 cum
2944 2504 3160 2568 ﬁducia
3190 2507 3377 2570 libere
3415 2515 3696 2591 praedicat

2042 2592 2483 2653 lienefactorem
2524 2608 2536 2652 :
2580 2616 2604 2645 α
2636 2590 2746 2663 Qui
2805 2591 2944 2653 iecit
2998 2613 3093 2655 me
3150 2614 3384 2679 sanum,
3416 2590 3513 2664 ille
3546 2604 3693 2666 mihi

2038 2681 2242 2755 dixit,»
2276 2684 2453 2743 veluti
2480 2681 2823 2762 hujusmodi
2853 2683 3123 2763 quaedam
3164 2688 3500 2765 proferens:
3529 2696 3694 2756 Deli-

2039 2772 2182 2831 ratis
2203 2780 2259 2862 et
2290 2769 2563 2851 desipitis
2586 2768 2870 2862 iubentes
2902 2773 3280 2862 neiobediam
3313 2778 3366 2839 ei
3400 2781 3498 2862 qui
3535 2803 3630 2847 me
3659 2805 3692 2847 a

2040 2868 2155 2920 tam
2190 2860 2472 2922 diuturno
2502 2868 2559 2922 et
2590 2860 2819 2921 difﬁcili
2857 2861 3063 2923 morbo
3086 2862 3377 2929 liberavit.
3412 2860 3689 2937 AtJudaei

2044 2968 2159 3009 non
2193 2950 2559 3028 interrogant
2592 2967 2727 3011 eum
2755 2969 2769 3009 :
2801 2948 2945 3021 Quis
2967 2960 3057 3012 est
3087 2954 3185 3032 qui
3206 2963 3261 3015 te
3296 2975 3503 3020 sanum
3526 2961 3693 3025 fecit?

2041 3039 2171 3115 sed,
2204 3062 2225 3096 (ι
2266 3038 2407 3110 Quis
2439 3048 2526 3100 est
2556 3039 2655 3119 qui
2706 3038 2852 3100 dixit
2898 3041 3022 3114 tibi,
3058 3042 3224 3104 Tolle
3272 3046 3684 3124 grabatum?»

2040 3131 2124 3190 lla
2150 3129 2225 3190 ad
2256 3128 2713 3221 honuni‘sponte
2744 3130 3585 3221 excmcabantur,sursumque
3618 3161 3685 3205 ac

2040 3218 2317 3281 deorsum
2378 3216 2689 3298 rapiebant
2735 3218 2975 3280 Sabbati
3035 3219 3432 3302 violationem,
3471 3216 3531 3289 dt
3569 3230 3684 3293 sibi

2040 3308 2371 3400 videbatur.
2411 3308 2481 3370 At
2513 3309 2684 3400 Iesus
2735 3325 2800 3367 se
2837 3306 3231 3400 subduxerat:
3271 3314 3525 3393 primum
3558 3323 3687 3400 qui-

2039 3396 2173 3459 dem
2208 3407 2269 3457 ut
2309 3396 2553 3458 absente
2592 3396 2720 3475 ipso
2772 3397 3171 3460 testimonium
3226 3404 3491 3467 sanitatis
3520 3396 3682 3473 illius

2035 3488 2375 3570 suspicione
2406 3488 2590 3565 magis
2619 3494 2913 3575 carere,et
2932 3505 3006 3549 ne
3037 3488 3337 3552 videretur
3364 3498 3682 3575 gratiﬁcari

2037 3577 2114 3653 ei,
2150 3578 2254 3639 sed
2273 3578 2577 3639 veritatem
2610 3575 2834 3639 testari.
2878 3574 3125 3657 Insuper
3153 3588 3214 3640 ut
3247 3600 3320 3645 ne
3342 3574 3677 3651 Iudaeorum

2032 3667 2313 3729 invidiam
2344 3665 2527 3745 magis
2547 3665 2921 3727 accenderet.
2944 3668 3108 3730 Solet
3138 3670 3294 3732 enim
3329 3681 3388 3734 et
3407 3688 3684 3757 aspectus

2028 3757 2160 3837 ejus
2191 3757 2283 3818 cui
2316 3756 2637 3829 invidetur,
2684 3774 2800 3816 non
2847 3773 3081 3835 parvam
3114 3758 3349 3824 invidiae
3378 3756 3679 3830 ﬂammam

2027 3846 2353 3908 immittere
2385 3845 2817 3907 invidentibus.
2850 3844 2995 3935 570
3032 3845 3360 3929 Propterea
3391 3858 3685 3935 permittit

2024 3937 2238 3998 factum
2272 3936 2465 4016 ipsum
2500 3953 2603 4014 per
2626 3952 2689 3994 se
2713 3934 3067 3998 examinari.
3109 3940 3291 4001 Porro
3338 3934 3529 4006 Judaei
3578 3963 3679 4010 re-

2038 4026 2481 4108 prehendentes
2509 4043 2645 4086 cum
2676 4024 2891 4085 factum
2925 4025 3523 4112 inquirerent,multis
3548 4056 3681 4101 ser-

2036 4116 2316 4177 monibus
2338 4115 2634 4177 celebrius
2656 4114 2801 4175 illud
2827 4115 3106 4178 reddunt.

2112 4204 2298 4269 Vens.
2334 4205 2527 4267 14-16
2551 4204 2796 4267 «Postea
2821 4223 2956 4265 eum
2979 4208 3200 4287 reperit
3225 4207 3401 4273 Jesus
3431 4214 3491 4275 in
3522 4226 3679 4279 tem-

288 4310 434 4386 ἱερῷ,
480 4307 567 4361 καὶ
611 4316 763 4359 εἶπεν
807 4292 995 4377 αύτῷ-⁸
1046 4300 1170 4358 ’Ίδε
1223 4303 1374 4380 ὑγιὴς
1440 4303 1687 4382 γέγονας*
1750 4305 1947 4381 μηκέτι

2038 4295 2153 4377 pio,
2188 4303 2246 4356 et
2275 4294 2419 4356 dixit
2451 4295 2542 4386 ei;
2576 4292 2730 4386 Ecce
2753 4312 2946 4386 sanus
2963 4295 3154 4386 factus
3176 4317 3239 4359 es
3277 4318 3293 4360 :
3327 4319 3402 4363 ne
3434 4308 3679 4382 posthac

286 4396 582 4475 ἁμάρτανε,
637 4392 731 4450 ’ίνα
778 4393 857 4469 μὴ
886 4391 1082 4471 χεῖρόν
1110 4390 1161 4446 τί
1187 4412 1269 4447 σοι
1302 4390 1543 4469 γένηται.
1591 4393 1857 4461 Ἀπῆλθεν
1912 4397 1939 4451 ὁ

284 4485 581 4566 ἄνθρωπος,
615 4485 703 4540 καὶ
756 4478 1062 4559 ἀπήγγειλε
1120 4493 1239 4543 τοῖς
1288 4478 1583 4558 Ἰουδαίοις,
1618 4480 1699 4538 ὅτι
1730 4483 1939 4551 ἰησυῦς

284 4577 426 4635 ἐστιν
479 4576 507 4631 ὁ
563 4574 792 4643 ποιήσας
848 4572 1003 4629 αὑτὸν
1055 4571 1205 4650 ὑγιῆ.
1262 4571 1360 4628 Καὶ
1410 4568 1494 4626 διὰ
1536 4579 1693 4630 τοῦτο
1726 4571 1981 4647 ἐδίωκον,

1963 4652 1991 4685 τ.
2028 4663 2121 4745 μη-
2141 4651 2331 4745 Judaei
2351 4654 2649 4745 Jesumgt
2674 4653 3019 4745 quaerebant
3049 4672 3183 4716 eum
3209 4651 3674 4745 occidere,quod

282 4668 374 4724 τὸν
418 4664 637 4733 Ἰησοῦν
680 4666 727 4722 οἱ
775 4656 1051 4736 Ἰουδαῖοι,
1105 4659 1194 4717 καὶ
1238 4659 1454 4731 ἐζήτουν
1485 4659 1642 4718 αὐτὸν
1674 4661 1941 4721 ἀποκτεῖ-

280 4780 421 4839 ναι,
454 4748 541 4812 ὅτι
587 4760 753 4812 ταῦτα
811 4750 1061 4839 ἐποίησεν
1104 4747 1159 4805 ἓν
1204 4746 1483 4839 Σαββάτῳ.
1518 4770 1548 4810 ι
1585 4748 1682 4809 Ἐκ
1721 4759 1814 4809 τοῦ
1844 4752 1945 4834 φά.

282 4828 392 4904 ναι,
414 4830 515 4902 τὸν
544 4845 730 4920 Κύριον
758 4846 837 4915 τῷ
878 4837 1189 4921 παραλύτῳ,
1228 4862 1257 4895 α
1284 4828 1427 4919 Ἴδε,
1472 4842 1626 4921 ὑγιὴς
1657 4828 1879 4921 γέγονας
1914 4859 1929 4872 ⁸

281 4939 475 5013 μηκέτι
527 4936 817 5011 ἁμάρτανε,
870 4955 899 4988 ι
964 4926 1297 5007 μανθάνομεν
1346 4936 1554 5010 πρῶτον
1604 4934 1725 5009 μὲν,
1758 4931 1838 4989 ὅτι
1883 4932 1935 5000 ἐξ

280 5013 553 5107 αμαρτιῶν
602 5024 799 5105 ἐτέχθη
846 5028 923 5097 τῷ
982 5019 1243 5100 ἀνθρώπῳ
1292 5022 1356 5077 τὸ
1408 5020 1618 5099 νόσημα
1649 5038 1663 5053 ⁸
1699 5022 1933 5104 δεύτερον

279 5116 359 5199 δὲ,
424 5117 503 5173 ὅτι
566 5113 774 5183 ἀληθὴς
805 5115 833 5170 6
864 5113 981 5191 περὶ
1009 5115 1108 5178 τῆς
1142 5109 1361 5189 γεέννης
1393 5109 1577 5191 λόγος,
1610 5115 1699 5170 καὶ
1742 5111 1819 5171 ὅτι
1843 5113 1931 5171 δί-

278 5207 386 5271 διός
421 5206 563 5264 ἐστιν
619 5206 655 5273 ἡ
714 5202 965 5283 τιμωρία,
1031 5206 1138 5259 Ποῦ
1164 5201 1263 5279 γὰρ
1293 5210 1381 5260 νῦν
1412 5203 1541 5258 εἰσιν
1570 5203 1618 5260 οἱ
1662 5202 1927 5286 λέγοντες,

276 5297 357 5357 ὅτι
415 5297 508 5355 Ἐν
565 5300 662 5372 μιᾷ
716 5292 826 5373 ὥρα
882 5291 1198 5370 ἐπόρνευσα,
1255 5291 1342 5347 καὶ
1396 5290 1512 5357 πῶς
1581 5291 1810 5350 ἀθάνατα
1842 5318 1933 5352 κο-

272 5386 659 5463 λασθήσομαι;
709 5380 844 5441 Ἰδοὺ
900 5382 1000 5460 γὰρ
1044 5381 1131 5436 καὶ
1193 5379 1345 5443 οὗτος
1404 5382 1497 5438 οὑκ
1547 5381 1601 5437 ἐν
1660 5386 1931 5449 τοσούτοις

270 5474 755 5558 ἥμαρτενηνὲτεσιν,
819 5471 872 5529 ἐν
917 5469 1061 5535 ὅσοις
1115 5468 1423 5555 ἐκολάζετο,
1462 5470 1581 5527 ἀλλ’
1637 5471 1931 5556 ὀλόκληρον

2032 4403 2269 4466 pecces,
2307 4402 2383 4446 ne
2406 4384 2546 4464 quid
2579 4382 2846 4445 deterius
2885 4383 2992 4445 tibi
3037 4387 3355 4467 contingat.
3387 4391 3550 4454 Abiit
3579 4397 3680 4459 ille

2026 4475 2225 4568 homo,
2250 4484 2309 4568 et
2340 4474 2629 4568 nuntiavit
2678 4473 2900 4568 Iudaeis
2947 4475 3115 4568 quod
3151 4477 3323 4540 Jesus
3382 4492 3538 4545 esset
3577 4489 3677 4568 qui

2025 4564 2218 4652 ipsum
2251 4561 2813 4626 fecissetsanum.Et
2838 4571 3079 4643 propter
3102 4565 3215 4627 hoc
3240 4561 3679 4652 persequeban-

2027 4742 2137 4834 isla
2166 4743 2408 4834 fecisset
2429 4743 2488 4803 in
2518 4739 2833 4834 sabbato.)
2872 4742 2952 4803 Ex
2984 4761 3055 4834 eo
3086 4746 3241 4826 quod
3266 4739 3555 4813 Dominus
3575 4774 3673 4834 pa-

2027 4833 2267 4915 ralytico
2293 4833 2441 4893 dixit
2467 4854 2479 4891 :
2514 4856 2536 4888 ι
2575 4830 2745 4905 Vide,
2769 4851 2948 4894 sanus
2979 4833 3169 4896 factus
3200 4854 3287 4912 es;
3320 4857 3395 4900 ne
3424 4830 3674 4921 posthac

2019 4944 2255 5005 pecces,
2297 4949 2317 4979 ι
2356 4924 2610 5004 primum
2658 4923 2900 5004 quidem
2957 4924 3273 5001 discimus,
3308 4948 3377 4991 ex
3414 4934 3673 5011 peccatis

2017 5023 2186 5077 natos
2208 5013 2519 5075 hominum
2554 5013 2819 5095 morbos,
2844 5012 3065 5075 deinde
3114 5032 3250 5078 vera
3298 5024 3562 5082 enarrari
3597 5024 3672 5085 de

2016 5105 2286 5185 gehennt:
2342 5111 2750 5185 aaternumqne
2809 5121 2943 5165 esse
2993 5105 3375 5186 supplicium.
3410 5111 3536 5173 Jam
3571 5112 3671 5175 ubi

2020 5213 2177 5256 nunc
2225 5192 2490 5274 suntqui
2523 5192 2706 5254 dicun
2743 5213 2756 5256 :
2787 5192 2902 5272 [Ad
2962 5213 3136 5256 unam
3191 5196 3396 5258 horam
3448 5199 3671 5264 indulsi

2015 5288 2102 5350 rei
2134 5285 2736 5365 venereaa,quomodo
2763 5284 2822 5345 in
2859 5294 3209 5366 perpetuum
3234 5289 3481 5368 [)Uﬂial?
3515 5294 3669 5355 Ecce

2017 5378 2176 5440 enim
2210 5377 2384 5437 etiam
2410 5375 2506 5437 hic
2535 5394 2651 5436 non
2684 5383 2767 5436 tot
2797 5377 2971 5436 annis
3006 5388 3350 5455 peccaverat
3380 5391 3521 5463 quot
3554 5403 3667 5464 pu-

2019 5467 2316 5541 niebatur,
2353 5465 2458 5527 sed
2518 5466 2705 5546 fet'me
2752 5465 3038 5543 integram
3098 5466 3354 5528 hominis
3404 5473 3575 5532 vitam
3608 5474 3665 5535 in

355 5637 440 5720 (α)
474 5637 633 5702 Edit.
668 5635 828 5711 Lut.,
861 5631 960 5696 Me
975 5629 1154 5738 jubes
1176 5647 1460 5738 surgere,“
1476 5634 1587 5715 qui
1614 5652 1781 5697 nunc
1814 5638 2069 5718 triginta
2101 5637 2236 5693 octo
2266 5646 2462 5689 annos
2492 5627 2766 5705 habeam,
2801 5635 2858 5688 et
2908 5625 3165 5690 salutem
3199 5647 3515 5711 nunquam
3547 5637 3660 5698 sim

276 5716 607 5787 assecutus:
640 5726 694 5779 et
725 5722 811 5779 sic
836 5719 1073 5797 repente
1102 5716 1460 5791 surget-om?
