4178 6454
502 441 528 504 1
541 441 656 506 267

1478 432 2068 505 THEOPHYLACTI
2112 388 2524 493 summa
2567 404 2925 494 ARCHIEP.

3744 424 3766 485 ι
3782 403 3900 490 268

502 574 889 638 Providentia
920 584 980 637 et
1009 574 1072 636 in
1100 571 1366 637 Sabbato
1389 590 1494 636 sua
1520 578 1827 653 operatur.
1859 570 2049 650 Atque
2078 568 2142 628 ita

2237 566 2303 622 τὰ
2362 568 2533 623 οἰκεῖα
2586 566 2813 647 ἐνεργεῖ,
2878 558 3062 623 ’Ὥστε
3119 564 3233 623 ἐπεὶ
3292 570 3319 624 6
3378 568 3556 646 Πατὴρ
3587 566 3892 647 ἐργάζεται,

500 664 639 747 quia
663 667 839 729 Pater
858 672 1163 745 Operatur,
1199 671 1258 725 et
1287 662 1348 725 in
1390 660 1645 725 Sabbato
1678 667 2007 721 creaturam
2041 679 2155 737 gu-

500 753 732 827 bernat,
762 757 971 815 merito
1001 760 1061 814 et
1095 771 1228 831 ego,
1284 751 1500 833 inquit,
1533 749 1720 813 Filius
1749 749 1880 829 ejus
1913 766 2151 828 operor.

502 844 581 906 At
612 842 699 904 illi
734 842 951 904 invidia
983 842 1264 922 correpti,
1305 839 1651 921 quazrebant
1686 858 1820 900 eum
1853 837 2151 914 occidere,

500 951 619 993 non
643 933 835 993 solum
856 931 1013 1012 quod
1038 932 1299 994 solveret
1318 929 1665 1002 Sabbatum,
1693 928 1795 989 sed
1837 936 1897 990 et
1919 927 2151 989 Patrem

497 1040 670 1082 suum
700 1020 1462 1101 diceretDeumgequalem
1497 1037 1559 1081 se
1593 1018 1816 1081 faciens
1839 1022 1977 1080 Deo.
2007 1020 2150 1078 Nam

497 1112 633 1191 quia
646 1129 712 1172 se
726 1110 939 1171 Filium
956 1108 1798 1175 dicebat.necessariobonore
1821 1126 1885 1168 se
1904 1107 2155 1170 faciebat

499 1218 699 1281 parem
725 1199 868 1263 Deo.
904 1198 1112 1263 Omnis
1135 1199 1295 1260 enim
1325 1198 1485 1259 ﬁlius
1517 1197 1787 1277 ejusdem
1822 1204 2044 1258 naturae
2065 1206 2153 1258 est

495 1308 629 1351 cum
665 1297 856 1371 patre.
884 1287 996 1352 Ubi
1026 1288 1137 1350 hoc
1160 1288 1292 1349 loco
1314 1294 1408 1351 est
1437 1286 1646 1349 Arius?
1669 1287 1930 1367 profecto
1961 1306 2153 1349 caecus

494 1381 684 1440 tactus
719 1388 809 1441 est
865 1379 1023 1439 circa
1080 1378 1305 1439 lumen.
1352 1376 1566 1439 Filium
1624 1377 1785 1438 enim
1836 1376 2152 1439 nominans

494 1466 794 1532 Christum
822 1465 1034 1541 Patris,
1071 1485 1188 1528 non
1208 1466 1307 1527 dat
1326 1466 1380 1528 ei
1403 1466 1558 1548 quod
1585 1466 1855 1530 eamdem
1881 1474 2147 1527 naturam

496 1556 715 1619 habeat
741 1576 876 1619 cum
919 1558 1108 1632 Patre,
1171 1556 1273 1617 sed
1305 1563 1633 1618 creaturam
1668 1556 1917 1618 increati
1959 1555 2151 1619 Patris

496 1645 711 1709 Filium
756 1646 1007 1707 fatetur:
1059 1645 1293 1709 tametsi
1347 1646 1435 1707 vel
1482 1645 1720 1709 Judaeos
1750 1644 2060 1727 oportebat
2091 1647 2151 1707 in

496 1734 815 1814 magistros
836 1735 1277 1815 assumere,qui
1303 1743 1542 1816 propter
1563 1735 1673 1796 hoc
1697 1735 2149 1816 persequeban-

2240 657 2325 712 καὶ
2375 655 2429 712 ἐν
2488 653 2746 730 Σαϐϐάτῳ
2801 657 2899 726 τὴν
2953 656 3123 713 κτίσιν
3167 654 3498 737 διακυϐερνᾷ,
3532 656 3748 720 εἰκότως
3792 654 3898 711 κᾶ-

2239 747 2340 823 γὼ,
2402 748 2583 825 φησὶν,
2621 746 2649 802 6
2682 746 2799 812 Υίὸς
2847 746 3009 807 αὑτοῦ
3068 745 3381 825 ἰργάξομαι.
3439 751 3499 805 Oi
3530 746 3606 822 δέ,
3638 744 3894 813 διατηκό-

2239 854 2387 909 μενοι
2437 842 2512 909 τῷ
2542 838 2741 916 φθόνῳ,
2802 835 3022 907 ἐζήτουν
3078 835 3234 891 αὺτὸν
3289 852 3632 917 αποκτεῐναι,
3681 838 3737 892 οὗ
3788 836 3897 910 μό-

2238 945 2345 995 νον,
2408 922 2487 980 ὅτι
2548 922 2666 980 ἔλυε
2723 925 2784 981 τό
2842 923 3151 1005 Σάϐϐατον,
3225 925 3345 982 ἀλλ’
3397 925 3476 982 ὅτι
3534 928 3621 983 καὶ
3692 926 3897 1002 Πατέρα

2236 1013 2391 1070 abuti
2440 1012 2589 1092 ἔλεγε
2649 1016 2736 1070 τὸν
2790 1017 2947 1090 Θεὸν,
3010 1014 3134 1073 ’ίσον
3186 1017 3369 1075 ἑαυτὸν
3425 1024 3593 1073 ποιῶν
3634 1020 3712 1091 τῷ
3753 1022 3892 1089 Θεῷ.

2235 1097 2385 1159 Ἐπεὶ
2440 1104 2539 1183 γὰρ
2599 1106 2716 1161 ι’ἱὸν
2778 1103 2961 1185 ἔλεγεν
3029 1106 3240 1181 ἑαυτὸν,
3297 1107 3600 1186 ἀναγκαίως
3656 1105 3895 1171 ἰσότιμον

2234 1189 2400 1249 ἐποίει
2462 1194 2645 1252 ἑαυτὸν
2700 1201 2777 1269 τῷ
2833 1200 2950 1269 Θεῷ
2975 1209 2989 1225 “
3053 1201 3159 1260 πᾶς
3189 1197 3290 1276 γὰρ
3321 1198 3430 1261 υίὸς
3459 1202 3557 1263 τῆς
3591 1198 3753 1276 αὐτῆς
3784 1194 3896 1250 ἔστι

2235 1280 2439 1360 φύσεως
2495 1290 2572 1358 τῷ
2628 1285 2809 1363 πατρί.
2874 1291 2980 1342 Ποῦ
3035 1275 3269 1365 ’Ἄρειος
3326 1286 3598 1360 ἆνταῦθα;
3673 1275 3895 1346 "Oqu

2233 1369 2560 1450 τετύφλωται
2618 1374 2736 1453 περὶ
2811 1374 2870 1430 τὸ
2930 1380 3067 1454 φῶς.
3146 1377 3265 1433 Υἱὸν
3321 1377 3421 1455 γὰρ
3478 1376 3750 1451 ὀνομάζων
3804 1375 3898 1429 τὸν

2233 1462 2455 1538 Χριστὸν
2512 1468 2604 1518 τοῦ
2666 1464 2895 1541 Πατρὸς,
2960 1467 3055 1522 οὐκ
3106 1462 3272 1522 ἐδίδου
3343 1465 3488 1539 αὺτῷ
3542 1464 3604 1520 τό
3652 1464 3738 1518 καὶ
3794 1461 3895 1528 τὴν

2236 1549 2397 1616 αῦτὴν
2457 1551 2609 1630 φύσιν
2654 1550 2805 1633 ’ἐχειν
2858 1560 2937 1627 τῷ
2988 1556 3177 1631 Πατρὶ,
3237 1553 3374 1611 ἀλλὰ
3429 1555 3625 1629 κτίσμα
3668 1553 3758 1608 τὸν
3799 1557 3893 1609 τοῦ

2233 1637 2478 1707 ἇικτίστου
2537 1643 2741 1719 Πατρὸς
2818 1643 2936 1701 Υίὸν
2994 1645 3287 1722 ὡμολόγει.
3373 1644 3555 1702 Καίτοι
3611 1640 3891 1702 Ἰουδαίους

2234 1733 2360 1804 γοῦν
2433 1726 2533 1785 ἔδει
2621 1728 2963 1797 διδασκάλους
3044 1731 3402 1813 παραλαϐεῖν,
3476 1734 3528 1788 οἳ
3588 1729 3673 1787 διὰ
3737 1730 3893 1787 τοῦτο

495 1813 963 1899 ιυτίῡυτηὶηωη,
1001 1813 1159 1904 quod
1188 1813 1254 1885 se
1286 1813 1497 1885 Filium
1548 1813 1776 1886 diceret
1806 1813 1954 1889 Dei:
1991 1824 2142 1887 unde

2234 1813 2450 1874 ἐδίωκον
2499 1820 2590 1875 τὸν
2651 1820 2862 1902 Κύριον,
2896 1820 2976 1877 ὅτι
3022 1824 3143 1879 Υίὸν
3189 1824 3374 1879 ἑαυτὸν
3418 1821 3567 1901 ἔλεγε
3619 1823 3705 1879 τοῦ
3733 1822 3889 1881 Θεοῦ.

493 1914 837 1977 necessario
898 1902 1258 1992 colligebant
1306 1914 1461 1995 quod
1512 1913 1755 1995 {aqualis
1785 1924 1941 1976 esset
1974 1914 2092 1976 Deo
2130 1934 2142 1979 :

2234 1902 2561 1987 Ἀναγκαίως
2622 1910 2723 1989 γὰρ
2770 1912 3049 1993 συνήγετο,
3099 1914 3188 1969 καὶ
3247 1912 3367 1975 ἴσος
3401 1913 3543 1969 εἶναι
3577 1918 3732 1986 Θεῷ·
3780 1911 3893 1966 ἐπεὶ

490 2002 770 2084 quoniam
794 2001 907 2063 nisi
943 2021 1153 2081 magna
1186 2002 1393 2065 fuisset
1441 2002 1569 2065 Filii
1601 2003 1855 2084 dignitas
1886 2014 1946 2066 et
1966 2003 2142 2066 fecis-

2233 1996 2275 2050 εὶ
2307 1996 2385 2069 μὴ
2427 1997 2567 2077 μέγα
2609 1998 2674 2065 ἧν
2704 2000 2764 2056 τὺ
2796 2007 2888 2057 τοῦ
2948 2002 3067 2058 Υἱοῦ
3110 1999 3339 2077 ἀξίωμα,
3388 2003 3477 2059 καὶ
3505 2003 3577 2065 είς
3612 2000 3727 2057 ἴσον
3760 2000 3891 2078 ἦγεν

490 2101 580 2156 set
602 2111 666 2153 se
690 2092 974 2172 aequalem
999 2092 1145 2166 Deo,
1173 2111 1357 2173 quare
1379 2094 1679 2175 persecuti
1701 2093 1955 2156 fuissent
1981 2094 2142 2156 illum

2231 2084 2415 2142 ἑαυτὸν
2448 2094 2525 2161 τῷ
2554 2094 2694 2163 Θεῷ,
2723 2088 2864 2155 τίνος
2895 2089 3073 2147 ἕνεγεν
3103 2088 3316 2149 ἐδίωκον
3346 2093 3501 2149 αὐτόν
3536 2111 3553 2172 ς

486 2182 699 2245 Ιιιᾱωί.

569 2275 757 2337 Vens.
776 2275 939 2338 19-21
962 2275 1364 2353 .uRespondit
1381 2273 1578 2356 itaque
1593 2277 1766 2337 Jesus
1786 2285 1845 2338 et
1867 2274 2011 2337 dixit
2032 2276 2141 2339 eis:

2318 2262 2697 2347 «Ἀπεκρίνατο
2716 2268 2803 2325 οὖν
2830 2270 2858 2326 6
2890 2267 3122 2350 Ἰησοῦς,
3151 2272 3238 2327 καὶ
3265 2270 3422 2327 εἶπεν
3445 2273 3654 2335 αὐτοῖς’
3686 2268 3889 2344 Ἀμὴν,

489 2365 888 2436 Amen,amen
916 2364 1050 2425 dico
1081 2362 1269 2438 vobis,
1306 2383 1423 2424 non
1468 2354 1659 2444 potest
1681 2364 1870 2426 Filius
1890 2364 2086 2427 facere
2116 2384 2142 2427 a

2232 2354 2375 2429 ἀμὴν
2406 2355 2547 2435 λέγω
2576 2359 2730 2434 ὑμῖν,
2784 2358 2842 2415 οὗ
2873 2356 3085 2416 δύναται
3114 2362 3142 2416 6
3198 2362 3313 2424 Υἱὸς
3365 2372 3543 2416 ποιεῖν
3580 2358 3667 2439 ἀφ’
3703 2359 3894 2451 έαυτρὺ

489 2469 555 2514 se
581 2454 911 2534 quidquam
939 2452 1054 2514 nisi
1076 2453 1231 2532 quod
1289 2439 1508 2516 viderit
1539 2456 1774 2516 Patrem
1808 2454 2142 2519 facientem.

2234 2444 2404 2526 οὐδὲν,
2436 2445 2525 2502 ἐὰν
2584 2449 2661 2522 μή
2734 2469 2783 2503 τι
2839 2446 3015 2525 βλέπῃ
3085 2451 3178 2506 τὸν
3237 2449 3443 2528 Πατέρα
3498 2456 3771 2509 ποιοῦντα.
3810 2439 3888 2503 μΑ

494 2540 877 2633 Quaecunque
910 2544 1068 2606 enim
1098 2542 1200 2633 ille
1232 2543 1461 2633 fecerit,
1498 2545 1621 2606 haec
1650 2543 1854 2606 itidem
1889 2554 1947 2605 et
1973 2546 2142 2608 Filius

2233 2536 2333 2633 γὰρ
2365 2535 2427 2591 ἂν
2470 2536 2675 2603 ἐκεῖνος
2705 2544 2862 2617 ποιῇ,
2907 2545 3071 2595 ταῦτα
3101 2541 3187 2596 καὶ
3235 2543 3262 2595 6
3318 2542 3435 2603 Υἱὸς
3476 2540 3668 2614 ὁμοίως
3716 2552 3890 2597 ποιεῖ.

500 2630 662 2695 facit.
688 2634 861 2695 Pater
892 2634 1051 2696 enim
1085 2632 1276 2711 diligit
1307 2632 1544 2713 Filium,
1573 2643 1629 2695 et
1661 2635 1860 2697 omnia
1896 2636 2142 2697 demon-

2240 2625 2296 2682 Ὀ
2356 2627 2455 2705 γὰρ
2514 2627 2694 2704 Πατὴρ
2753 2625 2901 2707 φιλεῖ
2956 2630 3046 2684 τὸν
3078 2630 3221 2703 Υἱὸν,
3272 2630 3359 2685 καὶ
3408 2629 3579 2685 πάντα
3637 2626 3894 2683 δείκνυσιν

498 2728 649 2781 strat
675 2720 729 2782 ei
753 2741 886 2802 quae
918 2721 1045 2803 ipse
1075 2721 1217 2783 facit
1246 2740 1259 2785 :
1287 2735 1347 2784 et
1370 2722 1595 2803 majora
1614 2724 1706 2785 his
1729 2724 2142 2787 demonstrabit

2239 2714 2402 2789 αὐτῷ,
2437 2715 2470 2769 ἃ
2500 2717 2655 2781 αῦτὸς
2684 2725 2857 2791 ποιεῖ,
2918 2720 3006 2773 καὶ
3059 2718 3273 2792 μείζονα
3330 2719 3530 2776 τούτων
3557 2716 3705 2783 δείξει
3752 2716 3898 2789 αῦτῴ

492 2809 549 2871 ei
581 2798 857 2891 opera,ut
879 2798 982 2873 vos
1005 2811 1332 2872 miremini.
1370 2798 1535 2873 Sicut
1581 2813 1737 2874 enim
1762 2816 1935 2877 Pater
1957 2814 2142 2876 susci-

2238 2802 2387 2883 ἕργα,
2420 2805 2512 2860 ’ίνα
2543 2806 2696 2881 ὃμετς
2726 2807 3052 2883 θαυμάζητε,
3091 2798 3315 2889 ’Ὥσπερ
3345 2809 3444 2888 γὰρ
3476 2810 3503 2864 6
3533 2808 3714 2884 Πατήρ
3744 2806 3892 2885 ἐγει-

494 2906 575 2960 tat
637 2909 905 2961 mortuos
968 2909 1029 2961 et
1087 2900 1365 2972 vivificat,
1428 2902 1514 2963 sic
1559 2911 1617 2962 et
1646 2901 1828 2965 Filius
1856 2923 2003 2984 quos
2035 2905 2142 2967 vult

2236 2915 2313 2971 ρει
2359 2897 2477 2958 τοὺς
2524 2896 2760 2975 νεκροὺς,
2799 2897 2886 2952 καὶ
2917 2904 3196 2967 ζωοποιεϊ⁹
3252 2898 3391 2954 οὕτω
3418 2899 3507 2956 καὶ
3538 2899 3565 2953 ὁ
3619 2899 3764 2970 Υἱὸς,
3798 2898 3893 2959 οὓς

486 2988 765 3050 vivificat.
809 3014 834 3045 »
869 3025 939 3035 -
981 3013 1004 3047 α
1043 2990 1175 3052 Νοη
1211 2997 1404 3069 potest
1433 2990 1617 3053 Filius
1648 3012 1682 3053 a
1729 2981 1925 3073 seipso
1949 2995 2142 3059 facere

2233 2981 2371 3040 θέλει
2403 2987 2924 3055 {portatum—s06
2952 2984 3161 3043 δύναται
3192 2989 3219 3043 ὁ
3244 2990 3361 3051 Υἱὸς
3392 3001 3567 3043 ποιεῖν
3591 2987 3681 3066 ἀφ’
3704 2987 3893 3044 ἑαυτοῦ

488 3076 715 3159 aliquid
751 3106 771 3135 ε
810 3079 1139 3142 secundum
1165 3079 1320 3160 quod
1348 3080 1492 3141 nihil
1516 3080 1777 3143 alienum
1811 3072 1899 3144 vel
1934 3104 2142 3147 novum

2236 3072 2407 3153 οῦδὲν,
2444 3098 2469 3128 ι
2510 3077 2638 3131 καθὸ
2671 3072 2816 3131 οὐδὲν
2848 3074 3147 3156 ἀλλότριον,
3202 3074 3317 3134 οῦδὲ
3366 3076 3506 3143 ξέοον
3549 3086 3641 3136 τοῦ
3683 3078 3891 3146 Πατρὸς

488 3166 665 3228 habet
693 3168 889 3230 575a
931 3169 1245 3244 Patre,sed
1294 3188 1402 3250 per
1446 3172 1644 3233 omnia
1665 3172 1879 3235 similis
1912 3184 1999 3234 est
2032 3177 2142 3237 Pa-

2234 3162 2375 3242 ἕχει,
2437 3162 2574 3219 ἀλλὰ
2599 3169 2770 3220 πάντα
2803 3163 2945 3221 ἓοικε
2975 3171 3051 3239 τῷ
3081 3168 3243 3246 Πατρί
3275 3187 3289 3202 ·
3323 3169 3412 3224 καὶ
3441 3168 3536 3222 οὐκ
3565 3163 3736 3232 ἄλλην
3766 3164 3888 3245 ἕχει

482 3259 557 3317 tri
597 3276 609 3316 :
648 3276 846 3339 neque
894 3258 1067 3320 aliam
1131 3258 1310 3321 habet
1342 3259 1755 3335 substantiam,
1793 3272 1853 3324 ut
1884 3272 1941 3325 et
1972 3265 2142 3328 aliam

2232 3252 2432 3327 ὠσίαν,
2479 3252 2569 3307 ’ἕνα
2630 3255 2717 3310 καὶ
2761 3252 2929 3320 ἄλλης
2989 3252 3206 3331 δύναμιν
3265 3255 3395 3337 ἔχῃ,
3445 3257 3531 3312 καὶ
3591 3253 3892 3320 ἀκολούθως

481 3345 758 3408 virtutem
794 3347 1033 3422 habeat,
1072 3356 1129 3409 et
1161 3360 1607 3431 consequenter
1635 3352 1808 3412 aliam
1843 3354 2142 3433 operatio-

2230 3339 2403 3408 ἄλλην
2460 3342 2726 3421 ἐνέργειαν
2761 3358 2775 3373 ’
2827 3341 2947 3399 ἀλλ’
2994 3345 3107 3401 ἐπεὶ
3150 3346 3247 3414 τὴν
3300 3345 3463 3412 αὐτὴν
3523 3344 3639 3425 ἔχει
3680 3344 3889 3417 οὔσίαν,

484 3452 620 3495 nem
649 3454 666 3511 ;
700 3435 805 3496 sed
839 3438 976 3516 quia
1007 3438 1281 3499 eamdem
1314 3437 1495 3501 habet
1523 3431 1938 3519 substantiam,
1976 3463 2142 3505 eam-

2229 3432 2328 3497 τὴν
2359 3432 2521 3499 αὐτὴν
2585 3431 2699 3513 ἔχει
2744 3434 2829 3489 καὶ
2903 3432 3144 3510 δύναμιν.
3211 3438 3310 3492 Διὰ
3358 3446 3513 3495 τοῦτο
3567 3434 3620 3490 δὲ
3678 3435 3765 3490 καὶ
3821 3457 3889 3489 τα

487 3522 624 3586 dem
641 3522 820 3586 habet
851 3513 908 3586 et
929 3527 1233 3602 virtutem;
1259 3535 1316 3588 et
1341 3539 1583 3610 propter
1605 3530 1717 3592 hoc
1730 3532 1910 3593 etiam
1928 3513 2141 3596 eadem

2231 3522 2361 3576 αὐτὰ
2404 3520 2631 3601 ἐνεργεῖ,
2681 3525 2768 3579 καὶ
2828 3527 2888 3581 οὐ
2946 3524 3160 3581 δύναται
3221 3525 3353 3582 ἄλλο
3395 3547 3447 3581 τι
3476 3529 3723 3603 ποιῆσαι,
3756 3513 3889 3600 παρ’

484 3622 853 3694 operatur,et
884 3634 1001 3677 non
1038 3625 1230 3696 potest
1263 3618 1420 3680 aliud
1453 3620 1593 3699 quid
1626 3620 1823 3682 facere
1856 3625 2142 3697 praeterid

2229 3612 2255 3666 ὃ
2289 3613 2314 3667 6
2362 3613 2544 3688 Πατὴρ
2601 3626 2775 3676 ποιεῖ.
2827 3616 2901 3673 Ού
2958 3615 3057 3694 γὰρ
3088 3614 3259 3683 ἄλλην
3290 3614 3507 3691 δύναμιν
3536 3614 3651 3695 ἔχει
3680 3616 3716 3681 ἢ
3746 3615 3887 3670 ὐπο-

481 3702 640 3782 quod
667 3704 843 3765 Pater
860 3704 1019 3767 facit.
1060 3705 1189 3767 Non
1224 3708 1381 3768 enim
1416 3708 1590 3770 aliam
1626 3714 1898 3772 virtutem
1937 3712 2137 3788 habet,

2230 3700 2525 3780 δεεστέραν,
2600 3703 2635 3770 ἢ
2692 3704 2980 3784 ὑπερτέραν
3063 3705 3158 3773 τῆς
3228 3704 3487 3785 πατρικῆς
3523 3723 3536 3738 ⁶
3599 3702 3734 3760 ἀλλὰ
3789 3711 3886 3778 μία

490 3791 583 3854 vel
620 3792 997 3874 inferiorem,
1029 3796 1124 3857 vel
1155 3797 1525 3877 superiorem
1575 3808 1816 3879 paterna
1844 3822 1858 3877 ;
1892 3803 1997 3863 sed
2028 3822 2142 3866 una

2231 3790 2402 3871 οὒσία,
2465 3793 2560 3865 μία
2636 3791 2877 3869 δύναμις,
2937 3794 3030 3869 μία
3085 3794 3317 3876 ἐνέργεια
3394 3796 3557 3873 Πατρὶ
3610 3795 3697 3850 καὶ
3752 3794 3884 3865 Υἱῷ.

485 3889 575 3942 est
599 3880 953 3957 substantia,
982 3903 1099 3945 una
1158 3885 1365 3966 virtus,
1415 3905 1530 3948 una
1574 3890 1837 3969 Operatio
1870 3890 2057 3954 Patris
2088 3903 2142 3955 et

2230 3882 2353 3961 Ναὶ,
2416 3883 2597 3961 φησὶν,
2644 3881 2762 3937 ἀλλ’
2822 3884 2943 3940 οἷόν
2980 3906 3062 3948 τις
3110 3883 3421 3949 διδάσκαλός
3473 3884 3613 3941 ἐστιν
3644 3886 3670 3939 6
3702 3887 3889 3961 Πατσι,ρ

482 3970 953 4063 Ij‘ilii.Profec_t_o,
982 3974 1198 4063 inquit,
1226 3975 1331 4037 sed
1364 3975 1537 4038 Pater
1566 3978 1737 4058 quasi
1768 3979 1975 4043 doctor
2005 3983 2142 4063 qui-

479 4058 616 4153 dam
645 4069 736 4120 est
764 4059 924 4136 Filii,
953 4062 1393 4153 quodammodo
1448 4066 1501 4127 ei
1534 4067 1948 4131 demonstrans
1979 4058 2130 4153 quo-

480 4148 659 4211 modo
683 4156 956 4229 oporteat
976 4152 1235 4231 operari.
1263 4152 1409 4215 Nam
1427 4154 1541 4218 nisi
1564 4157 1746 4219 Filius
1767 4148 2132 4225 viderit-Pa-

485 4244 634 4299 trem
671 4238 1010 4315 facientem,
1049 4241 1195 4303 nihil
1241 4243 1404 4307 facit.
1459 4245 1639 4325 lgitur
1668 4246 1969 4328 interrogo
2001 4253 2138 4315 talia

479 4335 769 4416 nugantes
798 4328 1004 4390 Arium
1056 4337 1114 4391 et
1172 4332 1561 4416 Eunomium,
1622 4340 1921 4416 quomodo
1963 4342 2143 4405 docet

476 4414 654 4479 Pater
684 4415 943 4480 Filium?
993 4420 1049 4480 in
1084 4422 1399 4503 sapientia,
1459 4414 1554 4489 vel
1580 4414 1749 4487 non?
1789 4426 2047 4493 Omnino
2078 4433 2139 4493 in

478 4506 788 4602 sapientia:
828 4508 972 4581 Quae
1010 4518 1205 4602 autem
1260 4514 1551 4593 sapientia
1578 4514 1739 4577 Dei?
1770 4520 1985 4582 Nonne
2015 4522 2141 4602 ipse

476 4593 885 4688 Eilius?Etiam
913 4600 1417 4683 prefecto.ltaque
1439 4604 1627 4665 Filius
1648 4606 1823 4668 docet
1843 4593 2135 4688 seipsum.

480 4687 655 4765 Papa;
677 4695 903 4782 quanta
917 4697 1110 4750 vestra
1135 4690 1497 4782 insipientia!
1518 4692 1825 4779 Siquidem
1850 4687 2021 4779 quasi
2044 4721 2145 4782 pu-

482 4792 652 4837 erum
686 4776 1006 4855 quemdam
1032 4779 1263 4841 traditis
1292 4784 1449 4843 Patri
1482 4778 1694 4846 Filium
1721 4776 2140 4853 erudiendum.

479 4862 601 4958 ligo
623 4870 822 4926 autem
847 4885 982 4927 cum
1010 4870 1118 4931 Dei
1140 4870 1432 4951 sapientia
1464 4892 1690 4947 assero,
1726 4878 1776 4938 si
1799 4879 1933 4958 puid
1963 4882 2145 4942 movit
2234 4870 2352 4958 ξ’ἱοῦ
2395 4869 2544 4927 οἶδεν
2581 4886 2594 4901 ’

477 4956 658 5050 Pater
681 4973 798 5050 non
829 4960 959 5050 sine
994 4958 1140 5020 Filio
1169 4960 1372 5050 movit.
1401 4961 1532 5043 Ipse
1551 4965 1707 5026 enin;
1735 4956 1829 5029 est
1848 4969 2140 5050 sapientia

478 5043 647 5137 ejus:
696 5043 745 5137 si
800 5046 939 5125 quid
976 5056 1167 5126 potest
1202 5049 1397 5132 Pater,
1428 5073 1545 5114 nou
1575 5056 1709 5117 sine
1732 5057 1880 5119 Filio
1916 5043 2128 5137 potest.

477 5135 616 5215 Ipse
633 5135 790 5195 enim
821 5144 909 5197 est
932 5137 1064 5216 ejus
1117 5143 1398 5218 potentia.
1436 5142 1601 5216 Quod
1626 5154 1822 5208 autem
1846 5135 1969 5212 bsic
2006 5170 2136 5215 vera

475 5222 782 5312 sint,audi:
818 5225 996 5299 aQuia
1015 5246 1385 5312 quaecunque
1408 5232 1544 5295 facit
1564 5233 1839 5310 Pater,ea
1862 5255 1917 5298 et
1955 5241 2139 5305 Filius

475 5311 756 5414 similiter
776 5315 952 5414 facit...
974 5343 996 5371 ο
1026 5318 1086 5379 Si
1101 5321 1437 5414 Patet-cum
1490 5333 1780 5404 potestate
1803 5340 1857 5391 et
1895 5330 2133 5414 virtute,

476 5408 533 5491 et
566 5400 748 5491 Filius
779 5405 1072 5471 similiter.
1101 5410 1230 5471 Non
1257 5412 1434 5491 igitur
1459 5400 1711 5478 inferior
1732 5418 1917 5481 Filius
1942 5400 2133 5487 l‘atre:

475 5488 644 5589 Quod
670 5502 869 5589 autem
894 5497 1201 5589 humiliter
1220 5488 1377 5562 dicta
1394 5503 1533 5585 sint,
1569 5504 1879 5570 «Ostendit
1912 5510 1965 5574 ei
2002 5530 2138 5573 om-

474 5579 595 5677 nia:
630 5579 785 5679 abit,
825 5609 847 5637 σ
890 5587 1109 5679 Majora
1135 5589 1227 5651 his
1249 5579 1582 5669 ostendet,»
1623 5615 1741 5658 non
1768 5610 2004 5679 oportet
2032 5602 2139 5664 ad-

480 5671 860 5769 mirari.Nam
886 5674 957 5735 ad
978 5675 1250 5769 homines
1265 5679 1547 5769 loquitur,
1581 5686 1684 5766 qui
1704 5671 1910 5751 contra
1942 5689 2137 5769 ipsum

476 5754 832 5836 clamabant,
869 5772 927 5825 et
959 5784 1083 5846 pm
1134 5754 1360 5831 invidia
1404 5754 1881 5843 dissecabantur.
2024 5782 2137 5842 nisi

2228 3979 2320 4029 τοῦ
2383 3975 2530 4034 Υἱοῦ,
2595 3970 2946 4030 ὑποδεικνύων
3014 3979 3184 4055 αὐτῷ,
3261 3982 3372 4041 πῶς
3420 3973 3503 4031 δεῖ
3558 3974 3885 4052 ἐργάζεσθαι,

2228 4061 2355 4117 Ἐὰν
2416 4063 2516 4141 γὰρ
2573 4064 2651 4138 μὴ
2701 4062 2877 4140 βλέπῃ
2949 4068 3040 4121 τὸν
3084 4066 3291 4147 Πατέρα
3349 4070 3376 4123 6
3447 4068 3563 4129 Υἱὸς
3603 4070 3884 4137 ποιοῦντα,

2218 4148 2364 4206 οὐδὲν
2427 4165 2600 4213 ποιεῖ.
2657 4154 2855 4210 Οὐκοῦν
2912 4154 3093 4235 ἐρωτῶ
3151 4155 3381 4235 ’Ἄρειον
3453 4156 3539 4212 καὶ
3601 4154 3881 4229 Εὐνόμιον,

2217 4241 2338 4302 τοὺς
2403 4248 2571 4299 ταῦτα
2631 4240 2952 4323 ληροῦντας,
3011 4247 3125 4312 πῶς
3192 4246 3420 4303 διδάσκει
3477 4249 3504 4303 6
3558 4245 3739 4321 Πατὴρ
3794 4267 3885 4299 τον

2224 4331 2342 4385 Υἶόν
2380 4376 2394 4391 ,
2430 4330 2517 4387 Ἐν
2568 4334 2745 4413 σοφίᾳ,
2865 4335 2972 4411 ob;
3019 4338 3236 4401 Πάντως
3282 4337 3335 4393 ἰν
3393 4336 3567 4415 σοφίᾳ.
3602 4336 3688 4398 Τίς
3734 4332 3785 4388 δὲ
3828 4337 3885 4415 κί’.

2226 4419 2381 4498 σοςρία
2427 4422 2519 4476 τοῦ
2553 4428 2684 4478 Θεοῦ
2719 4441 2734 4504 ς
2784 4413 2897 4503 Ἆρ’
2955 4427 3079 4506 οὗχὶ
3121 4428 3149 4482 6
3196 4428 3312 4490 Υἱός
3355 4444 3371 4499 ;
3417 4413 3516 4484 Ναὶ
3549 4424 3782 4487 πάντως·
3824 4414 3884 4480 Ὀ

2228 4511 2344 4575 Υἱὸς
2400 4509 2495 4590 ἄρα
2554 4508 2784 4569 διδάσκει
2840 4515 3048 4579 ἑαυτόν,
3098 4514 3259 4572 Βαϐαῖ
3314 4518 3413 4583 τῆς
3464 4516 3641 4577 ἀνοίας
3691 4515 3883 4587 ὑμὼνῐ

2228 4599 2347 4679 ια’ἷγε
2402 4603 2475 4665 ὡς
2527 4599 2695 4659 παῖδά
2750 4626 2867 4660 τινα
2917 4605 3268 4685 παραδιδόατε
3324 4614 3400 4679 τῷ
3446 4608 3603 4683 Πατρὶ
3641 4606 3731 4660 τόν
3764 4604 3886 4658 Υἰὸν

2236 4689 2631 4765 μαθησόμενον.
2694 4689 2838 4771 Ἐγὼ
2892 4692 2946 4750 δὲ
3005 4698 3138 4771 μετὰ
3210 4702 3307 4764 τῆς
3366 4707 3458 4755 τοῦ
3514 4696 3647 4751 Θεοῦ
3699 4693 3889 4772 σοφίας

2234 4779 2617 4861 ἀποφαίνομαι,
2672 4780 2753 4839 ὅτι
2810 4784 2864 4838 εἶ’
2921 4806 2970 4841 τι
3022 4785 3169 4843 οἶδεν
3220 4790 3244 4843 ὁ
3280 4787 3485 4865 Πατὴρ,
3519 4785 3610 4842 οὒκ
3642 4782 3762 4838 ἄνευ
3793 4794 3891 4841 τοῦ

2656 4874 2809 4935 αὐτὸς
2855 4876 2954 4955 γάρ
3017 4876 3157 4933 ἐστιν
3202 4880 3236 4946 ἠ
3292 4879 3447 4958 σοφία
3488 4877 3663 4937 αὑτοῦ,
3710 4872 3777 4930 h’t'
3828 4896 3884 4927 τι

2226 4957 2437 5017 δύναται
2488 4964 2516 5018 6
2562 4964 2767 5045 Πατὴρ,
2825 4967 2919 5022 οῦκ
2974 4966 3096 5027 ἄνευ
3141 4979 3232 5029 τοῦ
3277 4957 3397 5026 Υἱοῦ
3426 4967 3637 5025 δύναται
3674 4980 3687 4994 ⁸
3723 4966 3883 5027 αὐτὸς

2221 5052 2319 5131 γάρ
2370 5059 2512 5108 ἔστιν
2569 5053 2603 5122 ἡ
2661 5052 2881 5132 δύναμις
2927 5062 3105 5120 αὐτοῦ.
3172 5051 3301 5118 ΗΟτι
3347 5060 3400 5116 δὲ
3457 5066 3623 5116 ταῦτα
3678 5056 3879 5134 ἆληθῇ,

2223 5139 2379 5198 ἄκουε
2416 5161 2428 5174 ’
2468 5132 2544 5199 Ὀ
2589 5165 2638 5199 τι
2697 5143 2760 5200 ἂν
2818 5149 2845 5203 6
2898 5150 3080 5229 Πατὴρ
3113 5157 3266 5233 ποιῇ,
3312 5157 3471 5206 ταῦτα
3529 5151 3615 5205 καὶ
3670 5150 3697 5203 6
3762 5147 3882 5208 ι’ἱλς

2223 5233 2417 5307 ὁμοίως
2473 5245 2642 5291 ποιεῖ.
2680 5252 2711 5294 ι
2764 5237 2820 5293 Εἰ
2872 5239 2899 5293 6
2959 5241 3142 5320 Πατὴρ
3181 5238 3298 5317 μετ’
3330 5240 3559 5305 ἐξουσίας
3586 5240 3674 5296 καὶ
3718 5238 3883 5292 δυνα-

2224 5344 2391 5397 μεως,
2438 5325 2525 5380 καὶ
2570 5326 2597 5379 6
2660 5326 2778 5391 Υἱὸς
2834 5328 3053 5401 ὁμοίως.
3118 5330 3226 5388 Οὐκ
3282 5330 3379 5410 ἄρα
3420 5327 3789 5407 ὑποδεέστερος
3854 5329 3884 5383 6

2228 5414 2344 5475 ι’ίὸς
2404 5421 2491 5471 τοῦ
2553 5414 2780 5494 Πατρός,
2834 5420 2891 5474 Εἰ
2922 5416 2977 5474 δὲ
3021 5427 3279 5485 ταπεινῶς
3312 5422 3525 5502 εἴρηται
3569 5423 3652 5495 τὸ,
3692 5442 3720 5476 ιι
3754 5425 3883 5474 Δεί-

2225 5526 2403 5563 κνυσιν
2466 5504 2609 5581 αύτῷ
2667 5506 2859 5581 πάντα,
2922 5528 2950 5567 )
3012 5511 3099 5566 καὶ
3150 5514 3238 5585 τό,
3304 5534 3331 5567 ε
3395 5514 3621 5584 Μείζονα
3679 5512 3886 5566 τούτων

2225 5592 2400 5671 δείξει,
2463 5618 2491 5650 ι
2554 5598 2613 5653 οὒ
2670 5596 2782 5676 χρὴ
2839 5594 3144 5674 θαυμάζειν.
3221 5604 3356 5679 Πρὸς
3409 5604 3508 5683 γὰρ
3570 5601 3883 5680 ἀνθρώπους

2224 5683 2527 5763 διαλέγεται
2585 5693 2911 5769 φωνοῦντας,
2971 5687 3092 5746 κατ’
3142 5692 3323 5770 αὐτοῦ,
3355 5696 3442 5751 καὶ
3472 5691 3881 5772 διαπριομένους

2226 5778 2299 5848 τῷ
2356 5778 2550 5859 φθόνῳ.
2602 5774 2706 5837 Καὶ
2763 5778 2807 5833 εἰ
2863 5778 2939 5853 μὴ
2990 5791 3265 5863 πανταχοῦ
3324 5782 3622 5862 παρέπλεκε
3678 5783 3739 5835 τὰ
3773 5802 3881 5839 τα..
