4178 6400
338 399 357 463 l
373 399 490 465 269

1049 396 1497 469 ENARBATIO
1524 406 1607 468 IN
1652 405 2159 473 EVANGELIUM
2200 412 2543 475 JOANNIS.
2594 444 2667 455 -—
2711 411 2876 474 CAP.
2925 411 3002 475 V.

3573 408 3725 476 1270

332 540 494 595 πεινὰ
552 554 672 604 τοῖς
729 540 994 617 ὑψηλοῖς,
1026 546 1075 601 τί
1098 544 1193 599 οὒκ
1218 541 1279 599 ἅν
1312 541 1543 623 ἐποίουν,
1598 540 1733 601 ὅπου
1791 563 1851 621 γε
1907 544 1993 599 καὶ

2088 542 2300 624 ubique
2349 544 2600 608 humilia
2653 546 2903 608 summis
2933 546 3400 622 interseruisset,
3434 545 3576 628 quid
3603 564 3723 610 non

335 629 476 686 οὕτω
534 631 804 696 ταπεινῶς
861 632 927 688 τὰ
1011 630 1179 689 πλείω
1262 632 1644 713 φθεγγομένου,
1714 631 1992 707 λυττῶσις

333 720 395 776 Τί
451 716 505 774 δέ
559 721 696 792 ἔστι,
755 721 840 795 16,
914 738 945 780 (
1002 722 1100 780 Καὶ
1157 722 1372 797 μείζονα
1438 723 1638 779 τούτων
1710 719 1913 795 δείξεις
1962 745 1989 776 ι)

337 804 559 876 Ἐπειδὴ
617 808 918 889 παραλυτον
987 808 1221 891 ἔσφιγξε,
1286 808 1469 887 μέλλει
1545 808 1599 866 δὲ
1660 812 1749 867 καὶ
1815 812 1995 891 νεκρὸν

335 896 579 977 ἐγείρειν,
637 897 721 956 διὰ
780 898 934 956 τοῦτό
992 922 1155 981 φησιν
1190 919 1204 934 ο
1257 902 1312 957 Εἰ
1361 901 1654 977 θαυμάζετε
1692 900 1773 957 ὅτι
1818 900 1992 981 παρά-

334 987 490 1043 λυτον
553 988 678 1065 ὑγιῆ
738 978 1034 1070 πεποίηκα,
1094 990 1307 1066 μείζονα
1352 991 1552 1047 τούτων
1607 988 1822 1067 ὄψεσθε.
1858 978 1993 1049 ιὈτι

334 1075 388 1132 δὲ
432 1078 494 1133 τὸ
538 1074 705 1143 δεῖξαι
735 1079 883 1158 ῥῆμα
912 1081 1163 1136 ταπεινὸν
1207 1079 1290 1156 ὃν,
1323 1079 1446 1136 κατ’
1476 1080 1783 1156 οἰκονομίαν
1814 1079 1995 1159 εἶπεν,

332 1165 426 1222 ’ἕνα
480 1166 579 1235 τὴν
638 1167 840 1247 μωρίαν
897 1170 1070 1225 αὑτῶν
1141 1169 1613 1248 παραμυθήσηται,
1690 1167 1847 1225 ἄκουε
1889 1174 1996 1224 τῶν

333 1253 544 1334 ἐφεξῆς.
619 1278 640 1309 ι
710 1249 802 1323 Ὠς
859 1258 961 1337 γὰρ
1023 1260 1051 1315 6
1107 1258 1315 1332 Πατὴρ,
1375 1259 1558 1338 φησὶν,
1616 1259 1811 1337 ὶγείρει
1873 1258 1995 1319 τοὺς

336 1345 576 1425 νεκροὺς,
638 1345 774 1403 οὕτω
832 1349 919 1404 καὶ
994 1349 1023 1404 6
1071 1349 1191 1410 Υἱὸς
1250 1349 1338 1410 οὒς
1410 1345 1549 1403 θέλει
1632 1354 1913 1419 ζωοποιεῖ,
1962 1370 1989 1401 ι

338 1433 563 1514 Ἐγείρει
624 1436 720 1508 μὲν
779 1439 869 1494 οὗν
914 1437 941 1493 ό
999 1438 1143 1512 Υἱὸς,
1206 1436 1387 1517 ὥσπερ
1431 1438 1458 1493 6
1499 1436 1706 1517 Πατὴρ,
1768 1437 1857 1493 καὶ
1912 1433 1996 1491 διὰ

336 1525 521 1581 τούτου
575 1523 799 1584 δείκνυσι
884 1528 946 1583 16
1002 1532 1101 1595 τῆς
1201 1524 1472 1602 δυνάμεως
1533 1524 1941 1606 ἀπαράλλακτον
1974 1539 1990 1555 ⁶

336 1610 423 1668 διὰ
466 1612 519 1670 δὲ
551 1621 669 1689 106,
735 1635 765 1674 ε
816 1617 917 1679 0'6;
960 1614 1126 1690 θέλει,
1172 1620 1270 1683 τῆς
1333 1613 1568 1681 ἕξουσίας
1619 1624 1719 1682 τὴν
1748 1616 1989 1682 ἰσότητα.

337 1704 513 1759 Ταῦτα
572 1702 625 1760 δὲ
685 1705 860 1761 πάντα
915 1708 962 1763 οἱ
1020 1706 1118 1780 μὲν
1176 1704 1441 1786 Ἀρειανοὶ
1497 1705 1634 1762 κατᾶ
1704 1704 1800 1773 τῆς
1883 1706 1999 1764 Γίτιῦ

341 1787 495 1857 δόξης
555 1791 1001 1869 ἑκλαμϐάνονται,
1068 1797 1113 1849 οί
1170 1791 1223 1850 δὲ
1270 1792 1530 1872 ὁρθόδοξοι
1609 1793 1740 1872 ὑπὲρ
1798 1792 1997 1859 ταύτης

337 1901 579 1956 νοουμεν.

2079 632 2319 696 tandem
2372 634 2687 699 fecissent?
2715 635 3203 718 quandoquidem
3234 636 3543 698 insaniunt
3585 655 3719 698 cum

2078 728 2194 784 tam
2219 723 2401 786 multa
2423 725 2733 787 humiliter
2750 725 3034 807 loquitur.
3070 724 3219 799 Quid
3272 732 3469 787 autem
3492 725 3726 793 est.cEt

2080 812 2303 892 majora
2328 814 2421 876 his
2450 814 2779 879 οειεηὰειῖι
2791 815 3083 889 Quoniam
3105 816 3486 897 paralyticum
3506 815 3723 879 solida—

2078 902 2446 976 verat,etiam
2481 912 2776 966 mortuum
2811 908 3200 967 suscitaturus
3227 913 3336 979 est,
3370 904 3597 967 idcirco
3623 905 3721 966 di-

2077 990 2156 1052 cit
2189 991 2692 1055 :Siadmiramini
2716 993 2872 1075 quod
2894 993 3280 1075 paralyticum
3329 1012 3540 1055 sanum
3583 993 3720 1066 feci,

2080 1082 2306 1162 majora
2332 1081 2427 1143 his
2448 1081 2747 1145 videbitis.
2780 1081 2947 1155 Quod
2980 1091 3176 1145 autem
3226 1091 3283 1145 et
3322 1083 3434 1145 hoc
3480 1081 3721 1144 verbum

2079 1170 2455 1251 monstrabit,
2481 1171 2704 1233 humile
2733 1170 2828 1246 sit,
2858 1181 2917 1234 et
2948 1190 3054 1252 per
3081 1172 3582 1253 dispensationem
3604 1171 3725 1233 dic-

2078 1267 2297 1336 tum,ut
2326 1261 2614 1323 insaniam
2640 1261 2877 1323 illorum
2907 1260 3442 1343 demulceret,audi
3473 1278 3728 1341 sequen-

2080 1350 2373 1414 tia.¢Nam
2405 1353 2553 1413 sicut
2585 1350 2761 1415 Pater
2789 1350 3033 1413 suscitat
3068 1350 3444 1426 mortuos,ita
3464 1359 3520 1413 et
3543 1349 3729 1414 Filius

2077 1458 2227 1520 quos
2257 1440 2401 1522 vult,
2427 1440 2746 1504 viviﬁcat.»
2784 1438 2969 1520 Igitur
2995 1439 3239 1502 suscitat
3268 1439 3509 1522 quidem
3541 1438 3731 1501 Filius

2078 1528 2232 1589 sicut
2280 1531 2472 1605 Pater,
2498 1538 2556 1591 et
2587 1530 2721 1591 ideo
2747 1535 3035 1591 monstrat
3063 1537 3410 1610 potestatem
3448 1547 3613 1591 suam
3644 1527 3728 1589 nil

2077 1615 2601 1683 ditl'erentem.Sed
2635 1629 2693 1682 et
2719 1635 2834 1696 per
2862 1618 3133 1700 verbum,
3151 1637 3332 1701 aquos
3355 1619 3535 1694 vult,»
3558 1618 3725 1681 indi-

2078 1714 2170 1768 cat
2190 1726 2315 1770 suae
2330 1728 2463 1771 cum
2491 1711 2665 1773 Patre
2688 1709 2994 1792 potestatis
3024 1708 3593 1791 aaqualitatem.H.'ec
3621 1727 3729 1771 au-

2079 1804 2196 1858 tem
2216 1798 2417 1860 omnia
2441 1797 2646 1860 Ariani
2668 1799 2908 1881 quidem
2931 1806 3239 1879 exponunt
3261 1804 3465 1859 contra
3477 1798 3723 1877 gloriam

2079 1883 2235 1961 Filii,
2269 1906 2377 1948 nos
2408 1896 2603 1949 autem
2636 1887 2946 1950 orthodoxi
2980 1905 3087 1969 pro
3118 1886 3220 1949 illa
3247 1886 3657 1967 intelligimus.

419 1993 445 2023 α
509 1969 638 2030 066‘s
697 1972 797 2060 γαρ
859 1973 887 2029 6
948 1973 1131 2052 Πατὴρ
1189 1973 1355 2053 κρίνει
1413 1971 1618 2048 οὒδένα,
1695 1969 1832 2027 ἀλλὰ
1902 1971 1998 2037 τὴν

2159 1958 2346 2039 Visus.
2374 1976 2839 2060 22-24.:Neque
2870 1958 3029 2040 enim
3073 1975 3244 2040 Pater
3256 1958 3486 2058 judicat
3511 1994 3728 2056 quem-

335 2060 500 2131 κρίσιν
530 2067 702 2118 πᾶσαν
745 2059 938 2119 δέδωκε
968 2069 1044 2137 τῷ
1106 2063 1208 2139 1·ίῷ
1249 2060 1346 2119 ⁴ίνα
1402 2062 1595 2125 πάντες
1630 2061 1850 2136 τιμῶσι
1905 2062 1997 2116 τὸν

336 2150 477 2223 ι’ἱὸν,
540 2151 710 2217 καθὼς
762 2158 958 2227 τιμῶσι
1010 2152 1100 2208 τὸν
1163 2151 1392 2232 Πατέρα.
1461 2144 1518 2209 Ὀ
1575 2151 1655 2226 μὴ
1688 2152 1859 2226 τιμῶν
1906 2151 1998 2206 166

340 2240 480 2319 ι’ίὸν,
538 2240 597 2295 0-3
655 2246 786 2316 τιμᾷ
842 2243 935 2298 τὸν
1000 2241 1210 2322 Πατέρα
1279 2243 1369 2298 τὸν
1457 2239 1745 2317 πέμψαντα
1814 2238 1993 2296 αὐτόν.

338 2324 540 2404 Ἀμὴν,
590 2328 734 2405 ἀμὴν
791 2329 935 2409 λέγω
985 2331 1142 2407 ὑμῖν,
1205 2332 1232 2387 6
1280 2336 1388 2387 τῶν
1417 2328 1591 2409 λόγων
1620 2349 1720 2405 μου
1771 2328 2000 2393 ἀκούων,

348 2419 438 2473 καὶ
468 2419 732 2475 πιστεύων
787 2424 864 2494 τῷ
913 2420 1184 2497 πέμψαντί
1240 2443 1329 2500 με,
1378 2419 1497 2500 ἔχει
1568 2419 1713 2490 ζωὴν
1772 2418 2004 2475 αἰώνιον,

346 2508 437 2562 καὶ
480 2509 553 2570 εἰς
607 2509 773 2576 κρίσιν
805 2510 900 2569 οὒκ
957 2510 1196 2591 ἔρχεται,
1250 2509 1387 2565 ἀλλὰ
1435 2505 1796 2585 μεταϐέϐηκεν
1830 2506 1890 2563 ἐκ
1917 2505 2008 2564 τοῦ

336 2597 561 2655 θανάτου
614 2598 687 2661 εὶς
735 2599 833 2667 τὴν
883 2601 1058 2672 ζωήν.
1102 2621 1125 2656 ι
1174 2596 1430 2665 ’Ἔδειξεν
1479 2597 1664 2654 ἑαυτὸν
1712 2597 2006 2674 εὑεργετεϊν

335 2686 557 2759 δυνάμεν
575 2708 637 2741 ον
696 2688 780 2749 διὰ
836 2696 941 2745 τῶν
998 2688 1213 2758 πολλῶν
1272 2688 1532 2764 σημείων,
1609 2686 1683 2742 ὧν
1738 2685 2005 2751 ἐποίησεν.

339 2778 486 2841 Ἐπεὶ
546 2789 598 2841 Σὲ
658 2786 753 2842 οὐκ
795 2779 921 2861 (20)
972 2779 1316 2845 εδυσώπησεν
1348 2778 1560 2856 αὐτοὺς,
1605 2775 1641 2843 ἢ
1673 2774 2011 2831 ὲπεσπάσατο

344 2894 475 2950 προς
566 2876 620 2929 τὸ
684 2870 903 2945 τιμῆσαι
965 2870 1144 2949 αὑτὸν,
1203 2870 1276 2932 ὡς
1336 2866 1477 2934 ἄξιον
1529 2865 1621 2944 ἧν,
1689 2865 1872 2944 φησὶν,
1927 2862 2006 2919 ὅτι

344 2984 366 3015 ι
418 2963 522 3031 Τὴν
582 2962 752 3040 κρίσιν
807 2964 982 3014 πᾶσαν
1042 2959 1069 3014 6
1144 2957 1327 3035 Πατὴρ
1376 2963 1454 3030 τῷ
1514 2956 1619 3028 1⁸ίῷ
1676 2950 1924 3026 δέδωκεν,
1976 2978 2001 3009 ι

344 3051 440 3108 ’ἵνα
490 3051 577 3109 καὶ
635 3052 663 3107 6
720 3045 882 3127 φόϐος
938 3051 1035 3116 τῆς
1092 3047 1312 3123 κρίσεως
1387 3045 1548 3120 πείσγ⁸
1607 3042 1793 3106 αὐτοὺς
1846 3043 2008 3117 τιμὴν

2078 2083 2243 2145 qum,
2279 2066 2387 2128 sed
2418 2086 2599 2130 omne
2629 2067 2933 2147 judicium
2988 2066 3153 2129 dedit
3199 2066 3375 2141 Filio,
3419 2074 3483 2128 ut
3515 2084 3729 2128 omnes

2081 2154 2381 2217 honorent
2406 2157 2651 2233 Filium,
2681 2157 2829 2219 sicut
2855 2157 3151 2219 honorant
3178 2158 3435 2218 Patrem.
3468 2155 3579 2229 Qui
3610 2175 3727 2217 non

2083 2244 2337 2307 honorat
2364 2244 2600 2323 Filium,
2631 2265 2753 2310 non
2785 2247 3037 2308 honorat
3067 2248 3300 2307 Patrem
3329 2246 3429 2328 qui
3457 2246 3617 2307 misit
3651 2246 3730 2307 il-

2089 2332 2638 2409 lum.Amen,amen
2669 2336 2802 2399 dico
2825 2332 3013 2411 vobis,
3033 2336 3135 2417 qui
3164 2353 3502 2398 sermonem
3534 2354 3728 2398 meum

2090 2423 2342 2504 audit,et
2363 2426 2554 2487 credit
2580 2426 2636 2488 ei
2668 2425 2772 2507 qui
2804 2424 2985 2499 misit,
3020 2425 3196 2487 habet
3217 2428 3388 2487 vitam
3415 2433 3731 2505 mternam,

2091 2520 2146 2573 et
2176 2513 2237 2574 in
2268 2513 2823 2578 condemnationem
2846 2514 2988 2575 574
3026 2534 3145 2577 non
3180 2514 3405 2590 veniet,
3436 2515 3541 2577 sed
3567 2522 3735 2578 tran-

2091 2602 2224 2661 sivit
2252 2621 2285 2663 a
2318 2612 2506 2665 morte
2540 2604 2597 2665 in
2625 2604 2823 2685 vitam,
2853 2625 2882 2665 ›
2914 2605 3271 2668 Monstrarat
3298 2604 3560 2686 seipsum
3594 2625 3734 2685 pos-

2093 2708 2158 2752 se
2186 2689 2541 2755 benefacere
2572 2712 2679 2774 per
2709 2693 2891 2755 multa
2922 2694 3090 2774 signa
3137 2712 3270 2775 qua;
3307 2694 3550 2765 lacerat.
3586 2693 3738 2766 Quia

2092 2788 2287 2841 autem
2319 2780 2749 2845 benefaciendo
2766 2802 2885 2845 non
2914 2784 3272 2864 placuiteos,
3294 2802 3404 2845 nec
3421 2791 3741 2846 attraxerat

2092 2878 2155 2931 ut
2175 2888 2239 2931 se
2269 2870 2651 2948 honorarent,
2688 2872 2842 2936 sicut
2889 2873 3129 2952 dignum
3191 2881 3338 2953 erat,
3393 2872 3532 2935 dicit
3578 2872 3735 2955 quod

2097 2963 2312 3023 «Pater
2342 2980 2519 3023 omne
2542 2962 2837 3043 judicium
2871 2963 3102 3024 dederit
3122 2962 3333 3036 Filio,»
3364 2964 3535 3027 utvel
3563 2963 3742 3025 timor

2085 3048 2298 3129 judicii
2330 3050 2446 3112 illis
2477 3052 2830 3132 persuadeat
2857 3071 2974 3135 quo
3004 3053 3199 3133 ipsum
3251 3051 3481 3114 honore
3526 3071 3736 3134 prose-

350 3142 478 3219 πρὸς
542 3140 697 3197 αὺτὸν
751 3136 1095 3202 ἐνδείξασθαι,
1159 3134 1431 3223 Εἷώθαμεν
1476 3134 1591 3223 γὰρ-
1629 3135 1676 3190 οἱ
1719 3130 2003 3223 ἄνθρωποι,

2090 3130 2800 3221 quantur.Consuevimus
2830 3130 2987 3203 enim
3012 3130 3121 3204 nos
3151 3140 3446 3218 homines,
3480 3130 3738 3223 praeser-

343 3233 428 3287 καὶ
486 3232 720 3307 μάλιστα
773 3229 819 3284 οἱ
880 3224 1234 3305 ἁλογώτεροι,
1289 3220 1747 3312 φόῦῳᾲμᾶλλον-ἢ.
1790 3222 2003 3303 εὐεργε-

2094 3220 2197 3291 tim
2236 3229 2296 3291 hi
2344 3231 2441 3311 qui
2469 3230 2765 3294 crassiore
2816 3239 3015 3293 mente
3049 3230 3277 3311 praediti
3306 3220 3540 3312 sumus,
3576 3241 3738 3293 metu

344 3322 505 3395 σίαις,
552 3322 614 3376 τὸ
659 3317 775 3376 δέον
819 3316 1269 3392 μεταμανθάνειν.
1323 3314 1394 3372 Τὸ
1437 3310 1518 3402 δέ,
1571 3336 1598 3367 ιι
1648 3310 1865 3402 Ἵξδωκε
1908 3313 2003 3380 τὴν

2094 3316 2287 3399 potius
2303 3310 2475 3399 quam
2500 3319 2809 3382 beneficiis
2830 3320 2985 3402 quod
3012 3310 3244 3402 oportet
3263 3310 3739 3384 addiscereJam

341 3410 512 3490 κρίσιν
566 3417 655 3483 τῷ»
706 3410 812 3482 ι·ιῴ
862 3408 890 3464 6
945 3405 1153 3485 Πατὴρ,
1186 3427 1211 3459 ι
1261 3402 1399 3460 οὕτω
1428 3401 1643 3483 νόησον,
1690 3400 1773 3458 ὅτι
1823 3402 2003 3482 κριτὴν

2091 3408 2248 3491 quod
2284 3409 2449 3491 dicit,
2489 3400 3008 3491 «Deditjudicium
3035 3400 3212 3473 Pater
3240 3409 3739 3483 Filio,ssicintel-

345 3500 499 3558 αὺτὸν
585 3498 887 3576 ἐγέννησεν,
972 3493 1152 3572 ὥσπερ
1224 3492 1434 3554 ἀκούεις
1493 3492 1582 3547 καὶ
1639 3492 1725 3570 τὸ,
1779 3508 1807 3549 ι
1855 3491 2003 3558 Ζωὴν

2092 3500 2228 3581 lige,
2264 3500 2419 3582 quod
2445 3500 2711 3581 judicem
2746 3519 2881 3562 eum
2913 3500 3204 3581 genuerit,
3251 3501 3338 3563 sic
3391 3501 3571 3565 etiam
3604 3522 3738 3565 cum

341 3586 531 3645 ἔδωκεν
577 3589 743 3661 αὒτῷ,
807 3608 835 3643 ε
885 3585 973 3641 καὶ
1022 3595 1197 3658 νοεῖς,
1229 3580 1308 3638 ὅτι
1360 3582 1532 3653 ζῶντα
1575 3579 1732 3636 αὒτδν
1777 3578 2003 3658 ἐγέννη-

2094 3578 2264 3651 audis
2282 3578 2628 3672 quod'vitam
2655 3590 2884 3653 dederit
2906 3578 3013 3672 illi,
3049 3578 3343 3671 intelligas
3360 3592 3517 3674 quod
3540 3592 3741 3655 viven-

342 3701 452 3736 σεν.
512 3677 665 3734 Ἐπεὶ
726 3676 826 3754 γὰρ
883 3676 910 3731 6
971 3675 1155 3752 Πατήρ
1211 3670 1355 3728 ἐστιν
1406 3668 1581 3734 αἴτιος
1634 3676 1713 3743 τῷ
1774 3672 1878 3743 ι’ἱῷ
1921 3677 2003 3726 τοι]

2098 3668 2393 3741 temillum
2415 3680 2863 3761 genuerit.Quia
2883 3668 3042 3744 enim
3067 3668 3470 3745 Pater'auctor
3490 3691 3580 3746 est
3593 3682 3743 3747 Filio

340 3768 505 3842 εἶναι,
553 3768 617 3823 τὰ
674 3787 872 3846 παντα,
924 3763 1023 3821 ὅσα
1083 3760 1200 3843 ἔχει
1257 3764 1285 3819 6
1346 3762 1491 3827 Υἱὸς,
1552 3757 1767 3837 λέγεται
1820 3756 2003 3815 λαέϊδι

2096 3767 2161 3822 ut
2182 3761 2279 3842 sit,
2301 3756 2503 3822 omnia
2545 3780 2915 3845 quascunque
2938 3761 3120 3825 habet
3139 3763 3573 3833 Filius,dicitur
3593 3765 3745 3827 acci-

343 3859 481 3938 παρα
533 3865 624 3915 τοῦ
669 3858 898 3935 Πατρὸς,
933 3855 1008 3918 ὡς
1068 3851 1119 3919 ἐξ
1154 3851 1310 3908 αὒτοῦ
1370 3849 1605 3930 φυσικῶς
1636 3854 1805 3905 ταῦτα
1836 3847 2003 3929 ἔχων·

2100 3868 2242 3930 pere
2276 3870 2308 3912 a
2336 3849 2528 3927 Patre,
2562 3871 2632 3913 eo
2663 3855 2821 3933 quod
2854 3871 2923 3914 ex
2960 3851 3062 3915 illo
3096 3852 3446 3914 naturaliter
3474 3853 3600 3915 haac
3630 3854 3742 3917 ha-

344 3949 437 4007 Καὶ
482 3947 579 4016 τὴν
642 3947 810 4027 κρίσιν
871 3944 960 4002 οὖν
1017 3942 1137 4022 ἔχει
1196 3941 1256 3999 ἐκ
1300 3946 1391 3997 106
1442 3940 1649 4017 Πατρὸς
1698 3938 1891 4009 οὕτως,
1939 3940 2012 3995 ὡς

339 4036 457 4118 ἔχει
512 4023 688 4108 αὖτήνν
735 4039 762 4093 6
810 4034 1013 4113 Πατήρ.
1068 4023 1194 4090 υΙνα
1240 4032 1340 4111 γὰρ
1391 4032 1469 4106 μὴ
1526 4029 1808 4118 ἀκούοντες
1839 4026 2016 4085 αἴτιον

340 4117 482 4184 εἶναι
539 4129 628 4184 τὸν
691 4124 898 4204 Πατέρα
939 4130 1033 4181 106
1088 4122 1231 4202 Υίοῦ,
1265 4122 1545 4192 νοήσωμεν
1576 4118 1656 4176 ὅτι
1688 4117 1843 4183 οὗτός
1874 4119 2016 4174 ἔστιν

343 4217 520 4281 αἶ’τιος
578 4220 757 4284 αὖτοῦ,
819 4214 999 4292 ὥσπερ
1050 4216 1136 4269 καὶ
1215 4218 1321 4268 τῶν
1382 4209 1713 4289 κτισμάτων,
1775 4209 1862 4265 καὶ
1933 4205 2016 4264 διὰ

343 4314 499 4363 τοῦτο
555 4310 653 4371 τῆς
698 4309 860 4377 τιμῆς
923 4302 1212 4358 ἐλάττωσιν
1275 4300 1668 4378 εἰσαγάγωμεν,
1730 4298 1887 4371 φησὶν
1932 4295 2019 4378 ὅτι

344 4392 559 4469 οὖδεμία
619 4390 946 4473 παραλλαγὴ
1002 4391 1080 4466 τῷ
1139 4393 1243 4462 Υἱῷ
1299 4376 1432 4468 πρὸς
1479 4376 1593 4444 τὸν
1665 4386 1899 4466 Πατέρα.
1962 4376 2019 4442 Ὀ

2099 3940 2455 4021 beatlgitur
2484 3950 2546 4004 et
2568 3941 2862 4023 judicium
2897 3942 3075 4004 habet
3101 3962 3135 4005 a
3164 3945 3362 4019 Patre,
3388 3943 3539 4005 sicut
3570 3944 3748 4009 habet

2100 4029 2245 4092 illud
2272 4032 2465 4095 Pater:
2492 4039 2553 4093 ut
2580 4050 2655 4094 ne
2679 4031 2991 4094 audientes
3020 4040 3320 4096 auctorem
3345 4052 3477 4095 esse
3510 4034 3743 4098 Patrem

2100 4120 2669 4201 Filii,intelligamus
2701 4121 2857 4202 quod
2888 4122 2971 4181 sic
3002 4122 3304 4185 sitauctor
3334 4123 3486 4203 ejus,
3512 4125 3664 4186 sicut
3689 4131 3747 4188 et

2101 4218 2530 4285 creaturarum,
2559 4221 2618 4274 et
2650 4220 2967 4291 propterea
3000 4211 3242 4273 honoris
3265 4211 3743 4276 imminutionem

2100 4299 2549 4362 introducamus
2585 4301 2701 4363 :ait
2726 4300 2883 4381 quod
2918 4301 2977 4361 in
3017 4302 3179 4362 nullo
3213 4300 3407 4362 minor
3445 4300 3633 4363 Filius
3655 4315 3746 4365 est

2102 4391 2295 4451 Patre.
2330 4388 2473 4452 Nam
2507 4392 2606 4471 qui
2638 4389 2818 4452 habet
2851 4399 3201 4471 potestatem
3230 4389 3517 4470 puniendi
3538 4399 3598 4453 et
3630 4392 3743 4455 ho-

344 4485 441 4563 γαρ
501 4481 739 4549 ἐξουσίαν
799 4481 945 4562 ἔχων
998 4477 1269 4555 κολάζειν,
1315 4478 1404 4533 καὶ
1462 4482 1646 4555 τιμᾷν,
1707 4477 1779 4541 ὡς
1823 4474 2003 4552 βούλε-

661 4574 672 4587 l
772 4574 811 4587 ιι
1067 4579 1090 4587 -
1157 4576 1199 4587 π
1309 4567 1322 4587 Ι
1355 4582 1368 4587 -
1437 4565 1458 4587 θ
1485 4567 1498 4584 \
1637 4567 1652 4585 ἱ
1716 4563 1797 4587 θα..
1899 4566 1913 4586 9
1960 4566 1975 4587 \

2103 4483 2527 4587 norandiosicut
2556 4482 2914 4587 vult,eadem
2942 4491 3130 4587 potest
3152 4502 3283 4587 quae
3310 4484 3665 4587 Pater,‘ideo
3690 4494 3751 4549 et

348 4596 458 4645 ται,
521 4574 688 4632 ταυτα
759 4574 970 4629 δύναται
1024 4579 1099 4647 τῷ
1157 4567 1322 4642 Πατρί
1355 4582 1368 4597 ⁸
1432 4565 1512 4621 διὸ
1568 4567 1656 4621 καὶ
1712 4563 1797 4620 δεῖ
1860 4566 2003 4621 αὒτὸκ

1222 4657 1232 4663 .
1485 4645 1525 4663 ο.
1714 4654 1725 4663 .
1972 4656 1984 4663 .

2101 4580 2334 4653 oportet
2365 4572 2531 4635 illum
2557 4573 2855 4634 honorare
2878 4572 3089 4634 eodem
3122 4563 3297 4633 modo
3325 4591 3440 4654 quo
3484 4571 3743 4639 Patrem.

342 4670 500 4741 τιμᾷν
557 4662 721 4728 οεὶτως
777 4664 851 4726 ὡς
923 4664 1014 4718 τὸν
1092 4657 1330 4737 Πατέρα,
1395 4679 1421 4711 ε
1485 4647 1613 4713 ’Ὶνα
1672 4654 1795 4733 γὰρ,
1862 4656 2003 4735 φησὶ,

2103 4647 2254 4725 Dicit
2303 4662 2489 4744 enim,
2528 4688 2551 4717 α
2580 4661 2655 4731 Ut
2712 4681 2921 4725 omnes
2971 4663 3269 4726 honorent
3317 4647 3558 4737 Filium,
3594 4663 3750 4727 sicut

343 4755 536 4817 πάντες
593 4754 787 4829 τιμῶσι
817 4753 908 4807 τὸν
954 4752 1098 4815 Υίον,
1138 4749 1314 4811 καθὼς
1343 4750 1538 4821 τιμῶτι
1570 4744 1662 4800 τὸν
1706 4743 1938 4821 Πατέρα.
1984 4768 2009 4797 η

344 4845 402 4900 Oi
459 4845 584 4920 γοῦν
633 4843 747 4922 περὶ
809 4842 897 4898 τὸν
952 4830 1201 4921 ”Αρειον,
1260 4834 1442 4903 ἐπειδῆ
1470 4836 1545 4898 ὡς
1604 4833 1798 4909 κτίσμα
1862 4840 2015 4907 τιμᾷν

349 4931 557 4988 οἶόνται
611 4933 701 4988 τὸν
762 4934 903 5005 ι’ἱὸν,
960 4931 1050 4987 καὶ
1102 4930 1193 4984 τὸν
1239 4924 1447 5003 Πατέρα
1490 4922 1675 4980 λοιπὸν
1718 4922 1793 4986 ὡς
1820 4924 2015 4999 κτίσμα

346 5028 609 5097 τιμῶντες
664 5020 1002 5102 ἰλὲγχονται.
1045 5005 1129 5074 ’.Β
1184 5018 1283 5095 γὰρ
1339 5018 1399 5073 o6
1464 5018 1693 5089 τιμῶσιν
1742 5010 1880 5076 ὅλως
1926 5015 2017 5070 τὸν

356 5112 497 5190 Υἱὸν,
532 5112 619 5166 καὶ
678 5100 827 5187 μετα
873 5115 980 5165 τῶν
1029 5105 1296 5167 Ἰουδαίων
1344 5102 1711 5160 ταττέσθωσαν
1747 5117 1761 5131 ⁶
1795 5100 1831 5169 ἢ
1863 5101 2017 5163 εἴπερ

345 5187 543 5276 τιμῶσι
605 5200 701 5267 μὲν
758 5200 940 5273 αὐτὸν,
999 5201 1073 5263 ὡς
1133 5197 1335 5270 κτίσμα
1378 5191 1463 5271 δὲ,
1510 5191 1699 5271 πρέπει
1750 5187 1805 5246 δὲ
1855 5198 2013 5266 τιμᾷν

344 5291 503 5347 αὒτὸν
560 5288 741 5368 ὥσπερ
791 5290 879 5344 καὶ
964 5290 1059 5344 τὸν
1136 5286 1365 5364 Πατέρα,
1428 5279 1744 5361 ἐλέγχονται
1803 5281 2014 5344 πάντως

340 5382 431 5437 καὶ
486 5380 577 5435 τὸν
639 5378 846 5458 Πατέρα
903 5379 976 5442 ὡς
1046 5377 1243 5451 κτίσμα
1302 5378 1589 5440 τιμῶντες.
1668 5370 1766 5428 Καὶ
1838 5369 2012 5436 ἄλλως

342 5469 421 5543 δὲ,
469 5470 607 5525 γατὰ
638 5470 699 5524 τὸ
749 5467 1085 5546 ἐπαγόμενον
1117 5480 1130 5495 ³
1188 5470 1302 5526 πῶς
1361 5465 1555 5536 τιμῶσι
1617 5461 1707 5517 τὸν
1773 5464 2004 5542 Πατέρα,

2100 4757 2397 4817 honorant
2426 4758 2677 4819 Patrem.
2694 4753 2804 4836 »Et
2829 4756 2905 4817 ita
2929 4755 3127 4836 Ariani
3151 4754 3289 4836 quia
3314 4754 3490 4836 veluti
3518 4764 3747 4820 creatu-

2096 4855 2222 4899 ram
2249 4844 2455 4918 putant
2502 4835 2918 4898 honorandum
2966 4833 3285 4909 Filium,et
3320 4833 3555 4898 Patrem
3592 4856 3746 4918 quo-

2103 4946 2218 5010 que
2251 4927 2406 4987 sicut
2434 4935 2763 4988 creaturam
2796 4925 3082 4990 honorari
3111 4925 3358 5006 debere,
3380 4923 3750 5004 redarguun-

2102 5026 2243 5081 tur:
2281 5019 2369 5079 vel
2421 5016 2665 5079 omnino
2720 5035 2838 5077 non
2892 5016 3186 5078 honorant
3241 5014 3485 5097 Filium,
3519 5023 3577 5077 et
3610 5035 3744 5078 cum

2097 5108 2316 5172 Judaais
2346 5107 2719 5169 ordinantur.
2748 5107 2854 5167 Vel
2887 5107 2935 5168 si
2963 5105 3205 5188 quidem
3258 5106 3554 5167 honorant
3584 5125 3743 5181 eum,

2099 5199 2393 5260 honorant
2422 5214 2559 5259 vero
2597 5204 2661 5257 ut
2690 5195 3225 5270 creaturam,decet
3254 5202 3450 5257 autem
3482 5195 3749 5258 honora-

2098 5289 2144 5349 ri
2177 5289 2369 5369 ipsum
2403 5286 2557 5349 sicut
2582 5294 2641 5347 et
2665 5288 2926 5360 Patrem,
2959 5285 3396 5365 redarguuntur
3416 5285 3661 5346 omnino
3694 5294 3752 5345 et

2100 5383 2328 5439 Patrem
2363 5378 2513 5438 sicut
2563 5383 2837 5438 creatura
2876 5375 3195 5437 honorare.
3225 5375 3297 5436 Et
3325 5375 3498 5436 aliter
3528 5393 3748 5436 secun-

2095 5469 2232 5531 dum
2257 5467 2369 5529 hoc
2381 5465 2535 5549 quod
2551 5464 3153 5545 subditur,quomodo
3169 5464 3463 5525 honorant
3486 5464 3719 5525 Patrem
3734 5537 3750 5567 ι

1432 5599 1517 5662 Ex
1557 5597 1884 5662 collatione
1912 5601 2086 5665 Codd.
2125 5601 2338 5665 Venet.
2371 5599 2431 5664 S.
2461 5600 2661 5662 Marci.

576 5741 721 5805 C06.
758 5745 860 5817 26,
893 5740 1077 5807 ἔπειδή
1120 5742 1416 5817 εὐεργετῶν
1439 5738 1556 5798 οὐκ,
