4178 6428
347 355 498 420 1273

1065 357 1510 424 ENARRATIO
1557 360 1638 420 ΙΝ
1688 355 2201 421 EVANGELIUM
2247 359 2593 421 JOANNIS.
2637 392 2713 403 —
2759 359 2924 420 CAP.
2954 360 3027 420 V.

3585 351 3739 416 1274

361 499 403 550 0
471 490 572 571 γὰρ
619 492 874 572 πεισθεὶς,
930 491 1013 549 ὅτι
1067 492 1155 548 καὶ
1183 491 1564 573 ἀναστήσεται,
1592 492 1681 549 καὶ
1711 492 1855 566 αὐτῷ
1881 489 1970 548 δώ·

2076 489 2153 552 sit
2181 499 2533 572 recepturus
2550 491 2899 556 delictorum
2920 509 3150 574 pinnas,
3176 491 3422 554 omnino
3453 490 3638 554 currit
3663 486 3740 548 ad

341 603 420 639 σει
477 582 572 648 τὰς
646 583 862 646 εὐθύνας
933 587 1042 638 τῶν
1115 579 1692 659 πεπλημμελημένων,
1724 579 1994 662 προσδρα-

340 685 522 750 μεῖται
580 671 793 736 πάντως
871 670 1035 748 «ora,
1118 670 1473 748 ἐξιλεούμενος
1512 673 1688 746 οὖτὸν,
1753 675 1826 738 ὣς
1859 669 1994 748 μέλ-

338 755 504 819 λοντα
569 762 732 818 αὐτοῦ.
756 761 946 842 κριτὴν
988 760 1222 825 ἔσεσθαι.
1286 762 1373 832 Μὴ
1428 764 1720 840 θαυμάζετε
1763 760 1841 837 δὲ,
1913 761 1993 818 ὅτι

340 853 457 917 Υἱὸς
515 851 787 930 ἀνθρώπου
857 851 1019 915 ἐστίν.
1081 853 1138 910 Εἰ
1194 852 1293 933 γὰρ
1364 852 1452 910 καὶ
1528 854 1648 917 Υἱὸς
1717 852 1992 933 ἀνθρώπου

337 940 500 1015 ἐστὶν,
551 938 686 998 ἀλλᾶ
743 942 832 998 καὶ
889 941 1020 1006 Θεός
1077 939 1245 998 ἐστιν·
1278 941 1417 999 ὥστε
1487 941 1587 1008 τὴν
1617 941 1787 1022 κρίσιν
1844 941 1990 999 sind-

335 1052 441 1094 τως
505 1029 650 1109 ἔχει,
721 1031 797 1094 ὡς
854 1031 976 1094 Υἱὸς
1009 1032 1160 1090 Θεοῦ.
1197 1031 1256 1089 Εἰ
1297 1027 1352 1087 δὲ
1380 1031 1468 1088 καὶ
1524 1027 1796 1110 ἅνθρωπος
1818 1033 1994 1112 φαίνε-

335 1142 446 1200 ται,
480 1118 558 1196 μή
603 1122 922 1196 θαυμάζετε.
954 1121 1070 1198 Χρὴ
1144 1118 1198 1176 δὲ
1252 1122 1556 1199 γινώσκειν,
1601 1120 1682 1178 ὅτι
1725 1121 1934 1186 Παῦλος
1964 1121 1992 1178 ὀ

335 1209 702 1289 Σαμοσατεὺς,
761 1208 920 1286 ψιλὸν
991 1208 1264 1290 ἄνθρωπον
1317 1207 1649 1289 δογματίζων
1733 1214 1825 1269 τὸν
1881 1211 1990 1270 Κύ-

365 1321 465 1373 ιον,
525 1297 691 1362 οὕτως
741 1298 1058 1378 ἀνεγίνωσκε
1146 1309 1300 1360 τοῦτο
1370 1301 1432 1356 τὸ
1516 1301 1738 1382 χωρίον’
1803 1324 1830 1356 α
1893 1302 1990 1360 Καὶ

365 1321 465 1373 ιον,
525 1321 691 1362 ουτως
741 1321 1058 1378 ανεγινωσκε
1146 1321 1300 1360 τουτο
1370 1321 1432 1356 το
1516 1321 1738 1382 χωριονο
1803 1324 1830 1356 α
1895 1321 1989 1360 και

329 1321 564 1456 ἷξουσίαν
622 1385 816 1444 ἔδωκεν
872 1387 1038 1466 αὐτῷ,
1099 1390 1188 1446 καὶ
1236 1389 1406 1468 κρίσιν
1472 1403 1676 1471 ποιεῖν,
1729 1389 1814 1471 ότι
1870 1391 1989 1456 Υἱὸς

327 1478 606 1557 ἀνθρώπου
637 1475 798 1533 ἐστίν’
883 1499 907 1535 ν
972 1471 1194 1537 ενταῦθα
1265 1476 1322 1534 δὲ
1383 1478 1598 1555 στίζων,
1661 1467 1766 1535 ἀπ’
1818 1477 1988 1546 ἃλλης

327 1555 509 1648 ἀρχῆς
540 1567 860 1647 ἀνεγίνωσκε
890 1570 974 1642 τὶ,
1006 1590 1028 1624 ι
1067 1569 1156 1638 Μὴ
1186 1567 1478 1645 θαυμάζετε
1508 1574 1686 1631 τοῦτο.
1714 1589 1744 1628 ι
1787 1567 1987 1636 ’Λνόη-

326 1678 419 1713 τον
448 1653 503 1713 δὲ
532 1655 750 1724 τελείως
783 1656 892 1713 ἐστὶ
921 1659 983 1714 τὸ
1037 1657 1204 1721 οὕτως
1261 1657 1665 1737 ἀναγινώσκειν.
1719 1659 1830 1726 Τὴν
1887 1659 1987 1738 γὰρ

325 1747 496 1826 κρίσιν
551 1743 743 1803 δέδωκε
773 1749 852 1822 τῷ
925 1748 1027 1822 Υἱῷ
1057 1748 1085 1804 ὀ
1118 1747 1326 1826 Πατὴρ,
1360 1749 1463 1830 οὔχ
1491 1745 1574 1804 ὅτι
1609 1750 1727 1812 Υἱὸς
1777 1748 1985 1824 ἀνθρώ-

324 1857 428 1893 που
486 1835 648 1910 ἐστὶν,
701 1833 819 1892 ἀλλ’
867 1833 948 1893 ὅτι
982 1837 1138 1902 Θεός,
1171 1835 1413 1901 Ἐκεῖνος
1457 1837 1556 1912 μὲν
1587 1839 1675 1895 οὗν
1720 1842 1798 1914 μὴ
1827 1836 1984 1919 δεχό-

324 1948 485 2002 μενος
557 1927 730 1983 εἰπεῖν
793 1927 883 1983 τὸν
915 1928 1140 2006 Χριστὸν
1169 1928 1322 2005 Θεὸν,
1369 1925 1491 1984 ἀλλ’
1523 1929 1643 1984 Υἱδν
1681 1928 1977 2007 ἀνθρώπου,

323 2013 489 2080 οὕτως
547 2015 690 2073 ἐνόεί
740 2016 928 2096 κριτὴν
973 2017 1130 2074 αὒτὸν
1170 2017 1342 2091 εἶναι,
1388 2019 1493 2098 οὐχ
1535 2019 1608 2083 ὼς
1655 2018 1810 2098 Θεὸν,
1858 2017 1981 2075 ἀλλ’

251 2182 254 2185 Α
319 2107 396 2172 ὡς
454 2107 575 2163 Υἱὸν
604 2105 901 2186 ἀνθρώπου·
949 2108 1112 2183 ἡμεῖς
1146 2105 1200 2164 δὲ
1233 2106 1371 2164 οὕτω
1420 2109 1664 2182 νοοῦμεν,
1711 2108 1787 2172 ὡς
1817 2104 1980 2186 εἴρη-

319 2218 432 2258 ται.
483 2195 659 2254 Εἰπὼν
723 2193 781 2251 δὲ
833 2196 952 2275 περὶ
1023 2196 1123 2265 τῆς
1183 2196 1405 2274 μερικῆς
1490 2195 1853 2267 ἀναστάσεως,
1886 2205 1979 2254 τοῦ

321 2286 584 2364 Λαζάρου,
651 2285 790 2365 φημὶ
871 2287 960 2343 καὶ
1017 2293 1124 2343 τῶν
1181 2285 1382 2362 ἄλλων,
1444 2285 1499 2343 οἵ
1557 2284 1722 2343 πάλαι
1772 2284 1976 2355 δηλαδή

319 2373 528 2450 ἔθανον,
594 2384 679 2434 νῦν
737 2373 881 2454 λέγει
936 2378 1182 2456 περὶτῆς
1239 2375 1486 2433 καθόλου⁶
1541 2395 1572 2435 (
1601 2375 1724 2435 ’Ὅτι
1757 2379 1976 2456 ἔρχεται

319 2463 458 2544 ὥρα,
511 2463 564 2521 ἐν
633 2467 671 2542 ᾗ
699 2467 746 2522 οἱ
776 2464 833 2522 ἐν
875 2479 995 2530 τοῖς
1052 2466 1330 2544 μνημείοις
1364 2466 1678 2524 ἀκούσονται
1731 2465 1825 2536 τῆς
1856 2491 1964 2547 φω-

320 2563 417 2627 νῆς
473 2563 565 2613 τοῦ
619 2563 770 2614 Θεοῦ’
837 2580 859 2611 ι
919 2559 1037 2637 περῖ
1094 2562 1194 2626 τῆς
1251 2555 1541 2625 καθολικῆς
1597 2557 1697 2637 γὰρ
1737 2556 1973 2636 ἀναστά-

319 2667 457 2710 σεως
516 2646 737 2704 ἐνταῦθά
787 2669 967 2725 φησιν.
1021 2645 1239 2715 Ἐπειδή
1277 2645 1332 2704 δὲ
1375 2660 1528 2704 εῖπεν
1576 2646 1848 2727 ἀνωτέρω,
1899 2647 1979 2704 ὅτι

327 2758 356 2789 α
396 2733 458 2794 Ὀ
517 2736 802 2809 πιστεύων,
865 2737 938 2804 εἷς
985 2737 1149 2818 κρίσιν
1173 2739 1270 2794 οὒκ
1298 2735 1538 2818 ἔρχεται,
1581 2759 1605 2791 ιι
1652 2735 1746 2793 ἵνα
1778 2737 1856 2813 μὴ
1881 2759 1976 2793 νο-

325 2825 594 2900 μίσωμεν,
645 2823 726 2880 ὅτι
769 2827 805 2894 ἡ
849 2828 1024 2894 πίστις
1057 2828 1198 2902 μόνη
1230 2828 1304 2892 εἰς
1335 2830 1603 2906 σωτηρίαν
1646 2827 1825 2906 ἀρκεῖ,
1862 2851 1975 2908 φη-

318 2913 426 2993 σὶν,
498 2911 580 2969 ὅτι
619 2935 642 2967 ιι
676 2909 1120 2990 Ἀναστήσονται,
1149 2917 1196 2972 οἱ
1226 2917 1292 2974 τὰ
1331 2914 1505 2997 φαυλα
1538 2914 1825 2996 πράξαντες
1898 2919 1972 2982 εἰς

314 3001 602 3060 ἀνάστασιν
673 3003 920 3080 κρίσεως,
983 3005 1030 3060 οἱ
1109 3007 1175 3061 τὰ
1270 3005 1464 3085 ἀγαθὰ,
1548 3007 1619 3073 εἷς
1687 3005 1974 3064 ἀνάστασιν

312 3091 478 3166 ζωῆς,
513 3117 534 3150 ο
575 3094 684 3152 Οὔκ
711 3090 812 3174 ἄρα
839 3095 874 3162 ἡ
920 3094 1096 3159 πίστις
1129 3095 1269 3169 μόνη
1303 3099 1470 3176 χωρὶς
1516 3096 1686 3176 ἔργων
1745 3095 1968 3170 δικαιοῖ,

2079 580 2272 662 ipsum
2329 582 2638 666 placatque
2693 592 2750 644 et
2798 602 2971 646 suum
3018 582 3278 644 futurum
3321 581 3588 662 judieem
3644 581 3739 643 Ne

2077 671 2458 736 admiremini
2486 683 2684 736 autem
2717 673 2876 754 quod
2906 671 3092 735 Filius
3143 670 3402 734 hominis
3433 679 3564 745 est;
3600 685 3736 729 nam

2079 761 2346 842 quamvis
2372 761 2559 825 Filius
2591 763 2878 843 hominis,
2912 773 3002 824 est
3033 771 3230 824 tamen
3265 768 3324 823 et
3345 760 3523 822 Deus.
3556 758 3628 821 Et
3659 758 3737 819 ita

2071 849 2367 931 judicium
2396 853 2608 914 merito
2639 851 2821 914 habet
2870 853 3020 914 sicut
3050 851 3239 915 Filius
3269 850 3402 913 Dei.
3437 847 3499 912 Si
3531 855 3730 910 autem

2077 949 2137 1002 et
2153 939 2331 1002 homo
2361 949 2748 1021 appareat,ne
2772 939 3508 1005 admireminiSciendum
3529 949 3727 1000 autem

2076 1031 2233 1111 quod
2257 1028 2472 1091 Paulus
2496 1029 2918 1094 Samosatenus
2941 1032 3164 1092 docens
3180 1029 3498 1092 Dominum
3518 1044 3728 1109 purum

2078 1134 2211 1182 esse
2240 1119 2665 1191 llominem,sic
2697 1119 3020 1199 legithunc
3051 1121 3246 1184 locum
3287 1141 3300 1183 :
3376 1118 3446 1180 Et
3473 1124 3730 1199 potesta-

2078 1217 2196 1269 tem
2221 1208 2384 1270 dedit
2408 1211 2459 1270 ei
2473 1210 2771 1290 judicium
2794 1210 3225 1290 faciendi,quia
3253 1208 3437 1272 Filius
3468 1205 3729 1269 hominis

2074 1305 2177 1360 est.
2213 1320 2238 1357 ι)
2275 1296 2398 1360 Hoc
2455 1307 2650 1360 autem
2696 1299 2826 1362 loco
2879 1309 3161 1380 punctum
3214 1298 3462 1377 faciens,
3495 1296 3567 1358 ab
3609 1294 3724 1358 alio

2075 1387 2372 1468 principio
2401 1387 2699 1467 legit.«Ne
2722 1388 3100 1452 admiremini
3131 1386 3497 1452 hoc.nValde
3525 1393 3724 1447 autem

2071 1477 2313 1538 stultum
2348 1487 2435 1540 est
2464 1477 2551 1540 sic
2582 1479 2804 1558 legere.
2839 1478 2967 1541 Non
2993 1479 3152 1541 enim
3179 1479 3344 1541 dedit
3375 1480 3548 1540 Pater
3578 1473 3725 1538 Filio

2061 1565 2360 1645 judicium
2389 1569 2550 1649 quod
2584 1569 2766 1630 Filius
2807 1569 3068 1631 hominis
3099 1570 3198 1643 sit,
3231 1566 3342 1630 sed.
3372 1566 3508 1648 quia
3540 1567 3720 1629 Deus.

2068 1655 2382 1722 576Unde
2411 1657 2514 1720 ille
2535 1677 2653 1720 non
2681 1658 2908 1740 patiens
2925 1659 3269 1722 utChristats
3294 1658 3526 1719 dicatur
3541 1655 3720 1726 Deus,

2009 1748 2172 1836 Bsed
2234 1747 2417 1811 Filius
2466 1749 2748 1831 hominis,
2784 1750 2836 1811 si
2888 1750 3182 1830 cogitabat
3231 1747 3496 1827 judicem
3552 1744 3720 1836 illum

2067 1855 2223 1914 esse,
2257 1857 2376 1900 non
2409 1847 2469 1899 ut
2504 1841 2714 1912 Deum,
2756 1839 2860 1902 sed
2913 1849 2973 1900 ut
3015 1839 3228 1902 Filium
3285 1837 3566 1899 hominis.
3602 1833 3722 1896 Nos

2065 1935 2265 1990 autem
2298 1929 2384 1990 sic
2414 1927 2822 2008 intelligimus,
2858 1937 2922 1991 ut
2975 1929 3197 1991 dictum
3231 1937 3339 1990 est.
3394 1928 3718 2004 Postquam

2065 2027 2263 2078 autem
2309 2017 2459 2080 dixit
2499 2018 2574 2079 de
2617 2019 2955 2098 particulari
3001 2017 3472 2095 resurrectione,
3517 2013 3719 2077 Lazari

2067 2107 2342 2170 videlicet
2371 2116 2426 2168 et
2445 2108 2695 2169 aliorum
2747 2109 2846 2189 qui
2877 2111 3090 2171 iterum
3120 2107 3336 2169 mortui
3357 2111 3497 2167 sunt
3520 2123 3533 2167 :
3559 2122 3718 2165 nunc

2063 2195 2310 2259 dicitde
2341 2197 2699 2260 universali:
2743 2223 2762 2252 ε
2797 2197 2944 2271 Quia
3000 2198 3160 2260 venit
3211 2199 3358 2259 hora
3412 2195 3472 2256 in
3512 2212 3626 2274 qua
3657 2193 3717 2254 hi

2062 2287 2162 2367 qui
2193 2287 2254 2348 in
2289 2288 2692 2350 monumentis
2715 2288 3125 2362 sunt,audient
3145 2305 3351 2348 vocem
3389 2281 3714 2347 Dei.»Nam

2060 2375 2138 2436 de
2171 2376 2492 2438 universali
2526 2377 2966 2438 resurrectione
2989 2377 3084 2439 hic
3107 2375 3385 2457 loquitur.
3423 2371 3710 2446 Quo-niam

2061 2465 2295 2528 dixerat
2345 2467 2642 2548 superius,
2674 2491 2703 2524 ι
2735 2467 2842 2541 Qui
2893 2467 3102 2535 credit.
3151 2467 3208 2528 in
3265 2463 3551 2542 judicium
3597 2479 3714 2523 non

2059 2556 2241 2631 venit,
2273 2579 2296 2610 ν
2331 2574 2407 2618 ne
2440 2566 2714 2636 putemus
2771 2556 2932 2638 quod
2984 2557 3126 2620 ﬁdes
3169 2554 3292 2616 sola
3343 2553 3414 2615 ad
3461 2552 3711 2613 salutem

2064 2645 2346 2720 sufﬁciat,
2381 2646 2699 2728 dicitquod
2732 2673 2756 2703 α
2782 2647 3115 2727 Resurgent
3149 2646 3208 2708 hi
3241 2645 3336 2726 qui
3365 2643 3515 2704 mala
3544 2642 3710 2703 fece-

2061 2738 2292 2811 runt,in
2319 2736 2821 2798 resurrectionem
2847 2731 3491 2813 con‘demnationis;qui
3513 2738 3708 2792 autem

2061 2824 2237 2895 bona,
2283 2825 2344 2887 in
2393 2827 2892 2888 resurrectionem
2943 2829 3096 2900 vitaz,
3134 2847 3162 2884 ι
3202 2823 3330 2886 Νοῑι
3377 2822 3556 2902 igitur
3584 2819 3710 2880 sola

2059 2915 2208 2978 ﬁdes
2237 2915 2462 2997 absque
2487 2915 2768 2996 operibus
2796 2916 3104 2997 justiﬁcat,
3135 2914 3240 2976 sed
3264 2918 3499 2994 oportet
3531 2909 3707 2971 etiam

2057 3024 2237 3086 opera
2269 3005 2504 3080 adesse,
2531 3013 2669 3067 tunc
2692 3005 2850 3068 enim
2878 3005 3118 3086 prOprie
3146 3003 3292 3064 ﬁdes
3325 2999 3710 3066 est.Videau-

2059 3105 2174 3157 tem
2209 3095 2502 3175 geminam
2539 3095 2868 3157 doctrinam
2911 3094 3038 3156 ﬁeri
3073 3112 3179 3175 per
3220 3100 3442 3154 metum
3469 3101 3528 3151 et
3556 3087 3709 3150 laeti-

312 3181 449 3248 ἀλλὰ
505 3185 593 3240 καὶ
651 3183 716 3240 τὰ
758 3181 901 3268 Δἔργα
931 3199 1210 3265 προσεῖναι
1243 3184 1348 3244 δεῖ·
1382 3187 1504 3245 τότε
1531 3188 1632 3267 γὰρ
1661 3189 1750 3245 καὶ
1782 3189 1970 3268 κυρίως

2059 3186 2220 3248 tiam.
2264 3183 2410 3246 Nam
2437 3204 2568 3246 cum
2604 3184 2748 3247 dicit
2777 3183 3160 3248 condemnari
3193 3180 3376 3261 impia
3397 3178 3706 3255 facientes,

312 3274 485 3341 πίστις
542 3273 703 3332 ἐστίν.
757 3264 902 3356 ’Ὅρα
931 3264 987 3332 δὲ
1049 3273 1246 3344 διπλῆν
1302 3277 1400 3344 τὴν
1431 3264 1772 3336 διδασκαλίαν
1817 3264 1968 3356 γινο-

2056 3277 2338 3339 deterret.
2367 3273 2514 3337 Cum
2544 3284 2742 3337 autem
2771 3274 2912 3337 dicit
2945 3291 3260 3353 resurgere
3291 3271 3363 3333 ad
3389 3269 3564 3331 vitam
3603 3285 3706 3329 eos

311 3363 505 3440 μέθην,
567 3361 652 3424 διὰ
698 3363 864 3447 φόϐου
946 3366 1036 3424 καὶ
1092 3365 1433 3446 ἱλαρότητος.
1465 3367 1536 3424 Τὸ
1567 3367 1664 3442 μὲν
1690 3367 1790 3446 γὰρ
1811 3391 1974 3425 κατα-

2055 3367 2154 3449 qui
2181 3367 2334 3427 bona
2366 3365 2656 3440 fecerunt,
2693 3384 2798 3444 per
2823 3365 3086 3426 laetitiam
3110 3363 3480 3423 exhortatur.

245 3523 254 3532 ,
309 3457 557 3532 κριθῆναι
585 3455 709 3521 τοὺς
742 3457 807 3512 τὰ
850 3455 1025 3537 φαῦλα
1058 3457 1378 3536 πράξαντας,
1436 3455 1654 3538 ἐκφοϐεῖ
1688 3472 1702 3487 ⁹
1748 3459 1809 3514 τὸ
1843 3456 1896 3515 δὲ
1928 3459 2002 3522 εἶς
2059 3458 2203 3530 (oo-iv
2235 3456 2526 3523 ἀναστῆναι
2559 3457 2678 3520 τοὺς
2708 3457 2774 3511 τὰ
2804 3455 2971 3534 ἀγαθά
3003 3451 3324 3533 πράξαντας,
3357 3450 3424 3507 δι’
3455 3450 3706 3527 ἱλαρότη.

315 3563 410 3608 τος
419 3543 815 3625 προτρέπεται.

395 3653 419 3690 α
456 3636 539 3694 Οὔ*
585 3631 806 3711 δύναμαι
836 3635 946 3715 ἰγὼ
975 3648 1153 3693 ποιεῖν
1182 3631 1276 3694 ἀπ’
1308 3635 1538 3712 ἒμαυτοῦ
1571 3635 1739 3696 οὒδέν·
1791 3640 1962 3704 καθὼς

303 3721 505 3798 ἀκούω,
559 3724 748 3803 κρίνω,
802 3727 892 3782 καὶ
961 3728 996 3796 ἡ
1039 3727 1208 3807 κρίσις
1241 3728 1276 3795 ἡ
1307 3726 1414 3802 ἐμὴ
1439 3725 1614 3784 δικαία
1685 3727 1846 3786 ἐστίν·
1882 3727 1962 3784 ὅτι

304 3813 364 3868 οὗ
418 3818 566 3884 ζητῶ
621 3815 682 3870 τὸ
737 3813 947 3892 θέλημα
1011 3817 1073 3872 τὸ
1143 3817 1300 3891 ἐμὸν,
1345 3815 1483 3873 ἀλλά
1538 3818 1599 3873 τὺ
1628 3815 1837 3893 θέλημα
1870 3825 1962 3874 τοῦ

300 3901 615 3987 πέμψαντός,
671 3924 738 3981 με
793 3905 1022 3987 Πατρός.
1082 3927 1105 3964 ι
1151 3907 1292 3964 Καθά
1336 3906 1421 3962 καὶ
1454 3906 1508 3964 ἐν
1537 3920 1655 3971 τοῖς
1712 3907 1962 3987 ἀνωτέρω

297 3990 572 4067 λέλεκται,
631 3995 730 4063 τὴν
794 3995 1190 4076 ἀπαραλλαξίαν
1247 4003 1341 4054 τοό
1397 4000 1517 4054 1⁸ἱοῦ
1558 3999 1692 4078 πρὸς
1720 3999 1812 4055 τὸν
1843 4005 1962 4056 Πα-

297 4081 422 4162 τέρα
491 4081 836 4146 ἐνδείκνυνται
916 4086 1081 4144 ταῦτα
1111 4088 1178 4142 τὰ
1219 4088 1454 4166 ῥήματα,
1487 4089 1571 4151 τὸ.
1609 4110 1632 4144 ι
1671 4089 1744 4146 Οὐ
1799 4086 1960 4145 δύνα-

298 4194 397 4246 μαι
428 4172 538 4250 ἐγὼ
571 4187 744 4233 ποιεῖν
775 4173 870 4232 ἀπ’
915 4176 1146 4253 ἐμαυτοῦ
1176 4175 1346 4257 οὐδὲν,
1382 4201 1410 4233 ι
1459 4180 1548 4236 καὶ
1587 4177 1686 4236 ὅσα
1717 4179 1961 4238 τοιουτό-

297 4283 491 4339 τροπα.
552 4259 711 4320 Οὖδέν
767 4265 869 4344 γὰρ
927 4263 1073 4330 ξένον
1127 4269 1216 4324 καὶ
1270 4266 1548 4347 ἀλλότριον
1605 4269 1700 4326 τοῦ
1753 4270 1961 4347 Πατρὸς

293 4346 524 4434 δύναμαι
593 4349 702 4433 ἐγὼ
754 4367 956 4411 ποιεῖν’
990 4353 1108 4412 οὔτε
1153 4358 1252 4436 γὰρ
1311 4346 1521 4433 θέλημα
1575 4356 1694 4438 ’έχω
1737 4346 1958 4415 ἀλλοῖον

292 4443 472 4521 παράι
510 4443 571 4500 τὸ
628 4445 910 4525 πατρικὸν,
980 4441 1096 4500 οὔτε
1156 4443 1393 4524 δύναμιν,
1457 4449 1641 4508 Καθὼς
1671 4443 1726 4502 δὲ
1778 4447 1958 4504 ἀκούω

2129 3635 2316 3700 Vsus.
2349 3636 2452 3698 30.
2493 3660 2518 3691 α
2555 3639 2685 3699 Νοη
2714 3653 2953 3716 possum
2987 3653 3095 3715 ego
3127 3655 3197 3697 ex
3230 3631 3459 3713 meipso
3502 3629 3704 3691 facere

2049 3725 2372 3807 quidquam
2412 3747 2425 3789 :
2460 3725 2615 3786 sicut
2639 3724 3068 3805 audio,judico,
3095 3721 3467 3804 etjndicium
3502 3737 3702 3781 meum

2041 3817 2271 3898 justum
2320 3823 2430 3892 est;
2483 3816 2620 3898 quia
2671 3835 2788 3876 non
2819 3833 3022 3896 quaero
3057 3816 3416 3876 voluntatem
3479 3828 3698 3881 meam,

2049 3906 2158 3969 sed
2181 3907 2546 3968 voluntatem
2590 3905 2741 3985 ejus,
2777 3905 2879 3986 qui
2911 3903 3068 3965 misit
3096 3923 3191 3966 me
3215 3901 3428 3966 Patris.
3471 3925 3494 3955 »ι
3532 3898 3703 3962 Sicut

2047 4003 2106 4058 et
2135 3995 2196 4058 in
2231 3994 2642 4077 superioribus
2675 3993 2897 4056 dictum
2931 4002 3043 4063 est,
3071 3993 3279 4055 eadem
3305 3990 3492 4054 Patris
3525 3997 3582 4051 et
3602 3989 3703 4052 Fi-

2046 4085 2110 4148 lii
2139 4093 2402 4166 potestas
2429 4085 2764 4146 ostenditur
2793 4083 2957 4147 hisce
2982 4083 3202 4158 verbis,
3242 4106 3264 4138 c
3291 4080 3421 4144 Non
3458 4098 3699 4162 possum

2046 4191 2156 4253 ego
2179 4175 2375 4236 facere
2407 4193 2474 4235 ex
2509 4173 2738 4254 meipso
2765 4173 3135 4254 quidquam:
3181 4198 3204 4229 η
3242 4182 3302 4236 et
3332 4188 3703 4253 quaecunque

2045 4265 2223 4346 hujus
2247 4263 2486 4345 generis
2517 4263 2850 4327 sunt.i\‘ihi|
2879 4263 3039 4325 enim
3071 4263 3332 4325 alienum
3359 4269 3417 4323 et
3437 4258 3702 4340 peregri-

2046 4373 2185 4416 num
2213 4374 2246 4415 a
2269 4353 2439 4416 Patre
2472 4373 2578 4433 ego
2601 4371 2836 4432 possum
2861 4353 3287 4433 faceregneque
3316 4349 3475 4411 enim
3497 4348 3700 4409 volun-

2044 4451 2220 4505 tatem
2254 4443 2432 4506 aliam
2468 4442 2660 4504 habeo
2685 4450 2901 4522 praxter
2923 4450 3254 4522 paternam,
3291 4456 3486 4520 neque
3515 4435 3696 4499 aliam

295 4531 438 4612 παρὰ
497 4542 590 4595 τοῦ
645 4535 878 4614 Πατρὸς,
930 4533 1068 4591 οὕτω
1145 4535 1325 4612 κρίνω*
1402 4535 1691 4612 τουτέστιν,
1766 4538 1840 4602 ὡς
1894 4535 1956 4592 ἂν

2056 4529 2648 4614 μοιεδιοιειηΝετιιῐη
2677 4531 2831 4592 sicut
2860 4530 3033 4592 audio
3064 4549 3096 4592 a
3127 4533 3318 4602 Patre,
3341 4529 3421 4589 ita
3446 4525 3651 4607 judico
3679 4541 3691 4586 :

292 4620 450 4688 αὐτὸς
503 4623 532 4679 ὁ
615 4625 800 4705 Πατὴρ
872 4625 1060 4704 κρίνει,
1098 4623 1234 4682 οὕτω
1264 4625 1437 4704 κάγὼ,
1486 4631 1660 4683 Ταῦτα
1703 4623 1757 4680 δὲ
1807 4623 1953 4705 λέγει

293 4708 378 4774 διὰ
435 4713 512 4776 τὸ,
529 4709 729 4789 δεῖξαι,
754 4717 828 4778 ὡς
885 4712 1145 4781 πολλάκις
1185 4717 1415 4796 ἔφημεν,
1450 4715 1510 4772 τό
1541 4712 1953 4796 ἀπαράλλακτον

293 4802 381 4857 καὶ
437 4803 498 4858 ἓν
549 4802 746 4884 ἔργοις,
780 4806 868 4862 καὶ
897 4803 1099 4884 λόγοις,
1145 4807 1235 4862 καὶ
1264 4795 1521 4884 κρίσεσιν.
1573 4795 1698 4862 ιἰνα
1741 4805 1841 4884 γὰρ
1872 4806 1950 4881 μὴ

292 4911 455 4965 τινες,
546 4892 819 4967 ἄνθρωπον
905 4896 1130 4976 ὁρῶντες
1211 4895 1395 4976 αὐτὸν,
1481 4893 1949 4977 σκανδαλίζωνται,

291 4987 409 5054 πῶς
471 4982 498 5036 ὃ
569 4985 888 5063 φαινόμενος
975 4984 1245 5065 ἅνθρωπος
1301 4983 1503 5042 δικαίαν
1556 4987 1724 5065 κρίσιν
1780 4985 1951 5054 ποιή-

288 5090 455 5149 σειεν,
499 5079 611 5152 ότοῠ
675 5073 842 5132 Δαυίδ
897 5073 1160 5148 εἰπόντος,
1229 5098 1256 5129 α
1311 5081 1418 5140 Πᾶς
1479 5074 1750 5154 ἄνθρωπος
1813 5075 1950 5149 ψεύ-

287 5177 448 5228 στης⁹
515 5183 538 5217 ι
605 5159 794 5242 ἔφθασε
839 5164 937 5240 μὲν
969 5166 1153 5240 εἰπὼν,
1188 5165 1268 5221 ὃτι
1323 5166 1410 5235 Μὴ
1451 5165 1766 5242 θαυμάζετε,
1817 5163 1949 5220 διότι

291 5251 411 5314 Υἱός
471 5249 746 5331 ἀνθρώπου
777 5254 904 5331 εἰμί·
941 5253 1086 5334 λέγει
1165 5250 1219 5310 δὲ
1249 5256 1338 5312 καὶ
1368 5264 1480 5336 νῦν,
1533 5257 1613 5314 ὁτι
1669 5255 1856 5311 Δικαία
1911 5255 1945 5323 ἡ

289 5341 456 5419 κρίσις
519 5343 621 5418 μού
683 5343 819 5419 ἐστι,
879 5345 1007 5401 καθό
1065 5345 1248 5424 κρίνω,
1281 5346 1354 5408 ὡς
1381 5344 1692 5402 ἀκούωτοῦ
1739 5342 1944 5422 Πατρός

289 5451 395 5520 μου
451 5431 738 5516 κρίνοντος.
959 5433 1060 5520 γὰρ
1124 5433 1185 5490 τό
1217 5431 1344 5510 ἐμόν
1375 5432 1582 5508 θέλημα
1607 5433 1776 5508 ζητῶ,
1810 5431 1948 5489 ἀλλά

288 5517 356 5582 τό,
397 5514 492 5577 τοῦ
536 5523 777 5604 Πατρός.
815 5514 872 5584 ι0
916 5514 1013 5601 μέν
1043 5521 1211 5581 θέλων
1253 5524 1313 5581 τό
1357 5525 1542 5582 ἑαυτοῦ
1569 5521 1817 5602 βούλημα
1848 5544 1946 5579 κυ-

367 5683 463 5744 ‘8’“
496 5691 650 5759 Psal.
683 5708 818 5771 cxv,
855 5694 957 5756 tt.

571 5858 574 5860 τ
584 5837 603 5888 3

562 5892 610 5950 EI,

2040 4624 2154 4683 hoc
2183 4632 2290 4696 est,
2321 4621 2472 4683 sicut
2519 4620 2648 4701 ipse
2696 4619 2867 4683 Pater
2890 4620 3143 4698 judicat,
3181 4621 3260 4680 ita
3303 4626 3362 4680 et
3395 4637 3525 4696 ego.
3559 4614 3697 4678 Haec

2035 4722 2232 4774 autem
2260 4711 2409 4774 dicit
2431 4719 2496 4773 ut
2516 4709 2809 4785 ostendat,
2837 4710 2989 4772 sicut
3008 4726 3164 4789 saepe
3183 4706 3535 4787 diximus,in
3558 4705 3694 4767 nul-

2039 4804 2091 4862 lo
2125 4800 2470 4863 sibideesse
2511 4800 2732 4881 aliquid
2760 4818 2793 4860 a
2825 4799 3018 4875 Patre,
3053 4801 3176 4861 sive
3201 4799 3258 4859 in
3283 4795 3692 4870 sermonibus,

2038 4891 2162 4953 sive
2185 4891 2244 4951 in
2267 4889 2573 4971 operibus,
2600 4889 2722 4951 sive
2777 4891 2833 4950 in
2860 4888 3130 4970 judiciis.
3183 4886 3327 4948 Nam
3363 4887 3431 4946 ut'
3455 4905 3530 4948 ne
3559 4885 3694 4966 qui-

2032 4979 2170 5043 dam
2206 4980 2508 5042 hominem
2551 4979 2819 5042 Videntes
2877 4997 3012 5040 eum
3048 4976 3513 5047 oﬂ‘enderentur,
3539 4994 3692 5055 quo-

2039 5069 2216 5131 modo
2241 5088 2374 5131 cum
2397 5078 2682 5151 appareat
2704 5070 3140 5148 homo,justum
3171 5066 3345 5128 faciat
3368 5063 3692 5145 judicium,

2035 5179 2171 5223 cum
2210 5159 2388 5221 David
2421 5159 2578 5221 dicat
2612 5177 2624 5221 :
2666 5183 2686 5210 ι
2719 5156 2928 5221 Omnis
2979 5158 3155 5220 homo
3213 5153 3462 5217 mendax
3483 5153 3566 5203 εδ·
3604 5174 3619 5233 ;
3658 5175 3686 5212 ι

2035 5249 2320 5332 praevenit
2378 5249 2647 5330 quidem,
2697 5248 2906 5310 dicens
2942 5269 2952 5306 :
2990 5245 3075 5309 Ne
3118 5242 3495 5307 admiremini
3525 5243 3601 5332 de
3620 5259 3692 5304 eo

2031 5331 2187 5422 quod
2222 5337 2404 5399 Filius
2437 5337 2696 5400 hominis
2727 5355 2883 5410 sum;
2913 5356 3045 5398 nam
3080 5348 3134 5396 et
3171 5337 3328 5398 Deus
3359 5352 3515 5396 sum.
3543 5331 3694 5393 Dicit

2033 5429 2370 5491 aliteszt
2419 5448 2578 5490 nunc
2623 5428 2851 5508 justum
2896 5425 3188 5506 judicium
3246 5442 3442 5484 meum
3476 5431 3588 5502 est,
3621 5441 3691 5482 eo

2033 5519 2189 5602 quod
2207 5517 2414 5599 judico
2445 5517 2601 5580 sicut
2624 5517 2801 5582 audio
2823 5517 3054 5578 Patrem
3079 5530 3274 5575 meum
3289 5511 3688 5596 judicautem.
