4178 6424
344 409 498 473 1277

1119 409 1565 476 ENARRATIO
1622 413 1705 477 IN
1752 412 2267 476 EVANGELIUM
2308 411 2651 477 JOANNIS.
2702 444 2774 454 —
2820 413 2985 475 CAP.
3032 412 3108 474 V.

3589 377 3738 471 i278

334 545 389 604 δέ
447 546 734 624 καιόμενον
789 548 879 604 τὸν
938 545 1193 615 ἰωάννην
1250 549 1401 629 φησὶ,
1467 549 1642 613 καθὼς
1671 550 1759 606 καὶ
1790 549 1851 607 ἐκ
1894 553 1998 626 γῆς

2088 544 2333 607 moriarr
2358 544 2582 608 reduco
2613 545 2859 610 Joannis
2891 542 3328 619 testimonium;
3354 540 3554 603 omnia
3583 540 3735 602 facio

336 640 463 716 εἶχε
492 636 593 705 τὴν
621 634 929 710 διάπλασιν,
972 638 1061 693 καὶ
1090 638 1186 695 οῦκ
1216 638 1426 695 οἴκοθεν
1462 639 1523 694 τὸ
1566 644 1702 718 φῶς,
1736 637 1855 718 αλλ’
1888 640 1995 696 ἀπὸ

504 732 598 784 τοῦ
634 727 939 802 Πνεύματος
971 727 1192 806 χάριτος
1224 728 1311 785 καὶ
1341 707 1696 805 πρόσκαιρον,⁷
1736 707 1895 804 "Ap:
1938 751 1991 785 τε

336 817 435 895 γὰρ
495 815 662 897 ἐφάνη
722 817 757 885 ἡ
811 823 903 872 τοῦ
979 816 1168 897 Κυρίου
1237 817 1435 897 ὴμέρα,
1482 816 1603 885 ἢτοι
1660 816 1988 890 διδασκαλίαι,

335 907 423 962 καὶ
494 904 766 983 ἀπεκρύόη
829 908 856 961 ὁ
927 904 1149 986 λύχνος.
1214 898 1403 983 ’Υμεῖς
1434 905 1512 977 δὲ,
1545 908 1678 985 πρὸς
1706 909 1847 986 ὥραν
1896 909 1992 984 μὲν

336 991 651 1060 ἀπεδέξασθε
722 996 788 1051 τὰ
860 995 1114 1074 εἰρημένα
1172 994 1297 1076 παρ’
1353 997 1529 1070 αὐτοῦ,
1578 997 1665 1053 καὶ
1725 996 1991 1075 ἠγαλλιά-

336 1088 497 1152 σθητε
527 1084 583 1140 ἐν
666 1086 829 1159 αῦτῷο
895 1084 1019 1142 εἶτα
1073 1084 1445 1162 ἐπιλαθόμενοι
1475 1082 1549 1142 ὧν
1578 1088 1695 1166 περὶ
1742 1087 1873 1160 ἐμοῦ
1902 1091 1990 1145 εἱ-

336 1194 459 1247 πεν,
520 1172 762 1250 ἐμείνατε
818 1174 906 1230 ἐπὶ
959 1179 1059 1241 τῆς
1138 1174 1395 1254 προτέρας
1440 1175 1710 1240 ἀπιστίας.
1774 1179 1832 1235 Εἰ
1890 1178 1991 1256 γὰρ

339 1262 526 1335 ἐκείνῳ
580 1262 719 1329 ἅπαξ
786 1261 1013 1341 βεϐαίως
1046 1263 1413 1345 ἐπιστεύσατε,
1489 1265 1704 1345 ταχέως
1736 1264 1797 1322 ἄν
1853 1268 2003 1340 ῦμᾶςε

341 1354 474 1431 πρὸς
504 1352 601 1420 τὴν
634 1352 770 1429 ἐμὴν
796 1352 855 1432 ἐγ
870 1352 1203 1435 ειραγώγησε
1227 1356 1421 1418 πίστιν.

426 1643 454 1677 ε
501 1619 646 1700 Ἐγὼ
695 1620 749 1678 δὲ
809 1619 927 1703 ἔχω
981 1624 1080 1690 τὴν
1154 1624 1440 1703 μαρτυρίαν
1484 1633 1652 1700 μειζω
1678 1634 1771 1683 τοῦ
1801 1625 1990 1684 ἰωάν-

342 1733 451 1775 νου.
526 1712 603 1770 Τὰ
660 1712 761 1791 γὰρ
820 1709 950 1791 ἔργα
1019 1711 1053 1770 ἅ
1095 1710 1261 1770 ἔδωκέ
1319 1736 1410 1788 μοι
1466 1716 1493 1771 ὃ
1539 1717 1744 1797 Πατήρ,
1778 1714 1870 1772 ἵνα
1900 1737 1993 1772 τε-

2082 642 2139 694 ct
2159 634 2383 714 recipio
2416 634 2594 697 etiam
2630 636 2867 715 indigna
2904 652 3036 696 mea
3064 632 3308 706 deitate,
3346 639 3408 693 ut
3455 649 3557 692 vos
3587 629 3731 692 salvi

2081 722 2255 787 ﬁatis.
2291 724 2617 787 Lucernam
2664 734 2858 789 autem
2896 724 3206 786 ardentem
3236 722 3527 784 Joannem
3562 719 3727 795 dicit,

2076 830 2147 873 eo
2178 814 2335 894 quod
2369 816 2446 875 de
2472 823 2627 876 terra
2645 814 2823 877 habet
2853 813 3364 887 formationem,et
3395 830 3510 873 non
3538 829 3644 890 per
3664 829 3729 873 se

2074 903 2270 984 ipsum
2300 916 2389 965 est
2423 904 2646 977 lumen,
2684 904 2786 965 sed
2807 923 2837 964 a
2860 903 3045 982 gratia
3087 900 3364 983 Spiritus,
3395 919 3463 961 ac
3489 908 3725 979 tempo-

2075 992 2323 1055 rarium.
2361 998 2433 1055 At
2457 992 2555 1054 ubi
2585 994 2852 1074 apparuit
2883 992 3012 1054 dies
3042 990 3303 1070 Domini,
3336 992 3450 1052 hoc
3480 997 3588 1069 est,
3610 989 3724 1051 do-

2076 1081 2290 1157 ctrina,
2325 1083 2556 1145 occulta
2586 1091 2675 1145 est
2706 1084 2969 1145 lucerna.
3020 1081 3159 1142 578
3200 1082 3491 1143 Caeterum
3515 1098 3619 1141 vos
3648 1079 3721 1141 ad

2076 1170 2284 1232 horam
2317 1172 2556 1253 quidem
2590 1172 2902 1253 recepistis
2933 1190 3001 1233 ea
3020 1191 3153 1252 quae
3174 1170 3371 1232 abillo
3395 1168 3718 1245 dictasunt,

2076 1275 2133 1321 et
2166 1262 2473 1324 exsultatis
2503 1263 2562 1323 in
2596 1262 2749 1342 ipso,
2789 1270 2846 1322 et
2889 1261 3109 1323 deinde
3140 1258 3308 1322 obliti
3358 1277 3563 1320 eorum
3591 1279 3723 1339 quae

2076 1348 2150 1410 de
2201 1368 2294 1413 me
2355 1351 2522 1427 dixit,
2578 1350 2878 1413 mansistis
2921 1351 2980 1412 in
3038 1350 3221 1432 priori
3273 1347 3717 1413 incredulitate.

2077 1437 2220 1501 Nam
2255 1441 2302 1501 si
2334 1440 2420 1502 illi
2450 1442 2635 1503 semel
2670 1442 2925 1503 ﬁrmiter
2947 1438 3379 1512 credidissetis,
3414 1437 3716 1519 quampri-

2080 1547 2237 1609 mum
2273 1546 2381 1592 vos
2401 1530 2475 1592 ad
2512 1550 2701 1593 meam
2734 1529 3075 1593 adduxisset
3109 1529 3314 1591 ﬁdem.

2157 1617 2561 1685 VtiBS.‘36-38
2619 1622 2725 1682 ιΑι
2753 1639 2860 1699 ego
2880 1618 3288 1681 testimonium
3315 1617 3506 1680 habeo
3540 1618 3729 1698 majus

2080 1710 2419 1771 testimonio
2467 1711 2733 1774 Joannis.
2768 1711 2965 1792 Opera
3014 1710 3171 1771 enim
3231 1727 3363 1790 quae
3393 1708 3557 1770 dedit
3586 1708 3730 1770 mihi

342 1802 553 1859 λειώσω
611 1800 766 1876 uate,
843 1803 974 1860 αὐτὰ
1028 1803 1093 1860 τὰ
1153 1805 1278 1881 ἓργα
1306 1802 1343 1859 ά¹
1369 1802 1477 1882 ἐγὼ
1521 1812 1682 1882 ποιῶ,
1741 1818 1997 1885 μαρτυρεῖ

2088 1801 2263 1892 Pater
2297 1810 2370 1892 ut
2392 1801 2698 1892 perﬁciam
2753 1820 2860 1892 ea,
2874 1800 3007 1892 ipsa
3055 1816 3238 1892 opera
3287 1816 3417 1879 quae
3470 1817 3590 1892 ego
3636 1797 3729 1861 fa-

343 1891 461 1968 περὶ
516 1893 672 1967 ἐμοῦ.
734 1890 816 1948 ὅτι
888 1893 915 1947 ὀ
1004 1893 1186 1973 Πατήρ
1257 1915 1324 1970 με
1416 1894 1737 1953 ἀπέσταλκε
1822 1897 1910 1952 καὶ
1972 1898 1997 1951 ὁ

344 1978 564 2057 πέμψας
620 2002 688 2055 με
747 1981 955 2065 Πατὴρ,
1003 1983 1159 2046 αὐτὸς
1244 1984 1619 2064 μεμαρτύρηκε
1676 1987 1794 2066 περὶ
1841 1986 1992 2061 ἐμοῦ⁹

344 2068 461 2126 οὔτε
516 2069 700 2149 φωνὴν
762 2073 919 2129 αῦτοῦ
995 2071 1263 2139 ἀκηκόατε
1350 2095 1589 2149 πωποτε,
1672 2075 1790 2132 οὕτε
1850 2074 1999 2138 εἶδος

346 2158 501 2217 αῦτοῦ
570 2160 865 2239 ἑωράκατε,
924 2162 1011 2217 καὶ
1084 2163 1174 2218 τὸν
1246 2161 1406 2241 λόγον
1475 2167 1632 2222 αὐτοῦ
1698 2166 1793 2222 οὒκ
1842 2165 1995 2246 ἔχετε

345 2249 570 2323 μένοντα
629 2248 684 2305 ἐν
733 2252 885 2325 ὑμῖν·
960 2248 1040 2308 ὅτι
1098 2253 1154 2309 ὃν
1208 2251 1485 2310 ὰπέστειλε
1544 2253 1773 2330 ἐκεῖνος,
1825 2258 1998 2329 τούτῳ

346 2340 502 2413 ὑμεῖς
576 2343 634 2399 οὗ
701 2340 995 2399 πιστεύετε.
1058 2365 1085 2397 ι
1148 2341 1515 2423 Ἐμαρτύρησε
1608 2345 1728 2419 μὲν,
1811 2347 1991 2423 φησὶν,

350 2430 601 2497 Ἰωάννης
670 2433 786 2509 περὶ
841 2430 994 2507 ἐμοῦ,
1085 2432 1337 2501 Ἰωάννης
1435 2437 1463 2491 ὃ
1558 2436 1772 2494 πάντων
1828 2434 1997 2493 δοκῶν

344 2521 475 2595 ὑμῖν
540 2519 995 2585 ἀξιοπιστότατος.
1059 2518 1207 2578 Ἐπεὶ
1250 2519 1303 2577 δέ
1334 2524 1473 2587 εἰκὸς
1522 2525 1791 2602 εὑρεθῆναί
1850 2546 1997 2588 τινας

346 2609 698 2689 συκοφάντας,
760 2608 815 2666 οἴ
873 2612 1038 2690 τυχὸν
1099 2611 1293 2690 ἐροῦσι·
1361 2613 1458 2670 Καὶ
1488 2612 1538 2668 τί
1606 2614 1738 2692 πρὸς
1784 2613 1929 2689 ἡμᾶς
1978 2636 1994 2687 ς

349 2696 603 2766 Ἰωάννης
663 2701 941 2780 ἐχαρίζετό
995 2721 1105 2783 σοι,
1163 2703 1249 2758 καὶ
1310 2700 1398 2758 διὰ
1428 2709 1583 2759 τοῦτο
1640 2704 1705 2759 τὰ
1761 2705 2007 2783 χρηστό-

349 2810 473 2867 τερα
527 2788 897 2867 ἐπεμαρτύρει·
992 2780 1207 2866 Ὑμεῖς,
1279 2794 1462 2874 φησὶν,
1541 2780 1818 2870 ἐπέμψατε
1876 2796 2007 2869 πρὸς

349 2874 628 2952 Ἰωάννην,
688 2879 775 2933 καὶ
828 2878 1167 2955 ἠρωτήσατε,
1204 2879 1381 2950 άληθῆ
1432 2882 1646 2947 πάντως
1713 2885 1867 2942 αὐτὸν
1912 2906 2007 2940 νο-

353 2966 611 3040 μίζοντες.
704 2964 849 3034 Πλὴν
906 2966 1024 3047 ’έχω
1094 2972 1183 3025 καὶ
1263 2970 1433 3039 ἄλλην
1493 2975 1776 3052 μαρτυρίαν
1847 2974 2009 3048 μείζω

351 3057 443 3111 τοῦ
507 3054 772 3118 Ἰωάννου,
848 3057 923 3114 Τὰ
982 3056 1111 3136 ἔργα
1181 3061 1269 3115 καὶ
1326 3061 1359 3116 ἃ
1404 3059 1565 3118 ἔδωκέ
1596 3085 1687 3137 μοι
1738 3065 1766 3119 ὁ
1801 3066 2005 3142 Πατήρ,

2082 1889 2199 1970 cio,
2242 1890 2643 1951 testimonium
2700 1889 3015 1969 perhibent
3063 1888 3138 1949 de
3200 1906 3315 1961 me,
3371 1888 3529 1968 quod
3559 1890 3735 1950 Pater

2085 1998 2180 2040 me
2240 1979 2488 2043 miserit.
2540 1978 2611 2040 Et
2670 1981 2769 2060 qui
2847 1978 3008 2039 misit
3058 1994 3152 2038 me
3212 1974 3404 2051 Pater,
3457 1976 3583 2055 ipse
3643 1984 3735 2037 te-

2081 2076 2267 2129 status
2301 2081 2393 2130 est
2426 2067 2501 2130 de
2533 2087 2629 2130 me
2668 2089 2681 2132 :
2715 2086 2909 2149 neque
2943 2085 3143 2128 vocem
3178 2065 3307 2145 ejus
3339 2084 3598 2145 unquam
3627 2085 3736 2127 au-

2083 2158 2279 2233 distis,
2319 2178 2513 2239 neque
2558 2160 2820 2239 speciem
2852 2159 2982 2237 ejus
3025 2155 3276 2234 vidistis,
3314 2165 3371 2216 et
3399 2174 3740 2220 sermonem

2084 2250 2219 2328 ejus
2278 2268 2394 2309 non
2430 2249 2661 2312 habetis
2706 2249 2766 2310 in
2799 2247 2965 2308 vobis
2998 2254 3364 2318 manentem,
3396 2245 3534 2326 quia
3563 2263 3742 2325 quem

2084 2339 2245 2399 misit
2284 2339 2407 2410 ille,
2444 2338 2499 2400 ei
2546 2358 2648 2400 vos
2698 2357 2813 2400 non
2838 2336 3101 2399 creditis.
3143 2360 3165 2394 ι
3202 2337 3473 2398 Testatus
3495 2334 3730 2414 quidem

2083 2437 2170 2490 est
2192 2431 2451 2491 Joannes
2482 2429 2557 2490 de
2590 2448 2681 2489 me
2716 2428 2816 2509 qui
2852 2427 3013 2488 vobis
3045 2425 3313 2487 omnium
3335 2424 3590 2486 maxime
3616 2423 3734 2485 ﬁde

2082 2518 2297 2596 dignus
2329 2518 3081 2582 videbaturzverumtamen
3116 2516 3253 2597 quia
3281 2514 3606 2576 verisimile
3642 2524 3736 2576 est

2090 2607 2214 2668 fore
2246 2606 2530 2688 quosdam
2565 2609 2952 2688 sycophantas
2981 2606 3081 2686 qui
3114 2604 3380 2666 fortassis
3412 2603 3635 2675 dicent,
3672 2602 3737 2663 Et

2091 2697 2234 2777 quid
2268 2699 2340 2757 ad
2376 2697 2516 2758 nos?
2547 2697 2595 2758 si
2620 2697 2884 2760 Joannes
2906 2695 3224 2773 gratiﬁcari
3252 2693 3357 2755 tibi
3391 2694 3737 2763 voluerat,et

2095 2797 2382 2867 propteea
2417 2786 2740 2848 blandiora
2768 2785 3035 2867 quaedam
3069 2793 3380 2848 attestalus
3429 2785 3565 2845 est?
3594 2781 3737 2861 Vos,

2090 2876 2306 2957 inquit,
2336 2877 2577 2937 misistis
2608 2876 2678 2937 ad
2710 2876 3095 2956 Joannem,et
3115 2873 3548 2953 interrogastis,
3582 2890 3743 2935 vera-

2091 2985 2220 3027 cem
2256 2985 2361 3047 per
2382 2966 2583 3027 omnia
2605 2967 2770 3027 illum
2792 2966 3665 3028 existimantes.Verumtamen
3686 2970 3743 3022 et

2092 3075 2198 3134 ego
2228 3055 2387 3116 aliud
2422 3056 2826 3117 testimonium
2850 3054 3038 3116 habeo
3070 3054 3261 3132 majus
3284 3051 3743 3132 Joaune.0pera

355 3145 645 3210 τουτέστιν,
681 3145 923 3204 Ἀνέθετό
993 3170 1087 3223 μοι
1143 3149 1171 3204 ό
1232 3151 1438 3229 Πατὴρ,
1499 3150 1591 3208 ἵνα
1615 3150 1884 3209 τελειώσω
1915 3156 2001 3211 αῦ-

2100 3144 2258 3206 enim
2292 3164 2423 3226 qua:
2452 3144 2617 3206 dedit
2646 3145 2789 3206 mihi
2834 3146 3029 3212 Pater,
3066 3144 3178 3205 hoc
3224 3150 3335 3214 est,
3379 3160 3523 3229 qua;
3541 3142 3742 3203 statuit

354 3236 441 3311 τὰ,
518 3246 836 3316 μαρτυροῦσι
911 3238 1030 3316 περὶ
1083 3239 1234 3311 ἐμοῦ.
1285 3240 1438 3318 Λέγει
1470 3238 1523 3295 δὲ
1558 3240 1704 3320 ἔργα,
1736 3244 1802 3301 τὰ
1872 3246 2004 3301 θαύ-

352 3347 494 3400 ματα
536 3323 729 3399 δήπου,
784 3326 905 3384 οἷον
960 3328 1059 3394 τὴν
1114 3334 1204 3385 τοῦ
1235 3328 1537 3409 παραλύτου
1578 3331 1889 3410 ἀνόρθωσιν,
1920 3336 2009 3389 καί

350 3416 417 3474 τὰ
470 3414 656 3477 λοιπά.
715 3413 863 3473 Ἐπεὶ
922 3415 976 3473 δὲ
1033 3416 1311 3475 ἐνεκάλουν
1343 3422 1508 3495 αύτῷ,
1541 3420 1621 3477 ὅτι
1664 3421 1719 3478 ἐν
1750 3421 2009 3497 Σαϐϐάτῳ

350 3512 515 3563 ταῦτα
600 3518 777 3580 ποιεῖ,
830 3504 1098 3587 λέγοντες,
1132 3507 1214 3564 ὅτι
1251 3528 1280 3567 ί
1313 3514 1422 3569 Οῦκ
1452 3509 1541 3568 ἔστ
1555 3534 1599 3568 ιν
1629 3510 1690 3569 ἐκ
1732 3519 1824 3568 τοῦ
1853 3520 2005 3586 Θεοῦ,

352 3593 434 3652 ὅτι
490 3596 550 3651 τὸ
601 3592 875 3653 Σάϐϐατον
909 3599 969 3655 οῦ
996 3610 1175 3675 τηρεϊ⁶
1213 3621 1241 3652 ι)
1291 3595 1545 3657 δείκνυσιν
1576 3601 1781 3681 αὐτοῖς,
1818 3599 1898 3657 ὅτι
1947 3596 2013 3659 τὰ

353 3689 429 3757 τῷ
454 3683 618 3762 Πατρὶ
660 3680 947 3762 δεδογμένα
977 3699 1150 3756 ποιεῖ,
1194 3686 1287 3743 καί
1323 3686 1404 3745 ὅτι
1437 3687 1641 3764 μᾶλλον
1670 3688 1731 3745 ἐκ
1759 3678 1851 3747 τοῦ
1882 3678 2012 3747 Θεοὖ

353 3773 487 3849 ἐστι,
521 3774 694 3836 καθὼς
723 3773 789 3830 τὰ
843 3776 987 3852 παρὰ
1042 3783 1133 3833 τοῦ
1177 3784 1309 3835 Θεοῦ
1374 3775 1626 3854 δεδομένα
1685 3781 1825 3853 αύτῷ
1885 3780 2010 3858 ἔργα

351 3862 521 3927 τελετο
588 3885 610 3917 ι
668 3864 743 3921 Τὰ
767 3864 867 3943 γὰρ
899 3863 1049 3943 ἔργα,
1095 3868 1277 3946 φησὶν,
1312 3866 1346 3923 ἃ
1378 3866 1539 3924 ἔδωκέ
1570 3891 1662 3944 μοι
1709 3869 1737 3925 ό
1798 3872 2000 3948 Πατήρ,

351 3953 444 4009 ἳνα
476 3952 748 4011 τελειώσω
777 3954 929 4015 αὐτά.
980 3975 1008 4013 ι
1046 3954 1200 4013 Ἐπεὶ
1245 3960 1333 4014 οὗν
1378 3959 1406 4015 ὁ
1437 3958 1620 4034 Πατὴρ
1651 3955 1843 4016 δέδωκε
1873 3968 2003 4017 ταῦ-

350 4065 439 4123 τα,
513 4049 671 4119 ὑμεῖς
702 4043 819 4101 ἐστε
850 4045 1072 4102 ἀντίθεοι
1117 4048 1162 4103 οί
1220 4046 1607 4106 ἐναντιούμενοι
1656 4062 1777 4113 τοῖς
1826 4051 2006 4106 τοιού-

351 4155 462 4199 τοις
493 4131 689 4211 ἔργοις.
721 4158 748 4189 α
798 4136 946 4193 Καὶό
978 4136 1196 4213 πέμψας
1230 4159 1298 4213 με
1332 4139 1538 4218 Πατήρ,
1598 4137 1754 4202 αὒτος
1792 4160 2005 4218 μεμαρ-

354 4223 545 4301 τύρηκε
605 4222 724 4300 περὶ
752 4222 905 4302 ἐμοῦ,
944 4248 970 4279 ιο
1006 4231 1110 4284 Ποῦ
1152 4224 1206 4281 δὲ
1239 4228 1617 4307 μεμαρτὺρηκε
1676 4229 1794 4299 περὶ
1854 4228 2010 4286 αὐτοῦ

354 4313 381 4368 ὁ
412 4312 594 4390 Πατήρ
644 4330 661 4386 ;
692 4313 839 4376 Τινὲς
871 4313 966 4386 μέν
998 4313 1264 4392 λέγουσιν,
1309 4320 1380 4381 ὡς
1413 4318 1498 4374 ἐπὶ
1560 4325 1651 4375 τοῦ
1695 4319 2003 4395 βαπτίσμα-

354 4424 467 4476 τος,
521 4400 646 4457 ὅταν
702 4405 876 4459 εἶπεν⁶
931 4426 957 4456 ι
993 4405 1153 4467 Οὗτός
1195 4407 1339 4461 ἐστιν
1397 4408 1424 4462 ὁ
1458 4410 1575 4469 Υἱὸς
1630 4430 1731 4483 μου
1778 4409 1806 4464 ὁ
1864 4407 1998 4485 ἄγα-

354 4490 549 4558 πητός,
598 4510 643 4550 )
707 4503 960 4571 Κρεϊττον
1017 4491 1070 4548 δὲ
1129 4497 1283 4569 οἶμαι
1339 4508 1506 4569 νοεῖν,
1554 4496 1637 4552 ὅτι
1678 4493 1761 4551 διὰ
1819 4496 1995 4563 πάσης

2094 3234 2235 3295 mihi
2276 3238 2451 3297 Pater
2509 3242 2570 3294 ut
2632 3233 2957 3313 perﬁciam,
3022 3250 3090 3293 ea
3150 3236 3439 3291 testantur
3494 3227 3569 3291 de
3618 3250 3736 3291 me.

2090 3324 2243 3387 Dicit
2296 3333 2490 3385 autem
2546 3343 2748 3405 Opera,
2786 3321 3082 3385 mirabilia
3135 3322 3236 3383 illa
3280 3320 3532 3400 scilicet,
3565 3320 3738 3401 quale

2093 3415 2198 3476 fuit
2252 3413 2551 3495 paralytici
2602 3414 2922 3484 restitutio,
2976 3422 3089 3474 etc.
3126 3411 3553 3475 Verumtamen
3602 3412 3741 3491 quia

2094 3504 2425 3584 arguebant
2456 3523 2590 3566 eum
2616 3503 2773 3585 quod
2806 3502 2865 3564 in
2887 3501 3142 3563 Sabbato
3159 3502 3283 3563 haec
3308 3501 3525 3562 laceret
3544 3501 3741 3562 dicen-

2097 3604 2183 3655 tes
2217 3612 2233 3656 :
2270 3615 2298 3654 ‹
2332 3593 2442 3657 Hic
2476 3613 2591 3655 non
2623 3600 2713 3656 est
2744 3612 2813 3656 ex
2867 3594 3009 3667 Deo,
3055 3592 3193 3673 quia
3250 3590 3574 3653 Sabbatum
3622 3610 3739 3652 non

2093 3685 2424 3755 servium,»
2460 3684 2717 3745 ostendit
2741 3683 2828 3743 eis
2851 3683 3006 3763 quod
3041 3683 3216 3743 faciat
3244 3700 3313 3743 ea
3343 3699 3474 3762 qua;
3504 3700 3537 3740 a
3568 3682 3741 3742 Patre

2092 3775 2424 3854 decreta,et
2457 3774 2612 3855 quod
2649 3774 2835 3852 magis
2866 3791 2899 3833 a
2934 3775 3053 3836 Deo
3084 3771 3261 3845 sit,eo
3292 3771 3447 3852 quod
3476 3768 3743 3849 injuncta

2090 3864 2205 3926 sibi
2235 3884 2268 3926 a
2298 3866 2419 3927 Deo
2448 3882 2627 3943 opera
2664 3862 2857 3923 faciat.
2885 3862 3118 3942 «Opera
3150 3860 3338 3933 enim,
3372 3859 3587 3941 inquit,
3612 3879 3741 3940 qua:

2092 3952 2258 4015 dedit
2291 3953 2430 4014 mihi
2462 3958 2631 4014 t‘ater
2652 3962 2712 4012 ut
2743 3952 3044 4033 perﬁciam
3080 3970 3209 4012 ea.»
3247 3949 3394 4022 Quia
3426 3950 3606 4030 igitur
3626 3950 3737 4013 Pa-

2094 4048 2185 4104 ter
2213 4042 2378 4104 dedit
2409 4043 2552 4105 mihi
2595 4043 2716 4115 illa,
2752 4061 2851 4103 vos
2891 4043 3033 4104 estis
3089 4040 3212 4103 Deo
3253 4040 3604 4116 adversarii,
3640 4040 3743 4122 qui

2094 4131 2213 4192 illis
2243 4132 2528 4213 operibus
2548 4132 2980 4205 adversamini;
3006 4140 3063 4192 et
3091 4130 3190 4212 qui
3226 4131 3386 4192 misit
3420 4149 3512 4192 me
3547 4133 3740 4203 l’aler,

2094 4222 2222 4301 ipse
2254 4230 2504 4283 testatur
2534 4223 2607 4283 de
2640 4241 2756 4283 me.
2794 4220 2905 4284 Ubi
2937 4230 3132 4282 autem
3168 4230 3413 4283 testatus
3445 4231 3538 4282 est
3567 4221 3640 4282 de
3673 4240 3743 4281 eo

2092 4310 2290 4374 Pater?
2309 4311 2558 4385 Quidam
2582 4311 2789 4373 dicunt
2820 4312 2977 4392 quod
3003 4313 3060 4373 in
3093 4309 3468 4389 baptismate,
3504 4311 3741 4387 quando

2085 4400 2235 4461 dixit
2267 4418 2281 4464 :
2316 4428 2338 4455 ι
2371 4399 2481 4463 Hic
2513 4411 2604 4463 est
2636 4400 2819 4463 Filius
2854 4419 3022 4461 meus
3052 4399 3305 4461 dilectus
3328 4399 3401 4459 3'.
3443 4425 3465 4456 ιι
3517 4398 3742 4480 Opinor

2082 4498 2279 4552 autem
2311 4491 2466 4573 quod
2502 4490 2686 4570 magis
2717 4489 3177 4569 intelligatquod
3201 4507 3307 4569 per
3323 4508 3561 4550 omnem
3587 4488 3737 4552 Scri-

352 4582 452 4648 τῆς
539 4587 750 4662 Γραφῆς
810 4580 1139 4660 ἐμαρτύρησε
1212 4585 1329 4663 περὶ
1386 4584 1541 4640 αὒτοῦ
1572 4584 1599 4641 ὁ
1632 4586 1785 4659 Θεὸς,
1821 4583 1902 4644 διά
1939 4607 1999 4643 τε

2090 4588 2321 4660 pturam
2380 4588 2626 4643 testatus
2678 4581 2754 4641 sit
2810 4580 2883 4641 de
2934 4600 3002 4640 eo
3038 4580 3216 4649 Deus,
3244 4586 3358 4640 tam
3412 4598 3517 4660 per
3548 4579 3737 4659 legem

354 4679 446 4729 τοῦ
497 4672 661 4746 νόμου
715 4675 803 4729 καὶ
863 4680 965 4728 τῶν
1041 4680 1348 4753 προφητῶν,
1415 4665 1567 4731 Ἀλλ’
1608 4676 1793 4752 ὑμεῖς,
1825 4677 2008 4757 φησὶν,

355 4760 471 4819 οὔτε
555 4762 737 4842 φωνὴν
826 4766 987 4835 αὐτοῦ,
1062 4762 1357 4833 ἀκηκόατε,
1422 4774 1513 4824 τοῦ
1574 4766 1775 4845 Πατρὸς
1847 4764 2008 4844 λέγω,

357 4849 474 4907 οὔτε
562 4848 709 4915 εἶδος
809 4853 967 4909 αὐτοῦ
1067 4852 1357 4934 ἑωράκατε,

354 4937 628 5017 ἄγνωστος
682 4941 811 5015 ὑμῖν
882 4941 1014 4998 ἐστι’
1070 4940 1201 5000 διότι
1269 4946 1355 5000 καὶ
1386 4946 1475 5001 τὸν
1521 4942 1682 5023 λόγον
1738 4944 1895 5002 αῦτοῦ
1917 4944 2011 5001 οὒκ

354 5027 513 5108 ἔχετε
583 5028 808 5104 μένοντα
862 5034 916 5088 ἐν
975 5035 1127 5109 ὑμῖνο
1191 5033 1455 5111 τουτέστι,
1490 5035 1592 5098 Τὰς
1651 5035 1858 5114 Γραφὰς
1918 5036 2011 5100 τὰς

360 5120 477 5195 περὶ
532 5118 662 5193 ἐμοῦ
717 5123 1080 5201 μαρτυρούσας
1159 5125 1255 5181 οὒκ
1311 5122 1515 5198 οἴδατε,
1573 5126 1617 5180 εἶ
1664 5126 1751 5182 καὶ
1805 5123 2011 5182 δοκεττε

355 5206 435 5266 ὅτι
508 5207 716 5283 οἴδατε,
778 5212 863 5267 καὶ
921 5217 1218 5294 καυχᾶσθε,
1293 5214 1367 5275 ὡς
1439 5214 1505 5270 τὰ
1537 5213 1704 5292 Λόγια
1734 5221 1826 5271 τοῦ
1883 5221 2012 5270 Θεοῦ

352 5298 810 5374 ἱμπιστευθέντες.
870 5301 1033 5359 Πόθεν
1087 5301 1269 5377 δηλον,
1345 5302 1426 5360 ὅτι
1503 5307 1598 5363 οῦκ
1655 5302 1837 5361 οἴδατε
1915 5305 2009 5367 τὰς

1451 4852 1587 4911 ἀλλὰ
1685 4855 2017 4912 πάντάπασιν

2090 4691 2264 4751 quam
2302 4689 2406 4751 per
2441 4672 2759 4752 prophetas
2825 4670 2973 4734 «Sed
3013 4689 3136 4737 vos.
3172 4668 3387 4751 inquit,
3425 4688 3619 4751 neque
3636 4689 3739 4730 vo-

2094 4780 2220 4822 cem
2249 4761 2379 4838 ejus
2409 4761 2677 4833 audistis,
2714 4760 2927 4833 Patris,
2982 4760 3222 4840 inquam
3259 4777 3451 4840 neque
3480 4762 3739 4838 speciem

2095 4851 2230 4930 ejus
2278 4850 2529 4911 vidistis.
2570 4872 2597 4911 »
2639 4850 2780 4913 Ideo
2839 4848 3119 4910 omnibus
3161 4848 3354 4909 modis
3405 4848 3744 4927 incognitus

2094 4939 2257 5002 vobis
2282 4953 2390 5001 est.
2434 4939 2571 5002 ldeo
2604 4951 2661 5000 et
2685 4958 3023 5002 sermonem
3055 4941 3186 5018 ejus
3216 4957 3330 4999 non
3364 4936 3594 4999 habetis
3611 4956 3742 4999 ma-

2096 5039 2337 5092 nentem
2376 5029 2434 5090 in
2468 5028 2658 5110 vobis;
2721 5032 2829 5092 hoc
2861 5038 2973 5103 est,
3008 5027 3343 5109 Scripturas
3374 5047 3506 5109 qua:
3539 5027 3614 5090 de
3650 5048 3743 5088 me

2098 5129 2415 5194 testantur,
2445 5121 2686 5182 nescitis
2716 5139 2729 5183 :
2759 5120 2991 5181 tametsi
3019 5118 3336 5180 videamini
3364 5136 3428 5179 sc
3456 5136 3519 5179 re
3550 5117 3742 5198 etglo-

2095 5211 2233 5270 riari
2288 5210 2345 5270 in
2398 5210 2650 5291 eloquiis
2684 5210 2789 5273 Dei
2823 5228 2954 5290 qua;
2982 5208 3149 5271 vobis
3191 5207 3536 5268 concredita
3579 5216 3734 5269 sunt.

2095 5300 2249 5363 Hinc
2280 5310 2475 5361 autem
2538 5299 2915 5361 manifestum
2964 5299 3120 5379 quod
3162 5297 3439 5360 nesciatis
3468 5296 3743 5378 Scriptu-

354 5389 587 5468 Γραιράς⁴
666 5409 698 5447 ι
760 5379 891 5447 ΗΟτι
950 5392 1007 5449 ὅν
1037 5392 1348 5450 ἀπέστειλεν
1380 5392 1609 5473 ἐκεῖνος,
1655 5393 1827 5466 τούτῳ
1850 5394 2001 5468 ὑμε⁴ς

2090 5389 2357 5470 ras,quia
2380 5415 2404 5444 ε
2434 5389 2483 5449 ei
2518 5408 2691 5469 quem
2726 5389 2825 5450 ille
2860 5388 3167 5462 misit,non
3198 5387 3460 5449 creditis.
3500 5412 3525 5442 »
3563 5386 3747 5465 Igitur

353 5481 413 5536 οῦ
470 5478 766 5540 πιστεύετε.
847 5503 873 5535 ιι
930 5473 1156 5563 ’Ὥσπερ
1186 5484 1272 5541 οῦν
1305 5481 1423 5543 οὔτε
1467 5484 1645 5562 φωνὴν
1678 5490 1811 5542 Θεοῦ
1841 5483 2001 5552 ἠκού-

2089 5481 2243 5542 sicut
2267 5497 2460 5561 neque
2487 5495 2684 5540 Vocem
2718 5478 2818 5540 Dei
2852 5477 3162 5540 audivistis
3194 5481 3329 5554 (non
3365 5477 3524 5538 enim
3566 5477 3747 5541 habet

352 5587 476 5625 σατε
548 5573 628 5644 (οῦ
685 5570 787 5649 γὰρ
838 5570 957 5653 ἔχει
1007 5573 1189 5654 φωνὴν
1245 5574 1274 5631 ὀ
1331 5580 1461 5638 Θεος
1514 5572 1822 5654 αἰσθητὴν),
1884 5572 2001 5630 οὕτε

2088 5571 2245 5639 Deus
2278 5587 2485 5651 vocem
2519 5568 2889 5643 sensibilem)
2926 5587 3123 5649 neque
3151 5567 3410 5649 speciem
3446 5568 3574 5647 ejus
3604 5567 3743 5629 vidi-

431 5746 495 5797 ³ο
522 5749 691 5815 Joan.
718 5768 811 5829 ix,
846 5750 945 5818 16.
1031 5751 1083 5805 5‘
1117 5752 1325 5820 Matth.
1358 5768 1506 5831 ml,
1539 5750 1607 5815 5.
