4178 6412
270 300 295 361 1
310 298 425 363 285

1010 302 1453 367 ENARRATIO
1485 304 1561 367 IN
1610 298 2117 367 EVANGELIUM
2161 298 2505 365 JOANNIS.
2553 337 2631 349 ο-
2676 302 2837 365 CAP.
2880 303 2976 365 VI.

3524 301 3681 367 1286

276 432 329 487 1i
358 433 502 489 ἐστιν
534 433 606 497 εἷς
644 434 923 498 τοσούτους
957 452 971 514 ;
1016 458 1035 487 ι
1073 434 1224 497 Τίνος
1247 433 1422 491 ἕνεκεν
1450 438 1595 514 εἷπε,
1619 436 1703 513 τὸ,
1745 434 1932 493 σ’Λνα-

2021 443 2110 496 ter
2131 444 2245 496 tam
2282 435 2764 510 multos?nQuare
2788 438 3149 518 dixit,«Cnm
3174 439 3507 501 sustulisset
3525 461 3673 502 ocu—

277 517 482 596 ελέψας
518 534 632 584 τοῖς
665 521 964 602 ὀφθαλμοῖς
992 524 1019 579 6
1053 522 1303 591 Ἰησοῦς;
1334 545 1359 579 ε
1395 513 1518 581 ”ινα
1540 513 1814 600 μάθωμεν,
1848 526 1930 583 ὅτι

277 612 371 667 οὒκ
426 608 681 689 ἐρέμϐετο
741 612 861 676 τοὺέ
924 610 1224 690 ὀφθαλμοὺς
1283 611 1409 689 τῇδε
1477 613 1697 671 κάκεῖσε
1732 635 1745 648 ο
1809 615 1864 672 ἆ)
1878 616 1925 673 λ’

275 700 359 756 ἐπὶ
393 699 632 765 συννοίας
692 702 991 777 καθήμενος
1025 704 1113 758 καὶ
1164 702 1441 782 προσοχῆς
1494 704 1581 760 καὶ
1636 702 1927 778 ἀκριϐείας,

277 790 371 848 οἶα
424 788 477 847 δέ
534 804 653 855 τοῖς
706 795 974 867 μαθηταῖς
1019 794 1140 871 περί
1181 814 1339 849 τινων
1394 794 1668 873 θειοτέρων
1698 793 1934 875 διαλεγό-

274 905 451 959 μενος,
514 882 667 949 τέλος
726 881 985 959 ἀνέϐλεψε
1041 897 1163 948 τοῖς
1219 884 1536 965 ὀφθαλμοῖς,
1598 888 1687 943 καὶ
1763 886 1933 966 ἐρωτᾷ

274 973 391 1053 περὶ
448 978 540 1029 τοῦ
598 970 788 1052 ὄχλου,
850 973 1008 1030 πόθεν
1079 971 1517 1055 διατραιρήσεται,
1608 978 1711 1035 Οὔκ
1771 976 1933 1033 ἄλλον

275 1060 329 1118 δέ
390 1062 583 1141 ἐρωτᾷ,
631 1060 768 1118 ἀλλὰ
825 1062 1122 1125 Φίλιππον.
1180 1063 1343 1129 Οὗτος
1403 1066 1502 1143 γὰρ
1531 1066 1597 1133 ἦν
1627 1067 1654 1122 6
1690 1066 1933 1133 πλείονος

271 1150 522 1229 δεόμενος
553 1149 915 1227 διδασκαλίας,
977 1155 1004 1210 ὁ
1035 1153 1170 1229 μετὰ
1226 1161 1391 1212 ταῦτα
1420 1153 1592 1233 λέγων
1628 1174 1641 1187 ·
1683 1177 1705 1211 ε
1748 1156 1931 1223 Δεῖξον

270 1242 411 1317 ἡμῖν
453 1242 547 1297 τὸν
590 1240 821 1321 Πατέρα,
870 1243 959 1299 καὶ
1004 1242 1160 1323 ἀρκεῖ
1206 1244 1363 1319 ἡμῖν.
1399 1273 1422 1303 ι
1493 1246 1590 1300 Διὰ
1632 1252 1788 1303 τοῦτο
1831 1248 1931 1325 πρὸ

269 1329 473 1388 πολλοῦ
558 1333 716 1388 αὐτον
801 1332 1052 1408 ῥυθμίζει,
1139 1334 1226 1390 καὶ
1295 1331 1380 1389 διὰ
1455 1340 1555 1401 τῆς
1620 1334 1931 1413 ἐρωτήσεως

267 1420 446 1501 ἐνάγει
494 1422 651 1478 αὐτὸν
698 1422 769 1483 εἷς
825 1423 887 1477 16
946 1422 1025 1478 ἀεὶ
1083 1424 1438 1499 μνημονεύειν
1479 1431 1571 1481 106
1639 1426 1927 1500 θαύματος.

268 1512 326 1567 Ei
391 1509 487 1585 μὲν
550 1510 650 1588 γὰρ
695 1509 878 1576 ἆπλῶς
932 1514 994 1567 16
1040 1525 1274 1588 σημεῖον
1316 1510 1551 1595 ἐγένετο,
1600 1517 1693 1571 οὒκ
1723 1514 1785 1571 ἂν
1815 1538 1933 1573 τοσ-

2016 524 2104 585 los
2153 526 2321 589 suos?
2358 554 2380 581 ι
2450 526 2520 589 Ut
2578 527 2876 588 discamus
2949 527 3106 607 quod
3160 546 3275 589 non
3328 528 3536 590 solitus
3600 531 3675 590 sit

2016 612 2151 673 hinc
2180 628 2235 677 et
2264 616 2402 676 inde
2425 618 2618 694 vagari
2655 616 2981 688 oculis,sed
3009 617 3371 696 compositus
3402 629 3458 680 et
3481 628 3669 679 atten-

2018 711 2109 764 tus
2144 707 2590 785 setlere,utpo'e
2613 704 2836 766 ducens
2853 705 3183 783 discipulos
3203 705 3492 767 diviniora
3516 726 3675 789 quae—

2016 792 2175 855 dam.
2231 794 2499 874 Denique
2556 794 2795 856 sustulit
2853 794 3061 855 oculos
3094 804 3151 855 et
3182 804 3346 873 rogat
3377 796 3452 855 de
3502 796 3673 858 turba

2016 882 2311 960 quom-st
2344 883 2556 944 alenda
2582 884 2676 943 sit.
2723 884 2850 946 Non
2882 883 3062 943 alium
3119 893 3314 945 autem
3346 884 3672 965 interrogat

2017 990 2191 1052 quam
2210 973 2545 1052 Philippum
2583 975 2718 1052 ipse
2734 974 2891 1033 enim
2910 971 3123 1051 majori
3143 973 3447 1053 indigebat
3470 977 3669 1036 erudi-

2017 1063 2201 1129 tione.
2226 1062 2327 1141 qui
2361 1070 2567 1139 postea
2596 1061 3173 1124 dicebatzuUstende
3205 1061 3378 1123 nobis
3408 1062 3664 1139 Patrem,

2014 1168 2081 1213 ac
2114 1151 2331 1212 sufficit
2364 1150 2537 1210 nobis
2570 1152 2776 1212 35.nEt
2810 1158 3127 1231 propterea
3157 1160 3330 1213 antea
3356 1152 3521 1213 illum
3556 1153 3675 1215 ins-

2015 1242 2250 1311 truit,et
2274 1258 2380 1319 per
2400 1240 2937 1317 interrogationem
2973 1240 3193 1301 inducit
3228 1252 3453 1313 eum,ut
3484 1244 3666 1304 mira-

2018 1329 2134 1391 culi
2158 1347 2398 1408 semper
2427 1329 2504 1390 sit
2530 1327 2937 1389 memorNam
2970 1329 3017 1389 si
3042 1328 3284 1407 quidem
3318 1331 3663 1409 miraculum

2016 1418 2367 1500 simpliciter
2394 1418 2604 1481 fuisset
2641 1419 2878 1491 factum,
2921 1437 3036 1477 non
3071 1436 3258 1498 usque
3306 1420 3454 1480 adeo
3478 1422 3664 1484 visum

2015 1508 2222 1571 fuisset
2278 1509 2363 1570 illi
2415 1510 2765 1570 miraculum
2812 1530 2825 1568 :
2864 1528 3020 1569 nunc
3065 1527 3262 1569 autem
3321 1510 3680 1593 priusquam.

261 1606 419 1657 o610v
492 1600 660 1680 ἱφάνη
720 1601 783 1657 16
839 1604 1014 1677 θαῦμα
1049 1618 1063 1632 ⁸
1128 1604 1234 1660 νυνὶ
1318 1600 1372 1659 δὲ
1444 1602 1702 1684 πρότερον
1776 1606 1932 1667 αὒτὸν

2024 1597 2392 1674 ﬁeret,illnm
2426 1600 2732 1680 compellit
2759 1598 2929 1660 fateri
2962 1598 3319 1677 paucitatem
3353 1616 3665 1680 panum,ut

262 1689 560 1769 ἀναγκάζει
624 1688 959 1769 ὁμοὶογῆσαι
1029 1692 1128 1760 τὴν
1191 1690 1408 1763 σπάνιν,
1469 1693 1563 1751 ἵνα
1621 1692 1932 1773 ἀκριϐέστε-

2021 1687 2354 1749 evidentius
2372 1690 2638 1749 addiscat
2660 1688 2842 1749 futuri
2867 1687 3136 1749 miraculi
3168 1691 3664 1771 magnitudinem,

262 1802 359 1859 ρον
426 1779 715 1857 καταμάθῃ
760 1791 853 1840 τοῦ
909 1779 1201 1857 μέλλοντος
1257 1783 1489 1861 γίνεσθαι
1563 1785 1831 1860 θαύματος
1875 1789 1932 1844 16

2021 1786 2078 1838 et
2108 1798 2223 1838 non
2259 1796 2293 1839 e
2324 1778 2613 1838 memoria
2664 1777 2894 1855 rejiciat
2938 1796 3007 1837 ea
3041 1794 3172 1856 quae
3212 1779 3520 1841 confessus
3549 1793 3663 1843 est.

264 1869 516 1949 μέγεθος,
573 1872 661 1926 καὶ
724 1871 802 1946 μὴ
863 1869 1059 1948 δυνηθῇ
1118 1870 1308 1929 λοιπὸν
1352 1872 1604 1931 ἐκϐαλεῖν
1647 1876 1745 1943 τὴν
1789 1878 1930 1944 μνή-

2020 1865 2247 1928 Idcirco
2270 1868 2414 1929 dicit
2448 1886 2459 1928 :
2489 1894 2514 1921 α
2550 1866 2720 1930 Unde
2751 1885 3021 1927 ememus
3052 1884 3235 1947 panes
3267 1872 3664 1933 utcoinedant

268 1982 379 2035 μην
454 1960 560 2016 τῶν
631 1959 1100 2039 ὁμολογηθέντων.
1169 1964 1267 2018 Διὰ
1331 1964 1485 2021 τοῦτό
1530 1987 1660 2044 φησι
1694 1981 1706 1996 ⁶
1771 1966 1932 2022 Πόθεν

2019 1955 2307 2019 hi‘hDicil
2346 1966 2540 2017 autem
2585 1958 2708 2017 haec
2745 1965 2981 2019 tentans
3010 1956 3376 2036 Philippum,
3406 1960 3517 2021 hoc
3549 1971 3661 2035 est,

268 2048 609 2128 ἆγοράσομεν
668 2048 879 2130 ἄρτους,
927 2049 1019 2108 ἵνα
1073 2056 1311 2130 φάγωσιν
1368 2052 1511 2109 οὗτοι
1550 2073 1565 2128 ;
1607 2078 1627 2110 ε
1666 2056 1819 2133 Λέγει
1876 2053 1931 2112 δὲ

2017 2047 2220 2108 volens
2252 2056 2452 2107 notum
2487 2048 2889 2126 facere,quam
2925 2045 3174 2106 haberet
3196 2046 3298 2108 ille
3327 2047 3660 2112 fidein.Ne-

266 2137 435 2195 ταῦτα
486 2138 744 2218 πειράζων
804 2140 896 2195 τὸν
954 2139 1248 2212 Φίλιππον,
1283 2142 1546 2224 τοδτέστι,
1578 2141 1746 2200 θέλων
1776 2146 1930 2201 αὑτὸν

2017 2154 2134 2214 que
2163 2138 2322 2200 cnim
2348 2145 2408 2197 ut
2440 2137 2722 2215 ignorans
2752 2137 2827 2197 de
2856 2135 3152 2197 sententia
3182 2134 3438 2218 Philippi
3470 2141 3661 2203 inter-

264 2226 537 2307 γνώριμον
597 2230 956 2304 καταστῆσαι,
1002 2230 1117 2287 τίνα
1162 2230 1345 2287 πίστιν
1389 2232 1531 2312 ἔχει.
1591 2238 1664 2292 06
1722 2236 1821 2313 γὰρ
1863 2232 1929 2303 δὴ

2017 2227 2276 2305 rogabat,
2308 2226 2413 2287 sed
2456 2227 2587 2287 aliis
2624 2237 2961 2287 monstrare
2987 2224 3240 2288 volebat.
3280 2249 3309 2282 ε
3341 2225 3486 2289 Nam
3535 2233 3666 2311 ipse

267 2318 338 2382 ὡς
396 2315 605 2394 ἀγνοῶν
664 2317 819 2380 αὐτὸς
878 2318 977 2386 τὴν
1032 2318 1125 2375 106
1155 2319 1425 2376 Φιλίππου
1468 2321 1715 2400 γνώμην,
1761 2321 1931 2401 ἐρωτᾷ

2017 2315 2304 2379 Dominus
2336 2315 2559 2377 sciebat
2609 2316 2749 2397 quid
2802 2316 3062 2376 facturus
3112 2323 3291 2375 esset.
3327 2342 3352 2372 ι
3388 2316 3571 2396 Igitur
3600 2330 3664 2383 ut

266 2406 453 2480 αὑτὸν,
499 2404 636 2463 ἀλλὰ
668 2421 787 2473 τοῖς
832 2405 1015 2471 ἄλλοις
1064 2406 1230 2465 θέλων
1287 2407 1453 2475 δεῖξαι
1485 2412 1664 2471 αὐτόν.
1709 2440 1731 2470 ι
1767 2415 1929 2475 Αὖτὸς

2017 2404 2259 2466 tentavit
2286 2405 2619 2486 Philippum
2656 2403 2945 2480 numquid
2970 2404 3218 2465 haberet
3239 2405 3339 2467 ille
3366 2408 3569 2485 fidem,
3604 2420 3665 2474 et

266 2495 367 2575 γὰρ
396 2497 425 2551 6
472 2496 683 2573 Κύριος,
719 2495 833 2574 ᾔδει
864 2500 913 2555 τί
943 2497 1133 2574 ἔμελλε
1179 2513 1378 2559 ποιεῖν.
1419 2522 1443 2557 ι
1480 2503 1579 2559 Τὸν
1614 2505 1700 2558 06v
1730 2500 1928 2559 Φίλιπ-

2017 2495 2242 2569 invenit
2274 2496 2466 2575 ipsum
2491 2496 2685 2556 adhuc
2709 2495 2983 2556 affectum
3005 2503 3064 2553 ut
3085 2493 3668 2581 hominem:insnper

264 2607 366 2642 πον
400 2586 657 2665 πειράσας
717 2585 834 2667 εἴγε
891 2588 1069 2644 πίστιν
1122 2591 1266 2669 ἔχει,
1316 2592 1403 2647 καὶ
1440 2591 1600 2668 εὑρὼν
1633 2593 1787 2649 αὐτὸν
1832 2592 1931 2647 ἆν-

2017 2600 2072 2651 et
2104 2588 2404 2668 Andream
2429 2606 2665 2669 quoque
2696 2587 2870 2648 talem
2909 2587 3158 2659 invenit,
3188 2590 3422 2649 tametsi
3470 2592 3661 2651 subli-

265 2676 544 2755 θρωπίνως
599 2676 677 2734 ἔτι
721 2675 1076 2760 διακείμενον,
1123 2681 1205 2737 ναὶ
1249 2681 1358 2756 μὴν
1407 2683 1494 2738 καὶ
1536 2683 1627 2738 τὸν
1682 2680 1932 2762 Ἀνδρέαν

2018 2679 2171 2741 mins
2201 2679 2479 2759 quiddam
2545 2676 2819 2757 Philippo
2870 2676 3666 2740 sentientem.llloenimdi-

265 2768 495 2846 εὑρίσκει
537 2776 797 2832 τοιοῦτον,
860 2772 919 2827 Ei
949 2773 1048 2849 γὰρ
1099 2774 1187 2829 καὶ
1238 2772 1570 2852 ὑψηλότερόν
1613 2796 1663 2830 τι
1698 2776 1786 2830 τοῦ
1828 2781 1930 2830 Φι-

2017 2783 2192 2829 cente
2235 2771 2390 2848 quod
2445 2768 2834 2828 ducentorum
2894 2766 3271 2827 denariorum
3322 2787 3503 2847 panes
3544 2789 3660 2831 non

268 2854 467 2913 λίππου
525 2856 826 2937 ἐφαντάσθη
898 2858 1117 2937 (ἐκείνου
1163 2863 1262 2941 γὰρ
1292 2863 1556 2943 εἰπόντος,
1590 2862 1668 2920 ὅτι
1721 2886 1746 2918 α
1798 2873 1930 2919 Δια-

2017 2858 2336 2929 sufficiunt,
2376 2857 2473 2919 ille
2499 2855 2761 2937 quinque
2822 2873 3004 2935 panes
3034 2855 3397 2919 hordeaceus
3433 2868 3489 2918 et
3516 2860 3665 2919 duos

268 2944 471 3002 κοσίων
529 2944 791 3025 δηναρίων
834 2946 981 3025 ἄρτοι
1030 2949 1125 3006 οὒκ
1166 2950 1435 3032 ἀρκοῦσιν,
1490 2977 1515 3007 ι
1572 2956 1730 3017 αὐτὸς
1774 2953 1930 3009 πέντε

2017 2947 2211 3028 pisces
2243 2945 2719 3007 commonstravit
2743 2944 3026 3022 ,cogitans
3056 2946 3207 3005 forte
3240 2947 3659 3025 prophetarum

269 3033 464 3113 ἄρτους
515 3035 799 3116 κριθίνους,
858 3039 946 3093 καὶ
1020 3036 1108 3094 δύο
1179 3040 1376 3120 ὀψάρια
1430 3040 1779 3116 ὐποδεικνύει,
1839 3043 1927 3099 ἐν-

2017 3037 2324 3117 miracula,
2358 3045 2422 3096 ut
2451 3036 2647 3098 Elisaai
2673 3035 2731 3094 in
2763 3033 3016 3113 panibus
3038 3035 3297 3111 signum,
3328 3058 3352 3091 ιι
3384 3054 3516 3096 cum
3551 3040 3661 3099 Sa-

267 3125 471 3194 νοήσας
528 3123 667 3189 ἴσως
725 3128 813 3183 καὶ
869 3128 935 3182 τὰ
977 3132 1084 3183 τῶν
1115 3133 1404 3209 προφητῶν
1459 3132 1724 3207 θαύματα,
1784 3132 1930 3198 ὅπως

2018 3127 2203 3188 maria
2229 3128 2287 3188 in
2312 3134 2641 3187 extremum
2667 3124 2924 3183 venisset
2946 3120 3664 3207 inopiam”.»ﬁedarguj-

174 3240 175 3245 η
267 3215 298 3270 6
345 3211 657 3280 Ἐλισσαῖος
708 3217 874 3273 ἐποίει
925 3219 986 3273 τὸ
1032 3216 1115 3274 ἐπὶ
1159 3218 1267 3274 τῶν
1316 3218 1486 3299 ἄρτων
1538 3234 1792 3302 σημεῖον,
1840 3223 1927 3279 ὅτε

2017 3226 2110 3279 tur
2141 3227 2334 3279 tamen
2364 3226 2422 3277 et
2442 3216 2711 3277 Andreas
2738 3213 2884 3273 nihil
2920 3213 3162 3302 dignum
3213 3212 3656 3294 Dominocogi-

263 3306 301 3373 ἡ
367 3305 644 3383 Σαμάρεια
696 3307 767 3373 εἷς
811 3306 1041 3386 ἔσχατον
1090 3306 1358 3372 ἀπωλείας
1386 3308 1597 3391 ἦλθεν),
1633 3310 1750 3368 ἀλλ’
1782 3312 1929 3388 ὅμως

2017 3306 2327 3370 tans.Dicit
2361 3306 2514 3366 enim
2546 3326 2560 3364 :
2589 3304 2738 3364 «Sed
2760 3304 2885 3363 haec
2919 3301 3160 3382 quidem
3188 3311 3323 3362 sunt
3354 3303 3511 3365 inter
3542 3314 3656 3365 tam

273 3394 367 3452 καὶ
425 3392 675 3473 ’Δνδρᾶας
727 3396 1038 3478 ἐλέγχεται,
1115 3396 1281 3474 μηδὲν
1342 3399 1554 3465 ἐπάξιον
1592 3402 1687 3459 106
1746 3404 1931 3480 Κυρίου

2017 3398 2263 3458 multos?
2293 3422 2320 3452 ι
2355 3394 2740 3457 Existimabat
2780 3392 2938 3452 enim
2970 3391 3125 3471 quod
3160 3392 3657 3473 multiplicaturus

267 3483 552 3556 ἐννοήσας.
589 3487 731 3554 Φησὶ
753 3488 874 3568 γάρ’
918 3510 946 3543 ε
981 3485 1148 3545 Ἀλλὰ
1176 3496 1341 3547 ταῦτα
1377 3488 1427 3545 τί
1463 3490 1605 3547 ἐστιν
1635 3493 1706 3554 εἷς
1738 3493 1931 3549 τοσού-

2017 3487 2255 3570 quidem
2291 3505 2473 3566 panes
2504 3492 2661 3545 esset
2694 3480 3113 3560 Dominus,sed
3144 3481 3196 3541 si
3224 3492 3423 3542 essent
3444 3484 3666 3563 plures,

264 3595 392 3638 τους
427 3596 444 3648 ;
499 3597 523 3633 ι
590 3574 841 3652 Ἐνόμισε
872 3577 995 3657 γὰρ,
1058 3575 1137 3635 ὅτι
1198 3576 1411 3649 αὐξήσει
1458 3586 1553 3654 μὲν
1596 3580 1733 3646 "sui;
1765 3583 1791 3637 6
1826 3582 1931 3639 K6-

2021 3578 2211 3657 major
2238 3587 2294 3637 et
2330 3575 2741 3655 multiplicatio
2785 3573 2980 3632 futura
3011 3580 3189 3645 esset,
3222 3591 3256 3633 a
3286 3582 3449 3633 recto
3480 3592 3661 3635 sensu

270 3685 386 3743 ριος
419 3663 538 3730 τοὺς
594 3662 807 3745 ἄρτους,
868 3663 990 3722 ἀλλ’
1044 3667 1136 3723 ἐὰν
1169 3667 1304 3735 ἦσαν
1348 3665 1613 3743 πλείονες,
1646 3667 1843 3726 πλείων
1874 3668 1932 3735 ἂν

2018 3685 2262 3748 prorsus
2306 3670 2616 3727 aberrans.
2650 3666 2797 3727 Nam
2848 3660 3137 3721 Dominus
3161 3661 3336 3720 etiam
3371 3680 3441 3721 ex
3475 3663 3660 3724 nihilo

264 3756 357 3810 καὶ
406 3754 443 3821 ἡ
501 3750 716 3822 αὔξησις
773 3754 1004 3835 ἐγίνετο,
1066 3755 1377 3837 ἐπισφαλῶς
1434 3758 1649 3822 πάντως
1682 3764 1836 3816 νοῶν.
1878 3750 1932 3817 Ὀ

2019 3757 2305 3837 potuisset
2331 3774 2513 3836 panes
2542 3752 2867 3833 facere,qni
2902 3752 3085 3813 turbae
3107 3750 3487 3816 sufticerent:
3520 3762 3661 3815 atta.

266 3843 372 3923 γὰρ
440 3842 625 3923 Κύριος
657 3846 744 3902 καὶ
787 3844 846 3902 ἐκ
876 3844 954 3922 μὴ
1005 3844 1171 3904 ὄντων
1225 3844 1459 3916 ἠδύνατο
1516 3847 1703 3926 ἄρτους
1757 3862 1932 3907 ποιεῖν

2018 3864 2156 3908 men
2190 3866 2265 3907 ne.
2288 3847 2591 3907 videretur
2620 3854 2891 3905 creatura
2922 3859 3037 3902 non
3061 3858 3193 3902 esse
3242 3858 3313 3901 ex
3343 3841 3533 3922 ipsius
3561 3861 3659 3904 sa-

264 3938 345 4007 τῷ
388 3931 582 4005 πλήθει
626 3933 914 4016 ἂκροῦντας
948 3950 968 3970 ⁸
1027 3935 1178 4014 ὅμως
1234 3938 1326 3995 ἵνα
1372 3939 1451 4013 μὴ
1496 3937 1620 4016 δόξῃ
1664 3941 1699 4008 ἡ
1767 3940 1932 4004 κτίσις

2022 3936 2265 4016 pientia.
2302 3935 2429 4015 ipsa
2457 3946 2730 3996 creatura
2762 3950 2901 3993 usus
2927 3940 3017 3991 est
3058 3932 3116 3991 in
3143 3931 3451 3992 materiam
3479 3932 3663 3994 mira—

264 4022 521 4104 ἀλλοτρία
578 4029 718 4083 εἶναι
777 4032 878 4095 τῆς
926 4028 1089 4088 αὐτοῦ
1142 4028 1351 4110 σοφίας,
1390 4031 1523 4107 αὐτῇ
1550 4030 1617 4105 τῇ
1646 4033 1812 4086 κτίσει
1838 4029 1932 4086 κέ-

2021 4029 2382 4105 culorum,et
2429 4025 2691 4105 acceptis
2736 4025 3000 4104 quinque
3033 4020 3285 4101 panibus
3310 4021 3391 4082 uti
3423 4025 3668 4085 materia

263 4135 473 4200 χρηται
516 4116 648 4200 πρὸς
681 4115 780 4183 τὴν
824 4118 1073 4175 ὑπόθεσιν
1132 4120 1240 4175 τῶν
1269 4120 1556 4196 θαυμάτων
1591 4138 1606 4153 '
1649 4122 1736 4177 καὶ
1765 4119 1932 4200 ἀφορ-

2022 4115 2657 4198 quadam,pra:clarum
2686 4115 2837 4175 istud
2863 4112 3213 4173 miraculum
3244 4110 3667 4175 t’ecit.Cont‘un-

265 4202 378 4277 μὴν
432 4198 612 4258 λαϐὼν
666 4205 787 4268 τοὺς
851 4203 1064 4284 ἄρτους,
1129 4209 1309 4287 ὥσπερ
1370 4207 1504 4277 ελην
1556 4210 1697 4285 τινὰ,
1770 4198 1932 4275 οὕτως

2022 4208 2239 4268 dantur
2286 4206 2624 4284 Manil-basi,
2657 4204 2927 4264 dicentes
2980 4201 3137 4283 quod
3172 4200 3340 4280 panis
3365 4215 3426 4263 et
3455 4222 3668 4265 omnes

266 4289 531 4348 εἰδοποιεϊ
614 4294 677 4349 16
745 4296 941 4370 θαῦμα,
1028 4298 1474 4378 Αἷσχυνέσθωσαν
1532 4301 1577 4356 οἱ
1638 4306 1932 4380 Μανιχατοι

2023 4306 2311 4357 creaturae
2361 4296 2528 4357 facta;
2574 4293 2692 4353 sint
2723 4311 2755 4353 a
2786 4291 2941 4351 malo
2972 4289 3096 4351 Deo
3134 4311 3147 4347 :
3187 4299 3245 4350 et
3275 4300 3589 4370 prepterea
3617 4296 3664 4353 si

267 4379 546 4460 λέγοντες,
593 4381 674 4440 ὅτι
720 4383 748 4439 ὃ
790 4383 974 4466 ἄρτος,
1016 4387 1106 4443 καὶ
1150 4386 1323 4445 πάντα
1390 4390 1457 4446 τὰ
1514 4389 1569 4446 ἐν
1610 4396 1680 4467 τῇ
1744 4379 1932 4468 κτίσει,

2021 4386 2153 4468 quis
2188 4386 2421 4446 dederit
2461 4384 2547 4445 eis
2596 4400 2831 4462 panem,
2868 4398 2983 4441 non
3028 4379 3325 4458 accipiunt
3373 4381 3538 4441 illum
3590 4383 3667 4443 de

267 4478 364 4529 106
394 4480 632 4551 πονηρού
664 4480 796 4531 Θεοῦ
849 4476 948 4531 εἱσι
1006 4473 1456 4554 δημιουργήματα
1488 4493 1505 4511 ⁸
1554 4480 1642 4535 καὶ
1672 4477 1757 4535 διὰ
1785 4486 1932 4538 τοῦτο

2023 4474 2296 4538 manibus
2328 4474 2620 4547 illius,sed
2655 4472 2856 4553 procul
2889 4469 3131 4551 quidem
3174 4469 3341 4530 illum
3369 4470 3548 4550 abjici
3572 4474 3668 4552 ju-

267 4559 364 4619 ἐάν
395 4583 477 4625 τις
510 4566 696 4627 αὑτοῖς
746 4561 859 4639 δῴη
903 4564 1086 4647 ἄρτον,
1133 4569 1211 4642 μὴ
1256 4564 1618 4633 λαμϐάνοντες
1669 4570 1824 4628 αὐτὸν
1882 4567 1932 4624 ἐκ

2022 4566 2416 4638 bent,stantes
2444 4572 2670 4637 autem,
2703 4573 2760 4623 et
2811 4560 3237 4623 maledicentes
3266 4560 3321 4619 ei
3348 4560 3448 4639 qui
3479 4562 3662 4644 dedit,

264 4658 377 4710 τῶν
408 4651 613 4709 ἐκείνου
656 4657 879 4735 χειρῶν,
945 4652 1083 4712 ἀλλὰ
1142 4653 1413 4735 πόῤῥωθεν
1477 4656 1576 4733 μὲν
1607 4659 1765 4717 αὐτὸν
1792 4657 1932 4735 ῥίψαι

2025 4655 2231 4718 dicunt
2257 4678 2267 4715 :
2296 4654 2405 4727 Qui
2430 4653 2743 4716 seminavit
2778 4650 3242 4730 te,dispergatur
3274 4668 3288 4709 :
3324 4658 3383 4709 et
3402 4651 3504 4730 qni
3542 4652 3679 4730 pin-

267 4742 677 4819 ἐπιτάττοντες,
763 4744 1038 4821 ἱστάμενοι
1124 4743 1177 4801 δὲ
1248 4747 1335 4803 καὶ
1412 4746 1781 4826 καταρώμενοι
1860 4754 1932 4823 τῷ

2021 4748 2138 4807 suit
2182 4756 2259 4815 te,
2298 4744 2565 4826 pinsatur
2601 4760 2802 4815 carne,
2862 4749 2922 4801 et
2969 4737 3209 4801 similia.
3239 4739 3380 4799 εδδ
3405 4738 3666 4804 Confun-

267 4831 415 4889 δόντι
453 4848 467 4862 ’
533 4823 592 4889 Ὀ
665 4834 882 4913 σπείρας
972 4857 1054 4911 σε,
1132 4837 1357 4915 σπορείη
1389 4853 1402 4867 ⁸
1479 4840 1506 4893 6
1554 4823 1776 4907 ⁷ιίιλήσαις
1851 4859 1935 4918 σε,

268 4921 522 4989 ἆλεσθείη
566 4923 661 4987 τὰς
705 4925 929 5005 σάρκας,
973 4927 1062 4983 καὶ
1111 4924 1208 4983 ὅσα
1260 4928 1662 5007 τοιουτότροπα.
1696 4928 1933 5007 Αἰσχυν-

269 5014 514 5070 έσθωσαν
585 5012 673 5069 06v
747 5013 1055 5090 ἀκούοντες,
1143 5014 1224 5072 ὅτι
1292 5019 1319 5073 6
1382 5026 1476 5076 106
1550 5012 1773 5096 ἆγαθοῦ’
1807 5024 1938 5074 Θεοῦ

271 5105 394 5167 Υἱὸς
453 5103 482 5158 6
559 5105 807 5180 Χριστὸς,
882 5105 1067 5184 ἄρτους
1128 5104 1440 5175 ἐπλήθυνεν.
1516 5108 1572 5165 Εἰ
1644 5104 1700 5163 δὲ
1771 5108 1936 5164 κακὸν

264 5195 406 5264 ἦσαν
466 5192 683 5266 κτίσμα,
721 5197 814 5253 οὒκ
873 5193 933 5251 ἂν
996 5198 1023 5252 6
1068 5197 1263 5275 ἀγαθὸς
1319 5198 1381 5254 16
1421 5199 1589 5255 κακὸν
1619 5195 1933 5272 ἐπλήθυνεν,

265 5285 361 5343 ἵνα
408 5284 490 5360 μὴ
521 5280 665 5360 λέγω
688 5286 808 5367 ’καὶ
868 5287 1026 5351 αὒτὸς
1084 5283 1273 5365 ἄρτους
1302 5285 1506 5355 ἤσθιεν.
1539 5283 1690 5345 Ἀλλ’
1722 5285 1934 5367 ἱρωτή-

266 5398 351 5434 σοι
400 5373 463 5431 ἄν
505 5394 590 5437 τις
625 5393 640 5407 ·
687 5361 818 5450 Ἀρα
861 5382 1017 5433 τοῦτο
1088 5378 1149 5433 τὸ
1214 5382 1322 5434 τῶν
1383 5375 1556 5457 ἄρτων
1621 5381 1817 5453 θαῦμα,
1874 5377 1936 5434 16

347 5534 405 5576 ³·
436 5537 603 5597 loan.
644 5546 764 5605 κεν,
804 5536 862 5607 8,
887 5538 946 5598 9.
1035 5533 1091 5581 κ
1116 5534 1196 5601 [ιι
1223 5538 1369 5618 nec.
1403 5552 1482 5613 IV,
1517 5536 1613 5601 38.
1668 5490 1671 5491 ί

2020 4836 2234 4897 dantur
2254 4835 2451 4916 itaque
2478 4834 2785 4895 audientes
2810 4829 2965 4911 quod
2999 4828 3140 4889 boni
3169 4828 3275 4890 Dei
3308 4830 3669 4892 FiliusChri-

2021 4936 2146 4988 stus
2180 4943 2359 5007 panes
2382 4923 2793 5003 multiplicant
2823 4919 2968 4981 Nam
3001 4918 3050 4979 si
3076 4919 3229 4980 mala
3261 4920 3462 4980 fuisset
3493 4940 3665 4983 crea-

2020 5018 2369 5089 tura,bonus
2402 5016 2561 5094 quod
2597 5012 2811 5073 malum
2836 5019 2993 5072 esset
3019 5009 3220 5089 utique
3241 5028 3355 5070 neu
3389 5012 3670 5091 multipli-

2020 5115 2215 5168 cassct
2251 5126 2265 5168 :
2302 5116 2364 5165 ut
2414 5113 2639 5166 taceam
2688 5101 2954 5173 interim,
3009 5098 3163 5179 quod
3212 5108 3270 5160 et
3307 5099 3443 5179 ipse
3489 5119 3669 5180 panes

2019 5194 2599 5257 crmeditﬂazterum
2634 5192 2682 5253 si
2706 5191 2840 5272 quis
2870 5190 3488 5268 interrogaveritmum
3507 5192 3667 5253 idem

2018 5287 2092 5349 sit
2150 5286 2262 5348 hoc
2326 5283 2678 5346 miraculum
2742 5299 2958 5362 panum
3013 5297 3147 5341 cum
3209 5298 3278 5342 eo
3310 5282 3464 5361 quod
3513 5283 3666 5363 apud

2024 5376 2355 5438 Matthaaum
2406 5370 2794 5435 describitur?
2824 5369 3106 5450 dicimus,
3139 5368 3315 5431 Certe
3364 5370 3519 5433 idem
3556 5381 3666 5439 est.
