4178 6412
289 347 448 447 1289
993 381 1441 448 ENARRATIO
1484 382 1568 445 IN
1614 377 2124 445 EVANGELIUM
2169 379 2514 446 JOANNIS.
2561 415 2637 429 —
2667 383 2832 446 CAP.
2881 386 2990 449 VI.
3551 387 3706 454 1290

295 518 536 590 ἔλαττον,
593 518 714 576 ἀλλ’
772 518 1072 600 ἰσαρίθμους
1131 526 1236 576 τῶν
1294 519 1547 594 μαθητῶν
1617 518 1738 580 τοὺς
1799 515 1954 595 κοφί-

2049 522 2243 575 essent
2293 513 2571 594 discipuli
2629 516 2867 596 cophini
2919 517 3333 600 reliquiarum,
3386 531 3448 584 ut
3490 545 3700 588 omnes

299 632 416 672 νους
461 617 568 667 τῶν
624 609 892 686 λειψάνων
935 610 1182 676 ἐποίησαι
1226 616 1584 689 περιττεῦσαι·
1649 607 1741 663 ’ίνα
1772 606 1964 668 πάντες

2049 608 2310 697 gustent,
2347 612 2403 665 et
2435 623 2630 697 neque
2657 604 2840 697 Judas
2875 607 3015 697 ipse
3065 627 3276 690 expers
3305 613 3700 697 relinquatur,

300 700 638 780 βαστάσωσι,
685 706 774 757 καί
830 699 967 776 μηδὲ
997 702 1026 756 ὃ
1073 697 1270 762 Ἰούδας
1304 698 1522 776 ἄμοιρος
1567 695 1961 775 καταλειφθείη,

2049 692 2152 754 scd
2175 692 2403 755 habens
2448 694 2624 755 etiam
2658 696 2771 756 hoc
2805 696 3156 759 miraculum
3200 702 3356 780 quod
3412 692 3703 767 monstret

298 790 416 848 ἀλλ’
491 791 598 872 ἔχῃ
655 793 742 848 καὶ
805 799 960 848 τοῦτο
1017 793 1078 847 τὸ
1135 793 1308 866 θαῦμα
1356 787 1615 845 δεικτικὸν
1663 797 1757 846 τοῦ
1822 785 1963 842 εἶναι

300 884 431 938 Θεὸν
474 884 566 938 τὸν
609 881 770 938 αύτοῦ
811 879 1149 959 διδάσκαλον,
1201 879 1294 936 καί
1339 877 1641 959 ὠφεληθείη
1684 876 1787 933 κάκ
1843 876 1964 931 τού-

296 993 412 1052 του,
474 971 571 1028 κᾶν
615 970 698 1029 διὰ
743 972 842 1039 τὴν
887 975 1044 1030 αὐτοῦ
1082 971 1270 1027 καγίαν
1322 970 1395 1034 είς
1455 967 1764 1046 κατάκρισιν
1820 963 1965 1041 μᾶλ-

296 1060 390 1118 λον
451 1061 612 1118 αὖτοῦ
664 1068 819 1118 τοῦτο
862 1060 1049 1140 γέγονε
1082 1080 1095 1094 ⁸
1151 1061 1240 1116 τὸν
1286 1060 1386 1138 γὰρ
1415 1065 1644 1114 τοσαῦτα
1687 1055 1967 1128 περιττεύ-

300 1174 442 1227 ματα
500 1153 824 1232 ποιήσαντα,
876 1151 927 1217 ἐξ
969 1154 1045 1206 ὧν
1092 1153 1180 1208 καὶ
1224 1151 1376 1214 αὐτὸς
1424 1153 1640 1228 κόφινον
1683 1145 1963 1218 ἐϐάστασε,

295 1250 479 1300 τοῦτον
528 1240 878 1322 προδέδωκεν.
940 1245 1013 1299 Οὒ
1069 1243 1168 1320 γὰρ
1225 1237 1290 1308 δὴ
1336 1240 1513 1314 μάτην
1556 1249 1674 1302 τοῖς
1725 1234 1966 1292 ἀποστό-

301 1331 418 1398 λοις
477 1329 764 1412 προσέταξε
822 1331 1084 1408 βαστάσαι
1163 1330 1285 1394 τοὺς
1370 1329 1638 1408 κοφίνους,
1700 1324 1821 1381 ἀλλ’
1877 1324 1968 1380 ἵνα

301 1421 384 1476 ἀεὶ
441 1421 955 1496 ἀναμιμνήσκωνται
1027 1420 1122 1476 τοῦ
1175 1418 1464 1496 θαύματος,
1531 1416 1605 1479 ὡς
1679 1411 1966 1490 μέλλοντες

299 1511 508 1567 ἔσεσθαι
567 1507 873 1567 διδάσκαλοι
957 1511 1058 1576 τῆς
1139 1506 1481 1582 οἰκουμένης.
1561 1506 1634 1562 Τὸ
1710 1501 1807 1578 μὲν
1869 1502 1969 1590 γὰρ

302 1598 535 1672 πλῆθος,
597 1597 744 1656 οὐδέν
817 1598 956 1678 μέγα
998 1594 1224 1674 ’έμελλον
1267 1595 1645 1675 καρπώσασθαι
1680 1607 1694 1622 ⁶
1762 1613 1971 1669 παραυ-

299 1690 423 1747 τίκα
479 1691 579 1769 γὰρ
670 1687 989 1745 ἐπελάθοντο
1063 1695 1156 1745 τοῦ
1225 1686 1508 1761 θαύματος,
1593 1681 1760 1746 οὕτως
1833 1681 1971 1748 ἦσαν

300 1781 523 1848 ἀνόητοι
550 1796 564 1811 ⁹
640 1780 687 1836 οἱ
744 1778 799 1834 δὲ
859 1779 1113 1854 μαθηταὶ,
1192 1780 1252 1834 οὗ
1322 1776 1387 1830 τὰ
1442 1773 1678 1854 τυχόντα
1747 1769 1971 1846 ἔμελλον

295 1868 608 1948 κερδαίνειν.
693 1869 1038 1944 Μανθάνομεν
1096 1864 1151 1922 δὲ
1210 1866 1316 1922 ἀπὸ
1371 1863 1465 1922 τοῦ
1532 1861 1812 1942 γεγονότος
1892 1858 1970 1948 μὴ

298 1947 668 2040 μικροψυχεῖν
729 1959 781 2015 ἐν
841 1971 963 2020 ταῖς
999 1955 1379 2036 στενοχωρίαις
1431 1959 1531 2021 τῆς
1577 1953 1787 2024 πενίας,
1834 1947 1970 2027 μηδὲ

294 2039 498 2123 δειλιᾷν
570 2039 702 2127 πρὸς
788 2045 1082 2128 φιλοξενίαν
1160 2048 1248 2102 καὶ
1304 2041 1615 2122 μετάδοσιν,
1676 2039 1814 2099 ἀλλὰ
1873 2062 1968 2097 πι-

294 2141 526 2215 στεύειν,
560 2138 641 2196 ὅτι
671 2139 769 2196 κᾶν
820 2136 914 2195 ἕνα
973 2135 1129 2216 ἄρτον
1189 2134 1430 2216 ἔχωμεν,
1482 2132 1744 2199 πληθυνεῖ
1785 2136 1970 2186 τοῦτον

297 2233 326 2288 ὁ
388 2231 455 2287 τὰ
498 2223 730 2287 τοσαῦτα
790 2235 1122 2308 περιττεῦσαι
1169 2225 1400 2294 ποιήσας
1440 2226 1506 2279 ἐκ
1556 2221 1714 2279 πέντε
1771 2217 1967 2297 ἄρτων,

305 2324 436 2379 Κατ’
489 2318 814 2398 ἀλληγορίαν
863 2302 946 2398 δὲ,
1009 2316 1098 2373 ὅτε
1155 2314 1504 2395 ἐκπεφοίτηκε
1560 2315 1666 2369 τῶν
1744 2302 1962 2388 Ἱεροσοη

293 2410 478 2487 λύμων
536 2412 563 2466 ὁ
623 2409 831 2488 Κύριος,
891 2408 1028 2464 κατὰ
1070 2408 1132 2463 τὸ
1193 2405 1246 2461 ἐν
1304 2404 1601 2484 προφήταις
1666 2399 1966 2478 εἰρημένον,

303 2523 332 2561 ιι
380 2498 848 2580 Ἐγκαταλέλοιπα
892 2499 985 2554 τὸν
1043 2495 1196 2552 οἶκόν
1241 2517 1365 2569 μου,
1404 2495 1585 2573 ἀφῆκα
1628 2490 1727 2558 τὴν
1764 2488 1968 2580 κληρο-

295 2579 486 2668 νομίαν
517 2613 640 2666 μου.
680 2609 708 2648 )
745 2589 866 2646 τότε
929 2585 993 2654 δὴ
1052 2588 1126 2651 εἷς
1172 2585 1272 2652 τὴν
1315 2582 1603 2639 Γαλιλαίαν
1646 2583 1750 2636 τῶν
1807 2579 1966 2635 ἐθνῶν

300 2680 534 2755 ἔπεισιν,
612 2680 732 2745 τοὺς
845 2678 1080 2740 ἐθνικοὺς
1191 2669 1742 2753 προσλαμϐανόμενος
1777 2685 1791 2698 '
1881 2673 1970 2724 καὶ

302 2770 474 2852 ὄχλος
532 2772 675 2844 αὖτῷ
731 2768 896 2831 πολὺς
928 2765 1233 2828 ἀκολουθεῖ,
1284 2762 1512 2820 ’¹·Ανεισι
1544 2758 1598 2816 δὲ
1631 2761 1703 2823 είς
1731 2759 1793 2814 τὸ
1823 2756 1966 2838 ὅρος,

301 2848 420 2928 ἤτοι
510 2861 581 2919 εἰς
652 2861 743 2914 τὸν
821 2859 1066 2935 σταυρὸν,
1155 2853 1248 2910 ’ίνα
1317 2857 1519 2916 πάντας
1579 2848 1775 2926 ἐλκύσῃ
1836 2849 1968 2927 πρὸς

305 2951 515 3028 ἑαυτὸν,
573 2949 609 3016 ἢ
668 2948 741 3011 εἷς
801 2948 894 3001 τὸν
951 2946 1191 3022 οὐρανὸν,
1253 2945 1323 3009 εἷς
1399 2942 1498 3008 τὴν
1553 2938 1820 3017 θεοπρεπῆ
1880 2960 1967 2993 τι-

303 3040 414 3116 μὴν
471 3039 559 3095 καὶ
616 3035 793 3101 δόξαν.
869 3031 1216 3114 Ἀναληφθεὶς
1296 3033 1396 3109 γὰρ
1454 3032 1525 3095 εἰς
1595 3030 1835 3108 οὐρανὸν,
1881 3029 1969 3084 καὶ

301 3134 377 3194 ὡς
440 3129 570 3192 Θεὸς
619 3125 751 3205 παρ’
827 3127 983 3200 ἡμῶν
1069 3121 1443 3200 δοξαζόμενος,
1517 3122 1605 3176 καὶ
1673 3120 1751 3194 μὴ
1813 3117 1968 3193 ψιλὸς

305 3219 606 3298 ἅνθρωπος,
654 3217 727 3278 εἷς
784 3213 903 3294 ὅρος
965 3211 1207 3268 ἀνελθεῖν
1251 3209 1461 3289 λέγεται
1497 3225 1510 3239 ⁶

299 3310 420 3390 περὶ
465 3307 620 3363 αὐτοῦ
652 3303 850 3380 ἔννοια,
884 3301 1030 3382 ὄρος,
1081 3298 1359 3357 Διαπίδωσι
1408 3297 1463 3356 δὲ
1506 3300 1642 3374 ἡμῖν
1686 3311 1805 3361 τοῖς
1848 3312 1972 3363 ταῖς

298 3399 459 3458 πέντε
556 3398 860 3466 αἰσθήσεσιν
972 3390 1408 3464 ὑποπεπτωκόσι,
1520 3388 1640 3451 τοὺς
1722 3386 1970 3466 λογικοὺς

297 3490 483 3570 ἄρτους
528 3487 682 3544 πέντε
748 3487 834 3542 καὶ
896 3483 1083 3546 αὐτοὺς
1141 3480 1321 3544 ὄντας,
1378 3471 1614 3556 Ἐκαίστη
1647 3478 1746 3557 γὰρ
1776 3479 1967 3547 αἰσθή-

304 3565 384 3637 σέι
415 3581 508 3635 τὸν
548 3576 851 3656 πρόσφορον
905 3571 1059 3651 ἄρτον
1108 3569 1310 3645 δίδωσι,
1356 3568 1476 3638 ἤτοι
1517 3569 1609 3624 τὸν
1638 3565 1798 3644 λόγον
1829 3583 1844 3598 ⁸
1892 3569 1966 3631 ὡς

299 3671 388 3727 καὶ
419 3653 624 3729 Παῦλος
656 3653 800 3742 λέγει
839 3685 851 3698 ·
917 3685 945 3716 α
978 3660 1128 3718 Θέλω
1185 3659 1343 3716 πέντε
1370 3657 1561 3734 λόγους
1591 3655 1645 3712 ἐν
1675 3653 1966 3729 Ἐκκλησία

299 3758 560 3836 λαλῆσαι,
618 3755 741 3816 τοὺς
798 3752 923 3816 ταῖς
970 3750 1125 3807 πέντε
1186 3746 1392 3816 δηλαδὴ
1436 3748 1740 3836 αίσθήσεσιν
1791 3745 1966 3826 ἁρμό-

298 3857 488 3921 ζοντας
519 3834 647 3925 πρὸς
681 3841 980 3921 διόρθωσιν,
1018 3863 1046 3894 ι
1085 3843 1156 3898 Οὐ
1220 3839 1402 3914 μέντοι
1461 3834 1727 3898 δυνάμεθα
1755 3839 1967 3900 τούτους

300 3940 424 4003 τοὺς
478 3924 634 3993 πέντε
695 3931 887 4011 λόγους
939 3929 1095 3993 ὅλους
1156 3940 1508 4010 καταφαγεῖν,
1571 3924 1706 3981 ἀλλὰ
1749 3926 1834 3980 καὶ
1865 3946 1967 3980 πε-

297 4028 640 4109 ριττεύουσιν.
703 4027 775 4083 Οὐ
860 4023 960 4100 γὰρ
1020 4041 1098 4084 τις
1176 4017 1390 4076 δύναται
1450 4018 1605 4093 ἡμῶν
1666 4014 1820 4080 ὅλους
1869 4023 1961 4072 τοῦ

297 4105 588 4196 μυστηρίου
645 4116 765 4176 τοὺς
815 4111 1006 4190 λόγους
1063 4115 1340 4191 χωρῆσαι,
1403 4105 1540 4165 ἂλλὰ
1582 4107 1647 4163 τὰ
1676 4107 1812 4181 ἡμῖν
1842 4118 1960 4169 τοῖς

295 4195 636 4284 ὗλικωτέροις
695 4201 949 4280 ἀνέφικτα
988 4202 1076 4257 καὶ
1132 4198 1344 4280 ἄϐρωτα
1406 4202 1454 4254 οἱ
1504 4195 1794 4253 ἀπόστολοι
1860 4196 1959 4272 βα-

2047 784 2162 847 sibi
2194 787 2381 878 Deum
2410 805 2550 878 esse
2582 787 2950 870 magistrum,
2983 790 3119 850 inde
3139 791 3453 856 utilitatem
3485 797 3699 878 capiat:

2048 876 2313 956 quamvis
2343 877 2518 938 etiam
2555 878 2667 938 hoc
2700 887 2945 959 propter
2975 879 3253 941 malitiam
3298 885 3430 962 ejus
3459 885 3519 947 in
3551 876 3702 949 con-

2049 963 2492 1027 demnationem
2518 967 2702 1046 ipsius
2732 967 3149 1041 cesserit;eum
3188 973 3346 1033 enim
3379 974 3481 1054 qui
3515 985 3706 1039 tantas

2049 1055 2332 1148 reliquias
2358 1056 2682 1148 iecerat,de
2706 1058 2926 1148 quibus
2948 1069 3006 1119 et
3036 1060 3164 1140 ipse
3196 1063 3516 1141 cophinum
3560 1086 3704 1148 por-

2054 1145 2217 1237 tavit,
2247 1144 2664 1237 prodidit.Non
2683 1146 2844 1208 enim
2869 1166 2997 1209 sme
3030 1167 3206 1211 causa
3236 1144 3704 1237 imperavitapo-

2053 1233 2219 1296 stolis
2252 1244 2314 1296 ut
2336 1236 2628 1316 cophinos
2659 1239 3097 1318 gestarent,sed
3131 1247 3192 1300 ut
3221 1258 3461 1323 semper
3485 1233 3706 1308 memo-

2052 1343 2151 1386 res
2175 1339 2377 1387 essent
2408 1326 2702 1397 miraculi,
2739 1335 2942 1408 utpote
2991 1327 3259 1407 magistri
3302 1332 3467 1395 orbis
3496 1335 3702 1401 futuri.

2051 1412 2199 1476 Nam
2217 1415 2532 1476 multitudo
2546 1415 2786 1507 quidem
2804 1435 2927 1507 non
2946 1435 3222 1507 magnam
3242 1420 3551 1485 utilitatem
3579 1444 3710 1507 per-

2052 1512 2296 1583 ceptura
2329 1504 2688 1580 erat,statim
2721 1503 2881 1566 enim
2914 1504 3378 1571 obliviscebatur
3409 1503 3707 1588 miraculi;

2051 1602 2111 1656 at
2130 1594 2408 1675 discipuli
2424 1614 2543 1656 non
2565 1594 2802 1674 vulgare
2824 1595 3054 1657 lucrum
3072 1596 3214 1659 inde
3237 1598 3499 1662 habituri
3516 1614 3704 1669 erant.

2051 1682 2364 1746 Discamus
2401 1683 2541 1744 item
2577 1702 2646 1744 ex
2679 1683 2792 1744 hoc
2826 1682 3112 1746 miraculo
3170 1705 3245 1748 ne
3295 1690 3708 1768 pusillanimes

2053 1772 2239 1834 simus
2260 1772 2322 1834 in
2339 1772 2627 1852 angustiis
2642 1780 2700 1833 et
2718 1781 3288 1855 paupertate,neque
3309 1777 3498 1840 timidi
3522 1782 3709 1844 simus

2054 1862 2116 1923 in
2170 1863 2576 1943 hospitalitate
2629 1871 2687 1923 et
2745 1864 3192 1941 communione;
3240 1867 3344 1928 sed
3393 1871 3708 1934 credamus

2055 1952 2214 2032 quod
2248 1953 2422 2014 etiam
2482 1952 2532 2013 si
2589 1971 2774 2012 unum
2837 1959 3058 2014 tantum
3113 1972 3322 2034 panem
3356 1957 3704 2037 habeamus,

2053 2040 2220 2102 illum
2259 2041 2758 2120 multiplicaturus
2792 2040 2886 2118 sit,
2917 2042 3014 2122 qui
3044 2060 3110 2104 ex
3146 2043 3405 2126 quinque
3457 2049 3709 2128 panibus

2054 2139 2280 2193 tantum
2315 2148 2632 2212 superesse
2662 2131 2824 2192 fecit.
2853 2133 2968 2194 Per
2988 2132 3330 2211 allegoriam
3355 2145 3552 2200 autem
3584 2142 3710 2203 Do-

2054 2218 2252 2308 minus
2278 2219 2513 2299 quando
2537 2219 2710 2280 exivit
2737 2218 3166 2300 Hierosolyma,
3186 2225 3514 2286 secundum
3550 2229 3707 2308 quod

2052 2307 2115 2369 in
2157 2309 2463 2390 prophetis
2518 2309 2741 2370 dictum
2799 2308 2955 2370 est.”
2992 2329 3006 2372 :
3047 2310 3403 2392 «Dereliqui
3464 2307 3705 2378 domum

2053 2418 2272 2481 meam,
2304 2399 2943 2479 reliquihaereditatem
2975 2418 3169 2461 meam
3208 2420 3221 2464 :
3259 2428 3286 2459 ι
3317 2412 3457 2466 tunc
3485 2408 3706 2468 sanein

2052 2489 2354 2553 Galilaeam
2407 2488 2670 2568 gentium
2721 2490 2900 2565 vadit,
2949 2491 3202 2567 gentiles
3255 2494 3614 2576 suscipiens,
3649 2507 3707 2560 et

2053 2578 2224 2640 turba
2273 2579 2457 2640 illlum
2503 2597 2714 2657 magna
2741 2579 3032 2659 sequitur.
3067 2581 3354 2644 Ascendit
3413 2595 3610 2648 autem
3644 2587 3704 2648 in

2055 2678 2341 2743 montem,
2375 2671 2484 2731 hoc
2515 2679 2605 2730 est
2633 2687 2899 2745 crucem,
2937 2679 2998 2731 ut
3040 2674 3113 2733 ad
3173 2691 3236 2734 se
3269 2674 3459 2755 rapiat
3493 2696 3707 2741 omnes

2051 2761 2142 2822 vel
2171 2759 2233 2820 in
2270 2758 2590 2839 caelum,ad
2623 2759 2913 2821 honorem
2947 2768 3005 2822 et
3035 2760 3412 2840 gloriamDeo
3438 2765 3702 2846 dignam.

2051 2850 2126 2913 Ut
2155 2849 2312 2910 enim
2374 2847 2647 2909 ascendit
2688 2847 2749 2908 in
2781 2848 2964 2910 caelos
2995 2858 3052 2911 et
3083 2850 3403 2930 gloriﬁcari
3458 2858 3637 2936 cwpit
3675 2878 3709 2919 a

2054 2940 2227 3002 nobis
2248 2947 2310 2999 ut
2333 2937 2513 3012 Deus,
2550 2945 2607 2998 et
2638 2955 2756 2997 non
2789 2938 3068 3000 utnudus
3110 2941 3313 3016 homo,
3349 2942 3408 3002 in
3442 2954 3706 3008 montem

2051 3028 2394 3091 ascendisse
2437 3025 2680 3088 dicitur.
2716 3024 3004 3116 Sublimis
3035 3029 3197 3090 enim
3227 3029 3301 3089 de
3331 3030 3438 3093 illo
3473 3033 3704 3116 opinio,

2053 3137 2225 3180 mons
2258 3126 2368 3179 est.
2406 3118 2515 3178 Dat
2544 3125 2744 3176 autem
2794 3115 2993 3187 nobis,
3028 3119 3368 3198 quicunque
3429 3115 3708 3187 sensibus

1573 3211 1607 3278 ἡ
1640 3209 1738 3288 γὰρ
1780 3206 2023 3283 ὑψηλὴο
2047 3207 2305 3289 subjeeti
2339 3224 2566 3280 sumus,
2601 3205 2922 3266 rationales
2952 3224 3136 3286 panes
3157 3207 3445 3289 quinque,
3478 3213 3616 3293 quia
3651 3221 3710 3277 et

2057 3297 2172 3380 ipsi
2203 3297 2465 3379 quinque
2496 3303 2674 3357 sunt:
2709 3293 3035 3376 unicuique
3067 3295 3227 3357 enim
3251 3299 3452 3360 sensui
3481 3320 3704 3365 conve-

2057 3388 2321 3452 nientem
2356 3403 2569 3467 panem
2602 3385 2720 3457 dat,
2771 3385 2885 3445 hoc
2915 3393 3006 3446 est
3054 3403 3394 3449 sermonem
3426 3407 3439 3452 :
3468 3391 3620 3453 sicut
3648 3403 3708 3455 et

2055 3479 2268 3541 Paulus
2299 3473 2516 3538 dicit”.
2531 3473 2718 3536 «Volo
2734 3473 3001 3555 quinque
3022 3493 3335 3538 sermones
3360 3481 3418 3539 in
3441 3480 3707 3545 Ecclesia

2051 3568 2214 3651 loqui
2257 3567 2358 3650 qui
2411 3567 2670 3647 quinque
2725 3583 3010 3626 sensuum
3050 3564 3429 3629 mditicationi
3479 3590 3702 3634 conve-

2049 3655 2416 3722 niant.»Non
2438 3673 2751 3737 possumus
2769 3662 2964 3716 autem
2989 3654 3251 3735 quinque
3277 3674 3586 3723 sermones
3607 3664 3706 3724 in-

2049 3762 2249 3828 tegros
2281 3746 2632 3826 capere,sed
2662 3763 2731 3807 ex
2764 3743 2851 3805 eis
2865 3743 3170 3806 abundant
3191 3745 3706 3827 reliquiae.Nullus

2049 3837 2210 3899 enim
2237 3844 2429 3916 potest
2454 3835 2720 3914 integros
2743 3835 3151 3915 mysteriorum
3187 3854 3498 3902 sermones
3531 3860 3707 3922 cape-

2050 3928 2251 4008 re,sed
2278 3944 2410 4006 quae
2434 3942 2544 3987 nos
2563 3943 2774 4004 capere
2798 3931 2856 3983 et
2877 3924 3195 3986 comedere
3216 3935 3414 4007 utpote
3435 3933 3707 3996 carnales

2053 4035 2173 4078 non
2193 4013 3236 4098 possumus,apostoligestant,quasi
3255 4017 3311 4077 in
3327 4018 3591 4100 quinque
3611 4043 3706 4087 co-

2054 4106 2410 4188 phinis,suis
2427 4105 2605 4184 justis
2627 4104 3230 4185 animabus.Cophini
3260 4126 3328 4169 ex
3361 4111 3542 4172 ramis
3572 4115 3702 4192 pal-

2055 4215 2285 4260 marum
2317 4204 2476 4273 sunt;
2508 4217 2534 4254 (
2567 4198 2769 4256 Justus
2798 4203 2997 4256 autem
3027 4205 3091 4256 ut
3123 4196 3314 4277 palma
3345 4200 3697 4267 ﬂorebit39.a

300 4296 600 4373 στάζουσιν,
656 4291 860 4369 ὥσπερ,
922 4288 975 4344 ’έν
1027 4311 1132 4345 τισι
1189 4289 1450 4368 κοφίνοις,
1502 4300 1626 4351 ταῖς
1686 4287 1885 4344 ἑαυτῶν
1940 4285 2168 4353 δικαίαις
2229 4293 2459 4367 ψυχαῖς.
2514 4289 2573 4344 Οἱ
2639 4287 2739 4365 γὰρ
2771 4287 3002 4365 κόφινοι,
3038 4286 3096 4342 ἐκ
3139 4289 3312 4362 βα’ίων
3346 4295 3649 4368 φοινικίνων
3681 4315 3697 4329 ⁸

307 4410 332 4444 ιι
388 4387 601 4449 Δίκαιος
630 4380 708 4462 δὲ,
753 4381 824 4445 ὡς
855 4378 1029 4460 φοῖνιξ
1059 4379 1300 4449 ἀνθήσει.
1349 4401 1378 4434 ι

386 4499 414 4530 α
448 4477 508 4532 Οἱ
540 4474 628 4530 οὖν
686 4469 975 4550 ἄνθρωποι,
1007 4465 1205 4531 ἰδόντες
1264 4469 1327 4523 τὸ
1369 4480 1606 4543 σημεῖον
1638 4466 1667 4522 ὃ
1710 4465 1958 4534 ἐποίησεν

2125 4466 2311 4532 Vnus.
2348 4467 2556 4542 14,15.
2597 4487 2620 4522 α
2648 4463 2737 4526 Illi
2771 4483 2912 4544 ergo
2945 4463 3220 4526 homines
3251 4485 3384 4528 cum
3414 4470 3700 4537 vidissent

298 4572 326 4624 ὁ
370 4564 604 4642 Ἰησοῦς,
660 4559 846 4638 ’έλεγον
903 4557 1009 4630 ὅτι,
1065 4556 1228 4621 Οὗτός
1261 4557 1402 4614 ἐστιν
1446 4555 1658 4623 ἀληθῶς
1689 4559 1716 4612 ὁ
1747 4558 1961 4636 προφή-

292 4656 464 4724 τηςὸ
509 4651 802 4732 ἐρχόμενος
835 4649 908 4712 εἷς
960 4648 1050 4705 τὸν
1111 4647 1338 4723 κόσμον.
1382 4645 1591 4713 Ἰησοῦς
1649 4644 1763 4719 οὗν,
1805 4646 1959 4725 γνοὺς

293 4747 375 4804 ὅτι
421 4742 702 4821 μέλλουσιν
782 4737 1055 4818 ἔρχεσθαι,
1140 4739 1227 4793 καὶ
1302 4735 1551 4816 ἁρπάζειν
1612 4734 1792 4809 αὐτὸν,
1869 4734 1958 4792 ἵνα

293 4837 593 4906 ποιήσωσιν
654 4830 812 4887 αὒτὸν
884 4825 1132 4907 βασιλέα,
1180 4826 1499 4906 ἀνεχώρησε
1557 4822 1721 4881 πάλιν
1780 4825 1852 4888 εἷς
1897 4837 1957 4881 το

293 4925 412 4994 ὅρος
469 4923 625 4984 «ora;
669 4926 855 4995 μόνος.
891 4936 922 4976 )
991 4907 1136 4996 ’Ὅρα
1205 4917 1302 4984 τὴν
1380 4914 1794 4994 γαστριμαργίαν
1865 4915 1958 4971 τοῦ

295 5013 527 5084 πλήθους
563 5031 578 5046 ·
667 5009 823 5088 μυρία
893 5006 1135 5082 θαύματα
1200 5007 1530 5076 ποιήσαντος
1604 5012 1696 5060 τού
1753 5004 1953 5085 Ἰησοῦ,

292 5107 382 5163 καὶ
432 5101 857 5179 θαυμασιώτερα,
935 5100 1028 5156 οὐκ
1113 5098 1404 5175 ἐθαύμαζον
1438 5112 1452 5127 ⁶
1516 5098 1604 5153 καὶ
1695 5094 1801 5152 ἰδοὺ
1873 5094 1955 5154 διὰ

292 5197 394 5265 τήν
449 5186 671 5273 βρῶσιν,
722 5213 746 5245 ι
816 5191 1003 5263 Οὗτος,
1061 5190 1238 5270 φασὶν,
1304 5187 1443 5244 ἔστιν
1503 5189 1531 5243 ὁ
1573 5186 1879 5266 προφήτης.
1922 5209 1950 5241 κ

295 5287 403 5345 Οὒκ
460 5272 535 5340 ἔτι
590 5281 733 5353 αὐτῷ
792 5280 911 5357 περὶ
967 5278 1066 5346 τῆς
1121 5285 1213 5334 τοῦ
1269 5274 1542 5333 Σαϐϐάτω
1605 5272 1954 5354 παραϐάσεως

290 5375 629 5455 ἐγκαλοῦσιν,
675 5373 770 5428 οὒκ
825 5367 900 5424 ἔτι
957 5371 1049 5426 τὸν
1094 5369 1256 5444 νόμον
1313 5365 1605 5423 ἐκδικοῦσιν
1642 5382 1655 5396 ⁶
1693 5364 1829 5422 ἀλλὰ
1858 5387 1954 5422 το-

296 5474 480 5526 σοῦτον
560 5460 644 5520 διὰ
711 5461 834 5525 τοὺς
905 5457 1091 5539 ἄρτους
1169 5458 1325 5514 αὐτὸν
1375 5463 1626 5533 τιμῶσιν,
1699 5456 1834 5512 ὣστε
1895 5455 1954 5512 οὒ

2043 4557 2198 4638 quod
2231 4555 2405 4619 Jesus
2441 4557 2662 4617 fecerat
2695 4554 2954 4633 signum,
2989 4552 3287 4618 dicebant:
3310 4557 3419 4619 Hic
3442 4571 3531 4622 est
3561 4582 3700 4627 vere

2043 4646 2334 4728 propheta
2358 4646 2456 4706 ille
2480 4643 2581 4726 qui
2609 4652 2894 4704 venturus
2945 4651 3035 4706 est
3082 4643 3140 4703 in
3177 4646 3484 4710 mundum.
3521 4654 3698 4715 Jesus

2042 4755 2186 4816 ergo
2218 4755 2349 4798 cum
2387 4733 2759 4814 cognovisset
2785 4732 2943 4813 quod
2977 4734 3208 4794 venturi
3241 4750 3463 4808 essent,
3498 4757 3565 4801 ac
3595 4760 3698 4803 ra-

2044 4826 2198 4906 pturi
2247 4827 2444 4907 ipsum
2504 4834 2562 4886 ut
2610 4824 2878 4885 facerent
2925 4823 3116 4903 ipsum
3169 4842 3396 4907 regem,
3451 4832 3694 4894 secessit

2039 4918 2252 4978 iterum
2269 4915 2396 4995 ipse
2410 4915 2470 4976 in
2486 4924 2748 4976 montem
2769 4910 3356 4992 solus.»Videgulam
3372 4917 3691 4997 vulgi,cum

2040 5006 2279 5068 fecisset
2299 5006 2613 5066 innumera
2630 5003 3004 5081 miracula,et
3018 5001 3160 5061 585
3179 5005 3694 5083 mirabiliora,non

2041 5095 2588 5168 admirabantur,et
2614 5112 2756 5155 ecce
2789 5101 3035 5173 propter
3064 5093 3262 5154 cibum
3292 5095 3692 5171 dicunt,:Hoc

2041 5193 2132 5248 est
2160 5186 2259 5248 ille
2290 5185 2597 5266 propheta.
2635 5205 2662 5243 ι
2699 5181 2828 5244 Non
2859 5182 3116 5263 amplius
3165 5202 3300 5244 eum
3347 5185 3421 5247 de
3451 5185 3693 5251 Sabbati

2038 5275 2358 5338 violatione
2382 5280 2660 5353 arguunt,
2698 5291 2816 5333 non
2840 5271 2994 5333 ultra
3018 5271 3210 5352 legem
3237 5274 3564 5355 vindicant,
3586 5280 3690 5341 sed

2038 5365 2186 5429 adeo
2218 5365 2382 5426 illum
2439 5373 2683 5444 propter
2715 5380 2897 5442 panes
2949 5362 3172 5436 colunt,
3219 5374 3283 5425 ut
3315 5376 3374 5425 et
3404 5385 3540 5427 eum
3572 5389 3693 5432 non

2037 5454 2233 5518 solum
2261 5460 2609 5535 prophetam
2635 5452 2983 5534 praedicent,
3020 5453 3122 5514 sed
3150 5461 3208 5514 et
3231 5452 3473 5532 dignum
3501 5475 3690 5538 regno

296 5557 457 5632 μόνον
512 5552 794 5634 προφήτην
854 5549 1281 5627 ἀναγορεύουσιν,
1342 5545 1479 5603 ἀλλὰ
1545 5548 1632 5602 καὶ
1681 5545 1951 5623 βασιλείας

2049 5549 2425 5610 :enseant.At
2456 5543 2556 5605 ille
2575 5542 3030 5623 fugit.erudiens
3065 5561 3172 5605 nos
3198 5545 3527 5608 mundanas
3550 5569 3689 5612 con-

368 5711 419 5756 3"
450 5714 676 5778 Jerem.
712 5728 818 5789 xu,
859 5712 888 5772 7
973 5707 1079 5773 ³⁸1
1108 5707 1246 5775 Cor.
1278 5724 1407 5786 XIV,
1441 5709 1538 5771 19.
1628 5705 1682 5752 ³ο
1707 5706 1861 5773 Psal.
1898 5725 2016 5790 cxx,
2051 5707 2148 5772 13.

621 5889 881 5950 PATBOL.
929 5892 1042 5949 tiu.
1091 5889 1358 5949 CXXIII.

3265 5888 3369 5950 41.
