4178 6408
502 363 651 428 1291
1475 360 2075 426 THEOPHYLACTI
2118 361 2152 421 Ε

2266 360 2534 427 ιϐΑΒΙιΕ
2576 364 2937 430 ARCHIEP.
3746 364 3916 431 1992

498 508 771 560 temnere
801 496 1141 577 dignitates.
1181 520 1213 551 ε
1245 493 1489 557 Secedit
1534 502 1733 557 autem
1797 497 1855 558 in
1891 503 2148 557 montem

2263 492 2385 561 ίξιον
2439 498 2671 560 οἴονται.
2733 497 2884 557 Ἀλλ’
2933 498 3139 563 ἐκεῖνος
3183 502 3387 581 φεύγει,
3448 501 3713 558 παιδεύων
3754 504 3913 577 ἡμᾶς

497 589 628 669 ipse
659 587 844 663 solus,
885 610 908 645 ι
949 585 1113 648 nullo
1162 585 1594 667 discipulorum
1644 592 1972 666 assumpto,
2033 605 2147 667 quo

2265 591 2337 643 ῶν
2394 594 2669 665 γοσμικῶν
2756 604 3108 670 καταφρονεῖν
3192 590 3532 666 ἀξιωμάτων.
3593 589 3915 671 Ἀναχωρετ

501 678 734 745 illorum
761 675 1044 759 probaret
1073 675 1616 751 desiderium,num
1647 674 1876 737 ferrent
1903 676 1989 737 sui
2039 674 2148 738 ab-

2263 675 2287 731 ὲ
2343 678 2417 741 εἰς
2468 681 2531 736 τὸ
2574 680 2693 760 ὄρος
2752 682 2904 745 αὐτὸς
2976 682 3165 756 μόνος,
3222 678 3427 757 μηδένα
3482 687 3590 737 τῶν
3645 683 3912 756 μαθητῶν

500 768 775 831 sentiam.
2230 764 2555 847 παραλαϐών
2580 786 2596 803 ⁸
2657 772 2732 836 ὥς
2772 770 2835 827 ἂν
2892 771 3063 828 αὐτῶν
3119 772 3210 827 τὸν
3260 770 3421 828 πόθον
3465 768 3751 848 δοκιμάσῃ,
3810 766 3912 827 καὶ

2232 855 2277 911 εἰ
2306 856 2625 939 μὴᾼφέρουσι
2656 861 2756 927 τὴν
2786 861 2943 917 αὐτοῦ
2969 858 3242 939 στέρησιν.

581 949 765 1011 Vens.
802 947 1019 1011 16-24.
1062 969 1085 1003 ι
1121 946 1197 1007 At
1227 946 1329 1009 ubi
1352 947 1477 1027 jam
1507 962 1758 1026 vespera
1791 952 1975 1021 esset,
2006 943 2146 1008 des-

2322 966 2347 1002 σ
2398 937 2493 1014 ὀξ
2559 947 2614 1006 δὲ
2685 950 2814 1026 ὀψία
2883 937 3125 1029 ὶγένετ-ο,
3189 946 3494 1015 κατέϐησαν
3564 950 3613 1006 οἱ
3668 950 3909 1025 μαθηταὶ

500 1038 837 1101 cenderunt
867 1034 1149 1117 discipuli
1192 1036 1320 1115 ejus
1368 1034 1442 1098 ad
1502 1052 1686 1115 mare,
1719 1042 1779 1097 et
1822 1052 2150 1097 conscensa

2258 1036 2395 1094 ιῦτοῦ
2451 1039 2525 1105 εἰς
2581 1041 2682 1110 τὴν
2723 1038 3017 1101 θάλασσαν.
3068 1042 3174 1098 Καὶ
3202 1037 3459 1116 ἐμϐάντες
3490 1040 3565 1104 εἷς
3594 1040 3657 1096 τὸ
3684 1036 3908 1115 πλοῖον,

502 1128 653 1202 navi,
679 1133 967 1188 venerunt
995 1126 1248 1205 trajecto
1280 1124 1429 1187 mari
1478 1123 1553 1185 ad
1600 1123 1883 1205 oppidum
1924 1123 2152 1205 Caper-

2259 1123 2473 1205 ἱρχοντο
2531 1129 2697 1210 πέραν
2740 1132 2839 1197 τῆς
2901 1127 3174 1198 θαλάσσης
3237 1131 3310 1193 εἰς
3371 1129 3746 1208 Καπερναούμ.
3805 1128 3909 1187 Καὶ

501 1236 703 1280 naum.
723 1214 976 1295 Jamque
1006 1213 1273 1275 tenebrae
1301 1220 1493 1294 erant,
1528 1231 1639 1275 nec
1675 1220 1919 1275 venerat
1944 1213 2019 1275 ad
2051 1232 2151 1275 eos

2258 1216 2423 1274 ηιοτία
2480 1217 2584 1288 ἤδη
2639 1219 2907 1299 εγεγόνει,
2962 1222 3053 1277 καὶ
3105 1224 3201 1280 οὒκ
3257 1218 3499 1291 ἑλήλυθει
3549 1221 3681 1299 πρὸς
3714 1218 3908 1281 αὐτοὺς

496 1307 690 1371 Jesus.
722 1305 879 1368 Mare
909 1308 1110 1367 autem
1140 1310 1315 1365 vento
1341 1321 1556 1381 magno
1587 1302 1768 1364 ﬂante
1793 1301 2146 1366 intumesce-

2260 1336 2265 1355 ι
2322 1303 2555 1375 Ἰησοῦς.
2620 1298 2705 1367 ’Ἦ
2752 1298 2823 1368 τε
2879 1308 3119 1367 θάλασσα
3175 1308 3374 1384 ἀνέμου
3417 1298 3669 1373 πνέοντος
3702 1307 3910 1387 διηγεί-

500 1396 621 1460 bat.
653 1398 799 1459 Cum
837 1392 1233 1470 remigassent
1270 1409 1410 1471 ergo
1472 1392 1662 1454 ferme
1716 1390 1916 1454 stadia
1943 1392 2150 1472 viginti

2259 1416 2378 1455 lato.
2439 1397 2803 1467 Ἐληλακότες
2888 1400 2978 1456 οὖν
3036 1402 3111 1464 ὣς
3170 1400 3408 1463 σταδίους
3472 1399 3798 1457 εἰκοσιπέντε
3868 1397 3909 1460 ἢ

500 1487 765 1569 quinque
793 1494 895 1546 aut
932 1481 1194 1562 triginta,
1238 1481 1437 1543 vident
1481 1479 1686 1543 Jesuni
1746 1478 2150 1543 ambulantem

2258 1486 2541 1564 τριάκοντα,
2602 1491 2856 1569 θεωροῦσι
2924 1491 3017 1546 τὸν
3086 1489 3294 1556 ἰησοῦν
3372 1495 3758 1569 περιπατοῦντα
3815 1484 3908 1545 ἰπὶ

503 1593 683 1657 super
713 1591 877 1636 mare
905 1579 965 1634 et
991 1570 1564 1653 appropinquantem
1605 1570 1762 1654 navi,
1817 1588 1885 1633 ac
1937 1572 2153 1634 timue-

2258 1582 2336 1646 τῆς
2393 1576 2687 1647 θαλάσσης.
2724 1580 2811 1635 καὶ
2871 1578 3028 1659 ἑγγῖις
3079 1586 3175 1636 τοῦ
3216 1578 3403 1637 πλοίου
3434 1578 3718 1658 γενόμενον
3753 1592 3768 1607 ⁸
3816 1578 3908 1633 καὶ

502 1673 664 1729 runt.
696 1663 805 1727 Ille
826 1670 1023 1726 autem
1053 1661 1197 1723 dicit
1225 1661 1334 1725 eis:
1357 1663 1479 1741 Ego
1512 1679 1668 1738 sum,
1699 1660 1883 1725 nolite
1911 1660 2148 1725 timere.

2258 1664 2601 1749 ίφοόήθησαν.
2653 1660 2711 1728 ι0
2770 1667 2825 1725 δὲ
2882 1668 3028 1748 λέγει
3100 1671 3284 1736 αὐτοῖς
3315 1684 3330 1701 ⁸
3411 1667 3553 1747 Ἐγώ
3633 1670 3765 1744 εἶμι,
3824 1667 3908 1743 μὴ

505 1756 833 1819 Voluerunt
856 1769 997 1833 ergo
1028 1750 1301 1832 recipere
1329 1768 1466 1814 eum
1519 1750 1605 1839 in,
1632 1751 1856 1826 navim,
1885 1760 1946 1813 et
1985 1749 2153 1815 illico

2252 1754 2510 1839 ροϐεῖσθε,
2561 1758 2809 1817 ’Ἦθελον
2857 1759 2946 1817 οὖν
3005 1756 3195 1816 λαϐεῖν
3251 1761 3408 1818 αὐτὸν
3467 1760 3540 1820 εὶς
3589 1759 3652 1814 τὸ
3681 1755 3902 1833 πλοῖον,

502 1849 666 1909 navis
693 1823 1001 1926 appuler'at
1030 1823 1203 1903 terra;
1238 1840 1310 1903 ad
1341 1858 1519 1922 quam
1570 1838 1760 1903 ibant.
1796 1823 2152 1905 {Dominus

2254 1823 2323 1905 tul
2376 1847 2562 1929 εὐθέως
2593 1850 2653 1907 τὸ
2683 1846 2876 1907 πλοῖον
2904 1848 3117 1929 ἑγένετο
3145 1846 3233 1906 ἐπὶ
3262 1853 3364 1916 τῆς
3421 1852 3526 1927 γῆς
3556 1848 3630 1911 εἷς
3660 1845 3727 1914 ἢν
3754 1823 3904 1913 {nr-7;;

503 1934 748 2018 quidem
772 1930 1113 1995 ascenditiu
1128 1937 1391 1992 montem
1414 1930 2151 2013 solus,ut,sicutdiximus,

2256 1960 2355 2018 rev.
2387 1960 2417 1993 ι
2489 1928 2549 1997 ’0
2604 1938 2705 2016 μὲν
2763 1928 2955 2017 Κύριος
2980 1936 3179 1995 ἄνεισιν
3209 1939 3283 2002 εἷς
3326 1960 3388 2015 το
3419 1937 3539 2018 ὄρος
3572 1936 3760 2013 μόνος,
3783 1934 3906 2016 ἵνα,

502 2026 716 2107 probet
734 2022 1102 2085 desiderium
1124 2019 1555 2100 discipulorum
1575 2039 1650 2082 an
1672 2018 1976 2101 inquirant
1991 2040 2149 2086 eum.

2253 2024 2413 2089 ιαθὼς
2474 2025 2743 2104 εἴπωμεν,
2804 2025 3070 2104 δοκιμάσῃ
3115 2028 3208 2084 τὸν
3260 2027 3424 2084 πόθον
3472 2031 3579 2083 τῶν
3623 2029 3903 2102 μαθητῶν,

501 2118 582 2177 At
610 2114 697 2175 illi
727 2111 1123 2191 expectabant
1154 2125 1348 2190 usque
1379 2109 1456 2171 ad
1484 2127 1795 2191 vesperam
1844 2123 2151 2192 sperantes

2250 2116 2282 2172 εἰ
2338 2114 2689 2187 ιπιζητοῦσιν
2734 2115 2917 2177 αὐτόν.
2980 2120 3040 2175 Οἱ
3089 2114 3170 2187 δὲ,
3205 2115 3545 2195 περιμένουσι
3594 2116 3691 2192 μὲν
3740 2116 3900 2171 αὐτὸν

499 2214 813 2269 venturum
847 2203 1076 2283 ipsum:
1114 2206 1171 2261 et
1203 2218 1339 2261 cum
1398 2218 1517 2261 non
1569 2199 1820 2273 veniret,
1854 2220 1974 2263 non
2006 2202 2149 2264 tole‘

2252 2205 2397 2285 ἱχρις
2457 2207 2638 2283 ὀψίας,
2684 2204 3082 2287 προσδοκῶντες
3128 2204 3273 2273 ἥξειν
3323 2205 3479 2264 αὐτόν
3515 2221 3532 2237 ⁶
3580 2205 3660 2282 μὴ
3717 2202 3902 2261 ἦλθόν-

500 2291 845 2369 robant,sed
874 2289 1181 2377 desiderio
1208 2289 1511 2369 quaerendi
1542 2289 1709 2351 illum
1742 2290 1982 2353 accensi
2015 2311 2150 2354 con-

2253 2316 2328 2359 ξος
2386 2294 2464 2371 δὲ,
2530 2298 2625 2354 οὐκ
2658 2296 2971 2377 ἀνέχονται,
3003 2294 3141 2353 ἀλλὰ
3196 2297 3331 2376 πρὸς
3383 2297 3609 2368 ζήτησιν
3640 2297 3799 2354 αὐτοῦ
3822 2302 3903 2368 τῷ

501 2381 795 2444 scendunt
822 2379 885 2439 in
908 2376 1263 2440 navim.Non
1287 2377 1447 2439 enim
1468 2386 1690 2441 temere
1714 2389 1775 2442 et
1794 2380 1944 2443 forte
1967 2399 2151 2443 evan-

2251 2384 2384 2459 rrdOcp
2440 2376 2800 2462 κεντούμενοι,
2877 2376 3212 2463 ἐμϐαίνουσιν
3282 2390 3355 2452 εἰς
3444 2389 3505 2443 τὸ
3562 2384 3778 2445 πλοῖον.
3824 2383 3901 2443 Οὔ

501 2472 711 2552 gelista
740 2479 972 2550 tempus
993 2467 1525 2557 manifestavit,sed
1552 2486 1660 2549 per
1692 2470 1805 2531 hoc
1837 2471 2151 2533 vehemen-

2246 2474 2336 2552 γὰρ
2395 2473 2605 2551 ἅπλῶς,
2666 2479 2755 2533 καὶ
2784 2479 2857 2539 ὡς
2891 2475 3111 2557 ἔτυχεν,
3144 2476 3173 2533 ό
3204 2474 3582 2555 εὖαγγελιστὴς
3630 2476 3722 2531 τὸν
3769 2494 3896 2529 και-

502 2572 621 2624 tem
682 2560 917 2622 illorum
978 2555 1326 2619 cbaritatem
1385 2557 1729 2635 declaravit,
1756 2558 1912 2640 quod
1958 2578 2152 2641 neque

2249 2565 2324 2620 >ὸν
2368 2561 2659 2638 ἐδήλωσεν,
2718 2564 2857 2622 ἀλλὰ
2911 2555 3026 2624 Sui"
3055 2566 3245 2624 τούτου
3273 2566 3374 2634 τήν
3404 2562 3631 2646 σφοδρὰν
3678 2563 3899 2642 ἀγάπην

507 2667 759 2731 vespera
782 2667 884 2710 eos
912 2646 1245 2709 retinuerit.
1308 2646 1585 2708 Permisit
1634 2656 1832 2711 autem
1864 2667 1968 2710 eos
1995 2658 2150 2711 tem-

2241 2654 2404 2711 αὐτῶν
2464 2651 2754 2734 ἐμφαίνων,
2815 2652 2896 2711 ὅτι
2968 2652 3085 2712 οὒδὲ
3129 2652 3323 2733 ἑσπέρα
3367 2654 3550 2719 αὐτοὺς
3601 2652 3891 2733 κατέσχεν.

503 2747 730 2821 pestate
748 2735 1370 2818 periliclitari,utfacta
1392 2744 1522 2816 post
1551 2746 1962 2817 tempestatem
1988 2747 2144 2801 tran-

2246 2738 2451 2822 Ἀφίησι
2501 2740 2556 2798 δὲ
2615 2744 2803 2808 αὐτοὺς
2854 2745 3242 2824 χειμασθῆναι,
3302 2743 3395 2801 ἵνα
3448 2742 3509 2800 ἐκ
3563 2750 3654 2799 τοῦ
3696 2739 3896 2799 κλύδω-

502 2825 1112 2910 quillitate,miraculo
1146 2824 1330 2903 magis
1353 2826 1784 2903 lmtarentur,et
1812 2826 2151 2891 indelebilis

2246 2851 2323 2894 νος
2404 2829 2647 2910 γαλήνης
2727 2832 3141 2913 ἐπιγενομένης,
3224 2840 3303 2909 τῷ
3379 2834 3618 2913 γεγονότι
3690 2828 3896 2909 μᾶλλον

503 2918 795 2981 memoria
823 2918 914 2978 sui
946 2915 1185 2977 illorum
1217 2914 1560 2995 pectoribus
1582 2915 1891 2979 insideret.
1912 2918 2153 2981 Assistit

2245 2918 2648 3001 ἐπευφρανθῶσι,
2724 2922 2812 2979 καὶ
2883 2923 3236 2991 ἆνεπίληστος
3307 2924 3342 2991 ἡ
3431 2924 3624 2999 μνήμη
3708 2919 3895 2977 τούτου

500 3018 695 3071 autem
720 3007 839 3067 illis
857 3024 992 3067 cum
1018 3012 1342 3085 tempestas
1369 3013 1550 3087 esset,
1572 3014 1630 3067 et
1658 3024 1938 3069 sermone
1967 3008 2148 3071 timo-

2245 3022 2356 3075 ταῖς
2414 3013 2585 3069 αὐτῶν
2644 3009 2877 3092 καρδίαις
2936 3012 3266 3090 ἐνσημανθῇ.
3315 3009 3621 3092 Ἐφίσταται
3681 3010 3734 3068 δὲ
3789 3011 3895 3067 αὒ-

466 3142 471 3149 .
500 3117 629 3160 rem
656 3098 905 3178 ejiciens
930 3100 991 3158 et
1010 3093 1498 3175 tranquillitatem
1526 3096 1588 3157 in
1605 3097 1753 3158 mari
1773 3097 2110 3174 faciens,du

2245 3112 2350 3164 τοῖς
2384 3101 2825 3184 χειμαζομένοις,
2876 3104 2966 3160 καὶ
3020 3102 3105 3163 διὰ
3148 3110 3240 3161 τοῦ
3282 3101 3445 3181 λόγου
3484 3104 3577 3161 τόν
3630 3123 3689 3159 τε
3731 3098 3895 3183 φόϐον

502 3188 713 3269 plicem
734 3186 1119 3250 serenitatem
1142 3193 1445 3263 Operatur,
1481 3185 1743 3249 sedando
1768 3194 1883 3248 tam
1916 3188 2148 3251 anima-

2237 3186 2501 3271 ἱκϐάλλει,
2553 3192 2641 3248 καὶ
2688 3191 2801 3269 ἅμα
2872 3192 3116 3271 γαλήνην
3174 3198 3244 3271 τῇ
3302 3191 3545 3270 θαλάσσῃ
3618 3192 3838 3269 έμποιεῖ
3872 3204 3887 3220 ⁶

501 3297 635 3343 rum
653 3296 829 3359 quam
848 3274 1031 3337 maris
1053 3274 1678 3338 turbationem.Porro
1704 3276 1763 3337 in
1796 3294 2004 3339 navem
2029 3298 2147 3341 non

2242 3279 2319 3337 ιαῖ
2371 3277 2567 3349 διπλῆν
2613 3278 2783 3341 εὐδίαν
2839 3280 3138 3361 ὶργάζεται,
3183 3288 3291 3341 τῶν
3357 3303 3416 3339 τε
3470 3286 3664 3362 ψυχῶν
3720 3281 3892 3339 αὒεῶν

498 3367 769 3431 ascendit
786 3364 1137 3427 miraculum
1152 3363 1267 3443 maj
1277 3382 1343 3424 us
1353 3364 1565 3453 facere
1583 3365 1966 3429 volens.Vide
1986 3370 2145 3430 enim

2239 3369 2318 3425 ut
2370 3373 2471 3437 τῆς
2528 3369 2800 3439 θαλάσσης
2844 3372 3076 3449 πραΰνας
3104 3372 3205 3439 τὴν
3252 3374 3525 3453 ταραχῦὴ
3570 3374 3678 3431 Οὔκ
3724 3366 3889 3437 ἆνέόη

504 3460 612 3521 tria
634 3456 919 3519 miracula
946 3475 961 3515 :
996 3452 1368 3534 unum,1uod
1400 3453 1717 3517 ambularit
1746 3475 1930 3538 super
1957 3476 2144 3538 mare;

2241 3456 2288 3514 δὲ
2358 3459 2432 3524 εἷς
2483 3460 2545 3516 τὸ
2596 3459 2813 3542 πλοῖον,
2873 3463 2935 3520 τὸ
3018 3465 3192 3538 θαῦμα
3249 3452 3438 3538 μεῖζον
3510 3456 3891 3542 ἑργάσ[ασθ]αι

498 3550 851 3623 secundum,
880 3545 1037 3627 quod
1091 3545 1530 3624 compescuerit
1581 3546 1821 3620 ﬂuctus;
1882 3549 2145 3627 tertium,

2238 3546 2580 3625 βουλόμενος.
2638 3539 2787 3629 ιὈρα
2843 3551 2943 3631 γὰρ
3014 3551 3132 3629 τρία
3188 3552 3254 3609 τὰ
3309 3539 3603 3627 θαύματα·
3669 3539 3746 3626 ἓν,
3807 3547 3888 3606 ὅτι

495 3639 657 3721 quod
688 3638 880 3700 statim
934 3653 1143 3695 navem
1195 3634 1403 3696 fecerit
1430 3652 1565 3699 esse
1597 3634 1659 3697 in
1681 3641 1841 3699 terra
1874 3637 1936 3699 in
1971 3658 2145 3720 quam

2239 3639 2539 3719 περιεπάτει
2583 3640 2670 3699 ἰπὶ
2723 3641 2823 3710 τῆς
2876 3639 3149 3710 θαλάσσης
3187 3658 3201 3672 '
3261 3638 3522 3719 δεύτερον,
3601 3638 3682 3698 ὄτι
3725 3659 3889 3698 κατε-

487 3730 671 3801 ibant,
706 3725 973 3809 quamvis
1008 3723 1265 3785 multum
1286 3724 1526 3786 abesset
1553 3743 1588 3786 a
1620 3734 1778 3788 terra
1798 3746 1933 3811 cum
1961 3728 2137 3791 assis-

2239 3728 2463 3808 στώρεσε
2520 3731 2586 3788 τὰ
2650 3733 2863 3807 κύματα
2897 3751 2914 3770 ο
3010 3732 3209 3812 τρίτον,
3287 3732 3349 3788 τὸ
3424 3731 3615 3795 εὐθέως
3670 3734 3889 3797 ποιῆσαι

492 3826 646 3881 teret
677 3818 733 3879 ei
764 3814 1076 3878 Dominus.
1102 3813 1285 3891 Igitur
1307 3812 1934 3895 transieruutquidem
1962 3818 2142 3880 Judasi

2241 3819 2480 3897 γενέσθαι
2526 3822 2589 3879 τὸ
2646 3820 2849 3879 πλοῖον
2911 3820 2998 3879 ἐπὶ
3064 3821 3165 3889 τὴν
3222 3822 3349 3900 γῆν,
3409 3822 3482 3887 είς
3533 3820 3602 3888 ἢν
3665 3822 3889 3899 ὑπῆγον,

498 3927 660 3971 mare
689 3907 986 3978 Rubrum,
1023 3904 1177 3964 duce
1210 3904 1377 3965 Mose
1409 3902 1699 3983 ‘°;verum
1732 3906 1833 3968 ille
1857 3921 1924 3967 ut
1954 3927 2148 3970 servus

2244 3909 2415 3966 καίτοι
2472 3908 2608 3967 πολὺ
2656 3909 2861 3991 ἀπεῖχε
2914 3915 3015 3979 τῆς
3072 3915 3203 3990 γῆς,
3254 3910 3342 3969 ὅτε
3393 3911 3565 3986 τούτῳ
3626 3910 3825 3977 ἱπέστη
3865 3910 3894 3965 ὃ

505 4018 600 4061 om
617 3999 714 4059 nia
745 3994 1001 4059 faciebat
1023 4002 1083 4055 et
1113 3993 1553 4075 precabatur;at
1582 3993 1679 4055 hic
1697 3996 1860 4057 omni
1882 4015 2015 4058 cum
2049 4016 2155 4078 po-

2245 3998 2462 4078 Κόριος.
2520 3996 2781 4067 Διέϐησαν
2835 4000 2935 4076 μὲν
3004 3999 3095 4057 οὖν
3150 4002 3240 4057 καὶ
3287 3997 3537 4059 Ἰουδαῖοι
3581 4001 3678 4069 τὴν
3735 3998 3891 4079 Ἐρυ-

503 4085 813 4151 testate.Et
841 4083 965 4144 illic
995 4084 1175 4144 ﬂante
1205 4090 1408 4143 austro
1431 4083 1681 4145 cedebat
1707 4103 1880 4165 aqua,
1903 4094 1966 4147 ut
1987 4087 2153 4167 quasi

2242 4089 2392 4168 θρὰν,
2451 4089 2688 4154 Μωσέως
2748 4090 3071 4171 ἡγουμένου,
3159 4089 3281 4148 ἀλλ’
3362 4090 3569 4155 ἐκεῖνος
3655 4090 3753 4167 μὲν
3819 4092 3891 4153 ὡς

502 4179 563 4241 in
598 4177 768 4239 arida
811 4175 980 4237 daret
1026 4172 1370 4243 transitum;
1407 4172 1517 4234 hoc
1569 4181 1764 4235 autem
1800 4174 1931 4237 loco
1963 4177 2152 4255 majus

2244 4175 2427 4241 δοῦλος
2488 4180 2661 4236 πάντα
2728 4181 2994 4260 εἰργάζετο
3042 4181 3131 4237 καὶ
3182 4180 3478 4261 εὐχόμενος
3514 4200 3530 4214 ⁸
3597 4182 3749 4245 οὗτος
3814 4178 3888 4255 δὲ,

504 4268 853 4329 miraculum
883 4262 1225 4324 fit.Manens
1254 4261 1412 4322 enim
1447 4265 1503 4324 in
1536 4280 1642 4324 sua
1665 4274 1874 4326 natura
1899 4266 2154 4346 mare,in

2240 4267 2358 4343 μετ’
2416 4267 2647 4335 ἔξουσίας
2702 4270 2945 4339 ἀπάσης,
3005 4273 3175 4330 Κάκεῖ
3220 4271 3316 4347 μὲν
3368 4270 3520 4329 νότου
3548 4271 3890 4343 πνεύσαντος,

503 4358 821 4438 superﬁcie
845 4370 949 4413 sua
974 4350 1204 4411 ferebat
1228 4351 1639 4425 Dominum,ut
1658 4352 2009 4433 impleretnr
2026 4373 2153 4435 pro-

2241 4358 2352 4424 εἶξε
2410 4361 2470 4415 τὸ
2515 4356 2674 4439 ὕδωρ,
2735 4360 2873 4417 ὥστε
2933 4360 3018 4418 ἐπὶ
3077 4360 3237 4440 ξηρᾶς
3285 4363 3506 4427 ποιῆσαι
3560 4358 3843 4440 παρελθεῖν
3872 4376 3887 4392 ⁸

505 4442 871 4528 pheticum“
913 4465 925 4506 :
966 4464 988 4498 α
1028 4441 1137 4511 Qui
1167 4440 1424 4502 ambulat
1478 4460 1657 4522 super
1689 4461 1851 4505 mare
1885 4455 1947 4505 ut
1977 4461 2155 4526 super

2241 4449 2461 4505 ενταῦθα
2512 4446 2590 4522 δὲ,
2644 4457 2830 4524 μεῖζον
2885 4452 2947 4507 τὸ
2995 4455 3168 4526 θαῦμα
3224 4448 3457 4529 ἐγένετο,
3510 4449 3751 4507 Μένουσα
3795 4451 3891 4531 γὰρ

505 4540 925 4619 pavimentum.
965 4559 990 4588 »
1024 4532 1181 4594 Multi
1207 4541 1403 4593 autem
1440 4541 1496 4593 et
1527 4552 1684 4594 nunc
1717 4553 1924 4596 Sumus
1954 4535 2012 4597 in
2043 4540 2155 4625 spij

2244 4540 2330 4594 ἒπὶ
2384 4544 2480 4605 τῆς
2536 4540 2729 4605 οἰκείας
2806 4541 3012 4619 φύσεως
3067 4542 3102 4609 ἡ
3174 4539 3434 4614 θάλασσα,
3522 4539 3686 4604 οὕτως
3746 4539 3890 4621 ἔφερε

507 4628 817 4689 ritualibus
870 4623 1156 4701 tenebris,
1190 4631 1246 4682 et
1306 4622 1714 4701 periclitamur
1764 4626 1819 4684 in
1871 4622 2157 4705 spirituall

2245 4628 2335 4684 τὸν
2394 4629 2677 4711 ΔεσπότηνΔ
2725 4628 2809 4687 ἐπὶ
2853 4635 2958 4686 τῶν
2986 4630 3195 4704 νώτων,
3225 4630 3320 4687 ἵνα
3348 4629 3607 4710 πληρωθῇ
3652 4632 3716 4687 τὸ
3758 4653 3891 4711 προ-

506 4720 649 4779 mari
684 4714 1011 4792 submergi;
1046 4713 1149 4773 sed
1185 4712 1552 4792 excipiamus
1578 4714 1901 4789 Christum,
1938 4724 1997 4777 et
2026 4736 2156 4777 um-

2242 4718 2467 4797 φητικόν
2504 4733 2517 4748 ⁸
2584 4740 2608 4775 ε
2664 4707 2721 4776 Ὀ
2764 4724 3071 4790 περιπατῶν
3118 4720 3204 4777 ἐπὶ
3247 4707 3518 4788 θαλάσσης
3563 4723 3637 4784 ὡς
3666 4720 3752 4778 ἐπὶ
3781 4707 3892 4777 ἐδά-

507 4810 645 4869 nino
673 4828 705 4869 a
733 4804 1012 4887 periculis
1042 4802 1425 4865 salvabimur.
1460 4802 1531 4862 Et
1562 4806 1830 4883 quamvis
1879 4825 2037 4885 saepe
2059 4817 2156 4867 tu-

2241 4830 2391 4887 φους,
2430 4832 2457 4863 »
2504 4807 2697 4864 Πολλοὶ
2750 4812 2838 4866 καὶ
2882 4816 2969 4865 νῦν
3027 4810 3186 4886 ἐσμεν
3232 4810 3287 4867 ἐν
3330 4812 3506 4885 σκότῳ
3573 4818 3651 4887 τῷ
3694 4818 3890 4886 νοητῷ,

506 4899 727 4959 multus
761 4895 1015 4957 excitent
1048 4891 1218 4952 nobis
1251 4891 1613 4971 quitlein,vel
1646 4894 1889 4968 diaboli,
1924 4896 2010 4957 vel
2047 4898 2155 4957 ho-

2242 4899 2329 4953 καὶ
2382 4896 2747 4975 κινδυνεύομεν
2793 4899 2849 4955 ἐν
2905 4907 2974 4977 τῇ
3017 4900 3261 4978 θαλάσση
3316 4908 3386 4979 τῇ
3434 4909 3603 4979 νοητῇ
3632 4904 3892 4960 καταπνί-

505 4990 699 5051 mines
755 4991 1043 5046 tto-ntantes
1092 4999 1220 5054 nos,
1263 4990 1320 5041 et
1375 5000 1479 5060 per
1532 4991 1791 5044 terrores
1842 4980 2155 5047 molientes

2239 4990 2422 5065 γεσθαι
2461 5005 2475 5018 ·
2554 4986 2674 5046 ἁλλ’
2755 4988 3126 5067 ὑποδεξώμεθα
3192 4994 3438 5068 Χριστὸν,
3515 4998 3603 5049 καὶ
3685 4993 3889 5058 πάντως

501 5078 643 5138 586
703 5096 807 5136 nos
848 5081 1188 5143 concuterc,
1247 5069 1556 5131 audiamus
1604 5080 1800 5134 tamen
1854 5072 2151 5137 Christum

2238 5079 2590 5154 σωθησόμεθα
2648 5082 2753 5137 ἀπὸ
2800 5087 2907 5136 τῶν
2969 5079 3219 5139 κινδύνων
3254 5102 3270 5117 ⁸
3331 5081 3430 5139 κᾶν
3489 5080 3747 5147 πολλάκις
3790 5083 3884 5162 pri-

503 5170 854 5229 clamantem
896 5181 909 5225 :
953 5186 976 5220 ι
1013 5160 1097 5221 Ne
1128 5160 1408 5232 timeatis,
1444 5179 1551 5238 ego
1584 5181 1735 5222 sum.
1783 5190 1803 5216 π)
1833 5166 2000 5237 Quod
2042 5184 2152 5227 au-

2239 5165 2359 5231 6ους
2420 5168 2774 5249 ἐπεισάγουσιν
2838 5174 2974 5247 ἡμῖν
3052 5193 3215 5246 τινες,
3271 5174 3607 5253 πειράζοντες
3661 5160 3813 5248 ἡμᾶς
3852 5174 3889 5241 ἢ

507 5268 622 5319 tem
649 5260 811 5324 dicit,
849 5256 1004 5314 hunc
1030 5252 1207 5312 habet
1237 5269 1479 5311 sensum
1517 5271 1529 5312 :
1564 5250 1883 5314 Terribilia
1912 5255 2151 5335 quidem

2238 5254 2505 5341 δαίμονες,
2566 5263 2601 5329 ἢ
2660 5259 2947 5340 ἂνθρωποι,
3010 5264 3099 5319 καὶ
3142 5261 3226 5319 διὰ
3286 5266 3377 5321 τὸν
3407 5260 3567 5344 φόϐον
3608 5268 3888 5342 πειρῶνται

505 5355 886 5427 praetereunt,
916 5343 1049 5404 ideo
1083 5360 1157 5402 ne
1182 5342 1441 5403 timeatis
1467 5360 1537 5401 ea
1574 5362 1705 5423 qua;
1746 5353 2102 5421 praetereunt
2133 5365 2145 5409 :

2237 5348 2375 5422 ἡμᾶς
2434 5352 2733 5427 κατασείεν,
2797 5351 3110 5428 ἀκούσωμεν
3166 5360 3286 5433 τοῦ.
3326 5342 3553 5433 Χριστοῦ
3605 5354 3838 5431 βοῶντος
3873 5373 3887 5390 ⁸

502 5424 632 5516 Ego
657 5448 855 5497 autem
884 5453 1042 5505 sum,
1075 5440 1186 5493 hoc
1208 5439 1559 5512 estsemper
1589 5453 1856 5509 manens,
1893 5447 1949 5496 et
1994 5435 2151 5499 sicut

2240 5460 2263 5491 ι
2307 5438 2395 5506 Μὴ
2456 5424 2729 5520 φοϐεῖσθε,
2801 5439 2909 5519 ἐγώ
2967 5424 3098 5519 εἶμι.
3160 5466 3189 5497 ι
3250 5424 3327 5501 "o
3372 5424 3427 5499 ἐξ
3458 5424 3627 5524 λέγει,
3659 5446 3890 5502 τοιοῦτόν

503 5525 660 5587 Deus
687 5544 797 5605 ego
828 5542 960 5586 sum
1001 5523 1101 5583 ille
1134 5522 1240 5601 qui
1278 5530 1390 5584 est.
1455 5525 1660 5603 Itaque
1689 5525 1827 5604 quia
1858 5526 2148 5589 terribilia

2240 5527 2340 5585 itm
2378 5547 2392 5563 ⁸
2432 5532 2506 5587 Τὰ
2563 5529 2662 5606 μὶν
2715 5528 2913 5610 φοϐερὰ
2956 5531 3345 5614 παρέρχονται,
3396 5531 3477 5591 διὸ
3648 5530 3890 5616 φοϐεῖσθε

579 5690 641 5736 ω
670 5686 853 5748 Exod.
891 5701 1014 5756 XIV,
1046 5681 1149 5747 29.
1234 5683 1285 5731 ιί
1320 5681 1477 5745 Paal.
1510 5698 1645 5757 va,
1678 5684 1736 5749 6.
