4178 6438
255 445 274 507 1
288 443 406 509 293

243 584 321 640 τὸ
390 585 800 666 παρερχόμενα.

240 673 409 753 μένω,
479 675 573 730 καὶ
627 675 704 738 ὡς
749 675 878 740 Θεὸς
933 673 1043 752 ἐγὼ
1072 675 1327 754 τυγχάνω
1356 677 1383 732 6
1412 675 1509 736 ὧν.
1563 676 1715 734 Ἐπεὶ
1744 679 1914 736 τοίνυν

240 763 310 820 τὰ
365 763 465 839 μὲν
538 761 738 844 φοϐερὰ
814 763 1133 843 πρόσκαιρα,
1181 786 1269 820 και
1324 767 1423 822 οὐκ
1478 764 1691 834 ἀληθῶς
1761 765 1908 842 ὄντα,

243 853 351 932 ἐγὼ
393 850 450 908 δέ
508 853 642 928 εἶμι,
702 853 817 910 ἀντὶ
859 859 976 928 τοῦ,
1023 852 1191 929 μένω,
1247 855 1338 910 καὶ
1401 852 1649 913 ούδέποτε
1707 856 1910 938 παρέρ-

249 963 451 1021 χομαι,
519 939 637 998 ἀλλ’
683 940 898 1010 ἀληθῶς
941 943 1074 1019 εἰμι,
1132 943 1210 1018 μὴ
1252 941 1489 1023 προδῶτε
1531 945 1628 1014 τὴν
1685 948 1758 1010 εἷς
1814 945 1907 1022 εμὲ

247 1034 421 1090 πίστιν
473 1028 558 1089 διὰ
614 1034 682 1090 τὰ
731 1034 1050 1114 πρόσκαιρα,
1088 1025 1242 1115 ’Ὅρα
1291 1033 1345 1091 δέ
1396 1057 1512 1111 μοι,
1545 1042 1662 1101 πῶς
1707 1041 1800 1097 οὒκ
1855 1036 1908 1093 έν

249 1121 400 1202 ἀρχῇ
426 1129 520 1179 τοῦ
577 1121 838 1197 κινδύνου,
896 1121 1014 1181 ἀλλ’
1044 1122 1100 1180 έν
1129 1125 1279 1202 ἆκμῆ
1324 1125 1651 1204 ὶπιφαίνεται
1701 1129 1729 1184 6
1775 1135 1908 1206 Χρι-

251 1211 399 1285 στὸς,
464 1212 554 1267 καὶ
614 1210 730 1268 λύει
790 1215 881 1269 τὸν
936 1210 1123 1293 φόϐον.
1183 1213 1282 1287 Ἐᾆ
1324 1215 1424 1291 γὰρ
1465 1217 1609 1290 ἡμᾶς
1641 1216 1696 1272 ἐν
1727 1216 1909 1292 μέσοις

248 1299 492 1377 γενέσθαι
547 1314 668 1366 τοῖς
723 1299 944 1383 δεινοῖς,
1004 1302 1096 1359 ’ίνα
1167 1303 1520 1368 παλαίσαντες
1573 1305 1642 1374 τῆ
1709 1305 1907 1382 θλίψει,

243 1389 335 1447 καί
417 1389 756 1468 πιεσθέντες,
842 1389 1191 1472 δοκιμώτεροι
1269 1395 1547 1471 γενώμεθα
1577 1409 1592 1424 ·
1676 1396 1766 1451 καὶ
1819 1394 1913 1450 ’ίνα

240 1479 562 1549 κινήσαντες
620 1486 798 1538 πᾶσαν
837 1481 936 1549 τὴν
992 1481 1256 1560 ἡμετέραν
1313 1478 1531 1558 δύναμιν
1582 1483 1669 1540 καὶ
1698 1486 1910 1564 σοφίαν,

241 1570 335 1624 καὶ
374 1568 616 1645 εύρόντες
670 1571 835 1639 αὐτὴν
897 1570 1116 1646 ἀσθενῆ,
1179 1572 1308 1649 πρὸς
1377 1571 1584 1629 ἐκεῖνον
1643 1575 1914 1653 καταφεύ-

937 451 1038 514 ΕΝ
1041 451 1383 514 ΑΒΗΑΤΙΟ
1427 451 1508 514 IN
1556 452 1916 516 EVANGEL

2007 455 2063 516 Μ
2106 453 2452 521 JOANNIS.
2495 489 2578 507 --
2615 457 2782 523 CAP.
2832 459 2983 527 VI...

892 583 1036 662 Ἐγω
1118 583 1173 639 δέ
1258 585 1387 666 εἰμὶ,
1475 585 1766 670 τουτέστιν,
1825 585 1906 643 ἀεὶ

2004 586 2230 667 ιιιίόοηι
2259 592 2619 673 temporaria
2637 599 2796 670 sunt,
2832 601 2891 655 et
2912 612 3030 654 non
3061 611 3200 655 vere
3232 601 3508 670 sunt.ego
3530 612 3644 656 au-

3493 456 3643 523 1294

1997 683 2114 739 tem
2147 696 2304 752 sum,
2343 680 2455 742 hoc
2483 689 2575 742 est
2604 699 2841 758 maneo,
2874 690 2933 743 et
2964 701 3264 763 nunquam
3327 689 3640 762 praetereo,

1993 771 2055 826 et
2083 783 2222 829 vere
2247 785 2402 844 sum,
2433 788 2509 831 ne
2539 769 2800 851 prodatis
2833 777 3084 833 vestram
3107 771 3168 833 in
3198 788 3293 832 me
3317 769 3492 832 fidem
3512 788 3644 852 pro-

1994 863 2127 936 pter
2163 858 2535 939 temporalia.
2571 857 2722 923 Vide
2763 868 2984 934 autem,
3014 861 3291 935 obsecro,
3347 859 3645 941 quomodo

1993 962 2112 1007 non
2141 946 2334 1008 statim
2366 947 2440 1010 ab
2465 947 2633 1011 initio
2668 949 2940 1031 periculi,
2973 949 3078 1012 sed
3109 950 3169 1012 in
3200 949 3434 1013 fervore
3457 968 3644 1032 appa-

1992 1043 2085 1098 ret
2115 1035 2383 1099 Christus
2433 1045 2492 1100 et
2522 1038 2699 1101 solvit
2758 1049 3001 1102 metum.
3051 1038 3207 1102 Sinit
3237 1039 3397 1101 enim
3429 1058 3539 1102 nos
3585 1040 3647 1102 in

1994 1124 2214 1187 mediis
2238 1145 2371 1190 esse
2403 1127 2786 1209 periculis,ut
2815 1148 2947 1191 cum
2979 1131 3405 1192 certaverimus
3443 1129 3506 1192 in
3538 1130 3646 1192 tri-

1995 1212 2296 1278 bulatione
2320 1227 2381 1280 et
2403 1219 2588 1299 pressi
2623 1219 2932 1292 fuerimus,
2991 1219 3363 1301 probatiores
3410 1218 3642 1298 ﬁamus,

1997 1312 2056 1366 et
2086 1313 2147 1366 ut
2170 1325 2303 1368 cum
2332 1308 2676 1371 noverimus
2691 1328 2933 1372 omnem
2965 1317 3232 1372 nostram
3283 1309 3557 1372 virtutem
3590 1317 3650 1372 et

1995 1394 2371 1474 sapientiam,
2437 1397 2960 1480 invenerimusque
3016 1417 3146 1460 eam
3204 1397 3526 1474 inﬁrmam,
3574 1397 3647 1461 ad

1995 1481 2162 1544 illum
2221 1485 2629 1566 confugiamus
2666 1489 2880 1563 solum,
2944 1489 3043 1570 qui
3100 1507 3173 1550 ex
3220 1487 3649 1568 inexspectatis

1993 1571 2219 1635 salvare
2268 1575 2507 1655 poterit.
2541 1574 2687 1638 Nam
2734 1595 2866 1639 cum
2921 1577 3185 1639 humana
3215 1593 3388 1638 mens
3415 1574 3652 1655 fatigata

245 1680 437 1747 γωμεχ
490 1660 678 1735 μόνον,
725 1661 819 1717 τὸν
877 1659 932 1727 έξ
977 1661 1392 1740 ἀπροσδοκήτων
1434 1662 1619 1734 σώζειν
1682 1660 1914 1740 δυνάμε-

2004 1661 2193 1739 fuerit,
2228 1672 2369 1726 tunc
2390 1665 2586 1728 divina
2614 1667 2774 1730 salus
2801 1673 3054 1747 repente
3086 1664 3386 1747 subvenit,
3421 1684 3489 1728 ac
3539 1683 3650 1747 pa-

247 1770 364 1812 vov.
400 1739 538 1806 ”Οτε
599 1750 699 1828 γὰρ
753 1753 782 1808 6
837 1739 1161 1830 ἀνθρώπινος
1209 1751 1466 1828 ἂποκάμη
1511 1758 1656 1832 νοῦς,
1710 1739 1831 1810 τότε
1875 1756 1910 1823 ἡ

2004 1762 2085 1815 rat
2118 1772 2227 1816 nos
2249 1761 2313 1815 ut
2341 1755 2416 1817 ad
2448 1754 2618 1817 illum
2660 1756 2852 1818 solum
2876 1739 3218 1835 'fugiamus,
3279 1739 3383 1838 qui
3425 1739 3654 1818 salv'are

251 1838 312 1896 ὲκ
361 1847 496 1898 Θεοῦ
553 1841 792 1907 σωτηόία
850 1841 1038 1922 ἀθρόον
1086 1839 1466 1921 ἐπιγενομένη,
1522 1845 1909 1920 παρασκευάζει

2004 1849 2212 1924 potest,
2247 1851 2304 1904 et
2335 1861 2454 1905 non
2485 1842 2804 1926 nobisipsis
2860 1845 3226 1907 ascribamus
3266 1845 3541 1907 salutem.
3589 1843 3653 1908 Si

250 1931 402 2006 ἡμᾶς
461 1930 592 2009 πρὸς
655 1931 863 1988 ἐκεῖνον
921 1931 1173 1989 πέτασθαι
1219 1931 1383 2007 μόνον
1409 1931 1502 1988 τὸν
1533 1930 1794 2013 σώζοντα,
1825 1940 1911 1997 καὶ

2004 1930 2362 1995 voluerimus
2391 1942 2586 1996 autem
2621 1942 2678 1996 et
2707 1951 2815 1997 nos
2846 1934 2909 1997 in
2930 1935 3128 1998 navim
3159 1943 3425 1996 nostram
3455 1934 3651 1997 susci-

251 2021 335 2096 μῆ
382 2019 593 2116 ἑαυτοῖς
623 2021 718 2089 τῆν
769 2023 1036 2102 σωτηρίαν
1093 2019 1495 2116 έπιγραφέσθαι.
1553 2021 1610 2078 El
1663 2019 1910 2091 θελήσω-

2004 2039 2138 2115 pere
2167 2021 2494 2116 Cbristum,
2529 2023 2644 2116 hoc
2669 2033 2758 2116 est
2788 2023 3214 2116 habitationem
3256 2023 3654 2116 dare‘Cbristo

249 2131 353 2185 μεν
405 2107 460 2165 δὲ
503 2111 591 2167 καὶ
651 2113 726 2177 εἷς
767 2114 830 2168 τὸ
871 2110 1067 2169 πλοῖον
1119 2113 1276 2187 ἡμῶν
1318 2109 1509 2187 λαβεῖν
1536 2110 1629 2167 τὸν
1657 2113 1906 2189 Χριστὸν,

2004 2107 2052 2172 in
2084 2112 2266 2175 corde
2289 2121 2490 2176 nostro
2513 2115 2712 2176 statim
2738 2114 3119 2177 inveniemur
3134 2114 3195 2176 in
3217 2123 3377 2176 terra
3398 2113 3457 2175 in
3477 2133 3653 2196 quam

244 2198 510 2274 τουτέστι,
597 2201 898 2259 κατοικίσαι
976 2202 1071 2258 τὸν
1155 2201 1382 2279 Χριστὸν
1450 2198 1506 2255 ἰν
1586 2205 1654 2277 τῇ
1728 2199 1911 2280 καρδίᾳ

2004 2199 2246 2266 ibimus.
2275 2200 2422 2275 Quae
2443 2210 2638 2266 autem
2673 2212 2830 2267 terra
2859 2203 3008 2266 ista?
3036 2202 3294 2267 Omnino
3321 2212 3481 2265 terra
3511 2223 3653 2286 pro-

245 2289 432 2364 ἡμῶν,
489 2291 638 2355 εύθὰς
701 2293 1088 2367 εὑρεθησόμεθα
1131 2288 1187 2346 ἒν
1241 2295 1310 2366 τῇ
1351 2295 1453 2374 γῇ,
1487 2289 1562 2353 είς
1609 2289 1677 2358 ἢν
1708 2290 1912 2371 ἀπαγό·

2004 2289 2320 2367 missionis,
2345 2291 2589 2374 ccelum,
2609 2311 2738 2374 qua:
2766 2301 2856 2355 est
2886 2300 3048 2355 terra
3072 2292 3329 2374 mitium,
3365 2300 3654 2355 eteorum

247 2382 411 2452 μεθα.
493 2380 624 2437 Ποία
673 2379 726 2437 δὲ
764 2383 800 2449 ἡ
845 2385 918 2460 γῆ
958 2365 1117 2437 -έστιν
1163 2365 1298 2446 αὕτη
1333 2365 1450 2455 ;⁷Ἠ
1479 2379 1693 2444 πάντως
1751 2381 1786 2448 ἦ

2004 2379 2103 2462 qui
2129 2365 2363 2443 liberati
2397 2400 2430 2442 a
2461 2365 2706 2459 malitia,
2741 2382 2800 2444 in
2829 2399 2976 2464 pace
2999 2381 3228 2446 vivunt.

246 2468 353 2536 τῆς
413 2467 757 2550 έπαγγελίας,
791 2473 819 2527 6
851 2470 1094 2550 οὐρανὸς,
1155 2469 1186 2536 ἦ
1239 2473 1313 2548 γῆ
1370 2475 1477 2525 τῶν
1535 2469 1770 2549 πραέων,
1829 2467 1919 2530 καὶ

249 2558 362 2615 ἀπὸ
393 2557 570 2626 πάσης
599 2561 786 2624 κακίας
833 2559 1272 2638 είρηνευσάντων,

346 2671 370 2705 ε
408 2655 486 2726 Τῇ
545 2649 790 2730 ἐπαύριον
849 2652 878 2706 6
935 2647 1101 2730 ὄχλος
1158 2651 1187 2706 6
1233 2649 1473 2716 έστηκὼς
1505 2648 1668 2728 πέραν
1696 2651 1795 2716 τῆς
1825 2653 1916 2707 θα-

2087 2651 2267 2719 Vens.
2301 2653 2519 2719 22-26.
2560 2680 2588 2712 ε
2622 2654 2867 2718 Postero
2900 2654 3020 2717 die.
3051 2653 3226 2716 turba
3275 2673 3405 2736 quin
3469 2654 3662 2716 stabat

252 2738 488 2814 λάσσης,
539 2736 688 2802 εἰδὼς
720 2739 800 2796 ὅτι
844 2738 1120 2818 πλοιάριον
1169 2737 1302 2795 ἄλλο
1345 2737 1439 2794 οὐκ
1479 2738 1545 2805 ῆν
1575 2738 1715 2814 ἐκεῖ,
1747 2741 1791 2795 εἰ
1833 2739 1911 2815 μὴ

2004 2751 2159 2804 trans
2191 2763 2378 2821 mare,
2412 2744 2737 2826 viditquod
2772 2745 3042 2806 navicula
3067 2745 3188 2806 alia
3217 2763 3336 2805 non
3370 2754 3530 2806 esset
3573 2743 3659 2807 ibi

255 2828 316 2885 ἓν
376 2827 552 2885 έκεῖνο
598 2829 670 2893 εἷς
731 2830 758 2886 ὃ
789 2827 1053 2897 ἀνέϐησαν
1109 2830 1156 2885 οἱ
1200 2829 1430 2906 μαθηταὶ
1472 2828 1654 2903 αὐτοῦ,
1697 2830 1785 2886 καὶ
1830 2827 1911 2886 ὅτι

2004 2834 2110 2896 nisi
2141 2853 2256 2897 una
2275 2835 2374 2896 illa
2394 2835 2454 2896 in
2472 2854 2648 2917 quam
2669 2837 2923 2915 ingressi
2940 2836 3177 2898 fuerant
3199 2834 3481 2915 discipuli
3504 2835 3659 2914 ejus,

257 2919 321 2974 o6
379 2917 686 2987 συνεισῆλθε
743 2933 863 2984 τοῖς
922 2922 1193 2994 μαθηταῖς
1223 2917 1384 2975 αύτού
1410 2919 1440 2974 6
1469 2917 1677 2984 Ἰησοῦς
1720 2920 1793 2983 εἰς
1849 2921 1911 2977 τὸ

2004 2932 2051 2986 et
2081 2923 2236 3004 quod
2267 2942 2385 2986 non
2418 2925 2756 2987 introissset
2783 2927 2958 2986 Jesus
3005 2943 3141 2986 cum
3193 2922 3510 3005 discipulis
3540 2925 3662 2986 suis

254 3005 563 3095 πλοιάριον,
624 3006 762 3065 ἀλλὰ
811 3008 963 3084 μόνοι
1018 3010 1064 3064 οἱ
1135 3008 1367 3084 μαθηταὶ
1441 3006 1601 3095 αύτοῦ
1645 3007 1910 3076 ἀπῆλθον.

2004 3014 2064 3075 in
2095 3013 2562 3095 naviculam,sed
2589 3013 2698 3074 soli
2723 3013 3003 3095 discipuli
3037 3013 3169 3093 ejus
3192 3011 3662 3075 abiissent.Aliaz

252 3093 395 3154 ἄλλα
453 3095 506 3153 δί
593 3097 720 3166 ἦλθε
775 3097 1028 3177 πλοιάρια
1110 3096 1170 3154 ἐκ
1227 3097 1322 3166 τῆς
1383 3094 1681 3177 Τιϐεριάδος
1759 3096 1919 3178 ἔγγὺς

2004 3121 2143 3164 vero
2191 3093 2669 3184 supervenerunt
2717 3093 3006 3165 naviculae
3060 3121 3094 3163 a
3142 3101 3465 3165 Tiberiade
3491 3102 3660 3181 juxta

248 3193 355 3242 1:06
400 3187 557 3265 τόπο,
624 3183 756 3244 ὅπου
802 3187 998 3267 ἔφαγον
1064 3188 1156 3243 τὸν
1199 3184 1380 3264 ἄρτον,
1437 3186 1919 3266 εὐχαριστήσαντος

2008 3192 2203 3253 locum
2235 3183 2336 3253 ubi
2369 3192 2757 3254 comederant
2805 3210 3042 3272 panem,
3092 3200 3400 3272 postquam
3447 3191 3664 3271 gratias

257 3283 359 3333 τοῦ
422 3277 608 3356 Κυρίου
666 3275 753 3334 ὅτε
817 3279 906 3334 οὗν
963 3274 1108 3334 εἶδεν
1152 3279 1181 3333 ὁ
1230 3274 1424 3356 ὄχλος,
1479 3274 1559 3332 ὅτι
1592 3272 1800 3344 Ἰησοῦς
1831 3281 1919 3336 οὒκ

2010 3282 2230 3362 egisset
2279 3281 2590 3345 Dominus.
2627 3283 2772 3345 Cum
2810 3298 2950 3360 ergo
2989 3279 3232 3342 vidisset
3282 3277 3458 3342 turba
3499 3280 3662 3362 quod

248 3364 402 3422 ἔστιν
452 3365 597 3447 έκεῖ,
661 3365 778 3427 οὐδὲ
835 3370 883 3424 οἱ
969 3367 1202 3444 μαθηταὶ
1285 3364 1462 3446 αὐτοῦ,
1525 3363 1790 3434 ἀνέϐησαν
1837 3369 1919 3425 καί

2007 3370 2182 3435 Jesus
2211 3390 2328 3433 non
2359 3378 2517 3433 esset
2561 3370 2670 3452 ibi,
2705 3388 2900 3452 neque
2931 3369 3212 3451 discipuli
3257 3370 3414 3449 ejus,
3443 3388 3660 3438 ascen-

251 3458 404 3516 αύτοὶ
463 3458 540 3522 εἷς
597 3458 665 3514 τὰ
733 3456 988 3537 πλοιάρια
1058 3457 1147 3513 καὶ
1202 3455 1364 3525 ῆλθον
1421 3457 1494 3521 εἰς
1550 3456 1919 3533 Καπερναοῦμ,

2010 3461 2227 3528 derunt
2245 3469 2304 3524 et
2319 3460 2537 3541 ipsaein
2553 3459 2852 3522 naviculas
2873 3468 2931 3522 et
2948 3471 3240 3522 venerunt
3261 3456 3660 3540 Capernaum,

257 3553 548 3619 ζητοῦντες
601 3548 693 3602 τὸν
782 3543 1013 3615 Ἰησοῦν.
1080 3547 1211 3633 Καὶ⁸
1238 3545 1476 3625 εὑρόντες
1554 3546 1712 3602 αὐτὸν
1762 3545 1919 3626 πέραν

2011 3559 2344 3633 quaarentes
2389 3551 2615 3614 .lesum.
2648 3550 2722 3613 Et
2751 3567 2887 3612 cum
2919 3549 3285 3610 invenissent
3332 3567 3471 3611 eum
3502 3557 3666 3612 trans

258 3640 367 3702 τῆς
425 3634 720 3711 θαλάσσης,
755 3639 912 3693 εἷπον
941 3639 1084 3711 αύτῷ
1114 3649 1130 3666 ⁸
1196 3625 1424 3710 Ῥαϐϐεί,
1475 3633 1605 3692 πότε
1655 3631 1759 3691 ὧδε
1816 3625 1919 3692 πα-

2012 3625 2486 3717 mare,dixerunt
2507 3641 2560 3702 ei
2586 3662 2599 3704 :
2629 3638 2841 3715 Rabbi,
2889 3638 3128 3722 quando
3153 3641 3268 3701 huc
3283 3639 3656 3704 venisti‘fﬂe-

265 3723 560 3803 ραγέγονας
596 3741 614 3799 ς
673 3724 960 3806 Ἀπεκρίθη
1004 3726 1189 3788 αύτοῖς
1220 3725 1248 3781 6
1292 3724 1524 3799 Ἰησοῖς,
1582 3724 1671 3812 καί
1725 3727 1919 3812 εἶπεν·

2013 3733 2252 3812 spondit
2275 3732 2357 3794 eis
2389 3730 2562 3795 Jesus
2589 3740 2649 3793 et
2677 3728 2824 3791 dixit
2849 3750 2862 3788 :
2890 3734 3286 3802 Amen,amen
3308 3727 3443 3791 dico
3467 3727 3658 3796 vobis.

258 3813 469 3894 Ἀμην,
503 3815 648 3890 ἀμὴν
698 3812 842 3894 λέγω
891 3816 1046 3889 ὑμῖν,
1103 3812 1321 3885 ζητεῖτέ
1373 3833 1465 3895 με,
1505 3813 1610 3894 οὐχ
1638 3810 1718 3869 ὅτι
1761 3811 1919 3877 εἴδετε

2013 3810 2284 3903 quaeritis
2336 3839 2453 3901 me,
2478 3837 2596 3881 non
2650 3818 2788 3900 quia
2845 3816 3075 3880 vidistis
3124 3817 3314 3899 signa,
3368 3817 3474 3879 sed
3523 3818 3664 3899 quia

255 3916 492 3978 σημεῖα,
558 3902 680 3960 ἀλλ’
716 3901 796 3961 ὅτι
840 3905 1063 3986 ἱφάγετε
1095 3901 1157 3959 ἐκ
1196 3908 1303 3960 τῶν
1363 3900 1560 3983 ἄρτων,
1621 3904 1712 3960 καὶ
1763 3901 1919 3984 ἰχορ-

2013 3900 2360 3974 comedistis
2408 3909 2484 3972 de
2542 3909 2822 3990 panibus,
2880 3915 2939 3969 et
2986 3908 3233 3969 saturati
3289 3908 3452 3970 estis.
3484 3934 3511 3964 »
3555 3907 3664 3973 Je-

243 3993 508 4061 τάσθητε.
548 4015 576 4052 ι
635 3994 878 4066 Πεζεύων
932 3995 1032 4072 μὲν
1099 3995 1128 4050 6
1187 3991 1399 4060 Ἰησοῦς
1450 3993 1539 4049 ὶπὶ
1595 3996 1694 4060 τῆς
1720 3991 1919 4050 θαλάσ-

2013 4021 2116 4063 sus
2154 4001 2395 4082 quidem
2445 3997 2706 4079 pedestri
2749 3997 2966 4059 itinere
3012 4014 3194 4078 super
3236 4015 3400 4059 mare
3430 3997 3576 4061 abiit
3605 3999 3666 4060 in

245 4107 386 4165 σης,
434 4082 670 4153 ἀπῆλθεν
719 4086 794 4150 είς
848 4087 910 4143 τὸ
972 4085 1160 4164 πέραν.
1196 4085 1256 4141 Οἱ
1286 4081 1340 4140 δὲ
1370 4081 1529 4164 ὄχλοι
1585 4089 1656 4160 τῇ
1686 4083 1919 4161 ἑπαύριο,

2009 4081 2340 4170 regionem,
2396 4107 2529 4171 quae
2582 4097 2752 4149 trans
2800 4103 2988 4150 mare.
3039 4084 3258 4148 Turbae
3300 4094 3521 4161 autem,
3569 4086 3668 4150 die

240 4177 538 4249 ζητοῦντες
595 4177 780 4252 αὑτὸν,
835 4178 926 4234 καὶ
982 4173 1204 4250 ἰδόντες,
1267 4172 1348 4230 ὅτι
1413 4172 1610 4232 πλοῖον
1654 4174 1712 4232 ἓν
1756 4176 1825 4241 ῆν
1868 4184 1919 4239 τὶ

2011 4187 2286 4262 postero,
2351 4197 2487 4241 cum
2544 4176 2957 4260 quaesivissent
3003 4176 3215 4248 illum,
3270 4185 3331 4238 et
3387 4175 3669 4240 vidissent

237 4267 377 4329 τοὺς
426 4266 668 4339 μαθητὰς
713 4262 1126 4340 ὑποδεξάμενον,
1174 4264 1248 4327 εἷς
1311 4263 1340 4319 ὃ
1391 4264 1452 4320 06
1519 4262 1856 4333 συνεισῆλθεν
1900 4266 1919 4321 ε

2009 4270 2167 4352 quod
2195 4288 2313 4331 una
2331 4276 2557 4330 tantum
2589 4266 2755 4328 navis
2776 4265 3086 4341 adfuisset,
3115 4264 3178 4327 in
3198 4283 3376 4346 quam
3409 4264 3665 4344 ingressi

244 4355 497 4428 Ἰησοῦς,
546 4355 620 4418 εἷς
665 4351 870 4412 ἔννοιαν
926 4353 1087 4423 ἦλθον
1166 4360 1261 4410 τοῦ
1308 4353 1599 4432 θαύματος,
1654 4356 1742 4410 καὶ
1792 4354 1919 4410 ὑπε-

2009 4357 2241 4419 fuerant
2285 4355 2586 4437 discipuli,
2638 4364 2696 4417 et
2747 4374 2866 4416 non
2913 4356 3086 4418 .lesus
3158 4354 3308 4435 ipse,
3354 4353 3664 4433 cogitave-

251 4447 444 4521 νόουν,
477 4445 557 4502 ὅτι
587 4446 686 4514 τῆν
727 4442 998 4502 θάλασσαν
1058 4443 1313 4523 πεζεύων,
1350 4442 1677 4521 ¹παρεγένετο
1737 4445 1810 4506 εἷς
1866 4444 1919 4499 τὶ

2008 4455 2148 4509 runt
2177 4445 2334 4529 apud
2377 4464 2441 4507 se
2473 4446 2586 4506 hoc
2634 4444 3010 4518 miraculum,
3065 4451 3124 4504 et
3184 4442 3468 4522 suspicati
3527 4451 3668 4505 sunt

247 4535 456 4615 πέραν,
520 4535 579 4593 Ei
626 4535 723 4611 μὲν
783 4535 883 4614 γὰρ
955 4535 1046 4590 καὶ
1099 4531 1238 4590 ἄλλο
1294 4530 1488 4590 πλοῖον
1548 4532 1631 4612 ῆν,
1679 4533 1817 4597 εἰκὸς
1860 4533 1919 4601 ῆν

2009 4536 2165 4618 quod
2189 4554 2351 4598 mare
2382 4534 2564 4614 pedes
2596 4533 2922 4595 transierit.
2943 4530 3091 4593 Nam
3117 4533 3162 4591 si
3194 4531 3434 4613 quidem
3469 4539 3526 4592 et
3551 4532 3667 4594 alia

245 4628 585 4699 ὑπονοῆσαι,
632 4623 711 4681 ὅτι
780 4637 900 4687 τοῖς
955 4623 1229 4700 μαθηταῖς
1290 4623 1348 4679 οὓ
1426 4620 1794 4697 συνέπλευσεν,
1853 4623 1919 4685 εἷς

2010 4627 2176 4689 navis
2206 4625 2517 4696 adfuisset,
2544 4622 2866 4686 verisimile
2910 4621 3174 4703 potuisse
3221 4639 3324 4682 eos
3378 4620 3664 4700 cogitare,

243 4720 442 4774 έκεῖνο
498 4712 554 4770 δέ
605 4713 880 4789 εἰσελθὼν,
941 4712 1241 4793 διεπέρασε.
1291 4722 1395 4773 Νῦν
1459 4710 1537 4787 δὲ,
1600 4713 1716 4777 ἐνὸς
1774 4711 1919 4777 ὄντος

2014 4717 2169 4798 quod
2205 4735 2336 4776 cum
2371 4713 2682 4793 discipulis
2715 4731 2832 4773 non
2866 4712 3179 4791 navigarit,
3215 4711 3319 4773 sed
3372 4711 3432 4772 in
3485 4711 3663 4772 aliam

243 4814 352 4865 τοῦ
413 4802 601 4862 πλοίου
671 4811 766 4862 τοῦ
813 4805 934 4869 τοὺς
995 4805 1239 4882 μαθητὰς
1305 4802 1524 4883 μόνους,
1586 4804 1670 4859 καὶ
1716 4802 1794 4879 μὴ
1834 4804 1919 4869 τὸς

2016 4808 2318 4884 ingressus
2352 4803 2866 4866 transferat.Nunc
2896 4809 3093 4863 autem
3128 4819 3264 4862 cum
3298 4819 3415 4861 una
3437 4807 3666 4863 tantum

241 4893 480 4973 Κύριον,
535 4891 948 4970 δποδεξαμένου,
1035 4891 1302 4973 πρόδηλον
1376 4893 1435 4948 τὸ
1493 4893 1686 4967 θαῦμα.
1751 4898 1931 4956 Ταῦτα

242 4985 436 5043 τοίνυν
471 4981 816 5054 έννοήσαντες
848 4986 894 5041 οἱ
925 4981 1109 5064 ὄχλοι,
1154 4981 1340 5050 ἐπειδὴ
1372 4981 1521 5062 εὗρον
1565 4980 1704 5039 ἄλλα
1731 4979 1930 5039 πλοιά-

245 5097 345 5158 ρια
385 5071 449 5129 ἑκ
504 5079 596 5130 τοῦ
656 5073 818 5154 πέραν
868 5072 1109 5148 ἐλθόντα,
1145 5071 1401 5140 ἐνέϐησαν
1447 5072 1500 5128 ἐν
1545 5070 1783 5150 ἐκείνοις,
1845 5074 1932 5128 καὶ

247 5168 333 5230 εἰς
426 5163 780 5243 Καπερναοῦμ
832 5161 1146 5243 διεπέρασαν
1181 5180 1197 5196 ·
1259 5162 1380 5220 ἔνθα
1449 5159 1505 5219 δὲ
1574 5163 1666 5219 τὸν
1739 5161 1929 5240 Κύριον

248 5254 535 5336 εὑρόντες,
593 5252 652 5309 06
695 5253 1112 5333 προσπίπτουσι,
1172 5253 1262 5311 καὶ
1305 5249 1509 5309 δέονται
1568 5253 1759 5328 μαθεῖν
1811 5251 1929 5317 πῶς

251 5342 449 5424 διέϐη,
499 5339 616 5400 ούδέ
659 5350 878 5415 ζητοῦσι
920 5346 1040 5424 περὶ
1108 5344 1296 5402 τούτου
1351 5349 1444 5400 τοῦ
1500 5342 1746 5417 σημείου,
1805 5339 1927 5398 ἀλλ’

251 5435 411 5498 οὕτω
457 5433 674 5514 χαύνως
719 5434 846 5515 φασί
878 5448 894 5464 ⁶
947 5457 976 5489 ε
1020 5433 1158 5492 Πότε
1188 5431 1289 5491 ώδε
1332 5431 1753 5513 παραγέγοναςς
1808 5451 1832 5487 ε
1873 5433 1933 5489 Ol

247 5530 365 5608 γὰρ
427 5531 710 5596 ζητοῦντες
752 5525 910 5581 αὐτὸν
962 5524 1194 5604 ἁρπάσαι
1245 5524 1336 5581 καὶ
1399 5524 1625 5590 ποιῆσαι
1681 5517 1924 5598 βασιλέα,

243 5615 509 5697 εὑρόντες
571 5615 753 5696 αὑτὸν,
807 5611 956 5672 οὐδὲν
1012 5616 1251 5671 τοιοῦτον
1310 5611 1670 5690 βουλεύονται·
1705 5609 1844 5668 ἀλλὰ
1866 5613 1928 5668 τὸ

239 5696 442 5782 θαῦμα
517 5702 892 5778 ἰκϐάλλοντες,
952 5702 1124 5773 ἄλλης
1198 5706 1419 5777 ζητοῦσι
1475 5701 1741 5782 τραπέζης
1784 5696 1928 5760 ἀπο-

242 5795 476 5876 λαύειν,
508 5793 632 5862 οτας
687 5797 774 5852 καὶ
826 5795 1107 5874 πρότερον.
1161 5795 1255 5851 Διὸ
1303 5795 1392 5851 καὶ
1421 5790 1756 5863 ὀνειδίζονται
1787 5794 1930 5872 παρὰ

2013 4895 2354 4976 fuerit,quze
2373 4892 2696 4973 discipulos
2726 4891 2975 4964 solos,et
2993 4909 3111 4951 non
3137 4888 3458 4953 Dominum
3483 4907 3667 4952 exce-

2015 4986 2214 5068 perit,
2263 4984 2400 5045 587
2447 4981 2826 5044 manifestum
2887 4987 2976 5041 est
3045 4979 3422 5040 miraculum.
3486 4979 3670 5058 Igitur

2015 5075 2206 5138 turbae
2235 5075 2359 5137 haec
2389 5072 2837 5145 intellexerunt;
2863 5082 2924 5132 et
2953 5077 3085 5150 post
3113 5069 3470 5130 invenerunt
3522 5068 3669 5130 alias

2015 5185 2194 5228 naves
2240 5183 2371 5246 quae
2395 5165 2776 5244 trajecerant,
2810 5169 2871 5223 et
2918 5160 3320 5222 ascenderunt
3346 5158 3408 5220 in
3450 5158 3581 5219 illas
3612 5167 3671 5220 et

2012 5258 2074 5318 in
2106 5255 2475 5337 Capernaum
2510 5252 2990 5316 transfretarunt.
3026 5249 3151 5313 Illic
3186 5256 3383 5310 autem
3427 5247 3670 5310 invento

2013 5345 2286 5417 Domino,
2322 5363 2441 5405 non
2473 5341 2812 5425 supplicant
2844 5349 2902 5402 et
2933 5346 3138 5419 rogant
3170 5346 3234 5399 ut
3256 5337 3488 5400 discant
3517 5355 3670 5417 quo-

2018 5436 2196 5498 modo
2218 5433 2541 5507 transierit,
2578 5449 2774 5511 neque
2804 5426 3168 5510 quaaruntde
3199 5426 3310 5487 hoc
3335 5426 3527 5506 signo,
3561 5425 3671 5489 sed

2014 5524 2267 5587 remisse
2299 5523 2542 5585 dicunt:
2584 5545 2606 5577 (ι
2645 5518 2892 5592 Quando
2925 5519 3039 5580 huc
3065 5514 3308 5578 venisti?
3347 5541 3366 5571 ι
3397 5513 3543 5577 Nam
3576 5516 3676 5596 qui

2017 5613 2365 5698 quaerebant
2393 5612 2556 5675 illum
2579 5627 2791 5693 rapere
2810 5618 2868 5671 et
2890 5610 3088 5670 facere
3106 5605 3579 5698 regem,invento
3598 5621 3670 5698 eo

2015 5694 2162 5768 nihil
2195 5703 2312 5766 tale
2337 5700 2696 5776 deliberant;
2731 5699 2836 5762 sed
2885 5698 3118 5778 abjecto
3150 5696 3433 5757 miraculo
3467 5694 3668 5776 inqui-

2013 5800 2154 5856 runt
2183 5791 2371 5871 magis
2401 5791 2517 5854 frui
2545 5807 2751 5852 mensa
2783 5789 2896 5850 alia
2923 5787 3081 5868 quali
3115 5794 3174 5847 et
3197 5785 3679 5865 priuszpropter-
