4178 6430
540 411 693 479 1295

1500 405 2101 475 THEOPHYLACTI
2144 406 2558 471 BULGARI/E
2600 404 2955 470 ARCHIEP.

3793 396 3956 467 1296

535 563 607 607 ea
646 544 932 626 exprobat
974 544 1059 606 eis
1103 544 1417 609 Dominus.
1474 567 1497 604 ιι
1537 543 1810 621 Quaeritis
1855 543 2017 606 enim
2071 559 2190 616 me,

2282 548 2368 597 του
2414 542 2622 619 Κυρίου.
2663 559 2693 600 (
2726 548 2952 609 Ζητεϊτε
2996 544 3097 619 γάρ
3145 560 3237 615 με,
3292 540 3474 619 φησὶν,
3508 536 3588 593 ὅτι
3618 537 3953 626 έφάγετεὶκ

536 633 747 715 inquit,
784 653 853 697 eo
886 634 1041 715 quod
1073 634 1149 695 de
1181 633 1436 712 panibus
1472 633 1821 696 comedistis
1850 656 1865 711 ;
1897 659 1922 689 r
1977 641 2034 693 et
2064 631 2198 693 ideo

537 724 657 785 mei
681 723 969 787 tenemini
1000 722 1326 796 desiderio,
1361 732 1425 785 ut
1452 724 1672 785 iterum
1720 722 1888 784 vobis
1929 739 2195 783 mensam

535 830 761 893 parem.
789 810 1055 876 Observa
1091 822 1316 889 autem,
1352 813 1509 895 quod
1558 813 1826 894 quamvis
1882 810 2198 890 redarguat

534 920 659 983 eos,
694 920 813 963 non
865 908 1063 964 tamen
1113 902 1259 965 dura
1302 905 1485 965 utitur
1533 901 2030 984 reprehensione.
2064 898 2192 961 Non

536 991 696 1053 enim
722 991 885 1067 dixit,
921 988 969 1066 Ο
997 991 1289 1072 mancipia
1319 994 1565 1067 ventris,
1601 1002 1660 1053 et
1689 991 1905 1072 gulosi,
1928 991 2031 1053 sed
2056 1008 2192 1052 cum

535 1081 1018 1157 mansuetudine;
1052 1085 1351 1162 corrigere
1380 1082 1539 1144 enim
1566 1080 1995 1163 volens,arguit
2015 1079 2149 1141 illos
2176 1099 2189 1142 :

534 1170 712 1232 simul
743 1179 938 1233 autem
964 1181 1020 1233 et
1042 1191 1148 1253 per
1169 1173 1282 1234 hoc
1306 1173 1465 1251 quod
1490 1171 1715 1249 detegit
1744 1174 1973 1233 occulta
1994 1169 2193 1232 cordis

534 1260 802 1342 illorum,
836 1263 909 1323 ad
934 1263 1218 1343 majorem
1260 1263 1396 1326 illos
1418 1265 1719 1326 adducere
1748 1262 1955 1325 volens
1987 1260 2188 1324 tidem.

537 1348 705 1423 Quod
736 1356 935 1415 autem
964 1352 1303 1414 emendatio
1346 1353 1586 1415 illorum
1639 1352 1817 1414 fuerit
1858 1350 2192 1432 reprehen—

537 1438 653 1520 sio,
685 1440 1063 1503 manifestnm
1096 1460 1166 1504 ex
1197 1440 2009 1524 sequentibus.Utilissimam
2031 1439 2191 1502 enim

537 1530 626 1591 eis
656 1530 985 1594 doctrinam
1016 1532 1155 1595 facit
1185 1542 1243 1594 et
1270 1532 1415 1595 dicit
1442 1554 1456 1598 :

618 1620 807 1685 VEns.
841 1620 1339 1703 27.n0peremini
1366 1642 1483 1687 non
1516 1621 1715 1686 cibum
1748 1620 1849 1703 qui
1881 1622 2055 1702 perit,
2087 1616 2195 1681 sed

538 1709 638 1788 qui
671 1719 979 1791 permanet
1010 1713 1067 1772 in
1098 1711 1279 1775 vitam
1311 1721 1620 1789 aeternam,
1655 1730 1832 1794 quem
1864 1710 2051 1773 Filius
2080 1710 2196 1771 ho-

538 1799 715 1861 minis
775 1799 940 1862 dabit
996 1801 1184 1864 vobis.
1216 1802 1390 1865 Hunc
1421 1803 1578 1865 enim
1615 1806 1786 1863 Pater
1830 1799 2198 1879 consignavit

2277 636 2384 686 τῶν
2443 630 2640 711 ἄρτων,
2695 654 2719 686 ιι
2776 631 2866 687 καὶ
2910 627 2995 687 διὰ
3039 628 3193 687 τοῦτό
3238 650 3306 705 με
3350 631 3590 708 ποθεῖτε,
3645 627 3739 683 ’ἕνα
3783 625 3954 683 πάλιν

2277 719 2447 799 ἕχητέ
2489 742 2557 797 με
2605 720 3012 801 τραπεζοποιόν.
3059 720 3305 799 Πρόσχες
3352 715 3431 791 δὲ,
3476 716 3558 774 ὅτι
3589 717 3761 775 καίτοι
3794 715 3953 794 έλέγ-

2278 832 2397 889 χων
2456 810 2668 888 αὖτοὺς,
2715 810 2775 867 οὐ
2820 808 3039 890 σκληρῷ
3068 809 3334 889 κέχρηται
3364 808 3441 883 τῷ
3470 806 3708 887 ὶλέγχῳ.
3744 809 3817 865 Οὐ
3845 807 3952 885 γὰρ

2279 901 2454 975 εἶπεν,
2501 898 2611 982 ὅτι,
2655 892 2719 956 Ὠ
2766 897 3128 980 γαστρίδουλοι
3182 900 3272 956 καὶ
3301 897 3609 977 λαίμαργοι,
3643 894 3778 952 ἀλλὰ
3809 896 3953 971 μετὰ

2277 992 2609 1070 πραότητος.
2683 993 3073 1073 Διορθώσασθαι
3137 992 3238 1071 γὰρ
3315 989 3662 1069 βουλόμενος,
3727 987 3949 1067 ἐλέγχει

2277 1082 2491 1159 αότοὺς,
2550 1083 2662 1160 ἅμα
2719 1081 2775 1140 δὲ
2833 1083 2921 1139 καὶ
2979 1081 3064 1139 διὰ
3124 1092 3218 1141 τοῦ
3274 1078 3570 1157 ὲκκαλῦψαι
3634 1081 3700 1135 τὰ
3740 1080 3949 1158 κρυπτὰ

2277 1176 2374 1238 τῆς
2444 1169 2659 1252 καρδίας
2716 1172 2915 1252 αὐτῶν,
2956 1173 3028 1235 εἷς
3089 1172 3266 1228 πίστιν
3308 1172 3491 1233 αὑτοὺς
3548 1167 3742 1226 ἐθέλων
3800 1169 3945 1247 ἀγα-

2276 1276 2394 1342 γετν
2454 1266 2691 1341 μείζονα.
2727 1253 2859 1323 ’Ὁτι
2902 1261 2957 1319 δὲ
3000 1260 3280 1338 διόρθωσις
3306 1261 3374 1330 ἧν
3418 1264 3588 1321 αὐτῶν
3621 1262 3650 1317 6
3680 1258 3939 1339 ἳλεγχος,

2276 1351 2438 1422 δῆλον
2478 1356 2542 1411 bc
2586 1360 2691 1411 τῶν
2741 1352 2957 1434 ἑφεξῆς.
3019 1351 3371 1410 Διδασκαλίαν
3415 1352 3517 1432 γὰρ
3572 1350 3941 1432 χρησιμωτά-

2276 1464 2378 1509 την
2409 1444 2542 1524 πρὸς
2573 1444 2758 1511 αὑτοὺς
2787 1456 3023 1501 ποιεῖται
3046 1443 3136 1499 καί
3164 1464 3327 1523 φησιν
3362 1456 3377 1472 ⁸

2364 1646 2393 1679 ι
2429 1622 2743 1703 Ἐργάζεσθε
2797 1624 2876 1702 μὴ
2936 1624 3037 1693 τὴν
3105 1624 3302 1702 βρῶσιν
3386 1622 3485 1691 τὴν
3540 1619 3945 1698 ἀπολλυμένην,

2277 1710 2416 1769 ἀλλά
2470 1712 2569 1782 τὴν
2613 1713 2812 1794 βρῶσιν
2866 1714 2968 1781 τὴν
3053 1714 3315 1790 μένουσαν
3372 1714 3445 1779 εἰς
3501 1712 3646 1783 ζωὴν
3704 1711 3945 1783 αἰώνιον,

2276 1801 2341 1870 ἣν
2387 1804 2414 1858 6
2474 1804 2595 1867 Υἱὸς
2650 1810 2742 1859 τοῦ
2784 1802 3062 1882 ἀνθρώπου
3102 1800 3258 1859 δώσει
3302 1804 3434 1879 ὑμῖν
3467 1817 3483 1833 ⁶
3559 1811 3743 1860 τοῦτον
3772 1800 3873 1878 γὰρ
3919 1800 3949 1854 δ

537 1886 886 1954 Deus.»Vos
917 1890 1675 1973 quidem,inquit,queeritis
1710 1909 1802 1953 me
1830 1876 2074 1971 propter
2097 1909 2196 1972 pa-

2282 1891 2466 1971 Πατὴρ
2522 1891 2835 1973 ἐσφράγισεν
2880 1876 2908 1949 6
2954 1893 3108 1957 Θεός.
3147 1915 3175 1948 ι
3244 1876 3430 1967 ’Υμεϊς
3485 1890 3609 1966 μὲν,
3657 1876 3815 1971 φησὶ,
3850 1876 3950 1942 διὸ.

536 1979 815 2060 nes,quia
836 1978 1033 2041 cibum
1052 1980 1216 2042 illum
1237 1978 2074 2061 desideratisﬂportetautem
2094 1998 2197 2042 vos

536 2087 656 2130 non
689 2069 931 2131 omnino
953 2068 1187 2132 deditos
1210 2090 1341 2134 esse
1372 2071 1701 2147 ventri,sed
1732 2068 1986 2131 maxime
2014 2069 2195 2149 spiri-

539 2157 791 2219 tualium
815 2176 989 2238 agere
1010 2168 1307 2235 curam,et
1323 2180 1439 2223 non
1460 2179 1699 2221 omnem
1728 2158 2195 2221 sollicitudinem

536 2246 599 2308 in
630 2250 999 2329 corporalem
1029 2250 1226 2311 cibum
1260 2252 1584 2313 insumere.
1614 2248 1759 2313 Nam
1786 2248 1953 2311 illum
1970 2249 2196 2311 vocavit

546 2337 778 2399 «cibum
810 2340 907 2420 qui
932 2340 1142 2420 perit.»
1168 2339 1315 2402 Nam
1350 2341 1486 2422 quia
1520 2340 1690 2403 multi
1722 2348 1861 2401 sunt
1886 2338 2195 2420 cupientes

539 2430 732 2509 ignavi
770 2431 987 2507 vivere,
1015 2437 1076 2494 et
1107 2433 1364 2494 maxime
1405 2431 1769 2504 Masseliani,
1804 2432 1905 2512 qui
1937 2431 2029 2492 usi
2059 2439 2195 2493 sunt

538 2520 653 2580 hoc
686 2520 843 2581 dicto
866 2520 937 2581 ad
973 2522 1363 2601 patrocinium
1397 2540 1520 2583 suae
1549 2521 2030 2601 ignaviae,operze
2050 2540 2193 2602 pre-

540 2609 688 2669 tium
722 2609 1225 2673 fueritdeclarare
1257 2612 1371 2673 hoc
1395 2611 1771 2674 dictumznon
1796 2611 1955 2672 enim
1982 2610 2093 2672 hoc
2110 2609 2194 2671 di-

541 2697 627 2758 xit
652 2698 941 2760 Dominus
976 2708 1174 2761 noster
1196 2703 1369 2762 Jesus
1406 2700 1695 2779 Christus,
1731 2708 1793 2761 ut
1820 2699 2192 2781 corporalem

540 2787 783 2867 quidem
808 2790 1211 2868 operationem
1243 2789 1315 2851 ab
1341 2790 1426 2852 eis
1448 2790 1586 2851 velit
1607 2807 1905 2864 amovere,
1942 2796 2000 2851 et
2035 2789 2196 2870 ipsos

537 2877 610 2937 ad
629 2877 813 2938 otium
838 2897 1076 2958 cogere:
1110 2877 1395 2943 «Omnem
1417 2880 1574 2942 enim
1595 2878 1879 2941 malitiam
1899 2879 2097 2941 docuit
2127 2899 2194 2940 o-

542 2967 955 3053 tiositas49,«et
975 2971 1025 3030 si
1050 2977 1291 3048 oportet
1322 2970 1632 3033 evidenter
1661 2969 2090 3051 dicere,ipsum
2123 2988 2193 3033 o-

538 3057 686 3141 tiose
716 3056 870 3118 velle
885 3058 1279 3135 vivere,cibus
1299 3069 1387 3122 est
1420 3060 1517 3141 qui
1552 3059 1893 3141 perit:etita
1925 3078 2061 3121 eum
2094 3058 2195 3141 qui

2277 1983 2399 2045 τοὺς
2443 1980 2630 2061 ἄρτους
2681 1981 2898 2054 ζητεῖτέ
2940 2003 3033 2058 με,
3065 1983 3140 2046 ὡς
3184 1982 3283 2051 τὴν
3330 1980 3532 2061 τροφὴν
3591 1979 3789 2045 ταύτην
3833 1998 3947 2033 πο-

2279 2075 2492 2137 θοῦντες
2525 2089 2541 2105 ⁸
2592 2070 2677 2129 δεῖ
2719 2070 2773 2128 δὲ
2816 2074 2957 2149 ὑμᾶς
2998 2072 3077 2148 μη
3123 2070 3260 2137 ὅλως
3332 2071 3499 2141 νεύειν
3556 2070 3638 2133 αἷς
3689 2067 3948 2147 γαστέρα,

2278 2160 2416 2218 ἀλλὰ
2472 2165 2578 2218 τῶν
2636 2167 3005 2238 πνευματικῶν
3061 2161 3351 2241 φροντίζειν
3403 2158 3659 2239 μάλιστα,
3719 2159 3806 2214 καὶ
3861 2155 3947 2231 μὴ

2277 2258 2453 2307 πᾶσαν
2480 2251 2578 2319 τὴν
2623 2250 2882 2330 μέριμναν
2939 2252 3013 2317 εἰς
3066 2252 3168 2319 τὴν
3216 2248 3532 2326 σωματικὴν
3556 2248 3760 2328 τροφὴν
3808 2246 3947 2301 ἀνα-

2279 2340 2500 2405 λίσκειν.
2560 2342 2770 2410 Ταύτην
2812 2341 2914 2420 γὰρ
2950 2364 2978 2397 α
3032 2340 3229 2421 βρῶσιν
3285 2337 3666 2416 ἀπολλυμένην
3721 2358 3747 2394 ι
3811 2334 3947 2392 ἑκά-

2278 2428 2455 2490 λεσεν.
2515 2428 2666 2488 Ἐπεὶ
2721 2427 2775 2486 δὲ
2826 2429 3019 2488 πολλοὶ
3076 2436 3181 2486 τῶν
3265 2427 3529 2486 θελόντων
3589 2427 3764 2507 ἀργῶς
3821 2430 3944 2500 ζῇν,

2278 2522 2365 2577 καὶ
2422 2520 2656 2597 μάλιστα
2709 2522 2757 2577 οἱ
2802 2519 3164 2602 Μασαλιανοὶ,
3197 2524 3274 2593 τῷ
3324 2522 3471 2598 ῥητῷ
3501 2519 3671 2590 τούτῳ
3698 2515 3949 2597 κέχρην-

2278 2632 2363 2665 ται
2426 2610 2549 2689 πρὸς
2610 2610 2927 2689 συνηγορίαν
3002 2614 3103 2677 τῆς
3180 2610 3353 2666 αὐτῶν
3396 2606 3604 2687 ἀργίας,
3649 2605 3949 2682 ἀναγκαῖον

2280 2701 2567 2771 σαφηνίσαι
2623 2702 2684 2756 τδ
2726 2700 2911 2776 ῥητόν.
2973 2700 3043 2757 Οὐ
3104 2699 3205 2778 γὰρ
3247 2703 3404 2755 τοῦτο
3462 2696 3620 2753 εἶπεν
3664 2697 3692 2751 6
3750 2693 3948 2771 Κύριος

2278 2790 2434 2863 ἡμῶν
2478 2786 2685 2857 Ἰησοῦς
2748 2791 2998 2869 Χριστὸς,
3060 2791 3133 2852 ὡς
3177 2788 3276 2856 τὴν
3308 2787 3406 2865 μὲν
3436 2786 3752 2862 σωματικὴν
3781 2783 3951 2862 ἔργα·

2280 2879 2397 2934 σίαν
2450 2878 2725 2955 ἀποκόψαι
2782 2876 3131 2955 βουλόμενος,
3172 2879 3246 2942 εἰς
3318 2876 3503 2956 ἀργίαν
3559 2872 3620 2932 δὲ
3674 2873 3944 2931 συνωθῶν.

2279 2973 2457 3025 Πᾶσαν
2517 2969 2615 3048 γὰρ
2657 2970 2848 3027 κακίαν
2911 2965 3136 3034 ἐδίδαξεν
3189 2969 3223 3035 ἡ
3284 2968 3463 3047 ἀργία,
3522 2966 3611 3022 καὶ
3670 2966 3714 3019 εἱ
3762 2960 3847 3018 δεῖ
3895 2961 3947 3017 τ’

2276 3056 2488 3137 ἀκριϐὲς
2550 3060 2744 3133 εἰπεῖν,
2800 3058 2956 3116 τοῦτό
3008 3056 3151 3114 ἐστιν
3207 3059 3242 3125 ἡ
3301 3053 3646 3130 ἀπολλυμένη
3716 3053 3941 3133 βρῶσις,

538 3135 839 3208 Christum
874 3148 1407 3230 sequitur,oportet
1438 3135 1673 3230 operari
1703 3159 1768 3211 ut
1797 3148 2012 3212 habeat
2033 3135 2191 3230 quod

2282 3135 2357 3204 16‘
2396 3147 2572 3227 ἀργῶς
2603 3146 2800 3207 ἐθέλειν
2839 3152 2934 3226 ζῇν
2963 3166 2977 3180 '
3010 3148 3085 3211 ὡς
3126 3147 3218 3204 τόν
3249 3166 3310 3225 γε
3353 3149 3432 3218 τῷ
3480 3149 3692 3223 Χριστῷ
3734 3142 3944 3217 ἑπόμε-

538 3244 597 3319 et
626 3236 759 3297 aliis
782 3239 1219 3301 communicet:
1253 3240 1368 3301 hoc
1397 3240 1557 3302 enim
1614 3239 1793 3302 habet
1826 3241 2189 3316 mercedem,

539 3336 600 3388 et
632 3326 1087 3407 promissionem
1120 3328 1298 3390 futuri
1331 3332 1524 3409 regni.
1555 3330 1631 3393 Et
1659 3330 1958 3411 quomodo
1992 3330 2192 3409 igitur,

537 3415 987 3496 inquiunt,dicit
1018 3418 1311 3481 Dominus
1336 3420 1492 3500 quod
1526 3439 1643 3481 non
1669 3427 1936 3500 oporteat
1959 3419 2195 3500 operari

539 3505 737 3566 cibum
787 3507 885 3586 qui
938 3507 1120 3586 perit?
1149 3506 1503 3570 Continuum
1534 3508 1692 3571 circa
1724 3508 1891 3571 cibos
1930 3509 2194 3573 studium

536 3595 840 3675 rejiciens,
878 3602 938 3658 et
967 3596 1039 3657 ad
1082 3597 1414 3678 spiritualia
1458 3617 1567 3659 nos
1613 3617 1818 3678 parum
1877 3599 2190 3662 inducens.

536 3682 832 3770 Profecto,
864 3684 1093 3762 dicunt,
1128 3687 1283 3766 quod
1320 3706 1426 3767 per
1455 3690 1569 3749 hoc
1600 3687 1891 3750 Dominus
1913 3705 2194 3770 corpora-

539 3766 655 3853 lem
687 3774 1095 3854 operationem
1130 3766 1411 3853 excludit,
1449 3777 1506 3839 id
1548 3796 1784 3858 quoque
1816 3766 2191 3841 manifestum

540 3882 608 3926 ex
640 3864 754 3925 hoc
785 3865 941 3944 quod
977 3865 1049 3926 ad
1084 3864 1370 3927 Martham
1407 3866 1621 3929 dicit“3
1652 3889 1665 3930 :
1707 3889 1735 3927 ί
1770 3867 2192 3940 Martha,solli-

541 3958 657 4017 cita
710 3975 772 4017 es
814 3964 875 4017 et
934 3956 1210 4033 turbaris,
1261 3978 1379 4019 uno
1418 3967 1615 4021 autem
1649 3976 1797 4038 opus
1848 3968 1934 4021 est
1972 3978 1986 4023 :
2019 3960 2200 4023 Maria

547 4044 763 4107 bonam
797 4053 1023 4125 partem
1056 4047 1256 4127 elegit;
1290 4072 1311 4105 ιι
1351 4057 1407 4109 et
1438 4048 1652 4110 iterum
1688 4051 1749 4101 44
1787 4048 1933 4112 εαΝθ
1964 4050 2199 4112 solliciti

546 4134 673 4195 sitis
706 4134 767 4194 in
797 4137 1147 4199 crastinum.
1168 4136 1268 4198 uEt
1300 4138 1424 4200 haec
1448 4138 1690 4218 quidem
1722 4140 1983 4201 afferunt
2013 4141 2071 4201 hi
2095 4140 2198 4221 qui

544 4243 652 4305 per
680 4224 973 4302 ignaviam
1013 4228 1167 4305 pasci
1194 4226 1437 4291 vellent.
1471 4226 1588 4289 Nos
1620 4238 1814 4290 autem
1866 4230 2008 4310 quid
2043 4230 2197 4291 dici-

545 4322 710 4376 mus?
742 4315 973 4377 Dictum
998 4316 1138 4375 588
1168 4317 1239 4377 ad
1266 4318 1558 4379 Martham
1588 4336 1700 4379 non
1730 4318 1803 4380 de
1826 4337 2008 4400 Opere
2031 4326 2201 4381 estet

545 4406 887 4485 operatione
906 4406 995 4466 vel
1029 4408 1171 4509 otio,
1197 4408 1415 4509 sedde
1446 4410 1729 4509 temporis
1763 4408 2197 4509 observatione,
2226 4459 2268 4509 Ι,

546 4503 605 4556 et
637 4513 710 4555 ne
735 4505 966 4575 tempus
997 4497 1277 4558 audiendi
1315 4496 1650 4558 insumatur
1693 4501 1750 4560 in
1781 4499 2203 4581 occupationes

546 4584 942 4664 parandorum
980 4585 1273 4647 ciborum.
1312 4588 1633 4648 Persuadet
1665 4589 1837 4668 igitur
1868 4590 1920 4650 ei
1957 4609 2032 4652 ne
2064 4608 2202 4669 per-

548 4673 646 4733 dat
679 4687 913 4753 tempus
965 4676 1255 4736 doctiinm
1303 4676 1518 4737 frustra
1577 4688 1819 4759 propter
1859 4680 2203 4760 occupatio-

548 4781 683 4825 nem
721 4764 774 4823 in
811 4764 900 4823 his
934 4784 1063 4844 quae
1096 4767 1314 4826 ventris
1362 4775 1531 4829 sunt.
1584 4765 1751 4839 Quod
1802 4779 1997 4830 autem
2036 4770 2201 4834 dicit.

554 4878 581 4911 α
618 4853 702 4914 Ne
735 4854 973 4915 solliciti
1005 4854 1171 4916 sitis:
1210 4875 1435 4935 tneque
1464 4858 1574 4917 hoc
1606 4857 1762 4919 dicto
1797 4860 2197 4938 operationem

550 4943 963 5022 rejecit.Aliuxl
1002 4946 1160 5005 enim
1195 4945 1535 5006 sollicitudo
1570 4954 1679 5021 eSt,
1704 4956 1760 5007 et
1790 4948 1947 5008 aliud
1982 4967 2201 5028 opera-

552 5032 999 5096 tio.Fierienim
1036 5043 1226 5113 potest
1250 5046 1310 5094 ut
1344 5036 1634 5096 sollicitus
1668 5056 1781 5098 non
1813 5038 1889 5097 sit
1921 5041 2017 5118 qui
2052 5058 2199 5117 ope-

552 5132 737 5185 retur.
767 5123 949 5185 Docet
975 5126 1155 5201 igitur
1183 5145 1289 5184 nos
1333 5124 1616 5186 Dominus
1651 5146 1723 5188 ne
1765 5128 1984 5189 addicti
2019 5130 2202 5189 simus

553 5214 707 5273 curis
748 5213 904 5288 vitae,
938 5233 1127 5293 neque
1160 5214 1484 5275 habeamus
1517 5234 1715 5276 curam
1744 5219 2042 5297 quomodo
2075 5236 2205 5279 cras

551 5302 980 5378 rel'ocillemur;
1014 5304 1132 5363 vult
1163 5313 1224 5363 ut
1252 5324 1609 5385 unoquoque
1643 5306 1738 5367 die
1761 5308 2192 5387 operemur,di-

557 5408 699 5451 cens
736 5410 749 5453 :
793 5416 814 5445 (ι
853 5394 938 5452 Ne
970 5393 1203 5455 solliciti
1237 5393 1364 5454 sitis
1423 5394 1497 5454 de
1546 5397 1800 5456 crastino
1837 5418 1848 5460 :
1889 5431 1907 5455 ρ
1942 5397 2111 5478 quasi
2148 5401 2206 5459 in

559 5478 717 5539 hunc
758 5481 995 5541 modum
1029 5482 1255 5544 diceret
1290 5504 1301 5544 :
1339 5483 1425 5545 Ne
1458 5483 1691 5545 solliciti
1736 5486 1862 5546 sitis
1908 5487 2206 5567 quomodo

562 5566 741 5630 hodie
762 5571 1228 5649 operando,cras
1251 5573 1705 5653 quiescatis;sed
1728 5566 1992 5655 quotidie
2009 5575 2206 5639 cibum

2278 3258 2388 3313 vov,
2454 3234 2537 3294 δεῖ
2565 3236 2899 3318 ἐργάζεσθαι,
2944 3234 3036 3295 ἵνα
3080 3235 3190 3317 ἔχῃ
3218 3236 3306 3292 καὶ
3336 3233 3521 3298 ἄλλοις
3553 3230 3890 3309 μεταδιδόναι
3926 3247 3941 3261 ⁸

2276 3332 2434 3383 τοῦτο
2492 3327 2594 3406 γὰρ
2651 3324 2772 3407 ἔχει
2804 3328 3019 3407 μισθὸν,
3053 3327 3152 3394 τὴν
3180 3324 3277 3394 τῆς
3336 3321 3638 3401 μελλούσης
3668 3320 3946 3399 βασιλείας

2278 3412 2629 3494 ἐπαγγελίαν.
2687 3416 2808 3480 Πῶς
2865 3418 2977 3490 οὖν,
3011 3417 3193 3495 φησὶν,
3241 3414 3399 3471 εἶπεν
3429 3415 3457 3470 6
3502 3413 3716 3493 Κύριος,
3746 3409 3827 3469 ὅτι
3884 3410 3949 3466 οὗ

2279 3500 2364 3560 δεῖ
2421 3505 2730 3585 ἓργάζεσθαι
2788 3506 2887 3574 τὴν
2961 3503 3156 3585 ϐρῶσιν
3241 3503 3340 3572 τὴν
3397 3501 3773 3579 ἀπολλυμένην
3806 3503 3950 3583 ,Τὸ

2276 3594 2525 3652 σύντονον
2582 3600 2681 3663 τῆς
2727 3597 2902 3654 αὐτῶν
2969 3596 3089 3675 περὶ
3143 3595 3211 3652 τὰ
3245 3593 3501 3675 βρώματα
3557 3590 3792 3661 σπουδῆς
3846 3591 3949 3648 ἰκ-

2276 3684 2518 3765 κόπτων,
2579 3688 2669 3743 καὶ
2723 3688 2856 3765 πρὸς
2908 3686 2976 3743 τὰ
3038 3684 3375 3761 πνευματικὰ
3424 3685 3650 3762 μετρίως
3710 3679 3944 3759 μεταϐι-

2275 3770 2473 3843 ϐάζων.
2534 3775 2658 3856 Ναὶ,
2714 3778 2896 3856 φησὶν,
2950 3773 3088 3832 ἀλλά
3144 3775 3277 3852 μὴν,
3341 3773 3422 3830 ὅτι
3479 3775 3579 3841 τὴν
3622 3774 3942 3849 σωματικὴν

2283 3861 2530 3942 ἐργασίαν
2581 3864 2831 3922 ἐκκόπτει
2889 3867 2917 3922 6
2948 3867 3199 3943 Χριστὸς,
3251 3862 3413 3932 δῆλον
3456 3862 3516 3921 ἐκ
3544 3862 3637 3920 τοῦ
3680 3862 3809 3943 πρὸς
3839 3863 3947 3930 τὴν

2283 3953 2495 4031 Μάρθαν
2552 3955 2726 4012 εἰπεῖν
2760 3971 2774 3986 ·
2843 3978 2872 4011 ι
2936 3956 3144 4035 Μάρθα,
3204 3959 3464 4033 μεριμνᾷς
3538 3955 3627 4011 καὶ
3683 3951 3944 4033 τυρϐάζιι.

2284 4040 2399 4105 ἑνὸς
2457 4039 2513 4098 δέ
2570 4042 2681 4101 ἐστι
2746 4045 2903 4125 χρεία
2938 4067 2952 4081 ·
3016 4044 3187 4125 Μαρία
3244 4042 3298 4099 δὲ
3354 4044 3454 4113 τὴν
3511 4042 3715 4123 ἀγαθὴν
3757 4042 3947 4122 μερίδα

2284 4128 2554 4197 ἐξελέξατο
2584 4148 2599 4165 ⁸
2635 4156 2664 4190 ι
2698 4138 2786 4191 καὶ
2815 4134 2977 4191 πάλιν
3011 4151 3025 4166 ·
3095 4153 3124 4193 ι
3156 4136 3245 4203 Μὴ
3298 4136 3667 4215 μεριμνήσητε
3695 4135 3812 4214 περὶ
3840 4138 3947 4201 τῆς

2283 4220 2482 4292 αὔριον.
2522 4245 2565 4283 ιι,
2598 4225 2775 4304 Ταῦτά
2827 4224 2925 4300 μὲν
3001 4221 3336 4304 διαποροῦσιν
3394 4227 3461 4304 oi
3497 4223 3771 4304 τρέφεσθαι
3841 4224 3946 4304 ἁρ-

2282 4312 2392 4389 γῶς
2448 4310 2714 4378 θέλοντες,
2765 4302 2958 4390 Ἠμετς
3002 4311 3055 4370 δὲ
3086 4316 3135 4370 τί
3164 4302 3336 4395 ξραμεν
3373 4338 3390 4394 ,
3427 4302 3558 4372 ιὈτι
3604 4302 3664 4371 τὸ
3687 4314 3818 4393 πρὸς
3842 4302 3950 4383 την

2289 4396 2498 4479 Μάρθαν
2542 4400 2759 4483 λεχθὲν,
2821 4405 2881 4461 οὐ
2935 4404 3053 4482 περὶ
3122 4402 3278 4483 ἔργου
3336 4403 3469 4478 ἐστὶ,
3524 4404 3613 4461 καὶ
3667 4402 3946 4484 ἰργασίας,

2287 4491 2373 4545 καὶ
2431 4491 2638 4571 ἀργίας,
2706 4491 2843 4549 ἀλλὰ
2899 4495 3016 4573 περὶ
3071 4501 3163 4550 τοῦ
3216 4495 3399 4573 καιρὸν
3455 4492 3665 4569 εἰδέναι,
3732 4495 3818 4550 καὶ
3862 4496 3949 4570 μὴ

2287 4582 2377 4636 τὸν
2448 4584 2546 4647 τῆς
2593 4582 2897 4662 ἀκροάσεως
2956 4583 3153 4664 χρόνον
3210 4582 3508 4641 ἀναλίσκειν
3562 4588 3635 4648 είς
3682 4585 3783 4651 τὴν
3824 4586 3951 4665 περὶ

2288 4671 2354 4725 τὰ
2409 4671 2665 4750 βρώματα
2749 4672 3003 4742 σπουδὴν,
3063 4673 3261 4730 Πείθων
3319 4676 3406 4730 οὖν
3484 4673 3668 4749 αὑτὴν,
3729 4675 3950 4750 μητδν

2289 4763 2387 4828 τῆς
2435 4759 2770 4828 διδασκαλίας
2826 4763 3009 4843 καιρὸν
3069 4761 3369 4843 προδιδόναι
3455 4765 3631 4841 μάτην
3700 4764 3785 4822 διὰ
3841 4766 3949 4834 τὴν

2287 4853 2405 4928 περὶ
2471 4851 2569 4919 τῆς
2641 4874 2866 4932 γαστρός
2937 4851 3222 4933 ἀσχολίαν,
3281 4852 3449 4909 ταῦτα
3521 4876 3674 4936 φησι.
3733 4857 3805 4913 Τὸ
3861 4854 3946 4936 δὲ,

2290 4965 2315 4995 α
2356 4942 2443 5008 Μὴ
2495 4943 2889 5020 μεριμνήσητε,
2954 4964 2977 5001 ιι
3032 4944 3216 5018 εἰπὼν,
3296 4942 3412 5001 οὒδὲ
3471 4944 3636 5009 οὕτως
3693 4943 3945 5003 ἔκϐαλλει

2284 5031 2382 5097 τὴν
2438 5033 2710 5110 ἐργασίαν,
2768 5032 2960 5090 ’Άλλο
3029 5033 3127 5112 γὰρ
3176 5032 3428 5113 μέριμνα,
3474 5038 3563 5092 καὶ
3606 5035 3738 5092 ἄλλο
3783 5037 3948 5116 ἐργα-

2287 5123 2392 5178 σία.
2448 5118 2620 5178 ’Ἔστι
2655 5124 2754 5202 γάρ
2783 5145 2900 5179 τινα
2930 5126 3017 5181 καὶ
3048 5123 3421 5202 ἐργαζόμενον,
3456 5124 3621 5202 μηδὲν
3654 5134 3940 5206 μεριμνᾷν,

2292 5210 2563 5268 Διδάσκων
2607 5212 2694 5269 οὖν
2738 5214 2885 5289 ἡμᾶς
2944 5216 2971 5270 ὁ
3018 5216 3229 5293 Κύριος,
3276 5217 3353 5291 μη
3397 5215 3773 5297 προσηλῶσθαι
3818 5234 3963 5287 τοῖς

2288 5305 2585 5383 βιωτικοῖς,
2647 5301 2785 5379 μηδὲ
2837 5308 3103 5361 ποιεῖσθἰι
3166 5305 3410 5386 φροντίδα
3453 5312 3552 5375 τῆς
3596 5308 3772 5389 αὔριον
3802 5311 3943 5370 ἀνα-

2292 5393 2559 5474 παύσεως,
2619 5391 2755 5449 ἀλλὰ
2824 5392 3027 5470 μᾶλλον
3088 5392 3206 5451 καθ’
3280 5397 3509 5465 ἑκάστην
3573 5398 3741 5456 θέλων
3795 5403 3945 5478 ἡμᾶς

2292 5484 2620 5561 ἐργάζεσθαι,
2675 5484 2806 5567 φησί
2839 5501 2852 5514 ’
2937 5504 2967 5544 (
3050 5484 3140 5552 Μὴ
3228 5489 3580 5565 μεριμνήσετε
3664 5493 3783 5571 περὶ
3838 5498 3944 5562 τῆς

2292 5572 2469 5654 αὔριον
2501 5590 2515 5605 ⁸
2569 5598 2595 5631 ιι
2652 5575 2831 5653 ὥσπερ
2883 5573 2946 5631 ἂν
2989 5575 3033 5631 εἰ
3077 5572 3244 5640 οὕτως
3299 5575 3451 5658 ἔλεγε
3481 5596 3495 5611 ⁸
3532 5580 3620 5648 Μὴ
3662 5588 3948 5662 μεριμνή-

642 5729 699 5779 4²
728 5729 906 5791 Eccli.
945 5749 1148 5806 xxxm,
1178 5731 1278 5793 29.
1368 5735 1429 5783 43
1456 5736 1597 5798 Luc.
1633 5754 1691 5810 χ,
1728 5738 1826 5812 41,
1866 5734 1971 5801 42.
2052 5735 2108 5780 ⁴⁴
2137 5740 2197 5798 Mt

2282 5739 2341 5801 h.
2373 5730 2447 5815 vi,
2483 5737 2581 5798 34.
