4178 6406
282 364 436 430 1297

967 367 1413 429 ENARRATIO
1458 367 1540 429 IN
1586 364 2096 430 EVANGELIUM
2139 370 2482 433 JOANNIS.
2533 400 2607 415 —
2650 370 2817 434 CAP.
2878 371 2985 434 VI.

3519 371 3673 438 1298

281 521 437 573 σητε,
503 503 615 564 πῶς
692 500 924 578 σήμερον
1012 499 1387 579 ἐργασάμενοι,
1466 498 1640 577 αὔριον
1690 498 1931 556 ἀναπαύ-

2035 502 2367 583 ιιιοὶίᾶίειηει
2400 504 2747 585 operatione
2781 513 3170 585 parantes,ne
3195 505 3430 569 solliciti
3449 506 3577 569 sitis
3594 508 3669 570 de

278 594 428 648 σεσθε
465 605 478 620 ·
527 588 645 647 ἀλλ’
706 590 939 656 ἑκάστης
992 588 1197 669 ὴμέρας
1265 590 1462 670 τροφὴν
1534 587 1595 645 ἐκ
1650 587 1749 657 τῆς
1818 588 1939 646 καθ’

276 680 478 759 ἡμέραν
541 679 785 758 ἐργασίας
844 678 1089 760 ἔχοντες,
1157 680 1234 755 μὴ
1315 679 1605 758 μεριμνᾶτε
1663 680 1783 756 περὶ
1840 684 1937 746 τῆς

276 769 479 849 αὔριον.
554 769 758 845 Βρῶσιν
815 767 901 837 δὲ,
950 769 1235 845 μένουσαν,
1292 769 1393 835 τὴν
1474 769 1729 844 μυστικὴν
1792 767 1937 845 λέγει

283 858 590 935 μετάληψιν
646 864 745 927 τῆς
806 861 1000 933 σαρκὸς
1049 861 1142 917 τοῦ
1179 860 1386 938 Κυρίου,
1419 856 1487 926 ἢν
1522 858 1672 922 αύτὸς
1701 860 1838 934 ἡμῖν
1863 856 1941 915 δί-

278 948 471 1023 δωσιν,
535 951 651 1012 Υἱὸς
712 948 990 1028 ἀνθρώπου
1033 946 1342 1029 γενόμενος,
1378 947 1434 1003 ὃν
1466 949 1494 1002 6
1528 948 1711 1027 Πατὴρ
1742 947 1940 1027 ἐσφρά-

278 1060 419 1117 γισε,
510 1037 805 1120 τουτέστιν,
893 1036 1182 1108 ἀπέδειξεν,
1246 1034 1582 1109 ἐϐεϐαίωσεν,
1641 1035 1721 1093 diu
1799 1036 1940 1094 ἔστιν

283 1130 402 1191 Υἱὸς
465 1128 643 1190 αὖτοῡ.
708 1126 984 1193 Ἀπὲδειξε-
1033 1129 1130 1203 μὲν
1210 1128 1310 1207 γὰρ
1368 1127 1456 1183 καὶ
1538 1125 1693 1190 αὐτὸς
1754 1127 1941 1183 ἑαυτὸν

278 1219 306 1275 6
339 1219 563 1296 Χριστὸς
619 1217 705 1275 διὰ
733 1225 839 1275 τῶν
868 1219 1149 1293 θαυμάτων
1188 1234 1201 1249 ⁸
1237 1217 1351 1273 ἐπεὶ
1399 1214 1453 1272 δὲ
1497 1216 1629 1294 πρὸς
1662 1212 1937 1277 Ἰουδαίους

283 1305 610 1385 διαλέγεται,
684 1307 779 1363 ἵνα
832 1309 911 1383 μὴ
978 1310 1342 1387 ταραχθῶσιν,
1414 1304 1501 1360 ἐπὶ
1568 1306 1660 1361 τὸν
1732 1304 1939 1379 Πατέρα

282 1397 589 1477 ἀνατρέχει,
650 1397 740 1455 καί
799 1418 952 1478 φησι,
1000 1393 1126 1475 παρ’
1174 1397 1333 1452 αὑτοῦ
1365 1393 1728 1473 ἐσφραγίσθαι,
1780 1414 1939 1449 τουτ-

284 1486 447 1555 έστιν,
530 1483 937 1567 ἀποδεδεῖχθαι,
1044 1486 1501 1563 μεμαρτυρῆσθαι.
1607 1480 1757 1540 Ἐπεὶ
1854 1483 1941 1539 καὶ

282 1576 436 1631 εἰκών
493 1578 604 1632 ἔστι
662 1579 756 1632 τοῦ
816 1577 1021 1655 Πατρὸς
1051 1577 1079 1631 6
1116 1576 1261 1649 Υἱὸς,
1318 1574 1405 1629 καὶ
1463 1572 1793 1651 σφράγισμα,
1852 1572 1939 1627 καὶ

285 1665 595 1745 χαρακτὴρ,
683 1666 789 1722 νόει
875 1662 999 1736 παρ’
1061 1666 1218 1723 αὑτοῦ
1289 1662 1672 1743 σφραγισθῆναι
1731 1668 1939 1739 τοῦτον,

282 1758 398 1815 καθ’
460 1759 487 1815 ὃ
544 1760 699 1816 εἰκὼν
769 1760 858 1816 καὶ
904 1757 1206 1839 σφρύγισμά
1268 1756 1410 1813 ἐστιν
1445 1774 1458 1784 ’
1510 1754 1648 1825 ὥστε
1693 1755 1842 1812 εἶναϊ
1882 1756 1942 1810 τὸ

284 1846 576 1927 λεγόμενον
639 1856 876 1907 τοιοῦτον
913 1870 928 1886 ⁸
1018 1854 1212 1907 Τοῦτον
1286 1848 1387 1925 γὰρ
1465 1847 1555 1902 τὸν
1627 1844 1945 1925 φαινόμενον

2021 593 2302 658 crastino.
2336 592 2546 658 Cibum
2568 602 2765 657 autem
2794 602 3160 676 manentem,
3198 597 3501 677 mysticam
3528 595 3673 658 dicit

2021 683 2423 763 sumptionem
2474 685 2668 746 carnis
2697 684 2957 758 Domini,
2992 705 3168 765 quam
3210 685 3382 747 nobis
3412 686 3540 765 ipse
3571 687 3672 748 dat

2022 770 2207 834 Filius
2238 772 2497 835 hominis
2527 774 2741 845 factus,
2776 795 2953 856 quem
2984 778 3157 837 Pater
3185 774 3533 854 obsignavit,
3561 777 3676 840 hoc

2023 868 2115 922 est
2144 862 2401 924 ostendit
2429 871 2486 924 et
2516 864 2886 925 conﬁrmavit
2918 864 3071 944 quod
3106 865 3181 927 sit
3202 863 3386 927 Filius
3417 884 3580 947 suus;
3618 875 3677 929 et

2022 949 2150 1031 ipse
2181 950 2420 1031 quidem
2448 952 2721 1014 Christus
2751 954 3008 1015 ostendit
3037 973 3102 1016 se
3126 973 3231 1034 per
3254 955 3674 1030 miracula;sed

2022 1039 2160 1120 quia
2183 1059 2316 1101 cum
2344 1041 2561 1104 Iudaeis
2594 1043 2876 1123 loquitur,
2900 1052 2962 1104 ut
2997 1062 3071 1105 ne
3094 1043 3427 1118 turbentur,
3453 1044 3523 1105 ad
3560 1047 3673 1107 Pa-

2023 1137 2173 1189 trem
2205 1132 2481 1210 recurrit,
2517 1140 2574 1191 et
2605 1131 2752 1193 dicit
2801 1132 2873 1193 ab
2922 1132 3024 1194 illo
3074 1150 3139 1195 se
3188 1134 3483 1213 signatum
3518 1151 3671 1210 esse,

2024 1217 2137 1279 hoc
2168 1225 2275 1288 est,
2315 1229 2703 1283 monstratum
2766 1231 2825 1283 et
2863 1221 3219 1284 testimoniis
3252 1224 3670 1285 confirmatum

2025 1307 2325 1387 esse;quia
2354 1321 2415 1369 et
2440 1311 2628 1390 imago
2663 1319 2753 1372 est
2783 1314 2969 1374 Patris
3003 1309 3273 1389 Filius,et
3303 1313 3673 1391 signaculum

2027 1404 2085 1458 et
2114 1396 2444 1478 character,
2470 1399 2739 1477 intellige
2769 1400 2846 1463 ab
2875 1401 2977 1461 illo
3010 1401 3170 1464 hunc
3200 1402 3675 1483 signatum,qua-

2028 1494 2202 1548 tenus
2234 1485 2428 1566 imago
2478 1498 2534 1550 et
2572 1488 2831 1568 sigillum
2867 1498 2979 1565 est;
3014 1498 3071 1551 et
3100 1491 3178 1551 ita
3208 1510 3272 1552 se
3302 1491 3484 1554 habet
3513 1491 3676 1571 quod

2025 1575 2363 1655 dicit,Hunc
2391 1578 2550 1638 enim
2583 1578 2687 1659 qui
2716 1578 3029 1640 videbatur
3060 1579 3242 1642 Filius
3273 1580 3554 1652 hominis,
3591 1581 3675 1641 si—

2024 1665 2219 1742 gnavit
2248 1668 2443 1747 Pater,
2482 1666 2594 1729 hoc
2643 1675 2730 1728 cst
2768 1667 3141 1747 signaculum
3175 1688 3346 1730 suum
3375 1676 3433 1731 et
3462 1670 3674 1749 imagi-

2026 1773 2164 1817 nem
2197 1754 2419 1833 genuit,
2454 1775 2587 1837 qnae
2637 1757 2885 1819 haberet
2914 1758 2973 1818 in
3006 1776 3072 1821 se
3122 1777 3298 1819 omne
3340 1759 3495 1836 quod
3546 1759 3676 1839 ipse

2028 1843 2307 1925 habebat,
2338 1852 2395 1907 et
2425 1847 2753 1908 naturalem
2779 1866 2915 1909 cum
2947 1848 3078 1928 ipso
3110 1847 3510 1911 identitatem.

294 1941 416 1994 Υἱὸν
447 1937 747 2019 ἀνθρώπου,
780 1937 1096 2019 ἐσφράγισεν
1138 1940 1166 1994 6
1199 1936 1407 2015 Πατὴρ,
1435 1933 1700 2011 τουτέστι,
1732 1933 1999 2015 σφραγῖδα
2058 1936 2216 1992 αὖτοῦ
2245 1937 2329 1992 καὶ
2389 1937 2563 1994 εἰκόνα
2611 1938 2884 2019 ἐγέννησε,
2930 1938 3325 2018 ἀπαραλλαξίαν
3368 1947 3543 1997 πᾶσαν
3587 1942 3679 1997 καὶ

279 2030 579 2096 ταδτότητα
609 2031 836 2109 φυσικὴν
870 2030 999 2108 πρὸς
1043 2029 1199 2085 αὐτὸν
1242 2027 1643 2098 ἆποσώζουσαν.

374 2142 395 2174 ι
451 2123 621 2178 Εἶπον
685 2122 773 2175 οὗν
819 2120 951 2199 πρὸς
1006 2118 1161 2179 αὐτόν
1195 2136 1212 2154 ⁸
1260 2117 1320 2176 Τί
1362 2118 1627 2192 ποιῶμεν,
1669 2115 1761 2173 τίνα
1794 2115 1944 2194 ἔργα·

2104 2116 2291 2179 Vens.
2324 2115 2541 2181 28—30.
2571 2116 2892 2180 «Dixerunt
2920 2136 3059 2198 ergo
3089 2118 3161 2179 ad
3196 2136 3334 2180 eum
3362 2117 3547 2191 :Quid
3580 2119 3675 2180 fa-

281 2213 493 2286 ζωμεθα
563 2210 629 2265 τὰ
692 2208 819 2289 ἔργα
880 2216 974 2267 τοῦ
1031 2215 1214 2283 Θεοῦς
1279 2205 1568 2285 Ἀπεκρίθη
1632 2208 1659 2263 ὁ
1710 2204 1939 2285 Ἰησοῦς,

282 2302 371 2356 καὶ
430 2300 587 2356 εἶπεν
633 2301 813 2363 αὐτοῖς
850 2318 861 2331 ·
912 2299 1078 2358 Τοῦτό
1137 2298 1247 2355 ἐστι
1278 2298 1339 2354 τὸ
1369 2296 1522 2375 ἔργον
1544 2304 1636 2355 τοῦ
1667 2303 1819 2369 Θεοῦ,
1852 2295 1944 2350 ἵνα

283 2390 600 2457 πιστεύσητε
664 2392 735 2455 εἰς
793 2390 852 2446 ὃν
921 2387 1233 2445 ἀπέστειλεν
1317 2387 1549 2449 ἐκεῖνος.
1612 2386 1785 2443 Εἶπον
1857 2388 1945 2442 οὖν

286 2480 427 2553 αύτῷ
465 2495 478 2511 ⁸
537 2478 597 2538 Τί
653 2482 741 2536 οὖν
785 2491 961 2543 ποιεῖς
1021 2479 1082 2535 σὺ
1142 2490 1400 2557 σημεῖον,
1452 2474 1548 2532 ὅνα
1600 2472 1824 2551 ἴδωμεν,
1857 2468 1945 2531 καὶ

284 2568 649 2645 πιστεύσωμέν
708 2590 839 2642 σοις
898 2570 957 2628 Τί
1042 2568 1239 2648 ἐργάζῃ
1274 2584 1291 2642 ;
1332 2589 1354 2622 ι
1423 2567 1679 2632 Ζητοῦσιν
1728 2567 1775 2622 οἱ
1805 2563 1944 2621 Ἰου-

282 2656 426 2715 δαϊοι
460 2662 651 2733 μαθεῖν
677 2661 740 2715 τὸ
798 2657 952 2737 ἔργον
1010 2664 1104 2714 τοῦ
1137 2655 1296 2735 Θεοῦ,
1330 2658 1435 2735 οὐχ
1475 2653 1571 2711 ἵνα
1604 2653 1758 2711 τοῦτο
1802 2654 1944 2731 πρα-

284 2746 466 2823 ξωσιν,
521 2746 639 2805 αλλ’
688 2746 783 2808 ἵνα
837 2746 1125 2828 δράξωνται
1176 2744 1445 2826 ἀφορμάς.
1495 2741 1659 2808 Εἰδὼς
1712 2742 1803 2799 οὖν
1848 2743 1944 2799 αὕη

286 2838 407 2904 τοὺς
456 2837 622 2913 μηδὲν
654 2836 1198 2917 ὠφεληθτ.σομένους,
1239 2834 1388 2911 ὅμως
1446 2832 1530 2890 διὰ
1571 2835 1632 2890 τὸ
1686 2854 1941 2913 κοινωφε-

292 2926 381 2992 λὲς
437 2934 532 2994 τῆς
593 2925 932 2991 διδασκαλίας
1000 2925 1359 3002 ἀποκρίνεται,
1438 2925 1525 2980 καὶ
1593 2921 1953 2980 ὑποδείκνυσιν

291 3018 503 3097 αὐτοῖς,
552 3015 755 3093 μᾶλλον
800 3013 856 3072 δὲ
916 3021 1076 3072 πᾶσιν
1133 3013 1453 3091 ἀνθρώποις,
1501 3011 1580 3069 ὅτι
1638 3010 1792 3067 τοῦτό
1843 3011 1953 3066 ἐστι

288 3108 349 3163 τὸ
382 3105 532 3186 ἔργον
593 3105 685 3163 τοῦ
740 3112 895 3176 Θεοῦ,
938 3106 1000 3161 τὸ
1058 3104 1324 3161 πιστεύειν
1374 3103 1447 3167 εἰς
1476 3104 1535 3159 ὃν
1566 3101 1772 3167 ἐκεῖνος
1813 3099 1953 3157 ἀπέ-

288 3196 517 3258 στειλεν.
585 3187 647 3252 Ἠ
693 3196 791 3275 γὰρ
857 3197 929 3261 εἰς
988 3193 1148 3251 αὐτὸν
1178 3195 1383 3268 πίστις,
1417 3190 1569 3271 ἔργον
1600 3190 1767 3254 ὄντως
1816 3191 1954 3267 ἱερόν

285 3307 341 3341 τε
393 3287 480 3342 καὶ
534 3284 762 3361 τέλειον,
816 3286 904 3341 καὶ
988 3283 1204 3361 ἁγιάζον
1263 3284 1384 3345 τοὺς
1455 3281 1655 3347 ταύτην
1702 3279 1950 3360 ἔχοντας.

288 3366 515 3453 Ὀδηγὺς
576 3376 676 3455 γὰρ
735 3376 935 3454 γίνεται
978 3376 1013 3442 ἡ
1071 3370 1294 3443 ἀκριϐὴς
1351 3378 1523 3436 πίστις
1598 3372 1727 3450 πρὸς
1778 3374 1953 3426 πᾶσαν

284 3466 490 3542 ἀγαθὴν
569 3464 836 3543 ἐργασίαν,

296 3556 392 3621 τὴν
450 3555 650 3627 πίστιν,
683 3576 706 3610 ι
759 3555 835 3612 Τά
890 3576 949 3609 τε
998 3555 1100 3633 γὰρ
1143 3552 1271 3632 ἔργα
1331 3550 1454 3631 ἄτερ
1507 3556 1736 3614 πίστεως
1768 3550 1948 3629 νεκρὰ,

288 3646 379 3701 καὶ
425 3646 459 3711 ἡ
504 3644 680 3707 πίστις
739 3646 907 3723 χωρὶς
959 3643 1156 3723 ἔργων.
1196 3665 1219 3699 ι
1287 3633 1435 3724 ΗΟρα
1462 3640 1516 3698 δὲ
1572 3641 1955 3719 ἀγνωμοσύνην

287 3734 378 3789 καὶ
424 3733 769 3799 ἀναισθησίαν
803 3752 817 3767 ⁶
870 3744 1105 3807 σημεῖον
1162 3730 1324 3790 πάλιν
1363 3739 1609 3804 ζητοῦσιν
1639 3731 1687 3787 οἱ
1728 3731 1957 3786 τοσαῦτα

285 3826 373 3879 καὶ
429 3829 729 3887 τηλικαῦτα
787 3820 1010 3900 ἰδόντες,
1073 3823 1164 3878 καὶ
1230 3823 1292 3877 τὸ
1337 3828 1444 3879 τῶν
1503 3819 1676 3898 ἄρτων
1751 3817 1956 3894 μᾶλλον

286 3911 379 3993 ἀφ’
422 3912 497 3969 ὧν
555 3910 936 3990 ἒκορέσθησαν.
997 3904 1091 3976 Ὠς
1150 3912 1534 3992 γαστρίμαργοι
1610 3913 1721 3990 οὗν,
1792 3907 1950 3964 πάλιν

285 4009 528 4060 τοιοῦτον
590 4003 796 4059 αἰτοῦσι
860 4016 1115 4083 σημεῖον,
1177 4004 1249 4067 εἰς
1302 4002 1535 4082 γαστέρα
1594 4003 1777 4064 αὺτοῖς
1810 4022 1951 4073 συμ-

285 4087 642 4167 ϐαλλόμενον.
706 4081 838 4149 ιὈτι
889 4091 943 4147 δὲ
1031 4081 1187 4150 τούτο
1260 4090 1481 4165 ἀληθὲς,
1526 4087 1689 4157 δῆλον
1732 4087 1793 4144 ἐκ
1849 4092 1954 4143 τῶν

289 4180 434 4249 ἑξῆς.

271 4273 276 4279 ’
374 4293 395 4326 (ι
435 4273 495 4329 Οἱ
555 4270 779 4351 πατέρες
834 4273 991 4347 ἡμῶν
1028 4276 1090 4328 τὸ
1119 4271 1292 4346 μάννα
1321 4269 1519 4351 ἔφαγον
1563 4267 1617 4324 ἐν
1646 4273 1713 4344 τῇ
1742 4266 1948 4347 ἐρήμῳ,

291 4361 459 4426 καθώς
515 4360 626 4417 ἐστι
671 4361 1039 4439 γεγραμμένον
1075 4376 1089 4390 '
1152 4358 1360 4438 ’Ἀρτον
1441 4361 1505 4415 εκ
1574 4365 1669 4415 τοῦ
1736 4356 1954 4435 ούρανοῦ

293 4448 487 4506 ἔδωκεν
548 4454 739 4513 αὐτοῖς
792 4464 1010 4531 φαγεῖν.
1064 4453 1229 4508 Εἶπεν
1279 4455 1368 4507 οὖν
1400 4447 1583 4511 αὒτοτς
1628 4449 1656 4503 ὁ
1698 4446 1904 4511 Ἰησοὺς
1942 4479 1952 4491 ο

290 4538 490 4617 Ἀμὴν,
522 4539 669 4616 ἀμὴν
725 4539 871 4619 λέγω
932 4542 1087 4620 ὑμῖν,
1133 4540 1191 4596 οὗ
1225 4543 1426 4605 Μωσῆς
1457 4534 1681 4593 δέδωκεν
1712 4537 1840 4611 ὑμτν
1869 4536 1959 4594 τὸν

287 4628 444 4708 ἄρτον
498 4629 561 4686 ἐκ
601 4632 693 4686 τοί)
754 4633 976 4707 ούρανοῦ
1007 4646 1022 4660 ⁸
1085 4627 1209 4686 ἀλλ’
1266 4630 1294 4684 6
1348 4627 1533 4705 Πατήρ
1591 4648 1693 4701 μου
1745 4622 1960 4708 δίδωσιν

2025 2203 2251 2267 ciemus
2272 2214 2335 2268 ut
2363 2225 2684 2286 operemur
2713 2226 2895 2289 opera
2918 2207 3388 2289 Dei?ReSpondit
3414 2211 3590 2270 Jesus
3621 2218 3681 2272 et

2026 2292 2281 2356 dixiteis
2310 2315 2325 2356 :
2353 2294 2477 2358 Hoc
2519 2304 2606 2357 est
2651 2315 2801 2377 Opus
2849 2298 2975 2374 Dei,
3008 2304 3074 2358 ut
3122 2296 3384 2359 credatis
3429 2298 3489 2358 in
3535 2316 3672 2360 eum

2029 2402 2205 2462 quem
2240 2384 2403 2447 misit
2458 2385 2581 2448 ille.
2619 2385 2905 2449 Dixerunt
2931 2406 3071 2466 ergo
3099 2387 3190 2449 ei:
3227 2385 3391 2457 Quod
3448 2404 3587 2466 ergo
3621 2396 3682 2449 tu

2029 2472 2171 2534 facis
2217 2476 2451 2553 signum
2487 2483 2550 2536 ut
2577 2474 2881 2538 videamus
2927 2484 2985 2538 et
3017 2475 3338 2539 credamus
3363 2475 3501 2537 tibi?
3536 2477 3679 2558 quid

2030 2563 2326 2643 operaris?
2354 2588 2375 2619 ι»
2414 2564 2698 2637 Quaarunt
2741 2564 2933 2629 Judaei
2965 2565 3197 2627 discere
3219 2584 3368 2645 opus
3392 2565 3524 2645 Dei,
3560 2585 3679 2628 non

2030 2659 2093 2711 ut
2126 2652 2238 2712 hoc
2269 2652 2508 2727 faciant,
2541 2653 2646 2714 sed
2690 2662 2752 2715 ut
2796 2655 3170 2716 occasionem
3204 2654 3677 2733 apprehendant.

2029 2739 2315 2803 Dominus
2346 2752 2542 2803 autem
2572 2743 2840 2824 quamvis
2871 2744 3048 2806 sciret
3081 2763 3183 2806 eos
3214 2744 3434 2805 nullam
3457 2744 3681 2807 utilita-

2031 2837 2148 2892 tem
2184 2840 2595 2912 percepturos,
2632 2834 2937 2913 respondit
2972 2843 3165 2895 tamen
3209 2852 3315 2914 per
3348 2832 3679 2896 doctrinam

2037 2919 2243 2981 utilem
2267 2920 2567 3004 omnibus,
2594 2932 2651 2983 et
2684 2922 2941 2985 ostendit
2970 2925 3077 3004 eis,
3112 2924 3230 2984 imo
3262 2924 3542 2986 omnibus
3569 2925 3681 2985 ho-

2040 3008 2322 3083 minibus,
2354 3002 2660 3091 quod’hoc
2710 3012 2786 3073 sit
2829 3031 2977 3093 opus
3009 3002 3116 3074 Dei
3149 3013 3399 3075 credere
3455 3014 3513 3074 in
3546 3033 3682 3075 eum

2038 3117 2212 3179 quem
2238 3097 2344 3160 ille
2379 3098 2553 3162 misit.
2590 3099 2738 3161 Nam
2773 3101 2921 3162 ﬁdes
2953 3120 3092 3181 erga
3134 3101 3323 3171 illum,
3360 3121 3508 3182 Opus
3538 3121 3682 3183 pro-

2041 3188 2195 3251 fecto
2228 3200 2321 3249 est
2350 3197 2616 3251 sanctum
2652 3197 2708 3251 et
2740 3190 3159 3271 perfectum,et
3181 3191 3560 3253 sanctiﬁcaus
3582 3210 3686 3255 eos

2038 3278 2139 3358 qui
2170 3276 2330 3339 illam
2372 3277 2612 3342 habent.
2649 3282 2773 3343 Dux
2806 3280 2959 3340 enim
3013 3281 3075 3341 ﬁt
3122 3279 3375 3357 diligens
3422 3279 3569 3341 ﬁdes
3610 3280 3684 3343 ad

2037 3385 2277 3428 omnem
2314 3367 2528 3428 bonam
2557 3368 3225 3449 operationem,etbona
3250 3368 3513 3450 operatio
3537 3388 3687 3431 con-

927 3465 1015 3521 καὶ
1088 3465 1123 3531 ἡ
1183 3462 1358 3541 ἀγαθὴ
1433 3460 1650 3541 ἐργασία
1702 3471 1948 3537 συντηρεῖ

2037 3464 2233 3518 servat
2263 3457 2466 3519 ﬁdem.
2510 3480 2531 3513 (ι
2568 3456 2712 3519 Nam
2768 3466 2826 3520 et
2872 3477 3053 3539 opera
3102 3459 3231 3520 sine
3289 3458 3405 3519 ﬁde
3457 3468 3689 3521 mortua

2040 3551 2198 3619 sunt,
2238 3554 2293 3608 et
2326 3546 2472 3608 ﬁdes
2495 3548 2624 3609 sine
2654 3546 2937 3626 operibus
2962 3547 3236 3608 45.)Vide
3265 3557 3461 3609 autem
3485 3547 3683 3627 ingra-

2038 3634 2351 3695 titudinem
2385 3636 2820 3697 insensatorum
2848 3656 2860 3696 :
2889 3637 3120 3713 signum
3150 3636 3362 3698 iterum
3390 3645 3683 3718 quaerunt,

2040 3724 2309 3805 quamvis
2341 3730 2503 3787 tanta
2532 3733 2590 3787 et
2622 3725 2758 3785 talia
2786 3725 3063 3799 viderint,
3095 3734 3151 3786 et
3181 3727 3441 3788 maxime
3469 3744 3687 3805 panum

2042 3813 2258 3896 quibus
2288 3815 2530 3876 saturati
2558 3815 2815 3877 fuerant.
2835 3817 2989 3878 Vere
3020 3816 3409 3895 gastrimargi,
3445 3817 3547 3896 qui
3570 3818 3685 3879 ite-

2034 3922 2166 3965 rum
2198 3904 2431 3980 signum
2469 3904 2582 3966 tale
2607 3914 2901 3986 quaerunt,
2937 3905 3095 3986 quod
3125 3906 3316 3967 ventri
3348 3907 3681 3986 prodesset:

2036 4001 2093 4056 et
2124 3994 2283 4145 quo:
2315 3994 2425 4056 hoc
2459 3994 2535 4055 sit
2568 4011 2793 4071 verum,
2827 3994 2967 4057 589
2997 3995 3369 4057 manifestum
3397 4004 3577 4059 estex
3598 4015 3691 4060 se-

2036 4083 2242 4145 uuenti
2289 4102 2377 4145 us.

2036 4083 2377 4165 quentibus.

2117 4264 2524 4332 Vans.3l-34.
2540 4272 2778 4333 «Patres
2799 4271 2988 4332 nostri
3008 4271 3512 4332 manducaverunt
3534 4289 3696 4333 man-

2037 4376 2112 4419 na
2135 4356 2194 4417 in
2226 4358 2493 4437 deserto,
2522 4360 2676 4420 sicut
2706 4360 2993 4441 scriptum
3025 4369 3152 4422 est:
3192 4362 3415 4422 Panem
3441 4361 3512 4437 de
3539 4362 3690 4423 coelo

2045 4446 2209 4509 dedit
2250 4448 2338 4509 eis
2389 4448 2460 4508 ad
2494 4448 2819 4513 edendum.
2874 4449 3026 4511 Dixit
3076 4449 3162 4510 eis
3214 4452 3390 4511 Jesus
3424 4470 3436 4513 :
3472 4450 3689 4531 Amen,

2042 4556 2217 4598 amen
2249 4535 2381 4598 dico
2419 4537 2621 4600 vobis:
2658 4558 2775 4599 non
2833 4539 3028 4601 Moses
3080 4538 3242 4599 dedit
3297 4538 3464 4600 vobis
3521 4539 3693 4602 illum

2046 4645 2256 4708 panem
2290 4628 2366 4688 de
2399 4628 2568 4709 coelo,
2602 4628 2709 4690 sed
2743 4631 2913 4691 Pater
2944 4648 3113 4689 meus
3144 4629 3242 4690 dat
3271 4627 3433 4690 vobis
3478 4648 3693 4709 panem

284 4720 418 4793 ὑμῖν
474 4721 567 4776 τὸν
600 4720 757 4788 ἄρτον
806 4720 868 4777 ἐκ
915 4728 1009 4778 τοῦ
1040 4721 1259 4799 οὖρανοῦ
1304 4719 1395 4774 τὸν
1427 4714 1699 4783 ἀληθινόν,
1743 4705 1799 4773 Ὀ
1859 4715 1948 4793 γαὲ

2043 4705 2119 4778 de
2139 4718 2292 4779 caelo
2316 4705 2723 4780 verun1.Panis
2746 4719 2903 4779 enim
2931 4720 3033 4781 Dei
3054 4718 3274 4798 est,qui
3296 4718 3369 4779 de
3385 4705 3533 4781 coelo
3557 4719 3698 4781 des~

288 4807 443 4887 ἅρτος
498 4810 592 4866 τοῦ
646 4818 775 4867 Θεοῦ
836 4810 985 4868 ἐστιν
1028 4811 1055 4868 ὁ
1099 4805 1428 4866 καταϐαίνων
1479 4805 1540 4863 ἐκ
1586 4815 1679 4866 τοῦ
1710 4806 1950 4884 οὕρανοῦν

286 4899 377 4954 καὶ
426 4899 571 4969 ζωὴν
628 4897 797 4964 διδοὺς
842 4907 920 4975 τῷ
961 4900 1169 4975 κόσμῳ.
1222 4901 1388 4954 Εἶπον
1433 4895 1521 4953 οὖν
1563 4896 1695 4974 πρὸς
1746 4894 1902 4953 αὐτόν
1938 4945 1952 4958 ,

293 5010 320 5041 α
360 4988 534 5067 Κύριε,
608 4990 837 5048 πάντοτε
894 4988 982 5055 δὸς
1028 4992 1168 5066 ἡμῖν
1226 4988 1316 5044 τὸν
1364 4983 1518 5066 ἄρτον
1576 4992 1782 5047 τοῦτον,
1823 5007 1845 5039 υ
1885 4987 1957 5041 0-3

292 5078 470 5151 μάτην
531 5077 811 5158 ἐλέγομεν,
874 5080 955 5137 ὅτι
999 5084 1073 5145 ὡς
1123 5086 1191 5155 τῇ
1222 5076 1397 5149 κοιλίᾳ
1426 5074 1777 5145 δουλεύοντες,
1826 5074 1955 5144 ἐπ’

293 5189 414 5224 τουν
477 5182 709 5244 σημεῖον
746 5189 761 5205 ⁸
798 5171 917 5229 οἷον
948 5173 1016 5238 ἦν
1060 5172 1121 5227 τὸ
1152 5170 1256 5224 τῶν
1302 5164 1495 5245 ἄρτων.
1527 5163 1658 5223 ’ἰδοὺ
1702 5172 1824 5244 γοῦν
1868 5172 1959 5222 τοὺ

292 5259 466 5333 μάννα
526 5258 849 5334 μέμνηνται,
908 5262 994 5317 καὶ
1067 5264 1167 5339 οὔχ
1229 5256 1406 5336 ἐτέρου
1458 5256 1599 5320 τινὸς
1666 5254 1957 5333 θαύματος,

290 5348 401 5405 εἴτε
460 5352 568 5403 τῶν
631 5350 949 5427 Αἰγυπτίων,
1028 5348 1140 5405 εἴτε
1203 5353 1309 5403 τῶν
1359 5346 1498 5403 κατὰ
1553 5344 1651 5411 τὴν
1711 5340 1961 5423 Ἐρυθρὰν

286 5438 581 5497 θάλασσαν.
653 5437 973 5512 Βουλόμενοι
1032 5440 1132 5519 γὰρ
1199 5436 1422 5516 ἐρεθίσαι
1481 5436 1660 5509 αὐτὸν,
1721 5433 1812 5489 ’ίνα
1875 5428 1961 5490 ναὶ

297 5530 454 5593 αὐτὸς
498 5529 738 5587 τοιοότον
775 5542 1003 5605 σημεῖον
1066 5530 1295 5605 ποιήσῃ,
1328 5525 1459 5603 ὅπερ
1514 5521 1735 5592 ἠδύνατο
1774 5526 1957 5588 αὖτοὺς

386 5686 446 5732 ³⁵
472 5687 594 5753 Jac.
634 5707 699 5772 ιι,
730 5692 832 5756 20.

2041 4806 2327 4887 cendit,et
2355 4807 2451 4868 dat
2482 4807 2656 4868 vitam
2692 4808 3233 4869 mundoDixcrunt
3263 4826 3403 4887 ergo
3433 4808 3504 4868 ad
3528 4827 3688 4872 eum:

2042 4894 2565 4973 Domine,semper
2581 4897 2653 4957 da
2685 4897 2857 4959 nobis
2889 4916 3102 4978 panem
3123 4896 3356 4959 istum»
3379 4900 3514 4961 Non
3532 4898 3694 4959 frus-

2042 4994 2132 5047 tra
2149 4983 2407 5045 diximus
2442 4986 2594 5065 quod
2638 4987 2823 5047 ventri
2865 4985 3191 5048 servientes
3232 4987 3574 5063 quaerebant
3607 4987 3695 5048 si-

2039 5093 2218 5153 gnum
2263 5074 2436 5155 quale
2473 5084 2600 5136 erat
2655 5078 2888 5155 signum
2951 5094 3194 5157 panum.
3242 5075 3395 5138 Ecce
3436 5085 3493 5136 et
3537 5095 3700 5139 man-

2044 5183 2134 5225 nae
2157 5164 2523 5225 mentionem
2551 5165 2792 5239 faciunt,
2821 5178 2877 5228 et
2903 5186 3019 5229 non
3045 5165 3290 5227 alterius
3316 5166 3587 5227 miraculi
3608 5168 3699 5228 vel

2044 5254 2101 5314 in
2126 5252 2504 5335 Egypto,vel
2524 5254 2581 5315 in
2607 5256 2753 5316 mari
2775 5254 3292 5319 Rubro.Volentes
3310 5255 3468 5315 enim
3488 5255 3703 5319 incita-

2045 5362 2109 5405 re
2130 5360 2265 5403 eum
2291 5352 2352 5403 ut
2381 5353 2437 5405 et
2457 5344 2585 5426 ipso
2605 5346 2716 5406 talo
2740 5346 2971 5425 signum
2992 5346 3216 5408 faceret
3238 5364 3352 5425 quo
3378 5346 3705 5408 carnaliter

2045 5445 2454 5515 pascerentur,
2485 5438 2880 5501 recordamur
2902 5457 3133 5500 manna;
3157 5446 3399 5519 prOptcr
3419 5439 3702 5501 immodi-

2044 5542 2171 5587 cam
2197 5524 2415 5604 gulam.
2453 5526 2600 5601 Quid
2625 5529 2801 5607 igitur
2830 5527 3121 5589 immensa
3140 5528 3242 5591 Dei
3263 5527 3554 5610 sapientia
3581 5529 3703 5591 Do-
