4178 6440
488 350 642 421 1299
1462 343 2059 412 THEOPHYLACTI
2103 341 2169 402 BI

2257 339 2518 402 GABLE
2563 341 2925 404 ARCHIEP.
3373 333 3386 340 ’
3746 329 3920 400 1300

487 488 687 552 minus
708 494 914 549 noster
943 480 1119 548 Jesus
1143 481 1410 548 Christus
1449 478 1777 562 respondet
1819 476 1940 540 eis?
1967 502 1993 531 α
2019 473 2150 537 Non

2256 473 2427 551 θρέψαι
2483 480 2776 552 σαρκικῶς,
2822 472 3121 549 μέμνηνται
3193 483 3284 530 τοῦ
3315 473 3486 545 μάννα
3543 471 3628 528 δια
3672 491 3918 548 γαστρι-

488 579 682 639 Moses
696 576 865 639 dedit
883 574 1047 636 vobis
1067 592 1335 654 panem,»
1348 572 1463 634 hoc
1481 559 1784 632 estverum
1799 586 2012 648 panem
2030 583 2146 654 non

2256 564 2463 643 ιαργίας
2533 561 2853 643 ὑπερϐολήν.
2943 561 3023 654 Τί.
3087 560 3176 618 οῦν
3248 562 3284 628 ἠ
3343 559 3558 639 ἄπειρος
3613 570 3706 621 τοῦ
3769 568 3921 618 Θεοῦ

491 666 834 730 deditvobis
849 645 1287 728 Μο888.ὉΙΠΠῘ8
1299 662 1459 724 enim
1483 645 2154 742 queetunctiebanmypi

2256 655 2414 742 ιρφία,
2476 654 2504 710 6
2571 652 2759 728 Κύριος
2807 651 2965 742 ἡμων
3008 645 3242 727 Ἰησοῦς,
3275 650 3614 724 ἀποκρίνεται
3659 654 3853 715 αὖτοτς
3894 669 3915 728 ;

493 768 662 820 erant
679 773 885 817 eorum
902 773 1035 835 qum
1055 773 1212 814 nunc
1231 752 1606 814 ﬁunt.Moses
1619 750 1776 810 enim
1793 746 2152 835 figuramba-

493 834 942 914 bebatDei,veri
966 841 1362 924 spiritualium
1385 838 1789 904 lsraelitarum
1821 835 2012 898 ducis.
2037 834 2152 924 Pa-

494 939 588 997 nis
609 944 805 997 autem
833 934 933 995 ille
953 923 1140 1013 ﬁgura
1161 943 1255 996 est
1273 930 1523 1011 mei,qui
1554 929 1630 991 de
1647 928 1798 991 caelo
1819 923 2151 999 descendit,

498 1032 557 1087 et
577 1042 711 1086 vere
730 1042 928 1104 pasco,
957 1031 1014 1084 et
1037 1041 1176 1085 vere
1203 1040 1360 1084 sum.
1389 1022 1680 1084 Caeterum
1707 1017 1856 1080 dicit
1882 1015 1967 1077 sei
1978 1031 2154 1104 psum

497 1131 698 1176 verum
733 1101 969 1192 panem,
999 1131 1116 1173 non
1149 1111 1311 1190 quod
1346 1127 1562 1170 manna
1580 1109 1790 1170 falsum
1815 1105 2015 1178 fuerit,
2051 1101 2156 1165 sed

500 1203 642 1281 quia
671 1202 815 1263 illud
849 1201 1038 1280 ﬁgura
1068 1200 1176 1262 fuit
1207 1208 1267 1263 et
1290 1199 1526 1270 umbra,
1560 1217 1679 1259 non
1717 1197 1969 1276 ipsamet
1996 1192 2156 1254 veri-

503 1291 869 1374 tas.Proprie
896 1291 1055 1352 enim
1083 1307 1300 1351 manna
1327 1287 1667 1367 unigenitus
1699 1285 1881 1346 Filius
1907 1281 2017 1374 Dei
2040 1281 2161 1341 fac-

501 1393 597 1445 tus
617 1370 821 1451 homo,
851 1379 1096 1442 verbum
1118 1392 1179 1441 et
1198 1377 1424 1440 auditio
1452 1376 1880 1458 obstupescere
1911 1370 2157 1434 faciens.

503 1471 653 1534 Nam
678 1470 1327 1543 mannainterpretatur
1344 1468 1490 1548 quid
1507 1464 1837 1528 hoc?.ludaai
1865 1461 2021 1523 enim
2039 1459 2162 1520 viso

506 1561 630 1635 illo,
657 1559 820 1640 quod
844 1558 1190 1620 cumulatim
1216 1557 1519 1636 deplutum
1542 1563 1702 1618 esset
1723 1562 1854 1615 ante
1873 1552 2164 1640 cujusque

508 1638 982 1720 tabernaculum,
1011 1646 1402 1724 obstupefacti
1455 1645 1696 1706 insolito
1746 1653 1801 1706 et
1845 1638 2162 1722 peregrino

2239 731 2370 800 "Ott
2420 765 2449 798 ε
2483 742 2555 800 Ού
2585 742 2786 809 Μώσῆς
2848 737 3072 797 δέδωκεν
3121 739 3253 816 ὑμῖν
3304 741 3395 796 τὸν
3438 739 3594 820 ἄρτον
3621 755 3638 771 ⁶
3675 765 3702 796 ι
3738 763 3916 800 τουτ-

2238 831 2372 906 έστι,
2432 829 2523 888 τὸν
2576 830 2826 898 exuent.
2890 827 3044 909 ἄρτον
3100 830 3160 887 οὒ
3208 827 3431 886 δέδωκεν
3469 831 3596 906 ὑμῖν
3646 830 3851 899 Μωσῆς
3894 846 3912 862 ·

2237 920 2375 978 ἄλλα
2430 921 2606 978 πάντα
2649 920 2718 978 τὰ
2761 919 2884 976 τότε
2943 921 3224 1000 γινόμενα,
3268 920 3424 977 τύποι
3467 926 3602 990 ἦσαν
3661 925 3765 978 τῶν
3810 928 3916 978 νῦν

2239 1011 2557 1090 γινομένων,
2646 1000 2702 1074 ὀ
2744 1009 2844 1086 μὲν
2898 1011 3000 1088 γὰρ
3078 1012 3278 1077 Μωσῆς
3352 1011 3516 1068 τύπον
3560 1011 3751 1091 ἐπεῖχε
3809 1013 3920 1067 τοῦ

2241 1103 2400 1176 Θεοῦ,
2458 1107 2551 1158 τοῦ
2594 1099 2854 1168 ἀληθινοῦ
2909 1100 3016 1157 τῶν
3071 1105 3280 1168 νοητῶν
3332 1098 3674 1181 Ἰσραηλιτῶν
3705 1123 3914 1181 στρατ-

2240 1194 2402 1272 ηγοῦ·
2445 1194 2473 1248 6
2499 1189 2554 1247 δὲ
2581 1189 2735 1270 ἄρτος
2767 1189 2999 1262 ἐκεῖνος,
3031 1190 3195 1254 τύπος
3222 1189 3354 1266 ἐμοῦ
3381 1194 3474 1247 τοῦ
3502 1190 3562 1250 lx
3590 1191 3697 1249 τῶν
3740 1193 3917 1270 οὖρα-

2241 1289 2344 1340 νῶν
2404 1277 2757 1354 καταϐάντος,
2823 1280 2912 1336 καὶ
2954 1277 3170 1346 ἀληθῶς
3235 1279 3544 1362 τρέφοντος,
3589 1282 3677 1338 καὶ
3707 1280 3912 1349 ἀληθι-

2243 1378 2333 1429 νοῦ
2387 1370 2750 1450 ὑπάρχοντος.
2825 1369 2981 1448 Λέγει
3055 1367 3110 1425 δὲ
3167 1370 3352 1426 ἑαυτὸν
3418 1369 3665 1438 ἀληθινὸν
3723 1370 3912 1451 ἄρτον,

2244 1461 2348 1542 οὔχ
2392 1462 2468 1526 ὡς
2511 1466 2604 1516 τοῦ
2647 1459 2820 1535 μάννα
2863 1456 3084 1536 ψευδοῦς
3124 1458 3302 1535 ὄντος,
3333 1459 3454 1517 ἀλλ’
3484 1459 3667 1528 ὶπειδη
3699 1461 3915 1526 ἐκεῖνος

2245 1551 2405 1614 τύπος
2464 1547 2530 1617 ἦν
2587 1549 2677 1606 καὶ
2751 1549 2898 1623 σκιὰ,
2957 1550 3045 1606 καὶ
3106 1548 3200 1606 οὒκ
3270 1550 3644 1621 αύτοαληθεια.
3706 1553 3916 1629 Κορίως

2245 1642 2345 1721 γὰρ
2403 1639 2575 1715 μάννα
2645 1640 2674 1695 6
2749 1638 3046 1716 μονογενὴς
3121 1640 3240 1705 Υἱὸς
3295 1649 3389 1700 τοῦ
3465 1643 3594 1697 Θεοῦ
3637 1639 3916 1720 ἄνθρωπος

508 1733 1901 1821 spectaculo,interrogabantseinvicem?uQuid
1928 1729 2156 1793 hoc”.-

2256 1729 2556 1811 γενόμενος,
2589 1728 2651 1786 τὸ
2695 1726 3060 1795 ὶκπληκτικδν
3096 1729 3244 1805 ῥῆμα
3299 1731 3387 1785 καὶ
3429 1728 3691 1821 ἄκουσμα.
3725 1730 3921 1786 Μὶννα

510 1829 796 1892 Dominus
845 1827 1024 1907 igitur
1080 1828 1266 1889 factus
1318 1827 1496 1888 homo
1528 1823 1712 1886 Filius
1747 1823 1878 1898 Dei,
1921 1821 2050 1902 ipse
2075 1826 2166 1881 est

510 1936 745 1986 manna,
779 1917 941 1995 quod
1001 1916 1318 1998 stupefacit
1372 1933 1604 1984 omnes,
1681 1915 1759 1976 ita
1797 1921 1862 1974 ut
1912 1912 2159 1973 dicant:

515 2033 538 2067 ε
570 2008 720 2080 Quid
756 2008 899 2070 hoc?
933 2033 957 2062 ι
984 2005 1297 2078 Quomodo
1319 2004 1504 2068 Filius
1527 2004 1633 2067 Dei
1667 2011 1725 2067 et
1751 2002 1937 2066 Filius
1967 2002 2166 2062 homi-

508 2098 634 2162 nis?
665 2096 975 2170 Quomodo
1009 2115 1077 2158 ex
1111 2095 1345 2156 duobus
1399 2094 1652 2156 diversis
1701 2111 1818 2155 una
1868 2089 2169 2173 persona?

510 2189 652 2272 quid
683 2187 796 2250 hoc
824 2185 1199 2265 mysterium?
1231 2184 1340 2248 Hic
1365 2185 1544 2265 igitur
1585 2183 1756 2266 panis
1803 2185 1916 2243 vita
1945 2200 2166 2272 secun-

512 2270 652 2341 dum
678 2286 944 2339 naturam
962 2275 1478 2356 exsistens,utpote
1490 2273 1735 2336 viventis
1751 2273 1938 2336 Patris
1957 2270 2165 2349 Filius,

511 2367 654 2431 facit
682 2367 838 2449 quod
873 2365 986 2428 sibi
1023 2367 1331 2446 proprium
1358 2364 1729 2428 est:viviticat
1753 2363 1910 2426 enim
1946 2363 2171 2426 omnia.

513 2458 696 2538 Igitur
724 2459 876 2520 sicut
905 2456 1006 2535 qui
1030 2474 1100 2517 ex
1137 2462 1293 2517 terra
1326 2454 1518 2536 panis,
1548 2454 1844 2518 inﬁrmam
1899 2460 2169 2514 naturam

513 2548 710 2610 carnis
737 2548 1006 2609 continet
1037 2564 1153 2607 non
1187 2545 1392 2606 sinens
1429 2543 1590 2606 illam
1644 2543 1972 2624 corrumpi;
2001 2543 2082 2603 ita
2112 2550 2172 2605 et

513 2638 782 2700 Christus
816 2655 920 2718 per
951 2634 1210 2718 Spiritus
1236 2634 1642 2713 operationem
1687 2635 1945 2694 animam
1978 2632 2166 2694 viviti-

516 2735 809 2807 cat,atque
826 2725 1002 2788 etiam
1023 2725 1216 2804 ipsum
1242 2742 1458 2804 corpus
1475 2722 1552 2785 ab
1572 2723 2018 2804 incorruptione
2033 2742 2172 2784 con-

515 2818 854 2880 servaLPer
885 2814 1186 2878 Christum
1220 2812 1378 2874 enim
1405 2813 1684 2876 humanae
1715 2821 1941 2873 naturae
1963 2831 2170 2875 resur-

514 2907 698 2969 rectio
722 2925 792 2967 ex
812 2903 1148 2983 mortuis,et
1179 2903 1545 2984 incorruptio
1570 2920 1890 2981 corporum
1916 2911 2003 2964 est
2024 2922 2171 2965 con-

515 2995 828 3062 cessa.Sed
887 2992 1079 3057 Judaei
1137 2992 1331 3054 adhuc
1364 2991 1548 3054 dediti
1587 2992 1774 3053 ventri
1820 2999 1879 3054 et
1911 2993 2010 3056 toti
2044 3000 2168 3053 ter-

2248 1810 2348 1899 γὰρ
2419 1818 2784 1898 ἰρμηνεύεται,
2870 1819 2930 1877 Τί
3011 1817 3217 1899 τοῦτος
3308 1819 3368 1877 Οἱ
3453 1820 3553 1900 γὰρ
3645 1810 3919 1901 Ἑϐραῖοι,

2247 1908 2444 1975 ἰδόντες
2503 1908 2632 1966 αὐτὸ
2675 1908 2898 1973 ἕκαστος
2959 1909 3063 1988 πρὸ
3110 1909 3208 1978 τῆς
3240 1910 3438 1975 οἰκείας
3468 1914 3672 1980 σκηνῆς
3723 1933 3919 1990 σωρη-

2249 1997 2336 2058 δὸν
2392 1997 2718 2079 κεχυμένον,
2764 2001 2852 2056 καὶ
2895 2003 2972 2072 τῷ
3026 1998 3176 2069 ἀήθει
3229 2001 3318 2056 καὶ
3362 1998 3491 2073 ξένῳ
3531 2007 3625 2058 τοῦ
3649 2001 3921 2065 θεάματος

2250 2089 2706 2168 καταπλαγέντες,
2737 2088 2961 2158 ἠρώτων
3004 2087 3272 2160 ἀλλήλους
3305 2107 3324 2125 ⁸
3357 2091 3418 2149 Τί
3458 2097 3614 2148 τοῦτο
3649 2110 3665 2172 ;
3702 2083 3760 2149 Ὀ
3790 2093 3916 2147 τοί-

2250 2202 2339 2237 νυν
2385 2178 2576 2256 Κύριος
2660 2177 2947 2256 γενόμενος
3015 2176 3289 2260 ἄνθρωπος
3351 2181 3379 2236 6
3447 2182 3562 2246 Υἱὸς
3604 2187 3697 2238 τοῦ
3754 2187 3920 2257 Θεοῦ,

2253 2269 2410 2337 αὐτός
2453 2268 2564 2325 ἔστι
2608 2269 2671 2326 τὸ
2714 2269 2918 2332 πάντας
2975 2267 3278 2337 ἐκπλῆττον
3323 2269 3517 2346 μᾶννα,
3592 2270 3728 2328 ὥστε
3782 2269 3922 2327 ἔκα-

2253 2382 2378 2418 στον
2425 2357 2770 2438 διαποροῦντα
2814 2357 2989 2437 λέγειν
3021 2373 3037 2389 ·
3075 2360 3135 2418 Τί
3175 2367 3333 2418 τοῦτο
3369 2375 3386 2434 ;
3447 2366 3568 2425 Πῶς
3595 2363 3623 2417 ὁ
3675 2363 3794 2425 Υἱὸς
3824 2372 3926 2420 τοῦ

2254 2456 2408 2522 Θεοῦ,
2462 2448 2552 2505 καὶ
2601 2449 2722 2514 Υἱὸς
2782 2447 3110 2528 ἂνθρώπου;
3167 2455 3289 2515 Πῶς
3347 2453 3409 2508 εκ
3478 2449 3566 2508 δύο
3605 2457 3712 2507 τῶν
3757 2453 3925 2508 buy-

2251 2543 2377 2596 τίων
2434 2537 2489 2595 ἓν
2551 2539 2837 2617 πρόσωπον
2871 2558 2889 2611 ;
2937 2541 2997 2598 Τί
3041 2549 3195 2600 τοῦτο
3245 2542 3306 2597 τὸ
3350 2542 3639 2620 μυστήριον
3679 2559 3696 2612 ;
3752 2544 3924 2606 Οῦτος

2253 2627 2340 2686 οῦν
2397 2629 2426 2685 6
2469 2625 2649 2702 ἄρτος,
2682 2629 2796 2700 ζωὴ
2826 2628 2964 2689 κατᾶ
3015 2629 3166 2710 φύσιν
3198 2630 3298 2704 ὢν,
3327 2634 3419 2687 οἷα
3469 2636 3667 2702 ζῶντος
3712 2633 3925 2711 Πατρὸς

2255 2719 2401 2800 Υἰὺς,
2462 2730 2613 2775 ποιεῖ
2671 2719 2732 2774 τὸ
2790 2719 2990 2776 οἰκεῖον
3026 2739 3042 2757 ⁸
3123 2727 3384 2789 ζωοποιεῖ
3436 2721 3538 2800 γὰρ
3585 2721 3652 2779 τὰ
3715 2719 3919 2784 πάντα.

2257 2798 2474 2885 υΩστιερ
2515 2807 2606 2863 οῦν
2650 2808 2678 2864 6
2739 2806 2800 2863 έκ
2843 2811 2946 2887 γῆς
2994 2808 3154 2890 ἄρτος
3206 2810 3304 2878 τὴν
3352 2798 3544 2877 ἆσθενῆ
3603 2813 3756 2890 φύσιν
3812 2817 3920 2879 τῆς

2255 2898 2448 2976 σαρκὸς
2516 2895 2756 2977 συνέχει,
2816 2899 2904 2956 καὶ
2967 2903 3061 2958 οὒκ
3124 2898 3184 2972 ἰᾷ
3240 2900 3667 2982 καταφθείρεσθαι
3703 2915 3717 2929 ⁸
3774 2900 3918 2957 οὕτω

2252 2990 2342 3045 καὶ
2399 2989 2426 3044 δ
2485 2989 2708 3066 Χριστὸς
2767 2986 2849 3047 διὰ
2904 2989 3001 3057 τῆς
3062 2997 3153 3047 τοῦ
3184 2993 3486 3066 Πνεύματος
3520 2990 3781 3068 ἐνεργείας
3813 2991 3916 3058 τὴν

515 3086 670 3161 reni,
705 3087 784 3147 de
816 3083 1080 3147 sensibili
1107 3101 1259 3164 pane
1292 3081 1636 3162 intelligunt
1665 3081 1826 3144 dicta
1855 3090 1912 3143 et
1942 3081 2169 3166 dicunt,

2256 3078 2442 3159 ψυχὴν
2499 3084 2776 3150 ζωοποιεῖ,
2839 3081 2926 3136 καὶ
2968 3079 3078 3156 μὴν
3131 3081 3216 3136 καὶ
3260 3082 3386 3138 αὐτὸ
3415 3081 3477 3137 τὸ
3507 3087 3662 3157 σῶμα
3695 3081 3916 3161 συνέχει

521 3202 548 3233 ε
585 3176 669 3236 Da
701 3173 870 3234 nobis
904 3174 1062 3234 hunc
1094 3171 1476 3252 panem.»Sic
1509 3171 1693 3251 igitur
1724 3171 1900 3232 stulte
1931 3172 2169 3252 loquen-

2257 3171 2330 3233 εἰς
2379 3168 2688 3247 ἄφθαρσίαν.
2741 3169 2839 3225 Διᾶ
2885 3170 2985 3250 γὰρ
3028 3170 3254 3250 Χριστοῦ
3305 3172 3340 3240 ἡ
3403 3169 3463 3228 έκ
3517 3174 3712 3250 νεκρῶν
3776 3171 3918 3229 ἄνᾶ-

519 3277 608 3328 tes
635 3245 1148 3343 redarguebantur
1174 3269 1231 3322 et
1284 3261 1508 3334 dicunt,
1529 3245 1572 3317 ἰι
1612 3261 1866 3335 Semper
1896 3261 1970 3322 da
1999 3245 2169 3324 nobis

2257 3245 2440 3322 στασις
2621 3245 2918 3338 ἀνθρωπίνη
2959 3245 3116 3340 ’φύσει
3175 3261 3521 3342 κεχάρισται,
3585 3245 3671 3318 καὶ
3727 3263 3762 3330 ἡ
3807 3261 3918 3318 τῶν

523 3372 732 3436 panem
769 3354 986 3430 hunc,»
1019 3370 1136 3412 non
1173 3350 1241 3410 ad
1272 3370 1452 3411 unum
1483 3349 1574 3412 vel
1602 3349 1674 3412 ad
1699 3349 1850 3410 duos
1882 3349 2169 3411 dies.Hoc

2257 3350 2522 3426 σωμάτων
2580 3349 2858 3430 ἂφθαρσία,
2911 3348 3064 3408 Ἀλλ’
3120 3354 3167 3408 οἱ
3228 3349 3478 3410 Ἰουδαῖοι
3536 3353 3655 3431 περὶ
3685 3351 3921 3430 γαστέρα

519 3453 716 3507 autem
746 3461 866 3522 prae
895 3439 1140 3503 avaritia
1171 3439 1474 3502 dicebant.
1514 3438 1590 3503 Ut
1610 3438 1766 3501 enim
1794 3458 1912 3500 non
1939 3458 2087 3520 opus
2103 3441 2169 3500 sil

2257 3440 2334 3497 ἔτι
2387 3439 2649 3514 νεύοντες,
2708 3441 2797 3497 καὶ
2856 3441 2917 3498 τὸ
2961 3439 3086 3499 ὅλον
3150 3445 3222 3521 γῆ
3281 3440 3453 3517 ὄντες,
3499 3443 3616 3522 περὶ
3666 3445 3922 3510 αἰσθητοῦ

522 3534 705 3596 multa
733 3531 1085 3612 impendere
1116 3529 1176 3590 in
1200 3528 1364 3590 cibos
1397 3529 1628 3603 dicunt,
1660 3531 1740 3592 Da
1759 3547 2002 3608 semper
2020 3529 2169 3590 hunc

2258 3529 2418 3609 ἄρτου
2472 3533 2650 3584 νοοῦσι
2701 3529 2768 3585 τὰ
2816 3530 3098 3607 εἰρημένα,
3143 3533 3232 3588 καί
3261 3548 3410 3612 φασι·
3451 3555 3480 3588 ι
3516 3534 3616 3597 Δὸς
3645 3536 3781 3609 ἡμῖν
3823 3534 3921 3588 τὸν

520 3623 693 3686 facile
727 3621 1052 3702 parabilem
1091 3619 1233 3681 590
1267 3638 1506 3698 panem.

2259 3617 2413 3699 ἄρτον
2471 3619 2679 3679 τοῦτον.
2719 3641 2747 3673 ι
2781 3618 2959 3682 Οὕτως
2999 3620 3086 3678 οὖν
3134 3621 3559 3703 ἆνοηταίνοντες,
3590 3623 3916 3703 ἠλέγχοντο,

519 3717 631 3795 καὶ,
669 3737 690 3770 ιι
730 3716 959 3770 Πάντοτε
1005 3712 1092 3776 δὸς
1124 3715 1260 3786 ἡμῖν
1292 3715 1383 3767 τὸν
1437 3709 1592 3789 ἄρτον
1651 3715 1859 3784 τοῦτον,
1901 3734 1922 3768 ι
1975 3713 2153 3789 φασὶν,
2219 3710 2279 3768 ού
2323 3711 2448 3785 μίαν
2490 3710 2693 3788 ἡμέραν
2752 3709 2869 3767 οὐδὲ
2895 3709 3008 3775 δύο.
3039 3718 3206 3769 Τοῦτο
3235 3711 3290 3768 δὲ
3321 3714 3410 3770 καὶ
3439 3714 3544 3771 ἀπὸ
3573 3712 3918 3794 φιλαργυρίας

521 3793 730 3883 ἔλεγον.
784 3793 908 3860 Ἵνα
939 3803 1037 3880 γὰρ
1069 3802 1146 3878 μὴ
1180 3799 1550 3862 ἀναλίσκωμεν
1593 3800 1656 3855 τὰ
1708 3801 1965 3879 χρήματα
2022 3801 2180 3872 ἡμῶν
2231 3800 2351 3879 περὶ
2406 3800 2505 3866 τὴν
2563 3799 2662 3865 τῆς
2693 3805 2896 3880 τροφῆς
2928 3802 3201 3882 εὐπορίαν,
3234 3799 3323 3866 δὸς
3356 3793 3597 3860 πάντοτε
3612 3811 3795 3860 τοῦτον
3825 3803 3924 3867 τὸν

522 3894 831 3972 εὸπόριστον
863 3890 1017 3969 ἄρτον
1029 3940 1042 3954 ,

601 3983 788 4043 Vens.
823 3979 1032 4060 35,38.
1063 4003 1089 4036 α
1118 3978 1276 4041 Dixit
1303 3987 1497 4041 autem
1533 3977 1619 4039 eis
1643 3979 1857 4041 Jesus:
1890 3979 2014 4058 Ego
2047 3996 2174 4039 sum

523 4071 693 4154 panis
711 4070 843 4132 vitae
878 4087 890 4130 :
921 4069 1022 4151 qui
1053 4069 1215 4130 venit
1243 4071 1314 4132 ad
1349 4087 1467 4141 me,
1515 4087 1633 4128 non
1687 4068 1933 4143 esuriet;
1987 4076 2044 4129 et
2078 4067 2178 4146 qui

522 4160 714 4223 credit.
744 4159 804 4221 in
837 4178 955 4239 me,
989 4178 1106 4221 non
1159 4159 1318 4220 sitiet
1368 4176 1655 4237 unquam.
1710 4157 1826 4220 Sed
1871 4157 1990 4219 dixi
2013 4156 2178 4218 vobis

523 4250 682 4334 quod
707 4250 881 4312 etiam
905 4247 1133 4310 vidistis
1147 4265 1384 4322 me,nec
1407 4246 1877 4311 creditis.0mne
1897 4246 2053 4328 quod
2079 4248 2182 4308 dat

525 4339 669 4402 mihi
701 4337 894 4408 Pater,
929 4338 1001 4399 ad
1040 4357 1134 4401 me
1165 4338 1404 4400 veniet:
1443 4344 1503 4397 et
1554 4336 1657 4418 qui
1693 4337 1920 4398 venerit
1949 4335 2021 4397 ad
2056 4355 2174 4411 me,

522 4449 642 4492 non
673 4429 844 4510 ejicio
877 4428 1058 4503 foras,
1090 4429 1226 4509 quia
1251 4426 1560 4489 descendit
1590 4425 1665 4488 de
1695 4426 1846 4488 caelo
1874 4435 1935 4488 ut
1966 4425 2175 4488 faciam

521 4538 642 4580 non
670 4519 835 4600 quod
869 4536 982 4596 ego
1013 4517 1168 4593 volo,
1203 4517 1310 4578 sed
1339 4515 1498 4597 quod
1531 4515 1657 4577 vult
1679 4514 1778 4596 qui
1806 4534 1901 4577 me
1935 4515 2113 4576 misit.
2150 4542 2171 4572 ι)

2349 3997 2375 4033 ε
2413 3977 2552 4036 Εἶπε
2623 3975 2678 4034 δί
2727 3979 2911 4043 αὐτοῖς
2970 3983 2998 4037 ὁ
3057 3979 3262 4050 Ἰησοῦς
3299 3996 3315 4014 ⁶
3365 3981 3509 4062 Ἐγώ
3552 3984 3657 4059 εἰμι
3702 3985 3730 4040 ὁ
3761 3979 3920 4061 ἄρτος

2261 4071 2360 4134 τῆς
2414 4071 2558 4139 ζωῆς
2593 4080 2609 4098 ⁸
2658 4071 2685 4124 6
2746 4067 3041 4150 έρχόμενος
3102 4073 3234 4151 πρὸς
3283 4072 3375 4147 μὲ,
3439 4077 3499 4132 οὐ
3548 4073 3625 4150 μὴ
3665 4071 3916 4146 πεινάσῃ·

2263 4158 2350 4213 καὶ
2397 4158 2426 4213 6
2480 4158 2741 4215 πιστεύων
2788 4160 2858 4225 εἰς
2891 4160 3013 4240 ὶμὲ,
3047 4160 3106 4218 ού
3137 4162 3215 4237 μὴ
3245 4160 3448 4239 διψήσῃ
3490 4162 3730 4224 πώποτε.
3765 4159 3920 4219 Ἀλλ’

2264 4245 2422 4303 εἷπον
2477 4246 2634 4323 ὑμῖν,
2701 4246 2781 4305 ὅτι
2811 4249 2901 4306 καὶ
2943 4250 3212 4329 ἑωράκατέ
3261 4274 3351 4329 με,
3399 4254 3487 4309 καὶ
3518 4256 3576 4311 οὗ
3618 4251 3915 4309 πιστεύετε.

2264 4343 2374 4393 Πᾶν
2419 4337 2447 4393 ὃ
2496 4333 2671 4393 δίδωσι
2731 4359 2822 4415 μοι
2879 4340 2907 4396 6
2965 4339 3173 4420 Πατὴρ,
3219 4343 3348 4417 πρὸς
3381 4340 3477 4418 ἐμὲ
3508 4340 3618 4408 ἥξει
3649 4358 3663 4372 ⁶
3711 4343 3797 4398 καὶ
3824 4342 3917 4397 τὸν

2263 4424 2560 4506 ἐρχόμενον
2589 4429 2721 4506 πρὸς
2773 4428 2866 4505 μὲ,
2927 4429 2986 4485 οὗ
3042 4431 3122 4505 μὴ
3175 4429 3384 4488 ἐκϐάλω
3443 4431 3541 4498 ἔξω
3576 4447 3590 4462 ’
3644 4431 3723 4488 ὅτι
3753 4453 3920 4488 κατα-

2263 4513 2467 4584 ϐέϐηκα
2508 4516 2571 4573 ἐκ
2596 4538 2690 4576 του
2736 4517 2978 4596 ούρανοῦ,
3009 4518 3115 4602 οὐχ
3168 4519 3264 4579 ’ίνα
3305 4527 3444 4579 ποιῶ
3498 4524 3560 4578 τὸ
3608 4521 3813 4596 θέλημα
3853 4521 3920 4577 τὸ

523 4610 670 4673 Cum
698 4606 1123 4689 Judaei,utpote
1149 4607 1397 4680 terreni,
1432 4605 1509 4668 de
1531 4603 1800 4667 sensibili
1833 4623 1982 4686 pane
2004 4603 2169 4668 Chri-

2268 4605 2420 4683 έμὸν,
2482 4605 2621 4664 ἀλλὰ
2675 4609 2738 4665 τὸ
2787 4607 2997 4686 θέλημα
3053 4632 3147 4669 του
3216 4612 3528 4688 πέμψαντός
3588 4633 3679 4689 με.
3717 4629 3740 4660 ³
3804 4617 3924 4668 Τῶν

523 4706 677 4761 stum
711 4697 872 4778 loqui
911 4705 1208 4777 putarent,
1244 4703 1303 4758 et
1337 4703 1580 4776 propter
1635 4695 1746 4758 hoc
1802 4704 2086 4774 urgerent
2126 4699 2186 4757 et

522 4794 904 4871 quaererent:
941 4786 1307 4864 redarguens
1369 4803 1474 4846 eos
1535 4783 1845 4856 Dominus,
1900 4793 2188 4845 monstrat

521 4876 678 4960 quod
709 4877 970 4958 quandiu
1004 4874 1350 4937 sensibilem
1399 4892 1613 4954 panem
1670 4880 2053 4951 exspectent,
2082 4892 2184 4935 ac-

521 4965 1034 5047 currantzquando
1055 4975 1248 5027 autem
1274 4965 1513 5026 discunt
1545 4962 1701 5044 quod
1728 4961 2054 5043 spiritualis
2083 4963 2180 5037 sit,

519 5076 640 5120 non
672 5057 827 5117 ultra
854 5063 1192 5118 accurrant.
1221 5053 1392 5118 Unde
1425 5053 1572 5114 dictt
1601 5073 1613 5114 :
1657 5076 1681 5106 (ι
1708 5052 1829 5130 Ego
1863 5071 1992 5114 sum
2018 5055 2185 5134 panis

520 5148 669 5210 vitae.
705 5171 732 5202 ι
766 5147 896 5209 Νοη
928 5145 1074 5207 dixit
1098 5153 1320 5223 autem,
1349 5144 1518 5224 panis
1539 5142 1982 5213 alimoniaa,sed
2017 5150 2177 5208 vita’.

523 5236 666 5298 Nam
699 5255 834 5299 cum
859 5236 1058 5298 omnia
1091 5235 1446 5296 mortiﬁcata
1477 5239 1701 5302 essent,
1739 5231 2044 5292 viviﬁcavit
2073 5252 2183 5293 nos

523 5344 632 5405 per
652 5326 1033 5407 semetipsum
1067 5322 1468 5404 Christus,qui
1493 5332 1581 5385 est
1602 5321 1873 5401 panis,eo
1897 5322 2051 5401 quod
2073 5323 2185 5384 fer-

527 5423 787 5476 mentum
816 5416 1091 5477 humanaa
1110 5413 1560 5494 conspersionis
1603 5412 1902 5472 credimus
1949 5420 2178 5475 coctum

524 5519 658 5566 esse
679 5502 818 5581 igne
843 5504 1108 5566 deitatis.
1139 5504 1312 5566 Panis
1325 5511 1522 5564 autem
1546 5501 1673 5561 vitae
1695 5519 1812 5561 non
1830 5501 2004 5580 hujus
2033 5504 2176 5564 soli-

600 5661 653 5707 ⁸⁸
679 5661 874 5727 Exod.
909 5679 1030 5736 xxv,
1071 5666 1170 5726 15.

2269 4693 2534 4754 Ἰουδαίων
2577 4697 2673 4755 οἶα
2710 4696 2774 4767 δὴ
2817 4701 3052 4781 γηΐνων,
3085 4704 3202 4781 περὶ
3253 4704 3500 4769 αἰσθητοῦ
3552 4702 3710 4781 ἄρτου
3765 4724 3927 4776 νομι-

2268 4785 2466 4858 ζόντων
2524 4785 2698 4867 λέγειν
2751 4791 2842 4846 τὸν
2890 4791 3100 4868 Κύριον,
3162 4795 3250 4849 καὶ
3321 4791 3408 4849 διὰ
3465 4800 3621 4852 τοῦτο
3662 4792 3930 4867 ἐπικειμέ-

2269 4900 2397 4958 νων,
2454 4878 2543 4935 καί
2599 4880 2921 4956 ζητούντων,
2983 4881 3231 4962 ἰλέγγων
3275 4885 3462 4946 αὐτοὺς
3507 4885 3535 4940 6
3581 4884 3790 4962 Κύριος,
3838 4886 3926 4942 καὶ

2269 4963 2496 5041 δεικνὺς,
2568 4967 2649 5024 ὅτι
2707 4968 2807 5033 ἕως
2867 4971 2966 5048 μὲν
3009 4973 3267 5041 αἰσθητὴν
3310 4973 3620 5030 ὑπώπτευον
3653 4973 3749 5041 τὴν
3805 4995 3923 5052 τρο-

2268 5055 2397 5135 φὴν,
2460 5055 2748 5139 ἐπέτρεχον
2781 5077 2798 5095 ο
2846 5058 2972 5118 ὅταν
3030 5057 3085 5118 δὲ
3142 5063 3400 5137 μάθωσιν,
3449 5062 3528 5120 ὅτι
3585 5065 3915 5138 πνευματική

2266 5143 2432 5221 ἔστιν,
2493 5145 2588 5202 οὒκ
2644 5146 2720 5203 ἔτι
2779 5147 3209 5229 έπιδραμοῦνται,
3258 5153 3438 5231 φησίν⁶
3493 5175 3520 5206 ε
3555 5149 3697 5230 Ἐγώ
3740 5153 3844 5227 εἰμι
3888 5155 3915 5209 6

2266 5233 2422 5313 ἄρτος
2482 5235 2580 5301 τῆς
2637 5238 2803 5307 Curiis.
2868 5262 2897 5294 ι
2954 5241 3060 5298 Ούκ
3129 5240 3256 5299 εἷπε
3312 5240 3390 5315 δὲ,
3450 5239 3662 5320 "Apto;
3692 5247 3915 5322 τροφῆς,

2265 5322 2427 5402 ἀλλὰ,
2496 5344 2526 5384 ε
2583 5332 2762 5394 Ζωῆς.
2839 5352 2863 5388 ι
2922 5327 3142 5400 Ἐπειδὴ
3173 5333 3274 5412 γὰρ
3303 5335 3369 5389 τὰ
3398 5332 3568 5390 πάντα
3603 5331 3918 5411 νενὲκρωτο,

2265 5413 2622 5487 έζωοποίησεν
2677 5419 2820 5494 ἡμᾶς
2888 5418 2956 5476 δι’
3032 5421 3219 5480 ἑαυτοῦ
3283 5425 3311 5480 ὃ
3392 5420 3606 5502 Κύριος,
3664 5422 3723 5488 ἐς
3781 5422 3922 5479 ἐστιν

2267 5504 2440 5581 ἄρτος,
2486 5507 2616 5562 καθὸ
2673 5507 2771 5576 τὴν
2841 5509 3013 5586 ζύμην
3087 5519 3179 5569 τοῦ
3241 5512 3563 5592 ἀνθρωπίνου
3619 5511 3924 5592 φυράματος
