4178 6412
299 335 319 399 1
332 334 457 401 3οΐ

1023 341 1470 405 ENARRATIO
1513 339 1595 404 IN
1637 334 2145 404 EVANGELIUM
2178 341 2523 407 JOANN‘IS.
2571 377 2648 390 —
2690 345 2861 408 CAP.
2908 350 3013 411 VI.

3538 344 3690 411 1302

292 472 607 547 πιστεύομεν
694 471 1051 542 ἒξοπτηθῆναι
1140 476 1217 550 τῷ
1289 476 1412 554 πυρὶ
1492 473 1590 543 τῆς
1646 475 1900 541 θεότητος

2038 471 2243 562 tae,sed
2263 472 2604 562 immutate,
2636 483 2695 540 et
2724 484 2913 540 morte
2941 496 3060 540 non
3093 479 3455 544 deﬁcientis.
3488 478 3563 542 At
3591 481 3696 562 qui

291 567 434 633 ζωῆς
488 561 543 619 δὲ
600 561 759 643 ἄρτος
813 563 874 621 οὗ
934 563 1184 632 τοιαύτης
1243 565 1521 644 συνήθους,
1581 559 1955 644 ἀλλάῗπαρηλ-

293 650 587 731 λαγμένης,
649 655 738 710 καὶ
793 653 1004 729 θανάτῷ
1076 654 1155 730 μὴ
1212 643 1661 729 διακοπτομένης.
1727 643 1784 710 Ὀ
1853 674 1952 708 πι-

294 742 494 799 στεύων
545 743 599 798 δὲ
658 745 734 808 εἰς
790 744 882 800 τὸν
924 749 1161 801 τοιοῦτον
1218 742 1396 823 ἄρτον,
1456 744 1515 801 οὖ
1574 742 1651 817 μὴ
1695 742 1948 819 πεινάσῃ,

292 829 401 888 οὐδ’
455 833 513 887 οὔ
571 832 650 908 μὴ
708 832 918 912 λιμώξῃ
964 831 1122 909 λιμὸν
1179 840 1273 890 τοῦ
1330 834 1549 890 ἀκοῦσαι
1606 830 1765 909 λόγον
1795 837 1947 902 Θεοῦ,

290 919 403 981 οὐδὲ
459 920 665 999 διψήσῃ
725 922 883 999 δίψαν
942 924 1162 997 νοητὴν,
1225 923 1330 981 ἀπὸ
1382 929 1477 979 τοῦ
1534 922 1612 999 μὴ
1681 920 1832 1001 ἔχειν
1888 921 1951 977 τὸ

290 1008 427 1091 ὕδωρ
493 1015 588 1069 τοῦ
637 1014 1032 1093 βαπτίσματος,
1078 1014 1166 1070 καὶ
1217 1014 1308 1069 τὸν
1348 1012 1615 1091 ἀγιασμὸν
1643 1018 1736 1068 τοῦ
1779 1010 1947 1066 Πνεύ-

293 1123 483 1182 ματος,
566 1102 878 1181 γινομένην.
958 1094 1016 1162 ‘0
1072 1104 1169 1180 μὲν
1229 1104 1329 1181 γὰρ
1395 1100 1736 1170 ἀϐάπτιστος,
1793 1097 1948 1174 δίψαν

293 1190 411 1272 ἔχει
443 1192 531 1248 καὶ
576 1191 843 1265 ξηρότητα
873 1191 1105 1268 πολλὴν,
1158 1192 1394 1268 ἀμοιρῶν
1435 1200 1530 1250 τοῦ
1572 1190 1947 1268 ἀναψύχοντος

290 1281 439 1359 ἁγίου
467 1280 654 1346 ὕδατος
688 1301 702 1317 ’
764 1284 792 1339 6
849 1280 904 1338 δὲ
937 1280 1379 1360 βεϐαπτισμένος,
1441 1280 1589 1360 ἔχων
1616 1280 1678 1335 τὸ
1708 1281 1943 1356 Πνεῦμα,

291 1370 368 1427 ἀεὶ
419 1376 835 1451 ψυχαγωγεϊται
894 1369 963 1429 δι’
1020 1371 1201 1429 αὐτοῦ.
1255 1371 1519 1428 Δεικνύων
1579 1367 1659 1441 δὲ,
1716 1366 1799 1424 ὅτι
1859 1369 1948 1424 καὶ

289 1462 321 1528 ἦ
380 1461 554 1526 πίστις
591 1463 626 1529 ἡ
657 1463 732 1525 εἷς
764 1462 921 1521 αὐτὸν
966 1463 1024 1519 οὗ
1074 1463 1137 1519 τὸ
1195 1461 1363 1542 τυχόν
1392 1462 1505 1516 ἔστι
1532 1465 1777 1539 πρᾶγμα,
1812 1455 1948 1514 ἀλλά

2036 560 2228 623 credit
2256 561 2315 623 in
2342 562 2504 625 illum
2539 584 2778 647 panem,
2810 586 2930 629 non
2961 570 3183 631 esuriet
3238 588 3435 650 neque
3472 560 3688 632 famem

2036 650 2485 740 feretaudiendi
2516 673 2824 717 semonem
2858 656 3192 740 Dei,neque
3226 658 3387 721 sitiet
3414 658 3695 739 spiritua-

2035 739 2153 801 lem
2178 740 2444 821 sitim,eo
2467 744 2625 825 quod
2662 745 2876 808 habeat
2904 739 3115 829 aquam
3150 747 3428 828 baptismi
3460 759 3521 811 et
3550 767 3691 810 san-

2036 829 2453 894 ctiﬁcationem
2480 834 2917 913 Spiritus.Nam
2942 836 3043 917 qui
3075 856 3193 900 non
3224 837 3552 917 baptizatus
3576 848 3686 914 est,

2038 918 2195 980 sitim
2231 922 2467 1000 patitur,
2496 931 2555 985 et
2583 943 2854 1004 magnam
2874 926 3247 1007 ariditatem,
3280 945 3493 1007 expers
3524 947 3694 1009 aqua;

2036 1018 2256 1098 sanctae
2314 1012 2746 1091 refrigerantis.
2780 1015 3117 1096 Baptizatus
3172 1026 3369 1079 autem
3403 1017 3687 1098 Spiritum

2034 1095 2234 1173 habet,
2272 1118 2379 1179 per
2409 1120 2589 1182 quem
2617 1095 3296 1184 semperrel'rigeratur.
3350 1095 3690 1169 Ost’endens

2033 1197 2232 1250 autem
2267 1189 2425 1270 quod
2462 1190 2609 1253 fides
2638 1211 2769 1272 quae
2813 1193 2875 1254 in
2926 1194 3248 1269 Christum,
3284 1213 3401 1256 non
3434 1194 3689 1274 vulgaris

2031 1277 2322 1357 quaepiam
2354 1297 2452 1340 res
2482 1279 2579 1355 sit,
2632 1282 2735 1342 sed
2785 1282 3009 1345 donum
3050 1285 3155 1347 Dei
3196 1284 3390 1363 dignis
3420 1292 3479 1346 et
3507 1284 3690 1346 rectis

2031 1365 2210 1427 corde
2241 1386 2274 1427 ιι
2306 1370 2480 1431 Patre
2509 1368 2739 1451 datum,
2765 1370 2907 1434 dicit
2928 1372 3084 1453 quod
3113 1398 3139 1428 α
3182 1371 3374 1436 Omne
3404 1372 3561 1453 quod
3588 1373 3690 1435 dat

2030 1456 2175 1517 mihi
2208 1455 2403 1530 Pater,
2439 1458 2511 1520 ad
2544 1478 2637 1521 me
2660 1460 2879 1536 veniet,
2917 1487 2944 1517 ι
2979 1462 3092 1525 hoc
3116 1471 3226 1536 est,
3244 1463 3329 1524 illi
3352 1462 3685 1525 credentin

287 1548 455 1629 δῶρον
512 1553 665 1625 Θεού,
703 1564 823 1616 τοῖς
869 1549 1031 1618 ἀξίοις
1108 1552 1196 1608 καὶ
1253 1550 1423 1610 εὖθέσι
1466 1554 1536 1625 τῇ
1577 1546 1763 1627 καρδίᾳ
1809 1548 1932 1626 ποιρέ

2038 1562 2154 1614 me,
2185 1564 2334 1626 quos
2357 1546 2457 1609 dat
2482 1548 2625 1609 mihi
2666 1551 2863 1613 Pater.
2896 1552 3015 1613 Vos
3058 1558 3255 1613 autem
3310 1549 3521 1624 Judaei,
3551 1570 3683 1613 cum

287 1646 380 1696 τοῦ
433 1641 636 1721 Πατρὸς
695 1639 991 1717 διδόμενον,
1027 1642 1208 1722 φησὶν,
1241 1640 1323 1698 ὅτι
1380 1658 1410 1698 ε
1439 1643 1551 1694 Πᾶν
1599 1639 1627 1692 ὃ
1657 1634 1831 1692 δίδωσί
1860 1659 1928 1712 μο

2034 1633 2260 1713 indigni
2294 1636 2444 1711 sitis,
2480 1657 2596 1699 non
2629 1638 2854 1701 damini
2883 1640 3029 1702 mihi
3059 1660 3092 1702 a
3128 1644 3335 1702 Patre:
3373 1649 3689 1721 propterea

288 1732 315 1784 ὁ
370 1730 573 1808 Πατὴρ,
633 1732 765 1806 πρὸς
816 1730 913 1807 ἐμὲ
955 1730 1093 1810 ἥξει,
1161 1754 1188 1786 ι
1252 1729 1546 1802 τουτέστιν,
1594 1726 1796 1811 ἐκεῖνοι
1851 1747 1932 1781 πι-

2035 1741 2231 1805 neque
2262 1725 2473 1788 venitis
2501 1727 2576 1789 ad
2607 1746 2722 1803 me,
2750 1747 2946 1811 neque
2979 1729 3211 1792 habetis
3243 1738 3469 1792 rectum
3490 1739 3687 1809 cor,ut

290 1792 592 1875 στεύσουσιν
648 1792 721 1884 είς
751 1792 886 1899 -ὶμέ,
935 1792 1022 1886 υθέ
1054 1792 1230 1877 δίδωσί
1272 1842 1364 1895 μοι
1409 1820 1438 1875 6
1484 1792 1694 1892 Πατὴρ.
1758 1803 1932 1891 ’Υμεϊι

2033 1792 2415 1894 νοέόίιίεθηε
2443 1814 2602 1878 Deus
2632 1792 2894 1881 et’Pate‘r
2924 1820 3101 1881 ducat
3140 1819 3214 1880 ad
3253 1838 3445 1881 meam
3477 1792 3681 1882 ﬁdem.

288 1908 340 1965 δὲ
398 1912 446 1965 οἱ
508 1907 783 1991 Ἰουδαῖοι,
841 1912 915 1975 ὡς
984 1909 1185 1976 ἀνάξιοι
1242 1907 1419 1983 ὄντες,
1478 1908 1538 1965 ού
1598 1904 1796 1963 δίδοσθέ
1858 1926 1927 1979 μο

2038 1925 2062 1991 ιι
2101 1904 2221 1982 Ego
2249 1912 2446 1967 autem
2478 1924 2615 1967 eum
2665 1908 2764 1988 qui
2814 1908 2977 1971 venit
3032 1909 3107 1971 ad
3158 1926 3254 1971 me
3294 1927 3413 1970 non
3446 1909 3682 1989 ejiciam

286 1999 427 2079 παρά
483 2007 577 2058 τοῦ
633 1990 839 2081 Πατρός
872 2016 889 2033 ⁸
941 1999 1020 2057 διὸ
1065 1997 1181 2057 οὖδὲ
1213 1999 1434 2080 ἔρχεσθε
1466 1998 1599 2076 πρός
1632 1995 1725 2071 μὲ,
1760 1994 1819 2051 οὗ
1848 1995 1932 2073 γάε

2032 1990 2211 2067 foras,
2248 2018 2274 2049 ι
2314 1994 2423 2056 hoc
2454 2003 2543 2057 est
2573 2014 2691 2057 non
2720 1997 2989 2078 perdam,
3015 1998 3121 2060 sed
3168 1996 3427 2078 salvabo,
3462 2006 3522 2060 et
3550 2017 3678 2060 ma-

286 2087 442 2169 ἔχετε
501 2093 708 2148 εὐθεῖαν
766 2089 863 2159 τὴν
918 2088 1158 2170 καρδίαν,
1216 2088 1309 2145 ’ίνα
1368 2090 1504 2165 ὑμᾶς
1562 2085 1850 2164 ἀγαπήσας
1921 2086 1932 2139 ἕ

2028 2099 2143 2160 gna
2173 2100 2314 2143 cura
2333 2082 2498 2145 illum
2519 2084 2888 2150 refocillabo.
2910 2086 3207 2150 Descendi
3224 2087 3384 2149 enim
3406 2086 3481 2149 de
3504 2088 3678 2160 cmlo,

286 2180 416 2243 Θεὸς
471 2180 561 2235 καὶ
591 2181 794 2261 Πατὴρ,
860 2179 1041 2259 ἀγάγῃ
1100 2181 1173 2245 εἷς
1207 2178 1305 2248 τὴν
1336 2177 1472 2254 ἐμὴν
1499 2176 1706 2233 πίστιν.
1746 2194 1769 2229 α
1809 2170 1932 2251 Ἐγιῖ

2030 2188 2148 2231 non
2184 2179 2243 2231 ut
2273 2171 2432 2261 aliud
2462 2173 2744 2254 quiddam
2794 2175 3006 2238 faciam
3070 2188 3289 2257 praeter
3319 2175 3679 2238 voluntatem

282 2266 339 2325 δὲ
400 2271 493 2325 τὸν
541 2260 841 2350 ὶρχόμενον
885 2271 1017 2349 πρὸς
1050 2270 1141 2349 μὲ,
1175 2272 1235 2327 οὗ
1265 2268 1342 2344 μὴ
1371 2264 1583 2324 ἐκϐάλω
1610 2264 1709 2330 ἔξω
1739 2286 1767 2319 ι
1801 2284 1932 2322 τουτ·

2035 2260 2239 2324 Patris.
2267 2260 2555 2325 Caeterum
2609 2264 2736 2326 haec
2794 2265 2961 2347 dicit,
3023 2278 3088 2327 ut
3131 2266 3365 2327 discant
3395 2265 3553 2346 quod
3578 2265 3681 2345 qui

285 2359 451 2438 ἐστιν,
514 2361 573 2417 οὗ
630 2361 709 2435 μὴ
766 2360 1041 2441 ἀπολέσω,
1076 2358 1212 2417 ἀλλά
1270 2357 1453 2436 σώσω,
1504 2360 1594 2413 καὶ
1642 2350 1932 2429 έπιμελεία<

2030 2365 2168 2441 eum
2197 2369 2315 2412 non
2348 2350 2585 2433 recipit,
2600 2354 2721 2416 Deo
2753 2354 2829 2415 sit
2850 2354 3445 2427 adversarius,Patris
3466 2355 3678 2417 volun-

283 2446 579 2505 ἀπολαυσαι
661 2438 1052 2529 παρασκευάσω
1136 2446 1369 2515 πολλῆς.
1432 2441 1788 2511 Καταϐἑϐηκα
1844 2442 1932 2521 γάε

2030 2438 2131 2503 tati
2163 2458 2525 2521 repugnans.
2560 2441 2710 2514 Quia
2742 2444 2900 2506 enim
2934 2444 3103 2506 illnm
3134 2444 3540 2506 adversarium
3571 2442 3679 2507 Dei

282 2538 343 2594 ἐκ
385 2540 480 2596 τοῦ
530 2541 769 2618 ούρανοῦ,
831 2543 935 2620 οὐχ
987 2538 1081 2595 ἵνα
1139 2536 1271 2594 ἄλλο
1299 2559 1351 2594 τι
1383 2535 1565 2615 πράξω
1594 2534 1735 2612 παρά
1765 2533 1826 2589 τό
1852 2530 1932 2589 θέ-

2026 2529 2320 2604 dicebant,
2346 2531 2475 2612 ipse
2506 2532 2731 2594 crimen
2764 2534 2821 2595 in
2867 2534 3003 2595 illos
3044 2534 3241 2608 vertit,
3272 2534 3508 2595 tametsi
3557 2553 3675 2595 non

279 2627 430 2705 λημα
487 2636 581 2687 τοῦ
625 2628 856 2708 Πατρός.
913 2619 1089 2688 Ταῦτα
1119 2624 1174 2683 δέ
1228 2647 1419 2705 φησιν,
1473 2624 1565 2680 ’ίνα
1596 2624 1826 2698 μάθωσι,
1860 2619 1932 2679 ὅτι

2027 2620 2429 2695 manifeste,et
2450 2621 2741 2686 dicit:Vos
2775 2624 2919 2685 estis
2948 2623 3268 2687 adversarii
3300 2623 3431 2697 Dei,
3460 2623 3559 2703 qui
3585 2641 3679 2685 me

280 2722 307 2776 6
360 2720 439 2795 μὴ
497 2718 792 2800 δεχόμενος
827 2720 1005 2800 αὐτὸν,
1038 2716 1273 2780 ἀντίθεός
1326 2716 1490 2795 ἐστιν,
1543 2712 1932 2789 ἐναντιούμενος

2025 2728 2143 2800 non
2174 2709 2460 2793 recipitis,
2495 2711 2596 2792 qui
2626 2711 2779 2774 facio
2807 2713 3175 2775 voluntatem
3221 2711 3552 2776 Patris.Ubi
3586 2720 3681 2775 est

280 2818 355 2885 τῷ
413 2797 674 2885 θελήματι
732 2810 827 2867 τοῦ
873 2797 1100 2887 Πατρός.
1136 2804 1285 2865 Ἐπεὶ
1342 2806 1443 2884 γὰρ
1493 2805 1649 2861 αὑτὸν
1708 2802 1932 2860 ἀντίθεοι

2023 2797 2328 2862 Nestorius
2360 2801 2471 2863 hoc
2500 2801 2924 2883 loco,quidicit
2955 2803 3109 2883 quod
3130 2809 3263 2884 post
3290 2802 3680 2865 resurrectio-

280 2898 465 2977 ἔλεγον
499 2898 722 2972 ἐκεῖνοι,
786 2898 942 2962 αὐτὸς
1000 2898 1061 2954 τὸ
1119 2895 1366 2976 ἔγκλημα
1416 2896 1489 2958 εἰς
1540 2893 1932 2977 αὖτοὺςᾼπερι-

2024 2908 2160 2951 nem
2193 2889 2501 2953 deificatus
2528 2892 2603 2952 sit
2627 2891 3063 2956 Christus?Non
3087 2892 3282 2973 audis,
3308 2892 3678 2974 miser,quod

277 2971 455 3068 τρέπει
514 2988 604 3045 καί
653 3012 841 3069 φησιν,
906 2988 952 3044 εἰ
998 2988 1083 3043 καὶ
1270 2991 1530 3064 φανερῶς,
1586 2981 1692 3055 ὅτι,
1750 2971 1932 3057 ’Υμετς

2021 2979 2333 3041 descendit
2360 2980 2438 3041 de
2466 2980 2651 3043 caelo?
2696 2981 2829 3045 Jam
2875 2983 2976 3063 qui
3028 2983 3102 3048 de
3149 2971 3297 3044 cmlo
3339 2971 3675 3055 descendit,

276 3080 393 3136 ἐστε
450 3080 698 3158 ἀντίθεοι,
757 3081 805 3135 οἱ
862 3077 939 3145 μὴ
994 3074 1284 3157 δεχόμενοι
1353 3076 1443 3131 τὸν
1502 3080 1579 3149 τῷ
1608 3080 1699 3130 τοῦ
1733 3073 1932 3151 Πατρὸς

2021 3087 2138 3131 non
2157 3070 2360 3150 utique
2380 3070 2576 3132 nudus
2601 3083 2729 3133 erat
2754 3072 3065 3153 homo,sed
3089 3072 3269 3133 Deus.
3288 3069 3498 3133 Nudus
3516 3074 3675 3134 enim

273 3168 534 3244 θελήματι
587 3168 992 3228 ἀκολουθοῦντα.
1045 3172 1152 3224 Ποῦ
1194 3164 1306 3223 ἐστι
1355 3163 1637 3242 Νεπόριος
1692 3161 1932 3234 ἐνταῦθα,

2022 3160 2197 3221 homo
2222 3178 2338 3220 non
2357 3159 2803 3234 descendit,sed
2826 3162 2873 3221 si
2906 3161 3148 3241 quidem
3165 3160 3434 3222 ascendit
3460 3160 3518 3222 in
3544 3181 3669 3224 coa-

276 3260 305 3315 6
355 3258 549 3337 ὶέγων,
611 3258 691 3315 diu
738 3258 873 3334 μετά
930 3257 1031 3325 τὴν
1075 3256 1365 3312 ἀνάστασιν
1398 3253 1713 3342 ἐθεοποιήθη
1746 3253 1774 3307 6
1800 3258 1932 3342 Χρι-

2021 3249 2307 3342 ium,_hoc
2333 3249 2424 3342 illi
2449 3251 2726 3342 concedit
2751 3259 2992 3332 propter
3020 3251 3297 3342 virtutem
3348 3249 3527 3312 Deus.
3555 3250 3668 3314 So-

274 3347 397 3413 στός
433 3368 448 3422 ;
489 3348 599 3407 Οὔκ
651 3348 880 3421 ἀκούεις,
937 3345 1266 3425 ταλαίπωρε,
1330 3342 1410 3401 ὅτι
1452 3339 1816 3408 καταϐέϐηκεν
1875 3339 1932 3397 ἐκ

2021 3339 2132 3402 lius
2176 3339 2413 3401 Domini
2446 3340 2771 3403 descensus
2829 3341 3109 3422 praevenit
3155 3358 3492 3406 ascensum.
3541 3344 3678 3425 Ipse

272 3446 364 3495 τοῦ
421 3440 689 3515 ονῦρανοῦ;
752 3426 809 3496 ’0
869 3434 925 3492 δὲ
992 3433 1227 3499 καταϐὰς
1288 3434 1349 3492 ἐκ
1417 3440 1511 3490 τοῦ
1569 3436 1813 3511 ούρανοῦ,
1876 3432 1932 3489 οὗ

2021 3429 2196 3507 igitur
2223 3437 2283 3490 et
2310 3428 2621 3492 descendit
2643 3430 2718 3493 de
2747 3432 2896 3493 caelo
2924 3433 3074 3493 sicut
3106 3424 3681 3512 Deus,quandoqui'-

274 3527 430 3602 ψιλὸς
476 3525 748 3606 ἅνθρωπος
779 3525 950 3597 δήπου
978 3525 1067 3599 ἦν,
1103 3523 1241 3581 ἀλλὰ
1274 3525 1429 3587 Θεό),
1479 3521 1649 3585 Ψιλὸς
1690 3521 1790 3599 γὰρ
1832 3518 1931 3577 ἄν..

2021 3519 2153 3579 dem
2180 3518 2477 3580 incarnari
2509 3520 2783 3599 dignatus
2812 3528 2901 3582 est
2936 3541 2949 3580 :
2978 3529 3035 3582 et
3055 3520 3325 3582 ascendit
3358 3522 3416 3581 in
3453 3520 3672 3582 cmlum

269 3621 479 3696 θρωπος
561 3618 620 3675 οὗ
698 3614 1030 3687 καταϐαίνει,
1091 3613 1211 3671 ἀλλ’
1293 3616 1336 3671 εἱ
1398 3612 1498 3693 ἄρα
1540 3609 1810 3668 ἀναϐαίνει
1855 3610 1929 3674 εἷς

2021 3627 2147 3669 cum
2179 3607 2306 3671 ὅθι
2349 3627 2555 3689 carne,
2585 3618 2650 3671 ut
2679 3611 2857 3672 homo
2879 3609 3241 3683 scilicet,ubi
3271 3619 3397 3671 erat
3421 3609 3584 3690 prius
3610 3621 3674 3672 ut

269 3708 515 3782 οὖρκνὸν,
577 3705 944 3785 χαριζομένου
997 3701 1065 3760 δι’
1126 3703 1320 3783 ἀρενὴν
1376 3712 1530 3761 τοῦτο
1607 3708 1702 3759 τοῦ
1777 3706 1928 3759 Θεοῦ.

2021 3697 2332 3763 Deus.Non
2365 3699 2548 3778 igitur
2570 3700 2764 3762 nudus
2790 3701 2965 3762 homo
2997 3708 3127 3762 erat
3156 3698 3423 3763 Christus
3466 3710 3668 3781 postea

271 3793 420 3852 Ἐπεὶ
473 3794 559 3852 οὖν
630 3801 723 3851 τοῦ
794 3794 983 3874 Κυρίου
1038 3795 1073 3861 ἡ
1134 3789 1433 3857 καταϐάσις
1508 3787 1770 3872 προέλαϐε
1827 3788 1930 3855 τὴν

2021 3789 2343 3861 deiﬂcatus,
2380 3788 2535 3851 sicut
2565 3788 2857 3851 delirabat
2882 3788 3216 3862 Nestorius,
3241 3789 3343 3851 sed
3375 3789 3532 3852 Deus
3554 3809 3663 3853 an-

270 3882 545 3959 ἀνάϐασιν,
607 3886 634 3942 6
692 3885 849 3947 αὐτὸς
908 3891 997 3941 οὖν
1046 3884 1134 3941 καὶ
1190 3880 1390 3950 κατέϐη
1446 3882 1500 3949 ἒξ
1558 3883 1803 3959 ούρανοῦ,
1857 3880 1931 3938 ὡς

2021 3887 2073 3939 te
2101 3879 2341 3953 saecula,
2368 3879 2713 3941 incarnatus
2745 3878 3079 3941 novissimis
3112 3880 3499 3960 temporibus.

274 3976 408 4038 Θεὸς
437 3972 710 4047 δηλονότι,
745 3971 829 4030 διά
858 3976 921 4031 τὸ
976 3972 1378 4053 ἐνανθρωπῆσαι
1434 3968 1772 4050 σδκριαταϐἆς
1808 3984 1823 3998 ⁸
1883 3970 1972 4026 καὶ
2001 3966 2164 4036 ἀνέϐη
2196 3971 2269 4033 εἷς
2297 3971 2567 4049 οὕρανοὺς,
2623 3971 2759 4046 μετά
2804 3972 2993 4041 σαρκὸς
3026 3968 3230 4038 δηλαδὴ
3261 3972 3333 4034 ὡς
3370 3969 3662 4051 ἅνθρωπος,

266 4064 385 4121 ξνθχ
414 4067 481 4133 ἦν
509 4067 570 4123 τὸ
598 4067 852 4144 πρότερον
881 4067 954 4129 ὡς
989 4064 1139 4130 Θεός,
1174 4064 1282 4123 Οὺκ
1312 4063 1412 4142 ἄρα
1448 4061 1605 4140 ψιλὸς
1642 4060 1916 4138 ἅνθρωπος
1946 4061 1975 4117 ὃ
2010 4063 2258 4133 Χριστὸς,
2291 4061 2501 4124 θεωθεὶς
2531 4059 2769 4140 ὕστερον,
2809 4061 2882 4124 ὡς
2932 4059 3108 4138 ἐλήρει
3164 4062 3469 4140 Νεστόριος,
3514 4062 3668 4120 ιάλλά

268 4161 399 4220 Θεὸς
431 4156 749 4229 προαιώνιος
781 4154 1192 4233 ἒνανθρωπήσας
1236 4153 1289 4211 ἒν
1326 4153 1589 4235 έσχατοϊς
1620 4168 1857 4232 καιροῖς.

351 4264 382 4304 (
417 4253 578 4304 Τοῦτο
608 4242 664 4301 δέ
706 4243 819 4301 ἐστι
852 4247 915 4301 τὸ
969 4244 1181 4320 θέλημα
1222 4251 1314 4301 τοῦ
1360 4242 1678 4320 πέμψαντός
1710 4264 1775 4317 με
1814 4248 1923 4298 Πα-

2093 4238 2277 4303 VERS.
2309 4240 2409 4314 39,
2436 4242 2563 4305 40..
2596 4265 2619 4297 α
2644 4238 2780 4302 Haec
2822 4249 3017 4303 autem
3066 4242 3331 4303 voluntas
3378 4244 3530 4321 ejus,
3565 4245 3669 4324 qui

268 4336 409 4412 τρὸς,
465 4335 559 4390 ’ἱνα
591 4340 694 4391 πᾶν
728 4334 755 4390 ὃ
792 4331 986 4390 δέδωκέ
1016 4356 1136 4408 μοι,
1166 4334 1225 4390 06
1255 4333 1333 4409 μὴ
1364 4331 1616 4389 ἀπολέσω
1646 4330 1697 4396 ἐξ
1745 4332 1923 4405 αὺτοῦ,

2021 4330 2171 4391 misit
2194 4333 2607 4407 me,Patris,ut
2638 4349 2819 4393 omne
2850 4331 3007 4412 quod
3032 4330 3199 4391 dedit
3219 4331 3517 4403 mihi,non
3537 4352 3668 4412 per-

268 4422 403 4481 ἀλλά
458 4424 749 4494 ἀναστήσω
791 4424 915 4480 αὐτὸ
972 4422 1026 4478 ἐν
1084 4427 1154 4498 τῇ
1209 4422 1421 4502 ὶσχάτῃ
1502 4420 1701 4498 ἡμέρᾳ.
1762 4422 1928 4479 Τοῦτο

2021 4419 2143 4481 :lam
2170 4439 2240 4482 ex
2273 4420 2477 4494 eo,sed
2511 4421 2860 4482 resuscitem
2908 4420 3054 4482 illud
3088 4419 3146 4480 in
3183 4420 3507 4482 novissimo
3539 4422 3662 4483 die.

265 4512 321 4569 δέ
365 4513 476 4570 ἐστι
536 4515 596 4570 τὸ
657 4512 868 4589 θέλημα
925 4519 1019 4570 τοῦ
1076 4511 1391 4587 πέμψαντός
1449 4532 1544 4587 με,
1602 4511 1694 4567 ’ἕνα
1755 4516 1858 4574 πᾶς
1897 4511 1925 4566 6

2021 4511 2146 4572 Haac
2167 4517 2259 4571 est
2286 4520 2482 4573 autem
2518 4509 2787 4572 voluntas
2810 4510 2941 4589 ejus
2971 4510 3069 4590 qui
3104 4509 3259 4570 misit
3292 4529 3407 4584 me,
3444 4518 3661 4573 utom-

263 4608 476 4684 θεωρῶν
530 4605 623 4660 τὸν
684 4604 827 4683 Υίὸν,
887 4605 975 4659 καὶ
1032 4604 1297 4658 πιστεύων
1328 4600 1405 4666 ἐἰς¹
1432 4601 1610 4680 αὑτὸν,
1645 4598 1752 4680 ἔχῃ
1782 4599 1925 4670 ζωὴν

2021 4599 2104 4661 nis
2133 4599 2415 4681 quividet
2442 4600 2680 4674 Filium,
2715 4608 2772 4660 et
2814 4598 3004 4661 credit
3047 4599 3108 4659 in
3132 4617 3292 4672 eum,
3328 4599 3541 4661 habeat
3570 4600 3661 4660 vi—

265 4694 478 4750 αἰώνιον
509 4710 525 4727 ⁸
588 4693 677 4750 καὶ
732 4692 1021 4761 ἀναστήσω
1077 4689 1237 4748 αὐτὸν
1291 4689 1400 4769 ἐγὼ
1456 4690 1512 4747 ἐν
1575 4689 1645 4757 τῆ
1714 4684 1926 4769 ἐσχάτῃ

2021 4698 2127 4751 Iam
2160 4698 2471 4766 aeternam,
2506 4699 2566 4752 et
2594 4708 2703 4769 ego
2731 4687 3030 4751 suscitabo
3058 4704 3196 4750 eum
3250 4688 3305 4749 in
3340 4690 3664 4754 novissimo

262 4783 458 4862 ἡμέρᾳ.
497 4807 520 4840 ιι
588 4783 842 4863 Συνεχῶς
898 4783 1072 4849 τίθησι
1131 4782 1218 4855 τὸ,
1296 4805 1324 4835 ι
1388 4778 1595 4837 Δέδωκέ
1639 4800 1729 4856 μοι
1762 4780 1790 4835 6
1822 4785 1928 4834 Παι-

2021 4779 2107 4841 Jie
2142 4800 2170 4839 ι
2203 4778 2470 4842 Subinde
2494 4780 2676 4859 ponit,
2713 4803 2739 4833 α
2766 4777 2937 4839 Dedit
2964 4777 3109 4839 mihi
3146 4780 3340 4851 Pater,
3380 4799 3404 4836 ι
3445 4786 3505 4839 ιιι
3537 4798 3666 4858 per-

262 4874 387 4952 τὴρ.
442 4897 464 4931 ε
520 4871 615 4929 ἵνα
671 4870 850 4949 πλήξῃ
899 4874 995 4937 τὰς
1052 4869 1265 4946 καρδίας
1296 4871 1490 4943 αὒτῶν,
1524 4872 1609 4928 καὶ
1640 4870 1923 4949 έπιγνῷεν,

2021 4871 2253 4949 stringat
2279 4869 2459 4931 corda
2486 4869 2725 4931 illorum
2758 4876 3157 4947 utagnoscant
3183 4884 3246 4931 se
3274 4866 3378 4929 Dei
3417 4886 3665 4932 munere

264 4964 343 5021 ὅτι
392 4969 493 5031 τῆς
546 4970 641 5021 τοῦ
700 4963 833 5020 Θεοῦ
890 4961 1091 5043 δωρεᾶς
1167 4962 1369 5028 ἀνάξιοί
1410 4964 1564 5025 εἰσιν,
1629 4962 1685 5019 Εἰ
1740 4962 1839 5039 γὰρ
1898 4962 1925 5017 6

264 5055 448 5131 Πατὴρ
504 5051 711 5109 δίδωσιν
772 5055 845 5117 ὡς
895 5053 1033 5131 μέγα
1091 5075 1142 5109 τι
1189 5054 1285 5120 τὴν
1342 5054 1414 5115 εἷς
1469 5052 1697 5131 Χριστὸν
1726 5051 1923 5125 πίστιν,

263 5144 409 5201 αὐτοὶ
462 5140 516 5198 δὲ
572 5143 772 5209 ταύτην
828 5145 923 5201 οὐκ
976 5142 1188 5223 ἔχουσι,
1237 5139 1504 5220 πρόδηλον
1552 5140 1632 5198 ὅτι
1688 5144 1786 5206 τῆς
1834 5147 1928 5197 τού

261 5234 392 5292 Θεοῦ
449 5234 648 5312 δωρεᾶς
714 5232 1192 5295 ἀποπεπτώκασιν,
1282 5230 1426 5310 Ἐγὼ
1483 5230 1682 5310 τοίνυν,
1739 5231 1919 5311 φησὶν,

259 5326 353 5381 οὒκ
382 5321 633 5381 ἀπολέσω
660 5324 749 5386 οὓς
794 5321 970 5379 δίδωσί
1013 5345 1104 5398 μοι
1163 5324 1190 5379 6
1237 5322 1442 5402 Πατὴρ,
1493 5320 1755 5397 τουτέστι,
1801 5321 1921 5384 τοὺς

260 5414 606 5479 πιστεύοντός
641 5436 731 5488 μοι
767 5429 780 5442 ·
830 5411 949 5469 ἀλλ’
1010 5412 1299 5483 ἀναστήσω
1348 5412 1559 5487 αὐτοὺς,
1596 5410 1725 5490 ὅπερ
1754 5410 1919 5490 ἐστιν,

260 5504 599 5566 ἀναστάσεως
654 5501 874 5567 ἀξιώσω
923 5499 1198 5581 λαμπρᾶς.
1265 5502 1429 5569 Διττὴ
1504 5500 1605 5579 γάρ
1670 5499 1812 5557 ἐστιν
1883 5501 1917 5568 ἡ

258 5590 545 5656 ἀνάστασις
584 5612 596 5624 ·
658 5593 693 5661 ἦ
738 5596 836 5667 μὲν
881 5592 1031 5659 κοιναὶΙ
1079 5593 1164 5648 καὶ
1212 5590 1491 5666 καθολικιὶ,
1538 5590 1603 5660 ἢν
1646 5590 1838 5654 πάντες
1873 5592 1919 5646 οἱ

264 5685 565 5764 ἁμαρτωλοὶ
620 5686 920 5742 ἀνίστανται
960 5701 970 5713 ⁸
1024 5688 1054 5753 ἡ
1090 5684 1170 5765 δὲ,
1206 5686 1270 5754 ἢν
1304 5686 1453 5759 μόνοι
1513 5686 1558 5740 οἱ
1602 5681 1788 5741 δίκαιοι
1846 5686 1916 5748 εἷς

2008 4959 2308 5041 indignos.
2336 4959 2481 5022 Nam
2526 4960 2576 5022 si
2612 4963 2790 5023 Pater
2818 4959 2917 5019 dat
2942 4968 3006 5021 ut
3037 4976 3314 5036 magnum
3346 4956 3660 5038 quiddam,

2009 5050 2248 5129 dignam
2291 5049 2351 5111 in
2384 5050 2684 5113 Christum
2716 5047 2921 5129 tidem,
2949 5048 3060 5129 ipsi
3111 5056 3309 5110 autem
3348 5047 3510 5109 illam
3545 5068 3665 5111 non

2011 5139 2252 5212 habent,
2283 5139 2660 5201 manifestum
2684 5147 2773 5200 est
2794 5138 2949 5219 quod
2985 5138 3142 5199 dono
3175 5136 3279 5200 Dei
3304 5137 3661 5200 exciderint.

2010 5227 2186 5308 Igitur
2208 5229 2690 5310 ego,inquit,non
2725 5228 2968 5309 perdam
2998 5246 3148 5309 quos
3169 5227 3268 5289 dat
3290 5226 3437 5288 mihi
3464 5230 3665 5303 Pater,

2009 5320 2119 5380 hoc
2150 5327 2236 5379 est
2267 5338 2369 5380 eos
2400 5318 2501 5399 qui
2521 5319 2774 5381 credunt
2799 5317 3081 5390 n.ihi,sed
3113 5316 3481 5379 resuscitabo
3504 5317 3662 5395 illos,

2006 5409 2119 5471 hoc
2150 5409 2328 5469 estin
2363 5408 2811 5470 resurrectione
2865 5407 3128 5469 claritate
3161 5407 3297 5469 illos
3348 5405 3661 5486 dignabor.

2002 5497 2228 5578 Duplex
2262 5499 2419 5560 enim
2434 5499 3045 5561 estresurrectiozuna
3058 5497 3294 5578 quidem
3328 5498 3668 5560 communis

2004 5596 2056 5649 et
2070 5588 2513 5671 generalis,qua
2527 5607 2736 5649 omnes
2757 5588 2933 5651 etiam
2952 5595 3297 5669 peccatores
3318 5597 3663 5669 resurgunt;

2003 5678 2330 5758 altera,qua
2363 5677 2473 5740 soli
2487 5678 2631 5757 justi
2664 5686 3079 5741 asssumuntur
3104 5676 3163 5738 in
3205 5694 3516 5739 occursum
3542 5676 3666 5756 Do_
