4178 6422
359 343 510 411 1305
1036 344 1488 412 ENARRATIO
1534 350 1618 413 IN
1662 346 2175 412 EVANGELIUM
2220 350 2564 416 JOANNIS.
2613 384 2692 396 —
2735 353 2901 416 CAP.
2949 353 3056 417 VI.
3610 347 3762 414 1306

348 483 653 544 πιστεῦσαι.
718 471 952 546 ’Ἄλλως
998 478 1077 537 δέ’
1125 480 1393 547 Ἐκείιους
1426 481 1568 539 ἕλκει
1600 485 1628 540 6
1660 484 1866 563 Πατὴρ,
1900 483 2021 546 τοὺς

2118 479 2338 546 diturus
2370 492 2481 549 est.
2526 484 2602 549 Et
2628 484 2802 548 aliter
2836 508 2848 544 :
2883 485 3024 549 Illos
3054 486 3234 549 trahit
3277 488 3476 570 Pater,
3509 486 3613 564 qui
3644 487 3758 550 ha-

352 573 491 629 κατὰ
564 571 869 653 προαίρεσιν
966 569 1387 640 ἂπιτηδειότητα
1468 571 1720 655 ἔχοντας·
1782 576 1902 639 τοὺς
1961 571 2015 629 δὲ

2118 581 2247 635 ient
2277 574 2591 637 voluntatis
2622 575 3042 653 aptitudinem.
3080 575 3195 638 Eos
3230 585 3428 639 autem
3460 569 3558 658 qui
3591 577 3755 656 seip-

349 664 677 747 ποιήσαντας
748 664 965 727 ἑαυτοὺς
1055 661 1476 739 ἀνεπιτηδείους,
1565 668 1669 747 οῦχ
1740 666 1882 724 ἕλκει
1940 668 2014 730 εἷς

2118 681 2196 723 iOS
2227 682 2342 724 non
2375 664 2597 727 faciunt
2628 664 2902 740 idoneos,
2936 685 3053 727 non
3080 667 3259 730 trahit
3286 667 3360 728 ad
3396 664 3750 729 ﬁulem.Nam

352 754 552 813 πίστιν.
587 742 806 832 υΩσεττερ
835 754 936 833 γὰρ
979 753 1016 821 ἦ
1059 755 1350 833 μαγνῆτις,
1385 756 1445 813 οὐ
1488 742 1684 837 πάντα,
1719 757 1808 822 οἷς
1839 778 2012 836 προσ-

349 846 568 923 εγγίζει,
624 842 760 903 ἀλλά
816 842 980 918 μόνον
1063 845 1155 901 τὸν
1229 843 1440 921 σίδηρον
1470 844 1635 903 ἕλκει·
1672 844 1809 903 οὕτω
1866 848 1955 903 καὶ
1986 848 2013 901 6

352 935 507 1005 Θεὸς,
567 939 698 992 πᾶσι
764 933 861 1010 μὲν
912 933 1131 1014 ἐγγίζει,
1190 935 1310 1001 τοὺς
1396 934 1856 1015 ἐπιτηδειοτέρους
1931 934 2012 1007 δὲ,

349 1026 439 1082 καὶ
481 1025 742 1082 οίκείωσίν
771 1043 888 1079 τινα
942 1025 1075 1101 πρὸς
1122 1023 1279 1081 αὐτὸν
1336 1022 1795 1101 ἐπιδεικνυμένους
1842 1025 2011 1087 ἓλκει.

2118 1021 2221 1097 iei,
2253 1031 2312 1084 et
2340 1022 2800 1085 familiaritatem
2826 1042 2962 1104 erga
2994 1025 3186 1106 ipsum
3235 1045 3356 1107 prae
3415 1045 3479 1087 se
3529 1025 3748 1106 ferunt,

354 1105 413 1173 Ὀ
485 1115 583 1190 μὲν
640 1113 730 1172 οὖν
778 1114 962 1193 Πατὴρ
1018 1112 1160 1170 ἕλκει
1204 1115 1291 1171 καὶ
1320 1116 1576 1195 προσάγει
1606 1120 1684 1190 τῷ
1728 1119 1858 1191 mp,
1904 1119 1933 1173 6
1959 1114 2013 1171 δὲ

2118 1111 2302 1173 ητδιιίι.
2332 1110 2515 1191 Igitur
2546 1116 2724 1175 l'ater
2744 1114 2983 1195 quidem
3008 1115 3187 1178 trahit
3215 1105 3272 1177 et
3301 1115 3541 1177 adducit
3565 1116 3636 1177 ad
3659 1113 3753 1176 Fi-

354 1206 475 1270 Υἱὸς
506 1205 712 1280 ἀνιστᾷ,
759 1205 847 1260 καὶ
874 1212 1151 1283 ζωοποιεῖ,
1184 1206 1271 1261 καὶ
1298 1204 1397 1273 τὴν
1436 1207 1492 1262 ἓν
1535 1205 1760 1284 ἀγαθοῖς
1804 1207 1997 1285 πνοὴν,

2118 1202 2259 1275 ium,
2296 1202 2483 1265 Filius
2507 1211 2701 1265 autem
2736 1206 3053 1267 resuscitat
3084 1215 3142 1267 et
3173 1206 3445 1279 vivificat‘,
3482 1206 3543 1266 in
3575 1204 3749 1267 bonis

352 1298 452 1353 καὶ
490 1296 656 1375 ζωηθ,
716 1294 752 1364 ἧ
810 1294 925 1351 ἐστι
954 1296 1017 1351 τὸ
1049 1301 1263 1372 Πνεῦμα
1290 1297 1352 1352 τὸ
1402 1294 1576 1375 ἃγιον,
1623 1296 1999 1377 χαριζόμενος.

2127 1292 2264 1353 itam
2317 1301 2373 1353 et
2418 1292 2836 1373 spirationem,
2875 1296 2986 1357 hoc
3031 1304 3117 1357 est
3166 1296 3447 1376 Spiritum
3481 1302 3749 1357 sanctum

360 1377 422 1444 ’Π
453 1386 575 1467 ἁγία
618 1386 707 1442 οὗν
738 1386 898 1466 Τριὰς
968 1390 1238 1464 εὐεργετεῖ
1306 1385 1429 1451 τοὺς
1481 1387 1854 1460 πιστεύοντας,
1914 1386 2002 1441 καὶ

2118 1379 2380 1445 ribuens.
2422 1386 2627 1464 Itaque
2680 1394 2884 1447 sancta
2934 1385 3194 1448 Trinitas
3225 1386 3519 1449 henefacit
3549 1386 3621 1446 iis
3650 1377 3749 1466 qui

357 1479 419 1534 οῦ
465 1477 607 1556 παρὰ
681 1476 837 1556 μέρος
894 1477 923 1532 6
993 1476 1171 1554 Πατὴρ
1228 1474 1415 1550 μόνος,
1486 1476 1521 1544 ἢ
1552 1478 1580 1532 6
1631 1478 1749 1540 ι’ίὸς
1814 1490 1997 1550 μῦθος·

2118 1471 2371 1573 :redunt,
2408 1482 2466 1534 et
2498 1492 2615 1534 non
2642 1471 2814 1536 Pater
2839 1475 3023 1556 solus,
3057 1477 3150 1538 vel
3196 1475 3382 1539 Filius
3431 1476 3614 1554 solus,
3646 1476 3750 1538 sed

356 1565 477 1624 ἀλλ’
547 1568 727 1636 ὥσπερ
783 1567 879 1642 μία
939 1566 1113 1647 φύσις,
1187 1564 1328 1622 οὕτω
1370 1565 1458 1621 καὶ
1488 1567 1521 1633 ἡ
1566 1569 1665 1635 τῆς
1715 1567 2013 1646 εὐεργεσίας

2118 1561 2257 1624 sicut
2283 1581 2398 1623 una
2443 1578 2679 1644 natura,
2715 1566 2793 1626 ita
2824 1584 2943 1627 una
2992 1568 3258 1645 operatio
3318 1565 3754 1637 beneﬁcentiae,

359 1657 593 1735 ἐνέργεια
652 1657 770 1731 μία,
830 1662 923 1713 τοῦ
982 1656 1186 1734 Πατρὸς
1245 1654 1630 1733 προσάγοντος,
1724 1664 1818 1715 τοῦ
1898 1659 2019 1712 Υἱοῦ

2118 1652 2297 1715 Patris
2328 1653 2705 1731 adducentis,
2738 1648 3268 1731 Filii'viviticantis,
3292 1655 3548 1737 Spiritus
3571 1654 3761 1717 sancti

2099 752 2251 815 sicut
2282 772 2523 833 magnes
2552 774 2670 817 non
2704 754 2906 816 omnia
2927 755 3000 817 ad
3033 775 3164 838 qua
3221 757 3466 838 propius
3486 757 3749 838 applica~

2098 850 2217 923 tur,
2242 843 2345 905 sed
2380 844 2572 905 solum
2596 845 2818 907 ferrum
2850 846 3117 923 attrahit;
3153 846 3231 909 ita
3261 855 3320 910 et
3349 846 3505 910 Deus
3525 846 3596 908 ad
3628 864 3751 906 om-

2100 950 2206 992 nes
2237 932 2473 1013 quidem
2497 934 2861 1015 appropriat,
2898 954 3000 997 eos
3047 946 3243 999 autem
3268 937 3370 1018 qui
3401 936 3587 1015 magis
3616 936 3752 997 ido-

360 1747 769 1819 ζωόποιοῦντος,
830 1751 923 1802 τοῦ
992 1744 1142 1824 ἁγίου
1198 1743 1506 1818 Πνεύματος
1558 1743 1671 1801 ἀντὶ
1714 1746 1882 1813 πνοῆς
1926 1770 2019 1825 γι·-

361 1836 580 1913 νομένου
636 1845 756 1902 τοῦς
827 1833 1299 1910 ζωοποιουμένοις,
1349 1839 1459 1899 Πᾶς
1534 1835 1635 1913 γὰρ
1688 1837 1715 1893 6
1759 1838 1887 1910 ζῶν,
1934 1838 2022 1893 καὶ

358 1927 526 1995 πνοὴν
595 1926 736 2007 ἔχει.
774 1915 923 2003 uOps:
951 1923 1005 1981 δὲ
1034 1929 1133 1993 τὴν
1164 1923 1431 1983 αὒθεντίαν
1458 1926 1554 1982 τοῦ
1587 1926 1735 2007 Tian
1771 1948 1800 1981 ιι
1852 1924 2018 2006 Ἐγώ,

360 2019 545 2099 φησὶν,
577 2005 886 2087 ἀναστήσω.
950 2038 973 2071 ιι
1050 2019 1160 2074 Οὔκ
1214 2014 1338 2072 εἷπε
1382 2014 1506 2093 γὰρ,
1567 2014 1671 2091 ὅτι,
1722 2005 1781 2075 Ὀ
1839 2005 2022 2095 Πατήρ

364 2129 467 2183 μου
536 2106 848 2177 ἀναστήσει,
881 2101 1031 2175 ἀλλ’,
1073 2127 1094 2161 ι
1134 2102 1299 2181 Ἐγὼ.
1341 2125 1364 2159 ι
1397 2105 1473 2163 Οὒ
1499 2105 1600 2184 γὰρ
1647 2104 1715 2163 δι’
1765 2104 1892 2165 ὃλου
1920 2129 2021 2162 τα-

364 2202 558 2262 πεινῶς
617 2194 920 2277 φθέγγεται,
989 2192 1113 2252 ἀλλ’
1198 2192 1340 2251 ἔστιν
1393 2193 1453 2251 οὗ
1500 2196 1591 2252 καὶ
1632 2197 1695 2253 τὸ
1752 2197 1887 2273 ὕψος
1919 2198 2018 2263 τῆς

367 2288 560 2352 οἰκείας
590 2284 906 2342 ἑκκαλύπτει
936 2282 1213 2352 θεότητος,

453 2401 483 2435 α
518 2376 691 2435 ’Ἔστι
736 2374 1103 2455 γεγραμμένον
1125 2377 1183 2432 ἓν
1208 2376 1333 2439 τοῖς
1374 2377 1699 2458 προφήταις⁶
1738 2378 1836 2435 Καὶ
1865 2376 2021 2434 ἔσον-

367 2492 454 2527 ται
510 2467 705 2526 πάντες
761 2462 990 2522 διδακτοὶ
1046 2467 1137 2521 τοῦ
1192 2472 1347 2524 Θεοῦ.
1409 2472 1520 2530 Πᾶς
1578 2465 1667 2522 οὖν
1727 2467 1755 2521 6
1812 2466 2020 2524 ἀκούων

368 2559 511 2640 παρά
557 2564 651 2615 τοῦ
678 2556 882 2635 Πατρὸς
930 2554 1018 2611 καὶ
1060 2555 1267 2630 μαθὼν,
1327 2553 1545 2636 ἔρχεται
1598 2557 1730 2632 πρὸς
1774 2555 1865 2631 μέ·
1925 2556 2030 2636 οὔχ

370 2650 452 2708 ὅτι
522 2648 613 2705 τὸν
686 2644 894 2721 Πατέρα
922 2666 1003 2709 τις
1034 2644 1291 2725 ἑώρακεν,
1325 2647 1370 2702 εἰ
1401 2645 1480 2720 μὴ
1529 2647 1558 2701 6
1609 2644 1684 2701 ὤν
1740 2646 1884 2725 παρά
1937 2648 2032 2703 τοῦ

373 2746 528 2811 Θεοῦ,
590 2740 742 2801 οὗτος
793 2734 996 2814 ἑώρακε
1048 2735 1139 2791 τὸν
1186 2733 1418 2806 Πατέρα.
1468 2732 1667 2811 Ἀμὴν,
1699 2734 1844 2811 ἀμὴν
1888 2734 2032 2815 λέγω

376 2833 526 2907 δμτν,
563 2830 591 2885 6
619 2826 911 2907 nicudwv_
930 2825 1003 2888 εἷς
1034 2823 1154 2899 ἐμὲ,
1187 2823 1307 2905 ἔχει
1333 2825 1478 2896 ζωὴν
1510 2824 1745 2887 αἰώνιον.
1798 2849 1823 2884 ο
1863 2826 2032 2884 Εἶπεν

374 2902 648 2995 ἀνωτέρω,
693 2912 773 2971 ὅτι
808 2935 836 2968 α
874 2902 983 2970 υ(ἓν
1012 2911 1074 2971 ἄν
1105 2902 1300 2989 ἑλκύσῃ
1333 2915 1361 2970 6
1385 2914 1591 2992 Πατὴρ,
1624 2913 1832 2979 ἐκεῖνος
1878 2913 2035 2994 ἔρχεο

374 3030 462 3066 ται
534 3007 666 3084 πρὸς
725 3001 813 3080 ps"
853 3024 881 3058 ι
915 2999 1081 3058 θέλων
1140 2998 1195 3057 δὲ
1273 3002 1430 3060 τοῦτο
1483 3004 1894 3076 κατασκευάσαι,
1946 3000 2032 3059 ἐπὶ

2106 1742 2207 1821 qui
2242 1743 2304 1803 ﬁt
2354 1741 2428 1803 iis
2487 1744 2587 1823 qui
2623 1744 3016 1826 viviﬁcantur,
3044 1764 3149 1827 pro
3180 1745 3526 1827 spiratione.
3554 1745 3764 1809 Omnis

2108 1833 2264 1895 enim
2300 1832 2399 1911 qui
2420 1834 2583 1915 vivit,
2615 1836 2794 1898 etiam
2829 1837 3215 1917 spirationem
3244 1834 3441 1898 habet.
3472 1835 3620 1897 Vide
3650 1853 3766 1898 auo

2106 1931 2223 1985 tem
2254 1923 2659 1984 auctoritatem
2688 1925 2821 1987 Filii
2852 1945 2867 1989 :
2908 1951 2931 1982 ιι
2972 1925 3114 2006 Ego,
3150 1925 3365 2006 inquit,
3396 1925 3763 1987 suscitabo.»

2107 2015 2238 2076 Non
2283 2011 2427 2074 dixit
2458 2013 2642 2090 enim,
2666 2013 2841 2077 Pater
2870 2034 3040 2078 meus
3064 2014 3760 2093 suscitabit;sed,¢Ego.o

2107 2104 2238 2165 Non
2272 2103 2430 2165 enim
2464 2121 2572 2184 per
2609 2104 2811 2167 omnia
2840 2106 3088 2169 humilia
3120 2106 3404 2189 loquitur,
3456 2104 3560 2167 sed
3613 2123 3767 2166 non-

2108 2212 2411 2275 nunquam
2442 2193 2718 2257 sublimia
2748 2214 2870 2258 sum
2899 2196 3137 2261 deitatis
3167 2196 3408 2273 detegit.

2187 2378 2369 2441 Vens.
2404 2381 2503 2443 45.
2546 2403 2572 2435 α
2607 2377 2709 2441 Est
2739 2379 3024 2460 scriptum
3058 2379 3119 2441 in
3148 2378 3476 2460 prophetis.
3501 2377 3571 2440 Et
3586 2385 3764 2440 erunt

2108 2482 2316 2529 omnes
2348 2467 2508 2530 docti
2537 2486 2572 2530 a
2600 2466 2748 2532 Deo.
2769 2469 2978 2530 Omnis
2998 2486 3139 2545 ergo
3170 2468 3272 2549 qui
3311 2468 3478 2530 audit
3507 2486 3541 2529 a
3565 2465 3762 2540 Patre,

2114 2562 2172 2617 et
2204 2554 2430 2630 didicit,
2465 2557 2623 2619 venit
2649 2559 2723 2618 ad
2758 2577 2893 2621 me:
2926 2576 3045 2619 non
3098 2559 3251 2639 quod
3291 2555 3523 2618 Patrem
3556 2554 3771 2617 viderit

2114 2645 2451 2727 quisquam,
2510 2646 2623 2708 nisi
2676 2649 2778 2729 qui
2834 2655 2924 2708 est
2964 2666 2998 2708 a
3025 2650 3150 2711 Deo
3200 2648 3294 2708 hic
3323 2646 3469 2708 vidit
3509 2645 3765 2707 Patrem.

2113 2735 2331 2807 Amen,
2367 2754 2540 2799 amen
2571 2736 2706 2798 dico
2727 2736 2894 2798 vobis
2929 2754 2943 2799 :
2978 2736 3080 2817 qui
3110 2735 3356 2798 conﬁdit
3391 2734 3563 2809 mihi,
3588 2732 3772 2796 habet

2118 2828 2289 2888 vitam
2319 2826 2835 2888 aeternam.»Dixit
2864 2827 3143 2908 superius
3173 2826 3428 2907 quodds
3458 2843 3632 2905 quem
3658 2822 3767 2885 Pa-

2118 2926 2209 2978 ter
2231 2916 2580 2993 traxerit,ad
2603 2936 2696 2980 me
2716 2917 2938 2981 veniet.
2957 2917 3209 2979 nVolens
3239 2924 3434 2978 autem
3462 2915 3571 2976 hoc
3593 2913 3770 2974 doce-

2116 3026 2181 3068 re
2215 3015 2276 3068 et
2304 3009 2681 3082 confirmare,
2716 3008 2775 3068 in
2831 3008 3121 3088 propheta
3174 3006 3355 3069 refert
3398 3022 3765 3076 sermonem,

370 3098 493 3160 τοὺς
551 3082 827 3176 προφήτας
886 3089 1131 3170 ἀναφέρει
1188 3092 1278 3147 τὸν
1349 3090 1532 3170 λόγον.
1604 3115 1631 3147 ι
1684 3082 1850 3150 ’Ἐστι
1905 3094 2025 3171 γὰρ,

2124 3094 2260 3158 «Est
2280 3082 2973 3177 enim,inquit,scriptum
2998 3098 3054 3158 in
3087 3094 3608 3176 prophetis,Erunt
3627 3091 3768 3153 593

373 3188 524 3268 φησὶ,
575 3181 943 3264 γεγραμμένον
973 3180 1027 3237 έν
1069 3192 1189 3246 τοῖς
1220 3182 1543 3262 προφήταις,
1599 3183 1705 3257 ὃτι,
1758 3179 2027 3240 ’Ἔσονται

362 3276 568 3342 ,πάντες
622 3272 855 3331 διδακτοὶ
911 3278 1062 3328 Θεοῦ·
1125 3294 1146 3327 ι
1236 3271 1431 3336 πάντες
1490 3270 1545 3327 δὲ
1611 3274 1659 3329 οἱ
1714 3271 2028 3349 βουλόμενοι

374 3366 645 3434 δηλονότι.
705 3364 890 3428 Κοινὸς
918 3362 1019 3441 γὰρ
1078 3359 1391 3426 διδάσκαλος
1423 3364 1451 3418 6
1494 3362 1701 3442 Πατὴρ,
1758 3360 1825 3418 δι’
1887 3361 2025 3419 ἀπο-

371 3455 652 3533 καλύψεως
709 3452 975 3533 γνωρίζων
1052 3452 1175 3515 τοῖς
1242 3451 1404 3519 ἀξίοις
1458 3454 1549 3508 τὸν
1639 3454 1760 3509 Γὶὸν
1845 3454 2024 3515 αὑτοῦ.

368 3542 707 3622 Ἀπτόμενος
738 3544 837 3622 γὰρ
864 3547 972 3599 τῶν
1017 3539 1243 3622 καρδιῶν
1296 3549 1403 3599 τῶν
1452 3540 1653 3600 ἀδόλων
1708 3544 1796 3600 καὶ
1852 3544 2024 3602 ἀπαν-

2114 3204 2322 3247 omnes
2341 3185 2499 3248 docti
2532 3204 2566 3247 a
2599 3188 2742 3260 Deo,
2785 3212 2808 3242 »
2844 3204 3056 3248 omnes
3085 3192 3310 3261 autem,
3344 3186 3440 3265 qui
3474 3182 3769 3243 voluerint

2112 3273 2763 3339 videlicet.Communis
2794 3274 2953 3337 enim
2987 3275 3193 3336 doctor
3224 3277 3401 3337 Pater
3422 3290 3530 3353 per
3547 3273 3769 3333 revela-

2115 3365 2334 3427 tionem
2388 3373 2593 3427 notum
2639 3364 2778 3427 facit
2806 3364 2998 3444 dignis
3053 3364 3263 3427 Filium
3296 3381 3467 3425 suum
3499 3361 3775 3438 Tangens

2113 3455 2275 3518 enim
2307 3456 2487 3517 corda
2519 3454 2976 3536 simpliciumet
3008 3454 3144 3516 dolo
3178 3452 3509 3516 carentium
3541 3451 3772 3515 revelat

2114 3544 2259 3624 ipsis
2288 3543 2685 3613 Filium,sicut
2701 3553 2759 3605 et
2788 3544 2960 3605 Petro
2977 3544 3460 3624 revelavitipsum
3484 3543 3564 3602 ιε.
3591 3541 3773 3621 Igitur

379 3637 607 3715 ούργων,
663 3631 1027 3691 ἀποκαλύπτει
1118 3636 1301 3696 αὐτοῖς
1358 3634 1449 3715 τὸν
1524 3634 1665 3714 Υίὸν,
1717 3632 1895 3715 ὥσπερ
1944 3641 2029 3697 καὶ

2124 3644 2149 3693 α
2175 3634 2287 3708 Qui
2318 3633 2481 3695 audit
2511 3653 2542 3695 a
2577 3638 2765 3709 Patrc,
2805 3659 2824 3687 ι
2854 3635 2967 3695 hoc
3003 3644 3108 3695 est.
3159 3633 3257 3711 qui
3308 3631 3494 3694 Patris
3551 3633 3773 3695 revela-

377 3713 455 3802 τῷ
487 3713 692 3804 -Πέτρῳ
751 3720 1088 3796 ἀπεκάλυψεν
1133 3721 1312 3785 αὐτόν.
1350 3741 1381 3782 ι
1416 3713 1474 3781 Ὀ
1506 3713 1715 3779 ἀκούων
1773 3713 2029 3803 οὗν-παρὰ

2118 3726 2346 3787 tionem
2379 3724 2617 3805 accipit,
2651 3732 2710 3785 et
2737 3723 3066 3803 discipulus
3116 3723 3273 3786 illius
3303 3742 3443 3784 vert-
3486 3722 3769 3798 efficitur,

376 3823 469 3876 τοῦ
513 3815 743 3891 Πατρὸς,
784 3833 807 3869 ε
868 3811 1160 3876 τουτέστιν,
1223 3814 1250 3869 6
1302 3812 1403 3883 τὴν
1445 3822 1539 3872 τοῦ
1568 3814 1775 3891 Πατρὸς
1814 3812 2028 3870 ἀποκά-

2128 3842 2153 3871 ‹‹
2191 3816 2289 3877 hic
2318 3815 2477 3876 venit
2503 3815 2575 3876 ad
2605 3832 2759 3876 me.»
2788 3814 2938 3876 Vide
2969 3822 3162 3876 autem
3199 3812 3496 3895 quomodo
3518 3831 3652 3874 cum
3688 3810 3774 3873 di-

376 3906 534 3984 λυψιν
590 3902 909 3984 δεχόμενος,
968 3901 1056 3958 καὶ
1124 3903 1370 3977 μαθητὴς
1400 3900 1599 3985 ἑκείνου
1623 3902 1831 3972 ἀληθὴς
1875 3903 2029 3981 γινὸ-

2121 3905 2366 3984 ligentia
2392 3903 2655 3985 loquitur
2682 3902 3040 3967 omnia.Non
3075 3902 3233 3965 enim
3266 3902 3434 3975 dixit,
3470 3900 3578 3974 Qui
3611 3899 3778 3963 audit

380 3982 565 4076 μενος,
601 4017 627 4052 α
653 3982 809 4056 οὗτος
840 3990 1057 4073 ἔρχεται
1103 3994 1239 4071 πρὸς
1271 3992 1359 4069 μέ.
1398 4016 1428 4065 ε
1479 3982 1625 4073 ’Ὅρα
1655 3991 1732 4069 δὲ,
1766 3999 1882 4059 πῶς
1913 3994 2029 4076 μετ’

2118 3982 2380 4071 αΡειιοθ,
2411 3982 2511 4057 ille
2546 3994 2707 4057 venit.
2735 3995 2807 4056 ad
2844 4012 2940 4057 me
2967 4015 2982 4056 :
3007 3994 3111 4055 sed
3137 3992 3384 4066 addidit,
3428 4000 3513 4052 aet
3542 3989 3775 4052 didice-

378 4075 642 4167 ἀκριϐείας
694 4084 905 4142 ἅπαντα
946 4082 1257 4163 φθέγγεται.
1291 4085 1365 4142 Οὒ
1420 4084 1520 4163 γὰρ
1578 4083 1761 4164 εἶπεν,
1813 4083 1919 4163 ὅτι,
1974 4075 2029 4141 ’0

2123 4085 2259 4146 rit.n
2291 4084 2419 4147 Non
2451 4084 2610 4148 enim
2646 4084 2865 4146 sufﬁcit
2893 4084 3124 4149 audire.
3160 4082 3263 4145 sed
3295 4085 3538 4163 oportet
3564 4080 3777 4142 adesse

379 4177 584 4235 ἀκούων
626 4175 769 4252 παρὰ
795 4180 888 4231 τοῦ
919 4176 1146 4251 Πατρὸς,
1196 4173 1405 4238 ἐκεῖνος
1466 4171 1683 4253 ἔρχεται
1742 4176 1870 4253 πρὸς
1943 4173 2031 4249 μὲ,

380 4265 518 4324 ἀλλὰ
599 4263 894 4342 προσέθηκε
938 4264 1023 4343 τὸ,
1094 4286 1118 4319 ιι
1154 4265 1244 4321 καὶ
1287 4264 1492 4339 μαθὼν,
1547 4285 1570 4321 ι
1609 4266 1683 4323 Οὐ
1722 4265 1823 4345 γὰρ
1881 4263 2037 4343 ἀρκεῖ

383 4358 443 4414 τὸ
498 4355 742 4427 ἀκοῦσαι,
800 4350 937 4409 ἀλλά
1016 4351 1101 4408 δεῖ
1174 4367 1453 4431 προσεῖναι
1552 4356 1641 4410 καὶ
1704 4358 1918 4428 μαθεῖν.
1978 4356 2036 4411 Τί

2122 4185 2179 4238 et
2202 4175 2454 4239 discere.
2483 4173 2636 4246 Quid
2672 4173 2878 4253 igitur?
2900 4173 3164 4255 nunquid
3188 4172 3249 4235 in
3277 4170 3473 4234 Veteri
3506 4188 3621 4231 non
3648 4169 3776 4231 fue-

2121 4279 2261 4327 runt
2286 4265 2443 4327 docti
2479 4285 2511 4327 a
2544 4263 2967 4326 Deo?Fuerunt
2996 4261 3374 4344 quidem.sed
3409 4279 3524 4322 non
3557 4257 3779 4321 sic.Hic

2121 4356 2278 4417 enim
2296 4353 2646 4417 excellentia
2659 4350 2840 4423 est.in
2858 4344 3775 4423 Novo.dico,Testamento.Nam

382 4445 507 4525 06v;
571 4445 682 4525 Πρδ
727 4419 917 4500 ἰτούτου
978 4441 1030 4499 ἐν
1101 4449 1170 4519 τῇ
1217 4419 1428 4515 Παλαιᾷ
1489 4445 1584 4501 οῦκ
1627 4419 1765 4512 ἦσαν
1806 4442 2029 4500 διδακτοῖ

2128 4455 2267 4507 tunc
2297 4443 2536 4525 quidem
2570 4419 2848 4504 dicebant
2892 4460 2998 4522 per
3024 4419 3296 4502 homines
3324 4437 3399 4500 de
3434 4438 3579 4525 Deo.
3606 4436 3778 4497 Nunc

384 4494 466 4505 --.
571 4494 614 4501 _
654 4494 675 4500 ν
747 4494 912 4500 --ηπ
979 4494 1025 4499 η
1112 4494 1170 4511 -,
1217 4494 1426 4515 -ηηψτ
1494 4494 1584 4501 ν---
1634 4494 1758 4512 ..-_-
1812 4494 2037 4500 mm---

384 4494 516 4593 Θεοῦ
548 4554 565 4615 ς
618 4494 819 4590 ΓἮσαν
877 4532 997 4609 μὲν,
1046 4494 1168 4589 ἀλλ’
1200 4536 1304 4613 οὐχ
1338 4532 1527 4597 οὕτως.
1563 4532 1822 4592 Ἐνταῦθα
1850 4533 1950 4612 γὰρ
1979 4535 2040 4589 τὸ

384 4622 644 4704 ἒξαίρετόν
673 4621 841 4697 ἔστιν,
875 4622 928 4679 ἐν
957 4628 1025 4699 τῇ
1085 4623 1285 4699 Καινῇ,
1337 4620 1500 4704 λέγω,
1576 4624 1839 4700 Διαθήκῃ.
1909 4624 2039 4681 Τότε

385 4714 483 4789 μὲν
538 4714 639 4793 γὰρ
706 4709 777 4768 δι’
825 4711 1113 4791 ἀνθρώπων
1158 4710 1353 4787 ἔμαθον
1393 4712 1460 4768 τὰ
1489 4714 1609 4791 περὶ
1642 4718 1795 4769 Θεοῦ·
1843 4721 1931 4772 νῦν
1985 4710 2040 4767 δὲ

383 4810 475 4861 τοῦ
520 4808 856 4881 Μονογενοῦς
907 4801 1286 4879 σαρκωθέντος,
1351 4799 1478 4875 παρ’
1538 4801 1698 4858 αὐτοῦ
1771 4810 1867 4859 τοῦ
1924 4808 2039 4857 Πα-

386 4892 506 4957 τρὸς
561 4891 614 4948 ὲν
673 4890 835 4970 ἁγίῳ⁴
894 4890 1158 4965 Πνεύματι
1240 4891 1274 4958 ἡ
1361 4890 1558 4969 γνῶσις
1611 4891 1833 4969 γίνεται⁶
1905 4890 2043 4947 ὥστε

382 4980 713 5059 πληροῦσθαι
781 4982 843 5036 τὸ
901 4980 1255 5059 προφητικόν·
1337 5003 1366 5035 α
1422 4978 1512 5038 Ἐν
1566 4985 1645 5055 τῷ
1687 4993 1831 5060 φωτϊ
1884 5002 1976 5037 σου
2012 5003 2034 5037 ν

381 5072 503 5148 (τοῦ
566 5070 830 5150 Πατρὸς),
887 5069 1147 5143 τουτέστι,
1234 5076 1312 5144 τιι)
1384 5071 1676 5151 Πνεύματι,
1716 5091 1737 5125 ε
1803 5070 2041 5145 ὀψόμεθα

385 5162 523 5243 φῶς,
597 5183 622 5215 η
685 5160 713 5216 ὃ
766 5158 908 5215 ἐστιν
963 5161 992 5215 6
1064 5160 1206 5224 Υἱὸς.
1244 5160 1467 5224 Εἰκότπς
1498 5159 1600 5233 ἄρα
1630 5161 1719 5216 νῦν
1767 5159 1926 5235 ἐσμεν
1955 5158 2039 5214 δι-

383 5248 563 5308 δακτοὶ
617 5255 749 5306 Θεοῦ
805 5249 1027 5321 πάντες,
1067 5252 1114 5306 οἱ
1144 5250 1241 5318 τὴν
1268 5250 1612 5329 εἷςῖΧριστὸν
1655 5246 2038 5325 ὒποδεξάμενοι

385 5339 582 5399 πίστιν.
643 5335 794 5397 Ἐπεὶ
837 5336 891 5395 δὲ
923 5343 1100 5413 εἶπεν,
1133 5337 1213 5396 ὅτι
1265 5362 1292 5393 α
1355 5328 1412 5396 Ὀ
1440 5328 1667 5396 ἀκούων
1737 5340 1879 5418 παρὰ
1946 5349 2036 5398 τοῦ

386 5431 615 5508 Πατρὸς,
648 5427 853 5494 ἐκεῖνος
917 5429 1135 5510 ἔρχεται
1178 5430 1309 5509 πρὸς
1341 5432 1431 5504 μὲ,
1466 5447 1497 5488 ι
1529 5426 1623 5485 ἵνα
1649 5429 1727 5505 μή
1767 5450 1849 5492 τις
1899 5430 2034 5486 ὑπο-

386 5518 554 5597 λάϐῃ,
604 5518 687 5577 ὅτι
745 5519 865 5599 περὶ
934 5521 1185 5588 αἰσθητοῦ
1240 5520 1438 5600 πατρὸς
1486 5517 1657 5599 λέγει,
1718 5520 1897 5600 φησίν·
1961 5522 2034 5579 Οῦ

396 5668 425 5755 ς
469 5676 525 5757 Ψ
551 5680 755 5745 Matth.
789 5680 1041 5769 va,21.
1130 5677 1185 5725 υ
1211 5679 1368 5744 Psal.
1402 5695 1586 5756 xxxv,
1616 5679 1720 5745 40.

2126 4523 2657 4610 ευιεῐηύηἰεοηίιο
2686 4528 3100 4601 incarnato,ab
3127 4527 3256 4608 ipso
3288 4525 3459 4587 Patre
3491 4523 3551 4586 in
3568 4528 3777 4587 sancto

2126 4621 2347 4703 Spiritu
2381 4620 2631 4683 scientia
2656 4620 2744 4692 fit,
2781 4629 2846 4682 ut
2877 4620 2955 4680 ita
3003 4618 3322 4697 impleatur
3365 4612 3776 4695 propheticum

2126 4711 2348 4774 dictum
2385 4732 2399 4769 :
2445 4733 2467 4765 «ι
2507 4712 2569 4773 1η
2596 4709 2819 4770 lumine
2844 4715 2942 4769 tuo
2972 4738 2996 4768 υ
3029 4703 3673 4785 (Patris.scilicet),hoc
3690 4714 3782 4765 est

2129 4800 2375 4881 Spiritu,
2414 4826 2439 4856 α
2473 4798 2809 4862 videbimus
2860 4798 3061 4859 lumen
3080 4794 3197 4869 ιιι»
3238 4793 3392 4875 quod
3452 4802 3543 4854 est
3573 4790 3774 4854 Filius.

2130 4892 2331 4953 Merito
2364 4911 2522 4953 nunc
2555 4907 2766 4950 omnes
2788 4887 2949 4949 docti
2986 4903 3192 4947 sumus
3222 4904 3255 4945 a
3283 4883 3426 4956 Deo,
3459 4881 3557 4963 qui
3600 4881 3778 4942 fidem

2128 4982 2188 5043 in
2215 4981 2516 5044 Christum
2548 4977 2950 5058 suscepimus.
2985 4974 3131 5047 Quia
3161 4982 3357 5035 autem
3402 4971 3570 5042 dixit,
3610 4994 3638 5026 α
3667 4969 3777 5043 Qui

2126 5070 2290 5132 audit
2317 5090 2351 5132 a
2381 5074 2574 5150 Patre,
2603 5068 2704 5130 ille
2726 5066 2889 5129 venit
2911 5064 2987 5127 ad
3018 5082 3136 5138 me,
3175 5088 3197 5119 ο
3228 5071 3292 5124 ιιι
3322 5081 3396 5123 ne
3417 5061 3548 5141 quis
3577 5058 3777 5150 suspi-

2126 5169 2293 5222 cetur
2338 5160 2491 5242 quod
2547 5146 2620 5219 de
2680 5155 2904 5219 carnali
2956 5162 3119 5234 patre
3165 5152 3343 5223 dicat,
3363 5151 3609 5242 inquit:
3648 5146 3777 5242 Non

2125 5250 2239 5312 hoc
2270 5238 2428 5325 dico,
2452 5248 2609 5331 quod
2648 5247 2841 5309 videat
2871 5246 3005 5326 quis
3029 5247 3281 5313 Patrem,
3316 5238 3776 5331 nisidlt‘tliuquui

2122 5357 2257 5401 vere
2291 5358 2362 5400 ex
2391 5321 2492 5401 illo
2524 5347 2635 5411 est,
2660 5346 2722 5401 et
2747 5321 2916 5397 natus
2948 5353 3014 5395 ex
3043 5331 3376 5394 substantia
3403 5328 3583 5389 illius.
3622 5321 3770 5389 Nam

2118 5446 2328 5490 omnes
2394 5427 2634 5510 quidem
2710 5444 2778 5488 ex
2850 5427 2967 5485 Deo
3040 5440 3297 5495 sumus,
3349 5420 3450 5481 sed
3532 5415 3776 5497 proprie

2117 5517 2327 5600 Filius,
2361 5536 2516 5581 unus
2547 5525 2659 5588 est,
2693 5515 2795 5597 qui
2828 5523 2886 5577 et
2920 5516 3154 5577 Patrem
3180 5511 3362 5573 novit.
