4178 6412
430 332 581 402 1307

1395 336 1992 405 THEOPHYLACTI
2038 332 2449 401 BULGARIE
2493 338 2849 403 ARCHIEP.

3670 333 3831 401 l808

435 479 585 530 τουτο
614 473 780 554 λέγω,
813 475 893 533 ὄτι
924 476 1107 553 βλέπει
1139 499 1219 540 τις
1251 480 1340 532 τὸν
1373 474 1605 555 Πατέρα,
1654 474 1696 530 εἰ
1732 473 1810 548 μῆ
1844 474 1871 528 6
1918 476 2062 544 Υἱὸς,
2098 470 2314 539 ἀληθῶς
2348 472 2401 539 ἐξ
2457 475 2615 532 αὑτοῦ
2642 475 2739 555 ὢν,
2773 476 2863 531 καὶ
2894 478 3166 554 γεννηθεὶς
3198 476 3258 532 ὲκ
3285 478 3385 543 τῆς
3434 475 3611 537 οὐσίας
3642 475 3827 537 αὑτοῦ,

433 564 633 630 Πάντες
664 566 762 643 γὰρ
793 565 853 623 ἐκ
883 575 1014 627 Θεοῦ
1044 567 1228 645 ἔσμεν,
1260 565 1397 623 ἄλλα
1422 566 1611 642 κυρίως
1640 567 1666 621 6
1699 565 1819 628 Υἱὸς
1854 562 1938 625 εἷς
1970 561 2131 635 ἐστιι,
2165 563 2220 628 ὃς
2250 564 2338 619 καὶ
2369 562 2483 621 οἶδε
2514 567 2604 622 τὸν
2630 565 2863 643 Πατέρα,

508 650 906 718 VERS.48-52.
923 656 1081 735 uEgo
1103 675 1231 717 sum
1256 674 1421 735 panis
1444 654 1543 716 ille
1560 651 1922 717 vitaePatrcs
1938 670 2073 713 ves-
2098 662 2136 712 Α

431 743 500 803 tri
525 743 917 806 comederunt
941 763 1158 807 manna
1189 744 1246 805 in
1272 763 1498 818 eremo,
1542 752 1603 805 et
1656 740 1873 803 mortui
1918 747 2074 803 sunt.

430 831 536 894 Hic
567 842 652 894 est
679 835 846 914 panis
869 834 970 915 qui
992 835 1067 897 de
1095 835 1242 897 caelo
1270 834 1605 909 descendit,
1631 840 1696 893 ut
1725 832 1860 913 quis
1890 850 1959 892 ex
1982 830 2080 911 ip-

426 939 493 981 so
522 921 677 1002 edat,
710 931 770 984 et
820 943 939 985 non
983 923 1289 987 moriatur.
1343 923 1467 1003 Ego
1522 941 1652 983 sum
1688 920 1855 1000 panis
1888 919 2077 995 vivus,

429 1009 527 1089 qui
554 1010 630 1073 de
660 1012 811 1074 cmlo
833 1013 1143 1077 descendi.
1171 1013 1232 1077 Si
1254 1014 1385 1093 quis
1418 1012 1615 1075 ederit
1663 1028 1733 1072 ex
1767 1010 1880 1071 hoc
1906 1026 2077 1091 pane,

428 1100 584 1163 vivet
613 1103 670 1163 in
700 1110 1009 1165 aeternum.
1045 1103 1114 1166 Et
1144 1104 1313 1183 panis
1343 1121 1519 1184 quem
1573 1120 1680 1179 ego
1734 1099 1915 1173 dabo,
1944 1117 2080 1160 caro

430 1209 562 1252 mea
590 1199 701 1271 est,
740 1212 904 1275 quam
942 1212 1050 1273 ego
1080 1194 1234 1256 dabo
1264 1214 1372 1275 pro
1404 1192 1608 1255 mundi
1640 1190 1808 1251 vita.»
1833 1191 2083 1269 Compa-

428 1288 516 1341 rat
573 1299 705 1342 cum
759 1302 975 1345 manna
1022 1284 1364 1347 alimoniam
1406 1301 1583 1365 quam
1616 1282 1746 1361 ipse
1778 1280 1899 1341 dat.
1934 1278 2078 1340 Nam

431 1393 459 1424 α
494 1368 612 1451 Ego
645 1371 911 1450 quidem,
940 1374 1154 1455 inquit,
1180 1393 1310 1435 sum
1333 1373 1501 1453 panis
1518 1372 1703 1446 vitis;-
1739 1387 1935 1430 verum
1977 1369 2079 1450 qui

431 1484 458 1514 α
493 1461 885 1524 comederunt
911 1482 1148 1545 manna,
1191 1463 1407 1526 mortui
1434 1470 1598 1526 sunt.
1632 1484 1655 1519 ιι
1690 1458 1820 1522 Νοη
1851 1458 2079 1540 absque

426 1568 603 1613 causa
658 1561 854 1616 autem
899 1553 1088 1636 addit,
1128 1580 1154 1611 α
1201 1556 1259 1617 in
1293 1553 1634 1624 solitudine,
1668 1577 1693 1607 ι
1730 1550 1835 1613 sed
1869 1550 2076 1612 volens

426 1650 761 1706 monstrare
789 1646 947 1726 quod
984 1665 1100 1707 non
1132 1646 1300 1708 valde
1335 1644 1436 1707 diu
1469 1644 1669 1705 datum
1728 1642 1837 1703 fuit
1887 1641 2073 1721 patri-

425 1729 536 1791 bus
582 1750 817 1813 manna,
870 1733 972 1797 sed
1022 1742 1248 1797 tantum
1319 1735 1378 1795 in
1453 1731 1799 1813 solitudine,
1848 1738 1907 1791 et
1957 1749 2074 1791 non

423 1820 737 1901 contigerit
766 1824 851 1885 eis
871 1824 931 1885 in
964 1833 1122 1887 terra
1147 1822 1580 1907 promissionis.
1606 1821 1825 1884 Verum
1846 1820 1943 1882 hic
1967 1838 2074 1907 pa—

424 1909 516 1971 nis
548 1930 665 1974 non
706 1920 797 1975 est
828 1914 987 1995 talis,
1016 1915 1123 1977 sed
1152 1906 1461 1997 perpetuo
1492 1912 1738 1985 durans,
1772 1918 1831 1972 et
1855 1910 1935 1972 ita
1962 1906 2074 1972 Ju-

2246 676 2274 707 α
2334 652 2479 733 Ἐγώ
2551 657 2716 730 εἰμιὸ
2761 656 2915 735 ἄρτος
2958 662 3058 723 τῆς
3091 662 3260 729 ζωῆς,
3294 658 3354 714 Οἱ
3387 654 3610 735 πατέρες
3670 655 3822 730 ὑμῶν

2164 744 2359 823 ἔφαγον
2414 746 2476 799 τὸ
2545 745 2714 818 μάννα
2746 746 2800 802 ἐν
2828 752 2895 823 τῇ
2936 747 3143 825 ἐρήμῳ,
3196 747 3284 803 καὶ
3318 744 3601 810 ἀπέθανον,
3653 745 3818 807 Οὗτός

2164 834 2306 890 ἐστιν
2337 836 2364 889 6
2408 834 2561 909 ἄρτος
2593 837 2621 891 6
2650 836 2711 892 lx
2764 839 2858 892 τοῦ
2901 842 3121 913 οὐρανοῦ
3179 834 3534 910 καταϐαίνων,
3589 834 3683 891 ’ίνα
3732 857 3816 897 τις

2166 922 2218 989 ἐξ
2292 923 2450 984 αὒτοῦ
2495 925 2664 1005 φάγῃ,
2738 934 2827 982 καί
2859 926 2936 1002 μὴ
2969 926 3232 1003 ἀποθάνῃ.
3266 925 3413 1001 Ἐγώ
3446 925 3554 999 εἶμι
3587 927 3615 981 6
3662 923 3816 1003 ἄρτος

2168 1016 2195 1069 6
2251 1020 2377 1087 ζῶν,
2440 1016 2468 1071 6
2538 1013 2599 1071 ἐκ
2653 1022 2745 1073 τοῦ
2805 1019 3023 1096 οὖρανοῦ
3069 1014 3329 1079 καταϐάς.
3365 1015 3491 1073 Ἐάν
3533 1037 3615 1078 τις
3670 1014 3818 1095 φάγῃ

2162 1105 2224 1160 ὲκ
2282 1104 2469 1161 τούτου
2523 1116 2613 1164 τοῦ
2653 1104 2832 1185 ἄρτου,
2895 1108 3113 1179 ζήσεται
3159 1108 3232 1168 εἷς
3291 1107 3382 1162 τὸν
3467 1106 3655 1165 αἰῶνα.
3719 1105 3821 1162 Καὶ

2164 1195 2192 1250 6
2246 1193 2401 1263 ἄρτος
2432 1192 2509 1275 δὲ,
2544 1194 2600 1251 ὅν
2630 1196 2738 1274 ἐγὼ
2769 1194 2947 1276 δώσω,
2977 1199 3011 1266 ἡ
3059 1196 3183 1276 σάρξ
3234 1196 3336 1273 μού
3393 1196 3536 1252 ἐστιν
3588 1194 3656 1262 ἣν
3710 1192 3819 1270 ἐγώ

2164 1281 2317 1340 δώσω
2371 1284 2498 1364 ὑπὲρ
2568 1287 2667 1352 τῆς
2726 1294 2819 1344 τοῦ
2877 1288 3083 1361 κόσμου
3111 1292 3278 1358 ζωῆς.
3317 1309 3340 1344 ι
3380 1287 3516 1365 Πρὸς
3543 1286 3605 1342 τὸ
3648 1284 3820 1360 μάννα

2164 1377 2423 1456 συγκρίνει
2481 1379 2577 1446 τῆν
2634 1377 2758 1459 παρ’
2792 1382 2944 1440 αὖιοῦ
2993 1378 3271 1455 διδομένην
3301 1379 3526 1458 τροφήν.
3586 1398 3611 1433 α
3673 1376 3821 1454 Ἐγὼ

2161 1468 2259 1543 μὲν
2307 1468 2431 1546 γὰρ,
2484 1471 2666 1547 φησὶν,
2728 1471 2833 1545 εἷμί
2890 1473 2917 1527 6
2966 1468 3118 1542 ἒίρτος
3168 1474 3265 1536 τῆς
3325 1474 3490 1540 ζωῆς*
3552 1489 3580 1522 ι
3635 1468 3697 1522 τὸ
3759 1464 3818 1521 δὲ

2166 1583 2189 1611 «
2228 1558 2399 1633 μάννα
2427 1558 2474 1615 oi
2504 1560 2759 1636 φαγόντες
2781 1560 3062 1623 ἀπέθανον,
3117 1583 3139 1617 ιι
3169 1564 3284 1638 Οὐχ
3317 1557 3498 1624 ἁπλῶς
3526 1555 3581 1614 δὲ
3612 1555 3817 1637 προσέ-

2156 1650 2286 1712 θηκε
2316 1648 2399 1726 τὸ,
2454 1668 2478 1703 ι
2516 1648 2604 1705 Ἐν
2635 1655 2702 1726 τῆ
2744 1649 2950 1730 ἐρήμῳ,
2990 1674 3013 1706 ι
3050 1649 3184 1705 ἀλλὰ
3246 1646 3569 1727 βουλόμενος
3620 1643 3814 1719 δεῖξαι,

2159 1739 2239 1794 ὃτι
2299 1737 2413 1795 οὖδὲ
2486 1738 2613 1819 ἄχρι
2672 1739 2871 1798 πολλοῦ
2935 1739 3178 1811 διήρκεσε
3258 1747 3377 1805 τοῦς
3448 1738 3678 1818 πατράσι
3750 1738 3816 1792 τὸ

2161 1828 2357 1908 μάννα,
2413 1826 2530 1885 ἀλλ’
2586 1829 2640 1886 ἐν
2711 1836 2780 1906 τῇ
2836 1829 3017 1906 ἒρῆμιμ
3074 1832 3263 1906 μόνον,
3300 1833 3359 1888 οὗ
3404 1826 3709 1896 συνεισῆλθε
3758 1824 3815 1882 δὲ

2160 1918 2345 1983 αὒτοτς
2406 1920 2479 1983 εἷς
2550 1920 2647 1988 τὴν
2688 1918 3010 1999 ἐπαγγελίας
3067 1926 3191 1998 γῆν,
3254 1919 3416 1981 Οὗτος
3446 1916 3501 1973 δὲ
3533 1917 3688 1996 ἄρτος
3755 1915 3817 1973 οὗ

423 1999 533 2062 diei
567 2001 749 2065 multo
782 2002 955 2084 plura
1000 2005 1155 2067 bona
1183 2003 1485 2086 accepturi
1524 2010 1718 2075 erant,
1754 2001 1803 2062 si
1834 1999 2067 2081 quidem

2162 2018 2420 2083 τοιοῦτος,
2481 2008 2619 2065 ἀλλὰ
2678 2008 3011 2089 διαιωνίζων,
3044 2011 3181 2067 ὥστε
3213 2008 3401 2082 πολλῷ
3457 2008 3669 2083 μείζονα
3710 2009 3819 2063 τῶν

421 2090 765 2167 voluissent,
800 2112 977 2173 quam
1006 2106 1210 2176 patres
1230 2097 1344 2157 sui.
1372 2092 1681 2168 Quomodo
1714 2098 1912 2180 autem
1956 2108 2067 2150 non

2160 2099 2403 2177 πατέρων
2473 2100 2642 2157 αεότῶν
2694 2101 2864 2180 ἀγαθὰ
2913 2099 3171 2180 δέξονται,
3246 2099 3363 2178 εἴγε
3439 2097 3817 2175 βουλήσονται.

423 2180 674 2259 majora,
708 2202 840 2264 quae
862 2183 1077 2246 dantur
1106 2204 1139 2246 a
1169 2186 1439 2249 Christo?
1461 2186 1611 2247 Nam
1646 2180 1756 2242 etsi
1778 2178 1911 2261 quis
1932 2197 2067 2256 gus-

2160 2195 2280 2252 Πώς
2345 2188 2400 2245 δὲ
2454 2193 2512 2249 οὒ
2582 2178 2795 2265 μείζονα
2872 2192 2938 2246 τὰ
2994 2178 3165 2269 παρὰ.
3218 2196 3443 2269 Χριστοῦ
3518 2186 3818 2266 διδόμενα;

422 2270 635 2332 taverit
669 2281 944 2353 mortem,
976 2273 1113 2335 vivit
1162 2281 1357 2335 tamen
1391 2279 1634 2356 propter
1672 2288 1838 2351 spem
1872 2286 2074 2330 rcsur-

422 2360 725 2426 rectionis.
753 2362 1061 2425 Manifeste
1090 2372 1287 2426 autem
1308 2362 1477 2425 nobis
1502 2363 1617 2423 hoc
1654 2361 1782 2424 loco
1806 2358 1880 2421 de
1908 2375 2068 2439 mys-

421 2449 536 2511 tica
567 2453 990 2517 communione
1011 2455 1283 2534 corporis
1304 2451 1584 2515 suidicit.
1618 2449 1764 2512 Nam
1803 2472 1825 2503 ι
1864 2450 2066 2523 Panis,

418 2537 672 2620 inquint,
699 2560 876 2623 quem
911 2562 1018 2623 ego
1047 2543 1227 2611 dabo.
1264 2562 1400 2605 caro
1436 2560 1566 2604 mea
1597 2550 1707 2615 est,
1749 2557 1924 2621 quam
1959 2557 2068 2619 ego

418 2629 571 2691 dabo
596 2649 702 2712 pro
729 2633 936 2695 mundi
967 2633 1102 2695 vita.
1139 2655 1169 2695 ι
1198 2633 1378 2695 Porro
1406 2638 1754 2715 potestatem
1778 2648 1943 2691 suam
1970 2630 2066 2690 in-

420 2719 814 2803 dicans,quod
848 2742 971 2785 non
989 2731 1055 2788 ut
1085 2742 1289 2786 servus
1320 2732 1378 2785 et
1409 2722 1607 2784 minor
1639 2724 1811 2782 Patre
1841 2719 2069 2782 cruciﬁ-

418 2810 648 2887 gendus
678 2811 776 2885 sit,
800 2813 904 2874 sed
925 2810 1629 2894 voluntarie,inquit,Ego
1652 2809 1804 2871 dabo
1825 2827 2068 2871 carnem

420 2916 614 2960 meam
670 2920 775 2979 pro
805 2900 945 2963 594
990 2902 1195 2963 mundi
1250 2903 1390 2964 vita.
1450 2899 1596 2963 Nam
1642 2898 1910 2980 quamvis
1948 2906 2007 2961 et
2035 2917 2071 2961 a

420 2990 593 3052 Patre
623 2990 853 3053 dicatur
885 3012 1017 3055 esse
1064 2992 1336 3071 traditus,
1391 2999 1649 3052 attamen
1698 2996 1756 3049 et
1802 2988 2066 3069 seipsum

418 3079 731 3143 tradidisse
761 3082 996 3146 dicitur:
1020 3092 1079 3145 et
1106 3082 1252 3144 illud
1276 3081 1513 3163 quidem
1558 3089 1647 3142 est
1673 3085 1737 3141 ut
1767 3076 2071 3141 discamus

2161 2277 2268 2336 Κᾶν
2329 2279 2428 2358 γὰρ
2482 2279 2740 2357 γεύσηταί
2821 2301 2901 2343 τις
2941 2281 3188 2352 θανάτου,
3266 2278 3446 2353 ὅμως·
3485 2282 3551 2354 ζῆ
3590 2275 3674 2333 διὰ
3718 2276 3819 2344 τὴν

2157 2365 2341 2424 ἐλπίδα
2408 2370 2504 2435 τῆς
2566 2368 2927 2432 ἀναστάσεως,
2986 2375 3234 2447 Φανερῶς
3292 2366 3347 2423 δὲ
3414 2366 3631 2424 ἐνταῦθα
3695 2366 3819 2445 περὶ

2151 2462 2249 2524 τῆς
2279 2463 2537 2533 μυστικῆς
2584 2456 2939 2534 μεταλήψεως
2971 2458 3061 2515 τοῦ
3119 2457 3368 2534 σῶματός
3413 2458 3572 2515 αὐτοῦ
3620 2478 3813 2536 φησιν.

2157 2571 2180 2601 α
2255 2537 2313 2605 Ὀ
2344 2546 2498 2620 ἂρτος
2552 2548 2677 2627 γὰρ,
2724 2550 2905 2628 φησὶν,
2967 2546 3026 2604 ὅν
3057 2547 3163 2626 ἐγὼ
3232 2545 3407 2626 δώσω,
3444 2548 3478 2614 ἡ
3534 2543 3657 2625 σάρξ
3701 2545 3813 2620 μού

2151 2636 2313 2696 ἐστιν.
2362 2636 2425 2704 ἤν
2458 2637 2565 2715 ἐγὼ
2595 2636 2751 2695 δώσω
2805 2638 2934 2717 ὑπὲρ
2990 2643 3088 2705 τῆς
3172 2638 3265 2694 τοῦ
3311 2636 3515 2711 κόσμου
3556 2639 3722 2706 ζωῆς,
3778 2658 3803 2690 ο

2153 2727 2231 2791 Τῆ
2282 2724 2513 2791 ἐξουσίαν
2572 2725 2626 2783 δὲ
2682 2728 2840 2785 αὖτοϋ
2870 2725 3146 2801 δεικνύων,
3231 2724 3312 2785 ὅτι
3371 2726 3474 2805 οὔχ
3517 2727 3591 2789 ὡς
3623 2722 3811 2785 δοῦλος

2152 2817 2238 2873 καὶ
2298 2815 2531 2872 ἐλάττων
2602 2820 2695 2874 τοῦ
2772 2819 2974 2896 Πατρὸς
3064 2817 3224 2876 αὐτοῦ
3304 2815 3627 2895 ἐσταυρώθη,
3688 2811 3812 2869 ἀλλ’

2154 2907 2312 2987 ἑκὼν,
2379 2909 2566 2986 φησὶν,
2627 2907 2708 2963 ὅτι
2767 2910 2911 2987 Ἐγὼ
2967 2906 3121 2965 δώσω
3183 2908 3280 2976 τῆν
3352 2907 3520 2983 σάρκα
3551 2928 3654 2980 μου
3679 2904 3816 2983 ὑπὲρ

2154 2996 2249 3063 τῆς
2307 3006 2400 3055 τοῦ
2470 2996 2675 3073 κόσμου
2731 3003 2897 3069 ζωῆς.
2963 3000 3022 3056 Εἰ
3052 2999 3152 3077 γὰρ
3182 3000 3269 3054 καὶ
3320 2994 3554 3054 δεδόσθαι
3598 2992 3813 3072 λέγεται

2151 3088 2255 3143 ὑπὸ
2335 3095 2425 3144 τοῦ
2496 3088 2726 3167 Πατρὸς,
2758 3087 3008 3145 ἀλλὰκαὶ
3044 3089 3228 3144 ἑαυτὸν
3280 3084 3583 3143 δεδωκέναι·
3634 3083 3816 3141 ἐκεῖνο

417 3168 547 3247 ejus
575 3188 710 3232 cum
729 3173 903 3234 Patre
925 3172 1305 3235 concordiam
1335 3189 1349 3234 :
1372 3172 1485 3233 hoc
1507 3176 1797 3243 autem,ut
1819 3167 2067 3231 liberam

2153 3176 2273 3250 μὲν,
2332 3176 2425 3232 ’ίνα
2481 3178 2577 3245 τὴν
2626 3179 2757 3255 πρὸς
2830 3180 2920 3234 τὸν
2978 3177 3185 3257 Πατέρα
3225 3178 3474 3253 ὁμόνοιαν
3529 3174 3805 3252 μάθωμεν·

414 3260 771 3321 voluntatem
829 3261 960 3324 Filii
1010 3282 1127 3324 non
1176 3262 1543 3339 ignoremus.
1579 3257 1837 3322 Attende
1866 3262 2064 3320 autem

2153 3272 2302 3322 τοῦτο
2357 3264 2435 3340 δὲ,
2491 3267 2582 3322 ἵνα
2637 3268 2733 3336 τὴν
2793 3267 3228 3336 αὖτεξουσιότητα
3253 3275 3346 3325 τοῦ
3380 3268 3520 3326 Υίοῦ.
3558 3262 3808 3344 Πρόσχις

417 3347 573 3429 quod
610 3348 779 3429 panis
807 3352 905 3432 qui
938 3371 972 3414 a
1007 3351 1178 3413 nobis
1210 3351 1271 3415 in
1304 3348 1606 3427 mysteriis
1648 3346 2062 3437 mand_ocatur,

2153 3354 2227 3426 δὲ,
2261 3355 2341 3411 ὅτι
2374 3358 2400 3411 6
2432 3355 2587 3433 ἄρτος
2647 3360 2675 3414 6
2743 3357 2795 3414 ἐν
2830 3372 2946 3423 τοῖς
2978 3359 3284 3437 μυστηρίοὶς
3314 3354 3400 3437 ὑφ’
3423 3358 3578 3431 ἡμῶν
3623 3351 3804 3411 ἰσθιόὲ

415 3456 533 3500 non
560 3448 649 3500 est
682 3448 904 3502 tantum
939 3442 1213 3521 ﬁguratio
1261 3439 1533 3522 quaedam
1586 3436 1782 3499 carnis
1804 3435 2060 3512 Domini,

2153 3437 2330 3520 μενος,
2408 3446 2501 3503 οὒκ
2560 3446 2839 3504 ἀντίτυπόν
2896 3447 3007 3504 ἐστι
3063 3435 3166 3515 τῆς
3211 3454 3302 3504 τοῦ
3351 3435 3537 3523 Κυρίου
3580 3445 3799 3525 σαρκὸς,

413 3528 518 3590 sed
551 3529 676 3609 ipsa
701 3548 839 3593 caro
872 3530 1126 3593 Domini.
1156 3534 1289 3596 Non
1319 3531 1475 3591 enim
1501 3528 1667 3601 dixit,
1690 3526 1865 3588 Panis
1887 3544 2063 3607 quem

2153 3535 2265 3591 αλλ’
2326 3536 2459 3603 αὒτῆ
2498 3538 2532 3605 ἡ
2588 3547 2682 3596 τοῦ
2738 3540 2922 3618 Κυρίου
2961 3538 3111 3613 σάρξ.
3147 3539 3220 3597 0-5
3251 3538 3350 3617 γὰρ
3382 3538 3561 3610 εἶπεν,
3597 3532 3702 3608 ὅτι,
3741 3525 3839 3591 ’0⁸

415 3636 521 3696 ego
553 3618 729 3692 dabo,
764 3621 945 3700 ﬁgura
974 3629 1063 3683 est
1085 3621 1283 3683 carnis
1315 3638 1329 3683 :
1367 3620 1496 3692 sed,
1538 3636 1710 3679 ccaro
1737 3635 1867 3678 mea
1888 3623 1997 3678 est.
2030 3643 2055 3673 ι

2153 3624 2301 3705 άρτοε
2353 3628 2410 3681 6v
2467 3627 2577 3704 ὶγὼ
2660 3625 2836 3700 δώσω,
2925 3627 3203 3685 ἀντίτυπον
3266 3626 3383 3683 ἐστι
3439 3631 3537 3693 τῆς
3608 3624 3804 3703 σαρκός

413 3706 892 3771 Transformatur
921 3713 1077 3772 enim
1111 3709 1345 3772 arcanis
1373 3708 1566 3771 verbis
1598 3705 1767 3789 panis
1826 3706 1923 3768 ille
1956 3724 2061 3787 per

416 3799 717 3882 mysticam
760 3798 1237 3862 benedictionem
1292 3809 1350 3861 et
1403 3797 1810 3861 accessionem
1869 3796 2058 3858 sancti

410 3888 757 3970 Spiritus,in
791 3908 1032 3952 carnem
1067 3888 1407 3954 Domini.Et
1438 3908 1511 3950 ne
1534 3906 1713 3968 quem
1747 3885 2060 3950 conturbet

410 3978 567 4058 quod
591 3978 926 4042 credendus
958 3980 1034 4043 sit
1065 3980 1239 4061 panis
1270 3998 1433 4042 caro.
1455 3977 1683 4040 Etenim
1715 3976 1853 4039 etin
1878 3994 2060 4039 carne

407 4065 749 4131 ambulante
772 4068 1051 4146 Domino,
1084 4078 1142 4131 et
1172 4088 1242 4131 ex
1276 4088 1430 4151 pane
1474 4066 1814 4129 alimoniam
1840 4065 2053 4128 admit-

411 4157 771 4237 tente,panis
801 4158 904 4222 ille
933 4159 1034 4241 qui
1067 4157 1565 4231 manducabatur,
1591 4156 1652 4217 in
1682 4174 1901 4237 corpus
1932 4154 2062 4235 ejus

417 4247 842 4326 mutabatur,et
872 4248 1085 4311 similis
1115 4248 1295 4312 fiebat
1326 4255 1541 4309 sanctae
1572 4247 1701 4326 ejus
1730 4245 2059 4318 carni,etin

412 4345 792 4415 augmentum
854 4348 913 4401 et
956 4341 1445 4402 sustentationem
1501 4336 1852 4402 conferebat
1893 4336 2063 4416 juxta

414 4428 739 4489 humanum
772 4448 1023 4492 morem.
1060 4429 1248 4509 Igitur
1282 4436 1340 4492 et
1364 4447 1519 4489 nunc
1544 4429 1711 4509 panis
1740 4427 1795 4487 in
1816 4445 2059 4488 carnem

410 4515 649 4578 Domini
678 4525 953 4580 mutatur.
991 4517 1059 4581 Et
1088 4523 1410 4601 quomodo,
1445 4518 1783 4598 inquit,non
1814 4522 2062 4598 apparet

413 4605 585 4677 nobis
640 4625 801 4681 caro,
841 4608 944 4670 sed
978 4607 1173 4689 panis?
1205 4609 1280 4672 Ut
1334 4625 1452 4671 non
1505 4607 1936 4669 abhorreamus
1985 4607 2059 4667 ab

410 4697 539 4775 ejus
569 4716 694 4759 esu.
727 4696 870 4760 Nam
904 4698 954 4758 si
987 4698 1226 4779 quidem
1254 4715 1390 4759 caro
1427 4695 1820 4779 apparuisset,
1855 4697 2059 4758 insua-

2147 3737 2267 3790 μου,
2336 3714 2479 3788 ἀλλ’,
2522 3739 2547 3770 α
2582 3719 2615 3786 ἡ
2677 3718 2800 3798 σάρξ
2860 3725 2960 3793 μου
3014 3722 3149 3776 ἔστι.
3206 3740 3230 3775 ι
3284 3725 3664 3773 Μεταποιετται
3702 3715 3806 3792 γὰρ

2144 3804 2462 3883 ἂποῤῥήτοις
2513 3806 2694 3882 λόγοις
2754 3810 2781 3862 6
2838 3808 2994 3887 ἄρτος
3049 3810 3200 3871 οὗτος
3258 3806 3343 3863 διὰ
3392 3807 3490 3875 τῆς
3540 3808 3804 3881 μυστικῆς

2144 3894 2410 3973 εὖλογίας,
2466 3897 2553 3952 καὶ
2609 3895 3000 3977 ἐπιφοιτήσεως
3059 3905 3152 3955 τοῦ
3237 3897 3385 3977 ἁγίου
3471 3894 3802 3970 Πνεύματος,

2143 3987 2216 4049 εἷς
2269 3986 2439 4064 σάρκα
2473 4016 2481 4026 ·
2522 3994 2619 4043 τεῦ
2694 3992 2906 4067 Κυρίου,
2964 3989 3061 4047 Καὶ
3114 3989 3191 4064 μή
3223 4010 3341 4045 τινα
3370 3986 3587 4066 θροείτω
3615 3985 3678 4041 τὸ
3707 3985 3803 4040 τὸν

2144 4075 2299 4154 ἄρτοτ
2370 4076 2539 4153 σάρκα
2612 4078 2968 4138 πιστεύεσθαι.
3027 4080 3126 4139 Καὶ
3174 4079 3274 4158 γὰρ
3319 4098 3399 4139 τοι
3432 4077 3520 4133 καὶ
3564 4073 3619 4131 ἐν
3649 4076 3802 4153 σαρκὶ

2144 4175 2557 4244 περιπατοῦντος
2616 4169 2710 4223 τοῦ
2763 4170 2969 4247 Κυρίου,
3032 4170 3120 4225 καὶ
3161 4169 3262 4237 τῆν
3293 4167 3343 4233 ἐξ
3401 4164 3559 4247 ἄρτου
3600 4163 3802 4244 τροφὴν

2146 4255 2511 4329 προσιεμένου,
2600 4259 2627 4314 6
2671 4255 2826 4337 ἄρτος
2871 4258 3074 4324 ἐκεῖνος
3106 4260 3133 4315 6
3176 4259 3501 4334 ἰσθιόμενος,
3536 4257 3609 4320 εἰς
3640 4259 3801 4328 σῶμα

2146 4345 2303 4404 αὖτοῦ
2358 4344 2735 4428 μετεϐάλλετο,
2794 4352 2881 4406 καὶ
2929 4349 3343 4425 συνεξωμοιοῦτο
3413 4353 3481 4424 τῇ
3524 4346 3646 4424 ἁγίᾳ
3700 4344 3797 4400 αὖ·

2146 4446 2236 4493 τοὺ
2284 4437 2459 4514 σ²ἕ³κῖι
2520 4440 2607 4494 κιῖ
2664 4440 2738 4501 εἷς
2790 4440 3009 4508 αὔξησιν
3082 4443 3169 4497 καὶ
3229 4440 3476 4496 σύστασιν
3544 4432 3804 4495 συνεϐάλ-

2146 4523 2267 4581 λετο
2324 4528 2462 4581 κατὰ
2520 4530 2580 4583 τὸ
2640 4528 2985 4607 ἀνθρώπινον,
3050 4532 3147 4589 Καὶ
3192 4529 3279 4586 νῦν
3346 4527 3435 4585 οὖν
3465 4529 3493 4583 6
3527 4526 3679 4605 ἄρτος
3725 4524 3800 4585 εἰς

2146 4616 2312 4689 σάρκα
2371 4624 2463 4673 τοῦ
2523 4619 2709 4698 Κυρίου
2764 4618 3179 4696 μεταϐάλλεται.
3245 4623 3340 4678 Καὶ
3415 4624 3555 4689 πῶς,
3613 4615 3801 4697 φησὶν,

2144 4707 2265 4784 οὗχὶ
2325 4708 2412 4761 καὶ
2473 4708 2597 4787 σὰρξ
2628 4710 2864 4789 φαίνεται
2895 4712 3059 4785 ἡμῖν,
3108 4710 3227 4768 ἀλλ’
3260 4710 3412 4789 ἄρτος
3448 4724 3465 4783 ;
3503 4707 3600 4764 Διὰ
3630 4707 3692 4762 τὸ
3721 4705 3800 4780 μθ,

411 4766 558 4847 viter
571 4788 767 4850 allecti
786 4766 1051 4849 essemus
1082 4806 1220 4867 erga
1248 4766 1730 4849 communionem
1764 4766 1933 4849 N'unc
1955 4806 2057 4848 au-

2153 4766 2283 4869 ἣμῖς
2343 4766 2651 4868 ἆηδίζεδνθειιι
2703 4803 2834 4880 πρὸς
2886 4802 2984 4870 τὴν
3013 4766 3230 4882 βρῶσιν,
3272 4766 3327 4859 lii
3360 4766 3465 4877 μὶν
3515 4797 3617 4875 γὰρ
3670 4793 3799 4873 σὰρξ

411 4885 527 4940 tem
579 4878 1101 4942 condescendente
1153 4878 1407 4941 Domino
1455 4885 1669 4938 nostrae
1698 4875 2052 4953 inﬁrmitati,

412 4967 541 5029 talis
569 4980 813 5050 apparet
849 4968 1027 5031 nobis
1059 4967 1346 5047 ﬂl)SliCl.lS
1376 4967 1568 5046 cibus,
1601 4965 1874 5047 qualibus
1904 4965 2057 5027 alio-

409 5058 549 5139 quin
576 5058 831 5119 asssueti
863 5056 1439 5122 sumus.Pro‘mundi
1461 5069 1659 5117 autem
1685 5055 1795 5117 vita
1816 5074 2055 5117 carnem

404 5166 568 5208 suam
584 5149 653 5209 ad
676 5155 925 5209 mortem
942 5147 1400 5218 dedit;moriens
1414 5150 1573 5207 enim
1596 5158 1846 5206 mortem
1861 5145 2053 5208 solvit.

409 5237 672 5314 lntellige
693 5247 887 5299 autem
908 5256 1014 5318 per
1030 5239 1205 5300 vitam
1233 5237 1437 5298 mundi
1459 5237 1636 5299 etiam
1660 5235 2050 5297 resurrectio-

407 5331 735 5389 nem.Mors
758 5327 918 5389 enim
938 5328 1169 5390 Domini
1187 5327 1529 5407 generalem
1552 5326 2051 5387 resurrectionem

407 5415 508 5479 toti
542 5416 849 5477 hominum
873 5416 1079 5493 generi
1108 5426 1354 5495 operata
1389 5424 1500 5479 est.
1537 5416 1829 5478 Fortassis
1852 5423 2052 5480 autem

408 5512 465 5566 et
496 5504 553 5565 in
584 5506 1059 5569 sanctiﬁcatione
1075 5516 1132 5569 et
1160 5507 1217 5568 in
1243 5506 1608 5568 beatitudine
1639 5506 2055 5580 vitam,mundi

408 5594 583 5655 vitam
616 5592 1114 5657 nominavit.Nam
1146 5596 1413 5678 quamvis
1444 5615 1561 5658 non
1578 5614 1786 5658 omnes
1810 5614 2057 5678 accepe—

408 5682 530 5748 rint
556 5682 1086 5748 oanctiﬁcationem
1111 5693 1169 5749 et
1200 5685 1375 5748 vitam
1410 5686 1469 5749 in
1498 5685 1735 5769 spiritu,
1771 5686 2059 5752 Dominus

2140 4883 2402 4966 ἐφαίνετο,
2480 4888 2658 4956 ἀηδῶς
2717 4888 2780 4945 ἂν
2838 4888 3131 4966 διεκείμεθα
3175 4894 3303 4971 πρὸς
3332 4890 3431 4958 τῆν
3463 4885 3796 4963 μετάληψιν’

2139 4983 2226 5031 νῦν
2285 4973 2362 5055 δὲ,
2423 4986 2491 5055 τῇ
2543 4980 2770 5060 ἡμετέρᾳ
2828 4981 3064 5053 άσθενείᾳ
3120 4977 3631 5061 συγκαταϐαίνοντος
3699 4979 3796 5030 τοῦ

2140 5063 2349 5143 κυρίων
2404 5069 2624 5137 τοιαύτη
2705 5071 2942 5150 ⁹ξἀίνεττειι
2999 5074 3137 5147 ἡμῖν
3191 5074 3225 5140 ἡ
3279 5068 3509 5147 μυστικῆ
3567 5067 3790 5145 βρῶσις,

2138 5153 2231 5210 οἵα
2281 5154 2420 5213 ἐστὶν
2449 5160 2483 5225 ἡ
2517 5164 2745 5232 συνήθης
2798 5166 2956 5239 ἡμῖν,
3009 5155 3166 5241 ἰ’-πὲρ
3198 5162 3293 5229 τῆς
3342 5166 3434 5216 τοῦ
3476 5158 3681 5231 κόσμου
3738 5150 3795 5209 δὲ

2138 5244 2278 5313 ζωῆς
2354 5246 2452 5313 τὴν
2509 5252 2675 5329 σάρκα
2708 5258 2865 5314 αὒτοῦ
2896 5256 3025 5329 πρὸς
3057 5254 3279 5309 θάνατον
3348 5247 3597 5305 δέδωκεν·
3652 5244 3793 5300 απο-

2137 5335 2306 5389 ῧινὼν
2366 5338 2487 5415 γὰρ,
2554 5343 2643 5397 τὸν
2702 5343 2925 5401 θάνατον
2982 5343 3193 5404 λέλυκε.
3275 5340 3395 5399 Νόει
3468 5336 3521 5393 δέ
3573 5357 3662 5412 μοι
3702 5340 3798 5390 τοῦ

2140 5434 2344 5498 κόσμου
2394 5430 2558 5510 ζωὴν,
2633 5434 2779 5514 τάχα
2836 5435 2932 5505 μὲν
3004 5435 3092 5491 καὶ
3130 5434 3231 5500 τὴν
3280 5430 3563 5487 ἀνάστασιν
3600 5423 3653 5505 (ὃ
3695 5424 3797 5502 γὰρ

2138 5513 2357 5577 θάνιτος
2395 5522 2485 5576 τοῦ
2535 5513 2719 5600 Κυρίου
2769 5524 2869 5593 τὴν
2941 5522 3230 5593 καθολικήν
3288 5520 3575 5577 ἀνάστασιν
3638 5514 3800 5570 παντὶ

2140 5607 2217 5675 τῷ
2292 5605 2431 5682 γένει
2518 5614 2622 5667 τ’ὒν
2713 5613 3001 5694 ἀνθρώπων
3058 5605 3588 5694 ἐπραγματεύσατο)⁶
3646 5604 3797 5687 τάχα

2143 5690 2197 5747 δὲ
2259 5700 2341 5755 ιιι
2396 5700 2494 5781 τὴν
2549 5701 2603 5757 ιν
2664 5690 2912 5783 ἁγιασμῷ
2970 5706 3054 5761 καὶ
3113 5690 3467 5782 μακαριότητι
3510 5692 3675 5769 ζωὴν.
3701 5690 3795 5750 έαδ
