4178 6434
409 343 562 409 1-309

1104 349 1553 414 ENARRATIO
1595 352 1680 414 IN
1726 343 2233 413 EVANGELIUM
2296 344 2642 414 JOANNIS.
2689 385 2766 396 -
2807 354 2974 416 CAP.
3020 354 3127 417 Vl.

3651 346 3809 414 i310

405 482 609 556 κόσμου
685 481 828 553 ζωὴν
901 481 1173 556 ὀνομάζει.
1247 484 1357 542 Κάν
1385 484 1485 563 γὰρ
1543 484 1621 560 μὴ
1652 484 1846 548 πάντες
1894 502 2028 560 παρε

2117 486 2351 543 stamen
2382 482 2645 564 seipsum
2698 503 2804 566 pro
2837 485 3061 548 mundo
3090 485 3280 567 dedit,
3315 493 3377 548 et
3405 491 3696 565 quantum
3745 485 3807 547 in

404 568 617 637 δέξαντο
685 571 778 627 τὸν
848 572 1112 651 ἄγιασμὺν
1167 574 1256 630 καὶ
1324 572 1425 642 τὴν
1485 573 1539 630 ἐν
1574 574 1840 648 Πνεύματι
1893 570 2063 651 ζωὴν,

2147 568 2276 650 ipso
2309 583 2464 653 eral,
2501 573 2759 636 mundus
2809 583 3098 657 servatus,
3152 581 3479 656 naturaque
3527 574 3804 637 universa

404 657 524 716 ἀλλ’
554 659 644 717 οὖν
687 658 782 739 ὅγε
813 663 998 742 Κύριος
1026 663 1155 743 ὑπὲρ
1195 670 1288 721 τοῦ
1337 667 1540 739 κόσμου
1601 664 1790 722 ἑαυτὸν
1845 658 2030 717 δέδωκε

2145 661 2510 736 sanctificata
2542 670 2652 738 est,
2682 682 2752 725 eo
2782 665 2938 745 quod
2968 666 3200 745 accepit
3227 665 3501 728 virtutem
3523 664 3798 728 vincendi

405 750 492 806 καὶ
548 748 673 806 ὅσον
715 752 774 807 τὸ
819 751 904 808 ἐπ’
949 752 1156 827 ὲκείνῳ,
1189 755 1218 809 ὁ
1248 755 1450 830 κόσμος
1481 752 1681 832 ἐσώθη,
1713 753 1801 808 καὶ
1829 752 1863 818 ἡ
1910 750 2030 830 φύσι

2148 760 2452 828 peccatum
2491 771 2596 830 per
2627 773 2809 814 unum
2857 754 3156 816 hominem
3190 756 3506 818 Dominum
3530 761 3796 817 nostrum

403 840 584 897 ἅπασα
655 842 911 920 ἡγιάσθη,
988 844 1118 900 καθὸ
1193 841 1410 918 δύναμιν
1481 841 1639 900 ἔλαϐε
1718 848 1863 914 νικᾷν

1959 840 2060 907 τὴν
2141 840 2345 901 Jesum
2405 840 2730 923 Christum,
2789 843 2945 905 sicut
3002 853 3060 905 et
3117 864 3226 926 per
3270 861 3452 907 unUm
3489 844 3792 906 hominem

401 930 684 1012 ἁμαρτίαν,
715 932 804 989 καί
873 933 909 1001 ἡ
966 933 1197 1012 ἁμαρτία
1269 931 1470 1012 ἀπέδρα
1533 932 1618 990 διὰ
1664 935 1757 989 106
1814 932 1930 996 ἑνὸς
1964 929 2027 985 ἀν

2144 928 2329 990 Adam
2361 929 2422 991 in
2455 941 2763 1012 peccatum
2785 933 3103 998 ceciderat.

400 1020 609 1099 θρώπου
661 1028 756 1080 106
801 1025 988 1103 Κυρίου
1030 1025 1186 1100 ἡμῶν
1255 1023 1438 1092 Ἰησοῦ
1494 1031 1742 1105 Χριστοῦ,
1818 1021 2001 1098 ὥσπερ
2057 1020 2145 1076 καὶ
2191 1018 2259 1076 δι’
2319 1022 2435 1085 ἐνὸς
2509 1023 2784 1102 ἀνθρωπου
2841 1029 2934 1083 106
2992 1023 3163 1102 Ἀδὰμ
3220 1028 3292 1091 εἷς
3351 1026 3610 1103 ἁμαρτίαν
3663 1023 3800 1082 ὠλί-

400 1113 618 1179 σθησεν,

487 1223 512 1257 ιι
551 1201 859 1284 Ἐμάχοντο
917 1202 1007 1260 οὖν
1061 1204 1194 1282 πρὸς
1248 1202 1514 1276 ἀλλήλους
1546 1207 1594 1262 οἰ
1653 1199 1925 1282 Ἰουδαῖοι,
1955 1199 2053 1258 λέ-

398 1305 606 1370 γοντες·
683 1298 802 1357 Πῶς
870 1291 1081 1351 δύναται
1133 1301 1286 1358 οὗτος
1350 1297 1489 1370 ἡμῖν
1533 1293 1706 1352 δοῦναι
1736 1294 1834 1362 τὴν
1884 1291 2051 1370 σάρκα

399 1395 593 1462 φαγεῖν
629 1397 646 1457 ;
707 1384 878 1441 Εἶπεν
948 1382 1039 1440 οὗν
1085 1385 1270 1450 αὐτοῖς
1331 1387 1359 1442 ὁ
1411 1382 1637 1453 Ἰησοῦς·
1673 1383 1872 1463 ’Δμήν,
1905 1383 2048 1460 ἀμὴν

397 1469 541 1550 λέγω
608 1474 759 1549 ὑμῖν,
815 1473 906 1531 ἐὰν
969 1475 1046 1549 μὴ
1091 1474 1298 1554 φάγητε
1327 1476 1425 1542 τὴν
1456 1475 1625 1555 σάρκα
1656 1482 1748 1532 τοῦ
1779 1474 1901 1532 Υἰοῦ
1956 1480 2047 1531 τοῦ

397 1559 695 1634 ἀνθρώπου,
769 1562 858 1645 καί
887 1564 1044 1629 πίητε
1075 1565 1236 1622 αὐτοῦ
1264 1565 1326 1620 τὸ
1355 1563 1524 1645 αἷμα,
1556 1568 1651 1624 οὐκ
1691 1563 1847 1644 ἔχετε
1906 1565 2047 1636 ζωὴν

397 1649 452 1706 ἐν
508 1650 748 1714 ἑαυτοῖς,
824 1643 881 1710 Ὀ
935 1673 995 1731 τρ
1013 1657 1154 1730 ὸγων
1206 1675 1308 1726 μου
1373 1654 1471 1721 τὴν
1509 1643 1721 1734 Ῠσάρκα,
1749 1643 1844 1710 ίκαί
1884 1655 2048 1710 πίνων

397 1764 499 1817 μου
583 1743 645 1798 τὸ
701 1746 864 1822 αἷμα,
897 1742 1014 1823 ἔχει
1043 1741 1185 1814 ζωιὶν
1217 1743 1448 1801 αἰώνιον⁶
1484 1745 1572 1801 καὶ
1615 1743 1722 1823 ἐγὼ
1763 1743 2049 1814 ἀναστήσω

2110 1271 2116 1279 η
2221 1201 2408 1264 Vsus.
2440 1201 3091 1266 53-56.:Decertabant
3124 1222 3263 1282 ergo
3293 1202 3480 1265 Judaei
3512 1202 3669 1264 inter
3701 1221 3790 1278 se,

2135 1286 2403 1366 dicentes
2438 1312 2450 1354 :
2478 1290 2785 1364 Quomodo
2819 1295 2914 1357 hic
2945 1303 3138 1375 potest
3169 1293 3340 1354 nobis
3372 1293 3512 1354 dare
3543 1311 3784 1355 carnem

2133 1394 2296 1439 suam
2317 1379 2390 1441 ad
2424 1381 2756 1446 edendum?
2787 1384 2940 1446 Dixit
2973 1385 3058 1445 eis
3088 1386 3261 1446 .lesus
3295 1401 3308 1445 :
3361 1383 3573 1457 Amen,
3608 1401 3784 1446 amen

2130 1467 2265 1529 dlco
2299 1469 2488 1546 vobis,
2528 1472 2638 1533 nisi
2670 1473 2919 1536 ederitis
2951 1493 3194 1536 carnem
3247 1471 3380 1533 Filii
3411 1472 3693 1548 hominis,
3727 1482 3784 1534 et

2131 1555 2406 1619 biberitis
2458 1561 2588 1640 ejus
2636 1564 3010 1645 sanguinem,
3048 1583 3164 1624 non
3202 1561 3498 1624 habebitis
3527 1562 3696 1622 vitam
3723 1561 3782 1622 in

2133 1646 2433 1723 vobis.Qui
2467 1651 2588 1713 edit
2621 1672 2812 1714 meam
2847 1670 3117 1728 carnem,
3155 1661 3212 1712 ut
3241 1651 3392 1713 bibit
3424 1670 3618 1712 meum
3652 1669 3786 1712 san-

2132 1735 2588 1819 guinem,habet
2606 1742 2776 1802 vitam
2806 1750 3181 1824 zeternam,et
3197 1760 3305 1822 ego
3327 1739 3621 1803 suscitabo
3645 1759 3778 1802 eum

395 1833 554 1888 αὐτὸν
582 1837 651 1908 τῇ
691 1830 900 1912 ἐσχάτῃ
954 1822 1150 1913 ἡμέρᾳ.
1201 1822 1263 1888 Ἠ
1319 1833 1419 1912 γὰρ
1478 1833 1603 1913 σάρξ
1658 1822 1776 1911 μου
1835 1832 2030 1902 ἀληθῶι

2132 1825 2192 1887 in
2227 1828 2547 1891 novissimo
2580 1831 2856 1894 die.Caro
2881 1835 3039 1894 enim
3068 1822 3199 1894 mea
3229 1850 3368 1893 vere
3399 1831 3695 1907 cstcibus,
3722 1839 3780 1893 et

395 1920 506 1978 ἐστι
563 1922 781 2002 βρῶσις,
841 1923 929 1979 καὶ
979 1923 1041 1979 τὸ
1085 1922 1229 1998 αἷμά
1259 1945 1360 1999 μου
1414 1923 1628 1992 ἀληθῶς
1661 1924 1770 1981 ἐστι
1801 1924 1982 1990 πόσις,
2013 1948 2038 1980 »ι

396 2010 746 2076 Ἀκούσαντες
816 2011 864 2068 οἱ
951 2009 1199 2070 Ἰουδαῖοι
1280 2015 1398 2093 περὶ
1453 2020 1553 2082 τῆς
1623 2015 1872 2093 βρώσεως
1946 2020 2042 2082 τῆς

395 2102 591 2182 σαρκὸς
659 2111 755 2162 106
784 2103 996 2182 Κυρίου,
1042 2102 1346 2167 ἀπιστοῦσι,
1386 2104 1485 2166 Διά
1526 2112 1682 2163 τοῦτο
1723 2105 1901 2162 καὶτὸ
1945 2106 2042 2174 τῆς

394 2191 640 2257 ἀπιστίας
668 2192 838 2271 ῥημα,
871 2193 954 2268 τὸ,
996 2213 1018 2249 α
1057 2199 1177 2254 Πῶς
1228 2213 1245 2270 ;
1279 2216 1307 2249 ι
1343 2192 1684 2274 φθέγγονται.
1731 2193 1915 2253 ’Ὅταν
1944 2197 2043 2275 γὰρ

393 2283 637 2348 ἀπιστίας
691 2281 939 2362 λογισμοὶ
1009 2281 1310 2341 εἰσέλθωσιν
1380 2286 1454 2348 εἰς
1516 2285 1725 2366 ψυχὴν,
1788 2291 1913 2344 τότε
1954 2287 2044 2343 καί

391 2373 477 2452 τὸ,
565 2375 684 2437 Πῶς
733 2372 1198 2454 ,συνεισέρχεταμ
1236 2374 1334 2429 Διά
1360 2382 1514 2434 τοῦτο
1544 2376 1632 2431 καὶ
1675 2373 1831 2439 αὐτὸς
1874 2374 2042 2432 θέλων

393 2460 582 2536 δεῖξαι,
636 2462 719 2521 ὅτι
791 2466 886 2522 οὒκ
936 2461 1045 2520 ἔστι
1093 2470 1250 2521 τσῦτο
1294 2463 1571 2539 ἀδύνατον,
1607 2463 1744 2521 ἀλλά
1785 2466 1875 2522 καὶ
1903 2467 2042 2545 σφὸ-

392 2551 486 2634 δρα
555 2553 874 2634 ἀναγκαῖον,
921 2554 1011 2611 καί
1068 2559 1164 2613 οὒκ
1218 2553 1363 2612 ἔστιν
1436 2553 1612 2618 ἄλλως
1665 2555 1814 2636 ἔχειν
1869 2557 2038 2634 ζωὴν,

390 2644 571 2724 φησίνο
635 2665 660 2700 α
717 2645 845 2702 Ἐὰν
902 2644 979 2721 μὴ
1039 2666 1138 2720 μου
1194 2645 1294 2713 τὴν
1367 2644 1534 2725 σάρκα
1590 2645 1818 2725 φάγητε,
1876 2669 1904 2701 ι
1953 2649 2041 2704 καὶ

389 2735 456 2791 τὰ
516 2732 662 2801 ἑξῆς.
737 2733 888 2792 Οὕτω
937 2734 1026 2790 καὶ
1084 2735 1112 2790 ὁ
1167 2731 1472 2811 Νικόδημος
1504 2732 1555 2800 ἐξ
1585 2734 1832 2800 ἀπιστίας
1862 2734 2033 2815 ἔλεγε·

394 2847 424 2880 σ
478 2824 598 2887 Πῶς
629 2820 839 2880 δύναται
867 2821 1138 2903 ἅνθρωπος
1168 2822 1424 2881 εἰσελθεῖν
1456 2825 1528 2890 εἰς
1557 2825 1655 2892 τὴν
1703 2824 1908 2883 κοιλίαν
1937 2831 2036 2894 τῆς

389 2913 590 2993 μητρός
639 2931 656 2988 ;
696 2935 721 2967 ιι
761 2922 858 2968 Δεῖ
886 2913 1053 2970 τοίνυν
1083 2915 1228 2990 ἡμᾶς
1281 2913 1627 2994 ἀκούσαντας,
1689 2915 1770 2970 ὃτι
1821 2915 1912 2971 ὲάν
1955 2917 2034 2992 μὴ

385 3004 641 3084 φάγωμεν
704 3002 800 3070 τὴν
860 3002 1028 3080 σάρκα
1082 3010 1175 3061 τοῦ
1234 3006 1374 3082 Υίοῦ,
1409 3003 1504 3060 οὒκ
1533 3002 1734 3084 ἔχομεν
1780 3005 1946 3078 ζωὴν,
1980 3005 2034 3062 ἐν

382 3107 503 3160 ταῖς
556 3090 892 3169 μεταλήψεσι
949 3098 1056 3148 τῶν
1104 3092 1254 3149 θείων
1326 3095 1628 3176 μυστηρίων
1657 3095 1830 3151 πίστιν
1883 3095 2032 3176 ἔχειν

383 3181 716 3254 ἀδίστακτον,
771 3183 858 3239 καὶ
915 3183 994 3258 μὴ
1051 3183 1240 3254 ζητεῖν
1271 3184 1356 3265 τὸ,
1388 3187 1511 3248 Πῶς
1547 3203 1563 3261 ;
1612 3175 1669 3242 Ὀ
1713 3186 1812 3264 γὰρ
1858 3175 2031 3266 ψυχι-

382 3276 474 3339 κὸς
532 3273 825 3354 ἅνθρωπος,
903 3272 1194 3347 τουτέστιν,
1254 3275 1280 3330 ί.
1338 3273 1622 3352 λογισμοῖς
1692 3276 2031 3353 ἀνθρωπίνοις

381 3368 469 3423 καὶ
525 3370 810 3447 ψυχικοῖς,
870 3363 989 3433 ἦτοι
1049 3377 1319 3445 φυσικοῖς,
1384 3366 1673 3440 ἑπόμενος,
1708 3366 1768 3424 06
1815 3365 2030 3447 δέχεται

379 3456 446 3513 τὰ
498 3456 628 3534 ὑπὲρ
657 3456 808 3537 φύσιν
865 3455 952 3512 καὶ
1007 3455 1362 3529 πνευματικά·
1427 3455 1604 3532 ὥσπερ
1667 3454 1755 3512 οὗν
1788 3458 1876 3513 καὶ
1931 3458 2031 3524 την

380 3546 744 3622 πνευματικὴν
793 3545 988 3626 βρῶσιν
1055 3548 1154 3614 τῆς
1185 3552 1279 3603 τοῦ
1315 3547 1499 3625 Κυρίου
1530 3547 1722 3624 σαρκὸς
1782 3548 1843 3603 οὗ
1884 3560 2022 3626 νοεῖ,

378 3638 442 3704 ἧς
529 3639 575 3694 οἱ
633 3637 711 3712 μὴ
765 3632 1289 3712 μεταλαμϐάνοντες,
1347 3635 1610 3716 ἀμέτοχον.
1658 3635 1866 3693 ἔσονται
1926 3642 2025 3702 τῆς

379 3726 588 3784 αἰωνίου
629 3725 798 3800 ζωῆς,
858 3726 930 3790 ὡς
980 3725 1058 3800 μὴ
1103 3723 1519 3805 παραδεξάμενοι
1547 3728 1638 3784 τὸν
1699 3729 1906 3795 Ἰησοῦν
1935 3729 2024 3784 τὸν

377 3816 501 3875 ὄντα
557 3816 700 3890 ζωὴν
758 3815 1037 3885 ἀληθινήν.
1071 3815 1144 3872 O6
1190 3816 1289 3895 γὰρ
1350 3816 1509 3892 ψιλοῦ
1563 3815 1838 3896 ἀνθρώπου
1899 3817 2024 3897 σάρξ

376 3909 516 3968 ἰστιν
567 3909 602 3978 ἠ
657 3906 960 3984 ὶσθιομένη,
1029 3904 1166 3967 ἀλλά
1198 3909 1352 3981 Θεοῦ,
1385 3909 1472 3966 καὶ
1530 3912 1799 3968 θεοποιεῖν
1862 3907 2022 3966 δυνα-

376 4001 539 4076 μένη,
599 4000 674 4063 ὡς
730 3995 1091 4076 ἀνακραθεῖσα
1134 3997 1368 4065 θεότητι⁶
1439 3998 1585 4067 Αὕτη
1642 4000 1730 4056 καὶ
1809 3998 2022 4067 ἀληθῶς

372 4090 484 4147 ἔστι
540 4089 761 4170 βρῶσις,
832 4088 961 4145 καθὸ
1036 4090 1096 4145 οὗ
1152 4089 1282 4164 πρὸς
1338 4087 1519 4168 ὀλίγον
1577 4091 1760 4169 καιρὸν
1789 4087 2018 4170 διαρκεῖ,

373 4178 489 4236 οὗδὶ
539 4178 803 4259 φθείρεται
859 4177 1093 4255 καθάπερ
1148 4179 1182 4246 ἡ
1237 4177 1428 4257 ρευστὴ
1459 4180 1677 4259 βρῶσις,
1725 4178 1862 4236 ἀλλὰ
1917 4186 2017 4250 τῆς

373 4269 586 4328 αἰωνίου
637 4271 779 4340 ζωῆς
861 4267 1003 4324 ἐστιν
1060 4266 1354 4346 ἐπίκουρος.
1424 4261 1649 4345 Ὀμοίως
1707 4269 1762 4326 δὲ
1839 4272 1926 4328 καὶ
1981 4274 2015 4341 ἡ

371 4361 529 4424 πόσις
588 4367 680 4418 106
737 4355 971 4433 αἵματος
1040 4365 1133 4413 τοῦ
1165 4359 1375 4438 Κυρίου,
1410 4358 1619 4426 ἀληθῶς
1677 4360 1787 4418 ἐστι
1831 4363 2011 4434 πόσις,

2129 1918 2366 1997 sanguis
2394 1937 2562 1981 meus
2583 1940 2720 1983 vere
2741 1930 2831 1984 est
2859 1921 3287 2003 potus.nJudzei
3310 1940 3442 1983 cum
3475 1920 3782 1982 audissent

2127 2003 2202 2067 de
2233 2025 2336 2068 esu
2368 2009 2566 2072 carnis
2599 2010 3308 2087 illius,discredunt.ldeo
3341 2019 3399 2073 et
3430 2010 3671 2072 verbum
3695 2011 3781 2072 in-

2127 2096 2500 2159 credulitatis
2522 2099 2750 2162 dicunt:
2783 2101 3130 2175 Quomodo?
3154 2101 3300 2163 Nam
3332 2099 3567 2182 quando
3611 2101 3778 2181 cogi-

2131 2184 2380 2247 tationes
2403 2187 2837 2253 incredulitatis
2860 2192 3277 2271 ingrediuntur
3305 2191 3367 2252 in
3383 2191 3774 2261 animam,in-

2128 2275 2400 2364 greditur
2427 2279 2629 2362 simul,
2663 2281 3006 2354 Quomodo?
3051 2286 3372 2364 Propterea
3415 2281 3544 2362 ipse
3576 2281 3780 2343 volens

2127 2363 2241 2425 hoc
2264 2367 2585 2430 ostendere
2617 2372 2772 2449 quod
2810 2391 2926 2433 non
2951 2372 3028 2433 sit
3059 2363 3565 2453 impossibile,sed
3598 2370 3774 2432 etiam

2125 2453 2293 2516 valde
2317 2460 2748 2535 necessarium,
2781 2462 2906 2527 ait:
2939 2465 3072 2526 Non
3114 2470 3304 2543 potest
3349 2461 3521 2523 aliter
3569 2459 3776 2522 haberi

2127 2543 2261 2620 vita,
2293 2570 2316 2600 ει
2361 2547 2474 2609 nisi
2507 2569 2698 2611 meum
2750 2571 2991 2616 carnem
3023 2552 3164 2614 595
3203 2551 3554 2631 comedatis,
3588 2575 3614 2607 ιο
3656 2560 3772 2613 etc.

2122 2634 2207 2696 Ita
2237 2643 2296 2696 et
2323 2636 2692 2701 Nicodemus
2717 2660 2786 2702 ex
2821 2641 3239 2704 incredulitate
3269 2640 3543 2704 dicebat:
3575 2639 3769 2713 «Quo-

2124 2723 2298 2785 modo
2352 2734 2545 2806 polest
2606 2730 2784 2791 homo
2835 2730 3060 2794 intrare
3093 2733 3150 2795 in
3177 2741 3443 2794 ventrem
3479 2731 3715 2793 matris?
3742 2753 3766 2788 ιι

2122 2810 2368 2892 Oportet
2389 2814 2565 2894 igitur
2598 2838 2725 2891 nos.
2761 2840 2894 2882 cum
2914 2822 3339 2896 audiverimus,
3363 2821 3492 2886 Nisi
3523 2819 3773 2882 ederitis

2118 2921 2356 2964 carnem
2379 2904 2662 2982 Filii,non
2700 2910 2996 2973 habebitis
3013 2913 3215 2988 vitam,
3242 2912 3302 2974 in
3333 2908 3772 2989 sumptionibus

2116 2991 2447 3055 divinorum
2502 2999 2914 3077 mysteriorum
2965 3000 3353 3064 indubitatam
3405 2999 3671 3061 retinere
3698 2999 3770 3058 ii-

2117 3080 2277 3171 dem,
2313 3089 2374 3146 et
2412 3103 2528 3147 non
2582 3106 2875 3166 quaerere.
2917 3088 3042 3163 Quo
3075 3093 3280 3171 pacto?
3303 3088 3448 3151 Nam
3489 3087 3770 3150 animalis

2118 3170 2320 3243 homo,
2355 3173 2469 3235 hoc
2493 3183 2582 3236 est
2614 3181 2715 3258 qui
2748 3179 3016 3259 sequitur
3046 3170 3433 3259 cogitationes
3477 3178 3769 3240 humanas

2117 3268 2173 3322 et
2204 3263 2516 3333 animales.
2553 3266 2676 3328 sive
2712 3268 3035 3343 naturales,
3065 3289 3181 3331 non
3208 3277 3296 3331 est
3343 3286 3523 3348 capax
3558 3285 3766 3328 eorum

2114 3369 2246 3431 quae
2274 3361 2411 3414 sunt
2451 3373 2633 3436 super
2690 3367 2986 3433 naturam,
3022 3368 3082 3421 et
3109 3357 3527 3440 Spiritualium.
3572 3357 3769 3438 Atque

2113 3440 2193 3502 ita
2218 3449 2277 3503 et
2304 3443 2677 3523 spiritualem
2729 3467 2896 3510 esum
2930 3451 3128 3511 carnis
3157 3449 3483 3512 Dominicaa
3515 3466 3632 3508 non
3664 3447 3762 3507 in-

2115 3530 2440 3610 telligit50:
2476 3536 2647 3616 cujus
2707 3538 2808 3618 qui
2869 3557 2988 3599 non
3046 3549 3183 3601 sunt
3239 3537 3580 3620 participes,
3643 3553 3763 3598 non

2113 3630 2286 3682 erunt
2331 3625 2654 3704 participes
2683 3640 2922 3689 αξιοι-ηερ
2955 3629 3106 3704 vitae,
3143 3648 3212 3690 eo
3261 3628 3419 3708 quod
3469 3644 3584 3687 non
3624 3642 3760 3685 sus-

2113 3721 2402 3791 ceperunt
2427 3711 2656 3791 Jesum,
2690 3718 2788 3797 qui
2822 3727 2912 3780 est
2962 3718 3091 3781 Vita
3162 3729 3404 3780 interna.
3439 3715 3566 3778 Non
3599 3715 3760 3776 enim

2113 3801 2256 3863 nudi
2287 3803 2540 3866 hominis
2571 3824 2706 3866 caro
2740 3814 2830 3868 est
2854 3829 2988 3888 quae
3023 3808 3432 3881 manducatur,
3466 3805 3573 3867 sed
3625 3804 3756 3879 Dei,

2109 3897 2168 3950 et
2198 3909 2330 3971 quae
2359 3893 2638 3958 deiﬁcare
2684 3895 2859 3977 valet,
2894 3905 3097 3978 utpote
3153 3903 3595 3978 contemperata
3624 3893 3758 3956 dei-

2107 3979 2231 4044 tati.
2266 3979 2382 4043 Ista
2411 3984 2589 4045 etiam
2646 4004 2784 4048 vere
2833 3995 2924 4049 est
2967 3988 3158 4065 cibus,
3222 4008 3291 4051 eo
3343 3987 3499 4070 quod
3538 4003 3654 4046 non
3683 3983 3758 4046 ad

2105 4089 2348 4151 parvum
2385 4081 2617 4154 tempus
2666 4076 2861 4153 duret,
2917 4098 3110 4162 neque
3159 4085 3578 4158 corrumpatur
3605 4075 3760 4136 sicut

2104 4162 2511 4241 corruptibilis
2540 4163 2846 4242 cibus,sed
2866 4176 3104 4232 aiternae
3132 4170 3266 4232 vitm
3291 4169 3368 4231 sit
3397 4165 3753 4230 subsidium.

2102 4247 2390 4314 Similiter
2419 4262 2476 4314 et
2506 4261 2677 4334 potus
2707 4258 3010 4335 sanguinis
3041 4258 3304 4333 Domini,
3337 4276 3474 4321 vere
3531 4264 3619 4317 est
3644 4274 3752 4335 po-

2105 4347 2196 4430 tus
2226 4357 2240 4403 :
2271 4341 2409 4422 quia
2439 4362 2556 4405 non
2587 4345 2663 4406 ad
2691 4353 2924 4427 tempus
2944 4349 3161 4413 sufﬁcit
3191 4350 3310 4430 siti,
3360 4348 3462 4410 sed
3515 4361 3756 4424 semper

372 4449 453 4507 ὅτι
502 4450 582 4526 μὴ
630 4449 762 4528 πρὸς
804 4429 1011 4525 *καιρὸν
1074 4429 1300 4524 ἐπαρκευ
1352 4429 1430 4522 τῷ
1452 4446 1614 4530 δίψει,
1649 4447 1771 4507 ἀλλ’
1824 4452 1896 4516 είς
1939 4429 2019 4510 ἀεί

2117 4429 2327 4530 ψει]υο
2355 4431 2451 4493 siti
2477 4445 2813 4509 conservat,
2869 4455 2977 4500 nec
3031 4429 3304 4518 indigere
3340 4436 3625 4518 permittit
3649 4432 3752 4530 ἰιίτ

369 4538 560 4615 ἄδιψον
592 4536 837 4615 διατηρεῖ
863 4537 953 4594 καί
983 4535 1235 4604 ἀνεπιδεῆ
1304 4539 1398 4594 τὸν
1454 4538 1669 4599 πιόντα’
1727 4542 1904 4607 καθὼς
1932 4545 2022 4600 καὶ

370 4629 502 4708 πρὸς
555 4628 654 4695 τὴν
687 4633 1013 4706 Σαμαρεῖτιν
1047 4623 1248 4705 ἓλεγεν,
1284 4625 1389 4701 ὅτι,
1423 4646 1453 4686 ι
1509 4619 1566 4685 Ὀ
1617 4629 1780 4708 πίνων
1809 4631 1873 4686 ἒκ
1927 4639 2019 4689 τοῦ

368 4699 554 4784 ὕδατος
611 4719 672 4774 06
722 4699 858 4794 ἐγὼ.
885 4713 1063 4790 δώσω,
1126 4699 1185 4772 οὔ
1234 4699 1464 4794 διψήσῃ.
1557 4741 1584 4774 ι
1652 4699 1844 4785 1Ὀςιτις
1916 4722 2016 4800 γὰρ

367 4809 465 4878 τὴν
534 4808 692 4889 χάριν
746 4814 840 4863 τοῦ
881 4805 1032 4884 ἁγίου
1079 4807 1380 4881 Πνεύματος
1412 4805 1496 4864 διὰ
1525 4813 1624 4876 τῆς
1657 4807 2014 4886 μεταλήψεως

367 4905 474 4958 τῶν
519 4898 671 4954 θείων
713 4897 1017 4972 μυστηρίων
1072 4894 1293 4971 δέξεται,
1385 4898 1502 4957 οὔτε
1563 4897 1822 4976 λιμώττει
1879 4923 2013 4969 νοη-

367 4991 456 5047 τὸν
487 4986 671 5064 λιμὸν,
715 4984 833 5044 οὔτε
862 4983 990 5057 διψᾷ
1032 4984 1207 5067 δίψος,
1255 4989 1374 5046 οἷον
1405 4992 1450 5047 οἱ
1477 4987 1712 5048 ἄπιστοι.

454 5102 481 5134 σ
517 5068 575 5136 Ὀ
630 5077 849 5156 τρώγων
913 5098 1016 5151 μου
1095 5079 1192 5145 τὴν
1250 5079 1439 5159 σάρκα,
1515 5081 1602 5136 καί
1634 5080 1795 5136 πίνων
1827 5103 1927 5156 μου
1952 5083 2012 5139 τὸ

367 5169 530 5245 αἷμα,
605 5165 658 5223 ἰν
706 5165 824 5242 ἐμοὶ
879 5165 1048 5242 μένει,
1108 5166 1259 5246 κάγὼ
1313 5167 1366 5223 ἐν
1423 5168 1586 5243 αὐτῷ,
1643 5170 1825 5231 Καθὼς
1877 5171 2011 5226 (me-

367 5257 543 5318 στειλέ
603 5277 668 5335 με
727 5259 754 5314 ὁ
823 5262 926 5328 ζῶν
985 5257 1188 5337 Πατὴρ,
1248 5260 1400 5336 κάγὼ
1431 5265 1505 5331 ζῶ
1548 5259 1632 5318 διὰ
1659 5259 1752 5315 τὸν
1783 5260 2012 5338 Πατέρα,

367 5351 453 5406 καὶ
505 5341 775 5428 δ’τρώγων
834 5369 927 5427 με,
977 5349 1223 5414 κάκεῖνος
1272 5350 1490 5420 ζήσεται
1543 5347 1609 5405 δι’
1670 5347 1787 5426 ἐμέ.
1848 5351 2013 5416 Οὗτός

365 5440 508 5497 ἐστιν
578 5439 606 5495 ὁ
654 5435 811 5517 ἂρτος
872 5439 899 5493 ὁ
956 5437 1017 5493 ἐκ
1046 5444 1142 5495 τοᾶ
1186 5438 1406 5518 οὖρανοῦ
1448 5437 1706 5503 καταϐὰς·
1755 5439 1815 5495 οὗ
1843 5441 2014 5506 καθὼς

365 5524 560 5607 ἔφαγον
626 5527 688 5582 τὸ
746 5525 919 5600 μάννα
974 5524 1021 5582 οἰ
1053 5525 1274 5607 πατέρες
1302 5528 1452 5603 ὑμῶν
1481 5527 1536 5584 έν
1565 5549 1632 5608 τῃ
1689 5529 1899 5611 ὶρήμῳ,
1930 5530 2016 5587 καὶ

441 5688 507 5740 30
535 5688 556 5751 Ι
585 5685 720 5751 Cor.
758 5704 824 5769 ιι,
865 5688 961 5753 l4.
1041 5686 1094 5740 ω
1125 5685 1296 5752 Joan.
1335 5705 1416 5770 iv,
1461 5688 1552 5756 13.

2106 4517 2370 4597 bentem,
2407 4523 2557 4583 sicut
2591 4531 2647 4584 et
2675 4525 2748 4585 ad
2789 4517 3214 4589 Samaritanam
3266 4517 3502 4591 dicebat
3535 4544 3548 4587 :
3588 4549 3614 4578 α
3641 4522 3752 4596 Qui

2104 4607 2250 4671 bibit
2271 4629 2342 4671 ex
2369 4630 2523 4692 aqua
2545 4632 2719 4693 quam
2744 4632 2852 4692 ego
2884 4615 3061 4697 dabo,
3097 4636 3216 4678 non
3247 4617 3407 4679 sitiet
3431 4617 3513 4678 5i.
3542 4639 3565 4673 ο
3603 4611 3751 4674 Nam

2101 4699 2369 4780 quisquis
2399 4701 2646 4780 gratiam
2677 4703 2862 4765 sancti
2886 4702 3141 4786 Spiritus
3188 4724 3292 4787 per
3349 4708 3749 4786 sumptionem

2099 4788 2429 4852 divinorum
2489 4793 2908 4872 mysteriorum
2930 4796 3280 4877 susceperit,
3306 4813 3502 4877 neque
3532 4795 3746 4855 famem

2099 4879 2498 4958 Spriritualem
2536 4900 2731 4961 neque
2781 4883 2939 4944 sitim
2972 4885 3248 4966 patietur,
3277 4885 3509 4966 qualem
3543 4884 3744 4944 incre-

2097 4968 2245 5032 duli.

2178 5057 2366 5121 Vsus.
2397 5059 2617 5124 57-59.
2656 5086 2681 5117 α
2708 5062 2820 5135 Qui
2850 5063 2974 5126 edit
2999 5083 3190 5126 meam
3214 5083 3477 5141 carnem,
3508 5071 3567 5127 et
3602 5061 3751 5125 bibit.

2103 5167 2301 5210 meum
2333 5151 2777 5228 sanguinem,in
2812 5172 2906 5214 me
2931 5163 3218 5230 manet,et
3247 5153 3749 5236 egoinillo.Sicut

2100 5237 2262 5299 misit
2293 5257 2387 5300 me
2418 5241 2620 5301 vivens
2651 5240 2847 5318 Pater,
2883 5243 2962 5305 ita
2988 5253 3045 5306 et
3073 5264 3179 5325 ego
3212 5245 3339 5306 vivo
3372 5252 3612 5326 propter
3633 5242 3745 5304 Pa-

2101 5337 2273 5404 trem,
2311 5337 2370 5390 et
2398 5329 2497 5409 qui
2522 5330 2711 5392 ederit
2740 5351 2856 5408 me,
2912 5343 2969 5395 et
2998 5332 3126 5414 ipse
3175 5336 3324 5397 vivet
3355 5343 3597 5416 propter
3628 5351 3743 5393 me.

2099 5417 2209 5479 Hic
2245 5427 2335 5480 est
2376 5419 2542 5499 panis
2588 5423 2686 5500 qui
2734 5421 2809 5483 de
2857 5423 3007 5485 coelo
3054 5424 3410 5486 descendit:
3449 5445 3564 5487 non
3597 5425 3747 5486 sicut

2101 5507 2493 5587 comederunt
2523 5519 2717 5590 patres
2746 5512 2924 5574 vestri
2957 5532 3198 5590 manna,
3227 5521 3288 5579 et
3320 5515 3536 5577 mortui
3582 5524 3738 5592 sunt,
