4178 6412
412 329 557 395 13H

1376 325 1971 392 THEOPHYLACTI
2014 321 2425 388 BULGARLE
2469 327 2827 390 ARGHIEP.

3646 329 3807 396 1312

408 468 519 541 Qui
550 467 673 531 edit
700 468 855 530 hunc
880 485 1116 549 panem,
1145 466 1294 528 vivat
1324 465 1385 527 in
1417 461 1901 527 aeternum.)Hoc
1932 461 2063 523 loco

2166 458 2431 519 ἱπέθανον.
2507 484 2527 517 ι
2572 452 2627 519 Ὀ
2686 462 2906 540 τρώγων
2936 471 3120 521 τοῦτον
3148 466 3239 521 τὸν
3270 464 3451 543 ἄρτον,
3486 467 3705 537 ζήσεται
3738 470 3815 531 εἰς

412 557 700 621 discimus
730 564 1166 620 sacramentum
1187 554 1806 617 communionis.Nam
1824 551 1923 633 qui
1949 549 2071 612 edit

414 658 471 709 et
501 648 648 710 bibit
665 666 904 709 carnem
924 655 986 709 et
1008 646 1359 723 sanguinem
1381 643 1710 716 Domini,in
1727 642 1855 721 ipso
1869 648 2069 702 manet

413 737 693 820 Domino,
716 745 775 799 et
798 735 1086 798 Dominus
1108 736 1167 797 in
1202 736 1351 815 ipso.
1401 731 1887 812 Contemperatio
1909 729 2068 793 enim

413 828 476 890 fit
502 835 738 907 nova,et
766 843 947 907 super
978 824 1378 899 rationem,ita
1408 832 1470 884 ut
1501 824 1573 883 sit
1596 824 1752 885 Deus
1785 821 1843 882 in
1870 820 2065 890 nobis,

415 927 468 978 et
503 937 610 979 nos
640 918 701 978 in
734 915 878 978 Deo.
903 914 1033 977 Non
1057 914 1226 976 audis
1262 912 1592 976 terribilem
1616 910 1918 973 auditum?
1936 909 2066 971 Non

418 1007 599 1070 Deum
624 1006 849 1070 nudum
881 1007 1310 1067 manducamus
1343 1024 1355 1065 :
1395 1002 1551 1081 tangi
1582 1002 1743 1063 enim
1776 1001 2072 1081 nequit,et

413 1097 803 1178 incorporeus
834 1104 945 1158 est.
985 1102 1042 1156 et
1074 1112 1267 1174 neque
1314 1092 1505 1154 oculis
1546 1110 1738 1171 neque
1791 1089 2071 1150 dentibus

420 1186 794 1270 apprehendi
832 1192 1061 1266 potest;
1107 1201 1301 1264 neque
1345 1200 1584 1244 rursum
1635 1180 1781 1270 nudi
1811 1178 2072 1270 hominis

414 1276 840 1355 carnem,nihil
870 1274 1030 1338 enim
1058 1276 1345 1355 prodesse
1366 1277 1559 1352 potest
1588 1292 1600 1333 :
1628 1269 1731 1330 sed
1753 1269 1891 1348 quia
1915 1270 2071 1329 Deus

414 1368 602 1429 univit
630 1366 741 1428 sibi
772 1378 1010 1427 carnem
1047 1361 1377 1425 secundum
1402 1360 1768 1421 inetl'abilem
1794 1368 2068 1420 contem-

413 1457 805 1539 perationem,
838 1453 1061 1515 viviﬁca
1094 1460 1185 1513 est
1219 1460 1277 1511 et
1313 1468 1473 1530 caro,
1512 1468 1628 1511 non
1678 1448 1835 1528 quod
1870 1447 1929 1508 in
1964 1447 2069 1509 Dei

414 1557 683 1610 naturam
704 1541 1212 1615 transierit,absit!
1232 1541 1334 1602 sed
1356 1539 1427 1600 ad
1452 1538 1917 1601 similitudinem
1935 1555 2074 1599 can-

418 1637 617 1699 dentis
644 1636 805 1708 i'erri,
830 1633 985 1715 quod
1022 1642 1080 1693 et
1101 1631 1321 1692 ferrum
1361 1636 1650 1690 manet.et
1679 1627 1832 1707 ignis
1863 1636 2071 1689 osten-

417 1728 506 1789 dit
535 1725 963 1808 operationem:
985 1722 1071 1784 sic
1104 1722 1282 1801 igitur
1311 1728 1367 1782 et
1400 1718 1637 1783 Domini
1668 1736 1804 1778 caro
1827 1735 2073 1779 manens

2166 1718 2258 1785 τὴν
2318 1718 2572 1793 ὁμοίωσιν
2628 1728 2751 1778 τοῦη
2820 1721 3200 1799 πεπυρωμένου
3270 1719 3508 1801 σιδήρου,

2152 550 2243 606 τὸν
2304 551 2488 613 αἰῶνα,
2553 575 2580 605 iv
2645 550 2899 636 Ἐνταῦθα
2968 555 3302 628 μανθάνομεν
3380 556 3443 612 τὸ
3518 558 3817 636 μυστήριον

2150 644 2250 706 τῆς
2306 640 2686 717 μεταλήψεως.
2756 632 2812 699 Ὀ
2870 644 2969 721 γὰρ
3027 644 3246 723 τρώγων
3315 646 3403 700 καὶ
3488 646 3652 702 πίνων
3696 632 3812 714 ’τὴν

2153 729 2318 809 σάρκα
2375 732 2463 786 καὶ
2524 732 2585 788 τὸ
2636 732 2778 807 αἷμα
2848 740 2942 790 τοῦ
3002 736 3211 810 Κυρίου,
3246 734 3299 790 ἐν
3332 736 3475 807 αὖτῷ
3520 735 3664 810 μένει
3735 744 3815 811 τῷ

2157 819 2347 899 Κυρίῳ,
2380 821 2465 877 καὶ
2526 824 2553 877 6
2614 822 2800 897 Κύριος
2873 822 2927 878 ἐν
3012 825 3175 898 αὐτῷ,
3257 825 3648 902 Συνανέκρασις
3712 828 3813 905 γὰρ

2152 907 2272 975 ξένη
2340 911 2425 966 καὶ
2479 911 2611 990 ὑπὲρ
2682 909 2841 990 λόγον
2912 913 3135 990 γίνεται,
3172 913 3309 971 ὥστε
3368 914 3511 971 εἶναι
3555 916 3644 971 τὸν
3678 918 3811 972 Θεὸν

2152 997 2206 1053 ἐν
2276 1001 2434 1074 ἡμῖν,
2488 1002 2576 1057 καὶ
2632 1003 2776 1076 ἡμᾶς
2835 1002 2887 1058 ἐν
2922 1010 2999 1077 τῷ
3030 1010 3170 1073 Θεῷ.
3218 1005 3325 1061 Οὔκ
3356 1004 3562 1067 ἀκούεις
3590 1008 3809 1083 φρικτὸν

2153 1084 2446 1175 ἃκουσμας
2522 1092 2595 1147 Οὐ
2670 1092 2799 1146 Θεὸν
2854 1089 3011 1167 ψιλὸν
3069 1092 3345 1170 τρώγομεν
3408 1093 3635 1175 (ἀναφὴς
3711 1098 3815 1173 γὰρ

2154 1174 2265 1232 ἐστι
2326 1178 2413 1234 καὶ
2482 1178 2791 1259 ἀσώματος,
2839 1182 2927 1240 καὶ
2959 1182 3075 1238 οὔτε
3106 1182 3427 1263 ὀφθαλμοῖς,
3490 1174 3611 1240 οὕτε
3655 1183 3810 1244 ὁδοῦ-

2155 1288 2238 1321 σιν
2298 1267 2623 1345 ἁλώσιμος),
2703 1268 2819 1326 οὐδὲ
2905 1270 3066 1327 πάλιν
3111 1271 3269 1348 ψιλοῦ
3305 1273 3580 1352 ἀνθρώπου
3644 1275 3816 1354 σάρκα

2156 1355 2327 1425 (οὐδὲν
2383 1359 2483 1438 γὰρ
2543 1358 2817 1439 ὠφελῆσαι
2876 1358 3129 1431 δύναται)·
3235 1362 3355 1418 ἀλλ’
3419 1361 3604 1432 ἐπειδὴ
3683 1367 3815 1428 Θεὸς

2155 1445 2361 1513 ἥνωσεν
2417 1449 2586 1523 ἑαυτῴ
2644 1450 2743 1517 την
2803 1450 2970 1525 σάρκα
3001 1453 3134 1507 κατᾶ
3168 1452 3265 1520 τὴν
3298 1453 3524 1533 ὀίῤῥητον
3575 1454 3812 1532 ἆνάκραυ

2156 1557 2262 1615 σιν,
2334 1541 2595 1608 ζωοποιὸς
2659 1540 2890 1620 ὑπάρχει
2948 1542 3098 1609 καὶή
3132 1541 3279 1622 σὰρξ,
3315 1545 3417 1624 οὐχ
3474 1543 3555 1600 ὅτι
3610 1545 3683 1606 εἰς
3715 1544 3817 1611 τήν

2155 1634 2249 1684 τοῦ
2309 1628 2443 1685 Θεοῦ
2513 1629 2665 1708 φύσιν
2723 1630 3202 1708 μετακεχώρηκεν,
3251 1630 3466 1711 ἃπαγεί
3516 1632 3652 1689 ἀλλὰ
3681 1635 3818 1690 κατά

3615 1722 3672 1788 ὅς
3730 1725 3821 1780 καὶ

418 1805 590 1890 εει-οξ
611 1816 840 1877 vivifica
863 1821 953 1875 est
982 1813 1138 1875 sicut
1160 1811 1268 1875 Dei
1290 1810 1468 1871 Verbi
1490 1808 1844 1886 caro.lgitur
1862 1826 2075 1887 quem-

2166 1805 2373 1887 σίδηρος
2446 1808 2616 1887 μένει,
2671 1809 2758 1865 καὶ
2811 1810 2911 1876 τὴν
2969 1818 3059 1867 τοῦ
3125 1813 3288 1891 πυρὸς
3362 1811 3618 1869 δείκνυσιν
3667 1811 3819 1891 ἐνέρ-

420 1908 739 1971 admodum
773 1924 905 1985 ego,
934 1902 1146 1984 inquit,
1178 1900 1308 1963 vivo
1359 1908 1602 1981 propter
1654 1902 1911 1969 Patrem,
1965 1898 2078 1959 hoc

421 2007 532 2077 est,
566 2007 841 2077 tanquam
870 2002 1040 2055 natus
1075 2012 1143 2054 ex
1183 1995 1377 2065 Patre,
1420 1990 1519 2071 qui
1566 1998 1655 2052 est
1703 1990 1839 2064 vita,
1891 1988 1967 2050 ita
2020 1996 2078 2051 et

422 2089 519 2170 qui
556 2087 871 2148 manducat
900 2082 1177 2159 me,vivet
1202 2089 1443 2163 propter
1474 2098 1590 2150 me,
1616 2079 1757 2139 dum
1789 2078 2077 2159 quodam-

425 2168 601 2240 modo
637 2175 920 2237 miscetur
951 2172 1184 2245 mihi,et
1234 2170 1799 2232 transelementatur
1848 2168 1910 2229 in
1958 2187 2073 2240 ure,

423 2267 525 2350 qui
558 2267 712 2326 596
741 2263 1044 2325 viviticaae
1078 2278 1340 2342 possum.
1374 2258 1620 2332 Quando
1654 2268 1849 2350 autem
1882 2257 2075 2350 audis,

432 2347 586 2435 {Ego
614 2356 890 2435 vivo,»ne
903 2352 1205 2414 existimes
1222 2369 1356 2411 eum
1377 2351 1547 2430 juxta
1561 2347 2076 2430 participationem

423 2448 557 2509 vita)
584 2447 802 2525 vivere,
831 2442 1050 2524 alioqui
1074 2440 1291 2503 animal
1318 2441 1622 2502 diceretur
1644 2439 1933 2513 Deus,sed
1958 2458 2075 2500 non

426 2544 537 2611 est,
564 2554 759 2617 neque
797 2533 957 2596 enim
1002 2531 1157 2593 Deus
1207 2530 1423 2591 animat
1486 2528 1848 2617 nominatur.
1890 2546 2085 2609 neque

426 2614 698 2688 creatura
724 2622 997 2703 quaedam
1049 2619 1167 2680 vita
1215 2618 1543 2680 vocabitur.
1580 2614 1749 2697 Saepe
1798 2626 1992 2678 autem
2026 2630 2087 2679 et

428 2715 681 2777 multum
715 2713 775 2773 in
800 2729 904 2773 ore
947 2718 1162 2780 versat,
1205 2732 1227 2765 α
1257 2711 1464 2771 Patres
1487 2707 1669 2768 vestri
1700 2707 2093 2771 comederunt

428 2824 561 2867 man
573 2823 643 2865 na
659 2804 715 2863 in
734 2800 1188 2871 solitudine,»ut
1203 2798 1554 2879 persuadeat
1570 2794 2087 2860 hominibus.Nam

426 2896 471 2956 si
487 2891 771 2976 possibile
784 2890 1175 2973 quadraginta
1199 2888 1373 2950 annis
1390 2886 1519 2949 sine
1538 2904 1731 2947 messe
1750 2894 2087 2949 etsemente

429 2974 591 3066 pasci
620 2981 915 3059 homines,
944 2987 1001 3041 et
1031 2976 1374 3040 conservari
1400 2976 1633 3038 illorum
1666 2974 1868 3038 vitam:
1898 2976 2084 3038 multo

432 3064 617 3153 magis
650 3090 808 3133 nunc
841 3067 1223 3131 conservabit
1256 3074 1513 3128 nostram
1547 3064 1918 3145 spiritualem
1954 3084 2083 3126 me-

2163 1914 2331 1974 γειαν’
2396 1897 2563 1961 οὕτως
2630 1900 2719 1955 οὖν
2781 1900 2868 1956 καὶ
2923 1902 2955 1968 ἡ
3010 1903 3105 1958 to")
3155 1903 3338 1979 Κυρίου
3404 1900 3529 1982 σάρξ
3588 1902 3821 1975 μένουσα

2160 1986 2308 2088 σιὰρξ,
2371 1988 2633 2059 ζωοποιός
2693 1988 2859 2069 ἐστιν,
2928 1992 3001 2054 ὡς
3064 2001 3157 2050 τοῦ
3241 2000 3373 2052 Θεοῦ
3431 1994 3604 2071 Λόγου
3666 1992 3818 2071 σὰρξ,

2205 2087 2379 2155 Ωσπερ
2430 2080 2539 2157 οὖν,
2598 2080 2776 2156 φησὶν,
2813 2078 2922 2157 ἐγὼ
2946 2084 3021 2151 ζῶ
3071 2079 3154 2136 διὰ
3211 2082 3304 2138 τὸν
3348 2082 3581 2162 Πατέρα,
3627 2082 3819 2139 τουτέ-

2162 2187 2300 2247 στιν,
2361 2180 2433 2232 ως
2495 2171 2763 2244 γεννηθεὶς
2822 2168 2883 2226 ἐκ
2964 2178 3056 2227 τοῦ
3113 2174 3340 2251 Πατρὸς,
3409 2172 3463 2237 ὃς
3516 2172 3629 2229 ἐστι
3679 2172 3819 2246 ζωὴ,

2162 2255 2299 2312 οὕτω
2356 2258 2445 2313 καὶ
2501 2260 2528 2313 6
2584 2259 2805 2336 τρώγων
2862 2281 2954 2334 με,
3014 2262 3231 2331 ζήσεται
3286 2260 3354 2318 δι’
3406 2262 3501 2338 ἐμὲ
3561 2261 3824 2341 ἄνακιρνώ

2163 2367 2343 2421 μενος,
2406 2348 2587 2426 ὥσπερ
2642 2350 2729 2404 καὶ
2787 2352 3356 2431 μεταστοιχειούμενος
3441 2353 3514 2415 εἰς
3577 2350 3671 2426 ἐμὲ
3728 2352 3823 2407 τὸν

2164 2444 2455 2514 ζωογονεῖν
2541 2438 2820 2517 ἰσχύοντα,
2860 2429 3042 2496 ’Ὅταν
3075 2429 3139 2496 δὲ
3170 2441 3421 2519 ἀκούτῃς,
3470 2440 3575 2515 ὅτι,
3614 2461 3643 2499 ‹
3674 2440 3824 2520 Ἐγὼ

2166 2532 2263 2605 ζῶ,
2343 2551 2365 2580 ιι
2443 2528 2521 2600 μὴ
2579 2528 2759 2603 νόμιζε
2818 2531 2971 2586 αὒτὸν
3004 2531 3141 2587 κατὰ
3184 2532 3430 2613 μετοχὴν
3459 2540 3600 2604 ζωῆς
3629 2537 3745 2608 ζῇν·
3782 2531 3819 2597 ἦ

2170 2616 2269 2693 γὰρ
2329 2616 2389 2674 ἄν
2440 2622 2572 2687 ζῶον
2644 2616 2856 2695 ἐλέγετο
2913 2622 2941 2675 ὁ
3012 2621 3163 2683 Oeric“
3200 2620 3319 2678 ἁλλ’
3351 2626 3445 2680 οὐκ
3494 2620 3656 2683 ἔστιν,
3690 2622 3823 2679 Οὔτε

2170 2707 2270 2785 γὰρ
2328 2708 2457 2768 Θεὸς
2513 2705 2648 2776 ζῶον
2710 2709 3046 2789 ὀνομάζεται,
3122 2710 3238 2767 οὔτε
3335 2713 3547 2768 κτιστὸν
3616 2714 3650 2779 ἡ
3705 2712 3821 2782 ζωὴ

2170 2793 2519 2864 κληθήσεται,
2585 2803 2836 2877 Σουνεχῶς
2898 2797 2951 2855 δὲ
3022 2798 3131 2856 ἅνω
3173 2801 3260 2857 καὶ
3289 2797 3435 2857 κάτω
3464 2800 3672 2880 στρέφει
3732 2803 3816 2875 τὸ,

2177 2904 2201 2940 ε
2265 2888 2323 2943 0i
2370 2885 2593 2965 πατέρες
2622 2890 2768 2963 ὑμῶν
2800 2888 2995 2968 ἔφαγον
3023 2890 3084 2945 τὰ
3114 2891 3284 2965 μάννα
3313 2891 3367 2947 ἐν
3417 2898 3485 2968 τῇ
3544 2890 3747 2971 ἐρήμῳ,
3789 2912 3815 2949 ι

2167 2972 2251 3031 διὰ
2279 2976 2341 3031 τὸ
2392 2990 2577 3032 πεῖσαι
2635 2978 2757 3041 τοὺς
2816 2979 3131 3059 ἀκούοντας,
3162 2980 3242 3036 ὅτι
3267 2984 3307 3037 εἱ
3362 2979 3580 3037 δυνατὸν
3611 2980 3823 3058 ἐγένετο

2168 3064 2221 3119 ἐν
2290 3068 2685 3144 τεσσαράκοντα
2744 3065 2912 3124 ἔτεσιν
2969 3067 3090 3125 ἄνευ
3155 3070 3367 3145 ἀμητοῦ
3448 3072 3536 3127 καὶ
3618 3076 3821 3149 σπορᾶς

429 3163 564 3225 liori
598 3179 751 3244 pane
774 3158 1273 3232 Dominus,carne
1294 3175 1424 3227 sua,
1451 3174 1583 3234 qua!
1607 3154 1835 3236 absque
1860 3154 2079 3218 semine

2174 3153 2519 3235 διατραφῆναι
2580 3156 2907 3238 ἀνθρώπους,
2986 3162 3071 3215 καὶ
3161 3157 3573 3241 διακρατηθῆναι
3632 3162 3816 3218 αύτοτς

427 3253 534 3314 viri
567 3271 635 3314 ex
671 3250 904 3328 virgine
935 3257 1025 3311 est
1054 3246 1396 3311 constituta.
1431 3244 1664 3324 Ubique
1708 3258 1905 3305 autem
1954 3245 2089 3307 vitae

427 3340 722 3414 meminit,
747 3348 804 3400 et
834 3340 1051 3400 crebro
1086 3338 1197 3399 hoc
1228 3354 1445 3397 nomen
1495 3333 1892 3415 addidit,quia
1940 3333 2084 3395 nihil

428 3432 506 3493 ita
532 3448 709 3491 suave
730 3427 1078 3490 hominibus
1109 3436 1169 3487 ut
1202 3445 1299 3487 res
1332 3427 1455 3487 illa.
1490 3424 1672 3503 Igitur
1721 3434 1778 3484 et
1829 3434 1884 3483 tu
1915 3434 2083 3504 potes

422 3540 539 3582 non
563 3520 755 3581 solum
785 3517 1113 3579 secundum
1145 3517 1447 3598 mysticam
1476 3516 1960 3578 communionem
1988 3534 2084 3576 co-

424 3610 665 3671 medere
689 3617 747 3670 et
767 3608 974 3670 bibere
998 3626 1239 3667 carnem
1258 3606 1676 3683 etsanguinem
1705 3604 2081 3684 Domini,sed

422 3708 483 3765 et
510 3699 624 3760 alio
656 3698 910 3778 quodam
966 3697 1164 3757 modo.
1209 3695 1442 3758 Etenim
1478 3703 1535 3756 et
1564 3713 1803 3757 carnem
1837 3695 2079 3774 quidem

426 3790 744 3851 manducat
785 3787 1023 3867 aliquis,
1077 3786 1315 3867 quando
1356 3804 1464 3865 per
1514 3785 1779 3864 praticen
1834 3783 2079 3847 incedit.

424 3877 571 3942 Caro
602 3879 761 3940 enim
787 3875 1063 3938 coniectu
1094 3874 1544 3953 difficilis,sicut
1576 3887 1636 3935 et
1668 3874 1893 3954 pratice
1917 3873 2085 3935 labo-

421 3968 601 4029 riosa.
657 3965 1015 4045 Sanguinem
1068 3983 1210 4025 vero
1263 3964 1415 4026 bibit
1455 3971 1521 4025 ut
1555 3962 1759 4025 vinum
1793 3963 1951 4043 quod
1984 3983 2087 4024 cor

426 4058 704 4130 laetiﬁcat,
737 4053 1255 4134 contemplativus.
1289 4053 1516 4115 Labore
1551 4052 1711 4115 enim
1742 4063 1903 4114 caret
1936 4072 2084 4114 con-

429 4145 756 4226 templatio,
785 4144 904 4204 imo
928 4151 984 4203 et
1020 4142 1293 4205 laborum
1321 4143 1563 4225 requies
1590 4150 1781 4213 est,et
1813 4142 1975 4223 potui
1994 4142 2081 4203 si-

432 4237 695 4315 milatnr,
750 4233 890 4315 quia
923 4239 980 4293 et
1033 4242 1206 4308 potus
1253 4232 1470 4295 minori
1504 4232 1707 4295 labore
1742 4239 1877 4312 eget
1903 4251 2078 4314 quam

426 4326 623 4389 cibus.

2168 3245 2268 3312 τὴν
2323 3245 2489 3316 ζωὴν,
2550 3246 2734 3321 πολλῷ
2801 3248 3004 3322 μᾶλλον
3037 3252 3122 3305 νῦν
3152 3249 3497 3330 διακρατήσει
3543 3252 3640 3319 τὴν
3672 3250 3819 3322 ζωὴν

2172 3335 2322 3409 ἡμῶν
2378 3333 2475 3401 τὴν
2533 3338 2731 3403 νοητὴν
2788 3345 2864 3413 τῷ
2918 3340 3176 3417 κρείττονι
3250 3337 3391 3419 ἄρτῳ
3418 3342 3445 3397 ὁ
3508 3341 3717 3420 Κύριος,
3748 3346 3819 3416 τῇ

2168 3424 2318 3500 σαρκὶ
2376 3426 2533 3481 αὺτοῦ
2587 3432 2653 3498 τῇ
2728 3425 2848 3483 ἄνευ
2900 3435 3099 3507 σπορᾶς
3185 3426 3370 3506 ἀιδρὸς
3447 3430 3681 3505 συστάσῃ
3752 3428 3815 3483 ἐκ

2166 3514 2421 3593 παρθένου
2506 3515 2631 3593 γῆς.
2714 3521 3001 3598 Πανταχου
3058 3516 3113 3575 δὲ
3184 3524 3327 3591 ζωῆς
3376 3518 3667 3598 μέμνηται,
3728 3518 3818 3575 καὶ

2168 3606 2486 3683 συχνότερον
2546 3613 2701 3664 τοῦτο
2757 3609 2817 3663 τὸ
2874 3608 3043 3683 ὄνομα
3094 3610 3341 3688 παράγει,
3432 3608 3615 3676 ἐπειδὴ
3670 3606 3816 3666 οόδὲν

2165 3694 2329 3759 οὕτως
2388 3692 2483 3761 ἡδὺ
2540 3708 2657 3758 τοῖς
2717 3696 3035 3775 ἀνθρώποις,
3070 3700 3143 3761 ὡς
3174 3707 3329 3756 τοῦτο
3372 3701 3433 3756 τὸ
3466 3700 3676 3781 χρῆμα.
3716 3700 3815 3757 Καὶ

2166 3786 2227 3839 σὺ
2285 3785 2456 3841 τοίνυν
2514 3782 2729 3842 δύνασαι
2756 3791 2814 3846 οὗ
2856 3788 3019 3862 μόνον
3049 3791 3186 3846 κατᾶ
3215 3791 3311 3858 τὴν
3342 3790 3603 3865 μυστικὴν
3648 3787 3819 3864 μετά-

2172 3872 2340 3950 ληψιν
2400 3874 2586 3931 ἐσθίειν
2630 3877 2719 3932 καὶ
2774 3877 2940 3935 πίνειν
2994 3880 3095 3946 τὴν
3152 3881 3319 3959 σάρκα
3349 3881 3436 3937 καὶ
3466 3882 3527 3937 τὸ
3550 3880 3691 3954 αἷμα
3721 3881 3819 3935 τοῦ

2175 3964 2467 4038 Δεσπότου,
2530 3962 2665 4020 ἀλλὰ
2718 3970 2807 4023 καὶ
2861 3969 2980 4025 κατ’
3011 3967 3174 4025 ἀλλον
3200 3970 3421 4048 τρόπον,
3462 3970 3558 4028 Καὶ
3592 3970 3690 4049 γὰρ
3718 3968 3821 4036 τὴν

2170 4055 2267 4127 μὲν
2330 4054 2497 4132 σάρκα
2548 4052 2705 4110 ἐσθίει
2764 4076 2871 4138 τις,
2930 4057 3055 4114 ὅταν
3112 4058 3197 4115 διὰ
3250 4061 3349 4126 τῆς
3379 4059 3675 4137 πρακτικῆς
3706 4058 3815 4134 βα·-

2168 4140 2303 4219 δὶζῃο
2360 4141 2808 4221 δυσκατέργαστον
2876 4148 2976 4226 γὰρ
3057 4150 3090 4216 ἡ
3179 4148 3329 4227 σὰρξ,
3408 4149 3586 4227 ὥσπερ
3639 4149 3726 4205 καὶ
3783 4148 3822 4216 ἡ

2168 4235 2434 4307 πρακτικὴ
2490 4232 2740 4312 ἕγκοπος⁶
2811 4238 2870 4293 τὸ
2928 4235 2981 4293 δὲ
3040 4239 3184 4314 αἷμα
3214 4241 3374 4321 πίνει,
3422 4240 3496 4302 ὡς
3529 4239 3678 4296 οἶνον
3724 4240 3821 4296 οὒ-

2166 4323 2443 4402 φραίνοντα
2499 4322 2737 4405 καρδίαν,
2824 4327 2851 4383 ὁ
2934 4328 3279 4408 θεωρητικόςο
3372 4328 3573 4387 ἄκοπον
3631 4329 3729 4407 γὰρ
3783 4328 3820 4395 ἡ

432 4420 641 4499 θεωρία,
680 4415 885 4492 μᾶλλον
929 4409 981 4467 δὲ
1031 4418 1116 4471 καὶ
1146 4418 1327 4472 κόπων
1384 4415 1699 4495 ἀνάπαυσις,
1763 4418 1849 4471 καὶ
1907 4416 2059 4471 πόσει
2121 4413 2351 4493 ἐοικυῖα,
2415 4410 2528 4469 ἐπεὶ
2583 4417 2672 4471 καὶ
2742 4418 2776 4484 ἡ
2825 4418 2982 4483 πόσις
3039 4418 3240 4476 ἄκοπον
3299 4419 3528 4495 μᾶλλον,
3592 4417 3725 4495 ἤπερ
3786 4420 3822 4485 ἡ

425 4510 617 4587 βρῶσις
630 4559 642 4573 ,

472 4598 678 4663 ‘VERS.
703 4599 917 4664 60-63.
964 4625 985 4658 ι
1030 4600 1167 4663 Haec
1191 4597 1339 4660 dixit
1368 4599 1429 4659 in
1454 4615 1748 4678 synagoga
1770 4597 1994 4658 docens
2014 4595 2073 4656 in
2099 4604 2139 4653 D

421 4688 991 4770 CapcrnaumJtlulti
1007 4710 1145 4767 ergo
1166 4689 1259 4751 his
1279 4689 1493 4751 auditis
1509 4708 1577 4765 ex
1596 4686 1904 4766 discipulis
1924 4685 2079 4767 ejus,

425 4779 735 4844 dixerunt:
762 4780 958 4844 Durus
975 4792 1065 4845 est
1088 4780 1182 4842 hic
1207 4778 1571 4861 sermo,quis
1609 4786 1798 4857 potest
1823 4796 1956 4837 eum
1982 4796 2085 4837 au-

418 4869 584 4932 dire"
613 4872 819 4934 Sciens
849 4880 1045 4934 autem
1078 4874 1253 4933 .lesus
1278 4870 1436 4949 apud
1492 4868 1883 4949 semetipsum
1918 4865 2077 4947 quod

424 4961 871 5022 murmurabant
896 4961 969 5022 de
1005 4963 1114 5023 hoc
1166 4959 1444 5039 discipuli
1504 4958 1714 5037 ipsius,
1743 4956 1891 5017 dixit
1940 4955 2075 5018 eis:

420 5049 542 5110 Hoc
571 5069 677 5111 vos
708 5050 987 5112 offendit?
1019 5050 1173 5125 Quid
1228 5050 1408 5129 igitur
1465 5050 1511 5109 si
1574 5047 1832 5108 videritis
1869 5045 2080 5108 Filium

426 5139 683 5199 hominis
726 5141 1147 5202 ascendentem
1195 5158 1266 5200 eo
1325 5138 1425 5201 ubi
1456 5138 1619 5218 prius
1649 5136 1801 5198 erat?
1832 5162 1853 5194 ο
1890 5135 2085 5207 Quare

424 5227 482 5287 in
518 5247 809 5308 synagoga
840 5230 1093 5291 docuit?
1124 5230 1349 5293 Partim
1392 5228 1546 5310 quod
1601 5226 1834 5288 volebat
1882 5231 2081 5291 venari

435 5318 899 5391 multitudinem,
928 5321 1140 5400 partim
1166 5321 1318 5401 quod
1336 5318 1691 5381 ostendebat
1722 5335 1786 5378 se
1814 5336 1929 5377 non
1950 5332 2083 5376 esse

424 5407 787 5469 contrarium
814 5409 1095 5491 legi,qute
1118 5408 1421 5489 legebatur
1445 5408 1501 5469 in
1525 5406 1838 5489 synagogis
1888 5404 2083 5477 Quare

424 5503 623 5556 autem
644 5496 789 5557 tales
814 5516 1123 5560 sermones
1140 5500 1200 5560 in
1228 5498 1488 5560 medium
1512 5496 2083 5578 proferebat,quam—

425 5584 512 5645 vis
538 5584 763 5647 sciebat
817 5587 1035 5650 nullam
1073 5589 1213 5671 inde
1254 5589 1565 5671 utilitatem
1626 5596 2077 5669 percepturum,

430 5672 532 5733 sed
556 5673 772 5737 multos
802 5676 979 5739 etiam
1013 5670 1165 5741 inde
1193 5670 1401 5759 τύιίιὶο
1428 5678 1687 5742 edendi?
1716 5680 1863 5741 Nam
1898 5685 1955 5739 et
1983 5674 2083 5736 di-

2246 4615 2269 4649 α
2375 4602 2550 4653 Ταῦτα
2636 4602 2790 4654 εἶπεν
2873 4601 2929 4655 ἓν
2987 4606 3054 4676 τῇ
3116 4606 3401 4679 συναγωγῇ
3457 4598 3717 4656 διδάσκων
3762 4598 3821 4655 ἐν

2172 4685 2536 4763 Καπερναούμ.
2606 4686 2802 4745 Πολλοὶ
2872 4688 2960 4745 οὖν
3018 4689 3338 4754 ἀκούσαντες
3398 4689 3458 4746 ἐκ
3498 4695 3606 4744 τῶν
3638 4692 3821 4756 μαθη-

2166 4781 2271 4830 τῶν
2332 4778 2511 4849 αυτοῦ,
2585 4781 2765 4834 εἶπον*
2804 4776 3045 4858 Σκληρός
3091 4779 3231 4836 ἐστιν
3276 4782 3303 4836 6
3347 4778 3508 4857 λόγος
3533 4779 3708 4851 οὗτος·
3740 4778 3821 4842 τίς

2165 4860 2376 4919 δύναται
2435 4868 2594 4923 αὐτοῦ
2668 4866 2876 4924 ἀκούειν
2925 4886 2941 4941 ;
3020 4867 3180 4932 Εἰδὼς
3211 4867 3265 4925 δὲ
3296 4872 3324 4926 6
3359 4862 3562 4937 Ἰησοῦς
3607 4868 3661 4924 ἐν
3690 4868 3821 4924 ἐαυ-

2166 4960 2265 5026 τῷ,
2340 4952 2420 5009 ὅτι
2490 4958 2801 5035 γογγύζουσι
2874 4960 2991 5037 περὶ
3046 4960 3231 5017 τούτου
3275 4962 3323 5016 οἱ
3355 4960 3587 5035 μαθηταὶ
3636 4958 3819 5034 αὺτοῦ,

2170 5042 2325 5098 εἶπεν
2382 5046 2584 5111 αὐτοῖς’
2673 5055 2837 5105 Τοῦτο
2903 5049 3036 5123 ὑμᾶς
3096 5048 3478 5121 σκανδαλίζεις
3537 5047 3669 5105 Ἐὰν
3727 5049 3816 5104 οὗν

2168 5136 2400 5210 θεωρῆτε
2463 5137 2552 5191 τὸν
2627 5139 2745 5193 Υἱὸν
2804 5144 2895 5194 τοῦ
2950 5138 3225 5217 ἀνθρώπου
3284 5138 3661 5213 ἀναϐαίνοντα,
3691 5137 3823 5194 ὅπου

2168 5221 2231 5287 ἦν
2302 5224 2363 5277 τὸ
2419 5224 2726 5303 πρότερον;
2780 5250 2803 5283 ι
2867 5227 3017 5291 Τίνος
3072 5225 3248 5283 ἕνεκεν
3306 5228 3359 5284 ἐν
3418 5235 3487 5305 τῇ
3537 5232 3825 5305 συναγωγῇ

2166 5309 2430 5368 ἐδίδασκεν
2478 5336 2495 5387 ;
2559 5306 2719 5389 ἿΑμα
2772 5316 2868 5392 μὲν
2926 5318 2986 5372 τὸ
3044 5315 3245 5385 πλῆθος
3275 5321 3524 5397 θηρεῦσαι
3555 5315 3824 5394 βουλόμειι

2167 5424 2277 5475 νος,
2334 5402 2446 5474 ἅμα
2516 5402 2569 5460 δὲ
2632 5403 2901 5462 δεικνύων.
2962 5404 3043 5461 ὅτι
3076 5406 3169 5464 οὐκ
3202 5407 3433 5471 ἐναντίος
3465 5410 3572 5464 εστὶ
3597 5412 3675 5479 τῷ
3726 5405 3825 5461 νό-

2168 5513 2254 5567 μῳ
2310 5500 2387 5567 τῷ
2442 5493 2921 5573 ἀναγινωσκομένῳ
2977 5495 3031 5551 ἐν
3062 5511 3185 5564 ταῖς
3230 5513 3596 5576 συναγωγαῖς.
3671 5496 3827 5553 Διατί

2166 5581 2221 5637 δὲ
2274 5584 2395 5646 τοὺς
2472 5586 2740 5647 τοιούτους
2798 5585 2989 5664 λόγους
3048 5588 3121 5651 εἷς
3180 5590 3240 5645 τὸ
3310 5587 3475 5663 μέσον
3531 5586 3819 5666 προῧφιρι.

2169 5676 2339 5732 καίτοι
2442 5674 2647 5752 μηδένα
2742 5676 2956 5754 μέλλων
3026 5678 3326 5761 ὠφελῆσαι,
3401 5678 3536 5735 ἀλλὰ
3592 5676 3825 5742 πολλοὺς
