4178 6412
355 393 509 461 1313

351 530 715 605 σκανδαλίζειν
786 532 992 610 μᾶλλον
1026 556 1038 610 ς

352 582 711 605 -...,.-....-,,--.
830 582 989 591 ..κω
1121 582 1217 593 ,,,,,
1458 582 1505 591 ,,
1621 582 1807 601 ..-ΨΜ
1862 582 1977 589 _--,

349 621 700 698 ἀκούσαντες,
762 582 944 680 civ-now
1013 582 1042 679 ά
1104 582 1379 704 Eulogii?
1414 582 1616 681 ἐστινΓδ
1645 621 1804 701 λόγος
1836 621 2010 682 οὗτος’

348 711 427 775 τίς
455 710 668 768 δύναται
726 712 884 770 αὑτοῦ
913 712 1126 770 ἀκούειν
1160 732 1177 794 ;
1229 736 1253 770 ο
1292 715 1351 772 Τί
1379 714 1468 771 οὖν
1498 714 1560 770 τὸ
1587 710 1766 793 κέρδος
1798 710 1859 767 ἐκ
1885 710 2008 767 τού-

348 822 454 857 των
513 808 619 858 τῶν
693 802 988 881 ῥημάτωνς
1022 799 1128 863 Καὶ
1159 801 1307 878 μάλα
1374 801 1511 860 πολὺ
1538 804 1628 860 καὶ
1659 803 1823 881 μέγα,
1867 799 2018 858 Ἐπεὶ

350 891 452 969 γὰρ
508 892 821 967 σωματικῆς
849 895 1052 972 τροφῆς
1107 892 1413 969 εμέμνηντο
1483 894 1747 972 συνεχῶς,
1802 891 1892 947 καὶ
1951 891 2013 945 τὸ

354 980 525 1057 μάννα
582 983 656 1047 εἰς
729 980 891 1057 μέσον
950 981 1267 1063 προῦφερον,
1356 981 1603 1040 δεικνύων
1673 985 1879 1056 αὒτοϊς,
1932 979 2011 1036 ὅτι

353 1070 526 1126 πάντα
583 1069 766 1128 ἰκετνα
822 1072 976 1128 τύποι
1034 1071 1173 1140 ἦσαν
1225 1075 1315 1129 καὶ
1372 1073 1520 1146 σκιὰ,
1582 1073 1647 1128 τὰ
1682 1078 1769 1128 νύν
1799 1069 1854 1126 δὲ
1888 1073 2014 1147 παρ’

354 1158 514 1216 αὐτοῦ
579 1158 843 1239 λεγόμενα
894 1163 1081 1238 ιιαῦτειι³
1173 1162 1299 1219 εἷσῖν
1329 1165 1363 1232 ἡ
1396 1160 1643 1234 ἀλήθεια,
1673 1164 1861 1219 τούτου
1891 1160 2010 1216 ἕνε-

350 1268 441 1304 κεν
496 1250 661 1308 ταῦτα
715 1247 886 1329 λέγει,
946 1251 1033 1307 καὶ
1082 1250 1280 1330 τροφῆς
1360 1257 1722 1327 πνευματικῆς
1795 1249 2012 1326 μέμνη-

352 1358 464 1418 ται³
523 1335 617 1395 ἵνα
672 1340 830 1416 πείσῃ
892 1340 1081 1405 αὐτοὺς
1132 1340 1238 1397 ἀπὸ
1285 1340 1392 1397 τῶν
1479 1342 1745 1408 αἰσθητῶν
1832 1345 2013 1404 ποσῶς

353 1426 655 1503 ἀνανεῦσαι,
712 1430 802 1485 καὶ
857 1434 963 1486 τῶν
1020 1430 1200 1487 τύπων
1275 1432 1374 1507 μὲν
1404 1432 1491 1488 καὶ
1524 1430 1617 1499 τῆς
1659 1436 1812 1494 σκιᾶς
1840 1450 2014 1486 κατα-

353 1518 644 1598 φρονῆσαι³
707 1523 777 1594 τῇ
831 1516 885 1575 δὲ
958 1517 1181 1593 ἀληθείᾳ
1223 1517 1615 1599 προσδραμεῖν.
1638 1518 1785 1577 Ἀλλ’
1819 1517 2015 1577 ἐκεῖνοι

355 1602 522 1682 μηδὲν
573 1607 704 1686 ὑπὲρ
774 1608 876 1676 τὴν
932 1608 1183 1677 αἴσθησιν
1257 1623 1403 1668 νοεῖν
1490 1609 1793 1687 δυνάμενοι,
1893 1609 2015 1666 οὔτε

354 1693 710 1778 βιλτιοὺνται,
808 1700 897 1754 καὶ
969 1697 1179 1775 μᾶλλον
1262 1698 1583 1769 ἀποπηδῶσι
1683 1701 1770 1755 καί
1861 1722 2011 1780 φασι.

362 1803 389 1841 ι
427 1784 669 1864 Σκληρός
724 1786 865 1843 ἐστιν
897 1789 925 1843 ὁ
994 1786 1155 1867 λόγος
1213 1789 1393 1870 οὗτος³
1426 1812 1451 1845 ιι
1488 1790 1604 1846 ἀντὶ
1645 1798 1760 1861 τοὺ,
1786 1790 2010 1869 τραχὺς,

1041 396 1491 464 ENARRATIO
1534 398 1617 462 ΙΝ
1661 390 2172 461 EVANGELIUM
2215 387 2561 456 JOANNIS.
2598 422 2671 436 —
2716 390 2883 453 CAP.
2936 390 3038 454 VI.

1121 536 1217 593 Καὶ
1280 536 1381 615 γὰρ
1455 536 1505 591 οἷ
1573 534 1808 609 μαθηταὶ
1859 524 2017 589 αύτοῦ

2104 519 2312 615 scipuli
2345 523 2472 601 ejus
2503 522 2597 583 his
2629 519 3428 615 auditis,dixerun_t,«Durus
3446 530 3533 581 est
3564 538 3763 583 sermo

3602 385 3756 452 1314

2099 608 2220 684 hic,
2253 611 2388 690 quis
2422 620 2609 691 potest
2643 611 2809 671 illum
2836 610 3107 671 audire?»
3135 609 3318 686 Igitur
3348 611 3501 690 quod
3532 610 3758 670 lucrum

2100 717 2170 760 ex
2217 700 2311 762 his
2358 700 2580 763 verbis?
2613 699 2737 762 Imo
2770 701 3090 780 plurimum
3126 709 3186 761 et
3216 701 3561 763 maximum.
3612 697 3755 760 Nam

2100 791 2381 869 quoniam
2417 809 2715 850 memores
2737 798 2911 850 erant
2934 789 3191 851 subinde
3211 789 3330 849 cibi
3349 788 3761 869 corporalis,et

2101 894 2319 941 manna
2342 880 2399 939 in
2427 880 2690 940 medium
2725 878 3131 959 proferebant,
3153 880 3479 939 ostendens
3497 878 3585 939 eis
3600 881 3757 959 quod

2098 968 2300 1028 omnia
2323 969 2425 1030 illa
2447 969 2633 1048 ﬁgura
2659 969 2877 1030 fuerint
2908 977 2964 1029 ct
2999 967 3232 1042 umbra,
3287 987 3417 1048 qua:
3456 976 3651 1029 autem
3684 965 3758 1028 ab

2096 1055 2227 1137 ipso
2257 1076 2416 1120 nunc
2449 1057 2932 1129 introducuntur,
2970 1060 3188 1118 veritas
3219 1057 3336 1118 sint
3365 1078 3378 1119 :
3415 1060 3543 1134 ejus
3573 1060 3760 1137 gratia

2096 1145 2223 1207 haec
2250 1147 2418 1222 dicit,
2452 1157 2511 1208 et
2541 1147 2868 1227 spiritualis
2922 1148 3040 1209 cibi
3102 1148 3468 1209 mentionem
3510 1148 3647 1208 facit
3698 1156 3759 1207 ut

2095 1233 2270 1297 faciat
2305 1256 2408 1297 eos
2464 1256 2498 1297 a
2550 1237 2940 1299 sensibilibus
2995 1237 3369 1318 aliquantum
3421 1255 3754 1317 emergere,

2098 1332 2605 1409 contemnereque
2636 1328 2855 1407 figuras
2887 1336 2944 1388 et
2974 1329 3308 1409 umbras,et
3336 1346 3653 1389 accurrere
3682 1329 3754 1388 ad

2096 1415 2401 1477 veritatem
2415 1417 2553 1480 .Sed
2570 1417 2807 1479 illicuni
2826 1417 2971 1479 nihil
2993 1416 3579 1497 possentintelligere
3595 1418 3753 1497 quod

2099 1522 2277 1586 supra
2302 1524 2568 1579 sensum,
2608 1507 2885 1571 meliores
2918 1527 3035 1569 non
3070 1508 3239 1588 ﬁunt,
3266 1506 3371 1569 sed
3394 1507 3580 1585 magis
3599 1506 3754 1567 resi-

2099 1594 2275 1665 liunt,
2312 1606 2371 1658 et
2403 1597 2648 1662 dicunt:
2683 1624 2705 1656 α
2742 1600 2938 1662 Durus
2969 1607 3055 1660 est
3089 1618 3286 1660 sermo
3318 1598 3474 1671 hic,»
3503 1599 3615 1659 hoc
3638 1607 3750 1671 est,

2098 1705 2294 1767 asper,
2330 1688 2507 1768 etqui
2530 1688 2754 1769 suscipi
2787 1698 3063 1770 nequeat.
3091 1688 3241 1760 Quis
3273 1687 3432 1750 enim
3457 1707 3591 1749 cum
3616 1705 3750 1748 car.-

2097 1774 2249 1836 natis
2280 1778 2377 1848 sit,
2415 1785 2616 1855 posset
2662 1780 2967 1858 suscipere
3012 1778 3387 1859 spiritualem
3440 1778 3665 1858 cibum,
3696 1787 3755 1838 et

356 1873 748 1954 ἀπαράδεκτος.
809 1879 898 1940 Τίς
956 1866 1506 1960 γάρνσαρκικὸξῶν,
1565 1877 1777 1936 δύναται
1820 1866 2011 1957 ’ττάραὲ

2104 1882 2311 1945 panem
2343 1866 2443 1946 qui
2474 1866 2548 1927 de
2581 1868 2729 1929 coelo
2761 1868 3093 1941 descendit,
3130 1876 3189 1929 et
3209 1885 3448 1929 carnem
3481 1886 3613 1946 quae
3641 1884 3750 1929 co-

355 1961 596 2030 δέξασθαι
653 1955 1038 2041 πνευματικὴν
1104 1955 1327 2048 τροφὴν,
1390 1955 1503 2025 καὶ-
1535 1967 1692 2046 ἄρτον
1751 1967 1803 2034 ἐξ
1857 1955 2015 2047 ούρα-

2104 1955 2386 2048 meditur?
2414 1957 2550 2048 {:97
2574 1956 2824 2048 Quando
2852 1966 3051 2048 autem
3083 1957 3253 2017 audis
3284 1956 3444 2048 quod
3475 1955 3752 2036 discipuli

417 2060 440 2070 ,ν
714 2056 726 2076 1
1139 2044 1148 2048 ,
1525 2058 1534 2074 ι
1570 2044 1579 2046 _
1726 2050 1739 2069 ο
1921 2044 1931 2047 -

354 2076 446 2110 νου
500 2052 907 2133 καταϐαινοντα,
969 2058 1057 2114 καὶ
1128 2058 1297 2139 σάρκα
1326 2058 1689 2135 ἒσθιομενηνς
1745 2056 1911 2116 Ὀταν
1956 2053 2011 2111 δὲ

2104 2044 2226 2123 ejus
2254 2046 2565 2121 recedunt,
2600 2066 2674 2109 ne
2718 2047 3087 2109 intellexeris
3129 2065 3231 2108 eos
3286 2045 3387 2127 qui
3438 2064 3574 2107 vere
3613 2056 3751 2107 sunt

358 2142 614 2221 ἀκούσῃς⁷
682 2144 763 2201 ὅτι
826 2147 873 2200 οἱ
946 2134 1209 2222 μαθηταὶ*
1251 2147 1409 2207 αὐτοῦ
1474 2134 1873 2222 γάπεπήδησαν,
1934 2146 2013 2221 μὴ

2104 2134 2507 2217 discipuli,sed
2543 2155 2646 2198 eos
2676 2137 2773 2217 qui
2806 2136 3214 2218 sequebantur
3245 2138 3301 2195 in
3327 2136 3537 2196 ordine
3566 2135 3751 2196 disci-

356 2233 480 2296 τοὺς
535 2232 701 2300 ὅντως
756 2238 998 2311 μαθητὰς
1058 2238 1287 2317 νοήσῃς,
1348 2236 1483 2295 ἀλλὰ
1541 2238 1663 2302 τοὺς
1708 2239 1780 2303 εἰς
1864 2236 2016 2300 τιὶξιν

363 2325 617 2398 μαθητῶν
675 2323 818 2399 αύτῷ
889 2323 1334 2406 ἀκολουθοῦντας,
1395 2328 1483 2383 καὶ
1538 2333 1616 2401 τῷ
1714 2328 2018 2401 φαινομένῳ

360 2414 508 2489 μόνῳ
552 2414 1079 2495 σχηματιζομενους,
1111 2415 1191 2472 ὅτι
1245 2414 1578 2474 διδάσκονται
1650 2414 1777 2495 παρ’
1835 2419 2015 2476 αὐτοῦ.

360 2503 459 2561 Καὶ
499 2503 598 2583 γὰρ
655 2503 709 2561 ἐν
778 2517 898 2570 τοῖς
968 2509 1238 2580 μαθηταῖς
1297 2506 1435 2575 ἦσάν
1478 2528 1639 2586 τινες,
1677 2506 1754 2578 0'2',
1807 2507 1878 2571 ὡς
1923 2503 2018 2580 μὲν

358 2594 491 2671 πρὸς
546 2596 637 2650 τὸν
694 2593 862 2675 ὄχλον
921 2596 1348 2675 συγκρινόμενοι,
1423 2595 1673 2675 ἐλέγοντο
1704 2597 1863 2654 αὐτοῦ
1910 2616 2019 2669 μα-

358 2684 533 2751 θηταί“
596 2684 891 2765 παρέμενον
943 2686 1043 2765 γὰρ
1116 2685 1259 2760 αὐτῷ
1310 2684 1532 2742 πλείονα
1597 2687 1805 2765 καιρὸν,
1882 2684 2019 2762 ἢπερ

363 2775 410 2829 οἱ
470 2772 655 2853 ὃχλοι⁶
715 2775 790 2838 ὼς
846 2771 900 2830 δὲ
944 2777 1076 2853 πρὸς
1120 2775 1242 2838 τοὺς
1274 2773 1555 2845 ἀλῆθινοὺς
1589 2778 1745 2834 αὐτοῦ
1775 2773 2017 2849 μαθητὰς

359 2860 856 2938 παρεξεταζόμενοι,
935 2861 1140 2930 οὐδενός
1198 2863 1333 2932 ἦσαν
1377 2863 1535 2944 ἃξιοι³
1572 2862 1661 2920 ἅτε
1717 2866 1847 2943 πρὸς
1890 2885 2019 2919 και-

361 2951 452 3025 ρξν
509 2950 886 3016 πιστεύσαντες
945 2954 1110 3028 αύτῷ,
1186 2955 1273 3010 καὶ
1306 2954 1413 3011 ἀπὸ
1457 2958 1693 3034 ψυχρᾶς,
1728 2953 1805 3009 ’ἔν’
1850 2951 2018 3015 οὕτως

361 3037 527 3113 εἴπω,
598 3044 947 3121 θερμότητος.
994 3039 1140 3121 ’Ὅρα
1197 3041 1251 3099 δὲ
1280 3044 1555 3111 ἀνοησίαν,
1589 3044 1721 3101 Λέον
1750 3044 1849 3123 γὰρ
1879 3042 2013 3121 ἐρωο

2101 2223 2397 2304 pulorum,
2435 2236 2493 2286 et
2539 2226 2892 2288 videbantur
2939 2228 3187 2304 ﬁguram
3242 2225 3483 2306 quidem
3542 2244 3752 2304 gerere

2101 2312 2558 2397 discipulorum,
2605 2335 2738 2378 cum
2790 2316 3150 2377 docerentur
3194 2316 3267 2375 ab
3300 2334 3394 2377 eo.
3429 2313 3658 2376 Etenim
3694 2324 3749 2376 et

2101 2402 2259 2463 inter
2291 2403 2620 2485 discipulos
2664 2414 2831 2466 erant
2884 2406 3149 2486 quidam,
3196 2403 3296 2485 qui
3346 2407 3417 2464 ad
3462 2404 3748 2478 reliquam

2103 2492 2336 2555 turbam
2369 2495 2562 2556 collati
2588 2494 2939 2556 dicebantur
2961 2495 3090 2574 ejus
3122 2492 3753 2574 discipuli(manebant

2103 2581 2262 2643 enim
2296 2586 2447 2662 apud
2482 2603 2617 2643 eum
2647 2583 2916 2662 longiore
2948 2592 3217 2665 tempore
3248 2601 3423 2664 quam
3443 2581 3749 2662 turbae),ad

2101 2671 2250 2733 alios
2281 2680 2476 2734 autem
2512 2692 2683 2734 veros
2734 2674 3058 2754 discipulos
3088 2673 3310 2747 collati,
3345 2672 3563 2733 nullius
3584 2682 3754 2734 erant

2103 2763 2418 2843 momenti,
2455 2780 2525 2826 eo
2551 2762 2708 2843 quod
2741 2765 2811 2824 ad
2846 2773 3079 2843 tempus
3100 2761 3424 2824 credebant
3457 2762 3536 2842 ei,
3562 2772 3620 2823 et
3642 2761 3750 2822 fri-

2100 2850 2239 2929 gido
2270 2853 2524 2932 quodam
2559 2862 2645 2931 (ut
2666 2857 2753 2913 sic
2774 2853 2993 2931 dicam)
3016 2853 3234 2914 calore.
3262 2850 3410 2915 Vide
3430 2863 3628 2914 autem
3659 2852 3748 2912 in-

2101 2940 2417 3021 sipientem
2449 2942 2711 3003 illorum.
2760 2941 2904 3004 Nam
2947 2942 3246 3003 debebant
3293 2941 3661 3020 interregare
3693 2951 3752 3003 et

2102 3031 2334 3091 discere
2367 3050 2435 3091 ea
2457 3032 3006 3112 quwignorabant:
3052 3040 3110 3093 at
3160 3031 3243 3092 illi
3294 3031 3662 3109 resiliebant,
3692 3044 3751 3095 et

366 3134 550 3211 τῆσαι,
582 3132 670 3187 καὶ
698 3134 890 3208 μαθεῖν
942 3133 1009 3188 τὰ
1056 3132 1411 3211 ἀγνοούμενα,
1487 3135 1535 3191 οἱ
1581 3131 1637 3189 δὲ
1679 3130 2018 3207 ἀποπηδῶσι,

2107 3119 2256 3211 nihil
2278 3119 2664 3211 spiritualiter
2693 3120 3094 3202 exponebant,
3130 3120 3234 3182 sed
3265 3121 3467 3182 omnia
3499 3132 3560 3182 ut
3578 3122 3752 3184 vide—

364 3220 452 3278 καὶ
510 3218 657 3278 ούδὶν
709 3227 1083 3299 πνευματικῶς
1138 3220 1587 3299 ἐκλαμϐάνονται,
1657 3222 1793 3280 ἀλλὰ
1847 3222 2018 3280 πάντα

2106 3208 2495 3273 bantur.Nam
2517 3211 2657 3291 quia
2678 3230 2918 3274 carnem
2939 3211 3567 3288 audierant,putabant
3590 3214 3749 3293 quod

363 3310 499 3370 κατά
568 3313 630 3369 τὸ
699 3312 1035 3393 φαινόμενον.
1094 3312 1244 3370 Ἐπεὶ
1301 3314 1402 3393 γὰρ
1433 3312 1602 3393 σάρκα
1630 3312 1847 3394 ἤκουον,
1894 3313 2017 3369 ἒνόο

2105 3318 2210 3362 eos
2240 3310 2475 3379 cogeret
2512 3301 2711 3362 carnis
2755 3309 2815 3363 et
2845 3300 3151 3379 sanguinis
3180 3300 3307 3363 ﬁeri
3337 3300 3748 3366 devoratores.
3776 3374 3781 3377 _

366 3408 543 3477 μιζον,
599 3400 681 3460 ὅτι
712 3388 724 3393 ⁷
764 3403 1132 3485 σαρκοφάγους
1193 3388 1385 3467 αἰιτοῖις⁷
1452 3388 1732 3483 ἀναγκάζει
1780 3388 2018 3482 γενέσθαι

2104 3389 2256 3464 Quia
2285 3398 2483 3451 autem
2539 3408 2656 3451 non
2683 3389 3072 3470 spiritualiter
3099 3388 3509 3485 intelligimus,
3552 3410 3749 3473 neque

364 3490 454 3547 καὶ
478 3487 833 3571 ,αἶμοὸόρουα
891 3495 953 3551 Οἱ
985 3490 1039 3549 δὲ
1100 3500 1475 3569 πνευματικῶς
1533 3499 1772 3557 νοοῦντες
1829 3493 2015 3567 ἡμεῖς,

365 3577 483 3639 οὔτε
570 3582 895 3661 σαρκοφάγοι
964 3581 1146 3658 ἐσμὲν,
1221 3584 1310 3640 καὶ
1409 3580 1617 3658 μᾶλλον
1703 3582 2024 3662 ἀγιαζόμεθα

364 3666 467 3729 διὰ,
499 3674 600 3736 τῆς
654 3670 904 3739 τοιαὺτης
962 3676 1186 3751 τροφῆς.
1265 3670 1447 3729 Θέλων
1499 3670 1554 3728 δὲ
1614 3669 1782 3738 δεῖξαι
1816 3673 2019 3743 αὐτοῖς,

367 3755 449 3816 ὅτι
501 3760 575 3824 ὡς
606 3760 737 3815 Θεὸν
767 3757 913 3817 οόδὲν
943 3762 1101 3820 αὐτὸν
1143 3760 1385 3818 λανθάνει
1419 3767 1526 3818 τῶν
1555 3762 1610 3818 ἐν
1638 3776 1762 3827 ταῖς
1788 3759 2035 3835 καρδίαις

367 3850 562 3923 αὐτῶν,
638 3848 789 3931 φησί·
844 3868 877 3912 (
938 3849 1102 3909 Τοῦτο
1136 3852 1296 3927 ¹ὗμᾶς
1370 3849 1753 3927 σκανδαλίζει;
1802 3871 1832 3911 )
1898 3851 2022 3909 Ἐὰν

370 3936 459 3995 οὗν
515 3934 670 4007 ἴδητε
730 3940 803 4004 εἰς
861 3941 1080 4019 οὐρανὸν
1138 3940 1505 4021 ἀνερχόμενον
1550 3940 1803 4016 ἐμὲ,.τὸν
1832 3940 2022 4019 φαινό-

369 4047 526 4103 μενον
582 4029 700 4111 ιξὶὸν
771 4029 1066 4110 ἀνθρώπου,
1138 4030 1272 4088 ὅπου
1347 4033 1416 4098 ἦν
1497 4032 1558 4087 τὸ
1634 4032 1887 4111 πρότερον
1949 4033 2022 4093 ὡς

2106 3482 2375 3543 carnium
2407 3489 2706 3541 voratores
2736 3499 2845 3542 nos
2873 3498 3104 3559 sumus,
3138 3480 3258 3541 imo
3308 3481 3754 3545 sanctiﬁcamur

2107 3588 2215 3653 per
2237 3574 2413 3634 talem
2446 3574 2897 3635 cibum.Volens
2919 3585 3115 3634 autem
3139 3573 3453 3635 ostendere
3476 3575 3564 3636 eis
3594 3576 3749 3657 quod

2106 3660 2261 3725 sicut
2290 3664 2447 3726 Deus
2476 3665 2624 3726 nihil
2657 3665 3070 3744 ignoret,quod
3104 3664 3150 3724 si
3181 3666 3243 3725 in
3271 3663 3553 3725 cordibus
3584 3666 3750 3747 ipso-

2105 3769 2264 3831 rum,
2295 3757 2480 3818 dicit:
2525 3783 2544 3814 ι
2576 3757 2699 3820 Hoc
2742 3776 2839 3818 vos
2878 3756 3172 3819 olfendit?
3224 3782 3250 3813 ι
3304 3757 3456 3829 Quid
3489 3757 3669 3837 igitur
3702 3760 3753 3821 si

2104 3842 2373 3910 videritis
2394 3848 2817 3909 ascendentem
2844 3847 2904 3908 in
2926 3847 3141 3910 caelum
3177 3865 3296 3927 me,
3320 3847 3421 3927 qui
3451 3848 3621 3910 vobis
3650 3849 3750 3912 Fi-

2106 3930 2223 3996 lius
2267 3936 2526 3999 hominis
2586 3955 2718 3999 esse
2775 3937 3002 4016 videor,
3036 3935 3138 3997 ubi
3188 3954 3347 3999 eram
3410 3937 3571 4017 prius
3600 3938 3756 4001 sicut

2106 4020 2293 4088 Deus?
2322 4024 2464 4088 Nam
2502 4031 2626 4107 ipse
2666 4027 2935 4089 ascendit
2980 4035 3043 4087 ut
3076 4025 3277 4098 homo,
3314 4025 3414 4087 ubi
3444 4036 3570 4089 erat
3594 4030 3757 4109 prius

370 4117 553 4193 036:;
608 4107 665 4177 ’0
712 4119 811 4199 γὰρ
868 4107 1024 4201 αὐτὸς
1078 4118 1343 4179 ἀναϐαίνει
1402 4122 1477 4185 ὡς
1540 4107 1835 4201 ἄνθρωπος,
1892 4118 2018 4176 ὅπου

2108 4123 2173 4177 ιιι
2201 4114 2378 4177 Deus.
2403 4116 2527 4178 Hoc
2551 4126 2750 4178 autem
2784 4116 2936 4178 dixit
2984 4133 3044 4175 ιιι
3089 4115 3343 4177 abducat
3384 4135 3486 4178 eos
3512 4107 3754 4198 διδ-ομὶ-

368 4208 436 4275 iv
506 4207 568 4263 τὰ
620 4198 873 4287 πρότερον
917 4198 992 4273 ὡς
1043 4212 1200 4275 Θεός,
1231 4219 1396 4270 Τοῦτο
1433 4211 1488 4267 δὲ
1520 4198 1694 4287 εἶπεν,
1728 4210 1822 4269 ἵνα
1877 4210 2018 4268 ἀπα-

2109 4202 2310 4279 nione,
2345 4224 2460 4287 qua
2486 4207 2767 4286 putabant
2797 4226 2933 4268 eum
2964 4205 3155 4267 ﬁlium
3180 4224 3312 4269 esse
3341 4208 3587 4288 Joseph.
3610 4207 3756 4270 Nam

368 4296 513 4377 γάγῃ
544 4298 731 4377 αὐτοὺς
764 4298 870 4355 ἀπὸ
926 4308 1019 4358 τοῦ
1079 4302 1308 4377 νομίζειν
1354 4301 1511 4358 αύτὸν
1568 4301 1713 4359 εἶναι
1739 4302 1847 4358 υτὸν
1904 4299 2018 4357 ἰω-

2108 4295 2208 4374 qui
2226 4296 2420 4359 credit
2446 4299 2605 4376 quod
2637 4297 2697 4357 in
2729 4296 2879 4358 caelo
2904 4308 3031 4357 erat
3055 4296 3244 4375 prius,
3277 4296 3523 4358 omnino
3554 4308 3762 4361 credet

371 4376 503 4468 σήφ.
572 4376 633 4465 Ὀ-
685 4388 805 4478 γὰρ
862 4388 1176 4478 πιστεύσας,
1237 4388 1319 4446 ὅτι
1374 4389 1427 4446 ἓν
1471 4393 1676 4470 οὖρανῴ
1702 4390 1765 4459 ἦν
1794 4391 1856 4478 :0
1887 4389 2018 4470 πρό-

2110 4402 2245 4478 eum
2269 4404 2480 4478 neque
2503 4386 2726 4478 .losepli
2761 4384 3135 4478 esse_lilium,
3180 4385 3283 4445 sed
3324 4383 3454 4463 Dei,
3489 4396 3547 4447 et
3578 4388 3756 4449 fidem

365 4496 543 4557 τερον,
623 4476 834 4541 πάντως
913 4474 1081 4549 δήπου
1178 4479 1446 4536 πιστεὺσει
1532 4481 1687 4538 αὐτὸν
1741 4476 1877 4555 μηδὲ
1932 4485 2018 4537 τοῦ

2107 4473 2351 4536 habebit
2376 4474 2477 4549 iis,
2513 4493 2644 4555 quae
2667 4475 2743 4535 ab
2775 4494 2844 4536 eo
2880 4473 3183 4537 dicuntur.
3221 4479 3365 4535 llum
3416 4485 3616 4538 autem
3648 4496 3757 4538 au-

370 4561 570 4645 Ἰωσὴφ
625 4568 736 4622 υἱὸν
794 4570 958 4643 εἶναι,
1014 4566 1151 4625 ἀλλά
1207 4574 1301 4626 τοῦ
1374 4576 1526 4625 Θεοὺ⁶
1562 4569 1649 4625 καὶ
1678 4566 1865 4624 λοιπὸν
1891 4580 2018 4624 πετ-

2107 4564 2296 4625 dieris
2320 4565 2474 4645 quod
2508 4565 2695 4627 Filius
2733 4563 2993 4626 hominis
3025 4575 3149 4625 erat
3178 4563 3239 4624 in
3291 4563 3441 4625 caelo
3471 4584 3636 4644 prius
3686 4586 3761 4629 ne

368 4657 617 4726 σθήσεται
690 4670 807 4722 τοῖς
879 4656 1007 4736 παρ’
1061 4659 1219 4716 αὐτοῦ
1275 4656 1611 4737 λεγομένοις,
1674 4656 1913 4715 Ἀκούων
1943 4655 2018 4731 δὲ,

2110 4664 2280 4736 putes
2294 4655 2448 4736 quod
2469 4675 2538 4717 ex
2562 4655 2711 4716 coelo
2730 4654 3112 4716 descenderit
3131 4657 3764 4734 corpus,utMarcellus

368 4747 447 4803 ὃτι
506 4748 534 4802 ὃ
609 4748 730 4811 Υἱὸς
759 4754 853 4805 τοῦ
895 4747 1167 4828 ἀνθρώπω
1203 4749 1259 4805 ἐν
1290 4750 1495 4829 οὖρανῷ
1524 4752 1591 4818 ἦν
1633 4750 1694 4805 τὸ
1746 4748 2018 4825 πρότερον,

2109 4752 2165 4806 et
2190 4744 2587 4826 Apollinarius
2618 4743 3029 4806 hazresiarchae
3059 4743 3386 4805 delirarunt
3414 4762 3427 4807 :
3464 4745 3569 4807 sed
3623 4748 3762 4828 quia

369 4836 448 4912 μὴ
500 4836 678 4912 νόμιζε
750 4835 830 4894 ὅτι
906 4836 958 4902 ἐξ
1012 4839 1231 4917 ούρανοῦ
1287 4836 1489 4906 κατέϐη
1543 4840 1603 4895 τὸ
1655 4846 1813 4912 σέιμα
1851 4842 2018 4914 (τοῦτο

2107 4854 2262 4896 unus
2292 4849 2349 4898 et
2380 4835 2538 4897 idem
2572 4844 2698 4897 erat
2725 4834 2905 4897 Filius
2928 4834 3278 4908 hominis,et
3299 4834 3456 4895 Deus
3474 4836 3758 4914 Verbum,

371 4928 470 5005 γὰρ
554 4924 862 5005 Μαρκέλλου
940 4934 1032 4985 τοῦ
1116 4930 1457 5010 αἰρεσιάρχου
1514 4929 1603 4985 καὶ
1659 4924 2018 5006 Ἀπολιναρίου

2110 4925 2351 4998 dicitur,
2384 4926 2535 4987 sicut
2570 4925 3185 4999 diximus,ascendere
3216 4934 3282 4985 ut
3306 4927 3615 5002 homo,uhi
3638 4936 3766 4988 erat

372 5017 433 5072 τὸ
507 5015 919 5097 παραλήρημα).
981 5017 1100 5075 ἀλλ’
1172 5015 1357 5088 ἐπειδὴ
1406 5020 1493 5085 εἷς
1524 5018 1618 5076 καί
1686 5020 1714 5074 ὁ
1748 5019 1904 5082 αὐτὸς
1961 5017 2024 5086 ἧν

2111 5017 2275 5096 prius
2302 5024 2362 5077 ut
2389 5016 2567 5078 Deus.

380 5106 499 5169 Υἱὸς
557 5113 653 5165 τοῦ
712 5106 989 5187 ἀνθρώπου
1044 5111 1133 5167 καὶ
1193 5111 1325 5174 Θεὸς
1380 5109 1577 5188 Λόγος,
1636 5108 1770 5167 καθὰ
1826 5107 2080 5187 εἴπομεν,
2139 5106 2433 5166 ἀναϐαίνειν
2492 5111 2564 5170 ὡς
2610 5105 2904 5187 ἄνθρωπος,
2952 5107 3083 5166 ὅπου
3141 5108 3207 5175 ἦν
3270 5111 3330 5165 τὸ
3385 5110 3637 5188 πρότερον
3690 5112 3762 5171 ὡς

376 5197 529 5260 Θεός.

458 5310 481 5344 α
536 5289 608 5345 Τὸ
673 5290 879 5365 πνεῦμά
899 5288 1009 5346 ἐστι
1040 5292 1102 5347 τὸ
1127 5297 1443 5363 ζωοποιοῦν*
1491 5295 1528 5362 ἡ
1558 5288 1684 5371 σὰρξ
1730 5291 1823 5347 οὒκ
1878 5290 2025 5371 ὡφε-

372 5378 460 5435 λετ
510 5375 679 5441 οὒδὲν.
755 5380 831 5437 Τὰ
883 5377 1097 5459 ῥήματα
1172 5378 1205 5437 ἂ
1259 5380 1369 5459 ἐγὼ
1411 5378 1561 5438 λαλῶ
1608 5382 1764 5457 ὑμῖν,
1820 5378 2026 5455 πνεῦμά

373 5468 484 5525 ἐστι
541 5468 629 5526 καὶ
682 5469 797 5541 ζωή
822 5467 985 5532 ἐστιν.
1065 5469 1214 5528 Ἀλλ’
1264 5470 1363 5527 εἰσί
1431 5492 1569 5535 τινες
1602 5468 1654 5535 ἐξ
1709 5471 1858 5546 ὑμῶν
1887 5468 1943 5527 o’i’
1968 5471 2027 5527 ού

374 5581 730 5625 πιστευουσιν.
789 5549 957 5631 ’ᾘδει
1016 5562 1117 5642 γὰρ
1201 5559 1254 5627 ἐξ
1330 5560 1503 5641 ἀρχῆς
1533 5563 1561 5618 ὁ
1594 5560 1823 5635 ⁹ιησοῡς,
1886 5581 2027 5629 τινες

374 5650 500 5705 εἰσιν
570 5654 617 5707 οἱ
680 5652 757 5727 μὴ
830 5651 1188 5711 πιστεύοντες.
1240 5652 1327 5707 καὶ
1358 5652 1433 5716 τὲς
1464 5653 1607 5708 ἐστιν
1640 5653 1666 5707 ὁ
1700 5647 2027 5730 παραδώσων

374 5740 551 5799 αὐτόν.
620 5765 642 5797 ν
708 5740 959 5817 Ἐπειδὴ,
1019 5744 1093 5806 ὡς
1162 5740 1423 5806 πολλάκις
1477 5740 1730 5822 εἴπομεν,
1765 5743 2029 5820 σαρκικοῦς

2192 5289 2368 5350 Vens.
2396 5288 2494 5365 64,
2519 5288 2620 5351 65.
2655 5313 2673 5343 ι
2706 5286 2966 5369 Spiritus
3012 5296 3101 5351 est
3151 5287 3251 5368 qui
3300 5287 3585 5364 viviﬁcat,
3626 5306 3763 5351 caro

2111 5396 2230 5440 non
2255 5380 2497 5459 prodest
2521 5379 2868 5459 quidquam.
2906 5378 3107 5443 Verba
3135 5396 3268 5459 qua
3291 5396 3399 5457 ego
3422 5378 3637 5459 loquor
3668 5397 3766 5439 vo-

2111 5465 2226 5545 bis,
2248 5468 2495 5549 spiritus
2527 5478 2585 5529 et
2608 5467 2723 5529 vita
2746 5467 3031 5531 sunt.Sed
3063 5476 3204 5530 sunt
3232 5468 3470 5549 quidam
3504 5489 3570 5530 ex
3602 5468 3766 5530 vobis

2107 5557 2210 5640 qui
2243 5579 2361 5620 non
2385 5558 2654 5621 credunt.
2685 5556 2938 5621 Noverat
2960 5558 3120 5621 enim
3157 5557 3229 5619 ab
3257 5557 3426 5619 initio
3441 5556 3639 5632 Jesus,
3664 5557 3765 5640 qui

2110 5658 2311 5711 essent
2360 5668 2480 5710 non
2521 5648 2864 5732 credentes,
2928 5659 2987 5712 et
3040 5649 3171 5731 quis
3228 5649 3565 5730 proditurus
3611 5658 3770 5711 esset

2110 5739 2328 5827 ipsum.
2370 5764 2397 5797 ι
2430 5735 2747 5820 Quoniam,
2803 5748 2870 5802 ιιι
2911 5758 3070 5822 saepe
3111 5737 3391 5815 diximus,
3452 5738 3773 5813 carnaliter,
