4178 6402
432 378 582 442 1315

1392 371 1984 439 THEOPHYLACTI
2031 368 2440 434 BULGARLE
2481 367 2841 433 ARCHIEP.

3671 375 3829 441 i316

423 522 784 594 exponentes
816 530 885 572 ea
909 530 1042 592 quae
1073 509 1424 572 dicebantur
1445 527 1480 569 a
1508 507 1765 587 Christo,
1798 505 2059 567 ol'l‘ende-

2154 500 2581 594 έκλαμβάνοντες
2648 503 2714 565 τά
2789 502 3056 583 λεγόμενα
3147 508 3290 587 παρά
3372 515 3466 566 τοῦ
3567 517 3819 590 Χριστοῦ,

422 603 655 676 bantur,
701 603 845 664 dicit
879 599 1032 682 quod
1068 599 1467 681 Spiritualiter
1491 598 1820 675 intelligere
1843 614 1915 657 ea
1943 614 2074 675 quae

420 693 698 754 dicuntur
733 712 766 753 a
804 711 918 760 me,
976 691 1085 751 hoc
1134 690 1322 750 solum
1360 687 1636 769 prodest;
1673 706 1813 746 caro
1844 695 2067 754 autem,

422 784 533 844 hoc
567 780 1000 854 est,carna|iler
1023 779 1125 839 illa
1147 796 1468 856 exponere,
1498 776 1640 836 nihil
1673 775 1932 855 prodest,
1965 772 2071 834 sed

421 871 762 934 oﬂ'endiculi
793 869 1022 931 occasio
1051 870 1134 931 ﬁt.
1176 867 1269 929 Sic
1303 867 1484 944 igitur
1515 866 1600 927 illi
1621 865 1718 944 qui
1750 864 2071 925 carnaliter

417 961 880 1041 audiebantquae
901 978 933 1019 a
955 959 1189 1019 Christo
1207 953 2064 1029 dicebantur,oti‘cndebantur.

420 1050 629 1114 Subdit
649 1050 846 1130 igitur,
863 1047 1092 1110 «Verba
1113 1066 1241 1128 quae
1259 1065 1365 1124 ego
1384 1043 1865 1125 loquor,spiritus
1879 1051 2036 1116 sunt,
2052 1091 2067 1118 ,

418 1141 531 1202 hoc
551 1148 662 1214 est,
696 1137 1024 1220 spiritualia
1052 1146 1249 1210 sunt,-
1285 1144 1346 1196 et
1379 1134 1512 1205 vita,
1550 1133 1695 1194 nihil
1716 1134 1954 1194 carnale
1971 1133 2070 1193 ha-

419 1229 640 1310 bentia,
694 1239 749 1290 et
800 1229 969 1289 vitam
1022 1226 1328 1288 aﬂ‘erentia
1375 1235 1676 1286 aeternam.
1735 1220 2070 1284 Ostendens

415 1329 610 1383 autem
638 1318 874 1381 deitatis
903 1335 1035 1378 esse
1062 1315 1436 1395 dignitatem,
1469 1312 1733 1374 revelare
1779 1331 1911 1393 qua
1960 1331 2066 1373 oc-

416 1409 574 1470 culta
603 1417 760 1483 sunt,
787 1407 932 1468 dicit
958 1406 1028 1468 ad
1063 1425 1165 1467 eos
1202 1427 1213 1464 :
1255 1431 1280 1460 α
1316 1406 1464 1467 Sunt
1493 1403 1733 1483 quidam
1785 1421 1853 1463 ex
1907 1401 2068 1462 vobis

414 1497 515 1579 qui
550 1516 665 1562 non
690 1497 964 1560 credunt.
995 1521 1019 1550 ι
1057 1495 1274 1556 Dicens
1304 1499 1531 1564 autem,
1567 1517 1592 1547 α
1627 1491 2066 1572 quidaln,ndis-

414 1588 643 1668 cipulos
674 1586 928 1666 excepit.
965 1584 1105 1647 598
1138 1585 1210 1646 Et
1232 1582 1588 1662 evangelista
1620 1583 1822 1642 volens
1859 1589 2064 1643 osten-

2156 591 2610 669 ἐσκανδαλίζοντο,
2674 595 2856 675 φησὶν,
2917 595 3022 673 ὅτι,
3104 598 3175 656 T0
3255 607 3624 675 πνευματικῶς
3674 615 3822 659 νοεῖν

2154 685 2217 740 τὰ
2299 683 2566 762 λεγόμενα
2636 682 2763 763 παρ’
2832 687 2986 767 ὶμοῦ,
3050 688 3203 745 τοῦτό
3261 688 3459 746 έστιτὸ
3489 689 3749 770 ὠφελοῦνο
3780 694 3818 760 ἡ

2154 772 2209 829 δὲ
2265 773 2417 854 σὰρξ,
2476 773 2739 854 τουτέστι,
2801 778 2863 832 τὸ
2946 781 3210 856 σαρκικῶς
3282 779 3413 835 αὐτὰ
3485 777 3815 862 ἐκδέχεσθαι,

2155 861 2302 922 οὐδὲν
2358 862 2587 944 ὠφελεῖ,
2675 862 2813 921 ἀλλὰ
2915 865 3212 924 σκανδάλου
3293 869 3508 950 ἀφορμή
3589 861 3814 948 γίνεται,

2153 952 2302 1009 Οὕτω
2372 950 2438 1020 δὴ
2519 954 2666 1009 αὐτοὶ
2723 963 2992 1032 σαρκικῶς
3039 956 3320 1024 ἀκούοντες
3358 965 3465 1015 τῶν
3506 962 3650 1039 παρὰ
3678 967 3816 1038 Χρι-

2153 1050 2277 1099 στοῦ
2333 1041 2666 1123 λεγομένων,
2728 1043 3184 1117 εσκανδαλίζοντο.
3222 1047 3500 1129 Ἐπιφὲρει
3543 1049 3653 1126 οὖν³
3704 1048 3816 1126 ὅτι,

2159 1150 2188 1190 (
2245 1133 2321 1190 Τὰ
2389 1133 2624 1210 ῥήματα,
2686 1132 2723 1190 ἅ
2807 1134 2916 1213 ἐγὼ
2946 1134 3120 1218 λαλῶ,
3151 1140 3358 1196 πνεῦμά
3399 1139 3536 1216 ἐστι,
3571 1158 3602 1200 ι
3651 1162 3811 1196 τουτ-

2153 1221 2284 1289 έστι,
2347 1223 2680 1297 πνευματικά
2736 1222 2871 1298 ἐστι,
2940 1249 2967 1281 ι
3042 1228 3130 1283 καὶ
3179 1228 3290 1299 ζωὴ
3348 1228 3512 1308 ἔστιν,
3561 1249 3590 1289 ι
3664 1228 3813 1289 οὐδὲν

2152 1310 2351 1390 ἔχοντα
2410 1315 2684 1391 σαρκικὸν,
2755 1315 2842 1371 καὶ
2911 1317 3052 1386 ζωὴν
3150 1316 3497 1397 προξενοῦντα
3574 1320 3811 1384 αἰώνιον,

2155 1401 2420 1458 Δεικνύων
2462 1400 2516 1458 δὲ
2563 1404 2626 1460 10
2696 1409 2792 1471 τῆς
2840 1405 3094 1473 θεότητος
3152 1407 3382 1485 ἀξίωμα,
3428 1410 3488 1466 το
3533 1409 3812 1468 ἀποκαλύ-

2153 1512 2302 1548 πτειν
2351 1493 2489 1572 φημὶ
2561 1493 2628 1548 τὰ
2683 1495 3046 1574 κεκρυμμένα,
3107 1499 3236 1578 φησί
3289 1500 3422 1577 πρὸς
3482 1501 3696 1577 αὐτοὺς,
3730 1499 3814 1560 δτι

2159 1602 2182 1638 α
2249 1583 2360 1638 Είσί
2415 1603 2555 1646 τινες
2614 1581 2666 1649 έξ
2720 1585 2893 1665 ὑμῶν,
2953 1587 3004 1642 οἳ
3039 1587 3100 1644 οὗ
3157 1591 3517 1650 πιστεύουσιν.
3570 1613 3596 1647 ι
3635 1592 3812 1649 Εἰπὼν

413 1667 559 1739 dere
589 1678 747 1753 quod
778 1675 850 1736 ab
881 1673 1046 1736 initio
1080 1672 1285 1734 mundi
1308 1674 1505 1734 omnia
1526 1670 2059 1750 cognoverit,dicit:

2150 1667 2227 1746 δὲ,
2294 1695 2317 1724 ι
2390 1673 2553 1746 τινὲς,
2592 1696 2619 1727 ι
2654 1674 2776 1738 τοὺς
2822 1677 3064 1746 μαθητὰς
3095 1675 3421 1757 ὑπεξήγαγε.
3456 1681 3555 1737 Καὶ
3585 1681 3613 1736 ὁ
3645 1681 3813 1759 εὐαγ-

420 1766 542 1826 αΑί]
567 1766 734 1828 initio
762 1773 997 1826 noverat
1027 1763 1199 1826 Jesus
1223 1763 1546 1844 quiessent
1576 1781 1694 1822 non
1726 1762 2059 1839 credentes,

2150 1760 2403 1839 γελιστὴς
2474 1761 2642 1817 θέλων
2712 1765 2847 1838 ἡμῖν
2927 1762 3115 1842 δεῖξαι,
3177 1768 3256 1823 ὃτι
3314 1771 3416 1850 πρὸ
3501 1767 3814 1839 καταϐολῆς

411 1857 656 1936 insuper
686 1866 743 1916 et
777 1855 1104 1934 proditoris
1159 1853 1443 1915 malitiam
1473 1873 1486 1914 ε
1513 1872 1628 1933 quo
1661 1862 1824 1914 certe
1857 1872 2059 1914 mons-

2150 1853 2350 1926 κόσμου
2407 1851 2579 1941 πάντα
2642 1852 2920 1931 έγίνωσκε,
2954 1857 3140 1935 φησὶν,
3193 1857 3300 1938 ὃτι,
3337 1848 3423 1923 Ἐξ
3454 1858 3632 1938 ἀρχῆς
3690 1860 3810 1941 ὖγί-

414 1946 681 2008 trabatur
727 1945 939 2010 deitas.
993 1946 1142 2007 Nam
1195 1944 1487 2024 propheta
1544 1943 1737 2024 inquit
1781 1942 1855 2003 de
1886 1944 2007 2006 Deo
2044 1963 2058 2006 :

2148 1963 2346 2030 νωσκεν
2404 1943 2431 1998 ὁ
2485 1938 2714 2020 Ἰησοῦς,
2775 1943 2914 2008 τίνες
2973 1947 3099 2003 εἰσὶν
3179 1949 3226 2004 οἱ
3278 1948 3356 2024 μὴ
3447 1938 3810 2030 πιστεύοντες,

417 2061 444 2091 ι
480 2034 590 2108 Qui
621 2034 845 2097 sciebat
875 2035 1075 2096 omnia
1103 2035 1444 2119 priusquam
1480 2035 1604 2114 ipsa
1635 2031 1986 2094 ﬁerent“...

2148 2030 2222 2089 ἔτι
2272 2028 2327 2087 δὲ
2383 2031 2472 2087 καὶ
2528 2039 2623 2088 τοῦ
2705 2031 2962 2119 προδότου
3019 2038 3115 2104 τὴν
3209 2037 3492 2117 πονηρίαν
3553 2037 3684 2119 ὅπερ
3739 2028 3809 2108 ἦν

414 2125 640 2194 ἀληθοῦς
685 2128 936 2194 θεότητος
1005 2123 1243 2191 ἔνδειξις,
1310 2116 1366 2182 Ὀ
1418 2127 1516 2204 γὰρ
1574 2125 1856 2204 προφήτης
1912 2127 2030 2197 περὶ
2086 2134 2179 2184 τοῦ
2232 2129 2364 2179 Θεοῦ
2422 2143 2584 2203 φησιν
2619 2139 2636 2155 ⁸
2679 2142 2708 2181 ε
2768 2116 2826 2181 Ὀ
2885 2123 3034 2190 εἰδὼς
3083 2128 3149 2184 τὰ
3179 2116 3364 2184 πάντα
3395 2129 3517 2208 πρὶν
3547 2116 3810 2207 γενέσεως

410 2217 602 2275 αὐτῶν.
646 2240 668 2272 ι

490 2307 677 2368 Vens.
706 2305 923 2368 66-68.
942 2305 1044 2366 uEt
1072 2304 1308 2366 dicebat
1343 2326 1356 2368 :
1382 2308 1702 2385 Propterea
1723 2305 1842 2366 dixi
1873 2304 2062 2380 vobis,

409 2395 567 2476 quod
600 2414 775 2456 nemo
808 2402 997 2475 potest
1019 2394 1219 2455 venire
1252 2395 1324 2455 ad
1359 2413 1475 2469 me,
1513 2395 1628 2454 nisi
1663 2395 1837 2456 fuerit
1869 2395 1923 2457 ei
1954 2394 2060 2456 da-

413 2493 534 2545 tum
565 2503 598 2545 a
633 2487 803 2546 Patre
833 2503 988 2546 meo.
1016 2482 1097 2544 Ex
1129 2502 1199 2545 eo
1229 2492 1498 2563 tempore
1544 2484 1711 2544 multi
1737 2483 2064 2565 discipulo-

407 2593 540 2637 rum
565 2577 694 2655 ejus
714 2575 990 2638 abierunt
1023 2585 1496 2649 retrorsum,nec
1527 2575 1780 2650 amplius
1815 2576 2065 2637 cumillo

409 2665 980 2728 ambulabant.Dixit
1010 2683 1146 2743 ergo
1179 2667 1348 2727 .lesus
1373 2664 1446 2728 ad
1469 2665 1807 2729 duodecim:
1841 2665 1991 2727 Num
2010 2676 2064 2728 et

416 2774 517 2815 vos
545 2755 718 2816 vultis
748 2754 943 2815 abire?
979 2781 1003 2810 π
1033 2758 1200 2834 Smpe
1235 2755 1510 2829 diximus,
1539 2755 1774 2836 quando
1807 2757 2064 2818 audieris

411 2845 566 2926 quod
600 2847 773 2906 Pater
801 2845 900 2905 dat
932 2847 1108 2906 ﬁdem
1136 2845 1193 2905 in
1219 2844 1456 2917 Filium,
1489 2866 1562 2907 ne
1583 2846 1888 2908 existimes
1907 2847 2061 2927 quod

405 2933 540 2997 aliis
572 2933 904 2996 benefaciat
938 2937 1111 2996 Pater
1155 2954 1303 3015 quos
1363 2945 1659 3016 segreget,
1697 2937 1827 2998 aliis
1865 2947 2058 2999 autem

405 3042 560 3086 non:
598 3026 709 3086 huc
733 3026 893 3086 enim
927 3025 1146 3103 injuste
1176 3025 1405 3104 agentis
1450 3036 1631 3102 esset;
1666 3027 1769 3088 sed
1802 3028 1920 3088 illis
1949 3027 2059 3087 be-

405 3114 852 3197 nefacereputa
884 3117 1142 3190 Patrem,
1179 3125 1237 3176 et
1267 3117 1384 3176 illis
1425 3116 1565 3177 dare
1614 3116 1837 3178 donum
1895 3117 2056 3192 ﬁdei,

2236 2327 2264 2358 α
2333 2305 2431 2362 Καὶ
2486 2301 2661 2382 ἔλεγεο
2721 2306 2818 2364 Διὰ
2877 2312 3035 2363 τοῦτο
3091 2305 3288 2386 εἴρηκα
3333 2309 3484 2384 ὑμῖν,
3518 2308 3598 2365 ὅτι
3644 2308 3810 2375 οὐδεὶς

2149 2390 2360 2450 δύναται
2435 2391 2608 2450 έλθεῐν
2693 2396 2823 2472 πρὸς
2887 2396 2982 2476 μὲ,
3041 2396 3130 2452 ἐὰν
3176 2397 3254 2472 μὴ
3284 2399 3320 2475 ᾗ
3351 2395 3630 2475 δεδομένον
3665 2401 3812 2475 αὖτῷ

2149 2484 2209 2538 εκ
2295 2489 2388 2539 τοῦ
2472 2483 2676 2562 Πατρός
2707 2507 2836 2558 μου.
2869 2485 2967 2542 Ἐκ
2995 2486 3179 2542 τούτου
3210 2486 3398 2544 πολλοὶ
3441 2488 3680 2557 ἀπῆλθον
3700 2497 3808 2547 τῶν

2151 2575 2405 2646 μαθητῶν
2465 2576 2624 2631 αὐτοῦ
2680 2575 2755 2637 εἷς
2811 2575 2874 2632 τὰ
2927 2575 3119 2652 ὀπίσω,
3179 2577 3266 2633 καὶ
3322 2577 3416 2635 οὐκ
3439 2576 3514 2635 ἔτι
3547 2579 3666 2655 μετ’
3705 2583 3810 2639 αὖ·

2147 2668 2240 2718 τοῦ
2301 2661 2673 2740 περιεπάτουν.
2752 2663 2891 2720 Εῖπε
2943 2662 2998 2719 δὲ
3059 2667 3087 2721 ὁ
3147 2662 3352 2733 Ἰησοῦς
3418 2681 3538 2732 τοῖς
3576 2666 3805 2726 δώδεκα’

2149 2750 2236 2818 Μὴ
2289 2753 2377 2808 καὶ
2423 2752 2583 2826 ὑμεῖς
2641 2750 2818 2809 θέλετε
2847 2753 3065 2833 ὑπάγειν
3104 2772 3120 2830 ς
3156 2779 3184 2810 ι
3234 2755 3500 2822 Πολλάκις
3549 2758 3807 2839 εἴπομεν,

2145 2840 2226 2898 δτι
2276 2841 2402 2898 ὅταν
2464 2842 2723 2919 ἀκούσῃς,
2776 2846 2850 2908 ὡς
2908 2846 2936 2901 ὁ
2992 2845 3174 2925 Πατὴρ
3229 2844 3406 2904 δίδωσι
3439 2849 3536 2917 τὴν
3579 2850 3656 2913 εἰς
3713 2851 3810 2905 τὸν

2149 2934 2268 2988 ι’ἱὸν
2327 2933 2522 3007 πίστι-ι,
2601 2935 2678 3009 μὴ
2746 2939 2993 3015 νομίσῃς,
3053 2936 3134 2992 ὃτι
3168 2934 3360 3000 ἄλλους
3386 2939 3487 3013 μὲν
3535 2940 3807 3018 εὐεργετεῖ

2145 3023 2172 3076 ὁ
2232 3026 2417 3102 Πατὴρ
2447 3023 2582 3079 κατὰ
2637 3022 3036 3102 ἆποκλὴρωσιν,
3071 3023 3260 3091 ἄλλους
3291 3025 3345 3082 δὲ
3380 3026 3440 3084 οὔ
3470 3046 3485 3088 :
3521 3035 3674 3086 τοῦτο
3703 3030 3807 3108 γὰρ

2143 3108 2450 3177 ἀδικοῦντάς
2534 3111 2701 3194 ἐστιν,
2789 3111 2908 3169 ἀλλ’
2971 3114 3200 3179 ἐκείνους
3266 3115 3565 3196 εὖεργετεϊν
3620 3119 3805 3196 νόμιζε

404 3204 620 3285 quibus
650 3213 1007 3285 cooperatur
1033 3204 1246 3266 electio
1296 3214 1357 3267 et
1387 3205 1674 3267 voluntas.
1711 3209 1860 3271 Nam
1893 3206 1993 3288 qui
2026 3230 2054 3267 a

2148 3201 2232 3258 τὸν
2304 3201 2536 3283 Πατέρα,
2593 3205 2682 3259 καὶ
2746 3203 2968 3268 ὶκείνοις
3015 3203 3210 3262 διδόναι
3269 3207 3366 3274 τὴν
3422 3212 3524 3288 τῆς
3571 3210 3805 3273 πίστεως

402 3281 697 3355 voluntate
729 3281 845 3355 non
870 3294 1202 3375 adjuvatur,
1241 3294 1473 3357 etiamsi
1501 3314 1534 3356 a
1560 3298 1680 3358 Deo
1713 3281 2054 3378 assumitur,

2148 3287 2370 3369 δωρεὰν,
2450 3281 2604 3355 ήὸσοις
2680 3293 2984 3371 προαίρεσις
3065 3306 3329 3375 συνεργεῖ.
3417 3287 3473 3355 Ὀ
3560 3300 3660 3378 γὰρ
3720 3299 3805 3374 μὴ

403 3400 519 3444 non
564 3383 815 3464 percipit
869 3384 1183 3446 utilitatem
1221 3407 1234 3444 :
1289 3393 1352 3445 ut
1399 3384 1657 3465 exempli
1707 3385 1894 3464 gratia
1923 3387 2059 3467 quid

2148 3379 2247 3436 ὑπὸ
2295 3385 2393 3448 τῆς
2451 3381 2808 3462 προαιρέσεως
2879 3384 3314 3466 συνεργούμενος,
3371 3385 3488 3444 οὐδὲ
3543 3389 3645 3445 ὑπὸ
3704 3395 3804 3445 τοῦ

402 3473 626 3536 dicam:
661 3474 953 3537 Omnibus
985 3474 1081 3536 dat
1111 3473 1285 3542 Deus,
1326 3474 1432 3536 sed
1467 3475 1576 3537 hoc
1607 3475 1844 3556 quidam
1871 3483 1928 3538 et
1958 3495 2059 3537 su-

2149 3477 2280 3527 Θεοῦ
2345 3471 2887 3550 προσλαμϐανόμενος
2945 3473 3264 3554 ὠφελεῖται.
3343 3477 3472 3533 Οἷόν
3521 3499 3570 3532 τι
3625 3475 3769 3555 λέγω

406 3572 570 3625 munt
603 3563 779 3638 bene,
811 3572 868 3626 et
898 3572 1145 3626 utuntur
1194 3585 1265 3626 eo
1323 3564 1482 3645 quod
1525 3564 1722 3634 datur.
1757 3575 1815 3627 et
1859 3574 2059 3627 custo-

2148 3564 2283 3616 Πᾶσι
2341 3559 2546 3618 δίδωσιν
2603 3565 2631 3620 ὁ
2691 3565 2845 3641 Θεὸς,
2878 3561 2998 3620 ἀλλ’
3069 3566 3118 3622 οἱ
3159 3567 3258 3642 μὲν
3296 3567 3384 3624 καὶ
3442 3564 3794 3645 λαμϐάνουσι,

403 3653 634 3714 dientes
664 3655 1163 3728 illud,ostendunt
1192 3654 1299 3716 Dei
1329 3654 1831 3728 donum.Quidam
1858 3664 2052 3717 autem

2148 3651 2235 3706 καὶ
2305 3653 2542 3731 χρῶνται
2598 3650 2778 3718 καλῶς
2848 3660 2926 3729 τῷ
2968 3652 3252 3733 δεδομένῳ,
3306 3658 3394 3714 καὶ
3447 3655 3799 3736 φυλάττοντες

400 3743 717 3824 recipiunt:
754 3746 858 3806 sed
891 3763 960 3806 ea
993 3763 1124 3826 quae
1175 3744 1413 3819 dantur,
1465 3744 1846 3825 disperdunt,
1882 3745 1964 3806 ita
1994 3753 2059 3807 ut

398 3833 544 3895 nihil
573 3835 877 3915 accepisse
904 3835 1241 3896 videantur.
1278 3836 1523 3908 Quando
1576 3836 1754 3912 igitur
1797 3854 2055 3912 evange-

399 3923 532 3985 lista
562 3924 729 3999 dicit,
789 3924 912 3986 Nisi
970 3926 1149 3987 fuerit
1199 3925 1378 3988 alicui
1419 3926 1617 3987 datum
1652 3945 1684 3987 a
1717 3929 1908 4001 Patre,
1939 3946 2054 3987 non

399 4013 610 4089 poterit
638 4012 840 4075 venire
867 4015 939 4075 ad
974 4014 1211 4090 Filium,
1261 4016 1371 4077 hoc
1421 4015 1586 4087 dicit,
1648 4015 1758 4077 Ille
1788 4014 1949 4077 venit
1982 4015 2052 4074 ad

397 4100 738 4171 Filium,cui
771 4103 1016 4165 daturus
1047 4112 1137 4164 est
1166 4103 1483 4178 Pater,lioc
1517 4113 1675 4178 e~t,a
1701 4124 1820 4185 quo
1845 4113 2051 4166 custo-

394 4189 582 4251 ditum
639 4191 823 4254 fuerit
877 4193 1099 4254 donum
1155 4214 1187 4255 a
1230 4195 1354 4256 Deo
1388 4194 1545 4275 quod
1581 4195 1664 4254 illi
1699 4194 1901 4255 datum
1939 4202 2050 4257 est.

401 4279 725 4341 (Abierunt
749 4283 924 4362 igitur
949 4283 1115 4343 multi
1133 4284 1411 4364 discipuli
1438 4293 1616 4345 retro:
1636 4303 1821 4365 sum,lt
1837 4285 1947 4345 hoc
1967 4292 2054 4346 est

397 4368 733 4431 diviserunt
766 4391 830 4432 se
849 4390 881 4433 ει
902 4373 1195 4449 Magistro.
1211 4387 1270 4434 et
1297 4374 1593 4454 progressi
1615 4383 1752 4435 sunt
1774 4393 1890 4435 non
1913 4393 2052 4454 pro-

395 4457 685 4534 ﬁcientes,
713 4462 816 4522 sed
847 4470 1166 4538 retrosum,
1196 4465 1307 4525 hoc
1335 4466 1512 4540 est,in
1545 4463 2049 4530 incredulitatem.

2142 3738 2293 3817 αὐτὸ,
2346 3741 2633 3800 δεικνύουσι
2702 3744 2804 3811 τὴν
2831 3755 2924 3805 τοῦ
2953 3745 3085 3802 Θεοῦ
3114 3743 3336 3817 δωρεάν,
3410 3749 3472 3806 Οἱ
3504 3746 3560 3804 δὲ
3588 3745 3802 3824 λαμϐά-

2141 3851 2284 3886 νουσι
2343 3832 2465 3907 μὲν,
2526 3830 2851 3918 ἀπολλύντες
2926 3832 2979 3890 δὲ
3027 3835 3095 3892 τὰ
3163 3834 3438 3914 δεδομένα,
3525 3839 3798 3918 φαίνονται

2141 3919 2309 4009 μηδὲν
2335 3919 2610 3987 λαϐόντες.
2646 3913 2824 3982 υΟταν
2882 3927 2972 3982 οὗν
3019 3923 3154 4005 λέγῃ
3185 3929 3212 3983 ὁ
3256 3913 3666 4009 εὐαγγέλια-της,
3712 3927 3796 3985 ὅτι

2144 3999 2267 4068 Ἐὰν
2322 4011 2402 4086 μὴ
2456 4011 2493 4092 ᾖ
2542 4010 2820 4089 δεδομένον
2877 4017 2979 4071 τινὶ
3037 3999 3246 4075 ἐκῃτοῦ
3290 3999 3524 4098 ηῷτρδς,
3558 3999 3618 4078 οὗ
3647 3999 3801 4076 δόνα-

2140 4122 2224 4157 ται
2251 4100 2425 4159 ἐλθεῖν
2452 4105 2586 4181 πρὸς
2633 4105 2724 4159 τὸν
2766 4105 2902 4181 ῐῖὸν,
2956 4112 3113 4164 τοῦτο
3154 4105 3323 4188 λέγει,
3378 4107 3478 4174 ὅτι,
3551 4107 3798 4174 Ἐκεῖνος

2139 4189 2356 4271 ἔρχεται
2404 4194 2536 4272 πρὸς
2605 4195 2696 4251 τὸν
2753 4196 2895 4270 Υίὸν,
2971 4200 3119 4271 ᾧτινι
3183 4195 3338 4254 δώσει
3369 4201 3398 4255 ὁ
3437 4201 3640 4280 Πατήρ,
3674 4197 3797 4267 ἤτοι

2137 4280 2263 4370 παρ’
2322 4283 2382 4338 οὗ
2441 4281 2737 4364 φυλαχθείη
2794 4286 2828 4353 ἡ
2899 4286 3162 4364 γενομένη
3224 4289 3367 4360 αὐτῷ
3450 4292 3594 4370 παρὰ
3663 4296 3800 4347 Θεοῦ

2138 4368 2326 4448 δωρεά.
2408 4394 2435 4427 ε
2509 4372 2779 4442 Ἀπῆλθον
2827 4377 2916 4432 οὗν
3136 4377 3326 4436 πολλοὶ
3392 4386 3499 4437 τῶν
3532 4368 3796 4456 μαθητῶν

2138 4463 2211 4525 είς
2269 4462 2334 4519 τὰ
2391 4463 2586 4522 ὀπίσω.
2648 4488 2676 4520 ι
2737 4466 3029 4542 τουτέστιν,
3104 4469 3498 4550 ἀποσχίσαντες
3579 4470 3796 4535 ἑαυτοὺς

397 4547 545 4610 Nam
574 4566 786 4612 revera
816 4551 915 4632 qui
949 4553 1210 4633 seiqsum
1247 4573 1279 4615 a
1300 4555 1529 4618 Christo
1563 4553 1796 4629 dividit.
1821 4563 2053 4616 retror-

2148 4558 2230 4608 τοῦ
2304 4551 2656 4636 Διδασκάλου,
2717 4557 2813 4612 οὐκ
2868 4557 2943 4621 εἷς
2999 4547 3288 4637 προκοπὴν
3334 4558 3624 4639 προῆλθον,
3675 4559 3796 4616 ἀλλ’

395 4655 526 4700 sum
559 4639 714 4701 vadit
751 4663 762 4703 :
794 4641 892 4722 qui
925 4651 1118 4702 autem
1149 4643 1477 4704 secundum
1514 4642 1755 4703 Paulum
1790 4643 2055 4705 adhaeret

397 4726 672 4804 Domino,
699 4749 936 4811 semper
968 4750 1031 4793 se
1064 4735 1332 4794 extendit
1387 4734 1461 4794 ad
1496 4733 1798 4794 anteriora
1814 4733 1888 4796 ⁵³,
1925 4733 2057 4814 Ipse

393 4827 590 4880 autem
639 4823 962 4885 ostendens
1015 4823 1171 4902 quod
1223 4824 1446 4884 nullius
1477 4823 1567 4884 vel
1619 4823 1933 4884 ministerii
1967 4824 2054 4885 vel

395 4925 552 4970 cura;
583 4912 740 4991 quod
792 4910 904 4972 sibi
953 4911 1377 4992 impendebant
1428 4913 1712 4992 indigeat,
1748 4913 1889 4974 dicit
1914 4913 2000 4975 eis
2038 4941 2050 4986 ;

399 5020 422 5055 (ι
479 5001 638 5062 Num
706 4999 886 5061 etiam
938 5019 1038 5061 vos
1087 5001 1261 5063 vultis
1331 5003 1542 5065 abire?
1595 5001 1789 5075 Qaui'e
1859 5012 2052 5067 autem

394 5106 513 5150 non
575 5091 758 5168 magis
808 5091 1078 5154 laudavit
1128 5091 1474 5172 duodecim,
1540 5093 1699 5174 quod
1753 5110 1870 5153 non
1916 5112 2049 5155 cum

395 5175 527 5237 aliis
575 5178 770 5244 abacti
813 5177 1083 5242 fuerunt?
1116 5182 1335 5243 Partim
1379 5183 1515 5262 quia
1541 5181 1817 5244 servabat
1849 5181 2047 5261 digni-

475 5312 535 5364 5³
566 5313 714 5379 Dan.
750 5332 877 5392 xm,
917 5316 1017 5379 49.
1108 5316 1159 5361 ⁵³
1193 5318 1453 5401 Philipp.
1487 5336 1573 5392 tu,
1608 5321 1700 5384 l3.

2141 4643 2214 4705 εἷς
2279 4643 2346 4697 τὰ
2405 4644 2598 4724 ὀπίσω,
2653 4645 2951 4723 τουτέστιν,
3019 4649 3092 4712 είς
3167 4649 3435 4706 ἀπιστίαν·
3523 4657 3601 4725 τῷ
3681 4649 3793 4707 ὄντι

2140 4733 2262 4812 γὰρ,
2328 4735 2355 4788 ὁ
2416 4735 2602 4792 ἑαυτὸν
2673 4735 2986 4816 ἀποσχίζων
3015 4741 3108 4794 τοῦ
3151 4743 3403 4821 Χριστοῦ,
3435 4744 3509 4804 είς
3534 4743 3600 4798 τὰ
3622 4743 3798 4798 ὀπίσω

2140 4822 2374 4878 ἄπεισιν·
2437 4826 2464 4880 ὁ
2535 4821 2589 4880 δὲ
2649 4827 2787 4882 κατὰ
2844 4827 3050 4887 Παῦλον
3096 4829 3440 4907 κολλώμενος
3487 4839 3565 4907 τῷ
3599 4833 3793 4913 Κυρίῳ,

2140 4911 2221 4967 ἀεὶ
2277 4926 2395 4977 τοῖς
2445 4912 2738 4992 ἔμπροσθεν
2797 4916 3177 4983 ἐπεκτείνεται,
3238 4921 3407 4987 Αὐτὸς
3466 4919 3520 4978 δὲ
3592 4911 3795 4987 δεικνὺς

2139 5001 2220 5058 ὅτι
2278 5005 2338 5059 οὒ
2407 4999 2577 5061 δέεταί
2631 5029 2802 5088 τινος,
2863 5007 2980 5064 οὐδὲ
3038 5015 3136 5078 τῆς
3200 5002 3332 5092 παρ’
3381 5017 3554 5072 αὐτῶν
3595 5016 3798 5071 τούτων

2138 5091 2403 5156 διακονίας
2463 5092 2496 5161 ἦ
2547 5098 2852 5176 θεραπείας,
2911 5096 3057 5179 λέγει
3115 5102 3245 5180 πρὸς
3317 5103 3528 5167 αὐτοὺς·
3607 5127 3635 5159 α
3701 5104 3794 5173 Μὴ

2136 5188 2224 5243 καὶ
2293 5188 2451 5263 ὑμεῖς
2512 5188 2690 5247 θέλετε
2751 5193 2969 5272 δπάγειν
3024 5212 3039 5268 ;
3104 5218 3131 5251 ι
3171 5197 3267 5252 Διὰ
3297 5197 3347 5253 τὶ
3376 5194 3431 5252 δὲ
3463 5196 3668 5273 μᾶλλον
3699 5197 3793 5255 οὐκ

1480 5457 1556 5516 Ex
1591 5451 1910 5516 collatione
1940 5455 2118 5518 codd.
2158 5455 2371 5522 Venet.
2406 5459 2468 5524 S.
2503 5461 2707 5524 Marci.

485 5580 782 5668 (941_Qod.
817 5584 918 5666 30,
968 5589 1000 5655 ἡ
1033 5587 1294 5665 γενομένη
1357 5590 1494 5664 αὒτῲ
1538 5591 1678 5668 παρὰ
1752 5597 1881 5646 Θεοῦ
1934 5591 2042 5648 δω-

2128 5603 2257 5690 est,
2276 5605 2334 5690 et
2356 5601 2464 5690 .qui
2493 5618 2558 5662 se
2582 5600 2828 5690 dignum
2846 5601 3192 5690 accipiendi
3216 5605 3588 5690 prestitel'it.
3608 5608 3790 5676 Abie-

397 5665 511 5740 ρεὰ,
541 5664 630 5720 καὶ
658 5662 716 5726 ὃς
767 5662 979 5736 ποιήσει
1013 5662 1196 5724 ἑαυτὸν
1239 5669 1379 5734 ἄξιον
1408 5662 1500 5727 τά)
1549 5662 1758 5727 λαϐεῖν.
1825 5668 2039 5740 Ἀπῆλ-

397 5745 444 5767 .-
541 5746 602 5767 4'.
680 5766 702 5767 ρ
779 5765 799 5767 η
851 5745 873 5767 Ἰ
1005 5748 1121 5767 n__
1183 5765 1226 5767 μ-
1265 5766 1282 5767 7
1322 5747 1368 5767 I'\
1645 5747 1660 5767 Ι
1696 5748 1772 5767 ⁶ΙΙ“
1853 5749 1866 5767 I
1917 5761 1928 5767 -

2148 5662 2264 5740 mit
2293 5662 2471 5758 igifur
2503 5662 2919 5767 multi,iiietc;

394 5745 480 5797 σον
534 5746 642 5818 οὗν,
678 5766 730 5805 κ.
771 5765 821 5805 τ.
851 5745 904 5806 λ.
939 5771 965 5802 σ
1003 5748 1234 5810 Donum
1258 5766 1293 5808 ιι
1322 5747 1469 5825 D00,
1505 5747 1664 5830 quod
1693 5748 1782 5811 illi
1833 5749 2036 5814 datum
