4178 6446
310 378 458 445 1317

304 604 488 673 ἄλλοις
522 628 539 690 ς
577 599 742 687 Ὀμοῦ
796 610 896 687 μὲν
950 599 1127 690 τηρῶν
1183 612 1245 667 τὸ
1301 611 1380 687 τῷ
1408 599 1706 688 διδασκάλῳ
1754 614 1956 693 πρέπον

304 694 535 776 ἀξίωμα,
593 702 729 776 ὁμοῦ
781 698 836 756 δὲ
890 698 1138 759 δεικνύων
1208 706 1296 758 καὶ
1324 702 1491 783 ἡμῖν,
1532 702 1613 759 ὅτι
1659 700 1743 763 διὰ
1772 705 1958 762 τούτου

312 784 520 863 μᾶλλον
572 788 881 869 ἐφέλκεσθαι
954 791 1049 849 106
1118 792 1314 872 τρόπου
1364 790 1587 854 ἔνεστιν.
1638 796 1697 852 Ei
1727 794 1824 869 μὲν
1858 796 1957 876 γὰρ

307 878 558 955 ὶπήνεσε,
618 878 716 939 κάν
790 881 983 939 ἔπαθόν
1028 905 1078 939 τι
1150 882 1499 962 ἀνθρώπινον,
1532 884 1622 940 καὶ
1665 882 1957 956 ἠλαζονεύ-

313 990 499 1050 σαντο,
564 973 870 1052 χαρίζεσθαι
928 976 1071 1048 αύτῷ
1145 972 1377 1049 οἰόμενοι
1447 970 1532 1029 διὰ
1578 978 1676 1041 τῆς
1728 973 1959 1031 ἀκολου-

312 1059 543 1129 θήσεως,
618 1064 687 1120 Τὸ
771 1060 825 1119 δὲ
882 1060 1164 1144 δεικνύναι,
1196 1063 1267 1129 ὡς
1292 1062 1350 1119 06
1379 1061 1550 1120 δεῖται
1580 1065 1680 1131 τῆς
1728 1062 1958 1122 ἀκολου-

310 1149 516 1218 θήσεως
587 1155 783 1226 αὐτῶν,
856 1151 1062 1224 μᾶλλον
1124 1152 1309 1217 αὐτοὺς
1390 1152 1614 1221 ἠδύνατο
1678 1152 1955 1237 κατέχειν,

309 1239 383 1302 ὡς
456 1240 921 1320 εύεργετουμὲνους
980 1240 1209 1323 μᾶλλον,
1282 1242 1319 1311 ἢ
1378 1244 1801 1324 εὐεργετοῦντας,
1874 1247 1961 1303 καὶ

308 1326 680 1404 λαμϐάνοντας
750 1333 935 1413 χάριν,
1013 1331 1051 1401 ἢ
1126 1329 1385 1394 διδόντας.
1460 1333 1659 1391 Σκόπει
1709 1332 1787 1409 δὲ,
1848 1341 1961 1401 πῶς

309 1420 538 1486 συνετῶς
603 1422 782 1485 εἶπεν,
843 1422 951 1481 Οὒκ
1019 1423 1146 1480 εἷπε
1226 1423 1350 1504 γὰρ,
1429 1421 1739 1482 Ἀπέλθετεο
1807 1434 1963 1485 10610

306 1509 409 1588 γὰρ
464 1510 844 1587 ἀπωθουμένου
889 1513 977 1581 ἦν’
1034 1511 1151 1569 ἀλλ’
1225 1515 1420 1593 ἱρωτᾷ⁹
1500 1536 1528 1569 α
1599 1515 1689 1582 Μὴ
1783 1513 1961 1573 θέλετε

312 1599 582 1681 ὒπάγειν;
648 1624 677 1656 ι
754 1600 883 1681 ὅπερ
942 1604 1010 1670 ἦν
1068 1603 1254 1669 αὖτοὺς
1339 1606 1523 1660 ποιοῦν
1613 1606 1816 1682 κυρίους
1870 1614 1963 1662 106

312 1686 624 1747 ἀκολουθεῖν
704 1693 793 1749 καὶ
868 1693 969 1769 μή“
1071 1690 1387 1769 δεικνύντος,
1462 1691 1543 1750 ὅτι
1601 1694 1662 1750 ού
1716 1693 1960 1772 βούλεται

1030 383 1473 450 ENARRATIO
1512 379 1587 449 IN
1628 383 2131 451 EVANGELIUM
2176 383 2521 449 JOANNIS.
2566 418 2641 429 -—
2671 379 2836 446 CAP.
2886 384 2988 448 VI.

301 514 530 593 ἐπῄνεσε
579 518 704 602 τοὺς
762 517 986 601 δώδεκα,
1054 521 1129 584 ὡς
1189 521 1266 596 μὴ
1338 520 1772 602 συναπαχθέντας
1832 536 1951 586 τοῖς

2054 526 2215 581 atem
2274 518 2501 581 doctori
2575 517 3028 581 convenientem
3080 538 3093 581 :

3545 379 3699 446 1318

3156 520 3367 601 partim
3410 521 3549 603 quia
3580 522 3693 584 hoc

2042 609 2216 669 modo
2252 612 2439 688 megis
2470 608 2684 670 attrahi
2718 618 3009 690 poterant.
3042 607 3187 671 Nam
3221 610 3530 690 siquidem
3561 613 3691 675 lau—

2041 701 2263 773 classet,
2296 700 2445 760 forte
2487 700 2811 761 humanum
2873 699 3151 779 quiddam
3205 700 3357 779 passi
3411 702 3688 784 fuissent,

2041 789 2293 870 factique
2316 789 2754 867 arrogantiores
2784 788 3226 853 existimassem
3248 809 3314 852 se
3346 792 3429 853 illi
3460 793 3691 873 gratiﬁ-

2047 879 2167 941 cari
2196 888 2436 960 propter
2489 879 2957 942 comitationem.
2993 882 3106 941 Per
3136 878 3244 942 hoc
3276 890 3502 959 autem,
3536 885 3694 966 quod

2044 969 2470 1032 demonstravit
2515 970 2601 1030 eis
2648 988 2713 1030 se
2762 968 2981 1031 nullius
3058 969 3330 1049 indigere
3383 976 3690 1050 comitatu.

2047 1061 2230 1140 magis
2282 1060 2473 1140 potuit
2513 1078 2616 1120 eos
2660 1059 2997 1141 continere,
3031 1079 3101 1121 eo
3148 1062 3305 1143 quod
3335 1065 3693 1131 beneﬁcium

2043 1149 2235 1228 potius
2266 1148 2748 1239 accipiantquam
2779 1157 3079 1229 praestent:
3114 1159 3173 1212 et
3199 1154 3492 1236 accipiant
3515 1160 3700 1239 magis

2046 1256 2221 1318 quam
2248 1239 2411 1298 dent.
2444 1247 2502 1299 et
2530 1237 2845 1299 considera
2874 1257 3049 1319 quam
3086 1241 3413 1321 prudenter
3434 1237 3652 1312 dixerit
3679 1281 3693 1324 ε

2047 1347 2164 1389 non
2197 1327 2355 1390 enim
2398 1325 2567 1400 dixit,
2600 1326 2797 1400 Abite,
2834 1328 2945 1388 hoc
2976 1329 3137 1390 enim
3169 1333 3515 1413 repellentis
3546 1339 3698 1402 fuis—

2047 1429 2137 1479 set
2171 1439 2185 1481 :
2223 1419 2326 1479 sed
2376 1416 2783 1494 interrogavit,
2815 1440 2841 1473 ε
2877 1415 3028 1479 Num
3064 1419 3239 1482 vultis
3285 1422 3483 1488 abire?
3519 1454 3541 1486 ι
3570 1428 3697 1502 Quo

2048 1508 2226 1569 verbo
2264 1507 2352 1569 eis
2394 1505 2649 1569 liberum
2673 1507 3611 1590 faciebat,sequerentur.necne:
3641 1531 3700 1583 et

2049 1597 2492 1659 demonstrabat
2523 1597 2677 1688 quod
2706 1598 2887 1688 nollet
2932 1617 3035 1688 eos
3068 1603 3402 1665 reverentia
3431 1626 3571 1688 erga
3603 1629 3693 1684 se,

2047 1688 2315 1751 comitari
2350 1705 2414 1749 se
2443 1707 2458 1751 :
2491 1687 2593 1749 sed
2619 1696 2683 1748 nt
2716 1687 2938 1749 scirent
2966 1687 3325 1754 beneﬁcium
3373 1687 3516 1759 esse
3540 1699 3696 1781 quod

315 1777 502 1841 αὐτοὺς
572 1777 715 1838 αἰδοῖ
773 1789 838 1856 τῇ
888 1784 1018 1862 πρὸς
1062 1783 1220 1840 αὺτὸν
1247 1780 1560 1840 ἀκολουθεῖν
1617 1786 1778 1859 αύτῷ,
1828 1782 1962 1840 ἀλλὰ
1991 1813 2026 1863 Β
2050 1785 2393 1859 sequantur.

317 1869 453 1943 μετά
496 1879 591 1930 τοῦ
619 1870 777 1951 χάριν
807 1869 993 1931 εἰδέναι
1024 1871 1154 1951 ὑπὲρ
1183 1881 1275 1931 τοῦ
1304 1870 1642 1937 ἀκολουθεῖν,

403 1980 428 2017 ε
491 1956 777 2041 ’Δπεκρίθη
863 1962 1008 2045 αὖτῴ
1075 1962 1256 2037 Σίμων
1328 1963 1545 2044 Πέτρος⁶
1601 1965 1778 2044 Κύριε,
1837 1966 1969 2045 πρὸς

314 2050 429 2107 τίνα
486 2048 940 2129 ἀπελευσόμεθα;
995 2043 1238 2129 Ῥήματα
1309 2043 1454 2124 ζωῆς
1540 2043 1771 2111 αἰωνίου
1798 2043 1965 2135 ἔχεις⁸

314 2141 401 2196 καὶ
458 2140 625 2217 ἡμεῖς
698 2144 1149 2219 πεπιστεύκαμεν,
1197 2143 1285 2199 καὶ
1314 2142 1646 2222 ἐγνώκαμεν,
1682 2143 1761 2201 ὅτι
1808 2146 1869 2202 σὺ
1912 2148 1969 2201 εἴ

314 2232 343 2286 ὁ
401 2232 627 2307 Χριστὸς
658 2233 687 2287 ί.
732 2232 850 2298 Υἱὸς
878 2242 973 2292 τοῦ
1016 2232 1148 2290 Θεοῧ
1190 2239 1282 2289 τοῦ
1310 2238 1533 2303 ζῶντος.
1566 2230 1851 2313 Ἀπεκρίθη
1880 2235 1967 2292 αύ-

312 2331 432 2384 τοῖς
462 2320 490 2376 ό
521 2316 752 2388 Ἰησοῦςο
781 2323 888 2381 Οὐκ
921 2322 1030 2400 ἐγὼ
1056 2324 1193 2399 ὑμᾶς
1224 2324 1345 2386 τοὺς
1372 2320 1573 2380 δώδεκα
1602 2322 1920 2401 ἐξελεξάμην
1945 2343 1963 2406 ;

318 2410 416 2467 Καὶ
471 2409 525 2476 ἐξ
554 2411 701 2486 ὑμῶν
731 2414 813 2478 εἷς
840 2409 1084 2479 διάϐολός
1128 2412 1268 2469 ἐστιν
1303 2432 1322 2488 ;
1356 2412 1391 2440 ’¹
1406 2412 1567 2491 Ελεγε
1598 2411 1652 2469 δὲ
1696 2416 1787 2472 τὸν
1835 2414 1968 2471 Ἰού·

320 2496 411 2555 δαν
474 2500 716 2575 Σίμωνος
790 2500 1158 2578 ’[σκαρίωτην⁹
1219 2505 1371 2567 οὗτος
1429 2504 1529 2583 γὰρ
1562 2502 1786 2580 ἔμελλεν
1810 2504 1967 2560 αύτὸν

318 2587 679 2673 παραδιδόναι,
736 2592 822 2656 εἷς
878 2590 952 2648 ὤν
1012 2592 1072 2648 ἐκ
1112 2599 1218 2649 τῶν
1248 2589 1470 2652 δώδεκα.
1532 2614 1559 2651 ε
1606 2592 1965 2673 Φιλόστοργος

316 2676 391 2737 ὧν
448 2680 477 2736 ό
535 2679 729 2760 Πέτρος
778 2683 866 2739 καὶ
908 2680 1247 2763 φιλάδελφος,
1281 2682 1410 2763 ὑπὲρ
1441 2684 1637 2748 παντὸς
1668 2682 1966 2761 ἀπολογεῖ·

315 2791 405 2827 ται
460 2776 553 2828 τοῦ
610 2778 801 2851 χοροῦ.
863 2775 936 2830 06
963 2773 1062 2851 γὰρ
1091 2776 1239 2854 εἷπε,
1288 2774 1464 2853 Κύριε,
1496 2776 1626 2852 πρὸς
1670 2774 1785 2830 τίνα
1827 2772 1966 2830 ἀπε-

313 2858 624 2936 λεύσομαις
683 2863 781 2919 Καὶ
835 2861 913 2918 ὅτε
975 2861 1235 2943 ’Ἔγνωκα
1288 2864 1378 2919 καί
1425 2865 1771 2943 πεπίστευκα,
1803 2863 1963 2939 ἀλλὰ,

321 2973 344 3007 ε
394 2953 533 3031 Πρὸς
560 2951 675 3007 τίνα
719 2950 1115 3029 ἀπελευσόμεθα
1152 2968 1168 3028 ;
1203 2973 1235 3011 ι
1280 2955 1369 3011 γαὶ
1409 2956 1476 3011 τὰ
1506 2953 1651 3023 ἐξῆς.
1701 2959 1855 3023 Ζωῆς
1914 2950 1968 3011 δε

2134 1956 2317 2020 Vens.
2352 1957 2955 2039 69-72.:liespondit
2986 1978 3126 2040 ergo
3157 1962 3210 2023 ei
3235 1964 3441 2028 Simon
3465 1966 3695 2034 Petrus:

2050 2047 2191 2110 ὅθεν
2222 2047 2573 2122 Domine,ad
2607 2066 2783 2128 quem
2815 2046 3067 2110 ibimus?
3098 2051 3286 2114 Verba
3310 2056 3443 2118 vita:
3462 2069 3701 2123 aeternae

2052 2139 2257 2214 habes,
2295 2147 2354 2201 et
2386 2157 2490 2199 nos
2520 2137 2821 2199 credimus
2851 2148 2906 2199 et
2937 2146 3320 2217 cognovimus
3351 2149 3507 2227 quod
3543 2159 3602 2212 tu
3635 2170 3699 2213 es

2049 2229 2315 2293 Christus
2348 2228 2529 2291 Filius
2552 2229 2656 2291 Dei
2679 2228 3164 2311 vivi.l{espondit
3185 2233 3272 2295 eis
3289 2237 3700 2304 JesuszNonne

2048 2339 2158 2397 ego
2198 2338 2299 2381 vos
2329 2317 2647 2380 duodecim
2677 2317 2915 2396 elegi?et
2952 2338 3019 2380 ex
3050 2321 3212 2383 vobis
3247 2344 3397 2387 unus
3428 2328 3701 2392 diabolus

2049 2408 2414 2472 est?Dicebat
2442 2413 2640 2471 autem
2664 2408 2739 2469 de
2767 2409 2919 2469 Juda
2948 2408 3210 2473 Simonis
3245 2413 3559 2483 lscariotaa.
3590 2418 3698 2482 Hic

2051 2500 2209 2560 enim
2244 2498 2580 2579 proditurus
2613 2506 2740 2558 erat
2768 2516 3069 2571 eum,cum
3104 2511 3261 2563 esset
3282 2524 3432 2567 unus
3456 2526 3524 2569 ex
3556 2510 3702 2571 duo-

2051 2589 2269 2652 decim.
2313 2615 2334 2645 ε
2373 2586 2582 2649 Petrus
2613 2606 2745 2680 cum
2778 2596 2957 2680 esset
3001 2600 3234 2680 amator
3274 2594 3546 2673 fratrum,
3594 2618 3699 2680 pro

2053 2680 2368 2741 totochoro
2397 2676 2740 2757 respondet.
2776 2678 2899 2737 Non
2933 2677 3090 2739 enim
3118 2680 3286 2759 dixit,
3324 2676 3609 2759 Domine,
3626 2690 3700 2749 ad
3782 2716 3789 2721 ·

2051 2788 2225 2851 quem
2260 2768 2387 2831 ibo?
2418 2769 2789 2858 eI,_Cognovi
2823 2774 2883 2827 et
2913 2769 3169 2850 credidi,
3197 2774 3323 2846 sed,
3371 2776 3490 2837 «Ad
3524 2797 3701 2858 quem

2050 2859 2333 2921 ibimus?»
2362 2855 2634 2919 etc.Vitaa
2665 2864 2864 2917 autem
2896 2867 3139 2920 aeternae
3171 2862 3349 2923 verba
3382 2855 3699 2928 Dominum

2051 2949 2273 3011 habere
2294 2948 2463 3027 dicit,
2499 2949 2636 3027 quia
2657 2948 2958 3008 audiverat
2990 2967 3124 3009 eum
3158 2951 3481 3029 dicentem,
3512 2981 3533 3011 υ
3556 2955 3699 3016 Eum

314 3039 524 3098 αἰωνίου
592 3038 806 3119 ῥήματα
890 3040 1040 3124 ἔχειν
1108 3043 1201 3099 τὸν
1276 3044 1462 3122 Κύριόν
1534 3066 1719 3124 φησιν,
1778 3040 1964 3111 ἐπειδὴ

2054 3043 2150 3123 qui
2175 3040 2366 3102 credit
2382 3038 2446 3119 in
2471 3036 3058 3111 me,resuscitabo,et
3081 3039 3318 3102 habebit
3339 3046 3513 3105 vitam
3535 3057 3699 3108 teter-

310 3126 535 3197 ἤκουσεν
596 3130 755 3189 αὐτοῦ
805 3128 1082 3213 λέγοντος,
1148 3132 1229 3190 ὅτι
1288 3153 1312 3190 ε
1387 3135 1488 3192 Τὸν
1539 3135 1852 3225 πιστεὺοντα
1884 3134 1955 3197 εἰς

311 3219 406 3296 bis}
468 3219 776 3298 ἀναστήσω,
834 3225 922 3280 καὶ
978 3222 1079 3289 ἔξει
1110 3223 1252 3295 ζωὴν
1294 3224 1526 3288 αἰώνιον,
1580 3246 1605 3283 ε
1660 3213 1811 3293 "Han
1859 3224 1960 3303 γὰρ

317 3309 416 3378 τὴν
471 3309 757 3394 ἀνάστασιν
820 3311 961 3370 οὗτοι
1005 3311 1378 3394 παρεδέξαντο,
1411 3315 1499 3372 καὶ
1527 3320 1702 3371 πᾶσαν
1745 3315 1844 3382 τὴν
1874 3313 1960 3370 δι-

317 3397 627 3462 δασκαλίαν.
690 3391 866 3459 ιὨοντε
917 3405 976 3460 06
1002 3391 1216 3481 ῥήματα
1258 3404 1395 3473 ἦσαν
1423 3405 1490 3461 τὰ
1528 3402 1959 3483 σκανδαλίζοντα,

318 3488 459 3548 ἀλλὰ
528 3492 615 3548 καὶ
670 3492 707 3561 ἡ
749 3491 1028 3573 ἀπροσεξία
1053 3496 1141 3552 καὶ
1169 3496 1204 3565 ἦ
1246 3494 1491 3574 ῥᾳθυμία,
1521 3496 1609 3552 καὶ
1638 3497 1672 3563 ἡ
1705 3494 1965 3575 ἀγνωμο-

319 3581 449 3650 σύνη
520 3587 625 3640 τῶν
677 3582 1000 3650 ἀκουόντων,
1039 3590 1136 3645 Καὶ
1182 3588 1282 3667 γὰρ
1325 3589 1412 3644 καὶ
1460 3588 1604 3646 οὗτοι
1674 3589 1719 3645 οἱ
1764 3584 1968 3644 δώδεκα

316 3672 383 3731 τὰ
433 3672 564 3729 αὐτὰ
619 3670 837 3747 ἤκουον,
909 3676 998 3732 καὶ
1072 3674 1220 3752 ὅμως
1292 3679 1386 3734 οὒκ
1464 3674 1965 3756 ἐσκανδαλίσθησαν,

317 3758 439 3817 ἀλλ’
481 3760 722 3839 ἔμειιαν.
767 3764 828 3821 Τί
857 3763 946 3820 οὖν
974 3764 1004 3821 ό
1033 3767 1258 3845 Χριστός
1287 3787 1304 3848 ;
1339 3754 1470 3847 ’Λρα
1504 3766 1714 3824 ἐπαινεῖ
1742 3754 1962 3846 Πέτρον,

315 3849 495 3938 ὥσπερ
553 3849 800 3933 ἀλλαχοῦ
857 3861 1014 3914 τοῦτο
1067 3855 1367 3932 ἐποίησεν;
1424 3856 1704 3938 Οὐδαμῶς,
1752 3857 1846 3913 ἵνα
1889 3858 1967 3933 μὴ

312 3936 462 4022 δόξῃ,
507 3938 589 3998 ὅτι
645 3940 922 4002 κολακεύει
982 3943 1066 4002 διὰ
1122 3946 1183 4002 10‘
1239 3960 1568 4028 παραμεῖναι
1600 3936 1766 4023 αὐτῷ.
1799 3944 1968 4004 Ἀλλὰ

312 4032 362 4087 τί
387 4031 532 4112 λέγει
598 4034 730 4114 πρὸς
786 4036 880 4091 τὸν
944 4035 1139 4114 Πέτρον
1172 4058 1189 4120 ;
1223 4036 1368 4118 Ἐγὼ
1414 4039 1512 4116 μὲν
1540 4039 1678 4115 ὑμᾶς
1723 4035 1965 4103 ἐξελεξά-

316 4145 427 4199 μην
479 4122 603 4187 τοὺς
639 4122 863 4197 δώδεκα,
897 4124 1041 4195 πλὴν
1087 4126 1204 4186 οὐδὲ
1245 4130 1404 4206 ὑμεῖς
1447 4127 1680 4193 ἅπαντες
1712 4127 1831 4184 ἐστε
1869 4131 1968 4193 τῆς

317 4210 547 4291 ὶκλογῆς
606 4211 761 4289 ἄξιοι,
810 4213 942 4294 ἀλλ’,
961 4216 1048 4280 εἷς
1077 4215 1130 4283 ἐξ
1158 4225 1307 4294 υμῶν
1334 4216 1580 4283 διάϐολός
1610 4218 1747 4283 ἐστι,
1805 4224 1970 4276 T0610

323 4300 379 4359 δὲ
437 4300 608 4382 διχῶς
652 4303 896 4370 νοητέον.
933 4293 1024 4361 ’Ἦ
1052 4308 1153 4386 γὰρ
1182 4293 1287 4382 ὅτι,
1327 4310 1424 4366 Καὶ
1452 4314 1542 4364 νῦν
1572 4308 1744 4365 πάντα
1773 4308 1840 4363 τὰ
1870 4307 1973 4381 ἐμὰ

325 4368 619 4465 διαϐάλλει,
665 4368 754 4449 καί
783 4391 932 4451 οὐδὲν
962 4368 1163 4452 τούτων
1189 4368 1534 4478 ἀπδδέχεται,
1581 4396 1617 4466 ἤ
1642 4396 1745 4477 ὅτι,
1780 4368 1974 4453 Μέλλει
1999 4368 2039 4417 D

327 4479 601 4540 διαϐαλεῖν
652 4482 771 4558 ἐμέ.
846 4486 942 4542 Καί
998 4485 1100 4566 γὰρ
1157 4482 1325 4551 ὅντως
1406 4497 1645 4551 τοιοῦτος
1704 4487 1977 4567 ἀπεφάνθη

326 4570 549 4654 Ἰούδας,
596 4572 895 4631 διαϐάλλων
919 4577 1051 4655 πρὸς
1083 4573 1358 4643 Ἰουδαίους
1388 4580 1481 4635 τὸν
1532 4579 1741 4657 Κύριον,
1794 4579 1883 4633 καὶ
1915 4577 1980 4633 τὰ

329 4666 599 4743 μυστήρια
657 4668 813 4723 αὒτού
870 4664 1104 4746 ἐκφέρων
1193 4667 1400 4734 αὐτοῖς·
1463 4670 1598 4726 καθα
1653 4669 1742 4725 καὶ
1814 4665 1981 4724 Λαυΐδ

328 4755 445 4834 περὶ
507 4755 664 4813 αὐτοῦ
726 4770 911 4835 φησιν’
947 4744 1009 4811 iu—
1088 4744 1457 4838 Ἐξεπορεύετο
1515 4756 1638 4838 ἔξω,
1684 4759 1771 4814 καὶ
1801 4756 1977 4813 ἐλάλει

330 4844 415 4901 ἐπὶ
484 4845 546 4900 τὸ
606 4845 754 4908 αύτό.
836 4867 860 4902 ι)
923 4845 1081 4925 Λέγει
1145 4846 1201 4905 δὲ
1252 4848 1416 4906 ταῦτα
1446 4851 1577 4915 πρὸς
1607 4850 1697 4905 τὸν
1728 4847 1921 4927 Πέτρον
1952 4847 1980 4903 ὀ

336 4935 544 5015 Κύριος,
618 4932 978 5015 διορθούμενος
1035 4932 1218 5006 αὐτόν,
1279 4937 1427 4997 Ἐπεὶ
1456 4942 1556 5020 γὰρ
1586 4939 1740 4996 εἶπεν
1793 4939 1821 4994 ὁ
1878 4937 1986 4994 Πέ-

334 5046 482 5105 τρος,
553 5024 656 5101 ὅτι,
722 5029 819 5085 Καὶ
878 5025 1188 5107 ἐγνώκαμεν
1242 5031 1330 5088 καὶ
1384 5030 1833 5103 πεπιστεύκαμεν,
1896 5028 1987 5096 Μὴ

340 5125 493 5175 τοῦτο
549 5118 759 5197 νόμιζε,
806 5121 988 5201 φησίν.
1038 5120 1112 5177 Οὒ
1168 5121 1269 5199 γάρ
1334 5120 1529 5184 πάντες
1581 5119 1699 5177 ἐστὲ
1784 5119 1986 5199 πιστοὶ,

339 5206 455 5267 οὐδὲ
511 5208 707 5274 πάντες
764 5232 831 5287 με
882 5213 1176 5293 ἐγνώκατεο
1234 5210 1372 5291 ⁸Ὂρ²²
1400 5208 1456 5268 δέ
1512 5234 1603 5288 μοι
1631 5212 1721 5268 τὸν
1772 5210 1982 5283 Κύριοη

336 5305 453 5363 πῶς
512 5297 589 5355 ἔτι
645 5298 908 5380 πόῤῥωθεν
964 5303 1057 5361 106
1114 5300 1369 5382 προδότου
1437 5303 1536 5371 τὴν
1604 5301 1793 5357 κακίαν
1855 5298 1990 5355 ἀνα-

334 5391 679 5469 κρουόμενος,
753 5394 842 5450 καὶ
898 5394 1259 5476 ἀναχαιτίζων
1329 5394 1519 5468 αὐτὴν,
1581 5392 1745 5449 ταῦτά
1803 5407 1988 5472 φησιν·

340 5481 488 5549 εἰδὼς
543 5482 667 5564 μὲν,
722 5482 803 5541 ὅτι
862 5482 1009 5545 οὐδὲν
1058 5483 1351 5565 ὠφελήσει,
1386 5481 1533 5562 ὅμως
1587 5480 1643 5539 δὲ
1691 5483 1753 5537 τὸ
1808 5481 1994 5540 ἑαυτοῦ

340 5580 532 5633 ποιῶν
604 5576 693 5632 καὶ
760 5573 878 5632 οὔτε
956 5577 1181 5657 φανερὸν
1276 5576 1437 5635 αὺτὸν
1522 5573 1795 5653 ἐποίησεν,
1877 5566 1992 5627 οὔτε

423 5735 475 5783 ⁵*
507 5736 652 5801 Psal.
694 5753 791 5813 ιι,
838 5739 893 5806 'i.

2041 3150 2240 3199 nam.»
2265 3129 2389 3191 lam
2411 3127 2571 3188 enim
2609 3126 2686 3188 illi
2717 3128 3220 3192 resurrectionem
3265 3145 3705 3215 receperant,et

2044 3238 2282 3286 omnem
2311 3216 2639 3279 doctrinam
2679 3236 2691 3279 :
2730 3216 2928 3297 itaque
2951 3218 3131 3280 verba
3160 3220 3289 3302 ipsa
3338 3224 3701 3288 offendicula

2044 3332 2160 3375 non
2198 3316 2388 3380 erant,
2423 3307 2531 3369 eed
2568 3305 2919 3397 attendendi
2943 3309 3326 3397 negligentia
3360 3322 3419 3376 et
3448 3314 3700 3397 ignavia,

2048 3395 3079 3481 imprudentiaqueauditorumNam
3094 3395 3703 3468 hiduodecim'eadem

2049 3491 2511 3562 andierunt,nec
2546 3496 2743 3547 tamen
2770 3488 3160 3563 suntotfensi,
3194 3492 3299 3553 sed
3332 3504 3702 3562 manserunt.

2056 3581 2205 3655 Quid
2232 3579 2410 3659 igitur
2440 3576 3026 3659 Christus?Nunquid
3054 3578 3256 3643 laudat
3279 3584 3707 3660 Petrum,sicut

2052 3672 2166 3733 alio
2202 3671 2330 3731 loco
2363 3666 2533 3728 facit?
2555 3667 2900 3743 Minime,ut
2928 3686 3002 3729 ne
3024 3669 3330 3732 videretur
3347 3671 3705 3737 blandiriilli

2053 3759 2207 3840 quod
2230 3760 2386 3839 apud
2422 3776 2487 3818 se
2509 3765 2797 3817 mantret.
2824 3757 2941 3819 Sed
2975 3760 3117 3839 quid
3155 3759 3301 3821 dixit
3329 3762 3400 3822 ad
3437 3762 3706 3826 Petrum?

2051 3850 2169 3931 Ego
2183 3850 2426 3931 quidem
2446 3865 2547 3909 vos
2564 3847 2715 3926 elegi
2733 3846 3490 3924 duodecim,verumtamen
3511 3872 3706 3933 neque

2052 3962 2155 4002 vos
2187 3957 2398 4000 omnes
2428 3938 2569 3999 estis
2600 3936 2894 3998 electione
2927 3936 3223 4019 digni,sed
3254 3960 3407 4002 unus
3441 3961 3507 4004 ex
3537 3943 3707 4006 vobis

2051 4029 2323 4092 diabolus
2342 4026 2582 4089 est.Hoc
2602 4036 2797 4088 autem
2824 4024 3094 4089 bifariam
3118 4038 3205 4090 est
3227 4029 3705 4109 intelligendum:

2054 4122 2142 4183 vel
2174 4120 2333 4182 enim
2363 4118 2449 4179 sic
2484 4136 2497 4181 :
2543 4118 2715 4180 Nunc
2759 4135 2889 4179 mea
2931 4118 3129 4181 omnia
3182 4120 3601 4199 calumniatur,
3655 4131 3715 4185 et

2058 4210 2203 4272 nihil
2238 4209 2472 4270 illorum
2507 4205 2748 4287 recipit;
2799 4208 2885 4268 vel
2934 4207 3021 4269 sic
3058 4229 3072 4271 :
3108 4206 3589 4274 Calumniaturus
3620 4225 3713 4274 est

2061 4304 2254 4364 me.Et
2276 4299 2435 4361 enim
2457 4296 2658 4375 reipsa
2683 4295 2814 4357 talis
2834 4298 3103 4377 apparuit
3126 4298 3712 4377 Judas,calumnians

2063 4390 2219 4471 apud
2247 4389 2483 4453 Judaaos
2507 4385 2915 4459 Dominum,et
2941 4387 3216 4467 mysteria
3246 4391 3375 4468 ejus
3420 4391 3539 4454 illis
3563 4393 3709 4455 eti‘e-

2062 4498 2224 4553 rens,
2260 4480 2412 4540 sicut
2436 4485 2493 4538 et
2533 4474 2711 4537 David
2738 4475 2811 4535 de
2845 4476 2972 4555 ipso
2999 4477 3143 4537 dicit
3174 4498 3187 4539 :
3229 4504 3255 4534 α
3281 4478 3713 4559 Egrediebatur

2062 4570 2242 4644 foras,
2270 4577 2328 4631 et
2356 4564 2708 4647 loquebatur
2728 4564 2786 4624 in
2818 4564 3075 4645 idipsum
3103 4567 3560 4632 5*.Dicitautem
3587 4572 3716 4638 haac

2062 4662 2134 4721 ad
2172 4661 2407 4722 Petrum
2448 4654 2758 4727 Dominus,
2810 4653 3137 4718 emendans
3192 4677 3351 4737 eum;
3387 4662 3522 4741 quia
3552 4663 3710 4725 enim

2063 4749 2290 4811 dixerat
2321 4747 2555 4824 Petrus,
2588 4742 2655 4806 Et
2679 4746 3064 4823 cognovimus
3095 4756 3153 4808 et
3185 4750 3549 4813 credidimus
3579 4774 3592 4813 ε
3627 4750 3715 4815 Ne

2065 4841 2172 4901 hoc
2208 4836 2747 4919 putes,inquit,non
2773 4836 2931 4896 enim
2965 4855 3173 4899 omnes
3195 4839 3335 4901 estis
3365 4841 3716 4917 fideles,ne-

2072 4948 2187 5010 que
2220 4946 2428 4989 omnes
2461 4946 2556 4988 me
2587 4926 2967 5005 cognovistis.
3005 4927 3153 4989 Vide
3191 4939 3387 4993 autem
3421 4935 3716 5012 quomodo

2071 5029 2244 5080 antea
2260 5016 2549 5083 Dominus
2572 5016 2893 5098 proditoris
2922 5017 3199 5080 malitiam
3222 5021 3521 5102 repellens
3542 5032 3603 5086 et
3626 5041 3719 5087 re-

2070 5107 2313 5170 frenans
2344 5109 2468 5168 haec
2504 5106 2871 5187 dicit,sciens
2895 5106 3135 5187 quidem
3167 5111 3325 5191 quod
3351 5111 3496 5173 nihil
3522 5112 3719 5193 profu-

2075 5208 2239 5261 turus
2282 5209 2462 5268 esset,
2502 5196 2890 5258 nihilominus
2944 5211 3139 5260 tamen
3171 5200 3328 5281 quod
3385 5219 3557 5264 suum
3594 5212 3723 5265 erat

2076 5287 2322 5365 faciens,
2354 5305 2551 5368 neque
2582 5287 2751 5348 illum
2785 5287 3195 5365 manifestavit,
3232 5308 3426 5372 neque
3476 5298 3720 5355 omnino

2076 5379 2371 5442 eccultum
2396 5395 2528 5439 esse
2561 5376 2853 5458 permisit:
2882 5376 3025 5438 illud
3050 5378 3292 5459 quidem
3325 5389 3387 5442 ut
3416 5398 3491 5443 ne
3519 5381 3719 5464 impu-

2077 5468 2313 5532 dentior
2343 5475 2402 5528 et
2428 5466 2859 5530 contentiosior
2894 5467 3065 5529 ﬁeret
3098 5490 3111 5531 :
3161 5472 3267 5532 hoc
3298 5481 3523 5555 autem,
3555 5483 3617 5534 ut
3649 5492 3724 5535 ne

2079 5562 2329 5623 licenter
2361 5557 2590 5620 facinus
2620 5560 3207 5638 patraret,occultum
3227 5560 3372 5622 illud
3399 5564 3723 5643 putans.Ex
