4178 6440
540 352 699 419 1323

1517 351 2104 425 THEOPHYLACTI
2154 354 2561 425 BULGARIR}
2603 354 2961 427 ARCHIEP.
2994 424 2999 427 .

3772 352 3938 425 £324

536 490 647 565 liit,
674 492 885 556 dicens
911 515 923 556 :
968 492 1134 554 σεται
1161 505 1359 554 autem
1388 512 1572 574 prope
1611 494 1826 555 festum
1848 494 2176 557 Judmorun

2281 494 2509 577 κρύπτῃ,
2570 496 2835 576 πρόδηλον
2913 497 2994 555 ὅτι
3056 500 3193 555 κακὰ
3266 499 3514 574 πράττων
3589 499 3905 576 ἀποκρύπτῃ

533 582 962 662 Ξοοηορεείοῗο
998 583 1144 645 Nam
1161 582 1302 641 602
1321 582 1476 663 quod
1503 600 1686 661 Opera
1724 583 1987 663 quinque
2016 601 2189 642 men-

535 672 683 731 sium
707 671 767 732 in
798 671 1153 734 inm-medio
1184 672 1830 745 siluerit,manifestum
1864 670 2189 734 hinc.Cum

536 759 695 820 enim
728 763 1079 822 miraculum
1098 779 1315 841 panum
1339 761 1585 834 faceret,
1618 760 1844 824 Pascha
1877 759 2189 841 erat,quod

536 848 865 911 habebatur
893 850 1049 931 apud
1078 849 1210 911 illos
1243 850 1432 929 primo
1468 869 1697 929 mense,
1730 868 1908 930 quem
1945 851 2190 911 Romani

534 939 810 1001 Martium
843 950 1092 1002 vocant:
1129 957 1287 1000 nunc
1316 949 1514 1001 autem
1575 940 1942 1019 Scenopegia
1984 958 2192 1000 mense

534 1030 682 1089 ﬁunt
702 1026 1261 1111 Septembriﬂuare
1294 1030 1470 1106 igitur
1499 1030 1612 1091 hoc
1643 1027 2193 1107 fecitevangelista?

535 1119 619 1180 Eo
641 1119 797 1199 quod
827 1139 942 1180 non
977 1130 1103 1179 erat
1124 1136 1273 1198 opus
1298 1118 1500 1179 omnia
1518 1116 1976 1181 enumerare.Et
1992 1118 2187 1193 aliter,

534 1208 913 1288 evangelista;
935 1208 1035 1271 illa
1056 1210 1413 1269 studuerunt
1441 1208 1924 1287 dicere,propter
1952 1225 2083 1288 quae
2103 1224 2195 1267 re-

535 1298 854 1376 prehensio
882 1298 1079 1379 aliqua
1108 1298 1199 1359 vel
1231 1297 1621 1359 contradictio
1652 1317 1682 1356 υ
1709 1297 1928 1358 Judaeis
1974 1296 2189 1357 subse-

532 1388 1109 1467 quebatur.Dignum
1142 1399 1339 1449 autem
1374 1394 1465 1448 ost
1493 1390 1800 1449 veritatem
1836 1386 2074 1447 illorum
2094 1387 2194 1445 ad-

532 1478 759 1551 mirari,
788 1476 1087 1559 qnomodo
1130 1495 1244 1537 non
1292 1476 1647 1538 erubescant
1678 1476 1881 1536 dicere
1922 1474 2022 1536 illa
2060 1494 2192 1555 quae

530 1565 885 1628 videbantur
898 1567 1116 1628 aﬂ'erre
1138 1566 1520 1645 ignominiam
1546 1567 1860 1646 quamdam
1888 1566 2184 1644 Magistro.

534 1652 702 1717 Unde
733 1655 1091 1734 evangelista
1119 1656 1302 1717 multa
1338 1656 1624 1716 miracula
1653 1664 1710 1715 et
1741 1655 1920 1717 verba
1947 1653 2182 1715 Domini

531 1754 974 1820 tvanscurrens,
1002 1744 1410 1806 inﬁdelitatem
1434 1745 1685 1806 l'ratrum
1720 1753 1777 1805 et
1807 1762 1877 1806 ea
1926 1762 2058 1824 quae
2098 1743 2182 1804 illi

2275 587 2422 649 Τίνος
2478 585 2532 643 δὲ
2575 586 2753 645 ἕνεκεν
2797 588 2851 644 ἐν
2907 602 3024 651 τοῖς
3070 587 3225 645 πέντε
3254 590 3418 663 μησὶν
3461 586 3605 645 οὖδὲν
3650 587 3780 644 ἄλλο
3811 586 3931 654 διη-

2274 676 2583 752 γησάμενος
2634 679 2663 733 6
2722 676 3135 756 εὖαγγελιστὴς,
3194 676 3314 733 ἀλλ’
3371 678 3406 746 ἢ
3481 681 3541 733 τὸ
3598 680 3732 733 κατά
3805 679 3931 739 τοὺς

2274 762 2461 841 ἄρτους
2522 780 2775 841 σημεῖον,
2838 767 2926 823 καὶ
2979 767 3075 834 τὴν
3134 767 3262 843 πρὸς
3305 768 3425 828 τοὺς
3464 767 3753 846 φαγόντας,
3804 771 3930 823 εἶτα

2274 854 2712 932 ἀγνωμονοῦντας
2806 856 2923 934 (26)
3002 862 3108 936 τοιξ
3173 857 3359 933 Κυρίου
3427 855 3676 936 διάλεξιν,
3750 854 3929 913 τᾶλλα

2274 942 2697 1020 ὑπερεπήδησεν,
2733 932 2895 1000 εἰπών
2922 965 2935 980 ·
3004 968 3029 997 α
3080 932 3174 1000 Ἠν
3222 932 3275 1000 δὲ
3334 944 3490 1022 ἐγγὺς
3519 947 3552 1012 ἡ
3606 932 3761 1023 ἑορτὴ
3818 951 3927 1000 τῶν

2278 1029 2539 1090 Ἰουδαίων
2570 1035 2603 1100 ἡ
2652 1034 3003 1111 Σκηνοπηγία
3038 1050 3055 1106 ;
3104 1063 3127 1092 ι
3178 1024 3307 1090 ’Ὁτι
3341 1035 3440 1110 γὰρ
3470 1031 3552 1089 διὰ
3576 1033 3737 1108 μέσου
3766 1034 3928 1091 πέντε

2275 1127 2460 1195 μηνῶν
2518 1120 2645 1200 ἔργα
2704 1122 3083 1203 ἀπεσιώπησε,
3141 1120 3303 1189 δῆλον
3342 1123 3596 1185 ἐντεῦθεν,
3645 1116 3790 1181 ’¹Οτε
3826 1124 3930 1198 μὲν

2275 1211 2375 1289 γὰρ
2430 1212 2491 1267 τὸ
2553 1215 2725 1287 θαῦμα
2788 1211 2995 1268 ἐτέλεσε
3039 1220 3143 1267 τὼν
3188 1211 3382 1292 ἄρτῶν,
3430 1212 3625 1293 Πάσχα
3655 1215 3745 1291 ἦν,
3794 1213 3927 1292 ὅπερ

2273 1301 2408 1355 κατὰ
2464 1302 2555 1356 τὸν
2607 1302 2750 1377 παρὰ
2811 1292 3089 1375 Ῥωμαίοις
3164 1302 3393 1381 Μάρτιον
3450 1292 3593 1376 μῆνα
3659 1302 3925 1383 ἐτελεῖτο,

2273 1391 2482 1465 πρῶτον
2553 1384 2677 1467 παρ’
2745 1389 2964 1452 ἒκείνοις
3032 1389 3362 1465 καλούμενον
3420 1396 3563 1466 μῆνα
3600 1409 3614 1423 ⁸

2274 1478 2645 1557 Σκηνοπηγία,
2679 1477 2715 1546 ἢ
2775 1480 3073 1535 συνίσταται
3129 1481 3260 1536 κατά
3304 1482 3394 1537 τὸν
3436 1478 3561 1559 παρ’
3606 1484 3739 1556 ἡμῖν
3771 1490 3925 1539 Σεπι

2271 1565 2543 1645 τέμϐριον,
2581 1569 2726 1623 Διατί
2774 1568 2863 1624 οὗν
2906 1576 3061 1625 τοῦτο
3104 1568 3355 1635 ἐποίησεν
3398 1571 3425 1625 6
3484 1570 3866 1648 εὖαγγελιστὴς
3902 1593 3919 1649 ;

2271 1660 2412 1713 Διὸτι
2472 1657 2567 1715 οὐκ
2658 1660 2783 1723 ὲνῆν
2862 1657 3070 1715 ἅπαντα
3150 1658 3483 1737 καταλέγειν,
3542 1659 3777 1723 ’¹Αλλως
3838 1685 3924 1733 τε,

2267 1747 2448 1804 ἐκεῖνα
2506 1746 2680 1825 λέγειν
2751 1746 3136 1806 ἐσπουδάκασιν
3190 1753 3235 1805 οἱ
3306 1744 3702 1829 εὖαγγελισταὶ,
3788 1754 3924 1829 ὑπὲρ

3672 1396 3760 1447 νῦν
3804 1392 3858 1447 δὲ
3888 1397 3924 1459 ἡ

530 1835 921 1916 opprolirant,
942 1843 1162 1897 narrat.
1199 1832 1368 1896 Unde
1398 1844 1594 1896 autem
1627 1832 1731 1894 illa
1754 1832 2176 1894 incredulitas?

2266 1839 2340 1895 ὧν
2391 1838 2592 1911 μέμψις
2649 1838 2685 1905 ἢ
2750 1835 3023 1915 ἀντιλογία
3095 1860 3177 1902 τις
3259 1840 3401 1916 παρά
3466 1844 3574 1895 τῶν
3658 1838 3927 1899 Ἰουδαίων

532 1924 609 1986 Ex
634 1924 935 1986 voluntate
967 1933 1025 1985 et
1052 1924 1291 1986 invidia.
1324 1925 1531 1985 Solent
1562 1922 1721 1984 enim
1755 1922 1986 2001 cognati
2017 1940 2182 1984 sem-

531 2033 638 2094 per
664 2014 954 2076 invidere.
988 2012 1414 2076 Verumtamen
1437 2013 1680 2075 attende
1708 2012 1863 2092 quod
1898 2013 1998 2093 qui
2027 2021 2186 2074 tanta

530 2105 878 2166 inﬁdelitate
905 2104 1097 2165 aﬂ‘ecti
1121 2111 1287 2165 erant
1309 2104 1365 2163 in
1402 2104 1566 2164 illum
1589 2114 1904 2183 antequam
1936 2102 2181 2165 cruciﬁ-

527 2201 787 2273 geretur,
825 2213 957 2255 cum
983 2198 1159 2255 etiam
1192 2193 1390 2273 ipsum
1423 2194 1747 2273 gloriosum
1800 2191 2090 2266 viderent,
2124 2202 2186 2255 et

529 2285 815 2345 miracula
846 2284 1184 2357 facientem,
1224 2291 1352 2362 post
1381 2301 1621 2344 crucem
1650 2290 1704 2342 et
1750 2281 2182 2359 ignobilitatem

525 2391 657 2452 quae
686 2371 1135 2451 videbatur,pro
1166 2370 1295 2451 ipso
1319 2369 1725 2432 testimonium
1750 2371 2183 2449 tulerunt,apo-

527 2462 662 2522 stoli
683 2471 741 2524 et
772 2461 1193 2541 praedicatores
1234 2469 1291 2523 et
1334 2458 1601 2538 episcopi
1656 2459 1812 2519 facti.
1854 2456 2025 2520 Unde
2055 2459 2186 2519 sine

528 2550 1001 2614 contradictione
1044 2549 1210 2610 illum
1259 2550 1665 2610 resurrexisse
1698 2547 1994 2609 viderunt.
2056 2545 2184 2608 Non

526 2640 687 2699 enim
712 2638 1127 2717 exposuissent
1147 2657 1212 2698 se
1239 2654 1348 2718 pro
1375 2636 1623 2711 illo,nisi
1652 2645 1814 2696 certa
1835 2635 2103 2716 quaedam
2129 2644 2187 2695 et

528 2728 715 2789 solida
748 2727 1099 2790 habuissent
1121 2733 1467 2803 argumenta
1487 2725 1563 2785 de
1580 2724 1708 2803 ejus
1724 2724 2180 2787 resurrectione.

2266 1923 2755 2002 παρηκολούθησεν,
2824 1923 3030 1991 ’Ἄξιον
3089 1925 3139 1982 δὲ
3197 1928 3461 2003 Θαυμάσαι
3528 1929 3590 1985 τὸ
3629 1928 3924 2008 φιλάληθες

2267 2013 2461 2085 α’ἶιτῶν,
2516 2014 2631 2077 πῶς
2683 2016 2779 2071 οὐκ
2830 2015 3169 2094 αἰσχύνονται
3214 2015 3388 2095 λέγειν
3440 2024 3628 2088 ταῦτα,
3681 2017 3715 2073 ἀ
3770 2016 3927 2075 δοκεῖ

2269 2102 2469 2169 ἀδοξίαν
2544 2105 2652 2164 τινὰ
2704 2103 2969 2184 ἐπιφέρειν
3024 2112 3102 2180 τῷ
3189 2104 3524 2179 Διδασκάλῳ,
3595 2106 3776 2164 ιιολλά
3832 2110 3925 2165 οὖν

2269 2190 2624 2272 παραδραμὼν
2697 2194 2782 2249 καὶ
2836 2194 3082 2268 θαύμακα
3161 2196 3245 2251 καὶ
3316 2195 3528 2270 ῥήματα
3583 2206 3675 2254 τοῦ
3734 2200 3926 2276 Κυρίου

2268 2285 2295 2338 6
2353 2282 2755 2362 εὒαγγελιστὴς,
2805 2283 2904 2348 τὴν
2960 2284 3206 2339 ἀπιστίαν
3247 2284 3354 2340 τῶν
3411 2282 3647 2365 ἀδελφῶν
3700 2284 3923 2366 ὃιηγετο

2266 2393 2375 2450 ται,
2429 2394 2518 2428 και
2565 2371 2661 2428 ὅσα
2689 2370 3089 2450 προσωνείδιζον
3121 2373 3290 2447 αὐτῷ,
3337 2374 3499 2430 Πόθεν
3541 2373 3593 2429 δὲ
3655 2378 3839 2438 αὺτοῖς
3888 2381 3921 2445 ἡ

2266 2462 2498 2526 τοσαύτη
2555 2461 2822 2534 ἀπιστία;
2892 2459 3029 2517 Ἀπὸ
3102 2462 3454 2539 προαιρέσεως
3515 2465 3602 2519 καὶ
3678 2466 3867 2543 φθόνου
3904 2487 3917 2500 ⁸

2266 2552 2328 2605 τὸ
2373 2551 2473 2628 γὰρ
2517 2552 2792 2628 συγγενὲς,
2841 2550 2999 2607 εἴωθέ
3054 2573 3167 2617 πως
3212 2553 3291 2609 ἀεὶ
3322 2549 3733 2631 διαφθονεῑσθαι,
3770 2554 3919 2623 Πλὴν

2267 2641 2477 2717 σκόπει,
2547 2637 2628 2694 ὅτι
2672 2640 2932 2707 τοσαύτην
2973 2640 3218 2696 ἀπιστίαν
3243 2639 3464 2721 ἔχοντες
3494 2643 3595 2720 πρὸ
3625 2649 3717 2699 τοῦ
3747 2666 3920 2701 σταυ-

2268 2735 2357 2806 ροὺ
2415 2729 2487 2788 εἰς
2546 2727 2727 2801 αὒτὸν,
2787 2728 2875 2785 ὅτε
2946 2731 3031 2785 καὶ
3088 2728 3293 2796 ἔνδοξον
3356 2724 3524 2788 αὺτὸν
3572 2731 3772 2810 ἐώρων,
3828 2739 3920 2792 καὶ

531 2821 776 2893 θαύματα
808 2816 1079 2888 ποιοῦντα,
1116 2817 1251 2891 μετά
1279 2818 1371 2871 τόν
1402 2817 1624 2893 σταυρὸν
1652 2816 1739 2871 καὶ
1771 2816 1868 2880 τὴν
1898 2814 2151 2871 δοκοῦσαν
2193 2815 2398 2882 ἀδοξίαν
2427 2817 2557 2896 ὑπὲρ
2590 2819 2746 2874 αὐτοῦ
2776 2817 3168 2899 ἐμαρτύρησαν,
3200 2819 3513 2892 ἀπόστολοι,
3542 2822 3631 2877 καὶ
3660 2824 3914 2901 κήρυκες,

533 2910 617 2962 καὶ
650 2908 927 2986 ἀρχιερεῖς
957 2907 1253 2983 γενόμενοι.
1296 2896 1461 2963 ΗΟθεν
1492 2903 1882 2982 ἀναντιῤῥήτως
1916 2906 2071 2960 αὑτὸν
2102 2906 2399 2967 ἀναστάντα
2431 2906 2747 2984 ἑωράκασιν,
2782 2911 2854 2965 Οὔ
2886 2896 2988 2985 γὰρ
3010 2906 3071 2963 ἂν
3103 2896 3232 2989 ὑπὲρ
3265 2911 3421 2967 αὐτοῦ
3466 2896 3751 2967 δεδώκασιν
3784 2896 3915 2970 ἐαυξ

524 2999 663 3070 τοὺς,
703 3000 746 3053 εἰ
791 2997 867 3071 μὴ
897 2994 1112 3072 βεϐαίαν
1140 2995 1238 3061 τὴν
1270 2996 1387 3072 περὶ
1417 3000 1516 3061 τῆς
1539 2994 1875 3058 ἀναστάσεως
1909 2996 2065 3051 αὐτοῦ
2095 2993 2456 3076 πληροφορίαν
2483 2993 2745 3061 ἐδέξαντο.

604 3086 788 3147 Vens.
818 3083 1156 3148 6-8.«Dicit
1184 3102 1324 3163 ergo
1345 3082 1433 3145 eis
1450 3083 1649 3145 Jesus:
1682 3083 1943 3162 Tempus
1975 3100 2175 3144 meum

2346 3108 2373 3140 ε
2421 3085 2574 3163 Λέγει
2631 3088 2719 3142 οὖν
2778 3087 2960 3150 αὐτοῖς
3015 3089 3044 3143 ὁ
3093 3086 3297 3154 Ἰησοῦς
3342 3104 3355 3118 ’
3406 3079 3462 3147 Ὀ
3492 3093 3675 3170 καιρος
3711 3095 3738 3149 6
3782 3093 3917 3168 ἐμὸς

524 3176 787 3237 nondum
820 3175 1007 3247 adest.
1036 3183 1273 3252 tempus
1315 3182 1511 3234 autem
1536 3183 1790 3234 vestrum
1822 3190 2062 3253 semper
2091 3181 2176 3234 est

2261 3174 2409 3231 οὔπω
2440 3176 2715 3255 πάρεστιν,
2749 3177 2777 3232 6
2824 3172 2878 3231 δὲ
2910 3177 3091 3255 καιρὸς
3138 3178 3170 3234 6
3218 3176 3469 3256 ὑμέτερος
3498 3182 3725 3238 πάντοτέ
3770 3182 3914 3239 ἐστιν

526 3265 956 3345 paratum.Non
980 3273 1171 3343 potest
1189 3262 1445 3323 mundus
1467 3261 1663 3323 odisse
1690 3279 1815 3321 vos:
1854 3280 1948 3323 me
1977 3270 2174 3323 autem

2260 3264 2496 3335 ἕτοιμος.
2551 3268 2625 3323 Οὐ
2682 3262 2894 3321 δύναται
2951 3268 2979 3321 6
3038 3265 3240 3341 κόσμος
3284 3280 3467 3337 μισεῖν
3497 3270 3658 3345 ὑμᾶς,
3716 3271 3809 3346 ἐμὲ
3856 3270 3916 3329 δὲ

523 3357 672 3429 odit,
700 3357 836 3437 quia
866 3374 974 3434 ego
1009 3354 1417 3415 testimonium
1437 3352 1565 3414 fero
1587 3352 1782 3413 dcillo
1805 3352 1961 3433 quod
1994 3371 2176 3433 opera

2260 3366 2435 3428 μισεῖ,
2513 3350 2593 3408 ὅτι
2683 3352 2794 3431 ἐγὼ
2878 3360 3126 3433 μαρτυρῶ
3213 3357 3329 3426 περὶ
3407 3358 3587 3434 αὐτοῦ,
3662 3360 3739 3416 ὅτι
3848 3366 3915 3418 τὰ

522 3446 651 3525 ejus
682 3433 836 3506 mala
865 3433 1129 3505 sint.Vos
1155 3443 1461 3505 ascendite
1477 3442 1549 3502 ad
1571 3441 1731 3502 diem
1754 3441 1967 3503 festum
1990 3443 2173 3523 hunc,

2259 3441 2386 3520 ἔργα
2472 3441 2632 3503 αὐτοῦ
2712 3443 2918 3522 πονηρά
3000 3442 3167 3503 ἐστιν.
3253 3433 3441 3521 ’Υμεῖς
3513 3433 3740 3517 ἀνάϐητε
3835 3455 3915 3518 εἷς

524 3554 632 3614 ego
660 3534 919 3596 nondum
945 3534 1203 3595 ascendo
1236 3532 1308 3593 ad
1343 3531 1560 3592 festum
1614 3530 1751 3605 hoc,
1785 3532 1921 3612 quia
1973 3550 2169 3593 meum

2259 3532 2356 3599 τὴν
2413 3533 2601 3611 ἑορτὴν
2656 3533 2851 3599 ταύτην
2890 3552 2903 3566 ⁰
2963 3531 3071 3611 ἑγὼ
3125 3533 3273 3591 οὔπω
3337 3533 3601 3594 ἀναϐαίνω
3670 3541 3742 3603 εἰς
3812 3544 3914 3609 τὴν

519 3635 752 3705 tempus
785 3624 1044 3685 nondum
1094 3621 1402 3703 impletum
1437 3630 1546 3682 est.
1590 3645 1612 3678 ι
1662 3619 1896 3683 Fratres
1927 3622 2169 3702 quidem

2259 3620 2444 3700 ἑορτὴν
2499 3621 2721 3702 ταύτην,
2814 3621 2895 3679 ὅτι
2970 3624 2999 3679 6
3084 3625 3269 3703 καιρὸς
3327 3627 3355 3683 6
3411 3625 3541 3700 ἐμὸς
3598 3628 3745 3685 οῧπω
3800 3652 3914 3687 πε-

516 3716 770 3778 Domino
802 3713 1421 3791 invidentes,arguunt
1442 3729 1576 3771 eum
1605 3719 1796 3773 metus
1822 3718 2171 3791 etarrogan-

516 3803 745 3867 tinlle
775 3813 974 3865 autem
1007 3801 1147 3882 quid
1181 3802 1326 3862 dicit
1357 3801 1428 3861 ad
1461 3802 1591 3861 eos?
1616 3819 1755 3862 num
1791 3799 1941 3862 dure
1973 3800 2169 3881 loqui-

516 3894 643 3955 tur?
676 3892 945 3963 miuime,
980 3892 1085 3953 sed
1116 3898 1443 3952 mansuete.
1477 3888 1603 3951 Non
1637 3889 1797 3951 enim
1830 3889 1974 3951 dixit
2006 3912 2019 3953 :
2053 3894 2171 3952 Vos

514 3985 615 4063 qui
642 3984 811 4057 estis,
839 3980 939 4059 qui
971 3978 1112 4042 talia
1138 3979 1281 4039 mihi
1309 3978 1647 4059 consulitis,
1681 3986 1740 4039 et
1783 3977 1863 4038 ita
1905 3979 2171 4040 docetis?

513 4071 631 4133 Sed
659 4070 799 4151 quid
833 4068 1056 4148 inquit?
1084 4091 1106 4124 α
1133 4066 1394 4148 Tempus
1417 4086 1613 4127 meum
1646 4066 1910 4127 nondum
1934 4068 2163 4136 adest”

515 4161 626 4221 hoc
651 4169 739 4221 est
768 4159 967 4221 crucis
997 4166 1054 4218 et
1088 4157 1314 4218 mortis.
1346 4155 1645 4237 «Tempus
1676 4165 1875 4217 autem
1910 4165 2165 4219 vestrum

512 4267 751 4330 semper
781 4258 870 4311 est
901 4256 1191 4328 paratum.
1231 4272 1256 4303 ι
1294 4244 1437 4320 Vos,
1473 4246 1682 4326 inquit,
1741 4245 1970 4308 etiamsi
2002 4265 2165 4308 sem-

514 4357 620 4421 per
650 4358 783 4401 cum
805 4338 1023 4400 Judaais
1054 4335 1599 4409 conveni'ritismon
1634 4335 1913 4399 occident
1932 4335 2017 4397 illi
2037 4354 2162 4412 vos,

511 4429 611 4510 qui
644 4429 849 4490 eadem
905 4426 1217 4487 sectamini
1257 4444 1388 4504 quae
1418 4425 1541 4487 illi:
1583 4443 1677 4485 me
1726 4434 1922 4487 autem
1968 4425 2162 4486 statim

509 4517 764 4579 occisuri
790 4517 1005 4591 sunt,si
1035 4515 1276 4597 quidem
1295 4515 1567 4577 viderunt
1586 4514 1658 4575 ad
1679 4515 1891 4576 festum
1916 4516 2165 4577 venien-

511 4606 766 4671 tem.Vel
800 4616 858 4667 et
876 4606 1050 4667 aliter
1080 4606 1191 4666 hoc
1223 4604 1679 4684 intelligendum
1712 4605 1862 4667 Nam
1894 4605 1991 4686 qui
2019 4605 2164 4666 bra-

511 4707 598 4756 tos
619 4697 759 4759 facit
791 4697 1057 4775 lugentes
1082 4695 1141 4756 in
1168 4695 1279 4756 hoc
1312 4692 1785 4776 saeculo,similia
1815 4701 1873 4755 et
1895 4713 2052 4756 nunc
2072 4694 2165 4755 lo-

508 4786 800 4867 quitur,et
821 4804 953 4868 quae
971 4786 1043 4845 ad
1063 4803 1270 4848 omnes
1295 4792 1531 4846 sanctos
1565 4784 1867 4864 pertinere
1892 4792 2161 4863 possunt.

508 4874 637 4937 Non
670 4885 758 4940 est
787 4873 1201 4954 enim,inquit,
1230 4882 1463 4947 tempus
1515 4871 1870 4946 festivitatis,
1905 4891 2036 4934 cum
2070 4873 2161 4935 vi-

508 4967 679 5028 deam
707 4965 768 5026 in
795 4965 1168 5045 plenitudine
1195 4962 1536 5025 Judaaorum
1555 4980 1797 5023 omnem
1812 4962 2010 5041 vigere
2033 4980 2162 5022 ma-

508 5057 948 5119 litiamLuctus
971 5054 1131 5116 enim
1163 5067 1217 5115 et
1249 5052 1492 5115 Iamenti
1522 5061 1756 5130 tempus
1778 5059 2032 5125 est,cum
2063 5070 2164 5111 ve-

507 5147 663 5207 ritati
690 5144 933 5225 quidem
960 5142 1501 5221 obsistitur,divina
1522 5151 1718 5201 autem
1745 5140 2012 5203 voluntas
2043 5159 2162 5202 non

507 5248 799 5297 servatur.
834 5233 1016 5314 Igitur
1046 5242 1289 5313 propter
1323 5233 1449 5294 haec
1483 5229 1628 5291 mihi
1662 5249 1780 5291 non
1808 5240 1896 5292 est
1927 5239 2161 5308 tempus

510 5324 877 5386 festivitatis:
913 5334 970 5383 at
1000 5342 1104 5383 vos
1135 5321 1379 5402 quidem
1412 5328 1620 5399 utpote
1651 5320 1750 5400 qui
1781 5338 1917 5381 cum
1940 5319 2160 5382 Judaeis

512 5412 884 5493 conspiratis,
918 5422 978 5475 et
1008 5415 1237 5475 mundo
1256 5411 1479 5473 addicti
1496 5412 1663 5485 estis,
1698 5430 1816 5472 non
1864 5411 2078 5472 mirum
2110 5410 2158 5470 si

2252 3709 2556 3790 πλήρωται.
2625 3733 2653 3765 ι
2703 3714 2764 3769 Οἱ
2828 3712 2929 3787 μὶν
2998 3710 3237 3793 ἀδελφοὶ,
3296 3722 3373 3790 τῷ
3433 3716 3603 3791 Κυρίῳ
3653 3721 3911 3798 φθονοῦν-

2251 3820 2364 3878 τες,
2423 3799 2737 3877 ἐγκαλοῦσιν
2799 3803 2942 3875 αὖτῴ
3000 3799 3197 3859 δειλίαν
3251 3803 3366 3880 ἅμα
3427 3807 3514 3862 καὶ
3573 3806 3909 3879 ἀλαζονείαν,

2251 3888 2495 3952 Ἐκεῖνος
2526 3887 2581 3944 δὲ
2624 3891 2675 3946 τί
2703 3913 2836 3970 φησι
2866 3892 2998 3967 πρὸς
3031 3891 3220 3956 αὐτούς
3256 3912 3272 3972 ;
3306 3881 3438 3973 Ἀρα
3462 3896 3709 3975 τραχέως
3740 3898 3910 3977 φθέγ-

2252 4000 2445 4065 γεταις
2509 3978 2580 4033 (ὶύ
2640 3980 2740 4053 μὲν
2796 3979 2912 4054 οὗν,
2968 3978 3105 4037 ἀλλά
3158 3982 3365 4060 πράως.
3411 3986 3484 4041 Οὔ
3552 3986 3654 4065 γὰρ
3695 3988 3852 4043 εἶπεν
3891 4008 3910 4026 ο

2256 4060 2445 4144 ἰ’μεῐς
2488 4069 2624 4132 τίνες
2670 4068 2816 4146 ἐστὲ,
2877 4073 2925 4126 οἱ
2982 4068 3430 4146 συμϐουλεύοντες
3462 4060 3635 4132 ταῦτα’
3679 4078 3767 4134 καὶ
3815 4076 3908 4136 δι-

2252 4154 2532 4222 δάσκοντες
2564 4173 2581 4233 ;
2613 4156 2781 4216 Ἀλλὰ
2812 4158 2861 4215 τί
2890 4181 3053 4226 φησιν
3083 4178 3100 4240 ;
3153 4181 3175 4216 ε
3216 4150 3273 4218 Ὀ
3317 4165 3495 4241 καιρὸς
3526 4165 3556 4220 6
3596 4164 3725 4239 ἐμὸς
3756 4166 3912 4225 οὔπω

2250 4246 2503 4311 πάρεστιν
2537 4265 2552 4282 ·
2594 4269 2617 4303 ε
2672 4246 2967 4328 τουτέστιν,
3015 4248 3044 4305 6
3085 4259 3179 4308 τοῦ
3247 4258 3469 4329 σταυροῦ
3510 4254 3597 4309 καὶ
3654 4262 3748 4312 τοῦ
3800 4259 3907 4314 θα-

2252 4336 2408 4395 νάτου
2443 4351 2457 4366 ⁹
2507 4357 2537 4418 ε
2575 4339 2601 4393 6
2651 4334 2704 4393 δὲ
2732 4338 2918 4416 καιρὸς
2969 4341 2997 4395 6
3040 4338 3293 4418 ὑμέτερος
3324 4340 3553 4398 πάντοτέ
3582 4341 3726 4401 ἔστιν
3756 4344 3907 4403 310t—

2250 4448 2373 4501 μος.
2429 4448 2453 4483 ιι
2506 4414 2693 4502 Τμεϊς
2737 4414 2861 4506 γὰρ,
2906 4430 3060 4507 φησί,
3104 4414 3214 4486 κᾶν
3246 4429 3325 4486 ἀεὶ
3371 4436 3562 4500 συνητε
3610 4435 3732 4500 τοῖς
3764 4438 3903 4495 Ἰου-

2192 4509 2446 4595 οδαίοις,
2504 4517 2599 4573 οὐκ
2654 4518 3028 4595 ἀναιρήσουσιν
3097 4520 3231 4595 ὑμᾶς
3305 4521 3371 4576 τὰ
3430 4520 3561 4577 αὒτά
3615 4523 3907 4594 ζηλοῦντας

2249 4606 2432 4670 αὐτοῖς
2464 4623 2480 4641 ⁸
2538 4608 2635 4682 εμὲ
2694 4605 2748 4662 δὲ
2805 4607 2994 4674 εὐθέως
3051 4609 3399 4685 βουλήσονται
3448 4610 3688 4696 ἀνελεῖν,
3748 4615 3907 4696 εἴπερ

2250 4692 2437 4751 ἴδωσιν
2488 4697 2562 4761 είς
2622 4696 2719 4763 τὴν
2768 4696 2967 4777 ,ἑορτὴν
3013 4683 3359 4777 ἀφικόμενον.
3424 4683 3499 4757 u0
3579 4683 3686 4759 καῖ’
3723 4683 3904 4768 ἄλλως

2249 4783 2467 4850 νοητέον
2520 4787 2703 4848 τοῦτο,
2762 4776 2819 4843 εΟ
2878 4788 2979 4866 γὰρ
3037 4776 3341 4867 μακαρίζων
3402 4790 3523 4852 τοὺς
3584 4795 3905 4859 πενθοῦντας

2250 4873 2335 4930 ἐπὶ
2385 4884 2478 4933 τοῦ
2533 4875 2794 4954 παρόντος
2850 4877 3064 4952 αίῶδος,
3109 4876 3374 4935 ἀκόλουθα
3423 4880 3508 4937 καὶ
3537 4883 3643 4938 νυνὶ
3670 4883 3901 4963 φθέγγε-

2250 4984 2358 5043 ται,
2404 4965 2492 5020 καὶ
2522 4965 2595 5029 είς
2645 4966 2850 5029 πάντας
2894 4966 3017 5029 τοὺς
3075 4966 3252 5045 ἀγίο)ς
3297 4963 3561 5044 δυνάμενα
3589 4968 3896 5034 διαϐαίνειν.

2248 5053 2354 5109 Οὐκ
2414 5052 2524 5110 ἔστι
2585 5055 2709 5134 γὰρ,
2771 5057 2955 5136 φησὶν⁹
3017 5057 3150 5131 ὶμὸς
3206 5057 3389 5136 καιρὸς
3430 5057 3640 5140 ἑορτῆς,
3673 5059 3760 5117 ὅτε
3789 5062 3901 5122 ὀοῶ

2246 5147 2419 5198 πᾶσαν
2476 5144 2663 5200 κακίαν
2751 5143 3241 5220 ἒμπολιτευομένην
3305 5152 3384 5221 τῷ
3458 5154 3565 5205 τῶν
3632 5148 3901 5208 Ἰουδαίων

2244 5228 2590 5306 πληρώματι.
2638 5235 2842 5312 Θρήνου
2885 5234 2984 5312 γὰρ
3047 5234 3136 5291 καὶ
3192 5234 3411 5300 πένθους
3482 5240 3691 5318 καιρὸς,
3749 5239 3897 5307 ἀλη-

2243 5320 2382 5384 θείας
2441 5321 2539 5396 μὲν
2593 5321 3038 5402 ἀπεληλαμένης,
3099 5323 3193 5381 τοῦ
3273 5322 3328 5380 ὁὶ
3398 5327 3537 5382 θείου
3590 5327 3894 5404 θελήματος

2244 5413 2303 5467 οὗ
2344 5417 2683 5488 κρατοῦντος,
2762 5414 2858 5469 Διὰ
2920 5422 3083 5472 ταῦτα
3140 5413 3227 5471 οὖν
3283 5413 3411 5489 δμδς
3472 5419 3653 5494 καιρὸς
3705 5419 3895 5498 δορτῆς

1594 5582 1679 5643 Ex
1696 5544 2024 5643 collatione
2055 5578 2230 5643 codd.
2260 5550 2469 5642 venat.
2511 5578 2573 5643 S.
2611 5578 2810 5647 Marci.

749 5744 898 5808 Cod.
923 5744 1020 5814 3|,
1056 5744 1180 5799 εἶτα
1225 5710 1592 5815 ὀνειδίζοντας.
