4178 6418
281 371 296 434 l
312 370 429 437 329

929 377 1371 441 ENARRATIO
1416 379 1496 439 IN
1547 374 2052 439 EVANGELIUM
2099 374 2435 442 JOANNIS.
2486 414 2561 424 —
2607 383 2770 445 CAP.
2819 385 2951 445 VII.

3508 382 3694 460 1330,

266 506 351 561 καὶ
424 508 553 585 πρὸς
607 503 866 575 διαϐολὴν
943 506 1034 564 τοῦ
1108 508 1344 585 γείτονος
1401 508 1659 570 τοιούτοις
1732 506 1898 587 λόγοις

2000 525 2130 570 mus
2160 510 2317 572 erat?
2348 512 2520 575 Unde
2549 513 2686 576 huic
2708 516 2888 578 vestis
2919 516 3046 579 illa?
3085 516 3225 581 Haec
3275 527 3472 582 autem
3508 520 3655 584 dicit

263 595 543 673 χρώμενος
577 610 592 625 ⁸
665 596 884 662 Πάντως
928 598 1051 675 γὰρ,
1084 598 1267 677 φησὶν,
1315 595 1508 672 ἔκλεψε
1558 598 1654 665 τὴν
1699 596 1915 664 ἐσθῆτα.

266 682 445 750 Οὕτως
492 684 581 741 οὖν
612 687 700 742 καὶ
732 688 778 743 οἱ
812 684 1059 744 Ἰουδαῖοι
1089 705 1103 721 ⁸
1163 711 1183 741 ε
1227 693 1345 751 Πῶς
1392 687 1542 750 οὗτος
1593 684 1710 744 οἶδε
1739 688 1918 765 γράμ-

266 792 527 848 p¢11;n
587 776 803 841 Πάντως
866 776 919 831 έν
974 779 1051 850 τῷ
1108 774 1445 847 Βεελζεϐούλ.
1512 777 1695 834 Καίτοι
1751 775 1920 856 ἐχρῆν

269 863 455 928 αὖτοὺς
515 862 620 920 ἀπὸ
681 866 865 922 τούτου
924 864 1127 931 μᾶλλον
1184 868 1460 937 ἒννοῆσαι,
1509 863 1589 921 ὅτι
1634 863 1778 922 οὖδὲν
1822 865 1920 921 ἆν-

267 951 531 1028 θρώπινον
590 954 657 1023 ἧν
712 954 877 1028 αὒτῷ,
938 951 1089 1010 Ἀλλ’
1142 953 1327 1021 ἐπειδὴ
1390 961 1544 1011 τοῦτο
1600 955 1745 1010 αὖτοὶ
1827 953 1922 1011 οὐκ

268 1038 454 1105 ἤθελον
514 1039 873 1123 ὁμολογῆσαι,
923 1045 1077 1108 αὖτὸς
1122 1042 1455 1122 ἀποκρίνεται
1508 1045 1711 1115 αὐτοῖς,
1780 1042 1915 1099 ἁνα-

266 1128 551 1205 διδᾶσκων,
583 1131 664 1188 ὅτι
713 1134 817 1189 ἀπὸ
854 1133 945 1190 106
988 1135 1193 1211 Πατρὸς
1242 1134 1329 1188 καὶ
1374 1138 1505 1190 Θεοῦ
1549 1131 1690 1188 ἔστιν
1731 1132 1765 1200 ἦ
1827 1131 1912 1189 δι-

260 1219 539 1283 δασκαλία.
601 1219 761 1279 Οὗδὲν
830 1223 930 1301 γὰρ
989 1220 1119 1297 ἐμόν
1192 1220 1328 1300 ἐστι,
1385 1222 1537 1301 φησὶ,
1585 1220 1730 1281 οὐδὲν
1812 1221 1906 1279 ἀπ’

256 1310 483 1384 ἐμαυτοῦ
525 1311 599 1375 ὡς
655 1310 888 1374 ἀντίθεος
948 1312 1268 1391 φθέγγομαι,
1314 1308 1432 1366 ἀλλ’
1490 1310 1623 1389 ἅπερ
1686 1310 1747 1366 ἂν
1811 1311 1902 1378 εἴη

246 1408 336 1458 τοῦ
367 1401 599 1473 Πιτρὸς,
630 1408 794 1457 ταῦτα
817 1400 905 1456 καὶ
935 1399 1041 1473 ἐμαί
1070 1398 1183 1456 ἔστι
1221 1398 1461 1476 ῥήματα.

345 1603 367 1631 u
404 1575 530 1657 Ἐάν
567 1601 647 1642 τις
679 1576 807 1655 θέλῃ
836 1580 900 1635 τὸ
925 1575 1135 1655 θέλημα
1166 1574 1343 1634 ἀὑτοῦ
1385 1591 1587 1649 ποιεῖν,
1644 1582 1903 1657 γνώσεται

260 1669 377 1746 περὶ
433 1669 530 1735 τῆς
562 1664 821 1748 διδαχῆς,
850 1667 1074 1746 πότερον
1106 1666 1166 1723 ἑκ
1194 1666 1286 1724 106
1328 1674 1458 1724 Θεοῦ
1508 1668 1670 1740 ἐστιν,
1717 1669 1754 1737 ἢ
1798 1670 1907 1747 ἐγὼ

260 1752 354 1813 ἀπ’
384 1752 612 1832 ἐμαυτοῦ
669 1754 839 1820 λαλῶ.
879 1748 936 1814 Ὀ
994 1755 1084 1836 ἀφ’
1142 1756 1331 1813 ἑαυτοῦ
1377 1754 1577 1828 λαλῶν,
1629 1757 1728 1825 τὴν
1756 1754 1906 1823 δόξαν

2001 614 2120 687 non
2153 599 2309 680 quod
2342 601 2538 681 reipsa
2566 599 2919 678 admiretur,
2945 604 3049 668 sed
3082 606 3238 687 quod
3264 608 3652 671 aduraturin-

2002 685 2179 759 vidia,
2208 688 2279 750 ad
2314 690 2488 752 vicini
2522 692 2877 755 calumniam
2902 713 3042 756 usus
3087 685 3300 758 talibus
3348 700 3650 761 sermoni-

2004 773 2397 840 bus.0mnino
2430 779 3026 863 enim,dicit,furatus
3058 790 3146 845 est
3176 782 3523 847 vestem.Sic
3544 785 3650 866 igi-
3676 790 3679 791 ⁷

2004 871 2099 926 tur
2122 873 2178 927 et
2202 866 2407 929 Judaei:
2437 867 2778 940 cQuom'odo
2806 870 2900 933 hic
2932 871 3042 933 scit
3070 871 3647 936 litteras?«Protecto

2001 962 2072 1016 ex
2103 955 2418 1019 Beelzebul
2458 956 2650 1019 habet.
2687 956 2946 1020 Tametsi
2972 959 3112 1022 inde
3144 960 3276 1022 illos
3310 963 3648 1043 conjéctare
3676 966 3685 989 "

2000 1044 2194 1133 potius
2224 1044 2533 1125 oportebat
2557 1065 2675 1107 uon
2708 1052 2837 1109 εδει)
2867 1046 2982 1110 h00
3012 1049 3359 1113 humanum:
3386 1051 3488 1113 sed
3509 1054 3649 1133 quia

1995 1132 2106 1195 hoc
2136 1131 2249 1214 ipsi
2281 1134 2451 1196 fateri
2483 1135 2823 1209 noluerunt,
2860 1136 2989 1217 ipse
3035 1138 3361 1219 respondet
3389 1140 3501 1211 eis,
3532 1131 3538 1133 ⁷
3572 1162 3643 1202 o-

1991 1234 2134 1285 cens
2164 1220 2319 1303 quod
2354 1241 2386 1284 a
2420 1221 2543 1285 Deo
2574 1234 2631 1287 et
2664 1227 2840 1288 Patre
2889 1226 2965 1287 sit
3009 1226 3281 1289 doctrina
3324 1228 3423 1291 illa
3482 1229 3643 1293 Aihil

1988 1328 2183 1373 meum
2218 1321 2326 1387 est,
2361 1313 2579 1394 inquit,
2615 1316 2806 1395 neque
2837 1334 2870 1376 a
2925 1316 3176 1396 meipso,
3215 1324 3490 1398 tanquam
3526 1319 3639 1379 ad-

1985 1400 2282 1462 versarius
2316 1404 2460 1478 Deo,
2495 1403 2736 1485 loquor:
2763 1404 2867 1465 sed
2895 1416 3266 1486 quaecunque
3296 1405 3397 1468 illa
3418 1402 3643 1470 luerint

1984 1487 2198 1569 Patris,
2233 1491 2358 1552 haec
2383 1500 2443 1554 et.
2473 1510 2604 1553 mea
2633 1492 2814 1554 verba
2844 1503 3001 1554 sunt.

2067 1575 2249 1643 Vsus.
2282 1580 2588 1654 l7,t8.«Si
2622 1582 2753 1659 quis
2786 1581 3034 1644 voluerit
3064 1582 3425 1647 voluntatem
3452 1584 3639 1664 ipsius
3681 1594 3686 1603 '

1986 1668 2361 1741 fac‘ere,sciet
2386 1668 2461 1730 ile
2489 1668 2759 1730 ductrina
2787 1679 2983 1731 utrum
3007 1689 3077 1732 ex
3104 1672 3225 1735 Deo
3255 1672 3356 1747 sit,
3377 1692 3451 1734 an
3477 1692 3584 1754 ego
3605 1694 3637 1734 a

1989 1756 2215 1837 meipso
2245 1756 2470 1838 loquar.
2505 1757 2616 1831 Qui
2645 1776 2679 1820 a
2704 1758 3024 1840 semetipSo
3069 1759 3353 1842 loquitur,
3384 1758 3633 1840 gloriam

256 1844 354 1913 τὴν
395 1840 526 1902 ίδὶαν
580 1852 760 1917 ζητεῖ,
824 1836 881 1904 Ὀ
926 1844 981 1902 δὶ
1020 1848 1197 1934 ζητῶν
1227 1836 1328 1913 τῆύ
1356 1842 1506 1911 δόξαν
1529 1852 1621 1903 τοῦ
1649 1845 1898 1922 πέμψαν-

1988 1848 2285 1941 propriam
2299 1836 2525 1941 quaerit
2549 1868 2564 1941 ξ
2592 1846 2691 1941 qui
2721 1836 2936 1909 autem-
2954 1836 3166 1941 quaerit
3221 1836 3485 1941 gloriam,
3505 1850 3636 1941 ejus

256 1956 341 1998 τος
385 1935 567 2011 αὗτὸν,
619 1934 772 1999 οὗτος
816 1933 1022 2005 alim;
1062 1929 1200 2013 Em,
1261 1935 1347 1990 καὶ
1397 1931 1569 1991 ἀδικία
1631 1934 1725 1991 οὐκ
1763 1934 1903 1992 ἔστιν

255 2024 309 2080 ἒν
362 2024 525 2099 αὒτῷ.
595 2049 617 2081 ιι
688 2026 886 2097 Είπὼν,
950 2023 1031 2081 ὅτι
1082 2044 1107 2080 α
1150 2015 1213 2082 Ἠ
1262 2023 1368 2099 ἐμὴ
1412 2021 1610 2106 διδαχὴ
1641 2022 1734 2080 οὒκ
1761 2023 1903 2081 ἔστιν

253 2112 384 2192 ἐμὴ,
424 2134 447 2169 ε
495 2118 795 2192 τουτέστιν,
856 2112 1062 2169 ἐναντία
1120 2118 1258 2188 Θεῷ,
1299 2132 1324 2169 ε
1360 2111 1497 2169 ἀλλὰ
1551 2120 1643 2170 106
1700 2114 1903 2192 Πατρός

144 2220 147 2221 ⁷
253 2209 358 2277 μοῦ
388 2201 555 2282 ἑστιν,
591 2225 619 2257 ι
654 2203 840 2283 φησὶν,
873 2200 954 2258 ὅτι
987 2198 1112 2261 Ἐάν
1166 2223 1248 2267 τις
1296 2202 1356 2258 τὸ
1384 2196 1593 2276 θέλήμα
1621 2209 1713 2260 τοῦ
1770 2202 1901 2260 Θεοῦ

253 2296 407 2367 ποιῇ,
442 2290 737 2371 τουτέστιν,
767 2289 893 2348 Ἐάν
923 2311 1001 2357 τις
1054 2290 1247 2370 ἀρετῆς
1294 2289 1654 2371 ἀντιποιῆται,
1706 2292 1794 2347 καὶ
1838 2295 1900 2350 U6

252 2379 426 2456 φθόνῳ
481 2377 729 2460 δουλεύῃ,
802 2377 919 2435 οὐδὲ
976 2382 1054 2453 τῷ
1108 2379 1239 2457 πρός
1317 2400 1383 2455 με
1461 2380 1670 2454 ματαίῳ
1728 2382 1902 2461 φθόνῳ

254 2468 621 2544 έπισκοτῆται,
674 2469 935 2549 γνώσεται
1006 2469 1112 2525 τῶν
1136 2528 1141 2535 ι
1169 2469 1312 2544 ἐμῶν
1379 2466 1555 2547 λόγων
1595 2469 1691 2536 τὴν
1739 2463 1898 2526 δύνα-

254 2572 370 2639 μιν,
402 2558 492 2616 ἐάν
534 2582 592 2616 τε
638 2560 705 2615 τὰ
748 2566 841 2616 τοῦ
884 2558 1088 2638 Πατρδς
1132 2555 1305 2632 λαλῶ,
1347 2559 1439 2615 his
1494 2580 1551 2614 τε
1608 2556 1726 2624 ξένα
1782 2559 1898 2614 τινὰ

249 2650 341 2705 καὶ
397 2647 843 2728 παρηλλαγμένα.
903 2646 1125 2724 Θέλημα
1183 2647 1237 2703 δὲ
1280 2653 1374 2705 106
1432 2652 1561 2704 Θεοῡ
1607 2656 1777 2727 ποιεῖ,
1808 2649 1897 2704 καὶ

249 2741 276 2794 ὁ
334 2739 441 2819 τὰς
481 2738 691 2819 Γραφᾶς
733 2738 822 2795 καὶ
878 2738 1001 2802 τοὺς
1052 2738 1329 2818 προφήτας
1387 2739 1631 2816 ἐρευνῶν.
1666 2728 1723 2794 ’0
1771 2744 1896 2819 γορν

246 2818 485 2891 τοιοῦτος
525 2816 741 2883 δύναται
795 2832 992 2904 γνῶναι
1048 2816 1181 2905 περὶί
1220 2829 1319 2892 τῆς
1350 2831 1443 2881 τοῦ
1500 2824 1689 2904 Κυρίου
1745 2816 1893 2881 διδα-

250 2912 387 2995 χῆς,
420 2913 500 2971 ὅτι
558 2916 664 2971 ἀπὸ
719 2922 850 2972 Θεοῦ
889 2917 1057 2975 ἔστιν.
1104 2916 1163 2973 Οἱ
1210 2918 1475 2994 προφῆται
1514 2914 1614 2991 γὰρ
1656 2917 1752 2973 οὒκ
1793 2914 1893 2970 ἀν-

247 3007 415 3062 τίθεον
438 3004 705 3083 εἰσάγουσι
734 3004 827 3060 τὸν
880 3004 1068 3085 Κύριον
1113 3005 1202 3061 καὶ
1244 3004 1334 3085 ἀφ’
1394 3004 1580 3063 ἑαυτοῦ
1608 3003 1903 3079 λαλοῦντα,

248 3092 386 3151 ἀλλὰ
428 3093 604 3151 πάντα
667 3094 732 3150 τὰ
788 3100 864 3169 τῷ
924 3101 1040 3169 Θεῴ
1081 3092 1499 3169 δοκοῦντα,⁸καὶ
1542 3090 1765 3171 λέγοντα
1807 3094 1896 3149 καὶ

1987 1935 2088 2017 qui
2112 1934 2269 1996 misit
2297 1936 2514 2016 ipsum,
2550 1935 2646 1997 hic
2680 1954 2860 1998 verax
2905 1944 3014 2017 est,
3041 1944 3099 1998 et
3150 1937 3439 2017 injustitia
3472 1938 3533 2000 in
3564 1957 3634 2001 eo
3676 1936 3679 1941 ’

1986 2043 2106 2086 non
2132 2033 2242 2087 est.
2271 2045 2291 2075 ι
2331 2025 2571 2088 Dixerat
2608 2047 2621 2089 :
2660 2050 2686 2081 α
2719 2027 2850 2090 Mea
2876 2024 3146 2088 doctrina
3170 2044 3285 2089 non
3319 2034 3407 2088 est
3436 2040 3627 2110 mea,»
3676 2042 3683 2049 ο

1986 2114 2099 2176 hoc
2141 2122 2251 2191 est,
2298 2115 2635 2176 adversaria
2685 2116 2833 2189 Deo,
2885 2126 2910 2169 α
2942 2116 3046 2177 sed
3079 2116 3269 2178 Patris
3299 2115 3420 2177 mei
3450 2120 3561 2188 est,
3603 2116 3637 2169 ι’
3676 2135 3683 2145 '

1983 2203 2196 2283 inquit.
2232 2202 2294 2266 Si
2325 2204 2460 2284 quis
2483 2203 2839 2265 voluntatem
2881 2202 2987 2266 Dei
3018 2203 3245 2285 fecerit,
3293 2205 3405 2267 hoc
3436 2208 3546 2285 est,
3582 2206 3631 2267 si
3654 2206 3681 2229 "

1979 2290 2254 2352 virtutem
2279 2291 2647 2372 amplexatus
2670 2290 2867 2365 fuerit,
2892 2301 2949 2353 et
2978 2292 3215 2354 invidiae
3250 2310 3369 2352 non
3402 2292 3628 2354 servi‘e-
3676 2306 3681 2375 ξ

1982 2380 2282 2461 rit,neque
2301 2399 2450 2442 vano
2474 2389 2679 2443 contra
2710 2398 2803 2441 me
2826 2380 2964 2442 odio
2986 2380 3412 2443 obtenebratus
3428 2381 3628 2456 fuerit,
3674 2400 3677 2405 ‘

1982 2468 2131 2531 sciet
2156 2487 2423 2532 meorum
2460 2478 2800 2530 sermonum
2830 2468 3131 2541 virtutem,
3184 2488 3322 2530 num
3380 2474 3450 2531 ea
3499 2476 3631 2553 qua

1983 2557 2180 2621 Patris
2201 2567 2337 2619 sunt
2367 2557 2594 2638 loquar,
2630 2574 2704 2620 an
2732 2557 2922 2620 aliena
2965 2568 3024 2622 et
3063 2558 3307 2637 indigna
3330 2557 3625 2639 quaedam.
3674 2574 3677 2577 ‘

1979 2641 2356 2711 Voluntatem
2389 2656 2582 2707 autem
2616 2646 2724 2708 Dei
2754 2647 2892 2709 facit
2944 2656 3000 2709 et
3040 2647 3163 2729 qui'
3201 2642 3540 2728 Sciipturas
3570 2656 3631 2709 et

1978 2735 2295 2816 prophetas
2343 2733 2655 2798 scrutatur.
2692 2736 2875 2815 Igitur
2924 2738 3025 2816 qui
3082 2735 3215 2798 talis
3256 2743 3376 2807 est,
3414 2735 3628 2816 poterit

1976 2825 2130 2887 scire
2189 2820 2263 2885 de
2315 2823 2584 2885 doctrina
2619 2823 2855 2885 Domini
2882 2826 3039 2906 quod
3093 2844 3162 2886 ex
3201 2824 3324 2886 Deo
3355 2824 3451 2884 sit.
3478 2822 3625 2885 Nam

1978 2913 2282 2994 prophetae
2314 2932 2431 2974 non
2466 2912 2755 2974 inducunt
2794 2911 3108 2974 Dominum
3170 2912 3309 2976 Deo
3346 2911 3628 2973 adversa-
3669 2916 3677 2929 ‘

1975 3001 2156 3075 rium,
2190 3009 2247 3063 et
2275 3020 2307 3061 a
2341 3000 2539 3081 soipso
2562 3000 2924 3081 loquentem,
2956 3003 3060 3064 sed
3131 3002 3319 3063 omnia
3344 3014 3477 3079 quae
3505 2998 3628 3061 Deo
3668 3020 3673 3025 δ

1978 3098 2313 3170 congruunt
2346 3099 2404 3151 et
2445 3090 2743 3152 dicentem
2779 3098 2835 3151 et
2864 3090 3235 3163 facientem,
3288 3089 3544 3169 Insuper
3571 3096 3630 3150 et
3664 3094 3671 3101 '

250 3184 571 3263 πράττοντα.
623 3187 756 3239 Εἶτα
818 3183 906 3240 καὶ
954 3181 1132 3262 ἕτερον
1182 3181 1439 3261 λογισμὸν
1482 3181 1741 3261 ἐπιφέρει,
1798 3180 1894 3238 λέ-

1984 3179 2151 3241 aliam
2210 3180 2502 3241 rationem
2583 3178 2807 3260 subdit,
2876 3178 3082 3240 dicens
3141 3201 3154 3238 :
3211 3180 3323 3252 Qui
3398 3194 3435 3239 'a
3504 3177 3669 3238 seié‘

248 3296 358 3350 γων
390 3289 403 3303 ⁸
463 3264 521 3330 Ὀ
578 3271 669 3351 ἀφ’
706 3273 894 3329 ἑαυτοῦ
934 3270 1137 3352 λαλῶν,
1189 3270 1482 3346 τουτέστιν,
1515 3273 1543 3327 δ
1572 3269 1894 3347 βουλόμενος

245 3360 373 3419 ἰδίαν
455 3366 654 3431 στῆσαι
736 3352 1100 3442 διδασκαλίαν,
1179 3359 1250 3417 δι’
1307 3359 1454 3418 οὒδὲν
1501 3359 1681 3439 ἕτερον
1741 3365 1896 3417 τοῦτο

246 3464 420 3526 ποιεῖ,
475 3451 511 3519 ἢ
568 3448 727 3531 χάριν
771 3461 865 3510 τοῦ
885 3449 1038 3517 δόξαν
1098 3450 1218 3507 τινὰ
1274 3448 1334 3507 ἐκ
1363 3450 1551 3506 τούτου
1600 3448 1896 3528 καρπώσαο

244 3533 385 3599 σθαι.
451 3541 508 3597 Ei
564 3537 619 3596 δὲ
676 3540 810 3620 ἐγὼ,
867 3540 1049 3620 φησὶν,
1101 3539 1160 3596 06
1211 3538 1471 3617 βούλομαι
1519 3538 1894 3618 καρπώσασθαι

241 3629 392 3697 δόξαν
453 3627 608 3709 ἰδίαν,
641 3623 777 3688 ἀλλᾶ
805 3630 905 3698 τήν
949 3628 1100 3696 δόξαν
1150 3636 1243 3687 τοῦ
1270 3629 1581 3706 πέμψαντός
1615 3650 1681 3704 με
1724 3634 1891 3703 ζητῶ,

240 3721 379 3781 τίνος
434 3718 610 3775 ἕνεκεν
664 3718 962 3797 βουλοίμην
1016 3717 1079 3775 ἂν
1126 3719 1280 3799 ἕτερα
1310 3716 1571 3777 διδάσκειν
1611 3716 1893 3792 ;Ἀληθὴς

245 3809 335 3866 οὖν
388 3811 516 3888 εἶμι,
563 3809 653 3865 καὶ
708 3812 802 3868 οὒκ
852 3807 995 3865 ἔστιν
1049 3806 1219 3865 ἂιδικία
1274 3808 1329 3864 ἐν
1382 3806 1501 3883 έμοί
1524 3826 1537 3839 ⁸
1600 3806 1890 3883 τουτέστιν,

244 3896 318 3955 Οὔ
373 3896 525 3962 δόξαν
584 3896 748 3977 ἑτέρῳ
830 3896 1160 3973 ἁρμόζουσαν
1237 3897 1454 3976 ἀρπάζω
1485 3910 1538 3959 ⁸λ
1581 3902 1737 3953 τοῦτο
1795 3896 1893 3974 γὰρ

242 3984 434 4047 ἃδικία.
498 3978 683 4043 ’Ὥστε
714 3989 748 4056 ἡ
781 3983 977 4067 διδαχή
1022 4008 1123 4061 μου
1180 3989 1268 4043 καὶ
1318 3984 1570 4055 ἀλήθειαν
1622 3984 1765 4066 ἔχει,
1804 3981 1894 4041 καὶ

240 4073 579 4145 δικαιοσύνην
627 4074 681 4131 ἐν
739 4080 937 4152 ταῦτῷ.
990 4077 1063 4134 06
1109 4076 1205 4156 γὰρ
1262 4073 1313 4141 ἒξ
1371 4070 1887 4156 ἆλαζονείαςῗγίνε-

1976 3287 2083 3351 pso
2125 3268 2404 3349 loquitur,
2440 3269 2553 3330 hoc
2584 3276 2673 3329 est
2702 3269 2800 3348 qui
2849 3271 2977 3330 vult
3016 3268 3317 3349 propriam
3367 3269 3671 3328 statuere"

1977 3358 2332 3433 doctrinam,
2368 3365 2609 3439 propter
2638 3355 2781 3416 nihil
2815 3357 2971 3419 aliud
3012 3358 3125 3441 hoc
3156 3357 3316 3431 facit,
3351 3374 3529 3437 quam
3563 3365 3627 3415 ut
3664 3376 3670 3381 ·

1976 3447 2221 3526 gloriam
2258 3445 2577 3528 quamdam
2602 3445 2838 3509 inanem
2857 3446 2997 3509 inde
3024 3444 3406 3527 percipiat.Si
3427 3453 3623 3506 autem

1978 3554 2110 3615 ego,
2146 3535 2357 3616 inquit,
2390 3535 2592 3615 gloriae
2620 3535 2877 3615 pr0prize
2908 3536 3161 3597 fructum
3196 3535 3465 3609 nolo,sed
3500 3534 3624 3614 glo-
3664 3548 3673 3561 '

1975 3625 2125 3687 riam
2149 3626 2275 3705 ejus
2297 3625 2393 3706 qui
2430 3643 2525 3686 me
2564 3623 2724 3685 misit
2769 3643 2993 3705 quaero,
3028 3626 3200 3704 cujus
3230 3623 3418 3703 gratia
3445 3622 3621 3683 velim
3646 3624 3673 3639 ’⁸

1976 3713 2091 3776 alia
2110 3714 2326 3775 docere
2361 3735 2374 3772 :
2401 3731 2574 3774 verax
2606 3712 2783 3792 igitur
2805 3732 2959 3793 sum,
2988 3721 3046 3774 et
3077 3732 3196 3774 non
3230 3710 3625 3791 estinjustitia

1976 3804 2039 3865 in
2070 3821 2166 3865 me
2203 3824 2216 3865 :
2249 3804 2362 3863 hoc
2393 3810 2483 3863 est
2514 3822 2630 3862 non
2663 3802 2829 3883 rapio
2862 3803 3107 3881 gloriam
3139 3802 3312 3864 alteri
3333 3800 3618 3861 debitam.
3643 3806 3672 3829 "

1975 3892 2102 3955 Hoc
2132 3892 2291 3953 enim
2314 3892 2613 3972 injustitiaa
2638 3890 2812 3953 foret.
2848 3897 3037 3972 Atque
3070 3891 3153 3953 ita
3193 3890 3460 3951 doctrina
3490 3890 3625 3948 mea
3664 3890 3669 3909 ‘

1975 3990 2033 4044 et
2058 3981 2370 4043 veritatem
2395 3979 2833 4061 complectitur,
2869 3988 2927 4040 et
2948 3979 3238 4059 justitiam
3271 3978 3330 4040 in
3375 3997 3461 4040 se.
3488 3978 3619 4039 Non

1973 4072 2131 4135 enim
2165 4091 2233 4133 ex
2262 4072 2593 4149 arrogantia
2616 4070 2775 4137 ﬁt.ut
2801 4069 3175 4131 mendacium
3205 4069 3415 4130 habeat
3444 4067 3623 4128 δοίη·
3670 4086 3671 4089 ‘

238 4187 349 4238 ται,
404 4165 498 4221 ’ἕνα
555 4167 642 4222 καὶ
697 4167 759 4222 τὸ
815 4163 1003 4241 ψευδὲς
1055 4155 1301 4245 ἔχῃνκαὶ
1342 4167 1403 4221 τὸ
1460 4162 1660 4226 ἄδικον,
1699 4155 1755 4222 Ὀ
1786 4164 1885 4243 γὰρ

1984 4161 2273 4231 iustitiam.
2308 4163 2609 4238 Arrogans
2644 4160 2776 4221 vero
2811 4160 3195 4233 etmentitur,
3231 4178 3300 4220 eo
3345 4156 3506 4238 quod
3550 4156 3627 4217 de

237 4252 446 4325 ἀλαζὼν
523 4256 610 4310 vati
694 4252 963 4334 ψεύδεται,

1053 4256 1181 4312 καθὸ
1237 4255 1353 4332 περὶ
1425 4257 1581 4313 αὖτοῧ
1635 4255 1700 4309 τὰ
1754 4254 1883 4332 ὑπὲρ

1984 4269 2032 4313 se
2054 4251 2188 4332 plus
2218 4267 2394 4331 quam
2429 4255 2711 4323 meretur,
2748 4247 2915 4321 dicit,
2946 4258 3004 4309 et
3048 4248 3265 4327 injuste
3293 4248 3433 4325 agit,
3486 4247 3624 4325 quia

236 4344 334 4411 τὴν
390 4342 536 4410 ἀξίαν
580 4343 739 4401 αὺτοῦ
796 4342 962 4421 λέγει,
1018 4344 1105 4398 καὶ
1160 4341 1359 4417 ἀδικεῖ,
1406 4344 1541 4399 καθὸ
1590 4342 1689 4409 τὴν
1718 4341 1885 4399 ἄλλο·

1984 4340 2217 4401 tlienam
2291 4347 2347 4399 et
2410 4336 2523 4396 sibi
2592 4336 3110 4421 inconvenientem
3182 4334 3426 4412 gloriam
3518 4352 3619 4393 ra-

236 4435 382 4512 τρίαν
439 4435 525 4490 καὶ
568 4430 735 4509 μηδὲν
799 4436 942 4507 αὖτῷ
999 4430 1374 4510 προσήκουσαν
1432 4430 1581 4497 δόξαν
1638 4432 1878 4511 ἆρπάζει,

1984 4430 2072 4492 iit.
2108 4430 2180 4490 At
2211 4427 2495 4489 Dominus
2525 4426 2662 4506 quia
2685 4445 2818 4506 quae
2848 4425 3037 4487 Patris
3069 4431 3201 4485 sunt
3232 4422 3624 4505 qumrebat,e¢

240 4512 300 4579 Ὀ
335 4520 389 4578 δὲ
448 4523 636 4602 Κύριος
695 4520 877 4590 ἐπειδὴ
935 4521 1001 4579 τὰ
1027 4529 1120 4579 τοῦ
1153 4520 1356 4599 Πατρὸς
1388 4521 1585 4601 ἐζήτει,
1620 4522 1708 4578 καὶ
1738 4519 1882 4578 οὐδὲν

1984 4518 2116 4581 nihil
2149 4518 2223 4577 de
2255 4534 2317 4577 se
2348 4523 2693 4593 arroganter
2748 4513 3002 4585 dicebat,
3052 4514 3293 4575 omnino
3344 4521 3401 4572 et
3447 4522 3623 4574 verax

238 4614 360 4689 περὶ
414 4612 599 4671 ἑαυτοῦ
655 4611 1032 4692 ἧλαζονεύετο,
1096 4612 1182 4667 καὶ
1231 4609 1436 4680 ἀληθής
1498 4611 1612 4667 ἐστι
1675 4612 1885 4673 πάντως

238 4702 329 4757 καὶ
358 4700 580 4766 δίκαιος,
620 4701 906 4782 Πολλαχοῦ
955 4699 1012 4757 δὶ
1070 4700 1321 4780 εἴπομεν,
1355 4701 1445 4757 καὶ
1498 4707 1601 4757 νῦν
1633 4699 1884 4779 λέγομεν,

236 4790 319 4846 ὅτι
377 4789 503 4847 ὅταν
546 4792 770 4850 ταπεινά
824 4813 942 4848 τινα
993 4790 1165 4869 λέγων
1204 4791 1452 4871 φαίνηται
1496 4791 1525 4847 δ
1556 4790 1765 4870 Κύριος,
1831 4791 1891 4848 06

236 4878 323 4937 δεῖ
367 4882 622 4956 νομίζειν,
683 4881 764 4939 ὅτι
825 4883 899 4945 ὡς
946 4880 1182 4938 ἐλάττων
1240 4880 1316 4939 ὢν
1345 4887 1437 4938 τοῦ
1494 4882 1700 4960 Πατρὸς
1752 4880 1891 4938 κατὰ

235 4970 412 5049 φύσιν,
472 4979 639 5028 ταῦτα
692 4970 1005 5051 φθέγγεται,
1066 4969 1203 5028 ἀλλὰ
1259 4967 1343 5027 διὰ
1400 4970 1461 5027 τὰ
1512 4971 1594 5048 μὴ,
1655 4969 1885 5034 ἀντίθεος

232 5064 569 5140 νομισθῆναι,
614 5062 703 5118 καὶ
771 5057 859 5116 διὰ
916 5061 1017 5129 τὴν
1066 5053 1338 5119 ἀσθένειαν
1397 5059 1502 5116 τῶν
1560 5059 1885 5139 ἆκουὸντων,

234 5151 322 5205 καὶ
376 5147 462 5205 διὰ
502 5152 561 5206 τὸ
617 5153 786 5217 σαίρκα
835 5148 1273 5229 περιϐεϐλῆσθαι,
1330 5150 1423 5207 καὶ
1462 5144 1564 5205 διὰ
1630 5149 1693 5205 τὸ
1736 5146 1886 5209 διδά-

232 5261 376 5294 σκειν
433 5240 576 5320 ἡμᾶς
635 5240 957 5320 μετριάζειν,
1019 5241 1106 5296 καὶ
1167 5237 1334 5316 μηδὲν
1377 5238 1516 5317 μέγα
1544 5237 1719 5318 λέγειν
1768 5239 1888 5317 περὶ

235 5329 457 5390 ἑαυτῶν.
521 5319 697 5387 (Ὀταν
755 5326 810 5385 δέ
868 5319 946 5406 γε
985 5325 1171 5404 ὑψηλᾶ
1222 5330 1311 5385 καὶ
1366 5330 1483 5408 περὶ
1535 5329 1631 5397 τῆς
1695 5327 1889 5391 οίκείας

231 5413 386 5484 δόξης
441 5416 761 5499 φθέγγηται,
822 5418 935 5498 χρὴ
996 5418 1264 5475 πιστεύειν
1316 5420 1483 5488 ἡμᾶς,
1554 5414 1633 5473 ὅτι
1687 5418 1760 5481 ὡς
1814 5423 1891 5491 τῷ

230 5504 341 5564 υἷ’ντι
398 5507 521 5573 ’ἶσος
601 5510 681 5582 τῷ
740 5508 928 5586 Πατρὶ,
1016 5516 1183 5566 ταῦτα
1240 5508 1306 5564 τά
1351 5505 1535 5582 ὑψηλὰ
1584 5506 1886 5585 φθέγγεται,

231 5596 314 5654 διὰ
340 5600 403 5655 τὸ
434 5599 658 5677 μέγεθος
692 5604 792 5668 τῆς
835 5600 1029 5664 οἰκείας
1063 5600 1297 5681 φύσεως.

310 5712 336 5740 «ι
374 5693 446 5746 03
488 5689 682 5758 Μωσῆς
708 5687 939 5748 δέδωκεν
964 5691 1093 5767 ὑμῖν
1119 5691 1213 5746 τὸν
1244 5688 1405 5765 νόμον
1435 5709 1456 5768 ;
1510 5694 1605 5751 Καὶ
1636 5687 1808 5751 οοόδείς
1840 5686 1893 5752 b5

1969 4617 2060 4670 est
2080 4610 2137 4668 et
2157 4608 2375 4687 justus.
2400 4606 2569 4684 Smpe
2597 4611 2796 4665 autem
2828 4603 3174 4677 diximus,et
3199 4619 3354 4664 nunc
3376 4616 3621 4682 quoque

1970 4697 2246 4776 dicimus,
2295 4694 2437 4754 “06
2494 4693 2648 4774 quod
2720 4692 2954 4774 quando
3031 4691 3319 4756 Dominus
3375 4689 3625 4751 humilia

1968 4786 2235 4868 quaedam
2269 4783 2471 4846 dicere
2496 4781 2874 4857 videtur,non
2906 4779 3355 4842 existimandum
3383 4780 3506 4868 haec
3539 4779 3618 4839 il-

1970 4866 2089 4940 lum
2122 4875 2325 4936 dicere
2350 4875 2504 4954 quod
2541 4886 2744 4933 natura
2808 4872 3001 4932 minor
3042 4871 3117 4931 sit
3170 4872 3365 4936 Patre.
3410 4866 3513 4930 sed
3549 4882 3625 4932 ne

1972 4966 2260 5029 habeatur
2291 4962 2662 5024 adversarius
2717 4964 2863 5030 Deo,
2899 4968 2956 5022 et
3001 4971 3242 5041 propter
3289 4957 3621 5021 auditorum

1968 5053 2465 5131 imbecillitatem,
2501 5060 2558 5113 et
2592 5060 2907 5132 propterea
2935 5050 3092 5131 quod
3141 5067 3319 5111 carne
3368 5047 3625 5111 amictus

1971 5147 2067 5222 sit,
2104 5152 2281 5222 utque
2314 5160 2420 5203 nos
2473 5142 2682 5203 doceat
2715 5141 3014 5202 modestos
3033 5157 3187 5215 esse,
3221 5146 3279 5201 et
3311 5137 3459 5198 nihil
3495 5144 3624 5198 ma-

1969 5246 2146 5315 gnum
2183 5233 2258 5292 de
2288 5230 2460 5291 nobis
2491 5230 2635 5309 ipsis
2664 5229 2886 5292 dicere.
2921 5228 3168 5300 Quando
3200 5236 3395 5288 autem
3429 5226 3623 5288 subli-

1972 5324 2090 5385 mia
2121 5328 2178 5384 et
2207 5320 2280 5380 de
2310 5339 2417 5381 sua
2449 5320 2646 5380 divina
2674 5318 2860 5399 gloria
2889 5318 3176 5399 loquitur,
3211 5323 3445 5397 Oportet
3487 5330 3625 5376 cre-

1973 5413 2117 5475 dere
2153 5430 2259 5471 nos
2284 5410 2439 5490 quod
2469 5409 2713 5488 grandia
2739 5409 2867 5469 haec
2899 5416 2960 5468 ut
2988 5405 3228 5488 aequalis
3252 5404 3404 5466 Patri
3427 5405 3641 5491 loqna-_
3674 5432 3677 5435 -

1974 5506 2091 5570 tui‘,
2128 5507 2372 5582 propter
2407 5498 2873 5578 magnitudinem
2910 5515 3031 5557 suae
3061 5500 3302 5558 naturae.
3592 5498 3595 5505 '

2060 5672 2239 5732 Vnus.
2280 5666 2484 5735 19.20.
2522 5670 2767 5731 «Nonne
2799 5670 2991 5731 Moses
3021 5666 3186 5727 dedit
3218 5664 3382 5727 vobis
3403 5662 3634 5742 legem?
