4178 6404
341 363 363 437 i
374 371 490 437 333

962 412 970 421 -
1011 354 1459 439 manuario
1488 377 1567 438 1N
1614 373 2124 440 EVANGELIUM
2165 373 2510 435 JOANNIS.
2558 405 2635 415 —
2681 371 2843 433 CAP.
2882 370 3012 431 v11.

3559 361 3709 427 1334

334 507 481 581 ὑψιν,
548 530 571 563 ι
634 507 754 562 ἀντὶ
820 516 938 586 τοῦ,
1021 507 1249 569 Δικαίως
1328 507 1414 562 καὶ
1471 504 2005 586 ἆπροσωπολήπτωςη

2088 505 2599 587 'eprehensionem
2617 503 2911 584 ponitis,si
2926 523 3022 565 me
3026 501 3431 583 judicaveritis
3460 498 3715 561 maxime

337 596 658 674 ψηφίσασθε,
696 596 785 663 Μὴ
828 598 919 652 τὸν
952 596 1050 669 μὲν
1082 594 1278 652 Μωσέα
1337 594 1529 652 λύοντα
1584 597 1644 652 τὸ
1713 594 1984 654 Σάϐϐατον

337 681 421 739 διὰ
478 690 575 750 τῆς
622 685 945 763 περιτομῆς,
998 684 1100 750 ἔξω
1172 684 1429 760 μέμψεως
1500 686 1667 741 τίθετε
1702 701 1715 715 ⁸
1778 685 1874 760 ἐμὲ
1932 683 1987 742 δὲ

341 773 702 852 κατακρίνε-ε,
756 775 842 830 καὶ
897 781 1060 832 ταῦτα
1119 770 1203 829 ἐπ’
1273 774 1539 854 εὐεργεσίᾳ
1603 774 1877 852 ἀνθρώπου
1929 775 1988 830 τὸ

341 857 611 918 Σάὅόατον
694 861 1084 924 καταλύσαντα.
1144 864 1215 920 Τὸ
1295 863 1393 941 γὰρ
1453 864 1543 918 τὸν
1625 863 1720 933 μὲν
1797 862 1991 920 Μωσέα

342 948 439 1015 ἔξω
487 951 743 1027 μέμψεως
803 950 1001 1008 τιθέναι
1063 950 1147 1007 διὰ
1199 953 1261 1007 τὸ
1318 958 1409 1008 τοῦ
1451 952 1736 1030 προσώπου
1795 951 2023 1025 ἀξίωμα,

345 1040 544 1118 σαφής.

428 1151 454 1181 «
506 1127 747 1206 ’Ἔλεγεν
781 1127 868 1186 οὖν
902 1149 1041 1193 τινες
1074 1128 1134 1185 ἐκ
1178 1135 1283 1184 τῶν
1333 1119 1763 1208 Ἱεροσολυμιτῶν
1797 1149 1812 1164 ·
1873 1132 1989 1208 υὺχ

341 1216 489 1279 οὗτός
522 1218 661 1274 ἐστιν
706 1217 765 1272 ὃν
826 1223 1073 1287 ζητοῦσιν
1132 1216 1447 1273 ἀποκτεῖναι
1483 1235 1500 1292 ;
1539 1220 1635 1276 Καὶ
1666 1216 1748 1274 ἴδε
1778 1216 1988 1297 παρρη-

346 1308 431 1378 σία
488 1305 668 1386 λαλεῖ,
714 1308 801 1369 καὶ
838 1305 985 1365 οὐδὲν
1029 1310 1171 1380 αὐτῷ
1213 1305 1447 1385 λέγουσι,
1508 1308 1729 1376 Μήποτε
1778 1306 1989 1374 ἀληθῶς

342 1395 577 1472 ἔγνωσαν
631 1398 679 1451 οἱ
736 1395 1016 1475 ἄρχοντες,
1078 1395 1158 1452 ὅτι
1205 1396 1356 1459 οὗτός
1388 1395 1529 1452 ἐστιν
1556 1396 1772 1463 ἆληθῶς
1804 1399 1832 1452 6
1863 1404 1990 1476 Χρι-

341 1485 463 1550 στός
500 1505 515 1554 ;
563 1482 727 1541 Ἀλλᾶ
772 1490 956 1541 τοῦτον
1000 1483 1244 1561 οἴδαμεν,
1294 1485 1450 1541 πόθεν
1480 1485 1641 1541 ὶστίν·
1689 1488 1716 1541 6
1759 1483 1813 1541 δὲ
1858 1492 1992 1563 Χρι-

341 1577 463 1638 στὸς
494 1575 618 1631 ὅταν
667 1574 918 1655 ἔρχηται,
984 1572 1145 1639 οὐδεὶς
1205 1574 1457 1652 γινώσκει
1514 1573 1671 1630 πόθεν
1742 1574 1902 1636 ἐστίν,
1962 1596 1985 1631 ε

343 1664 449 1721 Οὒιι
500 1661 681 1728 ἁπλῶς
740 1665 828 1719 καὶ
876 1662 1054 1738 μάτην
1099 1662 1408 1741 πρόσκειται
1452 1664 1538 1736 τὸ,
1591 1685 1618 1717 α
1674 1663 1823 1728 Τινὲς
1888 1668 1992 1719 τῶν

2070 593 2502 656 henet‘aciendo
2534 591 3111 656 homini.Sabbatum
3129 610 3247 652 non
3272 590 3708 652 observantem.

2072 683 2445 747 Manifestum
2476 683 2636 743 enim
2669 682 2823 763 quod
2859 690 3170 761 personam
3202 678 3586 759 recipiatis,si
3620 695 3715 739 me

2073 781 2315 852 propter
2339 771 2728 832 humilitatem
2762 771 3192 841 condemnatis,
3231 777 3286 830 et
3332 769 3533 829 Mosen
3570 785 3711 845 pro-

2076 867 2203 941 pter
2230 862 2360 940 ejus
2386 859 2729 939 dignitatem
2764 879 2880 920 non
2914 858 3346 921 condemnatis.
3614 920 3615 923 η

2070 951 2166 1025 ἰμὶ
2223 949 2277 1007 δὲ
2336 948 2588 1007 δοκοῦντα
2633 946 2835 1023 ἄδοξον,
2882 952 3236 1027 κατακρίνειν,
3290 946 3717 1023 προσωποληψία

2154 1126 2587 1190 “ansas-21c
2614 1128 2899 1192 Dicebant
2920 1145 3059 1207 ergo
3082 1126 3319 1208 quidam
3335 1144 3405 1187 ex
3430 1124 3715 1186 Hieroso-

2073 1215 2606 1297 lymitaniszNonne
2625 1217 2720 1278 hic
2743 1226 2834 1278 est
2854 1234 3029 1296 quem
3055 1224 3327 1297 quierunt
3345 1214 3719 1278 interﬁcere?

2072 1306 2253 1386 Atqui
2277 1324 2416 1368 ecce
2439 1308 2627 1387 palam
2656 1306 2938 1387 loquitur,
2970 1315 3027 1367 et
3056 1306 3203 1367 nihil
3228 1305 3284 1367 ei
3307 1304 3532 1373 dicunt.
3566 1308 3717 1370 Num

2075 1413 2213 1456 vere
2236 1404 2640 1475 cognoverunt
2672 1395 2978 1475 principes
3003 1396 3159 1457 hunc
3189 1414 3330 1457 ecce
3360 1414 3497 1459 vere
3543 1398 3717 1461 Chri-

2075 1482 2383 1545 stum?Sed
2418 1486 2577 1547 hunc
2610 1485 2877 1546 novimus
2908 1485 3067 1545 unde
3096 1485 3191 1546 sit;
3228 1482 3494 1547 Christus
3520 1497 3718 1549 autem

2076 1591 2209 1634 cum
2225 1573 2661 1645 venerit,nemo
2674 1574 2780 1635 scil
2796 1575 2956 1635 unde
2969 1574 3063 1635 sit.
3079 1572 3242 1635 nNon
3260 1573 3723 1655 simpliciterab-

2077 1681 2225 1743 sque
2242 1682 2418 1725 causa
2433 1661 2973 1743 adjecit.cQuidam
3000 1662 3650 1744 exHierosolymitanis,
3689 1691 3715 1720 ι

347 1743 800 1829 Ἱεροσολυμιτῶν,
854 1774 876 1809 ε
929 1749 1049 1806 ἀλλ’
1093 1749 1185 1806 ’ίνα
1216 1747 1381 1827 δείξῃ,
1412 1750 1495 1807 ὃτι
1525 1753 1572 1807 oi
1616 1749 1847 1826 μάλιστα
1886 1756 1994 1809 τῶν

2088 1752 2181 1813 sed
2232 1760 2300 1813 ut
2343 1753 2615 1814 ostendat
2640 1752 2797 1834 quod
2841 1771 2976 1814 cum
3011 1753 3261 1813 maxima
3290 1743 3405 1815 illis
3438 1754 3724 1815 miracula

346 1838 592 1917 μεγάλων
640 1838 1037 1904 ἀπολαύσλντες
1082 1840 1344 1914 σημείων,
1402 1841 1544 1896 οὗτοι
1588 1840 1803 1897 πάντων
1859 1841 1994 1908 ἦσαν

344 1928 676 2009 ἀθλιώτεροι.
721 1933 843 1992 Πῶς
886 1929 987 2007 γὰρ
1028 1928 1122 1984 οὑκ
1180 1925 1374 2008 ἄθλιοι,
1432 1925 1513 1984 ὅτι
1572 1927 1710 2008 μέγα
1766 1942 1995 2005 σημεῖον

347 2023 443 2085 τῆς
500 2016 655 2075 αὒτοῦ
703 2017 955 2084 θεότητος
986 2015 1207 2089 ἱδόντες,
1245 2015 1322 2072 ἔτι
1369 2014 1738 2096 διεφθαρμένοι
1773 2019 1871 2074 εἶσὶ
1927 2024 1996 2094 τῇ

347 2108 565 2185 κρίσεις
632 2105 779 2185 Μέγα
841 2105 938 2182 μὲν
996 2106 1096 2185 γὰρ
1140 2117 1370 2181 σημεῖον
1429 2107 1614 2186 εἶχον,
1646 2107 1800 2185 εἴπερ
1828 2104 1996 2173 ἠϐού-

350 2195 525 2269 λοντο,
572 2198 633 2252 τὸ
676 2196 731 2252 ἐν
774 2194 923 2271 μέσῳ
963 2201 1069 2251 τῶν
1112 2194 1232 2252 κατ’
1284 2196 1440 2253 αὑτοῦ
1488 2194 1799 2252 λυττώντων
1854 2194 1994 2273 παρο

350 2286 686 2363 ῥησιάζεσθαι
744 2284 923 2360 αὒτὸν,
984 2285 1072 2340 καὶ
1127 2281 1292 2359 μηδὲν
1346 2283 1434 2340 ὑπ’
1494 2284 1664 2342 αότῶν
1738 2285 1995 2364 πάσχειν.

353 2372 498 2432 Ἀλλ’
563 2379 659 2434 οὒκ
716 2371 1007 2442 ἠϐούλοντο
1058 2374 1163 2430 ἀπὸ
1208 2372 1395 2430 τούτου
1453 2380 1545 2430 τοῦ
1602 2376 1824 2450 σημείου
1882 2373 2000 2431 ἔπι.

353 2469 547 2541 γνῶναι
600 2465 701 2531 τὴν
743 2460 960 2539 δύναμιν
1005 2463 1180 2533 αὐτοῦ,
1246 2462 1557 2533 Διστάζουσι
1588 2460 1666 2537 δὲ,
1698 2462 1943 2543 λέγοντες
1977 2481 1995 2498 ⁸

357 2577 383 2608 ιι
418 2555 505 2623 Μή
569 2574 698 2611 ποτε
758 2551 995 2632 ἔγνωσαν
1052 2554 1100 2607 οἱ
1156 2550 1439 2631 ἄρχοντες,
1504 2551 1583 2608 ὅτι
1642 2553 1791 2616 οὗτός
1857 2551 1997 2608 ἐστιν

352 2643 563 2710 ἀληθῶς
609 2646 636 2700 ὁ
684 2640 907 2722 Χριστός
944 2660 959 2713 ;
1000 2663 1025 2699 ε
1079 2642 1175 2699 Καὶ
1227 2638 1342 2700 οὐδὲ
1372 2639 1460 2700 ἐπὶ
1484 2642 1682 2708 ταύτης
1724 2642 1823 2710 τῆς
1854 2641 1999 2720 γνώ-

353 2754 459 2805 μης
521 2731 791 2807 μένουσιν,
836 2729 975 2787 ἀλλὰ
1025 2728 1447 2807 συλλογίζονται,
1491 2728 1571 2786 ὅτι
1603 2732 1705 2789 Τὸν
1737 2732 1833 2806 μὲν
1864 2737 1998 2809 Χρι-

354 2822 479 2877 στὸν
536 2818 701 2884 οὐδεὶς
756 2818 897 2893 οἶδε,
944 2818 1100 2875 πόθει
1158 2817 1399 2897 ἔρχεταυ
1454 2827 1640 2877 τοῦτον
1670 2816 1725 2874 δί
1754 2816 1999 2892 οἴδαμεν,

360 2909 514 2965 πόθεν
567 2908 707 2965 ἰστίν
742 2926 754 2939 ⁸
817 2908 911 2964 οὐκ
939 2904 1040 2985 ἄρα
1082 2907 1233 2965 οὗτός
1265 2905 1407 2962 ἔστιν
1464 2908 1492 2962 6
1525 2907 1775 2985 Χριστός.
1824 2908 2003 2964 Καίτοι

356 2997 451 3074 ὅρα
524 2997 621 3060 τὴν
706 2995 918 3074 κακίαν,
1003 3000 1117 3058 πῶς
1179 2995 1265 3051 καὶ
1311 2995 1474 3074 ἑαυτῆ
1522 2995 1846 3053 ἐναντιοῦται
1881 3011 1894 3025 ·
1958 2998 2005 3051 οἱ

362 3073 620 3167 ἄρχοντες
678 3087 851 3143 αὐτῶν
905 3073 1240 3162 ἱρωτώμενςι
1297 3084 1399 3139 ὑπὸ
1461 3073 1715 3163 Ἡρώδου,
1777 3085 1832 3140 ὲν
1889 3093 2005 3152 Βη-

363 3175 523 3232 θλεὶιι
582 3176 681 3240 τῆς
744 3170 995 3235 Ἰουδαίας
1051 3172 1175 3251 φασὶ
1232 3174 1507 3250 γεννᾶσθαι
1588 3174 1680 3229 τὸν
1739 3173 1959 3253 Χριστόν
1987 3192 2003 3208 ⁸

362 3272 503 3322 οὗτοι
544 3260 599 3318 δὲ
626 3261 889 3341 λέγουσιν,
927 3260 1008 3317 ὅτι
1066 3258 1230 3323 οὐδεὶς
1279 3258 1396 3317 οἶδε
1438 3263 1529 3317 τὸν
1561 3265 1805 3340 Χριστὸν,
1851 3264 2009 3320 πόθεν

363 3353 524 3412 ἐστίν.
586 3342 741 3431 Ὀρᾶς
775 3349 1197 3432 ⁸ἰναντιοφωνίαν
1236 3369 1252 3425 ;
1307 3352 1405 3409 Καὶ
1437 3350 1596 3407 πάλιν
1627 3350 1869 3432 ἄλλαχοῦ
1912 3351 2008 3429 μέν

362 3464 546 3521 φασιν,
591 3429 670 3495 ὅτι
709 3462 736 3494 ιι
773 3429 964 3514 Ἠμεϊς
1014 3429 1262 3518 οἴδαμεν,
1317 3436 1398 3494 ὅτι
1431 3445 1619 3496 Mmch
1642 3429 1937 3507 λελάληκεν
1981 3442 2010 3496 ὁ

364 3532 493 3594 Θεὸς
527 3544 540 3559 ·
591 3536 774 3586 τοῦτον
804 3526 859 3583 δὲ
882 3526 978 3583 οὐκ
1017 3525 1238 3601 οἴδαμεν
1270 3526 1426 3584 πόθεν
1458 3526 1599 3583 ἔστιν
1633 3547 1662 3586 ι
1697 3527 1850 3593 Εἶδες

367 3617 698 3694 μαινομένων
747 3615 987 3695 λόγουςς
1042 3614 1301 3691 Οἴδαμεν,
1346 3617 1457 3690 καὶ,
1504 3620 1612 3675 Οὐκ
1654 3614 1900 3693 οἴδαμεν.
1952 3620 2013 3677 Τί

371 3708 564 3774 ταύτης
621 3706 716 3774 τῆς
768 3707 957 3783 μανίας
1015 3704 1187 3778 ’t'aov;
1240 3706 1377 3784 Πρὸς
1422 3704 1519 3779 μὶν
1575 3704 1674 3786 γὰρ
1736 3706 1791 3761 ἓν
1853 3706 2013 3785 μόνον

364 3797 562 3875 ἑώρων,
624 3797 684 3851 τὸ
738 3794 816 3871 μὴ
870 3796 1173 3861 πεισθῆναι,
1212 3795 1304 3850 Διὸ
1334 3792 1459 3850 ὅταν
1492 3793 1590 3870 μὶν
1637 3798 1823 3859 αὐτοῖς
1885 3817 2013 3855 συν-

366 3885 567 3965 ἔφερεν,
601 3881 812 3963 ἔλεγον,
844 3882 925 3939 ὅτι
960 3880 1195 3959 Οἴδαμεδ
1232 3899 1248 3913 ⁸
1309 3881 1434 3939 ὅταν
1492 3881 1547 3938 δὲ
1575 3882 1737 3939 πάλιν
1768 3885 1827 3941 οὗ
1860 3882 2017 3940 συνέ-

371 3995 515 4054 φερε,
569 3972 904 4045 διετείνοντο,
964 3973 1038 4036 ὡς
1090 3971 1198 4030 Οὔκ
1250 3969 1495 4047 οἴδαμεν.
1532 3976 1637 4039 Τῆς
1686 3972 1875 4038 κακίας
1933 3975 2020 4036 οὖν

371 4063 515 4120 ἐστιν
572 4062 742 4120 αὐτῶν
796 4062 832 4129 ἦ
879 4062 1109 4127 τοσαύτη
1181 4060 1580 4141 ὲναντιοφωνία,
1662 4064 1918 4132 Ζητήσειε
1974 4059 2019 4118 δ’

367 4151 429 4206 ἄν
478 4171 580 4229 τις,
640 4151 806 4205 Πόθεν
866 4149 1168 4225 κινούμενοι
1214 4156 1357 4206 οὗτοι
1418 4148 1686 4227 λέγουσιν,
1750 4148 1831 4206 ὅτι
1896 4174 1924 4208 ι
1980 4159 2020 4209 0

374 4240 567 4318 Χριστὸ
613 4235 735 4293 ὅταν
765 4236 1019 4317 ἔρχηται,
1068 4235 1232 4300 οὐδεὶς
1263 4238 1510 4316 γινώσκει
1554 4238 1711 4295 πόθεν
1756 4238 1941 4319 ἐστίνς
1990 4262 2018 4294 ii

368 4330 440 4386 Οὔ
497 4326 596 4406 γὰρ
639 4324 728 4404 ἂν,
781 4327 822 4381 εἰ
883 4326 961 4400 μὴ
1024 4327 1309 4405 μαρτυρίαν
1359 4327 1478 4382 τινὰ
1533 4328 1696 4406 εἶχον
1750 4328 1857 4384 ἀπὸ
1918 4332 2025 4384 τῶν

2025 3138 2064 3187 C

2078 1840 2707 1914 evenissent,omnium
2741 1841 2960 1904 fuerint
2985 1841 3722 1915 miserremini.Quomodo

2080 1929 2238 1991 enim
2274 1948 2390 1991 non
2424 1930 2508 2011 (α)
2532 1930 2868 2012 miseri,qui
2895 1930 3018 1991 viso
3052 1949 3263 2010 magno
3294 1930 3536 1995 deitatis
3565 1933 3724 1995 illius

2080 2017 2272 2098 signo,
2296 2019 2487 2081 adhuc
2510 2026 2852 2100 corruptum
2878 2019 3100 2081 habent
3120 2020 3411 2099 judicium
3436 2020 3461 2082 ?
3490 2021 3722 2084 Etenim

2082 2124 2355 2185 magnum
2390 2108 2628 2188 quidem
2654 2110 3003 2170 habuissent
3026 2109 3282 2188 signum,
3309 2108 3359 2169 si
3376 2110 3721 2184 voluissent,

2079 2196 2234 2276 quod
2258 2196 2454 2259 invitis
2477 2198 3141 2279 etinsanientibusipsis
3157 2209 3363 2260 contra
3375 2200 3725 2273 eum,libere

2078 2284 2137 2344 in
2165 2285 2360 2347 medio
2384 2287 2647 2367 ipsorum
2689 2288 3041 2362 ambularet,
3095 2305 3290 2367 neque
3322 2297 3623 2369 pateretur
3650 2289 3723 2351 ab

2079 2372 2183 2434 eis.
2221 2372 2335 2449 Sed
2386 2375 2667 2439 nolebant
2699 2377 2811 2438 hoc
2844 2377 3012 2455 signo
3035 2377 3307 2437 virtutem
3341 2379 3468 2456 ejus
3498 2397 3723 2457 cogno-

2082 2462 2565 2527 scere.Dubitant
2587 2474 2783 2526 autem
2807 2464 3294 2527 dicentesmNum
3328 2466 3475 2528 forte
3495 2477 3553 2529 et
3569 2467 3729 2546 prin-

2082 2549 2248 2631 cipes
2270 2562 2672 2631 cognoverunt
2697 2554 2857 2633 quod
2884 2554 2980 2615 hic
3003 2563 3092 2616 est
3113 2571 3246 2615 vere
3280 2555 3572 2616 Christus?
3610 2580 3630 2612 ι
3668 2565 3729 2618 et

2084 2658 2277 2721 neque
2306 2640 2364 2701 in
2424 2641 2533 2702 hac
2584 2642 2877 2703 sententia
2910 2651 3285 2723 permanent,
3318 2643 3422 2703 sed
3445 2645 3730 2718 colligunt

2082 2727 2452 2809 quodNullus
2475 2730 2716 2808 quidem
2731 2730 3007 2791 scitunde
3024 2741 3311 2791 ventnrus
3342 2727 3755 2797 sitChristus.'

2083 2818 2248 2878 illum
2296 2827 2488 2879 autem
2522 2819 2743 2879 scimus
2774 2819 2930 2879 unde
2979 2819 3053 2879 sit
3082 2840 3094 2881 :
3150 2837 3268 2878 non
3310 2817 3485 2896 igitur
3515 2817 3611 2878 hic
3641 2826 3731 2878 est

2085 2906 2373 2970 Christus.
2396 2910 2683 2971 Caeterum
2717 2908 2850 2968 vide
2885 2908 3185 2976 malitiam,
3219 2907 3516 2986 quomodo
3540 2915 3598 2966 et
3644 2904 3729 2967 illi

2086 2994 2199 3056 sibi
2213 2995 3009 3076 adversariisint.Principes
3030 2996 3189 3057 enim
3205 2996 3467 3075 ipsorum
3491 3013 3623 3056 cum
3647 2995 3732 3054 in-

2072 3090 2533 3161 ‘terrogarentur
2558 3085 2630 3145 ab
2655 3084 2908 3159 Herode,
2928 3085 3131 3145 dicunt
3160 3086 3221 3144 in
3249 3083 3554 3145 Bethleem
3580 3084 3734 3145 Juda

2091 3172 2253 3234 nasci
2283 3172 2582 3235 Christum
2612 3174 2697 3235 ὅθ.
2724 3173 2815 3234 Illi
2866 3182 3061 3235 autem
3114 3173 3320 3235 dicunt
3357 3172 3511 3253 quod
3537 3172 3735 3233 nullus

2075 3261 2236 3323 sciat
2259 3262 2414 3323 unde
2438 3262 2513 3324 sit
2533 3262 3014 3325 Christus.Vides
3038 3262 3332 3323 dictorum
3357 3261 3736 3322 contrarieta-

2095 3350 2315 3414 tem?Et
2347 3351 2560 3414 iterum
2593 3351 2734 3413 alibi
2767 3351 3007 3433 quidem
3040 3352 3260 3413 dicunt:
3303 3374 3327 3404 α
3362 3348 3481 3411 Nos
3514 3349 3738 3410 scimus

2093 3439 2248 3519 quod
2281 3438 2425 3501 Mosi
2447 3441 2679 3502 locutus
2711 3450 2799 3502 est
2829 3441 3006 3513 Deus,
3042 3441 3200 3501 hunc
3217 3450 3415 3500 autem
3435 3437 3739 3505 nescimus

2094 3528 2250 3589 unde
2281 3529 2468 3593 sit57.
2510 3556 2530 3586 ιι
2605 3534 2787 3593 Porro
2837 3531 2948 3591 hoc
3005 3530 3132 3590 loco
3165 3529 3370 3590 dicunt
3432 3550 3442 3586 :
3484 3548 3507 3579 ι
3570 3526 3741 3588 Hunc

2094 3616 2317 3679 scimus
2338 3620 2495 3680 unde
2516 3620 2614 3683 sit.
2651 3646 2672 3674 ο
2713 3617 2917 3680 Vidisti
2944 3618 3361 3680 insanientium
3388 3633 3698 3677 sermones
3716 3621 3745 3678 ?

2096 3707 2328 3769 Scimus
2358 3716 2414 3770 et
2438 3710 2768 3771 nescimus.
2802 3707 2950 3781 Quid
2999 3708 3137 3769 huic
3156 3706 3404 3767 insana:
3426 3704 3741 3766 verborum

2100 3795 2326 3876 par?Ad
2354 3817 2535 3859 unum
2567 3798 2727 3860 enim
2759 3797 3210 3878 spectabant,ne
3240 3796 3507 3856 credant.
3542 3792 3744 3873 Itaque

2101 3885 2336 3965 quando
2364 3886 2424 3946 in
2469 3886 2705 3948 illorum
2759 3906 2885 3947 rem
2932 3895 3079 3959 erat,
3114 3884 3417 3957 dicebam,
3458 3884 3692 3946 Scimus
3728 3904 3740 3940 :

2101 3976 2338 4055 quando
2362 3994 2499 4036 vero
2531 3974 3253 4054 minus,ncgabant.Unde
3273 3992 3481 4036 eorum
3513 3970 3748 4033 malitia;

2102 4064 2277 4126 fuerit
2305 4065 2431 4125 haec
2464 4065 2888 4126 sententiarum
2909 4064 3262 4125 varietas.At
3282 4061 3429 4122 forte
3452 4060 3742 4141 quaesive-

2105 4153 2177 4213 rit
2206 4153 2443 4233 aliquis,
2479 4153 2648 4217 Unde
2670 4154 2810 4214 moti
2848 4150 3350 4232 istidicuntquod
3390 4175 3415 4204 «
3453 4150 3745 4222 Christus,

2104 4243 2338 4323 quando
2355 4241 2791 4317 venerit,nen;o
2817 4242 2981 4304 novit
2999 4242 3157 4303 unde
3178 4240 3281 4301 sit?
3309 4266 3331 4295 ε
3364 4241 3747 4319 Nequaquam

2106 4334 2263 4393 enim
2300 4332 2849 4393 nisi‘testxmonium
2882 4332 3117 4411 aliquod
3148 4329 3496 4391 habuissent
3521 4347 3555 4389 a
3586 4327 3749 4390 Scri—

370 4420 613 4494 Γραφῶν,
696 4414 732 4482 ἢ
812 4410 1128 4491 παραδόσεις
1190 4410 1432 4491 βεϐαίας,
1477 4411 1650 4505 ,οὕτω
1744 4412 2005 4493 προδήλως

2088 4422 2318 4501 χριυῐὶε,
2349 4430 2450 4481 aut
2505 4421 2727 4483 solidas
2786 4410 3153 4498 traditiones,
3189 4419 3328 4477 ϐου
3360 4420 3508 4477 adeo
3540 4425 3751 4497 aperte

369 4492 577 4560 ἐναντία
645 4501 962 4583 ἐφθέγγοντο
1031 4514 1149 4567 τοῖς
1211 4501 1296 4557 ἰπὶ
1338 4508 1431 4559 τοῦ
1477 4492 1707 4579 Ἡρώδου
1761 4508 2017 4583 Γραμμαο

372 4592 565 4663 τεῦσιν,
628 4591 829 4647 είπουσι
892 4595 1198 4670 προφανῶς,
1257 4586 1337 4646 ὅτι
1388 4611 1411 4645 ε
1479 4586 1570 4647 Ἐν
1630 4589 1870 4667 Βηθλεὲμ
1926 4592 2045 4660 τῆς

372 4678 624 4744 Ἰουδαίας
667 4686 912 4757 γεννᾶται
947 4696 961 4711 ⁶
1024 4703 1051 4735 ι
1088 4682 1177 4735 καὶ
1235 4678 1396 4735 πάλιν
1454 4691 1569 4740 τοῖς
1628 4678 1897 4761 λέγουσιν,
1945 4681 2024 4738 ὅτι

377 4794 404 4824 ι
454 4770 550 4828 Ἐκ
608 4767 852 4845 Βηθλεὲμ
892 4767 990 4836 τῆς
1042 4767 1233 4844 κώμης
1290 4771 1316 4825 ὁ
1350 4768 1571 4847 Χριστὸς
1601 4767 1841 4849 ἔρχεται.
1882 4792 1907 4827 ι
1967 4774 2027 4829 Τί

374 4861 461 4916 οὖν
492 4858 634 4915 ἔστιν
663 4860 835 4915 εἰπεῖν
869 4876 887 4939 ς
966 4856 1081 4916 Ὀτι
1130 4856 1237 4913 ἀπὸ
1286 4856 1393 4913 τῶν
1422 4858 1708 4936 προφητῶν
1739 4857 2025 4940 ἀμφότεροι

368 4954 536 5003 ταῦτα
579 4946 788 5026 ἔλεγον.
852 4946 920 5007 Οἷ
983 4968 1041 5004 τε
1070 4947 1170 5025 γὰρ
1224 4945 1281 5001 ἓν
1331 4943 1573 5022 Βηθλεὲμ
1630 4949 1786 5005 αὒτὸν
1829 4956 2022 5026 γεννᾶ-

380 5040 521 5112 σθαι,
570 5038 656 5093 καὶ
712 5036 773 5093 ἐκ
839 5042 937 5105 τῆς
988 5035 1179 5111 κώμης
1237 5044 1328 5093 τοῦ
1380 5032 1550 5091 Δαυ³ιδ
1578 5035 1721 5092 εἶναι
1752 5034 2021 5115 λέγοντες,

457 5194 523 5247 56
548 5194 750 5258 Matth.
784 5212 846 5265 η,
873 5198 930 5259 5.
1017 5194 1078 5247 57
1109 5195 1279 5261 Joan.
1315 5212 1403 5271 ix,
1436 5195 1539 5257 29.

2107 4511 2403 4571 contraria
2432 4510 2643 4571 scribis
2666 4510 2784 4572 illis
2809 4510 3095 4569 dixissent
3154 4510 3250 4588 qui
3304 4506 3555 4567 Herodis
3587 4514 3755 4567 erant

2107 4599 2502 4679 tempore,qui
2528 4599 2688 4659 clare
2718 4599 3007 4672 dixerant,
3041 4601 3196 4678 quod
3238 4622 3258 4651 ι
3327 4595 3385 4657 in
3446 4596 3751 4657 Bethleem

2106 4687 2319 4749 Iudaeae
2371 4699 2698 4764 nascatur;
2749 4712 2770 4746 ι
2809 4699 2987 4769 atque
3036 4705 3270 4748 rursum
3324 4686 3394 4744 iis
3425 4686 3524 4764 qui
3551 4685 3760 4746 dicunt

2107 4776 2304 4855 quodc
2336 4795 2405 4838 ex
2440 4776 2744 4839 Bethleem
2775 4776 3291 4839 castelloChristus
3331 4775 3482 4834 Venit
3503 4784 3581 4836 ι.»
3608 4773 3756 4846 Quid

2110 4865 2287 4941 igitur
2317 4864 2636 4925 dicendum
2668 4872 2694 4924 Ἰ
2723 4865 2889 4938 Quod
2922 4886 2993 4926 ex
3036 4864 3342 4946 prophetis
3376 4863 3610 4943 utrique
3646 4865 3759 4926 ista

2109 4954 2562 5018 dicebantﬁam
2596 4955 2696 5035 qui
2729 4955 2787 5016 in
2818 4955 3128 5018 Bethleem
3162 4954 3355 5034 ipsum
3401 4954 3589 5032 nasci,
3611 4962 3667 5014 et
3688 4972 3762 5015 ex

2110 5044 2338 5106 civitate
2370 5044 2547 5106 David
2586 5063 2719 5105 esse
2743 5045 3042 5122 dicebant,
3077 5042 3386 5104 manifeste
3410 5045 3760 5124 prophetam

1453 5345 1538 5408 Ex
1568 5344 1889 5409 collatione
1911 5345 2087 5408 codd.
2124 5346 2334 5411 Venet.
2368 5350 2429 5413 S.
2468 5349 2664 5411 Marci.

476 5495 594 5582 θη
628 5492 905 5582 Οθδχῖὃε
962 5497 1150 5553 Τοῦτον
1208 5492 1262 5549 δὶ
1322 5497 1415 5552 οὔκ
1460 5491 1683 5567 οἴδαμιν
1737 5498 1893 5550 ποθεν
1944 5496 2109 5560 ἔστιν.
2170 5496 2417 5557 Ἐνταυθα
2480 5502 2533 5557 δέ
2588 5524 2764 5582 φασιν,
2802 5501 2879 5555 ὅτι
2924 5507 3105 5558 Τοῦτον
3150 5498 3371 5573 οἴδαμεν
3404 5499 3561 5553 πόθεν
3603 5499 3763 5558 ἔστιν,

398 5572 573 5656 Εἶδες,
607 5597 661 5637 κ.
694 5594 743 5632 τ.
772 5572 826 5636 λ.

477 5707 562 5790 (ο)
596 5707 663 5772 in
698 5706 844 5771 edit.
872 5707 1006 5771 Lut.
1041 5706 1358 5789 omittitur,
1382 5725 1527 5773 non.
