1940 3076
218 156 258 188 18
676 160 789 191 BERN.
813 159 946 191 MARUE
967 160 984 190 Ιζ

1145 160 1176 190 [S
1197 159 1447 191 DISSERTATIO
1878 159 1911 189 16

1038 246 1078 280 ιιι
1085 274 1092 281 .

221 335 308 370 Cum
326 336 470 370 Barom'o
480 338 578 371 sentit
592 337 754 370 Antonius
774 337 912 380 Pagius,
944 337 1215 380 Theophylactum
1250 337 1348 370 etiam
1367 338 1427 371 sub
1443 337 1596 371 Michaele
1630 337 1720 371 Daca
1752 343 1781 372 et
1813 339 1908 372 Nice-

258 380 360 425 phnro
372 382 546 416 Botoniata
565 382 694 415 vixisse.
720 381 806 425 Ejus
825 382 1062 424 argumentatio
1081 381 1286 426 eapenditur,
1308 393 1379 427 quce
1399 383 1545 427 sumitur
1564 392 1602 415 ea:
1624 382 1704 416 libro
1724 382 1834 427 Regiae
1856 383 1867 416 Ι
1873 393 1908 416 ιι-

263 427 454 461 stitutionis.
472 427 549 461 1102c
568 427 676 459 eadem
697 430 836 469 tempore
857 426 980 472 indicat
1000 426 1196 472 cpistolarad
1218 426 1374 460 Joannem
1393 426 1518 461 [tutum
1532 427 1759 471 phiIOSOphum
1778 426 1787 460 ξ
1810 429 1908 472 cujus

261 472 356 506 varia
373 473 445 516 fata
466 475 583 504 narrat
601 472 699 504 Anna
730 473 904 504 Comnena.
922 471 1227 516 Chronographiam
1249 472 1440 515 conﬁrmant
1460 473 1535 505 aliae
1549 472 1700 516 epistolae.

261 554 293 589 7.
318 556 409 590 Ilanc
430 555 626 599 scriptorum
650 555 859 596 discordiam,
884 556 1011 589 tametsi
1035 555 1151 601 levem,
1172 557 1347 590 conciliare
1368 562 1424 589 aut
1447 556 1580 589 omnino
1597 557 1710 590 tollere
1726 557 1908 601 splendidis

215 601 348 645 vetustis
370 600 589 633 monumentis
605 610 669 633 non
689 601 775 640 licet,
798 611 870 644 quae
892 601 996 633 lucem
1023 600 1160 634 afTerant
1191 601 1229 634 ad
1261 601 1406 645 ejusdem
1436 601 1667 645 Theophylacti
1704 600 1908 645 chronogra-

215 644 326 689 phiam
347 645 592 678 accuratissime
609 645 833 687 digerendum.
857 645 919 678 Pro
940 645 1022 677 virili
1043 646 1206 688 agendum
1227 644 1307 679 mihi
1324 652 1385 686 est,
1410 651 1445 678 ut
1482 644 1552 689 ejus
1572 644 1666 678 vitam
1705 644 1843 689 agentis?
1873 658 1908 678 at.-

215 688 364 722 ﬂorentis
397 694 558 733 tempora,
597 690 703 733 quoad
740 689 809 722 ﬁeri
832 690 1020 731 diligentius
1041 690 1170 733 poterit,
1194 690 1374 734 proximius
1396 688 1565 732 attingam,
1586 691 1658 723 luce
1698 688 1908 734 potissimum

215 734 413 778 prmlucente
438 734 669 778 Epistolarum,
692 735 757 767 sive
777 745 858 777 quas
878 734 1034 767 Baronius
1051 735 1163 774 edidit,
1185 736 1249 767 sive
1269 745 1350 778 quas
1368 735 1451 778 typis
1474 735 1614 777 vulgavit
1657 735 1827 768 Meursius.
1866 735 1907 768 ll-

214 777 268 824 lud
283 784 393 824 autem
415 779 448 812 in
463 777 553 812 lucro
568 778 685 824 fuerit,
709 780 795 822 quod
814 780 943 824 easdem
970 789 1028 812 nos
1052 779 1211 823 Epistolas
1227 777 1450 823 decerpentes.
1495 785 1562 812 tum
1599 779 1701 823 ipsius
1731 779 1905 824 Theophy-

214 822 403 868 lactiigesta
421 824 514 868 plura
529 823 612 856 scitu
637 823 734 866 digna
756 823 998 864 enarrabimus,
1020 822 1089 856 tum
1106 825 1203 858 etiam
1225 822 1425 857 adducemus
1438 834 1503 857 non
1523 822 1640 868 pauca,
1662 834 1735 868 quae
1758 835 1811 858 res
1823 822 1905 868 ’ejus

212 867 272 901 aevi
290 867 663 912 Constantinopolitanas
681 868 854 901 illustrant.

262 923 275 944 ‹
303 912 359 946 llis
375 923 453 956 ergo
473 911 512 946 ωε
529 912 681 956 Epistolis
702 912 811 953 (verba
825 917 902 946 sunt
920 912 1049 945 Antonii
1067 913 1153 955 Pagii
1174 914 1211 946 ad
1228 923 1350 946 annum
1372 911 1472 952 1071,
1495 923 1585 945 ιιυιιι.
1610 912 1692 953 Xlll)
1719 912 1903 957 Ducangius

212 966 385 1001 perperam
410 957 542 991 deducit
562 957 837 1001 Theophylactum
857 967 921 990 uon
951 957 1010 989 sub
1033 957 1185 991 Michaele
1205 957 1306 998 Duca,
1328 958 1383 990 sed
1409 957 1469 990 sub
1501 957 1609 990 Alexio
1640 957 1804 990 Comnenn
1842 957 1902 990 ﬂo-

211 1001 317 1045 ruisse
335 1012 342 1034 :
358 1012 433 1035 tum
457 1013 494 1035 ex
523 1001 607 1034 libro
631 1002 672 1034 De
698 1002 903 1034 institutione
922 1002 1011 1044 regia
1039 1008 1164 1035 constet
1207 1002 1484 1045 Theophylaclum
1510 1001 1607 1034 etiam
1643 1002 1702 1034 sub
1748 1002 1902 1035 Michaele

210 1044 299 1079 Duca
321 1045 447 1080 vixisse.
473 1059 486 1079 ι
508 1045 660 1086 Quaenam
686 1045 961 1089 argumentatioui
981 1056 1018 1079 ex
1035 1046 1246 1080 Institutione
1265 1044 1354 1090 regia
1369 1057 1387 1079 a
1409 1045 1507 1089 Pagio
1528 1046 1729 1090 depromptae
1749 1046 1795 1080 vis
1811 1046 1900 1085 insit,

211 1090 408 1135 accuratiori
430 1101 530 1135 opera
549 1090 799 1134 disquirendum
825 1095 884 1123 est.

254 1132 287 1168 8.
312 1135 410 1168 Liber
428 1132 636 1178 nuncupatus
652 1141 700 1168 est
720 1137 786 1173 Πρὸς
802 1137 1018 1174 ﬂammae-{ivvat

1133 1144 1279 1171 ττκντινον,
1316 1135 1359 1168 ad
1394 1134 1648 1168 Constantinum
1676 1135 1899 1178 Porphyroge-

207 1179 325 1213 nilum.
355 1181 383 1212 Is
405 1179 567 1213 Micliaclis
589 1179 682 1212 Ducas
703 1186 735 1212 et
755 1180 873 1219 Mariae,
895 1190 931 1212 ex
941 1179 1061 1213 Alanis:
1073 1190 1128 1212 seu
1143 1179 1258 1214 Iberia:
1271 1179 1405 1222 regibus
1425 1185 1514 1220 satae,
1530 1179 1616 1212 filius
1631 1185 1715 1219 erat,
1733 1189 1819 1212 anno
1837 1181 1901 1212 rir-

207 1223 289 1257 citer
307 1223 396 1257 1074-
414 1230 521 1257 natus.
547 1223 777 1267 Desponsatam
793 1225 897 1256 eidem
914 1224 1066 1257 Helenam
1083 1223 1213 1257 Roberti
1229 1224 1397 1258 Guiscardi
1417 1224 1531 1264 ﬁliam,
1546 1230 1678 1268 narrant
1693 1224 1873 1268 scriptores
1891 1236 1896 1256 :

207 1273 240 1301 et
261 1279 383 1302 annum
406 1268 491 1302 1077
516 1268 629 1301 definit
655 1268 763 1311 Lupus
785 1269 1007 1311 l’rolospatha.
1036 1268 1110 1301 llaec
1131 1269 1262 1312 abrupit
1285 1268 1493 1301 connubialia
1517 1273 1609 1312 pacta
1621 1267 1824 1312 Nicephorth
1838 1268 1898 1301 Bu-

207 1313 343 1357 toniata,
387 1314 442 1357 qui
465 1323 550 1346 auno
571 1311 658 1345 1078
673 1313 837 1356 usurpavit
860 1313 1046 1356 imperium,
1070 1311 1222 1346 Michaele
1252 1312 1437 1351 deturbati),
1464 1313 1664 1356 remissaque
1689 1311 1727 1346 ad
1773 1320 1898 1356 patrem

209 1356 345 1402 Helena,
367 1356 439 1402 quae
463 1357 797 1402 Constantinopolim,
812 1357 867 1390 ubi
893 1357 1093 1402 adolesceret
1124 1363 1156 1390 et
1185 1358 1388 1402 excoleretur
1410 1357 1441 1402 in
1483 1357 1569 1402 aula,
1605 1357 1744 1402 adducta
1781 1357 1897 1402 fuerat.

207 1400 244 1434 In
283 1400 481 1435 monasterio
506 1401 656 1435 Studensi
682 1401 800 1434 reclusi
841 1402 981 1444 agebant
1019 1401 1153 1434 Michael
1176 1407 1208 1435 et
1240 1411 1321 1434 uxor
1345 1401 1457 1442 Maria,
1479 1407 1511 1435 et
1523 1401 1752 1435 Constantinus
1783 1401 1898 1434 tilius:

209 1455 283 1490 cum
306 1447 391 1480 idem
414 1446 558 1485 Michael,
584 1446 726 1478 detonsis
750 1446 888 1490 capillis,
910 1445 1029 1489 Ephesi
1050 1446 1255 1490 metr0polita
1278 1445 1485 1478 renuntiatur
1506 1455 1515 1490 ξ
1537 1456 1574 1479 ac
1603 1445 1747 1486 Mariam,
1768 1446 1899 1479 calcatis

208 1488 362 1534 Ecclesiae
381 1491 522 1534 legibus,
542 1500 675 1523 uxorem
697 1488 863 1524 Botouiata
885 1490 947 1523 sibi
984 1488 1170 1534 copulavit;
1202 1490 1356 1534 ejusque,
1371 1490 1474 1534 lilium
1497 1489 1746 1534 Constantinum
1773 1490 1902 1523 reduxit

208 1533 241 1567 in
258 1533 427 1580 palatium;
452 1535 626 1580 Imperium
649 1540 829 1578 occupante
855 1535 966 1580 Alexio
988 1533 1153 1580 Gomneno
1202 1533 1288 1580 anno
1320 1533 1401 1580 1081
1445 1534 1550 1568 dictus
1574 1540 1638 1580 Vest
1671 1533 1900 1580 Constantinus

208 1591 226 1614 tl
249 1578 412 1624 particeps
432 1579 572 1623 imperii,
590 1592 603 1611 ι)
624 1579 718 1612 utait
741 1581 832 1613 Anna
848 1579 1013 1612 Comnena
1032 1579 1116 1612 libro
1137 1589 1174 1613 ιιι
1194 1579 1392 1624 Alexiados,
1405 1590 1418 1610 α
1431 1579 1626 1624 atqueadeo
1641 1578 1751 1612 rubris
1764 1579 1899 1612 cothur-

208 1623 260 1660 nis
272 1630 303 1658 et
322 1623 443 1658 corona
463 1624 633 1667 Augustali
654 1624 819 1664 utebatur,
843 1629 875 1657 et
893 1633 1013 1657 nomen
1026 1624 1096 1667 ejus
1109 1634 1183 1668 cum
1193 1623 1291 1657 Atexii
1306 1623 1437 1657 nomine
1452 1623 1726 1668 proclamabatur.
1741 1635 1755 1656 ›
1775 1625 1897 1658 Atvero

210 1683 224 1703 «
248 1669 343 1704 Maria
358 1670 494 1703 excessit
515 1666 646 1712 palatio,
672 1669 888 1712 migravitque
910 1668 941 1700 in
954 1666 1087 1713 pedesa
1122 1666 1330 1702 Constantino
1353 1666 1564 1713 Monomacho
1585 1668 1783 1713 imperatore
1817 1679 1894 1701 con-

205 1720 348 1749 structas
368 1724 469 1758 prOpe
483 1711 640 1757 templum
663 1711 769 1755 magni
782 1712 933 1758 martyris
946 1711 1091 1758 Georgii,
1112 1723 1186 1758 quae
1201 1713 1312 1755 lingua
1329 1712 1452 1758 vulgari
1468 1711 1714 1757 Manganavdici
1736 1712 1842 1746 solent
1857 1724 1863 1746 :
1880 1726 1893 1745 ι

207 1759 264 1793 ubi
286 1756 450 1803 reliquum
470 1758 543 1803 vitae
553 1756 644 1790 inter
664 1757 1218 1803 sanctimoniales_exe_git,gvitaque
1242 1756 1368 1803 mortali
1389 1757 1574 1803 functaest.

254 1803 330 1837 H830
347 1801 454 1836 Maria;
485 1802 548 1835 fata
573 1802 728 1835 describit
748 1801 847 1845 Regia
870 1801 902 1834 in
924 1801 1134 1834 Institutione
1152 1801 1535 1846 Theophylactus;runde
1571 1801 1737 1845 colligitur
1775 1802 1894 1845 primo,

210 1859 293 1892 opus
313 1848 398 1882 istud
414 1846 543 1880 nonnisi
566 1847 626 1880 sub
647 1846 758 1879 Alexio
778 1846 942 1892 Comneno
964 1846 1144 1892 imperante
1186 1845 1351 1892 vulgatum
1368 1856 1411 1892 _a
1432 1845 1670 1892 Theophylacto
1710 1845 1809 1892 fuisse
1831 1857 1838 1879 :
1861 1856 1897 1880 ac

209 1889 326 1927 deinde
349 1892 479 1926 Antonii
501 1892 590 1934 Pagii
628 1891 949 1933 argumentationem
973 1889 1148 1929 infirmari,
1170 1891 1282 1924 eadem
1304 1900 1340 1923 ex
1362 1889 1462 1934 Regia
1475 1889 1679 1924 inuitatione
1709 1890 1898 1934 conjectau-

210 1937 263 1978 tis,
285 1937 437 1970 floruisse
460 1933 739 1980 Theophylactum
765 1935 825 1968 sub
850 1934 1003 1968 Michaele
1023 1934 1232 1968 Duca.Verba
1247 1940 1322 1968 sunt
1338 1933 1442 1979 capite
1463 1933 1482 1967 7
1497 1936 1598 1979 partis
1614 1936 1728 1980 primae
1748 1945 1755 1967 :
1773 1933 1791 1966 ⁷(
1814 1934 1896 1973 Quid

208 1982 269 2026 ipsi
291 1982 434 2025 (Mariae)
458 1981 562 2026 gloria
585 1979 687 2026 regni,
710 1990 783 2022 quae
803 1989 877 2012 cum
898 1980 1021 2018 omnia,
1044 1985 1080 2011 ut
1100 1981 1145 2026 ait
1165 1979 1376 2026 Apostolust,
1390 1979 1609 2026 arbitraretur
1627 1984 1776 2026 stercora,
1801 1979 1894 2026 Chri-

208 2024 294 2060 stum
318 2026 423 2059 solum
440 2025 628 2058 lucrilacere
642 2024 740 2067 elegit
762 2034 768 2063 ;
791 2034 810 2056 a
831 2034 896 2066 quo
909 2029 940 2057 et
958 2034 974 2056 ε

1123 2036 1128 2056 ε
1151 2030 1254 2057 morte
1289 2024 1407 2064 carnis,
1431 2025 1479 2057 τὴν
1496 2025 1522 2052 ἐν
1539 2025 1609 2062 αὒτῷ
1618 2024 1794 2063 κρυπτομὲ-ιεν
1810 2025 1889 2062 ζωήν,

207 2070 429 2104 absconditam
451 2070 487 2102 in
511 2069 580 2112 ipso
593 2069 693 2101 vitam
710 2068 850 2101 amavit:
871 2073 901 2101 et
920 2068 967 2101 sic
986 2079 1150 2101 summum
1173 2068 1272 2112 regiae
1292 2069 1424 2112 quidem
1441 2068 1609 2112 dignitatis
1635 2068 1799 2111 fastigium
1839 2079 1891 2102 re-

207 2116 330 2160 putavit
363 2114 568 2160 barathrum,
591 2113 782 2160 humilitatis
820 2118 928 2145 autem
950 2123 1023 2160 quae
1038 2113 1224 2160 secundum
1260 2113 1422 2146 Christum
1458 2120 1531 2160 est,_
1554 2112 1779 2160 celsitudinem
1818 2123 1892 2160 vere

206 2156 383 2193 caelestem.
419 2159 506 2192 Adeo
529 2163 564 2191 ut
579 2157 683 2200 magis
697 2169 762 2190 una
781 2168 817 2190 ex
839 2163 930 2201 parte
952 2157 1111 2191 mirabilis
1132 2158 1278 2192 videatur
1308 2162 1395 2190 tanta
1418 2158 1569 2197 mutatio,
1591 2162 1622 2190 et
1642 2167 1678 2190 ex
1701 2156 1763 2201 alia
1789 2157 1891 2200 magis

204 2205 357 2249 perfectae
380 2203 430 2249 [V]
452 2203 556 2247 ipsius
588 2202 776 2249 mutationis
799 2200 948 2249 summus
966 2201 1099 2249 gradus.
1119 2203 1170 2249 Ad
1184 2202 1369 2249 solitariam
1388 2202 1617 2249 septransferre
1640 2202 1740 2249 vitam
1847 2203 1891 2230 τὸν

204 2244 309 2290 ᾖονῆρη
331 2244 394 2288 βῖωῗ
408 2244 599 2287 εἷετὲνεχίιῆναι
626 2247 743 2290 puellis
764 2246 875 2279 multis
894 2252 969 2279 cont

1124 2248 1133 2279 l
1156 2247 1259 2290 magis
1285 2246 1502 2287 muliebriter,
1520 2244 1573 2279 sed
1599 2246 1740 2279 mollius.
1772 2244 1890 2279 Verum

204 2294 286 2328 adeo
305 2294 466 2327 ferventer
483 2301 661 2335 pauperem
675 2291 814 2325 evasisse
839 2290 968 2334 spiritu,
990 2291 1090 2325 solius
1108 2291 1209 2324 felicis
1230 2291 1337 2324 Mariae
1360 2291 1505 2324 studium
1525 2290 1585 2324 fuit
1604 2295 1635 2324 et
1654 2290 1852 2335 exercitatio.
1872 2302 1886 2322 ›

202 2339 304 2373 Alexii
323 2334 640 2380 Comneni'tem’pora
662 2336 731 2370 sine
746 2335 845 2369 dubio
862 2335 976 2369 deﬁnit
996 2335 1049 2370 hic
1070 2336 1177 2369 Mariae
1203 2346 1220 2368 e
1244 2335 1363 2380 palatio
1392 2345 1551 2377 recessus,
1587 2335 1641 2368 hic
1671 2334 1817 2378 ejusdem
1837 2344 1888 2368 ac-

202 2393 314 2417 cessus
337 2383 376 2416 ad
396 2382 641 2416 monasterium.

245 2428 292 2462 Ad
314 2428 399 2462 idem
430 2426 593 2469 pertinent
618 2425 774 2458 Comneni
816 2423 1004 2469 imperium,
1032 2435 1104 2469 quae
1126 2428 1321 2467 sequuntur.
1348 2423 1527 2468 Corporeas
1560 2423 1762 2457 Constantini
1799 2423 1889 2457 dotes

245 2438 292 2462 At]
314 2438 399 2462 luem
452 2438 593 2459 erttnent
618 2438 774 2458 UOHHIUHI
816 2438 1004 2468 HUPCI'IUIII,
1032 2438 1104 2469 quae
1126 2438 1321 2467 sequuntur.
1348 2438 1527 2468 uurput'cus
1560 2438 1762 2457 υυιιδιίιιιιιιιι
1799 2438 1884 2457 υυιεξ

200 2472 335 2507 eximias
361 2438 505 2506 celebrat
521 2470 782 2513 Tlieophylactus
804 2469 908 2512 capite
925 2468 958 2510 4,
981 2470 1154 2513 ipsumque
1175 2474 1385 2511 repmsentat
1407 2480 1421 2500 tt
1443 2469 1639 2502 insilientem
1664 2468 1697 2502 in
1718 2477 1852 2512 equum,
1871 2479 1884 2500 ›

199 2522 232 2551 et
257 2530 271 2550 ι
293 2517 417 2551 crebris
431 2512 632 2549 exercentem
662 2512 733 2547 sese
757 2514 922 2553 cursibus,
946 2526 958 2545 ι)
990 2512 1021 2546 et
1056 2526 1068 2546 (
1095 2515 1127 2546 in
1161 2513 1386 2546 venationibus
1422 2514 1659 2547 antevolantem
1697 2512 1842 2546 comites.
1868 2524 1882 2544 ›

198 2560 274 2607 Hac
290 2562 402 2596 eadem
422 2561 462 2607 in
477 2570 581 2607 puero
596 2558 1004 2607 j_a_rn_septeiuii,_ad_eoque
1016 2558 1122 2607 vitam
1139 2564 1254 2607 agente
1271 2557 1357 2607 circa
1389 2568 1511 2607 annum
1535 2556 1637 2607 1082,
1667 2557 1778 2607 laudat
1797 2558 1886 2590 Anna

196 2606 361 2641 Comnena
381 2605 442 2639 sub
456 2601 585 2638 initium
598 2601 681 2636 libri
698 2601 735 2636 Ill
755 2603 930 2636 Alexiadus
947 2601 957 2635 ξ
980 2614 993 2634 ‹
1016 2602 1094 2636 Erat
1114 2601 1342 2646 eajustissima
1364 2603 1476 2636 matris
1494 2613 1587 2644 cura,
1627 2602 1791 2646 inquiens,
1826 2611 1886 2646 pro

194 2662 300 2696 puero
323 2649 503 2685 festivitatis
523 2654 555 2682 et
586 2649 763 2696 elegantiae
776 2647 991 2696 admirabilis,
1013 2647 1120 2696 adhuc
1149 2646 1336 2691 septenni...
1360 2646 1620 2696 Cujussuavitas
1653 2647 1717 2696 sive
1750 2646 1885 2696 loquen-

193 2690 248 2737 tis,
270 2696 336 2730 sive
368 2696 520 2728 ludorum
550 2690 670 2737 genere
697 2692 791 2737 vario,
821 2701 921 2737 quos
945 2691 1068 2724 ferebat
1089 2699 1177 2732 aetas,
1200 2701 1318 2734 corpus
1358 2691 1530 2726 scitissime
1558 2690 1728 2732 moventis,
1763 2690 1886 2734 judicio

192 2735 422 2786 spectantium,
444 2735 690 2785 comparatione
704 2736 794 2770 omni
811 2735 965 2780 superior
978 2742 1057 2770 erat.
1083 2748 1096 2767 ι

231 2827 240 2852 ¹
266 2825 395 2868 Philipp.
412 2833 457 2866 tu,
472 2824 502 2856 8.
