1940 3076
178 211 216 240 ’75
640 210 752 241 BERN.
777 209 908 240 MARl/E
933 211 979 240 DE
1004 210 1140 240 RUBEIS
1165 209 1413 252 ιιιδδκιιΤΑΤιῡ
1836 208 1874 238 76

176 279 382 324 participatio
402 278 539 324 corporis
552 277 697 324 _Christi
716 281 760 324 est
777 277 792 309 ?
822 276 888 324 Sed
904 277 1019 324 eodem
1041 277 1136 310 modo
1160 277 1245 310 idem
1284 277 1456 324 Apostolus
1476 276 1580 319 capite
1594 287 1656 324 _xi,
1682 286 1710 308 ν.
1735 274 1793 310 94.
1817 274 1863 324 ait

180 319 345 358 Chrtstum
357 319 535 355 instituisse
552 321 805 361 Eucharistiam,
822 321 1027 365 accipientem
1038 331 1168 365 panem,
1180 325 1208 354 et
1220 321 1346 364 gratias
1361 324 1520 364 agentem,
1535 325 1565 352 et
1583 321 1800 363 frangentem.
1817 319 1873 346 5'7-

182 368 226 396 ϐεν
244 368 333 407 ἄρτον,
352 368 393 394 καὶ
411 367 607 406 εὖχεεριστήσςις
624 366 719 394 edace
739 376 746 402 ;
762 376 861 409 quem
890 371 924 399 tu

655 366 719 394 ληισε
739 376 861 409 ;quem
890 371 924 399 tu
948 376 1064 410 panem
1087 366 1241 407 intelligis
1261 375 1421 410 azymum.

226 411 312 445 Vetat
353 421 427 444 vero
465 410 560 449 nihil,
586 410 765 455 quominus
788 409 958 444 communi
994 411 1025 443 in
1057 411 1267 449 comestione,
1291 409 1345 442 ubi
1383 409 1578 443 sacrificium
1611 409 1867 455 eucharisticum

180 456 289 501 peragi
313 455 529 501 contingeret,
549 452 645 488 modo
678 455 770 501 panis
792 455 1007 488 fermentatus
1024 455 1243 501 inveniretur,
1257 455 1364 501 _mod0
1383 465 1531 501 azymus,
1553 460 1589 487 ut
1628 453 1755 501 Nicetas
1774 452 1871 485 Nico-

178 499 351 534 mediensis
373 500 493 539 aiebat,
521 505 620 544 prout
640 499 805 544 hospitum
839 505 894 533 aut
919 500 1158 534 comedentium
1188 499 1311 533 ferebat
1334 499 1504 544 voluntas,
1529 499 1787 544 exposcebatque
1808 503 1869 544 aut

180 556 250 579 sors
271 555 387 579 eorum
406 542 594 584 mediocris,
617 550 672 578 aut
691 542 894 578 consuetudo
920 544 1102 585 delicatior,
1125 550 1179 577 aut
1201 543 1357 587 temporis
1377 544 1630 577 circumstantia.
1650 542 1735 575 Nihil
1770 542 1870 574 etiam

180 595 265 623 velat
303 589 482 633 quominus
516 589 555 622 ad
599 589 737 632 exempli
771 588 892 622 Christi
934 589 1275 622 commemorationem
1319 598 1450 632 azymus
1489 588 1580 633 panis
1619 589 1658 620 ad
1698 597 1872 620 consecra-

181 632 322 668 tionem,
338 633 507 674 afferetur,
531 633 588 677 qui
612 634 722 666 subito
758 633 865 677 parari
889 639 1028 677 poterat,
1062 643 1098 666 ac
1120 633 1216 666 veluti
1248 644 1284 666 ex
1315 639 1472 676 tempore.
1511 632 1709 677 Utrumque
1729 641 1872 674 namque

182 689 283 713 sacrae
319 677 496 721 Scripturte
519 676 645 721 panem,
680 676 768 717 ἕρπονζ
789 676 915 711 vocant.
942 677 1016 711 Haec
1057 689 1143 718 vero,
1180 687 1252 721 quae
1289 687 1349 710 nos
1383 683 1523 710 attamen
1563 677 1594 710 in
1627 676 1733 709 medio
1769 677 1872 708 relin-

183 724 330 767 quimus,
353 722 431 755 satis
451 728 538 763 sunt,
568 728 604 755 ut
623 722 815 761 innotescat,
838 732 900 756 non
922 723 1044 756 lancem
1065 722 1137 766 plus
1151 722 1294 755 tribuere
1308 721 1427 755 Graecis
1447 732 1544 765 quam
1568 721 1699 767 Latinis.

231 780 244 800 ‹
266 769 307 801 At
328 767 414 811 quod
436 767 540 810 magis
556 767 754 810 persuadere
775 772 805 800 te
830 767 924 800 debet
945 767 1003 803 (ait
1022 763 1294 810 Th'eophyla‘ctus)
1314 773 1361 799 est
1384 763 1557 799 multitudo
1577 765 1791 811 Orienta_lium
1814 763 1870 797 Dei

183 809 403 851 sacerdotum,
444 817 475 845 et
495 809 657 845 Ecclesiae
681 811 986 855 Ilierosolymitana
1020 809 1175 853 dignitas.
1214 811 1302 844 Adde
1333 811 1440 851 Indos,
1464 811 1646 854 IEthiopes,
1681 809 1872 853 Egyptunv,

183 856 290 901 Libyae
315 861 435 900 partes.
460 868 473 887 It
496 856 730 890 Auctoritatem
749 861 781 889 et
802 854 910 901 meres
941 855 1152 901 Orientalium
1176 854 1436 901 Christianorum
1466 866 1528 888 non
1550 855 1770 901 despicimus:
1812 863 1873 887 cur

183 899 257 934 vero
291 899 323 934 tu
349 911 455 934 mores
493 907 523 934 et
543 900 770 934 auctoritatem
804 899 1059 934 Occidentalium
1080 899 1310 944 Ecclesiarum,
1337 900 1540 944 maximeque
1560 899 1712 932 Romam
1736 899 1873 942 insuper

182 945 316 979 habes?
345 945 416 978 Jam
445 945 684 983 adnotavimus.
716 944 896 979 Orientales
933 945 1018 978 inter
1050 949 1080 978 et
1110 943 1346 984 Occidentales,
1369 946 1487 978 saeculo
1526 944 1677 977 Erclesiae
1713 943 1872 981 secundo,

182 990 305 1023 Aniceti
330 1000 421 1033 papw
443 995 590 1034 tempore
613 1000 650 1023 ac
670 989 839 1034 Polycarpi
858 989 1100 1034 Smyrnaeorum
1123 989 1280 1033 episcopi,
1306 995 1374 1022 tum
1395 990 1435 1023 de
1453 989 1620 1029 Paschate,
1634 994 1710 1034 tum
1732 988 1772 1034 de
1796 988 1872 1034 qzii-

183 1032 412 1068 busdam’aliis
434 1032 563 1075 ritibus,
588 1045 624 1068 ac
649 1032 785 1068 sane‘de
807 1032 889 1077 pane
910 1032 1199 1074 eucharistico,iut
1219 1033 1492 1067 verisimillimum
1516 1039 1581 1078 est,
1598 1033 1739 1076 aliquant
1756 1032 1871 1078 fuisse.

183 1085 261 1112 teste
296 1079 430 1118 lrenaeo,
453 1079 599 1123 ejusdem
632 1079 741 1112 saeculi
777 1079 885 1123 Patre,
906 1079 1137 1112 differentiam.
1163 1077 1253 1111 llanc
1272 1078 1400 1112 silentio
1429 1078 1548 1123 premit
1569 1077 1739 1123 Bulgarus»
1760 1077 1873 1110 archi-

181 1124 364 1168 episcopus.
403 1121 517 1162 Quiit‘l
539 1124 625 1168 quod
660 1123 794 1156 Michael
829 1122 1017 1156 Cerularius
1038 1123 1071 1156 in
1103 1123 1356 1168 epistolacitata
1385 1121 1577 1168 ad’Petrum
1616 1121 1871 1168 Antiochenam,

180 1178 269 1202 num.
293 1166 347 1201 “Χ.
384 1169 493 1208 refert,
521 1180 534 1200 ι
548 1166 590 1202 'se
613 1168 787 1208 audivisse,
813 1168 901 1212 quod
920 1168 1064 1211 praedicti
1081 1166 1147 1200 duo
1167 1167 1361 1211 patriarchae
1384 1167 1632 1208 (Alexandrinus
1653 1166 1870 1212 etAJerosoly-

180 1212 333 1255 mitanus)
374 1222 438 1246 non
461 1213 566 1246 solum
589 1213 670 1246 alios
707 1210 832 1256 azymis
849 1210 1014 1246 vescentes
1048 1210 1210 1255 recipiunt
1233 1223 1240 1244 :
1262 1212 1317 1245 scd
1340 1212 1454 1256 etiipsi
1490 1212 1667 1255 aliquando
1688 1210 1721 1244 in
1745 1211 1871 1255 azymis

179 1267 306 1291 sacrum
346 1257 523 1291 conﬁciunt
549 1255 760 1291 sacriﬁcium.
779 1269 793 1289 ι
835 1257 900 1290 Leo
939 1257 1036 1290 etiam
1060 1257 1268 1290 Achridanus
1306 1256 1337 1289 in
1362 1255 1567 1300 Fragmentis
1588 1255 1672 1300 apud
1714 1255 1871 1289 Allatium

179 1302 262 1335 libro
290 1311 328 1335 ιιι
365 1302 409 1335 De
434 1302 648 1342 consensione,
673 1301 778 1345 capite
811 1300 866 1342 14,
889 1301 947 1342 ait,
976 1313 989 1333 α
1013 1302 1170 1334 Armenos
1199 1306 1230 1334 et
1250 1300 1420 1346 {Egyptios
1440 1311 1514 1346 cum
1539 1301 1660 1346 Judaais
1697 1301 1875 1346 convenire

180 1352 314 1391 prOpter
339 1347 537 1391 oblationem
559 1344 747 1391 azymorum
772 1356 778 1378 :
803 1357 817 1377 )
842 1356 917 1391 qua
938 1346 977 1380 de
1000 1356 1036 1379 re
1071 1346 1138 1389 agit
1160 1344 1404 1379 accuratissime
1438 1345 1623 1390 Lequienus
1644 1345 1674 1378 in
1710 1344 1873 1378 Disserta-

180 1390 266 1424 tion’e
287 1391 373 1424 inter
391 1390 650 1431 Damascenicas,
674 1390 720 1423 De
738 1390 872 1433 azymis.

224 1435 357 1468 Factum
381 1436 487 1468 refero
521 1445 594 1478 ego,
616 1435 704 1477 quod
727 1444 861 1468 narrant
887 1435 1077 1468 Cerularius
1100 1440 1131 1468 et
1169 1434 1396 1468 Achridanus:
1431 1434 1505 1468 hinc
1524 1444 1599 1468 vero
1633 1434 1770 1468 deducta
1794 1444 1870 1466 cum

178 1480 304 1514 Judaez's
328 1481 560 1519 convenientia,
585 1479 748 1512 calumnia
767 1485 826 1512 est.
854 1491 867 1510 ‹
891 1479 1043 1523 Alioquin
1065 1479 1090 1512 si
1113 1489 1226 1523 azyma
1253 1479 1434 1522 (inquiebat
1457 1479 1655 1513 llumbertus
1675 1479 1868 1518 cardinalis,

180 1525 294 1558 Leonis
333 1523 370 1557 IX
404 1525 542 1567 legatus)
575 1533 633 1568 per
664 1523 828 1557 Christum
855 1530 887 1557 et
920 1523 991 1567 ejus
1024 1523 1239 1568 Evangelium
1256 1523 1390 1568 fuerunt
1420 1524 1601 1563 maledicta,
1624 1523 1800 1567 reprobata
1838 1530 1869 1556 et

178 1569 333 1602 derelicta
355 1579 363 1608 ;
386 1573 415 1602 et
437 1569 508 1602 ideo
537 1567 688 1612 deinceps
707 1578 772 1601 non
805 1568 943 1602 debeant
963 1568 1073 1602 offerri
1106 1567 1140 1601 in
1159 1567 1319 1602 sacrificio
1354 1567 1496 1609 Domini,
1522 1568 1600 1612 quia
1624 1578 1682 1612 per
1723 1568 1868 1612 Moysem

178 1614 355 1664 constituta
394 1618 478 1664 sunt
499 1613 621 1646 Judaeis
642 1623 649 1645 :
687 1613 821 1664 sci-atus,
843 1623 902 1664 per
922 1614 1062 1657 Moysem
1094 1623 1226 1664 quoque
1244 1612 1477 1664 fermentatum
1496 1613 1711 1664 copstitutum
1741 1612 1870 1663 Judmis

178 1658 278 1690 Lavit.
302 1667 355 1697 vn,
379 1667 407 1690 v.
436 1656 491 1698 13,
511 1663 543 1691 et
562 1667 651 1697 xxiii,
674 1668 703 1690 v.
728 1656 840 1690 'l7.....
861 1656 1067 1701 Quapropter
1086 1656 1112 1691 si
1135 1667 1153 1690 a
1174 1656 1270 1690 nobis
1285 1667 1349 1690 non
1370 1657 1488 1691 debent
1508 1657 1618 1691 afferri
1640 1667 1765 1702 azyma,
1788 1657 1872 1700 quia

180 1702 319 1735 Mosaica
344 1707 420 1734 sunt
439 1713 445 1734 :
473 1713 532 1735 nec
552 1713 570 1735 ει
600 1702 690 1735 voltis
712 1702 832 1734 debent
865 1702 976 1735 offerri
999 1702 1193 1736 fermentum
1215 1707 1246 1734 et
1277 1702 1336 1742 sal,
1362 1702 1439 1745 quia
1461 1713 1554 1746 eque
1576 1702 1713 1736 Mosaica
1731 1707 1870 1746 isnnt...

181 1747 337 1790 Azymum
377 1746 638 1780 Christianorum
674 1746 770 1789 longe
803 1747 900 1780 distat
938 1746 978 1780 ab
1010 1757 1123 1791 azymo
1160 1746 1342 1780 carnalium
1377 1747 1580 1787 Judteorum,
1607 1757 1690 1791 quos
1717 1745 1875 1791 [XXXVI]

180 1792 218 1824 ad
241 1792 391 1824 umbram
412 1792 556 1824 veritatis
581 1791 811 1824 observandam
833 1796 864 1824 et
886 1790 1079 1835 captandam
1101 1791 1170 1825 sola
1205 1790 1377 1834 promissio
1396 1796 1533 1825 terrena;
1571 1790 1731 1825 felicitatis
1752 1790 1878 1825 invita-

141 1866 144 1868 .
180 1837 235 1869 bat
255 1847 261 1868 :
284 1846 343 1869 nos
361 1847 435 1869 vero
457 1847 576 1879 corpus
589 1835 734 1869 veritatis
756 1846 793 1869 ex
814 1845 927 1880 azymo
948 1841 979 1869 et
1000 1835 1032 1868 in
1052 1845 1165 1880 azymo
1184 1836 1248 1868 rite
1267 1841 1458 1869 venerantes
1477 1841 1575 1880 atque
1595 1836 1787 1876 retinentes,
1813 1846 1875 1869 ore

178 1886 209 1914 et
229 1881 325 1914 corde
348 1886 583 1924 praegustamus
599 1880 680 1924 jam,
699 1891 796 1924 quam
821 1881 927 1914 suavis
949 1886 998 1914 est
1016 1880 1196 1920 Dominus;
1220 1889 1322 1913 unum
1347 1886 1492 1924 petentes
1511 1881 1552 1914 ab
1572 1881 1656 1924 ipso,
1678 1885 1710 1914 et
1726 1880 1788 1914 hoc
1815 1891 1870 1914 re-

177 1925 358 1969 quirentes,
383 1931 419 1959 ut
441 1935 618 1959 maneanus
640 1925 672 1958 in
694 1936 745 1965 eo,
770 1931 801 1959 et
822 1925 890 1969 ipse
912 1925 945 1958 in
965 1925 1061 1958 nobis
1082 1925 1115 1958 in
1148 1929 1320 1958 aeternum.
1339 1937 1352 1956 ι
1377 1925 1476 1959 Multa
1513 1925 1544 1958 in
1567 1935 1648 1959 nova
1669 1925 1738 1968 lege
1771 1935 1876 1959 usur-

179 1970 261 2013 pari,
279 1980 352 2013 quae
377 1969 408 2002 in
434 1970 533 2003 veteri
558 1975 663 2008 erant,
684 1970 892 2013 perspicuum
910 1974 983 2003 est:
1005 1971 1060 2003 sed
1086 1980 1151 2002 non
1170 1969 1284 2014 eodem
1296 1969 1378 2014 ptine,
1401 1969 1478 2014 quia
1499 1969 1659 2014 quidquid
1681 1971 1719 2003 ad
1741 1970 1873 2003 cultum

179 2014 234 2047 Dei
256 2020 346 2047 vetus
366 2014 419 2047 ille
439 2015 579 2058 populus
595 2014 724 2048 caelitus
740 2020 921 2057 acceperat,
943 2014 982 2047 ad
1003 2024 1121 2048 novum
1151 2024 1208 2058 per
1227 2013 1391 2047 Christum
1413 2013 1604 2047 translatum
1628 2019 1677 2048 est
1698 2025 1705 2048 :
1731 2014 1772 2047 ab
1793 2025 1872 2048 um-

181 2059 238 2091 bra
262 2059 300 2091 ad
320 2058 500 2100 veritatem,
520 2070 537 2092 a
568 2059 670 2102 signis
695 2059 734 2092 ad
763 2069 829 2099 res,
848 2069 867 2091 a
887 2059 1005 2092 timore
1019 2059 1059 2093 ad
1078 2068 1238 2098 amorem,
1257 2068 1274 2091 a
1295 2059 1450 2092 servitute
1474 2059 1513 2092 ad
1536 2059 1732 2099 libertatem,
1755 2069 1773 2092 a
1793 2059 1878 2092 ﬁliis

182 2103 238 2136 irae
256 2103 294 2136 ad
310 2103 395 2136 ﬁlios
414 2104 538 2147 gratia.
735 2134 746 2144 _
1455 2136 1460 2140 .

230 2159 243 2179 α
268 2148 328 2181 Sed
368 2154 400 2181 et
419 2148 663 2182 Corinthiorum
701 2147 851 2181 Ecclesia
888 2158 1005 2192 panem
1040 2148 1224 2188 considera,
1251 2157 1349 2191 quam
1375 2158 1451 2181 sane
1473 2157 1538 2181 non
1572 2148 1752 2188 accusabis,
1775 2150 1877 2192 quasi

182 2192 371 2226 traditiones
391 2203 456 2226 non
477 2199 658 2226 versantem
685 2203 692 2226 :
733 2192 760 2225 is
790 2191 897 2233 enim,
913 2192 968 2236 qui
1003 2191 1187 2226 traditionis
1209 2197 1254 2236 est
1276 2197 1391 2225 auctor
1423 2192 1602 2236 (apostolus
1623 2191 1772 2234 Paulus),
1787 2191 1874 2227 eam

181 2243 214 2270 ut
238 2243 418 2271 servantem
460 2237 738 2271 commendavit...
776 2237 888 2278 Audis,
909 2235 975 2270 non
1011 2237 1138 2276 dubito,
1162 2241 1194 2270 et
1229 2235 1348 2270 Sardos
1384 2235 1469 2277 tuos,
1492 2236 1715 2270 testimonium
1756 2238 1876 2281 perhi-

180 2282 292 2316 bentes
329 2288 444 2316 contra
483 2292 672 2327 azymorum
707 2280 917 2327 oblationem.
946 2294 958 2313 ›
1005 2282 1099 2315 Panis
1123 2281 1306 2327 fermentati
1346 2291 1442 2314 usum
1477 2291 1618 2327 agnosco
1656 2282 1690 2314 in
1728 2280 1880 2327 Ecclesia

181 2326 427 2361 Corinthiorum
453 2338 460 2360 :
481 2325 580 2360 ritum
597 2336 786 2371 azymorum
811 2326 851 2360 ab
879 2326 933 2367 iis,
957 2327 1013 2370 qui
1050 2337 1129 2371 eam
1145 2325 1429 2371 administrarunt,
1448 2326 1650 2371 sapientibus
1669 2326 1877 2361 antistitibus

181 2372 353 2416 rejectum,
387 2382 526 2414 eamque
566 2371 607 2404 ob
638 2370 768 2405 causam
807 2371 1022 2414 reprehensos
1058 2370 1281 2416 Occidentales
1317 2380 1381 2416 non
1420 2371 1537 2404 habeo.
1571 2370 1758 2404 Servantem
1798 2382 1876 2405 eam

182 2414 373 2449 traditiones
403 2417 515 2449 laudat
547 2415 894 2461 Apostoluszrquidni
932 2426 1006 2450 vero
1042 2415 1158 2461 primis
1199 2414 1402 2461 temporibus
1437 2426 1496 2459 pro
1529 2415 1718 2461 traditione
1738 2423 1880 2461 accepta

182 2461 326 2494 oblatum
368 2460 467 2494 fuerit
486 2459 606 2504 corpus
640 2459 845 2494 Dominicbm
879 2461 911 2494 in
932 2471 1044 2505 azymo
1079 2459 1267 2505 aliquando,
1289 2459 1368 2492 alias
1388 2460 1421 2492 in
1441 2461 1634 2494 fermentato
1654 2460 1669 2492 ‘l
1701 2459 1880 2499 Quodnam

182 2505 223 2538 sit
257 2506 335 2538 illud
358 2505 510 2539 Ecclesiaa
530 2503 749 2539 S’ardiniensis
781 2503 1004 2539 testimonium
1027 2503 1140 2539 contra
1164 2503 1364 2538 oblationem
1396 2515 1599 2549 azymorum,
1623 2505 1762 2548 probata
1785 2506 1882 2539 nulla

184 2550 282 2583 refert
299 2549 448 2583 historia.

226 2594 291 2627 Cur
319 2605 394 2628 vero
415 2594 660 2628 Corinthiorum
698 2594 850 2628 Ecclesiae
869 2601 901 2629 et
930 2594 1080 2629 Ecclesiae
1109 2593 1289 2627 Sardorum
1313 2593 1489 2638 specialem
1527 2594 1655 2637 ingerat
1675 2594 1883 2629 mentionem

185 2638 471 2683 Theophylactus?
503 2638 637 2684 Causam
675 2645 751 2683 puto
773 2650 825 2673 me
848 2639 1148 2684 comprehendisse.
1181 2638 1302 2684 Nempe
1323 2648 1429 2672 canon
1464 2644 1513 2672 est
1531 2638 1705 2684 Trullanus
1731 2638 1771 2672 11
1814 2650 1885 2684 quo

182 2691 324 2725 cavetur,
358 2697 370 2714 α
398 2695 436 2717 ne
458 2683 569 2717 ﬁdeles
589 2683 775 2718 Judaeorum
809 2683 1128 2729 azymaronmdant,
1151 2694 1208 2716 nec
1231 2683 1328 2729 ullam
1357 2693 1436 2729 trum
1463 2683 1508 2716 eis
1532 2683 1786 2716 familiaritatem
1815 2683 1878 2718 ha-

182 2730 289 2769 beant,
310 2731 354 2762 vcl
380 2729 412 2762 in
453 2729 576 2762 morbis
613 2740 666 2762 eos
701 2727 878 2764 accersan‘t.
906 2743 918 2761 ι
944 2729 1035 2762 Hunc
1073 2738 1244 2768 canonem,
1267 2727 1362 2760 veluti
1397 2728 1564 2761 conditum
1595 2739 1612 2761 a
1635 2729 1761 2772 synodo
1782 2737 1879 2764 sexta
