1949 3075
187 145 251 179 275

190 214 297 245 exierit
311 214 347 245 ab
363 215 495 252 homine,
512 214 697 254 perambulat
725 223 778 254 per
803 214 917 246 arentia
934 215 1009 251 loca,

190 268 327 299 quaerens
338 259 484 299 requiem,
501 264 530 289 et
546 269 602 290 non
619 259 742 296 invenit;
760 264 829 290 tunc
840 260 929 291 dicit:
947 261 1008 291 Re-

188 307 285 334 vertar
295 303 325 333 in
337 303 456 333 domum
474 304 665 344 meam,unde
673 304 876 335 exivi.Etcum
885 305 1007 340 venerit,

188 348 299 388 reperit
317 357 379 378 eam
396 352 558 383 vacantem.
578 353 605 378 et
630 349 727 388 scopis
753 354 904 388 purgatam
920 353 1009 389 atque

187 397 331 423 ornatam.
349 392 431 422 Tunc
457 392 519 422 abit
534 397 563 423 et
583 393 719 432 adjungit
733 393 789 423 sibi
806 398 919 433 septem
936 393 1009 424 alios

186 436 305 476 spiritus
317 436 522 467 sceleratiores
532 441 608 472 se,et
624 437 750 476 ingressi
764 437 1007 468 inhabitantillic:

186 485 215 511 et
227 481 301 511 ﬁunt
314 486 464 520 postrema
479 482 609 512 hominis
625 482 706 513 illius
720 482 821 522 pejora
834 482 948 522 primis.
962 482 1009 513 Sic

186 525 242 556 erit
258 529 287 556 et
302 526 487 564 generationi
503 526 574 557 huic
591 536 747 565 perversae.
768 539 780 554 ιι
794 526 929 558 Ostendit
944 527 1009 557 illus

186 578 281 609 usque
297 569 328 599 in
344 574 504 600 extremam
523 570 719 610 perditionem
736 571 865 603 venisse.
876 571 1008 610 quodip-

185 623 249 644 sum
261 623 320 644 non
332 614 568 654 susceperintEt
580 614 656 644 sicut
665 624 681 644 a
692 615 845 645 daemoniis
854 615 1009 651 liberati,si

185 658 283 697 ignavi
299 658 557 698 fuerint,deterius
567 659 730 689 habentzita
743 666 771 689 et
782 665 881 690 vestra
890 669 1011 698 genera.

187 705 226 735 tio
236 705 408 735 adaamonio
418 705 644 736 tenebaturcum
653 706 730 736 idola
744 706 947 743 adoraret,sed
960 716 1011 746 per

187 751 346 791 prophetas
356 751 469 790 ejectus
477 756 519 781 est
528 751 577 782 ille
589 751 899 783 (lmm0n.Veniautt2m
910 757 1009 790 etego,

188 796 332 826 mundare
342 805 392 825 vos
402 796 494 834 magis
505 796 669 826 volenszsed
684 796 752 836 quia
764 796 914 836 repulistis
927 806 973 826 me
983 801 1011 826 et

187 839 275 870 interi
282 849 360 870 mere
369 840 499 872 vultis.ul
508 840 623 880 pravius
634 840 915 880 peccantes,gravius
922 841 1008 871 etiam

189 883 367 924 puniemini:
381 889 407 914 et
422 889 551 914 extrema
560 885 713 924 captivitas
725 890 821 915 vestra
830 885 946 924 gravior
954 886 1011 915 erit

189 928 347 968 prioribus.
355 931 399 960 Tu
409 934 506 960 autem
517 930 650 969 intellige
659 935 688 959 et
699 929 848 970 hoc,quod
859 929 1010 969 perbapti-

191 983 288 1004 smum
306 973 422 1013 ejicitur
433 974 604 1005 immundus
616 975 748 1014 spiritus,
759 979 786 1004 et
801 975 881 1004 vadit
895 974 930 1004 ad
948 974 1012 1004 loca

189 1020 374 1060 inaquosa,et
382 1021 495 1050 animas
506 1030 562 1050 nun
570 1020 789 1060 baptizatas,sed
801 1020 896 1051 inillis
903 1030 962 1050 non
970 1020 1012 1050 in-

188 1065 630 1105 venitrequiemBequiesenim
639 1065 1013 1105 estdzemoniisbaptizatos

188 1110 368 1150 turbareper
377 1110 452 1140 mala
460 1111 702 1150 opera,quoniam
716 1121 773 1140 non
787 1110 1011 1149 baptizatnsjam

188 1154 474 1185 babetzconvertitur
487 1155 575 1193 igitur
582 1155 617 1185 ad
626 1155 803 1195 baptizatum
817 1164 882 1185 cum
894 1154 1010 1194 spiriti-

187 1199 375 1239 busseptem.
391 1199 558 1230 Sicutenim
573 1208 686 1239 septem
696 1204 764 1229 sunt
780 1199 857 1229 dona
872 1198 1010 1238 Spiritus.

187 1244 246 1274 itae
254 1244 371 1274 diverso
380 1249 493 1283 septem
504 1243 904 1282 suntmalitizespiritustlum
914 1246 1012 1273 autem

187 1288 340 1326 ingressus
348 1287 438 1317 fuerit
449 1287 478 1317 in
489 1286 842 1327 baptizatumnleteriorlil
851 1286 1012 1316 calamitas.

186 1332 273 1362 Prius
289 1331 368 1361 enim
383 1340 451 1370 spes
467 1336 529 1361 erat
554 1340 607 1370 per
626 1331 803 1371 baptismum
821 1340 885 1361 esse
902 1339 1007 1369 purga-

186 1381 261 1407 tum:
278 1380 378 1415 postea
388 1381 487 1406 autem
505 1386 562 1406 non
579 1380 622 1406 est
638 1385 706 1415 spes
721 1375 843 1406 secundi
860 1375 1008 1415 baptismi,

189 1422 244 1451 nisi
261 1428 316 1460 per
333 1420 553 1461 paenitentiam,
569 1430 634 1460 quas
646 1421 730 1451 valde
746 1420 891 1451 laboriosa
903 1425 957 1450 est.

189 1466 272 1494 Ἐπὰν
288 1464 314 1493 δὲ
345 1465 447 1503 εἰσέλθῃ

673 147 966 180 THEOPHYLACTI
987 150 1193 182 BULGARIE
1215 150 1392 184 ARCHIEP.

1819 153 1874 185 276

1242 217 1375 258 διέρχεται
1411 219 1445 248 δι’
1487 219 1601 259 ἀνύδρων
1635 221 1738 260 τόπων,
1780 225 1872 256 ζητοῦν

1051 260 1208 297 ἀνάπαυσιν,
1231 263 1276 291 καὶ
1289 265 1341 304 οὐχ
1356 265 1467 304 εὑρίσκει
1485 273 1492 280 ·
1510 265 1570 293 τότε
1590 264 1662 304 λέγει
1680 273 1687 280 ⁶
1706 264 1873 303 Ἐπιστρέψω

1051 305 1087 337 εἰς
1115 306 1160 334 τὸν
1191 307 1268 336 οἶκόν
1291 320 1341 346 μου
1363 309 1421 338 ὅθεν
1446 308 1564 343 ἓξῆλθον,
1596 310 1646 339 Καὶ
1660 309 1748 345 ἐλθόν,
1765 310 1872 349 εὖρίσκει

1051 349 1228 391 σχολάζοντα,
1258 354 1433 392 σεσαρομὲνον
1482 354 1525 382 καὶ
1569 353 1782 392 κεκοσμημένον.
1811 354 1873 382 Τότε

1051 395 1199 433 πορεύεται,
1236 397 1279 425 καὶ
1324 397 1526 438 παραλαμϐάνει
1577 398 1634 436 μεθ’
1675 399 1768 428 ἑαυτοῦ
1810 398 1873 426 ἑπτα

1050 438 1126 478 ἕτερα
1156 441 1292 478 πνεύματα
1323 443 1487 482 πονηρότερα
1517 444 1619 472 ἑαυτοῦ.
1649 443 1698 472 Καὶ
1726 441 1872 470 εἰσελθόντα

1050 491 1171 512 κατοικεῖ
1198 486 1267 525 εκεῖ,
1290 487 1334 515 καὶ
1355 487 1453 526 γίνεται
1475 488 1508 516 τὰ
1536 487 1639 527 ἔσχατα
1666 491 1712 516 τοῦ
1739 487 1873 525 ἀνθρώπου

1051 528 1160 565 ἐκείνου,
1190 530 1298 570 χείρονα
1327 535 1381 561 τῶν
1417 532 1520 571 πρώτον
1538 540 1545 547 ⁵
1575 532 1657 564 οὕτως
1688 532 1762 560 ἔσται
1777 533 1821 559 καὶ
1841 532 1872 563 τη

1051 577 1127 610 γενεᾷ
1155 575 1236 613 ταύτῃ
1265 578 1298 613 τῇ
1334 579 1450 616 πονηρᾷ,
1482 588 1496 603 ι
1540 578 1673 606 Διίκνυσιν
1708 577 1803 607 αὐτοὺς
1840 576 1873 606 εἷς

1052 618 1166 657 ἔσχατον
1195 618 1327 652 ἀπωλείας
1355 621 1570 656 καταντήσοντας
1599 622 1630 649 ἑκ
1654 624 1700 649 τοῦ
1721 621 1760 658 μὴ
1791 631 1875 659 παρα-

1052 661 1170 694 δέξασθαι
1199 663 1287 695 αὗτόν,
1319 659 1429 704 ⁴Ὠσπερ
1458 666 1508 704 γὰρ
1532 666 1555 694 οἱ
1577 665 1709 703 δαιμόνων
1736 664 1874 703 ἐλευθερω-

1052 707 1152 744 θέντες,
1180 707 1224 735 ἐάν
1252 709 1434 747 ρᾳθυμήσωσι,
1466 709 1575 749 χείρονα
1615 710 1778 749 πάσχωσιν·
1809 708 1874 737 οὕτω

1053 753 1096 779 καὶ
1112 753 1128 785 ἠ
1143 752 1255 789 ὑμετέρα
1283 754 1361 791 γενεὰ
1382 754 1524 793 κατείχετο
1540 753 1653 792 δαίμονι,
1671 754 1714 782 ὅτε
1729 754 1763 781 τὰ
1778 752 1873 781 εἴδωλα

1052 803 1237 835 προσεκυνιϊτε
1256 805 1263 812 ⁶
1286 796 1358 838 ἄλλα
1382 796 1424 826 διὰ
1450 799 1502 827 τῶν
1517 802 1659 838 προφητῶν
1681 797 1804 831 ἐξέϐαλον
1819 801 1874 825 τοῦ-

1051 851 1095 868 τον
1124 841 1169 868 τὸν
1193 839 1314 878 δαίμονα.
1344 836 1440 870 τΠλθον
1469 842 1496 870 δὲ
1510 836 1553 871 καὶ
1570 836 1656 880 αὐτὸς,
1671 842 1753 871 πλέον
1765 844 1872 880 καθᾶραι

1052 886 1119 922 ὑμᾶς
1147 885 1307 923 βουλόμενος
1325 896 1332 902 ·
1359 886 1423 914 ’ἀλλ’
1457 886 1548 921 ἐπειδὴ
1577 887 1735 927 παρώσασθέ
1764 897 1811 924 με,
1833 887 1873 914 καὶ

1023 928 1156 957 Βὰνελεϊν
1192 929 1292 966 μᾶλλον
1325 930 1461 968 σπεύδετε,
1483 933 1519 963 ὡς
1546 939 1639 971 χεῖρον
1668 932 1872 970 ἁμαρτάνοντες,

1053 984 1146 1014 χειρον
1174 975 1218 1001 καὶ
1245 973 1449 1013 κολασθήσεσθε,
1480 977 1524 1003 καὶ
1552 977 1568 1009 ἡ
1584 977 1688 1015 ἐσχάτη
1704 974 1873 1014 αἷχμαλωσία

1023 219 1042 242 Α
1053 215 1198 256 ἀνθρώπου,

1052 1020 1126 1055 ὑμῶν
1153 1019 1281 1057 βαρυτέρα
1305 1018 1376 1047 ἔσται
1407 1022 1458 1047 τῶν
1480 1020 1626 1059 προτέρων,
1654 1021 1690 1048 Σὺ
1713 1019 1742 1048 δὲ
1764 1020 1819 1048 νόει
1833 1020 1874 1047 καὶ

1052 1068 1140 1100 τοῦτο,
1172 1062 1212 1090 ὅτι
1241 1062 1283 1091 διὰ
1312 1069 1358 1092 τοῦ
1378 1064 1559 1102 βαπτίσματος
1585 1064 1743 1093 ἐκϐάλλεται
1759 1065 1790 1092 τὸ
1812 1064 1874 1092 ixi-

1053 1110 1145 1146 ϐαρ-εον
1174 1111 1287 1147 πνεῦμα,
1318 1109 1361 1136 καὶ
1388 1109 1525 1144 πορεύεται
1553 1109 1579 1136 ἐν
1609 1117 1669 1141 ταῖς
1693 1108 1812 1148 ἀνύδροις
1833 1108 1874 1136 καὶ

1056 1151 1224 1184 ἀϐαπτίστοις
1254 1154 1358 1192 ψυχαῖς
1376 1159 1383 1167 ‘
1412 1153 1471 1181 ἀλλ’
1497 1153 1523 1182 ἐν
1551 1154 1661 1187 ἐκείναις
1690 1154 1743 1193 οὒκ(
1765 1153 1874 1192 εὒρίσιιει

1057 1197 1211 1224 ἀνάπαυσιν.
1243 1195 1400 1229 Ἀνάπαυσις
1430 1198 1480 1238 γὰρ
1509 1205 1566 1231 τοῖς
1602 1198 1718 1235 δαίμοσι,
1756 1199 1787 1225 τὸ
1818 1203 1874 1227 τοϊς

1055 1240 1279 1279 βεϐαπτισμένοις
1311 1240 1436 1281 ἐνοχλεῖν
1465 1242 1507 1270 διὰ
1529 1247 1582 1271 τῶι
1605 1246 1730 1282 πονηρῶν
1744 1242 1872 1282 πράξεων,

1057 1286 1114 1313 ἐπεὶ
1141 1286 1201 1317 τοὺς
1223 1284 1398 1318 ἀϐαπτίστους
1422 1286 1473 1320 ἥδη
1499 1287 1569 1327 ἔχει,
1600 1283 1805 1327 Ὑποστρὲφιται
1833 1287 1873 1314 οὖν

1052 1330 1094 1358 ἐπὶ
1120 1331 1164 1358 τὸν
1189 1329 1398 1367 βεϐαπτισμένον
1427 1332 1495 1368 μετὰ
1523 1335 1575 1359 τῶν
1609 1332 1675 1360 ἑπτὰ
1704 1331 1873 1368 πνευμάτων.

1052 1375 1156 1414 ’Ὠσπερ
1171 1376 1220 1413 γὰρ
1236 1375 1304 1403 ἑπτα
1317 1376 1350 1404 τὰ
1377 1379 1423 1403 τοῦ
1446 1376 1594 1413 πνεύματος
1609 1377 1776 1416 χαρίσματα,
1793 1374 1874 1404 οὕτως

1052 1422 1081 1448 εκ
1109 1423 1156 1448 τοῦ
1186 1419 1301 1448 ἐναντίου
1322 1420 1389 1447 ἑπτὰ
1415 1421 1458 1448 καὶ
1486 1422 1518 1448 τὰ
1539 1421 1586 1454 τῆς
1615 1422 1709 1452 κακίας
1725 1421 1872 1457 πνεύματα.

479 1467 514 1497 εἷς
545 1468 589 1493 τω
619 1464 838 1502 βεϐαπτισμένον,
869 1467 964 1505 χεὶρωη
1002 1467 1018 1499 θ,
1048 1464 1178 1503 συμφορά,
1210 1464 1337 1502 Πρότερον
1367 1466 1414 1501 μὲν
1445 1466 1494 1503 γὰρ
1515 1464 1589 1496 ἐλπτς
1617 1465 1650 1498 ἦν
1679 1464 1721 1493 διὰ
1750 1470 1797 1494 τοῦ
1825 1464 1874 1501 βα-

188 1511 335 1548 πτίσματος
362 1510 561 1548 καθαρισθῇναι,
601 1505 717 1539 ’Ἐκτοτε
754 1509 780 1537 δὲ
816 1509 934 1549 δευτέρου
963 1510 1145 1547 [inrtio-p.110:
1176 1509 1224 1536 οὒκ
1245 1508 1314 1536 ἔστιν
1346 1508 1431 1545 ἐλπὶς,
1465 1511 1487 1537 εἰ
1513 1510 1551 1546 μὴ
1581 1513 1626 1538 τοῦ
1655 1508 1697 1537 διὰ
1721 1510 1873 1547 μετανοίας,

188 1556 202 1583 ὃ
217 1554 316 1594 σφόδρα
331 1554 467 1585 ἐπίπονον,

228 1598 317 1630 Vens.
335 1598 384 1628 46.
401 1610 413 1625 α
432 1598 536 1631 Adhuc
552 1603 648 1629 autem
665 1598 804 1638 loquente
821 1599 870 1630 illo
887 1599 922 1629 ad
943 1603 1006 1629 tur-

192 1643 255 1680 bas,
270 1652 341 1673 ecce
366 1647 459 1673 mater
475 1644 538 1682 ejus
555 1643 700 1674 etfralres
723 1643 786 1682 ejus
811 1643 926 1674 stabant
941 1644 1012 1673 foris

191 1692 361 1728 quaerentes
374 1688 399 1717 ei
418 1687 509 1728 loqui.
520 1687 702 1718 --Humanum
711 1688 780 1727 quid
789 1687 902 1718 volebat
914 1694 1009 1718 osten-

187 1733 260 1763 dere
281 1737 385 1772 mater,
398 1733 475 1772 quod
494 1737 523 1762 ut
541 1733 570 1762 in
584 1732 676 1763 ﬁlium
694 1737 867 1772 potestatem
885 1732 1008 1762 habeat:

188 1777 263 1808 nihil
281 1777 360 1807 enim
379 1786 516 1814 magnum
535 1778 633 1808 adhuc
645 1777 681 1808 de
698 1787 732 1807 eo
746 1777 1008 1816 intelligebat.pro-

187 1825 253 1862 pter
269 1821 325 1853 hoc
342 1821 405 1861 ipso
421 1822 518 1852 adhuc
534 1822 683 1862 loquente,
694 1821 810 1852 volebat
826 1822 862 1851 ad
879 1831 911 1852 se
927 1821 1010 1851 illum

188 1867 347 1902 attrahere,
359 1867 441 1906 quasi
458 1867 644 1897 ambitiosula
661 1870 739 1897 tanto
760 1866 816 1896 sibi
834 1866 893 1896 ﬁlio
911 1866 1011 1896 subdi-

186 1917 227 1943 to.
243 1911 318 1950 Quid
336 1912 422 1949 igitur
448 1911 597 1942 Christus?
627 1913 787 1951 Postquam
815 1910 1010 1941 intentionem

188 1957 254 1996 ejus
270 1956 360 1992 novit,
379 1957 445 1986 audi
457 1956 527 1996 quid
544 1955 632 1987 dicat.

227 2001 318 2032 Vens.
336 2000 440 2040 47-50,
461 2014 470 2028 ι
490 2000 567 2031 Dixit
588 2005 687 2031 autem
715 2000 834 2040 quidam
858 1999 911 2030 illi.
938 1999 1012 2030 Ecce

189 2048 284 2075 mater
296 2049 346 2075 tua
362 2049 390 2075 et
404 2045 507 2076 fratres
524 2045 564 2075 tui
581 2044 653 2075 foris
665 2048 753 2080 stant,
769 2046 936 2083 quaarentes
961 2043 1012 2073 tibi

188 2089 280 2129 loqui.
296 2091 331 2120 At
347 2089 396 2120 ille
412 2090 597 2128 respondens
613 2089 686 2119 dixit
703 2088 729 2119 ei
750 2088 799 2128 qui
816 2087 872 2118 sibi
897 2097 1009 2118 renun-

189 2133 311 2165 tiaverat
328 2143 334 2165 :
353 2133 422 2169 Qum
438 2140 482 2165 est
498 2138 595 2165 mater
610 2142 687 2172 mea,
701 2137 750 2163 aut
765 2132 814 2172 qui
825 2136 894 2162 sunt
909 2132 1012 2162 fralres

190 2178 295 2210 mei?et
310 2179 473 2210 extendens
489 2188 610 2209 manum
623 2187 705 2208 suam
722 2177 758 2208 ad
769 2177 928 2216 discipulos
944 2186 1014 2207 suos

189 2223 263 2255 dixit
279 2232 285 2254 :
299 2222 376 2255 Ecce
394 2228 487 2254 mater
515 2233 579 2253 mea
606 2227 633 2253 et
659 2223 767 2253 fratres
784 2221 854 2252 mei.
872 2221 1013 2261 Quisquis

189 2269 269 2300 enim
278 2268 381 2300 fecerit
398 2269 576 2299 voluntatem
590 2268 687 2298 Patris
704 2268 761 2297 mei
778 2266 827 2307 qui
844 2270 887 2297 est
903 2266 933 2296 in
949 2275 1012 2296 Cte-

190 2313 237 2352 lis,
255 2314 318 2354 ipse
335 2322 418 2343 meus
432 2313 534 2349 frater,
551 2318 582 2342 et
601 2321 686 2342 soror
700 2316 728 2341 et
745 2316 838 2341 mater
849 2315 904 2341 est.
919 2322 930 2339 υ
950 2309 1012 2341 Non

188 2357 299 2399 injuria
313 2358 448 2389 afﬁciens
465 2362 602 2396 matrem,
616 2357 677 2386 haec
693 2356 776 2391 dicit,
794 2355 845 2386 sed
860 2355 1014 2394 corrigens

188 2407 320 2434 mentem
350 2403 414 2442 ejus
444 2402 543 2441 gloriae
567 2401 680 2432 avidam
708 2405 738 2430 et
759 2401 930 2431 humanam.
948 2399 1012 2430 Non

189 2448 270 2479 enim
300 2447 370 2478 dicit
388 2457 395 2478 ;
414 2446 477 2478 Νοι]
501 2451 545 2477 est
575 2450 670 2477 mater
695 2454 784 2476 mea:
804 2445 869 2482 sed,
901 2444 925 2475 si
954 2454 1012 2474 non

191 2492 298 2524 fecerit
324 2492 503 2522 voluntatem
527 2491 594 2529 Dei,
612 2491 653 2521 nil
671 2491 696 2521 ei
720 2489 851 2530 proderit
871 2489 949 2530 quod
966 2498 1013 2519 me

191 2536 302 2577 genuit.
321 2538 386 2568 Non
403 2537 481 2568 enim
512 2541 599 2575 negat
620 2536 783 2566 naturalem
799 2535 845 2564 64
861 2533 1012 2573 cognatio-

191 2590 274 2619 nem,
291 2581 343 2612 sed
358 2582 478 2622 apponit
494 2582 580 2612 etiam
611 2590 677 2612 eam
702 2590 767 2620 quae
795 2584 839 2610 est
857 2588 907 2619 per
920 2578 1012 2608 virtu-

191 2630 263 2657 tem.
279 2625 383 2657 Nullus
411 2626 491 2657 enim
513 2626 652 2665 indignus
667 2634 684 2655 a
700 2624 875 2663 cognatione
901 2623 1013 2653 utilita-

192 2676 252 2702 tem
282 2672 370 2712 capit.
390 2671 482 2711 Igitur
515 2675 649 2702 correcto
676 2679 755 2700 vanae
779 2668 880 2708 gloriae
896 2666 1011 2707 morbo,

190 2717 300 2748 iterum
317 2716 418 2748 obedit
434 2717 520 2747 matri
536 2715 663 2747 vocanti.
682 2714 757 2745 Dicit
781 2713 859 2745 enim
887 2721 1012 2751 evange-

189 2761 257 2793 lista
273 2771 281 2794 :

1018 1603 1036 1628 C

1094 1609 1105 1625 ι
1123 1593 1186 1626 "Eu
1201 1597 1227 1625 δὲ
1243 1600 1322 1627 abte-3
1334 1598 1476 1630 λαλοῦντος
1489 1606 1548 1630 τοῖς
1562 1598 1667 1639 ὄχλοις,
1684 1598 1739 1627 ἰδοὺ
1753 1600 1770 1632 ἡ
1787 1600 1875 1638 μήτηρ

1054 1644 1097 1671 καὶ
1133 1645 1155 1670 οἱ
1178 1641 1282 1682 ἀδελφοὶ
1325 1643 1402 1671 αὑτοῦ
1447 1645 1612 1678 εἱστήκεισαν
1642 1643 1702 1683 ἔξω,
1739 1647 1876 1679 ζητοῦντες

1054 1689 1123 1724 αὐτῷ
1139 1687 1266 1721 λαλῆσαι,
1289 1700 1301 1715 »
1334 1688 1509 1728 Ἀνθρώπινόν
1535 1700 1559 1716 τι
1582 1687 1703 1716 ἰϐούλετο
1719 1687 1876 1720 ἐνδείξασθαι

1053 1733 1069 1766 ἡ
1099 1733 1199 1771 μήτηρ,
1218 1732 1256 1759 ὅτι
1278 1732 1419 1768 ἐξουσιάζει
1446 1737 1491 1762 τοῦ
1513 1732 1616 1765 παιδός.
1641 1731 1720 1761 Οὖδὲν
1744 1733 1794 1770 γὰρ
1809 1732 1876 1770 μέγα

1053 1776 1126 1804 οῧπω
1155 1777 1212 1815 περὶ
1235 1778 1312 1805 αὐτοῦ
1341 1777 1407 1805 ἐνόει
1427 1788 1432 1794 ·
1457 1777 1499 1805 διὰ
1520 1778 1597 1805 τοῦτο
1625 1777 1669 1804 οὖν
1689 1777 1732 1805 καὶ
1759 1776 1799 1804 ἔτι
1827 1776 1876 1803 λα-

1053 1820 1160 1856 λοῦντα,
1196 1820 1319 1858 βούλεται
1352 1822 1416 1860 πρὸς
1447 1822 1543 1855 ἑαυτὴν
1579 1821 1783 1857 ἐπισπάσασθαι,
1805 1820 1876 1860 φιλο-

1053 1866 1199 1903 τιμουμένη
1241 1867 1277 1897 ὼς
1312 1867 1524 1904 ὑποταττομένου
1566 1868 1631 1904 αὖτῇ
1664 1869 1709 1894 τοῦ
1743 1867 1812 1896 υἱοῦ,
1850 1866 1878 1894 Τί

1053 1914 1114 1948 γοῦν
1140 1911 1153 1938 ὁ
1170 1911 1279 1948 Χριστός
1298 1918 1306 1946 ;
1336 1910 1409 1938 Ἐπεὶ
1424 1913 1470 1939 τὸν
1486 1912 1584 1939 σκοπὸν
1607 1910 1687 1944 αὐτῆς
1702 1910 1782 1948 ἔγνω,
1801 1910 1876 1938 ἄκουε

1054 1955 1078 1982 τί
1099 1965 1190 1994 φησιν,

1098 2011 1110 2025 ιι
1130 2003 1195 2026 Ετπε
1225 1998 1252 2026 δέ
1281 2009 1319 2030 τις
1342 1999 1424 2036 αὺτῷ,
1455 1999 1521 2028 ’ἰδοὺ
1548 2001 1565 2033 ἡ
1589 2000 1679 2039 μήτηρ
1702 2010 1749 2028 σοι)
1775 2000 1821 2027 καὶ
1856 1999 1877 2026 οἱ

1054 2042 1162 2083 ἀδελφοί
1188 2054 1234 2071 σου
1259 2042 1308 2076 ἔξω
1336 2044 1466 2079 ἑστήκασι
1483 2047 1622 2080 ζητοῦντες
1637 2055 1678 2073 σοι
1693 2044 1811 2078 λαλῆσαι
1824 2053 1836 2066 -·
1867 2045 1878 2071 ε,

1055 2087 1093 2125 δὲ,
1125 2089 1272 2127 ἀποκριθεὶς
1302 2090 1362 2116 εἷπε
1386 2093 1424 2126 τῷ
1459 2090 1559 2118 εἰπόντι
1587 2092 1680 2126 αὐτῷ·
1709 2090 1753 2121 Τίς
1769 2089 1841 2116 ἐστιν
1862 2090 1878 2121 ἡ

1055 2133 1146 2171 μήτηρ
1175 2144 1237 2170 μου,
1272 2133 1317 2160 καὶ
1355 2133 1423 2164 τίνες
1462 2135 1525 2162 εἰσὶν
1556 2135 1579 2162 οἱ
1609 2132 1714 2173 αδελφοί
1743 2143 1818 2172 μους

1055 2177 1171 2209 ἐκτείνας
1196 2178 1243 2211 τὴν
1266 2184 1348 2217 χεῖρα
1367 2177 1446 2206 αξιτοῦ
1474 2178 1517 2206 ἐπὶ
1538 2179 1598 2210 τοὺς
1630 2178 1751 2216 μαθητάς
1788 2177 1876 2210 ard-:05,

1025 2224 1131 2270 Dei-nev
1151 2229 1158 2236 '
1176 2221 1242 2250 Ἰδοὺ
1257 2223 1274 2255 ἡ
1290 2223 1380 2260 μήτηρ
1396 2233 1447 2259 μου
1469 2223 1514 2250 καὶ
1528 2223 1552 2250 οἱ
1574 2222 1679 2262 ἀδελφοί
1700 2233 1761 2260 μου.
1782 2218 1878 2252 ’Ὅστις

1054 2267 1104 2306 γάρ
1134 2266 1164 2294 ἂν
1186 2267 1286 2304 ποιήσῃ
1316 2267 1346 2294 τὺ
1374 2266 1477 2304 θέλημα
1506 2271 1552 2295 τοῦ
1576 2267 1679 2306 Πατρός
1707 2277 1758 2304 μου
1780 2270 1829 2294 τοῦ
1854 2266 1878 2294 ἓν

1054 2311 1187 2349 οὐρανοῖς,
1212 2311 1288 2342 αὐτός
1318 2321 1368 2348 μου
1389 2310 1500 2351 ἀδελφὸς
1524 2312 1566 2340 καὶ
1591 2310 1690 2350 ἀδελφὴ
1714 2311 1760 2338 καὶ
1791 2311 1878 2347 μήτηρ

1055 2355 1135 2383 ἐστιν.
1159 2366 1169 2381 ι
1203 2355 1256 2383 Οὔκ
1285 2353 1393 2393 ὑϐρίζων
1421 2356 1469 2389 τὴι
1499 2355 1602 2394 μητέρα
1617 2354 1798 2393 λέγειταῡτα,
1815 2353 1879 2381 ἀλλὰ

1055 2399 1236 2438 διορθούμενος
1266 2399 1315 2429 τὴν
1354 2399 1489 2439 φιλόδοξον
1527 2400 1610 2433 αὐτῆς
1639 2400 1681 2427 καὶ
1716 2399 1879 2437 ἀνθρωπίνην

1055 2444 1175 2483 γνώμην.
1207 2445 1243 2472 Οὔ
1265 2445 1315 2483 γὰρ
1337 2444 1415 2472 εἶπεν
1444 2444 1483 2472 ὅτι
1514 2444 1568 2473 Οὔκ
1607 2443 1665 2472 ἔστι
1689 2455 1739 2480 μου
1761 2444 1856 2480 μήτηρ
1871 2450 1877 2456 ·

1055 2488 1114 2516 ἀλλ’
1137 2488 1179 2517 δτι
1210 2487 1271 2517 Ἐὰν
1302 2489 1340 2526 μὴ
1370 2492 1434 2527 ποιῇ
1453 2490 1483 2517 τὸ
1511 2488 1615 2526 θέλημα
1634 2491 1681 2515 τοῦ
1707 2491 1785 2522 Θεοῦ,
1809 2486 1878 2515 οὖδὲν

1055 2533 1136 2567 αὐτὴν
1165 2532 1299 2572 ὠφελήσει
1330 2534 1360 2561 τὸ
1397 2534 1522 2573 γεννῆσαί
1548 2544 1592 2570 με,
1623 2533 1660 2561 Οὐ
1691 2532 1742 2570 γὰρ
1763 2532 1879 2567 ἂρνεῖται

1055 2578 1104 2611 τὴν
1133 2578 1200 2605 κατὰ
1244 2578 1321 2616 φύσιν
1362 2577 1525 2617 συγγένειαν,
1556 2576 1623 2604 ἀλλὰ
1647 2577 1803 2615 προστίθησι
1839 2576 1880 2603 καὶ

1054 2623 1104 2656 τὴν
1135 2622 1195 2650 κατ’
1219 2622 1325 2661 ἀρετὴν,
1357 2621 1445 2654 Οὐδεὶς
1473 2623 1523 2662 γὰρ
1559 2620 1663 2654 ἀνάξιος
1694 2620 1748 2648 ἀπὸ
1783 2630 1878 2659 συγγε-

1056 2667 1125 2698 νείας
1151 2665 1306 2706 ὠφελεῖται.
1345 2667 1559 2705 Διορθωσάμενος
1583 2665 1667 2694 τοίνυν
1698 2667 1749 2697 τῆς
1775 2663 1879 2692 κενοδο-

1055 2711 1109 2744 ξίας
1131 2711 1161 2738 τὸ
1189 2711 1305 2750 νόσημα,
1323 2710 1397 2748 ὅμως
1419 2710 1498 2739 πάλιν
1526 2710 1651 2738 ὑπακούει
1667 2713 1702 2747 τῇ
1725 2710 1807 2748 μητρὶ
1830 2718 1878 2735 κα-

1056 2754 1149 2793 λούσῃ,
1173 2755 1242 2788 Φησὶ
1257 2754 1305 2794 γὰρ
1322 2755 1336 2782 ὁ
1352 2754 1540 2794 εὐαγγελιστής
1556 2763 1564 2773 ⁸

1837 2134 1878 2160 καὶ
