1943 3081
215 159 275 192 559

255 226 346 257 VERS.
359 225 469 256 53-56.
490 235 503 253 ε
517 224 631 255 Etcum
648 223 997 263 trajecissent,venerunt
1007 221 1036 251 in
1050 225 1066 248 Α

217 276 324 302 terram
344 271 539 306 Genezaroth,
572 273 601 300 et
620 269 826 309 applicuerunt
853 270 879 300 in
911 271 1038 308 portum.

216 316 348 356 Cumque
357 315 469 355 egressi
479 318 580 345 essent
591 323 607 345 e
619 315 695 352 navi,
710 315 850 345 continuo
860 315 1042 352 agnoverunt

216 369 296 390 eum:
309 370 343 391 ac
355 364 565 400 percurrentes
579 363 671 389 totam
692 360 824 399 undique
838 358 988 397 regionem
1002 356 1040 386 il-

216 404 285 445 lam,
302 409 458 445 cmperunt
473 404 502 434 in
515 404 601 435 lectis
615 413 666 435 eos
674 404 724 444 qui
736 404 812 434 male
822 401 969 434 habebant
980 401 1040 432 cir—

215 449 447 490 cumferre,cum
459 449 612 480 audissent
623 457 688 479 eum
703 448 763 479 illic
777 449 887 479 essezet
902 455 1039 487 quocun—

216 503 273 534 que
287 493 570 525 introissetinvicos
592 497 641 524 aut
665 493 810 530 civitates,
836 497 885 523 aut
899 492 929 522 in
945 491 1038 530 villas,

215 538 246 568 in
258 538 364 578 plateis
376 539 524 579 ponebant
533 538 1038 578 inﬁrmos.etdeprecabantureum,

217 586 250 613 ut
278 583 323 614 vel
352 582 500 614 ﬁmbriam
534 582 699 613 vestimenti
728 583 793 621 ejus
821 586 996 621 tangerent:
1013 585 1040 610 et

218 632 363 668 quotquot
377 627 625 666 tangebanteum,
644 627 715 657 salvi
731 626 852 657 ﬁebant.
868 639 880 654 η
895 625 964 656 205
976 625 1039 656 Ali-

218 676 327 712 quanto
335 671 652 712 tempore,utvidetur,
664 673 870 711 peregrinatus
879 676 924 702 est
938 670 1040 701 Domi-

219 726 275 747 nus
295 716 325 746 in
340 717 404 747 loco
435 716 497 756 illo,
515 725 550 746 eo
565 715 643 756 quod
660 716 842 755 evangelista
856 715 928 746 dicit
945 726 951 745 :
968 716 1041 745 Cum

219 761 407 800 agnovissent
418 761 516 798 illum,
530 761 691 791 attulerunt
706 761 851 791 inﬁrmos.
876 759 940 790 Non
963 760 1042 790 enim

219 806 249 836 in
266 806 476 845 domosipsum
493 805 648 843 vocabant,
666 805 718 836 sed
743 806 799 845 ipsi
814 804 978 836 alierebant
993 813 1043 834 eos

220 851 271 891 qui
281 851 358 881 male
369 850 726 891 habebant,obsecrantes
735 850 829 881 utillis
837 849 881 881 vel
893 849 1042 880 ﬁmbriam

696 154 993 206 TiiEOPHYLACTI
1019 152 1224 184 BULGARI/E
1245 153 1421 185 ARGHIEP.

1854 145 1917 178 560

1123 233 1137 248 ι
1162 222 1210 250 Καὶ
1238 221 1455 262 διαπεράσαντες,
1483 221 1565 254 ἦλθον
1591 220 1635 248 hri
1654 219 1704 253 τὴν
1729 219 1782 258 γῆν
1809 220 1916 250 Γεννη-

1082 266 1161 306 σαρέτ
1175 274 1183 281 ⁸
1215 268 1259 295 καὶ
1286 266 1537 306 προσωρμίσθησαν,
1564 266 1608 294 καὶ
1639 263 1807 302 ἕίξελθόντωνἱ
1825 263 1917 291 αὐτῶν

1082 310 1112 338 ἐκ
1139 315 1184 339 τοῦ
1219 311 1324 349 πλοίου,
1351 311 1445 344 εὒθέως
1473 310 1627 350 ἐπιγνόντες
1660 309 1751 346 αὐτὸν,
1782 307 1918 347 περιδρα-

1082 356 1177 393 μόντες
1208 356 1274 390 ὃλην
1310 356 1361 390 τὴν
1387 356 1538 396 περίχωρον
1581 355 1697 394 ἐκείνην,
1728 353 1844 393 ἤρξαντο
1873 352 1918 379 ἐπὶ

1081 407 1141 432 τοῖς
1169 400 1326 440 κραϐϐάτοις
1368 401 1428 434 τοὺς
1470 400 1559 432 κακῶς
1598 399 1711 440 ’ἔχοντας
1746 397 1914 438 περιφέρειν,

1082 444 1149 474 ὅπου
1175 445 1271 479 ἤκουον
1301 445 1342 474 ὅτι
1366 445 1424 474 ἐκεῖ
1437 447 1494 474 ἔστι
1511 454 1519 462 ·
1542 445 1586 474 καὶ
1600 444 1667 473 ὅπου
1685 443 1715 472 ἂν
1731 442 1919 482 εἰσεπορεύετο

1082 491 1119 522 εἷς
1141 491 1233 528 κώμας
1262 491 1279 525 ἢ
1297 490 1390 523 πόλεις
1452 491 1559 531 ὰγροδς,
1582 491 1610 518 ἓν
1631 496 1692 521 ταῖς
1724 488 1840 528 ἀγοραῖς
1859 487 1918 514 ἐτί-

1081 537 1140 564 θουν
1167 536 1227 569 τοὺς
1255 536 1438 572 ἀσθενοῦντας,
1475 536 1520 564 καὶ
1558 533 1724 574 παρεκάλουν
1753 534 1835 562 αὖτον
1870 531 1919 559 ’ἵνα

1081 579 1130 607 κᾶν
1157 583 1204 608 τοῦ
1231 579 1377 618 κρασπέδου
1404 584 1451 610 τοῦ
1478 580 1582 618 ἱματίου
1612 581 1690 609 αὑτοῦ
1718 577 1856 617 ἅψωνται,
1873 581 1920 607 καὶ

1081 623 1139 652 ὅσοι
1168 624 1199 652 ἂν
1227 624 1343 659 ἥπτοντο
1370 627 1462 662 αὑτοῦ,
1488 625 1628 661 ἐσώζοντο.
1654 625 1704 653 Διὰ
1731 623 1847 664 χρόνου,
1879 623 1918 653 ὡς

1082 668 1180 706 ἔοικεν,
1210 669 1379 708 ἐπεδήμησεν
1407 671 1421 698 ὃ
1455 671 1548 710 Κύριος
1591 673 1630 708 τῷ
1668 670 1756 706 τόπῳ.
1786 670 1835 697 Διὸ
1873 669 1918 694 καὶ

1084 715 1098 741 ὁ
1114 713 1304 754 εὐαγγελιστὴς
1320 714 1391 754 λέγει
1409 723 1416 730 ·
1448 710 1618 754 Ἐπιγνόντες
1643 714 1734 754 αὐτὸν,
1751 713 1918 753 προσὲρερον

1084 759 1143 792 τοὺς
1172 759 1304 791 ἀσθενεῖς.
1335 761 1389 788 Οὐκ
1409 759 1448 788 ’ἐτι
1469 760 1519 800 γὰρ
1548 761 1584 792 εἰς
1610 760 1657 790 τὰς
1674 759 1758 791 οἰκίας
1788 757 1917 795 hilo-av,

1084 803 1144 832 ἀλλ’
1174 804 1246 832 αὐτοὶ
1274 803 1375 842 μᾶλλον
1404 805 1566 845 προσέφερον
1585 805 1646 836 τοὺς
1673 807 1762 836 κακῶς
1785 802 1916 842 ἔχοντας.

1085 849 1296 888 παρακαλοῦντες
1332 849 1377 878 ’ἕνα
1420 849 1468 878 κᾶν
1508 851 1556 878 τοῦ
1593 847 1741 889 κρασπέδου
1780 847 1918 885 ἅψωνται.

219 895 391 935 vestimenti
410 901 531 934 tangere
549 895 645 925 liceat.
665 896 739 926 Nam
760 894 935 926 miraculum
963 893 1040 934 quod

1149 894 1199 933 γὰρ
1240 895 1299 934 περὶ
1333 894 1381 928 τὴν
1416 893 1555 934 αἱμόῤῥουν
1592 896 1690 932 θαῦμα,
1732 893 1842 921 πάντων
1871 892 1919 922 τὰς

219 940 251 970 in
266 941 390 971 muliere
399 944 537 980 operatus
545 940 649 980 fuerat,
662 949 727 980 quas
736 939 889 979 sanguinis
901 938 1041 978 proﬂuvio

219 984 382 1022 laborabat,
399 984 435 1015 ad
451 984 586 1016 omnium
602 994 690 1016 aures
709 991 883 1025 pervenerat
894 983 1044 1023 ﬁdemque

220 1034 354 1061 auxerat.

533 1074 656 1106 CAPUT
673 1074 735 1106 VII.

222 1119 268 1150 De
291 1119 457 1160 discipulis
483 1118 577 1150 illatis
588 1120 731 1151 manibus
755 1118 986 1150 comedontibus.
1006 1117 1046 1148 De

261 1165 499 1204 transgressione
527 1165 745 1196 mandatorum
772 1164 839 1195 Dei.
874 1163 919 1194 De
950 1162 1046 1203 Syro-

261 1210 428 1248 phoenissa.
449 1210 490 1239 De
505 1209 645 1241 Sabbato.

264 1254 354 1285 VERS.
368 1254 430 1285 1-5.
446 1266 459 1281 α
476 1253 513 1284 Et
526 1253 707 1284 conveniunt
717 1253 753 1284 ad
763 1262 832 1284 eum
845 1253 994 1287 Pharisaei,
1020 1256 1048 1282 et

222 1297 342 1339 quidam
354 1298 390 1328 de
401 1297 515 1329 Scribis
526 1298 577 1338 qui
586 1302 730 1328 venerant
745 1307 761 1328 a
774 1296 988 1338 Hierosolymis
1001 1306 1007 1328 :
1020 1301 1048 1326 et

223 1352 290 1373 cum
302 1342 445 1373 vidissent
453 1342 596 1382 quosdam
607 1352 641 1373 ex
648 1342 803 1382 discipulis
814 1342 1042 1382 ejuscommuni-

223 1386 280 1417 bus
287 1386 470 1423 manibus,id
480 1391 525 1418 est
535 1387 733 1423 illotis,edere
746 1396 847 1427 panes,
861 1386 1046 1417 incusabant.

223 1430 296 1462 Nam
308 1431 450 1462 Pharisaei
461 1435 491 1461 et
505 1431 724 1468 omnesJudzei,
739 1431 795 1462 nisi
819 1431 987 1462 cubilaliter
1003 1431 1047 1462 la-

224 1476 322 1506 varint
333 1485 450 1516 manus,
473 1486 533 1506 non
547 1476 667 1516 capiunt
681 1476 794 1513 cibum,
814 1480 949 1507 tenentes
962 1475 1047 1506 insti-

1086 938 1166 970 ἀκοὰς
1184 939 1330 979 ίξκατὲσχε,
1362 940 1405 968 καὶ
1441 939 1549 968 πλείονα
1578 939 1666 968 πίστιν
1702 939 1795 969 αὺτοῖς
1821 937 1918 969 ἰνέθ-η-

1085 993 1143 1014 κεν,

1403 1079 1530 1106 ΚΕΦΛΔ.
1553 1076 1593 1106 Ζ’.

1088 1122 1149 1161 Περὶ
1175 1125 1228 1150 τῶν
1255 1124 1381 1164 μαθητῶν
1405 1123 1529 1164 ἀνιπτοῖς
1551 1123 1644 1164 χερσὶν
1670 1122 1834 1164 δσθιόντωνη
1855 1124 1909 1164 Ile?

1127 1164 1181 1194 τῶς
1196 1161 1371 1203 παραϐάσεως
1397 1166 1443 1197 τῆς
1464 1161 1642 1197 ἰντολῆςτοῦ
1671 1166 1748 1194 Θεοῦ,
1774 1163 1838 1202 Περὶ
1866 1162 1918 1194 τῆς

1129 1204 1373 1243 Συροφοινικίσσης,
1391 1204 1452 1242 Περὶ
1467 1207 1512 1232 τοῦ
1527 1202 1677 1236 Σαϐὅάτου,

1132 1262 1146 1277 α
1166 1250 1214 1279 Καὶ
1242 1250 1399 1289 συνάγονται
1433 1251 1498 1290 πρὸς
1534 1251 1612 1279 αὐτὸν
1635 1251 1658 1278 οἱ
1690 1253 1848 1290 Φαρισαῖοι,
1871 1250 1917 1277 καί

1089 1305 1158 1326 τινες
1188 1297 1240 1323 τῶν
1269 1295 1450 1335 Γραμματέων
1480 1295 1598 1327 ὲλθόντες
1626 1295 1681 1324 ἀπὸ
1709 1290 1917 1334 Ἰεροσολύμων,

1089 1340 1133 1368 καὶ
1154 1338 1252 1372 ἱδοντες
1280 1341 1353 1373 τινὰς
1378 1343 1431 1370 τῶν
1457 1341 1584 1378 μαθητῶν
1599 1341 1678 1369 αὑτοῦ
1691 1346 1796 1370 κοιναῖς
1824 1340 1918 1379 χερσὶ,

1088 1384 1223 1413 τουτέστιν
1264 1384 1395 1423 ἀνίπτοις,
1438 1385 1570 1418 ἐσθίοντας
1610 1383 1715 1425 ἄρτους,
1744 1384 1917 1422 ἐμέμψαντο,

1090 1430 1120 1457 O't
1149 1429 1199 1468 γὰρ
1233 1430 1376 1468 Φαρισαῖοι
1411 1431 1454 1459 καὶ
1490 1431 1586 1463 πάντες
1613 1432 1636 1459 οἱ
1664 1428 1801 1466 Ἰουδαῖοι,
1815 1429 1861 1457 ὖὰι
1879 1429 1919 1466 μή

1091 1477 1185 1513 πυγμῇ
1213 1475 1340 1513 νίψωνται
1368 1475 1415 1507 τὰς
1437 1482 1546 1516 χεῖρας,
1564 1476 1612 1504 οὒκ
1635 1475 1759 1511 ἐσθίουσι,
1784 1477 1917 1513 κρατοῦν-

224 1524 285 1551 tuta
297 1522 454 1561 majorum:
473 1525 502 1551 et
518 1530 535 1551 a
550 1521 612 1551 foro
624 1520 850 1558 venientes,nisi
866 1521 916 1551 loti
930 1521 1045 1560 fuerint1

1127 1530 1135 1551 :
1162 1519 1212 1553 τὴν
1235 1519 1378 1559 παράδοσιν
1402 1523 1454 1549 τῶν
1481 1518 1663 1560 πρεσϐυτέρων
1679 1527 1687 1534 ⁸
1717 1519 1761 1547 καὶ
1776 1518 1831 1546 ἀπὸ
1847 1518 1917 1558 ἆγο-

224 1575 284 1596 non
301 1565 462 1596 comedunt
476 1575 484 1604 ;
501 1569 530 1596 et
545 1565 602 1596 alia
619 1565 711 1596 multa
723 1570 793 1596 sunt
807 1575 873 1606 quae
904 1575 1044 1606 suscepe-

1127 1575 1148 1601 ς,
1177 1563 1221 1592 ἐὰν
1251 1564 1287 1602 μεῖνε
1314 1564 1505 1603 βαπτίσωνται,
1535 1564 1583 1594 οὒκ
1617 1564 1729 1593 ἐσθίουσι
1748 1573 1755 1580 ·
1780 1563 1826 1591 καὶ
1848 1561 1918 1591 ἄλλα

223 1614 292 1640 runt
314 1610 467 1648 servanda,
485 1619 595 1650 nempe
613 1610 740 1641 lotiones
755 1611 926 1650 poculorum
951 1614 980 1640 et
993 1619 1044 1640 ur-

223 1663 355 1690 ceorum,
372 1659 401 1685 et
425 1660 664 1691 aeramentorum,
696 1659 725 1685 et
753 1656 907 1685 lectorum.
933 1654 1047 1685 Deinde

222 1699 404 1739 interrogant
417 1709 484 1731 eum
501 1699 642 1730 Pharisazi
654 1703 683 1730 et
699 1699 823 1731 Scribze:
841 1699 938 1735 Quare
953 1699 1045 1730 disci-

223 1744 285 1784 puli
302 1745 342 1774 tui
352 1753 410 1775 non
422 1744 666 1784 ambulantjuxta
675 1744 862 1776 traditionem
879 1744 1043 1781 seniorum,

221 1788 273 1819 sed
289 1788 379 1819 illotis
395 1790 533 1820 manibus
547 1789 640 1820 edunt
657 1798 762 1829 panem
776 1792 790 1820 ?
808 1802 820 1816 ι
834 1788 1044 1828 DiscipuliDo—

222 1833 294 1864 mini
311 1833 390 1864 docti
405 1834 497 1865 solam
519 1836 657 1865 virtutem
669 1834 846 1874 amplexari,
865 1838 892 1863 et
921 1833 951 1863 in
980 1833 1045 1863 aliis

221 1887 280 1909 non
298 1887 364 1909 esse
375 1879 678 1919 superstitiosiillotis
689 1878 824 1909 manibus
836 1877 1043 1914 comedebant,

221 1923 398 1963 simpliciter
421 1928 448 1954 et
473 1924 584 1964 absque
609 1924 788 1954 curiositate.
808 1921 949 1954 Pharistni
976 1931 1045 1962 ergo

220 1972 389 2008 quaerentes
424 1969 549 1999 convicii
571 1969 772 2008 occasionem,
791 1967 863 1998 illud
880 1968 1043 2007 reprehen—

220 2013 304 2043 dunt:
322 2022 419 2053 neque
431 2013 660 2053 reprehendunt
672 2013 739 2043 illos
754 2011 1045 2052 uttransgredientes

221 2057 328 2097 legem,
345 2058 398 2088 sed
414 2058 588 2088 traditiones
619 2058 784 2089 seniorum.
811 2056 874 2087 Non
905 2056 984 2087 enim
1012 2056 1043 2086 in

220 2101 285 2141 lege
308 2102 452 2142 scriptum
473 2106 538 2132 erat
554 2113 560 2118 -
579 2102 735 2132 lavandum
747 2101 986 2138 cubilaliter,boc
1001 2106 1045 2132 est

220 2155 315 2186 usque
331 2146 367 2177 ad
384 2146 514 2177 cubitum
534 2147 663 2186 (cubitus
679 2147 757 2177 enim
786 2146 894 2177 dicitur
921 2155 939 2176 a
967 2147 1044 2176 ﬂexu

1089 1608 1267 1646 πελλάξὲστιν
1296 1608 1313 1636 ἃ
1342 1608 1491 1649 παρέλαϐον
1514 1616 1635 1649 κρατεῖν,
1663 1607 1831 1647 βαπτισμοὺς
1861 1618 1917 1635 πο-

1090 1654 1186 1692 τηρίων
1200 1653 1356 1693 καὶεξεστῶν
1375 1655 1419 1682 καὶ
1443 1654 1578 1694 χαλκείων
1607 1655 1651 1683 καὶ
1675 1653 1784 1684 κλινῶν.
1808 1652 1816 1664 ’
1830 1657 1916 1681 Επει-

1088 1709 1121 1726 τα
1141 1699 1310 1738 ἒπερωτῶσιν
1338 1699 1416 1727 αὐτὸν
1443 1700 1466 1728 οἱ
1486 1703 1629 1738 Φαρισαῖοι
1657 1699 1702 1727 καὶ
1729 1698 1754 1726 οἱ
1783 1699 1915 1737 Γραμμα-

1088 1749 1157 1781 τεῖς,
1188 1744 1262 1771 Διατί
1297 1744 1321 1772 οἱ
1349 1746 1465 1782 μαθηταί
1492 1754 1539 1773 σου
1576 1743 1606 1773 οὗ
1637 1745 1811 1783 περιπατοῦσι
1847 1743 1918 1770 κατὰ

1087 1788 1136 1821 τὴν
1185 1787 1328 1827 παράδοσιν
1376 1790 1430 1817 τῶν
1472 1787 1665 1829 πρεσϐυτέρων,
1705 1787 1764 1815 ἀλλ’
1793 1780 1918 1818 ἆνίπτοις

1088 1833 1178 1872 χερσὶν
1206 1833 1317 1862 ἐσθίουσι
1345 1834 1390 1862 τὸν
1414 1833 1515 1874 {ip-cev;
1548 1845 1559 1862 ι
1591 1835 1622 1862 Οἱ
1639 1837 1686 1862 τοῦ
1715 1833 1807 1871 Κυρίου
1823 1833 1918 1870 μαθη-

1087 1879 1128 1906 ταὶ
1154 1877 1321 1918 διδαχθέντες
1344 1878 1431 1916 μόνης
1459 1878 1617 1918 ἀντέχεσθαι
1652 1880 1702 1911 τῆς
1725 1877 1834 1917 ἀρετῆς,
1864 1876 1914 1904 καὶ

1088 1921 1172 1960 μηδὲν
1221 1922 1287 1951 ἄλλο
1333 1924 1628 1964 προσπεριεργάζεσθαι,
1667 1922 1786 1953 ἀνίπτοις
1821 1923 1916 1962 χερσὶν

1087 1966 1176 2000 ἤσθιον
1217 1967 1379 2008 ἀπεριέργως
1420 1969 1465 1997 καὶ
1492 1967 1595 2006 ἁπλῶς,
1639 1969 1670 1996 Οἱ
1696 1967 1741 1995 οὖν
1768 1970 1915 2006 Φαρισαῖοι

1087 2011 1206 2044 θέλοντες
1248 2013 1333 2053 εὑρεῖν
1376 2013 1537 2052 σκώμματος
1572 2012 1716 2053 πρόφασινΙ
1755 2011 1915 2050 δράσσονται

1085 2057 1178 2085 τούτου
1196 2067 1203 2074 ·
1224 2058 1268 2086 καὶ
1295 2058 1325 2086 οὗ
1350 2057 1499 2098 μέμφονται
1523 2057 1618 2090 αὐτοὺς
1639 2058 1675 2089 ὡς
1702 2054 1915 2095 παραϐαίνοντας

1086 2102 1131 2129 τὸν
1160 2102 1252 2140 νόμον,
1281 2102 1350 2131 ἀλλὰ
1381 2102 1525 2142 παράδυσιν
1557 2105 1612 2131 τῶν
1649 2099 1845 2141 πρεσϐυτέρων.
1878 2103 1915 2131 Οὔ

1087 2147 1136 2186 γὰρ
1158 2146 1184 2174 ἐν
1212 2151 1251 2184 τῷ
1272 2147 1346 2186 νόμῳ
1369 2147 1515 2188 γέγραπται
1540 2147 1673 2177 νίπτεσθαι
1695 2149 1802 2186 πυγμῇ,
1832 2156 1914 2174 τουτ-

220 2189 333 2221 brachii
350 2200 444 2231 usque
454 2192 489 2222 ad
504 2195 654 2222 extremos
670 2192 804 2231 digitos).
822 2191 874 2221 sed
896 2191 953 2221 hoc
982 2195 1044 2221 erat

1127 2202 1167 2232 τιν,
1205 2191 1269 2232 ἄχρι
1296 2193 1342 2221 τοῦ
1377 2193 1496 2232 ἀγκῶνος
1525 2191 1631 2232 (πυγμὴ
1661 2191 1711 2231 γὰρ
1746 2189 1854 2230 λέγεται
1881 2192 1911 2218 τὸ

218 2244 234 2265 a
247 2235 418 2266 senioribus
436 2236 585 2267 traditum.

259 2371 348 2402 Vens.
361 2370 444 2402 6-13.
462 2383 476 2398 ι
488 2370 525 2401 At
534 2370 584 2401 ille
594 2371 780 2409 respondens
794 2370 868 2402 dixit
880 2372 924 2403 eis
940 2382 947 2405 :
962 2373 1042 2404 Bene

215 2415 389 2446 vaticinatus
405 2420 449 2446 est
469 2414 560 2445 Isaias
591 2415 629 2446 de
655 2415 738 2446 vobis
766 2415 939 2456 hypocritis,
967 2418 1042 2448 sicut

215 2460 361 2501 scriptum
378 2465 422 2491 est
436 2471 442 2492 :
460 2460 590 2500 Populus
606 2461 654 2491 hic
670 2460 759 2491 labiis
775 2470 820 2490 me
837 2462 974 2500 honorat,
992 2471 1042 2492 cor

213 2510 311 2536 autem
330 2514 432 2536 eorum
447 2505 533 2544 longe
548 2509 592 2536 est
606 2515 622 2535 a
639 2514 696 2536 me:
711 2505 739 2535 in
755 2513 862 2537 vanum
879 2511 977 2538 autem
996 2516 1041 2538 me

212 2550 314 2580 colunt
324 2550 466 2580 docentes
474 2549 633 2586 doctrinas,
641 2559 735 2590 prmce
741 2554 787 2590 pta
796 2550 949 2582 hominum
959 2551 1038 2582 .Nam

211 2594 322 2625 omisso
335 2600 483 2635 praecepto
494 2594 560 2632 Dei,
573 2594 679 2624 tenetis
690 2595 929 2628 constitutionem
940 2597 1037 2628 homi-

211 2648 282 2669 num
299 2639 485 2670 :ablutiones
502 2648 659 2670 urceorum
673 2643 701 2670 et
719 2641 903 2680 poculorum,
921 2641 1038 2682 aliaque

209 2683 320 2714 similia
344 2684 390 2714 his
406 2684 503 2715 facitis
520 2683 622 2714 multa.
641 2684 677 2715 Et
706 2684 825 2716 dicebat
850 2686 927 2717 illis:
953 2686 1035 2717 Bene

208 2727 333 2768 rejicitis
350 2732 532 2769 praeceptum
548 2729 601 2760 Dei
614 2732 643 2759 ut
655 2730 896 2761 constitutionem
908 2735 1033 2762 vestram

1085 2235 1138 2264 ἆπό
1165 2240 1211 2265 τοῦ
1234 2237 1352 2277 ἀγκῶνος
1380 2236 1444 2278 ἄχρι
1477 2237 1521 2266 καὶ
1548 2239 1602 2265 τῶν
1630 2235 1718 2276 ἄκρων
1747 2234 1908 2276 δακτύλων),

1085 2280 1145 2309 ἀλλ’
1173 2282 1226 2310 ἀπὸ
1255 2285 1308 2311 τῶν
1332 2281 1513 2323 πρεσϐυτέριον
1542 2282 1625 2323 εἶχον
1659 2283 1737 2310 τοῦτο
1766 2279 1910 2321 παραδεδο-

1085 2337 1175 2363 μενον.

1128 2382 1140 2398 ε
1167 2366 1195 2400 ’0
1224 2370 1260 2412 δὲ,
1277 2371 1426 2412 ἀποκριθεὶς
1441 2372 1520 2401 εἶπεν
1534 2373 1637 2410 «huic,
1662 2371 1716 2409 δτι,
1735 2370 1831 2403 Καλῶς
1845 2382 1909 2411 προ-

1083 2417 1224 2454 εφήτεοσεν
1254 2411 1367 2449 Ἠσαίας
1393 2417 1451 2457 περῖ
1477 2417 1550 2456 ὑμῶν
1583 2420 1636 2446 τῶν
1665 2417 1827 2456 ὑποψιῶν,
1872 2418 1909 2448 ὡς

1084 2459 1230 2499 γέγραπται
1249 2472 1255 2478 ·
1280 2462 1361 2493 οὗτος
1383 2463 1397 2489 ὁ
1427 2461 1491 2494 λαὸς
1507 2468 1565 2494 τοῖς
1581 2460 1685 2503 χείλεσί
1699 2472 1733 2500 μ’
1746 2463 1826 2500 τψᾷν
1849 2461 1868 2496 ἠ
1882 2460 1908 2489 ἃ

1084 2504 1174 2544 καρδία
1201 2507 1287 2535 αὐτῶν
1322 2506 1411 2546 πόῤῥω
1438 2507 1536 2548 ἀπέχει
1573 2505 1620 2536 ἀπ’
1658 2506 1736 2548 ἐμοῦ,
1761 2507 1854 2545 μάτην
1881 2505 1907 2534 δὶ

1082 2549 1202 2579 σέϐονταί
1240 2562 1285 2589 με,
1326 2551 1492 2584 διδάσκοντες
1534 2551 1714 2590 διδασκαλίαις,
1754 2551 1907 2591 ἐντάλματα

1082 2596 1234 2635 αιθρώπων,
1278 2596 1402 2638 ’Λφέντες
1443 2598 1493 2637 γὰρ
1531 2597 1581 2631 τὴν
1609 2596 1720 2631 ἐντολὴν
1752 2599 1803 2625 τοῦ
1830 2600 1905 2636 Θεοῦ,

1080 2648 1201 2680 κρατεῖτε
1228 2642 1277 2676 τὴν
1309 2641 1453 2681 παράδοσιν
1481 2645 1536 2670 τῶν
1561 2642 1717 2682 ἀνθρώπων,
1739 2642 1906 2681 βαπτισμοὺς

1079 2686 1175 2718 Ξεστῶν
1203 2687 1246 2716 καὶ
1275 2687 1420 2726 ποτηρίων,
1451 2687 1495 2715 καὶ
1537 2686 1606 2715 ἄλλα
1634 2686 1770 2724 παρόμοια
1797 2691 1905 2716 τοιαῦτα

1078 2730 1164 2760 πολλᾶ
1191 2738 1306 2764 ποιεῖτε,
1338 2733 1387 2762 Καὶ
1415 2732 1505 2772 ἔλεγεν
1534 2732 1626 2764 αὖτοτς
1644 2742 1653 2751 ·
1671 2731 1767 2764 Καλῶς
1786 2731 1904 2760 ἀθετεῖτε

208 2773 441 2804 servetis.Moses
456 2773 537 2804 enim
551 2773 636 2804 dixit:
650 2772 768 2805 Honora
780 2779 891 2815 patrem
907 2779 987 2806 tuum
1004 2781 1033 2806 et

1150 2776 1259 2811 ἰντολὴν
1280 2778 1326 2806 τοῖι
1347 2781 1423 2816 Θεοῦ,
1452 2778 1498 2806 ’ἰνα
1520 2777 1570 2810 τὴν
1591 2776 1737 2816 παράδοσιν
1761 2777 1838 2814 ὑμῶν
1851 2787 1902 2810 mo
