1948 3081
182 170 238 204 591

661 172 954 206 THEOPHYLACTI
975 174 1181 206 BULGARUE
1203 176 1382 208 ARCHIEP.

1808 175 1863 208 392

181 240 303 270 nomine
319 239 496 276 meo,statim
508 239 617 279 poterit
628 239 666 270 de
682 250 729 272 me
746 241 822 272 male
837 240 985 282 loqui.Na|

1070 241 1110 281 ἂρ,
1142 242 1234 282 φησὶν,
1271 241 1354 274 obde-.2:
1381 243 1431 283 γὰρ
1446 242 1583 277 δυνὴσεται
1598 244 1668 283 ταχὺ
1687 242 1865 283 κακολογῆσαί

181 294 239 325 quo
269 288 353 324 pacto
380 283 456 314 male
485 283 658 324 loqueretur
681 285 718 316 de
748 295 807 326 me,
823 286 873 327 qui
895 296 1002 317 nomen

181 338 279 360 meum
293 329 323 359 in
339 328 526 359 occasionem
540 329 641 368 gloriae
658 331 801 371 praetexit,
815 336 844 362 et
859 331 1002 362 invocan-

179 375 218 405 do
233 373 305 404 illud
322 377 460 413 operatur
473 373 570 404 mira?
584 373 708 405 Videtur
730 380 828 406 autem
857 375 1002 406 Dominus

178 418 234 450 sibi
246 418 585 449 c0ntradicere.Dixerat
600 419 679 450 enim
691 420 761 450 alibi
777 430 784 452 :
804 420 872 457 ιριιὶ
885 430 943 451 non
957 425 1001 451 est

177 472 295 495 mecum
307 467 409 494 contra
424 472 472 494 me
483 467 548 495 est:
567 473 663 496 inunc
678 464 759 496 dicit:
781 465 851 501 uQui
863 475 921 496 non
932 475 999 496 con-

176 512 221 539 tra
230 517 354 548 nos,pro
365 507 450 538 nobis
462 507 818 549 est.»Videnturquidem
831 510 894 542 hac
904 510 999 541 diver-

174 563 217 594 sa,
233 563 291 584 non
308 557 376 584 sunt
392 556 502 585 autem.
519 552 591 583 Nam
605 563 672 584 cum
687 554 770 592 dicit,
786 568 797 582 ι(
817 554 872 590 Qui
885 565 943 586 non
953 559 998 586 est

175 608 306 640 mecum,
323 602 425 629 contra
441 607 488 629 me
503 603 548 629 est
563 599 605 634 87,
622 600 660 630 de
675 599 860 630 daemonibus
876 604 920 630 est
931 600 996 631 dic-

174 648 249 682 tum,
267 643 315 684 qui
330 643 450 674 student
465 653 480 674 a
496 643 604 674 divinis
623 643 807 681 abstrahere,
821 649 850 675 et
864 654 929 685 qua
944 644 997 675 Dei

173 693 252 726 sunt,
269 689 455 728 dispergere.
468 688 550 724 Quod
561 693 659 719 autem
672 698 761 724 nunc.
776 689 886 720 dictum
899 690 937 720 de
947 690 998 720 ho-

172 734 314 771 minibus,
331 733 382 774 qui
394 733 430 764 ad
442 732 535 764 Deum
551 733 693 774 quosdam
709 735 859 765 adducunt
873 743 926 775 per
936 734 995 765 mi-

171 778 339 809 raculorum
356 777 572 818 operationem.

211 825 301 855 Vens.
318 823 368 860 40,
385 823 435 853 41.
451 822 609 863 «Quisquis
625 823 703 853 enim
714 823 750 854 ad
767 823 927 855 bibendum
938 824 992 854 de-

1044 296 1090 326 με,
1126 285 1155 318 ὅς
1170 287 1277 321 ποιησει
1292 286 1402 325 δύναμιν
1424 287 1467 316 ἐπὶ
1480 290 1519 325 τῷ
1533 288 1643 326 ὀνόματί
1655 299 1719 326 μου,
1748 291 1806 320 Πῶς
1820 289 1865 328 γὰρ

1043 329 1074 358 ἄν
1106 331 1301 371 κακολογὴσειὲ
1343 343 1378 370 με
1403 334 1417 361 ὁ
1430 334 1462 361 τὸ
1483 332 1568 371 ὄνομά
1583 344 1634 371 μου
1650 333 1773 373 ἂφορμήν
1792 332 1865 367 δόξης

1043 374 1128 416 ἔχων,
1159 377 1202 404 καὶ
1231 375 1273 404 διὰ
1302 382 1348 407 τοῦ
1390 377 1575 406 ἒπικαλεῖσθαι
1618 381 1695 407 τοῦτο
1751 380 1865 415 θαυματ-

1042 424 1143 460 ουργῶν
1173 421 1257 462 (70);
1290 426 1371 451 Δοκεῖ
1398 421 1426 451 δὲ
1455 422 1559 451 ἐναντία
1597 422 1683 462 λέγειν
1728 423 1743 451 ὁ
1777 423 1863 462 Κύριος

1041 465 1137 503 ἑαυτῷ.
1172 464 1310 507 Ἀλλαχοῦ
1338 467 1388 507 γὰρ
1403 468 1495 505 εἰπὼν,
1516 480 1528 495 ι
1548 463 1577 497 ’0
1593 469 1632 506 μὴ
1647 467 1684 496 ὥν
1714 467 1774 505 μετ’
1790 468 1861 505 ἐμοῦ,

1039 510 1099 538 κατ’
1111 510 1177 549 ἆμοῦ
1190 511 1257 548 ἐστι,
1274 523 1288 539 ι
1307 515 1350 540 νῦν
1366 511 1450 552 λέγει,
1468 523 1482 540 ι
1497 511 1552 545 "0c
1563 513 1610 541 οὒκ
1622 512 1675 540 ἔστι
1701 512 1761 540 καθ’
1776 514 1861 553 ἡμῶν,

1038 555 1103 595 ὑπὲρ
1144 557 1222 593 ἡμῶν
1251 555 1317 588 ἔστι.
1347 566 1362 586 )
1377 560 1504 586 Δοκοῦσιν
1531 558 1575 586 οὖν
1590 558 1671 586 ταῦτα
1686 557 1802 585 ἐναντία⁶
1819 558 1861 585 οὐκ

1040 600 1087 628 εἰσὶ
1109 600 1146 631 δὲ.
1171 601 1206 630 Τὸ
1224 601 1272 639 μὲν
1286 602 1347 640 γὰρ.
1369 613 1383 630 ε
1399 600 1430 631 ’0
1443 602 1482 640 μὴ
1497 602 1534 631 ὤν
1549 601 1609 640 μα’
1624 601 1701 641 ὶμοῦ,
1725 600 1786 630 κατ’
1802 601 1862 639 ἐμοῦ

1039 646 1110 684 ἐστι,
1138 658 1149 675 ι
1181 648 1240 686 περὶ
1275 646 1407 686 δαιμόνων
1420 647 1539 688 εἴρηται,
1562 652 1614 677 τῶν
1630 648 1684 676 ἀπὸ
1700 649 1769 677 Θεοῦ
1782 647 1861 687 ἀφέλ-

1038 701 1094 719 κειν
1123 691 1322 727 σπουδαζόντων
1349 694 1393 721 καὶ
1420 693 1614 733 σκορπιζάντων
1641 693 1676 727 τοὶ
1705 696 1754 721 τοῦ
1788 696 1861 724 Θεοῦ.

1039 736 1075 763 Τὸ
1104 734 1131 763 δὲ
1159 740 1202 765 νῦν
1230 736 1308 775 ῥηθὲν
1335 738 1394 777 πιρὶ
1421 737 1575 778 ἀνθρώπων,
1591 739 1644 766 τῶν
1660 737 1766 775 μᾶλλον
1780 749 1861 777 προσ-

1036 779 1154 820 αγόντων
1183 781 1256 813 τινὰς
1291 784 1330 818 τῷ
1344 784 1403 818 Θεῷ
1431 781 1472 810 διὰ
1500 786 1546 810 τοῦ
1572 782 1692 820 θαύματα
1716 781 1858 813 ἐπιτελεῖν.

1077 835 1090 852 ε
1115 819 1170 856 ”ος
1196 825 1246 864 γὰρ
1281 825 1312 853 ἄν
1340 826 1434 865 ποτίσῃ
1460 827 1529 864 ὑμᾶς
1556 819 1683 866 ποτήριον
1715 825 1810 859 ὕδατος
1833 827 1858 855 ἄν

169 870 248 901 derit
260 869 345 900 vobis
361 869 487 900 calicem
498 877 582 909 aqua;
596 869 626 900 in
641 869 761 900 nomine
778 870 937 911 meo,quod
947 871 985 901 si-

1098 869 1289 915 dvdpatipou,
1313 870 1353 899 ὅτι
1370 875 1482 910 Χριστοῦ
1496 871 1568 912 ἐστε,
1592 871 1663 910 ἀμὴν
1685 870 1761 910 λέγω
1785 872 1857 911 ὑμῖν,

170 915 206 945 tis
215 914 335 946 Christi:
346 923 432 945 amen
442 913 508 944 dico
524 914 809 955 vobis,nequaquam
822 915 991 955 perditurus

170 963 214 990 est
229 959 397 990 mercedem
413 967 507 989 suam.
522 958 560 989 Et
576 958 710 999 quisquis
725 959 884 990 offenderit
898 969 990 990 unum

169 1014 204 1036 ex
220 1004 335 1044 pusillis
346 1003 396 1044 qui
407 1003 562 1034 conﬁdunt
578 1004 610 1034 in
623 1013 682 1040 me,
696 1004 803 1034 melius
818 1004 894 1035 foret
910 1004 952 1035 illi
967 1004 991 1035 si

168 1049 406 1080 circumdaretur
422 1057 524 1079 saxum
537 1048 649 1079 molare
664 1048 743 1079 circa
754 1049 899 1080 cervicem
913 1050 990 1090 ejus,

167 1098 196 1125 et
210 1093 390 1134 abjiceretur
413 1093 443 1123 in
459 1102 551 1124 mare.
567 1105 580 1120 υ
599 1094 663 1124 Νοη
694 1093 802 1131 solum,
825 1094 931 1133 inquit,
949 1094 991 1125 fa—

165 1139 279 1170 cientes
293 1138 430 1169 virtutem
445 1137 475 1168 in
488 1138 608 1168 nomine
622 1147 764 1177 meo,non
778 1138 989 1178 prohibemsed

164 1185 186 1214 si
201 1183 267 1224 quis
292 1183 446 1214 minimum
476 1182 615 1222 quiddam
639 1182 756 1213 dederit
771 1182 853 1213 vobis
869 1187 990 1223 propter

163 1237 273 1259 nomen
290 1237 402 1264 meum,
421 1231 450 1258 et
465 1227 692 1267 susceperitvos
713 1231 833 1267 propter
850 1237 908 1264 me,
928 1237 986 1258 non

162 1277 283 1314 propter
295 1273 454 1303 humanam
475 1272 611 1310 gratiam,
623 1271 666 1302 vel
684 1272 874 1312 mundanam,
886 1273 985 1303 nenti-

162 1327 250 1358 quam
265 1317 367 1357 perdet
376 1316 545 1347 mercedem
556 1316 734 1347 suam.Dixit
748 1320 846 1347 autem
858 1317 982 1348 calicem

162 1372 257 1404 aquae,
283 1367 406 1403 propter
430 1370 480 1393 eos
505 1361 556 1401 qui
582 1365 783 1401 paupertatem
810 1366 982 1402 pratexunt.

160 1407 254 1438 Etiam
271 1407 297 1438 si
312 1407 447 1442 calicem,
460 1406 568 1446 inquit,
580 1415 663 1445 aqua;
674 1405 793 1437 dederis
809 1406 984 1447 contempti-

162 1452 264 1489 bilem,
279 1460 375 1491 neque
390 1451 474 1482 illum
492 1450 868 1490 perdes.Quemadmodum
885 1455 982 1482 autem

159 1497 183 1527 si
201 1506 293 1527 unum
311 1505 346 1526 ex
363 1496 458 1536 parvis
489 1495 691 1532 honoraveris,
707 1499 808 1535 gratus
834 1495 893 1526 eris
909 1497 981 1536 Deo,

159 1541 201 1573 sic
216 1541 242 1572 si
258 1550 348 1571 unum
365 1549 398 1571 ex
416 1539 785 1579 parvis,scandalizaveris,
802 1541 858 1571 hoc
874 1540 979 1578 est,de-

1070 1549 1087 1576 ἰ,
1116 1538 1305 1579 δποσκελίσῃς,
1331 1539 1455 1581 συμφέρει
1484 1551 1539 1578 σοι,

159 1583 637 1626 spexeris,oﬂ‘enderis,expediret
653 1583 706 1615 tibi
720 1585 744 1615 si
762 1586 838 1615 mola
853 1585 984 1616 asinaria

158 1631 195 1662 de
208 1631 283 1662 collo
295 1635 344 1660 tuo
354 1629 765 1670 suspenderetur,graviorem
774 1630 851 1660 enim
865 1638 982 1670 plenam

158 1675 383 1706 sustinebimus.
401 1674 550 1706 Sensibile
574 1678 674 1705 autem
701 1674 880 1714 supplicium
898 1674 981 1713 dixit,

157 1725 273 1752 terrens
289 1729 343 1750 nos
358 1729 412 1760 per
426 1719 483 1750 hoc
498 1719 639 1750 sensibile
655 1719 816 1758 exemplar.

195 1766 287 1796 Vens.
306 1763 410 1796 42-49.
429 1763 480 1794 «Et
495 1763 519 1794 si
537 1764 589 1794 tibi
604 1763 694 1794 fuerit
705 1763 857 1794 obstaculo
874 1773 978 1795 manus

1033 914 1064 942 οὗ
1095 914 1133 952 μὴ
1163 914 1282 954 ἀπολέσῃ
1312 917 1358 944 τὸν
1387 916 1480 954 μισθὸν
1501 918 1590 948 αὐτοῦ.
1609 917 1657 945 Καὶ
1672 916 1702 948 ὅς
1717 916 1764 944 ἐὰν
1778 927 1856 944 σκαν-

1033 957 1126 997 δαλίσῃ
1162 958 1208 987 ἕνα
1230 963 1281 988 τῶν
1304 961 1406 999 μικρῶν
1445 962 1499 989 τῶν
1528 961 1709 989 πιστιυόντων
1738 961 1776 993 εἰς
1800 961 1856 998 ἐμὲ,

1032 1002 1114 1031 καλόν
1136 1003 1207 1032 ὲοτιν
1235 1005 1306 1041 αὖτῷ
1332 1004 1445 1042 μᾶλλον,
1475 1006 1498 1033 εἰ
1525 1006 1670 1045 περίκειται
1700 1004 1773 1037 λίθος
1789 1005 1859 1042 μυλι-

1033 1048 1079 1079 κὸς
1111 1048 1170 1087 περὶ
1203 1049 1248 1076 τὸν
1278 1048 1414 1089 τράχηλον
1443 1051 1533 1086 αὐτοῦ,
1554 1050 1596 1079 καὶ
1612 1048 1746 1088 βέϐληται
1762 1050 1798 1081 εἰς
1812 1051 1857 1083 τὴν

1033 1092 1176 1123 θάλασσαν.
1222 1104 1237 1121 ι
1267 1094 1303 1122 Οῦ
1326 1095 1407 1132 μόνον
1431 1095 1507 1134 φησὶ,
1527 1095 1572 1122 τὸν
1591 1094 1717 1132 δυνάμεις
1734 1100 1856 1123 ποιοῦντα

1033 1136 1060 1165 ὲν
1088 1141 1127 1175 τῷ
1154 1137 1264 1175 ὀνόματί
1299 1149 1350 1176 μου
1379 1140 1408 1167 οὗ
1440 1138 1547 1175 κωλύω,
1564 1139 1632 1168 ἀλλὰ
1646 1138 1697 1167 κᾶν
1710 1150 1753 1171 τις
1768 1139 1859 1179 ὶλάχμ

1031 1183 1093 1210 στόν
1107 1193 1132 1210 τι
1148 1181 1225 1210 δώσιι
1240 1184 1304 1221 ὒμτν
1325 1182 1367 1211 διὰ
1382 1184 1413 1212 τὸ
1428 1183 1492 1222 ἐμόν
1513 1183 1609 1222 ὄνομα,
1632 1184 1677 1212 καὶ
1699 1183 1855 1217 ἀποδέξηται

1029 1227 1097 1264 ὑμᾶς
1124 1226 1157 1254 δι’
1187 1227 1247 1265 ὶμὶ,
1278 1227 1308 1256 οὗ
1341 1227 1375 1256 δι’
1391 1227 1556 1267 ἀνθρωπίνην
1572 1229 1653 1268 χάριν
1669 1228 1689 1262 ἦ
1704 1229 1851 1267 κοσμικὴν,

1027 1271 1056 1299 οὗ
1079 1271 1119 1309 μὴ
1154 1271 1332 1311 ἀπολέσῃὶτὺν
1360 1273 1453 1310 μισθὸν
1475 1273 1565 1304 αὑτοῦ.
1581 1273 1651 1302 Eine
1666 1272 1695 1301 δὲ
1719 1274 1752 1301 τὸ
1767 1274 1851 1306 παι-ἠ-

1026 1327 1082 1355 ριον
1108 1320 1153 1345 τοῦ
1188 1315 1293 1354 ὕδατος,
1322 1315 1364 1344 διὰ
1389 1317 1449 1349 τοὺς
1475 1317 1720 1358 προφασζομένους
1743 1318 1793 1352 τὴν
1807 1328 1850 1346 πε-

1026 1361 1090 1391 νίαν.
1123 1359 1176 1390 Κᾶν
1193 1361 1252 1401 γὰρ,
1270 1362 1346 1400 φησὶ,
1362 1363 1489 1402 ποτήριον
1502 1361 1595 1394 ὕδατος
1605 1361 1711 1399 δώσεις,
1729 1363 1760 1390 τὸ
1776 1363 1849 1390 εὖτε-

1025 1404 1163 1446 λέσταιτον,
1200 1405 1258 1434 οὐδὲ
1294 1409 1371 1435 τοῦτο
1406 1406 1558 1439 ἀπολέσεις.
1577 1401 1686 1446 ⁷¹ιέσπερ
1702 1406 1731 1434 δὲ
1747 1406 1792 1436 ἑὰν
1806 1407 1848 1434 ἕνα

1025 1451 1078 1478 τῶν
1107 1452 1209 1490 μικρῶν
1240 1451 1369 1489 τιμὴσῃς,
1415 1452 1566 1491 suapte-ask
1596 1455 1636 1489 τῷ
1668 1455 1742 1490 θεῷ,
1770 1451 1851 1482 οὕτως

1024 1493 1070 1522 ἐὰν
1099 1493 1144 1523 ἕνα
1185 1498 1238 1523 τῶν
1268 1498 1369 1534 μικρῶν
1391 1495 1576 1536 σκανδαλίσῃς,
1601 1495 1739 1525 τουτέστιν
1754 1495 1851 1534 ἀτιμά-

1587 1541 1609 1569 sl
1638 1540 1723 1579 μύλος
1766 1541 1851 1572 ὀνικὸς

1024 1583 1174 1622 ἐκρεμάσθη
1190 1595 1238 1612 σου
1251 1584 1279 1612 ἐν
1294 1587 1332 1622 τῷ
1353 1584 1495 1625 τραχήλῳ·
1512 1585 1620 1626 χείρονα
1635 1586 1700 1625 γὰρ,
1717 1587 1754 1619 ὣς
1770 1585 1849 1622 ἔοικε,

1023 1628 1153 1668 τιμωρίαν
1176 1630 1392 1667 ὑποστησόμεθα.
1420 1631 1554 1664 Αἱσθητὴν
1589 1629 1621 1659 δά
1643 1630 1776 1670 τιμωρίαν
1803 1630 1847 1658 ιζ-

1023 1683 1084 1710 πιν,
1115 1672 1234 1713 ἐκφοϐῶν
1265 1674 1337 1712 ἡμᾶς
1361 1673 1404 1702 διὰ
1426 1674 1520 1703 τούτου
1544 1678 1592 1703 τοῦ
1620 1675 1749 1708 αἰσθητοῦ
1775 1675 1842 1703 ὑπο-

1023 1715 1164 1756 δείγματος
1169 1741 1177 1748 ,

1064 1772 1076 1789 ε
1108 1763 1157 1791 Καὶ
1183 1762 1229 1790 ἰὰν
1257 1761 1416 1801 σκανδαλὶζῃ
1444 1773 1473 1791 σε
1500 1764 1518 1798 ἡ
1533 1764 1595 1804 χιίρ
1619 1774 1676 1801 σου,
1707 1763 1846 1802 ἀπόκοψον

156 1814 216 1848 tua,
231 1814 351 1850 amputa
365 1809 456 1841 illam.
471 1811 584 1840 Bonum
601 1812 645 1839 est
659 1808 710 1839 tibi
724 1808 857 1839 mutilum
874 1809 909 1839 ad
932 1809 976 1839 vi-

1070 1807 1114 1841 ὴν.
1140 1806 1227 1837 Καλόν
1255 1808 1298 1836 σοί
1323 1807 1379 1836 ἐστι
1394 1806 1490 1836 κυλλὸν
1502 1809 1540 1840 εἷς
1555 1809 1604 1842 τὴν
1618 1809 1691 1844 ζωὴν
1706 1808 1845 1848 εἰσελθεῖν,

155 1859 212 1886 tam
227 1854 354 1894 ingredi,
371 1854 468 1894 potius
492 1862 580 1894 quam
596 1853 669 1883 duas
684 1861 789 1883 manus
816 1853 976 1884 habentem

1070 1851 1116 1883 τὰς
1146 1851 1191 1880 δύο
1215 1858 1311 1892 χεῖρας
1326 1852 1438 1892 ἔχοντα,
1452 1851 1578 1881 ἀπελθεῖν
1599 1854 1637 1886 οἷς
1651 1853 1703 1886 τὴν
1725 1853 1843 1892 γέενναν,

154 1900 237 1931 abire
259 1901 289 1930 in
315 1899 493 1939 gehennam,
511 1898 541 1928 in
566 1898 664 1937 ignem
688 1897 974 1937 inexstinguibilem,

1082 1897 1114 1924 τὸ
1143 1899 1193 1936 πῦρ
1218 1897 1250 1924 τὸ
1279 1895 1418 1937 ἄσϐεστον,
1461 1897 1528 1926 ὃπου
1541 1897 1556 1925 ὃ
1583 1896 1691 1931 σκώληξ
1714 1899 1801 1927 αὐτῶν
1815 1897 1844 1925 0-5

154 1944 322 1976 ubivermis
333 1943 453 1975 illorum
465 1951 524 1973 non
536 1942 789 1982 moritur,etignis
797 1950 855 1973 non
864 1943 977 1973 exstin-

1070 1943 1138 1979 ιυτᾷ,
1168 1941 1213 1969 καὶ
1239 1942 1270 1969 τὸ
1298 1941 1349 1981 πῦρ
1375 1941 1404 1969 οὗ
1433 1940 1580 1972 σϐέννυται.
1598 1941 1708 1971 Καὶέὰν
1737 1943 1753 1970 ὃ
1781 1946 1842 1974 ποῦς

153 1989 301 2030 guitur.Et
312 1988 337 2019 si
351 1997 402 2029 pes
421 1992 487 2018 tuus
502 1987 592 2018 fuerit
607 1986 661 2017 tibi
676 1986 840 2024 obstaculo,
857 1991 977 2026 amputa

1089 1984 1248 2025 σκανδαλίζῃ
1280 1996 1322 2026 σε,
1347 1985 1485 2024 ἀπόκοψον
1501 1987 1591 2026 αὐτὸν,
1607 1986 1690 2015 καλόν
1706 1987 1749 2015 σοί
1773 1987 1841 2015 ἐστιν

153 2029 364 2066 illumzbonum
374 2037 420 2063 est
433 2031 487 2062 tibi
497 2035 527 2061 ut
542 2031 718 2071 ingrediaris
733 2031 768 2061 ad
784 2031 874 2062 vitam
890 2032 973 2062 clau-

1070 2029 1143 2059 λθεῖν
1169 2030 1206 2061 εἰς
1234 2030 1284 2064 τὴν
1311 2030 1384 2066 ζωὴν
1407 2029 1513 2071 χωλὸν,
1542 2031 1560 2065 ἧ
1594 2031 1656 2063 τοὺς
1686 2030 1732 2060 δύο
1757 2030 1840 2063 πόδας

153 2078 320 2119 dus,potius
338 2077 404 2107 221
429 2085 516 2117 quam
538 2076 613 2106 duos
635 2075 725 2115 pedes
746 2075 858 2106 habens
874 2075 973 2107 mitta-

1070 2085 1123 2112 nat,
1154 2074 1285 2119 βληθῆναι
1320 2076 1356 2108 εἷς
1384 2076 1434 2109 τὴν
1461 2075 1580 2116 γέενναν,
1610 2077 1647 2109 εἰς
1673 2077 1706 2105 τὸ
1736 2080 1787 2117 πῦρ
1811 2077 1841 2104 τὸ

153 2124 194 2154 ris
205 2118 234 2154 in
250 2122 428 2162 gehennam,
455 2121 484 2151 in
503 2120 602 2159 ignem
626 2119 907 2160 inexstinguibilem,
923 2120 974 2151 ubi

1070 2130 1152 2156 εστον,
1183 2118 1249 2147 ὅπου
1284 2120 1298 2148 δ
1322 2119 1429 2154 σκώληξ
1457 2122 1544 2150 αὐτῶν
1572 2120 1737 2162 οὗτελευτᾷ,
1752 2122 1796 2149 καὶ
1810 2122 1840 2148 τὸ

151 2167 262 2199 vermis
276 2167 392 2197 illorum
402 2175 461 2196 non
477 2164 729 2203 moritur,etignis
740 2174 798 2194 non
810 2165 973 2204 exstingui-

1094 2165 1124 2193 οὗ
1148 2162 1295 2195 σϐέννυται,
1323 2165 1373 2193 Καὶ
1401 2163 1446 2193 ἐὰν
1480 2165 1495 2193 ὁ
1511 2164 1647 2205 ὀφθαλμός
1660 2176 1707 2193 σου
1723 2165 1838 2194 σκανδα-

1185 2207 1197 2219 ”
1216 2207 1232 2219 β
1251 2207 1261 2219 Χ
1321 2208 1327 2218 7
1357 2208 1364 2219 Ι
1383 2216 1390 2219 .
1449 2208 1459 2219 Ί
1474 2210 1480 2218 Ι
1547 2210 1553 2219 1
1570 2209 1577 2219 9
1712 2211 1719 2219 1
1741 2213 1753 2219 Α
1773 2210 1783 2219 Ἰ

151 2212 250 2243 tur.Et
258 2211 283 2242 si
294 2211 395 2242 oculos
407 2215 474 2240 tuus
490 2209 545 2240 tibi
559 2209 711 2240 obstaculo
727 2215 858 2249 est,erue
875 2210 970 2240 illum:

1070 2230 1072 2242 ,
1100 2219 1141 2246 σε,
1185 2207 1281 2237 ἔκϐαλε
1301 2208 1390 2237 αὐτόν·
1413 2208 1496 2237 καλόν
1511 2210 1553 2238 σοι
1568 2209 1623 2238 ἐστι
1651 2210 1838 2251 μονόφθιλμσν

151 2257 259 2288 bonum
272 2263 317 2287 est
331 2255 381 2286 tibi
392 2259 424 2286 ut
440 2255 537 2285 luscus
553 2254 683 2286 introeas
707 2253 738 2284 in
764 2263 888 2293 regnum
904 2255 969 2293 Dei,

1070 2252 1141 2281 λθεϊν
1170 2254 1207 2284 εἷς
1234 2253 1284 2287 τὴν
1304 2253 1440 2291 βασιλείαν
1454 2257 1500 2282 τοῦ
1521 2257 1598 2295 Θεοῦ,
1627 2255 1646 2289 ἢ
1667 2254 1712 2283 δύο
1734 2255 1834 2295 ὀφθαλ-

150 2302 247 2341 potius
259 2310 345 2342 quam
356 2304 388 2331 ut
402 2300 476 2330 duos
488 2300 588 2330 oculos
604 2298 717 2330 habens
733 2298 857 2329 mittaris
869 2298 898 2328 in
915 2308 969 2338 ge-

1070 2309 1077 2329 :
1106 2297 1219 2342 ἔχοντα,
1246 2297 1376 2336 βληθῆναι
1410 2299 1446 2331 εἷς
1459 2298 1508 2333 τὴν
1547 2299 1656 2338 γέενναν
1681 2303 1728 2328 τοῦ
1742 2301 1837 2339 πυρὸς,

148 2348 277 2378 bennam
297 2345 385 2385 ignis,
402 2345 453 2375 ubi
465 2344 574 2375 vermis
588 2353 692 2375 eorum
713 2353 771 2374 non
789 2343 922 2381 moritur,
941 2349 971 2375 et

1070 2354 1077 2370 ι
1108 2344 1122 2371 ὁ
1157 2341 1264 2376 σκώληξ
1299 2342 1385 2371 αὐτῶν
1413 2345 1444 2372 οὒ
1470 2342 1592 2382 τελευτᾷ,
1621 2344 1666 2372 καὶ
1681 2345 1711 2373 τὸ
1736 2349 1787 2384 πῦρ
1810 2345 1838 2372 οὗ

147 2392 224 2430 ignis
239 2400 298 2422 non
315 2389 521 2428 exstinguitur.
536 2391 610 2420 Nam
627 2389 723 2420 omnis
739 2389 828 2419 homo
841 2388 910 2429 igne
926 2397 971 2419 sa-

1070 2398 1159 2417 ινυται.
1190 2390 1246 2419 Πᾶς
1273 2387 1323 2427 γὰρ
1363 2387 1424 2427 πυρί
1467 2387 1650 2424 ἁλισθήσεται.
1682 2390 1732 2418 Καὶ
1765 2392 1836 2417 πᾶσα

147 2437 246 2474 lietur,
263 2440 293 2467 et
308 2435 408 2466 omnis
422 2434 541 2465 victima
556 2434 617 2464 sale
632 2433 851 2464 salietur.Bona
862 2442 910 2463 res
925 2439 971 2464 est.

1070 2443 1085 2460 ει
1113 2431 1157 2460 ἁλὶ
1185 2431 1369 2467 ἁλισθήσεται.
1398 2431 1485 2461 Καλὸν
1512 2432 1544 2460 τὸ
1571 2432 1652 2465 ἅλας,
1690 2432 1794 2462 Ἐὰνδί
1809 2434 1836 2462 τὸ

145 2482 204 2513 sal:
222 2485 361 2513 czeterum
374 2480 397 2510 si
413 2480 454 2510 sal
468 2479 598 2509 insulsus
613 2478 710 2517 fuerit,
723 2487 777 2518 per
787 2478 859 2519 quid
872 2478 968 2518 ipsum

1070 2488 1077 2509 :
1103 2476 1200 2505 ἂναλον
1228 2476 1353 2516 γένηται,
1367 2476 1394 2505 ἰν
1408 2477 1458 2506 τίνι
1473 2477 1537 2505 αὐτὸ
1555 2477 1681 2515 ἀρτύσετε
1700 2487 1709 2516 ;
1725 2477 1832 2518 ’Ἔχετε

143 2525 305 2558 condietis?
319 2524 435 2556 Habete
459 2524 487 2554 iu
507 2523 665 2563 vobisipsis
680 2523 784 2560 salem,
811 2526 841 2553 et
866 2531 967 2562 pacem

1074 2522 1180 2554 ἑαυτοῖς
1215 2521 1295 2561 ἅλας,
1324 2522 1369 2550 καὶ
1389 2522 1536 2561 εἰρηνεύετε
1579 2522 1607 2550 ἐν
1649 2522 1787 2558 ἀλλήλοις.
1818 2534 1830 2549 ι

182 2587 212 2611 87
235 2588 306 2617 Luc.
323 2594 365 2623 x1,
380 2584 430 2615 23.

678 2635 721 2666 Ex
736 2634 895 2666 collatione
909 2635 997 2667 codd.
1014 2634 1121 2667 Venet.
1139 2633 1169 2666 S.
1185 2634 1290 2666 Marci.

181 2698 242 2739 (70)
258 2698 339 2729 Idem
368 2697 433 2729 cod.
458 2696 563 2739 addit:
597 2695 752 2739 ξιζνείχώρει
781 2696 824 2739 καὶ
858 2696 962 2739 τούτοις

1070 2695 1148 2739 acula
1163 2694 1278 2739 facere,
1292 2698 1354 2726 tum
1364 2694 1402 2726 ad
1410 2695 1675 2739 conﬁrmationem
1685 2695 1832 2738 pradica-

136 2734 358 2779 θαυματουργεϊν,
384 2739 439 2779 ἅμα
467 2738 514 2776 μὲν
531 2737 568 2779 El;
594 2734 733 2779 βεϐαίωσιν
749 2737 802 2779 τοῦ,
819 2737 961 2779 κηρύγμα-

1070 2736 1107 2777 is,
1119 2739 1152 2767 ut
1163 2736 1226 2779 haec
1240 2735 1328 2779 etiam
1341 2744 1395 2776 per
1408 2735 1547 2779 indignos
1560 2734 1733 2779 dilatantur
1751 2747 1760 2768 :
1773 2741 1831 2767 tum

135 2776 194 2820 τος,
226 2776 299 2808 {bare
331 2780 375 2808 ml
399 2778 441 2807 διὰ
469 2779 522 2807 τῶν
544 2776 657 2809 ἀναξίων
672 2780 749 2804 τοῦτο
774 2776 960 2814 πλατύνεσθαι,

1070 2777 1272 2807 :orrectionem
1289 2776 1434 2816 ipsorum,
1455 2778 1507 2817 qui
1533 2777 1610 2809 mira
1623 2778 1831 2818 operabantur.

135 2815 193 2858 duci
220 2819 248 2848 ὃὶ
276 2821 320 2848 καὶ
345 2821 381 2852 εἰς
411 2819 548 2857 βελτίωσιν
579 2819 663 2846 αὐτῶν
680 2816 712 2858 θη
728 2818 780 2858 τῶν
795 2819 960 2858 0:091:0in-

1070 2820 1131 2847 3tur
1144 2821 1255 2856 autem,
1271 2815 1331 2847 etc.
1351 2827 1366 2844 ι

135 2856 263 2899 γὸύντων,
282 2864 364 2888 some
381 2859 420 2896 δὲ,
433 2871 459 2890 κ.
472 2871 496 2888 -..
515 2858 543 2888 λ.
564 2869 574 2884 ι
595 2856 787 2887 Permittebat
800 2857 889 2887 etiam
903 2856 962 2888 illis
