1948 3081
255 171 289 203 61
301 172 311 203 ι
738 168 1035 201 THEOPHYLACTI
1057 168 1262 202 BULGARLB
1283 169 1461 202 ABGHIEP.
1879 170 1928 203 6i?

248 236 352 272 nolint,
371 236 401 266 in
420 236 563 275 majorem
591 234 872 265 condemnationem
897 244 1000 265 eorum

1158 238 1236 265 τειῶν
1263 236 1456 275 τελειουμένων
1484 238 1628 276 ἓπιγνῶσιν
1670 237 1712 265 ὅτι
1746 235 1845 272 ἂληῡής
1871 238 1925 269 Θεὸς

251 281 327 321 quod
344 280 432 312 etiam
449 285 506 310 tam
523 279 612 311 claris
637 279 788 310 miraculis
804 289 862 309 non
879 279 1019 310 credider

1157 293 1199 313 ριν,
1230 283 1259 310 Εἰ
1285 281 1312 310 δὲ
1341 283 1381 320 μη
1408 281 1542 317 θελήσωσι
1571 282 1698 323 συνιέναι,
1729 282 1765 314 εἷς
1793 283 1926 321 κατέκριμα

251 325 325 357 Vide
335 325 415 356 enim
436 329 510 365 quot
531 324 591 354 sint
606 324 653 355 hic
670 324 813 354 miracula
829 333 894 364 quae
910 324 952 355 eis
963 324 1019 355 hoc

1157 331 1209 362 ῑζον
1230 326 1323 359 αὒτοτς
1353 326 1414 363 εἴη,
1436 326 1477 354 ὅτι
1500 325 1558 356 οὐδὲ
1593 327 1662 365 μετὰ
1693 331 1805 355 τοσαῦτα
1831 326 1926 366 λαμπρὰ

250 379 286 400 co
301 368 500 401 dixerit.Dixit
515 371 558 400 eis
576 378 582 400 :
610 368 769 399 Invenietis
795 368 925 408 pullum;
940 368 1013 400 dixit

1156 371 1236 409 ἱματα
1265 371 1432 403 ἐπίστευσαν.
1463 371 1531 412 ’Ὅρα
1568 372 1619 412 γὰρ
1655 371 1725 400 πόσα
1754 371 1858 401 ἐνταῦθα
1881 383 1925 405 ση-

249 413 431 454 prohibitum
444 413 491 450 iri,
505 417 534 444 et
549 413 658 444 deinde
672 422 739 444 cum
756 413 891 443 dicerent
907 423 914 444 :
931 413 1015 444 Domi

1155 421 1192 445 ἴα.
1212 415 1297 444 Εἶπεν
1311 417 1416 455 αὐτοῖς,
1437 415 1480 443 ὅτι
1510 416 1641 456 Εὑρήσετε
1670 415 1773 447 πῶλον,
1791 416 1868 444 Εἶπεν
1893 415 1924 443 ὃτι

248 458 299 489 illo
328 468 402 498 opus
431 458 531 496 habet,
557 457 631 488 dixit
659 457 880 488 dimittendum.
898 457 1017 498 Neutiqt

1158 459 1328 500 λυθήσονται,
1359 460 1422 488 εἷτα
1443 460 1573 501 εἰπόντες,
1602 460 1643 488 ὅτι.
1673 456 1703 490 Ὀ
1726 461 1818 500 Κύριος
1845 461 1925 500 χρῄζει

249 503 329 534 enim
345 503 401 533 hoc
419 511 521 543 paru‘n
540 502 644 534 fuisset
656 502 799 543 apostolis
829 502 958 542 permitti
975 508 1005 533 ut

1154 508 1208 544 τοῦ,
1231 504 1400 540 ἐαθήσονται.
1431 504 1495 533 Οὐδὲ
1525 506 1574 545 γὰρ
1596 504 1653 533 οἱ)δέ
1668 509 1745 534 τοῦτο
1760 505 1850 544 μικρόν
1869 505 1923 544 ὶιι-ιι1

247 548 358 579 ducant
371 547 559 588 pullum,nisi
570 547 670 578 divina
681 547 815 588 quaedam
831 547 926 578 virtus
940 547 1016 578 domi

1171 550 1381 589 συγχωρηθῆναι
1404 550 1466 582 τοὺς
1494 549 1660 582 ἀποστόλους
1681 550 1794 589 ἀπάγειν
1813 550 1857 577 τὸν
1882 552 1925 577 πῶ-

250 592 322 632 pulli
336 592 496 633 adegisset,
516 593 680 633 praasertim
699 601 858 632 pauperes.
876 596 907 623 et.
930 592 1019 632 πενία(

1154 606 1173 630 ν,
1197 593 1262 632 ὅπερ
1274 595 1321 622 οὐκ
1336 594 1367 623 ἂν
1381 594 1487 633 ἐγένετο
1508 595 1530 622 εί
1546 595 1585 629 μὴ
1609 595 1665 623 θεία
1693 606 1734 626 τις
1761 594 1859 634 ἀνάγκη
1885 594 1923 622 ἒπ-

249 637 392 674 t'ortassis,
406 641 438 668 ut
449 636 558 667 animal
571 636 642 667 illud
661 636 995 668 dimitterent.Attamen
1011 646 1018 666 ι

1154 650 1203 667 ειτο
1231 646 1290 671 τοῖς
1318 639 1417 678 κυρίοις
1444 643 1490 668 τοῦ
1518 639 1609 667 πώλου
1636 639 1821 678 ἀναγκάζουσα
1836 639 1923 674 αὑτοὺς,

250 692 283 712 co
299 682 458 713 Dominum
473 682 502 713 id
516 691 574 713 non
587 682 651 712 sine
661 683 750 712 causa
765 681 984 722 fecissezneque
996 691 1019 712 ei

1155 685 1203 712 ίτοι
1225 684 1342 718 πένητας
1357 683 1436 716 ὄντας
1457 685 1501 713 καὶ
1530 684 1664 724 γεωργοὺς
1680 684 1776 724 τυχὸν,
1793 684 1891 724 ἀφεῖναι
1902 685 1924 711 τὰ

251 735 325 767 opus
342 726 470 757 habebat
486 726 578 767 pullo,
595 726 645 766 qui
662 729 748 757 toties
769 726 899 757 Judmam
916 731 945 757 et
959 726 1020 758 Gali

1153 740 1195 760 ησιν,
1219 729 1293 763 Πλὴν
1321 729 1446 767 μάνθανε,
1478 728 1518 757 ὅτι
1544 730 1574 758 οὗ
1595 730 1685 767 μάτην
1699 732 1779 758 τοῦτο
1792 728 1922 762 ἐποίησενὰ

248 781 295 801 am
312 773 519 812 peragraverat
536 782 543 801 :
560 771 613 802 sed
631 771 812 802 monstrabat
827 771 905 811 quod
922 780 1011 811 super

1154 785 1223 813 ptoc.
1240 772 1305 803 Οὒδὲ
1335 774 1384 813 γὰρ
1413 773 1512 814 ἔχρῃζε
1533 778 1579 802 τοῦ
1599 773 1703 812 πώλου,
1721 775 1735 802 ὁ
1749 773 1874 804 πολλάκις
1886 773 1923 806 vi“

249 816 348 856 pulum
364 816 494 855 gentium
511 825 648 846 sessurus
664 820 751 853 esset,
769 815 820 856 qui
832 820 892 846 tum
904 815 1018 847 incredi

1155 817 1259 846 λιλαίαν
1286 819 1329 848 καὶ
1344 819 1393 852 τὴν
1414 817 1542 848 Ἰουδαίαν
1563 818 1669 847 ἅπασαν
1697 818 1837 858 ἑκπεριῒών
1864 816 1922 857 (74].

247 865 311 891 erat
322 866 350 892 et
365 861 576 898 ineruditus,et
590 861 705 891 vinctus
721 860 850 900 peccatis
865 860 927 891 suis
939 861 967 891 in
984 860 1013 891 bi

1153 862 1185 891 λὰ
1213 863 1337 891 δεικνύων
1360 863 1400 891 ὅτι
1430 862 1473 891 ὶπὶ
1487 864 1533 891 τὸν
1556 864 1660 892 homo;
1690 862 1756 891 λαὸν
1775 861 1922 901 ἐπιϐήσεται,

248 906 304 937 hoc
320 909 364 936 est
380 905 438 936 vita
455 906 521 946 hac,
539 905 616 946 apud
628 906 762 944 januam,
776 913 840 945 quae
855 909 900 935 est
916 908 998 936 extra
1014 906 1017 935 1

1170 908 1280 941 ἀπειθὴς
1312 908 1361 946 μὲν
1381 908 1415 942 ἧν
1444 908 1488 936 καὶ
1509 907 1677 944 ἀπαίδευτος,
1695 906 1798 936 ὶδέδετο
1824 906 1849 935 δὲ
1875 914 1923 937 τίκ

247 950 383 982 clesiam.
399 950 519 981 Solutus
534 954 579 980 est
593 954 692 981 autem
704 949 740 980 ab
756 949 897 989 apostolis
910 959 962 990 per
978 949 1013 980 ba

1154 953 1222 984 ,είαις
1250 952 1392 992 ἁμαρτίαις
1420 952 1447 981 ἒν
1473 956 1508 991 τῇ
1529 951 1651 992 ἆμφόδῳ,
1682 952 1802 981 τουτέστι
1828 955 1863 989 τῷ
1886 952 1923 989 βίῳ

248 1004 343 1025 smum
360 1000 389 1026 et
403 995 491 1026 ﬁdem
510 1005 516 1026 :
534 999 563 1025 et
577 999 679 1026 vectus
691 994 775 1026 estin
792 1004 827 1026 eo
844 995 1072 1036 Dominus,cum

247 1041 371 1080 apostoli
401 1039 577 1071 vestimenta
602 1049 665 1076 sua,
683 1040 739 1071 hoc
757 1048 813 1077 est,
831 1048 949 1070 omnem
965 1040 1014 1080 qui
1030 1047 1074 1074 est

247 1094 282 1116 ex
298 1084 406 1116 virtute
421 1085 560 1115 decorem
577 1084 797 1124 imposuissent.
819 1084 902 1115 Prius
916 1084 995 1115 enim
1013 1094 1072 1116 nu-

246 1130 276 1160 di
292 1134 376 1160 erant
390 1129 515 1169 gentiles
539 1133 568 1160 et
594 1129 755 1169 deformes,
773 1133 921 1169 patrantes
937 1129 1069 1163 nefaria;

249 1179 403 1215 postquam
415 1178 512 1205 autem
526 1174 563 1205 ab
579 1174 719 1215 apostolis
728 1174 986 1210 adductii‘uerunt,
1003 1179 1072 1205 tunc

246 1219 370 1251 honeste
392 1219 562 1250 didicerunt
584 1219 747 1256 ambulare,
765 1222 794 1249 et
805 1223 962 1259 propterea
983 1219 1070 1249 etiam

248 1264 278 1294 in
295 1263 368 1304 ipsis
392 1264 486 1294 fertur
501 1267 630 1302 ges‘latus
651 1262 796 1295 Christus.
807 1262 949 1299 Quoniam
975 1267 1073 1294 autem

244 1308 372 1345 fuerunt,
390 1308 440 1348 qui
457 1307 539 1348 prius
555 1312 640 1338 erant
654 1307 767 1338 domini
782 1307 864 1347 pulli,
884 1307 934 1348 qui
949 1312 1067 1347 aposto-

243 1353 289 1384 los
318 1352 522 1393 prohiberent;
541 1362 640 1383 nonne
661 1352 783 1383 omnino
805 1353 870 1382 251
891 1353 1041 1383 daemones
1054 1352 1070 1383 Ῡ

246 1397 323 1429 Sane
335 1402 363 1428 et
379 1397 425 1428 his
436 1397 561 1438 apostoli
578 1397 806 1437 praevaluerunt.

1113 997 1209 1033 τούτῳ,
1232 998 1298 1036 πρὸς
1320 999 1370 1030 τῆν
1397 998 1488 1037 θύραν⁹
1517 996 1599 1036 ἤγουν
1620 996 1670 1029 ’ἔξω
1690 999 1741 1030 τῆς
1768 995 1921 1030 Ἐκκλησίις.

1114 1041 1211 1075 Ἐλύθη
1240 1040 1268 1070 δὲ
1295 1042 1368 1082 παρὰ
1391 1045 1446 1070 τῶν
1471 1043 1597 1079 μαθητῶν
1620 1041 1662 1070 διὰ
1690 1045 1738 1070 τοῦ
1761 1041 1922 1080 βαπτίσματος

1115 1087 1158 1114 καὶ
1185 1088 1234 1120 τῆς
1260 1086 1374 1119 πίστεως
1392 1095 1400 1104 ³
1437 1087 1481 1114 καὶ
1512 1087 1647 1127 ὲπωχήθη
1677 1086 1749 1123 αὑτῷ
1785 1087 1799 1114 ὁ
1832 1085 1920 1125 Κύριος.

1114 1130 1255 1159 ἑπιθέντων
1281 1131 1336 1160 τῶν
1367 1130 1524 1160 ἀποστόλων
1553 1131 1585 1160 τὰ
1609 1130 1702 1162 ἱμάτια
1739 1131 1834 1170 αὐτῶν,
1862 1140 1922 1157 τοκ-

1115 1175 1169 1203 έστι
1198 1178 1285 1204 πᾶσαν
1313 1176 1518 1216 εὐσχημοσύνην
1560 1175 1609 1209 τὴν
1646 1175 1673 1208 bi
1707 1175 1814 1215 ἀρετῆς.
1844 1174 1921 1213 Πρώην

1115 1219 1163 1257 μὲν
1192 1219 1242 1258 γὰρ
1270 1220 1365 1258 γυμνοὶ
1393 1219 1466 1251 ὄντες
1487 1220 1511 1247 οἱ
1532 1218 1558 1252 ἒξ
1583 1219 1663 1247 ἐθνῶν
1679 1218 1834 1259 ἄσχήμονες
1855 1219 1919 1252 ἦσαν,

1115 1263 1276 1302 πράττοντες
1305 1263 1419 1302 ἄθεσμα.
1453 1262 1527 1292 Ἐπεὶ
1555 1263 1582 1292 δὲ
1618 1265 1669 1292 ὑπὸ
1697 1267 1753 1292 τῶν
1791 1262 1928 1291 ἀποστόλωι

1110 1307 1249 1348 ἤχθησαν,
1264 1309 1325 1337 τότε
1340 1308 1368 1337 δὲ
1382 1310 1443 1337 τότε
1459 1309 1636 1349 εὗσχημόνως
1657 1308 1756 1346 ἔμαθον
1772 1315 1919 1348 περιπατεῖν,

1111 1354 1155 1381 καὶ
1177 1351 1218 1381 διὰ
1233 1357 1312 1382 τοῦτο
1326 1354 1371 1382 καὶ
1383 1353 1424 1382 ἔπ’
1441 1354 1526 1381 αὺτῶν
1541 1353 1648 1393 φέρεται
1663 1355 1678 1381 ὁ
1702 1354 1816 1390 Χριστὸς
1835 1353 1920 1391 βαστα-

1111 1398 1235 1434 ζόμενος.
1252 1398 1325 1430 Τίνες
1341 1398 1368 1426 δὶ
1388 1398 1457 1432 ἦσαν
1467 1399 1491 1426 oi
1501 1398 1595 1437 πρώην
1609 1396 1737 1427 δεσπόται
1752 1402 1800 1428 τοῦ
1812 1397 1893 1426 πώλου
1903 1397 1919 1424 οἱ

250 1443 396 1474 κωλύοντες
413 1443 473 1474 τοὺς
487 1442 663 1479 ἀποστόλους,
681 1442 699 1477 ἢ
711 1441 818 1474 πάντως
833 1443 856 1470 οἱ
871 1441 992 1480 δαίμονες
1009 1454 1016 1479 ;
1035 1441 1117 1471 Ἀλλὰ
1131 1444 1175 1472 καὶ
1188 1444 1288 1472 τούτων
1302 1443 1516 1483 ἐπικρατέστεροι
1532 1442 1590 1482 γίνο
1596 1453 1649 1470 οται
1664 1443 1688 1470 οἱ
1702 1442 1856 1472 ἀπόστολοι.

285 1486 536 1518 VERs.7-10.«Et
550 1486 738 1518 adduxerunt
753 1487 865 1527 pullum
878 1487 914 1517 ad
924 1486 1054 1524 Jesum,e

1155 1500 1169 1516 ιι
1188 1489 1237 1517 Καὶ
1278 1487 1379 1528 ἤγαγον
1421 1489 1468 1516 τὸν
1507 1486 1599 1516 πῶλον
1640 1488 1706 1528 πρὸς
1749 1488 1794 1516 τὸν
1821 1487 1918 1520 Ἰησοῦν.

245 1531 414 1571 injecerunt
423 1531 464 1561 illi
476 1531 652 1563 vestimenta
660 1531 864 1572 sua,seditque
874 1540 963 1571 super
973 1531 1068 1563 illum.

243 1575 326 1607 Multi
341 1584 410 1607 vero
426 1575 601 1606 vestimenta
615 1585 669 1606 sua
684 1575 860 1606 sternebant
871 1575 901 1606 in
915 1575 1003 1613 viam,
1019 1575 1069 1607 alii

242 1629 312 1651 vero
328 1619 450 1651 frondes
463 1619 636 1651 incidebant
658 1629 694 1651 ex
720 1619 888 1658 arboribus,
906 1624 935 1651 et
949 1624 1068 1652 sterne-

243 1665 314 1696 bant
325 1665 354 1696 in
369 1665 456 1696 viam.
472 1665 509 1696 Et
528 1665 578 1705 qui
602 1665 810 1706 praecedebant
825 1665 934 1706 quique
956 1675 1067 1706 seque-

243 1710 352 1741 bantur
366 1710 533 1741 clamabant
546 1710 680 1741 dicentes
696 1719 703 1740 :
720 1710 870 1748 Hosauna,
890 1711 1067 1742 benedictus

241 1756 290 1796 qui
305 1755 384 1785 venit
398 1755 429 1785 in
445 1755 566 1786 nomine
579 1755 709 1786 Domini.
725 1754 921 1786 Benedictum
931 1755 1010 1795 quod
1021 1763 1069 1786 ve-

241 1800 285 1831 nit
296 1799 467 1838 regnum,in
478 1799 598 1831 nomine
605 1799 724 1831 Domini
740 1800 830 1840 patris
845 1800 938 1831 nostri
955 1800 1064 1831 David:

241 1845 381 1876 Hosanna
396 1844 426 1875 in
441 1844 625 1875 altissimis.»
643 1844 799 1876 Multitudo
815 1844 947 1885 quandiu
963 1845 1066 1875 incor-

238 1894 325 1930 rupta
338 1893 446 1927 manet,
454 1891 588 1928 agnoscit
602 1892 747 1930 quantum
763 1898 837 1930 opus
853 1893 936 1920 erat:
955 1888 1022 1920 ideo
1037 1892 1069 1921 et

240 1934 349 1974 singuli
365 1943 417 1974 pro
433 1933 545 1965 viribus
555 1934 617 1965 suis
630 1934 729 1965 Jesum
741 1934 1070 1966 venerantur.Laudan-

240 1983 284 2009 tes
299 1983 396 2010 autem
417 1978 488 2019 quid
506 1978 648 2019 dixerint,
665 1978 828 2010 videamus.
845 1980 866 2009 Α
883 1978 973 2009 David
996 1988 1068 2010 sane

239 2023 380 2064 hymnum
407 2023 490 2054 illum
520 2032 686 2063 sumpsere.
705 2024 795 2053 Porro
824 2022 963 2054 Hosanna
982 2023 1067 2063 juxta

239 2069 380 2108 quosdam
393 2067 550 2108 signiﬁcat,
566 2067 786 2103 salva,obsecro
799 2077 806 2099 :
819 2067 904 2107 juxta
919 2068 1063 2108 quosdam

1111 1532 1155 1560 καὶ
1183 1530 1312 1560 ἐπέϐαλον
1355 1532 1427 1569 αὐτῷ
1466 1531 1499 1560 τὰ
1541 1531 1634 1570 ἱμάτια
1676 1533 1776 1571 αὐτῶν,
1806 1532 1847 1560 καὶ
1872 1530 1919 1558 ἑκά-

1110 1578 1182 1604 θισεν
1209 1576 1251 1604 ἐπ’
1273 1576 1364 1608 αὐτόν.
1393 1575 1492 1605 Πολλοὶ
1512 1575 1540 1604 δὲ
1556 1576 1590 1605 τὰ
1603 1575 1696 1614 ἱμάτια
1721 1578 1809 1606 αὐτῶν
1835 1575 1918 1615 ’ἐστρω-

1111 1632 1159 1649 σαν
1188 1621 1226 1653 εἷς
1253 1620 1303 1654 τὴν
1325 1619 1385 1649 ὁδόν
1400 1630 1408 1638 ·
1425 1620 1501 1650 ἄλλοι
1523 1619 1550 1648 δὲ
1567 1619 1691 1653 στι-ἳαδας
1713 1620 1827 1650 ἔκοπτον
1843 1620 1920 1649 tam,

1110 1664 1234 1705 δένδρων,
1263 1666 1308 1693 καὶ
1335 1665 1495 1705 ἐστρώννυον
1517 1666 1554 1698 εἷς
1576 1666 1627 1693 τὴν
1656 1664 1729 1697 ὁδόν.
1755 1666 1806 1695 Καὶ
1826 1666 1847 1694 οἶ
1871 1674 1919 1703 προ·

1109 1710 1220 1749 ἄγοντες
1258 1710 1302 1738 καὶ
1340 1710 1364 1738 οἱ
1405 1709 1608 1742 ἀκολοῦθοῦντες
1644 1709 1756 1749 ἔκραζον
1792 1709 1916 1749 λέγοντες.

1110 1750 1225 1784 Ὠσαννᾶ
1253 1754 1433 1794 εὐλογημένος
1461 1756 1475 1783 ὁ
1492 1754 1640 1795 ἐρχόμενος
1655 1755 1682 1783 ὲν
1698 1755 1810 1793 ὄνόματι
1833 1754 1917 1793 Κυρίου.

1110 1798 1286 1839 Εὐλογημένη
1313 1801 1331 1834 ἡ
1359 1799 1496 1840 ἐρχομένη
1515 1799 1638 1838 βασιλεία
1661 1801 1689 1828 iv
1710 1800 1821 1838 ὀνόματι
1843 1798 1919 1838 Κυρίω

1109 1847 1155 1872 τοῦ
1169 1844 1269 1883 πατρὸς
1284 1845 1362 1882 ἡμῶν
1384 1843 1464 1872 Δαϐίδ
1479 1853 1486 1859 ·
1514 1841 1631 1873 Ὠσαννὰ
1655 1844 1682 1873 έν
1696 1851 1757 1877 τοῖς
1772 1844 1891 1882 ὑψίστοις.
1907 1853 1917 1867 ι

1110 1889 1145 1917 Τὸ
1174 1887 1274 1922 πλῆθος
1302 1888 1399 1929 μέχρις
1430 1889 1462 1916 ἂν
1491 1889 1649 1929 ἀδιάφθορον
1676 1889 1758 1928 μένῃ,
1777 1888 1918 1929 ἐπιγνώσκει

1110 1934 1141 1961 τὸ
1161 1932 1232 1965 δέον,
1264 1934 1312 1962 Διὰ
1339 1934 1384 1962 καί
1410 1937 1507 1972 τιμῶσι
1535 1935 1580 1963 τὸν
1618 1934 1722 1968 Ἰησούν
1756 1934 1863 1965 ἕκαστος
1891 1933 1918 1962 ὡς

1110 1978 1176 2018 εἶχε
1196 1977 1343 2017 δυνάμεως.
1367 1979 1397 2008 Oi
1423 1977 1450 2006 δὲ
1472 1980 1614 2017 ὑμνοῦντες
1641 1979 1667 2008 τί
1695 1978 1799 2019 ἔλεγον,
1822 1977 1916 2016 ἴδωμιν.

1109 2021 1157 2051 Ἐκ
1177 2026 1223 2051 τοῦ
1247 2021 1327 2051 Δαϐὶδ
1347 2023 1397 2061 μὶν
1417 2024 1464 2052 τὸν
1492 2023 1572 2062 ὕμνον
1592 2029 1684 2054 τοῦτον
1714 2022 1822 2053 ἔλαϐον.
1846 2024 1878 2052 Τὸ
1897 2020 1917 2049 δὲ

1109 2062 1234 2105 Ὠσαννὲ,
1257 2068 1326 2097 κατὰ
1347 2067 1395 2106 μέν
1423 2079 1497 2101 τινας
1527 2069 1664 2109 σημαίνει,
1694 2071 1782 2097 σῶσον
1807 2067 1918 2108 δὴ,κστὰ

235 2112 609 2159 νοτολξιςιηοιιωᾙοοιιυε
624 2116 721 2143 tamen
729 2116 782 2159 est
796 2112 875 2159 quod
891 2112 988 2153 primo
1003 2128 1004 2137 η

1154 2123 1226 2145 τινας
1247 2113 1385 2150 σημαίνει,
1413 2112 1508 2145 ὕμνος.
1541 2113 1627 2151 Πλὴν,
1656 2119 1781 2153 κρεῖττον
1807 2113 1837 2140 τὸ
1856 2114 1917 2151 πρῶ·

241 2157 453 2189 tum.Habetur
467 2156 547 2187 enim
568 2157 598 2187 in
625 2157 788 2187 centesimo
804 2157 920 2188 decimo
937 2157 1062 2198 septimo

237 2201 401 2243 psalmo,0
430 2201 566 2239 Domine,
593 2201 683 2238 salva,
715 2202 842 2233 obsecro
860 2210 866 2233 :
884 2201 913 2233 id
937 2202 1016 2243 quod
1033 2202 1062 2233 in

236 2246 386 2278 Hebraico
407 2245 548 2277 Hosanna
562 2246 704 2286 scriptum
722 2249 777 2279 est.
805 2245 939 2286 Regnum
964 2250 1061 2278 autem

235 2291 328 2323 David
340 2300 464 2331 regnum
477 2290 584 2323 Christi
601 2290 814 2329 dicebant,tum
827 2291 905 2332 quod
921 2300 938 2322 a
949 2292 1063 2323 semine

236 2336 326 2368 David
334 2336 481 2367 deductus
492 2340 570 2366 esset
580 2335 791 2376 Christus,tum
807 2336 886 2376 quod
902 2335 991 2367 David
1012 2336 1062 2368 in-

236 2380 392 2422 terpretari
401 2380 467 2421 quis
476 2384 736 2420 potest,potentem
746 2380 792 2412 vel
805 2380 946 2412 idoneum
959 2390 1059 2413 manu.

236 2426 308 2463 Quis
323 2430 420 2456 autem
435 2425 512 2456 alius
528 2434 615 2456 manu
631 2434 727 2466 usque
741 2425 818 2456 adeo
835 2425 949 2456 validus
963 2430 992 2456 et
1007 2436 1060 2466 po-

235 2476 303 2503 tens
318 2475 350 2502 ut
364 2470 609 2510 Dominus,cujus
624 2480 728 2501 manus
740 2474 820 2501 tanta
834 2470 979 2502 miracula
991 2475 1058 2501 sunt

236 2515 389 2557 operata?
409 2516 554 2546 Caeterum
580 2519 747 2546 sternamus
762 2519 791 2546 et
805 2524 860 2546 nos
885 2515 1061 2547 vestimenta

235 2565 347 2598 nostra,
358 2560 415 2591 hoc
430 2565 476 2591 est
490 2559 730 2592 carnem.VeSIis
745 2559 825 2591 enim
842 2559 959 2600 animae,
977 2569 1057 2601 caro,

235 2615 322 2647 quam
333 2604 528 2645 subjiciamus
542 2603 715 2645 Domino,et
724 2608 891 2635 sternamus
906 2603 982 2634 viam
994 2604 1060 2635 vitae

235 2654 346 2682 nostrae
358 2661 365 2682 :
382 2649 606 2690 deputantes,et
619 2649 786 2680 incidentes
799 2648 837 2680 ab
847 2648 1004 2680 arboribus
1013 2658 1058 2680 ra-

236 2705 311 2734 mos,
328 2695 385 2726 hoc
402 2698 458 2733 est,
477 2697 646 2725 sanctorum
665 2693 734 2724 vitas
748 2693 909 2724 imitemur.
925 2693 1058 2726 Arbores

765 2773 807 2805 Ex
822 2773 981 2805 collatione
994 2775 1082 2808 codd.

277 2838 339 2878 (74)
357 2837 517 2876 Ἐκπεριϊὼν
532 2840 611 2877 πεζῇ,
627 2836 693 2867 cod.
710 2837 759 2875 26,
778 2835 815 2868 30
830 2840 859 2867 et
876 2835 925 2868 3L

1103 2168 1160 2189 τον,
1198 2156 1249 2198 'Ev_
1266 2158 1317 2198 γὰρ
1346 2159 1385 2194 τῷ
1416 2158 1552 2196 ἑκατοστῷ
1589 2156 1806 2198 ἑπτακαιδεκάτῳ
1831 2155 1918 2194 ψαλμῷ

1104 2209 1193 2231 κεῖται
1207 2211 1215 2220 ‘
1235 2195 1373 2242 ’Qth'tptE,
1399 2205 1487 2231 σῶσον
1510 2202 1543 2238 δή
1560 2210 1567 2217 “
1591 2202 1657 2242 ὅπερ
1685 2202 1712 2230 ἦν
1740 2205 1779 2239 τῷ
1800 2197 1917 2241 Ἐϐραϊκῷ

1106 2242 1221 2275 Ὡσαννᾶ
1246 2247 1403 2286 γέγραπται.
1441 2247 1581 2276 Βασιλείαν
1609 2246 1637 2275 δὲ
1678 2246 1758 2276 Δαϐἱδ
1783 2246 1831 2280 τὴν
1854 2246 1917 2284 βασι·

1105 2293 1177 2322 λείαν
1201 2296 1248 2321 τοῦ
1276 2294 1390 2332 Χριστοῦ
1417 2292 1520 2334 ἔλσγον,
1536 2293 1593 2331 ἅμα
1608 2293 1656 2331 μὲν
1672 2292 1738 2322 διότι
1751 2293 1796 2322 καὶ
1809 2293 1859 2321 ἀπὸ
1877 2293 1915 2318 τοῦ

1104 2338 1255 2378 σπέρματος
1280 2341 1327 2366 τοῦ
1352 2336 1433 2366 Δαόὶδ
1464 2339 1598 2377 κατήγετο
1627 2339 1641 2366 ὁ
1670 2338 1776 2378 Κύριος,
1807 2337 1858 2375 ἃμα
1881 2333 1913 2370 δί,

1103 2383 1143 2411 ὅτι
1168 2381 1249 2412 Δαὸὶδ
1284 2382 1471 2423 ἐρμηνεὺεται,
1497 2381 1605 2416 δυνατὸς
1635 2383 1718 2423 χειρῖ,
1748 2381 1806 2416 ἦτοι
1839 2380 1914 2410 ἱκανὸς

1103 2428 1184 2468 χειρί.
1217 2427 1261 2460 τίς
1290 2426 1317 2455 δί
1338 2426 1420 2459 ἄλλος
1446 2428 1537 2460 imave:
1562 2430 1644 2468 χειρὶ,
1675 2429 1698 2456 εἰ
1725 2428 1765 2465 μὴ
1786 2428 1800 2455 ὁ
1822 2425 1912 2464 Κύριος,

1103 2472 1133 2501 οὗ
1161 2474 1186 2500 αἱ
1215 2479 1310 2512 χεῖρες
1338 2473 1453 2500 τοσαῦτα
1481 2472 1602 2510 θαύματα
1638 2472 1814 2511 ξνήργησαις
1843 2468 1913 2499 Ἀλλά

1101 2518 1154 2557 γὰρ
1178 2516 1338 2556 στρώσωμεν
1366 2517 1410 2545 καὶ
1438 2517 1521 2551 ἡμεῖς
1562 2517 1594 2546 τὰ
1629 2516 1721 2555 ἱμάτια
1747 2516 1835 2555 ἡμῶν,

1100 2562 1149 2596 τὴν
1169 2562 1254 2601 σάρκα
1281 2561 1399 2602 (ἱμάτιον
1431 2562 1481 2602 γὰρ
1510 2563 1528 2596 ἡ
1566 2561 1630 2601 σὰρξ
1660 2563 1710 2595 τῆς
1738 2562 1848 2601 ψυχῆς),
1876 2558 1911 2586 καὶ

1100 2605 1273 2644 ὑποτάξωμεν
1294 2605 1394 2639 ταύτην
1422 2609 1461 2643 τῷ
1491 2606 1587 2645 Κυρίῳ.
1619 2606 1668 2635 Καὶ
1689 2605 1846 2645 apt-bsunt"
1869 2602 1910 2634 τὴν

1099 2650 1160 2679 ὁδὸν
1187 2655 1235 2681 τοῦ
1262 2650 1392 2690 ἡμετέρου
1419 2650 1488 2689 βίου,
1521 2650 1665 2684 κόπτοντες
1689 2650 1720 2679 ἂι
1744 2653 1796 2678 τῶν
1814 2647 1910 2687 δένδρων

1098 2695 1221 2733 κλάδους,
1251 2695 1383 2734 τουτέστι,
1413 2695 1473 2727 τοὺς
1496 2697 1549 2723 τῶν
1575 2694 1659 2734 ἁγίων
1694 2695 1765 2733 βίους
1794 2692 1908 2732 μιμούμι-

1862 2513 1911 2548 ἤτοι

1100 2774 1206 2807 Venet.
1222 2775 1252 2807 S.
1271 2775 1374 2808 Marci.
