  <div class='ocr_page' id='page_1' title='image "/cluster/home/n/w/nwhite01/storage/ocr_20150623/123/njp.32101077773024/419.png"; bbox 0 0 1948 3081; ppageno 0'>
   <div class='ocr_carea' id='block_1_1' title="bbox 265 167 1942 201">
    <p class='ocr_par' dir='ltr' id='par_1_1' title="bbox 265 167 1942 201">
     <span class='ocr_line' id='line_1_1' title="bbox 265 167 1942 201; baseline 0 0"><span class='ocrx_word' id='word_1_1' title='bbox 265 170 299 201; x_wconf 82' lang='grc'><strong>61</strong></span> <span class='ocrx_word' id='word_1_2' title='bbox 311 170 321 201; x_wconf 86' lang='lat' dir='ltr'><strong>l</strong></span> <span class='ocrx_word' id='word_1_3' title='bbox 748 167 1046 201; x_wconf 76' lang='lat' dir='ltr'><strong>THEOPHYLACTI</strong></span> <span class='ocrx_word' id='word_1_4' title='bbox 1067 167 1272 201; x_wconf 64' lang='lat' dir='ltr'><strong>BULGARIB</strong></span> <span class='ocrx_word' id='word_1_5' title='bbox 1293 168 1471 201; x_wconf 73' lang='lat' dir='ltr'><strong>ARCHIIP.</strong></span> <span class='ocrx_word' id='word_1_6' title='bbox 1898 169 1942 201; x_wconf 75' lang='grc' dir='ltr'><strong>διε</strong></span> 
     </span>
    </p>
   </div>
   <div class='ocr_carea' id='block_1_2' title="bbox 258 233 1027 276">
    <p class='ocr_par' dir='ltr' id='par_1_2' title="bbox 258 233 1010 274">
     <span class='ocr_line' id='line_1_2' title="bbox 258 233 1010 274; baseline -0.001 -9"><span class='ocrx_word' id='word_1_7' title='bbox 258 235 362 271; x_wconf 92' lang='lat' dir='ltr'><strong>nolint,</strong></span> <span class='ocrx_word' id='word_1_8' title='bbox 381 234 411 265; x_wconf 84' lang='lat' dir='ltr'><strong>in</strong></span> <span class='ocrx_word' id='word_1_9' title='bbox 430 235 573 274; x_wconf 82' lang='lat' dir='ltr'><strong>majorem</strong></span> <span class='ocrx_word' id='word_1_10' title='bbox 601 233 882 265; x_wconf 77' lang='lat' dir='ltr'><strong>condemnationem</strong></span> <span class='ocrx_word' id='word_1_11' title='bbox 906 242 1010 264; x_wconf 88' lang='lat' dir='ltr'><strong>eorum</strong></span> 
     </span>
    </p>
   </div>
   <div class='ocr_carea' id='block_1_3' title="bbox 1172 233 1941 276">
    <p class='ocr_par' dir='ltr' id='par_1_3' title="bbox 1172 235 1941 276">
     <span class='ocr_line' id='line_1_3' title="bbox 1172 235 1941 276; baseline -0.001 -12"><span class='ocrx_word' id='word_1_12' title='bbox 1172 237 1245 264; x_wconf 72' lang='grc' dir='ltr'>εειῶν</span> <span class='ocrx_word' id='word_1_13' title='bbox 1273 235 1466 274; x_wconf 83' lang='grc' dir='ltr'>τελειουμένων</span> <span class='ocrx_word' id='word_1_14' title='bbox 1494 237 1638 276; x_wconf 66' lang='grc' dir='ltr'>ξπιγνῶσιν</span> <span class='ocrx_word' id='word_1_15' title='bbox 1680 236 1720 265; x_wconf 79' lang='grc' dir='ltr'>ὅτι</span> <span class='ocrx_word' id='word_1_16' title='bbox 1758 235 1863 272; x_wconf 75' lang='grc' dir='ltr'>ἆληθής</span> <span class='ocrx_word' id='word_1_17' title='bbox 1891 237 1941 264; x_wconf 75' lang='grc' dir='ltr'>Θεό</span> 
     </span>
    </p>
   </div>
   <div class='ocr_carea' id='block_1_4' title="bbox 260 278 1029 322">
    <p class='ocr_par' dir='ltr' id='par_1_4' title="bbox 260 278 1029 319">
     <span class='ocr_line' id='line_1_4' title="bbox 260 278 1029 319; baseline -0.003 -9"><span class='ocrx_word' id='word_1_18' title='bbox 260 280 337 319; x_wconf 90' lang='lat' dir='ltr'><strong>quod</strong></span> <span class='ocrx_word' id='word_1_19' title='bbox 354 279 442 310; x_wconf 87' lang='lat' dir='ltr'><strong>etiam</strong></span> <span class='ocrx_word' id='word_1_20' title='bbox 458 283 516 309; x_wconf 84' lang='lat' dir='ltr'><strong>tam</strong></span> <span class='ocrx_word' id='word_1_21' title='bbox 533 278 622 310; x_wconf 90' lang='lat' dir='ltr'><strong>claris</strong></span> <span class='ocrx_word' id='word_1_22' title='bbox 647 278 798 309; x_wconf 83' lang='lat' dir='ltr'><strong>miraculis</strong></span> <span class='ocrx_word' id='word_1_23' title='bbox 814 288 872 308; x_wconf 93' lang='lat' dir='ltr'><strong>non</strong></span> <span class='ocrx_word' id='word_1_24' title='bbox 889 278 1029 309; x_wconf 88' lang='lat' dir='ltr'><strong>credider</strong></span> 
     </span>
    </p>
   </div>
   <div class='ocr_carea' id='block_1_5' title="bbox 1172 278 1941 322">
    <p class='ocr_par' dir='ltr' id='par_1_5' title="bbox 1174 280 1941 322">
     <span class='ocr_line' id='line_1_5' title="bbox 1174 280 1941 322; baseline 0.003 -14"><span class='ocrx_word' id='word_1_25' title='bbox 1174 292 1208 312; x_wconf 91' lang='grc' dir='ltr'><strong>ιν,</strong></span> <span class='ocrx_word' id='word_1_26' title='bbox 1240 282 1269 310; x_wconf 80' lang='lat' dir='ltr'><strong>El.</strong></span> <span class='ocrx_word' id='word_1_27' title='bbox 1294 280 1322 309; x_wconf 82' lang='grc' dir='ltr'>δὲ</span> <span class='ocrx_word' id='word_1_28' title='bbox 1351 282 1390 320; x_wconf 76' lang='grc' dir='ltr'>μὴ</span> <span class='ocrx_word' id='word_1_29' title='bbox 1418 280 1551 316; x_wconf 75' lang='grc' dir='ltr'>θελήσωσι</span> <span class='ocrx_word' id='word_1_30' title='bbox 1581 282 1706 322; x_wconf 74' lang='grc' dir='ltr'><strong>συνιέναι,</strong></span> <span class='ocrx_word' id='word_1_31' title='bbox 1739 281 1778 314; x_wconf 75' lang='grc' dir='ltr'><strong>είς</strong></span> <span class='ocrx_word' id='word_1_32' title='bbox 1807 283 1941 320; x_wconf 62' lang='grc' dir='ltr'>κατέκριμι</span> 
     </span>
    </p>
   </div>
   <div class='ocr_carea' id='block_1_6' title="bbox 261 322 1030 366">
    <p class='ocr_par' dir='ltr' id='par_1_6' title="bbox 261 322 1029 364">
     <span class='ocr_line' id='line_1_6' title="bbox 261 322 1029 364; baseline 0 -10"><span class='ocrx_word' id='word_1_33' title='bbox 261 323 334 355; x_wconf 84' lang='lat' dir='ltr'><strong>Vide</strong></span> <span class='ocrx_word' id='word_1_34' title='bbox 345 323 424 354; x_wconf 89' lang='lat' dir='ltr'><strong>enim</strong></span> <span class='ocrx_word' id='word_1_35' title='bbox 446 327 519 364; x_wconf 92' lang='lat' dir='ltr'><strong>quot</strong></span> <span class='ocrx_word' id='word_1_36' title='bbox 540 323 601 354; x_wconf 90' lang='lat' dir='ltr'><strong>sint</strong></span> <span class='ocrx_word' id='word_1_37' title='bbox 615 323 663 354; x_wconf 90' lang='lat' dir='ltr'><strong>hic</strong></span> <span class='ocrx_word' id='word_1_38' title='bbox 680 322 823 354; x_wconf 89' lang='lat' dir='ltr'><strong>miracula</strong></span> <span class='ocrx_word' id='word_1_39' title='bbox 838 331 904 363; x_wconf 68' lang='lat' dir='ltr'><strong>quie</strong></span> <span class='ocrx_word' id='word_1_40' title='bbox 919 323 961 354; x_wconf 92' lang='lat' dir='ltr'><strong>eis</strong></span> <span class='ocrx_word' id='word_1_41' title='bbox 973 324 1029 354; x_wconf 89' lang='lat' dir='ltr'><strong>hoc</strong></span> 
     </span>
    </p>
   </div>
   <div class='ocr_carea' id='block_1_7' title="bbox 1172 322 1941 366">
    <p class='ocr_par' dir='ltr' id='par_1_7' title="bbox 1172 325 1941 366">
     <span class='ocr_line' id='line_1_7' title="bbox 1172 325 1941 366; baseline 0 -12"><span class='ocrx_word' id='word_1_42' title='bbox 1172 330 1219 361; x_wconf 75' lang='grc' dir='ltr'>ἷζον</span> <span class='ocrx_word' id='word_1_43' title='bbox 1240 325 1333 358; x_wconf 69' lang='grc' dir='ltr'>αὖτοτς</span> <span class='ocrx_word' id='word_1_44' title='bbox 1363 325 1423 363; x_wconf 69' lang='grc' dir='ltr'>εἴη,</span> <span class='ocrx_word' id='word_1_45' title='bbox 1445 325 1487 354; x_wconf 70' lang='grc' dir='ltr'><strong>ὅτι</strong></span> <span class='ocrx_word' id='word_1_46' title='bbox 1509 325 1568 356; x_wconf 69' lang='grc' dir='ltr'>οὐδὲ</span> <span class='ocrx_word' id='word_1_47' title='bbox 1603 327 1671 364; x_wconf 78' lang='grc' dir='ltr'>μετὰ</span> <span class='ocrx_word' id='word_1_48' title='bbox 1701 329 1820 355; x_wconf 75' lang='grc' dir='ltr'>τοσαῦτα</span> <span class='ocrx_word' id='word_1_49' title='bbox 1848 325 1941 366; x_wconf 72' lang='grc' dir='ltr'>λαμπρὲ</span> 
     </span>
    </p>
   </div>
   <div class='ocr_carea' id='block_1_8' title="bbox 260 367 1029 411">
    <p class='ocr_par' dir='ltr' id='par_1_8' title="bbox 260 367 1023 407">
     <span class='ocr_line' id='line_1_8' title="bbox 260 367 1023 407; baseline 0 -9"><span class='ocrx_word' id='word_1_50' title='bbox 260 377 295 398; x_wconf 91' lang='lat' dir='ltr'><strong>co</strong></span> <span class='ocrx_word' id='word_1_51' title='bbox 310 367 510 400; x_wconf 82' lang='lat' dir='ltr'><strong>dixerit.Dixit</strong></span> <span class='ocrx_word' id='word_1_52' title='bbox 525 369 568 399; x_wconf 90' lang='lat' dir='ltr'><strong>eis</strong></span> <span class='ocrx_word' id='word_1_53' title='bbox 586 377 593 399; x_wconf 90' lang='lat'>:</span> <span class='ocrx_word' id='word_1_54' title='bbox 620 367 778 398; x_wconf 79' lang='lat' dir='ltr'><strong>Invenietis</strong></span> <span class='ocrx_word' id='word_1_55' title='bbox 805 367 934 407; x_wconf 89' lang='lat' dir='ltr'><strong>pullum;</strong></span> <span class='ocrx_word' id='word_1_56' title='bbox 949 367 1023 398; x_wconf 84' lang='lat' dir='ltr'><strong>dixit</strong></span> 
     </span>
    </p>
   </div>
   <div class='ocr_carea' id='block_1_9' title="bbox 1172 367 1941 411">
    <p class='ocr_par' dir='ltr' id='par_1_9' title="bbox 1172 370 1941 411">
     <span class='ocr_line' id='line_1_9' title="bbox 1172 370 1941 411; baseline 0.001 -13"><span class='ocrx_word' id='word_1_57' title='bbox 1172 381 1246 408; x_wconf 81' lang='grc' dir='ltr'>ματα</span> <span class='ocrx_word' id='word_1_58' title='bbox 1274 370 1442 402; x_wconf 79' lang='grc' dir='ltr'>ἐπίστευσαν.</span> <span class='ocrx_word' id='word_1_59' title='bbox 1473 370 1541 410; x_wconf 84' lang='grc' dir='ltr'>’Ὁρα</span> <span class='ocrx_word' id='word_1_60' title='bbox 1578 372 1629 411; x_wconf 79' lang='grc' dir='ltr'>γὰρ</span> <span class='ocrx_word' id='word_1_61' title='bbox 1664 371 1735 399; x_wconf 85' lang='grc' dir='ltr'>πόσα</span> <span class='ocrx_word' id='word_1_62' title='bbox 1766 370 1876 400; x_wconf 74' lang='grc' dir='ltr'>ἐνταῦῢα</span> <span class='ocrx_word' id='word_1_63' title='bbox 1900 382 1941 404; x_wconf 84' lang='grc' dir='ltr'>ση·</span> 
     </span>
    </p>
   </div>
   <div class='ocr_carea' id='block_1_10' title="bbox 259 411 1028 455">
    <p class='ocr_par' dir='ltr' id='par_1_10' title="bbox 259 411 1025 453">
     <span class='ocr_line' id='line_1_10' title="bbox 259 411 1025 453; baseline -0.001 -10"><span class='ocrx_word' id='word_1_64' title='bbox 259 412 440 453; x_wconf 89' lang='lat' dir='ltr'><strong>prohibitum</strong></span> <span class='ocrx_word' id='word_1_65' title='bbox 454 411 501 449; x_wconf 91' lang='lat' dir='ltr'><strong>iri,</strong></span> <span class='ocrx_word' id='word_1_66' title='bbox 514 416 544 443; x_wconf 90' lang='lat' dir='ltr'><strong>et</strong></span> <span class='ocrx_word' id='word_1_67' title='bbox 558 412 668 443; x_wconf 91' lang='lat' dir='ltr'><strong>deinde</strong></span> <span class='ocrx_word' id='word_1_68' title='bbox 682 421 748 442; x_wconf 89' lang='lat' dir='ltr'><strong>cum</strong></span> <span class='ocrx_word' id='word_1_69' title='bbox 766 411 901 443; x_wconf 89' lang='lat' dir='ltr'><strong>dicerent</strong></span> <span class='ocrx_word' id='word_1_70' title='bbox 917 422 923 443; x_wconf 95' lang='lat'>:</span> <span class='ocrx_word' id='word_1_71' title='bbox 941 412 1025 443; x_wconf 88' lang='lat' dir='ltr'><strong>Domi</strong></span> 
     </span>
    </p>
   </div>
   <div class='ocr_carea' id='block_1_11' title="bbox 1172 411 1941 455">
    <p class='ocr_par' dir='ltr' id='par_1_11' title="bbox 1172 414 1938 455">
     <span class='ocr_line' id='line_1_11' title="bbox 1172 414 1938 455; baseline 0.003 -14"><span class='ocrx_word' id='word_1_72' title='bbox 1172 421 1202 444; x_wconf 83' lang='grc' dir='ltr'><strong>ἀ.</strong></span> <span class='ocrx_word' id='word_1_73' title='bbox 1221 414 1307 443; x_wconf 77' lang='grc' dir='ltr'>Εἶπεν</span> <span class='ocrx_word' id='word_1_74' title='bbox 1321 416 1426 455; x_wconf 76' lang='grc' dir='ltr'>αὐτοῖς,</span> <span class='ocrx_word' id='word_1_75' title='bbox 1447 414 1490 443; x_wconf 81' lang='grc' dir='ltr'><strong>ὅτι</strong></span> <span class='ocrx_word' id='word_1_76' title='bbox 1521 416 1651 455; x_wconf 80' lang='grc' dir='ltr'>Εὑρήσετε</span> <span class='ocrx_word' id='word_1_77' title='bbox 1680 414 1786 446; x_wconf 69' lang='grc' dir='ltr'>πῶλον.</span> <span class='ocrx_word' id='word_1_78' title='bbox 1804 415 1886 444; x_wconf 68' lang='grc' dir='ltr'>Εἶπεν</span> <span class='ocrx_word' id='word_1_79' title='bbox 1913 415 1938 443; x_wconf 80' lang='grc' dir='ltr'><strong>ὅτ</strong></span> 
     </span>
    </p>
   </div>
   <div class='ocr_carea' id='block_1_12' title="bbox 257 455 1026 500">
    <p class='ocr_par' dir='ltr' id='par_1_12' title="bbox 257 456 1026 498">
     <span class='ocr_line' id='line_1_12' title="bbox 257 456 1026 498; baseline 0 -11"><span class='ocrx_word' id='word_1_80' title='bbox 257 457 308 488; x_wconf 89' lang='lat' dir='ltr'><strong>illo</strong></span> <span class='ocrx_word' id='word_1_81' title='bbox 338 466 412 497; x_wconf 92' lang='lat' dir='ltr'><strong>opus</strong></span> <span class='ocrx_word' id='word_1_82' title='bbox 441 457 540 494; x_wconf 92' lang='lat' dir='ltr'><strong>habet,</strong></span> <span class='ocrx_word' id='word_1_83' title='bbox 566 457 641 487; x_wconf 81' lang='lat' dir='ltr'><strong>dixit</strong></span> <span class='ocrx_word' id='word_1_84' title='bbox 669 457 889 487; x_wconf 88' lang='lat' dir='ltr'><strong>dimittendum.</strong></span> <span class='ocrx_word' id='word_1_85' title='bbox 907 456 1026 498; x_wconf 84' lang='lat' dir='ltr'><strong>Neutin</strong></span> 
     </span>
    </p>
   </div>
   <div class='ocr_carea' id='block_1_13' title="bbox 1172 455 1941 500">
    <p class='ocr_par' dir='ltr' id='par_1_13' title="bbox 1172 455 1939 500">
     <span class='ocr_line' id='line_1_13' title="bbox 1172 455 1939 500; baseline 0.003 -14"><span class='ocrx_word' id='word_1_86' title='bbox 1172 459 1338 499; x_wconf 73' lang='grc' dir='ltr'>λυθήσονται,</span> <span class='ocrx_word' id='word_1_87' title='bbox 1369 459 1432 487; x_wconf 78' lang='grc' dir='ltr'>εἶτα</span> <span class='ocrx_word' id='word_1_88' title='bbox 1452 459 1583 500; x_wconf 74' lang='grc' dir='ltr'>εἰπόντες,</span> <span class='ocrx_word' id='word_1_89' title='bbox 1612 459 1653 488; x_wconf 79' lang='grc' dir='ltr'>ὅτι</span> <span class='ocrx_word' id='word_1_90' title='bbox 1683 455 1712 489; x_wconf 58' lang='grc'><strong>’0</strong></span> <span class='ocrx_word' id='word_1_91' title='bbox 1736 460 1833 500; x_wconf 79' lang='grc' dir='ltr'>Κύριος</span> <span class='ocrx_word' id='word_1_92' title='bbox 1861 461 1939 500; x_wconf 72' lang='grc' dir='ltr'>χρῄζε</span> 
     </span>
    </p>
   </div>
   <div class='ocr_carea' id='block_1_14' title="bbox 258 501 1027 544">
    <p class='ocr_par' dir='ltr' id='par_1_14' title="bbox 258 501 1015 541">
     <span class='ocr_line' id='line_1_14' title="bbox 258 501 1015 541; baseline 0 -9"><span class='ocrx_word' id='word_1_93' title='bbox 258 501 339 532; x_wconf 91' lang='lat' dir='ltr'><strong>enim</strong></span> <span class='ocrx_word' id='word_1_94' title='bbox 355 501 410 532; x_wconf 88' lang='lat' dir='ltr'><strong>hoc</strong></span> <span class='ocrx_word' id='word_1_95' title='bbox 428 510 530 541; x_wconf 61' lang='lat' dir='ltr'><strong>paru‘n</strong></span> <span class='ocrx_word' id='word_1_96' title='bbox 550 502 654 532; x_wconf 81' lang='lat' dir='ltr'><strong>fuisset</strong></span> <span class='ocrx_word' id='word_1_97' title='bbox 666 501 809 541; x_wconf 76' lang='lat' dir='ltr'><strong>apostolis</strong></span> <span class='ocrx_word' id='word_1_98' title='bbox 838 501 967 541; x_wconf 80' lang='lat' dir='ltr'><strong>permitti</strong></span> <span class='ocrx_word' id='word_1_99' title='bbox 984 507 1015 532; x_wconf 90' lang='lat' dir='ltr'><strong>ut</strong></span> 
     </span>
    </p>
   </div>
   <div class='ocr_carea' id='block_1_15' title="bbox 1172 501 1941 544">
    <p class='ocr_par' dir='ltr' id='par_1_15' title="bbox 1172 503 1941 544">
     <span class='ocr_line' id='line_1_15' title="bbox 1172 503 1941 544; baseline 0.003 -13"><span class='ocrx_word' id='word_1_100' title='bbox 1172 507 1218 543; x_wconf 73' lang='grc' dir='ltr'>τοῦ,</span> <span class='ocrx_word' id='word_1_101' title='bbox 1241 503 1410 539; x_wconf 67' lang='grc' dir='ltr'>ἐαθήαονται.</span> <span class='ocrx_word' id='word_1_102' title='bbox 1441 503 1505 533; x_wconf 73' lang='grc' dir='ltr'><strong>Οὓδὲ</strong></span> <span class='ocrx_word' id='word_1_103' title='bbox 1534 505 1584 544; x_wconf 75' lang='grc' dir='ltr'><strong>γὰρ</strong></span> <span class='ocrx_word' id='word_1_104' title='bbox 1606 504 1663 533; x_wconf 81' lang='grc' dir='ltr'>οὑδέ</span> <span class='ocrx_word' id='word_1_105' title='bbox 1677 508 1757 533; x_wconf 77' lang='grc' dir='ltr'>τοῦτο</span> <span class='ocrx_word' id='word_1_106' title='bbox 1772 504 1868 544; x_wconf 82' lang='grc' dir='ltr'>μικρόν</span> <span class='ocrx_word' id='word_1_107' title='bbox 1887 505 1941 544; x_wconf 42' lang='grc' dir='ltr'><strong>ἂστιἶ</strong></span> 
     </span>
    </p>
   </div>
   <div class='ocr_carea' id='block_1_16' title="bbox 257 545 1026 588">
    <p class='ocr_par' dir='ltr' id='par_1_16' title="bbox 257 545 1026 587">
     <span class='ocr_line' id='line_1_16' title="bbox 257 545 1026 587; baseline -0.001 -10"><span class='ocrx_word' id='word_1_108' title='bbox 257 547 367 577; x_wconf 85' lang='lat' dir='ltr'><strong>ducant</strong></span> <span class='ocrx_word' id='word_1_109' title='bbox 381 546 569 587; x_wconf 77' lang='lat' dir='ltr'><strong>pullum,nisi</strong></span> <span class='ocrx_word' id='word_1_110' title='bbox 580 546 679 577; x_wconf 87' lang='lat' dir='ltr'><strong>divina</strong></span> <span class='ocrx_word' id='word_1_111' title='bbox 691 546 825 586; x_wconf 60' lang='lat' dir='ltr'><strong>quadam</strong></span> <span class='ocrx_word' id='word_1_112' title='bbox 841 545 935 577; x_wconf 91' lang='lat' dir='ltr'><strong>virtus</strong></span> <span class='ocrx_word' id='word_1_113' title='bbox 949 546 1026 577; x_wconf 90' lang='lat' dir='ltr'><strong>domi</strong></span> 
     </span>
    </p>
   </div>
   <div class='ocr_carea' id='block_1_17' title="bbox 1172 545 1941 588">
    <p class='ocr_par' dir='ltr' id='par_1_17' title="bbox 1181 548 1941 588">
     <span class='ocr_line' id='line_1_17' title="bbox 1181 548 1941 588; baseline 0.001 -12"><span class='ocrx_word' id='word_1_114' title='bbox 1181 550 1391 588; x_wconf 76' lang='grc' dir='ltr'><strong>συγχωρηθῆναι</strong></span> <span class='ocrx_word' id='word_1_115' title='bbox 1414 549 1476 581; x_wconf 81' lang='grc' dir='ltr'>τοὺς</span> <span class='ocrx_word' id='word_1_116' title='bbox 1504 548 1669 581; x_wconf 77' lang='grc' dir='ltr'><strong>ἀποστόλους</strong></span> <span class='ocrx_word' id='word_1_117' title='bbox 1690 549 1807 588; x_wconf 83' lang='grc' dir='ltr'>ἀπάγειν</span> <span class='ocrx_word' id='word_1_118' title='bbox 1828 549 1874 577; x_wconf 77' lang='grc' dir='ltr'>τὸν</span> <span class='ocrx_word' id='word_1_119' title='bbox 1900 552 1941 577; x_wconf 61' lang='lat' dir='ltr'><strong>mir</strong></span> 
     </span>
    </p>
   </div>
   <div class='ocr_carea' id='block_1_18' title="bbox 260 591 1029 632">
    <p class='ocr_par' dir='ltr' id='par_1_18' title="bbox 260 591 1029 631">
     <span class='ocr_line' id='line_1_18' title="bbox 260 591 1029 631; baseline 0.001 -10"><span class='ocrx_word' id='word_1_120' title='bbox 260 591 331 631; x_wconf 88' lang='lat' dir='ltr'><strong>pulli</strong></span> <span class='ocrx_word' id='word_1_121' title='bbox 346 591 505 631; x_wconf 76' lang='lat' dir='ltr'><strong>adegisset,</strong></span> <span class='ocrx_word' id='word_1_122' title='bbox 525 591 690 631; x_wconf 71' lang='lat' dir='ltr'><strong>prmsertim</strong></span> <span class='ocrx_word' id='word_1_123' title='bbox 709 600 867 631; x_wconf 84' lang='lat' dir='ltr'><strong>pauperes.</strong></span> <span class='ocrx_word' id='word_1_124' title='bbox 885 595 917 622; x_wconf 83' lang='lat' dir='ltr'><strong>et.</strong></span> <span class='ocrx_word' id='word_1_125' title='bbox 939 591 1029 631; x_wconf 66' lang='lat' dir='ltr'><strong>agrict</strong></span> 
     </span>
    </p>
   </div>
   <div class='ocr_carea' id='block_1_19' title="bbox 1172 591 1941 632">
    <p class='ocr_par' dir='ltr' id='par_1_19' title="bbox 1175 592 1941 632">
     <span class='ocr_line' id='line_1_19' title="bbox 1175 592 1941 632; baseline 0.001 -12"><span class='ocrx_word' id='word_1_126' title='bbox 1175 617 1182 630; x_wconf 84' lang='grc'><strong>,</strong></span> <span class='ocrx_word' id='word_1_127' title='bbox 1207 592 1271 631; x_wconf 78' lang='grc' dir='ltr'>ὅπερ</span> <span class='ocrx_word' id='word_1_128' title='bbox 1284 594 1331 622; x_wconf 79' lang='grc' dir='ltr'><strong>οὑκ</strong></span> <span class='ocrx_word' id='word_1_129' title='bbox 1345 593 1376 621; x_wconf 81' lang='grc' dir='ltr'><strong>ἂν</strong></span> <span class='ocrx_word' id='word_1_130' title='bbox 1391 593 1497 632; x_wconf 84' lang='grc' dir='ltr'>ἐγένετο</span> <span class='ocrx_word' id='word_1_131' title='bbox 1518 594 1540 621; x_wconf 80' lang='grc' dir='ltr'><strong>εἰ</strong></span> <span class='ocrx_word' id='word_1_132' title='bbox 1556 594 1594 628; x_wconf 70' lang='grc' dir='ltr'>μὴ</span> <span class='ocrx_word' id='word_1_133' title='bbox 1619 594 1675 622; x_wconf 79' lang='grc' dir='ltr'>Θεία</span> <span class='ocrx_word' id='word_1_134' title='bbox 1703 605 1745 626; x_wconf 84' lang='grc' dir='ltr'><strong>τις</strong></span> <span class='ocrx_word' id='word_1_135' title='bbox 1773 593 1876 632; x_wconf 77' lang='grc' dir='ltr'>ἀνάγκη</span> <span class='ocrx_word' id='word_1_136' title='bbox 1903 593 1941 621; x_wconf 72' lang='grc' dir='ltr'><strong>ἰπ-</strong></span> 
     </span>
    </p>
   </div>
   <div class='ocr_carea' id='block_1_20' title="bbox 259 635 1028 678">
    <p class='ocr_par' dir='ltr' id='par_1_20' title="bbox 259 635 1028 673">
     <span class='ocr_line' id='line_1_20' title="bbox 259 635 1028 673; baseline -0.001 -7"><span class='ocrx_word' id='word_1_137' title='bbox 259 636 401 673; x_wconf 84' lang='lat' dir='ltr'><strong>l&#39;ortassis,</strong></span> <span class='ocrx_word' id='word_1_138' title='bbox 416 639 448 666; x_wconf 92' lang='lat' dir='ltr'><strong>ut</strong></span> <span class='ocrx_word' id='word_1_139' title='bbox 458 635 567 666; x_wconf 85' lang='lat' dir='ltr'><strong>animal</strong></span> <span class='ocrx_word' id='word_1_140' title='bbox 580 635 652 666; x_wconf 85' lang='lat' dir='ltr'><strong>illud</strong></span> <span class='ocrx_word' id='word_1_141' title='bbox 670 635 1004 667; x_wconf 85' lang='lat' dir='ltr'><strong>dimitterent.Attamen</strong></span> <span class='ocrx_word' id='word_1_142' title='bbox 1021 646 1028 665; x_wconf 74' lang='grc' dir='ltr'><strong>ι</strong></span> 
     </span>
    </p>
   </div>
   <div class='ocr_carea' id='block_1_21' title="bbox 1172 635 1941 678">
    <p class='ocr_par' dir='ltr' id='par_1_21' title="bbox 1172 638 1941 678">
     <span class='ocr_line' id='line_1_21' title="bbox 1172 638 1941 678; baseline 0.001 -12"><span class='ocrx_word' id='word_1_143' title='bbox 1172 649 1212 666; x_wconf 89' lang='grc' dir='ltr'><strong>ιτο</strong></span> <span class='ocrx_word' id='word_1_144' title='bbox 1240 645 1300 670; x_wconf 71' lang='grc' dir='ltr'>τοῖς</span> <span class='ocrx_word' id='word_1_145' title='bbox 1327 638 1426 677; x_wconf 79' lang='grc' dir='ltr'>κυρίοις</span> <span class='ocrx_word' id='word_1_146' title='bbox 1453 642 1500 667; x_wconf 84' lang='grc' dir='ltr'>τοῦ</span> <span class='ocrx_word' id='word_1_147' title='bbox 1528 638 1618 667; x_wconf 83' lang='grc' dir='ltr'>πώλου</span> <span class='ocrx_word' id='word_1_148' title='bbox 1646 639 1836 678; x_wconf 64' lang='grc' dir='ltr'>ἀναγκάζουσα</span> <span class='ocrx_word' id='word_1_149' title='bbox 1851 639 1941 673; x_wconf 63' lang='grc' dir='ltr'>αὐτοὺς,</span> 
     </span>
    </p>
   </div>
   <div class='ocr_carea' id='block_1_22' title="bbox 259 680 1028 724">
    <p class='ocr_par' dir='ltr' id='par_1_22' title="bbox 259 680 1028 720">
     <span class='ocr_line' id='line_1_22' title="bbox 259 680 1028 720; baseline 0 -9"><span class='ocrx_word' id='word_1_150' title='bbox 259 690 293 711; x_wconf 88' lang='lat' dir='ltr'><strong>cc</strong></span> <span class='ocrx_word' id='word_1_151' title='bbox 309 680 467 711; x_wconf 89' lang='lat' dir='ltr'><strong>Dominum</strong></span> <span class='ocrx_word' id='word_1_152' title='bbox 482 681 511 712; x_wconf 88' lang='lat' dir='ltr'><strong>id</strong></span> <span class='ocrx_word' id='word_1_153' title='bbox 525 689 584 712; x_wconf 92' lang='lat' dir='ltr'><strong>non</strong></span> <span class='ocrx_word' id='word_1_154' title='bbox 597 681 661 711; x_wconf 92' lang='lat' dir='ltr'><strong>sine</strong></span> <span class='ocrx_word' id='word_1_155' title='bbox 669 682 759 711; x_wconf 67' lang='lat' dir='ltr'><strong>causa</strong></span> <span class='ocrx_word' id='word_1_156' title='bbox 774 680 993 720; x_wconf 77' lang='lat' dir='ltr'><strong>fecissezueque</strong></span> <span class='ocrx_word' id='word_1_157' title='bbox 1006 690 1028 711; x_wconf 76' lang='lat' dir='ltr'><strong>e1</strong></span> 
     </span>
    </p>
   </div>
   <div class='ocr_carea' id='block_1_23' title="bbox 1172 680 1941 724">
    <p class='ocr_par' dir='ltr' id='par_1_23' title="bbox 1172 683 1941 724">
     <span class='ocr_line' id='line_1_23' title="bbox 1172 683 1941 724; baseline -0.001 -13"><span class='ocrx_word' id='word_1_158' title='bbox 1172 694 1213 711; x_wconf 85' lang='grc' dir='ltr'><strong>τοι</strong></span> <span class='ocrx_word' id='word_1_159' title='bbox 1235 683 1352 717; x_wconf 79' lang='grc' dir='ltr'><strong>πένητας</strong></span> <span class='ocrx_word' id='word_1_160' title='bbox 1367 683 1446 715; x_wconf 75' lang='grc' dir='ltr'>διτας</span> <span class='ocrx_word' id='word_1_161' title='bbox 1467 684 1511 712; x_wconf 85' lang='grc' dir='ltr'>καὶ</span> <span class='ocrx_word' id='word_1_162' title='bbox 1539 684 1674 724; x_wconf 81' lang='grc' dir='ltr'>γεωργοὺς</span> <span class='ocrx_word' id='word_1_163' title='bbox 1689 684 1789 723; x_wconf 78' lang='grc' dir='ltr'>τυχὸν,</span> <span class='ocrx_word' id='word_1_164' title='bbox 1806 684 1909 723; x_wconf 69' lang='grc' dir='ltr'>ἀφεῖναι</span> <span class='ocrx_word' id='word_1_165' title='bbox 1921 684 1941 710; x_wconf 73' lang='grc' dir='ltr'>τὶ</span> 
     </span>
    </p>
   </div>
   <div class='ocr_carea' id='block_1_24' title="bbox 260 725 1029 766">
    <p class='ocr_par' dir='ltr' id='par_1_24' title="bbox 260 725 1029 766">
     <span class='ocr_line' id='line_1_24' title="bbox 260 725 1029 766; baseline -0.001 -10"><span class='ocrx_word' id='word_1_166' title='bbox 260 734 334 766; x_wconf 87' lang='lat' dir='ltr'><strong>opus</strong></span> <span class='ocrx_word' id='word_1_167' title='bbox 351 725 480 756; x_wconf 85' lang='lat' dir='ltr'><strong>habebat</strong></span> <span class='ocrx_word' id='word_1_168' title='bbox 496 725 587 765; x_wconf 92' lang='lat' dir='ltr'><strong>pullo,</strong></span> <span class='ocrx_word' id='word_1_169' title='bbox 604 725 655 765; x_wconf 85' lang='lat' dir='ltr'><strong>qui</strong></span> <span class='ocrx_word' id='word_1_170' title='bbox 671 727 758 756; x_wconf 79' lang='lat' dir='ltr'><strong>toties</strong></span> <span class='ocrx_word' id='word_1_171' title='bbox 778 725 908 756; x_wconf 78' lang='lat' dir='ltr'><strong>Judaeam</strong></span> <span class='ocrx_word' id='word_1_172' title='bbox 925 730 955 756; x_wconf 94' lang='lat' dir='ltr'><strong>et</strong></span> <span class='ocrx_word' id='word_1_173' title='bbox 968 725 1029 756; x_wconf 90' lang='lat' dir='ltr'><strong>Gali</strong></span> 
     </span>
    </p>
   </div>
   <div class='ocr_carea' id='block_1_25' title="bbox 1172 725 1941 766">
    <p class='ocr_par' dir='ltr' id='par_1_25' title="bbox 1172 727 1941 766">
     <span class='ocr_line' id='line_1_25' title="bbox 1172 727 1941 766; baseline 0.001 -11"><span class='ocrx_word' id='word_1_174' title='bbox 1172 739 1204 760; x_wconf 79' lang='grc' dir='ltr'><strong>ιν,</strong></span> <span class='ocrx_word' id='word_1_175' title='bbox 1228 728 1303 762; x_wconf 79' lang='grc' dir='ltr'>Πλὴν</span> <span class='ocrx_word' id='word_1_176' title='bbox 1330 729 1456 766; x_wconf 78' lang='grc' dir='ltr'>μάνθανε,</span> <span class='ocrx_word' id='word_1_177' title='bbox 1487 727 1528 757; x_wconf 76' lang='grc' dir='ltr'><strong>ὅτι</strong></span> <span class='ocrx_word' id='word_1_178' title='bbox 1554 729 1583 757; x_wconf 79' lang='grc' dir='ltr'>οὗ</span> <span class='ocrx_word' id='word_1_179' title='bbox 1605 729 1695 766; x_wconf 84' lang='grc' dir='ltr'>μάτην</span> <span class='ocrx_word' id='word_1_180' title='bbox 1709 732 1791 757; x_wconf 78' lang='grc' dir='ltr'>τοῦτο</span> <span class='ocrx_word' id='word_1_181' title='bbox 1805 727 1941 761; x_wconf 68' lang='grc' dir='ltr'>ἔποίησινί</span> 
     </span>
    </p>
   </div>
   <div class='ocr_carea' id='block_1_26' title="bbox 257 770 1026 813">
    <p class='ocr_par' dir='ltr' id='par_1_26' title="bbox 257 770 1021 810">
     <span class='ocr_line' id='line_1_26' title="bbox 257 770 1021 810; baseline 0 -10"><span class='ocrx_word' id='word_1_182' title='bbox 257 779 304 800; x_wconf 88' lang='lat' dir='ltr'><strong>am</strong></span> <span class='ocrx_word' id='word_1_183' title='bbox 321 772 528 810; x_wconf 80' lang='lat' dir='ltr'><strong>peragraverat</strong></span> <span class='ocrx_word' id='word_1_184' title='bbox 545 780 552 800; x_wconf 93' lang='lat'><strong>:</strong></span> <span class='ocrx_word' id='word_1_185' title='bbox 570 770 623 800; x_wconf 89' lang='lat' dir='ltr'><strong>sed</strong></span> <span class='ocrx_word' id='word_1_186' title='bbox 640 770 821 801; x_wconf 88' lang='lat' dir='ltr'><strong>monstrabat</strong></span> <span class='ocrx_word' id='word_1_187' title='bbox 836 770 914 810; x_wconf 91' lang='lat' dir='ltr'><strong>quod</strong></span> <span class='ocrx_word' id='word_1_188' title='bbox 931 779 1021 809; x_wconf 86' lang='lat' dir='ltr'><strong>super</strong></span> 
     </span>
    </p>
   </div>
   <div class='ocr_carea' id='block_1_27' title="bbox 1172 770 1941 813">
    <p class='ocr_par' dir='ltr' id='par_1_27' title="bbox 1172 771 1941 813">
     <span class='ocr_line' id='line_1_27' title="bbox 1172 771 1941 813; baseline -0.001 -12"><span class='ocrx_word' id='word_1_189' title='bbox 1172 783 1232 804; x_wconf 68' lang='lat' dir='ltr'><strong>itoc.</strong></span> <span class='ocrx_word' id='word_1_190' title='bbox 1250 771 1314 802; x_wconf 55' lang='lat' dir='ltr'><strong>058‘s</strong></span> <span class='ocrx_word' id='word_1_191' title='bbox 1345 773 1394 812; x_wconf 76' lang='grc' dir='ltr'><strong>γὰρ</strong></span> <span class='ocrx_word' id='word_1_192' title='bbox 1423 772 1521 813; x_wconf 79' lang='grc' dir='ltr'>ἔχρῃζε</span> <span class='ocrx_word' id='word_1_193' title='bbox 1542 777 1588 802; x_wconf 80' lang='grc' dir='ltr'>τοῦ</span> <span class='ocrx_word' id='word_1_194' title='bbox 1609 773 1713 812; x_wconf 76' lang='grc' dir='ltr'>πώλου,</span> <span class='ocrx_word' id='word_1_195' title='bbox 1731 774 1746 801; x_wconf 76' lang='grc' dir='ltr'><strong>ὃ</strong></span> <span class='ocrx_word' id='word_1_196' title='bbox 1760 772 1891 804; x_wconf 74' lang='grc' dir='ltr'><strong>πολλάκις</strong></span> <span class='ocrx_word' id='word_1_197' title='bbox 1904 773 1941 806; x_wconf 55' lang='lat' dir='ltr'><strong>ei}:</strong></span> 
     </span>
    </p>
   </div>
   <div class='ocr_carea' id='block_1_28' title="bbox 258 814 1027 857">
    <p class='ocr_par' dir='ltr' id='par_1_28' title="bbox 258 814 1027 855">
     <span class='ocr_line' id='line_1_28' title="bbox 258 814 1027 855; baseline 0 -10"><span class='ocrx_word' id='word_1_198' title='bbox 258 815 357 855; x_wconf 90' lang='lat' dir='ltr'><strong>pulum</strong></span> <span class='ocrx_word' id='word_1_199' title='bbox 373 815 504 854; x_wconf 77' lang='lat' dir='ltr'><strong>gentium</strong></span> <span class='ocrx_word' id='word_1_200' title='bbox 521 823 658 845; x_wconf 86' lang='lat' dir='ltr'><strong>sessurus</strong></span> <span class='ocrx_word' id='word_1_201' title='bbox 673 819 760 852; x_wconf 86' lang='lat' dir='ltr'><strong>esset,</strong></span> <span class='ocrx_word' id='word_1_202' title='bbox 778 814 830 855; x_wconf 91' lang='lat' dir='ltr'><strong>qui</strong></span> <span class='ocrx_word' id='word_1_203' title='bbox 841 819 902 845; x_wconf 88' lang='lat' dir='ltr'><strong>tum</strong></span> <span class='ocrx_word' id='word_1_204' title='bbox 914 814 1027 845; x_wconf 82' lang='lat' dir='ltr'><strong>incredi</strong></span> 
     </span>
    </p>
   </div>
   <div class='ocr_carea' id='block_1_29' title="bbox 1172 814 1941 857">
    <p class='ocr_par' dir='ltr' id='par_1_29' title="bbox 1172 816 1941 857">
     <span class='ocr_line' id='line_1_29' title="bbox 1172 816 1941 857; baseline 0.001 -12"><span class='ocrx_word' id='word_1_205' title='bbox 1172 816 1268 846; x_wconf 64' lang='lat' dir='ltr'><strong>Malm;</strong></span> <span class='ocrx_word' id='word_1_206' title='bbox 1295 818 1339 847; x_wconf 83' lang='grc' dir='ltr'>καὶ</span> <span class='ocrx_word' id='word_1_207' title='bbox 1354 818 1403 851; x_wconf 76' lang='grc' dir='ltr'><strong>τὴν</strong></span> <span class='ocrx_word' id='word_1_208' title='bbox 1423 816 1552 847; x_wconf 74' lang='grc' dir='ltr'>Ἰουδαίαν</span> <span class='ocrx_word' id='word_1_209' title='bbox 1573 817 1678 846; x_wconf 76' lang='grc' dir='ltr'>ἅπασαν</span> <span class='ocrx_word' id='word_1_210' title='bbox 1706 817 1852 857; x_wconf 78' lang='grc' dir='ltr'>ἐκπεριϊών</span> <span class='ocrx_word' id='word_1_211' title='bbox 1879 816 1941 856; x_wconf 77' lang='grc'><strong>(74).</strong></span> 
     </span>
    </p>
   </div>
   <div class='ocr_carea' id='block_1_30' title="bbox 257 859 1026 901">
    <p class='ocr_par' dir='ltr' id='par_1_30' title="bbox 257 859 1022 900">
     <span class='ocr_line' id='line_1_30' title="bbox 257 859 1022 900; baseline 0 -10"><span class='ocrx_word' id='word_1_212' title='bbox 257 863 320 890; x_wconf 87' lang='lat' dir='ltr'><strong>erat</strong></span> <span class='ocrx_word' id='word_1_213' title='bbox 331 864 359 890; x_wconf 90' lang='lat' dir='ltr'><strong>et</strong></span> <span class='ocrx_word' id='word_1_214' title='bbox 374 859 585 897; x_wconf 87' lang='lat' dir='ltr'><strong>ineruditus,et</strong></span> <span class='ocrx_word' id='word_1_215' title='bbox 599 859 714 890; x_wconf 90' lang='lat' dir='ltr'><strong>vinctus</strong></span> <span class='ocrx_word' id='word_1_216' title='bbox 731 859 858 900; x_wconf 70' lang='lat' dir='ltr'><strong>peccatis</strong></span> <span class='ocrx_word' id='word_1_217' title='bbox 874 859 936 889; x_wconf 87' lang='lat' dir='ltr'><strong>suis</strong></span> <span class='ocrx_word' id='word_1_218' title='bbox 949 860 976 890; x_wconf 94' lang='lat' dir='ltr'><strong>in</strong></span> <span class='ocrx_word' id='word_1_219' title='bbox 993 859 1022 890; x_wconf 92' lang='lat' dir='ltr'><strong>bi</strong></span> 
     </span>
    </p>
   </div>
   <div class='ocr_carea' id='block_1_31' title="bbox 1172 859 1941 901">
    <p class='ocr_par' dir='ltr' id='par_1_31' title="bbox 1172 860 1941 901">
     <span class='ocr_line' id='line_1_31' title="bbox 1172 860 1941 901; baseline 0 -12"><span class='ocrx_word' id='word_1_220' title='bbox 1172 863 1195 890; x_wconf 77' lang='grc' dir='ltr'><strong>,ἂι</strong></span> <span class='ocrx_word' id='word_1_221' title='bbox 1222 862 1346 891; x_wconf 74' lang='grc' dir='ltr'>δεικνύων</span> <span class='ocrx_word' id='word_1_222' title='bbox 1370 862 1410 890; x_wconf 80' lang='grc' dir='ltr'><strong>ὅτι</strong></span> <span class='ocrx_word' id='word_1_223' title='bbox 1440 862 1483 891; x_wconf 69' lang='grc' dir='ltr'><strong>ἐπὶ</strong></span> <span class='ocrx_word' id='word_1_224' title='bbox 1497 864 1543 891; x_wconf 78' lang='grc' dir='ltr'><strong>τὸν</strong></span> <span class='ocrx_word' id='word_1_225' title='bbox 1565 863 1669 891; x_wconf 74' lang='grc' dir='ltr'>ὶθνικδν</span> <span class='ocrx_word' id='word_1_226' title='bbox 1699 862 1767 891; x_wconf 80' lang='grc' dir='ltr'>λαὸν</span> <span class='ocrx_word' id='word_1_227' title='bbox 1787 860 1941 901; x_wconf 71' lang='grc' dir='ltr'>ἐπιϐήσεται,</span> 
     </span>
    </p>
   </div>
   <div class='ocr_carea' id='block_1_32' title="bbox 257 903 1026 945">
    <p class='ocr_par' dir='ltr' id='par_1_32' title="bbox 257 903 1026 944">
     <span class='ocr_line' id='line_1_32' title="bbox 257 903 1026 944; baseline 0 -10"><span class='ocrx_word' id='word_1_228' title='bbox 257 904 313 935; x_wconf 89' lang='lat' dir='ltr'><strong>hoc</strong></span> <span class='ocrx_word' id='word_1_229' title='bbox 329 908 373 935; x_wconf 84' lang='lat' dir='ltr'><strong>est</strong></span> <span class='ocrx_word' id='word_1_230' title='bbox 390 903 448 934; x_wconf 88' lang='lat' dir='ltr'><strong>vita</strong></span> <span class='ocrx_word' id='word_1_231' title='bbox 464 904 531 944; x_wconf 84' lang='lat' dir='ltr'><strong>hac,</strong></span> <span class='ocrx_word' id='word_1_232' title='bbox 548 904 625 944; x_wconf 88' lang='lat' dir='ltr'><strong>apud</strong></span> <span class='ocrx_word' id='word_1_233' title='bbox 638 905 771 942; x_wconf 87' lang='lat' dir='ltr'><strong>januam,</strong></span> <span class='ocrx_word' id='word_1_234' title='bbox 785 913 849 944; x_wconf 81' lang='lat' dir='ltr'><strong>quae</strong></span> <span class='ocrx_word' id='word_1_235' title='bbox 865 908 909 934; x_wconf 90' lang='lat' dir='ltr'><strong>est</strong></span> <span class='ocrx_word' id='word_1_236' title='bbox 925 907 1008 935; x_wconf 65' lang='lat' dir='ltr'><strong>extra</strong></span> <span class='ocrx_word' id='word_1_237' title='bbox 1024 905 1026 935; x_wconf 74' lang='grc' dir='ltr'>Ῑ</span> 
     </span>
    </p>
   </div>
   <div class='ocr_carea' id='block_1_33' title="bbox 1172 903 1941 945">
    <p class='ocr_par' dir='ltr' id='par_1_33' title="bbox 1179 906 1941 945">
     <span class='ocr_line' id='line_1_33' title="bbox 1179 906 1941 945; baseline 0 -11"><span class='ocrx_word' id='word_1_238' title='bbox 1179 907 1290 941; x_wconf 76' lang='grc' dir='ltr'><strong>ἀπειθὴς</strong></span> <span class='ocrx_word' id='word_1_239' title='bbox 1322 907 1371 945; x_wconf 77' lang='grc' dir='ltr'>μὲν</span> <span class='ocrx_word' id='word_1_240' title='bbox 1391 907 1425 941; x_wconf 79' lang='grc' dir='ltr'>ἦν</span> <span class='ocrx_word' id='word_1_241' title='bbox 1453 908 1498 936; x_wconf 83' lang='grc' dir='ltr'><strong>καὶ</strong></span> <span class='ocrx_word' id='word_1_242' title='bbox 1519 907 1686 944; x_wconf 72' lang='grc' dir='ltr'>ἀπαίδευτος,</span> <span class='ocrx_word' id='word_1_243' title='bbox 1704 906 1811 935; x_wconf 68' lang='grc' dir='ltr'>ἐδέδετο</span> <span class='ocrx_word' id='word_1_244' title='bbox 1838 906 1864 935; x_wconf 75' lang='grc' dir='ltr'>δὲ</span> <span class='ocrx_word' id='word_1_245' title='bbox 1891 913 1941 937; x_wconf 70' lang='grc' dir='ltr'>ταῖς</span> 
     </span>
    </p>
   </div>
   <div class='ocr_carea' id='block_1_34' title="bbox 257 948 1026 992">
    <p class='ocr_par' dir='ltr' id='par_1_34' title="bbox 257 948 1022 989">
     <span class='ocr_line' id='line_1_34' title="bbox 257 948 1022 989; baseline -0.001 -9"><span class='ocrx_word' id='word_1_246' title='bbox 257 949 392 980; x_wconf 77' lang='lat' dir='ltr'><strong>clesiam.</strong></span> <span class='ocrx_word' id='word_1_247' title='bbox 409 948 529 979; x_wconf 90' lang='lat' dir='ltr'><strong>Solutus</strong></span> <span class='ocrx_word' id='word_1_248' title='bbox 543 953 588 979; x_wconf 90' lang='lat' dir='ltr'><strong>est</strong></span> <span class='ocrx_word' id='word_1_249' title='bbox 602 953 701 980; x_wconf 86' lang='lat' dir='ltr'><strong>autem</strong></span> <span class='ocrx_word' id='word_1_250' title='bbox 713 948 750 978; x_wconf 90' lang='lat' dir='ltr'><strong>ab</strong></span> <span class='ocrx_word' id='word_1_251' title='bbox 766 948 906 988; x_wconf 88' lang='lat' dir='ltr'><strong>apostolis</strong></span> <span class='ocrx_word' id='word_1_252' title='bbox 919 958 971 989; x_wconf 92' lang='lat' dir='ltr'><strong>per</strong></span> <span class='ocrx_word' id='word_1_253' title='bbox 987 948 1022 979; x_wconf 84' lang='lat' dir='ltr'><strong>ba</strong></span> 
     </span>
    </p>
   </div>
   <div class='ocr_carea' id='block_1_35' title="bbox 1172 948 1941 992">
    <p class='ocr_par' dir='ltr' id='par_1_35' title="bbox 1172 951 1941 992">
     <span class='ocr_line' id='line_1_35' title="bbox 1172 951 1941 992; baseline -0.001 -13"><span class='ocrx_word' id='word_1_254' title='bbox 1172 952 1232 983; x_wconf 71' lang='grc' dir='ltr'>ιίαις</span> <span class='ocrx_word' id='word_1_255' title='bbox 1259 952 1401 991; x_wconf 72' lang='grc' dir='ltr'>ἁμαρτίαις</span> <span class='ocrx_word' id='word_1_256' title='bbox 1429 952 1457 980; x_wconf 65' lang='grc' dir='ltr'>ἓν</span> <span class='ocrx_word' id='word_1_257' title='bbox 1483 955 1517 990; x_wconf 80' lang='grc' dir='ltr'>τῇ</span> <span class='ocrx_word' id='word_1_258' title='bbox 1538 951 1661 992; x_wconf 75' lang='grc' dir='ltr'>ὰμφόδῳ,</span> <span class='ocrx_word' id='word_1_259' title='bbox 1691 951 1815 980; x_wconf 79' lang='grc' dir='ltr'>τουτέστι</span> <span class='ocrx_word' id='word_1_260' title='bbox 1841 955 1878 989; x_wconf 70' lang='grc' dir='ltr'>τῷ</span> <span class='ocrx_word' id='word_1_261' title='bbox 1902 951 1941 989; x_wconf 80' lang='grc' dir='ltr'><strong>βίῳ</strong></span> 
     </span>
    </p>
   </div>
   <div class='ocr_carea' id='block_1_36' title="bbox 257 993 1026 1036">
    <p class='ocr_par' dir='ltr' id='par_1_36' title="bbox 257 993 1026 1034">
     <span class='ocr_line' id='line_1_36' title="bbox 257 993 1026 1034; baseline 0.001 -10"><span class='ocrx_word' id='word_1_262' title='bbox 257 1003 353 1024; x_wconf 93' lang='lat' dir='ltr'><strong>smum</strong></span> <span class='ocrx_word' id='word_1_263' title='bbox 369 999 398 1025; x_wconf 90' lang='lat' dir='ltr'><strong>et</strong></span> <span class='ocrx_word' id='word_1_264' title='bbox 413 993 500 1024; x_wconf 84' lang='lat' dir='ltr'><strong>ﬁdem</strong></span> <span class='ocrx_word' id='word_1_265' title='bbox 519 1004 525 1025; x_wconf 90' lang='grc'>;</span> <span class='ocrx_word' id='word_1_266' title='bbox 543 998 572 1024; x_wconf 94' lang='lat' dir='ltr'><strong>et</strong></span> <span class='ocrx_word' id='word_1_267' title='bbox 586 998 688 1025; x_wconf 89' lang='lat' dir='ltr'><strong>vectus</strong></span> <span class='ocrx_word' id='word_1_268' title='bbox 701 993 785 1025; x_wconf 84' lang='lat' dir='ltr'><strong>estin</strong></span> <span class='ocrx_word' id='word_1_269' title='bbox 802 1003 836 1025; x_wconf 90' lang='lat' dir='ltr'><strong>eo</strong></span> <span class='ocrx_word' id='word_1_270' title='bbox 853 994 1026 1034; x_wconf 82' lang='lat' dir='ltr'><strong>Dominus,c</strong></span> 
     </span>
    </p>
   </div>
   <div class='ocr_carea' id='block_1_37' title="bbox 1169 993 1938 1036">
    <p class='ocr_par' dir='ltr' id='par_1_37' title="bbox 1172 995 1938 1036">
     <span class='ocr_line' id='line_1_37' title="bbox 1172 995 1938 1036; baseline 0.003 -13"><span class='ocrx_word' id='word_1_271' title='bbox 1172 1007 1219 1032; x_wconf 79' lang='grc' dir='ltr'><strong>τῳ,</strong></span> <span class='ocrx_word' id='word_1_272' title='bbox 1241 997 1308 1036; x_wconf 79' lang='grc' dir='ltr'>πρὸς</span> <span class='ocrx_word' id='word_1_273' title='bbox 1330 999 1380 1030; x_wconf 83' lang='grc' dir='ltr'><strong>τῆν</strong></span> <span class='ocrx_word' id='word_1_274' title='bbox 1407 998 1497 1036; x_wconf 79' lang='grc' dir='ltr'>θύραν,</span> <span class='ocrx_word' id='word_1_275' title='bbox 1526 996 1608 1035; x_wconf 74' lang='grc' dir='ltr'>ἤγουν</span> <span class='ocrx_word' id='word_1_276' title='bbox 1629 995 1680 1029; x_wconf 73' lang='grc' dir='ltr'><strong>ἔξω</strong></span> <span class='ocrx_word' id='word_1_277' title='bbox 1699 999 1752 1030; x_wconf 77' lang='grc' dir='ltr'><strong>τῆς</strong></span> <span class='ocrx_word' id='word_1_278' title='bbox 1779 995 1938 1029; x_wconf 75' lang='grc' dir='ltr'>Ἐκκλησίας.</span> 
     </span>
    </p>
   </div>
   <div class='ocr_carea' id='block_1_38' title="bbox 256 1038 1025 1081">
    <p class='ocr_par' dir='ltr' id='par_1_38' title="bbox 256 1038 1023 1079">
     <span class='ocr_line' id='line_1_38' title="bbox 256 1038 1023 1079; baseline 0 -10"><span class='ocrx_word' id='word_1_279' title='bbox 256 1039 380 1078; x_wconf 89' lang='lat' dir='ltr'><strong>apostoli</strong></span> <span class='ocrx_word' id='word_1_280' title='bbox 410 1038 587 1069; x_wconf 89' lang='lat' dir='ltr'><strong>vestimenta</strong></span> <span class='ocrx_word' id='word_1_281' title='bbox 611 1048 674 1075; x_wconf 83' lang='lat' dir='ltr'><strong>sua,</strong></span> <span class='ocrx_word' id='word_1_282' title='bbox 692 1039 749 1069; x_wconf 88' lang='lat' dir='ltr'><strong>hoc</strong></span> <span class='ocrx_word' id='word_1_283' title='bbox 767 1047 822 1076; x_wconf 63' lang='lat' dir='ltr'><strong>esi,</strong></span> <span class='ocrx_word' id='word_1_284' title='bbox 840 1047 958 1069; x_wconf 87' lang='lat' dir='ltr'><strong>omnem</strong></span> <span class='ocrx_word' id='word_1_285' title='bbox 974 1039 1023 1079; x_wconf 87' lang='lat' dir='ltr'><strong>qui</strong></span> 
     </span>
    </p>
   </div>
   <div class='ocr_carea' id='block_1_39' title="bbox 1170 1038 1939 1081">
    <p class='ocr_par' dir='ltr' id='par_1_39' title="bbox 1170 1039 1939 1081">
     <span class='ocr_line' id='line_1_39' title="bbox 1170 1039 1939 1081; baseline 0.004 -13"><span class='ocrx_word' id='word_1_286' title='bbox 1170 1040 1220 1074; x_wconf 79' lang='grc' dir='ltr'>ύθη</span> <span class='ocrx_word' id='word_1_287' title='bbox 1250 1039 1277 1069; x_wconf 69' lang='grc' dir='ltr'>δὲ</span> <span class='ocrx_word' id='word_1_288' title='bbox 1305 1041 1377 1081; x_wconf 81' lang='grc' dir='ltr'>παρὰ</span> <span class='ocrx_word' id='word_1_289' title='bbox 1401 1044 1456 1070; x_wconf 86' lang='grc' dir='ltr'><strong>τῶν</strong></span> <span class='ocrx_word' id='word_1_290' title='bbox 1480 1042 1606 1079; x_wconf 77' lang='grc' dir='ltr'>μαθητῶν</span> <span class='ocrx_word' id='word_1_291' title='bbox 1629 1040 1671 1069; x_wconf 79' lang='grc' dir='ltr'><strong>διὰ</strong></span> <span class='ocrx_word' id='word_1_292' title='bbox 1700 1044 1748 1070; x_wconf 84' lang='grc' dir='ltr'><strong>τοῦ</strong></span> <span class='ocrx_word' id='word_1_293' title='bbox 1771 1041 1939 1079; x_wconf 74' lang='grc' dir='ltr'>βαπτίσματος</span> 
     </span>
    </p>
   </div>
   <div class='ocr_carea' id='block_1_40' title="bbox 256 1083 1025 1126">
    <p class='ocr_par' dir='ltr' id='par_1_40' title="bbox 256 1083 1025 1123">
     <span class='ocr_line' id='line_1_40' title="bbox 256 1083 1025 1123; baseline 0 -10"><span class='ocrx_word' id='word_1_294' title='bbox 256 1092 292 1114; x_wconf 81' lang='lat' dir='ltr'><strong>ex</strong></span> <span class='ocrx_word' id='word_1_295' title='bbox 307 1083 415 1114; x_wconf 86' lang='lat' dir='ltr'><strong>virtute</strong></span> <span class='ocrx_word' id='word_1_296' title='bbox 431 1083 569 1114; x_wconf 85' lang='lat' dir='ltr'><strong>decorem</strong></span> <span class='ocrx_word' id='word_1_297' title='bbox 586 1083 806 1123; x_wconf 86' lang='lat' dir='ltr'><strong>imposuissent.</strong></span> <span class='ocrx_word' id='word_1_298' title='bbox 828 1083 911 1114; x_wconf 86' lang='lat' dir='ltr'><strong>Prius</strong></span> <span class='ocrx_word' id='word_1_299' title='bbox 926 1083 1005 1114; x_wconf 89' lang='lat' dir='ltr'><strong>enim</strong></span> <span class='ocrx_word' id='word_1_300' title='bbox 1023 1093 1025 1114; x_wconf 75' lang='grc' dir='ltr'><strong>ι</strong></span> 
     </span>
    </p>
   </div>
   <div class='ocr_carea' id='block_1_41' title="bbox 1168 1083 1937 1126">
    <p class='ocr_par' dir='ltr' id='par_1_41' title="bbox 1194 1085 1937 1126">
     <span class='ocr_line' id='line_1_41' title="bbox 1194 1085 1937 1126; baseline 0.003 -13"><span class='ocrx_word' id='word_1_301' title='bbox 1194 1087 1244 1118; x_wconf 79' lang='grc' dir='ltr'>τῆς</span> <span class='ocrx_word' id='word_1_302' title='bbox 1270 1086 1384 1118; x_wconf 86' lang='grc' dir='ltr'>πίστεως</span> <span class='ocrx_word' id='word_1_303' title='bbox 1401 1094 1410 1103; x_wconf 74' lang='grc'><strong><em>⁸</em></strong></span> <span class='ocrx_word' id='word_1_304' title='bbox 1446 1086 1490 1114; x_wconf 79' lang='grc' dir='ltr'><strong>καὶ</strong></span> <span class='ocrx_word' id='word_1_305' title='bbox 1521 1085 1657 1126; x_wconf 70' lang='grc' dir='ltr'>ὶπωχήθη</span> <span class='ocrx_word' id='word_1_306' title='bbox 1686 1086 1760 1123; x_wconf 73' lang='grc' dir='ltr'>αὐτῷ</span> <span class='ocrx_word' id='word_1_307' title='bbox 1796 1086 1811 1113; x_wconf 82' lang='grc' dir='ltr'><strong>ὸ</strong></span> <span class='ocrx_word' id='word_1_308' title='bbox 1846 1085 1937 1124; x_wconf 72' lang='grc' dir='ltr'>Κύριος.</span> 
     </span>
    </p>
   </div>
   <div class='ocr_carea' id='block_1_42' title="bbox 255 1127 1024 1169">
    <p class='ocr_par' dir='ltr' id='par_1_42' title="bbox 255 1127 1024 1168">
     <span class='ocr_line' id='line_1_42' title="bbox 255 1127 1024 1168; baseline 0 -10"><span class='ocrx_word' id='word_1_309' title='bbox 255 1128 285 1158; x_wconf 92' lang='lat' dir='ltr'><strong>di</strong></span> <span class='ocrx_word' id='word_1_310' title='bbox 302 1132 386 1159; x_wconf 89' lang='lat' dir='ltr'><strong>erant</strong></span> <span class='ocrx_word' id='word_1_311' title='bbox 399 1127 524 1168; x_wconf 77' lang='lat' dir='ltr'><strong>gentiles</strong></span> <span class='ocrx_word' id='word_1_312' title='bbox 549 1132 578 1159; x_wconf 88' lang='lat' dir='ltr'><strong>et</strong></span> <span class='ocrx_word' id='word_1_313' title='bbox 603 1128 764 1168; x_wconf 83' lang='lat' dir='ltr'><strong>deformes,</strong></span> <span class='ocrx_word' id='word_1_314' title='bbox 782 1132 931 1168; x_wconf 83' lang='lat' dir='ltr'><strong>patrantes</strong></span> <span class='ocrx_word' id='word_1_315' title='bbox 947 1128 1024 1159; x_wconf 73' lang='lat' dir='ltr'><strong>nefa]</strong></span> 
     </span>
    </p>
   </div>
   <div class='ocr_carea' id='block_1_43' title="bbox 1169 1127 1938 1169">
    <p class='ocr_par' dir='ltr' id='par_1_43' title="bbox 1169 1129 1938 1169">
     <span class='ocr_line' id='line_1_43' title="bbox 1169 1129 1938 1169; baseline -0.003 -11"><span class='ocrx_word' id='word_1_316' title='bbox 1169 1129 1265 1158; x_wconf 82' lang='grc' dir='ltr'>θέντων</span> <span class='ocrx_word' id='word_1_317' title='bbox 1291 1131 1346 1159; x_wconf 80' lang='grc' dir='ltr'><strong>τῶν</strong></span> <span class='ocrx_word' id='word_1_318' title='bbox 1377 1129 1533 1159; x_wconf 78' lang='grc' dir='ltr'>ἀποστόλων</span> <span class='ocrx_word' id='word_1_319' title='bbox 1562 1130 1595 1159; x_wconf 80' lang='grc' dir='ltr'>τὰ</span> <span class='ocrx_word' id='word_1_320' title='bbox 1619 1130 1711 1161; x_wconf 73' lang='grc' dir='ltr'>ἱμάτια</span> <span class='ocrx_word' id='word_1_321' title='bbox 1750 1130 1846 1169; x_wconf 78' lang='grc' dir='ltr'>αὑτῶν,</span> <span class='ocrx_word' id='word_1_322' title='bbox 1876 1140 1938 1157; x_wconf 71' lang='grc' dir='ltr'>τοδτ-</span> 
     </span>
    </p>
   </div>
   <div class='ocr_carea' id='block_1_44' title="bbox 258 1172 1027 1215">
    <p class='ocr_par' dir='ltr' id='par_1_44' title="bbox 258 1172 1027 1213">
     <span class='ocr_line' id='line_1_44' title="bbox 258 1172 1027 1213; baseline 0.001 -10"><span class='ocrx_word' id='word_1_323' title='bbox 258 1178 412 1213; x_wconf 90' lang='lat' dir='ltr'><strong>postquam</strong></span> <span class='ocrx_word' id='word_1_324' title='bbox 424 1176 522 1204; x_wconf 89' lang='lat' dir='ltr'><strong>autem</strong></span> <span class='ocrx_word' id='word_1_325' title='bbox 535 1172 572 1203; x_wconf 91' lang='lat' dir='ltr'><strong>ab</strong></span> <span class='ocrx_word' id='word_1_326' title='bbox 587 1173 728 1213; x_wconf 87' lang='lat' dir='ltr'><strong>apostolis</strong></span> <span class='ocrx_word' id='word_1_327' title='bbox 737 1173 856 1204; x_wconf 86' lang='lat' dir='ltr'><strong>adducti</strong></span> <span class='ocrx_word' id='word_1_328' title='bbox 865 1173 996 1209; x_wconf 79' lang='lat' dir='ltr'><strong>fuerunt,</strong></span> <span class='ocrx_word' id='word_1_329' title='bbox 1012 1178 1027 1204; x_wconf 55' lang='lat' dir='ltr'><strong>ti</strong></span> 
     </span>
    </p>
   </div>
   <div class='ocr_carea' id='block_1_45' title="bbox 1168 1172 1937 1215">
    <p class='ocr_par' dir='ltr' id='par_1_45' title="bbox 1171 1173 1937 1215">
     <span class='ocr_line' id='line_1_45' title="bbox 1171 1173 1937 1215; baseline -0.003 -12"><span class='ocrx_word' id='word_1_330' title='bbox 1171 1186 1178 1202; x_wconf 89' lang='lat' dir='ltr'><strong>t</strong></span> <span class='ocrx_word' id='word_1_331' title='bbox 1207 1177 1295 1203; x_wconf 84' lang='grc' dir='ltr'>πᾶσαν</span> <span class='ocrx_word' id='word_1_332' title='bbox 1322 1176 1527 1215; x_wconf 69' lang='grc' dir='ltr'>εὐσχημοσύνην</span> <span class='ocrx_word' id='word_1_333' title='bbox 1569 1175 1618 1208; x_wconf 82' lang='grc' dir='ltr'><strong>τὴν</strong></span> <span class='ocrx_word' id='word_1_334' title='bbox 1655 1174 1682 1207; x_wconf 62' lang='lat' dir='ltr'>EE</span> <span class='ocrx_word' id='word_1_335' title='bbox 1716 1174 1826 1214; x_wconf 76' lang='grc' dir='ltr'>ἀρετῆς.</span> <span class='ocrx_word' id='word_1_336' title='bbox 1856 1173 1937 1212; x_wconf 71' lang='grc' dir='ltr'>Πρώην</span> 
     </span>
    </p>
   </div>
   <div class='ocr_carea' id='block_1_46' title="bbox 255 1217 1024 1259">
    <p class='ocr_par' dir='ltr' id='par_1_46' title="bbox 255 1217 1024 1258">
     <span class='ocr_line' id='line_1_46' title="bbox 255 1217 1024 1258; baseline 0.001 -11"><span class='ocrx_word' id='word_1_337' title='bbox 255 1217 379 1249; x_wconf 86' lang='lat' dir='ltr'><strong>honeste</strong></span> <span class='ocrx_word' id='word_1_338' title='bbox 401 1217 571 1249; x_wconf 89' lang='lat' dir='ltr'><strong>didicerunt</strong></span> <span class='ocrx_word' id='word_1_339' title='bbox 593 1217 757 1255; x_wconf 86' lang='lat' dir='ltr'><strong>ambulare,</strong></span> <span class='ocrx_word' id='word_1_340' title='bbox 774 1221 803 1248; x_wconf 89' lang='lat' dir='ltr'><strong>et</strong></span> <span class='ocrx_word' id='word_1_341' title='bbox 815 1222 971 1258; x_wconf 85' lang='lat' dir='ltr'><strong>propterea</strong></span> <span class='ocrx_word' id='word_1_342' title='bbox 992 1222 1024 1248; x_wconf 67' lang='lat' dir='ltr'><strong>et‘</strong></span> 
     </span>
    </p>
   </div>
   <div class='ocr_carea' id='block_1_47' title="bbox 1165 1217 1934 1259">
    <p class='ocr_par' dir='ltr' id='par_1_47' title="bbox 1165 1218 1934 1259">
     <span class='ocr_line' id='line_1_47' title="bbox 1165 1218 1934 1259; baseline 0 -14"><span class='ocrx_word' id='word_1_343' title='bbox 1165 1230 1172 1245; x_wconf 73' lang='grc' dir='ltr'><strong>ι</strong></span> <span class='ocrx_word' id='word_1_344' title='bbox 1201 1218 1252 1257; x_wconf 77' lang='grc' dir='ltr'><strong>γὰρ</strong></span> <span class='ocrx_word' id='word_1_345' title='bbox 1279 1219 1374 1257; x_wconf 89' lang='grc' dir='ltr'>γυμνοὶ</span> <span class='ocrx_word' id='word_1_346' title='bbox 1401 1218 1475 1250; x_wconf 69' lang='grc' dir='ltr'>ὄντες</span> <span class='ocrx_word' id='word_1_347' title='bbox 1497 1219 1520 1246; x_wconf 80' lang='grc' dir='ltr'>οἱ</span> <span class='ocrx_word' id='word_1_348' title='bbox 1542 1218 1568 1251; x_wconf 76' lang='grc' dir='ltr'><strong>ἒξ</strong></span> <span class='ocrx_word' id='word_1_349' title='bbox 1592 1219 1672 1247; x_wconf 73' lang='grc' dir='ltr'>ἐθνῶν</span> <span class='ocrx_word' id='word_1_350' title='bbox 1688 1218 1846 1259; x_wconf 72' lang='grc' dir='ltr'>ἀσχήμονες</span> <span class='ocrx_word' id='word_1_351' title='bbox 1868 1218 1934 1252; x_wconf 61' lang='lat' dir='ltr'><strong>ﬁmi</strong></span> 
     </span>
    </p>
   </div>
   <div class='ocr_carea' id='block_1_48' title="bbox 258 1261 1027 1302">
    <p class='ocr_par' dir='ltr' id='par_1_48' title="bbox 258 1261 1027 1302">
     <span class='ocr_line' id='line_1_48' title="bbox 258 1261 1027 1302; baseline 0 -10"><span class='ocrx_word' id='word_1_352' title='bbox 258 1262 288 1292; x_wconf 89' lang='lat' dir='ltr'><strong>in</strong></span> <span class='ocrx_word' id='word_1_353' title='bbox 304 1261 377 1302; x_wconf 75' lang='lat' dir='ltr'><strong>ipsis</strong></span> <span class='ocrx_word' id='word_1_354' title='bbox 401 1262 496 1293; x_wconf 81' lang='lat' dir='ltr'><strong>fertur</strong></span> <span class='ocrx_word' id='word_1_355' title='bbox 510 1266 640 1301; x_wconf 80' lang='lat' dir='ltr'><strong>gestatus</strong></span> <span class='ocrx_word' id='word_1_356' title='bbox 661 1261 958 1298; x_wconf 87' lang='lat' dir='ltr'><strong>Christus.Quoniam</strong></span> <span class='ocrx_word' id='word_1_357' title='bbox 984 1266 1027 1292; x_wconf 77' lang='lat' dir='ltr'><strong>aut</strong></span> 
     </span>
    </p>
   </div>
   <div class='ocr_carea' id='block_1_49' title="bbox 1172 1261 1941 1302">
    <p class='ocr_par' dir='ltr' id='par_1_49' title="bbox 1172 1261 1941 1301">
     <span class='ocr_line' id='line_1_49' title="bbox 1172 1261 1941 1301; baseline 0 -11"><span class='ocrx_word' id='word_1_358' title='bbox 1172 1263 1286 1296; x_wconf 83' lang='grc' dir='ltr'>ἱττοντες</span> <span class='ocrx_word' id='word_1_359' title='bbox 1315 1263 1428 1301; x_wconf 79' lang='grc' dir='ltr'>ἄθεσμα.</span> <span class='ocrx_word' id='word_1_360' title='bbox 1463 1261 1537 1292; x_wconf 84' lang='grc' dir='ltr'>Ἐπεὶ</span> <span class='ocrx_word' id='word_1_361' title='bbox 1564 1262 1591 1291; x_wconf 80' lang='grc' dir='ltr'>δὲ</span> <span class='ocrx_word' id='word_1_362' title='bbox 1627 1264 1678 1291; x_wconf 70' lang='grc' dir='ltr'>ὑπὸ</span> <span class='ocrx_word' id='word_1_363' title='bbox 1706 1266 1764 1291; x_wconf 82' lang='grc' dir='ltr'>τῶν</span> <span class='ocrx_word' id='word_1_364' title='bbox 1802 1261 1941 1291; x_wconf 70' lang='grc' dir='ltr'>ἀποστείλω·</span> 
     </span>
    </p>
   </div>
   <div class='ocr_carea' id='block_1_50' title="bbox 253 1306 1022 1348">
    <p class='ocr_par' dir='ltr' id='par_1_50' title="bbox 253 1306 1022 1347">
     <span class='ocr_line' id='line_1_50' title="bbox 253 1306 1022 1347; baseline 0 -10"><span class='ocrx_word' id='word_1_365' title='bbox 253 1307 382 1344; x_wconf 80' lang='lat' dir='ltr'><strong>fuerunt,</strong></span> <span class='ocrx_word' id='word_1_366' title='bbox 400 1306 450 1347; x_wconf 88' lang='lat' dir='ltr'><strong>qui</strong></span> <span class='ocrx_word' id='word_1_367' title='bbox 466 1307 548 1347; x_wconf 87' lang='lat' dir='ltr'><strong>prius</strong></span> <span class='ocrx_word' id='word_1_368' title='bbox 565 1311 649 1338; x_wconf 88' lang='lat' dir='ltr'><strong>erant</strong></span> <span class='ocrx_word' id='word_1_369' title='bbox 663 1306 776 1337; x_wconf 90' lang='lat' dir='ltr'><strong>domini</strong></span> <span class='ocrx_word' id='word_1_370' title='bbox 790 1306 874 1346; x_wconf 91' lang='lat' dir='ltr'><strong>pulli,</strong></span> <span class='ocrx_word' id='word_1_371' title='bbox 893 1306 943 1346; x_wconf 87' lang='lat' dir='ltr'><strong>qui</strong></span> <span class='ocrx_word' id='word_1_372' title='bbox 958 1316 1022 1346; x_wconf 75' lang='lat' dir='ltr'><strong>apo:</strong></span> 
     </span>
    </p>
   </div>
   <div class='ocr_carea' id='block_1_51' title="bbox 1164 1306 1933 1348">
    <p class='ocr_par' dir='ltr' id='par_1_51' title="bbox 1164 1307 1933 1348">
     <span class='ocr_line' id='line_1_51' title="bbox 1164 1307 1933 1348; baseline 0 -13"><span class='ocrx_word' id='word_1_373' title='bbox 1164 1309 1259 1346; x_wconf 65' lang='grc' dir='ltr'>θησαν,</span> <span class='ocrx_word' id='word_1_374' title='bbox 1273 1308 1335 1337; x_wconf 85' lang='grc' dir='ltr'>τότε</span> <span class='ocrx_word' id='word_1_375' title='bbox 1350 1307 1377 1336; x_wconf 75' lang='grc' dir='ltr'>δὲ</span> <span class='ocrx_word' id='word_1_376' title='bbox 1392 1309 1453 1337; x_wconf 81' lang='grc' dir='ltr'>τότε</span> <span class='ocrx_word' id='word_1_377' title='bbox 1468 1308 1645 1348; x_wconf 72' lang='grc' dir='ltr'>εὗσχημόνως</span> <span class='ocrx_word' id='word_1_378' title='bbox 1666 1307 1766 1346; x_wconf 82' lang='grc' dir='ltr'>’ἐμαοον</span> <span class='ocrx_word' id='word_1_379' title='bbox 1782 1314 1933 1348; x_wconf 75' lang='grc' dir='ltr'>περιπατεῖν,</span> 
     </span>
    </p>
   </div>
   <div class='ocr_carea' id='block_1_52' title="bbox 253 1351 1022 1392">
    <p class='ocr_par' dir='ltr' id='par_1_52' title="bbox 253 1351 1022 1392">
     <span class='ocr_line' id='line_1_52' title="bbox 253 1351 1022 1392; baseline -0.001 -10"><span class='ocrx_word' id='word_1_380' title='bbox 253 1351 298 1382; x_wconf 89' lang='lat' dir='ltr'><strong>los</strong></span> <span class='ocrx_word' id='word_1_381' title='bbox 327 1351 531 1392; x_wconf 83' lang='lat' dir='ltr'><strong>prohiberent;</strong></span> <span class='ocrx_word' id='word_1_382' title='bbox 550 1361 649 1382; x_wconf 88' lang='lat' dir='ltr'><strong>nonne</strong></span> <span class='ocrx_word' id='word_1_383' title='bbox 671 1351 792 1382; x_wconf 88' lang='lat' dir='ltr'><strong>omnino</strong></span> <span class='ocrx_word' id='word_1_384' title='bbox 814 1352 879 1381; x_wconf 70' lang='grc'><strong>251</strong></span> <span class='ocrx_word' id='word_1_385' title='bbox 900 1351 1022 1382; x_wconf 65' lang='grc' dir='ltr'>ἀωηιοιιι</span> 
     </span>
    </p>
   </div>
   <div class='ocr_carea' id='block_1_53' title="bbox 1165 1351 1934 1392">
    <p class='ocr_par' dir='ltr' id='par_1_53' title="bbox 1186 1351 1934 1392">
     <span class='ocr_line' id='line_1_53' title="bbox 1186 1351 1934 1392; baseline 0.001 -13"><span class='ocrx_word' id='word_1_386' title='bbox 1186 1351 1228 1380; x_wconf 76' lang='grc' dir='ltr'><strong>διὰ</strong></span> <span class='ocrx_word' id='word_1_387' title='bbox 1243 1356 1321 1382; x_wconf 82' lang='grc' dir='ltr'>τοῦτο</span> <span class='ocrx_word' id='word_1_388' title='bbox 1335 1353 1380 1381; x_wconf 84' lang='grc' dir='ltr'><strong>καὶ</strong></span> <span class='ocrx_word' id='word_1_389' title='bbox 1392 1352 1433 1381; x_wconf 78' lang='grc' dir='ltr'><strong>’ἐπ’</strong></span> <span class='ocrx_word' id='word_1_390' title='bbox 1450 1353 1536 1381; x_wconf 78' lang='grc' dir='ltr'>αὑτῶν</span> <span class='ocrx_word' id='word_1_391' title='bbox 1551 1352 1657 1392; x_wconf 79' lang='grc' dir='ltr'>φέρεται</span> <span class='ocrx_word' id='word_1_392' title='bbox 1673 1354 1687 1381; x_wconf 79' lang='grc' dir='ltr'><strong>ὁ</strong></span> <span class='ocrx_word' id='word_1_393' title='bbox 1711 1353 1827 1389; x_wconf 77' lang='grc' dir='ltr'>Χριστὸς</span> <span class='ocrx_word' id='word_1_394' title='bbox 1847 1353 1934 1390; x_wconf 76' lang='grc' dir='ltr'>βαστα-</span> 
     </span>
    </p>
   </div>
   <div class='ocr_carea' id='block_1_54' title="bbox 255 1395 1024 1437">
    <p class='ocr_par' dir='ltr' id='par_1_54' title="bbox 255 1395 815 1437">
     <span class='ocr_line' id='line_1_54' title="bbox 255 1395 815 1437; baseline 0.002 -10"><span class='ocrx_word' id='word_1_395' title='bbox 255 1395 332 1428; x_wconf 88' lang='lat' dir='ltr'><strong>Sane</strong></span> <span class='ocrx_word' id='word_1_396' title='bbox 344 1400 372 1427; x_wconf 89' lang='lat' dir='ltr'><strong>et</strong></span> <span class='ocrx_word' id='word_1_397' title='bbox 387 1396 434 1427; x_wconf 88' lang='lat' dir='ltr'><strong>his</strong></span> <span class='ocrx_word' id='word_1_398' title='bbox 445 1396 570 1437; x_wconf 86' lang='lat' dir='ltr'><strong>apostoli</strong></span> <span class='ocrx_word' id='word_1_399' title='bbox 587 1396 815 1437; x_wconf 60' lang='lat' dir='ltr'><strong>pravaluerunt.</strong></span> 
     </span>
    </p>
   </div>
   <div class='ocr_carea' id='block_1_55' title="bbox 1164 1395 1933 1437">
    <p class='ocr_par' dir='ltr' id='par_1_55' title="bbox 1164 1395 1933 1437">
     <span class='ocr_line' id='line_1_55' title="bbox 1164 1395 1933 1437; baseline 0 -12"><span class='ocrx_word' id='word_1_400' title='bbox 1164 1407 1244 1429; x_wconf 85' lang='grc' dir='ltr'>ιενος.</span> <span class='ocrx_word' id='word_1_401' title='bbox 1261 1398 1334 1429; x_wconf 84' lang='grc' dir='ltr'>Τίνες</span> <span class='ocrx_word' id='word_1_402' title='bbox 1350 1397 1377 1425; x_wconf 73' lang='grc' dir='ltr'>δὲ</span> <span class='ocrx_word' id='word_1_403' title='bbox 1397 1398 1466 1432; x_wconf 80' lang='grc' dir='ltr'>ἦσαν</span> <span class='ocrx_word' id='word_1_404' title='bbox 1477 1398 1500 1425; x_wconf 75' lang='grc' dir='ltr'>οἱ</span> <span class='ocrx_word' id='word_1_405' title='bbox 1510 1397 1605 1437; x_wconf 86' lang='grc' dir='ltr'>πρώην</span> <span class='ocrx_word' id='word_1_406' title='bbox 1619 1395 1747 1426; x_wconf 78' lang='grc' dir='ltr'>δεσπόται</span> <span class='ocrx_word' id='word_1_407' title='bbox 1762 1402 1811 1427; x_wconf 82' lang='grc' dir='ltr'>τοῦ</span> <span class='ocrx_word' id='word_1_408' title='bbox 1822 1396 1906 1426; x_wconf 79' lang='grc' dir='ltr'>πώλου</span> <span class='ocrx_word' id='word_1_409' title='bbox 1917 1397 1933 1423; x_wconf 68' lang='lat' dir='ltr'><strong>oi</strong></span> 
     </span>
    </p>
   </div>
   <div class='ocr_carea' id='block_1_56' title="bbox 259 1441 1868 1482">
    <p class='ocr_par' dir='ltr' id='par_1_56' title="bbox 259 1441 1868 1482">
     <span class='ocr_line' id='line_1_56' title="bbox 259 1441 1868 1482; baseline 0 -13"><span class='ocrx_word' id='word_1_410' title='bbox 259 1441 404 1473; x_wconf 80' lang='grc' dir='ltr'>κωλύοντες</span> <span class='ocrx_word' id='word_1_411' title='bbox 421 1442 482 1473; x_wconf 87' lang='grc' dir='ltr'>τοὺς</span> <span class='ocrx_word' id='word_1_412' title='bbox 497 1441 672 1478; x_wconf 83' lang='grc' dir='ltr'>ἀποστόλους,</span> <span class='ocrx_word' id='word_1_413' title='bbox 690 1441 708 1476; x_wconf 76' lang='grc' dir='ltr'><strong>ἢ</strong></span> <span class='ocrx_word' id='word_1_414' title='bbox 720 1441 827 1474; x_wconf 75' lang='grc' dir='ltr'>πάντως</span> <span class='ocrx_word' id='word_1_415' title='bbox 842 1442 865 1470; x_wconf 81' lang='lat' dir='ltr'><strong>oi</strong></span> <span class='ocrx_word' id='word_1_416' title='bbox 880 1441 1001 1479; x_wconf 82' lang='grc' dir='ltr'>δαίμονες</span> <span class='ocrx_word' id='word_1_417' title='bbox 1018 1453 1026 1478; x_wconf 89' lang='lat'><strong>;</strong></span> <span class='ocrx_word' id='word_1_418' title='bbox 1044 1441 1127 1470; x_wconf 79' lang='grc' dir='ltr'>Ἀλλὰ</span> <span class='ocrx_word' id='word_1_419' title='bbox 1140 1444 1184 1471; x_wconf 81' lang='grc' dir='ltr'><strong>καὶ</strong></span> <span class='ocrx_word' id='word_1_420' title='bbox 1198 1443 1297 1471; x_wconf 83' lang='grc' dir='ltr'>τούτων</span> <span class='ocrx_word' id='word_1_421' title='bbox 1312 1442 1525 1482; x_wconf 75' lang='grc' dir='ltr'>ἐπικρατέστεροι</span> <span class='ocrx_word' id='word_1_422' title='bbox 1541 1442 1658 1481; x_wconf 61' lang='grc' dir='ltr'>γίνονται</span> <span class='ocrx_word' id='word_1_423' title='bbox 1673 1443 1697 1470; x_wconf 75' lang='grc' dir='ltr'>οἱ</span> <span class='ocrx_word' id='word_1_424' title='bbox 1711 1442 1868 1472; x_wconf 77' lang='grc' dir='ltr'>ἀπόστολοι.</span> 
     </span>
    </p>
   </div>
   <div class='ocr_carea' id='block_1_57' title="bbox 294 1485 1063 1527">
    <p class='ocr_par' dir='ltr' id='par_1_57' title="bbox 294 1485 1063 1526">
     <span class='ocr_line' id='line_1_57' title="bbox 294 1485 1063 1526; baseline 0 -9"><span class='ocrx_word' id='word_1_425' title='bbox 294 1485 411 1518; x_wconf 68' lang='grc' dir='ltr'>νωπ</span> <span class='ocrx_word' id='word_1_426' title='bbox 424 1486 546 1517; x_wconf 79' lang='grc' dir='ltr'>-1Ο.‹ιΕι</span> <span class='ocrx_word' id='word_1_427' title='bbox 559 1485 748 1517; x_wconf 85' lang='lat' dir='ltr'><strong>adduxerunt</strong></span> <span class='ocrx_word' id='word_1_428' title='bbox 763 1486 874 1526; x_wconf 92' lang='lat' dir='ltr'><strong>pullum</strong></span> <span class='ocrx_word' id='word_1_429' title='bbox 887 1486 923 1517; x_wconf 90' lang='lat' dir='ltr'><strong>ad</strong></span> <span class='ocrx_word' id='word_1_430' title='bbox 934 1485 1063 1523; x_wconf 82' lang='lat' dir='ltr'><strong>Jesum,e</strong></span> 
     </span>
    </p>
   </div>
   <div class='ocr_carea' id='block_1_58' title="bbox 1162 1485 1931 1527">
    <p class='ocr_par' dir='ltr' id='par_1_58' title="bbox 1164 1486 1931 1527">
     <span class='ocr_line' id='line_1_58' title="bbox 1164 1486 1931 1527; baseline -0.004 -10"><span class='ocrx_word' id='word_1_431' title='bbox 1164 1499 1178 1515; x_wconf 75' lang='grc' dir='ltr'><strong>ε</strong></span> <span class='ocrx_word' id='word_1_432' title='bbox 1197 1488 1246 1517; x_wconf 83' lang='grc' dir='ltr'><strong>Καὶ</strong></span> <span class='ocrx_word' id='word_1_433' title='bbox 1287 1486 1389 1527; x_wconf 78' lang='grc' dir='ltr'>ἤγαγον</span> <span class='ocrx_word' id='word_1_434' title='bbox 1430 1488 1477 1515; x_wconf 81' lang='grc' dir='ltr'><strong>τὸν</strong></span> <span class='ocrx_word' id='word_1_435' title='bbox 1517 1486 1608 1515; x_wconf 83' lang='grc' dir='ltr'>πῶλον</span> <span class='ocrx_word' id='word_1_436' title='bbox 1649 1487 1715 1527; x_wconf 69' lang='grc' dir='ltr'>πρὸς</span> <span class='ocrx_word' id='word_1_437' title='bbox 1759 1487 1804 1516; x_wconf 82' lang='grc' dir='ltr'><strong>τὸν</strong></span> <span class='ocrx_word' id='word_1_438' title='bbox 1832 1486 1931 1519; x_wconf 76' lang='grc' dir='ltr'>Ἰησοῦν.</span> 
     </span>
    </p>
   </div>
   <div class='ocr_carea' id='block_1_59' title="bbox 254 1530 1077 1571">
    <p class='ocr_par' dir='ltr' id='par_1_59' title="bbox 254 1530 1077 1571">
     <span class='ocr_line' id='line_1_59' title="bbox 254 1530 1077 1571; baseline 0.001 -10"><span class='ocrx_word' id='word_1_439' title='bbox 254 1530 422 1571; x_wconf 89' lang='lat' dir='ltr'><strong>injecerunt</strong></span> <span class='ocrx_word' id='word_1_440' title='bbox 432 1530 473 1561; x_wconf 88' lang='lat' dir='ltr'><strong>illi</strong></span> <span class='ocrx_word' id='word_1_441' title='bbox 485 1530 660 1562; x_wconf 87' lang='lat' dir='ltr'><strong>vestimenta</strong></span> <span class='ocrx_word' id='word_1_442' title='bbox 670 1530 873 1571; x_wconf 85' lang='lat' dir='ltr'><strong>sua,seditque</strong></span> <span class='ocrx_word' id='word_1_443' title='bbox 883 1539 973 1571; x_wconf 88' lang='lat' dir='ltr'><strong>super</strong></span> <span class='ocrx_word' id='word_1_444' title='bbox 981 1530 1077 1563; x_wconf 92' lang='lat' dir='ltr'><strong>illum.</strong></span> 
     </span>
    </p>
   </div>
   <div class='ocr_carea' id='block_1_60' title="bbox 253 1574 1078 1613">
    <p class='ocr_par' dir='ltr' id='par_1_60' title="bbox 253 1574 1078 1613">
     <span class='ocr_line' id='line_1_60' title="bbox 253 1574 1078 1613; baseline 0 -7"><span class='ocrx_word' id='word_1_445' title='bbox 253 1575 335 1606; x_wconf 85' lang='lat' dir='ltr'><strong>Multi</strong></span> <span class='ocrx_word' id='word_1_446' title='bbox 350 1583 419 1606; x_wconf 91' lang='lat' dir='ltr'><strong>vero</strong></span> <span class='ocrx_word' id='word_1_447' title='bbox 435 1574 610 1606; x_wconf 90' lang='lat' dir='ltr'><strong>vestimenta</strong></span> <span class='ocrx_word' id='word_1_448' title='bbox 624 1584 678 1606; x_wconf 81' lang='lat' dir='ltr'><strong>sua</strong></span> <span class='ocrx_word' id='word_1_449' title='bbox 693 1574 869 1606; x_wconf 88' lang='lat' dir='ltr'><strong>sternebant</strong></span> <span class='ocrx_word' id='word_1_450' title='bbox 881 1575 910 1606; x_wconf 92' lang='lat' dir='ltr'><strong>in</strong></span> <span class='ocrx_word' id='word_1_451' title='bbox 925 1574 1012 1613; x_wconf 84' lang='lat' dir='ltr'><strong>viam,</strong></span> <span class='ocrx_word' id='word_1_452' title='bbox 1029 1575 1078 1606; x_wconf 89' lang='lat' dir='ltr'><strong>alii</strong></span> 
     </span>
    </p>
   </div>
   <div class='ocr_carea' id='block_1_61' title="bbox 251 1618 1077 1658">
    <p class='ocr_par' dir='ltr' id='par_1_61' title="bbox 251 1618 1077 1658">
     <span class='ocr_line' id='line_1_61' title="bbox 251 1618 1077 1658; baseline 0 -8"><span class='ocrx_word' id='word_1_453' title='bbox 251 1629 322 1650; x_wconf 91' lang='lat' dir='ltr'><strong>vero</strong></span> <span class='ocrx_word' id='word_1_454' title='bbox 337 1619 459 1650; x_wconf 80' lang='lat' dir='ltr'><strong>frondes</strong></span> <span class='ocrx_word' id='word_1_455' title='bbox 472 1618 645 1650; x_wconf 87' lang='lat' dir='ltr'><strong>incidebant</strong></span> <span class='ocrx_word' id='word_1_456' title='bbox 667 1629 703 1650; x_wconf 82' lang='lat' dir='ltr'><strong>ex</strong></span> <span class='ocrx_word' id='word_1_457' title='bbox 729 1619 897 1658; x_wconf 86' lang='lat' dir='ltr'><strong>arboribus,</strong></span> <span class='ocrx_word' id='word_1_458' title='bbox 915 1624 944 1650; x_wconf 88' lang='lat' dir='ltr'><strong>et</strong></span> <span class='ocrx_word' id='word_1_459' title='bbox 959 1623 1077 1651; x_wconf 87' lang='lat' dir='ltr'><strong>sterne-</strong></span> 
     </span>
    </p>
   </div>
   <div class='ocr_carea' id='block_1_62' title="bbox 252 1664 1076 1705">
    <p class='ocr_par' dir='ltr' id='par_1_62' title="bbox 252 1664 1076 1705">
     <span class='ocr_line' id='line_1_62' title="bbox 252 1664 1076 1705; baseline 0.001 -10"><span class='ocrx_word' id='word_1_460' title='bbox 252 1664 323 1696; x_wconf 86' lang='lat' dir='ltr'><strong>bant</strong></span> <span class='ocrx_word' id='word_1_461' title='bbox 334 1665 363 1695; x_wconf 92' lang='lat' dir='ltr'><strong>in</strong></span> <span class='ocrx_word' id='word_1_462' title='bbox 378 1664 465 1696; x_wconf 88' lang='lat' dir='ltr'><strong>viam.</strong></span> <span class='ocrx_word' id='word_1_463' title='bbox 481 1665 518 1696; x_wconf 86' lang='lat' dir='ltr'><strong>Et</strong></span> <span class='ocrx_word' id='word_1_464' title='bbox 537 1664 587 1704; x_wconf 89' lang='lat' dir='ltr'><strong>qui</strong></span> <span class='ocrx_word' id='word_1_465' title='bbox 612 1664 819 1705; x_wconf 68' lang='lat' dir='ltr'><strong>praecedebant</strong></span> <span class='ocrx_word' id='word_1_466' title='bbox 834 1665 943 1705; x_wconf 88' lang='lat' dir='ltr'><strong>quique</strong></span> <span class='ocrx_word' id='word_1_467' title='bbox 966 1674 1076 1705; x_wconf 86' lang='lat' dir='ltr'><strong>seque-</strong></span> 
     </span>
    </p>
   </div>
   <div class='ocr_carea' id='block_1_63' title="bbox 252 1709 1077 1747">
    <p class='ocr_par' dir='ltr' id='par_1_63' title="bbox 252 1709 1077 1747">
     <span class='ocr_line' id='line_1_63' title="bbox 252 1709 1077 1747; baseline 0.001 -7"><span class='ocrx_word' id='word_1_468' title='bbox 252 1709 361 1741; x_wconf 85' lang='lat' dir='ltr'><strong>bantur</strong></span> <span class='ocrx_word' id='word_1_469' title='bbox 375 1709 542 1741; x_wconf 82' lang='lat' dir='ltr'><strong>clamabant</strong></span> <span class='ocrx_word' id='word_1_470' title='bbox 555 1709 689 1740; x_wconf 86' lang='lat' dir='ltr'><strong>dicentes</strong></span> <span class='ocrx_word' id='word_1_471' title='bbox 705 1718 712 1739; x_wconf 87' lang='lat'><strong><em>:</em></strong></span> <span class='ocrx_word' id='word_1_472' title='bbox 730 1709 879 1747; x_wconf 82' lang='lat' dir='ltr'><strong>Hosanna,</strong></span> <span class='ocrx_word' id='word_1_473' title='bbox 899 1710 1077 1741; x_wconf 86' lang='lat' dir='ltr'><strong>benedictus</strong></span> 
     </span>
    </p>
   </div>
   <div class='ocr_carea' id='block_1_64' title="bbox 250 1753 1078 1795">
    <p class='ocr_par' dir='ltr' id='par_1_64' title="bbox 250 1753 1078 1795">
     <span class='ocr_line' id='line_1_64' title="bbox 250 1753 1078 1795; baseline 0.001 -11"><span class='ocrx_word' id='word_1_474' title='bbox 250 1755 299 1795; x_wconf 88' lang='lat' dir='ltr'><strong>qui</strong></span> <span class='ocrx_word' id='word_1_475' title='bbox 314 1754 394 1785; x_wconf 85' lang='lat' dir='ltr'><strong>venit</strong></span> <span class='ocrx_word' id='word_1_476' title='bbox 408 1754 438 1784; x_wconf 93' lang='lat' dir='ltr'><strong>in</strong></span> <span class='ocrx_word' id='word_1_477' title='bbox 454 1754 575 1785; x_wconf 92' lang='lat' dir='ltr'><strong>nomine</strong></span> <span class='ocrx_word' id='word_1_478' title='bbox 589 1754 718 1785; x_wconf 90' lang='lat' dir='ltr'><strong>Domini.</strong></span> <span class='ocrx_word' id='word_1_479' title='bbox 735 1753 930 1786; x_wconf 85' lang='lat' dir='ltr'><strong>Benedictum</strong></span> <span class='ocrx_word' id='word_1_480' title='bbox 941 1755 1020 1795; x_wconf 90' lang='lat' dir='ltr'><strong>quod</strong></span> <span class='ocrx_word' id='word_1_481' title='bbox 1030 1763 1078 1785; x_wconf 89' lang='lat' dir='ltr'><strong>ve-</strong></span> 
     </span>
    </p>
   </div>
   <div class='ocr_carea' id='block_1_65' title="bbox 251 1798 1074 1840">
    <p class='ocr_par' dir='ltr' id='par_1_65' title="bbox 251 1798 1074 1840">
     <span class='ocr_line' id='line_1_65' title="bbox 251 1798 1074 1840; baseline 0 -10"><span class='ocrx_word' id='word_1_482' title='bbox 251 1799 295 1831; x_wconf 88' lang='lat' dir='ltr'><strong>nit</strong></span> <span class='ocrx_word' id='word_1_483' title='bbox 305 1798 476 1838; x_wconf 72' lang='lat' dir='ltr'><strong>regnum,in</strong></span> <span class='ocrx_word' id='word_1_484' title='bbox 488 1799 607 1830; x_wconf 87' lang='lat' dir='ltr'><strong>nomine</strong></span> <span class='ocrx_word' id='word_1_485' title='bbox 615 1798 734 1830; x_wconf 92' lang='lat' dir='ltr'><strong>Domini</strong></span> <span class='ocrx_word' id='word_1_486' title='bbox 749 1799 839 1840; x_wconf 82' lang='lat' dir='ltr'><strong>patris</strong></span> <span class='ocrx_word' id='word_1_487' title='bbox 855 1799 948 1831; x_wconf 84' lang='lat' dir='ltr'><strong>nostri</strong></span> <span class='ocrx_word' id='word_1_488' title='bbox 965 1799 1074 1830; x_wconf 85' lang='lat' dir='ltr'><strong>David:</strong></span> 
     </span>
    </p>
   </div>
   <div class='ocr_carea' id='block_1_66' title="bbox 250 1843 1075 1884">
    <p class='ocr_par' dir='ltr' id='par_1_66' title="bbox 250 1843 1075 1884">
     <span class='ocr_line' id='line_1_66' title="bbox 250 1843 1075 1884; baseline -0.001 -8"><span class='ocrx_word' id='word_1_489' title='bbox 250 1844 390 1876; x_wconf 83' lang='lat' dir='ltr'><strong>Hosanna</strong></span> <span class='ocrx_word' id='word_1_490' title='bbox 405 1843 435 1874; x_wconf 91' lang='lat' dir='ltr'><strong>in</strong></span> <span class='ocrx_word' id='word_1_491' title='bbox 451 1843 634 1875; x_wconf 65' lang='lat' dir='ltr'><strong>altissimis.»</strong></span> <span class='ocrx_word' id='word_1_492' title='bbox 652 1843 809 1875; x_wconf 84' lang='lat' dir='ltr'><strong>Multitudo</strong></span> <span class='ocrx_word' id='word_1_493' title='bbox 825 1844 956 1884; x_wconf 87' lang='lat' dir='ltr'><strong>quandiu</strong></span> <span class='ocrx_word' id='word_1_494' title='bbox 972 1844 1075 1875; x_wconf 86' lang='lat' dir='ltr'><strong>incor-</strong></span> 
     </span>
    </p>
   </div>
   <div class='ocr_carea' id='block_1_67' title="bbox 247 1888 1078 1929">
    <p class='ocr_par' dir='ltr' id='par_1_67' title="bbox 247 1888 1078 1929">
     <span class='ocr_line' id='line_1_67' title="bbox 247 1888 1078 1929; baseline 0.002 -10"><span class='ocrx_word' id='word_1_495' title='bbox 247 1893 334 1929; x_wconf 83' lang='lat' dir='ltr'><strong>rupta</strong></span> <span class='ocrx_word' id='word_1_496' title='bbox 347 1892 456 1926; x_wconf 88' lang='lat' dir='ltr'><strong>manet,</strong></span> <span class='ocrx_word' id='word_1_497' title='bbox 464 1891 597 1927; x_wconf 82' lang='lat' dir='ltr'><strong>agnoscit</strong></span> <span class='ocrx_word' id='word_1_498' title='bbox 611 1891 756 1929; x_wconf 89' lang='lat' dir='ltr'><strong>quantum</strong></span> <span class='ocrx_word' id='word_1_499' title='bbox 772 1897 847 1929; x_wconf 93' lang='lat' dir='ltr'><strong>opus</strong></span> <span class='ocrx_word' id='word_1_500' title='bbox 862 1893 945 1920; x_wconf 81' lang='lat' dir='ltr'><strong>erat:</strong></span> <span class='ocrx_word' id='word_1_501' title='bbox 964 1888 1031 1920; x_wconf 90' lang='lat' dir='ltr'><strong>ideo</strong></span> <span class='ocrx_word' id='word_1_502' title='bbox 1047 1891 1078 1921; x_wconf 83' lang='lat' dir='ltr'><strong>et</strong></span> 
     </span>
    </p>
   </div>
   <div class='ocr_carea' id='block_1_68' title="bbox 249 1933 1079 1973">
    <p class='ocr_par' dir='ltr' id='par_1_68' title="bbox 249 1933 1079 1973">
     <span class='ocr_line' id='line_1_68' title="bbox 249 1933 1079 1973; baseline -0.002 -9"><span class='ocrx_word' id='word_1_503' title='bbox 249 1933 358 1973; x_wconf 88' lang='lat' dir='ltr'><strong>singuli</strong></span> <span class='ocrx_word' id='word_1_504' title='bbox 374 1942 427 1973; x_wconf 87' lang='lat' dir='ltr'><strong>pro</strong></span> <span class='ocrx_word' id='word_1_505' title='bbox 443 1933 555 1964; x_wconf 88' lang='lat' dir='ltr'><strong>viribus</strong></span> <span class='ocrx_word' id='word_1_506' title='bbox 564 1934 626 1964; x_wconf 87' lang='lat' dir='ltr'><strong>suis</strong></span> <span class='ocrx_word' id='word_1_507' title='bbox 638 1934 738 1965; x_wconf 83' lang='lat' dir='ltr'><strong>Jesum</strong></span> <span class='ocrx_word' id='word_1_508' title='bbox 750 1933 1079 1965; x_wconf 86' lang='lat' dir='ltr'><strong>venerantur.Laudan-</strong></span> 
     </span>
    </p>
   </div>
   <div class='ocr_carea' id='block_1_69' title="bbox 249 1977 1078 2018">
    <p class='ocr_par' dir='ltr' id='par_1_69' title="bbox 249 1977 1078 2018">
     <span class='ocr_line' id='line_1_69' title="bbox 249 1977 1078 2018; baseline 0.001 -10"><span class='ocrx_word' id='word_1_509' title='bbox 249 1983 293 2009; x_wconf 87' lang='lat' dir='ltr'><strong>tes</strong></span> <span class='ocrx_word' id='word_1_510' title='bbox 308 1983 405 2009; x_wconf 91' lang='lat' dir='ltr'><strong>autem</strong></span> <span class='ocrx_word' id='word_1_511' title='bbox 427 1977 497 2018; x_wconf 93' lang='lat' dir='ltr'><strong>quid</strong></span> <span class='ocrx_word' id='word_1_512' title='bbox 515 1978 658 2018; x_wconf 85' lang='lat' dir='ltr'><strong>dixerint,</strong></span> <span class='ocrx_word' id='word_1_513' title='bbox 674 1977 838 2009; x_wconf 78' lang='lat' dir='ltr'><strong>videamus.</strong></span> <span class='ocrx_word' id='word_1_514' title='bbox 854 1979 876 2008; x_wconf 84' lang='lat' dir='ltr'><strong>A</strong></span> <span class='ocrx_word' id='word_1_515' title='bbox 893 1977 982 2008; x_wconf 88' lang='lat' dir='ltr'><strong>David</strong></span> <span class='ocrx_word' id='word_1_516' title='bbox 1005 1987 1078 2009; x_wconf 88' lang='lat' dir='ltr'><strong>sane</strong></span> 
     </span>
    </p>
   </div>
   <div class='ocr_carea' id='block_1_70' title="bbox 248 2021 1076 2063">
    <p class='ocr_par' dir='ltr' id='par_1_70' title="bbox 248 2021 1076 2063">
     <span class='ocr_line' id='line_1_70' title="bbox 248 2021 1076 2063; baseline 0.001 -10"><span class='ocrx_word' id='word_1_517' title='bbox 248 2023 389 2063; x_wconf 79' lang='lat' dir='ltr'><strong>hymnum</strong></span> <span class='ocrx_word' id='word_1_518' title='bbox 416 2022 499 2053; x_wconf 90' lang='lat' dir='ltr'><strong>illum</strong></span> <span class='ocrx_word' id='word_1_519' title='bbox 529 2031 696 2063; x_wconf 86' lang='lat' dir='ltr'><strong>sumpsere.</strong></span> <span class='ocrx_word' id='word_1_520' title='bbox 715 2023 804 2052; x_wconf 88' lang='lat' dir='ltr'><strong>Porro</strong></span> <span class='ocrx_word' id='word_1_521' title='bbox 834 2021 972 2053; x_wconf 80' lang='lat' dir='ltr'><strong>Hosanna</strong></span> <span class='ocrx_word' id='word_1_522' title='bbox 991 2023 1076 2062; x_wconf 82' lang='lat' dir='ltr'><strong>juxta</strong></span> 
     </span>
    </p>
   </div>
   <div class='ocr_carea' id='block_1_71' title="bbox 248 2066 1073 2107">
    <p class='ocr_par' dir='ltr' id='par_1_71' title="bbox 248 2066 1073 2107">
     <span class='ocr_line' id='line_1_71' title="bbox 248 2066 1073 2107; baseline 0 -9"><span class='ocrx_word' id='word_1_523' title='bbox 248 2068 390 2107; x_wconf 87' lang='lat' dir='ltr'><strong>quosdam</strong></span> <span class='ocrx_word' id='word_1_524' title='bbox 402 2066 560 2107; x_wconf 83' lang='lat' dir='ltr'><strong>signiﬁcat,</strong></span> <span class='ocrx_word' id='word_1_525' title='bbox 575 2066 795 2101; x_wconf 86' lang='lat' dir='ltr'><strong>salva,obsecro</strong></span> <span class='ocrx_word' id='word_1_526' title='bbox 808 2077 815 2098; x_wconf 72' lang='grc' dir='ltr'>ε</span> <span class='ocrx_word' id='word_1_527' title='bbox 828 2066 913 2106; x_wconf 84' lang='lat' dir='ltr'><strong>juxta</strong></span> <span class='ocrx_word' id='word_1_528' title='bbox 928 2067 1073 2107; x_wconf 91' lang='lat' dir='ltr'><strong>quosdam</strong></span> 
     </span>
    </p>
   </div>
   <div class='ocr_carea' id='block_1_72' title="bbox 1120 1529 1932 1571">
    <p class='ocr_par' dir='ltr' id='par_1_72' title="bbox 1120 1529 1932 1571">
     <span class='ocr_line' id='line_1_72' title="bbox 1120 1529 1932 1571; baseline -0.004 -12"><span class='ocrx_word' id='word_1_529' title='bbox 1120 1532 1164 1559; x_wconf 80' lang='grc' dir='ltr'><strong>καὶ</strong></span> <span class='ocrx_word' id='word_1_530' title='bbox 1192 1529 1322 1559; x_wconf 75' lang='grc' dir='ltr'>ἐπέϐαλον</span> <span class='ocrx_word' id='word_1_531' title='bbox 1364 1532 1436 1568; x_wconf 78' lang='grc' dir='ltr'><strong>αὒτῷ</strong></span> <span class='ocrx_word' id='word_1_532' title='bbox 1475 1531 1509 1559; x_wconf 82' lang='grc' dir='ltr'>τὰ</span> <span class='ocrx_word' id='word_1_533' title='bbox 1550 1530 1644 1569; x_wconf 80' lang='grc' dir='ltr'>ἱμάτια</span> <span class='ocrx_word' id='word_1_534' title='bbox 1685 1533 1786 1571; x_wconf 77' lang='grc' dir='ltr'>αὖτῶν,</span> <span class='ocrx_word' id='word_1_535' title='bbox 1815 1531 1858 1559; x_wconf 79' lang='grc' dir='ltr'><strong>καὶ</strong></span> <span class='ocrx_word' id='word_1_536' title='bbox 1884 1529 1932 1557; x_wconf 69' lang='grc' dir='ltr'><strong>ἐκέ-</strong></span> 
     </span>
    </p>
   </div>
   <div class='ocr_carea' id='block_1_73' title="bbox 1119 1575 1932 1614">
    <p class='ocr_par' dir='ltr' id='par_1_73' title="bbox 1119 1575 1932 1614">
     <span class='ocr_line' id='line_1_73' title="bbox 1119 1575 1932 1614; baseline 0 -11"><span class='ocrx_word' id='word_1_537' title='bbox 1119 1577 1190 1604; x_wconf 79' lang='grc' dir='ltr'>θισεν</span> <span class='ocrx_word' id='word_1_538' title='bbox 1218 1575 1261 1604; x_wconf 75' lang='grc' dir='ltr'><strong>ἐπ’</strong></span> <span class='ocrx_word' id='word_1_539' title='bbox 1283 1575 1374 1607; x_wconf 73' lang='grc' dir='ltr'>αὐτόν.</span> <span class='ocrx_word' id='word_1_540' title='bbox 1403 1575 1501 1604; x_wconf 81' lang='grc' dir='ltr'>Πολλοὶ</span> <span class='ocrx_word' id='word_1_541' title='bbox 1521 1575 1549 1603; x_wconf 72' lang='grc' dir='ltr'>δὲ</span> <span class='ocrx_word' id='word_1_542' title='bbox 1566 1576 1599 1604; x_wconf 78' lang='grc' dir='ltr'>τὰ</span> <span class='ocrx_word' id='word_1_543' title='bbox 1612 1575 1705 1613; x_wconf 76' lang='grc' dir='ltr'>ἱμάτια</span> <span class='ocrx_word' id='word_1_544' title='bbox 1731 1578 1819 1605; x_wconf 79' lang='grc' dir='ltr'>αὐτῶν</span> <span class='ocrx_word' id='word_1_545' title='bbox 1846 1575 1932 1614; x_wconf 75' lang='grc' dir='ltr'>’ἐστρω-</span> 
     </span>
    </p>
   </div>
   <div class='ocr_carea' id='block_1_74' title="bbox 1120 1619 1934 1654">
    <p class='ocr_par' dir='ltr' id='par_1_74' title="bbox 1120 1619 1934 1654">
     <span class='ocr_line' id='line_1_74' title="bbox 1120 1619 1934 1654; baseline -0.001 -6"><span class='ocrx_word' id='word_1_546' title='bbox 1120 1631 1168 1649; x_wconf 79' lang='grc' dir='ltr'><strong>σαν</strong></span> <span class='ocrx_word' id='word_1_547' title='bbox 1198 1620 1235 1652; x_wconf 79' lang='grc' dir='ltr'><strong>εἰς</strong></span> <span class='ocrx_word' id='word_1_548' title='bbox 1263 1620 1312 1654; x_wconf 81' lang='grc' dir='ltr'>τὴν</span> <span class='ocrx_word' id='word_1_549' title='bbox 1334 1619 1394 1648; x_wconf 83' lang='grc' dir='ltr'>ὁδόν</span> <span class='ocrx_word' id='word_1_550' title='bbox 1409 1629 1417 1638; x_wconf 81' lang='grc'><strong><em>⁸</em></strong></span> <span class='ocrx_word' id='word_1_551' title='bbox 1434 1619 1510 1649; x_wconf 77' lang='grc' dir='ltr'>ἄλλοι</span> <span class='ocrx_word' id='word_1_552' title='bbox 1532 1619 1560 1648; x_wconf 76' lang='grc' dir='ltr'>δὲ</span> <span class='ocrx_word' id='word_1_553' title='bbox 1576 1619 1700 1653; x_wconf 64' lang='grc' dir='ltr'>στιϐαδας</span> <span class='ocrx_word' id='word_1_554' title='bbox 1723 1619 1838 1649; x_wconf 74' lang='grc' dir='ltr'>ἔκοπτον</span> <span class='ocrx_word' id='word_1_555' title='bbox 1853 1619 1934 1648; x_wconf 57' lang='lat' dir='ltr'><strong>latim</strong></span> 
     </span>
    </p>
   </div>
   <div class='ocr_carea' id='block_1_75' title="bbox 1119 1663 1932 1705">
    <p class='ocr_par' dir='ltr' id='par_1_75' title="bbox 1119 1663 1932 1705">
     <span class='ocr_line' id='line_1_75' title="bbox 1119 1663 1932 1705; baseline -0.001 -12"><span class='ocrx_word' id='word_1_556' title='bbox 1119 1663 1243 1705; x_wconf 83' lang='grc' dir='ltr'>δένδρων,</span> <span class='ocrx_word' id='word_1_557' title='bbox 1272 1665 1317 1693; x_wconf 82' lang='grc' dir='ltr'><strong>καὶ</strong></span> <span class='ocrx_word' id='word_1_558' title='bbox 1344 1664 1505 1704; x_wconf 75' lang='grc' dir='ltr'>ἐστρώννυον</span> <span class='ocrx_word' id='word_1_559' title='bbox 1527 1665 1564 1697; x_wconf 81' lang='grc' dir='ltr'>εἷς</span> <span class='ocrx_word' id='word_1_560' title='bbox 1585 1665 1636 1693; x_wconf 55' lang='grc' dir='ltr'><strong>τὴν</strong></span> <span class='ocrx_word' id='word_1_561' title='bbox 1665 1663 1739 1697; x_wconf 79' lang='grc' dir='ltr'>ὁδόν,</span> <span class='ocrx_word' id='word_1_562' title='bbox 1765 1666 1815 1694; x_wconf 71' lang='grc' dir='ltr'>Καὶ</span> <span class='ocrx_word' id='word_1_563' title='bbox 1835 1665 1858 1693; x_wconf 80' lang='grc' dir='ltr'>οἷ</span> <span class='ocrx_word' id='word_1_564' title='bbox 1882 1673 1932 1703; x_wconf 82' lang='grc' dir='ltr'>προ·</span> 
     </span>
    </p>
   </div>
   <div class='ocr_carea' id='block_1_76' title="bbox 1118 1708 1929 1748">
    <p class='ocr_par' dir='ltr' id='par_1_76' title="bbox 1118 1708 1929 1748">
     <span class='ocr_line' id='line_1_76' title="bbox 1118 1708 1929 1748; baseline -0.001 -10"><span class='ocrx_word' id='word_1_565' title='bbox 1118 1710 1229 1748; x_wconf 84' lang='grc' dir='ltr'>ἀγοντες</span> <span class='ocrx_word' id='word_1_566' title='bbox 1268 1710 1312 1737; x_wconf 81' lang='grc' dir='ltr'><strong>καὶ</strong></span> <span class='ocrx_word' id='word_1_567' title='bbox 1350 1710 1373 1738; x_wconf 79' lang='grc' dir='ltr'>οἱ</span> <span class='ocrx_word' id='word_1_568' title='bbox 1414 1708 1618 1741; x_wconf 77' lang='grc' dir='ltr'>ἂκολοῦθοῦντις</span> <span class='ocrx_word' id='word_1_569' title='bbox 1654 1709 1765 1748; x_wconf 78' lang='grc' dir='ltr'>ἔκραζον</span> <span class='ocrx_word' id='word_1_570' title='bbox 1802 1708 1929 1748; x_wconf 74' lang='grc' dir='ltr'>λέγοντες.</span> 
     </span>
    </p>
   </div>
   <div class='ocr_carea' id='block_1_77' title="bbox 1120 1750 1930 1795">
    <p class='ocr_par' dir='ltr' id='par_1_77' title="bbox 1120 1750 1930 1795">
     <span class='ocr_line' id='line_1_77' title="bbox 1120 1750 1930 1795; baseline 0.001 -13"><span class='ocrx_word' id='word_1_571' title='bbox 1120 1750 1235 1783; x_wconf 79' lang='grc' dir='ltr'>Ὠσαννὰ</span> <span class='ocrx_word' id='word_1_572' title='bbox 1263 1753 1443 1794; x_wconf 69' lang='grc' dir='ltr'>εὐλογημένος</span> <span class='ocrx_word' id='word_1_573' title='bbox 1470 1755 1484 1783; x_wconf 80' lang='grc' dir='ltr'><strong>ὁ</strong></span> <span class='ocrx_word' id='word_1_574' title='bbox 1501 1754 1649 1795; x_wconf 72' lang='grc' dir='ltr'>ἐρχόμενος</span> <span class='ocrx_word' id='word_1_575' title='bbox 1664 1754 1691 1783; x_wconf 72' lang='grc' dir='ltr'>ἓν</span> <span class='ocrx_word' id='word_1_576' title='bbox 1707 1755 1820 1793; x_wconf 75' lang='grc' dir='ltr'>ὀνόματι</span> <span class='ocrx_word' id='word_1_577' title='bbox 1842 1753 1930 1792; x_wconf 68' lang='grc' dir='ltr'>κυρίαν.</span> 
     </span>
    </p>
   </div>
   <div class='ocr_carea' id='block_1_78' title="bbox 1119 1797 1931 1840">
    <p class='ocr_par' dir='ltr' id='par_1_78' title="bbox 1119 1797 1931 1840">
     <span class='ocr_line' id='line_1_78' title="bbox 1119 1797 1931 1840; baseline -0.002 -13"><span class='ocrx_word' id='word_1_578' title='bbox 1119 1798 1295 1838; x_wconf 59' lang='grc' dir='ltr'>Εὐλογημένη</span> <span class='ocrx_word' id='word_1_579' title='bbox 1323 1800 1340 1833; x_wconf 78' lang='grc' dir='ltr'>ἡ</span> <span class='ocrx_word' id='word_1_580' title='bbox 1369 1799 1505 1840; x_wconf 73' lang='grc' dir='ltr'>ἐρχομένη</span> <span class='ocrx_word' id='word_1_581' title='bbox 1525 1799 1647 1837; x_wconf 84' lang='grc' dir='ltr'>βασιλεία</span> <span class='ocrx_word' id='word_1_582' title='bbox 1670 1800 1698 1827; x_wconf 64' lang='lat' dir='ltr'><strong>iv</strong></span> <span class='ocrx_word' id='word_1_583' title='bbox 1719 1800 1831 1838; x_wconf 69' lang='grc' dir='ltr'>ὀνόματι</span> <span class='ocrx_word' id='word_1_584' title='bbox 1852 1797 1931 1837; x_wconf 53' lang='grc' dir='ltr'>Κυρίου</span> 
     </span>
    </p>
   </div>
   <div class='ocr_carea' id='block_1_79' title="bbox 1118 1840 1929 1882">
    <p class='ocr_par' dir='ltr' id='par_1_79' title="bbox 1118 1840 1929 1882">
     <span class='ocr_line' id='line_1_79' title="bbox 1118 1840 1929 1882; baseline -0.001 -11"><span class='ocrx_word' id='word_1_585' title='bbox 1118 1846 1165 1871; x_wconf 81' lang='grc' dir='ltr'>τοῦ</span> <span class='ocrx_word' id='word_1_586' title='bbox 1179 1844 1278 1882; x_wconf 78' lang='grc' dir='ltr'>πατρὸς</span> <span class='ocrx_word' id='word_1_587' title='bbox 1293 1844 1371 1882; x_wconf 78' lang='grc' dir='ltr'>ἡμῶν</span> <span class='ocrx_word' id='word_1_588' title='bbox 1393 1843 1473 1872; x_wconf 80' lang='grc' dir='ltr'>Δαϐίδ</span> <span class='ocrx_word' id='word_1_589' title='bbox 1488 1852 1495 1859; x_wconf 93' lang='grc'><strong>·</strong></span> <span class='ocrx_word' id='word_1_590' title='bbox 1524 1840 1639 1873; x_wconf 80' lang='grc' dir='ltr'>Ὠσαννὰ</span> <span class='ocrx_word' id='word_1_591' title='bbox 1664 1844 1692 1873; x_wconf 73' lang='grc' dir='ltr'>ἒν</span> <span class='ocrx_word' id='word_1_592' title='bbox 1705 1851 1767 1876; x_wconf 87' lang='grc' dir='ltr'>τοτς</span> <span class='ocrx_word' id='word_1_593' title='bbox 1781 1843 1902 1882; x_wconf 80' lang='grc' dir='ltr'>ὑψίστοις.</span> <span class='ocrx_word' id='word_1_594' title='bbox 1918 1852 1929 1867; x_wconf 75' lang='grc' dir='ltr'><strong>ι</strong></span> 
     </span>
    </p>
   </div>
   <div class='ocr_carea' id='block_1_80' title="bbox 1119 1887 1929 1929">
    <p class='ocr_par' dir='ltr' id='par_1_80' title="bbox 1119 1887 1929 1929">
     <span class='ocr_line' id='line_1_80' title="bbox 1119 1887 1929 1929; baseline -0.001 -13"><span class='ocrx_word' id='word_1_595' title='bbox 1119 1888 1154 1916; x_wconf 81' lang='grc' dir='ltr'><strong>τὸ</strong></span> <span class='ocrx_word' id='word_1_596' title='bbox 1183 1887 1284 1921; x_wconf 77' lang='grc' dir='ltr'>πλῆθος</span> <span class='ocrx_word' id='word_1_597' title='bbox 1312 1888 1408 1928; x_wconf 80' lang='grc' dir='ltr'>μέχρις</span> <span class='ocrx_word' id='word_1_598' title='bbox 1439 1889 1471 1916; x_wconf 80' lang='grc' dir='ltr'><strong>ἂν</strong></span> <span class='ocrx_word' id='word_1_599' title='bbox 1501 1888 1658 1929; x_wconf 71' lang='grc' dir='ltr'>ἀδιάφθορον</span> <span class='ocrx_word' id='word_1_600' title='bbox 1685 1889 1767 1928; x_wconf 77' lang='grc' dir='ltr'>μένῃ,</span> <span class='ocrx_word' id='word_1_601' title='bbox 1786 1887 1929 1928; x_wconf 71' lang='grc' dir='ltr'>ιπιγνώσκει</span> 
     </span>
    </p>
   </div>
   <div class='ocr_carea' id='block_1_81' title="bbox 1119 1931 1929 1972">
    <p class='ocr_par' dir='ltr' id='par_1_81' title="bbox 1119 1931 1929 1972">
     <span class='ocr_line' id='line_1_81' title="bbox 1119 1931 1929 1972; baseline 0.001 -12"><span class='ocrx_word' id='word_1_602' title='bbox 1119 1933 1150 1961; x_wconf 80' lang='grc' dir='ltr'><strong>τὸ</strong></span> <span class='ocrx_word' id='word_1_603' title='bbox 1171 1931 1241 1965; x_wconf 83' lang='grc' dir='ltr'>δέον,</span> <span class='ocrx_word' id='word_1_604' title='bbox 1273 1934 1321 1961; x_wconf 87' lang='grc' dir='ltr'>Διὰ</span> <span class='ocrx_word' id='word_1_605' title='bbox 1348 1934 1394 1962; x_wconf 91' lang='grc' dir='ltr'><strong>καί</strong></span> <span class='ocrx_word' id='word_1_606' title='bbox 1419 1937 1516 1972; x_wconf 81' lang='grc' dir='ltr'>τιμῶσι</span> <span class='ocrx_word' id='word_1_607' title='bbox 1544 1935 1589 1962; x_wconf 84' lang='grc' dir='ltr'><strong>τὸν</strong></span> <span class='ocrx_word' id='word_1_608' title='bbox 1627 1934 1732 1968; x_wconf 81' lang='grc' dir='ltr'>ἰησοὺν</span> <span class='ocrx_word' id='word_1_609' title='bbox 1765 1934 1873 1964; x_wconf 72' lang='grc' dir='ltr'>ἕκαστος</span> <span class='ocrx_word' id='word_1_610' title='bbox 1901 1932 1929 1961; x_wconf 75' lang='grc' dir='ltr'><strong>ὧς</strong></span> 
     </span>
    </p>
   </div>
   <div class='ocr_carea' id='block_1_82' title="bbox 1120 1976 1927 2018">
    <p class='ocr_par' dir='ltr' id='par_1_82' title="bbox 1120 1976 1927 2018">
     <span class='ocr_line' id='line_1_82' title="bbox 1120 1976 1927 2018; baseline 0.001 -13"><span class='ocrx_word' id='word_1_611' title='bbox 1120 1978 1186 2017; x_wconf 76' lang='grc' dir='ltr'>εἶχε</span> <span class='ocrx_word' id='word_1_612' title='bbox 1205 1977 1352 2016; x_wconf 71' lang='grc' dir='ltr'>δυνάμεως.</span> <span class='ocrx_word' id='word_1_613' title='bbox 1376 1978 1406 2008; x_wconf 81' lang='lat' dir='ltr'><strong>Ol.</strong></span> <span class='ocrx_word' id='word_1_614' title='bbox 1432 1977 1460 2006; x_wconf 80' lang='grc' dir='ltr'>δὲ</span> <span class='ocrx_word' id='word_1_615' title='bbox 1481 1980 1623 2017; x_wconf 78' lang='grc' dir='ltr'>ὑμνοῦντες</span> <span class='ocrx_word' id='word_1_616' title='bbox 1651 1979 1676 2007; x_wconf 89' lang='grc' dir='ltr'><strong>τί</strong></span> <span class='ocrx_word' id='word_1_617' title='bbox 1704 1978 1808 2018; x_wconf 77' lang='grc' dir='ltr'>ἔλεγον,</span> <span class='ocrx_word' id='word_1_618' title='bbox 1831 1976 1927 2014; x_wconf 54' lang='grc' dir='ltr'>ἴδομεν.</span> 
     </span>
    </p>
   </div>
   <div class='ocr_carea' id='block_1_83' title="bbox 1118 2019 1928 2062">
    <p class='ocr_par' dir='ltr' id='par_1_83' title="bbox 1118 2019 1928 2062">
     <span class='ocr_line' id='line_1_83' title="bbox 1118 2019 1928 2062; baseline 0 -12"><span class='ocrx_word' id='word_1_619' title='bbox 1118 2020 1166 2051; x_wconf 84' lang='grc' dir='ltr'>Ἐκ</span> <span class='ocrx_word' id='word_1_620' title='bbox 1187 2026 1232 2051; x_wconf 79' lang='grc' dir='ltr'><strong>τοῦ</strong></span> <span class='ocrx_word' id='word_1_621' title='bbox 1256 2021 1336 2050; x_wconf 76' lang='grc' dir='ltr'>Δαϐἱδ</span> <span class='ocrx_word' id='word_1_622' title='bbox 1356 2023 1406 2060; x_wconf 77' lang='grc' dir='ltr'>μὲν</span> <span class='ocrx_word' id='word_1_623' title='bbox 1427 2024 1473 2052; x_wconf 79' lang='grc' dir='ltr'>τὸν</span> <span class='ocrx_word' id='word_1_624' title='bbox 1501 2023 1582 2062; x_wconf 70' lang='grc' dir='ltr'>ὕμνον</span> <span class='ocrx_word' id='word_1_625' title='bbox 1601 2029 1694 2054; x_wconf 82' lang='grc' dir='ltr'>τοῦτον</span> <span class='ocrx_word' id='word_1_626' title='bbox 1723 2022 1830 2052; x_wconf 78' lang='grc' dir='ltr'>ἔλαϐον.</span> <span class='ocrx_word' id='word_1_627' title='bbox 1855 2022 1887 2051; x_wconf 80' lang='grc' dir='ltr'>Τὸ</span> <span class='ocrx_word' id='word_1_628' title='bbox 1907 2019 1928 2048; x_wconf 65' lang='grc' dir='ltr'>δὲ</span> 
     </span>
    </p>
   </div>
   <div class='ocr_carea' id='block_1_84' title="bbox 1119 2062 1927 2109">
    <p class='ocr_par' dir='ltr' id='par_1_84' title="bbox 1119 2062 1927 2109">
     <span class='ocr_line' id='line_1_84' title="bbox 1119 2062 1927 2109; baseline 0.004 -15"><span class='ocrx_word' id='word_1_629' title='bbox 1119 2062 1244 2104; x_wconf 69' lang='grc' dir='ltr'>Ὠσαννὲ,</span> <span class='ocrx_word' id='word_1_630' title='bbox 1267 2068 1335 2096; x_wconf 77' lang='grc' dir='ltr'>κατὰ</span> <span class='ocrx_word' id='word_1_631' title='bbox 1356 2067 1405 2105; x_wconf 81' lang='grc' dir='ltr'><strong>μέν</strong></span> <span class='ocrx_word' id='word_1_632' title='bbox 1433 2079 1507 2100; x_wconf 83' lang='grc' dir='ltr'>τινας</span> <span class='ocrx_word' id='word_1_633' title='bbox 1537 2069 1673 2109; x_wconf 83' lang='grc' dir='ltr'>σημαίνει,</span> <span class='ocrx_word' id='word_1_634' title='bbox 1703 2071 1791 2096; x_wconf 81' lang='grc' dir='ltr'>σῶσον</span> <span class='ocrx_word' id='word_1_635' title='bbox 1815 2066 1857 2107; x_wconf 74' lang='grc' dir='ltr'>δὴ,</span> <span class='ocrx_word' id='word_1_636' title='bbox 1871 2065 1927 2093; x_wconf 71' lang='grc' dir='ltr'><strong>ιιιτᾶ</strong></span> 
     </span>
    </p>
   </div>
   <div class='ocr_carea' id='block_1_85' title="bbox 245 2111 1014 2158">
    <p class='ocr_par' dir='ltr' id='par_1_85' title="bbox 245 2111 1014 2158">
     <span class='ocr_line' id='line_1_85' title="bbox 245 2111 1014 2158; baseline -0.003 -16"><span class='ocrx_word' id='word_1_637' title='bbox 245 2111 619 2158; x_wconf 36' lang='grc' dir='ltr'>νοτοζίιςιηοιιωλζοειξυε</span> <span class='ocrx_word' id='word_1_638' title='bbox 633 2115 730 2142; x_wconf 88' lang='lat' dir='ltr'><strong>tamen</strong></span> <span class='ocrx_word' id='word_1_639' title='bbox 739 2115 792 2158; x_wconf 75' lang='lat' dir='ltr'><strong>est</strong></span> <span class='ocrx_word' id='word_1_640' title='bbox 806 2111 884 2158; x_wconf 85' lang='lat' dir='ltr'><strong>quod</strong></span> <span class='ocrx_word' id='word_1_641' title='bbox 901 2111 997 2152; x_wconf 90' lang='lat' dir='ltr'><strong>primo</strong></span> <span class='ocrx_word' id='word_1_642' title='bbox 1012 2125 1014 2139; x_wconf 74' lang='grc' dir='ltr'><strong>ι</strong></span> 
     </span>
    </p>
   </div>
   <div class='ocr_carea' id='block_1_86' title="bbox 1157 2111 1926 2158">
    <p class='ocr_par' dir='ltr' id='par_1_86' title="bbox 1163 2111 1926 2153">
     <span class='ocr_line' id='line_1_86' title="bbox 1163 2111 1926 2153; baseline 0 -13"><span class='ocrx_word' id='word_1_643' title='bbox 1163 2122 1235 2145; x_wconf 86' lang='grc' dir='ltr'>τινας</span> <span class='ocrx_word' id='word_1_644' title='bbox 1257 2112 1394 2150; x_wconf 80' lang='grc' dir='ltr'>σημαίνει,</span> <span class='ocrx_word' id='word_1_645' title='bbox 1422 2111 1517 2145; x_wconf 72' lang='grc' dir='ltr'>ὕμνος.</span> <span class='ocrx_word' id='word_1_646' title='bbox 1550 2112 1636 2150; x_wconf 79' lang='grc' dir='ltr'>Πλὴν,</span> <span class='ocrx_word' id='word_1_647' title='bbox 1665 2119 1790 2153; x_wconf 65' lang='grc' dir='ltr'>κρεῖττον</span> <span class='ocrx_word' id='word_1_648' title='bbox 1815 2112 1846 2140; x_wconf 77' lang='grc' dir='ltr'><strong>τὸ</strong></span> <span class='ocrx_word' id='word_1_649' title='bbox 1864 2112 1926 2149; x_wconf 74' lang='grc' dir='ltr'>πρῶ·</span> 
     </span>
    </p>
   </div>
   <div class='ocr_carea' id='block_1_87' title="bbox 251 2155 1071 2197">
    <p class='ocr_par' dir='ltr' id='par_1_87' title="bbox 251 2155 1071 2197">
     <span class='ocr_line' id='line_1_87' title="bbox 251 2155 1071 2197; baseline 0.001 -11"><span class='ocrx_word' id='word_1_650' title='bbox 251 2155 462 2187; x_wconf 85' lang='lat' dir='ltr'><strong>tum.Habetur</strong></span> <span class='ocrx_word' id='word_1_651' title='bbox 476 2155 556 2186; x_wconf 91' lang='lat' dir='ltr'><strong>enim</strong></span> <span class='ocrx_word' id='word_1_652' title='bbox 577 2156 607 2186; x_wconf 95' lang='lat' dir='ltr'><strong>in</strong></span> <span class='ocrx_word' id='word_1_653' title='bbox 634 2156 797 2186; x_wconf 89' lang='lat' dir='ltr'><strong>centesimo</strong></span> <span class='ocrx_word' id='word_1_654' title='bbox 813 2156 930 2187; x_wconf 86' lang='lat' dir='ltr'><strong>decimo</strong></span> <span class='ocrx_word' id='word_1_655' title='bbox 947 2156 1071 2197; x_wconf 89' lang='lat' dir='ltr'><strong>septimo</strong></span> 
     </span>
    </p>
   </div>
   <div class='ocr_carea' id='block_1_88' title="bbox 247 2199 1071 2242">
    <p class='ocr_par' dir='ltr' id='par_1_88' title="bbox 247 2199 1071 2242">
     <span class='ocr_line' id='line_1_88' title="bbox 247 2199 1071 2242; baseline 0.001 -11"><span class='ocrx_word' id='word_1_656' title='bbox 247 2200 410 2242; x_wconf 89' lang='lat' dir='ltr'><strong>psalmo,0</strong></span> <span class='ocrx_word' id='word_1_657' title='bbox 439 2199 574 2239; x_wconf 87' lang='lat' dir='ltr'><strong>Domine,</strong></span> <span class='ocrx_word' id='word_1_658' title='bbox 602 2201 692 2238; x_wconf 86' lang='lat' dir='ltr'><strong>salva,</strong></span> <span class='ocrx_word' id='word_1_659' title='bbox 724 2201 851 2232; x_wconf 89' lang='lat' dir='ltr'><strong>obsecro</strong></span> <span class='ocrx_word' id='word_1_660' title='bbox 869 2209 876 2232; x_wconf 92' lang='lat'>:</span> <span class='ocrx_word' id='word_1_661' title='bbox 893 2201 923 2232; x_wconf 92' lang='lat' dir='ltr'><strong>id</strong></span> <span class='ocrx_word' id='word_1_662' title='bbox 947 2201 1026 2242; x_wconf 88' lang='lat' dir='ltr'><strong>quod</strong></span> <span class='ocrx_word' id='word_1_663' title='bbox 1042 2201 1071 2232; x_wconf 93' lang='lat' dir='ltr'><strong>in</strong></span> 
     </span>
    </p>
   </div>
   <div class='ocr_carea' id='block_1_89' title="bbox 245 2244 1070 2286">
    <p class='ocr_par' dir='ltr' id='par_1_89' title="bbox 245 2244 1070 2286">
     <span class='ocr_line' id='line_1_89' title="bbox 245 2244 1070 2286; baseline 0 -9"><span class='ocrx_word' id='word_1_664' title='bbox 245 2245 395 2277; x_wconf 83' lang='lat' dir='ltr'><strong>Hebraico</strong></span> <span class='ocrx_word' id='word_1_665' title='bbox 417 2245 557 2277; x_wconf 83' lang='lat' dir='ltr'><strong>Hosanna</strong></span> <span class='ocrx_word' id='word_1_666' title='bbox 572 2246 714 2286; x_wconf 89' lang='lat' dir='ltr'><strong>scriptum</strong></span> <span class='ocrx_word' id='word_1_667' title='bbox 732 2249 786 2279; x_wconf 89' lang='lat' dir='ltr'><strong>est.</strong></span> <span class='ocrx_word' id='word_1_668' title='bbox 815 2244 948 2285; x_wconf 78' lang='lat' dir='ltr'><strong>Regnum</strong></span> <span class='ocrx_word' id='word_1_669' title='bbox 973 2250 1070 2277; x_wconf 86' lang='lat' dir='ltr'><strong>autem</strong></span> 
     </span>
    </p>
   </div>
   <div class='ocr_carea' id='block_1_90' title="bbox 245 2289 1073 2331">
    <p class='ocr_par' dir='ltr' id='par_1_90' title="bbox 245 2289 1073 2331">
     <span class='ocr_line' id='line_1_90' title="bbox 245 2289 1073 2331; baseline 0 -9"><span class='ocrx_word' id='word_1_670' title='bbox 245 2290 337 2322; x_wconf 82' lang='lat' dir='ltr'><strong>David</strong></span> <span class='ocrx_word' id='word_1_671' title='bbox 349 2299 473 2330; x_wconf 80' lang='lat' dir='ltr'><strong>regnum</strong></span> <span class='ocrx_word' id='word_1_672' title='bbox 486 2290 594 2322; x_wconf 91' lang='lat' dir='ltr'><strong>Christi</strong></span> <span class='ocrx_word' id='word_1_673' title='bbox 610 2289 823 2328; x_wconf 78' lang='lat' dir='ltr'><strong>dicebant,tum</strong></span> <span class='ocrx_word' id='word_1_674' title='bbox 836 2290 915 2331; x_wconf 90' lang='lat' dir='ltr'><strong>quod</strong></span> <span class='ocrx_word' id='word_1_675' title='bbox 930 2300 947 2321; x_wconf 70' lang='grc' dir='ltr'><strong>α</strong></span> <span class='ocrx_word' id='word_1_676' title='bbox 958 2291 1073 2322; x_wconf 84' lang='lat' dir='ltr'><strong>semine</strong></span> 
     </span>
    </p>
   </div>
   <div class='ocr_carea' id='block_1_91' title="bbox 245 2334 1071 2376">
    <p class='ocr_par' dir='ltr' id='par_1_91' title="bbox 245 2334 1071 2376">
     <span class='ocr_line' id='line_1_91' title="bbox 245 2334 1071 2376; baseline 0 -9"><span class='ocrx_word' id='word_1_677' title='bbox 245 2335 335 2367; x_wconf 78' lang='lat' dir='ltr'><strong>David</strong></span> <span class='ocrx_word' id='word_1_678' title='bbox 344 2335 490 2366; x_wconf 88' lang='lat' dir='ltr'><strong>deductus</strong></span> <span class='ocrx_word' id='word_1_679' title='bbox 501 2339 579 2366; x_wconf 86' lang='lat' dir='ltr'><strong>esset</strong></span> <span class='ocrx_word' id='word_1_680' title='bbox 589 2334 800 2376; x_wconf 87' lang='lat' dir='ltr'><strong>Christus,tum</strong></span> <span class='ocrx_word' id='word_1_681' title='bbox 816 2335 895 2376; x_wconf 91' lang='lat' dir='ltr'><strong>quod</strong></span> <span class='ocrx_word' id='word_1_682' title='bbox 911 2335 1000 2366; x_wconf 90' lang='lat' dir='ltr'><strong>David</strong></span> <span class='ocrx_word' id='word_1_683' title='bbox 1022 2336 1071 2367; x_wconf 90' lang='lat' dir='ltr'><strong>in-</strong></span> 
     </span>
    </p>
   </div>
   <div class='ocr_carea' id='block_1_92' title="bbox 245 2379 1069 2422">
    <p class='ocr_par' dir='ltr' id='par_1_92' title="bbox 245 2379 1069 2422">
     <span class='ocr_line' id='line_1_92' title="bbox 245 2379 1069 2422; baseline 0 -10"><span class='ocrx_word' id='word_1_684' title='bbox 245 2379 401 2422; x_wconf 86' lang='lat' dir='ltr'><strong>terpretari</strong></span> <span class='ocrx_word' id='word_1_685' title='bbox 410 2379 477 2421; x_wconf 84' lang='lat' dir='ltr'><strong>quis</strong></span> <span class='ocrx_word' id='word_1_686' title='bbox 485 2383 590 2420; x_wconf 80' lang='lat' dir='ltr'><strong>potest,</strong></span> <span class='ocrx_word' id='word_1_687' title='bbox 596 2383 745 2420; x_wconf 88' lang='lat' dir='ltr'><strong>potentem</strong></span> <span class='ocrx_word' id='word_1_688' title='bbox 755 2380 801 2411; x_wconf 91' lang='lat' dir='ltr'><strong>vel</strong></span> <span class='ocrx_word' id='word_1_689' title='bbox 814 2380 955 2411; x_wconf 88' lang='lat' dir='ltr'><strong>idoneum</strong></span> <span class='ocrx_word' id='word_1_690' title='bbox 968 2390 1069 2413; x_wconf 87' lang='lat' dir='ltr'><strong>manu.</strong></span> 
     </span>
    </p>
   </div>
   <div class='ocr_carea' id='block_1_93' title="bbox 245 2424 1070 2466">
    <p class='ocr_par' dir='ltr' id='par_1_93' title="bbox 245 2424 1070 2466">
     <span class='ocr_line' id='line_1_93' title="bbox 245 2424 1070 2466; baseline -0.001 -9"><span class='ocrx_word' id='word_1_691' title='bbox 245 2425 317 2462; x_wconf 89' lang='lat' dir='ltr'><strong>Quis</strong></span> <span class='ocrx_word' id='word_1_692' title='bbox 332 2429 429 2456; x_wconf 92' lang='lat' dir='ltr'><strong>autem</strong></span> <span class='ocrx_word' id='word_1_693' title='bbox 444 2424 522 2456; x_wconf 87' lang='lat' dir='ltr'><strong>alius</strong></span> <span class='ocrx_word' id='word_1_694' title='bbox 537 2433 624 2455; x_wconf 91' lang='lat' dir='ltr'><strong>manu</strong></span> <span class='ocrx_word' id='word_1_695' title='bbox 640 2434 736 2465; x_wconf 90' lang='lat' dir='ltr'><strong>usque</strong></span> <span class='ocrx_word' id='word_1_696' title='bbox 750 2425 827 2456; x_wconf 89' lang='lat' dir='ltr'><strong>adeo</strong></span> <span class='ocrx_word' id='word_1_697' title='bbox 844 2424 958 2456; x_wconf 87' lang='lat' dir='ltr'><strong>validus</strong></span> <span class='ocrx_word' id='word_1_698' title='bbox 973 2429 1002 2456; x_wconf 87' lang='lat' dir='ltr'><strong>et</strong></span> <span class='ocrx_word' id='word_1_699' title='bbox 1017 2435 1070 2466; x_wconf 87' lang='lat' dir='ltr'><strong>po-</strong></span> 
     </span>
    </p>
   </div>
   <div class='ocr_carea' id='block_1_94' title="bbox 245 2469 1067 2510">
    <p class='ocr_par' dir='ltr' id='par_1_94' title="bbox 245 2469 1067 2510">
     <span class='ocr_line' id='line_1_94' title="bbox 245 2469 1067 2510; baseline -0.001 -9"><span class='ocrx_word' id='word_1_700' title='bbox 245 2475 311 2502; x_wconf 88' lang='lat' dir='ltr'><strong>tens</strong></span> <span class='ocrx_word' id='word_1_701' title='bbox 327 2475 359 2501; x_wconf 92' lang='lat' dir='ltr'><strong>ut</strong></span> <span class='ocrx_word' id='word_1_702' title='bbox 374 2469 619 2510; x_wconf 87' lang='lat' dir='ltr'><strong>Dominus,cujus</strong></span> <span class='ocrx_word' id='word_1_703' title='bbox 633 2479 738 2501; x_wconf 88' lang='lat' dir='ltr'><strong>manus</strong></span> <span class='ocrx_word' id='word_1_704' title='bbox 749 2473 829 2500; x_wconf 87' lang='lat' dir='ltr'><strong>tanta</strong></span> <span class='ocrx_word' id='word_1_705' title='bbox 843 2469 989 2501; x_wconf 87' lang='lat' dir='ltr'><strong>miracula</strong></span> <span class='ocrx_word' id='word_1_706' title='bbox 1001 2474 1067 2501; x_wconf 91' lang='lat' dir='ltr'><strong>sunt</strong></span> 
     </span>
    </p>
   </div>
   <div class='ocr_carea' id='block_1_95' title="bbox 245 2514 1070 2556">
    <p class='ocr_par' dir='ltr' id='par_1_95' title="bbox 245 2514 1070 2556">
     <span class='ocr_line' id='line_1_95' title="bbox 245 2514 1070 2556; baseline -0.001 -9"><span class='ocrx_word' id='word_1_707' title='bbox 245 2514 398 2556; x_wconf 59' lang='lat' dir='ltr'><strong>operata?</strong></span> <span class='ocrx_word' id='word_1_708' title='bbox 419 2515 563 2546; x_wconf 69' lang='lat' dir='ltr'><strong>Caeterum</strong></span> <span class='ocrx_word' id='word_1_709' title='bbox 589 2518 756 2545; x_wconf 89' lang='lat' dir='ltr'><strong>sternamus</strong></span> <span class='ocrx_word' id='word_1_710' title='bbox 771 2519 800 2546; x_wconf 91' lang='lat' dir='ltr'><strong>et</strong></span> <span class='ocrx_word' id='word_1_711' title='bbox 815 2524 869 2545; x_wconf 84' lang='lat' dir='ltr'><strong>nos</strong></span> <span class='ocrx_word' id='word_1_712' title='bbox 894 2514 1070 2546; x_wconf 87' lang='lat' dir='ltr'><strong>vestimenta</strong></span> 
     </span>
    </p>
   </div>
   <div class='ocr_carea' id='block_1_96' title="bbox 244 2558 1067 2601">
    <p class='ocr_par' dir='ltr' id='par_1_96' title="bbox 244 2558 1067 2601">
     <span class='ocr_line' id='line_1_96' title="bbox 244 2558 1067 2601; baseline -0.002 -9"><span class='ocrx_word' id='word_1_713' title='bbox 244 2564 357 2598; x_wconf 87' lang='lat' dir='ltr'><strong>nostra,</strong></span> <span class='ocrx_word' id='word_1_714' title='bbox 368 2560 424 2591; x_wconf 89' lang='lat' dir='ltr'><strong>hoc</strong></span> <span class='ocrx_word' id='word_1_715' title='bbox 439 2565 485 2590; x_wconf 77' lang='lat' dir='ltr'><strong>est</strong></span> <span class='ocrx_word' id='word_1_716' title='bbox 500 2558 739 2591; x_wconf 83' lang='lat' dir='ltr'><strong>carnem.Vestis</strong></span> <span class='ocrx_word' id='word_1_717' title='bbox 754 2559 835 2590; x_wconf 87' lang='lat' dir='ltr'><strong>enim</strong></span> <span class='ocrx_word' id='word_1_718' title='bbox 851 2559 969 2599; x_wconf 75' lang='lat' dir='ltr'><strong>animae,</strong></span> <span class='ocrx_word' id='word_1_719' title='bbox 986 2568 1067 2601; x_wconf 87' lang='lat' dir='ltr'><strong>caro,</strong></span> 
     </span>
    </p>
   </div>
   <div class='ocr_carea' id='block_1_97' title="bbox 244 2603 1069 2646">
    <p class='ocr_par' dir='ltr' id='par_1_97' title="bbox 244 2603 1069 2646">
     <span class='ocr_line' id='line_1_97' title="bbox 244 2603 1069 2646; baseline -0.002 -9"><span class='ocrx_word' id='word_1_720' title='bbox 244 2614 331 2646; x_wconf 85' lang='lat' dir='ltr'><strong>quam</strong></span> <span class='ocrx_word' id='word_1_721' title='bbox 342 2603 538 2644; x_wconf 84' lang='lat' dir='ltr'><strong>subjiciamus</strong></span> <span class='ocrx_word' id='word_1_722' title='bbox 552 2603 724 2644; x_wconf 85' lang='lat' dir='ltr'><strong>Domino,et</strong></span> <span class='ocrx_word' id='word_1_723' title='bbox 733 2607 900 2634; x_wconf 89' lang='lat' dir='ltr'><strong>sternamus</strong></span> <span class='ocrx_word' id='word_1_724' title='bbox 914 2603 992 2634; x_wconf 87' lang='lat' dir='ltr'><strong>viam</strong></span> <span class='ocrx_word' id='word_1_725' title='bbox 1003 2603 1069 2635; x_wconf 74' lang='lat' dir='ltr'><strong>vitae</strong></span> 
     </span>
    </p>
   </div>
   <div class='ocr_carea' id='block_1_98' title="bbox 244 2647 1068 2689">
    <p class='ocr_par' dir='ltr' id='par_1_98' title="bbox 244 2647 1068 2689">
     <span class='ocr_line' id='line_1_98' title="bbox 244 2647 1068 2689; baseline -0.001 -8"><span class='ocrx_word' id='word_1_726' title='bbox 244 2653 355 2681; x_wconf 75' lang='lat' dir='ltr'><strong>nostrae</strong></span> <span class='ocrx_word' id='word_1_727' title='bbox 368 2660 374 2681; x_wconf 95' lang='lat'>:</span> <span class='ocrx_word' id='word_1_728' title='bbox 391 2648 616 2689; x_wconf 84' lang='lat' dir='ltr'><strong>deputantes,et</strong></span> <span class='ocrx_word' id='word_1_729' title='bbox 629 2648 795 2679; x_wconf 89' lang='lat' dir='ltr'><strong>incidentes</strong></span> <span class='ocrx_word' id='word_1_730' title='bbox 809 2647 846 2678; x_wconf 86' lang='lat' dir='ltr'><strong>ab</strong></span> <span class='ocrx_word' id='word_1_731' title='bbox 856 2647 1014 2679; x_wconf 88' lang='lat' dir='ltr'><strong>arboribus</strong></span> <span class='ocrx_word' id='word_1_732' title='bbox 1023 2657 1068 2680; x_wconf 86' lang='lat' dir='ltr'><strong>ra-</strong></span> 
     </span>
    </p>
   </div>
   <div class='ocr_carea' id='block_1_99' title="bbox 245 2692 1068 2733">
    <p class='ocr_par' dir='ltr' id='par_1_99' title="bbox 245 2692 1068 2733">
     <span class='ocr_line' id='line_1_99' title="bbox 245 2692 1068 2733; baseline 0 -7"><span class='ocrx_word' id='word_1_733' title='bbox 245 2704 321 2733; x_wconf 83' lang='lat' dir='ltr'><strong>mos,</strong></span> <span class='ocrx_word' id='word_1_734' title='bbox 337 2694 394 2725; x_wconf 91' lang='lat' dir='ltr'><strong>hoc</strong></span> <span class='ocrx_word' id='word_1_735' title='bbox 411 2697 466 2732; x_wconf 89' lang='lat' dir='ltr'><strong>est,</strong></span> <span class='ocrx_word' id='word_1_736' title='bbox 486 2696 655 2724; x_wconf 86' lang='lat' dir='ltr'><strong>sanctorum</strong></span> <span class='ocrx_word' id='word_1_737' title='bbox 674 2692 744 2723; x_wconf 84' lang='lat' dir='ltr'><strong>vitas</strong></span> <span class='ocrx_word' id='word_1_738' title='bbox 757 2692 919 2723; x_wconf 90' lang='lat' dir='ltr'><strong>imitemur.</strong></span> <span class='ocrx_word' id='word_1_739' title='bbox 934 2692 1068 2726; x_wconf 83' lang='lat' dir='ltr'><strong>Arbores</strong></span> 
     </span>
    </p>
   </div>
   <div class='ocr_carea' id='block_1_100' title="bbox 775 2771 1092 2807">
    <p class='ocr_par' dir='ltr' id='par_1_100' title="bbox 775 2771 1092 2807">
     <span class='ocr_line' id='line_1_100' title="bbox 775 2771 1092 2807; baseline 0.009 -3"><span class='ocrx_word' id='word_1_740' title='bbox 775 2771 816 2804; x_wconf 78' lang='lat' dir='ltr'><strong>Ex</strong></span> <span class='ocrx_word' id='word_1_741' title='bbox 832 2772 990 2804; x_wconf 87' lang='lat' dir='ltr'><strong>collatione</strong></span> <span class='ocrx_word' id='word_1_742' title='bbox 1004 2774 1092 2807; x_wconf 89' lang='lat' dir='ltr'><strong>codd.</strong></span> 
     </span>
    </p>
   </div>
   <div class='ocr_carea' id='block_1_101' title="bbox 286 2834 934 2877">
    <p class='ocr_par' dir='ltr' id='par_1_101' title="bbox 286 2834 934 2877">
     <span class='ocr_line' id='line_1_101' title="bbox 286 2834 934 2877; baseline -0.003 -9"><span class='ocrx_word' id='word_1_743' title='bbox 286 2836 349 2877; x_wconf 74' lang='grc'><strong>(74)</strong></span> <span class='ocrx_word' id='word_1_744' title='bbox 366 2836 526 2875; x_wconf 74' lang='grc' dir='ltr'>Ἐκπιριΐὼν</span> <span class='ocrx_word' id='word_1_745' title='bbox 541 2840 620 2877; x_wconf 80' lang='grc' dir='ltr'>πεζῇ,</span> <span class='ocrx_word' id='word_1_746' title='bbox 636 2835 702 2867; x_wconf 89' lang='lat' dir='ltr'><strong>cod.</strong></span> <span class='ocrx_word' id='word_1_747' title='bbox 719 2835 768 2874; x_wconf 73' lang='lat'><strong>26,</strong></span> <span class='ocrx_word' id='word_1_748' title='bbox 787 2834 825 2867; x_wconf 84' lang='lat'><strong>30</strong></span> <span class='ocrx_word' id='word_1_749' title='bbox 839 2839 868 2866; x_wconf 91' lang='lat' dir='ltr'><strong>et</strong></span> <span class='ocrx_word' id='word_1_750' title='bbox 885 2835 934 2867; x_wconf 83' lang='lat' dir='ltr'><strong>3i.</strong></span> 
     </span>
    </p>
   </div>
   <div class='ocr_carea' id='block_1_102' title="bbox 1113 2154 1927 2197">
    <p class='ocr_par' dir='ltr' id='par_1_102' title="bbox 1113 2154 1927 2197">
     <span class='ocr_line' id='line_1_102' title="bbox 1113 2154 1927 2197; baseline -0.005 -9"><span class='ocrx_word' id='word_1_751' title='bbox 1113 2168 1170 2189; x_wconf 79' lang='grc' dir='ltr'>τον.</span> <span class='ocrx_word' id='word_1_752' title='bbox 1207 2156 1259 2197; x_wconf 75' lang='lat' dir='ltr'><strong>&#39;EV_</strong></span> <span class='ocrx_word' id='word_1_753' title='bbox 1275 2157 1326 2197; x_wconf 80' lang='grc' dir='ltr'><strong>γὰρ</strong></span> <span class='ocrx_word' id='word_1_754' title='bbox 1356 2159 1394 2194; x_wconf 74' lang='grc' dir='ltr'><strong>τῷ</strong></span> <span class='ocrx_word' id='word_1_755' title='bbox 1425 2157 1562 2195; x_wconf 70' lang='grc' dir='ltr'>δκατοστῷ</span> <span class='ocrx_word' id='word_1_756' title='bbox 1598 2156 1814 2197; x_wconf 65' lang='grc' dir='ltr'>ἑπτακαιδεκάτῳ</span> <span class='ocrx_word' id='word_1_757' title='bbox 1839 2154 1927 2193; x_wconf 68' lang='grc' dir='ltr'>ψαλμῷ</span> 
     </span>
    </p>
   </div>
   <div class='ocr_carea' id='block_1_103' title="bbox 1114 2195 1926 2242">
    <p class='ocr_par' dir='ltr' id='par_1_103' title="bbox 1114 2195 1926 2242">
     <span class='ocr_line' id='line_1_103' title="bbox 1114 2195 1926 2242; baseline -0.004 -12"><span class='ocrx_word' id='word_1_758' title='bbox 1114 2208 1202 2242; x_wconf 77' lang='grc' dir='ltr'>κεῖται</span> <span class='ocrx_word' id='word_1_759' title='bbox 1217 2211 1224 2219; x_wconf 88' lang='grc'>·</span> <span class='ocrx_word' id='word_1_760' title='bbox 1244 2195 1277 2228; x_wconf 61' lang='grc' dir='ltr'>Ὠ</span> <span class='ocrx_word' id='word_1_761' title='bbox 1293 2195 1382 2242; x_wconf 63' lang='grc' dir='ltr'>Κόριε,</span> <span class='ocrx_word' id='word_1_762' title='bbox 1409 2205 1496 2231; x_wconf 77' lang='grc' dir='ltr'>σῶσον</span> <span class='ocrx_word' id='word_1_763' title='bbox 1520 2201 1552 2238; x_wconf 79' lang='grc' dir='ltr'><strong>δή</strong></span> <span class='ocrx_word' id='word_1_764' title='bbox 1569 2209 1577 2217; x_wconf 92' lang='grc'><strong>·</strong></span> <span class='ocrx_word' id='word_1_765' title='bbox 1601 2201 1666 2242; x_wconf 77' lang='grc' dir='ltr'>ὅπερ</span> <span class='ocrx_word' id='word_1_766' title='bbox 1694 2202 1721 2230; x_wconf 69' lang='grc' dir='ltr'>ἒν</span> <span class='ocrx_word' id='word_1_767' title='bbox 1749 2204 1788 2239; x_wconf 84' lang='grc' dir='ltr'>τῷ</span> <span class='ocrx_word' id='word_1_768' title='bbox 1809 2196 1926 2239; x_wconf 74' lang='grc' dir='ltr'>Ἐϐραϊιιῷ</span> 
     </span>
    </p>
   </div>
   <div class='ocr_carea' id='block_1_104' title="bbox 1115 2241 1925 2286">
    <p class='ocr_par' dir='ltr' id='par_1_104' title="bbox 1115 2241 1925 2286">
     <span class='ocr_line' id='line_1_104' title="bbox 1115 2241 1925 2286; baseline -0.002 -12"><span class='ocrx_word' id='word_1_769' title='bbox 1115 2241 1230 2275; x_wconf 71' lang='grc' dir='ltr'>ἰὲσαννὰ</span> <span class='ocrx_word' id='word_1_770' title='bbox 1255 2241 1413 2286; x_wconf 76' lang='grc' dir='ltr'>γέγραπται.</span> <span class='ocrx_word' id='word_1_771' title='bbox 1451 2247 1591 2276; x_wconf 81' lang='grc' dir='ltr'>Βασιλείαν</span> <span class='ocrx_word' id='word_1_772' title='bbox 1619 2241 1657 2275; x_wconf 20' lang='grc' dir='ltr'><strong>ὂὲν</strong></span> <span class='ocrx_word' id='word_1_773' title='bbox 1687 2246 1767 2275; x_wconf 77' lang='grc' dir='ltr'>Δαϐὶδ</span> <span class='ocrx_word' id='word_1_774' title='bbox 1792 2245 1839 2280; x_wconf 80' lang='grc' dir='ltr'><strong>τὴν</strong></span> <span class='ocrx_word' id='word_1_775' title='bbox 1862 2244 1925 2282; x_wconf 76' lang='grc' dir='ltr'>βασι·</span> 
     </span>
    </p>
   </div>
   <div class='ocr_carea' id='block_1_105' title="bbox 1114 2291 1924 2333">
    <p class='ocr_par' dir='ltr' id='par_1_105' title="bbox 1114 2291 1924 2333">
     <span class='ocr_line' id='line_1_105' title="bbox 1114 2291 1924 2333; baseline -0.002 -12"><span class='ocrx_word' id='word_1_776' title='bbox 1114 2292 1186 2321; x_wconf 82' lang='grc' dir='ltr'>λείαν</span> <span class='ocrx_word' id='word_1_777' title='bbox 1211 2296 1258 2321; x_wconf 83' lang='grc' dir='ltr'>τοῦ</span> <span class='ocrx_word' id='word_1_778' title='bbox 1285 2294 1400 2332; x_wconf 76' lang='grc' dir='ltr'>Χριστοῦ</span> <span class='ocrx_word' id='word_1_779' title='bbox 1427 2292 1530 2333; x_wconf 69' lang='grc' dir='ltr'>ἔλεγον,</span> <span class='ocrx_word' id='word_1_780' title='bbox 1546 2293 1602 2331; x_wconf 69' lang='grc' dir='ltr'>ἅμα</span> <span class='ocrx_word' id='word_1_781' title='bbox 1617 2293 1666 2330; x_wconf 79' lang='grc' dir='ltr'>μὲν</span> <span class='ocrx_word' id='word_1_782' title='bbox 1681 2292 1748 2321; x_wconf 84' lang='grc' dir='ltr'>διότι</span> <span class='ocrx_word' id='word_1_783' title='bbox 1760 2292 1804 2321; x_wconf 84' lang='grc' dir='ltr'><strong>καὶ</strong></span> <span class='ocrx_word' id='word_1_784' title='bbox 1817 2291 1866 2320; x_wconf 75' lang='grc' dir='ltr'>ἀπὸ</span> <span class='ocrx_word' id='word_1_785' title='bbox 1885 2291 1924 2333; x_wconf 52' lang='grc' dir='ltr'>τοῦ</span> 
     </span>
    </p>
   </div>
   <div class='ocr_carea' id='block_1_106' title="bbox 1113 2331 1921 2378">
    <p class='ocr_par' dir='ltr' id='par_1_106' title="bbox 1113 2331 1921 2378">
     <span class='ocr_line' id='line_1_106' title="bbox 1113 2331 1921 2378; baseline 0.004 -13"><span class='ocrx_word' id='word_1_786' title='bbox 1113 2338 1264 2377; x_wconf 84' lang='grc' dir='ltr'>σπέρματος</span> <span class='ocrx_word' id='word_1_787' title='bbox 1290 2331 1337 2366; x_wconf 80' lang='grc' dir='ltr'>τοῦ</span> <span class='ocrx_word' id='word_1_788' title='bbox 1362 2336 1442 2366; x_wconf 80' lang='grc' dir='ltr'>Δαϐὶδ</span> <span class='ocrx_word' id='word_1_789' title='bbox 1473 2331 1608 2377; x_wconf 58' lang='grc' dir='ltr'>κατηγετο</span> <span class='ocrx_word' id='word_1_790' title='bbox 1637 2339 1650 2366; x_wconf 78' lang='grc' dir='ltr'><strong>δ</strong></span> <span class='ocrx_word' id='word_1_791' title='bbox 1680 2338 1785 2378; x_wconf 74' lang='grc' dir='ltr'>Κύριος,</span> <span class='ocrx_word' id='word_1_792' title='bbox 1815 2335 1866 2374; x_wconf 77' lang='grc' dir='ltr'><strong>ἆμι</strong></span> <span class='ocrx_word' id='word_1_793' title='bbox 1889 2331 1921 2368; x_wconf 56' lang='grc' dir='ltr'><strong>δίο</strong></span> 
     </span>
    </p>
   </div>
   <div class='ocr_carea' id='block_1_107' title="bbox 1113 2378 1922 2423">
    <p class='ocr_par' dir='ltr' id='par_1_107' title="bbox 1113 2378 1922 2423">
     <span class='ocr_line' id='line_1_107' title="bbox 1113 2378 1922 2423; baseline -0.002 -12"><span class='ocrx_word' id='word_1_794' title='bbox 1113 2383 1152 2411; x_wconf 70' lang='grc' dir='ltr'>ὅτι</span> <span class='ocrx_word' id='word_1_795' title='bbox 1177 2381 1259 2412; x_wconf 80' lang='grc' dir='ltr'>Δαϐὶδ</span> <span class='ocrx_word' id='word_1_796' title='bbox 1293 2382 1480 2422; x_wconf 77' lang='grc' dir='ltr'>ἐρμηνεὺεται,</span> <span class='ocrx_word' id='word_1_797' title='bbox 1506 2381 1615 2415; x_wconf 80' lang='grc' dir='ltr'>δυνατὸς</span> <span class='ocrx_word' id='word_1_798' title='bbox 1645 2383 1727 2423; x_wconf 78' lang='grc' dir='ltr'>χειρὶ,</span> <span class='ocrx_word' id='word_1_799' title='bbox 1757 2381 1814 2416; x_wconf 77' lang='grc' dir='ltr'>ἤτοι</span> <span class='ocrx_word' id='word_1_800' title='bbox 1847 2378 1922 2407; x_wconf 67' lang='grc' dir='ltr'>ἱκανὸς</span> 
     </span>
    </p>
   </div>
   <div class='ocr_carea' id='block_1_108' title="bbox 1112 2423 1919 2468">
    <p class='ocr_par' dir='ltr' id='par_1_108' title="bbox 1112 2423 1919 2468">
     <span class='ocr_line' id='line_1_108' title="bbox 1112 2423 1919 2468; baseline -0.004 -12"><span class='ocrx_word' id='word_1_801' title='bbox 1112 2428 1194 2468; x_wconf 83' lang='grc' dir='ltr'>χειρί.</span> <span class='ocrx_word' id='word_1_802' title='bbox 1226 2427 1270 2459; x_wconf 83' lang='grc' dir='ltr'>Τίς</span> <span class='ocrx_word' id='word_1_803' title='bbox 1299 2425 1327 2454; x_wconf 70' lang='grc' dir='ltr'>δὲ</span> <span class='ocrx_word' id='word_1_804' title='bbox 1348 2425 1429 2459; x_wconf 80' lang='grc' dir='ltr'>ἄλλος</span> <span class='ocrx_word' id='word_1_805' title='bbox 1456 2427 1547 2460; x_wconf 69' lang='grc' dir='ltr'>ἱκανὸς</span> <span class='ocrx_word' id='word_1_806' title='bbox 1571 2429 1653 2468; x_wconf 72' lang='grc' dir='ltr'>χειρὶ,</span> <span class='ocrx_word' id='word_1_807' title='bbox 1684 2428 1707 2456; x_wconf 84' lang='grc' dir='ltr'>εἱ</span> <span class='ocrx_word' id='word_1_808' title='bbox 1734 2427 1774 2465; x_wconf 76' lang='grc' dir='ltr'>μὴ</span> <span class='ocrx_word' id='word_1_809' title='bbox 1795 2427 1808 2454; x_wconf 78' lang='grc' dir='ltr'><strong>ὃ</strong></span> <span class='ocrx_word' id='word_1_810' title='bbox 1829 2423 1919 2468; x_wconf 48' lang='grc' dir='ltr'>Κύριος)</span> 
     </span>
    </p>
   </div>
   <div class='ocr_carea' id='block_1_109' title="bbox 1112 2466 1920 2512">
    <p class='ocr_par' dir='ltr' id='par_1_109' title="bbox 1112 2466 1920 2512">
     <span class='ocr_line' id='line_1_109' title="bbox 1112 2466 1920 2512; baseline -0.004 -12"><span class='ocrx_word' id='word_1_811' title='bbox 1112 2466 1142 2500; x_wconf 69' lang='grc' dir='ltr'><strong>οὗ</strong></span> <span class='ocrx_word' id='word_1_812' title='bbox 1170 2473 1196 2500; x_wconf 82' lang='grc' dir='ltr'>αἱ</span> <span class='ocrx_word' id='word_1_813' title='bbox 1223 2478 1319 2512; x_wconf 82' lang='grc' dir='ltr'>χεῖρες</span> <span class='ocrx_word' id='word_1_814' title='bbox 1347 2472 1463 2500; x_wconf 75' lang='grc' dir='ltr'>τοσαῦτα</span> <span class='ocrx_word' id='word_1_815' title='bbox 1490 2466 1625 2510; x_wconf 58' lang='grc' dir='ltr'>θαύματα</span> <span class='ocrx_word' id='word_1_816' title='bbox 1648 2472 1822 2511; x_wconf 67' lang='grc' dir='ltr'>ἐνήργησαις</span> <span class='ocrx_word' id='word_1_817' title='bbox 1850 2466 1920 2497; x_wconf 76' lang='grc' dir='ltr'><strong>Ἀλλᾶ</strong></span> 
     </span>
    </p>
   </div>
   <div class='ocr_carea' id='block_1_110' title="bbox 1111 2511 1918 2556">
    <p class='ocr_par' dir='ltr' id='par_1_110' title="bbox 1111 2511 1918 2556">
     <span class='ocr_line' id='line_1_110' title="bbox 1111 2511 1918 2556; baseline 0.002 -12"><span class='ocrx_word' id='word_1_818' title='bbox 1111 2517 1164 2556; x_wconf 80' lang='grc' dir='ltr'>γὰρ</span> <span class='ocrx_word' id='word_1_819' title='bbox 1187 2511 1348 2555; x_wconf 80' lang='grc' dir='ltr'>στρώσωμεν</span> <span class='ocrx_word' id='word_1_820' title='bbox 1375 2516 1419 2544; x_wconf 80' lang='grc' dir='ltr'>καὶ</span> <span class='ocrx_word' id='word_1_821' title='bbox 1447 2517 1530 2551; x_wconf 75' lang='grc' dir='ltr'>ἡμεῖς</span> <span class='ocrx_word' id='word_1_822' title='bbox 1571 2517 1605 2545; x_wconf 76' lang='grc' dir='ltr'><strong>τὰ</strong></span> <span class='ocrx_word' id='word_1_823' title='bbox 1638 2516 1730 2554; x_wconf 79' lang='grc' dir='ltr'>ἱμάτια</span> <span class='ocrx_word' id='word_1_824' title='bbox 1757 2515 1842 2553; x_wconf 76' lang='grc' dir='ltr'>ἡμῶν,</span> <span class='ocrx_word' id='word_1_825' title='bbox 1869 2511 1918 2556; x_wconf 59' lang='grc' dir='ltr'><strong>ἦτθξ</strong></span> 
     </span>
    </p>
   </div>
   <div class='ocr_carea' id='block_1_111' title="bbox 1109 2555 1917 2601">
    <p class='ocr_par' dir='ltr' id='par_1_111' title="bbox 1109 2555 1917 2601">
     <span class='ocr_line' id='line_1_111' title="bbox 1109 2555 1917 2601; baseline -0.01 -11"><span class='ocrx_word' id='word_1_826' title='bbox 1109 2555 1158 2595; x_wconf 80' lang='grc' dir='ltr'>τὴν</span> <span class='ocrx_word' id='word_1_827' title='bbox 1178 2562 1263 2601; x_wconf 84' lang='grc' dir='ltr'>σάρκα</span> <span class='ocrx_word' id='word_1_828' title='bbox 1290 2561 1408 2601; x_wconf 77' lang='grc' dir='ltr'>(ἱμάτιον</span> <span class='ocrx_word' id='word_1_829' title='bbox 1440 2561 1491 2601; x_wconf 74' lang='grc' dir='ltr'>γὰρ</span> <span class='ocrx_word' id='word_1_830' title='bbox 1520 2562 1537 2596; x_wconf 83' lang='grc' dir='ltr'>ἡ</span> <span class='ocrx_word' id='word_1_831' title='bbox 1576 2560 1640 2601; x_wconf 80' lang='grc' dir='ltr'>σὰρξ</span> <span class='ocrx_word' id='word_1_832' title='bbox 1669 2563 1720 2595; x_wconf 77' lang='grc' dir='ltr'><strong>τῆς</strong></span> <span class='ocrx_word' id='word_1_833' title='bbox 1748 2560 1855 2600; x_wconf 75' lang='grc' dir='ltr'>ψυχῆς),</span> <span class='ocrx_word' id='word_1_834' title='bbox 1882 2555 1917 2601; x_wconf 73' lang='grc' dir='ltr'><strong>καὶ</strong></span> 
     </span>
    </p>
   </div>
   <div class='ocr_carea' id='block_1_112' title="bbox 1109 2599 1916 2645">
    <p class='ocr_par' dir='ltr' id='par_1_112' title="bbox 1109 2599 1916 2645">
     <span class='ocr_line' id='line_1_112' title="bbox 1109 2599 1916 2645; baseline -0.002 -11"><span class='ocrx_word' id='word_1_835' title='bbox 1109 2599 1282 2644; x_wconf 77' lang='grc' dir='ltr'>ὑποτάξωμεν</span> <span class='ocrx_word' id='word_1_836' title='bbox 1296 2599 1403 2638; x_wconf 66' lang='grc' dir='ltr'>ταύτην</span> <span class='ocrx_word' id='word_1_837' title='bbox 1432 2599 1482 2642; x_wconf 28' lang='grc' dir='ltr'>τῷ.</span> <span class='ocrx_word' id='word_1_838' title='bbox 1501 2606 1597 2645; x_wconf 79' lang='grc' dir='ltr'>Κυρίῳ.</span> <span class='ocrx_word' id='word_1_839' title='bbox 1612 2599 1678 2635; x_wconf 35' lang='grc' dir='ltr'>-Καὶ</span> <span class='ocrx_word' id='word_1_840' title='bbox 1698 2599 1852 2645; x_wconf 75' lang='grc' dir='ltr'>στρώσώμιν</span> <span class='ocrx_word' id='word_1_841' title='bbox 1876 2599 1916 2632; x_wconf 69' lang='grc' dir='ltr'><strong>τὴν</strong></span> 
     </span>
    </p>
   </div>
   <div class='ocr_carea' id='block_1_113' title="bbox 1109 2644 1915 2689">
    <p class='ocr_par' dir='ltr' id='par_1_113' title="bbox 1109 2644 1915 2689">
     <span class='ocr_line' id='line_1_113' title="bbox 1109 2644 1915 2689; baseline -0.004 -10"><span class='ocrx_word' id='word_1_842' title='bbox 1109 2649 1168 2679; x_wconf 71' lang='grc' dir='ltr'>ὁδὸν</span> <span class='ocrx_word' id='word_1_843' title='bbox 1197 2655 1244 2680; x_wconf 83' lang='grc' dir='ltr'>τοῦ</span> <span class='ocrx_word' id='word_1_844' title='bbox 1271 2650 1402 2689; x_wconf 69' lang='grc' dir='ltr'>ἡμετέρου</span> <span class='ocrx_word' id='word_1_845' title='bbox 1428 2650 1498 2688; x_wconf 86' lang='grc' dir='ltr'>βίου,</span> <span class='ocrx_word' id='word_1_846' title='bbox 1530 2644 1674 2683; x_wconf 85' lang='grc' dir='ltr'>κόπτοντες</span> <span class='ocrx_word' id='word_1_847' title='bbox 1699 2644 1737 2678; x_wconf 14' lang='lat' dir='ltr'><strong>lxi</strong></span> <span class='ocrx_word' id='word_1_848' title='bbox 1754 2652 1804 2678; x_wconf 78' lang='grc' dir='ltr'>τῶν</span> <span class='ocrx_word' id='word_1_849' title='bbox 1822 2644 1915 2685; x_wconf 77' lang='grc' dir='ltr'>δένδρων</span> 
     </span>
    </p>
   </div>
   <div class='ocr_carea' id='block_1_114' title="bbox 1108 2690 1914 2735">
    <p class='ocr_par' dir='ltr' id='par_1_114' title="bbox 1108 2690 1914 2735">
     <span class='ocr_line' id='line_1_114' title="bbox 1108 2690 1914 2735; baseline -0.004 -12"><span class='ocrx_word' id='word_1_850' title='bbox 1108 2694 1230 2733; x_wconf 84' lang='grc' dir='ltr'>κλάδους,</span> <span class='ocrx_word' id='word_1_851' title='bbox 1261 2694 1392 2734; x_wconf 82' lang='grc' dir='ltr'>τουτέστι,</span> <span class='ocrx_word' id='word_1_852' title='bbox 1422 2695 1482 2727; x_wconf 83' lang='grc' dir='ltr'>τοὺς</span> <span class='ocrx_word' id='word_1_853' title='bbox 1505 2697 1559 2722; x_wconf 86' lang='grc' dir='ltr'>τῶν</span> <span class='ocrx_word' id='word_1_854' title='bbox 1585 2692 1669 2735; x_wconf 74' lang='grc' dir='ltr'>ἁγίων</span> <span class='ocrx_word' id='word_1_855' title='bbox 1704 2695 1774 2733; x_wconf 83' lang='grc' dir='ltr'>βίους</span> <span class='ocrx_word' id='word_1_856' title='bbox 1802 2690 1914 2731; x_wconf 74' lang='grc' dir='ltr'>μιμοόμι-</span> 
     </span>
    </p>
   </div>
   <div class='ocr_carea' id='block_1_115' title="bbox 1109 2773 1384 2807">
    <p class='ocr_par' dir='ltr' id='par_1_115' title="bbox 1109 2773 1384 2807">
     <span class='ocr_line' id='line_1_115' title="bbox 1109 2773 1384 2807; baseline 0.004 -1"><span class='ocrx_word' id='word_1_857' title='bbox 1109 2773 1216 2807; x_wconf 82' lang='lat' dir='ltr'><strong>Venet.</strong></span> <span class='ocrx_word' id='word_1_858' title='bbox 1231 2775 1261 2807; x_wconf 90' lang='lat' dir='ltr'><strong>S.</strong></span> <span class='ocrx_word' id='word_1_859' title='bbox 1280 2774 1384 2807; x_wconf 81' lang='lat' dir='ltr'><strong>Marci.</strong></span> 
     </span>
    </p>
   </div>
  </div>
