1948 3081
264 168 320 200 611

747 167 1045 200 THEOPHYLACTI
1066 167 1272 201 BULGARLB
1292 168 1470 202 ARCHIEP.

1890 171 1940 203 612

257 233 361 270 nolint,
380 233 410 264 in
429 234 573 273 majorem
600 233 882 264 condemnationem
905 242 1009 264 eorum

1169 238 1245 265 τειιῦν
1273 235 1466 275 τελειουμένων
1493 237 1637 276 ἒπιγνῶσιν
1680 237 1719 266 ὅτι
1755 236 1856 273 ἄληθής
1883 238 1938 270 Θεός

260 279 336 318 quod
353 278 441 309 etiam
458 282 515 308 tam
532 277 621 309 claris
646 278 797 309 miraculis
813 288 871 308 non
888 278 1083 309 crediderint.

260 322 334 354 Vide
344 323 424 353 enim
446 327 519 363 quot
540 322 600 353 sint
615 322 662 353 hic
679 323 822 353 miracula
837 332 903 363 quae
918 323 960 354 eis
972 323 1083 354 hoclo-

259 376 294 398 co
309 366 509 399 dixerit.Dixit
525 369 568 398 eis
585 376 592 398 ;
619 366 777 398 Invenietis
804 367 933 407 pullum;
949 367 1022 399 dixit
1033 377 1085 399 eos

258 411 440 452 prohibitum
453 411 500 448 iri,
513 416 543 442 et
558 411 667 442 deinde
681 421 748 442 cum
765 411 900 442 dicerent
916 422 922 443 :
940 412 1084 443 Dominus

257 456 308 487 illo
337 465 411 496 opus
440 456 539 494 habet,
566 456 640 487 dixit
668 456 888 487 dimittendum.
906 456 1082 498 Neutiquam

257 501 337 531 enim
354 501 410 531 hoc
427 509 530 541 paru‘n
549 501 653 532 fuisset
665 501 808 541 apostolis
837 502 966 541 permitti
983 507 1014 532 ut
1029 502 1084 532 ab-

256 546 366 577 ducant
380 545 568 586 pullum,nisi
579 545 678 577 divina
690 545 824 586 quaedam
839 545 934 576 virtus
948 546 1084 577 dominos

259 590 330 630 pulli
345 590 504 631 adegisset,
525 591 689 631 praesertim
708 600 866 631 pauperes.
884 595 916 622 et.
938 591 1085 631 agricolas

258 635 400 672 fortassis,
415 634 566 665 utanimal
579 634 650 665 illud
669 635 1003 667 dimitterent.Attamen
1020 635 1084 666 dis-

258 689 292 710 cc
308 679 466 710 Dominum
481 680 509 711 id
524 689 583 710 non
596 680 659 711 sine
669 682 758 711 causa
773 680 992 720 fecissemeque
1005 681 1083 711 enim

259 733 334 765 opus
350 724 479 755 habebat
494 724 586 765 pullo,
603 725 654 765 qui
670 727 756 755 toties
777 725 907 755 Judaeam
924 729 954 756 et
967 725 1084 757 Galilae-

257 779 303 799 am
319 772 527 809 peragraverat
544 779 551 799 :
569 769 621 800 sed
639 769 820 800 monstrabat
835 770 913 810 quod
930 779 1020 809 super
1035 780 1085 810 po-

257 814 356 854 pulum
372 814 503 853 gentium
520 823 656 845 sessurus
672 819 759 851 esset,
777 814 828 854 qui
840 818 900 845 tum
912 814 1084 846 incredulus

255 863 318 889 erat
330 863 358 890 et
373 858 583 896 ineruditus,et
597 859 713 889 vinctus
729 859 857 899 peccatis
873 859 934 889 suis
947 860 975 890 in
992 859 1080 894 bivio.

256 903 312 934 hoc
328 907 372 934 est
388 903 446 934 vita
463 904 529 944 hac,
547 903 624 944 apud
636 905 770 942 januam,
784 912 848 944 quae
863 908 908 934 est
924 907 1006 935 extra
1023 905 1078 935 Ec-
1092 904 1111 929 Β

255 948 391 979 clesiam.
407 948 527 979 Solutus
542 952 586 978 est
600 953 700 979 autem
712 948 748 978 ab
764 948 904 988 apostolis
917 957 970 988 per
985 948 1080 989 bapti.

255 1002 351 1023 smum
368 998 397 1024 et
412 993 499 1023 ﬁdem
518 1003 524 1024 :
542 998 571 1023 et
585 998 687 1024 vectus
699 993 783 1024 estin
800 1003 835 1024 eo
852 994 1079 1034 Dominus,cum

255 1038 379 1077 apostoli
409 1037 585 1069 vestimenta
610 1047 672 1074 sua,
691 1039 747 1069 hoc
765 1046 820 1075 est,
839 1047 957 1069 omnem
973 1039 1022 1079 qui
1037 1046 1081 1073 est

255 1092 290 1113 ex
306 1082 414 1114 virtute
429 1083 568 1113 decorem
585 1083 805 1122 imposuissent.
826 1083 909 1113 Prius
924 1083 1003 1114 enim
1021 1093 1079 1114 nu-

254 1127 283 1157 di
300 1131 384 1158 erant
397 1127 522 1167 gentiles
547 1131 576 1158 et
601 1127 763 1168 deformes,
781 1132 929 1168 patrantes
945 1128 1076 1162 nefaria:

257 1177 411 1212 postquam
423 1176 521 1203 autem
534 1172 570 1202 ab
585 1173 727 1213 apostolis
735 1172 855 1203 adducti
863 1172 994 1209 fuerunt,
1010 1177 1079 1204 tunc

254 1216 377 1248 honeste
399 1217 570 1248 didicerunt
592 1217 755 1254 ambulare,
772 1221 801 1247 et
813 1221 970 1257 propterea
990 1217 1078 1248 etiam

256 1261 286 1291 in
302 1261 376 1301 ipsis
400 1261 494 1292 fertur
508 1265 638 1300 gestatus
659 1261 956 1297 Christus.Quoniam
982 1266 1080 1293 autem

251 1306 380 1343 fuerunt,
398 1305 448 1346 qui
465 1305 546 1346 prius
563 1310 647 1337 erant
661 1305 774 1337 domini
788 1306 872 1345 pulli,
890 1306 941 1346 qui
956 1311 1075 1346 aposto-

251 1350 296 1381 los
325 1350 529 1390 prohiberent;
548 1360 647 1382 nonne
669 1351 790 1381 munitio
813 1351 877 1381 25!
898 1351 1048 1382 daemones
1062 1351 1077 1382 7

253 1394 331 1426 Sane
343 1399 370 1426 et
386 1395 432 1426 his
443 1396 568 1436 apostoli
585 1395 813 1436 praevaluerunt.

1126 282 1208 312 Ecvw,
1239 282 1268 310 Εἰ
1294 280 1321 309 δὲ
1350 282 1390 320 μὴ
1417 281 1551 317 θελήσωσι
1580 283 1706 323 συνιέναι,
1737 283 1774 315 εἷς
1802 284 1940 322 κατάκριμα

1127 330 1218 363 μεῖζον
1239 326 1332 358 αὖτοτς
1362 326 1423 363 εἴη,
1445 326 1486 354 ὅτι
1509 326 1567 356 οὐδὲ
1602 327 1670 365 μετᾶ
1700 331 1815 356 τοσαῦτα
1841 326 1939 367 λαμπρὰ

1125 371 1245 408 θαύματα
1273 370 1441 403 ἐπίστευσαν.
1472 371 1540 411 ’Ὅρα
1577 372 1628 412 γὰρ
1663 372 1733 400 πόσα
1762 372 1868 402 ἐνταῦθα
1892 383 1938 405 ση-

1125 421 1201 451 μεῖα.
1220 414 1306 444 Εἶπεν
1320 416 1424 455 αὺτοῖς,
1446 415 1489 443 ὅτι
1519 417 1650 456 Εὑρήσετε
1679 415 1782 447 πῶλον.
1799 416 1878 445 Εἶπεν
1904 416 1937 444 ὅτι

1126 458 1337 500 κωλυθήσονται,
1368 460 1431 488 εἶτα
1451 460 1582 501 εἰπόντες,
1610 460 1652 489 ὃτι
1682 456 1711 490 ’0
1734 461 1827 501 Κύριος
1855 462 1937 501 χρῄζει

1126 504 1217 544 αὑτοῦ,
1240 503 1409 539 ἐαθήσονται.
1439 503 1504 534 Οὒδὲ
1533 506 1582 545 γὰρ
1605 505 1662 534 οὑδὲ
1676 509 1754 534 τοῦτο
1769 505 1860 545 μικρόν
1879 505 1935 546 ἐστι,

1125 549 1155 576 τὸ
1180 549 1389 588 συγχωρηθῆναι
1413 549 1474 581 τοὺς
1503 549 1668 582 ἀποστόλους
1689 550 1802 589 ἀπάγειν
1823 551 1867 578 τὸν
1892 553 1937 578 πιῖι-

1125 594 1182 630 λον,
1206 592 1270 632 ὅπερ
1283 595 1330 622 οὑκ
1345 593 1375 622 ἂν
1390 593 1495 633 ἐγένετο
1517 595 1593 629 εἰμὴ
1618 595 1673 623 θεία
1701 606 1742 627 τις
1769 594 1868 634 ἀνάγκη
1895 594 1935 622 ξπ-

1125 638 1211 667 ἑκειτο
1239 645 1298 670 τοῖς
1326 639 1424 678 κυρίοις
1452 643 1499 668 τοῦ
1527 639 1617 668 πώλου
1645 639 1830 678 ἀναγκάζουσα
1844 640 1934 674 αὑτοὺς,

1125 684 1212 712 καίτοι
1233 683 1350 717 πένητας
1365 683 1444 716 διτας
1466 685 1510 713 καὶ
1539 685 1672 724 γεωργοὺς
1688 685 1785 724 τυχὸν,
1802 684 1900 724 ἀφεῖναι
1912 685 1935 711 τὸ

1125 731 1203 764 ζῶον,
1226 728 1302 762 Πλὴν
1329 729 1454 767 μάνθανε,
1486 728 1527 757 ὅτι
1553 729 1582 758 οὒ
1604 729 1694 767 μάτην
1707 733 1787 758 τοῦτο
1800 729 1934 762 hrclan

1127 773 1231 812 Κύριος.
1248 772 1312 802 οὐδὲ
1343 773 1393 813 γὰρ
1421 773 1520 813 ἔχρῃζε
1541 778 1587 802 τοῦ
1607 773 1711 812 πώλου,
1729 775 1744 802 ὁ
1757 773 1883 805 πολλάκις
1895 774 1934 807 τὴν

1126 817 1267 846 Γαλιλαίαν
1294 819 1338 847 καὶ
1352 818 1401 852 τὴν
1422 817 1550 847 Ἰουδαίαν
1571 818 1677 847 ἅπασαν
1705 818 1845 858 ἔκπεριΐών
1872 817 1933 857 (Ἠ).

1124 861 1193 890 ἀλλὰ
1220 862 1345 891 δεικνύων
1368 862 1409 891 ὅτι
1438 862 1481 891 ἰπὶ
1495 864 1542 891 τὸν
1564 864 1667 892 ἒθνικὸν
1698 862 1764 891 λαὸν
1783 861 1932 902 ἑπιὸήσεται,

1122 907 1150 939 ὃς
1178 907 1288 941 ἀπειθὴς
1320 907 1369 945 μὲν
1389 907 1423 942 ἦν
1451 908 1496 936 καὶ
1517 907 1685 944 ἀπαίδευτος,
1703 907 1806 936 ἐδέδετο
1832 907 1858 935 δὲ
1883 914 1933 938 ταῖς

1122 952 1230 983 οὶκείαις
1258 952 1399 992 ἆμαρτίαις
1427 952 1455 981 ἐν
1481 955 1516 991 τῇ
1537 951 1659 993 ἄμφόδῳ,
1690 952 1810 981 τουτέστι
1836 955 1872 989 τῷ

1121 996 1217 1032 τούτῳ,
1240 997 1306 1036 πρὸς
1328 999 1378 1030 τῆν
1406 998 1495 1036 θύραν,
1525 996 1607 1036 ἤγουν
1628 996 1678 1030 ἔξω
1697 999 1750 1030 τῆς
1775 995 1931 1030 Ἐκκλησίας.

1122 1040 1218 1074 Ἐλύθη
1248 1039 1275 1069 δὲ
1303 1041 1376 1081 παρὰ
1399 1044 1454 1070 τῶν
1478 1043 1605 1080 μαθητῶν
1628 1041 1669 1070 διὰ
1697 1045 1746 1070 τοῦ
1769 1041 1931 1080 βαπτίσματος

1122 1086 1166 1113 καὶ
1192 1087 1242 1119 τῆς
1268 1086 1381 1118 πίστεως
1399 1095 1408 1104 ’
1444 1087 1489 1114 καὶ
1519 1086 1655 1127 tman
1684 1087 1757 1124 αὑτῷ
1793 1087 1807 1114 ὁ
1841 1086 1930 1125 Κύριος,

1121 1130 1262 1158 ὲπιθέντων
1290 1131 1344 1159 τῶν
1374 1129 1531 1160 ἀποστόλων
1560 1131 1593 1160 τὰ
1617 1131 1709 1162 ἱμάτια
1748 1131 1842 1170 αὐτῶν,
1870 1141 1931 1157 τωτ-

1122 1175 1177 1203 έστι
1206 1178 1293 1204 πᾶσαν
1320 1176 1526 1216 εὐσχημοσύνην
1567 1176 1616 1209 τὴν
1653 1175 1680 1208 ὶξ
1714 1175 1822 1215 ἀρετῆς,
1851 1174 1930 1213 Πρὼην

1122 1218 1170 1256 μὲν
1199 1219 1249 1258 γὰρ
1277 1219 1372 1258 γυμνοὶ
1400 1219 1473 1251 ὄντες
1494 1220 1519 1247 οἱ
1540 1218 1566 1252 ἐξ
1590 1219 1670 1248 ξθνῶν
1686 1219 1842 1260 ἀσχήμονες
1863 1219 1928 1253 ἦσαν,

1122 1263 1284 1301 πράττοντες
1312 1263 1427 1301 ἄθεσμα.
1460 1262 1535 1292 Ἐπεὶ
1562 1262 1590 1291 δὲ
1625 1265 1676 1292 ὑπὸ
1704 1267 1761 1292 τῶν
1799 1262 1940 1292 ἀποστόλων

1118 1306 1257 1347 ἤχθησαν,
1272 1309 1333 1337 τότε
1348 1308 1376 1337 δὲ
1390 1310 1451 1337 τότε
1466 1309 1643 1349 εὒσχημόνως
1663 1308 1764 1346 ἔμαθον
1779 1315 1927 1348 περιπατεῖν,

1118 1353 1163 1380 καὶ
1184 1350 1226 1381 διὰ
1241 1357 1319 1382 τοῦτο
1333 1354 1378 1382 καὶ
1390 1353 1431 1382 ’ἐπ’
1448 1354 1534 1382 αὑτῶν
1549 1353 1655 1393 φέρεται
1670 1355 1684 1381 ὁ
1709 1354 1823 1390 Χριστὸς
1842 1353 1928 1391 βαστα-

1118 1397 1242 1434 ζόμενος,
1259 1398 1332 1430 Τίνες
1348 1397 1375 1426 δὲ
1395 1398 1464 1432 ἦσαν
1474 1399 1498 1426 ot
1508 1398 1602 1437 πρώην
1617 1396 1745 1426 δεσπόται
1760 1403 1808 1428 τοῦ
1819 1397 1900 1426 πώλου
1911 1398 1927 1424 oi

258 1440 403 1472 κωλύοντες
420 1441 480 1472 τοὺς
495 1440 670 1478 ἀποστόλους,
687 1441 705 1475 ἢ
718 1440 825 1473 πάντως
840 1442 863 1469 οἱ
878 1440 998 1479 δαίμονες
1016 1453 1024 1478 ;
1042 1440 1125 1470 Ἀλλὰ
1138 1444 1182 1471 καὶ
1195 1443 1295 1471 τούτων
1309 1442 1523 1483 ἐπικρατέστεροι
1539 1443 1656 1482 γίνονται
1671 1443 1695 1471 οἱ
1708 1442 1863 1473 ἀπόστολοι.

293 1484 409 1517 νειιεΠ
422 1485 543 1517 -10.‹ιΕῑ
557 1484 745 1516 adduxerunt
760 1486 872 1526 pullum
885 1485 920 1516 ad
932 1485 1062 1522 Jesum.e

1162 1499 1175 1515 α
1194 1488 1244 1517 Καὶ
1284 1487 1386 1527 ἤγαγον
1428 1488 1475 1515 τὸν
1515 1487 1606 1516 πῶλον
1647 1488 1712 1527 πρὸς
1757 1488 1801 1516 τὸν
1828 1486 1925 1520 Ἰησοῦν,

252 1529 420 1570 injecerunt
429 1529 471 1560 illi
483 1529 658 1562 vestimenta
667 1530 871 1571 sua,seditque
880 1539 970 1570 super
979 1530 1075 1562 illum.

250 1574 333 1605 Multi
348 1582 417 1605 vero
433 1573 608 1605 vestimenta
622 1584 676 1605 sua
690 1573 867 1605 sternebant
878 1575 908 1605 in
922 1574 1010 1612 viam,
1026 1575 1076 1606 alii

249 1628 319 1649 vero
335 1618 457 1650 frondes
469 1618 643 1650 incidebant
664 1628 701 1650 ex
726 1619 894 1657 arboribus,
913 1623 941 1650 et
956 1623 1074 1651 sterne-

250 1663 321 1694 bant
332 1663 361 1694 in
376 1663 463 1694 viam.
478 1664 516 1695 Et
534 1663 585 1704 qui
609 1664 817 1704 praecedebant
831 1664 941 1705 quique
963 1674 1074 1705 seque-

249 1708 360 1740 bantur
372 1708 540 1740 clamabant
552 1708 687 1740 dicentes
703 1718 710 1739 :
727 1709 877 1747 Hosanna,
897 1709 1075 1741 benedictus

248 1754 297 1793 qui
312 1753 391 1784 venit
405 1753 435 1784 in
451 1753 573 1784 nomine
586 1753 715 1784 Domini.
732 1753 928 1785 Benedictum
938 1754 1017 1794 quod
1027 1762 1076 1785 ve-

248 1798 292 1829 nit
303 1797 473 1836 regnum,in
485 1798 604 1829 nomine
612 1798 731 1830 Domini
747 1799 836 1839 patris
852 1798 945 1830 nostri
962 1799 1072 1830 David:

247 1843 388 1874 llosanna
403 1842 432 1873 in
448 1843 631 1874 altissimisa
650 1843 806 1874 Multitudo
822 1843 953 1884 quandiu
970 1844 1072 1875 incor-

245 1892 332 1928 rupta
345 1891 453 1926 manet,
461 1890 594 1926 agnoscit
608 1890 754 1929 quantum
769 1897 844 1928 opus
859 1893 942 1919 erat:
962 1888 1028 1919 ideo
1044 1891 1076 1921 et

247 1932 355 1972 singuli
372 1941 424 1972 pro
440 1932 552 1963 viribus
562 1933 623 1964 suis
636 1933 735 1964 Iesum
747 1933 1077 1965 venerantur.Laudan-

247 1982 291 2007 tes
306 1981 403 2007 autem
425 1976 495 2017 quid
512 1977 654 2018 dixerint,
672 1977 835 2008 videamus.
851 1979 873 2008 A
890 1977 979 2008 David
1003 1987 1074 2009 sane

246 2021 387 2061 hymnum
413 2021 496 2052 illum
527 2031 692 2062 sumpsere.
712 2023 802 2052 Porro
831 2021 969 2053 Hosanna
988 2023 1073 2062 juxta

245 2067 388 2106 quosdam
399 2065 557 2106 significat,
572 2066 792 2101 salva,obsecro
805 2077 812 2098 :
825 2066 910 2106 juxta
925 2067 1070 2107 quosdam

1118 1532 1162 1559 καὶ
1190 1529 1320 1560 ἐπέϐαλον
1361 1532 1434 1568 αὐτῷ
1473 1531 1507 1560 τὰ
1548 1531 1641 1569 ἱμάτια
1682 1533 1783 1572 αὐτῶν,
1812 1532 1854 1560 καὶ
1879 1531 1926 1558 ἑκά-

1117 1577 1188 1604 θισεν
1216 1575 1258 1604 ἐπ’
1280 1576 1371 1608 αὐτόν,
1400 1575 1499 1605 Πολλοὶ
1519 1575 1546 1604 δὲ
1563 1576 1597 1605 τὰ
1610 1576 1703 1614 ἱμάτια
1730 1578 1815 1606 αὑτῶν
1842 1575 1925 1615 ἔστρω-

1117 1631 1166 1649 σαν
1195 1621 1233 1652 εἷς
1260 1620 1310 1654 τὴν
1332 1619 1392 1649 ὁδόν
1407 1630 1414 1638 ·
1432 1620 1508 1650 ἄλλοι
1530 1619 1557 1648 δὲ
1573 1619 1698 1653 στιϐαδας
1721 1620 1834 1650 ἔκοπτον
1849 1620 1927 1648 ἐκτῶν

1116 1663 1241 1705 δένδρων,
1270 1665 1314 1693 καὶ
1341 1665 1502 1705 ἐστρώννυον
1524 1666 1561 1698 εἰς
1583 1665 1634 1693 τνλν
1663 1664 1736 1697 ὁδόν.
1763 1667 1812 1695 Καὶ
1831 1666 1853 1694 οῐ
1877 1674 1926 1704 προ·

1116 1709 1226 1748 ἄγοντες
1265 1709 1309 1738 καὶ
1347 1710 1371 1738 οἱ
1412 1709 1615 1742 ἂκολοῦθοῦντις
1651 1710 1762 1749 ἔκραζον
1799 1709 1923 1749 λέγοντες.

1117 1750 1232 1783 Ὡσαννᾶ
1260 1753 1440 1794 εὐλογημένος
1467 1756 1481 1784 ὁ
1499 1754 1647 1795 ἐρχόμενος
1662 1755 1688 1783 ἐν
1704 1755 1816 1794 ὀνόματι
1838 1754 1924 1794 Κυρίω.

1116 1798 1293 1838 Εὒλογημένη
1320 1800 1337 1833 ἡ
1366 1799 1502 1839 ἐρχομένη
1522 1799 1645 1837 βασιλεία
1667 1801 1695 1828 ιν
1717 1801 1827 1838 όνόματι
1848 1799 1925 1838 Κυρίω

1116 1846 1162 1871 τοῦ
1176 1844 1275 1882 πατρὸς
1290 1844 1369 1882 ἡμῶν
1390 1843 1470 1872 Δαϐίδ
1486 1852 1493 1859 ·
1521 1841 1637 1873 Ὠσαννὰ
1661 1844 1689 1873 ἓν
1703 1851 1764 1877 τοῖς
1778 1845 1897 1883 ὑψίστοις.
1912 1853 1923 1868 ι

1116 1888 1152 1916 Τὸ
1180 1887 1281 1922 πλῆθος
1309 1888 1405 1929 μέχρις
1436 1889 1468 1916 ἂν
1498 1888 1655 1930 ἀδιάφθορον
1683 1889 1764 1929 μένῃ,
1783 1888 1924 1929 ἐπιγινώσκει

1116 1933 1148 1961 τὸ
1168 1931 1238 1965 δέον,
1270 1933 1318 1961 Διὰ
1345 1934 1391 1962 καί
1417 1937 1514 1972 τιμῶσι
1542 1936 1587 1963 τὸν
1624 1934 1730 1969 Ἰησούν
1763 1934 1869 1965 ἕκαστος
1895 1933 1924 1962 ὣς

1117 1978 1183 2017 εἶχε
1202 1977 1349 2017 δυνάμεως.
1373 1979 1403 2008 Οἱ
1429 1977 1457 2006 δὲ
1478 1980 1621 2017 ὑμνοῦντες
1648 1979 1674 2008 τί
1701 1979 1805 2019 ἔλεγον,
1827 1977 1922 2016 ἴδωμεν.

1115 2020 1163 2063 ξΕκ
1184 2026 1229 2051 τοῦ
1253 2021 1333 2051 Δαϐὶδ
1353 2023 1403 2061 μὲν
1424 2024 1470 2053 τὸν
1498 2023 1579 2063 ὕμνον
1599 2029 1691 2054 τοῦτον
1721 2022 1827 2053 ἔλαϐον.
1851 2023 1883 2052 Τὸ
1902 2020 1923 2049 δὲ

1116 2062 1240 2105 Ὠσαννὲ,
1264 2068 1332 2097 κατὰ
1353 2068 1402 2106 μέν
1430 2079 1504 2101 τινας
1533 2069 1670 2109 σημαίνει,
1700 2071 1788 2097 σῶσον
1812 2067 1853 2108 δὴ,
1868 2066 1922 2094 κατὰ

242 2111 616 2159 vero,_l_iy_mnum.R_ectius
630 2115 789 2159 tamen‘est
803 2111 881 2159 quod
898 2111 994 2152 primo
1009 2125 1011 2138 ε

1160 2122 1232 2145 τινας
1254 2113 1391 2150 σημαίνει,
1419 2112 1514 2145 ὕμνος.
1547 2113 1634 2151 Πλὴν,
1662 2120 1787 2153 κρεττττν
1812 2113 1842 2141 τὸ
1860 2114 1921 2150 πρῶ-

248 2155 459 2187 tum.Habetur
473 2155 553 2186 enim
574 2155 604 2186 in
631 2155 795 2186 centesimo
810 2156 926 2187 decimo
943 2156 1068 2197 septimo

244 2200 407 2242 psalmo,0
436 2199 572 2238 Domine,
599 2201 690 2237 salva,
721 2201 848 2232 obsecro
866 2209 873 2232 :
891 2200 919 2232 id
944 2201 1022 2242 quod
1039 2202 1068 2232 in

242 2244 392 2276 Hebraico
414 2244 554 2276 Hosanna
569 2245 710 2286 scriptum
728 2248 784 2278 est.
812 2244 945 2285 Regnum
970 2250 1067 2277 autem

241 2289 335 2321 David
346 2298 471 2330 regnum
483 2289 590 2321 Christi
607 2289 820 2328 dicebant,tum
833 2290 912 2331 quod
927 2299 944 2321 a
955 2292 1070 2322 semine

242 2335 332 2366 David
341 2334 487 2366 deductus
498 2339 576 2365 esset
586 2334 796 2375 Christus,tum
813 2335 891 2375 quod
908 2334 997 2366 David
1018 2336 1068 2367 in-

242 2379 398 2421 terpretari
407 2378 474 2419 quis
482 2383 742 2420 potest,potentem
752 2379 798 2411 vel
811 2379 952 2411 idoneum
965 2390 1065 2413 manu.

242 2425 314 2462 Quis
329 2428 427 2455 autem
442 2423 519 2455 alius
533 2433 621 2455 manu
637 2433 732 2465 usque
747 2424 824 2456 adeo
841 2424 955 2455 validus
969 2429 998 2456 et
1014 2435 1066 2466 po-

242 2474 308 2502 tens
324 2474 356 2501 ut
370 2469 616 2509 Dominus,cujus
630 2479 735 2500 manus
746 2473 825 2500 tanta
840 2469 985 2501 miracula
997 2475 1064 2501 sunt

242 2513 395 2556 operata?
415 2514 560 2545 Caeterum
586 2517 753 2545 sternamus
767 2518 796 2545 et
811 2523 866 2545 nos
891 2514 1066 2546 vestimenta

241 2563 353 2597 nostra,
364 2559 421 2590 hoc
436 2564 482 2590 est
496 2558 736 2590 carnem.Vestis
751 2559 831 2590 enim
848 2558 966 2599 animae,
983 2568 1063 2600 caro,

241 2613 328 2646 quam
339 2603 534 2644 subjiciamus
548 2602 720 2643 Domino,et
730 2607 897 2634 sternamus
911 2602 988 2634 viam
1000 2604 1066 2635 vitae

241 2653 352 2680 nostrae
364 2659 371 2681 :
388 2648 612 2689 deputantes,et
625 2647 792 2679 incidentes
805 2647 842 2679 ab
853 2647 1010 2679 arboribus
1019 2657 1064 2680 ra-

242 2703 317 2732 mos,
334 2694 391 2724 hoc
408 2697 463 2732 est,
483 2696 652 2724 sanctorum
671 2692 740 2723 vitas
753 2691 915 2723 imitemur.
931 2692 1064 2726 Arbores

771 2772 812 2804 Ex
828 2772 987 2804 collatione
1000 2775 1088 2807 codd.

283 2835 345 2876 (74)
363 2836 523 2875 Ἐκπεριΐὼν
537 2839 616 2877 πεζῇ,
633 2835 699 2866 cod.
716 2835 765 2874 26,
783 2834 821 2866 30
836 2839 864 2866 et
881 2835 931 2867 31.

1110 2168 1167 2189 τον,
1204 2156 1255 2197 ’Ev_
1273 2158 1324 2197 γὰρ
1352 2159 1391 2194 τῷ
1422 2158 1559 2195 ἑκατοστῷ
1596 2157 1811 2195 ἑπτακαιδεκάτῳ
1836 2155 1922 2194 ψαλμῷ

1111 2209 1199 2243 κεῖται
1213 2211 1221 2219 ·
1241 2195 1379 2242 ὨνΚύριε,
1405 2205 1493 2231 σῶσον
1517 2202 1549 2238 δή
1566 2210 1574 2218 ⁸
1598 2202 1663 2243 ὅπερ
1691 2202 1719 2230 ἦν
1746 2205 1784 2240 τῷ
1806 2197 1922 2241 Ἐϐραϊκῷ

1113 2241 1227 2275 Ὡσαννὰ
1252 2241 1410 2286 γέγραπται.
1448 2247 1588 2276 Βασιλείαν
1616 2241 1654 2275 δὲ’
1684 2246 1764 2276 Δαϐὶδ
1789 2247 1836 2281 τὴν
1858 2246 1921 2284 βασι-

1111 2292 1183 2322 λείαν
1208 2296 1254 2321 τοῦ
1282 2294 1396 2332 Χριστοῦ
1424 2292 1527 2334 ἔληγον,
1543 2294 1599 2332 ἅμα
1614 2294 1663 2331 μὲν
1678 2292 1745 2322 διότι
1757 2293 1801 2322 καὶ
1814 2293 1863 2321 ἀπὸ
1882 2293 1920 2334 ῖοῦ

1111 2338 1262 2377 σπέρματος
1286 2341 1333 2366 τοῦ
1359 2337 1439 2366 Δαϐὶδ
1470 2333 1604 2378 κατήγετο
1633 2339 1648 2367 ὁ
1677 2339 1782 2378 Κύριος,
1812 2337 1862 2375 ἃμα
1885 2333 1917 2370 δί,

1110 2383 1149 2411 ὅτι
1174 2381 1256 2412 Δαϐὶό
1290 2382 1477 2423 ἑρμηνεὺεται,
1503 2382 1612 2416 δυνατὸς
1641 2383 1724 2424 χειρὶ,
1754 2382 1812 2417 ἤτοι
1843 2380 1918 2409 ἱκανὸς

1109 2428 1191 2468 χειρί.
1223 2427 1267 2460 Τίς
1296 2426 1323 2455 δί
1345 2426 1426 2460 ἄλλος
1453 2428 1544 2460 ἱκανὸς
1568 2430 1650 2468 χειρὶ,
1681 2429 1704 2456 εἰ
1731 2428 1771 2466 μὴ
1792 2428 1805 2456 ὁ
1827 2425 1915 2464 Κύριος,

1109 2472 1139 2501 οὖ
1167 2474 1193 2501 αἱ
1220 2478 1315 2512 χεῖρες
1344 2473 1460 2501 τοσαῦτα
1487 2472 1608 2511 θαύματα
1644 2472 1818 2512 ἕνήργησαις
1847 2468 1917 2499 Ἀλλᾶ

1107 2517 1160 2556 γὰρ
1183 2517 1345 2556 στρώσωμεν
1371 2517 1415 2545 καὶ
1444 2518 1527 2551 ἡμεῖς
1568 2517 1601 2546 τὰ
1635 2517 1727 2555 ἱμάτια
1754 2516 1839 2555 ἡμῶν,
1866 2513 1914 2548 ἦτοι

1106 2562 1155 2595 τὴν
1175 2562 1260 2601 σάρκα
1287 2561 1405 2601 (ἱμάτιον
1437 2562 1488 2602 γὰρ
1516 2563 1534 2596 ἡ
1573 2561 1636 2601 σὰρξ
1666 2564 1716 2596 τῆς
1744 2562 1852 2602 ψυχῆς),
1879 2558 1914 2586 καὶ

1106 2605 1279 2644 ὗποτάξωμεν
1300 2606 1400 2640 ταύτην
1428 2609 1466 2643 τῷ
1497 2606 1593 2646 Κυρίῳ.
1625 2607 1674 2636 Καὶ
1695 2605 1850 2646 στρώσωμεν
1872 2602 1913 2634 τὴν

1105 2649 1165 2679 ὁδον
1193 2655 1241 2681 τοῦ
1268 2650 1398 2690 ἡμετέρου
1425 2650 1494 2689 βίου,
1526 2651 1671 2684 κόπτοντες
1695 2650 1726 2679 in
1750 2653 1801 2678 τῶν
1819 2647 1912 2687 δένδρων

1105 2695 1227 2733 κλάδους,
1258 2694 1389 2735 τουτέστι,
1418 2695 1478 2728 τοὺς
1501 2697 1555 2723 τῶν
1582 2693 1665 2735 ἁγίων
1700 2695 1771 2734 βίους
1798 2692 1911 2733 μιμοόμι-

1106 2774 1212 2807 Venet.
1228 2776 1258 2807 S.
1277 2775 1380 2807 Marci.
