1948 3081
223 166 280 199 611

707 164 1004 198 THEOPHYLACTI
1025 164 1231 198 BULGARIB
1251 164 1429 198 ARCHIEP.

1867 163 1934 196 612

217 232 321 268 nolint,
339 231 370 262 in
389 232 532 271 majorem
559 230 841 262 condemnationem
865 239 968 261 eorum

1162 234 1204 261 :u'w
1232 231 1425 271 τελειουμένων
1452 233 1597 272 ἓπιγνῶσιν
1639 232 1679 261 ὅτι
1715 231 1821 267 ἆληθής
1858 231 1931 262 Θεός

219 277 296 316 quod
313 276 401 308 etiam
417 281 475 306 tam
492 275 580 307 claris
606 275 756 306 miraculis
772 285 831 305 non
847 275 1042 306 crediderint.

220 321 294 353 Vide
304 321 383 352 enim
405 325 478 361 quot
499 320 559 351 sint
574 320 622 351 hic
639 320 782 350 miracula
797 329 863 360 quas
878 320 920 351 eis
931 321 987 351 hoc
997 320 1042 350 lo-

219 375 254 396 co
269 365 469 397 dixerit.Dixit
484 367 527 396 eis
545 374 551 396 ;
579 364 737 395 Invenietis
764 364 893 404 pullum;
908 364 982 396 dixit
993 373 1044 396 eos

217 409 399 450 prohibitum
413 409 460 446 iri,
473 414 502 440 et
517 409 626 440 deinde
641 418 708 440 cum
724 409 859 439 dicerent
876 420 882 440 :
899 409 1044 440 Dominus

217 454 267 485 illo
297 463 371 494 opus
400 454 499 492 habet,
525 454 600 484 dixit
628 453 848 484 dimittendum.
866 453 1042 494 Neutiquam

217 499 297 530 enim
314 499 370 529 hoc
387 507 490 538 paru'n
508 498 613 529 fuisset
625 498 768 539 apostolis
797 498 926 538 permitti
944 504 974 529 ut
989 499 1044 529 ab-

215 545 327 575 ducant
340 543 527 584 pullum,uisi
539 543 638 574 divina
650 543 784 584 quaedam
800 542 894 574 virtus
909 543 1045 574 dominos

219 589 291 629 pulli
305 588 465 629 adegisset,
485 589 649 629 prmsertim
668 597 826 628 pauperes.
844 592 876 619 et.
898 589 1045 628 agricolas

218 633 360 670 fortassis,
375 636 407 664 ut
418 632 526 663 animal
540 632 611 663 illud
629 633 963 664 dimitterent.Attamen
980 632 1044 663 dis-

219 688 252 709 co
269 677 426 709 Dominum
441 678 470 709 id
484 687 543 709 non
556 678 620 708 sine
629 679 718 709 causa
734 677 952 717 fecissemeque
965 678 1043 708 enim

219 732 294 763 opus
311 722 439 753 habebat
455 723 546 763 pullo,
564 722 614 762 qui
631 725 717 753 toties
738 722 868 753 Judaeam
885 726 914 753 et
928 722 1044 753 Galila-

217 777 263 798 am
280 770 488 808 peragraverat
504 777 511 797 :
529 767 582 798 sed
600 767 781 798 monstrabat
796 767 874 807 quod
891 776 980 806 super
995 776 1045 807 po-

218 813 317 853 pulum
332 812 463 852 gentium
480 821 617 843 sessurus
632 816 720 849 esset,
738 812 789 852 qui
801 816 861 842 tum
873 811 1044 843 incredulus

216 861 279 887 erat
291 862 318 888 et
334 857 544 894 ineruditus,et
559 857 674 887 vinctus
691 856 818 896 peccatis
834 856 895 886 suis
908 857 936 887 in
952 856 1040 890 bivio.

1085 279 1167 308 ἒσνιν,
1199 279 1227 306 Ei
1253 277 1281 305 δὲ
1310 278 1349 316 μή
1376 276 1509 313 Θελήσωσι
1539 278 1666 318 συνιέναι,
1697 277 1733 310 εἰς
1761 278 1933 316 κατέκριμα

1086 327 1178 359 μεῖζον
1199 322 1291 355 αὐτοῖς
1322 322 1382 359 εἴη,
1404 322 1446 350 ὅτι
1468 321 1526 352 οὐδὲ
1561 323 1630 360 μετὰ
1661 326 1774 351 τοσαῦτα
1804 321 1933 360 λαμπρὰ

1085 367 1205 405 θαύματα
1233 366 1400 399 ἐπίστευσαν,
1432 367 1500 407 ’Ὅρα
1537 368 1587 407 γὰρ
1623 367 1693 396 πόσα
1722 367 1838 396 ἐνταῦθα
1871 377 1932 399 ση-

1084 417 1161 448 μεῖα.
1180 411 1265 440 Εἶπεν
1279 413 1384 451 αὐτοῖς,
1406 411 1448 439 ὅτι
1479 412 1609 451 Εὑρήσετε
1639 410 1741 442 πίυλον,
1758 411 1854 440 Εἶπεν
1887 409 1930 438 ὅτι

1086 455 1297 496 κωλυθήσονται,
1327 456 1390 484 εἶτα
1411 456 1541 496 εἰπόντες,
1570 455 1611 484 ὅτι
1642 452 1671 485 Ὀ
1694 457 1788 496 Κύριος
1819 455 1931 496 χρῄζει

1086 500 1177 540 αΰτοῡ,
1200 500 1369 535 ἐαθήσονται.
1399 499 1463 529 οὐδὲ
1493 502 1542 540 γὰρ
1564 500 1622 529 οὑδὲ
1636 504 1713 529 τοῦτο
1728 500 1825 540 μικρόν
1855 500 1929 539 ἔστι,

1085 546 1116 572 τὸ
1140 546 1349 585 συγχωρηθῆναι
1373 546 1434 578 τοὺς
1462 545 1628 577 ἀποστόλους
1649 545 1761 585 ἀπάγειν
1783 545 1835 572 τὸν
1871 547 1932 572 πῶ-

1085 591 1142 626 λον,
1166 588 1230 628 ὅπερ
1243 591 1290 618 οὑκ
1304 589 1335 618 ἃν
1350 590 1455 629 ἐγένετο
1477 590 1553 625 εἰμὴ
1577 591 1634 618 θεία
1662 601 1702 622 τις
1728 590 1838 629 ἀνάγκη
1876 589 1929 617 ἒπ-

1086 634 1171 663 έκειτο
1199 641 1258 667 τοῖς
1287 635 1385 674 κυρίοις
1412 639 1459 664 τοῦ
1487 635 1577 663 πώλου
1605 635 1790 674 ἀναγκάζουσα
1807 634 1928 669 ὡτοὺς,

1085 680 1172 708 καίτοι
1194 679 1311 714 πένητας
1326 679 1404 712 ὄντας
1426 681 1470 708 καὶ
1498 680 1633 719 γεωργοὺς
1648 680 1743 719 τυχὸν,
1760 680 1883 720 ἀφεῖναι
1899 680 1930 706 τὸ

1085 727 1163 760 ζῶιιν,
1187 724 1262 758 Πλὴν
1289 725 1415 763 μάνθανε,
1446 724 1487 753 ὅτι
1513 725 1542 753 οὗ
1564 725 1654 762 μάτην
1667 728 1746 753 τοῦτο
1759 724 1900 757 ἐποίησεν
1915 725 1928 751 ὁ

1088 770 1191 809 Κύριος.
1208 768 1273 799 Οὕδὲ
1303 769 1354 809 γὰρ
1382 769 1480 809 ἔχρῃζε
1501 773 1547 798 τοῦ
1568 769 1671 807 πώλου,
1689 771 1703 798 ὁ
1716 768 1860 800 πολλάκις
1877 769 1928 803 τὴν

1086 813 1227 842 Γαλιλαίαν
1255 815 1298 844 καὶ
1313 815 1362 848 τὴν
1383 813 1511 843 Ἰουδαίαν
1532 813 1637 842 ἅπασαν
1665 813 1809 853 ἑκπεριῖών
1844 812 1927 853 (74).

1084 858 1154 887 ἀλλὰ
1181 859 1305 887 δεικνύων
1329 858 1369 887 δτι
1399 858 1441 887 ἐπὶ
1456 860 1502 887 τὸν
1524 859 1628 887 ὶθνικὸν
1658 858 1723 887 λαὸν
1742 857 1926 897 ἰπιϐήσεται,

217 902 273 933 hoc
289 906 333 932 est
349 901 407 932 vita
423 901 490 942 hac,
508 901 584 942 apud
597 902 730 940 januam,
744 910 808 941 quae
824 905 869 931 est
885 904 967 932 extra
983 902 986 932 l

1157 904 1249 937 πειθης
1281 904 1330 942 μὲν
1350 903 1384 937 ἧν
1412 904 1457 932 καὶ
1478 903 1646 940 ἀπαίδευτος,
1663 902 1765 931 ἐδέδετο
1793 902 1823 931 Si
1859 909 1926 933 τιῐς

216 946 352 978 clesiam.
368 946 488 977 Solutus
503 950 547 976 est
562 950 661 976 autem
673 945 709 976 ab
725 945 865 985 apostolis
879 955 930 986 per
947 945 1040 986 bapti.

216 1001 312 1022 smum
329 996 358 1022 et
373 991 460 1022 [idem
479 1001 485 1022 :
503 996 532 1021 et
545 995 648 1022 vectus
661 990 744 1022 estin
761 1000 796 1022 eo
813 991 1040 1031 Dominus,cum

216 1036 340 1076 apostoli
370 1035 547 1067 vestimenta
571 1045 634 1072 sua,
652 1036 708 1066 hoc
726 1044 782 1073 εει,
800 1044 918 1066 omnem
934 1036 983 1076 qui
999 1043 1042 1070 est

215 1090 252 1112 ex
267 1080 375 1112 virtute
390 1081 529 1111 decorem
546 1080 766 1120 imposuissent.
787 1080 870 1111 Prius
885 1079 964 1111 enim
982 1090 1041 1111 uu-

215 1125 244 1156 di
262 1130 346 1156 erant
359 1125 483 1165 gentiles
508 1129 537 1156 et
563 1125 724 1165 deformes,
742 1129 890 1165 patrantes
906 1125 1037 1158 nefaria:

218 1175 372 1211 postquam
384 1174 481 1201 autem
495 1169 531 1200 ab
547 1170 688 1211 apostolis
697 1169 955 1206 adductifuerunt,
972 1175 1041 1201 tunc

215 1215 339 1247 honeste
361 1215 531 1246 didicerunt
553 1214 716 1252 ambulare,
734 1218 763 1244 et
774 1219 931 1255 propterea
951 1214 1039 1246 etiam

217 1260 247 1290 in
264 1259 337 1300 ipsis
362 1260 455 1290 fertur
470 1263 599 1298 gestatus
621 1258 918 1295 Christus.Quoniam
944 1263 1042 1290 autem

213 1305 342 1342 fuerunt,
360 1304 409 1344 qui
426 1304 508 1344 prius
525 1307 609 1335 erant
623 1303 736 1334 domini
750 1303 833 1343 pulli,
852 1303 903 1343 qui
918 1307 1036 1343 aposto-

212 1349 258 1380 los
287 1348 491 1389 prohiberent;
510 1358 609 1379 nonne
631 1348 752 1379 omnino
774 1349 839 1378 23|
860 1348 1010 1379 daemones
1023 1348 1039 1378 ?

215 1393 293 1425 Sane
305 1398 332 1424 et
348 1393 394 1424 his
405 1394 530 1434 apostoli
547 1393 775 1434 praevaluerunt.

1083 949 1191 980 οἰκείαις
1219 948 1360 988 ἁμαρτίαις
1388 948 1416 977 ἒν
1442 951 1476 987 τῇ
1498 947 1620 988 ἆμφόδῳ,
1651 947 1769 976 τουτέστι
1797 951 1843 985 τῷ

1083 993 1178 1029 τούτῳ,
1201 994 1267 1032 πρὸς
1289 995 1339 1026 τῆν
1367 994 1456 1033 θύραν,
1486 992 1567 1032 ἤγουν
1589 991 1639 1025 ἔξω
1659 995 1709 1025 τῆς
1734 991 1924 1026 Ἐκκλησίας.

1083 1036 1179 1071 Ἐλύθη
1209 1036 1236 1065 δὶ
1264 1038 1336 1077 παρὰ
1360 1041 1415 1066 τῶν
1439 1039 1566 1075 μαθητῶν
1589 1036 1631 1065 διὰ
1659 1040 1705 1065 τοῦ
1727 1037 1926 1075 βαπτίσματος
1945 1050 1948 1077 λ

1083 1083 1127 1110 καὶ
1153 1084 1203 1115 τῆς
1229 1082 1343 1114 πίστεως
1360 1091 1369 1099 ⁸
1406 1083 1450 1110 καὶ
1481 1082 1616 1122 Ιεπωχήθη
1645 1082 1716 1119 αὒτῷ
1751 1082 1765 1109 ὁ
1803 1082 1923 1121 Κύριος,

1083 1126 1224 1155 ἓπιθέντων
1251 1127 1305 1155 τῶν
1336 1125 1492 1155 ἀποστόλων
1521 1127 1554 1155 τὰ
1579 1126 1671 1158 ἱμάτια
1707 1126 1804 1165 αὑτῶν,
1840 1136 1926 1154 τουτ-

1084 1171 1138 1199 έστι
1167 1174 1254 1199 πᾶσαν
1282 1172 1487 1212 εὐσχημοσύνην
1528 1171 1578 1205 τὴν
1614 1170 1642 1203 ὶξ
1676 1171 1781 1210 ἀρετῆς.
1815 1171 1924 1209 Πρώην

1084 1214 1132 1252 μὲν
1161 1215 1211 1254 γὰρ
1239 1215 1334 1254 γυμνοὶ
1361 1215 1435 1246 ὄντες
1456 1216 1480 1243 οἱ
1501 1214 1527 1248 ἐξ
1552 1215 1632 1243 ξθνῶν
1648 1215 1804 1254 ἂσχήμονες
1830 1215 1921 1249 ἦσαν,

1084 1259 1246 1298 πράττοντες
1274 1259 1388 1297 ἄθεσμα.
1422 1258 1497 1288 Ἐπεὶ
1524 1258 1551 1287 δὲ
1587 1260 1638 1288 ὑπὸ
1666 1262 1720 1287 τῶν
1758 1259 1938 1288 ἀποστόλων

1080 1303 1218 1343 ἤχθησαν,
1233 1305 1295 1333 τότε
1309 1304 1337 1332 δὲ
1351 1305 1413 1333 τότε
1428 1304 1605 1344 εὖσχημόνως
1626 1304 1723 1342 ’έμαοον
1738 1312 1921 1344 περιπατεῖν,

1080 1349 1124 1377 καὶ
1146 1347 1188 1377 διὰ
1203 1353 1281 1378 τοῦτο
1295 1350 1339 1378 καὶ
1351 1349 1393 1378 ἔπ’
1410 1350 1495 1377 αὐτῶν
1511 1349 1617 1389 φέρεται
1632 1350 1646 1377 ὁ
1671 1349 1784 1385 Χριστὸς
1806 1349 1921 1387 βαστα-

1080 1394 1204 1430 ζόμενος.
1221 1394 1294 1426 Τίνες
1309 1393 1337 1422 δὲ
1357 1394 1426 1428 ἦσαν
1436 1395 1460 1422 oi
1470 1393 1565 1433 πρώην
1578 1392 1704 1422 δεσπόται
1719 1398 1767 1423 τοῦ
1779 1393 1883 1423 πώλου
1898 1395 1921 1422 οξ
1947 1392 1948 1419 ἓ

220 1439 365 1470 κωλύοντες
382 1439 442 1470 τοὺς
457 1438 632 1475 ἀποστόλους,
650 1438 668 1473 ἣ
680 1437 787 1471 παντως
802 1439 825 1466 οἱ
840 1438 961 1476 δαίμονες
978 1449 986 1475 ;
1004 1437 1087 1467 Ἀλλᾶ
1100 1440 1143 1468 καὶ
1157 1439 1257 1468 τούτων
1271 1438 1485 1479 ἐπικρατέστεροι
1501 1438 1618 1478 γίνονται
1633 1439 1657 1466 οἱ
1671 1438 1832 1469 ἀπόστολοι.

255 1482 371 1515 Vens.7
384 1483 506 1514 -lO.«Et
519 1483 707 1514 adduxerunt
722 1483 834 1523 pullum
847 1483 883 1513 ad
893 1482 1024 1519 Jesum,e

1157 1485 1206 1513 Καὶ
1246 1483 1349 1524 ἤγαγον
1391 1484 1437 1511 τὸν
1476 1482 1568 1511 πῶλον
1609 1483 1675 1523 πρὸς
1716 1483 1761 1511 τὸν
1790 1482 1918 1517 Ἰησοῦν,

215 1527 383 1568 injecerunt
392 1527 434 1558 illi
445 1527 620 1559 vestimenta
630 1527 833 1568 sua,seditque
843 1536 932 1567 super
942 1527 1037 1559 illum.

213 1572 295 1603 Multi
310 1581 379 1604 vero
395 1571 570 1602 vestimenta
584 1581 638 1603 sua
653 1571 829 1603 sternebant
841 1572 870 1602 in
885 1571 972 1609 viam,
989 1571 1039 1603 alii

211 1626 282 1647 vero
297 1616 419 1647 frondes
432 1616 605 1647 incidebant
627 1626 663 1647 ex
689 1616 857 1654 arboribus,
875 1620 904 1647 et
919 1620 1037 1648 sterne-

213 1661 283 1693 bant
294 1662 323 1692 in
339 1661 425 1692 viam.
441 1662 478 1693 Et
497 1661 547 1702 qui
572 1661 779 1702 praecedebant
794 1662 903 1702 quique
926 1670 1036 1702 seque—

212 1707 322 1738 bantur
335 1706 503 1738 clamabant
515 1706 650 1737 dicentes
665 1716 672 1736 :
690 1706 839 1744 Hosanna,
860 1707 1037 1738 benedictus

211 1752 260 1792 qui
275 1751 354 1782 venit
368 1751 398 1782 iu
414 1751 536 1782 nomine
549 1751 678 1782 Domini.
695 1751 890 1782 Benedictum
901 1751 979 1791 quod
990 1759 1038 1782 ve-

211 1796 436 1835 nitregnum,in
448 1795 567 1827 nomine
575 1795 694 1827 Domini
710 1796 799 1837 patris
815 1795 908 1828 nostri
925 1795 1034 1827 David:

210 1841 351 1873 Hosanna
366 1840 395 1871 in
411 1840 594 1871 altissimis:
613 1840 769 1872 Multitudo
785 1840 916 1881 quandiu
933 1841 1035 1872 incor-

208 1890 295 1926 rupta
308 1889 416 1924 manet,
424 1887 558 1924 agnoscit
571 1888 717 1926 quantum
732 1894 807 1926 opus
822 1889 905 1916 erat:
924 1885 991 1916 ideo
1007 1888 1038 1917 et

210 1930 319 1970 singuli
335 1939 387 1970 pro
403 1929 515 1960 viribus
525 1930 586 1961 suis
599 1931 699 1961 Jesum
710 1930 1040 1961 venerantur.Laudan-

209 1980 254 2005 tes
269 1979 366 2006 autem
387 1974 458 2015 quid
476 1974 618 2015 dixerint,
635 1974 798 2006 videamus.
814 1976 836 2005 A
853 1973 943 2005 David
966 1984 1038 2006 sane

209 2020 350 2060 hymnum
377 2019 460 2050 illum
491 2028 656 2060 sumpsere.
675 2020 765 2049 Porro
794 2018 932 2050 Hosauna
951 2019 1036 2059 juxta

209 2065 351 2104 quosdam
363 2063 520 2104 signiﬁcat,
536 2063 756 2099 salva,obsecro
769 2074 775 2095 :
789 2063 874 2103 juxta
889 2063 1033 2104 quosdam

1080 1529 1124 1556 καὶ
1152 1526 1281 1556 ἐπέϐαλον
1324 1528 1396 1565 αὐτῷ
1436 1527 1469 1555 τὰ
1510 1527 1603 1565 ἱμάτια
1646 1529 1743 1567 αὒτῶν,
1772 1527 1819 1555 καὶ
1854 1528 1920 1556 ἑκά-

1079 1573 1150 1600 θισεν
1178 1571 1220 1600 ἐπ’
1242 1572 1333 1603 αὐτόν.
1362 1571 1461 1600 Πολλοὶ
1481 1571 1509 1600 δὲ
1525 1572 1559 1600 τὰ
1572 1571 1666 1609 ἱμάτια
1690 1574 1776 1601 αὐτῶν
1806 1571 1919 1612 ἔστρω-

1080 1627 1127 1645 σαν
1158 1617 1195 1649 εἰς
1223 1616 1272 1650 τὴν
1294 1615 1354 1645 ὁδόν
1369 1626 1377 1634 ⁸
1394 1616 1470 1645 ἄλλοι
1492 1615 1520 1644 δὲ
1536 1614 1661 1649 στιϐαδας
1683 1615 1797 1645 ἔκοπτον
1815 1616 1851 1645 ἐκ
1864 1621 1922 1645 τῶν

1079 1660 1203 1701 δένδρων,
1232 1661 1277 1689 καὶ
1304 1661 1465 1701 ἐστρώννυον
1487 1662 1523 1693 εἷς
1545 1661 1596 1689 τὴν
1625 1659 1697 1692 ὁδόν,
1723 1662 1773 1690 Καὶ
1795 1662 1820 1690 οἱ
1851 1673 1920 1702 προ-

1078 1706 1189 1744 άγοντες
1227 1705 1271 1734 καὶ
1310 1706 1333 1734 οἱ
1374 1705 1577 1738 ἀκολοῦθοῦντῑς
1613 1705 1723 1745 ἔκραζον
1759 1704 1894 1745 λέγοντες
1909 1731 1916 1737 ,

1080 1746 1195 1779 Ὠσαννὰ
1223 1749 1403 1790 εὐλογημένος
1431 1752 1444 1779 δ
1461 1750 1610 1791 ἐρχόμενος
1625 1750 1652 1779 ἐν
1667 1750 1779 1788 ὀνόματι
1804 1752 1917 1791 Κυρίου.

1079 1794 1255 1835 Εὒλογημένη
1283 1796 1300 1830 ἡ
1329 1795 1465 1836 ἐρχομένη
1485 1795 1608 1833 βασιλεία
1630 1796 1658 1823 ιν
1679 1796 1792 1833 ὀνόματι
1815 1797 1920 1836 Κυρίου

1079 1842 1125 1868 τοῦ
1138 1841 1238 1879 πατρὸς
1253 1841 1331 1878 ἡμῶν
1353 1839 1433 1868 Δαϐίδ
1449 1848 1456 1855 ·
1484 1836 1600 1869 Ὡσαννὰ
1624 1840 1652 1869 ἓν
1665 1846 1724 1872 τοῖς
1739 1840 1877 1878 ὗψίστοις.
1901 1852 1916 1867 ι

1079 1884 1114 1913 Τὸ
1143 1883 1244 1918 πλῆθος
1272 1884 1368 1925 μέχρις
1399 1885 1431 1913 ἂν
1461 1884 1619 1925 ἀδιάφθορον
1646 1885 1726 1924 μένῃ,
1744 1884 1918 1925 ἐπιγινώσκει
1947 1898 1948 1925 ι

1079 1930 1110 1957 τὸ
1131 1928 1201 1961 δέον,
1233 1930 1281 1958 Διᾶ
1308 1930 1354 1958 καί
1379 1932 1477 1968 τιμῶσι
1505 1931 1550 1959 τὸν
1587 1930 1691 1964 Ἰησοῦν
1724 1929 1841 1962 ἕκαστος
1876 1932 1918 1963 ὣς

1080 1974 1146 2014 εἶχε
1165 1973 1312 2012 δυνάμεως.
1336 1975 1366 2004 Οἱ
1392 1973 1420 2003 δὲ
1441 1976 1584 2013 ὑμνοῦντες
1611 1975 1637 2003 τί
1665 1973 1767 2014 ἔλεγον,
1792 1974 1915 2014 ἴδωμεν,

1078 2017 1126 2047 Ἐκ
1147 2022 1192 2047 τοῦ
1216 2017 1296 2047 Δαϐἶδ
1317 2019 1367 2057 μὲν
1387 2020 1434 2048 τὸν
1461 2019 1542 2058 ὕμνον
1562 2025 1654 2050 τοῦτον
1683 2018 1793 2048 ἕλαὸον.
1820 2021 1860 2049 Τὸ
1885 2019 1916 2049 δὲ

1079 2059 1204 2101 Ὡσαννὰ,
1227 2064 1296 2093 κατὰ
1317 2064 1365 2102 μέν
1393 2075 1467 2097 τινας
1497 2065 1633 2104 σημαίνει,
1663 2066 1750 2092 σῶσον
1776 2063 1823 2105 δὴ,
1842 2067 1916 2094 κατὰ

205 2109 579 2155 vero,hymnum.R_ectius
594 2112 691 2139 tamen
699 2112 752 2155 est
766 2108 845 2155 quod
861 2108 957 2149 primo
973 2123 974 2134 ι

1145 2119 1196 2142 ινας
1217 2109 1355 2146 σημαίνει,
1383 2108 1477 2141 ὕμνος.
1511 2108 1596 2147 Πλὴν,
1626 2115 1749 2148 κρεῖττον
1777 2109 1811 2136 τὸ
1832 2113 1914 2150 πρῶ-

212 2153 423 2185 tum.Habetur
437 2153 517 2184 enim
538 2153 568 2183 in
595 2153 758 2184 centesimo
774 2153 890 2184 decimo
907 2153 1032 2194 septimo

208 2197 371 2240 psalmo,O
400 2197 536 2236 Domine,
563 2197 654 2235 salva,
685 2198 812 2229 obsecro
830 2206 836 2229 :
854 2197 883 2228 id
908 2198 986 2239 quod
1003 2199 1032 2229 in

206 2242 356 2274 Hebraico
378 2242 518 2274 Hosanna
533 2243 674 2282 scriptum
692 2245 747 2275 est.
775 2241 909 2282 Regnum
933 2247 1031 2274 autem

205 2287 298 2319 David
310 2296 434 2327 regnum
447 2287 555 2319 Christi
571 2286 784 2326 dicebant,tum
797 2287 875 2327 quod
891 2297 908 2318 a
919 2288 1033 2319 semine

156 2358 160 2359 ν
206 2333 296 2364 David
305 2332 451 2363 deductus
462 2336 540 2363 esset
550 2331 760 2372 Christus,tum
777 2331 856 2372 quod
872 2331 961 2363 David
982 2332 1032 2364 in-

207 2377 362 2419 terpretari
372 2376 438 2417 quis
446 2380 706 2417 potest,potentem
717 2377 762 2408 vel
775 2376 916 2408 idoneum
929 2386 1029 2410 manu.

207 2423 278 2460 Quis
293 2426 391 2453 autem
406 2421 483 2452 alius
498 2431 585 2452 manu
602 2431 697 2462 usque
711 2422 788 2453 adeo
805 2421 919 2452 validus
933 2426 962 2453 et
978 2432 1031 2462 po-

207 2472 273 2499 tens
289 2472 320 2498 ut
335 2466 580 2507 Dominus,cujus
594 2476 699 2498 manus
710 2470 790 2497 tanta
804 2466 949 2498 miracula
962 2471 1028 2498 sunt

207 2511 360 2554 operate?
380 2512 525 2542 Caeterum
550 2515 717 2542 sternamus
732 2515 761 2542 et
775 2520 830 2542 nos
856 2511 1031 2543 vestimenta

206 2561 318 2595 nostra,
329 2557 386 2588 hoc
400 2562 446 2587 est
461 2555 700 2588 carnem.Vestis
715 2555 796 2587 enim
812 2555 930 2596 animae,
948 2565 1028 2597 caro,

206 2611 293 2644 quam
304 2600 499 2641 subjiciamus
513 2599 685 2640 Domino,et
694 2604 862 2631 sternamus
876 2599 953 2630 viam
965 2600 1030 2632 vitae

206 2651 316 2678 nostrae
329 2657 336 2678 :
353 2646 577 2686 deputantes,et
590 2645 757 2676 incidentes
770 2644 807 2676 ab
818 2644 975 2676 arboribus
984 2654 1029 2676 ra-

207 2701 282 2730 mos,
299 2692 356 2723 hoc
373 2694 428 2729 est,
447 2694 617 2721 sanctorum
636 2689 705 2720 vitas
718 2689 880 2720 imitemur.
896 2689 1029 2722 Arbores

1074 2164 1130 2186 τον,
1168 2153 1219 2193 Ἐν
1236 2154 1287 2193 γὰρ
1316 2155 1354 2190 τῷ
1385 2153 1522 2191 ἑκατοστῷ
1559 2152 1775 2191 ἑπτακαιδεκάτῳ
1804 2153 1915 2193 ψαλμῷ

1074 2205 1163 2227 κεῖται
1177 2207 1185 2216 °
1204 2191 1343 2238 ,uVK-t'ipls,
1369 2201 1457 2227 σᾶοσον
1480 2198 1512 2233 δή
1529 2206 1537 2213 '
1562 2197 1627 2238 ὅπερ
1655 2198 1682 2225 ἐν
1709 2200 1748 2234 τῷ
1770 2191 1914 2238 Ἐϐραίκῷ
1947 2227 1948 2233 η

1076 2238 1191 2271 Ὡσαννὰ
1216 2243 1373 2282 γέγραπται.
1411 2243 1551 2272 Βασιλείαν
1579 2242 1607 2271 δὲ
1648 2241 1727 2271 Δαϐὶδ
1753 2242 1805 2277 τὴν
1831 2244 1913 2281 βασι-

1074 2289 1146 2318 λείαν
1172 2292 1218 2317 τοῦ
1246 2290 1360 2328 Χριστοῦ
1387 2288 1491 2329 ἔλνγον,
1506 2289 1562 2327 ἅμα
1578 2289 1626 2327 μὲν
1641 2287 1708 2317 διότι
1721 2289 1766 2317 καὶ
1780 2289 1838 2317 ἀπὸ
1862 2294 1910 2319 τοῦ
1946 2318 1948 2325 ,

1074 2334 1226 2374 σπέρματος
1251 2337 1297 2362 τοῦ
1322 2332 1403 2362 Δαϐὶδ
1434 2334 1568 2373 κατήγετο
1597 2334 1611 2362 ὁ
1641 2334 1746 2374 Κύριος,
1778 2333 1838 2372 ἃμα
1868 2334 1907 2372 δὲ,

1073 2379 1113 2408 ὅτι
1138 2377 1219 2408 Δαϐὶδ
1254 2378 1441 2419 ἑρμηνεὺεται,
1467 2377 1576 2411 δυνατὸς
1605 2379 1688 2419 χιιρῖ,
1718 2377 1778 2412 ἤτοι
1815 2379 1908 2412 ἱκανὸς

1073 2425 1155 2464 χειρί.
1187 2424 1231 2456 Τίς
1260 2422 1287 2451 δῖ
1309 2422 1390 2455 ἄλλος
1417 2424 1508 2456 ἱκανὸς
1532 2425 1614 2464 χειρὶ,
1645 2424 1668 2451 εἰ
1695 2423 1735 2461 μὴ
1757 2424 1771 2451 ὁ
1795 2423 1906 2463 Κύριος,

1073 2468 1103 2497 οὗ
1131 2470 1157 2496 αἱ
1185 2474 1280 2508 χεῖρες
1308 2469 1424 2496 τοσαῦτα
1451 2468 1572 2506 θαύματα
1608 2467 1787 2507 ἑνήργησαις
1819 2468 1907 2498 Ἀλλὰ

1071 2513 1125 2552 γὰρ
1148 2513 1309 2552 στρώσωμεν
1336 2513 1380 2541 καὶ
1408 2513 1491 2547 ἡμεῖς
1532 2513 1565 2541 τὰ
1599 2512 1691 2551 ἱμάτια
1718 2512 1811 2553 ἡμῶν,
1843 2513 1905 2548 ἤτοι

1070 2558 1119 2592 τὴν
1140 2558 1224 2597 σάρκα
1252 2557 1369 2598 (ἱμάτιον
1401 2557 1452 2598 γὰρ
1480 2558 1498 2592 ἡ
1537 2556 1600 2597 σὰρξ
1630 2559 1681 2591 τῆς
1709 2559 1826 2598 ψυχῆς),
1861 2559 1905 2587 καὶ

1070 2601 1243 2641 ὑποτάξωμεν
1264 2601 1364 2635 ταύτην
1392 2605 1431 2639 τῷ
1461 2602 1557 2642 Κυρίῳ.
1590 2602 1638 2631 Καὶ
1659 2601 1824 2642 στρώσωμεν
1853 2603 1904 2636 τὴν

1070 2646 1130 2675 ὁδὸν
1158 2651 1206 2677 τοῦ
1232 2646 1363 2686 ἡμετέρου
1389 2646 1459 2684 βίου,
1491 2646 1635 2680 κόπτοντες
1660 2646 1691 2675 lx
1715 2649 1769 2674 τῶν
1788 2645 1903 2688 δένδρων
1947 2664 1948 2678 ι

1069 2691 1192 2729 κλάδους,
1222 2691 1354 2730 τουτέστι,
1383 2691 1443 2724 τοὺς
1466 2693 1519 2719 τῶν
1546 2689 1629 2730 ἁγίων
1664 2691 1737 2730 βίους
1767 2693 1902 2731 μιμούμε-

735 2769 777 2801 Ex
793 2769 952 2801 collatione
965 2771 1053 2804 codd.
1071 2770 1177 2803 Venet.
1193 2772 1223 2803 S.
1242 2771 1345 2804 Marci.

248 2834 310 2875 (74)
327 2834 488 2873 Ἐκπεριϊὼν
503 2837 582 2874 πεζῇ,
598 2832 664 2864 cod.
681 2833 730 2871 26,
749 2831 786 2864 30
801 2836 830 2863 et
846 2831 896 2864 31.

1946 539 1948 588 ‘

1946 835 1948 958 ψ

1946 1583 1948 1699 ψ
