1948 3081
209 164 271 196 615

691 160 989 194 THEOPHYLACTI
1011 163 1059 194 BU
1065 162 1217 195 LGARLE
1238 163 1416 196 ARCHIEP.

1844 166 1899 196 6l6

210 233 289 273 quod
307 236 392 263 etuam
411 231 519 272 punire
538 231 639 272 possit.
656 231 834 262 Habetitem
852 234 881 261 et
896 231 969 262 ﬁcus
984 235 1029 270 ty-

1115 242 1150 260 ων
1182 235 1358 272 Συναγωγῆς,
1382 236 1412 262 οῦ
1439 232 1524 273 φύλλα
1553 232 1634 271 μόνον
1649 234 1745 274 εἶχον,
1768 234 1899 274 τουτέστι,

211 286 281 318 pum
298 286 451 317 synagogas
462 276 701 317 Judaeorum,qui
716 276 786 307 folia
801 276 863 306 sola
873 275 1032 313 habebant,

211 322 268 352 hoc
279 326 324 352 est
335 322 442 361 legem,
461 321 597 351 umbram
615 321 675 351 illis
692 320 888 360 praebentem,
904 320 1033 351 fructum

212 375 279 397 vero
292 363 404 397 nulld‘m
416 365 590 396 aﬁ'erehant.
610 365 765 396 Esuriebat
779 369 878 395 autem
891 364 979 396 Jesus
989 374 1034 395 sa-

210 411 301 441 lutem
318 410 448 442 illorum.
467 411 549 441 Meus
564 410 642 441 enim
657 410 742 441 cibus
757 413 812 447 est,
825 410 930 450 inquit.
945 414 975 440 ut
988 410 1033 440 fa-

210 455 286 486 ciam
295 455 476 487 voluntatem
495 455 588 485 Patris
604 455 821 486 mei.Voluntas
829 459 926 485 autem
940 454 1034 486 Patris

210 504 267 541 est,
280 504 311 530 ut
326 504 499 530 convertant
515 509 547 530 se
562 503 748 540 peccatores.
760 500 798 531 Et
808 499 877 540 quia
888 509 1034 539 synagoga

210 544 338 576 fructum
355 554 415 575 non
430 543 732 586 h_nbebat,maledicta
747 548 791 575 est
806 548 836 575 et
850 544 1033 575 exaruit.ne—

210 599 267 630 que
276 590 463 630 prophetam,
481 598 578 629 neque
589 588 740 620 doctorem
757 589 882 620 habens.

249 635 340 665 Vens.
359 634 467 665 15-18.
490 646 502 661 ι
524 633 558 664 Εῐ
581 632 705 665 veniunt
734 633 979 674 Hierosolymam,
1006 638 1035 664 et

209 679 361 718 ingressus
374 678 461 710 Jesus
474 679 504 709 in
521 679 676 718 templum,
693 679 782 719 erepit
798 679 907 718 ejicere
922 688 972 709 eos
983 678 1034 718 qui

209 723 378 754 vendebant
393 727 421 754 et
436 723 576 754 emebant
592 724 621 754 in
638 724 748 763 templo
766 734 773 754 :
791 729 820 754 et
835 732 952 754 mensas
968 723 1032 754 col-

210 768 425 809 lybistarum,et
442 768 529 798 sellas
544 767 734 799 vendentium
748 767 900 799 columbas
912 767 1034 798 subver-

210 813 265 844 tit:
284 816 313 843 et
336 822 394 843 non
411 812 545 853 permisit
571 817 602 842 ut
625 812 780 852 quisquam
797 812 968 852 deportaret
985 822 1034 843 vas

211 867 265 898 per
280 857 422 898 templum
438 868 444 886 τ
463 861 492 888 et
502 857 626 888 docebat
642 857 746 888 dicens
760 857 829 887 illis:
842 856 1032 888 Nonnescri-
1046 874 1064 899 Β

211 906 291 942 puum
309 907 364 942 est,
377 901 488 932 Domus
505 911 571 932 mea
584 902 690 932 domus
717 902 896 942 precationis
911 901 1032 932 vocabi-

211 951 258 977 tur
272 946 412 977 omnibus
426 946 638 984 gentibus?Vos
649 954 747 977 amem
764 946 875 977 fecistis
886 955 950 977 eam
961 955 1032 986 spe-

209 991 327 1022 luncam
344 991 502 1022 latronum.
520 991 556 1020 Et
571 991 730 1021 audierunt
741 990 854 1021 Scribze
869 990 1033 1030 principes-

209 1045 267 1076 que
282 1035 481 1075 sacerdotum,
494 1040 523 1066 et
540 1034 711 1075 quaarebant
726 1035 875 1075 quomodo
891 1035 975 1065 illum
989 1044 1034 1066 es-

208 1085 275 1112 sent
304 1079 460 1120 perdituri.
486 1079 643 1110 Timebant
668 1079 747 1110 enim
777 1089 856 1116 eum,
874 1079 953 1119 quod
976 1083 1035 1110 tota

210 1125 295 1156 turba
309 1124 512 1155 admirabatur
528 1124 694 1155 doctrinam
709 1124 819 1155 illius.»
837 1123 920 1160 Quod
932 1124 1033 1164 ejece-

207 1171 246 1201 rit
260 1169 434 1208 vendentes,
451 1168 539 1199 etiam
551 1170 683 1200 Joannes
697 1173 797 1199 narrat
816 1179 822 1199 :
838 1169 890 1199 sed
905 1168 1035 1200 Joannes

208 1216 237 1246 in
252 1214 396 1255 principio
412 1213 573 1254 Evangelii,
592 1213 639 1244 hic
655 1217 753 1244 autem
769 1212 824 1244 sub
840 1213 1034 1244 ﬁnem.Veri-

209 1260 308 1290 simile
323 1259 475 1299 igitur-hoc
485 1257 615 1289 secundo
625 1258 808 1298 l'actum,quo
821 1259 907 1289 etiam
920 1258 1035 1289 Judaeo-

209 1314 275 1335 rum
292 1303 440 1334 accusatio
457 1303 552 1342 major
567 1305 648 1334 esset
663 1313 670 1332 :
683 1302 925 1343 quandoquidem
937 1311 1034 1343 neque

210 1358 277 1380 cum
293 1357 372 1388 saepe
388 1348 466 1378 idem
491 1347 595 1378 fecerit
620 1347 777 1386 Dominus,
795 1351 864 1377 sunt
885 1347 1031 1379 conversi.

210 1393 387 1434 Speluncam
404 1396 500 1423 autem
511 1391 657 1422 latronum
673 1391 804 1422 nominat
815 1391 957 1432 templum
969 1401 1036 1432 pro-

210 1443 275 1478 pter
299 1437 464 1468 avaritiam.
486 1436 645 1467 Latronum
663 1436 742 1467 enim
759 1445 854 1476 genus
866 1436 903 1467 ad
921 1436 1034 1467 lucrum

210 1486 333 1523 spei-tat.
348 1481 384 1512 Et
398 1481 537 1522 quoniam
563 1480 652 1511 etiam
678 1481 721 1511 illi
745 1485 868 1521 propter
889 1481 1036 1513 sacriﬁcia

1074 277 1154 315 νόμον
1190 277 1265 306 σκιὰν
1293 278 1387 309 αὐτοῖς
1414 277 1581 318 παρέχοντα,
1624 279 1725 318 καρπὸν
1754 277 1782 306 δὲ
1811 278 1899 309 o-‘ﬁs'va

1074 321 1166 361 εἶχον,
1194 321 1332 350 Ἐπείνασε
1353 321 1381 349 δὲ
1410 323 1424 350 ὁ
1451 321 1554 355 Ἰησοῦς
1575 322 1624 356 τὴν
1653 323 1788 362 σωτηρίαν
1803 323 1897 352 αὐτῶν.

1074 364 1156 402 Ἐμὸν
1171 366 1233 406 γὰρ,
1257 367 1333 407 φησὶ,
1364 367 1459 406 βρῶμά
1488 366 1572 407 ἐστιν,
1594 367 1641 395 ’ίνα
1669 370 1739 396 ποιῶ
1755 369 1786 396 τὶ
1800 367 1900 406 Θέλημα

1074 413 1121 438 τοῦ
1150 410 1253 450 Πατρός
1280 422 1342 448 μου.
1370 410 1481 449 Θέλημα
1508 410 1535 439 δὲ
1576 415 1643 440 Θεοῦ
1671 412 1701 440 τὸ
1737 412 1899 453 ἔπιε-τρέφειν

1075 457 1135 486 τοὺς
1164 455 1374 495 ἁμαρτάνοντας.
1399 456 1475 484 Ἐπεὶ
1489 456 1575 484 τοίνυν
1592 457 1640 484 οὐκ
1668 457 1734 497 εἶχε
1760 458 1862 496 καρπὸν
1883 459 1899 492 ἧ

1075 500 1227 539 συναγωγὴ,
1250 499 1388 540 κατηράθη
1421 501 1464 529 καὶ
1492 499 1633 538 ἐξηράνθη,
1665 503 1734 540 μήτε
1763 502 1900 541 προφήτην

1075 545 1144 582 μήτε
1159 543 1315 573 διδάσκαλον
1329 544 1429 585 ἔχουσα
1435 569 1442 577 ,

1118 645 1132 660 ε
1163 633 1211 662 Καὶ
1241 633 1364 674 ἔρχονται
1394 634 1430 666 εἰς
1461 629 1643 674 Ἱεροσόλυμα,
1666 636 1717 664 ἰαὶ
1738 633 1861 664 εἰσελθὼν
1887 638 1900 665 6

1073 677 1178 711 Ἰησοῦς
1206 679 1243 711 εἷς
1282 679 1312 706 τὸ
1340 679 1422 719 ἱερὸν,
1453 678 1549 719 ἤρξατο
1578 678 1720 708 ἐκϐάλλειν
1756 681 1817 712 τοὺς
1844 692 1899 709 πω,

1074 721 1184 753 λοῦντας
1213 723 1257 751 καὶ
1272 723 1450 762 ἀγοράζοντας
1474 724 1502 751 ἐν
1530 727 1569 761 τῷ
1589 725 1665 764 ἱερῷ.
1697 725 1749 754 Καὶ
1771 725 1818 757 τὰς
1838 736 1900 765 τρα-

1074 767 1155 803 πέζας
1175 771 1230 796 τῶν
1258 767 1439 796 κολλυϐιστῶν
1462 769 1506 796 καὶ
1533 769 1581 801 τὰς
1616 768 1744 809 καθέδρας
1774 770 1826 798 τῶν
1845 781 1900 798 πω-

1074 810 1191 840 λούντων
1241 813 1289 844 τὰς
1340 813 1496 852 περιστερὰς
1547 813 1723 854 κατέστρεψε,
1770 815 1819 844 Καὶ
1858 817 1900 844 οὒκ

1075 855 1151 896 ἤφιεν
1184 856 1231 885 ἵνα
1262 868 1302 889 τις
1329 856 1449 896 διενέγκῃ
1478 861 1571 890 σκεῦος
1595 857 1638 886 διὰ
1666 862 1712 887 τοῦ
1738 859 1821 898 ἱεροῦ.
1856 860 1900 888 Καὶ

1074 900 1202 941 ἐδίδασκε,
1221 901 1306 940 λέγων
1333 904 1425 933 αὐτοῖς
1443 911 1451 918 ·
1481 904 1518 932 Οὔ
1540 903 1688 942 γέγραπται
1704 903 1761 939 ὅτι,
1779 899 1807 932 10
1829 903 1899 939 οἶκός

1075 956 1125 988 μου
1156 945 1234 978 οἶκος
1262 947 1416 986 προσευχῆς
1439 945 1602 981 κληθήσεται
1624 950 1688 974 πᾶσι
1711 954 1773 978 τοῖς
1785 947 1897 988 ἶθνεσιν;

1075 986 1168 1028 ’Υμετς
1193 988 1220 1017 δὲ
1245 991 1390 1025 ἔποιήσατε
1415 990 1494 1019 αὐτὸν
1529 990 1662 1026 σπήλαιον
1699 990 1820 1030 λῃστῶν,
1856 986 1899 1021 Καῖ

1074 1034 1190 1068 ἤκουσαν
1224 1035 1248 1063 οἱ
1284 1037 1456 1073 Γραμματετς
1485 1036 1528 1063 καὶ
1555 1036 1579 1063 οἱ
1609 1036 1762 1075 ἀρχιερεῖς,
1786 1037 1829 1065 καὶ
1845 1036 1899 1071 ἑξή-

1076 1090 1136 1107 τουν
1164 1082 1220 1112 πῶς
1265 1080 1342 1108 αὐτὸν
1373 1079 1550 1110 ἀπολέσωσιν.
1590 1078 1755 1119 Ἐφοϐοὖντο
1776 1081 1827 1120 γὰρ
1853 1082 1898 1110 αὒ-

1075 1125 1134 1164 τὺν,
1163 1123 1204 1152 ὅτι
1226 1127 1278 1156 πᾶς
1307 1125 1321 1152 ὁ
1350 1123 1434 1164 ὄχλος
1463 1124 1641 1159 ἐξεπλήσσετο
1675 1125 1720 1154 ἐπὶ
1746 1128 1781 1164 τῇ
1807 1124 1899 1164 διδαχῇ

1077 1169 1165 1197 αὐτοῦ,
1186 1180 1200 1196 ι
1233 1170 1268 1198 Τὸ
1297 1167 1469 1198 ἐκϐάλλεσθαι
1490 1170 1563 1209 παρὰ
1579 1171 1624 1198 τοῧ
1639 1170 1730 1204 Ιήσοῠ
1758 1170 1818 1203 τοὺς
1845 1181 1898 1197 πω-

1077 1212 1187 1245 λοῦντας
1213 1214 1257 1241 καὶ
1285 1214 1299 1242 ὁ
1340 1213 1465 1248 Ἰωάννης
1512 1213 1658 1254 διηγεῖται.
1693 1214 1774 1243 Ἀλλ’
1802 1215 1899 1245 ἐκεῖνος

1077 1258 1126 1296 μὲν
1151 1257 1178 1285 ἐν
1192 1260 1226 1296 τῇ
1241 1258 1314 1298 ἀρχῇ
1340 1261 1387 1287 τοῦ
1411 1258 1582 1299 Εὖκγγελίου,
1611 1260 1687 1291 οὗτος
1718 1258 1748 1287 δὲ
1776 1260 1841 1299 πρὸς
1864 1262 1899 1295 τῷ

1075 1301 1157 1333 τέλει,
1189 1303 1265 1334 Εἰκὸς
1302 1306 1346 1331 οὗν
1383 1302 1503 1343 δεύτερον
1538 1303 1658 1342 γενέσθαι
1693 1307 1786 1341 τοῦτο,
1823 1304 1837 1331 ὃ
1859 1305 1898 1331 καὶ

1076 1348 1171 1384 μείζων
1199 1348 1347 1387 κατηγορία
1374 1351 1427 1376 τῶν
1456 1347 1598 1386 Ἰουδαίων,
1635 1347 1694 1387 εἴγε
1717 1347 1847 1380 πολλάκις
1872 1349 1899 1376 τὸ

1077 1393 1139 1421 αὐτὸ
1180 1393 1342 1427 ποιήσαντος
1386 1393 1433 1421 τοῦ
1464 1393 1569 1433 Κυρίου,
1606 1393 1654 1421 οὔκ
1687 1393 1897 1433 ὶπεστράφησαν.

1076 1436 1213 1472 Σπήλαιον
1243 1436 1271 1465 δὲ
1299 1436 1405 1475 λῃστῶν
1434 1438 1557 1475 ὀνομάζει
1583 1439 1629 1466 τὸν
1655 1448 1732 1476 ναον,
1757 1437 1800 1466 διὰ
1813 1438 1844 1466 τὸ
1857 1449 1898 1477 φι-

1076 1480 1210 1520 λοκερδές.
1242 1482 1278 1510 Τὸ
1306 1481 1450 1521 λῃστρικὸν
1485 1483 1534 1521 γὰρ
1555 1482 1631 1521 γένος
1659 1483 1722 1521 περὶ
1749 1483 1781 1511 τὸ
1796 1481 1896 1521 κερδαί-

209 1521 349 1558 animalia
364 1521 430 1566 quae
445 1526 635 1564 oﬁ‘errentur,
655 1525 728 1556 lucri
746 1525 840 1564 gratia
854 1525 1031 1563 vendebant,

1117 1537 1130 1553 ν
1161 1524 1302 1559 ἐπτόηται.
1339 1525 1414 1554 Ἐπεὶ
1443 1525 1488 1554 οὖν
1515 1527 1559 1554 καὶ
1582 1526 1655 1555 αὐτοὶ
1685 1527 1720 1554 τὰ
1749 1525 1792 1554 διὰ
1815 1526 1897 1554 θυσίαν

209 1572 339 1603 latrones
350 1572 430 1611 ipsos
444 1569 788 1611 nominavit.Collybistaz
798 1574 897 1601 autem
914 1570 1034 1601 fuerunt

208 1616 259 1657 qui
274 1624 413 1647 nummos
429 1614 647 1656 permutabant.
660 1614 778 1655 Collyba
794 1615 872 1645 enim
885 1624 977 1654 genus
990 1619 1034 1645 est

210 1660 398 1692 numicmatis
424 1660 540 1691 minimi
563 1659 634 1690 aerei
664 1659 840 1691 Accusando
856 1664 956 1690 autem
973 1659 1033 1690 illis

209 1705 299 1738 etiam
315 1704 421 1736 Isaiam
438 1704 612 1746 prophetam
634 1704 719 1735 affert
734 1704 884 1735 dicentem
899 1713 906 1736 :
921 1705 1033 1735 Domus

210 1759 276 1781 mea
292 1750 398 1781 domus
411 1749 590 1790 precationis
607 1749 768 1780 vocabitur.
785 1749 871 1781 Absit
880 1754 976 1781 autem
994 1758 1032 1780 ne

208 1799 238 1826 et
253 1804 307 1826 nos
322 1800 405 1826 extra
427 1794 568 1835 templum
585 1793 741 1834 ejiciamur
756 1793 840 1825 Multi
863 1794 941 1825 enim
959 1798 988 1824 et
1002 1794 1032 1824 in

209 1845 342 1872 nostrum
355 1838 499 1880 templum
511 1839 697 1878 ingredimur
707 1838 869 1869 vendentes
884 1839 981 1879 utilia,
1001 1843 1035 1870 et

208 1889 343 1916 ementes
357 1884 598 1915 deteriora.Sunt
609 1887 708 1914 autem
725 1883 776 1924 qui
791 1888 820 1914 et
837 1883 940 1924 plenas
952 1893 1034 1914 men-

207 1939 255 1961 sas
268 1938 458 1961 nummorum
472 1927 863 1968 habent.quiadministrant
877 1929 1033 1969 etdispen-

207 1980 272 2006 sant
288 1974 501 2010 ecclesiastica,
520 1973 658 2004 etomnin
677 1977 801 2013 propter
816 1973 969 2004 avaritiam
985 1973 1031 2004 fa-

207 2020 301 2051 ciunt.
318 2019 396 2055 Quin
423 2021 454 2049 et
475 2018 557 2049 sella:
580 2017 773 2050 vendentium
789 2017 944 2048 columbas
963 2017 1034 2048 suh-

208 2067 345 2103 vertunt,
377 2063 434 2094 hoc
462 2067 507 2093 est
543 2062 699 2103 pontiﬁces
733 2062 898 2093 vendentes
940 2063 1034 2103 spiri-

205 2109 296 2139 tualia
322 2107 410 2139 dona.
435 2107 578 2139 Columba
603 2107 674 2137 235
701 2106 780 2137 enim
803 2106 970 2147 symbolum
990 2111 1036 2138 est

207 2152 336 2193 Spiritus
361 2161 367 2183 :
398 2161 485 2192 quem
516 2151 567 2191 qui
592 2151 749 2191 vendunt,
791 2160 846 2191 per
872 2151 1032 2183 Dominum

206 2207 223 2228 a
247 2196 413 2228 sacerdotio
442 2196 640 2236 repelluntur.
666 2195 739 2226 Nam
764 2195 815 2236 qui
843 2202 963 2236 propter
977 2196 1032 2227 da-

208 2247 268 2274 tum
294 2251 396 2273 aurum
426 2241 552 2278 ordinat,
570 2240 724 2281 depositus
748 2244 803 2271 est.
831 2240 889 2271 Sed
905 2245 934 2270 et
949 2242 1031 2281 quis-

206 2288 274 2328 quis
291 2287 413 2326 gratiam
432 2295 498 2327 qua
514 2295 548 2316 ex
572 2284 749 2325 baptismate
770 2288 826 2321 est,
853 2289 882 2315 vt
910 2285 1032 2316 mundi-

208 2334 278 2363 tiam
296 2331 392 2372 prodit
405 2331 534 2367 diabolo,
552 2331 601 2361 hic
615 2330 719 2363 vendit
729 2329 896 2361 columbam
921 2338 1003 2361 suam
1023 2339 1030 2362 ε

208 2381 369 2418 propterea
384 2385 419 2407 ex
435 2376 545 2416 templo
561 2375 690 2415 ejicitur.

247 2513 327 2545 Vens
356 2513 460 2545 19-23.
477 2513 532 2545 cEt
546 2521 613 2543 cum
622 2512 684 2552 jam
694 2520 816 2551 vespera
828 2514 1028 2550 esset,egres-

205 2569 255 2591 sus
264 2558 402 2591 estJesus
413 2567 430 2588 e
442 2556 609 2589 civitateEt
620 2566 705 2588 mane
720 2560 934 2597 praetereuntes
943 2556 1027 2587 vide-

1075 1570 1276 1609 προσφερόμενα
1315 1573 1370 1606 ζῶα
1396 1569 1516 1598 ἐπώλουν
1542 1571 1621 1610 χάριν
1657 1569 1778 1610 κίρδοκ,
1802 1570 1896 1609 λῃστὰς

1075 1615 1323 1652 αὖτοὺςώνόμασε.
1349 1614 1525 1644 Κολλυϐισταὶ
1554 1614 1581 1643 δὲ
1610 1615 1680 1649 ἦσαν
1709 1617 1735 1644 οἱ
1765 1616 1800 1644 τὰ
1828 1615 1898 1653 νομί-

1075 1670 1163 1697 σματα
1191 1659 1382 1692 ἀλλάσσοντες.
1399 1658 1533 1692 Κόλλυϐος
1560 1660 1610 1700 γὰρ
1639 1659 1713 1693 ι’ῑδος
1738 1660 1838 1689 λεπτοῦ
1857 1670 1898 1688 νο-

1075 1704 1207 1742 μίσματος
1236 1703 1352 1745 χαλκοῦ.
1381 1703 1494 1744 Ἐφιστᾷ
1521 1704 1549 1732 δὲ
1571 1706 1663 1737 αὐτοῖς
1687 1706 1839 1744 κατήγορον
1859 1705 1898 1734 καί

1072 1749 1118 1777 τὸν
1140 1750 1280 1790 προφήτην
1297 1745 1423 1790 Ἠσαῖαν,
1440 1748 1555 1788 λέγοντα
1571 1756 1578 1764 ⁵
1596 1745 1625 1778 ιΟ
1648 1749 1726 1782 οἶκός
1749 1760 1812 1788 μου,
1829 1749 1898 1781 οἶκος

1074 1797 1229 1834 προσευχῆς
1253 1793 1428 1829 κληθήσεται,
1452 1793 1536 1822 Ἀλλὰ
1564 1793 1604 1832 μὴ
1632 1794 1738 1834 γένοιτο
1768 1796 1812 1822 καὶ
1832 1795 1898 1831 ἡμᾶς

1074 1837 1126 1870 ἔξω
1146 1842 1194 1868 τοῦ
1227 1840 1297 1877 ἱεροῦ
1326 1838 1498 1872 ἐκϐληθῆναι.
1534 1837 1632 1867 Πολλοὶ
1659 1839 1710 1878 γὰρ
1739 1839 1784 1867 καὶ
1812 1838 1839 1867 ἒν

1076 1884 1139 1922 ἱερῷ
1162 1884 1202 1921 τῷ
1219 1883 1343 1922 ἡμετέρῳ
1371 1883 1558 1924 εἰσερχόμεθα,
1581 1882 1735 1916 πωλοῦντες
1767 1885 1801 1912 τὰ
1829 1894 1899 1924 χρη-

1075 1928 1124 1956 στὰ
1145 1929 1188 1956 καὶ
1214 1928 1387 1967 ἀγοράζοντες
1412 1929 1445 1957 τὰ
1471 1928 1567 1968 χείρω.
1590 1929 1646 1957 Εἰσὶ
1674 1927 1702 1957 δὲ
1723 1929 1769 1957 καὶ
1785 1930 1812 1956 οἳ
1838 1938 1898 1967 τρα-

1073 1973 1153 2008 πέζας
1181 1971 1316 2001 κολλύϐων
1346 1972 1457 2013 πλήρεις
1496 1973 1616 2013 ἔχουσιν,
1646 1973 1669 2001 οι
1697 1974 1893 2011 οἰκονομοῦντες

1073 2017 1122 2056 μὲν
1148 2018 1192 2046 καὶ
1220 2017 1378 2050 διοικοῦντες
1410 2018 1444 2046 τὰ
1467 2017 1688 2055 ἔκκλησιαστικὰ,
1714 2017 1759 2047 διὰ
1773 2018 1801 2047 δὲ
1818 2019 1896 2058 φιλο-

1075 2063 1230 2103 χρηματίαν
1251 2063 1337 2093 πάντα
1366 2066 1515 2094 ποιοῦντες.
1544 2061 1627 2092 Ἀλλὰ
1654 2063 1698 2092 καὶ
1727 2064 1754 2091 αἱ
1782 2062 1896 2102 καθέδραι

1075 2110 1128 2136 τῶν
1169 2107 1331 2137 πωλούντων
1371 2108 1418 2141 τὰς
1461 2108 1615 2148 περιστερὰς
1662 2107 1893 2148 καταστρέφονται,

1075 2152 1157 2193 ἤγουν
1191 2154 1253 2185 τοὺς
1284 2153 1422 2193 ἀρχιερεῖς
1449 2153 1512 2185 τοὶς
1541 2152 1697 2185 πωλοῦντας
1724 2154 1759 2183 τὰ
1780 2162 1895 2190 πνευμα-

1075 2198 1136 2226 τικὰ
1163 2198 1318 2237 χαρίσματα
1345 2198 1401 2236 (τοῦ
1438 2198 1489 2237 γὰρ
1530 2197 1684 2235 Πνεύματος
1723 2195 1854 2235 σύμϐολον
1880 2196 1895 2229 ἡ

1075 2243 1229 2282 περιστερὰ)
1250 2241 1343 2275 ἐξωθεῖ
1380 2243 1395 2270 ὃ
1430 2242 1526 2281 Κύριος
1551 2242 1584 2270 ὲκ
1617 2245 1667 2276 τῆς
1681 2241 1890 2282 ἃρχιεριυσύνης.

1077 2282 1105 2316 ι0
1128 2287 1177 2327 γὰρ
1206 2285 1248 2315 διὰ
1276 2287 1386 2326 χρυσίου
1409 2285 1507 2318 δόσεως
1535 2289 1709 2327 χειροτονῶν,
1742 2285 1894 2326 καθῃρημέ-

1074 2342 1132 2364 νος,
1154 2330 1239 2359 Ἀλλὰ
1266 2332 1311 2359 καὶ
1339 2330 1412 2362 ὅστις
1437 2331 1486 2366 τὴν
1516 2331 1547 2360 ἐκ
1560 2336 1608 2361 τοῦ
1622 2331 1806 2370 βαπτίσματος
1822 2330 1894 2370 χάριν

1073 2376 1123 2404 καί
1151 2376 1319 2416 καθαρότητα
1340 2375 1469 2416 προδώσει
1495 2376 1535 2414 τῷ
1576 2374 1703 2417 διαϐόλῳ,
1725 2375 1801 2408 οὗτος
1826 2374 1894 2403 ἑπώ-

1072 2419 1139 2454 λησε
1167 2421 1216 2454 τὴν
1245 2421 1400 2460 περιστερὰν
1417 2420 1508 2460 αὐτοῦ)
1531 2419 1573 2451 διὰ
1601 2424 1679 2449 τοῦτο
1700 2420 1745 2448 καὶ
1769 2419 1893 2448 ὲκόάλΛιε

1071 2476 1114 2494 ται
1129 2465 1160 2493 ἐκ
1173 2470 1220 2494 τοῦ
1233 2466 1314 2505 ἱερου.

1113 2520 1129 2540 (
1152 2511 1200 2540 Καὶ
1215 2511 1259 2538 ὅτε
1280 2510 1331 2548 ὀψὲ
1357 2509 1476 2549 ἐγένετο,
1507 2509 1677 2549 ἐξεπορεύετο
1706 2509 1756 2543 ἔξω
1777 2509 1825 2544 τῆς
1845 2507 1893 2537 πό-

1070 2555 1149 2588 λεως,
1174 2555 1223 2585 Καὶ
1257 2557 1330 2594 πρωϊ
1358 2555 1616 2594 παραπορευόμενοι,
1645 2553 1719 2583 εἶδον
1747 2554 1797 2588 τὴν
1817 2555 1893 2586 aut?"

204 2607 274 2636 runt
288 2603 375 2635 ﬁcum
391 2603 540 2634 exaruisSe
555 2601 700 2633 radicitus
717 2612 723 2619 -
742 2606 771 2632 et
786 2602 959 2633 recordatus
968 2602 1028 2632 Pe-

1115 2599 1260 2641 .pnppévnv
1296 2600 1327 2628 ὲκ
1357 2600 1445 2639 ῥιζῶν.
1468 2600 1518 2638 καὶ
1538 2599 1716 2638 ἀναμνησθεὶς
1745 2600 1758 2627 ὁ
1788 2598 1891 2638 Πέτρος,

740 2661 782 2692 Ex
798 2661 961 2693 collatione
976 2662 1066 2695 codd.
1082 2661 1189 2694 Venet.
1206 2660 1238 2692 S.
1253 2659 1355 2692 Marci.

205 2726 285 2758 circo
300 2723 510 2764 meledictione
533 2723 678 2764 perculsa,
689 2722 804 2763 fuisset,
819 2722 888 2764 quia
901 2722 1028 2754 fructum

204 2767 318 2798 nullum
335 2765 473 2796 habebat.
486 2762 550 2800 Qua
562 2763 653 2803 igitur
662 2762 700 2794 de
711 2771 799 2793 causa
817 2763 976 2794 maledicta
987 2768 1032 2794 est

204 2806 294 2840 arbor
309 2805 381 2837 illa?
395 2804 527 2842 Scilicet,
544 2814 604 2835 non
616 2807 774 2845 propterea
786 2803 866 2844 quod
882 2803 945 2843 ipsa
957 2813 1029 2844 pec-

1073 2722 1204 2764 caverit;
1221 2722 1274 2754 sed
1289 2722 1544 2764 quemadmodum
1559 2720 1684 2764 dictum,
1703 2725 1748 2752 est
1758 2723 1790 2764 ut
1801 2727 1889 2764 lpos-

1072 2763 1124 2794 toli
1140 2759 1386 2804 discerent'quod
1411 2762 1501 2794 etiam
1531 2761 1639 2803 punire
1666 2763 1779 2802 posset.
1795 2759 1891 2791 Habet

1073 2805 1148 2835 item
1165 2808 1194 2834 et
1206 2804 1280 2844 ﬁcus
1294 2808 1412 2845 typum,
1427 2807 1488 2835 etc.
1506 2816 1519 2831 ι
