1948 3081
256 168 291 199 6i
302 168 313 199 l
740 165 1037 199 THEOPHYLACTI
1058 165 1264 198 BULGARLB
1284 165 1462 199 ARCHIEP.
1885 166 1936 199 612

250 233 354 269 nolint,
372 232 403 263 in
421 233 565 272 majorem
593 231 874 262 condemnationem
898 240 1002 262 eorum

1165 235 1237 262 εειιῦν
1265 233 1458 272 τελειουμένων
1485 234 1630 273 ἓπιγνῶσιν
1672 233 1713 262 ὅτι
1747 232 1850 268 ἂληθής
1878 234 1934 265 Θεό(

252 278 329 317 quod
346 277 434 308 etiam
450 281 508 307 tam
525 276 613 308 claris
639 276 789 307 miraculis
805 286 864 306 non
880 276 1021 307 credider

1166 290 1200 309 ιν,
1231 279 1260 307 Εἰ
1286 277 1314 306 δὲ
1343 279 1382 317 μή
1409 277 1542 314 θελήσωσι
1572 279 1699 319 συνιέναι,
1730 279 1766 311 είς
1796 280 1935 317 κατ-ἐχριμα

252 321 326 354 Vide
337 321 416 353 enim
438 325 511 362 quot
532 321 592 352 sint
607 321 655 352 hic
672 321 814 351 miracula
830 329 895 361 quae
911 321 953 352 eis
965 321 1020 352 hoc

1167 327 1210 359 ζον
1232 323 1324 356 αὖτοτς
1354 323 1416 360 εἴη,
1437 323 1479 351 ὅτι
1501 322 1559 353 οὑδὲ
1594 324 1663 362 μετὰ
1694 327 1809 352 τοσαῦτα
1836 322 1935 363 λαμπρὰ

252 375 287 397 co
302 365 502 398 dixerit.Dixit
517 367 560 397 eis
578 375 584 397 :
611 365 770 396 Invenietis
797 365 926 405 pullum;
941 364 1015 396 dixit

1166 378 1237 406 ματα
1266 367 1433 399 ἐπίστευσαν.
1465 367 1532 408 Ὅρα
1570 369 1620 408 γὰρ
1656 368 1727 397 πόσα
1754 368 1864 398 ἒνταῦίη
1888 379 1934 401 ση-

251 410 432 451 prohibitum
445 409 492 446 iri,
506 415 536 441 et
550 410 659 441 deinde
673 419 740 440 cum
757 409 892 440 dicerent
909 420 915 441 :
932 410 1017 440 Domi

1164 418 1193 441 α.
1213 412 1299 440 Εἶπεν
1312 414 1417 452 αὐτοῖς,
1439 412 1481 440 ὅτι
1512 413 1643 452 Εὒρήσετε
1672 411 1774 444 πῶλον,
1793 413 1874 441 Εἶπεν
1900 411 1933 440 ὅτι

250 455 300 486 illo
330 464 404 495 opus
433 455 532 493 habet,
558 455 633 485 dixit
661 454 881 485 dimittendum.
899 454 1019 495 Neutin

1165 457 1330 497 λυθήσονται,
1360 456 1424 485 εἶτα
1444 457 1574 497 εἰπόντες,
1603 456 1645 485 δτι
1675 453 1704 486 ’0
1728 457 1821 497 Κύριος
1850 458 1934 497 χρῄζει

250 499 330 530 enim
347 500 403 530 hoc
420 508 523 540 paru'n
541 499 646 530 fuisset
658 499 800 540 apostolis
830 499 959 539 permitti
976 505 1007 530 ut

1163 505 1210 541 τοῦ,
1233 500 1402 537 ἔαθήσονται.
1432 500 1496 530 οὐδὲ
1526 502 1575 541 γὰρ
1597 501 1655 530 οὑδὲ
1670 505 1747 530 τοῦτο
1761 501 1856 541 μικρόν
1876 501 1932 540 ἰστι1

248 545 360 576 ducant
373 544 561 585 pullum,nisi
571 544 671 575 divina
683 543 817 584 quaedam
832 543 927 574 virtus
941 544 1017 575 domi

1173 547 1382 586 συγχωρηθῆναι
1405 546 1468 578 τοὺς
1496 545 1661 578 ἀποστόλους
1683 546 1796 586 ἁπάγειν
1817 547 1863 574 τὸν
1889 549 1935 574 πῶ-

251 589 324 630 pulli
338 589 498 630 adegisset,
517 589 682 629 praasertim
701 598 859 630 pauperes.
877 593 908 620 et.
931 589 1020 628 εει-ξιτ(

1167 614 1174 627 ,
1199 590 1263 629 ὅπερ
1276 592 1323 619 οὑκ
1337 590 1368 619 ἂν
1383 590 1488 630 ἐγένετο
1510 592 1532 619 εἰ
1547 591 1586 625 μὴ
1610 592 1667 619 θεία
1695 602 1735 623 τις
1762 591 1865 630 ἀνάγκη
1892 590 1933 618 ἒπ-

251 634 393 671 t'ortassis,
408 638 440 664 ut
451 633 559 664 animal
572 633 643 664 illud
662 633 996 665 dimitterent.Attamen
1012 643 1020 663 ι

1164 646 1204 664 ιτο
1232 642 1292 668 τοῖς
1319 636 1418 675 κυρίοις
1445 639 1492 664 τοῦ
1520 635 1609 664 πώλου
1638 636 1825 675 ἀναγκάζουσα
1840 636 1932 670 αὑτοὺς,

251 688 285 709 cc
301 678 459 709 Dominum
475 679 503 709 id
517 687 576 709 non
588 679 652 709 sine
661 680 751 709 causa
766 678 985 718 fecissezueque
998 688 1020 709 e1

1164 692 1205 709 τοι
1226 681 1344 715 πένητας
1359 680 1438 712 διτας
1459 681 1503 709 καὶ
1531 681 1666 721 γεωργοὺς
1681 681 1778 720 τυχὸν,
1796 681 1899 721 ἀφεῖναι
1910 681 1933 707 τὰ

252 732 326 764 opus
344 723 472 754 habebat
488 723 580 763 pullo,
597 723 647 763 qui
664 725 750 753 toties
770 723 900 753 .ludream
918 727 946 754 et
960 723 1021 754 Gali

1164 737 1196 757 ιν,
1220 725 1295 759 Πλὴν
1322 726 1447 764 μάνθανε,
1479 725 1520 754 ὅτι
1546 726 1575 754 οὗ
1597 726 1686 764 μάτην
1701 729 1781 754 τοῦτο
1795 725 1932 758 ἐποίησενά

250 778 296 798 am
313 770 521 808 peragraverat
537 778 544 797 :
562 767 614 798 sed
632 768 814 799 monstrabat
828 768 906 808 quod
923 777 1013 808 super

1163 781 1224 802 MDC.
1241 769 1306 800 οὑδὲ
1336 771 1386 810 γὰρ
1414 769 1513 810 ἔχρῃζε
1534 774 1580 799 τοῦ
1601 770 1705 808 πώλου,
1722 771 1736 799 ὁ
1750 769 1882 801 πολλάκις
1894 770 1932 803 τὴν

251 813 350 853 pulum
365 813 496 852 gentium
513 821 650 843 sessurus
665 817 752 849 esset,
770 812 821 852 qui
833 816 894 843 tum
905 812 1020 844 incredt

1162 814 1260 843 ίιιλιαίαιν
1287 816 1331 844 καὶ
1346 815 1395 849 τὴν
1416 814 1544 844 ’[ωδαίαν
1564 815 1670 843 ἅπασαν
1698 814 1842 854 ἒχπεριῖών
1870 813 1931 853 (74).

249 861 312 888 erat
323 862 351 888 et
366 857 577 895 ineruditus,et
591 857 707 888 vinctus
723 857 851 897 peccatis
866 857 928 887 suis
941 858 968 888 in
985 857 1015 888 bi

1162 861 1186 888 ιὰ
1214 859 1338 888 δεικνύων
1361 859 1402 888 ὅτι
1431 859 1474 888 ἐπὶ
1489 861 1535 888 τὸν
1557 860 1661 888 ιεθνιιιδν
1691 859 1757 888 λαὸν
1777 857 1931 898 ἐπιϐήσεται1

250 902 306 933 hoc
322 906 365 932 est
382 902 440 932 vita
456 902 523 942 hac,
541 902 617 942 apud
630 903 763 940 januam,
778 911 841 942 qua
857 906 901 932 est
917 905 1000 933 extra
1016 903 1019 933 l

1171 904 1282 938 ἀπειθὴς
1314 905 1363 943 μὲν
1383 905 1416 938 ἧν
1445 905 1490 933 καὶ
1511 904 1679 941 ἀπαίδευτος,
1696 903 1801 932 ἐδέδετο
1828 903 1855 932 δὲ
1882 910 1932 934 ταῖς

249 947 384 978 clesiam.
401 946 521 977 Solutus
536 951 580 977 est
594 951 693 977 autem
705 946 742 976 ab
758 946 898 986 apostolis
911 956 963 986 per
979 946 1014 977 ba

1164 950 1224 980 είαις
1251 949 1392 989 ἁμαρτίαις
1421 949 1448 978 ὲν
1474 952 1509 988 τῇ
1531 948 1652 989 ἀμφόδῳ,
1684 949 1805 977 τουτέστι
1832 952 1870 986 τῷ
1893 949 1933 986 βίῳ

249 1001 345 1022 smum
362 997 390 1023 et
406 991 493 1022 ﬁdem
511 1001 517 1023 :
536 996 565 1022 et
579 996 681 1023 vectus
693 991 777 1022 estin
794 1001 829 1022 eo
846 992 1018 1032 Dominus,c

1165 1005 1211 1030 τῳ,
1234 994 1300 1033 πρὸς
1322 996 1372 1027 τῆν
1399 995 1489 1034 θύραν,
1518 993 1600 1033 ἤγουν
1622 993 1672 1026 ’ἔξω
1691 996 1742 1026 τῆς
1769 991 1930 1026 Ἐκιιλησίας.

248 1037 373 1076 apostoli
402 1036 580 1067 vestimenta
603 1046 666 1073 sua,
685 1037 741 1067 hoc
759 1045 815 1074 est,
832 1045 950 1067 omnem
967 1037 1016 1077 qui

1162 1038 1212 1072 ύθη
1241 1037 1269 1066 δὲ
1297 1038 1369 1078 παρὰ
1393 1041 1448 1067 τῶν
1471 1040 1599 1076 μαθητῶν
1621 1037 1664 1066 διὰ
1692 1041 1738 1066 τοῦ
1762 1038 1931 1076 βαπτίσματος

248 1091 284 1112 ex
299 1081 408 1112 virtute
423 1081 562 1112 decorem
578 1080 799 1121 imposuissent.
820 1081 903 1111 Prius
918 1081 997 1111 enim
1015 1091 1017 1111 1

1186 1085 1236 1116 τῆς
1261 1083 1376 1115 πίστεως
1393 1092 1401 1100 ·
1438 1084 1482 1111 χαὶ
1513 1083 1649 1123 ὶπωχήθη
1678 1083 1750 1120 αὐτῷ
1787 1083 1802 1111 ὃ
1837 1082 1929 1121 Κύριος1

248 1125 277 1156 di
294 1130 378 1157 erant
392 1125 516 1166 gentiles
541 1130 570 1156 et
596 1126 757 1166 deformes,
775 1130 923 1166 patrantes
939 1125 1070 1159 nefaria:

250 1175 405 1211 postquam
417 1175 514 1201 autem
528 1170 564 1201 ab
580 1171 721 1211 apostolis
729 1171 849 1201 adducti
857 1170 988 1207 fuerunt,
1005 1175 1074 1202 tunc

248 1216 371 1247 honeste
393 1215 564 1246 didicerunt
586 1215 749 1252 ambulare,
766 1219 795 1245 et
807 1220 964 1255 propterea
984 1215 1072 1246 etiam

250 1260 280 1290 in
297 1260 370 1300 ipsis
394 1260 488 1291 fertur
503 1264 632 1299 gestatus
653 1258 951 1295 Christus.Quoniam
976 1263 1075 1290 autem

245 1305 374 1342 fuerunt,
392 1304 442 1345 qui
459 1304 541 1345 prius
557 1308 642 1335 erant
655 1304 768 1335 domini
783 1304 866 1343 pulli,
885 1304 936 1344 qui
950 1308 1069 1344 aposto-

245 1350 291 1381 los
320 1349 524 1390 prohiberent;
542 1359 642 1380 nonne
663 1349 784 1380 omnino
807 1349 871 1379 25!
892 1349 1043 1380 daemones
1056 1349 1072 1380 ?

247 1393 325 1426 Sane
337 1398 365 1425 et
380 1394 427 1424 his
437 1394 563 1435 apostoli
579 1393 807 1434 praevaluerunt.

1116 1127 1256 1156 ἓπιθέντων
1283 1128 1338 1156 τῶν
1369 1127 1525 1156 ἀποστόλων
1554 1128 1587 1156 τὰ
1611 1127 1704 1159 ἱμάτια
1740 1127 1838 1166 αὐτῶν,
1868 1137 1932 1154 τωτ-

1116 1172 1171 1200 έστι
1200 1175 1287 1200 πᾶσαν
1314 1173 1519 1212 εὐσχημοσύνην
1561 1172 1610 1206 τὴν
1647 1171 1675 1204 EE
1708 1171 1817 1211 ἆρετῆς.
1849 1170 1930 1209 Πρώην

1117 1215 1165 1253 μὲν
1194 1215 1244 1254 γὰρ
1271 1217 1367 1255 γυμνοὶ
1394 1216 1467 1247 ὄντες
1488 1217 1513 1244 οἱ
1534 1215 1560 1248 ἒξ
1585 1216 1665 1244 ξθνῶν
1680 1215 1838 1255 ἀσχήμονες
1860 1215 1929 1249 ἦσαν»

1117 1260 1278 1299 πράττοντες
1307 1260 1421 1298 ἄθεσμα.
1455 1259 1529 1289 Ἐπεὶ
1556 1259 1584 1288 δὲ
1619 1261 1670 1289 ι’)πὸ
1699 1263 1755 1288 τῶν
1794 1259 1941 1288 ἀποστόλων

1113 1304 1251 1344 ἤχθησαν,
1266 1306 1327 1334 τότε
1341 1305 1369 1333 δὲ
1384 1306 1445 1334 τότε
1460 1305 1637 1345 εδσχημόνως
1658 1305 1758 1343 ἔμαθον
1774 1311 1928 1345 περιπατεῖν,

1113 1350 1157 1377 καὶ
1178 1348 1220 1378 διὰ
1235 1354 1313 1379 τοῦτο
1327 1351 1372 1379 καὶ
1384 1349 1425 1378 ἔπ’
1443 1350 1527 1378 αὑτῶν
1543 1349 1649 1390 φέρεται
1665 1351 1679 1378 δ
1704 1351 1820 1386 Χριστὸς
1840 1350 1929 1387 βαστα-

1113 1395 1236 1432 ζόμενος.
1253 1395 1327 1426 Τίνες
1342 1394 1370 1423 δὲ
1389 1395 1458 1429 ἦσαν
1469 1396 1492 1422 oi
1503 1394 1597 1434 πρώην
1611 1393 1737 1423 δεσπόται
1754 1399 1803 1424 τοῦ
1815 1393 1900 1423 πώλου
1911 1394 1929 1420 σί

252 1439 398 1470 κωλύοντες
414 1440 474 1471 τοὺς
489 1439 665 1476 ἀποστόλους,
682 1439 700 1474 ἢ
712 1438 819 1471 πάντως
834 1440 858 1467 οἱ
873 1438 993 1476 δαίμονες
1010 1450 1018 1476 ;
1037 1438 1119 1468 Ἀλλὰ
1133 1441 1176 1468 καὶ
1190 1440 1289 1468 τούτων
1303 1439 1518 1480 ἐπικρατέστεροι
1534 1439 1651 1478 γίνονται
1665 1440 1689 1467 οἱ
1704 1439 1862 1470 ἀπόστολοι,

287 1483 404 1515 νῑιιεπ
416 1484 538 1515 -10.uEt
552 1483 740 1514 adduxerunt
755 1483 867 1524 pullum
880 1483 915 1514 ad
926 1483 1056 1520 Jesum,e

1157 1497 1170 1512 ι
1189 1485 1238 1514 Καὶ
1278 1483 1381 1524 ἤγαγον
1423 1485 1469 1512 τὸν
1509 1483 1600 1512 πῶλον
1642 1484 1708 1524 πρὸς
1750 1485 1797 1513 τὸν
1825 1483 1926 1517 Ἰησοῦν.

247 1528 415 1568 injecerunt
424 1527 466 1558 illi
478 1528 653 1560 vestimenta
662 1528 865 1568 sua,seditque
875 1537 965 1568 super
974 1528 1070 1560 illum.

245 1572 328 1604 Multi
343 1581 411 1604 vero
427 1571 602 1603 vestimenta
617 1582 671 1603 sua
685 1571 861 1603 sternebant
873 1572 902 1603 in
917 1571 1004 1610 viam,
1021 1573 1071 1603 alii

244 1626 314 1648 vero
330 1617 452 1648 frondes
464 1616 638 1648 incidebant
659 1626 696 1648 ex
722 1616 889 1655 arboribus,
908 1621 936 1648 et
951 1621 1070 1648 sterne-

245 1662 316 1693 baut
327 1662 356 1693 in
371 1662 458 1693 viam.
473 1662 511 1693 Et
529 1662 580 1702 qui
604 1662 812 1702 praecedebant
826 1662 936 1702 quique
958 1671 1069 1702 seque-

245 1707 354 1738 bantur
367 1707 536 1738 clamabant
547 1707 682 1738 dicentes
698 1716 705 1737 :
723 1706 872 1745 Hosanna,
892 1707 1070 1738 benedictus

243 1752 292 1792 qui
307 1752 386 1782 venit
401 1752 430 1782 in
446 1751 568 1783 nomine
581 1751 711 1783 Domini.
728 1751 923 1783 Benedictum
933 1752 1012 1792 quod
1022 1760 1071 1783 ve-

243 1797 287 1828 nit
297 1796 469 1835 regnum,in
480 1796 599 1827 nomine
607 1796 726 1828 Domini
742 1796 832 1837 patris
847 1796 940 1828 nostri
957 1796 1067 1828 David:

243 1842 383 1873 ilosanna
398 1841 428 1871 in
443 1841 626 1872 altissimis.»
645 1841 801 1872 Multitudo
817 1841 948 1881 quandiu
965 1841 1067 1872 incor-

241 1891 327 1927 rupta
340 1889 448 1924 manet,
457 1887 590 1924 agnoscit
604 1888 749 1927 quantum
765 1894 839 1926 opus
855 1890 937 1916 erat:
956 1885 1024 1917 ideo
1039 1889 1071 1918 et

242 1931 351 1971 singuli
367 1939 420 1970 pro
435 1930 548 1961 viribus
557 1931 619 1961 suis
631 1931 731 1962 Jesum
743 1930 1072 1962 venerantur.Laudan.

242 1980 286 2006 tes
301 1980 398 2006 autem
420 1974 491 2016 quid
507 1975 650 2016 dixerint,
667 1975 831 2006 videamus.
847 1976 869 2005 Α
885 1974 975 2006 David
998 1985 1070 2006 sane

241 2020 382 2060 hymnum
409 2019 492 2050 illum
523 2028 688 2060 sumpsere.
707 2021 797 2050 Porro
826 2019 964 2050 Hosanna
984 2020 1069 2060 juxta

241 2065 383 2105 quosdam
395 2063 552 2105 signiﬁcat,
568 2064 788 2099 salva,obsecro
801 2074 808 2096 :
821 2063 906 2103 juxta
921 2064 1065 2104 quosdam

238 2109 612 2156 verothymnumJlectius
626 2113 723 2140 tamen
731 2112 784 2156 est
799 2108 877 2156 quod
893 2109 989 2149 primo
1005 2109 1066 2156 dic-
1078 2131 1098 2156 ο

244 2153 455 2186 tum.Habetur
469 2153 549 2184 enim
570 2153 600 2184 in
627 2153 790 2184 centesimo
806 2153 922 2184 decimo
939 2153 1064 2195 septimo

240 2198 403 2240 psalmo,0
432 2197 568 2236 Domine,
595 2198 685 2236 salva,
717 2198 844 2229 obsecro
863 2207 869 2230 :
886 2197 915 2229 id
940 2198 1018 2239 quod
1035 2199 1064 2229 in

239 2242 388 2274 Hebraico
410 2242 550 2274 Hosanna
564 2243 706 2283 scriptum
725 2246 779 2276 est.
808 2242 942 2282 Regnum
966 2247 1063 2274 autem

238 2287 331 2320 David
342 2296 466 2328 regnum
479 2287 587 2319 Christi
603 2287 816 2326 dicebant,tum
829 2287 908 2328 quod
923 2296 940 2318 a
951 2288 1065 2319 semine

184 2355 198 2360 κ
238 2333 328 2364 David
337 2332 483 2364 deductus
494 2337 573 2364 esset
582 2332 792 2373 Christus,tum
809 2331 888 2372 quod
904 2331 993 2363 David
1014 2333 1064 2364 in-

239 2377 394 2419 terpretari
404 2376 470 2417 quis
478 2381 738 2417 potest,potentem
749 2377 794 2408 vel
807 2376 948 2408 idoneum
961 2387 1061 2409 manu.

239 2423 310 2459 Quis
325 2426 423 2453 autem
438 2421 515 2453 alius
530 2431 617 2453 manu
634 2431 729 2462 usque
743 2422 820 2453 adeo
837 2421 951 2452 validus
965 2426 994 2453 et
1009 2432 1062 2462 po-

239 2472 305 2499 tens
321 2472 352 2498 ut
367 2466 612 2507 Dominus,cujus
626 2476 731 2498 manus
742 2471 822 2498 tanta
836 2466 981 2498 miracula
993 2471 1060 2498 sunt

238 2511 392 2553 operata?
412 2512 557 2542 Caeterum
582 2515 749 2542 sternamus
764 2516 793 2542 et
808 2521 862 2542 nos
888 2511 1063 2543 vestimenta

238 2561 350 2595 nostra,
361 2557 418 2588 hoc
433 2562 478 2588 est
493 2555 733 2588 caruem.Vestis
747 2556 828 2587 enim
844 2556 962 2596 animas,
979 2565 1059 2597 caro,

238 2611 325 2643 quam
336 2600 531 2641 subjiciamus
545 2600 717 2641 Domino,et
726 2604 893 2631 sternamus
908 2599 985 2630 viam
997 2600 1062 2632 vita

238 2651 348 2678 nostra:
361 2657 368 2678 :
385 2646 609 2687 deputantes,et
622 2645 788 2676 incidentes
802 2644 839 2676 ab
850 2644 1007 2676 arboribus
1016 2654 1060 2676 ra-

239 2701 315 2730 mos,
331 2691 388 2722 hoc
405 2694 460 2729 est,
479 2694 648 2721 sanctorum
668 2689 737 2720 vitas
750 2689 912 2720 imitemur.
928 2689 1060 2722 Arbores

767 2769 809 2801 Ex
825 2769 984 2801 collatione
997 2771 1085 2804 codd.

280 2834 342 2875 (74)
359 2834 520 2873 Ἐκπεριϊὼν
535 2837 614 2874 πεζῇ,
629 2832 696 2864 cod.
713 2833 762 2871 26,
780 2831 818 2864 30
833 2836 862 2863 et
878 2831 927 2864 31.

1113 1529 1157 1556 καὶ
1185 1526 1314 1556 ἐπέϐαλον
1356 1529 1429 1565 αὐτῷ
1468 1528 1501 1556 τὰ
1542 1527 1636 1566 ἱμάτια
1678 1530 1778 1568 αὐτῶν,
1808 1528 1852 1557 καὶ
1878 1527 1927 1555 ἑκά-

1112 1574 1183 1601 θισεν
1211 1572 1253 1601 ἐπ’
1275 1573 1366 1604 αὐτόν.
1395 1572 1493 1601 Πολλοὶ
1514 1572 1541 1600 δὲ
1558 1573 1592 1602 τὰ
1605 1572 1698 1610 ἱμάτια
1722 1575 1812 1602 αὐτῶν
1840 1572 1927 1612 ἔστρω-

1112 1628 1160 1646 σαν
1190 1618 1228 1649 εἰς
1255 1617 1304 1651 τὴν
1327 1616 1386 1646 ὁδόν
1402 1627 1410 1635 ·
1426 1617 1503 1646 ἄλλοι
1525 1615 1552 1645 δὲ
1568 1615 1694 1650 στιϐαδας
1715 1616 1831 1646 ἔκοπτον
1847 1617 1929 1645 ἐκτῶν

1112 1661 1236 1702 δένδρων,
1265 1662 1309 1690 καὶ
1336 1661 1497 1701 ἐστρώννυον
1519 1662 1556 1694 εἷς
1577 1662 1629 1690 “sitv
1658 1660 1729 1694 ὁδόν,
1757 1663 1809 1692 Καὶ
1829 1663 1852 1691 οἱ
1877 1671 1928 1700 προ·

1111 1707 1221 1745 ἄγοντες
1259 1707 1304 1735 καὶ
1342 1707 1366 1735 οἱ
1406 1705 1610 1738 ἆκολοῦθοῦντις
1646 1705 1757 1745 ἔκραζον
1795 1706 1925 1746 λέγοντες.

1112 1747 1227 1780 Ὡσαννὰ
1255 1750 1435 1791 εὒλογημὲνος
1463 1753 1477 1780 ὁ
1493 1751 1642 1792 ὶρχόμενος
1657 1751 1684 1780 ἐν
1700 1751 1814 1789 ὀνόματι
1837 1751 1926 1790 Κυρίω.

1112 1795 1288 1836 Εὐλογημένη
1315 1797 1332 1830 ἡ
1361 1796 1498 1836 ἐρχομένη
1517 1795 1640 1834 βασιλεία
1663 1797 1690 1824 iv
1712 1797 1826 1834 ὀνόματι
1847 1795 1928 1834 Rupta)

1111 1843 1157 1868 τοῦ
1171 1841 1270 1879 πατρὸς
1285 1841 1364 1879 ἡμῶν
1385 1839 1465 1869 Δαϐίδ
1481 1849 1488 1856 ·
1516 1837 1632 1870 Ὠσαννὰ
1657 1841 1684 1869 ἒν
1698 1847 1759 1873 τοῖς
1773 1841 1898 1879 ὑψίστοις.
1915 1849 1925 1865 I

1112 1885 1147 1913 Τὸ
1175 1884 1276 1918 πλῆθος
1304 1885 1400 1925 μέχρις
1432 1886 1463 1913 ἂν
1493 1885 1651 1926 ἀδιάφθορον
1678 1886 1759 1925 μένῃ,
1779 1885 1926 1925 ἐπιγνώσχει

1112 1931 1143 1958 τὸ
1163 1929 1234 1962 δέον,
1265 1931 1313 1958 Διὰ
1341 1931 1386 1959 καί
1412 1933 1509 1969 τιμῶσι
1537 1932 1582 1959 τὸν
1620 1930 1725 1965 ἰησούν
1758 1930 1869 1962 ἕκαστος
1897 1929 1927 1959 ὡς

1113 1975 1178 2014 εἶχε
1198 1974 1344 2013 δυνάμεως.
1368 1975 1398 2005 Οἱ
1425 1974 1452 2003 δὲ
1474 1977 1616 2014 ὑμνοῦντες
1644 1976 1669 2004 τί
1697 1975 1802 2016 ’ἑλεγον⁷
1825 1974 1924 2012 ἴδωμεν.

1111 2017 1158 2048 Ἐκ
1179 2023 1225 2048 τοῦ
1248 2018 1328 2047 Δαϐἱδ
1349 2020 1399 2058 μὲν
1419 2021 1466 2049 τὸν
1493 2020 1575 2059 ὕμνον
1595 2025 1687 2050 τοῦτον
1716 2018 1825 2049 ἔλαϐον.
1851 2020 1884 2049 Τὸ
1904 2017 1926 2046 δὲ

1112 2059 1236 2102 Ὠσαννὲ,
1259 2065 1328 2093 κατὰ
1349 2064 1397 2103 μέν
1425 2076 1499 2098 τινας
1529 2066 1666 2105 σημαίνει,
1696 2067 1784 2093 σῶσον
1809 2064 1853 2104 δὴ¹
1869 2063 1926 2091 χατὰ

1107 2108 1134 2137 δέ
1156 2119 1228 2142 τινας
1249 2110 1387 2147 σημαίνει,
1415 2108 1510 2142 ὕμνος.
1543 2109 1629 2148 Πλὴν,
1658 2115 1783 2149 χρεῖτττν
1810 2110 1841 2137 τὸ
1860 2110 1925 2148 πρῶ-

1105 2165 1162 2186 τον.
1200 2153 1251 2194 'Ev_
1268 2155 1319 2194 γὰρ
1348 2156 1386 2190 τῷ
1418 2154 1554 2192 ἑκατοστῷ
1591 2153 1809 2191 ἑπτακαιδεκάτῳ
1835 2152 1925 2191 ψαλμῷ

1106 2205 1195 2227 κεῖται
1209 2208 1217 2216 ο
1236 2192 1375 2239 ὨνΚῦριῆ
1401 2201 1489 2228 σῶσον
1512 2199 1545 2234 δή
1562 2206 1570 2214 ·
1594 2199 1659 2239 ὅπερ
1687 2199 1714 2226 ἐν
1742 2201 1781 2236 τῷ
1803 2194 1925 2238 Ἐϐραϊιιῷ

1108 2238 1223 2272 Ὠσαννὰ
1248 2238 1406 2283 γέγραπται.
1444 2244 1584 2272 Βασιλείαν
1612 2238 1649 2272 δὲν
1680 2242 1760 2272 Δαϐἰδ
1786 2243 1835 2278 τὴν
1858 2243 1924 2281 βασι-

1107 2289 1179 2318 λείαν
1204 2293 1250 2318 τοῦ
1278 2291 1392 2328 Χριστοῦ
1419 2289 1523 2330 ’έλνγον⁷
1538 2290 1595 2328 ἅμα
1610 2290 1659 2328 μὲν
1673 2289 1741 2318 διότι
1753 2290 1799 2318 καὶ
1812 2289 1864 2318 ἀπὸ
1883 2290 1923 2316 τοῦ

1106 2334 1257 2374 σπέρματος
1283 2338 1329 2362 τοῦ
1354 2333 1435 2363 Δαϐὶδ
1466 2335 1600 2374 κατήγετο
1629 2335 1644 2363 ὁ
1673 2335 1779 2374 Κύριος¹
1810 2334 1863 2372 ἅμα
1887 2330 1920 2367 δί,

1106 2379 1145 2408 ὅτι
1170 2377 1252 2408 Δαϐὶδ
1286 2379 1473 2419 ἑρμηνεὺεται,
1499 2378 1608 2412 δυνατὸς
1637 2380 1720 2420 χειρί,
1750 2378 1810 2413 ἤτοι
1843 2377 1921 2407 ἱκανὸς

1105 2424 1187 2464 χειρί.
1219 2424 1264 2456 Τίς
1292 2422 1320 2451 δί
1341 2422 1422 2456 ἄλλος
1449 2424 1540 2456 ἱκανὸς
1564 2426 1646 2464 χειρὶ,
1677 2425 1700 2452 εὶ
1727 2425 1768 2462 μὴ
1789 2425 1803 2452 ὁ
1826 2422 1919 2461 Κύριος,

1105 2469 1135 2497 οὗ
1163 2470 1188 2496 αἱ
1217 2475 1312 2508 χεῖρες
1340 2469 1456 2497 τοσαῦτα
1483 2469 1604 2507 θαύματα
1640 2468 1817 2508 ἐνήργησαθς
1847 2465 1920 2496 Ἀλλὰ

1104 2514 1156 2553 γὰρ
1179 2512 1341 2552 στρώσωμεν
1368 2513 1412 2541 καὶ
1441 2514 1523 2548 ἡμεῖς
1564 2513 1597 2542 τὰ
1631 2513 1724 2551 ἱμάτια
1751 2513 1839 2552 ἡμῶν,
1867 2511 1918 2545 ἦτοι

1102 2558 1151 2591 τὴν
1171 2558 1256 2597 σάρκα
1283 2557 1401 2597 (ἱμάτιον
1433 2558 1484 2598 γὰρ
1512 2559 1530 2592 ἡ
1569 2557 1632 2597 σὰρξ
1663 2560 1713 2592 τῆς
1741 2559 1852 2598 ψυχῆς),
1881 2554 1917 2583 καὶ

1102 2601 1275 2640 ὑποτάξωμεν
1296 2601 1396 2635 ταύτην
1424 2605 1463 2639 τῷ
1493 2603 1589 2641 Κυρίῳ.
1622 2602 1670 2632 Καὶ
1691 2602 1850 2642 στρώσωμιν
1874 2599 1917 2632 τὴν

1102 2646 1162 2675 ὁδὸν
1190 2651 1237 2677 τοῦ
1264 2646 1395 2686 ἡμετέρου
1422 2646 1490 2684 βίου,
1523 2647 1667 2680 κόπτοντες
1691 2646 1723 2675 ιιι
1748 2649 1800 2675 τῶν
1818 2644 1916 2684 δένδρων

1101 2691 1223 2729 κλάδους,
1254 2690 1386 2730 τουτέστι,
1415 2691 1475 2724 τοὺς
1498 2693 1552 2719 τῶν
1578 2689 1661 2731 ἁγίων
1696 2691 1769 2730 βίους
1797 2689 1915 2729 μιμαύμι-

1102 2770 1209 2803 Venet.
1225 2771 1255 2803 S.
1273 2770 1377 2803 Marci.
