1948 3081
261 169 318 202 6H

745 168 1042 201 THEOPHYLAGTI
1063 167 1268 201 BULGARLI
1289 168 1467 201 ARCHIEP.

1887 169 1937 202 612

255 236 359 272 nolint,
377 235 407 266 in
426 235 570 275 majorem
597 234 879 265 condemnationem
903 243 1006 265 eorum

1166 237 1242 265 τειῶν
1270 235 1463 274 τελειουμένων
1490 237 1635 276 ἒπιγνῶσιν
1677 236 1717 265 ὅτι
1753 235 1854 272 ἂληθής
1880 237 1935 269 Θεός

257 281 334 320 quod
351 280 439 311 etiam
455 284 513 310 tam
529 279 618 310 claris
643 279 794 310 miraculis
810 289 869 309 non
885 279 1079 310 crediderint.

257 325 331 356 Vide
341 324 421 356 enim
442 328 516 364 quot
537 323 597 354 sint
612 323 660 354 hic
677 323 819 354 miracula
835 333 900 364 quae
916 323 958 354 eis
969 324 1025 354 hoc
1035 324 1080 354 lo-

257 378 292 400 co
307 368 507 401 dixerit.Dixit
521 371 565 399 eis
582 377 590 400 :
616 368 775 399 Invenietis
802 368 931 407 pullum;
946 367 1020 400 dixit
1030 377 1082 399 eos

255 413 437 454 prohibitum
451 413 497 450 iri,
511 417 540 443 et
555 413 664 444 deinde
678 422 746 444 cum
762 412 897 443 dicerent
913 423 920 444 :
937 413 1081 443 Dominus

254 458 305 489 illo
334 467 409 498 opus
438 457 537 495 habet,
563 457 638 488 dixit.
666 457 886 488 dimittendum.
904 456 1080 498 Neutiquam

255 502 335 534 enim
351 502 407 532 hoc
425 511 527 542 paru'n
546 502 650 533 fuisset
663 502 806 542 apostolis
835 502 964 542 permitti
981 507 1012 532 ut
1027 502 1082 533 ab-

253 548 364 578 ducant
378 547 566 588 pullum,uisi
577 547 676 578 divina
688 547 821 587 quaedam
837 546 932 577 virtus
946 547 1082 577 dominos

257 592 328 632 pulli
343 592 503 632 adegisset,
522 592 687 632 praesertim
706 601 864 632 pauperes,
882 596 914 623 et.
936 592 1083 631 agricolas

256 637 398 674 fortassis,
413 640 445 667 ut
456 636 564 667 animal
577 635 648 667 illud
667 636 1002 668 dimitterent.Attamen
1018 636 1082 666 dis-

256 691 290 712 cc
306 681 464 712 Dominum
480 682 508 713 id
522 690 580 712 non
594 682 657 712 sine
667 683 756 712 causa
771 681 990 721 fecissezneque
1003 681 1081 712 enim

257 735 332 766 opus
349 726 477 757 habebat
493 726 585 766 pullo,
602 725 653 766 qui
669 728 755 756 toties
775 725 905 756 Judmam
923 730 951 756 et
965 726 1082 757 Galile‘

255 780 302 802 am
319 773 526 812 peragraverat
542 781 550 800 :
567 771 620 801 sed
637 770 819 801 monstrabat
833 770 911 811 quod
928 779 1018 810 super
1033 780 1083 810 po-

255 816 355 856 pulum
371 816 501 855 gentium
518 825 654 846 sessurus
670 820 757 852 esset,
775 815 827 855 qui
838 819 899 846 tum
910 815 1082 846 incredulus

254 865 317 891 erat
329 865 357 891 et
372 860 582 898 ineruditus,et
596 861 712 891 vinctus
728 860 856 900 peccatis
871 859 933 890 suis
946 861 973 890 in
990 859 1078 894 bivio.

1123 282 1205 312 ἒσνιν.
1236 282 1265 310 Εἰ
1291 280 1319 309 δὲ
1348 282 1387 319 μή
1414 280 1548 317 θελήσωσι
1578 282 1704 322 συνιέναι,
1735 282 1772 314 εἷς
1801 283 1937 321 κατάκριμα

1124 330 1216 363 μεῖζον
1237 326 1329 358 αὐτοῖς
1359 326 1420 363 εἴη,
1443 325 1484 354 ὅτι
1506 325 1565 356 οὐδὲ
1600 327 1668 364 μετὰ
1699 330 1813 355 τοσαῦτα
1840 325 1936 366 λαμπρὰ

1122 371 1243 409 Θαύματα
1271 370 1438 402 ἐπίστευσαν.
1470 370 1538 411 ’Ὅρα
1575 372 1625 411 γὰρ
1661 371 1732 399 πόσα
1761 371 1866 400 ἐνταῦθα
1890 382 1936 404 ση-

1122 421 1198 452 μεῖα.
1218 414 1304 443 εἶπεν
1317 417 1422 455 αὐτοῖς,
1444 414 1486 443 ὅτι
1517 416 1648 455 Εὑρήσετε
1677 414 1780 446 πῶλον,
1798 415 1877 444 [EI-rev
1902 415 1935 443 ὅτι

1123 458 1335 500 κωλυθήσονται,
1365 459 1428 488 εἶτα
1449 459 1580 500 εἰπόντες,
1609 459 1649 488 ὅτι
1681 456 1710 489 ’0
1733 460 1826 500 Κύριος
1853 461 1935 500 χρῄζει

1123 504 1215 543 αὑτοῦ,
1238 503 1407 539 ἒαθήσονται.
1437 503 1502 533 Οὑδὲ
1531 505 1580 544 γὰρ
1603 504 1659 533 οὑδὲ
1675 508 1753 533 τοῦτο
1767 504 1859 544 μικρόν
1878 504 1933 544 ἐστι,

1123 549 1153 576 τὸ
1178 550 1387 588 συγχωρηθῆναι
1411 549 1472 581 τοὺς
1501 549 1666 581 ἀποστόλους
1687 549 1801 589 ἀπάγειν
1821 549 1865 577 τὸν
1891 552 1936 577 πῶ-

1123 595 1179 630 λον,
1204 592 1268 631 ὅπερ
1281 594 1328 622 οὑκ
1342 593 1373 622 ἂν
1388 593 1494 633 ἐγένετο
1515 595 1537 622 εἶ
1553 594 1592 628 μὴ
1616 595 1672 622 θεία
1700 605 1741 626 τις
1768 594 1867 633 ἀνάγκη
1894 593 1934 621 ἒπ-

1124 638 1209 667 έκειτο
1237 645 1296 671 τοῖς
1324 639 1422 678 κυρίοις
1450 642 1497 667 τοῦ
1525 638 1615 667 πώλου
1643 639 1829 678 ἀναγκάζουσα
1844 638 1933 673 αὐτοὺς,

1123 684 1210 712 καίτοι
1231 683 1349 717 πένητας
1364 683 1442 715 ὄντας
1464 684 1508 712 καὶ
1536 684 1671 723 γεωργοὺς
1687 684 1784 723 τυχὸν,
1801 683 1900 723 ἀφεῖναι
1911 684 1934 711 τὸ

1123 731 1202 764 ζῶον,
1225 728 1300 762 Πλὴν
1327 729 1453 766 μάνθανε,
1484 727 1525 757 ὅτι
1551 729 1580 757 οὗ
1602 729 1692 766 μάτην
1705 732 1786 757 τοῦτο
1799 728 1933 762 ἐποίησενὸ

1126 773 1229 812 Κύριος.
1246 772 1311 802 οὑδὲ
1341 773 1391 812 γὰρ
1420 773 1518 813 ἔχρῃζε
1539 777 1585 802 τοῦ
1607 773 1709 811 πώλου,
1728 774 1743 801 ὁ
1756 772 1883 804 πολλάκις
1895 773 1933 806 τὴν

1124 817 1265 846 Γαλιλαίαν
1292 819 1336 847 καὶ
1351 818 1400 851 τὴν
1421 817 1549 847 Ἰουδαίαν
1570 817 1676 846 ἅπασαν
1703 817 1846 857 ἒκπεριῖών
1873 816 1933 857 (74).

1122 862 1192 891 ἀλλὰ
1219 862 1344 890 δεικνύων
1367 862 1407 891 ὅτι
1437 862 1479 891 ἰπὶ
1494 863 1540 891 τὸν
1562 863 1667 891 ὶθνικὸν
1696 862 1764 891 λαὸν
1783 860 1932 901 ἐπιϐήσεται,

255 905 311 936 hoc
327 909 371 935 est
387 905 445 935 vita
462 905 528 945 hac,
546 905 622 945 apud
635 906 768 944 januam,
782 913 846 945 quae
862 908 906 935 est
922 907 1005 936 extra
1021 905 1024 935 1

1176 907 1288 941 ἀπειθὴς
1319 907 1368 945 μὲν
1388 907 1422 941 ἦν
1450 908 1495 936 καὶ
1516 907 1684 944 ἀπαίδευτος,
1701 906 1806 936 ἐδέδετο
1832 906 1858 935 δὲ
1883 913 1932 937 ut:

254 950 390 981 clesiam.
406 949 526 980 Solutus
541 953 585 980 est
599 954 698 980 autem
711 949 747 979 ab
762 949 903 989 apostolis
916 958 968 989 per
984 948 1078 989 bapti.

254 1004 350 1026 smum
367 1000 396 1026 et
411 994 498 1025 fidem
516 1004 523 1026 :
541 999 570 1025 et
584 999 686 1026 vectus
698 994 781 1026 estin
799 1004 833 1025 eo
850 994 1078 1035 Dominus,cum

254 1040 378 1079 apostoli
408 1039 584 1070 vestimenta
609 1049 671 1076 sua,
690 1039 746 1070 hoc
764 1047 820 1077 est,
837 1048 955 1070 omnem
971 1040 1021 1080 qui
1036 1047 1080 1073 est

254 1094 290 1115 ex
305 1084 413 1116 virtute
428 1084 567 1115 decorem
583 1083 803 1124 imposuissent.
825 1084 908 1114 Prius
923 1083 1002 1114 enim
1020 1094 1078 1115 nu-

253 1129 282 1160 di
300 1134 384 1160 erant
397 1129 521 1169 gentiles
546 1133 575 1160 et
601 1129 762 1169 deformes,
780 1133 928 1169 patrantes
944 1128 1075 1162 nefaria:

256 1179 410 1214 postquam
422 1178 519 1205 autem
533 1173 569 1204 ab
585 1174 726 1214 apostolis
734 1174 854 1204 adducti
862 1173 993 1210 fuerunt,
1010 1178 1079 1204 tunc

253 1219 377 1251 honeste
399 1219 569 1250 didicerunt
591 1218 754 1255 ambulare,
771 1222 800 1248 et
812 1223 968 1258 propterea
989 1218 1077 1249 etiam

255 1264 285 1293 in
301 1263 375 1304 ipsis
399 1263 493 1294 fertur
508 1267 637 1302 gestatus
659 1262 956 1298 Christus.Quoniam
981 1267 1080 1294 autem

251 1309 379 1345 fuerunt,
398 1307 447 1348 qui
464 1307 546 1347 prius
562 1311 647 1338 erant
661 1307 773 1338 domini
788 1307 871 1346 pulli,
890 1307 940 1347 qui
955 1312 1074 1348 aposto-

250 1353 296 1384 los
325 1352 529 1393 prohiberent;
547 1361 647 1383 nonne
668 1352 790 1383 omnino
812 1353 876 1382 251
897 1353 1047 1383 daemones
1061 1352 1077 1382 ?

253 1397 330 1429 Sane
342 1401 370 1428 et
386 1397 432 1427 his
443 1397 568 1438 apostoli
585 1397 813 1437 praevaluerunt.

1121 952 1229 983 οἰκείαις
1257 952 1398 992 ἁμαρτίαις
1426 952 1453 980 ἒν
1479 955 1515 991 τῇ
1535 951 1658 992 ὰμφόδῳ,
1689 952 1810 980 τουτέστι
1836 955 1872 989 τῷ
1895 951 1934 989 βίῳ

1120 996 1216 1032 τούτῳ,
1239 997 1305 1036 πρὸς
1327 999 1376 1030 τῆν
1405 998 1494 1036 θύραν,
1524 996 1606 1035 ἤγουν
1627 995 1677 1029 ἔξω
1697 999 1749 1030 τῆς
1775 995 1931 1029 Ἐκκλησίας.

1121 1040 1217 1075 Ἐλύθη
1247 1040 1275 1069 δὲ
1302 1041 1374 1081 παρᾶ
1398 1045 1453 1070 τῶν
1477 1043 1604 1079 μαθητῶν
1627 1040 1669 1069 διὰ
1697 1044 1745 1069 τοῦ
1768 1041 1932 1079 βαπτίσματος

1121 1087 1165 1114 καὶ
1191 1088 1241 1119 τῆς
1267 1086 1381 1118 πίστεως
1399 1095 1407 1103 ·
1443 1086 1487 1114 καὶ
1518 1086 1654 1126 ὲπωχήθη
1683 1086 1757 1123 αὗτῷ
1793 1086 1807 1113 ὁ
1841 1085 1930 1124 Κύριος,

1120 1130 1262 1159 ἑπιθέντων
1289 1131 1343 1159 τῶν
1374 1129 1530 1159 ἀποστόλων
1559 1131 1592 1159 τὰ
1616 1130 1709 1161 ἱμάτια
1748 1130 1842 1169 αὑτῶν,
1871 1140 1932 1156 τοδε-

1121 1175 1176 1203 έστι
1205 1177 1292 1203 πᾶσαν
1320 1175 1525 1215 εὐσχημοσύνην
1567 1175 1616 1209 τὴν
1652 1174 1680 1207 ὶξ
1714 1174 1822 1214 ἀρετῆς.
1852 1173 1931 1212 Πρώην

1122 1218 1170 1256 μὲν
1199 1219 1249 1257 γὰρ
1277 1219 1372 1258 γυμνοὶ
1399 1218 1472 1250 ὄντες
1494 1220 1518 1247 οἱ
1539 1218 1565 1251 ἐξ
1590 1219 1670 1247 ἐθνῶν
1685 1218 1842 1258 ἀσχήμονες
1864 1218 1929 1252 inv;

1122 1263 1284 1302 πράττοντες
1312 1263 1426 1301 ἄθεσμα.
1460 1262 1534 1292 Ἐπεὶ
1562 1262 1589 1291 δὲ
1624 1264 1675 1291 ὑπὸ
1703 1266 1761 1291 τῶν
1799 1261 1942 1291 ἀποστόλων

1118 1307 1256 1348 ἤχθησαν,
1271 1309 1333 1337 τότε
1347 1308 1375 1336 δὲ
1389 1309 1450 1337 τότε
1465 1308 1642 1348 εὒσχημόνως
1663 1307 1764 1346 ἔμαθον
1779 1314 1929 1347 περιπατεῖν,

1118 1353 1162 1380 καὶ
1183 1350 1225 1381 διὰ
1240 1357 1319 1382 τοῦτο
1333 1354 1377 1382 καὶ
1389 1353 1431 1381 ’ἐπ’
1448 1354 1533 1381 αὐτῶν
1548 1352 1654 1392 φέρεται
1670 1354 1684 1381 ὸ
1709 1354 1824 1389 Χριστὸς
1844 1353 1929 1390 βαστα-

1117 1397 1242 1434 ζόμενος.
1259 1398 1332 1430 Τίνες
1347 1397 1375 1426 δὲ
1394 1398 1463 1431 ἦσαν
1474 1399 1498 1425 οἱ
1508 1397 1602 1437 πρώην
1616 1395 1744 1426 δεσπόται
1759 1402 1808 1427 τοῦ
1819 1396 1902 1425 πώλου
1912 1397 1929 1423 oi

257 1442 403 1474 κωλύοντες
420 1443 480 1473 τοὺς
495 1442 670 1479 ἀποστόλους,
687 1442 705 1476 ἢ
718 1441 825 1474 πάντως
840 1443 863 1470 οἱ
878 1441 998 1480 δαίμονες
1015 1453 1023 1479 ;
1041 1441 1124 1471 Ἀλλὰ
1137 1444 1181 1472 καὶ
1195 1443 1294 1471 τούτων
1309 1442 1523 1482 ἐπικρατέστεροι
1539 1442 1656 1481 γίνορται
1671 1443 1694 1470 οἱ
1709 1441 1865 1472 ἀπόστολοι.

292 1486 409 1518 Vnns.7
421 1487 544 1518 ⁴10.‹ιΕι
557 1486 745 1518 adduxerunt
760 1487 872 1527 pullum
885 1486 920 1517 ad
931 1486 1061 1523 Jesum,e

1161 1500 1175 1516 ε
1194 1489 1244 1517 Καὶ
1284 1486 1386 1528 ἤγαγον
1428 1488 1474 1515 τὸν
1514 1486 1606 1515 πῶλον
1647 1487 1713 1527 πρὸς
1756 1487 1802 1516 τὸν
1830 1485 1927 1519 Ἰησοῦν.

253 1531 420 1571 injecerunt
430 1530 471 1561 illi
483 1531 658 1563 vestimenta
667 1531 871 1572 sua,seditque
880 1540 970 1571 super
979 1531 1074 1563 illum.

251 1575 333 1607 Multi
348 1583 417 1606 vero
433 1574 607 1606 vestimenta
622 1585 676 1606 sua
691 1574 867 1606 sternebant
878 1575 907 1606 in
922 1575 1009 1613 viam,
1026 1575 1075 1607 alii

249 1629 319 1651 vero
335 1619 457 1651 frondes
470 1619 643 1650 incidebant
665 1629 701 1651 ex
727 1619 894 1658 arboribus,
913 1623 941 1651 et
956 1623 1074 1651 sterne-

250 1665 321 1696 baut
332 1665 361 1696 in
376 1665 463 1696 viam.
479 1665 516 1696 Et
535 1664 585 1705 qui
609 1665 817 1705 praacedebant
831 1665 940 1706 quique
963 1674 1073 1705 seque-

250 1710 360 1741 bantur
373 1710 541 1741 clamabant
553 1709 687 1741 dicentes
703 1719 710 1740 :
727 1709 877 1747 Hosanna,
897 1710 1075 1741 benedictus

248 1756 298 1795 qui
312 1755 391 1785 venit
406 1755 436 1785 in
452 1754 573 1786 nomine
586 1755 716 1785 Domini.
733 1754 928 1785 Benedictum
938 1754 1017 1794 quod
1028 1763 1076 1785 ve-

248 1799 292 1831 nit
303 1799 474 1838 regnum,in
486 1799 605 1830 nomine
612 1799 732 1830 Domini
747 1799 837 1840 patris
852 1799 945 1830 nostri
962 1799 1072 1830 David:

247 1845 388 1876 Hosanna
403 1844 433 1874 in
448 1844 631 1875 allissimis.n
650 1843 806 1875 Multitudo
822 1844 954 1884 quandiu
970 1843 1073 1875 incor-

245 1893 332 1929 rupta
345 1892 453 1926 manet,
462 1891 594 1927 agnoscit
609 1891 754 1929 quantum
769 1897 844 1929 opus
859 1893 942 1919 erat:
962 1888 1028 1920 ideo
1044 1891 1076 1921 et

247 1933 356 1974 singuli
372 1942 425 1973 pro
440 1933 552 1964 viribus
561 1933 624 1964 suis
636 1933 736 1964 Jesum
747 1933 1077 1965 venerantur.Laudan-

247 1983 291 2008 tes
306 1983 403 2009 autem
425 1977 495 2018 quid
513 1978 655 2018 dixerint,
672 1977 835 2009 videamus.
852 1979 874 2008 A
891 1977 980 2008 David
1003 1987 1075 2009 sane

246 2023 387 2063 hymnum
414 2022 497 2053 illum
527 2031 693 2063 sumpsere.
712 2023 802 2052 Porro
831 2021 970 2053 Hosanna
989 2023 1074 2062 juxta

246 2068 388 2107 quosdam
399 2066 557 2107 significat,
573 2067 792 2102 salva,obsecro
806 2077 813 2099 ι
826 2067 911 2106 juxta
926 2067 1070 2107 quosdam

243 2112 616 2159 vero,_l_1y_mnum.R_ecti_us
630 2116 728 2142 tamen
737 2115 789 2159 est
803 2111 882 2159 quod
898 2111 994 2152 primo
1009 2111 1070 2159 dic-
1083 2134 1103 2159 ο

249 2156 460 2188 tum.Habetur
474 2155 554 2187 enim
575 2156 605 2186 in
631 2156 795 2187 centesimo
811 2157 927 2188 decimo
944 2156 1069 2198 septimo

245 2201 408 2243 psalmo,0
437 2200 572 2239 Domine,
600 2201 690 2238 salva,
722 2201 849 2233 obsecro
867 2210 873 2233 :
891 2201 920 2232 id
945 2202 1023 2242 quod
1039 2202 1069 2233 in

243 2245 393 2277 Hebraico
415 2245 555 2277 Hosanna
569 2246 711 2286 scriptum
729 2249 784 2278 est.
812 2245 947 2285 Regnum
971 2250 1068 2278 autem

243 2290 336 2322 David
347 2299 472 2330 regnum
484 2290 591 2322 Christi
608 2290 821 2329 dicebant,tum
833 2290 912 2331 quod
928 2300 944 2321 a
956 2292 1070 2322 semine

243 2335 333 2367 David
342 2335 488 2366 deductus
499 2339 577 2366 esset
587 2335 797 2376 Christus,tum
813 2335 893 2375 quod
909 2335 998 2367 David
1019 2336 1069 2367 in-

243 2379 400 2421 terpretari
409 2379 475 2420 quis
483 2384 588 2420 potest,
594 2383 743 2420 potentem
754 2380 799 2411 vel
812 2380 953 2411 idoneum
966 2390 1067 2413 manu.

244 2425 315 2462 Quis
330 2429 428 2455 autem
443 2424 520 2455 alius
535 2434 622 2455 manu
638 2434 734 2465 usque
748 2425 825 2456 adeo
842 2424 956 2456 validus
970 2429 999 2456 et
1014 2435 1068 2466 ρος

244 2475 310 2502 tens
326 2474 357 2501 ut
372 2469 616 2510 Dominus,cujus
631 2479 736 2501 manus
747 2473 826 2501 tanta
841 2469 986 2501 miracula
998 2474 1065 2501 sunt

243 2513 397 2556 operata?
417 2515 562 2545 Caeterum
587 2518 754 2545 sternamus
769 2519 798 2545 et
813 2523 867 2545 nos
893 2514 1068 2546 vestimenta

243 2564 355 2597 nostra,
366 2560 423 2590 hoc
438 2565 483 2590 est
497 2558 737 2590 carnem.Vestis
752 2559 833 2590 enim
849 2559 967 2599 animae,
984 2568 1065 2601 caro,

243 2614 330 2646 quam
341 2603 535 2643 subjiciamus
550 2602 722 2643 Domino,et
731 2606 898 2634 sternamus
912 2602 989 2634 viam
1001 2603 1067 2635 vitae

243 2653 354 2681 nostrae
366 2659 373 2681 :
391 2648 614 2689 deputantes,et
627 2647 793 2678 incidentes
807 2647 844 2678 ab
855 2647 1012 2679 arboribus
1021 2657 1066 2679 ra—

243 2703 320 2733 mos,
336 2694 393 2725 hoc
410 2697 465 2731 est,
485 2696 653 2723 sanctorum
673 2692 742 2723 vitas
755 2692 917 2723 imitemur.
933 2692 1066 2725 Arbores

773 2771 814 2804 Ex
830 2772 988 2804 collatione
1002 2774 1090 2807 codd.

285 2836 347 2877 (74)
364 2836 525 2875 Ἐκπεριϊὼν
540 2840 618 2877 πεζῇ,
635 2835 701 2866 cod.
718 2836 767 2874 26,
785 2835 823 2866 30
838 2839 866 2866 et
883 2834 932 2867 31.

1117 1532 1162 1560 καὶ
1189 1529 1319 1560 ἐπέϐαλον
1361 1531 1434 1568 αὐτῷ
1473 1531 1506 1559 τὰ
1548 1530 1641 1569 ἱμάτια
1683 1533 1783 1571 αὐτῶν,
1813 1531 1856 1559 καὶ
1881 1530 1928 1558 ἑκά-

1117 1577 1188 1604 θισεν
1215 1576 1258 1604 ἐπ’
1280 1576 1371 1607 αὐτόν.
1400 1575 1498 1604 Πολλοὶ
1519 1575 1546 1603 δὲ
1563 1576 1597 1604 τὰ
1610 1575 1703 1613 ἱμάτια
1729 1577 1816 1605 αὐτῶν
1844 1574 1927 1614 ἕστρω·

1118 1632 1165 1649 σαν
1195 1621 1233 1652 εἰς
1260 1620 1310 1654 τὴν
1332 1619 1391 1649 ὁδόν
1407 1630 1414 1638 ·
1432 1620 1508 1649 ἄλλοι
1529 1619 1557 1647 δὲ
1573 1619 1698 1652 στιϐαδας
1721 1619 1835 1649 ἔκοπτον
1851 1619 1930 1648 ἐκτῶν

1117 1664 1240 1705 δένδρων,
1270 1665 1314 1693 καὶ
1342 1664 1503 1704 ἐστρώννυον
1524 1666 1561 1697 εἷς
1582 1665 1634 1693 τὴν
1663 1663 1736 1696 ὁδόν.
1763 1666 1813 1694 Καὶ
1833 1665 1856 1694 οἰ
1879 1673 1929 1703 προ-

1116 1709 1226 1748 άγοντες
1265 1710 1309 1737 καὶ
1347 1710 1370 1738 οἱ
1412 1708 1615 1741 ἆκολοῦθοῦντις
1651 1708 1763 1748 ἔκραζον
1800 1708 1926 1748 λέγοντες.

1117 1750 1232 1782 Ὡσαννὰ
1260 1753 1441 1794 εὐλογημένος
1468 1755 1481 1783 δ
1499 1754 1647 1795 ἐρχόμενος
1662 1754 1689 1782 ἐν
1705 1755 1818 1792 ὀνόματι
1841 1754 1927 1793 Κυρίου.

1116 1798 1293 1838 Εὐλογημένη
1320 1800 1338 1833 ἡ
1367 1798 1503 1839 ὶρχομένη
1523 1798 1645 1837 βασιλεία
1668 1800 1695 1827 iv
1717 1799 1830 1837 ὀνόματι
1850 1798 1928 1837 Κυρίου

1116 1846 1162 1871 τοῦ
1176 1844 1275 1882 πατρὸς
1291 1844 1369 1881 ἡμῶν
1391 1842 1470 1872 Δαϐίδ
1486 1851 1494 1859 ⁸
1522 1840 1637 1872 Ὠσαννᾶ
1662 1843 1689 1872 ἓν
1703 1850 1764 1876 τοῖς
1779 1844 1901 1882 ὑψίστοις.
1916 1852 1926 1867 ³

1117 1887 1152 1916 Τὸ
1180 1886 1281 1922 πλῆθος
1310 1888 1406 1928 μέχρις
1437 1888 1469 1916 ἂν
1498 1887 1656 1929 ἀδιάφθορον
1683 1889 1765 1927 μένῃ,
1784 1887 1927 1928 ἐπιγνώσκει

1117 1933 1148 1961 τὸ
1168 1931 1239 1964 δέον.
1271 1933 1319 1961 Διὰ
1346 1934 1392 1962 καί
1417 1936 1514 1971 τιμῶσι
1542 1935 1587 1962 τὸν
1625 1933 1730 1967 Ίησούν
1764 1933 1872 1964 ἕκαστος
1899 1932 1928 1962 ὡς

1117 1977 1183 2017 εἶχε
1203 1976 1350 2016 δυνάμεως.
1374 1978 1403 2008 οἱ
1430 1977 1458 2006 δὲ
1479 1980 1621 2016 ὑμνοῦντες
1649 1978 1674 2007 τί
1702 1978 1807 2018 ἔλεγον,
1830 1977 1925 2015 ἴδωμεν.

1115 2020 1164 2051 Ἐκ
1185 2026 1230 2051 τοῦ
1254 2021 1334 2050 sum
1354 2023 1405 2061 μὲν
1425 2024 1471 2052 τὸν
1498 2023 1580 2062 ὕμνον
1599 2028 1692 2053 τοῦτον
1722 2021 1829 2052 ἔλαϐον.
1854 2023 1886 2051 Τὸ
1906 2019 1926 2048 δὲ

1117 2061 1241 2105 Ὠσαννὲι,
1264 2068 1333 2096 κατὰ
1354 2067 1402 2106 μέν
1430 2078 1504 2100 τινας
1534 2069 1670 2108 σημαίνει,
1701 2070 1789 2096 σῶσον
1814 2067 1856 2107 δὴ,
1871 2065 1926 2094 κατὰ

1112 2111 1139 2140 δέ
1161 2122 1233 2145 τινας
1255 2112 1392 2150 σημαίνει,
1420 2111 1514 2144 ὕμνος.
1548 2112 1634 2150 Πλὴν,
1663 2119 1789 2152 κρεῖτττν
1815 2112 1845 2140 τὸ
1863 2113 1927 2150 πρῶ-

1111 2168 1168 2189 τον,
1205 2156 1257 2197 'Ev_
1273 2157 1324 2197 γὰρ
1353 2159 1391 2194 τῷ
1422 2157 1559 2195 ἑκατοστῷ
1596 2156 1813 2194 ἑπτακαιδεκάτῳ
1839 2155 1926 2194 ψαλμῷ

1111 2209 1200 2230 κεῖται
1214 2211 1222 2219 θ
1241 2195 1380 2242 ὨΚῦριε,
1406 2205 1494 2231 σῶσον
1517 2201 1550 2237 δή
1567 2209 1574 2217 ·
1599 2201 1664 2242 ὅπερ
1692 2201 1719 2230 ἐν
1747 2204 1786 2239 τῷ
1808 2197 1926 2240 Ἐϐραϊκῷ

1113 2242 1228 2275 Ὠσαννὰ
1253 2246 1411 2286 γέγραπται.
1448 2247 1588 2275 Βασιλείαν
1617 2246 1644 2275 δὲ
1685 2245 1766 2275 Δαϐἶδ
1791 2246 1839 2280 τὴν
1862 2245 1925 2283 βασι-

1112 2293 1184 2321 λείαν
1209 2296 1255 2321 τοῦ
1283 2293 1397 2332 Χριστοῦ
1424 2291 1528 2333 ἕλσγον,
1544 2292 1600 2331 ἅμα
1615 2293 1664 2331 μὲν
1679 2292 1746 2321 διότι
1759 2293 1803 2321 καὶ
1817 2292 1867 2320 ἀπὸ
1886 2292 1923 2318 τοῦ

1111 2338 1262 2377 σπέρματος
1288 2340 1334 2366 τοῦ
1359 2336 1440 2366 Δαϐἰδ
1471 2338 1606 2377 κατήγετο
1635 2339 1649 2366 ὁ
1678 2338 1784 2377 Κύριος,
1815 2336 1866 2374 ἃμα
1889 2333 1921 2370 δὲ,

1111 2383 1150 2411 ὅτι
1175 2381 1256 2412 Δαϐὶδ
1291 2382 1478 2422 ἑρμηνεὺεται,
1504 2381 1613 2415 δυνατὸς
1643 2383 1726 2422 χειρί,
1755 2381 1814 2416 ἦτοι
1847 2379 1922 2409 ἱκανὸς

1110 2428 1192 2468 χειρί.
1224 2427 1268 2459 Τίς
1297 2426 1324 2454 δὶ
1346 2426 1427 2459 ἄλλος
1454 2427 1545 2460 ἱκανὸς
1569 2429 1651 2468 χειρὶ,
1682 2428 1705 2455 εἰ
1732 2428 1773 2465 μὴ
1793 2427 1807 2454 ὁ
1829 2425 1920 2468 Κύριος,

1110 2472 1140 2500 οὗ
1168 2474 1194 2500 αἱ
1221 2478 1316 2512 χεῖρες
1345 2472 1461 2500 τοσαῦτα
1488 2467 1622 2510 θαύματα
1645 2471 1821 2511 ἕνήργησαις
1850 2467 1921 2498 Ἀλλᾶ

1109 2517 1162 2556 γὰρ
1185 2516 1346 2555 στρώσωμεν
1373 2516 1417 2544 καὶ
1445 2517 1528 2551 ἡμεῖς
1569 2517 1602 2545 τὰ
1636 2516 1728 2554 ἱμάτια
1755 2515 1843 2554 ἡμῶν,
1869 2513 1919 2547 ἦτοι

1107 2562 1156 2595 τὴν
1177 2562 1261 2601 σάρκα
1288 2561 1407 2601 (ἱμάτιον
1438 2562 1489 2602 γὰρ
1518 2562 1535 2596 ἡ
1574 2560 1637 2600 σὰρξ
1667 2563 1717 2595 τῆς
1746 2561 1855 2600 ψυχῆς),
1883 2557 1918 2585 καί

1107 2605 1280 2644 ι’)ποτάξωμεν
1301 2605 1401 2639 ταύτην
1429 2608 1468 2643 τῷ
1498 2606 1594 2645 Κυρίῳ.
1627 2606 1675 2635 Καὶ
1696 2604 1853 2645 στμδσωμιν
1877 2601 1918 2634 τὴν

1107 2649 1167 2678 ὁδον
1195 2655 1242 2680 τοῦ
1269 2650 1400 2689 ἡμετέρου
1427 2650 1496 2688 βίου,
1528 2650 1672 2683 κόπτοντες
1697 2649 1728 2678 in
1752 2652 1804 2678 τῶν
1821 2646 1917 2686 δένδρων

1106 2694 1229 2732 κλάδους,
1259 2694 1391 2734 τουτέστι,
1420 2694 1481 2727 τοὺς
1503 2697 1557 2722 τῶν
1583 2692 1666 2734 ἁγίων
1701 2694 1773 2733 βίους
1801 2692 1915 2732 μιμούμε-

1107 2773 1214 2806 Venet.
1230 2775 1260 2807 S.
1279 2774 1382 2807 Marci.
