  <div class='ocr_page' id='page_1' title='image "/cluster/home/n/w/nwhite01/storage/ocr_20150623/123/njp.32101077773024/445.png"; bbox 0 0 1948 3081; ppageno 0'>
   <div class='ocr_carea' id='block_1_1' title="bbox 219 165 281 197">
    <p class='ocr_par' dir='ltr' id='par_1_1' title="bbox 219 165 281 197">
     <span class='ocr_line' id='line_1_1' title="bbox 219 165 281 197; baseline 0.032 -2"><span class='ocrx_word' id='word_1_1' title='bbox 219 165 281 197; x_wconf 82' lang='grc'><strong>615</strong></span> 
     </span>
    </p>
   </div>
   <div class='ocr_carea' id='block_1_2' title="bbox 701 160 1426 196">
    <p class='ocr_par' dir='ltr' id='par_1_2' title="bbox 701 160 1426 196">
     <span class='ocr_line' id='line_1_2' title="bbox 701 160 1426 196; baseline 0.003 -2"><span class='ocrx_word' id='word_1_2' title='bbox 701 160 999 195; x_wconf 81' lang='lat' dir='ltr'><strong>THEOPHYLACTI</strong></span> <span class='ocrx_word' id='word_1_3' title='bbox 1021 163 1068 194; x_wconf 92' lang='lat' dir='ltr'><strong>BU</strong></span> <span class='ocrx_word' id='word_1_4' title='bbox 1074 162 1226 195; x_wconf 73' lang='lat' dir='ltr'><strong>LGARLE</strong></span> <span class='ocrx_word' id='word_1_5' title='bbox 1247 163 1426 196; x_wconf 78' lang='lat' dir='ltr'><strong>ARCHIEP.</strong></span> 
     </span>
    </p>
   </div>
   <div class='ocr_carea' id='block_1_3' title="bbox 1850 167 1903 197">
    <p class='ocr_par' dir='ltr' id='par_1_3' title="bbox 1850 167 1903 197">
     <span class='ocr_line' id='line_1_3' title="bbox 1850 167 1903 197; baseline 0 -1"><span class='ocrx_word' id='word_1_6' title='bbox 1850 167 1903 197; x_wconf 87' lang='lat' dir='ltr'><strong>6l6</strong></span> 
     </span>
    </p>
   </div>
   <div class='ocr_carea' id='block_1_4' title="bbox 219 230 1041 275">
    <p class='ocr_par' dir='ltr' id='par_1_4' title="bbox 219 231 1038 274">
     <span class='ocr_line' id='line_1_4' title="bbox 219 231 1038 274; baseline -0.005 -10"><span class='ocrx_word' id='word_1_7' title='bbox 219 233 299 274; x_wconf 86' lang='lat' dir='ltr'><strong>quod</strong></span> <span class='ocrx_word' id='word_1_8' title='bbox 316 236 402 264; x_wconf 61' lang='lat' dir='ltr'><strong>etiam</strong></span> <span class='ocrx_word' id='word_1_9' title='bbox 420 231 528 272; x_wconf 85' lang='lat' dir='ltr'><strong>punire</strong></span> <span class='ocrx_word' id='word_1_10' title='bbox 546 231 649 272; x_wconf 87' lang='lat' dir='ltr'><strong>possit.</strong></span> <span class='ocrx_word' id='word_1_11' title='bbox 666 231 763 262; x_wconf 80' lang='lat' dir='ltr'><strong>Habet</strong></span> <span class='ocrx_word' id='word_1_12' title='bbox 774 231 844 262; x_wconf 88' lang='lat' dir='ltr'><strong>item</strong></span> <span class='ocrx_word' id='word_1_13' title='bbox 861 235 891 262; x_wconf 90' lang='lat' dir='ltr'><strong>et</strong></span> <span class='ocrx_word' id='word_1_14' title='bbox 906 231 978 262; x_wconf 82' lang='lat' dir='ltr'><strong>ficus</strong></span> <span class='ocrx_word' id='word_1_15' title='bbox 993 235 1038 270; x_wconf 78' lang='lat' dir='ltr'><strong>ty—</strong></span> 
     </span>
    </p>
   </div>
   <div class='ocr_carea' id='block_1_5' title="bbox 1125 230 1904 275">
    <p class='ocr_par' dir='ltr' id='par_1_5' title="bbox 1125 232 1904 275">
     <span class='ocr_line' id='line_1_5' title="bbox 1125 232 1904 275; baseline 0.004 -16"><span class='ocrx_word' id='word_1_16' title='bbox 1125 242 1160 259; x_wconf 84' lang='grc' dir='ltr'><strong>ων</strong></span> <span class='ocrx_word' id='word_1_17' title='bbox 1192 235 1368 272; x_wconf 80' lang='grc' dir='ltr'><strong>Συναγωγῆς,</strong></span> <span class='ocrx_word' id='word_1_18' title='bbox 1391 237 1422 262; x_wconf 80' lang='grc' dir='ltr'>οὗ</span> <span class='ocrx_word' id='word_1_19' title='bbox 1449 232 1534 273; x_wconf 75' lang='grc' dir='ltr'>φύλλα</span> <span class='ocrx_word' id='word_1_20' title='bbox 1563 233 1644 272; x_wconf 84' lang='grc' dir='ltr'>μόνον</span> <span class='ocrx_word' id='word_1_21' title='bbox 1659 233 1754 274; x_wconf 74' lang='grc' dir='ltr'>εἶχον,</span> <span class='ocrx_word' id='word_1_22' title='bbox 1777 234 1904 275; x_wconf 79' lang='grc' dir='ltr'>τουτέστι,</span> 
     </span>
    </p>
   </div>
   <div class='ocr_carea' id='block_1_6' title="bbox 220 275 1042 318">
    <p class='ocr_par' dir='ltr' id='par_1_6' title="bbox 220 275 1042 318">
     <span class='ocr_line' id='line_1_6' title="bbox 220 275 1042 318; baseline -0.001 -11"><span class='ocrx_word' id='word_1_23' title='bbox 220 286 290 318; x_wconf 90' lang='lat' dir='ltr'><strong>pum</strong></span> <span class='ocrx_word' id='word_1_24' title='bbox 307 286 461 317; x_wconf 80' lang='lat' dir='ltr'><strong>synngogae</strong></span> <span class='ocrx_word' id='word_1_25' title='bbox 471 276 710 317; x_wconf 71' lang='lat' dir='ltr'><strong>Judaeorum,qui</strong></span> <span class='ocrx_word' id='word_1_26' title='bbox 726 276 796 307; x_wconf 76' lang='lat' dir='ltr'><strong>folia</strong></span> <span class='ocrx_word' id='word_1_27' title='bbox 810 276 872 306; x_wconf 91' lang='lat' dir='ltr'><strong>sola</strong></span> <span class='ocrx_word' id='word_1_28' title='bbox 883 275 1042 313; x_wconf 81' lang='lat' dir='ltr'><strong>habebant,</strong></span> 
     </span>
    </p>
   </div>
   <div class='ocr_carea' id='block_1_7' title="bbox 221 320 1042 361">
    <p class='ocr_par' dir='ltr' id='par_1_7' title="bbox 221 320 1042 361">
     <span class='ocr_line' id='line_1_7' title="bbox 221 320 1042 361; baseline -0.002 -9"><span class='ocrx_word' id='word_1_29' title='bbox 221 322 277 352; x_wconf 89' lang='lat' dir='ltr'><strong>hoc</strong></span> <span class='ocrx_word' id='word_1_30' title='bbox 288 326 333 352; x_wconf 87' lang='lat' dir='ltr'><strong>est</strong></span> <span class='ocrx_word' id='word_1_31' title='bbox 344 322 451 361; x_wconf 82' lang='lat' dir='ltr'><strong>legem,</strong></span> <span class='ocrx_word' id='word_1_32' title='bbox 471 321 606 351; x_wconf 85' lang='lat' dir='ltr'><strong>umbram</strong></span> <span class='ocrx_word' id='word_1_33' title='bbox 625 321 685 351; x_wconf 87' lang='lat' dir='ltr'><strong>illis</strong></span> <span class='ocrx_word' id='word_1_34' title='bbox 701 320 897 360; x_wconf 72' lang='lat' dir='ltr'><strong>praebentem,</strong></span> <span class='ocrx_word' id='word_1_35' title='bbox 913 320 1042 351; x_wconf 84' lang='lat' dir='ltr'><strong>fructum</strong></span> 
     </span>
    </p>
   </div>
   <div class='ocr_carea' id='block_1_8' title="bbox 221 363 1044 397">
    <p class='ocr_par' dir='ltr' id='par_1_8' title="bbox 221 363 1044 397">
     <span class='ocr_line' id='line_1_8' title="bbox 221 363 1044 397; baseline 0 -2"><span class='ocrx_word' id='word_1_36' title='bbox 221 375 288 397; x_wconf 90' lang='lat' dir='ltr'><strong>vero</strong></span> <span class='ocrx_word' id='word_1_37' title='bbox 300 363 413 397; x_wconf 69' lang='lat' dir='ltr'><strong>nullthn</strong></span> <span class='ocrx_word' id='word_1_38' title='bbox 425 366 600 396; x_wconf 77' lang='lat' dir='ltr'><strong>afl‘erebant.</strong></span> <span class='ocrx_word' id='word_1_39' title='bbox 619 365 775 396; x_wconf 87' lang='lat' dir='ltr'><strong>Esuriebat</strong></span> <span class='ocrx_word' id='word_1_40' title='bbox 788 369 887 396; x_wconf 86' lang='lat' dir='ltr'><strong>autem</strong></span> <span class='ocrx_word' id='word_1_41' title='bbox 901 364 988 396; x_wconf 84' lang='lat' dir='ltr'><strong>Jesus</strong></span> <span class='ocrx_word' id='word_1_42' title='bbox 999 374 1044 396; x_wconf 89' lang='lat' dir='ltr'><strong>sa-</strong></span> 
     </span>
    </p>
   </div>
   <div class='ocr_carea' id='block_1_9' title="bbox 220 410 1042 450">
    <p class='ocr_par' dir='ltr' id='par_1_9' title="bbox 220 410 1042 450">
     <span class='ocr_line' id='line_1_9' title="bbox 220 410 1042 450; baseline -0.001 -9"><span class='ocrx_word' id='word_1_43' title='bbox 220 411 310 441; x_wconf 87' lang='lat' dir='ltr'><strong>lutem</strong></span> <span class='ocrx_word' id='word_1_44' title='bbox 327 410 457 442; x_wconf 91' lang='lat' dir='ltr'><strong>illorum.</strong></span> <span class='ocrx_word' id='word_1_45' title='bbox 477 411 559 441; x_wconf 81' lang='lat' dir='ltr'><strong>Meus</strong></span> <span class='ocrx_word' id='word_1_46' title='bbox 573 411 652 441; x_wconf 88' lang='lat' dir='ltr'><strong>enim</strong></span> <span class='ocrx_word' id='word_1_47' title='bbox 667 410 751 441; x_wconf 86' lang='lat' dir='ltr'><strong>cibus</strong></span> <span class='ocrx_word' id='word_1_48' title='bbox 767 414 821 447; x_wconf 90' lang='lat' dir='ltr'><strong>est,</strong></span> <span class='ocrx_word' id='word_1_49' title='bbox 835 410 939 450; x_wconf 92' lang='lat' dir='ltr'><strong>inquit.</strong></span> <span class='ocrx_word' id='word_1_50' title='bbox 955 415 984 441; x_wconf 90' lang='lat' dir='ltr'><strong>ut</strong></span> <span class='ocrx_word' id='word_1_51' title='bbox 997 410 1042 440; x_wconf 82' lang='lat' dir='ltr'><strong>ta-</strong></span> 
     </span>
    </p>
   </div>
   <div class='ocr_carea' id='block_1_10' title="bbox 219 454 1044 486">
    <p class='ocr_par' dir='ltr' id='par_1_10' title="bbox 219 454 1044 486">
     <span class='ocr_line' id='line_1_10' title="bbox 219 454 1044 486; baseline -0.002 0"><span class='ocrx_word' id='word_1_52' title='bbox 219 455 296 486; x_wconf 86' lang='lat' dir='ltr'><strong>ciam</strong></span> <span class='ocrx_word' id='word_1_53' title='bbox 304 455 486 486; x_wconf 80' lang='lat' dir='ltr'><strong>voluntatem</strong></span> <span class='ocrx_word' id='word_1_54' title='bbox 504 455 597 485; x_wconf 84' lang='lat' dir='ltr'><strong>Patris</strong></span> <span class='ocrx_word' id='word_1_55' title='bbox 613 454 831 486; x_wconf 83' lang='lat' dir='ltr'><strong>mei.Vo|untas</strong></span> <span class='ocrx_word' id='word_1_56' title='bbox 839 459 935 485; x_wconf 87' lang='lat' dir='ltr'><strong>autem</strong></span> <span class='ocrx_word' id='word_1_57' title='bbox 950 454 1044 486; x_wconf 83' lang='lat' dir='ltr'><strong>Patris</strong></span> 
     </span>
    </p>
   </div>
   <div class='ocr_carea' id='block_1_11' title="bbox 220 500 1044 540">
    <p class='ocr_par' dir='ltr' id='par_1_11' title="bbox 220 500 1044 540">
     <span class='ocr_line' id='line_1_11' title="bbox 220 500 1044 540; baseline -0.001 -9"><span class='ocrx_word' id='word_1_58' title='bbox 220 504 276 540; x_wconf 90' lang='lat' dir='ltr'><strong>est,</strong></span> <span class='ocrx_word' id='word_1_59' title='bbox 289 504 321 531; x_wconf 90' lang='lat' dir='ltr'><strong>ut</strong></span> <span class='ocrx_word' id='word_1_60' title='bbox 336 504 509 530; x_wconf 85' lang='lat' dir='ltr'><strong>convertant</strong></span> <span class='ocrx_word' id='word_1_61' title='bbox 524 509 556 530; x_wconf 86' lang='lat' dir='ltr'><strong>se</strong></span> <span class='ocrx_word' id='word_1_62' title='bbox 571 503 757 540; x_wconf 86' lang='lat' dir='ltr'><strong>peccatores.</strong></span> <span class='ocrx_word' id='word_1_63' title='bbox 770 500 807 531; x_wconf 87' lang='lat' dir='ltr'><strong>Et</strong></span> <span class='ocrx_word' id='word_1_64' title='bbox 818 500 886 539; x_wconf 89' lang='lat' dir='ltr'><strong>quia</strong></span> <span class='ocrx_word' id='word_1_65' title='bbox 897 509 1044 539; x_wconf 79' lang='lat' dir='ltr'><strong>synagoga</strong></span> 
     </span>
    </p>
   </div>
   <div class='ocr_carea' id='block_1_12' title="bbox 219 543 1042 586">
    <p class='ocr_par' dir='ltr' id='par_1_12' title="bbox 219 543 1042 586">
     <span class='ocr_line' id='line_1_12' title="bbox 219 543 1042 586; baseline -0.002 -10"><span class='ocrx_word' id='word_1_66' title='bbox 219 544 347 576; x_wconf 85' lang='lat' dir='ltr'><strong>fructum</strong></span> <span class='ocrx_word' id='word_1_67' title='bbox 365 554 424 575; x_wconf 91' lang='lat' dir='ltr'><strong>non</strong></span> <span class='ocrx_word' id='word_1_68' title='bbox 439 543 742 586; x_wconf 65' lang='lat' dir='ltr'><strong>ly:bebat,maledicta</strong></span> <span class='ocrx_word' id='word_1_69' title='bbox 756 548 802 575; x_wconf 88' lang='lat' dir='ltr'><strong>est</strong></span> <span class='ocrx_word' id='word_1_70' title='bbox 816 548 845 575; x_wconf 91' lang='lat' dir='ltr'><strong>et</strong></span> <span class='ocrx_word' id='word_1_71' title='bbox 860 544 1042 575; x_wconf 85' lang='lat' dir='ltr'><strong>exaruit.ne-</strong></span> 
     </span>
    </p>
   </div>
   <div class='ocr_carea' id='block_1_13' title="bbox 220 589 892 630">
    <p class='ocr_par' dir='ltr' id='par_1_13' title="bbox 220 589 892 630">
     <span class='ocr_line' id='line_1_13' title="bbox 220 589 892 630; baseline 0 -10"><span class='ocrx_word' id='word_1_72' title='bbox 220 599 277 630; x_wconf 91' lang='lat' dir='ltr'><strong>que</strong></span> <span class='ocrx_word' id='word_1_73' title='bbox 286 590 473 630; x_wconf 83' lang='lat' dir='ltr'><strong>prophetam,</strong></span> <span class='ocrx_word' id='word_1_74' title='bbox 491 599 587 629; x_wconf 89' lang='lat' dir='ltr'><strong>neque</strong></span> <span class='ocrx_word' id='word_1_75' title='bbox 598 589 749 620; x_wconf 83' lang='lat' dir='ltr'><strong>doctorem</strong></span> <span class='ocrx_word' id='word_1_76' title='bbox 766 589 892 620; x_wconf 85' lang='lat' dir='ltr'><strong>habens.</strong></span> 
     </span>
    </p>
   </div>
   <div class='ocr_carea' id='block_1_14' title="bbox 258 632 1044 674">
    <p class='ocr_par' dir='ltr' id='par_1_14' title="bbox 258 632 1044 674">
     <span class='ocr_line' id='line_1_14' title="bbox 258 632 1044 674; baseline -0.001 -9"><span class='ocrx_word' id='word_1_77' title='bbox 258 635 350 665; x_wconf 74' lang='lat' dir='ltr'><strong>\‘Ens.</strong></span> <span class='ocrx_word' id='word_1_78' title='bbox 368 634 476 665; x_wconf 76' lang='grc'><strong>15-18.</strong></span> <span class='ocrx_word' id='word_1_79' title='bbox 499 646 512 661; x_wconf 75' lang='grc' dir='ltr'>ιι</span> <span class='ocrx_word' id='word_1_80' title='bbox 533 633 568 664; x_wconf 87' lang='lat' dir='ltr'><strong>Et</strong></span> <span class='ocrx_word' id='word_1_81' title='bbox 591 632 715 665; x_wconf 87' lang='lat' dir='ltr'><strong>veniunt</strong></span> <span class='ocrx_word' id='word_1_82' title='bbox 744 633 989 674; x_wconf 78' lang='lat' dir='ltr'><strong>Hierosolymam,</strong></span> <span class='ocrx_word' id='word_1_83' title='bbox 1016 638 1044 664; x_wconf 90' lang='lat' dir='ltr'><strong>et</strong></span> 
     </span>
    </p>
   </div>
   <div class='ocr_carea' id='block_1_15' title="bbox 219 678 1043 719">
    <p class='ocr_par' dir='ltr' id='par_1_15' title="bbox 219 678 1043 719">
     <span class='ocr_line' id='line_1_15' title="bbox 219 678 1043 719; baseline -0.001 -9"><span class='ocrx_word' id='word_1_84' title='bbox 219 679 370 718; x_wconf 81' lang='lat' dir='ltr'><strong>ingressus</strong></span> <span class='ocrx_word' id='word_1_85' title='bbox 384 679 471 710; x_wconf 86' lang='lat' dir='ltr'><strong>Jesus</strong></span> <span class='ocrx_word' id='word_1_86' title='bbox 483 679 514 709; x_wconf 92' lang='lat' dir='ltr'><strong>in</strong></span> <span class='ocrx_word' id='word_1_87' title='bbox 530 679 686 718; x_wconf 86' lang='lat' dir='ltr'><strong>templum,</strong></span> <span class='ocrx_word' id='word_1_88' title='bbox 703 679 792 719; x_wconf 74' lang='lat' dir='ltr'><strong>coepit</strong></span> <span class='ocrx_word' id='word_1_89' title='bbox 808 679 916 719; x_wconf 82' lang='lat' dir='ltr'><strong>ejicere</strong></span> <span class='ocrx_word' id='word_1_90' title='bbox 932 688 982 709; x_wconf 90' lang='lat' dir='ltr'><strong>eos</strong></span> <span class='ocrx_word' id='word_1_91' title='bbox 993 678 1043 718; x_wconf 90' lang='lat' dir='ltr'><strong>qui</strong></span> 
     </span>
    </p>
   </div>
   <div class='ocr_carea' id='block_1_16' title="bbox 219 723 1042 763">
    <p class='ocr_par' dir='ltr' id='par_1_16' title="bbox 219 723 1042 763">
     <span class='ocr_line' id='line_1_16' title="bbox 219 723 1042 763; baseline -0.001 -9"><span class='ocrx_word' id='word_1_92' title='bbox 219 724 387 754; x_wconf 80' lang='lat' dir='ltr'><strong>vendebant</strong></span> <span class='ocrx_word' id='word_1_93' title='bbox 402 727 430 754; x_wconf 87' lang='lat' dir='ltr'><strong>et</strong></span> <span class='ocrx_word' id='word_1_94' title='bbox 446 723 586 754; x_wconf 86' lang='lat' dir='ltr'><strong>emebant</strong></span> <span class='ocrx_word' id='word_1_95' title='bbox 602 724 631 754; x_wconf 90' lang='lat' dir='ltr'><strong>in</strong></span> <span class='ocrx_word' id='word_1_96' title='bbox 647 724 758 763; x_wconf 87' lang='lat' dir='ltr'><strong>templo</strong></span> <span class='ocrx_word' id='word_1_97' title='bbox 776 734 782 754; x_wconf 89' lang='lat'>:</span> <span class='ocrx_word' id='word_1_98' title='bbox 801 729 830 754; x_wconf 75' lang='lat' dir='ltr'><strong>et</strong></span> <span class='ocrx_word' id='word_1_99' title='bbox 845 732 962 754; x_wconf 86' lang='lat' dir='ltr'><strong>mensas</strong></span> <span class='ocrx_word' id='word_1_100' title='bbox 977 723 1042 754; x_wconf 91' lang='lat' dir='ltr'><strong>col-</strong></span> 
     </span>
    </p>
   </div>
   <div class='ocr_carea' id='block_1_17' title="bbox 219 767 1044 809">
    <p class='ocr_par' dir='ltr' id='par_1_17' title="bbox 219 767 1044 809">
     <span class='ocr_line' id='line_1_17' title="bbox 219 767 1044 809; baseline -0.001 -10"><span class='ocrx_word' id='word_1_101' title='bbox 219 769 434 809; x_wconf 81' lang='lat' dir='ltr'><strong>lybistarum,et</strong></span> <span class='ocrx_word' id='word_1_102' title='bbox 451 768 538 799; x_wconf 87' lang='lat' dir='ltr'><strong>sellas</strong></span> <span class='ocrx_word' id='word_1_103' title='bbox 553 768 743 799; x_wconf 83' lang='lat' dir='ltr'><strong>vendentium</strong></span> <span class='ocrx_word' id='word_1_104' title='bbox 758 768 910 799; x_wconf 83' lang='lat' dir='ltr'><strong>columbas</strong></span> <span class='ocrx_word' id='word_1_105' title='bbox 922 767 1044 799; x_wconf 90' lang='lat' dir='ltr'><strong>subver-</strong></span> 
     </span>
    </p>
   </div>
   <div class='ocr_carea' id='block_1_18' title="bbox 219 812 1043 853">
    <p class='ocr_par' dir='ltr' id='par_1_18' title="bbox 219 812 1043 853">
     <span class='ocr_line' id='line_1_18' title="bbox 219 812 1043 853; baseline 0.002 -11"><span class='ocrx_word' id='word_1_106' title='bbox 219 813 274 844; x_wconf 90' lang='lat' dir='ltr'><strong>tit:</strong></span> <span class='ocrx_word' id='word_1_107' title='bbox 293 817 323 843; x_wconf 77' lang='lat' dir='ltr'><strong>et</strong></span> <span class='ocrx_word' id='word_1_108' title='bbox 345 822 403 843; x_wconf 91' lang='lat' dir='ltr'><strong>non</strong></span> <span class='ocrx_word' id='word_1_109' title='bbox 420 812 554 853; x_wconf 87' lang='lat' dir='ltr'><strong>permisit</strong></span> <span class='ocrx_word' id='word_1_110' title='bbox 581 817 611 842; x_wconf 94' lang='lat' dir='ltr'><strong>ut</strong></span> <span class='ocrx_word' id='word_1_111' title='bbox 635 813 790 853; x_wconf 83' lang='lat' dir='ltr'><strong>quisquam</strong></span> <span class='ocrx_word' id='word_1_112' title='bbox 807 812 978 852; x_wconf 86' lang='lat' dir='ltr'><strong>deportaret</strong></span> <span class='ocrx_word' id='word_1_113' title='bbox 994 822 1043 844; x_wconf 85' lang='lat' dir='ltr'><strong>vas</strong></span> 
     </span>
    </p>
   </div>
   <div class='ocr_carea' id='block_1_19' title="bbox 1083 277 1904 318">
    <p class='ocr_par' dir='ltr' id='par_1_19' title="bbox 1083 277 1904 318">
     <span class='ocr_line' id='line_1_19' title="bbox 1083 277 1904 318; baseline 0.004 -13"><span class='ocrx_word' id='word_1_114' title='bbox 1083 277 1164 315; x_wconf 83' lang='grc' dir='ltr'>νόμον</span> <span class='ocrx_word' id='word_1_115' title='bbox 1200 278 1275 306; x_wconf 85' lang='grc' dir='ltr'>σκιὰν</span> <span class='ocrx_word' id='word_1_116' title='bbox 1303 278 1396 310; x_wconf 74' lang='grc' dir='ltr'>αὐτοῖς</span> <span class='ocrx_word' id='word_1_117' title='bbox 1423 277 1591 318; x_wconf 76' lang='grc' dir='ltr'>παρέχοντα,</span> <span class='ocrx_word' id='word_1_118' title='bbox 1634 280 1735 318; x_wconf 75' lang='grc' dir='ltr'>καρπὸν</span> <span class='ocrx_word' id='word_1_119' title='bbox 1763 278 1790 306; x_wconf 74' lang='grc' dir='ltr'>δὲ</span> <span class='ocrx_word' id='word_1_120' title='bbox 1818 279 1904 309; x_wconf 66' lang='grc' dir='ltr'>οὐδένα</span> 
     </span>
    </p>
   </div>
   <div class='ocr_carea' id='block_1_20' title="bbox 1083 321 1902 362">
    <p class='ocr_par' dir='ltr' id='par_1_20' title="bbox 1083 321 1902 362">
     <span class='ocr_line' id='line_1_20' title="bbox 1083 321 1902 362; baseline 0.006 -14"><span class='ocrx_word' id='word_1_121' title='bbox 1083 321 1176 361; x_wconf 77' lang='grc' dir='ltr'>εἶχον,</span> <span class='ocrx_word' id='word_1_122' title='bbox 1203 321 1342 350; x_wconf 74' lang='grc' dir='ltr'>Ἐπείνασε</span> <span class='ocrx_word' id='word_1_123' title='bbox 1363 321 1391 349; x_wconf 77' lang='grc' dir='ltr'>δὲ</span> <span class='ocrx_word' id='word_1_124' title='bbox 1419 323 1434 350; x_wconf 81' lang='grc' dir='ltr'><strong>ὁ</strong></span> <span class='ocrx_word' id='word_1_125' title='bbox 1461 321 1564 355; x_wconf 77' lang='grc' dir='ltr'>Ἰησοῦς</span> <span class='ocrx_word' id='word_1_126' title='bbox 1585 322 1634 356; x_wconf 84' lang='grc' dir='ltr'><strong>τὴν</strong></span> <span class='ocrx_word' id='word_1_127' title='bbox 1662 323 1795 362; x_wconf 79' lang='grc' dir='ltr'><strong>σωτηρίαν</strong></span> <span class='ocrx_word' id='word_1_128' title='bbox 1810 323 1902 353; x_wconf 75' lang='grc' dir='ltr'>αὐτῶν.</span> 
     </span>
    </p>
   </div>
   <div class='ocr_carea' id='block_1_21' title="bbox 1083 364 1904 407">
    <p class='ocr_par' dir='ltr' id='par_1_21' title="bbox 1083 364 1904 407">
     <span class='ocr_line' id='line_1_21' title="bbox 1083 364 1904 407; baseline 0.004 -13"><span class='ocrx_word' id='word_1_129' title='bbox 1083 364 1166 402; x_wconf 81' lang='grc' dir='ltr'>Ἐμὸν</span> <span class='ocrx_word' id='word_1_130' title='bbox 1181 366 1243 406; x_wconf 79' lang='grc' dir='ltr'>γὰρ,</span> <span class='ocrx_word' id='word_1_131' title='bbox 1266 367 1343 407; x_wconf 74' lang='grc' dir='ltr'>φησὶ,</span> <span class='ocrx_word' id='word_1_132' title='bbox 1373 366 1468 406; x_wconf 73' lang='grc' dir='ltr'>βρῶμά</span> <span class='ocrx_word' id='word_1_133' title='bbox 1498 367 1582 407; x_wconf 77' lang='grc' dir='ltr'>ἐστιν,</span> <span class='ocrx_word' id='word_1_134' title='bbox 1604 367 1651 395; x_wconf 70' lang='grc' dir='ltr'>’ίνα</span> <span class='ocrx_word' id='word_1_135' title='bbox 1679 371 1749 396; x_wconf 81' lang='grc' dir='ltr'>ποιῶ</span> <span class='ocrx_word' id='word_1_136' title='bbox 1764 368 1794 396; x_wconf 67' lang='grc' dir='ltr'>τὶ</span> <span class='ocrx_word' id='word_1_137' title='bbox 1807 367 1904 407; x_wconf 77' lang='grc' dir='ltr'>θέλημα</span> 
     </span>
    </p>
   </div>
   <div class='ocr_carea' id='block_1_22' title="bbox 1084 410 1904 453">
    <p class='ocr_par' dir='ltr' id='par_1_22' title="bbox 1084 410 1904 453">
     <span class='ocr_line' id='line_1_22' title="bbox 1084 410 1904 453; baseline 0.004 -15"><span class='ocrx_word' id='word_1_138' title='bbox 1084 413 1131 438; x_wconf 77' lang='grc' dir='ltr'>τοῦ</span> <span class='ocrx_word' id='word_1_139' title='bbox 1160 410 1262 450; x_wconf 82' lang='grc' dir='ltr'>Πατρός</span> <span class='ocrx_word' id='word_1_140' title='bbox 1290 422 1352 449; x_wconf 87' lang='grc' dir='ltr'>μου.</span> <span class='ocrx_word' id='word_1_141' title='bbox 1379 410 1492 449; x_wconf 73' lang='grc' dir='ltr'>Θέλημι</span> <span class='ocrx_word' id='word_1_142' title='bbox 1518 410 1545 439; x_wconf 81' lang='grc' dir='ltr'>δὲ</span> <span class='ocrx_word' id='word_1_143' title='bbox 1586 415 1653 440; x_wconf 76' lang='grc' dir='ltr'><strong>Θεοῦ</strong></span> <span class='ocrx_word' id='word_1_144' title='bbox 1681 412 1711 440; x_wconf 77' lang='grc' dir='ltr'><strong>τὸ</strong></span> <span class='ocrx_word' id='word_1_145' title='bbox 1745 412 1904 453; x_wconf 57' lang='grc' dir='ltr'>ἐπιστρέφειν</span> 
     </span>
    </p>
   </div>
   <div class='ocr_carea' id='block_1_23' title="bbox 1085 455 1903 497">
    <p class='ocr_par' dir='ltr' id='par_1_23' title="bbox 1085 455 1903 497">
     <span class='ocr_line' id='line_1_23' title="bbox 1085 455 1903 497; baseline 0.002 -14"><span class='ocrx_word' id='word_1_146' title='bbox 1085 457 1145 486; x_wconf 81' lang='grc' dir='ltr'>τοὺς</span> <span class='ocrx_word' id='word_1_147' title='bbox 1173 455 1384 495; x_wconf 75' lang='grc' dir='ltr'>ἁμαρτάνοντας.</span> <span class='ocrx_word' id='word_1_148' title='bbox 1409 456 1484 484; x_wconf 80' lang='grc' dir='ltr'>Ἐπεὶ</span> <span class='ocrx_word' id='word_1_149' title='bbox 1499 456 1585 484; x_wconf 79' lang='grc' dir='ltr'><strong>τοίνυν</strong></span> <span class='ocrx_word' id='word_1_150' title='bbox 1602 457 1650 485; x_wconf 72' lang='grc' dir='ltr'>οὒκ</span> <span class='ocrx_word' id='word_1_151' title='bbox 1678 457 1743 497; x_wconf 66' lang='grc' dir='ltr'><strong>εἶχε</strong></span> <span class='ocrx_word' id='word_1_152' title='bbox 1768 458 1867 497; x_wconf 69' lang='grc' dir='ltr'>καρπον</span> <span class='ocrx_word' id='word_1_153' title='bbox 1888 459 1903 492; x_wconf 79' lang='grc' dir='ltr'>ἡ</span> 
     </span>
    </p>
   </div>
   <div class='ocr_carea' id='block_1_24' title="bbox 1085 499 1905 541">
    <p class='ocr_par' dir='ltr' id='par_1_24' title="bbox 1085 499 1905 541">
     <span class='ocr_line' id='line_1_24' title="bbox 1085 499 1905 541; baseline 0.004 -14"><span class='ocrx_word' id='word_1_154' title='bbox 1085 500 1237 539; x_wconf 71' lang='grc' dir='ltr'>συναγωγὴ,</span> <span class='ocrx_word' id='word_1_155' title='bbox 1259 499 1397 540; x_wconf 67' lang='grc' dir='ltr'>κατηράθη</span> <span class='ocrx_word' id='word_1_156' title='bbox 1431 501 1474 529; x_wconf 75' lang='grc' dir='ltr'><strong>καὶ</strong></span> <span class='ocrx_word' id='word_1_157' title='bbox 1503 499 1643 538; x_wconf 64' lang='grc' dir='ltr'>ἐξηράνθη,</span> <span class='ocrx_word' id='word_1_158' title='bbox 1674 503 1744 540; x_wconf 71' lang='grc' dir='ltr'>μήτι</span> <span class='ocrx_word' id='word_1_159' title='bbox 1771 502 1905 541; x_wconf 72' lang='grc' dir='ltr'>προφήτην</span> 
     </span>
    </p>
   </div>
   <div class='ocr_carea' id='block_1_25' title="bbox 1085 543 1452 585">
    <p class='ocr_par' dir='ltr' id='par_1_25' title="bbox 1085 543 1452 585">
     <span class='ocr_line' id='line_1_25' title="bbox 1085 543 1452 585; baseline 0.003 -13"><span class='ocrx_word' id='word_1_160' title='bbox 1085 545 1153 582; x_wconf 79' lang='grc' dir='ltr'>μήτε</span> <span class='ocrx_word' id='word_1_161' title='bbox 1169 543 1325 573; x_wconf 83' lang='grc' dir='ltr'>διδάσκαλον</span> <span class='ocrx_word' id='word_1_162' title='bbox 1339 544 1439 585; x_wconf 63' lang='grc' dir='ltr'>ἔχουσα</span> <span class='ocrx_word' id='word_1_163' title='bbox 1445 569 1452 576; x_wconf 89' lang='grc'>.</span> 
     </span>
    </p>
   </div>
   <div class='ocr_carea' id='block_1_26' title="bbox 1128 629 1905 675">
    <p class='ocr_par' dir='ltr' id='par_1_26' title="bbox 1128 629 1905 675">
     <span class='ocr_line' id='line_1_26' title="bbox 1128 629 1905 675; baseline 0.004 -14"><span class='ocrx_word' id='word_1_164' title='bbox 1128 645 1142 661; x_wconf 70' lang='grc' dir='ltr'><strong>α</strong></span> <span class='ocrx_word' id='word_1_165' title='bbox 1173 633 1221 663; x_wconf 82' lang='grc' dir='ltr'>Καὶ</span> <span class='ocrx_word' id='word_1_166' title='bbox 1250 633 1374 674; x_wconf 71' lang='grc' dir='ltr'>ἔρχονται</span> <span class='ocrx_word' id='word_1_167' title='bbox 1404 635 1440 666; x_wconf 80' lang='grc' dir='ltr'>εἰς</span> <span class='ocrx_word' id='word_1_168' title='bbox 1470 629 1653 675; x_wconf 72' lang='grc' dir='ltr'>Ἰεροσόλυμα.</span> <span class='ocrx_word' id='word_1_169' title='bbox 1676 635 1727 664; x_wconf 73' lang='grc' dir='ltr'>Καὶ</span> <span class='ocrx_word' id='word_1_170' title='bbox 1747 633 1867 664; x_wconf 75' lang='grc' dir='ltr'>εἰσελθὼν</span> <span class='ocrx_word' id='word_1_171' title='bbox 1892 638 1905 665; x_wconf 86' lang='grc' dir='ltr'><strong>ὁ</strong></span> 
     </span>
    </p>
   </div>
   <div class='ocr_carea' id='block_1_27' title="bbox 1083 677 1904 719">
    <p class='ocr_par' dir='ltr' id='par_1_27' title="bbox 1083 677 1904 719">
     <span class='ocr_line' id='line_1_27' title="bbox 1083 677 1904 719; baseline 0.004 -13"><span class='ocrx_word' id='word_1_172' title='bbox 1083 677 1188 711; x_wconf 79' lang='grc' dir='ltr'>Ἰησοῦς</span> <span class='ocrx_word' id='word_1_173' title='bbox 1216 679 1252 711; x_wconf 76' lang='grc' dir='ltr'><strong>εἰς</strong></span> <span class='ocrx_word' id='word_1_174' title='bbox 1291 679 1322 707; x_wconf 79' lang='grc' dir='ltr'><strong>τὸ</strong></span> <span class='ocrx_word' id='word_1_175' title='bbox 1350 679 1432 719; x_wconf 76' lang='grc' dir='ltr'>ἱερὸν,</span> <span class='ocrx_word' id='word_1_176' title='bbox 1463 678 1559 719; x_wconf 77' lang='grc' dir='ltr'>ἤρξατο</span> <span class='ocrx_word' id='word_1_177' title='bbox 1588 679 1729 708; x_wconf 67' lang='grc' dir='ltr'>ἐκϐάλλειν</span> <span class='ocrx_word' id='word_1_178' title='bbox 1765 681 1824 712; x_wconf 84' lang='grc' dir='ltr'>τοὺς</span> <span class='ocrx_word' id='word_1_179' title='bbox 1850 692 1904 709; x_wconf 86' lang='grc' dir='ltr'><strong>πω-</strong></span> 
     </span>
    </p>
   </div>
   <div class='ocr_carea' id='block_1_28' title="bbox 1083 721 1904 765">
    <p class='ocr_par' dir='ltr' id='par_1_28' title="bbox 1083 721 1904 765">
     <span class='ocr_line' id='line_1_28' title="bbox 1083 721 1904 765; baseline 0.005 -15"><span class='ocrx_word' id='word_1_180' title='bbox 1083 721 1193 753; x_wconf 78' lang='grc' dir='ltr'>λοῦντας</span> <span class='ocrx_word' id='word_1_181' title='bbox 1222 724 1267 751; x_wconf 79' lang='grc' dir='ltr'><strong>καὶ</strong></span> <span class='ocrx_word' id='word_1_182' title='bbox 1281 723 1459 762; x_wconf 71' lang='grc' dir='ltr'>ἀγοράζοντας</span> <span class='ocrx_word' id='word_1_183' title='bbox 1484 724 1511 752; x_wconf 68' lang='grc' dir='ltr'>ἒν</span> <span class='ocrx_word' id='word_1_184' title='bbox 1539 727 1578 762; x_wconf 83' lang='grc' dir='ltr'><strong>τῷ</strong></span> <span class='ocrx_word' id='word_1_185' title='bbox 1599 725 1674 764; x_wconf 74' lang='grc' dir='ltr'>ἱερῷ.</span> <span class='ocrx_word' id='word_1_186' title='bbox 1707 725 1758 754; x_wconf 75' lang='grc' dir='ltr'><strong>Καὶ</strong></span> <span class='ocrx_word' id='word_1_187' title='bbox 1779 725 1825 757; x_wconf 77' lang='grc' dir='ltr'><strong>τὰς</strong></span> <span class='ocrx_word' id='word_1_188' title='bbox 1845 737 1904 765; x_wconf 87' lang='grc' dir='ltr'>τρα-</span> 
     </span>
    </p>
   </div>
   <div class='ocr_carea' id='block_1_29' title="bbox 1084 767 1905 809">
    <p class='ocr_par' dir='ltr' id='par_1_29' title="bbox 1084 767 1905 809">
     <span class='ocr_line' id='line_1_29' title="bbox 1084 767 1905 809; baseline 0.004 -14"><span class='ocrx_word' id='word_1_189' title='bbox 1084 767 1164 802; x_wconf 76' lang='grc' dir='ltr'>πέζας</span> <span class='ocrx_word' id='word_1_190' title='bbox 1186 771 1240 796; x_wconf 81' lang='grc' dir='ltr'><strong>τῶν</strong></span> <span class='ocrx_word' id='word_1_191' title='bbox 1268 767 1448 796; x_wconf 80' lang='grc' dir='ltr'>κολλυϐιστῶν</span> <span class='ocrx_word' id='word_1_192' title='bbox 1472 770 1516 797; x_wconf 89' lang='grc' dir='ltr'><strong>καὶ</strong></span> <span class='ocrx_word' id='word_1_193' title='bbox 1543 770 1590 801; x_wconf 80' lang='grc' dir='ltr'><strong>τὰς</strong></span> <span class='ocrx_word' id='word_1_194' title='bbox 1626 768 1752 809; x_wconf 72' lang='grc' dir='ltr'>καθέδρας</span> <span class='ocrx_word' id='word_1_195' title='bbox 1782 770 1833 798; x_wconf 77' lang='grc' dir='ltr'><strong>τῶν</strong></span> <span class='ocrx_word' id='word_1_196' title='bbox 1852 781 1905 798; x_wconf 81' lang='grc' dir='ltr'><strong>πω-</strong></span> 
     </span>
    </p>
   </div>
   <div class='ocr_carea' id='block_1_30' title="bbox 1084 810 1905 854">
    <p class='ocr_par' dir='ltr' id='par_1_30' title="bbox 1084 810 1905 854">
     <span class='ocr_line' id='line_1_30' title="bbox 1084 810 1905 854; baseline 0.004 -14"><span class='ocrx_word' id='word_1_197' title='bbox 1084 810 1200 840; x_wconf 80' lang='grc' dir='ltr'>λούντων</span> <span class='ocrx_word' id='word_1_198' title='bbox 1251 812 1298 844; x_wconf 82' lang='grc' dir='ltr'><strong>τὰς</strong></span> <span class='ocrx_word' id='word_1_199' title='bbox 1350 814 1506 852; x_wconf 75' lang='grc' dir='ltr'>περιστερὰς</span> <span class='ocrx_word' id='word_1_200' title='bbox 1556 814 1733 854; x_wconf 76' lang='grc' dir='ltr'>κατέστρεψε.</span> <span class='ocrx_word' id='word_1_201' title='bbox 1779 815 1827 843; x_wconf 74' lang='grc' dir='ltr'>Καὶ</span> <span class='ocrx_word' id='word_1_202' title='bbox 1865 817 1905 844; x_wconf 68' lang='grc' dir='ltr'><strong>οὒκ</strong></span> 
     </span>
    </p>
   </div>
   <div class='ocr_carea' id='block_1_31' title="bbox 221 855 1041 900">
    <p class='ocr_par' dir='ltr' id='par_1_31' title="bbox 221 856 1041 898">
     <span class='ocr_line' id='line_1_31' title="bbox 221 856 1041 898; baseline -0.001 -10"><span class='ocrx_word' id='word_1_203' title='bbox 221 867 274 898; x_wconf 89' lang='lat' dir='ltr'><strong>per</strong></span> <span class='ocrx_word' id='word_1_204' title='bbox 290 857 431 897; x_wconf 88' lang='lat' dir='ltr'><strong>templum</strong></span> <span class='ocrx_word' id='word_1_205' title='bbox 447 868 454 886; x_wconf 86' lang='lat'><strong>:</strong></span> <span class='ocrx_word' id='word_1_206' title='bbox 473 861 501 888; x_wconf 90' lang='lat' dir='ltr'><strong>et</strong></span> <span class='ocrx_word' id='word_1_207' title='bbox 512 857 635 888; x_wconf 87' lang='lat' dir='ltr'><strong>docebat</strong></span> <span class='ocrx_word' id='word_1_208' title='bbox 652 857 756 888; x_wconf 87' lang='lat' dir='ltr'><strong>dicens</strong></span> <span class='ocrx_word' id='word_1_209' title='bbox 769 857 839 888; x_wconf 89' lang='lat' dir='ltr'><strong>illis:</strong></span> <span class='ocrx_word' id='word_1_210' title='bbox 852 856 957 888; x_wconf 85' lang='lat' dir='ltr'><strong>Nonne</strong></span> <span class='ocrx_word' id='word_1_211' title='bbox 965 857 1041 888; x_wconf 90' lang='lat' dir='ltr'><strong>scri-</strong></span> 
     </span>
    </p>
   </div>
   <div class='ocr_carea' id='block_1_32' title="bbox 1125 855 1904 900">
    <p class='ocr_par' dir='ltr' id='par_1_32' title="bbox 1125 856 1904 898">
     <span class='ocr_line' id='line_1_32' title="bbox 1125 856 1904 898; baseline 0.003 -14"><span class='ocrx_word' id='word_1_212' title='bbox 1125 867 1161 884; x_wconf 85' lang='grc' dir='ltr'><strong>ιεν</strong></span> <span class='ocrx_word' id='word_1_213' title='bbox 1194 856 1241 885; x_wconf 83' lang='grc' dir='ltr'>’ίνα</span> <span class='ocrx_word' id='word_1_214' title='bbox 1271 868 1312 889; x_wconf 89' lang='grc' dir='ltr'><strong>τις</strong></span> <span class='ocrx_word' id='word_1_215' title='bbox 1338 856 1459 897; x_wconf 78' lang='grc' dir='ltr'><strong>διενέγκῃ</strong></span> <span class='ocrx_word' id='word_1_216' title='bbox 1488 861 1581 891; x_wconf 83' lang='grc' dir='ltr'>σκεῦος</span> <span class='ocrx_word' id='word_1_217' title='bbox 1605 857 1648 886; x_wconf 82' lang='grc' dir='ltr'><strong>διὰ</strong></span> <span class='ocrx_word' id='word_1_218' title='bbox 1675 862 1722 887; x_wconf 76' lang='grc' dir='ltr'>τοῦ</span> <span class='ocrx_word' id='word_1_219' title='bbox 1747 859 1828 898; x_wconf 76' lang='grc' dir='ltr'><strong>ἱεροῦ.</strong></span> <span class='ocrx_word' id='word_1_220' title='bbox 1862 860 1904 888; x_wconf 74' lang='grc' dir='ltr'><strong>Καὶ</strong></span> 
     </span>
    </p>
   </div>
   <div class='ocr_carea' id='block_1_33' title="bbox 221 899 1041 942">
    <p class='ocr_par' dir='ltr' id='par_1_33' title="bbox 221 901 1041 942">
     <span class='ocr_line' id='line_1_33' title="bbox 221 901 1041 942; baseline 0 -10"><span class='ocrx_word' id='word_1_221' title='bbox 221 907 300 942; x_wconf 87' lang='lat' dir='ltr'><strong>ptum</strong></span> <span class='ocrx_word' id='word_1_222' title='bbox 318 907 374 942; x_wconf 86' lang='lat' dir='ltr'><strong>est,</strong></span> <span class='ocrx_word' id='word_1_223' title='bbox 387 902 498 932; x_wconf 91' lang='lat' dir='ltr'><strong>Domus</strong></span> <span class='ocrx_word' id='word_1_224' title='bbox 515 911 581 932; x_wconf 87' lang='lat' dir='ltr'><strong>mea</strong></span> <span class='ocrx_word' id='word_1_225' title='bbox 594 902 700 932; x_wconf 89' lang='lat' dir='ltr'><strong>domus</strong></span> <span class='ocrx_word' id='word_1_226' title='bbox 726 902 905 942; x_wconf 70' lang='lat' dir='ltr'><strong>precationis</strong></span> <span class='ocrx_word' id='word_1_227' title='bbox 920 901 1041 932; x_wconf 82' lang='lat' dir='ltr'><strong>vocabi-</strong></span> 
     </span>
    </p>
   </div>
   <div class='ocr_carea' id='block_1_34' title="bbox 1125 899 1904 942">
    <p class='ocr_par' dir='ltr' id='par_1_34' title="bbox 1125 899 1904 942">
     <span class='ocr_line' id='line_1_34' title="bbox 1125 899 1904 942; baseline 0.005 -14"><span class='ocrx_word' id='word_1_228' title='bbox 1125 900 1212 941; x_wconf 77' lang='grc' dir='ltr'>δασκε,</span> <span class='ocrx_word' id='word_1_229' title='bbox 1231 901 1316 941; x_wconf 79' lang='grc' dir='ltr'>λέγων</span> <span class='ocrx_word' id='word_1_230' title='bbox 1344 904 1435 934; x_wconf 71' lang='grc' dir='ltr'>αὐτοῖς</span> <span class='ocrx_word' id='word_1_231' title='bbox 1454 911 1461 919; x_wconf 80' lang='grc'><strong><em>⁸</em></strong></span> <span class='ocrx_word' id='word_1_232' title='bbox 1491 905 1528 932; x_wconf 85' lang='grc' dir='ltr'><strong>Οὒ</strong></span> <span class='ocrx_word' id='word_1_233' title='bbox 1549 903 1697 942; x_wconf 72' lang='grc' dir='ltr'>γέγραπται</span> <span class='ocrx_word' id='word_1_234' title='bbox 1714 903 1769 939; x_wconf 79' lang='grc' dir='ltr'>ὅτι,</span> <span class='ocrx_word' id='word_1_235' title='bbox 1787 899 1815 932; x_wconf 76' lang='grc'><strong>’0</strong></span> <span class='ocrx_word' id='word_1_236' title='bbox 1836 903 1904 939; x_wconf 79' lang='grc' dir='ltr'>οἶκός</span> 
     </span>
    </p>
   </div>
   <div class='ocr_carea' id='block_1_35' title="bbox 220 945 1041 988">
    <p class='ocr_par' dir='ltr' id='par_1_35' title="bbox 220 946 1041 986">
     <span class='ocr_line' id='line_1_35' title="bbox 220 946 1041 986; baseline -0.001 -9"><span class='ocrx_word' id='word_1_237' title='bbox 220 951 268 977; x_wconf 90' lang='lat' dir='ltr'><strong>tur</strong></span> <span class='ocrx_word' id='word_1_238' title='bbox 281 946 421 977; x_wconf 87' lang='lat' dir='ltr'><strong>omnibus</strong></span> <span class='ocrx_word' id='word_1_239' title='bbox 436 946 648 985; x_wconf 85' lang='lat' dir='ltr'><strong>gentibus?Vos</strong></span> <span class='ocrx_word' id='word_1_240' title='bbox 659 955 757 977; x_wconf 83' lang='lat' dir='ltr'><strong>au&#39;em</strong></span> <span class='ocrx_word' id='word_1_241' title='bbox 774 946 885 977; x_wconf 83' lang='lat' dir='ltr'><strong>fecistis</strong></span> <span class='ocrx_word' id='word_1_242' title='bbox 896 956 959 977; x_wconf 89' lang='lat' dir='ltr'><strong>eam</strong></span> <span class='ocrx_word' id='word_1_243' title='bbox 971 956 1041 986; x_wconf 88' lang='lat' dir='ltr'><strong>spe-</strong></span> 
     </span>
    </p>
   </div>
   <div class='ocr_carea' id='block_1_36' title="bbox 1125 945 1902 988">
    <p class='ocr_par' dir='ltr' id='par_1_36' title="bbox 1125 945 1902 988">
     <span class='ocr_line' id='line_1_36' title="bbox 1125 945 1902 988; baseline 0.003 -15"><span class='ocrx_word' id='word_1_244' title='bbox 1125 957 1135 973; x_wconf 75' lang='lat' dir='ltr'><strong>J</strong></span> <span class='ocrx_word' id='word_1_245' title='bbox 1166 945 1243 978; x_wconf 81' lang='grc' dir='ltr'>οἶκος</span> <span class='ocrx_word' id='word_1_246' title='bbox 1271 947 1426 986; x_wconf 78' lang='grc' dir='ltr'><strong>προσευχῆς</strong></span> <span class='ocrx_word' id='word_1_247' title='bbox 1449 945 1612 982; x_wconf 78' lang='grc' dir='ltr'>κληθήσεται</span> <span class='ocrx_word' id='word_1_248' title='bbox 1633 950 1698 974; x_wconf 81' lang='grc' dir='ltr'>πᾶσι</span> <span class='ocrx_word' id='word_1_249' title='bbox 1720 954 1781 978; x_wconf 74' lang='grc' dir='ltr'>τοῖς</span> <span class='ocrx_word' id='word_1_250' title='bbox 1795 947 1902 988; x_wconf 53' lang='lat' dir='ltr'><strong>“venit;</strong></span> 
     </span>
    </p>
   </div>
   <div class='ocr_carea' id='block_1_37' title="bbox 219 986 1041 1030">
    <p class='ocr_par' dir='ltr' id='par_1_37' title="bbox 219 990 1041 1030">
     <span class='ocr_line' id='line_1_37' title="bbox 219 990 1041 1030; baseline -0.002 -8"><span class='ocrx_word' id='word_1_251' title='bbox 219 991 337 1022; x_wconf 89' lang='lat' dir='ltr'><strong>luncam</strong></span> <span class='ocrx_word' id='word_1_252' title='bbox 354 991 512 1022; x_wconf 77' lang='lat' dir='ltr'><strong>latronum.</strong></span> <span class='ocrx_word' id='word_1_253' title='bbox 530 992 566 1021; x_wconf 82' lang='lat' dir='ltr'><strong>Et</strong></span> <span class='ocrx_word' id='word_1_254' title='bbox 580 991 740 1021; x_wconf 88' lang='lat' dir='ltr'><strong>audierunt</strong></span> <span class='ocrx_word' id='word_1_255' title='bbox 751 990 863 1021; x_wconf 70' lang='lat' dir='ltr'><strong>Scriba:</strong></span> <span class='ocrx_word' id='word_1_256' title='bbox 879 991 1041 1030; x_wconf 83' lang='lat' dir='ltr'><strong>principes-</strong></span> 
     </span>
    </p>
   </div>
   <div class='ocr_carea' id='block_1_38' title="bbox 1125 986 1904 1030">
    <p class='ocr_par' dir='ltr' id='par_1_38' title="bbox 1125 986 1904 1030">
     <span class='ocr_line' id='line_1_38' title="bbox 1125 986 1904 1030; baseline 0 -12"><span class='ocrx_word' id='word_1_257' title='bbox 1125 996 1177 1022; x_wconf 79' lang='grc' dir='ltr'>ιεῐς</span> <span class='ocrx_word' id='word_1_258' title='bbox 1203 989 1230 1018; x_wconf 78' lang='grc' dir='ltr'>δὲ</span> <span class='ocrx_word' id='word_1_259' title='bbox 1255 991 1399 1026; x_wconf 62' lang='grc' dir='ltr'>Βποιήσατε</span> <span class='ocrx_word' id='word_1_260' title='bbox 1425 990 1503 1019; x_wconf 71' lang='grc' dir='ltr'>αὐτὸν</span> <span class='ocrx_word' id='word_1_261' title='bbox 1539 990 1671 1026; x_wconf 76' lang='grc' dir='ltr'>σπήλαιον</span> <span class='ocrx_word' id='word_1_262' title='bbox 1708 990 1827 1030; x_wconf 77' lang='grc' dir='ltr'>λῃστῶν,</span> <span class='ocrx_word' id='word_1_263' title='bbox 1862 986 1904 1020; x_wconf 77' lang='grc' dir='ltr'><strong>Κιῖ</strong></span> 
     </span>
    </p>
   </div>
   <div class='ocr_carea' id='block_1_39' title="bbox 219 1034 1041 1076">
    <p class='ocr_par' dir='ltr' id='par_1_39' title="bbox 219 1034 1041 1076">
     <span class='ocr_line' id='line_1_39' title="bbox 219 1034 1041 1076; baseline 0 -10"><span class='ocrx_word' id='word_1_264' title='bbox 219 1045 276 1076; x_wconf 87' lang='lat' dir='ltr'><strong>que</strong></span> <span class='ocrx_word' id='word_1_265' title='bbox 292 1035 491 1075; x_wconf 84' lang='lat' dir='ltr'><strong>sacerdotum,</strong></span> <span class='ocrx_word' id='word_1_266' title='bbox 504 1041 533 1066; x_wconf 90' lang='lat' dir='ltr'><strong>et</strong></span> <span class='ocrx_word' id='word_1_267' title='bbox 549 1034 720 1076; x_wconf 71' lang='lat' dir='ltr'><strong>quaerebant</strong></span> <span class='ocrx_word' id='word_1_268' title='bbox 736 1035 885 1076; x_wconf 86' lang='lat' dir='ltr'><strong>quomodo</strong></span> <span class='ocrx_word' id='word_1_269' title='bbox 901 1035 985 1066; x_wconf 89' lang='lat' dir='ltr'><strong>illum</strong></span> <span class='ocrx_word' id='word_1_270' title='bbox 998 1044 1041 1066; x_wconf 85' lang='lat' dir='ltr'><strong>es-</strong></span> 
     </span>
    </p>
   </div>
   <div class='ocr_carea' id='block_1_40' title="bbox 1125 1034 1904 1076">
    <p class='ocr_par' dir='ltr' id='par_1_40' title="bbox 1125 1036 1904 1076">
     <span class='ocr_line' id='line_1_40' title="bbox 1125 1036 1904 1076; baseline 0.001 -13"><span class='ocrx_word' id='word_1_271' title='bbox 1125 1045 1200 1063; x_wconf 62' lang='grc' dir='ltr'>ουσαν</span> <span class='ocrx_word' id='word_1_272' title='bbox 1234 1036 1258 1063; x_wconf 76' lang='grc' dir='ltr'>οἱ</span> <span class='ocrx_word' id='word_1_273' title='bbox 1294 1038 1466 1073; x_wconf 70' lang='grc' dir='ltr'>Γραμματετς</span> <span class='ocrx_word' id='word_1_274' title='bbox 1494 1036 1538 1064; x_wconf 88' lang='grc' dir='ltr'><strong>καὶ</strong></span> <span class='ocrx_word' id='word_1_275' title='bbox 1565 1036 1589 1063; x_wconf 77' lang='grc' dir='ltr'>οἱ</span> <span class='ocrx_word' id='word_1_276' title='bbox 1619 1036 1771 1076; x_wconf 73' lang='grc' dir='ltr'><strong>ἀρχιερεῖς,</strong></span> <span class='ocrx_word' id='word_1_277' title='bbox 1794 1037 1836 1064; x_wconf 74' lang='grc' dir='ltr'><strong>καὶ</strong></span> <span class='ocrx_word' id='word_1_278' title='bbox 1851 1036 1904 1071; x_wconf 70' lang='grc' dir='ltr'><strong>ἱζή-</strong></span> 
     </span>
    </p>
   </div>
   <div class='ocr_carea' id='block_1_41' title="bbox 217 1079 1041 1120">
    <p class='ocr_par' dir='ltr' id='par_1_41' title="bbox 217 1079 1041 1120">
     <span class='ocr_line' id='line_1_41' title="bbox 217 1079 1041 1120; baseline -0.002 -8"><span class='ocrx_word' id='word_1_279' title='bbox 217 1085 284 1112; x_wconf 85' lang='lat' dir='ltr'><strong>sent</strong></span> <span class='ocrx_word' id='word_1_280' title='bbox 313 1079 470 1120; x_wconf 80' lang='lat' dir='ltr'><strong>perdituri.</strong></span> <span class='ocrx_word' id='word_1_281' title='bbox 496 1079 653 1110; x_wconf 89' lang='lat' dir='ltr'><strong>Timebant</strong></span> <span class='ocrx_word' id='word_1_282' title='bbox 677 1080 757 1111; x_wconf 94' lang='lat' dir='ltr'><strong>enim</strong></span> <span class='ocrx_word' id='word_1_283' title='bbox 786 1089 866 1116; x_wconf 85' lang='lat' dir='ltr'><strong>eum,</strong></span> <span class='ocrx_word' id='word_1_284' title='bbox 884 1079 962 1120; x_wconf 90' lang='lat' dir='ltr'><strong>quod</strong></span> <span class='ocrx_word' id='word_1_285' title='bbox 986 1084 1041 1110; x_wconf 84' lang='lat' dir='ltr'><strong>tota</strong></span> 
     </span>
    </p>
   </div>
   <div class='ocr_carea' id='block_1_42' title="bbox 1125 1079 1903 1120">
    <p class='ocr_par' dir='ltr' id='par_1_42' title="bbox 1125 1079 1903 1120">
     <span class='ocr_line' id='line_1_42' title="bbox 1125 1079 1903 1120; baseline 0.003 -13"><span class='ocrx_word' id='word_1_286' title='bbox 1125 1090 1146 1107; x_wconf 79' lang='grc' dir='ltr'>ιν</span> <span class='ocrx_word' id='word_1_287' title='bbox 1174 1082 1230 1111; x_wconf 74' lang='grc' dir='ltr'>πῶς</span> <span class='ocrx_word' id='word_1_288' title='bbox 1275 1080 1352 1108; x_wconf 65' lang='grc' dir='ltr'>αὐτὸν</span> <span class='ocrx_word' id='word_1_289' title='bbox 1383 1079 1560 1110; x_wconf 80' lang='grc' dir='ltr'>ἀπολέσωσιν.</span> <span class='ocrx_word' id='word_1_290' title='bbox 1599 1079 1764 1120; x_wconf 70' lang='grc' dir='ltr'>Ἐγοϐοῦντο</span> <span class='ocrx_word' id='word_1_291' title='bbox 1784 1081 1834 1120; x_wconf 71' lang='grc' dir='ltr'><strong>γὰρ</strong></span> <span class='ocrx_word' id='word_1_292' title='bbox 1859 1082 1903 1109; x_wconf 71' lang='grc' dir='ltr'><strong>αὒ-</strong></span> 
     </span>
    </p>
   </div>
   <div class='ocr_carea' id='block_1_43' title="bbox 219 1123 1041 1164">
    <p class='ocr_par' dir='ltr' id='par_1_43' title="bbox 219 1124 1041 1164">
     <span class='ocr_line' id='line_1_43' title="bbox 219 1124 1041 1164; baseline -0.001 -8"><span class='ocrx_word' id='word_1_293' title='bbox 219 1125 305 1156; x_wconf 86' lang='lat' dir='ltr'><strong>turba</strong></span> <span class='ocrx_word' id='word_1_294' title='bbox 318 1124 522 1155; x_wconf 77' lang='lat' dir='ltr'><strong>admirabatur</strong></span> <span class='ocrx_word' id='word_1_295' title='bbox 538 1124 703 1155; x_wconf 88' lang='lat' dir='ltr'><strong>doctrinam</strong></span> <span class='ocrx_word' id='word_1_296' title='bbox 719 1124 828 1155; x_wconf 76' lang='lat' dir='ltr'><strong>illius.»</strong></span> <span class='ocrx_word' id='word_1_297' title='bbox 846 1124 930 1160; x_wconf 87' lang='lat' dir='ltr'><strong>Quod</strong></span> <span class='ocrx_word' id='word_1_298' title='bbox 942 1124 1041 1164; x_wconf 84' lang='lat' dir='ltr'><strong>ejece-</strong></span> 
     </span>
    </p>
   </div>
   <div class='ocr_carea' id='block_1_44' title="bbox 1125 1123 1904 1164">
    <p class='ocr_par' dir='ltr' id='par_1_44' title="bbox 1125 1123 1904 1164">
     <span class='ocr_line' id='line_1_44' title="bbox 1125 1123 1904 1164; baseline 0 -12"><span class='ocrx_word' id='word_1_299' title='bbox 1125 1134 1144 1164; x_wconf 74' lang='grc' dir='ltr'><strong>ι,</strong></span> <span class='ocrx_word' id='word_1_300' title='bbox 1173 1123 1214 1152; x_wconf 78' lang='grc' dir='ltr'><strong>ὅτι</strong></span> <span class='ocrx_word' id='word_1_301' title='bbox 1236 1127 1288 1156; x_wconf 80' lang='grc' dir='ltr'>πᾶς</span> <span class='ocrx_word' id='word_1_302' title='bbox 1317 1125 1330 1152; x_wconf 86' lang='grc' dir='ltr'><strong>δ</strong></span> <span class='ocrx_word' id='word_1_303' title='bbox 1359 1123 1443 1164; x_wconf 71' lang='grc' dir='ltr'>ὄχλος</span> <span class='ocrx_word' id='word_1_304' title='bbox 1473 1124 1651 1160; x_wconf 67' lang='grc' dir='ltr'><strong>ἐξεπλήσσετο</strong></span> <span class='ocrx_word' id='word_1_305' title='bbox 1685 1125 1730 1154; x_wconf 75' lang='grc' dir='ltr'>ἐπὶ</span> <span class='ocrx_word' id='word_1_306' title='bbox 1755 1128 1789 1164; x_wconf 77' lang='grc' dir='ltr'><strong>τῇ</strong></span> <span class='ocrx_word' id='word_1_307' title='bbox 1814 1124 1904 1164; x_wconf 69' lang='grc' dir='ltr'>διδαχῇ</span> 
     </span>
    </p>
   </div>
   <div class='ocr_carea' id='block_1_45' title="bbox 216 1167 1041 1209">
    <p class='ocr_par' dir='ltr' id='par_1_45' title="bbox 216 1168 1041 1208">
     <span class='ocr_line' id='line_1_45' title="bbox 216 1168 1041 1208; baseline -0.002 -6"><span class='ocrx_word' id='word_1_308' title='bbox 216 1171 255 1202; x_wconf 88' lang='lat' dir='ltr'><strong>rit</strong></span> <span class='ocrx_word' id='word_1_309' title='bbox 270 1170 443 1208; x_wconf 78' lang='lat' dir='ltr'><strong>vendentes,</strong></span> <span class='ocrx_word' id='word_1_310' title='bbox 461 1169 549 1200; x_wconf 88' lang='lat' dir='ltr'><strong>etiam</strong></span> <span class='ocrx_word' id='word_1_311' title='bbox 561 1171 692 1200; x_wconf 83' lang='lat' dir='ltr'><strong>Joannes</strong></span> <span class='ocrx_word' id='word_1_312' title='bbox 706 1173 806 1200; x_wconf 84' lang='lat' dir='ltr'><strong>narrat</strong></span> <span class='ocrx_word' id='word_1_313' title='bbox 826 1180 832 1199; x_wconf 89' lang='lat'><strong><em>:</em></strong></span> <span class='ocrx_word' id='word_1_314' title='bbox 847 1169 899 1199; x_wconf 88' lang='lat' dir='ltr'><strong>sed</strong></span> <span class='ocrx_word' id='word_1_315' title='bbox 915 1168 1041 1200; x_wconf 70' lang='lat' dir='ltr'><strong>Joannes</strong></span> 
     </span>
    </p>
   </div>
   <div class='ocr_carea' id='block_1_46' title="bbox 1125 1167 1903 1209">
    <p class='ocr_par' dir='ltr' id='par_1_46' title="bbox 1125 1167 1903 1209">
     <span class='ocr_line' id='line_1_46' title="bbox 1125 1167 1903 1209; baseline 0.001 -13"><span class='ocrx_word' id='word_1_316' title='bbox 1125 1172 1175 1197; x_wconf 76' lang='grc' dir='ltr'>τοῦ.</span> <span class='ocrx_word' id='word_1_317' title='bbox 1196 1180 1210 1196; x_wconf 71' lang='grc' dir='ltr'><strong><em>ι</em></strong></span> <span class='ocrx_word' id='word_1_318' title='bbox 1243 1170 1278 1198; x_wconf 82' lang='grc' dir='ltr'>Τὸ</span> <span class='ocrx_word' id='word_1_319' title='bbox 1307 1167 1479 1198; x_wconf 65' lang='grc' dir='ltr'>ἕκϐάλλισθαι</span> <span class='ocrx_word' id='word_1_320' title='bbox 1500 1170 1573 1209; x_wconf 74' lang='grc' dir='ltr'>παρὰ</span> <span class='ocrx_word' id='word_1_321' title='bbox 1588 1171 1634 1198; x_wconf 76' lang='grc' dir='ltr'>τοῦ</span> <span class='ocrx_word' id='word_1_322' title='bbox 1649 1171 1739 1204; x_wconf 80' lang='grc' dir='ltr'>Γησοῠ</span> <span class='ocrx_word' id='word_1_323' title='bbox 1766 1170 1825 1203; x_wconf 76' lang='grc' dir='ltr'>τοὺς</span> <span class='ocrx_word' id='word_1_324' title='bbox 1851 1180 1903 1197; x_wconf 82' lang='grc' dir='ltr'><strong>πω-</strong></span> 
     </span>
    </p>
   </div>
   <div class='ocr_carea' id='block_1_47' title="bbox 217 1213 1041 1256">
    <p class='ocr_par' dir='ltr' id='par_1_47' title="bbox 217 1213 1041 1256">
     <span class='ocr_line' id='line_1_47' title="bbox 217 1213 1041 1256; baseline -0.002 -10"><span class='ocrx_word' id='word_1_325' title='bbox 217 1216 247 1246; x_wconf 91' lang='lat' dir='ltr'><strong>in</strong></span> <span class='ocrx_word' id='word_1_326' title='bbox 261 1215 406 1256; x_wconf 87' lang='lat' dir='ltr'><strong>principio</strong></span> <span class='ocrx_word' id='word_1_327' title='bbox 422 1213 583 1254; x_wconf 78' lang='lat' dir='ltr'><strong>Evangelii,</strong></span> <span class='ocrx_word' id='word_1_328' title='bbox 602 1213 649 1244; x_wconf 90' lang='lat' dir='ltr'><strong>hic</strong></span> <span class='ocrx_word' id='word_1_329' title='bbox 665 1217 763 1244; x_wconf 88' lang='lat' dir='ltr'><strong>autem</strong></span> <span class='ocrx_word' id='word_1_330' title='bbox 779 1213 834 1244; x_wconf 88' lang='lat' dir='ltr'><strong>sub</strong></span> <span class='ocrx_word' id='word_1_331' title='bbox 850 1213 1041 1245; x_wconf 86' lang='lat' dir='ltr'><strong>linem.Veri-</strong></span> 
     </span>
    </p>
   </div>
   <div class='ocr_carea' id='block_1_48' title="bbox 1125 1213 1903 1256">
    <p class='ocr_par' dir='ltr' id='par_1_48' title="bbox 1125 1213 1903 1254">
     <span class='ocr_line' id='line_1_48' title="bbox 1125 1213 1903 1254; baseline 0.004 -12"><span class='ocrx_word' id='word_1_332' title='bbox 1125 1218 1197 1245; x_wconf 65' lang='lat' dir='ltr'><strong>ivra:</strong></span> <span class='ocrx_word' id='word_1_333' title='bbox 1223 1214 1268 1242; x_wconf 84' lang='grc' dir='ltr'><strong>καὶ</strong></span> <span class='ocrx_word' id='word_1_334' title='bbox 1295 1215 1309 1242; x_wconf 78' lang='grc' dir='ltr'><strong>ι</strong></span> <span class='ocrx_word' id='word_1_335' title='bbox 1350 1213 1475 1248; x_wconf 83' lang='grc' dir='ltr'>Ἰωάννης</span> <span class='ocrx_word' id='word_1_336' title='bbox 1522 1213 1668 1254; x_wconf 74' lang='grc' dir='ltr'>διηγεῖται.</span> <span class='ocrx_word' id='word_1_337' title='bbox 1703 1214 1783 1243; x_wconf 79' lang='grc' dir='ltr'>Ἀλλ’</span> <span class='ocrx_word' id='word_1_338' title='bbox 1810 1214 1903 1245; x_wconf 64' lang='grc' dir='ltr'>ἆκεῖνος</span> 
     </span>
    </p>
   </div>
   <div class='ocr_carea' id='block_1_49' title="bbox 219 1257 1041 1299">
    <p class='ocr_par' dir='ltr' id='par_1_49' title="bbox 219 1258 1041 1299">
     <span class='ocr_line' id='line_1_49' title="bbox 219 1258 1041 1299; baseline -0.001 -9"><span class='ocrx_word' id='word_1_339' title='bbox 219 1260 317 1291; x_wconf 81' lang='lat' dir='ltr'><strong>simile</strong></span> <span class='ocrx_word' id='word_1_340' title='bbox 333 1259 485 1299; x_wconf 48' lang='lat' dir='ltr'><strong>igitur‘hoc</strong></span> <span class='ocrx_word' id='word_1_341' title='bbox 494 1258 625 1289; x_wconf 87' lang='lat' dir='ltr'><strong>secundo</strong></span> <span class='ocrx_word' id='word_1_342' title='bbox 635 1259 818 1298; x_wconf 79' lang='lat' dir='ltr'><strong>l&#39;aclum,quo</strong></span> <span class='ocrx_word' id='word_1_343' title='bbox 831 1259 917 1288; x_wconf 85' lang='lat' dir='ltr'><strong>etiam</strong></span> <span class='ocrx_word' id='word_1_344' title='bbox 930 1258 1041 1289; x_wconf 71' lang='lat' dir='ltr'><strong>Iudaeo-</strong></span> 
     </span>
    </p>
   </div>
   <div class='ocr_carea' id='block_1_50' title="bbox 1125 1257 1903 1299">
    <p class='ocr_par' dir='ltr' id='par_1_50' title="bbox 1125 1257 1903 1299">
     <span class='ocr_line' id='line_1_50' title="bbox 1125 1257 1903 1299; baseline 0.003 -14"><span class='ocrx_word' id='word_1_345' title='bbox 1125 1270 1136 1285; x_wconf 84' lang='lat' dir='ltr'><strong>v</strong></span> <span class='ocrx_word' id='word_1_346' title='bbox 1160 1257 1188 1285; x_wconf 78' lang='grc' dir='ltr'>ὲν</span> <span class='ocrx_word' id='word_1_347' title='bbox 1203 1261 1236 1296; x_wconf 81' lang='grc' dir='ltr'><strong>τῇ</strong></span> <span class='ocrx_word' id='word_1_348' title='bbox 1350 1262 1397 1287; x_wconf 79' lang='grc' dir='ltr'>τοῦ</span> <span class='ocrx_word' id='word_1_349' title='bbox 1420 1258 1592 1299; x_wconf 79' lang='grc' dir='ltr'>Εὖαγγελίου,</span> <span class='ocrx_word' id='word_1_350' title='bbox 1621 1260 1697 1292; x_wconf 83' lang='grc' dir='ltr'>οὗτος</span> <span class='ocrx_word' id='word_1_351' title='bbox 1728 1258 1757 1287; x_wconf 80' lang='grc' dir='ltr'>δὲ</span> <span class='ocrx_word' id='word_1_352' title='bbox 1784 1260 1847 1299; x_wconf 74' lang='grc' dir='ltr'>πρὸς</span> <span class='ocrx_word' id='word_1_353' title='bbox 1870 1262 1903 1295; x_wconf 73' lang='grc' dir='ltr'>τῷ</span> 
     </span>
    </p>
   </div>
   <div class='ocr_carea' id='block_1_51' title="bbox 219 1301 1041 1344">
    <p class='ocr_par' dir='ltr' id='par_1_51' title="bbox 219 1303 1041 1344">
     <span class='ocr_line' id='line_1_51' title="bbox 219 1303 1041 1344; baseline -0.002 -8"><span class='ocrx_word' id='word_1_354' title='bbox 219 1314 285 1336; x_wconf 92' lang='lat' dir='ltr'><strong>rum</strong></span> <span class='ocrx_word' id='word_1_355' title='bbox 302 1304 449 1335; x_wconf 79' lang='lat' dir='ltr'><strong>accusatio</strong></span> <span class='ocrx_word' id='word_1_356' title='bbox 467 1303 561 1342; x_wconf 86' lang='lat' dir='ltr'><strong>major</strong></span> <span class='ocrx_word' id='word_1_357' title='bbox 577 1305 658 1334; x_wconf 84' lang='lat' dir='ltr'><strong>esset</strong></span> <span class='ocrx_word' id='word_1_358' title='bbox 673 1313 680 1332; x_wconf 90' lang='lat'><strong>:</strong></span> <span class='ocrx_word' id='word_1_359' title='bbox 693 1303 934 1343; x_wconf 84' lang='lat' dir='ltr'><strong>quandoquidem</strong></span> <span class='ocrx_word' id='word_1_360' title='bbox 946 1312 1041 1344; x_wconf 89' lang='lat' dir='ltr'><strong>neque</strong></span> 
     </span>
    </p>
   </div>
   <div class='ocr_carea' id='block_1_52' title="bbox 1125 1301 1902 1344">
    <p class='ocr_par' dir='ltr' id='par_1_52' title="bbox 1125 1302 1902 1343">
     <span class='ocr_line' id='line_1_52' title="bbox 1125 1302 1902 1343; baseline 0 -13"><span class='ocrx_word' id='word_1_361' title='bbox 1125 1313 1167 1333; x_wconf 74' lang='lat' dir='ltr'><strong>tet.</strong></span> <span class='ocrx_word' id='word_1_362' title='bbox 1199 1303 1275 1334; x_wconf 72' lang='grc' dir='ltr'>Εἰκὸς</span> <span class='ocrx_word' id='word_1_363' title='bbox 1312 1306 1356 1331; x_wconf 85' lang='grc' dir='ltr'>οὖν</span> <span class='ocrx_word' id='word_1_364' title='bbox 1393 1302 1513 1343; x_wconf 75' lang='grc' dir='ltr'>δεύτερον</span> <span class='ocrx_word' id='word_1_365' title='bbox 1548 1303 1668 1343; x_wconf 78' lang='grc' dir='ltr'>γινέσθαι</span> <span class='ocrx_word' id='word_1_366' title='bbox 1703 1307 1794 1340; x_wconf 78' lang='grc' dir='ltr'>τοῦτο,</span> <span class='ocrx_word' id='word_1_367' title='bbox 1829 1303 1843 1331; x_wconf 73' lang='grc' dir='ltr'><strong><em>Β</em></strong></span> <span class='ocrx_word' id='word_1_368' title='bbox 1865 1303 1902 1331; x_wconf 74' lang='grc' dir='ltr'><strong>καὶ</strong></span> 
     </span>
    </p>
   </div>
   <div class='ocr_carea' id='block_1_53' title="bbox 220 1347 1041 1388">
    <p class='ocr_par' dir='ltr' id='par_1_53' title="bbox 220 1347 1041 1388">
     <span class='ocr_line' id='line_1_53' title="bbox 220 1347 1041 1388; baseline -0.001 -8"><span class='ocrx_word' id='word_1_369' title='bbox 220 1358 287 1380; x_wconf 90' lang='lat' dir='ltr'><strong>cum</strong></span> <span class='ocrx_word' id='word_1_370' title='bbox 303 1357 382 1388; x_wconf 59' lang='lat' dir='ltr'><strong>saepe</strong></span> <span class='ocrx_word' id='word_1_371' title='bbox 398 1347 476 1378; x_wconf 87' lang='lat' dir='ltr'><strong>idem</strong></span> <span class='ocrx_word' id='word_1_372' title='bbox 501 1347 605 1378; x_wconf 81' lang='lat' dir='ltr'><strong>fecerit</strong></span> <span class='ocrx_word' id='word_1_373' title='bbox 630 1348 787 1386; x_wconf 88' lang='lat' dir='ltr'><strong>Dominus,</strong></span> <span class='ocrx_word' id='word_1_374' title='bbox 805 1351 874 1377; x_wconf 88' lang='lat' dir='ltr'><strong>sunt</strong></span> <span class='ocrx_word' id='word_1_375' title='bbox 895 1348 1041 1379; x_wconf 89' lang='lat' dir='ltr'><strong>conversi.</strong></span> 
     </span>
    </p>
   </div>
   <div class='ocr_carea' id='block_1_54' title="bbox 1125 1347 1903 1388">
    <p class='ocr_par' dir='ltr' id='par_1_54' title="bbox 1125 1347 1903 1387">
     <span class='ocr_line' id='line_1_54' title="bbox 1125 1347 1903 1387; baseline -0.001 -12"><span class='ocrx_word' id='word_1_376' title='bbox 1125 1348 1181 1382; x_wconf 74' lang='grc' dir='ltr'>ίζων</span> <span class='ocrx_word' id='word_1_377' title='bbox 1209 1348 1357 1387; x_wconf 80' lang='grc' dir='ltr'>κατηγορία</span> <span class='ocrx_word' id='word_1_378' title='bbox 1384 1351 1438 1376; x_wconf 78' lang='grc' dir='ltr'>τῶν</span> <span class='ocrx_word' id='word_1_379' title='bbox 1466 1347 1608 1386; x_wconf 75' lang='grc' dir='ltr'><strong>Ἰουδαίων,</strong></span> <span class='ocrx_word' id='word_1_380' title='bbox 1645 1347 1704 1387; x_wconf 74' lang='grc' dir='ltr'><strong>εἴγε</strong></span> <span class='ocrx_word' id='word_1_381' title='bbox 1727 1347 1853 1379; x_wconf 64' lang='grc' dir='ltr'>πολλάκις</span> <span class='ocrx_word' id='word_1_382' title='bbox 1877 1348 1903 1375; x_wconf 81' lang='grc' dir='ltr'>τὸ</span> 
     </span>
    </p>
   </div>
   <div class='ocr_carea' id='block_1_55' title="bbox 220 1391 1041 1434">
    <p class='ocr_par' dir='ltr' id='par_1_55' title="bbox 220 1391 1041 1434">
     <span class='ocr_line' id='line_1_55' title="bbox 220 1391 1041 1434; baseline -0.001 -10"><span class='ocrx_word' id='word_1_383' title='bbox 220 1394 397 1434; x_wconf 86' lang='lat' dir='ltr'><strong>Speluncam</strong></span> <span class='ocrx_word' id='word_1_384' title='bbox 413 1396 511 1423; x_wconf 87' lang='lat' dir='ltr'><strong>autem</strong></span> <span class='ocrx_word' id='word_1_385' title='bbox 521 1392 666 1423; x_wconf 91' lang='lat' dir='ltr'><strong>latronum</strong></span> <span class='ocrx_word' id='word_1_386' title='bbox 683 1391 814 1422; x_wconf 85' lang='lat' dir='ltr'><strong>nominat</strong></span> <span class='ocrx_word' id='word_1_387' title='bbox 825 1392 966 1432; x_wconf 78' lang='lat' dir='ltr'><strong>templum</strong></span> <span class='ocrx_word' id='word_1_388' title='bbox 978 1401 1041 1432; x_wconf 88' lang='lat' dir='ltr'><strong>pro-</strong></span> 
     </span>
    </p>
   </div>
   <div class='ocr_carea' id='block_1_56' title="bbox 1125 1391 1901 1434">
    <p class='ocr_par' dir='ltr' id='par_1_56' title="bbox 1125 1393 1901 1433">
     <span class='ocr_line' id='line_1_56' title="bbox 1125 1393 1901 1433; baseline 0.001 -13"><span class='ocrx_word' id='word_1_389' title='bbox 1125 1393 1149 1420; x_wconf 80' lang='grc' dir='ltr'>ιὸ</span> <span class='ocrx_word' id='word_1_390' title='bbox 1190 1393 1351 1427; x_wconf 77' lang='grc' dir='ltr'>ποιήσαντος</span> <span class='ocrx_word' id='word_1_391' title='bbox 1396 1393 1443 1421; x_wconf 74' lang='grc' dir='ltr'><strong>τοῦ</strong></span> <span class='ocrx_word' id='word_1_392' title='bbox 1474 1393 1579 1433; x_wconf 77' lang='grc' dir='ltr'><strong>Κυρίου,</strong></span> <span class='ocrx_word' id='word_1_393' title='bbox 1616 1394 1664 1421; x_wconf 76' lang='grc' dir='ltr'>οὒκ</span> <span class='ocrx_word' id='word_1_394' title='bbox 1697 1393 1901 1433; x_wconf 69' lang='grc' dir='ltr'>ὶπεστράφηοαν.</span> 
     </span>
    </p>
   </div>
   <div class='ocr_carea' id='block_1_57' title="bbox 220 1436 1041 1478">
    <p class='ocr_par' dir='ltr' id='par_1_57' title="bbox 220 1436 1041 1478">
     <span class='ocr_line' id='line_1_57' title="bbox 220 1436 1041 1478; baseline -0.002 -9"><span class='ocrx_word' id='word_1_395' title='bbox 220 1443 285 1478; x_wconf 88' lang='lat' dir='ltr'><strong>pter</strong></span> <span class='ocrx_word' id='word_1_396' title='bbox 309 1437 474 1468; x_wconf 83' lang='lat' dir='ltr'><strong>avaritiam.</strong></span> <span class='ocrx_word' id='word_1_397' title='bbox 496 1436 655 1467; x_wconf 88' lang='lat' dir='ltr'><strong>Latronum</strong></span> <span class='ocrx_word' id='word_1_398' title='bbox 673 1436 752 1467; x_wconf 86' lang='lat' dir='ltr'><strong>enim</strong></span> <span class='ocrx_word' id='word_1_399' title='bbox 769 1446 864 1476; x_wconf 83' lang='lat' dir='ltr'><strong>genus</strong></span> <span class='ocrx_word' id='word_1_400' title='bbox 877 1436 913 1467; x_wconf 90' lang='lat' dir='ltr'><strong>ad</strong></span> <span class='ocrx_word' id='word_1_401' title='bbox 930 1436 1041 1467; x_wconf 82' lang='lat' dir='ltr'><strong>lucrum</strong></span> 
     </span>
    </p>
   </div>
   <div class='ocr_carea' id='block_1_58' title="bbox 1125 1436 1902 1478">
    <p class='ocr_par' dir='ltr' id='par_1_58' title="bbox 1125 1436 1902 1476">
     <span class='ocr_line' id='line_1_58' title="bbox 1125 1436 1902 1476; baseline 0.001 -12"><span class='ocrx_word' id='word_1_402' title='bbox 1125 1436 1223 1472; x_wconf 65' lang='grc' dir='ltr'>τήλαιον</span> <span class='ocrx_word' id='word_1_403' title='bbox 1254 1437 1281 1465; x_wconf 75' lang='grc' dir='ltr'>δὲ</span> <span class='ocrx_word' id='word_1_404' title='bbox 1309 1436 1415 1475; x_wconf 77' lang='grc' dir='ltr'>λῃστῶν</span> <span class='ocrx_word' id='word_1_405' title='bbox 1444 1438 1567 1476; x_wconf 77' lang='grc' dir='ltr'>ὀνομάζει</span> <span class='ocrx_word' id='word_1_406' title='bbox 1593 1439 1639 1466; x_wconf 79' lang='grc' dir='ltr'><strong>τὸν</strong></span> <span class='ocrx_word' id='word_1_407' title='bbox 1665 1448 1741 1476; x_wconf 67' lang='grc' dir='ltr'>ναον,</span> <span class='ocrx_word' id='word_1_408' title='bbox 1766 1437 1808 1466; x_wconf 68' lang='grc' dir='ltr'>διὰ</span> <span class='ocrx_word' id='word_1_409' title='bbox 1821 1438 1850 1465; x_wconf 86' lang='grc' dir='ltr'><strong>τδ</strong></span> <span class='ocrx_word' id='word_1_410' title='bbox 1862 1449 1902 1476; x_wconf 77' lang='grc' dir='ltr'><strong>φι-</strong></span> 
     </span>
    </p>
   </div>
   <div class='ocr_carea' id='block_1_59' title="bbox 219 1480 1041 1523">
    <p class='ocr_par' dir='ltr' id='par_1_59' title="bbox 219 1481 1041 1523">
     <span class='ocr_line' id='line_1_59' title="bbox 219 1481 1041 1523; baseline -0.001 -10"><span class='ocrx_word' id='word_1_411' title='bbox 219 1486 343 1523; x_wconf 69' lang='lat' dir='ltr'><strong>spet-tat.</strong></span> <span class='ocrx_word' id='word_1_412' title='bbox 358 1481 394 1512; x_wconf 91' lang='lat' dir='ltr'><strong>Et</strong></span> <span class='ocrx_word' id='word_1_413' title='bbox 408 1481 547 1522; x_wconf 89' lang='lat' dir='ltr'><strong>quoniam</strong></span> <span class='ocrx_word' id='word_1_414' title='bbox 573 1481 662 1511; x_wconf 88' lang='lat' dir='ltr'><strong>etiam</strong></span> <span class='ocrx_word' id='word_1_415' title='bbox 687 1481 731 1511; x_wconf 91' lang='lat' dir='ltr'><strong>illi</strong></span> <span class='ocrx_word' id='word_1_416' title='bbox 755 1485 878 1521; x_wconf 83' lang='lat' dir='ltr'><strong>propter</strong></span> <span class='ocrx_word' id='word_1_417' title='bbox 899 1481 1041 1513; x_wconf 78' lang='lat' dir='ltr'><strong>sacriﬁcia</strong></span> 
     </span>
    </p>
   </div>
   <div class='ocr_carea' id='block_1_60' title="bbox 1125 1480 1901 1523">
    <p class='ocr_par' dir='ltr' id='par_1_60' title="bbox 1125 1480 1901 1522">
     <span class='ocr_line' id='line_1_60' title="bbox 1125 1480 1901 1522; baseline 0.001 -13"><span class='ocrx_word' id='word_1_418' title='bbox 1125 1480 1220 1520; x_wconf 74' lang='grc' dir='ltr'>ιερδές.</span> <span class='ocrx_word' id='word_1_419' title='bbox 1252 1482 1288 1510; x_wconf 74' lang='grc' dir='ltr'><strong>Τὸ</strong></span> <span class='ocrx_word' id='word_1_420' title='bbox 1316 1481 1460 1521; x_wconf 79' lang='grc' dir='ltr'>λῃστρικὸν</span> <span class='ocrx_word' id='word_1_421' title='bbox 1494 1482 1544 1522; x_wconf 84' lang='grc' dir='ltr'><strong>γὰρ</strong></span> <span class='ocrx_word' id='word_1_422' title='bbox 1565 1481 1641 1522; x_wconf 79' lang='grc' dir='ltr'>γένος</span> <span class='ocrx_word' id='word_1_423' title='bbox 1669 1483 1732 1521; x_wconf 71' lang='grc' dir='ltr'>περὶ</span> <span class='ocrx_word' id='word_1_424' title='bbox 1758 1483 1789 1510; x_wconf 75' lang='grc' dir='ltr'>τὸ</span> <span class='ocrx_word' id='word_1_425' title='bbox 1804 1480 1901 1521; x_wconf 77' lang='grc' dir='ltr'>κερδαί-</span> 
     </span>
    </p>
   </div>
   <div class='ocr_carea' id='block_1_61' title="bbox 219 1522 1041 1566">
    <p class='ocr_par' dir='ltr' id='par_1_61' title="bbox 219 1522 1041 1566">
     <span class='ocr_line' id='line_1_61' title="bbox 219 1522 1041 1566; baseline -0.002 -8"><span class='ocrx_word' id='word_1_426' title='bbox 219 1522 359 1558; x_wconf 85' lang='lat' dir='ltr'><strong>animalia</strong></span> <span class='ocrx_word' id='word_1_427' title='bbox 374 1535 439 1566; x_wconf 65' lang='lat' dir='ltr'><strong>quae</strong></span> <span class='ocrx_word' id='word_1_428' title='bbox 455 1526 645 1564; x_wconf 80' lang='lat' dir='ltr'><strong>offerrentur,</strong></span> <span class='ocrx_word' id='word_1_429' title='bbox 664 1525 738 1556; x_wconf 91' lang='lat' dir='ltr'><strong>lucri</strong></span> <span class='ocrx_word' id='word_1_430' title='bbox 756 1526 850 1564; x_wconf 80' lang='lat' dir='ltr'><strong>gratia</strong></span> <span class='ocrx_word' id='word_1_431' title='bbox 864 1525 1041 1564; x_wconf 87' lang='lat' dir='ltr'><strong>vendebant,</strong></span> 
     </span>
    </p>
   </div>
   <div class='ocr_carea' id='block_1_62' title="bbox 1125 1522 1901 1566">
    <p class='ocr_par' dir='ltr' id='par_1_62' title="bbox 1127 1525 1901 1559">
     <span class='ocr_line' id='line_1_62' title="bbox 1127 1525 1901 1559; baseline -0.001 -6"><span class='ocrx_word' id='word_1_432' title='bbox 1127 1537 1140 1553; x_wconf 92' lang='grc' dir='ltr'><strong>ν</strong></span> <span class='ocrx_word' id='word_1_433' title='bbox 1171 1525 1311 1559; x_wconf 74' lang='grc' dir='ltr'>ἐπτόηται.</span> <span class='ocrx_word' id='word_1_434' title='bbox 1349 1526 1424 1554; x_wconf 78' lang='grc' dir='ltr'>Ἐπεὶ</span> <span class='ocrx_word' id='word_1_435' title='bbox 1453 1525 1498 1554; x_wconf 83' lang='grc' dir='ltr'>οὖν</span> <span class='ocrx_word' id='word_1_436' title='bbox 1526 1526 1569 1554; x_wconf 76' lang='grc' dir='ltr'><strong>καὶ</strong></span> <span class='ocrx_word' id='word_1_437' title='bbox 1592 1526 1665 1554; x_wconf 64' lang='grc' dir='ltr'>αὐτοὶ</span> <span class='ocrx_word' id='word_1_438' title='bbox 1695 1527 1729 1555; x_wconf 78' lang='grc' dir='ltr'><strong>τὰ</strong></span> <span class='ocrx_word' id='word_1_439' title='bbox 1758 1525 1800 1553; x_wconf 78' lang='grc' dir='ltr'><strong>διὰ</strong></span> <span class='ocrx_word' id='word_1_440' title='bbox 1822 1525 1901 1554; x_wconf 70' lang='grc' dir='ltr'>θυσίαν</span> 
     </span>
    </p>
   </div>
   <div class='ocr_carea' id='block_1_63' title="bbox 219 1569 1044 1611">
    <p class='ocr_par' dir='ltr' id='par_1_63' title="bbox 219 1569 1044 1611">
     <span class='ocr_line' id='line_1_63' title="bbox 219 1569 1044 1611; baseline -0.004 -8"><span class='ocrx_word' id='word_1_441' title='bbox 219 1572 349 1603; x_wconf 85' lang='lat' dir='ltr'><strong>latrones</strong></span> <span class='ocrx_word' id='word_1_442' title='bbox 360 1571 440 1611; x_wconf 84' lang='lat' dir='ltr'><strong>ipsos</strong></span> <span class='ocrx_word' id='word_1_443' title='bbox 454 1569 798 1611; x_wconf 61' lang='lat' dir='ltr'><strong>nominavit.Collybist&amp;</strong></span> <span class='ocrx_word' id='word_1_444' title='bbox 808 1575 908 1601; x_wconf 88' lang='lat' dir='ltr'><strong>autem</strong></span> <span class='ocrx_word' id='word_1_445' title='bbox 924 1570 1044 1601; x_wconf 79' lang='lat' dir='ltr'><strong>fuerunt</strong></span> 
     </span>
    </p>
   </div>
   <div class='ocr_carea' id='block_1_64' title="bbox 218 1614 1044 1658">
    <p class='ocr_par' dir='ltr' id='par_1_64' title="bbox 218 1614 1044 1658">
     <span class='ocr_line' id='line_1_64' title="bbox 218 1614 1044 1658; baseline -0.002 -11"><span class='ocrx_word' id='word_1_446' title='bbox 218 1617 269 1658; x_wconf 89' lang='lat' dir='ltr'><strong>qui</strong></span> <span class='ocrx_word' id='word_1_447' title='bbox 284 1625 423 1648; x_wconf 90' lang='lat' dir='ltr'><strong>nummos</strong></span> <span class='ocrx_word' id='word_1_448' title='bbox 439 1614 657 1656; x_wconf 87' lang='lat' dir='ltr'><strong>permutabant.</strong></span> <span class='ocrx_word' id='word_1_449' title='bbox 670 1614 788 1655; x_wconf 75' lang='lat' dir='ltr'><strong>Collyba</strong></span> <span class='ocrx_word' id='word_1_450' title='bbox 804 1615 882 1645; x_wconf 85' lang='lat' dir='ltr'><strong>enim</strong></span> <span class='ocrx_word' id='word_1_451' title='bbox 895 1624 987 1654; x_wconf 81' lang='lat' dir='ltr'><strong>genus</strong></span> <span class='ocrx_word' id='word_1_452' title='bbox 1000 1619 1044 1645; x_wconf 90' lang='lat' dir='ltr'><strong>est</strong></span> 
     </span>
    </p>
   </div>
   <div class='ocr_carea' id='block_1_65' title="bbox 219 1659 1043 1692">
    <p class='ocr_par' dir='ltr' id='par_1_65' title="bbox 219 1659 1043 1692">
     <span class='ocr_line' id='line_1_65' title="bbox 219 1659 1043 1692; baseline -0.002 0"><span class='ocrx_word' id='word_1_453' title='bbox 219 1661 408 1692; x_wconf 84' lang='lat' dir='ltr'><strong>nu-mismatis</strong></span> <span class='ocrx_word' id='word_1_454' title='bbox 434 1659 550 1691; x_wconf 89' lang='lat' dir='ltr'><strong>minimi</strong></span> <span class='ocrx_word' id='word_1_455' title='bbox 573 1660 644 1691; x_wconf 76' lang='lat' dir='ltr'><strong>aerei</strong></span> <span class='ocrx_word' id='word_1_456' title='bbox 674 1659 850 1691; x_wconf 82' lang='lat' dir='ltr'><strong>Accusando</strong></span> <span class='ocrx_word' id='word_1_457' title='bbox 866 1664 965 1690; x_wconf 86' lang='lat' dir='ltr'><strong>autem</strong></span> <span class='ocrx_word' id='word_1_458' title='bbox 983 1659 1043 1690; x_wconf 81' lang='lat' dir='ltr'><strong>illis</strong></span> 
     </span>
    </p>
   </div>
   <div class='ocr_carea' id='block_1_66' title="bbox 219 1704 1043 1746">
    <p class='ocr_par' dir='ltr' id='par_1_66' title="bbox 219 1704 1043 1746">
     <span class='ocr_line' id='line_1_66' title="bbox 219 1704 1043 1746; baseline -0.004 -9"><span class='ocrx_word' id='word_1_459' title='bbox 219 1705 309 1738; x_wconf 81' lang='lat' dir='ltr'><strong>etiam</strong></span> <span class='ocrx_word' id='word_1_460' title='bbox 325 1704 431 1736; x_wconf 84' lang='lat' dir='ltr'><strong>Isaiam</strong></span> <span class='ocrx_word' id='word_1_461' title='bbox 448 1704 622 1746; x_wconf 84' lang='lat' dir='ltr'><strong>prophetam</strong></span> <span class='ocrx_word' id='word_1_462' title='bbox 643 1704 729 1735; x_wconf 78' lang='lat' dir='ltr'><strong>aﬂ‘ert</strong></span> <span class='ocrx_word' id='word_1_463' title='bbox 743 1704 894 1736; x_wconf 83' lang='lat' dir='ltr'><strong>dicentem</strong></span> <span class='ocrx_word' id='word_1_464' title='bbox 909 1713 916 1736; x_wconf 86' lang='lat'>:</span> <span class='ocrx_word' id='word_1_465' title='bbox 931 1705 1043 1735; x_wconf 88' lang='lat' dir='ltr'><strong>Domus</strong></span> 
     </span>
    </p>
   </div>
   <div class='ocr_carea' id='block_1_67' title="bbox 220 1749 1042 1790">
    <p class='ocr_par' dir='ltr' id='par_1_67' title="bbox 220 1749 1042 1790">
     <span class='ocr_line' id='line_1_67' title="bbox 220 1749 1042 1790; baseline -0.001 -9"><span class='ocrx_word' id='word_1_466' title='bbox 220 1760 286 1781; x_wconf 87' lang='lat' dir='ltr'><strong>mea</strong></span> <span class='ocrx_word' id='word_1_467' title='bbox 301 1750 408 1781; x_wconf 89' lang='lat' dir='ltr'><strong>domus</strong></span> <span class='ocrx_word' id='word_1_468' title='bbox 421 1749 600 1790; x_wconf 84' lang='lat' dir='ltr'><strong>precationis</strong></span> <span class='ocrx_word' id='word_1_469' title='bbox 617 1749 778 1780; x_wconf 89' lang='lat' dir='ltr'><strong>vocabitur.</strong></span> <span class='ocrx_word' id='word_1_470' title='bbox 795 1749 881 1781; x_wconf 74' lang='lat' dir='ltr'><strong>Absit</strong></span> <span class='ocrx_word' id='word_1_471' title='bbox 890 1754 986 1781; x_wconf 86' lang='lat' dir='ltr'><strong>autem</strong></span> <span class='ocrx_word' id='word_1_472' title='bbox 1004 1758 1042 1780; x_wconf 87' lang='lat' dir='ltr'><strong>ne</strong></span> 
     </span>
    </p>
   </div>
   <div class='ocr_carea' id='block_1_68' title="bbox 217 1794 1042 1835">
    <p class='ocr_par' dir='ltr' id='par_1_68' title="bbox 217 1794 1042 1835">
     <span class='ocr_line' id='line_1_68' title="bbox 217 1794 1042 1835; baseline -0.002 -9"><span class='ocrx_word' id='word_1_473' title='bbox 217 1799 247 1826; x_wconf 90' lang='lat' dir='ltr'><strong>et</strong></span> <span class='ocrx_word' id='word_1_474' title='bbox 262 1804 317 1826; x_wconf 90' lang='lat' dir='ltr'><strong>nos</strong></span> <span class='ocrx_word' id='word_1_475' title='bbox 331 1800 415 1826; x_wconf 85' lang='lat' dir='ltr'><strong>extra</strong></span> <span class='ocrx_word' id='word_1_476' title='bbox 437 1794 578 1835; x_wconf 87' lang='lat' dir='ltr'><strong>templum</strong></span> <span class='ocrx_word' id='word_1_477' title='bbox 595 1794 751 1834; x_wconf 85' lang='lat' dir='ltr'><strong>ejiciamur</strong></span> <span class='ocrx_word' id='word_1_478' title='bbox 766 1794 850 1825; x_wconf 88' lang='lat' dir='ltr'><strong>Multi</strong></span> <span class='ocrx_word' id='word_1_479' title='bbox 873 1794 951 1825; x_wconf 92' lang='lat' dir='ltr'><strong>enim</strong></span> <span class='ocrx_word' id='word_1_480' title='bbox 968 1798 997 1824; x_wconf 91' lang='lat' dir='ltr'><strong>et</strong></span> <span class='ocrx_word' id='word_1_481' title='bbox 1012 1794 1042 1824; x_wconf 92' lang='lat' dir='ltr'><strong>in</strong></span> 
     </span>
    </p>
   </div>
   <div class='ocr_carea' id='block_1_69' title="bbox 219 1839 1045 1880">
    <p class='ocr_par' dir='ltr' id='par_1_69' title="bbox 219 1839 1045 1880">
     <span class='ocr_line' id='line_1_69' title="bbox 219 1839 1045 1880; baseline -0.001 -9"><span class='ocrx_word' id='word_1_482' title='bbox 219 1845 352 1872; x_wconf 87' lang='lat' dir='ltr'><strong>nostrum</strong></span> <span class='ocrx_word' id='word_1_483' title='bbox 366 1839 509 1880; x_wconf 88' lang='lat' dir='ltr'><strong>templum</strong></span> <span class='ocrx_word' id='word_1_484' title='bbox 520 1839 707 1878; x_wconf 79' lang='lat' dir='ltr'><strong>ingredimur</strong></span> <span class='ocrx_word' id='word_1_485' title='bbox 717 1839 878 1870; x_wconf 81' lang='lat' dir='ltr'><strong>vendentes</strong></span> <span class='ocrx_word' id='word_1_486' title='bbox 894 1839 991 1880; x_wconf 84' lang='lat' dir='ltr'><strong>utilia,</strong></span> <span class='ocrx_word' id='word_1_487' title='bbox 1011 1843 1045 1870; x_wconf 76' lang='lat' dir='ltr'><strong>et</strong></span> 
     </span>
    </p>
   </div>
   <div class='ocr_carea' id='block_1_70' title="bbox 218 1883 1044 1924">
    <p class='ocr_par' dir='ltr' id='par_1_70' title="bbox 218 1883 1044 1924">
     <span class='ocr_line' id='line_1_70' title="bbox 218 1883 1044 1924; baseline -0.002 -8"><span class='ocrx_word' id='word_1_488' title='bbox 218 1889 352 1916; x_wconf 85' lang='lat' dir='ltr'><strong>ementes</strong></span> <span class='ocrx_word' id='word_1_489' title='bbox 368 1884 607 1915; x_wconf 88' lang='lat' dir='ltr'><strong>deteriora.Sunt</strong></span> <span class='ocrx_word' id='word_1_490' title='bbox 618 1888 718 1914; x_wconf 79' lang='lat' dir='ltr'><strong>autem</strong></span> <span class='ocrx_word' id='word_1_491' title='bbox 735 1884 785 1924; x_wconf 91' lang='lat' dir='ltr'><strong>qui</strong></span> <span class='ocrx_word' id='word_1_492' title='bbox 801 1888 830 1914; x_wconf 89' lang='lat' dir='ltr'><strong>et</strong></span> <span class='ocrx_word' id='word_1_493' title='bbox 847 1883 950 1924; x_wconf 82' lang='lat' dir='ltr'><strong>plenas</strong></span> <span class='ocrx_word' id='word_1_494' title='bbox 962 1893 1044 1914; x_wconf 89' lang='lat' dir='ltr'><strong>men-</strong></span> 
     </span>
    </p>
   </div>
   <div class='ocr_carea' id='block_1_71' title="bbox 217 1928 1043 1969">
    <p class='ocr_par' dir='ltr' id='par_1_71' title="bbox 217 1928 1043 1969">
     <span class='ocr_line' id='line_1_71' title="bbox 217 1928 1043 1969; baseline -0.002 -8"><span class='ocrx_word' id='word_1_495' title='bbox 217 1940 265 1961; x_wconf 88' lang='lat' dir='ltr'><strong>sas</strong></span> <span class='ocrx_word' id='word_1_496' title='bbox 278 1939 468 1961; x_wconf 90' lang='lat' dir='ltr'><strong>nummorum</strong></span> <span class='ocrx_word' id='word_1_497' title='bbox 481 1928 656 1969; x_wconf 79' lang='lat' dir='ltr'><strong>habent,qui</strong></span> <span class='ocrx_word' id='word_1_498' title='bbox 665 1928 873 1959; x_wconf 83' lang='lat' dir='ltr'><strong>administrant</strong></span> <span class='ocrx_word' id='word_1_499' title='bbox 887 1932 917 1959; x_wconf 91' lang='lat' dir='ltr'><strong>et</strong></span> <span class='ocrx_word' id='word_1_500' title='bbox 926 1929 1043 1969; x_wconf 84' lang='lat' dir='ltr'><strong>dispen-</strong></span> 
     </span>
    </p>
   </div>
   <div class='ocr_carea' id='block_1_72' title="bbox 216 1972 1041 2013">
    <p class='ocr_par' dir='ltr' id='par_1_72' title="bbox 216 1972 1041 2013">
     <span class='ocr_line' id='line_1_72' title="bbox 216 1972 1041 2013; baseline -0.004 -7"><span class='ocrx_word' id='word_1_501' title='bbox 216 1980 282 2006; x_wconf 85' lang='lat' dir='ltr'><strong>sant</strong></span> <span class='ocrx_word' id='word_1_502' title='bbox 297 1974 511 2010; x_wconf 85' lang='lat' dir='ltr'><strong>ecclesiastica,</strong></span> <span class='ocrx_word' id='word_1_503' title='bbox 529 1973 668 2004; x_wconf 88' lang='lat' dir='ltr'><strong>etomnia</strong></span> <span class='ocrx_word' id='word_1_504' title='bbox 687 1977 811 2013; x_wconf 84' lang='lat' dir='ltr'><strong>propter</strong></span> <span class='ocrx_word' id='word_1_505' title='bbox 825 1973 979 2004; x_wconf 85' lang='lat' dir='ltr'><strong>avaritiam</strong></span> <span class='ocrx_word' id='word_1_506' title='bbox 995 1972 1041 2004; x_wconf 82' lang='lat' dir='ltr'><strong>fa-</strong></span> 
     </span>
    </p>
   </div>
   <div class='ocr_carea' id='block_1_73' title="bbox 217 2017 1042 2056">
    <p class='ocr_par' dir='ltr' id='par_1_73' title="bbox 217 2017 1042 2056">
     <span class='ocr_line' id='line_1_73' title="bbox 217 2017 1042 2056; baseline -0.004 -5"><span class='ocrx_word' id='word_1_507' title='bbox 217 2020 310 2051; x_wconf 88' lang='lat' dir='ltr'><strong>ciunt.</strong></span> <span class='ocrx_word' id='word_1_508' title='bbox 328 2019 406 2056; x_wconf 89' lang='lat' dir='ltr'><strong>Quin</strong></span> <span class='ocrx_word' id='word_1_509' title='bbox 432 2021 463 2050; x_wconf 88' lang='lat' dir='ltr'><strong>et</strong></span> <span class='ocrx_word' id='word_1_510' title='bbox 485 2018 567 2049; x_wconf 64' lang='lat' dir='ltr'><strong>sella;</strong></span> <span class='ocrx_word' id='word_1_511' title='bbox 589 2017 783 2049; x_wconf 75' lang='lat' dir='ltr'><strong>vendentium</strong></span> <span class='ocrx_word' id='word_1_512' title='bbox 799 2017 954 2048; x_wconf 88' lang='lat' dir='ltr'><strong>columbas</strong></span> <span class='ocrx_word' id='word_1_513' title='bbox 973 2017 1042 2048; x_wconf 90' lang='lat' dir='ltr'><strong>sub-</strong></span> 
     </span>
    </p>
   </div>
   <div class='ocr_carea' id='block_1_74' title="bbox 218 2062 1043 2104">
    <p class='ocr_par' dir='ltr' id='par_1_74' title="bbox 218 2062 1043 2104">
     <span class='ocr_line' id='line_1_74' title="bbox 218 2062 1043 2104; baseline -0.002 -10"><span class='ocrx_word' id='word_1_514' title='bbox 218 2068 355 2104; x_wconf 69' lang='lat' dir='ltr'><strong>vertant,</strong></span> <span class='ocrx_word' id='word_1_515' title='bbox 387 2063 444 2094; x_wconf 87' lang='lat' dir='ltr'><strong>hoc</strong></span> <span class='ocrx_word' id='word_1_516' title='bbox 472 2067 517 2093; x_wconf 81' lang='lat' dir='ltr'><strong>est</strong></span> <span class='ocrx_word' id='word_1_517' title='bbox 553 2062 708 2102; x_wconf 85' lang='lat' dir='ltr'><strong>pontiﬁces</strong></span> <span class='ocrx_word' id='word_1_518' title='bbox 743 2062 907 2093; x_wconf 88' lang='lat' dir='ltr'><strong>vendentes</strong></span> <span class='ocrx_word' id='word_1_519' title='bbox 949 2062 1043 2102; x_wconf 89' lang='lat' dir='ltr'><strong>spiri-</strong></span> 
     </span>
    </p>
   </div>
   <div class='ocr_carea' id='block_1_75' title="bbox 215 2106 1046 2147">
    <p class='ocr_par' dir='ltr' id='par_1_75' title="bbox 215 2106 1046 2147">
     <span class='ocr_line' id='line_1_75' title="bbox 215 2106 1046 2147; baseline -0.002 -8"><span class='ocrx_word' id='word_1_520' title='bbox 215 2109 306 2140; x_wconf 86' lang='lat' dir='ltr'><strong>tualia</strong></span> <span class='ocrx_word' id='word_1_521' title='bbox 331 2108 420 2139; x_wconf 91' lang='lat' dir='ltr'><strong>dona.</strong></span> <span class='ocrx_word' id='word_1_522' title='bbox 445 2107 588 2139; x_wconf 83' lang='lat' dir='ltr'><strong>Columba</strong></span> <span class='ocrx_word' id='word_1_523' title='bbox 613 2107 683 2137; x_wconf 72' lang='lat'><strong>255</strong></span> <span class='ocrx_word' id='word_1_524' title='bbox 711 2107 790 2138; x_wconf 89' lang='lat' dir='ltr'><strong>enim</strong></span> <span class='ocrx_word' id='word_1_525' title='bbox 813 2106 979 2147; x_wconf 83' lang='lat' dir='ltr'><strong>symbolum</strong></span> <span class='ocrx_word' id='word_1_526' title='bbox 1000 2111 1046 2138; x_wconf 90' lang='lat' dir='ltr'><strong>est</strong></span> 
     </span>
    </p>
   </div>
   <div class='ocr_carea' id='block_1_76' title="bbox 217 2151 1042 2194">
    <p class='ocr_par' dir='ltr' id='par_1_76' title="bbox 217 2151 1042 2194">
     <span class='ocr_line' id='line_1_76' title="bbox 217 2151 1042 2194; baseline -0.002 -10"><span class='ocrx_word' id='word_1_527' title='bbox 217 2153 346 2194; x_wconf 77' lang='lat' dir='ltr'><strong>Spiritus</strong></span> <span class='ocrx_word' id='word_1_528' title='bbox 371 2161 377 2184; x_wconf 93' lang='lat'><strong>:</strong></span> <span class='ocrx_word' id='word_1_529' title='bbox 408 2161 495 2193; x_wconf 92' lang='lat' dir='ltr'><strong>quem</strong></span> <span class='ocrx_word' id='word_1_530' title='bbox 526 2151 576 2192; x_wconf 89' lang='lat' dir='ltr'><strong>qui</strong></span> <span class='ocrx_word' id='word_1_531' title='bbox 602 2151 759 2192; x_wconf 86' lang='lat' dir='ltr'><strong>vendunt,</strong></span> <span class='ocrx_word' id='word_1_532' title='bbox 801 2160 856 2191; x_wconf 89' lang='lat' dir='ltr'><strong>per</strong></span> <span class='ocrx_word' id='word_1_533' title='bbox 881 2151 1042 2183; x_wconf 88' lang='lat' dir='ltr'><strong>Dominum</strong></span> 
     </span>
    </p>
   </div>
   <div class='ocr_carea' id='block_1_77' title="bbox 215 2195 1042 2237">
    <p class='ocr_par' dir='ltr' id='par_1_77' title="bbox 215 2195 1042 2237">
     <span class='ocr_line' id='line_1_77' title="bbox 215 2195 1042 2237; baseline -0.002 -8"><span class='ocrx_word' id='word_1_534' title='bbox 215 2208 232 2229; x_wconf 89' lang='lat' dir='ltr'><strong>a</strong></span> <span class='ocrx_word' id='word_1_535' title='bbox 257 2197 423 2229; x_wconf 89' lang='lat' dir='ltr'><strong>sacerdotio</strong></span> <span class='ocrx_word' id='word_1_536' title='bbox 452 2196 650 2237; x_wconf 88' lang='lat' dir='ltr'><strong>repelluntur.</strong></span> <span class='ocrx_word' id='word_1_537' title='bbox 675 2195 748 2227; x_wconf 87' lang='lat' dir='ltr'><strong>Nam</strong></span> <span class='ocrx_word' id='word_1_538' title='bbox 774 2196 825 2237; x_wconf 91' lang='lat' dir='ltr'><strong>qui</strong></span> <span class='ocrx_word' id='word_1_539' title='bbox 852 2202 973 2236; x_wconf 83' lang='lat' dir='ltr'><strong>propter</strong></span> <span class='ocrx_word' id='word_1_540' title='bbox 987 2196 1042 2227; x_wconf 86' lang='lat' dir='ltr'><strong>da-</strong></span> 
     </span>
    </p>
   </div>
   <div class='ocr_carea' id='block_1_78' title="bbox 217 2241 1041 2282">
    <p class='ocr_par' dir='ltr' id='par_1_78' title="bbox 217 2241 1041 2282">
     <span class='ocr_line' id='line_1_78' title="bbox 217 2241 1041 2282; baseline -0.004 -8"><span class='ocrx_word' id='word_1_541' title='bbox 217 2248 277 2274; x_wconf 93' lang='lat' dir='ltr'><strong>tum</strong></span> <span class='ocrx_word' id='word_1_542' title='bbox 303 2252 406 2274; x_wconf 90' lang='lat' dir='ltr'><strong>aurum</strong></span> <span class='ocrx_word' id='word_1_543' title='bbox 436 2241 562 2278; x_wconf 83' lang='lat' dir='ltr'><strong>ordinat,</strong></span> <span class='ocrx_word' id='word_1_544' title='bbox 580 2241 734 2282; x_wconf 86' lang='lat' dir='ltr'><strong>depositus</strong></span> <span class='ocrx_word' id='word_1_545' title='bbox 758 2245 813 2272; x_wconf 91' lang='lat' dir='ltr'><strong>est.</strong></span> <span class='ocrx_word' id='word_1_546' title='bbox 840 2241 898 2272; x_wconf 82' lang='lat' dir='ltr'><strong>Sed</strong></span> <span class='ocrx_word' id='word_1_547' title='bbox 915 2246 944 2271; x_wconf 90' lang='lat' dir='ltr'><strong>et</strong></span> <span class='ocrx_word' id='word_1_548' title='bbox 958 2241 1041 2281; x_wconf 89' lang='lat' dir='ltr'><strong>quis-</strong></span> 
     </span>
    </p>
   </div>
   <div class='ocr_carea' id='block_1_79' title="bbox 216 2285 1042 2329">
    <p class='ocr_par' dir='ltr' id='par_1_79' title="bbox 216 2285 1042 2329">
     <span class='ocr_line' id='line_1_79' title="bbox 216 2285 1042 2329; baseline -0.002 -11"><span class='ocrx_word' id='word_1_549' title='bbox 216 2289 284 2329; x_wconf 92' lang='lat' dir='ltr'><strong>quis</strong></span> <span class='ocrx_word' id='word_1_550' title='bbox 301 2288 423 2327; x_wconf 84' lang='lat' dir='ltr'><strong>gratiam</strong></span> <span class='ocrx_word' id='word_1_551' title='bbox 442 2296 507 2327; x_wconf 64' lang='lat' dir='ltr'><strong>qua:</strong></span> <span class='ocrx_word' id='word_1_552' title='bbox 523 2296 558 2317; x_wconf 84' lang='lat' dir='ltr'><strong>ex</strong></span> <span class='ocrx_word' id='word_1_553' title='bbox 582 2285 759 2326; x_wconf 89' lang='lat' dir='ltr'><strong>baptismate</strong></span> <span class='ocrx_word' id='word_1_554' title='bbox 780 2289 835 2322; x_wconf 79' lang='lat' dir='ltr'><strong>est,</strong></span> <span class='ocrx_word' id='word_1_555' title='bbox 862 2289 891 2315; x_wconf 81' lang='grc' dir='ltr'>ιιι</span> <span class='ocrx_word' id='word_1_556' title='bbox 919 2285 1042 2316; x_wconf 91' lang='lat' dir='ltr'><strong>mundi-</strong></span> 
     </span>
    </p>
   </div>
   <div class='ocr_carea' id='block_1_80' title="bbox 217 2330 1040 2373">
    <p class='ocr_par' dir='ltr' id='par_1_80' title="bbox 217 2330 1040 2373">
     <span class='ocr_line' id='line_1_80' title="bbox 217 2330 1040 2373; baseline -0.002 -9"><span class='ocrx_word' id='word_1_557' title='bbox 217 2334 288 2364; x_wconf 90' lang='lat' dir='ltr'><strong>tiam</strong></span> <span class='ocrx_word' id='word_1_558' title='bbox 305 2332 402 2373; x_wconf 89' lang='lat' dir='ltr'><strong>prodit</strong></span> <span class='ocrx_word' id='word_1_559' title='bbox 415 2331 544 2368; x_wconf 85' lang='lat' dir='ltr'><strong>diabolo,</strong></span> <span class='ocrx_word' id='word_1_560' title='bbox 562 2331 611 2361; x_wconf 87' lang='lat' dir='ltr'><strong>hic</strong></span> <span class='ocrx_word' id='word_1_561' title='bbox 625 2331 728 2363; x_wconf 90' lang='lat' dir='ltr'><strong>vendit</strong></span> <span class='ocrx_word' id='word_1_562' title='bbox 739 2330 906 2362; x_wconf 88' lang='lat' dir='ltr'><strong>columbam</strong></span> <span class='ocrx_word' id='word_1_563' title='bbox 931 2339 1013 2362; x_wconf 89' lang='lat' dir='ltr'><strong>suam</strong></span> <span class='ocrx_word' id='word_1_564' title='bbox 1033 2339 1040 2362; x_wconf 88' lang='lat'>:</span> 
     </span>
    </p>
   </div>
   <div class='ocr_carea' id='block_1_81' title="bbox 218 2375 699 2419">
    <p class='ocr_par' dir='ltr' id='par_1_81' title="bbox 218 2375 699 2419">
     <span class='ocr_line' id='line_1_81' title="bbox 218 2375 699 2419; baseline -0.002 -11"><span class='ocrx_word' id='word_1_565' title='bbox 218 2381 379 2419; x_wconf 89' lang='lat' dir='ltr'><strong>propterea</strong></span> <span class='ocrx_word' id='word_1_566' title='bbox 394 2386 429 2407; x_wconf 87' lang='lat' dir='ltr'><strong>ex</strong></span> <span class='ocrx_word' id='word_1_567' title='bbox 445 2376 554 2416; x_wconf 92' lang='lat' dir='ltr'><strong>templo</strong></span> <span class='ocrx_word' id='word_1_568' title='bbox 570 2375 699 2415; x_wconf 80' lang='lat' dir='ltr'><strong>ejicitur.</strong></span> 
     </span>
    </p>
   </div>
   <div class='ocr_carea' id='block_1_82' title="bbox 256 2512 1038 2552">
    <p class='ocr_par' dir='ltr' id='par_1_82' title="bbox 256 2512 1038 2552">
     <span class='ocr_line' id='line_1_82' title="bbox 256 2512 1038 2552; baseline -0.006 -6"><span class='ocrx_word' id='word_1_569' title='bbox 256 2514 336 2546; x_wconf 76' lang='lat' dir='ltr'><strong>VERS</strong></span> <span class='ocrx_word' id='word_1_570' title='bbox 365 2514 470 2546; x_wconf 77' lang='lat'><strong>19-23.</strong></span> <span class='ocrx_word' id='word_1_571' title='bbox 487 2513 542 2545; x_wconf 82' lang='lat' dir='ltr'><strong>-Et</strong></span> <span class='ocrx_word' id='word_1_572' title='bbox 556 2521 623 2544; x_wconf 89' lang='lat' dir='ltr'><strong>cum</strong></span> <span class='ocrx_word' id='word_1_573' title='bbox 632 2512 694 2552; x_wconf 84' lang='lat' dir='ltr'><strong>jam</strong></span> <span class='ocrx_word' id='word_1_574' title='bbox 704 2520 826 2552; x_wconf 88' lang='lat' dir='ltr'><strong>vespera</strong></span> <span class='ocrx_word' id='word_1_575' title='bbox 838 2515 1038 2550; x_wconf 84' lang='lat' dir='ltr'><strong>esset,egres-</strong></span> 
     </span>
    </p>
   </div>
   <div class='ocr_carea' id='block_1_83' title="bbox 214 2556 1037 2597">
    <p class='ocr_par' dir='ltr' id='par_1_83' title="bbox 214 2556 1037 2597">
     <span class='ocr_line' id='line_1_83' title="bbox 214 2556 1037 2597; baseline -0.004 -6"><span class='ocrx_word' id='word_1_576' title='bbox 214 2569 265 2591; x_wconf 83' lang='lat' dir='ltr'><strong>sus</strong></span> <span class='ocrx_word' id='word_1_577' title='bbox 274 2559 412 2591; x_wconf 89' lang='lat' dir='ltr'><strong>estJesus</strong></span> <span class='ocrx_word' id='word_1_578' title='bbox 423 2567 440 2589; x_wconf 91' lang='lat' dir='ltr'><strong>e</strong></span> <span class='ocrx_word' id='word_1_579' title='bbox 452 2557 619 2590; x_wconf 82' lang='lat' dir='ltr'><strong>civitate.Et</strong></span> <span class='ocrx_word' id='word_1_580' title='bbox 630 2566 716 2588; x_wconf 88' lang='lat' dir='ltr'><strong>mane</strong></span> <span class='ocrx_word' id='word_1_581' title='bbox 730 2560 944 2597; x_wconf 67' lang='lat' dir='ltr'><strong>praetereuntes</strong></span> <span class='ocrx_word' id='word_1_582' title='bbox 953 2556 1037 2588; x_wconf 88' lang='lat' dir='ltr'><strong>vide-</strong></span> 
     </span>
    </p>
   </div>
   <div class='ocr_carea' id='block_1_84' title="bbox 1085 1569 1901 1610">
    <p class='ocr_par' dir='ltr' id='par_1_84' title="bbox 1085 1569 1901 1610">
     <span class='ocr_line' id='line_1_84' title="bbox 1085 1569 1901 1610; baseline 0.001 -12"><span class='ocrx_word' id='word_1_583' title='bbox 1085 1571 1285 1610; x_wconf 73' lang='grc' dir='ltr'>προσφερόμενπ</span> <span class='ocrx_word' id='word_1_584' title='bbox 1325 1573 1380 1606; x_wconf 77' lang='grc' dir='ltr'><strong>ζῶα</strong></span> <span class='ocrx_word' id='word_1_585' title='bbox 1406 1569 1526 1598; x_wconf 77' lang='grc' dir='ltr'>ἐπώλουν</span> <span class='ocrx_word' id='word_1_586' title='bbox 1552 1571 1631 1610; x_wconf 82' lang='grc' dir='ltr'>χάριν</span> <span class='ocrx_word' id='word_1_587' title='bbox 1667 1569 1786 1610; x_wconf 71' lang='grc' dir='ltr'>κέρδους,</span> <span class='ocrx_word' id='word_1_588' title='bbox 1810 1569 1901 1608; x_wconf 67' lang='grc' dir='ltr'>λῃστὰ(</span> 
     </span>
    </p>
   </div>
   <div class='ocr_carea' id='block_1_85' title="bbox 1085 1614 1902 1653">
    <p class='ocr_par' dir='ltr' id='par_1_85' title="bbox 1085 1614 1902 1653">
     <span class='ocr_line' id='line_1_85' title="bbox 1085 1614 1902 1653; baseline -0.001 -10"><span class='ocrx_word' id='word_1_589' title='bbox 1085 1615 1333 1653; x_wconf 71' lang='grc' dir='ltr'>αὖτοὺςώνόμασε.</span> <span class='ocrx_word' id='word_1_590' title='bbox 1359 1614 1535 1644; x_wconf 74' lang='grc' dir='ltr'>Κολλυϐισταὶ</span> <span class='ocrx_word' id='word_1_591' title='bbox 1564 1614 1591 1643; x_wconf 79' lang='grc' dir='ltr'>δὲ</span> <span class='ocrx_word' id='word_1_592' title='bbox 1620 1615 1689 1649; x_wconf 76' lang='grc' dir='ltr'>ἦσαν</span> <span class='ocrx_word' id='word_1_593' title='bbox 1719 1617 1744 1643; x_wconf 80' lang='grc' dir='ltr'>οἱ</span> <span class='ocrx_word' id='word_1_594' title='bbox 1774 1615 1807 1643; x_wconf 78' lang='grc' dir='ltr'><strong>τὰ</strong></span> <span class='ocrx_word' id='word_1_595' title='bbox 1834 1614 1902 1652; x_wconf 88' lang='grc' dir='ltr'>νομί-</span> 
     </span>
    </p>
   </div>
   <div class='ocr_carea' id='block_1_86' title="bbox 1085 1658 1902 1699">
    <p class='ocr_par' dir='ltr' id='par_1_86' title="bbox 1085 1658 1902 1699">
     <span class='ocr_line' id='line_1_86' title="bbox 1085 1658 1902 1699; baseline 0 -12"><span class='ocrx_word' id='word_1_596' title='bbox 1085 1670 1174 1697; x_wconf 75' lang='grc' dir='ltr'>σματα</span> <span class='ocrx_word' id='word_1_597' title='bbox 1201 1659 1392 1692; x_wconf 75' lang='grc' dir='ltr'>ἁλλάσσοντις.</span> <span class='ocrx_word' id='word_1_598' title='bbox 1409 1658 1543 1692; x_wconf 79' lang='grc' dir='ltr'>Κόλλυϐος</span> <span class='ocrx_word' id='word_1_599' title='bbox 1570 1660 1620 1699; x_wconf 80' lang='grc' dir='ltr'><strong>γὰρ</strong></span> <span class='ocrx_word' id='word_1_600' title='bbox 1649 1659 1723 1693; x_wconf 75' lang='grc' dir='ltr'>εἶδος</span> <span class='ocrx_word' id='word_1_601' title='bbox 1748 1659 1845 1688; x_wconf 73' lang='grc' dir='ltr'>λιτττοῦ</span> <span class='ocrx_word' id='word_1_602' title='bbox 1863 1669 1902 1687; x_wconf 87' lang='grc' dir='ltr'>νο-</span> 
     </span>
    </p>
   </div>
   <div class='ocr_carea' id='block_1_87' title="bbox 1085 1703 1902 1745">
    <p class='ocr_par' dir='ltr' id='par_1_87' title="bbox 1085 1703 1902 1745">
     <span class='ocr_line' id='line_1_87' title="bbox 1085 1703 1902 1745; baseline 0.001 -14"><span class='ocrx_word' id='word_1_603' title='bbox 1085 1704 1217 1742; x_wconf 85' lang='grc' dir='ltr'>μίσματος</span> <span class='ocrx_word' id='word_1_604' title='bbox 1247 1703 1362 1745; x_wconf 78' lang='grc' dir='ltr'>χαλκοῦ.</span> <span class='ocrx_word' id='word_1_605' title='bbox 1391 1703 1503 1744; x_wconf 76' lang='grc' dir='ltr'>Ἐφιστᾷ</span> <span class='ocrx_word' id='word_1_606' title='bbox 1531 1704 1559 1732; x_wconf 69' lang='grc' dir='ltr'>δὲ</span> <span class='ocrx_word' id='word_1_607' title='bbox 1581 1706 1673 1737; x_wconf 71' lang='grc' dir='ltr'>αὐτοῖς</span> <span class='ocrx_word' id='word_1_608' title='bbox 1696 1705 1845 1744; x_wconf 81' lang='grc' dir='ltr'>κατήγορον</span> <span class='ocrx_word' id='word_1_609' title='bbox 1865 1703 1902 1732; x_wconf 70' lang='grc' dir='ltr'>καὶ</span> 
     </span>
    </p>
   </div>
   <div class='ocr_carea' id='block_1_88' title="bbox 1082 1744 1902 1789">
    <p class='ocr_par' dir='ltr' id='par_1_88' title="bbox 1082 1744 1902 1789">
     <span class='ocr_line' id='line_1_88' title="bbox 1082 1744 1902 1789; baseline -0.001 -12"><span class='ocrx_word' id='word_1_610' title='bbox 1082 1749 1128 1778; x_wconf 77' lang='grc' dir='ltr'><strong>τὸν</strong></span> <span class='ocrx_word' id='word_1_611' title='bbox 1150 1750 1290 1789; x_wconf 61' lang='grc' dir='ltr'>προφήτην</span> <span class='ocrx_word' id='word_1_612' title='bbox 1307 1745 1433 1789; x_wconf 57' lang='lat' dir='ltr'><strong>&#39;Hn‘tav,</strong></span> <span class='ocrx_word' id='word_1_613' title='bbox 1450 1748 1564 1787; x_wconf 79' lang='grc' dir='ltr'>λέγοντα</span> <span class='ocrx_word' id='word_1_614' title='bbox 1580 1756 1588 1764; x_wconf 85' lang='lat'>&#39;</span> <span class='ocrx_word' id='word_1_615' title='bbox 1606 1744 1635 1778; x_wconf 64' lang='grc' dir='ltr'><strong>ι0</strong></span> <span class='ocrx_word' id='word_1_616' title='bbox 1657 1749 1736 1782; x_wconf 76' lang='grc' dir='ltr'>οἶκός</span> <span class='ocrx_word' id='word_1_617' title='bbox 1759 1760 1820 1788; x_wconf 74' lang='grc' dir='ltr'>μου,</span> <span class='ocrx_word' id='word_1_618' title='bbox 1836 1748 1902 1779; x_wconf 76' lang='grc' dir='ltr'>οἶκος</span> 
     </span>
    </p>
   </div>
   <div class='ocr_carea' id='block_1_89' title="bbox 1084 1792 1902 1834">
    <p class='ocr_par' dir='ltr' id='par_1_89' title="bbox 1084 1792 1902 1834">
     <span class='ocr_line' id='line_1_89' title="bbox 1084 1792 1902 1834; baseline -0.001 -12"><span class='ocrx_word' id='word_1_619' title='bbox 1084 1796 1239 1834; x_wconf 65' lang='grc' dir='ltr'>προστυχὴς</span> <span class='ocrx_word' id='word_1_620' title='bbox 1263 1793 1438 1828; x_wconf 62' lang='grc' dir='ltr'>κληθήσεται,</span> <span class='ocrx_word' id='word_1_621' title='bbox 1461 1792 1546 1821; x_wconf 77' lang='grc' dir='ltr'>Ἀλλὰ</span> <span class='ocrx_word' id='word_1_622' title='bbox 1574 1793 1613 1832; x_wconf 69' lang='grc' dir='ltr'><strong>μὴ</strong></span> <span class='ocrx_word' id='word_1_623' title='bbox 1642 1793 1748 1833; x_wconf 77' lang='grc' dir='ltr'>γένοιτο</span> <span class='ocrx_word' id='word_1_624' title='bbox 1777 1795 1820 1822; x_wconf 74' lang='grc' dir='ltr'>καὶ</span> <span class='ocrx_word' id='word_1_625' title='bbox 1839 1794 1902 1830; x_wconf 75' lang='grc' dir='ltr'>ἡμᾶς</span> 
     </span>
    </p>
   </div>
   <div class='ocr_carea' id='block_1_90' title="bbox 1085 1837 1903 1878">
    <p class='ocr_par' dir='ltr' id='par_1_90' title="bbox 1085 1837 1903 1878">
     <span class='ocr_line' id='line_1_90' title="bbox 1085 1837 1903 1878; baseline -0.001 -11"><span class='ocrx_word' id='word_1_626' title='bbox 1085 1837 1136 1870; x_wconf 65' lang='grc' dir='ltr'><strong>ἔξω</strong></span> <span class='ocrx_word' id='word_1_627' title='bbox 1156 1842 1203 1867; x_wconf 80' lang='grc' dir='ltr'>τοῦ</span> <span class='ocrx_word' id='word_1_628' title='bbox 1237 1840 1307 1877; x_wconf 76' lang='grc' dir='ltr'>ἱεροῦ</span> <span class='ocrx_word' id='word_1_629' title='bbox 1336 1838 1508 1872; x_wconf 71' lang='grc' dir='ltr'>ἐκϐληθῆναι.</span> <span class='ocrx_word' id='word_1_630' title='bbox 1544 1837 1642 1866; x_wconf 74' lang='grc' dir='ltr'>Πολλοὶ</span> <span class='ocrx_word' id='word_1_631' title='bbox 1669 1839 1720 1878; x_wconf 78' lang='grc' dir='ltr'>γὰρ</span> <span class='ocrx_word' id='word_1_632' title='bbox 1749 1839 1793 1867; x_wconf 83' lang='grc' dir='ltr'><strong>καὶ</strong></span> <span class='ocrx_word' id='word_1_633' title='bbox 1820 1837 1845 1866; x_wconf 73' lang='grc' dir='ltr'>ἓν</span> <span class='ocrx_word' id='word_1_634' title='bbox 1869 1839 1903 1873; x_wconf 72' lang='grc' dir='ltr'>τῷ</span> 
     </span>
    </p>
   </div>
   <div class='ocr_carea' id='block_1_91' title="bbox 1086 1882 1903 1924">
    <p class='ocr_par' dir='ltr' id='par_1_91' title="bbox 1086 1882 1903 1924">
     <span class='ocr_line' id='line_1_91' title="bbox 1086 1882 1903 1924; baseline -0.001 -12"><span class='ocrx_word' id='word_1_635' title='bbox 1086 1884 1148 1922; x_wconf 78' lang='grc' dir='ltr'><strong>ἱερῷ</strong></span> <span class='ocrx_word' id='word_1_636' title='bbox 1173 1884 1212 1921; x_wconf 81' lang='grc' dir='ltr'>τῷ</span> <span class='ocrx_word' id='word_1_637' title='bbox 1228 1883 1353 1922; x_wconf 74' lang='grc' dir='ltr'>ἡμετέρῳ</span> <span class='ocrx_word' id='word_1_638' title='bbox 1381 1883 1568 1924; x_wconf 70' lang='grc' dir='ltr'><strong>εἰσερχόμεθα,</strong></span> <span class='ocrx_word' id='word_1_639' title='bbox 1591 1882 1745 1915; x_wconf 74' lang='grc' dir='ltr'>πωλοῦντος</span> <span class='ocrx_word' id='word_1_640' title='bbox 1776 1884 1809 1911; x_wconf 79' lang='grc' dir='ltr'><strong>τὰ</strong></span> <span class='ocrx_word' id='word_1_641' title='bbox 1835 1893 1903 1923; x_wconf 77' lang='grc' dir='ltr'>χρη-</span> 
     </span>
    </p>
   </div>
   <div class='ocr_carea' id='block_1_92' title="bbox 1085 1927 1902 1968">
    <p class='ocr_par' dir='ltr' id='par_1_92' title="bbox 1085 1927 1902 1968">
     <span class='ocr_line' id='line_1_92' title="bbox 1085 1927 1902 1968; baseline -0.002 -12"><span class='ocrx_word' id='word_1_642' title='bbox 1085 1928 1134 1956; x_wconf 78' lang='grc' dir='ltr'><strong>στὰ</strong></span> <span class='ocrx_word' id='word_1_643' title='bbox 1154 1929 1198 1956; x_wconf 82' lang='grc' dir='ltr'><strong>καὶ</strong></span> <span class='ocrx_word' id='word_1_644' title='bbox 1224 1928 1396 1967; x_wconf 78' lang='grc' dir='ltr'>ἀγοράζοντες</span> <span class='ocrx_word' id='word_1_645' title='bbox 1421 1929 1454 1956; x_wconf 80' lang='grc' dir='ltr'>τὰ</span> <span class='ocrx_word' id='word_1_646' title='bbox 1481 1928 1577 1968; x_wconf 85' lang='grc' dir='ltr'>χείρω.</span> <span class='ocrx_word' id='word_1_647' title='bbox 1600 1928 1656 1956; x_wconf 74' lang='grc' dir='ltr'>Εἰσὶ</span> <span class='ocrx_word' id='word_1_648' title='bbox 1684 1927 1711 1957; x_wconf 71' lang='grc' dir='ltr'>δὲ</span> <span class='ocrx_word' id='word_1_649' title='bbox 1733 1928 1778 1956; x_wconf 73' lang='grc' dir='ltr'><strong>καὶ</strong></span> <span class='ocrx_word' id='word_1_650' title='bbox 1793 1928 1820 1956; x_wconf 75' lang='grc' dir='ltr'>οἳ</span> <span class='ocrx_word' id='word_1_651' title='bbox 1844 1937 1902 1966; x_wconf 80' lang='grc' dir='ltr'>τρα-</span> 
     </span>
    </p>
   </div>
   <div class='ocr_carea' id='block_1_93' title="bbox 1083 1971 1896 2013">
    <p class='ocr_par' dir='ltr' id='par_1_93' title="bbox 1083 1971 1896 2013">
     <span class='ocr_line' id='line_1_93' title="bbox 1083 1971 1896 2013; baseline 0.002 -13"><span class='ocrx_word' id='word_1_652' title='bbox 1083 1972 1163 2008; x_wconf 77' lang='grc' dir='ltr'>πέζας</span> <span class='ocrx_word' id='word_1_653' title='bbox 1191 1971 1326 2001; x_wconf 72' lang='grc' dir='ltr'>κολλάϐων</span> <span class='ocrx_word' id='word_1_654' title='bbox 1356 1972 1467 2013; x_wconf 73' lang='grc' dir='ltr'>πλήρεις</span> <span class='ocrx_word' id='word_1_655' title='bbox 1505 1973 1626 2013; x_wconf 75' lang='grc' dir='ltr'>ἔχουσιν,</span> <span class='ocrx_word' id='word_1_656' title='bbox 1655 1973 1679 2001; x_wconf 82' lang='grc' dir='ltr'>οὶ</span> <span class='ocrx_word' id='word_1_657' title='bbox 1707 1974 1896 2010; x_wconf 65' lang='grc' dir='ltr'>οἰκονομοῦντες</span> 
     </span>
    </p>
   </div>
   <div class='ocr_carea' id='block_1_94' title="bbox 1083 2016 1900 2058">
    <p class='ocr_par' dir='ltr' id='par_1_94' title="bbox 1083 2016 1900 2058">
     <span class='ocr_line' id='line_1_94' title="bbox 1083 2016 1900 2058; baseline -0.002 -13"><span class='ocrx_word' id='word_1_658' title='bbox 1083 2017 1132 2056; x_wconf 77' lang='grc' dir='ltr'>μὶν</span> <span class='ocrx_word' id='word_1_659' title='bbox 1158 2018 1203 2046; x_wconf 81' lang='grc' dir='ltr'><strong>καὶ</strong></span> <span class='ocrx_word' id='word_1_660' title='bbox 1230 2017 1389 2050; x_wconf 75' lang='grc' dir='ltr'>διοικοῦντες</span> <span class='ocrx_word' id='word_1_661' title='bbox 1420 2018 1454 2046; x_wconf 83' lang='grc' dir='ltr'><strong>τὰ</strong></span> <span class='ocrx_word' id='word_1_662' title='bbox 1477 2017 1698 2055; x_wconf 76' lang='grc' dir='ltr'>ἐκκλησιαστικὰ,</span> <span class='ocrx_word' id='word_1_663' title='bbox 1724 2017 1768 2046; x_wconf 78' lang='grc' dir='ltr'><strong>διὰ</strong></span> <span class='ocrx_word' id='word_1_664' title='bbox 1782 2016 1809 2046; x_wconf 78' lang='grc' dir='ltr'>δὲ</span> <span class='ocrx_word' id='word_1_665' title='bbox 1825 2018 1900 2058; x_wconf 69' lang='grc' dir='ltr'>φιλο-</span> 
     </span>
    </p>
   </div>
   <div class='ocr_carea' id='block_1_95' title="bbox 1086 2060 1900 2102">
    <p class='ocr_par' dir='ltr' id='par_1_95' title="bbox 1086 2060 1900 2102">
     <span class='ocr_line' id='line_1_95' title="bbox 1086 2060 1900 2102; baseline -0.004 -11"><span class='ocrx_word' id='word_1_666' title='bbox 1086 2063 1240 2102; x_wconf 71' lang='grc' dir='ltr'>χρηματίαν</span> <span class='ocrx_word' id='word_1_667' title='bbox 1261 2063 1348 2093; x_wconf 81' lang='grc' dir='ltr'>πάντα</span> <span class='ocrx_word' id='word_1_668' title='bbox 1375 2066 1525 2094; x_wconf 80' lang='grc' dir='ltr'>ποιοῦντες.</span> <span class='ocrx_word' id='word_1_669' title='bbox 1554 2061 1637 2092; x_wconf 83' lang='grc' dir='ltr'>Ἀλλὰ</span> <span class='ocrx_word' id='word_1_670' title='bbox 1664 2063 1708 2091; x_wconf 77' lang='grc' dir='ltr'>καὶ</span> <span class='ocrx_word' id='word_1_671' title='bbox 1737 2064 1764 2091; x_wconf 74' lang='grc' dir='ltr'>αἱ</span> <span class='ocrx_word' id='word_1_672' title='bbox 1790 2060 1900 2100; x_wconf 70' lang='grc' dir='ltr'>καθέδραι</span> 
     </span>
    </p>
   </div>
   <div class='ocr_carea' id='block_1_96' title="bbox 1085 2107 1897 2147">
    <p class='ocr_par' dir='ltr' id='par_1_96' title="bbox 1085 2107 1897 2147">
     <span class='ocr_line' id='line_1_96' title="bbox 1085 2107 1897 2147; baseline -0.004 -11"><span class='ocrx_word' id='word_1_673' title='bbox 1085 2109 1139 2136; x_wconf 81' lang='grc' dir='ltr'>τῶν</span> <span class='ocrx_word' id='word_1_674' title='bbox 1179 2107 1340 2136; x_wconf 77' lang='grc' dir='ltr'>πωλούντων</span> <span class='ocrx_word' id='word_1_675' title='bbox 1381 2108 1428 2140; x_wconf 77' lang='grc' dir='ltr'><strong>τὰς</strong></span> <span class='ocrx_word' id='word_1_676' title='bbox 1471 2108 1626 2147; x_wconf 75' lang='grc' dir='ltr'>πιριστερὰς</span> <span class='ocrx_word' id='word_1_677' title='bbox 1672 2107 1897 2147; x_wconf 72' lang='grc' dir='ltr'>καταστρέφονται,</span> 
     </span>
    </p>
   </div>
   <div class='ocr_carea' id='block_1_97' title="bbox 1085 2152 1899 2193">
    <p class='ocr_par' dir='ltr' id='par_1_97' title="bbox 1085 2152 1899 2193">
     <span class='ocr_line' id='line_1_97' title="bbox 1085 2152 1899 2193; baseline -0.005 -12"><span class='ocrx_word' id='word_1_678' title='bbox 1085 2152 1167 2192; x_wconf 73' lang='grc' dir='ltr'>ἤγουν</span> <span class='ocrx_word' id='word_1_679' title='bbox 1202 2153 1263 2185; x_wconf 76' lang='grc' dir='ltr'>τοὺς</span> <span class='ocrx_word' id='word_1_680' title='bbox 1293 2153 1432 2193; x_wconf 79' lang='grc' dir='ltr'>ἀρχιερεῖς</span> <span class='ocrx_word' id='word_1_681' title='bbox 1460 2154 1522 2186; x_wconf 67' lang='grc' dir='ltr'>τοὶς</span> <span class='ocrx_word' id='word_1_682' title='bbox 1551 2152 1707 2185; x_wconf 71' lang='grc' dir='ltr'>πωλοῦντας</span> <span class='ocrx_word' id='word_1_683' title='bbox 1734 2153 1768 2182; x_wconf 75' lang='grc' dir='ltr'><strong>τὰ</strong></span> <span class='ocrx_word' id='word_1_684' title='bbox 1789 2161 1899 2189; x_wconf 81' lang='grc' dir='ltr'>πνευμα-</span> 
     </span>
    </p>
   </div>
   <div class='ocr_carea' id='block_1_98' title="bbox 1085 2194 1899 2237">
    <p class='ocr_par' dir='ltr' id='par_1_98' title="bbox 1085 2194 1899 2237">
     <span class='ocr_line' id='line_1_98' title="bbox 1085 2194 1899 2237; baseline -0.004 -12"><span class='ocrx_word' id='word_1_685' title='bbox 1085 2197 1146 2225; x_wconf 78' lang='grc' dir='ltr'>τικὰ</span> <span class='ocrx_word' id='word_1_686' title='bbox 1173 2197 1328 2237; x_wconf 82' lang='grc' dir='ltr'>χαρίσματα</span> <span class='ocrx_word' id='word_1_687' title='bbox 1354 2198 1411 2236; x_wconf 79' lang='grc' dir='ltr'>(τοῦ</span> <span class='ocrx_word' id='word_1_688' title='bbox 1448 2197 1499 2236; x_wconf 78' lang='grc' dir='ltr'><strong>γὰρ</strong></span> <span class='ocrx_word' id='word_1_689' title='bbox 1540 2197 1694 2235; x_wconf 75' lang='grc' dir='ltr'>Πνιύματος</span> <span class='ocrx_word' id='word_1_690' title='bbox 1733 2194 1861 2234; x_wconf 76' lang='grc' dir='ltr'>σύμϐολιν</span> <span class='ocrx_word' id='word_1_691' title='bbox 1884 2194 1899 2227; x_wconf 76' lang='grc' dir='ltr'>ἡ</span> 
     </span>
    </p>
   </div>
   <div class='ocr_carea' id='block_1_99' title="bbox 1085 2240 1894 2282">
    <p class='ocr_par' dir='ltr' id='par_1_99' title="bbox 1085 2240 1894 2282">
     <span class='ocr_line' id='line_1_99' title="bbox 1085 2240 1894 2282; baseline -0.001 -12"><span class='ocrx_word' id='word_1_692' title='bbox 1085 2242 1239 2282; x_wconf 78' lang='grc' dir='ltr'>περιστερὰ)</span> <span class='ocrx_word' id='word_1_693' title='bbox 1260 2241 1353 2275; x_wconf 72' lang='grc' dir='ltr'><strong>ἐξωθεῖ</strong></span> <span class='ocrx_word' id='word_1_694' title='bbox 1390 2243 1405 2270; x_wconf 81' lang='grc' dir='ltr'><strong>ὁ</strong></span> <span class='ocrx_word' id='word_1_695' title='bbox 1440 2242 1536 2280; x_wconf 82' lang='grc' dir='ltr'>Κύριος</span> <span class='ocrx_word' id='word_1_696' title='bbox 1561 2241 1593 2269; x_wconf 73' lang='grc' dir='ltr'>ὲκ</span> <span class='ocrx_word' id='word_1_697' title='bbox 1627 2244 1677 2276; x_wconf 80' lang='grc' dir='ltr'>τῆς</span> <span class='ocrx_word' id='word_1_698' title='bbox 1691 2240 1894 2282; x_wconf 70' lang='grc' dir='ltr'>ἆρχιοριυσύνης.</span> 
     </span>
    </p>
   </div>
   <div class='ocr_carea' id='block_1_100' title="bbox 1087 2282 1897 2327">
    <p class='ocr_par' dir='ltr' id='par_1_100' title="bbox 1087 2282 1897 2327">
     <span class='ocr_line' id='line_1_100' title="bbox 1087 2282 1897 2327; baseline -0.007 -11"><span class='ocrx_word' id='word_1_699' title='bbox 1087 2282 1115 2316; x_wconf 43' lang='grc'>(0</span> <span class='ocrx_word' id='word_1_700' title='bbox 1138 2287 1188 2327; x_wconf 76' lang='grc' dir='ltr'><strong>γὰρ</strong></span> <span class='ocrx_word' id='word_1_701' title='bbox 1216 2285 1258 2314; x_wconf 76' lang='grc' dir='ltr'>διὰ</span> <span class='ocrx_word' id='word_1_702' title='bbox 1286 2286 1395 2326; x_wconf 81' lang='grc' dir='ltr'>χρυσίου</span> <span class='ocrx_word' id='word_1_703' title='bbox 1419 2285 1518 2318; x_wconf 79' lang='grc' dir='ltr'>δόσεως</span> <span class='ocrx_word' id='word_1_704' title='bbox 1545 2288 1720 2326; x_wconf 77' lang='grc' dir='ltr'><strong>χειροτονῶν²</strong></span> <span class='ocrx_word' id='word_1_705' title='bbox 1753 2283 1897 2324; x_wconf 73' lang='grc' dir='ltr'>καθῃρημέ-</span> 
     </span>
    </p>
   </div>
   <div class='ocr_carea' id='block_1_101' title="bbox 1085 2328 1898 2369">
    <p class='ocr_par' dir='ltr' id='par_1_101' title="bbox 1085 2328 1898 2369">
     <span class='ocr_line' id='line_1_101' title="bbox 1085 2328 1898 2369; baseline -0.002 -9"><span class='ocrx_word' id='word_1_706' title='bbox 1085 2341 1142 2364; x_wconf 87' lang='grc' dir='ltr'>νος.</span> <span class='ocrx_word' id='word_1_707' title='bbox 1164 2331 1249 2359; x_wconf 79' lang='grc' dir='ltr'>Ἀλλὰ</span> <span class='ocrx_word' id='word_1_708' title='bbox 1276 2331 1321 2359; x_wconf 81' lang='grc' dir='ltr'><strong>καὶ</strong></span> <span class='ocrx_word' id='word_1_709' title='bbox 1349 2330 1422 2362; x_wconf 76' lang='grc' dir='ltr'>ὅστις</span> <span class='ocrx_word' id='word_1_710' title='bbox 1447 2331 1497 2365; x_wconf 80' lang='grc' dir='ltr'>τὴν</span> <span class='ocrx_word' id='word_1_711' title='bbox 1526 2331 1557 2360; x_wconf 77' lang='grc' dir='ltr'>ἐκ</span> <span class='ocrx_word' id='word_1_712' title='bbox 1570 2335 1617 2360; x_wconf 82' lang='grc' dir='ltr'>τοῦ</span> <span class='ocrx_word' id='word_1_713' title='bbox 1632 2331 1814 2369; x_wconf 78' lang='grc' dir='ltr'>βαπτίσματος</span> <span class='ocrx_word' id='word_1_714' title='bbox 1829 2328 1898 2369; x_wconf 79' lang='grc' dir='ltr'>χάριν</span> 
     </span>
    </p>
   </div>
   <div class='ocr_carea' id='block_1_102' title="bbox 1083 2372 1897 2416">
    <p class='ocr_par' dir='ltr' id='par_1_102' title="bbox 1083 2372 1897 2416">
     <span class='ocr_line' id='line_1_102' title="bbox 1083 2372 1897 2416; baseline -0.004 -12"><span class='ocrx_word' id='word_1_715' title='bbox 1083 2376 1133 2404; x_wconf 67' lang='grc' dir='ltr'><strong>καί</strong></span> <span class='ocrx_word' id='word_1_716' title='bbox 1161 2376 1329 2416; x_wconf 72' lang='grc' dir='ltr'>καθαρότητα</span> <span class='ocrx_word' id='word_1_717' title='bbox 1350 2375 1479 2416; x_wconf 82' lang='grc' dir='ltr'>προδώσει</span> <span class='ocrx_word' id='word_1_718' title='bbox 1506 2376 1545 2414; x_wconf 79' lang='grc' dir='ltr'><strong>τῷ</strong></span> <span class='ocrx_word' id='word_1_719' title='bbox 1586 2374 1713 2416; x_wconf 73' lang='grc' dir='ltr'>διαϐόλῳ,</span> <span class='ocrx_word' id='word_1_720' title='bbox 1735 2375 1809 2407; x_wconf 81' lang='grc' dir='ltr'>οὗτος</span> <span class='ocrx_word' id='word_1_721' title='bbox 1832 2372 1897 2401; x_wconf 68' lang='grc' dir='ltr'>ἐπώ-</span> 
     </span>
    </p>
   </div>
   <div class='ocr_carea' id='block_1_103' title="bbox 1081 2417 1896 2460">
    <p class='ocr_par' dir='ltr' id='par_1_103' title="bbox 1081 2417 1896 2460">
     <span class='ocr_line' id='line_1_103' title="bbox 1081 2417 1896 2460; baseline -0.002 -12"><span class='ocrx_word' id='word_1_722' title='bbox 1081 2420 1149 2455; x_wconf 79' lang='grc' dir='ltr'>λησε</span> <span class='ocrx_word' id='word_1_723' title='bbox 1177 2421 1226 2454; x_wconf 78' lang='grc' dir='ltr'><strong>τὴν</strong></span> <span class='ocrx_word' id='word_1_724' title='bbox 1255 2421 1410 2460; x_wconf 75' lang='grc' dir='ltr'>περιστερὰν</span> <span class='ocrx_word' id='word_1_725' title='bbox 1427 2420 1518 2460; x_wconf 48' lang='grc' dir='ltr'>αὐτοῦ,</span> <span class='ocrx_word' id='word_1_726' title='bbox 1541 2419 1584 2451; x_wconf 80' lang='grc' dir='ltr'><strong>διὰ</strong></span> <span class='ocrx_word' id='word_1_727' title='bbox 1611 2423 1689 2448; x_wconf 82' lang='grc' dir='ltr'>τοῦτο</span> <span class='ocrx_word' id='word_1_728' title='bbox 1710 2420 1755 2448; x_wconf 85' lang='grc' dir='ltr'><strong>καὶ</strong></span> <span class='ocrx_word' id='word_1_729' title='bbox 1778 2417 1896 2447; x_wconf 74' lang='grc' dir='ltr'>ἐκϐάλΛι-</span> 
     </span>
    </p>
   </div>
   <div class='ocr_carea' id='block_1_104' title="bbox 1080 2466 1324 2505">
    <p class='ocr_par' dir='ltr' id='par_1_104' title="bbox 1080 2466 1324 2505">
     <span class='ocr_line' id='line_1_104' title="bbox 1080 2466 1324 2505; baseline -0.004 -11"><span class='ocrx_word' id='word_1_730' title='bbox 1080 2476 1124 2494; x_wconf 84' lang='grc' dir='ltr'><strong>ται</strong></span> <span class='ocrx_word' id='word_1_731' title='bbox 1139 2466 1171 2494; x_wconf 80' lang='grc' dir='ltr'>ἐκ</span> <span class='ocrx_word' id='word_1_732' title='bbox 1183 2470 1230 2495; x_wconf 84' lang='grc' dir='ltr'>τοῦ</span> <span class='ocrx_word' id='word_1_733' title='bbox 1243 2466 1324 2505; x_wconf 78' lang='grc' dir='ltr'>ἱερου.</span> 
     </span>
    </p>
   </div>
   <div class='ocr_carea' id='block_1_105' title="bbox 1123 2505 1896 2550">
    <p class='ocr_par' dir='ltr' id='par_1_105' title="bbox 1123 2505 1896 2550">
     <span class='ocr_line' id='line_1_105' title="bbox 1123 2505 1896 2550; baseline -0.005 -10"><span class='ocrx_word' id='word_1_734' title='bbox 1123 2520 1139 2541; x_wconf 84' lang='grc'><strong>(</strong></span> <span class='ocrx_word' id='word_1_735' title='bbox 1162 2511 1211 2541; x_wconf 80' lang='grc' dir='ltr'>Καὶ</span> <span class='ocrx_word' id='word_1_736' title='bbox 1225 2511 1269 2538; x_wconf 75' lang='grc' dir='ltr'><strong>ὅτε</strong></span> <span class='ocrx_word' id='word_1_737' title='bbox 1290 2510 1341 2548; x_wconf 77' lang='grc' dir='ltr'><strong>ὀψὲ</strong></span> <span class='ocrx_word' id='word_1_738' title='bbox 1367 2509 1486 2550; x_wconf 76' lang='grc' dir='ltr'>ἐγένετο,</span> <span class='ocrx_word' id='word_1_739' title='bbox 1517 2509 1687 2550; x_wconf 68' lang='grc' dir='ltr'>ἐξεπορεύετο</span> <span class='ocrx_word' id='word_1_740' title='bbox 1716 2508 1766 2543; x_wconf 69' lang='grc' dir='ltr'><strong>ἔξω</strong></span> <span class='ocrx_word' id='word_1_741' title='bbox 1786 2508 1832 2542; x_wconf 78' lang='grc' dir='ltr'>τῆς</span> <span class='ocrx_word' id='word_1_742' title='bbox 1850 2505 1896 2535; x_wconf 81' lang='grc' dir='ltr'>πό·</span> 
     </span>
    </p>
   </div>
   <div class='ocr_carea' id='block_1_106' title="bbox 1080 2553 1896 2594">
    <p class='ocr_par' dir='ltr' id='par_1_106' title="bbox 1080 2553 1896 2594">
     <span class='ocr_line' id='line_1_106' title="bbox 1080 2553 1896 2594; baseline -0.007 -9"><span class='ocrx_word' id='word_1_743' title='bbox 1080 2555 1160 2588; x_wconf 73' lang='grc' dir='ltr'>λεως,</span> <span class='ocrx_word' id='word_1_744' title='bbox 1185 2556 1233 2585; x_wconf 77' lang='grc' dir='ltr'>Καὶ</span> <span class='ocrx_word' id='word_1_745' title='bbox 1267 2557 1341 2594; x_wconf 77' lang='grc' dir='ltr'><strong>πριυί</strong></span> <span class='ocrx_word' id='word_1_746' title='bbox 1368 2555 1626 2594; x_wconf 74' lang='grc' dir='ltr'>παραπορευόμενοι,</span> <span class='ocrx_word' id='word_1_747' title='bbox 1655 2553 1729 2583; x_wconf 79' lang='grc' dir='ltr'>εἶδον</span> <span class='ocrx_word' id='word_1_748' title='bbox 1756 2553 1805 2586; x_wconf 75' lang='grc' dir='ltr'><strong>τὴν</strong></span> <span class='ocrx_word' id='word_1_749' title='bbox 1823 2553 1896 2584; x_wconf 70' lang='grc' dir='ltr'>σιιιῆν</span> 
     </span>
    </p>
   </div>
   <div class='ocr_carea' id='block_1_107' title="bbox 214 2596 1041 2641">
    <p class='ocr_par' dir='ltr' id='par_1_107' title="bbox 214 2596 1038 2636">
     <span class='ocr_line' id='line_1_107' title="bbox 214 2596 1038 2636; baseline -0.006 0"><span class='ocrx_word' id='word_1_750' title='bbox 214 2608 284 2636; x_wconf 87' lang='lat' dir='ltr'><strong>runt</strong></span> <span class='ocrx_word' id='word_1_751' title='bbox 298 2604 385 2636; x_wconf 79' lang='lat' dir='ltr'><strong>ticum</strong></span> <span class='ocrx_word' id='word_1_752' title='bbox 401 2603 550 2634; x_wconf 76' lang='lat' dir='ltr'><strong>exaruisse</strong></span> <span class='ocrx_word' id='word_1_753' title='bbox 566 2601 710 2633; x_wconf 86' lang='lat' dir='ltr'><strong>radicitus</strong></span> <span class='ocrx_word' id='word_1_754' title='bbox 727 2596 739 2619; x_wconf 65' lang='grc' dir='ltr'><strong>ί</strong></span> <span class='ocrx_word' id='word_1_755' title='bbox 753 2605 781 2631; x_wconf 91' lang='lat' dir='ltr'><strong>et</strong></span> <span class='ocrx_word' id='word_1_756' title='bbox 796 2602 969 2632; x_wconf 85' lang='lat' dir='ltr'><strong>recordatus</strong></span> <span class='ocrx_word' id='word_1_757' title='bbox 978 2601 1038 2632; x_wconf 90' lang='lat' dir='ltr'><strong>Pe-</strong></span> 
     </span>
    </p>
   </div>
   <div class='ocr_carea' id='block_1_108' title="bbox 1125 2596 1894 2641">
    <p class='ocr_par' dir='ltr' id='par_1_108' title="bbox 1125 2596 1894 2641">
     <span class='ocr_line' id='line_1_108' title="bbox 1125 2596 1894 2641; baseline -0.001 -13"><span class='ocrx_word' id='word_1_758' title='bbox 1125 2599 1269 2641; x_wconf 56' lang='lat' dir='ltr'><strong>,pnppévnv</strong></span> <span class='ocrx_word' id='word_1_759' title='bbox 1306 2601 1337 2628; x_wconf 79' lang='grc' dir='ltr'><strong>ἰςκ</strong></span> <span class='ocrx_word' id='word_1_760' title='bbox 1367 2600 1455 2639; x_wconf 77' lang='grc' dir='ltr'>ῥιζῶν.</span> <span class='ocrx_word' id='word_1_761' title='bbox 1478 2600 1528 2638; x_wconf 65' lang='grc' dir='ltr'>καὶ</span> <span class='ocrx_word' id='word_1_762' title='bbox 1548 2599 1726 2638; x_wconf 77' lang='grc' dir='ltr'>ἀναμνησθεὶς</span> <span class='ocrx_word' id='word_1_763' title='bbox 1754 2599 1768 2627; x_wconf 83' lang='grc' dir='ltr'><strong>ὁ</strong></span> <span class='ocrx_word' id='word_1_764' title='bbox 1796 2596 1894 2636; x_wconf 73' lang='grc' dir='ltr'>Πέτρος,</span> 
     </span>
    </p>
   </div>
   <div class='ocr_carea' id='block_1_109' title="bbox 750 2659 1366 2695">
    <p class='ocr_par' dir='ltr' id='par_1_109' title="bbox 750 2659 1366 2695">
     <span class='ocr_line' id='line_1_109' title="bbox 750 2659 1366 2695; baseline -0.002 -3"><span class='ocrx_word' id='word_1_765' title='bbox 750 2661 793 2692; x_wconf 77' lang='lat' dir='ltr'><strong>Ex</strong></span> <span class='ocrx_word' id='word_1_766' title='bbox 808 2661 971 2693; x_wconf 85' lang='lat' dir='ltr'><strong>collatione</strong></span> <span class='ocrx_word' id='word_1_767' title='bbox 986 2662 1076 2695; x_wconf 86' lang='lat' dir='ltr'><strong>codd.</strong></span> <span class='ocrx_word' id='word_1_768' title='bbox 1091 2661 1199 2694; x_wconf 86' lang='lat' dir='ltr'><strong>Venet.</strong></span> <span class='ocrx_word' id='word_1_769' title='bbox 1216 2660 1248 2693; x_wconf 92' lang='lat' dir='ltr'><strong>S.</strong></span> <span class='ocrx_word' id='word_1_770' title='bbox 1264 2659 1366 2692; x_wconf 79' lang='lat' dir='ltr'><strong>Marci.</strong></span> 
     </span>
    </p>
   </div>
   <div class='ocr_carea' id='block_1_110' title="bbox 215 2721 1038 2765">
    <p class='ocr_par' dir='ltr' id='par_1_110' title="bbox 215 2721 1038 2765">
     <span class='ocr_line' id='line_1_110' title="bbox 215 2721 1038 2765; baseline -0.005 -7"><span class='ocrx_word' id='word_1_771' title='bbox 215 2726 295 2758; x_wconf 88' lang='lat' dir='ltr'><strong>circo</strong></span> <span class='ocrx_word' id='word_1_772' title='bbox 311 2724 521 2765; x_wconf 79' lang='lat' dir='ltr'><strong>meledictione</strong></span> <span class='ocrx_word' id='word_1_773' title='bbox 543 2723 689 2765; x_wconf 68' lang='lat' dir='ltr'><strong>perculsa</strong></span> <span class='ocrx_word' id='word_1_774' title='bbox 699 2721 814 2763; x_wconf 86' lang='lat' dir='ltr'><strong>fuisset,</strong></span> <span class='ocrx_word' id='word_1_775' title='bbox 829 2722 898 2765; x_wconf 78' lang='lat' dir='ltr'><strong>quia</strong></span> <span class='ocrx_word' id='word_1_776' title='bbox 912 2722 1038 2765; x_wconf 72' lang='lat' dir='ltr'><strong>fructum</strong></span> 
     </span>
    </p>
   </div>
   <div class='ocr_carea' id='block_1_111' title="bbox 214 2763 1041 2804">
    <p class='ocr_par' dir='ltr' id='par_1_111' title="bbox 214 2763 1041 2804">
     <span class='ocr_line' id='line_1_111' title="bbox 214 2763 1041 2804; baseline -0.005 -6"><span class='ocrx_word' id='word_1_777' title='bbox 214 2767 328 2798; x_wconf 90' lang='lat' dir='ltr'><strong>nullum</strong></span> <span class='ocrx_word' id='word_1_778' title='bbox 345 2764 484 2796; x_wconf 86' lang='lat' dir='ltr'><strong>habebat.</strong></span> <span class='ocrx_word' id='word_1_779' title='bbox 496 2763 560 2801; x_wconf 81' lang='lat' dir='ltr'><strong>Qua</strong></span> <span class='ocrx_word' id='word_1_780' title='bbox 572 2764 663 2804; x_wconf 79' lang='lat' dir='ltr'><strong>igitur</strong></span> <span class='ocrx_word' id='word_1_781' title='bbox 672 2763 710 2794; x_wconf 89' lang='lat' dir='ltr'><strong>de</strong></span> <span class='ocrx_word' id='word_1_782' title='bbox 721 2772 810 2793; x_wconf 85' lang='lat' dir='ltr'><strong>causa</strong></span> <span class='ocrx_word' id='word_1_783' title='bbox 827 2763 986 2794; x_wconf 83' lang='lat' dir='ltr'><strong>maledicta</strong></span> <span class='ocrx_word' id='word_1_784' title='bbox 997 2769 1041 2795; x_wconf 89' lang='lat' dir='ltr'><strong>est</strong></span> 
     </span>
    </p>
   </div>
   <div class='ocr_carea' id='block_1_112' title="bbox 215 2803 1039 2846">
    <p class='ocr_par' dir='ltr' id='par_1_112' title="bbox 215 2803 1039 2846">
     <span class='ocr_line' id='line_1_112' title="bbox 215 2803 1039 2846; baseline -0.004 -7"><span class='ocrx_word' id='word_1_785' title='bbox 215 2807 305 2841; x_wconf 86' lang='lat' dir='ltr'><strong>arbor</strong></span> <span class='ocrx_word' id='word_1_786' title='bbox 319 2805 391 2837; x_wconf 77' lang='lat' dir='ltr'><strong>illa?</strong></span> <span class='ocrx_word' id='word_1_787' title='bbox 406 2805 537 2842; x_wconf 84' lang='lat' dir='ltr'><strong>Scilicet,</strong></span> <span class='ocrx_word' id='word_1_788' title='bbox 555 2803 614 2836; x_wconf 89' lang='lat' dir='ltr'><strong>non</strong></span> <span class='ocrx_word' id='word_1_789' title='bbox 626 2808 784 2846; x_wconf 85' lang='lat' dir='ltr'><strong>propterea</strong></span> <span class='ocrx_word' id='word_1_790' title='bbox 796 2804 876 2845; x_wconf 88' lang='lat' dir='ltr'><strong>quod</strong></span> <span class='ocrx_word' id='word_1_791' title='bbox 893 2803 955 2844; x_wconf 84' lang='lat' dir='ltr'><strong>ipsa</strong></span> <span class='ocrx_word' id='word_1_792' title='bbox 967 2813 1039 2845; x_wconf 90' lang='lat' dir='ltr'><strong>pec-</strong></span> 
     </span>
    </p>
   </div>
   <div class='ocr_carea' id='block_1_113' title="bbox 1083 2720 1892 2763">
    <p class='ocr_par' dir='ltr' id='par_1_113' title="bbox 1083 2720 1892 2763">
     <span class='ocr_line' id='line_1_113' title="bbox 1083 2720 1892 2763; baseline -0.004 -10"><span class='ocrx_word' id='word_1_793' title='bbox 1083 2721 1214 2761; x_wconf 89' lang='lat' dir='ltr'><strong>caverit;</strong></span> <span class='ocrx_word' id='word_1_794' title='bbox 1231 2722 1284 2754; x_wconf 87' lang='lat' dir='ltr'><strong>sed</strong></span> <span class='ocrx_word' id='word_1_795' title='bbox 1299 2721 1554 2763; x_wconf 82' lang='lat' dir='ltr'><strong>quemadmodum</strong></span> <span class='ocrx_word' id='word_1_796' title='bbox 1569 2720 1693 2763; x_wconf 78' lang='lat' dir='ltr'><strong>dictum,</strong></span> <span class='ocrx_word' id='word_1_797' title='bbox 1713 2724 1757 2752; x_wconf 78' lang='lat' dir='ltr'><strong>est</strong></span> <span class='ocrx_word' id='word_1_798' title='bbox 1767 2723 1798 2763; x_wconf 80' lang='lat' dir='ltr'><strong>ut</strong></span> <span class='ocrx_word' id='word_1_799' title='bbox 1809 2725 1892 2763; x_wconf 47' lang='lat' dir='ltr'><strong>apes:</strong></span> 
     </span>
    </p>
   </div>
   <div class='ocr_carea' id='block_1_114' title="bbox 1083 2757 1894 2803">
    <p class='ocr_par' dir='ltr' id='par_1_114' title="bbox 1083 2757 1894 2803">
     <span class='ocr_line' id='line_1_114' title="bbox 1083 2757 1894 2803; baseline -0.009 -9"><span class='ocrx_word' id='word_1_800' title='bbox 1083 2763 1135 2794; x_wconf 90' lang='lat' dir='ltr'><strong>toli</strong></span> <span class='ocrx_word' id='word_1_801' title='bbox 1150 2757 1396 2803; x_wconf 49' lang='lat' dir='ltr'><strong>discerent-quod</strong></span> <span class='ocrx_word' id='word_1_802' title='bbox 1421 2762 1511 2793; x_wconf 87' lang='lat' dir='ltr'><strong>etiam</strong></span> <span class='ocrx_word' id='word_1_803' title='bbox 1541 2761 1649 2802; x_wconf 87' lang='lat' dir='ltr'><strong>punire</strong></span> <span class='ocrx_word' id='word_1_804' title='bbox 1677 2762 1787 2802; x_wconf 71' lang='lat' dir='ltr'><strong>posset.</strong></span> <span class='ocrx_word' id='word_1_805' title='bbox 1803 2757 1894 2790; x_wconf 73' lang='lat' dir='ltr'><strong>Habet</strong></span> 
     </span>
    </p>
   </div>
   <div class='ocr_carea' id='block_1_115' title="bbox 1083 2804 1529 2845">
    <p class='ocr_par' dir='ltr' id='par_1_115' title="bbox 1083 2804 1529 2845">
     <span class='ocr_line' id='line_1_115' title="bbox 1083 2804 1529 2845; baseline -0.004 -10"><span class='ocrx_word' id='word_1_806' title='bbox 1083 2806 1158 2836; x_wconf 81' lang='lat' dir='ltr'><strong>item</strong></span> <span class='ocrx_word' id='word_1_807' title='bbox 1175 2808 1205 2835; x_wconf 86' lang='lat' dir='ltr'><strong>et</strong></span> <span class='ocrx_word' id='word_1_808' title='bbox 1216 2804 1290 2844; x_wconf 78' lang='lat' dir='ltr'><strong>ﬁcus</strong></span> <span class='ocrx_word' id='word_1_809' title='bbox 1305 2807 1422 2845; x_wconf 82' lang='lat' dir='ltr'><strong>typum,</strong></span> <span class='ocrx_word' id='word_1_810' title='bbox 1438 2806 1498 2835; x_wconf 85' lang='lat' dir='ltr'><strong>etc.</strong></span> <span class='ocrx_word' id='word_1_811' title='bbox 1515 2815 1529 2831; x_wconf 77' lang='grc' dir='ltr'>ι</span> 
     </span>
    </p>
   </div>
  </div>
