1948 3081
257 168 291 201 61
303 170 313 201 1
741 168 1037 202 THEOPHYLACTI
1059 168 1265 202 BULGARLB
1285 169 1464 203 ARCHIEP.
1883 171 1935 204 612

251 235 355 271 nolint,
373 235 404 266 in
422 235 566 274 majorem
594 234 875 265 condemnationem
899 243 1002 265 eorum

1164 238 1238 266 τειῶν
1266 237 1459 276 τελειουμένων
1486 238 1630 277 ἓπιγνῶσιν
1673 238 1712 266 ὅτι
1748 237 1849 274 ἀληθής
1877 240 1933 271 θεός

253 280 329 320 quod
347 280 435 310 etiam
451 284 509 310 tam
525 279 614 310 claris
640 280 791 310 miraculis
807 289 865 309 non
882 279 1022 310 credider

1167 293 1201 313 ιν,
1232 283 1261 311 Ei
1287 281 1314 310 δὲ
1344 283 1383 320 μὴ
1410 281 1543 318 θελήσωσι
1573 283 1699 324 συνιέναι,
1730 283 1767 315 εἰς
1796 284 1934 323 κατάκριμα

254 323 327 356 Vide
337 324 417 355 enim
439 329 512 364 quot
534 324 594 354 sint
608 324 656 354 hic
673 324 816 354 miracula
831 332 896 364 quae
912 323 954 354 eis
965 324 1021 355 hoc

1164 331 1212 362 ἷζον
1233 327 1325 359 αὐτοῖς
1355 327 1416 364 εἴη,
1438 326 1480 355 ὅτι
1502 326 1560 357 οὐδὲ
1595 328 1664 366 μετᾶ
1694 331 1808 356 τοσαῦτα
1835 327 1933 368 λαμπρὰ

253 378 288 399 co
303 367 503 400 dixerit.Dixit
517 370 561 399 eis
579 377 585 400 ;
612 368 771 399 Invenietis
797 368 927 408 pullum;
942 367 1016 400 dixit

1164 382 1238 409 ιματα
1267 371 1434 404 ἐπίστευσαν,
1465 372 1533 412 ’Ὅρα
1570 373 1621 412 γὰρ
1657 372 1726 401 πόσα
1755 372 1862 402 ἐνταῦθα
1886 384 1933 406 ση-

251 413 433 453 prohibitum
447 412 493 449 iri,
507 417 536 444 et
551 413 660 443 deinde
674 422 741 443 cum
758 412 893 443 dicerent
909 423 916 444 :
933 413 1017 443 Domi

1162 422 1194 444 ἴα.
1214 415 1300 444 Εἶπεν
1313 418 1417 456 αὐτοῖς,
1439 415 1482 444 ὅτι
1512 417 1643 456 Εὑρήσετε
1672 416 1775 448 πῶλον.
1793 417 1872 446 Εἶπεν
1898 416 1931 445 ὅτι

251 458 301 489 illo
330 467 404 498 opus
434 457 533 495 habet,
559 457 633 488 dixit
661 457 882 488 dimittendum.
900 457 1020 498 Neutiqt

1163 459 1330 500 λυθήσονται,
1361 460 1424 489 εἶτα
1445 461 1575 501 εἰπόντες,
1604 460 1645 489 ὅτι
1676 457 1705 491 Ὀ
1728 462 1820 502 Κύριος
1848 463 1932 502 χρῄζει

251 502 331 533 enim
347 502 403 532 hoc
421 511 523 542 paru'n
542 502 646 533 fuisset
658 502 801 542 apostolis
831 502 960 542 permitti
977 507 1007 532 ut

1160 508 1210 544 τοῦ,
1233 504 1402 540 ἐαθήσονται.
1432 504 1497 534 οὐδὲ
1526 507 1576 546 γὰρ
1598 505 1655 534 οὑδὲ
1670 509 1747 534 τοῦτο
1761 506 1854 546 μικρόν
1873 507 1929 546 ἐστι,

249 547 360 578 ducant
373 547 562 588 pullum,nisi
572 547 672 578 divina
683 547 817 587 quaedam
833 546 927 577 virtus
942 547 1018 578 domi

1173 551 1383 589 συγχωρηθῆναι
1406 550 1468 582 τοὺς
1496 549 1661 582 ἀποστόλους
1682 551 1796 590 ἀπάγειν
1816 551 1860 578 τὸν
1886 554 1932 579 πῶ-

252 592 324 632 pulli
338 591 498 632 adegisset,
518 592 682 632 praesertim
701 601 859 632 pauperes.
877 596 909 623 et.
932 592 1021 632 agt-iet

1161 606 1175 630 ι,
1199 593 1264 632 ὅπερ
1276 595 1324 623 οὑκ
1337 594 1368 623 ἂν
1383 594 1489 634 ἐγένετο
1510 596 1532 623 εἰ
1548 595 1586 630 μὴ
1610 596 1667 623 Θεία
1695 606 1735 628 τις
1762 595 1862 635 ἀνάγκη
1889 595 1930 623 ἒπ-

251 636 393 674 fortassis,
408 640 440 667 ut
451 635 559 666 animal
572 635 643 666 illud
662 636 996 668 dimitterent.Attanien
1013 646 1020 666 t

1160 649 1204 667 tto
1233 646 1292 671 τοῖς
1320 640 1418 679 κυρίοις
1445 644 1492 668 τοῦ
1520 640 1610 668 πώλου
1638 640 1823 679 ἀναγκάζουσι
1838 641 1929 675 αὐτοὺς,

251 691 285 712 cc
301 680 459 712 Dominum
475 681 503 712 id
517 690 576 712 non
589 682 653 712 sine
662 683 751 712 causa
766 681 986 721 fecissezneque
998 691 1020 712 el

1161 685 1205 712 Ϊτοι
1227 684 1344 718 πένητας
1359 684 1438 716 διτας
1459 685 1503 713 καὶ
1531 685 1665 725 γεωργοὺς
1681 686 1777 725 τυχὸν,
1794 686 1895 725 ἀφεῖναι
1906 686 1930 713 τὰ

252 735 327 766 opus
343 726 473 756 habebat
488 725 580 766 pullo,
597 726 647 766 qui
664 728 750 756 toties
770 726 900 756 .ludaaam
917 730 947 757 et
961 726 1021 757 Gali

1160 741 1196 760 ην,
1220 729 1295 763 Πλὴν
1322 730 1448 768 μάνθανε,
1479 729 1520 758 ὅτι
1545 730 1575 758 οὗ
1597 730 1686 768 μάτην
1700 734 1780 759 τοῦτο
1793 729 1929 763 ἐποίηστνὸ

249 780 296 800 am
313 773 521 811 peragraverat
537 780 544 800 :
562 770 615 801 sed
632 771 813 802 monstrabat
828 771 906 811 quod
923 780 1013 810 super

1160 784 1224 813 ριος.
1241 772 1307 803 οὑδὲ
1336 774 1386 813 γὰρ
1415 773 1513 814 ἔχρῃζε
1534 778 1580 803 τοῦ
1601 774 1704 813 πώλου,
1722 776 1736 803 6
1749 774 1878 806 πολλάκις
1890 775 1929 808 τὴν

251 815 350 856 pulum
365 815 496 854 gentium
513 824 649 846 sessurus
665 820 752 852 esset,
770 815 821 855 qui
833 820 893 846 tum
905 815 1020 847 incredt

1159 818 1260 847 λιλαίαν
1287 819 1331 848 καὶ
1346 819 1395 852 τὴν
1416 818 1544 848 Ἰουδαίαν
1564 819 1670 848 ἅπασαν
1698 818 1839 859 ἑκπεριϊών
1866 818 1928 858 (Ἠ).

249 864 312 890 erat
323 865 350 891 et
366 860 577 897 ineruditus,et
591 860 706 891 vinctus
723 860 850 900 peccatis
866 859 927 890 Suis
940 861 968 891 in
985 860 1014 891 bi

1158 864 1186 891 λὰ
1214 863 1338 892 δεικνύων
1362 863 1402 892 ὅτι
1431 863 1474 892 ἐπὶ
1489 865 1535 892 τὸν
1557 865 1661 893 Ιιθνικὸν
1690 863 1757 892 λαὸν
1776 862 1927 903 ίπιϐήστται,

249 904 305 936 hoc
321 909 365 935 est
382 905 439 935 vita
455 905 522 945 hac,
540 905 617 945 apud
630 906 763 944 januam,
777 914 841 945 quae
857 909 901 936 est
917 908 1000 936 extra
1016 907 1018 936 ὲ

1171 907 1282 942 ἀπειθὴς
1314 908 1363 946 μὲν
1383 908 1416 942 ἧν
1445 909 1490 937 καὶ
1510 908 1678 945 ἀπαίδευτος,
1696 907 1799 937 ἐδέδετο
1825 907 1852 936 δὲ
1877 915 1928 939 ταῖς

248 949 384 981 clesiam.
400 949 520 980 Solutus
535 953 579 980 est
593 954 693 980 autem
705 949 742 979 ab
757 949 898 989 apostolis
911 959 963 989 per
979 949 1014 980 ba

1160 953 1224 984 είαις
1251 953 1392 992 ἁμαρτίαις
1421 953 1448 981 ἒν
1474 956 1509 992 τῇ
1530 952 1652 994 ἆμφόδῳ,
1683 953 1804 982 τουτέστι
1829 956 1866 990 τῷ

249 1003 344 1024 smum
361 999 390 1025 et
405 994 492 1025 fidem
511 1004 517 1025 :
535 999 564 1025 et
578 999 680 1026 vectus
693 994 776 1025 estin
793 1004 828 1025 eo
845 995 1072 1035 Dominus,cum

248 1039 372 1079 apostoli
402 1039 579 1070 vestimenta
603 1049 665 1076 sua,
684 1040 740 1070 hoc
758 1048 814 1077 est,
832 1048 950 1070 omnem
966 1041 1015 1080 qui
1030 1047 1075 1074 est

248 1093 283 1114 ex
299 1083 407 1115 virtute
422 1084 561 1115 decorem
577 1083 798 1124 imposuissent.
819 1084 902 1114 Prius
917 1084 996 1114 enim
1015 1094 1073 1115 nu-

247 1128 276 1159 di
293 1133 377 1159 erant
391 1128 516 1168 gentiles
540 1133 569 1159 et
595 1129 756 1169 deformes,
774 1133 922 1169 patrantes
938 1129 1070 1163 nefaria;

250 1178 404 1214 postquam
416 1177 514 1204 autem
527 1173 564 1204 ab
579 1173 720 1214 apostolis
729 1174 848 1204 adducti
856 1173 987 1210 fuerunt,
1004 1179 1073 1205 tunc

247 1217 371 1250 honeste
393 1218 563 1249 didicerunt
585 1218 748 1255 ambulare,
765 1221 794 1248 et
806 1223 963 1258 propterea
983 1219 1071 1250 etiam

250 1262 279 1292 in
296 1262 368 1302 ipsis
393 1263 487 1293 fertur
502 1266 631 1301 gestatus
652 1262 950 1298 Christus.Quoniam
975 1267 1074 1294 autem

245 1307 373 1344 fuerunt,
391 1307 441 1347 qui
458 1307 540 1347 prius
556 1310 641 1338 erant
655 1306 767 1337 domini
782 1307 865 1346 pulli,
884 1307 935 1347 qui
949 1311 1068 1347 aposto-

244 1352 290 1383 los
319 1351 523 1392 prohiberent;
541 1361 641 1382 nonne
662 1351 784 1382 omnino
806 1352 870 1382 251
891 1352 1042 1383 daemones
1055 1352 1071 1383 ?

247 1395 324 1428 Sane
336 1400 364 1427 et
379 1396 426 1426 his
436 1396 562 1437 apostoli
578 1396 806 1437 praevaluerunt.

1115 997 1211 1034 τούτῳ,
1233 998 1299 1036 πρὸς
1321 1000 1371 1031 τῆν
1399 999 1488 1037 θύραν,
1517 997 1600 1037 ἤγουν
1621 997 1671 1030 ἔξω
1690 1000 1742 1031 τῆς
1768 996 1926 1031 Ἐκκλησίας.

1115 1041 1211 1075 Ἐλύθη
1241 1041 1269 1070 δὲ
1297 1042 1369 1082 παρὰ
1393 1045 1447 1070 τῶν
1471 1044 1598 1080 μαθητῶν
1621 1041 1663 1070 διὰ
1691 1046 1738 1071 τοῦ
1761 1042 1943 1081 βαπτίσματος

1116 1087 1159 1114 καὶ
1186 1089 1235 1120 τῆς
1261 1087 1375 1119 πίστεως
1393 1096 1401 1104 ·
1438 1087 1482 1115 καὶ
1512 1087 1648 1128 ἒπωχήθη
1677 1087 1749 1124 αὺτῷ
1785 1088 1800 1115 6
1834 1087 1925 1126 Κύριος,

1115 1131 1256 1159 ἐπιθέντων
1283 1132 1337 1160 τῶν
1368 1130 1525 1160 ἇποστόλων
1553 1132 1586 1160 τὰ
1610 1131 1702 1163 ἱμάτια
1740 1132 1836 1171 αὑτῶν,
1865 1141 1927 1159 tor.-

1115 1176 1170 1204 ἐστι
1199 1179 1286 1204 πᾶσαν
1313 1177 1519 1216 εὺσχημοτύνην
1560 1176 1609 1210 τὴν
1646 1175 1674 1208 ὶξ
1707 1176 1815 1216 ἆρετῆς.
1845 1175 1925 1215 Πρώην

1116 1219 1164 1257 μὲν
1193 1219 1243 1258 γὰρ
1270 1221 1365 1258 γυμνοὶ
1393 1219 1467 1252 ὄντες
1488 1221 1512 1248 οἱ
1533 1219 1559 1253 ἐξ
1584 1220 1663 1248 ἐθνῶν
1679 1220 1835 1260 ἀσχήμονες
1857 1220 1924 1254 ἦσαν»

1116 1263 1277 1302 πράττοντες
1306 1264 1420 1302 ἄθεσμα.
1454 1263 1528 1293 Ἐπεὶ
1556 1263 1583 1292 δὲ
1618 1265 1669 1293 ὑπὸ
1697 1268 1754 1292 τῶν
1792 1263 1936 1293 ἀποστόλων

1111 1307 1250 1348 ἤχθησαν,
1265 1309 1326 1338 τότε
1341 1308 1368 1338 δὲ
1383 1310 1444 1338 τότε
1459 1309 1636 1349 εδσχημόνως
1657 1309 1756 1347 ἔμαθον
1772 1316 1923 1349 περιπατεῖν,

1111 1353 1156 1381 καὶ
1177 1351 1219 1382 διὰ
1234 1358 1312 1383 τοῦτο
1326 1355 1371 1383 καὶ
1383 1353 1425 1383 ἔπ’
1441 1355 1527 1382 αὑτῶν
1542 1354 1648 1394 φέρεται
1664 1355 1678 1382 6
1702 1355 1817 1390 Χριστὸς
1836 1355 1924 1393 βαστα-

1111 1398 1236 1435 ζόμενος.
1252 1399 1326 1430 Τίνες
1341 1398 1368 1427 δὲ
1388 1399 1457 1433 ἦσαν
1467 1400 1492 1426 οἱ
1501 1398 1596 1438 πρώην
1610 1397 1737 1428 δεσπόται
1752 1404 1800 1429 τοῦ
1812 1398 1895 1428 πώλου
1906 1399 1923 1425 οἱ

251 1441 396 1473 κωλύοντες
414 1442 473 1473 τοὺς
488 1441 663 1478 ἀποστόλους,
681 1441 699 1476 ἢ
711 1441 818 1474 παντως
833 1442 856 1470 οἱ
871 1441 992 1480 δαίμονες
1009 1453 1017 1479 ;
1035 1441 1118 1471 Ἀλλὰ
1131 1445 1175 1472 καὶ
1188 1444 1288 1472 τούτων
1303 1443 1516 1484 ἐπικρατέστεροι
1532 1443 1590 1483 γίνο
1597 1454 1649 1472 ιται
1664 1445 1688 1472 οἱ
1702 1443 1857 1474 ἀπόστολοι.

286 1485 402 1518 νΕιιεΠ
415 1486 537 1517 -10.‹‹Ει
550 1485 739 1517 adduxerunt
753 1486 865 1526 pullum
878 1486 914 1517 ad
925 1486 1055 1524 Jesum,e

1187 1489 1237 1518 Καὶ
1278 1488 1380 1528 ἤγαγον
1421 1489 1468 1516 τὸν
1507 1487 1599 1516 πῶλον
1640 1489 1705 1529 πρὸς
1749 1489 1794 1517 τὸν
1822 1487 1922 1521 Ἰησοῦν,

246 1530 414 1570 injecerunt
423 1529 464 1560 illi
476 1530 651 1562 vestimenta
661 1531 864 1572 sua,seditque
873 1540 963 1571 super
973 1531 1068 1563 illum.

243 1574 327 1606 Multi
342 1583 410 1606 vero
427 1574 601 1605 vestimenta
615 1585 669 1606 sua
684 1575 860 1606 sternebant
872 1575 900 1606 in
916 1575 1003 1613 viam,
1019 1576 1069 1607 alii

242 1628 313 1650 vero
328 1618 450 1650 frondes
463 1618 636 1650 incidebant
658 1629 694 1650 ex
720 1619 888 1658 arboribus,
906 1624 934 1651 et
949 1624 1068 1652 sterne-

243 1663 314 1695 bant
325 1664 354 1695 in
369 1664 456 1695 viam.
472 1664 509 1696 Et
528 1664 578 1704 qui
603 1665 810 1705 praecedebant
824 1665 934 1706 quique
956 1675 1067 1706 seque—

243 1709 352 1740 bantur
366 1709 533 1740 clamabant
546 1709 680 1741 dicentes
696 1719 703 1740 :
720 1710 870 1748 Hosanna,
890 1710 1067 1742 benedictus

241 1755 290 1795 qui
305 1754 384 1784 venit
399 1753 428 1785 in
445 1753 566 1785 nomine
579 1754 708 1785 Domini.
725 1754 921 1786 Benedictum
931 1755 1010 1795 quod
1021 1763 1069 1786 ve-

241 1799 285 1830 nit
296 1798 466 1837 regnum,in
479 1798 598 1830 nomine
605 1799 724 1831 Domini
740 1799 830 1840 patris
845 1799 938 1831 nostri
955 1800 1064 1831 David:

241 1844 381 1875 Hosanna
396 1843 425 1874 in
441 1843 624 1875 altissimis.»
643 1844 799 1875 Multitudo
815 1844 946 1884 quandiu
963 1845 1065 1876 incor-

238 1893 324 1929 rupta
338 1892 446 1926 manet,
454 1890 588 1927 agnoscit
602 1891 747 1930 quantum
762 1898 837 1929 opus
852 1893 935 1920 erat:
954 1888 1021 1920 ideo
1037 1892 1068 1922 et

240 1933 348 1973 singuli
364 1942 417 1973 pro
433 1932 545 1964 viribus
555 1933 616 1964 suis
629 1934 728 1965 Jesum
740 1934 1069 1965 venerantur.Laudan-

239 1982 284 2008 tes
299 1982 396 2008 autem
417 1977 488 2018 quid
505 1978 648 2018 dixerint,
665 1978 828 2009 videamus.
844 1979 866 2008 A
883 1977 972 2009 David
995 1988 1068 2010 sane

239 2023 380 2062 hymnum
406 2021 489 2053 illum
520 2031 685 2062 sumpsere.
705 2024 794 2053 Porro
823 2022 962 2054 Hosanna
981 2023 1066 2063 juxta

239 2067 380 2107 quosdam
392 2066 549 2107 significat,
565 2066 785 2102 salva,obsecro
798 2077 805 2099 :
818 2067 903 2107 juxta
918 2068 1063 2108 quosdam

235 2111 608 2160 vero,_1_iy_mnum.R_ecti_us
623 2116 782 2160 tamenest
796 2112 874 2160 quod
891 2112 987 2153 primo
1001 2113 1063 2160 dic-
1075 2135 1095 2160 ο

241 2156 452 2187 tum.Habetur
466 2155 546 2187 enim
567 2156 597 2187 in
624 2157 788 2187 centesimo
803 2157 919 2188 decimo
936 2157 1061 2198 septimo

237 2200 362 2242 psalmo,
376 2200 400 2233 Ο
429 2200 565 2239 Domine,
592 2201 682 2239 salva,
714 2201 841 2233 obsecro
859 2211 866 2234 :
883 2201 912 2233 id
937 2203 1015 2243 quod
1032 2203 1061 2233 in

235 2244 385 2276 Hebraico
407 2245 548 2277 Hosanna
561 2246 703 2286 scriptum
721 2249 776 2279 est.
805 2245 938 2286 Regnum
963 2251 1060 2278 autem

234 2289 328 2322 David
339 2299 463 2330 regnum
476 2290 583 2322 Christi
600 2290 813 2329 dicebant,tum
825 2291 904 2331 quod
920 2300 937 2322 a
948 2292 1062 2323 semine

183 2358 194 2361 ι
234 2335 325 2367 David
334 2335 480 2366 deductus
491 2339 569 2366 esset
579 2335 790 2376 Christus,tum
806 2335 884 2376 quod
900 2335 990 2367 David
1011 2337 1061 2368 in-

235 2379 391 2421 terpretari
400 2379 467 2420 quis
475 2383 735 2420 potest,potentem
745 2380 791 2411 vel
804 2380 945 2412 idoneum
958 2390 1058 2414 manu.

235 2425 307 2462 Quis
322 2429 420 2455 autem
435 2424 512 2455 alius
526 2433 614 2455 manu
631 2434 726 2465 usque
740 2425 817 2456 adeo
834 2425 948 2456 validus
962 2430 991 2456 et
1006 2435 1059 2466 po-

235 2475 302 2502 tens
317 2474 349 2501 ut
363 2469 609 2510 Dominus,cujus
623 2479 728 2502 manus
739 2474 818 2501 tanta
833 2470 978 2502 miracula
990 2475 1057 2502 sunt

235 2514 388 2556 operatae?
409 2515 553 2545 Caterum
579 2518 746 2545 sternamus
761 2519 790 2546 et
804 2524 859 2546 nos
884 2515 1060 2547 vestimenta

234 2564 346 2598 nostra,
358 2560 414 2590 hoc
429 2564 475 2590 est
490 2558 729 2591 carnem.Vestis
743 2559 824 2590 enim
841 2559 958 2600 animae,
976 2569 1056 2602 caro,

234 2613 322 2646 quam
332 2603 528 2644 subjiciamus
542 2602 714 2644 Domino,et
723 2608 890 2635 sternamus
904 2603 981 2634 viam
993 2604 1058 2636 vitae

235 2653 345 2681 nostra:
358 2660 364 2681 :
382 2648 606 2689 deputantes,et
619 2648 784 2680 incidentes
798 2648 835 2679 ab
846 2648 1003 2680 arboribus
1012 2658 1057 2681 ra-

235 2703 311 2732 mos,
327 2694 384 2725 hoc
401 2697 457 2732 est,
476 2697 645 2725 sanctorum
664 2693 734 2724 vitas
746 2693 908 2724 imitemur.
923 2693 1057 2726 Arbores

764 2772 806 2805 Ex
821 2773 980 2805 collatione
993 2775 1081 2808 codd.

276 2836 338 2877 (74)
356 2836 516 2876 Ἐκπεριϊὼν
531 2840 609 2877 πεζῇ,
626 2836 692 2867 cod.
709 2837 758 2875 26,
776 2835 814 2867 30
829 2840 857 2867 et
874 2835 924 2868 31.

1111 1533 1155 1560 καὶ
1183 1530 1313 1561 ἐπέϐαλον
1355 1533 1427 1570 αὒτῷ
1467 1532 1500 1560 τὰ
1541 1532 1634 1570 ἱμάτια
1676 1535 1775 1573 αὐτῶν,
1805 1533 1848 1561 καὶ
1874 1532 1922 1560 ἑκά-

1110 1578 1181 1605 θισεν
1209 1576 1252 1605 ἐπ’
1273 1577 1364 1608 αὐτόν.
1393 1576 1492 1606 Πολλοὶ
1512 1576 1540 1605 δὲ
1557 1577 1590 1606 τὰ
1603 1577 1696 1615 ἱμάτια
1720 1579 1808 1607 αὒτῶν
1835 1577 1922 1616 ἔστρω-

1111 1632 1158 1650 σαν
1188 1621 1226 1653 εἰς
1253 1621 1303 1655 τὴν
1325 1620 1385 1650 ὁδόν
1400 1631 1408 1639 ·
1425 1621 1501 1650 ἄλλοι
1523 1620 1550 1649 δὲ
1567 1620 1691 1654 στιϐαδας
1713 1621 1827 1651 ἔκοπτον
1843 1621 1924 1650 ἐκτῶν

1109 1665 1233 1706 δένδρων,
1263 1666 1307 1694 καὶ
1334 1666 1496 1706 ἐστρώννυον
1517 1667 1554 1698 εἷς
1576 1666 1626 1694 τῆν
1656 1665 1728 1698 ὁδόν,
1755 1668 1805 1696 Καὶ
1825 1667 1848 1696 ei
1872 1676 1922 1705 προ·

1109 1710 1220 1749 ἄγοντες
1258 1711 1302 1738 καὶ
1341 1711 1363 1739 οἱ
1405 1710 1608 1743 ἆκολοῦθοῦντες
1644 1710 1755 1750 ἔκραζον
1792 1711 1942 1750 λέγοντες.τ

1110 1751 1225 1784 Ὠσαννὰ
1253 1754 1433 1795 εὐλογημένος
1461 1757 1475 1784 6
1492 1755 1640 1796 ἐρχόμενος
1655 1756 1682 1784 ἐν
1697 1756 1810 1794 ὀνόματι
1832 1756 1920 1795 Κυρίου.

1109 1799 1286 1839 Εὖλογημένη
1313 1801 1330 1834 ἡ
1359 1800 1496 1841 ἐρχομένη
1515 1800 1638 1839 βασιλεία
1660 1802 1688 1829 ιν
1709 1801 1821 1840 όνόματι
1842 1800 1922 1839 Κυρίου
1940 1827 1941 1830 η

1109 1847 1155 1872 τοῦ
1169 1845 1268 1884 πατρὸς
1283 1845 1361 1883 ἡμῶν
1383 1843 1463 1873 Δαϐίδ
1479 1853 1486 1860 ·
1514 1842 1630 1874 Ὠσαννὰ
1655 1845 1682 1874 ἓν
1696 1852 1756 1878 τοῖς
1771 1846 1892 1884 ὑψίστοις.
1909 1854 1919 1870 Ι

1109 1889 1144 1917 Τὸ
1173 1888 1274 1922 πλῆθος
1302 1889 1398 1930 μέχρις
1430 1890 1461 1918 ἂν
1491 1889 1649 1931 ἀδιάφθορον
1676 1890 1757 1930 μένῃ,
1776 1890 1920 1930 ἐπιγινώσκει

1109 1935 1140 1962 τὸ
1161 1932 1231 1966 δέον,
1263 1935 1311 1962 Διὰ
1339 1935 1384 1963 καί
1409 1938 1506 1973 τιμῶσι
1535 1936 1580 1964 τὸν
1617 1935 1722 1969 Ἰησούν
1755 1935 1863 1967 ἕκαστος
1891 1935 1920 1964 ὡς

1110 1978 1176 2018 εἶχε
1195 1978 1342 2018 δυνάμεως.
1366 1980 1396 2009 Οἳ
1422 1978 1450 2008 δὲ
1471 1981 1614 2018 ὑμνοῦντες
1641 1981 1667 2009 τί
1695 1979 1798 2020 ἔλεγον,
1821 1979 1918 2017 ἴδωμεν.

1108 2021 1156 2064 ξΕκ
1177 2027 1222 2052 τοῦ
1246 2022 1326 2052 Δαὸὶδ
1346 2024 1396 2062 μὲν
1417 2025 1463 2053 τὸν
1491 2024 1572 2064 ὕμνον
1592 2030 1684 2055 τοῦτον
1714 2023 1821 2054 ἔλαϐον.
1845 2025 1878 2054 τὸ
1898 2022 1919 2050 δῖ

1109 2062 1233 2106 Ὠσαννὲ,
1256 2069 1325 2097 κατὰ
1346 2069 1395 2107 μέν
1423 2080 1496 2102 τινας
1526 2070 1663 2110 σημαίνει,
1693 2072 1781 2098 σῶσον
1805 2069 1848 2109 δὴ,
1863 2068 1919 2096 κατᾶ

1104 2112 1132 2141 δέ
1153 2123 1225 2146 τινας
1247 2113 1384 2151 σημαίνει,
1412 2113 1506 2146 ὕμνος.
1540 2114 1626 2153 Πλὴν,
1655 2121 1780 2154 κρεῖτττν
1806 2114 1836 2142 τὸ
1855 2115 1919 2152 πρῶ-

1103 2169 1160 2190 τον.
1197 2157 1249 2198 Ἐν
1266 2158 1316 2198 γὰρ
1346 2160 1384 2195 τῷ
1415 2158 1551 2197 ἑκατοστῷ
1588 2158 1804 2196 ἑπτακαιδεκάτῳ
1830 2156 1919 2196 ψαλμῷ

1104 2209 1192 2244 κεῖται
1207 2212 1214 2220 ·
1234 2195 1372 2243 ἐὶ-Κόρη²
1398 2206 1486 2232 σῶσον
1509 2195 1542 2239 δή
1559 2211 1566 2218 ·
1591 2203 1656 2244 ὅπερ
1683 2203 1711 2231 ἒν
1739 2206 1778 2240 τῷ
1792 2195 1918 2242 νἘϐραῖκῷ

1105 2243 1220 2276 Ὠσαννὰ
1245 2247 1403 2287 γέγραπται.
1441 2249 1580 2277 Βασιλείαν
1608 2247 1636 2276 δὲ
1677 2247 1757 2277 Δαϐἱδ
1782 2248 1830 2282 τὴν
1853 2247 1918 2285 βασι-

1103 2293 1176 2322 λείαν
1201 2297 1247 2322 τοῦ
1275 2295 1389 2333 Χριστοῦ
1416 2293 1519 2335 ἕλιγον,
1535 2294 1591 2332 ἅμα
1607 2295 1656 2332 μὲν
1670 2293 1737 2323 διότι
1749 2295 1794 2323 καὶ
1807 2294 1858 2322 ἀπὸ
1877 2294 1916 2320 τοῦ

1103 2339 1254 2378 σπέρματος
1279 2342 1326 2366 τοῦ
1351 2337 1432 2367 Δαϐὶδ
1463 2340 1597 2378 κατήγετο
1626 2340 1640 2367 ὁ
1669 2340 1775 2379 Κύριος,
1806 2338 1857 2376 ἅμα
1881 2335 1913 2372 δὲ,

1102 2383 1142 2412 ὅτι
1167 2382 1248 2413 nam
1283 2383 1469 2424 ἑρμηνεὺεται,
1496 2382 1604 2417 δυνατὸς
1634 2384 1717 2424 χειρῖ,
1746 2383 1805 2418 ἤτοι
1837 2381 1914 2412 ἱκανὸς

1102 2429 1183 2468 χειρί.
1216 2428 1260 2460 Τίς
1289 2427 1316 2456 δί
1338 2426 1419 2460 ἄλλος
1445 2429 1536 2462 ἱκανὸς
1561 2431 1642 2469 χειρὶ,
1674 2430 1696 2457 εί
1723 2429 1764 2467 μὴ
1785 2429 1798 2457 6
1821 2427 1912 2466 Κύριος,

1102 2473 1132 2501 οὗ
1160 2475 1185 2501 αἱ
1213 2479 1308 2513 χεῖρες
1337 2473 1452 2501 τοσαῦτα
1480 2473 1601 2511 θαύματα
1637 2473 1812 2513 ίνήργησαις
1841 2469 1913 2500 Ἀλλὰ

1100 2518 1153 2557 γὰρ
1176 2517 1337 2556 στρώσωμεν
1365 2517 1408 2545 καὶ
1437 2518 1520 2552 ἡμεῖς
1560 2518 1593 2547 τὰ
1627 2518 1719 2556 ἱμάτια
1746 2517 1834 2557 ἡμῶν,
1860 2515 1911 2549 ἦτοι

1099 2563 1148 2596 τὴν
1168 2563 1253 2602 σάρκα
1280 2562 1398 2602 (ἱμάτιον
1430 2563 1480 2602 γὰρ
1509 2563 1526 2597 ἡ
1565 2562 1628 2602 σὰρξ
1659 2565 1708 2597 τῆς
1737 2563 1847 2603 ψυχῆς),
1875 2558 1910 2587 καὶ

1099 2606 1271 2645 δποτάξωμεν
1293 2606 1392 2640 ταύτην
1421 2609 1459 2644 τῷ
1490 2607 1586 2646 Κυρίῳ.
1617 2607 1666 2637 Καὶ
1687 2607 1844 2647 στρώσωμιν
1868 2603 1909 2636 τὴν

1098 2650 1158 2680 ὁδον
1186 2656 1234 2682 τοῦ
1260 2651 1391 2690 ἡμετέρου
1417 2651 1487 2689 βίου,
1519 2652 1663 2685 κόπτοντες
1687 2651 1718 2680 in
1743 2654 1794 2680 τῶν
1812 2649 1909 2688 δένδρων

1097 2695 1220 2734 κλάδους,
1250 2695 1382 2735 τουτέστι,
1411 2695 1471 2728 τοὺς
1494 2698 1548 2724 τῶν
1574 2694 1657 2736 ἁγίων
1692 2696 1764 2735 βίους
1792 2694 1907 2734 μιμούμι-

1099 2775 1205 2808 Venet.
1221 2776 1251 2808 S.
1270 2775 1373 2808 Marci.
