1948 3081
164 121 226 154 623

646 119 944 153 THEOPHYLACTI
967 119 1172 152 BULGARIE
1193 120 1370 152 ARCHIEP.

1796 117 1854 150 624

165 188 270 226 Filius,
286 187 416 228 perdidit
430 186 585 227 agricolas,
603 196 677 227 quos
697 187 820 219 tradidit
834 187 982 219 Romanis,

1067 189 1105 227 ὸς,
1128 188 1252 217 ἀπολέσει
1268 189 1328 219 τοὺς
1344 188 1489 228 γεωργοὺς,
1515 186 1646 227 παραδοὺς
1675 187 1768 219 αὐτοὺς
1795 192 1855 216 τοῖς

164 237 193 264 et
220 232 360 273 populum
387 231 542 262 collocavit
571 230 637 263 aliis
673 232 822 272 agricolis,
850 232 990 273 apostolis

165 278 290 310 scilicet.
317 277 368 308 Vis
393 276 497 307 videre
520 277 668 317 quomodo
698 277 822 318 apestoli
848 277 992 308 coluerint

163 324 304 354 vineam?
326 321 403 361 Lege
418 321 526 352 librum
551 321 706 360 Actorum,
731 326 760 353 et
782 322 916 353 invenies
937 322 993 353 tria

164 368 257 399 millia
272 371 301 398 et
317 367 446 407 quinque
463 366 668 397 millia‘simul
692 367 817 398 credere
837 376 871 398 ac
892 367 992 399 oﬂ'erri

161 414 195 446 in
213 411 360 454 primitias
370 410 444 442 Deo.

200 502 293 534 Vsus.
311 500 412 532 10-12.
433 511 447 530 ‹
462 501 507 532 An
523 509 562 531 ne
576 500 653 532 hanc
668 500 788 541 quidem
805 499 987 542 Scripturam

159 548 273 587 legistis
284 548 298 577 ?
313 545 456 585 Lapidem
466 554 555 585 quem
571 545 807 586 reprobaverunt
821 546 839 576 ii
856 546 907 586 qui
920 546 987 577 aedi-

164 591 305 629 ﬁcabant,
320 590 370 621 hic
385 590 479 620 factus
495 593 539 620 est
550 590 579 619 in
591 594 678 630 caput
693 589 792 629 anguli
808 601 814 622 :
831 599 848 620 a
862 590 987 621 Domino

160 637 257 668 factus
274 639 319 667 est
333 635 393 672 hic,
412 639 440 664 et
453 638 497 665 est
511 634 703 665 admirandus
714 634 745 664 in
758 634 854 665 oculis
865 635 986 666 nostris.

159 682 196 713 Et
211 679 386 722 quaerebant
401 688 468 710 eum
485 679 754 718 comprehendere,
772 684 801 711 et
817 679 989 710 metuebant

159 726 275 757 turbam
294 734 301 756 :
320 723 453 755 sciebant
466 723 546 753 enim
561 723 639 763 quod
650 723 791 754 adversus
805 723 887 764 ipsos
900 732 986 763 para-

158 771 257 802 bolam
287 768 421 800 dixisset.
447 767 484 798 Et
510 767 614 798 relicto
643 767 695 798 illo
720 767 869 800 abierunt.
890 780 904 796 ι
929 768 987 800 Per

157 815 257 846 omnia
271 815 329 846 ista
342 812 472 844 ostendit
487 812 600 852 ejectos
613 812 742 853 Judaaos,
758 817 862 852 gentes
885 817 984 844 autem

1032 227 1183 271 Ῥωμαίοις.
1213 233 1266 264 Καὶ
1287 233 1331 261 τὸν
1352 227 1425 261 γλαον
1450 231 1584 261 ἑκδόσεται
1600 231 1692 264 ἄλλοις
1709 237 1855 270 γεωργοῖς,

1030 278 1150 306 τουτέστι
1193 285 1253 310 τοῖς
1290 276 1464 309 ἀποστόλοις.
1509 276 1600 309 Θέλεις
1635 277 1686 316 γὰρ
1707 275 1774 304 ἰδεῖν
1802 278 1859 307 πῶς

1031 324 1202 362 ὲγεώργησαν
1229 325 1253 351 οἱ
1281 321 1426 351 ἀπόστολοι
1449 323 1495 350 τὸν
1523 322 1670 360 ἀμπελῶνα
1686 331 1695 362 ς
1713 321 1859 360 ’Λνάγνωθι

1033 368 1083 401 τὴν
1111 371 1164 397 τῶν
1187 368 1307 407 Πράξεων
1336 367 1439 406 βίϐλον,
1471 368 1515 396 καὶ
1543 368 1661 405 εὑρήσεις
1693 365 1858 407 τρισχιλίους

1034 413 1077 441 καὶ
1105 412 1336 453 πεντακισχιλίους
1364 412 1458 452 ἀθρόον
1481 412 1654 444 πιστεύοντας
1680 412 1725 440 καὶ
1753 421 1857 450 καρπο-

1029 458 1206 497 φορουμένους
1219 461 1258 495 τῷ
1273 460 1342 495 Θεῷ.

1072 513 1085 529 α
1110 501 1175 531 Οὐδὲ
1202 502 1252 536 τὴν
1281 501 1387 542 Γραφὴν
1411 501 1510 535 ταύτην
1538 501 1670 539 ἀνέγνωτε
1689 510 1698 537 ς
1721 502 1796 529 Δίθον
1825 502 1855 528 ὃν

1030 545 1224 585 ἀπεδοκίμασαν
1262 547 1286 575 οἱ
1329 545 1540 586 οὶκοδομοῦντες,
1568 547 1645 578 οὗτος
1673 546 1787 584 ἐγενήθη
1817 547 1856 577 εἰς

1029 589 1147 630 κεφαλὴν
1174 591 1271 630 γωνίας
1288 600 1297 609 ο
1334 592 1405 630 παρὰ
1448 589 1543 630 Κυρίου
1575 589 1680 630 ἐγένετο
1709 589 1775 623 αὕτη
1810 591 1856 618 καὶ

1029 634 1084 663 ’ἐστι
1110 635 1249 672 θαυμαστῆ
1278 635 1305 664 ἦν
1334 634 1483 673 ὀὼθαλμοϊς
1497 636 1589 673 ἡμῶν.
1606 633 1658 665 Καὶ
1673 635 1781 671 ἐζήτουν
1804 636 1855 664 αὖ·

1027 680 1074 708 τὸν
1101 683 1244 719 κρατῆσαι,
1267 682 1311 710 καὶ
1333 678 1501 720 εφοϐήθησαν
1523 681 1568 708 τὸν
1583 679 1680 720 ὄχλον.
1709 678 1856 719 ’Ἔγνωσαν

1027 725 1077 764 γὰρ
1105 723 1148 753 ὅτι
1180 726 1245 765 πρὸς
1261 725 1355 757 αὐτοὺς
1371 725 1418 759 τὴν
1438 723 1594 765 παραϐολὴν
1617 725 1691 755 εἷπε.
1708 723 1761 754 Καὶ
1776 724 1856 764 ἀφέν-

1026 779 1070 801 τες
1099 770 1191 810 αὐτὸν,
1221 769 1352 803 ἀπῆλθον.
1378 781 1391 797 ι
1421 771 1471 798 Διὰ
1492 770 1599 799 πάντων
1627 770 1728 798 τούτων
1740 767 1855 797 δείκνυσι

1025 814 1086 846 τοὺς
1127 814 1176 851 μὲν
1216 814 1355 846 Ἰουδαίους
1399 813 1609 851 άποὸληθέντας,
1651 815 1685 842 τὰ
1725 814 1753 842 δὲ
1789 813 1853 847 ἔθνη

156 864 306 901 acceptas.
324 857 410 898 Lapis
424 857 495 887 256
520 857 601 887 enim
620 857 682 895 ille,
708 857 852 888 Dominus
869 867 877 887 :
894 858 982 889 aedili.

1067 857 1233 898 δσδεχθέντα.
1266 859 1343 891 Λίθος
1367 859 1416 896 μὲν
1441 860 1491 899 γὰρ
1512 860 1591 890 αὐτὸς
1606 859 1620 886 ὁ
1634 857 1743 901 Ιςιᾶριος,
1773 859 1851 887 οἰκο-

156 895 259 937 cantes
267 895 378 941 autem,
392 903 530 933 doctores
545 902 657 943 populi.
673 903 768 939 Quem
779 902 869 942 igitur
882 912 982 944 repro-

1067 908 1167 936 ιοῦντες
1195 902 1236 942 δὲ,
1258 905 1281 932 οἱ
1303 903 1456 932 διδάσκαλοι
1477 895 1523 932 τοῦ
1549 903 1624 933 λαοῦ.
1650 895 1704 932 11ον
1724 902 1769 932 οὗν
1799 903 1852 931 ἄπ-

157 950 301 981 baveruut
315 948 462 985 doctores,
480 947 530 978 ille
545 947 576 977 in
592 951 679 987 caput
696 948 795 987 anguli
813 947 907 979 factus
924 954 979 981 est.

155 994 249 1035 Caput
265 994 344 1025 enim
372 992 511 1023 Ecclesiae
536 991 630 1023 factus
658 996 713 1023 est.
741 992 875 1032 Angulus
899 993 980 1023 enim

153 1039 298 1080 Ecclesia,
315 1047 382 1079 quae
401 1037 433 1068 in
447 1046 540 1068 unum
554 1036 708 1076 conjungit
720 1036 839 1068 Judmos
855 1041 884 1068 et
902 1047 978 1077 gen-

155 1084 246 1115 tiles:
274 1082 524 1125 quemadmodum
547 1086 578 1112 et
600 1081 726 1121 angulus
751 1081 826 1112 duos
850 1083 981 1122 parietes

152 1129 232 1160 inter
248 1138 283 1160 se
304 1127 471 1159 committit.
499 1125 592 1165 Igitur
613 1126 669 1157 iste
695 1126 832 1167 angulus,
856 1127 913 1158 hoc
936 1131 981 1158 est

153 1173 298 1213 Ecclesia,
323 1182 341 1203 a
365 1169 492 1203 Domino
516 1171 621 1202 factus.
649 1171 686 1202 Et
707 1175 751 1201 est
776 1171 925 1202 mirabilis
950 1172 980 1202 in

152 1223 322 1249 nostrorum
339 1215 473 1247 ﬁdelium
500 1215 605 1246 oculis.
628 1215 677 1246 Ab
702 1215 875 1246 inﬁdelibus
899 1216 979 1246 enim

153 1263 294 1294 miracula
309 1260 486 1293 calumniam
504 1260 666 1300 patiuntur.
677 1259 823 1291 Mirabilis
832 1265 877 1291 est
887 1260 978 1299 igitur

152 1307 298 1347 Ecclesia,
315 1305 400 1347 quasi
415 1314 450 1335 ex
475 1305 627 1335 miraculis
656 1305 826 1339 constituta,
852 1304 977 1336 Domino

151 1356 331 1393 cooperante
357 1349 510 1390 apostolis,
531 1354 560 1380 et
588 1358 758 1380 sermonem
782 1349 977 1381 conﬁrmante

151 1406 205 1438 per
217 1396 372 1437 sequentia
389 1394 483 1434 signa.

191 1486 283 1518 Vens.
302 1485 411 1516 13-17.
430 1495 444 1512 α
461 1483 499 1514 Et
514 1483 633 1513 mittunt
646 1483 683 1513 ad
699 1483 782 1513 illum
799 1484 945 1524 quosdam
962 1494 978 1516 e

1023 947 1184 986 εδοκίμασαν
1208 949 1232 976 οἱ
1260 946 1422 986 διδάσκαλοι,
1452 949 1526 981 οὗτος
1549 948 1585 981 εἰς
1611 947 1730 988 κεφαλὴν
1750 948 1850 987 γωνίας

1022 992 1139 1033 ἐγένετο,
1168 993 1272 1033 κεφαλή
1299 995 1349 1027 τῆς
1379 991 1539 1027 Ἐγκλησίας
1579 993 1734 1033 γενόμενος.
1764 993 1852 1021 Γωνία

1021 1039 1071 1078 γὰρ
1097 1039 1115 1072 ἡ
1145 1037 1301 1074 Ἐκκλησία,
1346 1039 1382 1070 ὡς
1426 1039 1592 1066 συνάπτουσα
1621 1039 1666 1066 καὶ
1693 1038 1852 1067 ἓνοποιοῦσα

1021 1083 1122 1114 πάντας
1150 1081 1290 1115 Ἰουδαίους
1319 1084 1362 1111 καὶ
1393 1082 1550 1121 ”Ελληνας,
1566 1083 1657 1123 ὥσπερ
1677 1083 1721 1112 καὶ
1735 1084 1753 1117 ἡ
1767 1084 1854 1122 γωνία

1021 1126 1065 1156 δύο
1078 1128 1186 1168 τοίχους
1208 1127 1337 1163 ἀλλήλοις
1366 1129 1505 1168 συνάπτει,
1536 1129 1710 1167 μεσιτεύουσα
1735 1128 1853 1168 ἀμφοῖν.

1021 1172 1093 1206 Αὕτη
1116 1172 1143 1200 δὲ
1171 1173 1189 1206 ἡ
1216 1173 1311 1213 γωνία,
1348 1172 1407 1207 ἤτοι
1439 1172 1455 1206 ἢ
1490 1171 1651 1210 Ἐκκλησία,
1666 1173 1738 1212 παρὰ
1752 1171 1853 1213 Κυρίου

1021 1217 1137 1257 εγενετο,
1172 1218 1217 1245 καὶ
1245 1217 1300 1245 ἔστι
1341 1219 1480 1256 θαυμαστὴ
1524 1218 1552 1246 ἐν
1578 1217 1728 1258 ὀφθαλμοῖς
1767 1219 1849 1255 ἡμῶν

1020 1262 1074 1290 τῶν
1102 1265 1216 1293 πισιιῶν.
1247 1266 1312 1294 Τοῖς
1336 1263 1386 1302 γὰρ
1421 1263 1544 1295 ἀπίστοις
1580 1263 1624 1291 καὶ
1664 1263 1697 1291 τὰ
1723 1263 1847 1300 θαύματα

1018 1305 1216 1338 διαϐάλλονται.
1247 1308 1391 1345 Θαυμαστὴ
1419 1308 1504 1336 τοίνυν
1525 1308 1542 1342 ἡ
1573 1307 1732 1344 Ἐκκλησία,
1754 1309 1792 1340 ὣς
1815 1307 1847 1336 ἐκ

1017 1352 1156 1389 θαυμάτων
1184 1354 1310 1389 συστᾶσα,
1345 1355 1392 1380 τοῦ
1428 1352 1522 1391 Κυρίου
1553 1355 1741 1391 συνεργοῦντος
1784 1360 1846 1384 τοῖς

1018 1395 1178 1428 ἀποστόλοις
1202 1397 1246 1424 ναὶ
1273 1397 1319 1424 τὸν
1348 1395 1427 1435 λόγον
1455 1395 1624 1434 βεϐαιοῦντος
1653 1395 1696 1424 διὰ
1717 1397 1769 1426 τῶν
1792 1397 1846 1425 ἰπ-

1019 1440 1229 1469 ακολουθούντων
1244 1441 1375 1479 σημείων.

1063 1497 1077 1513 ι
1102 1486 1151 1515 Καὶ
1178 1485 1371 1527 ἀποστέλλωσι
1392 1487 1459 1526 πρὸς
1487 1486 1566 1515 αὐτόν
1596 1497 1669 1519 τινας
1691 1487 1744 1515 τῶν
1759 1488 1849 1527 Φαρι-

151 1531 306 1562 Pharisaeis
317 1534 347 1561 et
356 1528 535 1560 Herodianis
546 1532 578 1558 ut
587 1537 654 1559 eum
665 1531 817 1568 captarent
826 1538 977 1561 sermone.

1067 1542 1100 1559 ων
1129 1531 1174 1559 καὶ
1203 1526 1384 1570 Ἡρωδιανῶν,
1406 1530 1452 1559 ἵνα
1474 1531 1552 1559 αὐτὸν
1581 1531 1730 1571 ἀγρεύσωσι
1760 1526 1848 1571 λόγῳ.

151 1577 199 1608 illi
213 1585 284 1607 vero
301 1584 368 1606 cum
397 1573 558 1611 venissent,
586 1573 692 1604 dicunt
717 1573 768 1603 ei:
797 1574 977 1616 Praeceptor,

152 1623 263 1653 scimus
278 1619 357 1661 quod
372 1628 460 1649 verax
483 1627 527 1658 es,
543 1621 573 1648 et
588 1627 648 1648 non
664 1626 751 1648 curas
773 1627 952 1659 queinquam
967 1629 975 1650 ε

151 1676 212 1697 non
228 1666 307 1697 enim
324 1663 449 1704 respicis
472 1671 629 1703 personam
653 1663 820 1703 hominum,
837 1664 889 1694 sed
909 1674 976 1695 cum

152 1713 274 1742 veritate
283 1710 362 1741 viam
372 1708 534 1739 Deidoces.
547 1707 629 1739 Licet
641 1716 763 1738 censum
775 1707 847 1739 dare
857 1708 975 1747 Caesari,

150 1766 188 1787 an
203 1755 287 1787 non?
301 1755 418 1791 demus,
435 1762 473 1783 an
496 1761 556 1783 non
583 1751 712 1783 demus?
728 1752 780 1783 llle
794 1762 864 1783 Vero
879 1754 977 1785 sciens

151 1802 269 1832 illorum
286 1799 518 1835 simulationem,
538 1797 611 1827 dixit
626 1797 685 1828 illis
703 1808 710 1826 :
734 1796 810 1833 Quid
836 1807 884 1829 me
908 1803 975 1830 ten-

151 1845 241 1878 tatis?
256 1845 366 1876 Aﬂ‘erte
382 1843 455 1873 mihi
471 1841 638 1879 denarium,
657 1846 688 1872 ut
702 1841 817 1873 videam
848 1839 894 1874 Illi
906 1853 975 1875 vero

149 1892 321 1923 atlulerunt.
338 1890 376 1921 Et
401 1888 473 1919 dicit
488 1888 533 1918 eis
550 1896 557 1918 :
581 1887 673 1926 Cujus
689 1891 733 1918 est
748 1888 846 1927 imago
868 1889 931 1920 haec
949 1899 979 1932 ει

150 1937 332 1977 inscriptio?
349 1934 396 1966 Illi
421 1937 519 1964 autem
544 1932 681 1962 dixerunt
702 1932 731 1962 ei
752 1941 759 1963 :
784 1933 919 1965 Caesaris.
944 1935 979 1972 Et

148 1981 336 2022 respondens
349 1978 447 2018 Jesus,
465 1977 540 2007 dixit
561 1976 620 2007 illis
639 1977 799 2022 {Reddite
821 1987 887 2018 quae
909 1986 979 2012 sunt

148 2021 284 2063 Caesaris,
302 2022 409 2056 Casari
426 2033 433 2052 :
451 2026 480 2052 et
494 2030 559 2061 quae
573 2025 642 2051 sunt
655 2021 722 2059 Dei,
740 2022 820 2060 Deo;
836 2027 865 2053 et
880 2023 974 2055 admi-

149 2072 203 2102 rati
218 2075 287 2101 sunt
302 2069 339 2099 de
353 2077 401 2099 eo.
418 2078 430 2096 ν
449 2066 584 2096 Diximus
608 2067 695 2096 etiam
719 2066 792 2097 alias
815 2067 853 2098 de
874 2067 971 2100 Hero-

148 2115 255 2150 dianis,
273 2113 351 2155 quod
372 2111 461 2143 fuerit
484 2110 609 2141 haeresis
628 2111 763 2151 quaedam
788 2115 857 2142 tunc
877 2122 972 2154 nuper

149 2165 213 2191 orta
227 2160 401 2195 dicentium,
415 2155 563 2186 Herodem
577 2163 644 2185 esse
659 2155 822 2196 Christum,
841 2166 876 2188 eo
891 2159 970 2199 quod

147 2206 178 2236 in
204 2203 387 2244 temporibus
414 2200 495 2231 illius
516 2199 676 2230 defecisset
695 2201 846 2231 successio
868 2211 970 2242 regum

146 2249 351 2281 Judaicorum.
369 2246 428 2277 Alii
450 2248 548 2276 autem
576 2244 680 2275 dicunt
703 2244 890 2277 Herodianos
914 2248 970 2280 hoc

146 2295 211 2326 loco
228 2294 323 2325 dictos
339 2300 406 2323 esse
423 2289 532 2321 milites
544 2289 684 2327 Herodis,
702 2299 774 2330 quos
786 2291 927 2323 Pharisaei
938 2294 970 2324 in

146 2345 235 2371 testes
255 2347 359 2370 eorum
383 2345 448 2377 quae
473 2334 606 2365 Christus
629 2335 762 2366 dicturus
783 2340 857 2374 erat,
881 2346 968 2368 assu-

145 2389 240 2423 munt,
257 2388 290 2415 ut
308 2384 527 2422 consequenter
552 2380 810 2421 comprehendant
832 2381 916 2412 illum
940 2388 969 2414 et

142 2430 301 2461 abducant.
311 2428 385 2460 Vide
395 2430 496 2458 autem
513 2425 654 2455 malitiam
672 2425 801 2463 illorum,
818 2428 967 2466 quomodo

142 2474 311 2505 adulatione
333 2476 448 2504 tentent
471 2470 613 2510 decipere
640 2469 810 2501 Dominum.
835 2469 964 2511 Scimus,

140 2519 255 2559 dicunt,
271 2518 348 2559 quod
365 2526 425 2547 non
439 2515 565 2555 respicis
578 2523 735 2555 personam
750 2515 917 2556 hominum,
933 2521 965 2548 et

139 2565 179 2595 ita
203 2573 301 2605 neque
324 2563 470 2594 Caesarem
492 2560 651 2605 revereris.
677 2559 784 2590 Totum
803 2560 884 2591 enim
906 2561 963 2593 hoc

137 2604 294 2641 artiﬁcium
310 2612 373 2639 erat
388 2606 528 2646 utrinque
549 2604 663 2634 habens
678 2604 842 2645 praecipan
859 2613 865 2636 :
889 2610 921 2636 ut
937 2607 961 2637 si

136 2655 256 2695 quidem
273 2654 387 2685 diceret
403 2650 482 2692 quod
499 2649 588 2695 liceat
602 2648 674 2679 dare
688 2649 798 2680 Caesari
814 2649 958 2695 tributum

134 2693 295 2739 arguerent
309 2708 377 2730 eun:
393 2695 471 2736 apud
484 2693 640 2739 populum,
652 2697 790 2733 tanquam
804 2693 855 2734 qui
869 2695 957 2739 eosin

133 2737 307 2776 servitutem
323 2743 472 2782 redigeret
488 2748 495 2769 ε
515 2738 562 2768 sin
578 2737 696 2782 diceret
712 2747 772 2768 non
783 2737 957 2778 persolven—

133 2789 215 2828 dum,
232 2781 408 2820 accusarent
422 2793 490 2816 eum
514 2787 545 2813 ut
559 2782 595 2813 ad
611 2781 788 2813 seditionem
816 2783 956 2824 populum

1020 1577 1051 1604 Οἱ
1079 1574 1106 1603 δὲ
1145 1575 1276 1615 ἐλθόντες,
1299 1575 1423 1615 λέγουσιν
1445 1575 1517 1612 αὐτῷ
1531 1584 1539 1593 ⁶
1557 1575 1719 1613 Διδάσκαλε,
1736 1575 1851 1614 οἴδαμεν

1019 1619 1061 1648 ὅτι
1090 1619 1193 1654 ἀληθὴς
1207 1619 1248 1658 εἶ,
1264 1621 1309 1648 καὶ
1324 1621 1354 1649 οὗ
1375 1619 1450 1658 μέλει
1475 1631 1516 1648 σοι
1531 1621 1591 1660 περὶ
1605 1620 1710 1654 οὐδενός
1727 1629 1735 1637 ⁸
1751 1623 1782 1651 οὗ
1796 1623 1850 1663 γὰρ

1018 1664 1126 1703 βλέπεις
1155 1666 1190 1697 εἰς
1221 1670 1364 1705 πρόσωπον
1385 1665 1541 1706 ἀνθρώπων,
1564 1664 1625 1694 ἀλλ’
1649 1665 1693 1694 ἔπ’
1720 1665 1848 1700 ἀληθείας

1018 1710 1067 1744 τὴν
1089 1709 1148 1738 ὁδὸν
1174 1713 1220 1739 τοῦ
1249 1711 1316 1738 Θεοῦ
1329 1708 1470 1742 διδάσκεις.
1489 1706 1602 1743 ’Ἔξεστι
1617 1713 1717 1744 κῆνσον
1731 1714 1846 1751 Καίσαρι

1018 1754 1116 1792 δοῦναι,
1133 1755 1151 1789 ἣ
1165 1754 1197 1783 οὔ
1212 1765 1220 1794 ;
1237 1753 1336 1793 δῶμεν,
1352 1755 1370 1789 ἢ
1393 1757 1432 1793 μὴ
1454 1754 1541 1793 δῶμεν
1557 1765 1567 1796 ς
1595 1751 1624 1784 I0
1648 1755 1686 1796 δὲ,
1704 1755 1779 1788 εἰδὼς
1794 1757 1844 1786 αὖ·

1018 1801 1070 1828 θῶν
1090 1800 1140 1834 τὴν
1165 1800 1315 1839 ὑπόκρισιν,
1338 1801 1414 1828 εἶπεν
1436 1801 1528 1832 αὐτοῖς
1545 1808 1552 1815 ·
1576 1801 1607 1829 Τί
1627 1811 1662 1838 με
1676 1801 1814 1840 πειράζετε
1835 1812 1844 1839 ;

1016 1844 1114 1884 Φέρετέ
1128 1856 1190 1883 -μοι
1219 1844 1343 1885 δηνάριον
1377 1845 1425 1873 ἵνα
1446 1843 1497 1873 ’ίδω
1515 1855 1523 1864 ·
1548 1846 1572 1873 οἱ
1599 1844 1626 1873 δὲ
1647 1844 1775 1885 ἤνεγκαν.
1793 1847 1846 1875 Καὶ

1018 1888 1090 1929 λέγει
1117 1890 1209 1921 αὐτοῖς
1224 1896 1231 1903 ·
1257 1889 1332 1922 Τίνος
1359 1890 1377 1924 ἡ
1406 1889 1482 1917 εἰκὼν
1498 1889 1576 1928 αὕτη,
1593 1890 1637 1918 καὶ
1650 1891 1669 1924 η
1681 1890 1816 1931 ἐπιγραφή
1837 1901 1846 1929 ;

1019 1935 1049 1963 Οἱ
1074 1933 1101 1962 δὲ
1121 1934 1200 1962 εἶπον
1222 1934 1304 1971 αὐτῷ,
1322 1935 1463 1973 Καίσαρος.
1491 1935 1540 1963 Καὶ
1561 1934 1710 1974 ἀποκριθεὶς
1739 1937 1753 1963 ὁ
1784 1935 1847 1969 ’1η-

1019 1979 1079 2012 σοῦς
1108 1979 1186 2007 εἶπεν
1214 1981 1306 2011 αὐτοῖς
1322 1988 1330 1997 ·
1356 1978 1484 2007 Ἀπόδοτε
1513 1981 1547 2009 τὰ
1571 1980 1702 2020 Καίσαρος
1718 1980 1845 2020 Καίσαρι,

1017 2025 1062 2052 καὶ
1090 2025 1123 2054 τὰ
1150 2027 1197 2052 τοῦ
1236 2028 1302 2053 Θεοῦ
1342 2027 1380 2061 τῷ
1422 2027 1480 2062 Θεῷ
1498 2033 1506 2042 ⁸
1533 2025 1579 2053 καὶ
1613 2024 1764 2061 ἐθαύμασαν
1797 2025 1845 2054 iu’

1015 2069 1098 2106 αὐτῷ.
1116 2081 1128 2098 ι
1162 2068 1283 2107 Εἴπομεν
1311 2069 1355 2096 καὶ
1376 2067 1472 2098 ἄλλοτε
1496 2069 1555 2109 περὶ
1583 2072 1636 2097 τῶν
1658 2069 1844 2111 Ἦρωδιανῶν,

1014 2113 1055 2142 ὅτι
1080 2113 1182 2153 αἵρεσίς
1200 2124 1240 2146 τις
1262 2113 1294 2147 ἧν
1327 2114 1456 2154 νεοφανὴς
1490 2117 1545 2142 τῶν
1570 2113 1704 2154 λεγόντων
1725 2116 1844 2154 Χριστὸν

1013 2160 1081 2187 εἶναι
1097 2160 1142 2187 τὸν
1162 2155 1281 2198 Ἡρώδην
1310 2157 1353 2186 διὰ
1375 2159 1406 2186 τὸ
1430 2158 1458 2186 ἐν
1472 2165 1530 2192 τοῖς
1544 2159 1653 2199 χρόνοις
1668 2160 1748 2188 αυτοῦ
1761 2159 1841 2188 Ξκλιι

1012 2205 1076 2233 πεῖν
1103 2205 1151 2237 τὰς
1179 2203 1306 2244 διαδοχὰς
1327 2206 1380 2231 τῶν
1403 2203 1558 2232 Ἰουδαϊκῶν
1571 2203 1714 2243 βασιλέων.
1733 2199 1841 2234 "Not

1011 2247 1039 2276 δέ
1063 2259 1142 2289 φασιν
1168 2244 1342 2287 ’Πρωδιανοὺς
1377 2247 1487 2277 ἐνταῦθα
1511 2248 1635 2288 λέγεσθαι
1660 2249 1722 2281 τοὺς
1751 2260 1840 2289 στρα-

1011 2293 1107 2325 τιώτας
1135 2297 1181 2322 τοῦ
1204 2290 1331 2333 Ἡρώδου,
1347 2292 1392 2324 οὓς
1407 2292 1603 2333 προσελάϐοντο
1627 2295 1650 2322 ot
1678 2297 1839 2336 Φαρισαῖοι,

1010 2338 1081 2366 ὡσὰν
1111 2340 1239 2378 μάρτυρες
1267 2339 1317 2366 ὦσι
1359 2340 1412 2366 τῶν
1454 2337 1663 2379 λεχθησομένι-»ν
1704 2340 1755 2367 ὑπὸ
1790 2343 1841 2369 τοῦ

1010 2386 1136 2423 Χριστοῦ,
1165 2383 1209 2411 καὶ
1233 2382 1331 2411 λοιπὸν
1365 2382 1533 2412 συλλάϐωσιν
1576 2383 1667 2422 αὐτὸν,
1706 2384 1752 2412 καὶ
1779 2384 1839 2414 ἀπ-

1009 2428 1155 2468 αγάγωσιν.
1186 2423 1260 2467 ”Ορα
1277 2427 1305 2455 δὲ
1332 2427 1382 2461 τὴν
1404 2429 1563 2464 κακοήθειαν
1578 2430 1675 2468 αὐτῶν,
1692 2432 1750 2461 πῶς
1767 2431 1838 2468 μετὰ

1007 2472 1147 2506 κολακείας
1178 2473 1319 2512 πειρῶνται
1351 2471 1515 2507 ἱξαπατῆσαι
1539 2474 1586 2502 τὸν
1609 2474 1715 2513 Κύριον.
1745 2474 1835 2503 Οἴδα-

1006 2528 1054 2555 μεν
1082 2517 1122 2546 ὅτι
1151 2519 1181 2547 οὐ
1208 2517 1315 2556 βλέπεις
1344 2518 1379 2550 εἷς
1410 2518 1553 2558 πρόσωπον
1581 2519 1731 2560 ἀνθρώπου,
1761 2520 1832 2549 ὥστε

1005 2561 1063 2591 οὐδὲ
1096 2564 1142 2592 τὸν
1170 2564 1287 2602 Καίσαρα
1321 2562 1503 2602 εὖλαὸηθήσῃ,
1534 2564 1570 2593 Τὸ
1597 2563 1660 2592 ὅλον
1688 2562 1716 2592 δε
1751 2569 1831 2594 τοῦτο

1001 2607 1142 2647 τέχνασμα
1164 2608 1209 2647 ἦν,
1231 2607 1416 2648 ἀμφοτέρωθεν
1448 2607 1514 2647 ἕχον
1542 2609 1690 2648 κρημνοὺς,
1714 2609 1763 2638 ἵνα
1784 2610 1830 2639 ἰὰν

1001 2653 1050 2690 μὲν
1070 2653 1138 2691 εἴπῃ
1160 2652 1200 2681 ὅτι
1229 2652 1312 2685 ἔξεστι
1337 2651 1427 2681 τελεῖν
1450 2655 1489 2690 τῷ
1504 2654 1627 2694 Καίσαρι,
1649 2652 1829 2684 διαϐάλλωσιν

1001 2697 1080 2726 αὑτὸν
1094 2699 1159 2738 πρὸς
1174 2699 1220 2726 τὸν
1234 2696 1330 2737 ὄχλον,
1353 2697 1390 2729 ὣς
1406 2697 1617 2728 καταδουλοῦντα
1644 2699 1724 2730 αὐτοῦ
1740 2709 1746 2716 ·
1765 2701 1787 2728 εἴ
1801 2699 1828 2728 δὲ

1001 2742 1040 2780 μὴ
1061 2742 1151 2771 τελεῖν
1179 2742 1258 2781 εἴπῃ,
1287 2743 1510 2782 κατηγορήσωσιν
1532 2744 1623 2781 αὐτοῦ,
1647 2744 1684 2775 ὡς
1709 2744 1829 2773 ἀναστα-

1000 2793 1107 2820 τοῦντος
1135 2788 1181 2815 τὸν
1216 2785 1280 2815 λαὸν
1309 2787 1376 2814 κατὰ
1404 2786 1451 2815 τοῦ
1480 2788 1625 2826 Καίσαρος.
1656 2788 1733 2817 Ἀλλ’
1747 2791 1765 2823 ἡ
1783 2789 1828 2824 τῆς
