1948 3081
184 197 245 232 627

674 199 948 234 THOPHYLAGTI
968 196 1173 230 ΒῸΙιϐΑΒΙλΕ
1195 198 1372 231 ARCHIEP.

1831 193 1890 226 628

186 266 300 306 nuptias
316 270 437 307 propter
448 266 668 306 corruptionem
682 266 766 302 ﬁunt,
780 270 812 297 ut
826 265 955 296 successi

1110 259 1165 293 εται
1181 272 1189 280 ·
1221 269 1265 294 νῦν
1286 266 1336 306 γὰρ
1366 266 1380 295 ὁ
1406 265 1493 305 γάμος
1521 264 1563 293 διὰ
1584 264 1634 298 τὴν
1767 262 1879 302 γίνεται,

187 310 309 351 generis
328 311 473 342 durantes
496 311 635 342 homines
660 321 719 342 non
745 311 916 342 intereant:
945 316 1014 340 tunc

186 359 285 387 autem
303 355 381 386 sicut
395 355 490 394 angeli
506 355 620 396 absque
631 356 757 396 nuptiali
770 356 961 387 successione
973 354 1015 385 illi

186 400 244 440 ipsi
261 404 360 440 erunt,
376 404 405 431 et
419 409 570 441 nunquam
582 401 742 432 deﬁcient:
761 401 803 431 sic
815 401 903 441 etqui
918 409 1015 431 resur-

185 448 270 485 gunt,
291 446 355 475 sine
381 445 494 485 nuptiis
519 449 708 486 permanent,
734 454 884 486 nunquam
912 445 1014 475 immi-

187 488 351 521 nueudiN.
367 489 402 520 Et
417 490 505 521 aliter
520 500 638 531 quoque
649 494 784 522 taxantur
800 495 831 521 ut
847 490 1015 521 nescientes

187 533 401 575 Scripturas.Si
413 535 492 565 enim
504 535 720 566 intellexissent
736 535 1016 574 illas,intelligerent

188 578 278 611 etiam
295 579 445 619 quomodo
458 579 601 620 scriptum
619 580 668 610 sit.
694 579 756 619 Ego
773 589 837 610 sum
863 579 913 610 ille
937 580 1015 610 Deus

186 623 350 664 Abraham,
366 627 468 663 utpote
487 624 643 656 manifeste
663 624 836 655 viventium.
855 623 918 655 Non
935 624 1014 654 enim

188 667 276 708 dixit,
292 667 352 708 Ego
378 677 471 706 eram,
498 669 562 706 sed,
581 678 659 709 sum,
686 673 788 709 utpote
813 669 1013 708 praesentium,

1054 308 1101 337 ἵνα
1128 313 1163 348 τῇ
1183 309 1302 351 διαδοχῇ
1324 314 1370 340 τοῦ
1390 310 1483 350 γένους
1510 310 1708 348 συνιστάμενοι,
1730 308 1772 346 μὴ
1795 306 1892 345 ἀφανι-

1055 356 1170 392 σθῶμεν.
1187 356 1253 384 Τότε
1268 355 1308 393 δὲ,
1331 356 1421 396 ὥσπερ
1445 356 1469 384 οἱ
1484 354 1594 394 ἄγγελοι
1611 354 1673 382 ἄνευ
1690 352 1823 392 διαδοχῆς
1839 362 1890 396 γα-

1056 402 1139 436 μικῆς
1168 401 1192 428 οἱ
1214 401 1286 429 αίιτοί
1314 402 1376 438 εἶσι,
1407 395 1451 429 καὶ
1491 399 1616 429 οὐδέποτε
1646 398 1774 437 λήγουσιν
1792 405 1798 412 ·
1824 395 1891 424 οὕτω

1056 445 1101 472 καὶ
1123 446 1145 473 οἱ
1167 446 1337 484 ἀνιστάμενοι
1364 445 1425 474 ἄνευ
1461 446 1550 484 γάμου
1579 443 1758 472 ἀνελάττωτοι
1794 439 1889 478 διαμέ-

1057 500 1140 521 νουσι.
1168 491 1217 520 Καὶ
1237 490 1326 523 ἄλλως
1354 489 1382 519 δὲ
1403 490 1561 530 ὶλέγχονται
1582 489 1622 527 μὴ
1644 487 1742 518 εἰδότες
1757 486 1806 517 τὰς
1823 487 1887 530 Γρα-

1057 533 1119 573 φάς,
1136 535 1164 562 Εἰ
1179 534 1228 574 γὰρ
1244 535 1333 564 ἐνόουν
1354 529 1601 572 ταύταςξὲνόησαν
1626 532 1657 561 ἂν
1682 532 1726 561 καὶ
1753 532 1814 562 πιῖις
1843 529 1886 574 εξ-

1057 589 1134 616 ρηται
1156 580 1199 617 τὸ,
1216 573 1301 619 γἘγὼ
1330 581 1384 617 εἶμι
1413 581 1427 608 ἱι
1456 580 1522 612 Θεὸς
1551 577 1686 617 ’Λϐραὲιμ,
1716 577 1755 609 ὡς
1783 573 1886 619 δηλξιδῆ

1057 615 1174 658 ζώντων.
1189 615 1226 654 Οὐ
1239 615 1289 664 γάρ
1304 615 1394 665 εἶπεν,
1411 624 1451 652 ὅτι
1480 624 1534 664 ἐγὼ
1548 615 1633 661 ἤμην,
1653 615 1726 661 ἀλλ’,
1744 621 1820 665 Εἰμιξ

1057 667 1208 697 ἐνεστώτων
1236 662 1393 707 iii-(sima.
1420 670 1464 698 καὶ
1501 662 1540 707 μὴ
1578 666 1766 704 ἀπολομένων.
1812 662 1885 693 Ἀλλ’

187 712 259 743 258
273 716 362 753 atque
376 712 496 744 illorum
513 723 573 744 non
592 708 786 754 perditorum.
803 713 867 744 Jam
884 714 956 744 torta

1117 725 1124 745 ;
1140 713 1214 743 εἴποι
1228 725 1268 746 τις
1284 716 1320 746 ὡς
1334 714 1411 743 τοῦτο
1436 714 1495 753 περὶ
1527 714 1577 746 της
1594 711 1687 752 ψυχῆς
1702 714 1749 739 τοῦ
1765 708 1886 748 Ἀϐραὰμ

188 757 269 789 dicet
283 758 362 798 quis,
376 758 455 799 quod
468 759 525 789 hoc
539 758 576 789 de
592 759 654 789 sola
664 758 790 789 Abrahw
800 759 898 789 anima
909 759 957 788 dix

1115 769 1151 792 me
1174 759 1259 797 μόνης
1289 761 1304 788 ὂ
1330 760 1436 799 Κύριος,
1460 759 1522 798 οὐχὶ
1537 758 1583 786 καὶ
1603 757 1724 796 περὶτοῦ
1748 755 1884 792 σώματος,

188 803 345 839 Dominus,
363 807 393 834 et
409 811 467 834 non
484 803 554 834 item
572 803 609 834 de
626 813 764 843 corpore,
788 808 817 834 et
831 803 872 833 ita
890 813 957 843 corp

1116 814 1124 831 ε
1151 804 1185 832 τὰ
1205 804 1317 842 σώματα
1338 805 1386 833 οὐκ
1412 804 1578 834 ἀνίστανται.
1607 802 1687 841 Λέγω
1708 801 1754 829 οὖν
1783 802 1885 839 πρῶτον

189 857 249 878 non
263 852 432 888 resurgunt.
452 848 523 879 Dico
545 848 636 886 igitur
657 849 784 889 primum
801 848 921 889 quidem
936 857 954 888 q

1116 875 1117 884 η
1147 848 1187 876 ὅτι
1226 847 1347 889 Ἀϐραὰμ
1378 850 1410 877 τὸ
1438 848 1638 889 συναμφότερον
1660 846 1781 885 λέγεται,
1811 843 1885 883 ψυχὴ

188 892 341 924 Abraham
358 896 518 933 utrumque
539 892 668 933 dicatur,
686 893 784 923 anima
802 897 831 924 et
852 902 957 933 corpus

1128 895 1218 933 σῶμα,
1247 893 1316 922 ὥστε
1341 894 1388 922 καὶ
1409 897 1456 922 τοῦ
1481 893 1606 931 σώματός
1622 891 1677 920 ἐστι
1694 891 1774 926 Θεὸς,
1790 892 1885 924 ζῶντος

189 937 229 969 ita
245 937 333 968 etiam
350 937 429 969 Deus
445 942 492 968 est
512 938 656 978 corporis,
675 938 753 978 quod
779 942 809 968 et
832 938 929 978 ipsum
947 948 958 967 ν

1129 937 1208 968 οώτοῦ
1229 938 1300 978 παρὰ
1321 941 1359 975 τῷ
1382 940 1453 975 Θεῷ,
1478 938 1522 966 καὶ
1547 937 1586 975 μὴ
1601 936 1688 969 πάντη
1704 936 1741 966 εἷς
1756 935 1788 962 τὸ
1804 933 1842 971 μὴ
1857 933 1883 960 ὃν

190 981 268 1022 apud
285 983 391 1020 Deum,
409 987 437 1013 et
452 992 511 1013 non
528 984 649 1014 omnino
666 982 696 1013 in
712 982 838 1013 nihilum
855 983 959 1021 redigil

1113 983 1244 1018 ιήσαντος,
1276 978 1396 1012 ’Ἔπειτα
1423 983 1464 1010 ὅτι
1493 983 1517 1011 οἱ
1541 981 1715 1022 Σαδδουκαῖοι
1744 980 1806 1016 περὶ
1835 979 1882 1010 τῆς

190 1020 317 1067 Insuper
331 1027 401 1068 quia
423 1027 579 1059 Sadducaei
594 1027 631 1058 de
646 1027 780 1067 corporis
795 1020 955 1058 resurrecti

1131 1029 1265 1067 σωμάτων
1279 1028 1448 1059 ἀναστάσεως
1471 1026 1652 1067 ἆμφὲϐαλλον.
1682 1020 1774 1053 ’Ὠστε
1803 1023 1846 1050 καὶ
1872 1023 1883 1049 ὁ

191 1067 378 1109 dubitabant,
395 1076 509 1103 certum
529 1071 609 1113 quod
626 1072 771 1104 Dominus
786 1072 824 1104 de
841 1073 958 1113 corpori

1115 1084 1152 1104 ιος
1181 1074 1239 1112 περὶ
1265 1075 1318 1100 τῶν
1340 1072 1472 1110 σωμάτων
1500 1074 1576 1100 εἶπεν
1600 1070 1644 1099 ὅτι
1672 1070 1738 1105 ζῶσι
1753 1067 1826 1107 παρὰ

191 1117 299 1148 dixerit
318 1117 396 1158 quod
422 1118 520 1149 vivant
539 1111 617 1158 apud
633 1118 739 1154 Deum,
758 1128 818 1149 non
844 1118 881 1149 de
897 1111 960 1149 vani:

1115 1133 1129 1157 ι,
1145 1118 1207 1157 οὐχὶ
1236 1118 1295 1156 περὶ
1316 1120 1369 1145 τῶν
1399 1119 1509 1157 ψυχῶν.
1540 1119 1623 1146 Τοῦτο
1644 1115 1694 1154 γάρ
1716 1111 1884 1158 ἤδηνὼμολό-

190 1161 264 1193 Nam
279 1157 357 1193 istud
371 1163 434 1203 jam
452 1171 489 1193 ex
505 1157 642 1194 confesso
659 1167 722 1193 erat
738 1163 825 1194 etiam
852 1163 931 1202 apud
949 1173 959 1194 ε

1117 1173 1127 1190 >
1152 1163 1198 1191 καὶ
1224 1163 1295 1202 παρὰ
1311 1162 1370 1194 τοῖς
1386 1168 1525 1202 σαρκικοῖς
1549 1159 1750 1192 Σαδδουκαίοις,
1765 1157 1886 1187 ’Ἔπειτα

191 1208 276 1238 nales
287 1201 480 1239 Sadducaaos.
497 1207 628 1239 Observa
643 1212 670 1238 et
683 1208 750 1238 hoc.
769 1201 959 1239 ltesurrectio

1122 1211 1200 1235 τοῦτο
1222 1207 1327 1240 σκόπει,
1352 1208 1369 1241 ἡ
1396 1207 1552 1243 ἀνάστασις,
1567 1210 1614 1235 τοῦ
1628 1203 1806 1234 πεπτωκότος
1821 1201 1885 1230 ἐστὶν

191 1252 257 1292 ejus
272 1251 351 1292 quod
376 1252 528 1282 ceciderat
548 1252 705 1283 surrectio,
725 1252 902 1283 Immortalis
916 1257 960 1282 aul

1113 1263 1215 1283 στάσις.
1243 1251 1354 1281 "Encas
1382 1250 1410 1279 δὲ
1441 1251 1494 1291 οὔχ
1515 1251 1532 1285 ἡ
1556 1250 1644 1290 ψυχὴ,
1667 1249 1800 1279 ἀθάνατος
1825 1247 1882 1292 γὰρ,

191 1290 290 1328 anima
305 1306 365 1327 non
388 1296 510 1335 cecidit,
540 1296 594 1327 sed
622 1306 729 1336 corpus
759 1297 837 1334 hoc;
865 1297 960 1337 itaque

1113 1297 1127 1324 ἓι
1141 1297 1172 1325 τὸ
1194 1299 1272 1335 σῶμα
1290 1304 1297 1311 '
1314 1301 1391 1326 τοῦτο
1405 1296 1455 1336 ἄρα
1475 1290 1519 1324 καὶ
1541 1295 1730 1333 ἀναστήσεται,
1747 1290 1882 1332 προσπλα-

189 1345 327 1382 resurget
339 1341 462 1380 iterum,
480 1340 628 1381 conjugali
640 1341 958 1382 animzccomplicitum

726 1341 974 1382 {c.complicitum.
1058 1342 1102 1370 κέν
1116 1341 1197 1370 πάλιν
1211 1345 1246 1381 τῇ
1269 1341 1392 1380 ὀμοζύγῳ
1407 1343 1495 1381 ψυχῇ.

230 1381 446 1418 Van3.28—34.
476 1398 490 1414 ι
514 1386 551 1417 Ει
576 1395 643 1417 cum
666 1381 840 1417 accessisset
864 1387 982 1427 quidam

1108 1397 1113 1414 l
1137 1387 1187 1416 Καὶ
1212 1385 1363 1426 προσελθὼν
1389 1386 1425 1418 εἰς
1453 1389 1506 1414 τῶν
1541 1383 1735 1426 Γραμματέων,
1767 1381 1877 1427 hmine

191 1431 318 1467 Scribis,
335 1430 505 1462 etaudisset
521 1439 572 1461 eos
589 1431 676 1462 simul
689 1431 960 1471 disputantes,videi

1107 1431 1141 1459 ὦν
1171 1431 1363 1468 συζητούντων,
1393 1429 1466 1463 εἰδὼς
1495 1430 1535 1458 ὅτι
1572 1429 1662 1461 καλῶς
1700 1429 1797 1459 αὐτοῖς
1825 1426 1876 1454 ἄπ-

192 1486 250 1517 que
266 1475 345 1516 quod
358 1474 435 1506 bene
444 1475 649 1515 respondisset
659 1475 908 1515 eis,interrogavit
921 1476 961 1506 llll

1110 1477 1158 1516 ἷθη,
1189 1476 1362 1517 ἐπηρώτησεν
1391 1476 1480 1512 αὐτὸν,
1500 1476 1563 1504 ποία
1590 1475 1645 1503 ἔστι
1667 1473 1764 1513 πρώτη
1790 1472 1879 1517 πασῶν

191 1515 281 1557 Quod
293 1523 338 1551 est
358 1519 486 1560 primum
502 1519 635 1550 omnium
658 1524 873 1561 praeceptorum
890 1521 905 1550 ‘I
929 1520 960 1552 Jc

1113 1515 1178 1560 'l‘tl;
1211 1516 1239 1549 ’0
1267 1520 1294 1547 δὲ
1324 1519 1428 1554 Ἰησοῦς
1458 1521 1585 1558 ἀπεκρίθη
1614 1521 1697 1556 αὐτῷ,
1719 1517 1762 1546 ὅτι
1792 1515 1882 1561 πρώτη

191 1568 290 1596 autem
305 1564 460 1604 respondit
476 1563 539 1595 illi:
557 1564 691 1595 Primum
708 1565 840 1595 omnium
858 1575 960 1606 praccel

1116 1568 1149 1593 ὦν
1171 1568 1223 1593 τῶν
1252 1564 1382 1600 ἐντολῶν,
1404 1565 1511 1595 ’Ἄκουε
1534 1563 1653 1604 Ἰσραὴλ,
1681 1563 1778 1602 Κύριος
1795 1562 1808 1589 ὅ
1825 1560 1885 1606 Osi):

191 1619 257 1641 rum
285 1613 330 1640 est
354 1619 361 1641 :
390 1608 469 1640 Audi
498 1609 603 1649 Israel,
632 1609 775 1641 Dominus
798 1609 878 1640 Deus
902 1617 960 1640 [ιοδῖ

1116 1621 1148 1648 ιν,
1173 1610 1266 1650 Κύριος
1289 1610 1331 1641 εἷς
1369 1609 1436 1646 ἐστι,
1466 1611 1510 1638 καὶ
1540 1610 1690 1649 ἀγαπήσεις
1720 1608 1817 1647 Κύριον
1843 1605 1885 1633 τὸν

191 1655 339 1687 Dominus
346 1663 423 1685 unus
435 1657 491 1685 est:
503 1658 532 1685 et
543 1653 650 1694 diliges
661 1653 818 1685 Dominum
829 1655 920 1686 Deum
931 1659 1014 1686 tuum

192 1709 226 1732 ex
244 1704 303 1731 toto
320 1699 410 1730 corde
426 1702 487 1738 tuo,
505 1703 534 1729 et
551 1708 585 1729 ex
603 1702 663 1730 tota
674 1699 771 1730 anima
788 1703 847 1735 tua,
866 1703 896 1731 et
911 1709 944 1730 ex
958 1704 1016 1730 tota

193 1749 294 1776 mente
303 1748 362 1784 tua,
376 1748 405 1775 et
419 1753 454 1775 ex
468 1743 535 1775 totis
545 1743 657 1774 viribus
673 1744 741 1774 tuis.
756 1745 818 1776 Hoc
831 1749 875 1775 est
888 1745 1014 1784 primum

192 1793 393 1831 praeceptum:
410 1794 441 1820 et
454 1788 619 1820 secundum
636 1789 733 1819 simile
749 1789 805 1820 hoc
821 1794 885 1820 est:
903 1789 1014 1828 Diliges

191 1834 359 1876 proximum
395 1838 477 1864 tuum
507 1838 539 1865 ut
569 1833 707 1874 teipsum.
738 1835 832 1874 Majus
862 1834 907 1864 his
936 1835 1014 1866 aliud

191 1883 371 1922 praeceptum
388 1888 448 1910 non
471 1882 526 1910 est.
548 1878 583 1909 Et
606 1878 680 1911 dixit
701 1879 745 1910 illi
766 1879 869 1910 Scriba
887 1889 893 1910 :
920 1879 1011 1914 Bene.

190 1928 369 1967 praeceptor,
377 1934 445 1956 cum
455 1924 578 1955 veritate
587 1924 697 1961 dixisti,
705 1925 783 1965 quod
797 1934 872 1956 unus
879 1926 914 1955 sit
924 1926 1012 1963 Deus,

191 1974 221 2002 et
243 1979 304 2001 non
319 1969 357 2000 sit
378 1969 454 2000 alius
478 1972 590 2009 praeter
610 1969 714 2000 illum:
737 1970 876 2010 quodque
892 1970 1016 2009 dil’gere

189 2023 259 2047 eum
267 2024 302 2046 ex
311 2018 374 2046 toto
381 2014 484 2049 corde,
496 2017 527 2044 et
534 2023 569 2044 ex
579 2017 640 2045 tota
649 2014 854 2054 intelligentia,
869 2019 899 2046 et
909 2024 943 2045 ex
957 2019 1016 2046 tota

189 2059 301 2097 anima,
318 2062 347 2090 et
362 2068 401 2090 ex
425 2058 494 2089 totis
510 2057 635 2096 viribus,
652 2068 686 2089 ac
702 2058 827 2099 diligere
845 2060 1015 2099 proximum

189 2103 376 2144 utseipsum,
389 2102 455 2144 plus
466 2103 503 2133 sit
515 2112 602 2143 quam
616 2102 752 2134 universa
765 2103 1017 2135 holocaustomata

189 2152 220 2181 et
235 2147 371 2181 victimas.
396 2147 434 2179 At
453 2148 541 2179 Jesus
563 2156 629 2178 cum
654 2148 768 2179 videret
792 2148 871 2189 quod
896 2149 1016 2180 cordate

187 2192 405 2234 respondisset,
421 2191 494 2223 dixit
510 2192 551 2223 illi
567 2202 573 2222 :
592 2191 676 2223 Haud
693 2192 780 2232 longe
796 2192 868 2223 abes
883 2203 900 2224 a
922 2203 1014 2232 regno

187 2238 253 2270 Dei.
271 2237 306 2269 Et
320 2247 409 2269 nemo
421 2240 487 2278 post
497 2236 548 2268 illa
558 2237 686 2268 audehat
699 2237 783 2268 illum
795 2237 1011 2277 interrogare.»

1058 1655 1123 1683 Θεόν
1152 1666 1199 1683 σου
1228 1655 1254 1688 ἐξ
1284 1654 1349 1688 ὅλης
1371 1657 1418 1688 τῆς
1444 1654 1551 1694 καρδίας
1569 1666 1625 1693 σου,
1642 1655 1687 1682 καὶ
1700 1652 1727 1686 ἐξ
1741 1652 1811 1685 ὅλης
1839 1652 1885 1682 τῆς

1057 1700 1150 1739 ψυχῆς
1179 1710 1238 1737 σου,
1268 1701 1312 1728 καὶ
1340 1699 1366 1733 ἒξ
1394 1700 1461 1734 ὅλης
1490 1700 1539 1734 τῆς
1567 1699 1683 1732 διανοίας
1712 1700 1771 1736 σου,
1795 1696 1840 1725 καὶ
1859 1694 1883 1727 ἐξ

1057 1742 1123 1777 ὅλης
1152 1745 1201 1778 τῆς
1217 1745 1310 1785 ἰσχύος
1333 1756 1391 1775 σου.
1416 1744 1487 1778 Αὕτη
1503 1745 1596 1784 πρώτη
1618 1743 1713 1778 ἐντολή
1731 1753 1737 1759 ·
1764 1743 1809 1770 καὶ
1824 1739 1880 1769 δευ-

1055 1788 1119 1828 τέρα
1147 1790 1226 1827 ὁμοία
1255 1790 1322 1824 αὕτη
1340 1800 1347 1806 ·
1378 1790 1541 1829 Ἀγαπήσεις
1563 1790 1609 1818 τὸν
1630 1788 1743 1822 πλησίον
1771 1798 1818 1816 σου
1845 1786 1879 1816 ὡς

1055 1834 1177 1865 σεαυτόν,
1223 1835 1324 1871 Μείζων
1365 1835 1465 1863 τούτων
1503 1833 1572 1868 ἄλλη
1611 1833 1705 1867 ἐντολή
1734 1834 1785 1862 οὒκ
1812 1831 1876 1860 ἔστι.

1057 1881 1107 1908 Καὶ
1135 1880 1213 1908 εἶπεν
1243 1879 1314 1917 αὐτῷ
1339 1880 1353 1908 ὁ
1382 1879 1555 1919 Γραμματεύς
1571 1889 1579 1897 ·
1604 1881 1709 1918 Καλῶς,
1727 1874 1876 1912 διδάσκαλε,

1055 1923 1098 1952 ἐπ’
1126 1924 1251 1958 ἀληθείας
1280 1924 1371 1961 εἶπες,
1402 1923 1443 1952 ὅτι
1473 1926 1514 1956 εἷς
1548 1924 1604 1952 ἐστι
1642 1924 1719 1962 Θεὸς,
1757 1923 1802 1950 καὶ
1835 1921 1880 1949 οὒκ

1058 1969 1129 1998 ἔστιν
1159 1968 1239 2001 ἄλλος
1272 1969 1342 2003 πλὴν
1371 1970 1461 2005 αὐτοῦ,
1488 1970 1532 1998 καὶ
1560 1970 1590 1998 τὸ
1618 1968 1722 2008 ἂγαπᾷν
1743 1967 1821 1996 αὑτὸν
1855 1964 1880 1997 ἐξ

1057 2013 1123 2048 ὅλης
1149 2016 1198 2048 τῆς
1227 2012 1346 2054 καρδίας,
1376 2014 1421 2042 καὶ
1443 2013 1469 2046 ἐξ
1497 2013 1563 2047 ὅλης
1587 2015 1638 2047 τῆς
1667 2012 1811 2051 συνέσεως,
1838 2009 1881 2038 καὶ

1057 2059 1083 2092 ἐξ
1104 2058 1172 2093 ὅλης
1201 2061 1250 2093 τῆς
1266 2061 1371 2098 ψυχῆς,
1387 2059 1430 2087 καὶ
1446 2057 1471 2091 ἐξ
1485 2058 1553 2092 ὅλης
1569 2061 1619 2092 τῆς
1645 2058 1752 2098 ἰσχύος,
1782 2056 1826 2084 καὶ
1851 2054 1880 2081 τὸ

1057 2104 1164 2143 ἀγαπᾷν
1192 2105 1237 2132 τὸν
1259 2103 1373 2137 πλησίον
1392 2105 1428 2135 ὡς
1460 2104 1564 2141 ἑαυτὸν,
1587 2103 1683 2132 πλεῖόν
1698 2102 1754 2130 ἐστι
1776 2101 1878 2129 πάντων

1056 2150 1110 2178 τῶν
1138 2149 1367 2188 ὁλοκαυτωμάτων
1395 2150 1439 2178 καὶ
1460 2150 1514 2178 τῶν
1534 2149 1641 2180 θυσιῶν,
1659 2149 1707 2178 Καὶ
1735 2148 1748 2175 ὁ
1777 2145 1876 2179 Ἰησοῦς

1056 2194 1130 2235 ἰδὼν,
1153 2194 1192 2223 ὅτι
1219 2198 1353 2235 νουνεχῶς
1382 2195 1523 2234 ἀπεκρίθη,
1547 2195 1624 2222 εἶπεν
1639 2195 1711 2230 αὖτῷ
1727 2201 1734 2208 ·
1757 2192 1793 2222 Οὒ
1822 2201 1874 2228 μα-

1055 2240 1122 2280 κρὰν
1143 2240 1170 2269 εἴ
1187 2239 1240 2268 ἀπὸ
1261 2243 1310 2273 τῆς
1339 2239 1474 2278 βασιλείας
1502 2243 1548 2268 τοῦ
1563 2242 1639 2270 Θεοῦ,
1658 2239 1705 2268 Καὶ
1718 2237 1800 2269 οὗδεὶς
1814 2237 1874 2265 οὐκ·

186 2283 342 2316 Matthaaus
357 2281 478 2323 quidem
495 2282 590 2323 inquit
604 2282 682 2323 quod
699 2287 814 2314 tentans
833 2292 955 2314 accesse‘

1118 2283 1218 2323 ἐτόλμα
1240 2284 1319 2313 αὐτὸν
1354 2285 1532 2324 ἐπερωτῆσαι,
1559 2293 1574 2314 )
1606 2279 1635 2313 ι0
1663 2283 1712 2321 μὲν
1742 2279 1872 2311 Ματθαϊός

185 2329 304 2360 Marcus
325 2337 396 2359 vero
416 2327 489 2359 dicit
518 2328 596 2368 quod
628 2327 789 2368 prudenter
812 2329 1012 2368 responderit.

185 2372 327 2414 Nunquid
340 2381 411 2413 ergo
427 2372 533 2404 dicunt
547 2373 710 2405 contraria?
717 2373 852 2405 Minime:
866 2374 917 2404 sed
935 2375 1014 2404 veri-

184 2417 285 2450 simile
299 2421 344 2450 est
368 2417 501 2459 primum
533 2417 654 2458 quidem
680 2417 777 2458 ipsum
803 2422 835 2449 ut
851 2422 1013 2450 tentantem

184 2463 399 2504 interrogasse,
415 2462 525 2494 deinde
538 2471 605 2493 cum
623 2463 783 2503 profuisset
798 2462 826 2494 ei
837 2472 1013 2504 responsum

186 2507 311 2546 Christi,
324 2512 354 2539 et
367 2506 488 2539 cordate
501 2507 715 2547 respondisset,
732 2507 769 2538 ab
785 2507 836 2538 illo
848 2507 1011 2540 laudatum.

184 2552 261 2585 Vide
275 2556 375 2585 autem
391 2556 421 2584 et
434 2551 564 2584 laudem.
576 2551 641 2583 Non
652 2553 749 2593 perfer
759 2557 818 2583 tum
831 2553 914 2584 illum
927 2558 1013 2586 testa-

185 2603 246 2631 tur.
259 2597 325 2631 Non
337 2597 417 2630 enim
429 2597 599 2638 dixit,lntra
609 2607 733 2637 regnum
743 2598 880 2629 ceelerum
893 2608 935 2631 es:
945 2600 1010 2638 sed,

185 2652 246 2676 non
276 2643 381 2685 procul
407 2652 452 2674 es.
478 2642 576 2679 Quare
601 2647 700 2674 autem
726 2643 802 2674 hanc
827 2644 1011 2684 potissimum

184 2689 380 2730 quaestionem
405 2687 598 2729 legisperitus
622 2688 672 2719 ille
697 2688 852 2728 proposuit
872 2689 1012 2722 Christo?

187 2733 315 2767 Putabat
329 2733 511 2776 reprehendi
525 2743 614 2774 posse
626 2734 791 2771 Christum,
807 2734 857 2774 qui
872 2736 1012 2767 emenda-

181 2782 265 2812 turus
281 2784 359 2812 esset
375 2779 485 2819 legem,
501 2778 583 2810 unde
605 2778 738 2810 accusari
755 2783 857 2819 posset
872 2783 1010 2821 tanquam

214 2868 248 2896 Ν
261 2868 359 2903 Exod.
375 2872 422 2902 tu.

398 2991 413 3005 ο

1054 2329 1150 2370 φησιν,
1177 2329 1217 2359 ὅτι
1241 2329 1371 2370 πειράζων
1392 2328 1590 2370 προσῆλθεν,γὸ
1605 2328 1633 2357 δὲ
1648 2329 1754 2368 Μάρκος
1771 2327 1874 2356 ἐνταῦθα

1056 2369 1141 2415 λέγει,
1169 2375 1208 2403 ὂτι
1238 2369 1373 2414 νουνεχῶς
1395 2374 1533 2414 ἀπεκρίθη.
1557 2369 1624 2414 Ἀρα
1648 2373 1692 2402 οὖν
1715 2373 1873 2412 ἐναντιοφω-

1056 2425 1129 2449 νοῠσι
1146 2430 1155 2458 ς
1172 2420 1251 2460 Οὐχὶ,
1277 2417 1336 2447 ἄλλ’
1361 2420 1431 2452 εἰκὸς
1446 2422 1551 2459 πρῶτον
1566 2419 1615 2457 μὲν
1630 2419 1709 2447 αὐτὸν
1731 2419 1768 2449 ὡς
1783 2416 1873 2456 πειρά-

1055 2468 1133 2500 ζοντα
1159 2463 1302 2503 ἐρωτῆσαι,
1333 2463 1395 2492 εἶτα
1423 2463 1592 2504 ὠφεληθέντα
1620 2464 1673 2492 ἀπὸ
1701 2463 1751 2496 τῆς
1768 2460 1873 2500 ἀποκρί-

1055 2520 1123 2541 σεως
1151 2512 1197 2537 τοῦ
1224 2511 1348 2547 Χριστοῦ,
1371 2509 1415 2537 καὶ
1435 2512 1568 2549 νουνεχῶς
1592 2507 1776 2548 ἀποκριθέντα,
1799 2509 1870 2535 ἐπαι-

1055 2555 1172 2588 νεθῆναι,
1197 2548 1274 2593 ’Ὅρα
1297 2552 1324 2581 δὲ
1351 2553 1396 2581 καὶ
1423 2554 1468 2581 τὸν
1481 2552 1602 2592 ἔπαινον,
1623 2555 1680 2586 πῶς
1701 2553 1761 2592 οὐχὶ
1776 2550 1869 2580 τέλειον

1054 2599 1131 2628 αὐτὸν
1162 2597 1233 2626 εἶναι
1248 2604 1388 2638 μαρτυρεῖ,
1411 2599 1447 2627 Οὐ
1460 2598 1510 2638 γὰρ
1525 2598 1603 2627 εἶπεν
1618 2597 1657 2626 ὅτι
1679 2597 1769 2629 Ἐντὸς
1785 2596 1812 2624 εἶ
1826 2598 1869 2630 τῆς

1053 2643 1188 2683 βασιλείας
1217 2647 1262 2673 τοῦ
1298 2646 1374 2680 Θεοῦ,
1397 2642 1457 2671 ἀλλ’
1486 2645 1517 2672 οὗ
1540 2644 1643 2683 μακρὰν
1673 2644 1711 2673 εἷ.
1745 2645 1818 2676 Τίνος
1844 2641 1868 2669 δὲ

1053 2689 1141 2718 ἕνεκεν
1168 2686 1239 2720 ὅλως
1267 2687 1366 2721 ταύτην
1395 2688 1444 2722 τὴν
1481 2687 1610 2728 ἐρώτησιν
1631 2687 1808 2728 προεϐάλλετο
1833 2690 1868 2724 τῷ

1054 2738 1160 2774 Χριστῳ
1185 2733 1199 2761 ὁ
1228 2733 1336 2771 νομικὸς
1366 2733 1467 2771 οὗτοςς
1489 2734 1612 2771 Νομίζων
1633 2734 1807 2772 ἐπιλήψεσθαι
1827 2731 1869 2761 τοῦ

1053 2782 1167 2819 Χριστοῦ
1188 2778 1224 2810 ὡς
1241 2776 1494 2818 ἒπιδιορθωσομένου
1508 2782 1554 2808 τὸν
1576 2779 1668 2820 νόμον,
1684 2780 1727 2809 καὶ
1742 2779 1783 2809 διὰ
1797 2781 1868 2807 τοῦτο
