1948 3081
60 173 126 206 637

425 179 648 211 ENARRATIO
671 179 710 211 IN
733 176 986 212 EVANGELIUM
1006 180 1135 212 MARCI.
1159 196 1198 203 —
1220 179 1304 212 CAP.
1329 178 1409 212 XIII.

1709 171 1768 210 688

59 244 103 281 τὸ,
134 241 179 275 "li
189 257 262 275 ιεκεν
286 247 350 285 ἐμοῦ
385 247 473 276 ἔσεσθε
506 248 675 286 μισούμενοι,
699 248 735 277 Τὸ
749 248 800 288 γὰρ
812 247 880 275 ἕνεκε

969 249 1056 285 antur,
1075 251 1104 278 et
1121 248 1288 288 periculum
1305 247 1421 278 facilius
1435 247 1550 279 ferant:
1566 245 1679 278 deinde
1693 254 1767 277 con-

59 289 147 318 αὖτοῦ
188 292 341 328 μισεῖσθαι,
367 292 456 320 ἱκανόν
481 293 540 320 butt
568 292 653 325 πάσας
675 292 840 332 ἐπικουφίσαι
854 291 880 319 τὲ

969 290 1046 322 ιιοιίο
1059 293 1284 333 sequitur,quod
1296 294 1422 332 Propter
1433 301 1481 322 me
1487 291 1555 323 odio
1567 291 1651 322 erilis
1662 289 1767 321 habiti.

59 335 225 374 συμφοράς,
268 335 352 365 Ἀλλὰ
395 337 500 365 καὶτὸ
542 337 712 372 σωθήσεσθαυ
756 337 802 365 τὸν
830 337 900 365 ὓπο-

58 379 198 415 μείναντα
214 381 251 412 εἰς
272 380 360 419 τέλος,
376 382 421 410 καὶ
436 385 514 411 τοῦτο
529 381 643 420 μεγίστη
665 380 843 421 παράκλησις.

104 523 117 540 ι
137 508 238 542 νΟτιιν
260 513 287 542 δὲ
302 514 380 549 ἴδητε
401 515 432 543 τὸ
453 514 589 554 βδέλυγμα
613 517 662 550 τῆς
679 515 853 555 ἐρημώσεως,
869 516 900 544 τὸ

56 557 139 595 ῥηθὲν
165 559 225 587 ὑπὸ
257 559 358 593 Δανιὴλ
385 563 433 588 τοῦ
452 561 601 600 προφήτου,
619 560 702 592 ἑστὼς
717 560 783 589 ὅπου
799 561 829 590 οὗ
843 559 896 593 δεῖ,

58 603 72 630 ὃ
110 601 315 643 ἀναγινώσκων
338 604 441 645 νοείτω,
471 604 532 633 τότε
547 606 570 633 οἱ
586 605 614 633 ἒν
628 608 663 643 τῇ
693 604 805 642 Ἰουδαίᾳ
832 616 897 645 φευ-

57 646 185 686 γέτωσαν
220 649 257 680 εἷς
289 649 322 678 τὰ
349 649 411 689 ὀρη.
443 648 473 678 ’0
504 648 531 677 δὲ
567 649 610 678 ἐπὶ
639 653 685 678 τοῦ
699 649 831 687 δώματος,
858 649 897 687 μὴ

58 690 212 721 καταϐάτω
253 694 289 726 εἷς
317 694 368 728 τὴν
392 694 486 732 οἰκίαν,
519 694 587 732 μηδὲ
623 694 761 723 εἰσελθέτω
785 694 844 734 ἇραί
872 706 896 723 τι

58 735 89 764 ἐκ
109 739 164 770 τῆς
205 737 290 770 οἰκίας
319 739 409 775 αἰτοῦ,
440 739 484 766 καὶ
511 739 526 766 ὁ
551 739 588 770 εἰς
618 739 661 767 νὸν
686 738 766 778 ἀγρὸν
781 738 829 775 ὤν,
859 739 897 776 μὴ

56 782 258 821 ἐπιστρεψάτω
286 783 322 815 εἰς
351 784 383 811 τὰ
410 783 505 820 ὀπίσω,
536 783 597 823 ἆραι
625 784 656 812 τὸ
671 784 776 821 ἱμάτιον
804 785 894 814 αὒτοῦ.

59 827 123 855 ῦὸαὶ
153 825 183 855 δὲ
217 834 278 859 ταῖς
307 829 336 856 ἐν
361 829 454 868 γαστρὶ
482 828 608 868 ἐχοόσαις
622 829 667 857 καὶ
687 835 748 860 ταῖς
763 827 896 864 θηλαζού-

59 882 119 904 σαις
149 872 180 900 ἐν
212 873 324 905 ἐκείναις
353 880 414 906 ταῖς
429 873 555 912 ἡμέραις.
574 885 585 901 n
610 872 749 912 Βδέλυγμα
770 873 895 913 ﬁci-.91;-

942 334 1024 372 Quod
1043 336 1121 367 enim
1139 337 1365 378 propteripsum
1378 337 1498 368 fuerunt
1513 335 1581 367 odio
1590 334 1768 371 habiti,satis

941 383 1005 411 erat
1019 381 1055 411 ad
1065 391 1170 413 omnes
1186 382 1367 413 calamitates
1380 381 1546 413 leniendas.
1558 380 1632 417 Quin
1649 384 1677 410 et
1687 379 1766 420 quod

942 425 1077 457 salvandi
1093 432 1178 458 erant
1191 427 1408 468 perseveraturi
1420 435 1513 467 usque
1528 425 1558 456 in
1574 424 1765 465 ﬁnem,etiam

942 469 1038 510 ipsum
1056 471 1214 502 maximam
1231 471 1374 503 afferebat
1386 471 1633 502 consolationem.

964 525 968 529 -
984 516 1070 547 Vens.
1092 517 1213 549 14-17.:
1224 518 1317 548 Porro
1329 527 1395 548 cum
1419 516 1554 547 videritis
1569 514 1765 547 abominatio—

940 569 1009 591 nem
1025 561 1217 593 desolationis
1242 563 1278 593 de
1308 572 1365 603 qua
1395 561 1508 593 dictum
1531 566 1577 592 est
1602 570 1618 591 a
1643 559 1765 592 Daniele

940 605 1093 645 propheta,
1121 611 1247 638 stantem
1275 607 1325 637 ubi
1347 617 1405 636 non
1429 609 1558 645 oportet,
1583 604 1634 645 qui
1660 603 1765 644 legerit

939 649 1094 689 intelligat.
1120 651 1203 683 Tunc
1219 652 1268 692 qui
1285 652 1394 682 fuerint
1417 651 1446 681 in
1463 650 1576 684 Judzea,
1593 649 1705 688 fugiant
1727 648 1762 679 ad

940 698 1055 724 montes
1074 706 1080 726 :
1097 695 1146 736 qui
1163 705 1229 726 vero
1245 695 1336 727 fuerit
1352 697 1380 726 in
1397 699 1484 732 tecto,
1504 704 1540 724 ne
1555 693 1719 724 descendat
1733 693 1763 722 in

939 738 1133 779 domum,nec
1146 740 1328 778 ingrediatur
1342 745 1372 770 ut
1382 740 1540 781 quicquam
1557 739 1638 770 tollat
1649 747 1664 768 e
1675 737 1762 768 domo

938 792 1016 814 sua:
1036 789 1065 814 et
1079 785 1128 825 qui
1145 785 1232 816 fuerit
1257 786 1286 816 in
1311 795 1393 825 agro,
1419 794 1455 816 ne
1473 787 1638 815 revertatur
1665 782 1702 814 ad
1729 791 1763 813 ea

939 837 1005 868 quae
1020 829 1141 869 reliquit
1154 839 1171 860 a
1188 834 1280 870 tergo,
1298 831 1333 861 ad
1351 829 1513 861 tollendum
1531 829 1652 869 pallium
1664 836 1761 858 suum.

938 873 988 903 Vm
1003 877 1100 904 autem
1118 875 1346 914 praegnantibus.
1366 879 1394 906 et
1414 874 1591 906 lactantibus
1607 874 1636 904 in
1657 872 1764 903 diebus

60 927 190 954 μωσεως,
224 918 239 946 ὃ
274 916 378 957 ἀνδριὰς
393 921 440 946 τοῦ
464 917 512 951 τὴν
527 917 606 946 πόλιν
623 917 740 948 ἑλόντος.
759 916 880 956 Βδέλυγμ

969 918 1010 948 lis.
1027 930 1040 946 »
1055 918 1245 950 Abominatio
1262 920 1456 951 desolationis
1469 923 1564 950 statua
1580 922 1624 949 est
1638 918 1702 958 ejus
1714 918 1762 955 qui

59 961 108 1000 γὰρ
137 964 196 989 πᾶν
237 961 350 990 εἴδωλον
385 961 503 1001 λέγεται.
533 962 714 1002 Ἐρημώσεως
742 961 782 1002 δὲ,
832 961 897 990 διότι

61 1005 180 1039 ἁλούσης
213 1009 263 1040 τῆς
295 1006 482 1046 Ἰερουσαλὴμ,
507 1007 550 1036 καὶ
572 1006 706 1047 ἐρὴμωσιν
736 1007 896 1046 πασχούσης

60 1049 180 1083 ἔστησαν
209 1052 274 1080 cirri)
302 1051 355 1080 ἱσω
382 1055 436 1080 τῶν
464 1051 564 1080 ἀδύτων
578 1055 624 1080 τοῦ
643 1057 716 1081 ναοῦ.
749 1051 832 1080 Ἀλλὰ
853 1053 896 1080 καὶ

61 1096 74 1123 ὁ
104 1095 239 1133 Πιλᾶτος,
269 1096 317 1128 τὰς
345 1100 391 1125 τοῦ
421 1097 550 1136 Καίσαρος
566 1097 668 1129 εἰκόνας
690 1097 792 1136 νύκτωρ
807 1097 844 1129 εἰς
865 1097 895 1125 τὸ

60 1140 129 1179 ἱερὸν
159 1140 285 1180 ἀγαγὼν,
317 1140 417 1169 πολλου
440 1140 549 1180 θορύϐου
585 1145 624 1178 τῷ
659 1141 755 1176 πλήθει
791 1141 896 1181 ἐγένετο

62 1185 166 1216 αἰτιος.
191 1185 213 1198 ³¹
220 1189 317 1214 Εκτοτε
332 1185 429 1223 ἤρξατο
444 1186 488 1214 καὶ
503 1187 517 1214 ὁ
531 1185 649 1224 πόλεμος
686 1187 730 1214 καὶ
744 1188 761 1221 ἡ
784 1186 894 1225 ἐρήμω-

61 1239 101 1261 σις
133 1231 188 1263 τῆς
217 1228 404 1268 Ἰερουσαλὴμ.
434 1230 499 1259 Τότε
528 1231 613 1259 τοίνυν
628 1231 695 1259 οιὲν
720 1234 754 1269 τῇ
783 1230 896 1267 Ἰουδαίᾳ

64 1273 145 1311 ὄντες,
176 1274 347 1314 φευγέτωσαν
377 1275 413 1306 είς
428 1274 462 1302 τὰ
476 1275 536 1314 ὃρη.
562 1274 656 1307 Καλῶς
671 1274 697 1303 δὲ
713 1282 802 1312 εἶπεν,
818 1277 842 1304 οἱ
867 1276 894 1304 ἐν

63 1321 96 1356 τῇ
125 1317 256 1356 Ἰουδαίᾳ.
283 1321 314 1349 Ol.
349 1320 399 1359 γὰρ
446 1319 593 1349 ἀπόστολοι
626 1320 674 1349 οὒκ
709 1322 778 1355 ἦσαν
804 1321 832 1349 ἒν
859 1324 893 1359 τῇ

63 1362 188 1404 Ἰουδαίᾳ,
220 1363 294 1401 ἀλλ’,
310 1365 346 1396 ὡς
368 1363 482 1404 ἔφημεν,
499 1365 548 1404 πρὸ
563 1368 610 1393 τοῦ
624 1364 744 1403 πολέμου
762 1364 893 1406 ἐδιώχθη-

64 1419 109 1436 σαν
140 1409 196 1437 ἀπὸ
234 1412 283 1444 τῆς
312 1408 497 1447 Ἰερουσαλήμ·
517 1409 618 1448 μᾶλλον
633 1409 660 1438 δὲ
682 1409 790 1443 ἐξῆλθον
806 1410 889 1448 αὒτοὶ,

64 1453 122 1491 θείῳ
150 1455 303 1493 κινούμενοι
330 1455 474 1493 Πνεύματι.
503 1456 533 1484 Οἱ
560 1456 623 1493 γοῦν
652 1455 798 1494 εύρεθέντες
814 1454 841 1483 ἐν
855 1458 890 1494 τῇ

66 1497 188 1539 Ἰουδαίᾳ,
227 1499 406 1539 φευγέτωσαν,
435 1501 479 1528 καὶ
502 1500 516 1528 ὁ
532 1499 574 1527 ἐπὶ
587 1503 632 1528 τοῦ
646 1499 781 1540 δώματος,
809 1499 887 1538 μηδεν

64 1544 106 1575 νος
135 1547 189 1572 τῶν
228 1544 256 1572 ἐν
283 1547 317 1583 τῇ
349 1545 418 1581 οἰκίᾳ
445 1544 646 1584 ἐπιστραφήτω,
670 1543 825 1584 Ἀγαπητὸν
841 1545 890 1584 γὰρ

65 1588 86 1615 εί
111 1589 156 1617 καὶ
184 1591 280 1629 γυμνῷ
307 1590 411 1627 σώματι
453 1588 593 1622 διασωθείη
636 1600 691 1629 τις,
737 1588 806 1617 ἀλλά
846 1590 891 1617 καὶ

940 963 1086 994 civitatem
1104 963 1261 995 destruxit.
1289 965 1476 996 Abominatio
1493 965 1571 994 enim
1593 971 1681 993 omne
1697 962 1762 992 ido-

939 1006 1000 1037 lum
1015 1007 1126 1039 dicitur
1144 1017 1150 1039 :
1169 1009 1361 1040 desolationis
1376 1018 1446 1039 vero
1461 1019 1496 1040 eo
1519 1008 1609 1049 quod,
1625 1012 1709 1048 capta
1735 1011 1764 1037 et

938 1051 1071 1083 deSolata
1082 1052 1260 1092 Jerusalem,
1275 1054 1356 1084 illam
1373 1058 1538 1084 statuerunt
1552 1053 1629 1083 intra
1643 1051 1761 1092 adytum

939 1097 1052 1136 templi.
1072 1097 1183 1129 Pilatus
1199 1108 1317 1139 quoque
1342 1098 1464 1130 Caesaris
1485 1097 1612 1136 imagine
1631 1103 1717 1127 noctu
1733 1097 1762 1126 in

937 1141 1083 1182 templum
1102 1143 1193 1180 illata,
1212 1143 1310 1183 magni
1328 1143 1469 1174 tumultus
1484 1147 1588 1174 auctor
1600 1142 1654 1172 fuit
1671 1141 1761 1182 plebi.

938 1185 1021 1217 Tunc
1034 1187 1112 1218 enim
1126 1188 1215 1228 cmpit
1231 1194 1260 1220 et
1272 1188 1382 1219 bellum
1395 1187 1574 1219 etdesolatio
1585 1186 1760 1218 Jerusalem.

937 1230 1028 1270 Igitur
1045 1236 1114 1262 tunc
1128 1233 1157 1263 hi
1181 1233 1231 1273 qui
1257 1234 1287 1264 in
1312 1234 1412 1265 Judzea
1438 1233 1560 1273 fuerint,
1591 1232 1702 1271 fugiant
1729 1230 1759 1262 in

937 1280 1065 1309 montes.
1083 1277 1165 1308 Bene
1179 1284 1276 1309 autem
1293 1278 1377 1315 dixit,
1396 1278 1427 1309 hi
1446 1278 1495 1319 qui
1511 1278 1540 1308 in
1557 1277 1667 1308 Iudaea.
1685 1275 1759 1307 Nam

935 1321 1061 1361 apostoli
1077 1331 1136 1352 non
1153 1323 1272 1353 fuerunt
1288 1323 1316 1353 in
1333 1322 1436 1354 Judaea
1454 1332 1461 1354 :
1492 1322 1559 1360 sed,
1573 1325 1606 1353 ut
1619 1321 1758 1357 diximus,

934 1371 1092 1407 antequam
1116 1367 1226 1398 bellum
1244 1368 1314 1398 245
1332 1373 1466 1398 exortum
1485 1372 1539 1404 est,
1567 1369 1598 1398 in
1618 1375 1760 1407 perscru-

934 1411 1015 1442 tione
1031 1412 1127 1442 exacti
1143 1417 1211 1442 sunt
1226 1422 1242 1444 e
1255 1413 1434 1453 Jerusalem,
1451 1412 1510 1443 imo
1534 1411 1590 1452 ipsi
1610 1411 1758 1448 exierunt,
1789 1442 1791 1444 .

933 1455 1030 1487 divino
1048 1457 1136 1487 afflati
1153 1457 1276 1497 Spiritu.
1294 1458 1349 1494 Qui
1365 1457 1456 1497 igitur
1475 1457 1586 1488 inventi
1604 1456 1714 1487 fuerint
1730 1456 1760 1486 in

931 1501 1043 1539 Judaza,
1062 1502 1198 1541 fugiant:
1223 1503 1292 1534 etis
1316 1503 1365 1543 qui
1393 1512 1481 1543 supra
1505 1506 1626 1539 tectum,
1651 1501 1760 1532 nullius

932 1547 974 1576 rei
991 1546 1083 1585 gratia
1098 1556 1165 1587 quae
1178 1547 1208 1577 in
1224 1548 1325 1583 domo,
1342 1551 1518 1579 revertatur.
1537 1546 1665 1587 Expedit
1679 1546 1758 1577 enim

933 1595 963 1621 ut
978 1591 1044 1631 quis
1058 1592 1102 1622 vel
1119 1592 1198 1622 nudo
1212 1601 1337 1632 corpore
1352 1592 1449 1624 salvus
1462 1592 1522 1623 ﬁat.
1543 1591 1669 1632 Insuper
1680 1600 1721 1621 va:
1732 1595 1761 1622 et

65 1639 121 1665 τοῖς
145 1633 276 1674 ἐχούσαις
305 1635 384 1663 τέκνα
410 1635 455 1663 καὶ
475 1637 537 1665 τᾶἴς
561 1633 677 1673 ἐγκύοις,
704 1634 772 1662 οὖαὶ.
792 1634 866 1662 Διατί

969 1636 1164 1678 mgnantibus,
1183 1641 1211 1667 et
1223 1637 1398 1668 lactantibus
1409 1647 1461 1668 vw.
1481 1636 1577 1673 Quare
1588 1639 1602 1668 ’ἒ
1617 1635 1690 1672 Quia
1701 1645 1759 1666 non
1800 1666 1801 1670 η

70 1678 138 1706 Διότι
162 1680 190 1707 αἱ
219 1679 269 1717 μὲν
301 1679 410 1719 ἔχουσαι
442 1679 521 1707 τέκνα
606 1679 671 1717 πρὸς
698 1678 763 1707 αὐτὰ
792 1681 891 1718 στοργῇ

67 1723 259 1764 κατεχόμεναι,
291 1725 321 1753 οὗ
335 1723 490 1759 δυνήσονται
511 1723 628 1764 φεύγειν,
646 1723 671 1751 αἱ
700 1723 727 1751 δὲ
742 1723 769 1751 ἐν
798 1724 891 1763 γαστρὶ

70 1765 187 1807 ἔχουσαι,
219 1768 262 1797 διὰ
274 1769 306 1797 τὸ
319 1771 368 1802 τῆς
384 1768 522 1809 κυοφορίας
549 1767 644 1807 ἄχθος,
661 1767 719 1796 οὐδὲ
735 1769 811 1796 αὗται
840 1768 891 1808 ῥᾳ-

69 1810 120 1840 δίαν
146 1814 197 1847 τὴν
226 1813 312 1853 φυγὴν
345 1813 455 1846 ἕξουσιν,
484 1813 569 1850 οἶμαι
584 1812 612 1841 δὲ
636 1813 681 1842 καὶ
695 1813 744 1846 τὴν
758 1823 891 1852 τεκνοφα-

70 1857 123 1894 γίαν
155 1859 266 1888 ενταῦθα
291 1859 440 1896 σημαίνειν.
459 1858 502 1887 Ἐν
518 1858 568 1897 γὰρ
582 1862 620 1895 τῷ
637 1857 709 1896 λιμῷ
733 1857 891 1897 πολιορκού-

70 1912 150 1943 μενοι,
166 1904 211 1932 καὶ
225 1906 278 1931 τῶν
294 1903 391 1931 τέκνων
410 1903 527 1941 ἥψαντο.

109 1959 121 1973 ι
146 1948 327 1987 Προσεύχεσθε
363 1947 402 1989 δὲ,
431 1948 477 1976 ἵνα
492 1950 530 1986 μὴ
553 1948 662 1988 γένητλι
687 1947 704 1981 ἡ
728 1948 799 1987 φυγὴ
813 1948 890 1985 ἡμῶν

71 1995 212 2031 χειμῶνος.
244 1989 374 2022 ’Ἐσονται
410 1993 459 2033 γὰρ
485 1994 510 2021 αἱ
535 1993 632 2033 ἡμέραι
658 1991 761 2021 ἐκεῖναι
789 1991 888 2030 θλίψις,

71 2035 111 2064 οἵα
138 2037 167 2066 οὗ
196 2037 290 2077 γέγονε
322 2038 433 2071 τοιαύτη
462 2037 510 2066 ἀπ’
538 2037 626 2078 ἀρχῆς
642 2037 753 2069 κτίσεως
767 2035 801 2070 ἧς
814 2036 888 2065 ἔκτι-

69 2090 110 2108 σεν
137 2083 150 2110 δ
178 2083 244 2116 Θεὸς
279 2082 329 2113 ἕως
344 2087 391 2112 τοῦ
406 2086 461 2120 νῦν,
477 2083 521 2111 καὶ
542 2085 571 2112 οὒ
586 2082 625 2120 μὴ
649 2081 769 2121 γένηται.
791 2082 839 2111 Καὶ
867 2082 889 2109 εί

71 2125 105 2161 μὴ
139 2127 232 2167 Κύριος
261 2126 410 2156 ὶκολόϐωσε
439 2128 485 2160 τὰς
526 2127 639 2167 ἡμέρας,
666 2129 713 2156 οὒκ
748 2125 779 2154 ἄν
802 2126 887 2160 ἐσώθη

70 2173 137 2199 πᾶσα
164 2172 238 2212 σὰρξ,
268 2172 336 2201 ἀλλὰ
358 2172 400 2200 διὰ
427 2173 487 2204 τοὺς
524 2172 662 2204 ἐκλεκτοὺς
679 2171 723 2203 οὕς
739 2170 885 2206 ἐξελέξατο,

72 2213 212 2246 ἒκολόόωσε
239 2218 287 2250 τὰς
312 2218 425 2257 ἣμέρας.
459 2229 472 2245 ο
490 2218 520 2246 Εἰ
548 2228 684 2258 χειμωνος
719 2217 769 2255 γὰρ
784 2215 887 2254 γένοιτο

72 2260 87 2293 ἦ
113 2263 194 2301 φυγὴ,
221 2263 274 2291 ἀπὸ
300 2266 350 2297 τῆς
379 2266 425 2291 τοῦ
453 2265 544 2302 καιροῦ
571 2261 706 2294 δυσκολίας
727 2260 886 2299 ἐμποδισθή-

73 2315 155 2334 σονται
183 2309 206 2336 οἱ
231 2308 336 2348 φεύγειν
364 2307 497 2343 θέλοντες,
533 2307 577 2334 καὶ
601 2305 670 2338 ὅλως
683 2305 770 2343 θλίψις
798 2305 882 2340 ἔσται,

73 2352 118 2378 τῶν
151 2344 259 2381 πώποτε
286 2344 439 2391 γενομένων
455 2351 472 2386 ἥ
492 2350 678 2391 γενησομένων
699 2349 886 2390 χαλεπωτὲρα.
901 2344 924 2370 D

73 2395 118 2423 Καὶ
142 2397 163 2424 εί
192 2397 231 2436 μὴ
261 2395 425 2426 ἐκολόϐωσεν
461 2396 476 2424 ὃ
505 2397 583 2432 Θεὸς,
599 2394 731 2435 τουτέστι,
752 2396 889 2432 συντόμως

75 2439 189 2470 κατέλυσε
224 2443 269 2471 τὸν
295 2442 411 2480 πόλεμον
441 2444 493 2470 τῶν
522 2441 673 2478 Ῥωμαίων,
690 2441 737 2470 οὒκ
751 2438 781 2467 ὂίν
802 2439 888 2474 ἐσώθη

74 2487 138 2513 πᾶσα
164 2487 240 2525 σάρξ,
263 2486 410 2524 τουτέστιν,
439 2485 568 2518 Ἰουδαῖος
597 2487 644 2515 οὐκ
678 2484 709 2513 ἄν
731 2484 885 2525 ὑπελείφθη·

76 2527 135 2557 ἀλλὰ
167 2531 207 2560 διὰ
236 2532 296 2563 τοὺς
334 2531 483 2563 ὶκλεκτοὶς.
499 2530 618 2559 τουτέστι
632 2531 693 2562 τοὺς
716 2528 742 2562 ἒξ
759 2528 888 2569 Ἐϐραίων

76 2575 266 2617 πιστεύσαντας,
291 2575 309 2610 ἧ
342 2577 386 2605 καὶ
423 2576 530 2616 ὕστερον
563 2575 708 2610 μέλλοντας
742 2574 885 2612 πιστεύειν,

77 2618 192 2655 κατελύθη
227 2621 364 2660 συντόμως
394 2623 409 2650 ὁ
428 2620 559 2659 πόλεμος.
589 2620 619 2649 Ὀ
645 2620 694 2659 γὰρ
709 2620 774 2651 sub:
795 2631 889 2659 προ-(ι-

78 2662 184 2706 νώσκων,
208 2666 248 2695 ὅτι
274 2665 299 2699 ἐξ
334 2665 462 2706 Ἐϐραίων
491 2664 585 2694 πολλοὶ
623 2664 790 2693 πιστεύσουσι
821 2664 887 2702 μετὰ

78 2707 118 2741 τὴν
141 2709 245 2751 ἅλωσιν,
276 2711 369 2740 τούτου
393 2712 472 2751 χάριν
505 2711 535 2739 ού
560 2709 732 2750 συνεχώρησε
748 2708 886 2741 παντελῶς

78 2750 242 2792 ἀφανισθῆναι
261 2756 291 2784 τὸ
325 2750 415 2795 γένος,
445 2756 557 2784 Δύναται
582 2753 610 2782 δὲ
643 2758 726 2783 ταῦτα
748 2754 793 2782 καὶ
816 2753 885 2781 ἀνα-

77 2797 162 2835 χθῆναι
187 2800 358 2838 ἠθικώτερον.
390 2799 528 2840 Βδέλυγμα
558 2799 604 2833 τῆς
633 2798 808 2839 ἐρημώσεως,
832 2797 886 2827 ἐστὶ

78 2843 120 2869 πᾶν
144 2845 227 2884 νόημα
253 2846 405 2886 σατανικὸν,
421 2845 506 2878 ἑστὼς
533 2846 561 2873 'sv
575 2844 650 2882 τόπῳ
673 2844 751 2884 ἁγίῳ,
768 2847 806 2881 τῷ
819 2843 885 2880 ἡμε-

934 1686 1059 1719 possunt
1074 1681 1331 1720 fugere;mulieres
1346 1681 1455 1722 quibus
1471 1686 1540 1712 sunt
1554 1681 1650 1722 pueri,
1667 1681 1758 1711 affec-

934 1725 1014 1756 tione
1043 1735 1112 1766 erga
1141 1727 1207 1757 illos
1237 1726 1373 1758 detentae.
1415 1728 1606 1767 Praagnantes
1641 1734 1759 1766 quoque

934 1774 1057 1811 propter
1072 1771 1148 1801 uteri
1165 1771 1310 1802 sarcinam
1337 1781 1434 1812 neque
1459 1772 1531 1811 ipsa:
1559 1770 1644 1802 facile
1662 1771 1758 1809 fugam

934 1813 1101 1846 inveniunt.
1120 1815 1261 1846 Existimo
1277 1820 1376 1846 autem
1403 1815 1481 1856 quod
1513 1819 1542 1846 et
1570 1823 1679 1854 pueros
1704 1815 1760 1844 hoc

935 1858 1000 1890 loco
1017 1859 1166 1899 significet
1181 1863 1340 1891 vorandos.
1357 1860 1447 1891 Fame
1469 1860 1549 1891 enim
1565 1859 1679 1890 obsessi
1704 1868 1759 1890 nec

934 1904 1037 1945 pueris
1053 1909 1261 1945 pepercerunt.

975 1944 1064 1976 Vsus.
1088 1946 1194 1976 18—20.
1219 1957 1232 1973 ε
1260 1944 1350 1976 Orate
1373 1948 1472 1975 autem
1494 1954 1531 1975 ne
1560 1944 1629 1984 fuga
1657 1947 1756 1974 vestra

933 1990 983 2020 fiat
999 1990 1117 2030 hyeme.
1136 1990 1231 2020 Erunt
1256 1989 1335 2020 enim
1364 1989 1429 2020 dies
1457 1989 1500 2020 illi
1531 1989 1598 2020 talis
1620 1987 1756 2028 afflictio,

931 2034 1026 2075 qualis
1042 2044 1101 2065 non
1117 2034 1173 2065 fuit
1192 2034 1228 2065 ab
1245 2034 1330 2065 initio
1353 2043 1453 2064 rerum
1472 2033 1669 2070 conditarum,
1685 2042 1758 2073 quas

930 2079 1065 2110 condidit
1081 2080 1171 2115 Deus,
1188 2088 1283 2119 usque
1300 2080 1335 2110 ad
1360 2078 1416 2110 hoc
1439 2083 1566 2119 tempus,
1591 2087 1645 2109 nec
1660 2079 1759 2108 futura

932 2130 986 2154 est.
1004 2125 1042 2155 Et
1053 2124 1108 2154 nisi
1125 2124 1268 2155 Dominus
1279 2123 1481 2155 abhreviasset
1491 2123 1557 2154 dies
1570 2122 1648 2163 illos,
1667 2121 1757 2153 haud-

931 2177 1076 2208 quaquam
1093 2168 1171 2198 salva
1188 2168 1292 2198 fuisset
1307 2168 1444 2199 universa
1460 2176 1541 2199 caro.
1563 2167 1621 2199 Sed
1638 2170 1758 2207 propter

929 2213 1042 2244 electos
1056 2222 1131 2253 quos
1147 2213 1247 2253 elegit,
1264 2213 1445 2244 abbreviavit
1460 2213 1535 2243 dies.
1556 2225 1567 2242 ι
1597 2212 1626 2244 Si
1651 2212 1757 2252 hyeme

928 2257 999 2297 fuga
1014 2259 1109 2298 fieret,
1123 2258 1266 2298 temporis
1279 2258 1387 2298 injuria
1402 2257 1614 2298 impedimenta
1627 2255 1757 2288 habituri

931 2307 1032 2334 essent
1047 2303 1149 2342 fugere
1163 2302 1309 2343 volentes,
1326 2307 1355 2333 et
1370 2302 1492 2333 omnino
1513 2301 1633 2333 afflictio
1658 2301 1756 2332 futura

932 2351 977 2378 est
992 2357 1110 2386 earum,
1127 2357 1192 2388 quae
1208 2347 1326 2378 fuerunt
1338 2348 1380 2378 vel
1394 2352 1481 2378 erunt
1497 2356 1624 2387 unquam
1641 2347 1755 2387 gravis-

931 2392 1018 2430 sima,
1035 2396 1065 2423 et
1080 2392 1138 2423 nisi
1162 2391 1365 2424 abbreviasset
1390 2392 1481 2433 Deus,
1506 2392 1563 2423 hoc
1589 2396 1644 2428 est.
1668 2392 1756 2423 citius

930 2436 1132 2468 Romanorum
1150 2437 1260 2468 bellum
1278 2437 1471 2475 dissolvisset,
1483 2445 1543 2467 non
1560 2438 1664 2468 tuisset
1676 2438 1755 2468 salva

930 2483 1067 2513 universa
1083 2482 1223 2521 caro,hoc
1235 2483 1415 2520 est,.ludaeus
1429 2491 1488 2513 non
1504 2481 1606 2513 fuisset
1622 2482 1754 2513 relictus.

929 2527 988 2558 Sed
1006 2531 1127 2567 propter
1142 2527 1264 2565 electos,
1286 2528 1342 2558 hoc
1357 2531 1412 2566 est,
1441 2536 1492 2558 eos
1518 2527 1568 2567 qui
1597 2536 1633 2557 ex
1647 2526 1756 2558 Iudaeis

930 2572 1135 2609 crediderunt,
1163 2572 1207 2602 vel
1237 2577 1340 2613 postea
1364 2571 1508 2604 credituri
1537 2576 1616 2609 sunt,
1643 2571 1754 2602 bellum

929 2617 1014 2648 citius
1029 2617 1212 2657 diremptum
1227 2623 1280 2647 est.
1294 2617 1464 2648 Deusenim
1477 2616 1544 2657 quia
1560 2617 1756 2656 praawgnovit

928 2671 963 2693 ex
979 2661 1114 2692 Hebraeis
1131 2656 1241 2692 multos
1267 2656 1557 2702 post‘captivitatem
1574 2661 1752 2700 credituros,

928 2716 987 2738 non
1005 2707 1139 2746 permisit
1155 2711 1247 2737 totum
1268 2716 1361 2745 genus
1376 2707 1502 2738 aboleri.
1519 2707 1754 2737 Possuntautem

928 2752 991 2782 hate
1008 2751 1112 2782 morali
1127 2760 1218 2782 sensu
1235 2752 1277 2782 sic
1300 2751 1408 2790 exponi
1425 2761 1432 2783 :
1459 2750 1650 2782 Abominatio
1665 2751 1753 2782 deso-

927 2796 1045 2828 latiouis
1063 2801 1108 2827 est
1122 2796 1219 2827 omnis
1235 2795 1380 2827 diabolica
1402 2795 1554 2837 cogitatio,
1572 2804 1637 2836 qua:
1651 2799 1710 2827 stat
1723 2796 1752 2827 in

928 2842 993 2873 loco
1008 2844 1123 2881 sancto,
1140 2841 1198 2872 hoc
1211 2844 1256 2872 est
1270 2844 1370 2872 nostra
1385 2840 1588 2873 mente.Tunc
1602 2839 1693 2881 igitur
1703 2840 1754 2882 qui
