1948 3081
63 176 114 208 653

400 178 623 212 ENARRATIO
646 179 686 210 ΙΝ
709 176 961 210 EVANGELIUM
985 175 1116 208 MARCI.
1140 192 1177 199 —
1202 177 1283 208 CAP.
1309 177 1390 209 XIV.

1681 178 1739 211 654

60 255 113 281 ego;
138 244 280 284 ἐνίσταται,
311 245 351 274 διὸ
380 246 424 274 καὶ
452 245 555 285 ἀκούει,
572 243 612 273 ὅτι
636 244 731 284 Πρὶνῆ
747 243 875 284 ἇλέκτορα

965 247 1080 284 tequam
1097 244 1191 284 gallus
1208 244 1253 276 his
1268 249 1364 286 canat,
1381 249 1426 276 ter
1438 255 1485 276 me
1500 245 1740 286 abnegabis.Hoc

61 287 92 319 δὶς
114 289 245 329 οωνῆσαι,
273 291 328 330 τρὶς
357 291 502 330 ἂπαρνὴσῃ
531 300 577 327 με.
607 289 689 318 Τοῦτο
709 288 737 316 δὲ
758 289 875 317 τοιοῦτόι

62 332 135 364 ἐστιν.
163 333 312 374 Ἥρνήσατο
348 334 417 367 ἅπαξ
460 335 473 363 ὁ
512 334 630 373 Πέτρος·
672 336 732 362 εἶτα
758 332 876 372 ἀλέκτωρ

63 378 199 418 ἐφώνησεν,
228 379 413 418 ἀρνησαμένου
441 378 469 407 δὲ
499 380 545 407 καὶ
559 379 605 410 τὰς
628 378 709 410 ἄλλας
724 377 769 406 δύο
790 378 875 417 ἀρνῆ-

62 433 121 456 σεις,
148 423 206 451 τότε
235 424 372 464 ἐφώνησεν
401 425 415 452 ὁ
443 423 573 458 ἀλέκτωρ.
600 426 682 452 Τοῦτο
707 423 751 451 οὖν
765 422 874 450 ἒνταὺθα

61 467 125 506 λέγει
143 477 149 483 ·
187 469 249 508 Πρὶν
278 468 410 508 ἀλέκτορα
437 468 559 508 φωνῆσαι
591 467 642 507 ἃς,
671 467 812 506 ἀπαρνὴσῃ
840 477 873 503 με

59 513 117 551 τρίς.
148 508 260 550 Ὀμοίως
302 513 330 541 δὲ
376 514 421 541 καὶ
463 513 560 544 πάντες
588 513 741 550 θερμότητα
768 512 874 551 ψυχρὰν

59 556 253 598 ἐνδεικνύμενοι,
281 559 461 598 ὑπισχνοῦντο
480 569 486 574 ·
512 557 560 591 τὴν
589 556 780 591 αὖτοαλήθειαν
808 557 876 593 ψεύ-

58 601 135 630 δεσθαι
159 606 305 639 ποιοῦντες,
329 601 369 631 διὸ
399 603 444 630 καὶ
471 608 633 641 παραχωρεῖ
661 603 675 629 ὸ
703 601 808 640 Κύριος,
832 601 876 628 καὶ

60 646 238 685 ἦᾶνθρωπίνη
267 648 342 687 φύσις
365 647 398 675 τὰ
427 647 522 680 ἑαυτῆς
551 645 738 677 ἐπιδείκνυται,
767 646 876 676 Πάντως

62 692 105 730 γὰρ
125 692 138 719 ὁ
160 691 251 728 Κύριος
274 691 386 725 ἠδύνατο
418 694 534 731 τηρῆσαι
561 691 665 727 αὖτοὺς,
691 691 735 718 καὶ
761 689 878 728 μάλιστα

61 737 101 763 τὶν
128 735 223 771 Πέτρον
240 745 247 752 ⁸
278 735 338 765 ἁλλ’
358 736 432 774 ὅμως
461 736 572 775 ἀφῆκεν,
588 735 635 763 Ἷνα
661 735 699 772 μὴ
723 733 877 765 πεποιθότες

62 781 125 816 ὦμεν
150 780 190 819 ἔφ’
223 781 342 812 ἑαυτοῖς.
372 782 408 810 Τὸ
436 779 474 817 δὲ,
511 779 621 812 Πατάξω
649 780 694 807 τὸν
716 778 841 818 ποιμένα,
863 779 877 806 ὁ

64 824 145 864 Πατὴρ
173 824 257 863 λέγει.
287 825 362 854 Ἐπεὶ
400 826 450 864 γὰρ
484 825 663 864 παρεχώρησε
693 824 876 863 παταχθῆναι,

62 869 163 901 πατάξαι
192 871 271 901 αἰετὸς
287 869 394 907 λέγεται
423 871 469 898 τὸν
494 870 562 897 κατὰ
586 868 781 908 παραχώρησιν
801 868 879 895 αὺτοῦ

917 295 1015 319 autem
1033 288 1062 318 in
1076 289 1154 320 hunc
1172 290 1290 320 modum
1308 299 1340 321 se
1356 290 1462 322 habet:
1480 290 1739 330 Negaveratsemel

915 331 1031 369 Petrus,
1051 333 1158 364 deinde
1174 334 1267 372 gallus
1282 334 1409 365 cantavit
1427 345 1433 363 :
1451 339 1481 365 et
1496 344 1563 366 cum
1579 335 1651 366 alias
1668 336 1741 366 duas

914 376 1123 416 abnegationes
1134 378 1265 415 fecisset,
1278 384 1307 409 et
1320 384 1389 409 tunc
1405 378 1522 419 quoque
1534 380 1661 410 cantavit
1674 380 1738 419 gal-

915 421 970 451 lus.
990 422 1025 452 Et
1042 423 1096 452 hoc
1119 428 1163 453 est
1189 423 1267 463 quod
1293 423 1348 454 hoc
1373 423 1436 454 loco
1452 424 1525 454 dicit
1540 435 1546 455 :
1564 424 1737 465 Priusquam

914 465 1009 505 gallus
1026 466 1069 496 bis
1080 471 1188 503 cantet,
1207 472 1251 497 ter
1267 477 1314 497 me
1329 467 1501 507 abnegabis.
1520 467 1665 500 Similiter
1684 478 1738 499 au—

914 514 972 540 tem
991 515 1018 540 et
1033 519 1137 541 omnes
1149 511 1284 549 frigidam
1297 512 1479 542 alacritatem
1496 513 1700 550 ostendentes,
1710 517 1740 543 et

914 555 1007 594 ipsam
1026 555 1174 586 veritatem
1191 556 1365 587 mendacem
1382 557 1535 598 facientes,
1549 557 1738 597 pollicentur:

915 598 983 629 ideo
999 599 1140 630 Dominus
1155 601 1298 640 permittit
1322 605 1353 631 ut
1374 601 1503 632 humana
1528 606 1632 633 natura
1656 611 1739 633 suam

919 645 1022 683 prodat
1038 644 1417 677 imbecillitatemﬂmnino
1429 646 1509 676 enim
1521 646 1741 686 potuissetillos

918 689 1061 720 Dominus
1076 698 1205 720 servare.
1224 695 1253 720 et
1263 691 1382 721 Petrum
1400 690 1525 721 maxime
1542 700 1553 721 :
1565 691 1617 721 sed
1633 691 1741 731 permi-

917 733 967 772 sit,
987 737 1017 763 ut
1040 742 1077 763 ne
1101 734 1130 764 in
1155 734 1314 774 nobisipsis
1329 734 1559 766 confideremus.
1582 734 1739 772 Caeterum.

918 778 1080 807 Percutiam
1103 782 1263 818 pastorem,
1281 789 1333 809 vox
1355 783 1399 810 est
1414 779 1508 810 Patris
1525 789 1532 810 :
1551 780 1741 820 quandoqui-

917 821 985 852 dem
1003 823 1113 860 percuti
1130 823 1460 864 permisit,percussisse
1475 823 1539 864 ipse
1554 824 1663 855 dicitur
1673 833 1741 855 eum

919 866 967 906 qui
993 867 1085 907 ipsius
1108 868 1254 907 permissu
1278 877 1438 908 percussus
1464 874 1520 898 est.
1547 870 1622 899 Oves
1641 873 1741 899 autem

62 914 234 953 παταχθέντα.
264 913 386 954 Πρόϐατα
414 913 441 942 δὲ
464 914 526 946 τοὺς
554 913 730 950 ἀποστόλους,
751 913 787 943 ὡς
810 911 877 939 ἀκά-

961 911 1079 952 ostolos,
1096 917 1128 942 ut
1147 912 1321 944 innocentes
1337 912 1478 943 nominat.

61 967 116 989 κους
129 958 279 995 ὠνόμασεν.

99 1014 110 1028 ι
127 1002 172 1030 Καὶ
204 1002 331 1042 ἔρχονται
360 1004 396 1034 εἷς
413 1003 514 1043 χωρίον
529 1002 560 1030 οὖ
574 1003 604 1030 τὸ
628 1002 712 1039 ὄνομα
738 1003 878 1038 Γηθσεμσ-

63 1049 103 1086 νή,
115 1048 157 1074 καὶ
169 1047 244 1086 λέγει
260 1054 320 1079 τοῖς
348 1049 484 1086 μαθηταῖς
500 1046 579 1075 αὐτοῦ
595 1057 601 1063 '
621 1047 749 1076 Καθίσατε
763 1045 814 1074 ὦδε
827 1045 879 1077 ’ίως

62 1091 252 1130 «peculim-.11.
293 1093 342 1122 Kal
375 1090 579 1133 παραλαμϐάνει
618 1092 663 1119 τὸν
699 1090 797 1128 Πέτρον
837 1091 881 1118 καὶ

64 1135 190 1175 Ἰάκωϐον,
231 1138 275 1166 καὶ
308 1138 433 1171 Ἰωάννην
470 1137 528 1175 μεθ’
565 1136 669 1176 ἑαυτοῦ,
706 1137 750 1164 καὶ
784 1134 882 1175 ἤρξατο

64 1179 245 1218 ὶχθαμϐιῖσθαι
273 1182 321 1210 καὶ
355 1182 514 1220 ἀδημονεῖν.
532 1182 581 1210 Καὶ
596 1180 669 1220 λέγει
689 1181 781 1211 αὐτοῖς
798 1188 805 1196 ⁸
826 1183 880 1208 [le-

64 1224 161 1263 ρίλυπός
191 1226 263 1254 ἑστι-ι
290 1228 308 1261 ἡ
351 1227 429 1267 ψυχὴ
465 1237 517 1264 μου
549 1224 600 1257 ἕως
625 1224 747 1255 θανάτου.
773 1226 883 1252 Μείνατι

63 1269 117 1307 ὦδε,
146 1271 189 1299 καὶ
211 1278 384 1311 γρηγορεῖτε,
410 1272 458 1300 Καὶ
486 1269 637 1310 προσελθὼν
660 1271 766 1309 μικρὸν,
790 1269 882 1297 ἔπεσεν

65 1314 101 1342 ἐπὶ
128 1318 176 1349 τῆς
205 1316 270 1356 γῆς,
293 1319 335 1344 καὶ
364 1316 535 1356 προσηύχετο
556 1315 615 1354 ἵνα,
638 1315 660 1342 εἰ
687 1313 795 1342 δυνατόν
812 1313 880 1351 ἐστι,

64 1359 173 1399 παρέλθῃ
210 1361 258 1389 ἀπ’
296 1362 375 1390 αύτοῦ
402 1362 419 1395 ἡ
448 1361 516 1400 ὥρα.
548 1361 596 1389 Καὶ
617 1359 708 1399 ἔλεγεν
724 1367 732 1375 ·
757 1357 840 1388 Ἀϐϐἄ
868 1360 882 1386 ὁ

66 1405 159 1444 Πατὴρ,
196 1406 285 1434 πάντα
315 1405 411 1433 δυνατά
439 1417 492 1445 σοι,
524 1404 668 1444 παρένεγκε
695 1405 727 1432 τὸ
754 1404 881 1443 ποτήριον

65 1448 106 1477 ἄπ’
132 1450 196 1487 ἐμοῦ
225 1454 314 1486 τοῦτο,
339 1449 398 1478 ἁλλ’
432 1451 462 1478 οὗ
483 1450 507 1477 τί
529 1449 583 1488 ἐγὼ
603 1448 683 1489 θέλω,
706 1448 775 1476 ἀλλὰ
796 1450 820 1476 τί
838 1447 881 1477 σύ.

70 1495 112 1522 Καὶ
137 1495 260 1535 ἔρχεται,
292 1496 336 1523 καὶ
366 1496 476 1534 εὖρίσιει
506 1494 598 1526 αὖτοὺς
634 1492 815 1530 καθεύδοντας,
839 1493 883 1520 καὶ

66 1537 130 1577 λέγει
152 1544 188 1577 τῷ
219 1540 310 1578 Πέτρῳ
328 1550 335 1556 ·
366 1540 469 1578 Σίμων,
504 1538 662 1575 καθεύδεις;
691 1538 746 1567 Οὔκ
766 1537 882 1578 ἴσχυσας

961 1001 1050 1032 Vsus.
1063 1001 1169 1034 32-42.
1189 1002 1243 1033 «Et
1257 1002 1379 1032 veniunt
1389 1001 1419 1032 in
1430 1002 1527 1033 locum
1539 1003 1624 1043 cujus
1633 1012 1742 1034 nomen

920 1045 1123 1087 Gethsemani,
1139 1051 1168 1077 et
1190 1046 1261 1077 dicit
1282 1045 1436 1087 discipulis
1458 1046 1519 1077 suis
1535 1057 1543 1078 :
1561 1047 1667 1079 Sedete
1683 1047 1741 1086 hic,

922 1089 1017 1120 donec
1032 1089 1181 1129 digressus
1196 1090 1368 1121 oravero.Et
1384 1091 1508 1122 assumit
1523 1091 1645 1122 Petrum
1662 1092 1744 1123 etJa—

922 1133 1028 1164 cobum
1045 1139 1074 1164 et
1088 1135 1230 1166 Joannem
1246 1135 1311 1165 25!
1344 1144 1443 1166 secum
1459 1144 1466 1167 :
1487 1135 1635 1176 coepitque
1650 1145 1742 1177 expa-

923 1187 1043 1209 vescere
1057 1183 1086 1209 et
1100 1180 1178 1219 angi.
1196 1181 1231 1211 Et
1246 1180 1318 1211 dicit
1332 1179 1404 1211 illis:
1423 1179 1529 1211 Dolore
1539 1180 1670 1212 afﬁcitur
1680 1181 1744 1212 ani-

923 1232 969 1253 ma
986 1232 1052 1254 mea
1066 1233 1159 1265 usque
1173 1225 1209 1255 ad
1228 1225 1488 1256 mortem.Manete
1503 1225 1594 1262 hic,et
1609 1225 1742 1265 vigilate.

922 1267 957 1298 Et
971 1276 1148 1308 progressus
1162 1269 1300 1309 paulum,
1312 1273 1476 1309 prostratus
1491 1273 1537 1299 est
1547 1269 1576 1299 in
1589 1273 1744 1308 terram,et

923 1312 1015 1342 oravit
1039 1317 1068 1343 ut
1079 1313 1103 1343 si
1116 1312 1256 1353 possibile
1271 1317 1358 1350 esset,
1377 1314 1517 1344 transiret
1531 1323 1548 1344 a
1562 1323 1594 1345 se
1611 1314 1693 1345 hora.
1711 1314 1745 1346 Et

923 1357 1040 1388 dicebat
1057 1367 1064 1389 :
1079 1359 1161 1390 Abba
1185 1360 1283 1396 Pater,
1298 1359 1398 1390 omnia
1413 1359 1565 1400 possibilia
1585 1364 1654 1390 sunt
1670 1360 1743 1391 tibi:

922 1403 1005 1433 aufer
1021 1403 1155 1442 poculum
1173 1413 1189 1434 a
1205 1413 1252 1435 me
1275 1404 1331 1434 hoc
1348 1413 1355 1435 :
1373 1409 1575 1434 verumtamen
1600 1413 1659 1435 non
1675 1404 1746 1445 quid

924 1456 977 1486 ego
994 1448 1093 1484 velim.
1107 1449 1159 1479 sed
1172 1449 1241 1488 quid
1255 1449 1337 1480 tu.Et
1348 1448 1427 1480 venit
1438 1453 1466 1479 et
1477 1448 1600 1479 offendit
1611 1458 1662 1480 eos
1673 1450 1745 1480 dor-

924 1492 972 1522 mi
987 1493 1196 1533 nteszdicitque
1208 1492 1558 1533 Petro:Simon,dormis‘?
1569 1503 1628 1524 non
1638 1494 1747 1534 potuis-

925 1537 944 1566 ti
956 1545 1042 1566 unam
1060 1537 1161 1566 horam
1175 1536 1436 1576 vigilare?Vigilate
1449 1541 1478 1567 et
1494 1541 1575 1568 orate
1591 1547 1628 1568 ne
1644 1538 1746 1569 venia-

65 1584 120 1620 μίαν
136 1585 206 1621 ὥραν
234 1587 402 1624 γρηγορῆσαι
419 1594 427 1622 ;
458 1587 617 1623 Γρηγορεῖτε
632 1584 675 1611 καὶ
690 1584 878 1631 προσεύχεσθε,

961 1581 998 1611 ιίιι
1008 1582 1336 1622 tentationcm,spiritus
1343 1582 1463 1622 quidem
1476 1587 1746 1623 promptus,atcaro

65 1627 106 1655 ἵνα
133 1629 170 1666 μὴ
192 1629 329 1662 εἰσέλθητε
369 1629 406 1660 είς
434 1628 581 1668 πειρασμόν
599 1637 605 1644 '
636 1628 666 1655 τὸ
696 1627 744 1664 μὲν
780 1626 882 1663 πνεῦμα

65 1673 199 1713 πρόθυμον,
229 1675 246 1707 ἡ
274 1673 301 1701 δὲ
329 1673 393 1713 σὰρξ
424 1673 548 1707 ἀσθενής.
582 1672 631 1701 Καὶ
653 1671 732 1701 πάλιν
762 1670 882 1699 ἀπελθὼν

67 1718 236 1757 προσηύξατο,
268 1720 313 1746 τὸν
342 1719 420 1746 αὺτὸν
446 1717 525 1756 λόγον
553 1716 645 1748 εἰπών.
677 1717 725 1746 Καὶ
751 1715 882 1755 ὑποστρὲ-

66 1764 123 1799 ψας,
153 1764 225 1802 εὗρεν
249 1763 342 1796 αὐτοὺς
366 1762 446 1791 πάλιν
476 1761 648 1792 καθεύδοντας
667 1772 673 1778 ’
696 1761 764 1795 ἦσαν
788 1761 838 1800 γὰρ
859 1762 883 1789 οἱ

67 1807 187 1846 ὁιξθαλμοὶ
219 1807 306 1836 αὒτῶν
348 1806 537 1845 βεϐαρημένοι,
567 1807 612 1834 καὶ
654 1806 700 1834 οὐκ
729 1805 834 1844 ᾔδεισαν
860 1805 884 1833 τί

67 1852 130 1888 αὖτῴ
149 1852 324 1892 ἀποκριθῶσι.
350 1853 399 1881 Καὶ
426 1851 535 1891 ἔρχεται
565 1851 596 1878 τὸ
624 1851 724 1891 τρίτον,
747 1851 791 1878 καὶ
812 1850 883 1889 λέγει

67 1899 149 1930 αὐτοῖς
166 1905 173 1913 ’
224 1896 365 1926 Καθεύδετε
417 1897 448 1924 τὸ
488 1895 583 1924 λοιπὸν
623 1895 668 1924 καὶ
709 1895 882 1934 όναπαύεσθε,

67 1941 165 1982 ἀπέχει,
197 1936 293 1970 Ἦλθεν
319 1943 335 1975 ἡ
363 1941 432 1981 ὥρα,
458 1940 513 1968 ἰδοὺ
541 1939 711 1980 παραδίδοται
727 1941 740 1968 δ
763 1941 822 1972 fil:
838 1941 884 1968 τοῦ

67 1986 195 2025 ἀνθρώπου
224 1987 262 2018 εἷς
293 1986 341 2018 τὰς
369 1992 468 2025 χεῖρας
506 1986 558 2013 τῶν
588 1984 764 2024 ἁμαρτωλῶν.
794 1984 882 2024 Ἐγεί-

67 2033 143 2069 ρεσθε,
173 2031 294 2070 ἄγωμεν,
321 2029 376 2059 ἰδοὺ
404 2031 418 2058 ὃ
455 2029 611 2069 παραδιδούς
641 2040 674 2068 με
705 2028 828 2069 ἤγγικεν.
865 2039 881 2059 ι

68 2075 220 2114 Καταμόνας
263 2074 357 2103 εἴωθεν
400 2075 440 2103 ἀεὶ
481 2074 687 2114 προσεύχεσθαι,
723 2074 805 2102 τύπον
841 2075 885 2102 ml

66 2121 127 2158 ἡμῖν
154 2119 253 2160 διδοὺς,
282 2119 328 2148 ἵνα
355 2119 404 2153 τὴν
433 2119 548 2159 ἡσυχίαν
574 2119 742 2156 ὲπιζητῶμεν
766 2118 794 2147 ἐν
821 2125 883 2151 ταῖς

924 1626 1054 1656 inﬁrma.
1071 1626 1106 1656 Et
1121 1636 1238 1657 rursum
1255 1627 1405 1667 digressus
1426 1627 1540 1667 orabat,
1557 1631 1587 1658 et
1607 1628 1746 1659 eumdem

924 1670 996 1701 dixit
1011 1680 1192 1702 sermonem.
1212 1673 1245 1702 Et
1255 1680 1392 1702 reversus
1407 1671 1530 1702 offendit
1546 1671 1613 1702 illos
1628 1681 1747 1704 rursum

924 1715 1207 1752 dorinieutcs,eraiit
1222 1716 1301 1746 enim
1313 1716 1392 1747 oculi
1408 1725 1512 1747 eorum
1524 1717 1748 1758 gravati,neque

924 1759 1057 1790 sciebant
1074 1761 1143 1800 quid
1158 1761 1198 1791 illi
1214 1761 1443 1802 responderent.
1458 1761 1493 1792 Et
1508 1762 1587 1792 venit
1601 1762 1687 1793 tertio
1697 1762 1747 1793 di-

926 1805 1023 1844 citque
1039 1804 1099 1835 illis
1113 1815 1119 1836 :
1133 1805 1266 1836 Dormite
1284 1805 1452 1846 posthac,et
1466 1806 1747 1846 requiescite,sufﬁ-

925 1848 1068 1880 cit.Venit
1084 1849 1241 1886 hora,ecce
1258 1850 1383 1880 traditur
1394 1849 1486 1880 Filius
1501 1850 1632 1881 hominis
1643 1851 1674 1882 in
1687 1860 1747 1881 ma-

925 1902 980 1923 nus
993 1898 1190 1934 peccatorum.
1209 1894 1338 1934 Surgite,
1357 1903 1460 1925 eamus
1476 1904 1482 1923 :
1499 1903 1570 1925 ecce
1585 1895 1634 1934 qui
1650 1895 1748 1935 prodit

925 1946 985 1976 me,
1000 1939 1228 1978 appropinquat.
1246 1950 1260 1968 »
1278 1938 1418 1969 Seorsum
1434 1947 1553 1978 semper
1567 1948 1656 1970 orare
1672 1948 1747 1970 con-

925 1983 1029 2022 suevit,
1045 1983 1117 2013 dans
1129 1984 1216 2014 etiam
1234 1983 1318 2013 nobis
1334 1983 1515 2022 exemplum,
1533 1988 1564 2013 ut
1578 1983 1746 2024 quietemin

926 2027 1065 2068 precibus
1093 2028 1287 2068 inquiramus.
1315 2028 1447 2059 Assumit
1461 2032 1559 2058 autem
1574 2028 1671 2059 solum
1688 2034 1748 2060 tres

926 2072 991 2107 illos
1002 2072 1052 2112 qui
1065 2082 1126 2103 suae
1139 2073 1168 2103 in
1179 2072 1241 2104 Tha
1247 2073 1300 2103 bor
1310 2073 1414 2113 gloriae
1424 2076 1608 2113 spectatores
1619 2075 1747 2112 fuerant,

924 2121 957 2147 ut
967 2117 1009 2147 illi
1024 2117 1080 2157 ipsi
1096 2118 1146 2158 qui
1158 2117 1284 2157 gloriosa
1301 2118 1445 2158 viderant,
1461 2117 1578 2148 videant
1594 2122 1623 2148 et
1638 2118 1744 2150 tristia:

67 2172 239 2205 προσευχαῖς,
276 2162 480 2204 Παρύαμὸάνει
521 2162 549 2191 δὲ
584 2163 646 2195 τοὺς
672 2169 745 2203 τρεῖς
774 2164 878 2201 μόνους,

961 2166 1098 2202 scantque
1113 2163 1190 2202 quod
1207 2166 1236 2193 et
1249 2162 1313 2203 ipse
1325 2171 1393 2193 vere
1407 2164 1496 2193 homo
1511 2162 1560 2198 sit.
1577 2167 1608 2193 et
1623 2168 1749 2194 mcerent

67 2210 121 2243 τοὺς
145 2211 189 2238 καὶ
215 2212 266 2243 τῆς
293 2208 369 2242 δόξης
393 2207 473 2236 αὑτοῦ
487 2207 514 2235 ἐν
528 2210 567 2245 τῷ
582 2206 675 2247 Θαϐὼρ
688 2208 782 2240 Θεατὰς
804 2218 878 2247 γινο-

964 2210 1087 2246 angatur
1102 2206 1177 2237 sicut
1197 2215 1262 2238 nos.
1278 2205 1351 2237 Nam
1368 2210 1397 2238 et.
1416 2206 1467 2247 qui
1481 2211 1572 2238 totum
1595 2208 1749 2238 hominem

68 2254 167 2291 μένους,
195 2254 244 2282 ἵνα
271 2255 295 2282 οἱ
318 2252 417 2285 ἰδόντες
439 2252 472 2281 τὰ
492 2251 593 2289 ἔνδοξα,
614 2251 691 2280 ἴδωσι
715 2253 760 2281 καὶ
773 2253 806 2280 τὰ
819 2263 878 2281 σκυ-

961 2260 991 2280 m
1009 2251 1191 2281 naturalibus
1201 2251 1423 2282 conditionibus
1431 2252 1572 2292 suscepit,
1587 2253 1708 2283 omnino
1720 2257 1750 2283 et

66 2299 162 2338 θρωπὰ,
194 2299 238 2326 καὶ
267 2298 397 2337 μάθωσιν,
419 2295 461 2324 δτι
481 2297 526 2325 καὶ
546 2297 625 2329 αὒτὺς
650 2296 755 2330 ἀληθῶς
779 2296 878 2336 ἄνθρω-

964 2295 1070 2325 stitiam
1087 2301 1116 2326 et
1126 2305 1266 2334 angorem
1285 2296 1447 2327 naturalem
1463 2296 1689 2328 habuit.0mnes
1699 2306 1750 2328 au-

67 2354 111 2375 πος
137 2343 182 2380 ἦν,
215 2343 259 2371 καὶ
288 2342 411 2370 λυπεῖται
438 2342 483 2370 καὶ
521 2340 651 2379 ἆδημονετ
680 2341 775 2375 ἐπίσης
803 2342 878 2380 ἡμῖν,

961 2349 984 2370 ιη
997 2345 1102 2371 natura
1119 2340 1278 2371 insuaviter
1289 2349 1360 2380 erga
1375 2345 1501 2371 mortem
1518 2341 1615 2372 allecti
1631 2351 1747 2375 sumus.

68 2388 137 2416 Ἐπεὶ
164 2389 216 2428 γὰρ
243 2386 305 2415 ὅλον
325 2387 371 2415 τὸν
397 2386 532 2426 ἄνθρωπον
567 2385 710 2414 ὰνελάϐετο
744 2387 811 2425 μετὰ
831 2388 883 2415 τῶν

69 2435 176 2471 φυσικῶν
214 2432 377 2470 ἰδιωμάτων,
418 2431 523 2462 πάντως
554 2432 599 2460 καὶ
632 2430 812 2466 λυπηθήσεται
840 2435 884 2462 καὶ

69 2476 226 2515 ὰδημονήσει
255 2476 383 2517 φυσικῶς.
412 2477 443 2505 Ol
470 2476 520 2515 γὰρ
543 2475 687 2515 ἄνθρωποι,
719 2475 793 2515 φύσει
818 2477 883 2515 πρὸς

69 2521 107 2549 τὸν
133 2522 244 2550 θάνατον
272 2519 361 2554 ἀηδῶς
390 2519 552 2557 διακείμεθα.
586 2523 629 2557 Τῷ
651 2520 699 2558 μὲν
721 2521 765 2548 οὖν
786 2521 882 2557 εἰπεῖν,

70 2565 218 2605 Παριλθέτω
259 2565 289 2593 τὸ
325 2566 463 2604 ποτ-ιεριον⁹
507 2563 585 2597 ἔδειξε
622 2564 787 2604 ἀνθρώπινον
808 2572 814 2578 ·
846 2565 885 2602 τῷ

72 2609 95 2638 δὲ
113 2611 208 2647 εἰπεῖν,
226 2609 284 2649 οὐχ
299 2610 314 2637 ὃ
334 2609 388 2648 ἐγὼ
401 2608 482 2644 θέλω,
498 2607 557 2636 ἀλλ’
578 2609 593 2636 ὃ
607 2609 649 2646 σὺ,
672 2607 786 2637 διδάσκει
800 2609 883 2647 ἡμᾶς,

70 2653 109 2682 ἵνα
135 2656 177 2682 καὶ
204 2654 253 2688 τῆς
281 2653 383 2693 φύσεως
418 2652 579 2691 βιαζομένης
609 2653 823 2693 ὺπερφρονῶμεν,
856 2661 887 2689 τδ

70 2698 171 2738 ἀρεστὸν
184 2702 223 2736 τῷ
238 2701 296 2735 Θεῷ
325 2697 486 2736 αἰτούμενοι.
513 2693 559 2729 Ὠς
583 2696 611 2725 δὲ
638 2697 706 2735 μετὰ
731 2697 781 2731 τὴν
802 2698 887 2738 εὒχὴν

71 2742 155 2781 ἐλθὼν,
191 2745 248 2783 εὗρε
285 2743 346 2776 τοὺς
375 2749 449 2782 τρεῖς
487 2740 672 2779 καθεύδοντας,
700 2741 811 2779 ἐπιτιμᾷ
845 2746 883 2780 τῷ

72 2787 155 2827 Πέτρῳ
181 2787 267 2828 μόνῳ,
282 2787 426 2827 μονονουχὶ
452 2789 561 2816 τοιαῦτα
576 2785 663 2825 λέγων
683 2786 750 2825 πρὸς
778 2785 856 2815 αὐτόν
874 2795 880 2802 ·

73 2831 105 2860 ού
129 2833 159 2860 σὶρ
182 2834 209 2861 εἷ
231 2833 245 2860 δ
272 2831 457 2872 ὑποσχόμενος
480 2831 526 2860 σὺν
548 2830 608 2869 ἐμοὶ
633 2831 776 2860 ἀποθανεῖν
793 2839 802 2869 ;
817 2830 885 2860 Μίαν

925 2386 1071 2416 Caeterum
1086 2385 1211 2416 dicendo
1228 2395 1234 2416 :
1251 2385 1394 2416 TranSeat
1409 2385 1495 2422 calix,
1511 2388 1685 2418 monstravit
1696 2387 1750 2418 hu-

926 2429 1246 2461 manitatem.Dicendo
1258 2434 1356 2460 autem
1366 2440 1373 2461 ε
1385 2431 1452 2462 Non
1461 2431 1539 2470 quod
1552 2440 1605 2469 ego
1616 2432 1749 2470 volo,sed

925 2474 1001 2514 quod
1019 2474 1150 2511 tu,docet
1165 2483 1219 2505 nos
1232 2478 1264 2505 ut
1275 2474 1463 2505 invadentem
1478 2484 1512 2506 ac
1529 2480 1683 2515 urgentem
1698 2486 1751 2508 na-

927 2524 1019 2549 Iuram
1032 2519 1350 2559 contemnamus,quod
1356 2519 1417 2549 Deo
1425 2523 1539 2558 gratum
1551 2525 1595 2550 est
1602 2525 1748 2561 petentes.

926 2563 1085 2603 Postquam
1096 2567 1194 2594 autem
1207 2569 1271 2604 post
1285 2573 1389 2603 preces
1395 2563 1486 2604 venit,
1498 2565 1674 2597 inVenittres
1683 2566 1750 2597 dor-

930 2607 1099 2647 mientes,et
1111 2608 1272 2647 increpavit
1283 2609 1402 2639 Petrum
1413 2607 1521 2648 solum,
1537 2610 1622 2649 quasi
1632 2610 1700 2641 talia
1710 2611 1749 2642 ad

928 2652 1024 2692 ipsum
1051 2652 1174 2682 dicens:
1191 2651 1275 2682 Tune
1304 2652 1355 2682 ille
1370 2661 1413 2690 es,
1434 2652 1485 2692 qui
1513 2654 1660 2693 pollicitus
1674 2664 1706 2686 es
1722 2659 1749 2686 te

929 2695 1272 2727 mihicommoriturum?
1288 2695 1382 2727 Unam
1412 2697 1515 2727 horam
1541 2707 1599 2729 non
1628 2699 1751 2739 potuisti

927 2739 1212 2780 vigilare,quomodo
1223 2744 1347 2771 mortem
1360 2741 1548 2772 contemnes?
1558 2741 1618 2774 Sed
1635 2743 1750 2783 vigilate

923 2789 953 2816 et
967 2787 1060 2820 orate,
1077 2789 1110 2815 ut
1125 2793 1163 2814 ne
1178 2784 1302 2816 veniatis
1317 2783 1348 2815 in
1364 2785 1555 2817 tentationem
1583 2787 1750 2827 abnegandi

927 2827 1119 2869 me.Spiritus
1133 2827 1254 2869 quidem
1270 2833 1425 2869 promptus
1435 2834 1525 2871 est,ut
1535 2842 1583 2865 me
1591 2843 1651 2866 non
1660 2833 1751 2866 abne-
