1948 3081
172 110 231 144 659

172 177 279 208 falsum
294 178 498 209 testimonium
514 177 650 209 ferebant
671 177 811 208 adversus
841 177 937 216 illum,
951 175 998 206 di-
1009 177 1030 202 Δ

175 225 292 252 centes:
306 223 366 253 Nos
375 222 540 253 audivimus
551 231 618 253 eum
630 223 779 253 dicentem
791 233 799 252 :
813 223 874 261 Ego
884 221 998 252 diruam

175 266 317 305 templum
333 267 400 303 hoc,
417 267 495 307 quod
513 272 556 297 est
573 267 710 298 manibus
726 268 845 304 factum,
864 272 892 297 et
907 265 1000 297 tribus

174 309 279 341 diebus
295 311 372 341 aliud
390 312 454 342 sine
467 311 606 342 manibus
622 312 729 343 factum
746 310 948 343 exstruam.Et
963 319 1001 341 ne

175 354 217 385 sic
229 354 348 394 quidem
357 356 427 385 satis
437 355 578 387 idoneum
587 356 854 388 erattestimonium
869 355 998 386 illorum.

177 399 209 430 Et
221 408 345 438 surgens
353 409 488 431 summus
497 401 638 432 sacerdos
652 401 682 432 in
698 401 827 432 medium
839 401 1001 439 interroga-

175 443 224 474 bat
234 443 456 481 Jesum,dicens
468 456 475 476 :
487 446 552 477 Non
565 446 728 485 respondes
743 444 921 486 quidquam?
929 443 999 485 quid

175 488 222 520 isti
230 489 385 519 adversum
404 494 431 520 te
447 490 550 521 dicunt
566 489 749 521 testimonia?
765 490 800 520 At
812 489 861 520 ille
873 489 997 526 tacebat,

176 542 272 573 neque
279 533 442 574 quidquam
456 534 796 576 respondebat.»Judicii
803 534 926 565 formam
933 542 1000 564 ser—

176 582 245 608 vant
257 577 299 608 illi
315 579 372 618 ipsi
385 579 634 610 condemnatione
651 579 779 618 digni,ut
791 579 947 609 videantur
961 578 1000 608 il—

176 623 236 653 lum
254 623 442 662 cumjudicio
459 624 609 656 occidere.
626 624 779 660 Quomodo
810 623 888 653 enim
915 622 1000 663 judi-

176 668 254 698 cium
264 668 390 707 justum,
402 678 468 699 cum
485 669 559 700 tales
581 669 689 700 adsunt
715 672 816 705 testes,
836 667 908 698 nihil
924 667 998 705 sani,

176 711 228 742 sed
247 712 362 743 turbata
376 718 405 744 et
421 713 578 754 iliaqualia
593 714 727 744 dicentes
749 712 862 743 omnia?
883 712 917 742 Et
944 712 1000 752 ipsi

177 766 294 797 quoque
306 756 356 797 qui
372 757 425 788 visi
445 763 514 788 sunt
536 759 635 789 dicere
652 757 802 795 quiddam,
819 757 1002 787 mendaciter

176 801 325 832 dixerunt.
339 802 402 833 Non
418 803 490 834 dixit
502 803 596 840 enim,
613 805 670 842 Ego
689 802 837 832 destruam
856 802 999 841 templum

177 845 233 880 hoc
248 856 254 877 :
273 846 338 884 sed,
352 846 461 878 Solvite
479 851 530 878 :et
546 857 604 878 non
621 847 705 887 dixit,
723 846 934 878 manufactum:
948 846 1000 876 sed
1015 857 1033 882 β

178 890 365 931 simpliciter,
383 891 540 932 templum.
569 891 703 924 Pontifcx
728 895 826 921 autem
852 891 957 930 surgit,
975 895 1004 921 et

178 934 339 976 interrogat
352 936 466 974 Jesum,
488 937 588 968 volens
614 937 710 977 ipsum
735 935 769 966 ad
798 935 1003 966 defensionem

178 981 309 1021 trahere,
328 984 358 1011 ut
373 981 421 1011 vel
438 991 472 1012 ex
489 981 663 1013 defensione
689 985 717 1011 et
745 989 888 1019 responso
910 981 1004 1020 ipsum

177 1025 456 1065 comprehenderet.
474 1027 511 1057 At
525 1025 612 1057 Jesus
630 1029 719 1062 tacet,
747 1025 845 1055 sciens
862 1024 929 1055 illos
945 1035 1004 1056 non

177 1073 342 1100 attenturos
363 1070 409 1102 his
425 1080 490 1111 quae
505 1070 541 1101 ab
553 1071 616 1110 ipso
633 1070 816 1110 dicerentur,
834 1069 861 1099 id
885 1070 962 1109 quod
977 1075 1005 1101 et

649 110 946 144 THEOPHYLAGTI
969 108 1175 141 BULGARIE
1197 111 1376 142 ARGHIEP.

1819 106 1886 140 660

1041 175 1081 203 ὅτι
1098 171 1194 214 Ἠμετς
1216 177 1368 215 ἠκούσαμεν
1390 177 1468 205 αὺτώ
1483 176 1620 217 λέγοντος,
1645 176 1685 205 ὅτι
1701 177 1780 216 Ἐγὼ
1796 186 1883 203 κατα-

1040 219 1112 248 λύσω
1140 222 1185 249 τὸν
1215 221 1276 250 ναὸν
1309 224 1401 250 τοῦτον
1437 222 1483 250 τὶν
1512 221 1720 261 χειροποίητον·
1753 221 1805 249 καὶ
1839 219 1883 248 διὰ

1040 268 1119 304 τριῶν
1140 267 1248 306 ἡμερῶν
1263 265 1343 295 ἄλλον
1371 266 1581 306 ἀχειροποίητον
1610 265 1798 303 οἰκοδομήσω.
1829 264 1885 296 Καὶ

1041 309 1098 337 οὒδὲ
1127 310 1209 343 οὕτως
1233 309 1283 344 ἴση
1312 311 1330 345 ἡ
1356 311 1484 350 μαρτυρία
1511 311 1608 342 αὑτῶν.
1634 309 1686 341 Καὶ
1714 310 1840 343 ἀναστὰς
1869 311 1883 338 ὁ

1042 353 1181 394 ἀρχιερεὺς
1197 356 1233 387 εἷς
1256 355 1348 392 μέσον,
1365 354 1524 395 ἐπηρώτησε
1548 356 1594 383 τὸν
1616 354 1728 393 ἰησοῦν,
1759 355 1856 394 λέῒων
1874 365 1881 372 ³

1043 400 1095 428 Οὔκ
1123 399 1251 440 ἀποκρίνῃ
1274 399 1372 437 οὖδένς
1401 400 1431 429 Τί
1466 399 1537 427 οὗτοί
1573 411 1619 428 σου
1649 403 1881 439 καταμαρτυροῦ-

1136 439 1143 450 C
1474 443 1494 452 κς
1543 444 1550 453 1
1825 445 1839 450 "

1041 453 1109 480 σιν,
1144 449 1164 473 0
1191 443 1220 472 δὲ
1247 445 1349 473 ἐσιώπα
1371 445 1414 473 καὶ
1440 446 1514 473 οὖοεν
1540 445 1708 484 απεκρίνατο.
1734 456 1749 472 ι
1771 448 1884 484 Σχημι

1041 486 1118 521 δῆθεν
1146 490 1280 529 κριτηρίου
1308 490 1332 517 οὶ
1367 489 1586 528 αὒτοκατᾶκριτοι
1621 488 1803 526 πλάττονται,
1835 488 1883 516 ἵνα

1041 531 1138 566 δόξωσι
1166 534 1234 572 μετὰ
1255 534 1364 574 κρίσεως
1393 533 1471 562 αὖτὸν
1500 533 1616 563 ἀνελεῖν.
1641 536 1695 564 Ποῦ
1719 534 1774 573 γὰρ
1804 534 1885 572 ὀρθὸν

1041 578 1188 618 κριτήριον,
1228 578 1294 607 ὅπου
1351 578 1479 618 μάρτυρες
1526 579 1640 607 τοιοῦτοι
1692 579 1881 617 παράγονται,

1042 621 1114 652 οὐδὲν
1134 624 1206 661 ὑγιὲς
1234 622 1370 662 λέγοντες,
1400 621 1469 651 ἀλλὰ
1505 623 1590 652 πάντα
1610 623 1804 662 τεταραγμένα
1837 626 1883 652 καὶ

1041 668 1132 706 ἄνισα,
1154 667 1207 699 Καὶ
1221 668 1294 696 αὐτοὶ
1308 667 1335 695 δί
1349 669 1371 696 οῖ
1388 666 1508 700 δόξαντες
1538 679 1563 695 τι
1585 667 1684 707 λέγειν,
1712 667 1804 705 ψευδῆ
1835 667 1884 695 εἶ-

1041 724 1103 742 πον.
1135 708 1164 742 10
1185 713 1235 753 γὰρ
1263 712 1358 753 Κύριος
1383 713 1430 741 οὐκ
1458 713 1534 752 εἶπε,
1567 712 1717 743 Καταλύσω
1743 713 1806 752 ἐγὼ
1835 713 1883 740 τον

1041 759 1116 794 ναὸν,
1134 757 1214 795 ἀλλὰ,
1237 757 1347 786 Λύσατε.
1363 756 1415 787 Καὶ
1445 757 1516 794 οὖδὲ,
1545 760 1749 798 χειροποίητον,
1785 760 1882 794 εἶπεν,

1042 801 1101 831 ἀλλ’
1124 802 1226 843 ἁπλῶς,
1243 803 1317 832 ναόν.
1334 798 1362 831 I0
1379 801 1406 830 δὲ
1420 802 1559 842 ἀρχιερεὺς
1575 803 1690 834 ἀναστὰς
1720 802 1813 839 ἐρωτᾷ
1836 803 1881 830 τὴν

1043 848 1159 884 Ἰησοῦν,
1191 847 1351 886 βουλόμενος
1380 847 1417 878 είς
1461 847 1607 887 ἀπολογίαν
1643 848 1722 875 αὺτὸν
1750 847 1882 885 ἑλκύσαι,

1043 891 1091 920 ἵνα
1112 894 1142 921 ὲκ
1157 893 1206 926 τῆς
1234 891 1379 931 ἀπολογίας
1402 891 1524 930 δράξηται
1546 892 1635 922 αὖτοῦ.
1662 888 1691 921 Ὀ
1713 891 1740 919 δὲ
1775 895 1882 927 σιωπᾷ,

1044 937 1183 976 γινώσκων
1222 936 1262 966 ὅτι
1294 938 1323 965 οὐ
1360 936 1515 976 προσέξουσι
1554 943 1615 968 τοῖς
1651 939 1730 966 αὺτοῦ
1759 936 1858 974 λόγοις
1875 944 1882 950 '

1045 983 1059 1010 ὃ
1086 983 1130 1010 καὶ
1156 983 1170 1010 ὁ
1198 984 1300 1014 Λουκᾶς
1331 981 1418 1021 λέγει,
1447 980 1487 1009 ὅτι
1516 981 1688 1020 ἐρωτώμενος
1718 983 1732 1010 ὁ
1765 980 1883 1020 Κύριος,

1046 1027 1123 1055 εἶπεν
1140 1036 1148 1044 ”
1180 1022 1242 1055 Ἐὰν
1268 1025 1339 1054 εἵπω
1368 1027 1445 1066 ὑμῖν,
1476 1027 1505 1055 οὖ
1534 1027 1574 1064 μὴ
1595 1026 1769 1060 πιστεύσῃ-ιε’
1790 1026 1840 1054 ἐὰν
1855 1025 1882 1053 δὲ

1046 1070 1184 1111 ἐρωτήσω,
1202 1071 1231 1099 οὗ
1252 1071 1291 1108 μὴ
1309 1072 1481 1109 ἀποκριθῆτε,

178 1113 271 1144 Lucas
288 1114 370 1153 dicit,
387 1116 458 1155 quia
471 1125 536 1146 cum
554 1115 790 1154 interrogaretur
811 1114 881 1144 254
899 1115 1053 1153 Dominus,
1070 1115 1143 1146 dixit
1159 1126 1165 1144 :
1183 1114 1215 1146 Si
1229 1114 1332 1146 dixero
1345 1114 1440 1153 vobis,
1457 1124 1517 1146 non
1533 1114 1661 1146 credetis
1679 1123 1685 1146 :
1703 1114 1749 1146 sin
1774 1115 1877 1146 inter-

177 1169 318 1199 rogavero
333 1170 395 1202 vos,
427 1170 485 1191 non
514 1160 744 1201 respondebitis.

218 1205 312 1236 Vens.
326 1205 427 1237 61-65.
444 1206 593 1237 «Rursum
607 1214 740 1235 summus
756 1204 894 1235 sacerdos
910 1205 1003 1235 inter-

179 1249 291 1288 rogavit
307 1249 415 1289 ipsum.
434 1254 462 1280 et
478 1249 549 1280 dicit
558 1249 601 1279 illi
618 1260 623 1280 :
637 1249 679 1279 Tu
697 1258 727 1278 es
746 1249 794 1278 ille
805 1248 936 1279 Christus
951 1248 1003 1279 Fi-

180 1293 238 1328 lius
249 1292 301 1324 Dei
314 1293 479 1325 benedicti?
502 1293 588 1325 Jesus
616 1297 715 1324 autem
731 1293 802 1324 dixit
818 1303 823 1324 :
842 1293 901 1332 Ego
925 1303 1002 1331 sum,

181 1342 210 1368 et
231 1337 368 1368 videbitis
392 1338 495 1369 Filium
527 1337 656 1368 hominis
685 1337 839 1368 sedentem
862 1348 878 1368 a
894 1337 1005 1368 dextris

181 1382 306 1420 virtutis,
324 1387 352 1413 et
369 1383 539 1414 venientem
556 1383 584 1412 in
609 1382 738 1412 nubibus
763 1382 839 1413 coeli.
867 1383 1005 1413 Summus

179 1431 278 1457 autem
309 1427 447 1458 sacerdos
469 1427 637 1458 dilaceratis
664 1426 794 1457 vestibus
821 1427 882 1457 suis
907 1426 1005 1457 dixit:

181 1471 256 1507 Quid
276 1476 418 1511 praeterea
443 1481 517 1512 opus
545 1471 689 1502 habemus
717 1471 856 1503 testibus?
877 1471 1007 1502 Audistis

182 1515 408 1556 blasphemiam,
425 1517 495 1558 quid
511 1517 597 1546 Vobis
612 1516 743 1547 videtur?
758 1515 803 1547 Illi
819 1525 887 1547 vero
903 1526 1007 1548 omnes

181 1561 454 1591 condemnaverunt
468 1569 535 1591 eum
552 1570 617 1591 esse
633 1570 717 1591 reum
736 1560 889 1593 mortis.Et
905 1570 1036 1609 ωερε-ο

182 1609 253 1636 runt
268 1605 390 1645 quidam
404 1614 569 1646 conspuere
587 1605 617 1636 in
629 1609 741 1645 eum,et
753 1605 889 1636 obvelare
900 1605 1004 1636 faciem

183 1649 272 1687 illius,
286 1653 315 1680 et
329 1649 464 1690 colaphis
476 1659 543 1681 eum
560 1650 675 1681 caedere
692 1654 719 1680 et
733 1650 835 1681 dicere
851 1650 907 1691 illi,
924 1650 1004 1681 Divi-

183 1704 220 1725 na
234 1704 242 1733 ;
258 1703 291 1725 ac
308 1694 434 1725 ministri
451 1694 550 1736 alapas
574 1695 617 1725 illi
642 1694 853 1735 impingebant.
871 1707 884 1723 υ
914 1696 1007 1734 Rogat

167 1741 281 1777 ‘denuo
292 1740 433 1781 pontifex,
452 1750 509 1771 non
527 1740 664 1771 utdiscat
675 1744 704 1771 et
718 1740 818 1771 credat
834 1749 840 1771 :
855 1740 905 1771 sed
918 1744 950 1770 ut
960 1749 1006 1771 ca-

183 1788 243 1825 ptet
258 1789 361 1815 contra
376 1795 442 1816 eum
459 1786 658 1816 occasionem.
677 1784 785 1825 Adjicit
801 1788 898 1815 autem
911 1785 945 1815 ad
962 1785 1006 1815 is-

184 1829 234 1860 tud
252 1839 258 1861 :
276 1828 320 1860 Tu
334 1839 367 1861 es
381 1829 527 1866 Christus.
546 1830 634 1860 etiam
651 1830 719 1865 hoc,
737 1829 826 1861 Filius
845 1830 894 1860 Dei
913 1829 1007 1860 bene-

182 1874 263 1906 dicti.
281 1875 361 1905 Multi
377 1875 456 1906 enim
474 1875 593 1906 fuerunt
611 1875 726 1910 christi,
739 1884 827 1913 reges
843 1874 962 1914 inquam
979 1878 1008 1905 et

183 1919 348 1960 pontifices,
377 1919 429 1950 sed
453 1920 551 1950 nullus
581 1920 685 1950 horum
703 1919 755 1949 fuit
770 1918 860 1950 Filius
876 1919 939 1955 Dei,
957 1920 1007 1959 qui

181 1968 227 1995 est
241 1973 361 2004 semper
376 1963 601 1995 benedicendus
617 1968 644 1993 et
658 1963 837 1994 laudandus.
854 1964 938 1995 Jesus
961 1963 1008 1994 di-

181 2009 222 2040 xit
239 2019 246 2038 :
260 2009 320 2048 Ego
334 2018 412 2041 sum.
427 2008 544 2040 Sciebat
561 2008 682 2048 quidem
699 2008 777 2049 quod
794 2018 850 2038 non
867 2007 1008 2039 credituri

181 2057 293 2090 essent,
306 2057 436 2084 attamen
452 2053 608 2094 respondit
623 2056 754 2089 coactus,
772 2057 803 2083 ut
829 2062 865 2083 ne
881 2053 1008 2084 habeant

182 2102 284 2138 postea
299 2097 377 2137 quod
398 2097 494 2129 :licant
508 2107 515 2129 :
529 2097 560 2129 Si
577 2097 733 2128 manifeSie
757 2097 853 2137 ipsum
876 2097 1007 2128 audivis-

181 2151 282 2173 semns
305 2143 360 2173 hoc
382 2142 503 2183 dixisse,
528 2142 770 2180 credidissemus;
801 2146 829 2173 el
852 2147 1009 2183 propterea

181 2186 391 2217 condemnatio
408 2196 511 2217 eorum
529 2187 626 2227 major
641 2186 705 2224 fuit,
723 2186 790 2227 quia
804 2191 829 2217 et
848 2187 924 2217 hunc
940 2197 1007 2218 cum

1089 1215 1102 1234 ι
1120 1204 1202 1235 Πάλιν
1230 1206 1244 1234 ὁ
1272 1204 1412 1245 ἀρχιερεὺς
1447 1205 1574 1245 ἐπηρώτα
1604 1206 1693 1245 αὐτὸν,
1725 1207 1771 1234 καὶ
1804 1205 1878 1244 λέγει

1045 1251 1116 1287 αὐτῷ
1134 1257 1142 1265 ·
1167 1250 1203 1278 Σὺ
1219 1250 1246 1278 εἴ
1261 1251 1275 1278 ὁ
1290 1251 1401 1290 Χριστὸς
1416 1251 1429 1278 ὁ
1447 1250 1506 1282 Υἱὸς
1521 1254 1567 1279 τοῦ
1591 1249 1735 1289 εὐλογητοῦ
1751 1259 1759 1288 ;
1788 1247 1820 1280 ’0
1852 1250 1878 1278 δὲ

1047 1294 1148 1329 Ἰησούς
1171 1301 1247 1323 εἶπεν
1263 1304 1270 1311 ⁸
1288 1293 1360 1334 Ἐγώ
1389 1295 1456 1334 εἰμι,
1483 1295 1526 1323 καὶ
1554 1294 1650 1332 ὄψεσθε
1679 1295 1724 1323 τὸν
1746 1296 1813 1323 Υἱὸν
1834 1296 1879 1323 τοι]

1046 1339 1182 1379 ὰνθρώπου
1207 1340 1237 1368 ἐκ
1271 1338 1363 1372 δεξιῶν
1394 1340 1544 1376 καθήμενον
1582 1342 1632 1373 τῆς
1661 1338 1817 1378 δυνάμεως,
1840 1340 1883 1367 καὶ

1047 1385 1196 1425 ἐρχόμενον
1218 1385 1284 1422 μετὰ
1300 1387 1352 1413 τῶν
1368 1383 1483 1424 νεφελῶν
1500 1388 1546 1413 τοῦ
1574 1387 1693 1422 οὐρανοῦ.
1713 1381 1742 1414 ’0
1771 1384 1802 1413 δὲ
1832 1385 1881 1422 ἆρο

1049 1430 1170 1470 χιερεὺς,
1187 1429 1325 1469 διαρρήξας
1351 1429 1412 1461 τοὺς
1442 1432 1560 1469 χιτῶνας
1589 1429 1680 1467 αὑτοῦ,
1712 1429 1789 1468 λέγει
1810 1440 1819 1449 ⁸
1856 1431 1885 1458 τί

1048 1474 1087 1502 ἔτι
1117 1474 1210 1514 χρείαν
1234 1474 1335 1514 ἔχομεν
1362 1474 1525 1513 μαρτύρωνς
1549 1472 1695 1503 Ἠκούσατε
1719 1477 1770 1508 τῆς
1793 1474 1882 1513 βλασ-

1048 1519 1162 1559 φημίας,
1192 1519 1218 1547 τί
1245 1520 1309 1556 ὑμῖν
1345 1519 1489 1559 φαίνεται,
1525 1520 1555 1547 Οἱ
1578 1517 1606 1546 δὲ
1633 1519 1731 1550 πάντες
1749 1519 1880 1557 κατέκρι-

1049 1574 1095 1591 ναν
1119 1564 1196 1591 αὑτὸν
1224 1563 1295 1592 εἶναι
1321 1563 1416 1603 ἔνοχον
1444 1563 1555 1592 θανάτου
1570 1572 1577 1579 '
1600 1564 1644 1591 καὶ
1672 1562 1786 1603 ἤρξαντό
1809 1574 1879 1594 τινες

1048 1607 1173 1645 ἐμπτύειν
1212 1609 1294 1648 αὐτῷ,
1336 1608 1381 1636 καὶ
1423 1606 1624 1647 περικαλύπτειν
1666 1608 1697 1636 τὸ
1732 1609 1879 1646 πρόσωπον

1047 1653 1137 1690 αύτοῦ,
1168 1654 1211 1681 καὶ
1239 1652 1388 1694 κολαφίζειν
1413 1652 1502 1690 αὺτὸν,
1528 1653 1573 1680 καὶ
1587 1651 1674 1692 λέγειν
1690 1653 1771 1690 αὐτῷ,
1807 1657 1876 1691 Προ-

1047 1698 1176 1738 φήτευσον
1193 1706 1200 1712 '
1226 1699 1267 1726 καὶ
1296 1699 1320 1725 οἱ
1347 1697 1476 1737 ὑπηρέται
1503 1697 1663 1736 ῥαπίσμασιν
1689 1697 1766 1725 αὖτὸν
1793 1696 1877 1726 ’ἐϐαλ-

1047 1742 1105 1774 λον,
1137 1755 1150 1770 η
1182 1742 1284 1782 Ἐρωτᾷ
1312 1742 1390 1771 πάλιν
1419 1743 1432 1771 ὸ
1458 1742 1610 1782 ἀρχιερεὺς,
1639 1742 1693 1782 οὐχ
1713 1742 1760 1770 ἵνα
1784 1743 1875 1780 μαθὼν

1049 1788 1189 1828 πιστεύσῃ,
1205 1787 1265 1816 ἀλλ’
1293 1787 1340 1815 ’ἕνα
1368 1786 1492 1827 ὃράξηταί
1518 1797 1590 1819 τινος
1612 1787 1735 1827 ἀφορμῆς
1753 1795 1761 1803 ⁸
1791 1798 1877 1826 προσ-

1049 1833 1134 1866 τίθησι
1163 1832 1191 1860 δὲ
1218 1836 1267 1872 τῷ,
1304 1833 1340 1860 Σὺ
1367 1832 1394 1860 εἶ
1421 1833 1435 1860 ὁ
1467 1832 1591 1871 Χριστὸς,
1620 1833 1662 1872 τὸ,
1692 1833 1705 1860 ὁ
1742 1833 1805 1864 Υὶὸς
1835 1832 1879 1859 τοῦ

1049 1876 1206 1916 εὖλογητοῦ.
1236 1876 1334 1906 Πολλοὶ
1368 1877 1418 1916 γὰρ
1445 1877 1513 1910 ἦσαν
1549 1877 1665 1916 χριστοὶ,
1698 1878 1722 1905 οἱ
1751 1876 1876 1915 βασιλεῖς

1048 1922 1119 1961 λέγω
1134 1923 1176 1950 καὶ
1205 1923 1229 1950 οἱ
1257 1922 1405 1962 ἀρχιερεῖς,
1435 1921 1495 1949 ἀλλ’
1521 1921 1603 1954 οὐδεὶς
1628 1922 1727 1950 τούτων
1757 1924 1818 1953 Υἱὸς
1846 1921 1877 1954 ἦν

1048 1971 1093 1996 τοῦ
1124 1968 1200 2006 Θεοῦ,
1231 1970 1277 1995 τοῦ
1306 1966 1346 1994 ἀεὶ
1375 1965 1554 2005 εὖλογημένου
1579 1968 1622 1995 καὶ
1644 1967 1820 2004 ὑμνούμενοι).
1848 1961 1875 1994 ’0

1050 2011 1071 2021 M
1097 2011 1104 2022 ι
1173 2015 1184 2020 ς
1238 2013 1250 2021 ν
1345 2011 1357 2021 ν
1408 2010 1438 2023 In
1470 2011 1476 2021 I
1519 2011 1526 2018 ι
1589 2010 1608 2024 v]
1639 2010 1651 2020 ς
1712 2011 1720 2020 ι
1775 2012 1781 2019 ε
1838 2012 1844 2021 ι

1048 2021 1075 2040 οε
1108 2017 1199 2045 Ιησους
1222 2022 1309 2048 ειπεν,
1340 2022 1380 2039 οτι
1421 2022 1482 2049 ιιγω
1506 2022 1571 2048 ειμι.
1613 2014 1674 2041 Ηοει
1691 2022 1740 2048 μεν
1754 2023 1805 2050 γαρ
1835 2021 1874 2038 οτι

1049 2059 1078 2086 οὒ
1104 2056 1288 2086 πιστεύσουσιν
1306 2065 1313 2074 ⁸
1349 2054 1422 2094 ὅμως
1451 2054 1474 2082 δ’
1505 2057 1549 2084 οὖν
1584 2055 1752 2093 ἀποκρίνεται
1779 2055 1872 2084 ἒκϐια-

1048 2102 1128 2139 σθεὶς,
1151 2101 1198 2130 ἵνα
1226 2101 1265 2139 μὴ
1291 2100 1391 2141 ἔχωσιν
1405 2100 1512 2140 ὕστερον
1533 2100 1631 2139 λέγειν,
1649 2100 1689 2129 diu
1705 2100 1766 2129 Ἐὰν
1782 2103 1872 2140 σαφῶς

1048 2147 1168 2179 εἰπόντος
1195 2148 1274 2175 αὑτοῦ
1298 2145 1460 2183 ἠκούσαμεν,
1500 2145 1691 2183 ἐπιστεύσαμεν
1731 2145 1762 2173 ἂν
1779 2153 1787 2161 ο
1832 2144 1872 2172 διὰ

1048 2196 1125 2221 τοῦτο
1153 2192 1198 2220 καί
1226 2195 1317 2229 μεῖζον
1347 2191 1437 2223 αὐτοῖς
1458 2191 1489 2218 τὸ
1510 2190 1672 2229 κατάκριμα,
1704 2189 1744 2218 ὁτι
1772 2191 1817 2218 καὶ
1831 2190 1872 2216 νῦν

179 2231 366 2268 audiverunt,
384 2239 444 2262 non
458 2231 661 2263 crediderunt.
682 2230 716 2262 Et
732 2231 880 2269 videbitis,
900 2231 1003 2272 inquit,

1089 2237 1220 2272 δύσαντις,
1244 2236 1291 2264 οὒκ
1312 2234 1478 2265 ἐπίστευσαν.
1508 2234 1560 2265 Καὶ
1586 2234 1681 2272 ὄψεσθέ
1706 2245 1751 2272 με,
1781 2234 1870 2274 φησὶν,

182 2284 229 2306 me
245 2279 275 2306 ut
290 2275 396 2306 Filium
413 2276 543 2307 hominis
559 2277 713 2307 sedentem
730 2276 764 2307 ad
777 2276 928 2307 dexteram
946 2277 1006 2307 vir-

181 2320 263 2357 tutis,
282 2329 390 2361 nempe
406 2321 499 2352 Patris
516 2330 523 2353 :
541 2322 678 2353 virtutem
706 2321 797 2361 enim,
817 2321 932 2352 Patrem
952 2323 1007 2353 hoc

180 2364 246 2395 loco
263 2364 343 2396 dicit.
361 2364 426 2396 Non
442 2365 521 2396 enim
539 2366 604 2397 sine
617 2375 743 2407 corpore
763 2366 929 2403 veniet,sed
941 2366 1006 2397 talis

180 2410 229 2451 qui
243 2409 334 2440 videri
350 2409 442 2451 possit
456 2416 486 2441 et
502 2411 619 2450 agnosci
636 2411 672 2441 ab
690 2411 735 2442 his
751 2411 800 2451 qui
822 2420 888 2441 eum
906 2411 1004 2442 cruci-

179 2455 425 2495 ﬁxerunt.Itaque
441 2455 571 2495 pontifex
590 2465 702 2486 morem
720 2454 891 2487 Judaeorum
904 2456 1005 2486 obser-

179 2499 362 2536 vat.Quando
379 2500 458 2530 enim
473 2509 561 2540 grave
575 2505 603 2530 et
618 2504 700 2530 atrox
718 2500 867 2540 quippiam
883 2501 1004 2531 evenie-

180 2545 229 2576 bat
241 2545 295 2586 eis,
309 2545 512 2577 dilacerabant
525 2546 650 2576 tunicas.
670 2545 711 2576 lla
725 2550 754 2576 et
771 2548 824 2576 hoc
839 2546 903 2576 loco
922 2546 1003 2587 quasi

179 2589 415 2631 blasphemasset
430 2590 617 2631 Dominus,et
634 2590 803 2621 malefactor
819 2600 943 2629 magnus
952 2600 1002 2622 es-

178 2635 381 2672 set,discindit
393 2640 504 2666 vestem
523 2635 651 2675 pontifex
667 2634 757 2666 Recte
773 2635 838 2676 quis
852 2635 908 2666 hoc
919 2635 1002 2667 Davi-

177 2679 224 2710 dis
238 2680 286 2711 hic
300 2680 443 2712 diceret:«
459 2679 580 2711 Discissi
597 2683 665 2710 sunt
677 2679 701 2717 9,
719 2683 748 2711 et
764 2689 822 2710 non
838 2685 906 2711 sunt
921 2691 1002 2712 com-

217 2752 231 2774 ³
246 2752 322 2783 l’sal.
339 2761 429 2784 xxxiv
442 2753 490 2784 l6.

1049 2283 1085 2314 ὡς
1118 2283 1177 2310 ι’ἱὸν
1206 2281 1354 2321 ἀνθρώπω,
1389 2280 1539 2317 καθήμενον
1567 2281 1597 2308 ὲκ
1628 2279 1718 2312 δεξιῶν
1750 2282 1800 2313 τῆς
1827 2279 1871 2307 δυο

1048 2327 1152 2365 νάμεως
1191 2329 1238 2354 τοῦ
1278 2325 1406 2361 Πατρός·
1444 2324 1552 2363 δύναμιν
1590 2325 1640 2364 γὰρ
1678 2324 1798 2362 ἐνταῦθα,
1827 2324 1869 2350 τὸν

1048 2371 1151 2411 Πατέρα
1181 2371 1261 2411 φησίν
1279 2379 1285 2386 ·
1316 2372 1345 2399 οὐ
1373 2370 1423 2409 γὰρ
1451 2370 1534 2409 χωρίς
1564 2369 1689 2406 σώματος
1723 2368 1866 2406 ἐλεύσεται,

1047 2415 1106 2444 ἀλλ’
1131 2416 1191 2447 οἷος
1208 2415 1331 2449 θεαθῆναι
1356 2415 1407 2443 ὑπὸ
1432 2415 1484 2442 τῶν
1503 2414 1723 2453 σταυρωσάντων,
1743 2414 1786 2441 καὶ
1808 2413 1865 2441 ἐπι-

1046 2463 1208 2500 γνωσθῆναι.
1232 2456 1261 2489 ι0
1284 2464 1346 2499 γοῦν
1380 2459 1530 2499 ἀρχιερεὺς,
1552 2458 1608 2490 ἔθος
1633 2456 1780 2486 Ἰουδαϊκὸν
1795 2457 1865 2489 πλη-

1045 2499 1100 2545 ροῖ.
1129 2499 1218 2534 ’Ὅταν
1244 2505 1294 2544 γὰρ
1316 2502 1399 2532 δεινόν
1426 2515 1451 2532 τι
1471 2504 1515 2531 καὶ
1542 2502 1668 2542 δυσχερὲς
1698 2502 1804 2537 ἀπήντα
1826 2500 1865 2528 αὖ·

1044 2557 1114 2588 τοῖς,
1145 2548 1296 2589 διέῤῥησσον
1317 2548 1378 2580 τοὺς
1403 2548 1532 2588 χιτῶνας.
1558 2546 1697 2578 Κάνταῦθα
1712 2547 1810 2586 τοίνυν,
1832 2546 1865 2575 ὡς

1043 2594 1288 2635 βλασφημήσαντος
1326 2596 1373 2621 τοῦ
1405 2591 1512 2632 Κυρίου,
1557 2593 1601 2620 καὶ
1641 2590 1759 2630 μεγάλου
1788 2591 1867 2619 κακοῦ

1043 2639 1194 2680 γεγονότος,
1239 2637 1388 2677 διαρῤήσσει
1428 2638 1490 2670 τοὺς
1525 2639 1642 2677 χιτῶνας
1672 2637 1686 2664 ἶ)
1721 2635 1865 2680 ἀρχιερεύς.

1043 2678 1124 2714 εἴποι
1138 2689 1200 2724 γοῦν
1215 2683 1247 2712 ἄν
1263 2694 1302 2715 τις
1325 2682 1367 2711 ἐπὶ
1382 2682 1485 2714 τούτοις
1501 2681 1626 2720 εὐκαίρως
1640 2681 1670 2709 τὸ
1691 2686 1737 2710 τοὺ
1768 2678 1844 2708 Δαὸίδ
1858 2697 1866 2707 .
