1933 3084
233 141 303 175 Ἠδι

713 144 1006 179 THEOPHYLACTI
1028 144 1234 178 BULGARI/E
1257 146 1436 180 ARCHIEP.

1849 145 1894 182 716

233 214 363 245 Joannes
391 213 508 253 sibiipsi
541 213 650 244 indidit
678 224 801 255 nomen,
827 215 973 256 matrique
998 223 1050 245 sua

1100 213 1214 248 ὶλάλησε
1241 215 1301 255 περὶ
1328 215 1373 243 τοὺ
1406 216 1549 254 ὀνόματος,
1588 216 1628 245 ὅτι
1657 215 1783 250 Ἰωάννης
1808 216 1854 245 ἐστὶ
1875 219 1896 246 τι

233 258 460 290 communicavit
475 258 584 289 donum
601 259 821 299 propheticum.
836 261 928 291 Porro
944 260 1055 291 Zacha-

232 303 292 333 rias
305 311 371 333 cum
385 311 442 332 non
460 306 558 342 posset.
572 307 645 334 nutu
660 304 848 335 manifestare
865 314 984 342 nomen,
1001 314 1056 345 pe-

233 347 266 378 tit
280 347 415 379 tabellas.
432 347 468 378 Et
483 347 553 387 quia
567 348 743 388 astipulatus
757 354 801 380 est
816 350 971 381 sententia:
987 360 1056 380 uxo-

229 391 272 422 ris
287 392 317 422 in
340 391 461 423 nomine
485 392 580 433 pueri,
607 393 822 434 obstupescunt
842 403 969 426 omnes:
996 404 1054 425 non

230 436 310 467 enim
322 440 385 467 erat
400 436 428 466 in
445 437 620 476 cognatione
635 447 739 469 eorum
756 439 900 480 quispiam
918 440 982 479 ejus
997 449 1053 470 no-

230 481 330 519 minis,
350 485 381 512 ut
395 482 461 521 quis
472 481 573 512 dicere
587 483 679 522 possit
695 483 772 523 quod
786 488 855 514 ante
879 488 996 524 tempus
1016 485 1054 515 de

228 525 286 556 hoc
301 525 388 556 ambo
404 525 568 557 tractarint.
590 527 718 558 Joannes
731 529 815 567 juxta
829 529 1052 568 interpretatio-

228 579 298 602 nem
314 574 370 611 est,
385 570 438 601 Dei
453 571 547 610 gratia
562 582 568 602 :
587 571 711 611 proinde
726 576 755 602 et
767 577 848 612 pater
863 573 941 604 illius
956 573 1052 604 statim

227 620 384 647 assecutus
399 615 536 656 gratiam,
553 615 682 656 primum
695 616 732 647 de
749 616 874 654 Christo,
891 618 1001 649 deinde
1015 618 1053 649 de

228 669 320 701 puero
334 660 526 700 prophetizat.

267 749 359 792 Vens.
373 749 475 781 65-75.
496 760 507 778 α
525 748 559 780 Et
572 749 666 781 factus
683 753 728 780 est
751 750 839 781 timor
868 760 921 790 per
946 761 1050 783 omnes

225 793 338 824 vicinos
352 802 467 830 eorum,
481 793 549 824 etin
566 797 626 824 tota
643 798 781 825 montana
801 795 922 835 regione
942 796 1051 827 Judmaa

225 837 558 888 divulgabanturumnia
562 838 650 868 verba
659 838 765 888 hauet
776 844 938 888 posuerunt
946 850 1049 872 omnes
1061 864 1079 888 Β

225 883 275 923 qui
283 882 437 914 audierant
447 882 477 913 in
489 882 578 913 corde
590 883 792 920 suo,dicentes
804 893 810 915 :
824 884 964 920 Quisnam
977 895 1050 926 puer

223 928 272 958 hic
287 928 357 959 erit?
372 926 408 958 Et
423 936 527 958 manus
547 926 665 958 Domini
693 932 756 959 erat
773 938 839 959 cum
864 929 926 962 illo.
942 931 979 961 Et
992 932 1047 962 Za-

223 972 340 1004 charias
357 976 442 1013 pater
453 972 517 1012 ejus
532 972 665 1012 repletus
684 977 730 1003 est
740 973 851 1013 Spiritu
862 979 1043 1014 sancto,pro-

226 1017 416 1058 phelavitque
438 1016 565 1047 dicens:
585 1017 766 1048 Benedictus
797 1017 942 1050 Dominus
969 1019 1048 1051 Deus

221 1062 325 1099 Israel,
343 1062 393 1102 qui
409 1061 533 1092 visitavit
548 1064 577 1091 et
590 1061 661 1092 fecit
675 1062 911 1103 redemptionem
939 1066 1047 1104 populo

220 1116 273 1138 suo
302 1106 337 1137 Et
352 1105 488 1137 excitavit
502 1114 594 1136 cornu
610 1106 712 1137 salutis
724 1107 809 1138 nobis
831 1108 861 1138 in
884 1108 972 1139 domo
986 1109 1047 1140 Da-

222 1151 269 1182 vid
286 1151 370 1192 pueri
387 1150 433 1182 sui
451 1160 458 1180 :
473 1151 549 1181 sicut
564 1150 632 1180 282
648 1150 765 1182 locutus
781 1156 826 1183 est
851 1162 904 1192 per
918 1163 950 1184 os
973 1163 1046 1184 san-

218 1200 346 1237 ctorum,
364 1196 414 1236 qui
428 1205 446 1226 a
460 1195 568 1226 saeculo
584 1200 653 1226 sunt
677 1197 888 1236 prophetarum
905 1207 1040 1231 suorum.

217 1241 349 1272 Salutem
365 1249 399 1271 ex
415 1239 544 1270 inimicis
566 1239 686 1280 nostris,
705 1245 733 1271 et
748 1241 786 1271 de
801 1251 890 1272 manu
907 1243 1039 1274 omnium

217 1287 268 1328 qui
283 1286 409 1317 oderunt
437 1293 502 1315 nos.
516 1283 553 1315 Ut
575 1284 686 1315 faceret
713 1285 948 1317 misericordiam
973 1297 1040 1318 cum

217 1331 353 1372 patribus
368 1329 485 1365 nostris,
505 1333 534 1359 et
558 1338 674 1359 memor
702 1334 781 1360 esset
809 1332 978 1362 testamenti
995 1333 1039 1363 sui

215 1377 308 1407 sancti
315 1375 412 1407 Juxta
419 1372 627 1414 jusjurandum
636 1374 713 1413 quod
722 1375 832 1414 juravit
842 1375 877 1406 ad
889 1376 1038 1408 Abraham

214 1425 330 1461 patrem
345 1422 493 1457 nostrum,
507 1421 536 1447 ut
552 1417 635 1448 daret
651 1418 786 1450 nobis.Ut
801 1421 872 1450 citra
889 1421 1037 1460 timorem,

213 1465 251 1496 de
267 1474 355 1495 manu
366 1463 554 1493 inimicorum
569 1465 736 1494 nostrorum
750 1464 867 1495 liberali
877 1466 1040 1498 serviamus

1098 257 1182 296 ὀνομα
1211 261 1290 289 αὐτοῦ
1307 268 1313 275 ·
1341 260 1416 300 τάχα
1443 259 1470 289 δὲ
1499 262 1544 290 καὶ
1568 262 1582 289 ὁ
1607 261 1733 294 Ἰωάννης
1747 262 1818 294 αὐτὸς
1831 262 1896 299 ἔα.»τῴ

1097 303 1236 343 περιέθηκε
1265 305 1296 332 τὸ
1322 305 1406 343 ὄνομα
1424 315 1430 322 ·
1458 308 1493 344 τῇ
1520 306 1571 346 γὰρ
1593 307 1672 346 μητρὶ
1695 307 1770 339 αὐτὸς
1788 306 1894 344 μετέδωκε

1096 351 1142 376 τοῦ
1171 354 1335 389 προφητικοῦ
1360 350 1538 389 χαρίσματος.
1580 351 1628 379 Διὰ
1656 351 1783 389 νεύματος
1814 350 1837 379 δὲ
1866 353 1894 389 μὴ

1096 390 1239 431 δυνάμενος
1278 396 1291 422 ὁ
1327 395 1461 434 Ζαχαρίας
1496 394 1614 428 δηλῶσαι
1656 396 1686 423 τὸ
1726 395 1815 436 ὄνομα,
1841 397 1894 424 αἰτεῖ

1095 437 1240 466 πινακίδιον
1257 447 1264 454 ·
1296 440 1340 467 καὶ
1370 437 1460 473 ἐπειδὴ
1487 439 1654 479 ὠμοφώνησε
1682 443 1717 478 τῇ
1738 441 1833 479 γυναικὶ
1850 443 1893 479 περὶ

1095 481 1126 509 τὸ
1154 482 1238 520 ὄνομα
1252 486 1298 511 τοῦ
1327 482 1432 521 παιδὸς,
1457 483 1649 519 ἐκπλήττονται
1670 485 1767 516 πάντες
1784 495 1791 501 ·
1814 487 1839 514 oin
1857 486 1893 523 γὰρ

1094 525 1127 559 ἧν
1153 526 1179 554 έν
1207 530 1241 565 τῇ
1270 528 1406 567 συγγενείᾳ
1435 529 1533 569 αὐτῶν,
1565 528 1611 557 ἵνα
1633 540 1672 560 τις
1689 529 1744 569 ἔχη
1765 530 1852 569 εἰπεῖν,
1865 530 1894 557 δτι

1095 571 1146 610 πρὸ
1175 575 1268 612 καιροῦ
1296 576 1373 601 τοῦτο
1388 572 1521 611 ἐμελέτων
1548 573 1706 613 ἀμφότεροι,
1738 573 1852 607 Ἰωάννης
1874 574 1894 601 δὲ

1094 615 1269 654 ἑρμηνεύεται
1291 621 1357 646 Θεοῦ
1386 618 1466 657 χάρις
1484 627 1493 636 ‘
1522 616 1563 645 διὸ
1599 619 1643 648 καὶ
1671 620 1685 646 ὁ
1722 618 1807 657 πατὴρ
1834 619 1895 647 αὖτώ

1094 660 1188 693 εὐθέως
1217 662 1386 701 χαριτωθεὶς,
1411 662 1573 702 προφητεύει
1601 663 1661 702 περί
1684 674 1714 691 τε
1740 667 1785 692 τοῦ
1804 667 1895 703 Χριστοό

1093 704 1229 745 πρότερον,
1245 707 1290 734 καὶ
1305 706 1362 745 περὶ
1376 710 1422 734 τοῦ
1436 706 1529 739 παιδὸς
1551 706 1671 746 ὕστερον,

1136 755 1148 773 α
1167 747 1216 774 Καὶ
1244 745 1348 786 ἐγένετο
1370 746 1412 774 ἐπὶ
1437 747 1538 778 πάντας
1560 745 1642 787 φόβος
1664 748 1726 780 τοὺς
1750 752 1893 788 περιοικοῦν-

1091 800 1139 821 τας
1168 790 1261 822 αὐτούς
1278 800 1286 808 ·
1316 792 1360 820 καὶ
1388 791 1416 819 ἐν
1450 791 1502 830 ὅλῃ
1529 795 1563 830 τῇ
1595 794 1685 832 ὀρεινῇ
1715 795 1764 826 τῆς
1791 792 1892 824 ἰουδαίας

1091 833 1240 863 διελαλεῖτο
1254 837 1340 864 πάντα
1361 837 1395 864 τὰ
1408 836 1516 875 ῥήματα
1531 837 1614 865 ταῦτα
1631 846 1638 852 ·
1662 839 1708 866 καὶ
1732 837 1815 866 ἔθεντο
1839 839 1893 866 πάν-

1090 889 1133 911 τες
1168 881 1191 907 οἱ
1218 880 1376 913 ἀκούσαντες
1403 882 1431 909 ἓν
1459 883 1493 919 τῇ
1521 880 1612 918 καρδίᾳ
1626 882 1741 920 ναότῶν,
1766 882 1893 922 λέγοντις¹

1090 923 1120 952 Τί
1145 924 1195 964 ἄρα
1217 925 1247 953 τὸ
1274 924 1378 954 παιδίον
1406 930 1483 955 τοῦτο
1509 925 1581 954 ἔσται
1600 934 1608 963 ;
1625 927 1675 956 Καὶ
1691 928 1752 968 χεὶρ
1769 928 1852 967 Κυρία)
1869 927 1892 961 ἦν

1090 969 1148 1006 μετ’
1179 971 1270 1000 αὐτοῦ.
1301 971 1349 998 Καὶ
1377 971 1510 1010 Ζαχαρίας
1538 971 1552 999 ὁ
1580 971 1670 1012 πατὴρ
1692 974 1773 1002 αὐτου
1793 971 1892 1007 ἐπλήσθη

1089 1014 1241 1051 Πνεύματος
1270 1015 1356 1054 ἁγίου,
1385 1016 1429 1043 καὶ
1468 1015 1660 1056 προεφήτευσε,
1690 1015 1777 1056 λέγων
1793 1028 1799 1034 -
1827 1016 1891 1046 E61"-

1088 1059 1172 1097 γητὸς
1193 1058 1291 1099 Κύριος
1315 1060 1329 1087 ὃ
1362 1060 1426 1091 Θεὸς
1459 1063 1504 1088 τοῦ
1533 1058 1651 1100 Ἰσραὴλ,
1680 1059 1722 1089 ὅτι
1751 1061 1893 1098 ἐπεσκέψατο

1088 1103 1131 1130 καὶ
1153 1103 1262 1137 ἐποίησε
1291 1103 1419 1143 λύτρωσιν
1447 1107 1485 1141 τῷ
1518 1103 1577 1141 λαῷ
1619 1104 1700 1134 αὺτοῦ
1715 1114 1723 1121 ·
1754 1107 1796 1134 καὶ
1821 1105 1891 1145 ἤγειρε

1087 1146 1165 1186 κέρας
1194 1149 1326 1188 σωτηρίας
1354 1149 1422 1186 ἡμῖν
1452 1149 1479 1176 ἓν
1499 1151 1538 1185 τῷ
1557 1148 1627 1187 οἴκῳ
1651 1149 1734 1179 Δαϐὶδ
1748 1155 1793 1179 τοῦ
1817 1149 1891 1181 παιδὸς

1087 1193 1164 1222 αὑτοῦ
1181 1202 1188 1209 ⁸
1218 1194 1306 1225 καθὼς
1335 1192 1450 1226 ἐλάλησε
1467 1193 1509 1221 διὰ
1525 1194 1658 1232 στόματος
1681 1198 1736 1224 τῶν
1751 1196 1828 1235 ἁγίων
1851 1198 1891 1223 τῶν

1083 1235 1130 1264 ἀπ’
1160 1238 1255 1270 αἰῶνος
1285 1241 1429 1278 προφητῶν
1466 1239 1545 1267 αἰντοῦ
1562 1247 1570 1254 ⁸
1601 1241 1736 1279 σωτηρίαν
1758 1240 1783 1273 ἐξ
1804 1241 1888 1280 ἐχθρῶν

1082 1281 1171 1322 ἡμῶν,
1200 1283 1244 1310 καὶ
1261 1283 1292 1311 ἐκ
1320 1283 1412 1323 χειρὸς
1433 1282 1540 1311 πάντων
1561 1284 1614 1312 τῶν
1638 1285 1788 1322 μισούντων
1807 1287 1885 1323 ἡμᾶς·

1082 1327 1192 1360 ποιῆσαι
1230 1327 1302 1360 ἕλεος
1332 1328 1399 1365 μετὰ
1433 1328 1487 1356 τῶν
1514 1328 1635 1367 πατέρων
1663 1329 1754 1367 ἡμῶν,
1778 1330 1818 1358 καὶ
1831 1340 1887 1367 μνη-

1083 1372 1174 1404 σθῆναι
1211 1371 1340 1407 διαθήκης
1383 1372 1459 1412 ἁγίας
1504 1373 1594 1404 αὑτοῦ.
1623 1373 1726 1412 ’Ὄρκοδ
1761 1376 1790 1403 0-3
1815 1374 1888 1412 ὤμοσε

1082 1417 1146 1455 πρὸς
1177 1415 1296 1457 Ἀϐραὰμ
1323 1419 1369 1446 τὸν
1393 1417 1494 1454 πατέρα
1523 1418 1613 1456 ἡμῶν,
1643 1423 1691 1447 τοῦ
1727 1419 1812 1448 δοῦναι
1835 1421 1888 1456 ἡμῖν

1082 1460 1199 1500 ἀφόϐως,
1228 1464 1260 1490 kx
1287 1463 1379 1502 χειρὸς
1394 1463 1447 1490 τῶν
1473 1463 1577 1502 ἐχθρῶν
1590 1464 1668 1501 ἡμῶν
1682 1464 1830 1504 ῥυσθέντας,
1849 1463 1889 1491 λα-

213 1509 271 1551 ipsi
292 1509 324 1540 in
350 1507 502 1539 sanctitate
526 1511 556 1537 et
575 1507 689 1546 justitia
714 1517 812 1539 coram
830 1509 907 1550 ipso,
926 1512 1050 1542 cunctis‘

1099 1506 1182 1545 ρεύειν
1211 1507 1282 1544 αὖτῷ
1316 1508 1343 1535 ὲν
1371 1507 1490 1541 ὁσιότητι
1527 1508 1571 1536 καὶ
1609 1507 1762 1548 δικαιοσύνῃ
1797 1509 1890 1537 ἐνώπιον

212 1554 318 1586 diebus
335 1553 401 1583 vitae
416 1555 535 1583 nostrae.
556 1563 567 1580 υ
584 1551 689 1582 Factus
705 1556 749 1583 est
762 1553 851 1584 timor
865 1563 956 1594 super
973 1565 1039 1586 om-

213 1609 277 1640 nes,
294 1602 415 1640 propter
432 1596 604 1627 miraculum
618 1596 766 1637 loquentis
777 1598 935 1631 Zacharite.
954 1599 1038 1631 Sicut

212 1645 292 1676 enim
309 1643 391 1684 prius
403 1651 468 1672 cum
481 1641 849 1683 obmutuisset,stupuerat
859 1645 1040 1685 populus,ita

213 1689 301 1721 etiam
311 1697 388 1719 nunc
399 1696 463 1717 cum
475 1686 594 1716 redditu
605 1695 618 1715 s
632 1690 676 1716 est
691 1688 716 1718 ei
731 1690 1040 1730 sermo.Propterduo

215 1735 304 1774 igitur
319 1731 461 1763 miracula
472 1731 534 1761 haec
549 1730 717 1770 cogitabant
732 1731 769 1762 de
786 1738 854 1763 nato
872 1734 950 1774 quod
961 1735 1039 1766 mul-

213 1784 258 1810 tos
274 1777 468 1819 praecelleret.
487 1776 576 1807 Facta
591 1779 689 1806 autem
703 1777 846 1808 sunthaec
862 1779 961 1809 omnia
978 1780 1038 1810 sin-

212 1824 279 1864 gula
291 1823 417 1865 quadam
434 1820 665 1865 dispensatione,
679 1826 709 1852 ut
726 1823 774 1861 qui
790 1825 827 1852 tte
843 1823 959 1854 Christo
973 1833 1038 1864 pro-

212 1869 411 1910 pbetizaturus
427 1869 515 1901 esset,
528 1865 586 1895 ﬁde
594 1864 701 1904 dignus
716 1865 922 1904 haberetur,et
933 1877 1038 1900 omnes

212 1923 248 1945 ex
273 1914 336 1954 ipsa
365 1911 517 1942 nativitale
538 1910 661 1940 Joannis
677 1910 823 1941 certiores
839 1912 1038 1945 redderentur

213 1960 292 2000 quod
305 1957 404 1988 multis
414 1955 509 1995 major
520 1954 768 2000 esset._Benedicit
776 1959 875 1987 autem
884 1957 1037 1989 Zacharias

212 1998 318 2044 Deum,
336 2002 405 2042 quia
417 1998 767 2044 visitaveratrlsraelitas.
784 2000 818 2031 Et
839 2002 968 2041 profecto
983 2012 1033 2034 ve-

217 2052 302 2079 nerat
312 2047 349 2077 ad
364 2054 432 2076 oves
447 2052 513 2084 quae
529 2043 651 2083 perditae
666 2048 750 2074 erant
764 2045 801 2075 de
816 2045 904 2076 domo
932 2045 1035 2082 Israel,

214 2093 266 2124 sed
283 2091 416 2132 plerique
425 2088 603 2120 beneﬁcium
620 2088 685 2127 ejus
699 2089 853 2129 suscipere
864 2090 1032 2131 noluerunt,

214 2138 296 2169 unde
307 2144 392 2166 veros
407 2133 553 2165 Israelitas
564 2132 675 2164 invisit.
693 2134 728 2164 Et
740 2134 859 2174 quinam
877 2139 945 2165 sunt
968 2136 1009 2167 illi
1021 2140 1035 2169 ?

1085 1551 1163 1579 αὐτου
1184 1552 1270 1584 πάσας
1286 1552 1333 1584 τὰς
1347 1552 1449 1591 ἡμέρας
1471 1554 1521 1586 τῆς
1544 1553 1614 1588 ζωῆς
1630 1554 1723 1591 ἡμῶν.
1740 1564 1756 1584 ι
1786 1553 1890 1593 Ἐγένετο

1083 1594 1126 1623 ἐπὶ
1155 1597 1255 1629 πάντας
1285 1596 1376 1637 φόϐος,
1400 1596 1442 1625 διὰ
1467 1597 1497 1625 τὸ
1512 1596 1658 1636 παράδοξον
1671 1601 1724 1633 τῆς
1746 1603 1792 1628 τοῦ
1811 1602 1889 1638 Ζαχα-

1082 1640 1138 1679 ρίου
1153 1641 1336 1677 έκλαλήσεως.
1366 1642 1470 1682 ²¹Ωσπερ
1497 1642 1547 1682 γὰρ
1575 1642 1618 1670 ἐπὶ
1645 1646 1680 1681 τῇ
1709 1647 1799 1682 σιωπῇ
1812 1642 1888 1676 έξέστη

1084 1686 1097 1712 ὁ
1126 1684 1203 1724 λαὸς,
1228 1686 1297 1716 οὕτω
1318 1687 1361 1715 καὶ
1383 1686 1426 1715 ἐπὶ
1453 1690 1492 1724 τῷ
1513 1686 1630 1721 λαλῆσαι
1656 1689 1749 1718 αὐτόν·
1766 1690 1802 1720 ὡς
1815 1689 1842 1717 ἂν
1855 1686 1888 1715 διὰ

1082 1731 1133 1758 τῶν
1162 1730 1206 1759 δύο
1243 1732 1343 1760 τούτων
1371 1732 1522 1770 θαυμάτων,
1566 1731 1779 1772 συλλογίσωνται
1806 1733 1887 1762 πάντες

1081 1775 1140 1814 περὶ
1174 1777 1221 1804 τοῦ
1248 1776 1402 1817 τεχθέντος,
1435 1778 1472 1808 ὡς
1501 1776 1566 1815 ὑπὲρ
1592 1777 1653 1809 τοὺς
1682 1777 1800 1810 πολλούς
1832 1778 1887 1807 ἐστι.

1081 1823 1168 1848 Ταῦτα
1189 1819 1216 1848 δὲ
1235 1821 1322 1849 πάντα
1346 1822 1463 1861 ἐγίνοντο
1490 1821 1678 1860 οἰκονομικῶς,
1695 1822 1744 1851 ’ίνα
1757 1824 1771 1851 ὁ
1785 1823 1840 1861 περὶ
1852 1824 1889 1850 το]

1079 1868 1193 1904 Χριστοῦ
1227 1865 1333 1904 μέλλων
1359 1866 1547 1906 μαρτυρήσειν,
1579 1864 1735 1899 ἀξιόπιστος
1771 1867 1827 1906 εἴη,
1854 1866 1890 1894 καὶ

1079 1910 1176 1942 πάντες
1205 1909 1443 1951 πληροφορηθῶσιν
1471 1910 1497 1944 ἐξ
1529 1910 1611 1945 αὐτῆς
1642 1914 1692 1945 τῆς
1713 1917 1762 1943 τοῦ
1784 1911 1890 1941 Ἰωάννου

1078 1955 1241 1994 γεννήσεως,
1272 1956 1312 1984 ὅτι
1334 1956 1399 1993 ὑπὲρ
1420 1955 1482 1988 τοὺς
1496 1955 1611 1988 πολλούς
1634 1956 1716 1989 ἐστιν,
1750 1956 1856 1996 Εύλογετ
1868 1955 1889 1983 δί

1078 1999 1092 2026 ὁ
1121 2000 1255 2040 Ζαχαρίας
1282 2001 1329 2029 τὸν
1358 2001 1434 2038 Θεὸν,
1462 2001 1498 2033 ὡς
1525 1999 1739 2039 ἐπισκεψάμενον
1764 2003 1822 2034 τοὺς
1843 2000 1889 2030 Ἶσ-

1079 2044 1232 2083 ραηλίτας;
1261 2048 1300 2082 τῷ
1327 2045 1381 2074 ὄντι
1410 2046 1460 2085 γὰρ
1486 2046 1523 2078 εἱς
1555 2046 1587 2074 τὰ
1621 2045 1743 2086 πρόϐατα
1771 2046 1831 2081 ἦλθε
1861 2046 1888 2075 τὰ

1078 2089 1237 2118 ἀπολωλότα
1272 2089 1349 2118 οἵγου
1383 2089 1504 2130 Ἰσραὴλ,
1542 2088 1603 2118 ἀλλ’
1632 2091 1679 2119 οὒκ
1713 2091 1843 2126 ἠθέλησαν
1869 2091 1888 2118 οἱ

1076 2132 1195 2166 πλείονες
1225 2135 1309 2163 αὐτῶν
1338 2133 1456 2167 δέξασθαι
1495 2135 1545 2169 τὴν
1566 2135 1646 2175 χάριν
1661 2144 1671 2154 ·
1695 2135 1737 2165 διὸ
1772 2137 1813 2165 καὶ
1837 2135 1888 2167 τοῦς

213 2181 248 2214 Hi
265 2182 314 2223 qui
330 2179 530 2211 crediderunt.
548 2177 796 2209 Excitavitautem
809 2188 902 2210 cornu
918 2181 1031 2219 salutis,
1046 2185 1050 2210 1

1098 2179 1182 2213 ληθῶς
1212 2178 1378 2223 Ἰσραηλίτας
1422 2179 1601 2219 ἐπεσκέψατο,
1640 2180 1740 2214 οἵτινές
1780 2182 1841 2210 εἰσιν
1871 2191 1883 2208 o

212 2228 270 2259 hoc
283 2230 338 2264 est,
351 2225 489 2257 virtutem
506 2226 535 2254 et
549 2232 674 2262 regnum
690 2223 828 2255 salutare.
845 2224 942 2255 Cornu
955 2226 1034 2257 enim

213 2272 257 2303 vel
270 2269 430 2313 potentiam
447 2267 604 2313 significat,
620 2273 743 2298 cornuta
767 2268 844 2299 enim
873 2270 1035 2302 animantia

215 2317 246 2348 in
264 2312 356 2347 cornu
375 2314 467 2345 robur
496 2312 620 2349 habent,
648 2313 693 2343 vel
718 2322 842 2353 regnum
857 2323 863 2344 :
881 2323 916 2344 ex
941 2324 1032 2347 cornu

212 2363 291 2393 enim
308 2369 394 2400 reges
405 2357 738 2397 inungebantur.ltaque
747 2358 882 2389 Christns
890 2363 919 2390 et
930 2364 1033 2400 poten-

211 2408 252 2438 tia
268 2410 313 2437 est
325 2410 354 2436 et
369 2413 492 2443 regnum
509 2402 614 2434 Patris.
632 2402 793 2434 Excitatem
815 2404 905 2442 igitur
920 2409 964 2435 est
977 2415 1034 2436 no-

210 2451 256 2483 bis
278 2459 369 2482 cornu
397 2448 511 2485 salutis,
528 2447 674 2478 Christus.
691 2447 853 2478 Videbatur
867 2448 946 2479 enim
961 2449 1034 2480 dor-

209 2498 298 2534 mire,
315 2498 511 2526 contemnens
530 2492 687 2522 multorum
706 2497 835 2531 peccata,
853 2492 1033 2532 longanimi~

209 2545 298 2572 tatem
314 2540 342 2570 in
359 2538 585 2570 simulacrorum
597 2537 702 2566 insano
711 2536 791 2567 cultu
805 2546 867 2576 pra:
878 2545 910 2567 se
920 2536 1030 2577 ferens,

206 2587 258 2618 sed
272 2586 301 2616 in
315 2583 483 2616 novissimis
506 2581 690 2622 temporibus
704 2581 873 2613 incarnatus
889 2582 1031 2615 excitatus

206 2636 262 2669 est,
281 2636 310 2662 et
325 2628 461 2661 contrivit
479 2636 582 2658 omnes
593 2626 642 2667 qui
657 2626 784 2657 oderunt
796 2636 850 2657 nos
865 2627 1025 2666 daemones,

204 2686 263 2708 non
277 2677 339 2716 jam
356 2675 432 2706 ultra
448 2672 627 2712 longanimis
647 2676 675 2702 et
702 2671 864 2702 dormiens.
889 2671 979 2704 Porro
995 2673 1025 2705 in

203 2722 293 2753 domo
310 2719 400 2752 David
417 2718 562 2749 excitatus
578 2726 619 2755 es,
636 2717 692 2747 hoc
718 2721 772 2755 est,
790 2716 819 2747 in
843 2717 996 2749 Bethleem
1015 2730 1022 2751 :

202 2765 264 2797 illic
280 2765 360 2797 enim
376 2767 462 2794 natus
474 2766 530 2794 cst.
546 2761 701 2793 Bethleem
717 2765 812 2792 autem
826 2763 918 2802 patria
933 2762 1021 2795 David

1076 2224 1276 2256 πιστεύσαντες,
1300 2220 1418 2264 ’Ἠγειρε
1448 2223 1475 2252 δὲ
1501 2225 1580 2263 κέρας
1603 2226 1750 2267 σωτηρίας,
1767 2225 1886 2262 τουτέστι,

1076 2267 1184 2306 δὺναμιν
1213 2270 1260 2298 καὶ
1293 2268 1431 2308 βασιλείαν
1461 2270 1593 2310 σωτήριον
1610 2278 1619 2286 ’
1650 2271 1680 2300 τὸ
1705 2272 1756 2311 γὰρ
1783 2270 1887 2311 κέραςῆ

1075 2312 1185 2352 δύναμιν
1213 2315 1337 2352 σημαίνει
1353 2323 1362 2332 ⁶
1398 2314 1430 2342 τὰ
1452 2315 1502 2354 γὰρ
1533 2315 1683 2356 κερασφόρα
1707 2319 1763 2352 ζῶα
1784 2316 1810 2344 ἒν
1836 2321 1887 2346 τοῖς

1077 2358 1167 2397 κέρασι
1191 2359 1239 2393 τὴν
1267 2357 1375 2397 δύναμιν
1404 2358 1524 2399 ἔχουσιν⁹
1553 2359 1572 2394 ἣ
1601 2359 1736 2399 βασιλείαν
1752 2371 1759 2379 ’
1786 2365 1823 2399 τῷ

1077 2402 1166 2442 κέρατι
1202 2403 1323 2443 ἱχρίοντο
1351 2404 1374 2432 οἱ
1412 2403 1546 2442 βασιλεῖς.
1577 2400 1606 2434 Ὀ
1635 2406 1680 2434 οὖν
1707 2407 1817 2446 Χριστὸς
1848 2404 1885 2432 καὶ

1076 2446 1183 2486 δύναμίς
1219 2448 1274 2477 ἐστι
1309 2449 1354 2476 καὶ
1387 2447 1508 2487 βασιλεία
1543 2450 1589 2478 τοῦ
1611 2450 1713 2490 Πατρὸς
1730 2458 1738 2466 ·
1768 2450 1884 2490 ἐξηγέρθη

1076 2493 1119 2520 οὖν
1146 2494 1214 2530 ἡμῖν
1244 2493 1322 2533 κέρας
1359 2493 1491 2533 σωτηρίας
1517 2494 1531 2521 δ
1559 2494 1684 2535 Χριστός,
1721 2494 1820 2524 Ἐὃοκει
1840 2495 1884 2534 γὰρ

1075 2537 1229 2575 ὗπνώττειν,
1259 2536 1495 2578 παραϐλεπόμενος
1537 2539 1584 2571 τὰς
1621 2538 1724 2572 πολλὰς
1751 2539 1881 2580 ἁμαρτίας,

1073 2583 1115 2611 καὶ
1151 2584 1325 2623 μακροθυμῶν
1352 2583 1396 2611 imi
1423 2585 1458 2622 τῇ
1479 2582 1652 2622 είδωλομανίᾳ
1667 2591 1676 2600 ⁸
1700 2584 1760 2614 ἀλλ’
1783 2585 1809 2613 ἐν
1830 2590 1882 2616 τοῖς

1070 2627 1195 2668 ἐσχάτοις
1231 2628 1374 2667 σαρκωθςὶς
1396 2635 1511 2669 καιροῖς,
1538 2627 1666 2669 ἐξηγέρθη
1685 2631 1730 2659 καὶ
1754 2629 1880 2670 συνέτριψε

1068 2674 1168 2705 πάντας
1191 2673 1250 2705 τοὺς
1281 2678 1423 2711 μισοῦντας
1440 2674 1513 2712 ἡμᾶς
1534 2673 1672 2712 δαίμονας,
1699 2675 1801 2709 Μηκέτι
1821 2675 1879 2702 civ:-

1066 2719 1202 2758 σχόμενος
1231 2719 1327 2747 ὕπνοῦν
1353 2719 1398 2747 καὶ
1423 2720 1602 2758 μακροθυμεῖν
1618 2727 1626 2736 ⁸
1652 2719 1680 2748 ἒν
1708 2724 1746 2759 τῷ
1773 2720 1839 2756 οἴκῳ
1857 2718 1879 2746 δὲ

1066 2762 1147 2791 Δαϐἱό
1177 2762 1318 2803 ἐξηγέρθη,
1359 2764 1493 2794 τουτέστιν
1535 2764 1562 2792 ἐν
1597 2764 1731 2804 Βηθλεέμ,
1761 2765 1817 2794 ἐκεῖ
1836 2764 1878 2803 γὰρ

203 2814 280 2849 erat,
297 2810 376 2841 sicut
390 2807 482 2839 locuti
497 2807 616 2839 fuerunt
629 2806 790 2847 prophetae.
806 2806 916 2838 Omnes
940 2808 1018 2839 enim

1098 2809 1192 2844 ῑννήθη
1210 2817 1217 2824 ·
1241 2809 1259 2842 ἡ
1273 2807 1302 2837 δὲ
1317 2808 1452 2848 Βηθλεὲμ,
1476 2809 1581 2842 πάντως
1614 2809 1692 2844 πόλις
1717 2813 1761 2839 τοῦ
1796 2807 1876 2851 Δαϐἰδ,
