1933 3084
228 152 286 205 τιο
708 167 1006 203 THEOPHYLACTI
1028 166 1234 199 summm
1256 162 1434 198 meum.
1848 158 1892 194 720

229 246 352 276 puerum
360 236 489 276 loquitur
497 235 594 266 adhuc
603 235 785 265 inseusatum
798 243 831 265 ea
838 244 904 276 qum
913 235 992 275 loqui

1131 242 1195 274 γει·
1226 234 1332 263 πάντως
1360 233 1411 273 γὰρ
1438 233 1590 269 ἀναισθήτῳ
1619 233 1674 260 δντι
1695 234 1733 268 τῷ
1754 229 1850 276 παιδίῳ,
1873 232 1893 259 οὗ

225 275 571 320 Dicendumigiturquod
578 280 652 311 sicut
662 280 809 310 insolitam
817 284 845 310 et
852 279 985 311 admirab

1130 291 1150 308 ει
1179 279 1301 318 ὁμιλεῖν,
1326 279 1428 307 ’Ἔστιν
1461 279 1505 306 οὖν
1540 278 1626 305 εἰπεῖν
1653 276 1705 314 ὅτι,
1735 275 1818 313 ὥσπερ
1835 275 1893 308 Ξένην

225 325 328 356 habuit
343 325 531 357 nativitatum
553 335 638 365 puer,
656 325 706 365 qui
723 324 876 356 exsultavit
888 330 916 355 et
930 334 985 365 pro

1129 337 1163 366 χε
1193 327 1243 359 την
1264 325 1388 364 γέννησιν
1409 324 1440 352 τὰ
1468 323 1580 359 παιδίον,
1608 325 1752 362 σκιρτῆσαν
1774 322 1814 349 καὶ
1840 332 1892 359 προ-

225 370 295 401 tavit
310 370 340 400 in
357 374 440 400 utero
463 369 499 400 ad
528 364 689 401 adventum
718 370 820 401 Mariae
837 379 843 401 :
862 369 905 400 sic
930 379 988 400 non

1130 364 1230 404 ᾖτεῦσαν
1259 371 1286 398 ὲν
1308 373 1342 408 τῇ
1371 370 1461 408 μήτρᾳ
1487 369 1531 396 επὶ
1563 368 1597 402 τῆ
1625 367 1753 404 παρουσίᾳ
1781 368 1825 399 τῆς
1852 369 1893 393 Μα-

225 415 332 446 mirum
350 415 375 445 si
390 414 479 445 etiam
499 423 534 445 ea
559 424 623 454 quae
645 424 661 444 a
683 419 765 454 patre
789 413 977 450 dicebantur,

1129 417 1172 455 ὶμ,
1201 414 1285 447 οὕτως
1327 413 1401 442 οὖδὲν
1438 413 1550 441 ἄπιστον
1599 412 1644 440 καὶ
1678 411 1730 439 τῶν
1767 409 1892 449 λεγομὲνωι

224 459 405 490 nativitatem
436 459 629 490 intellexerit.
661 458 784 489 Praeibis
811 462 921 496 autem,
949 459 987 489 int

1129 460 1166 499 ιρά
1194 464 1240 488 τοῦ
1269 459 1369 498 πατρὸς
1405 458 1571 486 αἰσθάνεσθαι
1604 456 1672 492 μετὰ
1700 457 1750 489 την
1784 455 1892 493 γέννησιν,

223 508 291 535 ante
317 503 477 535 Dominum
496 513 543 534 me
561 504 647 544 paulo
673 507 739 543 post
763 503 917 533 derelicto.
936 502 983 534 Sci

1129 504 1267 544 ›οπορεύσῃ
1290 502 1329 542 δὲ,
1347 503 1438 542 φησὶν,
1468 502 1614 540 ἔμπροσθεν
1636 504 1683 529 τοῦ
1706 500 1806 539 Κυρίου,
1828 510 1892 526 κατα-

224 548 303 579 enim
330 548 486 580 Zacharias
514 548 593 588 quod
612 558 671 578 non
688 548 780 578 multo
808 552 872 588 post
897 548 987 588 priva:

1131 550 1180 577 τὼν
1210 548 1258 586 εμὲ
1301 548 1363 577 ὅσον
1397 548 1483 576 οὔπω.
1521 547 1667 585 Ἐγίνωσκε
1709 546 1759 584 γὰρ
1787 545 1894 584 Ζαχαρίας

223 597 301 624 esset
316 593 485 634 eo,quando
502 592 647 632 fugiturus
663 598 726 623 erat
740 592 770 623 in
789 592 986 628 desertum.Qi

1128 605 1135 621 l.
1160 594 1350 632 στερηθήσεται
1390 591 1449 630 μετ’
1489 591 1578 631 ὀλίγον
1601 592 1692 628 αὐτοῦ,
1715 592 1752 622 εἷς
1777 590 1822 620 τὰς
1847 588 1890 627 ἐρή-

223 643 323 669 autem
340 638 474 678 praeibis?
488 637 526 669 Ut
543 642 686 678 parentur
710 638 763 668 via:
780 637 908 668 Domini.
924 637 986 668 Via:

1132 649 1160 670 υς
1191 637 1337 676 μέλλοντος
1365 644 1470 678 φυγεῖν.
1496 638 1570 664 Διατί
1591 635 1618 664 δὲ
1649 635 1835 678 προπορεύοῃνς
1860 635 1894 660 Διὶ

221 688 280 714 tem
299 677 366 714 sunt
381 682 491 713 animae
506 677 658 723 inquibus
682 682 794 712 incedit
810 682 963 719 Dominus,
979 692 984 711 t

1153 682 1292 720 ’ἑτοιμάσαι
1329 677 1377 715 τὰς
1415 681 1489 714 ὁδοὺς
1518 680 1565 709 τοῦ
1602 681 1696 720 Κυρίου
1713 689 1721 696 ’
1750 679 1801 707 ὁδοὶ
1820 677 1854 715 δὲ,
1878 680 1895 705 αἱ

223 728 580 768 praeparavitPraacursor
593 731 624 757 ut
635 727 665 757 in
677 727 720 757 eis
730 727 898 757 ambularet
907 726 986 758 Chrli

1132 728 1181 767 χαὶ
1209 727 1249 767 ἐφ’
1265 729 1302 755 ὦν
1326 726 1410 755 ὁδεύει
1434 728 1448 754 ὁ
1472 727 1565 766 Κύριος
1582 735 1588 741 '
1612 726 1658 757 τὰς
1674 726 1718 753 οὖν
1741 724 1825 764 ψυχὰς
1837 723 1893 756 ἡτοί-

221 772 374 809 Quomodo
385 776 483 802 autem
497 771 565 802 illas
578 771 773 812 prmparavit‘?
783 771 884 802 Dando
900 771 982 802 scien

1131 783 1179 800 cev
1207 773 1221 800 ὁ
1251 770 1415 811 Πρόδρομος,
1443 770 1490 798 ἵνα
1518 770 1546 798 ἐν
1585 770 1679 802 αὖτατς
1708 769 1894 808 περιπατήσῃὺ

223 817 325 847 salutis
339 816 549 856 populo.Salus
562 815 683 856 quidem
698 815 916 847 eratDominus
926 816 986 845 284

1131 816 1221 849 ιιστός.
1258 816 1319 848 Πῶς
1347 815 1374 843 δὲ
1413 815 1511 847 ταύτας
1538 814 1697 852 ἧτθίμασες
1730 814 1795 844 Aab:
1819 815 1894 852 γνῶσιν

222 861 360 892 sus.Data
372 864 416 891 est
429 860 518 900 igitur
526 860 650 891 scientia
662 860 775 895 salutis.
790 861 846 891 hoc
863 864 918 900 est,
932 860 985 892 Chr

1131 862 1227 901 ντηρίας
1256 864 1296 898 τῷ
1323 860 1381 897 λαῷ
1398 871 1406 879 ·
1437 860 1555 899 σωτηρία
1578 859 1627 897 μὲν
1649 858 1693 887 οὖν
1710 860 1725 886 ὁ
1750 858 1839 896 Κύριος
1851 857 1894 889 ’1η-

222 905 330 950 populo
355 915 372 936 a
386 906 509 937 Joanne.
535 905 667 936 Joannes
683 905 762 935 enim
781 905 985 936 testiﬁcabatut

1131 909 1155 938 ὗς
1174 914 1181 920 ·
1212 904 1289 939 ἐδόθη
1311 904 1338 933 δὲ
1368 906 1385 939 ἡ
1415 907 1513 942 γνῶσις
1541 906 1591 937 τῆς
1618 903 1767 943 σωτηρίας,
1788 901 1894 936 τουτέστι,

221 950 303 982 Jesu.
319 949 450 981 Scientia
465 955 564 980 autem
581 955 646 981 erat
662 950 692 980 in
706 950 885 980 remissione
905 959 984 990 pecc:

1133 966 1135 976 ι
1166 951 1291 989 Χριστοῦ,
1330 953 1368 987 τῷ
1397 949 1455 986 λαῷ
1485 949 1556 989 παρὰ
1584 952 1631 977 τοῦ
1661 948 1808 976 Ἰωάννου·
1832 946 1896 984 ὁγὰρ

220 1004 299 1026 rum.
309 995 374 1026 Non
387 994 466 1024 enim
482 994 568 1024 aliter
577 994 716 1035 Christus
728 994 845 1034 agnitus
862 994 967 1025 fuisset
981 1008 983 1021 ι

1132 995 1215 1028 άννης
1240 995 1380 1034 ἐμαρτύρει
1410 995 1468 1034 περὶ
1497 998 1543 1022 τοῦ
1569 994 1658 1027 ἰησοῦ
1676 1001 1682 1007 ·
1714 994 1732 1026 ἦ
1761 991 1788 1020 δὲ
1808 995 1895 1031 γνῶσις,

221 1038 373 1077 Deus,nisi
383 1039 545 1069 remisisset
562 1043 683 1079 peccata
701 1039 821 1079 populo.
839 1039 891 1069 Dei
908 1039 984 1069 enim

1145 1040 1236 1080 ἀφέσει
1273 1040 1410 1078 ἁμαρτιῶν
1440 1038 1558 1078 ἐγένετο,
1589 1039 1643 1067 Οὖκ
1680 1037 1712 1065 ἂν
1755 1038 1803 1076 γὰρ
1828 1035 1895 1066 ἄλλως

219 1084 372 1115 remittere
389 1087 521 1124 peccata.
539 1083 668 1115 Remisit
682 1088 780 1114 autem
799 1083 884 1114 nobis
901 1083 1043 1124 istn,pro-

219 1133 285 1169 pter
311 1128 424 1159 viscera
454 1127 679 1159 misericordiae.
715 1129 779 1160 Non
805 1130 885 1159 enim
922 1132 1046 1169 propter

218 1183 309 1215 opera
328 1177 437 1210 nostra,
456 1173 529 1203 nihil
556 1173 636 1204 enim
667 1173 792 1204 fecimus
810 1173 880 1204 boni
899 1182 905 1204 :
925 1173 977 1204 sed
994 1173 1044 1204 ille

218 1218 343 1249 visitavit
359 1227 412 1248 nos
425 1227 459 1248 ex
471 1217 540 1255 alto,
558 1217 608 1257 qui
635 1218 736 1249 oriens
762 1218 883 1249 dicitur.
897 1218 947 1248 Sol
964 1218 1042 1248 enim

215 1264 338 1304 iustitiae
354 1268 408 1301 est,
426 1267 455 1293 et
469 1263 566 1294 illuxit
594 1263 679 1293 nobis
705 1263 754 1303 qui
770 1263 800 1293 in
817 1263 948 1294 tenebris
975 1272 1043 1293 era—

219 1317 297 1345 mus,
328 1307 383 1338 hoc
413 1311 469 1344 est,
499 1311 528 1338 et
557 1307 733 1348 ignorantia,
749 1312 777 1338 et
803 1307 909 1338 umbra
927 1309 1042 1347 mortis,

220 1353 276 1383 hoc
288 1355 344 1388 est,
360 1350 500 1390 peccatis,
517 1351 735 1382 sedentes.Duo
748 1351 827 1381 enim
843 1351 920 1382 mala
935 1351 1044 1382 huma-

220 1406 288 1427 num
317 1404 409 1434 genus
438 1395 613 1426 invaserunt
636 1405 643 1425 :
672 1395 838 1434 ignorantia
865 1395 930 1434 Dei,
956 1405 1044 1436 quam

219 1439 368 1471 habebant
381 1439 528 1479 gentiles:
554 1444 582 1470 et
597 1444 765 1479 peccatum,
789 1440 866 1480 quod
897 1439 1046 1471 habebant

219 1484 350 1524 Hebraei,
362 1483 433 1514 licet
450 1483 543 1514 Deum
557 1485 931 1525 cognoscerent.Apparuit
946 1485 1046 1524 itaque

216 1529 355 1560 humanae
371 1532 493 1565 naturae,
511 1530 545 1559 ut
560 1532 588 1559 et
601 1538 651 1559 eos
668 1528 718 1569 qui
732 1529 761 1559 in
774 1529 978 1570 tenebris,hoc
989 1534 1045 1570 est,

1088 1085 1242 1124 ἐπεγνώσθη
1273 1086 1338 1116 Θεὸς
1375 1085 1446 1112 εἶναι
1469 1085 1483 1112 ὁ
1514 1084 1621 1123 Κύριος,
1652 1082 1736 1119 εἰμὴ
1764 1081 1843 1121 ἀφῆκε
1860 1081 1895 1110 τὰς

1087 1130 1215 1168 ἁμαρτίας
1245 1132 1283 1166 τῷ
1305 1129 1385 1166 λαῷ·
1422 1132 1487 1156 Θεοῦ
1517 1128 1567 1168 γὰρ
1588 1128 1619 1155 τὸ
1648 1127 1754 1167 ἀφιέναι
1776 1126 1892 1164 ἁμαρτίας.

1087 1175 1189 1214 Ἀφῆκε
1219 1173 1245 1202 δὲ
1271 1174 1337 1212 ἡμῖν
1358 1174 1466 1211 ταύτας,
1497 1172 1539 1201 διὰ
1568 1171 1714 1212 σπλάγχνα
1744 1171 1848 1203 ὲλεους·
1873 1171 1893 1197 ολ

1086 1220 1136 1258 γὰρ
1161 1218 1204 1247 διὰ
1218 1220 1250 1247 τὰ
1265 1219 1330 1259 ἔργα
1345 1219 1422 1256 ἡμῶν
1442 1227 1449 1234 '
1475 1219 1505 1247 οὔ
1531 1218 1581 1257 γὰρ
1603 1216 1769 1254 ἐποιήσαμεν
1794 1227 1817 1244 τι
1842 1215 1893 1253 ἀγα-

1085 1265 1130 1292 θόν
1146 1274 1153 1281 ·
1198 1263 1258 1292 ἀλλ’
1301 1263 1404 1295 ἐκεῖνος
1448 1263 1615 1301 ἓπεσκέψατο
1653 1262 1728 1300 ἡμᾶς
1766 1260 1791 1293 ἐξ
1817 1260 1892 1298 ὕψους,

1087 1308 1204 1342 ἅνατολὴ
1226 1307 1373 1348 λεγόμενος
1390 1319 1398 1326 ⁸
1416 1304 1520 1341 "Hunc
1535 1308 1584 1346 γὰρ
1599 1306 1770 1340 δικαιοσύνης
1785 1305 1845 1336 ἔστί,
1859 1305 1894 1333 Καὶ

1087 1353 1216 1393 ἐπέφανεν
1243 1354 1321 1391 ἡμῖν,
1347 1360 1406 1385 τοῖς
1428 1352 1455 1381 ἒν
1490 1353 1593 1392 σκότει,
1613 1350 1748 1391 τουτέστι,
1771 1354 1803 1389 τῇ
1822 1350 1894 1388 ἄγνω-

1087 1399 1150 1434 σίᾳ·
1181 1399 1226 1427 καὶ
1254 1401 1289 1437 τῇ
1316 1401 1378 1434 σκιᾷ
1404 1401 1451 1426 τοῦ
1478 1397 1602 1436 θανάτου,
1632 1399 1667 1434 τῇ
1690 1395 1817 1434 ἁμαρτίᾳ,
1844 1396 1894 1422 καθ-

1087 1443 1198 1480 ημένοις
1216 1452 1225 1462 '
1256 1442 1300 1471 δύο
1328 1444 1378 1482 γὰρ
1407 1443 1476 1471 κακὰ
1495 1442 1598 1481 ἐκράτει
1626 1442 1676 1475 τῆς
1698 1444 1758 1482 Δ’τῶν
1771 1440 1896 1480 ἀνθρώπων

1087 1488 1189 1528 φύσεως
1207 1495 1213 1503 '
1242 1480 1369 1527 eqvum-la-
1385 1487 1504 1528 Θεοῦνῆν
1533 1486 1615 1526 εἶχον
1636 1487 1660 1514 οἱ
1683 1480 1822 1518 ’Έλληνες
1836 1492 1842 1498 ·
1865 1484 1896 1511 καὶ

1087 1533 1213 1572 ἁμαρτία,
1237 1533 1271 1567 ἢν
1296 1533 1379 1572 εἶχον
1405 1533 1428 1560 οἱ
1459 1527 1591 1570 Ἑϐραῖοι,
1621 1530 1643 1558 εἱ
1670 1530 1715 1558 καὶ
1744 1531 1808 1558 Θεὸν
1821 1529 1895 1567 ἰαιγὶ-

223 1573 276 1605 Dei
291 1573 466 1613 ignorantia,
480 1576 509 1603 et
524 1573 630 1603 umbra
641 1573 756 1611 mortis,
770 1574 826 1604 hoc
841 1578 897 1611 est,
912 1584 983 1615 pecc

1131 1589 1201 1609 τκον,
1229 1577 1375 1616 Ἐπέφανεν
1416 1577 1460 1605 οὖν
1501 1579 1536 1614 τῇ
1573 1575 1726 1615 ἀνθρωπίνῃ
1756 1575 1836 1614 φύσει,
1859 1573 1894 1601 ἵνα

218 1622 263 1649 est
275 1619 354 1649 enim
371 1621 524 1657 peccatum
541 1617 647 1648 umbra
663 1619 777 1656 mortis,
794 1623 878 1649 erant
894 1619 1044 1660 sedentes,

1088 1623 1131 1650 καὶ
1159 1623 1219 1654 τοὺς
1251 1622 1278 1650 ἐν
1306 1625 1346 1659 τῷ
1374 1622 1476 1658 σκότει,
1501 1620 1633 1660 τουτέστι,
1670 1622 1705 1658 τῇ
1735 1619 1847 1658 ἀγνωσία
1861 1623 1895 1649 καὶ

219 1664 394 1694 illustraret.
412 1661 481 1692 ideo
495 1667 593 1692 autem
610 1661 745 1707 umbram
762 1664 867 1694 mortis
878 1664 979 1703 diciop

1130 1669 1176 1707 ηἳᾳ,
1199 1667 1243 1695 καὶ
1258 1667 1318 1698 τοὺς
1334 1667 1361 1695 ἰν
1375 1669 1410 1705 τῇ
1423 1669 1487 1702 σκιᾷ
1510 1669 1557 1693 τοῦ
1577 1665 1701 1704 θανᾶτου,
1726 1667 1763 1703 τῇ
1785 1664 1893 1703 ἁμαρτίᾳ,

223 1711 386 1748 peccatum,
404 1706 481 1746 quod
496 1707 571 1737 sicut
587 1706 695 1738 umbra
709 1707 844 1748 sequitur
868 1717 986 1748 corpus,

1132 1706 1249 1749 inplévou;
1285 1712 1388 1751 φωτίσῃ
1403 1719 1410 1726 “
1441 1712 1458 1745 ἦ
1482 1709 1509 1738 δὲ
1539 1709 1654 1750 ἆμαρτία
1677 1710 1744 1738 σκιὰ
1764 1712 1810 1738 τοῦ
1835 1709 1895 1737 θανα-

217 1753 265 1783 ubi
285 1761 375 1789 mors,
393 1751 455 1781 illic
480 1756 509 1782 et
537 1756 701 1791 peccatum.
729 1752 814 1785 Unde
830 1753 898 1793 quia
912 1762 977 1784 mor

1160 1755 1215 1784 ἐστὶ
1230 1756 1298 1785 κατὰ
1312 1759 1417 1793 τοῦτον,
1449 1756 1486 1787 ὡς
1516 1754 1608 1792 οἶμαι,
1625 1754 1671 1782 τὸν
1687 1752 1771 1794 λόγον
1786 1761 1795 1769 ·
1823 1753 1895 1791 ὥσπερ

228 1802 271 1829 est
285 1797 628 1834 Adam,consentaneum
647 1797 688 1827 ibi
704 1797 793 1828 etiam
810 1806 877 1828 esse
888 1801 989 1837 peccat

1132 1800 1186 1829 τκιὰ
1213 1803 1252 1837 τῷ
1281 1801 1385 1838 σώματι
1414 1799 1518 1837 ἕπεται,
1542 1799 1613 1828 οὕτω
1635 1799 1682 1826 καὶ
1705 1798 1767 1827 ἔνθα
1791 1799 1895 1835 θάνατος,

216 1842 252 1874 Et
268 1850 364 1883 neque
380 1840 488 1872 Christi
505 1845 631 1871 mortem
658 1841 723 1872 sine
749 1845 870 1882 peccato
896 1842 979 1873 inven

1133 1852 1143 1874 ϊ
1176 1846 1220 1873 καὶ
1250 1845 1377 1885 ἁμαρτία.
1402 1845 1482 1883 Οἶον,
1512 1843 1642 1872 ἀπέθανεν
1671 1844 1685 1871 δ
1721 1841 1819 1883 Ἀδὰμ,
1851 1841 1896 1870 ἐκεῖ

216 1889 348 1919 Mortuus
377 1890 422 1916 est
448 1885 527 1916 enim
543 1884 689 1926 Christus,
707 1886 759 1917 sed
786 1890 908 1926 propter
922 1896 975 1927 pec

1133 1891 1178 1918 κτὸν
1199 1891 1243 1918 καὶ
1271 1884 1385 1929 ἁμαρτία
1399 1899 1406 1907 ’
1423 1890 1467 1918 καὶ
1482 1887 1540 1918 οὒδέ
1561 1889 1607 1917 τὸν
1622 1891 1670 1916 τοῦ
1695 1891 1809 1928 Χριστοῦ
1828 1889 1896 1916 θάνα-

217 1930 367 1964 nostra.Et
382 1931 422 1961 ita
438 1931 541 1960 merito
559 1936 714 1970 peccatum
732 1930 840 1961 dicitur
856 1940 921 1961 esse
936 1941 980 1961 utr

1150 1936 1269 1974 εὑρήσεις
1299 1936 1384 1976 χωρὶς
1405 1934 1534 1975 ἁμαρτίας
1553 1943 1560 1952 ¹
1594 1933 1708 1962 ἀπέθανε
1738 1934 1788 1973 γὰρ
1809 1934 1823 1961 'o
1842 1936 1895 1971 Χρι-

220 1977 335 2014 mortis,
351 1975 421 2015 quia
447 1983 565 2014 semper
593 1975 752 2006 comitatur
780 1976 873 2016 ipsam
903 1985 978 2006 mort

1132 1991 1159 2017 ης,
1187 1979 1256 2007 ἀλλὰ
1276 1979 1318 2008 διὰ
1346 1980 1393 2012 τὰς
1420 1978 1486 2018 ἐμὰς
1523 1978 1653 2018 ἁμαρτίας
1671 1987 1679 1995 ·
1702 1977 1772 2006 ὥστε
1802 1977 1895 2007 εἰκότως

217 2024 342 2054 Possenl
354 2025 382 2050 et
394 2020 452 2050 alia
465 2020 501 2050 ad
517 2019 573 2049 hoc
589 2019 659 2057 dici,
678 2023 705 2050 et
720 2020 827 2060 opinor
837 2020 947 2050 dictum
963 2029 979 2050 a

1133 2034 1192 2052 ¹εται
1215 2025 1276 2052 σκιὰ
1305 2024 1376 2052 εἶναι
1405 2027 1452 2052 τοῦ
1480 2022 1592 2051 θανάτου
1617 2023 1634 2056 ἡ
1659 2022 1787 2062 ἁμαρτία,
1809 2023 1844 2054 ὡς
1865 2021 1896 2048 ἀεὶ

219 2067 265 2098 bis
280 2067 309 2098 in
325 2065 472 2096 Matthaeo.
490 2065 566 2095 Num
582 2064 672 2103 igitur
687 2065 795 2106 sufﬁcit
809 2066 904 2095 solum
930 2064 981 2095 illu

1133 2068 1262 2107 δεπομένη
1291 2069 1362 2105 αὗτῷ
1377 2076 1385 2085 ”
1416 2069 1460 2096 καὶ
1487 2067 1557 2096 ἄλλα
1593 2066 1621 2095 δέ
1663 2066 1734 2095 ἔστιν
1761 2068 1843 2095 εἰπεῖν
1867 2065 1896 2096 εἷς

219 2124 250 2145 se
266 2110 486 2144 obtenebratis‘!
504 2110 630 2141 Minime
646 2122 653 2142 ;
671 2111 723 2141 sed
749 2111 836 2143 etiam
867 2120 940 2152 opus
956 2120 982 2142 es

1132 2121 1174 2142 το·
1191 2114 1235 2142 καὶ
1251 2114 1341 2152 οἶμαι,
1365 2113 1479 2151 εἴπομεν
1502 2113 1677 2153 ἐξηγούμενοι
1692 2113 1738 2140 τὸν
1761 2113 1895 2140 Ila-rectm.

217 2158 384 2198 dirigantur
412 2155 503 2195 pedes
532 2155 626 2186 nostri
649 2155 679 2186 in
707 2155 781 2186 viam
798 2156 890 2197 pacis,
906 2156 965 2187 hoc

1135 2170 1150 2186 α
1171 2157 1199 2186 δὲ
1215 2158 1292 2198 ἆρκετ
1306 2159 1337 2186 τὸ
1351 2159 1477 2198 ὶπιφᾶναι
1492 2158 1574 2196 μόνον
1602 2164 1662 2190 τοῖς
1685 2156 1876 2196 ἒσκοτισμένοις
1890 2164 1896 2192 ;

215 2203 347 2243 ,ῇυειίῑίεὲ-
367 2200 451 2232 Sicut
460 2200 540 2230 enim
554 2203 704 2240 peccatum
719 2200 883 2231 inimicitia
895 2205 978 2232 sunt:

1133 2204 1154 2243 (ί
1171 2212 1179 2221 ”
1202 2203 1270 2232 ἀλλὰ
1298 2202 1340 2232 δεῖ
1361 2203 1406 2231 καὶ
1426 2204 1581 2232 κατευθῦναι
1607 2203 1668 2234 τοὺς
1683 2201 1767 2234 πόδας
1781 2203 1854 2240 ἡμῶν
1867 2201 1896 2230 εἰς

215 2239 290 2286 Deo,
305 2248 342 2278 ita
357 2245 480 2286 justitia,
491 2239 615 2285 paxIVia
631 2245 719 2285 igitur
735 2246 816 2286 pacis
831 2246 888 2276 vita
904 2246 978 2286 estjt

1134 2239 1144 2276 ὖ
1183 2249 1303 2287 εἰρήνης,
1342 2247 1475 2286 τουτέστι,
1511 2248 1561 2282 τῆς
1598 2245 1768 2281 δικαιοσύνης
1785 2239 1806 2265 ’ν
1821 2246 1897 2284 ὥσπερ

217 2292 314 2330 tiae,ad
332 2300 420 2332 quam
433 2289 542 2320 direxit
565 2289 730 2321 animarum
750 2295 916 2321 nostrarum
939 2299 980 2331 pet

1131 2293 1165 2327 ιὴ
1186 2292 1312 2332 ἁμαρτία,
1341 2292 1423 2333 ἔχθρα
1449 2293 1486 2326 εἷς
1509 2293 1587 2330 Θεὸν,
1612 2291 1696 2325 οὕτως
1709 2293 1729 2326 ἡ
1743 2291 1894 2327 δικαιοσύνη,

216 2338 265 2379 qui
281 2347 316 2369 ex
343 2344 460 2367 summo
476 2339 559 2365 ortus
574 2339 617 2364 est
633 2334 778 2366 Christus.
805 2337 950 2366 Caeterum
969 2345 979 2375 ι

1131 2339 1189 2373 ίνη.
1220 2333 1296 2370 Ὀδὸς
1325 2339 1370 2366 οὖν
1399 2338 1519 2377 εἰρήνης,
1550 2337 1567 2371 ἡ
1594 2339 1644 2370 τῆς
1671 2336 1894 2370 δικαιοσύνηςπο-

215 2381 368 2414 crescebat
380 2381 465 2420 juxta
480 2383 619 2410 staturam
636 2380 834 2420 corporalem,
846 2384 875 2411 et
896 2379 1040 2411 corrobo-

214 2428 334 2458 rabatur
348 2425 471 2466 Spiritu.
490 2423 561 2455 Cum
578 2433 704 2465 corpore
721 2425 809 2455 simul
835 2425 988 2456 crescebat
1009 2429 1036 2455 et

214 2470 367 2512 spirituale
410 2468 534 2499 donum.
562 2468 599 2500 Et
626 2473 735 2509 quanto
764 2470 857 2508 magis
885 2468 1038 2500 crescebat

215 2525 299 2556 pner,
318 2519 397 2546 tanto
421 2513 516 2553 magis
542 2515 573 2543 et
599 2513 737 2544 efﬁcacia:
753 2512 881 2554 Spiritus
895 2514 925 2544 in
940 2513 989 2544 illo
1005 2523 1036 2544 se

213 2560 420 2597 ostendebant,
452 2567 562 2597 organo
587 2557 702 2588 illarum
731 2567 839 2598 capace
864 2558 1033 2590 exsistente.

212 2606 310 2643 Quare
325 2609 423 2636 autem
439 2607 502 2634 erat
523 2603 552 2633 in
570 2602 712 2634 desertis?
734 2602 771 2635 Ut
785 2613 823 2634 ne
839 2603 1036 2635 multitudinis

213 2651 331 2682 malitiae
346 2650 494 2691 particeps
509 2648 605 2688 ﬁeret,
619 2652 648 2679 et
665 2652 697 2679 ut
712 2648 863 2679 neminem
888 2649 1034 2680 reveritus

1081 2381 1178 2419 λιτεία,
1195 2383 1263 2413 παὸς
1287 2382 1321 2416 ἢν
1342 2382 1482 2411 κατεύθυνε
1510 2382 1572 2414 τοὺς
1592 2380 1676 2413 πόδας
1701 2384 1755 2410 τῶν
1770 2380 1895 2419 ἡμετέρων

1082 2429 1188 2467 ψυχῶν,
1206 2428 1219 2455 ὁ
1235 2427 1261 2460 ἐξ
1287 2426 1369 2464 ὕψους
1397 2426 1537 2459 ἀνατείλας
1552 2426 1666 2466 Χριστός
1683 2434 1691 2442 ·
1708 2426 1803 2460 ηὔξανε
1825 2424 1851 2454 δὲ
1868 2424 1893 2452 τὸ

1078 2470 1182 2499 παιδίον
1210 2472 1278 2501 κατὰ
1319 2472 1369 2506 τὴν
1411 2471 1568 2510 σωματικὴν
1600 2470 1721 2509 ἠλικίαν,
1748 2471 1794 2500 καὶ
1820 2472 1892 2508 Expa-

1078 2520 1183 2545 ταιοῠτο
1206 2517 1339 2554 Πνεύματι
1357 2524 1365 2532 ·
1395 2519 1435 2554 τῷ
1469 2517 1519 2556 γὰρ
1548 2516 1652 2554 σώματι
1680 2515 1893 2554 συναυξανόμενον

1078 2559 1110 2593 ἧν
1140 2561 1184 2589 καὶ
1212 2562 1243 2589 τὸ
1271 2561 1451 2599 πνευματικὸν
1475 2561 1598 2602 χάρισμα
1615 2571 1622 2578 ·
1653 2561 1697 2589 καὶ
1720 2560 1775 2597 ὅσῳ
1801 2558 1893 2598 μᾶλλον

1080 2603 1172 2638 ηὔξετο
1201 2607 1215 2634 ὁ
1237 2613 1314 2644 παῖς,
1338 2606 1457 2643 τοσούτῳ
1476 2607 1522 2634 καὶ
1543 2606 1570 2634 αἱ
1586 2609 1632 2634 τοῦ
1654 2606 1805 2644 Πνεύματος
1826 2604 1893 2643 hip-

1077 2660 1146 2689 γειαι
1174 2649 1346 2679 διεδείκνυντο
1361 2658 1371 2669 ⁸
1401 2654 1448 2680 τοῦ
1476 2651 1588 2691 ὀργάνου
1625 2650 1771 2689 δυναμένου
1800 2655 1893 2690 χωρεῖν

208 2697 302 2728 libere
327 2693 573 2735 reprehenderet.
595 2693 668 2724 Nam
694 2693 718 2723 si
742 2692 844 2724 fuisset
859 2694 890 2724 in
907 2703 971 2724 mun

1127 2705 1181 2726 τας,
1216 2696 1266 2723 Διὰ
1293 2696 1318 2724 τί
1344 2694 1371 2723 δὲ
1402 2695 1435 2729 ἧν
1456 2695 1484 2724 ἒν
1506 2702 1568 2727 ταῖς
1595 2695 1732 2735 ἐρήμοις;
1763 2692 1823 2723 ’Ίνα
1849 2693 1890 2726 ἔξω

206 2740 340 2773 fortassis
351 2738 565 2771 consuetudine
580 2738 743 2769 amicorum
761 2742 789 2768 et
799 2738 940 2770 societate
950 2748 969 2769 ci

1146 2743 1200 2768 τῶν
1229 2740 1337 2769 πολλῶν
1359 2741 1451 2773 κακίας
1474 2739 1566 2780 διάγῃ,
1592 2741 1636 2769 καὶ
1658 2740 1704 2770 ἵνα
1731 2739 1829 2779 μηδένα
1851 2739 1886 2767 αἷ-

207 2788 346 2828 quinatus
361 2785 464 2815 fuisset
480 2793 486 2813 :
506 2783 558 2828 sed
576 2787 604 2813 et
620 2783 717 2814 utﬁde
732 2782 838 2822 dignus
853 2783 970 2828 haberet

1119 2794 1205 2823 ιενος,
1235 2785 1338 2826 ἐλέγχῃ
1373 2785 1440 2824 μετὰ
1465 2785 1614 2825 παρρησίας
1628 2795 1635 2802 ·
1669 2787 1691 2814 εἷ
1726 2786 1775 2826 γὰρ
1802 2785 1833 2818 ἦν
1861 2783 1882 2811 ἐν

204 2827 253 2874 qui
269 2831 442 2873 praedicaret
456 2827 618 2865 Christum,
631 2831 732 2867 utpote
754 2827 890 2865 eremita,
904 2827 967 2857 vitat

1137 2829 1244 2867 κόσμῳ,
1271 2831 1355 2871 τυχὸν
1384 2829 1416 2858 ἂν
1444 2829 1578 2868 ἕμολύνθη
1618 2830 1720 2869 φιλίαις
1747 2831 1790 2859 καὶ
1824 2840 1880 2858 συν-
