  <div class='ocr_page' id='page_1' title='image "/cluster/home/n/w/nwhite01/storage/ocr_20150623/123/njp.32101077773024/505.png"; bbox 0 0 1933 3084; ppageno 0'>
   <div class='ocr_carea' id='block_1_1' title="bbox 213 177 274 210">
    <p class='ocr_par' dir='ltr' id='par_1_1' title="bbox 213 177 274 210">
     <span class='ocr_line' id='line_1_1' title="bbox 213 177 274 210; baseline 0 0"><span class='ocrx_word' id='word_1_1' title='bbox 213 177 274 210; x_wconf 77' lang='lat'><strong>728</strong></span> 
     </span>
    </p>
   </div>
   <div class='ocr_carea' id='block_1_2' title="bbox 213 288 1039 329">
    <p class='ocr_par' dir='ltr' id='par_1_2' title="bbox 213 288 1039 329">
     <span class='ocr_line' id='line_1_2' title="bbox 213 288 1039 329; baseline 0 -9"><span class='ocrx_word' id='word_1_2' title='bbox 213 297 284 321; x_wconf 89' lang='lat' dir='ltr'><strong>ecce</strong></span> <span class='ocrx_word' id='word_1_3' title='bbox 303 289 382 320; x_wconf 90' lang='lat' dir='ltr'><strong>enirn</strong></span> <span class='ocrx_word' id='word_1_4' title='bbox 398 289 543 320; x_wconf 73' lang='lat' dir='ltr'><strong>annuntio</strong></span> <span class='ocrx_word' id='word_1_5' title='bbox 554 288 638 320; x_wconf 89' lang='lat' dir='ltr'><strong>vobis</strong></span> <span class='ocrx_word' id='word_1_6' title='bbox 650 288 791 329; x_wconf 72' lang='lat' dir='ltr'><strong>gaudium</strong></span> <span class='ocrx_word' id='word_1_7' title='bbox 803 289 873 319; x_wconf 67' lang='lat'><strong>286</strong></span> <span class='ocrx_word' id='word_1_8' title='bbox 888 298 1039 329; x_wconf 81' lang='lat' dir='ltr'><strong>magnum,</strong></span> 
     </span>
    </p>
   </div>
   <div class='ocr_carea' id='block_1_3' title="bbox 195 333 1041 374">
    <p class='ocr_par' dir='ltr' id='par_1_3' title="bbox 195 333 1041 374">
     <span class='ocr_line' id='line_1_3' title="bbox 195 333 1041 374; baseline 0.001 -11"><span class='ocrx_word' id='word_1_9' title='bbox 195 370 197 373; x_wconf 24' lang='grc' dir='ltr'><strong><em>τ</em></strong></span> <span class='ocrx_word' id='word_1_10' title='bbox 214 333 291 374; x_wconf 85' lang='lat' dir='ltr'><strong>quod</strong></span> <span class='ocrx_word' id='word_1_11' title='bbox 307 333 438 364; x_wconf 79' lang='lat' dir='ltr'><strong>futurum</strong></span> <span class='ocrx_word' id='word_1_12' title='bbox 455 337 501 364; x_wconf 89' lang='lat' dir='ltr'><strong>est</strong></span> <span class='ocrx_word' id='word_1_13' title='bbox 516 333 568 365; x_wconf 90' lang='lat' dir='ltr'><strong>toti</strong></span> <span class='ocrx_word' id='word_1_14' title='bbox 580 334 702 374; x_wconf 87' lang='lat' dir='ltr'><strong>populo,</strong></span> <span class='ocrx_word' id='word_1_15' title='bbox 718 333 787 374; x_wconf 82' lang='lat' dir='ltr'><strong>quia</strong></span> <span class='ocrx_word' id='word_1_16' title='bbox 801 338 886 365; x_wconf 88' lang='lat' dir='ltr'><strong>natus</strong></span> <span class='ocrx_word' id='word_1_17' title='bbox 904 339 947 365; x_wconf 89' lang='lat' dir='ltr'><strong>est</strong></span> <span class='ocrx_word' id='word_1_18' title='bbox 959 333 1041 365; x_wconf 86' lang='lat' dir='ltr'><strong>vobis</strong></span> 
     </span>
    </p>
   </div>
   <div class='ocr_carea' id='block_1_4' title="bbox 212 376 1040 419">
    <p class='ocr_par' dir='ltr' id='par_1_4' title="bbox 212 376 1040 419">
     <span class='ocr_line' id='line_1_4' title="bbox 212 376 1040 419; baseline 0.001 -11"><span class='ocrx_word' id='word_1_19' title='bbox 212 377 302 408; x_wconf 87' lang='lat' dir='ltr'><strong>hodie</strong></span> <span class='ocrx_word' id='word_1_20' title='bbox 315 376 466 414; x_wconf 86' lang='lat' dir='ltr'><strong>Servator,</strong></span> <span class='ocrx_word' id='word_1_21' title='bbox 483 378 534 418; x_wconf 87' lang='lat' dir='ltr'><strong>qui</strong></span> <span class='ocrx_word' id='word_1_22' title='bbox 549 383 595 410; x_wconf 90' lang='lat' dir='ltr'><strong>est</strong></span> <span class='ocrx_word' id='word_1_23' title='bbox 607 378 745 410; x_wconf 91' lang='lat' dir='ltr'><strong>Christus</strong></span> <span class='ocrx_word' id='word_1_24' title='bbox 756 378 912 419; x_wconf 89' lang='lat' dir='ltr'><strong>Dominus,</strong></span> <span class='ocrx_word' id='word_1_25' title='bbox 929 379 957 409; x_wconf 94' lang='lat' dir='ltr'><strong>in</strong></span> <span class='ocrx_word' id='word_1_26' title='bbox 970 378 1040 409; x_wconf 83' lang='lat' dir='ltr'><strong>civi-</strong></span> 
     </span>
    </p>
   </div>
   <div class='ocr_carea' id='block_1_5' title="bbox 212 421 1038 463">
    <p class='ocr_par' dir='ltr' id='par_1_5' title="bbox 212 421 1038 463">
     <span class='ocr_line' id='line_1_5' title="bbox 212 421 1038 463; baseline 0.001 -10"><span class='ocrx_word' id='word_1_27' title='bbox 212 425 273 454; x_wconf 83' lang='lat' dir='ltr'><strong>tate</strong></span> <span class='ocrx_word' id='word_1_28' title='bbox 285 421 388 454; x_wconf 87' lang='lat' dir='ltr'><strong>David.</strong></span> <span class='ocrx_word' id='word_1_29' title='bbox 402 423 439 454; x_wconf 87' lang='lat' dir='ltr'><strong>Et</strong></span> <span class='ocrx_word' id='word_1_30' title='bbox 454 423 509 454; x_wconf 87' lang='lat' dir='ltr'><strong>hoc</strong></span> <span class='ocrx_word' id='word_1_31' title='bbox 520 423 603 454; x_wconf 85' lang='lat' dir='ltr'><strong>vobis</strong></span> <span class='ocrx_word' id='word_1_32' title='bbox 616 423 733 463; x_wconf 91' lang='lat' dir='ltr'><strong>signum</strong></span> <span class='ocrx_word' id='word_1_33' title='bbox 748 433 756 455; x_wconf 91' lang='lat'>:</span> <span class='ocrx_word' id='word_1_34' title='bbox 768 422 927 455; x_wconf 86' lang='lat' dir='ltr'><strong>Invenietis</strong></span> <span class='ocrx_word' id='word_1_35' title='bbox 940 423 1038 454; x_wconf 81' lang='lat' dir='ltr'><strong>infan-</strong></span> 
     </span>
    </p>
   </div>
   <div class='ocr_carea' id='block_1_6' title="bbox 211 467 1039 508">
    <p class='ocr_par' dir='ltr' id='par_1_6' title="bbox 211 467 1039 508">
     <span class='ocr_line' id='line_1_6' title="bbox 211 467 1039 508; baseline 0 -10"><span class='ocrx_word' id='word_1_36' title='bbox 211 470 270 498; x_wconf 88' lang='lat' dir='ltr'><strong>tem</strong></span> <span class='ocrx_word' id='word_1_37' title='bbox 296 467 398 498; x_wconf 84' lang='lat' dir='ltr'><strong>fasciis</strong></span> <span class='ocrx_word' id='word_1_38' title='bbox 421 467 596 505; x_wconf 91' lang='lat' dir='ltr'><strong>involutum,</strong></span> <span class='ocrx_word' id='word_1_39' title='bbox 625 467 754 508; x_wconf 91' lang='lat' dir='ltr'><strong>positum</strong></span> <span class='ocrx_word' id='word_1_40' title='bbox 778 468 807 498; x_wconf 89' lang='lat' dir='ltr'><strong>in</strong></span> <span class='ocrx_word' id='word_1_41' title='bbox 834 467 970 508; x_wconf 59' lang='lat' dir='ltr'><strong>praisepi.</strong></span> <span class='ocrx_word' id='word_1_42' title='bbox 1004 470 1039 500; x_wconf 89' lang='lat' dir='ltr'><strong>Et</strong></span> 
     </span>
    </p>
   </div>
   <div class='ocr_carea' id='block_1_7' title="bbox 211 511 1041 552">
    <p class='ocr_par' dir='ltr' id='par_1_7' title="bbox 211 511 1041 552">
     <span class='ocr_line' id='line_1_7' title="bbox 211 511 1041 552; baseline 0.001 -10"><span class='ocrx_word' id='word_1_43' title='bbox 211 511 310 542; x_wconf 88' lang='lat' dir='ltr'><strong>subito</strong></span> <span class='ocrx_word' id='word_1_44' title='bbox 326 512 402 543; x_wconf 82' lang='lat' dir='ltr'><strong>facta</strong></span> <span class='ocrx_word' id='word_1_45' title='bbox 417 516 462 543; x_wconf 85' lang='lat' dir='ltr'><strong>est</strong></span> <span class='ocrx_word' id='word_1_46' title='bbox 478 522 546 543; x_wconf 86' lang='lat' dir='ltr'><strong>cum</strong></span> <span class='ocrx_word' id='word_1_47' title='bbox 561 512 668 552; x_wconf 80' lang='lat' dir='ltr'><strong>angelo</strong></span> <span class='ocrx_word' id='word_1_48' title='bbox 681 512 839 543; x_wconf 91' lang='lat' dir='ltr'><strong>multitudo</strong></span> <span class='ocrx_word' id='word_1_49' title='bbox 853 512 966 544; x_wconf 69' lang='lat' dir='ltr'><strong>militiae</strong></span> <span class='ocrx_word' id='word_1_50' title='bbox 975 521 1041 548; x_wconf 42' lang='lat' dir='ltr'><strong>cce:</strong></span> 
     </span>
    </p>
   </div>
   <div class='ocr_carea' id='block_1_8' title="bbox 213 555 1038 592">
    <p class='ocr_par' dir='ltr' id='par_1_8' title="bbox 213 555 1038 592">
     <span class='ocr_line' id='line_1_8' title="bbox 213 555 1038 592; baseline 0.001 -5"><span class='ocrx_word' id='word_1_51' title='bbox 213 555 299 587; x_wconf 84' lang='lat' dir='ltr'><strong>lestis</strong></span> <span class='ocrx_word' id='word_1_52' title='bbox 310 556 494 588; x_wconf 84' lang='lat' dir='ltr'><strong>laudantium</strong></span> <span class='ocrx_word' id='word_1_53' title='bbox 512 557 622 592; x_wconf 85' lang='lat' dir='ltr'><strong>Deum,</strong></span> <span class='ocrx_word' id='word_1_54' title='bbox 637 566 671 588; x_wconf 91' lang='lat' dir='ltr'><strong>ac</strong></span> <span class='ocrx_word' id='word_1_55' title='bbox 686 557 848 588; x_wconf 88' lang='lat' dir='ltr'><strong>dicentium</strong></span> <span class='ocrx_word' id='word_1_56' title='bbox 863 568 870 588; x_wconf 92' lang='lat'>:</span> <span class='ocrx_word' id='word_1_57' title='bbox 887 557 989 588; x_wconf 85' lang='lat' dir='ltr'><strong>Gloria</strong></span> <span class='ocrx_word' id='word_1_58' title='bbox 1009 557 1038 588; x_wconf 93' lang='lat' dir='ltr'><strong>in</strong></span> 
     </span>
    </p>
   </div>
   <div class='ocr_carea' id='block_1_9' title="bbox 211 600 1039 642">
    <p class='ocr_par' dir='ltr' id='par_1_9' title="bbox 211 600 1039 642">
     <span class='ocr_line' id='line_1_9' title="bbox 211 600 1039 642; baseline 0.002 -11"><span class='ocrx_word' id='word_1_59' title='bbox 211 600 365 632; x_wconf 83' lang='lat' dir='ltr'><strong>altissimis</strong></span> <span class='ocrx_word' id='word_1_60' title='bbox 376 601 451 640; x_wconf 81' lang='lat' dir='ltr'><strong>Deo,</strong></span> <span class='ocrx_word' id='word_1_61' title='bbox 468 606 496 632; x_wconf 92' lang='lat' dir='ltr'><strong>et</strong></span> <span class='ocrx_word' id='word_1_62' title='bbox 511 602 540 632; x_wconf 86' lang='lat' dir='ltr'><strong>in</strong></span> <span class='ocrx_word' id='word_1_63' title='bbox 559 606 638 633; x_wconf 88' lang='lat' dir='ltr'><strong>terra</strong></span> <span class='ocrx_word' id='word_1_64' title='bbox 654 611 719 642; x_wconf 81' lang='lat' dir='ltr'><strong>pax,</strong></span> <span class='ocrx_word' id='word_1_65' title='bbox 737 602 766 632; x_wconf 96' lang='lat' dir='ltr'><strong>in</strong></span> <span class='ocrx_word' id='word_1_66' title='bbox 778 602 947 633; x_wconf 87' lang='lat' dir='ltr'><strong>hominibus</strong></span> <span class='ocrx_word' id='word_1_67' title='bbox 962 601 1039 633; x_wconf 88' lang='lat' dir='ltr'><strong>bena</strong></span> 
     </span>
    </p>
   </div>
   <div class='ocr_carea' id='block_1_10' title="bbox 212 645 1039 684">
    <p class='ocr_par' dir='ltr' id='par_1_10' title="bbox 212 645 1039 684">
     <span class='ocr_line' id='line_1_10' title="bbox 212 645 1039 684; baseline 0.001 -8"><span class='ocrx_word' id='word_1_68' title='bbox 212 645 358 676; x_wconf 85' lang='lat' dir='ltr'><strong>voluntas.</strong></span> <span class='ocrx_word' id='word_1_69' title='bbox 370 657 383 676; x_wconf 75' lang='grc' dir='ltr'><strong>ι</strong></span> <span class='ocrx_word' id='word_1_70' title='bbox 403 648 541 678; x_wconf 86' lang='lat' dir='ltr'><strong>Pastores</strong></span> <span class='ocrx_word' id='word_1_71' title='bbox 557 650 643 677; x_wconf 91' lang='lat' dir='ltr'><strong>erant</strong></span> <span class='ocrx_word' id='word_1_72' title='bbox 657 646 846 684; x_wconf 86' lang='lat' dir='ltr'><strong>rusticantes,</strong></span> <span class='ocrx_word' id='word_1_73' title='bbox 864 647 920 677; x_wconf 87' lang='lat' dir='ltr'><strong>hoc</strong></span> <span class='ocrx_word' id='word_1_74' title='bbox 937 651 981 677; x_wconf 86' lang='lat' dir='ltr'><strong>est</strong></span> <span class='ocrx_word' id='word_1_75' title='bbox 993 646 1039 677; x_wconf 90' lang='lat' dir='ltr'><strong>vel</strong></span> 
     </span>
    </p>
   </div>
   <div class='ocr_carea' id='block_1_11' title="bbox 213 690 1039 731">
    <p class='ocr_par' dir='ltr' id='par_1_11' title="bbox 213 690 1039 731">
     <span class='ocr_line' id='line_1_11' title="bbox 213 690 1039 731; baseline 0.001 -10"><span class='ocrx_word' id='word_1_76' title='bbox 213 691 354 722; x_wconf 83' lang='lat' dir='ltr'><strong>rusticam</strong></span> <span class='ocrx_word' id='word_1_77' title='bbox 373 695 495 731; x_wconf 81' lang='lat' dir='ltr'><strong>agentes</strong></span> <span class='ocrx_word' id='word_1_78' title='bbox 510 691 610 729; x_wconf 87' lang='lat' dir='ltr'><strong>vitam,</strong></span> <span class='ocrx_word' id='word_1_79' title='bbox 627 691 670 722; x_wconf 86' lang='lat' dir='ltr'><strong>vel</strong></span> <span class='ocrx_word' id='word_1_80' title='bbox 683 690 713 721; x_wconf 90' lang='lat' dir='ltr'><strong>in</strong></span> <span class='ocrx_word' id='word_1_81' title='bbox 728 700 799 730; x_wconf 76' lang='lat' dir='ltr'><strong>agro</strong></span> <span class='ocrx_word' id='word_1_82' title='bbox 815 691 998 722; x_wconf 86' lang='lat' dir='ltr'><strong>stabulantes</strong></span> <span class='ocrx_word' id='word_1_83' title='bbox 1010 695 1039 722; x_wconf 91' lang='lat' dir='ltr'><strong>et</strong></span> 
     </span>
    </p>
   </div>
   <div class='ocr_carea' id='block_1_12' title="bbox 212 735 1039 776">
    <p class='ocr_par' dir='ltr' id='par_1_12' title="bbox 212 735 1039 776">
     <span class='ocr_line' id='line_1_12' title="bbox 212 735 1039 776; baseline 0.002 -12"><span class='ocrx_word' id='word_1_84' title='bbox 212 740 367 766; x_wconf 85' lang='lat' dir='ltr'><strong>versantes</strong></span> <span class='ocrx_word' id='word_1_85' title='bbox 384 745 391 767; x_wconf 91' lang='lat'>:</span> <span class='ocrx_word' id='word_1_86' title='bbox 413 735 522 776; x_wconf 88' lang='lat' dir='ltr'><strong>quibus</strong></span> <span class='ocrx_word' id='word_1_87' title='bbox 546 741 669 776; x_wconf 81' lang='lat' dir='ltr'><strong>apparet</strong></span> <span class='ocrx_word' id='word_1_88' title='bbox 682 736 817 775; x_wconf 80' lang='lat' dir='ltr'><strong>angelus.</strong></span> <span class='ocrx_word' id='word_1_89' title='bbox 835 740 955 776; x_wconf 93' lang='lat' dir='ltr'><strong>propter</strong></span> <span class='ocrx_word' id='word_1_90' title='bbox 970 736 1039 766; x_wconf 84' lang='lat' dir='ltr'><strong>sim-</strong></span> 
     </span>
    </p>
   </div>
   <div class='ocr_carea' id='block_1_13' title="bbox 213 778 1038 821">
    <p class='ocr_par' dir='ltr' id='par_1_13' title="bbox 213 778 1038 821">
     <span class='ocr_line' id='line_1_13' title="bbox 213 778 1038 821; baseline 0 -11"><span class='ocrx_word' id='word_1_91' title='bbox 213 778 372 819; x_wconf 85' lang='lat' dir='ltr'><strong>plicitatem</strong></span> <span class='ocrx_word' id='word_1_92' title='bbox 382 784 412 812; x_wconf 85' lang='lat' dir='ltr'><strong>et</strong></span> <span class='ocrx_word' id='word_1_93' title='bbox 423 780 624 811; x_wconf 86' lang='lat' dir='ltr'><strong>innocentiam</strong></span> <span class='ocrx_word' id='word_1_94' title='bbox 637 789 752 811; x_wconf 90' lang='lat' dir='ltr'><strong>morum</strong></span> <span class='ocrx_word' id='word_1_95' title='bbox 769 781 1038 821; x_wconf 86' lang='lat' dir='ltr'><strong>etquodjustorum</strong></span> 
     </span>
    </p>
   </div>
   <div class='ocr_carea' id='block_1_14' title="bbox 211 823 1038 865">
    <p class='ocr_par' dir='ltr' id='par_1_14' title="bbox 211 823 1038 865">
     <span class='ocr_line' id='line_1_14' title="bbox 211 823 1038 865; baseline 0.002 -12"><span class='ocrx_word' id='word_1_96' title='bbox 211 823 300 854; x_wconf 91' lang='lat' dir='ltr'><strong>vitam</strong></span> <span class='ocrx_word' id='word_1_97' title='bbox 315 824 425 855; x_wconf 81' lang='lat' dir='ltr'><strong>imitari</strong></span> <span class='ocrx_word' id='word_1_98' title='bbox 438 825 608 856; x_wconf 80' lang='lat' dir='ltr'><strong>videantur.</strong></span> <span class='ocrx_word' id='word_1_99' title='bbox 624 824 741 856; x_wconf 87' lang='lat' dir='ltr'><strong>Etenim</strong></span> <span class='ocrx_word' id='word_1_100' title='bbox 759 825 848 865; x_wconf 87' lang='lat' dir='ltr'><strong>prisci</strong></span> <span class='ocrx_word' id='word_1_101' title='bbox 862 825 1038 864; x_wconf 78' lang='lat' dir='ltr'><strong>patriarchae</strong></span> 
     </span>
    </p>
   </div>
   <div class='ocr_carea' id='block_1_15' title="bbox 214 869 1038 911">
    <p class='ocr_par' dir='ltr' id='par_1_15' title="bbox 214 869 1038 911">
     <span class='ocr_line' id='line_1_15' title="bbox 214 869 1038 911; baseline 0.002 -13"><span class='ocrx_word' id='word_1_102' title='bbox 214 871 345 908; x_wconf 85' lang='lat' dir='ltr'><strong>pastores</strong></span> <span class='ocrx_word' id='word_1_103' title='bbox 356 873 451 910; x_wconf 85' lang='lat' dir='ltr'><strong>erant,</strong></span> <span class='ocrx_word' id='word_1_104' title='bbox 468 874 500 900; x_wconf 94' lang='lat' dir='ltr'><strong>ut</strong></span> <span class='ocrx_word' id='word_1_105' title='bbox 517 869 608 901; x_wconf 84' lang='lat' dir='ltr'><strong>Jacob</strong></span> <span class='ocrx_word' id='word_1_106' title='bbox 623 869 665 910; x_wconf 73' lang='grc' dir='ltr'><strong>ίθ,</strong></span> <span class='ocrx_word' id='word_1_107' title='bbox 682 869 788 911; x_wconf 77' lang='lat' dir='ltr'><strong>Meses,</strong></span> <span class='ocrx_word' id='word_1_108' title='bbox 817 870 918 902; x_wconf 89' lang='lat' dir='ltr'><strong>David.</strong></span> <span class='ocrx_word' id='word_1_109' title='bbox 935 869 1038 911; x_wconf 88' lang='lat' dir='ltr'><strong>Neque</strong></span> 
     </span>
    </p>
   </div>
   <div class='ocr_carea' id='block_1_16' title="bbox 213 901 1068 955">
    <p class='ocr_par' dir='ltr' id='par_1_16' title="bbox 213 901 1068 955">
     <span class='ocr_line' id='line_1_16' title="bbox 213 901 1068 955; baseline 0.002 -12"><span class='ocrx_word' id='word_1_110' title='bbox 213 901 243 943; x_wconf 83' lang='lat' dir='ltr'><strong>in</strong></span> <span class='ocrx_word' id='word_1_111' title='bbox 258 912 421 945; x_wconf 84' lang='lat' dir='ltr'><strong>Jerusalem</strong></span> <span class='ocrx_word' id='word_1_112' title='bbox 438 901 574 955; x_wconf 72' lang='lat' dir='ltr'><strong>apparuit</strong></span> <span class='ocrx_word' id='word_1_113' title='bbox 596 901 754 946; x_wconf 62' lang='lat' dir='ltr'><strong>Pharismis</strong></span> <span class='ocrx_word' id='word_1_114' title='bbox 769 901 814 946; x_wconf 53' lang='lat' dir='ltr'><strong>v&#39;el</strong></span> <span class='ocrx_word' id='word_1_115' title='bbox 840 901 963 955; x_wconf 76' lang='lat' dir='ltr'><strong>Scribis,</strong></span> <span class='ocrx_word' id='word_1_116' title='bbox 986 901 1037 955; x_wconf 69' lang='lat' dir='ltr'><strong>qui</strong></span> <span class='ocrx_word' id='word_1_117' title='bbox 1049 901 1068 927; x_wconf 68' lang='grc'><strong><em>⁸</em></strong></span> 
     </span>
    </p>
   </div>
   <div class='ocr_carea' id='block_1_17' title="bbox 215 957 1037 1000">
    <p class='ocr_par' dir='ltr' id='par_1_17' title="bbox 215 957 1037 1000">
     <span class='ocr_line' id='line_1_17' title="bbox 215 957 1037 1000; baseline 0.002 -12"><span class='ocrx_word' id='word_1_118' title='bbox 215 957 312 989; x_wconf 85' lang='lat' dir='ltr'><strong>omnis</strong></span> <span class='ocrx_word' id='word_1_119' title='bbox 328 959 447 990; x_wconf 73' lang='lat' dir='ltr'><strong>malitiae</strong></span> <span class='ocrx_word' id='word_1_120' title='bbox 474 959 665 1000; x_wconf 89' lang='lat' dir='ltr'><strong>receptacula</strong></span> <span class='ocrx_word' id='word_1_121' title='bbox 682 963 777 990; x_wconf 85' lang='lat' dir='ltr'><strong>erant.</strong></span> <span class='ocrx_word' id='word_1_122' title='bbox 794 959 840 990; x_wconf 90' lang='lat' dir='ltr'><strong>Illi</strong></span> <span class='ocrx_word' id='word_1_123' title='bbox 854 964 951 990; x_wconf 88' lang='lat' dir='ltr'><strong>autem</strong></span> <span class='ocrx_word' id='word_1_124' title='bbox 970 969 1037 990; x_wconf 87' lang='lat' dir='ltr'><strong>cum</strong></span> 
     </span>
    </p>
   </div>
   <div class='ocr_carea' id='block_1_18' title="bbox 213 1002 1036 1045">
    <p class='ocr_par' dir='ltr' id='par_1_18' title="bbox 213 1002 1036 1045">
     <span class='ocr_line' id='line_1_18' title="bbox 213 1002 1036 1045; baseline 0.001 -12"><span class='ocrx_word' id='word_1_125' title='bbox 213 1002 365 1043; x_wconf 88' lang='lat' dir='ltr'><strong>simplices</strong></span> <span class='ocrx_word' id='word_1_126' title='bbox 382 1008 492 1041; x_wconf 89' lang='lat' dir='ltr'><strong>essent,</strong></span> <span class='ocrx_word' id='word_1_127' title='bbox 510 1004 617 1035; x_wconf 88' lang='lat' dir='ltr'><strong>divinis</strong></span> <span class='ocrx_word' id='word_1_128' title='bbox 633 1004 811 1044; x_wconf 85' lang='lat' dir='ltr'><strong>spectaculis</strong></span> <span class='ocrx_word' id='word_1_129' title='bbox 836 1003 918 1045; x_wconf 82' lang='lat' dir='ltr'><strong>potiti</strong></span> <span class='ocrx_word' id='word_1_130' title='bbox 945 1008 1013 1034; x_wconf 88' lang='lat' dir='ltr'><strong>sunt</strong></span> <span class='ocrx_word' id='word_1_131' title='bbox 1028 1014 1036 1034; x_wconf 73' lang='grc' dir='ltr'><em>τ</em></span> 
     </span>
    </p>
   </div>
   <div class='ocr_carea' id='block_1_19' title="bbox 215 1048 1037 1089">
    <p class='ocr_par' dir='ltr' id='par_1_19' title="bbox 215 1048 1037 1089">
     <span class='ocr_line' id='line_1_19' title="bbox 215 1048 1037 1089; baseline 0.001 -11"><span class='ocrx_word' id='word_1_132' title='bbox 215 1051 397 1079; x_wconf 84' lang='lat' dir='ltr'><strong>monstrante</strong></span> <span class='ocrx_word' id='word_1_133' title='bbox 413 1048 484 1086; x_wconf 86' lang='lat' dir='ltr'><strong>Deo,</strong></span> <span class='ocrx_word' id='word_1_134' title='bbox 499 1049 578 1089; x_wconf 87' lang='lat' dir='ltr'><strong>quod</strong></span> <span class='ocrx_word' id='word_1_135' title='bbox 596 1049 693 1079; x_wconf 90' lang='lat' dir='ltr'><strong>statim</strong></span> <span class='ocrx_word' id='word_1_136' title='bbox 709 1048 745 1079; x_wconf 88' lang='lat' dir='ltr'><strong>ab</strong></span> <span class='ocrx_word' id='word_1_137' title='bbox 769 1048 852 1080; x_wconf 91' lang='lat' dir='ltr'><strong>initio</strong></span> <span class='ocrx_word' id='word_1_138' title='bbox 870 1057 920 1079; x_wconf 91' lang='lat' dir='ltr'><strong>eos</strong></span> <span class='ocrx_word' id='word_1_139' title='bbox 936 1057 1037 1088; x_wconf 86' lang='lat' dir='ltr'><strong>agres-</strong></span> 
     </span>
    </p>
   </div>
   <div class='ocr_carea' id='block_1_20' title="bbox 214 1091 1037 1134">
    <p class='ocr_par' dir='ltr' id='par_1_20' title="bbox 214 1091 1037 1134">
     <span class='ocr_line' id='line_1_20' title="bbox 214 1091 1037 1134; baseline 0.002 -12"><span class='ocrx_word' id='word_1_140' title='bbox 214 1091 304 1123; x_wconf 88' lang='lat' dir='ltr'><strong>tiores</strong></span> <span class='ocrx_word' id='word_1_141' title='bbox 333 1102 393 1133; x_wconf 68' lang='lat' dir='ltr'><strong>prae</strong></span> <span class='ocrx_word' id='word_1_142' title='bbox 417 1093 483 1124; x_wconf 90' lang='lat' dir='ltr'><strong>aliis</strong></span> <span class='ocrx_word' id='word_1_143' title='bbox 512 1094 647 1133; x_wconf 80' lang='lat' dir='ltr'><strong>elegerit,</strong></span> <span class='ocrx_word' id='word_1_144' title='bbox 682 1103 892 1134; x_wconf 63' lang='lat' dir='ltr'><strong>prmeonesque</strong></span> <span class='ocrx_word' id='word_1_145' title='bbox 923 1093 1037 1124; x_wconf 77' lang='lat' dir='ltr'><strong>iecerit.</strong></span> 
     </span>
    </p>
   </div>
   <div class='ocr_carea' id='block_1_21' title="bbox 212 1136 1036 1179">
    <p class='ocr_par' dir='ltr' id='par_1_21' title="bbox 212 1136 1036 1179">
     <span class='ocr_line' id='line_1_21' title="bbox 212 1136 1036 1179; baseline 0.001 -12"><span class='ocrx_word' id='word_1_146' title='bbox 212 1136 358 1168; x_wconf 80' lang='lat' dir='ltr'><strong>Abierunt</strong></span> <span class='ocrx_word' id='word_1_147' title='bbox 372 1140 463 1176; x_wconf 90' lang='lat' dir='ltr'><strong>enim,</strong></span> <span class='ocrx_word' id='word_1_148' title='bbox 481 1144 509 1169; x_wconf 87' lang='lat' dir='ltr'><strong>et</strong></span> <span class='ocrx_word' id='word_1_149' title='bbox 533 1139 570 1170; x_wconf 90' lang='lat' dir='ltr'><strong>de</strong></span> <span class='ocrx_word' id='word_1_150' title='bbox 585 1137 726 1169; x_wconf 90' lang='lat' dir='ltr'><strong>omnibus</strong></span> <span class='ocrx_word' id='word_1_151' title='bbox 752 1138 810 1169; x_wconf 87' lang='lat' dir='ltr'><strong>illis</strong></span> <span class='ocrx_word' id='word_1_152' title='bbox 827 1138 1036 1179; x_wconf 73' lang='lat' dir='ltr'><strong>praedicarunt.</strong></span> 
     </span>
    </p>
   </div>
   <div class='ocr_carea' id='block_1_22' title="bbox 212 1180 1037 1223">
    <p class='ocr_par' dir='ltr' id='par_1_22' title="bbox 212 1180 1037 1223">
     <span class='ocr_line' id='line_1_22' title="bbox 212 1180 1037 1223; baseline 0.002 -12"><span class='ocrx_word' id='word_1_153' title='bbox 212 1180 342 1221; x_wconf 78' lang='lat' dir='ltr'><strong>Angelus</strong></span> <span class='ocrx_word' id='word_1_154' title='bbox 374 1191 443 1213; x_wconf 89' lang='lat' dir='ltr'><strong>vero</strong></span> <span class='ocrx_word' id='word_1_155' title='bbox 459 1192 598 1223; x_wconf 85' lang='lat' dir='ltr'><strong>magnum</strong></span> <span class='ocrx_word' id='word_1_156' title='bbox 630 1182 688 1213; x_wconf 90' lang='lat' dir='ltr'><strong>illis</strong></span> <span class='ocrx_word' id='word_1_157' title='bbox 713 1182 853 1222; x_wconf 78' lang='lat' dir='ltr'><strong>gaudium</strong></span> <span class='ocrx_word' id='word_1_158' title='bbox 887 1182 1037 1221; x_wconf 80' lang='lat' dir='ltr'><strong>evangeli-</strong></span> 
     </span>
    </p>
   </div>
   <div class='ocr_carea' id='block_1_23' title="bbox 212 1225 1038 1268">
    <p class='ocr_par' dir='ltr' id='par_1_23' title="bbox 212 1225 1038 1268">
     <span class='ocr_line' id='line_1_23' title="bbox 212 1225 1038 1268; baseline 0.002 -12"><span class='ocrx_word' id='word_1_159' title='bbox 212 1225 301 1264; x_wconf 82' lang='lat' dir='ltr'><strong>zavit,</strong></span> <span class='ocrx_word' id='word_1_160' title='bbox 317 1226 395 1267; x_wconf 89' lang='lat' dir='ltr'><strong>quod</strong></span> <span class='ocrx_word' id='word_1_161' title='bbox 412 1228 480 1268; x_wconf 82' lang='lat' dir='ltr'><strong>erit,</strong></span> <span class='ocrx_word' id='word_1_162' title='bbox 496 1227 603 1267; x_wconf 88' lang='lat' dir='ltr'><strong>inquit,</strong></span> <span class='ocrx_word' id='word_1_163' title='bbox 621 1227 703 1258; x_wconf 91' lang='lat' dir='ltr'><strong>omni</strong></span> <span class='ocrx_word' id='word_1_164' title='bbox 715 1227 835 1267; x_wconf 92' lang='lat' dir='ltr'><strong>populo,</strong></span> <span class='ocrx_word' id='word_1_165' title='bbox 855 1227 903 1267; x_wconf 89' lang='lat' dir='ltr'><strong>qui</strong></span> <span class='ocrx_word' id='word_1_166' title='bbox 919 1227 1038 1267; x_wconf 90' lang='lat' dir='ltr'><strong>proprie</strong></span> 
     </span>
    </p>
   </div>
   <div class='ocr_carea' id='block_1_24' title="bbox 214 1270 1035 1312">
    <p class='ocr_par' dir='ltr' id='par_1_24' title="bbox 214 1270 1035 1312">
     <span class='ocr_line' id='line_1_24' title="bbox 214 1270 1035 1312; baseline 0.002 -12"><span class='ocrx_word' id='word_1_167' title='bbox 214 1270 341 1311; x_wconf 88' lang='lat' dir='ltr'><strong>populus</strong></span> <span class='ocrx_word' id='word_1_168' title='bbox 357 1271 490 1303; x_wconf 88' lang='lat' dir='ltr'><strong>Dei.Non</strong></span> <span class='ocrx_word' id='word_1_169' title='bbox 507 1272 585 1303; x_wconf 91' lang='lat' dir='ltr'><strong>enim</strong></span> <span class='ocrx_word' id='word_1_170' title='bbox 601 1280 705 1302; x_wconf 90' lang='lat' dir='ltr'><strong>omnes</strong></span> <span class='ocrx_word' id='word_1_171' title='bbox 719 1271 813 1302; x_wconf 71' lang='lat' dir='ltr'><strong>Judmi</strong></span> <span class='ocrx_word' id='word_1_172' title='bbox 830 1271 955 1312; x_wconf 88' lang='lat' dir='ltr'><strong>populus</strong></span> <span class='ocrx_word' id='word_1_173' title='bbox 970 1271 1035 1303; x_wconf 90' lang='lat' dir='ltr'><strong>Dei.</strong></span> 
     </span>
    </p>
   </div>
   <div class='ocr_carea' id='block_1_25' title="bbox 211 1315 1038 1356">
    <p class='ocr_par' dir='ltr' id='par_1_25' title="bbox 211 1315 1038 1356">
     <span class='ocr_line' id='line_1_25' title="bbox 211 1315 1038 1356; baseline 0.002 -11"><span class='ocrx_word' id='word_1_174' title='bbox 211 1315 285 1345; x_wconf 86' lang='lat' dir='ltr'><strong>Nam</strong></span> <span class='ocrx_word' id='word_1_175' title='bbox 302 1319 331 1346; x_wconf 90' lang='lat' dir='ltr'><strong>et</strong></span> <span class='ocrx_word' id='word_1_176' title='bbox 345 1315 479 1346; x_wconf 90' lang='lat' dir='ltr'><strong>omnium</strong></span> <span class='ocrx_word' id='word_1_177' title='bbox 495 1316 647 1347; x_wconf 90' lang='lat' dir='ltr'><strong>hominum</strong></span> <span class='ocrx_word' id='word_1_178' title='bbox 676 1316 783 1356; x_wconf 88' lang='lat' dir='ltr'><strong>populo</strong></span> <span class='ocrx_word' id='word_1_179' title='bbox 810 1315 972 1347; x_wconf 88' lang='lat' dir='ltr'><strong>incarnatio</strong></span> <span class='ocrx_word' id='word_1_180' title='bbox 983 1316 1038 1347; x_wconf 89' lang='lat' dir='ltr'><strong>Dei</strong></span> 
     </span>
    </p>
   </div>
   <div class='ocr_carea' id='block_1_26' title="bbox 212 1359 1036 1401">
    <p class='ocr_par' dir='ltr' id='par_1_26' title="bbox 212 1359 1036 1401">
     <span class='ocr_line' id='line_1_26' title="bbox 212 1359 1036 1401; baseline 0.001 -10"><span class='ocrx_word' id='word_1_181' title='bbox 212 1359 288 1391; x_wconf 82' lang='lat' dir='ltr'><strong>facta</strong></span> <span class='ocrx_word' id='word_1_182' title='bbox 300 1365 345 1392; x_wconf 85' lang='lat' dir='ltr'><strong>est</strong></span> <span class='ocrx_word' id='word_1_183' title='bbox 360 1360 512 1400; x_wconf 78' lang='lat' dir='ltr'><strong>gaudium.</strong></span> <span class='ocrx_word' id='word_1_184' title='bbox 526 1360 601 1396; x_wconf 88' lang='lat' dir='ltr'><strong>Quid</strong></span> <span class='ocrx_word' id='word_1_185' title='bbox 616 1365 713 1391; x_wconf 89' lang='lat' dir='ltr'><strong>autem</strong></span> <span class='ocrx_word' id='word_1_186' title='bbox 728 1361 852 1401; x_wconf 76' lang='lat' dir='ltr'><strong>hymnus</strong></span> <span class='ocrx_word' id='word_1_187' title='bbox 864 1361 1036 1400; x_wconf 73' lang='lat' dir='ltr'><strong>angelorum</strong></span> 
     </span>
    </p>
   </div>
   <div class='ocr_carea' id='block_1_27' title="bbox 212 1404 1036 1446">
    <p class='ocr_par' dir='ltr' id='par_1_27' title="bbox 212 1404 1036 1446">
     <span class='ocr_line' id='line_1_27' title="bbox 212 1404 1036 1446; baseline 0.001 -11"><span class='ocrx_word' id='word_1_188' title='bbox 212 1404 359 1436; x_wconf 82' lang='lat' dir='ltr'><strong>declarat?</strong></span> <span class='ocrx_word' id='word_1_189' title='bbox 370 1404 425 1437; x_wconf 92' lang='lat' dir='ltr'><strong>Vel</strong></span> <span class='ocrx_word' id='word_1_190' title='bbox 440 1405 561 1436; x_wconf 92' lang='lat' dir='ltr'><strong>omnino</strong></span> <span class='ocrx_word' id='word_1_191' title='bbox 575 1405 735 1444; x_wconf 82' lang='lat' dir='ltr'><strong>gratiarum</strong></span> <span class='ocrx_word' id='word_1_192' title='bbox 757 1407 903 1436; x_wconf 86' lang='lat' dir='ltr'><strong>actionem</strong></span> <span class='ocrx_word' id='word_1_193' title='bbox 928 1415 1036 1446; x_wconf 86' lang='lat' dir='ltr'><strong>super-</strong></span> 
     </span>
    </p>
   </div>
   <div class='ocr_carea' id='block_1_28' title="bbox 212 1449 1038 1490">
    <p class='ocr_par' dir='ltr' id='par_1_28' title="bbox 212 1449 1038 1490">
     <span class='ocr_line' id='line_1_28' title="bbox 212 1449 1038 1490; baseline 0.004 -11"><span class='ocrx_word' id='word_1_194' title='bbox 212 1457 317 1479; x_wconf 87' lang='lat' dir='ltr'><strong>norum</strong></span> <span class='ocrx_word' id='word_1_195' title='bbox 335 1449 530 1484; x_wconf 81' lang='lat' dir='ltr'><strong>exercituum,</strong></span> <span class='ocrx_word' id='word_1_196' title='bbox 548 1454 577 1480; x_wconf 92' lang='lat' dir='ltr'><strong>et</strong></span> <span class='ocrx_word' id='word_1_197' title='bbox 592 1449 745 1489; x_wconf 77' lang='lat' dir='ltr'><strong>gaudium,</strong></span> <span class='ocrx_word' id='word_1_198' title='bbox 761 1459 795 1480; x_wconf 92' lang='lat' dir='ltr'><strong>eo</strong></span> <span class='ocrx_word' id='word_1_199' title='bbox 823 1449 901 1490; x_wconf 90' lang='lat' dir='ltr'><strong>quod</strong></span> <span class='ocrx_word' id='word_1_200' title='bbox 925 1450 1038 1482; x_wconf 81' lang='lat' dir='ltr'><strong>terreni</strong></span> 
     </span>
    </p>
   </div>
   <div class='ocr_carea' id='block_1_29' title="bbox 213 1492 1035 1534">
    <p class='ocr_par' dir='ltr' id='par_1_29' title="bbox 213 1492 1035 1534">
     <span class='ocr_line' id='line_1_29' title="bbox 213 1492 1035 1534; baseline 0.004 -11"><span class='ocrx_word' id='word_1_201' title='bbox 213 1492 361 1524; x_wconf 78' lang='lat' dir='ltr'><strong>beneﬁcia</strong></span> <span class='ocrx_word' id='word_1_202' title='bbox 382 1498 461 1525; x_wconf 86' lang='lat' dir='ltr'><strong>tanta</strong></span> <span class='ocrx_word' id='word_1_203' title='bbox 489 1503 721 1534; x_wconf 76' lang='lat' dir='ltr'><strong>consequamur.</strong></span> <span class='ocrx_word' id='word_1_204' title='bbox 739 1493 840 1526; x_wconf 89' lang='lat' dir='ltr'><strong>Gloria</strong></span> <span class='ocrx_word' id='word_1_205' title='bbox 856 1494 935 1525; x_wconf 86' lang='lat' dir='ltr'><strong>enim</strong></span> <span class='ocrx_word' id='word_1_206' title='bbox 961 1495 1035 1534; x_wconf 90' lang='lat' dir='ltr'><strong>Deo,</strong></span> 
     </span>
    </p>
   </div>
   <div class='ocr_carea' id='block_1_30' title="bbox 699 177 1428 210">
    <p class='ocr_par' dir='ltr' id='par_1_30' title="bbox 699 177 1428 210">
     <span class='ocr_line' id='line_1_30' title="bbox 699 177 1428 210; baseline 0 0"><span class='ocrx_word' id='word_1_207' title='bbox 699 177 999 210; x_wconf 84' lang='lat' dir='ltr'><strong>THEOPHYLAGTI</strong></span> <span class='ocrx_word' id='word_1_208' title='bbox 1019 178 1226 209; x_wconf 62' lang='lat' dir='ltr'><strong>BULGARIE</strong></span> <span class='ocrx_word' id='word_1_209' title='bbox 1246 177 1428 210; x_wconf 73' lang='lat' dir='ltr'><strong>ARCHIIP.</strong></span> 
     </span>
    </p>
   </div>
   <div class='ocr_carea' id='block_1_31' title="bbox 212 243 1232 285">
    <p class='ocr_par' dir='ltr' id='par_1_31' title="bbox 212 243 1232 285">
     <span class='ocr_line' id='line_1_31' title="bbox 212 243 1232 285; baseline -0.002 -9"><span class='ocrx_word' id='word_1_210' title='bbox 212 245 323 276; x_wconf 90' lang='lat' dir='ltr'><strong>tlmore</strong></span> <span class='ocrx_word' id='word_1_211' title='bbox 337 243 492 284; x_wconf 86' lang='lat' dir='ltr'><strong>magno.Et</strong></span> <span class='ocrx_word' id='word_1_212' title='bbox 501 244 575 276; x_wconf 87' lang='lat' dir='ltr'><strong>dixit</strong></span> <span class='ocrx_word' id='word_1_213' title='bbox 589 243 650 275; x_wconf 82' lang='lat' dir='ltr'><strong>illis</strong></span> <span class='ocrx_word' id='word_1_214' title='bbox 664 244 786 284; x_wconf 84' lang='lat' dir='ltr'><strong>angelus</strong></span> <span class='ocrx_word' id='word_1_215' title='bbox 802 254 810 274; x_wconf 92' lang='lat'><strong>:</strong></span> <span class='ocrx_word' id='word_1_216' title='bbox 825 243 869 275; x_wconf 89' lang='lat' dir='ltr'><strong>Ne</strong></span> <span class='ocrx_word' id='word_1_217' title='bbox 884 244 1013 275; x_wconf 85' lang='lat' dir='ltr'><strong>timeatis</strong></span> <span class='ocrx_word' id='word_1_218' title='bbox 1031 248 1070 277; x_wconf 80' lang='lat' dir='ltr'><strong>:A</strong></span> <span class='ocrx_word' id='word_1_219' title='bbox 1081 246 1125 274; x_wconf 81' lang='grc' dir='ltr'><strong>καὶ</strong></span> <span class='ocrx_word' id='word_1_220' title='bbox 1151 244 1232 285; x_wconf 71' lang='grc' dir='ltr'>ἓφοϐή</span> 
     </span>
    </p>
   </div>
   <div class='ocr_carea' id='block_1_32' title="bbox 1119 243 1561 285">
    <p class='ocr_par' dir='ltr' id='par_1_32' title="bbox 1119 244 1561 285">
     <span class='ocr_line' id='line_1_32' title="bbox 1119 244 1561 285; baseline -0.002 -11"><span class='ocrx_word' id='word_1_221' title='bbox 1119 246 1125 274; x_wconf 78' lang='grc' dir='ltr'><strong>ί</strong></span> <span class='ocrx_word' id='word_1_222' title='bbox 1151 244 1320 285; x_wconf 69' lang='grc' dir='ltr'>εφοϐήθησαν</span> <span class='ocrx_word' id='word_1_223' title='bbox 1349 244 1431 285; x_wconf 72' lang='grc' dir='ltr'>φόϐον</span> <span class='ocrx_word' id='word_1_224' title='bbox 1452 245 1537 285; x_wconf 79' lang='grc' dir='ltr'>μέγαν</span> <span class='ocrx_word' id='word_1_225' title='bbox 1555 254 1561 261; x_wconf 89' lang='grc'>·</span> 
     </span>
    </p>
   </div>
   <div class='ocr_carea' id='block_1_33' title="bbox 1838 180 1885 211">
    <p class='ocr_par' dir='ltr' id='par_1_33' title="bbox 1838 180 1885 211">
     <span class='ocr_line' id='line_1_33' title="bbox 1838 180 1885 211; baseline 0 0"><span class='ocrx_word' id='word_1_226' title='bbox 1838 180 1885 211; x_wconf 77' lang='grc'><strong>’124</strong></span> 
     </span>
    </p>
   </div>
   <div class='ocr_carea' id='block_1_34' title="bbox 1599 247 1887 280">
    <p class='ocr_par' dir='ltr' id='par_1_34' title="bbox 1599 247 1887 280">
     <span class='ocr_line' id='line_1_34' title="bbox 1599 247 1887 280; baseline 0.007 -6"><span class='ocrx_word' id='word_1_227' title='bbox 1599 247 1643 275; x_wconf 82' lang='grc' dir='ltr'><strong>καὶ</strong></span> <span class='ocrx_word' id='word_1_228' title='bbox 1676 247 1756 275; x_wconf 82' lang='grc' dir='ltr'>εἶπεν</span> <span class='ocrx_word' id='word_1_229' title='bbox 1778 247 1887 280; x_wconf 71' lang='grc' dir='ltr'>αὐτοῖςὸ</span> 
     </span>
    </p>
   </div>
   <div class='ocr_carea' id='block_1_35' title="bbox 1082 289 1889 331">
    <p class='ocr_par' dir='ltr' id='par_1_35' title="bbox 1082 289 1889 331">
     <span class='ocr_line' id='line_1_35' title="bbox 1082 289 1889 331; baseline 0 -13"><span class='ocrx_word' id='word_1_230' title='bbox 1082 289 1195 329; x_wconf 76' lang='grc' dir='ltr'>ἅγγελος</span> <span class='ocrx_word' id='word_1_231' title='bbox 1213 299 1220 306; x_wconf 90' lang='grc'>·</span> <span class='ocrx_word' id='word_1_232' title='bbox 1246 290 1290 324; x_wconf 76' lang='grc' dir='ltr'><strong>Μὴ</strong></span> <span class='ocrx_word' id='word_1_233' title='bbox 1312 289 1434 330; x_wconf 74' lang='grc' dir='ltr'>φοϐεῖσθε</span> <span class='ocrx_word' id='word_1_234' title='bbox 1452 299 1459 306; x_wconf 93' lang='lat'><strong>&#39;</strong></span> <span class='ocrx_word' id='word_1_235' title='bbox 1482 290 1536 319; x_wconf 75' lang='grc' dir='ltr'>ἰδοὺ</span> <span class='ocrx_word' id='word_1_236' title='bbox 1557 291 1609 330; x_wconf 78' lang='grc' dir='ltr'>γὰρ</span> <span class='ocrx_word' id='word_1_237' title='bbox 1625 291 1823 331; x_wconf 57' lang='grc' dir='ltr'>εὐαγγελίζομαι</span> <span class='ocrx_word' id='word_1_238' title='bbox 1835 293 1889 329; x_wconf 55' lang='lat' dir='ltr'><strong>opt»:</strong></span> 
     </span>
    </p>
   </div>
   <div class='ocr_carea' id='block_1_36' title="bbox 1082 333 1888 375">
    <p class='ocr_par' dir='ltr' id='par_1_36' title="bbox 1082 333 1888 375">
     <span class='ocr_line' id='line_1_36' title="bbox 1082 333 1888 375; baseline 0.002 -13"><span class='ocrx_word' id='word_1_239' title='bbox 1082 335 1169 375; x_wconf 80' lang='grc' dir='ltr'>χαρὰν</span> <span class='ocrx_word' id='word_1_240' title='bbox 1193 333 1325 375; x_wconf 85' lang='grc' dir='ltr'>μεγάλην,</span> <span class='ocrx_word' id='word_1_241' title='bbox 1355 334 1413 369; x_wconf 67' lang='grc' dir='ltr'>ἥτις</span> <span class='ocrx_word' id='word_1_242' title='bbox 1442 334 1515 363; x_wconf 72' lang='grc' dir='ltr'>ἔσται</span> <span class='ocrx_word' id='word_1_243' title='bbox 1541 336 1619 364; x_wconf 84' lang='grc' dir='ltr'>παντὶ</span> <span class='ocrx_word' id='word_1_244' title='bbox 1633 339 1671 372; x_wconf 83' lang='grc' dir='ltr'>τῷ</span> <span class='ocrx_word' id='word_1_245' title='bbox 1684 336 1755 374; x_wconf 82' lang='grc' dir='ltr'>λαῷ,</span> <span class='ocrx_word' id='word_1_246' title='bbox 1773 336 1814 364; x_wconf 81' lang='grc' dir='ltr'>ὅτι</span> <span class='ocrx_word' id='word_1_247' title='bbox 1840 336 1888 365; x_wconf 78' lang='grc' dir='ltr'>ἑτέ-</span> 
     </span>
    </p>
   </div>
   <div class='ocr_carea' id='block_1_37' title="bbox 1082 380 1888 420">
    <p class='ocr_par' dir='ltr' id='par_1_37' title="bbox 1082 380 1888 420">
     <span class='ocr_line' id='line_1_37' title="bbox 1082 380 1888 420; baseline 0.004 -13"><span class='ocrx_word' id='word_1_248' title='bbox 1082 381 1137 418; x_wconf 87' lang='grc' dir='ltr'><strong>χθη</strong></span> <span class='ocrx_word' id='word_1_249' title='bbox 1159 380 1223 417; x_wconf 82' lang='grc' dir='ltr'>ὖμτν</span> <span class='ocrx_word' id='word_1_250' title='bbox 1249 380 1366 419; x_wconf 80' lang='grc' dir='ltr'>σήμερον</span> <span class='ocrx_word' id='word_1_251' title='bbox 1387 380 1494 420; x_wconf 82' lang='grc' dir='ltr'>Σωτὴρ,</span> <span class='ocrx_word' id='word_1_252' title='bbox 1519 380 1548 413; x_wconf 81' lang='grc' dir='ltr'>ὃς</span> <span class='ocrx_word' id='word_1_253' title='bbox 1578 381 1634 409; x_wconf 74' lang='grc' dir='ltr'>ἐστι</span> <span class='ocrx_word' id='word_1_254' title='bbox 1655 382 1768 417; x_wconf 74' lang='grc' dir='ltr'>Χριστὸς</span> <span class='ocrx_word' id='word_1_255' title='bbox 1797 382 1888 420; x_wconf 73' lang='grc' dir='ltr'>Κύριος,</span> 
     </span>
    </p>
   </div>
   <div class='ocr_carea' id='block_1_38' title="bbox 1082 423 1889 465">
    <p class='ocr_par' dir='ltr' id='par_1_38' title="bbox 1082 423 1889 465">
     <span class='ocr_line' id='line_1_38' title="bbox 1082 423 1889 465; baseline 0.004 -14"><span class='ocrx_word' id='word_1_256' title='bbox 1082 423 1108 451; x_wconf 84' lang='grc' dir='ltr'>ἐν</span> <span class='ocrx_word' id='word_1_257' title='bbox 1123 423 1200 452; x_wconf 88' lang='grc' dir='ltr'>πόλει</span> <span class='ocrx_word' id='word_1_258' title='bbox 1217 423 1297 453; x_wconf 81' lang='grc' dir='ltr'>Δαϐίδ</span> <span class='ocrx_word' id='word_1_259' title='bbox 1314 432 1321 439; x_wconf 92' lang='grc'>·</span> <span class='ocrx_word' id='word_1_260' title='bbox 1340 425 1384 453; x_wconf 86' lang='grc' dir='ltr'><strong>καὶ</strong></span> <span class='ocrx_word' id='word_1_261' title='bbox 1399 424 1477 454; x_wconf 79' lang='grc' dir='ltr'><strong>τοῦτο</strong></span> <span class='ocrx_word' id='word_1_262' title='bbox 1492 426 1557 463; x_wconf 75' lang='grc' dir='ltr'>ὑμῖν</span> <span class='ocrx_word' id='word_1_263' title='bbox 1578 426 1608 454; x_wconf 79' lang='grc' dir='ltr'><strong>τὸ</strong></span> <span class='ocrx_word' id='word_1_264' title='bbox 1622 432 1740 463; x_wconf 74' lang='grc' dir='ltr'>σημεῖον</span> <span class='ocrx_word' id='word_1_265' title='bbox 1750 433 1758 440; x_wconf 82' lang='grc'><strong>”</strong></span> <span class='ocrx_word' id='word_1_266' title='bbox 1775 426 1889 465; x_wconf 76' lang='grc' dir='ltr'>Εὒρήσετε</span> 
     </span>
    </p>
   </div>
   <div class='ocr_carea' id='block_1_39' title="bbox 1080 468 1888 510">
    <p class='ocr_par' dir='ltr' id='par_1_39' title="bbox 1080 468 1888 510">
     <span class='ocr_line' id='line_1_39' title="bbox 1080 468 1888 510; baseline 0.002 -14"><span class='ocrx_word' id='word_1_267' title='bbox 1080 468 1175 508; x_wconf 81' lang='grc' dir='ltr'>βρέφος</span> <span class='ocrx_word' id='word_1_268' title='bbox 1204 468 1453 508; x_wconf 71' lang='grc' dir='ltr'>ἐσπαργανωμένον,</span> <span class='ocrx_word' id='word_1_269' title='bbox 1493 470 1614 507; x_wconf 81' lang='grc' dir='ltr'>κείμενον</span> <span class='ocrx_word' id='word_1_270' title='bbox 1656 470 1684 498; x_wconf 72' lang='grc' dir='ltr'>ἐν</span> <span class='ocrx_word' id='word_1_271' title='bbox 1726 474 1762 509; x_wconf 72' lang='grc' dir='ltr'><strong>τῇ</strong></span> <span class='ocrx_word' id='word_1_272' title='bbox 1795 471 1888 510; x_wconf 67' lang='grc' dir='ltr'>φάτνῃ·</span> 
     </span>
    </p>
   </div>
   <div class='ocr_carea' id='block_1_40' title="bbox 1079 513 1888 554">
    <p class='ocr_par' dir='ltr' id='par_1_40' title="bbox 1079 513 1888 554">
     <span class='ocr_line' id='line_1_40' title="bbox 1079 513 1888 554; baseline 0.002 -13"><span class='ocrx_word' id='word_1_273' title='bbox 1079 514 1123 541; x_wconf 84' lang='grc' dir='ltr'><strong>καὶ</strong></span> <span class='ocrx_word' id='word_1_274' title='bbox 1148 513 1270 554; x_wconf 68' lang='grc' dir='ltr'>ἐξαίφνης</span> <span class='ocrx_word' id='word_1_275' title='bbox 1292 513 1398 554; x_wconf 74' lang='grc' dir='ltr'>ἐγένετο</span> <span class='ocrx_word' id='word_1_276' title='bbox 1426 515 1473 543; x_wconf 84' lang='grc' dir='ltr'>σὺν</span> <span class='ocrx_word' id='word_1_277' title='bbox 1501 518 1540 552; x_wconf 87' lang='grc' dir='ltr'>τῷ</span> <span class='ocrx_word' id='word_1_278' title='bbox 1569 514 1676 554; x_wconf 78' lang='grc' dir='ltr'>ἀγγέλῳ</span> <span class='ocrx_word' id='word_1_279' title='bbox 1702 514 1805 549; x_wconf 80' lang='grc' dir='ltr'>πλῆθος</span> <span class='ocrx_word' id='word_1_280' title='bbox 1820 526 1888 554; x_wconf 68' lang='grc' dir='ltr'>στρα-</span> 
     </span>
    </p>
   </div>
   <div class='ocr_carea' id='block_1_41' title="bbox 1078 559 1886 599">
    <p class='ocr_par' dir='ltr' id='par_1_41' title="bbox 1078 559 1886 599">
     <span class='ocr_line' id='line_1_41' title="bbox 1078 559 1886 599; baseline 0.002 -13"><span class='ocrx_word' id='word_1_281' title='bbox 1078 560 1136 589; x_wconf 80' lang='grc' dir='ltr'>τιᾶς</span> <span class='ocrx_word' id='word_1_282' title='bbox 1165 559 1296 597; x_wconf 65' lang='grc' dir='ltr'>οὐρανίου,</span> <span class='ocrx_word' id='word_1_283' title='bbox 1340 559 1481 587; x_wconf 76' lang='grc' dir='ltr'>αἰνούντων</span> <span class='ocrx_word' id='word_1_284' title='bbox 1510 559 1556 587; x_wconf 83' lang='grc' dir='ltr'><strong>τὸν</strong></span> <span class='ocrx_word' id='word_1_285' title='bbox 1592 561 1656 588; x_wconf 77' lang='grc' dir='ltr'>Θεὸν</span> <span class='ocrx_word' id='word_1_286' title='bbox 1683 561 1727 588; x_wconf 77' lang='grc' dir='ltr'><strong>καὶ</strong></span> <span class='ocrx_word' id='word_1_287' title='bbox 1749 559 1886 599; x_wconf 79' lang='grc' dir='ltr'>λεγόντων·</span> 
     </span>
    </p>
   </div>
   <div class='ocr_carea' id='block_1_42' title="bbox 1081 602 1892 644">
    <p class='ocr_par' dir='ltr' id='par_1_42' title="bbox 1081 602 1892 644">
     <span class='ocr_line' id='line_1_42' title="bbox 1081 602 1892 644; baseline 0.002 -14"><span class='ocrx_word' id='word_1_288' title='bbox 1081 602 1149 635; x_wconf 78' lang='grc' dir='ltr'>Δόξα</span> <span class='ocrx_word' id='word_1_289' title='bbox 1174 602 1200 631; x_wconf 67' lang='grc' dir='ltr'>ἐν</span> <span class='ocrx_word' id='word_1_290' title='bbox 1229 603 1348 641; x_wconf 79' lang='grc' dir='ltr'>ὑψίστοις</span> <span class='ocrx_word' id='word_1_291' title='bbox 1370 607 1428 641; x_wconf 87' lang='grc' dir='ltr'>Θεῷ</span> <span class='ocrx_word' id='word_1_292' title='bbox 1444 613 1452 620; x_wconf 95' lang='grc'><strong>·</strong></span> <span class='ocrx_word' id='word_1_293' title='bbox 1482 604 1527 632; x_wconf 79' lang='grc' dir='ltr'><strong>καὶ</strong></span> <span class='ocrx_word' id='word_1_294' title='bbox 1555 603 1598 632; x_wconf 70' lang='grc' dir='ltr'>ἰπὶ</span> <span class='ocrx_word' id='word_1_295' title='bbox 1620 605 1671 644; x_wconf 78' lang='grc' dir='ltr'>γῆς</span> <span class='ocrx_word' id='word_1_296' title='bbox 1687 605 1792 643; x_wconf 78' lang='grc' dir='ltr'>εἰρήνη,</span> <span class='ocrx_word' id='word_1_297' title='bbox 1808 606 1834 632; x_wconf 71' lang='grc' dir='ltr'>ἓν</span> <span class='ocrx_word' id='word_1_298' title='bbox 1853 605 1892 632; x_wconf 79' lang='grc' dir='ltr'><strong>ἁν-</strong></span> 
     </span>
    </p>
   </div>
   <div class='ocr_carea' id='block_1_43' title="bbox 1082 647 1889 689">
    <p class='ocr_par' dir='ltr' id='par_1_43' title="bbox 1082 647 1889 689">
     <span class='ocr_line' id='line_1_43' title="bbox 1082 647 1889 689; baseline 0.002 -14"><span class='ocrx_word' id='word_1_299' title='bbox 1082 647 1197 686; x_wconf 79' lang='grc' dir='ltr'>θρώποις</span> <span class='ocrx_word' id='word_1_300' title='bbox 1232 647 1347 679; x_wconf 69' lang='grc' dir='ltr'>εὖδοκία.</span> <span class='ocrx_word' id='word_1_301' title='bbox 1375 659 1389 675; x_wconf 68' lang='grc' dir='ltr'><strong>ι</strong></span> <span class='ocrx_word' id='word_1_302' title='bbox 1433 648 1560 686; x_wconf 71' lang='grc' dir='ltr'>Ποιμένες</span> <span class='ocrx_word' id='word_1_303' title='bbox 1598 649 1666 684; x_wconf 81' lang='grc' dir='ltr'>ἦσαν</span> <span class='ocrx_word' id='word_1_304' title='bbox 1702 649 1889 689; x_wconf 72' lang='grc' dir='ltr'><strong>ἀγραυλοῦντες,</strong></span> 
     </span>
    </p>
   </div>
   <div class='ocr_carea' id='block_1_44' title="bbox 1081 691 1892 733">
    <p class='ocr_par' dir='ltr' id='par_1_44' title="bbox 1081 691 1892 733">
     <span class='ocr_line' id='line_1_44' title="bbox 1081 691 1892 733; baseline 0.002 -12"><span class='ocrx_word' id='word_1_305' title='bbox 1081 691 1228 729; x_wconf 76' lang='grc' dir='ltr'><strong>τουτέστιν,</strong></span> <span class='ocrx_word' id='word_1_306' title='bbox 1258 692 1398 732; x_wconf 78' lang='grc' dir='ltr'>ἆγροτικὸν</span> <span class='ocrx_word' id='word_1_307' title='bbox 1443 692 1594 728; x_wconf 74' lang='grc' dir='ltr'>αὗλοῦντες,</span> <span class='ocrx_word' id='word_1_308' title='bbox 1629 694 1646 728; x_wconf 74' lang='grc' dir='ltr'><strong>ἢ</strong></span> <span class='ocrx_word' id='word_1_309' title='bbox 1675 694 1702 722; x_wconf 79' lang='grc' dir='ltr'>ἐν</span> <span class='ocrx_word' id='word_1_310' title='bbox 1750 698 1789 732; x_wconf 83' lang='grc' dir='ltr'>τῷ</span> 
     </span>
    </p>
   </div>
   <div class='ocr_carea' id='block_1_45' title="bbox 1081 736 1890 778">
    <p class='ocr_par' dir='ltr' id='par_1_45' title="bbox 1081 736 1890 778">
     <span class='ocr_line' id='line_1_45' title="bbox 1081 736 1890 778; baseline 0.004 -12"><span class='ocrx_word' id='word_1_311' title='bbox 1081 736 1247 774; x_wconf 68' lang='grc' dir='ltr'>αὐλιζόμενοι</span> <span class='ocrx_word' id='word_1_312' title='bbox 1272 737 1316 765; x_wconf 76' lang='grc' dir='ltr'><strong>καὶ</strong></span> <span class='ocrx_word' id='word_1_313' title='bbox 1350 736 1484 776; x_wconf 74' lang='grc' dir='ltr'>διάγοντες</span> <span class='ocrx_word' id='word_1_314' title='bbox 1499 745 1507 752; x_wconf 92' lang='lat'><strong>&#39;</strong></span> <span class='ocrx_word' id='word_1_315' title='bbox 1544 737 1708 778; x_wconf 72' lang='grc' dir='ltr'>ἐπιφαίνεται</span> <span class='ocrx_word' id='word_1_316' title='bbox 1741 738 1770 767; x_wconf 77' lang='grc' dir='ltr'><strong>δὲ</strong></span> <span class='ocrx_word' id='word_1_317' title='bbox 1803 740 1890 769; x_wconf 75' lang='grc' dir='ltr'>τούτοις</span> 
     </span>
    </p>
   </div>
   <div class='ocr_carea' id='block_1_46' title="bbox 1082 780 1890 821">
    <p class='ocr_par' dir='ltr' id='par_1_46' title="bbox 1082 780 1890 821">
     <span class='ocr_line' id='line_1_46' title="bbox 1082 780 1890 821; baseline 0.002 -11"><span class='ocrx_word' id='word_1_318' title='bbox 1082 782 1096 810; x_wconf 69' lang='grc' dir='ltr'><strong>ὁ</strong></span> <span class='ocrx_word' id='word_1_319' title='bbox 1113 780 1236 821; x_wconf 71' lang='grc' dir='ltr'>ἅγγελος,</span> <span class='ocrx_word' id='word_1_320' title='bbox 1270 780 1312 810; x_wconf 79' lang='grc' dir='ltr'><strong>διὰ</strong></span> <span class='ocrx_word' id='word_1_321' title='bbox 1333 782 1363 809; x_wconf 79' lang='grc' dir='ltr'><strong>τὸ</strong></span> <span class='ocrx_word' id='word_1_322' title='bbox 1386 780 1520 812; x_wconf 77' lang='grc' dir='ltr'>ἄπλαστον</span> <span class='ocrx_word' id='word_1_323' title='bbox 1549 786 1595 811; x_wconf 80' lang='grc' dir='ltr'>τοῦ</span> <span class='ocrx_word' id='word_1_324' title='bbox 1624 782 1702 816; x_wconf 73' lang='grc' dir='ltr'>ἤθους</span> <span class='ocrx_word' id='word_1_325' title='bbox 1726 785 1772 812; x_wconf 85' lang='grc' dir='ltr'><strong>καὶ</strong></span> <span class='ocrx_word' id='word_1_326' title='bbox 1796 783 1890 813; x_wconf 73' lang='grc' dir='ltr'>ἄκακον.</span> 
     </span>
    </p>
   </div>
   <div class='ocr_carea' id='block_1_47' title="bbox 1079 825 1890 868">
    <p class='ocr_par' dir='ltr' id='par_1_47' title="bbox 1079 825 1890 868">
     <span class='ocr_line' id='line_1_47' title="bbox 1079 825 1890 868; baseline 0.002 -14"><span class='ocrx_word' id='word_1_327' title='bbox 1079 825 1154 855; x_wconf 83' lang='grc' dir='ltr'>Ἐπεὶ</span> <span class='ocrx_word' id='word_1_328' title='bbox 1181 826 1224 855; x_wconf 72' lang='grc' dir='ltr'><strong>καὶ</strong></span> <span class='ocrx_word' id='word_1_329' title='bbox 1249 826 1298 860; x_wconf 77' lang='grc' dir='ltr'><strong>τὴν</strong></span> <span class='ocrx_word' id='word_1_330' title='bbox 1325 827 1378 854; x_wconf 80' lang='grc' dir='ltr'>τῶν</span> <span class='ocrx_word' id='word_1_331' title='bbox 1400 825 1506 855; x_wconf 81' lang='grc' dir='ltr'>δικαίων</span> <span class='ocrx_word' id='word_1_332' title='bbox 1530 826 1666 856; x_wconf 80' lang='grc' dir='ltr'>πολιτείαν</span> <span class='ocrx_word' id='word_1_333' title='bbox 1695 828 1831 868; x_wconf 71' lang='grc' dir='ltr'>φαίνονται</span> <span class='ocrx_word' id='word_1_334' title='bbox 1852 841 1890 866; x_wconf 82' lang='grc' dir='ltr'>μι-</span> 
     </span>
    </p>
   </div>
   <div class='ocr_carea' id='block_1_48' title="bbox 1080 870 1890 912">
    <p class='ocr_par' dir='ltr' id='par_1_48' title="bbox 1080 870 1890 912">
     <span class='ocr_line' id='line_1_48' title="bbox 1080 870 1890 912; baseline 0.004 -13"><span class='ocrx_word' id='word_1_335' title='bbox 1080 871 1229 909; x_wconf 62' lang='grc' dir='ltr'>μούμενον</span> <span class='ocrx_word' id='word_1_336' title='bbox 1259 871 1301 900; x_wconf 72' lang='grc' dir='ltr'>καὶ</span> <span class='ocrx_word' id='word_1_337' title='bbox 1321 871 1370 911; x_wconf 79' lang='grc' dir='ltr'><strong>γὰρ</strong></span> <span class='ocrx_word' id='word_1_338' title='bbox 1397 872 1421 899; x_wconf 83' lang='grc' dir='ltr'>οἱ</span> <span class='ocrx_word' id='word_1_339' title='bbox 1450 870 1571 910; x_wconf 80' lang='grc' dir='ltr'>παλαιοὶ,</span> <span class='ocrx_word' id='word_1_340' title='bbox 1602 872 1741 910; x_wconf 81' lang='grc' dir='ltr'>ποιμένες,</span> <span class='ocrx_word' id='word_1_341' title='bbox 1766 874 1790 902; x_wconf 76' lang='grc' dir='ltr'>οἱ</span> <span class='ocrx_word' id='word_1_342' title='bbox 1809 885 1890 912; x_wconf 78' lang='grc' dir='ltr'>πατρι-</span> 
     </span>
    </p>
   </div>
   <div class='ocr_carea' id='block_1_49' title="bbox 1079 915 1891 958">
    <p class='ocr_par' dir='ltr' id='par_1_49' title="bbox 1079 915 1891 958">
     <span class='ocr_line' id='line_1_49' title="bbox 1079 915 1891 958; baseline 0.004 -14"><span class='ocrx_word' id='word_1_343' title='bbox 1079 916 1172 957; x_wconf 83' lang='grc' dir='ltr'>άρχαι,</span> <span class='ocrx_word' id='word_1_344' title='bbox 1189 915 1296 956; x_wconf 52' lang='grc' dir='ltr'>Ἰαὼ,</span> <span class='ocrx_word' id='word_1_345' title='bbox 1314 918 1423 953; x_wconf 83' lang='grc' dir='ltr'>Μωσῆς,</span> <span class='ocrx_word' id='word_1_346' title='bbox 1450 915 1541 948; x_wconf 74' lang='grc' dir='ltr'>Δαϐίδ,</span> <span class='ocrx_word' id='word_1_347' title='bbox 1572 918 1608 946; x_wconf 72' lang='grc' dir='ltr'><strong>οὗ</strong></span> <span class='ocrx_word' id='word_1_348' title='bbox 1624 918 1674 956; x_wconf 76' lang='grc' dir='ltr'>γὰρ</span> <span class='ocrx_word' id='word_1_349' title='bbox 1688 917 1717 946; x_wconf 81' lang='grc' dir='ltr'>ὲν</span> <span class='ocrx_word' id='word_1_350' title='bbox 1734 915 1891 958; x_wconf 66' lang='grc' dir='ltr'>Ἰερουσαλὴμ</span> 
     </span>
    </p>
   </div>
   <div class='ocr_carea' id='block_1_50' title="bbox 1080 961 1890 1002">
    <p class='ocr_par' dir='ltr' id='par_1_50' title="bbox 1080 961 1890 1002">
     <span class='ocr_line' id='line_1_50' title="bbox 1080 961 1890 1002; baseline 0.005 -13"><span class='ocrx_word' id='word_1_351' title='bbox 1080 962 1197 1002; x_wconf 66' lang='grc' dir='ltr'>ἱπεφάνη</span> <span class='ocrx_word' id='word_1_352' title='bbox 1226 961 1379 1001; x_wconf 82' lang='grc' dir='ltr'>Φαρισαίοις</span> <span class='ocrx_word' id='word_1_353' title='bbox 1421 961 1439 996; x_wconf 78' lang='grc' dir='ltr'><strong>ἢ</strong></span> <span class='ocrx_word' id='word_1_354' title='bbox 1477 964 1666 1001; x_wconf 77' lang='grc' dir='ltr'>Γραμματεῡσι</span> <span class='ocrx_word' id='word_1_355' title='bbox 1685 971 1692 978; x_wconf 94' lang='grc'><strong><em>“</em></strong></span> <span class='ocrx_word' id='word_1_356' title='bbox 1738 964 1824 997; x_wconf 73' lang='grc' dir='ltr'>πάσης</span> 
     </span>
    </p>
   </div>
   <div class='ocr_carea' id='block_1_51' title="bbox 1079 1005 1888 1046">
    <p class='ocr_par' dir='ltr' id='par_1_51' title="bbox 1079 1005 1888 1046">
     <span class='ocr_line' id='line_1_51' title="bbox 1079 1005 1888 1046; baseline 0.004 -12"><span class='ocrx_word' id='word_1_357' title='bbox 1079 1007 1208 1045; x_wconf 77' lang='grc' dir='ltr'>πονηρίας</span> <span class='ocrx_word' id='word_1_358' title='bbox 1237 1005 1335 1046; x_wconf 79' lang='grc' dir='ltr'>δοχετα</span> <span class='ocrx_word' id='word_1_359' title='bbox 1370 1007 1470 1034; x_wconf 60' lang='grc' dir='ltr'>ἐκεῖνοι</span> <span class='ocrx_word' id='word_1_360' title='bbox 1488 1014 1495 1021; x_wconf 83' lang='grc'><strong><em>⁸</em></strong></span> <span class='ocrx_word' id='word_1_361' title='bbox 1526 1006 1597 1035; x_wconf 83' lang='grc' dir='ltr'>οὗτοι</span> <span class='ocrx_word' id='word_1_362' title='bbox 1639 1006 1667 1034; x_wconf 79' lang='grc' dir='ltr'><strong>δὲ</strong></span> <span class='ocrx_word' id='word_1_363' title='bbox 1700 1007 1792 1037; x_wconf 80' lang='grc' dir='ltr'>ἄδολοι</span> <span class='ocrx_word' id='word_1_364' title='bbox 1818 1008 1888 1046; x_wconf 78' lang='grc' dir='ltr'>ὄντες,</span> 
     </span>
    </p>
   </div>
   <div class='ocr_carea' id='block_1_52' title="bbox 1078 1050 1888 1091">
    <p class='ocr_par' dir='ltr' id='par_1_52' title="bbox 1078 1050 1888 1091">
     <span class='ocr_line' id='line_1_52' title="bbox 1078 1050 1888 1091; baseline 0.002 -13"><span class='ocrx_word' id='word_1_365' title='bbox 1078 1050 1154 1079; x_wconf 81' lang='grc' dir='ltr'>θείων</span> <span class='ocrx_word' id='word_1_366' title='bbox 1181 1051 1321 1088; x_wconf 79' lang='grc' dir='ltr'>θεαμάτων</span> <span class='ocrx_word' id='word_1_367' title='bbox 1357 1050 1508 1084; x_wconf 62' lang='grc' dir='ltr'>ἦξιώθησαν</span> <span class='ocrx_word' id='word_1_368' title='bbox 1526 1058 1532 1066; x_wconf 91' lang='grc'><em>’</em></span> <span class='ocrx_word' id='word_1_369' title='bbox 1565 1050 1717 1085; x_wconf 79' lang='grc' dir='ltr'>δεικνύντος</span> <span class='ocrx_word' id='word_1_370' title='bbox 1754 1057 1799 1082; x_wconf 78' lang='grc' dir='ltr'>τοῦ</span> <span class='ocrx_word' id='word_1_371' title='bbox 1826 1057 1888 1091; x_wconf 68' lang='grc' dir='ltr'>Θεοῦ,</span> 
     </span>
    </p>
   </div>
   <div class='ocr_carea' id='block_1_53' title="bbox 1080 1094 1889 1137">
    <p class='ocr_par' dir='ltr' id='par_1_53' title="bbox 1080 1094 1889 1137">
     <span class='ocr_line' id='line_1_53' title="bbox 1080 1094 1889 1137; baseline 0.004 -14"><span class='ocrx_word' id='word_1_372' title='bbox 1080 1094 1120 1123; x_wconf 79' lang='grc' dir='ltr'><strong>ὅτι</strong></span> <span class='ocrx_word' id='word_1_373' title='bbox 1148 1095 1209 1128; x_wconf 80' lang='grc' dir='ltr'>τοὺς</span> <span class='ocrx_word' id='word_1_374' title='bbox 1237 1095 1438 1135; x_wconf 79' lang='grc' dir='ltr'>ἀγροικοτέρους</span> <span class='ocrx_word' id='word_1_375' title='bbox 1460 1098 1515 1123; x_wconf 78' lang='grc' dir='ltr'>τῶν</span> <span class='ocrx_word' id='word_1_376' title='bbox 1544 1094 1645 1134; x_wconf 77' lang='grc' dir='ltr'>ἄλλων,</span> <span class='ocrx_word' id='word_1_377' title='bbox 1674 1096 1749 1129; x_wconf 69' lang='grc' dir='ltr'>εὗθὺς</span> <span class='ocrx_word' id='word_1_378' title='bbox 1775 1097 1801 1130; x_wconf 68' lang='grc' dir='ltr'><strong>ἒξ</strong></span> <span class='ocrx_word' id='word_1_379' title='bbox 1816 1097 1889 1137; x_wconf 71' lang='grc' dir='ltr'>ἀρχῆς</span> 
     </span>
    </p>
   </div>
   <div class='ocr_carea' id='block_1_54' title="bbox 1079 1139 1890 1180">
    <p class='ocr_par' dir='ltr' id='par_1_54' title="bbox 1079 1139 1890 1180">
     <span class='ocr_line' id='line_1_54' title="bbox 1079 1139 1890 1180; baseline 0.002 -12"><span class='ocrx_word' id='word_1_380' title='bbox 1079 1139 1213 1173; x_wconf 76' lang='grc' dir='ltr'>ἐξελέξατο</span> <span class='ocrx_word' id='word_1_381' title='bbox 1244 1141 1288 1168; x_wconf 86' lang='grc' dir='ltr'><strong>καὶ</strong></span> <span class='ocrx_word' id='word_1_382' title='bbox 1329 1141 1445 1180; x_wconf 80' lang='grc' dir='ltr'>κήρυκας</span> <span class='ocrx_word' id='word_1_383' title='bbox 1475 1139 1621 1174; x_wconf 79' lang='grc' dir='ltr'>ἐποίησεν⁶</span> <span class='ocrx_word' id='word_1_384' title='bbox 1658 1141 1818 1174; x_wconf 76' lang='grc' dir='ltr'>ἀπελθόντες</span> <span class='ocrx_word' id='word_1_385' title='bbox 1851 1143 1890 1180; x_wconf 63' lang='grc' dir='ltr'>γὰρ</span> 
     </span>
    </p>
   </div>
   <div class='ocr_carea' id='block_1_55' title="bbox 1079 1184 1889 1226">
    <p class='ocr_par' dir='ltr' id='par_1_55' title="bbox 1079 1184 1889 1226">
     <span class='ocr_line' id='line_1_55' title="bbox 1079 1184 1889 1226; baseline 0.002 -14"><span class='ocrx_word' id='word_1_386' title='bbox 1079 1184 1207 1225; x_wconf 73' lang='grc' dir='ltr'>ἐκήρυξαν</span> <span class='ocrx_word' id='word_1_387' title='bbox 1233 1186 1292 1225; x_wconf 68' lang='grc' dir='ltr'>περὶ</span> <span class='ocrx_word' id='word_1_388' title='bbox 1321 1185 1427 1214; x_wconf 83' lang='grc' dir='ltr'>πάντων</span> <span class='ocrx_word' id='word_1_389' title='bbox 1455 1186 1554 1214; x_wconf 80' lang='grc' dir='ltr'>τούτων</span> <span class='ocrx_word' id='word_1_390' title='bbox 1569 1196 1575 1202; x_wconf 93' lang='grc'><strong>·</strong></span> <span class='ocrx_word' id='word_1_391' title='bbox 1607 1186 1801 1226; x_wconf 70' lang='grc' dir='ltr'>εὐηγγελίσατο</span> <span class='ocrx_word' id='word_1_392' title='bbox 1833 1185 1856 1214; x_wconf 73' lang='grc' dir='ltr'><em>δὲ</em></span> <span class='ocrx_word' id='word_1_393' title='bbox 1879 1188 1889 1214; x_wconf 81' lang='grc' dir='ltr'><strong>ὁ</strong></span> 
     </span>
    </p>
   </div>
   <div class='ocr_carea' id='block_1_56' title="bbox 1079 1229 1889 1270">
    <p class='ocr_par' dir='ltr' id='par_1_56' title="bbox 1079 1229 1889 1270">
     <span class='ocr_line' id='line_1_56' title="bbox 1079 1229 1889 1270; baseline 0.001 -12"><span class='ocrx_word' id='word_1_394' title='bbox 1079 1229 1192 1269; x_wconf 73' lang='grc' dir='ltr'>ἅγγελος</span> <span class='ocrx_word' id='word_1_395' title='bbox 1209 1230 1296 1270; x_wconf 79' lang='grc' dir='ltr'>χαρὰν</span> <span class='ocrx_word' id='word_1_396' title='bbox 1325 1229 1459 1269; x_wconf 69' lang='grc' dir='ltr'>μεγάλην,</span> <span class='ocrx_word' id='word_1_397' title='bbox 1489 1230 1547 1264; x_wconf 72' lang='grc' dir='ltr'>ἥτις</span> <span class='ocrx_word' id='word_1_398' title='bbox 1572 1230 1657 1267; x_wconf 81' lang='grc' dir='ltr'>ἔσται,</span> <span class='ocrx_word' id='word_1_399' title='bbox 1674 1232 1753 1270; x_wconf 70' lang='grc' dir='ltr'>φησὶ,</span> <span class='ocrx_word' id='word_1_400' title='bbox 1769 1232 1842 1260; x_wconf 80' lang='grc' dir='ltr'>παντὶ</span> <span class='ocrx_word' id='word_1_401' title='bbox 1859 1233 1889 1266; x_wconf 74' lang='grc' dir='ltr'>τῷ</span> 
     </span>
    </p>
   </div>
   <div class='ocr_carea' id='block_1_57' title="bbox 1078 1273 1888 1316">
    <p class='ocr_par' dir='ltr' id='par_1_57' title="bbox 1078 1273 1888 1316">
     <span class='ocr_line' id='line_1_57' title="bbox 1078 1273 1888 1316; baseline 0.001 -14"><span class='ocrx_word' id='word_1_402' title='bbox 1078 1273 1147 1312; x_wconf 86' lang='grc' dir='ltr'>λαῷ,</span> <span class='ocrx_word' id='word_1_403' title='bbox 1177 1276 1216 1312; x_wconf 84' lang='grc' dir='ltr'>τῷ</span> <span class='ocrx_word' id='word_1_404' title='bbox 1240 1274 1333 1314; x_wconf 80' lang='grc' dir='ltr'>κυρίως</span> <span class='ocrx_word' id='word_1_405' title='bbox 1362 1274 1419 1312; x_wconf 83' lang='grc' dir='ltr'><strong>λαῷ</strong></span> <span class='ocrx_word' id='word_1_406' title='bbox 1440 1279 1485 1304; x_wconf 79' lang='grc' dir='ltr'>τοῦ</span> <span class='ocrx_word' id='word_1_407' title='bbox 1507 1279 1573 1303; x_wconf 68' lang='grc' dir='ltr'>Θεοῦ</span> <span class='ocrx_word' id='word_1_408' title='bbox 1590 1283 1597 1290; x_wconf 81' lang='grc'><strong><em>⁸</em></strong></span> <span class='ocrx_word' id='word_1_409' title='bbox 1630 1276 1659 1303; x_wconf 77' lang='grc' dir='ltr'>οὖ</span> <span class='ocrx_word' id='word_1_410' title='bbox 1684 1276 1784 1309; x_wconf 71' lang='grc' dir='ltr'>πάντες</span> <span class='ocrx_word' id='word_1_411' title='bbox 1809 1277 1853 1316; x_wconf 78' lang='grc' dir='ltr'>γὰρ</span> <span class='ocrx_word' id='word_1_412' title='bbox 1871 1276 1888 1304; x_wconf 81' lang='lat' dir='ltr'><strong>oi</strong></span> 
     </span>
    </p>
   </div>
   <div class='ocr_carea' id='block_1_58' title="bbox 1079 1317 1887 1360">
    <p class='ocr_par' dir='ltr' id='par_1_58' title="bbox 1079 1317 1887 1360">
     <span class='ocr_line' id='line_1_58' title="bbox 1079 1317 1887 1360; baseline 0.001 -13"><span class='ocrx_word' id='word_1_413' title='bbox 1079 1317 1216 1360; x_wconf 76' lang='grc' dir='ltr'>Ἰουδαῖοι,</span> <span class='ocrx_word' id='word_1_414' title='bbox 1245 1319 1309 1351; x_wconf 82' lang='grc' dir='ltr'>λαὸς</span> <span class='ocrx_word' id='word_1_415' title='bbox 1337 1323 1382 1348; x_wconf 82' lang='grc' dir='ltr'>τοῦ</span> <span class='ocrx_word' id='word_1_416' title='bbox 1411 1323 1488 1350; x_wconf 73' lang='grc' dir='ltr'>Θεοῦ,</span> <span class='ocrx_word' id='word_1_417' title='bbox 1522 1319 1606 1349; x_wconf 81' lang='grc' dir='ltr'><strong>Ἀλλᾶ</strong></span> <span class='ocrx_word' id='word_1_418' title='bbox 1626 1321 1670 1349; x_wconf 83' lang='grc' dir='ltr'><strong>καὶ</strong></span> <span class='ocrx_word' id='word_1_419' title='bbox 1691 1323 1773 1350; x_wconf 79' lang='grc' dir='ltr'>παντὶ</span> <span class='ocrx_word' id='word_1_420' title='bbox 1793 1325 1828 1359; x_wconf 83' lang='grc' dir='ltr'>τῷ</span> <span class='ocrx_word' id='word_1_421' title='bbox 1846 1323 1887 1349; x_wconf 67' lang='lat' dir='ltr'><strong>siin</strong></span> 
     </span>
    </p>
   </div>
   <div class='ocr_carea' id='block_1_59' title="bbox 1078 1363 1887 1405">
    <p class='ocr_par' dir='ltr' id='par_1_59' title="bbox 1078 1363 1887 1405">
     <span class='ocr_line' id='line_1_59' title="bbox 1078 1363 1887 1405; baseline 0.002 -13"><span class='ocrx_word' id='word_1_422' title='bbox 1078 1363 1221 1403; x_wconf 73' lang='grc' dir='ltr'>ἀνθρώπων</span> <span class='ocrx_word' id='word_1_423' title='bbox 1243 1363 1301 1401; x_wconf 76' lang='grc' dir='ltr'><strong>λαῷ</strong></span> <span class='ocrx_word' id='word_1_424' title='bbox 1329 1364 1401 1405; x_wconf 76' lang='grc' dir='ltr'>χαρὰ</span> <span class='ocrx_word' id='word_1_425' title='bbox 1427 1364 1532 1404; x_wconf 77' lang='grc' dir='ltr'>ἐγένετο</span> <span class='ocrx_word' id='word_1_426' title='bbox 1557 1365 1574 1399; x_wconf 86' lang='grc' dir='ltr'><strong>ἡ</strong></span> <span class='ocrx_word' id='word_1_427' title='bbox 1597 1376 1730 1404; x_wconf 84' lang='grc' dir='ltr'>σαρκωσις</span> <span class='ocrx_word' id='word_1_428' title='bbox 1753 1369 1798 1395; x_wconf 78' lang='grc' dir='ltr'>τοῦ</span> <span class='ocrx_word' id='word_1_429' title='bbox 1823 1368 1887 1394; x_wconf 70' lang='grc' dir='ltr'>Θεοῦ.</span> 
     </span>
    </p>
   </div>
   <div class='ocr_carea' id='block_1_60' title="bbox 1079 1405 1887 1450">
    <p class='ocr_par' dir='ltr' id='par_1_60' title="bbox 1079 1405 1887 1450">
     <span class='ocr_line' id='line_1_60' title="bbox 1079 1405 1887 1450; baseline 0 -13"><span class='ocrx_word' id='word_1_430' title='bbox 1079 1410 1108 1438; x_wconf 87' lang='grc' dir='ltr'>Τί</span> <span class='ocrx_word' id='word_1_431' title='bbox 1123 1407 1150 1436; x_wconf 78' lang='grc' dir='ltr'><strong>δὲ</strong></span> <span class='ocrx_word' id='word_1_432' title='bbox 1165 1408 1245 1442; x_wconf 80' lang='grc' dir='ltr'>δηλοῖ</span> <span class='ocrx_word' id='word_1_433' title='bbox 1260 1410 1274 1437; x_wconf 87' lang='grc' dir='ltr'>ὁ</span> <span class='ocrx_word' id='word_1_434' title='bbox 1289 1408 1369 1447; x_wconf 74' lang='grc' dir='ltr'>ὕμνος</span> <span class='ocrx_word' id='word_1_435' title='bbox 1385 1412 1438 1437; x_wconf 79' lang='grc' dir='ltr'>τῶν</span> <span class='ocrx_word' id='word_1_436' title='bbox 1454 1409 1574 1449; x_wconf 81' lang='grc' dir='ltr'>ἀγγέλων</span> <span class='ocrx_word' id='word_1_437' title='bbox 1592 1421 1600 1446; x_wconf 74' lang='grc' dir='ltr'><strong>ς</strong></span> <span class='ocrx_word' id='word_1_438' title='bbox 1619 1405 1650 1439; x_wconf 69' lang='grc' dir='ltr'>Ἠ</span> <span class='ocrx_word' id='word_1_439' title='bbox 1667 1411 1776 1443; x_wconf 81' lang='grc' dir='ltr'>παντως</span> <span class='ocrx_word' id='word_1_440' title='bbox 1791 1411 1887 1450; x_wconf 68' lang='grc' dir='ltr'>εὔχαρι-</span> 
     </span>
    </p>
   </div>
   <div class='ocr_carea' id='block_1_61' title="bbox 1078 1453 1888 1494">
    <p class='ocr_par' dir='ltr' id='par_1_61' title="bbox 1078 1453 1888 1494">
     <span class='ocr_line' id='line_1_61' title="bbox 1078 1453 1888 1494; baseline 0.001 -13"><span class='ocrx_word' id='word_1_441' title='bbox 1078 1454 1152 1481; x_wconf 86' lang='grc' dir='ltr'>στίαν</span> <span class='ocrx_word' id='word_1_442' title='bbox 1166 1456 1218 1482; x_wconf 84' lang='grc' dir='ltr'>τῶν</span> <span class='ocrx_word' id='word_1_443' title='bbox 1248 1453 1302 1482; x_wconf 77' lang='grc' dir='ltr'>ἅνω</span> <span class='ocrx_word' id='word_1_444' title='bbox 1329 1454 1473 1493; x_wconf 62' lang='grc' dir='ltr'>ταγμάτων</span> <span class='ocrx_word' id='word_1_445' title='bbox 1496 1455 1539 1482; x_wconf 78' lang='grc' dir='ltr'><strong>καὶ</strong></span> <span class='ocrx_word' id='word_1_446' title='bbox 1568 1455 1667 1494; x_wconf 78' lang='grc' dir='ltr'>χαρὰν,</span> <span class='ocrx_word' id='word_1_447' title='bbox 1698 1453 1769 1483; x_wconf 76' lang='grc' dir='ltr'>διότι</span> <span class='ocrx_word' id='word_1_448' title='bbox 1791 1455 1888 1493; x_wconf 70' lang='grc' dir='ltr'>εὐηργε-</span> 
     </span>
    </p>
   </div>
   <div class='ocr_carea' id='block_1_62' title="bbox 1077 1498 1888 1540">
    <p class='ocr_par' dir='ltr' id='par_1_62' title="bbox 1077 1498 1888 1540">
     <span class='ocr_line' id='line_1_62' title="bbox 1077 1498 1888 1540; baseline 0.001 -14"><span class='ocrx_word' id='word_1_449' title='bbox 1077 1499 1196 1536; x_wconf 71' lang='grc' dir='ltr'>τήθημεν</span> <span class='ocrx_word' id='word_1_450' title='bbox 1225 1499 1248 1526; x_wconf 78' lang='grc' dir='ltr'>οἱ</span> <span class='ocrx_word' id='word_1_451' title='bbox 1276 1498 1319 1527; x_wconf 77' lang='grc' dir='ltr'>ἐπὶ</span> <span class='ocrx_word' id='word_1_452' title='bbox 1353 1498 1401 1532; x_wconf 76' lang='grc' dir='ltr'><strong>τῆς</strong></span> <span class='ocrx_word' id='word_1_453' title='bbox 1423 1500 1487 1538; x_wconf 75' lang='grc' dir='ltr'><strong>γῆς.</strong></span> <span class='ocrx_word' id='word_1_454' title='bbox 1515 1499 1583 1532; x_wconf 78' lang='grc' dir='ltr'>Δόξα</span> <span class='ocrx_word' id='word_1_455' title='bbox 1602 1500 1652 1539; x_wconf 78' lang='grc' dir='ltr'>γὰρ</span> <span class='ocrx_word' id='word_1_456' title='bbox 1666 1503 1705 1537; x_wconf 87' lang='grc' dir='ltr'>τῷ</span> <span class='ocrx_word' id='word_1_457' title='bbox 1721 1503 1793 1540; x_wconf 82' lang='grc' dir='ltr'>Θεῷ,</span> <span class='ocrx_word' id='word_1_458' title='bbox 1814 1501 1888 1539; x_wconf 69' lang='grc' dir='ltr'>φασὶν,</span> 
     </span>
    </p>
   </div>
   <div class='ocr_carea' id='block_1_63' title="bbox 212 1537 1232 1591">
    <p class='ocr_par' dir='ltr' id='par_1_63' title="bbox 212 1537 1230 1589">
     <span class='ocr_line' id='line_1_63' title="bbox 212 1537 1230 1589; baseline 0.002 -21"><span class='ocrx_word' id='word_1_459' title='bbox 212 1537 333 1569; x_wconf 84' lang='lat' dir='ltr'><strong>dicunt:</strong></span> <span class='ocrx_word' id='word_1_460' title='bbox 351 1547 441 1588; x_wconf 81' lang='lat' dir='ltr'><strong>super</strong></span> <span class='ocrx_word' id='word_1_461' title='bbox 456 1543 563 1569; x_wconf 87' lang='lat' dir='ltr'><strong>terram</strong></span> <span class='ocrx_word' id='word_1_462' title='bbox 579 1543 676 1569; x_wconf 91' lang='lat' dir='ltr'><strong>autem</strong></span> <span class='ocrx_word' id='word_1_463' title='bbox 693 1548 748 1589; x_wconf 82' lang='lat' dir='ltr'><strong>pax</strong></span> <span class='ocrx_word' id='word_1_464' title='bbox 771 1547 849 1570; x_wconf 87' lang='lat' dir='ltr'><strong>nunc</strong></span> <span class='ocrx_word' id='word_1_465' title='bbox 876 1539 951 1569; x_wconf 84' lang='lat' dir='ltr'><strong>facta</strong></span> <span class='ocrx_word' id='word_1_466' title='bbox 967 1543 1062 1584; x_wconf 73' lang='lat' dir='ltr'><strong>est;c</strong></span> <span class='ocrx_word' id='word_1_467' title='bbox 1077 1541 1119 1570; x_wconf 77' lang='grc' dir='ltr'><strong>ἐπὶ</strong></span> <span class='ocrx_word' id='word_1_468' title='bbox 1141 1545 1192 1582; x_wconf 75' lang='grc' dir='ltr'><strong>γῆς</strong></span> <span class='ocrx_word' id='word_1_469' title='bbox 1214 1555 1230 1582; x_wconf 77' lang='grc' dir='ltr'><strong>γ</strong></span> 
     </span>
    </p>
   </div>
   <div class='ocr_carea' id='block_1_64' title="bbox 1119 1537 1889 1591">
    <p class='ocr_par' dir='ltr' id='par_1_64' title="bbox 1141 1537 1889 1591">
     <span class='ocr_line' id='line_1_64' title="bbox 1141 1537 1889 1591; baseline -0.005 -15"><span class='ocrx_word' id='word_1_470' title='bbox 1141 1545 1192 1582; x_wconf 76' lang='grc' dir='ltr'><strong>γῆς</strong></span> <span class='ocrx_word' id='word_1_471' title='bbox 1214 1543 1263 1583; x_wconf 78' lang='grc' dir='ltr'><strong>γὰρ</strong></span> <span class='ocrx_word' id='word_1_472' title='bbox 1285 1544 1376 1583; x_wconf 79' lang='grc' dir='ltr'>εἰρήνη</span> <span class='ocrx_word' id='word_1_473' title='bbox 1406 1537 1449 1573; x_wconf 67' lang='grc' dir='ltr'><strong>νῦν</strong></span> <span class='ocrx_word' id='word_1_474' title='bbox 1478 1543 1571 1583; x_wconf 77' lang='grc' dir='ltr'>γέγονε</span> <span class='ocrx_word' id='word_1_475' title='bbox 1589 1553 1597 1561; x_wconf 83' lang='lat'>&#39;</span> <span class='ocrx_word' id='word_1_476' title='bbox 1610 1537 1714 1582; x_wconf 70' lang='grc' dir='ltr'>πρώην</span> 
     </span>
    </p>
   </div>
   <div class='ocr_carea' id='block_1_65' title="bbox 212 1583 1232 1629">
    <p class='ocr_par' dir='ltr' id='par_1_65' title="bbox 212 1583 1226 1627">
     <span class='ocr_line' id='line_1_65' title="bbox 212 1583 1226 1627; baseline 0.003 -14"><span class='ocrx_word' id='word_1_477' title='bbox 212 1586 241 1613; x_wconf 87' lang='lat' dir='ltr'><strong>el</strong></span> <span class='ocrx_word' id='word_1_478' title='bbox 256 1592 322 1615; x_wconf 84' lang='lat' dir='ltr'><strong>cum</strong></span> <span class='ocrx_word' id='word_1_479' title='bbox 341 1583 421 1623; x_wconf 90' lang='lat' dir='ltr'><strong>prius</strong></span> <span class='ocrx_word' id='word_1_480' title='bbox 437 1584 566 1615; x_wconf 90' lang='lat' dir='ltr'><strong>humana</strong></span> <span class='ocrx_word' id='word_1_481' title='bbox 579 1587 684 1614; x_wconf 85' lang='lat' dir='ltr'><strong>natura</strong></span> <span class='ocrx_word' id='word_1_482' title='bbox 708 1583 830 1615; x_wconf 90' lang='lat' dir='ltr'><strong>inimica</strong></span> <span class='ocrx_word' id='word_1_483' title='bbox 854 1584 940 1615; x_wconf 88' lang='lat' dir='ltr'><strong>fuerit</strong></span> <span class='ocrx_word' id='word_1_484' title='bbox 958 1584 1030 1622; x_wconf 90' lang='lat' dir='ltr'><strong>Deo,</strong></span> <span class='ocrx_word' id='word_1_485' title='bbox 1049 1583 1060 1584; x_wconf 31' lang='grc' dir='ltr'>ί</span> <span class='ocrx_word' id='word_1_486' title='bbox 1076 1587 1226 1627; x_wconf 78' lang='grc' dir='ltr'>ἀνθρωπίνη</span> 
     </span>
    </p>
   </div>
   <div class='ocr_carea' id='block_1_66' title="bbox 1119 1583 1809 1629">
    <p class='ocr_par' dir='ltr' id='par_1_66' title="bbox 1119 1588 1809 1629">
     <span class='ocr_line' id='line_1_66' title="bbox 1119 1588 1809 1629; baseline 0.004 -14"><span class='ocrx_word' id='word_1_487' title='bbox 1119 1589 1226 1627; x_wconf 54' lang='grc' dir='ltr'>ίρωπίντ,</span> <span class='ocrx_word' id='word_1_488' title='bbox 1256 1589 1330 1628; x_wconf 80' lang='grc' dir='ltr'>φύσις</span> <span class='ocrx_word' id='word_1_489' title='bbox 1369 1588 1466 1628; x_wconf 72' lang='grc' dir='ltr'>ἔχθραν</span> <span class='ocrx_word' id='word_1_490' title='bbox 1507 1589 1571 1629; x_wconf 67' lang='grc' dir='ltr'>εἶχε</span> <span class='ocrx_word' id='word_1_491' title='bbox 1613 1590 1679 1628; x_wconf 82' lang='grc' dir='ltr'>πρὸς</span> <span class='ocrx_word' id='word_1_492' title='bbox 1718 1590 1784 1618; x_wconf 80' lang='grc' dir='ltr'>Θεό-ι</span> <span class='ocrx_word' id='word_1_493' title='bbox 1802 1597 1809 1604; x_wconf 87' lang='grc'><strong>“</strong></span> 
     </span>
    </p>
   </div>
   <div class='ocr_carea' id='block_1_67' title="bbox 213 1627 1035 1669">
    <p class='ocr_par' dir='ltr' id='par_1_67' title="bbox 213 1627 1035 1669">
     <span class='ocr_line' id='line_1_67' title="bbox 213 1627 1035 1669; baseline 0.004 -11"><span class='ocrx_word' id='word_1_494' title='bbox 213 1637 292 1658; x_wconf 88' lang='lat' dir='ltr'><strong>nunc</strong></span> <span class='ocrx_word' id='word_1_495' title='bbox 307 1627 347 1658; x_wconf 91' lang='lat' dir='ltr'><strong>ita</strong></span> <span class='ocrx_word' id='word_1_496' title='bbox 363 1628 518 1659; x_wconf 78' lang='lat' dir='ltr'><strong>conciliata</strong></span> <span class='ocrx_word' id='word_1_497' title='bbox 532 1633 587 1666; x_wconf 91' lang='lat' dir='ltr'><strong>est,</strong></span> <span class='ocrx_word' id='word_1_498' title='bbox 604 1632 636 1659; x_wconf 93' lang='lat' dir='ltr'><strong>ut</strong></span> <span class='ocrx_word' id='word_1_499' title='bbox 648 1632 676 1659; x_wconf 89' lang='lat' dir='ltr'><strong>et</strong></span> <span class='ocrx_word' id='word_1_500' title='bbox 690 1628 753 1660; x_wconf 91' lang='lat' dir='ltr'><strong>Deo</strong></span> <span class='ocrx_word' id='word_1_501' title='bbox 778 1629 917 1669; x_wconf 83' lang='lat' dir='ltr'><strong>adjuncta</strong></span> <span class='ocrx_word' id='word_1_502' title='bbox 940 1630 989 1667; x_wconf 90' lang='lat' dir='ltr'><strong>sit,</strong></span> <span class='ocrx_word' id='word_1_503' title='bbox 1006 1634 1035 1661; x_wconf 91' lang='lat' dir='ltr'><strong>et</strong></span> 
     </span>
    </p>
   </div>
   <div class='ocr_carea' id='block_1_68' title="bbox 211 1672 1033 1713">
    <p class='ocr_par' dir='ltr' id='par_1_68' title="bbox 211 1672 1033 1713">
     <span class='ocr_line' id='line_1_68' title="bbox 211 1672 1033 1713; baseline 0.002 -10"><span class='ocrx_word' id='word_1_504' title='bbox 211 1672 364 1704; x_wconf 90' lang='lat' dir='ltr'><strong>incarnato</strong></span> <span class='ocrx_word' id='word_1_505' title='bbox 380 1673 474 1705; x_wconf 83' lang='lat' dir='ltr'><strong>unita.</strong></span> <span class='ocrx_word' id='word_1_506' title='bbox 491 1672 582 1704; x_wconf 85' lang='lat' dir='ltr'><strong>Vides</strong></span> <span class='ocrx_word' id='word_1_507' title='bbox 594 1673 683 1712; x_wconf 81' lang='lat' dir='ltr'><strong>igitur</strong></span> <span class='ocrx_word' id='word_1_508' title='bbox 702 1683 802 1713; x_wconf 77' lang='lat' dir='ltr'><strong>pacem</strong></span> <span class='ocrx_word' id='word_1_509' title='bbox 819 1673 872 1704; x_wconf 90' lang='lat' dir='ltr'><strong>Dei</strong></span> <span class='ocrx_word' id='word_1_510' title='bbox 888 1683 955 1705; x_wconf 83' lang='lat' dir='ltr'><strong>cum</strong></span> <span class='ocrx_word' id='word_1_511' title='bbox 976 1674 1033 1705; x_wconf 93' lang='lat' dir='ltr'><strong>ho-</strong></span> 
     </span>
    </p>
   </div>
   <div class='ocr_carea' id='block_1_69' title="bbox 212 1716 1034 1760">
    <p class='ocr_par' dir='ltr' id='par_1_69' title="bbox 212 1716 1034 1760">
     <span class='ocr_line' id='line_1_69' title="bbox 212 1716 1034 1760; baseline 0.002 -13"><span class='ocrx_word' id='word_1_512' title='bbox 212 1716 308 1748; x_wconf 77' lang='lat' dir='ltr'><strong>mine?</strong></span> <span class='ocrx_word' id='word_1_513' title='bbox 322 1716 358 1748; x_wconf 84' lang='lat' dir='ltr'><strong>Et</strong></span> <span class='ocrx_word' id='word_1_514' title='bbox 381 1717 467 1749; x_wconf 87' lang='lat' dir='ltr'><strong>aliter</strong></span> <span class='ocrx_word' id='word_1_515' title='bbox 481 1727 601 1759; x_wconf 82' lang='lat' dir='ltr'><strong>quoque</strong></span> <span class='ocrx_word' id='word_1_516' title='bbox 616 1717 809 1756; x_wconf 78' lang='lat' dir='ltr'><strong>intelligitur:</strong></span> <span class='ocrx_word' id='word_1_517' title='bbox 824 1728 877 1759; x_wconf 82' lang='lat' dir='ltr'><strong>pax</strong></span> <span class='ocrx_word' id='word_1_518' title='bbox 899 1723 943 1750; x_wconf 92' lang='lat' dir='ltr'><strong>est</strong></span> <span class='ocrx_word' id='word_1_519' title='bbox 970 1719 1034 1760; x_wconf 90' lang='lat' dir='ltr'><strong>ipse</strong></span> 
     </span>
    </p>
   </div>
   <div class='ocr_carea' id='block_1_70' title="bbox 212 1761 1032 1805">
    <p class='ocr_par' dir='ltr' id='par_1_70' title="bbox 212 1761 1032 1805">
     <span class='ocr_line' id='line_1_70' title="bbox 212 1761 1032 1805; baseline 0.001 -11"><span class='ocrx_word' id='word_1_520' title='bbox 212 1761 304 1794; x_wconf 84' lang='lat' dir='ltr'><strong>Filius</strong></span> <span class='ocrx_word' id='word_1_521' title='bbox 315 1761 380 1794; x_wconf 87' lang='lat' dir='ltr'><strong>Dei.</strong></span> <span class='ocrx_word' id='word_1_522' title='bbox 396 1762 457 1802; x_wconf 87' lang='lat' dir='ltr'><strong>Ego</strong></span> <span class='ocrx_word' id='word_1_523' title='bbox 471 1762 563 1801; x_wconf 91' lang='lat' dir='ltr'><strong>enim,</strong></span> <span class='ocrx_word' id='word_1_524' title='bbox 580 1762 688 1804; x_wconf 90' lang='lat' dir='ltr'><strong>inquit,</strong></span> <span class='ocrx_word' id='word_1_525' title='bbox 698 1764 770 1795; x_wconf 84' lang='lat' dir='ltr'><strong>Pax.</strong></span> <span class='ocrx_word' id='word_1_526' title='bbox 787 1762 845 1794; x_wconf 87' lang='lat' dir='ltr'><strong>Ista</strong></span> <span class='ocrx_word' id='word_1_527' title='bbox 860 1764 950 1803; x_wconf 78' lang='lat' dir='ltr'><strong>igitur</strong></span> <span class='ocrx_word' id='word_1_528' title='bbox 965 1773 1032 1805; x_wconf 82' lang='lat' dir='ltr'><strong>pax,</strong></span> 
     </span>
    </p>
   </div>
   <div class='ocr_carea' id='block_1_71' title="bbox 210 1806 1033 1849">
    <p class='ocr_par' dir='ltr' id='par_1_71' title="bbox 210 1806 1033 1849">
     <span class='ocr_line' id='line_1_71' title="bbox 210 1806 1033 1849; baseline 0.004 -12"><span class='ocrx_word' id='word_1_529' title='bbox 210 1806 301 1838; x_wconf 87' lang='lat' dir='ltr'><strong>Filius</strong></span> <span class='ocrx_word' id='word_1_530' title='bbox 317 1807 384 1845; x_wconf 85' lang='lat' dir='ltr'><strong>Dei,</strong></span> <span class='ocrx_word' id='word_1_531' title='bbox 401 1807 534 1848; x_wconf 85' lang='lat' dir='ltr'><strong>inquam,</strong></span> <span class='ocrx_word' id='word_1_532' title='bbox 546 1817 636 1849; x_wconf 90' lang='lat' dir='ltr'><strong>super</strong></span> <span class='ocrx_word' id='word_1_533' title='bbox 653 1814 761 1839; x_wconf 79' lang='lat' dir='ltr'><strong>terram</strong></span> <span class='ocrx_word' id='word_1_534' title='bbox 786 1809 862 1839; x_wconf 78' lang='lat' dir='ltr'><strong>facta</strong></span> <span class='ocrx_word' id='word_1_535' title='bbox 886 1813 941 1841; x_wconf 90' lang='lat' dir='ltr'><strong>est.</strong></span> <span class='ocrx_word' id='word_1_536' title='bbox 956 1809 992 1840; x_wconf 84' lang='lat' dir='ltr'><strong>Et</strong></span> <span class='ocrx_word' id='word_1_537' title='bbox 1003 1809 1033 1840; x_wconf 91' lang='lat' dir='ltr'><strong>in</strong></span> 
     </span>
    </p>
   </div>
   <div class='ocr_carea' id='block_1_72' title="bbox 210 1851 1033 1893">
    <p class='ocr_par' dir='ltr' id='par_1_72' title="bbox 210 1851 1033 1893">
     <span class='ocr_line' id='line_1_72' title="bbox 210 1851 1033 1893; baseline 0.004 -11"><span class='ocrx_word' id='word_1_538' title='bbox 210 1851 383 1893; x_wconf 88' lang='lat' dir='ltr'><strong>hominibus</strong></span> <span class='ocrx_word' id='word_1_539' title='bbox 409 1851 487 1882; x_wconf 86' lang='lat' dir='ltr'><strong>bona</strong></span> <span class='ocrx_word' id='word_1_540' title='bbox 509 1852 646 1884; x_wconf 90' lang='lat' dir='ltr'><strong>voluntas</strong></span> <span class='ocrx_word' id='word_1_541' title='bbox 662 1853 714 1884; x_wconf 67' lang='lat'><strong>‘7:</strong></span> <span class='ocrx_word' id='word_1_542' title='bbox 742 1853 798 1884; x_wconf 91' lang='lat' dir='ltr'><strong>hoc</strong></span> <span class='ocrx_word' id='word_1_543' title='bbox 821 1858 878 1893; x_wconf 86' lang='lat' dir='ltr'><strong>est,</strong></span> <span class='ocrx_word' id='word_1_544' title='bbox 900 1853 952 1884; x_wconf 90' lang='lat' dir='ltr'><strong>Dei</strong></span> <span class='ocrx_word' id='word_1_545' title='bbox 982 1863 1033 1885; x_wconf 88' lang='lat' dir='ltr'><strong>re-</strong></span> 
     </span>
    </p>
   </div>
   <div class='ocr_carea' id='block_1_73' title="bbox 209 1897 1035 1940">
    <p class='ocr_par' dir='ltr' id='par_1_73' title="bbox 209 1897 1035 1940">
     <span class='ocr_line' id='line_1_73' title="bbox 209 1897 1035 1940; baseline 0.002 -11"><span class='ocrx_word' id='word_1_546' title='bbox 209 1897 305 1940; x_wconf 87' lang='lat' dir='ltr'><strong>quies.</strong></span> <span class='ocrx_word' id='word_1_547' title='bbox 321 1898 476 1940; x_wconf 80' lang='lat' dir='ltr'><strong>Requievit</strong></span> <span class='ocrx_word' id='word_1_548' title='bbox 490 1899 568 1929; x_wconf 91' lang='lat' dir='ltr'><strong>enim</strong></span> <span class='ocrx_word' id='word_1_549' title='bbox 584 1898 646 1930; x_wconf 86' lang='lat' dir='ltr'><strong>sive</strong></span> <span class='ocrx_word' id='word_1_550' title='bbox 660 1899 840 1930; x_wconf 84' lang='lat' dir='ltr'><strong>refocillatus</strong></span> <span class='ocrx_word' id='word_1_551' title='bbox 855 1904 900 1931; x_wconf 90' lang='lat' dir='ltr'><strong>est</strong></span> <span class='ocrx_word' id='word_1_552' title='bbox 911 1909 989 1931; x_wconf 85' lang='lat' dir='ltr'><strong>nunc</strong></span> <span class='ocrx_word' id='word_1_553' title='bbox 1006 1904 1035 1931; x_wconf 91' lang='lat' dir='ltr'><strong>et</strong></span> 
     </span>
    </p>
   </div>
   <div class='ocr_carea' id='block_1_74' title="bbox 209 1942 1033 1984">
    <p class='ocr_par' dir='ltr' id='par_1_74' title="bbox 209 1942 1033 1984">
     <span class='ocr_line' id='line_1_74' title="bbox 209 1942 1033 1984; baseline 0.001 -10"><span class='ocrx_word' id='word_1_554' title='bbox 209 1942 287 1974; x_wconf 87' lang='lat' dir='ltr'><strong>bene</strong></span> <span class='ocrx_word' id='word_1_555' title='bbox 306 1942 423 1974; x_wconf 85' lang='lat' dir='ltr'><strong>habitus</strong></span> <span class='ocrx_word' id='word_1_556' title='bbox 451 1943 482 1974; x_wconf 94' lang='lat' dir='ltr'><strong>in</strong></span> <span class='ocrx_word' id='word_1_557' title='bbox 505 1943 696 1974; x_wconf 84' lang='lat' dir='ltr'><strong>hominibus:</strong></span> <span class='ocrx_word' id='word_1_558' title='bbox 713 1954 781 1974; x_wconf 83' lang='lat' dir='ltr'><strong>nam</strong></span> <span class='ocrx_word' id='word_1_559' title='bbox 810 1944 891 1984; x_wconf 90' lang='lat' dir='ltr'><strong>prius</strong></span> <span class='ocrx_word' id='word_1_560' title='bbox 913 1945 1033 1984; x_wconf 89' lang='lat' dir='ltr'><strong>quidem</strong></span> 
     </span>
    </p>
   </div>
   <div class='ocr_carea' id='block_1_75' title="bbox 207 1988 1036 2030">
    <p class='ocr_par' dir='ltr' id='par_1_75' title="bbox 207 1988 1036 2030">
     <span class='ocr_line' id='line_1_75' title="bbox 207 1988 1036 2030; baseline 0.001 -10"><span class='ocrx_word' id='word_1_561' title='bbox 207 1997 269 2020; x_wconf 90' lang='lat' dir='ltr'><strong>non</strong></span> <span class='ocrx_word' id='word_1_562' title='bbox 283 1988 340 2019; x_wconf 86' lang='lat' dir='ltr'><strong>sibi</strong></span> <span class='ocrx_word' id='word_1_563' title='bbox 355 1988 604 2030; x_wconf 85' lang='lat' dir='ltr'><strong>eomplacuit,nec</strong></span> <span class='ocrx_word' id='word_1_564' title='bbox 619 1988 729 2020; x_wconf 88' lang='lat' dir='ltr'><strong>bonum</strong></span> <span class='ocrx_word' id='word_1_565' title='bbox 741 1990 877 2021; x_wconf 74' lang='lat' dir='ltr'><strong>affectum</strong></span> <span class='ocrx_word' id='word_1_566' title='bbox 891 1990 993 2021; x_wconf 62' lang='lat' dir='ltr'><strong>habuit</strong></span> <span class='ocrx_word' id='word_1_567' title='bbox 1005 1989 1036 2021; x_wconf 89' lang='lat' dir='ltr'><strong>in</strong></span> 
     </span>
    </p>
   </div>
   <div class='ocr_carea' id='block_1_76' title="bbox 207 2032 390 2064">
    <p class='ocr_par' dir='ltr' id='par_1_76' title="bbox 207 2032 390 2064">
     <span class='ocr_line' id='line_1_76' title="bbox 207 2032 390 2064; baseline 0 -1"><span class='ocrx_word' id='word_1_568' title='bbox 207 2032 390 2064; x_wconf 91' lang='lat' dir='ltr'><strong>hominibus.</strong></span> 
     </span>
    </p>
   </div>
   <div class='ocr_carea' id='block_1_77' title="bbox 247 2077 1036 2116">
    <p class='ocr_par' dir='ltr' id='par_1_77' title="bbox 247 2077 1036 2116">
     <span class='ocr_line' id='line_1_77' title="bbox 247 2077 1036 2116; baseline 0.004 -7"><span class='ocrx_word' id='word_1_569' title='bbox 247 2077 339 2109; x_wconf 74' lang='lat' dir='ltr'><strong>Vens.</strong></span> <span class='ocrx_word' id='word_1_570' title='bbox 362 2078 466 2110; x_wconf 76' lang='lat'><strong>15-20.</strong></span> <span class='ocrx_word' id='word_1_571' title='bbox 490 2091 500 2104; x_wconf 83' lang='grc' dir='ltr'><strong>ι</strong></span> <span class='ocrx_word' id='word_1_572' title='bbox 520 2077 556 2109; x_wconf 85' lang='grc' dir='ltr'><strong>Ει</strong></span> <span class='ocrx_word' id='word_1_573' title='bbox 570 2078 678 2110; x_wconf 80' lang='lat' dir='ltr'><strong>factum</strong></span> <span class='ocrx_word' id='word_1_574' title='bbox 696 2083 753 2116; x_wconf 89' lang='lat' dir='ltr'><strong>est,</strong></span> <span class='ocrx_word' id='word_1_575' title='bbox 770 2083 802 2110; x_wconf 89' lang='lat' dir='ltr'><strong>ut</strong></span> <span class='ocrx_word' id='word_1_576' title='bbox 832 2079 1036 2112; x_wconf 83' lang='lat' dir='ltr'><strong>discrsserunt</strong></span> 
     </span>
    </p>
   </div>
   <div class='ocr_carea' id='block_1_78' title="bbox 1846 1596 1889 1616">
    <p class='ocr_par' dir='ltr' id='par_1_78' title="bbox 1846 1596 1889 1616">
     <span class='ocr_line' id='line_1_78' title="bbox 1846 1596 1889 1616; baseline -0.047 0"><span class='ocrx_word' id='word_1_577' title='bbox 1846 1596 1889 1616; x_wconf 75' lang='grc' dir='ltr'>νυνι</span> 
     </span>
    </p>
   </div>
   <div class='ocr_carea' id='block_1_79' title="bbox 1076 1632 1888 1674">
    <p class='ocr_par' dir='ltr' id='par_1_79' title="bbox 1076 1632 1888 1674">
     <span class='ocr_line' id='line_1_79' title="bbox 1076 1632 1888 1674; baseline 0 -15"><span class='ocrx_word' id='word_1_578' title='bbox 1076 1632 1103 1659; x_wconf 77' lang='grc' dir='ltr'><strong>δὲ</strong></span> <span class='ocrx_word' id='word_1_579' title='bbox 1146 1633 1271 1661; x_wconf 73' lang='grc' dir='ltr'>τοσοῦτον</span> <span class='ocrx_word' id='word_1_580' title='bbox 1316 1632 1486 1673; x_wconf 78' lang='grc' dir='ltr'>κατηλλάγη,</span> <span class='ocrx_word' id='word_1_581' title='bbox 1530 1633 1599 1661; x_wconf 69' lang='grc' dir='ltr'>ὥστε</span> <span class='ocrx_word' id='word_1_582' title='bbox 1641 1635 1684 1662; x_wconf 79' lang='grc' dir='ltr'>καὶ</span> <span class='ocrx_word' id='word_1_583' title='bbox 1729 1633 1888 1674; x_wconf 70' lang='grc' dir='ltr'>προσεπλάιη</span> 
     </span>
    </p>
   </div>
   <div class='ocr_carea' id='block_1_80' title="bbox 1075 1674 1888 1717">
    <p class='ocr_par' dir='ltr' id='par_1_80' title="bbox 1075 1674 1888 1717">
     <span class='ocr_line' id='line_1_80' title="bbox 1075 1674 1888 1717; baseline 0.004 -12"><span class='ocrx_word' id='word_1_584' title='bbox 1075 1679 1113 1712; x_wconf 88' lang='grc' dir='ltr'>τῷ</span> <span class='ocrx_word' id='word_1_585' title='bbox 1156 1680 1225 1714; x_wconf 87' lang='grc' dir='ltr'>Θεῷ,</span> <span class='ocrx_word' id='word_1_586' title='bbox 1268 1678 1312 1705; x_wconf 88' lang='grc' dir='ltr'><strong>καὶ</strong></span> <span class='ocrx_word' id='word_1_587' title='bbox 1364 1677 1453 1711; x_wconf 74' lang='grc' dir='ltr'>ήνώοη</span> <span class='ocrx_word' id='word_1_588' title='bbox 1495 1677 1567 1715; x_wconf 72' lang='grc' dir='ltr'>αὐτῷ</span> <span class='ocrx_word' id='word_1_589' title='bbox 1592 1679 1782 1716; x_wconf 73' lang='grc' dir='ltr'>’καρκωθέντι,</span> <span class='ocrx_word' id='word_1_590' title='bbox 1825 1674 1888 1717; x_wconf 76' lang='grc' dir='ltr'><strong>Ὀρᾷς</strong></span> 
     </span>
    </p>
   </div>
   <div class='ocr_carea' id='block_1_81' title="bbox 1076 1722 1888 1763">
    <p class='ocr_par' dir='ltr' id='par_1_81' title="bbox 1076 1722 1888 1763">
     <span class='ocr_line' id='line_1_81' title="bbox 1076 1722 1888 1763; baseline -0.001 -13"><span class='ocrx_word' id='word_1_591' title='bbox 1076 1723 1120 1750; x_wconf 75' lang='grc' dir='ltr'>οὖν</span> <span class='ocrx_word' id='word_1_592' title='bbox 1156 1722 1263 1761; x_wconf 79' lang='grc' dir='ltr'>εἰρήνην</span> <span class='ocrx_word' id='word_1_593' title='bbox 1295 1726 1343 1751; x_wconf 77' lang='grc' dir='ltr'>τοῦ</span> <span class='ocrx_word' id='word_1_594' title='bbox 1370 1723 1436 1750; x_wconf 67' lang='grc' dir='ltr'>Θεοῦ</span> <span class='ocrx_word' id='word_1_595' title='bbox 1469 1723 1534 1762; x_wconf 79' lang='grc' dir='ltr'>πρὸς</span> <span class='ocrx_word' id='word_1_596' title='bbox 1566 1723 1612 1751; x_wconf 79' lang='grc' dir='ltr'>τὸν</span> <span class='ocrx_word' id='word_1_597' title='bbox 1649 1722 1809 1763; x_wconf 75' lang='grc' dir='ltr'>ἄνθρωπον;</span> <span class='ocrx_word' id='word_1_598' title='bbox 1847 1723 1888 1752; x_wconf 78' lang='grc' dir='ltr'><strong>Καὶ</strong></span> 
     </span>
    </p>
   </div>
   <div class='ocr_carea' id='block_1_82' title="bbox 1074 1765 1887 1807">
    <p class='ocr_par' dir='ltr' id='par_1_82' title="bbox 1074 1765 1887 1807">
     <span class='ocr_line' id='line_1_82' title="bbox 1074 1765 1887 1807; baseline 0.001 -13"><span class='ocrx_word' id='word_1_599' title='bbox 1074 1765 1162 1798; x_wconf 73' lang='grc' dir='ltr'>ἄλλως</span> <span class='ocrx_word' id='word_1_600' title='bbox 1194 1766 1221 1794; x_wconf 76' lang='grc' dir='ltr'><strong>δὲ</strong></span> <span class='ocrx_word' id='word_1_601' title='bbox 1249 1768 1408 1801; x_wconf 81' lang='grc' dir='ltr'>νοηθήσεται</span> <span class='ocrx_word' id='word_1_602' title='bbox 1429 1775 1435 1782; x_wconf 82' lang='grc'><strong>⁸</strong></span> <span class='ocrx_word' id='word_1_603' title='bbox 1475 1768 1574 1807; x_wconf 79' lang='grc' dir='ltr'>Εἰρήνη</span> <span class='ocrx_word' id='word_1_604' title='bbox 1604 1768 1678 1796; x_wconf 62' lang='grc' dir='ltr'>ἐστίν</span> <span class='ocrx_word' id='word_1_605' title='bbox 1701 1768 1782 1800; x_wconf 62' lang='grc' dir='ltr'>αὑτὸς</span> <span class='ocrx_word' id='word_1_606' title='bbox 1806 1769 1819 1797; x_wconf 79' lang='grc' dir='ltr'><strong>ὃ</strong></span> <span class='ocrx_word' id='word_1_607' title='bbox 1840 1769 1887 1799; x_wconf 69' lang='grc' dir='ltr'>Υἱὸς</span> 
     </span>
    </p>
   </div>
   <div class='ocr_carea' id='block_1_83' title="bbox 1073 1812 1888 1853">
    <p class='ocr_par' dir='ltr' id='par_1_83' title="bbox 1073 1812 1888 1853">
     <span class='ocr_line' id='line_1_83' title="bbox 1073 1812 1888 1853; baseline 0 -14"><span class='ocrx_word' id='word_1_608' title='bbox 1073 1815 1119 1840; x_wconf 77' lang='grc' dir='ltr'>τοὺ</span> <span class='ocrx_word' id='word_1_609' title='bbox 1149 1815 1215 1841; x_wconf 78' lang='grc' dir='ltr'>Θεοῦ</span> <span class='ocrx_word' id='word_1_610' title='bbox 1230 1820 1237 1826; x_wconf 92' lang='grc'>·</span> <span class='ocrx_word' id='word_1_611' title='bbox 1263 1812 1336 1851; x_wconf 81' lang='grc' dir='ltr'><strong>Ἐγὼ</strong></span> <span class='ocrx_word' id='word_1_612' title='bbox 1361 1813 1423 1852; x_wconf 73' lang='grc' dir='ltr'>γὰρ,</span> <span class='ocrx_word' id='word_1_613' title='bbox 1451 1813 1542 1853; x_wconf 83' lang='grc' dir='ltr'>φησὶν,</span> <span class='ocrx_word' id='word_1_614' title='bbox 1576 1813 1593 1846; x_wconf 83' lang='grc' dir='ltr'>ἡ</span> <span class='ocrx_word' id='word_1_615' title='bbox 1626 1813 1718 1852; x_wconf 74' lang='grc' dir='ltr'>εἰρήνη</span> <span class='ocrx_word' id='word_1_616' title='bbox 1739 1822 1747 1829; x_wconf 93' lang='grc'><strong>·</strong></span> <span class='ocrx_word' id='word_1_617' title='bbox 1771 1813 1833 1846; x_wconf 79' lang='grc' dir='ltr'>αὕτη</span> <span class='ocrx_word' id='word_1_618' title='bbox 1853 1814 1888 1841; x_wconf 73' lang='grc' dir='ltr'>οὖν</span> 
     </span>
    </p>
   </div>
   <div class='ocr_carea' id='block_1_84' title="bbox 1074 1853 1888 1898">
    <p class='ocr_par' dir='ltr' id='par_1_84' title="bbox 1074 1853 1888 1898">
     <span class='ocr_line' id='line_1_84' title="bbox 1074 1853 1888 1898; baseline 0 -14"><span class='ocrx_word' id='word_1_619' title='bbox 1074 1857 1091 1890; x_wconf 80' lang='grc' dir='ltr'><strong>ἡ</strong></span> <span class='ocrx_word' id='word_1_620' title='bbox 1122 1857 1225 1896; x_wconf 72' lang='grc' dir='ltr'>εἰρήνη,</span> <span class='ocrx_word' id='word_1_621' title='bbox 1254 1857 1267 1885; x_wconf 81' lang='grc' dir='ltr'><strong>ὃ</strong></span> <span class='ocrx_word' id='word_1_622' title='bbox 1297 1858 1357 1889; x_wconf 81' lang='grc' dir='ltr'>Υἱὸς</span> <span class='ocrx_word' id='word_1_623' title='bbox 1386 1861 1431 1885; x_wconf 73' lang='grc' dir='ltr'>τοῦ</span> <span class='ocrx_word' id='word_1_624' title='bbox 1464 1857 1539 1894; x_wconf 76' lang='grc' dir='ltr'>Θεοῦ,</span> <span class='ocrx_word' id='word_1_625' title='bbox 1573 1856 1616 1886; x_wconf 77' lang='grc' dir='ltr'>ἐπὶ</span> <span class='ocrx_word' id='word_1_626' title='bbox 1646 1860 1698 1896; x_wconf 82' lang='grc' dir='ltr'><strong>γῆς</strong></span> <span class='ocrx_word' id='word_1_627' title='bbox 1729 1858 1832 1898; x_wconf 77' lang='grc' dir='ltr'>γέγονε,</span> <span class='ocrx_word' id='word_1_628' title='bbox 1853 1853 1888 1884; x_wconf 78' lang='grc' dir='ltr'><strong>καὶ</strong></span> 
     </span>
    </p>
   </div>
   <div class='ocr_carea' id='block_1_85' title="bbox 1073 1900 1888 1941">
    <p class='ocr_par' dir='ltr' id='par_1_85' title="bbox 1073 1900 1888 1941">
     <span class='ocr_line' id='line_1_85' title="bbox 1073 1900 1888 1941; baseline -0.001 -12"><span class='ocrx_word' id='word_1_629' title='bbox 1073 1900 1101 1929; x_wconf 77' lang='grc' dir='ltr'>ἐν</span> <span class='ocrx_word' id='word_1_630' title='bbox 1131 1907 1188 1933; x_wconf 73' lang='grc' dir='ltr'>τοῖς</span> <span class='ocrx_word' id='word_1_631' title='bbox 1224 1901 1372 1941; x_wconf 82' lang='grc' dir='ltr'>ἀνθρώποις</span> <span class='ocrx_word' id='word_1_632' title='bbox 1411 1900 1525 1938; x_wconf 69' lang='grc' dir='ltr'>εὐδοκία,</span> <span class='ocrx_word' id='word_1_633' title='bbox 1554 1901 1692 1930; x_wconf 81' lang='grc' dir='ltr'>τουτέστιν</span> <span class='ocrx_word' id='word_1_634' title='bbox 1721 1903 1888 1932; x_wconf 70' lang='grc' dir='ltr'>ὲπανάπαυσις</span> 
     </span>
    </p>
   </div>
   <div class='ocr_carea' id='block_1_86' title="bbox 1076 1945 1887 1985">
    <p class='ocr_par' dir='ltr' id='par_1_86' title="bbox 1076 1945 1887 1985">
     <span class='ocr_line' id='line_1_86' title="bbox 1076 1945 1887 1985; baseline 0 -13"><span class='ocrx_word' id='word_1_635' title='bbox 1076 1948 1122 1973; x_wconf 76' lang='grc' dir='ltr'>τοῦ</span> <span class='ocrx_word' id='word_1_636' title='bbox 1152 1948 1229 1984; x_wconf 72' lang='grc' dir='ltr'>Θεοῦ,</span> <span class='ocrx_word' id='word_1_637' title='bbox 1253 1945 1420 1979; x_wconf 79' lang='grc' dir='ltr'>ἐπανεπαύθη</span> <span class='ocrx_word' id='word_1_638' title='bbox 1448 1947 1498 1985; x_wconf 80' lang='grc' dir='ltr'><strong>γὰρ</strong></span> <span class='ocrx_word' id='word_1_639' title='bbox 1527 1947 1540 1974; x_wconf 80' lang='grc' dir='ltr'>ὁ</span> <span class='ocrx_word' id='word_1_640' title='bbox 1578 1947 1642 1978; x_wconf 80' lang='grc' dir='ltr'>Θεὸς</span> <span class='ocrx_word' id='word_1_641' title='bbox 1675 1949 1718 1975; x_wconf 82' lang='grc' dir='ltr'>νῦν</span> <span class='ocrx_word' id='word_1_642' title='bbox 1740 1947 1784 1974; x_wconf 83' lang='grc' dir='ltr'><strong>καὶ</strong></span> <span class='ocrx_word' id='word_1_643' title='bbox 1804 1947 1887 1984; x_wconf 70' lang='grc' dir='ltr'>εὗηρε-</span> 
     </span>
    </p>
   </div>
   <div class='ocr_carea' id='block_1_87' title="bbox 1078 1989 1886 2033">
    <p class='ocr_par' dir='ltr' id='par_1_87' title="bbox 1078 1989 1886 2033">
     <span class='ocr_line' id='line_1_87' title="bbox 1078 1989 1886 2033; baseline 0 -15"><span class='ocrx_word' id='word_1_644' title='bbox 1078 1990 1162 2025; x_wconf 78' lang='grc' dir='ltr'>στήθη</span> <span class='ocrx_word' id='word_1_645' title='bbox 1179 1989 1206 2018; x_wconf 76' lang='grc' dir='ltr'>ὲν</span> <span class='ocrx_word' id='word_1_646' title='bbox 1228 1997 1286 2022; x_wconf 80' lang='grc' dir='ltr'>τοῖς</span> <span class='ocrx_word' id='word_1_647' title='bbox 1303 1991 1459 2028; x_wconf 77' lang='grc' dir='ltr'>ἀνθρώποις,</span> <span class='ocrx_word' id='word_1_648' title='bbox 1482 1991 1511 2022; x_wconf 86' lang='grc' dir='ltr'>ὃς</span> <span class='ocrx_word' id='word_1_649' title='bbox 1525 1991 1618 2031; x_wconf 85' lang='grc' dir='ltr'>πρώην</span> <span class='ocrx_word' id='word_1_650' title='bbox 1647 2002 1689 2033; x_wconf 70' lang='grc' dir='ltr'>γε,</span> <span class='ocrx_word' id='word_1_651' title='bbox 1721 1992 1769 2020; x_wconf 81' lang='grc' dir='ltr'><strong>οὐκ</strong></span> <span class='ocrx_word' id='word_1_652' title='bbox 1783 1991 1886 2030; x_wconf 67' lang='grc' dir='ltr'>ηὖδόκει,</span> 
     </span>
    </p>
   </div>
   <div class='ocr_carea' id='block_1_88' title="bbox 1076 2033 1566 2074">
    <p class='ocr_par' dir='ltr' id='par_1_88' title="bbox 1076 2033 1566 2074">
     <span class='ocr_line' id='line_1_88' title="bbox 1076 2033 1566 2074; baseline 0.006 -12"><span class='ocrx_word' id='word_1_653' title='bbox 1076 2033 1134 2063; x_wconf 74' lang='grc' dir='ltr'>οὐδὲ</span> <span class='ocrx_word' id='word_1_654' title='bbox 1149 2034 1274 2074; x_wconf 81' lang='grc' dir='ltr'>ἠρέσκετο</span> <span class='ocrx_word' id='word_1_655' title='bbox 1289 2034 1316 2063; x_wconf 81' lang='grc' dir='ltr'>ἐν</span> <span class='ocrx_word' id='word_1_656' title='bbox 1331 2042 1390 2068; x_wconf 78' lang='grc' dir='ltr'>τοῖς</span> <span class='ocrx_word' id='word_1_657' title='bbox 1406 2035 1566 2074; x_wconf 73' lang='grc' dir='ltr'>ἀνθρώποις.</span> 
     </span>
    </p>
   </div>
   <div class='ocr_carea' id='block_1_89' title="bbox 1119 2079 1886 2120">
    <p class='ocr_par' dir='ltr' id='par_1_89' title="bbox 1119 2079 1886 2120">
     <span class='ocr_line' id='line_1_89' title="bbox 1119 2079 1886 2120; baseline 0.001 -13"><span class='ocrx_word' id='word_1_658' title='bbox 1119 2091 1132 2106; x_wconf 79' lang='lat' dir='ltr'><strong>a</strong></span> <span class='ocrx_word' id='word_1_659' title='bbox 1151 2080 1199 2108; x_wconf 82' lang='grc' dir='ltr'><strong>Καὶ</strong></span> <span class='ocrx_word' id='word_1_660' title='bbox 1231 2079 1336 2118; x_wconf 72' lang='grc' dir='ltr'>εγενετο</span> <span class='ocrx_word' id='word_1_661' title='bbox 1364 2081 1400 2113; x_wconf 83' lang='grc' dir='ltr'>ὼς</span> <span class='ocrx_word' id='word_1_662' title='bbox 1427 2080 1548 2114; x_wconf 76' lang='grc' dir='ltr'>ἀπῆλθον</span> <span class='ocrx_word' id='word_1_663' title='bbox 1569 2080 1616 2109; x_wconf 71' lang='grc' dir='ltr'>ἀπ’</span> <span class='ocrx_word' id='word_1_664' title='bbox 1637 2084 1724 2112; x_wconf 71' lang='grc' dir='ltr'>αὐτῶν</span> <span class='ocrx_word' id='word_1_665' title='bbox 1754 2083 1777 2110; x_wconf 77' lang='grc' dir='ltr'>οἱ</span> <span class='ocrx_word' id='word_1_666' title='bbox 1792 2079 1886 2120; x_wconf 72' lang='grc' dir='ltr'>ἄγγελοι</span> 
     </span>
    </p>
   </div>
   <div class='ocr_carea' id='block_1_90' title="bbox 205 2120 1232 2165">
    <p class='ocr_par' dir='ltr' id='par_1_90' title="bbox 205 2120 1232 2164">
     <span class='ocr_line' id='line_1_90' title="bbox 205 2120 1232 2164; baseline 0.002 -12"><span class='ocrx_word' id='word_1_667' title='bbox 205 2120 244 2152; x_wconf 88' lang='lat' dir='ltr'><strong>ab</strong></span> <span class='ocrx_word' id='word_1_668' title='bbox 257 2122 300 2153; x_wconf 89' lang='lat' dir='ltr'><strong>eis</strong></span> <span class='ocrx_word' id='word_1_669' title='bbox 307 2122 444 2162; x_wconf 84' lang='lat' dir='ltr'><strong>angeliin</strong></span> <span class='ocrx_word' id='word_1_670' title='bbox 455 2122 717 2160; x_wconf 65' lang='lat' dir='ltr'><strong>caalum,homines</strong></span> <span class='ocrx_word' id='word_1_671' title='bbox 728 2127 861 2164; x_wconf 91' lang='lat' dir='ltr'><strong>pastores</strong></span> <span class='ocrx_word' id='word_1_672' title='bbox 873 2124 1032 2164; x_wconf 85' lang='lat' dir='ltr'><strong>loqueban-</strong></span> <span class='ocrx_word' id='word_1_673' title='bbox 1075 2125 1110 2156; x_wconf 78' lang='grc' dir='ltr'><strong>εἰς</strong></span> <span class='ocrx_word' id='word_1_674' title='bbox 1126 2125 1172 2153; x_wconf 80' lang='grc' dir='ltr'>τὸν</span> <span class='ocrx_word' id='word_1_675' title='bbox 1193 2126 1232 2164; x_wconf 59' lang='grc' dir='ltr'>οὓς</span> 
     </span>
    </p>
   </div>
   <div class='ocr_carea' id='block_1_91' title="bbox 1119 2120 1886 2165">
    <p class='ocr_par' dir='ltr' id='par_1_91' title="bbox 1126 2125 1886 2165">
     <span class='ocr_line' id='line_1_91' title="bbox 1126 2125 1886 2165; baseline 0 -13"><span class='ocrx_word' id='word_1_676' title='bbox 1126 2125 1172 2153; x_wconf 80' lang='grc' dir='ltr'>τὸν</span> <span class='ocrx_word' id='word_1_677' title='bbox 1193 2126 1312 2164; x_wconf 70' lang='grc' dir='ltr'>οὗρανὸν,</span> <span class='ocrx_word' id='word_1_678' title='bbox 1342 2126 1385 2153; x_wconf 77' lang='grc' dir='ltr'><strong>καὶ</strong></span> <span class='ocrx_word' id='word_1_679' title='bbox 1413 2127 1436 2154; x_wconf 76' lang='grc' dir='ltr'>οἱ</span> <span class='ocrx_word' id='word_1_680' title='bbox 1464 2125 1596 2165; x_wconf 78' lang='grc' dir='ltr'>ἅνθρωποι</span> <span class='ocrx_word' id='word_1_681' title='bbox 1625 2129 1648 2155; x_wconf 76' lang='grc' dir='ltr'>οἱ</span> <span class='ocrx_word' id='word_1_682' title='bbox 1677 2127 1803 2164; x_wconf 77' lang='grc' dir='ltr'>ποιμένες</span> <span class='ocrx_word' id='word_1_683' title='bbox 1819 2125 1886 2153; x_wconf 79' lang='grc' dir='ltr'>εἶπον</span> 
     </span>
    </p>
   </div>
   <div class='ocr_carea' id='block_1_92' title="bbox 206 2166 1232 2211">
    <p class='ocr_par' dir='ltr' id='par_1_92' title="bbox 206 2166 1232 2210">
     <span class='ocr_line' id='line_1_92' title="bbox 206 2166 1232 2210; baseline 0.006 -14"><span class='ocrx_word' id='word_1_684' title='bbox 206 2170 255 2197; x_wconf 93' lang='lat' dir='ltr'><strong>tur</strong></span> <span class='ocrx_word' id='word_1_685' title='bbox 269 2166 348 2197; x_wconf 89' lang='lat' dir='ltr'><strong>inter</strong></span> <span class='ocrx_word' id='word_1_686' title='bbox 358 2175 442 2198; x_wconf 90' lang='lat' dir='ltr'><strong>sese:</strong></span> <span class='ocrx_word' id='word_1_687' title='bbox 458 2167 658 2198; x_wconf 83' lang='lat' dir='ltr'><strong>Transeamus</strong></span> <span class='ocrx_word' id='word_1_688' title='bbox 668 2168 729 2208; x_wconf 89' lang='lat' dir='ltr'><strong>jam</strong></span> <span class='ocrx_word' id='word_1_689' title='bbox 746 2168 902 2200; x_wconf 90' lang='lat' dir='ltr'><strong>Bethleem</strong></span> <span class='ocrx_word' id='word_1_690' title='bbox 926 2178 1030 2210; x_wconf 90' lang='lat' dir='ltr'><strong>usque,</strong></span> <span class='ocrx_word' id='word_1_691' title='bbox 1073 2170 1139 2208; x_wconf 80' lang='grc' dir='ltr'>πρὸς</span> <span class='ocrx_word' id='word_1_692' title='bbox 1155 2168 1232 2204; x_wconf 74' lang='grc' dir='ltr'>ἀλλήὲ</span> 
     </span>
    </p>
   </div>
   <div class='ocr_carea' id='block_1_93' title="bbox 1119 2166 1885 2211">
    <p class='ocr_par' dir='ltr' id='par_1_93' title="bbox 1119 2168 1885 2211">
     <span class='ocr_line' id='line_1_93' title="bbox 1119 2168 1885 2211; baseline 0.001 -14"><span class='ocrx_word' id='word_1_693' title='bbox 1119 2181 1139 2202; x_wconf 64' lang='lat' dir='ltr'><strong>ig</strong></span> <span class='ocrx_word' id='word_1_694' title='bbox 1155 2168 1298 2204; x_wconf 76' lang='grc' dir='ltr'>ἀλλήλους.</span> <span class='ocrx_word' id='word_1_695' title='bbox 1316 2169 1466 2209; x_wconf 75' lang='grc' dir='ltr'>Διέλθωμεν</span> <span class='ocrx_word' id='word_1_696' title='bbox 1481 2169 1514 2204; x_wconf 76' lang='grc' dir='ltr'>δὴ</span> <span class='ocrx_word' id='word_1_697' title='bbox 1529 2170 1579 2203; x_wconf 76' lang='grc' dir='ltr'>ἕως</span> <span class='ocrx_word' id='word_1_698' title='bbox 1596 2171 1728 2211; x_wconf 77' lang='grc' dir='ltr'>Βηθλεὲμ,</span> <span class='ocrx_word' id='word_1_699' title='bbox 1761 2172 1803 2199; x_wconf 79' lang='grc' dir='ltr'><strong>καὶ</strong></span> <span class='ocrx_word' id='word_1_700' title='bbox 1827 2168 1885 2197; x_wconf 80' lang='grc' dir='ltr'>ἴδω-</span> 
     </span>
    </p>
   </div>
   <div class='ocr_carea' id='block_1_94' title="bbox 206 2211 1232 2256">
    <p class='ocr_par' dir='ltr' id='par_1_94' title="bbox 206 2211 1232 2256">
     <span class='ocr_line' id='line_1_94' title="bbox 206 2211 1232 2256; baseline 0 -14"><span class='ocrx_word' id='word_1_701' title='bbox 206 2215 235 2242; x_wconf 89' lang='lat' dir='ltr'><strong>et</strong></span> <span class='ocrx_word' id='word_1_702' title='bbox 249 2211 401 2256; x_wconf 82' lang='lat' dir='ltr'><strong>videamus</strong></span> <span class='ocrx_word' id='word_1_703' title='bbox 416 2212 473 2243; x_wconf 88' lang='lat' dir='ltr'><strong>hoc</strong></span> <span class='ocrx_word' id='word_1_704' title='bbox 490 2211 570 2252; x_wconf 89' lang='lat' dir='ltr'><strong>qupd</strong></span> <span class='ocrx_word' id='word_1_705' title='bbox 584 2211 787 2253; x_wconf 85' lang='lat' dir='ltr'><strong>accidit,quod</strong></span> <span class='ocrx_word' id='word_1_706' title='bbox 799 2213 942 2245; x_wconf 88' lang='lat' dir='ltr'><strong>Dominus</strong></span> <span class='ocrx_word' id='word_1_707' title='bbox 957 2222 1031 2255; x_wconf 86' lang='lat' dir='ltr'><strong>ape-</strong></span> <span class='ocrx_word' id='word_1_708' title='bbox 1073 2224 1121 2251; x_wconf 77' lang='grc' dir='ltr'><strong>μεν</strong></span> <span class='ocrx_word' id='word_1_709' title='bbox 1150 2215 1181 2242; x_wconf 80' lang='grc' dir='ltr'>τὸ</span> <span class='ocrx_word' id='word_1_710' title='bbox 1201 2214 1232 2253; x_wconf 82' lang='grc' dir='ltr'><strong>ῥῆ</strong></span> 
     </span>
    </p>
   </div>
   <div class='ocr_carea' id='block_1_95' title="bbox 1119 2211 1885 2256">
    <p class='ocr_par' dir='ltr' id='par_1_95' title="bbox 1119 2214 1885 2256">
     <span class='ocr_line' id='line_1_95' title="bbox 1119 2214 1885 2256; baseline 0.001 -17"><span class='ocrx_word' id='word_1_711' title='bbox 1119 2226 1121 2238; x_wconf 88' lang='grc' dir='ltr'><strong>ι</strong></span> <span class='ocrx_word' id='word_1_712' title='bbox 1150 2215 1181 2242; x_wconf 80' lang='grc' dir='ltr'>τὸ</span> <span class='ocrx_word' id='word_1_713' title='bbox 1201 2214 1276 2253; x_wconf 68' lang='grc' dir='ltr'>ῥῆμα</span> <span class='ocrx_word' id='word_1_714' title='bbox 1297 2215 1374 2244; x_wconf 71' lang='grc' dir='ltr'>τοῦτο</span> <span class='ocrx_word' id='word_1_715' title='bbox 1394 2216 1426 2244; x_wconf 78' lang='grc' dir='ltr'>τὸ</span> <span class='ocrx_word' id='word_1_716' title='bbox 1451 2216 1573 2255; x_wconf 80' lang='grc' dir='ltr'>γεγονὸς,</span> <span class='ocrx_word' id='word_1_717' title='bbox 1589 2217 1603 2244; x_wconf 83' lang='grc' dir='ltr'><strong>ὃ</strong></span> <span class='ocrx_word' id='word_1_718' title='bbox 1618 2218 1632 2244; x_wconf 82' lang='grc' dir='ltr'>ὁ</span> <span class='ocrx_word' id='word_1_719' title='bbox 1649 2217 1743 2256; x_wconf 79' lang='grc' dir='ltr'>Κύριος</span> <span class='ocrx_word' id='word_1_720' title='bbox 1759 2216 1885 2256; x_wconf 74' lang='grc' dir='ltr'>ἐγνώρισεν</span> 
     </span>
    </p>
   </div>
   <div class='ocr_carea' id='block_1_96' title="bbox 204 2255 1232 2309">
    <p class='ocr_par' dir='ltr' id='par_1_96' title="bbox 204 2255 1230 2309">
     <span class='ocr_line' id='line_1_96' title="bbox 204 2255 1230 2309; baseline 0 -22"><span class='ocrx_word' id='word_1_721' title='bbox 204 2255 375 2309; x_wconf 44' lang='grc' dir='ltr'>ςιιὶῐιιοὺίε.</span> <span class='ocrx_word' id='word_1_722' title='bbox 388 2256 432 2309; x_wconf 72' lang='lat' dir='ltr'><strong>_Et</strong></span> <span class='ocrx_word' id='word_1_723' title='bbox 448 2261 595 2309; x_wconf 67' lang='lat' dir='ltr'><strong>venerunt</strong></span> <span class='ocrx_word' id='word_1_724' title='bbox 608 2257 793 2308; x_wconf 62' lang='lat' dir='ltr'><strong>festinantes,</strong></span> <span class='ocrx_word' id='word_1_725' title='bbox 809 2262 837 2288; x_wconf 91' lang='lat' dir='ltr'><strong>et</strong></span> <span class='ocrx_word' id='word_1_726' title='bbox 851 2257 1032 2309; x_wconf 77' lang='lat' dir='ltr'><strong>invenerunt</strong></span> <span class='ocrx_word' id='word_1_727' title='bbox 1045 2259 1165 2309; x_wconf 30' lang='lat' dir='ltr'><strong>Dﬁprv:</strong></span> <span class='ocrx_word' id='word_1_728' title='bbox 1195 2270 1230 2287; x_wconf 89' lang='grc' dir='ltr'><strong>κα</strong></span> 
     </span>
    </p>
   </div>
   <div class='ocr_carea' id='block_1_97' title="bbox 1119 2255 1884 2309">
    <p class='ocr_par' dir='ltr' id='par_1_97' title="bbox 1119 2258 1884 2300">
     <span class='ocr_line' id='line_1_97' title="bbox 1119 2258 1884 2300; baseline -0.001 -13"><span class='ocrx_word' id='word_1_729' title='bbox 1119 2265 1141 2287; x_wconf 80' lang='lat' dir='ltr'><strong>tv</strong></span> <span class='ocrx_word' id='word_1_730' title='bbox 1159 2268 1165 2274; x_wconf 84' lang='lat'>&#39;</span> <span class='ocrx_word' id='word_1_731' title='bbox 1195 2260 1240 2287; x_wconf 89' lang='grc' dir='ltr'><strong>καὶ</strong></span> <span class='ocrx_word' id='word_1_732' title='bbox 1268 2258 1350 2293; x_wconf 76' lang='grc' dir='ltr'>ἦλθον</span> <span class='ocrx_word' id='word_1_733' title='bbox 1371 2260 1530 2294; x_wconf 76' lang='grc' dir='ltr'>σπεύσαντες</span> <span class='ocrx_word' id='word_1_734' title='bbox 1548 2269 1554 2275; x_wconf 89' lang='grc'><em>’</em></span> <span class='ocrx_word' id='word_1_735' title='bbox 1586 2262 1629 2289; x_wconf 84' lang='grc' dir='ltr'><strong>καὶ</strong></span> <span class='ocrx_word' id='word_1_736' title='bbox 1658 2261 1767 2300; x_wconf 76' lang='grc' dir='ltr'>ἀνεῦρον</span> <span class='ocrx_word' id='word_1_737' title='bbox 1792 2261 1838 2294; x_wconf 85' lang='grc' dir='ltr'><strong>τήν</strong></span> <span class='ocrx_word' id='word_1_738' title='bbox 1861 2267 1884 2285; x_wconf 81' lang='grc' dir='ltr'><strong>τε</strong></span> 
     </span>
    </p>
   </div>
   <div class='ocr_carea' id='block_1_98' title="bbox 203 2300 1232 2345">
    <p class='ocr_par' dir='ltr' id='par_1_98' title="bbox 203 2300 1232 2344">
     <span class='ocr_line' id='line_1_98' title="bbox 203 2300 1232 2344; baseline -0.002 -11"><span class='ocrx_word' id='word_1_739' title='bbox 203 2300 326 2333; x_wconf 86' lang='lat' dir='ltr'><strong>Mariam</strong></span> <span class='ocrx_word' id='word_1_740' title='bbox 339 2306 369 2333; x_wconf 94' lang='lat' dir='ltr'><strong>et</strong></span> <span class='ocrx_word' id='word_1_741' title='bbox 383 2302 538 2341; x_wconf 85' lang='lat' dir='ltr'><strong>.loseph,et</strong></span> <span class='ocrx_word' id='word_1_742' title='bbox 548 2301 692 2333; x_wconf 86' lang='lat' dir='ltr'><strong>infantem</strong></span> <span class='ocrx_word' id='word_1_743' title='bbox 705 2303 833 2343; x_wconf 90' lang='lat' dir='ltr'><strong>positum</strong></span> <span class='ocrx_word' id='word_1_744' title='bbox 849 2303 879 2334; x_wconf 92' lang='lat' dir='ltr'><strong>in</strong></span> <span class='ocrx_word' id='word_1_745' title='bbox 894 2303 1029 2344; x_wconf 64' lang='lat' dir='ltr'><strong>praesepi.</strong></span> <span class='ocrx_word' id='word_1_746' title='bbox 1045 2300 1183 2342; x_wconf 69' lang='grc' dir='ltr'>νΜαριὰμ</span> <span class='ocrx_word' id='word_1_747' title='bbox 1212 2315 1232 2332; x_wconf 70' lang='grc' dir='ltr'>κε</span> 
     </span>
    </p>
   </div>
   <div class='ocr_carea' id='block_1_99' title="bbox 1119 2300 1884 2345">
    <p class='ocr_par' dir='ltr' id='par_1_99' title="bbox 1119 2303 1884 2345">
     <span class='ocr_line' id='line_1_99' title="bbox 1119 2303 1884 2345; baseline 0 -14"><span class='ocrx_word' id='word_1_748' title='bbox 1119 2303 1183 2342; x_wconf 80' lang='grc' dir='ltr'>ριὶιμ</span> <span class='ocrx_word' id='word_1_749' title='bbox 1212 2304 1255 2333; x_wconf 86' lang='grc' dir='ltr'><strong>καὶ</strong></span> <span class='ocrx_word' id='word_1_750' title='bbox 1281 2305 1327 2333; x_wconf 80' lang='grc' dir='ltr'>τὸν</span> <span class='ocrx_word' id='word_1_751' title='bbox 1355 2304 1468 2343; x_wconf 75' lang='grc' dir='ltr'>Ἰωσὴφ,</span> <span class='ocrx_word' id='word_1_752' title='bbox 1510 2306 1553 2333; x_wconf 79' lang='grc' dir='ltr'><strong>καὶ</strong></span> <span class='ocrx_word' id='word_1_753' title='bbox 1595 2306 1625 2333; x_wconf 81' lang='grc' dir='ltr'>τὸ</span> <span class='ocrx_word' id='word_1_754' title='bbox 1655 2306 1751 2345; x_wconf 75' lang='grc' dir='ltr'>βρέφος</span> <span class='ocrx_word' id='word_1_755' title='bbox 1778 2305 1884 2342; x_wconf 79' lang='grc' dir='ltr'>κείμενοί</span> 
     </span>
    </p>
   </div>
   <div class='ocr_carea' id='block_1_100' title="bbox 203 2345 1031 2389">
    <p class='ocr_par' dir='ltr' id='par_1_100' title="bbox 203 2345 1031 2389">
     <span class='ocr_line' id='line_1_100' title="bbox 203 2345 1031 2389; baseline 0.004 -13"><span class='ocrx_word' id='word_1_756' title='bbox 203 2345 277 2376; x_wconf 88' lang='lat' dir='ltr'><strong>Cum</strong></span> <span class='ocrx_word' id='word_1_757' title='bbox 290 2346 433 2378; x_wconf 85' lang='lat' dir='ltr'><strong>vidissent</strong></span> <span class='ocrx_word' id='word_1_758' title='bbox 442 2350 552 2384; x_wconf 84' lang='lat' dir='ltr'><strong>autem,</strong></span> <span class='ocrx_word' id='word_1_759' title='bbox 567 2346 792 2387; x_wconf 88' lang='lat' dir='ltr'><strong>divulgaverunt</strong></span> <span class='ocrx_word' id='word_1_760' title='bbox 803 2347 841 2378; x_wconf 92' lang='lat' dir='ltr'><strong>de</strong></span> <span class='ocrx_word' id='word_1_761' title='bbox 851 2348 941 2379; x_wconf 91' lang='lat' dir='ltr'><strong>verbo</strong></span> <span class='ocrx_word' id='word_1_762' title='bbox 953 2348 1031 2389; x_wconf 91' lang='lat' dir='ltr'><strong>quod</strong></span> 
     </span>
    </p>
   </div>
   <div class='ocr_carea' id='block_1_101' title="bbox 203 2390 1030 2434">
    <p class='ocr_par' dir='ltr' id='par_1_101' title="bbox 203 2390 1030 2434">
     <span class='ocr_line' id='line_1_101' title="bbox 203 2390 1030 2434; baseline 0.004 -12"><span class='ocrx_word' id='word_1_763' title='bbox 203 2390 314 2422; x_wconf 90' lang='lat' dir='ltr'><strong>dictum</strong></span> <span class='ocrx_word' id='word_1_764' title='bbox 333 2396 396 2423; x_wconf 87' lang='lat' dir='ltr'><strong>erat</strong></span> <span class='ocrx_word' id='word_1_765' title='bbox 406 2391 480 2432; x_wconf 88' lang='lat' dir='ltr'><strong>ipsis</strong></span> <span class='ocrx_word' id='word_1_766' title='bbox 494 2391 531 2423; x_wconf 90' lang='lat' dir='ltr'><strong>de</strong></span> <span class='ocrx_word' id='word_1_767' title='bbox 549 2401 641 2432; x_wconf 89' lang='lat' dir='ltr'><strong>puero</strong></span> <span class='ocrx_word' id='word_1_768' title='bbox 657 2393 714 2424; x_wconf 89' lang='lat' dir='ltr'><strong>hoc</strong></span> <span class='ocrx_word' id='word_1_769' title='bbox 729 2402 736 2424; x_wconf 94' lang='lat'>:</span> <span class='ocrx_word' id='word_1_770' title='bbox 753 2398 782 2424; x_wconf 87' lang='lat' dir='ltr'><strong>et</strong></span> <span class='ocrx_word' id='word_1_771' title='bbox 793 2402 897 2424; x_wconf 90' lang='lat' dir='ltr'><strong>omnes</strong></span> <span class='ocrx_word' id='word_1_772' title='bbox 913 2394 961 2434; x_wconf 91' lang='lat' dir='ltr'><strong>qui</strong></span> <span class='ocrx_word' id='word_1_773' title='bbox 974 2402 1030 2425; x_wconf 87' lang='lat' dir='ltr'><strong>au-</strong></span> 
     </span>
    </p>
   </div>
   <div class='ocr_carea' id='block_1_102' title="bbox 203 2434 1029 2478">
    <p class='ocr_par' dir='ltr' id='par_1_102' title="bbox 203 2434 1029 2478">
     <span class='ocr_line' id='line_1_102' title="bbox 203 2434 1029 2478; baseline 0.004 -12"><span class='ocrx_word' id='word_1_774' title='bbox 203 2434 336 2477; x_wconf 87' lang='lat' dir='ltr'><strong>dierunt,</strong></span> <span class='ocrx_word' id='word_1_775' title='bbox 352 2435 450 2467; x_wconf 88' lang='lat' dir='ltr'><strong>mirati</strong></span> <span class='ocrx_word' id='word_1_776' title='bbox 467 2441 537 2468; x_wconf 82' lang='lat' dir='ltr'><strong>sunt</strong></span> <span class='ocrx_word' id='word_1_777' title='bbox 551 2437 589 2467; x_wconf 87' lang='lat' dir='ltr'><strong>de</strong></span> <span class='ocrx_word' id='word_1_778' title='bbox 603 2436 648 2467; x_wconf 92' lang='lat' dir='ltr'><strong>his</strong></span> <span class='ocrx_word' id='word_1_779' title='bbox 663 2446 729 2477; x_wconf 66' lang='lat' dir='ltr'><strong>quas</strong></span> <span class='ocrx_word' id='word_1_780' title='bbox 743 2437 820 2468; x_wconf 87' lang='lat' dir='ltr'><strong>dicta</strong></span> <span class='ocrx_word' id='word_1_781' title='bbox 839 2440 924 2469; x_wconf 83' lang='lat' dir='ltr'><strong>erant</strong></span> <span class='ocrx_word' id='word_1_782' title='bbox 934 2447 950 2468; x_wconf 94' lang='lat' dir='ltr'><strong>a</strong></span> <span class='ocrx_word' id='word_1_783' title='bbox 962 2447 1029 2478; x_wconf 88' lang='lat' dir='ltr'><strong>pas—</strong></span> 
     </span>
    </p>
   </div>
   <div class='ocr_carea' id='block_1_103' title="bbox 204 2480 1029 2522">
    <p class='ocr_par' dir='ltr' id='par_1_103' title="bbox 204 2480 1029 2522">
     <span class='ocr_line' id='line_1_103' title="bbox 204 2480 1029 2522; baseline 0.002 -11"><span class='ocrx_word' id='word_1_784' title='bbox 204 2481 321 2512; x_wconf 89' lang='lat' dir='ltr'><strong>toribus</strong></span> <span class='ocrx_word' id='word_1_785' title='bbox 335 2481 372 2512; x_wconf 89' lang='lat' dir='ltr'><strong>ad</strong></span> <span class='ocrx_word' id='word_1_786' title='bbox 392 2481 484 2522; x_wconf 86' lang='lat' dir='ltr'><strong>ipsos.</strong></span> <span class='ocrx_word' id='word_1_787' title='bbox 502 2494 513 2509; x_wconf 74' lang='grc' dir='ltr'><strong>ι</strong></span> <span class='ocrx_word' id='word_1_788' title='bbox 527 2480 664 2512; x_wconf 86' lang='lat' dir='ltr'><strong>Pastores</strong></span> <span class='ocrx_word' id='word_1_789' title='bbox 676 2481 718 2512; x_wconf 89' lang='lat' dir='ltr'><strong>illi</strong></span> <span class='ocrx_word' id='word_1_790' title='bbox 732 2482 824 2521; x_wconf 83' lang='lat' dir='ltr'><strong>ﬁgura</strong></span> <span class='ocrx_word' id='word_1_791' title='bbox 846 2487 913 2512; x_wconf 84' lang='lat' dir='ltr'><strong>sunt</strong></span> <span class='ocrx_word' id='word_1_792' title='bbox 937 2481 1029 2522; x_wconf 85' lang='lat' dir='ltr'><strong>spiri-</strong></span> 
     </span>
    </p>
   </div>
   <div class='ocr_carea' id='block_1_104' title="bbox 201 2525 1031 2567">
    <p class='ocr_par' dir='ltr' id='par_1_104' title="bbox 201 2525 1031 2567">
     <span class='ocr_line' id='line_1_104' title="bbox 201 2525 1031 2567; baseline 0.001 -11"><span class='ocrx_word' id='word_1_793' title='bbox 201 2525 353 2557; x_wconf 87' lang='lat' dir='ltr'><strong>ritualium</strong></span> <span class='ocrx_word' id='word_1_794' title='bbox 379 2530 528 2567; x_wconf 85' lang='lat' dir='ltr'><strong>pastorum</strong></span> <span class='ocrx_word' id='word_1_795' title='bbox 559 2529 589 2556; x_wconf 91' lang='lat' dir='ltr'><strong>et</strong></span> <span class='ocrx_word' id='word_1_796' title='bbox 614 2526 786 2566; x_wconf 68' lang='lat' dir='ltr'><strong>praesulum.</strong></span> <span class='ocrx_word' id='word_1_797' title='bbox 804 2526 927 2567; x_wconf 89' lang='lat' dir='ltr'><strong>Oportet</strong></span> <span class='ocrx_word' id='word_1_798' title='bbox 941 2527 1031 2567; x_wconf 83' lang='lat' dir='ltr'><strong>igitur</strong></span> 
     </span>
    </p>
   </div>
   <div class='ocr_carea' id='block_1_105' title="bbox 201 2569 1028 2612">
    <p class='ocr_par' dir='ltr' id='par_1_105' title="bbox 201 2569 1028 2612">
     <span class='ocr_line' id='line_1_105' title="bbox 201 2569 1028 2612; baseline 0 -11"><span class='ocrx_word' id='word_1_799' title='bbox 201 2569 357 2610; x_wconf 86' lang='lat' dir='ltr'><strong>episcopos</strong></span> <span class='ocrx_word' id='word_1_800' title='bbox 379 2569 528 2601; x_wconf 87' lang='lat' dir='ltr'><strong>custodire</strong></span> <span class='ocrx_word' id='word_1_801' title='bbox 557 2579 677 2610; x_wconf 86' lang='lat' dir='ltr'><strong>gregem</strong></span> <span class='ocrx_word' id='word_1_802' title='bbox 705 2580 803 2609; x_wconf 88' lang='lat' dir='ltr'><strong>suum,</strong></span> <span class='ocrx_word' id='word_1_803' title='bbox 835 2575 864 2602; x_wconf 86' lang='lat' dir='ltr'><strong>et</strong></span> <span class='ocrx_word' id='word_1_804' title='bbox 883 2572 1028 2612; x_wconf 79' lang='grc' dir='ltr'>ἀγραυλεῖν</span> 
     </span>
    </p>
   </div>
   <div class='ocr_carea' id='block_1_106' title="bbox 199 2614 1029 2656">
    <p class='ocr_par' dir='ltr' id='par_1_106' title="bbox 199 2614 1029 2656">
     <span class='ocr_line' id='line_1_106' title="bbox 199 2614 1029 2656; baseline 0.002 -11"><span class='ocrx_word' id='word_1_805' title='bbox 199 2614 230 2645; x_wconf 91' lang='lat' dir='ltr'><strong>in</strong></span> <span class='ocrx_word' id='word_1_806' title='bbox 254 2623 325 2654; x_wconf 85' lang='lat' dir='ltr'><strong>agro</strong></span> <span class='ocrx_word' id='word_1_807' title='bbox 348 2624 470 2655; x_wconf 83' lang='lat' dir='ltr'><strong>canere,</strong></span> <span class='ocrx_word' id='word_1_808' title='bbox 493 2615 550 2646; x_wconf 89' lang='lat' dir='ltr'><strong>hoc</strong></span> <span class='ocrx_word' id='word_1_809' title='bbox 573 2620 628 2656; x_wconf 90' lang='lat' dir='ltr'><strong>est,</strong></span> <span class='ocrx_word' id='word_1_810' title='bbox 653 2624 761 2646; x_wconf 88' lang='lat' dir='ltr'><strong>canere</strong></span> <span class='ocrx_word' id='word_1_811' title='bbox 781 2615 969 2656; x_wconf 86' lang='lat' dir='ltr'><strong>sipiritualia,</strong></span> <span class='ocrx_word' id='word_1_812' title='bbox 999 2620 1029 2648; x_wconf 92' lang='lat' dir='ltr'><strong>et</strong></span> 
     </span>
    </p>
   </div>
   <div class='ocr_carea' id='block_1_107' title="bbox 201 2658 1028 2701">
    <p class='ocr_par' dir='ltr' id='par_1_107' title="bbox 201 2658 1028 2701">
     <span class='ocr_line' id='line_1_107' title="bbox 201 2658 1028 2701; baseline 0.004 -11"><span class='ocrx_word' id='word_1_813' title='bbox 201 2658 311 2691; x_wconf 90' lang='lat' dir='ltr'><strong>docere</strong></span> <span class='ocrx_word' id='word_1_814' title='bbox 326 2660 480 2701; x_wconf 86' lang='lat' dir='ltr'><strong>populum,</strong></span> <span class='ocrx_word' id='word_1_815' title='bbox 500 2663 529 2691; x_wconf 90' lang='lat' dir='ltr'><strong>et</strong></span> <span class='ocrx_word' id='word_1_816' title='bbox 543 2659 586 2690; x_wconf 85' lang='lat' dir='ltr'><strong>sic</strong></span> <span class='ocrx_word' id='word_1_817' title='bbox 602 2659 684 2700; x_wconf 87' lang='lat' dir='ltr'><strong>digni</strong></span> <span class='ocrx_word' id='word_1_818' title='bbox 708 2660 777 2691; x_wconf 81' lang='lat' dir='ltr'><strong>[ient</strong></span> <span class='ocrx_word' id='word_1_819' title='bbox 800 2662 844 2700; x_wconf 76' lang='grc' dir='ltr'>(ιι)</span> <span class='ocrx_word' id='word_1_820' title='bbox 865 2661 1028 2693; x_wconf 89' lang='lat' dir='ltr'><strong>visionibus</strong></span> 
     </span>
    </p>
   </div>
   <div class='ocr_carea' id='block_1_108' title="bbox 237 2739 789 2779">
    <p class='ocr_par' dir='ltr' id='par_1_108' title="bbox 237 2739 789 2779">
     <span class='ocr_line' id='line_1_108' title="bbox 237 2739 789 2779; baseline 0.002 -6"><span class='ocrx_word' id='word_1_821' title='bbox 237 2739 270 2766; x_wconf 72' lang='grc' dir='ltr'><strong>οὕ</strong></span> <span class='ocrx_word' id='word_1_822' title='bbox 282 2741 359 2774; x_wconf 88' lang='lat' dir='ltr'><strong>Gen.</strong></span> <span class='ocrx_word' id='word_1_823' title='bbox 377 2749 467 2778; x_wconf 69' lang='lat' dir='ltr'><strong>xnvn,</strong></span> <span class='ocrx_word' id='word_1_824' title='bbox 479 2741 508 2772; x_wconf 89' lang='lat'><strong>3.</strong></span> <span class='ocrx_word' id='word_1_825' title='bbox 553 2739 584 2765; x_wconf 71' lang='grc' dir='ltr'><strong>ιτ</strong></span> <span class='ocrx_word' id='word_1_826' title='bbox 600 2739 672 2771; x_wconf 86' lang='lat' dir='ltr'><strong>Luc.</strong></span> <span class='ocrx_word' id='word_1_827' title='bbox 689 2749 721 2779; x_wconf 87' lang='lat' dir='ltr'><strong>ll,</strong></span> <span class='ocrx_word' id='word_1_828' title='bbox 740 2741 789 2774; x_wconf 80' lang='grc'><strong>14.</strong></span> 
     </span>
    </p>
   </div>
   <div class='ocr_carea' id='block_1_109' title="bbox 1073 2347 1882 2389">
    <p class='ocr_par' dir='ltr' id='par_1_109' title="bbox 1073 2347 1882 2389">
     <span class='ocr_line' id='line_1_109' title="bbox 1073 2347 1882 2389; baseline -0.028 -13"><span class='ocrx_word' id='word_1_829' title='bbox 1073 2347 1100 2376; x_wconf 82' lang='grc' dir='ltr'>ἐν</span> <span class='ocrx_word' id='word_1_830' title='bbox 1128 2351 1162 2387; x_wconf 78' lang='grc' dir='ltr'><strong>τῇ</strong></span> <span class='ocrx_word' id='word_1_831' title='bbox 1184 2349 1270 2389; x_wconf 67' lang='grc' dir='ltr'>φάτνῃ</span> <span class='ocrx_word' id='word_1_832' title='bbox 1288 2357 1295 2364; x_wconf 87' lang='grc'><strong>·</strong></span> <span class='ocrx_word' id='word_1_833' title='bbox 1318 2348 1416 2382; x_wconf 80' lang='grc' dir='ltr'>ἰδόντες</span> <span class='ocrx_word' id='word_1_834' title='bbox 1440 2348 1468 2377; x_wconf 79' lang='grc' dir='ltr'><strong>δὲ</strong></span> <span class='ocrx_word' id='word_1_835' title='bbox 1496 2348 1666 2389; x_wconf 59' lang='grc' dir='ltr'>διεγηώριην</span> <span class='ocrx_word' id='word_1_836' title='bbox 1695 2352 1754 2389; x_wconf 62' lang='grc' dir='ltr'>περὶ</span> <span class='ocrx_word' id='word_1_837' title='bbox 1775 2353 1817 2377; x_wconf 59' lang='grc' dir='ltr'><strong>τοῦ</strong></span> <span class='ocrx_word' id='word_1_838' title='bbox 1840 2347 1882 2386; x_wconf 33' lang='lat' dir='ltr'><strong>HR</strong></span> 
     </span>
    </p>
   </div>
   <div class='ocr_carea' id='block_1_110' title="bbox 1073 2392 1882 2435">
    <p class='ocr_par' dir='ltr' id='par_1_110' title="bbox 1073 2392 1882 2435">
     <span class='ocr_line' id='line_1_110' title="bbox 1073 2392 1882 2435; baseline -0.001 -15"><span class='ocrx_word' id='word_1_839' title='bbox 1073 2404 1157 2430; x_wconf 81' lang='grc' dir='ltr'>ματος</span> <span class='ocrx_word' id='word_1_840' title='bbox 1183 2398 1229 2423; x_wconf 77' lang='grc' dir='ltr'>τοῦ</span> <span class='ocrx_word' id='word_1_841' title='bbox 1250 2393 1411 2428; x_wconf 83' lang='grc' dir='ltr'>λαληθέντος</span> <span class='ocrx_word' id='word_1_842' title='bbox 1439 2395 1530 2427; x_wconf 74' lang='grc' dir='ltr'>αὐτοῖς</span> <span class='ocrx_word' id='word_1_843' title='bbox 1552 2396 1610 2435; x_wconf 84' lang='grc' dir='ltr'><strong>περί</strong></span> <span class='ocrx_word' id='word_1_844' title='bbox 1633 2399 1678 2423; x_wconf 69' lang='grc' dir='ltr'>τοῦ</span> <span class='ocrx_word' id='word_1_845' title='bbox 1704 2394 1805 2423; x_wconf 79' lang='grc' dir='ltr'>παιδίου</span> <span class='ocrx_word' id='word_1_846' title='bbox 1829 2392 1882 2420; x_wconf 84' lang='grc' dir='ltr'>τού-</span> 
     </span>
    </p>
   </div>
   <div class='ocr_carea' id='block_1_111' title="bbox 1071 2439 1881 2479">
    <p class='ocr_par' dir='ltr' id='par_1_111' title="bbox 1071 2439 1881 2479">
     <span class='ocr_line' id='line_1_111' title="bbox 1071 2439 1881 2479; baseline -0.002 -13"><span class='ocrx_word' id='word_1_847' title='bbox 1071 2449 1117 2467; x_wconf 87' lang='grc' dir='ltr'><strong>του</strong></span> <span class='ocrx_word' id='word_1_848' title='bbox 1136 2447 1143 2455; x_wconf 90' lang='grc'>·</span> <span class='ocrx_word' id='word_1_849' title='bbox 1161 2439 1204 2466; x_wconf 80' lang='grc' dir='ltr'>καὶ</span> <span class='ocrx_word' id='word_1_850' title='bbox 1229 2439 1326 2470; x_wconf 81' lang='grc' dir='ltr'>πάντες</span> <span class='ocrx_word' id='word_1_851' title='bbox 1350 2440 1373 2467; x_wconf 78' lang='grc' dir='ltr'>οἱ</span> <span class='ocrx_word' id='word_1_852' title='bbox 1401 2439 1571 2479; x_wconf 73' lang='grc' dir='ltr'>ἀκούσαντες,</span> <span class='ocrx_word' id='word_1_853' title='bbox 1597 2439 1748 2477; x_wconf 75' lang='grc' dir='ltr'>ἐθαύμασαν</span> <span class='ocrx_word' id='word_1_854' title='bbox 1773 2439 1881 2478; x_wconf 76' lang='grc' dir='ltr'>περὶτῶν</span> 
     </span>
    </p>
   </div>
   <div class='ocr_carea' id='block_1_112' title="bbox 1071 2481 1882 2523">
    <p class='ocr_par' dir='ltr' id='par_1_112' title="bbox 1071 2481 1882 2523">
     <span class='ocr_line' id='line_1_112' title="bbox 1071 2481 1882 2523; baseline -0.002 -13"><span class='ocrx_word' id='word_1_855' title='bbox 1071 2481 1239 2516; x_wconf 83' lang='grc' dir='ltr'>λαληθέντων</span> <span class='ocrx_word' id='word_1_856' title='bbox 1254 2483 1304 2511; x_wconf 80' lang='grc' dir='ltr'><strong>ὑπὸ</strong></span> <span class='ocrx_word' id='word_1_857' title='bbox 1325 2483 1379 2512; x_wconf 82' lang='grc' dir='ltr'>τῶν</span> <span class='ocrx_word' id='word_1_858' title='bbox 1393 2483 1528 2522; x_wconf 61' lang='grc' dir='ltr'>ποιμένωθ</span> <span class='ocrx_word' id='word_1_859' title='bbox 1550 2485 1615 2523; x_wconf 78' lang='grc' dir='ltr'>πρὸς</span> <span class='ocrx_word' id='word_1_860' title='bbox 1631 2485 1735 2516; x_wconf 68' lang='grc' dir='ltr'>αὐτούς.</span> <span class='ocrx_word' id='word_1_861' title='bbox 1755 2496 1769 2512; x_wconf 69' lang='grc' dir='ltr'><strong><em>ι</em></strong></span> <span class='ocrx_word' id='word_1_862' title='bbox 1789 2484 1816 2513; x_wconf 87' lang='grc' dir='ltr'><strong>Οἱ</strong></span> <span class='ocrx_word' id='word_1_863' title='bbox 1830 2492 1882 2510; x_wconf 77' lang='grc' dir='ltr'>ποι-</span> 
     </span>
    </p>
   </div>
   <div class='ocr_carea' id='block_1_113' title="bbox 1071 2526 1881 2567">
    <p class='ocr_par' dir='ltr' id='par_1_113' title="bbox 1071 2526 1881 2567">
     <span class='ocr_line' id='line_1_113' title="bbox 1071 2526 1881 2567; baseline 0 -12"><span class='ocrx_word' id='word_1_864' title='bbox 1071 2526 1148 2565; x_wconf 84' lang='grc' dir='ltr'>μένες</span> <span class='ocrx_word' id='word_1_865' title='bbox 1179 2528 1250 2556; x_wconf 79' lang='grc' dir='ltr'>οὗτοι</span> <span class='ocrx_word' id='word_1_866' title='bbox 1279 2526 1411 2566; x_wconf 72' lang='grc' dir='ltr'>σύμϐολόν</span> <span class='ocrx_word' id='word_1_867' title='bbox 1451 2528 1501 2557; x_wconf 81' lang='grc' dir='ltr'>εἱσι</span> <span class='ocrx_word' id='word_1_868' title='bbox 1526 2531 1579 2557; x_wconf 80' lang='grc' dir='ltr'>τῶν</span> <span class='ocrx_word' id='word_1_869' title='bbox 1615 2533 1800 2567; x_wconf 81' lang='grc' dir='ltr'>πνευματικῶν</span> <span class='ocrx_word' id='word_1_870' title='bbox 1829 2537 1881 2554; x_wconf 68' lang='grc' dir='ltr'>πηι-</span> 
     </span>
    </p>
   </div>
   <div class='ocr_carea' id='block_1_114' title="bbox 1070 2572 1881 2614">
    <p class='ocr_par' dir='ltr' id='par_1_114' title="bbox 1070 2572 1881 2614">
     <span class='ocr_line' id='line_1_114' title="bbox 1070 2572 1881 2614; baseline 0.006 -14"><span class='ocrx_word' id='word_1_871' title='bbox 1070 2572 1170 2610; x_wconf 79' lang='grc' dir='ltr'>μένων,</span> <span class='ocrx_word' id='word_1_872' title='bbox 1199 2576 1252 2600; x_wconf 84' lang='grc' dir='ltr'>τῶν</span> <span class='ocrx_word' id='word_1_873' title='bbox 1277 2573 1423 2613; x_wconf 78' lang='grc' dir='ltr'>ἀρχιερέων</span> <span class='ocrx_word' id='word_1_874' title='bbox 1442 2583 1449 2590; x_wconf 90' lang='grc'><strong>·</strong></span> <span class='ocrx_word' id='word_1_875' title='bbox 1472 2573 1515 2602; x_wconf 77' lang='grc' dir='ltr'>δεῖ</span> <span class='ocrx_word' id='word_1_876' title='bbox 1542 2574 1585 2603; x_wconf 68' lang='grc' dir='ltr'>εὖν</span> <span class='ocrx_word' id='word_1_877' title='bbox 1608 2575 1669 2607; x_wconf 73' lang='grc' dir='ltr'>τοὺς</span> <span class='ocrx_word' id='word_1_878' title='bbox 1692 2575 1825 2614; x_wconf 70' lang='grc' dir='ltr'>ἀρχιερεῖς</span> <span class='ocrx_word' id='word_1_879' title='bbox 1838 2583 1881 2611; x_wconf 68' lang='grc' dir='ltr'><strong>Ῡυ·</strong></span> 
     </span>
    </p>
   </div>
   <div class='ocr_carea' id='block_1_115' title="bbox 1069 2616 1878 2659">
    <p class='ocr_par' dir='ltr' id='par_1_115' title="bbox 1069 2616 1878 2659">
     <span class='ocr_line' id='line_1_115' title="bbox 1069 2616 1878 2659; baseline 0 -13"><span class='ocrx_word' id='word_1_880' title='bbox 1069 2616 1176 2646; x_wconf 85' lang='grc' dir='ltr'>λάσσειν</span> <span class='ocrx_word' id='word_1_881' title='bbox 1197 2618 1248 2650; x_wconf 76' lang='grc' dir='ltr'>τὴν</span> <span class='ocrx_word' id='word_1_882' title='bbox 1268 2621 1382 2655; x_wconf 83' lang='grc' dir='ltr'>ποίμνην</span> <span class='ocrx_word' id='word_1_883' title='bbox 1397 2619 1480 2647; x_wconf 66' lang='grc' dir='ltr'>αὐτῶν</span> <span class='ocrx_word' id='word_1_884' title='bbox 1503 2619 1548 2648; x_wconf 81' lang='grc' dir='ltr'><strong>καὶ</strong></span> <span class='ocrx_word' id='word_1_885' title='bbox 1577 2618 1731 2659; x_wconf 73' lang='grc' dir='ltr'>ὰγραυλεϊν,</span> <span class='ocrx_word' id='word_1_886' title='bbox 1755 2618 1878 2653; x_wconf 71' lang='grc' dir='ltr'>τουτέστιν,</span> 
     </span>
    </p>
   </div>
   <div class='ocr_carea' id='block_1_116' title="bbox 1067 2661 1878 2701">
    <p class='ocr_par' dir='ltr' id='par_1_116' title="bbox 1067 2661 1878 2701">
     <span class='ocr_line' id='line_1_116' title="bbox 1067 2661 1878 2701; baseline 0 -11"><span class='ocrx_word' id='word_1_887' title='bbox 1067 2661 1139 2699; x_wconf 76' lang='grc' dir='ltr'>ᾅδειν</span> <span class='ocrx_word' id='word_1_888' title='bbox 1165 2663 1330 2700; x_wconf 77' lang='grc' dir='ltr'>πνευματικά</span> <span class='ocrx_word' id='word_1_889' title='bbox 1373 2674 1444 2701; x_wconf 84' lang='grc' dir='ltr'>τινα,</span> <span class='ocrx_word' id='word_1_890' title='bbox 1493 2665 1538 2692; x_wconf 72' lang='grc' dir='ltr'><strong>καὶ</strong></span> <span class='ocrx_word' id='word_1_891' title='bbox 1577 2663 1708 2692; x_wconf 72' lang='grc' dir='ltr'>διδάσκειν</span> <span class='ocrx_word' id='word_1_892' title='bbox 1744 2665 1788 2693; x_wconf 77' lang='grc' dir='ltr'><strong>τὸν</strong></span> <span class='ocrx_word' id='word_1_893' title='bbox 1815 2662 1878 2696; x_wconf 75' lang='grc' dir='ltr'>λαὸν,</span> 
     </span>
    </p>
   </div>
   <div class='ocr_carea' id='block_1_117' title="bbox 232 2807 1232 2854">
    <p class='ocr_par' dir='ltr' id='par_1_117' title="bbox 232 2807 1192 2854">
     <span class='ocr_line' id='line_1_117' title="bbox 232 2807 1192 2854; baseline 0.002 -15"><span class='ocrx_word' id='word_1_894' title='bbox 232 2807 278 2848; x_wconf 88' lang='lat' dir='ltr'><strong>(a)</strong></span> <span class='ocrx_word' id='word_1_895' title='bbox 298 2807 379 2840; x_wconf 86' lang='lat' dir='ltr'><strong>Edit.</strong></span> <span class='ocrx_word' id='word_1_896' title='bbox 395 2809 462 2840; x_wconf 90' lang='lat' dir='ltr'><strong>Lut.</strong></span> <span class='ocrx_word' id='word_1_897' title='bbox 479 2816 539 2838; x_wconf 89' lang='lat' dir='ltr'><strong>non</strong></span> <span class='ocrx_word' id='word_1_898' title='bbox 555 2807 695 2848; x_wconf 67' lang='lat' dir='ltr'><strong>exprimit</strong></span> <span class='ocrx_word' id='word_1_899' title='bbox 709 2808 840 2840; x_wconf 64' lang='lat' dir='ltr'><strong>Graecam</strong></span> <span class='ocrx_word' id='word_1_900' title='bbox 857 2818 975 2854; x_wconf 64' lang='lat' dir='ltr'><strong>vocem,</strong></span> <span class='ocrx_word' id='word_1_901' title='bbox 990 2810 1192 2847; x_wconf 79' lang='grc' dir='ltr'>ἆξιωθήσονται.</span> 
     </span>
    </p>
   </div>
   <div class='ocr_carea' id='block_1_118' title="bbox 1119 2807 1192 2854">
    <p class='ocr_par' dir='ltr' id='par_1_118' title="bbox 1119 2823 1192 2844">
     <span class='ocr_line' id='line_1_118' title="bbox 1119 2823 1192 2844; baseline 0.027 -5"><span class='ocrx_word' id='word_1_902' title='bbox 1119 2823 1181 2842; x_wconf 66' lang='grc' dir='ltr'>ννται</span> <span class='ocrx_word' id='word_1_903' title='bbox 1185 2836 1192 2844; x_wconf 88' lang='grc'><em>.</em></span> 
     </span>
    </p>
   </div>
  </div>
