1933 3084
48 173 100 206 725

45 244 85 272 καὶ
129 243 214 275 οὕτως
268 243 458 278 ἆξιωθήσονται
513 243 589 270 θείων
641 240 780 279 θεαμάτων
821 235 865 265 καὶ

44 288 224 326 ἀκουσμάτων.
261 288 383 326 Βηθλεὶμ
413 287 441 316 δὲ
483 286 653 326 ἑρμηνεύεται
695 285 772 317 οἶκος
814 284 860 312 τοῦ

40 333 112 372 ἄρτου
127 341 136 350 ⁸
167 333 208 365 τίς
236 332 264 361 δὲ
293 332 373 364 ἄλλος
399 332 469 361 ἒστὶν
494 333 508 360 ὃ
549 331 627 363 οἶκος
653 335 700 360 τοῦ
726 330 817 370 ἄρτου,
841 328 859 362 ἢ

40 379 55 411 ἡ
78 377 237 415 Ἐκκλησία,
265 377 293 406 ἐν
323 378 341 412 ἦ
370 378 384 405 ὁ
412 376 489 417 ἄρτος
511 376 652 405 ἀπόκειται
669 387 678 412 ;
694 375 801 414 ’Ἐγρον
815 373 859 402 οὖν

40 422 90 450 ἐστι
104 429 162 455 τοῖς
176 422 299 462 λογιγοϊς
314 422 437 460 ποιμέσιν
452 421 589 458 ἰπιζητεῖν
615 420 734 460 οὐράνιον
754 419 832 458 ἄρτον
849 426 856 432 ·

39 468 80 495 καὶ
106 466 165 499 μεθ’
206 467 221 495 ὃ
250 466 328 495 ἴδωσι
364 467 410 495 τὸν
443 465 533 505 ἄρτον,
574 465 706 506 ὀφείλουσι
734 465 778 493 καὶ
803 470 861 496 τοῖς

43 511 127 544 ἅλλοις
142 512 284 552 κηρύττειν
300 519 309 528 ⁸
332 511 422 551 ὥσπερ
436 511 480 540 καὶ
506 511 529 539 οἱ
557 510 683 549 ποιμένες
710 509 808 541 ἰδόντες
832 509 862 536 τὸ

42 556 142 596 βρέφος,
166 555 328 591 διιλάλησαν
343 557 387 584 καὶ
401 562 460 588 τοῖς
476 555 577 589 ἄλλοις,

81 613 95 628 ι
113 597 142 629 Ἠ
159 600 188 629 δὲ
205 601 314 640 Μαριὰμ
334 601 420 629 πάντα
449 601 584 640 συνετήρει
604 600 638 628 τὰ
652 600 758 639 ῥήματα
778 603 860 629 ταῦτα

44 645 225 683 συμϐάλλουσα
253 646 281 673 ὲν
302 649 337 684 τῇ
363 644 455 685 καρδίᾳ
491 647 573 679 αὐτῆς
590 655 598 663 ·
628 645 672 674 καὶ
696 644 860 683 δπέστρεψαν

42 692 62 719 οἱ
88 691 225 731 ποιμένες,
254 689 405 727 δοξάζοντες
434 690 478 719 καὶ
500 691 632 722 αἰνοῦντες
655 690 701 718 τὸν
723 690 788 717 Θεὸν
817 688 860 716 ἐπὶ

42 738 127 775 πᾶσιν,
157 736 204 767 οἷς
233 734 350 769 ἤκουσαν
371 735 415 764 καὶ
437 733 520 772 εἶδον,
537 735 623 766 καθὼς
649 733 767 769 ἐλαλήθη
794 734 859 772 πρὸς

40 780 138 812 αὒτούς.
157 791 172 808 ι
190 783 263 809 Ποῖα
285 781 391 819 ῥήματα
419 780 554 820 συνετήρει
580 781 596 814 ἡ
613 778 742 819 Παρθένος
760 788 768 819 ς
786 778 860 809 Τινὲς

40 825 84 861 μὲν
113 824 237 865 λέγουσιν
265 824 306 853 ὅτι
327 824 378 854 ὅσα
405 825 504 865 εἰρήκει
532 825 599 863 αὒτῇ
626 826 641 853 ὁ
663 822 788 864 ἅγγελος,
818 823 860 850 καὶ

41 869 85 897 ὅσα
111 870 134 898 οἱ
152 869 280 908 ποιμένες
303 870 395 910 εἶπον,
418 869 540 905 ὶττετήριι
571 870 621 910 γὰρ
636 872 717 897 ταῦτα
731 869 775 897 καὶ
796 879 856 896 συνοη

41 913 141 943 ἔϐαλλεν
170 915 198 943 ἒν
238 918 272 954 τῇ
301 914 394 954 καρδίᾳ
423 915 516 955 αὐτῆς,
553 913 686 951 τουτέστι,
716 913 858 952 συνέκρινε,

408 172 632 205 ENARRATIO
654 172 695 203 IN
719 169 859 203 EVANGJ

941 170 975 201 ’Μ
997 170 1117 204 ΙᾹΙΟΑΞ.
1141 189 1180 195 -
1199 171 1284 204 CAP.
1307 173 1348 204 II.

1670 172 1731 205 726

876 239 894 264 Α
906 235 1027 276 divinis,
1043 242 1071 269 et
1086 238 1300 270 auditionibus.
1318 238 1471 270 Bethleem
1497 238 1731 278 interpretamur

901 280 1015 313 donum
1044 283 1140 323 panis.
1157 283 1228 320 Quae
1251 287 1350 314 autem
1376 283 1434 314 alia
1449 287 1494 314 est
1508 283 1615 314 domus
1632 284 1730 328 panis,

900 335 988 366 quam
1006 328 1151 366 Ecclesia,
1167 329 1196 359 in
1213 338 1270 367 qua
1287 329 1371 369 panis
1394 328 1463 358 287
1492 330 1640 369 repositus
1655 333 1728 362 est?

899 370 1036 404 Ofﬁcium
1051 373 1150 414 itaque
1165 374 1363 414 spiritualium
1380 378 1528 414 pastorum
1545 374 1730 416 fuerit,quze-

902 425 970 448 rere
993 427 1099 458 panem
1123 418 1289 455 cmlestem,
1314 427 1402 458 quem
1432 428 1499 449 cum
1515 419 1653 460 viderint,
1672 420 1727 451 de-

903 461 977 492 bent
1004 462 1088 493 illum
1117 466 1147 493 et
1172 463 1238 493 aliis
1269 462 1433 502 praadirare
1460 474 1466 494 :
1497 463 1572 494 sicut
1598 467 1626 494 et
1656 473 1727 504 pas-

903 509 983 537 tores
1007 506 1058 548 qui
1078 507 1217 538 viderunt
1230 507 1386 545 infantem,
1404 507 1496 538 locuti
1511 513 1579 539 sunt
1594 508 1632 539 de
1648 518 1682 540 eo
1699 513 1729 540 et

902 549 977 581 aliis.

942 593 1033 627 Vens.
1053 595 1099 630 19,
1116 595 1165 628 90.
1187 595 1292 627 «Maria
1303 601 1403 629 autem
1420 597 1612 629 conservabat
1628 600 1728 629 omnia

902 639 990 670 verba
1006 640 1242 676 haec,c0nferens
1258 642 1287 672 in
1304 643 1395 674 corde
1410 653 1474 674 suo.
1489 642 1523 673 Et
1535 642 1648 674 reversi
1659 648 1726 674 sunt

902 688 1036 725 pastores
1062 686 1263 725 gloriﬁcantes
1288 695 1322 718 ac
1349 687 1505 719 laudantes
1527 687 1620 718 Deum
1638 697 1728 728 super

902 729 1040 760 omnibus
1055 740 1122 770 quae
1135 731 1293 761 audierant
1318 735 1348 762 et
1363 732 1498 763 viderant
1512 732 1554 763 ita
1570 735 1599 762 ut
1615 732 1726 763 dictum

903 773 998 804 fuerat
1011 773 1093 814 ipsis.
1112 787 1125 802 ι
1143 774 1214 811 Quae
1229 775 1318 806 verba
1334 776 1530 807 conservabat
1545 776 1725 815 Virgo?Qui-

902 818 969 849 dam
986 818 1088 850 dicunt
1103 819 1180 860 quod
1194 829 1228 851 ea
1239 830 1305 860 quae
1316 821 1439 861 angelus
1451 821 1478 852 ei
1493 821 1649 857 dixerat,el
1662 831 1727 862 quae

903 865 1038 903 pastores
1055 869 1260 902 narraverant,
1270 867 1453 897 conservarit
1468 870 1497 896 et
1509 865 1670 897 contulerit
1681 875 1727 896 se-

872 905 890 929 Β
904 917 981 948 cum,
1001 908 1208 950 inveneritque
1224 909 1256 941 in
1272 910 1411 941 omnibus
1426 910 1603 942 sententiam
1622 920 1725 941 conso-

41 961 80 987 ναὶ
101 959 220 999 εὕρισκεν
254 959 285 988 ἐκ
313 953 419 988 πάντων
445 953 660 999 μίανσόμφωνον
675 957 799 998 γνώμην,
821 957 859 986 ὅτι

942 963 971 999 _m
988 962 1088 991 unam,
1106 954 1187 995 quod
1204 953 1280 985 Deus
1291 955 1330 986 sit
1345 954 1437 986 Filius
1450 964 1532 987 suus.
1547 954 1615 986 Mihi
1626 959 1725 986 autem

44 1004 101 1036 Θεός
129 997 202 1034 ἔστιν
230 1005 245 1033 ὁ
275 1005 335 1037 Υἱὸς
359 1004 453 1038 ανῖντῆς.
483 1001 558 1042 Ἐμοὶ
582 997 623 1032 ’δὲ
653 997 728 1032 δοκεῖ
757 997 859 1042 ῥήματι

941 997 1041 1028 lentur
1054 999 1145 1030 verba
1161 999 1216 1030 hoc
1232 999 1298 1032 loco
1322 1009 1371 1031 res
1398 1000 1444 1031 vel
1468 1005 1552 1040 gesta
1566 999 1636 1036 dici,
1655 1004 1684 1031 et
1696 999 1725 1030 id

43 1048 143 1078 ἐνταῦθα
168 1049 203 1078 τὰ
234 1049 377 1089 πράγματα
393 1048 536 1088 λέγεσθαι·
560 1049 629 1078 ὥστε
651 1050 720 1076 εἶναι
735 1048 765 1076 τὸ
780 1047 859 1087 λεγό-

941 1051 970 1073 se
985 1043 1064 1083 quod
1078 1043 1187 1074 dicitur
1205 1055 1211 1076 :
1228 1044 1320 1076 Maria
1335 1048 1435 1076 autem
1452 1044 1648 1076 conservabat
1663 1055 1726 1076 om-

42 1104 114 1130 μενον
141 1099 263 1124 τοιοῦτον
279 1103 287 1112 ”
311 1095 328 1128 ἡ
356 1093 384 1122 δὲ
418 1095 526 1134 Μαριὰμ
556 1094 690 1133 συνετήρει
712 1093 797 1121 πάντα
826 1092 859 1120 τὰ

41 1138 236 1179 ῥήματα,¹ἤτοι
260 1139 294 1167 τὰ
323 1139 467 1178 πράγματα
490 1142 584 1178 ταῦτα,
607 1138 623 1166 ἃ
644 1139 688 1166 νῦν
704 1137 758 1177 ἐγὼ
787 1137 859 1176 λέγω

42 1183 81 1210 καὶ
94 1186 162 1212 me.
177 1183 254 1212 εἶναι
275 1183 381 1222 ῥήματα
398 1191 405 1199 ⁶
422 1184 453 1212 τὸ
475 1183 526 1222 γὰρ
548 1186 658 1223 πρᾶγμα
682 1182 744 1210 ὅταν
759 1182 858 1222 λεχθῇ,

42 1227 133 1265 γίνεται
160 1228 236 1267 ῥῆμα
252 1235 260 1243 ⁸
287 1227 452 1268 ὑπέστρεψαν
480 1227 507 1256 δὲ
546 1229 569 1256 οἱ
598 1227 721 1265 ποιμένες
745 1228 857 1267 εὔχαρι-

42 1275 155 1304 στούντες
184 1276 226 1310 τῷ
247 1276 305 1310 Θεῷ
326 1273 369 1301 ἐπὶ
397 1276 477 1302 πᾶσιν
493 1280 501 1288 ⁸
528 1273 558 1301 οὗ
581 1273 631 1312 γὰρ
645 1272 713 1307 ἦσαν
727 1272 856 1312 φθονεροὶ,

43 1317 103 1345 κατά
116 1317 177 1350 τοὺς
193 1316 345 1349 Ἰουδαίους.

81 1373 91 1389 α
116 1364 164 1392 Καὶ
193 1362 239 1391 ὅτε
274 1362 446 1398 Ιεπλήσθησαν
481 1363 578 1403 ἡμέραι
615 1363 686 1391 ὀκτὼ
708 1362 753 1390 τοῦ
781 1372 858 1402 περι-

45 1413 129 1444 τεμεῖν
143 1407 238 1444 αυτὸν,
260 1408 305 1436 καὶ
329 1406 427 1443 ἐκλήθη
444 1409 474 1436 τὸ
488 1407 573 1446 ὄνομα
587 1408 665 1436 αὖτοῦ
685 1406 799 1444 Ἰησοῦς,
829 1407 859 1434 τὸ

43 1451 129 1485 κληθὲν
143 1453 196 1481 ὑπὸ
212 1456 257 1481 τοῦ
281 1452 395 1492 ἀγγέλου
424 1454 475 1493 πρὸ
502 1457 548 1481 τοῦ
572 1452 752 1493 συλληφθῆναι
781 1451 858 1481 αὐτὸν

42 1497 65 1524 ὲν
84 1500 115 1535 τῇ
136 1497 225 1534 κοιλίᾳ
242 1507 249 1513 '
265 1498 309 1526 καὶ
336 1497 379 1526 ὅτε
395 1498 567 1533 ἐπλήσθησαν
583 1499 609 1526 αἱ
622 1498 719 1535 ἡμέραι
736 1501 781 1526 τοῦ
809 1508 858 1525 κα-

43 1544 161 1581 θαρισμοῦ
190 1544 278 1572 αὐτῶν
300 1543 368 1571 κατὰ
392 1543 439 1572 τὸν
457 1542 538 1580 νόμον
566 1542 694 1583 Μωσέως,
725 1541 858 1581 ἆνήγογον

43 1587 112 1615 πῖπτον
139 1588 176 1618 εἷς
201 1582 384 1625 Ἰεροσόλυμα,
408 1589 576 1627 παραστῆσαι
591 1591 629 1625 τῷ
646 1587 729 1627 Κυρίῳ
746 1596 755 1604 ⁸
771 1587 856 1620 καθὼς

904 1087 952 1118 nia
967 1087 1056 1119 verba
1070 1088 1144 1126 haec,
1162 1089 1191 1120 id
1208 1094 1263 1130 est,
1291 1094 1373 1129 gesta
1400 1090 1463 1121 haec
1494 1099 1561 1131 quae
1577 1099 1655 1120 nunc
1671 1098 1724 1129 ego

899 1132 967 1163 dico
984 1137 1013 1163 et
1026 1133 1102 1164 facio
1117 1143 1183 1164 esse
1199 1134 1301 1165 verba.
1317 1136 1406 1167 Gesta
1421 1135 1502 1166 enim
1519 1134 1639 1175 quando
1653 1144 1724 1167 nar-

900 1182 1014 1220 rantur,
1039 1179 1180 1211 dicuntur
1207 1180 1308 1212 verba.
1335 1183 1428 1212 Porro
1455 1185 1588 1221 pastores
1608 1181 1724 1212 reversi

899 1227 968 1254 sunt
982 1224 1090 1263 gratias
1104 1229 1226 1263 agentes
1241 1226 1302 1257 Deo
1318 1225 1349 1257 in
1364 1225 1514 1257 omnibus.
1527 1224 1629 1266 Neque
1644 1226 1723 1257 enim

901 1273 985 1299 erant
1000 1268 1092 1300 invidi
1104 1274 1135 1299 ut
1150 1269 1255 1301 Judaei.

941 1357 1154 1390 Vzns.22-24.
1175 1372 1188 1388 α
1204 1360 1239 1391 Et
1254 1364 1407 1401 postquam
1433 1360 1633 1392 consummati
1656 1365 1726 1392 sunt

901 1402 966 1434 dies
981 1408 1048 1434 octo
1077 1408 1108 1435 ut
1131 1405 1398 1436 circumcideretur
1427 1415 1512 1446 puer,
1528 1409 1661 1436 vocatum
1678 1407 1724 1436 est

903 1457 1012 1479 nomen
1029 1449 1093 1489 ejus
1108 1451 1203 1484 Jesus.
1223 1450 1301 1491 quod
1329 1454 1464 1481 vocatum
1489 1454 1551 1481 erat
1566 1449 1604 1481 ab
1620 1450 1724 1489 angelo

902 1493 1074 1534 priusquam
1090 1495 1120 1526 in
1136 1499 1220 1527 utero
1237 1495 1457 1536 conciperetur.
1475 1495 1510 1526 Et
1524 1499 1624 1536 postea
1636 1505 1724 1536 quam

901 1538 1040 1578 completi
1046 1539 1170 1570 fuissent
1182 1540 1246 1571 dies
1254 1540 1437 1580 purgationis
1448 1549 1551 1571 eorum
1559 1540 1723 1571 secundum

898 1582 993 1622 legem
1011 1584 1112 1625 Moysi,
1138 1585 1325 1616 adduxerunt
1340 1595 1407 1616 eum
1425 1585 1673 1626 Hierosolymam,
1691 1588 1724 1615 ut

42 1631 179 1671 γέγραπται
193 1632 223 1660 ἐν
248 1633 324 1670 νόμῳ
351 1633 455 1672 Κυρίου,
478 1632 518 1660 ὅτι
541 1635 597 1660 Πᾶν
617 1631 694 1672 ἄρσεν
721 1631 855 1671 διανοῖγον

942 1633 1115 1660 terenteum
1132 1630 1269 1668 Domino,
1283 1631 1360 1662 sicut
1374 1631 1517 1671 scriptum
1538 1634 1582 1661 est
1608 1630 1639 1661 in
1655 1630 1722 1670 lege

42 1677 148 1716 μήτραν,
170 1676 248 1716 ἅγιον
274 1680 313 1714 τῷ
345 1678 430 1717 Κυρίῳ
453 1676 629 1717 κληθήσεται,
652 1677 695 1705 καὶ
708 1680 754 1704 τοῦ
768 1675 856 1705 δοῦναι

41 1721 120 1748 θδσίαν
146 1722 217 1750 κατὰ
237 1722 267 1750 τὸ
289 1721 427 1762 εἰρημένον
455 1722 483 1750 ἓν
509 1722 583 1760 νόμῳ
621 1721 724 1762 Κυρίου,
768 1721 860 1761 ζεῦγος

41 1765 174 1807 τρυγόνων,
203 1767 223 1800 ἢ
252 1766 297 1795 δύο
335 1767 460 1799 νεοσσοὺς
479 1770 650 1806 περιστερῶν.
670 1776 684 1796 )
709 1771 761 1795 Τοῦ
777 1766 861 1803 νόμου

43 1809 124 1842 δόντος
139 1810 259 1848 ἐντολὰς,
277 1813 300 1840 οἱ
321 1810 527 1851 παραϐαίνοντες
552 1812 649 1844 ταύτας
669 1811 720 1839 ὑπὸ
745 1811 860 1850 κατάραν

44 1854 114 1888 ἦσαν.
140 1851 168 1884 ’0
191 1855 278 1884 τοίνυν
305 1859 399 1896 Κύριος
425 1858 621 1896 περιτέμνεται,
644 1855 691 1883 ’ἕνα
712 1855 760 1883 κὰν
776 1855 861 1891 τούτῳ

44 1899 177 1937 πληρώσας
202 1900 249 1928 τὸν
278 1901 358 1938 νόμον
380 1901 422 1929 καὶ
453 1899 537 1938 μηδὲν
559 1900 682 1938 ἐλλείψας
703 1901 741 1927 ὧν
756 1899 858 1931 ἐκεῖνος

44 1943 201 1986 ἐντέταλκεν,
239 1945 360 1980 ἐξέληται
396 1946 471 1984 ἠμῆς
505 1949 555 1980 τῆς
594 1946 710 1986 κατάρας
728 1953 735 1960 ⁸
768 1945 858 1984 ἐντρέ-

44 2000 134 2018 πωνται
161 1989 188 2018 δὲ
212 1990 328 2019 ἐντεῦθεν
347 1992 370 2020 οἱ
399 1991 534 2031 λέγοντες,
563 1990 603 2020 ὅτι
632 1991 700 2020 κατὰ
714 1991 858 2031 φαντασίαν

44 2033 182 2073 ἑταρκώθη,
213 2038 273 2067 Πῶς
296 2036 345 2076 γὰρ
373 2037 550 2076 περιετμήθη,
572 2037 594 2064 εἰ
616 2036 684 2064 κατὰ
713 2036 856 2076 φαντασίαν

43 2077 169 2118 ἐσαρκὼθη
187 2090 196 2121 ;
226 2080 370 2114 Ἀνόνητον
385 2079 412 2109 δὲ
427 2082 515 2110 καὶτὸ
537 2081 664 2117 ἐξετάζειν
685 2086 736 2111 ποῦ
757 2081 855 2109 ἔστιτὸ

904 1673 1021 1704 Domini
1039 1685 1045 1704 :
1062 1673 1157 1706 Omne
1182 1675 1380 1706 masculinum
1403 1675 1581 1714 adaperiens
1597 1675 1723 1711 vulvam,

902 1722 1035 1748 sanctum
1048 1718 1174 1751 Domino
1187 1719 1337 1751 vocabitur
1354 1731 1360 1752 :
1379 1725 1409 1751 et
1430 1724 1461 1751 ut
1476 1721 1583 1750 darent
1599 1719 1724 1750 hostiam

901 1763 1065 1794 secundum
1084 1764 1160 1804 quod
1175 1764 1286 1795 dictum
1296 1764 1378 1796 estin
1395 1765 1459 1805 lege
1467 1765 1725 1805 Domini,partur-

903 1811 1012 1849 turum,
1026 1813 1076 1839 aut
1087 1809 1160 1840 duos
1174 1809 1270 1850 pullos
1283 1809 1579 1846 columbarum.n0ui
1589 1809 1726 1840 mandata

901 1852 975 1892 legis
986 1853 1326 1893 prievaricabantur,sub
1340 1855 1552 1886 maledictione
1564 1855 1725 1885 erant.Do-

903 1898 1001 1928 minus
1017 1899 1107 1938 igitur
1119 1899 1392 1937 circumciditur,ut
1409 1899 1497 1930 etiam
1513 1899 1543 1930 in
1560 1900 1616 1930 hoc
1632 1899 1726 1930 adim-

901 1942 980 1982 pleta
989 1943 1098 1983 lege,et
1106 1944 1186 1974 nullo
1196 1944 1395 1985 praetermisso
1406 1944 1482 1985 quod
1492 1944 1542 1974 illa
1553 1943 1724 1984 mandabat,

901 1987 1008 2028 eripiat
1024 1998 1078 2020 nos
1089 1989 1284 2021 amaledicto.
1301 1990 1506 2021 Revereantur
1516 1989 1586 2020 hinc
1601 1989 1651 2030 qui
1676 1989 1724 2020 di-

899 2037 970 2063 cunt
984 2033 1062 2074 quod
1077 2034 1211 2066 Christus
1226 2035 1396 2066 incarnatus
1412 2034 1449 2065 sit
1465 2038 1650 2075 apparenter
1665 2038 1727 2064 tan-

898 2080 970 2108 tum.
988 2077 1141 2114 Quomodo
1155 2080 1235 2111 enim
1247 2079 1443 2112 circumcisus
1455 2079 1573 2115 fuisset,
1593 2078 1618 2109 si
1633 2088 1726 2119 appa-

43 2122 184 2162 ἂποτμηθὶν
214 2125 302 2154 ἐκεῖνο
332 2125 427 2166 μόριον
443 2134 452 2142 '
484 2125 501 2154 ἃ
525 2127 574 2165 γὰρ
589 2126 607 2160 ἡ
629 2126 719 2166 Γραφὴ
734 2126 854 2154 ἀπεσιώ-

941 2127 996 2154 Iter
1011 2123 1180 2155 incarnatus
1197 2124 1465 2156 fuisset?lnutiliter
1478 2129 1575 2156 autem
1583 2125 1726 2165 quaeritur

44 2179 130 2207 πησεν,
145 2170 175 2198 οὒ
190 2169 234 2199 δεῖ
262 2169 402 2208 ἐξετάζειν,
425 2171 468 2199 καὶ
491 2174 573 2200 ταῦτα
594 2170 636 2199 ἐπὶ
651 2171 768 2210 μηδεμιᾷ
782 2171 855 2211 ὠφε-

941 2168 951 2198 i
969 2168 1006 2199 sit
1020 2169 1138 2201 absecta
1157 2170 1206 2201 illa
1223 2170 1377 2210 particula.
1397 2171 1470 2201 Nam
1487 2178 1552 2210 quae
1569 2169 1725 2210 Scriptura

46 2212 95 2249 λείᾳ
108 2222 115 2230 ⁸
132 2215 185 2243 ἔστι
208 2214 238 2243 δὲ
253 2216 350 2253 εἰπεῖν,
367 2214 406 2243 ὅτι
421 2216 482 2244 τότε
497 2216 545 2254 μὶν
569 2215 612 2244 ὅτε
634 2215 787 2256 ἀπετμήθη,
809 2218 858 2250 τῆς

941 2214 1041 2247 :uit,ea
1055 2224 1188 2255 quaerere
1199 2225 1258 2246 non
1271 2215 1566 2256 oportet,prmsertim
1580 2213 1631 2244 ubi
1644 2214 1725 2246 nulla

47 2261 89 2296 γῆς
103 2261 217 2300 ψιῦσαν,
244 2261 338 2300 ἧγίασε
365 2261 477 2301 ταύτην,
501 2262 591 2301 ὥσπερ
618 2262 663 2290 καὶ
687 2262 717 2290 τὸ
732 2261 803 2299 αἷμα
818 2272 859 2295 και

941 2259 1090 2290 ilitas.DiL-i
1107 2263 1205 2292 autem
1222 2264 1321 2301 posset
1334 2260 1411 2300 quod
1423 2259 1540 2300 quando
1556 2268 1590 2289 ea
1605 2259 1726 2290 absecta

48 2304 72 2330 τὺ
97 2303 173 2345 ὕδωρ,
205 2305 221 2334 ἂ
250 2305 281 2334 ἐκ
309 2305 358 2340 τῆς
375 2305 489 2346 πλεῦρας
511 2307 593 2336 αὑτοῦ
608 2306 729 2346 ἕρῤευσαν
746 2314 753 2322 ·
771 2307 816 2338 οἷς
837 2305 859 2339 δὲ

941 2313 1014 2335 rram
1028 2305 1215 2345 tetigit,illam
1227 2303 1725 2345 quoquesanclificarit,sicutetiam

48 2347 96 2377 οἶδε
122 2349 223 2390 λόγοις,
248 2350 358 2390 ἐφύλαξε
385 2352 464 2380 τοῦτο
492 2353 523 2380 τὸ
555 2352 646 2390 μόριον
675 2350 799 2384 ἀϐλαϐὲς·
822 2356 859 2380 καῖ

941 2349 1026 2388 nguis
1038 2353 1066 2380 et
1076 2359 1150 2390 aqua
1159 2360 1225 2391 quae
1237 2360 1271 2381 ex
1286 2350 1381 2381 latere
1392 2350 1457 2390 ejus
1468 2349 1627 2381 ﬂuxerunt.
1638 2349 1676 2380 Et
1685 2349 1726 2380 γι.

48 2395 106 2431 μετᾶ
127 2395 176 2424 τὴν
205 2395 350 2424 ἀνάστασιν
385 2396 584 2435 ἆναλαϐόμενος
625 2402 714 2437 τοῦτο,
750 2397 859 2436 ἠγέρθη,

941 2399 993 2425 itur
1009 2395 1086 2435 quod
1101 2395 1223 2426 servarit
1240 2395 1384 2436 particula
1398 2394 1568 2434 illaesam,et
1582 2393 1612 2424 in
1627 2403 1726 2425 resur-

47 2439 86 2468 ἵνα
102 2442 143 2469 καὶ
173 2441 242 2469 κατᾶ
269 2442 348 2470 τοῦτο
379 2441 527 2475 ἄνελλιπῶς
557 2442 630 2482 ἔχων
665 2443 756 2482 εὒρεθῇ
773 2450 779 2457 ·
806 2441 859 2470 ἐπεὶ

941 2430 1037 2471 ctione
1051 2440 1158 2471 iterum
1169 2430 1375 2481 resuinpserit,
1387 2444 1418 2470 ut
1433 2439 1496 2470 haec
1509 2430 1652 2479 particula
1667 2448 1727 2469 non

48 2486 172 2523 κιὶήμεῖς
188 2485 293 2514 τέλειον
307 2487 338 2514 τὸ
353 2486 484 2526 ἡμέτερον
510 2491 589 2525 σῶμα
615 2487 642 2515 ἂν
665 2491 700 2524 τῇ
723 2487 859 2515 ἀναστάσει

941 2485 1071 2516 veniatur
1086 2485 1204 2518 deesse.
1226 2485 1341 2525 Quippe
1357 2488 1385 2515 et
1395 2493 1448 2515 nos
1461 2484 1492 2514 in
1506 2483 1728 2514 resurrectione

49 2528 243 2568 ἀποληψόμεθα.
274 2532 430 2568 Σημείωσαι
453 2530 481 2560 δὲ
510 2532 551 2560 ὅτι
580 2533 632 2572 οὐχ
654 2532 710 2571 ἅμα
726 2535 764 2569 τῷ
778 2532 859 2559 εἰπεῒι

944 2531 1070 2561 rfectum
1082 2539 1190 2571 corpus
1202 2530 1384 2570 resumpturi
1400 2538 1504 2560 sumus
1522 2528 1656 2560 Observa
1670 2537 1726 2558 au-

50 2575 87 2602 tin
100 2574 220 2614 ἄγγελον,
239 2574 306 2604 Ἰδοὺ
327 2574 454 2614 συλλήψῃ
475 2577 544 2616 υἱὸν,
560 2577 710 2617 συνελήφθη
725 2578 738 2605 'o
758 2577 859 2617 Κύριος1

941 2585 963 2605 m
980 2575 1057 2615 quod
1075 2585 1134 2606 non
1147 2576 1244 2606 statim
1262 2579 1294 2606 ut
1304 2574 1377 2606 dixit
1390 2572 1606 2613 angelus,Ecce
1621 2572 1726 2603 conci-

53 2618 111 2648 ἄλλα
130 2621 196 2658 μετὰ
217 2623 300 2648 ταῦτα
334 2619 378 2649 ὅτε
404 2620 533 2655 ἠθέλησεν
551 2630 559 2638 ’
596 2622 643 2662 ὅρα
664 2623 713 2662 γὰρ
742 2622 766 2650 τί
791 2621 859 2660 λέγει

941 2629 970 2650 es
987 2620 1103 2657 Filium,
1121 2624 1285 2661 conceptus
1305 2624 1348 2651 est
1368 2619 1524 2658 Dominus,
1542 2617 1594 2648 sed
1612 2619 1726 2657 postea,

53 2663 159 2702 ὲντιῦθα,
189 2665 225 2694 Τὸ
251 2663 347 2698 κληθὲν
374 2666 426 2694 ὑπὸ
453 2670 501 2695 τοῦ
529 2666 644 2706 ἀγγέλου
667 2668 718 2706 πρὸ
731 2671 778 2695 τοῦ
793 2666 859 2694 συλ-

941 2664 1020 2695 ando
1036 2665 1216 2698 voluit.Vide
1226 2665 1306 2695 enim
1318 2664 1388 2705 quid
1404 2663 1482 2695 dicat
1492 2663 1548 2693 hoc
1561 2662 1728 2698 loco.Quod

53 2707 171 2748 ληφθῆναι
200 2709 276 2738 in?“
305 2709 382 2749 ὲντῇ
404 2711 492 2748 κοιλίᾳ
510 2720 516 2728 ⁸
534 2713 578 2740 καὶ
600 2712 647 2740 ἀπ’
665 2713 745 2745 αὐτῆς
761 2711 788 2740 δὲ
809 2714 858 2745 τῆς

941 2713 1036 2741 catum
1049 2715 1092 2741 est
1103 2710 1140 2740 ab
1156 2710 1262 2749 angelo
1283 2710 1453 2750 priusquam
1465 2708 1674 2747 conciperetur
1696 2707 1728 2738 in

53 2752 147 2792 λέξεως,
174 2753 302 2783 δείκνυται
330 2759 408 2784 τοῦτο
426 2766 433 2773 ⁸
458 2757 488 2786 οὗ
509 2757 559 2796 γὰρ
581 2757 671 2794 εἶπεν,
696 2755 763 2786 Ἰδοὺ
792 2756 858 2785 συλ-

941 2754 1036 2786 3ro.Et
1047 2755 1102 2786 hoc
1114 2755 1203 2786 verbo
1217 2753 1386 2786 ostenditur
1398 2753 1425 2783 id
1435 2752 1513 2794 quod
1522 2751 1729 2783 diximus.Nou

54 2798 194 2835 λαμϐάνεις*
210 2798 282 2839 ἀλλ’,
303 2798 369 2829 Ἰδοὺ
384 2801 520 2840 συλλήψῃ.
539 2798 630 2831 ’Ὥστε
645 2802 675 2831 ἐκ
689 2802 789 2830 τούτων
804 2801 859 2829 ἔστι

942 2799 982 2830 im
996 2800 1162 2839 dixit,Ecce
1177 2799 1325 2840 concipis,
1342 2798 1488 2836 sed,Ecce
1503 2797 1726 2837 concipies.At-

54 2843 253 2884 συλλογίσασθαι,
282 2842 322 2873 ὅτι
350 2849 385 2885 τῇ
406 2846 462 2887 ὥρα
488 2846 536 2885 μὲν
565 2846 653 2882 ἐκείνη
679 2846 859 2887 συνελήφθηὸ

944 2854 959 2876 e
966 2854 999 2876 ex
1006 2843 1464 2885 hisanimadverterclicet,quod
1473 2844 1545 2874 hora
1551 2841 1670 2884 quidem
1680 2841 1731 2873 illa
