1933 3084
173 164 228 198 731

660 166 711 197 ΤΗ
719 138 952 197 ΕΟΡΗὶίῐιΑΟΤΙ
977 160 1180 193 BULGARIIE
1202 158 1381 192 ARCHIEP.

1808 158 1864 191 73‘2

173 232 252 263 aliud
267 232 407 273 quiddam
433 236 593 272 nugantur.
605 231 641 263 Et
653 235 732 263 tuatn
748 231 854 272 ipsius,
870 230 992 272 Virgini:

1076 239 1089 259 ς
1105 227 1247 267 Παρθένου,
1263 227 1314 261 τὴν
1329 227 1423 267 ψυχὴν
1443 225 1605 255 διελεύσεται
1766 235 1778 273 Α·
1794 227 1866 273 τάχα

172 276 382 316 dico,animam
394 277 587 317 pertransibit
603 276 729 317 gladius.
740 276 885 308 Fortassis
900 281 996 308 autem

172 325 202 352 et
217 320 350 352 dolorem
368 330 458 362 quem
473 322 500 352 in
518 321 658 362 passione
672 321 884 359 tulit,fortassis
898 326 996 352 autem

171 366 377 397 etscandalum
394 366 467 397 dicit
482 367 701 407 rhomphaeam,
717 375 776 408 quo
802 367 917 397 offensa
932 367 995 398 fuit.

173 409 279 441 videns
294 410 374 441 enim
391 411 577 452 cruciﬁxum,
594 411 728 442 fortassis
742 411 901 452 cogitabat,
917 421 995 452 quo-

171 454 259 486 modo
274 456 324 496 qui
340 459 426 487 natus
442 461 486 488 est
504 456 569 487 sine
587 456 712 493 semine,
726 456 776 497 qui
789 455 932 487 miracula
950 456 994 487 fe-

170 499 272 539 cit,qui
282 504 416 532 mortuos
432 501 756 542 suscitavit,cruciﬁxus
771 505 996 542 est,consputuS

169 548 363 581 est,mortuus
374 545 436 576 est?
444 545 526 582 Quod
539 551 637 577 autem
653 545 775 583 dicit,Ut
783 545 952 578 revelentur
959 555 995 578 ex

170 589 273 621 multis
288 590 428 622 cordibus
443 591 651 631 cogitationes,
669 592 727 622 hoc
741 591 899 630 signiﬁcat,
914 592 992 632 quod

169 634 392 666 Revelabuntur
407 640 434 666 et
451 635 720 667 manifestabuntur
739 635 897 667 multorum
913 637 991 676 cogi-

170 679 361 720 tationes,qui
378 680 659 720 scandalizantur,et
673 680 849 721 reprehensi
864 683 993 721 repenti-

170 732 240 754 num
258 724 411 756 invenient
425 725 593 756 remedinm
607 734 613 756 ε
632 726 707 756 sicut
723 729 752 756 et
763 729 806 762 tu,
819 735 835 755 ο
847 724 999 767 Virgo,re-

171 767 361 805 velaberis,et
371 769 526 800 manifesta
538 770 597 800 eris
612 770 681 811 quid
696 770 806 801 sentias
817 770 854 801 de
869 771 996 810 Christo,

169 813 279 844 deinde
307 815 480 846 conﬁrmata
502 815 562 846 eris
579 815 637 846 ﬁde
653 815 682 846 in
699 815 794 847 illum.
813 815 956 848 Similiter
969 822 998 849 et

170 859 275 889 Petrus
291 859 472 891 revelabitur
486 870 553 891 cum
571 861 731 900 negaverit,
745 869 845 891 verum
867 861 993 893 demon-

168 906 244 934 stata
259 907 302 934 est
315 904 368 935 Dei
385 905 598 946 potentia,qum
614 915 666 945 per
683 905 886 945 penitentiam
898 907 993 946 ipsum
1009 905 1011 907 ’

169 948 311 988 suscepit.
329 949 365 980 Et
380 949 467 980 aliter
483 959 490 981 ;
508 949 653 981 Revelataa
669 955 736 980 sunt
753 959 769 981 e
785 950 925 981 cordibus
941 961 994 983 co-

168 992 334 1032 gitationes,
353 1003 418 1025 cum
435 994 607 1035 apparuerit
623 995 767 1034 proditor,
793 1000 822 1026 et
845 1005 994 1037 apparue-

167 1037 225 1068 rint
240 1037 396 1078 diligentes
405 1038 503 1077 illum,
518 1039 613 1080 qualis
624 1040 677 1070 fuit
687 1039 797 1081 Joseph
808 1041 857 1081 qui
870 1042 996 1073 accessit

164 1082 200 1113 ad
210 1083 340 1127 Pilatum
358 1094 364 1115 :
382 1083 488 1124 quales
505 1086 624 1116 fuerunt
641 1084 780 1116 mulieres
792 1095 857 1126 quae
873 1095 993 1127 perma—

169 1126 280 1160 nebant
294 1128 370 1168 apud
387 1138 519 1160 crucem.

205 1173 296 1204 Vens.
314 1173 423 1206 36-40.
440 1187 453 1202 ι
468 1175 504 1206 Ει
519 1179 582 1206 erat
605 1175 692 1207 Anna
717 1175 904 1216 prophetissa
929 1177 992 1208 ﬁlia

166 1217 310 1253 Phanuel.
323 1218 361 1250 de
372 1218 450 1250 tribu
460 1219 618 1251 Aser.Hasc
629 1224 815 1261 processerat
825 1220 855 1251 in
865 1221 988 1252 multum

165 1266 292 1300 aetatem,
307 1267 336 1293 et
350 1263 461 1296 vixerat
476 1274 542 1295 cum
558 1264 619 1296 viro
635 1265 722 1295 annis
737 1272 851 1306 septem
867 1275 884 1296 a
900 1266 990 1306 virgi-

166 1307 257 1337 nitate
272 1315 335 1345 sua,
354 1311 382 1338 et
392 1308 455 1339 haac
469 1309 558 1339 vidua
574 1318 719 1340 annorum
740 1309 833 1341 ferme
845 1311 992 1351 octoginta

165 1355 372 1392 quatuor,qua3
385 1362 442 1383 non
453 1353 625 1384 discedebat
640 1364 656 1385 e
672 1354 793 1395 templo,
810 1355 934 1395 jejuniis
955 1365 990 1388 ac

167 1396 427 1437 deprecationibus
441 1398 575 1430 serviens
592 1403 679 1430 nocte
692 1409 726 1430 ac
737 1399 795 1430 die.
813 1400 850 1431 Et
864 1400 926 1431 haec
937 1410 988 1432 ea-

166 1440 234 1471 dem
250 1441 324 1472 hora
338 1443 701 1482 superveniens.vicissim
718 1444 913 1476 conﬁtebatur
927 1445 987 1477 Do-

167 1485 258 1530 mino,
272 1485 483 1527 etloquebatur
496 1487 532 1518 de
549 1487 598 1518 illo
613 1488 752 1519 omnibus
767 1489 816 1529 qui
833 1495 987 1530 exspecta-

165 1528 214 1560 bat
241 1530 478 1571 redemptionem
503 1532 731 1573 Hierosolymis.
750 1528 784 1564 Et
799 1539 831 1565 ut
853 1528 989 1572 perfece—

1039 273 1088 310 μὶν
1104 273 1148 300 καὶ
1170 273 1187 306 ἠ
1202 271 1291 310 θλίψις
1306 272 1324 306 ἡ
1338 271 1380 300 ἐπὶ
1394 275 1433 309 τῷ
1461 273 1537 301 πάθει
1559 271 1691 310 γενομένη
1710 280 1719 288 ·
1738 271 1814 311 τάχα
1827 271 1864 311 δὲ,

1037 317 1168 357 ῥομφαίαν
1198 316 1269 356 λέγει
1295 319 1340 344 καὶ
1371 317 1417 345 τὸν
1452 315 1648 354 σκανδαλισμὸν
1675 317 1704 344 ὃν
1736 315 1865 344 ἓσκανδα-

1038 361 1114 395 λίσθη
1143 363 1231 401 ὁρῶσα
1259 362 1305 389 τὸν
1334 361 1428 400 Κύριον
1460 361 1666 400 σταυρούμενον.
1696 360 1790 392 ’Ίσως
1819 362 1866 400 γὰρ

1037 406 1153 444 ὑπενόει,
1172 409 1232 438 Πῶς
1257 407 1272 434 ὁ
1296 406 1400 446 τεχθεὶς
1416 406 1551 445 ἆσπόρως,
1568 407 1583 434 ὁ
1596 406 1718 444 θαύματα
1737 407 1866 447 ποιήσας,

1037 452 1051 479 ὁ
1080 452 1186 490 νεκροὺς
1228 451 1392 491 ἐιναστήσας,
1437 451 1603 491 ἐσταυρώθη,
1639 452 1683 479 καὶ
1719 451 1866 491 ὶνειιρώθη,

1036 496 1080 523 καὶ
1108 495 1252 528 ἐνεπτύσθη
1269 505 1278 536 ;
1295 496 1330 525 Τὸ
1359 495 1398 536 δὲ,
1414 494 1507 528 ’Ὅπως
1531 495 1562 523 ἂν
1591 495 1817 535 ἀποκαλυφθῶσιν
1839 495 1868 524 ἐκ

1036 539 1144 568 πολλῶν
1172 539 1285 578 καρδιῶν
1323 539 1500 579 διαλογισμοὶ,
1543 540 1621 568 τοῦτο
1657 541 1799 578 σημαίνει,
1828 540 1865 569 ὅτι

1035 583 1305 624 ὰποκαλυφθήσονται
1334 585 1376 612 καὶ
1404 585 1634 625 φανερωθήσονται
1674 585 1788 614 πολλῶν
1819 585 1865 613 λο-

1034 632 1125 670 γισμοὶ
1151 630 1408 668 σκανδαλιζομένων,
1437 631 1481 659 καὶ
1508 630 1694 671 ἐλεγχθέντες,
1727 632 1866 671 εὗρῆσουσι

1035 683 1152 716 ταχεῖαν
1181 676 1229 710 τὴν
1254 675 1327 703 ἴασιν
1344 683 1353 692 ⁸
1380 676 1440 704 οἷον
1467 677 1511 704 καὶ
1527 676 1569 713 σὺ,
1583 677 1606 704 ὦ
1622 676 1752 716 Παρθένε,
1769 677 1868 705 ἀποκα-

1041 719 1161 760 λυφθήσῃ
1189 721 1233 748 καὶ
1269 721 1457 760 φανερωθήσῃ,
1497 721 1522 748 τί
1567 728 1675 761 φρονεῖς
1711 722 1775 761 περί
1823 725 1867 751 τοῦ

1040 767 1153 804 Χριστοῦ
1170 772 1177 780 ⁸
1204 772 1263 794 εἶτα
1292 763 1461 804 βεϐαιωθήσῃ
1483 765 1525 793 ἐπὶ
1598 766 1635 797 εἰς
1656 767 1739 795 αὺτὸν
1755 767 1842 795 πίστει
1857 776 1864 782 ·

1039 810 1136 846 ὁμοίως
1166 813 1210 838 καί
1246 809 1345 850 Πέτρος
1373 809 1544 850 ἀπεκαλύφθη
1580 810 1781 852 ἀρνησάμενος,
1809 811 1865 840 ἀλλ’

1038 853 1144 894 ἐδείχθη
1165 854 1183 888 ἡ
1205 855 1284 895 ἰσχὺς
1308 859 1355 884 τοῦ
1376 858 1453 892 Θεοῦ,
1475 853 1694 894 προσλαϐομένοι)
1720 855 1804 884 αὺτὸν
1827 855 1866 885 διὰ

1016 899 1083 934 ἲτῆς
1109 900 1249 938 μετανοίας
1268 907 1276 915 ⁸
1292 900 1337 928 καὶ
1351 899 1439 931 ἄλλως
1462 899 1489 927 δὲ
1514 899 1740 940 ἂπεκαλύφθησαν
1757 900 1789 928 ὲκ
1803 900 1867 930 πολ-

1036 942 1090 971 λῶν
1119 942 1233 983 καρδιῶν
1277 943 1456 983 διαλογισμοὶ,
1487 944 1614 984 φανέντος
1649 948 1697 973 τοῦ
1725 945 1865 984 προδότου,

1036 987 1171 1028 φανέντων
1198 990 1251 1016 τῶν
1265 988 1432 1028 ἀγαπώντων
1451 989 1530 1017 αὐτόν
1548 996 1555 1003 '
1580 991 1641 1021 οἶος
1667 990 1699 1023 ἧν
1724 989 1827 1030 Ἰωσὴφ
1853 991 1866 1018 ὁ

1036 1032 1117 1060 ἐλθὼν
1145 1034 1210 1072 πρὸς
1240 1033 1354 1062 Πιλάτον
1373 1042 1380 1051 ·
1397 1035 1454 1062 οἷαι
1471 1034 1495 1061 αἱ
1522 1041 1649 1073 γυναῖκες
1666 1036 1690 1063 1’
1706 1038 1749 1072 τῷ
1764 1038 1865 1073 σταυρῷ

1035 1078 1234 1117 παραμένουσαι
1240 1100 1246 1107 .

1075 1179 1089 1195 ε
1108 1169 1156 1196 Καὶ
1181 1168 1215 1202 ἦν
1244 1167 1337 1196 ’Ἀννα
1367 1168 1511 1208 προφῆτις,
1528 1168 1646 1208 θυγάτηρ
1660 1169 1808 1208 Φανουὴλ,
1836 1172 1864 1198 ἑκ

1032 1212 1117 1252 φυλῆς
1133 1213 1217 1251 Ἀσήρ
1234 1221 1241 1228 '
1258 1213 1326 1247 αὕτη
1342 1212 1525 1253 προϐεϐηκυῖα
1553 1213 1581 1241 ἐν
1595 1213 1708 1253 ἡμέραις
1734 1214 1862 1255 πολλαῖς,

1031 1257 1134 1293 ζήσασα
1163 1257 1209 1291 ἕτη
1240 1258 1309 1295 μετὰ
1336 1257 1428 1297 ἀνδρὸς
1459 1258 1537 1294 ἑπτα,
1564 1257 1617 1286 ἀπὸ
1643 1261 1693 1292 τῆς
1723 1261 1863 1299 παρθενίας

1034 1302 1128 1336 αὐτῆς.
1145 1302 1198 1333 Καὶ
1221 1302 1288 1336 αὕτη
1314 1303 1388 1342 χήρα
1404 1303 1441 1334 ὡς
1456 1302 1522 1330 ἐτῶν
1545 1301 1861 1345 ὃγδοηκοντατεσσᾶρων,

1032 1347 1049 1381 ἢ
1077 1348 1124 1375 οὒκ
1147 1348 1273 1387 ἀφίστατο
1301 1347 1354 1375 ἀπὸ
1376 1351 1423 1375 τοῦ
1447 1348 1529 1386 ἱεροῦ,
1546 1348 1681 1381 νηστείαις
1694 1350 1742 1377 καὶ
1758 1349 1861 1384 δεήσεσι

1031 1391 1192 1432 λατρεῦουσα
1219 1393 1297 1420 νύκτα
1325 1393 1369 1420 καὶ
1397 1391 1511 1432 ἡμέραι.
1545 1391 1596 1423 Καὶ
1626 1393 1693 1427 αὕτη
1724 1395 1795 1433 αὐτῇ

1031 1437 1085 1477 ὥρᾳ
1114 1438 1255 1477 ἐπιστᾶσα,
1278 1437 1494 1476 ἀνθωμολογεῖτο
1523 1440 1562 1473 τῷ
1592 1438 1689 1477 Κυρίῳ,
1705 1440 1753 1468 καὶ
1774 1439 1860 1468 ἐλάλει

1030 1483 1089 1522 περὶ
1117 1485 1195 1511 αὖτοῦ
1223 1486 1286 1511 πᾶσι
1313 1489 1373 1513 τοῖς
1401 1481 1628 1522 προσδεχομένοις
1665 1483 1800 1523 λύτρωσιν
1834 1486 1859 1513 ἐν

1033 1522 1229 1567 Ἰερουσαλήμ·
1260 1529 1304 1556 καὶ
1332 1528 1368 1559 ὡς
1396 1527 1520 1555 ἐτέλεσαν
1550 1526 1655 1555 ἅπαντα
1685 1530 1718 1556 τὰ
1734 1530 1805 1558 κατᾶ
1816 1531 1858 1558 τὸν

166 1578 235 1605 runt
245 1575 345 1606 omnia
359 1577 523 1608 secundum
539 1578 634 1617 legem
643 1571 777 1619 Domini,
790 1571 900 1610 reversi
921 1585 989 1611 sunt

1075 1583 1111 1600 ιον
1140 1571 1247 1613 Κυρίου,
1291 1572 1459 1612 ὑπέστρεψαν
1487 1573 1524 1604 εἷς
1557 1572 1607 1605 τὴν
1635 1572 1794 1612 Γαλιλαίαν,
1824 1576 1858 1607 εἰς

163 1619 195 1650 in
205 1620 391 1652 Galilaeamin
407 1621 553 1653 civitatem
563 1632 645 1653 suam
655 1623 989 1656 Nazareth.Puerautem

165 1664 698 1710 succrescebat,corroburabaturque
712 1668 866 1708 spirituet
882 1668 990 1710 implo-

165 1707 251 1754 batur
266 1710 412 1750 sapientia
427 1721 434 1741 :
448 1715 478 1742 et
492 1712 584 1751 gratia
600 1707 657 1743 Dei,
668 1707 736 1743 erat,
746 1723 836 1754 super
858 1707 952 1746 illum.
972 1727 985 1742 ιν

164 1751 346 1794 Evattgelisla
365 1755 458 1788 Anna
481 1757 593 1797 profert
617 1751 831 1798 genealogiam,
859 1767 986 1790 eumne-

163 1806 232 1829 rans
247 1799 313 1839 ejus
328 1805 442 1841 patrem
457 1811 491 1832 ac
508 1802 664 1843 tribum,ut
679 1802 808 1833 sciamus
821 1803 904 1834 illum
921 1813 988 1834 vera

164 1843 320 1881 dicere,tot
336 1846 459 1877 testibus
471 1848 634 1885 accersitis,
651 1849 701 1889 qui
723 1852 836 1889 patrem
855 1849 985 1880 tribum-

163 1897 222 1928 que
234 1889 299 1929 ejus
315 1891 530 1923 noverunt.Ista
546 1893 634 1932 igitur
648 1892 777 1924 vicissim
794 1893 988 1925 conﬁtebatur

164 1933 362 1969 Domino.hoc
378 1940 422 1967 est
441 1937 549 1976 gratias
564 1937 678 1977 agebat,
703 1942 731 1968 et
747 1937 986 1970 docebatomnes

162 1977 199 2009 de
214 1978 339 2011 Domino
350 1981 428 2021 quod
445 1982 508 2022 ipse
524 1987 602 2013 esset
624 1981 768 2020 Salvator,
782 1987 810 2013 et
826 1983 986 2014 consolatio

163 2024 255 2054 nostri
284 2027 519 2066 exspectantium
547 2027 795 2067 redemptionem.
827 2029 986 2068 Postquam

162 2073 260 2100 autem
283 2072 470 2109 perfecerunt
484 2072 548 2102 haac
562 2071 788 2108 omnia,reversi
804 2076 872 2102 sunt
887 2072 915 2102 in
927 2073 986 2104 Ga-

164 2113 267 2145 li'aeam
285 2115 314 2146 in
330 2116 475 2147 civitatem
489 2125 576 2146 suum
603 2116 757 2148 Nazareth.
780 2116 847 2147 Erat
865 2117 986 2157 quidem

164 2163 193 2189 et
208 2159 356 2191 Bethleem
372 2161 475 2191 civitas
486 2161 694 2202 ipsorumrsed
711 2165 740 2191 ut
757 2162 851 2201 patria
866 2171 873 2192 :
892 2161 986 2192 Naza-

162 2204 228 2235 reth
244 2213 312 2236 vero
324 2210 354 2236 ut
370 2205 559 2237 habitationis
573 2205 754 2237 locusJesus
763 2215 831 2237 vero
843 2210 986 2246 quantum

1032 1617 1080 1650 τὴν
1101 1617 1179 1645 πόλιν
1202 1618 1286 1645 αὐτῶν
1317 1617 1445 1654 Ναζαρέτ.
1476 1617 1512 1645 Τὸ
1537 1615 1565 1644 δὲ
1586 1616 1688 1645 παιδίον
1704 1618 1803 1652 ηὔξανε
1818 1621 1858 1647 καὶ

1031 1661 1200 1701 ἐκραταιοῦτο
1242 1662 1385 1702 πνεύματι,
1429 1660 1614 1701 πληρούμενον
1659 1664 1769 1704 σοφίας,
1817 1669 1858 1696 καὶ

1029 1707 1109 1746 χάρις
1140 1708 1206 1736 Θεοῦ
1227 1707 1259 1741 ἦν
1301 1705 1345 1734 ἔπ’
1375 1707 1457 1744 αὐτῷ.
1493 1718 1506 1734 π
1537 1706 1675 1744 Ἐπιμένιι
1699 1709 1713 1736 ὁ
1743 1710 1856 1749 εὐαγγε-

1029 1751 1122 1785 λιστὴς
1153 1751 1185 1789 τῇ
1200 1753 1260 1791 περὶ
1274 1754 1323 1784 τῆς
1340 1746 1446 1784 "Aw-qq
1475 1751 1624 1791 ἀφηγήσει,
1639 1752 1683 1780 καὶ
1697 1753 1745 1780 τὸν
1759 1746 1856 1794 πατέρα

1029 1797 1072 1824 καὶ
1087 1797 1137 1830 τὴν
1162 1796 1247 1836 φυλὴν
1268 1795 1436 1835 καταλέγων,
1475 1796 1520 1824 ἵνα
1543 1796 1669 1834 μάθωμεν
1694 1797 1736 1825 ὅτι
1769 1799 1854 1833 ἀληθῆ

1029 1839 1112 1878 λέγει,
1157 1852 1288 1881 μαρτυρας
1324 1841 1420 1869 ὡσανεὶ
1462 1839 1578 1873 πολλοὺς
1607 1842 1852 1881 προσκαλούμενος,

1028 1886 1088 1917 τοὺς
1119 1885 1218 1918 εἰδότας
1243 1887 1287 1914 καὶ
1316 1886 1362 1914 τὸν
1391 1885 1493 1925 πατέρα
1514 1886 1557 1914 καὶ
1579 1886 1629 1919 τὴν
1658 1886 1756 1926 φυλήν
1788 1888 1853 1922 αὕτη

1028 1933 1072 1958 οὖν
1101 1930 1316 1970 ἀνθωμολογεῖτο
1333 1933 1371 1967 τῷ
1398 1929 1496 1970 Κυρίῳ⁷
1515 1930 1665 1969 τουτέστιν,
1682 1931 1852 1973 ηὒχαρίστει,

1028 1975 1071 2002 καὶ
1101 1974 1217 2003 ἐδίδαακε
1246 1976 1346 2008 πάντας
1370 1976 1429 2015 περὶ
1449 1979 1495 2004 τοῦ
1522 1976 1627 2015 Κυρίου,
1658 1975 1698 2004 ὅτι
1714 1977 1795 2010 αὐτὸς
1809 1977 1852 2012 εἴη

1028 2021 1042 2047 ὁ
1072 2020 1167 2059 Σωτὴρ
1193 2021 1236 2048 καὶ
1259 2020 1277 2054 ἠ
1292 2020 1464 2059 παράκλησις
1486 2020 1564 2058 ⁴ἡμῶν
1579 2023 1632 2048 τῶν
1647 2020 1853 2061 προσδοκώντων

1031 2065 1077 2098 rip
1103 2064 1286 2104 ἀπολύτρωσιν
1303 2072 1310 2080 ⁸
1339 2065 1407 2102 μετὰ
1435 2063 1462 2092 δὲ
1488 2065 1518 2093 τὸ
1539 2063 1645 2092 τελέσαι
1675 2066 1774 2105 πάντα,
1801 2069 1852 2096 ὑπ-

1029 2109 1157 2148 έστρεψαν
1185 2111 1222 2141 εἰς
1250 2110 1300 2144 τήν
1329 2109 1483 2147 Γαλιλαίαν,
1521 2110 1558 2142 εἷς
1584 2110 1634 2143 τὴν
1675 2110 1756 2139 πόλιν
1771 2113 1853 2141 minim

1029 2154 1146 2194 Ναζαρέτ
1160 2163 1167 2171 '
1196 2155 1228 2188 ἧν
1258 2155 1306 2192 μὲν
1334 2154 1384 2194 γὰρ
1413 2155 1457 2182 καὶ
1471 2155 1489 2188 ἠ
1506 2153 1638 2192 Βηθλεὲμ,
1655 2155 1735 2188 πόλις
1757 2158 1850 2195 αὐτῶν,

1028 2198 1088 2227 ἀλλ’
1116 2200 1152 2231 ὡς
1174 2200 1268 2238 πατρίς
1285 2209 1293 2217 ”
1309 2199 1327 2234 ἠ
1348 2199 1375 2227 δὲ
1410 2199 1538 2240 Ναζαρὲτ,
1562 2200 1599 2231 ὡς
1627 2203 1850 2243 κατοικητὴριον·

163 2249 197 2280 ad
211 2258 318 2290 corpus
334 2250 438 2288 crevit,
452 2250 585 2291 quamvis
602 2251 747 2290 potuisset
762 2261 796 2282 ex
818 2243 900 2282 utero
921 2251 982 2282 Ma-

1075 2255 1120 2272 ανε
1147 2243 1174 2273 δὲ
1194 2245 1208 2272 ὁ
1237 2244 1339 2279 Ἰησοῦς
1367 2245 1436 2273 κατὰ
1469 2246 1500 2273 τὸ
1527 2248 1618 2283 σῶμα,
1656 2246 1745 2275 καίτοι
1775 2246 1852 2278 δυνά-

163 2294 216 2325 tris
232 2295 261 2325 in
276 2298 388 2326 statura
403 2294 458 2326 viri
483 2295 607 2335 perfecti
627 2295 802 2337 procedere;
819 2295 914 2326 visum
931 2305 986 2327 au-

164 2341 223 2368 tem
239 2338 341 2370 fuisset
355 2339 575 2378 phantasma,et
588 2347 745 2381 propterea
758 2341 895 2381 paulatim
908 2350 985 2372 cres-

163 2383 213 2413 cit.
231 2382 302 2414 Cum
319 2387 418 2414 autem
445 2390 604 2423 cresceret,
625 2385 746 2416 emicuit
764 2386 815 2417 Dei
831 2385 922 2416 Verbi
937 2395 987 2416 sa-

164 2427 283 2467 pientia.
297 2430 365 2460 Non
377 2428 457 2459 enim
475 2430 595 2470 sapiens
610 2430 664 2461 fuit
678 2430 874 2471 proﬁciendo,
892 2431 984 2461 absit:

164 2473 215 2502 sed
225 2472 364 2512 paulatim
374 2473 537 2505 declaravit
547 2475 665 2506 insitam
678 2475 990 2515 sapientiam,etjuxta

163 2517 298 2557 corporis
313 2521 454 2549 staturam
468 2519 580 2550 dicitur
594 2520 739 2560 proﬁcere
755 2523 784 2550 et
800 2519 989 2551 corroborari

163 2562 281 2602 spiritu.
298 2561 330 2593 Si
345 2563 424 2594 enim
439 2564 569 2604 quandiu
586 2565 685 2596 brevis
701 2565 766 2596 291
781 2565 885 2596 fuisset
900 2568 989 2596 statu-

162 2615 206 2644 ra,
223 2607 402 2638 ostendisset
423 2618 542 2640 omnem
565 2610 753 2650 sapientiam,
781 2610 860 2640 visus
885 2609 989 2640 fuisset

163 2651 350 2692 prodigiosus
367 2662 374 2682 :
392 2662 472 2684 nunc
488 2658 587 2685 autem
599 2655 682 2694 juxta
693 2655 837 2685 rationem
855 2658 986 2691 statum,

161 2697 292 2737 seipsum
309 2706 361 2737 pro
374 2697 468 2738 ipsius
475 2700 637 2739 capacitate
651 2699 987 2739 ostendens,dispensa-

163 2741 274 2785 tionem
300 2741 453 2783 implebat,
492 2753 552 2775 non
591 2753 772 2785 praesumens
811 2742 989 2783 sapientiam

165 2784 247 2827 (quid
264 2787 344 2818 enim
358 2788 520 2827 perfectius
533 2798 580 2827 eo,
592 2784 652 2829 qui
677 2789 714 2821 ab
731 2789 816 2821 initio
839 2788 892 2819 fuit
918 2796 989 2828 per-

161 2831 295 2873 fectus?)
313 2840 414 2864 verum
432 2833 571 2875 paulatim
587 2834 668 2865 illam
687 2834 829 2866 denudat.

1029 2299 1108 2326 μενος
1139 2289 1168 2317 ἐκ
1184 2290 1287 2329 μήτρας
1311 2289 1402 2326 αὗτῆς,
1426 2290 1463 2321 εἰς
1489 2289 1584 2328 μέτρον
1609 2290 1716 2323 ἡλικίας
1732 2291 1852 2331 ἂῶρικῆς

1029 2333 1169 2371 ἀναϐῆναι,
1189 2334 1248 2362 ἀλλ’
1277 2333 1363 2367 ἔδοξεν
1393 2334 1423 2362 ἂν
1452 2335 1594 2374 φαντασία,
1620 2333 1666 2362 διὰ
1690 2339 1768 2365 τοῦτο
1791 2337 1853 2365 κατὰ

1029 2380 1124 2418 μικρὸν
1151 2379 1253 2413 αὒξάνει
1282 2387 1289 2395 ⁸
1332 2378 1488 2412 αὐξάνοντος
1516 2377 1557 2419 δὲ,
1589 2378 1738 2420 ἐξεφαίνετο
1759 2382 1777 2416 ἠ
1811 2382 1853 2409 τοῦ

1030 2428 1095 2452 Θεοῦ
1122 2424 1208 2464 Λόγου
1238 2426 1315 2464 σοφία
1333 2433 1342 2441 '
1372 2424 1402 2452 οὒ
1429 2424 1479 2463 γαρ
1506 2424 1574 2452 κατὰ
1602 2426 1742 2463 προκοπὴν
1757 2426 1852 2466 ἐγίνετο

1031 2469 1124 2510 σοφὸς,
1153 2469 1251 2508 ἄπαγε,
1295 2468 1378 2498 Ἀλλὰ
1411 2470 1479 2497 κατα
1507 2469 1600 2507 μικρὸν
1641 2468 1773 2510 ἐκφαίνων
1806 2471 1851 2504 τὴν

1031 2513 1145 2554 ἔμφυτον
1171 2517 1277 2554 σοφίαν,
1320 2513 1471 2542 ἀκολούθων
1503 2514 1537 2551 τῇ
1572 2515 1713 2552 σωματικὴ
1753 2515 1851 2552 ἡλικία,

1031 2558 1136 2598 λέγεται
1165 2559 1325 2598 προκόπτειν
1353 2559 1398 2587 καὶ
1425 2559 1612 2598 κραταιοῦσθαι
1639 2561 1679 2595 τῷ
1699 2560 1827 2598 πνεύματι
1843 2567 1850 2574 ’

1031 2604 1053 2631 εἱ
1068 2604 1117 2643 γὰρ
1132 2603 1159 2631 ἐν
1174 2603 1228 2641 ὅσῳ
1249 2606 1282 2638 ἦν
1308 2604 1410 2643 βραχὺς
1435 2603 1485 2637 τήν
1508 2602 1626 2640 ἠλικίαν,
1645 2603 1755 2644 ἐξέφηνε
1769 2608 1852 2633 πᾶσαν

1031 2650 1134 2688 σοφίαν,
1164 2647 1249 2682 ἔδοξεν
1264 2648 1294 2677 ἂν
1310 2648 1387 2688 τέρας
1406 2656 1413 2662 ·
1440 2649 1483 2676 νῦν
1499 2646 1527 2675 δὲ
1549 2646 1687 2687 ἀναλόγως
1704 2650 1738 2687 τῇ
1763 2649 1850 2685 ἡλικία

1029 2693 1158 2726 ἓνδὶικνὺς
1175 2694 1265 2723 ica-cini
1281 2695 1317 2726 ὡς
1348 2694 1488 2733 ἓνεχώρει,
1518 2692 1568 2725 τὴν
1593 2693 1747 2731 οἰκονομίαν
1768 2693 1851 2728 ἐπλή-

1031 2750 1086 2779 ρου,
1127 2741 1157 2768 οὗ
1202 2738 1399 2780 προλαμϐάνων
1437 2738 1529 2778 σοφίαν
1572 2736 1608 2777 (τί
1647 2739 1698 2778 γὰρ
1727 2743 1773 2768 τοῦ
1807 2737 1850 2766 ἀπ’

1031 2784 1119 2824 ἀρχῆς
1146 2784 1247 2813 τελείου
1275 2785 1373 2825 γένοιτ’
1411 2783 1442 2812 ἂν
1479 2781 1644 2823 τελειότερον
1662 2785 1683 2824 ;)
1712 2783 1780 2813 ἀλλᾶ
1806 2783 1851 2818 τὴν

1033 2832 1111 2858 οὖσαν
1131 2830 1199 2857 κατὰ
1213 2831 1302 2870 βραχὺ
1315 2831 1505 2870 παραγυμνῶν.
