1933 3084
188 160 249 198 747

673 163 968 198 THEOPHYLACTI
990 165 1194 199 BULGARLE
1216 167 1395 200 ARGHIEP.

1817 166 1874 201 748

189 234 229 265 ita
243 233 418 274 nugabatur,
434 233 458 264 si
481 232 614 263 fortassis
634 233 804 264 adulatione
819 233 952 273 deceptus

1110 246 1145 267 τας
1162 243 1170 251 ·
1199 235 1271 269 πλὴν
1301 235 1360 265 ἀλλ’
1376 239 1407 266 οὗ
1421 238 1489 265 κατὰ
1514 236 1630 266 διάνοιαν
1652 238 1743 275 οἶμαι,
1759 236 1820 265 ἀλλ⁹
1836 238 1873 264 αἷ‹

188 278 296 310 Filium
312 278 365 310 Dei
381 281 530 308 ostentare
539 277 618 315 velit,
635 277 804 318 dejiciendo
817 287 849 309 se
859 278 1012 316 deorsum,

188 327 384 362 cognosceret
407 323 541 362 quisnam
571 327 660 353 esset.
688 323 725 353 At
754 322 898 354 Dominus
927 323 1011 354 illum

186 367 349 408 Scripturis
364 367 505 408 repellit:
532 379 544 395 ιι
562 368 628 399 Νοη
645 367 783 403 tentabis,
801 367 997 408 inquit,Domi

187 421 257 444 num
271 413 364 443 Deum
377 416 472 444 tuum.
492 424 503 440 ι
522 411 625 452 Neque
640 411 719 443 enim
736 413 802 452 quis
821 421 853 442 se
868 412 898 442 in
914 413 1011 443 mani-

186 456 306 488 festaria
320 457 456 498 pericula
477 456 566 487 debet
591 455 733 496 objicere,
760 456 914 496 probando
939 466 1010 488 num

181 501 266 542 juvet
282 511 316 533 se
339 502 428 533 Deus.
453 501 667 533 Animadverte
692 501 811 531 interim
841 505 949 541 quanta
970 502 1010 532 sit

186 547 298 578 utilitas
309 547 386 578 scire
399 546 579 587 Scripturas.
596 546 758 587 Scripturis
770 546 849 576 enim
865 546 1009 578 Dominus

184 593 323 624 Satanam
338 592 458 632 repulit.
475 591 539 623 Hoe
563 591 655 622 enim.
678 590 741 622 Non
764 591 826 621 solo
850 600 925 630 pane
940 591 1010 621 vivit

184 636 287 675 homo,
300 636 462 668 Mosaicum
472 640 517 666 est
531 635 569 666 de
586 636 690 666 Manna
703 635 813 666 dictum
831 646 838 667 :
855 644 922 665 nam
939 635 1008 666 licet

184 690 245 711 non
261 685 340 711 esset
354 680 438 721 panis
448 680 602 717 Manna,eo
617 684 714 710 tamen
723 679 856 710 alebatur
869 680 1005 719 populus.

183 724 331 757 Similiter
344 729 374 756 et
387 724 438 756 illa
453 734 470 755 a
484 724 562 756 Mose
573 725 747 764 deprompta
758 728 838 762 sunt,
848 725 1006 756 Dominum

182 774 281 800 autem
297 769 392 800 Deum
409 773 490 800 tuum
506 768 655 810 adorabis,
673 773 702 800 et
717 778 724 800 :
748 768 811 800 Non
826 769 966 800 tentabis.

1053 281 1155 314 σθητῶς
1177 281 1273 313 ταύτας
1302 282 1373 319 αὐτῷ
1400 281 1544 320 ὑπέδειξεν,
1562 282 1590 310 ὲν
1604 283 1735 322 φαντασίᾳ
1763 283 1875 316 ποιήσας

1052 328 1178 364 φανῆναι,
1194 329 1242 354 τοῦ
1270 327 1363 364 Κυρίου
1393 327 1432 364 μὴ
1458 327 1674 366 φανταζομένου·
1701 329 1790 366 τρίτον
1812 327 1878 362 αὗτῷ

1051 368 1224 409 προσϐλλλει,
1247 370 1300 398 ἀπὸ
1327 373 1377 402 τῆς
1404 370 1562 410 φιλοδοξίας·
1588 373 1616 400 Et
1640 372 1694 404 υἱὸς
1710 372 1774 410 γὰρ,
1789 371 1876 411 φησὶν,

1052 413 1080 441 εἶ
1100 417 1147 442 τοῦ
1173 415 1249 452 Θεοῦ,
1273 414 1338 452 βάλε
1360 417 1471 444 σεαυτὸν
1497 416 1571 444 κάτω
1586 424 1594 431 ’
1618 416 1773 444 κολακεύων
1788 415 1815 442 δὲ
1830 415 1876 442 αὖ·

1051 458 1107 498 τὸν,
1137 459 1170 486 τὰ
1197 462 1306 487 τοιαῦτα
1327 458 1430 499 ἐλήρει,
1460 459 1487 488 εἴ
1515 472 1573 493 πως
1598 461 1651 489 ἀπὸ
1671 463 1721 494 τῆς
1738 459 1875 490 κολακείας

1051 502 1208 543 ἀπατηθεὶς,
1237 503 1282 531 καὶ
1303 503 1387 532 θέλων
1408 503 1492 537 δεῖξαι
1508 505 1600 533 ἑαυτὸν
1621 506 1681 532 Υἱὸν
1707 507 1788 540 Θεοῦ,
1812 503 1877 542 βάλῃ

1052 547 1144 588 έαυτὸν
1173 547 1259 585 κάτω,
1287 549 1331 576 καὶ
1353 548 1423 577 οὕτω
1443 548 1594 588 διαγνωσθῇ
1621 550 1703 586 αὐτῷ,
1725 550 1766 582 τίς
1797 548 1876 578 ἐστιν.

1052 587 1081 619 ’0
1109 590 1136 619 δὲ
1168 593 1260 631 Κύριος
1290 592 1338 632 ὅρα
1359 595 1417 625 πῶς
1447 594 1622 633 ἀποκρούεται
1646 594 1726 622 αὐτὸν
1755 595 1810 622 ἀπὸ
1830 595 1876 626 τῆς

1050 638 1155 676 Γραφῆς
1173 645 1180 652 “
1213 648 1224 665 ε
1250 639 1304 667 Οὖκ
1331 638 1497 678 ἒκπειράσεις
1524 640 1586 679 γὰρ,
1617 640 1692 679 φησὶ,
1723 639 1821 677 Κύριον
1834 640 1875 666 τὸν

1049 681 1114 708 Θεόν
1144 692 1201 711 σου.
1230 694 1244 710 ι
1277 682 1313 710 0οό
1348 683 1398 722 γὰρ
1426 682 1469 711 δεῖ
1504 684 1541 714 εἰς
1569 690 1718 723 προφανεϊς
1745 682 1876 715 κινδύνους

1048 724 1193 763 ἐμϐάλλειν
1229 727 1288 754 τινὰ
1325 727 1429 767 ἑαυτὸν,
1469 727 1647 766 δοκιμάζοντα
1682 728 1704 756 εἷ
1749 728 1874 766 βοηθήσει

1048 772 1119 807 αὒτῷ
1134 772 1148 798 ὃ
1164 771 1240 802 Θεός,
1258 771 1413 809 Σημείωσαι
1440 771 1468 800 δὲ
1488 774 1533 801 καὶ
1547 776 1637 810 τοῦτο,
1651 772 1692 801 δτι
1707 773 1782 812 μέγα
1815 773 1874 812 ὄφε-

183 814 229 847 λος
258 816 289 843 τὰ
311 814 404 844 εἰδέναι
427 816 473 847 τὰς
488 815 592 855 Γραιράς
611 824 617 830 ·
643 815 686 843 καὶ
701 815 808 854 γὰρκαὶ
824 816 837 842 ὁ
855 815 946 854 Κύριυς
971 815 1016 843 τὸν
1037 817 1156 843 Σατανᾶν
1181 816 1234 844 ἀπὸ
1261 820 1314 845 τῶν
1339 816 1449 856 Γραφῶν
1473 817 1654 857 ἀπεκρούσατο
1671 827 1678 834 ο
1695 818 1725 846 τό
1754 829 1784 846 τε
1816 819 1872 856 γὰρ.

183 859 238 888 Οὐκ
267 861 311 888 ἔπ’
338 859 409 899 ἄρτῳ
437 859 511 898 μόνῳ
532 860 640 895 ζήσεται
669 859 816 898 ἅνθρωπος,
844 859 982 888 Μοσαϊκόν
1021 858 1088 899 ἐστι,
1118 861 1176 899 περί
1211 864 1257 889 τοῦ
1295 861 1385 889 Μάννα
1413 861 1490 899 ῥηθὲν
1507 872 1515 880 ⁸

1547 863 1578 890 τὸ
1600 862 1650 901 γὰρ
1679 862 1775 890 Μάννα
1802 862 1873 901 ἄρτος

182 904 221 941 μὴ
249 904 292 945 ὃν,
319 904 392 942 ὅμως
407 904 498 943 ἔθρεψε
513 905 558 932 τὸν
574 904 638 932 λαόν
655 911 661 919 ·
677 905 721 932 καὶ
736 905 778 944 τὸ,
797 904 890 942 Κύριον
904 902 932 932 δὲ
953 904 998 932 τὸν
1021 903 1086 932 Θεόν
1109 916 1155 933 σου
1182 906 1388 946 προσκυνήσεις,
1419 907 1462 934 καὶ
1483 907 1526 944 τὸ,
1553 907 1606 935 Οὔκ
1626 907 1812 947 εκπειράσεις,
1834 907 1874 934 καὶ

181 946 264 977 ταῦτα
278 950 421 981 Μωσαϊκά.

224 986 318 1025 Vens.
334 993 373 1024 l3
387 994 437 1026 15.
452 1006 465 1022 κ
482 993 517 1024 Et
532 997 736 1025 consummata
748 993 829 1024 omni
844 992 986 1024 tentation

1130 995 1179 1024 Καὶ
1202 994 1359 1027 συντελέσας
1387 996 1473 1024 πάντα
1501 997 1649 1034 πειρασμὸν
1684 997 1699 1025 ὁ
1739 995 1870 1034 διάϐολος,

181 1038 318 1070 diabolus
331 1038 457 1070 recessit
471 1039 507 1069 ab
529 1038 580 1069 illo
595 1047 689 1079 usque
704 1038 739 1069 au’
756 1042 885 1078 tempus.
900 1037 937 1068 Et
951 1047 1002 1069 re-

180 1092 284 1114 versus
299 1088 345 1114 est
357 1082 445 1114 Iesus
461 1084 491 1114 in
506 1083 610 1114 virtute
626 1083 748 1123 spiritus
763 1083 793 1113 in
807 1083 1004 1118 Galilaeam.et

179 1128 257 1159 fama
268 1128 340 1159 exiit
354 1137 408 1168 per
423 1128 593 1159 universam
607 1127 760 1167 regionem
777 1128 814 1158 de
825 1127 928 1159 illo.Et
937 1127 1002 1167 ipse

179 1172 308 1204 docebat
328 1173 360 1204 in
375 1173 532 1213 synagogis
545 1182 660 1213 eorum,
678 1177 707 1204 et
729 1172 949 1212 gloriﬁcabatur
961 1171 999 1203 ab

179 1217 331 1250 omnibus.
351 1231 363 1246 ι
380 1219 508 1249 Omnem
524 1217 717 1248 tentationem
734 1217 805 1248 dicit
821 1219 919 1248 Lucas
934 1226 1002 1247 con-

177 1271 344 1294 summasse
354 1262 528 1303 Dominum,
540 1262 673 1302 quamvis
683 1261 776 1292 tribus
786 1262 928 1292 duntaxat
939 1266 1001 1292 ten-

178 1307 490 1339 tationibustentatum
506 1318 512 1338 :
529 1316 563 1338 eo
575 1306 652 1347 quod
663 1306 856 1337 tentationum
868 1306 1001 1337 omnium

177 1352 238 1383 sint
262 1353 358 1393 capita
372 1352 440 1393 tria,
465 1351 598 1392 avaritia,
622 1351 700 1391 gula,
724 1355 752 1382 et
774 1351 870 1382 inanis
895 1351 1001 1391 gloria.

180 1396 273 1428 Porro
291 1397 367 1436 gulm
383 1397 577 1428 tentaliunem
601 1397 720 1436 repulit,
737 1396 839 1427 dicens
857 1406 863 1426 :
889 1397 955 1428 Non
971 1396 1001 1426 in

178 1441 242 1473 solo
254 1451 330 1482 pane
340 1441 415 1472 vivet
429 1442 530 1473 homo.
538 1442 597 1473 Hac
606 1442 684 1472 enim
699 1442 792 1481 primo
805 1441 912 1472 invasit
920 1450 999 1477 eum,

176 1486 253 1517 sicut
267 1491 296 1517 et
311 1486 466 1517 Adamum.
475 1486 570 1526 Adam
578 1487 656 1517 enim
669 1495 726 1517 non
739 1485 833 1526 potuit
842 1495 894 1526 per
904 1486 1000 1516 avari-

178 1531 247 1562 tiam
256 1532 513 1572 supplantariznon
521 1532 600 1563 enim
609 1534 724 1572 poterat
731 1531 870 1571 pluraille
876 1540 998 1572 cupere,

177 1576 206 1606 id
223 1576 293 1607 299
308 1576 386 1616 quod
403 1576 531 1607 avaritiae
553 1580 609 1613 est,
626 1576 706 1606 solus
724 1575 880 1608 exsistens.
897 1575 999 1616 Neque

177 1629 231 1660 per
247 1621 321 1651 iram
335 1631 343 1651 :
361 1620 408 1651 cui
418 1620 497 1651 enim
509 1620 745 1652 succensuisset‘!
752 1620 856 1660 Neque
865 1629 918 1660 per
930 1621 999 1651 invi-

176 1665 268 1696 diam.
285 1665 412 1696 Proinde
437 1674 490 1705 per
505 1665 602 1705 gulam
626 1665 834 1705 supplantavit.
852 1665 997 1697 Caeterum

176 1711 312 1742 avaritia
327 1710 518 1741 tentationem
538 1711 646 1750 repulit
666 1719 724 1740 non
751 1710 908 1750 procidens
931 1715 999 1740 ante

176 1755 341 1791 diabolum,
358 1764 457 1795 neque
474 1764 542 1785 eum
558 1755 698 1785 adorans.
714 1753 786 1785 Nam
797 1764 864 1785 cum
876 1754 999 1785 demou-

175 1805 298 1832 strasset
309 1799 409 1831 omnia
419 1808 510 1839 regna
521 1798 703 1831 sensibiliter
711 1800 775 1839 ejus
784 1799 996 1838 imaginationi,

173 1855 232 1877 non
246 1845 281 1877 ad
303 1854 337 1876 ea
355 1845 504 1885 respexit:
523 1845 638 1875 tametsi
660 1843 794 1874 nonnulli
817 1844 874 1874 hoc
890 1853 948 1875 non
961 1843 998 1875 de

173 1889 365 1921 sensibilibus
374 1889 486 1929 regnis,
499 1889 549 1919 sed
562 1888 742 1920 mentalibus
751 1888 997 1926 intellex«-rint,ut

173 1935 251 1976 quod
267 1934 478 1966 monstraverit
492 1933 659 1973 eiuregnum
676 1933 792 1965 invidiae
807 1942 932 1973 regnum
948 1933 996 1964 in-

172 1979 364 2011 continentiae
386 1983 415 2009 et
445 1978 475 2008 in
500 1987 616 2009 summa
640 1979 771 2009 omnium
807 1982 995 2018 peccatorum

173 2034 284 2064 regna:
302 2028 332 2054 et
347 2023 430 2064 quasi
448 2022 517 2053 talia
538 2023 566 2053 ei
591 2022 724 2054 diceret:
748 2022 778 2054 Si
805 2024 845 2054 vis
869 2031 995 2062 regnare

172 2069 376 2100 atl‘ectionibus
385 2067 526 2107 illis,etin
538 2067 592 2098 hoc
602 2067 750 2105 venisti,ut
760 2076 811 2098 eos
821 2068 872 2107 qui
880 2067 935 2098 sub
947 2077 994 2098 me

176 2117 246 2144 sunt
256 2112 494 2153 rapias,procide
505 2116 534 2142 et
546 2111 636 2142 adora
648 2121 696 2143 me
709 2122 715 2143 :
733 2117 761 2142 et
775 2113 877 2152 accipe
891 2121 994 2143 omnes

173 2158 223 2198 qui
244 2167 262 2189 a
278 2167 323 2188 me
339 2156 553 2196 gubernantur.
579 2156 722 2188 Dominus
746 2161 843 2188 autem
868 2165 994 2196 regnare

173 2203 293 2243 quidem
304 2202 378 2239 vult,
391 2206 420 2232 et
437 2202 473 2232 ad
494 2202 550 2233 hoc
570 2202 659 2233 venit:
674 2211 798 2241 regnare
817 2206 915 2233 autem
933 2211 992 2232 non

172 2257 239 2278 cum
256 2251 388 2288 peccato,
405 2255 501 2286 neque
513 2256 576 2277 sme
583 2247 758 2287 certamine,
774 2247 826 2277 sed
838 2251 955 2277 certans
965 2251 993 2277 et

171 2292 303 2324 vincens.
317 2290 367 2323 Sic
376 2292 496 2331 quidam
509 2290 737 2322 intellexerunt:
755 2300 842 2332 quem
856 2300 990 2327 sensum,

1045 1037 1149 1072 ἀπέστη
1175 1039 1223 1068 ἀπ’
1255 1039 1335 1070 αὐτοῦ
1363 1039 1426 1080 ἄχρι
1454 1039 1547 1080 καιροῦ
1563 1049 1570 1058 ⁸
1603 1042 1646 1069 καὶ
1667 1041 1833 1081 ὑπέστρεψεν
1860 1043 1871 1069 ὁ

1044 1081 1146 1116 Ἰησοῦς
1175 1083 1201 1112 ἐν
1231 1087 1265 1122 τῇ
1292 1083 1398 1122 δυνάμει
1426 1089 1472 1113 τοῦ
1497 1085 1646 1122 πνεύματος
1672 1086 1709 1117 εἷς
1724 1087 1778 1120 τὴν
1794 1086 1871 1114 Γαλι-

1042 1126 1118 1156 λαίαν
1134 1139 1141 1146 ·
1172 1129 1215 1157 καὶ
1239 1130 1318 1169 φήμη
1345 1129 1436 1163 ἐξῆλθε
1464 1130 1523 1158 καθ’
1547 1129 1614 1163 ὅλης
1642 1132 1692 1163 τῆς
1718 1131 1870 1171 περιχώρου

1043 1173 1102 1211 περὶ
1132 1174 1210 1202 αὐτοῦ
1226 1183 1233 1190 ⁸
1259 1175 1302 1202 καὶ
1340 1175 1417 1207 αὐτὸς
1445 1173 1577 1203 ἐδίδασκεν
1606 1173 1633 1202 ἐν
1660 1182 1721 1208 ταῖς
1749 1186 1870 1215 συναγω-

1043 1222 1107 1254 γαῖς
1137 1218 1226 1245 αὑτῶν
1254 1217 1428 1256 δοξαζόμενος
1456 1219 1507 1247 ὑπὸ
1535 1219 1654 1251 πάντων,
1674 1229 1689 1248 ι
1705 1220 1800 1248 Πάντα
1812 1231 1869 1248 πει-

1044 1261 1146 1299 ρασμόν
1181 1273 1262 1302 φησιν
1346 1266 1448 1295 Λουκᾶς
1484 1262 1637 1293 συντελέσαι
1679 1265 1725 1292 τὸν
1766 1267 1868 1303 Κύριον,

1044 1305 1129 1333 καίτοι
1154 1300 1228 1345 τρεῖς
1256 1300 1420 1346 πειρασμοὺς
1448 1307 1635 1347 πειρασθέντα,
1651 1307 1722 1337 Mn
1739 1300 1868 1349 κεφαλαια

1042 1352 1096 1377 τῶν
1125 1355 1278 1390 πειρασμῶν
1309 1353 1415 1381 πάντων
1435 1354 1458 1381 οἱ
1479 1359 1552 1391 τρεῖς
1574 1352 1645 1381 οὗτοί
1670 1354 1751 1392 εἰσιν,
1783 1355 1797 1382 ὁ
1824 1356 1867 1387 τῆς

1043 1393 1270 1434 φιλοχρηματίας,
1301 1397 1315 1424 ὁ
1341 1396 1390 1430 τῆς
1418 1396 1640 1436 γαστριμαργίας,
1665 1399 1679 1425 ὁ
1709 1399 1764 1431 τῆς
1793 1398 1866 1438 φιλο-

1042 1437 1138 1483 δοξίας.
1162 1441 1213 1468 Τὸν
1240 1441 1289 1478 μὲν
1323 1441 1368 1469 οὖν
1389 1443 1438 1476 τῆς
1461 1443 1670 1481 γαστριμαργίας
1698 1437 1866 1483 απεκροῦσα-

1042 1493 1072 1511 το
1087 1482 1129 1511 διὰ
1153 1488 1200 1512 τοῦ
1231 1485 1331 1522 εἰπεῖν,
1355 1485 1395 1514 ὅτι
1417 1487 1471 1515 Οὖκ
1499 1486 1542 1514 ἐπ’
1567 1485 1638 1526 ἄρτῳ
1661 1487 1738 1524 μόνῳ
1761 1482 1866 1523 ζήσεται

1041 1527 1177 1567 ἄνθρωπος
1195 1537 1202 1545 ’
1252 1533 1359 1570 πρῶτον
1401 1531 1451 1570 γὰρ
1499 1532 1545 1559 τὸν
1582 1533 1731 1571 πειρασμὸν
1779 1537 1867 1562 τοῦτον

1040 1574 1211 1614 προσήγαγεν
1236 1576 1316 1612 αὐτῷ,
1333 1576 1370 1607 ὡς
1386 1576 1430 1604 καὶ
1451 1579 1490 1612 τῷ
1505 1574 1590 1614 Ἀδάμ
1606 1584 1615 1592 ⁸
1639 1577 1684 1605 τὸν
1710 1578 1765 1617 γὰρ
1786 1577 1868 1615 ’Δδὰμ

1041 1617 1100 1645 οὔτε
1128 1617 1181 1646 ἀπὸ
1208 1618 1360 1652 πλεονεξίας
1400 1619 1512 1654 ἠδύνατο
1538 1620 1722 1661 ὑποσκελίσαι,
1756 1623 1787 1651 οὗ
1822 1623 1867 1661 γὰρ

1041 1662 1104 1702 εἶχε
1133 1667 1179 1691 τὸν
1213 1663 1470 1705 πλεονεκτούμενον,
1505 1665 1588 1702 μόνος
1602 1665 1651 1697 ὤν.
1671 1666 1737 1695 οὕτε
1755 1667 1866 1705 ἀσὸόρ-

1038 1709 1089 1745 γῆς
1106 1715 1113 1721 ·
1137 1708 1168 1736 (αὖ
1188 1708 1238 1748 γᾶρ
1259 1711 1338 1748 εἶχεν
1359 1711 1382 1746 ᾧ
1397 1709 1519 1748 ὀργισθῇ,
1534 1710 1600 1738 Οὓτε
1613 1710 1667 1739 ἀπὸ
1680 1710 1779 1750 φθόνου
1792 1720 1801 1729 '
1816 1712 1866 1739 ἀπὸ

1038 1753 1088 1785 τῆς
1117 1751 1220 1784 κοιλίας
1236 1753 1279 1782 οὖν
1305 1753 1476 1782 ὑπεσκέλισεν
1503 1754 1594 1784 αὐτόν.
1610 1756 1660 1784 Τὸν
1675 1755 1705 1784 δὲ
1719 1758 1774 1790 τῆς
1791 1755 1866 1796 φιλο-

1038 1799 1193 1835 χρηματίας
1228 1797 1421 1837 ἀπεκρούσατο,
1450 1798 1492 1828 διὰ
1530 1799 1577 1828 τοῦ
1600 1800 1640 1837 μὴ
1665 1807 1775 1837 πεσεῖν,
1801 1801 1864 1838 μηδὲ

1038 1843 1218 1880 προσκυνῆσαι
1251 1845 1333 1880 αὐτῷ,
1366 1839 1543 1877 Ὑποδείξαντι
1568 1844 1618 1883 γὰρ
1653 1845 1700 1877 τὰς
1728 1845 1865 1883 βασιλείας

1039 1885 1126 1918 πάσας
1154 1887 1286 1920 αἰσθητῶς
1328 1889 1397 1917 κατὰ
1431 1889 1589 1928 φαντασίαν,
1628 1888 1682 1929 οὐχ
1721 1891 1841 1928 ὑπέκυψι
1855 1898 1861 1905 ·

1038 1930 1123 1959 καίτοι
1145 1931 1176 1970 γέ
1204 1942 1274 1965 τινες
1301 1935 1331 1962 οὗ
1356 1934 1416 1972 περὶ
1453 1934 1586 1967 αἰσθητῶν
1614 1933 1760 1972 βασιλειῶν
1788 1941 1863 1964 τοῦτο

1037 1973 1162 2013 ἐνοησαν,
1184 1975 1251 2004 ἀλλὰ
1285 1978 1343 2017 περί
1364 1977 1514 2016 νοουμένων
1530 1986 1538 1993 ·
1555 1978 1629 2015 οἷον,
1646 1978 1782 2012 ὑπέδειξεν
1796 1982 1862 2016 αὖτῴ

1036 2019 1086 2054 τὴν
1114 2019 1249 2058 βασιλείαν
1279 2021 1327 2056 τῆς
1365 2022 1524 2062 ἀκολασίας,
1563 2023 1614 2056 τὴν
1646 2023 1786 2061 βασιλείαν
1818 2028 1861 2053 τοῦ

1035 2064 1142 2108 φθόνου,
1170 2066 1215 2094 καὶ
1249 2065 1341 2099 ἀπλῶς
1366 2070 1459 2095 πασῶν
1485 2067 1539 2096 τῶν
1567 2067 1704 2107 ἁμαρτιῶν
1716 2069 1767 2102 τὰς
1782 2070 1859 2108 βασι»

1034 2106 1107 2141 λείας
1125 2117 1133 2124 ⁵
1164 2111 1208 2138 καὶ
1233 2111 1330 2140 ὡσανεὶ
1357 2115 1466 2140 τοιαῦτα
1489 2111 1580 2152 ἔλεγεν
1608 2106 1680 2150 αὖτῷ
1697 2121 1704 2129 ⁸
1726 2115 1756 2142 Εἰ
1777 2106 1859 2145 θέλε.ς

1034 2152 1187 2190 βασιλεῦσαι
1217 2156 1316 2183 τούτων
1337 2159 1390 2184 τῶν
1405 2157 1508 2194 παθὼν,
1533 2157 1578 2185 καὶ
1603 2156 1647 2185 ἐπὶ
1661 2158 1746 2195 τούτῳ
1760 2158 1859 2194 ελήλυ-

1035 2197 1094 2238 θας,
1124 2198 1170 2227 ἵνα
1199 2200 1260 2232 τοὺς
1290 2199 1335 2228 ὑπ’
1364 2201 1430 2238 ἐμοῦ
1456 2201 1657 2241 κατεχομένους
1685 2202 1856 2243 ἆφαρπάσῃς,

1033 2243 1122 2270 πεσὼν
1149 2244 1330 2283 προνκύνησόν
1352 2256 1410 2283 μοι,
1434 2246 1478 2273 καὶ
1502 2244 1640 2285 παράλαϐε
1674 2247 1778 2279 πάντας
1800 2248 1858 2280 τοὺς

1032 2286 1077 2314 ὑπ’
1107 2287 1172 2325 ὶμοῦ
1199 2289 1434 2328 βασιλευομένους.
1464 2285 1493 2319 ’0
1522 2289 1549 2318 δὲ
1579 2289 1676 2329 Κύριος
1706 2292 1857 2330 βασιλεῦσαι

169 2337 194 2367 si
209 2336 257 2367 cui
272 2330 536 2377 placet,7recipiat.
553 2336 646 2367 Porro
674 2340 702 2366 et
721 2330 840 2366 inanem
867 2335 930 2374 glor

1110 2331 1193 2377 θέλει,
1223 2335 1267 2362 καὶ
1295 2334 1333 2366 εἷς
1362 2338 1440 2363 τοῦτο
1460 2333 1584 2373 ἐλήλυθε,
1606 2335 1764 2374 βασιλεῦσαι
1791 2336 1817 2365 δὲ
1831 2338 1858 2365 οὗ

167 2381 279 2421 repulit
286 2379 772 2420 verboScripturae.Eripeigituret
782 2389 847 2418 nos,
854 2380 988 2418 Domine,

168 2434 185 2455 ει
195 2425 289 2456 tribus
297 2425 356 2456 illis
365 2424 510 2465 capitibus
517 2424 667 2465 draconis.
679 2424 825 2456 Reversus
836 2428 881 2456 est
891 2432 990 2455 autem

166 2465 254 2497 Jesus
266 2466 295 2496 in
307 2464 413 2495 virtute
424 2465 554 2505 spiritus.
570 2464 694 2496 Videtur
708 2465 780 2496 mihi
793 2465 872 2506 quod
889 2465 990 2496 divino

168 2510 295 2550 quodam
311 2509 411 2541 aﬂlatu
435 2514 589 2550 correptus
606 2510 748 2541 redierit:
774 2510 829 2541 hoc
846 2510 925 2541 enim
947 2517 992 2544 est

166 2555 245 2595 quod
255 2555 342 2596 ait,in
348 2557 454 2585 virtute
460 2554 724 2595 spiritus.Attende
735 2564 852 2595 quoque
858 2554 988 2595 Scriptu-

165 2609 242 2639 ram,
254 2600 333 2642 quod
342 2604 497 2641 postquam
511 2599 581 2630 vicit
590 2603 764 2637 teutantem,
777 2604 805 2630 et
814 2600 987 2631 monstravit

164 2646 301 2677 virtutem
316 2653 412 2682 suam,
431 2649 501 2675 tunc
522 2644 595 2675 illud
611 2644 753 2685 scriptum
770 2644 818 2682 sit,
835 2645 865 2676 in
879 2645 984 2676 virtute

164 2690 298 2730 spiritus.
314 2689 448 2721 Recessit
462 2693 559 2720 autem
574 2688 611 2720 ab
627 2688 678 2720 illo
694 2699 788 2730 usque
803 2690 840 2720 ad
856 2694 983 2730 tempus,

163 2734 244 2767 hunc
256 2744 376 2766 sensum
389 2734 492 2766 habet:
506 2733 645 2765 Diabolus
653 2734 860 2765 atiectionibus
871 2734 986 2766 duabus

163 2779 324 2812 Dominum
330 2779 452 2810 adortus
460 2787 502 2810 esi
509 2778 679 2819 ,voluptatis
686 2779 839 2810 scilicetac
846 2779 983 2818 tristitiae;

164 2828 194 2859 et
205 2825 332 2857 accessit
353 2825 392 2855 ad
408 2823 566 2855 Dominum
587 2824 624 2854 de
647 2824 794 2865 voluptate
817 2829 933 2856 tentans
954 2826 984 2855 in

1033 2375 1101 2412 μετὰ
1128 2376 1268 2416 ἁμαρτίας,
1299 2378 1352 2407 οὐδ’
1381 2378 1442 2407 ἄνευ
1481 2378 1597 2419 ἆγῶνος,
1626 2379 1694 2408 ἀλλὰ
1724 2381 1856 2412 παλαίσας

1032 2421 1076 2448 καὶ
1104 2422 1228 2466 νικήσας,
1258 2424 1344 2451 Ταῦτά
1375 2434 1445 2455 τινες
1474 2422 1588 2457 ἓνοησαν
1603 2431 1612 2440 ⁶
1634 2424 1688 2461 ὅτῳ
1716 2424 1744 2453 δὲ
1769 2426 1854 2466 φίλον,

1032 2464 1224 2506 παραᾶχὲσθω
1250 2471 1344 2499 ταῦτα,
1368 2467 1453 2497 Ἀλλὰ
1472 2468 1517 2496 καὶ
1552 2469 1598 2496 τὸν
1629 2469 1678 2503 τῆς
1710 2464 1853 2510 φιλοδοξίας

1032 2511 1224 2552 ἀπεκρούσατο,
1254 2511 1297 2540 διὰ
1333 2517 1380 2542 τοῦ
1415 2513 1445 2541 τὸ
1478 2513 1606 2553 γραφικὸν
1638 2515 1725 2542 εἰπεῖν
1763 2515 1851 2554 ῥητόν.

1031 2554 1138 2600 Ἕξελοῦ
1159 2556 1203 2584 οὖν
1219 2557 1264 2585 καὶ
1277 2557 1362 2595 ἡμᾶς,
1376 2557 1467 2600 μύριε,
1492 2558 1592 2586 τούτων
1607 2560 1660 2586 τῶν
1677 2560 1756 2599 τριῶν
1771 2571 1849 2600 κεφα-

1027 2597 1082 2628 λῶν
1110 2603 1158 2628 τοῦ
1184 2599 1337 2640 δράκοντος.
1375 2597 1538 2641 ἰ’πέστρεψε
1566 2601 1594 2630 δὲ
1616 2603 1630 2630 ὁ
1654 2597 1758 2637 Ἰησοῦς
1781 2597 1852 2642 ινγτῄ

1026 2643 1134 2683 δυνάμει
1160 2648 1208 2673 τοῦ
1227 2646 1376 2684 πνεύματος
1394 2654 1401 2661 ⁸
1426 2645 1501 2675 δοκεῖ
1527 2658 1573 2685 μοι
1603 2647 1644 2676 ὅτι
1671 2648 1812 2677 ἐνθουσιῶν
1838 2650 1850 2676 ὁ

1028 2689 1132 2723 Ἰησοῦς
1157 2690 1319 2730 ὑπέστρεψεν
1332 2699 1339 2706 ·
1370 2691 1447 2720 τοῦτο
1467 2691 1519 2730 γάρ
1535 2691 1591 2720 ἑστι
1614 2693 1657 2733 τὸ,
1675 2693 1702 2721 ἐν
1716 2697 1751 2732 τῇ
1776 2693 1849 2722 δυνά-

1026 2738 1135 2779 μειγτοῠ
1161 2735 1311 2773 πνεύματος
1328 2744 1335 2752 ·
1369 2736 1442 2776 τάχα
1457 2734 1484 2763 δὲ
1498 2746 1618 2776 προσχες
1634 2741 1667 2776 τῇ
1681 2741 1784 2779 Γραφῇ,
1813 2738 1848 2766 ὅτι

1076 2778 1083 2789 ι
1105 2779 1112 2788 ,
1138 2780 1144 2789 .
1171 2779 1176 2789 ν
1283 2781 1289 2788 .
1393 2781 1397 2786 ι
1622 2781 1633 2790 π
1734 2784 1740 2792 .
1798 2785 1802 2792 .

1026 2780 1074 2816 μεο
1099 2789 1113 2807 ο
1138 2789 1243 2813 ενικησε
1265 2791 1310 2809 τον
1322 2783 1492 2819 πειραζοντα,
1534 2781 1578 2809 καὶ
1605 2781 1685 2815 ἕοειξε
1712 2794 1763 2817 την
1777 2783 1849 2812 δυνα-

1025 2835 1072 2862 μιν
1099 2823 1192 2862 αὖτοῦ,
1219 2824 1278 2854 τότε
1309 2825 1459 2865 γέγραπται
1482 2826 1524 2863 τὸ,
1551 2825 1579 2854 ἐν
1604 2831 1638 2866 τῇ
1666 2827 1773 2867 δυνάμει
1807 2831 1848 2856 τοῦ
