1933 3084
172 154 233 191 747

657 156 953 190 THEOPHYLACTI
973 157 1178 191 BULGARIIE
1199 159 1378 192 ARGHIEP.

1803 158 1864 193 748

173 227 214 258 ita
227 225 402 266 nugahatur,
418 226 442 257 si
465 225 598 256 fortassis
619 225 788 256 adulatione
803 225 936 265 deceptm

1099 238 1129 259 ας
1146 235 1153 243 ‘
1183 227 1254 261 πλὴν
1284 227 1344 257 ἀλλ’
1360 231 1391 258 οὒ
1405 230 1473 257 κατὰ
1499 228 1614 258 διάνοιαν
1636 230 1728 267 οἶμαι,
1743 228 1806 256 ἀλλ’
1823 229 1862 256 αἷ-

173 271 279 302 Filium
295 271 350 302 Dei
365 274 514 301 ostentare
524 270 603 308 velit,
619 270 788 310 dejiciendo
801 280 833 301 se
843 271 996 308 deorsum,

172 320 368 356 cognosceret
391 315 526 355 quisnam
556 319 644 346 esset.
672 315 710 346 At
738 315 883 347 Dominus
911 315 995 346 illum

170 360 333 401 Scripturis
348 359 489 400 repellit:
517 372 528 388 ει
546 361 612 391 Non
629 359 767 395 tentabis.
785 359 981 400 inquit,Domi

171 414 241 437 num
255 406 348 436 Deum
361 409 456 436 tuum.
477 416 487 433 ι
506 404 609 445 Neque
624 404 703 435 enim
720 406 787 444 quis
805 414 837 435 se
853 405 882 435 in
899 405 995 435 mani-

170 449 290 481 testaris
304 449 440 490 pericula
462 449 551 480 debet
575 448 717 488 objicere,
745 449 898 489 probando
923 458 994 480 num

165 494 251 534 juvet
266 504 300 526 se
323 495 413 526 Deus.
438 493 652 526 Animadverte
676 493 796 524 interim
825 497 933 534 quanta
954 495 994 525 slt

170 540 282 572 utilitas
294 540 370 571 scire
384 539 563 580 Scripturas.
581 538 743 579 Scripturis
755 539 833 568 enim
849 538 994 570 Dominus

169 585 308 617 Satanam
322 585 442 625 repulit.
459 584 524 616 Hoe
548 584 640 614 enim.
662 583 725 614 Non
748 584 810 614 solo
835 592 910 622 pane
924 583 994 614 vivit

169 629 272 669 homo,
284 629 447 661 Mosaicum
456 633 501 660 est
516 628 554 659 de
570 629 675 659 Manna
687 628 798 659 dictum
815 638 822 659 :
839 636 907 658 nam
923 627 993 658 licet

168 683 229 705 non
245 678 324 704 esset
338 674 422 714 panis
432 673 587 710 Manna,eo
601 677 698 704 tamen
707 672 841 703 alebatur
854 672 990 712 populus.

168 717 315 750 Similiter
329 723 358 749 et
372 718 422 749 illa
437 727 454 748 a
468 717 547 748 Mose
558 718 732 757 deprompta
742 721 822 755 sunt,
833 717 990 748 Dominum

167 767 266 793 autem
282 762 376 793 Deum
394 766 474 793 tuum
491 761 640 802 adorabis,
657 765 686 792 et
702 771 708 793 ε
733 761 796 792 Non
811 761 950 792 tentabis.

1037 274 1139 306 σθητῶς
1161 273 1257 305 ταύτας
1286 274 1356 310 αὐτῷ
1384 273 1528 311 ὑπέδειξεν,
1547 274 1574 302 ἰν
1588 275 1720 314 φαντασία
1746 274 1866 308 ποιήσας

1036 320 1162 356 φανῆναι,
1178 321 1226 346 τοῦ
1253 319 1347 356 Κυρίου
1376 319 1416 356 μὴ
1442 319 1658 358 φανταζομένου⁶
1686 320 1774 358 τρίτον
1797 319 1867 354 αὖτῷ

1035 360 1208 401 προσϐάλλει,
1231 362 1284 390 amb
1311 365 1361 395 τῆς
1388 362 1547 402 φιλοδοξίας·
1572 365 1600 391 Εἰ
1624 364 1679 396 υίὸς
1695 364 1758 402 γὰρ,
1773 363 1866 402 φησὶν,

1036 405 1063 434 εἶ
1084 409 1131 434 τοῦ
1156 407 1232 444 Θεοῦ,
1257 405 1322 444 βάλε
1344 408 1455 436 σεαυτὸν
1480 408 1556 436 κάτω
1571 415 1578 422 '
1602 407 1756 436 κολακεύων
1771 406 1800 434 δὲ
1816 406 1866 434 αὖ·

1035 450 1090 490 τὸν,
1121 451 1154 478 τὰ
1181 454 1290 479 τοιαῦτα
1311 450 1414 491 ἐλήρει,
1444 451 1471 480 εἴ
1498 463 1557 484 πως
1582 453 1635 480 ἀπὸ
1656 455 1706 485 τῆς
1722 451 1865 481 κολακείας

1035 495 1193 535 ἀπατηθεὶς,
1222 496 1265 523 καὶ
1287 495 1371 524 θέλων
1392 495 1476 529 δεῖξαι
1492 497 1583 525 ἑαυτὸν
1605 498 1666 524 Υίὸν
1691 499 1770 532 Θεοῦ,
1796 495 1867 533 βάλῃ

1036 539 1128 568 ἑαυτὸν
1157 539 1242 578 κάτω,
1271 541 1315 568 καὶ
1337 540 1406 569 οὕτω
1428 539 1578 580 διαγνωσθῇ
1605 542 1687 578 αὐτῷ,
1709 541 1749 573 τίς
1780 540 1865 569 ἐστιν.

1036 580 1065 612 ’0
1093 583 1120 612 δὲ
1152 585 1244 623 Κύριος
1274 584 1322 624 ὅρα
1343 587 1402 617 πῶς
1432 586 1607 625 ἀποκρούεται
1631 586 1710 613 αὑτὸν
1737 586 1794 613 ἀπὸ
1816 587 1865 617 τῆς

1034 630 1139 669 Γραφῆς
1158 637 1165 644 '
1197 640 1209 657 α
1235 631 1288 659 Οὒκ
1315 630 1481 670 ἐκπειράσεις
1509 632 1571 670 γὰρ,
1601 631 1676 670 φησὶ,
1706 630 1805 669 Κύριον
1821 632 1865 658 τὸν

1034 673 1098 701 Θεόν
1129 684 1186 703 σου.
1215 686 1229 702 ι
1261 674 1297 703 Οὒ
1332 675 1382 714 γὰρ
1410 673 1453 703 δεῖ
1488 675 1525 706 εἰς
1553 682 1702 715 προφανεῖς
1727 673 1865 707 κινδύνους

1033 716 1177 755 ἐμϐάλλειν
1213 719 1272 746 τινα
1309 719 1413 759 ἑαυτὸν,
1454 718 1631 757 δοκιμάζοντα
1667 720 1688 747 εἰ
1732 720 1864 758 βοηθήσει

1032 764 1103 799 αὒτῷ
1118 764 1132 791 ὁ
1149 763 1225 794 Θεός.
1242 763 1397 801 Σημείωσαι
1424 763 1452 792 δὲ
1473 766 1517 792 καὶ
1531 768 1622 802 τοῦτο,
1636 764 1676 792 ὅτι
1692 764 1764 804 μέγα
1798 764 1864 803 ὅφι-

168 808 214 840 λος
242 809 273 836 τὰ
296 807 388 836 εἰδέναι
411 809 458 840 τὰς
473 808 577 848 Γραιράς
596 817 602 823 ·
627 808 735 847 καὶγὰρ
749 807 793 835 καὶ
808 808 822 835 ὁ
839 807 930 847 Κύριος
955 808 1000 835 τὸν
1021 809 1141 835 Σατανᾶν
1166 808 1219 836 ἀπὸ
1246 812 1298 836 τῶν
1324 808 1434 848 Γραφῶν
1458 809 1638 848 ἂπεκρούσατο
1656 819 1662 825 '
1679 810 1710 837 τό
1737 820 1766 837 τε
1799 811 1862 849 γαρ.

168 852 223 881 Οὒκ
252 854 296 882 ἔπ’
323 852 394 892 ἄρτῳ
421 852 496 891 μόνῳ
517 853 625 887 ζήσεται
653 851 801 891 ἄνθρωπος,
829 852 966 880 Μοσαϊκόν
1006 851 1072 891 ἐστι,
1103 853 1161 891 περὶ
1196 856 1242 881 τοῦ
1279 853 1369 881 Μάννα
1397 853 1475 891 ῥηθὲν
1491 863 1499 872 ·

1532 854 1563 881 τὸ
1584 854 1635 892 γὰρ
1664 853 1757 882 Μάννα
1784 853 1862 892 ἄρτος

167 897 206 934 μὴ
234 898 276 938 ὃν,
305 897 378 936 ὅμως
391 897 483 936 ἔθρεψε
498 898 543 925 τὸν
559 897 623 925 λαόν
640 904 646 911 ·
662 897 762 936 καὶτὸ,
782 896 874 935 Κύριον
889 895 916 924 δὲ
938 897 983 924 τὸν
1006 896 1070 924 Θεόν
1093 907 1139 925 σου
1167 898 1372 938 προσκυνήσεις,
1403 899 1447 926 καὶ
1468 899 1511 936 τὸ,
1537 899 1591 927 Οὐκ
1610 898 1796 938 ξκπειράσεις,
1819 899 1863 926 καὶ

166 939 248 970 ταῦτα
264 943 406 973 Munia/ixi.

209 987 299 1018 Vens.
319 986 358 1017 13
372 987 422 1019 15.
437 999 450 1014 ε
467 986 502 1017 Et
517 989 721 1017 consummata
732 986 814 1017 omni
828 985 971 1017 teutation

1115 987 1164 1016 Καὶ
1187 986 1344 1019 συντελέσας
1372 988 1458 1016 πάντα
1486 988 1634 1026 πειρασμὸν
1669 988 1684 1016 ὁ
1722 987 1859 1025 διάϐολος,

166 1031 303 1062 diabolus
316 1031 442 1062 recessit
456 1031 492 1062 ab
514 1031 565 1062 illo
581 1040 674 1071 usque.
689 1030 724 1061 ad
741 1034 869 1071 tempus.
885 1030 922 1061 Et
936 1039 986 1061 re-

166 1085 269 1107 versus
284 1080 330 1107 est
342 1075 431 1107 Jesus
445 1076 476 1107 in
491 1075 596 1107 virtute
610 1075 733 1116 spiritus
748 1075 778 1105 in
792 1075 988 1111 Galilaeam,et

165 1121 242 1152 fama
253 1120 325 1152 exiit
339 1130 393 1161 per
409 1121 578 1152 universam
592 1120 744 1160 regionem
762 1120 799 1150 de
810 1119 987 1160 illo.Etipse

164 1165 293 1197 docebat
314 1166 345 1197 in
360 1165 517 1206 synagogis
530 1174 645 1205 eorum,
663 1169 692 1196 et
713 1164 934 1204 gloriﬁcabatur
947 1163 984 1196 ab

165 1210 316 1243 omnibus.
336 1224 349 1238 ι
365 1212 492 1242 Omnem
509 1210 701 1241 teutationem
718 1209 790 1240 dicit
806 1211 904 1241 Lucas
918 1218 987 1240 con-

163 1264 329 1287 summasse
339 1255 513 1296 Dominum,
525 1254 658 1295 quamvis
668 1254 761 1285 tribus
771 1254 914 1286 duntaxat
924 1258 986 1285 ten-

164 1300 475 1331 tationibustentatum
491 1311 497 1331 :
514 1309 548 1330 eo
560 1299 637 1339 quod
648 1299 841 1329 tentationum
853 1299 986 1329 omnium

163 1345 223 1376 sint
247 1346 344 1385 capita
357 1345 425 1385 tria,
450 1344 583 1384 avaritia,
607 1344 685 1383 gula,
709 1348 738 1374 et
759 1343 856 1374 inanis
880 1343 986 1383 gloria.

165 1388 258 1421 Porro
276 1390 352 1429 gulae
369 1390 562 1420 tentationem
586 1389 705 1429 repulit,
722 1389 825 1419 dicens
841 1399 849 1419 :
874 1389 940 1420 Non
956 1388 986 1419 in

164 1434 228 1466 solo
240 1444 316 1475 pane
326 1434 401 1465 vivet
415 1435 583 1466 homo.Hac
591 1435 670 1465 enim
684 1434 777 1474 primo
791 1433 984 1470 invasiteum,

162 1479 238 1510 sicut
253 1483 282 1510 et
296 1479 452 1510 Adamum.
461 1479 556 1519 Adam
564 1480 642 1510 enim
654 1488 712 1509 non
725 1478 818 1518 potuit
827 1487 880 1518 per
890 1478 986 1509 avari-

163 1524 233 1555 tiam
242 1525 498 1565 supplantariznon
507 1525 586 1556 enim
595 1527 710 1564 poterat
717 1524 799 1563 plura
806 1523 983 1564 illecupere,

163 1569 192 1600 id
209 1569 279 1600 299
293 1569 372 1609 quod
388 1568 516 1599 avaritiae
539 1573 595 1606 est,
612 1568 691 1599 solus
709 1567 866 1600 exsistens.
882 1567 985 1608 Neque

163 1622 217 1653 per
232 1614 306 1644 iram
321 1624 329 1644 :
346 1613 394 1644 cui
404 1613 483 1644 enim
495 1613 731 1644 succensuisset‘?
738 1612 842 1653 Neque
851 1621 904 1652 per
915 1613 985 1643 invi-

162 1658 254 1690 diam.
271 1658 398 1689 Proinde
423 1667 476 1698 per
491 1658 587 1697 gulam
612 1658 820 1697 supplantavit.
837 1658 982 1689 Caeterum

162 1704 298 1735 avaritiae
312 1702 504 1734 teutationem
524 1704 632 1742 repulit
652 1712 710 1733 non
737 1702 894 1742 procidens
916 1707 984 1732 ante

161 1748 327 1784 diabolum,
345 1756 443 1788 neque
460 1757 529 1778 eum
544 1747 684 1778 adorans.
699 1746 771 1778 Nam
783 1756 849 1777 cum
862 1747 984 1778 demon-

161 1798 284 1824 strasset
295 1792 395 1823 omnia
404 1801 496 1831 regna
507 1791 689 1823 sensibiliter
698 1792 761 1831 ejus
771 1792 981 1830 imaginationi,

160 1848 218 1869 non
232 1838 268 1869 ad
289 1847 324 1869 ea
341 1838 490 1877 respexit:
509 1837 624 1868 tametsi
646 1836 780 1867 nonnul|i
803 1836 859 1866 hoc
875 1845 934 1867 non
946 1835 984 1866 de

159 1882 351 1913 sensibilibus
360 1881 472 1922 regnis,
485 1881 535 1911 sed
548 1880 728 1912 mentalibus
737 1880 983 1918 intelleXerint,ut

159 1928 237 1968 quod
254 1926 465 1958 monstraverit
478 1926 645 1965 eikregnum
662 1925 778 1957 invidiae
793 1935 918 1965 regnum
934 1925 982 1956 in-

159 1972 350 2004 continentiae
372 1976 401 2002 et
431 1971 462 2001 in
487 1980 602 2001 summa
626 1971 757 2001 omnium
793 1975 981 2011 peccatorum

160 2027 270 2057 regna:
289 2021 318 2048 et
334 2016 416 2057 quasi
434 2015 503 2046 talia
524 2015 552 2046 ei
577 2015 710 2046 diceret:
734 2014 764 2046 Si
791 2016 831 2046 vis
855 2024 981 2054 regnare

158 2062 363 2093 aﬂ‘ectionibus
371 2060 512 2100 illis,etin
524 2060 578 2090 hoc
588 2060 736 2097 venisti,ut
746 2069 797 2090 eos
807 2060 858 2100 qui
867 2059 921 2090 sub
932 2069 980 2090 me

163 2111 232 2137 sunt
243 2105 480 2147 rapias,procide
492 2109 520 2135 et
532 2105 622 2135 adora
635 2113 682 2136 me
695 2115 701 2135 :
719 2109 747 2135 et
761 2106 863 2144 accipe
877 2113 980 2136 omnes

159 2152 209 2192 qui
231 2161 248 2183 a
264 2160 310 2181 me
326 2150 540 2189 gubernantur.
564 2149 708 2180 Dominus
732 2154 830 2180 autem
854 2158 980 2188 regnare

159 2197 279 2237 quidem
291 2195 364 2232 vult,
377 2199 407 2225 et
423 2194 459 2225 ad
480 2194 537 2225 hoc
556 2194 646 2226 venit:
660 2203 784 2234 regnare
803 2199 901 2225 autem
920 2203 978 2224 non

159 2250 225 2272 cum
242 2244 375 2281 peccato,
391 2248 488 2279 neque
500 2248 562 2270 sme
570 2239 744 2280 certamine,
761 2239 812 2270 sed
825 2243 941 2270 certans
951 2244 979 2270 et

157 2285 290 2316 vincens.
304 2283 353 2316 Sic
363 2285 483 2324 quidam
496 2283 724 2315 intellexerunt:
741 2293 829 2324 quem
842 2293 976 2319 sensum,

1029 1029 1133 1064 ἀπέστη
1160 1031 1208 1059 ἀπ’
1239 1031 1320 1061 αὐτοῦ
1347 1031 1411 1072 α’χρι
1439 1031 1532 1071 καιροῦ
1547 1041 1555 1049 ·
1587 1033 1631 1060 καὶ
1652 1033 1819 1072 ὑπέστρεψεν
1848 1035 1861 1061 ὁ

1028 1074 1131 1108 Ἰησοῦς
1159 1075 1186 1104 ἐν
1215 1079 1249 1114 τῇ
1276 1075 1383 1114 δυνάμει
1411 1080 1457 1105 τοῦ
1481 1077 1630 1114 πνεύματος
1657 1078 1694 1108 είς
1709 1079 1761 1112 τὴν
1776 1078 1860 1106 Γαλι-

1027 1118 1103 1148 λαίαν
1119 1131 1126 1138 ·
1157 1121 1199 1149 καὶ
1224 1122 1302 1161 φήμη
1330 1121 1421 1155 ἐξῆλθε
1449 1121 1508 1150 καθ’
1532 1121 1598 1154 ὅλης
1627 1124 1677 1155 τῆς
1703 1123 1860 1162 περιχώρῳ

1028 1165 1086 1203 περὶ
1117 1165 1195 1194 αὐτοῦ
1211 1175 1217 1182 ·
1243 1166 1287 1195 καὶ
1325 1167 1402 1198 αὐτὸς
1429 1165 1562 1194 ἐδίδασκεν
1590 1166 1618 1193 ἐν
1646 1173 1706 1199 ταῖς
1731 1178 1859 1207 συναγω-

1028 1214 1091 1246 γαῖς
1122 1210 1210 1237 αὐτῶν
1239 1209 1413 1248 δοξαζόμενος
1441 1211 1492 1238 ὑπὸ
1520 1210 1639 1242 πάντων,
1659 1220 1673 1240 )
1690 1212 1783 1240 Πάντα
1796 1223 1859 1240 πει-

1029 1253 1130 1291 ρασμόν
1166 1265 1247 1294 φησιν
1331 1257 1433 1287 Λουκᾶς
1469 1254 1622 1284 συντελέσαι
1665 1257 1710 1284 τὸν
1748 1259 1857 1296 Κύριον,

1029 1298 1114 1326 καίτοι
1139 1293 1213 1337 τρεῖς
1241 1293 1405 1339 πειρασμοὺς
1433 1299 1620 1339 πειρασθέντα,
1636 1299 1707 1328 ὂνότι
1723 1293 1858 1341 κεφάλαια

1027 1344 1081 1369 τῶν
1109 1347 1264 1382 πειρασμῶν
1293 1344 1400 1372 πάντων
1420 1345 1444 1372 οἱ
1465 1351 1537 1382 τρεῖς
1559 1344 1630 1372 οὗτοί
1655 1346 1734 1383 εἰσιν,
1765 1347 1779 1373 ὁ
1809 1349 1856 1379 τῆς

1028 1385 1255 1427 φιλοχρηματίας,
1286 1389 1300 1416 ὁ
1327 1388 1374 1422 τῆς
1403 1389 1625 1428 γαστριμαργίας,
1651 1391 1665 1417 ὁ
1694 1390 1746 1423 τῆς
1776 1390 1856 1430 φιλο-

1027 1430 1124 1463 δοξίας.
1147 1433 1198 1461 Τὸν
1225 1433 1274 1470 μὲν
1309 1433 1353 1461 οὖν
1374 1435 1424 1468 τῆς
1446 1435 1656 1472 γαστριμαργίας
1683 1436 1855 1474 απεκρούσα-

1027 1486 1057 1503 το
1073 1474 1115 1504 διὰ
1139 1480 1185 1505 τοῦ
1217 1477 1316 1515 εἰπεῖν,
1340 1477 1380 1506 ὅτι
1403 1479 1456 1507 οὒκ
1485 1477 1528 1506 ἐπ’
1552 1477 1624 1518 ἄρτῳ
1647 1479 1722 1516 μόνῳ
1743 1481 1856 1515 ζήσεται

1027 1519 1162 1560 ἅνθρωπος
1180 1530 1187 1536 “
1238 1525 1344 1562 πρῶτον
1386 1523 1437 1562 γὰρ
1485 1523 1530 1551 τὸν
1568 1525 1717 1563 πειρασμὸν
1761 1529 1857 1554 τοῦτον

1025 1566 1196 1605 προσήγαγεν
1221 1568 1302 1604 αὐτῷ,
1319 1568 1355 1599 ὡς
1372 1568 1416 1596 καὶ
1436 1571 1476 1605 τῷ
1491 1566 1576 1606 ’Δδάμ
1592 1575 1600 1583 ⁹
1624 1569 1669 1597 τὸν
1695 1569 1747 1608 γὰρ
1767 1569 1857 1607 ’Λδὰμ

1026 1609 1085 1637 οὕτε
1113 1609 1166 1638 ἀπὸ
1193 1610 1345 1644 πλεονεξίας
1386 1611 1498 1646 ἠδύνατο
1523 1612 1707 1652 ὑποσκελίσαι,
1738 1614 1769 1642 οὗ
1807 1616 1857 1654 γὰρ

1026 1654 1089 1694 εἶχε
1119 1659 1164 1683 τὸν
1199 1655 1456 1697 πλεονεκτούμενον,
1491 1657 1574 1694 μόνος
1588 1657 1636 1688 ὤν.
1656 1657 1722 1686 Οῧτι
1738 1658 1794 1686 ἀπὸ
1807 1660 1855 1697 ὀρ-

1024 1701 1075 1737 γῆς
1092 1707 1098 1713 ·
1122 1700 1153 1727 οὐ
1173 1700 1223 1740 γὰρ
1245 1702 1324 1740 εἶχεν
1345 1702 1368 1738 ᾧ
1383 1701 1505 1740 ὁργισθῇ,
1520 1702 1586 1730 Οὒτε
1599 1702 1652 1730 ἀπὸ
1667 1702 1762 1742 φθόνου
1775 1712 1784 1720 ·
1801 1704 1856 1732 ἀπὸ

1024 1745 1074 1776 τῆς
1102 1743 1205 1776 κοιλίας
1221 1745 1265 1774 οὖν
1291 1745 1462 1774 ὑπεσκέλισεν
1489 1746 1579 1776 αὐτόν.
1596 1747 1646 1775 Τὸν
1661 1747 1690 1775 δὲ
1705 1750 1756 1781 τῆς
1773 1748 1855 1788 «filo-

1024 1791 1178 1827 χρηματίας
1214 1789 1407 1830 ἀπεκρούσατο,
1436 1789 1478 1819 διὰ
1516 1791 1563 1819 τοῦ
1586 1791 1626 1829 μὴ
1652 1798 1759 1829 πεσεῖν,
1785 1793 1853 1830 μηδὲ

1024 1836 1203 1872 προσκυνῆσαι
1237 1837 1319 1872 αὐτῷ.
1352 1831 1529 1868 ιΥποδείξαντι
1554 1836 1604 1875 γὰρ
1638 1837 1686 1869 τὰς
1714 1837 1855 1875 βασιλείας

1024 1877 1111 1910 πάσας
1140 1879 1272 1913 αἰσθητῶς
1314 1881 1383 1909 κατὰ
1417 1880 1574 1920 φαντασίαν,
1614 1880 1668 1920 οὐχ
1707 1882 1828 1920 ὑπέκυψε
1844 1891 1851 1898 ·

1024 1922 1108 1951 καίτοι
1131 1922 1162 1962 γέ
1189 1934 1260 1957 τινες
1287 1927 1317 1954 οὒ
1342 1926 1402 1964 περὶ
1439 1925 1572 1958 αἰσθητῶν
1600 1925 1745 1963 βασιλειῶν
1772 1933 1852 1957 τοῦτο

1023 1965 1149 2006 ἐνοησαν,
1170 1967 1237 1996 ἀλλὰ
1271 1970 1329 2009 περὶ
1350 1969 1500 2008 νοουμένων
1516 1977 1524 1985 ⁶
1542 1970 1615 2006 οἷον,
1632 1969 1766 2003 ὑπέδειξε-ι
1781 1974 1853 2009 αὐτῷ

1022 2011 1072 2046 τὴν
1099 2011 1235 2050 βασιλείαν
1264 2013 1313 2048 τῆς
1351 2014 1509 2054 ἀκολασίας,
1550 2014 1600 2048 τὴν
1632 2014 1770 2053 βασιλείαν
1804 2021 1851 2046 τοῦ

1021 2056 1128 2100 φθόνου,
1157 2059 1201 2086 καὶ
1235 2058 1327 2091 ἁπλῶς
1352 2062 1445 2087 πασῶν
1471 2059 1525 2088 τῶν
1553 2059 1690 2100 ἁμαρτιῶν
1702 2061 1751 2093 τὰς
1767 2061 1849 2099 βασι-

1021 2098 1093 2133 λείας
1111 2109 1118 2116 ·
1151 2103 1194 2130 καὶ
1220 2104 1316 2132 ὡσανεὶ
1344 2107 1452 2132 τοιαῦτα
1476 2103 1567 2144 ἔλεγεν
1594 2098 1666 2142 αὖτῷ
1682 2113 1690 2120 '
1712 2106 1741 2134 Εἰ
1762 2098 1851 2139 θέλε.ς

1020 2144 1173 2182 βασιλεῦσαι
1203 2148 1302 2176 τούτων
1323 2151 1376 2176 τῶν
1391 2150 1494 2186 παθῶν,
1519 2149 1564 2177 καὶ
1590 2148 1633 2177 ἐπὶ
1647 2149 1731 2187 τούτῳ
1745 2149 1851 2186 ἒλήλυ-

1021 2190 1080 2230 θας,
1110 2190 1157 2219 ἵνα
1185 2192 1246 2224 τοὺς
1276 2192 1321 2221 ὑπ’
1350 2193 1416 2231 ἐμοῦ
1443 2193 1643 2233 κατεχομένους
1671 2194 1849 2235 ἀφαρπάσῃς,

1020 2235 1108 2263 πεσὼν
1135 2236 1317 2275 προνκύνησόν
1339 2249 1396 2275 μοι,
1421 2238 1464 2265 καὶ
1488 2237 1626 2277 παράλαϐε
1660 2239 1764 2271 πάντας
1787 2241 1851 2274 τοὺς

1019 2279 1064 2307 ὑπ’
1093 2279 1158 2317 ἐμοῦ
1185 2280 1420 2320 βασιλευομένους.
1451 2277 1479 2310 Ὀ
1509 2281 1536 2310 δὲ
1565 2281 1662 2321 Κύριος
1693 2283 1852 2321 βασιλεῦσαι

156 2330 180 2360 si
196 2329 243 2360 cui
259 2322 522 2370 placet,_recipiat.
540 2329 633 2359 Porro
660 2333 689 2358 et
708 2322 827 2359 inanem
853 2328 917 2367 glor

1096 2323 1179 2370 θελει,
1209 2327 1253 2354 καὶ
1281 2327 1319 2358 είς
1348 2330 1426 2355 τοῦτο
1447 2325 1570 2365 ἐλήλυθε,
1592 2326 1751 2365 βασιλεῦσαι
1778 2329 1807 2358 δὲ
1822 2332 1852 2359 οὗ

155 2374 265 2414 repulit
273 2372 759 2413 verboScripturaa.Eripeigituret
769 2382 834 2410 nos,
841 2372 974 2410 Domine,

155 2427 172 2449 a
182 2419 276 2449 tribus
284 2417 343 2448 illis
352 2417 497 2458 capitibus
505 2417 654 2458 draconis.
666 2417 812 2448 Reversus
823 2421 868 2458 est
877 2424 977 2458 autem

153 2458 241 2490 .lesus
253 2459 282 2489 in
294 2457 400 2489 virtute
411 2457 541 2498 spiritus.
557 2457 680 2488 Videtur
695 2458 767 2488 mihi
780 2457 859 2498 quod
875 2457 976 2488 divino

155 2503 282 2544 quodam
298 2503 398 2534 aﬁlatu
422 2506 576 2542 correptus
593 2502 735 2534 redierit:
761 2503 817 2533 hoc
833 2502 911 2533 enim
933 2509 978 2536 est

153 2549 232 2589 quod
242 2549 328 2590 ait,in
335 2547 711 2588 virtutespiritus.Atteude
722 2556 839 2588 quoque
845 2547 975 2587 Scriptu-

151 2603 229 2633 ram,
241 2593 320 2635 quod
330 2597 485 2634 postquam
498 2592 568 2622 vicit
577 2596 750 2629 tentantem,
763 2596 792 2622 et
801 2592 973 2623 monstravit

151 2640 288 2670 virtutem
304 2647 399 2675 suam,
419 2642 488 2668 tunc
510 2637 583 2668 illud
597 2637 740 2677 scriptum
757 2636 806 2673 sit,
822 2637 851 2667 in
866 2637 971 2668 virtute

151 2683 285 2724 spiritus.
301 2682 435 2714 Recessit
449 2686 546 2713 autem
561 2681 598 2712 ab
614 2681 665 2712 illo
681 2690 775 2722 usque
790 2682 827 2712 ad
843 2686 970 2722 tempus,

151 2728 231 2760 hunc
243 2737 363 2759 sensum
376 2726 479 2758 habet:
493 2726 632 2758 Diabolus
640 2726 848 2757 affectionibus
859 2726 973 2757 duabus

150 2772 439 2806 Dominumadortus
447 2771 667 2812 est,voluptatis
673 2771 970 2811 scilicetactristitiae;

151 2822 181 2852 et
193 2817 319 2850 accessit
341 2817 379 2848 ad
395 2816 553 2848 Dominum
574 2817 611 2847 de
634 2816 781 2858 voluptate
804 2821 920 2848 tentans
942 2817 971 2848 in

1020 2368 1087 2404 μετὰ
1114 2368 1255 2408 ἁμαρτίας,
1285 2370 1339 2399 οὐδ’
1367 2370 1429 2399 ἄνευ
1467 2371 1583 2412 ἆγῶνος,
1613 2370 1682 2400 ἀλλὰ
1710 2373 1851 2407 παλαίσας

1018 2413 1062 2441 καὶ
1091 2414 1214 2458 νικήσας,
1244 2416 1331 2444 Ταῦτά
1361 2426 1432 2447 τινες
1461 2414 1575 2449 ἔνοησαν
1590 2423 1598 2432 ⁶
1621 2416 1675 2453 ὅτῳ
1703 2416 1730 2445 δὲ
1755 2418 1849 2458 φίλον,

1018 2456 1210 2498 παραᾶχέσθιυ
1236 2463 1330 2491 ταῦτα.
1354 2459 1439 2489 Ἀλλὰ
1459 2460 1503 2488 καὶ
1538 2461 1585 2488 τὸν
1616 2461 1665 2495 τῆς
1697 2456 1849 2502 φιλοδοξίας

1018 2503 1211 2544 ἀπεκρούσατο,
1241 2503 1283 2532 διὰ
1319 2509 1367 2534 τοῦ
1401 2505 1432 2533 τὸ
1464 2506 1593 2544 γραφικὸν
1625 2506 1712 2535 εἰπεῖν
1750 2507 1847 2546 ῥητόν.

1017 2546 1125 2592 ξΕξελοῦ
1145 2548 1189 2592 οὖν
1206 2549 1250 2577 καὶ
1264 2549 1348 2587 ἡμᾶς,
1362 2549 1453 2592 μύριε,
1479 2550 1579 2578 τούτων
1595 2552 1648 2579 τῶν
1663 2552 1743 2590 τριῶν
1758 2563 1844 2592 κεφα-

1014 2590 1068 2620 λῶν
1096 2595 1144 2620 τοῦ
1171 2591 1323 2632 δράκοντος.
1362 2589 1525 2633 Ύπέστρεψε
1554 2593 1581 2622 δὲ
1603 2596 1617 2623 ὁ
1641 2589 1745 2630 Ἰησοῦς
1770 2589 1848 2633 ἰν-τῇ

1013 2635 1120 2675 δυνάμει
1146 2641 1194 2666 τοῦ
1213 2639 1362 2676 πνεύματος
1381 2646 1388 2653 ·
1412 2638 1488 2667 δοκεῖ
1514 2650 1560 2676 μοι
1591 2639 1631 2668 ὅτι
1659 2641 1802 2670 ἐνθουσιῶν

1015 2681 1118 2715 Ἰησοῦς
1144 2682 1306 2722 ὑπέστρεψεν
1319 2691 1326 2698 ⁸
1357 2683 1434 2712 τοῦτο
1455 2684 1506 2723 γάρ
1522 2684 1579 2712 ἐστι
1601 2685 1644 2725 τὸ,
1662 2685 1689 2713 ἓν
1703 2689 1738 2724 τῇ
1765 2685 1845 2715 δυνά-

1013 2730 1121 2771 μειντοῦ
1148 2727 1297 2765 πνεύματος
1315 2737 1322 2744 ·
1355 2728 1430 2768 τάχα
1444 2727 1471 2756 δὲ
1485 2738 1605 2769 προσχες
1620 2733 1654 2768 τῇ
1669 2733 1772 2771 Γραφῇ,
1804 2731 1844 2760 ὅτι

1013 2770 1070 2809 μεθ’
1085 2771 1100 2799 ὀ
1125 2771 1230 2805 ἐνίκησε
1252 2773 1296 2801 τὸν
1309 2773 1479 2811 πειράζοντα,
1521 2773 1566 2801 καὶ
1592 2773 1672 2807 ἔδειξε
1699 2770 1750 2809 τὴν
1764 2770 1844 2805 δύνα-

1012 2828 1059 2855 μιν
1086 2815 1179 2854 αὐτοῦ,
1205 2817 1265 2845 τότε
1296 2817 1446 2858 γέγραπται
1469 2818 1512 2855 τὸ,
1538 2817 1566 2846 ἐν
1591 2822 1625 2858 τῇ
1653 2818 1761 2859 δυνάμει
1797 2825 1843 2850 τοῦ
