1933 3084
66 147 121 181 757

388 220 515 248 ΚΕΦΛΔ.
538 211 580 248 E'.

69 264 126 302 Περὲ
154 267 207 298 τῆς
244 264 326 304 ἄγρας
354 265 419 306 Δτῶν
459 264 571 306 ἰχθύων,
611 264 672 303 Περὶ
705 266 752 291 τοῦ
785 262 892 306 λεπροῦ.

107 305 168 343 Περὶ
198 308 247 333 τοῦ
269 302 490 344 Ἶπαραλυτικοῦξ
510 304 572 353 Ῑξερὶ
602 306 666 332 Λευί
696 306 741 332 τοῦ
768 302 894 353 τξλώνου.

106 341 168 392 Περὶ
210 349 258 374 τοὺ
302 341 389 379 Ἰησοῦ
430 341 607 376 συνεσθίοντας
635 350 713 393 Ἰτοῖς
754 341 895 393 τελώναις,

106 383 156 412 Διᾶ
185 385 212 412 τί
249 387 271 413 οἱ
302 390 348 415 τοῦ
375 385 498 413 Ἰωάννου
525 384 644 422 μαθηταὶ
671 383 848 420 νεστεύουσιν,
870 383 896 410 οἱ

105 423 131 452 δὲ
146 428 194 453 τοῦ
217 426 330 465 Χριστοῦ
344 425 406 464 οὐχί
423 435 431 463 ;

110 480 121 498 ι
154 470 279 509 Ἐγένετο
308 470 334 499 δὲ
364 470 391 498 ἒν
416 474 455 507 τῷ
482 471 528 499 τὸν
543 469 627 510 ὄχλον
642 468 789 498 ἐπικεῖσθαι
812 469 893 505 αὐτῷ,

71 516 114 543 τοῦ
141 515 250 544 ἀκούειν
271 516 317 544 τὸν
332 515 411 554 λόγον
433 515 479 544 τοῦ
508 516 585 552 Θεοῦ,
601 515 645 542 καὶ
666 514 743 545 αὐτὸς
758 513 790 547 ἦν
811 513 895 545 ἑστὼς

69 561 136 599 παρὰ
164 560 216 594 τὴν
245 559 343 598 λίμνην
379 559 553 597 Γεννησαρέτ.
577 559 626 588 Καὶ
659 557 715 587 εἶδε
741 556 784 587 δύο
810 557 894 586 πλοῖα

71 604 170 633 ἑστῶτα
198 605 272 644 παρὰ
299 605 348 638 την
370 604 467 643 λίμνην
483 611 491 620 ⁸
515 605 538 633 οἱ
560 603 588 631 δὲ
618 603 720 639 ἁλιεῖς,
748 601 894 634 ἀποϐάντες

70 649 113 677 ἐπ’
144 650 244 689 αὐτῶν,
267 649 417 678 ἀπέπλυνυν
438 649 471 678 τὰ
499 647 611 677 δίκτυα·
638 647 721 686 ἐμϐὰς
750 647 778 675 δὲ
799 649 836 680 εἷς
866 647 895 676 ἓν

69 695 117 722 τῶν
145 693 248 723 πλοίων
272 695 286 722 ὃ
315 694 348 728 ἦν
374 699 420 724 τοῦ
434 693 566 733 Σίμωνος,
589 693 729 732 ἠρώτησεν
750 693 828 721 αὐτὸν
842 692 895 720 ἀπὸ

70 740 114 772 τῆς
139 742 191 778 γῆς
223 739 406 778 ἐπαναγαγεῖν
428 738 516 777 ὀλίγον
533 748 540 755 ·
563 738 608 766 καὶ
626 737 746 775 καθίσας,
765 736 896 765 ἐδίδασκεν

69 783 96 811 ἐκ
123 788 169 813 τοῦ
191 783 284 812 πλοίου
309 784 370 815 τοὺς
393 782 506 823 ὄχλους.
533 778 578 814 Ὠς
603 781 631 810 δὲ
645 782 779 810 ὶπαύσατο
794 780 895 823 λαλῶνε

70 828 128 856 εἶπε
149 829 217 867 πρὸς
233 828 278 856 τὸν
294 828 393 866 Σίμονα
410 817 429 843 ί*
449 825 620 865 Ἐπανάγαγε
636 827 671 858 εἷς
687 827 717 854 τὸ
731 824 822 865 βάθος,
854 817 896 855 καὶ

434 146 655 182 ENARRATIO
677 148 719 181 IN
741 147 995 180 EVANGELIUM
1017 149 1137 180 LUCzE.
1161 164 1200 170 —
1220 149 1303 181 CAP.
1327 150 1364 182 V.

1704 141 1762 177 758

1249 216 1374 248 CAPUT
1396 216 1432 248 v.
1723 210 1725 213 ’

939 257 1125 303 Deceptura
1139 261 1281 303 piscium.
1298 260 1342 303 D_e
1363 260 1491 302 leproso.
1515 263 1559 294 De
1572 263 1756 303 paralytico.

978 299 1020 330 De
1035 300 1109 343 Levi
1121 299 1300 343 publicano:
1312 301 1355 343 De
1368 299 1491 343 Christo
1505 299 1759 343 cum'pubtivcam's

977 340 1155 384 comedente.
1192 341 1258 384 Cu}:
1280 341 1437 384 dissimili,
1452 340 1592 374 Joannis
1604 344 1759 384 jeiununt,

977 379 1122 420 discipuli
1136 389 1205 411 vero
1221 380 1335 413 Christi
1355 379 1415 413 non
1425 383 1441 412 9

977 464 1068 495 Vens.
1082 465 1169 495 l-ll.
1184 476 1197 492 α
1215 464 1337 496 Factum
1354 469 1398 497 est
1415 472 1511 499 autem
1523 477 1590 499 cum
1603 467 1687 500 turba
1698 469 1758 500 im-

938 507 1063 539 mineret
1076 508 1105 539 ei
1120 513 1150 539 ut
1173 508 1290 540 audiret
1312 510 1434 542 verbum
1450 511 1515 550 Dei,
1532 517 1562 543 et
1586 513 1649 552 ipse
1664 513 1761 544 stabat

932 552 1017 591 juxta
1038 557 1173 592 stagnum
1196 554 1393 585 Genezareth.
1420 555 1455 586 Et
1479 557 1551 587 vidit
1574 556 1646 588 duas
1671 567 1760 589 naves

935 601 1050 628 stantes
1062 597 1097 628 ad
1114 603 1248 638 stagnum
1265 610 1271 629 :
1291 599 1453 639 piscatores
1474 607 1573 632 autem
1589 602 1757 635 descende—

935 645 1002 671 rant
1016 652 1052 673 ει
1067 642 1138 682 illis,
1155 648 1184 674 et
1199 643 1361 675 abluebunt
1375 645 1460 676 retia.
1484 645 1637 685 Ingressus
1659 652 1759 679 autem

936 686 967 716 in
982 696 1070 720 unam
1087 687 1183 718 navim
1197 697 1262 728 qua:
1278 693 1342 720 erat
1361 690 1502 727 Simonis,
1521 692 1633 730 rogavit
1643 700 1712 723 eum
1729 697 1761 724 ut

938 739 954 760 a
970 735 1048 762 terra
1063 731 1227 763 abduceret
1241 733 1393 772 pusillum,
1411 739 1440 765 et
1454 735 1562 766 sedens
1578 736 1704 768 docebat
1722 737 1760 768 de

938 776 1002 805 navi
1018 776 1128 808 turbas.
1146 776 1182 808 Ut
1202 778 1327 809 cessavit
1341 783 1440 810 autem
1456 779 1549 820 loqui,
1565 780 1640 811 dixit
1652 781 1688 811 ad
1710 782 1759 813 Si-

939 828 1056 851 monem
1072 830 1079 850 :
1096 820 1159 852 Duc
1180 821 1210 852 in
1226 822 1328 861 altum,
1347 826 1377 854 et
1398 823 1496 855 laxate
1520 825 1594 856 retia
1609 833 1708 857 vestra
1728 827 1759 858 in

70 859 214 912 χαλάσατε
231 873 265 902 τὰ
293 859 382 901 δίκτυα
409 873 484 910 ὑμῶν
513 859 685 911 εἱς-ἄγραν·
710 859 754 899 καὶ
782 859 894 910 ἀποκρι-

977 869 1100 904 pturam.
1120 866 1154 897 Et
1165 859 1353 907 respondens
1368 868 1484 906 Simon,
1502 869 1575 901 dixit
1594 870 1658 901 illi:
1679 873 1758 902 Prae-

71 918 120 949 θεὶς
134 918 148 946 ὁ
170 918 277 956 Σίμων,
307 917 385 945 εἶπεν
414 918 485 954 αὒτῷ
501 923 511 931 ·
533 914 691 952 Ἐπιστάτα,
719 914 752 943 δι’
769 914 834 948 ὅλης
846 914 894 948 τῆς

71 963 159 993 νυκτὸς
204 961 394 999 κοπιάσαντες,
437 960 510 989 οὺδὶν
547 959 687 999 ἐλάϐομεν,
725 960 767 988 ἐπὶ
795 958 822 987 δὲ
857 963 895 997 τῷ

71 1006 165 1045 ῥήματί
193 1017 241 1035 σου
263 1006 377 1046 χαλάσω
404 1007 435 1034 τὸ
464 1005 580 1035 δίκτυον.
598 1006 647 1035 Καὶ
663 1006 738 1033 τοῧτο
759 1005 893 1039 ποιήσαν-

72 1062 123 1090 τες,
148 1050 320 1080 συνέκλεισαν
346 1050 447 1084 πλῆθος
476 1050 576 1090 ἰχθύων
607 1048 686 1080 πολύ,
718 1048 893 1088 Διερρήγνυτο

72 1094 96 1122 δὲ
123 1097 152 1124 τί)
177 1095 280 1125 δίκτυον
306 1096 391 1123 αὖτῶν
408 1102 414 1110 ·
446 1094 490 1124 καί
517 1094 676 1123 κατένευσαν
688 1100 746 1126 τοῖς
762 1093 893 1133 μετόχοις

73 1147 126 1171 τοῖς
155 1140 182 1168 ἐν
211 1143 252 1176 τῷ
273 1139 355 1178 ἑτέρῳ
383 1138 480 1176 πλοίῳ,
503 1143 548 1168 τοῦ
569 1138 692 1170 ἐλθόντας
721 1137 893 1167 συλλαϐέσθαι

74 1185 158 1217 αὑτοῖς
176 1193 185 1203 '
217 1185 262 1212 καὶ
286 1183 365 1217 ἦλθον
386 1185 429 1212 καὶ
445 1183 564 1218 ἔπλησαν
584 1183 720 1224 ἀμφότερα
740 1183 773 1211 τὰ
797 1182 892 1220 πλοῖα,

74 1230 138 1257 ὥστε
165 1230 313 1267 βυθίζεσθαι
330 1228 408 1259 αὑτά,
424 1228 497 1257 Ἰδὼν
526 1227 552 1256 δί
574 1229 664 1265 Σίμων
680 1228 790 1267 Πέτρος,
806 1238 893 1265 προσ-

75 1273 147 1302 ἐπεπ
168 1281 228 1307 τοῖς
255 1274 348 1312 γόνασι
378 1277 423 1302 του
453 1273 551 1309 Ἰησοῦ,
580 1272 667 1312 λέγων
684 1281 690 1288 ·
718 1268 832 1306 ’Ἐξελθε
847 1270 894 1300 ἀπ’

74 1318 145 1354 ὶμοῦ,
168 1319 208 1347 ὅτι
230 1318 298 1358 ἀνὴρ
320 1317 478 1357 ἁμαρτωλός
503 1319 569 1355 εἰμι,
587 1318 663 1357 Κύριε
677 1327 684 1334 ·
714 1317 814 1355 θάμϐος
844 1318 893 1357 γὰρ

74 1363 210 1404 περιέσχεν
241 1364 320 1392 αὐτὸν
342 1363 386 1391 καὶ
409 1363 508 1394 πάντας
531 1363 593 1404 τοὺς
614 1363 661 1390 σὺν
685 1362 766 1400 αύτῷ,
790 1363 894 1404 ἰπὶὲτῇ

76 1401 137 1446 ἄγρα
154 1401 207 1436 enim
223 1408 336 1448 ἰχθύων,
366 1409 385 1446 ᾗ
409 1406 561 1436 συνέλαϐον.
586 1402 700 1445 Ὀμοίως
716 1406 743 1434 δὲ
770 1407 814 1435 καὶ
843 1401 892 1436 Ἰέ-

74 1451 164 1488 κωὲον,
194 1453 239 1482 καὶ
265 1452 393 1486 Ἰωάννην
420 1452 489 1484 υἱοὺς
511 1450 657 1489 Ζεϐεδαίου,
684 1452 711 1480 οἱ
737 1452 805 1485 ἦσαν
832 1462 892 1480 κοι-

75 1497 146 1526 νωνοὶ
171 1500 209 1534 τῷ
240 1497 340 1534 Σίμωνι
358 1505 365 1513 '
382 1497 425 1525 καὶ
453 1496 515 1524 εἶπε
537 1497 602 1536 πρὸς
617 1497 663 1524 τὸν
679 1496 788 1534 Σίμωνα
802 1497 816 1524 ὃ
833 1495 891 1529 ἰη-

935 913 1048 949 ceptor,
1075 920 1128 951 per
1145 915 1235 942 totam
1259 916 1376 943 noctem
1402 913 1571 946 laborantes
1593 916 1662 946 504
1684 916 1758 947 nihil

936 953 1080 995 cepimus,
1095 959 1192 986 tamen
1209 959 1260 987 tuo
1272 957 1358 996 jussu
1370 957 1472 989 laxabo
1484 964 1560 991 rete.
1574 960 1611 991 Et
1621 970 1688 991 cum
1702 961 1759 992 hoc

934 997 1084 1036 fecissent,
1102 1001 1313 1032 concluserunt
1327 1001 1453 1041 piscium
1468 1003 1688 1035 multitudinem
1704 1014 1758 1036 co-

936 1043 1059 1082 piosam.
1075 1045 1278 1085 Humpebatur
1292 1050 1391 1076 autem
1403 1051 1466 1078 rete
1481 1057 1596 1081 eorum.
1613 1050 1650 1081 Et
1664 1060 1758 1082 annu-

936 1089 1119 1119 erunlsociis
1135 1089 1185 1129 qui
1197 1094 1280 1121 erant
1291 1090 1320 1121 in
1331 1091 1425 1122 altera
1439 1092 1516 1130 navi,
1531 1097 1563 1124 ut
1578 1094 1714 1126 venirent
1729 1101 1759 1127 et

935 1132 1108 1179 adiuvarent
1129 1134 1220 1174 ipsos.
1237 1133 1271 1165 Et
1285 1140 1439 1173 venerunt,
1456 1141 1543 1177 atque
1558 1138 1759 1179 impleverunt

936 1186 972 1207 an
986 1177 1038 1208 bas
1048 1187 1146 1216 naves,
1159 1178 1199 1209 ita
1216 1183 1247 1210 ut
1257 1185 1473 1220 mergerentur.
1492 1181 1576 1219 Quod
1587 1177 1654 1214 cum
1669 1183 1757 1216 vide-

936 1226 981 1254 ret
997 1222 1100 1253 Simon
1117 1224 1232 1262 Petrus,
1253 1225 1360 1256 accidit
1371 1225 1407 1256 ad
1423 1236 1519 1264 genua
1529 1227 1611 1266 Iesu,
1630 1228 1734 1260 dicens
1748 1241 1755 1262 :

937 1265 1062 1298 Discede
1077 1277 1094 1298 a
1110 1277 1168 1309 me,
1188 1269 1324 1309 Domine,
1343 1270 1412 1310 quia
1428 1271 1518 1302 homo
1532 1278 1668 1312 peccator
1678 1284 1755 1306 sum.

935 1312 1045 1352 Stupor
1060 1312 1139 1343 enim
1164 1314 1402 1345 circumdederat
1427 1325 1507 1356 eum,
1525 1321 1554 1347 et
1579 1327 1684 1350 omnes
1705 1321 1758 1359 qui

935 1365 1000 1386 cum
1018 1357 1066 1387 illo
1083 1358 1210 1403 fuerant,
1227 1367 1318 1398 super
1332 1364 1455 1399 captura
1468 1361 1592 1400 piscium
1605 1372 1693 1403 quam
1710 1357 1756 1396 ie-

935 1406 1035 1432 cerant
1048 1411 1055 1432 :
1071 1401 1212 1434 similiter
1220 1410 1320 1434 autem
1330 1403 1474 1435 Jacobum
1487 1410 1515 1436 et
1528 1401 1671 1438 Joannem
1680 1408 1759 1440 ﬁlios

934 1444 1080 1479 Zebedwi.
1097 1447 1147 1486 qui
1158 1451 1241 1478 erant
1253 1447 1326 1478 socii
1338 1448 1591 1482 Simoni.Etaitad
1604 1450 1756 1484 Simonem

931 1489 1042 1536 Iesus:
1066 1490 1109 1536 Ne
1135 1496 1260 1530 metuas,
1279 1493 1398 1532 posthac
1419 1493 1558 1526 homines
1582 1496 1693 1536 capies.
1720 1498 1759 1529 Et

75 1543 130 1574 σοῦς
147 1551 154 1558 ·
172 1543 217 1575 Μὴ
240 1540 333 1581 φοϐοὗ,
351 1540 403 1570 ἀπὸ
417 1545 463 1570 τοῦ
478 1546 521 1570 νὺν
536 1534 687 1580 ἀνθρώπους
709 1540 757 1579 ἔσῃ
773 1543 892 1580 ζωγρῶν·

977 1534 1089 1566 bductis
1105 1536 1134 1566 in
1152 1540 1258 1581 terram
1276 1537 1410 1575 navibus,
1429 1539 1542 1571 relictis
1555 1534 1694 1572 omnibus
1705 1551 1757 1573 se-

76 1587 115 1613 καὶ
141 1586 337 1625 καταγαγόντες
364 1586 398 1614 τὰ
438 1585 522 1614 πλοῖα
557 1586 601 1614 επὶ
629 1586 677 1619 τὴν
698 1585 760 1624 γῆν,
784 1585 892 1625 ἀφέντες

76 1631 185 1668 ἅπαντα,
209 1630 392 1665 ἠκολουθήσαν
420 1632 503 1667 αὐτῷ.
523 1640 538 1659 ι
567 1630 662 1669 Φεύγει
685 1630 733 1668 μὲν
756 1631 770 1658 ὁ
801 1630 892 1669 Κύριος

77 1675 120 1708 τὴν
147 1674 237 1715 δοξαν,
258 1676 275 1709 ἡ
301 1673 328 1702 δὲ
350 1675 421 1711 τόσῳ
445 1674 546 1713 μᾶλλον
561 1674 717 1703 καταδιώκει
735 1673 823 1704 αὐτόν.
843 1678 893 1703 Τοῦ

76 1723 131 1758 γοῦν
157 1719 243 1759 ὄχλου
257 1719 437 1757 ὶπικειμένου,
458 1720 493 1752 εἷς
507 1721 537 1748 τὺ
552 1719 649 1748 πλοῖον
665 1719 813 1760 εἰσέρχεται
832 1727 838 1734 ·
855 1721 892 1752 ὡς

76 1764 103 1791 ἂν
123 1765 173 1793 ἀπὸ
188 1768 235 1793 τοῦ
250 1764 354 1803 πλοίου,
384 1763 492 1803 διδάσκῃ
519 1766 578 1797 τοὺς
594 1764 621 1792 ἐν
635 1767 673 1801 τῷ
688 1764 800 1803 αἰγιαλῷ
814 1765 891 1793 ἱστα-

77 1808 176 1847 μένους,
203 1809 311 1838 πάντων
340 1809 409 1837 κατὰ
450 1808 591 1849 πρόσωπον
620 1810 699 1837 αὐτοῦ
725 1808 818 1846 ὄντων,
847 1807 892 1837 καὶ

76 1853 182 1890 μηδενὸς
210 1853 331 1886 ἐλθόντος
348 1854 416 1882 κατὰ
430 1854 524 1885 νώτου.
541 1853 615 1882 Ἐπεὶ
629 1854 656 1881 δὲ
672 1854 716 1882 τὸν
738 1853 822 1894 ὄχλον
837 1853 891 1881 ἐδί-

78 1897 144 1931 δαξεν
173 1899 203 1927 ἐκ
224 1902 271 1927 τοῦ
291 1898 396 1933 πλοίου,
426 1898 473 1927 οὐκ
500 1897 609 1936 ἄμισθον
647 1897 739 1938 ἀφίησι
766 1899 813 1927 τὸν
846 1901 892 1927 τοῦ

77 1941 162 1970 πλοίου
176 1942 322 1983 δεσπότην,
352 1941 420 1971 ἀλλὰ
448 1942 547 1975 διπλῶς
572 1942 649 1971 αὐτὸν
663 1943 798 1982 εὐεργετεῖ
815 1952 821 1960 '
848 1942 892 1971 ὅτι

76 1996 101 2014 τε
125 1987 223 2027 ἰχθύων
251 1986 353 2021 πλῆθος
381 1988 452 2025 αὗτῷ
479 1987 634 2027 ἐχαρίσατο,
650 1988 694 2016 καὶ
715 1987 755 2016 ὅτι
770 1987 893 2025 μαθητὴν

76 2031 147 2060 αἰτοῦ
173 2032 332 2067 ἐποιήσατο.
363 2033 503 2070 Θαύμασον
527 2031 552 2060 δὲ
577 2036 624 2062 τοῦ
648 2033 740 2071 Κυρίου
754 2033 802 2066 τὴν
817 2033 892 2061 οἰκο-

75 2075 172 2114 νομίαν,
203 2080 262 2109 πῶς
278 2076 397 2106 ἓκαστων
412 2076 454 2105 διὰ
469 2078 521 2105 τῶν
537 2077 639 2106 οἰκείων
669 2078 713 2105 καὶ
744 2077 894 2115 συντρόφων

75 2119 206 2160 ὲοὲλκεται
225 2130 232 2137 “
262 2123 298 2154 ὡς
325 2122 376 2161 γὰρ
403 2122 464 2155 τοὺς
493 2122 592 2161 μάγους
621 2121 662 2150 διὰ
690 2122 736 2162 τοῦ
770 2121 892 2162 ἀστέρος,

79 2165 140 2194 οὕτω
162 2168 205 2196 καὶ
234 2167 294 2198 τοὺς
324 2166 411 2200 ἁλιεῖς
437 2166 479 2195 διὰ
500 2168 552 2195 τῶν
569 2168 679 2207 ἰχθύων.
708 2161 784 2206 ’Ὅρα
805 2165 832 2195 δὲ
847 2171 894 2196 τοῦ

77 2214 180 2249 ΧριστἿῦ
209 2213 260 2247 τὴν
289 2211 442 2249 ἐπιείκειαν,
472 2214 528 2244 πῶς
551 2211 703 2252 παρακαλεῖ
723 2212 769 2239 τὸν
795 2211 893 2250 Πέτρον

934 1579 993 1609 cuti
1009 1584 1077 1610 sunt
1092 1589 1191 1611 eum.»
1205 1580 1290 1620 Fugit
1303 1583 1447 1613 Dominus
1461 1584 1596 1623 gloriam,
1608 1595 1674 1626 quae
1688 1595 1756 1617 eum

935 1623 972 1654 oh
990 1624 1045 1655 hoc
1062 1625 1154 1663 magis
1169 1626 1359 1666 sequebatur.
1382 1628 1474 1667 Igitur
1487 1635 1609 1669 urgente
1617 1623 1711 1662 'turba
1727 1632 1758 1663 in

934 1668 1030 1700 navim
1047 1669 1223 1711 ingreditur,
1243 1676 1273 1701 ut
1288 1672 1331 1702 vel
1356 1681 1372 1702 a
1395 1683 1468 1704 nave
1483 1673 1589 1705 doceat
1613 1674 1644 1706 in
1659 1675 1759 1708 littore

934 1717 1057 1754 stantes,
1070 1715 1207 1746 omnibus
1217 1725 1233 1746 e
1244 1717 1364 1756 regione
1376 1718 1661 1758 comparentibus,et
1674 1722 1758 1752 nullo

934 1767 950 1788 a
967 1760 1211 1802 tergo-veniente.
1229 1760 1388 1802 Postquam
1403 1766 1501 1794 autem
1528 1764 1643 1795 turbam
1658 1774 1675 1796 a
1690 1767 1757 1798 navi

933 1803 1200 1840 docuit,dominum
1210 1805 1290 1836 navis
1306 1815 1364 1836 non
1371 1806 1755 1850 reliquitirremuneratum,

933 1847 984 1877 sed
1001 1847 1134 1879 bifariam
1160 1850 1186 1880 ei
1213 1850 1372 1888 benefecit,
1392 1852 1462 1892 quia
1483 1856 1512 1883 et
1534 1847 1756 1888 multitudinem

935 1892 1060 1931 piscium
1078 1893 1105 1923 ei
1122 1893 1252 1935 donavit,
1265 1899 1294 1925 et
1308 1895 1488 1936 discipulum
1504 1907 1590 1928 suum
1604 1898 1685 1929 fecit.
1699 1899 1757 1930 Ad-

935 1937 1042 1968 mirare
1068 1942 1166 1969 autem
1189 1938 1304 1969 Domini
1324 1939 1590 1980 dispensationem,
1608 1945 1755 1983 quomodo

935 1991 989 2022 per
1004 1983 1122 2022 propria
1148 1987 1178 2014 et
1197 1983 1352 2014 familiaria
1372 1995 1425 2016 sua
1447 1995 1597 2027 quemque
1611 1989 1750 2020 attrahit:

935 2027 1012 2057 sicut
1028 2036 1129 2066 magos
1154 2028 1360 2074 peristellam,
1386 2029 1426 2061 ita
1454 2035 1483 2061 et
1511 2032 1675 2071 piscatores
1703 2042 1757 2074 per

936 2071 1042 2112 pisces.
1054 2073 1144 2103 Porro
1159 2073 1265 2104 Christi
1281 2076 1540 2107 mansuetudinem
1556 2071 1757 2118 vide,quomo-

936 2117 1125 2163 do-obsecret
1147 2118 1267 2149 Petrum
1285 2122 1316 2149 ut
1336 2128 1353 2150 a
1378 2124 1455 2150 terra
1469 2121 1616 2153 abducat:
1645 2117 1758 2163 rogavit

935 2161 1026 2202 enim,
1044 2162 1123 2193 idem
1141 2168 1185 2194 est
1201 2163 1278 2203 quod
1295 2163 1478 2196 obsecravit:
1494 2165 1546 2196 sed
1564 2170 1593 2197 et
1607 2161 1756 2207 quomodo

934 2206 1039 2238 Petrus
1052 2208 1218 2246 morigerus
1229 2208 1415 2246 fuerit,itaut
1428 2209 1579 2241 hominem
1593 2206 1683 2252 quem
1696 2222 1756 2244 non

76 2254 122 2284 ἀπὸ
142 2259 190 2291 τῆς
217 2260 269 2296 γῆς
291 2256 474 2295 ἐπαναγαγεῖν
489 2265 496 2273 ⁸
526 2257 557 2284 τὸ
579 2257 639 2296 γὰρ,
665 2256 816 2295 ἠρώτησεν,
833 2256 891 2285 ἀντὶ

977 2253 1057 2287 ierat,
1070 2253 1098 2282 in
1108 2252 1204 2283 navim
1216 2262 1297 2284 suam
1310 2254 1485 2294 susceperit,
1496 2258 1525 2284 et
1536 2255 1564 2285 ei
1575 2251 1609 2286 in?
1618 2257 1757 2288 omnibus

77 2303 128 2339 τοὺ,
153 2301 317 2342 παρεκάλεσε
347 2301 401 2329 νόει
418 2309 425 2317 ·
456 2300 524 2329 ἀλλὰ
549 2312 592 2329 και
618 2301 632 2329 ὁ
653 2300 764 2340 Πέτρος,
787 2303 844 2333 πῶς
860 2303 893 2335 ἦν

77 2344 202 2383 εὺπειθὴς,
232 2346 301 2374 ὥστε
329 2345 474 2385 ἄνθρωπον,
508 2346 536 2373 ὃν
572 2346 618 2374 οὑκ
638 2345 708 2383 ᾔδει,
723 2345 892 2378 ὑποδέξασθαι

79 2399 103 2416 τε
119 2391 152 2423 εἷς
179 2392 209 2419 τὸ
238 2390 334 2419 πλοῖον
362 2392 452 2428 αὐτοῦ,
475 2391 519 2419 καὶ
535 2390 621 2419 πάντα
635 2390 713 2419 αὐτοῦ
726 2390 866 2418 ὑπακούειν
883 2399 890 2408 ·

79 2433 110 2464 ὥς
137 2434 184 2473 γὰρ
214 2437 291 2463 εἶπεν
319 2436 390 2472 αὒτῷ
419 2434 598 2474 ἐπαναγαγεῖν
622 2435 658 2466 εἷς
672 2435 703 2462 τὸ
732 2434 822 2473 βάθος,
846 2437 892 2464 οὐκ

79 2476 295 2518 ἆπεδυσπέτησεν,
326 2478 380 2508 οὐδ’
406 2479 481 2517 εἶπε,
506 2479 547 2508 Δι’
568 2479 634 2514 ὅλης
662 2482 711 2513 τῆς
736 2480 827 2511 νυκτὸς
841 2491 892 2508 κο-

78 2522 164 2555 πιάσις
193 2525 236 2554 καὶ
265 2523 348 2562 μηδὲν
389 2523 527 2564 κερδάνας,
562 2528 605 2553 νῦν
632 2525 673 2552 σοὶ
700 2525 890 2562 πεισθήσομαι,

79 2567 118 2594 καὶ
142 2567 268 2609 δευτέροις
295 2569 386 2601 πόνοις
415 2569 527 2606 ὶμαυτὸν
554 2568 700 2609 ἐπιδώσω,
721 2567 800 2598 Οὐδὲν
828 2569 891 2597 τού-

82 2622 128 2640 των
143 2614 230 2651 εἶπεν,
254 2614 322 2643 ἀλλὰ
344 2613 456 2652 μᾶλλον,
475 2609 533 2643 Ἐπὶ
548 2618 585 2651 τῷ
603 2614 702 2653 ῥήματί
717 2626 763 2643 σου
779 2614 892 2654 χαλάσω

80 2657 106 2684 τὸ
143 2657 241 2689 δίκτυον
258 2668 265 2676 ·
293 2659 376 2692 οὕτως
398 2658 430 2692 ἦν
458 2659 507 2692 τὴν
535 2659 621 2687 πίστιν
651 2659 745 2698 θερμὸς
770 2660 814 2687 καὶ
843 2659 892 2698 πρὸ

82 2701 122 2734 τῆς
149 2705 259 2736 πίστεως
277 2712 285 2719 '
309 2703 367 2732 ὅθεν
401 2704 446 2732 καὶ
473 2703 613 2735 τοσούτους
627 2704 719 2742 ἰχθύας
735 2702 891 2741 συλλαμϐά-

83 2756 127 2784 νει,
155 2748 219 2777 ὥστε
241 2749 281 2783 μὴ
309 2747 451 2786 δυνάμενος
480 2749 586 2779 τούτους
616 2748 734 2786 ἒλκύσαι,
765 2749 808 2776 καὶ
835 2755 892 2780 τοῖς

84 2793 201 2832 μετόχοις
217 2794 298 2831 νεύει,
331 2792 463 2830 τουτέστι,
489 2799 549 2825 τοῖς
577 2799 718 2825 κοινωνοῖς
732 2799 790 2824 τοῖς
813 2792 840 2820 ιν
855 2795 893 2830 τῷ

934 2296 1092 2342 obedierit.
1107 2299 1183 2330 Nam
1200 2302 1231 2327 ut
1245 2297 1355 2328 dixitei
1368 2298 1446 2338 quod
1462 2298 1622 2331 abduceret
1637 2301 1668 2332 in
1684 2311 1756 2342 pro-

933 2341 1134 2378 fundum,non
1142 2342 1356 2382 abnuit,neque
1366 2343 1512 2374 dixit.|‘er
1529 2348 1617 2375 totam
1637 2341 1755 2378 noctem

934 2386 1076 2426 laboravi,
1094 2391 1124 2418 et
1140 2386 1212 2417 nihil
1231 2391 1409 2432 consecutus
1425 2397 1510 2429 sum;
1530 2398 1609 2420 nunc
1626 2390 1681 2421 tibi
1701 2401 1755 2432 pa-

933 2440 1046 2468 rerem,
1064 2437 1093 2462 et
1108 2431 1176 2462 aliis
1191 2431 1358 2470 fatigandus
1369 2432 1521 2464 laboribus
1537 2431 1758 2468 incumberem?

935 2478 986 2508 sed
1003 2477 1055 2514 ait,
1073 2479 1105 2509 In
1123 2477 1211 2509 verbo
1230 2482 1278 2508 tuo
1302 2478 1405 2510 laxabo
1429 2484 1505 2512 rete.
1526 2481 1610 2512 Adeo
1625 2481 1759 2514 fervebat

935 2522 994 2553 ﬁde
1009 2523 1096 2554 etiam
1113 2527 1181 2553 ante
1197 2523 1284 2554 ﬁdem
1300 2534 1306 2555 :
1325 2524 1404 2556 unde
1416 2528 1445 2555 ct
1456 2529 1550 2556 tantos
1565 2525 1662 2565 pisces
1670 2535 1757 2557 com-

935 2568 1105 2608 prehendit,
1127 2571 1157 2598 ut
1172 2567 1239 2598 illos
1254 2577 1313 2598 non
1331 2569 1457 2608 potuerit
1473 2569 1602 2606 trahere,
1615 2574 1643 2601 et
1657 2580 1756 2602 annu-

935 2611 991 2643 erit
1005 2612 1107 2649 sociis,
1124 2613 1180 2643 hoc
1197 2617 1242 2643 est
1257 2613 1451 2653 participibus
1466 2613 1497 2644 in
1513 2613 1572 2644 alia
1586 2614 1663 2646 navi.
1676 2616 1757 2647 Nutu

934 2661 1032 2688 autem
1047 2657 1114 2687 illos
1130 2661 1223 2697 vocat,
1237 2657 1305 2697 quia
1316 2661 1435 2698 propter
1449 2662 1601 2697 stuporem
1614 2668 1755 2699 magnum

934 2702 1015 2742 loqui
1041 2701 1193 2742 nequibat.
1219 2701 1310 2732 Porro
1340 2702 1430 2733 multa
1458 2703 1624 2734 reverentia
1654 2706 1757 2736 Petrus

933 2750 1016 2786 rogat
1029 2745 1132 2777 Jesum
1146 2751 1178 2777 ut
1195 2748 1258 2778 navi
1275 2746 1408 2783 excedat,
1422 2750 1607 2787 peccatorem
1623 2748 1756 2789 seipsum

933 2791 1084 2830 dicens,et
1094 2791 1245 2831 indignum
1254 2790 1334 2822 illius
1345 2791 1655 2825 conversationeﬂaec
1667 2793 1755 2826 etiam
