1933 3084
188 155 242 188 771

633 152 787 185 ΤΗΕΟΡΗ
793 151 931 184 YLACTI
954 150 1160 183 BULGARL‘E
1175 149 1354 182 ARCHIEP.

1818 152 1872 185 '77?

186 223 261 254 cavit
276 221 439 262 discipulos
457 229 539 257 suos,
557 223 586 250 et
605 219 694 258 elegit
709 217 866 249 duodecim
882 227 917 248 ex
936 217 1009 258 ipsis

1097 227 1239 256 ισεφωνησε
1253 219 1328 262 γτοὺς
1365 220 1487 257 μαθητὰς
1516 220 1606 251 αὺτοῦ,
1632 221 1680 249 Καὶ
1701 219 1872 257 ἐκλεξάμενος

187 277 259 308 quos
276 270 305 297 et
319 265 469 305 apostolus
492 264 654 294 nominavit
669 274 676 294 :
693 263 859 298 Simonem.
878 272 965 302 quem
983 265 1012 292 et

187 307 304 342 Petrum
323 309 498 346 nominavit,
517 313 547 339 et
561 309 710 339 Andream
727 308 847 338 fratrem
861 307 1005 347 ejus,5ll

188 355 330 386 Iacobum
338 353 699 393 etJoanuem,Philippum
712 357 741 383 et
751 351 1009 388 Bartholumzeum.

187 400 354 430 Matthasum
370 403 399 429 et
413 398 572 435 Thomam,
587 397 732 429 Iacobum
748 396 862 437 Alphrei
878 396 970 427 lilium
984 400 1013 426 et

188 444 353 480 Simonem,
371 444 422 484 qui
448 447 568 474 vocatur
592 442 718 478 Zelotes,
741 441 846 472 Judam
862 440 967 472 Jacobi
983 444 1013 473 et

187 489 291 520 .ludam
309 490 493 525 Iscariotem,
508 488 557 527 qui
573 487 651 518 idem
666 487 719 517 fuit
735 486 879 526 proditor.
896 485 931 516 Et
945 485 1013 517 des-

188 534 321 565 cendens
337 543 404 564 cum
419 533 480 564 illis
492 532 574 564 stetit
589 533 618 562 in
635 532 700 562 loco
718 531 890 572 campestri,
908 531 1011 561 turba-

187 589 246 619 que
260 578 472 618 discipulorum
485 578 563 618 ejus,
576 581 605 608 et
620 576 777 608 multitudo
788 577 907 616 copiosa
917 575 1011 616 plebis

191 633 226 655 ex
241 625 323 655 omni
337 623 440 655 Iudaea
455 627 483 653 et
496 622 695 658 Hierusalem,
709 625 737 652 et
747 631 764 652 a
779 621 926 651 maritima
937 620 1011 661 Tyro

191 673 220 699 et
235 667 346 699 Sidone
363 679 369 700 :
387 668 436 707 qui
451 671 593 698 venerant
616 671 646 698 ut
667 666 806 697 audirent
821 675 900 704 eum,
917 669 946 696 et
961 675 1012 696 sa-

191 717 333 744 narentur
347 723 364 744 a
378 712 490 744 morbis
505 712 567 742 suis
581 722 588 747 ;
604 716 633 742 et
647 712 696 750 qui
712 710 896 742 vexabantur
916 719 932 741 a
947 710 1011 750 spi-

191 758 299 789 ritibus
315 757 478 788 immundis
499 762 528 788 et
548 756 738 788 sanabantur.
765 756 799 787 Et
816 755 912 786 omnis
927 755 1012 786 turba

193 802 344 843 quaerebat
356 811 422 833 eum
441 807 572 841 tangere,
587 802 656 841 quia
670 801 763 832 virtus
787 800 824 830 ab
846 800 898 831 illo
913 799 1012 831 exibat

192 853 220 878 et
235 847 358 878 sanabat
373 855 488 878 omnes.
510 862 520 875 ι
541 846 685 877 Dominus
700 845 786 876 docet
804 854 858 876 nos
874 849 904 875 ut
919 853 1012 884 opera
1023 864 1041 889 Β

191 901 243 923 sua
259 892 421 929 imitemur,
436 896 464 922 et
483 891 559 922 sicut
574 891 637 931 ipse
654 890 732 921 fecit.
750 890 789 920 ita
805 894 833 920 et
852 899 905 920 nos
918 889 1010 920 facia-

193 947 268 968 mus.
291 937 369 968 Ecce
385 940 521 967 oraturus
537 940 611 976 erat,
628 940 657 966 et
671 935 806 966 ascendit
821 934 852 965 in
868 938 1011 965 montem.

192 982 310 1015 Etenim
327 985 444 1022 oportet
458 982 546 1012 etiam
562 990 615 1011 nos
631 990 647 1011 a
661 980 786 1020 negotiis
799 979 908 1010 otiosos
915 988 1012 1020 orare,

192 1030 221 1057 et
236 1036 295 1057 non
310 1026 341 1057 in
356 1026 455 1057 medio
479 1026 651 1066 multorum,
668 1026 719 1056 sed
740 1027 960 1065 pernoctantes,
977 1033 1016 1055 ne

194 1072 291 1102 statim
309 1076 339 1102 ut
363 1072 554 1111 coeperimus,
573 1078 734 1101 cessemus.
761 1069 830 1099 Post
850 1069 1014 1100 orationem

192 1121 290 1148 autem
307 1116 397 1155 elegit
408 1115 724 1156 discipulos,utdoceat
736 1114 823 1145 etiam
833 1123 888 1144 nos
897 1113 1016 1153 quando

194 1161 365 1202 quempiam
383 1161 412 1191 in
429 1160 582 1201 spirituale
599 1159 796 1190 ministerium
813 1168 916 1189 sumus
929 1159 1014 1189 ordi-

195 1206 292 1237 naturi
306 1215 373 1236 cum
394 1205 532 1246 precibus
557 1205 635 1235 hunc
661 1204 819 1243 eligamus,
835 1207 866 1234 ut
890 1203 937 1234 doc
949 1204 985 1234 tis
999 1212 1017 1234 a

196 1251 257 1282 Deo
273 1254 302 1282 et
322 1250 360 1281 ab
376 1250 428 1281 illo
440 1249 611 1290 petentibus
624 1250 735 1280 revelet
749 1249 816 1288 quis
831 1248 957 1279 idoneus
968 1247 1015 1279 sit.

194 1295 361 1336 Assumpsit
378 1304 447 1334 ergo
461 1294 633 1332 duodecim,
651 1293 865 1334 descenditque
877 1302 944 1324 cum
958 1293 1018 1324 illis

195 1341 233 1371 de
249 1345 349 1371 monte
364 1350 372 1376 ς
387 1344 419 1370 ιιι
434 1349 485 1371 eos
496 1340 546 1380 qui
560 1349 595 1370 ex
611 1339 736 1370 urbibus
752 1342 903 1375 venerant,
920 1342 1016 1376 sanet,

192 1385 354 1426 etgeminis
367 1384 524 1416 beneﬁciis
540 1383 780 1424 prosequatur,iu
793 1383 892 1414 anima
903 1383 1018 1415 scilicet

191 1439 225 1460 ac
240 1438 378 1470 c0rpore.
394 1429 471 1460 Audi
497 1429 576 1460 enim
595 1430 665 1468 quid
687 1429 764 1459 dicat
783 1439 789 1460 :
817 1428 969 1460 Venerunt
985 1427 1017 1459 ul

191 1473 330 1505 audirent
345 1483 424 1512 eum,
444 1474 520 1514 quod
537 1474 572 1504 ad
589 1473 696 1504 animai
711 1482 811 1504 curam
828 1473 1014 1513 pertinebat:

1052 260 1099 289 ἀπ’
1128 262 1214 290 αὐτῶν
1249 261 1361 304 δώδεκα,
1392 263 1436 296 οὕς
1469 265 1512 293 καὶ
1551 264 1714 297 ἀποστόλους
1742 265 1870 303 ὠνόμασε·

1053 306 1172 343 Σίμωνα,
1203 306 1232 335 ὅν
1265 308 1309 335 καὶ
1335 307 1458 346 ὠνόμασε
1488 309 1598 349 Πέτρον,
1628 310 1671 338 καὶ
1687 309 1813 349 Ἀνδρέαν
1832 310 1873 337 τὸν

1053 349 1165 390 ἀδελφὸν
1193 353 1282 392 αὑτοῦ,
1321 352 1457 391 Ἰάκωϐον,
1493 354 1538 382 καὶ
1564 354 1701 391 Ἰωάννην,
1733 353 1872 390 Φίλιππον,

1054 396 1098 422 καὶ
1127 395 1337 437 Βαρθολομαῖον,
1367 399 1515 435 Ματθαϊον,
1543 399 1586 426 καὶ
1617 402 1726 436 Θωμᾶν,
1751 398 1872 428 Ἰάκωϐον

1053 440 1099 467 τὸν
1127 441 1173 469 τοῦ
1199 441 1340 482 ’Λλφιιίου²
1370 444 1414 471 καὶ
1443 443 1551 481 Σίμωνα
1580 444 1626 471 τὸν
1649 443 1872 481 καλούμεηνζη-

1054 483 1154 521 λωτὴν,
1194 485 1292 514 Ἰούδαν
1328 485 1467 528 Ἰακώϐῳ,
1495 489 1539 516 καὶ
1567 486 1665 517 Ἰούδαν
1694 487 1873 528 Ἰσκαριώτην,

1053 528 1082 561 ὅς
1111 532 1155 559 καὶ
1183 531 1287 570 ἐγένετο
1314 532 1455 571 προδότης.
1486 533 1539 564 Καὶ
1567 532 1684 566 καταϐὰς
1707 534 1768 571 μετ’
1784 535 1875 572 αὐτῶν,

1052 573 1116 608 ἔστη
1151 575 1194 604 ἐπὶ
1223 575 1305 606 τόπου
1332 576 1449 615 πεδνιοῦ,
1471 578 1524 613 ,καὶ
1536 577 1620 618 ὄχλος
1636 580 1765 616 μαθητῶν
1790 579 1875 618 αὑτοῦ,

1052 620 1096 647 καὶ
1125 619 1226 654 πλῆθος
1253 620 1322 650 πολὺ
1350 625 1397 650 τοῦ
1426 621 1492 651 λαοῦ
1505 622 1559 650 ἀπὸ
1582 623 1672 657 τάπης
1687 625 1738 657 τῆς
1757 621 1876 655 ἰουδαίας

1053 665 1096 692 καὶ
1133 659 1317 706 Ἰερουσαλὴμ,
1347 667 1391 694 καὶ
1415 667 1464 701 τῆς
1494 667 1623 707 παραλίου
1652 668 1737 707 Τύρου
1764 669 1808 696 καὶ
1830 671 1874 695 Σι-

1053 707 1148 749 δῶνος,
1178 710 1206 738 οἵ
1239 710 1320 744 ἦλθον
1344 711 1453 740 ἀκοῦσαι
1469 712 1547 740 ὠτοῦ
1562 713 1606 741 καὶ
1632 713 1737 746 ἰαθῆναι
1761 713 1815 741 ἀπὸ
1827 715 1874 742 οὖν

1053 754 1138 782 νόσων
1167 754 1264 793 αὑτῶν,
1308 756 1352 784 καὶ
1380 758 1403 785 οἱ
1439 756 1599 797 ὁχλούμενοι
1627 757 1678 785 ὑπὸ
1720 758 1874 795 πνευμάτων

1052 798 1217 839 ἀκαθάρτων,
1245 800 1288 828 καὶ
1326 801 1522 840 ἓθεραπεύοντο.
1563 803 1612 830 Καὶ
1653 805 1706 833 πᾶς
1751 803 1766 830 ὁ
1801 801 1875 842 ὄχλος

1053 844 1142 878 ἐζήτει
1173 844 1300 873 ἅπτεσθαι
1328 845 1418 883 αὐτοῦ,
1450 846 1490 874 ὅτι
1540 845 1649 884 δύναμις
1695 846 1761 886 παρ’
1805 848 1874 875 αὒτοῦ

1053 887 1194 928 ἐξήρχετο.
1227 889 1276 918 Καὶ
1300 890 1358 918 ἰᾶτο
1374 891 1487 923 πάντας.
1514 902 1526 919 η
1545 892 1634 921 Πάντα
1655 898 1733 919 ποιεῖ
1761 891 1775 919 ὃ
1790 893 1875 928 Κύριος

1053 931 1182 961 διδάσκων
1203 934 1288 974 ἡμᾶς,
1317 934 1362 962 ’ίνα
1392 936 1436 963 καὶ
1459 936 1542 973 ἡμεῖς
1566 935 1636 964 οὕτω
1651 938 1786 973 ποιῶμεν.
1818 934 1875 963 ’1δώ

1053 980 1115 1017 γοῦν
1143 977 1248 1015 μέλλων
1277 978 1407 1019 εὔξασθαι,
1438 979 1521 1008 ἄνεισι
1548 990 1576 1008 τε
1606 981 1643 1012 εἰς
1658 979 1718 1020 ὅρος
1759 980 1807 1009 Καὶ
1832 979 1875 1018 γᾶρ

1055 1020 1097 1050 δεῖ
1124 1021 1306 1061 σχολάζοντας
1335 1024 1542 1064 προσεύχεσθαι,
1554 1025 1598 1053 καὶ
1625 1025 1664 1062 μὴ
1678 1025 1705 1053 ἂν
1721 1024 1798 1062 μέσῳ
1812 1024 1874 1052 πολ-

1057 1065 1121 1105 λῶν,
1155 1066 1224 1095 ἀλλὰ
1252 1069 1294 1096 καὶ
1323 1067 1579 1109 διανυκτερεύοντας,
1609 1070 1648 1107 μὴ
1677 1069 1753 1100 εὐθὺς
1769 1069 1874 1106 ἱσταμέ-

1058 1122 1117 1144 νους
1153 1112 1189 1144 εἰς
1224 1113 1390 1153 προσευχὴν,
1406 1114 1467 1142 εἶτα
1481 1113 1687 1154 ἀφισταμένους.
1704 1114 1780 1142 Μετᾶ
1794 1112 1820 1141 δὲ
1833 1113 1875 1146 τὴν

1058 1157 1142 1196 εὐχὴν
1178 1156 1314 1196 ἐκλέγεται
1342 1159 1403 1190 τοὺς
1431 1160 1564 1195 μαθητὰς,
1599 1160 1636 1190 ὡς
1665 1158 1696 1187 ἄν
1723 1157 1815 1196 διδάξῃ
1838 1158 1875 1186 ita!

1058 1202 1130 1239 ἡμᾶς
1157 1200 1220 1229 ὅταν
1242 1201 1382 1239 μέλλωμέν
1411 1213 1468 1231 τινα
1496 1204 1531 1234 εἰς
1548 1202 1681 1232 διακονίαν
1696 1204 1786 1231 θεῖναι
1800 1213 1874 1231 πνευ-

1058 1247 1185 1283 ματικὴν,
1216 1247 1283 1284 μετὰ
1314 1249 1398 1287 εὐχῆς
1427 1251 1505 1277 τοῦτο
1519 1249 1660 1288 αἱρεῖσθαι,
1686 1247 1874 1286 δδηγουμένως

1058 1290 1109 1317 ὑπὸ
1138 1293 1215 1327 Θεοῦ,
1248 1291 1293 1319 καὶ
1321 1291 1383 1331 παρ’
1399 1292 1498 1322 ἐκείνου
1512 1293 1648 1325 αἰτοῦντας
1663 1292 1874 1330 ἀποκαλυφθῆναι

1058 1335 1127 1372 ἡμῖν
1162 1336 1207 1363 τὸν
1236 1334 1355 1373 δόκιμον.
1387 1332 1530 1375 Ἐλόμενος
1559 1336 1587 1365 δὲ
1614 1338 1675 1370 τοὺς
1690 1336 1806 1375 δώδεκα,
1823 1337 1875 1364 iuit-

1059 1391 1125 1409 ειαιν
1155 1381 1185 1409 ἐκ
1214 1381 1261 1411 λοῦ
1285 1382 1373 1422 ὄρους,
1409 1384 1445 1415 ὡς
1477 1383 1507 1412 ἂν
1536 1384 1595 1416 τώς
1624 1383 1677 1412 ἀπὸ
1691 1385 1748 1412 τῶν
1779 1382 1875 1412 πόλων

1057 1425 1180 1458 ἐλθόντας
1211 1427 1329 1467 ἰάσηται,
1367 1429 1411 1456 καὶ
1438 1427 1538 1468 διπλῶς
1567 1428 1731 1468 εὒεργετὴσῃ
1761 1429 1828 1457 κατὰ
1851 1438 1876 1455 τι

1057 1471 1150 1511 ψυχὴν
1171 1471 1215 1499 καὶ
1229 1472 1297 1500 κατὰ
1311 1475 1400 1510 σῶμα,
1425 1467 1529 1501 ’Ἄκουε
1544 1467 1662 1513 γὰρίὸτι
1677 1467 1777 1502 ἸΙ’Πλθον
1801 1473 1876 1501 ἀκοῦ-

193 1523 222 1549 et
237 1522 446 1549 sanarentura
469 1517 581 1549 morbis
596 1517 668 1555 suis,
695 1518 752 1549 hoc
779 1518 815 1548 de
840 1517 1013 1559 corporibus

1097 1528 1100 1543 ‘.
1129 1517 1219 1552 αὐτοῦ,
1258 1519 1335 1545 τοῦτο
1349 1516 1421 1546 ἔστιν
1448 1518 1466 1552 ἡ
1495 1519 1548 1546 τῶν
1564 1518 1661 1558 ψυχῶν
1684 1518 1823 1558 θεραπεία,
1837 1518 1876 1545 καὶ

192 1563 275 1595 dicit.
288 1562 405 1594 Etenim
420 1563 512 1593 virtus
523 1562 559 1593 ab
571 1563 621 1594 illo
633 1562 886 1602 egrediebatur,et
895 1563 1016 1593 sanabat

193 1617 310 1639 omnes.
327 1607 399 1639 Nam
418 1608 570 1648 prophetae
581 1611 610 1638 et
618 1607 669 1638 alii
683 1608 776 1638 sancti
793 1617 851 1638 non
867 1607 1016 1639 habebant

192 1653 330 1683 virtutem
347 1662 364 1683 a
378 1661 410 1684 se
426 1652 642 1691 egredientem.
656 1651 721 1683 Non
732 1652 811 1683 enim
828 1652 947 1683 luerunt
957 1651 1014 1693 ipsi

193 1697 290 1728 fontes
305 1697 457 1728 virtutum.
476 1698 515 1730 At
530 1696 673 1728 Dominus
688 1697 791 1728 habuit
806 1697 943 1728 virtutem
957 1706 1015 1729 ase

192 1742 408 1781 egredientem,
426 1742 667 1783 quandoquidem
688 1742 752 1782 ipse
774 1742 841 1772 fons
862 1742 1011 1773 virtutum.

192 1787 226 1818 Et
243 1787 283 1818 ita
297 1788 450 1828 prophetat
467 1796 501 1818 ac
516 1788 607 1818 sancti
622 1787 761 1819 virtutem
784 1796 869 1819 suam
885 1796 1015 1828 superne

191 1836 384 1873 acceperunt.

231 1921 322 1954 Vsus.
343 1922 445 1954 20-26.
466 1933 481 1953 ε
496 1922 531 1954 Et
555 1923 617 1964 ipse
632 1922 774 1954 attollens
788 1922 890 1953 oculos
901 1931 970 1953 suos
982 1922 1013 1953 in

190 1967 362 2008 discipulos,
375 1967 512 1999 dicebat:
532 1967 613 1998 Beati
625 1976 780 2008 pauperes,
797 1968 867 2008 quia
882 1972 1012 1998 vestrum

188 2017 232 2043 est
248 2022 373 2052 regnum
386 2011 538 2044 Dei.Beati
555 2012 605 2053 qui
621 2012 741 2043 esuritis
754 2021 845 2052 nunc,
857 2012 927 2053 quia
936 2017 1014 2043 satu-

190 2057 340 2089 rahimini.
351 2057 433 2089 Beati
450 2057 499 2098 qui
511 2057 588 2088 ﬂetis
601 2066 690 2095 nunc,
703 2056 773 2097 quia
783 2056 1013 2088 ridebitis.Beati

190 2102 272 2132 eritis
287 2111 354 2133 cum
371 2111 421 2132 vos
442 2091 559 2133 oderint
586 2091 734 2140 homines,
761 2106 790 2132 et
813 2101 1015 2141 separaverint

1057 1561 1160 1594 ἰαθῆναι
1188 1561 1241 1589 ἀπὸ
1268 1564 1322 1590 τῶν
1355 1562 1440 1590 νόσων
1465 1564 1564 1602 αὐτῶν,
1594 1567 1683 1601 τοῦτο,
1700 1564 1718 1597 ἡ
1750 1563 1803 1591 τῶν
1826 1572 1877 1589 σω-

1057 1604 1159 1642 μάτων·
1192 1605 1303 1644 δέναμις
1332 1606 1382 1646 γὰρ
1409 1606 1473 1647 παρ’
1500 1607 1579 1636 αὑτοῦ
1608 1606 1741 1647 ἐξήρχετο
1756 1608 1800 1635 καὶ
1824 1607 1876 1634 ἰᾶτο

1057 1650 1170 1681 πάντας.
1215 1652 1244 1679 Οἱ
1272 1651 1322 1688 μὲν
1343 1652 1393 1691 γὰρ
1408 1652 1540 1691 προφῆται
1563 1653 1606 1680 καὶ
1621 1653 1644 1680 οἱ
1656 1652 1734 1680 ἄλλοι
1749 1652 1820 1691 ἅγιοι
1833 1652 1875 1679 οὒκ

1057 1694 1138 1734 εἶχον
1167 1694 1276 1733 δύναμιν
1309 1695 1487 1737 ἔξερχομένην
1513 1695 1560 1725 ἀπ’
1576 1698 1673 1726 αὖτῶν·
1691 1698 1721 1725 οὗ
1735 1698 1787 1736 γὰρ
1815 1698 1875 1730 ἦσαν

1056 1739 1128 1767 αὐτοὶ
1163 1741 1246 1779 πηγαῖ
1276 1739 1436 1779 δυνάμεων(
1454 1736 1482 1770 (Ο
1510 1739 1537 1769 δὲ
1553 1742 1646 1782 Κύριος
1669 1741 1781 1780 δὺναμιν
1804 1741 1876 1781 ιῖχον

1056 1783 1246 1827 ἑξερχομὲνηνλ
1263 1784 1310 1814 ἀπ’
1339 1785 1428 1814 αὐτοῦ·
1460 1787 1539 1818 αὐτὸς
1556 1787 1607 1827 γὰρ
1633 1788 1668 1821 ἦν
1682 1787 1699 1821 ἡ
1832 1788 1875 1819 τῆς

1055 1827 1201 1867 δυνάμεως.
1239 1825 1285 1863 Ὠς
1315 1831 1342 1858 οἵ
1371 1841 1402 1871 γε
1417 1831 1551 1872 προφῆται
1564 1825 1610 1860 καὶ
1625 1833 1649 1861 οἱ
1665 1831 1736 1872 ἅγιοι
1758 1825 1876 1871 ἐδέχοντο

1055 1873 1157 1911 μᾶλλον
1172 1874 1272 1904 ἄνωθεδ
1287 1875 1407 1914 δύναμιν,

1097 1930 1111 1945 ι
1143 1921 1193 1949 Καὶ
1218 1921 1297 1952 αὐτὸς
1325 1920 1424 1961 ξπάρας
1452 1922 1515 1954 τοὺς
1557 1920 1708 1962 ὀφθαλμοὺς
1739 1922 1820 1951 αὑτοῦ
1843 1920 1876 1951 εἷς

1053 1965 1114 1997 τοὺς
1127 1966 1247 2002 μαθητὰς
1277 1966 1367 2007 αὐτοῦ,
1404 1966 1491 2006 ἔλεγε-
1534 1967 1666 2006 Μακάριοι
1710 1967 1735 1995 οἱ
1763 1965 1875 2006 πτωχοὶ,

1053 2008 1094 2037 ὅτι
1121 2010 1234 2050 ὑμετέρα
1262 2011 1332 2040 ἐστὶν
1361 2013 1378 2046 ἡ
1400 2011 1523 2050 βασιλεία
1537 2022 1583 2040 του
1598 2012 1675 2043 Θεοῦ.
1703 2012 1835 2052 Μακάριοι
1855 2010 1875 2037 οἱ

1055 2053 1191 2087 κλαίοντες
1220 2058 1275 2093 νῦν,
1304 2055 1345 2084 ὅτι
1388 2056 1527 2096 γελάσετε.
1569 2056 1700 2096 Μακάριοι
1726 2057 1789 2086 in:
1817 2055 1875 2083 ὅταν

1057 2099 1206 2137 μισήσωσιν
1233 2100 1301 2138 ὑμᾶς
1333 2102 1356 2129 οἱ
1393 2101 1536 2140 ἄνθρωποι,
1552 2102 1596 2130 καὶ
1610 2102 1772 2142 ἀφορίσωσιν
1800 2101 1876 2138 ὑμᾶς,

190 2155 254 2184 vos,
268 2151 296 2178 et
311 2146 598 2187 exprobraverint.et
614 2146 875 2186 ejeceriutnomen
885 2151 1013 2177 vestrum

1097 2149 1100 2172 ἱ
1123 2143 1279 2185 ὀνειδίσωσι⁷
1315 2147 1358 2174 καὶ
1380 2145 1513 2175 ἐκϐάλωσι
1528 2147 1559 2174 τὸ
1573 2145 1657 2185 ὄνομα
1684 2146 1760 2176 ὑμῶν
1775 2146 1812 2178 ὡς
1826 2155 1874 2173 πο-

188 2196 327 2232 tanquam
345 2186 454 2222 malum
472 2197 593 2232 propter
605 2191 712 2222 Filium
724 2191 866 2222 hominis.
883 2191 1013 2224 Gaudete

1097 2189 1147 2227 36v,
1176 2189 1253 2218 ἕνεκα
1280 2194 1326 2219 τοῦ
1359 2191 1419 2221 Υἱοῦ
1454 2195 1501 2219 τοῦ
1529 2191 1677 2230 ἀώρώπου,
1715 2191 1826 2231 Χαίρετε
1851 2189 1875 2216 ἐν

189 2237 218 2266 in
235 2237 287 2268 illo
302 2237 351 2267 die
366 2241 394 2267 et
411 2236 556 2267 exsultate
571 2246 578 2268 :
595 2245 666 2268 ecce
681 2237 760 2267 enim
786 2245 902 2268 merces
917 2240 1013 2267 vestra

191 2282 283 2312 multa
293 2284 338 2312 est
352 2281 383 2311 in
398 2281 492 2312 cmlis.
505 2281 676 2312 Secundum
693 2281 756 2312 haec
772 2283 851 2312 enim
865 2281 1013 2313 faciebant

190 2326 342 2366 prophetis
358 2330 455 2366 patres
480 2335 595 2357 eorum.
624 2327 836 2358 Verumtamen
866 2336 909 2358 vae
929 2327 1013 2358 vobis

189 2371 343 2408 divitibus,
359 2371 429 2411 quia
443 2371 560 2402 habetis
573 2371 805 2403 consolationem
819 2371 1013 2404 vestram.Vaa

191 2416 272 2446 vobis
288 2415 339 2457 qui
354 2416 477 2448 saturati
492 2417 563 2448 estis
588 2427 678 2455 nunc,
706 2418 775 2458 quia
796 2417 946 2450 esurietis.
963 2417 1014 2448 Vae

189 2460 274 2492 vobis
289 2460 338 2502 qui
355 2461 458 2493 ridetis
474 2471 565 2500 nunc,
582 2462 652 2502 quia
676 2462 817 2503 lugebitis
840 2467 868 2494 et
891 2462 1012 2494 ﬂebilis.

189 2505 240 2536 Vae
251 2515 319 2537 cum
342 2506 528 2538 laudaverint
547 2516 597 2537 vos
612 2516 716 2538 omnes
731 2507 881 2539 homines.
898 2506 1014 2538 Secun-

188 2551 258 2582 dum
274 2551 339 2582 haec
361 2552 438 2582 enim
462 2551 611 2583 faciebant
633 2552 902 2594 pseudoprophetis
918 2556 1016 2593 patres

189 2606 304 2629 eorum.
324 2597 502 2638 nPostquam
516 2597 663 2628 ordinavit
673 2597 846 2638 discipulus,
860 2607 912 2638 per
922 2597 1016 2629 beati-

189 2643 308 2673 tudines
323 2647 352 2673 et
367 2643 517 2674 doctrinas
532 2642 561 2673 in
579 2643 716 2674 ordinem
729 2644 821 2683 magis
829 2643 1013 2683 spiritualem

189 2688 301 2719 inducit
317 2697 351 2718 ac
367 2688 530 2728 componit.
549 2687 620 2719 Nam
633 2688 668 2719 ad
688 2688 756 2720 illos
767 2697 798 2719 se
809 2693 929 2720 vertens
943 2698 1009 2720 ser-

1052 2234 1141 2273 ὶκείνῃ
1165 2245 1197 2271 τᾳ
1226 2235 1314 2274 ἡμέρᾳ
1342 2236 1386 2264 καὶ
1401 2237 1575 2276 σκιρτήσατι.
1591 2232 1655 2265 Ἰδοὺ
1670 2236 1720 2276 γὰρ
1737 2237 1751 2264 ὁ
1786 2234 1873 2274 μισθὸς

1053 2279 1126 2316 ὑμῶν
1153 2279 1236 2312 πολὺς
1264 2280 1292 2308 ἐν
1319 2287 1379 2313 τοϊς
1419 2283 1556 2321 οὐρανοῖς.
1600 2282 1673 2310 Κατὰ
1708 2286 1793 2311 ταῦτα
1829 2280 1872 2318 γὰρ

1053 2324 1157 2352 ὶποίουν
1191 2331 1250 2357 τοῖς
1283 2327 1432 2366 προφήταις
1464 2328 1487 2354 οι
1523 2326 1634 2366 πατέρες
1677 2325 1776 2356 αὖτῶν.
1807 2323 1873 2357 Πλὴν

1053 2370 1110 2398 οὐαὶ
1136 2370 1200 2408 ὑμῖν
1228 2376 1287 2403 τοῖς
1314 2370 1464 2412 πλουσίοις,
1500 2371 1542 2400 ὅτι
1573 2371 1691 2412 ἀπέχετε
1713 2371 1763 2406 τὴν
1790 2369 1872 2409 παρέ·

1053 2413 1150 2448 κλησιν
1175 2415 1262 2453 ὑμῶν.
1291 2417 1356 2446 (ὶδαὶ
1384 2417 1462 2455 ὑμῖν,
1478 2418 1502 2446 οἱ
1517 2416 1738 2455 ἐμπεπλησμένοι
1755 2419 1811 2453 νῦν,
1833 2413 1870 2442 ὅτι

1053 2460 1203 2490 πεινάσετε.
1234 2462 1296 2491 οὐαὶ
1324 2462 1400 2502 ὑμῖν,
1444 2463 1469 2491 οἱ
1490 2461 1621 2502 γελῶντες
1650 2465 1708 2499 νῦν,
1721 2460 1762 2490 ὅτι
1777 2459 1871 2494 πενθή-

1056 2516 1116 2533 σετε
1144 2506 1188 2534 καὶ
1222 2505 1362 2537 κλαῦσετε.
1398 2507 1461 2536 Οὐαὶ
1489 2506 1552 2536 ὅταν
1581 2510 1672 2539 καλῶς
1699 2507 1768 2544 ὑμᾶς
1781 2505 1871 2534 εἴπωσι

1057 2551 1153 2583 πάντες
1178 2553 1202 2580 οἱ
1237 2550 1379 2592 ἅνθρωποι.
1411 2552 1484 2581 Κατὰ
1512 2552 1594 2580 ταῦτα
1622 2552 1672 2592 γὰρ
1701 2551 1804 2580 ἐποίουν
1818 2555 1872 2580 τοῖς

1056 2595 1284 2637 ψευδοπροφήταις
1315 2598 1338 2625 οἱ
1353 2597 1465 2637 πατέρες
1487 2596 1584 2629 αὒτῶν,
1612 2608 1624 2626 ι
1644 2597 1717 2626 Μετὰ
1738 2597 1769 2625 τὸ
1784 2605 1873 2636 χειρο-

1054 2644 1165 2676 τονῆσαι
1189 2643 1249 2675 τοὺς
1278 2643 1410 2680 μαθητὰς,
1438 2643 1552 2682 ῥυθμίζει
1587 2643 1682 2672 αὖτοὺς
1711 2641 1753 2670 διὰ
1778 2651 1806 2670 τε
1825 2639 1871 2668 τῶν

1054 2691 1230 2727 μακαρισμῶν
1255 2688 1298 2716 καὶ
1333 2689 1382 2722 τῆς
1419 2686 1589 2720 διδασκαλίας
1617 2688 1654 2720 εἰς
1696 2695 1871 2724 πνευματικω-

189 2742 307 2764 nionem
324 2733 403 2764 facit.
422 2735 456 2764 Et
475 2733 603 2773 primum
630 2733 732 2765 beatos
754 2734 825 2765 dicit
850 2743 1007 2776 pauperes,

1097 2744 1126 2760 αν
1151 2732 1323 2776 κατάστασιν,
1362 2734 1429 2772 Πρὸς
1458 2734 1509 2773 γὰρ
1537 2733 1632 2765 αὐτοὺς
1672 2731 1868 2768 ἀποτεινόμενος

187 2779 257 2808 ait]
273 2778 333 2809 sive
348 2778 476 2809 humiles
484 2778 651 2818 intelligere
665 2778 803 2813 volueris.
818 2779 882 2810 sive
892 2789 910 2810 a
921 2788 1010 2820 pecu-

1098 2784 1168 2806 εϊται
1209 2778 1256 2806 τᾶν
1290 2777 1382 2818 λόγον,
1417 2778 1466 2807 Καὶ
1495 2779 1601 2818 πρῶτον
1643 2777 1780 2817 μακαρίζει
1814 2777 1869 2807 τοὺς

187 2823 243 2854 uiae
272 2823 434 2864 cupditate
460 2823 585 2855 alienus.
613 2823 646 2854 Et
677 2834 780 2855 omnes
808 2825 1007 2857 beatitudines

1097 2823 1186 2863 οχοὺς,
1223 2822 1279 2851 εἴτε
1308 2824 1368 2856 τούς
1405 2824 1618 2864 ταπεινόφρονας
1650 2821 1758 2862 βούλοιο
1793 2829 1861 2850 νοεῖν
