1933 3084
46 161 108 196 777

47 232 303 273 ὑπερεκχυνομενόν
331 234 387 262 ἐστι
415 234 446 274 τὸ
474 233 579 271 μέτρον.

48 278 62 304 ὁ
90 276 206 315 Κύριος,
235 279 279 307 καὶ
306 277 426 311 κωλύσας
449 278 521 315 ἡμᾶς
550 277 603 305 ἀπὸ
632 280 678 305 τοῦ
704 278 878 317 κατακρίνειν,

45 321 122 360 λέγει
155 323 198 351 καὶ
227 322 381 362 παραϐολὴν
414 324 494 361 ἡμῖν,
537 321 670 350 τουτέστιν
718 321 878 361 ὑπόδειγμα.

46 366 115 394 Εἱπέ
156 378 201 404 μοι
230 368 290 407 γὰρ,
314 368 405 407 φησὶν,
435 368 449 394 ὁ
478 365 567 406 ἔτερον
593 367 699 406 κρίνων,
731 367 775 394 καὶ
801 367 880 399 αἰπὺς

45 410 78 438 τὰ
110 412 181 441 αὐτὰ
208 412 378 451 ἁμαρτάνων,
409 412 456 440 οὒκ
482 410 570 443 ἔοικας
599 410 688 451 τυφλῷ
715 410 811 451 τυφλόν
833 410 879 439 ὁδ-

45 456 162 493 ηγοῦντι
187 458 240 494 ςΕί
275 457 325 495 γὰρ
352 457 398 484 τὸν
430 456 517 495 ἕτερον
548 456 656 495 κρίνεις,
679 456 757 486 αὐτὸς
777 453 805 483 δὲ
819 462 878 487 τοῖς

45 501 144 533 αὐτοῖς
173 502 351 540 περιπίπτεις,
409 500 552 540 ἀμφότεροι
592 499 695 540 τυφλοί·
721 499 764 528 καὶ
792 498 880 531 δοκεῖς

44 544 96 581 μὲν
130 545 243 584 ὁδηγεῖν
273 551 376 574 ἐκεῖνον
404 546 448 574 ἰπὶ
481 546 512 573 τό
541 545 624 574 καλὸν
659 543 700 572 διὰ
727 547 773 572 τοῦ
794 555 880 572 κατα-

43 590 159 628 κρίνειν,
189 593 241 631 οὖχ
269 590 377 630 ὁδηγεῐς
393 589 431 619 δέ.
449 592 510 623 Πῶς
525 591 575 629 γὰρ
604 591 677 618 ἔσται
700 589 802 621 ἐκεῖνος
838 588 880 620 ἐπὶ

43 635 75 662 τὸ
105 634 193 663 καλὸν
222 635 400 674 ὁδηγούμενος
421 635 472 663 ὑπὸ
488 638 545 675 σοῦ,
566 634 628 663 ὅταν
643 634 687 662 καὶ
713 634 743 661 σὺ
759 633 879 672 ussing;

44 681 99 709 Οὔκ
145 678 202 708 ἔστι
233 680 282 719 γὰρ
316 680 436 718 μαθητὴς
457 680 521 718 ὑπὲρ
536 679 580 707 τὸν
596 677 765 708 διδάσκαλον.
790 679 818 706 Εἰ
833 678 877 706 οὗν

44 724 74 751 σὺ
105 725 120 752 ὸ
152 723 308 757 διδάσκαλος
337 723 420 753 δοκῶν
435 725 479 752 καὶ
493 723 601 763 ὀδηγός,
632 723 746 762 πταίεις,
768 723 875 755 πάντως

43 779 93 796 που
123 770 171 797 καὶ
206 770 221 797 ὸ
256 768 468 807 μαθητιυόμενος
496 769 540 797 καὶ
575 767 764 807 ὁδηγούμενος.
781 763 809 796 10
824 767 874 807 γὰρ

42 813 259 853 κατηρτισμένος
301 813 437 851 μαθητὴς⁹
477 813 597 842 τουτέστι
653 811 871 852 τετελειωμένος,

42 856 117 886 ἔσται
147 859 185 890 ὡς
216 857 371 889 διδάσκαλος
400 857 490 888 αὑτοῦ.
522 861 608 886 Ταῦτα
643 858 704 885 εἷπε
733 857 790 896 περῖ
827 858 873 885 τοῦ

423 166 644 199 ENARRATIO
665 167 707 199 IN
731 165 984 198 EVANGELIUM
1008 167 1128 199 LUCIE.
1153 185 1191 191 —
1214 169 1296 201 CAP.
1320 171 1371 202 VI.

628 236 715 261 Ταῦτα
749 232 776 260 δὲ
805 234 847 262 sin:

923 232 1002 281 Picil
1016 238 1113 281 autem
1124 239 1151 265 et
1162 234 1329 275 parabolam
1343 236 1500 278 nobis,hoc
1511 242 1556 270 est
1566 240 1747 281 exemplum.

1689 173 1750 205 778

922 277 974 323 Dic
990 279 1416 321 enim,quzeso,inquit,nonne
1430 277 1557 313 alterum
1567 277 1708 323 judicans
1719 289 1749 316 et

923 317 987 366 ipse
1002 317 1106 354 eadem
1126 317 1264 365 peccans,
1277 317 1467 366 comparatus
1483 335 1515 358 es
1539 317 1617 359 caeco
1634 338 1746 360 caecum

921 365 1062 413 ducenti?’
1072 367 1146 398 Nam
1161 369 1186 399 si
1202 369 1291 400 alium
1309 370 1503 408 condemnas,
1517 376 1548 402 et
1562 372 1627 413 ipse
1647 373 1676 404 in
1693 383 1746 404 ea-
1777 386 1782 390 ·

920 410 988 441 dem
1005 411 1115 443 incidis
1131 415 1384 455 peccata,utrique
1402 416 1470 447 eieci
1485 416 1555 447 estis
1569 410 1582 448 ί
1592 420 1621 448 et
1634 417 1746 450 videris

920 455 1040 495 quidem
1055 456 1098 487 illi
1112 457 1169 487 dux
1184 467 1251 489 esse
1265 459 1301 489 ad
1318 459 1440 497 bonum,
1461 469 1495 490 eo
1508 461 1585 501 quod
1601 462 1745 494 condem-

922 509 975 530 nas
993 510 1000 531 :
1018 510 1076 531 non
1092 506 1136 532 est
1150 506 1247 533 autem
1264 502 1332 534 dux.
1353 503 1506 540 Quomodo
1524 505 1667 538 enimille
1684 517 1701 538 a
1716 512 1745 539 te

922 544 958 575 ad
975 543 1084 576 bonum
1108 545 1278 584 inducetur,
1296 557 1363 578 cum
1380 552 1408 578 et
1425 552 1455 579 tu
1470 548 1578 580 labaris
1589 551 1605 580 ?
1621 550 1684 582 Non
1700 556 1744 583 est

922 589 1179 635 enimidiscipulus
1200 601 1291 631 super
1316 593 1487 631 magistrum
1503 594 1545 624 3‘.
1561 594 1592 626 Si
1609 595 1697 635 igitur
1713 601 1743 628 tu

922 633 971 674 qui
990 634 1097 665 videris
1109 644 1175 665 esse
1193 636 1336 676 magister
1350 641 1378 667 et
1389 637 1458 674 dux,
1476 637 1586 669 laberis
1602 633 1742 671 omnibus

923 679 1018 710 modis
1029 679 1113 710 cadet
1123 680 1212 710 etiam
1225 681 1275 721 qui
1287 680 1410 712 docetur
1423 691 1458 712 ac
1473 682 1742 716 ducitur.Elabora-

917 727 963 754 tus
974 723 1054 754 enim
1070 723 1244 764 discipulus.
1270 725 1325 756 hoc
1355 729 1402 756 est
1416 726 1575 766 perfectus,
1593 728 1651 759 erit
1665 730 1742 760 sicut

916 768 1056 807 magister
1070 769 1220 809 ejusHaac
1236 769 1308 801 dicit
1323 770 1412 802 etiam
1427 775 1458 802 ut
1477 781 1515 802 ne
1533 772 1739 804 condemnen-

917 817 963 843 tur
978 812 1007 843 hi
1024 812 1074 858 qui
1091 817 1159 844 sunt
1173 813 1333 846 inferiores
1348 814 1445 856 nobis,
1458 815 1483 846 si
1503 816 1658 848 videantur
1667 827 1738 858 pec-

914 857 1104 889 csre.Subdit
1114 867 1232 899 quoque
1245 862 1273 889 et
1288 859 1367 890 aliud
1379 859 1514 899 ejusdem
1530 862 1707 900 argumenti.

44 902 82 937 μὴ
97 900 160 930 δεῖν
174 903 341 941 κατακρίνειν
355 902 416 934 τοὺς
432 901 632 940 ὑποδεεστέρους
660 902 750 939 ἡμῶν,
778 901 822 929 καὶ
848 899 988 934 δοκοῦντας
1022 901 1193 941 ἁμαρτάνειν,
1220 903 1332 942 Ἐπάγει
1359 903 1385 932 δὲ
1411 905 1454 932 καὶ
1476 904 1551 943 ἕτερα
1567 899 1627 940 Ῠτῆς
1656 908 1738 941 αὑτῆς

42 946 210 979 ὑποθέσεως.

82 1001 94 1019 ι
137 992 168 1020 Τί
182 990 211 1020 δὲ
232 991 340 1029 βλέπεις
355 992 386 1020 τὸ
399 992 509 1032 κάρφος,
524 992 555 1019 τὸ
576 991 603 1019 ὲν
617 994 656 1028 τῷ
683 989 810 1030 ὀφθαλμῷ
825 1001 848 1018 τι

956 990 1157 1023 νιειιεΑί-45.
1172 991 1247 1028 Quid
1258 996 1356 1023 autem
1366 992 1447 1024 vides
1456 994 1598 1026 festucam
1610 996 1639 1026 in
1651 997 1737 1027 oculo

40 1034 156 1076 ἀδελφοῦ
185 1047 243 1073 σου1
271 1037 319 1070 τὴν
355 1035 382 1064 δὲ
397 1036 473 1065 δοκὸν
494 1037 543 1070 τὴν
557 1036 584 1064 ἐν
605 1039 644 1073 τῷ
663 1034 719 1073 ίδίῳ
740 1034 868 1075 ὀφθαλμῷ

40 1082 69 1108 οὗ
96 1088 244 1112 κατανοεῖς
268 1091 277 1117 ;
308 1076 350 1110 ’Ἠ
388 1085 445 1113 πῶς
475 1079 581 1109 δύνασαι
603 1080 690 1120 λέγειν
710 1082 749 1116 ιῷ
763 1078 867 1118 ἀδελφῷ

41 1136 97 1162 σου,
129 1124 253 1166 Ἀδελφὶ,
289 1126 353 1166 ἄφες
381 1124 487 1154 ἐκϐάλω
513 1126 544 1154 τὸ
570 1125 679 1165 κὰρφος,
715 1125 746 1152 τὸ
768 1124 795 1151 ὲν
829 1127 867 1161 τῷ

40 1169 170 1209 ὀφθαλμῷ
198 1181 255 1208 σου,
287 1172 363 1204 αὐτὸς
389 1170 439 1204 τὴν
455 1170 481 1198 ἐν
503 1173 542 1206 τῷ
565 1169 693 1206 ὀφθαλμῷ
718 1180 765 1198 σου
789 1168 866 1196 δοκὸν

41 1214 68 1242 οὔ
96 1214 228 1253 βλέπων;
257 1211 410 1255 ’Υποκριτὰ,
438 1214 533 1244 ἔκϐαλε
554 1218 657 1254 πρῶτον
671 1214 722 1248 τὴν
745 1212 822 1242 δοκὸν
837 1212 867 1241 ἐκ

39 1263 83 1288 τοῦ
111 1259 251 1299 ὀφθαλμοῦ
279 1271 336 1300 σου,
366 1261 409 1289 καὶ
439 1260 499 1288 τότε
514 1258 665 1296 διαϐλέψεις
686 1257 811 1287 ἐκϐαλεῖν
836 1258 866 1286 τὸ

40 1303 138 1344 κάρφος
167 1305 200 1332 τὸ
228 1305 254 1332 ἐν
287 1309 325 1342 τῷ
339 1304 466 1344 ὀφθαλμῷ
480 1308 526 1333 τοῦ
541 1303 653 1344 ἂδελφοῦ
674 1314 733 1334 σου.
757 1302 792 1331 Οὐ
816 1303 866 1341 γὰρ

40 1348 93 1376 ἐστι
119 1348 225 1389 δένδρον
249 1349 342 1390 καλὸν²
370 1352 462 1378 ποιοῦν
497 1349 598 1388 καρπὸν
640 1348 751 1390 σαπρὸν,
807 1346 864 1375 οὒδὲ

40 1391 142 1422 δένδόον
178 1387 290 1433 σαπρὸν,
307 1387 398 1422 ποιοῦν
417 1394 517 1434 καρπὸν
533 1387 627 1423 καλόν.
653 1387 793 1420 ’Ἕκαστον
814 1392 864 1431 γὰρ

41 1436 141 1477 δένδρον
171 1438 202 1467 ἔκ
236 1442 281 1467 τοῦ
302 1438 364 1467 ἰδίου
385 1441 486 1476 καρποῦ
508 1438 678 1477 γινώσκεται.
702 1437 738 1465 Οὒ
752 1436 802 1476 γὰρ
838 1436 864 1468 ἐξ

41 1482 159 1510 ἀκανθῶν
196 1482 349 1522 συλλέγουσι
385 1487 462 1522 σῦκα,
492 1481 550 1510 οὐδὲ
586 1481 616 1510 ἐκ
643 1481 724 1519 βάτου
749 1483 863 1520 τρυγῶσι

42 1527 187 1567 σταφυλήν,
219 1523 247 1557 Ὀ
276 1528 372 1568 ἀγαθὸς
401 1527 536 1566 ἄνθρωπος
565 1526 595 1555 ἰκ
616 1530 661 1554 τοῦ
686 1526 785 1565 ἀγαθοῦ
812 1527 864 1558 θη-

41 1573 134 1610 σαυροῦ
158 1575 210 1606 τῆς
239 1572 344 1612 καρδίας
379 1572 458 1601 αὐτοῦ
492 1571 615 1612 προφέρει
637 1572 667 1599 τὶ
694 1570 802 1609 ἀγαθόν·
820 1570 864 1598 καὶ

43 1617 55 1644 ὂ
80 1618 198 1655 πονηρὸς
233 1615 367 1653 ἅνθρωπος
396 1616 427 1646 ἐκ
454 1621 500 1645 τοῦ
528 1619 647 1656 πονηροῦ
669 1617 801 1653 θησαυροῦ
814 1617 863 1648 τῆς

908 1036 1006 1066 fratris
1024 1035 1194 1073 tui,trabem
1210 1040 1311 1067 autem
1327 1037 1430 1077 quaein
1442 1038 1529 1069 oculo
1541 1040 1662 1080 proprio
1673 1044 1735 1079 tuo,

909 1080 1264 1113 nonanimadvertis?Aut
1277 1082 1426 1122 quomodo
1444 1087 1528 1122 potes
1543 1083 1645 1115 dicere
1653 1085 1736 1117 fratri

909 1125 1290 1166 tuo:Frales,sine,ejiciam
1304 1127 1447 1158 festucam
1457 1137 1524 1168 quae
1539 1129 1566 1159 in
1583 1129 1669 1160 oculo
1685 1135 1734 1161 tuo

909 1170 1034 1210 est,ipse
1045 1170 1073 1200 in
1083 1171 1167 1201 oculo
1176 1175 1224 1202 tuo
1238 1171 1350 1202 trabem
1362 1181 1421 1202 non
1435 1172 1553 1203 videns?
1563 1173 1733 1214 Hypocrita,

908 1213 984 1253 ejice
997 1214 1123 1254 primum
1139 1215 1253 1246 trabem
1269 1225 1304 1247 ex
1320 1216 1405 1246 oculo
1423 1221 1484 1256 tuo,
1501 1223 1530 1246 et
1541 1220 1610 1248 tunc
1622 1218 1735 1259 perspi-

908 1259 968 1289 cies
977 1264 1007 1289 ut
1019 1259 1121 1298 ejicias
1136 1259 1276 1291 festucam
1291 1270 1356 1300 quae
1370 1263 1415 1291 est
1426 1261 1453 1290 in
1464 1261 1550 1292 oculo
1565 1261 1664 1293 fratris
1677 1264 1730 1295 tui.

907 1303 970 1334 Non
981 1309 1026 1334 est
1035 1305 1114 1335 enim
1126 1305 1215 1335 arbor
1230 1305 1308 1335 bona
1318 1314 1382 1346 qua:
1395 1305 1462 1336 facit
1471 1306 1597 1337 fructum
1610 1307 1730 1339 malum:

908 1358 1004 1389 neque
1014 1348 1103 1380 arbor
1117 1349 1192 1380 mala
1203 1349 1316 1381 faciens
1328 1349 1453 1380 fructum
1466 1349 1732 1393 bonum.Unaqu2-

906 1402 964 1432 que
981 1393 1059 1424 enim
1076 1393 1165 1424 arbor
1181 1404 1215 1425 ex
1232 1394 1328 1426 fructu
1353 1404 1406 1425 suo
1431 1396 1612 1434 agnoscitur.
1631 1396 1734 1437 Neque

905 1438 984 1469 enim
1001 1447 1017 1469 e
1032 1438 1127 1478 spinis
1138 1438 1281 1478 colligunt
1297 1439 1381 1472 ﬁcus.
1398 1449 1494 1480 neque
1510 1449 1526 1470 e
1540 1440 1614 1471 rubo
1625 1441 1732 1472 vinde-

906 1483 999 1512 miant
1015 1492 1110 1515 uvam.
1123 1483 1223 1514 Bonus
1234 1484 1322 1514 homo
1335 1493 1371 1514 ex
1387 1483 1464 1514 bono
1476 1483 1617 1515 thesauro
1634 1486 1733 1518 cordis

905 1527 950 1558 sui
961 1527 1236 1567 profertbonum,et
1248 1528 1342 1559 malus
1357 1529 1446 1559 homo
1461 1538 1496 1559 ex
1508 1529 1585 1560 malo
1595 1530 1732 1562 thesauro

906 1572 1004 1603 cordis
1017 1572 1062 1604 sui
1077 1573 1190 1613 profert
1200 1571 1366 1604 malum.Ex
1377 1573 1534 1604 abundatia
1544 1575 1622 1606 enim
1633 1575 1732 1606 cordis

906 1615 1075 1656 loquituros
1085 1617 1160 1657 ejus.
1178 1630 1191 1645 ι)
1210 1616 1285 1653 Quid
1295 1622 1395 1648 autem
1408 1617 1499 1658 vides,
1514 1617 1619 1659 inquit,
1637 1619 1730 1651 festu-

42 1660 143 1700 καρδίας
180 1662 258 1690 αἴντοῦ
285 1661 408 1702 προφέρει
442 1662 473 1690 τὸ
501 1661 629 1700 πονηρόν.
661 1659 710 1688 Ἐκ
739 1660 788 1699 γὰρ
818 1670 848 1687 το

914 1661 1043 1698 :am,hoc
1058 1666 1113 1699 est,
1125 1671 1248 1702 parvum
1264 1666 1417 1702 peccatum
1433 1662 1532 1693 fratris
1547 1663 1600 1701 tui,
1616 1664 1730 1696 trabem

43 1707 247 1745 mpiaastipavoc
275 1709 323 1740 τῆς
358 1705 465 1746 καρδίας
485 1706 564 1735 λαλεῖ
579 1706 610 1734 τὸ
639 1706 725 1743 στόμα
739 1704 827 1735 αὐτοῦ.
847 1715 859 1732 ε

43 1751 69 1778 Ti
101 1750 222 1791 βλέπεις,
257 1752 333 1791 φησὶ,
362 1752 392 1779 τὸ
420 1751 531 1791 κᾶρφος,
566 1750 695 1786 τουτέστι,
712 1750 742 1777 τὸ
767 1749 860 1788 μικρὸν

43 1796 184 1834 ἁμάρτημα
212 1799 257 1824 τοῦ
285 1795 397 1836 ἀδελφοῦ
426 1807 483 1833 σου,
513 1796 562 1830 τὴν
577 1796 604 1823 δὲ
619 1794 707 1831 δοκὸν,
732 1794 764 1822 τὸ
792 1792 861 1832 μέγα

43 1839 183 1880 ἇμάρτημα
217 1842 247 1869 τὸ
281 1842 327 1869 σὸν
355 1844 385 1871 οὗ
409 1848 575 1879 ita-ramosis;
602 1843 685 1870 Τοῦτο
700 1838 727 1867 δὲ
750 1839 859 1878 ἁρμόζει

42 1886 80 1913 καὶ
115 1887 181 1926 πρὸς
209 1887 309 1917 πάντας
345 1886 406 1926 μὲν,
421 1886 537 1924 μάλιστα
559 1885 585 1913 δὲ
600 1886 665 1925 πρὸς
690 1883 860 1916 διδασκάλους

42 1931 82 1958 καὶ
115 1931 262 1971 ἄρχοντας,
284 1929 312 1959 οἵ
326 1932 359 1961 τὰ
374 1931 422 1969 μὲν
436 1932 489 1959 τῶν
504 1932 554 1960 ὑπὸ
571 1937 654 1971 χεῖρα
667 1929 858 1969 ἁμαρτήματα,

44 1976 82 2003 καὶ
116 1977 198 2015 μικρὰ
231 1975 292 2004 ὄντα
318 1975 473 2014 κολάζουσι,
490 1975 523 2004 τὰ
538 1975 565 2003 δὲ
580 1977 678 2012 οἰκεῖα,
693 1973 742 2003 κᾶν
757 1972 861 2012 μεγάλα

43 2019 110 2060 ὦσιν,
138 2020 218 2049 ὶῶσιν
246 2019 392 2051 ἀκόλαστα.
428 2021 476 2048 Διὸ
507 2021 550 2048 καὶ
577 2019 718 2059 ὑποκριτὰς
753 2017 859 2050 τούτους

43 2064 116 2094 itth
143 2067 157 2094 ὁ
186 2065 291 2105 Κύριος,
313 2066 349 2098 ὡς
370 2064 437 2094 ἄλλο
451 2065 499 2104 μὲν
514 2064 699 2105 φαινομένως,
724 2063 755 2091 ἐκ
768 2066 813 2091 τοῦ
827 2063 860 2090 τὰ

43 2111 90 2136 τῶν
116 2109 206 2138 ἄλλων
241 2111 418 2149 ὑμαρτήματα
460 2109 591 2146 κολάζειν,
633 2109 768 2149 φαίνονται
810 2107 860 2146 γὰρ

43 2151 141 2192 δίκαιοι,
179 2154 244 2183 ἄλλο
279 2153 306 2182 δὲ
335 2154 424 2192 ὄντας,
455 2155 485 2182 ὲκ
512 2157 558 2182 τοῦ
593 2154 636 2182 καὶ
666 2153 759 2184 αὐτοὺς
775 2151 860 2191 χείρω

43 2198 205 2238 ἁμαρτάνειν.
236 2199 306 2228 Εἶτα
334 2199 378 2227 καὶ
413 2198 465 2227 ἀπὸ
493 2197 682 2237 ὑποδείγματα
721 2201 858 2225 πιστοῦται

43 2242 82 2270 τὸν
113 2243 194 2282 λόγον
221 2244 310 2275 αὑτοῦ,
329 2240 442 2283 ”¹Ωσπερ
457 2243 518 2283 γὰρ³
541 2243 632 2283 φησὶν,
655 2244 702 2271 οὐκ
722 2241 780 2269 ἔστι
797 2239 858 2268 δέν-

43 2285 95 2325 δρον
131 2288 227 2324 καλὸν,
254 2291 346 2317 ποιοῦν
374 2288 476 2327 καρπὸν
494 2288 605 2326 σαπρὸν,
622 2286 678 2317 οὺδὲ
694 2284 796 2324 δένδρον
811 2296 858 2313 σα-

42 2333 112 2368 πρὸν,

43 2342 112 2371 ﬁgo»,
159 2344 249 2371 ποιουν
277 2342 378 2371 καρπον
393 2342 485 2370 mm,
503 2343 572 2360 ουτω
586 2342 630 2360 και
645 2342 659 2360 ο
673 2342 734 2363 τους
759 2342 855 2362 αΛΛους

43 2378 202 2417 σωφρονίζειν
229 2378 272 2407 καὶ
310 2376 470 2417 διορθοῦσθαι
516 2377 660 2417 ἐπιχειρῶν
701 2376 745 2404 καὶ
787 2385 855 2413 μετ-

43 2421 108 2460 άγειν
121 2423 164 2452 ἐπὶ
178 2424 209 2451 τὸ
229 2422 343 2462 βέλτιον,
360 2423 407 2451 οὐκ
416 2422 448 2450 ἄν
462 2421 508 2456 εἴη
524 2423 652 2462 πονηρὸς,
667 2421 689 2449 εἱ
703 2420 730 2448 δὲ
738 2420 855 2462 πονηρὸς

44 2459 92 2503 lin,
128 2470 175 2498 οὐκ
201 2459 234 2497 ἅν
265 2459 368 2507 ὲτέράδς
402 2466 520 2505 βελτίους
561 2459 713 2507 ἐρῆάσαιτο.
744 2459 776 2492 Ἠ
805 2465 855 2504 γὰρ

44 2509 144 2542 iv.in
184 2511 275 2552 καρδία
300 2512 431 2552 θησαυρός
446 2511 515 2548 ἐστι,
538 2511 586 2540 κᾶν
601 2511 650 2549 μὲν
682 2510 766 2548 ἀγαθὰ
787 2508 852 2548 ἔχῃ,

45 2557 81 2599 {ut
111 2560 125 2587 ὁ
151 2559 286 2598 ἄνθρωπος
312 2559 409 2598 ἁγαθός
435 2558 503 2599 ἐστι,
536 2559 578 2587 καὶ
606 2559 690 2598 ἀγαθὰ
705 2557 793 2585 λαλεῖ·
831 2557 854 2583 εί

45 2597 67 2627 δὲ
89 2597 208 2643 πονηρῶν
236 2603 322 2641 μεστή
338 2597 414 2631 νὲστιν
447 2604 465 2637 ἡ
494 2597 597 2642 καρδία⁹
614 2597 657 2630 καὶ
680 2603 694 2630 ὸ
714 2601 850 2640 ἅνθρωπος

45 2647 147 2686 πονηρός
179 2648 247 2686 ἐστι⁹
275 2648 319 2676 καὶ
353 2648 457 2688 πονηρὰ
471 2647 560 2677 λαλεῖ.
586 2648 699 2676 Δύνασαι
721 2646 748 2674 δὲ
769 2650 850 2674 ταυτα

45 2689 118 2719 πάντα
143 2693 187 2721 καὶ
212 2693 248 2726 ὣς
276 2693 336 2730 περί
364 2694 416 2722 τῶν
431 2692 582 2732 Φαρισαίων
596 2691 728 2732 λεγόμενα
742 2693 848 2724 νοῆσαι.

47 2735 104 2772 Πρὸς
118 2736 227 2770 ἂκείνους
243 2737 293 2776 γὰρ
306 2737 522 2777 ἀποτεινόμενος,
545 2738 636 2777 φηθὶν,
653 2736 705 2774 ὅτι,
722 2734 848 2764 ’Ἐκϐαλε

77 2801 106 2827 ⁸4
119 2803 201 2836 Joan.
217 2811 280 2844 xm,
296 2804 346 2836 16.

186 2866 318 2898 ΡΑτιιοι..
339 2865 396 2897 th.
420 2865 554 2898 CXXIII.

904 1709 1156 1745 autem,magnum
1172 1712 1325 1747 peccatum
1342 1711 1498 1744 tuum,non
1515 1708 1660 1739 advertis?
1668 1708 1731 1740 Hoc

903 1754 1000 1780 autem
1013 1751 1152 1781 omnibus
1165 1751 1224 1782 dici
1240 1755 1348 1791 potest,
1365 1756 1393 1782 et
1410 1752 1536 1783 maxime
1559 1752 1730 1785 doctoribus

903 1799 932 1824 et
943 1794 1139 1835 principibus,
1156 1796 1207 1835 qui
1232 1795 1419 1827 subditorum
1444 1801 1565 1836 peccata
1594 1799 1729 1837 quamvis

904 1847 991 1878 parva
1005 1839 1132 1879 puniunt
1148 1851 1155 1857 ·
1166 1849 1220 1870 sua
1235 1846 1333 1871 autem
1347 1840 1435 1871 etiam
1449 1841 1574 1871 maxima
1584 1841 1728 1881 impunita

902 1883 1012 1914 sinunt.
1026 1884 1140 1915 Idcirco
1157 1884 1225 1914 illos
1241 1889 1270 1915 et
1285 1885 1450 1925 bypocritas
1474 1889 1557 1916 vocat
1572 1886 1725 1917 Dominus.

902 1926 977 1958 Sunt
993 1928 1044 1958 alii
1055 1929 1177 1969 quidem
1189 1929 1450 1969 apparentes,dum
1463 1929 1586 1959 aliorum
1606 1936 1727 1970 peccata

903 1973 1028 2012 puniunt
1043 1982 1049 2004 :
1068 1974 1096 2004 in
1113 1973 1168 2004 hoc
1184 1974 1263 2004 enim
1276 1973 1350 2013 justi
1374 1977 1526 2013 apparent.
1543 1973 1601 2004 Alii
1625 1979 1723 2006 autem

902 2022 969 2048 sunt
993 2027 1027 2049 ex
1052 2027 1087 2049 eo
1109 2018 1187 2059 quod
1203 2022 1232 2049 et
1247 2018 1304 2059 ipsi
1318 2017 1435 2058 gravius
1457 2022 1592 2058 peccent.
1619 2020 1726 2051 Postea

902 2061 989 2092 etiam
997 2066 1026 2092 et
1034 2063 1168 2102 exemplo
1178 2062 1333 2092 conﬁrmat
1344 2070 1512 2092 sermonem
1529 2061 1722 2101 suum.Sicut,

901 2105 1009 2147 inquit,
1026 2116 1085 2137 non
1097 2110 1141 2137 est
1156 2105 1245 2137 arbor
1257 2106 1334 2137 bona
1349 2115 1415 2146 quae
1429 2106 1500 2137 facit
1523 2106 1649 2137 fructum
1666 2116 1724 2148 pu-

902 2154 1090 2192 trem,neque
1100 2150 1189 2181 arbor
1201 2151 1294 2191 putris
1304 2160 1368 2191 quae
1379 2150 1448 2181 facit
1458 2150 1586 2182 fructum
1598 2151 1721 2183 bonum:

900 2195 940 2225 ita
952 2200 980 2226 et
994 2196 1044 2236 qui
1059 2196 1132 2226 alios
1147 2195 1290 2235 castigare
1303 2199 1331 2226 et
1345 2195 1507 2236 corrigere,
1524 2200 1552 2226 et
1562 2196 1598 2227 ad
1612 2195 1722 2227 bonum

899 2240 969 2270 5H5
985 2241 1145 2271 transferre
1156 2243 1291 2274 attentat.
1310 2249 1368 2271 non
1384 2239 1471 2271 fuerit
1486 2240 1581 2271 malus
1597 2251 1604 2272 :
1621 2241 1646 2271 si
1666 2249 1722 2272 au-

900 2290 959 2316 tem
976 2285 1070 2316 malus
1085 2285 1184 2325 fuerit,
1198 2284 1271 2315 alios
1287 2294 1346 2315 non
1362 2284 1450 2315 faciet
1461 2284 1722 2316 meliores.Unius-

159 2337 249 2371 ποιοᾷν
277 2333 378 2371 καρπὸν
393 2331 485 2370 καλὸν,
503 2332 572 2360 οὕτω
586 2333 630 2360 καὶ
645 2332 659 2360 ὁ
673 2331 734 2363 τοὺς
759 2329 848 2360 ἄλλους

915 2330 1040 2370 ujusque
1051 2329 1130 2360 enim
1148 2338 1199 2360 cor
1208 2329 1364 2360 thesaurus
1375 2328 1495 2360 estzetsi
1510 2329 1629 2369 quidem
1645 2329 1722 2361 bona

897 2375 1013 2406 habeat.
1031 2375 1118 2405 etiam
1132 2374 1219 2405 homo
1234 2374 1328 2404 bonus
1344 2378 1398 2411 est,
1416 2377 1446 2404 et
1460 2373 1538 2404 bona
1560 2374 1695 2414 loquitur
1712 2385 1719 2406 :

897 2419 942 2449 sin
953 2428 1023 2450 vero
1030 2419 1115 2450 malis
1125 2428 1177 2450 cor
1188 2419 1308 2459 plenum
1324 2418 1515 2457 fuerit,etiam
1526 2418 1614 2449 homo
1626 2419 1720 2450 malus

897 2468 985 2504 est,et
998 2463 1074 2494 mala
1085 2463 1315 2504 loquitur.Potes
1331 2468 1428 2494 autem
1445 2462 1508 2493 haec
1525 2463 1600 2493 etde
1617 2464 1719 2494 Phari-

895 2511 961 2539 saais
976 2508 1019 2539 sic
1034 2508 1210 2546 intelligere.
1222 2507 1265 2540 Ad
1282 2508 1349 2538 illos
1360 2509 1441 2539 enim
1456 2515 1624 2538 sermonem
1640 2508 1717 2539 diri-

895 2562 978 2593 gens,
996 2554 1101 2593 inquit,
1114 2553 1196 2592 Ejice
1211 2553 1338 2593 primum
1350 2553 1464 2584 trabem
1476 2561 1511 2583 ex
1526 2552 1611 2582 oculo
1623 2558 1718 2592 tuo,et

894 2603 964 2629 tunc
979 2598 1120 2629 festucam
1137 2606 1202 2637 quae
1219 2601 1264 2628 est
1286 2597 1316 2628 in
1332 2597 1417 2628 oculo
1439 2597 1538 2627 fratris
1553 2596 1596 2626 tui
1613 2605 1623 2626 :
1638 2597 1716 2628 sicut

892 2643 979 2674 etiam
996 2643 1066 2673 alibi
1082 2641 1163 2678 dicit,
1179 2641 1328 2673 Camelum
1345 2642 1514 2681 glutientes.
1533 2645 1562 2671 et
1587 2641 1713 2672 culicem

892 2687 1072 2719 excolantes.
1088 2685 1243 2722 Quomodo
1255 2686 1345 2725 igitur
1354 2695 1405 2716 vos
1424 2685 1565 2717 Pharisaei
1576 2685 1627 2726 qui
1641 2686 1713 2717 estis

890 2733 1012 2764 arbores
1042 2736 1156 2772 putres,
1180 2731 1314 2770 poteritis
1335 2730 1447 2761 fructus
1473 2730 1566 2760 bonos
1581 2730 1713 2762 aﬂ'erre?

1495 2858 1550 2891 25.
