1933 3084
174 157 178 158 ⁷
209 147 270 185 779
700 148 998 185 THEOPHYLAC'I‘I
1021 147 1226 183 BULGABI/I
1246 147 1415 184 ARCHIBP
1845 151 1894 184 780

210 221 318 252 Vester
332 221 412 252 enim
427 229 526 252 sermo
538 229 658 260 semper
674 220 768 260 putris
779 220 915 259 est,sicut
926 223 956 250 et
966 219 1020 250 vita

1106 220 1184 248 >ὦτον
1225 220 1274 254 τὴν
1303 220 1379 248 δοκὸν
1395 220 1424 249 ἐκ
1438 225 1484 251 τοῦ
1506 221 1642 261 ὀφθαλμοῦ
1658 232 1717 262 σου,
1731 222 1776 250 καὶ
1799 223 1855 249 τότε
1868 223 1894 249 τὸ

209 264 378 305 Loquimini
403 265 482 295 enim
499 274 533 296 ex
549 264 728 295 abundantia
752 265 861 295 cordis.
879 263 1020 300 Quomodt

1106 265 1174 304 ἷρφος
1204 266 1249 298 τὸ,
1269 265 1298 292 ἓν
1316 268 1351 301 τῷ
1366 265 1493 305 ὀφθαλμῴ
1507 270 1553 294 τοῦ
1567 265 1679 306 ἅδελφοῦ
1707 277 1766 296 σου.
1797 261 1893 305 (Ὠσπερ

209 310 300 348 igitur
309 310 383 341 alios
397 310 563 350 corrigetis,
578 313 606 340 et
621 310 746 340 aliorum
760 314 880 349 peccata
893 308 1020 349 punietis

1106 310 1120 336 εὶ
1151 308 1274 348 ἀλλαχοῦ
1302 308 1386 348 λέγει,
1415 311 1438 338 οἶ
1473 310 1523 344 τὴν
1557 310 1681 348 κάμηλον
1702 312 1895 351 καταπίνοντες,

207 353 264 394 ipsi
281 355 398 394 gravius
410 354 584 395 peccantes?

1106 354 1120 381 Li
1141 355 1187 381 τὸν
1211 354 1327 382 κώνωπα
1348 353 1517 389 διϋλίζοντες.
1542 355 1601 387 Πῶς
1616 356 1674 392 οὖν,
1695 357 1787 396 φησὶν,
1812 357 1892 394 ὑμεῖς,

207 399 231 427 ὦ
245 403 400 439 Φαρισαῖοι,
410 394 507 439 γδένδρα
521 399 593 431 ὄντες
610 402 708 440 σαπρὰ,
725 399 865 434 δυνήσεσθε
888 399 1002 438 καρποὺς
1024 399 1136 437 ἀγαθοὺς
1152 405 1324 438 προενεγκεῖν
1341 407 1350 435 ς
1370 394 1458 437 ιΥμὼν
1473 400 1523 439 γὰρ
1544 401 1588 428 καὶ
1603 402 1617 429 ὁ
1633 394 1713 439 λόγος
1728 394 1840 440 σαπρὸς,
1856 402 1887 432 ὡς

207 445 251 472 καὶ
275 445 373 485 ὃβίος,
397 445 428 472 ἐκ
455 446 504 484 γὰρ
531 445 578 473 τοῦ
605 446 814 484 περισσεύματος
843 444 891 477 τῆς
921 442 1026 482 καρδίας
1057 441 1161 482 λέγετε.
1193 446 1253 475 Πῶς
1281 444 1367 473 τοίνυν
1398 444 1500 484 ἑτέρους
1529 443 1699 485 διορθώσεσθε
1717 456 1725 464 ·
1741 447 1787 473 καὶ
1803 446 1888 485 ἑτέρων

207 489 388 528 ἁμαρτήματα
409 489 548 525 κολάσετε,
566 491 638 519 αὐτοὶ
654 490 686 517 τὰ
702 490 782 527 μείζω
799 489 993 528 ἁμαρτάνοντες
1013 498 1021 525 ῖ,

246 533 336 567 Vens.
353 535 462 566 46-49.
479 533 570 569 «Quid
586 538 683 564 autem
700 533 808 565 vocatis
819 543 878 570 me,
896 532 1032 569 Domine,

204 577 344 617 Domine,
362 585 391 610 et
406 589 464 610 non
479 578 574 610 facitis
594 588 659 618 quae
685 578 768 609 dico?
793 577 932 618 Quisquis
954 577 1033 608 venit

204 623 241 654 ad
255 633 315 662 me,
333 628 363 654 et
377 624 459 654 audit
474 632 629 654 sermones
641 627 768 662 meos,et
786 622 853 653 facit
869 626 1032 659 eos,osten-

205 667 273 698 dam
289 668 371 699 vobis
385 669 433 699 cui
450 668 556 699 similis
568 668 615 698 sit.
631 666 742 698 Similis
753 667 918 698 esthomini
931 666 1027 697 aediﬁ-

206 712 285 742 canti
301 713 436 752 domum,
453 712 503 752 qui
516 711 625 742 foditin
640 711 743 749 altum,
761 715 789 742 et
805 711 902 751 posuit
919 711 1026 742 funda-

204 760 337 787 mentum
354 766 444 797 super
459 761 583 797 petram.
610 755 805 787 Inundatione
820 761 917 786 autem
940 755 1026 796 facta,

1120 542 1132 561 α
1168 534 1197 562 Τί
1229 531 1256 561 δὲ
1272 543 1305 571 με
1327 533 1447 573 καλεῖτε,
1467 534 1559 574 Κύριε,
1575 533 1666 574 Κύριε,
1683 535 1727 563 καὶ
1742 535 1772 563 οὗ
1796 542 1888 564 ποιεῖτε

1075 577 1090 605 ἂ
1119 576 1191 616 λέγω
1207 587 1215 616 ;
1246 581 1299 610 Πᾶς
1314 579 1328 606 ὁ
1356 578 1503 618 ἐρχόμενος
1515 580 1580 619 πρός
1606 590 1650 618 με,
1672 581 1716 608 καὶ
1731 581 1834 608 ἀκούων
1847 591 1889 618 μου

1071 625 1124 650 τῶν
1160 621 1258 661 λόγων,
1290 623 1335 651 καὶ
1362 626 1446 651 ποιῶν
1475 624 1582 661 αὐτοὺς,
1618 624 1748 657 ὑποδείξω
1772 626 1834 662 ὑμῖν
1848 626 1888 654 τίνι

1071 665 1138 694 ἐστὶν
1167 668 1271 704 ὅμοιος,
1302 662 1419 705 υομοιός
1446 669 1518 696 ἑστιν
1561 669 1692 708 ἀνθρώπῳ
1715 669 1889 706 οἰκοδομοῦντι

1068 711 1163 749 οἰκίαν,
1191 712 1220 743 ὃς
1245 711 1344 749 ἐσκαψε
1375 712 1418 740 καὶ
1446 711 1564 753 ἐϐάθυνε,
1601 715 1644 742 καὶ
1668 714 1750 747 ἔθηκε
1775 714 1888 751 θεμέλιον

1066 757 1110 784 Eni
1146 758 1195 790 τὴν
1220 756 1330 796 πέτραν.
1353 758 1517 797 Πλημμύρας
1547 757 1574 785 δὲ
1589 759 1751 798 γενομένης,
1780 760 1888 799 προσέρ-

203 800 314 831 illisum
331 806 376 832 est
390 802 502 832 ﬂumen
516 801 618 832 domui
644 801 698 838 illi,
717 805 746 831 et
770 809 828 831 non
852 800 945 840 potuit
959 809 1020 831 eam

1106 801 1142 833 Ξεν
1168 802 1182 829 ὃ
1211 802 1330 839 ποταμὸς
1358 804 1392 840 τῇ
1420 802 1488 838 οἰκίᾳ
1515 802 1615 841 ἐκείνῃ,
1646 804 1690 832 καὶ
1720 805 1769 832 οὐκ
1799 803 1885 843 ἴσχυσε

204 854 335 886 movere,
350 846 471 877 fundata
484 846 563 876 enim
580 849 643 875 erat
653 854 743 884 super
757 849 883 885 petram.
899 844 953 881 Qui
969 854 1020 875 au-

1106 846 1190 874 λιεῦσαι
1218 846 1311 880 αὐτήν·
1341 845 1516 883 τεθεμελίωτο
1551 848 1602 886 γὰρ
1630 847 1672 875 ἐπὶ
1700 849 1751 882 τὴν
1781 848 1881 884 πέτραν,

203 894 262 920 tem
278 884 399 929 audivit,
417 895 445 922 et
462 900 522 921 non
545 890 625 929 fecit,
642 884 821 920 similis’est
844 889 959 919 homini
974 889 1020 929 qui

1124 889 1151 917 δὲ
1187 890 1300 922 ἀκούσας
1325 891 1369 918 καὶ
1398 891 1437 928 μὴ
1472 884 1597 929 ποιήσας,
1631 891 1725 930 ὅμοιός
1751 893 1824 920 ἐστιν
1846 892 1883 920 ἆν-

202 934 356 966 ediﬁcavit
369 935 490 966 domum
506 944 588 966 suam
605 943 695 974 super
711 939 817 964 terram
834 933 945 974 absque
960 934 1020 964 fun-

1106 934 1160 971 imp
1189 933 1390 973 οἰκοδομήσαντι
1420 936 1504 963 οἰκίαν
1529 936 1571 964 ἐπὶ
1605 937 1654 970 τὴν
1670 940 1723 976 γῆν
1740 938 1824 977 χωρὶς
1844 939 1882 965 θε-

201 979 350 1018 damento,
368 980 398 1010 in
410 989 496 1021 quam
513 980 607 1010 illisus
622 983 666 1010 est
681 979 797 1016 ﬂuvius,
827 985 855 1010 et
880 978 1020 1009 continuo

1106 979 1165 1006 Κίου·
1196 981 1215 1017 ᾗ
1236 978 1409 1018 προσέῤῥηξεν
1431 980 1591 1018 ὁποταμὸς,
1612 982 1657 1010 καὶ
1679 982 1777 1013 εὐθέως
1800 981 1881 1022 ἔπεσι,

200 1024 318 1067 cecidit,
336 1030 364 1055 et
380 1025 454 1055 facta
479 1029 524 1055 est
551 1024 637 1054 ruina
652 1023 759 1054 domus
774 1023 855 1054 illius
872 1032 986 1062 magna.
1006 1037 1018 1051 η

1133 1024 1237 1063 ἐγένετο
1265 1035 1294 1052 το
1309 1025 1399 1063 ῥῆγμα
1414 1026 1463 1058 τῆς
1479 1026 1560 1059 οἰκίας
1582 1026 1687 1061 ἐκείνης
1704 1027 1788 1067 μέγα.
1809 1040 1820 1055 ι
1838 1029 1879 1056 Καὶ

199 1066 235 1098 Et
249 1069 304 1099 hoc
329 1069 497 1100 necessario
518 1068 604 1099 nobis
621 1068 739 1106 dicitur,
753 1068 803 1108 qui
828 1077 880 1099 ore
901 1068 1020 1108 quidem

199 1113 346 1145 Christum
359 1114 545 1150 conﬁtemur,
564 1123 654 1153 opere
664 1116 763 1143 autem
779 1122 920 1151 negamus
934 1113 975 1143 55.
989 1112 1021 1144 Si

198 1158 277 1188 enim
301 1158 442 1189 Dominus
458 1167 535 1198 sum,
552 1158 659 1198 inquit,
676 1157 798 1188 omnino
825 1164 958 1188 vestrum
975 1162 1019 1188 est

196 1202 295 1234 facere
308 1213 342 1234 ea
357 1213 422 1244 qua),
436 1207 506 1234 sunt
520 1211 684 1233 servorum.
699 1201 781 1232 Servi
796 1201 874 1232 enim
892 1211 966 1242 opus
975 1206 1018 1232 est

194 1252 277 1278 recte
292 1248 391 1279 facere
403 1248 481 1288 quod
495 1246 634 1277 dominus
651 1246 786 1286 imperat.
805 1246 929 1282 Deinde,
946 1246 1018 1277 dicit

194 1291 282 1322 nobis
294 1293 364 1332 quid
391 1293 523 1323 lucretur
536 1300 568 1321 se
583 1290 718 1328 audiens,
737 1294 765 1320 et
776 1300 833 1321 non
850 1291 945 1320 solum
961 1300 1015 1321 au-

195 1335 349 1377 diens,sed
365 1341 393 1366 et
409 1335 649 1366 faciens.Similis
660 1334 790 1365 estenim
803 1334 914 1365 homini
927 1335 1018 1366 wdiﬁ-

194 1381 339 1421 canti,qui
355 1380 509 1412 aediﬁcavit
523 1389 612 1419 super
628 1383 754 1419 petram.
767 1378 852 1410 Petra
869 1379 957 1419 igitur
972 1384 1017 1412 est

194 1425 339 1462 Christus,
354 1425 430 1455 sicut
444 1423 603 1463 Apostolus
617 1427 738 1454 testatur
750 1423 793 1454 56.
813 1424 897 1454 Fodit
914 1428 1013 1455 autem

192 1469 224 1500 in
244 1468 435 1509 profundum,
452 1468 502 1506 qui
529 1477 587 1498 non
612 1467 839 1507 superﬁcialiter
862 1477 1016 1499 sermones

192 1513 354 1553 Scriptum
368 1513 486 1553 accipit,
505 1513 556 1543 sed
574 1516 722 1542 scrutatur
738 1512 882 1552 profunda
897 1512 1013 1543 illarum

191 1558 223 1588 in
238 1558 355 1598 spiritu.
372 1558 450 1589 Talis
466 1557 552 1596 igitur
567 1561 596 1588 et
610 1566 698 1596 supra
714 1561 827 1597 petram
855 1557 967 1598 fundat,
986 1562 1016 1588 et

1061 1072 1139 1097 τοῦτο
1167 1068 1314 1108 ἀναγκαῖον
1339 1080 1405 1108 προς
1432 1071 1516 1108 ἡμᾶς,
1545 1071 1605 1103 τοὺς
1623 1071 1823 1111 ὁμολογοῦντας
1837 1072 1880 1110 μὲν

1062 1113 1139 1140 αὐτὸν
1173 1120 1233 1145 τοῖς
1260 1113 1362 1153 χείλεσι
1400 1114 1504 1155 Κύριον,
1519 1122 1578 1147 τοῖς
1598 1115 1625 1143 δὲ
1653 1116 1743 1156 ἔργοις
1759 1117 1880 1155 ἀρνουμέ-

1059 1168 1130 1190 νους.
1160 1159 1189 1186 Εἰ
1204 1159 1253 1197 γὰρ
1276 1159 1368 1198 Κύριός
1383 1159 1449 1199 εἰμι,
1466 1160 1541 1198 φησὶ,
1564 1160 1670 1193 πάντως
1685 1162 1756 1199 ὑμᾶς
1792 1160 1839 1189 ἔδει
1853 1162 1878 1188 τὸ

1058 1205 1110 1230 τῶν
1139 1201 1238 1230 δούλων
1253 1213 1350 1232 ποιειό.
1369 1203 1473 1231 Δούλων
1495 1204 1522 1231 δὲ
1537 1204 1625 1244 ἔργον,
1641 1206 1672 1233 τὸ
1697 1207 1824 1246 πράττειν
1839 1205 1877 1233 ἄὸ

1058 1251 1144 1280 κύριος
1172 1247 1317 1278 ἐπιτάττει.
1344 1248 1412 1276 Εἶτα
1441 1247 1512 1287 λέγει
1527 1249 1595 1286 ἡμῖν
1608 1249 1635 1277 τί
1649 1249 1779 1289 κερδαίνει
1795 1252 1809 1278 ὁ
1834 1252 1876 1279 αύ-

1056 1294 1103 1331 τοῦ
1129 1291 1242 1329 ἀκούων,
1276 1293 1318 1320 καὶ
1347 1292 1386 1330 μὴ
1415 1293 1495 1330 μόνον
1510 1294 1623 1331 ἁκούων,
1641 1293 1710 1322 ἀλλὰ
1727 1296 1772 1323 καὶ
1786 1297 1874 1325 ποιῶν,

1060 1330 1175 1373 ’Ὁμοιος
1204 1337 1254 1376 γὰρ
1278 1335 1348 1364 ἐστιν
1363 1337 1493 1376 ἆντρώπῳ
1515 1330 1646 1376 οἱκοδόμῳ
1660 1340 1690 1371 ὁς
1705 1339 1874 1378 ᾠκοδόμησεν

1057 1379 1099 1425 επὶ
1125 1380 1174 1414 τὴν
1197 1381 1305 1420 πέτραν.
1343 1381 1429 1421 Πέτρα
1459 1382 1507 1420 μὲν
1536 1382 1580 1411 οὗν
1608 1385 1622 1412 ὁ
1652 1385 1778 1425 Χριστὸς,
1803 1385 1837 1417 ὣς
1863 1385 1875 1412 ὁ

1057 1423 1220 1457 Ἀπόστολος
1257 1432 1398 1465 μαρτυρεῖ,
1425 1427 1542 1457 Σκάπτει
1571 1426 1598 1455 δὲ
1626 1423 1680 1457 καὶν
1712 1423 1829 1467 βαθύνει,
1850 1429 1875 1460 ὃς

1057 1471 1094 1513 μῆ
1110 1469 1291 1513 ,ὶπιπολαίως
1322 1469 1429 1510 δέχεται
1455 1472 1516 1504 τοὺς
1543 1474 1594 1506 τῆς
1636 1475 1746 1513 Γραφῆς
1776 1473 1874 1513 λόγους,

1057 1508 1117 1556 imi,
1145 1513 1234 1553 ἐρευνᾷ
1263 1515 1295 1542 ἰὰ
1322 1508 1391 1553 βάθη
1422 1516 1521 1544 τούτων
1545 1517 1614 1554 μετὰ
1641 1508 1875 1556 τοῦ-πνεύματος.

1057 1553 1085 1586 Ὀ
1101 1561 1219 1591 τοιοῦτος
1254 1559 1299 1587 οὖν
1327 1560 1370 1588 καὶ
1398 1559 1440 1588 ἐπὶ
1469 1560 1518 1594 τὴν
1533 1553 1632 1600 πέτραν
1647 1553 1790 1600 θεμελιοῐί
1815 1563 1877 1592 Εἶτα

190 1602 300 1634 deinde
315 1603 389 1634 facta
399 1605 584 1642 tempestate,
602 1602 659 1632 hoc
682 1606 725 1632 est
741 1601 949 1642 persecutione
968 1602 1011 1633 vel

1106 1603 1214 1642 ιμμύρας
1244 1604 1401 1643 γενομένης,
1430 1603 1548 1644 διωγμοῦ
1579 1606 1693 1646 τυχὸνὴ
1720 1609 1877 1646 πειρασμοῦ,

189 1648 365 1685 tentatione,
381 1647 470 1678 illidit
484 1647 594 1677 ﬂumen
610 1645 711 1676 domui
726 1646 780 1680 illi.
799 1650 936 1686 tenlator,
949 1647 1010 1678 sive

189 1691 317 1729 daemon,
340 1692 400 1722 sive
427 1692 528 1731 homo,
546 1695 648 1722 etnon
672 1690 749 1721 valet
768 1699 887 1721 movere
915 1691 1007 1722 illam.

188 1735 320 1768 Flumini
334 1746 406 1768 sane
419 1741 535 1768 tentans
546 1736 595 1767 ille
611 1737 698 1766 homo
714 1735 875 1772 confertur,
892 1739 922 1766 et
944 1737 1008 1767 val-

188 1781 226 1812 de
243 1782 359 1820 merito;
374 1782 451 1813 sicut
465 1781 543 1812 enim
560 1781 671 1811 ﬂumen
686 1780 832 1811 inundare
855 1780 923 1811 facit
936 1791 1010 1822 aqua

188 1835 254 1867 qua)
266 1835 394 1867 superne
409 1826 531 1862 decidit,
546 1826 585 1856 ita
598 1831 626 1856 et
641 1828 802 1856 tentantem
813 1825 896 1856 illum
910 1826 1008 1856 homi—

188 1871 298 1902 minem
314 1871 447 1907 Satanas,
471 1871 521 1912 qui
539 1879 555 1901 e
570 1870 706 1910 supernis
729 1870 848 1910 cecidit,
874 1879 1010 1901 crescere

185 1915 265 1947 facit.
282 1915 391 1946 Domus
401 1919 498 1946 autem
516 1924 617 1945 eorum
631 1914 680 1955 qui
697 1923 755 1944 non
766 1914 877 1944 faciunt
892 1923 1008 1945 sermo-

186 1969 256 1991 nem
268 1960 385 1991 Domini
400 1960 523 1997 cadit,et
538 1960 569 1990 ﬁt
584 1959 668 1990 ruina
683 1959 789 1989 domus
801 1958 880 1989 illius
891 1968 1007 1999 magna.

187 2006 294 2045 Magna
320 2007 398 2037 enim
414 2006 499 2036 ruina
515 2008 561 2035 Esi.
575 2013 677 2034 eorum
694 2003 743 2043 qui
760 2003 883 2033 audiunt
906 2008 934 2034 et
950 2013 1009 2035 non

185 2049 307 2082 faciunt.
323 2050 395 2081 Nam
409 2050 459 2090 qui
476 2059 535 2080 non
551 2048 643 2088 audit,
660 2052 688 2078 et
703 2057 760 2077 non
776 2047 858 2085 facit,
876 2057 934 2078 non
951 2053 1008 2079 tam

186 2095 314 2134 graviter
326 2095 415 2134 cadit,
433 2095 484 2135 qui
497 2098 595 2125 autem
611 2092 692 2124 audit
707 2096 736 2123 et
762 2101 821 2123 non
842 2092 922 2132 facit,
938 2101 1008 2132 gra-

187 2139 249 2170 vius
264 2144 378 2180 peccat.

488 2229 611 2262 CAPUT
636 2228 700 2262 VII.

237 2277 279 2308 De
293 2279 479 2309 centurione.
497 2277 620 2346 Del/ilio
635 2277 748 2308 viduae.
764 2276 807 2307 De
822 2276 922 2307 missis
936 2287 954 2307 (ι

550 2325 659 2346 οιιηηε.

550 2325 659 2348 oanne.

223 2364 316 2395 Vnus.
333 2364 422 2395 1-10.
448 2365 514 2395 516
544 2375 554 2392 α
568 2366 640 2395 Cum
656 2368 754 2395 autem
771 2368 1008 2395 consummasset

184 2409 282 2438 omnia
299 2407 389 2439 verba
402 2418 454 2439 sua
469 2408 609 2440 audiente
626 2408 746 2449 populo,
760 2409 877 2439 intravit
893 2409 1005 2448 Caper-

181 2461 282 2482 naum.
300 2454 488 2484 Centurionis
514 2458 611 2484 autem
637 2453 791 2493 cujusdam
810 2462 913 2484 servus
928 2453 1003 2484 male

1052 1648 1196 1692 προσρήσει
1232 1649 1246 1675 ὂ
1270 1649 1392 1686 ποταμὸς
1428 1652 1463 1688 τῇ
1479 1649 1547 1678 οἰκία
1563 1650 1663 1691 ἐκείνῃ,
1687 1653 1701 1679 ὃ
1731 1653 1873 1692 πειραστὴς

1052 1691 1107 1719 εἴτε
1143 1691 1242 1728 δαίμων
1271 1692 1327 1721 εἴτε
1356 1693 1502 1734 ἅνθρωπος,
1519 1695 1563 1722 καὶ
1577 1697 1623 1724 οὖν
1647 1696 1737 1736 ἰσχύει
1753 1691 1873 1725 σαλεῦσαι

1051 1737 1161 1770 ταύτην.
1199 1741 1315 1776 Ποταμῷ
1343 1737 1366 1766 δ’
1395 1738 1426 1766 ἂν
1453 1738 1637 1779 παραϐληθείη
1651 1741 1666 1769 ὁ
1679 1742 1814 1781 πειράζων
1829 1741 1872 1770 ἄν-

1050 1782 1165 1820 θρωπος,
1197 1783 1240 1810 καὶ
1275 1783 1347 1820 μάλα
1375 1783 1495 1815 εἰκότως·
1511 1784 1600 1823 ὥσπερ
1611 1785 1661 1824 γὰρ
1675 1786 1722 1814 τὸν
1757 1787 1872 1824 ποταμὸν

1051 1826 1067 1859 ἡ
1094 1825 1190 1854 ἂνωθεν
1216 1827 1348 1856 πίπτουσα
1387 1828 1477 1868 βροχή
1503 1830 1678 1869 πλημμυρετν
1695 1838 1783 1868 ποιεῖ,
1810 1830 1872 1859 οετω

1051 1871 1094 1899 καὶ
1119 1872 1165 1899 τὸν
1194 1873 1339 1912 πειραστὴν
1374 1872 1511 1913 ἄνθρωπον
1539 1875 1553 1902 ὁ
1575 1873 1675 1903 ἄνωθεν
1700 1876 1792 1904 πεσὼν
1821 1879 1873 1903 Σα-

1050 1919 1131 1948 τανᾶς
1160 1915 1245 1949 αῧξειν
1272 1924 1357 1950 ποιεῖ,
1387 1921 1446 1947 Τῶν
1472 1917 1499 1946 δὲ
1528 1919 1567 1956 μὴ
1588 1920 1737 1948 ποιούντων
1757 1921 1817 1952 τοὺς
1832 1923 1873 1948 τοῦ

1054 1960 1145 1999 κυρίου
1174 1960 1268 2000 λόγους
1298 1963 1315 1996 ἡ
1344 1963 1413 1991 οἰκία
1446 1963 1549 2001 πίπτει,
1567 1964 1610 1992 καὶ
1624 1965 1726 2003 γίνεται
1742 1966 1774 1993 τὸ
1789 1965 1874 2004 ῥῆγμα

1051 2005 1100 2037 τῆς
1135 2005 1218 2038 οίκὶας
1246 2006 1348 2040 ἐκείνης
1376 2007 1454 2046 μέγα.
1488 2007 1599 2047 Μεγάλα
1627 2009 1678 2047 γὰρ
1693 2010 1746 2037 εἱσι
1763 2009 1873 2039 τὰπτώ.

1051 2060 1122 2086 ματα
1150 2051 1203 2078 τῶν
1231 2051 1379 2080 ἀκουόντων
1409 2052 1470 2090 μὲν,
1488 2052 1526 2090 μὴ
1553 2053 1700 2082 ποιούντων
1717 2052 1757 2085 δέ,
1783 2050 1812 2083 Ὀ
1826 2054 1871 2091 μὲν

1050 2093 1102 2138 γὰρ
1128 2094 1197 2132 μήτε
1227 2095 1341 2128 ἀκούσας
1357 2095 1426 2134 μὴτε
1441 2097 1569 2135 ποιήσας,
1595 2096 1760 2138 ἐλαφρότερα
1774 2099 1870 2134 πταίει,

1050 2138 1064 2165 ὁ
1094 2137 1120 2166 δὲ
1148 2139 1259 2173 ἀκούσας
1293 2141 1353 2180 μὲν,
1396 2141 1436 2178 μὴ
1472 2142 1588 2176 ποιήσας
1616 2140 1656 2180 δὲ,
1696 2137 1868 2182 χαλεπώτιρι

1050 2182 1205 2222 ἁμαρτάνει.

1371 2233 1485 2259 ΚΕΦΑΔ
1504 2230 1533 2258 Z’
1539 2255 1547 2262 ,

1051 2276 1112 2313 Περὶ
1135 2280 1181 2304 τοῦ
1209 2276 1416 2345 ἱκατοντάρόου.
1443 2278 1504 2316 Περὶ
1531 2281 1579 2306 τοῦ
1618 2279 1675 2307 υἱοῦ
1722 2281 1772 2314 τῆς
1814 2280 1868 2320 χή-

1091 2324 1148 2345 ρας·
1174 2317 1234 2345 Περὶ
1249 2318 1302 2344 τῶν
1316 2328 1346 2345 τι
1383 2317 1464 2345 ἑντων
1479 2318 1550 2345 παρὰ
1565 2317 1573 2329 ⁷
1577 2319 1702 2345 Ιωάννου.

1021 2334 1041 2359 D
1091 2324 1148 2355 ρας·
1174 2317 1234 2356 Περὶ
1249 2318 1302 2344 τῶν
1316 2317 1464 2346 σταλέντων
1479 2318 1550 2358 παρὰ
1565 2317 1703 2352 Ἰωάννου.

1093 2374 1104 2391 α
1137 2361 1211 2391 Ἐπεὶ
1246 2362 1273 2391 δὲ
1309 2363 1447 2403 ἐπλήρωσε
1461 2363 1548 2392 πάντα
1562 2365 1595 2393 τὰ
1609 2365 1717 2404 ῥήματα
1735 2368 1816 2397 αὐτοῦ
1835 2366 1869 2396 εἰς

1046 2407 1094 2440 τὰς
1124 2408 1205 2442 ἀκοὰς
1232 2413 1277 2438 τοῦ
1292 2408 1368 2449 λαοῦ,
1385 2408 1506 2443 εἰσῆλθεν
1519 2409 1555 2442 εὶς
1571 2412 1763 2450 Καπερναοὺμ.
1788 2406 1865 2440 Ἐκε-

1045 2453 1192 2493 τοντάρχου
1220 2452 1247 2482 δὲ
1270 2464 1342 2486 τινος
1375 2453 1466 2488 δοῦλος
1493 2457 1582 2488 κακῶς
1598 2455 1683 2495 ἔχων,
1702 2455 1798 2494 ἔμελλε
1824 2466 1867 2484 τε·

182 2495 296 2527 habens
306 2497 410 2536 agebat
421 2498 562 2534 animam,
582 2498 630 2538 qui
649 2497 691 2528 illi
707 2501 772 2527 erat
786 2497 906 2528 charos.
928 2496 1002 2528 Cum

1106 2500 1137 2534 ᾇν
1165 2498 1194 2531 ὅς
1222 2498 1254 2532 ἧν
1282 2499 1353 2536 αὖτῷ
1383 2498 1500 2537 ἔντιμος.
1521 2499 1652 2532 ’Δκούσας
1682 2500 1709 2529 δὲ
1739 2503 1798 2541 περὶ
1823 2504 1864 2529 τοῦ

180 2541 311 2586 audisset
325 2546 422 2572 autem
438 2542 476 2573 de
490 2542 571 2579 Jesu,
586 2542 666 2573 misit
680 2542 716 2572 ad
733 2551 799 2572 eum
811 2542 944 2573 seniores
952 2542 1002 2574 Ju-

1106 2546 1144 2580 οὖ,
1192 2543 1331 2572 ἀπέστειλε
1369 2545 1435 2584 πρὸς
1464 2545 1541 2573 αὒνὸν
1595 2543 1786 2586 πρεσϐυτέρως
1813 2549 1862 2574 τῶν

180 2584 322 2622 deorum,
332 2596 439 2626 rogans
452 2596 517 2618 eum
535 2591 565 2617 ut
579 2586 693 2617 veniret
705 2591 733 2617 et
743 2590 874 2617 servaret
883 2597 1000 2618 servum

1106 2587 1185 2624 ἷαίων,
1219 2588 1323 2627 ἐρωτῶν
1350 2589 1428 2617 αὐτὸν
1462 2589 1535 2622 ὅπως
1563 2589 1645 2618 ἐλθὼν
1677 2584 1794 2630 διασώσῃ
1819 2591 1861 2618 τὸν

179 2638 278 2661 suum.
296 2631 332 2661 At
346 2631 390 2661 illi
405 2642 471 2662 cum
489 2631 639 2663 venissent
663 2632 699 2661 ad
726 2631 839 2668 Jesum,
857 2631 1001 2671 rogabant

1106 2644 1134 2661 ον
1164 2635 1252 2662 αὗτοῦ.
1283 2635 1313 2662 Oi
1340 2633 1380 2674 δὲ,
1411 2635 1621 2673 παραγενόμενοι
1645 2635 1710 2674 πρὸς
1735 2636 1781 2664 τὸν
1805 2635 1859 2668 Ἰη-

179 2683 245 2706 cum
271 2676 414 2713 studiose,
445 2676 578 2708 (licentes
596 2687 602 2708 :
620 2676 731 2716 Dignus
755 2680 798 2707 est
823 2681 855 2707 ut
884 2677 940 2707 hoc
956 2677 999 2707 illi

1106 2701 1112 2715 ,
1143 2678 1309 2717 παρεκάλουν
1340 2679 1417 2706 αὐτον
1461 2677 1620 2718 σπουδαίως,
1659 2678 1782 2719 λέγοντες
1824 2679 1859 2707 ὅτι

215 2759 247 2784 35
261 2758 317 2790 Tit.
336 2768 355 2798 ι,
380 2760 582 2792 16.561001'.
602 2770 631 2799 χ,
648 2762 677 2791 4.
