1933 3084
196 172 254 206 783
668 175 966 208 THEOPHYLACTI
987 175 1194 207 BULGARIA!
1215 175 1396 208 ARCHIEP.
1819 179 1869 211 784

189 239 326 271 dicentes
340 249 350 270 :
367 240 517 280 Propheta
530 249 654 280 magnus
669 243 796 273 surrexit
810 243 888 274 inter
909 252 952 273 no:

1106 243 1205 281 >φτςτης
1234 242 1319 282 μέγας
1355 244 1496 283 ἐγήγερται
1525 246 1554 272 ἓν
1588 245 1668 283 ἡμῖν,
1693 246 1738 273 καὶ
1764 245 1801 274 ὃτι
1827 246 1869 274 ἒπ-

188 283 268 315 Deus
280 284 411 316 visitavit
427 284 544 324 plebem
561 294 675 316 suam.»
690 286 845 327 Postquam
860 292 948 318 centu

1109 286 1193 323 ἐψατο
1221 287 1235 315 ό
1272 288 1336 319 Θεὸς
1350 289 1396 316 τὸν
1433 289 1522 320 αὐτοῦ,
1543 300 1555 318 ι
1582 289 1689 325 Ἐπειδή
1704 301 1753 329 περ
1767 292 1810 318 τὸν
1832 292 1870 319 τοῦ

188 329 234 359 nis
248 338 365 359 servum
385 329 473 359 etiam
491 329 602 361 absens
615 331 740 371 sanavit,
758 332 839 363 aliud
857 331 951 363 rarius

1104 332 1258 372 ετοντάρχου
1286 331 1378 361 δοῦλον
1419 334 1480 372 ὑγιᾶ
1507 334 1551 362 ναὶ
1576 334 1617 375 μὴ
1637 335 1729 374 παρὼν
1744 335 1867 375 ἐποίησεν,

186 373 226 404 cit
240 373 425 404 miraculum.
444 376 488 404 Ne
500 375 566 415 quis
575 375 663 412 dicat,
680 375 716 406 Et
731 376 801 416 quid
818 377 884 407 novi
902 377 932 407 in

1105 387 1144 404 πον
1170 377 1322 417 καινότερον
1351 378 1560 417 θαυματουργεῖ,
1598 374 1660 407 ’ἶνα
1676 373 1738 418 γγίιρ
1773 380 1810 417 μὴ
1834 373 1868 411 τις

186 426 275 449 servo
285 418 423 458 contigit?
439 418 573 450 fortassis
589 420 700 460 alioqui
726 430 783 451 non
810 420 914 452 fuisset
929 430 949 451 Π

1103 433 1132 459 ῃ,
1158 422 1206 450 Καὶ
1227 422 1251 449 τί
1267 423 1357 450 καινὸν
1372 422 1414 450 ἐπὶ
1429 426 1462 459 τᾷ
1476 421 1561 460 δούλῳ
1571 423 1695 457 ἐποίησεν
1712 433 1721 462 ;
1740 419 1810 456 ’[σως
1823 424 1865 463 γᾶρ

187 466 266 501 tuus,
283 467 443 504 propterea
473 469 622 495 mortuum
649 464 735 495 illum
752 465 804 504 qui
823 465 950 496 eﬂ'ereba

1104 466 1115 493 ὲ
1150 465 1278 494 ἀπέθανεν
1306 466 1337 494 ἄν
1366 465 1469 504 δοῦλος,
1486 466 1528 496 διὰ
1541 471 1617 496 τοῦτο
1643 469 1688 496 τὸν
1702 469 1867 505 ἒχκομιζόμι-

185 508 320 540 suscitat.
330 508 392 539 Non
409 509 504 540 solum
523 513 623 540 autem
636 510 724 540 verbo
741 509 812 540 facit
823 510 947 541 miracul

1127 509 1231 539 ἐκεῖνον
1258 511 1350 550 νεκρὸν
1364 512 1469 547 ὰνιστᾷ.
1485 513 1522 540 οὗ
1535 511 1609 551 λόγῳ
1630 511 1657 540 δὲ
1682 514 1866 552 θαυματουργεῖ

184 553 238 584 sed
254 557 283 584 et
297 553 427 585 loculum
446 554 538 593 tangit
556 565 563 585 :
582 559 613 585 ut
628 554 777 585 discamus
800 555 878 595 quod
905 565 947 586 cei

1104 567 1147 591 πον,
1178 555 1245 583 ἀλλὰ
1274 557 1318 583 καὶ
1346 558 1395 589 τῆς
1421 560 1500 595 σοροῦ
1526 556 1651 585 ἅπτεται·
1681 556 1729 585 ἵνα
1754 558 1867 594 μάθωμεν

183 600 249 639 ejus
263 609 374 641 corpus
388 599 536 631 viviﬁcum
553 599 752 636 sit.Quoniam
771 601 851 631 enim
867 610 935 632 caro

1120 601 1151 628 τὸ
1187 603 1265 638 σῶμα
1294 602 1373 629 αὐτοῦ
1403 602 1481 638 σῶμα
1517 604 1588 636 ζωῆς
1603 601 1686 634 ἐστιν,
1704 601 1811 635 Ἐπειδὴ
1825 603 1866 641 γὰρ

182 643 259 675 facta
273 648 318 675 est
333 644 454 685 propria
465 644 557 677 Verbi
573 645 672 675 omnia
687 645 870 686 viviﬁcantis,
880 655 945 686 pro;

1136 643 1227 684 γέγονε
1259 649 1306 673 τοῦ
1336 645 1421 684 Λόγου
1450 646 1466 679 ἡ
1504 645 1566 684 σὰρξ
1591 651 1637 675 τοῦ
1665 647 1753 674 πάντα
1775 650 1865 685 ζωογο-

182 698 233 720 rea
248 689 364 720 viviﬁca
375 694 420 720 est
435 695 465 720 et
480 689 555 729 ipsa,
572 689 707 729 tollitque
723 695 849 720 mortem
866 694 895 721 et
903 700 945 721 cm

1101 700 1165 724 ντος,
1202 687 1244 716 διὰ
1273 692 1351 717 τοῦτο
1379 690 1511 724 ζωοποιός
1542 689 1598 718 ἐστι
1632 691 1676 719 χαί
1714 690 1792 727 αὕτη,
1828 692 1864 718 καὶ

182 734 325 775 ptionem.
344 733 434 765 Porro
451 734 564 765 resedit
585 739 729 775 mortuus,
747 739 777 766 et
803 735 891 774 coepit
912 735 945 766 ἴοι

1099 733 1159 761 άτου
1188 734 1232 761 καὶ
1263 735 1358 772 φθορᾶς
1386 734 1550 773 ἁναιρετιχή.
1582 734 1752 763 ’Λνεχάθισεν
1787 734 1827 762 οὖν
1851 736 1862 762 6

181 782 214 809 ut
229 787 266 810 ne
282 783 461 819 apparenter
476 782 588 809 tantum
604 778 781 819 quibusdam
796 780 944 810 suscitatu:

1097 778 1150 817 ρὸς,
1181 778 1224 806 καὶ
1255 777 1357 817 ἤρξατό
1379 777 1484 815 λαλεῖν,
1507 778 1554 806 ἵνα
1575 779 1614 817 μὴ
1629 780 1698 807 κατὰ
1729 780 1860 819 φαντασίαν

180 822 297 855 deatur.
309 823 383 854 Nam
400 833 476 854 verm
487 823 716 854 resurrectionis
732 823 847 863 signum
870 823 935 861 fuit,

1097 834 1108 860 ῃ
1137 823 1203 850 τισὶν
1238 821 1389 862 ἐγηγέρθαι,
1419 822 1472 853 Καὶ
1492 823 1543 862 γὰρ
1565 823 1678 857 ἀληθοῦς
1704 824 1860 855 ἂναστάσεως

182 868 281 899 sidere
297 873 327 900 et
342 868 435 908 loqui.
452 867 647 899 Inanimatum
674 868 754 899 enim
779 878 887 909 corpus
907 878 944 899 ne

1096 873 1161 904 ιεῖα,
1200 867 1231 895 τὸ
1254 867 1407 895 ἆναχαθίσαι
1449 868 1492 895 καὶ
1528 867 1659 901 λαλῆσαι·
1688 868 1746 896 ἐπεί
1773 868 1811 896 τοί
1836 879 1859 907 γε

179 912 328 960 residere.
345 922 443 960 neque
457 913 539 953 loqui
554 912 791 960 potest.Viduam
803 918 901 960 autem
917 914 942 960 in

1096 922 1153 951 ’χον
1178 914 1256 949 σῶμα
1293 911 1351 940 οὔτε
1379 911 1547 950 ἆνακαθίσαι,
1576 912 1635 941 οὔτε
1656 912 1775 946 λαλῆσαι
1789 913 1859 940 δύνα-

182 957 257 998 Iigas
273 961 302 989 et
320 958 462 995 animam,
479 967 544 998 qua
564 957 657 988 virum
684 966 781 996 suum,
801 957 923 988 verbum
938 958 945 988 l

1096 979 1102 986 .
1140 956 1230 995 Χήραν
1245 955 1272 983 δὲ
1288 957 1393 991 νοήσεις
1410 957 1454 984 καὶ
1467 957 1516 991 τὴν
1532 957 1625 997 ψυχὴν
1640 957 1692 991 τὴν
1721 956 1859 985 ἀποϐαλοῦ-

179 1003 232 1042 qui
258 1002 370 1034 bonum
392 1002 549 1035 seminavit
573 1012 688 1043 semen,
704 1002 820 1034 amisit:
840 1003 919 1034 ﬁlius
934 1013 1003 1034 vero

178 1048 254 1088 ejus,
272 1056 357 1078 mens
373 1051 488 1078 mortua
504 1051 559 1083 est,
573 1051 601 1077 et
612 1047 735 1078 effertur
745 1053 829 1077 extra
843 1057 1001 1088 supernam

177 1092 337 1130 civitatem,
353 1092 538 1129 Jerusalem;
563 1092 644 1132 regio
674 1092 753 1122 enim
777 1091 934 1123 viventium
950 1092 1001 1124 illa

176 1142 230 1169 est.
247 1137 378 1170 Proinde
392 1137 535 1168 Dominus
559 1137 764 1172 misericordia
791 1142 888 1168 motus
909 1137 1001 1177 tangit

176 1183 317 1214 loculum.
336 1183 467 1214 Loculus
496 1182 604 1213 mentis
625 1186 670 1213 est
685 1191 803 1222 corpus.
822 1182 998 1222 Sepulcrum

175 1228 255 1258 enim
273 1231 304 1258 et
318 1227 434 1259 loculus
450 1236 557 1267 corpus
570 1230 624 1263 est,
641 1226 721 1257 unde
736 1230 765 1257 et
776 1225 871 1258 Graeci
890 1236 999 1266 corpus

177 1276 255 1311 σῶμα
271 1277 385 1310 vocant,
403 1272 487 1313 quasi
503 1275 589 1310 σῆμτι,
605 1271 660 1302 hoc
675 1275 718 1302 est
733 1271 997 1310 sepulcrum.Tac-

178 1321 205 1348 to
221 1321 320 1348 autem
349 1325 477 1354 corpore
493 1315 638 1347 Dominus
653 1315 775 1346 suscitat
790 1320 932 1354 mentem,
946 1317 998 1356 ju-

177 1356 304 1392 venilem
328 1366 359 1392 et
380 1361 485 1391 fortem
505 1360 586 1390 illam
603 1359 725 1398 faciens,
744 1361 954 1401 quakresidet,
971 1365 1000 1391 et

172 1389 208 1437 iii
214 1389 358 1437 gigans
376 1389 494 1436 ὧὲῆἱέ
506 1389 647 1444 genus
665 1389 941 1446 ᾖέέοέιῖζὴᾶἐῖῥῖἐι
947 1389 999 1436 ⁷1όέ

174 1451 237 1491 qui,
251 1450 306 1481 hoc
315 1454 371 1487 est,
387 1450 498 1481 docere
513 1448 742 1484 alios.Quandiu
756 1449 835 1480 enim
847 1449 876 1480 in
893 1459 997 1490 pecca-

174 1499 202 1526 to
216 1494 441 1532 detinetur,non
458 1498 554 1534 potest
571 1493 680 1524 docere
693 1497 723 1524 ct
737 1493 901 1534 loqui,quis
917 1495 997 1525 enim

172 1539 200 1571 ei
216 1539 352 1572 crederet
362 1540 376 1570 ‘3

1047 1010 1094 1028 σαν
1114 1001 1161 1028 τὸν
1174 999 1253 1039 ἄνδρα
1275 1003 1366 1036 αὐτῆς,
1385 1002 1431 1029 τὸν
1446 1000 1525 1040 λόγον
1541 1005 1588 1030 τοῦ
1610 1003 1687 1037 Θεοῦ,
1711 1003 1758 1030 τὸν
1785 1001 1859 1040 ἀγαθὰ

1045 1044 1184 1084 σπέρματα
1219 1046 1371 1084 σπείραντα,
1402 1047 1461 1077 Υἱὸς
1490 1045 1517 1074 δὲ
1532 1047 1630 1080 ταύτης
1653 1047 1667 1074 6
1690 1050 1762 1083 νοῦς,
1785 1047 1798 1074 6
1818 1057 1860 1074 τι·

1042 1090 1146 1122 θνηκὼς
1160 1090 1204 1117 καὶ
1232 1089 1282 1121 ἔξω
1311 1092 1361 1123 τῆς
1393 1089 1509 1128 πόλεως,
1527 1093 1575 1124 τῆς
1601 1091 1657 1119 ἂνω
1681 1086 1857 1130 Ἰερουσαλὴμ,

1042 1134 1232 1172 κομιζόμενος.
1263 1135 1342 1173 Χώρσ.
1383 1135 1432 1174 γὰρ
1447 1138 1499 1162 τῶν
1520 1135 1627 1170 ζώντων
1649 1136 1720 1164 ἐστὶν
1736 1135 1857 1169 ἐκείνη-ὁ

1040 1182 1103 1217 γοῦν
1141 1179 1235 1218 Κύριος
1270 1178 1488 1219 σπλαγχνισθεὶς,
1530 1179 1641 1208 ἅπτεται
1690 1181 1739 1214 τῆς
1776 1184 1855 1219 σοροὶ.

1039 1224 1123 1259 Σορὸς
1151 1222 1178 1251 δὲ
1219 1226 1265 1252 τοῦ
1290 1227 1346 1262 νοῦ,
1375 1225 1405 1252 τὸ
1421 1227 1510 1262 σῶμα,
1538 1225 1626 1263 Τάφος
1641 1226 1693 1264 γὰρ
1715 1225 1796 1257 ὅντως
1818 1226 1857 1252 καὶ

1041 1270 1116 1305 σῆμα
1142 1269 1173 1296 τὸ
1199 1271 1288 1306 σῶμα,
1321 1269 1395 1297 Καθὰ
1419 1269 1463 1297 καὶ
1497 1279 1565 1301 τινες
1594 1271 1675 1297 εἷπον
1696 1269 1763 1298 αὐτὸ
1791 1269 1856 1305 σῆμα

1041 1312 1124 1348 εἶναι,
1154 1312 1274 1341 τουτέστι
1303 1313 1397 1353 τάφον,
1437 1308 1587 1351 Ἀψάμενος
1602 1314 1646 1342 οὖν
1668 1314 1718 1342 τοῦ
1743 1314 1872 1350 σώματος,

1042 1357 1056 1384 δ
1100 1357 1192 1396 Κύριος
1221 1357 1314 1397 ἐγείρει
1337 1358 1383 1385 τὸν
1404 1362 1475 1395 νοῦν,
1498 1358 1619 1386 νεανικόν
1641 1358 1722 1386 αὑτὸν
1737 1359 1782 1386 καὶ
1801 1368 1858 1397 γιν-

1042 1408 1118 1429 ναῖον
1153 1403 1249 1432 ποιῶν.
1280 1402 1453 1434 ’Λνακαθίσας
1488 1402 1516 1431 δὲ
1543 1404 1557 1431 6
1584 1403 1735 1439 νεανίσκος,
1761 1404 1775 1430 6
1808 1404 1859 1434 νοῦς

1042 1445 1113 1485 λέγω
1147 1447 1235 1483 οὗτος,
1272 1448 1316 1475 καὶ
1346 1447 1460 1486 ἐγερθεὶς
1479 1448 1532 1476 άπὸ
1545 1451 1592 1476 τοῦ
1606 1448 1691 1488 τάφου
1716 1447 1766 1482 τῆς
1780 1448 1860 1486 ἆμαρ-

1039 1494 1107 1529 τίας,
1137 1491 1197 1520 τότε
1233 1490 1336 1531 ἄρξεται
1365 1491 1471 1530 λαλεῖν,
1501 1492 1620 1521 τουτέστι
1649 1491 1784 1521 διδάσκειν
1812 1492 1862 1520 ἑτέ.

1039 1546 1110 1571 ρους.
1143 1536 1187 1565 Ἐν
1205 1536 1259 1572 ὅσῳ
1279 1537 1329 1576 γὰρ
1343 1540 1378 1575 τῇ
1393 1537 1509 1577 ἁμαρτίᾳ
1523 1537 1680 1577 κατέχεται,
1705 1539 1739 1567 οὗ
1760 1536 1858 1566 δύναται

1039 1579 1170 1609 διδάσκειν
1186 1582 1231 1609 καὶ
1245 1580 1349 1609 λαλεῖν
1372 1582 1413 1614 τίς
1429 1583 1479 1622 γὰρ
1494 1583 1566 1618 αὑτῷ
1579 1582 1718 1610 πιστεύσει
1733 1593 1743 1620 ς

211 1630 301 1660 Vens.
319 1629 419 1661 17-29.
436 1641 449 1657 α
465 1628 498 1659 Et
514 1628 585 1659 exiit
598 1628 648 1659 hic
664 1637 768 1659 rumor
782 1629 812 1659 in
828 1628 974 1660 universal

1127 1625 1176 1654 Καὶ
1203 1624 1311 1659 ὶξῆλθεν
1333 1626 1347 1653 6
1368 1624 1448 1665 λόγος
1477 1627 1553 1658 οὗτος
1568 1626 1595 1654 ὲν
1624 1625 1674 1664 ὅλῃ
1688 1629 1727 1665 τῇ
1753 1625 1856 1662 Ἰουδαίᾳ

169 1674 305 1706 Judasam
323 1675 360 1705 de
374 1684 420 1710 eo,
439 1679 595 1705 etomnem
611 1674 763 1705 ﬁnitimam
781 1673 932 1713 regionem

1092 1671 1097 1698 ὶ
1126 1670 1215 1706 αὖτοῦ,
1241 1671 1285 1699 καὶ
1312 1670 1340 1699 ὲν
1368 1671 1443 1709 πάσῃ
1463 1674 1498 1709 τῇ
1525 1671 1682 1711 περιχώρῳ,
1700 1672 1753 1700 Καὶ
1767 1671 1855 1709 ἀπήγ-

173 1721 380 1749 nuntiaverunt
393 1718 499 1749 Joanni
523 1718 660 1758 discipuli
676 1718 768 1758 ipsius
783 1718 820 1748 de
837 1718 881 1748 his
897 1718 995 1749 omni—

174 1762 281 1795 bus.Et
295 1763 440 1794 invocavit
453 1763 528 1794 duos
543 1763 580 1794 de
596 1762 752 1802 discipulis
775 1762 837 1793 suis
851 1762 994 1801 Joannes,

174 1807 315 1848 misitque
326 1809 362 1839 ad
371 1808 472 1839 Jesum
484 1807 587 1838 dicens
602 1818 608 1838 :
623 1807 666 1838 Tu
684 1816 717 1838 es
732 1807 782 1847 qui
800 1812 939 1838 venturus
951 1817 993 1843 es.

172 1852 280 1883 3l8an
295 1853 385 1884 alium
402 1855 623 1892 exspectamus?
636 1853 707 1883 Cum
723 1855 822 1882 autem
845 1852 995 1884 venissent

171 1897 207 1928 ad
218 1906 285 1928 eum
301 1897 368 1935 viri,
387 1897 543 1928 dixerunt:
560 1896 690 1928 Joannes
706 1896 836 1936 Baptista
851 1896 995 1928 misitnos

171 1941 208 1972 ad
224 1947 263 1979 te,
287 1943 391 1973 dicens
410 1953 416 1973 :
433 1941 477 1972 Tu
503 1951 534 1972 es
562 1941 611 1971 ille
637 1941 688 1981 qui
712 1945 854 1972 venturus
883 1944 939 1981 est,
956 1951 993 1972 an

171 1986 262 2017 alium
279 1989 499 2026 exspectamus?
512 1985 544 2016 In
563 1985 667 2016 eadem
683 1989 780 2016 autem
798 1986 870 2015 hora
885 1986 993 2018 multos

172 2032 286 2062 curavit
300 2041 317 2062 a
332 2030 443 2061 morbis
459 2040 492 2060 ac
508 2030 601 2070 plagis
627 2034 655 2060 et
679 2029 833 2070 spiritibus
849 2030 944 2071 malis,
956 2029 992 2062 'et

171 2076 257 2107 caecis
281 2076 382 2107 multis
406 2075 526 2106 donavit
547 2075 652 2106 visum.
669 2075 707 2105 Et
721 2074 904 2115 respondens
919 2075 992 2106 dixit

172 2121 250 2152 illis:
265 2120 376 2153 Euntes
384 2120 552 2150 renuntiate
567 2118 674 2150 Joanni
690 2129 755 2160 quae
770 2119 881 2150 vidistis
893 2124 921 2151 et
935 2130 990 2151 au-

172 2166 268 2202 distis,
286 2166 363 2206 quod
380 2165 449 2196 caeci
463 2164 591 2199 videant,
604 2164 701 2195 claudi
713 2164 991 2205 ambulentJeprosi

172 2210 449 2251 mundentur,surdi
464 2209 595 2245 audiant,
613 2209 721 2240 mortui
734 2213 899 2248 resurgant,
918 2219 992 2249 pau-

171 2256 293 2297 peribus
316 2255 506 2286 annuntietur
534 2254 725 2294 Evangelium
743 2264 749 2283 :
768 2258 797 2284 et
826 2255 928 2285 beatus
949 2259 994 2285 est

172 2301 340 2342 quicunque
356 2309 414 2331 non
431 2299 520 2330 fuerit
533 2299 664 2330 oﬂ‘ensus
680 2307 733 2339 per
748 2299 922 2330 me.Etcum
936 2299 992 2331 ills—

172 2345 331 2376 cessissent
346 2345 440 2375 nuntii
454 2343 588 2383 Joannis,
607 2344 694 2383 coepit
708 2343 746 2374 de
760 2343 874 2374 Joanne
889 2343 990 2374 dicere

170 2390 206 2421 ad
221 2390 320 2421 turbas
334 2399 341 2420 :
353 2389 429 2426 Quid
449 2389 549 2419 existis
564 2389 592 2419 in
608 2388 759 2419 desertum
776 2391 808 2418 ut
827 2388 990 2419 videretis?

174 2435 350 2466 arundinem
369 2444 433 2475 qua;
461 2438 548 2465 vento
573 2433 711 2472 agitatur?
726 2432 783 2463 Sed
800 2432 870 2473 quid
887 2432 989 2463 existis

170 2479 272 2512 visuri?
302 2480 453 2511 hominem
480 2478 618 2509 mollibus
632 2478 814 2508 vestimentis
836 2476 988 2507 indutum?

166 2523 242 2556 Ecce
253 2525 302 2566 qui
313 2524 418 2555 vestitu
434 2523 591 2564 splendido
607 2522 813 2561 vostiuntur,el
828 2521 859 2551 in
873 2521 988 2552 deliciis

166 2574 267 2608 agunt,
285 2570 314 2600 in
330 2569 406 2601 aulis
420 2578 524 2608 regum
548 2571 627 2598 sunt.
644 2566 702 2598 Sed
732 2566 802 2606 quid
831 2566 931 2596 existis
949 2566 984 2597 ad

165 2613 342 2646 videndum?
354 2612 544 2655 prophetam?
555 2611 661 2652 Utique
674 2611 741 2642 dico
763 2610 859 2648 vobis,
877 2614 906 2641 et
921 2611 986 2651 plus

164 2669 251 2699 quam
278 2659 461 2699 prophetam.
486 2657 540 2688 Hic
565 2661 609 2687 est
623 2656 661 2687 de
676 2666 733 2696 quo
755 2656 898 2695 scriptum
915 2660 959 2686 est
977 2667 984 2688 ι

162 2703 239 2735 Ecce
256 2704 338 2734 mitto
349 2703 487 2742 angelum
504 2711 601 2733 meum
617 2705 685 2732 ante
700 2701 805 2731 faciem
822 2705 914 2740 tuam,
931 2701 981 2741 qui

162 2748 338 2789 praeparabit
349 2748 424 2778 viam
443 2752 522 2778 tuam
538 2753 608 2778 ante
632 2751 670 2777 te.
689 2745 759 2779 Dico
777 2746 856 2776 enim
871 2745 954 2776 vobis
970 2756 976 2776 :

160 2794 253 2833 Major
263 2793 342 2824 inter
358 2797 443 2823 natos
459 2791 617 2823 mulierum
629 2792 772 2832 propheta
793 2791 906 2821 Joanne
920 2790 978 2821 Ba-

159 2837 246 2878 ptista
261 2846 348 2868 nemo
360 2841 405 2868 est
423 2848 430 2868 :
445 2840 576 2868 attamen
591 2836 644 2877 qui
658 2836 755 2866 minor
776 2839 821 2866 est
836 2834 867 2866 in
887 2843 979 2874 regno

1038 1714 1129 1754 γειλαν
1158 1714 1268 1754 Ἰωάννῃ
1297 1716 1320 1744 ol
1355 1717 1470 1753 μαθηταὶ
1499 1716 1577 1745 αὐτοῦ
1591 1716 1650 1756 περὶ
1665 1716 1776 1745 πάντων
1796 1716 1855 1744 τοὺ-

1037 1771 1101 1789 τιον.
1132 1760 1183 1791 Καὶ
1211 1759 1461 1800 προσκαλεσάμενος
1495 1759 1540 1789 δύο
1560 1761 1635 1792 τινὰς
1654 1763 1708 1789 τῶν
1735 1763 1856 1800 μαθητῶν

1037 1805 1116 1833 αὐτοῦ
1144 1806 1158 1833 ὁ
1186 1804 1324 1843 Ἰωάννης,
1354 1805 1459 1844 ἔπεμψε
1474 1806 1540 1844 πρὸς
1556 1807 1600 1834 τὸν
1615 1807 1734 1844 Ἶησοῦν,
1764 1806 1856 1845 λέγων·

1036 1851 1072 1878 Σὺ
1102 1850 1129 1878 εἷ
1159 1851 1172 1878 ὁ
1188 1849 1346 1890 ἐρχόμενος,
1364 1850 1382 1884 ἤ
1404 1849 1486 1879 ἄλλον
1502 1849 1693 1889 παοσδοκῶμίν
1710 1861 1719 1887 ;
1737 1854 1855 1891 Παραγε-

1036 1895 1141 1932 νόμενοι
1170 1894 1198 1923 δὲ
1231 1896 1298 1934 πρὸς
1327 1895 1405 1923 αὐτόν
1427 1897 1450 1924 οἱ
1472 1894 1573 1935 ἄνδρες,
1598 1897 1687 1924 εἷπον
1704 1895 1856 1929 Ἰωάννηςὸ

1035 1940 1186 1974 Βαπτιστῆς
1214 1940 1379 1969 ἀπέσταλκεν
1400 1941 1473 1978 ἡμᾶς
1492 1940 1557 1979 πρός
1587 1951 1628 1980 σε,
1645 1939 1744 1978 λέγων·
1769 1940 1804 1968 Σὺ
1830 1940 1856 1968 tl

1034 1984 1048 2012 ό
1082 1985 1242 2024 ἐρχόμενος,
1259 1985 1277 2019 ἢ
1297 1984 1377 2013 ἄλλον
1393 1984 1581 2025 προσδοκῶμεν
1607 1994 1615 2024 ;
1630 1985 1676 2014 Ἐν
1691 1985 1764 2023 αὖτῇ,
1781 1984 1807 2013 δὲ
1821 1987 1852 2017 τῆ

1033 2029 1089 2068 ὥρᾳ
1117 2030 1271 2070 ἐθεράπευσε
1302 2029 1418 2062 πολλοὺς
1443 2030 1497 2059 ἀπὸ
1531 2031 1617 2059 νὸσων
1651 2030 1696 2058 καὶ
1721 2031 1853 2069 μαστίγων

1032 2075 1076 2102 καὶ
1099 2075 1256 2112 πνευμάτων
1285 2077 1420 2114 πονηρῶν,
1443 2076 1487 2103 καὶ
1501 2073 1611 2116 τυφλοῖς
1634 2073 1750 2107 πολλοῖς
1764 2074 1852 2114 ὶχαρί-

1032 2130 1097 2147 σατο
1122 2120 1153 2147 τὸ
1180 2119 1299 2157 βλέπειν.
1333 2120 1381 2148 Καὶ
1395 2119 1544 2160 ἀποκριθεὶς
1560 2119 1639 2148 εἶπεν
1669 2121 1776 2151 αὐτοῖς·
1799 2121 1851 2148 Πο-

1033 2164 1164 2204 ρευθέντες
1198 2163 1376 2204 ἀπαγγείλατε
1406 2164 1528 2203 Ἰωάννῃ,
1564 2164 1582 2193 ἔ
1615 2163 1703 2193 εἴδετε
1716 2165 1762 2193 καὶ
1777 2164 1851 2198 ἠκρό-

1034 2219 1108 2246 σατι,
1138 2209 1177 2237 ὅτι
1213 2208 1306 2248 τυφλοὶ
1331 2207 1517 2247 ἀναϐλέπουσι,
1555 2209 1645 2250 χωλοί
1667 2212 1850 2248 περιπατοῦσι,

1033 2254 1125 2293 Λεπροὶ
1158 2254 1353 2292 καθαρίζονται,
1382 2255 1465 2294 κωφοὶ
1498 2254 1633 2295 ἂκούθυσι,
1783 2253 1851 2293 hyd-

1033 2309 1134 2338 ρονται,
1166 2298 1272 2339 πτωχοὶ
1299 2297 1521 2337 ιὸαγγελίζοψται.
1553 2299 1602 2331 Καὶ
1627 2299 1760 2339 patrimnio
1772 2299 1849 2334 εστιν,

1032 2343 1061 2375 ὅς
1090 2343 1135 2371 ἐὰν
1176 2343 1215 2381 μὴ
1254 2341 1430 2377 σκανδαλισθῆ
1458 2344 1493 2372 ιν
1514 2343 1584 2381 ἐμοί.
1613 2343 1797 2376 Ἀπολθάυαυν
1824 2342 1849 2370 δὲ

1030 2390 1083 2416 τῶν
1117 2387 1239 2427 ἄγγὲλων
1267 2387 1400 2425 Ἰωάννου,
1428 2387 1525 2427 ἤρξατο
1554 2387 1643 2428 λέγειν
1671 2395 1732 2421 τοῖς
1757 2388 1848 2428 οχλας

1029 2434 1087 2472 περὶ
1114 2433 1247 2462 Ἰωάννου·
1284 2433 1314 2461 Τί
1340 2431 1513 2466 ἱξεληλύθατε
1544 2434 1582 2466 εἰς
1609 2434 1657 2468 τὴν
1671 2434 1772 2472 imp.“
1787 2433 1845 2462 θεάς

1029 2479 1147 2515 uetabat;
1176 2476 1296 2515 κάλαμον
1321 2477 1374 2505 ὑπὸ
1405 2477 1504 2516 ἀνέμου
1531 2477 1733 2516 σαλωόμιυονς
1765 2477 1845 2508 Ἀλλὰ

1028 2523 1053 2550 τί
1073 2522 1244 2556 ἐξεληλύθατε
1275 2520 1342 2550 ῑϐετν
1359 2532 1366 2559 ;
1382 2522 1517 2562 ἄνθρωπον
1532 2523 1567 2551 ἕνη
1575 2521 1710 2560 μαλακοῖς
1733 2522 1844 2559 ἱματίοις

1028 2567 1232 2608 ήμφιεσμένονς
1263 2565 1329 2595 Ἰδοὺ
1361 2568 1385 2595 οἱ
1423 2567 1450 2595 ὲν
1491 2568 1628 2606 ἱματισμῷ
1670 2566 1764 2604 ἰνδοεῳ
1803 2571 1845 2598 ui

1028 2615 1111 2652 τρυφῇ
1135 2613 1310 2651 ὑπάρχοντες,
1343 2611 1370 2639 ὲν
1401 2618 1460 2645 τοῖς
1492 2611 1635 2650 βασιλείοις
1661 2613 1736 2644 εἰσίν.
1764 2611 1844 2641 Ἀλλὰ

1027 2658 1052 2686 τί
1081 2656 1253 2690 ἐξεληλὺθατι
1279 2655 1369 2696 irim;
1405 2657 1571 2697 προφήτην;
1598 2657 1647 2686 Ναὶ
1673 2656 1750 2696 λῦγω.
1769 2657 1842 2694 ὑμῖν,

1023 2702 1066 2730 καὶ
1091 2700 1276 2740 περισσότερον
1300 2701 1448 2741 προφήτου.
1476 2700 1558 2733 Οὗτός
1585 2702 1642 2729 int
1667 2702 1726 2741 περὶ
1752 2702 1783 2730 οὗ

1022 2755 1147 2786 γραπται·
1178 2743 1244 2774 Ἰδού
1271 2744 1326 2784 εγὼ
1353 2744 1572 2774 άποστέλλωτὸν
1599 2745 1713 2785 ἄγγελόν
1729 2756 1780 2784 μου
1794 2747 1843 2784 πρὸ

1021 2791 1163 2831 προσώπου
1191 2800 1248 2827 σου,
1279 2789 1307 2822 ὃς
1321 2790 1512 2820 κατασκευάσει
1534 2790 1582 2824 τὴν
1597 2789 1656 2818 ὁδὸν
1676 2801 1725 2819 σου
1744 2789 1842 2829 ἔμπρο-

1020 2837 1078 2866 σθέν
1107 2845 1166 2866 σου,
1193 2834 1271 2874 Λέγω
1298 2834 1348 2874 γὰρ
1389 2835 1466 2873 δμῖυ,
1481 2834 1619 2874 Monii.
1635 2840 1840 2874 Wtcspu
