1933 3084
231 151 291 184 799
724 151 1022 184 THEOPHYLACTI
1045 151 1247 183 BULGARl/E
1269 153 1450 184 ARCHIEP.
1859 152 1902 186 8m

230 217 326 248 solum
339 221 371 249 ut
381 217 574 254 seminet,sed
587 217 833 249 exiitutseminet
843 227 947 249 semen
956 227 1038 249 suum

1124 219 1264 258 ιτακαύσῃ,
1290 219 1351 248 ἀλλ’
1375 220 1421 249 ’ίνα
1436 220 1531 261 σπείρῃ
1543 228 1553 238 ⁹
1569 219 1697 252 πολλάκις
1722 221 1773 260 γὰρ
1788 220 1902 262 ἐξέρχεται

230 262 371 302 Proprius
384 263 462 293 enim
472 263 535 302 ejus
546 266 590 293 est
603 272 701 293 sermo
713 263 900 303 doctrinae,et
910 272 966 294 non
976 263 1034 294 alie

1137 264 1256 303 γεωργὸς
1286 265 1331 292 καὶ
1359 264 1393 292 δι’
1419 264 1500 301 ἄλλα⁹
1529 265 1559 294 οὗ
1586 265 1667 303 μόνον
1695 264 1741 293 διὰ
1759 266 1791 294 τὸ
1802 273 1901 305 σπεῖραι,

228 307 453 346 nus.Prophetre
468 307 547 338 enim
564 316 748 348 quaecunque
764 307 935 343 dixerunt,e
945 307 1052 348 spiritu

227 350 375 390 dixerunt,
393 356 423 381 et
439 361 496 382 non
525 355 556 382 ut
586 352 704 391 propria
723 363 729 382 :
748 352 825 383 unde
845 356 874 382 et
888 351 1026 383 dixerunt
1043 363 1049 384 :

225 394 294 425 Harc
306 395 376 426 dicit
391 395 547 426 Dominus.
560 394 695 427 Christus
706 405 775 427 vero
792 396 944 436 proprium
963 396 1052 428 habet

226 440 457 476 semen,idcirco
470 450 528 472 non
540 440 658 472 dicebat
675 441 787 472 docens
801 451 807 470 z
826 441 893 472 Haec
906 441 977 472 dicit
989 442 1051 472 Do-

226 484 391 523 minus,sed
411 496 417 515 :
430 485 490 525 Ego
506 485 574 516 dico
589 485 864 517 vobis.Seminante
876 490 973 516 autem
985 486 1048 523 illo,

226 529 281 560 hoc
292 533 337 560 est
352 529 490 571 docente,
505 530 584 561 aliud
602 530 723 570 quidem
735 530 843 562 cecidit
857 531 937 562 circa
950 530 1026 562 viam
1041 541 1048 560 :

225 582 284 604 non
302 573 374 605 dixit
389 575 467 614 quod
484 575 872 615 projeceritseminans,sed
889 576 966 616 quod
977 575 1048 606 illud

223 618 377 650 ceciderit.
394 619 467 650 Nam
481 620 530 659 qui
543 620 683 661 seminat,
698 620 824 651 seminat
841 624 870 650 et
885 621 1049 654 docet.ser-

1096 311 1144 337 Τὸν
1166 308 1263 347 σπόρον
1286 308 1312 336 δὲ
1335 311 1414 339 αὐτοῦ
1435 308 1528 343 ἓξῆλθε
1552 316 1670 348 σπεῖραι.
1696 308 1787 341 "lato:
1866 312 1903 339 αὖ·

1093 353 1139 380 τοῦ
1165 353 1199 385 ἦν
1228 353 1242 381 ὸ
1270 352 1349 392 λόγος
1373 355 1421 386 τῆς
1437 353 1617 391 διδασκαλίας,
1640 355 1683 382 καὶ
1707 354 1757 383 οὐκ
1771 354 1902 394 ἀλλότριος.

1093 398 1123 425 Oi
1150 397 1197 434 μὲν
1227 398 1277 437 γὰρ
1304 401 1450 438 προφῆται,
1480 397 1531 426 ὅσα
1553 397 1656 437 ἔλεγον,
1679 400 1732 427 οῦκ
1747 398 1805 427 ἴδια
1818 399 1902 438 ἔλεγον,

1092 440 1160 483 ᾁλλᾶ
1181 446 1227 471 τοῦ
1246 443 1409 480 πνεύματος,
1441 443 1488 471 Διὸ
1516 442 1621 483 ἔλεγον,
1638 443 1706 473 Τάδε
1723 443 1800 483 λέγει
1815 444 1903 483 Κύριος.

1093 480 1123 514 ’0
1145 484 1171 513 δὲ
1201 487 1312 525 Χριστὸς
1340 486 1408 515 ἴδιον
1425 488 1490 526 εἶχε
1504 488 1550 515 τὸν
1569 480 1680 526 σπόρον.
1701 480 1814 516 Διὸοὸκ
1833 480 1905 526 arva

1091 529 1155 558 ὅταν
1171 529 1314 569 ἐδίδασκεν,
1332 531 1372 559 ὅτι
1384 531 1449 560 Τάδε
1463 531 1534 571 λέγει
1551 532 1656 571 Κύριος,
1671 530 1748 568 ἀλλ’,
1766 531 1837 571 Ἐγὼ
1850 531 1904 570 λέγω

1091 575 1166 611 ὑμῖν.
1188 573 1233 603 Ἐν
1254 579 1292 612 τῷ
1320 576 1435 614 σπείρειν
1457 575 1485 604 δὲ
1506 576 1596 616 αὐτὸν,
1619 576 1771 613 τουτέστιν,
1786 576 1813 604 ἐν
1828 580 1862 611 τῷ
1874 576 1904 603 δι-

1091 617 1207 655 δάσκειν,
1231 619 1297 648 ἄλλο
1313 620 1360 657 μὲν
1388 621 1466 648 ἔπεσε
1495 621 1567 659 παρὰ
1595 620 1646 653 τὴν
1675 619 1752 652 ὁδόν,
1779 622 1831 650 Οὔκ
1846 623 1905 649 sim:

224 672 271 693 mo
287 668 385 694 autem
402 663 481 695 cadit
492 664 523 695 in
536 664 743 696 audientes.Hi
753 669 849 696 autem
860 665 1038 695 inveniuntuz

1127 676 1134 690 ι
1165 663 1269 703 ἔρριψεν
1298 666 1312 692 ὃ
1339 665 1466 704 σπείρων,
1495 663 1555 693 ἁλλ’
1577 665 1672 693 ἔπεσεν
1698 664 1805 696 ἐκεῖνα.
1828 660 1854 694 ’0
1869 677 1905 702 μιν

224 716 292 739 esse
304 708 350 739 vel
364 708 418 746 via,
435 709 479 739 vel
498 713 590 749 petra,
607 709 653 740 vel
669 709 774 750 spinae,
791 710 834 740 vel
863 714 942 741 terra
959 709 1036 740 bona

1126 719 1140 747 p
1169 709 1281 746 σπείρων
1307 709 1406 748 σπείρει
1435 711 1479 738 καὶ
1507 708 1636 739 διδάσκει.
1664 705 1693 738 Ὀ
1723 709 1754 738 δὲ
1783 709 1859 749 λόγος
1878 711 1906 741 εἷς

223 752 368 783 Caeterum
381 753 536 794 discipulis
547 754 801 794 interrogantibus
813 754 1038 794 parabolam,di-

1124 754 1150 785 bc
1178 753 1322 786 ἀκούοντας
1351 754 1453 785 πίπτει,
1484 755 1561 783 Οὗτοι
1591 753 1618 782 δὲ
1634 755 1802 793 εὑρίσκονται
1817 754 1903 789 ﬁam,

223 797 263 828 cit
275 797 417 828 Dominus
431 807 437 830 :
455 798 547 829 Vobis
563 799 664 829 datum
686 803 729 829 est
745 799 824 830 scire
841 798 980 839 mysteria
996 808 1038 830 ret

1136 797 1230 837 πέτρα,
1260 798 1278 832 ἢ
1300 798 1411 837 ἄκανθα,
1440 798 1459 832 ἢ
1485 799 1571 838 ὁγαθὴ
1665 798 1808 838 Ἐρωτῶσι
1822 797 1903 829 δὶτοῖς

222 842 277 894 gni
291 841 355 893 Dei,
373 843 429 874 hoc
445 847 490 874 est
519 842 601 874 vobis
632 843 846 894 quaerentibus,
869 848 899 894 ut
914 843 1034 874 discatis

1124 844 1224 876 ιθηταϊς
1252 842 1302 876 τὴν
1330 841 1497 883 παραϐολὴν,
1521 844 1601 882 φησὶν
1622 844 1636 871 ὁ
1650 841 1763 882 Κύριος·
1783 839 1858 880 Ὑμῖν
1869 842 1903 870 δέ.

226 897 238 915 ι
256 886 361 918 Omnis
376 888 454 918 enim
465 888 515 928 qui
531 889 616 928 petit,
634 888 816 928 accipit-39.)
834 888 965 929 Reliquis
979 898 1038 919 vert

1124 897 1161 915 ται
1189 890 1288 926 γνῶναι
1310 887 1342 914 τὰ
1371 888 1503 926 μυστήρια
1530 888 1579 920 τῆς
1603 887 1744 925 βασιλείας
1767 887 1814 916 τοῦ
1841 891 1902 925 Θεσῖι,

221 931 271 972 qui
287 933 481 963 sacramentis
492 933 605 973 indigni
622 937 701 970 sunt,
716 933 844 964 obscure
860 933 1038 971 dicuntur,e‘

1124 931 1231 968 πέστιν,
1260 932 1324 968 ὑμῖν
1356 938 1415 963 τοῖς
1444 935 1552 967 ζητοῦσι
1583 933 1687 969 μαθεῖν.
1719 944 1733 959 ι
1757 935 1811 964 Πᾶς
1828 933 1902 971 γὰρό

221 976 387 1007 existimant
402 977 523 1018 quidem
539 987 571 1008 se
587 977 697 1016 videre,
723 979 774 1009 sed
804 988 862 1008 non
878 978 980 1009 vident
996 990 1002 1007 :
1017 982 1045 1008 et

220 1021 484 1062 audiuntquidem.
503 1023 555 1053 sed
571 1032 630 1053 non
647 1023 828 1064 intelligunt,
842 1026 932 1063 atque
943 1023 999 1054 hoc
1013 1023 1044 1054 in

219 1065 338 1098 illorum
363 1066 484 1098 bonum.
512 1067 556 1098 Ne
582 1067 661 1099 enim
689 1068 781 1108 magis
804 1068 1045 1099 condemnentur

220 1111 298 1151 quod
312 1112 427 1151 cognita
441 1113 580 1153 mysteria
595 1113 772 1152 spreverint,
789 1113 858 1144 ideo
873 1113 910 1143 ab
926 1112 985 1143 illis
1009 1122 1045 1144 ea

218 1154 350 1187 Christus
364 1155 530 1188 abscondit.
549 1156 602 1193 Qui
619 1157 697 1187 enim
710 1157 861 1197 cognoscit
873 1161 902 1188 et
913 1162 1045 1188 contem-

219 1200 274 1238 nit,
291 1201 426 1238 graviora
442 1205 578 1232 meretur
587 1202 743 1242 supplicia.

216 1257 260 1274 του
291 1246 379 1275 ἕνεκεν
415 1247 567 1287 ἀπέκρυψεν
595 1248 609 1275 ὁ
630 1250 741 1287 Χριστὸς
771 1248 817 1276 ἀπ’
848 1248 934 1277 αὐτῶν
957 1249 1051 1278 ταῦτα.

217 1292 359 1330 τιμωρίας.

257 1335 349 1366 Vens.
370 1335 471 1367 11-15.
490 1336 558 1366 «Est
569 1339 666 1366 autem
679 1336 742 1367 haec
758 1336 897 1377 parabola
911 1347 918 1367 :
932 1338 1038 1368 Semen

216 1384 261 1411 est
276 1389 375 1410 sermo
386 1379 450 1411 Dei.
463 1379 516 1416 Qui
532 1383 630 1410 autem
643 1381 727 1420 juxta
752 1381 844 1422 viain,
863 1382 891 1412 hi
908 1385 975 1412 sunt
990 1381 1039 1422 qui

215 1424 358 1456 audiunt:
372 1424 481 1455 deinde
496 1425 576 1455 venit
588 1424 723 1456 diabolus
738 1430 767 1456 et
783 1426 1038 1457 tollitsermonem

214 1468 252 1499 de
268 1469 359 1500 corde
375 1477 489 1506 eorum,
508 1479 545 1500 ne
560 1470 717 1500 credentes
733 1471 975 1502 serventur.Nam
989 1471 1039 1510 qui

215 1522 306 1553 super
337 1517 463 1553 petram,
479 1513 509 1544 hi
538 1520 607 1545 sunt
629 1515 678 1555 qui
699 1523 765 1546 cum
795 1515 954 1555 audierint,
971 1525 1038 1546 cum

213 1558 319 1597 gaudio
335 1557 500 1598 suscipiunt
512 1564 726 1597 Sermonem,et
739 1559 768 1590 bi
782 1559 898 1590 radices
915 1568 973 1590 non
983 1560 1037 1590 ha-

213 1601 348 1650 bent,qui
360 1602 401 1650 ad,
413 1606 530 1650 tempus
544 1603 682 1650 credunt,
697 1608 726 1650 et
742 1604 771 1634 in
788 1608 1036 1650 temporertenta-r
1047 1626 1066 1650 ο

214 1647 302 1678 tionis
314 1647 470 1678 recedunt.
494 1647 577 1684 Quod
594 1652 692 1679 autem
709 1648 738 1680 in
753 1650 853 1688 spinas
870 1649 987 1685 cecidit,
1006 1649 1036 1680 hi

213 1697 281 1723 snut
293 1692 343 1732 qui
358 1692 560 1729 audierunt,et
575 1703 591 1724 a
606 1694 860 1725 sollicitudinibus
885 1699 915 1725 et
926 1694 1036 1725 divitiis

212 1747 247 1769 ac
260 1737 458 1778 voluptatibus
471 1737 534 1768 vitae
549 1742 665 1776 euntes,
683 1739 876 1777 suffocantnr,
895 1739 965 1769 525
981 1748 1036 1770 nec

212 1783 344 1814 referunt
357 1781 586 1818 fructquuod
601 1787 700 1815 autem
716 1783 746 1814 in
764 1784 869 1814 bonam
881 1784 1036 1821 terram,hi

212 1831 281 1858 sunt
296 1827 345 1868 qui
357 1827 387 1858 in
404 1827 494 1858 corde
511 1827 635 1858 honesto
652 1837 687 1858 ac
699 1828 777 1859 bono
797 1829 952 1860 audientes
969 1838 1036 1859 ser—

213 1881 331 1903 monem
348 1871 488 1911 retinent,
507 1876 535 1902 et
550 1871 676 1902 fructum
691 1872 819 1903 atterunt
841 1882 894 1913 per
919 1873 1036 1913 patien-

211 1916 290 1947 tiam.
312 1928 324 1944 ι
338 1915 412 1947 Tres
428 1916 476 1946 hic
490 1916 610 1946 ordines
626 1925 729 1947 eorum
742 1922 811 1947 sunt
828 1917 879 1957 qui
897 1927 954 1948 non
970 1926 1036 1948 ser—

209 1960 402 1993 vantur.Nam
421 1960 451 1991 hi
467 1960 515 2000 qui
532 1970 619 1991 secus
635 1962 722 1999 Viam,
750 1962 923 2002 neutiquam
939 1961 1037 1993 susci-

210 2007 292 2046 piunt
318 2014 487 2036 sermonem
507 2015 514 2043 ;
545 2005 624 2035 sicut
648 2006 725 2036 enim
748 2007 794 2037 via
821 2007 994 2038 conculcata
1010 2011 1039 2037 et

214 2051 378 2091 constipata
394 2059 497 2080 semen
512 2059 569 2080 non
586 2050 719 2091 suscipit,
738 2061 773 2082 ro
799 2052 875 2092 quod
893 2052 967 2083 dura
986 2052 1036 2086 sit,

211 2096 250 2126 ita
266 2099 294 2126 et
314 2094 452 2125 obdurati
474 2094 564 2125 corde
590 2103 759 2126 sermonem
785 2106 844 2126 non
874 2097 1038 2136 suscipiunt

211 2140 299 2171 etiam
313 2138 466 2170 audientes
481 2149 487 2168 :
508 2148 566 2170 non
582 2140 738 2170 attendunt
759 2141 851 2173 enim.
869 2144 903 2171 At
918 2142 967 2182 qui
985 2151 1038 2182 per

210 2189 324 2225 petram
342 2183 559 2224 intelliguntur,
575 2184 744 2225 suscipiunt
764 2186 896 2226 quidem,
908 2186 960 2217 sed
978 2196 1038 2226 pra:

210 2229 381 2260 inﬁrmitate
406 2229 535 2259 humana
560 2229 590 2259 in
618 2230 830 2261 tentationibus
841 2235 1036 2262 marcescunt.

208 2274 302 2305 Tertii
318 2278 386 2304 sunt
400 2274 448 2314 qui
464 2283 530 2304 cum
544 2273 719 2306 audiverunt
731 2280 1038 2316 etsusceperunt,pr:ze

209 2318 288 2350 curis
301 2318 371 2349 vitae
397 2317 484 2358 hujus
509 2318 703 2351 suifocantur.
729 2319 821 2360 Igitur
837 2324 897 2351 tres
915 2321 1035 2360 quidem

209 2367 307 2405 partes
322 2372 425 2393 eorum
442 2367 510 2393 sunt
525 2363 575 2404 qui
592 2368 730 2403 pereunt,
749 2374 807 2396 una
822 2369 917 2396 autem
932 2374 1034 2395 eorum

208 2409 259 2449 qui
275 2408 434 2439 salvantur.
454 2408 496 2439 lla
511 2409 596 2449 pauci
611 2409 732 2449 quidem
753 2414 822 2440 sunt
847 2410 897 2450 qui
913 2419 1035 2440 servan-

209 2458 267 2494 tur,
281 2453 380 2493 plures
398 2459 496 2484 autem
508 2453 558 2494 qui
582 2459 719 2494 pereunt.
737 2454 811 2486 Vide
827 2455 896 2485 item
914 2463 981 2484 cum
999 2454 1036 2485 de

208 2499 254 2530 his
270 2498 320 2539 qui
331 2498 522 2533 suffocantur,
547 2499 689 2539 loquitur,
712 2501 860 2540 quomodo
878 2509 936 2529 non
953 2499 1033 2535 dicit,

207 2543 285 2584 quod
303 2551 363 2582 pra;
378 2542 488 2573 divitiis
504 2543 700 2580 sutl‘ocentur,
718 2543 769 2573 sed
783 2553 845 2582 prae
862 2545 940 2573 curis
957 2542 1033 2573 divi-

209 2588 315 2618 tinrum
325 2591 353 2617 et
364 2587 694 2619 sollicitudinibus.Non
706 2587 785 2618 enim
793 2587 902 2617 divitia:
913 2591 1031 2625 nocent,

208 2633 259 2664 sed
271 2632 489 2663 sollicitudines
504 2641 616 2663 earum.
635 2632 720 2663 Multi
732 2633 810 2663 enim
828 2641 933 2671 magna
948 2642 1033 2662 com-

210 2677 296 2707 moda
312 2686 347 2707 ex
363 2676 473 2707 divitiis
486 2675 735 2716 percipiunt,il|as
751 2676 780 2706 in
792 2685 953 2716 pauperum
968 2685 1034 2706 ven-

209 2725 269 2752 tres
281 2720 483 2761 projicientes.
499 2720 660 2752 Considera
675 2729 792 2762 quoque
809 2724 837 2751 et
850 2720 1032 2761 diligentiam

247 2799 275 2822 39
289 2798 390 2830 Matth.
406 2808 458 2837 vn,
475 2800 506 2831 8.

1087 977 1178 1013 αἰτῶν,
1208 975 1336 1014 λαμϐάνει
1354 983 1362 991 ⁸
1385 988 1395 1003 ι
1425 983 1484 1008 τοῖς
1511 975 1539 1003 δὲ
1560 975 1669 1007 λοιποῖς
1698 983 1761 1009 τοῖς
1784 977 1822 1014 μὴ
1837 975 1903 1008 ἀξίοις

1085 1022 1142 1048 οὖσι
1169 1023 1223 1048 τῶν
1255 1021 1417 1059 μυστηρίων,
1457 1024 1599 1052 σκοτεινῶς
1622 1020 1763 1060 λέγονται,
1792 1021 1834 1049 καὶ
1865 1020 1902 1049 δο-

1087 1069 1160 1093 κοῦσι
1190 1065 1238 1103 μὲν
1266 1065 1386 1105 βλέπειν,
1417 1065 1446 1094 οὗ
1476 1064 1603 1104 βλέπουσι
1632 1064 1660 1093 δέ
1677 1074 1686 1083 ·
1721 1067 1768 1094 καὶ
1795 1065 1902 1094 ἀκούωσι

1087 1110 1148 1150 μὲν,
1171 1111 1201 1138 οὐ
1225 1113 1339 1138 συνιοῦσι
1360 1109 1400 1150 δὲ,
1431 1111 1474 1138 καὶ
1512 1114 1590 1139 τοῦτο
1621 1111 1657 1142 εἷς
1687 1110 1837 1150 εὐεργεσίαν
1862 1111 1900 1139 αὖ·

1087 1155 1152 1184 τῶν.
1184 1149 1247 1183 ΗΙνα
1277 1155 1328 1194 γὰρ
1356 1149 1397 1192 μὴν
1422 1154 1503 1183 πλέον
1526 1149 1739 1194 κατακριθῶσιν,
1753 1156 1791 1186 ὡς
1806 1155 1867 1192 μετὰ
1877 1155 1899 1181 τὸ

1087 1200 1184 1240 γνῶναι
1213 1199 1245 1227 τὰ
1274 1200 1406 1238 μυστήρια
1448 1200 1697 1240 καταφρονήσαντες
1728 1199 1827 1239 αὗτῶν,
1848 1199 1897 1227 τού-

1081 1240 1111 1274 Ὀ
1140 1245 1191 1284 γὰρ
1216 1244 1306 1284 γνοὺς,
1336 1244 1398 1273 εἶτα
1425 1245 1640 1285 καταφρονήσας,
1671 1244 1821 1284 βαρυτέρας
1841 1243 1897 1276 ἄξιος

1124 1344 1137 1363 α
1160 1333 1247 1363 ’Ἔστι
1265 1332 1292 1361 δὲ
1320 1332 1387 1367 αὕτη
1413 1334 1431 1368 ἡ
1460 1332 1614 1372 παραϐολὴ,
1632 1329 1661 1363 ιΟ
1678 1334 1782 1372 σπόρος
1808 1333 1897 1362 {alii

1080 1378 1159 1418 λόγος
1175 1382 1221 1407 τοῦ
1251 1382 1327 1409 θεολ.
1351 1379 1381 1407 Οἱ
1402 1377 1430 1406 δὲ
1453 1379 1525 1418 παρὰ
1547 1380 1598 1412 τήν
1613 1377 1686 1415 ὁδὸν,
1711 1379 1777 1406 εἰσὶν
1794 1379 1817 1407 οἱ
1830 1377 1899 1406 ἀκού-

1081 1435 1167 1461 οντες,
1198 1424 1261 1452 εἶτα
1290 1422 1397 1463 ἔρχεται
1426 1424 1440 1451 ὁ
1471 1421 1596 1454 διάϐολος
1617 1423 1662 1451 καὶ
1683 1422 1759 1461 αἴρει
1774 1424 1818 1451 τὶν
1832 1422 1898 1461 λόγον

1081 1469 1133 1497 ἆπὶι
1160 1470 1210 1501 τῆς
1235 1467 1340 1508 καρδίας
1370 1469 1468 1507 αὐτῶν,
1498 1468 1545 1496 ’ίνα
1574 1469 1613 1505 μὴ
1642 1468 1832 1499 πιστεύσαντες
1858 1478 1898 1495 σω-

1079 1515 1171 1544 θῶσιν.
1199 1513 1228 1541 Ol
1254 1511 1282 1540 δὲ
1310 1512 1353 1541 ἐπὶ
1381 1514 1431 1547 τῆς
1467 1512 1576 1552 πέτρας,
1614 1519 1643 1541 οἶ
1680 1513 1746 1540 ὅταν
1768 1513 1895 1547 ἀκούσωσι,

1081 1559 1149 1597 μετὰ
1176 1561 1262 1598 χαρᾶς
1284 1556 1409 1597 δέχονται
1435 1558 1481 1586 τὸν
1503 1557 1596 1597 λόγον,
1621 1559 1666 1585 καὶ
1683 1557 1758 1586 οὗτοι
1774 1557 1842 1596 ῥίζαν
1861 1557 1897 1584 οὐχ

1081 1603 1201 1644 ἔχουσιν,
1234 1603 1261 1631 οἳ
1291 1604 1357 1641 πρὸς
1388 1603 1479 1642 καιρὸν
1509 1602 1674 1642 πιστεύουσι,
1703 1603 1752 1631 καὶ
1781 1602 1808 1630 ἐν
1828 1603 1896 1639 καιρῷ

1078 1653 1225 1686 πειρασμοῦ
1247 1647 1412 1686 ἀφίστανται.
1441 1648 1477 1676 Τὸ
1505 1646 1533 1675 δὲ
1557 1648 1594 1678 εἰς
1609 1647 1657 1677 τὰς
1672 1646 1791 1679 ἀκάνθας
1818 1646 1895 1681 πεσὸν,

1079 1693 1149 1721 οὗτοί
1178 1693 1243 1720 εἰσιν
1272 1693 1295 1720 οἱ
1330 1691 1502 1728 ἀκούσαντες,
1538 1692 1582 1720 καὶ
1619 1692 1670 1720 ὑπὸ
1701 1694 1839 1731 μεριμνῶν
1861 1690 1895 1718 καὶ

1079 1737 1194 1767 πλούτου
1222 1737 1266 1765 καὶ
1297 1736 1398 1771 ἡδονῶν
1428 1737 1475 1764 τοῦ
1509 1737 1568 1775 βίου
1595 1736 1773 1776 πορευόμενοι
1795 1735 1896 1773 συμπνέ-

1079 1793 1182 1822 γονται,
1206 1782 1250 1810 καὶ
1279 1781 1309 1809 οὒ
1329 1784 1527 1821 τελεσφοροῦσι,
1559 1781 1594 1811 Τὸ
1615 1780 1644 1809 δὲ
1669 1781 1697 1809 ἐν
1713 1785 1750 1820 τῇ
1765 1780 1833 1819 καλῇ
1857 1782 1894 1817 γῇ,

1079 1829 1149 1855 οὗτοι
1179 1827 1243 1854 εἰσιν
1282 1826 1381 1857 οἵτινες
1421 1826 1449 1853 ἐν
1489 1825 1582 1865 καρδίᾳ
1624 1825 1693 1864 καλῇ
1725 1827 1771 1854 καὶ
1811 1825 1893 1864 ἁγαθῇΥ

1079 1872 1239 1903 ἀκούσαντες
1267 1871 1313 1899 τὸν
1338 1870 1431 1909 λόγον,
1454 1870 1600 1911 κατέχουσι
1625 1871 1670 1898 καὶ
1697 1879 1894 1909 καρποφορουσιν

1079 1918 1108 1945 ὲν
1136 1918 1271 1954 ὑπομονῇ.
1298 1928 1310 1945 ιι
1343 1921 1421 1952 Τρεῖς
1437 1915 1522 1948 τάξεις
1542 1917 1593 1943 εἶσὶ
1616 1918 1670 1943 τῶν
1689 1915 1730 1953 μὴ
1752 1913 1895 1952 σωζομένων

1079 1961 1200 1992 ἐνταῦθα.
1228 1962 1258 1989 Οἱ
1287 1959 1335 1995 μὲν
1364 1960 1414 1999 γὰρ
1436 1960 1507 1998 παρὰ
1528 1960 1578 1994 τὴν
1600 1959 1671 1996 ὁδὸν,
1702 1961 1727 1988 οἱ
1753 1958 1818 1998 μηδ’
1837 1957 1894 1987 ὅλως

1081 2005 1290 2045 παραδεξάμενοι
1312 2005 1357 2032 τὸν
1379 2004 1471 2043 λόγον,
1487 2004 1593 2044 ’Ὥσπερ
1621 2005 1672 2044 γὰρ
1694 2005 1711 2038 ἡ
1727 2003 1799 2039 δ’δὸς,
1822 2012 1894 2030 κατα-

1080 2049 1258 2088 πεπατημὲνη
1300 2049 1343 2077 καὶ
1384 2048 1611 2086 συμπεπιλημένη
1655 2050 1684 2078 οὗ
1727 2048 1834 2089 δέχεται
1858 2047 1894 2074 τὸν

1079 2106 1189 2135 σπορον,
1213 2096 1250 2126 ὡς
1273 2093 1376 2132 σγληρὰ
1397 2098 1472 2131 οὖσα,
1503 2093 1573 2122 οὕτω
1597 2094 1642 2122 καὶ
1664 2094 1687 2121 οἱ
1704 2089 1892 2133 σκληροκάρδιοι

1079 2139 1132 2168 οὔδ’
1149 2139 1218 2171 ὅλως
1246 2137 1443 2178 παραδέχονται
1469 2139 1515 2166 τὸν
1544 2137 1637 2177 λόγον,
1653 2137 1703 2166 κᾶν
1725 2138 1848 2173 ἀκούωσι,
1861 2135 1892 2172 μὴ

1079 2185 1269 2224 προσέχοντες.
1300 2184 1330 2212 Ol
1356 2183 1383 2210 δὲ
1412 2184 1482 2222 παρὰ
1506 2184 1555 2217 τὴν
1582 2183 1693 2222 πέτραν,
1723 2184 1748 2211 οἱ
1774 2181 1891 2218 δεξάμενοι

1079 2231 1141 2268 μὲν,
1158 2230 1220 2257 εἶτα
1235 2228 1285 2256 ὑπὸ
1314 2227 1446 2260 ἀσθενείας
1472 2227 1638 2267 ἀνθρωπίνης
1660 2235 1721 2260 τως
1747 2230 1892 2266 πειρασμοῖς

1079 2272 1350 2312 ὑπομαλακισθέντες.
1395 2273 1482 2311 Τρίτοι
1523 2272 1562 2309 δέ,
1600 2273 1625 2300 ol
1654 2273 1826 2309 ἀκούσαντες,
1856 2268 1891 2296 καὶ

1081 2320 1130 2347 ὕπὸ
1160 2321 1293 2358 μεριμνῶν
1322 2318 1368 2345 τοῦ
1404 2317 1462 2355 βίου
1498 2317 1720 2356 συμπνιγόμενοι.
1753 2322 1828 2356 Τρεῖς
1852 2313 1891 2351 μὲν

1078 2368 1122 2392 οῦν
1151 2362 1253 2403 μερίδες
1275 2361 1324 2390 εἰσὶ
1364 2364 1418 2389 τῶν
1447 2360 1650 2400 ἀπολλυμένων,
1682 2363 1730 2400 μία
1751 2361 1780 2390 δὲ
1806 2361 1822 2394 ἡ
1847 2360 1889 2386 τῶν

1078 2407 1258 2445 σωζομένων·
1292 2405 1373 2437 οὕτως
1405 2405 1492 2444 ὀλίγοι
1521 2407 1570 2442 μέν
1595 2407 1661 2434 εἰσιν
1691 2408 1715 2435 οἱ
1744 2405 1888 2442 σωζόμενα,

1078 2453 1183 2484 πλείους
1206 2451 1232 2480 δὲ
1255 2454 1278 2480 οἱ
1299 2449 1494 2488 ἀπολλύμενοι,
1520 2446 1595 2490 UOptat
1619 2450 1647 2478 δὲ
1663 2450 1707 2479 ἐπὶ
1722 2453 1776 2479 τῶν
1788 2458 1886 2486 συμπνι-

1077 2498 1208 2537 γομένων,
1238 2499 1296 2528 πῶς
1329 2498 1377 2525 οὐκ
1399 2497 1476 2524 εἶπεν
1503 2496 1543 2524 ὅτι
1571 2496 1622 2524 ὑπὸ
1645 2499 1692 2524 τοῦ
1706 2495 1818 2524 πλούτου
1831 2502 1886 2528 συμ-

1075 2535 1224 2581 πνίγονται,
1257 2539 1316 2568 ἀλλ’
1337 2541 1390 2568 ὑπὸ
1418 2543 1470 2568 τῶν
1499 2543 1636 2580 μεριμνῶν
1665 2544 1713 2570 τοῦ
1728 2539 1844 2568 πλούτου.
1859 2535 1886 2564 0'3

1075 2588 1125 2626 γὰρ
1152 2588 1165 2615 ὁ
1195 2585 1308 2618 πλοῦτος
1344 2584 1470 2622 βλάπτει,
1503 2584 1563 2613 ἀλλ’
1589 2586 1615 2613 αἱ
1645 2584 1771 2624 μέριμναι
1798 2582 1884 2612 τούτου·

1076 2631 1148 2660 Ἐπεὶ
1171 2631 1266 2659 πολλοὶ
1295 2631 1345 2657 ὑπὸ
1369 2633 1414 2657 τοῦ
1429 2628 1545 2660 πλούτου
1570 2628 1765 2670 ὠφελήθησαν,
1780 2629 1884 2667 ῥίψαντες

1076 2677 1152 2704 αὐτὸν
1175 2676 1210 2708 εἰς
1238 2675 1285 2706 τὰς
1314 2677 1368 2702 τῶν
1383 2674 1506 2708 πενήτων
1523 2674 1668 2714 γαστέρας.
1685 2674 1786 2702 Σκόπει
1801 2672 1824 2701 δέ
1847 2679 1883 2714 μοι

1075 2722 1118 2750 καὶ
1145 2721 1193 2755 τὴν
1223 2718 1356 2759 ἀκρίϐειαν
1378 2730 1424 2747 του
1450 2718 1653 2759 εὐαγγελιστοῦ,
1690 2721 1749 2750 πῶς
1771 2718 1817 2759 ἔφη
1836 2713 1883 2752 περὶ
