1933 3084
65 153 124 188 797
430 155 652 187 ENARRATIO
674 156 715 188 IN
739 155 990 187 EVANGELIUM
1014 157 1132 187 Ll'C/E.
1152 173 1191 179 —
1214 157 1295 188 CAP.
1320 154 1399 188 VIII.
1698 153 1757 186 798

67 214 108 252 UA
125 224 176 263 γὰρ
200 225 247 253 οὐκ
268 223 354 263 εἶδον,
377 227 434 256 πῶς
457 223 488 252 ἂν
510 222 661 263 ἐκήρυξανς
693 223 741 251 Διὰ
755 226 830 251 τοῦτο

992 233 995 249 ι
1013 226 1096 261 pacto
1113 222 1324 262 praedicassent
1336 223 1349 253 ?
1363 224 1524 264 Propterea
1538 227 1568 254 et
1587 224 1755 255 Prmcursor

66 269 80 297 ὁ
96 268 248 308 Πρόδρομος
266 268 366 308 ἔλεγεν·
387 264 416 298 ’0
431 269 469 297 ὢν
484 268 514 296 ἐκ
528 271 577 302 τῆς
593 269 656 307 γῆς,
673 268 703 296 ἐκ
713 268 760 302 τῆς
775 268 825 306 γῆς

990 267 1070 297 ebat:
1084 267 1187 304 Quide
1199 272 1277 299 terra
1287 267 1385 306 est,de
1410 272 1490 299 terra
1504 267 1635 309 loquitur
1650 278 1657 298 :
1673 268 1723 308 qui
1739 277 1753 298 e

65 312 121 344 λεϊ.
139 308 168 342 ι0
183 312 210 341 δὲ
222 313 320 342 ἄνωθεν
334 313 492 353 ἐρχόμενος,
509 313 523 340 ὂ
538 313 638 352 ἑώρακε
654 319 792 352 μαρτυρεῖ.
811 311 828 340 Ὶ

993 312 1073 342 ernis
1088 312 1178 352 venit,
1197 312 1254 353 qod
1271 313 1343 343 vidit
1367 317 1501 345 testatur.
1527 308 1641 344 secuta
1657 317 1753 343 autem

65 356 175 386 λούθων
189 357 216 386 δὲ
238 359 310 394 αὐτῷ
337 358 380 386 καὶ
409 363 546 396 γυναῖκες,
574 357 620 385 ’ἵνα
637 357 762 395 μάθωμεν
776 358 813 388 ὡς
835 355 892 385 οὒδὲ

63 403 96 430 τὸ
105 402 172 436 θῆλυ
186 401 315 431 κωλύεται
328 403 378 430 ὑπὸ
394 404 443 435 τῆς
460 402 593 434 ἀσθενείας
609 402 764 430 ἀκολουθεῖν
780 406 817 439 τῷ
832 405 893 441 Χρι-

65 452 131 484 στῷ.
150 447 219 486 ’Ὅρα
233 446 261 475 δὶ
275 450 333 478 πῶς
349 447 394 475 καὶ
408 446 531 474 πλούσιαι
547 448 620 474 οὖσαι
632 446 706 483 ὅμως
721 446 807 475 πάντα
822 458 892 486 παρ-

64 490 150 532 εῖδον,
173 493 218 520 καὶ
238 492 288 525 τὴν
310 491 352 520 διὰ
373 492 486 531 Χριστὸν
506 491 550 519 καὶ
583 491 650 529 μετὰ
682 493 793 530 Χριστοῦ
815 503 892 520 πτω-

64 537 144 576 χείαν
159 536 278 568 εἴλοντο,
303 531 366 565 ’Ότι
397 536 447 575 γὰρ
469 535 592 564 πλούσιαι
607 535 688 571 ἦσαν,
707 534 785 564 ἄκούε
800 545 806 551 “
826 531 892 564 ’Ὀτι

63 580 203 614 διηκόνουν
231 583 270 618 τῷ
305 580 389 619 Κυρίῳ
417 580 471 608 ἀπὸ
512 583 566 609 τῶν
593 580 769 620 ὑπαρχόντων
798 581 892 612 αὑταῖς

62 627 108 654 καὶ
131 627 179 655 οὒκ
192 626 246 654 ἀπὸ
267 626 346 658 ξένων
367 625 517 665 χρημάτων
543 625 588 653 καὶ
611 624 718 653 ἀδικιῶν
734 626 770 657 ὡς
785 625 890 654 πολλοί.

63 671 99 700 Τὸ
122 669 162 711 δὲ,
179 670 223 710 ἀφ’
251 671 283 704 ἧς
299 669 450 704 ἐξεληλύθει
465 669 588 707 δαιμόνια
611 670 690 709 ἑπτὰ,
707 670 777 701 τινὲς
800 670 848 708 μὲν
863 671 893 698 τὸ

61 715 151 744 πολλὰ
179 720 278 747 νοοῦσι,
304 715 377 754 Παρὰ
404 718 439 752 τῇ
476 717 566 754 Γραφῇ
594 714 644 754 γὰρ
677 715 708 742 τὸ
735 714 814 750 ἑπτὰ,
837 712 893 743 ἀντὶ

62 761 109 788 τοῦ
137 759 237 800 πολλὰ,
268 758 476 797 ἑκλαμϐάνεται.
491 759 570 798 Τάχα
585 758 612 787 δέ
637 770 677 790 τις
698 758 770 788 εἴποι
793 759 836 800 ἂν,
852 760 892 788 ὃτι

61 805 153 844 ὥσπερ
183 806 246 834 εἰσὶν
268 804 336 833 ἑπτα
357 804 495 842 πνεύματα
517 803 566 837 τῆς
590 803 698 844 ἀρετῆς,
729 803 812 837 οὕτως
829 805 892 833 εἰσὶν

60 849 92 878 ἐκ
120 853 167 878 τοῦ
195 849 312 878 ἓναντίου
342 849 409 877 ἑπτὰ
437 848 576 886 πνεύματα
611 851 660 882 τῆς
694 849 800 880 κακίας,
824 849 890 878 Οἶόν

59 893 118 922 ἔστι
148 897 252 932 πνεῦμα
294 892 376 934 φόϐου
422 896 498 929 Θεοῦ,
538 892 609 921 ἔστιν
637 893 667 921 ἐκ
695 897 741 921 τοῦ
776 893 891 922 ἇναντίου

59 942 166 976 πνεῦμα
195 937 305 978 ἀφοϐίας
328 942 405 976 Θεοῦ,
438 938 494 966 ἔστι
525 937 628 975 πνεῦμα
656 938 797 978 συνέσεως,
820 937 891 966 ἔστιν

59 984 242 1024 ἀντιστρόφως
285 987 390 1021 πνεῦμα
432 982 582 1018 ἀσυνεσίας,
618 983 663 1011 καὶ
699 981 820 1016 καθεξῆς.
862 984 891 1011 Εἰ

59 1028 100 1066 μὴ
130 1031 193 1067 γοῦν
222 1027 364 1062 ἐκϐληθείη
393 1028 426 1056 τὰ
462 1027 530 1056 ἑπτὰ
566 1031 648 1056 ταῦτα
676 1027 812 1065 πνεύματα
840 1031 889 1061 τῆς

57 1073 154 1106 κακίας
183 1073 236 1101 ἀπὸ
264 1075 314 1106 τῆς
335 1075 441 1112 ψυχῆς,
473 1073 502 1100 οὖ
530 1071 636 1100 δύναταί
664 1082 705 1103 τις
735 1071 889 1101 ἀκολουθεῖν

56 1120 98 1153 τῷ
121 1121 238 1156 Χριστῷ.
271 1123 319 1146 Δεῖ
345 1118 395 1157 γὰρ
417 1116 544 1146 ἔκϐαλεῖν
569 1119 673 1156 πρῶτον
688 1117 734 1145 τὸν
756 1120 887 1155 Σατανᾶν,

56 1163 104 1190 καὶ
119 1161 203 1193 οὕτως
217 1163 342 1191 ἓνοικίσαι
359 1163 405 1190 τὸν
428 1162 551 1202 Χριστόν,

104 1218 117 1234 ι
135 1206 274 1239 Συνιόντος
303 1206 330 1235 δὲ
352 1206 437 1247 ὄχλου
459 1205 570 1243 πολλοῦ,
599 1207 709 1234 καὶτῶν
726 1206 794 1235 κατᾶ
809 1206 886 1235 πόλιν

58 1251 293 1289 ἐπιπορευομένων
321 1252 387 1291 πρὸς
416 1252 505 1289 αυτὸν,
535 1254 596 1280 εἷπε
633 1250 674 1279 διὸ
705 1250 859 1290 παραϐολῆς
877 1261 884 1268 ·

57 1296 189 1330 Ἐξῆλθεν
215 1298 228 1324 ὁ
258 1297 371 1336 σπείρων
394 1300 440 1326 τοῦ
475 1303 583 1336 σπεῖραι
612 1297 658 1324 τὸν
679 1296 777 1336 σπόρον
795 1298 884 1326 αὺτοῦ.

54 1340 111 1372 Καὶ
141 1341 168 1369 ἐν
197 1345 234 1378 τῷ
263 1342 379 1381 σπείρειν
409 1341 499 1381 αὑτὸν,
531 1342 545 1369 ὂ
570 1341 619 1378 μὲν
641 1340 719 1369 ἔπεσε
741 1342 811 1380 παρὰ
837 1343 887 1375 τὴν

53 1385 130 1422 ὁδὸν,
163 1387 207 1414 καὶ
234 1387 419 1423 κατεπατήθη,
455 1387 500 1414 καὶ
523 1387 554 1414 τὰ
590 1386 697 1414 πετεινὰ
717 1385 764 1414 τοῦ
779 1386 887 1426 οὖραίοῦ

53 1431 208 1471 κατέφαγεν
224 1431 287 1460 wind
301 1439 307 1446 '
327 1432 371 1460 καὶ
398 1431 486 1470 ἕτερον
517 1431 611 1459 ἔπεσεν
640 1431 683 1459 ἐπὶ
705 1431 754 1464 τὴν
776 1431 887 1470 πέτραν,

51 1477 100 1504 καὶ
122 1479 184 1516 φυὲν
211 1475 339 1514 ἐξηράνθη
367 1475 409 1504 διὰ
437 1477 468 1504 τὸ
499 1476 538 1513 μὴ
581 1475 656 1516 ἔχειν
684 1474 782 1513 ἰκμάδα
800 1485 806 1492 ·
842 1474 886 1504 καὶ

51 1521 147 1560 ἕτερον
162 1520 256 1549 ἔπεσεν
291 1521 319 1549 ἐν
348 1520 423 1558 μέσῳ
450 1521 503 1548 τῶν
518 1521 649 1560 ἀκανθῶν,
665 1521 710 1548 καὶ
725 1525 886 1560 συμφυεϊσαι

935 360 1003 387 sunt
1017 365 1084 387 eum
1102 356 1256 396 mulieres,
1274 358 1412 389 utdiscas
1423 359 1501 399 quod
1516 367 1613 399 neque
1629 358 1755 389 feminas

934 410 988 431 sua
1002 401 1158 432 inﬁrmitas
1173 411 1190 432 a
1205 402 1347 434 comitatu
1374 403 1482 435 Christi
1499 403 1663 444 prohibeat.
1681 401 1755 433 Vide

934 444 1005 476 item
1020 448 1169 486 quomodo
1186 451 1215 478 et
1230 454 1296 487 Quae
1310 448 1417 480 divites
1434 453 1529 488 erant,
1544 448 1684 479 omnibus
1698 456 1752 479 ne-

934 490 1039 529 glectis
1064 495 1269 531 paupertatem
1298 502 1364 523 cum
1382 493 1498 524 Christo
1526 498 1554 525 et
1569 503 1621 534 pro
1637 492 1753 524 Christo

935 534 1114 574 delegerint.
1133 537 1206 567 Nam
1223 537 1300 577 quod
1323 538 1430 570 divites
1444 539 1568 576 fuerint,
1585 538 1666 578 audi,
1681 537 1755 573 Quia

935 579 1144 612 ministrarunt
1160 581 1286 612 Domino
1302 582 1339 613 de
1354 583 1541 614 facultatibus
1556 584 1628 623 suis,
1640 592 1700 613 non
1717 582 1754 612 de

933 624 1040 655 olienis
1048 625 1154 665 opibus
1165 631 1194 657 et
1205 626 1314 666 injuste
1329 628 1477 668 partis,uti
1486 629 1569 659 multi
1580 628 1753 659 soleutJam

935 678 988 709 per
1002 674 1115 709 septem
1132 670 1288 709 dzemonia,
1306 682 1370 712 quae
1395 673 1433 704 de
1449 673 1499 704 illa
1515 673 1609 713 ejecta
1621 673 1752 708 fuerunt,

934 713 1056 759 quidam
1069 714 1238 754 intelligunt
1258 717 1359 749 multa.
1376 717 1408 748 In
1425 718 1587 759 Scripturis
1601 719 1679 750 enim
1701 727 1753 757 pro

935 758 1035 789 multis
1046 763 1161 799 septem
1174 761 1270 802 accipi
1279 762 1365 794 solet.
1383 758 1527 794 FortasSis
1536 767 1634 794 autem
1647 762 1755 793 dixerit

933 804 1009 844 quis,
1026 805 1104 844 quod
1121 806 1194 836 sicut
1208 810 1277 837 sunt
1293 812 1407 848 neptem
1425 808 1546 848 spiritus
1568 808 1694 848 virtutis,
1715 808 1755 838 ita

933 851 1002 879 sunt
1016 857 1031 878 e
1042 849 1158 880 diverso
1169 855 1284 891 septem
1296 852 1418 892 spiritus
1430 851 1561 887 malitia;
1571 856 1603 883 ut
1617 853 1693 884 sicut
1709 856 1755 883 est

903 911 922 936 Β
933 892 1055 933 spiritus
1071 893 1186 938 timoris
1201 895 1265 932 Dei,
1279 896 1319 926 ita
1331 901 1362 927 ut
1378 906 1394 928 e
1410 897 1528 928 diverso
1542 896 1662 938 spiritus
1678 906 1753 927 con-

933 942 1060 979 temptus
1074 937 1127 969 Dei
1143 943 1172 970 et
1186 939 1359 980 impietatis.
1373 942 1424 972 Est
1435 937 1751 981 spiritus’intellectus.

932 987 1003 1014 este
1016 983 1132 1016 diverso
1147 985 1269 1026 spiritus
1282 987 1473 1018 hebetudinis
1483 987 1635 1019 intellectu
1645 997 1752 1019 caren-

933 1028 1014 1065 lis,et
1029 1030 1072 1061 sic
1084 1031 1121 1062 de
1132 1031 1315 1073 aliis.ltaque
1328 1033 1385 1064 nisi
1395 1034 1551 1074 ejiciantur
1561 1038 1674 1074 septem
1687 1033 1751 1073 spi-

931 1073 1006 1105 ritus
1036 1076 1156 1107 malitiw
1184 1076 1221 1108 ab
1246 1078 1356 1114 anima,
1384 1073 1443 1109 non
1473 1082 1571 1118 potest
1587 1073 1653 1119 quis
1667 1077 1751 1118 sequi

931 1119 1090 1150 Christum.
1108 1120 1232 1160 Oportet
1247 1122 1326 1154 enim
1344 1124 1471 1163 primum
1486 1122 1555 1163 ejici
1569 1124 1750 1162 daamonem,

931 1168 959 1194 et
975 1168 1045 1196 tunc
1057 1165 1224 1198 inhabitare
1239 1167 1400 1200 Christum.

930 1204 1112 1250 VEIis.4-10.
1120 1219 1128 1234 ι
1137 1207 1209 1238 Cum
1219 1212 1317 1239 autem
1330 1208 1415 1239 turba
1425 1209 1553 1250 plurima
1564 1209 1748 1246 conveniret,

929 1253 957 1280 et
964 1249 1108 1290 esingulis
1117 1251 1284 1283 civitatibus
1293 1249 1528 1293 properarentad
1536 1252 1692 1290 eum,dixit
1699 1262 1751 1293 per

928 1293 1303 1337 similitudineszxiitqui
1311 1303 1475 1329 sementem
1482 1298 1654 1330 faciebatad
1662 1299 1751 1329 semi~

929 1338 1060 1370 nandum
1075 1349 1177 1371 semen
1193 1351 1277 1372 suum
1296 1352 1303 1372 :
1320 1347 1350 1373 et
1361 1342 1437 1374 inter
1446 1343 1749 1380 seminandum,aliutl

929 1383 1039 1429 cecidit
1054 1385 1133 1416 circa
1148 1386 1236 1426 viam,
1252 1391 1280 1418 et
1295 1388 1499 1420 conculcatum
1517 1388 1750 1429 est,etvolucres

927 1428 993 1459 caeli
1001 1429 1197 1461 comederunt
1205 1431 1416 1464 illud.Etaliud
1423 1433 1529 1464 cecidit
1538 1442 1629 1473 super
1636 1437 1748 1473 petram

928 1480 956 1504 et
973 1477 1092 1505 enatum
1106 1476 1192 1516 aruit,
1209 1476 1278 1516 quia
1301 1486 1360 1508 non
1386 1477 1514 1509 habebat
1529 1478 1699 1509 humorem.
1716 1477 1751 1508 Et

927 1518 1006 1549 aliud
1032 1519 1141 1550 cecidit
1165 1520 1241 1551 inter
1269 1522 1380 1562 spinas,
1399 1526 1428 1553 et
1443 1522 1531 1553 simul
1547 1526 1641 1554 enatre
1656 1522 1749 1563 spina:

52 1567 79 1594 αἱ
104 1565 213 1594 ἄκανθαι
243 1565 387 1598 ἀπέπνιξαν
417 1565 491 1596 αὐτό.
526 1565 575 1594 Καὶ
607 1564 696 1604 ἕτερον
726 1564 815 1593 ’έπεσεν

986 1565 1145 1595 ‘ocaverunt
1159 1565 1244 1597 illud.
1263 1565 1295 1597 Et
1311 1566 1391 1597 aliud
1407 1567 1515 1598 cecidit
1529 1567 1560 1598 in
1577 1571 1685 1598 terram
1698 1567 1749 1598 bo-

53 1610 108 1644 τιὶν
125 1612 177 1649 γῆν
192 1610 242 1643 τὴν
271 1610 384 1649 ἀγαθὴν,
412 1610 455 1638 καὶ
481 1610 543 1650 φυὲν
567 1611 674 1643 εποίησε
690 1610 790 1649 καρπὸν
818 1610 884 1646 ἐκα-

52 1654 280 1683 τονταπλασίονα.
303 1656 389 1684 Ταῦτα
411 1653 508 1695 λέγων,
539 1654 645 1694 ἐφώνει,
678 1650 706 1683 ’0
728 1654 800 1694 ἔχων
829 1656 886 1684 ὦτα

52 1699 173 1737 ἀκούειν,
203 1699 333 1730 ἀκουέτω.
366 1699 530 1738 Ἐπηρώτων
552 1699 580 1727 δὲ
612 1700 691 1728 αὐτὸν
716 1701 739 1727 οἱ
769 1697 884 1737 μαθηταὶ

51 1745 145 1784 αὐτοῦ,
170 1743 306 1783 λέγοντες,
336 1744 376 1776 τίς
404 1744 451 1778 εἴη
482 1745 499 1778 ἡ
525 1743 665 1784 παραϐολὴ
694 1745 783 1782 αῧτη;
806 1739 835 1773 (Ο
857 1743 884 1772 δὲ

52 1789 132 1817 εἶπεν
149 1796 158 1805 '
182 1784 261 1827 Τμῐν
293 1788 395 1817 δέδοται
418 1791 516 1828 γνῶναι
531 1790 564 1817 τὰ
586 1789 718 1828 μυστήρια
739 1792 788 1822 τῆς
803 1790 882 1827 βασι-

51 1833 125 1866 λείας
154 1837 200 1862 τοῦ
225 1838 302 1871 Θεοῦ,
332 1840 392 1866 τοῖς
421 1833 449 1862 δὲ
472 1833 580 1866 λοιποῖς
595 1834 623 1862 ἐν
644 1832 823 1874 παραϐολαῖς,
837 1834 884 1861 ἵνα

51 1878 197 1916 βλέποντες
228 1879 266 1916 μὴ
299 1877 428 1917 βλέπωσι,
470 1879 516 1906 καὶ
543 1879 685 1910 ἀκούοντες
718 1879 755 1916 μὴ
786 1881 882 1906 συνιῶ-

52 1934 105 1953 σιν.
128 1934 141 1950 I
174 1918 265 1958 ’Ὅπερ
280 1923 357 1951 εἶπεν
380 1925 394 1951 ὁ
418 1922 501 1951 Aonia
523 1923 606 1951 πάλαι
622 1923 649 1951 ἐν
665 1924 800 1962 προσώπῳ
817 1927 882 1962 Χρι-

51 1971 127 2006 στοῦ,
151 1967 229 1997 τοῦτο
258 1971 301 1996 νῦν
317 1967 404 2001 ἐξέϐη.
423 1967 533 2001 Ἀνοίξω
547 1968 610 2008 γὰρ,
633 1970 724 2008 φησὶν,
742 1968 769 1997 ἐν
795 1979 880 2008 παρα-

51 2011 148 2044 ϐολαῖς
175 2013 205 2040 τὸ
233 2012 320 2050 στόμα
349 2024 411 2050 μου,
447 2013 595 2052 Φθέγγεται
631 2014 717 2041 τοίνυν
753 2014 767 2041 ὁ
791 2014 884 2053 Κύριος

51 2056 240 2097 παραϐολικῶς
262 2056 306 2086 διὰ
336 2057 447 2085 1colla-
482 2059 526 2086 καὶ
547 2057 593 2086 ’ίνα
621 2058 671 2097 γὰρ
699 2068 883 2097 προσεκτικω-

51 2102 143 2141 τέρους
173 2103 275 2140 ποιήσῃ
296 2103 357 2135 τοὺς
389 2102 546 2142 ἀκούοντας,
578 2103 623 2130 καὶ
654 2102 769 2142 διεινείρῃ
791 2103 883 2135 αὐτοῖς

49 2148 96 2176 τὸν
113 2148 176 2175 νοὺν
198 2148 236 2178 εἷς
265 2148 377 2182 ζήτησιν
406 2151 458 2175 τῶν
483 2147 644 2186 λεγομένων.
671 2147 806 2185 Εἱώθαμεν
834 2148 884 2188 γὰρ

51 2193 73 2220 οἱ
103 2191 237 2231 ἄνθρωποι
269 2192 302 2220 τὰ
330 2192 378 2229 μὲν
402 2195 543 2224 σκοτεινῶς
579 2191 711 2232 λεγομένα
740 2193 884 2232 περιεργά-

928 1612 1040 1646 nam,et
1053 1614 1173 1640 enatum
1190 1610 1260 1642 fecit
1272 1611 1401 1642 fructum
1416 1611 1600 1653 centuplum.
1618 1611 1688 1643 Haec
1701 1612 1748 1643 di-

926 1661 997 1684 cens
1012 1653 1157 1684 clamabat
1175 1665 1181 1685 :
1212 1654 1266 1691 Qui
1294 1655 1383 1686 habet
1398 1665 1485 1687 aures
1500 1656 1535 1687 ad
1553 1656 1746 1697 audiendum,

925 1697 1265 1738 audiat.lnterrogabanl
1276 1705 1374 1731 autem
1391 1710 1457 1731 eum
1471 1701 1608 1741 discipuli
1625 1702 1690 1741 ejus
1703 1701 1749 1732 (li-

926 1746 1179 1783 centes,qua3nam
1199 1749 1279 1776 esset
1294 1745 1350 1776 ista
1364 1745 1513 1785 parabola.
1530 1746 1567 1777 At
1582 1746 1632 1778 ille
1649 1745 1722 1777 dixit
1740 1756 1747 1778 '.

926 1786 1017 1818 Vobis
1032 1787 1131 1819 datum
1146 1792 1190 1819 est
1208 1799 1297 1820 nosse
1308 1791 1446 1830 mysteria
1461 1791 1543 1830 regni
1555 1790 1620 1828 Dei,
1633 1791 1748 1832 caeteris

924 1836 1022 1862 autem
1040 1842 1092 1872 per
1108 1832 1263 1873 parabolas
1281 1843 1288 1866 :
1305 1839 1335 1865 ut
1350 1835 1496 1873 videntes,
1511 1845 1569 1866 non
1587 1835 1749 1874 videant,et

924 1877 994 1907 524
1021 1877 1177 1909 audientes
1202 1888 1261 1909 non
1287 1880 1463 1920 intelligant.
1497 1893 1510 1908 »
1528 1882 1613 1912 Nunc
1630 1880 1747 1912 tandem

925 1923 1024 1952 evenit
1037 1923 1116 1962 quod
1132 1924 1200 1954 olim
1216 1923 1308 1954 David
1324 1925 1352 1956 in
1369 1934 1497 1966 persona
1523 1924 1632 1957 Christi
1648 1925 1722 1956 dixit
1739 1935 1746 1958 ζ

925 1965 1063 2007 Aperiam
1082 1968 1174 2007 enim,
1193 1968 1302 2010 inquit,
1320 1970 1349 2000 in
1366 1970 1516 2010 parabolis
1534 1979 1568 2001 os
1590 1979 1689 2001 meum
1703 1971 1748 2001 38.

925 2011 1066 2052 Loquitur
1080 2013 1178 2053 itaque
1188 2014 1342 2054 parabolas
1354 2016 1497 2047 Dominus
1513 2019 1633 2056 propter
1645 2015 1747 2052 multa,

926 2065 1035 2097 nempe
1052 2061 1084 2087 ut
1099 2059 1276 2090 attentiores
1291 2059 1398 2090 reddat
1412 2060 1577 2097 auditores,
1597 2064 1625 2091 et
1640 2061 1747 2092 excitet

926 2101 1044 2132 illorum
1062 2107 1192 2134 mentem
1203 2103 1238 2134 ad
1257 2103 1467 2144 inquirendum
1484 2105 1522 2136 de
1536 2105 1582 2136 his
1592 2115 1657 2146 quae
1672 2105 1749 2136 dicta

926 2150 1004 2176 sunt.
1024 2146 1126 2178 Solent
1153 2149 1232 2178 enim
1255 2149 1392 2180 homines
1407 2150 1554 2180 curiosius
1570 2150 1748 2190 investigare

925 2190 962 2221 de
973 2191 1018 2221 his
1030 2201 1094 2231 quae
1106 2192 1185 2223 dicta
1195 2197 1263 2224 sunt
1287 2194 1455 2232 obscurius,
1475 2195 1630 2226 manifesta
1646 2199 1746 2226 autem

50 2238 153 2276 ζεσθαι,
183 2237 215 2264 τὰ
244 2236 271 2264 δὲ
301 2237 372 2276 σαφῆ
401 2239 571 2276 περιφρονεῖν
592 2247 599 2254 ·
622 2238 665 2266 καὶ
680 2237 726 2265 ἵνα
742 2238 765 2265 οἱ
781 2237 811 2265 ἀν

979 2236 1086 2275 lugere:
1100 2241 1129 2267 et
1140 2242 1171 2268 ut
1182 2237 1296 2278 indigni
1309 2249 1366 2270 uon
1379 2239 1544 2279 intelligant
1556 2249 1623 2280 qua:
1632 2239 1742 2271 abstru-

50 2285 102 2310 τῶν
136 2280 327 2320 μυστηριωδῶς
363 2281 516 2320 λεγομένων
551 2282 591 2319 μὴ
629 2281 790 2312 ὲπακούωσι.
832 2280 881 2311 Καἰ

49 2324 92 2354 διὰ,
120 2325 209 2354 πολλᾶ
232 2325 300 2354 ἄλλα
323 2326 349 2354 ἒν
380 2325 548 2366 παραϐολαῖς
577 2326 730 2366 φθέγγεται,
759 2326 882 2359 Ἐξῆλθεν

53 2371 97 2399 οὖν
120 2371 134 2399 ὁ
164 2371 290 2410 σπείρων,
313 2371 457 2407 τουτέστιν,
483 2372 497 2399 ὃ
526 2372 586 2403 Υἱὸς
607 2375 653 2400 τοῦ
683 2375 748 2400 Θεοῦ
777 2371 882 2405 ἐξῆλθεν

53 2415 82 2444 ἐκ
112 2418 167 2444 τῶν
202 2414 311 2443 κόλπων
336 2419 389 2443 τῶν
418 2417 569 2455 Πατρικῶν,
599 2417 643 2444 καὶ
673 2416 726 2444 ἀπὸ
747 2419 796 2450 τῆς
817 2428 883 2455 κρυ-

52 2461 180 2500 φιότητος
205 2461 295 2495 αὐτοῦ,
328 2462 371 2488 καὶ
401 2461 522 2501 ἐμφανὴς
549 2461 666 2501 ἐγένετο,
693 2462 737 2493 Τίς
753 2460 779 2489 δὲ
802 2460 881 2495 ὲξῆλ-

51 2507 93 2534 θεν
112 2515 121 2543 ;
147 2501 176 2535 ’0
191 2505 231 2533 ἀεὶ
247 2505 372 2545 σπείρων.
401 2508 437 2534 Οὔ
462 2507 573 2535 παύεται
588 2507 638 2546 γὰρ
653 2508 667 2534 ξι
685 2507 743 2538 Υἱὸς
756 2510 801 2534 τοῦ
817 2507 883 2534 θεοῦ

53 2550 90 2579 ἀεὶ
106 2551 222 2590 σπείρων
251 2550 279 2578 ἐν
300 2551 365 2582 ταῖς
385 2551 529 2590 ἡμετέραις
552 2554 669 2591 ψυχαῖς,
687 2553 723 2580 Οὑ
737 2551 786 2590 γὰρ
802 2551 883 2589 μόνον

53 2594 114 2624 ὅταν
130 2594 251 2633 didicit-9,
268 2595 338 2624 ἀλλὰ
364 2595 407 2624 καὶ
436 2595 477 2625 διὰ
506 2599 555 2630 τῆς
574 2597 685 2628 κτίσεως
700 2597 812 2636 ταύτης,
837 2596 882 2625 καὶ

54 2642 104 2668 τῶν
141 2639 200 2668 καθ’
230 2640 345 2674 ἑκάστην
373 2641 409 2672 εἰς
435 2640 507 2677 ημᾶς
539 2641 698 2680 γινομένων,
726 2642 825 2681 σπείρει
855 2641 881 2669 ἐν

53 2692 110 2717 ταῖς
126 2684 270 2724 ἡμετέραις
298 2687 403 2725 ψυχαῖς
432 2686 465 2713 τὰ
491 2685 575 2724 ἀγαθὰ
598 2686 748 2724 σπέρματα.
772 2685 882 2720 Ἐξῆλθε

53 2727 92 2767 δὲ,
123 2729 174 2770 οὔχ
195 2729 242 2758 ’ίνα
257 2730 318 2762 τοὺς
345 2731 478 2770 γεωργοὺς
504 2730 662 2771 ἀποκτείνῃ,
679 2731 696 2765 ἢ
718 2732 766 2766 τὴν
788 2731 880 2772 χώραν

89 2807 116 2831 ³³
130 2809 207 2841 Psal.
224 2817 334 2848 Lxxvu,
351 2810 385 2842 2.

923 2280 985 2312 sius
993 2286 1062 2312 sunt
1072 2282 1170 2322 dicta;
1197 2287 1287 2323 atque
1301 2287 1424 2324 propter
1441 2285 1533 2316 multa
1543 2285 1600 2315 alia
1615 2285 1645 2315 in
1660 2294 1747 2324 para-

924 2325 1001 2356 bolis
1013 2325 1154 2366 loquitur.
1162 2327 1239 2358 Exiit
1251 2327 1341 2368 igiler
1349 2329 1511 2369 seminans,
1528 2329 1585 2360 hoc
1595 2329 1748 2366 est,Filius

925 2370 979 2402 Dei
992 2370 1083 2401 exivit
1097 2371 1135 2401 de
1147 2372 1241 2402 Patris
1252 2372 1299 2403 sui
1314 2373 1382 2404 sinu
1394 2373 1614 2414 abscondito,et
1625 2373 1746 2414 conspi-

925 2424 998 2446 cuus
1014 2415 1107 2446 factus
1123 2419 1167 2447 est
1195 2416 1268 2453 Quis
1283 2421 1380 2448 autem
1394 2419 1508 2449 exivit?
1526 2419 1553 2450 Is
1567 2419 1615 2459 qui
1628 2428 1749 2459 semper

926 2460 1063 2491 seminat.
1082 2460 1175 2492 Filius
1190 2461 1269 2492 enim
1287 2461 1340 2493 Dei
1356 2472 1415 2494 non
1428 2467 1524 2494 cessat
1533 2472 1651 2503 semper
1662 2464 1748 2494 semi-

926 2514 997 2536 nare
1009 2505 1039 2535 in
1050 2505 1206 2537 animabus
1218 2506 1408 2539 nostris.Non
1425 2508 1503 2539 enim
1520 2508 1614 2539 solum
1631 2508 1747 2549 quando

925 2549 1041 2580 videtur
1053 2550 1173 2591 docere,
1190 2551 1241 2582 sed
1258 2556 1287 2583 et
1300 2561 1354 2592 per
1368 2553 1511 2584 mundum
1530 2553 1631 2590 istum,
1649 2558 1677 2584 et
1694 2563 1747 2593 per

924 2602 958 2625 ea
969 2604 1035 2635 qua:
1046 2595 1179 2636 quotidie
1195 2595 1262 2626 facit
1278 2605 1347 2636 erga
1363 2607 1429 2638 nos,
1446 2598 1572 2629 seminat
1591 2598 1621 2628 in
1639 2599 1747 2629 nostris

924 2639 1080 2671 animabus
1096 2640 1172 2671 bona
1185 2640 1301 2672 semina
1320 2641 1416 2673 Exivit
1426 2647 1537 2680 autem,
1554 2652 1612 2674 non
1625 2643 1745 2683 utagri-

925 2684 1005 2715 colas
1024 2685 1149 2724 occidat,
1177 2686 1219 2717 vel
1236 2695 1339 2726 agrum
1356 2692 1467 2729 exurat,
1486 2688 1538 2719 sed
1556 2692 1586 2718 ut
1605 2687 1731 2718 seminol

923 2731 1008 2770 Saepe
1024 2730 1103 2762 enim
1121 2731 1272 2771 egreditur
1282 2732 1412 2772 agricola
1423 2737 1450 2764 ct
1466 2737 1588 2774 propter
1602 2732 1668 2771 alia,
1685 2742 1744 2763 non
