1933 3084
215 156 274 188 799
707 153 1005 186 THEOPHYLACTI
1027 152 1230 184 BULGARl/E
1252 153 1434 185 ARCHIEP.
1841 152 1890 187 800

213 221 309 253 solum
323 226 354 253 ut
364 221 558 258 semiuet,sed
570 221 680 252 exiitut
689 220 816 252 seminet
827 229 930 252 semen
939 229 1024 251 suum

1110 220 1247 258 ιτακαύσῃ,
1273 219 1334 249 ἀλλ’
1359 220 1405 249 ἵνα
1420 220 1514 260 σπείρῃ
1527 228 1537 238 θ
1553 219 1682 252 πολλάκις
1703 221 1752 261 γὰρ
1766 221 1890 262 ἐξέρχεται

214 267 355 307 Proprius
367 267 446 298 enim
455 267 518 306 ejus
530 270 573 297 est
586 275 685 297 sermo
697 265 883 305 doctrinae,et
893 275 950 296 non
960 264 1025 296 alie-

1121 265 1240 304 γεωργὸς
1269 266 1314 293 καὶ
1343 264 1377 293 δι’
1403 264 1484 302 ἅλλα,
1513 265 1542 294 οὐ
1571 265 1652 303 μόνον
1680 264 1721 293 διὰ
1738 266 1770 294 τὸ
1781 273 1888 306 σπεῖραι.

212 311 437 351 nus.Prophetw
452 311 531 342 enim
548 319 732 351 quaecunque
747 310 918 345 dixerunt.e
929 309 1025 350 spiritt

1110 320 1128 336 ιν
1150 309 1247 348 σπόρον
1269 309 1296 337 δὲ
1318 311 1398 339 αὐτοῦ
1419 309 1512 343 ὶξῆλθε
1536 317 1655 348 σπεῖραι.
1681 308 1765 342 ’Ἵδιος
1786 311 1834 350 γὰρ
1847 312 1889 339 αὖ·

211 355 359 394 dixerunt,
377 361 407 386 et
423 365 480 386 non
509 359 540 386 ut
569 355 688 395 propria
707 365 713 384 :
731 354 809 386 unde
829 358 858 385 et
871 354 1010 385 dixerunt
1027 365 1034 386 :

210 398 278 429 Haec
290 399 361 430 dicit
375 399 531 430 Dominus.
545 398 679 430 Christus
690 408 759 430 vero
777 399 928 439 proprium
947 398 1036 429 habet

210 444 441 480 semen,idcirco
454 454 512 476 non
524 444 642 475 dicebat
659 444 771 475 docens
785 454 791 472 :
810 443 877 474 Hac
890 443 961 474 dicit
974 444 1034 474 Do-

211 489 376 527 minus,sed
395 489 475 529 :Ego
491 489 558 520 dico
574 488 849 520 vobis.Seminante
860 493 957 518 autem
969 488 1033 525 illo,

211 533 266 564 hoc
277 537 322 565 est
337 533 476 575 docente,
490 534 569 565 aliud
587 533 707 574 quidem
719 533 828 564 cecidit
842 533 921 564 circa
934 532 1010 564 viam
1026 543 1032 561 :

211 587 269 609 non
287 578 360 610 dixit
373 579 452 618 quod
469 579 627 619 projecerit
639 577 857 615 seminans,sed
873 578 950 618 quod
961 577 1033 608 illud

209 623 362 655 ceciderit.
379 623 452 654 Nam
466 623 515 662 qui
528 623 667 664 seminat,
683 623 809 654 seminat
826 626 854 653 et
870 623 1034 656 docet.ser-

209 677 257 698 mo
272 672 370 698 autem
387 667 466 699 cadit
477 667 508 698 in
521 667 728 698 audientes.Hi
738 671 834 698 autem
844 667 1035 697 inveniuntur

210 721 277 743 esse
289 712 336 743 vel
349 712 404 749 via,
420 712 465 743 vel
483 716 575 752 petra,
593 712 638 743 vel
655 712 759 753 spinae,
777 713 820 742 vel
848 717 927 743 terra
944 711 1032 744 bona.

208 757 354 788 Caeterum
367 757 522 797 discipulis
533 757 786 796 interrogantibus
799 756 1033 797 parabolam,di-

209 801 248 832 cit
259 801 403 832 Dominus
417 811 423 833 :
441 801 533 833 Vobis
549 801 650 832 datum
671 805 715 832 est
730 802 809 832 scire
826 800 965 841 mysteria
981 810 1031 831 re-

1077 355 1123 382 τοῦ
1149 354 1183 386 ἦν
1212 355 1226 382 ὁ
1254 353 1333 393 λόγος
1357 355 1405 387 τῆς
1421 353 1602 391 διδασκαλίας,
1624 355 1669 382 καὶ
1691 354 1736 383 οὒκ
1750 354 1888 395 ἀλλότριος.

1077 400 1107 427 Oi
1134 398 1181 436 μὲν
1211 399 1261 438 γὰρ
1289 401 1434 438 προφῆται,
1465 398 1514 427 ὅσα
1537 398 1641 437 ἔλεγον,
1665 400 1712 427 οὐκ
1727 398 1783 427 ἴδια
1797 399 1888 438 am»,

1076 442 1144 484 ᾁλλὲι
1165 447 1211 472 τοῦ
1230 444 1393 481 πνεύματος,
1425 444 1472 471 Διὸ
1501 442 1606 483 ἔλεγον,
1623 442 1690 473 Τάδε
1705 443 1778 483 λέγει
1794 444 1889 484 Κύριος.

1078 482 1107 515 Ὀ
1129 486 1156 514 δὲ
1185 488 1296 526 Χριστὸς
1324 487 1393 516 ἴδιον
1409 488 1474 527 εἶχε
1489 488 1535 515 τὸν
1556 487 1666 526 σπόρον.
1686 488 1732 516 Διὸ
1744 482 1792 516 ὡκ
1812 482 1890 526 ἔλεγεν

1076 530 1139 560 ὅταν
1155 531 1298 570 ἐδίδασκεν,
1316 532 1356 560 ὅτι
1368 531 1434 561 Τάδε
1448 531 1518 571 λέγει
1536 532 1641 572 Κύριος,
1656 531 1729 568 ἀλλ’,
1746 531 1816 571 Ἐγὼ
1829 531 1890 571 λέγω

1075 577 1151 612 ὑμῖν.
1172 574 1217 604 Ἐν
1238 580 1277 613 τῷ
1305 576 1420 614 σπείρειν
1442 575 1469 604 δὲ
1491 576 1582 616 αὐτὸν,
1604 576 1750 614 τουτέστιι,
1765 576 1792 604 ἐν
1807 580 1842 612 τῷ
1854 576 1889 604 δι-

1076 619 1191 656 δάσκειν,
1216 620 1281 649 ἄλλο
1297 621 1345 658 μὲν
1373 622 1451 648 ἔπεσε
1480 621 1552 659 παρὰ
1581 620 1631 654 τὴν
1660 619 1732 652 ὁδόν,
1759 622 1810 650 Οὔκ
1825 622 1890 649 εἶπεν

1077 663 1119 692 ὅτι
1150 664 1254 704 ἔῤῥιψεν
1283 667 1296 694 ὁ
1324 666 1451 705 σπείρων,
1480 664 1540 693 ἀλλ’
1562 665 1657 693 ἔπεσεν
1683 664 1784 696 ἐκεῖνοι.
1807 661 1834 694 ’0
1849 677 1890 703 μεν

1075 710 1125 749 γὰρ
1154 711 1266 747 σπείρων
1292 710 1391 749 σπείρει
1420 711 1465 738 καὶ
1492 709 1621 739 διδάσκει.
1649 705 1678 739 Ὀ
1706 709 1734 738 δὲ
1763 709 1839 749 λόγος
1860 711 1890 742 είς

1074 755 1135 786 τοὺς
1163 755 1307 787 ἀκούοντας
1336 754 1438 786 πίπτει,
1469 755 1546 784 Οὗτοι
1576 753 1603 782 δὲ
1619 755 1782 794 εὑρίσκονται
1796 755 1813 789 ἢ
1827 754 1888 790 ὁδὸς,

1073 798 1092 833 ἢ
1121 799 1215 839 πέτρα,
1245 799 1262 833 ἢ
1286 799 1396 838 ἄκανθα,
1426 799 1444 833 ἢ
1470 800 1557 838 ἀγαθὴ
1651 798 1827 838 Ἐρωτῶσιδὶ
1839 806 1888 830 τοῖς

208 845 263 897 gni
277 845 340 896 Dei,
358 846 415 897 hoc
431 850 477 878 est
494 845 587 897 _vobis
617 846 831 897 quaerentibus,
900 845 1025 876 discatis.

1110 845 1209 877 θηταῖς
1237 844 1287 877 τὴν
1315 842 1483 883 παραϐολὴν,
1507 844 1587 883 φησὶν
1608 845 1621 872 ὁ
1636 842 1745 882 Κύριος·
1764 839 1888 881 Ὺμῖνδέ-

211 901 223 919 ι
242 890 347 922 Omnis
362 891 441 922 enim
451 891 501 931 qui
517 891 602 931 petit,
620 891 802 931 accipit59.)
820 890 951 930 Reliquis
964 900 1032 921 vero

207 935 257 976 qui
273 936 467 967 sacramentis
479 936 592 976 indigni
608 940 687 973 sunt,
702 936 830 967 obscure
846 935 1032 973 dicuntur,el

207 979 373 1010 existimant
389 980 509 1021 quidem
525 989 558 1011 se
573 980 684 1018 videre,
709 981 760 1012 sed
789 990 848 1010 non
864 980 966 1010 vident
982 992 988 1010 :
1003 984 1031 1010 et

206 1025 329 1056 audiunt
339 1025 471 1066 quidem.
489 1025 541 1056 sed
557 1035 615 1056 non
633 1025 813 1066 intelligunt,
828 1029 918 1065 atque
928 1024 985 1056 hoc
999 1025 1029 1055 iu

206 1069 324 1101 illorum
349 1070 470 1101 bonum.
499 1070 542 1101 Ne
568 1070 647 1101 enim
675 1071 768 1110 magis
790 1071 1032 1101 condemnentur

206 1114 284 1155 quod
299 1115 413 1154 cognita
427 1115 566 1156 mysteria
582 1115 758 1155 spreverint,
775 1115 844 1146 ideo
860 1114 896 1145 ab
912 1114 971 1145 illis
995 1124 1031 1145 ea

205 1158 336 1190 Christus
351 1159 517 1191 abscondit.
535 1159 588 1196 Qui
605 1160 684 1190 enim
696 1159 848 1199 cognoscit
859 1163 888 1189 et
899 1164 1031 1190 contem-

206 1204 260 1241 nit,
278 1204 413 1241 graviora
429 1209 565 1236 meretur
574 1204 730 1245 supplicia.

204 1261 248 1278 του
277 1249 366 1279 ἕνεκεν
401 1250 553 1290 ἀπέκρυψεν
582 1251 596 1278 ὸ
616 1253 727 1289 Χριστος
758 1250 803 1279 ἀπ’
835 1250 920 1278 αὑτῶν
944 1251 1038 1279 ταῦτα,

204 1295 346 1334 τιμωρίας,

243 1339 336 1369 Vens.
357 1339 458 1370 ll-l5.
477 1340 545 1369 «Est
556 1342 652 1369 autem
667 1339 729 1370 hac
745 1338 884 1379 parabola
898 1349 904 1369 :
918 1340 1025 1370 Semen

203 1387 248 1415 est
263 1392 362 1414 sermo
373 1383 438 1414 Dei.
450 1383 503 1419 Qui
519 1387 617 1413 autem
630 1383 714 1423 juxta
739 1383 831 1423 viam,
850 1383 878 1414 hi
895 1387 962 1414 sunt
977 1383 1025 1423 qui

202 1428 345 1459 audiunt:
360 1427 468 1458 deinde
483 1428 563 1458 venit
575 1428 710 1459 diabolus
725 1432 754 1458 et
769 1428 846 1458 tollit
856 1437 1025 1459 sermonem

202 1472 239 1503 de
254 1473 346 1505 corde
363 1481 477 1509 eorum,
495 1481 532 1503 ne
548 1473 705 1503 credentes
721 1473 963 1504 serventur.Nam
976 1472 1026 1512 qui

202 1526 294 1558 super
323 1521 450 1557 petram,
467 1516 497 1547 hi
525 1523 595 1548 sunt
617 1518 665 1557 qui
685 1525 752 1549 cum
782 1516 941 1557 audierint,
958 1526 1025 1547 cum

201 1563 306 1601 gaudio
322 1561 488 1601 suscipiunt
500 1566 714 1599 sermonem,et
726 1561 755 1592 lii
769 1561 886 1592 radices
903 1571 960 1592 non
970 1561 1025 1592 ha-

201 1606 335 1647 hent,qui
347 1606 388 1652 ad,
401 1610 517 1652 tempus
532 1606 669 1652 credunt.
685 1610 714 1652 et
729 1606 758 1637 in
776 1609 1023 1652 temporetenta-r
1034 1627 1054 1652 ο

202 1651 289 1682 tionis
302 1651 458 1682 recedunt.
482 1650 564 1687 Quod
581 1655 680 1682 autem
698 1651 726 1682 in
741 1652 841 1691 spinas
858 1651 975 1687 cecidit,
993 1651 1024 1682 hi

201 1701 269 1728 snut
281 1696 331 1737 qui
346 1696 548 1733 audierunt,et
563 1706 579 1727 a
594 1696 848 1728 sollicitudinibus
873 1701 903 1727 et
913 1696 1024 1726 divitiis

201 1752 235 1773 ac
248 1740 446 1782 voluptatibus
459 1741 522 1771 vitae
538 1745 653 1778 euntes,
671 1742 864 1779 suli‘ocantur,
883 1741 954 1772 525
969 1750 1024 1771 nec

201 1787 333 1818 referunt
346 1785 574 1821 fructquuod
590 1790 688 1818 autem
704 1785 734 1816 iu
753 1786 857 1817 bonam
869 1786 1024 1822 terram,hi

201 1835 270 1862 sunt
285 1831 376 1871 quiin
393 1831 483 1861 corde
499 1831 624 1862 honesto
641 1839 675 1861 ac
687 1830 766 1861 bono
785 1831 941 1862 audientes
957 1839 1024 1861 ser-

202 1885 320 1906 monem
337 1875 477 1914 retinent,
495 1879 524 1904 et
539 1874 664 1905 fructum
679 1875 808 1906 afferunt
830 1884 883 1915 per
907 1875 1024 1915 patien-

200 1920 279 1951 tiam.
301 1932 314 1947 ι»
328 1919 401 1950 Tres
417 1919 465 1950 hic
479 1919 599 1949 ordines
615 1928 717 1950 eorum
731 1924 800 1950 sunt
817 1919 867 1959 qui
885 1929 943 1949 non
958 1928 1024 1950 ser-

198 1964 392 1997 vantur.Nam
410 1963 439 1994 hi
456 1964 504 2004 qui
521 1973 608 1994 secus
623 1965 711 2001 viam,
740 1964 912 2005 neutiquam
927 1964 1025 1995 susci-

199 2011 282 2051 piunt
307 2018 476 2040 sermonem
496 2018 503 2047 ;
535 2009 613 2039 sicut
637 2009 714 2039 enim
737 2009 782 2039 via
810 2009 983 2040 conculcata
999 2012 1028 2039 et

203 2056 367 2096 constipata
383 2063 486 2085 semen
501 2063 557 2084 non
574 2053 708 2094 suscipit,
727 2063 762 2084 eo
788 2055 863 2094 quod
882 2054 956 2085 dura
975 2054 1025 2088 sit,

200 2101 239 2131 ita
255 2105 283 2131 et
302 2098 440 2130 obdurati
463 2097 553 2129 corde
579 2107 748 2128 sermonem
774 2108 833 2129 non
863 2099 1027 2138 suscipiunt

200 2145 288 2176 etiam
302 2144 455 2175 audientes
470 2153 476 2172 :
497 2152 554 2173 non
571 2143 727 2173 attendunt
748 2143 840 2175 enim.
859 2146 892 2173 At
907 2144 957 2184 qui
975 2153 1027 2184 per

200 2195 314 2231 petram
332 2188 549 2227 intelliguntur,
565 2187 734 2227 suscipiunt
753 2188 885 2229 quidem,
898 2188 949 2219 sed
967 2199 1027 2228 prw

199 2235 371 2266 inﬁrmitate
395 2234 525 2264 humana
550 2232 580 2262 in
607 2233 820 2264 tentationibus
830 2238 1025 2264 marcescunt.

198 2280 291 2311 Tertii
307 2283 376 2309 sunt
389 2278 438 2319 qui
454 2287 520 2308 cum
534 2276 709 2308 audiverunt
721 2282 1028 2319 etsusceperunt,prae

198 2325 278 2356 curis
291 2324 361 2355 vitae
386 2322 474 2362 hujus
492 2322 707 2376 .sull'ocantur..
719 2322 811 2363 Igitur
827 2327 886 2354 tres
905 2324 1024 2364 quidem
1039 2351 1059 2376 υ

198 2374 296 2412 partes
312 2377 415 2399 eorum
432 2370 501 2397 sunt
515 2366 565 2407 qui
582 2371 720 2406 pereunt,
739 2378 796 2399 una
812 2373 907 2399 autem
922 2377 1024 2398 eorum

197 2415 248 2455 qui
264 2413 425 2445 salvantur.
444 2412 486 2443 Ita
502 2412 586 2452 pauci
602 2412 722 2452 quidem
743 2417 811 2444 sunt
836 2414 887 2453 qui
902 2422 1024 2443 servan-

198 2464 257 2500 tur,
271 2459 371 2499 plures
389 2463 486 2488 autem
499 2456 549 2497 qui
573 2462 709 2497 pereunt.
727 2458 801 2490 Vide
818 2459 886 2489 item
904 2467 970 2488 cum
988 2457 1026 2488 de

197 2505 245 2536 his
260 2504 310 2544 qui
321 2503 513 2537 suffocantur,
538 2502 680 2542 loquitur,
702 2504 850 2544 quomodo
868 2513 926 2534 non
943 2503 1023 2539 dicit,

197 2548 276 2590 quod
294 2557 354 2588 prae
369 2546 479 2577 divitiis
495 2547 692 2584 sulfucentur,
709 2548 760 2578 sed
773 2557 834 2587 prae
851 2549 930 2577 curis
947 2546 1023 2577 divi-

199 2594 306 2625 tinrum
316 2597 344 2623 et
355 2591 685 2624 sollicitudinibus.Non
697 2592 775 2622 enim
783 2592 892 2623 divitize
903 2596 1021 2629 nocent,

198 2639 250 2671 sed
262 2637 480 2669 sollicitudines
494 2646 607 2668 earum.
626 2637 710 2668 Multi
722 2638 800 2668 enim
819 2646 923 2676 magna
938 2647 1023 2667 com-

199 2683 287 2714 moda
302 2693 337 2714 ex
353 2682 463 2713 divitiis
476 2681 726 2722 percipiunt,illas
741 2681 771 2711 in
782 2691 943 2722 pauperum
958 2690 1024 2712 ven-

199 2733 259 2760 tres
271 2727 473 2769 projicientes.
489 2725 650 2758 Considera
665 2735 783 2768 quoque
799 2731 827 2757 et
840 2727 1023 2767 diligentiam

236 2807 264 2830 ’9
278 2806 380 2839 Matth.
396 2815 448 2845 vn,
465 2807 496 2838 8.

1074 887 1147 916 δοται
1174 891 1273 927 γνῶναι
1295 888 1328 916 τὰ
1356 888 1489 927 μυστήρια
1515 888 1564 921 τῆς
1588 887 1725 926 βασιλείας
1748 888 1794 916 τοῦ
1821 891 1887 926 Θεοῦ,

1073 932 1217 969 τουτέστιν,
1246 933 1310 970 ὑμῖν
1341 939 1401 964 τοῖς
1429 935 1538 968 ζητοῦσι
1568 934 1673 969 μαθεῖν.
1702 944 1717 959 ι
1738 935 1791 965 Πᾶς
1809 932 1853 972 γὰρ
1876 933 1888 960 ὁ

1072 978 1164 1014 αἰτῶν,
1193 976 1322 1014 λαμϐάνει
1340 984 1348 992 ⁸
1371 989 1381 1004 ι
1411 984 1470 1009 τοῖς
1497 975 1525 1004 δὲ
1546 976 1655 1008 λοιποϊς
1683 983 1744 1009 τοῖς
1765 977 1803 1014 μὴ
1817 975 1887 1009 ἀξίοις

1071 1023 1127 1050 οὖσι
1155 1025 1209 1050 τῶν
1241 1021 1403 1060 μυστηρίων,
1443 1024 1585 1052 σκοτεινῶς
1607 1020 1745 1060 λέγονται,
1774 1022 1816 1049 καὶ
1847 1020 1888 1050 δο-

1073 1070 1146 1095 κοῦσι
1175 1067 1224 1104 μὲν
1252 1066 1372 1106 βλέπειν,
1403 1065 1432 1094 οὗ
1462 1065 1589 1104 βλέπουσι
1619 1065 1646 1094 δέ
1663 1075 1672 1083 ·
1705 1067 1751 1094 καὶ
1777 1065 1888 1094 ἀκούουσι

1073 1112 1134 1151 μὲν,
1157 1112 1187 1139 οὖ
1211 1114 1325 1139 συνιοῦσι
1347 1110 1386 1151 δὲ,
1416 1111 1460 1139 καὶ
1498 1115 1576 1140 τοῦτο
1607 1111 1643 1141 εἰς
1673 1110 1819 1151 εὖιργεσίαν
1845 1112 1886 1139 αὖ·

1073 1150 1138 1186 τῶν.
1170 1150 1234 1184 Ἵνα
1263 1155 1314 1195 γὰρ
1343 1150 1383 1193 μὴν
1408 1155 1489 1184 πλέον
1513 1156 1718 1194 κατακριθῶσιν,
1737 1157 1773 1187 ὡς
1788 1155 1850 1192 μετὰ
1861 1155 1886 1182 τὸ

1073 1201 1171 1241 γνῶναι
1199 1201 1232 1228 τὰ
1260 1201 1392 1239 μυστήρια
1434 1200 1682 1240 καταφρονήσαντες
1713 1200 1809 1240 αὑτῶν,
1831 1199 1884 1228 τού-

1068 1241 1098 1276 ’0
1126 1246 1177 1285 γὰρ
1202 1246 1292 1286 γνοὺς,
1322 1245 1385 1273 εἶτα
1411 1245 1627 1285 καταφρονήσας,
1657 1245 1803 1284 βαρυτέρας
1823 1244 1883 1277 ἄξιος

1110 1345 1124 1365 (
1147 1335 1234 1364 ’Ἔστι
1251 1333 1279 1362 δὲ
1307 1333 1374 1368 αὕτη
1400 1335 1417 1368 ἡ
1447 1333 1600 1373 παραϐολὴ,
1619 1329 1647 1363 Ὀ
1664 1333 1764 1372 σπόρος
1791 1333 1883 1362 ἐστὶ·νὸ

1067 1380 1146 1420 λόγος
1162 1383 1208 1408 τοῦ
1237 1383 1314 1410 Θεοδ.
1337 1380 1368 1408 Οἱ
1389 1377 1417 1407 δὲ
1440 1380 1512 1418 παρᾶ
1535 1380 1585 1412 τήν
1600 1377 1672 1415 ὁδὸν,
1696 1379 1760 1406 εἰσὶν
1778 1379 1800 1407 οἱ
1814 1378 1886 1406 ἀκού-

1068 1436 1154 1462 οντες,
1185 1424 1248 1453 εἶτα
1277 1423 1384 1464 ἔρχεται
1413 1424 1427 1452 ὁ
1457 1422 1582 1455 διάϐολος
1603 1423 1648 1451 καὶ
1670 1423 1743 1461 αἴρει
1757 1424 1802 1451 τὶν
1816 1422 1885 1461 λόγον

1068 1471 1121 1498 ἀπὸ
1147 1472 1197 1502 τῆς
1222 1468 1327 1508 καρδίας
1357 1469 1455 1507 αὐτῶν,
1485 1468 1532 1496 ἵνα
1561 1469 1600 1506 μὴ
1629 1468 1816 1500 πιστεύσαντες
1842 1479 1886 1496 σω·

1067 1516 1158 1545 θῶσιν,
1186 1514 1215 1542 0i
1241 1513 1269 1541 δὲ
1298 1513 1341 1542 ἐπὶ
1368 1515 1418 1548 τῆς
1454 1513 1564 1552 πέτρας,
1601 1519 1630 1542 οἳ
1667 1513 1732 1541 ὅταν
1753 1513 1884 1548 ἀκούσωσι,

1068 1561 1136 1598 μετὰ
1163 1562 1249 1599 χαρᾶς
1271 1557 1396 1598 δέχονται
1423 1559 1469 1586 τὸν
1490 1557 1583 1597 λόγον,
1608 1559 1653 1586 καὶ
1669 1557 1743 1586 οὗτοι
1759 1558 1827 1597 ρζαν
1847 1557 1886 1585 οὐκ

1069 1604 1188 1645 ἔχουσιν,
1221 1605 1248 1632 οἳ
1278 1605 1345 1642 πρὸς
1375 1604 1466 1642 καιρὸν
1496 1603 1661 1642 πιστεύωσι,
1690 1603 1737 1631 καὶ
1766 1602 1794 1630 ἐν
1813 1604 1885 1641 καιρῷ

1066 1654 1213 1688 πειρασμοῦ
1235 1648 1400 1687 ἀφίστανται.
1429 1648 1464 1677 Τὸ
1493 1647 1520 1675 δὲ
1545 1648 1581 1679 εἷς
1597 1647 1644 1678 τὰς
1659 1647 1776 1680 ἀκάνθας
1803 1647 1884 1683 πεσὸν,

1067 1694 1137 1723 οὗτοί
1166 1694 1231 1721 εἰσιν
1259 1693 1283 1722 οἱ
1318 1692 1489 1729 ἀκούσαντες,
1525 1693 1570 1720 καὶ
1607 1692 1657 1720 ὑπὸ
1689 1694 1825 1731 μεριμνῶν
1848 1691 1885 1718 καὶ

1067 1739 1181 1768 πλούτου
1209 1739 1254 1766 καὶ
1285 1737 1386 1772 ἡδονῶν
1416 1738 1463 1766 τοῦ
1497 1737 1556 1776 βίου
1582 1737 1758 1776 πορευόμενοι
1780 1736 1885 1773 συμπνέ-

1067 1795 1170 1823 γονται,
1194 1784 1238 1811 καὶ
1267 1782 1297 1811 οὖ
1317 1786 1515 1822 τελεσφοροῦσι.
1546 1782 1582 1811 Τὸ
1603 1781 1632 1809 δὲ
1656 1781 1684 1809 ἐν
1700 1785 1736 1820 τῇ
1751 1780 1820 1819 καλῇ
1844 1783 1884 1819 τῇ,

1067 1831 1137 1857 οὗτοι
1167 1829 1231 1856 εἰσιν
1270 1827 1369 1858 οἵτινες
1409 1826 1438 1854 ἐν
1477 1825 1570 1866 καρδία
1611 1825 1681 1864 καλῇ
1712 1827 1757 1854 καὶ
1798 1825 1882 1864 ἀγαθῇ,

1067 1874 1228 1904 ἀκούσαντες
1255 1873 1301 1900 τὸν
1326 1871 1419 1910 λόγον,
1442 1871 1588 1912 κατέχουσι
1612 1871 1658 1899 καὶ
1685 1881 1885 1910 καρποφορουσιν

1068 1919 1097 1947 ὲν
1125 1919 1259 1956 ὑπομονῇ.
1287 1929 1298 1946 ιι
1331 1922 1410 1953 Τρεῖς
1425 1916 1510 1949 τάξεις
1530 1917 1581 1944 εἶσὶ
1605 1919 1658 1944 τῶν
1677 1916 1717 1953 μὴ
1739 1914 1886 1953 σωζομένων

1068 1963 1188 1993 ἐνταῗιθα,
1217 1963 1247 1991 Οἱ
1276 1961 1324 1996 μὲν
1353 1961 1402 2000 γὰρ
1424 1961 1495 1999 παρὰ
1516 1961 1567 1995 τὴν
1589 1959 1659 1997 ὃδὸν,
1690 1961 1714 1988 οἱ
1740 1958 1804 1998 μηδ’
1825 1957 1885 1989 ὅλως

1069 2006 1278 2048 παραδεξάμενοι
1300 2007 1346 2034 τὸν
1368 2005 1460 2044 λόγον,
1476 2005 1581 2046 ’Ὠσπερ
1610 2005 1660 2045 γὰρ
1682 2006 1699 2040 ἡ
1714 2004 1786 2040 ὅόὸς,
1810 2014 1885 2031 κατα-

1069 2051 1248 2089 πεπατημένη
1289 2051 1332 2078 καὶ
1373 2049 1600 2087 συμπεπιλημένη
1643 2051 1672 2078 οὗ
1714 2048 1821 2089 δέχεται
1846 2048 1885 2076 τὸν

1068 2107 1178 2137 σπορον,
1202 2097 1239 2127 ὡς
1262 2094 1365 2134 σγληρὰ
1386 2099 1461 2132 οὖσα,
1492 2094 1562 2123 οὕτω
1586 2095 1630 2122 καὶ
1652 2095 1676 2122 οἱ
1692 2091 1884 2133 σκληροκᾶρᾶοι

1068 2141 1121 2170 οὔδ’
1138 2141 1207 2173 ὅλως
1235 2138 1432 2179 παραδέχονται
1457 2140 1504 2167 τὸν
1532 2138 1625 2178 λόγον,
1641 2138 1691 2166 κᾶν
1713 2139 1837 2174 ehodum,
1851 2136 1884 2174 μὴ

1069 2187 1258 2227 προσέχοντες.
1290 2186 1318 2213 Οἱ
1345 2184 1372 2211 δὲ
1401 2185 1471 2223 παρὰ
1494 2185 1544 2218 τὴν
1571 2183 1681 2222 πέτραν,
1711 2185 1735 2212 οἱ
1760 2182 1883 2219 δεξάμενοι

1069 2233 1130 2271 μὲν,
1147 2231 1209 2259 εἶτα
1224 2229 1274 2257 ὒπὸ
1303 2229 1435 2262 ἀσθενείας
1461 2229 1627 2268 ἀνθρωπίνης
1648 2235 1709 2260 to"
1735 2231 1883 2267 πειρασμοῖς

1068 2274 1340 2314 ὑπομαλακισθέντες.
1384 2274 1471 2313 Τρίτοι
1512 2273 1551 2310 δὲ,
1589 2274 1613 2301 οἱ
1643 2274 1814 2310 ἀκούσαντες,
1845 2270 1883 2298 καὶ

1070 2323 1119 2350 ὒπὸ
1149 2322 1284 2360 μεριμνῶν
1312 2320 1358 2346 τοῦ
1394 2319 1451 2356 βίου
1487 2318 1709 2357 συμπνιγόμενοι.
1741 2322 1817 2357 Τρεῖς
1842 2314 1884 2352 μὲν

1068 2371 1112 2395 οὖν
1140 2364 1242 2405 μερίδες
1265 2363 1313 2392 εἰσὶ
1354 2366 1408 2392 τῶν
1437 2362 1639 2401 ἀπολλυμένων,
1670 2364 1718 2401 μία
1740 2361 1767 2390 δὲ
1795 2362 1811 2394 ἡ
1837 2362 1883 2387 τῶν

1068 2410 1226 2448 σωζομένων
1241 2417 1248 2424 ”
1281 2407 1363 2439 οὕτως
1395 2407 1481 2446 ὀλίγοι
1510 2407 1559 2444 μέν
1585 2408 1650 2435 εἰσιν
1679 2409 1703 2436 οἱ
1732 2406 1881 2443 σωζόμενοι,

1067 2456 1173 2487 πλείους
1196 2453 1222 2482 δὲ
1245 2455 1267 2482 οἱ
1289 2452 1483 2490 ἀπολλύμενοι.
1510 2448 1584 2491 ’Ὅρα
1608 2451 1636 2480 δὲ
1652 2451 1694 2480 ἐπὶ
1710 2454 1764 2480 τῶν
1775 2459 1880 2488 συμπνι-

1067 2501 1198 2541 γομὲ·νων,
1228 2501 1286 2531 πῶς
1319 2500 1367 2527 οὒκ
1389 2500 1465 2525 εἶπεν
1492 2497 1532 2525 ὅτι
1561 2497 1612 2525 ὑπὸ
1634 2500 1681 2524 τοῦ
1694 2495 1807 2524 πλούτου
1821 2504 1880 2530 συμ-

1065 2537 1214 2584 πνξγοντιι,
1247 2542 1306 2571 ἀλλ’
1327 2543 1380 2570 ὑπὸ
1408 2545 1461 2570 τῶν
1489 2545 1624 2581 μεριμνῶν
1654 2546 1701 2570 τοῦ
1715 2540 1835 2570 πλούτου.
1851 2537 1881 2565 οὗ

1065 2592 1115 2631 γὰρ
1141 2591 1155 2618 ὁ
1184 2588 1298 2620 πλοῦτος
1334 2587 1460 2625 βλάπτει,
1493 2586 1553 2615 ἀλλ’
1578 2584 1878 2631 αὶγμέριμναιλτούτου.

1066 2629 1138 2664 Ἐπεὶ
1161 2633 1256 2663 πολλοὶ
1285 2633 1335 2660 ὑπὸ
1359 2635 1405 2660 τοῦ
1420 2631 1535 2661 πλούτου
1560 2630 1752 2671 ὠφελήθησαν,
1767 2629 1879 2668 ῥίψαντες

1066 2681 1143 2709 αὐτὸν
1165 2680 1200 2711 εἷς
1229 2678 1275 2709 τὰς
1304 2679 1358 2705 τῶν
1373 2677 1497 2710 πενήτων
1513 2676 1657 2715 γαστέρας.
1673 2674 1773 2703 Σκόπει
1788 2673 1814 2702 δέ
1838 2681 1877 2708 μοι

1065 2727 1108 2754 καὶ
1136 2725 1184 2758 τὴν
1214 2721 1347 2762 ἀκρίϐειαν
1368 2732 1415 2749 τοι)
1441 2720 1642 2761 εὐαγγελιστοῦ,
1679 2722 1735 2751 πῶς
1757 2718 1806 2759 ἔφη
1826 2715 1878 2754 περὶ
