  <div class='ocr_page' id='page_1' title='image "/cluster/home/n/w/nwhite01/storage/ocr_20150623/123/njp.32101077773024/563.png"; bbox 0 0 1933 3084; ppageno 0'>
   <div class='ocr_carea' id='block_1_1' title="bbox 235 167 294 203">
    <p class='ocr_par' dir='ltr' id='par_1_1' title="bbox 235 167 294 203">
     <span class='ocr_line' id='line_1_1' title="bbox 235 167 294 203; baseline 0.068 -4"><span class='ocrx_word' id='word_1_1' title='bbox 235 167 294 203; x_wconf 88' lang='lat'><strong>803</strong></span> 
     </span>
    </p>
   </div>
   <div class='ocr_carea' id='block_1_2' title="bbox 720 166 1446 201">
    <p class='ocr_par' dir='ltr' id='par_1_2' title="bbox 720 166 1446 201">
     <span class='ocr_line' id='line_1_2' title="bbox 720 166 1446 201; baseline -0.001 -1"><span class='ocrx_word' id='word_1_2' title='bbox 720 166 1018 201; x_wconf 83' lang='lat' dir='ltr'><strong>THEOPHYLACTI</strong></span> <span class='ocrx_word' id='word_1_3' title='bbox 1039 167 1244 200; x_wconf 77' lang='lat' dir='ltr'><strong>BULGARLE</strong></span> <span class='ocrx_word' id='word_1_4' title='bbox 1266 167 1446 199; x_wconf 77' lang='lat' dir='ltr'><strong>ARCHIEP.</strong></span> 
     </span>
    </p>
   </div>
   <div class='ocr_carea' id='block_1_3' title="bbox 1852 168 1898 199">
    <p class='ocr_par' dir='ltr' id='par_1_3' title="bbox 1852 168 1898 199">
     <span class='ocr_line' id='line_1_3' title="bbox 1852 168 1898 199; baseline 0 0"><span class='ocrx_word' id='word_1_5' title='bbox 1852 168 1898 199; x_wconf 63' lang='grc'><strong>804</strong></span> 
     </span>
    </p>
   </div>
   <div class='ocr_carea' id='block_1_4' title="bbox 235 235 1248 276">
    <p class='ocr_par' dir='ltr' id='par_1_4' title="bbox 235 235 1248 276">
     <span class='ocr_line' id='line_1_4' title="bbox 235 235 1248 276; baseline -0.002 -11"><span class='ocrx_word' id='word_1_6' title='bbox 235 236 329 274; x_wconf 79' lang='lat' dir='ltr'><strong>gnatis</strong></span> <span class='ocrx_word' id='word_1_7' title='bbox 344 236 419 276; x_wconf 82' lang='lat' dir='ltr'><strong>ejus,</strong></span> <span class='ocrx_word' id='word_1_8' title='bbox 435 236 498 275; x_wconf 79' lang='lat' dir='ltr'><strong>ipse</strong></span> <span class='ocrx_word' id='word_1_9' title='bbox 524 235 737 267; x_wconf 86' lang='lat' dir='ltr'><strong>fraternitatem</strong></span> <span class='ocrx_word' id='word_1_10' title='bbox 763 245 822 265; x_wconf 88' lang='lat' dir='ltr'><strong>non</strong></span> <span class='ocrx_word' id='word_1_11' title='bbox 850 235 879 266; x_wconf 95' lang='lat' dir='ltr'><strong>in</strong></span> <span class='ocrx_word' id='word_1_12' title='bbox 897 245 985 275; x_wconf 87' lang='lat' dir='ltr'><strong>parvo</strong></span> <span class='ocrx_word' id='word_1_13' title='bbox 999 247 1056 267; x_wconf 88' lang='lat' dir='ltr'><strong>uu-</strong></span> <span class='ocrx_word' id='word_1_14' title='bbox 1070 242 1086 265; x_wconf 84' lang='lat' dir='ltr'><strong>A</strong></span> <span class='ocrx_word' id='word_1_15' title='bbox 1101 237 1175 265; x_wconf 76' lang='grc' dir='ltr'>Ἐπεὶ</span> <span class='ocrx_word' id='word_1_16' title='bbox 1200 236 1248 276; x_wconf 79' lang='grc' dir='ltr'><strong>γὰρ</strong></span> 
     </span>
    </p>
   </div>
   <div class='ocr_carea' id='block_1_5' title="bbox 1119 235 1900 276">
    <p class='ocr_par' dir='ltr' id='par_1_5' title="bbox 1119 236 1900 276">
     <span class='ocr_line' id='line_1_5' title="bbox 1119 236 1900 276; baseline -0.003 -11"><span class='ocrx_word' id='word_1_17' title='bbox 1119 237 1175 265; x_wconf 67' lang='grc' dir='ltr'>ἐπεὶ</span> <span class='ocrx_word' id='word_1_18' title='bbox 1200 236 1250 276; x_wconf 78' lang='grc' dir='ltr'><strong>γὰρ</strong></span> <span class='ocrx_word' id='word_1_19' title='bbox 1277 238 1354 264; x_wconf 80' lang='grc' dir='ltr'>εἷπον</span> <span class='ocrx_word' id='word_1_20' title='bbox 1398 237 1469 273; x_wconf 76' lang='grc' dir='ltr'>αὖτῴ</span> <span class='ocrx_word' id='word_1_21' title='bbox 1506 246 1576 268; x_wconf 76' lang='grc' dir='ltr'>τινες</span> <span class='ocrx_word' id='word_1_22' title='bbox 1607 236 1667 274; x_wconf 81' lang='grc' dir='ltr'>περὶ</span> <span class='ocrx_word' id='word_1_23' title='bbox 1695 237 1747 264; x_wconf 79' lang='grc' dir='ltr'>τῶν</span> <span class='ocrx_word' id='word_1_24' title='bbox 1786 239 1900 274; x_wconf 79' lang='grc' dir='ltr'>συγγινῶν</span> 
     </span>
    </p>
   </div>
   <div class='ocr_carea' id='block_1_6' title="bbox 1102 273 1932 320">
    <p class='ocr_par' dir='ltr' id='par_1_6' title="bbox 1102 273 1932 320">
     <span class='ocr_line' id='line_1_6' title="bbox 1102 273 1932 320; baseline -0.001 -11"><span class='ocrx_word' id='word_1_25' title='bbox 1102 273 1295 320; x_wconf 37' lang='lat' dir='ltr'><strong>1&#39;3106,&#39;abtbc</strong></span> <span class='ocrx_word' id='word_1_26' title='bbox 1317 280 1347 308; x_wconf 73' lang='grc' dir='ltr'>οὗ</span> <span class='ocrx_word' id='word_1_27' title='bbox 1374 279 1517 320; x_wconf 84' lang='grc' dir='ltr'>περιγλείει</span> <span class='ocrx_word' id='word_1_28' title='bbox 1547 279 1574 308; x_wconf 75' lang='grc' dir='ltr'>ἐν</span> <span class='ocrx_word' id='word_1_29' title='bbox 1605 273 1706 319; x_wconf 84' lang='grc' dir='ltr'>ὀλίγοις</span> <span class='ocrx_word' id='word_1_30' title='bbox 1734 279 1779 313; x_wconf 76' lang='grc' dir='ltr'><strong>τὴν</strong></span> <span class='ocrx_word' id='word_1_31' title='bbox 1806 273 1901 319; x_wconf 66' lang='grc' dir='ltr'>ἀδελφά·</span> <span class='ocrx_word' id='word_1_32' title='bbox 1931 273 1932 283; x_wconf 35' lang='grc' dir='ltr'><strong>ί</strong></span> 
     </span>
    </p>
   </div>
   <div class='ocr_carea' id='block_1_7' title="bbox 235 279 1057 321">
    <p class='ocr_par' dir='ltr' id='par_1_7' title="bbox 235 279 1057 321">
     <span class='ocr_line' id='line_1_7' title="bbox 235 279 1057 321; baseline 0.002 -11"><span class='ocrx_word' id='word_1_33' title='bbox 235 289 318 311; x_wconf 90' lang='lat' dir='ltr'><strong>mero</strong></span> <span class='ocrx_word' id='word_1_34' title='bbox 333 280 453 316; x_wconf 83' lang='lat' dir='ltr'><strong>claudit,</strong></span> <span class='ocrx_word' id='word_1_35' title='bbox 472 289 568 320; x_wconf 89' lang='lat' dir='ltr'><strong>neque</strong></span> <span class='ocrx_word' id='word_1_36' title='bbox 584 280 652 312; x_wconf 86' lang='lat' dir='ltr'><strong>ﬁliis</strong></span> <span class='ocrx_word' id='word_1_37' title='bbox 667 279 778 321; x_wconf 85' lang='lat' dir='ltr'><strong>Joseph</strong></span> <span class='ocrx_word' id='word_1_38' title='bbox 803 281 882 311; x_wconf 90' lang='lat' dir='ltr'><strong>hunc</strong></span> <span class='ocrx_word' id='word_1_39' title='bbox 913 282 1057 313; x_wconf 87' lang='lat' dir='ltr'><strong>honorem</strong></span> 
     </span>
    </p>
   </div>
   <div class='ocr_carea' id='block_1_8' title="bbox 234 324 1059 365">
    <p class='ocr_par' dir='ltr' id='par_1_8' title="bbox 234 324 1059 365">
     <span class='ocr_line' id='line_1_8' title="bbox 234 324 1059 365; baseline 0.004 -11"><span class='ocrx_word' id='word_1_40' title='bbox 234 324 295 361; x_wconf 84' lang='lat' dir='ltr'><strong>dat,</strong></span> <span class='ocrx_word' id='word_1_41' title='bbox 310 329 341 355; x_wconf 93' lang='lat' dir='ltr'><strong>ut</strong></span> <span class='ocrx_word' id='word_1_42' title='bbox 355 324 410 355; x_wconf 85' lang='lat' dir='ltr'><strong>soli</strong></span> <span class='ocrx_word' id='word_1_43' title='bbox 420 325 478 355; x_wconf 91' lang='lat' dir='ltr'><strong>sint</strong></span> <span class='ocrx_word' id='word_1_44' title='bbox 495 324 598 356; x_wconf 76' lang='lat' dir='ltr'><strong>fratres</strong></span> <span class='ocrx_word' id='word_1_45' title='bbox 612 335 619 355; x_wconf 87' lang='lat'>:</span> <span class='ocrx_word' id='word_1_46' title='bbox 637 325 688 355; x_wconf 88' lang='lat' dir='ltr'><strong>sed</strong></span> <span class='ocrx_word' id='word_1_47' title='bbox 702 325 771 365; x_wconf 85' lang='lat' dir='ltr'><strong>quia</strong></span> <span class='ocrx_word' id='word_1_48' title='bbox 783 325 861 355; x_wconf 83' lang='lat' dir='ltr'><strong>venit</strong></span> <span class='ocrx_word' id='word_1_49' title='bbox 872 329 962 356; x_wconf 88' lang='lat' dir='ltr'><strong>totum</strong></span> <span class='ocrx_word' id='word_1_50' title='bbox 975 336 1059 357; x_wconf 90' lang='lat' dir='ltr'><strong>mun-</strong></span> 
     </span>
    </p>
   </div>
   <div class='ocr_carea' id='block_1_9' title="bbox 234 369 1059 407">
    <p class='ocr_par' dir='ltr' id='par_1_9' title="bbox 234 369 1059 407">
     <span class='ocr_line' id='line_1_9' title="bbox 234 369 1059 407; baseline 0.001 -7"><span class='ocrx_word' id='word_1_51' title='bbox 234 369 303 400; x_wconf 91' lang='lat' dir='ltr'><strong>dum</strong></span> <span class='ocrx_word' id='word_1_52' title='bbox 322 378 454 407; x_wconf 83' lang='lat' dir='ltr'><strong>servare,</strong></span> <span class='ocrx_word' id='word_1_53' title='bbox 465 374 494 400; x_wconf 89' lang='lat' dir='ltr'><strong>et</strong></span> <span class='ocrx_word' id='word_1_54' title='bbox 510 379 614 400; x_wconf 90' lang='lat' dir='ltr'><strong>omnes</strong></span> <span class='ocrx_word' id='word_1_55' title='bbox 631 370 738 400; x_wconf 76' lang='lat' dir='ltr'><strong>fratres</strong></span> <span class='ocrx_word' id='word_1_56' title='bbox 753 370 950 404; x_wconf 78' lang='lat' dir='ltr'><strong>facere,dicit:</strong></span> <span class='ocrx_word' id='word_1_57' title='bbox 965 373 1059 403; x_wconf 83' lang='lat' dir='ltr'><strong>Mater</strong></span> 
     </span>
    </p>
   </div>
   <div class='ocr_carea' id='block_1_10' title="bbox 234 414 1058 455">
    <p class='ocr_par' dir='ltr' id='par_1_10' title="bbox 234 414 1058 455">
     <span class='ocr_line' id='line_1_10' title="bbox 234 414 1058 455; baseline 0.002 -11"><span class='ocrx_word' id='word_1_58' title='bbox 234 422 300 444; x_wconf 84' lang='lat' dir='ltr'><strong>mea</strong></span> <span class='ocrx_word' id='word_1_59' title='bbox 310 418 341 445; x_wconf 86' lang='lat' dir='ltr'><strong>et</strong></span> <span class='ocrx_word' id='word_1_60' title='bbox 356 414 459 445; x_wconf 86' lang='lat' dir='ltr'><strong>fratres</strong></span> <span class='ocrx_word' id='word_1_61' title='bbox 475 414 534 445; x_wconf 92' lang='lat' dir='ltr'><strong>mei</strong></span> <span class='ocrx_word' id='word_1_62' title='bbox 556 414 583 444; x_wconf 89' lang='lat' dir='ltr'><strong>hi</strong></span> <span class='ocrx_word' id='word_1_63' title='bbox 600 419 668 445; x_wconf 92' lang='lat' dir='ltr'><strong>sunt</strong></span> <span class='ocrx_word' id='word_1_64' title='bbox 683 415 731 455; x_wconf 92' lang='lat' dir='ltr'><strong>qui</strong></span> <span class='ocrx_word' id='word_1_65' title='bbox 747 423 916 445; x_wconf 83' lang='lat' dir='ltr'><strong>sermonem</strong></span> <span class='ocrx_word' id='word_1_66' title='bbox 934 415 986 446; x_wconf 88' lang='lat' dir='ltr'><strong>Dei</strong></span> <span class='ocrx_word' id='word_1_67' title='bbox 1003 426 1058 446; x_wconf 81' lang='lat' dir='ltr'><strong>au-</strong></span> 
     </span>
    </p>
   </div>
   <div class='ocr_carea' id='block_1_11' title="bbox 233 458 1060 499">
    <p class='ocr_par' dir='ltr' id='par_1_11' title="bbox 233 458 1060 499">
     <span class='ocr_line' id='line_1_11' title="bbox 233 458 1060 499; baseline 0.004 -11"><span class='ocrx_word' id='word_1_68' title='bbox 233 458 327 489; x_wconf 92' lang='lat' dir='ltr'><strong>diunt.</strong></span> <span class='ocrx_word' id='word_1_69' title='bbox 335 458 448 490; x_wconf 90' lang='lat' dir='ltr'><strong>Deinde</strong></span> <span class='ocrx_word' id='word_1_70' title='bbox 463 459 532 499; x_wconf 83' lang='lat' dir='ltr'><strong>quia</strong></span> <span class='ocrx_word' id='word_1_71' title='bbox 542 459 621 490; x_wconf 88' lang='lat' dir='ltr'><strong>nuda</strong></span> <span class='ocrx_word' id='word_1_72' title='bbox 638 464 666 490; x_wconf 88' lang='lat' dir='ltr'><strong>et</strong></span> <span class='ocrx_word' id='word_1_73' title='bbox 682 459 745 489; x_wconf 86' lang='lat' dir='ltr'><strong>sola</strong></span> <span class='ocrx_word' id='word_1_74' title='bbox 753 459 864 489; x_wconf 75' lang='lat' dir='ltr'><strong>auditio</strong></span> <span class='ocrx_word' id='word_1_75' title='bbox 878 459 989 491; x_wconf 91' lang='lat' dir='ltr'><strong>nullum</strong></span> <span class='ocrx_word' id='word_1_76' title='bbox 1002 470 1060 491; x_wconf 89' lang='lat' dir='ltr'><strong>ser-</strong></span> 
     </span>
    </p>
   </div>
   <div class='ocr_carea' id='block_1_12' title="bbox 233 503 1057 543">
    <p class='ocr_par' dir='ltr' id='par_1_12' title="bbox 233 503 1057 543">
     <span class='ocr_line' id='line_1_12' title="bbox 233 503 1057 543; baseline 0.005 -11"><span class='ocrx_word' id='word_1_77' title='bbox 233 507 290 540; x_wconf 89' lang='lat' dir='ltr'><strong>vat,</strong></span> <span class='ocrx_word' id='word_1_78' title='bbox 303 503 353 534; x_wconf 88' lang='lat' dir='ltr'><strong>sed</strong></span> <span class='ocrx_word' id='word_1_79' title='bbox 368 503 461 543; x_wconf 83' lang='lat' dir='ltr'><strong>magis</strong></span> <span class='ocrx_word' id='word_1_80' title='bbox 476 504 666 540; x_wconf 81' lang='lat' dir='ltr'><strong>condemnat,</strong></span> <span class='ocrx_word' id='word_1_81' title='bbox 679 504 752 534; x_wconf 84' lang='lat' dir='ltr'><strong>dicit</strong></span> <span class='ocrx_word' id='word_1_82' title='bbox 770 515 775 532; x_wconf 91' lang='lat'>:</span> <span class='ocrx_word' id='word_1_83' title='bbox 793 508 822 534; x_wconf 88' lang='lat' dir='ltr'><strong>et</strong></span> <span class='ocrx_word' id='word_1_84' title='bbox 838 504 946 535; x_wconf 86' lang='lat' dir='ltr'><strong>faciunt</strong></span> <span class='ocrx_word' id='word_1_85' title='bbox 960 505 1057 537; x_wconf 92' lang='lat' dir='ltr'><strong>illum.</strong></span> 
     </span>
    </p>
   </div>
   <div class='ocr_carea' id='block_1_13' title="bbox 233 547 1057 588">
    <p class='ocr_par' dir='ltr' id='par_1_13' title="bbox 233 547 1057 588">
     <span class='ocr_line' id='line_1_13' title="bbox 233 547 1057 588; baseline 0.002 -10"><span class='ocrx_word' id='word_1_86' title='bbox 233 547 356 588; x_wconf 86' lang='lat' dir='ltr'><strong>Oportet</strong></span> <span class='ocrx_word' id='word_1_87' title='bbox 370 548 458 588; x_wconf 77' lang='lat' dir='ltr'><strong>igitur</strong></span> <span class='ocrx_word' id='word_1_88' title='bbox 473 549 588 588; x_wconf 88' lang='lat' dir='ltr'><strong>audire,</strong></span> <span class='ocrx_word' id='word_1_89' title='bbox 607 554 635 579; x_wconf 88' lang='lat' dir='ltr'><strong>et</strong></span> <span class='ocrx_word' id='word_1_90' title='bbox 652 549 759 580; x_wconf 89' lang='lat' dir='ltr'><strong>facere.</strong></span> <span class='ocrx_word' id='word_1_91' title='bbox 778 548 867 579; x_wconf 83' lang='lat' dir='ltr'><strong>Porro</strong></span> <span class='ocrx_word' id='word_1_92' title='bbox 889 559 1057 580; x_wconf 86' lang='lat' dir='ltr'><strong>sermonem</strong></span> 
     </span>
    </p>
   </div>
   <div class='ocr_carea' id='block_1_14' title="bbox 233 593 1057 635">
    <p class='ocr_par' dir='ltr' id='par_1_14' title="bbox 233 593 1057 635">
     <span class='ocr_line' id='line_1_14' title="bbox 233 593 1057 635; baseline 0.002 -12"><span class='ocrx_word' id='word_1_93' title='bbox 233 594 286 624; x_wconf 89' lang='lat' dir='ltr'><strong>Dei</strong></span> <span class='ocrx_word' id='word_1_94' title='bbox 302 603 385 624; x_wconf 84' lang='lat' dir='ltr'><strong>suam</strong></span> <span class='ocrx_word' id='word_1_95' title='bbox 399 594 564 624; x_wconf 87' lang='lat' dir='ltr'><strong>doctrinam</strong></span> <span class='ocrx_word' id='word_1_96' title='bbox 580 598 676 624; x_wconf 73' lang='lat' dir='ltr'><strong>vocat.</strong></span> <span class='ocrx_word' id='word_1_97' title='bbox 693 593 883 634; x_wconf 64' lang='lat' dir='ltr'><strong>Quaecunque</strong></span> <span class='ocrx_word' id='word_1_98' title='bbox 899 595 978 624; x_wconf 90' lang='lat' dir='ltr'><strong>enim</strong></span> <span class='ocrx_word' id='word_1_99' title='bbox 994 595 1057 635; x_wconf 89' lang='lat' dir='ltr'><strong>ipse</strong></span> 
     </span>
    </p>
   </div>
   <div class='ocr_carea' id='block_1_15' title="bbox 233 638 1056 680">
    <p class='ocr_par' dir='ltr' id='par_1_15' title="bbox 233 638 1056 680">
     <span class='ocr_line' id='line_1_15' title="bbox 233 638 1056 680; baseline 0.002 -12"><span class='ocrx_word' id='word_1_100' title='bbox 233 638 363 678; x_wconf 81' lang='lat' dir='ltr'><strong>dicebat,</strong></span> <span class='ocrx_word' id='word_1_101' title='bbox 380 639 476 669; x_wconf 85' lang='lat' dir='ltr'><strong>Patris</strong></span> <span class='ocrx_word' id='word_1_102' title='bbox 489 638 535 668; x_wconf 89' lang='lat' dir='ltr'><strong>sui</strong></span> <span class='ocrx_word' id='word_1_103' title='bbox 551 643 644 675; x_wconf 82' lang='lat' dir='ltr'><strong>erant,</strong></span> <span class='ocrx_word' id='word_1_104' title='bbox 658 639 703 668; x_wconf 87' lang='lat' dir='ltr'><strong>cui</strong></span> <span class='ocrx_word' id='word_1_105' title='bbox 720 648 777 669; x_wconf 90' lang='lat' dir='ltr'><strong>non</strong></span> <span class='ocrx_word' id='word_1_106' title='bbox 794 639 848 669; x_wconf 90' lang='lat' dir='ltr'><strong>fuit</strong></span> <span class='ocrx_word' id='word_1_107' title='bbox 859 639 1056 680; x_wconf 81' lang='lat' dir='ltr'><strong>adversarius,</strong></span> 
     </span>
    </p>
   </div>
   <div class='ocr_carea' id='block_1_16' title="bbox 233 682 1056 724">
    <p class='ocr_par' dir='ltr' id='par_1_16' title="bbox 233 682 1056 724">
     <span class='ocr_line' id='line_1_16' title="bbox 233 682 1056 724; baseline 0.004 -12"><span class='ocrx_word' id='word_1_108' title='bbox 233 688 264 714; x_wconf 89' lang='lat' dir='ltr'><strong>ut</strong></span> <span class='ocrx_word' id='word_1_109' title='bbox 278 683 355 713; x_wconf 87' lang='lat' dir='ltr'><strong>dicat</strong></span> <span class='ocrx_word' id='word_1_110' title='bbox 369 692 433 723; x_wconf 79' lang='lat' dir='ltr'><strong>quae</strong></span> <span class='ocrx_word' id='word_1_111' title='bbox 449 682 501 713; x_wconf 90' lang='lat' dir='ltr'><strong>Dei</strong></span> <span class='ocrx_word' id='word_1_112' title='bbox 517 692 575 713; x_wconf 86' lang='lat' dir='ltr'><strong>non</strong></span> <span class='ocrx_word' id='word_1_113' title='bbox 587 684 706 714; x_wconf 77' lang='lat' dir='ltr'><strong>sunt.At</strong></span> <span class='ocrx_word' id='word_1_114' title='bbox 719 683 852 724; x_wconf 80' lang='lat' dir='ltr'><strong>plerique</strong></span> <span class='ocrx_word' id='word_1_115' title='bbox 868 684 964 714; x_wconf 89' lang='lat' dir='ltr'><strong>locum</strong></span> <span class='ocrx_word' id='word_1_116' title='bbox 978 685 1056 715; x_wconf 89' lang='lat' dir='ltr'><strong>hunc</strong></span> 
     </span>
    </p>
   </div>
   <div class='ocr_carea' id='block_1_17' title="bbox 233 727 1055 768">
    <p class='ocr_par' dir='ltr' id='par_1_17' title="bbox 233 727 1055 768">
     <span class='ocr_line' id='line_1_17' title="bbox 233 727 1055 768; baseline 0.002 -11"><span class='ocrx_word' id='word_1_117' title='bbox 233 728 276 758; x_wconf 86' lang='lat' dir='ltr'><strong>sic</strong></span> <span class='ocrx_word' id='word_1_118' title='bbox 291 727 466 767; x_wconf 78' lang='lat' dir='ltr'><strong>intelligunt.</strong></span> <span class='ocrx_word' id='word_1_119' title='bbox 486 727 565 768; x_wconf 87' lang='lat' dir='ltr'><strong>quod</strong></span> <span class='ocrx_word' id='word_1_120' title='bbox 589 729 707 767; x_wconf 87' lang='lat' dir='ltr'><strong>quidam</strong></span> <span class='ocrx_word' id='word_1_121' title='bbox 739 727 887 759; x_wconf 86' lang='lat' dir='ltr'><strong>irriserint</strong></span> <span class='ocrx_word' id='word_1_122' title='bbox 905 728 1055 760; x_wconf 88' lang='lat' dir='ltr'><strong>Christum</strong></span> 
     </span>
    </p>
   </div>
   <div class='ocr_carea' id='block_1_18' title="bbox 232 772 1055 809">
    <p class='ocr_par' dir='ltr' id='par_1_18' title="bbox 232 772 1055 809">
     <span class='ocr_line' id='line_1_18' title="bbox 232 772 1055 809; baseline 0.002 -7"><span class='ocrx_word' id='word_1_123' title='bbox 232 772 399 809; x_wconf 78' lang='lat' dir='ltr'><strong>docentem,</strong></span> <span class='ocrx_word' id='word_1_124' title='bbox 425 777 453 802; x_wconf 90' lang='lat' dir='ltr'><strong>et</strong></span> <span class='ocrx_word' id='word_1_125' title='bbox 464 772 500 803; x_wconf 92' lang='lat' dir='ltr'><strong>ob</strong></span> <span class='ocrx_word' id='word_1_126' title='bbox 517 772 682 803; x_wconf 83' lang='lat' dir='ltr'><strong>doctrinam</strong></span> <span class='ocrx_word' id='word_1_127' title='bbox 699 782 781 803; x_wconf 88' lang='lat' dir='ltr'><strong>suam</strong></span> <span class='ocrx_word' id='word_1_128' title='bbox 801 773 906 804; x_wconf 84' lang='lat' dir='ltr'><strong>factum</strong></span> <span class='ocrx_word' id='word_1_129' title='bbox 923 774 1055 804; x_wconf 86' lang='lat' dir='ltr'><strong>admira—</strong></span> 
     </span>
    </p>
   </div>
   <div class='ocr_carea' id='block_1_19' title="bbox 232 816 1056 856">
    <p class='ocr_par' dir='ltr' id='par_1_19' title="bbox 232 816 1056 856">
     <span class='ocr_line' id='line_1_19' title="bbox 232 816 1056 856; baseline 0.002 -9"><span class='ocrx_word' id='word_1_130' title='bbox 232 816 335 852; x_wconf 86' lang='lat' dir='ltr'><strong>bilem,</strong></span> <span class='ocrx_word' id='word_1_131' title='bbox 354 821 384 847; x_wconf 93' lang='lat' dir='ltr'><strong>ut</strong></span> <span class='ocrx_word' id='word_1_132' title='bbox 402 826 454 856; x_wconf 89' lang='lat' dir='ltr'><strong>per</strong></span> <span class='ocrx_word' id='word_1_133' title='bbox 470 818 607 848; x_wconf 86' lang='lat' dir='ltr'><strong>invidiam</strong></span> <span class='ocrx_word' id='word_1_134' title='bbox 624 817 753 848; x_wconf 84' lang='lat' dir='ltr'><strong>dixerint</strong></span> <span class='ocrx_word' id='word_1_135' title='bbox 769 828 775 848; x_wconf 91' lang='lat'>:</span> <span class='ocrx_word' id='word_1_136' title='bbox 795 819 872 849; x_wconf 86' lang='lat' dir='ltr'><strong>Ecce</strong></span> <span class='ocrx_word' id='word_1_137' title='bbox 898 825 993 849; x_wconf 78' lang='lat' dir='ltr'><strong>mater</strong></span> <span class='ocrx_word' id='word_1_138' title='bbox 1009 824 1056 850; x_wconf 87' lang='lat' dir='ltr'><strong>tua</strong></span> 
     </span>
    </p>
   </div>
   <div class='ocr_carea' id='block_1_20' title="bbox 233 861 1056 904">
    <p class='ocr_par' dir='ltr' id='par_1_20' title="bbox 233 861 1056 904">
     <span class='ocr_line' id='line_1_20' title="bbox 233 861 1056 904; baseline 0.004 -13"><span class='ocrx_word' id='word_1_139' title='bbox 233 865 261 891; x_wconf 85' lang='lat' dir='ltr'><strong>et</strong></span> <span class='ocrx_word' id='word_1_140' title='bbox 276 861 380 892; x_wconf 79' lang='lat' dir='ltr'><strong>fratres</strong></span> <span class='ocrx_word' id='word_1_141' title='bbox 393 862 435 892; x_wconf 87' lang='lat' dir='ltr'><strong>tui</strong></span> <span class='ocrx_word' id='word_1_142' title='bbox 452 867 519 892; x_wconf 89' lang='lat' dir='ltr'><strong>sunt</strong></span> <span class='ocrx_word' id='word_1_143' title='bbox 535 862 616 898; x_wconf 86' lang='lat' dir='ltr'><strong>foris,</strong></span> <span class='ocrx_word' id='word_1_144' title='bbox 632 862 786 902; x_wconf 83' lang='lat' dir='ltr'><strong>cupien&#39;es</strong></span> <span class='ocrx_word' id='word_1_145' title='bbox 808 867 835 893; x_wconf 88' lang='lat' dir='ltr'><strong>te</strong></span> <span class='ocrx_word' id='word_1_146' title='bbox 856 863 968 899; x_wconf 85' lang='lat' dir='ltr'><strong>videre,</strong></span> <span class='ocrx_word' id='word_1_147' title='bbox 985 864 1056 904; x_wconf 87' lang='lat' dir='ltr'><strong>quia</strong></span> 
     </span>
    </p>
   </div>
   <div class='ocr_carea' id='block_1_21' title="bbox 233 906 1055 948">
    <p class='ocr_par' dir='ltr' id='par_1_21' title="bbox 233 906 1055 948">
     <span class='ocr_line' id='line_1_21' title="bbox 233 906 1055 948; baseline 0.002 -12"><span class='ocrx_word' id='word_1_148' title='bbox 233 910 327 937; x_wconf 87' lang='lat' dir='ltr'><strong>mater</strong></span> <span class='ocrx_word' id='word_1_149' title='bbox 342 906 435 946; x_wconf 82' lang='lat' dir='ltr'><strong>ipsius</strong></span> <span class='ocrx_word' id='word_1_150' title='bbox 465 906 617 937; x_wconf 68' lang='lat' dir='ltr'><strong>videbatur</strong></span> <span class='ocrx_word' id='word_1_151' title='bbox 632 907 696 937; x_wconf 88' lang='lat' dir='ltr'><strong>vilis</strong></span> <span class='ocrx_word' id='word_1_152' title='bbox 721 917 797 948; x_wconf 83' lang='lat' dir='ltr'><strong>esse,</strong></span> <span class='ocrx_word' id='word_1_153' title='bbox 816 912 844 938; x_wconf 92' lang='lat' dir='ltr'><strong>et</strong></span> <span class='ocrx_word' id='word_1_154' title='bbox 861 907 966 939; x_wconf 86' lang='lat' dir='ltr'><strong>fratres</strong></span> <span class='ocrx_word' id='word_1_155' title='bbox 991 909 1055 948; x_wconf 87' lang='lat' dir='ltr'><strong>ejus</strong></span> 
     </span>
    </p>
   </div>
   <div class='ocr_carea' id='block_1_22' title="bbox 1101 323 1904 365">
    <p class='ocr_par' dir='ltr' id='par_1_22' title="bbox 1101 323 1904 365">
     <span class='ocr_line' id='line_1_22' title="bbox 1101 323 1904 365; baseline -0.001 -12"><span class='ocrx_word' id='word_1_156' title='bbox 1101 337 1181 365; x_wconf 69' lang='grc' dir='ltr'>τητι,</span> <span class='ocrx_word' id='word_1_157' title='bbox 1208 325 1265 354; x_wconf 64' lang='grc' dir='ltr'>οὐδὲ</span> <span class='ocrx_word' id='word_1_158' title='bbox 1286 325 1346 358; x_wconf 79' lang='grc' dir='ltr'>τοὺς</span> <span class='ocrx_word' id='word_1_159' title='bbox 1369 337 1414 354; x_wconf 87' lang='grc' dir='ltr'><strong>του</strong></span> <span class='ocrx_word' id='word_1_160' title='bbox 1443 325 1543 365; x_wconf 74' lang='grc' dir='ltr'>Ἰωσὴφ</span> <span class='ocrx_word' id='word_1_161' title='bbox 1578 323 1678 356; x_wconf 72' lang='grc' dir='ltr'>παῖδας</span> <span class='ocrx_word' id='word_1_162' title='bbox 1705 323 1820 356; x_wconf 77' lang='grc' dir='ltr'>καταΞιοϊ</span> <span class='ocrx_word' id='word_1_163' title='bbox 1839 323 1904 352; x_wconf 77' lang='grc' dir='ltr'>ἀδελ·</span> 
     </span>
    </p>
   </div>
   <div class='ocr_carea' id='block_1_23' title="bbox 1101 365 1932 411">
    <p class='ocr_par' dir='ltr' id='par_1_23' title="bbox 1101 365 1932 411">
     <span class='ocr_line' id='line_1_23' title="bbox 1101 365 1932 411; baseline -0.002 -12"><span class='ocrx_word' id='word_1_164' title='bbox 1101 372 1165 411; x_wconf 60' lang='lat' dir='ltr'><strong>quoin;</strong></span> <span class='ocrx_word' id='word_1_165' title='bbox 1192 370 1288 408; x_wconf 78' lang='grc' dir='ltr'><strong>μόνους</strong></span> <span class='ocrx_word' id='word_1_166' title='bbox 1316 370 1407 410; x_wconf 67' lang='grc' dir='ltr'>ἔχειν,</span> <span class='ocrx_word' id='word_1_167' title='bbox 1435 369 1498 398; x_wconf 77' lang='grc' dir='ltr'>ἀλλ’</span> <span class='ocrx_word' id='word_1_168' title='bbox 1532 370 1589 398; x_wconf 78' lang='grc' dir='ltr'>ἐπεὶ</span> <span class='ocrx_word' id='word_1_169' title='bbox 1615 371 1660 398; x_wconf 76' lang='grc' dir='ltr'><strong>τὸν</strong></span> <span class='ocrx_word' id='word_1_170' title='bbox 1688 369 1786 407; x_wconf 78' lang='grc' dir='ltr'>κόσμον</span> <span class='ocrx_word' id='word_1_171' title='bbox 1819 368 1904 397; x_wconf 73' lang='grc' dir='ltr'>ἅπαντα</span> 
     </span>
    </p>
   </div>
   <div class='ocr_carea' id='block_1_24' title="bbox 1103 415 1304 455">
    <p class='ocr_par' dir='ltr' id='par_1_24' title="bbox 1103 415 1304 455">
     <span class='ocr_line' id='line_1_24' title="bbox 1103 415 1304 455; baseline 0 -12"><span class='ocrx_word' id='word_1_172' title='bbox 1103 415 1176 452; x_wconf 77' lang='grc' dir='ltr'>ἦλθε,</span> <span class='ocrx_word' id='word_1_173' title='bbox 1208 418 1304 455; x_wconf 70' lang='grc' dir='ltr'>σῶσαι,</span> 
     </span>
    </p>
   </div>
   <div class='ocr_carea' id='block_1_25' title="bbox 1101 456 1903 499">
    <p class='ocr_par' dir='ltr' id='par_1_25' title="bbox 1101 456 1903 499">
     <span class='ocr_line' id='line_1_25' title="bbox 1101 456 1903 499; baseline -0.004 -12"><span class='ocrx_word' id='word_1_174' title='bbox 1101 460 1166 499; x_wconf 77' lang='grc' dir='ltr'>φησί</span> <span class='ocrx_word' id='word_1_175' title='bbox 1182 467 1189 474; x_wconf 93' lang='grc'><strong><em>“</em></strong></span> <span class='ocrx_word' id='word_1_176' title='bbox 1219 460 1315 498; x_wconf 82' lang='grc' dir='ltr'>Μήτηρ</span> <span class='ocrx_word' id='word_1_177' title='bbox 1331 470 1381 497; x_wconf 89' lang='grc' dir='ltr'><strong>μου</strong></span> <span class='ocrx_word' id='word_1_178' title='bbox 1407 460 1451 487; x_wconf 85' lang='grc' dir='ltr'><strong>καὶ</strong></span> <span class='ocrx_word' id='word_1_179' title='bbox 1479 457 1587 498; x_wconf 76' lang='grc' dir='ltr'>ἀδελφοί</span> <span class='ocrx_word' id='word_1_180' title='bbox 1601 469 1653 496; x_wconf 86' lang='grc' dir='ltr'><strong>μου</strong></span> <span class='ocrx_word' id='word_1_181' title='bbox 1667 458 1732 485; x_wconf 81' lang='grc' dir='ltr'>εἰσιν</span> <span class='ocrx_word' id='word_1_182' title='bbox 1747 458 1770 485; x_wconf 76' lang='grc' dir='ltr'>οἱ</span> <span class='ocrx_word' id='word_1_183' title='bbox 1783 458 1826 486; x_wconf 83' lang='grc' dir='ltr'><strong>τὸν</strong></span> <span class='ocrx_word' id='word_1_184' title='bbox 1838 456 1903 496; x_wconf 80' lang='grc' dir='ltr'>λόγον</span> 
     </span>
    </p>
   </div>
   <div class='ocr_carea' id='block_1_26' title="bbox 1100 500 1902 538">
    <p class='ocr_par' dir='ltr' id='par_1_26' title="bbox 1100 500 1902 538">
     <span class='ocr_line' id='line_1_26' title="bbox 1100 500 1902 538; baseline -0.005 -6"><span class='ocrx_word' id='word_1_185' title='bbox 1100 508 1146 532; x_wconf 79' lang='grc' dir='ltr'>τοῦ</span> <span class='ocrx_word' id='word_1_186' title='bbox 1173 507 1239 532; x_wconf 79' lang='grc' dir='ltr'>Θεοῦ</span> <span class='ocrx_word' id='word_1_187' title='bbox 1263 503 1414 535; x_wconf 81' lang='grc' dir='ltr'>ἀκούοντες.</span> <span class='ocrx_word' id='word_1_188' title='bbox 1438 506 1505 532; x_wconf 86' lang='grc' dir='ltr'>Εἶτα</span> <span class='ocrx_word' id='word_1_189' title='bbox 1540 502 1632 536; x_wconf 85' lang='grc' dir='ltr'>ἐπειδὴ</span> <span class='ocrx_word' id='word_1_190' title='bbox 1662 503 1693 530; x_wconf 70' lang='grc' dir='ltr'><strong>τὸ</strong></span> <span class='ocrx_word' id='word_1_191' title='bbox 1714 502 1815 530; x_wconf 76' lang='grc' dir='ltr'><strong>ἀκούειν</strong></span> <span class='ocrx_word' id='word_1_192' title='bbox 1839 500 1902 538; x_wconf 76' lang='grc' dir='ltr'>ψιλὸν</span> 
     </span>
    </p>
   </div>
   <div class='ocr_carea' id='block_1_27' title="bbox 1100 545 1901 586">
    <p class='ocr_par' dir='ltr' id='par_1_27' title="bbox 1100 545 1901 586">
     <span class='ocr_line' id='line_1_27' title="bbox 1100 545 1901 586; baseline -0.005 -9"><span class='ocrx_word' id='word_1_193' title='bbox 1100 548 1192 577; x_wconf 74' lang='grc' dir='ltr'>ο·ἶ›δένα</span> <span class='ocrx_word' id='word_1_194' title='bbox 1221 549 1310 586; x_wconf 78' lang='grc' dir='ltr'>σώζει,</span> <span class='ocrx_word' id='word_1_195' title='bbox 1342 549 1364 576; x_wconf 83' lang='grc' dir='ltr'><strong>εἰ</strong></span> <span class='ocrx_word' id='word_1_196' title='bbox 1393 549 1432 586; x_wconf 81' lang='grc' dir='ltr'><strong>μὴ</strong></span> <span class='ocrx_word' id='word_1_197' title='bbox 1457 547 1562 586; x_wconf 82' lang='grc' dir='ltr'>μᾶλλον</span> <span class='ocrx_word' id='word_1_198' title='bbox 1585 548 1630 576; x_wconf 84' lang='grc' dir='ltr'>καὶ</span> <span class='ocrx_word' id='word_1_199' title='bbox 1657 545 1901 586; x_wconf 38' lang='grc' dir='ltr'>κατακρινειίφησὶ,</span> 
     </span>
    </p>
   </div>
   <div class='ocr_carea' id='block_1_28' title="bbox 1099 592 1902 632">
    <p class='ocr_par' dir='ltr' id='par_1_28' title="bbox 1099 592 1902 632">
     <span class='ocr_line' id='line_1_28' title="bbox 1099 592 1902 632; baseline -0.004 -11"><span class='ocrx_word' id='word_1_200' title='bbox 1099 594 1144 621; x_wconf 67' lang='grc' dir='ltr'><strong>καὶ</strong></span> <span class='ocrx_word' id='word_1_201' title='bbox 1165 597 1314 624; x_wconf 79' lang='grc' dir='ltr'>ποιοῦντες.</span> <span class='ocrx_word' id='word_1_202' title='bbox 1338 593 1388 622; x_wconf 81' lang='grc' dir='ltr'>Δεῖ</span> <span class='ocrx_word' id='word_1_203' title='bbox 1415 594 1465 632; x_wconf 83' lang='grc' dir='ltr'><strong>γὰρ</strong></span> <span class='ocrx_word' id='word_1_204' title='bbox 1491 593 1559 631; x_wconf 85' lang='grc' dir='ltr'>μετὰ</span> <span class='ocrx_word' id='word_1_205' title='bbox 1573 596 1618 620; x_wconf 82' lang='grc' dir='ltr'>τοῦ</span> <span class='ocrx_word' id='word_1_206' title='bbox 1631 592 1748 629; x_wconf 77' lang='grc' dir='ltr'><strong>ἀκούειν,</strong></span> <span class='ocrx_word' id='word_1_207' title='bbox 1764 592 1806 619; x_wconf 80' lang='grc' dir='ltr'><strong>καὶ</strong></span> <span class='ocrx_word' id='word_1_208' title='bbox 1818 597 1902 621; x_wconf 71' lang='grc' dir='ltr'>ποιεῖν,</span> 
     </span>
    </p>
   </div>
   <div class='ocr_carea' id='block_1_29' title="bbox 1101 635 1903 676">
    <p class='ocr_par' dir='ltr' id='par_1_29' title="bbox 1101 635 1903 676">
     <span class='ocr_line' id='line_1_29' title="bbox 1101 635 1903 676; baseline -0.005 -10"><span class='ocrx_word' id='word_1_209' title='bbox 1101 638 1185 676; x_wconf 73' lang='grc' dir='ltr'>Λόγον</span> <span class='ocrx_word' id='word_1_210' title='bbox 1215 637 1242 665; x_wconf 75' lang='grc' dir='ltr'>δὲ</span> <span class='ocrx_word' id='word_1_211' title='bbox 1273 641 1337 666; x_wconf 73' lang='grc' dir='ltr'>Θεοῦ</span> <span class='ocrx_word' id='word_1_212' title='bbox 1358 638 1407 671; x_wconf 83' lang='grc' dir='ltr'><strong>τὴν</strong></span> <span class='ocrx_word' id='word_1_213' title='bbox 1443 639 1541 666; x_wconf 75' lang='grc' dir='ltr'>οἰκείαν</span> <span class='ocrx_word' id='word_1_214' title='bbox 1565 636 1736 665; x_wconf 66' lang='grc' dir='ltr'><strong>διδασκαλίαν</strong></span> <span class='ocrx_word' id='word_1_215' title='bbox 1763 636 1840 674; x_wconf 72' lang='grc' dir='ltr'>λέγει·</span> <span class='ocrx_word' id='word_1_216' title='bbox 1865 635 1903 663; x_wconf 78' lang='grc' dir='ltr'>ὅσα</span> 
     </span>
    </p>
   </div>
   <div class='ocr_carea' id='block_1_30' title="bbox 1099 679 1904 722">
    <p class='ocr_par' dir='ltr' id='par_1_30' title="bbox 1099 679 1904 722">
     <span class='ocr_line' id='line_1_30' title="bbox 1099 679 1904 722; baseline -0.002 -12"><span class='ocrx_word' id='word_1_217' title='bbox 1099 683 1149 722; x_wconf 81' lang='grc' dir='ltr'><strong>γὰρ</strong></span> <span class='ocrx_word' id='word_1_218' title='bbox 1164 683 1241 714; x_wconf 73' lang='grc' dir='ltr'>αὐτὸς</span> <span class='ocrx_word' id='word_1_219' title='bbox 1259 682 1346 722; x_wconf 79' lang='grc' dir='ltr'><strong>ἔλεγε⁷</strong></span> <span class='ocrx_word' id='word_1_220' title='bbox 1375 686 1420 711; x_wconf 73' lang='grc' dir='ltr'>τοῦ</span> <span class='ocrx_word' id='word_1_221' title='bbox 1449 683 1552 722; x_wconf 80' lang='grc' dir='ltr'>Πατρὸς</span> <span class='ocrx_word' id='word_1_222' title='bbox 1575 682 1655 710; x_wconf 72' lang='grc' dir='ltr'><strong>αὒτοῦ</strong></span> <span class='ocrx_word' id='word_1_223' title='bbox 1668 683 1749 714; x_wconf 84' lang='grc' dir='ltr'>ἦσαν.</span> <span class='ocrx_word' id='word_1_224' title='bbox 1767 683 1801 710; x_wconf 71' lang='grc' dir='ltr'><strong>Οὐ</strong></span> <span class='ocrx_word' id='word_1_225' title='bbox 1815 681 1859 719; x_wconf 70' lang='grc' dir='ltr'><strong>γὰρ</strong></span> <span class='ocrx_word' id='word_1_226' title='bbox 1879 679 1904 712; x_wconf 78' lang='grc' dir='ltr'>ἦν</span> 
     </span>
    </p>
   </div>
   <div class='ocr_carea' id='block_1_31' title="bbox 1099 722 1904 766">
    <p class='ocr_par' dir='ltr' id='par_1_31' title="bbox 1099 722 1904 766">
     <span class='ocr_line' id='line_1_31' title="bbox 1099 722 1904 766; baseline -0.004 -12"><span class='ocrx_word' id='word_1_227' title='bbox 1099 727 1215 758; x_wconf 73' lang='grc' dir='ltr'>ἀντίθεος</span> <span class='ocrx_word' id='word_1_228' title='bbox 1243 727 1312 755; x_wconf 82' lang='grc' dir='ltr'>ὥστε</span> <span class='ocrx_word' id='word_1_229' title='bbox 1329 727 1345 754; x_wconf 84' lang='grc' dir='ltr'>ἂ</span> <span class='ocrx_word' id='word_1_230' title='bbox 1366 726 1439 766; x_wconf 81' lang='grc' dir='ltr'>λέγει</span> <span class='ocrx_word' id='word_1_231' title='bbox 1460 727 1500 764; x_wconf 84' lang='grc' dir='ltr'>μὴ</span> <span class='ocrx_word' id='word_1_232' title='bbox 1522 727 1593 754; x_wconf 84' lang='grc' dir='ltr'>εἶναι</span> <span class='ocrx_word' id='word_1_233' title='bbox 1621 726 1668 754; x_wconf 76' lang='grc' dir='ltr'>τοῦ</span> <span class='ocrx_word' id='word_1_234' title='bbox 1696 729 1771 755; x_wconf 83' lang='grc' dir='ltr'>Θεοῦ.</span> <span class='ocrx_word' id='word_1_235' title='bbox 1795 725 1860 756; x_wconf 77' lang='grc' dir='ltr'>Τὶνὲς</span> <span class='ocrx_word' id='word_1_236' title='bbox 1884 722 1904 751; x_wconf 83' lang='grc' dir='ltr'>δὲ</span> 
     </span>
    </p>
   </div>
   <div class='ocr_carea' id='block_1_32' title="bbox 1098 768 1904 811">
    <p class='ocr_par' dir='ltr' id='par_1_32' title="bbox 1098 768 1904 811">
     <span class='ocr_line' id='line_1_32' title="bbox 1098 768 1904 811; baseline -0.001 -12"><span class='ocrx_word' id='word_1_237' title='bbox 1098 772 1128 799; x_wconf 77' lang='grc' dir='ltr'><strong>τὸ</strong></span> <span class='ocrx_word' id='word_1_238' title='bbox 1157 771 1257 811; x_wconf 78' lang='grc' dir='ltr'>χωρίον</span> <span class='ocrx_word' id='word_1_239' title='bbox 1277 775 1355 800; x_wconf 80' lang='grc' dir='ltr'>τοῦτο</span> <span class='ocrx_word' id='word_1_240' title='bbox 1371 771 1442 799; x_wconf 73' lang='grc' dir='ltr'>αῧτω</span> <span class='ocrx_word' id='word_1_241' title='bbox 1454 775 1571 810; x_wconf 70' lang='grc' dir='ltr'>νοοῦσιν,</span> <span class='ocrx_word' id='word_1_242' title='bbox 1601 770 1642 799; x_wconf 81' lang='grc' dir='ltr'><strong>ὅτι</strong></span> <span class='ocrx_word' id='word_1_243' title='bbox 1664 774 1710 799; x_wconf 81' lang='grc' dir='ltr'>τοῦ</span> <span class='ocrx_word' id='word_1_244' title='bbox 1743 770 1849 809; x_wconf 79' lang='grc' dir='ltr'>Χριστοῦ</span> <span class='ocrx_word' id='word_1_245' title='bbox 1871 768 1904 795; x_wconf 76' lang='grc' dir='ltr'>ει-</span> 
     </span>
    </p>
   </div>
   <div class='ocr_carea' id='block_1_33' title="bbox 1098 813 1903 853">
    <p class='ocr_par' dir='ltr' id='par_1_33' title="bbox 1098 813 1903 853">
     <span class='ocr_line' id='line_1_33' title="bbox 1098 813 1903 853; baseline -0.002 -10"><span class='ocrx_word' id='word_1_246' title='bbox 1098 815 1241 848; x_wconf 71' lang='grc' dir='ltr'>δέσκοντος</span> <span class='ocrx_word' id='word_1_247' title='bbox 1264 817 1308 844; x_wconf 77' lang='grc' dir='ltr'><strong>καί</strong></span> <span class='ocrx_word' id='word_1_248' title='bbox 1337 815 1537 853; x_wconf 64' lang='grc' dir='ltr'>εὐδοκιμοῦντος</span> <span class='ocrx_word' id='word_1_249' title='bbox 1566 815 1609 843; x_wconf 76' lang='grc' dir='ltr'>ἐπὶ</span> <span class='ocrx_word' id='word_1_250' title='bbox 1636 818 1671 853; x_wconf 76' lang='grc' dir='ltr'><strong>τῇ</strong></span> <span class='ocrx_word' id='word_1_251' title='bbox 1698 813 1903 850; x_wconf 67' lang='grc' dir='ltr'>διδασκαλίᾳ,τι-</span> 
     </span>
    </p>
   </div>
   <div class='ocr_carea' id='block_1_34' title="bbox 1097 859 1902 900">
    <p class='ocr_par' dir='ltr' id='par_1_34' title="bbox 1097 859 1902 900">
     <span class='ocr_line' id='line_1_34' title="bbox 1097 859 1902 900; baseline -0.002 -12"><span class='ocrx_word' id='word_1_252' title='bbox 1097 861 1140 892; x_wconf 79' lang='grc' dir='ltr'>νὲς</span> <span class='ocrx_word' id='word_1_253' title='bbox 1164 861 1342 900; x_wconf 74' lang='grc' dir='ltr'>φθονήσαντες</span> <span class='ocrx_word' id='word_1_254' title='bbox 1379 861 1423 889; x_wconf 80' lang='grc' dir='ltr'><strong>καὶ</strong></span> <span class='ocrx_word' id='word_1_255' title='bbox 1461 860 1550 900; x_wconf 82' lang='grc' dir='ltr'>ὥσπερ</span> <span class='ocrx_word' id='word_1_256' title='bbox 1584 859 1790 899; x_wconf 86' lang='grc' dir='ltr'>μυκτηρίζοντες</span> <span class='ocrx_word' id='word_1_257' title='bbox 1830 859 1902 894; x_wconf 77' lang='grc' dir='ltr'>αὐτὸν,</span> 
     </span>
    </p>
   </div>
   <div class='ocr_carea' id='block_1_35' title="bbox 1096 903 1903 945">
    <p class='ocr_par' dir='ltr' id='par_1_35' title="bbox 1096 903 1903 945">
     <span class='ocr_line' id='line_1_35' title="bbox 1096 903 1903 945; baseline -0.004 -12"><span class='ocrx_word' id='word_1_258' title='bbox 1096 906 1176 933; x_wconf 77' lang='grc' dir='ltr'>εἷπον</span> <span class='ocrx_word' id='word_1_259' title='bbox 1193 913 1200 920; x_wconf 81' lang='grc'><strong><em>⁸</em></strong></span> <span class='ocrx_word' id='word_1_260' title='bbox 1229 904 1296 933; x_wconf 79' lang='grc' dir='ltr'>Ἰδοὺ</span> <span class='ocrx_word' id='word_1_261' title='bbox 1310 906 1328 939; x_wconf 78' lang='grc' dir='ltr'>ἦ</span> <span class='ocrx_word' id='word_1_262' title='bbox 1343 906 1434 945; x_wconf 78' lang='grc' dir='ltr'>μήτηρ</span> <span class='ocrx_word' id='word_1_263' title='bbox 1456 916 1515 942; x_wconf 78' lang='grc' dir='ltr'><strong>σου⁷</strong></span> <span class='ocrx_word' id='word_1_264' title='bbox 1532 905 1577 932; x_wconf 83' lang='grc' dir='ltr'><strong>καὶ</strong></span> <span class='ocrx_word' id='word_1_265' title='bbox 1599 905 1622 933; x_wconf 74' lang='grc' dir='ltr'>οἱ</span> <span class='ocrx_word' id='word_1_266' title='bbox 1650 903 1759 944; x_wconf 69' lang='grc' dir='ltr'>ἀδελφοί</span> <span class='ocrx_word' id='word_1_267' title='bbox 1779 914 1823 931; x_wconf 80' lang='grc' dir='ltr'><strong>σου</strong></span> <span class='ocrx_word' id='word_1_268' title='bbox 1836 903 1903 936; x_wconf 76' lang='grc' dir='ltr'>ἐστή-</span> 
     </span>
    </p>
   </div>
   <div class='ocr_carea' id='block_1_36' title="bbox 1354 413 1932 454">
    <p class='ocr_par' dir='ltr' id='par_1_36' title="bbox 1354 413 1932 454">
     <span class='ocr_line' id='line_1_36' title="bbox 1354 413 1932 454; baseline -0.002 -12"><span class='ocrx_word' id='word_1_269' title='bbox 1354 415 1398 443; x_wconf 82' lang='grc' dir='ltr'><strong>καὶ</strong></span> <span class='ocrx_word' id='word_1_270' title='bbox 1433 415 1535 447; x_wconf 78' lang='grc' dir='ltr'>πάντας</span> <span class='ocrx_word' id='word_1_271' title='bbox 1586 413 1713 454; x_wconf 73' lang='grc' dir='ltr'>ἀδελφοὺς</span> <span class='ocrx_word' id='word_1_272' title='bbox 1751 415 1902 451; x_wconf 65' lang='grc' dir='ltr'><strong>ποιήσασθαι⁷</strong></span> <span class='ocrx_word' id='word_1_273' title='bbox 1931 413 1932 429; x_wconf 67' lang='grc'><em>³</em></span> 
     </span>
    </p>
   </div>
   <div class='ocr_carea' id='block_1_37' title="bbox 232 947 1248 993">
    <p class='ocr_par' dir='ltr' id='par_1_37' title="bbox 232 947 1246 993">
     <span class='ocr_line' id='line_1_37' title="bbox 232 947 1246 993; baseline 0.001 -12"><span class='ocrx_word' id='word_1_274' title='bbox 232 951 362 990; x_wconf 78' lang='lat' dir='ltr'><strong>obscuri,</strong></span> <span class='ocrx_word' id='word_1_275' title='bbox 377 955 477 992; x_wconf 87' lang='lat' dir='ltr'><strong>utpote</strong></span> <span class='ocrx_word' id='word_1_276' title='bbox 491 952 564 982; x_wconf 83' lang='lat' dir='ltr'><strong>fabri</strong></span> <span class='ocrx_word' id='word_1_277' title='bbox 581 951 644 989; x_wconf 83' lang='lat' dir='ltr'><strong>ﬁlii,</strong></span> <span class='ocrx_word' id='word_1_278' title='bbox 663 956 692 983; x_wconf 91' lang='lat' dir='ltr'><strong>et</strong></span> <span class='ocrx_word' id='word_1_279' title='bbox 710 952 820 983; x_wconf 90' lang='lat' dir='ltr'><strong>idcirco</strong></span> <span class='ocrx_word' id='word_1_280' title='bbox 835 954 916 993; x_wconf 86' lang='lat' dir='ltr'><strong>quasi</strong></span> <span class='ocrx_word' id='word_1_281' title='bbox 935 947 1052 992; x_wconf 83' lang='lat' dir='ltr'><strong>ignobi—</strong></span> <span class='ocrx_word' id='word_1_282' title='bbox 1066 966 1084 989; x_wconf 74' lang='grc' dir='ltr'>Β</span> <span class='ocrx_word' id='word_1_283' title='bbox 1096 961 1172 978; x_wconf 73' lang='grc' dir='ltr'>κασιν</span> <span class='ocrx_word' id='word_1_284' title='bbox 1198 949 1246 982; x_wconf 49' lang='grc' dir='ltr'>ἕω</span> 
     </span>
    </p>
   </div>
   <div class='ocr_carea' id='block_1_38' title="bbox 1119 947 1932 993">
    <p class='ocr_par' dir='ltr' id='par_1_38' title="bbox 1119 947 1932 988">
     <span class='ocr_line' id='line_1_38' title="bbox 1119 947 1932 988; baseline -0.005 -10"><span class='ocrx_word' id='word_1_285' title='bbox 1119 961 1172 978; x_wconf 78' lang='grc' dir='ltr'>ισιν</span> <span class='ocrx_word' id='word_1_286' title='bbox 1198 949 1258 987; x_wconf 48' lang='grc' dir='ltr'><strong>ἕω,</strong></span> <span class='ocrx_word' id='word_1_287' title='bbox 1281 949 1347 978; x_wconf 75' lang='grc' dir='ltr'><strong>ἰδεῖν</strong></span> <span class='ocrx_word' id='word_1_288' title='bbox 1364 960 1392 978; x_wconf 88' lang='grc' dir='ltr'><strong>σε</strong></span> <span class='ocrx_word' id='word_1_289' title='bbox 1409 949 1544 982; x_wconf 84' lang='grc' dir='ltr'>θέλοντες.</span> <span class='ocrx_word' id='word_1_290' title='bbox 1561 949 1636 978; x_wconf 78' lang='grc' dir='ltr'>Ἐπεὶ</span> <span class='ocrx_word' id='word_1_291' title='bbox 1652 949 1702 988; x_wconf 71' lang='grc' dir='ltr'><strong>γὰρ</strong></span> <span class='ocrx_word' id='word_1_292' title='bbox 1726 949 1745 982; x_wconf 78' lang='grc' dir='ltr'>ἡ</span> <span class='ocrx_word' id='word_1_293' title='bbox 1761 949 1846 987; x_wconf 79' lang='grc' dir='ltr'>μήτηρ</span> <span class='ocrx_word' id='word_1_294' title='bbox 1864 947 1904 975; x_wconf 73' lang='grc' dir='ltr'><strong>αὖ·</strong></span> <span class='ocrx_word' id='word_1_295' title='bbox 1931 955 1932 987; x_wconf 55' lang='lat' dir='ltr'><strong>l</strong></span> 
     </span>
    </p>
   </div>
   <div class='ocr_carea' id='block_1_39' title="bbox 231 995 1040 1036">
    <p class='ocr_par' dir='ltr' id='par_1_39' title="bbox 231 995 1040 1036">
     <span class='ocr_line' id='line_1_39' title="bbox 231 995 1040 1036; baseline 0.001 -11"><span class='ocrx_word' id='word_1_296' title='bbox 231 995 278 1029; x_wconf 77' lang='lat' dir='ltr'><strong>lis.</strong></span> <span class='ocrx_word' id='word_1_297' title='bbox 296 1000 417 1026; x_wconf 88' lang='lat' dir='ltr'><strong>matrem</strong></span> <span class='ocrx_word' id='word_1_298' title='bbox 437 996 501 1035; x_wconf 86' lang='lat' dir='ltr'><strong>ejus</strong></span> <span class='ocrx_word' id='word_1_299' title='bbox 517 1001 545 1026; x_wconf 87' lang='lat' dir='ltr'><strong>et</strong></span> <span class='ocrx_word' id='word_1_300' title='bbox 559 995 664 1026; x_wconf 82' lang='lat' dir='ltr'><strong>fratres</strong></span> <span class='ocrx_word' id='word_1_301' title='bbox 690 995 843 1026; x_wconf 89' lang='lat' dir='ltr'><strong>irridendo</strong></span> <span class='ocrx_word' id='word_1_302' title='bbox 860 996 1040 1036; x_wconf 87' lang='lat' dir='ltr'><strong>objiciebant</strong></span> 
     </span>
    </p>
   </div>
   <div class='ocr_carea' id='block_1_40' title="bbox 232 1040 1053 1081">
    <p class='ocr_par' dir='ltr' id='par_1_40' title="bbox 232 1040 1053 1081">
     <span class='ocr_line' id='line_1_40' title="bbox 232 1040 1053 1081; baseline -0.001 -10"><span class='ocrx_word' id='word_1_303' title='bbox 232 1040 362 1072; x_wconf 72' lang='lat' dir='ltr'><strong>Proinde</strong></span> <span class='ocrx_word' id='word_1_304' title='bbox 379 1040 477 1071; x_wconf 89' lang='lat' dir='ltr'><strong>sciens</strong></span> <span class='ocrx_word' id='word_1_305' title='bbox 492 1041 686 1079; x_wconf 72' lang='lat' dir='ltr'><strong>cogitationes</strong></span> <span class='ocrx_word' id='word_1_306' title='bbox 702 1050 818 1078; x_wconf 85' lang='lat' dir='ltr'><strong>eorum,</strong></span> <span class='ocrx_word' id='word_1_307' title='bbox 836 1040 911 1071; x_wconf 88' lang='lat' dir='ltr'><strong>Nihil</strong></span> <span class='ocrx_word' id='word_1_308' title='bbox 922 1041 1053 1081; x_wconf 80' lang='lat' dir='ltr'><strong>mihi,in.</strong></span> 
     </span>
    </p>
   </div>
   <div class='ocr_carea' id='block_1_41' title="bbox 230 1085 1054 1126">
    <p class='ocr_par' dir='ltr' id='par_1_41' title="bbox 230 1085 1054 1126">
     <span class='ocr_line' id='line_1_41' title="bbox 230 1085 1054 1126; baseline 0.001 -11"><span class='ocrx_word' id='word_1_309' title='bbox 230 1085 303 1126; x_wconf 89' lang='lat' dir='ltr'><strong>quit.</strong></span> <span class='ocrx_word' id='word_1_310' title='bbox 332 1090 418 1116; x_wconf 82' lang='lat' dir='ltr'><strong>nocet</strong></span> <span class='ocrx_word' id='word_1_311' title='bbox 443 1085 583 1125; x_wconf 83' lang='lat' dir='ltr'><strong>ignobilis</strong></span> <span class='ocrx_word' id='word_1_312' title='bbox 608 1085 743 1125; x_wconf 82' lang='lat' dir='ltr'><strong>cognatio</strong></span> <span class='ocrx_word' id='word_1_313' title='bbox 773 1086 833 1116; x_wconf 93' lang='lat' dir='ltr'><strong>lmo</strong></span> <span class='ocrx_word' id='word_1_314' title='bbox 854 1086 971 1116; x_wconf 86' lang='lat' dir='ltr'><strong>etiamsi</strong></span> <span class='ocrx_word' id='word_1_315' title='bbox 987 1085 1054 1126; x_wconf 89' lang='lat' dir='ltr'><strong>quis</strong></span> 
     </span>
    </p>
   </div>
   <div class='ocr_carea' id='block_1_42' title="bbox 230 1130 1049 1170">
    <p class='ocr_par' dir='ltr' id='par_1_42' title="bbox 230 1130 1049 1170">
     <span class='ocr_line' id='line_1_42' title="bbox 230 1130 1049 1170; baseline 0.001 -10"><span class='ocrx_word' id='word_1_316' title='bbox 230 1130 365 1170; x_wconf 84' lang='lat' dir='ltr'><strong>ignobilis</strong></span> <span class='ocrx_word' id='word_1_317' title='bbox 380 1130 478 1170; x_wconf 87' lang='lat' dir='ltr'><strong>fuerit,</strong></span> <span class='ocrx_word' id='word_1_318' title='bbox 495 1131 520 1161; x_wconf 89' lang='lat' dir='ltr'><strong>si</strong></span> <span class='ocrx_word' id='word_1_319' title='bbox 537 1135 633 1161; x_wconf 83' lang='lat' dir='ltr'><strong>tamen</strong></span> <span class='ocrx_word' id='word_1_320' title='bbox 648 1130 777 1161; x_wconf 87' lang='lat' dir='ltr'><strong>audierit</strong></span> <span class='ocrx_word' id='word_1_321' title='bbox 801 1139 968 1162; x_wconf 87' lang='lat' dir='ltr'><strong>sermonem</strong></span> <span class='ocrx_word' id='word_1_322' title='bbox 985 1130 1049 1166; x_wconf 87' lang='lat' dir='ltr'><strong>Dei,</strong></span> 
     </span>
    </p>
   </div>
   <div class='ocr_carea' id='block_1_43' title="bbox 230 1175 714 1216">
    <p class='ocr_par' dir='ltr' id='par_1_43' title="bbox 230 1175 714 1216">
     <span class='ocr_line' id='line_1_43' title="bbox 230 1175 714 1216; baseline -0.002 -11"><span class='ocrx_word' id='word_1_323' title='bbox 230 1175 324 1216; x_wconf 88' lang='lat' dir='ltr'><strong>ipsum</strong></span> <span class='ocrx_word' id='word_1_324' title='bbox 343 1184 441 1206; x_wconf 85' lang='lat' dir='ltr'><strong>meum</strong></span> <span class='ocrx_word' id='word_1_325' title='bbox 457 1179 614 1215; x_wconf 77' lang='lat' dir='ltr'><strong>cognatum</strong></span> <span class='ocrx_word' id='word_1_326' title='bbox 627 1175 714 1206; x_wconf 87' lang='lat' dir='ltr'><strong>facio.</strong></span> 
     </span>
    </p>
   </div>
   <div class='ocr_carea' id='block_1_44' title="bbox 270 1349 1051 1389">
    <p class='ocr_par' dir='ltr' id='par_1_44' title="bbox 270 1349 1051 1389">
     <span class='ocr_line' id='line_1_44' title="bbox 270 1349 1051 1389; baseline 0 -10"><span class='ocrx_word' id='word_1_327' title='bbox 270 1351 361 1381; x_wconf 74' lang='lat' dir='ltr'><strong>Vens.</strong></span> <span class='ocrx_word' id='word_1_328' title='bbox 378 1349 487 1380; x_wconf 49' lang='lat' dir='ltr'><strong>Q2425.</strong></span> <span class='ocrx_word' id='word_1_329' title='bbox 508 1361 518 1377; x_wconf 77' lang='grc' dir='ltr'><strong>ι</strong></span> <span class='ocrx_word' id='word_1_330' title='bbox 535 1351 653 1380; x_wconf 84' lang='lat' dir='ltr'><strong>Factum</strong></span> <span class='ocrx_word' id='word_1_331' title='bbox 671 1354 715 1380; x_wconf 73' lang='lat' dir='ltr'><strong>est</strong></span> <span class='ocrx_word' id='word_1_332' title='bbox 733 1354 831 1380; x_wconf 87' lang='lat' dir='ltr'><strong>autem</strong></span> <span class='ocrx_word' id='word_1_333' title='bbox 848 1351 975 1389; x_wconf 91' lang='lat' dir='ltr'><strong>quodam</strong></span> <span class='ocrx_word' id='word_1_334' title='bbox 992 1349 1051 1389; x_wconf 87' lang='lat' dir='ltr'><strong>die,</strong></span> 
     </span>
    </p>
   </div>
   <div class='ocr_carea' id='block_1_45' title="bbox 228 1394 1053 1435">
    <p class='ocr_par' dir='ltr' id='par_1_45' title="bbox 228 1394 1053 1435">
     <span class='ocr_line' id='line_1_45' title="bbox 228 1394 1053 1435; baseline -0.002 -9"><span class='ocrx_word' id='word_1_335' title='bbox 228 1399 258 1426; x_wconf 87' lang='lat' dir='ltr'><strong>et</strong></span> <span class='ocrx_word' id='word_1_336' title='bbox 273 1395 336 1435; x_wconf 90' lang='lat' dir='ltr'><strong>ipse</strong></span> <span class='ocrx_word' id='word_1_337' title='bbox 353 1395 486 1424; x_wconf 84' lang='lat' dir='ltr'><strong>ascendit</strong></span> <span class='ocrx_word' id='word_1_338' title='bbox 500 1394 530 1424; x_wconf 92' lang='lat' dir='ltr'><strong>in</strong></span> <span class='ocrx_word' id='word_1_339' title='bbox 548 1395 658 1430; x_wconf 84' lang='lat' dir='ltr'><strong>navim,</strong></span> <span class='ocrx_word' id='word_1_340' title='bbox 676 1399 705 1424; x_wconf 84' lang='lat' dir='ltr'><strong>et</strong></span> <span class='ocrx_word' id='word_1_341' title='bbox 719 1394 858 1434; x_wconf 81' lang='lat' dir='ltr'><strong>discipuli</strong></span> <span class='ocrx_word' id='word_1_342' title='bbox 875 1394 950 1433; x_wconf 84' lang='lat' dir='ltr'><strong>ejus,</strong></span> <span class='ocrx_word' id='word_1_343' title='bbox 969 1399 996 1425; x_wconf 88' lang='lat' dir='ltr'><strong>et</strong></span> <span class='ocrx_word' id='word_1_344' title='bbox 1014 1395 1053 1424; x_wconf 89' lang='lat' dir='ltr'><strong>ait</strong></span> 
     </span>
    </p>
   </div>
   <div class='ocr_carea' id='block_1_46' title="bbox 228 1438 1048 1478">
    <p class='ocr_par' dir='ltr' id='par_1_46' title="bbox 228 1438 1048 1478">
     <span class='ocr_line' id='line_1_46' title="bbox 228 1438 1048 1478; baseline -0.002 -8"><span class='ocrx_word' id='word_1_345' title='bbox 228 1440 262 1470; x_wconf 80' lang='lat' dir='ltr'><strong>ad</strong></span> <span class='ocrx_word' id='word_1_346' title='bbox 276 1439 353 1476; x_wconf 90' lang='lat' dir='ltr'><strong>illos,</strong></span> <span class='ocrx_word' id='word_1_347' title='bbox 371 1438 566 1478; x_wconf 83' lang='lat' dir='ltr'><strong>Trajiciamus</strong></span> <span class='ocrx_word' id='word_1_348' title='bbox 587 1439 616 1468; x_wconf 93' lang='lat' dir='ltr'><strong>iu</strong></span> <span class='ocrx_word' id='word_1_349' title='bbox 641 1439 813 1469; x_wconf 86' lang='lat' dir='ltr'><strong>ulteriorem</strong></span> <span class='ocrx_word' id='word_1_350' title='bbox 829 1438 923 1478; x_wconf 86' lang='lat' dir='ltr'><strong>ripam</strong></span> <span class='ocrx_word' id='word_1_351' title='bbox 944 1439 1048 1478; x_wconf 80' lang='lat' dir='ltr'><strong>stagui,</strong></span> 
     </span>
    </p>
   </div>
   <div class='ocr_carea' id='block_1_47' title="bbox 228 1482 1050 1522">
    <p class='ocr_par' dir='ltr' id='par_1_47' title="bbox 228 1482 1050 1522">
     <span class='ocr_line' id='line_1_47' title="bbox 228 1482 1050 1522; baseline 0 -8"><span class='ocrx_word' id='word_1_352' title='bbox 228 1492 262 1514; x_wconf 84' lang='lat' dir='ltr'><strong>ac</strong></span> <span class='ocrx_word' id='word_1_353' title='bbox 283 1483 443 1513; x_wconf 87' lang='lat' dir='ltr'><strong>solverunt.</strong></span> <span class='ocrx_word' id='word_1_354' title='bbox 471 1482 615 1514; x_wconf 63' lang='lat' dir='ltr'><strong>Caeterum</strong></span> <span class='ocrx_word' id='word_1_355' title='bbox 632 1483 836 1522; x_wconf 74' lang='lat' dir='ltr'><strong>navigantibus</strong></span> <span class='ocrx_word' id='word_1_356' title='bbox 852 1482 923 1520; x_wconf 92' lang='lat' dir='ltr'><strong>illis,</strong></span> <span class='ocrx_word' id='word_1_357' title='bbox 939 1483 1050 1514; x_wconf 89' lang='lat' dir='ltr'><strong>obdor-</strong></span> 
     </span>
    </p>
   </div>
   <div class='ocr_carea' id='block_1_48' title="bbox 229 1527 1052 1568">
    <p class='ocr_par' dir='ltr' id='par_1_48' title="bbox 229 1527 1052 1568">
     <span class='ocr_line' id='line_1_48' title="bbox 229 1527 1052 1568; baseline 0 -10"><span class='ocrx_word' id='word_1_358' title='bbox 229 1528 320 1559; x_wconf 89' lang='lat' dir='ltr'><strong>mivit.</strong></span> <span class='ocrx_word' id='word_1_359' title='bbox 337 1527 372 1558; x_wconf 90' lang='lat' dir='ltr'><strong>Et</strong></span> <span class='ocrx_word' id='word_1_360' title='bbox 400 1527 512 1567; x_wconf 83' lang='lat' dir='ltr'><strong>ingruit</strong></span> <span class='ocrx_word' id='word_1_361' title='bbox 541 1528 672 1568; x_wconf 80' lang='lat' dir='ltr'><strong>procella</strong></span> <span class='ocrx_word' id='word_1_362' title='bbox 700 1528 778 1558; x_wconf 84' lang='lat' dir='ltr'><strong>venti</strong></span> <span class='ocrx_word' id='word_1_363' title='bbox 802 1528 831 1558; x_wconf 88' lang='lat' dir='ltr'><strong>in</strong></span> <span class='ocrx_word' id='word_1_364' title='bbox 857 1531 1006 1567; x_wconf 79' lang='lat' dir='ltr'><strong>stagnum,</strong></span> <span class='ocrx_word' id='word_1_365' title='bbox 1024 1532 1052 1558; x_wconf 92' lang='lat' dir='ltr'><strong>et</strong></span> 
     </span>
    </p>
   </div>
   <div class='ocr_carea' id='block_1_49' title="bbox 228 1572 1052 1612">
    <p class='ocr_par' dir='ltr' id='par_1_49' title="bbox 228 1572 1052 1612">
     <span class='ocr_line' id='line_1_49' title="bbox 228 1572 1052 1612; baseline 0 -9"><span class='ocrx_word' id='word_1_366' title='bbox 228 1572 456 1612; x_wconf 86' lang='lat' dir='ltr'><strong>complebantur</strong></span> <span class='ocrx_word' id='word_1_367' title='bbox 467 1582 501 1603; x_wconf 89' lang='lat' dir='ltr'><strong>ac</strong></span> <span class='ocrx_word' id='word_1_368' title='bbox 518 1572 774 1612; x_wconf 84' lang='lat' dir='ltr'><strong>periclitabantur.</strong></span> <span class='ocrx_word' id='word_1_369' title='bbox 796 1572 982 1604; x_wconf 83' lang='lat' dir='ltr'><strong>Accedentes</strong></span> <span class='ocrx_word' id='word_1_370' title='bbox 1000 1581 1052 1604; x_wconf 85' lang='lat' dir='ltr'><strong>au-</strong></span> 
     </span>
    </p>
   </div>
   <div class='ocr_carea' id='block_1_50' title="bbox 229 1616 1054 1658">
    <p class='ocr_par' dir='ltr' id='par_1_50' title="bbox 229 1616 1054 1658">
     <span class='ocr_line' id='line_1_50' title="bbox 229 1616 1054 1658; baseline 0.001 -11"><span class='ocrx_word' id='word_1_371' title='bbox 229 1620 289 1647; x_wconf 89' lang='lat' dir='ltr'><strong>tem</strong></span> <span class='ocrx_word' id='word_1_372' title='bbox 302 1618 518 1647; x_wconf 85' lang='lat' dir='ltr'><strong>suscitaverunt</strong></span> <span class='ocrx_word' id='word_1_373' title='bbox 532 1626 599 1647; x_wconf 91' lang='lat' dir='ltr'><strong>eum</strong></span> <span class='ocrx_word' id='word_1_374' title='bbox 609 1616 742 1648; x_wconf 88' lang='lat' dir='ltr'><strong>dicentes</strong></span> <span class='ocrx_word' id='word_1_375' title='bbox 757 1627 764 1647; x_wconf 90' lang='lat'><strong><em>:</em></strong></span> <span class='ocrx_word' id='word_1_376' title='bbox 781 1618 962 1657; x_wconf 66' lang='lat' dir='ltr'><strong>Praeceptor,</strong></span> <span class='ocrx_word' id='word_1_377' title='bbox 977 1627 1054 1658; x_wconf 64' lang='lat' dir='ltr'><strong>prae-</strong></span> 
     </span>
    </p>
   </div>
   <div class='ocr_carea' id='block_1_51' title="bbox 229 1661 1051 1703">
    <p class='ocr_par' dir='ltr' id='par_1_51' title="bbox 229 1661 1051 1703">
     <span class='ocr_line' id='line_1_51' title="bbox 229 1661 1051 1703; baseline 0.001 -11"><span class='ocrx_word' id='word_1_378' title='bbox 229 1665 344 1701; x_wconf 88' lang='lat' dir='ltr'><strong>ceptor,</strong></span> <span class='ocrx_word' id='word_1_379' title='bbox 362 1661 543 1701; x_wconf 78' lang='lat' dir='ltr'><strong>perimus.At</strong></span> <span class='ocrx_word' id='word_1_380' title='bbox 566 1662 615 1693; x_wconf 91' lang='lat' dir='ltr'><strong>ille</strong></span> <span class='ocrx_word' id='word_1_381' title='bbox 629 1661 773 1693; x_wconf 82' lang='lat' dir='ltr'><strong>excitatus</strong></span> <span class='ocrx_word' id='word_1_382' title='bbox 801 1662 962 1703; x_wconf 88' lang='lat' dir='ltr'><strong>increpavit</strong></span> <span class='ocrx_word' id='word_1_383' title='bbox 981 1672 1051 1693; x_wconf 89' lang='lat' dir='ltr'><strong>ven-</strong></span> 
     </span>
    </p>
   </div>
   <div class='ocr_carea' id='block_1_52' title="bbox 1094 993 1905 1033">
    <p class='ocr_par' dir='ltr' id='par_1_52' title="bbox 1094 993 1905 1033">
     <span class='ocr_line' id='line_1_52' title="bbox 1094 993 1905 1033; baseline -0.004 -11"><span class='ocrx_word' id='word_1_384' title='bbox 1094 1000 1140 1024; x_wconf 81' lang='grc' dir='ltr'>τοῦ</span> <span class='ocrx_word' id='word_1_385' title='bbox 1175 994 1260 1023; x_wconf 63' lang='grc' dir='ltr'>ἐδόκει</span> <span class='ocrx_word' id='word_1_386' title='bbox 1300 994 1408 1028; x_wconf 71' lang='grc' dir='ltr'>εὐτελής</span> <span class='ocrx_word' id='word_1_387' title='bbox 1446 995 1530 1031; x_wconf 74' lang='grc' dir='ltr'>εἶναι,</span> <span class='ocrx_word' id='word_1_388' title='bbox 1569 995 1614 1022; x_wconf 82' lang='grc' dir='ltr'><strong>καὶ</strong></span> <span class='ocrx_word' id='word_1_389' title='bbox 1643 995 1668 1022; x_wconf 78' lang='grc' dir='ltr'>οἱ</span> <span class='ocrx_word' id='word_1_390' title='bbox 1696 993 1803 1033; x_wconf 65' lang='grc' dir='ltr'>ἀδελφοὶ</span> <span class='ocrx_word' id='word_1_391' title='bbox 1842 994 1905 1021; x_wconf 63' lang='grc' dir='ltr'>αὺτοῦ</span> 
     </span>
    </p>
   </div>
   <div class='ocr_carea' id='block_1_53' title="bbox 1095 1035 1905 1079">
    <p class='ocr_par' dir='ltr' id='par_1_53' title="bbox 1095 1035 1905 1079">
     <span class='ocr_line' id='line_1_53' title="bbox 1095 1035 1905 1079; baseline -0.005 -12"><span class='ocrx_word' id='word_1_392' title='bbox 1095 1039 1205 1079; x_wconf 76' lang='grc' dir='ltr'>ἀφανεῖς</span> <span class='ocrx_word' id='word_1_393' title='bbox 1229 1050 1314 1079; x_wconf 66' lang='grc' dir='ltr'>τινες,</span> <span class='ocrx_word' id='word_1_394' title='bbox 1336 1040 1372 1071; x_wconf 86' lang='grc' dir='ltr'>ὡς</span> <span class='ocrx_word' id='word_1_395' title='bbox 1401 1038 1525 1071; x_wconf 79' lang='grc' dir='ltr'>τέκτονος</span> <span class='ocrx_word' id='word_1_396' title='bbox 1546 1039 1607 1079; x_wconf 69' lang='grc' dir='ltr'>υἱοὶ,</span> <span class='ocrx_word' id='word_1_397' title='bbox 1630 1039 1723 1066; x_wconf 87' lang='grc' dir='ltr'>τούτου</span> <span class='ocrx_word' id='word_1_398' title='bbox 1749 1038 1834 1066; x_wconf 71' lang='grc' dir='ltr'>’ίνεχεν</span> <span class='ocrx_word' id='word_1_399' title='bbox 1856 1035 1905 1063; x_wconf 77' lang='grc' dir='ltr'>δια-</span> 
     </span>
    </p>
   </div>
   <div class='ocr_carea' id='block_1_54' title="bbox 1095 1083 1905 1123">
    <p class='ocr_par' dir='ltr' id='par_1_54' title="bbox 1095 1083 1905 1123">
     <span class='ocr_line' id='line_1_54' title="bbox 1095 1083 1905 1123; baseline -0.002 -11"><span class='ocrx_word' id='word_1_400' title='bbox 1095 1085 1216 1123; x_wconf 82' lang='grc' dir='ltr'>σύροντες</span> <span class='ocrx_word' id='word_1_401' title='bbox 1238 1085 1317 1113; x_wconf 79' lang='grc' dir='ltr'>αὗτὸν</span> <span class='ocrx_word' id='word_1_402' title='bbox 1345 1085 1381 1116; x_wconf 85' lang='grc' dir='ltr'>ὡς</span> <span class='ocrx_word' id='word_1_403' title='bbox 1408 1083 1532 1123; x_wconf 79' lang='grc' dir='ltr'>δυσγενῆ,</span> <span class='ocrx_word' id='word_1_404' title='bbox 1562 1084 1613 1117; x_wconf 81' lang='grc' dir='ltr'>τὴν</span> <span class='ocrx_word' id='word_1_405' title='bbox 1642 1083 1748 1121; x_wconf 75' lang='grc' dir='ltr'>μητέρα</span> <span class='ocrx_word' id='word_1_406' title='bbox 1776 1083 1849 1111; x_wconf 70' lang='grc' dir='ltr'>αὑτοῦ</span> <span class='ocrx_word' id='word_1_407' title='bbox 1870 1084 1905 1110; x_wconf 73' lang='grc' dir='ltr'><strong>καὶ</strong></span> 
     </span>
    </p>
   </div>
   <div class='ocr_carea' id='block_1_55' title="bbox 1094 1124 1905 1168">
    <p class='ocr_par' dir='ltr' id='par_1_55' title="bbox 1094 1124 1905 1168">
     <span class='ocr_line' id='line_1_55' title="bbox 1094 1124 1905 1168; baseline 0.001 -12"><span class='ocrx_word' id='word_1_408' title='bbox 1094 1129 1154 1159; x_wconf 73' lang='grc' dir='ltr'>τοὺς</span> <span class='ocrx_word' id='word_1_409' title='bbox 1180 1127 1306 1168; x_wconf 75' lang='grc' dir='ltr'>ἀδελφοὺς</span> <span class='ocrx_word' id='word_1_410' title='bbox 1349 1128 1421 1166; x_wconf 75' lang='grc' dir='ltr'>αύτῷ</span> <span class='ocrx_word' id='word_1_411' title='bbox 1450 1128 1607 1168; x_wconf 82' lang='grc' dir='ltr'>προέφερον,</span> <span class='ocrx_word' id='word_1_412' title='bbox 1639 1124 1669 1156; x_wconf 72' lang='grc' dir='ltr'>Ὀ</span> <span class='ocrx_word' id='word_1_413' title='bbox 1699 1126 1739 1164; x_wconf 75' lang='grc' dir='ltr'><strong>δὲ,</strong></span> <span class='ocrx_word' id='word_1_414' title='bbox 1771 1126 1844 1165; x_wconf 74' lang='grc' dir='ltr'>γνοὺς</span> <span class='ocrx_word' id='word_1_415' title='bbox 1868 1125 1905 1157; x_wconf 70' lang='grc' dir='ltr'>τῆι</span> 
     </span>
    </p>
   </div>
   <div class='ocr_carea' id='block_1_56' title="bbox 1095 1171 1902 1210">
    <p class='ocr_par' dir='ltr' id='par_1_56' title="bbox 1095 1171 1902 1210">
     <span class='ocr_line' id='line_1_56' title="bbox 1095 1171 1902 1210; baseline -0.004 -10"><span class='ocrx_word' id='word_1_416' title='bbox 1095 1172 1212 1203; x_wconf 65' lang='grc' dir='ltr'>διάνοιαν</span> <span class='ocrx_word' id='word_1_417' title='bbox 1241 1173 1338 1210; x_wconf 74' lang='grc' dir='ltr'>αὐτῶν,</span> <span class='ocrx_word' id='word_1_418' title='bbox 1367 1174 1458 1209; x_wconf 82' lang='grc' dir='ltr'>εἶπεν,</span> <span class='ocrx_word' id='word_1_419' title='bbox 1488 1172 1542 1210; x_wconf 73' lang='grc' dir='ltr'>ὅτι,</span> <span class='ocrx_word' id='word_1_420' title='bbox 1572 1171 1651 1201; x_wconf 74' lang='grc' dir='ltr'>Οὐδὲν</span> <span class='ocrx_word' id='word_1_421' title='bbox 1679 1182 1713 1210; x_wconf 84' lang='grc' dir='ltr'><strong>με</strong></span> <span class='ocrx_word' id='word_1_422' title='bbox 1737 1171 1846 1209; x_wconf 79' lang='grc' dir='ltr'>βλάπτει</span> 
     </span>
    </p>
   </div>
   <div class='ocr_carea' id='block_1_57' title="bbox 1093 1214 1905 1257">
    <p class='ocr_par' dir='ltr' id='par_1_57' title="bbox 1093 1214 1905 1257">
     <span class='ocr_line' id='line_1_57' title="bbox 1093 1214 1905 1257; baseline -0.002 -12"><span class='ocrx_word' id='word_1_423' title='bbox 1093 1216 1182 1245; x_wconf 84' lang='grc' dir='ltr'>τέλεια</span> <span class='ocrx_word' id='word_1_424' title='bbox 1206 1218 1360 1257; x_wconf 75' lang='grc' dir='ltr'>συγγενικὴ,</span> <span class='ocrx_word' id='word_1_425' title='bbox 1387 1216 1455 1245; x_wconf 82' lang='grc' dir='ltr'>ἀλλὰ</span> <span class='ocrx_word' id='word_1_426' title='bbox 1477 1216 1581 1255; x_wconf 80' lang='grc' dir='ltr'>μᾶλλον</span> <span class='ocrx_word' id='word_1_427' title='bbox 1611 1215 1661 1244; x_wconf 81' lang='grc' dir='ltr'><strong>κᾶν</strong></span> <span class='ocrx_word' id='word_1_428' title='bbox 1676 1215 1788 1249; x_wconf 65' lang='grc' dir='ltr'>είκτελὴς</span> <span class='ocrx_word' id='word_1_429' title='bbox 1803 1214 1847 1248; x_wconf 80' lang='grc' dir='ltr'><strong>εἴη</strong></span> <span class='ocrx_word' id='word_1_430' title='bbox 1863 1224 1905 1249; x_wconf 75' lang='grc' dir='ltr'>τις,</span> 
     </span>
    </p>
   </div>
   <div class='ocr_carea' id='block_1_58' title="bbox 1094 1257 1932 1301">
    <p class='ocr_par' dir='ltr' id='par_1_58' title="bbox 1094 1257 1932 1301">
     <span class='ocr_line' id='line_1_58' title="bbox 1094 1257 1932 1301; baseline -0.005 -12"><span class='ocrx_word' id='word_1_431' title='bbox 1094 1262 1178 1299; x_wconf 80' lang='grc' dir='ltr'>ἀκούῃ</span> <span class='ocrx_word' id='word_1_432' title='bbox 1204 1261 1232 1289; x_wconf 83' lang='grc' dir='ltr'>δὲ</span> <span class='ocrx_word' id='word_1_433' title='bbox 1259 1263 1305 1290; x_wconf 83' lang='grc' dir='ltr'><strong>τὸν</strong></span> <span class='ocrx_word' id='word_1_434' title='bbox 1330 1261 1410 1301; x_wconf 76' lang='grc' dir='ltr'>λόγον</span> <span class='ocrx_word' id='word_1_435' title='bbox 1439 1265 1486 1289; x_wconf 82' lang='grc' dir='ltr'><strong>τοῦ</strong></span> <span class='ocrx_word' id='word_1_436' title='bbox 1508 1265 1585 1299; x_wconf 74' lang='grc' dir='ltr'>Θεοῦ,</span> <span class='ocrx_word' id='word_1_437' title='bbox 1612 1261 1728 1300; x_wconf 82' lang='grc' dir='ltr'>συγγενῆ</span> <span class='ocrx_word' id='word_1_438' title='bbox 1746 1261 1824 1288; x_wconf 68' lang='grc' dir='ltr'>αὐτὸν</span> <span class='ocrx_word' id='word_1_439' title='bbox 1847 1260 1906 1286; x_wconf 75' lang='grc' dir='ltr'>ποιῶ</span> <span class='ocrx_word' id='word_1_440' title='bbox 1931 1257 1932 1281; x_wconf 70' lang='lat' dir='ltr'><strong>l</strong></span> 
     </span>
    </p>
   </div>
   <div class='ocr_carea' id='block_1_59' title="bbox 1093 1306 1170 1344">
    <p class='ocr_par' dir='ltr' id='par_1_59' title="bbox 1093 1306 1170 1344">
     <span class='ocr_line' id='line_1_59' title="bbox 1093 1306 1170 1344; baseline 0 -10"><span class='ocrx_word' id='word_1_441' title='bbox 1093 1306 1158 1344; x_wconf 61' lang='grc' dir='ltr'>ἐμόν</span> <span class='ocrx_word' id='word_1_442' title='bbox 1164 1330 1170 1337; x_wconf 92' lang='grc'><strong><em>,</em></strong></span> 
     </span>
    </p>
   </div>
   <div class='ocr_carea' id='block_1_60' title="bbox 1138 1348 1904 1391">
    <p class='ocr_par' dir='ltr' id='par_1_60' title="bbox 1138 1348 1904 1391">
     <span class='ocr_line' id='line_1_60' title="bbox 1138 1348 1904 1391; baseline -0.003 -12"><span class='ocrx_word' id='word_1_443' title='bbox 1138 1363 1151 1379; x_wconf 70' lang='grc' dir='ltr'><strong>α</strong></span> <span class='ocrx_word' id='word_1_444' title='bbox 1170 1352 1218 1380; x_wconf 80' lang='grc' dir='ltr'><strong>Καὶ</strong></span> <span class='ocrx_word' id='word_1_445' title='bbox 1247 1351 1352 1391; x_wconf 76' lang='grc' dir='ltr'>ἐγένετο</span> <span class='ocrx_word' id='word_1_446' title='bbox 1390 1352 1416 1380; x_wconf 76' lang='grc' dir='ltr'>ἐν</span> <span class='ocrx_word' id='word_1_447' title='bbox 1450 1354 1498 1390; x_wconf 86' lang='grc' dir='ltr'>μιᾶ</span> <span class='ocrx_word' id='word_1_448' title='bbox 1526 1354 1580 1380; x_wconf 85' lang='grc' dir='ltr'>τῶν</span> <span class='ocrx_word' id='word_1_449' title='bbox 1617 1351 1737 1389; x_wconf 76' lang='grc' dir='ltr'>ἡμερῶν,</span> <span class='ocrx_word' id='word_1_450' title='bbox 1772 1350 1814 1377; x_wconf 74' lang='grc' dir='ltr'><strong>καὶ</strong></span> <span class='ocrx_word' id='word_1_451' title='bbox 1840 1348 1904 1378; x_wconf 69' lang='grc' dir='ltr'>αὐτὸς</span> 
     </span>
    </p>
   </div>
   <div class='ocr_carea' id='block_1_61' title="bbox 1095 1393 1903 1434">
    <p class='ocr_par' dir='ltr' id='par_1_61' title="bbox 1095 1393 1903 1434">
     <span class='ocr_line' id='line_1_61' title="bbox 1095 1393 1903 1434; baseline -0.005 -10"><span class='ocrx_word' id='word_1_452' title='bbox 1095 1395 1172 1430; x_wconf 78' lang='grc' dir='ltr'>ἐνέϐη</span> <span class='ocrx_word' id='word_1_453' title='bbox 1200 1398 1237 1429; x_wconf 82' lang='grc' dir='ltr'><strong>εἰς</strong></span> <span class='ocrx_word' id='word_1_454' title='bbox 1265 1396 1374 1434; x_wconf 72' lang='grc' dir='ltr'>πλοῖον,</span> <span class='ocrx_word' id='word_1_455' title='bbox 1404 1397 1448 1425; x_wconf 82' lang='grc' dir='ltr'><strong>καὶ</strong></span> <span class='ocrx_word' id='word_1_456' title='bbox 1480 1398 1503 1424; x_wconf 82' lang='grc' dir='ltr'>οἱ</span> <span class='ocrx_word' id='word_1_457' title='bbox 1532 1396 1649 1434; x_wconf 81' lang='grc' dir='ltr'>μαθηταὶ</span> <span class='ocrx_word' id='word_1_458' title='bbox 1671 1397 1766 1433; x_wconf 65' lang='grc' dir='ltr'>αὐτοῦ,</span> <span class='ocrx_word' id='word_1_459' title='bbox 1791 1394 1832 1422; x_wconf 75' lang='grc' dir='ltr'><strong>καὶ</strong></span> <span class='ocrx_word' id='word_1_460' title='bbox 1854 1393 1903 1420; x_wconf 75' lang='grc' dir='ltr'>εἷπε</span> 
     </span>
    </p>
   </div>
   <div class='ocr_carea' id='block_1_62' title="bbox 1092 1438 1902 1480">
    <p class='ocr_par' dir='ltr' id='par_1_62' title="bbox 1092 1438 1902 1480">
     <span class='ocr_line' id='line_1_62' title="bbox 1092 1438 1902 1480; baseline -0.004 -11"><span class='ocrx_word' id='word_1_461' title='bbox 1092 1442 1159 1480; x_wconf 86' lang='grc' dir='ltr'>πρὸς</span> <span class='ocrx_word' id='word_1_462' title='bbox 1189 1441 1294 1473; x_wconf 75' lang='grc' dir='ltr'>αὐτούς.</span> <span class='ocrx_word' id='word_1_463' title='bbox 1320 1440 1470 1478; x_wconf 76' lang='grc' dir='ltr'>Διέλθωμεν</span> <span class='ocrx_word' id='word_1_464' title='bbox 1489 1442 1525 1473; x_wconf 80' lang='grc' dir='ltr'><strong>εἰς</strong></span> <span class='ocrx_word' id='word_1_465' title='bbox 1554 1441 1585 1469; x_wconf 80' lang='grc' dir='ltr'><strong>τὺ</strong></span> <span class='ocrx_word' id='word_1_466' title='bbox 1615 1440 1698 1479; x_wconf 78' lang='grc' dir='ltr'>πέραν</span> <span class='ocrx_word' id='word_1_467' title='bbox 1730 1440 1782 1473; x_wconf 77' lang='grc' dir='ltr'>τῆς</span> <span class='ocrx_word' id='word_1_468' title='bbox 1810 1438 1902 1475; x_wconf 76' lang='grc' dir='ltr'>λίμνης,</span> 
     </span>
    </p>
   </div>
   <div class='ocr_carea' id='block_1_63' title="bbox 1093 1482 1906 1526">
    <p class='ocr_par' dir='ltr' id='par_1_63' title="bbox 1093 1482 1906 1526">
     <span class='ocr_line' id='line_1_63' title="bbox 1093 1482 1906 1526; baseline -0.004 -13"><span class='ocrx_word' id='word_1_469' title='bbox 1093 1487 1136 1514; x_wconf 81' lang='grc' dir='ltr'>καὶ</span> <span class='ocrx_word' id='word_1_470' title='bbox 1161 1486 1330 1526; x_wconf 77' lang='grc' dir='ltr'>ἀνήχθησαν.</span> <span class='ocrx_word' id='word_1_471' title='bbox 1360 1485 1498 1515; x_wconf 81' lang='grc' dir='ltr'>Πλεόντων</span> <span class='ocrx_word' id='word_1_472' title='bbox 1522 1484 1549 1513; x_wconf 74' lang='grc' dir='ltr'>δὲ</span> <span class='ocrx_word' id='word_1_473' title='bbox 1579 1487 1677 1523; x_wconf 74' lang='grc' dir='ltr'>αὐτῶν,</span> <span class='ocrx_word' id='word_1_474' title='bbox 1693 1484 1846 1524; x_wconf 51' lang='lat' dir='ltr'><strong>hyeme)“,</strong></span> <span class='ocrx_word' id='word_1_475' title='bbox 1871 1482 1906 1510; x_wconf 64' lang='lat' dir='ltr'><strong>iu&quot;.</strong></span> 
     </span>
    </p>
   </div>
   <div class='ocr_carea' id='block_1_64' title="bbox 1093 1526 1906 1569">
    <p class='ocr_par' dir='ltr' id='par_1_64' title="bbox 1093 1526 1906 1569">
     <span class='ocr_line' id='line_1_64' title="bbox 1093 1526 1906 1569; baseline -0.004 -10"><span class='ocrx_word' id='word_1_476' title='bbox 1093 1530 1192 1564; x_wconf 80' lang='grc' dir='ltr'>κατέϐη</span> <span class='ocrx_word' id='word_1_477' title='bbox 1207 1530 1307 1568; x_wconf 81' lang='grc' dir='ltr'>λαίλαψ</span> <span class='ocrx_word' id='word_1_478' title='bbox 1336 1531 1433 1569; x_wconf 82' lang='grc' dir='ltr'>ἀνέμου</span> <span class='ocrx_word' id='word_1_479' title='bbox 1464 1531 1501 1562; x_wconf 85' lang='grc' dir='ltr'>εἷς</span> <span class='ocrx_word' id='word_1_480' title='bbox 1525 1531 1574 1564; x_wconf 82' lang='grc' dir='ltr'><strong>τὴν</strong></span> <span class='ocrx_word' id='word_1_481' title='bbox 1595 1530 1704 1567; x_wconf 65' lang='grc' dir='ltr'><strong>λίμνην¹</strong></span> <span class='ocrx_word' id='word_1_482' title='bbox 1725 1530 1772 1557; x_wconf 87' lang='grc' dir='ltr'>καὶ</span> <span class='ocrx_word' id='word_1_483' title='bbox 1787 1526 1906 1559; x_wconf 80' lang='grc' dir='ltr'>συνεπλη-</span> 
     </span>
    </p>
   </div>
   <div class='ocr_carea' id='block_1_65' title="bbox 1096 1573 1907 1615">
    <p class='ocr_par' dir='ltr' id='par_1_65' title="bbox 1096 1573 1907 1615">
     <span class='ocr_line' id='line_1_65' title="bbox 1096 1573 1907 1615; baseline -0.004 -11"><span class='ocrx_word' id='word_1_484' title='bbox 1096 1580 1187 1614; x_wconf 82' lang='grc' dir='ltr'>ροῦντο</span> <span class='ocrx_word' id='word_1_485' title='bbox 1213 1576 1258 1603; x_wconf 83' lang='grc' dir='ltr'><strong>καὶ</strong></span> <span class='ocrx_word' id='word_1_486' title='bbox 1287 1575 1461 1607; x_wconf 74' lang='grc' dir='ltr'>ἐκινδύνευον.</span> <span class='ocrx_word' id='word_1_487' title='bbox 1495 1574 1690 1615; x_wconf 84' lang='grc' dir='ltr'>Προσελθόντες</span> <span class='ocrx_word' id='word_1_488' title='bbox 1723 1573 1754 1602; x_wconf 72' lang='grc' dir='ltr'>δὲ</span> <span class='ocrx_word' id='word_1_489' title='bbox 1789 1573 1907 1612; x_wconf 71' lang='grc' dir='ltr'>διήγειραν</span> 
     </span>
    </p>
   </div>
   <div class='ocr_carea' id='block_1_66' title="bbox 1096 1616 1908 1660">
    <p class='ocr_par' dir='ltr' id='par_1_66' title="bbox 1096 1616 1908 1660">
     <span class='ocr_line' id='line_1_66' title="bbox 1096 1616 1908 1660; baseline -0.006 -12"><span class='ocrx_word' id='word_1_490' title='bbox 1096 1621 1185 1660; x_wconf 67' lang='grc' dir='ltr'>αὺτὸν,</span> <span class='ocrx_word' id='word_1_491' title='bbox 1228 1619 1351 1660; x_wconf 82' lang='grc' dir='ltr'>λέγοντες</span> <span class='ocrx_word' id='word_1_492' title='bbox 1370 1629 1377 1636; x_wconf 87' lang='grc'><strong><em>⁸</em></strong></span> <span class='ocrx_word' id='word_1_493' title='bbox 1418 1621 1577 1657; x_wconf 78' lang='grc' dir='ltr'>Ἐπιστάτα,</span> <span class='ocrx_word' id='word_1_494' title='bbox 1622 1619 1766 1656; x_wconf 77' lang='grc' dir='ltr'>ἐπιστάτα,</span> <span class='ocrx_word' id='word_1_495' title='bbox 1803 1616 1908 1646; x_wconf 77' lang='grc' dir='ltr'>ἀπολλύ-</span> 
     </span>
    </p>
   </div>
   <div class='ocr_carea' id='block_1_67' title="bbox 1097 1660 1908 1705">
    <p class='ocr_par' dir='ltr' id='par_1_67' title="bbox 1097 1660 1908 1705">
     <span class='ocr_line' id='line_1_67' title="bbox 1097 1660 1908 1705; baseline -0.005 -11"><span class='ocrx_word' id='word_1_496' title='bbox 1097 1667 1175 1703; x_wconf 71' lang='grc' dir='ltr'>μεθα.</span> <span class='ocrx_word' id='word_1_497' title='bbox 1205 1660 1234 1694; x_wconf 64' lang='grc'><strong>’0</strong></span> <span class='ocrx_word' id='word_1_498' title='bbox 1256 1665 1282 1692; x_wconf 78' lang='grc' dir='ltr'>δὲ</span> <span class='ocrx_word' id='word_1_499' title='bbox 1305 1665 1419 1705; x_wconf 79' lang='grc' dir='ltr'>ἐγερθεὶς</span> <span class='ocrx_word' id='word_1_500' title='bbox 1451 1665 1597 1703; x_wconf 77' lang='grc' dir='ltr'>ἐπετίμησε</span> <span class='ocrx_word' id='word_1_501' title='bbox 1632 1667 1672 1701; x_wconf 83' lang='grc' dir='ltr'>τῷ</span> <span class='ocrx_word' id='word_1_502' title='bbox 1698 1663 1792 1701; x_wconf 82' lang='grc' dir='ltr'>ἀνέμῳ</span> <span class='ocrx_word' id='word_1_503' title='bbox 1817 1663 1858 1690; x_wconf 83' lang='grc' dir='ltr'><strong>καὶ</strong></span> <span class='ocrx_word' id='word_1_504' title='bbox 1879 1662 1908 1696; x_wconf 79' lang='grc' dir='ltr'>τῷ</span> 
     </span>
    </p>
   </div>
   <div class='ocr_carea' id='block_1_68' title="bbox 227 1707 1248 1749">
    <p class='ocr_par' dir='ltr' id='par_1_68' title="bbox 227 1708 1247 1749">
     <span class='ocr_line' id='line_1_68' title="bbox 227 1708 1247 1749; baseline 0 -12"><span class='ocrx_word' id='word_1_505' title='bbox 227 1712 289 1737; x_wconf 90' lang='lat' dir='ltr'><strong>tum</strong></span> <span class='ocrx_word' id='word_1_506' title='bbox 305 1717 338 1738; x_wconf 84' lang='lat' dir='ltr'><strong>ac</strong></span> <span class='ocrx_word' id='word_1_507' title='bbox 357 1711 559 1747; x_wconf 84' lang='lat' dir='ltr'><strong>tempestatem</strong></span> <span class='ocrx_word' id='word_1_508' title='bbox 586 1717 680 1748; x_wconf 68' lang='lat' dir='ltr'><strong>aquae,</strong></span> <span class='ocrx_word' id='word_1_509' title='bbox 698 1713 726 1738; x_wconf 93' lang='lat' dir='ltr'><strong>et</strong></span> <span class='ocrx_word' id='word_1_510' title='bbox 755 1709 891 1746; x_wconf 81' lang='lat' dir='ltr'><strong>cessavit,</strong></span> <span class='ocrx_word' id='word_1_511' title='bbox 921 1708 1205 1749; x_wconf 56' lang='lat' dir='ltr'><strong>factaqueCd-Bwvt</strong></span> <span class='ocrx_word' id='word_1_512' title='bbox 1233 1721 1247 1737; x_wconf 83' lang='grc' dir='ltr'><strong>τ</strong></span> 
     </span>
    </p>
   </div>
   <div class='ocr_carea' id='block_1_69' title="bbox 1119 1707 1907 1749">
    <p class='ocr_par' dir='ltr' id='par_1_69' title="bbox 1119 1707 1907 1749">
     <span class='ocr_line' id='line_1_69' title="bbox 1119 1707 1907 1749; baseline -0.004 -11"><span class='ocrx_word' id='word_1_513' title='bbox 1119 1709 1205 1738; x_wconf 60' lang='grc' dir='ltr'>Κύδωνι</span> <span class='ocrx_word' id='word_1_514' title='bbox 1233 1713 1279 1738; x_wconf 79' lang='grc' dir='ltr'>τοῦ</span> <span class='ocrx_word' id='word_1_515' title='bbox 1307 1709 1412 1748; x_wconf 74' lang='grc' dir='ltr'>ὕδατος,</span> <span class='ocrx_word' id='word_1_516' title='bbox 1429 1709 1476 1738; x_wconf 74' lang='grc' dir='ltr'><strong>καί</strong></span> <span class='ocrx_word' id='word_1_517' title='bbox 1491 1709 1636 1749; x_wconf 68' lang='grc' dir='ltr'>ἐπαύσατο,</span> <span class='ocrx_word' id='word_1_518' title='bbox 1661 1710 1707 1737; x_wconf 86' lang='grc' dir='ltr'><strong>καὶ</strong></span> <span class='ocrx_word' id='word_1_519' title='bbox 1734 1707 1840 1747; x_wconf 75' lang='grc' dir='ltr'>ἐγένετο</span> <span class='ocrx_word' id='word_1_520' title='bbox 1865 1716 1907 1745; x_wconf 71' lang='grc' dir='ltr'><strong>γι-</strong></span> 
     </span>
    </p>
   </div>
   <div class='ocr_carea' id='block_1_70' title="bbox 227 1752 1051 1793">
    <p class='ocr_par' dir='ltr' id='par_1_70' title="bbox 227 1752 1051 1793">
     <span class='ocr_line' id='line_1_70' title="bbox 227 1752 1051 1793; baseline 0.001 -10"><span class='ocrx_word' id='word_1_521' title='bbox 227 1757 272 1783; x_wconf 84' lang='lat' dir='ltr'><strong>est</strong></span> <span class='ocrx_word' id='word_1_522' title='bbox 288 1752 495 1793; x_wconf 75' lang='lat' dir='ltr'><strong>tranquillitas.</strong></span> <span class='ocrx_word' id='word_1_523' title='bbox 516 1753 593 1784; x_wconf 85' lang='lat' dir='ltr'><strong>Dixit</strong></span> <span class='ocrx_word' id='word_1_524' title='bbox 607 1758 704 1784; x_wconf 88' lang='lat' dir='ltr'><strong>autem</strong></span> <span class='ocrx_word' id='word_1_525' title='bbox 730 1753 789 1784; x_wconf 89' lang='lat' dir='ltr'><strong>illis</strong></span> <span class='ocrx_word' id='word_1_526' title='bbox 807 1763 814 1785; x_wconf 74' lang='grc' dir='ltr'>ε</span> <span class='ocrx_word' id='word_1_527' title='bbox 829 1753 883 1785; x_wconf 89' lang='lat' dir='ltr'><strong>Ubi</strong></span> <span class='ocrx_word' id='word_1_528' title='bbox 913 1758 957 1784; x_wconf 87' lang='lat' dir='ltr'><strong>est</strong></span> <span class='ocrx_word' id='word_1_529' title='bbox 979 1754 1051 1784; x_wconf 84' lang='lat' dir='ltr'><strong>ﬁdes</strong></span> 
     </span>
    </p>
   </div>
   <div class='ocr_carea' id='block_1_71' title="bbox 228 1797 1049 1835">
    <p class='ocr_par' dir='ltr' id='par_1_71' title="bbox 228 1797 1049 1835">
     <span class='ocr_line' id='line_1_71' title="bbox 228 1797 1049 1835; baseline 0 -7"><span class='ocrx_word' id='word_1_530' title='bbox 228 1797 340 1828; x_wconf 83' lang='lat' dir='ltr'><strong>vestra?</strong></span> <span class='ocrx_word' id='word_1_531' title='bbox 355 1797 507 1828; x_wconf 88' lang='lat' dir='ltr'><strong>Timentes</strong></span> <span class='ocrx_word' id='word_1_532' title='bbox 521 1803 619 1829; x_wconf 89' lang='lat' dir='ltr'><strong>autem</strong></span> <span class='ocrx_word' id='word_1_533' title='bbox 638 1798 735 1828; x_wconf 91' lang='lat' dir='ltr'><strong>mirati</strong></span> <span class='ocrx_word' id='word_1_534' title='bbox 752 1803 820 1828; x_wconf 91' lang='lat' dir='ltr'><strong>sunt</strong></span> <span class='ocrx_word' id='word_1_535' title='bbox 835 1799 912 1829; x_wconf 87' lang='lat' dir='ltr'><strong>inter</strong></span> <span class='ocrx_word' id='word_1_536' title='bbox 939 1808 982 1835; x_wconf 89' lang='lat' dir='ltr'><strong>se,</strong></span> <span class='ocrx_word' id='word_1_537' title='bbox 1001 1798 1049 1828; x_wconf 92' lang='lat' dir='ltr'><strong>di-</strong></span> 
     </span>
    </p>
   </div>
   <div class='ocr_carea' id='block_1_72' title="bbox 227 1841 1051 1883">
    <p class='ocr_par' dir='ltr' id='par_1_72' title="bbox 227 1841 1051 1883">
     <span class='ocr_line' id='line_1_72' title="bbox 227 1841 1051 1883; baseline 0.001 -10"><span class='ocrx_word' id='word_1_538' title='bbox 227 1846 345 1873; x_wconf 85' lang='lat' dir='ltr'><strong>centes:</strong></span> <span class='ocrx_word' id='word_1_539' title='bbox 359 1841 430 1878; x_wconf 89' lang='lat' dir='ltr'><strong>Quis</strong></span> <span class='ocrx_word' id='word_1_540' title='bbox 447 1847 531 1883; x_wconf 83' lang='lat' dir='ltr'><strong>putas</strong></span> <span class='ocrx_word' id='word_1_541' title='bbox 547 1842 595 1873; x_wconf 92' lang='lat' dir='ltr'><strong>hic</strong></span> <span class='ocrx_word' id='word_1_542' title='bbox 611 1847 666 1880; x_wconf 83' lang='lat' dir='ltr'><strong>est,</strong></span> <span class='ocrx_word' id='word_1_543' title='bbox 695 1843 763 1883; x_wconf 91' lang='lat' dir='ltr'><strong>quia</strong></span> <span class='ocrx_word' id='word_1_544' title='bbox 777 1843 872 1874; x_wconf 88' lang='lat' dir='ltr'><strong>ventis</strong></span> <span class='ocrx_word' id='word_1_545' title='bbox 887 1852 1007 1883; x_wconf 86' lang='lat' dir='ltr'><strong>quoque</strong></span> <span class='ocrx_word' id='word_1_546' title='bbox 1023 1847 1051 1874; x_wconf 83' lang='lat' dir='ltr'><strong>et</strong></span> 
     </span>
    </p>
   </div>
   <div class='ocr_carea' id='block_1_73' title="bbox 227 1887 1052 1928">
    <p class='ocr_par' dir='ltr' id='par_1_73' title="bbox 227 1887 1052 1928">
     <span class='ocr_line' id='line_1_73' title="bbox 227 1887 1052 1928; baseline 0 -10"><span class='ocrx_word' id='word_1_547' title='bbox 227 1896 311 1928; x_wconf 79' lang='lat' dir='ltr'><strong>aquae</strong></span> <span class='ocrx_word' id='word_1_548' title='bbox 326 1888 497 1928; x_wconf 80' lang='lat' dir='ltr'><strong>imperat,et</strong></span> <span class='ocrx_word' id='word_1_549' title='bbox 507 1888 575 1917; x_wconf 71' lang='lat'><strong>5‘27</strong></span> <span class='ocrx_word' id='word_1_550' title='bbox 585 1887 727 1918; x_wconf 90' lang='lat' dir='ltr'><strong>obediunt</strong></span> <span class='ocrx_word' id='word_1_551' title='bbox 738 1888 780 1918; x_wconf 79' lang='lat' dir='ltr'><strong>ei?</strong></span> <span class='ocrx_word' id='word_1_552' title='bbox 798 1899 811 1918; x_wconf 76' lang='grc' dir='ltr'><strong>ι</strong></span> <span class='ocrx_word' id='word_1_553' title='bbox 832 1890 983 1919; x_wconf 82' lang='lat' dir='ltr'><strong>Exercens</strong></span> <span class='ocrx_word' id='word_1_554' title='bbox 993 1888 1052 1918; x_wconf 90' lang='lat' dir='ltr'><strong>dis-</strong></span> 
     </span>
    </p>
   </div>
   <div class='ocr_carea' id='block_1_74' title="bbox 226 1931 1050 1973">
    <p class='ocr_par' dir='ltr' id='par_1_74' title="bbox 226 1931 1050 1973">
     <span class='ocr_line' id='line_1_74' title="bbox 226 1931 1050 1973; baseline 0 -11"><span class='ocrx_word' id='word_1_555' title='bbox 226 1932 340 1973; x_wconf 88' lang='lat' dir='ltr'><strong>cipulos</strong></span> <span class='ocrx_word' id='word_1_556' title='bbox 351 1931 503 1968; x_wconf 79' lang='lat' dir='ltr'><strong>Dominus,</strong></span> <span class='ocrx_word' id='word_1_557' title='bbox 520 1941 684 1972; x_wconf 84' lang='lat' dir='ltr'><strong>eorumque</strong></span> <span class='ocrx_word' id='word_1_558' title='bbox 698 1933 787 1963; x_wconf 84' lang='lat' dir='ltr'><strong>ﬁdem</strong></span> <span class='ocrx_word' id='word_1_559' title='bbox 799 1933 970 1963; x_wconf 84' lang='lat' dir='ltr'><strong>examinans</strong></span> <span class='ocrx_word' id='word_1_560' title='bbox 979 1942 1050 1962; x_wconf 94' lang='lat' dir='ltr'><strong>num</strong></span> 
     </span>
    </p>
   </div>
   <div class='ocr_carea' id='block_1_75' title="bbox 226 1976 1049 2017">
    <p class='ocr_par' dir='ltr' id='par_1_75' title="bbox 226 1976 1049 2017">
     <span class='ocr_line' id='line_1_75' title="bbox 226 1976 1049 2017; baseline 0 -10"><span class='ocrx_word' id='word_1_561' title='bbox 226 1977 256 2007; x_wconf 94' lang='lat' dir='ltr'><strong>in</strong></span> <span class='ocrx_word' id='word_1_562' title='bbox 272 1976 484 2007; x_wconf 83' lang='lat' dir='ltr'><strong>tentationibus</strong></span> <span class='ocrx_word' id='word_1_563' title='bbox 513 1976 574 2007; x_wconf 90' lang='lat' dir='ltr'><strong>suis</strong></span> <span class='ocrx_word' id='word_1_564' title='bbox 599 1977 791 2017; x_wconf 83' lang='lat' dir='ltr'><strong>imperterriti</strong></span> <span class='ocrx_word' id='word_1_565' title='bbox 808 1977 867 2007; x_wconf 88' lang='lat' dir='ltr'><strong>sint</strong></span> <span class='ocrx_word' id='word_1_566' title='bbox 884 1988 890 2008; x_wconf 92' lang='lat'>:</span> <span class='ocrx_word' id='word_1_567' title='bbox 910 1977 1049 2016; x_wconf 84' lang='lat' dir='ltr'><strong>singulari</strong></span> 
     </span>
    </p>
   </div>
   <div class='ocr_carea' id='block_1_76' title="bbox 226 2021 1047 2063">
    <p class='ocr_par' dir='ltr' id='par_1_76' title="bbox 226 2021 1047 2063">
     <span class='ocr_line' id='line_1_76' title="bbox 226 2021 1047 2063; baseline 0 -11"><span class='ocrx_word' id='word_1_568' title='bbox 226 2021 352 2063; x_wconf 85' lang='lat' dir='ltr'><strong>quadam</strong></span> <span class='ocrx_word' id='word_1_569' title='bbox 370 2021 594 2062; x_wconf 85' lang='lat' dir='ltr'><strong>dispensatione</strong></span> <span class='ocrx_word' id='word_1_570' title='bbox 614 2021 734 2062; x_wconf 85' lang='lat' dir='ltr'><strong>dormit,</strong></span> <span class='ocrx_word' id='word_1_571' title='bbox 751 2022 909 2062; x_wconf 81' lang='lat' dir='ltr'><strong>arguitque</strong></span> <span class='ocrx_word' id='word_1_572' title='bbox 932 2021 1047 2052; x_wconf 88' lang='lat' dir='ltr'><strong>illorum</strong></span> 
     </span>
    </p>
   </div>
   <div class='ocr_carea' id='block_1_77' title="bbox 224 2065 1049 2106">
    <p class='ocr_par' dir='ltr' id='par_1_77' title="bbox 224 2065 1049 2106">
     <span class='ocr_line' id='line_1_77' title="bbox 224 2065 1049 2106; baseline -0.002 -9"><span class='ocrx_word' id='word_1_573' title='bbox 224 2066 439 2097; x_wconf 77' lang='lat' dir='ltr'><strong>infirmitatem.</strong></span> <span class='ocrx_word' id='word_1_574' title='bbox 457 2065 521 2096; x_wconf 88' lang='lat' dir='ltr'><strong>Non</strong></span> <span class='ocrx_word' id='word_1_575' title='bbox 535 2067 614 2097; x_wconf 90' lang='lat' dir='ltr'><strong>enim</strong></span> <span class='ocrx_word' id='word_1_576' title='bbox 633 2066 790 2106; x_wconf 86' lang='lat' dir='ltr'><strong>perfectam</strong></span> <span class='ocrx_word' id='word_1_577' title='bbox 808 2066 910 2104; x_wconf 83' lang='lat' dir='ltr'><strong>ﬁdem,</strong></span> <span class='ocrx_word' id='word_1_578' title='bbox 924 2066 976 2097; x_wconf 90' lang='lat' dir='ltr'><strong>sed</strong></span> <span class='ocrx_word' id='word_1_579' title='bbox 986 2066 1049 2096; x_wconf 91' lang='lat' dir='ltr'><strong>inli-</strong></span> 
     </span>
    </p>
   </div>
   <div class='ocr_carea' id='block_1_78' title="bbox 225 2110 1047 2150">
    <p class='ocr_par' dir='ltr' id='par_1_78' title="bbox 225 2110 1047 2150">
     <span class='ocr_line' id='line_1_78' title="bbox 225 2110 1047 2150; baseline -0.001 -8"><span class='ocrx_word' id='word_1_580' title='bbox 225 2111 345 2142; x_wconf 87' lang='lat' dir='ltr'><strong>delitate</strong></span> <span class='ocrx_word' id='word_1_581' title='bbox 362 2110 477 2141; x_wconf 84' lang='lat' dir='ltr'><strong>mistam</strong></span> <span class='ocrx_word' id='word_1_582' title='bbox 500 2120 560 2150; x_wconf 73' lang='lat' dir='ltr'><strong>prae</strong></span> <span class='ocrx_word' id='word_1_583' title='bbox 588 2119 620 2142; x_wconf 89' lang='lat' dir='ltr'><strong>se</strong></span> <span class='ocrx_word' id='word_1_584' title='bbox 647 2111 792 2143; x_wconf 79' lang='lat' dir='ltr'><strong>ferebant.</strong></span> <span class='ocrx_word' id='word_1_585' title='bbox 814 2111 945 2143; x_wconf 85' lang='lat' dir='ltr'><strong>Credunt</strong></span> <span class='ocrx_word' id='word_1_586' title='bbox 968 2111 1047 2141; x_wconf 90' lang='lat' dir='ltr'><strong>enim</strong></span> 
     </span>
    </p>
   </div>
   <div class='ocr_carea' id='block_1_79' title="bbox 225 2155 1046 2196">
    <p class='ocr_par' dir='ltr' id='par_1_79' title="bbox 225 2155 1046 2196">
     <span class='ocr_line' id='line_1_79' title="bbox 225 2155 1046 2196; baseline 0 -10"><span class='ocrx_word' id='word_1_587' title='bbox 225 2156 305 2196; x_wconf 88' lang='lat' dir='ltr'><strong>quod</strong></span> <span class='ocrx_word' id='word_1_588' title='bbox 321 2155 433 2186; x_wconf 84' lang='lat' dir='ltr'><strong>salvare</strong></span> <span class='ocrx_word' id='word_1_589' title='bbox 450 2156 658 2195; x_wconf 86' lang='lat' dir='ltr'><strong>possit,verum</strong></span> <span class='ocrx_word' id='word_1_590' title='bbox 674 2160 705 2186; x_wconf 82' lang='lat' dir='ltr'><strong>ut</strong></span> <span class='ocrx_word' id='word_1_591' title='bbox 721 2156 923 2195; x_wconf 88' lang='lat' dir='ltr'><strong>pusillanimes</strong></span> <span class='ocrx_word' id='word_1_592' title='bbox 934 2155 1046 2194; x_wconf 91' lang='lat' dir='ltr'><strong>dicunt,</strong></span> 
     </span>
    </p>
   </div>
   <div class='ocr_carea' id='block_1_80' title="bbox 225 2200 1046 2241">
    <p class='ocr_par' dir='ltr' id='par_1_80' title="bbox 225 2200 1046 2241">
     <span class='ocr_line' id='line_1_80' title="bbox 225 2200 1046 2241; baseline -0.001 -9"><span class='ocrx_word' id='word_1_593' title='bbox 225 2200 326 2237; x_wconf 84' lang='lat' dir='ltr'><strong>Salva,</strong></span> <span class='ocrx_word' id='word_1_594' title='bbox 346 2200 488 2240; x_wconf 89' lang='lat' dir='ltr'><strong>perimus.</strong></span> <span class='ocrx_word' id='word_1_595' title='bbox 507 2200 536 2231; x_wconf 91' lang='lat' dir='ltr'><strong>Si</strong></span> <span class='ocrx_word' id='word_1_596' title='bbox 549 2200 628 2231; x_wconf 90' lang='lat' dir='ltr'><strong>enim</strong></span> <span class='ocrx_word' id='word_1_597' title='bbox 648 2201 806 2241; x_wconf 89' lang='lat' dir='ltr'><strong>perfectam</strong></span> <span class='ocrx_word' id='word_1_598' title='bbox 825 2200 1046 2232; x_wconf 81' lang='lat' dir='ltr'><strong>habuissentfi—</strong></span> 
     </span>
    </p>
   </div>
   <div class='ocr_carea' id='block_1_81' title="bbox 225 2244 1048 2286">
    <p class='ocr_par' dir='ltr' id='par_1_81' title="bbox 225 2244 1048 2286">
     <span class='ocr_line' id='line_1_81' title="bbox 225 2244 1048 2286; baseline 0.001 -10"><span class='ocrx_word' id='word_1_599' title='bbox 225 2245 305 2282; x_wconf 87' lang='lat' dir='ltr'><strong>dem,</strong></span> <span class='ocrx_word' id='word_1_600' title='bbox 332 2245 401 2275; x_wconf 88' lang='lat' dir='ltr'><strong>satis</strong></span> <span class='ocrx_word' id='word_1_601' title='bbox 426 2244 499 2276; x_wconf 84' lang='lat' dir='ltr'><strong>certi</strong></span> <span class='ocrx_word' id='word_1_602' title='bbox 522 2245 645 2276; x_wconf 90' lang='lat' dir='ltr'><strong>fuissent</strong></span> <span class='ocrx_word' id='word_1_603' title='bbox 660 2246 845 2286; x_wconf 88' lang='lat' dir='ltr'><strong>impossibile</strong></span> <span class='ocrx_word' id='word_1_604' title='bbox 867 2255 934 2277; x_wconf 89' lang='lat' dir='ltr'><strong>esse</strong></span> <span class='ocrx_word' id='word_1_605' title='bbox 950 2246 1048 2286; x_wconf 88' lang='lat' dir='ltr'><strong>perire</strong></span> 
     </span>
    </p>
   </div>
   <div class='ocr_carea' id='block_1_82' title="bbox 224 2290 1048 2330">
    <p class='ocr_par' dir='ltr' id='par_1_82' title="bbox 224 2290 1048 2330">
     <span class='ocr_line' id='line_1_82' title="bbox 224 2290 1048 2330; baseline 0.001 -11"><span class='ocrx_word' id='word_1_606' title='bbox 224 2290 453 2329; x_wconf 69' lang='lat' dir='ltr'><strong>illos,pra:sente</strong></span> <span class='ocrx_word' id='word_1_607' title='bbox 469 2298 504 2320; x_wconf 89' lang='lat' dir='ltr'><strong>eo</strong></span> <span class='ocrx_word' id='word_1_608' title='bbox 521 2290 569 2330; x_wconf 88' lang='lat' dir='ltr'><strong>qui</strong></span> <span class='ocrx_word' id='word_1_609' title='bbox 585 2290 685 2321; x_wconf 89' lang='lat' dir='ltr'><strong>omnia</strong></span> <span class='ocrx_word' id='word_1_610' title='bbox 695 2290 940 2323; x_wconf 80' lang='lat' dir='ltr'><strong>valet.Excitatus</strong></span> <span class='ocrx_word' id='word_1_611' title='bbox 952 2295 1048 2322; x_wconf 89' lang='lat' dir='ltr'><strong>autem</strong></span> 
     </span>
    </p>
   </div>
   <div class='ocr_carea' id='block_1_83' title="bbox 224 2334 1051 2375">
    <p class='ocr_par' dir='ltr' id='par_1_83' title="bbox 224 2334 1051 2375">
     <span class='ocr_line' id='line_1_83' title="bbox 224 2334 1051 2375; baseline 0 -10"><span class='ocrx_word' id='word_1_612' title='bbox 224 2334 387 2375; x_wconf 87' lang='lat' dir='ltr'><strong>increpavit</strong></span> <span class='ocrx_word' id='word_1_613' title='bbox 407 2337 538 2365; x_wconf 87' lang='lat' dir='ltr'><strong>ventum.</strong></span> <span class='ocrx_word' id='word_1_614' title='bbox 559 2335 697 2366; x_wconf 83' lang='lat' dir='ltr'><strong>Permisit</strong></span> <span class='ocrx_word' id='word_1_615' title='bbox 723 2344 792 2366; x_wconf 91' lang='lat' dir='ltr'><strong>vero</strong></span> <span class='ocrx_word' id='word_1_616' title='bbox 810 2345 861 2367; x_wconf 89' lang='lat' dir='ltr'><strong>eos</strong></span> <span class='ocrx_word' id='word_1_617' title='bbox 877 2335 1000 2375; x_wconf 85' lang='lat' dir='ltr'><strong>turbari,</strong></span> <span class='ocrx_word' id='word_1_618' title='bbox 1017 2338 1051 2365; x_wconf 86' lang='lat' dir='ltr'><strong>ut</strong></span> 
     </span>
    </p>
   </div>
   <div class='ocr_carea' id='block_1_84' title="bbox 1092 1753 1905 1790">
    <p class='ocr_par' dir='ltr' id='par_1_84' title="bbox 1092 1753 1905 1790">
     <span class='ocr_line' id='line_1_84' title="bbox 1092 1753 1905 1790; baseline -0.001 -9"><span class='ocrx_word' id='word_1_619' title='bbox 1092 1754 1174 1789; x_wconf 80' lang='grc' dir='ltr'>λήνη,</span> <span class='ocrx_word' id='word_1_620' title='bbox 1197 1754 1267 1783; x_wconf 83' lang='grc' dir='ltr'>Εἶπε</span> <span class='ocrx_word' id='word_1_621' title='bbox 1296 1754 1323 1782; x_wconf 78' lang='grc' dir='ltr'>δὲ</span> <span class='ocrx_word' id='word_1_622' title='bbox 1352 1756 1444 1787; x_wconf 67' lang='grc' dir='ltr'>αὖτετς</span> <span class='ocrx_word' id='word_1_623' title='bbox 1458 1762 1466 1770; x_wconf 76' lang='grc'>⁸</span> <span class='ocrx_word' id='word_1_624' title='bbox 1492 1754 1546 1782; x_wconf 77' lang='grc' dir='ltr'><strong>Ποῦ</strong></span> <span class='ocrx_word' id='word_1_625' title='bbox 1575 1753 1647 1782; x_wconf 79' lang='grc' dir='ltr'>ἐστιν</span> <span class='ocrx_word' id='word_1_626' title='bbox 1662 1754 1680 1787; x_wconf 85' lang='grc' dir='ltr'>ἡ</span> <span class='ocrx_word' id='word_1_627' title='bbox 1702 1753 1793 1784; x_wconf 78' lang='grc' dir='ltr'>πίστις</span> <span class='ocrx_word' id='word_1_628' title='bbox 1819 1753 1905 1790; x_wconf 68' lang='grc' dir='ltr'><strong>ὗμῶνς</strong></span> 
     </span>
    </p>
   </div>
   <div class='ocr_carea' id='block_1_85' title="bbox 1092 1796 1906 1839">
    <p class='ocr_par' dir='ltr' id='par_1_85' title="bbox 1092 1796 1906 1839">
     <span class='ocr_line' id='line_1_85' title="bbox 1092 1796 1906 1839; baseline -0.001 -13"><span class='ocrx_word' id='word_1_629' title='bbox 1092 1797 1256 1832; x_wconf 80' lang='grc' dir='ltr'>Φοϐηθέντες</span> <span class='ocrx_word' id='word_1_630' title='bbox 1287 1798 1326 1839; x_wconf 66' lang='grc' dir='ltr'><strong>δὲ,</strong></span> <span class='ocrx_word' id='word_1_631' title='bbox 1343 1798 1504 1837; x_wconf 71' lang='grc' dir='ltr'>ἐθαύμασαν,</span> <span class='ocrx_word' id='word_1_632' title='bbox 1521 1797 1646 1838; x_wconf 86' lang='grc' dir='ltr'>λέγοντες</span> <span class='ocrx_word' id='word_1_633' title='bbox 1661 1798 1726 1836; x_wconf 78' lang='grc' dir='ltr'>πρὸς</span> <span class='ocrx_word' id='word_1_634' title='bbox 1758 1796 1886 1832; x_wconf 78' lang='grc' dir='ltr'>ἀλλήλους</span> <span class='ocrx_word' id='word_1_635' title='bbox 1900 1802 1906 1809; x_wconf 91' lang='lat'>&#39;</span> 
     </span>
    </p>
   </div>
   <div class='ocr_carea' id='block_1_86' title="bbox 1093 1841 1906 1884">
    <p class='ocr_par' dir='ltr' id='par_1_86' title="bbox 1093 1841 1906 1884">
     <span class='ocr_line' id='line_1_86' title="bbox 1093 1841 1906 1884; baseline -0.004 -13"><span class='ocrx_word' id='word_1_636' title='bbox 1093 1844 1136 1875; x_wconf 85' lang='grc' dir='ltr'>Τίς</span> <span class='ocrx_word' id='word_1_637' title='bbox 1163 1843 1213 1884; x_wconf 66' lang='grc' dir='ltr'>ἄρα</span> <span class='ocrx_word' id='word_1_638' title='bbox 1239 1843 1314 1875; x_wconf 79' lang='grc' dir='ltr'>οὗτός</span> <span class='ocrx_word' id='word_1_639' title='bbox 1339 1843 1422 1881; x_wconf 71' lang='grc' dir='ltr'><strong>ἐστιν²</strong></span> <span class='ocrx_word' id='word_1_640' title='bbox 1449 1843 1490 1871; x_wconf 79' lang='grc' dir='ltr'><strong>ὅτι</strong></span> <span class='ocrx_word' id='word_1_641' title='bbox 1514 1844 1558 1871; x_wconf 77' lang='grc' dir='ltr'><strong>καὶ</strong></span> <span class='ocrx_word' id='word_1_642' title='bbox 1582 1849 1641 1874; x_wconf 73' lang='grc' dir='ltr'>τοῖς</span> <span class='ocrx_word' id='word_1_643' title='bbox 1656 1842 1767 1881; x_wconf 79' lang='grc' dir='ltr'>ἀνέμοις</span> <span class='ocrx_word' id='word_1_644' title='bbox 1783 1841 1906 1870; x_wconf 72' lang='grc' dir='ltr'>ἐπιτάσσει</span> 
     </span>
    </p>
   </div>
   <div class='ocr_carea' id='block_1_87' title="bbox 1092 1886 1907 1926">
    <p class='ocr_par' dir='ltr' id='par_1_87' title="bbox 1092 1886 1907 1926">
     <span class='ocr_line' id='line_1_87' title="bbox 1092 1886 1907 1926; baseline -0.002 -10"><span class='ocrx_word' id='word_1_645' title='bbox 1092 1889 1134 1916; x_wconf 76' lang='grc' dir='ltr'>καὶ</span> <span class='ocrx_word' id='word_1_646' title='bbox 1161 1892 1199 1926; x_wconf 83' lang='grc' dir='ltr'>τῷ</span> <span class='ocrx_word' id='word_1_647' title='bbox 1225 1887 1297 1917; x_wconf 79' lang='grc' dir='ltr'>ὕδατι</span> <span class='ocrx_word' id='word_1_648' title='bbox 1333 1888 1377 1916; x_wconf 87' lang='grc' dir='ltr'>καὶ</span> <span class='ocrx_word' id='word_1_649' title='bbox 1401 1888 1576 1917; x_wconf 74' lang='grc' dir='ltr'>ὑπακούουσιν</span> <span class='ocrx_word' id='word_1_650' title='bbox 1606 1887 1704 1924; x_wconf 73' lang='grc' dir='ltr'>αὒτῷς</span> <span class='ocrx_word' id='word_1_651' title='bbox 1732 1898 1746 1916; x_wconf 71' lang='grc' dir='ltr'>ι</span> <span class='ocrx_word' id='word_1_652' title='bbox 1778 1886 1907 1924; x_wconf 69' lang='grc' dir='ltr'>Γυμνάζων</span> 
     </span>
    </p>
   </div>
   <div class='ocr_carea' id='block_1_88' title="bbox 1091 1930 1908 1973">
    <p class='ocr_par' dir='ltr' id='par_1_88' title="bbox 1091 1930 1908 1973">
     <span class='ocr_line' id='line_1_88' title="bbox 1091 1930 1908 1973; baseline -0.006 -12"><span class='ocrx_word' id='word_1_653' title='bbox 1091 1934 1152 1964; x_wconf 76' lang='grc' dir='ltr'>τοὺς</span> <span class='ocrx_word' id='word_1_654' title='bbox 1183 1933 1303 1971; x_wconf 81' lang='grc' dir='ltr'>μαθητὰς</span> <span class='ocrx_word' id='word_1_655' title='bbox 1334 1934 1348 1961; x_wconf 85' lang='grc' dir='ltr'>ὁ</span> <span class='ocrx_word' id='word_1_656' title='bbox 1377 1933 1483 1973; x_wconf 65' lang='grc' dir='ltr'>Κύριος,</span> <span class='ocrx_word' id='word_1_657' title='bbox 1515 1934 1558 1961; x_wconf 80' lang='grc' dir='ltr'>καὶ</span> <span class='ocrx_word' id='word_1_658' title='bbox 1585 1931 1738 1970; x_wconf 80' lang='grc' dir='ltr'>δοκιμάζων</span> <span class='ocrx_word' id='word_1_659' title='bbox 1768 1931 1819 1965; x_wconf 80' lang='grc' dir='ltr'>τὴν</span> <span class='ocrx_word' id='word_1_660' title='bbox 1832 1930 1908 1958; x_wconf 79' lang='grc' dir='ltr'>πίστιν</span> 
     </span>
    </p>
   </div>
   <div class='ocr_carea' id='block_1_89' title="bbox 1092 1976 1908 2016">
    <p class='ocr_par' dir='ltr' id='par_1_89' title="bbox 1092 1976 1908 2016">
     <span class='ocr_line' id='line_1_89' title="bbox 1092 1976 1908 2016; baseline -0.002 -11"><span class='ocrx_word' id='word_1_661' title='bbox 1092 1978 1187 2014; x_wconf 68' lang='grc' dir='ltr'>αὐτῶν,</span> <span class='ocrx_word' id='word_1_662' title='bbox 1212 1979 1233 2006; x_wconf 77' lang='grc' dir='ltr'><strong>εί</strong></span> <span class='ocrx_word' id='word_1_663' title='bbox 1258 1977 1307 2016; x_wconf 78' lang='grc' dir='ltr'><strong>ἄρα</strong></span> <span class='ocrx_word' id='word_1_664' title='bbox 1336 1979 1365 2005; x_wconf 62' lang='grc' dir='ltr'>ἓν</span> <span class='ocrx_word' id='word_1_665' title='bbox 1392 1983 1451 2009; x_wconf 76' lang='grc' dir='ltr'>τοῖς</span> <span class='ocrx_word' id='word_1_666' title='bbox 1480 1984 1643 2016; x_wconf 74' lang='grc' dir='ltr'>πειρασμοῖς</span> <span class='ocrx_word' id='word_1_667' title='bbox 1670 1976 1819 2010; x_wconf 86' lang='grc' dir='ltr'>ἀκλόνητοί</span> <span class='ocrx_word' id='word_1_668' title='bbox 1853 1976 1908 2012; x_wconf 75' lang='grc' dir='ltr'>εἶσι,</span> 
     </span>
    </p>
   </div>
   <div class='ocr_carea' id='block_1_90' title="bbox 1090 2019 1909 2062">
    <p class='ocr_par' dir='ltr' id='par_1_90' title="bbox 1090 2019 1909 2062">
     <span class='ocr_line' id='line_1_90' title="bbox 1090 2019 1909 2062; baseline 0.001 -12"><span class='ocrx_word' id='word_1_669' title='bbox 1090 2021 1207 2051; x_wconf 80' lang='grc' dir='ltr'>καθεύδει</span> <span class='ocrx_word' id='word_1_670' title='bbox 1249 2023 1436 2062; x_wconf 73' lang='grc' dir='ltr'>οἰκονομικῶς,</span> <span class='ocrx_word' id='word_1_671' title='bbox 1492 2021 1552 2050; x_wconf 81' lang='grc' dir='ltr'>ἀλλ’</span> <span class='ocrx_word' id='word_1_672' title='bbox 1597 2021 1742 2062; x_wconf 74' lang='grc' dir='ltr'>ἐλέγχεται</span> <span class='ocrx_word' id='word_1_673' title='bbox 1782 2022 1866 2049; x_wconf 68' lang='grc' dir='ltr'>αὑτῶν</span> <span class='ocrx_word' id='word_1_674' title='bbox 1895 2019 1909 2051; x_wconf 74' lang='grc' dir='ltr'><strong>ἦ</strong></span> 
     </span>
    </p>
   </div>
   <div class='ocr_carea' id='block_1_91' title="bbox 1089 2065 1910 2107">
    <p class='ocr_par' dir='ltr' id='par_1_91' title="bbox 1089 2065 1910 2107">
     <span class='ocr_line' id='line_1_91' title="bbox 1089 2065 1910 2107; baseline 0.002 -12"><span class='ocrx_word' id='word_1_675' title='bbox 1089 2067 1220 2098; x_wconf 83' lang='grc' dir='ltr'>ἀσθένεια,</span> <span class='ocrx_word' id='word_1_676' title='bbox 1251 2068 1287 2096; x_wconf 81' lang='grc' dir='ltr'>Οὑ</span> <span class='ocrx_word' id='word_1_677' title='bbox 1314 2067 1364 2107; x_wconf 77' lang='grc' dir='ltr'><strong>γὰρ</strong></span> <span class='ocrx_word' id='word_1_678' title='bbox 1392 2067 1495 2096; x_wconf 85' lang='grc' dir='ltr'>τελείαν</span> <span class='ocrx_word' id='word_1_679' title='bbox 1520 2067 1619 2104; x_wconf 69' lang='grc' dir='ltr'><strong>-ιιίσστιν⁹</strong></span> <span class='ocrx_word' id='word_1_680' title='bbox 1650 2067 1718 2096; x_wconf 88' lang='grc' dir='ltr'><strong>ἀλλά</strong></span> <span class='ocrx_word' id='word_1_681' title='bbox 1750 2065 1910 2105; x_wconf 76' lang='grc' dir='ltr'>μεμιγμένην</span> 
     </span>
    </p>
   </div>
   <div class='ocr_carea' id='block_1_92' title="bbox 1089 2109 1908 2151">
    <p class='ocr_par' dir='ltr' id='par_1_92' title="bbox 1089 2109 1908 2151">
     <span class='ocr_line' id='line_1_92' title="bbox 1089 2109 1908 2151; baseline -0.004 -9"><span class='ocrx_word' id='word_1_682' title='bbox 1089 2115 1123 2150; x_wconf 81' lang='grc' dir='ltr'><strong>τῇ</strong></span> <span class='ocrx_word' id='word_1_683' title='bbox 1164 2113 1272 2149; x_wconf 78' lang='grc' dir='ltr'>ἀπιστίᾳ</span> <span class='ocrx_word' id='word_1_684' title='bbox 1299 2111 1485 2142; x_wconf 75' lang='grc' dir='ltr'>ἐνδείκνυνται,</span> <span class='ocrx_word' id='word_1_685' title='bbox 1531 2113 1684 2140; x_wconf 77' lang='grc' dir='ltr'>Πιστεύουαι</span> <span class='ocrx_word' id='word_1_686' title='bbox 1713 2113 1765 2150; x_wconf 83' lang='grc' dir='ltr'>μὲν</span> <span class='ocrx_word' id='word_1_687' title='bbox 1797 2112 1848 2151; x_wconf 77' lang='grc' dir='ltr'>γὰρ</span> <span class='ocrx_word' id='word_1_688' title='bbox 1875 2109 1908 2136; x_wconf 74' lang='grc' dir='ltr'><strong>ὅτι</strong></span> 
     </span>
    </p>
   </div>
   <div class='ocr_carea' id='block_1_93' title="bbox 1089 2152 1909 2196">
    <p class='ocr_par' dir='ltr' id='par_1_93' title="bbox 1089 2152 1909 2196">
     <span class='ocr_line' id='line_1_93' title="bbox 1089 2152 1909 2196; baseline -0.002 -12"><span class='ocrx_word' id='word_1_689' title='bbox 1089 2160 1175 2185; x_wconf 80' lang='grc' dir='ltr'>σῶσαι</span> <span class='ocrx_word' id='word_1_690' title='bbox 1206 2156 1322 2187; x_wconf 79' lang='grc' dir='ltr'>δύναται.</span> <span class='ocrx_word' id='word_1_691' title='bbox 1354 2152 1400 2189; x_wconf 76' lang='grc' dir='ltr'>Ὦς</span> <span class='ocrx_word' id='word_1_692' title='bbox 1416 2157 1443 2185; x_wconf 82' lang='grc' dir='ltr'>δὲ</span> <span class='ocrx_word' id='word_1_693' title='bbox 1461 2156 1638 2196; x_wconf 82' lang='grc' dir='ltr'>ὀλιγόπιστοι,</span> <span class='ocrx_word' id='word_1_694' title='bbox 1661 2156 1773 2196; x_wconf 83' lang='grc' dir='ltr'>λέγουσι</span> <span class='ocrx_word' id='word_1_695' title='bbox 1796 2157 1839 2194; x_wconf 80' lang='grc' dir='ltr'><strong>τὸ,</strong></span> <span class='ocrx_word' id='word_1_696' title='bbox 1855 2157 1909 2182; x_wconf 77' lang='grc' dir='ltr'><strong>Σῶ-</strong></span> 
     </span>
    </p>
   </div>
   <div class='ocr_carea' id='block_1_94' title="bbox 1089 2199 1908 2241">
    <p class='ocr_par' dir='ltr' id='par_1_94' title="bbox 1089 2199 1908 2241">
     <span class='ocr_line' id='line_1_94' title="bbox 1089 2199 1908 2241; baseline -0.002 -12"><span class='ocrx_word' id='word_1_697' title='bbox 1089 2212 1149 2241; x_wconf 77' lang='grc' dir='ltr'>σον,</span> <span class='ocrx_word' id='word_1_698' title='bbox 1170 2200 1352 2239; x_wconf 75' lang='grc' dir='ltr'>ἀπολλύμεθα.</span> <span class='ocrx_word' id='word_1_699' title='bbox 1371 2202 1400 2230; x_wconf 79' lang='grc' dir='ltr'>Εἰ</span> <span class='ocrx_word' id='word_1_700' title='bbox 1415 2201 1465 2241; x_wconf 76' lang='grc' dir='ltr'>γὰρ</span> <span class='ocrx_word' id='word_1_701' title='bbox 1480 2201 1585 2230; x_wconf 75' lang='grc' dir='ltr'>τελείαν</span> <span class='ocrx_word' id='word_1_702' title='bbox 1605 2201 1686 2241; x_wconf 74' lang='grc' dir='ltr'>εἶχον</span> <span class='ocrx_word' id='word_1_703' title='bbox 1707 2201 1814 2238; x_wconf 70' lang='grc' dir='ltr'>πίστιν,</span> <span class='ocrx_word' id='word_1_704' title='bbox 1829 2199 1908 2231; x_wconf 72' lang='grc' dir='ltr'>ἐπλη-</span> 
     </span>
    </p>
   </div>
   <div class='ocr_carea' id='block_1_95' title="bbox 1090 2243 1909 2286">
    <p class='ocr_par' dir='ltr' id='par_1_95' title="bbox 1090 2243 1909 2286">
     <span class='ocr_line' id='line_1_95' title="bbox 1090 2243 1909 2286; baseline -0.002 -12"><span class='ocrx_word' id='word_1_705' title='bbox 1090 2247 1274 2286; x_wconf 80' lang='grc' dir='ltr'>ροφορήθησαν</span> <span class='ocrx_word' id='word_1_706' title='bbox 1295 2245 1325 2274; x_wconf 74' lang='grc' dir='ltr'>ἂν</span> <span class='ocrx_word' id='word_1_707' title='bbox 1362 2247 1398 2278; x_wconf 83' lang='grc' dir='ltr'>ὡς</span> <span class='ocrx_word' id='word_1_708' title='bbox 1428 2245 1553 2275; x_wconf 84' lang='grc' dir='ltr'>ἀδύνατόν</span> <span class='ocrx_word' id='word_1_709' title='bbox 1593 2245 1664 2274; x_wconf 70' lang='grc' dir='ltr'>ἔστιν</span> <span class='ocrx_word' id='word_1_710' title='bbox 1693 2245 1839 2275; x_wconf 77' lang='grc' dir='ltr'>ἀπολέσθαι</span> <span class='ocrx_word' id='word_1_711' title='bbox 1868 2243 1909 2272; x_wconf 73' lang='grc' dir='ltr'><strong>αὗ-</strong></span> 
     </span>
    </p>
   </div>
   <div class='ocr_carea' id='block_1_96' title="bbox 1089 2286 1909 2331">
    <p class='ocr_par' dir='ltr' id='par_1_96' title="bbox 1089 2286 1909 2331">
     <span class='ocr_line' id='line_1_96' title="bbox 1089 2286 1909 2331; baseline 0 -12"><span class='ocrx_word' id='word_1_712' title='bbox 1089 2292 1162 2331; x_wconf 74' lang='grc' dir='ltr'>τοὺς,</span> <span class='ocrx_word' id='word_1_713' title='bbox 1184 2291 1307 2323; x_wconf 81' lang='grc' dir='ltr'>συνόντος</span> <span class='ocrx_word' id='word_1_714' title='bbox 1338 2291 1429 2323; x_wconf 72' lang='grc' dir='ltr'>αὑτοῖς</span> <span class='ocrx_word' id='word_1_715' title='bbox 1459 2295 1506 2320; x_wconf 75' lang='grc' dir='ltr'>τοῦ</span> <span class='ocrx_word' id='word_1_716' title='bbox 1531 2291 1618 2320; x_wconf 83' lang='grc' dir='ltr'>πάντα</span> <span class='ocrx_word' id='word_1_717' title='bbox 1650 2291 1806 2331; x_wconf 79' lang='grc' dir='ltr'>ἰσχύοντος.</span> <span class='ocrx_word' id='word_1_718' title='bbox 1832 2286 1860 2319; x_wconf 61' lang='grc' dir='ltr'>Ὀ</span> <span class='ocrx_word' id='word_1_719' title='bbox 1886 2287 1909 2315; x_wconf 73' lang='grc' dir='ltr'><strong>δὲ</strong></span> 
     </span>
    </p>
   </div>
   <div class='ocr_carea' id='block_1_97' title="bbox 1091 2334 1910 2376">
    <p class='ocr_par' dir='ltr' id='par_1_97' title="bbox 1091 2334 1910 2376">
     <span class='ocr_line' id='line_1_97' title="bbox 1091 2334 1910 2376; baseline -0.001 -12"><span class='ocrx_word' id='word_1_720' title='bbox 1091 2336 1217 2376; x_wconf 73' lang='grc' dir='ltr'>ἐγερθεὶς,</span> <span class='ocrx_word' id='word_1_721' title='bbox 1240 2336 1386 2374; x_wconf 78' lang='grc' dir='ltr'>ἐπετίμησε</span> <span class='ocrx_word' id='word_1_722' title='bbox 1414 2339 1453 2374; x_wconf 81' lang='grc' dir='ltr'>τῷ</span> <span class='ocrx_word' id='word_1_723' title='bbox 1483 2336 1586 2374; x_wconf 80' lang='grc' dir='ltr'>ἀνέμῳ,</span> <span class='ocrx_word' id='word_1_724' title='bbox 1611 2334 1712 2376; x_wconf 76' lang='grc' dir='ltr'>Ἀφῆκε</span> <span class='ocrx_word' id='word_1_725' title='bbox 1743 2337 1796 2374; x_wconf 76' lang='grc' dir='ltr'>γὰρ</span> <span class='ocrx_word' id='word_1_726' title='bbox 1827 2335 1910 2363; x_wconf 74' lang='grc' dir='ltr'>αὐτοὺς</span> 
     </span>
    </p>
   </div>
   <div class='ocr_carea' id='block_1_98' title="bbox 224 2378 1248 2422">
    <p class='ocr_par' dir='ltr' id='par_1_98' title="bbox 224 2378 1247 2422">
     <span class='ocr_line' id='line_1_98' title="bbox 224 2378 1247 2422; baseline 0 -13"><span class='ocrx_word' id='word_1_727' title='bbox 224 2378 334 2410; x_wconf 86' lang='lat' dir='ltr'><strong>clarior</strong></span> <span class='ocrx_word' id='word_1_728' title='bbox 351 2379 435 2410; x_wconf 85' lang='lat' dir='ltr'><strong>ﬁeret</strong></span> <span class='ocrx_word' id='word_1_729' title='bbox 449 2388 502 2410; x_wconf 87' lang='lat' dir='ltr'><strong>sua</strong></span> <span class='ocrx_word' id='word_1_730' title='bbox 517 2379 726 2411; x_wconf 89' lang='lat' dir='ltr'><strong>virtus.Solent</strong></span> <span class='ocrx_word' id='word_1_731' title='bbox 737 2381 817 2412; x_wconf 91' lang='lat' dir='ltr'><strong>enim</strong></span> <span class='ocrx_word' id='word_1_732' title='bbox 829 2380 964 2412; x_wconf 87' lang='lat' dir='ltr'><strong>homines</strong></span> <span class='ocrx_word' id='word_1_733' title='bbox 980 2386 1049 2411; x_wconf 91' lang='lat' dir='ltr'><strong>tunc</strong></span> <span class='ocrx_word' id='word_1_734' title='bbox 1061 2383 1247 2422; x_wconf 73' lang='grc' dir='ltr'>οταραχθῆνα</span> 
     </span>
    </p>
   </div>
   <div class='ocr_carea' id='block_1_99' title="bbox 1119 2378 1910 2422">
    <p class='ocr_par' dir='ltr' id='par_1_99' title="bbox 1119 2379 1910 2422">
     <span class='ocr_line' id='line_1_99' title="bbox 1119 2379 1910 2422; baseline -0.006 -12"><span class='ocrx_word' id='word_1_735' title='bbox 1119 2383 1271 2422; x_wconf 76' lang='grc' dir='ltr'>ιραχθῆναι,</span> <span class='ocrx_word' id='word_1_736' title='bbox 1301 2381 1348 2409; x_wconf 80' lang='grc' dir='ltr'>’ίνα</span> <span class='ocrx_word' id='word_1_737' title='bbox 1379 2382 1424 2410; x_wconf 86' lang='grc' dir='ltr'><strong>καὶ</strong></span> <span class='ocrx_word' id='word_1_738' title='bbox 1451 2381 1633 2421; x_wconf 74' lang='grc' dir='ltr'>ὶμφανεστέρα</span> <span class='ocrx_word' id='word_1_739' title='bbox 1660 2380 1772 2420; x_wconf 85' lang='grc' dir='ltr'>γένηται</span> <span class='ocrx_word' id='word_1_740' title='bbox 1794 2381 1813 2413; x_wconf 87' lang='grc' dir='ltr'><strong>ἡ</strong></span> <span class='ocrx_word' id='word_1_741' title='bbox 1841 2379 1910 2406; x_wconf 81' lang='grc' dir='ltr'><strong>αὑτοῦ</strong></span> 
     </span>
    </p>
   </div>
   <div class='ocr_carea' id='block_1_100' title="bbox 225 2424 1048 2466">
    <p class='ocr_par' dir='ltr' id='par_1_100' title="bbox 225 2424 1048 2466">
     <span class='ocr_line' id='line_1_100' title="bbox 225 2424 1048 2466; baseline 0.001 -12"><span class='ocrx_word' id='word_1_742' title='bbox 225 2424 397 2455; x_wconf 89' lang='lat' dir='ltr'><strong>meminisse</strong></span> <span class='ocrx_word' id='word_1_743' title='bbox 410 2424 475 2464; x_wconf 86' lang='lat' dir='ltr'><strong>ejus</strong></span> <span class='ocrx_word' id='word_1_744' title='bbox 486 2425 535 2464; x_wconf 92' lang='lat' dir='ltr'><strong>qui</strong></span> <span class='ocrx_word' id='word_1_745' title='bbox 544 2425 768 2466; x_wconf 71' lang='lat' dir='ltr'><strong>Salvat,quando</strong></span> <span class='ocrx_word' id='word_1_746' title='bbox 780 2435 797 2457; x_wconf 86' lang='lat' dir='ltr'><strong>a</strong></span> <span class='ocrx_word' id='word_1_747' title='bbox 806 2426 919 2465; x_wconf 81' lang='lat' dir='ltr'><strong>magnis</strong></span> <span class='ocrx_word' id='word_1_748' title='bbox 928 2425 1048 2466; x_wconf 85' lang='lat' dir='ltr'><strong>pericu-</strong></span> 
     </span>
    </p>
   </div>
   <div class='ocr_carea' id='block_1_101' title="bbox 224 2468 1048 2511">
    <p class='ocr_par' dir='ltr' id='par_1_101' title="bbox 224 2468 1048 2511">
     <span class='ocr_line' id='line_1_101' title="bbox 224 2468 1048 2511; baseline 0.001 -12"><span class='ocrx_word' id='word_1_749' title='bbox 224 2468 260 2499; x_wconf 91' lang='lat' dir='ltr'><strong>lis</strong></span> <span class='ocrx_word' id='word_1_750' title='bbox 271 2469 449 2509; x_wconf 90' lang='lat' dir='ltr'><strong>eripiuntur.</strong></span> <span class='ocrx_word' id='word_1_751' title='bbox 468 2470 629 2509; x_wconf 88' lang='lat' dir='ltr'><strong>Propterea</strong></span> <span class='ocrx_word' id='word_1_752' title='bbox 645 2480 703 2500; x_wconf 86' lang='lat' dir='ltr'><strong>non</strong></span> <span class='ocrx_word' id='word_1_753' title='bbox 721 2471 750 2501; x_wconf 94' lang='lat' dir='ltr'><strong>in</strong></span> <span class='ocrx_word' id='word_1_754' title='bbox 777 2470 933 2511; x_wconf 77' lang='lat' dir='ltr'><strong>principio,</strong></span> <span class='ocrx_word' id='word_1_755' title='bbox 949 2470 1001 2500; x_wconf 83' lang='lat' dir='ltr'><strong>sed</strong></span> <span class='ocrx_word' id='word_1_756' title='bbox 1019 2470 1048 2500; x_wconf 92' lang='lat' dir='ltr'><strong>in</strong></span> 
     </span>
    </p>
   </div>
   <div class='ocr_carea' id='block_1_102' title="bbox 224 2513 1046 2554">
    <p class='ocr_par' dir='ltr' id='par_1_102' title="bbox 224 2513 1046 2554">
     <span class='ocr_line' id='line_1_102' title="bbox 224 2513 1046 2554; baseline 0 -10"><span class='ocrx_word' id='word_1_757' title='bbox 224 2513 348 2545; x_wconf 82' lang='lat' dir='ltr'><strong>articulo</strong></span> <span class='ocrx_word' id='word_1_758' title='bbox 361 2513 485 2554; x_wconf 87' lang='lat' dir='ltr'><strong>periculi</strong></span> <span class='ocrx_word' id='word_1_759' title='bbox 501 2515 654 2552; x_wconf 81' lang='lat' dir='ltr'><strong>excitatus,</strong></span> <span class='ocrx_word' id='word_1_760' title='bbox 667 2515 734 2545; x_wconf 92' lang='lat' dir='ltr'><strong>illos</strong></span> <span class='ocrx_word' id='word_1_761' title='bbox 749 2514 886 2546; x_wconf 86' lang='lat' dir='ltr'><strong>servavit.</strong></span> <span class='ocrx_word' id='word_1_762' title='bbox 901 2514 976 2545; x_wconf 85' lang='lat' dir='ltr'><strong>Vide</strong></span> <span class='ocrx_word' id='word_1_763' title='bbox 991 2523 1046 2544; x_wconf 92' lang='lat' dir='ltr'><strong>au-</strong></span> 
     </span>
    </p>
   </div>
   <div class='ocr_carea' id='block_1_103' title="bbox 223 2559 1048 2600">
    <p class='ocr_par' dir='ltr' id='par_1_103' title="bbox 223 2559 1048 2600">
     <span class='ocr_line' id='line_1_103' title="bbox 223 2559 1048 2600; baseline 0 -10"><span class='ocrx_word' id='word_1_764' title='bbox 223 2564 283 2590; x_wconf 86' lang='lat' dir='ltr'><strong>tem</strong></span> <span class='ocrx_word' id='word_1_765' title='bbox 297 2565 325 2590; x_wconf 87' lang='lat' dir='ltr'><strong>et</strong></span> <span class='ocrx_word' id='word_1_766' title='bbox 335 2559 593 2600; x_wconf 80' lang='lat' dir='ltr'><strong>anagogiam,quia</strong></span> <span class='ocrx_word' id='word_1_767' title='bbox 606 2560 696 2599; x_wconf 79' lang='lat' dir='ltr'><strong>figura</strong></span> <span class='ocrx_word' id='word_1_768' title='bbox 712 2563 757 2591; x_wconf 89' lang='lat' dir='ltr'><strong>est</strong></span> <span class='ocrx_word' id='word_1_769' title='bbox 769 2560 834 2600; x_wconf 88' lang='lat' dir='ltr'><strong>ejus</strong></span> <span class='ocrx_word' id='word_1_770' title='bbox 850 2559 929 2600; x_wconf 88' lang='lat' dir='ltr'><strong>quod</strong></span> <span class='ocrx_word' id='word_1_771' title='bbox 946 2563 1048 2600; x_wconf 87' lang='lat' dir='ltr'><strong>postea</strong></span> 
     </span>
    </p>
   </div>
   <div class='ocr_carea' id='block_1_104' title="bbox 223 2603 1046 2645">
    <p class='ocr_par' dir='ltr' id='par_1_104' title="bbox 223 2603 1046 2645">
     <span class='ocr_line' id='line_1_104' title="bbox 223 2603 1046 2645; baseline 0 -10"><span class='ocrx_word' id='word_1_772' title='bbox 223 2604 379 2645; x_wconf 89' lang='lat' dir='ltr'><strong>discipulis</strong></span> <span class='ocrx_word' id='word_1_773' title='bbox 390 2603 648 2643; x_wconf 60' lang='lat' dir='ltr'><strong>evenit.Stagnum</strong></span> <span class='ocrx_word' id='word_1_774' title='bbox 664 2605 743 2635; x_wconf 90' lang='lat' dir='ltr'><strong>enim</strong></span> <span class='ocrx_word' id='word_1_775' title='bbox 755 2605 922 2645; x_wconf 76' lang='lat' dir='ltr'><strong>cstJutlzea,</strong></span> <span class='ocrx_word' id='word_1_776' title='bbox 938 2604 969 2634; x_wconf 93' lang='lat' dir='ltr'><strong>in</strong></span> <span class='ocrx_word' id='word_1_777' title='bbox 989 2614 1046 2645; x_wconf 89' lang='lat' dir='ltr'><strong>qua</strong></span> 
     </span>
    </p>
   </div>
   <div class='ocr_carea' id='block_1_105' title="bbox 224 2649 1047 2689">
    <p class='ocr_par' dir='ltr' id='par_1_105' title="bbox 224 2649 1047 2689">
     <span class='ocr_line' id='line_1_105' title="bbox 224 2649 1047 2689; baseline 0 -9"><span class='ocrx_word' id='word_1_778' title='bbox 224 2653 385 2689; x_wconf 84' lang='lat' dir='ltr'><strong>tempestas</strong></span> <span class='ocrx_word' id='word_1_779' title='bbox 406 2654 480 2686; x_wconf 84' lang='lat' dir='ltr'><strong>orta,</strong></span> <span class='ocrx_word' id='word_1_780' title='bbox 499 2653 624 2689; x_wconf 87' lang='lat' dir='ltr'><strong>propter</strong></span> <span class='ocrx_word' id='word_1_781' title='bbox 648 2649 793 2680; x_wconf 83' lang='lat' dir='ltr'><strong>insaniam</strong></span> <span class='ocrx_word' id='word_1_782' title='bbox 809 2650 978 2680; x_wconf 70' lang='lat' dir='ltr'><strong>Judaaorum</strong></span> <span class='ocrx_word' id='word_1_783' title='bbox 995 2649 1047 2689; x_wconf 88' lang='lat' dir='ltr'><strong>qui</strong></span> 
     </span>
    </p>
   </div>
   <div class='ocr_carea' id='block_1_106' title="bbox 224 2693 1045 2726">
    <p class='ocr_par' dir='ltr' id='par_1_106' title="bbox 224 2693 1045 2726">
     <span class='ocr_line' id='line_1_106' title="bbox 224 2693 1045 2726; baseline -0.001 0"><span class='ocrx_word' id='word_1_784' title='bbox 224 2694 436 2726; x_wconf 82' lang='lat' dir='ltr'><strong>cruciﬁxerunt</strong></span> <span class='ocrx_word' id='word_1_785' title='bbox 451 2694 622 2725; x_wconf 88' lang='lat' dir='ltr'><strong>Dominum.</strong></span> <span class='ocrx_word' id='word_1_786' title='bbox 640 2693 762 2724; x_wconf 88' lang='lat' dir='ltr'><strong>Turbati</strong></span> <span class='ocrx_word' id='word_1_787' title='bbox 774 2703 844 2725; x_wconf 89' lang='lat' dir='ltr'><strong>vero</strong></span> <span class='ocrx_word' id='word_1_788' title='bbox 867 2698 936 2726; x_wconf 84' lang='lat' dir='ltr'><strong>sunt</strong></span> <span class='ocrx_word' id='word_1_789' title='bbox 954 2698 981 2725; x_wconf 91' lang='lat' dir='ltr'><strong>et</strong></span> <span class='ocrx_word' id='word_1_790' title='bbox 998 2694 1045 2725; x_wconf 89' lang='lat' dir='ltr'><strong>di-</strong></span> 
     </span>
    </p>
   </div>
   <div class='ocr_carea' id='block_1_107' title="bbox 222 2737 1047 2780">
    <p class='ocr_par' dir='ltr' id='par_1_107' title="bbox 222 2737 1047 2780">
     <span class='ocr_line' id='line_1_107' title="bbox 222 2737 1047 2780; baseline 0 -10"><span class='ocrx_word' id='word_1_791' title='bbox 222 2739 345 2780; x_wconf 86' lang='lat' dir='ltr'><strong>scipuli:</strong></span> <span class='ocrx_word' id='word_1_792' title='bbox 364 2747 430 2769; x_wconf 88' lang='lat' dir='ltr'><strong>nam</strong></span> <span class='ocrx_word' id='word_1_793' title='bbox 448 2738 498 2768; x_wconf 95' lang='lat' dir='ltr'><strong>illo</strong></span> <span class='ocrx_word' id='word_1_794' title='bbox 513 2737 615 2768; x_wconf 88' lang='lat' dir='ltr'><strong>relicto</strong></span> <span class='ocrx_word' id='word_1_795' title='bbox 627 2739 832 2778; x_wconf 80' lang='lat' dir='ltr'><strong>t&#39;ugerunt,sed</strong></span> <span class='ocrx_word' id='word_1_796' title='bbox 849 2740 991 2770; x_wconf 84' lang='lat' dir='ltr'><strong>excitatus</strong></span> <span class='ocrx_word' id='word_1_797' title='bbox 1003 2743 1047 2770; x_wconf 85' lang='lat' dir='ltr'><strong>est</strong></span> 
     </span>
    </p>
   </div>
   <div class='ocr_carea' id='block_1_108' title="bbox 224 2783 1047 2823">
    <p class='ocr_par' dir='ltr' id='par_1_108' title="bbox 224 2783 1047 2823">
     <span class='ocr_line' id='line_1_108' title="bbox 224 2783 1047 2823; baseline -0.001 -8"><span class='ocrx_word' id='word_1_798' title='bbox 224 2783 369 2816; x_wconf 89' lang='lat' dir='ltr'><strong>Dominus</strong></span> <span class='ocrx_word' id='word_1_799' title='bbox 381 2792 397 2813; x_wconf 88' lang='lat' dir='ltr'><strong>a</strong></span> <span class='ocrx_word' id='word_1_800' title='bbox 413 2783 591 2823; x_wconf 81' lang='lat' dir='ltr'><strong>somno,boc</strong></span> <span class='ocrx_word' id='word_1_801' title='bbox 602 2787 656 2821; x_wconf 86' lang='lat' dir='ltr'><strong>est,</strong></span> <span class='ocrx_word' id='word_1_802' title='bbox 673 2785 817 2816; x_wconf 83' lang='lat' dir='ltr'><strong>surrexit:</strong></span> <span class='ocrx_word' id='word_1_803' title='bbox 836 2785 916 2816; x_wconf 88' lang='lat' dir='ltr'><strong>unde</strong></span> <span class='ocrx_word' id='word_1_804' title='bbox 930 2784 1047 2815; x_wconf 87' lang='lat' dir='ltr'><strong>reddita</strong></span> 
     </span>
    </p>
   </div>
   <div class='ocr_carea' id='block_1_109' title="bbox 223 2826 1045 2870">
    <p class='ocr_par' dir='ltr' id='par_1_109' title="bbox 223 2826 1045 2870">
     <span class='ocr_line' id='line_1_109' title="bbox 223 2826 1045 2870; baseline 0.005 -12"><span class='ocrx_word' id='word_1_805' title='bbox 223 2827 379 2868; x_wconf 85' lang='lat' dir='ltr'><strong>discipulis</strong></span> <span class='ocrx_word' id='word_1_806' title='bbox 394 2826 692 2867; x_wconf 82' lang='lat' dir='ltr'><strong>tranquillitas.Venit</strong></span> <span class='ocrx_word' id='word_1_807' title='bbox 706 2828 786 2859; x_wconf 87' lang='lat' dir='ltr'><strong>enim</strong></span> <span class='ocrx_word' id='word_1_808' title='bbox 794 2830 831 2862; x_wconf 84' lang='lat' dir='ltr'><strong>ad</strong></span> <span class='ocrx_word' id='word_1_809' title='bbox 844 2838 944 2870; x_wconf 87' lang='lat' dir='ltr'><strong>eos,ac</strong></span> <span class='ocrx_word' id='word_1_810' title='bbox 957 2828 1045 2862; x_wconf 81' lang='lat' dir='ltr'><strong>dixit.</strong></span> 
     </span>
    </p>
   </div>
   <div class='ocr_carea' id='block_1_110' title="bbox 1090 2422 1909 2465">
    <p class='ocr_par' dir='ltr' id='par_1_110' title="bbox 1090 2422 1909 2465">
     <span class='ocr_line' id='line_1_110' title="bbox 1090 2422 1909 2465; baseline -0.002 -11"><span class='ocrx_word' id='word_1_811' title='bbox 1090 2425 1210 2464; x_wconf 74' lang='grc' dir='ltr'>δύναμις,</span> <span class='ocrx_word' id='word_1_812' title='bbox 1241 2426 1377 2464; x_wconf 79' lang='grc' dir='ltr'>Εἶώθαμεν</span> <span class='ocrx_word' id='word_1_813' title='bbox 1417 2426 1467 2465; x_wconf 76' lang='grc' dir='ltr'><strong>γὰρ</strong></span> <span class='ocrx_word' id='word_1_814' title='bbox 1494 2427 1517 2454; x_wconf 77' lang='grc' dir='ltr'>οἱ</span> <span class='ocrx_word' id='word_1_815' title='bbox 1559 2425 1690 2465; x_wconf 83' lang='grc' dir='ltr'>ἄνθρωποι</span> <span class='ocrx_word' id='word_1_816' title='bbox 1718 2426 1780 2453; x_wconf 82' lang='grc' dir='ltr'>τότε</span> <span class='ocrx_word' id='word_1_817' title='bbox 1817 2422 1909 2462; x_wconf 80' lang='grc' dir='ltr'>μᾶλλον</span> 
     </span>
    </p>
   </div>
   <div class='ocr_carea' id='block_1_111' title="bbox 1090 2469 1909 2509">
    <p class='ocr_par' dir='ltr' id='par_1_111' title="bbox 1090 2469 1909 2509">
     <span class='ocr_line' id='line_1_111' title="bbox 1090 2469 1909 2509; baseline -0.006 -9"><span class='ocrx_word' id='word_1_818' title='bbox 1090 2471 1265 2509; x_wconf 83' lang='grc' dir='ltr'>μνημονεύειν</span> <span class='ocrx_word' id='word_1_819' title='bbox 1293 2472 1339 2499; x_wconf 74' lang='grc' dir='ltr'>τοῦ</span> <span class='ocrx_word' id='word_1_820' title='bbox 1369 2471 1516 2508; x_wconf 78' lang='grc' dir='ltr'>σώσαντος,</span> <span class='ocrx_word' id='word_1_821' title='bbox 1541 2470 1603 2499; x_wconf 76' lang='grc' dir='ltr'>ὅταν</span> <span class='ocrx_word' id='word_1_822' title='bbox 1625 2471 1678 2499; x_wconf 79' lang='grc' dir='ltr'><strong>ἀπὸ</strong></span> <span class='ocrx_word' id='word_1_823' title='bbox 1707 2469 1836 2509; x_wconf 77' lang='grc' dir='ltr'>μεγάλων</span> <span class='ocrx_word' id='word_1_824' title='bbox 1855 2479 1909 2496; x_wconf 82' lang='grc' dir='ltr'>κιν-</span> 
     </span>
    </p>
   </div>
   <div class='ocr_carea' id='block_1_112' title="bbox 1088 2511 1909 2555">
    <p class='ocr_par' dir='ltr' id='par_1_112' title="bbox 1088 2511 1909 2555">
     <span class='ocr_line' id='line_1_112' title="bbox 1088 2511 1909 2555; baseline -0.004 -11"><span class='ocrx_word' id='word_1_825' title='bbox 1088 2515 1169 2544; x_wconf 78' lang='grc' dir='ltr'>δύνων</span> <span class='ocrx_word' id='word_1_826' title='bbox 1197 2517 1268 2554; x_wconf 81' lang='grc' dir='ltr'>ἡμᾶς</span> <span class='ocrx_word' id='word_1_827' title='bbox 1285 2514 1416 2549; x_wconf 77' lang='grc' dir='ltr'>ἐξέληται.</span> <span class='ocrx_word' id='word_1_828' title='bbox 1436 2516 1485 2544; x_wconf 84' lang='grc' dir='ltr'>Διά</span> <span class='ocrx_word' id='word_1_829' title='bbox 1505 2519 1584 2544; x_wconf 81' lang='grc' dir='ltr'>τοῦτο</span> <span class='ocrx_word' id='word_1_830' title='bbox 1600 2516 1648 2544; x_wconf 81' lang='grc' dir='ltr'><strong>οὑκ</strong></span> <span class='ocrx_word' id='word_1_831' title='bbox 1662 2515 1689 2544; x_wconf 79' lang='grc' dir='ltr'>ἐν</span> <span class='ocrx_word' id='word_1_832' title='bbox 1704 2514 1790 2555; x_wconf 67' lang='grc' dir='ltr'>ἀρχῆ,</span> <span class='ocrx_word' id='word_1_833' title='bbox 1805 2511 1872 2555; x_wconf 70' lang='grc' dir='ltr'>ἀλλ’</span> <span class='ocrx_word' id='word_1_834' title='bbox 1886 2511 1909 2540; x_wconf 76' lang='grc' dir='ltr'>ἐν</span> 
     </span>
    </p>
   </div>
   <div class='ocr_carea' id='block_1_113' title="bbox 1088 2554 1907 2599">
    <p class='ocr_par' dir='ltr' id='par_1_113' title="bbox 1088 2554 1907 2599">
     <span class='ocr_line' id='line_1_113' title="bbox 1088 2554 1907 2599; baseline -0.004 -10"><span class='ocrx_word' id='word_1_835' title='bbox 1088 2561 1162 2599; x_wconf 84' lang='grc' dir='ltr'><strong>ἀκμῇ</strong></span> <span class='ocrx_word' id='word_1_836' title='bbox 1182 2565 1228 2589; x_wconf 78' lang='grc' dir='ltr'>τοῦ</span> <span class='ocrx_word' id='word_1_837' title='bbox 1248 2560 1368 2589; x_wconf 75' lang='grc' dir='ltr'>κινδύνου</span> <span class='ocrx_word' id='word_1_838' title='bbox 1382 2559 1523 2593; x_wconf 76' lang='grc' dir='ltr'>διαναστὰς</span> <span class='ocrx_word' id='word_1_839' title='bbox 1539 2560 1633 2591; x_wconf 78' lang='grc' dir='ltr'>αὒκοὺς</span> <span class='ocrx_word' id='word_1_840' title='bbox 1649 2559 1757 2589; x_wconf 79' lang='grc' dir='ltr'>ἔσωσεν.</span> <span class='ocrx_word' id='word_1_841' title='bbox 1789 2554 1862 2597; x_wconf 68' lang='grc' dir='ltr'>’Ὅρα</span> <span class='ocrx_word' id='word_1_842' title='bbox 1884 2556 1907 2584; x_wconf 70' lang='grc' dir='ltr'>δὲ</span> 
     </span>
    </p>
   </div>
   <div class='ocr_carea' id='block_1_114' title="bbox 1088 2604 1906 2645">
    <p class='ocr_par' dir='ltr' id='par_1_114' title="bbox 1088 2604 1906 2645">
     <span class='ocr_line' id='line_1_114' title="bbox 1088 2604 1906 2645; baseline -0.002 -11"><span class='ocrx_word' id='word_1_843' title='bbox 1088 2607 1132 2634; x_wconf 84' lang='grc' dir='ltr'><strong>καὶ</strong></span> <span class='ocrx_word' id='word_1_844' title='bbox 1159 2606 1344 2645; x_wconf 72' lang='grc' dir='ltr'>ἀναγωγικῶς,</span> <span class='ocrx_word' id='word_1_845' title='bbox 1382 2604 1423 2633; x_wconf 84' lang='grc' dir='ltr'>ὅτι</span> <span class='ocrx_word' id='word_1_846' title='bbox 1447 2606 1530 2637; x_wconf 71' lang='grc' dir='ltr'>τύπος</span> <span class='ocrx_word' id='word_1_847' title='bbox 1555 2605 1610 2633; x_wconf 73' lang='grc' dir='ltr'>ἐστὶ</span> <span class='ocrx_word' id='word_1_848' title='bbox 1630 2608 1710 2633; x_wconf 80' lang='grc' dir='ltr'>τοῦτο</span> <span class='ocrx_word' id='word_1_849' title='bbox 1730 2609 1778 2634; x_wconf 78' lang='grc' dir='ltr'>τοῦ</span> <span class='ocrx_word' id='word_1_850' title='bbox 1806 2604 1906 2642; x_wconf 70' lang='grc' dir='ltr'>ὕστερον</span> 
     </span>
    </p>
   </div>
   <div class='ocr_carea' id='block_1_115' title="bbox 1087 2647 1905 2690">
    <p class='ocr_par' dir='ltr' id='par_1_115' title="bbox 1087 2647 1905 2690">
     <span class='ocr_line' id='line_1_115' title="bbox 1087 2647 1905 2690; baseline 0 -12"><span class='ocrx_word' id='word_1_851' title='bbox 1087 2651 1146 2690; x_wconf 83' lang='grc' dir='ltr'>περὶ</span> <span class='ocrx_word' id='word_1_852' title='bbox 1170 2651 1231 2680; x_wconf 86' lang='grc' dir='ltr'>τοὺς</span> <span class='ocrx_word' id='word_1_853' title='bbox 1260 2650 1380 2688; x_wconf 77' lang='grc' dir='ltr'>μαθητὰς</span> <span class='ocrx_word' id='word_1_854' title='bbox 1416 2648 1578 2687; x_wconf 80' lang='grc' dir='ltr'>συμϐάντος,</span> <span class='ocrx_word' id='word_1_855' title='bbox 1615 2650 1703 2687; x_wconf 87' lang='grc' dir='ltr'>Λίμνη</span> <span class='ocrx_word' id='word_1_856' title='bbox 1738 2649 1789 2687; x_wconf 76' lang='grc' dir='ltr'>μὲν</span> <span class='ocrx_word' id='word_1_857' title='bbox 1817 2649 1866 2689; x_wconf 78' lang='grc' dir='ltr'><strong>γὰρ</strong></span> <span class='ocrx_word' id='word_1_858' title='bbox 1891 2647 1905 2678; x_wconf 72' lang='grc' dir='ltr'><strong>ἦ</strong></span> 
     </span>
    </p>
   </div>
   <div class='ocr_carea' id='block_1_116' title="bbox 1089 2691 1907 2735">
    <p class='ocr_par' dir='ltr' id='par_1_116' title="bbox 1089 2691 1907 2735">
     <span class='ocr_line' id='line_1_116' title="bbox 1089 2691 1907 2735; baseline -0.006 -12"><span class='ocrx_word' id='word_1_859' title='bbox 1089 2693 1210 2735; x_wconf 64' lang='grc' dir='ltr'>Ἰουδαία,</span> <span class='ocrx_word' id='word_1_860' title='bbox 1241 2695 1299 2733; x_wconf 87' lang='grc' dir='ltr'>περὶ</span> <span class='ocrx_word' id='word_1_861' title='bbox 1327 2694 1360 2728; x_wconf 73' lang='grc' dir='ltr'>ἢν</span> <span class='ocrx_word' id='word_1_862' title='bbox 1391 2693 1491 2728; x_wconf 77' lang='grc' dir='ltr'>κατέϐη</span> <span class='ocrx_word' id='word_1_863' title='bbox 1517 2694 1618 2733; x_wconf 79' lang='grc' dir='ltr'>λαίλαψ</span> <span class='ocrx_word' id='word_1_864' title='bbox 1642 2694 1732 2729; x_wconf 82' lang='grc' dir='ltr'>πολλὴ</span> <span class='ocrx_word' id='word_1_865' title='bbox 1757 2696 1810 2728; x_wconf 81' lang='grc' dir='ltr'>τῆς</span> <span class='ocrx_word' id='word_1_866' title='bbox 1845 2691 1907 2719; x_wconf 77' lang='grc' dir='ltr'>κατᾶ</span> 
     </span>
    </p>
   </div>
   <div class='ocr_carea' id='block_1_117' title="bbox 1088 2738 1907 2779">
    <p class='ocr_par' dir='ltr' id='par_1_117' title="bbox 1088 2738 1907 2779">
     <span class='ocr_line' id='line_1_117' title="bbox 1088 2738 1907 2779; baseline -0.005 -11"><span class='ocrx_word' id='word_1_867' title='bbox 1088 2743 1200 2779; x_wconf 83' lang='grc' dir='ltr'>Χριστοῦ</span> <span class='ocrx_word' id='word_1_868' title='bbox 1229 2739 1337 2776; x_wconf 83' lang='grc' dir='ltr'>μανίας,</span> <span class='ocrx_word' id='word_1_869' title='bbox 1353 2739 1386 2773; x_wconf 78' lang='grc' dir='ltr'>ἢν</span> <span class='ocrx_word' id='word_1_870' title='bbox 1402 2739 1538 2776; x_wconf 80' lang='grc' dir='ltr'>ἐμάνησαν</span> <span class='ocrx_word' id='word_1_871' title='bbox 1553 2740 1577 2767; x_wconf 76' lang='grc' dir='ltr'>οἱ</span> <span class='ocrx_word' id='word_1_872' title='bbox 1602 2738 1725 2768; x_wconf 76' lang='grc' dir='ltr'>Ἰουδαῖοι</span> <span class='ocrx_word' id='word_1_873' title='bbox 1741 2740 1907 2778; x_wconf 74' lang='grc' dir='ltr'>σταυροῦντες</span> 
     </span>
    </p>
   </div>
   <div class='ocr_carea' id='block_1_118' title="bbox 1086 2782 1907 2824">
    <p class='ocr_par' dir='ltr' id='par_1_118' title="bbox 1086 2782 1907 2824">
     <span class='ocr_line' id='line_1_118' title="bbox 1086 2782 1907 2824; baseline -0.002 -11"><span class='ocrx_word' id='word_1_874' title='bbox 1086 2785 1132 2813; x_wconf 83' lang='grc' dir='ltr'>τόν</span> <span class='ocrx_word' id='word_1_875' title='bbox 1157 2785 1262 2824; x_wconf 79' lang='grc' dir='ltr'>Κύριον.</span> <span class='ocrx_word' id='word_1_876' title='bbox 1278 2782 1482 2823; x_wconf 82' lang='grc' dir='ltr'>Ἐταράχθησαν</span> <span class='ocrx_word' id='word_1_877' title='bbox 1510 2783 1537 2812; x_wconf 78' lang='grc' dir='ltr'>δὲ</span> <span class='ocrx_word' id='word_1_878' title='bbox 1551 2784 1596 2813; x_wconf 73' lang='grc' dir='ltr'>καὶ</span> <span class='ocrx_word' id='word_1_879' title='bbox 1611 2786 1633 2813; x_wconf 76' lang='grc' dir='ltr'>οἶ</span> <span class='ocrx_word' id='word_1_880' title='bbox 1651 2785 1766 2823; x_wconf 78' lang='grc' dir='ltr'>μαθηταί</span> <span class='ocrx_word' id='word_1_881' title='bbox 1784 2793 1793 2800; x_wconf 69' lang='grc'><strong>⁸</strong></span> <span class='ocrx_word' id='word_1_882' title='bbox 1817 2783 1907 2812; x_wconf 70' lang='grc' dir='ltr'>πάντες</span> 
     </span>
    </p>
   </div>
   <div class='ocr_carea' id='block_1_119' title="bbox 1087 2823 1910 2869">
    <p class='ocr_par' dir='ltr' id='par_1_119' title="bbox 1087 2823 1910 2869">
     <span class='ocr_line' id='line_1_119' title="bbox 1087 2823 1910 2869; baseline 0 -11"><span class='ocrx_word' id='word_1_883' title='bbox 1087 2830 1137 2868; x_wconf 80' lang='grc' dir='ltr'><strong>γὰρ</strong></span> <span class='ocrx_word' id='word_1_884' title='bbox 1165 2828 1274 2869; x_wconf 69' lang='grc' dir='ltr'>ἀφέντες</span> <span class='ocrx_word' id='word_1_885' title='bbox 1303 2829 1381 2856; x_wconf 81' lang='grc' dir='ltr'>αὑτὸν</span> <span class='ocrx_word' id='word_1_886' title='bbox 1408 2828 1514 2869; x_wconf 62' lang='grc' dir='ltr'>ἔφυγον,</span> <span class='ocrx_word' id='word_1_887' title='bbox 1551 2823 1613 2856; x_wconf 70' lang='grc' dir='ltr'>ἀλλ’</span> <span class='ocrx_word' id='word_1_888' title='bbox 1641 2829 1740 2869; x_wconf 77' lang='grc' dir='ltr'>ἠγέρθη</span> <span class='ocrx_word' id='word_1_889' title='bbox 1774 2829 1790 2857; x_wconf 83' lang='grc' dir='ltr'><strong>ὁ</strong></span> <span class='ocrx_word' id='word_1_890' title='bbox 1821 2828 1910 2866; x_wconf 77' lang='grc' dir='ltr'>Κύριος</span> 
     </span>
    </p>
   </div>
  </div>
