1933 3084
55 191 112 223 805

410 192 630 226 ENARRATIO
655 195 692 226 IN
719 195 870 226 l‘iVANGE

957 196 970 226 vI
997 193 1114 227 IIUCI‘E.
1139 212 1177 217 —
1197 194 1280 227 CAP.
1305 195 1386 227 VIII.

1683 197 1742 229 806

53 261 102 288 Imb
132 263 178 289 τού
221 260 315 297 ὕπνου,
344 262 478 290 τουτέστιν
518 261 628 299 ἀνέστη,
665 262 709 289 καὶ
738 261 817 290 πάλιν
855 273 869 289 ο

961 271 976 291 x
991 261 1082 292 Vobis.
1107 261 1140 291 Et
1156 262 1218 292 haec
1233 261 1352 302 quidem
1372 271 1424 302 per
1449 263 1632 302 anagogiam.
1654 263 1737 299 Quod

51 306 166 342 μαθηταί
192 305 219 334 ἐν
249 305 364 345 γαλήνῃ.
405 306 531 339 Ἐπιστὰς
559 306 608 346 γὰρ
636 306 740 345 αὺτοῖς,
771 306 849 335 εἶπεν
867 315 873 321 ·

51 350 149 389 Εἰρήνη
177 351 252 388 ὑμῖν.
286 351 335 379 Καὶ
363 354 444 380 ταῦτα
480 351 529 388 μὲν
558 351 743 390 άναγωγικῶς.
779 352 815 380 Τό
835 350 875 388 δὲ,

49 395 92 426 Τίς
120 394 169 434 ἄρα
199 395 274 426 οὗτός
298 394 368 424 ἐστιν
387 405 394 436 ;
424 396 474 436 οὐχ
496 397 533 427 ὡς
557 395 717 435 ἀποροῦντες
741 394 873 435 λέγουσιν,

48 438 115 466 ἀλλὰ
144 440 320 477 θαυμάζοντες
341 448 347 456 '
389 441 424 473 ὡς
454 440 485 468 ἂν
514 441 535 468 εἰ
566 439 649 471 οὕτως
678 439 769 479 ’ἐλεγον
787 448 793 455 ·
831 440 875 475 Τίς

48 483 117 511 ἐστιν
139 484 225 522 οὗτος,
256 485 313 514 ἀντὶ
338 488 397 525 τοῦ,
426 485 509 517 πόσος
531 485 574 513 καὶ
599 484 712 518 πηλίκος
736 484 780 512 καὶ
803 485 874 525 οἶος,

47 529 88 557 καὶ
106 528 132 557 ὲν
148 529 199 568 ὅσῃ
215 529 328 570 ἐξουσίᾳ,
351 531 394 558 καὶ
408 529 515 568 δυνάμει
529 533 611 558 ταῦτα
625 536 700 558 ποιεῖ
717 540 724 565 ;

87 586 100 600 α
115 573 168 604 Καὶ
197 573 378 603 κατέπλευσαν
408 575 444 607 εἰς
475 575 524 608 τὴν
552 574 644 614 χώραν
666 577 718 602 τῶν
752 573 874 613 Γαδαρη-

101 642 108 658 ,
152 618 213 652 ἥτις
254 619 324 647 ἱστὶν
359 619 484 659 ἀντίπερα
515 621 565 652 τῆς
595 618 750 652 Γαλιλαίας.
779 618 872 652 Ἐξελ-

45 663 112 690 θόντι
139 662 167 691 δὲ
198 665 268 700 αὒτῷ
290 663 332 692 ἐπὶ
354 664 403 697 τὴι
438 667 500 702 γῆν,
531 664 682 699 ὑπήντησεν
712 666 783 700 αὖτῷ
808 664 874 704 ἀνήρ

45 717 82 739 τις
107 707 137 735 ἐκ
158 710 208 741 τῆς
238 707 354 748 πόλεως,
372 709 399 739 ὃς
418 709 482 748 εἶχε
508 707 631 746 δαιμόνια
650 708 679 736 ἐκ
694 709 798 748 χρόνων
811 710 873 737 ἱκα-

46 753 105 789 νών,
134 753 179 780 καὶ
209 753 313 789 ἱμάτιον
339 754 386 781 οὐκ
413 751 603 791 Ιενεδιδύσκετο,
632 754 675 781 καὶ
692 754 719 781 ἐν
735 754 803 790 οἰκίᾳ
827 754 874 782 οὒκ

44 797 143 835 ἔμενεν,
164 796 224 825 ἀλλ’
240 797 266 826 ἐν
281 804 339 830 τοῖς
368 798 522 835 μνήμασιν,
552 796 626 826 ’ἰδών
655 797 681 825 δὲ
696 799 742 826 τὸν
756 798 871 838 Ἰησοῦν,

44 843 84 870 καὶ
105 841 266 880 ἀνακράξας,
291 842 453 880 προσέπεσεν
483 844 567 879 αὑτῷ,
597 843 641 870 καὶ
671 846 746 883 φωνῇ
769 843 873 882 μεγάλῃ

45 897 104 914 ειπε
123 896 130 902 “

43 932 149 968 ὑψίστου
170 941 179 968 ;
208 931 307 969 Δέομαί
333 943 391 968 σου,
419 932 457 969 μή
474 942 506 969 με
525 931 682 970 βασανίσῃς.
701 932 873 972 Παρήγγελλε

43 976 90 1014 γὰρ
119 979 159 1013 τῷ
189 976 319 1014 πνεύματι
350 980 388 1014 τῷ
425 976 565 1014 ἀκαθάρτῳ
596 975 711 1008 ἐξελθεῖν
737 977 791 1004 απὸ
829 981 873 1006 τοῦ

46 1019 196 1060 ἆνθρώπου.
224 1019 341 1053 Πολλονς
369 1022 419 1060 γὰρ
455 1021 566 1061 χρόνοις
598 1028 759 1060 συνηρπάκει
783 1023 871 1059 αὐτὸν,

44 1065 87 1092 καί
116 1064 258 1103 ἔδεσμεϊτο
281 1064 387 1094 ἁλύσεσι
413 1065 458 1094 καί
481 1064 573 1097 πέδαις
589 1065 799 1106 φυλασσόμενος,
829 1067 872 1095 καὶ

44 1107 207 1148 διλῤῥήσσων
228 1111 261 1138 τὰ
288 1109 372 1148 δεσμὰ
393 1110 522 1144 ἠλαύνετο
540 1111 590 1138 ὑπὸ
618 1114 665 1139 τοῦ
691 1109 813 1149 δαίμονος
837 1113 872 1144 εἷς

49 1154 91 1186 τὰς
113 1154 240 1194 ἐρήμους.
274 1155 450 1195 Ἐπηρώτησε
479 1154 507 1182 δὲ
535 1155 613 1183 αὺτὸν
643 1155 657 1182 ὁ
686 1154 802 1192 ἰησοῦςζ
825 1155 873 1184 λέ-

48 1210 98 1238 γων
114 1209 121 1216 ⁵
147 1201 180 1228 Τί
193 1200 234 1228 σοί
263 1199 334 1228 ἔστιν
360 1199 443 1237 ὄνομα
458 1208 469 1238 ;
489 1195 518 1228 Ὀ
540 1198 567 1228 δὲ
590 1200 653 1228 εἷπε
671 1207 678 1214 '
696 1201 813 1239 Λεγεὼν,
831 1201 871 1229 ὅτι

46 1242 165 1281 δαιμόνια
195 1243 282 1272 πολλὰ
311 1244 432 1276 εἰσῆλθον
458 1246 496 1276 εἰς
531 1244 621 1281 αὺτὸν,
655 1245 700 1272 καὶ
725 1245 869 1283 παρεκάλει

43 1288 139 1328 αυτὸν,
153 1289 201 1317 ἵνα
230 1290 268 1326 μὴ
291 1289 400 1328 ἐπιτάξῃ
429 1291 521 1322 αὐτο”ς
537 1290 573 1321 εἰς
588 1289 638 1322 τὴν
654 1288 767 1318 ἄϐυσσον
783 1290 868 1318 ἄπελ-

43 1335 105 1363 011».
131 1327 182 1362 Ἠν
197 1333 224 1362 δὲ
242 1334 269 1362 δὲ
285 1334 344 1362 ἐκεῖ
357 1333 442 1373 ἀγέλη
464 1334 564 1374 χοίρων
578 1334 674 1362 ἱκανῶν
698 1334 868 1372 βοσκομένων

42 1377 66 1405 ἓν
78 1381 116 1415 τῷ
131 1378 198 1418 ὄρει,
215 1379 259 1407 καὶ
288 1378 453 1418 παρεκάλουν
482 1379 561 1407 αὐτὸν
586 1379 631 1407 ’ίνα
660 1378 790 1418 ἐπιτρέψῃ
816 1381 866 1408 αὖ-

39 1431 94 1456 τοῐς
123 1424 161 1456 εἰς
193 1423 306 1455 ἐκείνους
340 1423 478 1463 εἰσελθεῖν,
514 1424 557 1452 καὶ
587 1423 730 1463 ἐπέτρεψεν
759 1425 863 1457 αὑτοῖς.

46 621 96 646 νῶν

917 311 1015 336 autem
1033 306 1134 336 dicunt
1153 306 1313 342 :Quisnam
1332 307 1377 337 liic
1395 307 1454 337 est?
1470 316 1527 337 non
1541 312 1571 337 ut
1595 308 1737 338 dubitan-

919 354 961 380 tes
978 351 1092 386 dicunt,
1117 351 1169 381 sed
1187 350 1389 382 admirantes:
1405 352 1487 392 quasi
1503 352 1653 384 dicereut:
1667 352 1739 388 Quis

917 394 964 425 hic
981 399 1032 425 est.
1053 395 1107 425 lioc
1122 400 1178 433 est,
1204 401 1329 436 quantus
1356 401 1384 426 et
1409 397 1515 437 qualis,
1533 401 1562 428 et
1587 397 1615 427 in
1631 403 1739 437 quanta

920 444 1063 479 potestate
1079 441 1140 470 lure
1157 440 1251 470 facit?

957 571 1038 603 Vsus
1066 573 1174 605 εἶθ-33.
1194 584 1207 603 ι
1226 573 1259 604 Et
1285 574 1494 613 navigaverunt
1518 576 1556 606 ad
1585 577 1736 615 regionem

916 617 1139 648 Gadareuorum
1156 628 1220 658 quae
1232 622 1276 649 est
1287 624 1387 649 contra
1401 619 1560 650 Galilaeam.
1576 621 1687 651 Etcum
1699 621 1736 652 de

915 662 979 692 navi
995 671 1132 702 egressus
1148 669 1225 694 esset
1240 665 1274 694 ad
1293 666 1546 701 terram,occurrit
1562 665 1604 695 illi
1619 665 1662 695 vir
1674 666 1735 706 qui-

915 706 981 737 dam
998 718 1013 738 e
1032 708 1148 739 civitate
1157 709 1206 748 qui
1225 708 1350 739 habebat
1363 709 1510 739 dzemonia
1522 711 1584 748 jam
1599 719 1615 740 ει
1628 715 1740 750 tempo-

914 751 997 782 ribus
1015 753 1125 790 multis,
1138 753 1352 784 etvestimento
1369 764 1425 784 non
1440 753 1628 790 induebatur,
1643 764 1740 795 neque

915 795 944 826 in
962 796 1049 827 domo
1062 798 1211 834 manebat,
1225 797 1278 828 sed
1294 797 1323 828 in
1343 799 1554 829 monumentis.
1572 798 1598 829 ls
1607 804 1637 828 ut
1649 799 1740 829 vidis-

916 845 960 872 set
974 842 1086 879 Jesum,
1101 848 1128 873 et
1144 842 1349 883 exclamasset,
1364 843 1491 883 procidit
1511 847 1577 874 ante
1594 843 1690 881 illum,
1706 853 1740 874 ac

163 887 194 916 Τί
220 886 279 924 ἐμοὶ
309 888 352 915 καὶ
381 887 434 923 σοὶ,
468 887 569 924 Ἰησοῦ,
601 887 643 914 Υἱὲ
671 891 717 915 τοῦ
744 889 809 915 Θεοῦ
827 893 870 918 τοῦ

957 895 991 916 ce
1005 896 1108 925 magna
1124 886 1196 917 dixit
1214 886 1308 922 :Quid
1327 887 1399 917 mihi
1413 888 1456 917 rei
1473 892 1568 919 tecutn
1585 892 1641 924 est,
1655 887 1737 928 Jesu,

916 930 970 961 Fili
999 930 1051 961 Dei
1081 931 1232 962 altissimi?
1247 931 1378 962 Obsecro
1394 936 1433 969 te,
1452 942 1488 962 ne
1515 941 1563 963 tne
1589 936 1737 972 torqueas.

916 975 1193 1016 Praecipiebatenim
1208 976 1313 1017 spritui
1326 977 1480 1007 immundo
1494 977 1672 1007 utexiretab
1689 977 1740 1007 lto-

915 1019 1007 1051 mine.
1026 1021 1208 1061 Frequenter
1224 1021 1303 1051 enim
1316 1021 1501 1060 corripuerat
1517 1021 1611 1057 illum,
1630 1027 1658 1052 et
1674 1022 1740 1052 vin-

914 1064 1049 1096 ciebatur
1064 1066 1187 1103 catenis,
1206 1071 1234 1096 et
1249 1065 1444 1105 compedibus
1460 1065 1692 1105 custodiebatur,
1709 1071 1739 1097 et

915 1110 1010 1149 ruptis
1025 1110 1150 1141 vinculis
1165 1110 1304 1150 agebatur
1316 1120 1332 1141 a
1346 1110 1493 1140 daemonio
1510 1110 1539 1140 in
1555 1110 1738 1141 desertaJn-

915 1155 1073 1194 terrogavit
1087 1160 1183 1185 autem
1209 1155 1292 1186 illum
1317 1156 1414 1194 Iesus,
1432 1155 1536 1185 dicens
1554 1165 1560 1182 :
1579 1154 1660 1190 Quod
1685 1155 1738 1186 tibi

914 1207 1022 1230 nomen
1042 1203 1101 1231 est?
1117 1201 1154 1231 At
1176 1200 1226 1230 ille
1241 1200 1313 1230 dixit
1333 1210 1339 1231 :
1355 1201 1455 1239 Legio,
1473 1199 1541 1240 quia
1556 1199 1737 1231 intraverant

913 1244 1058 1275 daemonia
1083 1245 1173 1276 multa
1201 1245 1230 1275 in
1253 1254 1333 1275 eum.
1358 1244 1394 1275 Et
1410 1249 1585 1284 rogaverunt
1600 1245 1683 1275 illum
1700 1254 1737 1275 ue

910 1287 1070 1329 imperaret
1100 1290 1171 1330 ipsis
1185 1295 1216 1320 ut
1233 1289 1260 1320 in
1277 1290 1414 1329 abyssum
1435 1289 1523 1321 irent.
1542 1289 1611 1319 Erat
1635 1295 1735 1320 autem

910 1333 950 1364 ibi
965 1344 1035 1374 grex
1048 1344 1203 1374 porcorum
1213 1335 1371 1366 multorum
1385 1334 1566 1374 pascentium
1582 1334 1610 1364 in
1623 1338 1734 1372 monte,

909 1382 937 1408 et
952 1379 1097 1418 rogabant
1112 1390 1179 1410 eum
1197 1385 1226 1410 ut
1245 1379 1428 1419 permitteret
1444 1378 1517 1419 ipsis
1541 1379 1571 1409 in
1601 1379 1666 1409 illos
1687 1379 1736 1409 in-

906 1423 1002 1463 gredi.
1020 1423 1056 1454 Et
1073 1425 1205 1463 permisit
1223 1424 1439 1455 illis.Exierunt
1455 1433 1526 1463 ergo
1542 1424 1690 1454 diemonia
1699 1424 1735 1454 ab

39 1467 188 1500 Ἐξελθόντα
216 1467 242 1496 δὲ
258 1469 290 1496 τὰ
321 1467 443 1506 δαιμόνια
465 1468 518 1497 ἀπὸ
539 1468 586 1496 τοῦ
607 1468 755 1508 ἀνθρώπου,
769 1469 862 1504 εἰσῆλ-

957 1468 1038 1500 niue.
1059 1473 1086 1499 et
1104 1469 1329 1499 intraveruntin
1346 1477 1452 1509 porcos
1468 1478 1474 1498 :
1494 1473 1522 1498 et
1537 1468 1653 1508 impetu
1667 1469 1738 1500 abiit

38 1513 78 1539 θον
107 1512 142 1544 εἰς
169 1512 231 1544 τοὺς
261 1513 381 1552 χοίρους,
417 1513 465 1542 Καὶ
496 1512 621 1551 ὥρμησεν
649 1514 666 1546 ἡ
688 1512 773 1553 ἆγέλη
793 1515 864 1554 κατὰ

959 1523 975 1543 x
993 1523 1045 1554 per
1062 1523 1195 1554 praeceps
1211 1514 1240 1544 iu
1255 1518 1404 1553 stagnum,
1428 1517 1455 1543 et
1474 1512 1632 1544 suffocatus
1648 1517 1700 1543 est,
1721 1526 1734 1541 ι

37 1559 80 1584 τοῦ
94 1560 216 1596 κρημνοῦ
243 1551 279 1589 εἰς
303 1551 354 1591 τὴν
375 1557 484 1598 λίμνην,
511 1558 555 1586 καὶ
581 1551 725 1598 ἀπεπνίγη.
745 1570 759 1586 ι
791 1553 864 1599 ’Ὀρα

957 1551 1175 1590 le'dzemonein
1197 1551 1312 1590 duabus
1327 1551 1412 1590 malis
1427 1558 1633 1589 atl'ectionibus
1649 1564 1735 1590 tene-

38 1601 79 1628 τὸν
94 1600 204 1639 δαίμονα
231 1601 285 1632 δυσὶ
314 1603 408 1634 κακίας
438 1603 533 1631 πάθεσι
561 1604 746 1641 μεριζόμενον,
776 1603 866 1643 θράσε⁶

960 1605 1080 1636 audacia
1097 1609 1125 1635 et
1139 1605 1257 1635 timore.
1271 1605 1344 1635 Nam
1361 1603 1439 1644 quod
1455 1603 1528 1634 dicit
1545 1614 1551 1634 :
1570 1603 1646 1640 Quid
1664 1604 1735 1636 mihi

38 1646 78 1674 καὶ
103 1645 187 1686 φόϐῳ,
219 1648 255 1676 Τὸ
284 1646 334 1685 μὶν
362 1648 412 1687 γὰρ
440 1646 541 1686 λέγειν,
575 1647 605 1676 Τί
634 1647 694 1685 ἐμοὶ
718 1648 762 1676 καὶ
799 1650 863 1686 σοῖς

957 1648 1018 1679 tibi"
1032 1649 1151 1680 audacis
1167 1653 1195 1679 et
1212 1649 1394 1689 impudentis
1410 1648 1581 1688 servi;quod
1598 1657 1666 1679 vero
1687 1649 1734 1679 di-

38 1691 149 1730 θρασέως
171 1692 216 1720 καὶ
239 1691 416 1732 ἀναισχύντου
444 1691 550 1730 δούλου,
571 1692 602 1720 τὸ
618 1691 657 1729 δὲ,
684 1692 783 1730 Δέομαί
805 1704 861 1730 σου,

960 1693 1090 1725 Obsecro
1106 1695 1278 1730 te,timentis
1291 1693 1466 1724 est.Habitat
1475 1698 1572 1723 autem
1585 1695 1614 1724 in
1628 1702 1736 1725 monu-

39 1734 196 1775 φοϐουμένου
239 1736 305 1768 ἐστί.
349 1737 470 1774 Κατῲκει
512 1735 540 1764 δὲ
569 1736 595 1764 ἒν
626 1743 684 1768 τοῖς
727 1738 861 1775 μνήμασι,

957 1739 1032 1779 entis,
1050 1743 1079 1770 ut
1096 1739 1201 1769 malam
1214 1738 1414 1778 suspicionem
1430 1742 1582 1776 ingereret
1605 1739 1735 1769 homini-

41 1781 155 1821 πονηρὰν
185 1781 304 1810 ἐνθεῖναι
336 1788 395 1814 τοῖς
425 1781 576 1821 ἀνθρώποις
609 1781 745 1815 ὑπόληψιν
772 1781 870 1820 βουλό-

957 1792 967 1812 s
982 1783 1058 1823 quod
1076 1783 1181 1814 animae
1198 1782 1386 1813 morientium
1403 1782 1553 1813 daemones
1570 1782 1649 1813 ﬁant.
1663 1785 1736 1813 Por-

40 1836 122 1866 μενος,
154 1827 195 1855 ὅτι
224 1828 250 1854 αἱ
280 1827 366 1867 ψυχαὶ
388 1830 442 1855 τῶν
472 1827 661 1855 ἂποθανοντων
684 1826 803 1864 δαίμονες
826 1827 869 1867 γί-

42 1881 135 1903 νονται,
164 1872 300 1901 Λῖτοῦνται
316 1870 343 1900 δὲ
358 1872 382 1899 οἱ
397 1870 521 1910 δαίμονες
548 1872 587 1910 μὴ
616 1871 745 1900 εἰσελθεῖν
761 1872 797 1905 εἷς
820 1873 870 1906 τὴν

39 1914 155 1957 ἄϐυσσον,
185 1916 254 1945 ἆλλᾶ
279 1918 492 1957 συγχωρηθῆναι
520 1916 558 1957 ἔτι
583 1916 609 1944 ἐν
636 1919 671 1954 τῇ
701 1920 737 1956 γῇ
766 1916 867 1957 διατρί-

39 1958 100 1992 ϐειν,
131 1956 160 1990 ’0
188 1960 216 1989 δὲ
248 1956 349 2000 Κύριος
364 1968 502 2002 συγχωρεῖ
520 1956 612 1993 αυτοῖς
642 1963 712 1989 εἶναι
728 1961 754 1990 ἒν
769 1965 803 2000 τῇ

41 2006 72 2037 ὡς
101 2005 130 2046 ἂν
174 2005 334 2039 παλαίοντες
377 2013 435 2038 τοῖς
471 2006 631 2046 ἀνθρώποις,
672 2006 866 2046 δοκιμωτέρους

40 2044 126 2083 αὐτους
148 2054 274 2082 ποιῶσιν.
300 2052 328 2079 Εἰ
350 2051 400 2091 γὰρ
430 2051 469 2089 μὴ
499 2050 568 2084 ἦσαν
589 2050 739 2087 ἀντίπαλοι,
770 2052 817 2080 οὑκ
832 2051 864 2079 ἂν

912 1836 945 1858 ro
963 1832 1020 1868 peti
1036 1835 1061 1857 ιιί
1090 1829 1240 1858 daemones
1257 1837 1293 1858 ne
1307 1828 1336 1858 in
1353 1827 1490 1866 abyssum
1517 1827 1734 1868 ingrediantur,

911 1873 981 1902 528
994 1873 1045 1903 sed
1066 1873 1095 1903 in
1123 1876 1202 1903 terra
1223 1873 1431 1912 permittantur
1451 1871 1528 1902 ultra
1553 1872 1664 1902 versari
1682 1882 1688 1902 :
1705 1876 1735 1902 et

909 1917 1055 1948 Dominus
1066 1917 1210 1958 permittit
1226 1917 1294 1947 illos
1310 1926 1375 1947 esse
1390 1917 1420 1947 in
1433 1920 1522 1954 terra,
1537 1920 1568 1947 ut
1583 1920 1733 1947 certamen

909 1962 1037 1993 habeant
1052 1972 1118 1992 cum
1137 1962 1320 2002 horninibus,
1339 1966 1367 1992 et
1384 1960 1568 2001 probatiores
1581 1960 1647 1991 illos
1662 1961 1733 1991 red-

908 2006 988 2037 dant.
1008 2007 1080 2037 Nam
1097 2007 1122 2036 si
1139 2015 1196 2036 non
1213 2010 1323 2046 essent,
1345 2005 1619 2045 adversarii,neque
1635 2010 1733 2037 certa-

907 2051 989 2082 mina
1005 2055 1116 2089 essent,
1134 2055 1162 2081 et
1180 2051 1235 2080 nisi
1251 2050 1414 2082 certamina
1439 2054 1549 2086 essent,
1570 2059 1665 2091 neque
1687 2060 1734 2081 co-

38 2095 100 2128 ἧσαν
127 2096 242 2136 ἀγῶνες,
258 2096 302 2124 καὶ
317 2096 339 2124 εἰ
360 2096 400 2133 μὴ
422 2095 490 2129 ἦσαν
520 2096 634 2135 ἀγῶνες,
658 2097 705 2125 οὐκ
730 2095 761 2124 ἂν
792 2095 862 2130 ἦσαν

959 2106 984 2126 ιιι
998 2095 1194 2127 forent.Disce
1208 2100 1236 2126 et
1251 2095 1391 2136 quiddam
1416 2094 1599 2126 sublimioris
1620 2105 1731 2134 anago—

40 2140 165 2181 στέφανοι,
196 2141 268 2169 Μάθε
308 2139 335 2169 δὲ
361 2141 407 2169 καὶ
436 2140 684 2180 ἔιναγωγικώτερον,
715 2140 754 2169 ὅτι
784 2140 857 2174 ὅστις

959 2166 965 2173 .
988 2140 1127 2181 Quisquis
1153 2140 1241 2171 habet
1269 2141 1348 2170 intra
1372 2149 1404 2171 se
1428 2140 1588 2177 daemones,
1608 2141 1666 2170 hoc
1689 2145 1734 2171 est

38 2183 91 2225 ἔχει
119 2185 244 2223 δαίμονας
273 2185 301 2213 ἐν
337 2186 434 2223 ἑαυτῷ,
464 2184 583 2214 τουτέστι
608 2183 763 2223 δαιμονικὰς
786 2186 870 2225 πρά-η

959 2195 991 2216 ra
1007 2185 1205 2223 diemoniaca,
1223 2190 1306 2216 veste
1323 2194 1381 2215 non
1398 2184 1541 2222 induitur,
1557 2190 1639 2216 caret
1654 2185 1733 2216 enim
1777 2185 1779 2187 ’

41 2228 98 2267 ξεις,
123 2231 230 2268 ἱμάτιον
259 2231 307 2259 οὒκ
351 2229 541 2268 ἐνδιδύσκεται,
572 2229 703 2267 τουτέστι,
739 2231 788 2264 τὴν
813 2231 866 2262 ἀπὸ

40 2278 81 2303 τοῦ
112 2276 294 2314 βαπτίσματος
326 2274 427 2309 στολὴν
457 2276 504 2304 οὒκ
523 2275 594 2315 ἔχει,
626 2276 669 2303 καί
685 2275 712 2304 ἒν
742 2276 810 2312 οἰκίᾳ
837 2276 867 2304 οὖ

41 2319 119 2360 μένει,
146 2320 282 2349 τωτέστιν
306 2319 332 2348 ἐν
361 2319 519 2356 Ἐκκλησία.
549 2321 603 2350 Οὐκ
630 2318 701 2352 ἄξιος
716 2320 766 2360 γάρ
792 2320 866 2349 ἐστιν

42 2364 198 2405 ιίσὲρχεσθαι
228 2365 254 2393 ἒν
287 2364 445 2404 Ἐκκλησίᾳ,
480 2364 541 2393 ἀλλ’
571 2364 598 2393 ἐν
626 2371 687 2397 τοῖς
716 2365 864 2403 μνήμασιν)

41 2408 93 2442 ἤτοι
106 2421 146 2443 τις
172 2411 224 2439 τῶν
253 2413 351 2450 νεκρῶν
372 2409 454 2450 ἔργων
475 2408 602 2450 δοχείοις,
629 2409 689 2438 οἷον
714 2411 828 2448 πνιρνείοι
841 2419 868 2440 ι’

42 2453 181 2488 τιλωνείοις
199 2463 206 2471 ·
224 2458 307 2484 ταῦτα
330 2454 380 2494 γὰρ
403 2461 528 2493 μνημεῖα
543 2454 639 2486 κακίας
662 2454 736 2484 εἰσίν.

81 2510 92 2528 I
116 2499 226 2532 ἰδοντις
257 2499 285 2528 ’δὲ
314 2501 337 2528 οἰ
362 2499 505 2538 βόσκοντες
530 2500 562 2527 τὸ
591 2498 782 2539 γεγενημένον,
801 2499 864 2539 ἔφυ-

44 2556 96 2583 γον,
126 2546 170 2574 καὶ
200 2544 370 2585 ἀπήγγειλαν
397 2545 434 2577 εἷς
472 2545 518 2579 τὴν
549 2545 639 2585 πόλιν,
671 2545 715 2573 καὶ
741 2545 778 2576 εἰς
805 2545 865 2576 τοὺς

45 2589 142 2629 ἄγροός.
172 2589 300 2624 Ἐξῆλθον
330 2589 358 2618 δὲ
404 2589 471 2618 ἰδεῖν
498 2591 530 2618 τὸ
563 2593 687 2629 γεγονὸς,
719 2589 763 2617 καὶ
789 2589 868 2623 ἦλθον

46 2635 105 2673 πρὸς
131 2636 176 2663 τὸν
205 2634 323 2673 Ἰησοῦν,
347 2636 391 2664 καὶ
419 2635 493 2675 εὖρον
521 2635 673 2672 καθήμενον
701 2635 746 2662 τὸν
764 2633 864 2674 ἅνθρω-

46 2689 103 2716 nov,
129 2678 174 2720 ἀφ’
190 2680 219 2708 οὖ
243 2680 276 2709 τὰ
302 2679 426 2718 δαιμόνια
455 2678 615 2717 ἐξεληλύθει,
630 2679 802 2717 ἱματισμένον
822 2679 866 2707 καὶ

47 2728 233 2764 νωφρονσῧντα,
249 2725 321 2765 παρὰ
341 2725 403 2757 τοὺς
425 2724 509 2757 πόδας
535 2725 581 2753 τοῦ
605 2723 708 2762 Ἰησοῦ,
733 2724 777 2752 καὶ
798 2725 864 2765 ἔφο-

47 2765 169 2802 εήὺησαν,
199 2769 384 2809 Ἀπῆγγειλαν
399 2768 427 2798 δὲ
455 2770 546 2801 αὐτοῖς
568 2770 612 2798 καὶ
638 2771 661 2797 οἰ
681 2767 792 2804 ἰδόντες,
808 2771 864 2801 πῶς

48 2812 127 2847 Eadm
142 2815 155 2842 ὁ
182 2813 371 2853 δαιμονισθείς,
404 2815 453 2844 Καὶ
479 2814 621 2853 ἠρώτησαν
643 2814 720 2842 αὑτὸν
742 2813 812 2842 ἅπαν
835 2815 866 2842 τὸ

51 2855 140 2892 πλῆθος
169 2860 216 2893 τῆς
257 2861 409 2900 περιχώρου
449 2861 503 2889 τῶν
540 2859 709 2900 Γαδαρηνῶν,
740 2857 866 2887 ἀπελθεῖν

908 2231 983 2261 stola
998 2239 1085 2271 quam
1102 2229 1132 2260 in
1148 2229 1330 2270 baptismate
1345 2229 1470 2269 accepit,
1488 2229 1558 2260 etin
1574 2229 1662 2260 domo
1674 2239 1732 2260 ma-

908 2280 969 2310 net.
982 2276 1038 2307 hoc
1054 2280 1108 2313 est,
1126 2275 1156 2306 in
1171 2274 1317 2314 Ecclesia;
1333 2275 1472 2314 indignus
1485 2274 1564 2305 enim
1580 2279 1625 2304 est
1641 2279 1672 2305 ut
1684 2274 1733 2304 in-

908 2321 1059 2361 grediatur
1083 2320 1113 2351 in
1128 2320 1308 2355 Ecclesiam,
1333 2320 1384 2350 sed
1404 2319 1433 2349 in
1451 2319 1661 2356 monumentis,
1677 2319 1733 2350 hoc

912 2371 968 2403 est,
981 2366 1009 2396 in
1025 2369 1207 2396 mortuorum
1221 2373 1344 2405 operum
1362 2364 1568 2404 receptaculis,
1582 2368 1613 2394 ut
1627 2363 1657 2394 in
1667 2372 1733 2403 pro-

911 2411 1029 2442 stibulis
1040 2415 1069 2441 et
1086 2409 1204 2441 teloniis
1220 2414 1248 2440 et
1259 2409 1324 2440 aliis
1339 2409 1468 2440 sclerum
1485 2408 1652 2439 ofﬁcinis-et
1664 2416 1732 2440 m0—

909 2459 1166 2528 "mitigat-39.
1175 2495 1282 2526 «Porro
1295 2498 1325 2525 ut
1335 2494 1471 2525 viderunt
1480 2494 1558 2534 quod
1571 2493 1730 2531 acciderat,

910 2541 940 2572 hi
956 2541 1006 2582 qui
1016 2540 1185 2581 pascebant,
1205 2541 1352 2580 fugerunt,
1370 2544 1399 2569 et
1413 2547 1563 2569 rumorem
1575 2538 1731 2569 nuntiave-

910 2590 980 2616 runt
996 2586 1024 2616 in
1039 2586 1184 2617 civitatem
1198 2595 1231 2616 ac
1249 2584 1343 2615 villas.
1361 2583 1502 2614 Exierunt
1527 2587 1625 2614 autem
1641 2587 1672 2613 ut
1686 2583 1730 2613 vi-

908 2631 1013 2662 derent
1027 2631 1107 2672 quod
1124 2630 1232 2662 tactum
1246 2628 1360 2660 erat.Et
1375 2633 1521 2659 venerunt
1532 2628 1568 2658 ad
1585 2627 1733 2666 Jesum,et

908 2677 1082 2708 invenerunt
1110 2675 1262 2706 hominem
1289 2673 1442 2705 sedentem
1465 2682 1483 2704 a
1506 2682 1564 2713 quo
1586 2673 1732 2704 damionia

906 2721 1242 2762 exierant,vesiitum,ac
1257 2717 1486 2754 sanamente,ad
1498 2717 1589 2758 pedes
1603 2717 1682 2755 Jesu,
1702 2723 1731 2748 et

908 2766 1082 2797 timuerunt.
1099 2765 1315 2797 Nuntiaverunt
1330 2766 1427 2794 autem
1453 2762 1512 2793 illis
1528 2763 1613 2793 etiam
1631 2762 1731 2802 quivi-

908 2812 1023 2845 derant.
1038 2811 1188 2852 quomodo
1200 2818 1288 2840 sanus
1304 2809 1397 2838 factus
1409 2813 1487 2839 esset
1498 2808 1523 2838 is
1533 2807 1584 2848 qui
1598 2808 1730 2847 agitaba-

910 2861 980 2888 tura
992 2856 1153 2887 daemonio.
1170 2854 1205 2886 Et
1215 2857 1393 2894 rogaverunt
1408 2852 1490 2883 illum
1507 2853 1604 2882 omnis
1628 2853 1729 2883 multi-
