1933 3084
201 146 260 179 807

203 214 271 244 tudo
287 214 416 253 regionis
426 213 698 249 Gadarenorum,ut
713 212 882 243 discederet
897 214 1025 254 aliipsis,

200 258 268 298 quia
283 267 388 298 magno
405 259 513 288 timore
530 258 719 289 tenebantur.
746 258 811 297 lpse
840 262 938 288 autem
956 268 1027 290 con-

199 311 305 333 scensa
333 303 398 333 navi
426 312 566 333 reversus
580 307 636 332 est.
656 303 820 340 Rogaverat
844 303 922 332 enim
944 303 1026 334 illum

198 347 241 377 vir
255 356 271 378 τι
286 357 343 387 quo
359 347 504 378 daemonia
516 347 659 383 exierant,
680 351 710 376 ut
725 356 792 378 cum
815 356 849 377 eo
867 352 959 385 esset,
975 349 1025 378 sed

197 391 342 431 ablegavit
358 401 425 424 eum
441 391 736 427 .Iesus,dicens:Redi
754 392 782 421 in
801 391 920 422 domum
933 397 1025 430 tuum,

198 441 227 466 et
243 446 331 467 narra
344 445 528 476 quaecunque
545 436 598 466 tibi
615 436 717 467 fecerit
735 435 823 467 Deus.
843 437 876 466 Et
893 436 964 466 abiit
974 446 1027 477 per

198 485 285 511 totam
302 481 448 512 civitatem
471 481 635 521 przedicans
660 490 845 520 quaecunque
861 480 917 510 sibi
935 481 1024 511 fecis-

197 530 242 556 set
267 525 364 563 Jesus,
388 538 399 554 »
427 525 506 565 Fuga
536 530 686 565 pastorum
716 524 879 556 Gadarenis
907 525 1024 556 occasio

197 570 299 601 salutis
314 574 390 606 erat,
407 570 459 600 sed
487 570 526 599 illi
555 580 612 600 non
629 569 849 601 intellexerunt.
865 569 1026 609 Oportebat

198 615 276 645 enim
299 615 398 645 mirari
411 615 547 645 virtutem
565 615 736 650 Salvatoris,
751 618 779 644 et
790 614 912 644 credere
927 624 952 645 ex
970 625 976 646 :
995 620 1026 645 at

197 659 238 689 illi
254 663 441 697 rogaverunt.
457 658 562 698 inquit,
579 658 695 695 Jesum,
714 658 769 688 hoc
786 663 829 689 est
845 658 1023 689 obsecrave-

197 708 275 744 runt,
301 707 332 734 ut
357 704 393 734 ab
418 703 492 743 ipsis
519 702 866 734 reccderet.Timuerunt
888 703 968 733 enim
985 713 1022 735 ne

196 758 254 788 quo
267 753 351 788 pacto
369 748 456 778 etiam
474 748 553 778 aliud
571 750 713 779 damnum
731 752 1019 788 paterentur,quan-

196 793 356 833 doquidem
373 793 455 833 porci
472 793 639 833 periissent.
659 793 696 823 At
709 797 828 822 sanatus
841 793 890 824 ille
905 798 1020 824 certum

195 838 345 878 quoddam
375 837 486 868 sanatis
513 837 656 868 indicium
680 838 865 868 ostendebat.
883 839 925 869 Ita
941 839 1019 869 enim

197 887 295 913 mente
309 887 430 913 sanatus
444 887 498 919 est,
517 887 548 913 ut
562 883 661 914 .iesum
675 889 859 921 agnosceret,
884 892 972 913 orans
988 890 1019 914 ut

194 927 252 958 sibi
266 937 333 958 cum
350 928 399 958 illo
426 936 492 958 esse
507 927 622 958 liceret.
639 928 767 965 Etenim,
782 932 813 958 ut
826 932 960 968 apparet,
980 928 1018 959 ti-

195 972 293 1003 mebat
310 982 346 1003 ne
360 972 437 1004 forte
452 973 605 1011 elongatus
618 982 635 1003 a
649 974 718 1004 Jesu
734 983 751 1003 a
767 973 1020 1003 daemonibusile-

193 1027 258 1048 rum
279 1019 480 1056 invaderetur;
505 1019 557 1050 sed
585 1019 727 1050 Dominus
757 1019 868 1050 indicat
897 1019 925 1049 ei
940 1018 1019 1059 quod

194 1063 261 1093 licet
278 1073 336 1093 non
352 1063 390 1093 sit
411 1073 526 1100 secum,
543 1064 636 1103 gratia
649 1068 747 1094 tamen
771 1064 835 1103 ejus
858 1068 1018 1104 protectus,

192 1107 382 1139 daamoniacis
403 1108 562 1139 insultibus
577 1108 715 1148 superior
730 1108 787 1138 ﬁat.
810 1109 896 1144 Redi,
914 1107 1017 1147 inquit,

192 1154 220 1184 iu
237 1154 357 1185 domum
380 1159 473 1191 luam,
501 1159 530 1185 et
546 1163 633 1185 narra
649 1163 833 1194 qurecunque
846 1154 898 1185 libi
916 1154 1021 1185 fecerit

192 1199 281 1230 Deus.
299 1198 363 1229 Non
379 1199 461 1235 dixit,
479 1208 667 1239 quacunque
679 1208 734 1236 ego
762 1198 813 1228 tibi
831 1199 964 1236 fecerim,
981 1198 1018 1229 ti-

190 1252 293 1282 gni-am
310 1243 395 1274 nobis
420 1243 593 1275 humilitatis
617 1243 748 1279 tradens,
767 1248 797 1273 ut
827 1243 928 1274 omnia
944 1244 1020 1274 bona

191 1297 282 1328 opera
296 1292 395 1318 nostra
407 1289 467 1319 Deo
486 1289 660 1319 tribuamus.
681 1287 747 1318 Erat
762 1292 858 1318 autem
876 1288 926 1318 ille
947 1297 1016 1327 gra-

191 1337 248 1369 tus,
267 1333 306 1363 ita
321 1337 350 1362 ut
372 1339 500 1363 mararet
530 1341 714 1372 quacunque
743 1332 859 1363 iecisset
875 1332 902 1362 ei
916 1334 1012 1363 Jesus.

191 1378 264 1408 Nam
278 1377 420 1407 Dominus
449 1377 567 1416 quidem
586 1381 768 1416 praeceperat
782 1377 809 1407 ei
827 1381 859 1407 ut
884 1382 1016 1408 narraret

191 1431 374 1462 quaecunque
385 1422 494 1452 lacerat
508 1423 536 1452 ei
551 1421 629 1452 Deus
647 1433 653 1453 :
671 1424 701 1452 ut
716 1421 741 1451 is
758 1426 858 1452 narrat
872 1431 1014 1461 quaecun-

190 1475 248 1506 que
265 1467 291 1497 ei
306 1465 522 1497 faceratJesus.
541 1465 663 1506 Oportet
678 1466 765 1506 igitur
783 1470 812 1496 et
830 1475 883 1496 nos
898 1467 1016 1506 quando

191 1510 317 1550 cuipiam
332 1510 545 1546 benefacimus.
569 1511 649 1542 nolle
665 1511 721 1542 hoc
742 1510 895 1551 praedicari
910 1521 916 1540 ε
933 1516 959 1541 al
977 1511 1014 1542 il-

190 1555 251 1585 lum
267 1555 317 1595 qni
339 1555 485 1586 beneﬁcio
509 1555 632 1586 aﬂ‘ectus
648 1560 704 1593 est,
733 1556 820 1586 etiam
846 1555 1016 1587 nolentibus

191 1599 278 1631 nobis
294 1599 455 1640 praedicare
472 1600 568 1632 decet.

233 1688 574 1720 Vens.40-44.-Factum
591 1694 635 1720 est
649 1695 747 1720 autem
765 1699 830 1721 cum
848 1690 960 1722 rediret
970 1691 1014 1721 le.

189 1744 252 1771 sus,
265 1734 381 1775 excepit
393 1734 462 1764 529
479 1734 560 1764 illum
576 1733 681 1765 turba:
698 1744 766 1765 nam
779 1744 883 1766 omnes
894 1744 1015 1775 exspec-

190 1779 289 1810 tabant
304 1789 383 1810 eum.
396 1779 431 1810 Et
447 1788 518 1810 ecce
534 1779 613 1809 venit
627 1779 671 1810 vir
685 1780 733 1810 cui
750 1789 860 1810 nomen
871 1780 1015 1818 Jairus,et

189 1825 252 1864 ipse
268 1824 405 1865 princeps
418 1826 577 1865 Synagogie
592 1829 666 1861 erat,
683 1824 851 1865 acciditque
868 1825 904 1855 ad
922 1826 1014 1865 pedes

187 1871 268 1902 .lesu.
287 1879 395 1910 rogans
410 1879 478 1900 eum
506 1874 539 1900 ut
566 1869 688 1899 intraret
709 1870 739 1899 in
769 1869 890 1900 domum
916 1879 1011 1908 suam,

189 1914 329 1955 quoniam
339 1914 424 1945 unica
435 1915 493 1945 ﬁlia
503 1918 564 1945 erat
572 1915 599 1944 ei
609 1915 671 1945 fere
679 1923 825 1944 annorum
839 1914 1010 1951 duodecim,

188 1965 218 1990 et
231 1960 293 1990 luec
306 1959 498 1990 moriebatur.
517 1959 627 1990 Verum
654 1958 732 1989 inter
757 1960 889 1989 eundum
917 1959 1013 1990 turbae

187 2004 375 2035 coarctabant
390 2012 468 2034 eum.
487 2002 522 2033 Et
536 2003 645 2033 mulier
654 2012 721 2043 quae
729 2008 792 2034 erat
807 2003 936 2034 obnoxia
947 2013 1012 2044 pro-

188 2048 277 2079 ﬂuvio
286 2048 438 2087 sanguinis
446 2047 483 2078 ab
496 2048 582 2078 annis
589 2047 746 2078 duodecim
753 2057 829 2088 ,quze
839 2049 868 2079 in
880 2048 1012 2079 medicos

188 2093 375 2132 impenderat
388 2101 507 2122 omnem
520 2091 786 2126 substantiam.nec
800 2092 837 2122 ab
853 2092 912 2122 ullo
926 2097 1010 2133 pote-

187 2142 232 2168 rat
246 2137 355 2175 curari,
373 2137 633 2172 uccessitretro,et
649 2137 742 2175 tetigit
757 2137 904 2167 fimbriam
918 2137 1011 2168 vesti-

189 2183 279 2213 menti
295 2182 370 2221 ejus,
383 2185 412 2212 et
427 2181 582 2212 confestim
597 2181 756 2212 sistebatur
769 2182 865 2212 ﬂuxus
889 2183 1011 2222 sangui-

688 145 981 178 THEOPHYLACTI
1005 146 1208 179 BULGARI/E
1229 147 1407 180 ARCHIEP.

1037 214 1115 243 Αᾶπ⁸
1144 215 1241 253 αὐτῶν,
1266 216 1306 245 ὅτι
1328 216 1402 257 φόϐῳ
1430 217 1541 256 μεγάλῳ
1563 218 1728 258 συνείχοντο·
1760 219 1831 250 αιῖυτδς
1855 217 1877 245 δὲ

1070 260 1154 298 ἐμϐὰς
1171 262 1207 292 εἰς
1221 263 1252 290 τὸ
1267 262 1374 302 πλοῖον,
1407 262 1583 302 ὑπέστρεψεν.
1606 261 1711 291 Ἐδέετο
1738 262 1765 291 δὲ
1791 264 1804 290 ὁ
1823 263 1879 301 ἀνὴρ

1070 305 1115 345 ἀφ’
1144 306 1174 334 οὗ
1198 306 1345 340 ἐξεληλύθει
1365 307 1398 335 τὰ
1413 306 1548 345 δαιμόνια,
1566 309 1642 335 εἷναν
1656 308 1702 335 σὺν
1717 309 1795 344 αὐτῷ.
1820 307 1876 335 Ἀπ-

1070 350 1146 378 ἐλδσε
1175 350 1202 379 δὲ
1232 352 1310 380 αὑτὸν
1338 353 1352 379 ὁ
1381 351 1495 388 Ἰησοῦς,
1518 351 1605 391 λέγων
1622 361 1630 369 ·
1663 347 1836 391 ’Υπόστρεψον
1848 352 1876 382 εἷς

1069 395 1113 423 τὸν
1141 396 1219 424 οἶκόν
1245 407 1303 431 σου,
1332 397 1376 425 καὶ
1397 395 1502 436 διηγοῦ,
1526 396 1576 424 ὅσα
1598 396 1709 430 ἐποίησέ
1724 398 1790 425 σοιὸ
1810 396 1875 427 Θεός.

1069 440 1119 468 Καὶ
1149 439 1265 477 ἀπῆλθε,
1294 441 1352 469 καθ’
1381 440 1447 474 ὅλην
1475 441 1525 474 τὴν
1561 440 1640 470 πόλιν
1674 441 1811 480 κηρύσσων
1835 440 1877 468 ὅσα

1067 481 1192 517 ἐποίησεν
1221 485 1292 522 αὐτῷ
1320 487 1334 513 ὁ
1375 485 1491 518 Ἰησοῦς,
1525 497 1536 513 ι
1573 486 1609 514 Τὸ
1635 485 1684 523 μὲν
1712 491 1804 525 φυγεῖν
1826 485 1877 515 wit:

1066 528 1224 566 βόσκοντας,
1254 530 1387 569 σωτηρίας
1408 530 1516 570 ἀφορμῆ
1547 530 1654 568 ἐγένετο
1681 537 1740 561 τοῖς
1766 528 1877 568 Γαδαρηο

1066 574 1138 614 νοῐς,
1169 569 1229 603 ἀλλ’
1255 574 1355 603 ἐκεῖνοι
1383 577 1412 604 οὒ
1434 569 1568 609 συνῆκαν.
1592 574 1658 602 Δέον
1683 575 1732 613 γὰρ
1759 574 1877 612 θαυμάσαι

1066 618 1115 652 τὴν
1140 617 1248 656 δύναμιν
1275 623 1321 648 τοῦ
1350 621 1489 658 Σωτῆρος,
1516 620 1561 647 καὶ
1589 623 1728 647 πιστεῦσαι
1758 618 1878 655 αὗτῷ“ά

1065 662 1092 691 δὲ
1120 663 1274 704 ἠρώτησαν,
1291 665 1367 704 φησὶ,
1396 665 1442 692 τόν
1469 664 1586 701 Ἰησοῦι,
1610 664 1668 692 ἀντὶ
1695 663 1742 692 τοῦ
1770 663 1877 702 παρεκά-

1065 707 1157 745 λεσαν,
1174 707 1300 737 ἀπελθεῖν
1316 704 1364 737 ἀπ’
1391 709 1490 744 αὐτῶν,
1512 707 1682 749 ἐφοϐήθησαν
1712 710 1764 747 γὰρ
1792 708 1877 743 μήπως

1062 754 1107 781 καὶ
1135 752 1201 783 ἄλλο
1229 765 1254 781 τι
1281 753 1422 792 ἐπιζήμιον
1462 754 1593 790 πάθωσιν,
1630 753 1721 792 ὥσπερ
1759 753 1801 780 καὶ
1825 752 1878 784 τσίις

1063 798 1169 837 χοίρους
1199 798 1352 828 ἀπώλεσαν.
1384 794 1413 827 “0
1442 792 1480 826 δὲ’
1498 798 1662 836 θεραπευθεὶς
1675 797 1790 834 ἐκεῖνος,
1805 797 1877 824 ἀναν-

1033 864 1051 888 ﬂ
1062 842 1182 882 τίῤῥητον
1216 844 1266 877 τὴν
1310 842 1445 876 ἀπόδειξιν
1486 845 1536 876 τῆς
1579 842 1719 882 θεραπείας
1755 841 1878 880 ἐμφαίνει,

1062 887 1138 917 Οὕτω
1163 888 1213 928 γὰρ
1234 889 1345 927 ὑγιάσθη
1376 888 1422 919 τὰς
1453 888 1559 928 φρένας,
1590 887 1660 916 ὥστε
1688 887 1830 925 ἐπιγνῶναι
1854 895 1878 913 τι

1061 933 1106 960 τὸν
1133 933 1246 968 Ἰησοῦν,
1277 933 1321 961 καὶ
1348 932 1434 965 ἀξιοῦν
1456 933 1547 972 αὐτὸν,
1562 931 1642 969 ἵναῇ
1664 932 1710 959 σὺν
1731 930 1815 966 αὐτῷ.
1835 928 1878 960 Καὶ

1062 976 1123 1016 γὰρ,
1140 978 1176 1009 ὡς
1205 977 1302 1014 ἔοικεν,
1330 976 1454 1016 ἐφοϐεῖτο
1483 977 1582 1014 μήπως
1598 975 1752 1016 μακρυνθείς
1769 975 1819 1003 ἀπὸ
1841 978 1880 1002 τοὺ

1061 1020 1162 1061 Ἰησοῦ,
1195 1021 1275 1049 πάλιν
1313 1022 1514 1062 εὗεπιχείρητος
1544 1021 1618 1049 ’ἐσται
1653 1027 1713 1052 τοῖς
1753 1019 1878 1056 δαίμοσιν,

1063 1061 1092 1094 Ὀ
1121 1065 1148 1094 δὲ
1175 1066 1280 1105 Κόριος,
1308 1065 1432 1095 δεικνύων
1467 1066 1540 1103 αξιτῷ
1564 1065 1603 1094 ὅτι
1631 1064 1681 1093 κᾶν
1703 1065 1742 1100 μὴ
1765 1067 1829 1102 συνῇ
1847 1066 1880 1100 τῷ

1063 1111 1162 1151 Ἰησοῦ,
1189 1111 1296 1140 δύναται
1324 1123 1358 1150 τῃ
1388 1113 1479 1152 χάριτι
1511 1113 1590 1140 αὐτοῦ
1621 1111 1789 1148 σκεπόμενος
1816 1109 1880 1137 ἀνώ-

1061 1167 1136 1196 τερος
1164 1157 1235 1186 εἶναι
1257 1157 1413 1195 δαιμονικῆς
1441 1157 1579 1197 ἐπηρείας,
1600 1152 1780 1195 Ὑπόστρεψε,
1797 1155 1879 1195 φησιν,

1061 1202 1097 1233 εἷς
1123 1202 1168 1230 τὸν
1191 1201 1269 1230 οἶκόν
1285 1213 1344 1240 σου,
1364 1203 1408 1230 καὶ
1425 1201 1519 1241 διηγοῦ
1533 1201 1583 1230 ὅσα
1598 1200 1708 1234 ἐποίησέ
1721 1211 1764 1228 σοι
1781 1201 1796 1228 ὁ
1810 1199 1878 1230 θεός,

1061 1246 1115 1275 Οὗκ
1136 1249 1222 1282 εἶπεν,
1255 1246 1304 1274 ὅσα
1318 1258 1360 1276 σοι
1377 1247 1491 1280 hoino:
1505 1246 1571 1285 ἐγὼ,
1603 1246 1696 1274 τύπον
1720 1246 1791 1282 ἡμῖν
1815 1254 1882 1271 τεπει

1060 1291 1224 1330 νοφροσύνης
1245 1289 1341 1322 διδούς,
1370 1291 1419 1320 Καὶ
1446 1290 1492 1318 ’ἕνα
1519 1291 1606 1318 πάντα
1635 1290 1700 1328 πρὸς
1729 1289 1798 1316 Θεὸν
1818 1288 1878 1316 ἂνα-

1057 1336 1178 1376 φέρωμεν
1204 1336 1237 1364 τὰ
1269 1335 1473 1375 κατορθώματα.
1500 1331 1528 1364 ὐ
1568 1333 1596 1363 δὲ
1620 1334 1704 1365 οὕτως
1735 1333 1876 1372 εὐγνώμων

1057 1380 1102 1418 ἦν,
1131 1380 1200 1410 ὥστε
1235 1379 1385 1419 διηγεῖσθαι
1398 1380 1447 1408 ὅτι
1476 1379 1601 1413 ἐποίησεν
1629 1379 1700 1415 αὐτῷ
1727 1379 1741 1406 ὁ
1765 1377 1876 1411 Ἰησοῦς.

1059 1422 1088 1455 Ὀ
1115 1426 1164 1463 μὲν
1192 1426 1242 1465 γὰρ
1283 1426 1375 1464 Κύριος
1423 1423 1582 1464 προσέταξεν
1620 1423 1691 1460 αὑτῷ
1718 1421 1877 1461 διηγεῖσθαι,

1060 1470 1108 1498 ὅσα
1137 1470 1259 1504 ἐποίησεν
1288 1471 1358 1507 αὐτῷ
1382 1471 1396 1498 ὁ
1429 1470 1507 1508 Θεὸς,
1551 1470 1564 1496 ὁ
1602 1466 1629 1495 δὲ
1658 1466 1808 1506 διηγεῖται,
1836 1465 1879 1493 ὅσα

1060 1515 1186 1548 εποίησεν
1208 1515 1279 1552 αὺτῷ
1299 1516 1313 1543 ὁ
1336 1514 1448 1548 Ἰησοῦς.
1475 1514 1526 1542 Δεῖ
1554 1513 1599 1541 οὖν
1613 1513 1657 1541 καὶ
1669 1513 1741 1550 ἡμᾶς
1758 1512 1822 1539 ὅταν
1836 1510 1880 1538 τινὶ

1061 1559 1218 1597 ποιήσωμεν
1235 1559 1345 1599 ἀγαθὸν,
1371 1559 1411 1596 μὴ
1431 1557 1517 1587 θέλειν
1541 1557 1767 1596 ἀνακηρύττεσθαι
1796 1559 1880 1591 τοῦτο,

1025 1616 1045 1641 C
1061 1604 1165 1633 ἐκεῖνον
1193 1603 1221 1632 δὲ
1249 1605 1295 1633 τὸν
1323 1605 1440 1633 παθόντα
1473 1603 1505 1632 τὸ
1533 1603 1642 1642 ἀγαθὸν,
1665 1601 1715 1629 κᾶν
1740 1602 1826 1639 ἡμεῖς
1846 1600 1882 1637 μὴ

1058 1648 1189 1689 θέλωμεν,
1205 1649 1396 1689 ἀνακηρύττειν
1411 1648 1484 1678 αὑτό.

1101 1699 1116 1718 ί
1130 1685 1262 1728 ἸΕγένετο
1289 1685 1316 1717 δὲ
1341 1689 1369 1717 ἑν
1389 1691 1428 1726 τῷ
1451 1687 1613 1726 ὑποστρέψαι
1629 1687 1674 1715 τὸν
1689 1686 1808 1723 Ἰησοῦν,
1831 1685 1881 1713 ἁπ-

1057 1732 1161 1766 εδὲξατο
1176 1734 1253 1762 αὺτὸν
1269 1734 1283 1762 ὁ
1298 1733 1393 1774 ὄχλος,
1423 1735 1491 1767 ἦσαν
1514 1733 1564 1772 γὰρ
1585 1732 1683 1763 πάντες
1707 1729 1880 1770 προσδοκῶν-

1055 1789 1099 1812 τες
1127 1778 1218 1809 αὑτόν.
1243 1779 1292 1807 Καὶ
1320 1777 1374 1806 ἰδοὺ
1391 1777 1470 1812 ἦλθεν
1492 1777 1572 1817 ἀνὴρ,
1594 1777 1618 1813 ᾧ
1645 1776 1729 1813 ὅνομη
1759 1775 1880 1815 Ἰάειρος,

1054 1824 1098 1852 καὶ
1126 1823 1204 1855 αὐτὸς
1219 1822 1312 1863 ἄρχων
1326 1823 1375 1857 τῆς
1391 1824 1554 1861 Συναγωγῆς
1579 1822 1698 1861 ὑπῆρχε,
1725 1821 1772 1848 καὶ
1794 1820 1881 1848 πεσὼν

1055 1868 1126 1908 παρὰ
1160 1869 1220 1900 τοὺς
1249 1867 1332 1900 πόδας
1358 1871 1404 1896 τοῦ
1434 1867 1533 1904 Ἰησοῦ,
1557 1865 1701 1905 παρεκάλει
1729 1865 1812 1893 αὑτὸν
1827 1865 1882 1892 εἰσ-

1055 1912 1142 1941 ελθεῖν
1170 1913 1206 1945 εἷς
1234 1915 1279 1942 τὸν
1309 1913 1388 1942 οἷκον
1425 1913 1514 1951 αὑτοῦ,
1532 1911 1572 1940 ὅτι
1600 1911 1717 1950 θδγάτηρ
1732 1909 1882 1949 μονογενὴς

1052 1957 1088 1991 ἧν
1119 1958 1201 1995 αὐτῷ,
1235 1959 1272 1990 ὡς
1301 1958 1367 1986 ἐτῶν
1395 1955 1507 1993 δώδεκα,
1534 1957 1579 1984 καὶ
1608 1955 1676 1989 αὕτη
1701 1954 1881 1988 ἀπέθνησκεν.

1053 2002 1099 2032 Ἐν
1128 2002 1156 2030 δὲ
1176 2006 1215 2040 τῷ
1236 2003 1345 2042 ὑπάγειν
1373 2002 1462 2038 αὐτὸν,
1478 2002 1503 2030 οἱ
1524 1999 1603 2041 ὄχλοι
1618 2000 1775 2039 συνέπνιγον
1791 1999 1881 2027 αὑτόν.

1054 2048 1104 2076 Καὶ
1131 2048 1198 2086 γυνὴ
1223 2051 1288 2076 οὖσα
1305 2047 1333 2075 ἐν
1361 2047 1431 2086 ῥύσει
1459 2044 1574 2083 αἵματος
1599 2045 1653 2072 ἀπὸ
1684 2044 1751 2072 ἐτῶν
1767 2042 1881 2083 δώδεκα,

1051 2091 1112 2125 ἥτις
1134 2094 1237 2132 ἰατροῖς
1285 2091 1517 2131 προσαναλώσασα
1551 2089 1614 2118 ὅλον
1652 2090 1698 2122 τὸν
1727 2088 1798 2127 βίον,
1836 2088 1882 2116 οὐκ

1053 2136 1166 2177 ἴσχυσεν
1213 2137 1259 2165 ὑπ’
1299 2135 1403 2168 οὐδενὸς
1450 2135 1654 2174 θεραπευθῆναι,
1695 2133 1881 2174 προσελθοῦσα

1053 2180 1171 2221 ὄπισθεν,
1201 2181 1291 2220 ἥψατο
1317 2185 1364 2210 τοῦ
1395 2178 1544 2220 κρασπέδου
1571 2183 1618 2209 τοῦ
1651 2178 1758 2217 ἱματίου
1786 2179 1878 2212 αὑτοῦ,

187 2228 233 2258 nis
245 2226 441 2267 ejus.aRediit
456 2226 575 2266 quidem
591 2225 678 2257 Jesus
686 2235 703 2256 ει
713 2226 834 2265 regione
845 2226 1012 2258 Gadarene-

1124 2229 1294 2267 παραχρῆμα
1321 2225 1386 2259 ἔστη
1404 2226 1421 2259 ἡ
1449 2224 1520 2264 ῥύσις
1543 2225 1588 2252 τοῦ
1615 2223 1730 2261 αἵματος
1754 2223 1853 2257 αὐτῆς.
1867 2233 1878 2251 ι

187 2281 266 2308 rum,
284 2271 476 2312 exspectabat
490 2275 591 2302 autem
604 2271 687 2301 illum
701 2271 798 2308 turba,
813 2276 873 2302 tum
890 2276 1012 2312 propter

1101 2271 1216 2312 εέστρεψε
1243 2271 1293 2309 μὲν
1322 2272 1337 2299 ὁ
1366 2270 1467 2303 Ἰησοῦς
1493 2269 1546 2298 ἀπὸ
1566 2269 1615 2302 τῆς
1636 2271 1690 2296 τῶν
1719 2267 1881 2312 Γαδαρηνῷν

187 2316 364 2356 doctrinam,
378 2320 438 2347 tum
456 2320 576 2356 propter
592 2316 889 2348 miracula.Accessit
902 2317 970 2347 item
983 2321 1012 2347 et

187 2361 325 2401 princeps
348 2360 469 2401 quidam
493 2362 663 2401 Synagogae,
677 2370 734 2391 non
764 2361 891 2400 vulgaris
915 2370 1011 2401 neque

187 2406 333 2446 abjectus,
350 2406 403 2437 sed
419 2415 453 2436 ex
470 2405 719 2446 primis.Apponit
734 2411 832 2437 autem
848 2410 878 2436 et
899 2415 1009 2436 nomen

186 2451 266 2482 illius
282 2451 471 2491 evangelista,
486 2454 518 2481 ut
533 2450 631 2481 notius
659 2451 708 2482 ﬁat
730 2450 905 2481 miraculum
930 2451 1007 2490 quod

187 2505 255 2527 vere
270 2495 378 2527 factum
394 2496 564 2527 sit.Accidit
575 2500 674 2527 autem
700 2495 736 2526 ad
755 2495 846 2536 pedes
861 2496 941 2530 Jesu,
955 2505 1008 2526 ur-

186 2547 273 2579 gente
289 2540 622 2577 necessitate.Quamvis
633 2540 713 2571 enim
725 2541 790 2570 sine
811 2540 863 2570 illa
874 2544 1010 2580 oporteat

187 2586 388 2626 procidere,et
399 2595 561 2625 agnoscere
577 2585 670 2616 Deum
687 2594 753 2616 esse
762 2585 1006 2625 Jesum,attamen

185 2635 214 2662 et
228 2631 348 2662 aﬂlictio
360 2631 440 2670 cogit
455 2630 591 2662 homines
602 2637 633 2661 ut
645 2630 768 2660 meliora
782 2628 1008 2662 sectentur.Un-

186 2677 223 2708 de
232 2676 359 2707 etDavid
380 2675 517 2706 dicebat:
535 2686 550 2705 ί
568 2674 600 2705 In
617 2684 702 2705 camo
718 2678 747 2705 et
771 2674 854 2705 freno
876 2674 1009 2706 maxillas

186 2730 288 2753 eorum
301 2720 484 2760 constringe,
495 2720 546 2760 qui
558 2729 617 2750 non
636 2719 841 2760 approximant
853 2720 889 2750 ad
903 2725 930 2750 te
944 2720 1004 2751 40.»

225 2803 256 2828 ιο
271 2801 350 2834 Psal.
365 2808 446 2838 χχιι,
459 2801 489 2833 9.

1052 2317 1157 2357 χώρας.
1178 2315 1347 2356 Προσεδόκων
1377 2314 1405 2343 δὲ
1425 2315 1503 2343 αὐτὸν
1533 2315 1557 2342 oi
1578 2313 1669 2354 ὄχλοι,
1687 2313 1743 2351 ἃμα
1764 2312 1817 2351 μὲν
1840 2311 1882 2357 διὸ.

1051 2356 1101 2395 τὴν
1116 2360 1296 2400 διδασκαλίαν,
1322 2360 1379 2398 ἅμα
1406 2358 1434 2387 Si
1463 2358 1506 2388 διὰ
1529 2359 1562 2386 τὰ
1589 2360 1721 2396 θαύματα,
1751 2356 1881 2396 Προσῆλ-

1051 2407 1094 2434 θεν
1116 2411 1161 2436 οὖν
1182 2405 1228 2434 καί
1242 2416 1282 2438 τις
1298 2405 1391 2445 ἄρχων
1412 2404 1461 2439 τῆς
1491 2405 1667 2443 Συναγωγῆς,
1684 2403 1731 2430 οὑκ
1756 2401 1878 2445 εὸτελής,

1051 2450 1104 2479 0153’
1133 2449 1298 2485 ἀπόϐλητος,
1323 2449 1392 2478 ἀλλὰ
1425 2451 1479 2476 τῶν
1508 2458 1632 2487 πρωτων.
1663 2447 1824 2486 Προστίθησι
1851 2444 1879 2473 δὲ

1051 2496 1145 2524 καὶτὸ
1165 2495 1250 2533 ὄνομα
1279 2494 1371 2523 τούτου
1398 2495 1411 2522 ὁ
1439 2492 1640 2532 εὖαγγελιστὴς,
1669 2491 1715 2520 ἵνα
1730 2490 1877 2530 γνωριμώ-

1049 2551 1124 2580 τερον
1152 2541 1183 2568 τὸ
1209 2542 1295 2577 θαῦμα
1321 2538 1443 2578 γένηται,
1470 2538 1507 2570 ὡς
1528 2537 1599 2565 ἔστιν
1621 2536 1729 2570 ἀληθὲς.
1755 2537 1875 2574 Προσπί-

1049 2596 1110 2613 πτει
1138 2584 1166 2613 δὲ
1194 2588 1269 2617 οὗτος
1292 2587 1330 2621 τῷ
1358 2583 1459 2620 Ἰησοῦ,
1489 2582 1582 2622 χρείας
1608 2581 1748 2614 ἱνα-πάσης.
1781 2582 1874 2609 Καίτοι

1050 2629 1101 2659 ἔδει
1123 2631 1201 2659 αὑτὸν
1226 2630 1270 2659 καὶ
1298 2639 1338 2667 μη
1376 2628 1475 2661 ταύτης
1509 2625 1721 2666 ἀναγκαζούσης,
1750 2636 1874 2665 προσπι-

1049 2682 1120 2712 σετν,
1149 2676 1194 2704 καὶ
1219 2674 1363 2713 ἐπιγνῶναι
1400 2673 1479 2700 αὑτὸν
1517 2672 1583 2700 Θεὸν
1611 2670 1686 2708 ὄντα,
1714 2670 1785 2708 ὅμως
1830 2670 1875 2698 καὶ

1049 2720 1137 2758 θλίψις
1166 2718 1220 2748 ἔσθ’
1248 2719 1292 2748 ὅτι
1329 2715 1477 2753 ικὸιάζιται
1512 2717 1573 2749 τοὺς
1615 2715 1766 2755 ἀνθρώπως
1805 2716 1874 2753 πρὸς
