1933 3084
212 137 272 170 815
693 139 991 173 THEOPHYLAGTI
1011 135 1136 171 BULGA
1142 141 1219 173 RLE
1239 141 1419 175 ARCHIEP.
1832 145 1880 178 816

212 206 365 238 diceretur
380 215 396 236 a
415 205 592 251 quibusdam
610 207 686 248 quod
713 208 842 239 Joannes
862 208 1027 239 surrexisse

1097 218 1159 236 ινων
1187 208 1227 238 ὅτι
1249 208 1374 245 Ἰωάννης
1397 210 1534 251 ἐγήγερται
1561 211 1592 240 ἐκ
1617 214 1728 251 νεκρῶν,
1745 212 1792 240 ὑπό
1816 224 1882 241 τινων

211 251 392 297 a_mortuis:a
403 250 581 297 quibusdam
592 261 662 283 vero
671 253 750 293 quod
763 252 841 284 Elias
853 252 1025 294 apparuisse

1096 253 1118 293 ὲ,
1143 253 1185 282 ὅτι
1215 253 1309 287 Ἠλίας
1331 255 1430 296 ἐφάνη,
1455 250 1546 284 ’Ᾰλλω
1573 255 1622 297 δὲ,
1638 250 1678 284 ὅτι
1698 257 1829 297 προφήτης
1848 258 1882 290 εἷς

212 294 249 325 ab
264 295 330 326 aliis
343 296 536 340 autemquod
550 297 847 338 prophetaquispiam
864 307 899 329 ex
909 297 1027 338 antiqui:

1096 301 1131 326 ὦν
1148 299 1267 339 ἀρχαίων
1282 294 1391 335 ἀνέστη.
1409 299 1462 331 Καὶ
1478 303 1555 330 εἶπεν
1578 302 1592 329 ὁ
1606 294 1734 340 ’Ἡρώδης
1752 294 1761 319 ί
1775 301 1882 336 Ἰωαννην

211 341 414 386 surrrexisset.
432 339 466 371 Et
481 341 522 386 ait
535 340 689 374 Herodes:
707 343 851 374 Joannem
866 352 919 382 ego
932 343 1027 374 decol-

1096 344 1131 382 γὼ
1158 343 1339 384 ἀπεκεφάλισα
1359 354 1365 360 “
1394 345 1433 378 τίς
1455 345 1483 374 δέ
1504 347 1577 374 ἔστιν
1598 339 1687 383 οὗτος,
1710 347 1767 386 περὶ
1789 347 1815 375 οὗ
1839 346 1882 386 ἐγὼ

210 383 268 415 lavi
285 395 292 416 :
309 385 376 430 quis
391 389 491 430 autem
516 385 572 417 iste
588 386 625 416 de
641 396 700 427 quo
716 396 770 426 ego
787 388 855 419 talia
869 388 981 419 audio?
1003 387 1025 418 Ε

1096 388 1166 416 κούω
1186 392 1322 430 τοιαῦτα;
1353 391 1402 419 Καὶ
1428 390 1516 426 ἐζήτει
1542 389 1608 418 ἰδεῖν
1634 383 1754 422 utimini
1783 383 1880 423 οὗτος-δ

210 429 365 468 quaerebat
378 429 480 461 videre
496 440 575 462 eum.
596 443 607 460 ο
625 430 680 462 Hic
705 432 841 463 Herodes
857 442 964 472 parvus
983 432 1036 463 fuit

209 473 289 504 ﬁlius
300 474 400 514 Magni
411 475 462 515 qui
474 485 584 516 pueros
593 476 758 508 occiderat.
771 476 843 508 Nam
856 477 1033 517 illequidem

207 527 262 550 rex
273 519 392 557 fuit,hic
402 524 502 551 autem
514 521 673 552 tetrarcha.
687 521 845 552 Dubitabat
861 522 898 553 de
916 521 1033 553 Christo

208 563 276 604 quis
286 568 376 597 esset.
389 564 535 596 Joannem
550 565 793 606 quidem,inquit,
805 576 861 607 ego
877 566 1031 598 decollavi:

208 614 238 640 et
254 610 279 640 si
290 609 412 650 quidem
423 609 554 642 Joannes
567 610 710 641 excitatus
719 615 808 642 estex
823 611 958 648 mortuis,
971 621 1034 642 om-

207 655 278 685 nino
289 654 384 685 visum
397 654 480 685 illum
490 663 662 695 agnoscam.
675 655 830 692 Quaerebat
841 657 920 687 enim
932 657 1033 688 videre

207 698 369 730 eum.Vide
384 703 482 730 autem
499 699 579 740 quod
588 698 706 732 Hebraei
721 707 855 732 errantes
866 701 1032 741 opinaban-

205 744 537 786 tu_r,7resurrectionem
567 748 752 776 mortuorum
783 746 812 776 in
843 746 955 777 carnali
974 746 1033 777 vita

204 784 346 829 fuﬁuram,
362 793 453 829 atque
468 788 498 819 in
515 788 583 819 cibo
597 793 627 819 et
640 795 711 830 potu
728 799 734 821 :
751 790 935 822 resurrectio
951 791 1030 822 enim

1080 427 1198 471 Ἠρώδης
1227 435 1241 461 ὁ
1262 427 1356 473 μικρὸς
1385 437 1431 474 ἦν,
1463 436 1476 463 ὁ
1505 436 1559 466 υἱὸς
1584 440 1630 465 τοῦ
1653 434 1767 474 μεγάλου
1782 432 1881 475 Ἡρώδου

1075 481 1122 506 τοῦ
1155 478 1184 506 τὰ
1211 478 1296 518 βρέφη
1317 479 1535 512 ἀποκτείναντος.
1567 479 1688 512 Ἐκιϊιος
1714 480 1761 518 μὲν
1776 481 1821 520 γὰρ
1838 481 1879 518 βσ-

1075 521 1163 555 σιλεὺς
1189 523 1234 563 ἦν,
1268 523 1343 555 οὗτος
1370 523 1398 552 δὲ
1425 524 1575 564 τετράρχης
1593 532 1601 540 ”
1632 523 1752 563 διηπόρει
1778 524 1803 552 δὲ
1834 528 1882 563 περὶ

1076 566 1174 606 Ἰησοῦ,
1204 569 1242 600 τίς
1270 568 1303 596 ἄν
1324 568 1383 602 εἴη.
1418 567 1545 602 Ἰωάννην
1580 569 1628 606 μὲν
1649 569 1711 608 γὰρ,
1734 570 1818 609 ῳησὶν,
1839 569 1881 608 ἐγὼ

1075 611 1268 653 ἀπεκεφάλισα,
1285 614 1328 641 καὶ
1351 613 1428 651 ε’ίπερ
1449 615 1463 642 ὁ
1485 613 1612 647 Ἰωάννης
1638 613 1708 642 ἐστὶν
1735 614 1838 654 ἐγερθεὶς
1859 615 1882 643 ὲκ

1075 660 1186 698 νεκρῶι,
1215 658 1321 699 πάντως
1345 657 1407 686 ἰδὼν
1444 658 1522 686 αὐτόν
1548 659 1679 698 γνωρίσω.
1710 658 1811 694 Ἐζήτει
1843 661 1882 699 γὰρ

1073 700 1139 729 ἰδεῖν
1167 702 1256 734 αὐτόν,
1274 697 1347 742 ιὈρα
1363 701 1389 730 δὲ
1406 703 1446 731 ὅτι
1463 704 1487 732 οἰ
1503 697 1623 742 Ἐϐραϊοι
1646 701 1764 739 ἐδόξαζον
1780 697 1881 732 dvis-ra;

1072 756 1114 773 σιν
1142 748 1241 786 νεκρῶν
1271 746 1300 775 ἐν
1341 750 1398 785 ζωῃ
1424 746 1549 787 σαρκικῇ,
1582 748 1626 776 καὶ
1654 747 1681 775 ἰν
1709 748 1824 787 βρώμασι
1846 749 1882 776 καὶ

1072 789 1187 831 πόμασι,
1214 794 1304 823 κακῶς
1332 790 1496 827 δοξάζοντες.
1538 788 1568 820 Ἠ
1597 792 1648 832 γὰρ
1682 792 1819 825 ἀνάστασις
1843 793 1881 821 οὐκ

205 843 264 864 non
281 833 312 863 in
328 832 395 864 cibo
411 832 455 864 vel
472 836 544 873 potu
560 833 606 864 vel
625 835 738 865 carnali
754 835 812 866 vita
827 836 896 876 erit,
913 835 965 867 sed
977 835 1027 876 qui

1096 848 1099 859 ι
1120 836 1217 875 βρώσει
1239 837 1283 864 καὶ
1304 836 1393 874 πόσει,
1414 836 1500 874 ἢζωῇ
1523 839 1650 877 σαρκικῇ,
1664 836 1724 865 ἀλλ’
1750 838 1786 870 ὡς
1810 837 1881 877 ἄγγε-

204 882 374 918 resurgunt,
392 878 470 909 sicut
480 877 576 917 angeli
593 879 647 910 Dei
661 884 826 911 versantur.

243 924 334 954 Vens.
350 922 512 954 lO-l7.«Et
524 923 637 955 reversi
647 924 774 964 apostoli
783 929 977 956 narraverunt
985 926 1027 957 illi

202 977 389 1008 quaecunque
403 967 547 1000 fecerant.
573 968 612 999 Et
637 970 796 1010 assumptis
820 969 879 1001 illis
905 972 1027 1002 secessit

201 1021 335 1043 seorsum
351 1013 382 1043 in
399 1012 496 1043 locum
512 1012 665 1044 desertum
682 1013 808 1045 civitatis
823 1024 890 1055 quae
907 1020 1027 1048 vocatur

199 1057 369 1089 Bethsaida.
385 1056 470 1094 Quod
486 1067 555 1088 cum
570 1058 779 1098 cognovissent
794 1059 899 1101 turbae,
918 1065 1027 1092 secutae

199 1107 268 1133 sunt
282 1102 378 1140 illum,
396 1106 427 1134 et
440 1103 558 1143 ercepit
582 1111 645 1140 eos,
670 1107 699 1134 et
723 1103 902 1144 loquebatur
916 1105 974 1136 illis
988 1106 1026 1137 de

198 1155 291 1186 regno
306 1147 372 1184 Dei,
388 1151 418 1178 et
433 1156 485 1178 eos
496 1147 547 1187 qui
562 1148 718 1178 curatione
733 1148 918 1190 indigebant,
935 1159 1023 1181 sana—

197 1191 257 1224 bat.
274 1192 345 1223 Dies
358 1196 457 1223 autem
473 1196 603 1230 cmperat
619 1192 784 1234 declinare,
802 1198 830 1225 et
846 1195 1024 1227 accedentes

196 1236 356 1268 duodecim
369 1237 511 1268 dixerunt
524 1236 566 1267 illi
582 1247 590 1267 :
608 1237 728 1268 Dimitte
745 1238 857 1280 turbas,
874 1244 906 1270 ut
916 1245 1023 1271 euntes

196 1282 226 1312 in
242 1282 364 1313 castella
379 1281 524 1322 villasque
539 1281 651 1312 vicinas
666 1281 825 1321 divertant,
842 1284 913 1314 555
927 1288 957 1316 et
971 1285 1020 1316 in-

195 1326 313 1357 veniant
328 1335 421 1364 escas,
439 1327 510 1367 quia
523 1326 572 1357 hic
588 1326 618 1357 in
633 1326 699 1358 loco
712 1327 830 1359 deserto
845 1337 959 1361 sumus.
973 1331 1021 1361 Ait

194 1375 294 1402 autem
309 1372 346 1402 ad
363 1371 430 1402 illos
447 1382 453 1401 :
479 1370 538 1402 Ves
552 1372 619 1402 date
634 1371 694 1403 illis
710 1372 903 1406 manducare.
919 1375 958 1405 At
976 1374 1020 1406 illi

1070 879 1111 908 λοι
1127 884 1204 921 Θεοῦ,
1220 880 1289 909 οὕτω
1302 880 1446 920 διάγωσιν,

1112 937 1126 953 α
1144 927 1192 955 Καὶ
1219 926 1431 966 ὑποστρέψαντες
1470 927 1494 954 οἱ
1533 926 1691 964 ἀπόστολοι,
1732 926 1880 966 διηγήσαντο

1068 971 1139 1008 αὗτῷ
1160 971 1209 999 ὅσα
1231 971 1372 1004 ἐποίησαν,
1402 970 1454 1001 Καὶ
1482 970 1644 1011 παραλαϐὼν
1661 972 1769 1009 αὐτοὺς,
1784 972 1880 1012 δπεχώ-

1068 1027 1133 1054 ρησε
1147 1016 1206 1045 κατ’
1226 1016 1291 1046 ἰδίαν
1320 1017 1355 1049 εἰς
1376 1017 1458 1045 τόπον
1481 1016 1581 1056 ἔρημον
1597 1016 1703 1049 πόλεως
1731 1016 1882 1054 καλουμένης

1069 1060 1215 1095 Βηθσαϊδὰ,
1247 1062 1277 1090 0i
1307 1060 1334 1089 δὲ
1356 1060 1436 1101 ὄχλοι
1457 1062 1576 1100 γνόντες,
1602 1061 1787 1095 ἠκολούθησαν
1809 1062 1882 1099 αύτῷ.

1068 1107 1117 1135 Καὶ
1141 1104 1280 1144 δεξάμενος
1307 1106 1412 1143 αὐτοὺς,
1443 1105 1532 1134 ἐλάλει
1560 1107 1652 1138 αὐτοῖς
1669 1108 1730 1142 περὶ
1746 1109 1794 1141 τῆς
1814 1107 1882 1145 βασι-

1065 1149 1138 1182 λείας
1168 1155 1220 1191 ,τοῦ
1246 1154 1311 1180 Θεοῦ
1328 1159 1335 1166 ⁶
1364 1151 1408 1179 καὶ
1434 1151 1495 1182 τοὺς
1517 1151 1612 1191 χρείαν
1626 1151 1743 1191 ἔχοντας
1757 1152 1880 1191 Θιραπείας

1065 1195 1133 1226 ἰᾶτο.
1165 1190 1197 1223 Ἠ
1219 1194 1245 1223 δὲ
1264 1196 1350 1234 ἡμέρα
1380 1194 1477 1234 ἤρξατο
1501 1190 1598 1224 κλίνειν
1616 1204 1623 1213 '
1643 1190 1836 1234 προσελθόντες
1851 1195 1878 1231 ,δὲ

1064 1241 1088 1268 οἱ
1116 1238 1228 1280 δώδεκα,
1246 1240 1326 1268 εἷπον
1353 1239 1425 1277 αὐτῷ
1442 1249 1449 1257 '
1470 1238 1618 1269 ’Λπόλυσον
1641 1241 1702 1273 τοὺς
1716 1240 1825 1281 ὄχλους,
1841 1241 1877 1268 ἵνα

1063 1284 1219 1318 ἀπελθόντες
1248 1286 1284 1316 εἰς
1306 1284 1353 1317 τὰς
1381 1283 1471 1321 κύκλῳ
1496 1284 1589 1322 κώμας
1618 1286 1663 1313 καὶ
1690 1286 1753 1318 τοὺς
1780 1285 1874 1325 ἀγροὺς,

1062 1329 1243 1369 καταλύσωσι,
1287 1329 1331 1358 καὶ
1360 1329 1469 1368 εὕρωσιν
1497 1329 1676 1368 ἐπισιτισμὸν,
1708 1329 1751 1358 ὅτι
1782 1329 1829 1358 ὦδε
1855 1330 1876 1358 ἓν

1062 1373 1154 1413 ἐρήμῳ
1168 1374 1243 1412 τόπῳ
1259 1373 1349 1412 ἐσμέν.
1368 1374 1438 1402 Εἷπε
1450 1372 1477 1401 δὲ
1492 1375 1557 1413 πρὸς
1581 1375 1673 1407 αὐτούς
1691 1383 1698 1390 ·
1716 1375 1784 1403 Δότε
1799 1377 1878 1406 αὐτοῖς

193 1415 337 1447 dixerunt
357 1427 363 1447 :
389 1416 454 1447 Non
478 1419 548 1447 sunt
571 1415 658 1447 nobis
681 1416 748 1457 plus
773 1427 861 1458 quam
887 1418 1019 1460 quinque

1096 1426 1139 1452 εις
1161 1425 1270 1460 φαγεῖν,
1293 1420 1323 1448 Οἱ
1345 1418 1373 1447 δὲ
1395 1418 1475 1447 εἶπον
1493 1428 1500 1436 ·
1518 1420 1572 1448 Οὐκ
1586 1419 1650 1447 εἰσὶν
1672 1420 1743 1457 ἡμῖν
1758 1419 1848 1448 πλεῖον
1865 1420 1879 1452 ἢ

193 1470 297 1501 panes,
315 1466 343 1492 et
358 1461 418 1492 duo
433 1461 542 1502 pisces,
559 1461 617 1491 nisi
637 1471 692 1492 nos
715 1471 819 1493 eamus
840 1467 870 1493 et
884 1472 1019 1495 emamus

1096 1475 1138 1492 ντε
1173 1463 1246 1504 ἄρτοι
1274 1465 1319 1492 καὶ
1359 1464 1449 1504 ἰχθύες
1486 1462 1542 1502 δύο,
1573 1463 1595 1492 εὶ
1623 1464 1689 1502 μήτι
1719 1464 1879 1504 πορευθέντες

191 1506 222 1536 in
239 1515 359 1537 omnem
375 1506 454 1537 hunc
469 1505 611 1547 populum
625 1515 721 1538 escas.
737 1506 828 1538 Erant
842 1512 941 1538 autem
957 1508 1020 1541 fere

1096 1509 1347 1549 .e‘tchﬁyopiamtaev
1369 1509 1405 1541 εἰς
1434 1508 1520 1538 πάντα
1549 1508 1595 1536 τὸν
1617 1507 1681 1537 λαὸν
1698 1513 1792 1538 τοῦτον
1817 1509 1880 1549 βρώ-

192 1550 351 1590 quinquies
367 1550 459 1582 mille.
484 1550 534 1582 Ait
555 1557 652 1582 autem
675 1551 712 1582 ad
737 1551 900 1592 discipulos
921 1562 992 1585 suos
1009 1564 1016 1585 :

1096 1564 1143 1584 ιτα.
1159 1546 1243 1582 τΗσοίν
1266 1553 1316 1592 γὰρ
1344 1553 1409 1580 ὡσεὶ
1433 1551 1524 1592 ἄνδρες
1552 1552 1787 1592 παντακισχίλιοι.
1817 1546 1878 1581 Dim

191 1595 292 1626 Facite
302 1595 370 1626 illos
385 1594 575 1627 discumbere
586 1595 616 1626 in
633 1597 751 1636 singulo
767 1596 918 1628 discubitu
933 1598 1019 1638 quiu-

1114 1598 1180 1638 πρὸς
1210 1597 1270 1629 τοὺς
1300 1596 1421 1633 μαθητὰς
1449 1597 1528 1625 αὑτοῦ
1545 1606 1552 1616 ⁸
1584 1596 1771 1625 Κατακλίνατε
1795 1598 1879 1629 αὐτοὺς

188 1651 339 1683 quagenos
357 1653 363 1674 :
381 1646 470 1683 atque
484 1641 524 1672 ita
540 1642 686 1682 fecerunt,
708 1646 739 1673 et
761 1643 897 1675 fecerunt
911 1653 1017 1676 omnes

1096 1643 1161 1675 ισίας
1191 1642 1240 1670 ἀνὰ
1273 1641 1452 1677 πεντήκοντα.
1482 1641 1535 1671 Καὶ
1569 1641 1699 1675 ἐποίησαν
1729 1641 1812 1683 οὕτω,
1842 1643 1878 1670 καὶ

187 1687 390 1718 discumbere.
408 1688 547 1728 Acceptis
568 1687 667 1729 itaque
687 1688 819 1729 quinque
833 1687 970 1729 panibus,
987 1693 1016 1721 et

187 1731 306 1763 duobus
321 1731 463 1773 piscibus.
481 1731 605 1763 sublatis
619 1733 651 1763 in
671 1733 778 1764 coelum
795 1733 899 1774 oculis,
916 1733 1012 1766 bene-

187 1777 260 1808 dixit
287 1777 357 1815 illis,
375 1781 403 1808 et
432 1776 532 1817 fregit,
558 1777 769 1818 distribuitque
797 1777 951 1818 discipulis
981 1785 1013 1809 ut

184 1825 372 1863 apponerent
386 1821 490 1853 turbae.
504 1821 539 1852 Et
549 1821 744 1853 comederunt
759 1831 877 1863 omnes,
893 1826 922 1854 et
936 1827 1007 1854 satu-

184 1869 240 1898 rati
254 1872 334 1898 sunt.
352 1866 389 1897 Et
413 1866 562 1897 sublatum
590 1871 636 1897 est
659 1867 738 1908 quod
769 1867 916 1907 superfuit
940 1867 1011 1909 illis,

185 1912 419 1952 fragmentorum
437 1911 558 1951 cophini
573 1911 742 1943 duodecim.
761 1922 775 1942 ι
803 1912 836 1943 ln
859 1911 1010 1944 desertum

185 1957 282 1988 locum
299 1957 362 1987 abit
378 1957 475 1994 Iesus,
492 1956 633 1997 quoniam
649 1955 826 1988 miraculum
845 1966 953 1997 panum
969 1957 1011 1988 ibi

184 2003 316 2033 facturus
327 2005 400 2038 erat,
419 2005 450 2032 ut
473 2011 511 2032 ne
533 2001 600 2042 quis
616 2001 719 2032 dieere
744 2001 848 2041 possit,
870 2001 1009 2042 quoniam

184 2057 278 2088 prope
304 2047 395 2078 fuerit
420 2047 527 2078 civitas
556 2046 635 2077 unde
663 2056 755 2086 panes
784 2046 877 2078 allati.
906 2046 1012 2078 Docuit

181 2097 280 2123 autem
299 2091 401 2122 turbas
416 2096 446 2123 et
460 2091 573 2122 sanavit
590 2101 597 2123 ί
622 2095 653 2122 ut
678 2096 708 2123 tu
731 2091 829 2123 discas
844 2092 922 2132 quod
938 2092 1008 2133 phi-

1056 1686 1195 1716 ἀνέκλιναν
1210 1685 1340 1718 ἅπαντας.
1369 1684 1464 1714 Λαϐὼν
1493 1685 1520 1714 δὲ
1548 1686 1607 1718 τοὺς
1623 1685 1702 1714 πέντε
1718 1686 1815 1726 ἄρτους
1841 1688 1878 1715 καὶ

1054 1732 1115 1764 τοὺς
1145 1730 1190 1761 δύο
1218 1731 1324 1772 ἰχθύας,
1353 1729 1503 1770 ἅναϐλέψας
1527 1731 1563 1764 εἰς
1588 1731 1633 1759 τὸν
1648 1731 1773 1771 οὐρανὸν,
1803 1731 1876 1760 εὐλό-

1054 1787 1137 1816 γησεν
1164 1778 1268 1814 αὑτοὺς,
1298 1776 1343 1805 καὶ
1370 1775 1530 1814 κατέκλασε,
1556 1777 1600 1805 καὶ
1614 1774 1697 1805 εδίδου
1711 1777 1775 1810 τοῖς
1792 1779 1876 1816 μαθη-

1054 1828 1114 1853 ταϊς
1143 1821 1312 1861 παρατιθέναι
1340 1823 1379 1858 τῷ
1393 1819 1482 1861 ὄχλῳ,
1504 1821 1549 1850 καὶ
1571 1820 1680 1862 ἔφαγον,
1702 1823 1749 1851 καὶ
1765 1822 1876 1863 ἒχορτά-

1053 1868 1153 1900 σθησαν
1182 1867 1291 1904 πάντες,
1323 1866 1368 1894 καὶ
1402 1865 1469 1905 ἤρθη
1505 1867 1537 1894 τὸ
1573 1869 1749 1906 περισσεῦσαν
1778 1868 1876 1904 αὗτοτς,

1053 1911 1213 1950 κλασμάτων
1255 1911 1358 1952 κόφινοι
1386 1909 1498 1941 δώδεκα.
1531 1923 1544 1939 ι
1583 1911 1629 1943 Εἰς
1664 1909 1767 1952 ἔρημον
1803 1913 1878 1941 τόπον

1053 1954 1155 1984 ἄπεισιν
1185 1957 1198 1984 ἰν.
1227 1954 1342 1994 Ἰησοῦς,
1368 1953 1459 1989 ἐπειδὴ
1487 1955 1518 1983 τὸ
1546 1957 1598 1987 τῶν
1628 1954 1714 1995 ἄρτων
1730 1959 1822 1995 θαῦμα
1835 1968 1878 1985 τε-

1053 2000 1127 2029 λέσαι
1156 1999 1278 2038 ἔμελλε),
1294 1999 1340 2028 ’ἕνα
1367 2000 1406 2037 μὴ
1432 1999 1492 2040 ἔχοι
1508 2011 1549 2032 τις
1564 1999 1663 2040 λέγειν,
1681 1999 1723 2029 ὅτι
1739 2001 1820 2041 ἔγγὺς
1833 2001 1877 2030 οὖ-

1052 2057 1103 2080 σης
1117 2044 1233 2082 πόλεως,
1252 2045 1353 2073 ἐκεῖθεν
1374 2043 1448 2085 ἄρτοι
1468 2045 1633 2085 ἠνέχθησαν.
1662 2044 1814 2084 Δεξάμενος
1837 2048 1878 2075 οὖν

1053 2091 1111 2123 τοὺς
1140 2089 1251 2130 ὄχλους,
1277 2088 1396 2118 ξδιὸασκέ
1420 2100 1447 2117 τε
1462 2090 1507 2118 καὶ
1522 2090 1688 2131 ἐθεράπευεν,
1704 2091 1754 2119 ἵνα
1769 2092 1802 2120 σὺ
1823 2092 1876 2128 μάο

183 2137 321 2178 losopbia
338 2142 440 2168 nostra
460 2136 550 2168 verbo
566 2141 595 2168 et
609 2145 699 2177 opere
715 2141 842 2172 constet.
854 2131 892 2168 et
913 2131 1027 2178 néqueI

1096 2148 1110 2173 η,
1140 2135 1180 2164 ὅτι
1205 2136 1222 2169 ἡ
1245 2133 1303 2164 καθ’
1327 2135 1398 2173 ἡμᾶς
1434 2134 1575 2175 φιλοσοφία
1603 2133 1677 2175 λόγῳ
1704 2137 1751 2165 καὶ
1787 2135 1876 2177 πράξει

183 2181 312 2213 dicenda
327 2181 386 2212 sint
401 2190 467 2222 quae
481 2181 581 2212 facere
593 2191 653 2212 non
669 2181 747 2218 licet,
762 2190 859 2222 neque
874 2181 1008 2214 facienda

182 2236 249 2268 quae
265 2227 347 2257 dictu
363 2227 505 2258 absurda.
522 2225 686 2257 Inclinante
697 2231 798 2258 autem
811 2226 861 2258 die
870 2227 1008 2268 discipuli

182 2272 363 2312 incipientes
375 2271 441 2303 fieri
455 2272 648 2303 humaniores
660 2276 689 2303 et
703 2271 908 2310 oliiciosiores,
922 2272 1009 2304 mise-

181 2321 288 2348 rentur
311 2317 417 2359 turbis,
434 2321 463 2348 et
485 2316 589 2348 dicunt
606 2328 612 2346 :
639 2316 760 2347 Dimitte
781 2326 843 2353 eas,
871 2317 926 2348 hoc
947 2321 1005 2357 est,

180 2371 250 2405 sana
266 2362 351 2393 citius
366 2361 555 2393 inﬁrmitates
577 2361 709 2400 illorum,
737 2362 829 2402 imple
849 2362 1007 2402 petitiones

179 2406 309 2438 illorum.
338 2406 483 2438 Dominus
504 2412 602 2437 autem
627 2406 663 2437 ad
686 2405 848 2446 discipulos
874 2405 978 2438 dicens
997 2417 1004 2438 :

177 2451 249 2483 Date
264 2451 323 2483 illis
341 2461 391 2483 vos
405 2451 484 2492 quod
510 2451 610 2487 edant,
628 2460 687 2484 non
714 2451 855 2492 ignorans
870 2451 1004 2492 discipu-

176 2496 275 2528 lorum
298 2490 428 2538 inopiam
451 2497 507 2528 hoc
531 2496 612 2537 dicit,
636 2497 688 2527 sed
714 2490 838 2527 incitare
858 2490 959 2527 volens
973 2500 1004 2528 ut

176 2542 276 2573 dicant
290 2547 361 2583 quot
377 2551 470 2583 panes
488 2540 546 2572 sibi
559 2542 631 2579 sint,
649 2545 680 2572 ut
696 2541 738 2571 sic
753 2545 1004 2572 commonstretur

176 2587 354 2618 miraculum
371 2588 476 2627 majus,
494 2586 697 2617 indicantibus
711 2585 773 2617 illis
786 2586 883 2626 palam
899 2595 1002 2617 nume-

173 2642 238 2663 rum
256 2642 377 2672 panum.
390 2631 473 2668 Quod
485 2636 582 2663 autem
596 2631 783 2668 dicit,Facite
794 2630 861 2661 illos
872 2630 1001 2663 discum-

174 2677 246 2709 bere
261 2678 290 2707 in
307 2677 426 2717 singulo
446 2676 597 2707 discubitu
621 2675 844 2716 quinquaginta,
870 2677 1000 2708 ostendit

172 2722 250 2764 quod
265 2726 399 2764 oporteat
412 2722 500 2753 etiam
517 2731 571 2752 nos
591 2720 710 2762 quando
725 2720 854 2762 aliquem
870 2720 997 2761 hospitio

173 2768 348 2808 excipimus,
367 2772 396 2798 et
411 2768 508 2798 facere
524 2768 619 2808 ipsum
634 2765 821 2804 recumbere,
839 2769 869 2796 et
883 2766 913 2796 in
929 2774 996 2797 eum

170 2812 321 2844 ofﬁciOSos
347 2821 425 2843 esse.
462 2811 554 2843 Porro
591 2810 779 2851 suspicienda
807 2811 839 2842 in
875 2810 994 2853 caelum,

1049 2181 1194 2221 μερίζεται,
1217 2180 1262 2208 καὶ
1283 2179 1342 2208 οὕτε
1371 2178 1413 2208 δεῖ
1438 2179 1525 2219 λέγειν
1551 2178 1684 2221 ἄπρακτα,
1699 2180 1762 2210 οὔτε
1790 2182 1874 2221 πράτ-

1049 2237 1103 2254 τειν
1124 2225 1220 2265 ἄλογα.
1250 2224 1401 2258 Κλινοὺσης
1423 2223 1450 2253 δὲ
1484 2225 1534 2258 τῆς
1565 2224 1679 2266 ἡμέρας,
1704 2227 1729 2254 οἱ
1760 2229 1876 2265 μαθηταὶ

1049 2270 1293 2311 οιλανθρωπότερον
1317 2268 1369 2303 ἤδη
1391 2268 1532 2309 ἀρξάμενοι
1556 2269 1633 2310 ἔχειν
1655 2272 1698 2299 καὶ
1727 2282 1875 2310 ποιμαντι-

1049 2315 1178 2355 κώτερον,
1201 2313 1339 2343 κατελοῦσι
1360 2314 1421 2346 τοὺς
1444 2312 1555 2354 ὄχλους,
1577 2315 1622 2343 καί
1650 2326 1730 2355 φασιν
1750 2326 1757 2332 ·
1791 2315 1875 2345 ’Λπό-

1048 2360 1127 2389 λυσον
1156 2360 1262 2399 αὐτοὺς,
1304 2358 1434 2399 τουτέστι,
1475 2360 1634 2399 θεράπευσον
1661 2360 1709 2392 τὰς
1739 2361 1875 2393 ἀσθενείας

1047 2406 1132 2434 αὑτῶν
1152 2405 1261 2445 τάχιον.
1291 2403 1436 2442 Πλήρωσον
1461 2404 1508 2436 τὰς
1530 2405 1648 2440 αἰτήσεις
1671 2405 1773 2436 αὗτῶν.
1792 2401 1821 2435 ’0
1848 2405 1873 2433 δὲ

1049 2451 1140 2491 Κύριος
1156 2451 1220 2490 πρὸς
1235 2450 1296 2481 τοὺς
1321 2449 1440 2487 μαθητὰς
1467 2448 1553 2489 λέγων
1569 2459 1577 2466 ⁵
1604 2450 1669 2478 Δότε
1684 2450 1780 2483 αὺτοῖς
1795 2452 1871 2489 ὑμεῖς

1046 2502 1154 2536 φαγεῖν,
1186 2495 1238 2535 οὺχ
1259 2495 1296 2526 ὡς
1324 2494 1427 2533 ἀγνοιῖιν
1454 2494 1504 2528 τήν
1532 2494 1644 2534 ἀπορίαν
1672 2496 1765 2535 φησὶν,
1804 2494 1869 2523 ἀλλὰ

1044 2540 1203 2580 βουλόμενος
1231 2539 1409 2579 παρακινῆσαι
1436 2539 1541 2576 αὐτοὺς,
1564 2538 1611 2567 ἵνα
1633 2538 1744 2580 εἴπωσι,
1771 2542 1869 2572 πόσους

1043 2586 1135 2626 ἄρτους
1157 2585 1263 2624 ἔχουσι,
1285 2584 1328 2614 καὶ
1348 2583 1416 2612 οὕτω
1438 2583 1531 2624 δειχθῇ
1551 2585 1583 2612 τὸ
1609 2586 1697 2623 θαῦμα
1727 2585 1814 2626 μέγα,
1839 2587 1868 2614 Ex

1042 2634 1090 2666 τῆς
1108 2629 1249 2669 ὁμολογίας
1271 2628 1390 2665 ἐκείνων,
1415 2627 1565 2669 δειχθείσης
1583 2631 1632 2663 τῆς
1647 2630 1802 2664 ποτότητος
1816 2634 1869 2659 τῶν

1042 2676 1138 2716 ἄρτων,
1169 2676 1205 2704 Τὸ
1220 2673 1258 2712 δὲ,
1279 2673 1460 2703 Κατακλίνατε
1489 2674 1583 2706 αὐτοὺς
1605 2673 1710 2708 κλισίας
1731 2675 1784 2704 ἀνὰ
1801 2686 1866 2704 πεν-

1040 2722 1171 2757 τήκοντα,
1194 2719 1322 2748 δείκνυσιν
1336 2717 1377 2747 ὅτι
1393 2716 1436 2747 δεῖ
1456 2720 1540 2758 ἡμᾶς,
1557 2717 1620 2748 ὅταν
1642 2720 1701 2748 τινὰ
1714 2719 1867 2761 ξενοδοχῶ-

1040 2778 1100 2805 μεν,
1130 2766 1174 2795 καὶ
1202 2763 1370 2793 κατακλίνειν
1403 2763 1494 2805 αὖτόν,
1531 2764 1575 2793 καὶ
1602 2765 1691 2799 πάσης
1713 2765 1869 2804 ἐπιμελείας

1038 2812 1138 2846 ἀξιοῦν.
1168 2808 1325 2839 ’Δναϐλέπει
1350 2808 1377 2837 δὲ
1402 2809 1439 2841 εἰς
1462 2810 1507 2838 τὸν
1523 2810 1642 2849 οὸρανὸν,
1659 2809 1786 2839 δεικνύων
1801 2812 1868 2848 ἡμῖν
