1949 3077
206 167 264 201 807
693 166 986 200 THEOPHYLACTI
1011 168 1213 200 BULGARIIE
1235 168 1412 202 ARCHIEP.
1838 170 1889 202 808

207 236 276 266 tudo
291 236 420 275 regionis
431 235 703 272 Gadarenorum,ut
718 234 887 265 discederet
903 236 937 266 ab
947 236 1019 275 ipsis

1107 236 1120 265 τ’
1149 237 1246 275 αὐτῶν,
1270 238 1311 267 ὅτι
1334 237 1407 279 φόϐῳ
1435 238 1545 277 μεγάλῳ
1567 239 1734 279 συνείχοντο“
1767 239 1842 270 «ora;
1866 237 1889 266 δὲ

205 280 272 320 quia
288 289 393 319 magno
410 281 518 310 timore
535 280 725 311 tenebantur.
751 281 816 319 lpse
845 284 943 310 autem
961 290 1014 311 con

1107 281 1158 315 ,ϐὰς
1176 284 1211 314 εἰς
1226 284 1257 311 τὸ
1272 283 1379 324 πλοῖον,
1412 283 1587 323 ὑπέστρεψεν.
1611 282 1716 312 Ἐδέετο
1745 283 1772 312 δὲ
1800 285 1813 311 ὁ
1833 283 1890 322 ἀνὴρ

204 334 310 355 scensa
338 325 403 355 navi
431 334 571 355 reversus
586 328 641 355 est.
661 325 825 362 Rogaverat
849 324 928 354 enim
949 325 1020 355 illun

1107 327 1120 354 ›’
1149 328 1179 356 οὗ
1203 327 1350 362 ἐξεληλύθει
1370 329 1403 356 τὰ
1418 327 1553 366 δαιμόνια,
1571 331 1646 356 εἶναν
1661 328 1707 355 σὺν
1722 330 1804 365 αὐτῷ.
1829 327 1888 356 Ἀπ-

203 369 247 400 νὶι·
261 379 276 400 a
292 379 348 410 quo
365 369 509 400 daemonia
522 369 665 405 exierant,
685 373 715 399 ut
730 378 798 399 cum
820 378 854 398 eo
873 373 964 406 esset,
980 379 1020 400 δι’(

1109 383 1150 400 δσε
1180 372 1207 400 δὲ
1237 374 1315 401 αὺτὸν
1343 374 1357 401 ὁ
1385 372 1500 409 Ἰησοῦς,
1523 372 1610 412 λέγων
1627 382 1635 390 ·
1667 368 1844 412 ’Υπόστρεψον
1857 373 1888 404 Il:

202 413 348 453 ablegavit
363 423 430 446 eum
447 413 742 449 Jesus.tlicens:Redi
759 414 787 442 in
806 412 925 443 domum
938 419 1016 444 tuam

1107 429 1118 444 v
1147 417 1224 446 οἶκόν
1250 429 1308 453 σου,
1337 418 1380 446 καὶ
1402 416 1506 457 διηγοῦ,
1530 417 1580 446 ὅσα
1603 417 1714 451 ἐποίησέ
1729 419 1797 446 uoto
1818 417 1885 448 Θεὸς.

204 463 233 489 et
248 468 337 489 narra
349 467 533 498 quaecunque
551 458 603 488 tibi
620 459 723 489 fecerit
741 457 828 488 Deus.
848 458 881 487 Et
898 457 1020 498 abiitpet

1107 461 1124 489 ιὶ
1154 461 1269 498 ἀπῆλθε,
1299 463 1357 491 καθ’
1386 461 1452 495 ὅλην
1480 463 1530 496 τὴν
1566 461 1645 491 πόλιν
1679 463 1819 502 κηρύσσων
1844 461 1886 489 ὅσα

203 507 291 533 totam
308 503 453 534 civitatem
476 503 640 542 praedicans
665 511 851 547 quascunque
866 502 921 532 sibi
940 503 1020 533 fecis-

1107 507 1198 539 οίησεν
1226 507 1297 544 αὐτῷ
1325 508 1338 534 ὁ
1381 506 1496 540 Ἰησοῦς.
1531 518 1542 534 ι
1578 507 1614 536 Τὸ
1641 506 1689 544 μὲν
1717 512 1811 547 φυγεῖν
1834 506 1886 537 τοὺς

202 553 247 578 set
272 548 370 585 Jesus,
393 560 404 576 ιι
432 547 511 586 Fuga
542 551 691 587 pastorum
721 546 884 578 Gadarenis
911 547 1020 578 occasit

1107 562 1229 587 σκοντας,
1259 552 1392 591 σωτηρίας
1413 551 1521 591 ἀφορμὴ
1552 551 1659 590 εγενετο
1686 558 1746 582 τοῖς
1772 549 1886 589 Γαδαρη-

202 592 304 623 salutis
320 596 395 628 erat,
412 592 464 623 sed
492 592 531 621 illi
560 601 617 622 non
634 591 854 622 intellexerunt.
870 590 1018 631 Oporteba

1107 596 1143 635 ῐς,
1173 591 1234 624 ἀλλ’
1260 596 1360 624 ἐκεῖνοι
1388 598 1418 625 οὐ
1439 590 1573 630 συνῆκαν.
1597 595 1663 624 Δέον
1688 596 1737 635 γὰρ
1764 595 1886 633 θαυμάσαι

203 637 281 668 enim
304 637 403 667 mirari
416 637 552 667 virtutem
570 637 741 672 Salvatoris,
756 639 784 666 et
795 636 917 666 credere
932 640 957 667 ei
975 647 981 667 :
1000 646 1016 666 a

1107 652 1120 667 ν
1145 639 1253 678 δύναμιν
1280 645 1326 669 τοῦ
1355 643 1494 680 Σωτῆρος,
1521 641 1566 669 καὶ
1594 644 1733 668 πιστεῦσαι
1762 639 1887 676 αἴντῷοοὶ

202 681 243 711 illi
260 685 447 720 rogaverunt,
462 680 567 721 inquit,
584 680 700 717 Jesuni,
719 680 774 710 hoc
791 685 834 710 est
850 680 1020 711 obsecravev

1125 685 1279 725 ἠρώτησαν,
1296 686 1372 726 φησὶ,
1401 686 1448 714 τόν
1475 685 1591 722 Ἰησοῦν,
1616 685 1674 714 ἀντὶ
1701 684 1747 713 τοῦ
1775 684 1886 724 παρεκά-

202 730 280 765 runt,
307 730 337 756 ut
362 726 398 756 ab
423 725 497 765 ipsis
524 724 872 756 recederet.Timuerunt
894 725 972 755 enim
990 735 1020 756 nc

1107 741 1161 766 ταν,
1179 724 1308 758 ἀπελθεῖν
1321 724 1369 758 ἀπἱ
1396 730 1494 766 αὐτῶν,
1517 728 1688 770 ἐφοϐήθησαν
1718 731 1769 768 γαρ
1798 729 1886 764 μήπως

202 780 260 810 quo
273 775 356 810 pacto
374 770 461 800 etiam
479 770 558 800 aliud
576 772 719 801 damnum
736 773 918 810 paterentur,
929 780 1020 810 quan-

1107 776 1112 802 ἰ
1140 774 1206 805 ἄλλο
1235 786 1260 802 τι
1286 775 1427 813 ἐπιζήμιον
1467 775 1598 811 πάθωσιν,
1635 774 1726 813 ὥσπερ
1762 774 1807 801 καὶ
1832 773 1886 806 τοὶς

202 815 360 855 doquidem
378 814 461 855 porci
477 815 644 855 periissent.
664 814 702 845 At.
715 819 833 844 sanatus
846 815 895 845 ille
911 819 1020 845 certum

1107 820 1174 859 ίρους
1204 819 1357 849 ἀπώλεσαν.
1390 815 1418 848 Ὀ
1447 814 1485 847 δὲ’
1504 819 1667 858 θεραπευθεὶς
1680 818 1796 854 ἐκεῖνος,
1811 817 1885 845 ἀναν-

201 860 350 900 quoddam
381 860 491 890 sanatis
518 859 661 910 indicium
685 859 870 890 ostendebat.
888 861 930 890 lta
947 861 1020 890 enim

1108 865 1187 904 ῥητον
1221 865 1271 899 τὴν
1315 864 1450 897 ἀπόδειξιν
1492 867 1541 897 τῆς
1584 863 1724 903 θεραπείας
1759 862 1886 902 ἐμφαίνει,

202 909 301 935 mente
314 909 435 935 sanatus
449 909 504 942 est,
522 909 554 934 ut
567 904 667 936 .iesum
680 910 864 943 agnosceret,
890 914 977 935 orans
993 912 1020 935 ut

1107 921 1143 938 τω
1169 910 1218 949 γὰρ
1239 910 1350 949 ὑγιάσθη
1381 909 1428 940 τὰς
1457 909 1564 949 φρένας,
1595 908 1664 937 ὥστε
1694 908 1836 946 ἐπιγνῶναί
1860 916 1886 934 τι

200 949 257 980 sibi
272 959 339 980 cum
356 949 405 980 illo
432 959 497 980 esse
513 949 628 980 liceret.
644 950 773 986 Etenim,
788 954 818 979 ut
832 953 965 989 apparet,
985 950 1020 981 ti-

1107 965 1112 981 ν
1138 954 1251 990 Ἰησοῦν,
1282 955 1326 982 καὶ
1353 953 1439 987 ἀξιοῦν
1461 955 1552 993 αὐτὸν,
1567 953 1614 981 ἵνα
1629 953 1647 990 ᾗ
1668 953 1715 980 σὺν
1736 951 1820 988 αὐτῷ,
1840 949 1885 981 Καὶ

201 994 299 1025 mebat
315 1004 352 1025 ne
366 994 442 1026 forte
458 995 611 1033 elongatus
624 1004 640 1025 a
655 995 723 1025 .lesu
739 1004 757 1024 a
772 993 1020 1025 :lmmonibusite-

1107 1009 1128 1037 ρ,
1145 999 1181 1031 ὡς
1210 998 1307 1036 ἔοικεν,
1335 997 1459 1038 ἐφοϐεῖτο
1489 998 1587 1035 μήπως
1603 996 1756 1037 μακρυνθείς
1773 996 1824 1024 ἀπὸ
1846 999 1887 1023 τοῦ

199 1049 264 1070 rum
285 1041 486 1078 invaderetur;
511 1041 562 1072 sed
590 1041 733 1071 Dominus
762 1040 873 1071 indicat
903 1041 930 1071 ei
945 1040 1020 1081 quod

1109 1046 1167 1082 σοῦ,
1200 1042 1280 1071 πάλιν
1317 1044 1519 1083 εὐεπιχείρητος
1549 1042 1622 1070 ἔσται
1658 1048 1718 1073 τοῖς
1757 1039 1885 1078 δαίμοσιν,

200 1085 267 1116 licet
284 1095 342 1115 non
358 1085 396 1116 sit
416 1095 531 1122 secum,
549 1085 641 1124 gratia
654 1090 752 1115 tamen
777 1086 841 1124 ejus
864 1089 1020 1126 protectus,

1127 1086 1154 1115 δὲ
1180 1088 1286 1127 Κόριος,
1314 1087 1436 1117 δεικνύων
1473 1087 1544 1124 αὒτῷ
1569 1086 1608 1115 ὅτι
1636 1085 1686 1114 κᾶν
1708 1086 1747 1122 μὴ
1769 1088 1834 1123 συνῇ
1853 1087 1887 1121 τῷ

198 1129 387 1161 ἁεθιῐιοιιίεσίδ
408 1129 567 1160 insultibus
582 1129 720 1169 superior
735 1129 793 1160 ﬁat.
816 1130 902 1166 Redi,
919 1129 1020 1168 inquitl

1110 1138 1168 1172 σοῦ,
1195 1132 1301 1162 δύναται
1329 1145 1363 1172 τῃ
1393 1134 1484 1173 χάριτι
1516 1134 1596 1161 αὑτοῦ
1626 1132 1794 1169 σκεπόμενος
1821 1130 1886 1158 avo-

198 1175 226 1206 iu
243 1176 363 1207 domum
386 1181 478 1213 tuam,
506 1180 535 1206 et
551 1185 638 1206 narra
654 1185 839 1215 quaecunque
852 1175 904 1206 tibi
922 1175 1020 1207 fecerit

1107 1189 1141 1209 ιος
1169 1178 1240 1207 εἶναι
1263 1177 1418 1216 δαιμονικῆς
1447 1178 1583 1218 ἐπηρείας,
1604 1173 1784 1216 ”ὶ“πόστρεψε,
1801 1176 1885 1216 φησὶν,

198 1221 287 1251 Deus.
304 1220 368 1251 Non
384 1221 466 1257 dixit,
485 1230 672 1260 quaecunque
685 1230 738 1258 ego
767 1220 819 1250 tibi
836 1220 969 1257 fecerim,
986 1220 1020 1250 li-

1128 1223 1173 1251 τὸν
1196 1223 1274 1251 οἶκόν
1290 1234 1349 1261 σου,
1369 1224 1413 1251 καὶ
1430 1222 1523 1262 διηγοῦ
1539 1222 1588 1251 ὅσα
1603 1221 1713 1254 ἐποίησὲ
1726 1232 1768 1249 σοι
1786 1222 1800 1249 ὁ
1815 1220 1885 1251 Θεός,

196 1274 299 1304 guram
316 1264 401 1295 nobis
426 1265 599 1296 humilitatis
623 1265 754 1301 tradens,
772 1270 803 1295 ut
833 1265 933 1295 omnia
949 1265 1020 1295 bona

1107 1279 1120 1295 ν.
1141 1270 1228 1304 εἶπεν,
1260 1267 1309 1296 ὅσα
1323 1279 1365 1296 σοι
1382 1268 1496 1301 ἐποίησα
1510 1267 1576 1306 ἐγὼ,
1608 1267 1701 1295 τύπον
1724 1266 1796 1304 ἡμῖν
1819 1275 1888 1292 ταπει

197 1319 288 1350 opera
302 1314 401 1340 nostra
412 1311 473 1341 Deo
492 1309 666 1341 tribuamus.
687 1309 752 1340 Erat
767 1314 863 1339 autem
881 1309 931 1340 ille
952 1319 1020 1349 gra-

1107 1312 1228 1352 ρροσύνης
1251 1311 1346 1344 διδούς,
1376 1313 1424 1341 Καὶ
1451 1312 1497 1340 ἵνα
1524 1312 1611 1340 πάντα
1639 1311 1705 1349 πρὸς
1735 1311 1803 1338 Θεὸν
1823 1309 1884 1337 ἂνα-

197 1359 254 1391 tus,
273 1355 311 1384 ita
327 1358 356 1384 ut
378 1361 506 1384 mararet
535 1363 718 1394 quaecunque
747 1354 864 1385 fecisset
881 1354 908 1384 ei
921 1355 1018 1385 Jesus.

1107 1368 1183 1395 ωμεν
1210 1357 1243 1385 τὰ
1274 1357 1478 1396 κατορθώματα.
1505 1352 1533 1385 Ὀ
1574 1355 1601 1384 δὲ
1626 1355 1709 1386 οὕτως
1741 1354 1881 1393 εὐγνώμων

197 1400 270 1430 Nam
284 1398 426 1429 Dominus
455 1398 573 1438 quidem
592 1403 773 1438 praeceperat
788 1399 815 1430 ei
833 1403 864 1429 ut
889 1403 1020 1430 narraret

1136 1402 1205 1431 ὥστε
1240 1401 1389 1440 διηγεῖσθαι
1404 1400 1453 1429 ὀίτα
1481 1401 1606 1434 ἐποίησεν
1634 1400 1705 1436 αὒτῷ
1733 1400 1746 1427 ὁ
1770 1399 1882 1432 Ἰησοῦς.

197 1453 379 1483 quaecunque
391 1444 500 1474 lacerat
514 1445 541 1474 ei
557 1443 634 1474 Deus
652 1455 658 1475 :
676 1445 706 1474 at
722 1443 746 1473 is
763 1448 863 1474 narrat
878 1453 1019 1484 quaecun-

1120 1447 1169 1485 μὲν
1197 1447 1247 1486 γὰρ
1288 1447 1380 1486 Κύριος
1428 1445 1587 1486 προσέταξεν
1625 1445 1696 1481 αὐτῷ
1723 1442 1882 1482 διηγεῖσθαι,

196 1497 254 1528 que
271 1488 297 1518 ei
312 1487 528 1519 faceratJesus.
546 1487 668 1528 Oportet
683 1488 770 1528 igitur
789 1492 817 1518 et
836 1497 888 1518 nos
903 1489 1020 1528 quando

1107 1503 1114 1519 ι
1142 1491 1264 1525 ἐποίησεν
1293 1492 1363 1528 αὑτῷ
1387 1492 1401 1519 ὁ
1435 1491 1512 1529 Θεὸς,
1556 1491 1570 1517 ὁ
1606 1487 1634 1516 δὲ
1663 1488 1812 1527 διηγεῖται,
1841 1486 1884 1514 ὅσα

196 1532 323 1572 cuipiam
337 1532 550 1568 benefacimus,
575 1533 654 1563 nolle
671 1533 726 1563 hoc
748 1532 900 1573 praedicari
916 1543 922 1562 :
938 1537 965 1563 at
982 1532 1019 1563 il-

1107 1536 1191 1569 alno‘sv
1212 1537 1283 1573 αὑτῷ
1305 1537 1319 1564 ὁ
1341 1535 1454 1569 Ἰησοῦς.
1481 1535 1530 1563 Δεῖ
1559 1534 1604 1562 οὖν
1618 1534 1662 1562 καὶ
1674 1534 1746 1571 ἡμᾶς
1763 1532 1827 1560 ὅταν
1840 1531 1885 1559 τινὶ

195 1577 256 1607 lum
273 1577 322 1618 qni
345 1577 491 1608 beneﬁcio
515 1577 638 1608 allectus
653 1582 710 1615 est,
739 1578 826 1608 etiam
852 1577 1020 1608 nolentibus

1107 1581 1224 1618 ιήσωμεν
1240 1581 1350 1620 ἀγαθὸν,
1377 1580 1416 1618 μὴ
1437 1579 1522 1608 θέλειν
1546 1578 1772 1618 ἀνακηρύττεσθαι
1801 1580 1884 1612 τοῦτο,

197 1621 284 1653 nobis
299 1622 461 1662 prmdicare
478 1622 574 1654 decet.

238 1710 580 1742 VERsJO-MaFactum
597 1715 640 1742 est
655 1717 753 1742 autem
770 1721 835 1742 cum
853 1711 966 1743 rediret
975 1712 1020 1742 ιο⁴

195 1765 257 1794 sus,
271 1757 386 1797 excepit
398 1756 467 1786 529
485 1756 566 1786 illum
582 1755 687 1786 turba:
704 1765 771 1786 nam
784 1765 888 1787 omnes
900 1765 1021 1796 exspec-

195 1801 295 1832 tabant
309 1811 388 1832 eum.
401 1801 436 1832 Et
453 1810 523 1832 ecce
539 1801 620 1831 venit
633 1801 676 1831 vir
691 1801 739 1831 cui
756 1810 865 1831 nomen
877 1801 1021 1840 Jairus,et

194 1847 257 1886 ipse
274 1847 410 1887 princeps
424 1847 583 1886 Synagogze
598 1850 671 1882 erat,
689 1845 857 1886 acciditque
873 1846 910 1876 ad
927 1847 1020 1886 pedes

193 1893 274 1924 .lesu.
293 1900 400 1932 rogans
415 1900 483 1922 eum
512 1896 544 1922 ut
572 1891 694 1921 intraret
715 1891 744 1920 in
775 1890 895 1921 domum
922 1901 1016 1929 suam,

194 1935 334 1977 quoniam
344 1936 430 1966 unica
441 1936 499 1967 ﬁlia
508 1940 569 1966 erat
578 1936 605 1965 ei
615 1937 677 1966 fere
685 1944 831 1966 annorum
845 1935 1016 1973 duodecim,

194 1986 223 2012 et
237 1982 299 2012 haec
312 1981 504 2011 moriebatur.
523 1980 633 2011 Verum
660 1980 738 2010 inter
762 1981 894 2010 eundum
923 1981 1018 2011 turbae

193 2026 381 2057 coarclabanl
395 2034 474 2056 eum.
492 2024 527 2054 Et
542 2024 651 2055 mulier
660 2034 727 2064 quae
735 2029 798 2055 erat
812 2024 941 2056 obnoxia
953 2035 1018 2065 pro-

193 2070 283 2101 ﬂuvio
291 2070 444 2109 sanguinis
452 2069 488 2099 ab
502 2069 588 2099 annis
595 2068 752 2099 duodecim
759 2079 834 2109 ,ουκ
845 2071 873 2100 in
885 2070 1017 2101 medicos

194 2115 380 2155 impenderat
393 2123 512 2144 omnem
525 2112 791 2148 substantiam.nec
806 2114 842 2144 ab
859 2114 917 2144 ullo
931 2119 1015 2154 pote-

192 2165 237 2190 rat
252 2159 361 2197 curari,
378 2159 639 2194 accessitretro,et
655 2159 747 2198 tetigit
763 2158 908 2189 ﬁmbriato
923 2160 1016 2190 vesti-

194 2205 285 2235 menti
300 2204 376 2243 ejus,
389 2207 418 2234 et
432 2203 588 2234 confestim
603 2203 761 2233 sistebatur
775 2204 870 2234 ﬂuxus
895 2205 1016 2244 sangui-

193 2250 239 2280 nis
251 2248 446 2289 ejus.»l’iediit
461 2248 581 2288 quidem
596 2247 684 2279 Jesus
692 2258 708 2278 a
718 2248 840 2287 regione
850 2249 1018 2279 Gadareno-

194 2303 272 2330 rum,
289 2293 482 2333 exspectabat
495 2297 596 2323 autem
609 2292 692 2323 illum
707 2293 803 2330 turba,
818 2297 879 2323 tum
896 2298 1018 2333 propter

193 2338 369 2378 doctrinam,
384 2342 444 2369 tum
461 2342 581 2378 propter
597 2338 895 2369 miracula.Accessit
907 2338 976 2368 item
988 2341 1018 2368 et

193 2383 330 2423 princeps
354 2382 474 2423 quidam
499 2383 668 2422 Synagogae,
682 2392 740 2413 non
770 2382 896 2422 vulgaris
921 2391 1016 2422 neque

192 2428 338 2468 abjectus,
356 2428 408 2458 sed
424 2437 459 2458 ex
475 2427 725 2468 primis.Apponit
740 2432 837 2458 autem
854 2431 884 2457 et
905 2436 1015 2457 nomen

192 2473 271 2503 illius
288 2472 477 2512 evangelista,
491 2476 523 2502 ut
538 2472 637 2503 notius
664 2472 714 2502 ﬁat
736 2471 911 2502 miraculum
936 2472 1012 2511 quod

193 2526 261 2549 vere
274 2517 383 2548 factum
400 2517 569 2549 sit.Accidit
581 2522 680 2548 autem
705 2516 741 2547 ad
761 2516 852 2557 pedes
866 2516 946 2552 Jesu,
961 2525 1014 2547 ur-

191 2569 279 2600 gente
295 2562 627 2598 necessitate.Quamvis
639 2561 718 2592 enim
732 2562 796 2591 sine
817 2561 868 2591 illa
879 2565 1015 2601 oporteat

193 2608 394 2648 procidere,et
405 2616 567 2647 agnoscere
583 2606 676 2637 Deum
693 2615 759 2637 esse
768 2606 1012 2645 Jesum,attamen

191 2657 220 2683 et
234 2652 354 2684 afﬂictio
366 2653 445 2692 cogit
461 2651 597 2683 homines
608 2658 639 2682 ut
651 2650 773 2681 meliora
787 2649 1014 2682 sectentur.Un-

192 2698 229 2729 de
238 2697 365 2729 etDavid
385 2696 522 2728 dicebat:
541 2707 555 2726 (
574 2695 605 2726 In
622 2704 707 2727 camo
723 2699 753 2726 et
776 2695 860 2726 freno
882 2695 1014 2726 maxillas

191 2752 294 2774 eorum
307 2741 489 2782 constringe,
501 2741 552 2781 qui
564 2750 623 2771 non
642 2740 846 2781 approximant
859 2741 894 2771 ad
909 2746 936 2771 te
950 2741 1009 2772 40..

231 2825 262 2850 ιο
277 2823 355 2856 Psal.
371 2829 452 2859 χχιι,
465 2822 495 2854 9.

1030 1637 1050 1662 ο
1067 1625 1170 1654 ἐκεῖνον
1199 1625 1225 1653 δὲ
1253 1626 1300 1653 τὸν
1329 1626 1445 1654 παθόντα
1479 1625 1511 1652 τὸ
1538 1624 1646 1663 ἀγαθὸν,
1670 1621 1720 1651 κᾶν
1746 1623 1831 1660 ἡμεῖς
1851 1621 1886 1658 μὴ

1063 1669 1194 1710 θέλωμεν,
1210 1670 1401 1710 ἀνακηρύττειν
1416 1669 1491 1700 αὑτό.

1107 1720 1121 1740 (
1135 1706 1267 1749 νἘγένετο
1294 1706 1321 1738 δὲ
1347 1711 1374 1738 ἑν
1394 1712 1433 1746 τῷ
1457 1708 1618 1747 ὑποστρέψαι
1633 1708 1679 1736 τὸν
1694 1707 1813 1744 Ἰησοῦν,
1835 1706 1885 1734 ἀπε

1062 1753 1166 1788 εδὲξατο
1181 1755 1258 1783 αὑτὸν
1274 1755 1288 1783 ὁ
1303 1753 1398 1795 ὄχλος,
1428 1756 1496 1788 ἦσαν
1519 1754 1570 1793 γὰρ
1591 1753 1688 1784 πάντες
1712 1750 1883 1791 προσδοκῶν-

1061 1810 1104 1833 τες
1133 1799 1223 1830 αὑτόν.
1249 1800 1297 1828 Καὶ
1325 1798 1379 1828 ἰδοὺ
1396 1799 1476 1833 ἦλθεν
1498 1798 1577 1838 ἀνὴρ,
1600 1798 1622 1835 ᾧ
1650 1797 1734 1834 ὅνομιπ
1765 1796 1883 1835 Ἰάειρος,

1060 1845 1104 1873 καὶ
1131 1845 1210 1876 αὐτὸς
1224 1844 1316 1884 ἅρχων
1331 1844 1380 1878 τῆς
1396 1845 1559 1883 Συναγωγῆς
1584 1843 1703 1882 ὑπῆρχε,
1731 1842 1778 1869 καὶ
1799 1841 1884 1869 πεσὼν

1060 1889 1131 1929 παρᾶ
1166 1890 1226 1921 τοὺς
1255 1888 1337 1920 πόδας
1363 1892 1409 1917 τοῦ
1439 1888 1539 1926 Ἰησοῦ,
1563 1885 1707 1926 παρεκάλει
1734 1886 1816 1914 αὑτὸν
1831 1886 1885 1913 εἷσ-

1060 1933 1147 1962 ελθεῖν
1175 1935 1212 1966 εἷς
1239 1936 1285 1963 τὸν
1314 1934 1393 1962 οἷκον
1430 1933 1519 1972 αὑτοῦ,
1537 1931 1577 1960 ὅτι
1605 1932 1722 1971 θυγάτηρ
1737 1930 1885 1970 μονογενὴς

1058 1979 1093 2013 ἦν
1125 1979 1207 2017 αὑτῷ,
1240 1981 1277 2011 ὡς
1306 1979 1372 2007 ὲτῶν
1400 1977 1512 2014 δώδεκα,
1540 1978 1585 2005 καὶ
1614 1976 1681 2010 αὕτη
1707 1975 1884 2009 ἀπέθνησκεν.

1059 2023 1104 2053 Ἐν
1134 2023 1161 2051 δὲ
1182 2027 1221 2061 τῷ
1241 2024 1351 2063 ὑπάγειν
1378 2023 1467 2059 αὐτὸν,
1484 2023 1508 2051 οἱ
1529 2019 1608 2062 ὄχλοι
1623 2021 1781 2060 συνέπνιγον
1797 2019 1884 2048 αὐτόν.

1060 2069 1109 2098 Καὶ
1136 2069 1203 2107 γυνὴ
1229 2067 1338 2097 οὖσαέν
1367 2068 1436 2107 ῥύσει
1465 2065 1580 2104 αἵματος
1604 2065 1658 2094 ἀπὸ
1689 2065 1757 2093 ἐτῶν
1773 2063 1884 2103 δώδεκα,

1056 2112 1117 2147 ἥτις
1139 2115 1242 2153 ἰατροῖς
1291 2111 1522 2152 προσαναλώσασα
1557 2110 1620 2139 ὅλον
1657 2111 1704 2143 τὸν
1732 2109 1804 2148 βίον,
1841 2108 1884 2136 οὒκ

1058 2157 1171 2198 ῗσχυσεν
1219 2157 1264 2186 ὑπ’
1305 2156 1409 2189 usam:
1456 2155 1659 2195 θεραπευθῆναι,
1700 2153 1884 2194 προσελθοῦσα

1058 2201 1176 2241 ὄπισθεν,
1206 2201 1296 2240 ἥψατο
1322 2205 1369 2230 τοῦ
1401 2199 1549 2241 κρασπέδου
1576 2204 1623 2229 τοῦ
1656 2199 1764 2237 ἱματίου
1793 2200 1881 2233 αὑτοῦ,

1030 2248 1102 2284 οκαὶ
1129 2250 1300 2287 παραχρῆμα
1327 2246 1392 2280 ἔστη
1409 2247 1427 2280 ἡ
1455 2245 1525 2284 ῥύσις
1548 2246 1593 2273 τοῦ
1621 2244 1736 2282 αἵματος
1761 2244 1881 2278 αὐτῆς.»

1060 2288 1222 2332 ’Υπέστρεψε
1249 2292 1298 2330 μὲν
1328 2293 1342 2319 ὁ
1371 2291 1473 2325 Ἰησοῦς
1498 2290 1551 2318 ἀπὸ
1571 2289 1621 2323 τῆς
1642 2291 1696 2317 τῶν
1725 2287 1884 2328 Γαδαρηνῶν

1058 2338 1163 2378 χώρας.
1183 2335 1353 2377 Προσεὸόκων
1382 2334 1410 2364 δὲ
1430 2336 1509 2364 αὐτὸν
1538 2336 1562 2363 οἱ
1583 2333 1675 2374 ὄχλοι,
1692 2333 1748 2371 ἃμα
1771 2333 1823 2371 μὲν
1845 2332 1885 2378 {ita

1057 2376 1106 2416 τῆν
1121 2381 1301 2421 διδασκαλίαν,
1328 2381 1384 2418 ἅμα
1412 2379 1440 2408 δὲ
1468 2379 1511 2409 διὰ
1534 2379 1567 2407 τὰ
1595 2381 1727 2416 θαύματα,
1757 2376 1883 2417 Προσῆλ-

1057 2428 1100 2455 θεν
1122 2432 1166 2456 οὖν
1188 2426 1232 2454 καί
1247 2437 1287 2458 τις
1303 2425 1396 2465 ἅρχων
1417 2424 1466 2459 τῆς
1497 2426 1673 2464 Συναγωγῆς,
1689 2423 1737 2451 οὑκ
1762 2421 1890 2458 ebuli,“

1057 2470 1110 2500 οὐδ’
1139 2470 1303 2506 ἀπόϐλητος,
1328 2469 1397 2498 ἀλλὰ
1431 2472 1484 2497 τῶν
1513 2478 1637 2507 πρωτων.
1668 2467 1831 2507 Προστίθησι
1857 2465 1882 2493 δὲ

1056 2517 1100 2544 καὶ
1120 2517 1151 2544 τὸ
1171 2516 1256 2553 ὄνομα
1284 2515 1376 2543 τούτου
1402 2515 1416 2542 θ
1444 2512 1646 2552 εὖαγγελιστὴς,
1674 2511 1721 2540 ’ἶνα
1735 2510 1880 2551 γνωριμώ-

1055 2572 1129 2600 τερον
1158 2561 1188 2588 τὸ
1214 2562 1300 2597 θαῦμα
1326 2559 1448 2598 γενηται,
1475 2559 1512 2590 ὡς
1534 2557 1604 2586 ἔστιν
1626 2556 1734 2590 ἀληθές.
1761 2557 1879 2596 Epeo-nl-

1055 2617 1116 2634 πτει
1144 2605 1171 2633 δὲ
1200 2608 1275 2637 οὗτος
1298 2607 1336 2642 τῷ
1363 2603 1464 2641 Ἰησοῦ,
1494 2603 1587 2642 χρείας
1613 2601 1754 2635 ὶνστάσης.
1790 2601 1878 2630 Καίτοι

1055 2650 1106 2679 ἔδει
1129 2651 1207 2679 αὑτὸν
1232 2650 1275 2678 καὶ
1304 2656 1343 2687 μή
1381 2648 1479 2681 ταύτης
1515 2646 1727 2686 ἀναγκαζούσης,
1755 2657 1877 2686 προστα-

1055 2703 1126 2733 σεῖν,
1155 2696 1199 2724 καὶ
1225 2694 1369 2733 ἐπιγνῶναι
1405 2693 1484 2721 αὑτὸν
1522 2693 1588 2720 Θεὸν
1616 2690 1691 2728 ὄντα,
1720 2689 1795 2728 ὅμως
1837 2690 1878 2718 καὶ

1055 2740 1142 2779 θλίψις
1172 2738 1226 2768 ἔσθ’
1255 2739 1298 2767 ὅτι
1335 2736 1482 2773 ἇκειᾶζςται
1517 2737 1578 2769 τοὺς
1621 2735 1773 2775 ἀνθρώπους
1815 2737 1878 2774 πρὸς
