1949 3077
216 125 275 158 815
697 126 994 160 THEOPHYLACTI
1014 123 1222 160 BULGARIE
1243 129 1422 162 ARCHIEP.
1839 132 1888 165 8i6

216 194 369 239 diceretur
384 203 401 224 a
420 193 596 239 quibusdam
613 195 690 235 quod
717 196 846 227 Joannes
866 196 1031 227 surrexisse

1116 206 1162 224 νων
1191 196 1231 225 ὅτι
1253 197 1378 232 Ἰωάννης
1401 198 1538 239 ἐγήγερται
1565 199 1595 228 ἔκ
1621 202 1731 239 νεκρῶν,
1749 200 1797 228 ὑπό
1822 211 1890 228 τινων
1934 222 1935 233 η

215 238 396 284 amortuisza
407 238 585 278 quibusdam
596 249 666 271 vero
675 241 754 281 quod
766 240 845 272 Elias
856 240 1029 282 apparuisse

1116 264 1122 280 ,
1147 241 1189 270 ὅτι
1219 242 1313 274 Ἠλίας
1335 243 1433 283 ἐφάνη,
1459 238 1549 272 ’Ᾰλλω
1577 243 1617 284 δὲ,
1642 238 1681 272 ὅτι
1703 245 1836 284 προφήτης
1855 246 1890 277 εἷς

215 282 253 313 ab
268 282 334 314 aliis
347 284 540 328 autemiquod
554 285 851 326 prophetaquispiam
868 295 903 318 ex
913 285 1031 326 antiqui:

1116 297 1134 314 ιν
1151 286 1271 327 ἀρχαίων
1286 282 1395 322 ἀνέστη.
1413 287 1466 319 Καὶ
1482 291 1558 317 εἶπεν
1581 290 1595 317 ὁ
1610 282 1739 328 ’Ἡρώδης
1756 282 1765 306 έ
1781 289 1890 323 Ἰωαννην

214 329 418 374 surrrexisset.
435 326 470 359 Et
485 328 526 374 ait
539 328 673 361 Herodes
686 340 692 361 :
711 330 855 362 Joannem
870 340 922 370 ego
936 331 1031 362 decol-

1116 331 1136 359 ὼ
1162 326 1343 372 ἀπεκεφάλισα
1362 341 1369 348 ⁶
1397 333 1436 366 τίς
1459 332 1486 362 δέ
1507 335 1580 362 ἔστιν
1602 326 1691 371 οὗτος,
1714 335 1771 374 περὶ
1794 334 1821 362 οὗ
1846 333 1890 373 ἐγὼ

213 371 272 403 lavi
289 383 296 404 :
313 373 380 413 quis
395 377 494 404 autem
520 373 576 405 iste
592 374 629 404 de
644 384 703 415 quo
719 384 774 413 ego
791 375 859 407 talia
873 376 960 407 audio
971 377 985 405 ?
1006 375 1029 406 E

1117 376 1169 404 ούω
1190 380 1326 417 τοιαῦτα;
1357 378 1406 407 Καὶ
1431 377 1519 413 ὶζήτει
1545 377 1611 406 ἰδεῖν
1638 377 1728 409 αὐτόν,
1747 389 1757 406 ε
1788 379 1888 410 οὗτοςδ

214 417 368 462 quaerebat
382 417 484 450 videre
499 427 579 450 eum.
600 431 611 448 ε
629 418 684 451 Hic
709 420 845 451 Herodes
861 429 968 460 parvus
986 420 1027 451 fui

1116 420 1201 460 ρώδης
1230 422 1244 449 δ
1266 415 1360 462 μικρὸς
1389 425 1435 462 ἦν,
1467 424 1480 450 ὁ
1508 423 1563 454 υἱὸς
1588 427 1634 452 τοῦ
1657 422 1772 461 μεγάλου
1787 419 1888 462 Ἡρώδου

213 461 293 492 ﬁlius
303 462 404 502 Magni
415 463 466 503 qui
478 472 588 503 pueros
597 464 761 496 occiderat.
774 463 847 495 Nam
860 464 1031 505 illequiden

1116 469 1126 494 3
1158 467 1188 494 τὰ
1215 466 1300 506 βρέφη
1322 467 1539 500 ἀποκτείναντας,
1571 467 1692 499 Ἔχεμος
1718 467 1765 505 μὲν
1781 461 1827 507 γὰρ
1845 469 1887 505 βα.

211 515 265 538 rex
276 507 395 545 fuit,bic
406 512 505 538 autem
518 509 678 539 tetrarcha.
691 508 849 540 Dubitabat
865 510 902 540 de
920 509 1031 541 Christ:

1116 511 1167 542 ίεὺς
1193 510 1238 551 ἧν,
1272 511 1347 543 οὗτος
1373 511 1401 539 δὲ
1429 512 1579 551 τετράρχης
1597 520 1605 528 ⁸
1636 511 1756 550 διηπόρει
1783 511 1808 540 δὲ
1840 515 1889 550 περὶ

212 551 279 591 quis
290 556 380 584 esset.
393 552 539 584 Joannem
553 553 797 594 quidem,inquit,
809 564 865 594 ego
881 554 1031 586 decollavi:

1116 559 1178 594 ισοῦ,
1208 556 1246 588 τίς
1274 555 1307 584 ἆ¹ν
1328 556 1387 590 εἴη.
1421 555 1548 590 Ἰωάννην
1584 556 1632 594 μὲν
1653 557 1715 596 γὰρ,
1738 557 1823 596 φησὶν,
1845 557 1889 596 ἐγὼ

211 601 242 628 et
258 598 282 628 si
294 597 416 638 quidem
426 597 558 629 Joannes
571 598 713 629 excitatus
723 603 813 630 estex
827 599 962 636 mortuis,
975 609 1031 630 om.

1117 600 1272 640 εκεφάλισα,
1289 602 1332 629 καὶ
1354 601 1432 639 εἴπερ
1453 603 1467 630 ὁ
1488 601 1615 634 Ἰωάννης
1642 601 1711 629 ἐστὶν
1738 602 1844 642 ἐγερθεὶς
1866 602 1890 630 ἐκ

210 643 282 673 nino
293 642 388 672 visum
401 642 484 673 illum
494 651 666 682 agnoscam.
679 643 834 680 Quaerebat
845 645 924 675 enim
935 644 1031 675 videre

1116 648 1189 685 ιρῶι,
1219 645 1324 686 πάντως
1349 644 1411 674 ἰδὼν
1448 645 1525 674 αὐτόν
1552 646 1683 685 γνωρίσω.
1714 646 1816 682 Ἐζήτει
1849 647 1890 686 γὰρ

211 686 372 718 eum.Vide
388 690 486 718 autem
503 687 583 727 quod
593 686 710 719 ΗΘΜ-εἱ
725 696 859 720 errantes
870 688 1031 729 opinaban-

1116 696 1143 717 τν
1171 690 1261 722 αὐτόν,
1277 685 1350 730 ΗΟρα
1366 689 1393 718 δὲ
1409 690 1450 719 ὅτι
1466 691 1491 719 οῑ
1507 689 1627 730 Ἐϐραϊοι
1650 689 1768 726 ἐδόξαζον
1785 685 1889 720 dvas-ra?

209 732 541 774 tighresurrectiouem
571 736 756 764 mortuorum
787 734 815 763 in
847 733 959 764 carnali
978 734 1031 764 vita

1116 746 1118 755 ’
1146 736 1244 774 νεκρῶν
1275 733 1303 762 ἓν
1344 738 1401 773 ζωῃ
1428 734 1553 774 σαρκικῇ,
1585 735 1630 763 καὶ
1658 734 1685 763 ἐν
1713 735 1830 774 βρώμασι
1853 737 1890 764 καὶ

208 772 350 816 fam-am,
366 781 457 817 atque
472 776 501 807 in
519 775 586 807 cibo
601 781 631 807 et
645 782 715 818 potu
732 787 738 809 :
755 778 939 810 resurrectio
954 779 1034 809 enim

1076 777 1191 819 πόμασι,
1218 782 1307 811 κακῶς
1336 777 1500 815 δοξάζοντες,
1542 776 1572 808 Ἠ
1601 780 1651 819 γὰρ
1686 779 1825 812 ἀνάστασις
1849 781 1889 808 οὐκ
1934 787 1935 795 ‘

208 830 268 851 non
285 821 316 851 iu
332 820 399 852 cibo
414 820 459 852 vel
475 824 547 861 potu
564 821 609 852 vel
629 822 742 853 carnali
757 823 816 854 vita
831 823 901 864 erit,
918 823 969 855 sed
981 823 1031 864 qui

1124 823 1220 863 βρώσει
1242 824 1287 852 καὶ
1307 824 1397 861 πόσει,
1417 824 1504 862 ἢζωῇ
1527 827 1653 864 σαρκικῇ,
1668 823 1728 852 ἀλλ’
1754 826 1790 857 ὡς
1815 824 1889 864 ἄγγε-

207 870 378 906 resurgunt,
395 866 474 896 sicut
484 865 580 905 angeli
597 867 651 898 Dei
665 871 830 899 versantur.

247 911 339 942 Vens.
354 910 516 942 10-17.«Ει
528 911 641 942 reversi
652 912 778 952 apostoli
787 917 980 944 narraverunt
988 913 1031 944 illi

206 965 392 996 quaecunque
407 955 551 988 fecerant.
577 956 615 987 Et
641 958 800 998 assumptis
824 957 883 988 illis
909 959 1031 990 secessit

205 1009 338 1031 seorsum
355 1001 387 1031 in
403 1000 501 1031 locum
516 1000 669 1031 desertum
687 1001 812 1032 civitatis
827 1012 893 1043 qua}
911 1008 1031 1035 vocatur

204 1045 373 1077 Bethsaida.
389 1044 474 1081 Quod
490 1054 558 1076 cum
574 1046 784 1085 cognovissent
799 1047 903 1089 turbae,
922 1053 1031 1080 secutae

204 1094 272 1121 sunt
286 1090 382 1128 illum,
400 1094 430 1121 et
444 1091 562 1131 exeepit
585 1099 649 1128 eos,
674 1095 704 1122 et
727 1091 906 1132 loquebatur
920 1092 978 1124 illis
992 1094 1030 1125 de

202 1143 295 1174 regno
310 1135 376 1171 Dei,
392 1138 422 1166 et
437 1143 489 1166 eos
500 1134 551 1175 qui
567 1135 722 1166 curatione
737 1135 921 1178 indigebant,
939 1147 1027 1169 sana-

201 1179 261 1212 bat.
277 1179 349 1211 Dies
362 1184 461 1211 autem
477 1184 608 1218 cteperat
623 1180 788 1222 declinare,
806 1185 834 1212 et
850 1182 1028 1215 accedentes

200 1224 360 1256 duodecim
373 1225 516 1256 dixerunt
527 1223 570 1255 illi
587 1235 594 1255 :
613 1224 732 1256 Dimitte
749 1225 861 1267 turbas,
877 1232 910 1258 ut
920 1232 1027 1258 euntes

200 1270 231 1300 in
246 1269 368 1301 castella
383 1269 528 1310 villasque
543 1269 655 1300 vicinas
670 1269 829 1309 divertent,
846 1272 917 1302 555
931 1276 961 1303 et
975 1272 1024 1304 in-

1074 866 1115 896 λοι
1131 872 1209 909 Θεοῦ,
1224 868 1292 896 οὕτω
1306 867 1450 908 διάγωσιν,

1116 925 1130 941 ι
1148 914 1195 943 Καὶ
1223 913 1435 954 ὑποστρέψαντες
1474 915 1498 941 οἱ
1537 913 1695 951 ἀπόστολοι,
1735 913 1888 954 διηγήσαντο

1072 958 1142 995 αὒτῷ
1164 958 1213 986 ὅσα
1235 958 1375 992 ἐποίησαν,
1405 957 1458 989 Καὶ
1486 958 1647 998 παραλαϐὼν
1664 960 1773 996 αὐτοὺς,
1788 960 1888 999 δπεχώ-

1072 1014 1137 1042 ρησε
1150 1003 1210 1032 κατ’
1230 1003 1295 1032 ἰδίαν
1324 1005 1359 1036 εἰς
1380 1005 1462 1033 τόπον
1485 1003 1584 1043 ἔρημον
1601 1004 1707 1036 πόλεως
1734 1004 1890 1042 καλουμένης

1072 1048 1219 1082 Βηθσαϊδὰ,
1251 1049 1281 1078 Οἱ
1310 1047 1338 1076 δὲ
1359 1048 1439 1089 ὄχλοι
1461 1049 1580 1088 γνόντες,
1606 1048 1791 1083 ἠκολούθησαν
1815 1050 1890 1086 αὐτῷ.

1072 1095 1120 1123 Καὶ
1145 1092 1285 1131 δεξάμενος
1310 1093 1416 1130 αὐτοὺς,
1447 1093 1535 1122 ἐλάλει
1564 1095 1656 1126 αὐτοῖς
1674 1096 1733 1130 περὶ
1750 1097 1799 1128 τῆς
1819 1095 1890 1133 βασι-

1069 1137 1142 1170 λείας
1177 1143 1224 1167 τοῦ
1250 1142 1315 1168 Θεοῦ
1332 1147 1339 1154 ·
1367 1139 1412 1166 καὶ
1437 1139 1499 1170 τοὺς
1521 1139 1615 1178 χρείαν
1630 1138 1746 1178 ἔχοντας
1761 1139 1888 1178 θεραπείας

1069 1183 1137 1213 ἰᾶτο.
1169 1177 1201 1211 Ἐ
1223 1181 1249 1210 δὲ
1267 1183 1354 1222 ἡμέρα
1383 1181 1481 1222 ἤρξατο
1504 1177 1601 1211 κλίνειν
1620 1191 1627 1201 ·
1646 1177 1843 1222 προσελθόντες
1865 1183 1887 1211 δὲ

1068 1229 1092 1256 οἱ
1120 1226 1232 1268 δώδεκα,
1250 1228 1330 1256 εἷπον
1357 1227 1429 1264 αὐτῷ
1445 1237 1453 1244 ·
1474 1225 1622 1256 Ἀπόλυσον
1644 1229 1705 1260 τοὺς
1720 1227 1832 1268 δ’χλους,
1847 1229 1885 1256 ἴνα
1934 1257 1935 1262 η

1067 1272 1223 1305 ἀπελθόντες
1252 1273 1288 1304 εἰς
1310 1272 1357 1304 τὰς
1385 1270 1475 1308 κύκλῳ
1499 1271 1593 1310 κώμας
1622 1273 1666 1300 καί
1693 1273 1757 1306 τοὺς
1785 1272 1882 1312 ἀγροὺς,

199 1314 317 1345 veniant
332 1323 425 1352 escas,
443 1314 513 1355 quia
527 1314 576 1345 hic
592 1314 622 1345 in
637 1314 703 1346 loco
716 1315 834 1346 deserto
849 1325 963 1349 sumus.
977 1318 1025 1348 Ait

1117 1316 1247 1357 αλύσωσι,
1291 1317 1335 1345 καὶ
1363 1316 1472 1356 εὕρωσιν
1501 1316 1680 1355 ὶπισιτισμὸν,
1712 1317 1756 1346 ὅτι
1787 1317 1836 1346 ὧδε
1862 1318 1884 1346 ἓν

198 1362 298 1390 autem
313 1359 351 1390 ad
367 1359 434 1390 illos
451 1370 457 1388 ε
483 1358 542 1390 Ves
556 1359 623 1390 date
639 1358 698 1390 illis
714 1360 906 1393 manducare.
924 1362 962 1392 At
980 1361 1024 1393 illi

1116 1373 1158 1399 μῳ
1172 1362 1247 1399 τόπῳ
1263 1361 1353 1399 ἐσμέν.
1371 1361 1441 1390 Εἷπε
1453 1359 1480 1388 δὲ
1496 1362 1561 1401 πρὸς
1585 1362 1678 1394 αὐτούς
1695 1371 1702 1377 ·
1720 1362 1789 1391 Δότε
1804 1364 1886 1394 αὺτοῖς

197 1403 367 1435 dixerunt:
393 1404 458 1435 Non
482 1407 551 1434 sunt
575 1403 662 1435 nobis
685 1404 752 1444 plus
777 1414 865 1446 quam
891 1405 1023 1447 quinque

1116 1413 1143 1439 ἴς
1165 1413 1274 1447 φαγεῖν.
1297 1407 1326 1435 Oi
1349 1405 1376 1434 δὲ
1399 1406 1478 1434 εἶπον
1496 1415 1504 1423 ⁸
1521 1407 1576 1435 Οὔκ
1590 1407 1654 1434 εἰσὶν
1676 1407 1747 1445 ἡμῖν
1763 1406 1854 1435 πλεῖον
1873 1408 1887 1440 ἧ

197 1457 301 1489 panes,
318 1453 347 1480 et
362 1449 422 1479 duo
437 1448 546 1489 pisces,
563 1448 621 1479 nisi
642 1459 696 1480 nos
719 1459 822 1481 eamus
844 1455 874 1481 et
888 1460 1023 1483 emamus

1116 1462 1142 1480 τε
1177 1451 1250 1492 ἄρτοι
1278 1452 1323 1479 καὶ
1363 1451 1453 1491 ἰχθύες
1489 1450 1545 1489 δύο,
1576 1451 1598 1479 εἰ
1627 1451 1693 1489 μήτι
1723 1452 1887 1491 πορευθέντες

195 1493 226 1523 in
242 1502 362 1524 omnem
379 1493 458 1524 hunc
473 1493 615 1534 populum
629 1503 725 1526 escas.
741 1493 832 1525 Erant
846 1499 945 1526 autem
961 1495 1024 1528 fere

1116 1496 1350 1536 ητς,-ἆγοράσωμεν
1373 1496 1408 1528 εἰς
1437 1495 1523 1526 πάντα
1553 1496 1598 1523 τὸν
1621 1495 1686 1524 λαὸν
1702 1500 1797 1525 τοῦτον
1822 1497 1888 1536 βρώ-

195 1537 355 1578 quinquies
371 1537 463 1570 mille.
488 1538 538 1569 Ait
559 1545 656 1569 autem
679 1539 716 1569 ad
740 1538 904 1580 discipulos
925 1549 1020 1572 suos:

1116 1552 1147 1572 κα,
1163 1534 1247 1569 Ἠσαν
1270 1540 1319 1580 γὰρ
1347 1540 1412 1567 ὡσεὶ
1437 1538 1528 1579 ἄνδρες
1556 1539 1791 1580 παντακισχίλιοι.
1823 1534 1886 1569 iis:

195 1582 296 1614 Facite
306 1583 374 1614 illos
389 1582 579 1614 discumbere
589 1583 620 1614 in
637 1584 755 1624 singulo
772 1584 922 1616 discubitu
937 1585 1023 1626 quin-

1118 1585 1184 1625 πρὸς
1213 1585 1274 1616 τοὺς
1303 1584 1424 1621 μαθητὰς
1452 1584 1532 1613 αὐτοῦ
1548 1594 1556 1603 ο
1588 1584 1775 1613 Κατακλίνατε
1800 1586 1886 1617 αὐτοὺς

192 1639 344 1671 quagenos
360 1641 367 1661 ε
385 1634 475 1670 atque
489 1629 528 1660 ita
544 1629 690 1669 fecerunt,
712 1634 743 1661 et
765 1630 900 1662 fecerunt
915 1641 1021 1664 omnes

192 1674 394 1706 discumbere.
412 1675 551 1716 Acceptis
572 1675 671 1716 itaque
690 1675 823 1716 quinque
837 1675 975 1716 panibus,
991 1681 1020 1708 et

191 1719 309 1751 duobus
325 1719 467 1760 piscibus,
485 1719 609 1751 sublatis
623 1720 654 1751 in
675 1720 782 1751 caelum
800 1720 903 1761 oculis,
920 1720 1016 1753 bene-

191 1764 264 1796 dixit
291 1765 362 1803 illis,
378 1769 408 1796 et
436 1764 536 1804 fregit,
562 1764 773 1805 distribuitque
801 1764 956 1806 discipulis
985 1773 1017 1797 ut

189 1813 375 1850 apponerent
390 1809 494 1841 turba.
508 1808 544 1840 Et
554 1809 748 1841 comederunt
764 1819 881 1851 omnes,
897 1813 926 1841 et
940 1815 1011 1842 satu-

189 1857 244 1886 rati
258 1859 338 1886 sunt.
356 1854 393 1885 Et
417 1854 566 1885 sublatum
594 1858 640 1885 est
663 1854 742 1895 quod
773 1855 920 1895 superfuit
944 1854 1015 1896 illis,

189 1899 424 1940 fragmentorum
441 1899 562 1939 cophini
577 1898 746 1930 duodecim.
765 1909 780 1929 ›
807 1900 840 1930 ln
863 1899 1014 1931 desertum

188 1945 286 1976 locum
304 1944 366 1975 abit
382 1944 479 1982 Jesus,
496 1944 637 1984 quoniam
653 1943 830 1974 miraculum
849 1953 957 1984 panum
973 1944 1015 1976 ibi

189 1990 320 2021 facturus
331 1993 404 2025 erat,
423 1992 454 2019 ut
477 1998 515 2019 ne
537 1989 604 2029 quis
620 1988 724 2019 dicere
749 1988 853 2028 possit,
874 1989 1013 2029 quoniam

188 2044 282 2075 prope
308 2034 399 2065 fuerit
424 2034 530 2065 civitas
560 2033 640 2065 unde
668 2043 759 2073 panes
788 2033 881 2065 allati.
910 2033 1016 2066 Docuit

186 2084 284 2110 autem
303 2079 405 2110 turbas
420 2083 450 2110 et
464 2079 577 2110 sanavit
594 2088 600 2110 :
625 2082 657 2109 ut
682 2084 712 2110 tu
735 2078 833 2110 discas
848 2079 927 2119 quod
943 2079 1012 2120 phi-

1061 1628 1165 1662 κλισίας
1194 1629 1244 1657 ἀνὰ
1278 1629 1455 1664 πεντήκοντα.
1486 1629 1539 1658 Καὶ
1572 1628 1703 1663 ἐποίησαν
1732 1629 1817 1671 οὕτω,
1848 1631 1886 1658 καὶ
1934 1651 1935 1655 η

1060 1673 1199 1703 ἀνέκλιναν
1214 1672 1344 1706 ἅπαντας.
1372 1672 1467 1702 Λαϐὼν
1497 1672 1524 1701 δὲ
1551 1673 1611 1705 τοὺς
1627 1673 1705 1702 πέντε
1721 1673 1820 1713 ἄρτους
1847 1675 1886 1703 καὶ

1058 1719 1119 1752 τοὺς
1149 1717 1193 1748 δύο
1222 1719 1328 1759 ἰχθύας,
1357 1717 1507 1757 ἀναϐλέψας
1530 1718 1567 1752 εἰς
1591 1719 1637 1746 τὸν
1652 1719 1778 1758 οὐρανὸν,
1808 1719 1882 1748 εὐλό-

1058 1775 1141 1804 γησεν
1168 1766 1272 1801 αὐτοὺς,
1302 1764 1347 1792 καὶ
1373 1763 1534 1801 κατέκλασε,
1560 1764 1604 1792 καὶ
1619 1762 1701 1792 ἐδίδου
1714 1765 1779 1798 τοῖς
1797 1767 1883 1803 μαθη-

1058 1815 1118 1840 ταῖς
1147 1808 1316 1848 παρατιθέναι
1343 1811 1382 1845 τῷ
1397 1807 1485 1848 ὄχλῳ,
1508 1808 1552 1837 καὶ
1574 1807 1683 1849 ἔφαγον,
1706 1811 1753 1838 καὶ
1769 1809 1883 1850 ἒχορτά-

1057 1855 1157 1888 σθησαν
1185 1854 1295 1891 πάντες,
1327 1853 1371 1881 καὶ
1406 1852 1473 1893 ἤρθη
1509 1854 1540 1881 τὸ
1576 1857 1753 1893 περισσεῦσαν
1782 1855 1882 1892 ὠτοῐς,
1934 1879 1935 1893 ξ

1057 1899 1217 1937 κλασμάτων
1259 1898 1362 1939 κόφινοι
1390 1896 1502 1928 δώδεκα.
1534 1910 1548 1926 ι
1588 1899 1632 1930 Εἰς
1667 1897 1771 1938 ἔρημον
1807 1901 1884 1929 τόπον

1057 1942 1159 1971 ἄπεισιν
1188 1944 1202 1971 'c
1231 1941 1345 1981 Ἰησοῦς,
1371 1941 1463 1976 ἐπειδὴ
1491 1942 1522 1970 τὸ
1549 1945 1602 1974 τῶν
1632 1942 1717 1983 ἄρκτων
1733 1946 1826 1983 θαῦμα
1840 1955 1884 1973 τε-

1057 1987 1132 2016 λέσαι
1160 1986 1281 2026 ἔμελλε),
1298 1987 1344 2015 ’ίνα
1371 1987 1409 2024 μὴ
1435 1986 1497 2027 ἔχοι
1512 1998 1552 2019 τις
1568 1986 1667 2028 λέγειν,
1684 1987 1726 2017 ὅτι
1743 1989 1825 2029 ἐγγὺς
1839 1989 1883 2018 οὓς

1056 2044 1106 2067 σης
1121 2032 1237 2069 πόλεως,
1256 2032 1356 2061 ἐκεῖθεν
1378 2030 1451 2072 ἄρτοι
1471 2032 1637 2072 ἠνέχθησαν.
1667 2032 1818 2071 Δεξάμενος
1841 2036 1884 2063 οὖν
1934 2041 1935 2048 ‘

1057 2078 1116 2110 τοὺς
1144 2077 1255 2117 ὄχλους,
1280 2075 1400 2105 εδιδασκέ
1423 2087 1451 2104 τε
1466 2077 1510 2105 καὶ
1525 2077 1692 2118 ἐθεράπευεν,
1708 2077 1757 2106 ’ἶνα
1772 2080 1806 2108 σὺ
1828 2080 1881 2116 μά-
1934 2074 1935 2091 ἦ

187 2125 324 2165 losophia
342 2130 444 2155 nostra
464 2123 554 2155 verbo
570 2128 599 2155 et
613 2133 703 2164 opere
719 2127 846 2159 constet,
858 2118 896 2154 iet
917 2118 1031 2165 nequeI

1144 2122 1184 2151 ὅτι
1209 2123 1226 2156 ἣ
1249 2120 1307 2151 καθ’
1330 2122 1402 2160 ἡμᾶς
1438 2121 1578 2162 φιλοσοφία
1607 2121 1681 2162 λόγῳ
1708 2124 1754 2152 καὶ
1790 2123 1881 2164 πράξει

187 2169 316 2200 dicenda
331 2168 390 2199 sint
404 2177 472 2209 quae
485 2169 585 2199 facere
597 2178 657 2199 non
673 2169 752 2206 licet,
766 2177 864 2209 neque
878 2168 1012 2201 facienda

186 2223 253 2255 quis
269 2215 351 2245 dictu
366 2214 509 2245 absurda.
526 2213 690 2245 Inclinante
701 2218 802 2245 autem
816 2213 865 2245 die
874 2213 1012 2255 discipuli

186 2259 366 2300 incipientes
379 2259 445 2291 ﬁeri
459 2259 652 2290 humaniores
664 2262 693 2290 et
707 2258 912 2297 oﬂiciosiores,
926 2259 1013 2291 mise-

185 2309 291 2336 rentur
314 2304 421 2346 turbis,
438 2308 468 2335 et
488 2304 593 2335 dicunt
610 2315 616 2333 :
643 2303 764 2335 Dimitte
785 2313 848 2341 eas,
875 2304 930 2335 boc
952 2308 1008 2343 est,

184 2359 254 2393 sana
269 2350 355 2381 citius
370 2348 559 2380 inﬁrmitates
581 2349 713 2386 illorum,
741 2348 832 2389 imple
854 2349 1011 2393 petitiones

183 2392 313 2426 illorum.
342 2394 487 2426 Dominus
507 2399 606 2425 autem
631 2393 668 2424 ad
690 2393 852 2434 discipulos
878 2392 982 2424 dicens
1001 2404 1008 2425 :

181 2439 253 2485 Date
268 2439 327 2485 illis
344 2448 394 2471 vos
409 2439 488 2480 quod
514 2439 614 2485 edant.
632 2448 691 2485 non
718 2439 859 2485 ignorans
874 2438 1008 2485 discipu-

180 2484 278 2515 lorum
302 2484 432 2526 inopiam
454 2485 511 2516 hoc
534 2484 616 2525 dicit,
640 2484 692 2514 sed
718 2482 842 2515 incitare
861 2482 963 2514 volens
977 2488 1008 2515 ut

180 2529 280 2561 dicant
294 2534 365 2570 quot
381 2539 474 2571 panes
492 2528 549 2560 sibi
563 2530 635 2566 sint,
653 2533 684 2559 ut
699 2529 741 2559 sic
757 2533 1008 2559 commonstretur

180 2574 357 2606 miraculum
375 2576 480 2614 majus,
499 2573 701 2605 indicantibus
715 2573 777 2604 illis
790 2573 887 2613 palam
902 2582 1006 2605 nume-

177 2629 242 2650 rum
260 2629 381 2660 panum.
394 2618 477 2656 Quod
489 2624 586 2650 autem
600 2619 786 2656 dicit,Facite
797 2618 865 2649 illos
875 2617 1005 2650 discum-

178 2664 250 2697 bere
265 2665 293 2695 in
310 2665 429 2705 singulo
450 2663 600 2695 discubitu
625 2663 848 2704 quinquaginta,
874 2663 1004 2695 ostendit

176 2710 254 2751 quod
268 2714 403 2751 oporteat
415 2709 504 2740 etiam
521 2718 575 2740 nos
595 2708 714 2749 quando
728 2708 858 2750 aliquem
874 2708 1001 2748 hospitio

177 2755 352 2796 excipimus,
371 2759 400 2786 et
415 2755 512 2785 facere
528 2755 623 2794 ipsum
638 2752 825 2791 recumbere,
842 2755 872 2784 et
887 2753 917 2784 in
932 2762 1000 2785 eum

174 2800 324 2832 ofﬁciosos
351 2809 429 2830 esse.
466 2798 558 2830 Porro
595 2798 783 2839 suspiciende
811 2798 843 2829 in
879 2797 997 2840 caelum,

1054 2168 1198 2208 μερίζεται,
1221 2167 1265 2195 καὶ
1286 2166 1346 2195 οὔτε
1375 2166 1416 2195 δεῖ
1442 2166 1529 2206 λέγειν
1554 2165 1688 2208 ἄπρακτα,
1703 2167 1765 2197 οὕτε
1793 2170 1880 2208 πράτ-

1053 2223 1107 2242 τειν
1128 2211 1224 2252 ἄλογα,
1254 2211 1405 2245 Κλινοίισης
1427 2210 1455 2239 δὲ
1488 2212 1538 2245 τῆς
1569 2211 1683 2253 ἡμέρας,
1708 2214 1732 2241 οἱ
1763 2216 1881 2252 μαθηταὶ

1053 2257 1298 2298 φιλανθρωπότερον
1321 2255 1373 2290 ἤδη
1395 2255 1535 2296 ἀρξάμενοι
1559 2256 1637 2297 ἔχειν
1659 2259 1702 2286 καὶ
1731 2269 1880 2297 ποιμαντι-

1053 2303 1182 2342 xu'rrspov,
1205 2300 1343 2330 κατελοῦσι
1364 2301 1425 2333 τοὺς
1447 2300 1558 2341 ὄχλους,
1581 2303 1626 2330 καί
1654 2314 1734 2342 φασιν
1753 2313 1760 2319 ·
1795 2303 1880 2332 ’Λπό-

1052 2347 1131 2376 λυσον
1160 2347 1266 2386 αὖτοὺς,
1307 2345 1438 2386 τουτέστι,
1479 2347 1638 2386 θεράπευσον
1665 2348 1712 2379 τὰς
1743 2348 1880 2381 ἀσθενείας

1051 2393 1136 2422 αὐτῶν
1156 2392 1265 2432 τάχιον.
1295 2389 1440 2429 Πλήρωσον
1465 2391 1512 2423 τὰς
1534 2392 1653 2427 αἰτήσεις
1675 2392 1776 2423 αὒτῶν.
1795 2389 1825 2422 ε0
1852 2392 1878 2421 δὲ

1052 2438 1144 2478 Κύριος
1160 2438 1224 2477 πρὸς
1239 2437 1300 2468 τοὺς
1325 2436 1445 2474 μαθητὰς
1470 2435 1557 2476 λέγων
1573 2446 1580 2453 ’
1609 2437 1673 2465 Δότε
1688 2437 1782 2470 αὐτοῖς
1799 2439 1876 2476 ὑμεῖς

1050 2489 1158 2523 φαγεῖν,
1190 2482 1242 2522 οὔχ
1263 2482 1300 2513 ὡς
1328 2481 1431 2520 ἀγνοῶν
1458 2481 1508 2515 τὴν
1536 2481 1648 2522 ἀπορίαν
1676 2483 1767 2523 φησὶν,
1808 2482 1874 2511 ἀλλὰ

1048 2527 1207 2566 βουλόμενος
1235 2526 1413 2565 παρακινῆσαι
1440 2526 1545 2563 αὖτοὺς,
1568 2525 1615 2555 ἵνα
1637 2526 1746 2568 εἴπωσι,
1774 2529 1875 2560 πόσους

1047 2573 1139 2613 ἄρτους
1162 2571 1267 2612 ἔχουσι,
1289 2571 1332 2600 καὶ
1351 2569 1420 2599 οὕτω
1441 2570 1535 2611 δειχθῇ
1555 2572 1586 2600 τὸ
1614 2573 1701 2610 θαῦμα
1731 2572 1818 2613 μέγα,
1844 2575 1873 2601 kx

1046 2621 1095 2652 τῆς
1112 2616 1253 2656 ὁμολογίας
1275 2615 1394 2652 ἐκείνων,
1418 2614 1568 2656 δειχθείσης
1587 2619 1636 2650 τῆς
1651 2617 1806 2651 ποιότητος
1821 2621 1875 2646 τῶν

1046 2663 1142 2703 ἄρτων,
1173 2663 1209 2691 Τὸ
1224 2660 1262 2698 δὲ,
1283 2659 1464 2690 Κατακλίνατε
1493 2661 1587 2693 αὐτοὺς
1609 2660 1714 2695 κλισίας
1735 2662 1788 2691 ἀνὰ
1804 2673 1872 2692 πεν-

1044 2710 1175 2744 τήκοντα,
1198 2705 1325 2735 δείκνυσιν
1340 2704 1381 2734 ὅτι
1397 2703 1440 2734 δεῖ
1460 2706 1544 2744 ἡμᾶς,
1561 2704 1624 2735 ὅταν
1647 2707 1704 2735 τινὰ
1719 2706 1874 2748 ξενοδοχῶ-

1043 2765 1103 2792 μεν,
1134 2753 1178 2782 καὶ
1206 2750 1374 2780 κατακλίνειν
1408 2750 1498 2791 αὐτόν,
1534 2751 1579 2780 καὶ
1607 2751 1695 2787 πάσης
1717 2752 1876 2790 ἓπιμελείας

1042 2799 1141 2833 ἀξιοῦν,
1172 2795 1329 2826 ’Λναϐλέπει
1354 2794 1380 2824 δὲ
1406 2796 1442 2827 εἰς
1466 2797 1511 2825 τὸν
1527 2797 1646 2836 οὐρανὸν,
1663 2796 1789 2826 δεικνύων
1805 2799 1876 2836 ἡμῖν
