1949 3077
205 202 263 234 819

647 201 944 233 THEOPHYLACTI
968 201 1172 234 BULGARI/E
1184 202 1363 235 ARCHIEP.

1840 203 1895 234 820

206 270 343 302 Ostendit
366 270 464 310 itaque
478 268 557 309 quod
580 268 605 299 si
620 269 687 309 quis
710 268 835 299 voluerit
859 269 924 308 ejus
939 267 1026 299 disci-

1075 269 1114 297 ὅτι
1137 269 1162 298 εἴ
1184 281 1224 302 τις
1253 269 1322 299 ϐέλει
1350 271 1474 308 μαθητὴς
1507 271 1585 299 αὑτοῦ
1618 271 1700 308 εῖναι,
1725 270 1897 304 ἀποθνήσκει-ι

204 314 291 355 pulus
305 323 384 352 esse,
409 313 484 344 mori
506 313 597 344 debet
618 323 676 344 non
698 313 827 353 gloriosa
853 317 960 348 morte;
976 313 1029 345 sed

202 358 431 399 contemptibili,
448 362 477 389 et
492 358 568 389 sicut
582 358 798 389 condemnatus
823 358 930 389 occidi.
946 357 1028 394 Quo-

202 403 282 434 niam
293 407 390 434 autem
408 403 492 434 multi
507 403 705 443 ignominiosa
728 406 824 434 morte
841 403 1028 440 occiduntur,

202 450 256 481 sed
282 451 358 481 sicut
393 450 523 482 latrones
548 459 582 480 ac
619 450 840 487 malefactores,
871 454 1029 490 propterea

202 495 304 537 adjicit
316 496 384 537 hoc,
402 500 430 527 et
445 499 587 537 sequatur
603 505 662 533 me,
680 496 737 527 hoc
758 498 817 533 est,
833 505 952 527 omnem
967 496 1029 526 vir-

203 546 294 573 tutem
312 546 458 574 exerceat.
482 542 537 578 Qui
554 541 634 573 enim
651 541 780 573 voluerit
800 541 928 572 animam
945 551 1028 572 suam

202 596 331 625 servare,
350 587 454 628 perdet
467 587 560 624 illam,
579 587 636 618 hoc
650 590 705 624 est,
722 586 773 627 qui
788 586 915 618 voluerit
933 586 1031 618 vivere

198 632 284 672 juxta
305 632 461 669 mundum,
491 631 540 663 hic
568 631 678 662 occidit
705 632 847 662 animam.
874 631 1030 662 Erubescit

202 676 352 708 Christum
370 676 422 717 qui
435 676 529 708 dicit:
558 676 713 713 Quomodo
729 676 848 707 credam
873 676 903 707 in
927 675 1027 707 cruci-

203 721 292 752 ﬁxum
309 725 339 752 et
353 721 473 752 illusum
489 721 608 752 Deum?
622 725 652 752 et
672 729 828 752 sermones
853 721 933 752 illius
956 730 1028 752 eru-

203 765 307 807 bescit,
325 766 376 807 qui
390 765 539 806 Evangelii
554 765 774 806 simplicitatem
790 765 898 796 irridet
913 776 920 796 :
941 765 1028 797 talem

202 815 301 842 autem
316 810 474 842 erubescet
501 814 529 841 et
553 810 698 842 Dominus
715 810 745 840 in
769 810 862 850 gloria
886 819 950 845 sua,
972 811 1029 842 hoc

203 859 258 896 est,
275 854 306 886 in
322 855 453 886 secundo
469 855 609 886 adventu.
633 854 716 890 Quod
733 858 833 885 autem
849 855 933 892 dicit,
949 855 1028 886 hunc

1073 314 1171 354 ὀφείλει
1201 315 1249 343 οὒκ
1271 314 1373 348 ἔνδοξον
1404 315 1528 351 θάνατον,
1560 315 1620 343 ἀλλ’
1647 314 1837 351 ἐπονείδιστον,
1865 315 1896 346 ὡς

1072 360 1228 400 κατάκριτος
1244 360 1434 400 φονευόμενος.
1464 360 1540 390 Ἐπεὶ
1569 360 1596 389 δὲ
1625 359 1718 389 πολλοὶ
1749 360 1894 400 φονεύονται

1073 404 1120 442 μὲν
1141 404 1337 443 ἐπονειδίστως,
1361 405 1421 435 ἀλλ’
1445 406 1482 437 ὡς
1503 405 1599 444 λῃσταὶ
1623 406 1667 433 καὶ
1683 405 1838 441 κακοποιοὶ,
1859 403 1895 432 διὰ

1071 451 1147 478 τοῦτο
1169 450 1317 490 προσέθηκε
1348 452 1390 491 τὸ,
1422 451 1471 479 Καὶ
1492 450 1659 491 ἀκολουθείτο
1682 462 1741 488 μοι,
1765 449 1893 486 τουτέστι,

1071 498 1157 523 πᾶσαν
1180 487 1274 534 ἇρετὴν
1290 487 1472 535 perspicit-20m.
1501 487 1555 527 "0c
1581 495 1630 535 γὰρ
1647 487 1759 532 ἂννθέλῃ
1781 495 1831 527 την
1846 496 1894 531 ψυ-

1071 540 1126 580 χὴν
1155 540 1233 569 αὑτοῦ
1255 540 1349 577 σῶσαι,
1367 539 1492 569 ἀπολέσει
1516 540 1608 577 αὐτὴν,
1632 540 1782 579 τουτέστιν,
1811 539 1840 570 ὃς
1867 538 1896 566 ἂν

1071 584 1134 624 θέλῃ
1162 585 1239 620 ζῆσαι
1266 585 1335 613 κατὰ
1363 585 1475 623 κόσμον,
1516 586 1592 616 οὗτος
1631 584 1809 612 ἀποθανεῖται
1834 583 1896 611 κατά

1070 630 1173 669 ψυχήν.
1206 628 1415 669 Ἐπαισχύνεται
1441 629 1468 657 δὲ
1490 630 1535 657 τὸν
1553 630 1678 669 Χριστὸν,
1696 630 1709 657 ὁ
1724 628 1825 668 λέγων,
1847 626 1893 662 ὅτι,

1070 674 1131 705 Πῶς
1160 674 1293 702 πιστεύσω
1320 673 1512 712 ἐσταυρωμένῳ
1537 677 1595 711 Θεῷ
1627 674 1671 702 καὶ
1693 673 1895 713 ἐμπαιχθέντι,

1069 718 1138 748 ἆλλᾶ
1164 720 1207 747 καὶ
1235 719 1297 752 τοὺς
1320 718 1401 748 αὐτοῦ
1421 718 1517 758 λόγους
1540 719 1744 759 ἐπαισχύνεται,
1764 717 1778 746 ὃ
1792 717 1843 751 τὴν
1855 721 1896 746 τοῦ

1071 763 1231 803 Εὖαγγελίου
1255 762 1384 792 ῐδιωτείαν
1412 763 1551 802 διασύρων.
1584 766 1708 792 Τοιοῦτον
1740 763 1787 792 οὖν
1820 763 1896 790 ἔπαι-

1070 809 1249 848 σχυνθήσεται
1278 809 1292 837 ὁ
1315 809 1406 847 Κύριος
1434 808 1465 848 ἐν.
1493 812 1528 847 τῇ
1560 808 1622 847 δόξῃ
1645 809 1735 845 αὐτοῧ,
1769 806 1894 842 τουτέστι,

1069 844 1108 891 τῇ
1131 851 1238 892 δευτέρᾳ
1272 844 1412 892 παρουσίᾳ.
1448 844 1487 882 ”“ο
1516 844 1544 881 δὲ
1566 844 1638 892 λέγει
1671 852 1794 881 τοιοῦτον
1809 851 1893 879 ἔστιν’

203 909 324 931 sensum
341 899 452 931 habet:
474 900 551 930 sicut
566 899 591 930 si
613 899 680 940 quis
705 899 916 939 paterfamilias
941 899 1026 932 habet

1075 897 1174 937 Ὠσπερ
1202 897 1246 926 ἐάν
1272 909 1312 930 τις
1341 897 1532 931 οἰκοδεσπότης
1563 897 1617 938 ἔχῃ
1647 897 1741 926 δοῦλον
1770 896 1893 935 πονηρὸν,

202 953 321 976 servum
334 944 457 984 malum,
474 943 624 976 erubescit
638 945 794 975 nominare
808 944 893 975 illum
908 954 1026 976 servum

203 989 369 1030 proprium,
385 988 426 1020 ita
436 993 465 1020 et
478 998 545 1030 ego,
564 989 671 1029 inquit,
684 988 857 1021 erubescam
874 989 1029 1020 nominare

202 1043 318 1066 servum
335 1043 434 1065 meum
462 1043 529 1064 eum
544 1033 596 1074 qui
611 1033 803 1073 abnegaverit
824 1043 885 1064 me.
904 1033 938 1064 Et
961 1033 1030 1074 quia

201 1088 292 1120 supra
308 1079 407 1110 dixit:
435 1078 492 1114 Qui
516 1078 615 1119 perdit
639 1079 768 1109 animam
794 1087 890 1116 suam,
906 1078 1030 1110 salvabit

202 1123 282 1155 illam
297 1133 304 1154 :
321 1123 425 1154 volens
445 1127 611 1154 monstrare
627 1131 763 1163 quaenam
781 1121 860 1154 bona
876 1123 949 1154 tales
965 1133 1030 1154 me-

201 1172 334 1207 reantur,
355 1168 428 1199 dicit
445 1178 451 1199 :
478 1167 554 1199 Sunt
568 1167 638 1198 555
654 1167 774 1208 quidam
793 1176 827 1198 ex
843 1167 889 1198 his
911 1169 960 1208 qui
980 1168 1030 1199 hic

202 1218 280 1251 sunt,
299 1213 349 1255 qui
374 1222 433 1244 non
450 1212 618 1245 morientur
638 1212 734 1244 donec
757 1213 883 1244 viderint
903 1222 1027 1253 regnum

201 1259 268 1300 Dei,
287 1259 344 1290 hoc
370 1262 425 1296 est,
442 1258 580 1299 gloriam,
597 1258 626 1289 in
651 1266 710 1298 qua
733 1257 825 1288 futuri
850 1262 917 1288 sunt
940 1258 1026 1299 justi.

201 1304 263 1336 Hoc
276 1307 374 1336 autem
390 1303 463 1334 dixit
478 1302 516 1334 de
535 1301 795 1341 transfiguratione
811 1311 875 1333 sua.
892 1302 1026 1334 Transti-

201 1350 316 1389 guratio
334 1348 415 1379 enim
439 1348 535 1387 ﬁgura
555 1347 610 1377 fuit
633 1346 738 1377 futura:
759 1346 860 1385 gloriae
877 1356 884 1378 ε
911 1351 941 1378 et
952 1348 1028 1378 sicut

201 1394 231 1425 in
248 1394 303 1424 hac
318 1394 404 1424 Jesus
421 1391 597 1422 mirabiliter
616 1391 785 1430 fulguravit,
802 1391 843 1422 ita
857 1391 919 1431 pari
933 1391 1028 1423 forma

202 1444 271 1470 tunc
287 1442 316 1469 et
327 1437 399 1478 justi
415 1437 582 1476 fulgebunt.
595 1435 669 1467 Sunt
683 1436 771 1475 igitur
782 1436 1026 1477 quidam,ir.quit,

199 1485 341 1521 Joannes,
357 1481 486 1513 Jacobus
501 1485 531 1512 et
547 1482 663 1517 Petrus,
686 1480 736 1521 qui
761 1490 820 1511 non
841 1490 1029 1522 prmoccupa.

200 1528 310 1560 buntur
326 1532 431 1564 morte,
449 1527 545 1557 donec
560 1525 688 1557 viderint
704 1526 735 1556 in
753 1535 812 1566 qua
826 1525 920 1566 gloria
935 1525 1027 1558 futuri

200 1577 270 1604 sunt
285 1572 335 1613 qui
348 1581 395 1603 me
410 1560 599 1602 conﬁtentur.
623 1560 773 1602 Viderunt
795 1560 893 1602 autem
917 1571 972 1602 hoc
995 1560 1056 1602 inc

200 1617 470 1657 transﬁguratione.

239 1662 331 1694 Vsus.
349 1661 471 1694 28-36.«
483 1661 604 1692 Factum
618 1665 662 1692 est
673 1666 770 1692 autem
785 1664 852 1701 post
862 1661 925 1692 haec
937 1661 1026 1692 verba

198 1707 261 1740 fere
276 1706 382 1738 diebus
393 1710 471 1745 octo,
484 1709 513 1737 et
527 1706 689 1746 assumpsit
703 1706 822 1736 Petrum
836 1709 865 1736 et
880 1706 1024 1737 Joannem

200 1756 228 1784 et
241 1751 399 1788 Jacobum,
416 1755 445 1782 et
458 1750 593 1782 ascendit
609 1750 639 1781 in
657 1754 789 1781 montem
805 1754 837 1781 ut
852 1754 962 1781 oraret.
988 1751 1027 1784 Et

199 1797 275 1829 facta
289 1800 345 1834 est,
362 1796 432 1827 dum
450 1799 558 1834 oraret,
577 1796 693 1836 species
712 1795 809 1826 vultus
834 1795 898 1835 ejus
912 1795 979 1836 alia,
997 1799 1027 1827 et

198 1841 320 1873 vestitus
335 1841 400 1882 ejus
412 1840 498 1872 albus
520 1846 550 1871 et
573 1840 735 1881 refulgens.
753 1839 789 1871 Et
813 1849 884 1871 ecce
899 1840 957 1871 duo
973 1839 1026 1871 viri

199 1885 395 1928 loquebantur
410 1895 478 1916 cum
503 1885 567 1923 illo,
584 1885 633 1926 qui
658 1889 744 1916 erant
768 1886 863 1916 Moses
888 1890 916 1916 et
932 1885 1025 1922 Elias,

198 1932 248 1973 qui
264 1931 319 1963 visi
331 1931 362 1962 in
374 1931 526 1971 majestate
539 1930 679 1961 dicebant
693 1939 848 1961 excessum
862 1929 926 1970 ejus
937 1939 1025 1971 quem

197 1977 400 2018 completurus
410 1977 593 2008 erat.Petrus
604 1984 674 2006 vero
687 1980 716 2007 et
725 1976 774 2015 qui
787 1984 853 2006 cum
866 1975 917 2006 illo
929 1980 1022 2011 erant,

197 2021 306 2062 gravati
322 2025 406 2052 erant
423 2029 541 2052 somno.
569 2019 741 2060 Experrecti
766 2023 865 2051 autem
887 2019 1027 2051 viderunt

198 2067 384 2108 majestatem
401 2066 478 2106 ejus,
495 2070 524 2095 et
548 2064 623 2095 duos
648 2064 725 2096 viros
749 2064 800 2104 qui
819 2067 939 2095 stabant
956 2073 1024 2097 cum

197 2111 260 2144 illo.
277 2112 316 2143 Et
338 2111 446 2142 factum
472 2113 517 2141 est
541 2118 608 2140 cum
633 2108 823 2140 discederent
846 2108 883 2140 ab
906 2108 970 2147 illo,
985 2109 1027 2141 ait

196 2158 302 2188 Petrus
317 2156 355 2187 ad
371 2156 483 2196 Jesum,
508 2155 687 2195 Praeceptor,
715 2153 827 2185 bonum
850 2157 895 2185 est
909 2163 964 2185 nos
977 2153 1027 2185 hic

196 2211 272 2240 esse,
289 2205 318 2233 et
332 2200 476 2232 faciamus
498 2199 555 2231 tria
577 2199 769 2230 tabernacula
787 2208 879 2230 unum
904 2198 968 2237 tibi,
997 2203 1026 2231 et

196 2256 287 2278 unum
303 2247 389 2284 Mosi,
403 2250 432 2278 et
447 2254 539 2277 unum
555 2244 637 2283 Eliaz,
656 2244 796 2276 nesciens
807 2243 877 2285 quid
894 2244 1022 2277 diceret.

194 2293 263 2325 Haec
273 2297 371 2324 autem
383 2291 582 2333 illoloquente
591 2292 667 2323 facta
683 2296 729 2323 est
744 2290 851 2328 nubes,
871 2294 900 2322 et
916 2290 1023 2323 obum-

194 2338 291 2370 bravit
305 2347 368 2369 eos.
395 2336 573 2368 Timuerunt
588 2341 687 2368 autem
709 2335 892 2368 intrantibus
911 2335 970 2367 illis
992 2337 1022 2368 in

194 2383 303 2415 nubem
320 2393 327 2415 :
345 2387 376 2414 et
388 2391 443 2414 vox
459 2382 535 2414 facta
547 2386 592 2414 est
603 2382 642 2414 de
657 2381 748 2420 nube,
765 2381 872 2413 dicens
889 2389 895 2412 :
912 2379 965 2412 Hic
977 2385 1023 2412 est

191 2428 284 2460 Filius
301 2437 384 2459 meus
399 2428 535 2464 dilectus,
552 2427 650 2469 ipsum
667 2427 779 2458 audite.
797 2425 834 2457 Et
848 2425 918 2456 dum
935 2425 1023 2457 ﬁeret

191 2482 257 2512 vox,
271 2472 408 2504 inventus
420 2476 466 2504 est
483 2473 570 2504 Jesus
584 2472 676 2513 solus,
695 2475 725 2503 et
739 2471 796 2512 ipsi
809 2474 977 2511 tacuerunt,
993 2474 1023 2502 et

193 2518 304 2549 nemini
319 2518 459 2549 dixerunt
476 2517 507 2549 in
523 2517 581 2549 illis
605 2517 710 2549 diebus
737 2515 900 2557 quidquam
918 2524 953 2546 ex
977 2515 1024 2547 his

191 2572 257 2604 quae
270 2562 418 2595 viderant.
438 2575 451 2591 ιι
470 2563 627 2595 Matthaaus
643 2562 716 2593 dicit
731 2570 782 2592 sex
800 2560 866 2591 dies
879 2560 1022 2592 transisse

190 2612 257 2649 post
271 2617 426 2640 sermones
440 2608 506 2649 hos,
533 2610 565 2640 et
589 2611 660 2639 tunc
683 2608 784 2639 Jesum
801 2604 975 2636 ascendisse
989 2606 1021 2637 in

189 2657 332 2685 montem.
349 2654 443 2685 Lucas
458 2657 557 2684 autem
576 2652 648 2684 dicit
673 2656 740 2683 octo
766 2649 920 2681 transisse.
947 2649 1019 2682 Nam

187 2698 238 2730 ille
253 2699 331 2730 solas
346 2698 412 2730 dies
423 2697 619 2730 intermedias
632 2696 725 2728 dicit:
744 2695 837 2727 Lucas
849 2698 947 2725 autem
960 2705 1021 2727 non

186 2743 382 2776 intermedias
398 2743 489 2781 solas,
505 2742 557 2774 sed
577 2746 607 2773 et
622 2742 701 2773 diem
718 2750 776 2782 qua
790 2739 862 2771 dicti
875 2743 1020 2771 sumser-

186 2798 292 2820 mones
307 2789 362 2826 illi,
379 2793 410 2820 et
433 2787 513 2819 diem
539 2797 595 2828 qua
619 2787 695 2818 facta
717 2790 763 2818 est
785 2784 1015 2825 transfiguratio.

185 2833 353 2874 Assumpsit
374 2835 472 2864 autem
499 2835 559 2863 tres
584 2831 664 2863 solos
682 2842 689 2863 :
715 2833 848 2869 Petrum,
866 2832 968 2874 utpote
983 2839 1016 2862 se

1070 943 1224 982 αἰσχύνεται
1249 942 1377 979 ὀνομάσαι
1401 946 1494 971 τοῦτον
1519 942 1611 971 δοῦλον
1626 943 1739 979 οἰκεῖον,
1765 941 1835 970 οὕτω
1856 940 1894 968 καὶ

1070 987 1136 1027 ἐγὼ,
1153 988 1243 1027 φησὶν,
1260 988 1471 1027 αἰσχυνθήσομαι
1487 987 1617 1026 ὀνομάσαι
1637 986 1730 1015 δοῦλον
1752 986 1829 1027 ἐμὸν,
1854 985 1895 1012 τὸν

1071 1031 1255 1071 ἀρνησάμενόν
1282 1043 1327 1070 με,
1365 1032 1441 1061 Ἐπεὶ
1468 1031 1496 1059 δὲ
1526 1032 1603 1060 εἶπεν
1633 1031 1701 1071 ἅνω,
1728 1031 1770 1059 ὅτι
1801 1024 1854 1060 U0C
1869 1027 1894 1055 ἃν

1071 1077 1191 1116 ἀπολέσῃ
1207 1078 1257 1112 τὴν
1272 1078 1362 1118 ψυχὴν
1379 1077 1467 1114 αὐτοῦ,
1487 1077 1567 1105 σώσει
1594 1077 1688 1116 αὐτὴν,
1703 1075 1789 1104 θέλων
1805 1073 1894 1111 δείξαι,

1071 1123 1153 1151 ποίων
1175 1123 1280 1162 ἀγαθῶν
1309 1122 1488 1155 κατεξιοῦνται
1513 1123 1536 1150 οἱ
1555 1125 1684 1162 τοιοῦτοι,
1707 1121 1790 1161 φησίν
1807 1129 1814 1135 '
1845 1118 1895 1146 Εἰσί

1070 1177 1138 1199 τινες
1154 1171 1207 1196 τῶν
1223 1166 1286 1207 ὦδε,
1303 1170 1333 1195 οὗ
1353 1169 1382 1196 οὗ
1395 1167 1434 1205 μὴ
1447 1166 1614 1195 ἀποθάνωσιν
1629 1166 1680 1198 ἕως
1696 1166 1728 1194 ἂν
1750 1164 1828 1193 ἴδωσι
1850 1162 1894 1195 τὴν

1070 1212 1204 1250 βασιλείαν
1233 1216 1280 1241 τοῦ
1299 1216 1376 1251 Θεοῦ,
1398 1211 1530 1248 τουτέστι,
1558 1212 1607 1245 τὴν
1628 1210 1706 1244 δόξαν
1728 1211 1757 1239 ἐν
1783 1210 1801 1243 ἡ
1831 1207 1893 1245 μέλ-

1070 1256 1160 1286 λουσιν
1188 1257 1292 1286 ἕσεσθαι
1323 1259 1347 1285 οἱ
1368 1257 1475 1286 δίκαιοι.
1498 1260 1581 1285 Τοῦτο
1609 1256 1637 1284 δὲ
1667 1257 1730 1285 εἷπε
1762 1255 1821 1294 περὶ
1847 1255 1891 1285 τῆς

1069 1302 1312 1343 μεταμορφώσεως.
1358 1297 1389 1331 Ἠ
1428 1303 1478 1341 γὰρ
1508 1301 1713 1341 μεταμόρφωσις
1754 1301 1834 1331 τύπος
1859 1297 1888 1331 ἦν

1069 1350 1118 1381 τῆς
1149 1347 1299 1381 μελλούσης
1314 1347 1368 1377 ἅνω
1383 1346 1472 1383 δόξης,
1490 1348 1534 1374 καὶ
1548 1346 1638 1386 ὥσπερ
1655 1348 1684 1374 ἒν
1698 1346 1786 1383 ταύτῃ
1800 1343 1890 1382 ἤστρα-

1069 1394 1119 1430 ψεν
1143 1393 1157 1420 ὁ
1188 1392 1290 1425 Ἰησοῦς
1317 1391 1480 1431 παραδόξως,
1511 1391 1594 1422 οὕτως
1623 1390 1765 1429 ἀναλόγως
1795 1388 1853 1416 τότε
1869 1392 1888 1418 οἳ

1068 1436 1162 1466 δίκαιοι
1191 1437 1351 1475 λάμψουσιν,
1377 1437 1447 1465 Εἰσὶν
1471 1437 1527 1473 οὖν,
1554 1436 1630 1476 φησὶ,
1646 1436 1728 1475 τινὲς,
1758 1434 1888 1469 Ἰωάννης,

1070 1482 1167 1522 Πέτρος
1193 1482 1238 1510 καὶ
1266 1480 1404 1517 Ἰάκωϐος,
1427 1482 1454 1508 οἳ
1477 1483 1506 1510 οὗ
1528 1481 1568 1518 μή
1590 1481 1724 1521 φθάσωσιν
1742 1480 1888 1513 ἀποθανεῖν,

1069 1530 1120 1562 ἕως
1149 1529 1179 1557 ἂν
1205 1528 1297 1557 ἴδωσιν
1328 1531 1354 1557 ἐν
1383 1529 1445 1564 ποίᾳ
1477 1527 1539 1567 δόξῃ
1563 1528 1666 1556 ἔσονται
1692 1528 1715 1556 οἱ
1732 1527 1783 1565 ἐμὲ
1798 1523 1890 1562 ὁμολο-

1068 1575 1186 1614 γοῦντες,
1217 1573 1315 1603 "ldum
1342 1573 1367 1601 δὲ
1383 1577 1459 1601 τοῦτο
1480 1575 1509 1601 εν
1526 1576 1564 1610 τῷ
1579 1575 1664 1612 καιρῷ
1685 1575 1735 1605 τῆς
1761 1579 1890 1609 μεταμορ-

1068 1620 1177 1660 φώσεως
1183 1643 1189 1651 .

1112 1675 1123 1693 α
1148 1664 1272 1704 Ἐγένετο
1300 1663 1327 1691 δὲ
1357 1664 1424 1701 μετὰ
1437 1664 1498 1695 τοὺς
1511 1663 1604 1702 λόγους
1620 1662 1729 1694 τούτους
1746 1662 1811 1690 ὡσεὶ
1825 1661 1888 1698 ἠμέ-

1068 1721 1110 1750 ραι
1139 1710 1220 1746 ὀκτὼ,
1250 1710 1294 1737 καὶ
1333 1707 1495 1747 παραλαϐὼν
1538 1708 1646 1748 Πέτρον,
1683 1708 1726 1736 καὶ
1755 1705 1887 1745 Ἰωάννην,

1067 1756 1111 1784 καὶ
1141 1752 1276 1793 Ἰάκωϐον,
1299 1752 1380 1787 ἀνέϐη
1406 1754 1442 1784 εἰς
1471 1754 1500 1781 ea
1525 1752 1584 1788 ὅρος
1612 1752 1816 1792 προσεύξασθαι.
1845 1750 1888 1780 Καὶ

1068 1799 1183 1838 ἐγένετο,
1214 1799 1240 1827 ἐν
1272 1801 1310 1835 τῷ
1340 1797 1533 1838 προσεύχεσθαι
1560 1800 1651 1834 αυτὸν,
1687 1799 1716 1825 τὸ
1754 1795 1827 1828 εἶδος
1847 1797 1888 1823 τοῦ

1068 1844 1210 1884 προσώπου
1239 1843 1318 1872 αὐτοῦ
1338 1843 1438 1882 ἕτερον,
1461 1843 1504 1870 καὶ
1526 1843 1540 1870 ὁ
1561 1843 1703 1881 ἱματισμὸς
1726 1842 1809 1870 «inoo
1831 1839 1888 1868 λευ-

1068 1889 1115 1920 κὸς
1144 1887 1340 1927 ἰξαστράπτων.
1373 1888 1420 1916 Καὶ
1448 1886 1502 1915 ἱδου
1531 1886 1621 1926 ἄνδρες
1662 1887 1706 1916 δύο
1736 1885 1888 1916 συνελάλουν

1067 1933 1151 1970 αὐτῷ,
1180 1932 1279 1964 οἵτινες
1304 1932 1372 1966 ἦσαν
1396 1934 1495 1965 Μωσῆς
1523 1933 1568 1960 καὶ
1587 1928 1691 1972 Ἠλίας,
1715 1933 1743 1960 οἳ
1775 1930 1888 1971 ὀφθέντες

1066 1979 1093 2006 ιν
1122 1977 1195 2018 δόξῃ,
1222 1977 1313 2017 ἔλεγον
1341 1977 1390 2010 τὴν
1412 1976 1498 2018 ἕδοξον
1523 1978 1615 2014 αὖτοῦ,
1637 1977 1670 2012 ἢν
1699 1976 1798 2015 ἔμελλε
1826 1974 1887 2006 πλη-

1065 2027 1127 2062 ροῦν
1156 2017 1192 2051 ἑνί
1214 2018 1399 2062 Ἰερουσαλήμ..
1425 2017 1453 2050 10
1479 2020 1506 2049 δὲ
1532 2022 1628 2062 Πέτρος
1642 2023 1686 2050 καὶ
1700 2023 1723 2050 οἱ
1750 2022 1795 2050 σὺν
1811 2019 1885 2056 αὗτῷ,

1067 2067 1135 2101 ἦσαν
1159 2066 1338 2106 βεϐαρημένοι
1370 2066 1454 2103 ὕπνῳ.
1489 2067 1756 2106 Διαγρηγορήσαντες
1787 2064 1824 2102 δὲ,
1852 2064 1886 2090 εἷ-

1067 2112 1111 2140 δον
1144 2113 1192 2147 τὴν
1227 2111 1301 2145 δόξαν
1332 2111 1420 2142 αὑτοῦ.
1456 2112 1504 2140 Καὶ
1533 2113 1593 2144 τοὺς
1630 2111 1673 2140 δύο
1708 2110 1803 2151 ἄνδρας
1831 2108 1885 2139 τιτὶκ

1067 2161 1231 2190 συνεστῶτας
1255 2158 1326 2194 αὺτῷ
1343 2165 1349 2172 ·
1380 2157 1423 2185 καὶ
1447 2156 1551 2196 ἐγένετο
1580 2157 1607 2185 ἰν
1628 2160 1666 2194 τῷ
1687 2155 1884 2197 διαχωρίζεσθαι

1066 2202 1160 2235 αὐτοὺς
1190 2201 1237 2231 ἀπ’
1263 2202 1353 2242 aii-.05,
1380 2204 1456 2229 εἶπεν
1472 2203 1485 2230 ὁ
1501 2201 1599 2242 Πέτρος
1613 2203 1678 2241 πρὸς
1692 2202 1739 2230 τὸν
1763 2201 1861 2234 Ἰησοῦν
1876 2206 1882 2213 '

1036 2233 1095 2258 υἱ..
1172 2247 1178 2255 ο
1288 2247 1318 2258 \I
1345 2233 1409 2258 ll,,
1467 2247 1474 2258 <
1506 2250 1519 2255 ~
1555 2233 1602 2258 Iv;
1635 2233 1662 2258 Iv
1777 2247 1784 2254 ι

1078 2247 1225 2288 Emerita,
1252 2247 1334 2276 καλόν
1363 2246 1435 2275 ἐστιν
1463 2247 1534 2284 ἡμᾶς
1566 2246 1616 2275 ὧδε
1634 2247 1716 2283 εἶναι,
1740 2247 1786 2274 καὶ
1808 2245 1883 2277 ποιή-

1066 2303 1155 2330 σωμεν
1182 2293 1281 2326 σκηνὰς
1309 2298 1394 2332 τρεῖς,
1425 2291 1486 2329 μίαν
1513 2294 1565 2328 σοὶ,
1582 2293 1626 2320 καὶ
1641 2293 1703 2330 μίαν
1719 2294 1822 2327 Μωσεϊ,
1845 2289 1884 2315 καὶ

1065 2337 1128 2376 μίαν
1157 2336 1244 2375 Ἠλίᾳ,
1276 2337 1315 2375 μὴ
1337 2337 1411 2368 εἰδὼς
1434 2337 1448 2364 ὃ
1469 2336 1539 2375 λέγει
1584 2341 1670 2366 Ταῦτα
1692 2336 1719 2365 δὲ
1750 2336 1828 2364 αὐτοῦ
1841 2332 1882 2361 λέ-

1064 2393 1169 2422 γοντος,
1185 2382 1289 2421 ἐγένετο
1313 2380 1410 2421 νεφέλη
1433 2382 1476 2409 καὶ
1498 2380 1654 2410 ἐπεσκίασεν
1680 2381 1785 2411 αὺτούς.
1810 2378 1882 2417 Ἐρο-

1066 2426 1187 2462 ϐήθησαν
1217 2426 1245 2455 δὲ
1273 2427 1300 2455 ἐν
1327 2429 1366 2463 τῷ
1388 2426 1500 2459 ἐκείνους
1531 2426 1661 2455 εἰσελθεῖν
1688 2427 1724 2458 εἷς
1746 2426 1795 2459 τὴν
1810 2422 1879 2463 νεφέ-

1064 2472 1128 2512 λην,
1155 2473 1199 2501 καὶ
1226 2473 1302 2513 φωνὴ
1331 2472 1435 2512 ἐγένετο
1469 2474 1500 2500 ὲκ
1528 2472 1576 2506 τῆς
1607 2471 1731 2512 νεφέλης,
1762 2470 1876 2508 λέγουσι·

1064 2518 1146 2551 οὗτός
1174 2517 1245 2546 ἐστιν
1259 2519 1273 2546 ὁ
1291 2518 1350 2549 Υἱός
1376 2529 1427 2554 μου
1458 2518 1471 2545 ὁ
1494 2517 1646 2557 ἀγαπητὸς,
1672 2519 1750 2546 αὒτού
1764 2514 1875 2543 ἀκούετε.

1064 2564 1113 2592 Καὶ
1140 2562 1168 2591 ἐν
1198 2564 1236 2600 τῷ
1264 2563 1383 2602 γενέσθαι
1412 2562 1462 2596 τὴν
1489 2563 1591 2602 φωνὴν,
1619 2562 1709 2601 εἰ)ρὲοη
1738 2562 1752 2589 ὸ
1780 2560 1874 2592 Ἰησοῦς

1064 2609 1156 2646 μόνος,
1187 2610 1230 2637 καὶ
1265 2609 1338 2638 αὐτοὶ
1365 2608 1502 2648 ἐσίγησαν,
1539 2609 1583 2637 καὶ
1609 2607 1691 2637 οὒὲενὶ
1719 2603 1874 2644 ἀπήγγειλαν

1062 2653 1090 2681 ἐν
1127 2654 1238 2686 ἐκείναις
1269 2661 1328 2684 ταῖς
1358 2654 1470 2692 ἡμέραις
1502 2653 1574 2683 οὐδὲν
1612 2655 1649 2681 ὧν
1677 2652 1831 2690 ἑωρέκασιν.
1861 2658 1871 2674 ³

1065 2693 1093 2728 Ὀ
1118 2700 1166 2737 μὲν
1194 2701 1330 2731 Ματθαῒος
1369 2698 1394 2732 ἓξ
1438 2699 1537 2739 ἡμέρας
1573 2700 1638 2738 φησὶ
1672 2697 1783 2726 διελθεῖν
1816 2693 1874 2728 μετά

1061 2744 1122 2776 τοὺς
1150 2743 1245 2784 λόγους
1267 2745 1387 2784 τούτους,
1405 2744 1449 2773 καὶ
1479 2744 1540 2772 τότε
1568 2744 1614 2772 τὸν
1636 2743 1739 2777 Ἰησοῦν
1765 2739 1873 2769 ἀνελθεῖν

1060 2789 1097 2821 εἰς
1111 2789 1141 2818 τὸ
1168 2789 1241 2830 ὅρος,
1257 2792 1360 2822 Λουκᾶς
1375 2789 1402 2817 δὲ
1419 2789 1489 2818 ὀκτώ
1506 2801 1571 2830 φησι
1596 2788 1719 2825 διελθεῖν,
1737 2789 1781 2818 τὰς
1795 2794 1872 2830 tu":

1059 2832 1086 2866 ξὺ
1101 2827 1189 2872 μόνας·
1212 2833 1314 2874 ἡμέρας
1342 2834 1415 2875 λέγει
1431 2843 1439 2851 ⁸
1465 2827 1568 2866 Λουκᾶς
1597 2833 1638 2874 δὲ,
1659 2834 1689 2862 οὖ
1710 2834 1756 2865 τὰς
1785 2827 1872 2875 μεταξν

184 2878 369 2918 diligentem,
381 2878 526 2908 Joannem
543 2881 655 2918 autem,
672 2881 702 2908 ut
717 2886 784 2908 eum
799 2884 888 2916 quem
903 2873 1014 2914 dilige-

1075 2878 1151 2911 ιόνας,
1182 2879 1250 2908 ἀλλὰ
1269 2873 1322 2908 καὶ
1350 2873 1398 2914 την
1426 2880 1527 2919 ἡμέραν
1549 2878 1606 2908 καθ’
1630 2873 1668 2913 γῆν
1690 2878 1834 2918 ἒλέιθησπν
1850 2873 1868 2900 οἱ
