1949 3077
199 176 253 210 831

683 177 980 209 THEOPHYLACTI
1003 175 1209 208 BULGARUE
1232 178 1409 210 ARCHIEP.

1835 179 1888 210 83?

199 245 296 272 turum
310 253 317 274 :
331 242 444 274 idcirco
458 242 577 283 repellit
595 251 662 273 eum
679 241 835 280 Dominus,
847 242 932 284 quasi
956 247 968 273 tt

1117 253 1148 271 κον
1170 243 1349 282 ἐπαγόμενον,
1371 243 1504 284 ἐνόμισεν,
1521 243 1562 273 ὅτι
1576 244 1629 273 ἀπὸ
1644 245 1742 274 τούτων
1760 246 1886 285 mpura

198 286 300 317 dicens
311 288 338 318 ei
355 296 361 318 :
375 286 419 318 Tu
436 287 554 328 quidem
570 291 654 327 putas
669 287 747 328 quod
764 288 920 327 pecuniam
938 287 1025 318 colle-

197 334 297 362 cturus
313 333 364 369 sis,
383 332 407 363 si
422 342 468 363 me
484 333 630 373 sequaris.
646 336 675 363 et
701 333 780 373 quod
801 334 858 364 vita
876 342 941 363 mea
960 332 1026 363 talis

197 375 235 405 sit
251 385 338 416 quam
354 377 446 408 doceo
462 378 513 408 sed
533 387 590 407 non
602 377 823 408 est.Enimvcro
840 387 934 418 usque
949 377 1024 408 adeo

196 425 397 460 paupertatem
413 421 506 452 doceo
525 426 553 452 et
565 421 686 459 induco,
701 426 732 452 ut
751 431 818 453 cum
830 421 888 453 alia
903 422 1022 462 quidem

197 465 339 497 animalia
353 466 452 497 foveas
467 466 606 502 habeant,
625 476 678 506 ego
694 475 731 497 ne
742 467 862 498 domum
888 466 1021 507 quidem,

196 514 225 539 et
237 510 279 540 sic
292 510 376 541 illum
389 511 498 551 repulit
527 511 624 542 Alium
641 515 738 542 autem
758 511 807 551 qui
824 521 883 542 non
898 520 1021 550 rogave-

196 559 251 591 rat,
267 556 410 595 permittit
430 556 535 596 sequi:
555 561 665 586 etcum
694 560 808 595 peteret
836 560 867 586 ut
892 556 975 587 abire
994 552 1022 587 ei

196 599 310 636 liceret,
340 605 369 631 et
395 600 526 640 sepelire
554 606 668 641 patrem
695 601 761 631 541
794 610 892 640 suum,
910 601 937 631 ei
963 610 1022 631 non

194 644 345 681 concedit,
362 644 466 676 dicens
482 655 488 676 :
506 645 577 676 Sine
590 648 721 676 mortuos
745 646 875 686 sepelire
891 650 1023 676 mortuos

194 697 336 729 suns,qno
348 690 478 720 insinuat
493 690 681 721 incredulum
693 690 786 721 fuisse
802 695 914 731 patrem
930 690 1021 727 illius,

194 738 222 763 et
236 739 395 772 prOpIerea
410 734 563 774 indignum
577 735 662 775 cujus
677 744 778 766 curam
800 739 918 774 gereret
944 735 1022 766 ﬁlius

192 777 241 818 qni
256 778 434 809 crediderat.
454 778 525 810 Sine
541 780 620 810 enim
650 784 782 810 mortuos
798 784 950 819 cognatos,
966 779 1022 810 hoc

194 823 429 861 estincredulos,
445 824 593 854 increduli
619 825 711 864 patris
727 834 826 855 curam
853 833 970 863 gerere.
992 829 1021 856 et

192 866 274 897 illum
293 877 413 907 pascere
424 878 516 909 usque
529 869 564 900 ad
583 869 775 909 sepulturam.
793 869 925 909 Sepelire
941 869 1019 900 enim

192 910 249 942 hoc
260 912 325 943 loco
340 912 487 952 signiﬁcat
503 923 603 944 curam
620 923 724 954 gerere
735 923 829 955 usque
841 914 877 944 ad
889 914 1020 953 sepultu-

190 963 253 986 ram
273 965 280 988 :
295 957 364 997 quia
378 962 406 988 et
422 959 590 989 communis
605 958 703 989 sermo
722 958 761 989 ita
776 958 874 996 habet,
890 967 956 988 cum

669 968 703 988 no
722 958 761 989 ita
776 958 874 996 habet,
890 967 956 988 cum
971 957 1017 988 di-
1031 965 1049 990 Β
1060 959 1120 990 τοὺς
1157 959 1262 998 νεκροὺς
1291 965 1438 999 συγγενεῖς,

192 1000 296 1038 cimus,
314 1001 364 1032 ille
379 1003 458 1033 ﬁlius
483 1003 599 1043 sepeliit
619 1008 731 1043 patrem
748 1013 911 1043 suum,non
929 1002 1018 1034 intel-

190 1044 309 1084 ligimus
320 1047 397 1087 quod
414 1052 526 1078 tantum
543 1047 788 1087 sepelieriteum,
805 1052 833 1078 et
857 1047 930 1078 nihil
948 1046 1018 1078 boni

188 1088 266 1120 aliud
282 1090 326 1120 illi
339 1091 452 1125 fecerit.
472 1092 524 1123 sed
537 1093 613 1132 quod
627 1091 799 1132 diligentem
823 1092 887 1132 ejus
915 1101 1015 1122 curam

188 1134 323 1167 habuerit
340 1141 476 1177 usquead
491 1142 617 1168 mortem
631 1141 658 1168 et
671 1136 962 1177 sepulturamlgilur
975 1136 1015 1167 illi

188 1179 307 1219 quidem
325 1181 444 1218 mortui,
459 1182 514 1212 hoc
530 1185 575 1213 est
590 1181 752 1218 increduli,
771 1181 916 1222 sepeliant
933 1191 1015 1212 mor—

191 1227 271 1254 tuum
290 1234 388 1262 suum,
405 1226 473 1257 dico
499 1230 611 1266 patrem
643 1230 737 1257 tuum.
760 1226 804 1257 Tu
833 1231 929 1257 autem
947 1226 1017 1265 quia

188 1269 352 1310 credidisti,
363 1271 504 1302 annuntio
534 1271 613 1302 velut
629 1281 713 1301 meus
729 1271 864 1311 dispulus
879 1271 1016 1311 Evange-

189 1313 260 1344 lium
272 1314 404 1346 DeiJloc
414 1320 512 1346 autem
524 1316 598 1346 dixit
609 1316 765 1350 Dominus,
779 1325 837 1346 non
854 1315 1017 1355 prohibens

187 1368 241 1390 nos
256 1359 290 1389 ah
310 1359 425 1390 alendis
453 1360 636 1400 parentibus,
664 1360 716 1390 sed
737 1360 848 1391 docens
874 1360 1015 1400 pietatem

189 1403 572 1443 praeferendamincredulis
581 1405 802 1445 parentibus,eo
811 1405 889 1446 quod
903 1405 1015 1435 nullum

189 1448 226 1478 ad
243 1448 381 1480 virtutem
396 1449 581 1480 obstaculum
596 1459 662 1481 esse
678 1449 785 1481 debeat
802 1460 808 1480 :
827 1454 855 1480 et
877 1454 1014 1480 contem-

188 1493 317 1524 nendam
333 1494 419 1525 etiam
437 1499 570 1525 naturam
590 1494 824 1535 propriam,ideo
842 1494 954 1534 petenti
965 1504 1014 1525 se-

189 1538 239 1578 qui
258 1538 353 1575 illum,
369 1539 452 1579 prius
471 1544 569 1570 autem
595 1539 767 1570 renuntiare
789 1539 835 1569 his
852 1549 918 1579 quae
933 1539 1013 1570 domi

187 1591 322 1620 suae,non
331 1584 537 1623 (-oncessit,ire
544 1583 693 1614 scilicetin
702 1583 822 1614 domum
832 1592 913 1614 suam
921 1588 960 1622 ,et
969 1593 1014 1614 re-

1067 286 1188 327 συλλέγει
1215 289 1242 330 ὁ,
1265 288 1371 329 Κύριος,
1415 289 1460 317 καὶ
1487 289 1555 326 ᾤετο
1570 290 1614 318 καὶ
1629 289 1719 330 αὐτὸς,
1735 290 1758 318 εἰ
1775 290 1886 320 ἀκολου·
1934 311 1935 314 η

1066 333 1140 367 θήσει
1168 335 1206 370 τῷ
1236 329 1334 371 Ἰησοῦ,
1371 340 1532 373 συναγαγεῖν
1565 329 1716 375 χρήματα,
1736 334 1784 363 διὰ
1816 336 1886 365 τῶτο

1067 378 1110 406 οὖν
1140 378 1316 418 ἀποκρούεται
1351 379 1429 408 αὐτὸν
1459 380 1473 407 ὁ
1504 378 1608 418 Κύριος,
1639 380 1786 420 μονοιουχὶ
1807 379 1887 419 λέγων

1067 424 1137 452 αὑτῶ
1165 424 1284 451 ¹ιοιαπὲῐττλι·
1324 423 1361 451 Σὺ
1389 423 1438 461 μὲν
1466 424 1581 461 νομίζεις
1610 425 1739 464 χρήματα
1774 424 1887 458 συνάξειν

1064 467 1117 495 ἀπὸ
1146 469 1192 496 τοῦ
1226 466 1381 496 ἀκολουθεῖν
1409 467 1480 506 ἐμοὶ,
1496 468 1549 496 οἴει
1563 469 1613 508 γὰρ
1634 468 1674 497 ὅτι
1696 470 1710 497 ὁ
1739 469 1806 506 ἐμὸς
1834 470 1886 507 βίος

1063 512 1182 544 τοιοῦτός
1209 513 1293 550 ἔστιν,
1323 511 1384 541 ἀλλ’
1412 513 1463 553 οὐχ
1497 512 1581 546 οὕτως
1605 513 1675 554 ἔχει.
1692 517 1826 543 τοσοῦτον
1840 514 1885 553 γὰρ

1063 556 1200 596 πτωχείαν
1228 557 1385 596 εἰσηγοΰμαι
1412 558 1456 586 καὶ
1485 556 1610 595 διδάσκω,
1646 558 1714 586 ὥστε
1729 557 1817 587 τᾶλλα
1842 559 1886 596 μὲν
1934 558 1935 563 ¹

1063 603 1119 636 ζῶα
1153 599 1271 640 φωλεοὺς
1302 601 1386 642 ἔχειν,
1414 601 1463 639 ἐμὲ
1493 601 1521 630 δὲ
1556 602 1625 640 μηδὲ
1655 603 1750 640 οὶκίαν,
1767 604 1886 632 καὶτοῦ·
1934 622 1935 642 ξ

1063 655 1109 673 τον
1145 645 1194 683 μὲν
1223 645 1305 678 οὕτως
1341 646 1534 685 ἀπεκρούσατο.
1553 646 1652 687 Ἐτέρῳ
1672 646 1699 675 δέ
1713 647 1785 685 μηδέ
1808 647 1886 680 ἀξιώ-
1934 682 1935 686 η

1063 700 1138 718 σαντι
1175 689 1308 730 ἐπιτρέπει
1335 691 1366 720 τὸ
1393 691 1563 720 ἀκολουθεῖν’
1588 696 1635 721 τοῦ
1655 691 1683 720 δὲ
1708 692 1885 731 αἶτησαμένου

1063 734 1192 763 ἀπελθεῖν
1221 736 1266 764 καὶ
1298 736 1380 777 θάψαι
1410 736 1456 765 τὸν
1477 735 1579 772 πατέρα
1593 737 1683 774 αὖτοῦ,
1702 737 1733 765 οὗ
1749 745 1885 777 συγχωρεῖ

1062 780 1150 816 τοῦτο,
1181 779 1272 808 εἰπών·
1307 776 1396 821 ’Ἄφες
1421 780 1482 813 τοὺς
1497 781 1602 821 νεκροὺς
1617 781 1698 819 θάψαι
1714 781 1777 813 τοὺς
1790 776 1886 810 ἑαυτῶν

1062 825 1179 864 νεκροὺς,
1211 826 1275 864 ὂπερ
1304 825 1456 860 αἰνίττεται,
1491 826 1534 854 ὃτι
1563 825 1674 858 ἄπιστος
1709 826 1742 860 ἧν
1758 828 1774 855 ὃ
1799 827 1883 864 πατὴρ

1062 870 1150 905 αὐτοῦ,
1182 869 1225 897 καὶ
1253 868 1295 898 διὰ
1331 874 1408 898 τοῦτο
1443 870 1548 903 ἀνάξιος
1573 869 1817 921 γηρωϐοσκηθῆναι
1838 872 1883 899 ὑπὸ

1060 918 1106 943 τοῦ
1133 914 1320 946 πιστεύσαντος
1354 915 1434 944 αξιτοῦ
1469 906 1586 947 παιδός..
1611 906 1699 955 μΛερες
1725 916 1788 956 γὰρ,
1812 917 1881 956 φησὶ,

1483 959 1602 988 τουτέστι
1643 960 1704 993 τοὺς
1748 960 1882 1000 ἀπίστους,

1060 1006 1267 1044 γηρωτροφῆσαι
1297 1004 1341 1032 τὸν
1369 1003 1480 1032 ἄπιστόν
1525 1015 1572 1033 σου
1609 1003 1711 1044 πατέρα
1755 1004 1820 1045 ἃχρι
1845 1004 1883 1033 καὶ

1058 1051 1158 1088 ταφῆς·
1194 1048 1224 1076 τὸ
1254 1048 1303 1088 γὰρ
1338 1048 1420 1086 θάψαι
1450 1048 1561 1078 ἒνταᾶθα
1595 1050 1673 1077 τοῦτο
1688 1050 1828 1090 σημαίνει,
1855 1050 1882 1077 τὸ

1058 1091 1210 1131 ἐπιμελείας
1232 1091 1354 1128 ἀξιῶσαι,
1385 1092 1450 1133 ἂχρι
1493 1094 1536 1122 καὶ
1569 1096 1619 1128 τῆς
1641 1095 1742 1134 ταφῆς,
1757 1093 1818 1123 ἐπεὶ
1842 1095 1882 1122 καὶ

1056 1138 1085 1165 ἓν
1108 1138 1142 1172 τῆ
1173 1141 1249 1176 κοινῇ
1271 1137 1363 1176 ὁμιλίᾳ
1389 1137 1472 1170 οὕτως
1494 1138 1622 1176 εἰώθαμεν
1643 1138 1743 1178 λέγειν’
1762 1135 1792 1168 Ὀ
1808 1138 1877 1167 δεῖνα

1057 1183 1111 1214 υἱὸς
1139 1182 1220 1220 ἔθαψε
1248 1183 1294 1211 τὸν
1322 1182 1423 1222 πατέρα
1461 1184 1549 1221 αὑτοῦ,
1581 1184 1612 1212 οὗ
1640 1185 1718 1212 τοῦτο
1749 1183 1879 1223 λέγοντες,

1058 1227 1098 1255 ὃτι
1135 1227 1215 1265 μόνον
1244 1227 1339 1265 ἔθαψεν
1368 1228 1458 1264 αὺτὸν,
1475 1226 1540 1256 ἄλλο
1561 1227 1588 1256 δὲ
1603 1226 1676 1256 οὒδὲν
1698 1228 1799 1268 ἀγαθὸν
1812 1229 1881 1257 ὶποί-
1900 1254 1903 1258 ,

1058 1284 1134 1313 ησεν,
1171 1272 1231 1302 ἀλλ’
1260 1272 1300 1302 ὅτι
1336 1272 1521 1311 ἕπεμελήσατο
1558 1275 1637 1303 αὖτοῦ
1663 1274 1729 1315 ἄχρι
1757 1275 1803 1303 καὶ
1835 1277 1879 1308 τῆς

1059 1317 1184 1352 τελευτῆς
1212 1318 1256 1346 καὶ
1284 1320 1382 1358 ταφῆς.
1415 1318 1532 1347 Ἐκεῖνοι
1567 1319 1617 1356 μὲν
1653 1318 1697 1347 οὖν
1726 1320 1751 1347 οἱ
1788 1320 1878 1358 νεκροὶ,

1058 1362 1192 1391 τουτέστιν
1220 1364 1243 1391 οἱ
1271 1362 1391 1400 ἄπιστοι,
1427 1363 1588 1401 θαψάτωσαν
1603 1364 1648 1392 τὸν
1662 1364 1757 1403 νεκρὸν
1787 1364 1878 1400 ωἶντῶν,

1058 1406 1130 1447 λέγω
1158 1406 1190 1440 δὴ
1217 1407 1262 1435 τὸν
1286 1408 1333 1435 σὸν
1367 1407 1482 1448 πατέρα,
1512 1407 1543 1436 σὺ
1579 1407 1606 1435 δὲ
1627 1408 1685 1436 ἐπεὶ
1712 1409 1876 1444 ἒπίστευσας,

1058 1450 1194 1492 διαγγελε,
1224 1453 1261 1483 ὡς
1283 1451 1347 1489 ἐμὸς
1363 1452 1497 1489 μαθητὴς,
1511 1453 1542 1481 τὸ
1559 1452 1721 1492 Εὐαγγὲλιον
1743 1458 1791 1483 τοῦ
1805 1456 1877 1483 Θεοῦ.

1056 1500 1138 1525 Τοῦτο
1166 1494 1193 1524 δὲ
1227 1496 1305 1524 εἶπεν
1334 1498 1348 1525 ὁ
1364 1497 1473 1536 Κύριος,
1488 1497 1518 1525 οὗ
1539 1496 1649 1526 κωλύων
1664 1498 1738 1535 ἡμᾶς
1761 1498 1815 1527 ἀπὸ
1838 1501 1879 1526 τοῦ

1055 1540 1158 1581 τρέφειν
1185 1541 1246 1573 τοὺς
1274 1547 1374 1580 γονεῖς,
1406 1540 1474 1569 ἀλλὰ
1512 1539 1642 1570 διδάσκων
1663 1543 1747 1580 ἡμᾶς,
1767 1542 1808 1570 ὃτι
1831 1545 1878 1571 τῶν

1055 1585 1173 1614 ἀπίστων
1202 1585 1303 1625 γονέων
1345 1586 1523 1625 προτιμηνέον
1551 1587 1601 1620 τὴν
1637 1585 1803 1625 θεοσέϐειαν,
1838 1588 1878 1615 καὶ

190 1627 328 1658 nuntiare
339 1628 556 1668 domesticis,et
568 1635 598 1659 ut
610 1629 701 1667 magis
714 1628 835 1668 proprie
845 1628 953 1663 (licam,

1126 1629 1199 1660 οὐδὲν
1234 1630 1360 1668 ἐμπόδιον
1391 1630 1465 1671 ἔχειν
1480 1630 1522 1659 δεῖ
1535 1631 1601 1671 πρὸς
1617 1631 1647 1660 τὸ
1669 1631 1784 1670 ἀγαθόν,
1801 1630 1877 1660 Ἀλλὰ

189 1681 258 1702 cere
271 1673 346 1704 vale.
357 1672 528 1703 Insinuabat
538 1673 616 1704 enim
631 1673 718 1703 homo
730 1673 778 1703 lllr
791 1673 869 1713 quod
886 1672 1013 1703 familia-

187 1716 304 1748 ritatem
327 1718 484 1757 quamdam
511 1718 607 1748 adhuc
631 1717 738 1748 habeat
753 1727 819 1748 cum
846 1718 968 1756 mundo,
987 1721 1015 1748 et

187 1771 245 1792 non
262 1762 384 1794 alTectus
399 1763 436 1793 sit
453 1767 483 1792 ut
504 1763 640 1802 apostoli,
656 1763 704 1802 qui
719 1772 784 1792 mox
802 1762 1013 1802 utaudierunt,

186 1807 336 1838 Christum
348 1808 440 1839 secuti
453 1812 532 1845 sunt,
547 1809 620 1839 nihil
636 1807 878 1847 aliud§curiosius
891 1807 1013 1845 perqui-

187 1857 300 1890 rentes,
326 1857 355 1883 et
380 1861 417 1885 ne
443 1853 507 1883 vale
523 1852 644 1893 quidem
668 1852 843 1883 necessariis
869 1851 1012 1883 dicentes.

187 1897 270 1937 Sape
283 1897 362 1928 enim
380 1898 526 1938 contingit
538 1898 655 1938 quando
672 1897 738 1937 quis
750 1897 813 1927 vale
829 1897 899 1927 dicit
910 1897 1014 1927 amicis

185 1942 294 1980 suis,ut
305 1942 494 1974 inveniantur
502 1943 591 1983 aliqui
605 1943 657 1983 qui
668 1942 752 1972 illum
763 1951 779 1972 a
791 1941 847 1972 vita
856 1946 957 1972 sancta
965 1942 1015 1972 ab-

185 1987 539 2029 ducantetprobibeant:
558 1988 625 2018 ideo
638 1987 748 2017 bonum
762 1991 805 2017 est
819 1991 926 2016 utcum
947 1987 1013 2027 quis

186 2042 248 2064 rem
267 2033 374 2064 bonam
391 2033 489 2064 facere
512 2032 647 2068 vult,non
672 2036 816 2068 moretur,
833 2031 885 2061 sed
913 2032 1009 2062 statim

185 2078 329 2118 perﬁciat.
343 2079 450 2110 Nullus
464 2077 544 2108 enim
561 2076 611 2117 qui
628 2076 716 2106 mittit
733 2085 852 2106 manum
874 2085 955 2106 suam
974 2076 1008 2106 nd

185 2127 314 2154 aratrum
329 2123 527 2163 spirituale,et
543 2121 663 2161 respicit
675 2121 779 2150 iterum
798 2120 833 2150 ad
851 2120 1007 2158 mundum,

184 2168 310 2199 idoneus
325 2172 369 2199 est
384 2168 419 2198 ad
437 2177 559 2207 regnum
573 2166 729 2197 caelo-um.
748 2164 883 2203 Intelligo
910 2170 1008 2195 autem

1055 1675 1100 1702 καὶ
1135 1675 1216 1709 αὐτῆς
1244 1677 1293 1709 τῆς
1322 1675 1423 1716 φύσεως
1451 1682 1640 1715 καταφρονεῖν,
1665 1675 1757 1716 ὥσπερ
1774 1676 1819 1705 οὖν
1839 1676 1878 1703 καὶ

1055 1723 1094 1757 τῷ
1122 1719 1298 1754 ἀκολουθῆσαι
1325 1719 1440 1753 ἀξιοῦντι
1469 1722 1551 1761 αὖτῷ,
1582 1721 1710 1761 πρότερον
1739 1720 1874 1754 ἀποτάξα-

1055 1766 1113 1793 σθαι
1141 1771 1200 1797 τοῖς
1225 1765 1252 1792 ἐν
1280 1767 1318 1802 τῷ
1351 1765 1420 1802 οἵκῳ
1447 1766 1537 1805 αὑτοῦ,
1567 1767 1597 1794 οὒ
1618 1772 1760 1806 συγχωρεῖ
1788 1766 1873 1796 τοῦτο.

1056 1808 1132 1848 Λέγω
1160 1808 1193 1843 δὴ
1231 1810 1257 1837 τὸ
1271 1809 1397 1838 ἀπελθεῖν
1412 1811 1448 1842 είς
1462 1811 1507 1839 τὸν
1523 1817 1600 1839 οῖκον
1613 1810 1693 1840 αὒτοῦ
1711 1811 1755 1839 καὶ
1778 1809 1876 1839 ἄποτᾶ-

1055 1853 1157 1892 ξασθαι,
1194 1854 1341 1892 τουτέστιν,
1370 1855 1418 1883 ’ίνα
1445 1854 1646 1895 ἰδιωτικώτερον
1661 1855 1742 1892 εἴπω,
1758 1855 1873 1895 ἀποχαι-

1055 1898 1165 1938 ρετίσαι.
1196 1898 1333 1940 Ἐμφαίνει
1369 1900 1419 1940 γὰρ
1447 1900 1461 1928 ὁ
1498 1903 1616 1932 τοιοῦτος
1652 1899 1802 1939 ἅνθρωπος,
1838 1899 1874 1928 ὅτι

1055 1943 1148 1983 σχέσιν
1176 1943 1235 1984 ἔχει
1269 1944 1335 1984 πρὸς
1362 1945 1406 1973 τὸν
1449 1944 1561 1982 κόσμον·
1591 1944 1636 1973 καὶ
1648 1945 1710 1985 οὖχὶ
1730 1945 1799 1974 κατὰ
1819 1945 1874 1977 τούς

1053 1988 1218 2020 ἀποστόλους
1253 1988 1394 2026 διάκειται,
1420 1990 1447 2018 οἵ
1494 1990 1654 2022 ἀκούσαντες
1683 1991 1774 2028 αὐτοῦ,
1805 1990 1874 2021 εὗως

1053 2032 1234 2068 ὖκολούθησαν
1276 2034 1358 2072 αὐτῷ·
1397 2033 1479 2073 μηδὲν
1518 2034 1584 2064 ἄλλο
1624 2035 1871 2074 πιριεργασάμινοι,

1052 2077 1111 2107 ἀλλ’
1140 2079 1248 2118 ἀφέντες
1275 2080 1319 2108 καὶ
1347 2080 1396 2114 τὴν
1424 2081 1489 2120 πρὸς
1511 2080 1572 2112 τούς
1588 2080 1697 2112 οἰκείους
1726 2080 1873 2119 ἄποταγήν.

1052 2123 1184 2156 Πολλάκις
1215 2125 1265 2164 γὰρ
1299 2123 1435 2163 συμϐαίνει
1464 2124 1491 2153 ἓν
1539 2125 1593 2161 ὅσῳ
1620 2136 1661 2157 τις
1698 2125 1873 2154 ἀποτάσσεται

1050 2175 1109 2200 τοῖς
1143 2170 1295 2209 συγγενέσιν
1331 2171 1419 2206 αὐτοῦ,
1449 2170 1610 2210 εὒρίσκεσθαί
1636 2180 1709 2202 τιιας
1723 2169 1754 2198 ἐκ
1777 2169 1872 2198 τούτων

185 2223 238 2253 per
254 2213 355 2249 vulpes
366 2212 454 2243 etiam
476 2211 620 2250 malignos
633 2210 796 2246 daemones,
814 2210 864 2249 qui
881 2214 911 2240 et
927 2219 954 2241 Vt

1101 2214 1202 2247 λύοντας
1233 2215 1311 2243 αὐτὸν
1335 2215 1388 2243 ὰπὸ
1413 2218 1459 2244 τοῦ
1487 2215 1556 2243 κατὰ
1570 2215 1635 2243 Θεὸν
1649 2215 1717 2252 βίου,
1733 2212 1773 2242 διὸ
1793 2212 1870 2242 καλὸν

185 2258 246 2288 tilia
262 2257 328 2288 C(Bll
344 2257 495 2293 dicuntur,
513 2257 569 2286 hoc
586 2260 630 2286 est
641 2254 719 2285 aeris
738 2253 826 2285 Juxta
842 2254 954 2294 princip

1101 2270 1120 2286 ιν
1151 2258 1208 2296 ἃμα
1238 2262 1276 2296 τῷ
1304 2258 1414 2294 θελήσαι
1442 2260 1473 2287 τὸ
1507 2259 1618 2298 ἀγαθὸν,
1647 2258 1781 2287 ἐπιτελεῖν
1814 2257 1870 2286 αὗτδ

183 2301 544 2342 enim,inquit,potestatis
560 2300 650 2331 aeris.
667 2299 743 2329 Dicit
760 2299 849 2338 igitur
865 2299 948 2329 Domi

1102 2302 1137 2331 Ξὲν
1162 2302 1364 2341 ἆναδυομένως.
1401 2302 1489 2336 Οὖδεὶς
1518 2305 1568 2343 γὰρ
1582 2302 1716 2332 ἐπιϐαλὼν
1730 2303 1780 2337 τὴν
1796 2308 1871 2343 χεῖρα

183 2347 218 2377 ad
234 2346 386 2377 hominem
405 2354 411 2376 :
430 2345 506 2382 Quia
521 2345 672 2376 daemones
685 2344 714 2374 in
729 2348 755 2373 te
768 2344 864 2373 foveas
887 2343 952 2374 habt

1098 2349 1133 2376 τοῦ
1167 2347 1211 2376 ἐπὶ
1243 2349 1274 2376 τὸ
1300 2347 1410 2388 ἄροτρον
1431 2349 1462 2377 τὸ
1482 2349 1672 2386 πνευματικόν,
1699 2349 1749 2377 Καὶ
1769 2347 1867 2386 βλέπων

185 2396 343 2431 propterea
356 2399 410 2430 ego
427 2390 518 2422 Filius
531 2389 661 2420 hominis
674 2398 732 2419 non
749 2387 844 2418 habeo
859 2387 909 2418 ubi
924 2398 954 2419 ca

1099 2398 1132 2421 liv
1159 2394 1203 2421 ἰπὶ
1230 2393 1276 2421 τὸν
1313 2387 1426 2432 κοσμον,
1471 2392 1618 2425 ἒπιτιέδειός
1654 2393 1725 2421 ἐσνιν
1761 2393 1797 2425 εἰς
1825 2391 1868 2424 τὴν

183 2435 341 2472 reclinem,
360 2436 415 2466 hoc
428 2440 483 2466 est.
502 2434 531 2465 in
550 2443 596 2465 me
613 2433 691 2465 ﬁdei.
716 2443 774 2463 non
802 2433 888 2464 video
915 2434 952 2464 lot

1099 2438 1189 2466 τιΛείαν
1216 2439 1264 2466 τοῦ
1305 2441 1381 2470 Θεοῦ,
1409 2438 1523 2474 Νοήσεις
1548 2437 1575 2466 δὲ
1590 2437 1732 2470 ἆλώπεκας
1755 2438 1797 2466 καὶ
1816 2435 1868 2467 τούς

182 2480 212 2511 in
229 2480 320 2511 corde
335 2481 478 2521 tuo,quod
492 2480 645 2519 impletum
658 2483 702 2509 est
717 2477 951 2509 dmmonibusﬂa

1098 2483 1214 2522 ρούργους
1242 2481 1377 2520 δαίμονας,
1407 2482 1436 2511 οἴ
1464 2484 1508 2511 καὶ
1542 2484 1650 2513 πετεινὰ
1680 2482 1725 2511 tu")
1764 2483 1867 2522 οὐρανοῦ

183 2525 261 2556 enim
275 2525 475 2565 Christi,ﬁdes
492 2525 521 2555 in
536 2522 763 2560 illum.Quando
777 2523 952 2568 enimquiu

1097 2538 1185 2563 ‘ov‘cau,
1214 2527 1333 2556 τουτέστι
1360 2531 1407 2556 τοῦ
1441 2527 1529 2568 ἆέρος.
1566 2527 1643 2559 Κατὰ
1678 2529 1724 2556 τὸν
1757 2527 1866 2567 ἄρχοντα

183 2570 225 2601 dit
239 2571 331 2602 Deum
349 2579 415 2601 esse
431 2570 594 2607 Christum,
608 2574 676 2599 tunc
689 2572 778 2608 caput
793 2567 899 2599 Christi
915 2571 997 2600 tenet

182 2617 316 2647 Mortuus
331 2619 428 2645 autem
447 2619 585 2655 peccator
600 2618 656 2650 est,
674 2613 723 2653 qui
750 2617 777 2642 et
807 2613 912 2652 sepelit
940 2623 1009 2644 suos

184 2665 327 2698 mortuos,
356 2660 412 2691 hoc
435 2664 480 2691 est
508 2660 600 2691 malas
630 2658 834 2698 cogitationes,
860 2668 932 2698 quas
951 2670 1008 2690 non

181 2705 352 2736 conﬁtetur.
366 2705 496 2736 Proinde
511 2705 654 2736 Dominus
670 2702 807 2744 prohibet
824 2708 1006 2740 secuturum,

183 2759 219 2780 ne
237 2750 361 2790 sepeliat
391 2749 483 2781 malas
508 2749 703 2789 cogitationes
727 2752 755 2778 et
781 2749 928 2780 occultet:
947 2750 1008 2781 vult

181 2795 259 2826 enim
283 2804 333 2826 ras
346 2804 400 2836 per
414 2795 633 2826 confessionem
647 2794 840 2825 manifestari.

181 2843 226 2871 τοῦ
248 2842 369 2880 Χριστοῦ,
394 2841 410 2874 ἡ
427 2840 514 2873 πίστις
544 2842 580 2873 εἰς
619 2841 695 2869 αὖτόιι
725 2840 805 2871 ἐστιν,
838 2837 929 2871 ’Ὅταν
959 2842 1008 2882 γαρ

1050 2573 1113 2612 γὰρ,
1149 2573 1223 2613 φησὶ,
1240 2575 1288 2611 τῇς
1303 2571 1421 2606 ἔξουσίας
1443 2576 1489 2602 τοῦ
1510 2573 1599 2614 ἀέρος.
1625 2573 1710 2606 Φησὶν
1733 2572 1802 2600 οὗνὸ
1819 2570 1867 2600 Κύ-

1051 2628 1106 2657 ριος
1133 2618 1198 2657 πρὸς
1226 2618 1272 2645 τὸν
1300 2617 1447 2657 ἄνθρωπον,
1485 2617 1537 2655 ὅτι,
1561 2618 1590 2646 Οἶ
1619 2616 1743 2655 δαίμονες
1771 2615 1797 2644 ἐν
1830 2613 1866 2642 σοὶ

1050 2661 1167 2703 φωλεούς
1203 2662 1309 2702 ἔχουσι,
1336 2662 1379 2690 καὶ
1404 2661 1447 2690 διὰ
1473 2666 1550 2691 τοῦτο
1586 2663 1600 2691 ὁ
1636 2663 1695 2693 Υἱὸς
1713 2665 1758 2690 τοῦ
1770 2658 1865 2699 ἀνθρώ-

1050 2719 1101 2736 που
1137 2707 1192 2747 ἐγὼ
1219 2709 1266 2736 οὒκ
1294 2707 1351 2747 ἔχω
1393 2711 1443 2736 ποῦ
1471 2709 1520 2742 τὴν
1544 2706 1663 2748 κεφαλὴν
1677 2706 1767 2743 κλίνω,
1792 2714 1862 2733 τουτ-

1050 2753 1117 2788 έστι,
1148 2755 1197 2786 τῆς
1225 2753 1261 2786 εἷς
1291 2752 1339 2791 ἐμὲ
1366 2753 1479 2785 πίστεως
1509 2753 1561 2793 οὺχ
1590 2754 1644 2792 δρῶ
1679 2752 1761 2780 τόπον
1787 2749 1813 2777 ἒν
1836 2750 1864 2785 τῇ

1048 2797 1139 2838 καρδίᾳ
1167 2809 1226 2836 σου,
1261 2801 1296 2836 τῇ
1323 2798 1493 2837 πληρωθείσῃ
1521 2796 1664 2836 δαιμόνων·
1696 2794 1800 2836 Κεφαλῆ

1034 2836 1089 2876 τις⁷
1103 2843 1182 2871 αὐτὸν
1216 2843 1346 2882 πιστεύσῃ
1378 2836 1443 2872 Θεὸν
1485 2841 1560 2881 ὄντα,
1589 2842 1651 2872 τότε
1677 2841 1728 2876 τήν
1754 2836 1863 2880 κεφαλὴν
