1949 3077
197 99 255 133 835
679 98 966 132 THEOPHYLACTJ

1111 97 1202 128 LRLE
1227 98 1406 130 ARCHIEP.
1827 102 1880 133 836

234 169 423 204 νων-11,
442 184 456 200 ι
472 170 571 202 Nolite
588 174 704 210 portare
733 167 897 204 sacculum.
917 176 1003 208 nequi

1108 177 1112 192 ι
1146 166 1189 199 Μὴ
1217 166 1361 204 βαστάζετε
1384 166 1540 205 βαλάντιον,
1565 169 1604 207 μὴ
1619 170 1718 209 πήραν,
1734 169 1804 207 μηδί
1818 171 1877 198 ὕπο-

194 215 264 245 545
274 225 387 256 peram,
403 224 500 256 neque
526 214 772 246 calceamentazet
796 213 946 244 neminem

1109 221 1174 256 ,αι-τα,
1204 211 1248 238 καὶ
1283 210 1387 249 μηδέκα
1419 213 1486 241 κατὰ
1501 213 1551 247 τὴν
1578 212 1637 241 ὁδὸν
1657 214 1824 248 ἀσπάσησθε.
1842 215 1878 245 Et:

196 254 535 292 \iam’salutaveritian
554 267 761 300 quamcunque
780 257 901 289 domum
923 257 965 288 int

1123 254 1145 283 δ’
1182 256 1213 283 ἄν
1241 257 1324 284 οἰκίαν
1340 256 1508 297 εἰσέρχησθε,
1527 261 1633 298 πρῶτον
1651 258 1756 299 λέγετε·
1791 261 1878 299 Εἰρήνη

197 304 308 339 veritis,
327 306 456 345 primum
472 305 581 336 dicite:
600 305 657 336 Pax
673 303 742 334 huic
757 303 870 334 domui.
882 302 921 334 Et
935 301 960 332 si

1125 300 1194 337 οἴκῳ
1223 301 1318 338 τούτῷ.
1351 302 1399 330 Καί
1429 302 1474 330 ἐὰν
1501 303 1551 340 μὲν
1593 304 1611 341 ᾖ
1626 303 1683 332 ἐκεῖ
1695 305 1754 336 υἱὸς
1771 304 1877 343 εἰρὴνης,

193 348 283 380 fuerit
296 350 375 380 ﬁlius
389 350 481 390 pacis,
498 349 667 390 requiescet
681 357 772 388 super
788 347 869 378 illum
886 356 939 388 pax
955 355 1011 377 ves

193 396 245 424 traa
255 393 300 424 sin
310 394 459 434 minus,ad
467 403 516 424 vos
526 398 703 424 revertetur.
713 391 746 423 In
753 391 857 423 eadem
864 395 961 422 autem
971 391 1021 421 do-

193 446 241 468 mo
256 442 372 470 manete
383 439 506 470 edentes
517 443 546 469 et
558 437 696 468 bibentes
711 446 776 477 qua;
790 435 1019 467 danturabillis.

193 482 303 522 Dignus
319 487 365 514 est
389 484 469 514 enim
497 482 651 524 operarius
681 481 819 512 mercede
842 490 907 512 sua.
925 479 1025 518 Nolite

195 527 320 558 transire
343 528 380 559 de
407 528 498 560 domo
522 528 554 559 in
571 528 705 558 domum.
719 526 755 558 Et
769 526 800 556 in
816 533 1024 566 quamcunque

193 572 338 604 civitatem
352 572 546 609 intraveritis,
557 576 585 603 et
601 571 788 612 susccperint
800 569 950 607 vos,edile
959 577 1024 610 quae

192 622 383 657 apponuntur
396 617 502 649 vobis:
519 620 548 648 et
574 621 676 648 sanato
705 616 839 646 inﬁrmos
864 614 914 655 qui
929 614 959 644 in
972 613 1024 644 illa

194 665 280 693 sunt:
295 667 324 693 et
333 663 422 694 dicite
434 662 493 694 illis
503 672 511 693 :
521 660 778 702 Appropinquavit
790 660 820 690 in
834 669 884 690 vos
896 667 1020 698 regnum

193 706 358 743 Dei.»Quia
371 709 450 748 ipsos
462 707 608 737 missurus
619 709 683 736 erat
698 704 911 746 praedicatores
926 703 1021 734 Evan-

192 751 273 790 gelii,
285 751 358 782 dicit
375 760 382 783 :
401 752 446 783 Ne
464 751 586 791 portetis
601 750 871 790 sacculum,neque
897 748 953 779 hoc
975 749 1021 780 vel

194 795 265 826 illud
283 806 289 826 :
308 796 415 827 suiﬁcit
432 795 513 827 enim
543 795 627 826 vobis
655 794 735 835 quod
763 803 865 825 Curam
887 792 1021 824 habeatis

1062 344 1275 388 ἐπαναπαύσεται
1303 346 1347 374 ἔπ’
1362 347 1441 374 αὐτὸν
1455 348 1472 381 ἡ
1488 348 1580 387 εἰρήνη
1595 348 1679 386 ὑμῶν,
1696 349 1719 377 εἰ
1734 347 1762 376 δι
1777 349 1815 386 μή
1842 360 1878 388 γε,

1063 387 1104 429 ἐφ’
1133 389 1200 427 ὕμᾶς
1229 389 1396 429 ἀνακάμψει.
1427 391 1472 420 Ἐν
1501 393 1567 431 αὒτῇ
1592 392 1619 420 δὲ
1641 395 1675 431 τῇ
1699 394 1770 429 οἰκίᾳ
1798 393 1880 430 μένετε

1065 433 1194 466 ἐσθίοντες
1224 435 1267 463 καὶ
1296 436 1416 468 πίνοντες
1445 437 1477 464 τα
1504 437 1566 476 παρ’
1597 440 1691 468 αὖτῶν.
1717 437 1818 471 "AEN;
1838 439 1880 476 γὰρ

1066 480 1080 506 ὁ
1114 478 1227 518 ἐργάτης
1256 481 1301 508 τοῦ
1324 482 1417 518 μισθοῦ
1445 483 1524 510 αὖτοῦ
1551 482 1618 512 ἐστι.
1648 484 1690 518 Μή
1717 482 1880 521 μεταϐαίνετε

1066 523 1091 556 ιε
1122 525 1204 557 οἰκίας
1233 525 1269 558 εὶς
1299 526 1393 556 οἰκίαν.
1430 527 1478 556 Καὶ
1505 528 1541 560 εἷς
1566 528 1600 562 ἢν
1615 527 1646 558 ἄν
1661 527 1739 556 πόλιν
1761 528 1880 567 εἰσέρχη-

1065 570 1121 609 σθε,
1151 570 1194 598 καὶ
1220 569 1352 610 δέχωνται
1386 572 1464 609 ὑμᾶς,
1497 572 1593 600 ἐσθίετε
1634 573 1666 600 τὰ
1694 573 1881 612 παρατιθέμενα

1064 615 1140 651 ὑμῖν.
1160 616 1207 643 Καὶ
1235 615 1390 657 θεραπεύετε
1415 617 1475 649 τούς
1504 617 1531 645 ἐν
1574 619 1640 656 aliti}.
1683 618 1817 657 ἀσθενεῖς,
1844 618 1880 645 πιιέ

1064 658 1154 698 λέγετε
1182 662 1283 690 αὐτοῖς·
1315 655 1451 701 ’Ἠγγικεν
1479 663 1520 702 ἔφ’
1550 663 1617 701 ὗμᾶς
1645 663 1662 697 ἡ
1690 655 1816 700 βασιλεία
1841 663 1880 690 τοῦ

1064 707 1139 733 Θεοῦ.
1173 717 1188 732 ι
1219 703 1327 739 Ἐπειδὴ
1346 705 1458 744 ἔμελλεν
1475 708 1567 739 αὐτοὺς
1583 707 1760 736 ἀποστέλλειν
1771 707 1880 746 κήρυκας

1062 750 1109 778 τοῦ
1135 749 1306 790 Εὖαγγελίου,
1343 751 1416 791 φησι·
1456 752 1500 786 Μὴ
1541 752 1685 790 βαστάζετε
1735 751 1879 790 βαλάντιον,

1062 795 1132 831 μήτε
1162 795 1191 822 τὸ
1221 796 1264 823 καὶ
1292 797 1332 824 τὸ·
1363 796 1441 835 ἀργεῖ
1465 797 1515 836 γαρ
1541 796 1607 835 ὖμτν
1622 797 1670 830 τὴν
1692 796 1815 838 φροντίδα
1841 795 1880 824 τοῦ

192 840 286 872 verbi.
302 840 376 871 Nam
393 841 417 871 si
431 840 585 871 sacculum
606 838 804 880 portaveritis,
831 837 961 869 maniiesl

1108 850 1142 867 ὀυ
1170 839 1255 879 ἔχειν,
1288 841 1316 869 Εἰ
1330 841 1380 879 γὰρ
1395 841 1536 879 βαλάντιον
1555 841 1712 882 βαστάζετε,
1743 840 1877 881 πρόδηλον1

193 885 270 926 quod
285 885 364 916 illius
380 885 463 916 vobis
477 894 549 916 cura
564 889 620 924 est,
635 888 663 915 et
678 884 803 914 verbum
816 882 1019 914 contemnitis.

192 929 246 960 Vel
257 929 353 961 aliter:
369 929 514 966 Quoniam
531 929 631 960 alendi
647 930 718 960 estis
734 928 770 959 ab
788 929 834 959 his
849 937 924 968 quos
933 927 1020 958 doce-

194 974 242 1013 tis,
255 975 325 1015 quid
344 975 428 1006 vobis
443 975 562 1006 sacculo
574 983 661 1014 opus,
679 974 722 1004 vel
740 983 820 1014 pera,
839 973 883 1004 vel
901 972 1019 1003 calcea-

193 1019 317 1050 mentis?
327 1020 455 1051 Omnem
468 1020 548 1050 enim
557 1019 675 1050 illorum
689 1028 775 1050 usum
787 1016 1023 1058 suppeditabunt

192 1063 223 1095 hi
237 1064 287 1104 qui
301 1073 318 1094 a
331 1064 418 1095 vobis
433 1063 730 1095 docebuntur.Porro
746 1063 824 1103 quod
843 1062 957 1093 nullum
968 1071 1022 1102 per

192 1108 265 1139 viam
282 1108 480 1146 salutent,hac
490 1109 527 1140 de
538 1117 628 1139 causa
638 1108 680 1139 eis
692 1107 865 1148 injungit,ut
880 1116 918 1137 ne
929 1116 1020 1137 occu-

191 1156 334 1193 parentur
349 1154 379 1184 in
388 1154 542 1184 hominum
555 1152 781 1184 salutationibus
797 1156 825 1182 et
840 1151 1020 1182 curiositati-

193 1197 373 1237 bus,quibus
384 1208 399 1229 a
416 1197 626 1238 pradicatione
637 1195 1023 1237 impedirentur.Verisimi-

192 1242 220 1273 le
235 1243 315 1273 enim
332 1247 378 1274 est
393 1248 424 1274 ut
439 1252 506 1274 cum
525 1243 592 1283 quis
609 1240 972 1281 salutaveritquempiam,
985 1241 1021 1272 ab

193 1287 298 1318 eodem
316 1288 540 1324 resalutetur,et
555 1288 592 1318 de
609 1287 713 1327 majori
722 1285 922 1317 familiaritate
933 1286 1022 1317 inter-

196 1333 343 1373 pelletur:
362 1337 393 1363 ut
406 1333 470 1363 ﬁeri
481 1332 556 1363 solet
570 1332 599 1362 in
617 1331 663 1362 his
679 1332 731 1372 qui
741 1331 830 1362 simul
843 1331 962 1362 vadunt.
976 1332 1020 1362 Si-

193 1378 255 1408 mul
270 1378 348 1408 enim
362 1382 393 1408 ut
404 1377 492 1408 amici
509 1376 680 1414 lacti,eliam
692 1375 821 1416 amplius
830 1381 858 1407 et
875 1376 1020 1407 curiosius

194 1422 337 1462 quiddam
354 1425 527 1453 scrutantur
544 1432 550 1453 :
565 1425 594 1452 et
619 1422 663 1452 sic
688 1421 828 1462 paulatim
845 1421 874 1450 in
891 1421 1021 1451 humana

1062 883 1102 912 ὅτι
1130 884 1171 912 ἐπ’
1200 886 1290 913 ἒκεῖνο
1319 884 1551 924 ἀσχοληθήσεσθε,
1578 887 1622 914 καὶ
1650 890 1696 915 τοῖι
1712 886 1795 924 λόγου
1808 896 1881 914 κατι-

1062 930 1218 968 φρονήσετε,
1248 929 1365 961 ’Ἀλλως
1401 940 1441 958 τε·
1475 929 1583 964 Ἐπειδὴ
1609 930 1722 968 μέλλετε
1754 931 1878 972 τρέψεσθαι

1061 975 1112 1004 ὑπὸ
1137 977 1189 1003 τῶν
1217 973 1424 1015 διδασκομένων,
1461 976 1500 1006 τῖς
1527 976 1605 1015 χρεία
1636 976 1780 1014 βαλαντίω
1793 975 1879 1013 ὒμῐνῆ

1062 1019 1162 1058 πήρας,
1189 1018 1206 1052 ἥ
1233 1017 1412 1056 ὑποδημάτων
1430 1029 1439 1056 ;
1470 1022 1558 1048 [Ιᾰσαν
1587 1021 1637 1059 γὰρ
1651 1021 1716 1057 ὑμῖν
1732 1021 1783 1054 τὴν
1797 1020 1878 1060 χρείαν

1062 1064 1161 1091 τοὺτων
1196 1065 1219 1092 οἱ
1248 1063 1432 1101 διδασκόμενοι
1460 1064 1694 1104 ἀποθεραπεύουσι.
1711 1066 1750 1094 Τὸ
1771 1064 1810 1104 δὲ,
1830 1067 1880 1096 Μη-

1062 1107 1123 1137 δένα
1152 1109 1220 1137 κατὰ
1243 1119 1293 1142 την
1317 1108 1377 1137 ὁδὸν
1413 1109 1570 1150 ἀσπάζεσθε,
1600 1108 1642 1138 διὰ
1685 1113 1765 1138 τοῦτο
1800 1109 1878 1139 inet:

1063 1152 1207 1193 ἐπιτίθησι,
1234 1152 1276 1181 διὰ
1304 1155 1334 1181 τὸ
1363 1155 1402 1191 μὴ
1435 1153 1651 1194 ἄπασχολετσθαι
1678 1155 1739 1194 περὶ
1758 1153 1879 1194 ἂνθρωπί-

1065 1209 1124 1230 νοος
1151 1198 1320 1239 ἀσπασμούς,
1354 1200 1397 1227 καί
1422 1198 1636 1239 φιλοφρονήσεις,
1667 1200 1711 1227 καὶ
1747 1200 1779 1229 ἐκ
1796 1198 1879 1227 τούτου

1064 1244 1130 1281 πρὸς
1156 1244 1186 1271 τὸ
1211 1244 1335 1283 κήρυγμα
1365 1243 1557 1282 ἐμποδίζεσθαι,
1591 1245 1667 1276 Εἰκὸς
1696 1245 1749 1284 γὰρ
1777 1245 1819 1272 τὸν
1838 1254 1878 1271 τν-

1064 1288 1150 1328 χόντα
1177 1292 1223 1316 τοῦ
1251 1289 1405 1327 ἀσπασμοῦ,
1440 1288 1520 1317 παλιν
1546 1289 1591 1317 καὶ
1620 1290 1699 1318 αὐτὸν
1714 1289 1877 1318 ἀντασπάσα-

1063 1335 1134 1373 σθαι,
1161 1335 1205 1362 καιί
1230 1335 1313 1374 τυχὸν
1337 1335 1381 1362 καὶ
1410 1334 1574 1374 μακροτέρας
1618 1333 1724 1372 ὁμιλίας
1767 1334 1876 1370 ἀξιῶσαι,

1060 1379 1109 1407 οἷα
1136 1379 1169 1407 τὰ
1195 1382 1249 1407 τῶν
1278 1378 1543 1419 συνοδοιπορούντων,
1574 1380 1637 1407 εἶτα
1661 1380 1697 1411 ὡς
1723 1379 1777 1413 ἤδη
1813 1378 1877 1418 ῳίλογ

1060 1425 1213 1464 γενόμενον,
1258 1425 1301 1452 καὶ
1341 1423 1579 1464 ῳιλοφρονὴσασθαί
1626 1435 1651 1452 τι
1689 1425 1876 1464 περιττότερόν1

1862 1468 1866 1478 γ

191 1467 310 1506 negotia
317 1467 441 1507 apostoli
451 1465 816 1505 inciderent,verbumque
823 1465 960 1505 negligen

1129 1468 1198 1497 οὕτω
1226 1469 1294 1497 κατὰ
1324 1470 1417 1508 μικρὸν
1443 1469 1478 1501 εἰς
1507 1469 1667 1508 ἀνθρωπίνας
1694 1469 1804 1509 σχέσεις
1841 1468 1877 1496 τόν

192 1510 226 1542 In
248 1511 355 1542 itinere
375 1511 466 1551 igitur
488 1511 617 1542 salutare
646 1510 816 1551 quempiam
832 1519 867 1540 ea
879 1510 916 1541 de
931 1518 1019 1541 causa

192 1556 344 1598 prohibet.
361 1556 393 1587 In
409 1557 531 1587 domum
544 1560 643 1587 autem
659 1554 1016 1595 ingressi,inquit,dicite:

194 1601 251 1632 Pax
266 1601 335 1632 huic
350 1601 464 1638 domui,
477 1601 532 1632 hoc
547 1605 600 1639 est,
618 1600 743 1631 salutate
755 1609 807 1630 eos
822 1599 871 1640 qui
883 1599 912 1630 in
929 1600 1018 1631 domo

192 1645 311 1677 sunt.Et
325 1645 433 1677 deinde
448 1645 609 1676 ostendens
624 1644 702 1686 quod
719 1645 776 1675 hoc
792 1653 851 1674 non
868 1645 962 1675 solum
979 1644 1018 1675 sit

191 1690 390 1729 salutare,sed
405 1694 433 1721 et
448 1688 762 1727 benedicere,dicit:Si
773 1688 893 1729 quidem
910 1689 1017 1729 dignus

192 1735 283 1766 fuerit
293 1734 516 1776 paterfamilias,
530 1734 718 1765 benedicitur
735 1742 742 1765 :
761 1734 786 1764 si
797 1737 895 1764 autem
908 1738 1016 1765 contu-

190 1781 341 1818 meliosus,
359 1784 388 1811 et
405 1789 464 1811 non
477 1789 566 1820 capax
588 1779 818 1820 pacis,pugnans
833 1783 863 1809 et
873 1778 1017 1809 adversa-

191 1824 254 1856 rius
279 1824 411 1855 sermoni
426 1828 522 1856 vestro
539 1827 568 1855 et
594 1824 749 1861 doctrinae,
767 1823 938 1854 benedictio
959 1833 1018 1854 non

191 1870 289 1900 veniet
303 1878 394 1910 super
408 1869 562 1909 illum,sed
575 1869 611 1900 ad
629 1878 680 1899 vos
694 1873 872 1900 revertetur.
883 1868 1021 1909 Praecipit

193 1923 313 1955 quoque
325 1924 382 1945 non
396 1913 609 1945 transeundum
625 1914 663 1945 de
679 1913 767 1944 domo
792 1913 822 1943 in
839 1913 971 1951 domum,
989 1918 1022 1945 ut

194 1969 234 1990 ne
250 1959 406 1990 videantur
416 1959 558 1999 gulusi,et
572 1958 711 1990 scandalo
724 1958 784 1989 sint
798 1958 943 1997 multis,et
953 1968 1024 1990 con-

194 2005 313 2035 tristent
325 2013 376 2035 eos
387 2013 404 2035 a
415 2003 523 2044 quibus
539 2003 667 2044 primum
680 2003 809 2043 suscepti
817 2004 1024 2044 sunt.lnsuper

193 2048 267 2080 dicit
282 2059 290 2079 :
306 2048 461 2081 Comedite
477 2059 512 2080 ea
527 2057 593 2089 quae
610 2048 687 2088 apud
704 2047 771 2078 illos
783 2052 852 2078 sunt
869 2059 875 2077 :
893 2048 949 2080 hoc
963 2054 1019 2086 est,

193 2103 258 2135 quae
278 2097 448 2134 proponunt
463 2093 557 2131 vobis,
585 2093 700 2124 etiamsi
716 2093 784 2123 vilia
798 2097 827 2123 et
850 2102 938 2133 parva
949 2094 1018 2133 sint,

1060 1512 1209 1542 ἀπόστολον
1237 1513 1371 1550 ἐκπεσεῖν,
1403 1514 1447 1542 καὶ
1473 1513 1608 1551 ἀμελῆσαι
1633 1517 1679 1542 τοῦ
1704 1513 1799 1554 λόγω.
1815 1513 1879 1543 Κατὰ

1061 1559 1108 1597 μὲν
1133 1558 1177 1587 οὖν
1205 1558 1254 1592 τὴν
1284 1557 1342 1586 ὁδὸν
1370 1558 1531 1594 ἀσπάζεσθαί
1558 1570 1616 1587 τινα
1638 1558 1736 1587 κωλύει
1763 1558 1804 1587 διὰ
1837 1558 1878 1591 τὴν

1059 1603 1202 1642 εἰρημένην
1231 1603 1325 1634 αἰτίαν.
1361 1604 1403 1636 Εἷς
1438 1602 1464 1631 δὲ
1491 1604 1572 1632 οἰκίαν
1585 1603 1783 1644 εἰσερχόμενοι,
1809 1603 1878 1643 φησὶ,

1059 1648 1162 1687 λέγειν
1200 1648 1298 1687 Εἰρήνη
1325 1651 1364 1684 τῷ
1392 1648 1461 1685 οἴκῳ
1487 1649 1582 1685 τούτῳ⁵
1612 1649 1765 1686 τουτέστιν,
1799 1647 1872 1676 ἆσπάο

1059 1694 1132 1729 ζεσθε
1159 1693 1219 1725 τούς
1247 1692 1274 1721 ἐν
1302 1695 1337 1731 τῇ
1362 1693 1444 1729 οἰκίᾳ.
1459 1693 1527 1722 Εἶτα
1541 1692 1676 1731 δεικνύων,
1690 1692 1730 1722 ὅτι
1748 1695 1778 1723 οὖ
1808 1692 1877 1730 μόνον

1060 1738 1199 1776 ἀσπασμός
1235 1737 1289 1765 ἐστι
1318 1741 1407 1774 τοῦτο,
1437 1737 1506 1765 ἀλλὰ
1541 1739 1584 1766 καὶ
1605 1737 1723 1777 εὖλογία⁶
1741 1740 1830 1778 φησιν,
1844 1735 1877 1763 ὅτι

1061 1784 1123 1812 Ἐὰν
1151 1783 1200 1820 μὲν
1275 1782 1344 1814 ἄξιος
1369 1784 1382 1810 ὂ
1397 1781 1599 1820 οἰκοδεσπότης,
1617 1782 1834 1822 εὖλογηθήσεται,
1859 1781 1876 1807 ti

1060 1827 1086 1856 δὲ
1115 1827 1239 1867 ὑϐριστὴς
1282 1829 1324 1855 καὶ
1354 1826 1521 1860 ἀνεπίδεκτος
1567 1828 1686 1867 εἰρήνης,
1730 1827 1876 1868 μαχόμενος

1061 1874 1105 1901 καὶ
1131 1872 1330 1909 ἐναντιούμενος
1355 1874 1394 1909 τῷ
1420 1871 1494 1911 λόγῳ
1523 1873 1595 1910 ὑμῶν
1636 1873 1680 1900 καὶ
1700 1875 1735 1911 τῇ
1763 1871 1878 1900 διδασκα-

1063 1918 1116 1954 λίᾳ,
1149 1918 1166 1951 ἡ
1194 1916 1300 1956 εὒλογία
1329 1918 1377 1946 οὐκ
1404 1915 1448 1945 ἐπ’
1477 1918 1554 1945 αὑτὸν
1583 1916 1651 1954 ἣξει,
1681 1916 1742 1945 ἀλλ’
1759 1918 1795 1949 εἰς
1819 1917 1876 1954 ὑμᾶς

1064 1962 1258 2002 ὲπαναστρέψει
1289 1961 1334 1995 Μὴ
1369 1960 1535 1999 μεταϐαίνειν
1572 1961 1599 1990 δὲ
1630 1963 1667 1994 εἰς
1684 1961 1785 1994 πολλὰς
1804 1962 1875 1991 οἰκίας

1066 2006 1258 2047 παραγγέλλει,
1293 2006 1337 2034 ἵνα
1364 2007 1402 2044 μὴ
1442 2005 1538 2035 δοκῶσι
1594 2008 1796 2047 γαστρίμαργοι,
1841 2009 1877 2035 καὶ

1065 2052 1253 2087 σκανδαλίζωσι
1289 2050 1415 2092 πολλούς,
1452 2053 1495 2080 καὶ
1530 2051 1633 2081 λσπῶσι
1661 2053 1722 2083 τούς
1744 2052 1770 2085 ἐξ
1798 2052 1875 2091 ἀρχῆς

1063 2097 1281 2135 ὑποδεξαμένους.
1319 2095 1402 2124 Ἀλλὰ
1429 2097 1473 2125 καὶ
1509 2096 1618 2137 ἐσθίετε,
1654 2097 1729 2137 φησὶ,
1758 2098 1790 2126 τὰ
1821 2094 1875 2131 παρ’

194 2139 269 2170 nihil
279 2139 406 2179 amplius
419 2138 616 2179 inquirentes.
632 2139 688 2168 Pro
703 2137 841 2170 mercede
855 2141 952 2169 autem

1103 2147 1157 2180 τῶν,
1200 2141 1344 2178 τουτέστιν,
1381 2141 1397 2169 ἅ
1425 2142 1587 2182 προσάγωσι
1616 2143 1691 2183 ὅμῖν,
1727 2142 1777 2171 κᾶν
1805 2141 1872 2179 μικρὰ

193 2183 261 2215 bete
278 2184 390 2214 cibum.
404 2184 441 2214 Et
452 2192 490 2214 ne
507 2184 648 2223 quaeretis
661 2186 690 2212 et
705 2181 797 2222 pasci,
811 2186 839 2213 et
851 2192 962 2217 mercet

1104 2200 1127 2216 ιν
1163 2187 1210 2215 κᾶν
1244 2185 1351 2223 εὐτελῆ,
1379 2185 1463 2224 μηδὲν
1484 2186 1564 2215 πλέον
1585 2181 1783 2223 ἦπιζητοὺντες,
1814 2186 1873 2214 Ἀντί

193 2228 318 2269 insuper
325 2228 530 2268 accipere,sed
541 2227 641 2258 cibum
654 2236 706 2267 pro
719 2227 857 2258 mercede
871 2228 962 2260 habet

1103 2235 1155 2262 τθοῦ
1189 2231 1217 2259 δὲ
1253 2230 1331 2271 ἔχετε
1356 2232 1405 2265 τὴν
1433 2233 1544 2271 τροφὴν,
1573 2232 1618 2261 καὶ
1650 2233 1689 2270 μὴ
1714 2236 1818 2268 ζητεῖτε
1838 2241 1872 2267 καὶ

191 2272 267 2305 Vide
279 2273 369 2313 igitur
384 2272 533 2313 quomodo
548 2272 711 2312 discipulos
727 2272 868 2303 adversus
892 2274 1020 2315 inopiam

192 2318 329 2354 instruat,
344 2323 372 2349 et
392 2326 517 2348 securos
535 2317 632 2348 faciat.
646 2318 756 2347 Sanare
772 2322 870 2348 autem
887 2324 916 2351 et
932 2320 1016 2351 inlir-

192 2372 255 2394 mos
271 2363 321 2403 qui
342 2363 372 2392 in
397 2361 575 2399 civitatibus,
593 2361 739 2402 praecipit,
757 2366 789 2393 ut
805 2364 1016 2397 miraculorum

192 2407 365 2447 operatione
373 2407 522 2437 attraham
530 2406 668 2437 homines
674 2406 710 2437 ad
720 2406 841 2438 verbum
855 2409 932 2448 quod
945 2420 1018 2450 prae-

192 2452 301 2483 dicant.
320 2451 355 2482 Et
369 2450 433 2481 vide
450 2451 519 2491 quid
536 2451 633 2482 dicat:
652 2450 686 2482 Et
700 2451 791 2482 dicite
806 2454 849 2483 eis
866 2465 872 2482 :
899 2454 1016 2495 Appi-0-

191 2496 343 2538 pinquavit
353 2497 384 2527 in
399 2505 449 2526 vos
461 2505 586 2536 regnum
597 2496 739 2527 Dei.Nam
751 2497 777 2527 si
792 2498 918 2537 primum
931 2509 1015 2532 sana-

191 2541 341 2579 veritis,ac
357 2541 466 2572 deinde
481 2540 787 2581 docueritis,feliciter
801 2547 900 2575 curret
915 2554 1013 2578 sermo

192 2586 263 2617 544
272 2590 381 2626 vester,
393 2590 423 2617 et
437 2586 561 2617 credent
576 2586 713 2617 homines
728 2586 806 2626 quod
820 2597 942 2628 regnum
960 2590 1015 2624 Dei

193 2633 361 2674 pervenerit
372 2631 401 2662 in
418 2631 508 2672 ipsos.
524 2632 588 2662 Non
605 2631 684 2661 enim
700 2631 794 2662 sanati
808 2631 941 2672 fuissent,
958 2636 1015 2668 nisi

194 2677 291 2708 divina
309 2676 443 2717 quaedam
455 2676 547 2706 virtus
559 2675 665 2707 fuisset
677 2676 740 2707 haec
756 2685 894 2717 operans.
912 2681 971 2712 Sed
987 2686 1018 2714 et

192 2726 310 2763 quando
323 2722 390 2762 quis
405 2721 505 2752 animo
521 2725 668 2760 aegrotans
691 2725 810 2752 sanatus
834 2722 932 2763 fuerit,
948 2730 1018 2759 tunc

193 2766 443 2808 appropinquavit
454 2766 483 2796 in
500 2775 568 2797 eum
584 2775 710 2804 regnum
721 2765 785 2798 Dei.
798 2767 842 2799 Ab
859 2775 1018 2810 aegrotante

1063 2278 1213 2318 τρέφεσθαι,
1243 2277 1286 2304 καὶ
1311 2277 1403 2313 μισθὸν
1432 2275 1516 2305 πάλιν
1544 2277 1615 2316 παρὰ
1630 2277 1708 2317 μέρος
1732 2275 1872 2315 λαμϐάνεινΥ

1063 2322 1123 2352 ἀλλ’
1159 2323 1236 2350 αὐτὸν
1264 2321 1312 2354 τὴν
1348 2321 1446 2362 τροφὴν
1471 2321 1527 2349 ἀντὶ
1566 2323 1659 2360 μισθου
1695 2322 1784 2363 ἔχετε,
1818 2323 1874 2362 ’Ὅρα

1059 2369 1115 2405 οὖν,
1147 2369 1203 2398 πῶς
1241 2366 1300 2397 τούς
1329 2366 1450 2404 μαθητὰς
1482 2366 1682 2407 ἐξασφαλίζεται
1713 2370 1778 2407 πρὸς
1799 2368 1872 2400 ixm-

1059 2414 1189 2451 μοσύνην,
1218 2412 1261 2439 καὶ
1288 2412 1440 2450 θεραπεύειν
1469 2411 1496 2439 δὲ
1525 2412 1586 2444 τούς
1622 2412 1648 2440 ἐν
1681 2421 1741 2444 ταῖς
1778 2412 1871 2442 πόλεσιν

1058 2459 1177 2488 ἀσθενεῖς
1207 2455 1396 2496 παραγγέλλει,
1422 2460 1470 2485 ῡνα
1499 2456 1613 2486 ἐντεῦθεν
1656 2460 1867 2498 ἣαυματουργοόν-

1057 2514 1111 2544 τες,
1141 2501 1323 2542 ἒφελκύωνται
1355 2502 1414 2533 τούς
1443 2502 1594 2542 ἀνθρώπως
1626 2503 1668 2531 ἐπὶ
1689 2505 1719 2531 τὸ
1748 2506 1865 2544 κήρυγμα.

1057 2543 1130 2588 "op:
1159 2547 1208 2586 γὰρ
1235 2547 1260 2574 τί
1274 2557 1350 2586 φησι,
1370 2547 1418 2575 Καὶ
1433 2546 1522 2586 λέγετε
1550 2547 1655 2588 αὐτοῖς,
1682 2549 1721 2577 ὅτι
1746 2545 1866 2588 ’Ἠγγικεν

1056 2593 1096 2634 ἐφ’
1126 2593 1194 2630 ὑμᾶς
1229 2593 1246 2626 ἡ
1273 2591 1394 2629 βασιλεία
1419 2593 1466 2620 τοῦ
1500 2596 1578 2622 Θεοῦ.
1595 2594 1624 2622 Εἰ
1652 2594 1702 2633 γὰρ
1716 2598 1815 2635 πρῶτον
1827 2595 1865 2621 θε-

1056 2637 1194 2678 ραπεύετε,
1223 2638 1285 2665 εἶτα
1312 2635 1458 2675 διδάσκετε,
1495 2637 1650 2678 εὖδρομήσει
1665 2639 1729 2677 ὑμῖν
1753 2642 1766 2669 ὁ
1787 2639 1865 2679 λόγος.

1057 2684 1100 2712 καὶ
1128 2682 1311 2711 πιστεύσουσιν
1338 2683 1361 2710 οἱ
1396 2682 1539 2723 ἅνθρωποι,
1565 2685 1605 2712 ὃτι
1634 2685 1651 2718 ἡ
1675 2684 1793 2723 βασιλεία
1830 2685 1868 2711 τοῦ

1058 2731 1124 2757 Θεοῦ
1145 2726 1259 2767 ἔφθασαν
1275 2727 1318 2755 ἐπ’
1334 2728 1438 2759 αὐτούς.
1463 2729 1517 2758 Οὐκ
1537 2727 1568 2757 ἄν
1582 2729 1632 2768 γὰρ
1647 2729 1836 2768 ἐθεραπεύοντο,
1851 2727 1867 2754 li

1059 2774 1098 2813 μή
1134 2783 1174 2805 τις
1203 2773 1258 2800 θεία
1284 2771 1392 2810 δύναμις
1414 2773 1474 2807 ἧνὴ
1496 2777 1578 2802 ταῦτα
1593 2773 1714 2805 τελοῦσα.
1740 2773 1866 2813 ’Λλλὰτὲρ
