1949 3077
90 218 149 251 829

88 286 202 324 βουλὴν,
238 287 308 316 ὥστε
336 287 462 316 ἀπελθεῖν
493 288 529 320 εἰς
559 283 746 327 Ἰερουσαλήμ..
769 286 918 326 Ἐκπέμπει

93 331 122 361 δὲ
162 333 293 373 ἀγγέλους
329 335 379 374 πρδ
407 335 550 374 προσώπου
577 335 666 374 αὑτοῦ,
684 333 730 363 ἵνα
755 332 918 372 ἑτοιμάσωσι

91 377 181 419 δοχὴν
221 390 281 408 τινα
314 382 396 416 αὐτῷ,
415 379 552 419 γινώσκων
568 380 616 418 μὲν
632 379 673 408 ὅτι
694 379 745 419 οὔχ
766 378 919 419 ὒποδεχθή-

91 434 167 452 σεται
195 424 247 453 ὑπὸ
275 425 328 454 τῶν
350 428 533 464 Σαμαρειτῶν,
557 423 631 462 ὅμως
654 423 678 452 δ’
693 424 736 453 οὖν
760 423 918 453 ἀποστέλλει

91 469 198 507 αὖτοὺς,
234 470 270 502 ὥς
299 469 329 498 ἅν
357 473 444 498 πᾶσαν
489 470 619 509 πρόφασιν
658 471 711 498 τῶν
748 472 918 508 Σαμαρειτῶν

91 513 218 553 περιέλῃ,
253 515 297 543 καὶ
320 515 359 552 μὴ
387 513 472 554 ἔχωσι
502 513 590 553 λέγειν
604 513 722 554 ὕστερον,
741 514 794 550 ὅτι,
812 512 918 546 Ἐδεξά-

91 559 160 596 μεθα
185 557 216 586 ἄν
247 559 324 588 αὐτὸν
351 559 374 587 εἱ
402 553 547 587 γᾶπέστειλέ
562 569 634 591 τινας
647 559 698 598 πρὸ
730 559 821 588 αὒτοῦ.
839 553 918 596 ’Ἅμα

91 601 120 631 δὲ
148 603 191 631 καὶ
226 604 287 636 τοὺς
317 603 438 641 μαθητὰς
453 604 533 633 αὒτοῦ
547 602 670 644 ὠφελῶν,
686 603 732 631 ἵνα
747 603 785 640 μὴ
800 601 917 631 σκανδα-

90 647 229 686 λισθῶσιν,
265 648 292 676 ἐν
335 652 373 685 τῷ
395 648 499 688 σταυρῷ
528 649 607 677 αὐτὸν
636 648 748 687 δρῶντες
775 647 916 687 ὑϐριζόμε-

90 703 148 722 νον.
192 691 268 722 Ἀλλ’
295 693 349 722 ἀπὸ
369 693 462 722 τούτου
476 697 522 723 τοῦ
549 693 592 721 νῧν
612 695 742 732 μπθωσιν,
771 692 811 721 ὅτι
828 693 918 731 ὥσπερ

91 741 137 767 νῦν
166 738 370 778 καταφρονηθεὶς
407 738 478 776 παρὰ
507 737 561 766 τῶν
583 740 767 776 Σαμαρειτῶν,
793 735 918 770 ἀνεξικά-

91 792 147 814 κως
183 781 292 823 ἤνεγκε,
321 781 422 819 μᾶλλον
449 781 476 810 δὲ
519 782 562 810 καὶ
578 781 670 814 σῦτοῖς
691 781 836 820 ἐπετίμησε
857 788 917 813 τοῖς

91 828 228 865 μαθηταῖς
269 826 456 867 παροξύνουσιν
483 826 561 855 αὖτὸν
589 827 658 855 κατὰ
696 830 750 855 τῶν
779 826 916 867 δϐριστῶν,

91 872 164 900 οὕτω
204 873 247 900 καὶ
281 872 341 900 τότε
357 872 561 910 σταυρούμενος,
586 871 638 912 οὔχ
653 872 689 904 ὡς
705 871 840 908 ἀδύνατος,
857 871 919 900 ἀλλ’

91 918 130 948 ὡς
160 917 329 956 μακρὸθυμος
358 916 442 958 φέρει.
475 915 587 956 Ὠφελεϊ
613 915 640 944 δὲ
689 917 749 948 τοὺς
784 917 917 956 μαθητὰς,

90 962 136 990 καὶ
160 962 225 990 καθὸ
253 960 367 990 διδάσκει
397 961 491 993 αὐτούς
527 961 556 989 ἐκ
586 966 633 991 τοῦ
658 960 716 990 καθ’
739 962 818 990 αὑτὸν
848 962 917 990 ὑπο-

91 1005 245 1045 δείγματος,
284 1006 452 1039 ἀνεξικάκως
474 1006 558 1036 εἶναι.
587 1006 665 1035 Αὐτοὶ
694 1005 742 1043 μὲν
768 1006 818 1046 γὰρ
855 1007 919 1046 πρὸς

90 1052 138 1079 τὸν
167 1050 259 1080 Ἠλίαν
288 1051 450 1089 ἀφορῶντες,
487 1050 516 1083 ὃς
538 1050 680 1091 κατέφλεξε
702 1050 739 1083 δὶς
755 1051 919 1086 πεντήκοντα

91 1095 188 1136 ἄνδρας
218 1096 287 1134 μετὰ
314 1099 367 1124 τῶν
396 1095 652 1136 πεντηκοντάρχων,
688 1095 837 1135 παρώξυνον
873 1096 918 1124 τὸν

91 1141 188 1180 Κύριον
220 1141 288 1169 κατὰ
315 1143 368 1169 τῶν
395 1139 566 1180 ὑϐρισάντων·
599 1139 637 1168 ἔνι
652 1141 701 1180 γὰρ
715 1139 822 1172 ἀτελεῖς
838 1140 916 1174 ἦσαν,

91 1186 176 1216 Αὗτὸς
205 1184 232 1213 δὲ
259 1184 383 1213 δεικνύων
410 1185 514 1222 αὖτοϊς,
545 1184 585 1212 ενι
615 1184 779 1223 ὑψηλότερὸς
805 1185 874 1214 ἐστιν
903 1187 917 1214 ὁ

91 1232 172 1260 αὑτοῦ
206 1230 287 1268 νόμος
323 1230 341 1264 ἢ
370 1231 384 1258 ὁ
419 1229 486 1257 κατὰ
521 1230 566 1258 τὸν
594 1229 688 1258 Ἠλίαν
715 1229 783 1268 βίος,
808 1231 918 1268 ἓπιτιμᾷ

92 1275 199 1315 αὐτοῖς,
228 1275 272 1303 καὶ
309 1274 449 1315 ἀφίστησιν
477 1274 530 1302 ἀπὸ
556 1277 606 1308 τῆς
635 1275 759 1308 τοιαύτης
794 1275 915 1313 γνώμης,

93 1319 204 1353 Διδάξας
237 1320 328 1359 πράως
364 1319 450 1359 φέρειν
479 1319 539 1351 τοὺς
561 1317 722 1358 ὑϐρίζοντας.
743 1321 773 1349 Τί
797 1318 824 1347 δὲ
847 1319 916 1348 ἐστιν

91 1364 157 1405 ὅπερ
185 1363 268 1404 λέγει,
298 1363 353 1393 οὒκ
373 1362 493 1397 ἱδέξαντο
526 1364 614 1401 αὒτὸν,
648 1365 688 1392 ὃτι
717 1364 917 1405 τιὸ-πρόσωπον

90 1402 172 1438 αὗτοῦ
201 1402 234 1443 ἧν
267 1409 445 1448 πορευόμενον
475 1409 510 1441 εἰς
537 1407 713 1448 Ἰερουσαλήμ
731 1419 739 1447 ;
756 1402 821 1448 Ἀρι
840 1410 917 1438 τοῦτο

91 1454 176 1494 λέγει,
211 1453 251 1482 ὅτι
284 1455 331 1483 οὐκ
347 1452 466 1486 ἐδέξαντο
488 1454 577 1490 αὑτὸν,
600 1452 666 1482 διότι
684 1453 814 1493 ἀφώρισεν
839 1455 916 1486 αὐτὸς

91 1498 218 1528 ἀπελθεῖν
255 1499 292 1530 εἷς
342 1494 536 1537 ιΙεροιισαλήμς
568 1499 617 1528 Καὶ
647 1498 740 1527 λοιπὸν
774 1497 818 1527 ἑὶν
838 1499 917 1527 -οὕτω

91 1545 244 1582 νοήσωμεν,
277 1544 317 1572 ὃτι
345 1542 386 1572 διὰ
421 1547 498 1572 τοῦτο
527 1543 605 1571 αὖτὸν
620 1544 667 1572 οὒκ
696 1542 825 1580 ἐδέξαντο,
850 1542 915 1572 διότι

90 1589 170 1620 αὐτὸς
199 1588 330 1628 ἀφώρισεν
364 1587 489 1616 ἀπελθεῖν
518 1588 554 1620 εἷς
579 1583 763 1627 Ἰερουσαλὴμ,
780 1588 915 1628 εὑρίσκον-

89 1644 133 1662 ται
170 1633 268 1662 ἐκεῖνοι
296 1633 420 1672 ἀναίτιοι,
449 1633 472 1661 οἱ
510 1632 548 1670 μὴ
563 1631 726 1670 δεξάμενοις
749 1631 851 1661 ’Ἔστιν
873 1635 917 1665 οὖν

89 1681 178 1708 εἰπεῖν
208 1678 248 1706 ὅτι
291 1682 368 1707 τοῦτο
402 1678 474 1718 λέγει
511 1679 525 1706 ὁ
563 1678 764 1718 εὖαγγελιστὴς,
796 1678 835 1706 ὅτι
871 1681 917 1708 οὐκ

90 1722 212 1757 ἒδέξαντο
238 1722 329 1751 αὖτὸν⁴
359 1721 417 1750 οὔδε
448 1722 569 1756 εἰσῆλθεν
591 1723 627 1754 εἷς
659 1723 820 1763 Σαμάρειαν.
847 1723 916 1752 Εἶτα

88 1769 179 1808 ὥσπερ
214 1769 284 1800 τινὸς
308 1767 504 1808 ἐρωτήσαντος,
541 1768 584 1796 καὶ
605 1766 673 1796 διατι
695 1768 746 1808 οὐχ
759 1767 915 1802 ὑπεδέξαντο

89 1814 169 1844 αὑτὸν
203 1813 245 1841 καὶ
281 1811 400 1850 ἄκοντες,
431 1812 491 1842 οὖδὲ
520 1812 649 1849 εἷσῆλθεν,
686 1812 736 1852 ἆρα
763 1811 829 1842 διότι
850 1812 912 1842 ἀδύ-

88 1869 166 1891 νατος
195 1857 238 1895 ἦν,
276 1857 294 1892 ἢ
331 1857 378 1887 οὐκ
405 1857 487 1898 ’ἴσχυε
509 1857 558 1886 κᾶν
576 1857 674 1886 ἐκεῖνοι
703 1858 743 1895 μὴ
759 1857 911 1899 ἐϐούλοντο,

87 1902 217 1932 εἰσελθεῖν
235 1912 243 1940 ;
281 1902 354 1931 Λύων
380 1906 469 1935 τοῦτο,
486 1904 576 1943 φησίν·
595 1902 657 1943 οὖχὶ
678 1902 720 1931 διὰ
734 1903 765 1931 τὸ
789 1902 913 1937 ἀδύνατος

477 221 696 253 ENARRATIO
719 215 1035 252 IN—EVANGELIUM
1062 222 1179 252 LUC/ﬂ.
1208 239 1243 244 ——
1266 223 1348 253 CAP.
1381 223 1420 253 IX

1730 220 1789 254 830

930 290 949 315 Α
961 290 1030 318 ante
1041 287 1147 320 faciem
1171 298 1255 320 suam
1272 289 1392 330 emittit,
1407 294 1440 320 ut
1454 294 1558 331 parent
1573 290 1630 332 ipsi
1654 290 1786 322 diverso-

959 331 1084 371 rium,et
1097 334 1198 365 sciens
1213 334 1292 375 quod
1304 345 1321 366 a
1334 335 1528 366 Samaritanis
1543 345 1601 367 non
1614 340 1714 367 essent
1724 345 1787 366 sus—

960 377 1298 417 cipiendi,nihilominus
1315 384 1415 410 tamen
1426 380 1494 420 illos
1503 381 1658 419 emittit,ut
1667 390 1785 412 omnem

961 423 1214 454 Samaritanorum
1230 423 1344 454 auferat
1367 425 1602 461 excusationem,
1625 435 1662 456 ne
1687 424 1786 456 dicere

963 472 1092 507 possent;
1109 468 1356 507 Suscepissemus
1371 469 1453 499 illurn
1474 470 1499 500 si
1521 470 1664 511 quosdam
1680 479 1740 511 prae
1755 479 1786 500 se

963 512 1103 544 misisset.
1121 513 1243 544 Interim
1260 517 1288 544 et
1303 513 1458 554 discipulis
1476 515 1542 554 ejus
1555 515 1628 546 utile
1644 515 1700 546 hoc
1711 520 1783 555 erat,

960 561 991 588 ut
1007 557 1153 594 videntes,
1168 561 1270 598 postea
1285 558 1316 588 in
1331 568 1420 589 cruce
1436 559 1480 590 illi
1493 559 1785 600 opprobrari,minus

960 602 1241 639 scandalizarentur,
1254 603 1306 634 sed
1318 612 1353 634 ex
1369 603 1425 634 hoc
1439 604 1514 635 facto
1524 606 1618 644 magis
1633 604 1783 636 discerem

960 647 1133 687 quod,sicut
1144 657 1223 678 nunc
1237 652 1448 689 contemptusa
1460 649 1655 680 Samaritanis
1667 650 1783 690 patien—

960 695 1004 722 ter
1020 692 1097 730 tulit,
1108 697 1197 733 atque
1213 692 1376 733 discipulos
1397 693 1467 723 540
1488 693 1647 734 increpavit
1659 702 1784 734 exaspe-

960 740 1060 767 rantes
1075 746 1143 768 eum
1155 740 1260 768 contra
1271 737 1515 778 contumeliosos,
1527 738 1566 769 ita
1589 742 1618 770 et
1632 743 1702 769 tunc
1717 748 1783 769 cum

959 782 1257 821 cruciﬁgeretur,non
1273 786 1303 813 ut
1317 782 1481 823 impotens,
1495 782 1547 814 sed
1559 787 1592 814 ut
1606 783 1785 822 longanimis

959 825 1043 858 ferat.
1057 827 1183 858 Prodest
1206 827 1296 858 etiam
1314 828 1343 859 in
1359 828 1416 858 hoc
1438 827 1605 869 discipulis,
1623 828 1702 869 quod
1717 828 1784 859 iIIOs

959 880 1012 902 suo
1024 872 1160 912 exemplo
1180 872 1268 903 docet
1292 872 1440 913 patientes
1454 882 1532 905 esse.
1546 872 1725 914 Illiquidem
1747 873 1782 904 ad

959 915 1053 947 Eliam
1069 916 1279 956 respicientes,
1293 917 1343 957 qui
1353 917 1398 948 bis
1408 917 1620 959 quinquaginta
1628 918 1706 949 viros
1716 927 1782 948 cum

932 956 948 980 Β
961 961 1225 1002 quinquagenariis
1241 956 1426 1002 principibus
1443 956 1608 1000 exusserat,
1624 972 1784 1002 exaspera-

961 1005 1032 1036 bant
1041 1006 1198 1037 Dominum
1209 1010 1312 1037 contra
1321 1015 1372 1038 eos
1385 1007 1435 1047 qui
1447 1016 1478 1037 se
1487 1007 1596 1047 injuria
1607 1007 1782 1039 atl‘ecerant:

962 1054 1046 1081 erant
1071 1050 1150 1081 enim
1175 1051 1272 1081 adhuc
1289 1051 1468 1092 imperfecti.
1486 1051 1631 1083 Caeterum
1650 1051 1784 1084 Christus

960 1094 1071 1126 docens
1087 1095 1181 1135 legem
1197 1105 1280 1126 suam
1291 1095 1496 1127 sublimiorem
1508 1105 1595 1137 quam
1603 1096 1691 1127 vitam
1699 1096 1782 1134 Eliae,

959 1140 1094 1181 increpat
1110 1150 1172 1181 eos,
1189 1144 1277 1181 atque
1291 1150 1308 1171 a
1321 1141 1372 1172 tali
1398 1141 1546 1172 sententia
1561 1141 1691 1178 abducit,
1714 1150 1782 1173 cum

958 1184 1108 1216 docuisset
1123 1190 1276 1216 mansuete
1291 1185 1430 1216 ferendos
1446 1185 1513 1216 illos
1528 1188 1579 1226 qui
1594 1185 1703 1225 injuria
1713 1185 1781 1217 afﬁ-

958 1229 1088 1262 ciebant.
1100 1230 1174 1267 Quid
1191 1234 1288 1262 autem
1301 1235 1345 1261 est
1359 1230 1439 1271 quod
1455 1229 1537 1267 dicit,
1555 1240 1615 1261 non
1637 1239 1781 1271 suscepe-

958 1279 1027 1305 runt
1039 1283 1119 1312 eum,
1132 1275 1200 1316 quia
1223 1275 1312 1306 facies
1327 1275 1391 1315 ejus
1416 1279 1478 1306 erat
1500 1275 1597 1306 euntis
1612 1275 1782 1316 Hierosoly-

959 1319 1197 1360 mam?Nunquid
1213 1319 1285 1350 dicit
1300 1319 1378 1361 quod
1395 1330 1454 1351 non
1470 1319 1782 1361 susceperinteum,eo

959 1364 1037 1405 quod
1057 1364 1214 1395 deﬁnierat
1227 1364 1311 1396 abire
1325 1364 1573 1405 Hierosolymam?
1595 1370 1623 1396 et
1638 1374 1704 1396 cum
1726 1365 1782 1397 hoc

958 1409 1002 1440 sic
1017 1408 1347 1449 intellexerimus,quod
1359 1419 1426 1440 eum
1438 1413 1594 1450 propterea
1608 1419 1666 1440 non
1682 1419 1781 1441 susce-

959 1453 1068 1494 perint,
1086 1463 1121 1484 eo
1146 1454 1224 1494 quod
1249 1454 1404 1485 definierat
1428 1454 1511 1485 abire
1534 1453 1779 1494 Hierosolymam,

959 1497 1151 1529 inveniuntur
1175 1498 1218 1529 illi
1239 1499 1371 1530 excusati
1394 1508 1452 1529 non
1480 1498 1703 1539 suscipientes?
1731 1499 1782 1530 Est

959 1542 1049 1581 igitur
1064 1543 1234 1584 dicendum,
1253 1543 1331 1583 quod
1348 1542 1526 1583 evangelista
1540 1543 1595 1573 hoc
1607 1543 1778 1583 dicit,quod

959 1597 1018 1619 non
1034 1593 1230 1629 susceperunt
1242 1597 1422 1629 eum,neque
1439 1588 1592 1619 intravitin
1604 1587 1777 1620 Samariam:

927 1628 947 1653 ε
960 1633 1068 1664 deinde
1096 1628 1179 1674 quasi
1207 1628 1416 1673 interrogasset
1440 1634 1597 1674 quispiam,
1613 1643 1706 1674 quare
1721 1644 1779 1665 non

959 1682 1156 1718 susceperunt
1175 1678 1216 1719 (α)
1238 1678 1283 1709 vel
1311 1678 1394 1709 inviti
1420 1687 1500 1718 eum,
1527 1687 1623 1719 neque
1638 1678 1781 1710 intravit?

958 1723 1089 1764 nunquid
1105 1724 1255 1764 impotens
1271 1723 1348 1754 erat?
1363 1733 1400 1754 an
1413 1733 1473 1754 non
1490 1723 1602 1754 valebat
1619 1723 1708 1754 etiam
1723 1723 1780 1755 illis

957 1768 1129 1799 nolentibus
1143 1767 1275 1807 ingredi?
1290 1767 1412 1800 Solvens
1438 1768 1506 1808 hoc,
1524 1767 1595 1798 dicit
1611 1777 1618 1798 :
1637 1777 1697 1798 non
1712 1767 1780 1800 ideo

956 1813 1024 1853 quia
1040 1813 1188 1853 impotens
1212 1813 1275 1852 fuit,
1299 1813 1352 1844 sed
1377 1813 1446 1854 quia
1461 1812 1556 1843 noluit
1570 1812 1640 1843 illuc
1655 1812 1711 1852 ire,
1727 1813 1779 1845 sed

955 1857 1188 1898 Hierosolymam
1209 1869 1214 1890 :
1232 1858 1371 1899 quoniam
1400 1857 1457 1888 nisi
1480 1858 1537 1888 lIoc
1557 1857 1672 1894 fuisset,
1689 1856 1778 1888 etiam

955 1903 1053 1934 invitis
1067 1903 1126 1934 illis
1140 1904 1170 1934 in
1185 1903 1341 1937 castellum
1358 1903 1508 1943 ingressus
1522 1901 1636 1933 fuisset.

87 1948 172 1983 εἶναι,
194 1947 262 1976 ἀλλᾶ
278 1946 344 1976 διότι
359 1948 406 1976 οὑκ
419 1946 541 1977 ἐϐούλετο
557 1947 614 1976 ἐκεῖ
644 1947 783 1988 εἰσελθεῖν,
816 1947 884 1977 ἆλλὰ
911 1947 1037 1976 ἀπελθεῖν
1066 1949 1102 1980 εἷς
1137 1948 1317 1987 Ἱεροσόλυμα,
1333 1948 1390 1977 επεὶ
1407 1949 1428 1976 εἰ
1450 1948 1488 1985 μὴ
1506 1951 1583 1976 τοῦτο
1599 1948 1644 1985 ἧν,
1669 1948 1712 1976 καὶ
1741 1944 1779 1978 ιιῆ

86 1992 254 2032 βουλομένων
269 1992 374 2021 ἐκείνων
391 1992 511 2026 εἰσῆλθεν
526 1993 557 2020 ἂν
573 1993 608 2025 εὶς
629 1993 679 2026 τὴν
694 2003 803 2031 κωμην.

129 2050 143 2066 σ
183 2035 305 2077 Ἐγένετο
331 2036 358 2065 δὲ
392 2037 574 2077 πορευομένων
602 2037 688 2066 αὐτῶν
716 2037 743 2065 ἐν
784 2038 818 2076 τῇ
847 2037 911 2078 ὁδῷ,

87 2082 150 2112 εἶπέ
178 2093 219 2115 τις
254 2083 319 2122 πρὸς
355 2082 444 2111 αὐτόν·
472 2080 660 2117 Ἀκολουθήσω
694 2092 736 2110 σοι
776 2081 842 2111 ὅπου
882 2082 912 2110 ἄν

87 2127 209 2169 ᾲπέρχῃ,
240 2127 328 2163 Κύριε.
356 2128 405 2157 Καὶ
443 2128 520 2155 εἶπεν
542 2127 613 2164 αὖτῴ
628 2128 642 2155 ὁ
658 2126 770 2160 Ἰησοῦς·
792 2128 822 2155 Αἱ
838 2126 912 2155 ἁλώ-

87 2183 168 2205 πεκες
196 2171 315 2212 φωλεούς
344 2171 449 2212 ἔχουσι,
486 2173 530 2200 καὶ
557 2172 589 2200 τὰ
616 2171 723 2200 πετεινὰ
738 2175 784 2200 τοῦ
805 2172 914 2209 οὐρανοῦ

86 2217 317 2250 κατασκηνώσεις·
356 2217 370 2245 ὁ
400 2216 427 2244 δὲ
459 2217 518 2248 Υἱὸς
553 2220 599 2245 τοῦ
627 2216 764 2255 ἀνθρώπου
780 2217 826 2245 οὒκ
853 2216 912 2257 ἔχει

85 2267 137 2292 ποῦ
167 2262 216 2296 τὴν
244 2261 363 2302 κεφαλὴν
386 2261 473 2300 κλίνῃ.
499 2262 568 2290 Εῖπε
583 2260 611 2290 δὲ
626 2261 691 2300 προς
711 2260 810 2301 ἕτερον·
829 2257 911 2290 Ἀκο-

85 2305 171 2335 λούθει
207 2317 264 2343 μοι.
296 2302 325 2336 Ὀ
354 2305 381 2334 δὲ
398 2307 471 2334 εἶπε·
493 2306 582 2346 Κύριε,
599 2303 746 2344 ’ἐπίτρεψόν
762 2317 807 2344 μοι
822 2305 909 2335 ἀπελ-

997 2037 1192 2070 Vaas.57-6‘2.
1209 2051 1219 2067 ι
1239 2038 1362 2070 Factum
1372 2042 1416 2069 est
1430 2041 1542 2078 autem,
1557 2037 1781 2070 ambulantibus

954 2081 1013 2113 illis
1029 2082 1059 2113 in
1078 2083 1131 2118 via,
1146 2082 1221 2114 dixit
1236 2083 1356 2124 quidam
1373 2082 1410 2114 ad
1427 2082 1510 2114 illum
1526 2093 1531 2112 :
1546 2083 1661 2123 Sequar
1672 2083 1778 2118 ιο,ῡο-

956 2127 1047 2168 mine,
1064 2137 1243 2168 quocunque
1266 2128 1348 2159 ieris.
1376 2127 1454 2158 Dixit
1481 2127 1524 2158 illi
1544 2127 1631 2159 Jesus
1647 2137 1654 2157 :
1668 2126 1780 2168 Vulpes

955 2171 1056 2204 foveas
1072 2172 1228 2204 habent.et
1242 2173 1376 2204 volueres
1392 2172 1461 2204 cceli
1477 2171 1671 2202 nidostilius
1681 2176 1779 2203 autem

954 2216 1084 2248 hominis
1099 2227 1157 2248 non
1176 2217 1264 2248 habet
1278 2217 1329 2248 ubi
1344 2220 1432 2257 caput
1460 2226 1547 2247 suum
1573 2216 1708 2248 reclinet.
1728 2216 1780 2248 Ait

954 2266 1051 2293 autem
1068 2262 1105 2293 ad
1120 2262 1247 2294 alterum
1266 2272 1272 2293 :
1288 2264 1419 2303 Sequere
1435 2271 1493 2293 me.
1512 2261 1564 2294 [lle
1579 2266 1679 2292 autem
1693 2261 1777 2292 dixit:

953 2305 1089 2343 Domine,
1109 2306 1248 2347 permitte
1260 2306 1331 2338 mihi
1351 2306 1480 2346 primum
1496 2305 1590 2344 abire,
1607 2309 1636 2337 et
1651 2305 1779 2346 sepelire

83 2351 154 2380 θόντι
178 2353 282 2389 πρῶτον
310 2351 391 2389 θίψτιι
428 2354 472 2378 τὸν
508 2351 608 2390 πατέρι
625 2362 686 2388 μου.
706 2351 775 2379 Εἷπε
798 2349 824 2379 δὲ
840 2351 911 2390 αὑτῷ

997 2354 1066 2382 trem
1084 2351 1281 2383 meum.Dixit
1301 2355 1400 2382 autem
1414 2351 1440 2382 ei
1452 2349 1549 2382 Jesus:
1562 2350 1633 2381 Sine
1648 2354 1680 2381 ut
1695 2359 1777 2381 mor--

84 2397 98 2425 ὁ
128 2395 243 2430 ἰησοῦςο
282 2395 373 2436 ’Ἄφες
397 2397 456 2429 τοὺς
485 2395 590 2435 νεκροὺς
625 2396 706 2433 θάψαι
729 2395 789 2427 τοὺς
812 2396 912 2425 ἑαυτῶν

83 2441 203 2481 νεκροὺς,
232 2441 262 2469 σὺ
291 2440 318 2469 δὲ
357 2440 490 2477 ἀπελθὼν,
531 2439 670 2481 διὰγγελλε
698 2440 748 2473 τὴν
775 2439 912 2478 βασιλείαν

82 2479 135 2515 τοῦ.
157 2479 234 2516 Θεοῦ.
272 2486 342 2515 Εῒπε
373 2484 400 2513 δὲ
437 2486 480 2514 καὶ
508 2484 608 2525 ἕτερος·
644 2479 830 2520 Ἀκολουθήσω
853 2497 909 2522 σοι,

83 2531 174 2570 Κύριε,
210 2533 314 2570 πρῶτον
345 2529 371 2558 δὲ
402 2530 542 2570 ἐπίτρεψόν
578 2540 624 2568 μοι
651 2529 829 2562 ἀποτάξασθαι
851 2537 910 2563 τοῖς

82 2576 118 2608 εἷς
143 2576 189 2604 τὸν
217 2576 294 2605 οἶκόν
327 2587 387 2613 μου.
427 2576 494 2604 Εἶπε
517 2574 543 2602 δὲ
573 2576 587 2603 ὁ
603 2573 706 2608 Ἰησοῦς
729 2574 794 2614 πρὸς
819 2575 908 2604 αὒτόν·

82 2619 170 2651 Οὒδεὶς
198 2619 332 2649 επιϐαλὼν
368 2620 417 2654 τὴν
454 2627 537 2660 χε⁴ρχ
560 2620 637 2649 αὑτοῦ
660 2614 708 2647 ἀπ’
730 2618 840 2658 ἄροτρον
866 2622 910 2649 καὶ

81 2663 188 2702 βλέπων
213 2666 249 2697 εἰς
278 2665 310 2693 τὰ
325 2665 421 2702 ὀπίσω,
439 2664 541 2696 εὔθετός
565 2663 636 2692 ἐστιν
651 2664 688 2696 εἰς
710 2664 760 2697 τὴν
774 2663 909 2701 βασιλείαν

79 2711 125 2738 τοῦ
155 2713 232 2739 Θεοῦ.
270 2721 282 2739 ε
329 2710 413 2742 Οὗτος
443 2711 457 2738 ὁ
500 2708 651 2749 προσελθὼν
679 2711 718 2746 τῷ
740 2707 840 2749 Ἰησοῦ,
865 2711 909 2739 καὶ

78 2755 257 2793 αἰτησάμενος
286 2754 333 2783 ’ἵνα
372 2754 505 2788 ἀκολουθῆ
551 2754 632 2792 αὺτῷ,
675 2754 742 2792 μετὰ
791 2758 908 2794 πονηρᾶς

77 2799 189 2839 γνώμης
219 2798 381 2840 προσῆλθεν.
411 2798 487 2828 Ἐπεὶ
514 2798 564 2838 γὰρ
579 2796 633 2826 εΐόε
649 2799 695 2826 τὸν
712 2798 804 2838 Κύριον
824 2798 907 2828 πολὺν

954 2395 995 2426 tui
1007 2396 1154 2436 sepeliant
1165 2401 1296 2427 mortuos
1313 2401 1428 2426 suos:tu
1443 2404 1513 2426 vero
1528 2394 1602 2426 vade
1617 2400 1646 2425 et
1660 2404 1778 2426 annun-

954 2440 994 2471 tia
1008 2450 1134 2481 regnum
1149 2440 1214 2473 Dei.
1234 2441 1271 2473 Et
1285 2441 1326 2473 ait
1341 2440 1416 2472 alius
1431 2451 1437 2470 :
1452 2439 1566 2481 Sequar
1584 2442 1626 2476 te,
1641 2439 1776 2478 Domine,

954 2486 1006 2518 sed
1023 2486 1162 2527 permitte
1175 2485 1246 2517 mihi
1259 2486 1341 2526 prius
1356 2490 1387 2517 ut
1403 2485 1498 2516 dicam
1514 2484 1577 2516 vale
1588 2484 1635 2520 iis,
1649 2484 1699 2525 qui
1710 2489 1779 2516 sunt

954 2531 1034 2562 domi
1050 2541 1134 2564 meae.
1151 2531 1200 2562 Ait
1220 2531 1256 2562 ad
1283 2531 1368 2562 illum
1382 2530 1469 2563 Jesus
1487 2540 1493 2561 :
1510 2529 1603 2561 Nemo
1623 2529 1674 2570 qui
1689 2538 1778 2560 manu

953 2584 1004 2605 sua
1022 2575 1142 2608 admota
1172 2581 1280 2614 aratro,
1298 2576 1428 2617 respexit
1453 2584 1471 2606 a
1498 2579 1594 2614 tergo,
1620 2578 1706 2613 aptus
1734 2578 1779 2604 est

951 2629 1047 2661 regno
1062 2621 1146 2652 Dei.»
1164 2620 1221 2652 Hic
1234 2622 1282 2662 qui
1298 2621 1425 2652 aceessit
1441 2619 1478 2651 ad
1493 2619 1640 2655 Jesum,et
1654 2618 1778 2660 petiitut

951 2671 1129 2706 sequeretur
1143 2666 1238 2706 illum,
1257 2666 1333 2698 mala
1346 2669 1444 2697 mente
1464 2664 1598 2695 accessit.
1610 2664 1683 2700 Quia
1698 2663 1777 2694 enim

950 2710 1027 2743 vidit
1042 2720 1177 2751 magnam
1194 2710 1308 2741 turbam
1326 2710 1409 2751 sequi
1426 2708 1596 2746 Dominum,
1609 2709 1777 2749 suspicatus

950 2759 1005 2793 est,
1018 2755 1096 2796 quod
1114 2755 1272 2796 pecuniam
1289 2755 1325 2786 ab
1337 2755 1388 2786 illa
1402 2754 1555 2794 colligeret
1570 2753 1727 2789 Dominus,
1745 2757 1774 2784 et

949 2800 1078 2841 speravit
1089 2800 1177 2832 etiam
1186 2800 1250 2841 ipse
1263 2798 1416 2841 sequendo
1432 2799 1572 2840 pecunias
1578 2806 1776 2838 secongrega-

120 2888 162 2928 (α)
180 2888 261 2923 Edit.
278 2888 345 2922 Lut.
362 2887 480 2930 omittit,
497 2895 593 2929 quare
608 2896 667 2920 non
682 2892 888 2931 susceperunt,
902 2893 959 2922 etc.
