1949 3077
201 190 256 224 831

685 190 982 223 THEOPHYLACTI
1006 188 1211 221 BULGARI/E
1234 190 1412 223 ARCHIEP.

1838 157 1933 222 83"."

201 259 298 286 torum
312 267 320 288 :
333 255 446 288 idcirco
461 256 580 297 repellit
597 265 664 287 eum
681 255 837 293 Dominus,
850 255 934 297 quasi
958 259 970 286 t

1172 256 1352 295 ἐπαγόμενον,
1374 256 1507 296 ἐνόμισεν,
1524 256 1564 285 ὅτι
1579 257 1632 285 ἀπὸ
1646 257 1747 285 τούτων
1765 258 1888 297 χρήματα

200 300 302 331 dicens
314 301 341 331 ei
358 300 422 332 :Tu
438 300 558 341 quidem
573 304 656 340 putas
672 301 749 341 quod
767 301 923 341 pecuniam
940 300 1029 331 colle-

199 348 300 376 cturus
316 347 367 382 sis,
386 346 410 376 si
424 356 471 377 me
487 347 633 386 sequaris.
648 350 678 377 et
704 346 783 386 quod
804 347 860 377 vita
878 355 944 376 mea
963 346 1029 376 talis

199 389 237 420 sit
253 399 341 430 quam
357 391 449 422 doceo
465 391 516 421 sed
535 400 593 421 non
605 390 827 421 est.Enimrero
844 400 937 431 usque
952 389 1027 421 adeo

199 439 400 474 paupertatem
416 435 509 466 doceo
528 440 556 466 et
568 435 689 473 induco,
703 439 735 466 ut
754 445 821 466 cum
833 435 890 466 alia
906 435 1024 475 quidem

199 479 342 511 animalia
356 480 455 511 foveas
469 480 609 515 habeant,
628 489 681 519 ego
697 489 734 510 ne
745 480 865 511 domum
891 480 1024 520 quidem,

198 528 227 554 et
239 524 282 554 sic
295 524 379 555 illum
391 524 501 565 repulit
531 524 627 555 Alium
644 528 741 555 autem
761 524 810 564 qui
827 533 886 555 non
901 533 1024 563 rogave-

198 573 254 603 rat.
270 570 412 609 permittit
433 569 538 610 sequi:
558 574 668 600 etcum
698 573 812 608 peteret
839 573 870 599 ut
895 569 978 600 abire
998 565 1025 600 ei

199 613 313 650 liceret,
343 619 372 645 et
398 614 529 653 sepelire
557 619 671 654 patrem
698 614 763 644 541
797 623 896 653 suum,
913 614 940 644 ei
967 623 1024 644 non

197 658 348 695 concedit,
365 658 469 689 dicens
485 668 491 690 :
509 658 580 690 Sine
593 662 724 689 mortuos
749 658 878 699 sepelire
894 668 952 689 mox
962 663 1026 689 tuos

197 711 339 743 suns,quo
352 703 481 734 insinuat
496 704 684 734 incredulum
696 703 789 734 fuisse
805 708 917 744 patrem
933 703 1024 740 illius,

197 752 225 777 et
239 753 398 786 propterea
413 748 566 788 indignum
580 748 666 788 cujus
681 757 781 779 curam
804 752 921 787 gereret
948 748 1025 778 ﬁlius

196 791 244 831 qui
260 792 437 822 crediderat.
457 791 529 823 Sine
545 793 624 823 enim
653 797 786 823 mortuos
801 797 953 832 cognatos,
970 792 1025 823 hoc

197 837 433 874 estincredulos,
448 837 597 868 increduli
623 838 715 878 patris
731 847 830 868 curam
857 846 973 875 gerere.
995 842 1024 868 et

195 879 278 911 illum
296 891 416 921 pascere
428 892 520 923 usque
533 882 567 913 ad
586 883 779 922 sepulturam.
796 882 929 922 Sepelire
944 882 1022 912 enim

195 924 252 956 hoc
264 925 328 957 loco
344 926 491 966 signiﬁcat
506 937 607 958 curam
623 936 728 966 gerere
738 936 832 967 usque
845 927 880 957 ad
892 927 1024 965 sepultu-

193 977 257 1000 ram
277 979 283 1001 :
299 971 367 1010 quia
382 976 409 1002 et
425 971 594 1002 communis
609 971 707 1002 sermo
726 971 765 1002 ita
780 971 878 1008 habet,
893 980 960 1000 cum

673 981 707 1002 no
726 971 765 1002 ita
780 971 878 1008 habet,
893 980 960 1000 cum
975 970 1021 1001 di-
1034 978 1053 1003 Β
1064 972 1124 1003 τοὺς
1160 971 1265 1011 νεκροὺς
1294 978 1442 1011 συγγενεῖς,

195 1013 300 1051 cimus,
318 1015 367 1046 ille
383 1016 462 1047 ﬁlius
486 1017 604 1056 sepeliit
623 1021 735 1056 patrem
752 1026 915 1056 suum,non
933 1015 1021 1046 intel-

194 1058 313 1098 ligimus
323 1061 401 1100 quod
418 1065 531 1091 tantum
547 1060 792 1100 sepelieriteum,
809 1065 838 1091 et
861 1061 934 1090 nihil
952 1059 1023 1090 boni

191 1102 270 1134 aliud
286 1104 329 1134 illi
342 1105 456 1138 fecerit.
475 1105 527 1136 sed
541 1106 617 1146 quod
631 1105 803 1145 diligentem
827 1105 891 1145 ejus
919 1113 1019 1135 curam

192 1147 327 1180 habuerit
343 1159 436 1190 usque
444 1154 480 1181 ad
494 1155 621 1181 mortem
635 1154 662 1181 et
675 1149 966 1190 sepulturamlgilur
978 1149 1019 1180 illi

191 1193 311 1233 quidem
329 1194 448 1231 mortui,
463 1195 518 1225 hoc
534 1199 579 1226 est
594 1194 757 1231 increduli,
775 1194 920 1234 sepeliant
937 1203 1019 1224 mor-

194 1241 275 1268 tuum
293 1248 392 1275 suum,
409 1239 477 1270 dico
503 1243 616 1280 patrem
647 1243 742 1270 tuum.
765 1239 808 1270 Tu
837 1243 934 1269 autem
951 1239 1022 1278 quia

192 1283 356 1324 credidisti,
367 1284 509 1315 annuntia
538 1284 617 1316 velut
633 1293 717 1314 meus
733 1283 868 1324 dispulus
883 1283 1020 1323 Evange-

193 1326 265 1358 lium
276 1327 407 1360 Dei.Hoc
418 1334 516 1359 autem
528 1329 602 1359 dixit
614 1329 769 1363 Dominus,
783 1337 841 1358 non
858 1328 1021 1368 prohibens

191 1382 245 1403 nos
260 1372 294 1403 ab
314 1373 429 1404 alendis
457 1373 641 1413 parentibus,
668 1373 720 1403 sed
741 1373 852 1403 docens
879 1372 1019 1412 pietatem

193 1417 516 1457 praal'erendamincred
522 1418 577 1448 ulis
586 1418 807 1458 parentibus,eo
815 1417 894 1458 quod
907 1417 1019 1447 nullum

194 1461 231 1492 ad
248 1462 384 1494 virtutem
400 1463 585 1493 obstaculum
600 1472 666 1494 esse
682 1462 789 1494 debeat
806 1472 812 1493 :
831 1466 860 1493 et
881 1466 1018 1492 contem-

192 1507 320 1537 nendam
336 1507 424 1538 etiam
442 1512 575 1538 naturam
594 1506 828 1548 propriam,ideo
846 1506 958 1546 petenti
970 1515 1018 1537 se-

193 1551 243 1591 qui
262 1551 358 1588 illum,
374 1552 456 1592 prius
476 1557 574 1583 autem
599 1551 771 1582 renuntiare
793 1551 839 1582 his
856 1560 922 1591 quae
937 1550 1018 1581 domi

192 1605 326 1634 summon
336 1596 697 1637 concessit,irescilicetin
707 1596 827 1626 domum
836 1600 965 1634 suam,et
973 1604 1018 1626 re-

1069 299 1190 340 συλλέγει
1218 301 1232 329 0
1268 301 1374 342 Κύριος,
1418 302 1462 330 καὶ
1489 301 1557 339 ᾤετο
1572 303 1617 330 καὶ
1632 301 1722 342 αυτὸς,
1740 302 1764 330 εἰ
1780 302 1887 331 ἀκολου-

1068 346 1143 380 θήσει
1170 347 1209 382 τῷ
1239 341 1338 384 Ἰησοῦ,
1374 353 1535 385 συναγαγεῖν
1568 341 1718 387 χρήματα,
1741 345 1788 375 διὰ
1820 347 1888 376 τοῦτο

1069 390 1113 419 οὖν
1143 391 1318 430 ἀποκρούεται
1354 391 1432 420 αὑτὸν
1462 392 1477 419 0
1506 391 1612 430 Κύριος,
1641 392 1790 432 μονονουχὶ
1811 391 1888 430 λέγων

1069 437 1140 465 αὖτῶ
1168 437 1287 464 τοιαότα·
1327 436 1364 464 Σὺ
1392 436 1441 474 μὲν
1469 437 1584 474 νομίζεις
1614 437 1745 477 χρήματα
1779 436 1888 469 συνάξειν

1066 479 1120 508 ἀπὸ
1148 481 1195 508 τοῦ
1229 479 1385 508 ἀκολουθεῖν
1412 479 1483 518 ἐμοὶ,
1499 480 1552 509 οἴει
1566 481 1616 520 γὰρ
1637 480 1678 509 ὅτι
1699 482 1713 509 0
1744 481 1810 518 ἑμδς
1838 482 1888 519 βίος

1066 524 1185 557 τοιοῦτός
1211 526 1296 562 ἔστιν,
1326 524 1387 553 ἀλλ’
1415 526 1466 565 οὐχ
1501 525 1585 558 οὕτως
1608 525 1678 565 ἔχει,
1696 528 1829 555 Τοσοῦτον
1844 525 1887 564 γὰρ

1066 569 1204 608 πτωγείαν
1231 570 1388 608 εἶσηγοῦμαι
1415 570 1459 598 καὶ
1488 568 1613 607 διδάσκω,
1649 570 1717 598 ὥστε
1733 569 1822 598 τᾶλλα
1846 570 1888 607 μὲν

1066 615 1122 648 ζῶα
1157 612 1274 652 φωλεοὺς
1306 613 1390 654 ἔχειν,
1418 613 1466 651 ἐμὲ
1496 613 1524 642 δὲ
1559 614 1628 651 μηδὲ
1658 615 1755 652 οἰκίαν,
1772 615 1817 643 καὶ
1830 618 1888 643 τοῦ-

1066 668 1112 686 τον
1147 658 1197 695 μὲν
1226 657 1308 690 οὕτως
1345 658 1538 697 ἀπεκρούσατο.
1557 658 1655 699 Ἐτέρῳ
1675 658 1703 687 δέ
1717 658 1790 697 μηδὲ
1813 659 1888 692 ἀξιώ-

1066 713 1141 730 σαντι
1178 702 1312 743 ἐπιτρέπει
1339 703 1369 732 τὸ
1397 703 1566 732 ἀκολουθεῖν
1591 708 1638 732 τοῦ
1659 702 1687 732 δὲ
1712 703 1887 742 αἰτησαμένου

1066 746 1196 775 ἀπελθεῖν
1225 748 1269 776 καὶ
1301 747 1383 789 θάψαι
1414 749 1459 777 τὸν
1480 747 1582 784 πατέρα
1597 748 1687 786 αὖτοῦ,
1706 749 1738 777 οὗ
1755 756 1888 789 συγχωρεῖ

1066 792 1154 828 τοῦτο,
1184 792 1276 821 εἰπών·
1311 788 1399 833 ’Ἄφες
1424 793 1485 825 τοὺς
1501 793 1606 833 νεκροὺς
1620 793 1702 831 θάψαι
1718 793 1783 825 τοὺς
1795 788 1888 821 ἑαυτῶν

1065 837 1183 876 νεκροὺς,
1215 838 1279 876 ὅπερ
1307 838 1459 872 αἰνίττεται,
1495 838 1538 866 ὃτι
1567 837 1678 870 ἄπιστος
1713 838 1747 872 ἧν
1764 839 1779 866 0
1803 839 1886 876 πατὴρ

1066 883 1153 918 αὑτοῦ,
1185 882 1229 910 καὶ
1257 881 1299 910 διὰ
1334 886 1412 911 τοῦτο
1447 881 1552 915 ἀνάξιος
1577 881 1822 921 γηρωϐοσκηθῆναι
1842 884 1886 910 ὑπὸ

1064 930 1110 955 τοῦ
1137 927 1324 958 πιστεύσαντος
1358 927 1437 956 αὑτοῦ
1472 926 1578 959 παιδός.
1616 918 1704 967 ’ὶΔφες
1730 928 1793 967 γὰρ,
1817 928 1884 967 φησὶ,

1486 971 1606 1000 τουτέστι
1647 971 1708 1004 τοὺς
1754 971 1885 1011 ἀπίστους,

1063 1018 1270 1056 γηρωτροφῆσαι
1301 1017 1344 1044 τὸν
1373 1015 1484 1044 ἄπιστόν
1529 1026 1576 1044 σω
1613 1015 1715 1055 πατέρα
1760 1016 1825 1056 ἂχρι
1849 1015 1886 1044 καὶ

1062 1063 1161 1100 ταφῆς·
1198 1061 1228 1089 τὸ
1257 1061 1308 1100 γὰρ
1341 1061 1424 1098 θάψαι
1454 1060 1565 1090 Evt-130:
1599 1061 1678 1089 τοῦτο
1692 1062 1832 1101 σημαίνει,
1859 1061 1885 1088 τὸ

1062 1104 1213 1143 ἐπιμελείας
1236 1104 1358 1140 ἀξιῶσαι,
1389 1104 1454 1145 ἂχρι
1497 1106 1540 1133 καὶ
1573 1107 1623 1139 τῆς
1645 1106 1747 1146 ταφῆς,
1764 1105 1823 1134 ἐπεὶ
1847 1106 1885 1133 καὶ

1060 1151 1088 1177 ἓν
1112 1150 1146 1184 τῆ
1176 1153 1253 1189 κοινῇ
1275 1149 1366 1188 ὁμιλίᾳ
1392 1149 1475 1182 οὕτως
1497 1150 1627 1188 εἰώθαμεν
1647 1149 1749 1189 λέγειν’
1768 1146 1797 1179 ὀ
1813 1150 1880 1178 δεῖνα

1061 1195 1115 1226 υἱὸς
1143 1194 1224 1233 ἔθαψε
1252 1195 1298 1223 τὸν
1326 1194 1428 1234 πατέρα
1465 1195 1553 1232 αὑτοῦ,
1586 1196 1616 1224 οὗ
1645 1196 1723 1224 τοῦτο
1755 1194 1882 1234 λέγοντες,

1062 1239 1102 1267 ὃτι
1139 1239 1219 1277 μόνον
1248 1238 1343 1277 ἔθαψεν
1372 1240 1462 1276 αὗτὸν,
1479 1238 1545 1268 ἄλλο
1565 1239 1592 1267 δὲ
1607 1238 1680 1268 οὐδὲν
1702 1240 1804 1280 ἀγαθὸν
1816 1239 1884 1268 ὶποί-
1903 1264 1905 1269 ,

1061 1296 1137 1326 ησεν,
1174 1284 1235 1313 ἀλλ’
1263 1284 1304 1313 ὅτι
1340 1284 1526 1323 ἒπεμελήσατο
1561 1287 1641 1315 αὐτοῦ
1667 1285 1734 1327 ἄχρι
1763 1286 1807 1314 καὶ
1839 1287 1882 1319 τῆς

1062 1329 1188 1364 τελευτῆς
1216 1330 1260 1358 καὶ
1288 1332 1386 1369 ταφῆς.
1419 1329 1536 1358 Ἐκεῖνοι
1571 1331 1621 1368 μὲν
1657 1330 1702 1359 οὖν
1731 1331 1757 1359 οἱ
1793 1330 1882 1369 νεκροὶ,

1062 1374 1196 1403 τουτέστιν
1224 1375 1247 1402 οἱ
1276 1374 1395 1412 ἄπιστοι,
1431 1374 1592 1413 θαψάτωσαν
1607 1376 1652 1404 τὸν
1667 1376 1763 1414 νεκρὸν
1792 1375 1881 1411 αὐτῶν,

1062 1418 1134 1458 λέγω
1162 1418 1194 1452 δὴ
1221 1419 1266 1447 τὸν
1291 1420 1337 1447 σὸν
1371 1418 1486 1459 πατέρα,
1516 1419 1547 1447 σὺ
1583 1418 1611 1447 δὲ
1632 1419 1689 1448 ἐπεὶ
1717 1421 1879 1455 επιστευσας,

1062 1461 1199 1503 διάγγελε,
1228 1465 1265 1495 ὡς
1287 1463 1351 1501 ἐμὸς
1367 1464 1501 1501 μαθητὴς,
1516 1465 1547 1492 τὸ
1563 1463 1726 1503 Εὒαγγέλιον
1749 1469 1796 1494 τοῦ
1810 1467 1880 1494 Θεώ.

1060 1512 1142 1537 Τοῦτο
1170 1507 1197 1535 δὲ
1231 1507 1309 1536 εἶπεν
1338 1509 1352 1537 0
1369 1509 1477 1548 Κύριος,
1493 1509 1522 1537 06
1543 1508 1654 1537 κωλύων
1669 1510 1744 1547 ἡμᾶς
1766 1509 1819 1538 ἀπὸ
1842 1512 1881 1537 τοῦ

1059 1552 1162 1592 τρέφειν
1190 1553 1251 1584 τοὺς
1278 1559 1379 1591 γονεῖς,
1410 1552 1479 1581 ἀλλὰ
1516 1551 1646 1582 διδάσκων
1668 1554 1754 1591 ἡμᾶς,
1772 1554 1812 1582 ὃτι
1835 1556 1880 1582 τῶν

1059 1597 1177 1625 ἀπίστων
1206 1597 1307 1636 γονέων
1349 1598 1528 1637 προτιμηνέον
1556 1598 1605 1632 τὴν
1643 1597 1806 1636 θεοσέϐειαν,
1842 1598 1880 1626 καὶ

194 1641 332 1672 nuntiare
344 1641 560 1681 domesticis,et
573 1648 602 1672 ut
614 1642 706 1680 magis
719 1641 839 1681 proprie
850 1640 958 1675 dicam,

1130 1641 1203 1671 οὐδὲν
1239 1642 1365 1680 Εμπόδιον
1396 1642 1470 1683 ἔχειν
1484 1641 1526 1671 δεῖ
1540 1643 1606 1682 πρὸς
1621 1643 1652 1671 τὸ
1674 1643 1788 1682 ἀγαθόν.
1805 1641 1879 1671 Ἀλλᾶ

193 1694 262 1716 cere
275 1686 351 1718 vale.
361 1686 533 1717 Insinuabat
542 1686 620 1717 enim
635 1686 723 1716 homo
735 1685 782 1715 ilh-
795 1684 874 1725 quod
891 1684 1017 1715 familia—

192 1730 309 1761 ritatem
331 1731 488 1771 quamdam
515 1731 612 1761 adhuc
636 1730 744 1761 habeat
758 1740 824 1761 cum
851 1729 972 1768 mundo,
991 1733 1019 1760 et

192 1785 250 1805 non
266 1776 389 1808 aﬁ'ectus
403 1776 441 1806 sit
458 1780 488 1806 ut
509 1775 645 1816 apostoli,
661 1775 710 1815 qui
724 1785 789 1805 mox
807 1775 1017 1814 utaudierunt,

1060 1687 1104 1714 καὶ
1139 1687 1221 1721 αὐτῆς
1249 1689 1298 1720 τῆς
1327 1687 1428 1727 φύσεως
1455 1693 1645 1727 καταφρονεῖν,
1671 1687 1764 1727 ὥσπερ
1779 1687 1823 1715 οὖν
1842 1686 1880 1714 καὶ

1060 1735 1098 1768 τῷ
1127 1730 1303 1766 ἀκολουθῆσαι
1330 1731 1445 1765 ἀξιοῦντι
1474 1733 1556 1772 αἶιτῷ²
1588 1732 1716 1772 πρότερον
1747 1730 1876 1764 ἀποτάξα-

1059 1777 1118 1805 σθαι
1146 1783 1204 1809 τοῖς
1230 1776 1257 1804 ἐν
1285 1778 1323 1814 τῷ
1355 1777 1425 1814 οἴκῳ
1452 1778 1542 1817 αὐτοῦ,
1572 1778 1602 1806 οὗ
1623 1784 1766 1817 συγχωρεῖ
1793 1777 1875 1806 τοῦτο.

191 1821 341 1852 Christum
353 1821 444 1852 secuti
457 1826 537 1857 sunt,
552 1821 624 1852 nihil
641 1819 883 1860 aliurﬂcuriosius
895 1829 960 1858 perc

1108 1832 1137 1859 (ω
1165 1820 1197 1854 δὴ
1235 1822 1262 1849 ιδ
1276 1821 1402 1850 ἀπελθεῖν
1416 1823 1452 1853 είς
1467 1823 1512 1850 τὸν
1528 1828 1604 1851 οῖκον
1619 1822 1698 1852 air-:06
1716 1823 1764 1850 καὶ
1783 1819 1877 1850 ἇποτᾶ-

192 1870 304 1903 rentes,
331 1871 359 1897 et
385 1875 422 1898 ne
447 1866 511 1896 vale
528 1865 648 1906 quidem
672 1865 848 1895 necessariis
874 1864 959 1895 dicen

1106 1867 1162 1903 θαι,
1199 1865 1345 1903 τουτέστιν,
1375 1866 1423 1894 ’ἵνα
1450 1866 1651 1906 ἰδιωτικώτερον
1666 1866 1750 1904 εἴπω,
1765 1867 1875 1906 ἀποχαι-

192 1911 275 1950 δωρε
288 1911 367 1942 enim
385 1911 531 1951 contingit
542 1910 660 1951 quando
677 1910 743 1950 quis
755 1909 818 1940 vale
834 1909 905 1939 dicit
915 1918 961 1939 am

1107 1910 1170 1942 ίσαι,
1201 1910 1339 1951 Ἐμφαίνει
1374 1912 1424 1951 γὰρ
1452 1912 1466 1940 0
1503 1914 1622 1944 τοιοῦτος
1657 1910 1806 1950 ἄνθρωπος,
1842 1909 1876 1938 ὅτι

190 1956 299 1993 suis,ut
309 1955 499 1987 inveniantur
507 1955 596 1996 aliqui
610 1955 662 1996 qui
674 1955 757 1985 illum
768 1963 784 1984 a
796 1954 853 1985 vita
861 1958 959 1984 sancta

1107 1954 1153 1983 ἕσιν
1181 1955 1240 1996 ἔχει
1275 1956 1340 1995 πρὸς
1366 1957 1412 1985 τὸν
1454 1956 1566 1994 κόσμον·
1597 1956 1641 1985 καὶ
1653 1956 1715 1996 οὐχὶ
1735 1957 1804 1984 κατὰ
1824 1954 1876 1987 τούς

190 2000 336 2032 ducantet
349 2001 545 2041 prohibeant:
562 2000 630 2030 ideo
643 1999 753 2029 bonum
767 2003 810 2029 est
824 2003 932 2029 utcum
952 2009 959 2028 ι

1107 2000 1222 2032 ›στόλους
1258 1999 1399 2038 διάκειται,
1425 2002 1452 2030 οἵ
1499 2002 1659 2033 ἀκούσαντες
1688 2003 1779 2039 αὐτοῦ,
1810 2000 1876 2031 civim

191 2054 254 2076 rem
273 2045 380 2076 bonam
396 2045 495 2076 facere
517 2045 653 2080 vult,non
677 2048 821 2080 moretur,
838 2043 890 2073 sed
918 2049 960 2074 sta

1104 2044 1239 2079 ιλούθησαν
1281 2046 1363 2084 αὐτῷ·
1403 2045 1485 2085 μηδὲν
1523 2045 1589 2075 ἄλλο
1629 2046 1873 2086 περιεργασάμενοι,

191 2090 336 2130 perﬁciat.
349 2090 456 2121 Nullus
469 2089 549 2120 enim
567 2088 616 2129 qui
633 2088 721 2119 mittit
739 2097 857 2119 manum
879 2097 960 2118 suam

1105 2091 1116 2118 .'
1145 2090 1253 2130 ἀφέντες
1280 2092 1324 2119 καὶ
1352 2091 1401 2125 τὴν
1429 2092 1494 2131 πρὸς
1517 2092 1577 2124 τούς
1593 2091 1702 2123 οἰκείως
1732 2091 1874 2129 ἂποταγήν.

190 2139 321 2166 aratrnm
335 2134 532 2174 spirituale,et
549 2133 668 2173 respicit
680 2133 785 2163 iterum
803 2132 838 2162 ad
857 2132 957 2162 mundi

1106 2135 1189 2168 ιλάκις
1220 2136 1270 2176 γὰρ
1305 2135 1440 2174 συμϐαίνει
1469 2136 1497 2164 ἐν
1544 2137 1599 2172 ὃσῳ
1626 2147 1667 2168 τις
1704 2136 1875 2164 ἀποτάσσεται

191 2180 316 2210 idoneus
331 2183 375 2210 est
390 2180 425 2210 ad
442 2189 565 2219 regnum
578 2178 734 2209 cmlmum.
754 2177 889 2215 lntellige
915 2182 960 2208 aul

1104 2192 1114 2213 ς
1148 2182 1301 2220 συγγενέσιν
1336 2183 1424 2217 αὐτοῦ,
1455 2181 1615 2221 εὑρίσκεσθαί
1642 2192 1715 2213 τινας
1729 2181 1760 2209 ἐκ
1783 2180 1873 2209 τούτων

191 2235 244 2266 per
260 2225 361 2261 vulpes
372 2224 460 2255 etiam
482 2224 626 2263 malignos
639 2223 801 2258 daemones,
819 2222 869 2261 qui
887 2227 917 2252 et
932 2231 960 2253 νι

1104 2226 1208 2259 ίύοντας
1238 2226 1317 2254 αὐτὸν
1340 2226 1393 2254 ἀπὸ
1418 2229 1465 2254 τοῦ
1493 2227 1561 2254 κατὰ
1576 2226 1641 2254 Θεὸν
1655 2226 1723 2264 βίου,
1739 2224 1779 2254 διὸ
1799 2223 1873 2252 καλὸν

191 2270 252 2301 tilia
268 2269 334 2300 οωΙὶ
350 2269 500 2306 dicuntur,
519 2269 574 2300 hoc
591 2267 831 2314 estaeris_.lux_la
847 2267 960 2314 princip

1104 2282 1126 2298 ιν
1156 2270 1213 2307 ἅμα
1243 2273 1281 2307 τῷ
1309 2268 1419 2304 θελήσαι
1448 2271 1479 2298 τὸ
1513 2270 1624 2310 ἀγαθὸν,
1653 2269 1787 2299 ἐπιτελεῖν
1819 2267 1873 2296 αὑτὸ

189 2314 550 2355 enim,inquit,potestatis
565 2313 654 2345 aeris.
672 2312 749 2343 Dicit
765 2312 854 2351 igitur
870 2311 953 2342 Domi

1105 2314 1142 2343 Ξὲν
1168 2314 1369 2353 ἂναδυομὲνοος.
1406 2313 1494 2348 Οὒδεὶς
1524 2316 1574 2355 γὰρ
1588 2313 1722 2343 ἐπιϐαλὼν
1736 2314 1786 2348 τὴν
1801 2318 1874 2353 χεῖρα

189 2360 224 2390 ad
241 2359 392 2389 hominem
410 2368 416 2390 :
435 2359 511 2395 Quia
526 2358 677 2389 daemones
690 2358 718 2387 in
734 2362 761 2387 te
773 2357 870 2387 foveas
892 2356 1014 2390 habent.

191 2409 349 2444 propterea
361 2413 415 2444 ego
433 2403 524 2435 Filius
537 2403 666 2434 hominis
679 2412 736 2433 non
754 2401 849 2432 habeo
864 2401 914 2432 ubi
929 2405 1019 2441 caput

188 2449 346 2485 reclinem,
365 2449 420 2480 hoc
433 2454 488 2480 est.
508 2448 537 2479 in
555 2457 601 2480 me
618 2447 696 2479 ﬁdei,
721 2457 779 2477 non
806 2446 893 2477 video
920 2447 1015 2477 locum

188 2494 217 2524 in
234 2494 325 2525 corde
340 2495 483 2534 tuo,quod
497 2494 650 2533 impletum
663 2497 707 2524 est
722 2491 1014 2531 dazmonibusﬂaput

188 2539 267 2570 enim
280 2539 480 2578 Christi,ﬁdes
496 2539 526 2569 in
541 2537 768 2574 illum.Quando
782 2538 859 2567 enim
873 2536 938 2576 quis
952 2545 1015 2566 cre-

189 2584 230 2614 dit
245 2585 336 2616 Deum
354 2593 420 2615 esse
436 2584 599 2621 Christum,
613 2588 682 2614 tunc
694 2586 783 2622 caput
798 2581 904 2612 Christi
920 2583 1003 2612 tenet

187 2630 322 2660 Mortuus
336 2633 434 2659 autem
452 2633 591 2668 peccator
605 2632 662 2664 est,
679 2627 728 2667 qui
756 2631 782 2656 et
812 2625 918 2665 sepelit
946 2635 1016 2656 suos

189 2679 333 2711 mortuos,
362 2674 417 2704 hoc
441 2678 486 2705 est
514 2674 605 2704 malas
635 2672 840 2712 cogitationes,
865 2680 938 2710 quas
957 2681 1014 2701 non

187 2719 357 2749 conﬁtetur.
373 2718 502 2750 Proinde
517 2718 660 2749 Dominus
676 2715 812 2757 prohibet
829 2720 1012 2752 secuturum,

189 2773 225 2793 ne
242 2763 367 2804 sepeliat
397 2763 489 2794 malas
513 2763 709 2802 cogitationes
733 2765 761 2790 et
787 2761 934 2792 occultet:
953 2761 1014 2792 vult

187 2808 265 2839 enim
289 2817 339 2839 ras
352 2817 406 2849 per
420 2808 639 2839 confessionem
653 2806 846 2838 manifestari.

1058 2359 1138 2388 αὗτοῦ
1173 2359 1216 2387 ἐπὶ
1249 2361 1279 2388 τὸ
1306 2358 1416 2400 ἄροτρον
1436 2360 1468 2388 τὸ
1488 2360 1678 2397 πνευματικόν.
1705 2360 1755 2389 Καὶ
1775 2357 1871 2397 βλέπων

1059 2404 1138 2433 πάλιν
1165 2405 1208 2432 επὶ
1236 2405 1281 2432 τὸν
1319 2416 1432 2442 κοσμον,
1477 2403 1624 2436 ἔπιτάδειός
1660 2404 1731 2432 ἒσνιν
1767 2405 1803 2436 εἰς
1830 2401 1872 2433 τὴν

1059 2450 1195 2487 βασιλείαν
1223 2451 1269 2477 τοῦ
1310 2453 1387 2481 Θεοῦ,
1414 2450 1529 2485 Νοήσεις
1554 2448 1581 2477 δὲ
1596 2448 1738 2481 ἀλώπεκας
1761 2448 1802 2477 καὶ
1820 2445 1872 2476 τούς

1057 2495 1220 2533 πανούργους
1247 2493 1383 2532 δαίμονας,
1412 2493 1441 2522 οἵ
1469 2495 1513 2522 καὶ
1548 2494 1657 2523 πετεινὰ
1686 2493 1732 2522 τώ
1771 2492 1871 2532 οὖραωῦ

1056 2539 1191 2578 λέγονται,
1220 2539 1338 2568 τουτέστι
1366 2543 1412 2568 τοῦ
1446 2539 1534 2580 ἀέρος.
1572 2538 1649 2570 Κατὰ
1684 2539 1730 2567 τὸν
1764 2537 1870 2577 ἄρχοντι

1055 2585 1119 2624 γὰρ,
1155 2584 1229 2624 φησὶ,
1246 2587 1294 2622 τῇς
1309 2583 1427 2617 ἔξουσίας
1449 2588 1495 2613 τοῦ
1516 2584 1605 2624 ἀέρος.
1631 2584 1717 2617 Φησὶν
1739 2584 1782 2612 ὤν
1795 2583 1808 2610 0
1823 2579 1870 2624 εἰύῇ

1057 2623 1115 2668 ριοςν
1138 2623 1204 2668 πρὸς
1231 2629 1277 2656 τὸν
1306 2628 1453 2668 ἄνθρωπον,
1490 2623 1596 2666 Supot
1625 2627 1750 2666 δαίμονες
1778 2627 1803 2655 ἐν
1834 2623 1869 2652 σοὶ

1056 2673 1173 2714 φωλεούς
1209 2673 1315 2713 ἔχουσι,
1341 2674 1385 2702 καὶ
1410 2672 1452 2701 διὰ
1479 2677 1556 2702 τοῦτο
1591 2675 1605 2702 0
1643 2674 1702 2704 Υἱὸς
1720 2676 1765 2701 τοῦ
1777 2668 1868 2708 ἀνθρώ·

1056 2730 1107 2748 που
1143 2719 1198 2759 ἐγὼ
1225 2720 1273 2747 οὐκ
1299 2718 1357 2759 ἔχω
1398 2722 1449 2747 ποῦ
1476 2720 1526 2752 τὴν
1549 2718 1669 2760 κεφαλὴν
1683 2717 1775 2754 κλίνω,
1798 2723 1865 2743 τουτ-

1056 2764 1123 2800 έστι,
1154 2767 1203 2797 τῆς
1231 2765 1267 2797 εἰς
1296 2763 1345 2802 ἐμὲ
1372 2763 1485 2796 πίστεως
1515 2764 1567 2803 οὖχ
1596 2765 1650 2802 ὁρῶ
1685 2763 1767 2791 τόπον
1793 2759 1818 2788 ἐν

1054 2808 1146 2849 καρδίᾳ
1173 2820 1232 2847 σου,
1267 2812 1302 2847 τῇ
1329 2809 1499 2848 πληρωθείσῃ
1527 2802 1671 2846 δαιμόνων·
1702 2805 1806 2847 Κιφαλῆ

187 2856 231 2884 τοῦ
254 2847 375 2893 Χριστοῧ,
400 2854 416 2887 ἡ
434 2853 520 2885 πίστις
550 2855 586 2885 εἰς
625 2853 701 2881 αὓτόν
731 2852 810 2882 ἐστιν.
844 2848 935 2882 ’Ὅταν
965 2853 1015 2893 γαρ
1040 2847 1188 2887 τις-αὐτὸν
1222 2854 1352 2893 πιστεύσῃ
1384 2853 1449 2883 Θεὸν
1491 2852 1566 2892 ὅντα,
1595 2853 1657 2882 τότε
1683 2851 1734 2887 τήν
1761 2847 1865 2890 κεφαλὴν
