1949 3077
182 99 240 133 835
666 100 962 133 THEOPHYLACTI
984 98 1189 131 BULGARIJE
1213 100 1392 132 ARCHIEP.
1820 103 1879 134 836

219 169 311 203 Vens.
321 174 409 204 4-11.
428 185 442 200 ι
458 171 558 203 Nolite
574 174 691 211 portare
719 168 883 205 sacculum,
904 177 988 209 nequi

1131 167 1175 201 Μὴ
1203 167 1348 205 βαστάζετε
1370 168 1526 207 βαλάντιον,
1551 171 1590 208 μὴ
1605 171 1705 210 πήραν,
1719 170 1794 209 μηδὲ
1811 172 1877 199 ὃπο-

180 215 250 244 Μδ
260 225 373 256 peram,
389 225 487 256 neque
513 215 758 246 calceamentazet
782 214 932 244 neminem

1108 222 1160 249 ιτα,
1190 213 1234 240 καὶ
1269 212 1373 250 μηδέκα
1405 215 1472 243 κατὰ
1487 215 1537 248 τὴν
1564 214 1624 243 ὁδὸν
1643 215 1818 250 ἀσπάσησθε.
1836 216 1877 246 Ek

182 259 260 290 \iam
277 255 521 292 salutaveritian
540 269 747 301 quamcunque
766 258 888 290 domum
910 258 951 289 int

1109 255 1131 284 δ’
1168 257 1199 284 ἄν
1227 258 1309 286 οἰκίαν
1326 258 1494 299 εἰσέρχησθε,
1514 263 1619 299 πρῶτον
1638 260 1742 301 λέγετε*
1781 261 1877 301 Εἰρήνη

183 304 294 339 veritis,
313 306 441 345 primum
458 305 567 336 dicite:
586 306 643 336 Pax
659 304 728 335 huic
743 303 856 335 domui.
869 303 907 335 Et
921 302 946 334 si
961 302 1002 333 ibi

179 348 269 380 fuerit
283 349 361 380 ﬁlius
375 350 467 390 pacis,
485 349 653 390 requiescet
667 358 758 388 super
774 348 855 379 illum
872 357 925 388 pax
941 356 997 378 ves-

179 396 231 424 trze
241 393 286 424 sin
296 394 445 434 minus,ad
453 404 503 425 vos
512 398 689 425 revertetur.
700 392 731 424 In
739 392 843 424 eadem
850 396 948 423 autem
958 392 1007 422 do-

179 446 227 468 mo
241 442 358 470 manete
369 439 492 470 edentes
503 443 532 469 et
544 438 682 469 bibentes
697 446 763 477 quae
777 436 1005 468 danturabillis.

178 481 290 522 Dignus
305 488 351 514 est
375 483 455 514 enim
483 482 638 524 operarius
666 482 805 513 mercede
828 490 893 513 sua.
911 481 1011 519 Nolite

180 527 306 558 transire
329 528 367 559 de
393 528 484 560 domo
508 528 539 559 in
557 527 741 559 domum.Et
755 527 786 557 in
802 535 1010 567 quamcunque

179 572 325 603 civitatem
338 573 531 610 intraveritis,
542 577 571 603 et
587 571 774 612 susccperint
786 571 935 608 vos,edite
945 579 1010 610 quae

178 622 370 657 apponuntur
382 617 487 649 vobis:
505 621 534 648 et
560 621 662 648 sanate
691 617 825 647 inﬁrmos
850 615 900 656 qui
914 615 944 645 in
957 614 1009 645 illa

179 665 266 693 sunt:
281 667 310 693 et
319 662 409 694 dicite
420 662 479 694 illis
490 673 497 693 :
507 660 764 702 Appropinquavit
776 661 806 690 in
820 670 869 691 vos
882 668 1006 699 regnum

178 705 344 743 DeimQuia
357 709 436 748 ipsos
448 707 595 738 missurus
605 710 669 737 erat
684 705 896 746 praedicatores
911 704 1007 735 Evan-

178 751 259 790 gelii,
271 751 344 782 dicit
360 760 367 783 :
387 752 432 783 Ne
449 751 572 791 portetis
587 750 857 790 sacculum,neque
882 749 939 779 hoc
961 750 1006 781 vel

179 795 251 826 illud
269 806 275 826 :
293 796 401 827 sulIicit
418 796 498 827 enim
528 795 613 826 vobis
641 794 721 836 quod
748 803 851 825 curam
873 793 1007 825 habeatis

1044 305 1082 338 τῷ
1111 302 1180 338 οἴκῳ
1210 302 1305 340 τούτῷ.
1337 304 1385 332 Καί
1414 303 1460 331 ἐὰν
1488 304 1537 341 μὲν
1579 306 1597 342 ᾖ
1612 305 1671 334 ἐκεῖ
1684 307 1740 338 υἱὸς
1758 305 1877 344 ιὶρῆνης,

1047 345 1261 375 ἐπαναπαύσεται
1289 348 1333 375 ἔπ’
1348 348 1427 376 αὐτὸν
1441 349 1458 383 ἡ
1475 349 1566 389 εἰρήνη
1581 350 1666 387 ὑμῶν,
1683 351 1705 378 εἰ
1719 349 1748 378 δὲ
1765 350 1807 387 μή
1837 361 1877 388 γε,

1049 389 1089 430 ἐφ’
1119 391 1185 428 ὑμᾶς
1215 391 1382 430 ἀνακάμψει.
1412 392 1458 422 Ἐν
1487 395 1553 432 αὐτῇ
1578 393 1605 422 δὲ
1627 397 1662 433 τῇ
1687 395 1758 431 οἰκίᾳ
1788 394 1879 432 μένετε

1051 434 1180 467 ἐσθίοντες
1210 437 1253 464 καὶ
1282 437 1401 470 πίνοντες
1431 438 1463 466 τὰ
1490 439 1552 478 παρ’
1583 441 1678 470 αὐτῶν.
1704 439 1810 472 "Agre:
1832 440 1879 478 γὰρ

1052 480 1065 508 ὁ
1100 479 1213 519 ἐργάτης
1242 483 1287 510 rei
1309 484 1402 520 μισθοῦ
1431 484 1510 512 αὖεοῦ
1538 483 1605 514 ἐστι.
1635 486 1677 519 Μή
1704 483 1879 522 μεταϐαίνετε

1052 525 1077 558 ἓξ
1108 527 1189 558 οἰκίας
1219 527 1255 559 εὶς
1285 527 1379 557 οἰκίαν.
1416 529 1464 558 Καὶ
1491 529 1527 562 εἰς
1552 529 1585 563 ἢν
1602 528 1632 559 ἅν
1647 529 1724 558 πόλιν
1748 530 1879 569 εἰσέρχη-

1051 571 1106 610 σθε,
1136 571 1180 599 καὶ
1206 570 1338 612 δέχωνται
1371 573 1450 611 ὑμᾶς,
1482 573 1579 602 ἐσθίετε
1620 575 1652 602 τὰ
1680 574 1881 614 παρατιθέμενα

1050 616 1125 652 ὑμῖν.
1145 617 1193 644 Καὶ
1221 617 1376 658 θεραπεύετε
1401 618 1460 650 τούς
1489 618 1517 646 ἐν
1560 621 1626 657 αὐτῇ
1669 620 1810 658 ἀσθενεῖς,
1839 619 1880 646 καί

1050 659 1140 700 λέγετε
1167 663 1268 691 αὐτοῖς·
1301 657 1436 702 ’Ἠγγικεν
1464 664 1506 704 ἔφ’
1535 665 1603 702 ὑμᾶς
1630 665 1648 698 ἡ
1676 657 1807 702 βασιλεία
1835 665 1880 692 τοῦ

1049 708 1125 735 Θεοῦ.
1159 718 1173 733 ι
1204 705 1312 740 Ἐπειδὴ
1332 707 1443 745 ἔμελλεν
1460 709 1552 740 αὖτοὺς
1568 708 1746 737 ἀποστέλλειν
1758 709 1880 748 κήρυκας

1048 751 1094 778 τοῦ
1120 750 1292 790 Εὖαγγελίου,
1327 752 1402 792 φησί·
1442 754 1486 787 Μὴ
1526 753 1670 792 βαστάζετε
1720 753 1878 792 βαλάντιον,

1048 796 1118 832 μήτε
1147 796 1177 823 τὸ
1205 797 1250 824 καὶ
1277 799 1318 825 το·
1349 797 1426 836 aput
1450 799 1500 837 γὰρ
1527 798 1592 836 ὒμῐν
1608 799 1655 832 τὴν
1677 797 1807 839 φροντίδα
1835 797 1880 826 τοῦ

178 839 272 872 verbi.
287 840 362 871 Nam
378 840 403 871 si
417 840 570 871 sacculum
591 839 790 880 portaveritis,
817 838 947 869 manifest

1108 852 1128 867 iu
1156 840 1240 880 ἔχειν,
1273 842 1301 870 Εἰ
1316 842 1365 880 γὰρ
1381 842 1521 880 βιλάνῖιον
1541 837 1698 883 βαστάζετε,
1729 842 1877 883 πρόδηλον,

178 884 256 925 quod
270 885 350 916 illius
366 885 448 916 vobis
463 894 534 916 cura
549 889 606 924 est,
621 888 649 915 et
664 884 788 914 Vt‘l‘bum
802 883 1004 914 contemnitis.

177 928 231 960 Vel
242 929 338 961 aliter:
354 929 500 966 Quoniam
517 929 617 960 alendi
633 931 703 960 estis
720 929 756 959 ab
773 929 819 960 his
834 938 910 969 quos
919 928 1006 959 doce-

180 974 227 1012 tis,
240 974 311 1014 quid
329 975 413 1005 vobis
429 975 547 1006 sacculo
559 983 646 1014 opus,
664 974 708 1005 vel
725 983 805 1014 pera,
824 974 868 1004 vel
886 973 1005 1004 calcea-

179 1019 303 1049 mentis?
313 1020 440 1051 Omnem
453 1020 533 1050 enim
542 1019 660 1050 illorum
675 1028 760 1050 usum
772 1017 1007 1059 suppeditabunt

177 1063 208 1095 bi
222 1063 273 1104 qui
287 1073 303 1094 a
316 1064 404 1095 vobis
418 1063 715 1095 docebuntur.Porro
731 1063 809 1104 quod
828 1063 942 1094 nullum
953 1072 1007 1103 per

177 1108 250 1139 viam
267 1108 465 1146 salutent,hac
475 1109 512 1140 de
524 1117 613 1139 causa
623 1108 666 1139 eis
678 1107 850 1148 injungit,ut
865 1116 903 1138 ne
914 1117 1006 1138 occu-

176 1156 320 1193 parentur
334 1153 364 1184 in
374 1154 527 1184 hominum
540 1153 766 1184 salutationibus
782 1157 810 1182 et
824 1151 1005 1182 curiositati-

178 1197 359 1237 bus,quibus
369 1208 384 1229 a
401 1198 612 1238 praedicatione
623 1195 1008 1237 impedirenturNerisimi-

177 1242 205 1273 le
221 1243 300 1273 enim
317 1247 363 1274 est
378 1248 408 1274 ut
424 1252 490 1274 cum
509 1242 577 1283 quis
594 1242 765 1273 salutaverit
775 1241 957 1282 quempiam,
970 1241 1006 1272 ab

178 1287 283 1318 eodem
301 1288 525 1324 resalutetur,et
539 1287 577 1318 de
594 1287 698 1326 majori
706 1286 906 1317 familiaritate
918 1286 1006 1317 inter-

180 1332 327 1373 pelletur:
347 1337 378 1363 ut
391 1333 455 1363 ﬁeri
466 1332 541 1362 solet
554 1332 585 1362 in
602 1332 648 1363 his
664 1332 715 1372 qui
726 1331 815 1362 simul
827 1331 947 1362 vadunt.
960 1332 1005 1362 Si-

178 1378 239 1408 mul
255 1378 333 1408 enim
347 1382 378 1408 ut
389 1377 476 1408 amici
493 1376 665 1414 facti,etiam
677 1375 806 1416 amplius
814 1381 842 1408 et
860 1376 1005 1407 curiosius

178 1422 322 1462 quiddam
338 1425 511 1453 scrutantur
529 1432 535 1453 :
550 1425 579 1452 et
604 1422 647 1452 sic
673 1421 812 1462 paulatim
829 1421 859 1450 in
876 1421 1005 1451 humana

1047 884 1087 912 ὅτι
1115 885 1156 913 ἅττ’
1185 887 1275 914 Ἐκεῖνο
1304 885 1537 926 ἆσχοληθήαεσθε,
1564 888 1608 916 καὶ
1636 891 1682 916 τοῦ
1698 887 1785 926 λόγου
1799 898 1881 916 κατι-

1048 931 1203 969 φρονήσετε,
1233 930 1350 962 ’¹Αλλως
1386 942 1426 959 τε·
1460 931 1569 966 Ἐπειδὴ
1595 931 1707 970 μέλλετε
1738 933 1878 973 τρέφεσθαι

1047 976 1098 1005 ὑπὸ
1122 978 1174 1004 τῶν
1202 974 1410 1016 διδασκομένων,
1446 977 1485 1008 τῖς
1512 977 1590 1016 χρεία
1621 977 1768 1016 βαλανείου
1782 977 1879 1015 ὗμῖνῆ

1047 1020 1147 1059 πήρας,
1174 1019 1191 1053 ἤ
1218 1019 1397 1057 ὑποδημάτων
1415 1031 1424 1058 ;
1455 1024 1544 1049 Πᾶσαν
1572 1022 1623 1060 γὰρ
1636 1022 1702 1058 ὑμῖν
1717 1022 1772 1056 τὴν
1787 1022 1877 1061 χρείαν

1047 1064 1146 1092 τοὺτων
1181 1066 1204 1093 οἱ
1233 1064 1417 1102 διδασκόμενοι
1446 1065 1680 1105 ἀποθεραπεύουσι.
1697 1067 1734 1095 Τὸ
1758 1065 1801 1106 δὲ,
1823 1069 1879 1098 Μη-

1047 1108 1108 1137 δένα
1137 1110 1205 1138 κατὰ
1228 1120 1278 1144 την
1302 1109 1362 1138 ὃδὸν
1398 1110 1555 1151 ἀσπάζεσθε,
1585 1110 1627 1139 διὰ
1671 1115 1751 1139 τοῦτο
1790 1111 1878 1141 αὐτοῖς

1048 1153 1192 1194 ἐπιτίθησι,
1219 1153 1261 1182 διὰ
1288 1156 1319 1182 τὸ
1347 1156 1386 1192 μὴ
1420 1154 1636 1195 ὰπασχολεῖσθαι
1663 1157 1723 1195 περί
1742 1155 1878 1196 ἂνθρωπί-

1050 1210 1108 1231 νους
1136 1199 1304 1240 ἀσπασμούς,
1339 1201 1382 1228 καί
1407 1199 1622 1240 φιλοφρονήσεις,
1653 1201 1697 1229 καὶ
1731 1201 1766 1230 in
1787 1200 1878 1228 τούτου

1049 1245 1114 1281 πρὸς
1140 1245 1171 1272 τὸ
1196 1245 1320 1284 κήρυγμα
1350 1244 1541 1283 ἐμποδίζεσθαι.
1576 1246 1652 1278 Εἰκὸς
1682 1246 1733 1285 γὰρ
1764 1247 1812 1274 τὸν
1832 1256 1877 1273 τυ-

1048 1289 1135 1328 χόντα
1161 1292 1208 1317 τοῦ
1236 1289 1389 1328 ἀσπασμοῦ,
1424 1289 1505 1318 παλιν
1532 1291 1576 1318 καὶ
1605 1291 1684 1319 αὐτὸν
1699 1291 1876 1319 ἀντασπάσα-

1048 1335 1118 1374 σθαι,
1146 1335 1189 1362 καὶ
1215 1336 1298 1375 τυχὸν
1322 1335 1365 1363 καὶ
1395 1335 1559 1375 μακροτέρας
1603 1334 1709 1373 ὁμιλίας
1752 1335 1875 1372 ἀξιῶσαι,

1045 1379 1093 1408 οἶα
1120 1380 1153 1408 τὰ
1180 1383 1234 1408 τῶν
1263 1379 1528 1420 συνοδοιπορούντων,
1559 1381 1622 1409 εἶτα
1647 1381 1683 1412 ὼς
1708 1380 1764 1414 ἤδη
1804 1380 1876 1420 φίλον

1045 1425 1197 1463 γενόμενον,
1242 1425 1285 1452 καὶ
1325 1424 1564 1465 φιλοφρονὴσασθαί
1611 1436 1637 1453 τι
1674 1426 1876 1466 περιττότερον,

176 1467 294 1506 negotia
301 1467 425 1507 apostoli
435 1465 801 1506 inciderent,verbumque
808 1465 945 1505 negligert

1114 1469 1182 1497 οὕτω
1210 1470 1278 1497 κατὰ
1309 1470 1402 1509 μικρὸν
1427 1470 1462 1502 εἰς
1492 1470 1652 1509 ἀνθρωπίνας
1679 1470 1794 1510 σχέσεις
1836 1470 1877 1498 τόν

177 1510 210 1542 In
232 1511 339 1542 itinere
360 1511 450 1551 igitur
472 1511 601 1542 salutare
630 1510 800 1551 quempiam
817 1518 852 1540 ea
864 1510 901 1540 de
916 1518 1004 1540 causa

176 1556 328 1597 prohibet.
345 1556 377 1587 In
394 1556 515 1587 domum
528 1560 627 1587 autem
643 1554 1000 1595 ingressi,inquit,dicite:

178 1600 235 1632 Pax
250 1600 319 1632 huic
335 1601 448 1638 domui,
462 1601 517 1632 hoc
531 1605 584 1639 est,
602 1600 727 1631 salutate
740 1608 792 1630 eos
807 1599 855 1640 qui
868 1599 897 1630 in
913 1599 1002 1631 domo

177 1645 296 1677 sunt.Et
309 1645 418 1676 deinde
432 1645 593 1676 ostendens
608 1644 686 1686 quod
703 1644 760 1675 hoc
776 1653 835 1674 non
852 1645 946 1674 solum
963 1644 1002 1675 sit

175 1689 375 1728 salutare,sed
389 1694 417 1721 et
432 1688 746 1727 benedicere,dicit:Si
757 1688 878 1729 quidem
894 1689 1002 1729 dignus

176 1734 267 1765 fuerit
277 1734 500 1775 paterfamilias,
514 1733 702 1765 benedicitur
719 1742 726 1765 :
746 1734 770 1764 si
781 1737 880 1764 autem
892 1738 1001 1765 contu-

174 1780 324 1817 meliosus,
343 1783 372 1810 et
389 1788 448 1811 non
461 1788 551 1820 capax
572 1779 802 1819 pacis,pugnans
818 1782 847 1809 et
857 1778 1001 1810 adversa-

175 1824 238 1856 rius
263 1824 395 1855 sermoni
409 1828 507 1855 vestro
523 1827 553 1854 et
578 1823 733 1860 doctrinae,
751 1823 922 1854 benedictio
943 1833 1002 1854 non

175 1869 273 1900 veniet
287 1878 378 1910 super
392 1869 546 1909 illum,sed
559 1869 596 1900 ad
614 1877 664 1899 vos
678 1873 856 1900 revertetur.
866 1868 1005 1909 Praecipit

177 1923 297 1955 quoque
309 1924 366 1944 non
379 1913 593 1945 transeundum
610 1913 647 1944 de
663 1913 751 1943 domo
776 1912 806 1943 in
823 1913 955 1951 domum,
973 1918 1006 1944 ut

178 1968 218 1990 ne
234 1959 390 1989 videantur
400 1959 542 1998 gulosi,et
556 1957 695 1989 scandala
708 1957 768 1989 sint
782 1958 1008 1996 multis,etcon-

178 2004 297 2034 tristent
309 2013 360 2034 eos
371 2012 388 2034 a
398 2003 508 2043 quibus
523 2003 651 2043 primum
663 2002 793 2042 suscepti
801 2003 1007 2044 sunt.lnsurer

177 2048 251 2080 dicit
266 2059 274 2078 :
290 2047 445 2079 Comedite
461 2057 496 2078 ea
511 2056 577 2087 quae
594 2047 671 2087 apud
688 2047 755 2077 illos
767 2052 836 2078 sunt
853 2058 859 2077 :
877 2047 934 2079 hoc
947 2053 1003 2085 est,

176 2102 242 2134 quze
262 2096 433 2133 proponunt
447 2091 541 2130 vobis,
569 2092 684 2123 etiamsi
700 2092 767 2124 vilia
782 2096 811 2123 et
834 2101 922 2133 parva
933 2094 1002 2133 sint,

1044 1513 1194 1542 ἀπόστολον
1222 1513 1356 1551 ἐκπεσεῖν,
1388 1515 1431 1542 καὶ
1457 1514 1593 1552 ἀμελῆσαι
1618 1518 1664 1544 τοὺ
1690 1514 1789 1554 λόγου.
1807 1516 1879 1545 Κατὰ

1045 1559 1092 1597 μὲν
1118 1558 1161 1587 οὖν
1189 1559 1239 1593 τὴν
1268 1557 1327 1587 ὁδὸν
1354 1558 1515 1595 ἀσπάζεσθαί
1543 1570 1601 1588 τινα
1623 1559 1720 1588 κωλύει
1746 1559 1794 1588 διὰ
1831 1560 1877 1593 τὴν

1044 1603 1187 1642 εἰρημένην
1215 1603 1309 1634 αἰτίαν.
1345 1605 1387 1636 Εἰς
1422 1603 1448 1632 δὲ
1475 1604 1557 1633 οὶκίαν
1570 1604 1770 1645 εἰσερχόμενοι,
1799 1605 1877 1645 φησὶ,

1043 1648 1146 1687 λέγετε·
1184 1649 1282 1688 Εἰρήνη
1310 1651 1348 1685 τῷ
1376 1649 1446 1685 οἴκῳ
1472 1650 1566 1686 τούτῳ⁴
1597 1650 1748 1687 τουτέστιν,
1789 1649 1876 1678 ἀσπάι

1043 1695 1116 1729 ζεσθε
1143 1693 1203 1725 τούς
1231 1693 1258 1721 ἐν
1346 1694 1428 1730 οἰκίᾳ.
1443 1694 1512 1722 Εἶτα
1525 1693 1662 1732 δεικνύων,
1675 1694 1714 1722 ὅτι
1732 1696 1764 1724 οὺ
1798 1694 1877 1733 μόνον

1044 1738 1183 1776 ἀσπασμός
1219 1737 1274 1766 ἐστι
1302 1741 1391 1775 τοῦτο,
1422 1738 1491 1766 ἀλλὰ
1525 1739 1569 1766 καὶ
1590 1738 1708 1778 εὖλογία⁴
1725 1741 1822 1779 φησιν,
1839 1738 1876 1765 ὅτι

1045 1783 1107 1812 Ἐὰν
1135 1783 1184 1820 μὲν
1259 1782 1328 1815 ἄξιος
1353 1784 1366 1810 ὁ
1382 1781 1583 1821 οἰκοδεσπότης,
1601 1782 1828 1822 εὐλογηθήσεται,
1856 1783 1875 1810 εἰ

1044 1827 1070 1856 δὲ
1099 1826 1223 1867 ὑϐριστὴς
1265 1829 1308 1855 καὶ
1338 1826 1505 1861 ἂνεπίδεκτος
1551 1828 1672 1867 εἰρήνης,
1715 1829 1875 1869 μαχόμενος

1045 1873 1089 1901 καὶ
1115 1872 1314 1909 ἐναντιούμενος
1339 1874 1378 1909 τῷ
1404 1871 1478 1911 λόγῳ
1507 1873 1580 1910 ὑμῶν
1620 1873 1664 1900 καὶ
1685 1876 1720 1911 τῇ
1747 1872 1876 1902 διδασκα-

1047 1917 1100 1954 λίᾳ,
1133 1918 1150 1950 ἠ
1178 1916 1283 1955 εὐλογία
1313 1918 1360 1946 οὐκ
1388 1915 1432 1945 ἐπ’
1461 1918 1538 1945 αὐτὸν
1568 1916 1635 1955 ἣξει,
1666 1917 1726 1946 ἀλλ’
1743 1918 1783 1950 εἰς
1811 1919 1875 1956 ὑμᾶς

1048 1962 1242 2001 ὲπαναστρὲψει
1273 1962 1317 1995 Μὴ
1353 1960 1519 2000 μεταϐαίνειν
1557 1961 1583 1990 δὲ
1614 1963 1651 1994 είς
1668 1961 1772 1995 πολλὰς
1795 1964 1874 1994 οἰκίας

1049 2006 1241 2047 παραγγέλλει,
1277 2006 1321 2033 ἵνα
1347 2007 1386 2044 μὴ
1425 2005 1521 2035 δοκῶσι
1578 2008 1785 2047 γαστρίμαργοι,
1835 2012 1875 2038 καὶ

1048 2052 1236 2087 σκανδαλίζωσι
1272 2050 1399 2092 πολλούς,
1435 2053 1479 2080 καὶ
1514 2051 1618 2080 λσπῶσι
1645 2054 1707 2084 τούς
1729 2052 1754 2086 ἐξ
1787 2053 1874 2094 ἀρχῆς

1046 2096 1264 2135 ὑποὸεςαμένους,
1303 2095 1385 2124 Ἀλλὰ
1413 2097 1457 2125 καὶ
1493 2096 1602 2137 ἐσθίετε,
1638 2098 1714 2137 φησὶ,
1742 2099 1777 2126 τὰ
1813 2097 1873 2134 παρ’

178 2137 253 2168 nihil
263 2137 391 2177 amplius
403 2136 601 2177 inquirentes.
616 2138 672 2167 Pro
686 2137 825 2170 mercede
839 2142 936 2169 autem

1102 2146 1141 2180 ὗν,
1183 2141 1327 2177 τουτέστιν,
1364 2141 1380 2169 ἅ
1408 2142 1571 2181 προσάγουσι
1595 2136 1675 2183 ὗμιν,
1712 2143 1762 2172 κᾶν
1795 2144 1871 2182 μικρᾶ

176 2181 246 2213 bete
262 2181 374 2212 cibum.
387 2182 425 2212 Et
437 2191 474 2212 ne
491 2183 631 2222 quaeretis
644 2185 674 2212 et
689 2182 781 2222 pasci,
795 2186 823 2213 et
835 2192 945 2217 mercet

1102 2200 1110 2216 ν
1146 2186 1194 2215 κᾶν
1228 2185 1334 2222 εὐτελῆ,
1363 2184 1446 2224 μηδὲν
1468 2187 1548 2216 πλέον
1569 2181 1769 2223 ἐπιζητοῦντες.
1804 2181 1871 2217 ’Λντὶ

176 2226 302 2272 insuper
309 2226 513 2267 accipere,sed
525 2226 624 2257 cibum
637 2236 690 2266 pro
702 2227 841 2258 mercede
855 2227 945 2259 habet

1102 2236 1138 2262 ιοῡ
1173 2231 1200 2259 δὲ
1236 2229 1314 2270 ἔχετε
1339 2231 1388 2265 τὴν
1415 2233 1528 2271 τροφὴν,
1557 2233 1602 2261 καὶ
1634 2233 1674 2270 μὴ
1699 2237 1809 2268 ζητεῖτε
1832 2245 1871 2271 καὶ

175 2270 251 2318 Vide
263 2271 353 2311 igitur
368 2271 695 2318 quomododiscipulos
710 2271 852 2303 adversus
876 2273 944 2315 inop

1100 2278 1197 2318 ρεσθαι,
1226 2276 1270 2304 καὶ
1294 2276 1386 2313 μισθὸν
1415 2270 1500 2304 πάλιν
1528 2278 1599 2316 παρὰ
1614 2277 1692 2317 μέρος
1717 2277 1869 2318 λαμϐάνειν1

175 2316 313 2352 instruat,
327 2320 356 2347 et
376 2325 500 2347 securos
519 2316 615 2347 faciat.
629 2318 740 2348 Sanare
755 2322 853 2348 autem
871 2324 900 2351 et
915 2319 1000 2351 inﬁr-

176 2370 239 2392 mos
256 2361 305 2402 qui
326 2361 356 2391 in
381 2361 558 2399 civitatibus,
576 2362 722 2403 prmcipit,
740 2367 772 2394 ut
789 2364 999 2396 miraculorum

176 2406 348 2446 operatione
357 2406 504 2436 attraham
513 2406 651 2438 homines
657 2407 693 2437 ad
703 2407 824 2438 verbum
838 2409 915 2449 quod
929 2420 1001 2450 prae-

175 2451 284 2482 dicant.
303 2451 338 2482 Et
353 2450 417 2481 vide
433 2451 502 2491 quid
519 2451 616 2483 dicat:
634 2451 669 2482 Et
683 2452 773 2484 dicite
789 2454 832 2484 eis
849 2465 855 2483 ε
882 2455 999 2495 Appro-

174 2495 326 2537 pinquavit
336 2496 366 2527 in
382 2505 433 2526 vos
444 2505 569 2536 regnum
580 2496 722 2528 Dei.Nam
734 2498 759 2528 si
775 2498 901 2538 primum
913 2509 998 2532 sana-

175 2541 324 2580 veritis,ac
339 2541 449 2572 deinde
464 2541 769 2581 docueritis,feliciter
783 2547 883 2575 curret
897 2554 997 2578 sermo

175 2587 245 2617 544
255 2591 364 2627 vester,
376 2590 405 2617 et
420 2586 543 2618 credent
559 2586 696 2617 homines
710 2587 788 2627 quod
802 2597 925 2628 regnum
943 2590 998 2623 Dei

175 2633 343 2673 pervenerit
354 2631 384 2661 in
400 2631 491 2671 ipsos.
506 2632 571 2662 Non
588 2631 667 2661 enim
682 2631 777 2662 sanati
790 2631 924 2672 fuissent,
941 2636 998 2667 nisi

177 2676 273 2708 divina
292 2676 426 2717 quaedam
438 2676 530 2706 virtus
542 2675 647 2706 fuisset
660 2676 723 2707 haec
738 2686 877 2717 operans.
895 2680 954 2712 Sed
970 2686 1000 2713 et

175 2725 293 2762 quando
305 2722 373 2761 quis
387 2720 488 2751 animo
503 2724 651 2760 aegrotans
673 2725 792 2752 sanatus
817 2722 915 2762 fuerit,
931 2730 1001 2758 tunc

176 2765 426 2807 appropinquavit
437 2765 466 2796 in
483 2774 552 2796 eum
567 2774 692 2804 regnum
703 2765 768 2798 Dei.
781 2767 825 2799 Ab
841 2774 1001 2809 agrotante

1047 2321 1107 2352 ἀλλ’
1142 2322 1220 2349 αὐτὸν
1247 2320 1296 2353 τὴν
1331 2321 1430 2361 τροφὴν
1454 2321 1510 2349 ἀντὶ
1550 2323 1644 2360 μισθου
1680 2322 1770 2363 ἔχετε.
1809 2325 1873 2365 "Op:

1042 2368 1098 2404 οὖν,
1130 2368 1186 2398 πῶς
1225 2365 1284 2396 τούς
1313 2366 1433 2403 μαθητὰς
1466 2366 1666 2407 ἐξασφαλίζεται
1697 2370 1763 2408 πρὸς
1788 2370 1871 2404 ἂκτη-

1042 2413 1172 2451 μοσύνην,
1200 2411 1244 2438 καὶ
1271 2411 1423 2449 θεραπεύειν
1452 2410 1480 2439 δὲ
1509 2412 1570 2444 τούς
1606 2412 1632 2440 ἐν
1665 2421 1726 2444 ταῖς
1763 2415 1869 2443 πόλεσιν

1041 2458 1160 2488 ἀσθενεῖς
1190 2453 1379 2495 παραγγέλλει,
1406 2459 1453 2484 ὐνα
1482 2456 1597 2485 ἐντεῦθεν
1640 2460 1865 2500 θαυματωργοόν-

1040 2514 1094 2545 τες,
1125 2500 1306 2541 ἑφελκύωνται
1337 2501 1397 2532 τούς
1427 2501 1578 2541 ἀνθρώπους
1609 2503 1652 2531 ἐπὶ
1673 2505 1704 2532 τὸ
1733 2506 1862 2545 κήρυγμα,

1040 2543 1113 2587 "Op:
1142 2546 1191 2585 γὰρ
1218 2546 1243 2573 τί
1257 2557 1333 2585 φησι,
1353 2545 1506 2585 Καίλέγετε
1533 2547 1638 2588 αὐτοῖς,
1666 2549 1705 2577 ὃτι
1731 2543 1863 2590 ’Ἠγγικεν

1039 2593 1080 2633 ἐφ’
1109 2592 1177 2629 ὑμᾶς
1212 2592 1229 2624 ἡ
1256 2590 1377 2628 βασιλεία
1401 2593 1449 2620 τοῦ
1483 2595 1561 2622 Θεοῦ.
1578 2594 1608 2622 Εἰ
1636 2595 1686 2633 γὰρ
1701 2598 1806 2635 πρῶτον
1819 2597 1863 2624 θε-

1039 2636 1177 2676 ραπεύετε,
1206 2637 1267 2664 εἶτα
1294 2634 1440 2674 διδάσκετε,
1477 2634 1752 2678 εὖδρομήσειὺμῖνθ
1774 2641 1863 2681 λόγος.

1039 2683 1083 2711 καὶ
1111 2681 1294 2710 πιστεύσουσιν
1320 2683 1344 2709 οἱ
1379 2681 1522 2722 ἅνθρωποι,
1548 2685 1589 2712 ὃτι
1617 2685 1635 2718 ἡ
1659 2685 1782 2722 βασιλεία
1824 2689 1866 2715 τοὺ

1041 2730 1106 2756 Θεοῦ
1128 2725 1242 2766 ἔφθισαν
1258 2725 1301 2754 ἐπ’
1317 2727 1421 2758 αὐτούς.
1446 2728 1500 2757 Οὐκ
1520 2727 1551 2756 ἄν
1565 2729 1616 2767 γὰρ
1630 2729 1831 2770 ἐθεραπεύοντο,
1847 2731 1866 2758 εἰ

1042 2773 1081 2812 μή
1117 2782 1157 2804 τις
1186 2772 1241 2799 θεία
1266 2769 1374 2809 δύναμις
1396 2772 1457 2806 ἦνὴ
1479 2776 1561 2802 ταῦτα
1575 2772 1698 2804 τελοῦσα.
1725 2775 1864 2816 Ἀλλὰγᾶρ
