1949 3077
252 191 310 224 847

741 189 1038 224 THEOPHYLACTI
1058 189 1265 223 BULG’ARIIE
1285 193 1465 224 ARCHIEP.

1872 198 1918 230 848

253 262 314 293 cuit
332 261 566 292 misericordiam
583 261 613 292 in
630 262 726 292 illum.
743 263 792 294 Ait
807 263 895 302 igitur
910 263 953 293 illi
967 263 1022 294 JeSi

1166 258 1243 286 εἶπεν
1259 267 1266 273 ·
1284 254 1312 288 Ὀ
1334 261 1450 295 ποιήσας
1467 262 1498 289 τὸ
1521 260 1594 294 ἔλεος
1610 263 1668 299 μετ’
1692 265 1780 293 αὐτοῦ.
1797 264 1870 292 Εἶπεν
1881 265 1914 292 οὖν

253 306 344 343 Vade,
362 309 390 337 et
406 309 434 336 tu
452 306 497 336 fac
514 306 662 338 similiter.
684 321 693 334 ι»
717 308 904 338 Laudatus-a
929 307 1078 338 Salvatore

252 350 782 391 legisperitus,prodiditinsoleutiam
795 351 1076 383 animi.Dixitenim:

252 397 287 426 Et
302 395 371 434 quis
385 399 433 426 est
448 405 533 426 meus
548 396 724 435 proximus?
738 396 932 428 Existimabat
951 397 1031 428 enim
1048 405 1078 426 se

247 440 361 479 justum
384 449 461 477 esse,
480 440 654 480 nullumque
680 441 790 472 habere
815 442 871 472 sibi
896 442 1023 472 similem
1051 446 1079 472 et

251 485 418 524 proximum
429 485 537 516 virtute
551 496 559 516 :
577 490 682 526 putans
694 487 910 526 solumjustum
919 487 998 526 justo
1012 495 1078 526 pro-

252 529 364 560 ximum
379 539 459 561 esse.
472 529 603 562 Proinde
613 531 886 571 volensjustiﬁcare
898 532 1040 572 seipsum,
1049 535 1078 561 et

252 583 283 605 ex
291 574 354 606 tolli
370 584 461 615 super
473 584 576 606 omnes
588 575 736 613 homines,
750 576 945 613 insolescens,
961 576 1074 616 inquit:

249 619 287 650 Et
302 616 367 659 quis
384 624 429 650 est
445 620 595 659 proximus
607 630 690 651 meus
701 620 716 650 ’Ζ
731 620 868 652 Salvator
883 625 994 658 autem,
1007 630 1079 661 quo-

251 663 330 694 niam
345 663 486 695 Conditor
501 664 565 704 ipse
585 670 658 702 erat,
676 666 774 696 sciens
798 675 852 696 nos
868 675 971 696 omnes
988 675 1075 696 unam

248 715 425 743 creaturam.
444 720 502 741 non
525 711 666 751 operibus
689 722 786 752 neque
803 712 1008 752 dignitatibus,
1023 713 1074 744 sed

249 758 352 786 natura
368 755 471 786 deﬁnit
487 756 670 796 proximum.
695 756 737 787 Ne
753 757 844 796 igitur
856 762 951 798 putes,
967 758 1072 798 inquit,

247 801 316 841 quia
327 802 425 841 justus
440 810 484 837 es,
498 801 576 842 quod
593 802 692 833 nullus
710 802 760 833 tibi
776 803 881 834 similis
897 804 944 834 sit.
964 802 1074 834 Omnes

248 845 327 877 enim
345 846 395 885 qui
412 846 546 886 ejusdem
561 851 674 877 natura
688 852 768 887 sunt,
788 848 913 888 proximi
931 848 971 878 tui
992 852 1072 879 sunt.

247 890 293 921 Sis
308 890 398 930 igitur
407 890 538 921 vicissim
554 895 583 921 et
606 896 635 922 tu
651 891 710 922 illis
726 893 900 931 proximus:
920 902 977 923 non
995 892 1072 924 loco.
1087 906 1105 930 Β

247 935 299 966 sed
314 936 471 967 affectione
484 936 618 968 etstudio
630 946 700 977 erga
710 937 789 967 illos.
803 936 918 968 Idcirco
930 942 957 968 et
968 937 1072 968 Sama-

247 980 377 1012 ritanum
394 981 555 1012 introducit
570 981 600 1012 in
618 983 800 1022 exemplum,
819 983 915 1013 uttibi
929 986 1074 1013 monstret

242 1026 321 1065 quod
337 1026 406 1056 licet
421 1025 468 1056 hic
485 1026 541 1057 vita
550 1026 750 1067 discreparet.
768 1027 923 1067 proximus
936 1032 1033 1058 tamen
1046 1027 1072 1058 ei

242 1075 305 1101 erat
315 1071 364 1110 qui
378 1070 568 1102 miseratione
581 1071 697 1111 dignus.
712 1071 762 1103 Sic
778 1076 807 1102 et
820 1077 850 1102 tu
864 1073 1072 1112 compassione

244 1116 411 1156 proximum
428 1119 456 1146 te
469 1115 511 1147 illi
527 1116 647 1154 exhibe,
662 1121 690 1147 et
702 1121 808 1157 sponte
823 1127 856 1148 ac
872 1126 930 1147 non
953 1121 1072 1148 vocatus

243 1161 274 1190 in
287 1160 369 1191 illius
385 1159 554 1191 subsidium
571 1169 668 1193 curre.
695 1161 842 1192 Docemur
854 1161 940 1201 igitur
963 1166 993 1193 et
1017 1162 1072 1192 hoc

242 1205 309 1236 loco
323 1214 375 1245 per
390 1204 560 1245 parabolam
577 1210 607 1236 ut
624 1206 717 1245 parati
736 1206 828 1237 simus
843 1207 879 1236 ad
896 1206 1070 1238 misericor-

240 1249 331 1286 diam,
350 1255 378 1280 et
392 1259 538 1280 conemur
553 1259 619 1280 esse
645 1250 770 1290 proximi
787 1250 833 1280 his
859 1251 908 1291 qui
933 1250 1069 1290 indigent

240 1299 340 1326 nostro
348 1294 495 1325 subsidio.
507 1294 600 1325 Docet
610 1299 710 1325 autem
722 1299 751 1326 et
765 1300 878 1335 quanta
887 1296 941 1327 Dei
953 1295 1068 1327 bonitas

241 1350 309 1379 erga
325 1339 474 1371 homines.
487 1339 693 1370 Descendebat
702 1340 782 1370 enim
794 1341 922 1371 humana
934 1344 1040 1372 natura
1051 1351 1067 1372 a

239 1384 437 1420 Hierusalem,
454 1385 511 1414 hoc
533 1388 589 1424 est,
605 1393 622 1414 a
638 1385 796 1425 tranquilla
812 1389 840 1415 et
859 1385 981 1425 paciﬁca
993 1386 1063 1416 vita.

239 1429 425 1460 Hierusalem
455 1428 535 1459 enim
561 1430 773 1469 interpretatur
788 1429 861 1460 visio
888 1430 979 1470 pacis.
1002 1430 1066 1466 Quo

239 1478 337 1505 autem
351 1473 578 1504 descendebat?
593 1473 626 1504 In
638 1474 780 1505 Hiericho
792 1474 948 1515 humilem,
964 1484 1068 1506 conca—

237 1528 325 1559 vam,
334 1523 364 1549 et
374 1523 445 1548 aestu
458 1518 725 1558 suti‘ocantem,hoc
738 1524 793 1556 est,
806 1519 891 1550 vitam
902 1520 1066 1551 affectioni-

238 1563 293 1594 bus
310 1561 519 1603 plenam.Vide
535 1566 633 1593 autem
651 1563 729 1603 quod
741 1573 800 1594 non
812 1564 1065 1604 dixerit,descen—

237 1609 290 1649 dit,
305 1607 356 1639 sed
369 1607 582 1639 descendebat.
596 1606 721 1648 Semper
730 1609 809 1639 enim
823 1609 952 1640 humana
963 1615 1065 1642 natura

237 1653 273 1684 ad
290 1653 429 1684 inferiora
446 1652 583 1693 proclivis
596 1657 651 1691 est,
674 1663 733 1683 non
751 1653 855 1691 semel,
873 1654 927 1685 sed
945 1664 1066 1695 semper

236 1699 304 1728 vitm
315 1697 522 1728 aﬂ'ectionibus
537 1697 644 1728 deditae
657 1707 774 1729 vacans.
796 1697 906 1729 Incidit
920 1703 1017 1730 autem
1034 1700 1063 1730 in

236 1743 379 1779 latrones,
399 1742 454 1772 hoc
472 1745 516 1772 est
528 1742 690 1773 daemones.
709 1743 773 1774 Nisi
794 1743 859 1784 quis
875 1753 892 1774 a
909 1744 1064 1783 cogitatio-

235 1788 324 1819 nibus
335 1787 513 1818 sublimibus
526 1787 788 1827 descenderit,non
801 1788 904 1818 incidit
914 1789 943 1818 in
956 1788 1064 1820 darmo-

236 1843 300 1867 nes.
319 1833 368 1873 qui
386 1836 473 1863 exuto
489 1832 604 1862 homini
620 1837 649 1862 et
673 1833 799 1872 spoliato
822 1833 952 1864 vestibus
967 1834 1061 1865 virtu-

235 1883 307 1916 tum,
321 1882 391 1908 tunc
407 1876 508 1917 plagas
524 1877 655 1907 inferunt
681 1878 807 1917 peccati.
827 1877 959 1908 l’rimum
981 1879 1060 1909 enim

235 1923 387 1954 denudant
399 1931 453 1952 nos
465 1921 545 1951 omni
565 1921 641 1952 bona
656 1922 835 1961 cogitatione
850 1927 878 1953 et
897 1923 1062 1953 visitatione

235 1969 299 2000 Dei:
315 1967 423 1998 deinde
435 1966 536 2006 plagas
547 1967 660 2006 peccati
673 1967 814 1999 inferunt.
826 1969 918 1999 Porro
930 1972 1062 1999 naturam

235 2013 395 2043 humanam
422 2011 647 2042 semimortuam
677 2012 885 2052 reliquerunt:
917 2012 962 2043 vel
983 2014 1062 2053 quod

234 2058 333 2088 anima
347 2056 534 2093 immortalis,
557 2065 665 2096 corpus
681 2061 778 2088 autem
796 2057 930 2095 mortale,
949 2057 1018 2087 550
1034 2063 1063 2090 et

1120 304 1191 339 αὐτῷ
1219 305 1232 331 ὁ
1262 302 1364 338 Ἰησοῦς
1382 314 1389 321 ·
1422 306 1550 346 Πορεύου,
1579 309 1623 335 καὶ
1652 308 1683 335 σὺ
1706 310 1772 336 ποίει
1799 309 1893 345 ὁμοίως,
1909 322 1918 335 n

1121 347 1283 381 Ἐπαινεθεῖς
1310 350 1360 378 ὑπὸ
1389 354 1436 378 τοῦ
1465 353 1591 391 Σωτῆρος
1618 353 1632 380 ὁ
1661 354 1781 390 νομικὸς,
1807 354 1848 387 τὴν
1867 354 1921 381 ἁλα-

1120 393 1220 427 ζονείαν
1235 392 1379 433 ἐξέῥρηξεν.
1406 397 1473 424 Εἴπε
1495 397 1546 435 γάρ
1565 407 1570 412 ·
1598 398 1645 426 Καὶ
1662 398 1700 430 τίς
1723 399 1778 426 ἐστί
1797 409 1841 434 μου
1861 398 1919 431 πλη-

1121 437 1176 465 σίον
1192 449 1200 474 ς
1224 438 1315 480 ’¹ῼετο
1331 440 1380 479 γὰρ
1395 439 1435 468 ὅτι
1462 440 1562 473 δίκαιος
1588 442 1637 477 ὥν,
1655 442 1747 471 οὒδένα
1759 443 1827 481 ἔχειν
1847 443 1921 481 ὅμοιον

1120 482 1216 523 ἑαυτῷ,
1248 485 1292 512 καὶ
1316 484 1497 520 πλησιάζοντα
1525 486 1592 514 κατὰ
1628 487 1676 520 τὴν
1699 487 1803 526 ἀρετήν.
1827 487 1920 520 lumini;

1119 527 1169 566 γὰρ
1201 529 1281 566 μόνον
1325 529 1434 565 ἤλπιζεν
1474 532 1545 558 εἶναι
1576 533 1621 558 τὸν
1653 531 1752 560 δίκαιον
1776 536 1812 570 τῷ
1836 531 1919 569 δικαίῳ.

1119 572 1208 600 Θὲλων
1236 573 1279 601 οὖν
1318 573 1434 603 δικαιοῦν
1476 576 1568 604 ἑαυτὸν
1596 577 1638 604 καὶ
1666 577 1810 617 ὑπεραίρειν
1835 578 1922 606 πάντων

1120 617 1273 656 ἀνθρώπων,
1302 619 1527 658 ἆλαζονευόμενός
1549 632 1614 660 φησι
1632 629 1638 636 ”
1669 623 1718 650 Καὶ
1745 623 1783 653 τίς
1811 622 1860 650 ἐστί
1884 633 1924 659 μοι

1119 661 1234 696 πλησιον
1252 672 1260 700 ;
1280 659 1308 691 “0
1330 663 1357 691 δὲ
1380 665 1486 705 Σωτὴρ,
1503 665 1549 693 ἇίτε
1565 665 1596 699 δη
1613 667 1731 700 Ποιητὴς
1747 668 1794 703 ὢν,
1810 668 1850 696 καὶ
1862 666 1923 696 cladi:

1117 707 1220 739 πάντας
1249 707 1276 735 ἓν
1301 707 1424 746 πλάσμα,
1455 712 1484 739 οὔ
1523 717 1584 741 ταῖς
1627 711 1762 750 πράξεσιν,
1799 710 1852 740 οὐδὲ
1875 719 1922 742 τοῖς

1118 752 1275 790 ἀξιώμασιν,
1293 752 1361 780 ἀλλὰ
1384 757 1418 792 τῇ
1440 755 1515 794 φύσει
1544 756 1661 794 ὁρίζεται
1685 757 1730 784 τὶμι
1753 756 1869 790 πὶησῖον.
1890 758 1924 787 M1",

1117 797 1166 836 γὰρ
1195 797 1295 834 νόμιζε,
1325 799 1415 838 φησὶν.
1446 798 1486 827 ὅτι
1507 798 1600 833 ἐπειδὴ
1624 799 1724 832 δίκαιος
1740 803 1778 837 εἴ,
1794 800 1868 831 οὐδείς
1893 802 1923 827 σοί

1117 842 1188 869 ἐστιν
1211 841 1314 880 ὅμοιος.
1339 844 1438 876 Πάντες
1468 845 1518 883 γὰρ
1548 846 1571 872 οἱ
1601 847 1650 878 τῆς
1680 847 1764 879 αὐτῆς
1791 846 1884 885 ’ρύσεως
1901 856 1923 871 γε

1116 887 1309 920 κοινωνηκότες
1353 887 1467 921 πλησίον
1506 890 1553 917 σού
1582 890 1643 920 εἰσι.
1677 893 1757 918 rma
1783 891 1861 919 τοίνυν
1890 891 1924 917 καὶ

1115 933 1192 963 αὐτὸς
1221 931 1334 966 πλησίον
1361 932 1465 970 αύτοῖς,
1496 935 1526 962 οὗ
1551 937 1590 970 τῷ
1619 934 1706 975 τόπῳ,
1724 934 1925 972 alienasset—

1115 987 1155 1005 σει
1182 977 1226 1005 καὶ
1247 980 1281 1015 τῇ
1302 978 1339 1009 εἷς
1355 977 1447 1009 αὐτοὺς
1472 978 1626 1016 ὰπιμελείᾳ,
1646 981 1692 1007 Διὸ
1708 981 1752 1008 καὶ
1775 981 1819 1008 τὸν
1845 983 1924 1016 Σαμα-

1116 1023 1203 1060 ρείτην
1226 1023 1324 1062 εἰσάγω
1357 1034 1397 1051 σοι
1424 1024 1489 1061 πρὸς
1519 1024 1684 1063 ὑπόδειγμα,
1719 1025 1765 1052 ’ἕνα
1787 1035 1828 1053 σοι
1856 1023 1926 1061 δείξω,

1115 1066 1155 1095 ὅτι
1185 1067 1274 1106 ὥσπερ
1303 1067 1378 1100 οὗτος
1408 1067 1538 1108 διαφέρων
1572 1071 1611 1106 τῷ
1638 1070 1697 1107 βίῳ,
1730 1069 1804 1106 ὅμως
1832 1069 1927 1102 πλησίοι

1114 1111 1207 1151 γέγονε
1235 1115 1281 1140 τοῦ
1315 1111 1386 1144 ἀξίου
1433 1113 1586 1154 ἐλεηθῆναι,
1617 1114 1686 1142 οὕτω
1724 1116 1770 1142 καὶ
1805 1114 1835 1142 σὺ
1858 1112 1927 1145 δεῖξον

1114 1157 1224 1184 σεαυτὸν
1249 1156 1364 1189 πλησίον
1385 1160 1420 1195 τῇ
1442 1159 1602 1196 συμπαθείᾳ,
1634 1159 1678 1186 καὶ
1701 1157 1864 1192 αὖτόκληῖος
1896 1158 1927 1185 ἐπὶ

1112 1201 1161 1234 τὴν
1194 1202 1318 1239 βοήθειαν
1354 1200 1456 1238 βάδιζε,
1503 1201 1685 1240 Διδασκόμεθα
1715 1203 1760 1231 οὖν
1790 1204 1833 1231 καὶ
1858 1206 1926 1230 ταῦτι

1113 1244 1158 1273 διὰ
1183 1247 1232 1279 τῆς
1261 1245 1415 1285 παραϐολῆς
1444 1247 1555 1283 ταύτης,
1585 1249 1616 1275 τὸ
1637 1248 1761 1286 ἑτοίμους
1784 1249 1852 1276 εἶναι
1873 1248 1925 1286 πρὸς

1109 1290 1195 1331 ἔλεον,
1224 1292 1266 1318 καὶ
1296 1290 1416 1319 σπεύδειν
1444 1291 1558 1325 πλησίω
1579 1293 1695 1332 γίνεσθαι
1723 1296 1780 1321 τῶν
1808 1291 1924 1330 δεομένων

1108 1337 1157 1369 τήε
1185 1335 1247 1371 παρ’
1276 1337 1353 1373 ἡμῶν
1376 1337 1511 1373 βοηθείας.
1544 1337 1726 1376 Διδασκόμεθα
1760 1338 1788 1366 δὲ
1825 1339 1866 1366 καὶ
1884 1338 1924 1370 τὴν

1107 1381 1167 1419 περὶ
1195 1381 1240 1409 τὸν
1266 1380 1402 1420 ἄνθρωπον
1432 1381 1584 1421 ἆγαθότητα
1615 1382 1661 1411 τοῦ
1685 1387 1764 1414 Θεοῦ,
1798 1381 1923 1412 Κατέϐαινε

1108 1427 1157 1465 γὰρ
1185 1427 1202 1460 ἡ
1225 1426 1375 1465 ἀνθρωπίνη
1405 1428 1481 1466 φύσις
1517 1427 1570 1455 ἀπὸ
1601 1423 1791 1466 Ἰερουσαλὴμ,
1824 1427 1926 1456 τουτέστι

1110 1473 1159 1504 τῆς
1188 1470 1364 1500 ἀστασιάστου
1391 1472 1435 1499 καὶ
1479 1472 1612 1510 εἰρηναίας
1641 1471 1792 1511 ὂιαγωγῆς.
1825 1468 1925 1510 ’,Ορασις

1109 1517 1159 1555 γὰρ
1187 1517 1293 1555 εἰρήνης
1323 1515 1495 1554 ἑρμηνεύεται
1538 1518 1556 1550 ἡ
1602 1512 1793 1556 Ἰερουσαλὴμ,
1830 1520 1882 1546 Ποῦ

1109 1560 1285 1600 κατέϐαινεν;
1316 1561 1360 1592 Εἷς
1386 1561 1435 1595 τὴν
1462 1557 1580 1602 Ἰεριχὼ,
1611 1563 1661 1596 τὴν
1684 1562 1783 1596 κοιλὴν
1806 1563 1850 1590 καὶ
1870 1563 1926 1601 χθι-

1107 1605 1196 1643 μαλὴν
1231 1607 1274 1634 καὶ
1316 1608 1354 1642 τῷ
1383 1606 1496 1643 καύματι
1531 1607 1675 1646 πνιγηρὰν,
1711 1607 1850 1647 ταυτέστι,
1890 1607 1928 1639 τὴν

1108 1652 1213 1689 ἐμπαθῆ
1229 1651 1312 1686 ζωήν,
1331 1645 1404 1690 “’ορα
1428 1650 1469 1691 δὲ,
1485 1653 1532 1680 οὐκ
1547 1651 1626 1679 εἶπεν
1642 1651 1682 1679 ὅτι
1706 1651 1829 1689 Κατέϐη,
1843 1645 1847 1647 ’
1859 1651 1925 1686 ἀλλὰ,

1108 1694 1278 1726 Κατὲϐαινεν.
1319 1694 1375 1724 Ἀεὶ
1410 1696 1460 1735 γὰρ
1488 1697 1505 1730 ἡ
1536 1696 1687 1735 ἀνθρωπίνη
1717 1697 1800 1736 φύσις
1839 1697 1880 1725 ἐπὶ
1902 1697 1927 1723 τὰ

1105 1740 1179 1768 κάτω
1201 1740 1299 1777 ἔνευεν⁹
1327 1740 1380 1780 οὖχ
1407 1739 1489 1777 ἅπαξ,
1519 1740 1587 1769 ἀλλὰ
1607 1740 1641 1769 δι’
1670 1740 1733 1770 ὅλου
1761 1745 1801 1778 τῷ
1823 1742 1926 1780 ἐμπαθεῖ

1104 1785 1154 1823 βίῷ
1179 1785 1360 1825 προσέχουσα.
1388 1785 1530 1824 Περιέπεσε
1552 1784 1579 1813 δὲ
1604 1785 1731 1824 λῃσταῖς,
1762 1787 1827 1818 τοῖς
1842 1786 1927 1823 δαίμο-

1105 1842 1156 1861 σιν,
1186 1831 1214 1858 Εἰ
1241 1831 1279 1868 μὴ
1294 1831 1344 1870 γὰρ
1359 1829 1461 1864 καταϐἦ
1476 1841 1516 1862 τις
1543 1830 1596 1859 ἀπὸ
1623 1835 1670 1859 τοῦ
1689 1831 1777 1869 ὕψους
1798 1835 1849 1866 τῆς
1876 1830 1927 1858 δια-

1104 1876 1187 1912 νοίας,
1218 1876 1249 1903 οὗ
1275 1875 1426 1915 περιπίπτει
1453 1882 1512 1907 τοῖς
1550 1874 1692 1913 δαίμοσιν·
1726 1878 1755 1904 οἳ
1783 1876 1930 1905 ἐκδύσαντες

1105 1922 1150 1949 τὸν
1179 1920 1325 1960 ἄνθρωπον,
1369 1921 1413 1948 καὶ
1457 1921 1632 1960 στερήσαντες
1671 1923 1725 1949 τῶν
1763 1923 1817 1955 τῆς
1842 1922 1928 1959 ἆρετῆς

1105 1965 1228 2005 ἱματίων,
1258 1965 1318 1993 τότε
1346 1965 1392 1996 τὰς
1419 1964 1526 2004 πληγὰς
1553 1965 1685 1999 ἐπέθηκαν
1713 1966 1765 2000 τῆς
1795 1968 1930 2006 ἁμαρτίας.

1106 2011 1235 2050 Πρότερον
1275 2011 1324 2049 γὰρ
1366 2011 1562 2049 ἀπογυμνώσιν
1592 2011 1663 2048 ἡμᾶς
1696 2012 1803 2044 παντὸς
1841 2012 1931 2051 ἀγαθοῦ

1104 2054 1244 2094 λογισμοῦ,
1275 2055 1319 2082 καὶ
1340 2053 1388 2088 τῆς
1417 2058 1464 2083 τοῦ
1495 2058 1560 2083 Θεοῦ
1574 2055 1690 2096 σκέπης,
1714 2055 1772 2085 εἴθ’
1789 2057 1875 2088 οὕτως
1890 2067 1935 2090 τας,

235 2103 273 2132 ita
285 2101 443 2132 dimidium
455 2100 586 2131 hominis
598 2101 684 2131 morti
696 2101 845 2133 subditum
861 2106 915 2134 est:
930 2103 973 2133 vel
982 2112 1000 2143 q

1161 2100 1210 2139 γᾶς
1238 2099 1286 2133 τῆς
1328 2099 1457 2139 ἁμαρτίας
1500 2098 1700 2129 ἐπιϐάλλουσιν.
1743 2096 1881 2139 Ἠμιθανῆ
1907 2099 1929 2127 δὲ

235 2157 294 2178 ηοη
317 2146 439 2177 omnino
465 2145 622 2185 desperata
648 2150 711 2177 erat
736 2147 865 2178 humana
886 2151 1002 2179 natura.

1161 2144 1263 2182 ἱλειψαν
1294 2144 1342 2178 τὴν
1372 2143 1538 2182 ἀνθρωπίνην
1566 2145 1653 2184 φύσιν,
1682 2145 1700 2179 ἢ
1721 2144 1794 2174 διότι
1816 2147 1835 2180 ἡ
1857 2145 1930 2185 ψυχὴ

233 2192 350 2223 Christo
360 2190 441 2221 enim
461 2189 584 2220 salutem
601 2199 633 2221 se
646 2190 812 2222 habituram
827 2201 894 2222 esse
909 2192 1002 2232 speral

1161 2201 1242 2227 ματος,
1270 2190 1300 2217 τὸ
1327 2188 1354 2216 δὲ
1382 2192 1460 2226 σῶμα
1485 2190 1593 2222 θνητόν
1622 2189 1690 2218 ὥστε
1718 2191 1751 2218 τὸ
1775 2190 1862 2229 ἥμισυ
1891 2193 1930 2218 τοῦ

233 2236 334 2276 Itaque
345 2245 404 2266 non
420 2237 536 2266 mortua
556 2239 618 2266 erat
634 2235 774 2266 omnino:
792 2236 843 2267 sed
861 2241 1002 2277 propter:

832 2236 843 2266 1
861 2241 983 2277 propter
995 2237 1057 2268 rui-
1072 2235 1238 2275 οᾶνθρώπου
1266 2236 1305 2272 τῷ
1325 2234 1429 2271 θανάτῳ
1450 2235 1601 2274 ὑπαχθῆναι

233 2291 300 2312 nam
315 2281 389 2312 Adae
404 2289 484 2310 mors
506 2280 535 2310 in
561 2280 704 2311 mundum
736 2281 856 2311 intravit
866 2281 918 2312 47:
941 2286 1062 2322 propter

233 2326 341 2358 Christi
355 2330 453 2357 autem
466 2325 711 2365 iustificationem
729 2335 808 2356 mors
822 2326 969 2358 abolenda
985 2331 1058 2358 erat.

232 2374 288 2403 Per
301 2371 486 2402 sacerdotem
498 2380 567 2401 vero
577 2375 606 2401 et
617 2371 762 2408 Levilam,
777 2371 873 2410 legem
889 2372 1060 2412 intelligejet

231 2417 401 2457 prophetas
420 2415 466 2446 Illi
478 2415 556 2446 enim
569 2415 707 2446 volebant
722 2415 885 2455 iustiﬁcare
900 2416 1057 2447 humanam

231 2466 377 2502 naturam,
400 2462 453 2492 sed
476 2471 534 2491 non
563 2465 733 2501 potuerunt.
761 2459 950 2500 Impossibile
965 2461 1055 2500 enim,

228 2507 324 2548 inquit
340 2507 459 2543 Paulus,
475 2506 650 2545 sanguinem
678 2510 829 2536 taurorum
852 2509 882 2537 et
906 2506 1056 2537 hircorum

228 2553 334 2583 tollere
349 2556 501 2593 peccatum
512 2552 554 2582 48.
568 2550 678 2581 Miserti
691 2551 789 2591 itaque
802 2554 872 2582 sunt
883 2551 1057 2589 hominis,et

227 2597 265 2629 de
281 2600 345 2637 ejus
361 2597 485 2628 sanitate
500 2596 678 2635 cogitarunt.
696 2595 810 2626 Deinde
826 2595 978 2637 plagarum
988 2605 1053 2628 ma-

226 2643 381 2682 gnitudine
391 2642 471 2679 victi,
484 2641 522 2672 ad
539 2640 704 2680 posteriora
714 2640 822 2671 iterum
831 2641 961 2681 regressi
973 2646 1052 2672 sunt.

227 2689 291 2718 Hoc
318 2687 398 2718 enim
428 2685 572 2726 signiﬁcat
595 2685 796 2721 ἀντιπαρελθετν
841 2685 930 2717 Venit
960 2688 1050 2727 enim,

224 2732 329 2773 inquit,
350 2730 407 2769 lex,
424 2736 453 2762 et
467 2729 682 2769 astititjacenti
706 2740 713 2760 :
741 2730 852 2762 deinde
876 2740 935 2762 non
954 2731 1053 2762 valens

224 2785 340 2814 sanare,
358 2785 478 2807 reversa
501 2779 556 2812 est,
576 2775 632 2805 hoc
647 2774 726 2805 enim
751 2775 899 2815 signiﬁcat
922 2776 1052 2817 ἀντιπαρ-

262 2866 291 2890 47
309 2866 395 2897 Rom.
411 2873 438 2903 ν,
456 2864 506 2897 12.
523 2866 554 2890 48
566 2864 656 2896 Hebr.
674 2873 703 2904 ι,
720 2867 751 2896 4.

1621 2243 1629 2250 ·
1652 2235 1670 2269 ἢ
1692 2235 1761 2264 διότι
1795 2238 1826 2266 οὗ
1848 2236 1932 2268 πάντη

1101 2280 1134 2314 ἦν
1161 2279 1354 2320 ἅπεγνωσμένη
1376 2280 1393 2312 ἡ
1409 2279 1558 2319 ἀνθρωπίνη
1574 2280 1650 2319 φύσις
1668 2290 1674 2297 ·
1693 2280 1720 2309 ἐν
1746 2282 1802 2321 γὰρ
1831 2285 1933 2321 Χριστῷ

1100 2326 1150 2359 τὴν
1181 2325 1312 2364 σωτηρίαν
1329 2323 1395 2357 ἕξειν
1418 2323 1555 2360 ἠλπίζετο.
1584 2321 1671 2353 ’Ὥστε
1687 2327 1734 2354 οὖκ
1750 2326 1933 2355 ἐτεθανάτωτο

1100 2370 1250 2410 παντελῶς,
1280 2368 1340 2397 ἀλλ’
1366 2368 1429 2398 ὅσον
1457 2369 1507 2407 μὲν
1528 2369 1571 2398 ἐπὶ
1598 2374 1637 2408 τῷ
1665 2374 1712 2399 τοῦ
1738 2371 1833 2410 ’Λδὰμ
1848 2384 1935 2412 παρα-

1100 2417 1224 2454 πτώματι
1248 2415 1358 2446 θάνατος
1385 2415 1421 2447 εἷς
1443 2415 1488 2442 τὸν
1509 2415 1609 2453 κόσμον
1633 2415 1752 2450 εἱσῆλθεν
1773 2425 1780 2431 ·
1815 2418 1879 2446 ὅσον
1907 2417 1932 2444 δὲ

1099 2461 1142 2490 ἐπὶ
1169 2464 1208 2498 τῷ
1235 2463 1280 2488 τοῦ
1310 2459 1422 2499 Χριστοῦ
1449 2458 1612 2498 δικαιώματι
1642 2461 1656 2488 ὁ
1683 2461 1802 2494 θάνατος
1837 2462 1932 2500 ἔμελλε

1097 2506 1299 2545 καταργετσθαι,
1328 2501 1410 2544 Ἰερέα
1439 2503 1465 2532 δὲ
1493 2505 1537 2533 καὶ
1566 2506 1687 2543 Δευίτην,
1710 2506 1758 2535 τὸν
1787 2508 1874 2546 νόμον
1889 2517 1932 2545 μοι

1098 2553 1151 2580 νόει
1179 2551 1223 2579 καὶ
1248 2551 1308 2582 τοὺς
1336 2549 1486 2589 προφήτας.
1517 2550 1593 2579 Οὗτοι
1617 2551 1666 2591 γὰρ
1704 2550 1861 2585 ἠϐούλοντο
1883 2554 1933 2590 μὲν

1096 2597 1234 2626 δικαιῶσαι
1260 2596 1310 2629 τὴν
1352 2595 1518 2634 ἀνθρωπίνην
1545 2596 1632 2636 φύσιν,
1669 2598 1717 2626 οὒκ
1755 2596 1931 2634 ἠδυνήθησαν

1095 2642 1132 2672 δέ.
1165 2641 1303 2671 Ἀδύνατον
1324 2640 1386 2679 γὰρ,
1425 2641 1503 2680 φησὶν
1533 2642 1546 2669 ὁ
1575 2640 1690 2681 Παῦλος,
1720 2643 1799 2680 αἷμα
1830 2645 1934 2683 ταύρων

1095 2689 1139 2716 καὶ
1172 2687 1275 2726 τράγων
1304 2683 1412 2723 ἀφελεῖν
1446 2685 1587 2723 ἁμαρτίας.
1630 2685 1768 2719 Ἦλέησαν
1801 2689 1854 2725 μὲν
1889 2690 1931 2716 οὖν

1095 2734 1140 2761 τὸν
1168 2732 1315 2771 ἄνθρωπον,
1352 2729 1396 2757 καὶ
1437 2731 1593 2769 θεραπεῦσαι
1637 2729 1833 2766 διενοήθησαν,
1868 2735 1935 2762 Εἶτα

1094 2783 1127 2816 τῇ
1144 2779 1196 2806 τῶν
1224 2775 1337 2815 πληγῶν
1367 2773 1519 2814 ἐπικρατείᾳ
1547 2777 1711 2813 νικηθέντες,
1740 2777 1783 2808 εἷς
1814 2779 1935 2807 τούπίσω
