1949 3077
252 196 311 229 847

741 195 1038 230 THEOPHYLACTI
1059 196 1265 230 BULGARI/E
1285 200 1464 232 ARCHIEP.

1879 206 1924 237 848

253 268 315 299 cuit
332 267 566 298 misericordiam
583 268 613 298 in
630 268 726 299 illum.
744 269 792 300 Ait
807 270 895 309 igitur
910 269 953 300 illi
968 270 1022 301 Jesw

1166 264 1243 294 εἶπεν
1259 273 1266 280 ⁶
1284 261 1311 295 ’0
1334 267 1450 302 ποιήσας
1467 269 1498 296 τὸ
1521 267 1593 301 ἕλεος
1610 270 1668 306 μετ’
1692 272 1781 301 αὐτοῦ.
1800 271 1876 300 Εἶπεν
1887 273 1920 300 οὖν

253 311 344 349 Vade,
362 315 390 343 et
406 316 435 342 tu
451 312 497 342 fac
514 312 662 345 similiter.
683 328 693 340 »ι
717 314 904 345 Laudatus-a
929 313 1078 345 Salvatore

251 356 782 397 legisperitus,prodiditinsolentiam
795 358 1076 390 animi.Dixitenim:

252 403 287 432 Et
302 401 370 440 quis
386 405 432 433 est
447 411 533 432 meus
548 403 699 442 proximus
711 402 724 433 ἲ
738 403 932 435 Existimabat
951 403 1030 434 enim
1047 412 1078 433 se

247 445 361 485 justum
384 455 461 483 esse,
480 447 654 487 nullumque
679 447 790 479 habere
815 448 872 479 sibi
896 448 1023 479 similem
1051 452 1079 478 et

250 491 418 530 proximum
429 491 536 522 virtute
551 502 558 522 :
577 497 682 532 putans
694 493 910 533 solumjustum
920 494 998 533 justo
1011 502 1078 533 pro-

251 536 364 566 ximum
379 545 458 567 esse.
472 536 603 568 Proinde
612 537 886 577 volensjustificare
897 539 1040 578 seipsum,
1049 542 1078 568 et

251 581 354 612 extolli
370 590 461 621 super
473 591 576 612 omnes
588 582 736 619 homines,
750 583 945 620 insolescens,
960 583 1055 622 inquit
1068 594 1074 614 :

250 625 286 656 Et
301 622 367 665 quis
383 630 428 656 est
444 626 595 666 proximus
607 636 689 657 meus
700 627 715 656 ?
730 627 868 659 Salvator
883 632 993 665 autem,
1007 637 1078 667 quo~

1120 311 1191 346 αὺτῷ
1219 312 1232 338 ὁ
1261 309 1363 344 Ἰησοῦς
1382 321 1389 328 '
1422 313 1549 353 Πορεύου,
1579 316 1622 342 καὶ
1651 315 1682 342 σὺ
1705 317 1773 344 ποίει
1802 317 1924 353 ὁμοίως.»

1121 354 1283 388 Ἐπαινεθεὶς
1310 357 1360 385 ὑπὸ
1388 361 1436 385 τοῦ
1464 361 1591 398 Σωτῆρος
1618 361 1631 387 ὁ
1661 362 1782 398 νομικὸς,
1811 362 1853 395 τὴν
1872 362 1927 389 an-

1120 400 1219 434 ζονείαν
1235 399 1379 440 ἐξέρρηξεν.
1405 404 1473 430 Εἴπε
1496 403 1546 443 γάρ
1565 414 1570 420 '
1598 405 1644 433 Καὶ
1661 405 1699 437 τίς
1723 407 1778 433 ἐστί
1800 417 1846 442 μου
1866 406 1925 439 πλη-

1120 444 1176 472 σίον
1192 456 1200 480 ;
1224 445 1314 486 ⁷¹ῼετο
1330 447 1380 486 γὰρ
1395 446 1434 474 ὅτι
1461 446 1561 480 δίκαιος
1587 449 1636 484 ὢν,
1654 449 1746 478 οὗὸένα
1759 450 1832 489 ἔχειν
1851 451 1927 488 ὅμοιον

1120 489 1216 529 ἑαυτῷ,
1248 491 1291 518 καὶ
1315 491 1497 527 πλησιάζοντα
1525 493 1592 522 κατὰ
1627 494 1675 528 τὴν
1698 495 1806 534 ἀρετήν.
1830 495 1926 529 [limini

1119 534 1168 573 γὰρ
1200 536 1280 572 μόνον
1324 535 1433 572 ἤλπιζεν
1474 539 1544 565 εἴναι
1576 540 1621 566 τὸν
1652 539 1751 568 δίκαιον
1777 544 1815 577 τῷ
1839 540 1924 578 δικαίῳ.

1119 578 1207 607 Θέλων
1235 580 1279 608 οὖν
1318 580 1434 610 δικαιοῦν
1476 583 1568 611 ἑαυτὸν
1596 585 1638 611 καὶ
1665 585 1812 624 ὑπεραίρειν
1838 586 1927 613 πάντων

1119 623 1272 662 ἀνθρώπων,
1301 625 1526 664 ἁλαζονευόμενός
1549 639 1614 667 φησι
1632 637 1638 643 '
1668 630 1717 657 Καὶ
1744 630 1784 662 τίς
1813 630 1863 658 ἐστί
1888 641 1928 667 poi

250 669 330 700 niam
344 670 486 702 Conditor
500 671 565 711 ipse
584 677 657 708 erat,
675 673 774 703 sciens
797 682 851 703 nos
867 682 970 703 omnes
987 682 1019 702 ur

1158 680 1233 702 ησιον
1252 679 1259 708 ;
1279 666 1308 698 Ὀ
1329 670 1357 698 δὲ
1380 672 1486 712 Σωτὴρ,
1503 673 1548 700 ἅτε
1565 671 1596 707 δή
1612 674 1731 707 Ποιητὴς
1746 675 1794 711 ὢν,
1811 676 1852 704 καὶ
1866 675 1927 706 εἰδὼς

247 721 424 751 creaturam,
444 727 502 748 non
524 717 666 758 operibus
689 729 786 759 neque
802 719 1006 758 dignitatibus,

1158 725 1219 746 ντας
1248 714 1276 742 ἓν
1301 714 1424 753 πλάσμα,
1454 719 1484 746 οὗ
1523 724 1583 748 ταῖς
1627 718 1761 757 πράξεσιν,
1800 718 1855 747 οὐδὲ
1878 727 1926 751 τοῖς

247 765 352 792 natura
367 761 470 792 deﬁnit
486 763 669 802 proximum.
694 758 844 802 Neiigitur
855 769 950 804 putes,
967 765 1016 804 inq

1159 760 1274 797 ώμασιν,
1292 759 1361 788 ἀλλὰ
1384 764 1417 799 τῇ
1440 762 1515 801 φύσει
1544 763 1660 801 ὁρίζεται
1685 764 1729 791 τὸ,
1752 763 1872 797 πὶησίον.
1893 766 1927 796 Μὴ

247 807 315 848 quia
327 808 424 847 justus
439 817 483 844 es,
498 808 574 848 quod
592 808 691 839 nullus
709 809 759 839 tibi
776 809 881 840 similis
897 810 943 840 sit.
964 809 1016 841 Om

1158 815 1166 831 >
1194 804 1294 842 νόμιζε,
1325 806 1415 845 φησὶν.
1446 805 1486 834 ὅτι
1507 806 1599 840 ἐπειδὴ
1623 806 1722 839 δίκαιος
1739 810 1777 845 εἴ,
1794 807 1871 840 οὐδείς
1896 810 1927 836 σοί

246 851 326 883 enim
344 852 394 892 qui
411 852 545 892 ejusdem
561 857 673 884 naturae
688 859 767 894 sunt,
787 855 912 894 proximi
930 855 971 884 tui
991 864 1015 886 St

1157 860 1187 876 ;ιν
1210 849 1313 887 ὅμοιος,
1339 850 1438 883 Πάντες
1468 852 1517 890 γὰρ
1548 853 1571 879 οἱ
1600 854 1650 885 τῆς
1679 855 1762 886 αὐτῆς
1790 854 1887 893 ’θύσεως
1905 865 1926 880 γε

246 895 293 928 Sis
307 896 397 936 igitur
407 896 537 927 vicissim
554 901 582 928 et
605 902 634 928 tu
650 898 710 928 illis
725 899 899 938 proximus:
919 909 976 930 non
994 899 1015 930 l(

1160 894 1309 927 νωνηκότες
1353 895 1467 928 πλησίον
1506 897 1553 924 σού
1581 898 1642 927 εἱσι.
1676 900 1755 926 Γενοῦ
1783 899 1864 927 τοίνυν
1893 900 1927 926 καὶ

247 941 299 972 sed
313 942 470 973 affectione
483 943 617 974 etstudio
630 953 699 983 erga
709 943 788 974 illos.
802 942 917 975 Idcirco
929 948 956 974 et
968 943 1016 975 Sal

1159 939 1192 970 τὸς
1220 938 1333 973 πλησίον
1361 940 1465 977 αὺτοῖς,
1496 942 1525 969 οὗ
1551 945 1589 978 τῷ
1618 941 1705 982 τόπῳ,
1723 941 1791 970 ἄλλὰ
1804 946 1839 980 τῇ
1852 942 1928 971 διαθέ-

246 986 375 1018 ritanum
393 987 554 1018 introducit
569 988 600 1018 in
617 989 799 1029 exemplum,
818 993 849 1020 ut
861 989 914 1020 tibi
928 998 1013 1020 mons

1182 984 1225 1011 καὶ
1246 987 1280 1022 τῇ
1302 985 1338 1016 εἷς
1355 985 1447 1016 αὐτοὺς
1472 985 1625 1023 ὰπιμελείᾳ,
1645 988 1692 1015 Διὸ
1707 989 1750 1015 καὶ
1774 989 1819 1015 τὸν
1846 991 1928 1024 Σαμα-

242 1032 320 1072 quod
336 1032 405 1062 licet
420 1031 467 1062 hic
484 1032 540 1063 vita
550 1032 749 1073 discreparet.
767 1033 922 1073 proximus
935 1039 1011 1064 tame

1161 1040 1202 1062 την
1226 1030 1324 1068 εἰσάγω
1356 1041 1397 1058 σοι
1423 1031 1488 1069 πρὸς
1518 1031 1682 1071 ὑπόδειγμα,
1718 1032 1764 1059 ἵνα
1786 1043 1829 1060 σοι
1858 1032 1930 1069 δείξω,

241 1080 304 1107 erat
314 1077 363 1116 qui
377 1076 567 1108 miseratione
580 1077 696 1117 dignus.
711 1077 760 1109 Sic
777 1083 806 1109 et
820 1083 849 1109 tu
863 1079 1010 1119 compassi

1184 1074 1273 1113 ὥσπερ
1302 1074 1377 1107 οὗτος
1407 1074 1537 1115 διαφέρων
1571 1078 1610 1113 τῷ
1637 1077 1696 1114 βίῳ,
1729 1077 1803 1114 ὅμως
1833 1077 1930 1110 πλησίοι

243 1122 410 1162 proximum
427 1126 455 1152 te
468 1121 511 1153 illi
527 1122 646 1160 exhibe,
661 1127 689 1153 et
701 1127 807 1163 sponte
821 1133 855 1154 ac
871 1118 939 1154 non?
952 1133 1012 1154 voc:

1162 1130 1207 1147 ονε
1235 1122 1280 1147 τοῦ
1315 1118 1385 1151 ἀξίου
1432 1120 1585 1161 ἐλεηθῆναι,
1616 1121 1685 1149 οὕτω
1722 1123 1767 1149 καὶ
1804 1122 1835 1150 σὺ
1859 1121 1931 1154 δεῖξον

242 1166 273 1196 in
286 1166 368 1197 illius
384 1166 553 1197 subsidium
570 1176 667 1199 curre.
694 1167 841 1199 Docemur
852 1168 939 1207 igitur
961 1173 992 1200 et

1162 1165 1223 1192 υτον
1249 1163 1363 1196 πλησίον
1385 1167 1419 1202 τῇ
1441 1166 1601 1203 συμπαθείᾳ,
1633 1166 1676 1193 καὶ
1700 1165 1865 1199 αὐτόκλητος
1898 1167 1930 1193 ἐπὶ

241 1211 308 1241 loco
322 1220 374 1251 per
390 1210 560 1251 parabolam
576 1216 606 1242 ut
623 1213 716 1252 parati
734 1213 828 1244 simus
842 1213 878 1243 ad
895 1212 1010 1244 miserit

1193 1209 1317 1246 βοήθειαν
1353 1207 1454 1246 βάδιζε,
1502 1208 1684 1248 Διδασκόμεθα
1713 1210 1758 1238 οὖν
1788 1212 1833 1238 καὶ
1860 1214 1930 1238 ταῦτα

239 1255 330 1292 diam,
349 1261 377 1287 et
391 1256 618 1287 oonemuresse
643 1257 769 1297 proximi
786 1257 832 1287 his
857 1257 907 1297 qui
932 1257 1008 1297 indig

1182 1254 1232 1287 τῆς
1260 1252 1414 1292 παραϐολῆς
1443 1255 1554 1290 ταύτης,
1584 1256 1614 1283 τὸ
1635 1256 1757 1293 ἑτοίμους
1781 1256 1853 1283 εἶναι
1874 1256 1929 1295 πρὸς

239 1305 339 1331 nostro
347 1300 493 1331 subsidio.
506 1300 599 1332 Docet
609 1306 709 1332 autem
721 1306 750 1332 et
764 1307 876 1342 quanta
886 1303 939 1334 Dei
951 1303 1007 1334 bon

1158 1309 1194 1338 ον,
1222 1299 1265 1326 καὶ
1295 1298 1415 1326 σπεύδειν
1443 1298 1557 1332 πλησίω
1578 1300 1693 1339 γίνεσθαι
1722 1304 1777 1328 τῶν
1807 1299 1927 1339 δεομένων

240 1356 308 1385 erga
324 1345 473 1377 homines.
486 1345 692 1377 Descendebat
701 1346 780 1377 enim
792 1347 921 1378 humana
933 1351 1009 1378 natu;

1184 1343 1246 1379 παρ’
1275 1344 1352 1380 ἡμῶν
1375 1344 1510 1380 βοηθείας,
1542 1344 1724 1383 Διδασκόμεθα
1756 1345 1785 1373 δὲ
1825 1347 1867 1374 καὶ
1886 1347 1926 1379 τὴν

238 1391 436 1426 Hierusalem,
453 1391 510 1421 hoc
532 1395 588 1431 est,
604 1400 621 1421 a
636 1391 795 1432 tranquilla
810 1396 839 1422 et
857 1392 980 1432 paciﬁca
991 1401 1007 1423 ν

1157 1389 1166 1416 ὶ
1193 1389 1238 1416 τὸν
1265 1387 1401 1428 ἄνθρωπον
1430 1388 1583 1428 ἀγαθότητα
1613 1390 1660 1419 τοῦ
1683 1394 1761 1422 Θεοῦ.
1796 1389 1926 1420 Κατὲϐαιιιε

237 1434 424 1466 Hierusalem
454 1435 534 1465 enim
560 1430 772 1475 interpretatur
787 1430 864 1467 visio
887 1437 978 1477 pacis.
1001 1440 1006 1464 t

1184 1434 1201 1467 ἡ
1225 1433 1374 1472 ἀνθρωπίνη
1404 1435 1480 1474 φύσις
1516 1434 1569 1462 ἀπὸ
1600 1430 1789 1473 Ἰερουσαλὴμ,
1823 1436 1928 1464 τουτέστι

237 1485 336 1512 autem
350 1479 576 1511 descendebat?
592 1479 624 1511 In
637 1481 778 1512 Hiericho
790 1476 946 1522 humilem,
962 1491 1006 1513 con

1187 1477 1363 1507 ἀστασιάστου
1389 1479 1434 1506 καὶ
1477 1479 1611 1518 εἷρηναίας
1640 1478 1790 1519 διαγωγῆς,
1825 1476 1927 1518 ”Ορασι;

236 1534 324 1565 vam,-
333 1529 362 1555 et
373 1529 444 1555 aestu
456 1525 724 1566 suﬂ'ocantem,hoc
736 1531 791 1564 cst,
805 1527 890 1557 vitam
901 1520 1005 1558 atfectit

1185 1524 1292 1562 εἰρήνης
1321 1522 1494 1566 ἑρμηνεύεται
1538 1525 1555 1558 ἡ
1601 1520 1791 1564 Ἰερουσαλὴμ,
1831 1529 1884 1554 Ποῦ

237 1569 292 1601 bus
308 1568 518 1609 plenam.Vide
533 1573 631 1600 autem
650 1570 727 1609 quod
740 1580 798 1601 non
811 1571 1005 1611 dixerit,desc

1160 1567 1284 1608 ἐϐαινεν;
1315 1569 1358 1599 Εἷς
1385 1569 1433 1602 τὴν
1461 1565 1578 1610 Ἱεριχὼ,
1609 1571 1659 1603 τὴν
1683 1569 1779 1604 κοιλὴν
1805 1571 1851 1598 καὶ
1872 1571 1929 1610 χθα-

236 1615 289 1656 dit,
304 1602 355 1645 sed
368 1613 581 1646 descendebat.
594 1602 719 1655 Semper
729 1616 808 1646 enim
821 1602 951 1647 humana
961 1621 1005 1647 nat

1277 1602 1283 1608 .
1497 1602 1502 1608 .
1525 1602 1544 1610 ι.
1571 1602 1578 1609 ι
1639 1602 1642 1603 ν
1758 1602 1764 1604 -
1874 1602 1893 1610 ιτ

1162 1613 1194 1647 ὴν
1229 1614 1273 1642 καὶ
1314 1615 1352 1649 τῷ
1381 1613 1495 1651 καύματι
1530 1615 1673 1654 πνιγηρὰν,
1709 1615 1851 1655 ταυτέστι,
1892 1616 1930 1647 τὴν

236 1660 272 1691 ad
282 1653 428 1690 inferiora
444 1659 582 1700 proclivis
595 1663 650 1697 est,
667 1653 732 1690 non
750 1660 854 1697 semel,
872 1661 926 1692 sed
943 1671 1005 1692 sem

1158 1660 1212 1691 ταθῆ
1227 1659 1311 1694 ζωήν.
1329 1653 1403 1697 ’Ὁρα
1427 1657 1468 1698 δὲ,
1483 1660 1531 1688 οὐκ
1546 1659 1624 1687 εἶπεν
1640 1658 1680 1687 ὄτι
1703 1659 1829 1698 Κατέϐη,
1843 1653 1848 1655 ’
1861 1659 1927 1694 ἀλλὰ,

235 1705 302 1735 vitae
314 1703 520 1735 affectionibus
536 1704 643 1735 deditae
655 1714 773 1735 vacans.
795 1704 904 1736 Incidit
918 1710 1004 1738 auter:

1160 1701 1276 1733 ‘ésawav.
1318 1702 1373 1732 Ἀεὶ
1408 1704 1458 1742 γὰρ
1487 1704 1504 1738 ἡ
1535 1703 1685 1743 ἀνθρωπίνη
1715 1704 1798 1743 φύσις
1840 1705 1882 1733 ἐπὶ
1905 1705 1929 1731 τὰ

235 1749 377 1786 latrones,
398 1749 453 1779 hoc
470 1752 514 1779 est
527 1748 689 1780 (immones.
707 1750 772 1780 Nisi
792 1750 858 1790 quis
873 1759 890 1780 a
908 1751 1002 1790 cogita

1159 1759 1177 1776 ω
1199 1747 1297 1785 ἔνευεν,
1326 1747 1378 1788 οὔχ
1405 1747 1487 1785 ἅπαξ,
1517 1747 1585 1776 ἀλλὰ
1605 1748 1639 1776 δι’
1669 1748 1732 1778 ὅλου
1757 1753 1800 1787 τῷ
1823 1750 1928 1788 ἔμπαθεῖ

234 1794 322 1825 nibus
334 1794 511 1824 sublimibus
524 1794 787 1834 descenderit,non
799 1795 903 1825 incidit
913 1795 942 1825 in
955 1795 1003 1826 daal

1178 1792 1358 1833 προσέχουσα.
1386 1793 1529 1833 Περιὲπεσε
1551 1792 1578 1821 δὲ
1602 1793 1729 1831 λῃσταῖς,
1759 1795 1827 1826 τοῖς
1843 1795 1930 1831 δαίμο-

235 1849 299 1873 nes.
318 1839 366 1880 qui
385 1843 472 1869 exuto
488 1838 603 1869 homini
619 1843 648 1869 et
672 1839 797 1878 spoliato
820 1839 951 1871 vestibus
965 1841 1004 1871 νὶι

1184 1839 1212 1866 Ei
1239 1839 1277 1875 μὴ
1292 1838 1342 1878 γὰρ
1358 1836 1459 1872 καταϐἧ
1474 1849 1515 1870 τις
1541 1837 1594 1866 ἀπὸ
1621 1842 1668 1867 τοὺ
1687 1839 1775 1877 ὕψους
1797 1843 1850 1874 τῆς
1879 1839 1929 1867 δια-

233 1889 306 1922 tum,
320 1889 390 1914 tunc
406 1883 506 1923 plagas
523 1883 654 1914 inferunt
679 1884 805 1923 peccati.
826 1884 957 1915 l’rimum
979 1895 1002 1916 ei

1163 1894 1185 1920 ς,
1216 1884 1246 1911 οὗ
1273 1883 1424 1922 περιπίπτει
1451 1889 1510 1915 τοῖς
1548 1882 1691 1921 δαίμοσιν*
1723 1886 1752 1912 οἳ
1781 1884 1932 1914 ἐκδύσαντες

234 1929 386 1960 denudant
398 1937 451 1958 nos
463 1927 544 1957 omni
564 1927 640 1958 bona
655 1928 833 1967 cogitatione
848 1934 875 1960 et
895 1930 1000 1961 visitati

1177 1928 1323 1968 ἄνθρωπον,
1367 1928 1412 1956 καὶ
1454 1929 1630 1967 στερήσαντες
1669 1931 1722 1956 τῶν
1761 1931 1817 1963 τῆς
1843 1931 1931 1967 ipsi;

234 1975 298 2006 Dei:
313 1973 422 2004 deinde
433 1973 534 2013 plagas
546 1973 658 2012 peccati
671 1973 812 2006 inferunt.
825 1976 916 2006 Porro
928 1979 1003 2005 natu]

1163 1973 1226 2013 τίων,
1256 1973 1316 2000 τότε
1344 1973 1391 2004 τὰς
1417 1971 1524 2011 πληγὰς
1551 1973 1683 2007 ἐπέθηκαν
1711 1974 1763 2008 τῆς
1794 1976 1932 2014 ἁμαρτίας.

234 2020 394 2049 humanam
421 2018 645 2048 semimortuam
675 2018 883 2059 reliquerunt:
915 2020 959 2050 vel
981 2029 1003 2060 qi

1164 2029 1233 2058 τερον
1273 2018 1322 2056 γὰρ
1364 2018 1559 2056 ἀπογυμνοῦσιν
1590 2019 1662 2056 ἡμᾶς
1694 2020 1802 2052 παντὸς
1842 2020 1933 2059 ἀγαθοῦ

233 2064 331 2094 anima
345 2062 533 2099 immortalis,
556 2072 664 2103 corpus
679 2068 777 2094 autem
795 2064 928 2102 mortale,
946 2065 1002 2095 351

1170 2065 1241 2102 τμοῦ,
1273 2063 1318 2090 καὶ
1338 2061 1385 2095 τῆς
1415 2065 1462 2090 τοῦ
1493 2066 1558 2090 Θεοῦ
1572 2063 1688 2103 σκέπης,
1712 2063 1770 2092 εἴθ’
1789 2065 1877 2096 οὕτως
1892 2076 1935 2095 τας

233 2109 271 2139 ita
284 2108 441 2139 dimidium
453 2107 585 2138 hominis
596 2108 683 2139 morti
694 2108 843 2140 subditum
859 2114 912 2141 est:
928 2110 970 2140 vel
980 2120 1002 2150 q‘

1164 2107 1207 2146 τὰς
1236 2106 1284 2140 τῆς
1325 2106 1454 2146 ἁμαρτίας
1498 2106 1698 2137 ἐπιϐάλλουσιν.
1741 2104 1884 2147 Ἠμιθανῆ
1910 2108 1933 2136 δὲ

233 2164 291 2185 non
315 2153 437 2184 omnino
463 2151 620 2192 desperata
646 2157 710 2184 erat
734 2153 863 2184 humana
884 2158 1000 2186 natura.

1166 2151 1261 2189 λειψαν
1292 2151 1340 2185 τὴν
1370 2150 1536 2190 ἀνθρωπίνην
1565 2153 1651 2192 φύσιν,
1679 2153 1698 2187 ἢ
1719 2152 1794 2182 διότι
1817 2155 1836 2189 ἡ
1860 2153 1933 2194 ψυχῆ

231 2198 348 2229 Christo
359 2197 439 2228 enim
459 2197 583 2227 salutem
599 2206 631 2228 se
644 2197 810 2229 habituram
825 2207 891 2230 esse
907 2199 1056 2239 sperabat.

1099 2197 1240 2234 ἀθάνατος,
1267 2197 1297 2224 τὸ
1325 2195 1351 2223 δὲ
1380 2199 1458 2234 σῶμα
1483 2197 1591 2230 θνητόν·
1620 2197 1688 2226 ὥστε
1715 2199 1750 2226 τὸ
1775 2198 1864 2237 ἥμισυ
1892 2202 1934 2227 τοῦ

231 2243 331 2283 itaque
344 2252 402 2273 non
418 2245 534 2273 mortua
554 2247 616 2273 erat
632 2243 772 2273 omnino:
789 2243 841 2274 sed
859 2248 1000 2284 propter:

1165 2242 1235 2270 ώπου
1263 2243 1302 2279 τῷ
1323 2241 1426 2278 θανάτῳ
1447 2242 1601 2282 ὑπαχθῆναι
1620 2251 1627 2258 ”
1650 2243 1668 2277 ἢ
1690 2243 1761 2272 διότι
1795 2246 1828 2273 οὒ
1850 2246 1934 2277 πάντη

231 2298 298 2319 nam
313 2288 387 2319 Adae
402 2296 482 2318 mors
504 2287 533 2318 in
560 2287 702 2318 mundum
734 2288 853 2318 intravit
863 2288 915 2318 ὅτε
939 2293 1059 2329 propter

231 2333 340 2364 Christi
353 2337 450 2364 autem
465 2331 709 2372 justiticationem
727 2342 806 2363 mors
819 2333 967 2364 abolenda
983 2338 1056 2365 erat.

230 2380 286 2410 Per
300 2377 484 2409 sacerdotem
496 2387 565 2408 vero
576 2382 604 2408 et
615 2377 759 2415 Levilam,
774 2378 870 2417 legem
886 2378 1058 2418 intelligefet

229 2423 389 2464 prophetas
418 2421 464 2453 Illi
476 2421 554 2452 enim
567 2421 705 2452 volebant
720 2421 883 2461 justiﬁcare
897 2422 1055 2454 humanam

229 2472 376 2509 naturam,
398 2469 450 2499 sed
474 2477 531 2498 non
560 2471 731 2507 potuerunt.
758 2465 948 2507 lmpossibile
963 2468 1053 2507 enim,

227 2514 322 2554 inquit
338 2514 457 2550 Paulus,
473 2513 648 2552 sanguinem
675 2516 826 2543 taurorum
850 2516 879 2544 et
904 2513 1053 2544 hircorum

227 2559 332 2590 tollere
347 2563 498 2600 peccatum
510 2558 552 2588 48.
565 2557 675 2588 Miserti
688 2557 787 2598 itaque
800 2561 870 2589 sunt
880 2558 1055 2596 hominis,et

225 2603 262 2635 de
279 2606 343 2643 ejus
359 2604 483 2634 sanitate
498 2602 675 2642 cogitarunt.
693 2602 807 2633 Deinde
824 2602 975 2643 plagarum
986 2613 1051 2635 ma-

224 2649 378 2688 gnitudine
389 2649 469 2685 victi,
482 2647 520 2678 ad
537 2647 702 2687 posteriora
712 2646 820 2678 iterum
829 2648 958 2687 regressi
970 2653 1050 2679 sunt.

225 2696 289 2725 Hoc
316 2694 395 2725 enim
425 2692 569 2732 signiﬁcat
593 2692 794 2728 ἀντιπαρελθεϊν
839 2691 927 2723 Venit
957 2695 1048 2735 enim,

221 2739 327 2779 inquit,
347 2737 405 2775 lex,
422 2742 451 2768 et
465 2736 680 2775 astititjacenti
704 2747 710 2767 :
738 2736 850 2768 deinde
873 2747 932 2768 non
951 2739 1051 2770 valens

221 2792 338 2820 sanare,
356 2791 476 2813 reversa
499 2786 554 2819 est,
573 2781 629 2812 hoc
645 2781 724 2812 enim
749 2781 897 2822 signiﬁcat
919 2783 1049 2825 ἀντιπαρ-

259 2873 289 2897 "
306 2873 393 2904 Rom.
408 2880 436 2909 ν,
454 2870 504 2903 12.
521 2870 653 2903 “Hebr.
671 2880 701 2910 ι,
718 2873 748 2903 4.

1099 2287 1131 2321 ἦν
1159 2286 1351 2327 ἀπεγνωσμένη
1374 2287 1391 2319 ἡ
1407 2286 1556 2327 ἀνθρωπίνη
1572 2288 1647 2327 φύσις
1665 2298 1671 2305 ·
1691 2289 1718 2317 ἐν
1745 2291 1803 2329 γὰρ
1832 2294 1935 2330 Χριστῴ

1097 2333 1148 2366 τὴν
1178 2332 1309 2372 σωτηρίαν
1327 2330 1392 2364 ἕξειν
1416 2331 1554 2368 ἠλπίζετο,
1581 2329 1669 2361 ’Ὠττε
1684 2335 1732 2362 οὐκ
1750 2329 1936 2364 ἐτεθανᾶτωτο

1098 2377 1247 2417 παντελῶς,
1278 2376 1337 2405 ἀλλ’
1364 2376 1427 2406 ὅσον
1455 2377 1504 2415 μὶν
1526 2378 1569 2406 ἐπὶ
1595 2382 1634 2416 τῷ
1662 2382 1709 2407 τοῦ
1737 2379 1835 2419 Ἀδὰμ
1850 2393 1939 2420 παρα-

1097 2423 1221 2461 πτώματι
1245 2423 1356 2454 θάνατος
1383 2423 1419 2455 εἷς
1441 2423 1486 2451 τὸν
1507 2423 1607 2461 κύαμον
1630 2423 1753 2458 εἰσῆλθεν
1775 2433 1782 2439 ’
1816 2426 1881 2454 ὅσον
1910 2425 1935 2453 δὲ

1096 2468 1140 2497 ἐπὶ
1167 2471 1205 2506 τῷ
1232 2470 1278 2495 τοῦ
1307 2468 1420 2506 Χριστοῦ
1447 2466 1610 2506 δικαιώματι
1640 2469 1654 2496 ὁ
1681 2469 1804 2502 θάνατος
1839 2470 1933 2508 ἔμελλε

1095 2514 1297 2553 καταργετσθαι.
1326 2509 1408 2551 ἰερέα
1436 2511 1463 2540 δὲ
1491 2514 1535 2542 καὶ
1564 2514 1684 2551 Δεοίτην,
1707 2514 1759 2543 τὸν
1788 2517 1875 2555 νόμον
1890 2526 1933 2554 μοι

1096 2560 1149 2587 νόει
1176 2559 1220 2587 καὶ
1245 2558 1305 2590 τοὺς
1334 2557 1483 2597 προφήτας,
1515 2558 1591 2587 οὗτοι
1614 2559 1663 2599 γὰρ
1700 2559 1862 2594 ἠϐούλοντο
1885 2563 1933 2599 μὲν

1094 2604 1231 2633 δικαιῶσαι
1257 2604 1307 2637 τὴν
1349 2603 1515 2642 ἀνθρωπίνην
1543 2604 1629 2644 φύσιν,
1666 2606 1713 2634 οὒκ.
1757 2605 1932 2643 ἠδυνήθησαν

1093 2650 1130 2680 δέ.
1162 2648 1300 2678 ’Λδύνατον
1322 2648 1383 2692 γαρ,
1422 2649 1501 2688 φησὶν
1530 2650 1544 2677 ὁ
1572 2648 1686 2689 Παῦλος,
1718 2652 1801 2690 αἷμα
1831 2653 1933 2692 ταύρων

1092 2697 1136 2724 καὶ
1169 2695 1273 2734 τράγων
1301 2691 1410 2732 ἀφελεῖν
1444 2693 1584 2732 ἁμαρτίας.
1627 2693 1770 2727 Ἦλέησαν
1803 2698 1855 2735 μὲν
1883 2691 1931 2725 οὖν

1092 2742 1137 2769 τὸν
1165 2740 1311 2779 ἄνθρωπον,
1349 2738 1393 2765 καὶ
1434 2739 1591 2778 θεραπεῦσαι
1635 2738 1834 2774 ὃιωοήθησαν.
1868 2744 1933 2772 Εἶτα

1092 2790 1124 2824 τῇ
1141 2787 1192 2813 τῶν
1221 2783 1334 2823 πληγῶν
1363 2781 1516 2822 ἐπικρατείᾳ
1544 2784 1708 2820 νικηθέντες,
1744 2786 1786 2817 εἰς
1816 2789 1933 2816 τοῦπςσω
