  <div class='ocr_page' id='page_1' title='image "/cluster/home/n/w/nwhite01/storage/ocr_20150623/123/njp.32101077773024/616.png"; bbox 0 0 1949 3077; ppageno 0'>
   <div class='ocr_carea' id='block_1_1' title="bbox 37 107 110 139">
    <p class='ocr_par' dir='ltr' id='par_1_1' title="bbox 37 107 110 139">
     <span class='ocr_line' id='line_1_1' title="bbox 37 107 110 139; baseline 0 0"><span class='ocrx_word' id='word_1_1' title='bbox 37 107 110 139; x_wconf 81' lang='grc'><strong>849</strong></span> 
     </span>
    </p>
   </div>
   <div class='ocr_carea' id='block_1_2' title="bbox 428 108 1366 144">
    <p class='ocr_par' dir='ltr' id='par_1_2' title="bbox 428 108 1366 144">
     <span class='ocr_line' id='line_1_2' title="bbox 428 108 1366 144; baseline -0.006 -1"><span class='ocrx_word' id='word_1_2' title='bbox 428 111 650 144; x_wconf 77' lang='lat' dir='ltr'><strong>ENARBATIO</strong></span> <span class='ocrx_word' id='word_1_3' title='bbox 674 114 714 144; x_wconf 90' lang='lat' dir='ltr'><strong>IN</strong></span> <span class='ocrx_word' id='word_1_4' title='bbox 738 108 992 141; x_wconf 80' lang='lat' dir='ltr'><strong>EVANGELIUM</strong></span> <span class='ocrx_word' id='word_1_5' title='bbox 1017 109 1135 140; x_wconf 62' lang='lat' dir='ltr'><strong>LUCE.</strong></span> <span class='ocrx_word' id='word_1_6' title='bbox 1161 125 1199 131; x_wconf 98' lang='lat'><strong>—</strong></span> <span class='ocrx_word' id='word_1_7' title='bbox 1221 109 1302 140; x_wconf 69' lang='lat' dir='ltr'><strong>CAP.</strong></span> <span class='ocrx_word' id='word_1_8' title='bbox 1328 109 1366 140; x_wconf 81' lang='grc' dir='ltr'><strong>Χ.</strong></span> 
     </span>
    </p>
   </div>
   <div class='ocr_carea' id='block_1_3' title="bbox 1697 108 1756 140">
    <p class='ocr_par' dir='ltr' id='par_1_3' title="bbox 1697 108 1756 140">
     <span class='ocr_line' id='line_1_3' title="bbox 1697 108 1756 140; baseline 0 0"><span class='ocrx_word' id='word_1_9' title='bbox 1697 108 1756 140; x_wconf 84' lang='grc'><strong>850</strong></span> 
     </span>
    </p>
   </div>
   <div class='ocr_carea' id='block_1_4' title="bbox 35 176 804 223">
    <p class='ocr_par' dir='ltr' id='par_1_4' title="bbox 35 176 781 219">
     <span class='ocr_line' id='line_1_4' title="bbox 35 176 781 219; baseline 0.005 -15"><span class='ocrx_word' id='word_1_10' title='bbox 35 176 130 204; x_wconf 74' lang='grc' dir='ltr'>πάλιν</span> <span class='ocrx_word' id='word_1_11' title='bbox 169 179 360 217; x_wconf 63' lang='grc' dir='ltr'>ὑπεχώρησαν.</span> <span class='ocrx_word' id='word_1_12' title='bbox 394 183 476 208; x_wconf 78' lang='grc' dir='ltr'>Τοῦτο</span> <span class='ocrx_word' id='word_1_13' title='bbox 514 180 563 219; x_wconf 84' lang='grc' dir='ltr'><strong>γὰρ</strong></span> <span class='ocrx_word' id='word_1_14' title='bbox 599 181 722 218; x_wconf 79' lang='grc' dir='ltr'>σημαίνει</span> <span class='ocrx_word' id='word_1_15' title='bbox 751 181 781 208; x_wconf 83' lang='grc' dir='ltr'><strong>τὸ</strong></span> 
     </span>
    </p>
   </div>
   <div class='ocr_carea' id='block_1_5' title="bbox 981 176 1750 223">
    <p class='ocr_par' dir='ltr' id='par_1_5' title="bbox 981 180 1750 223">
     <span class='ocr_line' id='line_1_5' title="bbox 981 180 1750 223; baseline 0 -10"><span class='ocrx_word' id='word_1_16' title='bbox 981 192 1014 213; x_wconf 77' lang='grc' dir='ltr'>ιν.</span> <span class='ocrx_word' id='word_1_17' title='bbox 1028 180 1159 212; x_wconf 84' lang='lat' dir='ltr'><strong>Attende</strong></span> <span class='ocrx_word' id='word_1_18' title='bbox 1173 181 1244 213; x_wconf 85' lang='lat' dir='ltr'><strong>item</strong></span> <span class='ocrx_word' id='word_1_19' title='bbox 1259 181 1340 222; x_wconf 87' lang='lat' dir='ltr'><strong>quod</strong></span> <span class='ocrx_word' id='word_1_20' title='bbox 1355 181 1489 220; x_wconf 86' lang='lat' dir='ltr'><strong>verbum,</strong></span> <span class='ocrx_word' id='word_1_21' title='bbox 1500 182 1750 223; x_wconf 85' lang='lat' dir='ltr'><strong>accidit,sensum</strong></span> 
     </span>
    </p>
   </div>
   <div class='ocr_carea' id='block_1_6' title="bbox 36 221 884 264">
    <p class='ocr_par' dir='ltr' id='par_1_6' title="bbox 36 221 884 264">
     <span class='ocr_line' id='line_1_6' title="bbox 36 221 884 264; baseline 0.005 -16"><span class='ocrx_word' id='word_1_22' title='bbox 36 221 210 259; x_wconf 66' lang='grc' dir='ltr'>παρελθεῖν.</span> <span class='ocrx_word' id='word_1_23' title='bbox 251 223 320 252; x_wconf 82' lang='grc' dir='ltr'><strong>Η).οε</strong></span> <span class='ocrx_word' id='word_1_24' title='bbox 350 225 398 261; x_wconf 72' lang='grc' dir='ltr'>μὲν</span> <span class='ocrx_word' id='word_1_25' title='bbox 427 226 477 264; x_wconf 73' lang='grc' dir='ltr'><strong>γὰρ</strong></span> <span class='ocrx_word' id='word_1_26' title='bbox 505 226 518 253; x_wconf 86' lang='grc' dir='ltr'><strong>ὸ</strong></span> <span class='ocrx_word' id='word_1_27' title='bbox 547 225 640 263; x_wconf 80' lang='grc' dir='ltr'>νόμος,</span> <span class='ocrx_word' id='word_1_28' title='bbox 664 226 708 254; x_wconf 81' lang='grc' dir='ltr'>καὶ</span> <span class='ocrx_word' id='word_1_29' title='bbox 730 225 829 258; x_wconf 74' lang='grc' dir='ltr'>ἐπέστη</span> <span class='ocrx_word' id='word_1_30' title='bbox 845 227 884 261; x_wconf 81' lang='grc' dir='ltr'>τῷ</span> 
     </span>
    </p>
   </div>
   <div class='ocr_carea' id='block_1_7' title="bbox 36 268 882 313">
    <p class='ocr_par' dir='ltr' id='par_1_7' title="bbox 36 268 882 313">
     <span class='ocr_line' id='line_1_7' title="bbox 36 268 882 313; baseline 0.007 -19"><span class='ocrx_word' id='word_1_31' title='bbox 36 268 184 313; x_wconf 47' lang='grc' dir='ltr'>ξιειτιένῳ,</span> <span class='ocrx_word' id='word_1_32' title='bbox 215 269 278 297; x_wconf 77' lang='grc' dir='ltr'>εἶτα</span> <span class='ocrx_word' id='word_1_33' title='bbox 314 270 352 306; x_wconf 74' lang='grc' dir='ltr'>μὴ</span> <span class='ocrx_word' id='word_1_34' title='bbox 382 270 484 310; x_wconf 72' lang='grc' dir='ltr'>ἰσχύων</span> <span class='ocrx_word' id='word_1_35' title='bbox 521 272 690 309; x_wconf 74' lang='grc' dir='ltr'>θεραπεῦσαι,</span> <span class='ocrx_word' id='word_1_36' title='bbox 713 270 882 309; x_wconf 71' lang='grc' dir='ltr'><strong>ἀπεστράφη.</strong></span> 
     </span>
    </p>
   </div>
   <div class='ocr_carea' id='block_1_8' title="bbox 49 310 884 356">
    <p class='ocr_par' dir='ltr' id='par_1_8' title="bbox 49 310 884 356">
     <span class='ocr_line' id='line_1_8' title="bbox 49 310 884 356; baseline 0.004 -17"><span class='ocrx_word' id='word_1_37' title='bbox 49 310 148 352; x_wconf 82' lang='grc' dir='ltr'>Ὀπερ</span> <span class='ocrx_word' id='word_1_38' title='bbox 176 312 231 341; x_wconf 78' lang='grc' dir='ltr'>ἔστι</span> <span class='ocrx_word' id='word_1_39' title='bbox 254 314 284 342; x_wconf 83' lang='grc' dir='ltr'>τὸ</span> <span class='ocrx_word' id='word_1_40' title='bbox 313 314 517 353; x_wconf 62' lang='grc' dir='ltr'>ἀντιπαρῆλθεν,</span> <span class='ocrx_word' id='word_1_41' title='bbox 535 311 608 356; x_wconf 66' lang='lat' dir='ltr'><strong>&quot;Op:</strong></span> <span class='ocrx_word' id='word_1_42' title='bbox 625 315 698 344; x_wconf 78' lang='grc' dir='ltr'>δὲτὸ</span> <span class='ocrx_word' id='word_1_43' title='bbox 726 315 793 343; x_wconf 84' lang='grc' dir='ltr'>κατᾶ</span> <span class='ocrx_word' id='word_1_44' title='bbox 816 325 884 353; x_wconf 88' lang='grc' dir='ltr'>συγ-</span> 
     </span>
    </p>
   </div>
   <div class='ocr_carea' id='block_1_9' title="bbox 38 356 886 400">
    <p class='ocr_par' dir='ltr' id='par_1_9' title="bbox 38 356 886 400">
     <span class='ocr_line' id='line_1_9' title="bbox 38 356 886 400; baseline 0.008 -17"><span class='ocrx_word' id='word_1_45' title='bbox 38 356 158 395; x_wconf 74' lang='grc' dir='ltr'>κυρίαν,</span> <span class='ocrx_word' id='word_1_46' title='bbox 182 359 239 386; x_wconf 77' lang='grc' dir='ltr'>τίνα</span> <span class='ocrx_word' id='word_1_47' title='bbox 270 362 329 387; x_wconf 85' lang='grc' dir='ltr'>νοῦν</span> <span class='ocrx_word' id='word_1_48' title='bbox 360 358 432 399; x_wconf 79' lang='grc' dir='ltr'>ἔχει.</span> <span class='ocrx_word' id='word_1_49' title='bbox 470 364 514 398; x_wconf 84' lang='grc' dir='ltr'><strong>Τῷ</strong></span> <span class='ocrx_word' id='word_1_50' title='bbox 543 360 598 389; x_wconf 74' lang='grc' dir='ltr'>ὄντι</span> <span class='ocrx_word' id='word_1_51' title='bbox 626 361 675 400; x_wconf 80' lang='grc' dir='ltr'><strong>γὰρ</strong></span> <span class='ocrx_word' id='word_1_52' title='bbox 705 362 718 388; x_wconf 66' lang='grc' dir='ltr'><strong>τ’)</strong></span> <span class='ocrx_word' id='word_1_53' title='bbox 747 360 827 398; x_wconf 78' lang='grc' dir='ltr'>νόμος</span> <span class='ocrx_word' id='word_1_54' title='bbox 856 360 886 388; x_wconf 67' lang='grc' dir='ltr'><strong>οὔ</strong></span> 
     </span>
    </p>
   </div>
   <div class='ocr_carea' id='block_1_10' title="bbox 39 402 885 444">
    <p class='ocr_par' dir='ltr' id='par_1_10' title="bbox 39 402 885 444">
     <span class='ocr_line' id='line_1_10' title="bbox 39 402 885 444; baseline 0.004 -16"><span class='ocrx_word' id='word_1_55' title='bbox 39 402 267 441; x_wconf 78' lang='grc' dir='ltr'><strong>προηγουμένως</strong></span> <span class='ocrx_word' id='word_1_56' title='bbox 310 402 399 440; x_wconf 71' lang='grc' dir='ltr'>ἐδόθη,</span> <span class='ocrx_word' id='word_1_57' title='bbox 446 404 514 433; x_wconf 79' lang='grc' dir='ltr'>ἀλλὰ</span> <span class='ocrx_word' id='word_1_58' title='bbox 554 404 597 433; x_wconf 75' lang='grc' dir='ltr'><strong>διὰ</strong></span> <span class='ocrx_word' id='word_1_59' title='bbox 633 405 683 439; x_wconf 75' lang='grc' dir='ltr'>τὴν</span> <span class='ocrx_word' id='word_1_60' title='bbox 721 405 885 444; x_wconf 76' lang='grc' dir='ltr'><strong>ἀνθρωπίνην</strong></span> 
     </span>
    </p>
   </div>
   <div class='ocr_carea' id='block_1_11' title="bbox 40 446 886 490">
    <p class='ocr_par' dir='ltr' id='par_1_11' title="bbox 40 446 886 490">
     <span class='ocr_line' id='line_1_11' title="bbox 40 446 886 490; baseline 0.004 -17"><span class='ocrx_word' id='word_1_61' title='bbox 40 446 209 487; x_wconf 68' lang='grc' dir='ltr'>ἀσθένειαν,</span> <span class='ocrx_word' id='word_1_62' title='bbox 234 448 272 484; x_wconf 72' lang='grc' dir='ltr'>μὴ</span> <span class='ocrx_word' id='word_1_63' title='bbox 301 447 449 486; x_wconf 82' lang='grc' dir='ltr'>δυναμένην</span> <span class='ocrx_word' id='word_1_64' title='bbox 478 449 504 483; x_wconf 72' lang='grc' dir='ltr'><strong>ἐξ</strong></span> <span class='ocrx_word' id='word_1_65' title='bbox 519 450 607 490; x_wconf 71' lang='grc' dir='ltr'>ἀρχῆς</span> <span class='ocrx_word' id='word_1_66' title='bbox 623 449 740 483; x_wconf 76' lang='grc' dir='ltr'>δέξασθαι</span> <span class='ocrx_word' id='word_1_67' title='bbox 761 451 792 478; x_wconf 81' lang='grc' dir='ltr'>τὸ</span> <span class='ocrx_word' id='word_1_68' title='bbox 818 449 886 477; x_wconf 72' lang='grc' dir='ltr'>κατὰ</span> 
     </span>
    </p>
   </div>
   <div class='ocr_carea' id='block_1_12' title="bbox 42 490 884 535">
    <p class='ocr_par' dir='ltr' id='par_1_12' title="bbox 42 490 884 535">
     <span class='ocr_line' id='line_1_12' title="bbox 42 490 884 535; baseline 0.005 -17"><span class='ocrx_word' id='word_1_69' title='bbox 42 492 171 522; x_wconf 69' lang='grc' dir='ltr'>Χριστὸν</span> <span class='ocrx_word' id='word_1_70' title='bbox 201 494 358 532; x_wconf 80' lang='grc' dir='ltr'>μυστήριον,</span> <span class='ocrx_word' id='word_1_71' title='bbox 389 494 437 522; x_wconf 75' lang='grc' dir='ltr'>Δια</span> <span class='ocrx_word' id='word_1_72' title='bbox 459 498 537 523; x_wconf 74' lang='grc' dir='ltr'>τοῦτο</span> <span class='ocrx_word' id='word_1_73' title='bbox 563 506 656 535; x_wconf 77' lang='grc' dir='ltr'>φησιν,</span> <span class='ocrx_word' id='word_1_74' title='bbox 681 494 721 522; x_wconf 70' lang='grc' dir='ltr'>ὅτι</span> <span class='ocrx_word' id='word_1_75' title='bbox 739 490 767 523; x_wconf 70' lang='grc'><strong>’0</strong></span> <span class='ocrx_word' id='word_1_76' title='bbox 789 494 884 532; x_wconf 74' lang='grc' dir='ltr'>ἱερεὺς,</span> 
     </span>
    </p>
   </div>
   <div class='ocr_carea' id='block_1_13' title="bbox 37 536 883 580">
    <p class='ocr_par' dir='ltr' id='par_1_13' title="bbox 37 536 883 580">
     <span class='ocr_line' id='line_1_13' title="bbox 37 536 883 580; baseline 0.005 -18"><span class='ocrx_word' id='word_1_77' title='bbox 37 536 187 564; x_wconf 72' lang='grc' dir='ltr'>τοιτέστιν</span> <span class='ocrx_word' id='word_1_78' title='bbox 227 538 241 564; x_wconf 83' lang='grc' dir='ltr'>ὁ</span> <span class='ocrx_word' id='word_1_79' title='bbox 272 538 364 575; x_wconf 85' lang='grc' dir='ltr'>νόμος,</span> <span class='ocrx_word' id='word_1_80' title='bbox 402 538 470 566; x_wconf 68' lang='grc' dir='ltr'>κατα</span> <span class='ocrx_word' id='word_1_81' title='bbox 509 541 662 580; x_wconf 77' lang='grc' dir='ltr'>συγκυρίαν,</span> <span class='ocrx_word' id='word_1_82' title='bbox 693 539 756 578; x_wconf 75' lang='grc' dir='ltr'>ὅπερ</span> <span class='ocrx_word' id='word_1_83' title='bbox 785 539 883 566; x_wconf 78' lang='grc' dir='ltr'>εἰώθα-</span> 
     </span>
    </p>
   </div>
   <div class='ocr_carea' id='block_1_14' title="bbox 37 579 881 624">
    <p class='ocr_par' dir='ltr' id='par_1_14' title="bbox 37 579 881 624">
     <span class='ocr_line' id='line_1_14' title="bbox 37 579 881 624; baseline 0.005 -18"><span class='ocrx_word' id='word_1_84' title='bbox 37 590 95 614; x_wconf 69' lang='grc' dir='ltr'>μεν</span> <span class='ocrx_word' id='word_1_85' title='bbox 129 579 220 619; x_wconf 75' lang='grc' dir='ltr'>λέγειν</span> <span class='ocrx_word' id='word_1_86' title='bbox 251 583 320 610; x_wconf 68' lang='grc' dir='ltr'>κατὰ</span> <span class='ocrx_word' id='word_1_87' title='bbox 343 581 481 620; x_wconf 79' lang='grc' dir='ltr'>σύμϐαμα,</span> <span class='ocrx_word' id='word_1_88' title='bbox 512 583 574 611; x_wconf 79' lang='grc' dir='ltr'>ἀλλ’</span> <span class='ocrx_word' id='word_1_89' title='bbox 603 586 632 613; x_wconf 77' lang='grc' dir='ltr'>οὺ</span> <span class='ocrx_word' id='word_1_90' title='bbox 660 582 881 624; x_wconf 77' lang='grc' dir='ltr'><strong>προηγουμένως,</strong></span> 
     </span>
    </p>
   </div>
   <div class='ocr_carea' id='block_1_15' title="bbox 34 623 882 668">
    <p class='ocr_par' dir='ltr' id='par_1_15' title="bbox 34 623 882 668">
     <span class='ocr_line' id='line_1_15' title="bbox 34 623 882 668; baseline 0.007 -17"><span class='ocrx_word' id='word_1_91' title='bbox 34 623 125 657; x_wconf 75' lang='grc' dir='ltr'>ἦλθεν</span> <span class='ocrx_word' id='word_1_92' title='bbox 165 627 202 658; x_wconf 79' lang='grc' dir='ltr'><strong>εἰς</strong></span> <span class='ocrx_word' id='word_1_93' title='bbox 235 627 264 654; x_wconf 77' lang='grc' dir='ltr'>τὸ</span> <span class='ocrx_word' id='word_1_94' title='bbox 307 628 465 666; x_wconf 73' lang='grc' dir='ltr'>θεραπεῦσαι</span> <span class='ocrx_word' id='word_1_95' title='bbox 495 629 540 656; x_wconf 75' lang='grc' dir='ltr'>τὸν</span> <span class='ocrx_word' id='word_1_96' title='bbox 574 628 720 668; x_wconf 69' lang='grc' dir='ltr'>ἄνθρωπον,</span> <span class='ocrx_word' id='word_1_97' title='bbox 763 627 839 657; x_wconf 81' lang='grc' dir='ltr'>Ἀλλ’</span> <span class='ocrx_word' id='word_1_98' title='bbox 869 623 882 650; x_wconf 76' lang='grc' dir='ltr'>δ</span> 
     </span>
    </p>
   </div>
   <div class='ocr_carea' id='block_1_16' title="bbox 37 670 882 713">
    <p class='ocr_par' dir='ltr' id='par_1_16' title="bbox 37 670 882 713">
     <span class='ocr_line' id='line_1_16' title="bbox 37 670 882 713; baseline 0.006 -17"><span class='ocrx_word' id='word_1_99' title='bbox 37 670 146 708; x_wconf 77' lang='grc' dir='ltr'>Κύριος</span> <span class='ocrx_word' id='word_1_100' title='bbox 174 671 218 698; x_wconf 62' lang='grc' dir='ltr'><strong>καὶ</strong></span> <span class='ocrx_word' id='word_1_101' title='bbox 247 672 312 703; x_wconf 75' lang='grc' dir='ltr'>Θεὸς</span> <span class='ocrx_word' id='word_1_102' title='bbox 342 673 432 710; x_wconf 80' lang='grc' dir='ltr'>ἡμῶν,</span> <span class='ocrx_word' id='word_1_103' title='bbox 462 675 475 701; x_wconf 77' lang='grc' dir='ltr'>ὸ</span> <span class='ocrx_word' id='word_1_104' title='bbox 503 672 538 702; x_wconf 83' lang='grc' dir='ltr'>δι’</span> <span class='ocrx_word' id='word_1_105' title='bbox 567 675 639 711; x_wconf 81' lang='grc' dir='ltr'>ἡμᾶς</span> <span class='ocrx_word' id='word_1_106' title='bbox 654 674 755 713; x_wconf 72' lang='grc' dir='ltr'>κατάρα</span> <span class='ocrx_word' id='word_1_107' title='bbox 769 674 882 712; x_wconf 75' lang='grc' dir='ltr'>γενόμε-</span> 
     </span>
    </p>
   </div>
   <div class='ocr_carea' id='block_1_17' title="bbox 36 717 880 759">
    <p class='ocr_par' dir='ltr' id='par_1_17' title="bbox 36 717 880 759">
     <span class='ocr_line' id='line_1_17' title="bbox 36 717 880 759; baseline 0.005 -17"><span class='ocrx_word' id='word_1_108' title='bbox 36 726 103 754; x_wconf 76' lang='grc' dir='ltr'>νος,</span> <span class='ocrx_word' id='word_1_109' title='bbox 138 717 184 743; x_wconf 80' lang='grc' dir='ltr'><strong>καὶ</strong></span> <span class='ocrx_word' id='word_1_110' title='bbox 225 718 393 756; x_wconf 75' lang='grc' dir='ltr'>Σαμαρείτης</span> <span class='ocrx_word' id='word_1_111' title='bbox 423 718 550 757; x_wconf 76' lang='grc' dir='ltr'>ἀκούσας,</span> <span class='ocrx_word' id='word_1_112' title='bbox 595 719 704 759; x_wconf 82' lang='grc' dir='ltr'>ὁδεύων,</span> <span class='ocrx_word' id='word_1_113' title='bbox 734 718 880 753; x_wconf 75' lang='grc' dir='ltr'><strong>τουτέστιν,</strong></span> 
     </span>
    </p>
   </div>
   <div class='ocr_carea' id='block_1_18' title="bbox 40 761 882 802">
    <p class='ocr_par' dir='ltr' id='par_1_18' title="bbox 40 761 882 802">
     <span class='ocr_line' id='line_1_18' title="bbox 40 761 882 802; baseline 0.006 -16"><span class='ocrx_word' id='word_1_114' title='bbox 40 761 113 788; x_wconf 63' lang='grc' dir='ltr'>α-Βτὸ</span> <span class='ocrx_word' id='word_1_115' title='bbox 144 764 221 790; x_wconf 85' lang='grc' dir='ltr'>τοῦτο</span> <span class='ocrx_word' id='word_1_116' title='bbox 269 761 400 801; x_wconf 75' lang='grc' dir='ltr'>πρόφασιν</span> <span class='ocrx_word' id='word_1_117' title='bbox 440 762 500 793; x_wconf 81' lang='grc' dir='ltr'>ὁδοῦ</span> <span class='ocrx_word' id='word_1_118' title='bbox 528 764 722 802; x_wconf 77' lang='grc' dir='ltr'>ποιησάμενος,</span> <span class='ocrx_word' id='word_1_119' title='bbox 758 764 801 792; x_wconf 87' lang='grc' dir='ltr'><strong>καὶ</strong></span> <span class='ocrx_word' id='word_1_120' title='bbox 836 764 882 791; x_wconf 74' lang='grc' dir='ltr'><strong>τὸν</strong></span> 
     </span>
    </p>
   </div>
   <div class='ocr_carea' id='block_1_19' title="bbox 41 803 878 849">
    <p class='ocr_par' dir='ltr' id='par_1_19' title="bbox 41 803 878 849">
     <span class='ocr_line' id='line_1_19' title="bbox 41 803 878 849; baseline 0.008 -19"><span class='ocrx_word' id='word_1_121' title='bbox 41 805 153 849; x_wconf 68' lang='grc' dir='ltr'>σκοπὸν</span> <span class='ocrx_word' id='word_1_122' title='bbox 181 804 302 842; x_wconf 76' lang='grc' dir='ltr'><strong>θέμενος,</strong></span> <span class='ocrx_word' id='word_1_123' title='bbox 332 807 363 835; x_wconf 82' lang='grc' dir='ltr'>τὸ</span> <span class='ocrx_word' id='word_1_124' title='bbox 384 808 456 845; x_wconf 75' lang='grc' dir='ltr'>ἡμᾶς</span> <span class='ocrx_word' id='word_1_125' title='bbox 479 809 648 849; x_wconf 71' lang='grc' dir='ltr'>θεραπεῦσαι,</span> <span class='ocrx_word' id='word_1_126' title='bbox 675 803 735 836; x_wconf 80' lang='grc' dir='ltr'>ἀλλ’</span> <span class='ocrx_word' id='word_1_127' title='bbox 765 810 793 837; x_wconf 75' lang='grc' dir='ltr'>οὒ</span> <span class='ocrx_word' id='word_1_128' title='bbox 812 819 878 847; x_wconf 73' lang='grc' dir='ltr'>παρ-</span> 
     </span>
    </p>
   </div>
   <div class='ocr_carea' id='block_1_20' title="bbox 41 847 876 892">
    <p class='ocr_par' dir='ltr' id='par_1_20' title="bbox 41 847 876 892">
     <span class='ocr_line' id='line_1_20' title="bbox 41 847 876 892; baseline 0.008 -17"><span class='ocrx_word' id='word_1_129' title='bbox 41 847 163 889; x_wconf 67' lang='grc' dir='ltr'>οδεύων,</span> <span class='ocrx_word' id='word_1_130' title='bbox 210 851 253 878; x_wconf 82' lang='grc' dir='ltr'>καὶ</span> <span class='ocrx_word' id='word_1_131' title='bbox 297 851 326 878; x_wconf 83' lang='grc' dir='ltr'>ἐκ</span> <span class='ocrx_word' id='word_1_132' title='bbox 367 852 499 892; x_wconf 78' lang='grc' dir='ltr'>παρέργου</span> <span class='ocrx_word' id='word_1_133' title='bbox 538 847 751 891; x_wconf 68' lang='grc' dir='ltr'><strong>ἐπισκεψάμενος</strong></span> <span class='ocrx_word' id='word_1_134' title='bbox 794 854 876 891; x_wconf 72' lang='grc' dir='ltr'>ἡμᾶς,</span> 
     </span>
    </p>
   </div>
   <div class='ocr_carea' id='block_1_21' title="bbox 40 893 874 938">
    <p class='ocr_par' dir='ltr' id='par_1_21' title="bbox 40 893 874 938">
     <span class='ocr_line' id='line_1_21' title="bbox 40 893 874 938; baseline 0.007 -18"><span class='ocrx_word' id='word_1_135' title='bbox 40 893 132 926; x_wconf 71' lang='grc' dir='ltr'>ἦλθεν</span> <span class='ocrx_word' id='word_1_136' title='bbox 162 895 198 927; x_wconf 79' lang='grc' dir='ltr'>εἰς</span> <span class='ocrx_word' id='word_1_137' title='bbox 228 897 312 933; x_wconf 74' lang='grc' dir='ltr'>ἡμᾶς,</span> <span class='ocrx_word' id='word_1_138' title='bbox 343 899 562 938; x_wconf 73' lang='grc' dir='ltr'>συναναστραφεὶς</span> <span class='ocrx_word' id='word_1_139' title='bbox 591 899 671 936; x_wconf 65' lang='grc' dir='ltr'>ἡμῖν,</span> <span class='ocrx_word' id='word_1_140' title='bbox 701 899 744 926; x_wconf 85' lang='grc' dir='ltr'>καὶ</span> <span class='ocrx_word' id='word_1_141' title='bbox 777 897 874 935; x_wconf 75' lang='grc' dir='ltr'>ὁμιλή-</span> 
     </span>
    </p>
   </div>
   <div class='ocr_carea' id='block_1_22' title="bbox 40 939 876 983">
    <p class='ocr_par' dir='ltr' id='par_1_22' title="bbox 40 939 876 983">
     <span class='ocr_line' id='line_1_22' title="bbox 40 939 876 983; baseline 0.007 -18"><span class='ocrx_word' id='word_1_142' title='bbox 40 949 96 970; x_wconf 75' lang='grc' dir='ltr'><strong>σας</strong></span> <span class='ocrx_word' id='word_1_143' title='bbox 125 939 313 978; x_wconf 59' lang='grc' dir='ltr'>ὰφιντάστως,</span> <span class='ocrx_word' id='word_1_144' title='bbox 346 941 495 975; x_wconf 73' lang='grc' dir='ltr'>Κατέδησεν</span> <span class='ocrx_word' id='word_1_145' title='bbox 523 943 568 971; x_wconf 75' lang='grc' dir='ltr'>οὖν</span> <span class='ocrx_word' id='word_1_146' title='bbox 584 944 655 975; x_wconf 58' lang='grc' dir='ltr'>εὐθὺς</span> <span class='ocrx_word' id='word_1_147' title='bbox 680 944 713 971; x_wconf 74' lang='grc' dir='ltr'>τὶ</span> <span class='ocrx_word' id='word_1_148' title='bbox 727 944 876 983; x_wconf 78' lang='grc' dir='ltr'>τραύματα,</span> 
     </span>
    </p>
   </div>
   <div class='ocr_carea' id='block_1_23' title="bbox 41 983 878 1024">
    <p class='ocr_par' dir='ltr' id='par_1_23' title="bbox 41 983 878 1024">
     <span class='ocr_line' id='line_1_23' title="bbox 41 983 878 1024; baseline 0.008 -15"><span class='ocrx_word' id='word_1_149' title='bbox 41 983 85 1019; x_wconf 75' lang='grc' dir='ltr'>μὴ</span> <span class='ocrx_word' id='word_1_150' title='bbox 117 984 198 1015; x_wconf 65' lang='grc' dir='ltr'>ἐάσας</span> <span class='ocrx_word' id='word_1_151' title='bbox 222 986 272 1018; x_wconf 78' lang='grc' dir='ltr'>τήν</span> <span class='ocrx_word' id='word_1_152' title='bbox 298 987 391 1014; x_wconf 81' lang='grc' dir='ltr'>κακίαν</span> <span class='ocrx_word' id='word_1_153' title='bbox 419 986 462 1014; x_wconf 76' lang='grc' dir='ltr'><strong>ἐπὶ</strong></span> <span class='ocrx_word' id='word_1_154' title='bbox 483 987 565 1016; x_wconf 87' lang='grc' dir='ltr'>πλέον</span> <span class='ocrx_word' id='word_1_155' title='bbox 586 988 678 1016; x_wconf 64' lang='grc' dir='ltr'>ἄνετον</span> <span class='ocrx_word' id='word_1_156' title='bbox 700 991 782 1024; x_wconf 81' lang='grc' dir='ltr'>εἰναι,</span> <span class='ocrx_word' id='word_1_157' title='bbox 810 987 878 1016; x_wconf 72' lang='grc' dir='ltr'>ἀλλὰ</span> 
     </span>
    </p>
   </div>
   <div class='ocr_carea' id='block_1_24' title="bbox 42 1027 875 1071">
    <p class='ocr_par' dir='ltr' id='par_1_24' title="bbox 42 1027 875 1071">
     <span class='ocr_line' id='line_1_24' title="bbox 42 1027 875 1071; baseline 0.007 -16"><span class='ocrx_word' id='word_1_158' title='bbox 42 1027 204 1063; x_wconf 63' lang='grc' dir='ltr'>καταδήσας</span> <span class='ocrx_word' id='word_1_159' title='bbox 234 1029 328 1070; x_wconf 71' lang='grc' dir='ltr'>αὐτὴν,</span> <span class='ocrx_word' id='word_1_160' title='bbox 365 1030 478 1071; x_wconf 73' lang='grc' dir='ltr'>ἐπέχεεν</span> <span class='ocrx_word' id='word_1_161' title='bbox 512 1031 539 1059; x_wconf 76' lang='grc' dir='ltr'><strong>δὲ</strong></span> <span class='ocrx_word' id='word_1_162' title='bbox 576 1032 662 1061; x_wconf 71' lang='grc' dir='ltr'>ἔλαιον</span> <span class='ocrx_word' id='word_1_163' title='bbox 703 1034 747 1061; x_wconf 75' lang='grc' dir='ltr'><strong>καὶ</strong></span> <span class='ocrx_word' id='word_1_164' title='bbox 775 1033 850 1061; x_wconf 78' lang='grc' dir='ltr'>οἶνον</span> <span class='ocrx_word' id='word_1_165' title='bbox 868 1040 875 1047; x_wconf 89' lang='grc'><strong>·</strong></span> 
     </span>
    </p>
   </div>
   <div class='ocr_carea' id='block_1_25' title="bbox 42 1072 877 1117">
    <p class='ocr_par' dir='ltr' id='par_1_25' title="bbox 42 1072 877 1117">
     <span class='ocr_line' id='line_1_25' title="bbox 42 1072 877 1117; baseline 0.007 -17"><span class='ocrx_word' id='word_1_166' title='bbox 42 1072 139 1101; x_wconf 61' lang='grc' dir='ltr'>ἔλαιον</span> <span class='ocrx_word' id='word_1_167' title='bbox 163 1074 213 1111; x_wconf 79' lang='grc' dir='ltr'>μὲν</span> <span class='ocrx_word' id='word_1_168' title='bbox 239 1075 283 1102; x_wconf 83' lang='grc' dir='ltr'><strong>τὸν</strong></span> <span class='ocrx_word' id='word_1_169' title='bbox 312 1075 392 1115; x_wconf 80' lang='grc' dir='ltr'>λόγον</span> <span class='ocrx_word' id='word_1_170' title='bbox 419 1079 468 1109; x_wconf 81' lang='grc' dir='ltr'>τῆς</span> <span class='ocrx_word' id='word_1_171' title='bbox 494 1075 673 1117; x_wconf 81' lang='grc' dir='ltr'>διδασκαλίας,</span> <span class='ocrx_word' id='word_1_172' title='bbox 695 1082 741 1106; x_wconf 73' lang='grc' dir='ltr'>τὸν</span> <span class='ocrx_word' id='word_1_173' title='bbox 763 1077 804 1106; x_wconf 73' lang='grc' dir='ltr'><strong>διὰ</strong></span> <span class='ocrx_word' id='word_1_174' title='bbox 824 1079 877 1106; x_wconf 76' lang='grc' dir='ltr'>τῶν</span> 
     </span>
    </p>
   </div>
   <div class='ocr_carea' id='block_1_26' title="bbox 44 1118 878 1163">
    <p class='ocr_par' dir='ltr' id='par_1_26' title="bbox 44 1118 878 1163">
     <span class='ocr_line' id='line_1_26' title="bbox 44 1118 878 1163; baseline 0.006 -18"><span class='ocrx_word' id='word_1_175' title='bbox 44 1118 158 1155; x_wconf 68' lang='grc' dir='ltr'>ἀγαθῶν</span> <span class='ocrx_word' id='word_1_176' title='bbox 186 1120 399 1159; x_wconf 69' lang='grc' dir='ltr'>προτρεπόμενον</span> <span class='ocrx_word' id='word_1_177' title='bbox 416 1131 424 1140; x_wconf 75' lang='grc'><strong><em>⁸</em></strong></span> <span class='ocrx_word' id='word_1_178' title='bbox 457 1122 531 1150; x_wconf 76' lang='grc' dir='ltr'>οἶνον</span> <span class='ocrx_word' id='word_1_179' title='bbox 548 1121 586 1162; x_wconf 77' lang='grc' dir='ltr'>δὲ,</span> <span class='ocrx_word' id='word_1_180' title='bbox 604 1124 650 1151; x_wconf 69' lang='grc' dir='ltr'>τὸν</span> <span class='ocrx_word' id='word_1_181' title='bbox 664 1123 706 1151; x_wconf 72' lang='grc' dir='ltr'><strong>διὰ</strong></span> <span class='ocrx_word' id='word_1_182' title='bbox 727 1126 780 1150; x_wconf 85' lang='grc' dir='ltr'>τῶν</span> <span class='ocrx_word' id='word_1_183' title='bbox 795 1121 878 1163; x_wconf 75' lang='grc' dir='ltr'>φοϐε-</span> 
     </span>
    </p>
   </div>
   <div class='ocr_carea' id='block_1_27' title="bbox 45 1163 877 1206">
    <p class='ocr_par' dir='ltr' id='par_1_27' title="bbox 45 1163 877 1206">
     <span class='ocr_line' id='line_1_27' title="bbox 45 1163 877 1206; baseline 0.01 -17"><span class='ocrx_word' id='word_1_184' title='bbox 45 1163 175 1202; x_wconf 67' lang='grc' dir='ltr'>ρωτέρων</span> <span class='ocrx_word' id='word_1_185' title='bbox 202 1165 329 1203; x_wconf 75' lang='grc' dir='ltr'>ἒνάγοντα</span> <span class='ocrx_word' id='word_1_186' title='bbox 358 1166 423 1205; x_wconf 76' lang='grc' dir='ltr'>πρὸς</span> <span class='ocrx_word' id='word_1_187' title='bbox 454 1167 560 1203; x_wconf 74' lang='grc' dir='ltr'>ἂρετήν,</span> <span class='ocrx_word' id='word_1_188' title='bbox 591 1168 657 1196; x_wconf 79' lang='grc' dir='ltr'>Οἶον</span> <span class='ocrx_word' id='word_1_189' title='bbox 689 1167 752 1196; x_wconf 77' lang='grc' dir='ltr'>ὅταν</span> <span class='ocrx_word' id='word_1_190' title='bbox 779 1168 877 1206; x_wconf 75' lang='grc' dir='ltr'>ἀκούῃς</span> 
     </span>
    </p>
   </div>
   <div class='ocr_carea' id='block_1_28' title="bbox 50 1208 880 1252">
    <p class='ocr_par' dir='ltr' id='par_1_28' title="bbox 50 1208 880 1252">
     <span class='ocr_line' id='line_1_28' title="bbox 50 1208 880 1252; baseline 0.01 -19"><span class='ocrx_word' id='word_1_191' title='bbox 50 1210 96 1234; x_wconf 77' lang='grc' dir='ltr'>τοῦ</span> <span class='ocrx_word' id='word_1_192' title='bbox 127 1209 219 1247; x_wconf 79' lang='grc' dir='ltr'>Κυρίου</span> <span class='ocrx_word' id='word_1_193' title='bbox 248 1208 372 1248; x_wconf 79' lang='grc' dir='ltr'>λέγοντος</span> <span class='ocrx_word' id='word_1_194' title='bbox 390 1219 396 1226; x_wconf 92' lang='grc'><strong>·</strong></span> <span class='ocrx_word' id='word_1_195' title='bbox 428 1214 507 1239; x_wconf 77' lang='grc' dir='ltr'>Δεῦτε</span> <span class='ocrx_word' id='word_1_196' title='bbox 536 1212 601 1250; x_wconf 78' lang='grc' dir='ltr'>πρὸς</span> <span class='ocrx_word' id='word_1_197' title='bbox 637 1212 684 1252; x_wconf 76' lang='grc' dir='ltr'>μὲ,</span> <span class='ocrx_word' id='word_1_198' title='bbox 714 1212 788 1251; x_wconf 83' lang='grc' dir='ltr'>κάγὼ</span> <span class='ocrx_word' id='word_1_199' title='bbox 814 1213 880 1241; x_wconf 78' lang='grc' dir='ltr'>ἁνα-</span> 
     </span>
    </p>
   </div>
   <div class='ocr_carea' id='block_1_29' title="bbox 50 1252 881 1297">
    <p class='ocr_par' dir='ltr' id='par_1_29' title="bbox 50 1252 881 1297">
     <span class='ocr_line' id='line_1_29' title="bbox 50 1252 881 1297; baseline 0.011 -19"><span class='ocrx_word' id='word_1_200' title='bbox 50 1252 148 1280; x_wconf 78' lang='grc' dir='ltr'>παύσω</span> <span class='ocrx_word' id='word_1_201' title='bbox 183 1253 263 1290; x_wconf 69' lang='grc' dir='ltr'>ὑμᾶς,</span> <span class='ocrx_word' id='word_1_202' title='bbox 292 1258 368 1283; x_wconf 79' lang='grc' dir='ltr'>τοῦτο</span> <span class='ocrx_word' id='word_1_203' title='bbox 392 1256 422 1283; x_wconf 81' lang='grc' dir='ltr'>τὸ</span> <span class='ocrx_word' id='word_1_204' title='bbox 451 1254 539 1283; x_wconf 74' lang='grc' dir='ltr'>ἔλαιον</span> <span class='ocrx_word' id='word_1_205' title='bbox 557 1266 564 1273; x_wconf 85' lang='grc'><strong><em>⁸</em></strong></span> <span class='ocrx_word' id='word_1_206' title='bbox 592 1256 737 1297; x_wconf 73' lang='grc' dir='ltr'>ἱλαρότητα</span> <span class='ocrx_word' id='word_1_207' title='bbox 763 1258 812 1297; x_wconf 77' lang='grc' dir='ltr'><strong>γὰρ</strong></span> <span class='ocrx_word' id='word_1_208' title='bbox 837 1254 881 1287; x_wconf 66' lang='grc' dir='ltr'><strong>καἱ</strong></span> 
     </span>
    </p>
   </div>
   <div class='ocr_carea' id='block_1_30' title="bbox 49 1297 881 1342">
    <p class='ocr_par' dir='ltr' id='par_1_30' title="bbox 49 1297 881 1342">
     <span class='ocr_line' id='line_1_30' title="bbox 49 1297 881 1342; baseline 0.01 -19"><span class='ocrx_word' id='word_1_209' title='bbox 49 1297 200 1325; x_wconf 47' lang='grc' dir='ltr'>αναπαυσιν</span> <span class='ocrx_word' id='word_1_210' title='bbox 214 1297 389 1330; x_wconf 77' lang='grc' dir='ltr'>ὑποδείκνυσι.</span> <span class='ocrx_word' id='word_1_211' title='bbox 419 1301 467 1329; x_wconf 83' lang='grc' dir='ltr'>Καὶ</span> <span class='ocrx_word' id='word_1_212' title='bbox 489 1300 569 1329; x_wconf 81' lang='grc' dir='ltr'>πάλιν</span> <span class='ocrx_word' id='word_1_213' title='bbox 588 1309 595 1316; x_wconf 89' lang='lat'>&#39;</span> <span class='ocrx_word' id='word_1_214' title='bbox 627 1306 717 1339; x_wconf 83' lang='grc' dir='ltr'><strong>Δεῦτε,</strong></span> <span class='ocrx_word' id='word_1_215' title='bbox 747 1302 881 1342; x_wconf 85' lang='grc' dir='ltr'>κληρονο-</span> 
     </span>
    </p>
   </div>
   <div class='ocr_carea' id='block_1_31' title="bbox 49 1343 880 1385">
    <p class='ocr_par' dir='ltr' id='par_1_31' title="bbox 49 1343 880 1385">
     <span class='ocr_line' id='line_1_31' title="bbox 49 1343 880 1385; baseline 0.01 -17"><span class='ocrx_word' id='word_1_216' title='bbox 49 1343 157 1377; x_wconf 54' lang='grc' dir='ltr'>μήσατε</span> <span class='ocrx_word' id='word_1_217' title='bbox 184 1343 234 1376; x_wconf 72' lang='grc' dir='ltr'>τὴν</span> <span class='ocrx_word' id='word_1_218' title='bbox 271 1345 473 1382; x_wconf 72' lang='grc' dir='ltr'>ἡτοιμασμένην</span> <span class='ocrx_word' id='word_1_219' title='bbox 512 1346 577 1383; x_wconf 75' lang='grc' dir='ltr'>ὑμῖν</span> <span class='ocrx_word' id='word_1_220' title='bbox 606 1346 752 1385; x_wconf 82' lang='grc' dir='ltr'>βασιλείαν,</span> <span class='ocrx_word' id='word_1_221' title='bbox 791 1343 880 1377; x_wconf 77' lang='grc' dir='ltr'>”Οσαν</span> 
     </span>
    </p>
   </div>
   <div class='ocr_carea' id='block_1_32' title="bbox 50 1385 879 1432">
    <p class='ocr_par' dir='ltr' id='par_1_32' title="bbox 50 1385 879 1432">
     <span class='ocr_line' id='line_1_32' title="bbox 50 1385 879 1432; baseline 0.01 -19"><span class='ocrx_word' id='word_1_222' title='bbox 50 1385 77 1413; x_wconf 69' lang='grc' dir='ltr'><strong>δὲ</strong></span> <span class='ocrx_word' id='word_1_223' title='bbox 109 1386 189 1425; x_wconf 74' lang='grc' dir='ltr'>λέγῃ,</span> <span class='ocrx_word' id='word_1_224' title='bbox 205 1387 246 1416; x_wconf 79' lang='grc' dir='ltr'><strong>ὅτι</strong></span> <span class='ocrx_word' id='word_1_225' title='bbox 262 1389 404 1428; x_wconf 75' lang='grc' dir='ltr'>Πορεύεσθε</span> <span class='ocrx_word' id='word_1_226' title='bbox 425 1391 462 1422; x_wconf 73' lang='grc' dir='ltr'>εἷς</span> <span class='ocrx_word' id='word_1_227' title='bbox 489 1391 521 1418; x_wconf 83' lang='grc' dir='ltr'>τὸ</span> <span class='ocrx_word' id='word_1_228' title='bbox 548 1391 655 1432; x_wconf 78' lang='grc' dir='ltr'>σκότος,</span> <span class='ocrx_word' id='word_1_229' title='bbox 673 1397 750 1422; x_wconf 79' lang='grc' dir='ltr'>τοῦτο</span> <span class='ocrx_word' id='word_1_230' title='bbox 766 1394 779 1421; x_wconf 77' lang='grc' dir='ltr'>ὸ</span> <span class='ocrx_word' id='word_1_231' title='bbox 795 1396 879 1430; x_wconf 83' lang='grc' dir='ltr'>οἶνος,</span> 
     </span>
    </p>
   </div>
   <div class='ocr_carea' id='block_1_33' title="bbox 51 1433 877 1470">
    <p class='ocr_par' dir='ltr' id='par_1_33' title="bbox 51 1433 877 1470">
     <span class='ocr_line' id='line_1_33' title="bbox 51 1433 877 1470; baseline 0.01 -12"><span class='ocrx_word' id='word_1_232' title='bbox 51 1433 65 1466; x_wconf 66' lang='grc' dir='ltr'>ἲ,</span> <span class='ocrx_word' id='word_1_233' title='bbox 97 1433 230 1466; x_wconf 80' lang='grc' dir='ltr'>στυπτική</span> <span class='ocrx_word' id='word_1_234' title='bbox 260 1433 425 1466; x_wconf 77' lang='grc' dir='ltr'>διδασκαλία,</span> <span class='ocrx_word' id='word_1_235' title='bbox 457 1436 569 1470; x_wconf 78' lang='grc' dir='ltr'>Νοήσεις</span> <span class='ocrx_word' id='word_1_236' title='bbox 597 1435 620 1464; x_wconf 82' lang='grc' dir='ltr'><strong>δ’</strong></span> <span class='ocrx_word' id='word_1_237' title='bbox 649 1436 680 1464; x_wconf 74' lang='grc' dir='ltr'>ἂν</span> <span class='ocrx_word' id='word_1_238' title='bbox 696 1438 739 1466; x_wconf 78' lang='grc' dir='ltr'><strong>καὶ</strong></span> <span class='ocrx_word' id='word_1_239' title='bbox 766 1437 877 1470; x_wconf 75' lang='grc' dir='ltr'>ἄλλως·</span> 
     </span>
    </p>
   </div>
   <div class='ocr_carea' id='block_1_34' title="bbox 924 225 1754 267">
    <p class='ocr_par' dir='ltr' id='par_1_34' title="bbox 924 225 1754 267">
     <span class='ocr_line' id='line_1_34' title="bbox 924 225 1754 267; baseline 0.001 -11"><span class='ocrx_word' id='word_1_240' title='bbox 924 226 1083 265; x_wconf 83' lang='lat' dir='ltr'><strong>quemdam</strong></span> <span class='ocrx_word' id='word_1_241' title='bbox 1100 225 1279 258; x_wconf 86' lang='lat' dir='ltr'><strong>habet.Nam</strong></span> <span class='ocrx_word' id='word_1_242' title='bbox 1294 235 1399 257; x_wconf 83' lang='lat' dir='ltr'><strong>revera</strong></span> <span class='ocrx_word' id='word_1_243' title='bbox 1409 226 1456 258; x_wconf 85' lang='lat' dir='ltr'><strong>lex</strong></span> <span class='ocrx_word' id='word_1_244' title='bbox 1470 236 1530 258; x_wconf 87' lang='lat' dir='ltr'><strong>non</strong></span> <span class='ocrx_word' id='word_1_245' title='bbox 1543 226 1579 258; x_wconf 93' lang='lat' dir='ltr'><strong>ob</strong></span> <span class='ocrx_word' id='word_1_246' title='bbox 1593 236 1642 258; x_wconf 84' lang='lat' dir='ltr'><strong>res</strong></span> <span class='ocrx_word' id='word_1_247' title='bbox 1651 227 1680 257; x_wconf 91' lang='lat' dir='ltr'><strong>in</strong></span> <span class='ocrx_word' id='word_1_248' title='bbox 1689 227 1754 267; x_wconf 88' lang='lat' dir='ltr'><strong>pri-</strong></span> 
     </span>
    </p>
   </div>
   <div class='ocr_carea' id='block_1_35' title="bbox 926 270 1752 311">
    <p class='ocr_par' dir='ltr' id='par_1_35' title="bbox 926 270 1752 311">
     <span class='ocr_line' id='line_1_35' title="bbox 926 270 1752 311; baseline 0.001 -10"><span class='ocrx_word' id='word_1_249' title='bbox 926 270 983 301; x_wconf 81' lang='lat' dir='ltr'><strong>mis</strong></span> <span class='ocrx_word' id='word_1_250' title='bbox 998 271 1140 311; x_wconf 85' lang='lat' dir='ltr'><strong>intentas,</strong></span> <span class='ocrx_word' id='word_1_251' title='bbox 1158 271 1209 302; x_wconf 86' lang='lat' dir='ltr'><strong>sed</strong></span> <span class='ocrx_word' id='word_1_252' title='bbox 1223 276 1347 311; x_wconf 77' lang='lat' dir='ltr'><strong>propter</strong></span> <span class='ocrx_word' id='word_1_253' title='bbox 1361 271 1519 302; x_wconf 84' lang='lat' dir='ltr'><strong>humanam</strong></span> <span class='ocrx_word' id='word_1_254' title='bbox 1537 271 1752 309; x_wconf 81' lang='lat' dir='ltr'><strong>inﬁrmitatem,</strong></span> 
     </span>
    </p>
   </div>
   <div class='ocr_carea' id='block_1_36' title="bbox 926 315 1754 356">
    <p class='ocr_par' dir='ltr' id='par_1_36' title="bbox 926 315 1754 356">
     <span class='ocr_line' id='line_1_36' title="bbox 926 315 1754 356; baseline 0 -10"><span class='ocrx_word' id='word_1_255' title='bbox 926 324 992 356; x_wconf 61' lang='lat' dir='ltr'><strong>quae</strong></span> <span class='ocrx_word' id='word_1_256' title='bbox 1015 324 1074 346; x_wconf 87' lang='lat' dir='ltr'><strong>non</strong></span> <span class='ocrx_word' id='word_1_257' title='bbox 1105 315 1199 356; x_wconf 92' lang='lat' dir='ltr'><strong>potuit</strong></span> <span class='ocrx_word' id='word_1_258' title='bbox 1221 315 1257 346; x_wconf 91' lang='lat' dir='ltr'><strong>ab</strong></span> <span class='ocrx_word' id='word_1_259' title='bbox 1282 315 1366 347; x_wconf 90' lang='lat' dir='ltr'><strong>initio</strong></span> <span class='ocrx_word' id='word_1_260' title='bbox 1393 321 1611 348; x_wconf 74' lang='lat' dir='ltr'><strong>sacramentum</strong></span> <span class='ocrx_word' id='word_1_261' title='bbox 1643 316 1754 347; x_wconf 78' lang='lat' dir='ltr'><strong>Christi</strong></span> 
     </span>
    </p>
   </div>
   <div class='ocr_carea' id='block_1_37' title="bbox 927 360 1751 402">
    <p class='ocr_par' dir='ltr' id='par_1_37' title="bbox 927 360 1751 402">
     <span class='ocr_line' id='line_1_37' title="bbox 927 360 1751 402; baseline 0.002 -12"><span class='ocrx_word' id='word_1_262' title='bbox 927 360 1092 400; x_wconf 78' lang='lat' dir='ltr'><strong>suscipere,</strong></span> <span class='ocrx_word' id='word_1_263' title='bbox 1109 360 1177 391; x_wconf 90' lang='lat' dir='ltr'><strong>data</strong></span> <span class='ocrx_word' id='word_1_264' title='bbox 1192 365 1247 392; x_wconf 92' lang='lat' dir='ltr'><strong>est.</strong></span> <span class='ocrx_word' id='word_1_265' title='bbox 1269 361 1432 400; x_wconf 72' lang='lat' dir='ltr'><strong>Propterea</strong></span> <span class='ocrx_word' id='word_1_266' title='bbox 1448 361 1530 402; x_wconf 84' lang='lat' dir='ltr'><strong>dicit,</strong></span> <span class='ocrx_word' id='word_1_267' title='bbox 1545 361 1661 392; x_wconf 88' lang='lat' dir='ltr'><strong>Accidit</strong></span> <span class='ocrx_word' id='word_1_268' title='bbox 1674 361 1751 402; x_wconf 81' lang='lat' dir='ltr'><strong>quod</strong></span> 
     </span>
    </p>
   </div>
   <div class='ocr_carea' id='block_1_38' title="bbox 927 404 1753 445">
    <p class='ocr_par' dir='ltr' id='par_1_38' title="bbox 927 404 1753 445">
     <span class='ocr_line' id='line_1_38' title="bbox 927 404 1753 445; baseline 0.001 -10"><span class='ocrx_word' id='word_1_269' title='bbox 927 405 1077 441; x_wconf 85' lang='lat' dir='ltr'><strong>sacerdos,</strong></span> <span class='ocrx_word' id='word_1_270' title='bbox 1095 405 1149 435; x_wconf 90' lang='lat' dir='ltr'><strong>hoc</strong></span> <span class='ocrx_word' id='word_1_271' title='bbox 1160 409 1204 436; x_wconf 87' lang='lat' dir='ltr'><strong>est</strong></span> <span class='ocrx_word' id='word_1_272' title='bbox 1222 405 1281 445; x_wconf 86' lang='lat' dir='ltr'><strong>lex,</strong></span> <span class='ocrx_word' id='word_1_273' title='bbox 1295 404 1334 435; x_wconf 91' lang='lat' dir='ltr'><strong>ita</strong></span> <span class='ocrx_word' id='word_1_274' title='bbox 1350 405 1430 437; x_wconf 86' lang='lat' dir='ltr'><strong>enim</strong></span> <span class='ocrx_word' id='word_1_275' title='bbox 1455 405 1555 437; x_wconf 89' lang='lat' dir='ltr'><strong>dieere</strong></span> <span class='ocrx_word' id='word_1_276' title='bbox 1571 406 1701 437; x_wconf 87' lang='lat' dir='ltr'><strong>solemus</strong></span> <span class='ocrx_word' id='word_1_277' title='bbox 1716 405 1753 437; x_wconf 89' lang='lat' dir='ltr'><strong>de</strong></span> 
     </span>
    </p>
   </div>
   <div class='ocr_carea' id='block_1_39' title="bbox 927 449 1750 492">
    <p class='ocr_par' dir='ltr' id='par_1_39' title="bbox 927 449 1750 492">
     <span class='ocr_line' id='line_1_39' title="bbox 927 449 1750 492; baseline 0.002 -13"><span class='ocrx_word' id='word_1_278' title='bbox 927 449 974 479; x_wconf 89' lang='lat' dir='ltr'><strong>bis</strong></span> <span class='ocrx_word' id='word_1_279' title='bbox 983 459 1048 490; x_wconf 83' lang='lat' dir='ltr'><strong>quae</strong></span> <span class='ocrx_word' id='word_1_280' title='bbox 1059 449 1179 480; x_wconf 83' lang='lat' dir='ltr'><strong>fortuito</strong></span> <span class='ocrx_word' id='word_1_281' title='bbox 1187 449 1392 487; x_wconf 86' lang='lat' dir='ltr'><strong>obveniunt,et</strong></span> <span class='ocrx_word' id='word_1_282' title='bbox 1399 450 1472 481; x_wconf 90' lang='lat' dir='ltr'><strong>citra</strong></span> <span class='ocrx_word' id='word_1_283' title='bbox 1479 459 1599 492; x_wconf 82' lang='lat' dir='ltr'><strong>operam</strong></span> <span class='ocrx_word' id='word_1_284' title='bbox 1608 454 1750 488; x_wconf 89' lang='lat' dir='ltr'><strong>nostram,</strong></span> 
     </span>
    </p>
   </div>
   <div class='ocr_carea' id='block_1_40' title="bbox 927 494 1752 535">
    <p class='ocr_par' dir='ltr' id='par_1_40' title="bbox 927 494 1752 535">
     <span class='ocr_line' id='line_1_40' title="bbox 927 494 1752 535; baseline 0.002 -11"><span class='ocrx_word' id='word_1_285' title='bbox 927 494 1007 526; x_wconf 85' lang='lat' dir='ltr'><strong>venit</strong></span> <span class='ocrx_word' id='word_1_286' title='bbox 1023 501 1052 525; x_wconf 89' lang='lat' dir='ltr'><strong>ut</strong></span> <span class='ocrx_word' id='word_1_287' title='bbox 1070 498 1188 525; x_wconf 87' lang='lat' dir='ltr'><strong>sanaret</strong></span> <span class='ocrx_word' id='word_1_288' title='bbox 1203 494 1368 535; x_wconf 88' lang='lat' dir='ltr'><strong>hominem,</strong></span> <span class='ocrx_word' id='word_1_289' title='bbox 1391 496 1442 526; x_wconf 89' lang='lat' dir='ltr'><strong>sed</strong></span> <span class='ocrx_word' id='word_1_290' title='bbox 1467 495 1611 526; x_wconf 91' lang='lat' dir='ltr'><strong>Dominus</strong></span> <span class='ocrx_word' id='word_1_291' title='bbox 1627 498 1658 526; x_wconf 85' lang='lat' dir='ltr'><strong>et</strong></span> <span class='ocrx_word' id='word_1_292' title='bbox 1672 496 1752 527; x_wconf 90' lang='lat' dir='ltr'><strong>Deus</strong></span> 
     </span>
    </p>
   </div>
   <div class='ocr_carea' id='block_1_41' title="bbox 925 538 1753 579">
    <p class='ocr_par' dir='ltr' id='par_1_41' title="bbox 925 538 1753 579">
     <span class='ocr_line' id='line_1_41' title="bbox 925 538 1753 579; baseline 0.001 -10"><span class='ocrx_word' id='word_1_293' title='bbox 925 543 1039 579; x_wconf 84' lang='lat' dir='ltr'><strong>noster,</strong></span> <span class='ocrx_word' id='word_1_294' title='bbox 1055 538 1106 579; x_wconf 88' lang='lat' dir='ltr'><strong>qui</strong></span> <span class='ocrx_word' id='word_1_295' title='bbox 1123 543 1243 579; x_wconf 85' lang='lat' dir='ltr'><strong>propter</strong></span> <span class='ocrx_word' id='word_1_296' title='bbox 1259 548 1314 569; x_wconf 90' lang='lat' dir='ltr'><strong>nos</strong></span> <span class='ocrx_word' id='word_1_297' title='bbox 1335 539 1429 570; x_wconf 77' lang='lat' dir='ltr'><strong>factus</strong></span> <span class='ocrx_word' id='word_1_298' title='bbox 1445 549 1488 576; x_wconf 66' lang='lat' dir='ltr'><strong>es;</strong></span> <span class='ocrx_word' id='word_1_299' title='bbox 1505 539 1707 579; x_wconf 84' lang='lat' dir='ltr'><strong>maledictum,</strong></span> <span class='ocrx_word' id='word_1_300' title='bbox 1723 543 1753 570; x_wconf 91' lang='lat' dir='ltr'><strong>et</strong></span> 
     </span>
    </p>
   </div>
   <div class='ocr_carea' id='block_1_42' title="bbox 925 583 1751 624">
    <p class='ocr_par' dir='ltr' id='par_1_42' title="bbox 925 583 1751 624">
     <span class='ocr_line' id='line_1_42' title="bbox 925 583 1751 624; baseline 0.002 -11"><span class='ocrx_word' id='word_1_301' title='bbox 925 587 1043 614; x_wconf 89' lang='lat' dir='ltr'><strong>vocatus</strong></span> <span class='ocrx_word' id='word_1_302' title='bbox 1059 583 1273 620; x_wconf 78' lang='lat' dir='ltr'><strong>Samaritanus,</strong></span> <span class='ocrx_word' id='word_1_303' title='bbox 1292 584 1346 614; x_wconf 91' lang='lat' dir='ltr'><strong>iter</strong></span> <span class='ocrx_word' id='word_1_304' title='bbox 1367 584 1490 621; x_wconf 78' lang='lat' dir='ltr'><strong>faciens,</strong></span> <span class='ocrx_word' id='word_1_305' title='bbox 1518 584 1574 614; x_wconf 89' lang='lat' dir='ltr'><strong>hoc</strong></span> <span class='ocrx_word' id='word_1_306' title='bbox 1593 588 1649 624; x_wconf 85' lang='lat' dir='ltr'><strong>est,</strong></span> <span class='ocrx_word' id='word_1_307' title='bbox 1675 584 1751 615; x_wconf 87' lang='lat' dir='ltr'><strong>hanc</strong></span> 
     </span>
    </p>
   </div>
   <div class='ocr_carea' id='block_1_43' title="bbox 925 627 1751 668">
    <p class='ocr_par' dir='ltr' id='par_1_43' title="bbox 925 627 1751 668">
     <span class='ocr_line' id='line_1_43' title="bbox 925 627 1751 668; baseline 0.001 -10"><span class='ocrx_word' id='word_1_308' title='bbox 925 627 1109 668; x_wconf 89' lang='lat' dir='ltr'><strong>potissimum</strong></span> <span class='ocrx_word' id='word_1_309' title='bbox 1124 627 1292 658; x_wconf 92' lang='lat' dir='ltr'><strong>suiitineris</strong></span> <span class='ocrx_word' id='word_1_310' title='bbox 1304 636 1423 659; x_wconf 80' lang='lat' dir='ltr'><strong>causam</strong></span> <span class='ocrx_word' id='word_1_311' title='bbox 1436 637 1503 659; x_wconf 88' lang='lat' dir='ltr'><strong>esse</strong></span> <span class='ocrx_word' id='word_1_312' title='bbox 1516 629 1662 665; x_wconf 85' lang='lat' dir='ltr'><strong>volens,et</strong></span> <span class='ocrx_word' id='word_1_313' title='bbox 1673 629 1751 659; x_wconf 90' lang='lat' dir='ltr'><strong>hunc</strong></span> 
     </span>
    </p>
   </div>
   <div class='ocr_carea' id='block_1_44' title="bbox 925 672 1751 713">
    <p class='ocr_par' dir='ltr' id='par_1_44' title="bbox 925 672 1751 713">
     <span class='ocr_line' id='line_1_44' title="bbox 925 672 1751 713; baseline 0.001 -10"><span class='ocrx_word' id='word_1_314' title='bbox 925 681 1045 712; x_wconf 88' lang='lat' dir='ltr'><strong>scopum</strong></span> <span class='ocrx_word' id='word_1_315' title='bbox 1063 672 1239 713; x_wconf 53' lang='lat' dir='ltr'><strong>observans;</strong></span> <span class='ocrx_word' id='word_1_316' title='bbox 1251 678 1283 704; x_wconf 87' lang='lat' dir='ltr'><strong>ut</strong></span> <span class='ocrx_word' id='word_1_317' title='bbox 1298 682 1352 703; x_wconf 91' lang='lat' dir='ltr'><strong>nos</strong></span> <span class='ocrx_word' id='word_1_318' title='bbox 1363 676 1490 713; x_wconf 89' lang='lat' dir='ltr'><strong>sanaret,</strong></span> <span class='ocrx_word' id='word_1_319' title='bbox 1504 682 1562 703; x_wconf 93' lang='lat' dir='ltr'><strong>non</strong></span> <span class='ocrx_word' id='word_1_320' title='bbox 1577 673 1751 712; x_wconf 68' lang='lat' dir='ltr'><strong>prmteriens</strong></span> 
     </span>
    </p>
   </div>
   <div class='ocr_carea' id='block_1_45' title="bbox 924 717 1751 758">
    <p class='ocr_par' dir='ltr' id='par_1_45' title="bbox 924 717 1751 758">
     <span class='ocr_line' id='line_1_45' title="bbox 924 717 1751 758; baseline 0 -10"><span class='ocrx_word' id='word_1_321' title='bbox 924 721 953 748; x_wconf 91' lang='lat' dir='ltr'><strong>et</strong></span> <span class='ocrx_word' id='word_1_322' title='bbox 964 717 1059 748; x_wconf 86' lang='lat' dir='ltr'><strong>obiter</strong></span> <span class='ocrx_word' id='word_1_323' title='bbox 1072 727 1126 748; x_wconf 93' lang='lat' dir='ltr'><strong>nos</strong></span> <span class='ocrx_word' id='word_1_324' title='bbox 1141 717 1261 748; x_wconf 86' lang='lat' dir='ltr'><strong>visitans</strong></span> <span class='ocrx_word' id='word_1_325' title='bbox 1273 718 1352 748; x_wconf 86' lang='lat' dir='ltr'><strong>venit</strong></span> <span class='ocrx_word' id='word_1_326' title='bbox 1368 717 1403 748; x_wconf 91' lang='lat' dir='ltr'><strong>ad</strong></span> <span class='ocrx_word' id='word_1_327' title='bbox 1418 725 1484 758; x_wconf 89' lang='lat' dir='ltr'><strong>nos,</strong></span> <span class='ocrx_word' id='word_1_328' title='bbox 1500 718 1552 748; x_wconf 88' lang='lat' dir='ltr'><strong>sed</strong></span> <span class='ocrx_word' id='word_1_329' title='bbox 1561 722 1751 748; x_wconf 87' lang='lat' dir='ltr'><strong>conversatus</strong></span> 
     </span>
    </p>
   </div>
   <div class='ocr_carea' id='block_1_46' title="bbox 923 761 1750 803">
    <p class='ocr_par' dir='ltr' id='par_1_46' title="bbox 923 761 1750 803">
     <span class='ocr_line' id='line_1_46' title="bbox 923 761 1750 803; baseline 0.001 -11"><span class='ocrx_word' id='word_1_330' title='bbox 923 761 1090 799; x_wconf 89' lang='lat' dir='ltr'><strong>nobiscmn,</strong></span> <span class='ocrx_word' id='word_1_331' title='bbox 1107 766 1135 793; x_wconf 89' lang='lat' dir='ltr'><strong>et</strong></span> <span class='ocrx_word' id='word_1_332' title='bbox 1155 762 1274 793; x_wconf 90' lang='lat' dir='ltr'><strong>locutus</strong></span> <span class='ocrx_word' id='word_1_333' title='bbox 1301 772 1359 793; x_wconf 89' lang='lat' dir='ltr'><strong>non</strong></span> <span class='ocrx_word' id='word_1_334' title='bbox 1385 767 1574 803; x_wconf 88' lang='lat' dir='ltr'><strong>apparenter,</strong></span> <span class='ocrx_word' id='word_1_335' title='bbox 1591 763 1644 793; x_wconf 90' lang='lat' dir='ltr'><strong>sed</strong></span> <span class='ocrx_word' id='word_1_336' title='bbox 1670 771 1750 795; x_wconf 90' lang='lat' dir='ltr'><strong>vere.</strong></span> 
     </span>
    </p>
   </div>
   <div class='ocr_carea' id='block_1_47' title="bbox 923 807 1749 848">
    <p class='ocr_par' dir='ltr' id='par_1_47' title="bbox 923 807 1749 848">
     <span class='ocr_line' id='line_1_47' title="bbox 923 807 1749 848; baseline -0.001 -10"><span class='ocrx_word' id='word_1_337' title='bbox 923 807 1052 838; x_wconf 88' lang='lat' dir='ltr'><strong>Proinde</strong></span> <span class='ocrx_word' id='word_1_338' title='bbox 1064 807 1162 837; x_wconf 84' lang='lat' dir='ltr'><strong>statim</strong></span> <span class='ocrx_word' id='word_1_339' title='bbox 1174 807 1516 848; x_wconf 84' lang='lat' dir='ltr'><strong>alligatvulnera,neque</strong></span> <span class='ocrx_word' id='word_1_340' title='bbox 1528 807 1674 848; x_wconf 88' lang='lat' dir='ltr'><strong>permittit</strong></span> <span class='ocrx_word' id='word_1_341' title='bbox 1685 817 1749 838; x_wconf 91' lang='lat' dir='ltr'><strong>ma-</strong></span> 
     </span>
    </p>
   </div>
   <div class='ocr_carea' id='block_1_48' title="bbox 892 847 1751 892">
    <p class='ocr_par' dir='ltr' id='par_1_48' title="bbox 892 847 1751 892">
     <span class='ocr_line' id='line_1_48' title="bbox 892 847 1751 892; baseline 0 -10"><span class='ocrx_word' id='word_1_342' title='bbox 892 847 909 871; x_wconf 75' lang='grc' dir='ltr'><strong>θ</strong></span> <span class='ocrx_word' id='word_1_343' title='bbox 925 851 1016 882; x_wconf 89' lang='lat' dir='ltr'><strong>litiam</strong></span> <span class='ocrx_word' id='word_1_344' title='bbox 1043 851 1170 892; x_wconf 90' lang='lat' dir='ltr'><strong>amplius</strong></span> <span class='ocrx_word' id='word_1_345' title='bbox 1196 851 1299 892; x_wconf 84' lang='lat' dir='ltr'><strong>laxari,</strong></span> <span class='ocrx_word' id='word_1_346' title='bbox 1317 853 1370 882; x_wconf 85' lang='lat' dir='ltr'><strong>sed</strong></span> <span class='ocrx_word' id='word_1_347' title='bbox 1393 852 1493 890; x_wconf 84' lang='lat' dir='ltr'><strong>alligat</strong></span> <span class='ocrx_word' id='word_1_348' title='bbox 1520 847 1596 882; x_wconf 85' lang='lat' dir='ltr'><strong>eam.</strong></span> <span class='ocrx_word' id='word_1_349' title='bbox 1619 851 1751 882; x_wconf 83' lang='lat' dir='ltr'><strong>Infundit</strong></span> 
     </span>
    </p>
   </div>
   <div class='ocr_carea' id='block_1_49' title="bbox 921 898 1751 936">
    <p class='ocr_par' dir='ltr' id='par_1_49' title="bbox 921 898 1751 936">
     <span class='ocr_line' id='line_1_49' title="bbox 921 898 1751 936; baseline 0.001 -8"><span class='ocrx_word' id='word_1_350' title='bbox 921 898 1019 928; x_wconf 88' lang='lat' dir='ltr'><strong>oleum</strong></span> <span class='ocrx_word' id='word_1_351' title='bbox 1032 907 1065 928; x_wconf 91' lang='lat' dir='ltr'><strong>ac</strong></span> <span class='ocrx_word' id='word_1_352' title='bbox 1078 898 1177 929; x_wconf 87' lang='lat' dir='ltr'><strong>vinum</strong></span> <span class='ocrx_word' id='word_1_353' title='bbox 1194 907 1199 929; x_wconf 90' lang='lat'>:</span> <span class='ocrx_word' id='word_1_354' title='bbox 1217 898 1330 936; x_wconf 89' lang='lat' dir='ltr'><strong>oleum,</strong></span> <span class='ocrx_word' id='word_1_355' title='bbox 1347 899 1403 929; x_wconf 90' lang='lat' dir='ltr'><strong>hoc</strong></span> <span class='ocrx_word' id='word_1_356' title='bbox 1425 902 1469 929; x_wconf 90' lang='lat' dir='ltr'><strong>est</strong></span> <span class='ocrx_word' id='word_1_357' title='bbox 1492 907 1661 929; x_wconf 74' lang='lat' dir='ltr'><strong>sermonem</strong></span> <span class='ocrx_word' id='word_1_358' title='bbox 1678 899 1751 929; x_wconf 87' lang='lat' dir='ltr'><strong>doc-</strong></span> 
     </span>
    </p>
   </div>
   <div class='ocr_carea' id='block_1_50' title="bbox 921 942 1751 984">
    <p class='ocr_par' dir='ltr' id='par_1_50' title="bbox 921 942 1751 984">
     <span class='ocr_line' id='line_1_50' title="bbox 921 942 1751 984; baseline 0.001 -11"><span class='ocrx_word' id='word_1_359' title='bbox 921 942 1071 984; x_wconf 74' lang='lat' dir='ltr'><strong>trinae,qui</strong></span> <span class='ocrx_word' id='word_1_360' title='bbox 1084 952 1136 983; x_wconf 69' lang='lat' dir='ltr'><strong>por</strong></span> <span class='ocrx_word' id='word_1_361' title='bbox 1148 944 1249 973; x_wconf 86' lang='lat' dir='ltr'><strong>suavia</strong></span> <span class='ocrx_word' id='word_1_362' title='bbox 1265 952 1318 973; x_wconf 89' lang='lat' dir='ltr'><strong>nos</strong></span> <span class='ocrx_word' id='word_1_363' title='bbox 1341 943 1513 974; x_wconf 88' lang='lat' dir='ltr'><strong>adhortatur</strong></span> <span class='ocrx_word' id='word_1_364' title='bbox 1529 955 1535 972; x_wconf 91' lang='lat'><strong>:</strong></span> <span class='ocrx_word' id='word_1_365' title='bbox 1555 943 1653 974; x_wconf 91' lang='lat' dir='ltr'><strong>vinum</strong></span> <span class='ocrx_word' id='word_1_366' title='bbox 1668 952 1751 983; x_wconf 87' lang='lat' dir='ltr'><strong>vero,</strong></span> 
     </span>
    </p>
   </div>
   <div class='ocr_carea' id='block_1_51' title="bbox 920 987 1749 1028">
    <p class='ocr_par' dir='ltr' id='par_1_51' title="bbox 920 987 1749 1028">
     <span class='ocr_line' id='line_1_51' title="bbox 920 987 1749 1028; baseline 0 -10"><span class='ocrx_word' id='word_1_367' title='bbox 920 997 1090 1018; x_wconf 87' lang='lat' dir='ltr'><strong>sermonem</strong></span> <span class='ocrx_word' id='word_1_368' title='bbox 1105 987 1154 1028; x_wconf 90' lang='lat' dir='ltr'><strong>qui</strong></span> <span class='ocrx_word' id='word_1_369' title='bbox 1167 997 1221 1027; x_wconf 90' lang='lat' dir='ltr'><strong>per</strong></span> <span class='ocrx_word' id='word_1_370' title='bbox 1236 988 1402 1019; x_wconf 87' lang='lat' dir='ltr'><strong>austeriora</strong></span> <span class='ocrx_word' id='word_1_371' title='bbox 1415 987 1530 1018; x_wconf 89' lang='lat' dir='ltr'><strong>inducit</strong></span> <span class='ocrx_word' id='word_1_372' title='bbox 1545 988 1582 1018; x_wconf 86' lang='lat' dir='ltr'><strong>ad</strong></span> <span class='ocrx_word' id='word_1_373' title='bbox 1600 987 1749 1018; x_wconf 89' lang='lat' dir='ltr'><strong>virtutem.</strong></span> 
     </span>
    </p>
   </div>
   <div class='ocr_carea' id='block_1_52' title="bbox 920 1031 1747 1073">
    <p class='ocr_par' dir='ltr' id='par_1_52' title="bbox 920 1031 1747 1073">
     <span class='ocr_line' id='line_1_52' title="bbox 920 1031 1747 1073; baseline -0.001 -10"><span class='ocrx_word' id='word_1_374' title='bbox 920 1032 1053 1072; x_wconf 82' lang='lat' dir='ltr'><strong>Exempli</strong></span> <span class='ocrx_word' id='word_1_375' title='bbox 1066 1031 1172 1073; x_wconf 87' lang='lat' dir='ltr'><strong>gratia,</strong></span> <span class='ocrx_word' id='word_1_376' title='bbox 1185 1032 1303 1072; x_wconf 90' lang='lat' dir='ltr'><strong>quando</strong></span> <span class='ocrx_word' id='word_1_377' title='bbox 1314 1032 1399 1063; x_wconf 81' lang='lat' dir='ltr'><strong>audis</strong></span> <span class='ocrx_word' id='word_1_378' title='bbox 1410 1031 1568 1062; x_wconf 91' lang='lat' dir='ltr'><strong>Dominum</strong></span> <span class='ocrx_word' id='word_1_379' title='bbox 1579 1032 1747 1067; x_wconf 82' lang='lat' dir='ltr'><strong>dicentem;</strong></span> 
     </span>
    </p>
   </div>
   <div class='ocr_carea' id='block_1_53' title="bbox 919 1076 1748 1116">
    <p class='ocr_par' dir='ltr' id='par_1_53' title="bbox 919 1076 1748 1116">
     <span class='ocr_line' id='line_1_53' title="bbox 919 1076 1748 1116; baseline 0 -8"><span class='ocrx_word' id='word_1_380' title='bbox 919 1076 1026 1108; x_wconf 82' lang='lat' dir='ltr'><strong>Venite</strong></span> <span class='ocrx_word' id='word_1_381' title='bbox 1037 1077 1072 1107; x_wconf 85' lang='lat' dir='ltr'><strong>ad</strong></span> <span class='ocrx_word' id='word_1_382' title='bbox 1089 1085 1147 1114; x_wconf 89' lang='lat' dir='ltr'><strong>me,</strong></span> <span class='ocrx_word' id='word_1_383' title='bbox 1165 1081 1195 1107; x_wconf 87' lang='lat' dir='ltr'><strong>et</strong></span> <span class='ocrx_word' id='word_1_384' title='bbox 1217 1086 1270 1116; x_wconf 87' lang='lat' dir='ltr'><strong>ego</strong></span> <span class='ocrx_word' id='word_1_385' title='bbox 1287 1076 1460 1108; x_wconf 82' lang='lat' dir='ltr'><strong>refocillabo</strong></span> <span class='ocrx_word' id='word_1_386' title='bbox 1477 1086 1544 1107; x_wconf 88' lang='lat' dir='ltr'><strong>vos:</strong></span> <span class='ocrx_word' id='word_1_387' title='bbox 1563 1077 1620 1108; x_wconf 87' lang='lat' dir='ltr'><strong>hoc</strong></span> <span class='ocrx_word' id='word_1_388' title='bbox 1636 1077 1748 1114; x_wconf 87' lang='lat' dir='ltr'><strong>oleum,</strong></span> 
     </span>
    </p>
   </div>
   <div class='ocr_carea' id='block_1_54' title="bbox 919 1121 1748 1161">
    <p class='ocr_par' dir='ltr' id='par_1_54' title="bbox 919 1121 1748 1161">
     <span class='ocr_line' id='line_1_54' title="bbox 919 1121 1748 1161; baseline 0 -9"><span class='ocrx_word' id='word_1_389' title='bbox 919 1121 1100 1153; x_wconf 86' lang='lat' dir='ltr'><strong>hilaritatem</strong></span> <span class='ocrx_word' id='word_1_390' title='bbox 1116 1121 1196 1152; x_wconf 87' lang='lat' dir='ltr'><strong>enim</strong></span> <span class='ocrx_word' id='word_1_391' title='bbox 1214 1125 1244 1152; x_wconf 89' lang='lat' dir='ltr'><strong>et</strong></span> <span class='ocrx_word' id='word_1_392' title='bbox 1261 1121 1392 1161; x_wconf 90' lang='lat' dir='ltr'><strong>quietem</strong></span> <span class='ocrx_word' id='word_1_393' title='bbox 1409 1121 1549 1152; x_wconf 89' lang='lat' dir='ltr'><strong>ostendit.</strong></span> <span class='ocrx_word' id='word_1_394' title='bbox 1569 1121 1605 1152; x_wconf 89' lang='lat' dir='ltr'><strong>Et</strong></span> <span class='ocrx_word' id='word_1_395' title='bbox 1619 1125 1725 1152; x_wconf 62' lang='lat' dir='ltr'><strong>iterum</strong></span> <span class='ocrx_word' id='word_1_396' title='bbox 1742 1131 1748 1152; x_wconf 92' lang='lat'><strong>:</strong></span> 
     </span>
    </p>
   </div>
   <div class='ocr_carea' id='block_1_55' title="bbox 921 1165 1751 1206">
    <p class='ocr_par' dir='ltr' id='par_1_55' title="bbox 921 1165 1751 1206">
     <span class='ocr_line' id='line_1_55' title="bbox 921 1165 1751 1206; baseline 0 -9"><span class='ocrx_word' id='word_1_397' title='bbox 921 1166 1192 1206; x_wconf 85' lang='lat' dir='ltr'><strong>Venite,possidete</strong></span> <span class='ocrx_word' id='word_1_398' title='bbox 1204 1170 1400 1206; x_wconf 67' lang='lat' dir='ltr'><strong>praeparatum</strong></span> <span class='ocrx_word' id='word_1_399' title='bbox 1414 1166 1495 1196; x_wconf 92' lang='lat' dir='ltr'><strong>vobis</strong></span> <span class='ocrx_word' id='word_1_400' title='bbox 1506 1174 1640 1204; x_wconf 83' lang='lat' dir='ltr'><strong>regnum.</strong></span> <span class='ocrx_word' id='word_1_401' title='bbox 1654 1165 1751 1201; x_wconf 85' lang='lat' dir='ltr'><strong>Quan-</strong></span> 
     </span>
    </p>
   </div>
   <div class='ocr_carea' id='block_1_56' title="bbox 923 1209 1752 1250">
    <p class='ocr_par' dir='ltr' id='par_1_56' title="bbox 923 1209 1752 1250">
     <span class='ocr_line' id='line_1_56' title="bbox 923 1209 1752 1250; baseline -0.001 -8"><span class='ocrx_word' id='word_1_402' title='bbox 923 1211 961 1242; x_wconf 92' lang='lat' dir='ltr'><strong>do</strong></span> <span class='ocrx_word' id='word_1_403' title='bbox 976 1215 1075 1242; x_wconf 83' lang='lat' dir='ltr'><strong>autem</strong></span> <span class='ocrx_word' id='word_1_404' title='bbox 1094 1210 1165 1241; x_wconf 88' lang='lat' dir='ltr'><strong>dicit</strong></span> <span class='ocrx_word' id='word_1_405' title='bbox 1183 1220 1189 1242; x_wconf 90' lang='lat'>:</span> <span class='ocrx_word' id='word_1_406' title='bbox 1214 1209 1255 1241; x_wconf 87' lang='lat' dir='ltr'><strong>Ite</strong></span> <span class='ocrx_word' id='word_1_407' title='bbox 1271 1211 1301 1241; x_wconf 93' lang='lat' dir='ltr'><strong>in</strong></span> <span class='ocrx_word' id='word_1_408' title='bbox 1318 1210 1457 1241; x_wconf 86' lang='lat' dir='ltr'><strong>tenebras</strong></span> <span class='ocrx_word' id='word_1_409' title='bbox 1472 1221 1478 1238; x_wconf 91' lang='lat'>:</span> <span class='ocrx_word' id='word_1_410' title='bbox 1506 1211 1606 1240; x_wconf 91' lang='lat' dir='ltr'><strong>vinum</strong></span> <span class='ocrx_word' id='word_1_411' title='bbox 1623 1214 1678 1250; x_wconf 88' lang='lat' dir='ltr'><strong>est,</strong></span> <span class='ocrx_word' id='word_1_412' title='bbox 1695 1211 1752 1241; x_wconf 89' lang='lat' dir='ltr'><strong>hoc</strong></span> 
     </span>
    </p>
   </div>
   <div class='ocr_carea' id='block_1_57' title="bbox 924 1255 1748 1295">
    <p class='ocr_par' dir='ltr' id='par_1_57' title="bbox 924 1255 1748 1295">
     <span class='ocr_line' id='line_1_57' title="bbox 924 1255 1748 1295; baseline 0 -9"><span class='ocrx_word' id='word_1_413' title='bbox 924 1259 968 1286; x_wconf 89' lang='lat' dir='ltr'><strong>est</strong></span> <span class='ocrx_word' id='word_1_414' title='bbox 982 1255 1128 1286; x_wconf 66' lang='lat' dir='ltr'><strong>austerior</strong></span> <span class='ocrx_word' id='word_1_415' title='bbox 1143 1255 1279 1286; x_wconf 76' lang='lat' dir='ltr'><strong>doctrina</strong></span> <span class='ocrx_word' id='word_1_416' title='bbox 1294 1265 1300 1285; x_wconf 92' lang='lat'>:</span> <span class='ocrx_word' id='word_1_417' title='bbox 1319 1255 1491 1295; x_wconf 85' lang='lat' dir='ltr'><strong>Intelligere</strong></span> <span class='ocrx_word' id='word_1_418' title='bbox 1508 1264 1592 1295; x_wconf 83' lang='lat' dir='ltr'><strong>pctes</strong></span> <span class='ocrx_word' id='word_1_419' title='bbox 1607 1259 1635 1285; x_wconf 90' lang='lat' dir='ltr'><strong>et</strong></span> <span class='ocrx_word' id='word_1_420' title='bbox 1651 1255 1748 1286; x_wconf 86' lang='lat' dir='ltr'><strong>aliter.</strong></span> 
     </span>
    </p>
   </div>
   <div class='ocr_carea' id='block_1_58' title="bbox 923 1300 1748 1339">
    <p class='ocr_par' dir='ltr' id='par_1_58' title="bbox 923 1300 1748 1339">
     <span class='ocr_line' id='line_1_58' title="bbox 923 1300 1748 1339; baseline -0.001 -8"><span class='ocrx_word' id='word_1_421' title='bbox 923 1300 1029 1332; x_wconf 90' lang='lat' dir='ltr'><strong>Oleum</strong></span> <span class='ocrx_word' id='word_1_422' title='bbox 1043 1301 1202 1331; x_wconf 88' lang='lat' dir='ltr'><strong>humanam</strong></span> <span class='ocrx_word' id='word_1_423' title='bbox 1217 1300 1363 1339; x_wconf 86' lang='lat' dir='ltr'><strong>signiﬁcat</strong></span> <span class='ocrx_word' id='word_1_424' title='bbox 1378 1300 1748 1337; x_wconf 87' lang='lat' dir='ltr'><strong>conversationem,vinum</strong></span> 
     </span>
    </p>
   </div>
   <div class='ocr_carea' id='block_1_59' title="bbox 924 1344 1752 1385">
    <p class='ocr_par' dir='ltr' id='par_1_59' title="bbox 924 1344 1752 1385">
     <span class='ocr_line' id='line_1_59' title="bbox 924 1344 1752 1385; baseline -0.002 -9"><span class='ocrx_word' id='word_1_425' title='bbox 924 1345 1102 1382; x_wconf 88' lang='lat' dir='ltr'><strong>divinam,ut</strong></span> <span class='ocrx_word' id='word_1_426' title='bbox 1113 1345 1171 1376; x_wconf 84' lang='lat' dir='ltr'><strong>tale</strong></span> <span class='ocrx_word' id='word_1_427' title='bbox 1181 1345 1251 1385; x_wconf 85' lang='lat' dir='ltr'><strong>quid</strong></span> <span class='ocrx_word' id='word_1_428' title='bbox 1264 1345 1380 1376; x_wconf 90' lang='lat' dir='ltr'><strong>dicam:</strong></span> <span class='ocrx_word' id='word_1_429' title='bbox 1396 1344 1539 1375; x_wconf 89' lang='lat' dir='ltr'><strong>Dominus</strong></span> <span class='ocrx_word' id='word_1_430' title='bbox 1555 1344 1612 1374; x_wconf 89' lang='lat' dir='ltr'><strong>alia</strong></span> <span class='ocrx_word' id='word_1_431' title='bbox 1621 1344 1752 1375; x_wconf 89' lang='lat' dir='ltr'><strong>humano</strong></span> 
     </span>
    </p>
   </div>
   <div class='ocr_carea' id='block_1_60' title="bbox 924 1388 1753 1430">
    <p class='ocr_par' dir='ltr' id='par_1_60' title="bbox 924 1388 1753 1430">
     <span class='ocr_line' id='line_1_60' title="bbox 924 1388 1753 1430; baseline -0.002 -10"><span class='ocrx_word' id='word_1_432' title='bbox 924 1399 1007 1421; x_wconf 89' lang='lat' dir='ltr'><strong>more</strong></span> <span class='ocrx_word' id='word_1_433' title='bbox 1019 1389 1274 1430; x_wconf 82' lang='lat' dir='ltr'><strong>operabatur,atia</strong></span> <span class='ocrx_word' id='word_1_434' title='bbox 1281 1393 1378 1420; x_wconf 87' lang='lat' dir='ltr'><strong>autem</strong></span> <span class='ocrx_word' id='word_1_435' title='bbox 1393 1388 1676 1420; x_wconf 81' lang='lat' dir='ltr'><strong>divino.llumanum</strong></span> <span class='ocrx_word' id='word_1_436' title='bbox 1689 1392 1753 1420; x_wconf 87' lang='lat' dir='ltr'><strong>erat</strong></span> 
     </span>
    </p>
   </div>
   <div class='ocr_carea' id='block_1_61' title="bbox 920 1433 1751 1475">
    <p class='ocr_par' dir='ltr' id='par_1_61' title="bbox 920 1433 1751 1475">
     <span class='ocr_line' id='line_1_61' title="bbox 920 1433 1751 1475; baseline -0.002 -9"><span class='ocrx_word' id='word_1_437' title='bbox 920 1434 1080 1466; x_wconf 87' lang='lat' dir='ltr'><strong>comedere</strong></span> <span class='ocrx_word' id='word_1_438' title='bbox 1096 1438 1125 1465; x_wconf 88' lang='lat' dir='ltr'><strong>et</strong></span> <span class='ocrx_word' id='word_1_439' title='bbox 1141 1433 1256 1472; x_wconf 89' lang='lat' dir='ltr'><strong>bibere,</strong></span> <span class='ocrx_word' id='word_1_440' title='bbox 1277 1440 1305 1465; x_wconf 92' lang='lat' dir='ltr'><strong>et</strong></span> <span class='ocrx_word' id='word_1_441' title='bbox 1321 1434 1408 1465; x_wconf 90' lang='lat' dir='ltr'><strong>vitam</strong></span> <span class='ocrx_word' id='word_1_442' title='bbox 1424 1434 1566 1464; x_wconf 80' lang='lat' dir='ltr'><strong>laxiorem</strong></span> <span class='ocrx_word' id='word_1_443' title='bbox 1584 1436 1704 1475; x_wconf 86' lang='lat' dir='ltr'><strong>sectari,</strong></span> <span class='ocrx_word' id='word_1_444' title='bbox 1722 1437 1751 1465; x_wconf 90' lang='lat' dir='ltr'><strong>et</strong></span> 
     </span>
    </p>
   </div>
   <div class='ocr_carea' id='block_1_62' title="bbox 46 1476 815 1520">
    <p class='ocr_par' dir='ltr' id='par_1_62' title="bbox 46 1476 799 1520">
     <span class='ocr_line' id='line_1_62' title="bbox 46 1476 799 1520; baseline 0.012 -18"><span class='ocrx_word' id='word_1_445' title='bbox 46 1476 139 1503; x_wconf 72' lang='grc' dir='ltr'>ἔλαιον</span> <span class='ocrx_word' id='word_1_446' title='bbox 182 1478 230 1510; x_wconf 73' lang='grc' dir='ltr'>τὴν</span> <span class='ocrx_word' id='word_1_447' title='bbox 272 1479 340 1506; x_wconf 80' lang='grc' dir='ltr'>κατὰ</span> <span class='ocrx_word' id='word_1_448' title='bbox 382 1479 519 1519; x_wconf 68' lang='grc' dir='ltr'>ἄνθρωπον</span> <span class='ocrx_word' id='word_1_449' title='bbox 547 1480 693 1520; x_wconf 77' lang='grc' dir='ltr'>διαγωγὴν,</span> <span class='ocrx_word' id='word_1_450' title='bbox 723 1482 799 1511; x_wconf 79' lang='grc' dir='ltr'>οἶνον</span> 
     </span>
    </p>
   </div>
   <div class='ocr_carea' id='block_1_63' title="bbox 981 1476 1750 1520">
    <p class='ocr_par' dir='ltr' id='par_1_63' title="bbox 996 1478 1750 1519">
     <span class='ocr_line' id='line_1_63' title="bbox 996 1478 1750 1519; baseline 0 -9"><span class='ocrx_word' id='word_1_451' title='bbox 996 1478 1199 1511; x_wconf 81' lang='lat' dir='ltr'><strong>austeritatem</strong></span> <span class='ocrx_word' id='word_1_452' title='bbox 1217 1488 1277 1519; x_wconf 83' lang='lat' dir='ltr'><strong>prae</strong></span> <span class='ocrx_word' id='word_1_453' title='bbox 1292 1488 1324 1510; x_wconf 90' lang='lat' dir='ltr'><strong>se</strong></span> <span class='ocrx_word' id='word_1_454' title='bbox 1342 1480 1432 1516; x_wconf 84' lang='lat' dir='ltr'><strong>ferre,</strong></span> <span class='ocrx_word' id='word_1_455' title='bbox 1452 1478 1645 1510; x_wconf 85' lang='lat' dir='ltr'><strong>utJoannes:</strong></span> <span class='ocrx_word' id='word_1_456' title='bbox 1663 1483 1750 1519; x_wconf 90' lang='lat' dir='ltr'><strong>atque</strong></span> 
     </span>
    </p>
   </div>
   <div class='ocr_carea' id='block_1_64' title="bbox 46 1520 880 1566">
    <p class='ocr_par' dir='ltr' id='par_1_64' title="bbox 46 1520 880 1566">
     <span class='ocr_line' id='line_1_64' title="bbox 46 1520 880 1566; baseline 0.011 -19"><span class='ocrx_word' id='word_1_457' title='bbox 46 1522 117 1548; x_wconf 72' lang='grc' dir='ltr'>κατὰ</span> <span class='ocrx_word' id='word_1_458' title='bbox 146 1522 221 1559; x_wconf 73' lang='grc' dir='ltr'>Θεὸν,</span> <span class='ocrx_word' id='word_1_459' title='bbox 240 1524 299 1550; x_wconf 74' lang='grc' dir='ltr'>οἷόν</span> <span class='ocrx_word' id='word_1_460' title='bbox 314 1535 339 1551; x_wconf 82' lang='grc' dir='ltr'><strong>τι</strong></span> <span class='ocrx_word' id='word_1_461' title='bbox 356 1523 427 1564; x_wconf 87' lang='grc' dir='ltr'>λέγω</span> <span class='ocrx_word' id='word_1_462' title='bbox 444 1534 449 1540; x_wconf 87' lang='grc'><strong><em>“</em></strong></span> <span class='ocrx_word' id='word_1_463' title='bbox 479 1520 508 1554; x_wconf 56' lang='grc' dir='ltr'><strong>ιΟ</strong></span> <span class='ocrx_word' id='word_1_464' title='bbox 536 1526 627 1564; x_wconf 78' lang='grc' dir='ltr'>Κύριος</span> <span class='ocrx_word' id='word_1_465' title='bbox 654 1528 687 1556; x_wconf 69' lang='grc' dir='ltr'><strong>τὰ</strong></span> <span class='ocrx_word' id='word_1_466' title='bbox 713 1527 762 1564; x_wconf 73' lang='grc' dir='ltr'>μὲν</span> <span class='ocrx_word' id='word_1_467' title='bbox 777 1527 880 1566; x_wconf 81' lang='grc' dir='ltr'>ἀνθρω-</span> 
     </span>
    </p>
   </div>
   <div class='ocr_carea' id='block_1_65' title="bbox 49 1566 880 1612">
    <p class='ocr_par' dir='ltr' id='par_1_65' title="bbox 49 1566 880 1612">
     <span class='ocr_line' id='line_1_65' title="bbox 49 1566 880 1612; baseline 0.011 -20"><span class='ocrx_word' id='word_1_468' title='bbox 49 1566 126 1598; x_wconf 61' lang='lat' dir='ltr'><strong>tivo;</strong></span> <span class='ocrx_word' id='word_1_469' title='bbox 152 1567 268 1612; x_wconf 57' lang='grc' dir='ltr'>ένήργει,</span> <span class='ocrx_word' id='word_1_470' title='bbox 299 1569 331 1596; x_wconf 81' lang='grc' dir='ltr'><strong>τὰ</strong></span> <span class='ocrx_word' id='word_1_471' title='bbox 359 1567 398 1608; x_wconf 70' lang='grc' dir='ltr'><strong>δὲ,</strong></span> <span class='ocrx_word' id='word_1_472' title='bbox 433 1571 543 1602; x_wconf 75' lang='grc' dir='ltr'><strong>θεϊκῶς.</strong></span> <span class='ocrx_word' id='word_1_473' title='bbox 577 1571 612 1599; x_wconf 87' lang='grc' dir='ltr'><strong>Τὸ</strong></span> <span class='ocrx_word' id='word_1_474' title='bbox 642 1571 690 1609; x_wconf 85' lang='grc' dir='ltr'>μὲν</span> <span class='ocrx_word' id='word_1_475' title='bbox 711 1573 760 1612; x_wconf 85' lang='grc' dir='ltr'>γὰρ</span> <span class='ocrx_word' id='word_1_476' title='bbox 786 1572 880 1601; x_wconf 69' lang='grc' dir='ltr'>ἐσθίειν</span> 
     </span>
    </p>
   </div>
   <div class='ocr_carea' id='block_1_66' title="bbox 51 1611 880 1655">
    <p class='ocr_par' dir='ltr' id='par_1_66' title="bbox 51 1611 880 1655">
     <span class='ocr_line' id='line_1_66' title="bbox 51 1611 880 1655; baseline 0.008 -16"><span class='ocrx_word' id='word_1_477' title='bbox 51 1612 98 1639; x_wconf 78' lang='grc' dir='ltr'><strong>καὶ</strong></span> <span class='ocrx_word' id='word_1_478' title='bbox 128 1611 222 1648; x_wconf 70' lang='grc' dir='ltr'>πξνειν,</span> <span class='ocrx_word' id='word_1_479' title='bbox 251 1614 294 1640; x_wconf 79' lang='grc' dir='ltr'>καὶ</span> <span class='ocrx_word' id='word_1_480' title='bbox 322 1614 367 1641; x_wconf 72' lang='grc' dir='ltr'>τὸν</span> <span class='ocrx_word' id='word_1_481' title='bbox 395 1614 487 1642; x_wconf 74' lang='grc' dir='ltr'>ἄνετον</span> <span class='ocrx_word' id='word_1_482' title='bbox 513 1615 568 1653; x_wconf 76' lang='grc' dir='ltr'>βίον</span> <span class='ocrx_word' id='word_1_483' title='bbox 604 1611 788 1655; x_wconf 47' lang='lat' dir='ltr'><strong>gerasto-4w,</strong></span> <span class='ocrx_word' id='word_1_484' title='bbox 819 1617 880 1646; x_wconf 77' lang='grc' dir='ltr'>ἀλλ’</span> 
     </span>
    </p>
   </div>
   <div class='ocr_carea' id='block_1_67' title="bbox 54 1655 878 1702">
    <p class='ocr_par' dir='ltr' id='par_1_67' title="bbox 54 1655 878 1702">
     <span class='ocr_line' id='line_1_67' title="bbox 54 1655 878 1702; baseline 0.012 -21"><span class='ocrx_word' id='word_1_485' title='bbox 54 1656 117 1695; x_wconf 58' lang='grc' dir='ltr'>οἶχὶ</span> <span class='ocrx_word' id='word_1_486' title='bbox 140 1655 343 1696; x_wconf 71' lang='grc' dir='ltr'>σκληραγωγίαν</span> <span class='ocrx_word' id='word_1_487' title='bbox 365 1658 549 1697; x_wconf 70' lang='grc' dir='ltr'>ἐνδείκνυσθαι,</span> <span class='ocrx_word' id='word_1_488' title='bbox 579 1660 668 1700; x_wconf 82' lang='grc' dir='ltr'>ὥσπερ</span> <span class='ocrx_word' id='word_1_489' title='bbox 697 1663 710 1689; x_wconf 79' lang='grc' dir='ltr'><strong>ὁ</strong></span> <span class='ocrx_word' id='word_1_490' title='bbox 740 1661 878 1702; x_wconf 72' lang='grc' dir='ltr'>Ἰωάννης,</span> 
     </span>
    </p>
   </div>
   <div class='ocr_carea' id='block_1_68' title="bbox 56 1699 879 1739">
    <p class='ocr_par' dir='ltr' id='par_1_68' title="bbox 56 1699 879 1739">
     <span class='ocr_line' id='line_1_68' title="bbox 56 1699 879 1739; baseline 0.011 -12"><span class='ocrx_word' id='word_1_491' title='bbox 56 1704 133 1728; x_wconf 64' lang='grc' dir='ltr'>τοῦτο</span> <span class='ocrx_word' id='word_1_492' title='bbox 158 1701 212 1729; x_wconf 77' lang='grc' dir='ltr'>ἐστι</span> <span class='ocrx_word' id='word_1_493' title='bbox 242 1703 271 1730; x_wconf 65' lang='grc' dir='ltr'>τὸ</span> <span class='ocrx_word' id='word_1_494' title='bbox 300 1702 399 1733; x_wconf 75' lang='grc' dir='ltr'>ἔλαιον,</span> <span class='ocrx_word' id='word_1_495' title='bbox 433 1699 462 1732; x_wconf 71' lang='grc' dir='ltr'><em>Ἠ</em></span> <span class='ocrx_word' id='word_1_496' title='bbox 494 1703 519 1732; x_wconf 74' lang='grc' dir='ltr'><strong>δὲ</strong></span> <span class='ocrx_word' id='word_1_497' title='bbox 549 1704 609 1739; x_wconf 77' lang='grc' dir='ltr'>ξένη</span> <span class='ocrx_word' id='word_1_498' title='bbox 637 1699 745 1739; x_wconf 76' lang='grc' dir='ltr'>νηστεία</span> <span class='ocrx_word' id='word_1_499' title='bbox 759 1708 831 1736; x_wconf 69' lang='grc' dir='ltr'><strong>καὶὸ</strong></span> <span class='ocrx_word' id='word_1_500' title='bbox 853 1699 879 1736; x_wconf 74' lang='grc' dir='ltr'>ἐν</span> 
     </span>
    </p>
   </div>
   <div class='ocr_carea' id='block_1_69' title="bbox 54 1745 874 1786">
    <p class='ocr_par' dir='ltr' id='par_1_69' title="bbox 54 1745 874 1786">
     <span class='ocr_line' id='line_1_69' title="bbox 54 1745 874 1786; baseline 0.012 -15"><span class='ocrx_word' id='word_1_501' title='bbox 54 1745 173 1784; x_wconf 68' lang='grc' dir='ltr'>θαλάττῃ</span> <span class='ocrx_word' id='word_1_502' title='bbox 202 1748 358 1786; x_wconf 71' lang='grc' dir='ltr'>περίπατος,</span> <span class='ocrx_word' id='word_1_503' title='bbox 382 1750 426 1777; x_wconf 71' lang='grc' dir='ltr'><strong>ναὶ</strong></span> <span class='ocrx_word' id='word_1_504' title='bbox 453 1749 501 1778; x_wconf 66' lang='grc' dir='ltr'>ὅσα</span> <span class='ocrx_word' id='word_1_505' title='bbox 522 1748 590 1778; x_wconf 57' lang='grc' dir='ltr'>ἄλλα</span> <span class='ocrx_word' id='word_1_506' title='bbox 623 1753 672 1784; x_wconf 77' lang='grc' dir='ltr'>τῆς</span> <span class='ocrx_word' id='word_1_507' title='bbox 701 1752 771 1784; x_wconf 76' lang='grc' dir='ltr'>θείας</span> <span class='ocrx_word' id='word_1_508' title='bbox 799 1751 874 1780; x_wconf 55' lang='grc' dir='ltr'>δυνά-</span> 
     </span>
    </p>
   </div>
   <div class='ocr_carea' id='block_1_70' title="bbox 55 1793 879 1835">
    <p class='ocr_par' dir='ltr' id='par_1_70' title="bbox 55 1793 879 1835">
     <span class='ocr_line' id='line_1_70' title="bbox 55 1793 879 1835; baseline 0.01 -18"><span class='ocrx_word' id='word_1_509' title='bbox 55 1801 139 1826; x_wconf 78' lang='grc' dir='ltr'>μεως,</span> <span class='ocrx_word' id='word_1_510' title='bbox 168 1793 249 1820; x_wconf 77' lang='grc' dir='ltr'><strong>ταῦτά</strong></span> <span class='ocrx_word' id='word_1_511' title='bbox 273 1793 342 1821; x_wconf 72' lang='grc' dir='ltr'>ἐστιν</span> <span class='ocrx_word' id='word_1_512' title='bbox 365 1795 378 1822; x_wconf 82' lang='grc' dir='ltr'>ὁ</span> <span class='ocrx_word' id='word_1_513' title='bbox 401 1794 487 1825; x_wconf 72' lang='grc' dir='ltr'>οἶνος,</span> <span class='ocrx_word' id='word_1_514' title='bbox 511 1795 584 1833; x_wconf 78' lang='grc' dir='ltr'>Οἴνῳ</span> <span class='ocrx_word' id='word_1_515' title='bbox 617 1797 667 1835; x_wconf 70' lang='grc' dir='ltr'><strong>γὰρ</strong></span> <span class='ocrx_word' id='word_1_516' title='bbox 704 1797 879 1825; x_wconf 80' lang='grc' dir='ltr'>ἀπεικαστέον</span> 
     </span>
    </p>
   </div>
   <div class='ocr_carea' id='block_1_71' title="bbox 54 1836 877 1880">
    <p class='ocr_par' dir='ltr' id='par_1_71' title="bbox 54 1836 877 1880">
     <span class='ocr_line' id='line_1_71' title="bbox 54 1836 877 1880; baseline 0.01 -18"><span class='ocrx_word' id='word_1_517' title='bbox 54 1836 103 1868; x_wconf 72' lang='grc' dir='ltr'><strong>την</strong></span> <span class='ocrx_word' id='word_1_518' title='bbox 125 1836 248 1874; x_wconf 77' lang='grc' dir='ltr'>θεότητα,</span> <span class='ocrx_word' id='word_1_519' title='bbox 273 1838 306 1872; x_wconf 76' lang='grc' dir='ltr'>ἣν</span> <span class='ocrx_word' id='word_1_520' title='bbox 330 1838 441 1872; x_wconf 64' lang='grc' dir='ltr'>ἄκρατον</span> <span class='ocrx_word' id='word_1_521' title='bbox 471 1841 628 1880; x_wconf 70' lang='grc' dir='ltr'>ὑπενεγκεῖν</span> <span class='ocrx_word' id='word_1_522' title='bbox 657 1840 739 1872; x_wconf 72' lang='grc' dir='ltr'>οὒόεὶς</span> <span class='ocrx_word' id='word_1_523' title='bbox 755 1842 787 1869; x_wconf 73' lang='grc' dir='ltr'>ἄν</span> <span class='ocrx_word' id='word_1_524' title='bbox 814 1841 877 1876; x_wconf 82' lang='grc' dir='ltr'>ἠδυ-</span> 
     </span>
    </p>
   </div>
   <div class='ocr_carea' id='block_1_72' title="bbox 53 1881 878 1921">
    <p class='ocr_par' dir='ltr' id='par_1_72' title="bbox 53 1881 878 1921">
     <span class='ocr_line' id='line_1_72' title="bbox 53 1881 878 1921; baseline 0.006 -13"><span class='ocrx_word' id='word_1_525' title='bbox 53 1881 130 1916; x_wconf 62' lang='grc' dir='ltr'>νήθη,</span> <span class='ocrx_word' id='word_1_526' title='bbox 150 1882 171 1909; x_wconf 80' lang='grc' dir='ltr'>εἰ</span> <span class='ocrx_word' id='word_1_527' title='bbox 192 1883 230 1919; x_wconf 80' lang='grc' dir='ltr'>μὴ</span> <span class='ocrx_word' id='word_1_528' title='bbox 247 1885 290 1911; x_wconf 79' lang='grc' dir='ltr'><strong>καὶ</strong></span> <span class='ocrx_word' id='word_1_529' title='bbox 305 1885 335 1912; x_wconf 67' lang='grc' dir='ltr'>τὸ</span> <span class='ocrx_word' id='word_1_530' title='bbox 351 1883 439 1913; x_wconf 76' lang='grc' dir='ltr'>ἔλαιον</span> <span class='ocrx_word' id='word_1_531' title='bbox 473 1886 518 1921; x_wconf 77' lang='grc' dir='ltr'>ἦν,</span> <span class='ocrx_word' id='word_1_532' title='bbox 547 1886 679 1914; x_wconf 75' lang='grc' dir='ltr'>τουτέστιν</span> <span class='ocrx_word' id='word_1_533' title='bbox 705 1887 722 1920; x_wconf 74' lang='grc' dir='ltr'><strong>ἡ</strong></span> <span class='ocrx_word' id='word_1_534' title='bbox 745 1887 813 1915; x_wconf 70' lang='grc' dir='ltr'>κατὰ</span> <span class='ocrx_word' id='word_1_535' title='bbox 830 1886 878 1914; x_wconf 76' lang='grc' dir='ltr'><strong>ἄν·-</strong></span> 
     </span>
    </p>
   </div>
   <div class='ocr_carea' id='block_1_73' title="bbox 51 1925 879 1971">
    <p class='ocr_par' dir='ltr' id='par_1_73' title="bbox 51 1925 879 1971">
     <span class='ocr_line' id='line_1_73' title="bbox 51 1925 879 1971; baseline 0.008 -19"><span class='ocrx_word' id='word_1_536' title='bbox 51 1926 157 1971; x_wconf 51' lang='grc' dir='ltr'>ξὶρωπον</span> <span class='ocrx_word' id='word_1_537' title='bbox 184 1925 315 1967; x_wconf 76' lang='grc' dir='ltr'>διαγωγή.</span> <span class='ocrx_word' id='word_1_538' title='bbox 348 1929 421 1957; x_wconf 82' lang='grc' dir='ltr'>Ἐπεὶ</span> <span class='ocrx_word' id='word_1_539' title='bbox 464 1935 507 1959; x_wconf 75' lang='grc' dir='ltr'><strong>ουν</strong></span> <span class='ocrx_word' id='word_1_540' title='bbox 546 1929 580 1958; x_wconf 72' lang='grc' dir='ltr'>δι’</span> <span class='ocrx_word' id='word_1_541' title='bbox 623 1931 779 1971; x_wconf 74' lang='grc' dir='ltr'>ἀμφοτέρων</span> <span class='ocrx_word' id='word_1_542' title='bbox 807 1932 879 1969; x_wconf 77' lang='grc' dir='ltr'>ἡμᾶς</span> 
     </span>
    </p>
   </div>
   <div class='ocr_carea' id='block_1_74' title="bbox 54 1969 879 2018">
    <p class='ocr_par' dir='ltr' id='par_1_74' title="bbox 54 1969 879 2015">
     <span class='ocr_line' id='line_1_74' title="bbox 54 1969 879 2015; baseline 0.007 -17"><span class='ocrx_word' id='word_1_543' title='bbox 54 1969 147 2007; x_wconf 68' lang='grc' dir='ltr'>ἔσωσε,</span> <span class='ocrx_word' id='word_1_544' title='bbox 170 1973 292 2006; x_wconf 75' lang='grc' dir='ltr'>θεύτητός</span> <span class='ocrx_word' id='word_1_545' title='bbox 316 1986 384 2014; x_wconf 83' lang='grc' dir='ltr'>φημι</span> <span class='ocrx_word' id='word_1_546' title='bbox 415 1975 461 2003; x_wconf 76' lang='grc' dir='ltr'><em>καί</em></span> <span class='ocrx_word' id='word_1_547' title='bbox 489 1975 704 2015; x_wconf 74' lang='grc' dir='ltr'>ἁνθρωπότητος,</span> <span class='ocrx_word' id='word_1_548' title='bbox 735 1975 777 2004; x_wconf 79' lang='grc' dir='ltr'><strong>διὰ</strong></span> <span class='ocrx_word' id='word_1_549' title='bbox 803 1987 879 2005; x_wconf 66' lang='grc' dir='ltr'>τουτο</span> 
     </span>
    </p>
   </div>
   <div class='ocr_carea' id='block_1_75' title="bbox 55 2015 878 2060">
    <p class='ocr_par' dir='ltr' id='par_1_75' title="bbox 55 2015 878 2060">
     <span class='ocr_line' id='line_1_75' title="bbox 55 2015 878 2060; baseline 0.01 -19"><span class='ocrx_word' id='word_1_550' title='bbox 55 2015 159 2054; x_wconf 74' lang='grc' dir='ltr'>λέγεται</span> <span class='ocrx_word' id='word_1_551' title='bbox 181 2018 256 2046; x_wconf 78' lang='grc' dir='ltr'>οἶνον</span> <span class='ocrx_word' id='word_1_552' title='bbox 285 2020 328 2047; x_wconf 82' lang='grc' dir='ltr'><strong>καὶ</strong></span> <span class='ocrx_word' id='word_1_553' title='bbox 351 2019 439 2047; x_wconf 76' lang='grc' dir='ltr'>ἔλαιον</span> <span class='ocrx_word' id='word_1_554' title='bbox 462 2019 584 2060; x_wconf 75' lang='grc' dir='ltr'>ἐπιχέαι.</span> <span class='ocrx_word' id='word_1_555' title='bbox 610 2021 658 2049; x_wconf 80' lang='grc' dir='ltr'>Καὶ</span> <span class='ocrx_word' id='word_1_556' title='bbox 683 2020 741 2048; x_wconf 79' lang='grc' dir='ltr'>καθ’</span> <span class='ocrx_word' id='word_1_557' title='bbox 763 2021 878 2054; x_wconf 61' lang='grc' dir='ltr'>ἑκάστην</span> 
     </span>
    </p>
   </div>
   <div class='ocr_carea' id='block_1_76' title="bbox 57 2059 877 2106">
    <p class='ocr_par' dir='ltr' id='par_1_76' title="bbox 57 2059 877 2106">
     <span class='ocr_line' id='line_1_76' title="bbox 57 2059 877 2106; baseline 0.009 -19"><span class='ocrx_word' id='word_1_558' title='bbox 57 2059 83 2087; x_wconf 70' lang='grc' dir='ltr'><strong>δὲ</strong></span> <span class='ocrx_word' id='word_1_559' title='bbox 113 2062 135 2088; x_wconf 82' lang='grc' dir='ltr'>οἱ</span> <span class='ocrx_word' id='word_1_560' title='bbox 169 2063 369 2101; x_wconf 78' lang='grc' dir='ltr'>βαπτιζόμενοι,</span> <span class='ocrx_word' id='word_1_561' title='bbox 417 2068 470 2093; x_wconf 70' lang='grc' dir='ltr'>τῶν</span> <span class='ocrx_word' id='word_1_562' title='bbox 505 2066 660 2104; x_wconf 66' lang='grc' dir='ltr'>’ραυμάτων</span> <span class='ocrx_word' id='word_1_563' title='bbox 689 2068 737 2099; x_wconf 79' lang='grc' dir='ltr'>τῆς</span> <span class='ocrx_word' id='word_1_564' title='bbox 785 2068 877 2106; x_wconf 71' lang='grc' dir='ltr'>ψυχῆς</span> 
     </span>
    </p>
   </div>
   <div class='ocr_carea' id='block_1_77' title="bbox 59 2106 874 2150">
    <p class='ocr_par' dir='ltr' id='par_1_77' title="bbox 59 2106 874 2150">
     <span class='ocr_line' id='line_1_77' title="bbox 59 2106 874 2150; baseline 0.005 -16"><span class='ocrx_word' id='word_1_565' title='bbox 59 2106 280 2145; x_wconf 65' lang='grc' dir='ltr'>ἀπαλλάττονται,</span> <span class='ocrx_word' id='word_1_566' title='bbox 320 2109 400 2146; x_wconf 75' lang='grc' dir='ltr'>έλαὶῳ</span> <span class='ocrx_word' id='word_1_567' title='bbox 435 2110 483 2147; x_wconf 72' lang='grc' dir='ltr'>μὲν</span> <span class='ocrx_word' id='word_1_568' title='bbox 527 2110 573 2138; x_wconf 81' lang='grc' dir='ltr'>τοῦ</span> <span class='ocrx_word' id='word_1_569' title='bbox 609 2111 688 2150; x_wconf 82' lang='grc' dir='ltr'>μύρου</span> <span class='ocrx_word' id='word_1_570' title='bbox 725 2111 874 2150; x_wconf 81' lang='grc' dir='ltr'>χριόμενοι,</span> 
     </span>
    </p>
   </div>
   <div class='ocr_carea' id='block_1_78' title="bbox 58 2151 876 2194">
    <p class='ocr_par' dir='ltr' id='par_1_78' title="bbox 58 2151 876 2194">
     <span class='ocr_line' id='line_1_78' title="bbox 58 2151 876 2194; baseline 0.006 -15"><span class='ocrx_word' id='word_1_571' title='bbox 58 2153 126 2183; x_wconf 52' lang='lat' dir='ltr'><strong>cliti);</strong></span> <span class='ocrx_word' id='word_1_572' title='bbox 153 2151 179 2180; x_wconf 83' lang='grc' dir='ltr'>δὲ</span> <span class='ocrx_word' id='word_1_573' title='bbox 216 2158 414 2191; x_wconf 77' lang='grc' dir='ltr'>κοινωνοῦντες,</span> <span class='ocrx_word' id='word_1_574' title='bbox 433 2155 476 2183; x_wconf 82' lang='grc' dir='ltr'><strong>καὶ</strong></span> <span class='ocrx_word' id='word_1_575' title='bbox 499 2158 545 2183; x_wconf 84' lang='grc' dir='ltr'>τοῦ</span> <span class='ocrx_word' id='word_1_576' title='bbox 565 2156 633 2184; x_wconf 77' lang='grc' dir='ltr'>θείου</span> <span class='ocrx_word' id='word_1_577' title='bbox 662 2156 776 2192; x_wconf 78' lang='grc' dir='ltr'>α”ματος</span> <span class='ocrx_word' id='word_1_578' title='bbox 799 2166 876 2194; x_wconf 76' lang='grc' dir='ltr'>ματα-</span> 
     </span>
    </p>
   </div>
   <div class='ocr_carea' id='block_1_79' title="bbox 57 2195 864 2240">
    <p class='ocr_par' dir='ltr' id='par_1_79' title="bbox 57 2195 864 2240">
     <span class='ocr_line' id='line_1_79' title="bbox 57 2195 864 2240; baseline 0.007 -17"><span class='ocrx_word' id='word_1_579' title='bbox 57 2195 240 2233; x_wconf 65' lang='grc' dir='ltr'>λαμϐένοντες.</span> <span class='ocrx_word' id='word_1_580' title='bbox 273 2198 425 2227; x_wconf 78' lang='grc' dir='ltr'>Ἀνεϐίϐασε</span> <span class='ocrx_word' id='word_1_581' title='bbox 452 2198 481 2227; x_wconf 79' lang='grc' dir='ltr'><strong>δὲ</strong></span> <span class='ocrx_word' id='word_1_582' title='bbox 516 2201 530 2227; x_wconf 83' lang='grc' dir='ltr'><strong>ὁ</strong></span> <span class='ocrx_word' id='word_1_583' title='bbox 566 2201 656 2235; x_wconf 73' lang='grc' dir='ltr'>Κύριος</span> <span class='ocrx_word' id='word_1_584' title='bbox 678 2201 725 2234; x_wconf 77' lang='grc' dir='ltr'>τὴν</span> <span class='ocrx_word' id='word_1_585' title='bbox 754 2211 864 2240; x_wconf 73' lang='grc' dir='ltr'>τραυμα-</span> 
     </span>
    </p>
   </div>
   <div class='ocr_carea' id='block_1_80' title="bbox 56 2244 874 2285">
    <p class='ocr_par' dir='ltr' id='par_1_80' title="bbox 56 2244 874 2285">
     <span class='ocr_line' id='line_1_80' title="bbox 56 2244 874 2285; baseline 0.005 -15"><span class='ocrx_word' id='word_1_586' title='bbox 56 2244 186 2270; x_wconf 72' lang='grc' dir='ltr'>τισοίτσαν</span> <span class='ocrx_word' id='word_1_587' title='bbox 215 2244 292 2280; x_wconf 78' lang='grc' dir='ltr'>ἡμῶν</span> <span class='ocrx_word' id='word_1_588' title='bbox 320 2245 395 2283; x_wconf 66' lang='grc' dir='ltr'>φῦσιν</span> <span class='ocrx_word' id='word_1_589' title='bbox 425 2244 467 2272; x_wconf 73' lang='grc' dir='ltr'>ἐπὶ</span> <span class='ocrx_word' id='word_1_590' title='bbox 489 2245 519 2272; x_wconf 68' lang='grc' dir='ltr'>τὸ</span> <span class='ocrx_word' id='word_1_591' title='bbox 542 2244 610 2273; x_wconf 76' lang='grc' dir='ltr'>ἴδιον</span> <span class='ocrx_word' id='word_1_592' title='bbox 644 2246 794 2285; x_wconf 73' lang='grc' dir='ltr'>ὑποζύγιον,</span> <span class='ocrx_word' id='word_1_593' title='bbox 812 2257 874 2274; x_wconf 88' lang='grc' dir='ltr'>του-</span> 
     </span>
    </p>
   </div>
   <div class='ocr_carea' id='block_1_81' title="bbox 549 2289 876 2330">
    <p class='ocr_par' dir='ltr' id='par_1_81' title="bbox 549 2289 876 2330">
     <span class='ocr_line' id='line_1_81' title="bbox 549 2289 876 2330; baseline 0.006 -13"><span class='ocrx_word' id='word_1_594' title='bbox 549 2289 618 2327; x_wconf 85' lang='grc' dir='ltr'>μέλη</span> <span class='ocrx_word' id='word_1_595' title='bbox 641 2291 691 2330; x_wconf 75' lang='grc' dir='ltr'><strong>γὰρ</strong></span> <span class='ocrx_word' id='word_1_596' title='bbox 711 2291 790 2319; x_wconf 75' lang='grc' dir='ltr'><strong>αὒτοῦ</strong></span> <span class='ocrx_word' id='word_1_597' title='bbox 806 2292 876 2329; x_wconf 74' lang='grc' dir='ltr'>ἡμᾶς</span> 
     </span>
    </p>
   </div>
   <div class='ocr_carea' id='block_1_82' title="bbox 57 2334 876 2376">
    <p class='ocr_par' dir='ltr' id='par_1_82' title="bbox 57 2334 876 2376">
     <span class='ocr_line' id='line_1_82' title="bbox 57 2334 876 2376; baseline 0.004 -15"><span class='ocrx_word' id='word_1_598' title='bbox 57 2334 173 2370; x_wconf 72' lang='grc' dir='ltr'>ἐποίησε,</span> <span class='ocrx_word' id='word_1_599' title='bbox 202 2335 245 2362; x_wconf 81' lang='grc' dir='ltr'>καὶ</span> <span class='ocrx_word' id='word_1_600' title='bbox 275 2336 417 2367; x_wconf 77' lang='grc' dir='ltr'>κοινωνοὺς</span> <span class='ocrx_word' id='word_1_601' title='bbox 438 2339 483 2364; x_wconf 76' lang='grc' dir='ltr'>τοῦ</span> <span class='ocrx_word' id='word_1_602' title='bbox 514 2336 637 2372; x_wconf 83' lang='grc' dir='ltr'>σώματος</span> <span class='ocrx_word' id='word_1_603' title='bbox 654 2336 744 2376; x_wconf 58' lang='grc' dir='ltr'>αυτοῦ,</span> <span class='ocrx_word' id='word_1_604' title='bbox 760 2336 833 2364; x_wconf 73' lang='grc' dir='ltr'>κάτω</span> <span class='ocrx_word' id='word_1_605' title='bbox 848 2347 876 2365; x_wconf 81' lang='grc' dir='ltr'><strong>τε</strong></span> 
     </span>
    </p>
   </div>
   <div class='ocr_carea' id='block_1_83' title="bbox 56 2289 519 2328">
    <p class='ocr_par' dir='ltr' id='par_1_83' title="bbox 56 2289 519 2328">
     <span class='ocr_line' id='line_1_83' title="bbox 56 2289 519 2328; baseline 0.006 -13"><span class='ocrx_word' id='word_1_606' title='bbox 56 2290 150 2324; x_wconf 78' lang='grc' dir='ltr'>τέστιν,</span> <span class='ocrx_word' id='word_1_607' title='bbox 179 2289 221 2317; x_wconf 79' lang='grc' dir='ltr'><strong>ἐπὶ</strong></span> <span class='ocrx_word' id='word_1_608' title='bbox 256 2291 286 2317; x_wconf 83' lang='grc' dir='ltr'>τὸ</span> <span class='ocrx_word' id='word_1_609' title='bbox 311 2293 388 2328; x_wconf 83' lang='grc' dir='ltr'>σῶμα</span> <span class='ocrx_word' id='word_1_610' title='bbox 417 2292 495 2320; x_wconf 69' lang='grc' dir='ltr'><strong>αὒτοῦ</strong></span> <span class='ocrx_word' id='word_1_611' title='bbox 513 2298 519 2305; x_wconf 94' lang='lat'><strong><em>&#39;</em></strong></span> 
     </span>
    </p>
   </div>
   <div class='ocr_carea' id='block_1_84' title="bbox 57 2379 874 2418">
    <p class='ocr_par' dir='ltr' id='par_1_84' title="bbox 57 2379 874 2418">
     <span class='ocr_line' id='line_1_84' title="bbox 57 2379 874 2418; baseline 0.004 -12"><span class='ocrx_word' id='word_1_612' title='bbox 57 2380 188 2417; x_wconf 67' lang='grc' dir='ltr'>κειμένους</span> <span class='ocrx_word' id='word_1_613' title='bbox 221 2379 374 2408; x_wconf 65' lang='grc' dir='ltr'>ἀνεϐίϐασεν</span> <span class='ocrx_word' id='word_1_614' title='bbox 411 2381 454 2409; x_wconf 78' lang='grc' dir='ltr'>ἒπὶ</span> <span class='ocrx_word' id='word_1_615' title='bbox 483 2381 531 2414; x_wconf 82' lang='grc' dir='ltr'><strong>τὴν</strong></span> <span class='ocrx_word' id='word_1_616' title='bbox 559 2380 632 2413; x_wconf 77' lang='grc' dir='ltr'>ἀξίαν</span> <span class='ocrx_word' id='word_1_617' title='bbox 661 2381 775 2418; x_wconf 73' lang='grc' dir='ltr'>ἐκείνην,</span> <span class='ocrx_word' id='word_1_618' title='bbox 806 2381 874 2409; x_wconf 79' lang='grc' dir='ltr'>ὥστε</span> 
     </span>
    </p>
   </div>
   <div class='ocr_carea' id='block_1_85' title="bbox 58 2424 871 2465">
    <p class='ocr_par' dir='ltr' id='par_1_85' title="bbox 58 2424 871 2465">
     <span class='ocr_line' id='line_1_85' title="bbox 58 2424 871 2465; baseline 0.002 -14"><span class='ocrx_word' id='word_1_619' title='bbox 58 2424 207 2461; x_wconf 54' lang='lat' dir='ltr'><strong>animiam):</strong></span> <span class='ocrx_word' id='word_1_620' title='bbox 236 2426 306 2462; x_wconf 72' lang='grc' dir='ltr'>αὗτῴ</span> <span class='ocrx_word' id='word_1_621' title='bbox 321 2426 403 2454; x_wconf 77' lang='grc' dir='ltr'>εἶναι.</span> <span class='ocrx_word' id='word_1_622' title='bbox 435 2424 601 2465; x_wconf 73' lang='grc' dir='ltr'>Πανδοχεῖον</span> <span class='ocrx_word' id='word_1_623' title='bbox 616 2424 644 2453; x_wconf 73' lang='grc' dir='ltr'><strong>δὲ</strong></span> <span class='ocrx_word' id='word_1_624' title='bbox 672 2427 690 2459; x_wconf 83' lang='grc' dir='ltr'><strong>ἡ</strong></span> <span class='ocrx_word' id='word_1_625' title='bbox 717 2425 871 2463; x_wconf 53' lang='grc' dir='ltr'>Ἐκκλησία,</span> 
     </span>
    </p>
   </div>
   <div class='ocr_carea' id='block_1_86' title="bbox 63 2469 876 2511">
    <p class='ocr_par' dir='ltr' id='par_1_86' title="bbox 63 2469 876 2511">
     <span class='ocr_line' id='line_1_86' title="bbox 63 2469 876 2511; baseline 0.002 -15"><span class='ocrx_word' id='word_1_626' title='bbox 63 2471 75 2503; x_wconf 72' lang='grc' dir='ltr'>ἦ</span> <span class='ocrx_word' id='word_1_627' title='bbox 103 2469 184 2497; x_wconf 74' lang='grc' dir='ltr'>πάντα</span> <span class='ocrx_word' id='word_1_628' title='bbox 211 2469 396 2510; x_wconf 67' lang='grc' dir='ltr'>ὑποδεχομένη</span> <span class='ocrx_word' id='word_1_629' title='bbox 415 2482 421 2488; x_wconf 90' lang='grc'><strong>·</strong></span> <span class='ocrx_word' id='word_1_630' title='bbox 440 2472 453 2498; x_wconf 85' lang='grc' dir='ltr'><strong>ὁ</strong></span> <span class='ocrx_word' id='word_1_631' title='bbox 470 2470 518 2508; x_wconf 79' lang='grc' dir='ltr'>μὲν</span> <span class='ocrx_word' id='word_1_632' title='bbox 545 2471 595 2509; x_wconf 73' lang='grc' dir='ltr'><strong>γαρ</strong></span> <span class='ocrx_word' id='word_1_633' title='bbox 618 2470 710 2511; x_wconf 76' lang='grc' dir='ltr'>νόμος,</span> <span class='ocrx_word' id='word_1_634' title='bbox 733 2471 761 2498; x_wconf 69' lang='grc' dir='ltr'>οὗ</span> <span class='ocrx_word' id='word_1_635' title='bbox 777 2471 876 2504; x_wconf 70' lang='grc' dir='ltr'>πάντας</span> 
     </span>
    </p>
   </div>
   <div class='ocr_carea' id='block_1_87' title="bbox 60 2514 876 2556">
    <p class='ocr_par' dir='ltr' id='par_1_87' title="bbox 60 2514 876 2556">
     <span class='ocr_line' id='line_1_87' title="bbox 60 2514 876 2556; baseline 0.001 -14"><span class='ocrx_word' id='word_1_636' title='bbox 60 2514 171 2554; x_wconf 69' lang='grc' dir='ltr'>ἐδέχετο,</span> <span class='ocrx_word' id='word_1_637' title='bbox 201 2515 341 2549; x_wconf 71' lang='grc' dir='ltr'>Μωκϐζτης</span> <span class='ocrx_word' id='word_1_638' title='bbox 362 2517 424 2556; x_wconf 74' lang='grc' dir='ltr'>γὰρ,</span> <span class='ocrx_word' id='word_1_639' title='bbox 457 2516 532 2556; x_wconf 65' lang='grc' dir='ltr'>φησὶ,</span> <span class='ocrx_word' id='word_1_640' title='bbox 563 2516 605 2543; x_wconf 70' lang='grc' dir='ltr'><strong>καὶ</strong></span> <span class='ocrx_word' id='word_1_641' title='bbox 635 2515 800 2553; x_wconf 79' lang='grc' dir='ltr'>Ἀμμανίτης</span> <span class='ocrx_word' id='word_1_642' title='bbox 829 2516 876 2544; x_wconf 70' lang='grc' dir='ltr'>οὒκ</span> 
     </span>
    </p>
   </div>
   <div class='ocr_carea' id='block_1_88' title="bbox 59 2558 876 2594">
    <p class='ocr_par' dir='ltr' id='par_1_88' title="bbox 59 2558 876 2594">
     <span class='ocr_line' id='line_1_88' title="bbox 59 2558 876 2594; baseline 0.002 -7"><span class='ocrx_word' id='word_1_643' title='bbox 59 2560 226 2589; x_wconf 70' lang='grc' dir='ltr'>εἶτελεύσεται</span> <span class='ocrx_word' id='word_1_644' title='bbox 251 2561 287 2592; x_wconf 76' lang='grc' dir='ltr'><strong>εἷς</strong></span> <span class='ocrx_word' id='word_1_645' title='bbox 324 2560 484 2594; x_wconf 77' lang='grc' dir='ltr'>Ἐκκλησίαν</span> <span class='ocrx_word' id='word_1_646' title='bbox 512 2563 589 2591; x_wconf 73' lang='grc' dir='ltr'>Θεοῦ,</span> <span class='ocrx_word' id='word_1_647' title='bbox 624 2563 675 2589; x_wconf 81' lang='grc' dir='ltr'><strong>Νῠν</strong></span> <span class='ocrx_word' id='word_1_648' title='bbox 703 2558 730 2587; x_wconf 74' lang='grc' dir='ltr'><strong>δὲ</strong></span> <span class='ocrx_word' id='word_1_649' title='bbox 755 2561 782 2588; x_wconf 66' lang='grc' dir='ltr'>ἓν</span> <span class='ocrx_word' id='word_1_650' title='bbox 798 2561 876 2589; x_wconf 81' lang='grc' dir='ltr'>παντὶ</span> 
     </span>
    </p>
   </div>
   <div class='ocr_carea' id='block_1_89' title="bbox 59 2604 872 2645">
    <p class='ocr_par' dir='ltr' id='par_1_89' title="bbox 59 2604 872 2645">
     <span class='ocr_line' id='line_1_89' title="bbox 59 2604 872 2645; baseline 0 -13"><span class='ocrx_word' id='word_1_651' title='bbox 59 2605 119 2634; x_wconf 77' lang='grc' dir='ltr'>ἔθνει</span> <span class='ocrx_word' id='word_1_652' title='bbox 146 2607 159 2633; x_wconf 84' lang='grc' dir='ltr'>ὸ</span> <span class='ocrx_word' id='word_1_653' title='bbox 185 2604 347 2645; x_wconf 69' lang='grc' dir='ltr'>φοϐούμενος</span> <span class='ocrx_word' id='word_1_654' title='bbox 373 2606 417 2634; x_wconf 81' lang='grc' dir='ltr'><strong>τὸν</strong></span> <span class='ocrx_word' id='word_1_655' title='bbox 440 2606 504 2634; x_wconf 71' lang='grc' dir='ltr'>Θεὸν</span> <span class='ocrx_word' id='word_1_656' title='bbox 526 2604 617 2636; x_wconf 80' lang='grc' dir='ltr'>δεκτὸς</span> <span class='ocrx_word' id='word_1_657' title='bbox 646 2605 716 2641; x_wconf 72' lang='grc' dir='ltr'><strong>αὑτῷ</strong></span> <span class='ocrx_word' id='word_1_658' title='bbox 731 2604 797 2641; x_wconf 77' lang='grc' dir='ltr'>ἐστι,</span> <span class='ocrx_word' id='word_1_659' title='bbox 827 2605 872 2633; x_wconf 80' lang='grc' dir='ltr'>θέ-</span> 
     </span>
    </p>
   </div>
   <div class='ocr_carea' id='block_1_90' title="bbox 58 2644 871 2691">
    <p class='ocr_par' dir='ltr' id='par_1_90' title="bbox 58 2644 871 2691">
     <span class='ocr_line' id='line_1_90' title="bbox 58 2644 871 2691; baseline 0.001 -14"><span class='ocrx_word' id='word_1_660' title='bbox 58 2650 106 2678; x_wconf 79' lang='grc' dir='ltr'><strong>λων</strong></span> <span class='ocrx_word' id='word_1_661' title='bbox 133 2644 281 2691; x_wconf 75' lang='grc' dir='ltr'>πιστεῦσαι,</span> <span class='ocrx_word' id='word_1_662' title='bbox 309 2652 352 2679; x_wconf 85' lang='grc' dir='ltr'>καὶ</span> <span class='ocrx_word' id='word_1_663' title='bbox 379 2650 458 2690; x_wconf 85' lang='grc' dir='ltr'>μέρος</span> <span class='ocrx_word' id='word_1_664' title='bbox 486 2650 606 2689; x_wconf 72' lang='grc' dir='ltr'>γενέσθαι</span> <span class='ocrx_word' id='word_1_665' title='bbox 633 2649 681 2684; x_wconf 82' lang='grc' dir='ltr'><strong>τῆς</strong></span> <span class='ocrx_word' id='word_1_666' title='bbox 701 2644 871 2684; x_wconf 71' lang='grc' dir='ltr'>Ἐκκλησὶας.</span> 
     </span>
    </p>
   </div>
   <div class='ocr_carea' id='block_1_91' title="bbox 59 2694 872 2736">
    <p class='ocr_par' dir='ltr' id='par_1_91' title="bbox 59 2694 872 2736">
     <span class='ocr_line' id='line_1_91' title="bbox 59 2694 872 2736; baseline -0.001 -13"><span class='ocrx_word' id='word_1_667' title='bbox 59 2696 152 2726; x_wconf 74' lang='grc' dir='ltr'>Πάντας</span> <span class='ocrx_word' id='word_1_668' title='bbox 179 2695 228 2735; x_wconf 80' lang='grc' dir='ltr'><strong>γὰρ</strong></span> <span class='ocrx_word' id='word_1_669' title='bbox 253 2695 426 2736; x_wconf 71' lang='grc' dir='ltr'>ὑποδέχεται,</span> <span class='ocrx_word' id='word_1_670' title='bbox 454 2696 498 2724; x_wconf 79' lang='grc' dir='ltr'><strong>καὶ</strong></span> <span class='ocrx_word' id='word_1_671' title='bbox 526 2695 699 2734; x_wconf 78' lang='grc' dir='ltr'>ἁμαρτωλοὺς</span> <span class='ocrx_word' id='word_1_672' title='bbox 728 2694 872 2723; x_wconf 80' lang='grc' dir='ltr'>καὶτελώ-</span> 
     </span>
    </p>
   </div>
   <div class='ocr_carea' id='block_1_92' title="bbox 57 2735 873 2781">
    <p class='ocr_par' dir='ltr' id='par_1_92' title="bbox 57 2735 873 2781">
     <span class='ocr_line' id='line_1_92' title="bbox 57 2735 873 2781; baseline 0 -13"><span class='ocrx_word' id='word_1_673' title='bbox 57 2751 106 2773; x_wconf 79' lang='grc' dir='ltr'>νας.</span> <span class='ocrx_word' id='word_1_674' title='bbox 137 2735 209 2780; x_wconf 64' lang='lat' dir='ltr'><strong>“Op:</strong></span> <span class='ocrx_word' id='word_1_675' title='bbox 238 2739 265 2768; x_wconf 80' lang='grc' dir='ltr'><strong>δέ</strong></span> <span class='ocrx_word' id='word_1_676' title='bbox 293 2742 342 2774; x_wconf 81' lang='grc' dir='ltr'>τὴν</span> <span class='ocrx_word' id='word_1_677' title='bbox 372 2740 516 2781; x_wconf 76' lang='grc' dir='ltr'>ἀκρίϐειαν,</span> <span class='ocrx_word' id='word_1_678' title='bbox 546 2743 605 2772; x_wconf 74' lang='grc' dir='ltr'><strong>πῶς</strong></span> <span class='ocrx_word' id='word_1_679' title='bbox 633 2750 726 2780; x_wconf 79' lang='grc' dir='ltr'>φησιν,</span> <span class='ocrx_word' id='word_1_680' title='bbox 750 2739 873 2769; x_wconf 64' lang='lat' dir='ltr'><strong>dudm-</strong></span> 
     </span>
    </p>
   </div>
   <div class='ocr_carea' id='block_1_93' title="bbox 59 2785 873 2828">
    <p class='ocr_par' dir='ltr' id='par_1_93' title="bbox 59 2785 873 2828">
     <span class='ocr_line' id='line_1_93' title="bbox 59 2785 873 2828; baseline -0.001 -13"><span class='ocrx_word' id='word_1_681' title='bbox 59 2787 141 2827; x_wconf 81' lang='grc' dir='ltr'>γαγὼν</span> <span class='ocrx_word' id='word_1_682' title='bbox 169 2786 206 2818; x_wconf 83' lang='grc' dir='ltr'><strong>εἷς</strong></span> <span class='ocrx_word' id='word_1_683' title='bbox 234 2787 265 2815; x_wconf 79' lang='grc' dir='ltr'><strong>τὸ</strong></span> <span class='ocrx_word' id='word_1_684' title='bbox 294 2785 469 2828; x_wconf 66' lang='grc' dir='ltr'>πανδοχεῖον,</span> <span class='ocrx_word' id='word_1_685' title='bbox 501 2785 654 2824; x_wconf 78' lang='grc' dir='ltr'>ἐπεμελήθη</span> <span class='ocrx_word' id='word_1_686' title='bbox 684 2785 762 2814; x_wconf 69' lang='grc' dir='ltr'>αὑτοῦ</span> <span class='ocrx_word' id='word_1_687' title='bbox 777 2794 785 2801; x_wconf 91' lang='grc'><strong>·</strong></span> <span class='ocrx_word' id='word_1_688' title='bbox 814 2787 873 2825; x_wconf 84' lang='grc' dir='ltr'>πρὶν</span> 
     </span>
    </p>
   </div>
   <div class='ocr_carea' id='block_1_94' title="bbox 922 1523 1748 1565">
    <p class='ocr_par' dir='ltr' id='par_1_94' title="bbox 922 1523 1748 1565">
     <span class='ocr_line' id='line_1_94' title="bbox 922 1523 1748 1565; baseline -0.001 -10"><span class='ocrx_word' id='word_1_689' title='bbox 922 1525 978 1555; x_wconf 90' lang='lat' dir='ltr'><strong>hoc</strong></span> <span class='ocrx_word' id='word_1_690' title='bbox 988 1525 1077 1555; x_wconf 85' lang='lat' dir='ltr'><strong>fuerit</strong></span> <span class='ocrx_word' id='word_1_691' title='bbox 1087 1524 1355 1565; x_wconf 76' lang='lat' dir='ltr'><strong>oleumJejunium</strong></span> <span class='ocrx_word' id='word_1_692' title='bbox 1365 1534 1434 1555; x_wconf 61' lang='lat' dir='ltr'><strong>varo</strong></span> <span class='ocrx_word' id='word_1_693' title='bbox 1449 1523 1630 1562; x_wconf 88' lang='lat' dir='ltr'><strong>mirabile,et</strong></span> <span class='ocrx_word' id='word_1_694' title='bbox 1640 1524 1748 1555; x_wconf 83' lang='lat' dir='ltr'><strong>ambu—</strong></span> 
     </span>
    </p>
   </div>
   <div class='ocr_carea' id='block_1_95' title="bbox 922 1569 1748 1607">
    <p class='ocr_par' dir='ltr' id='par_1_95' title="bbox 922 1569 1748 1607">
     <span class='ocr_line' id='line_1_95' title="bbox 922 1569 1748 1607; baseline -0.001 -8"><span class='ocrx_word' id='word_1_695' title='bbox 922 1569 992 1600; x_wconf 89' lang='lat' dir='ltr'><strong>latio</strong></span> <span class='ocrx_word' id='word_1_696' title='bbox 1007 1569 1038 1600; x_wconf 93' lang='lat' dir='ltr'><strong>in</strong></span> <span class='ocrx_word' id='word_1_697' title='bbox 1050 1570 1135 1607; x_wconf 90' lang='lat' dir='ltr'><strong>mari,</strong></span> <span class='ocrx_word' id='word_1_698' title='bbox 1157 1574 1184 1600; x_wconf 90' lang='lat' dir='ltr'><strong>et</strong></span> <span class='ocrx_word' id='word_1_699' title='bbox 1196 1569 1260 1600; x_wconf 68' lang='lat' dir='ltr'><strong>alia:</strong></span> <span class='ocrx_word' id='word_1_700' title='bbox 1271 1569 1378 1599; x_wconf 59' lang='lat' dir='ltr'><strong>divine</strong></span> <span class='ocrx_word' id='word_1_701' title='bbox 1392 1569 1530 1606; x_wconf 84' lang='lat' dir='ltr'><strong>virtutes,</strong></span> <span class='ocrx_word' id='word_1_702' title='bbox 1549 1569 1650 1600; x_wconf 89' lang='lat' dir='ltr'><strong>vinum</strong></span> <span class='ocrx_word' id='word_1_703' title='bbox 1668 1573 1748 1599; x_wconf 91' lang='lat' dir='ltr'><strong>sunt.</strong></span> 
     </span>
    </p>
   </div>
   <div class='ocr_carea' id='block_1_96' title="bbox 923 1614 1748 1654">
    <p class='ocr_par' dir='ltr' id='par_1_96' title="bbox 923 1614 1748 1654">
     <span class='ocr_line' id='line_1_96' title="bbox 923 1614 1748 1654; baseline 0 -10"><span class='ocrx_word' id='word_1_704' title='bbox 923 1614 999 1645; x_wconf 90' lang='lat' dir='ltr'><strong>Vino</strong></span> <span class='ocrx_word' id='word_1_705' title='bbox 1021 1614 1101 1645; x_wconf 93' lang='lat' dir='ltr'><strong>enim</strong></span> <span class='ocrx_word' id='word_1_706' title='bbox 1118 1614 1279 1646; x_wconf 80' lang='lat' dir='ltr'><strong>assimilata</strong></span> <span class='ocrx_word' id='word_1_707' title='bbox 1303 1617 1348 1644; x_wconf 90' lang='lat' dir='ltr'><strong>est</strong></span> <span class='ocrx_word' id='word_1_708' title='bbox 1366 1614 1473 1650; x_wconf 88' lang='lat' dir='ltr'><strong>deilas,</strong></span> <span class='ocrx_word' id='word_1_709' title='bbox 1491 1623 1578 1654; x_wconf 86' lang='lat' dir='ltr'><strong>quam</strong></span> <span class='ocrx_word' id='word_1_710' title='bbox 1600 1623 1748 1644; x_wconf 88' lang='lat' dir='ltr'><strong>meracam</strong></span> 
     </span>
    </p>
   </div>
   <div class='ocr_carea' id='block_1_97' title="bbox 921 1658 1749 1698">
    <p class='ocr_par' dir='ltr' id='par_1_97' title="bbox 921 1658 1749 1698">
     <span class='ocr_line' id='line_1_97' title="bbox 921 1658 1749 1698; baseline 0 -9"><span class='ocrx_word' id='word_1_711' title='bbox 921 1659 1070 1690; x_wconf 88' lang='lat' dir='ltr'><strong>sustinere</strong></span> <span class='ocrx_word' id='word_1_712' title='bbox 1096 1669 1130 1690; x_wconf 79' lang='lat' dir='ltr'><strong>ac</strong></span> <span class='ocrx_word' id='word_1_713' title='bbox 1155 1659 1233 1690; x_wconf 79' lang='lat' dir='ltr'><strong>t‘erre</strong></span> <span class='ocrx_word' id='word_1_714' title='bbox 1256 1659 1356 1689; x_wconf 90' lang='lat' dir='ltr'><strong>nullus</strong></span> <span class='ocrx_word' id='word_1_715' title='bbox 1382 1663 1490 1698; x_wconf 82' lang='lat' dir='ltr'><strong>posset,</strong></span> <span class='ocrx_word' id='word_1_716' title='bbox 1515 1658 1569 1688; x_wconf 92' lang='lat' dir='ltr'><strong>nisi</strong></span> <span class='ocrx_word' id='word_1_717' title='bbox 1596 1662 1626 1689; x_wconf 94' lang='lat' dir='ltr'><strong>et</strong></span> <span class='ocrx_word' id='word_1_718' title='bbox 1653 1658 1749 1689; x_wconf 91' lang='lat' dir='ltr'><strong>oleum</strong></span> 
     </span>
    </p>
   </div>
   <div class='ocr_carea' id='block_1_98' title="bbox 920 1703 1750 1742">
    <p class='ocr_par' dir='ltr' id='par_1_98' title="bbox 920 1703 1750 1742">
     <span class='ocr_line' id='line_1_98' title="bbox 920 1703 1750 1742; baseline 0 -8"><span class='ocrx_word' id='word_1_719' title='bbox 920 1704 1049 1741; x_wconf 80' lang='lat' dir='ltr'><strong>adesset,</strong></span> <span class='ocrx_word' id='word_1_720' title='bbox 1067 1704 1123 1735; x_wconf 86' lang='lat' dir='ltr'><strong>hoc</strong></span> <span class='ocrx_word' id='word_1_721' title='bbox 1139 1709 1183 1736; x_wconf 84' lang='lat' dir='ltr'><strong>est</strong></span> <span class='ocrx_word' id='word_1_722' title='bbox 1197 1704 1356 1735; x_wconf 88' lang='lat' dir='ltr'><strong>humanior</strong></span> <span class='ocrx_word' id='word_1_723' title='bbox 1369 1704 1565 1734; x_wconf 84' lang='lat' dir='ltr'><strong>conservatio.</strong></span> <span class='ocrx_word' id='word_1_724' title='bbox 1577 1703 1611 1734; x_wconf 82' lang='lat' dir='ltr'><strong>Et</strong></span> <span class='ocrx_word' id='word_1_725' title='bbox 1625 1703 1750 1742; x_wconf 87' lang='lat' dir='ltr'><strong>proinde</strong></span> 
     </span>
    </p>
   </div>
   <div class='ocr_carea' id='block_1_99' title="bbox 921 1747 1749 1790">
    <p class='ocr_par' dir='ltr' id='par_1_99' title="bbox 921 1747 1749 1790">
     <span class='ocr_line' id='line_1_99' title="bbox 921 1747 1749 1790; baseline -0.001 -11"><span class='ocrx_word' id='word_1_726' title='bbox 921 1748 990 1789; x_wconf 84' lang='lat' dir='ltr'><strong>quia</strong></span> <span class='ocrx_word' id='word_1_727' title='bbox 1006 1759 1058 1789; x_wconf 88' lang='lat' dir='ltr'><strong>per</strong></span> <span class='ocrx_word' id='word_1_728' title='bbox 1069 1754 1194 1790; x_wconf 84' lang='lat' dir='ltr'><strong>utraque</strong></span> <span class='ocrx_word' id='word_1_729' title='bbox 1207 1759 1261 1780; x_wconf 88' lang='lat' dir='ltr'><strong>nos</strong></span> <span class='ocrx_word' id='word_1_730' title='bbox 1273 1749 1412 1784; x_wconf 80' lang='lat' dir='ltr'><strong>servavit,</strong></span> <span class='ocrx_word' id='word_1_731' title='bbox 1425 1747 1610 1779; x_wconf 87' lang='lat' dir='ltr'><strong>divinitatem</strong></span> <span class='ocrx_word' id='word_1_732' title='bbox 1629 1748 1749 1789; x_wconf 86' lang='lat' dir='ltr'><strong>inquam</strong></span> 
     </span>
    </p>
   </div>
   <div class='ocr_carea' id='block_1_100' title="bbox 922 1793 1749 1835">
    <p class='ocr_par' dir='ltr' id='par_1_100' title="bbox 922 1793 1749 1835">
     <span class='ocr_line' id='line_1_100' title="bbox 922 1793 1749 1835; baseline -0.004 -10"><span class='ocrx_word' id='word_1_733' title='bbox 922 1799 950 1825; x_wconf 87' lang='lat' dir='ltr'><strong>et</strong></span> <span class='ocrx_word' id='word_1_734' title='bbox 966 1794 1179 1825; x_wconf 84' lang='lat' dir='ltr'><strong>humanitatem</strong></span> <span class='ocrx_word' id='word_1_735' title='bbox 1199 1805 1205 1824; x_wconf 88' lang='lat'><strong>:</strong></span> <span class='ocrx_word' id='word_1_736' title='bbox 1225 1798 1386 1835; x_wconf 86' lang='lat' dir='ltr'><strong>propterea</strong></span> <span class='ocrx_word' id='word_1_737' title='bbox 1402 1793 1473 1823; x_wconf 81' lang='lat' dir='ltr'><strong>dicit</strong></span> <span class='ocrx_word' id='word_1_738' title='bbox 1491 1793 1590 1823; x_wconf 92' lang='lat' dir='ltr'><strong>vinum</strong></span> <span class='ocrx_word' id='word_1_739' title='bbox 1608 1796 1636 1823; x_wconf 92' lang='lat' dir='ltr'><strong>et</strong></span> <span class='ocrx_word' id='word_1_740' title='bbox 1650 1793 1749 1824; x_wconf 91' lang='lat' dir='ltr'><strong>oleum</strong></span> 
     </span>
    </p>
   </div>
   <div class='ocr_carea' id='block_1_101' title="bbox 921 1836 1749 1878">
    <p class='ocr_par' dir='ltr' id='par_1_101' title="bbox 921 1836 1749 1878">
     <span class='ocr_line' id='line_1_101' title="bbox 921 1836 1749 1878; baseline -0.001 -10"><span class='ocrx_word' id='word_1_741' title='bbox 921 1838 988 1869; x_wconf 74' lang='lat'><strong>551</strong></span> <span class='ocrx_word' id='word_1_742' title='bbox 1005 1838 1160 1869; x_wconf 67' lang='lat' dir='ltr'><strong>infudisse.</strong></span> <span class='ocrx_word' id='word_1_743' title='bbox 1180 1838 1214 1869; x_wconf 91' lang='lat' dir='ltr'><strong>Et</strong></span> <span class='ocrx_word' id='word_1_744' title='bbox 1230 1839 1362 1878; x_wconf 88' lang='lat' dir='ltr'><strong>quotidie</strong></span> <span class='ocrx_word' id='word_1_745' title='bbox 1384 1837 1432 1878; x_wconf 89' lang='lat' dir='ltr'><strong>qui</strong></span> <span class='ocrx_word' id='word_1_746' title='bbox 1463 1837 1647 1877; x_wconf 86' lang='lat' dir='ltr'><strong>baptizantur</strong></span> <span class='ocrx_word' id='word_1_747' title='bbox 1671 1836 1749 1867; x_wconf 88' lang='lat' dir='ltr'><strong>libe—</strong></span> 
     </span>
    </p>
   </div>
   <div class='ocr_carea' id='block_1_102' title="bbox 921 1881 1750 1922">
    <p class='ocr_par' dir='ltr' id='par_1_102' title="bbox 921 1881 1750 1922">
     <span class='ocr_line' id='line_1_102' title="bbox 921 1881 1750 1922; baseline -0.004 -8"><span class='ocrx_word' id='word_1_748' title='bbox 921 1887 1025 1914; x_wconf 89' lang='lat' dir='ltr'><strong>rantur</strong></span> <span class='ocrx_word' id='word_1_749' title='bbox 1041 1892 1057 1913; x_wconf 93' lang='lat' dir='ltr'><strong>a</strong></span> <span class='ocrx_word' id='word_1_750' title='bbox 1070 1883 1242 1914; x_wconf 89' lang='lat' dir='ltr'><strong>vulneribus</strong></span> <span class='ocrx_word' id='word_1_751' title='bbox 1258 1883 1375 1919; x_wconf 66' lang='lat' dir='ltr'><strong>animae,</strong></span> <span class='ocrx_word' id='word_1_752' title='bbox 1393 1882 1459 1912; x_wconf 87' lang='lat' dir='ltr'><strong>oleo</strong></span> <span class='ocrx_word' id='word_1_753' title='bbox 1475 1881 1595 1922; x_wconf 83' lang='lat' dir='ltr'><strong>quidem</strong></span> <span class='ocrx_word' id='word_1_754' title='bbox 1608 1881 1750 1921; x_wconf 84' lang='lat' dir='ltr'><strong>unguenti</strong></span> 
     </span>
    </p>
   </div>
   <div class='ocr_carea' id='block_1_103' title="bbox 921 1926 1750 1960">
    <p class='ocr_par' dir='ltr' id='par_1_103' title="bbox 921 1926 1750 1960">
     <span class='ocr_line' id='line_1_103' title="bbox 921 1926 1750 1960; baseline -0.006 0"><span class='ocrx_word' id='word_1_755' title='bbox 921 1928 1022 1960; x_wconf 89' lang='lat' dir='ltr'><strong>uncti:</strong></span> <span class='ocrx_word' id='word_1_756' title='bbox 1042 1928 1140 1958; x_wconf 83' lang='lat' dir='ltr'><strong>statim</strong></span> <span class='ocrx_word' id='word_1_757' title='bbox 1156 1933 1254 1959; x_wconf 90' lang='lat' dir='ltr'><strong>autem</strong></span> <span class='ocrx_word' id='word_1_758' title='bbox 1271 1927 1527 1958; x_wconf 85' lang='lat' dir='ltr'><strong>communicantes</strong></span> <span class='ocrx_word' id='word_1_759' title='bbox 1540 1932 1570 1957; x_wconf 91' lang='lat' dir='ltr'><strong>et</strong></span> <span class='ocrx_word' id='word_1_760' title='bbox 1582 1926 1672 1956; x_wconf 87' lang='lat' dir='ltr'><strong>divini</strong></span> <span class='ocrx_word' id='word_1_761' title='bbox 1685 1935 1750 1956; x_wconf 89' lang='lat' dir='ltr'><strong>san-</strong></span> 
     </span>
    </p>
   </div>
   <div class='ocr_carea' id='block_1_104' title="bbox 920 1971 1750 2014">
    <p class='ocr_par' dir='ltr' id='par_1_104' title="bbox 920 1971 1750 2014">
     <span class='ocr_line' id='line_1_104' title="bbox 920 1971 1750 2014; baseline -0.004 -10"><span class='ocrx_word' id='word_1_762' title='bbox 920 1973 1018 2013; x_wconf 78' lang='lat' dir='ltr'><strong>guinis</strong></span> <span class='ocrx_word' id='word_1_763' title='bbox 1038 1973 1195 2014; x_wconf 86' lang='lat' dir='ltr'><strong>participes</strong></span> <span class='ocrx_word' id='word_1_764' title='bbox 1217 1973 1301 2004; x_wconf 84' lang='lat' dir='ltr'><strong>tiunt.</strong></span> <span class='ocrx_word' id='word_1_765' title='bbox 1328 1974 1420 2002; x_wconf 90' lang='lat' dir='ltr'><strong>Porro</strong></span> <span class='ocrx_word' id='word_1_766' title='bbox 1441 1971 1585 2002; x_wconf 89' lang='lat' dir='ltr'><strong>Dominus</strong></span> <span class='ocrx_word' id='word_1_767' title='bbox 1610 1971 1750 2011; x_wconf 77' lang='lat' dir='ltr'><strong>imposuit</strong></span> 
     </span>
    </p>
   </div>
   <div class='ocr_carea' id='block_1_105' title="bbox 921 2016 1750 2057">
    <p class='ocr_par' dir='ltr' id='par_1_105' title="bbox 921 2016 1750 2057">
     <span class='ocr_line' id='line_1_105' title="bbox 921 2016 1750 2057; baseline -0.004 -8"><span class='ocrx_word' id='word_1_768' title='bbox 921 2018 1051 2049; x_wconf 86' lang='lat' dir='ltr'><strong>sauciam</strong></span> <span class='ocrx_word' id='word_1_769' title='bbox 1067 2021 1198 2050; x_wconf 84' lang='lat' dir='ltr'><strong>nostram</strong></span> <span class='ocrx_word' id='word_1_770' title='bbox 1216 2023 1352 2048; x_wconf 87' lang='lat' dir='ltr'><strong>naturam</strong></span> <span class='ocrx_word' id='word_1_771' title='bbox 1368 2026 1458 2057; x_wconf 87' lang='lat' dir='ltr'><strong>super</strong></span> <span class='ocrx_word' id='word_1_772' title='bbox 1468 2016 1750 2057; x_wconf 88' lang='lat' dir='ltr'><strong>propriumjumen-</strong></span> 
     </span>
    </p>
   </div>
   <div class='ocr_carea' id='block_1_106' title="bbox 920 2061 1748 2103">
    <p class='ocr_par' dir='ltr' id='par_1_106' title="bbox 920 2061 1748 2103">
     <span class='ocr_line' id='line_1_106' title="bbox 920 2061 1748 2103; baseline -0.005 -9"><span class='ocrx_word' id='word_1_773' title='bbox 920 2067 994 2100; x_wconf 87' lang='lat' dir='ltr'><strong>tum,</strong></span> <span class='ocrx_word' id='word_1_774' title='bbox 1013 2063 1067 2093; x_wconf 89' lang='lat' dir='ltr'><strong>hoc</strong></span> <span class='ocrx_word' id='word_1_775' title='bbox 1083 2066 1139 2100; x_wconf 90' lang='lat' dir='ltr'><strong>est,</strong></span> <span class='ocrx_word' id='word_1_776' title='bbox 1157 2071 1249 2103; x_wconf 83' lang='lat' dir='ltr'><strong>Super</strong></span> <span class='ocrx_word' id='word_1_777' title='bbox 1263 2072 1370 2101; x_wconf 88' lang='lat' dir='ltr'><strong>corpus</strong></span> <span class='ocrx_word' id='word_1_778' title='bbox 1397 2071 1495 2093; x_wconf 89' lang='lat' dir='ltr'><strong>suum.</strong></span> <span class='ocrx_word' id='word_1_779' title='bbox 1513 2061 1646 2093; x_wconf 71' lang='lat' dir='ltr'><strong>Membra</strong></span> <span class='ocrx_word' id='word_1_780' title='bbox 1670 2061 1748 2092; x_wconf 80' lang='lat' dir='ltr'><strong>enim</strong></span> 
     </span>
    </p>
   </div>
   <div class='ocr_carea' id='block_1_107' title="bbox 919 2107 1749 2147">
    <p class='ocr_par' dir='ltr' id='par_1_107' title="bbox 919 2107 1749 2147">
     <span class='ocr_line' id='line_1_107' title="bbox 919 2107 1749 2147; baseline -0.002 -9"><span class='ocrx_word' id='word_1_781' title='bbox 919 2117 973 2138; x_wconf 91' lang='lat' dir='ltr'><strong>sua</strong></span> <span class='ocrx_word' id='word_1_782' title='bbox 987 2117 1041 2138; x_wconf 92' lang='lat' dir='ltr'><strong>nos</strong></span> <span class='ocrx_word' id='word_1_783' title='bbox 1067 2107 1136 2138; x_wconf 79' lang='lat' dir='ltr'><strong>fecit</strong></span> <span class='ocrx_word' id='word_1_784' title='bbox 1163 2113 1191 2138; x_wconf 88' lang='lat' dir='ltr'><strong>et</strong></span> <span class='ocrx_word' id='word_1_785' title='bbox 1215 2107 1374 2147; x_wconf 85' lang='lat' dir='ltr'><strong>participes</strong></span> <span class='ocrx_word' id='word_1_786' title='bbox 1387 2107 1432 2137; x_wconf 90' lang='lat' dir='ltr'><strong>sui</strong></span> <span class='ocrx_word' id='word_1_787' title='bbox 1459 2107 1611 2147; x_wconf 88' lang='lat' dir='ltr'><strong>corporis:</strong></span> <span class='ocrx_word' id='word_1_788' title='bbox 1636 2115 1749 2146; x_wconf 89' lang='lat' dir='ltr'><strong>nosque</strong></span> 
     </span>
    </p>
   </div>
   <div class='ocr_carea' id='block_1_108' title="bbox 919 2151 1749 2192">
    <p class='ocr_par' dir='ltr' id='par_1_108' title="bbox 919 2151 1749 2192">
     <span class='ocr_line' id='line_1_108' title="bbox 919 2151 1749 2192; baseline -0.004 -9"><span class='ocrx_word' id='word_1_789' title='bbox 919 2152 1021 2183; x_wconf 81' lang='lat' dir='ltr'><strong>intimo</strong></span> <span class='ocrx_word' id='word_1_790' title='bbox 1039 2153 1101 2182; x_wconf 88' lang='lat' dir='ltr'><strong>loco</strong></span> <span class='ocrx_word' id='word_1_791' title='bbox 1117 2151 1191 2183; x_wconf 75' lang='lat' dir='ltr'><strong>sitos</strong></span> <span class='ocrx_word' id='word_1_792' title='bbox 1208 2152 1305 2192; x_wconf 87' lang='lat' dir='ltr'><strong>posuit</strong></span> <span class='ocrx_word' id='word_1_793' title='bbox 1322 2152 1350 2181; x_wconf 93' lang='lat' dir='ltr'><strong>in</strong></span> <span class='ocrx_word' id='word_1_794' title='bbox 1367 2151 1546 2190; x_wconf 66' lang='lat' dir='ltr'><strong>dignitatem</strong></span> <span class='ocrx_word' id='word_1_795' title='bbox 1563 2151 1654 2188; x_wconf 90' lang='lat' dir='ltr'><strong>illam,</strong></span> <span class='ocrx_word' id='word_1_796' title='bbox 1671 2155 1703 2180; x_wconf 88' lang='lat' dir='ltr'><strong>ut</strong></span> <span class='ocrx_word' id='word_1_797' title='bbox 1719 2158 1749 2184; x_wconf 79' lang='lat' dir='ltr'><strong>et</strong></span> 
     </span>
    </p>
   </div>
   <div class='ocr_carea' id='block_1_109' title="bbox 918 2194 1747 2237">
    <p class='ocr_par' dir='ltr' id='par_1_109' title="bbox 918 2194 1747 2237">
     <span class='ocr_line' id='line_1_109' title="bbox 918 2194 1747 2237; baseline -0.004 -9"><span class='ocrx_word' id='word_1_798' title='bbox 918 2197 1054 2237; x_wconf 87' lang='lat' dir='ltr'><strong>ejusdem</strong></span> <span class='ocrx_word' id='word_1_799' title='bbox 1066 2196 1308 2237; x_wconf 73' lang='lat' dir='ltr'><strong>corporissimus.</strong></span> <span class='ocrx_word' id='word_1_800' title='bbox 1320 2196 1520 2227; x_wconf 87' lang='lat' dir='ltr'><strong>Diversoriuin</strong></span> <span class='ocrx_word' id='word_1_801' title='bbox 1534 2200 1630 2226; x_wconf 86' lang='lat' dir='ltr'><strong>autem</strong></span> <span class='ocrx_word' id='word_1_802' title='bbox 1641 2194 1747 2226; x_wconf 79' lang='lat' dir='ltr'><strong>Eccle-</strong></span> 
     </span>
    </p>
   </div>
   <div class='ocr_carea' id='block_1_110' title="bbox 918 2241 1748 2282">
    <p class='ocr_par' dir='ltr' id='par_1_110' title="bbox 918 2241 1748 2282">
     <span class='ocr_line' id='line_1_110' title="bbox 918 2241 1748 2282; baseline -0.004 -9"><span class='ocrx_word' id='word_1_803' title='bbox 918 2242 962 2273; x_wconf 89' lang='lat' dir='ltr'><strong>sia</strong></span> <span class='ocrx_word' id='word_1_804' title='bbox 973 2246 1027 2278; x_wconf 90' lang='lat' dir='ltr'><strong>est,</strong></span> <span class='ocrx_word' id='word_1_805' title='bbox 1046 2251 1111 2282; x_wconf 70' lang='lat' dir='ltr'><strong>quin</strong></span> <span class='ocrx_word' id='word_1_806' title='bbox 1125 2251 1228 2273; x_wconf 88' lang='lat' dir='ltr'><strong>omnes</strong></span> <span class='ocrx_word' id='word_1_807' title='bbox 1244 2242 1388 2282; x_wconf 85' lang='lat' dir='ltr'><strong>suscipit;</strong></span> <span class='ocrx_word' id='word_1_808' title='bbox 1409 2242 1453 2272; x_wconf 88' lang='lat' dir='ltr'><strong>lex</strong></span> <span class='ocrx_word' id='word_1_809' title='bbox 1471 2241 1550 2272; x_wconf 89' lang='lat' dir='ltr'><strong>enim</strong></span> <span class='ocrx_word' id='word_1_810' title='bbox 1569 2250 1627 2271; x_wconf 91' lang='lat' dir='ltr'><strong>non</strong></span> <span class='ocrx_word' id='word_1_811' title='bbox 1644 2249 1748 2271; x_wconf 84' lang='lat' dir='ltr'><strong>omnes</strong></span> 
     </span>
    </p>
   </div>
   <div class='ocr_carea' id='block_1_111' title="bbox 918 2285 1746 2327">
    <p class='ocr_par' dir='ltr' id='par_1_111' title="bbox 918 2285 1746 2327">
     <span class='ocr_line' id='line_1_111' title="bbox 918 2285 1746 2327; baseline -0.004 -9"><span class='ocrx_word' id='word_1_812' title='bbox 918 2286 1108 2327; x_wconf 83' lang='lat' dir='ltr'><strong>suscipiebat.</strong></span> <span class='ocrx_word' id='word_1_813' title='bbox 1127 2285 1251 2316; x_wconf 81' lang='lat' dir='ltr'><strong>Moabita</strong></span> <span class='ocrx_word' id='word_1_814' title='bbox 1261 2286 1353 2322; x_wconf 84' lang='lat' dir='ltr'><strong>enim,</strong></span> <span class='ocrx_word' id='word_1_815' title='bbox 1368 2286 1448 2324; x_wconf 86' lang='lat' dir='ltr'><strong>dicit,</strong></span> <span class='ocrx_word' id='word_1_816' title='bbox 1466 2291 1495 2317; x_wconf 88' lang='lat' dir='ltr'><strong>et</strong></span> <span class='ocrx_word' id='word_1_817' title='bbox 1509 2285 1746 2317; x_wconf 88' lang='lat' dir='ltr'><strong>Ammonitauon</strong></span> 
     </span>
    </p>
   </div>
   <div class='ocr_carea' id='block_1_112' title="bbox 918 2330 1747 2363">
    <p class='ocr_par' dir='ltr' id='par_1_112' title="bbox 918 2330 1747 2363">
     <span class='ocr_line' id='line_1_112' title="bbox 918 2330 1747 2363; baseline -0.004 0"><span class='ocrx_word' id='word_1_818' title='bbox 918 2332 1069 2363; x_wconf 87' lang='lat' dir='ltr'><strong>intrabunt</strong></span> <span class='ocrx_word' id='word_1_819' title='bbox 1088 2332 1115 2361; x_wconf 93' lang='lat' dir='ltr'><strong>in</strong></span> <span class='ocrx_word' id='word_1_820' title='bbox 1133 2330 1296 2362; x_wconf 77' lang='lat' dir='ltr'><strong>Ecclesiam</strong></span> <span class='ocrx_word' id='word_1_821' title='bbox 1315 2331 1380 2363; x_wconf 89' lang='lat' dir='ltr'><strong>Dei.</strong></span> <span class='ocrx_word' id='word_1_822' title='bbox 1398 2331 1481 2362; x_wconf 85' lang='lat' dir='ltr'><strong>Nunc</strong></span> <span class='ocrx_word' id='word_1_823' title='bbox 1504 2335 1603 2362; x_wconf 88' lang='lat' dir='ltr'><strong>autem</strong></span> <span class='ocrx_word' id='word_1_824' title='bbox 1621 2330 1650 2360; x_wconf 83' lang='lat' dir='ltr'><strong>in</strong></span> <span class='ocrx_word' id='word_1_825' title='bbox 1666 2330 1747 2361; x_wconf 91' lang='lat' dir='ltr'><strong>omni</strong></span> 
     </span>
    </p>
   </div>
   <div class='ocr_carea' id='block_1_113' title="bbox 915 2375 1747 2418">
    <p class='ocr_par' dir='ltr' id='par_1_113' title="bbox 915 2375 1747 2418">
     <span class='ocr_line' id='line_1_113' title="bbox 915 2375 1747 2418; baseline -0.002 -11"><span class='ocrx_word' id='word_1_826' title='bbox 915 2382 1002 2418; x_wconf 85' lang='lat' dir='ltr'><strong>gente</strong></span> <span class='ocrx_word' id='word_1_827' title='bbox 1013 2377 1063 2417; x_wconf 89' lang='lat' dir='ltr'><strong>qui</strong></span> <span class='ocrx_word' id='word_1_828' title='bbox 1074 2377 1157 2407; x_wconf 91' lang='lat' dir='ltr'><strong>timet</strong></span> <span class='ocrx_word' id='word_1_829' title='bbox 1178 2377 1282 2410; x_wconf 76' lang='lat' dir='ltr'><strong>Deum.</strong></span> <span class='ocrx_word' id='word_1_830' title='bbox 1296 2380 1437 2416; x_wconf 88' lang='lat' dir='ltr'><strong>acceptus</strong></span> <span class='ocrx_word' id='word_1_831' title='bbox 1453 2381 1497 2407; x_wconf 90' lang='lat' dir='ltr'><strong>est</strong></span> <span class='ocrx_word' id='word_1_832' title='bbox 1513 2377 1553 2414; x_wconf 89' lang='lat' dir='ltr'><strong>ei,</strong></span> <span class='ocrx_word' id='word_1_833' title='bbox 1572 2375 1659 2406; x_wconf 92' lang='lat' dir='ltr'><strong>modo</strong></span> <span class='ocrx_word' id='word_1_834' title='bbox 1676 2375 1747 2405; x_wconf 87' lang='lat' dir='ltr'><strong>velit</strong></span> 
     </span>
    </p>
   </div>
   <div class='ocr_carea' id='block_1_114' title="bbox 916 2421 1746 2462">
    <p class='ocr_par' dir='ltr' id='par_1_114' title="bbox 916 2421 1746 2462">
     <span class='ocr_line' id='line_1_114' title="bbox 916 2421 1746 2462; baseline -0.004 -9"><span class='ocrx_word' id='word_1_835' title='bbox 916 2422 1041 2453; x_wconf 89' lang='lat' dir='ltr'><strong>credere</strong></span> <span class='ocrx_word' id='word_1_836' title='bbox 1057 2426 1085 2452; x_wconf 84' lang='lat' dir='ltr'><strong>et</strong></span> <span class='ocrx_word' id='word_1_837' title='bbox 1097 2430 1164 2462; x_wconf 88' lang='lat' dir='ltr'><strong>pars</strong></span> <span class='ocrx_word' id='word_1_838' title='bbox 1176 2421 1240 2452; x_wconf 80' lang='lat' dir='ltr'><strong>ﬁeri</strong></span> <span class='ocrx_word' id='word_1_839' title='bbox 1253 2421 1474 2461; x_wconf 63' lang='lat' dir='ltr'><strong>Ecclesiaequm</strong></span> <span class='ocrx_word' id='word_1_840' title='bbox 1485 2430 1590 2452; x_wconf 90' lang='lat' dir='ltr'><strong>omnes</strong></span> <span class='ocrx_word' id='word_1_841' title='bbox 1604 2424 1746 2461; x_wconf 84' lang='lat' dir='ltr'><strong>peccato-</strong></span> 
     </span>
    </p>
   </div>
   <div class='ocr_carea' id='block_1_115' title="bbox 915 2465 1746 2507">
    <p class='ocr_par' dir='ltr' id='par_1_115' title="bbox 915 2465 1746 2507">
     <span class='ocr_line' id='line_1_115' title="bbox 915 2465 1746 2507; baseline -0.004 -9"><span class='ocrx_word' id='word_1_842' title='bbox 915 2477 964 2498; x_wconf 90' lang='lat' dir='ltr'><strong>res</strong></span> <span class='ocrx_word' id='word_1_843' title='bbox 973 2471 1001 2498; x_wconf 92' lang='lat' dir='ltr'><strong>et</strong></span> <span class='ocrx_word' id='word_1_844' title='bbox 1013 2467 1187 2507; x_wconf 87' lang='lat' dir='ltr'><strong>publicanos</strong></span> <span class='ocrx_word' id='word_1_845' title='bbox 1199 2466 1416 2507; x_wconf 86' lang='lat' dir='ltr'><strong>suscipit.Vide</strong></span> <span class='ocrx_word' id='word_1_846' title='bbox 1429 2467 1499 2498; x_wconf 86' lang='lat' dir='ltr'><strong>item</strong></span> <span class='ocrx_word' id='word_1_847' title='bbox 1508 2472 1536 2497; x_wconf 67' lang='lat' dir='ltr'><strong>et</strong></span> <span class='ocrx_word' id='word_1_848' title='bbox 1549 2465 1746 2506; x_wconf 79' lang='lat' dir='ltr'><strong>diligentiam,</strong></span> 
     </span>
    </p>
   </div>
   <div class='ocr_carea' id='block_1_116' title="bbox 917 2512 1745 2553">
    <p class='ocr_par' dir='ltr' id='par_1_116' title="bbox 917 2512 1745 2553">
     <span class='ocr_line' id='line_1_116' title="bbox 917 2512 1745 2553; baseline -0.004 -10"><span class='ocrx_word' id='word_1_849' title='bbox 917 2512 1065 2553; x_wconf 87' lang='lat' dir='ltr'><strong>quomodo</strong></span> <span class='ocrx_word' id='word_1_850' title='bbox 1077 2512 1201 2549; x_wconf 87' lang='lat' dir='ltr'><strong>ducens,</strong></span> <span class='ocrx_word' id='word_1_851' title='bbox 1220 2513 1327 2553; x_wconf 88' lang='lat' dir='ltr'><strong>inquit,</strong></span> <span class='ocrx_word' id='word_1_852' title='bbox 1347 2512 1377 2542; x_wconf 89' lang='lat' dir='ltr'><strong>in</strong></span> <span class='ocrx_word' id='word_1_853' title='bbox 1404 2512 1615 2550; x_wconf 83' lang='lat' dir='ltr'><strong>diversorium,</strong></span> <span class='ocrx_word' id='word_1_854' title='bbox 1644 2519 1745 2541; x_wconf 89' lang='lat' dir='ltr'><strong>curam</strong></span> 
     </span>
    </p>
   </div>
   <div class='ocr_carea' id='block_1_117' title="bbox 917 2555 1747 2598">
    <p class='ocr_par' dir='ltr' id='par_1_117' title="bbox 917 2555 1747 2598">
     <span class='ocr_line' id='line_1_117' title="bbox 917 2555 1747 2598; baseline -0.004 -10"><span class='ocrx_word' id='word_1_855' title='bbox 917 2558 981 2598; x_wconf 82' lang='lat' dir='ltr'><strong>ejus</strong></span> <span class='ocrx_word' id='word_1_856' title='bbox 993 2557 1096 2596; x_wconf 86' lang='lat' dir='ltr'><strong>egerit.</strong></span> <span class='ocrx_word' id='word_1_857' title='bbox 1107 2557 1180 2588; x_wconf 87' lang='lat' dir='ltr'><strong>Nam</strong></span> <span class='ocrx_word' id='word_1_858' title='bbox 1196 2558 1277 2597; x_wconf 92' lang='lat' dir='ltr'><strong>prius</strong></span> <span class='ocrx_word' id='word_1_859' title='bbox 1294 2567 1380 2598; x_wconf 90' lang='lat' dir='ltr'><strong>quam</strong></span> <span class='ocrx_word' id='word_1_860' title='bbox 1394 2557 1422 2587; x_wconf 92' lang='lat' dir='ltr'><strong>in</strong></span> <span class='ocrx_word' id='word_1_861' title='bbox 1435 2558 1492 2588; x_wconf 93' lang='lat' dir='ltr'><strong>hoc</strong></span> <span class='ocrx_word' id='word_1_862' title='bbox 1505 2557 1638 2594; x_wconf 89' lang='lat' dir='ltr'><strong>duceret,</strong></span> <span class='ocrx_word' id='word_1_863' title='bbox 1652 2555 1747 2586; x_wconf 91' lang='lat' dir='ltr'><strong>soluta</strong></span> 
     </span>
    </p>
   </div>
   <div class='ocr_carea' id='block_1_118' title="bbox 916 2600 1747 2642">
    <p class='ocr_par' dir='ltr' id='par_1_118' title="bbox 916 2600 1747 2642">
     <span class='ocr_line' id='line_1_118' title="bbox 916 2600 1747 2642; baseline -0.004 -9"><span class='ocrx_word' id='word_1_864' title='bbox 916 2602 1047 2641; x_wconf 81' lang='lat' dir='ltr'><strong>alligavit</strong></span> <span class='ocrx_word' id='word_1_865' title='bbox 1061 2601 1192 2634; x_wconf 85' lang='lat' dir='ltr'><strong>vulnera.</strong></span> <span class='ocrx_word' id='word_1_866' title='bbox 1208 2602 1282 2639; x_wconf 84' lang='lat' dir='ltr'><strong>Quid</strong></span> <span class='ocrx_word' id='word_1_867' title='bbox 1297 2602 1387 2642; x_wconf 83' lang='lat' dir='ltr'><strong>igitur</strong></span> <span class='ocrx_word' id='word_1_868' title='bbox 1403 2606 1447 2633; x_wconf 85' lang='lat' dir='ltr'><strong>est</strong></span> <span class='ocrx_word' id='word_1_869' title='bbox 1471 2601 1549 2642; x_wconf 90' lang='lat' dir='ltr'><strong>quod</strong></span> <span class='ocrx_word' id='word_1_870' title='bbox 1565 2600 1656 2633; x_wconf 83' lang='lat' dir='ltr'><strong>dico?</strong></span> <span class='ocrx_word' id='word_1_871' title='bbox 1673 2600 1747 2636; x_wconf 89' lang='lat' dir='ltr'><strong>Quia</strong></span> 
     </span>
    </p>
   </div>
   <div class='ocr_carea' id='block_1_119' title="bbox 915 2645 1744 2687">
    <p class='ocr_par' dir='ltr' id='par_1_119' title="bbox 915 2645 1744 2687">
     <span class='ocr_line' id='line_1_119' title="bbox 915 2645 1744 2687; baseline -0.005 -9"><span class='ocrx_word' id='word_1_872' title='bbox 915 2656 982 2678; x_wconf 87' lang='lat' dir='ltr'><strong>cum</strong></span> <span class='ocrx_word' id='word_1_873' title='bbox 999 2646 1157 2678; x_wconf 77' lang='lat' dir='ltr'><strong>constituta</strong></span> <span class='ocrx_word' id='word_1_874' title='bbox 1169 2647 1367 2687; x_wconf 81' lang='lat' dir='ltr'><strong>estEcclesia,</strong></span> <span class='ocrx_word' id='word_1_875' title='bbox 1380 2651 1408 2678; x_wconf 87' lang='lat' dir='ltr'><strong>et</strong></span> <span class='ocrx_word' id='word_1_876' title='bbox 1421 2647 1530 2678; x_wconf 79' lang='lat' dir='ltr'><strong>factum</strong></span> <span class='ocrx_word' id='word_1_877' title='bbox 1548 2651 1593 2677; x_wconf 91' lang='lat' dir='ltr'><strong>est</strong></span> <span class='ocrx_word' id='word_1_878' title='bbox 1610 2645 1744 2675; x_wconf 67' lang='lat' dir='ltr'><strong>divorso-</strong></span> 
     </span>
    </p>
   </div>
   <div class='ocr_carea' id='block_1_120' title="bbox 914 2691 1743 2732">
    <p class='ocr_par' dir='ltr' id='par_1_120' title="bbox 914 2691 1743 2732">
     <span class='ocr_line' id='line_1_120' title="bbox 914 2691 1743 2732; baseline -0.002 -9"><span class='ocrx_word' id='word_1_879' title='bbox 914 2692 1064 2729; x_wconf 89' lang='lat' dir='ltr'><strong>rium,boc</strong></span> <span class='ocrx_word' id='word_1_880' title='bbox 1077 2697 1170 2729; x_wconf 74' lang='lat' dir='ltr'><strong>est,ex</strong></span> <span class='ocrx_word' id='word_1_881' title='bbox 1181 2692 1321 2723; x_wconf 89' lang='lat' dir='ltr'><strong>omnibus</strong></span> <span class='ocrx_word' id='word_1_882' title='bbox 1332 2692 1426 2723; x_wconf 84' lang='lat' dir='ltr'><strong>ferme</strong></span> <span class='ocrx_word' id='word_1_883' title='bbox 1434 2691 1636 2732; x_wconf 84' lang='lat' dir='ltr'><strong>gentibusﬁde</strong></span> <span class='ocrx_word' id='word_1_884' title='bbox 1647 2694 1743 2731; x_wconf 82' lang='lat' dir='ltr'><strong>aucta,</strong></span> 
     </span>
    </p>
   </div>
   <div class='ocr_carea' id='block_1_121' title="bbox 914 2737 1747 2780">
    <p class='ocr_par' dir='ltr' id='par_1_121' title="bbox 914 2737 1747 2780">
     <span class='ocr_line' id='line_1_121' title="bbox 914 2737 1747 2780; baseline -0.004 -10"><span class='ocrx_word' id='word_1_885' title='bbox 914 2743 985 2770; x_wconf 90' lang='lat' dir='ltr'><strong>tunc</strong></span> <span class='ocrx_word' id='word_1_886' title='bbox 996 2738 1115 2769; x_wconf 82' lang='lat' dir='ltr'><strong>fuerunt</strong></span> <span class='ocrx_word' id='word_1_887' title='bbox 1126 2743 1155 2769; x_wconf 90' lang='lat' dir='ltr'><strong>et</strong></span> <span class='ocrx_word' id='word_1_888' title='bbox 1166 2739 1295 2780; x_wconf 88' lang='lat' dir='ltr'><strong>Spiritus</strong></span> <span class='ocrx_word' id='word_1_889' title='bbox 1308 2740 1401 2770; x_wconf 86' lang='lat' dir='ltr'><strong>sancti</strong></span> <span class='ocrx_word' id='word_1_890' title='bbox 1419 2741 1510 2775; x_wconf 75' lang='lat' dir='ltr'><strong>dona,</strong></span> <span class='ocrx_word' id='word_1_891' title='bbox 1521 2742 1552 2770; x_wconf 84' lang='lat' dir='ltr'><strong>et</strong></span> <span class='ocrx_word' id='word_1_892' title='bbox 1568 2737 1690 2768; x_wconf 88' lang='lat' dir='ltr'><strong>dilatata</strong></span> <span class='ocrx_word' id='word_1_893' title='bbox 1701 2746 1747 2775; x_wconf 57' lang='lat' dir='ltr'><strong>es;</strong></span> 
     </span>
    </p>
   </div>
   <div class='ocr_carea' id='block_1_122' title="bbox 915 2782 1742 2825">
    <p class='ocr_par' dir='ltr' id='par_1_122' title="bbox 915 2782 1742 2825">
     <span class='ocr_line' id='line_1_122' title="bbox 915 2782 1742 2825; baseline -0.004 -11"><span class='ocrx_word' id='word_1_894' title='bbox 915 2784 1010 2824; x_wconf 77' lang='lat' dir='ltr'><strong>gratia</strong></span> <span class='ocrx_word' id='word_1_895' title='bbox 1019 2783 1072 2814; x_wconf 82' lang='lat' dir='ltr'><strong>Dei</strong></span> <span class='ocrx_word' id='word_1_896' title='bbox 1086 2791 1094 2814; x_wconf 83' lang='lat'><strong>:</strong></span> <span class='ocrx_word' id='word_1_897' title='bbox 1111 2783 1140 2815; x_wconf 94' lang='lat' dir='ltr'><strong>id</strong></span> <span class='ocrx_word' id='word_1_898' title='bbox 1157 2784 1236 2825; x_wconf 89' lang='lat' dir='ltr'><strong>quod</strong></span> <span class='ocrx_word' id='word_1_899' title='bbox 1261 2793 1295 2815; x_wconf 91' lang='lat' dir='ltr'><strong>ex</strong></span> <span class='ocrx_word' id='word_1_900' title='bbox 1319 2784 1400 2816; x_wconf 83' lang='lat' dir='ltr'><strong>Actis</strong></span> <span class='ocrx_word' id='word_1_901' title='bbox 1415 2783 1617 2824; x_wconf 79' lang='lat' dir='ltr'><strong>apostolorum</strong></span> <span class='ocrx_word' id='word_1_902' title='bbox 1633 2782 1742 2819; x_wconf 49' lang='lat' dir='ltr'><strong>disces.</strong></span> 
     </span>
    </p>
   </div>
  </div>
