1949 3077
47 120 118 153 849

431 125 654 158 ENARRATIO
678 128 719 159 IN
742 122 996 155 EVANGELIUM
1021 123 1139 154 LUCE.
1165 139 1203 145 ——
1225 123 1305 154 CAP.
1332 124 1370 154 X.

1701 123 1760 155 850

44 190 138 218 πάλιν
171 193 364 231 ὑπεχώρησαν.
397 198 480 222 Τοῦτο
518 195 567 234 γὰρ
603 195 726 232 σημαίνει
755 196 785 222 τὸ
810 206 813 222 l

984 206 1017 227 εν.
1032 195 1162 227 Attende
1176 195 1247 228 item
1263 196 1343 237 quod
1359 195 1493 234 verbum,
1503 196 1753 237 accidit,sensum

45 235 213 272 παρελθεῖν.
255 237 324 266 mea
354 239 402 276 μὲν
431 239 482 278 γὰρ
509 241 522 267 ὁ
552 240 644 278 νόμος,
668 241 712 268 καὶ
734 239 833 272 ἐπέστη
849 241 887 275 τῷ

45 282 187 326 ξιειμένῳ,
219 283 282 311 εἶτα
317 284 356 320 μὴ
386 284 488 324 ἰσχύων
525 286 693 323 θεραπεῦσαι,
717 285 886 324 ἀπεστράφη.

63 324 152 366 Ὀπερ
179 326 235 355 ἔστι
257 329 287 356 τὸ
316 328 521 367 ἀντιπαρῆλθεν,
539 325 612 370 ΗΟρα
629 329 655 358 δὲ
671 331 701 358 τὸ
730 329 798 358 κατὰ
820 340 887 368 συγ-

48 371 162 408 κυρίαν,
185 373 243 400 τίνα
274 376 332 401 νοῦν
363 372 436 413 ἔχει,
474 377 518 412 Τῷ
547 374 602 403 ὄντι
630 375 679 414 γὰρ
708 376 722 402 ὁ
751 374 830 412 νόμος
859 374 890 402 οὗ

50 416 271 455 προηγουμένως
313 416 402 454 ἐδόθη,
450 418 518 447 ἀλλὰ
559 419 601 447 διὰ
637 419 687 453 τὴν
725 418 889 458 ἀνθρωπίνην

50 460 212 501 ἀσθένειαν,
237 463 276 499 μὴ
305 461 453 500 δυναμένην
482 463 508 497 ἒξ
523 464 610 505 ἀρχῆς
627 464 744 497 δέξασθαι
765 465 796 492 τὸ
822 463 890 492 κατὰ

53 506 174 536 Χριστὸν
204 507 362 546 μυστήριον,
393 509 441 536 Δια
462 512 541 537 τοῦτο
567 504 659 549 φησιν,
685 509 725 537 ὁτι
743 504 771 537 Ὀ
793 508 888 546 ἱερεὺς,

47 549 190 578 τοιτέστιν
231 551 244 578 ὁ
275 552 368 590 νόμος,
406 553 474 581 κατα
513 555 666 594 συγκυρίαν,
696 553 760 593 ὅπερ
789 553 886 580 εἰώθα-

47 604 102 628 μεν
134 593 224 633 λέγειν
255 597 323 624 κατὰ
347 595 484 634 σύμϐαμα,
516 597 578 626 ἀλλ’
607 600 636 627 0-3
663 597 885 638 προηγουμένως,

41 638 130 670 ἦλθεν
168 641 205 672 εἰς
238 641 268 668 τὸ
310 642 468 680 θεραπεῦσαι
498 644 544 671 τὸν
577 643 724 682 ἄνθρωπον.
767 641 843 671 Ἀλλ’
872 638 886 665 δ

46 683 149 722 Κύριος
177 686 222 713 κιὶ
251 686 316 718 Θεὸς
345 687 435 724 ἡμῶν,
465 689 479 715 ὸ
507 687 542 716 δι’
571 689 643 726 ἡμᾶς
658 689 759 728 κατάρα
773 689 885 726 γενόμε-

45 740 109 768 νος,
142 731 187 757 καὶ
229 732 397 770 Σαμαρείτης
427 732 554 771 ἀκούσας,
599 733 708 774 ὁδεύων,
737 732 883 767 τουτέστιν,

50 775 118 802 αὖτὸ
147 778 225 804 τοῦτο
273 775 404 816 πρόφασιν
444 776 504 807 ὁδοῦ
532 778 725 816 ποιησάμενος,
762 779 804 806 καὶ
839 779 885 806 τὸν

49 819 156 863 σκοπὸν
184 819 305 856 Θέμενος,
336 821 366 849 τὸ
387 822 459 858 ἡμᾶς
483 824 652 863 θεραπεῦσαι,
679 817 739 850 ἀλλ’
768 824 797 852 οὖ
815 833 882 861 παρ-

928 240 1086 280 quemdam
1103 239 1282 272 habet.Nam
1298 249 1403 272 revera
1413 240 1460 272 lex
1474 250 1534 272 non
1546 240 1582 272 ob
1597 250 1645 273 res
1655 242 1684 272 in
1693 241 1758 282 pri-

930 285 987 316 mis
1002 285 1143 325 intentas,
1162 285 1212 317 sed
1227 290 1350 325 propter
1365 285 1523 316 humanam
1541 286 1756 324 inﬁrmitatem,

930 338 996 370 quae
1018 339 1078 361 non
1109 330 1203 370 potuit
1224 329 1260 361 ab
1286 329 1369 361 initio
1397 335 1615 362 sacramentum
1646 330 1758 362 Christi

931 374 1096 414 suscipere,
1113 374 1181 405 data
1196 379 1250 406 est.
1273 376 1436 415 Propterea
1452 375 1534 416 dicit,
1549 376 1664 407 Accidit
1678 375 1754 416 quod

930 419 1081 456 sacerdos,
1098 419 1152 449 hoc
1164 424 1208 450 est
1226 419 1284 459 lex,
1298 419 1337 450 ita
1353 419 1433 452 enim
1459 420 1559 452 dicere
1575 420 1704 451 solemus
1720 420 1757 452 de

931 463 977 494 his
986 473 1052 504 qua:
1063 463 1182 494 fortuito
1190 463 1396 502 obveniunt,et
1403 465 1476 495 citra
1483 474 1603 506 operam
1612 469 1754 503 nostram,

931 508 1010 540 venit
1027 515 1056 539 ut
1074 513 1192 539 sanaret
1207 509 1371 550 hominem,
1394 510 1446 540 sed
1470 509 1614 541 Dominus
1631 512 1661 541 et
1676 511 1756 541 Deus

929 557 1043 593 noster,
1059 553 1109 593 qui
1126 558 1247 593 propter
1263 563 1318 584 nos
1340 554 1433 585 iactus
1449 563 1491 590 es;
1508 554 1710 594 maledictum,
1727 558 1756 585 et

928 601 1047 628 vocatus
1063 597 1277 634 Samaritanus,
1295 599 1350 629 iter
1371 598 1494 635 faciens,
1521 599 1578 629 hoc
1597 603 1653 639 est,
1678 599 1754 630 hanc

928 642 1113 682 potissimum
1127 641 1296 673 suiitineris
1308 651 1427 673 causam
1440 652 1507 674 esse
1520 643 1666 680 volens,et
1677 643 1754 674 hunc

928 695 1049 726 scopum
1066 686 1243 727 observans;
1255 693 1286 718 ut
1302 696 1356 717 nos
1366 691 1494 727 sanaret,
1508 697 1566 718 non
1580 687 1755 727 praeteriens

928 736 956 762 et
967 731 1063 762 obiter
1075 741 1129 762 nos
1144 731 1264 762 visitans
1276 732 1356 763 venit
1372 732 1407 762 ad
1421 740 1488 772 nos,
1504 732 1556 762 sed
1565 736 1755 763 conversatus

926 776 1093 812 nobiscum,
1110 781 1138 807 et
1159 777 1278 808 locutus
1304 786 1363 807 non
1388 781 1578 817 apparenter,
1595 777 1647 808 sed
1674 786 1754 809 vere.

927 821 1055 852 Proinde
1067 822 1165 852 statim
1178 822 1520 862 alligatvuluera,neque
1532 822 1678 862 permittit
1689 831 1753 852 ma-

48 861 166 903 οεεύων,
213 865 256 892 καὶ
300 865 330 893 ἐκ
371 866 502 906 παρέργου
542 861 754 905 ἐπισκεψάμενος
797 868 817 903 ᾗ

985 875 1020 896 tm
1047 865 1174 906 amplius
1199 866 1302 907 laxari,
1321 867 1373 897 sed
1396 861 1497 905 alligat
1524 861 1599 897 eam.
1623 866 1754 897 Infundit

47 907 135 940 ἢλθεν
165 910 201 941 εἰς
231 911 316 947 ἡμᾶς,
346 913 565 952 συναναστραφεὶς
595 913 674 950 ἡμῖν,
704 913 748 941 καὶ
780 912 877 950 ὁμιλή-

46 963 101 984 σας
129 953 317 992 aen—inm.
349 955 499 989 Κατέόησεν
527 957 572 985 οὖν
587 958 659 990 εὖθὺς
683 958 716 985 τΞι
731 957 880 997 τραύματα,

45 997 90 1033 μὴ
121 998 202 1029 ἑέσις
225 1000 275 1032 τὴν
301 1001 395 1028 κακίαν
423 1000 465 1028 ἐπὶ
487 1000 568 1030 πλέον
590 1001 681 1030 ἄνετον
704 1004 785 1039 εἶναι,
813 1001 882 1030 ἀλλὰ

45 1041 207 1077 καταδήσας
237 1043 331 1084 αὐτὴν,
369 1044 482 1085 ἐπέχεεν
516 1045 543 1074 δὲ
579 1046 666 1074 ἔλαιον
707 1048 750 1075 καὶ
779 1047 878 1075 οἶνον’

45 1086 143 1115 ἔλαιον
166 1088 216 1125 μὲν
242 1089 287 1116 τὸν
315 1089 395 1129 λόγον
422 1093 472 1124 τῆς
497 1089 677 1132 διδασκαλίας,
698 1096 744 1120 τὸν
766 1091 807 1120 ’διὰ
827 1093 881 1120 τῶν

46 1132 161 1170 ἀγαθῶν
190 1134 403 1173 προτρεπόμενον
419 1145 427 1154 ο
460 1136 535 1164 οἶνον
551 1135 589 1176 δὲ,
608 1138 653 1165 τὸν
668 1137 709 1165 διὰ
730 1140 783 1165 τῶν
799 1136 881 1177 φοϐε-

47 1177 178 1216 ρωτέρων
205 1179 332 1217 ὶνάγοντα
361 1181 427 1219 πρὸς
458 1181 563 1217 ἀρετήν.
595 1182 660 1210 Οἶον
692 1182 756 1210 ὅταν
782 1183 880 1220 ἀκούῃς

51 1225 100 1249 τοῦ
130 1223 222 1261 Κυρίου
251 1222 375 1263 λέγοντος
393 1233 400 1241 '
432 1228 511 1253 Δεῦτε
539 1226 604 1264 πρὸς
640 1227 687 1266 μὲ,
717 1227 792 1265 κάγὼ
817 1227 884 1255 ἁνα-

50 1266 151 1294 παύσω
186 1268 266 1304 ὑμᾶς,
295 1272 371 1297 τοῦτο
395 1270 425 1297 τὸ
454 1268 543 1298 ἔλαιον
560 1280 567 1287 ο
595 1271 741 1311 ἱλαρότητα
766 1272 816 1311 γὰρ
840 1269 884 1301 καὶ

49 1311 202 1339 αιιεᾷπαυσιν
217 1311 392 1344 ὑποδείκνυσι.
422 1315 471 1343 Καὶ
493 1314 573 1343 πάλιν
591 1323 598 1330 ·
630 1320 720 1354 Δεῦτε,
750 1316 884 1356 κληρονο-

49 1357 160 1391 μήσατε
187 1357 236 1390 τὴν
275 1359 476 1396 ἡτοιμασμένην
515 1360 580 1398 ὑμῖν
609 1361 755 1399 βασιλείαν,
795 1357 883 1392 1Ὀσαιν

49 1400 80 1427 δὲ
112 1400 191 1439 λέγῃ,
209 1401 249 1429 ὅτι
266 1403 407 1442 Πορεύεσθε
428 1405 465 1436 εἰς
492 1405 524 1432 τὸ
551 1406 658 1446 σκότος,
676 1411 753 1436 τοῦτο
769 1408 782 1435 ὸ
798 1410 882 1445 οἶνος,

51 1447 66 1480 ἲ,
99 1447 233 1480 στυπτικὴ
263 1447 428 1480 διδασκαλία.
461 1450 572 1484 Νοήσεις
600 1449 623 1478 δ’
652 1450 683 1479 ἂν
699 1452 743 1480 καὶ
769 1451 879 1484 ἄλλως·

924 912 1022 943 oleum
1035 922 1068 943 ac
1081 912 1181 942 vinum
1197 921 1204 944 :
1220 912 1333 951 oleum,
1350 913 1406 943 hoc
1429 917 1473 943 est
1495 922 1665 944 Sermonem
1681 913 1754 944 doc-

925 957 1074 998 trinaz,qui
1087 967 1140 997 prr
1151 958 1252 988 suavia
1268 967 1322 988 nos
1344 957 1517 988 adhortatur
1532 969 1539 987 :
1559 958 1656 988 vinum
1671 967 1754 997 vero,

923 1011 1093 1033 sermonem
1108 1002 1157 1042 qui
1171 1011 1224 1042 per
1240 1002 1405 1033 austeriora
1419 1002 1533 1032 inducit
1548 1002 1586 1033 ad
1603 1002 1753 1033 virtutem.

923 1046 1057 1087 Exempli
1069 1045 1175 1087 gratia,
1189 1046 1306 1086 quando
1317 1046 1403 1077 audis
1414 1046 1572 1077 Dominum
1583 1046 1731 1077 dicentem
1744 1061 1750 1081 ;

922 1091 1029 1122 Venite
1040 1091 1076 1121 ad
1092 1100 1150 1128 me,
1168 1095 1198 1121 et
1220 1100 1274 1131 ego
1290 1091 1464 1122 refocillabo
1480 1101 1547 1121 vos:
1567 1091 1623 1122 hoc
1640 1092 1751 1129 oleum,

923 1135 1104 1167 hilaritatem
1119 1135 1199 1167 enim
1217 1139 1248 1166 et
1265 1135 1396 1176 quietem
1413 1135 1553 1166 ostendit.
1572 1135 1608 1166 Et
1622 1139 1728 1167 iterum
1745 1145 1752 1167 :

925 1180 1195 1221 Venite,possidete
1207 1184 1403 1220 praeparatum
1417 1180 1498 1210 vobis
1509 1189 1644 1219 regnum.
1658 1179 1754 1216 Quan-

926 1225 964 1256 do
980 1229 1079 1256 autem
1098 1225 1169 1255 dicit.
1186 1234 1192 1256 :
1217 1223 1258 1255 Ite
1275 1225 1304 1255 in
1321 1224 1460 1256 tenebras
1475 1235 1481 1253 :
1510 1225 1609 1255 vinum
1627 1228 1681 1264 est,
1698 1225 1754 1255 hoc

927 1274 971 1300 est
985 1270 1131 1300 austerior
1146 1269 1283 1300 doctrina
1297 1280 1304 1299 :
1323 1269 1494 1309 Intelligere
1511 1278 1595 1309 potes
1610 1273 1638 1300 et
1654 1269 1751 1300 aliter.

927 1314 1033 1346 Oleum
1046 1315 1205 1345 humanam
1220 1314 1366 1354 signiﬁcat
1382 1314 1752 1351 conversationem,vinum

927 1359 1105 1396 divinam,ut
1116 1360 1174 1390 tale
1184 1359 1254 1400 quid
1267 1359 1363 1390 dicam
1377 1370 1383 1391 ε
1399 1358 1543 1390 Dominus
1558 1358 1616 1388 alia
1624 1359 1755 1389 humano

927 1413 1011 1435 more
1022 1403 1382 1444 Operabatur,aliaautem
1396 1402 1679 1434 divinoJiumanum
1693 1406 1757 1434 erat

923 1448 1083 1481 comedere
1099 1453 1128 1479 et
1145 1448 1260 1486 bibere,
1280 1454 1309 1480 et
1324 1449 1411 1479 vitam
1428 1448 1569 1478 laxiorem
1587 1450 1707 1488 sectari,
1725 1451 1754 1479 et

45 1489 141 1518 ἔλαιον
185 1491 233 1525 τὴν
276 1493 343 1520 κατὰ
386 1493 522 1533 ἄνθρωπον
550 1494 696 1535 διαγωγὴν,
727 1496 802 1525 οἶνον

999 1493 1202 1525 austeritatem
1220 1502 1280 1533 pra;
1296 1503 1328 1524 se
1345 1494 1435 1531 ferre,
1455 1498 1487 1524 ut
1498 1493 1648 1524 Joannes:
1666 1497 1753 1533 atque

46 1536 120 1562 κατὰ
149 1536 224 1573 Θεὸν,
243 1537 303 1565 οἶόν
317 1549 342 1565 τι
359 1537 430 1578 λέγω
447 1548 453 1555 ’
482 1534 510 1568 Ὀ
539 1540 630 1579 Κύριος
657 1542 690 1570 τὰ
717 1541 765 1579 μὲν
780 1542 883 1581 ἀνθρω-

49 1579 129 1611 tivo;
155 1581 270 1619 ἐνήργει,
302 1583 334 1610 τα
363 1582 401 1622 δὲ,
437 1585 546 1616 θεῒκώς.
580 1586 615 1614 Τὸ
645 1586 693 1624 μὲν
714 1587 764 1626 γὰρ
789 1579 883 1615 ἐσθίειν

51 1626 100 1653 καὶ
130 1625 225 1663 πίνειν,
254 1628 297 1654 καὶ
326 1628 370 1655 τὸν
399 1627 490 1656 ἄνετον
517 1630 572 1667 βίον
608 1625 792 1669 μεταδιώκειν,
823 1631 883 1660 ἀλλ’

53 1670 120 1709 olli
142 1669 346 1710 σκληραγωγίαν
368 1672 552 1711 ἐνδείκνυσθαι,
583 1675 672 1714 ὥσπερ
700 1677 714 1703 ὁ
744 1675 881 1717 Ἰωάννης,

55 1718 135 1742 τ(ιῦτο
161 1715 214 1743 ἐστι
244 1718 275 1744 τὸ
303 1716 402 1748 ἔλαιον,
435 1713 466 1746 Ἠ
497 1717 523 1746 δὲ
552 1719 612 1753 Ξένη
641 1713 748 1753 νηστεία
763 1722 834 1750 κειὶὸ
857 1713 882 1749 ἐν

53 1759 175 1798 Θαλαστῃ
205 1762 361 1800 περίπατος,
385 1764 429 1791 γαὶ
455 1763 504 1792 ὅσα
525 1763 592 1792 ἄλλα
626 1768 675 1798 τῆς
704 1766 774 1798 θείας
802 1765 877 1794 δυνά-

53 1815 141 1840 μεως,
171 1808 252 1834 ταῦτα
276 1807 345 1835 ἐστιν
368 1809 382 1836 ὁ
404 1809 491 1840 οἶνος,
514 1808 587 1847 Οῗνῳ
621 1811 670 1849 γὰρ
707 1810 882 1839 ἀπεικαστέον

52 1850 104 1882 τὴν
127 1850 251 1888 Θεότπτα,
276 1851 309 1886 ἣν
332 1852 444 1886 ἄκρατον
474 1855 631 1894 ὑπενεγκεῖν
660 1854 743 1886 obde};
759 1855 790 1883 οἵν
818 1855 881 1890 ἠδυ-

51 1895 132 1930 νήθη,
152 1896 173 1923 εἰ
195 1897 233 1933 μὴ
250 1899 293 1925 καὶ
308 1900 338 1926 τι)
354 1897 442 1927 ἔλαιον
476 1900 521 1934 ἦν,
550 1900 683 1928 τουτέστιν
708 1901 725 1934 ἡ
748 1901 816 1929 κατὰ
832 1900 881 1928 ἅν-

925 1539 981 1570 hoc
992 1539 1081 1570 fuerit
1091 1539 1188 1570 oleum
1197 1538 1358 1579 .Jejunium
1368 1548 1437 1569 Vero
1452 1537 1633 1576 mirabile,et
1643 1538 1751 1569 ambu-

925 1583 995 1614 latio
1010 1583 1041 1614 in
1053 1584 1138 1622 mari,
1160 1588 1188 1614 et
1199 1583 1263 1614 aliae
1275 1583 1382 1613 divinae
1395 1583 1534 1620 virtutes,
1552 1583 1652 1614 vinum
1671 1587 1751 1613 sunt.

926 1628 1002 1659 Vino
1025 1629 1104 1660 enim
1121 1628 1282 1660 assimilata
1306 1632 1351 1659 est
1369 1628 1477 1665 deitas,
1495 1637 1582 1668 quam
1603 1637 1752 1659 meracam

925 1673 1073 1704 sustinere
1099 1683 1133 1704 ac
1158 1673 1236 1704 ferre
1259 1672 1359 1703 nullus
1385 1677 1493 1713 posset,
1518 1673 1573 1703 nisi
1599 1676 1628 1703 et
1656 1672 1752 1703 oleum

923 1718 1052 1755 adesset,
1070 1718 1126 1749 hoc
1142 1723 1186 1750 est
1200 1719 1359 1749 humanior
1372 1718 1568 1748 conservatio.
1580 1718 1614 1748 Et
1628 1718 1754 1757 proinde

925 1762 993 1803 quia
1010 1773 1061 1803 per
1073 1768 1197 1804 utraque
1210 1773 1264 1794 nos
1276 1763 1415 1798 servavit,
1429 1762 1613 1793 divinitatem
1632 1762 1752 1803 inquam

925 1812 953 1839 et
969 1808 1182 1839 humanitatem
1202 1819 1208 1838 :
1229 1812 1389 1849 propterea
1405 1807 1477 1837 dicit
1494 1807 1594 1838 vinum
1611 1810 1639 1837 et
1654 1807 1752 1838 oleum

924 1852 1162 1883 351iuiudisse.
1183 1852 1217 1883 Et
1233 1853 1365 1892 quotidie
1387 1851 1435 1892 qui
1466 1851 1651 1891 baptizantur
1675 1850 1752 1881 libe-

925 1901 1028 1928 rantur
1044 1906 1060 1927 a
1073 1897 1244 1927 vulneribus
1261 1897 1378 1933 animm,
1397 1896 1462 1926 oleo
1479 1896 1598 1936 quidem
1611 1896 1753 1935 unguenti

49 1940 159 1978 ϐρωπον
187 1940 318 1982 διαγωγή.
351 1942 424 1971 Ἐπεὶ
467 1950 510 1973 οὐν
549 1943 583 1972 δι’
627 1944 782 1985 ἀμφοτέρων
810 1946 818 1972 i

986 1942 1025 1973 ti:
1045 1942 1142 1972 statim
1160 1947 1257 1973 autem
1274 1941 1530 1972 communicantes
1543 1946 1573 1971 et
1585 1940 1676 1970 divini
1688 1949 1751 1970 san-

52 1983 149 2029 ἔσωσε,
173 1987 295 2020 θεύτητός
318 1999 388 2028 φημι
418 1988 465 2017 καί
492 1983 707 2029 ἀνθρωπότητος,
731 1983 780 2018 γδιὰ
806 2001 820 2018 τ

983 1987 1021 2018 iis
1042 1987 1198 2027 participes
1220 1987 1304 2018 ﬁunt.
1331 1987 1423 2016 Porro
1444 1985 1588 2016 Dominus
1613 1985 1752 2025 imposuit

52 2028 161 2068 λέγεται
184 2032 258 2060 οἶνον
287 2034 331 2061 καὶ
353 2032 442 2061 ἔλαιον
465 2033 587 2074 ἐπιχέαι.
613 2035 661 2063 Καὶ
686 2028 744 2063 καθ’
766 2035 821 2063 ἑκάς

983 2032 1053 2063 ciam
1070 2035 1201 2063 nostram
1219 2036 1355 2062 naturam
1371 2040 1461 2071 super
1471 2030 1752 2071 propriumjumen-

53 2073 80 2101 δὲ
113 2075 137 2103 οἱ
173 2077 372 2115 βαπτιζόμενοι,
420 2082 473 2106 τῶν
508 2080 664 2118 ’ραυμάτων
693 2083 740 2113 τῆς
788 2082 822 2117 ψυ

980 2087 996 2114 I,
1015 2078 1070 2107 hoc
1086 2080 1142 2114 est,
1160 2085 1252 2117 super
1267 2086 1374 2116 corpus
1400 2085 1498 2107 suum.
1516 2075 1649 2107 Membra
1674 2075 1749 2106 enim

55 2120 282 2159 ὰπκλλάττονται,
323 2123 403 2160 ἐλαὶῳ
438 2124 486 2161 μὲν
530 2124 577 2152 τοῦ
612 2125 691 2164 μύρου
729 2125 824 2164 χριόμε

990 2131 1044 2152 nos
1070 2121 1139 2152 fecit
1166 2128 1194 2152 et
1218 2121 1376 2161 participes
1390 2121 1435 2150 sui
1462 2121 1614 2161 corporis:
1639 2129 1751 2160 nosque

53 2167 127 2197 tam;
155 2165 182 2194 δὲ
219 2171 417 2206 κοινωνοῦντες,
436 2169 480 2196 καὶ
502 2172 548 2197 τοῦ
568 2169 636 2198 Θείου
665 2170 779 2207 α”ματος
802 2182 822 2208 μ

982 2175 1024 2196 mo
1042 2167 1103 2196 loco
1120 2166 1194 2197 sitos
1211 2166 1308 2206 posuit
1325 2166 1353 2195 in
1370 2165 1549 2204 dignitatem
1566 2165 1657 2202 illam,
1674 2169 1751 2198 utet

921 2211 1057 2251 ejusdem
1069 2210 1312 2251 corporissimus.
1323 2210 1523 2241 Diversorium
1537 2214 1633 2240 autem
1644 2209 1750 2240 Eccle-

921 2256 965 2287 sia
976 2261 1030 2293 est,
1049 2266 1114 2296 qua:
1127 2265 1231 2286 omnes
1246 2256 1391 2296 suscipit;
1413 2256 1457 2286 lex
1474 2255 1553 2286 enim
1571 2265 1630 2285 non
1647 2264 1751 2285 omnes

921 2301 1112 2341 suscipiebat.
1130 2299 1254 2331 Moabita
1264 2300 1356 2336 enim,
1371 2300 1451 2338 dicit,
1469 2305 1498 2331 et
1512 2300 1749 2331 Ammonilanon

52 2209 243 2247 λαμϐάνοντες.
275 2212 428 2241 ’Ᾱνεϐίϐαοε
455 2212 484 2241 δὲ
519 2215 533 2241 ὁ
569 2215 659 2249 Κύριος
681 2215 728 2248 τὴν
758 2225 867 2254 ιραυμα

51 2258 188 2284 τις-θεῖσαν
217 2258 295 2294 ἡμῶν
324 2258 398 2297 φύσιν
428 2258 470 2287 ἐπὶ
492 2260 522 2286 τὸ
544 2258 613 2287 ἴδιον
648 2260 798 2299 ὑποζύγιον,
815 2271 877 2288 του-

50 2303 152 2338 τέστιν,
181 2303 224 2331 ἐπὶ
259 2304 289 2331 τὸ
314 2307 392 2341 σῶμα
420 2306 498 2333 αὐτοῦ
515 2312 522 2320 ⁴
553 2303 622 2341 μέλη
645 2305 694 2344 γὰρ
714 2305 793 2333 rat-31:05
810 2306 879 2343 ἡμᾶς

51 2347 175 2384 ἐποίησε,
204 2349 248 2376 καὶ
278 2350 420 2381 κοινωνοὺς
440 2353 486 2378 τοῦ
517 2350 640 2387 σώματος
657 2350 747 2390 αὒτιιῧ,
763 2350 836 2378 κάτω
851 2361 879 2379 τε

51 2393 190 2430 κειμένους
224 2393 377 2423 ἀνεϐίϐασεν
415 2396 457 2423 ἓπὶ
486 2395 534 2428 τὴν
562 2394 635 2427 ἀξίαν
664 2395 778 2432 ἐκείνην,
809 2395 877 2423 ὥστε

51 2438 210 2475 συππώμους
239 2440 309 2476 αὐτῷ
324 2439 406 2468 εἶναι.
438 2439 604 2479 Πανδοχεῒον
619 2438 646 2467 δὲ
676 2440 693 2474 ἡ
719 2439 874 2477 Ἐκκλησία,

57 2485 71 2517 ἦ
101 2483 187 2511 πάν-τι
214 2483 399 2524 ὑποδεχομένη
419 2496 424 2502 ·
443 2486 456 2512 ὁ
473 2484 520 2522 μὲν
549 2485 598 2523 γὰρ
621 2485 713 2525 νόμος,
736 2485 764 2512 οὗ
780 2485 879 2518 πάντας

53 2527 174 2568 ἐδέχετο.
203 2528 344 2563 Μωαϐίτης
365 2531 427 2570 γὰρ,
460 2530 534 2570 φησὶ,
566 2529 608 2557 καὶ
637 2529 803 2566 Ἀμμα-ιίτης
833 2530 879 2558 οὒκ

54 2573 228 2602 εἰσελεύσεται
254 2575 290 2605 εἷς
327 2574 487 2609 Ἐκκλησίαν
515 2577 592 2605 Θιοῦ.
627 2577 678 2603 Νῦν
706 2572 733 2601 δὲ
757 2575 785 2602 ἐν
801 2575 879 2603 παντὶ

921 2345 1072 2377 intrabunt
1091 2346 1119 2376 in
1136 2345 1298 2376 Ecclesium
1319 2345 1383 2377 Dei.
1401 2345 1484 2376 Nunc
1507 2350 1606 2376 autem
1624 2344 1653 2374 in
1669 2344 1750 2375 omni

919 2395 1005 2432 gente
1016 2391 1066 2431 qui
1077 2391 1160 2421 timet
1181 2391 1285 2425 Deum,
1299 2395 1440 2430 acceptus
1456 2394 1500 2421 est
1516 2391 1556 2428 ei,
1574 2390 1662 2420 modo
1679 2389 1749 2419 velit

919 2436 1044 2467 credere
1060 2439 1088 2466 et
1100 2444 1166 2476 pars
1179 2435 1243 2466 ﬁeri
1257 2435 1477 2475 Ecclesimquaa
1488 2444 1593 2466 omnes
1607 2438 1749 2475 peccato-

919 2491 967 2512 res
977 2485 1005 2512 et
1015 2480 1190 2522 publicanos
1202 2480 1419 2521 suscipit.Vide
1432 2481 1502 2512 item
1511 2486 1539 2511 rt
1551 2479 1749 2520 diligentiam,

920 2526 1068 2567 quomodo
1080 2526 1205 2563 ducens,
1223 2527 1330 2567 inquit,
1350 2526 1380 2556 in
1407 2526 1618 2564 diversorium,
1647 2534 1748 2555 curam

919 2572 984 2611 ejus
996 2570 1099 2610 egerit.
1110 2570 1183 2601 Nam
1199 2572 1280 2611 prius
1296 2580 1383 2612 quam
1396 2571 1425 2601 in
1438 2571 1495 2602 hoc
1508 2571 1641 2608 duceret,
1655 2569 1750 2600 soluta

53 2619 119 2647 ἔθνει
148 2620 162 2647 ὁ
188 2618 350 2659 φοϐούμενος
376 2620 420 2647 τὸν
443 2620 507 2648 Θεὸν
529 2618 620 2651 δεκτὸς
649 2619 719 2655 αὖτῷ
734 2618 800 2655 ἐστι,

980 2616 1051 2654 gavit
1064 2616 1195 2648 vulnera.
1211 2616 1284 2652 Quid
1300 2616 1390 2656 igitur
1406 2620 1450 2646 est
1474 2615 1552 2656 quod
1568 2613 1659 2647 dico?
1675 2614 1749 2650 Quia

52 2663 104 2692 λων
134 2658 283 2705 πιστεῦσαι,
312 2665 355 2693 καὶ
382 2665 462 2704 μέρος
489 2663 609 2704 γενέσθαι
636 2663 684 2698 τῆς
705 2658 821 2698 Ἐκκλησ

977 2670 985 2691 1
1002 2660 1160 2692 constituta
1172 2661 1370 2701 estEcclesia,
1383 2665 1411 2691 et
1424 2661 1533 2692 factum
1551 2664 1596 2691 est
1613 2659 1746 2689 divorso-

52 2709 155 2740 Πάντας
181 2709 231 2749 γὰρ
256 2708 429 2750 ὑποδέχεται,
457 2710 501 2738 καὶ
529 2709 703 2748 ἁμαρτωλοὺς
731 2709 774 2737 καὶ
790 2719 821 2737 τε

975 2707 1067 2743 n,hoc
1079 2710 1174 2743 est,ex
1184 2706 1324 2737 omnibus
1335 2707 1429 2737 ferme
1437 2705 1639 2746 gentibusﬁde
1650 2708 1744 2744 aucta,

50 2765 104 2787 νας.
138 2749 212 2794 "Op:
241 2753 268 2782 δέ
296 2755 345 2789 τὴν
375 2754 519 2795 ἀκρίϐειαν,
550 2757 607 2786 πῶς
636 2765 729 2794 φησιν,
753 2753 819 2782 ὅτιό

980 2752 1118 2783 :fuerunt
1129 2757 1158 2783 et
1169 2753 1298 2793 Spiritus
1311 2753 1404 2783 sancti
1421 2754 1512 2789 dona,
1525 2756 1554 2784 et
1570 2751 1693 2782 dilatata
1704 2760 1749 2789 est

51 2800 142 2840 γαγὼν
172 2800 209 2832 εἷς
237 2800 268 2829 τὸ
297 2799 472 2842 πανδοχεῖον,
504 2799 658 2838 ἐπεμελήθη
687 2799 765 2828 αὑτοῦ
781 2808 788 2816 ·
817 2813 820 2818 ·

975 2798 1013 2828 tia
1022 2797 1075 2829 Dei
1090 2805 1097 2828 :
1114 2797 1144 2828 id
1160 2798 1238 2839 quod
1265 2807 1298 2828 ex
1322 2797 1403 2829 Actis
1418 2797 1620 2838 apostolorum
1637 2795 1744 2833 disces,
