1949 3077
112 171 174 203 837

484 169 706 202 ENARRATIO
729 169 769 201 IN
794 163 1049 199 EVANGELIUM
1074 164 1195 195 LUCE.
1219 180 1258 188 --
1281 165 1363 195 CAP.
1387 165 1440 195 XI.

1756 160 1815 193 858

110 237 211 278 τριάδα
237 237 336 270 πίστιν,
369 237 450 270 Φίλος
480 237 530 277 γὰρ
564 236 725 277 παρεγένετο
751 235 879 266 τουτέστι»

1058 239 1116 276 est,
1133 235 1223 268 ﬁdem
1245 235 1276 267 in
1291 235 1479 268 Trinitatem.
1499 235 1621 267 Amicus
1634 235 1714 266 enim
1730 242 1814 265 meus

115 281 231 322 ἄγγελος
266 284 280 311 ὁ
308 283 358 317 τὴν
384 283 475 323 ψυχὴν
501 280 727 320 παραλαμϐάνων.
751 280 832 313 Φίλος
846 280 874 309 δὲ
902 280 946 308 καὶ

116 331 169 361 πᾶς
204 327 331 368 ἅγγελος,
368 328 435 356 καθὰ
513 328 555 356 καὶ
570 327 584 356 ὁ
602 327 697 367 Κύριός
711 334 788 368 φησι⁸
813 327 887 366 Χαρᾶι
901 325 946 364 γί-

115 383 189 401 νεται
225 373 252 402 ἒν
294 373 396 412 οὖρανῷ
424 372 467 401 ἐπὶ
510 372 629 411 σωτηρίᾳ
673 371 823 412 ἀνθρώπου.
853 371 892 400 τὰ
919 369 946 398 δὲ

115 417 209 446 παιδία
243 418 275 446 τὸ
305 411 348 446 ἰπὶ
383 417 431 450 τῆς
469 417 562 450 κλίνης
592 411 793 457 ἀναπαυόμενα,
831 416 895 444 εἰσὶν
920 411 945 442 οἶ

115 461 289 502 στραφέντες,
318 462 363 490 καὶ
391 461 531 500 γεγονότες
560 462 598 494 ὡς
629 462 661 491 τὰ
689 459 791 498 παιδία,
804 460 847 488 καὶ
861 459 944 494 ἠξιω-

113 507 193 545 μένοι
228 510 267 544 τῷ
302 507 388 546 Κυρίῳ
429 505 668 538 ωναναπαύεαθαι,
685 504 834 534 Ἀναίδειαι
852 504 879 533 δὲ
894 504 944 532 λέ-

115 562 158 590 γει
187 552 236 586 τὴν
271 551 330 589 μεθ’
363 552 501 589 ὑπομονῆς
539 550 734 589 ὶπιτεταμένην
777 550 942 590 προσευχὴν.

116 597 180 626 Non
216 596 244 625 δὲ
272 597 315 625 γαὶ
347 596 448 631 ἄλλως,
479 596 652 633 μεσονύκτιον
687 595 749 633 μὲν,
779 596 828 629 τὴν
843 594 946 632 ἀκμὴν,

115 642 162 669 καὶ
186 642 218 670 τὸ
244 641 404 679 μεσαίτατον
441 644 495 670 τῶν
532 644 699 681 πειρασμῶν,
739 640 790 673 Νὺξ
826 639 875 678 μὲν
897 640 948 679 γὰρ

116 689 170 719 πᾶς
198 687 357 726 πειρασμὸς,
388 686 562 724 μεσονύκτιον
606 685 634 714 δὲ
669 687 777 718 πάντως
804 686 835 714 τδ
865 684 947 723 μέσον

115 735 171 760 τῶν
204 731 370 770 πειρασμῶν.
396 727 484 760 ’Ὀταν
512 730 557 759 οὖν
590 741 631 763 τις
647 730 674 759 ἐν
696 730 788 766 μέσοις
804 737 862 762 τοῖς
883 740 945 758 πει-

117 783 234 816 ρασμοῒς
262 776 385 814 γένηται,
423 776 601 816 προσέρχεται
629 778 669 812 τῷ
716 774 834 815 φιλοῦντι
873 776 946 812 ἡμᾶς

117 825 187 858 Θεῷ,
215 822 258 849 καὶ
280 820 363 860 λέγει·
402 821 508 861 Χρῆσόν
541 832 588 859 μοι
616 828 690 860 τρεῖς
704 821 811 860 ἄρτους,
827 821 877 854 τὴν
891 831 946 848 σω-

114 866 210 904 τηρίαν
239 865 284 894 τοῦ
313 866 449 904 σώματος,
478 866 522 894 καὶ
551 868 599 900 τῆς
616 868 721 906 ψυχῆς.
744 865 849 894 καὶτοῦ
864 865 947 894 πνεύ-

987 279 1120 318 advenit,
1136 281 1194 312 hoc
1222 285 1280 319 est,
1305 281 1428 320 angelus
1455 282 1505 322 qui
1530 281 1659 312 animam
1674 279 1813 311 assumit.

987 324 1111 356 Amicus
1126 326 1223 357 autem
1240 331 1286 357 est.
1309 327 1408 357 omnis
1423 325 1558 366 angelus,
1575 325 1652 357 sicut
1667 329 1696 356 et
1710 324 1814 356 Domi—

988 378 1044 399 nus
1056 369 1130 401 dixit
1152 370 1232 410 quod
1260 370 1399 409 gaudium
1425 370 1534 402 factum
1559 375 1605 401 est
1626 370 1656 400 in
1682 369 1761 400 coelo
1777 368 1814 399 de

987 413 1082 446 salute
1094 415 1435 447 hominis.Pueriautem
1451 416 1501 456 qui
1513 415 1542 446 in
1555 415 1630 446 lecto
1642 414 1812 456 quiescunt,

985 462 1056 491 sunt
1077 459 1108 490 hi
1123 460 1171 500 qui
1187 460 1329 491 conversi
1351 464 1431 500 sunt,
1455 464 1484 491 et
1507 459 1574 490 lacti
1589 464 1658 490 sunt
1673 463 1704 489 ut
1718 458 1814 499 pueri,

985 510 1016 536 οἱ
1031 504 1113 544 digni
1127 504 1221 535 habiti
1236 509 1305 535 sunt
1320 505 1373 546 qui
1386 504 1577 545 quiescerent
1593 514 1659 536 cum
1675 503 1812 538 Domino.

985 548 1206 590 Impudentiam
1223 554 1322 581 autem
1341 554 1370 580 et
1382 549 1600 590 improbitatem
1618 549 1692 580 dicit
1707 548 1814 580 oratio-

989 602 1058 625 nem
1073 598 1216 625 attentam
1233 603 1301 625 cum
1318 594 1506 626 sustinentia.
1522 594 1656 634 lntellige
1673 598 1701 625 et
1715 594 1812 630 aliter,

990 647 1043 679 per
1060 638 1184 670 mediam
1202 642 1332 676 noctem,
1355 639 1506 679 ingentem
1523 639 1729 670 tentationem.
1750 638 1812 669 Nox

989 683 1069 714 enim
1083 683 1181 714 omnis
1206 683 1352 715 tentatio:
1378 684 1476 715 media
1499 688 1598 715 autem
1624 694 1691 719 nox,
1717 682 1813 714 omnis

990 727 1162 760 tentationis
1176 728 1284 760 fervor.
1303 729 1393 768 igitur
1408 738 1475 760 cum
1490 729 1557 769 quis
1573 729 1601 759 in
1619 728 1733 759 medias
1750 731 1813 759 ten-

989 773 1116 805 tationes
1131 773 1310 813 pervenerit,
1325 774 1439 805 accedit
1455 774 1490 804 ad
1508 774 1600 805 Deum
1616 783 1671 804 nos
1685 772 1813 811 diligen-

990 821 1049 848 tem
1066 822 1096 849 et
1109 818 1181 849 dicit
1198 829 1204 848 :
1219 819 1382 850 Commoda
1398 819 1471 850 mihi
1488 824 1547 849 tres
1567 827 1672 859 panes,
1688 817 1812 848 salutem

988 863 1124 904 corporis
1138 863 1264 901 scilicet,
1283 867 1311 894 et
1333 864 1450 900 animae,
1469 868 1498 895 et
1521 863 1656 904 spiritus.
1680 862 1814 893 Timetur

115 899 214 948 ματος.
250 911 318 940 ’Λπὸ
349 899 399 951 ξαρ
433 899 485 939 τῶν
515 899 674 951 πειρασμῶν
699 910 768 951 δέος,
792 911 832 949 μὴ
853 922 884 939 κι¹

1041 899 1068 938 in
1094 917 1132 938 ne
1150 908 1207 938 tria
1230 899 1294 939 haec
1322 917 1375 948 per
1398 899 1574 939 tentationes
1597 907 1810 948 periclitentur.

114 955 195 994 νεάτῃ
227 960 308 986 ταῦτα
343 956 376 984 τὰ
401 956 474 995 τρία.
519 956 563 988 Τίς
579 954 606 983 δὲ
623 956 637 984 6
658 955 732 995 φίλος
749 957 763 984 ὁ
790 956 944 995 παραγενό-

114 1011 197 1039 μενος
225 1000 250 1033 ἐξ
279 999 363 1037 ὁὸοὒς
398 994 429 1028 ’Β
459 1001 564 1034 πάντως
594 1001 608 1029 6
635 994 728 1040 Κιίριος
753 1001 767 1028 6
794 994 945 1038 δοκιμάζων

114 1047 187 1083 ἡμᾶς
215 1045 242 1074 ἰν
256 1052 314 1078 τοῖς
329 1052 501 1085 πειρασμοῖς,
525 1046 570 1074 καὶ
585 1045 669 1074 θέλων
688 1052 786 1086 φαγεῖν
800 1045 851 1079 τὴν
871 1046 943 1083 ἡμε-

112 1090 194 1129 τέραν
220 1091 378 1130 σωτηρίανς
404 1095 457 1120 οὐκ
492 1090 551 1130 ἔχει
580 1089 608 1118 δὲ
645 1090 671 1118 τί
694 1090 842 1130 παραθὴοει
857 1091 943 1126 τούτῳ

115 1135 131 1163 6
161 1135 188 1163 ἐν
215 1141 274 1166 τοῖς
303 1141 464 1174 πειρασμοῖς
485 1134 620 1173 ἐμπεσὼν,
660 1136 704 1164 καὶ
746 1135 861 1164 ἀσθενῶν
896 1136 942 1176 ἀφ’

116 1179 212 1208 ἑαυτοῦ
246 1179 400 1213 ἀντιστῆναι
435 1180 550 1217 τούτοις,
581 1181 624 1209 καὶ
666 1182 822 1220 θεραπεῦσαι
863 1181 939 1211 Θεὸν.

115 1225 155 1254 Τὸ
181 1224 208 1252 δὲ
236 1223 387 1258 κλεισθῆναι
415 1225 465 1256 τὴν
488 1225 576 1264 θύραν,
606 1228 684 1254 τοῦτο
722 1227 857 1266 σημαίνει,
900 1225 940 1254 ὅτι

114 1267 160 1297 δεῖ
187 1270 237 1308 πρὸ
264 1270 318 1298 τῶν
345 1273 500 1309 πειρασμῶν
527 1271 600 1308 ἡμᾶς
629 1270 700 1299 εἶναι
715 1271 941 1310 ἡτοιμασμένους,

115 1313 184 1342 ἐπὰν
215 1313 243 1342 δὲ
279 1314 449 1352 ἐμπέσωμεν,
481 1314 631 1343 κέκλεισται
667 1316 684 1349 ἡ
713 1317 763 1349 τῆς
787 1316 940 1354 ἑτοιμασίας

115 1359 191 1398 θύρα,
227 1360 272 1387 καὶ
303 1358 439 1396 ἀνέτοιμοι
476 1359 666 1398 εὑρισκόμενοι,
697 1360 720 1389 εἰ
761 1361 800 1398 μὴ
824 1362 839 1389 6
874 1362 940 1394 Θεὸς

114 1404 244 1442 βοηθήσει
272 1402 490 1441 κινδυιεύσωμεν,
520 1403 614 1433 Παιδία
643 1404 683 1442 δὲ,
722 1406 790 1434 καθὰ
837 1417 940 1444 προαπο

114 1447 256 1486 ιδόθησαν,
281 1448 337 1477 εἷεν
374 1448 405 1477 ἄν
421 1449 444 1478 οἱ
459 1450 596 1488 γενόμενοι
610 1450 659 1479 uici
680 1452 726 1478 τοῦ
741 1453 806 1478 Θεοῦ
828 1449 862 1479 δι’
877 1450 942 1490 ἀρε-

114 1496 179 1531 τῆς,
210 1494 254 1522 καὶ
284 1492 497 1531 ἀνακλινόμενοι,
528 1495 572 1522 καὶ
606 1494 802 1532 ἀναπαυόμενοι
818 1495 846 1523 ἐν
874 1498 943 1533 Θεῷ,

985 951 1057 990 Quis
1072 960 1171 984 autem
1188 953 1303 985 amicus
1319 958 1363 985 est
1379 954 1429 994 qui
1442 953 1523 986 venit
1542 955 1579 985 de
1591 953 1662 984 via?
1683 952 1812 984 Omnino

985 997 1196 1039 Dominus,qui
1211 999 1315 1039 probat
1329 1008 1383 1029 nos
1397 999 1695 1036 intentationibus,et
1709 998 1814 1029 avidus

986 1046 1030 1074 est
1041 1043 1148 1075 edendi
1158 1043 1196 1074 de
1206 1044 1300 1074 salute
1316 1047 1440 1076 nostra?
1454 1044 1525 1074 τιδῦ
1536 1043 1599 1075 Non
1613 1043 1700 1074 habet
1710 1047 1810 1074 autem

985 1088 1065 1128 quod
1081 1092 1210 1129 apponat
1225 1089 1333 1126 amico,
1351 1089 1375 1119 is
1391 1089 1440 1129 qui
1456 1089 1486 1119 in
1502 1089 1678 1120 tentationes
1693 1087 1811 1118 incide-

983 1136 1042 1172 rat,
1058 1137 1087 1164 et
1101 1133 1238 1164 inﬁrmus
1255 1143 1308 1174 per
1330 1142 1364 1164 se
1388 1139 1419 1164 ut
1441 1134 1566 1166 obsstat
1587 1133 1659 1170 illis,
1681 1138 1712 1163 et
1727 1136 1811 1163 curet

984 1186 1020 1209 ea
1047 1187 1113 1219 qum
1142 1182 1210 1209 sunt
1237 1177 1302 1210 Dei.
1331 1178 1434 1210 Claudi
1457 1179 1584 1219 januam
1609 1178 1704 1218 signat
1731 1176 1808 1218 quod

983 1227 1118 1262 oporteat
1141 1227 1208 1254 ante
1234 1224 1413 1255 tentationes
1440 1233 1495 1255 nos
1519 1233 1586 1255 esse
1615 1226 1807 1264 praeparatos.

981 1267 1054 1298 Cum
1071 1272 1168 1299 autem
1185 1268 1391 1309 inciderimus,
1410 1269 1510 1300 clausa
1529 1273 1574 1300 est
1589 1267 1810 1308 praeparationis

979 1313 1079 1351 janua,
1096 1316 1126 1344 et
1139 1313 1191 1354 qui
1219 1313 1408 1344 inveniuntur
1432 1313 1641 1354 impraeparati,
1659 1312 1714 1343 nisi
1732 1312 1809 1343 Deus

980 1357 1138 1397 adjuverit,
1153 1357 1412 1397 periclitabuntur.
1427 1358 1515 1389 Pueri
1525 1358 1718 1393 autem,sicut
1729 1358 1809 1398 prius

981 1402 1105 1440 dictum,
1123 1403 1154 1434 hi
1168 1407 1247 1444 sunt,
1264 1404 1314 1443 qui
1341 1412 1393 1444 per
1414 1404 1550 1434 virtutem
1569 1403 1637 1433 facti
1663 1406 1731 1433 sunt
1756 1401 1807 1433 [iiii

983 1446 1051 1486 Dei,
1065 1453 1096 1479 et
1107 1447 1286 1479 recumbunt
1300 1457 1335 1480 ac
1350 1449 1507 1489 quiescunt
1521 1457 1587 1479 cum
1603 1447 1676 1479 Deo.

159 1550 174 1566 ι
206 1538 287 1578 Κάγὼ
313 1538 377 1576 ὑμῖν
404 1537 486 1577 λέγω·
502 1539 619 1578 Αἰτεῖτε,
642 1539 686 1567 καὶ
700 1538 838 1575 δοθήσεται
858 1541 928 1578 ὑμῖνἲ

1038 1538 1110 1569 'sns.
1127 1536 1208 1569 9-I3.
1227 1549 1240 1565 ι
1265 1539 1300 1569 Et
1320 1547 1374 1578 ego
1394 1537 1461 1568 dico
1476 1537 1579 1569 vobis:
1598 1537 1703 1575 Petite,
1717 1540 1747 1568 et
1760 1536 1807 1567 da-

114 1587 235 1619 ζητεῖτε,
272 1583 316 1611 καὶ
344 1583 479 1622 εὑρήσετε,
530 1583 650 1623 κρούετε,
694 1584 739 1612 καὶ
771 1584 941 1624 ὸνοιγήσιται

83 1626 89 1631 ’
113 1629 192 1666 ὑμῖν,
223 1631 277 1660 Πᾶς
307 1629 356 1668 γὰρ
390 1629 404 1656 6
420 1629 500 1656 αἰτῶν
515 1627 656 1666 λαμϐάνει,
672 1629 717 1657 καὶ
739 1629 752 1657 6
767 1632 854 1665 ζητῶν
870 1631 940 1670 εὑρί-

114 1684 186 1713 σκει,
216 1674 260 1702 καὶ
288 1677 327 1704 τῶ
353 1673 474 1712 κρούοντι
517 1673 699 1712 ἀνοιγήσεται.
731 1675 793 1703 Τίνα
807 1673 834 1702 δὲ
866 1675 940 1713 ὑμῶν

114 1719 161 1747 τὸν
203 1718 304 1758 πατέρα
333 1719 436 1754 αἰτήσει
465 1719 479 1746 ὃ
492 1719 547 1750 υἱὸς
563 1718 653 1758 ἄρτον,
670 1719 709 1756 μὴ
731 1718 801 1747 λίθον
816 1719 940 1748 ἐπιδώσει

116 1764 215 1801 αὖτῷ;
240 1757 273 1792 Ἰ’Π
309 1764 352 1792 καὶ
376 1763 463 1803 ἰχθὺν,
495 1764 533 1800 μὴ
568 1763 624 1791 ἀντὶ
638 1757 729 1803 ἰχθύος
744 1763 803 1804 ὅφιν
817 1763 940 1793 ἐπιδώσει

116 1808 188 1846 αὖτῷ
225 1819 233 1846 ;
265 1803 307 1836 ’Ἠ
336 1809 379 1836 καὶ
409 1808 564 1846 Eduxit-(cn
589 1809 654 1845 ὠὸν,
677 1809 716 1846 μὴ
731 1808 853 1837 ἐπιδώσει
869 1811 940 1847 αὒτῴ

115 1854 265 1893 σκορπίους
296 1854 324 1882 Ei
353 1854 397 1881 οὖν
426 1854 502 1891 δμετς
535 1854 646 1892 πονηροὶ
659 1853 824 1893 ὑπέρχοντες
848 1853 939 1883 οἶδα-τε

113 1897 220 1936 δόματα
248 1898 332 1937 ἀγαθὰ
346 1896 444 1925 διδόναι
459 1904 518 1929 τοῖς
540 1897 643 1930 τέκνοις
663 1898 748 1936 ὑμῶν,
767 1898 842 1935 πόσῳ
866 1899 938 1937 μᾶλ-

112 1943 160 1971 λον
196 1944 210 1971 ὁ
234 1943 326 1982 Πατὴρ
353 1943 367 1971 ὁ
402 1942 436 1983 ἕξ,
457 1944 565 1982 οηόρανιιῡ
580 1942 657 1971 δώσει
674 1946 778 1980 Πνεῦμα
792 1943 869 1983 ἅγιον
880 1950 940 1977 τοῖς

114 1989 231 2018 αἰτοῦσιν
257 1987 358 2019 αὖτόνΙ
383 1999 395 2016 ι
418 1982 491 2027 "Op:
519 1989 549 2016 τὸ
564 1987 669 2026 ἀκριϐὲς
685 1991 734 2022 τῆς
756 1982 862 2021 λέξεως.
886 1991 940 2019 Οὐκ

115 2034 208 2070 εἶπεν,
239 2033 278 2062 ὅτι
316 2034 471 2068 Αἰτήσασθε.
489 2034 532 2061 καὶ
548 2032 697 2073 δοθὴσεται,
725 2032 796 2074 αλλ’,
821 2035 936 2070 Αἰτεῖτε,

114 2079 173 2107 ἀντὶ
195 2082 253 2116 τοῦ,
277 2077 405 2112 διηνεκῶς
419 2081 537 2113 ζητεττε.
557 2081 610 2109 Πᾶς
625 2078 675 2117 γὰρ
696 2079 710 2106 6
734 2079 815 2106 αἰτῶν
835 2078 943 2116 λαμϐα-

115 2135 166 2155 νει.
196 2121 261 2164 ’Ἄρα
290 2123 333 2152 οὖν
365 2124 379 2151 6
414 2123 552 2163 ὰσύιφορα
580 2124 660 2151 αἰτῶν
686 2122 813 2161 λαμϐάνει
831 2132 840 2161 ;
861 2125 940 2164 Οὐχί·

114 2173 222 2209 πρῶτον
256 2169 304 2206 μὲν
330 2168 379 2207 γὰρ
403 2169 420 2202 ἡ
443 2172 495 2196 τῶν
510 2169 667 2208 ἁῖυμφόρων
682 2168 792 2202 αἴτησις
807 2168 864 2198 οὐδὲ
892 2169 940 2197 αἴ-

113 2225 193 2248 τησις
236 2213 267 2242 ἄν
302 2213 412 2247 κληθείη
455 2214 520 2246 πρὸς
548 2214 594 2241 τὸν
623 2214 700 2242 Θεόν.
731 2209 760 2242 Ὀ
771 2214 867 2254 γὰρτῷ
882 2218 939 2252 Θεῷ

113 2258 341 2299 προσευχόμενος,
373 2257 470 2297 ὀφείλει
501 2259 629 2286 αἰτεῖσθαι
665 2259 683 2286 εἰ
703 2258 806 2292 ἐκεῖνος
821 2258 937 2288 δίδωσιν.

115 2300 206 2333 Ποταν
232 2303 259 2331 δὲ
289 2314 330 2335 τις
359 2304 391 2331 τὰ
421 2303 560 2342 ἅσύμφορα
586 2304 712 2343 αἰτεῖται,
749 2305 779 2333 οὗ
801 2305 866 2339 πρὸς
893 2305 938 2332 τὸν

114 2351 181 2378 Θεὸν
209 2355 328 2377 ποιεῖται
357 2349 407 2382 τὴν
443 2350 563 2381 αἳῖησιν·
595 2348 671 2380 οὗτος
692 2349 743 2388 γὰρ
757 2348 895 2389 ἀσύμφορα
908 2351 938 2378 οὗ

112 2394 229 2424 δίδωσιν.
267 2393 391 2423 ’Ἔπειτα
419 2394 497 2422 ἄκουε
526 2394 570 2422 καὶ
598 2394 677 2422 αὐτοῦ
690 2393 737 2421 τοῦ
754 2395 856 2433 Κυρίου,
879 2394 936 2426 πῶς

112 2438 230 2468 διδάσκει
263 2439 333 2476 ἡμᾶς
361 2439 490 2466 αἰτεῖιθιι
506 2439 523 2466 ἆ
546 2437 598 2468 δεῖ.
615 2437 722 2475 ’¹Λρτον
736 2439 798 2478 γὰρ,
815 2439 906 2478 φησὶι,
924 2440 938 2467 ὁ

110 2485 165 2516 υἱὸς
195 2485 239 2512 καὶ
265 2484 341 2524 ἰχθύν
370 2484 414 2511 καὶ
441 2484 493 2511 ὠὸν
515 2484 639 2514 αἰτεῖται,
659 2479 771 2518 ’Ὥσπερ
789 2484 833 2512 οὖν
855 2487 937 2512 ταῦτα

111 2529 249 2569 ἀνθρώπου
274 2529 329 2558 ἐστὶ
357 2529 468 2569 βρῶσις,
496 2528 564 2557 οὕτω
592 2529 684 2557 καὶτὰ
698 2529 834 2566 αἰτήματα
857 2529 936 2565 ἡμῶν

111 2574 261 2615 ὀγείλουσιν
289 2574 361 2603 εἶναι
391 2573 555 2613 συμφέροντα
578 2574 622 2602 καὶ
636 2572 842 2611 συμϐαλλόμενα
855 2574 935 2611 ἡμῖν,

110 2620 173 2649 Non
202 2618 230 2648 δέ
258 2631 317 2657 μοι,
346 2619 386 2647 ὃτι
413 2617 491 2657 ἄρτον
519 2618 568 2656 μὲν
610 2619 723 2647 αἰτεῖται
739 2621 791 2649 πᾶς
807 2619 821 2646 6
835 2619 886 2652 τὴν
902 2619 937 2651 εἰς

109 2663 208 2704 Τριάδα
236 2665 326 2693 πίστιν
354 2662 573 2703 ἀποκαλυφθῆναι
589 2663 668 2700 αὒτῷ,
686 2664 730 2692 καὶ
742 2663 792 2697 τὴν
808 2663 938 2702 ὀρθότητα

108 2711 162 2737 τῶν
190 2708 332 2748 δογμάτων
360 2709 452 2737 αἰτῶν·
503 2707 580 2747 ἄρτος
604 2709 655 2748 γὰρ
683 2708 765 2737 ταῦτά
800 2709 865 2736 εἰσιν
900 2709 938 2739 ὡς

109 2755 266 2794 στηρίζοντα
299 2753 418 2794 καρδίαν.
443 2753 530 2794 Ἰχων
558 2752 585 2782 δὲ
614 2753 685 2782 αἰτεῖ
719 2754 777 2782 δὶν
797 2755 836 2791 τῷ
850 2751 937 2783 τιελᾶ-

148 2834 181 2860 ιεθ
198 2833 279 2868 Psal.
294 2841 356 2874 CIII,
375 2834 423 2867 14.

982 1581 1062 1613 bitur
1078 1581 1181 1620 vobis;
1206 1583 1340 1623 quaerite,
1366 1587 1395 1613 et
1421 1582 1604 1619 invenietis;
1628 1583 1754 1622 pulsate,
1779 1585 1806 1611 et

981 1628 1133 1668 aperietur
1149 1626 1245 1658 vobis.
1264 1627 1367 1659 Omnis
1376 1627 1455 1658 enim
1469 1628 1519 1668 qui
1536 1627 1618 1668 petit,
1633 1626 1761 1666 accipit:
1780 1631 1807 1657 et

982 1673 1032 1713 qui
1047 1671 1164 1712 quaerit,
1187 1672 1323 1704 invenit:
1351 1677 1378 1703 et
1404 1672 1530 1712 pulsanti
1551 1672 1711 1712 aperietur.
1738 1671 1809 1708 Quis

981 1721 1082 1747 autem
1097 1726 1131 1747 ex
1147 1716 1232 1747 vobis
1246 1722 1339 1757 pater.
1363 1726 1381 1748 a
1395 1727 1452 1757 quo
1468 1717 1492 1748 si
1519 1717 1595 1748 [ilius
1619 1716 1739 1757 petierit
1754 1726 1806 1757 pa-

981 1770 1064 1802 nem,
1077 1771 1146 1792 num
1159 1761 1287 1801 lapidem
1299 1762 1379 1792 dabit
1397 1762 1464 1792 illi?
1479 1763 1537 1793 Aut
1557 1763 1581 1793 si
1600 1761 1722 1801 piscem,
1737 1771 1805 1792 num

982 1815 1035 1846 pro
1043 1806 1122 1846 pisce
1131 1809 1302 1845 serpentem
1311 1806 1393 1837 dabit
1405 1806 1467 1838 illi?
1476 1809 1535 1838 Aut
1546 1807 1570 1836 si
1583 1805 1699 1846 petierit
1708 1815 1804 1843 ovum,

982 1859 1052 1881 num
1069 1850 1197 1890 porriget
1211 1850 1254 1881 illi
1270 1850 1419 1890 scorpium
1432 1853 1445 1880 ’ἒ
1457 1851 1488 1882 Si
1504 1859 1574 1890 ergo
1586 1858 1650 1890 vos,
1666 1859 1731 1880 cum
1744 1849 1807 1880 sitis

981 1894 1062 1931 mali,
1080 1895 1173 1926 nostis
1189 1895 1256 1925 data
1278 1895 1356 1926 bona
1370 1895 1441 1925 dare
1457 1895 1525 1925 filiis
1545 1894 1651 1925 vestris
1666 1903 1673 1924 :
1699 1897 1806 1934 quanto

981 1939 1078 1980 magis
1094 1940 1182 1972 Pater
1198 1944 1294 1970 vester
1309 1940 1359 1980 qui
1375 1939 1403 1970 in
1420 1940 1501 1970 cmlis
1514 1945 1568 1976 est,
1578 1937 1804 1979 dabitSpiritum

981 1989 1095 2016 saclum
1113 1984 1305 2025 poscentibus
1313 1993 1346 2016 se
1356 1984 1363 2015 ἰ
1375 1983 1498 2015 »νὶίίειε
1509 1984 1665 2015 verborum
1678 1983 1805 2023 diligen-

983 2029 1064 2060 tiam.
1081 2028 1145 2060 Non
1162 2029 1371 2070 dixit,petetis,
1384 2033 1414 2060 et
1424 2028 1553 2066 dabitur,
1566 2029 1630 2065 sed,
1640 2028 1741 2069 petite,
1753 2029 1806 2059 hoc

985 2078 1040 2111 est,
1053 2074 1192 2105 continuo
1203 2074 1337 2114 quaarite.
1353 2073 1458 2106 Omnis
1473 2075 1551 2105 enim
1566 2073 1616 2115 qui
1631 2074 1711 2114 petit.
1728 2073 1806 2104 acci-

985 2119 1037 2159 pit.
1055 2119 1197 2159 Nunquid
1211 2128 1281 2159 ergo
1298 2124 1327 2150 et
1342 2120 1393 2160 qui
1406 2119 1479 2160 pctit
1492 2128 1558 2160 quae
1573 2129 1632 2149 non
1647 2118 1808 2159 expediuni

982 2163 1115 2205 accipit?
1130 2165 1204 2195 Non.
1218 2164 1318 2195 Primo
1330 2164 1420 2204 igitur
1431 2174 1530 2195 rerum
1539 2166 1690 2195 noxiarum
1705 2164 1806 2204 petitio

982 2218 1042 2240 non
1058 2213 1181 2240 vocatur
1196 2210 1298 2249 petitio
1312 2209 1391 2249 apud
1412 2208 1517 2241 Deum.
1544 2209 1617 2240 Nam
1639 2209 1688 2250 qui
1715 2209 1804 2240 Deum

981 2258 1055 2290 orat,
1068 2253 1156 2284 debet
1166 2257 1268 2294 petere
1278 2263 1344 2294 quae
1354 2254 1404 2285 ille
1416 2254 1476 2285 dat.
1494 2253 1618 2290 Quando
1630 2258 1728 2284 autem
1740 2254 1805 2294 quis

981 2297 1068 2329 noxia
1084 2298 1165 2338 petit,
1185 2308 1245 2329 non
1259 2299 1294 2329 ad
1313 2300 1405 2330 Deum
1430 2298 1602 2339 petitionem
1619 2298 1689 2329 facit
1708 2309 1715 2330 :
1741 2299 1806 2339 ipSr

979 2343 1060 2373 enim
1076 2342 1164 2374 noxia
1187 2353 1244 2374 non
1260 2343 1322 2375 dat.
1348 2344 1476 2383 insuper
1502 2343 1570 2374 audi
1596 2344 1683 2374 etiam
1709 2343 1805 2384 ipsum

979 2386 1138 2418 Dominum
1146 2388 1294 2428 quomodo
1305 2388 1411 2420 doceat
1423 2397 1476 2419 nos
1487 2393 1588 2428 petere
1601 2398 1667 2429 quae
1677 2393 1805 2429 oportet.

981 2433 1217 2473 Panem,inquit,
1227 2436 1258 2464 et
1270 2433 1380 2473 piscem
1397 2437 1426 2464 et
1442 2443 1527 2464 ovum
1541 2433 1619 2464 {ilius
1632 2433 1714 2474 petit.
1727 2433 1810 2465 Sicut

979 2477 1071 2517 igitur
1085 2477 1148 2508 haec
1164 2477 1295 2508 hominis
1311 2482 1380 2509 sunt
1396 2477 1479 2509 cibus
1489 2478 1531 2518 ω,
1549 2478 1589 2509 ita
1605 2482 1634 2509 et
1649 2478 1806 2518 petitiones

979 2526 1089 2553 nostrae
1101 2522 1189 2553 utiles
1200 2523 1287 2553 nobis
1302 2532 1370 2554 esse
1384 2523 1504 2554 debent.
1517 2522 1650 2562 Intelligo
1663 2523 1711 2554 hic
1726 2533 1785 2563 quo
1799 2525 1804 2552 ι

980 2576 1086 2608 panem
1106 2571 1185 2607 petat
1200 2568 1298 2598 omnis
1313 2567 1363 2608 qui
1380 2567 1467 2599 ﬁdem
1482 2568 1511 2598 in
1524 2567 1697 2599 Trinitatem
1714 2572 1743 2599 et
1757 2577 1790 2599 re

979 2611 1152 2643 ctitudinem
1161 2612 1333 2651 dogmatnm
1347 2612 1471 2644 revelari
1481 2612 1539 2643 sibi
1552 2613 1634 2653 petit.
1647 2613 1716 2644 Haec
1727 2613 1804 2643 enim

979 2666 1032 2688 cor
1046 2656 1123 2688 sicut
1138 2657 1220 2696 panis
1235 2658 1423 2689 conﬁrmant.
1437 2658 1473 2689 At
1488 2658 1597 2698 piscem
1609 2657 1692 2698 petit,
1709 2658 1758 2699 qui
1776 2658 1802 2688 i~~.

980 2702 1055 2733 mari
1070 2702 1136 2733 vitae
1147 2702 1235 2742 hujus
1244 2707 1300 2739 est,
1315 2709 1343 2733 et
1358 2703 1463 2743 quaerit
1474 2713 1491 2734 a
1501 2703 1563 2735 Deo
1574 2704 1766 2744 adjutorium,
1777 2712 1804 2734 ιιε

979 2748 1011 2782 in
1021 2746 1128 2781 mediis
1140 2747 1351 2782 tentationibus
1363 2757 1422 2782 non
1428 2747 1646 2791 submergatur,
1655 2749 1708 2783 sed
1720 2749 1805 2789 vivat,
