1949 3077
213 144 274 178 879

693 147 991 181 THEOPHYLACTI
1012 148 1219 182 BULGARIE
1240 150 1417 183 ARCHIEP.

1840 151 1891 183 880

215 218 323 259 poenis,
345 218 440 259 iisque
463 217 644 249 ardentibus.
674 219 775 260 Itaque
801 221 830 251 in
854 220 1007 261 spirituale

1094 217 1265 247 ποϐάλλοντα
1307 221 1459 260 τιμωρίαις,
1495 222 1539 249 καὶ
1573 221 1680 253 ταύταις
1710 220 1738 248 ἐν
1773 221 1843 258 πυρί,
1862 221 1892 250 εἰς

214 262 418 295 fortitudinem
433 263 517 302 ungit
538 267 567 293 et
581 269 726 303 praeparat
740 265 851 296 amicos
866 275 937 297 suos
951 267 1037 298 Chri-

214 313 288 345 stus,
306 311 540 347 testesquesuos
554 307 632 345 facit,
650 318 684 339 ac
706 309 836 340 humano
852 314 930 341 metu
947 311 1035 341 exuit.

212 352 354 384 Homines
370 353 463 390 enim,
480 352 588 393 inquit,
607 353 679 384 iram
696 362 779 384 suam
795 354 872 385 ultra
886 355 1036 395 corrupti-

213 397 274 429 bile
290 407 399 437 corpus
414 397 575 429 extendere
591 403 753 439 nequeunt,
771 399 898 439 ﬁnisque
914 399 1036 430 insidia-

212 449 277 473 rum
294 441 413 473 illorum
427 445 531 473 contra
542 452 598 473 nos
611 447 708 473 carnis
717 452 797 474 mors
804 444 924 475 est.Deo
934 449 1034 475 autem

212 488 366 527 puniente,
384 496 444 518 non
468 487 568 518 carnis
583 487 678 518 solum
704 487 844 519 damnum
862 493 916 529 est,
938 490 991 520 sed
1006 494 1035 520 et

213 532 322 563 misera
342 532 442 563 anima
457 541 524 562 cum
545 531 703 572 suppliciis
723 532 812 564 vadit.
830 534 913 565 Scito
936 538 1034 564 autem

212 577 268 608 hoc
282 577 360 615 loco,
378 578 457 617 quod
484 575 689 617 peccatoribus
704 586 786 608 mors
806 578 842 608 ad
859 578 1036 619 supplicium

211 622 351 656 infertur.
367 628 396 653 et
412 622 440 652 in
455 622 508 652 hac
524 622 582 652 vita
593 622 754 662 puniuntur
765 632 830 653 cum
843 623 1035 661 occiduntur,

209 673 239 698 et
253 668 284 698 in
299 667 357 698 alia
366 667 437 698 dum
448 666 479 697 in
491 666 657 706 gehennam
668 666 880 706 conjiciuntur.
890 668 1036 698 Perscru-

210 717 276 743 tans
292 716 392 743 autem
408 711 543 752 verbum,
570 711 658 742 etiam
682 711 760 742 aliud
785 713 926 752 quiddam
948 712 1034 743 simul

210 756 371 797 intelliges.
390 756 481 787 Vides
506 756 584 786 enim
601 755 679 796 quod
701 765 760 786 non
782 757 875 787 dixit:
899 757 1035 788 Metuatis

209 812 289 838 eum,
307 802 358 842 qui
370 807 526 842 postquam
539 800 692 838 occiderit,
709 801 837 831 mittitin
854 801 1032 841 gehennam,

1079 262 1183 302 ἀνδρίαν
1212 264 1256 293 οὖν
1284 266 1466 300 πνευματικὴν
1489 266 1589 306 ἀλείφει
1610 266 1672 297 τοὺς
1702 267 1784 295 αὺτοῦ
1813 265 1892 304 φᾶους

1078 309 1092 335 ὁ
1122 310 1246 349 Χριστὸς,
1274 310 1407 350 μάρτυρας
1435 311 1530 342 αὐτοὺς
1559 311 1744 350 ἐργαζόμενος,
1787 311 1829 338 καὶ
1853 311 1892 337 το·-

1077 355 1131 380 τώι
1152 353 1296 392 ἀνθρώπων
1318 353 1399 394 φόϐον
1428 354 1476 382 ἀπ’
1504 357 1589 384 αὐτῶν
1604 353 1753 384 ἐκϐάλλων.
1774 353 1890 392 ’Ἄνθρω-

1077 408 1123 426 ποι
1138 399 1200 438 γὰρ,
1217 399 1294 439 φησὶ,
1323 399 1404 439 μέχρι
1430 404 1476 428 τοῦ
1497 399 1610 439 φθαρτοῦ
1623 399 1747 437 σώματος
1761 398 1890 428 ἐκτείνωσι

1076 441 1124 473 τὰς
1140 443 1232 483 ὀργὰς,
1249 444 1293 472 καὶ
1307 443 1388 483 πέρας
1405 445 1491 472 αὐτῶν
1509 444 1558 478 τῆς
1579 442 1638 472 καθ’
1659 444 1738 481 ἡμῶν
1760 441 1891 474 ξπιὸουλῆς

1076 488 1090 515 ὁ
1115 489 1166 521 τῆς
1195 488 1292 528 σαρκὸς
1312 489 1424 520 θάνατος
1440 496 1447 503 '
1466 492 1532 517 Θεοῦ
1546 488 1573 516 δὲ
1588 488 1760 526 κολάζοντος,
1777 489 1807 516 οὗ
1821 486 1890 526 μέχρι

1077 532 1163 570 μόνης
1178 534 1277 571 σαρκὸς
1298 533 1315 567 ἡ
1330 533 1413 571 ζημία
1434 534 1572 574 στήσεται,
1600 532 1668 561 ἀλλὰ
1688 533 1734 561 καὶ
1748 532 1816 565 αὐτὴ
1837 543 1891 560 συν-

1078 578 1207 616 υπάγεται
1235 584 1298 610 ταῖς
1332 579 1428 611 uix-fat;
1449 579 1466 612 ἡ
1488 577 1563 606 ἀθλία
1584 579 1672 618 ψυχή.
1698 578 1849 615 Σημείωσαι
1870 576 1892 604 δὲ

1078 622 1206 659 ἐντεῦθεν,
1235 622 1275 650 δτι
1303 629 1362 654 τοῖς
1384 622 1554 660 ἁμαρτωλοῖς
1569 623 1587 651 ἁ
1606 623 1715 655 θάνατος
1732 623 1800 661 πρὸς
1814 632 1891 659 τιμω⁹

1077 667 1135 706 ρίαν
1163 666 1302 706 ἐπάγεται,
1329 667 1460 696 κάνταῦθα
1484 667 1672 705 κολαζομένοις
1700 666 1744 695 διὰ
1761 672 1807 696 τοῦ
1835 667 1892 694 ἀπο-

1077 712 1234 750 κτείνεσθαι,
1265 712 1375 740 κάκεῖσε
1400 714 1468 750 μετὰ
1496 717 1578 742 ταῦτα
1607 713 1644 744 εἷς
1669 713 1779 751 γέενναν
1804 710 1892 749 ἐμϐα).-

1076 756 1211 794 λομὲνοις.
1240 756 1386 793 Ἐξετάζων
1427 756 1454 785 δὲ
1492 757 1542 790 τὴν
1578 757 1659 793 λέξιν,
1691 758 1734 785 ni
1761 768 1786 784 τι
1812 756 1891 796 ἕτερον

1076 801 1221 836 ἐννοήσεις.
1240 797 1313 842 ιὈριι
1328 803 1378 841 γὰρ
1392 802 1432 830 ὅτι
1447 803 1494 830 οὒκ
1507 803 1569 831 εἷπε
1587 810 1594 817 ·
1612 801 1755 837 Φοϐήθητε
1773 802 1818 829 τὸν
1833 803 1891 839 μετὰ

208 847 270 885 sed,
297 846 457 878 habentem
480 847 657 884 potestatem
684 845 830 876 mittendi.
860 847 926 877 Non
953 848 1010 876 enit

1094 846 1105 873 ὸ
1127 846 1286 874 ἀποκτεῖναι
1315 845 1447 884 βάλλοντα
1476 847 1511 878 εἷς
1528 847 1577 880 τὴν
1591 846 1710 885 γέενναν,
1728 845 1802 883 ἀλλ’,
1824 845 1890 878 ἔξου-

207 901 328 933 semper
342 891 394 933 qui
424 891 590 921 moriuntur
620 895 802 931 peccatores,
824 891 980 923 mittuntur
992 892 1031 932 fin

206 938 387 977 gehennam,
404 936 456 966 sed
481 939 550 966 sunt
575 935 605 965 in
635 938 781 975 potestate
803 937 867 973 Dei,
889 941 920 968 ut
941 938 1030 969 etiam

207 982 316 1013 dimitti
331 981 457 1022 possint.
470 979 532 1011 Hoc
541 984 640 1010 autem
657 980 723 1011 dico
735 985 857 1021 propter
867 981 1031 1014 oblationes

206 1031 235 1058 et
249 1026 473 1058 distributiones
488 1034 553 1066 qua!
563 1025 637 1055 ﬁunt
652 1034 705 1064 pro
717 1025 876 1062 defunctis,
891 1035 956 1067 quae
970 1037 1030 1059 non

205 1081 309 1112 parum
330 1070 502 1102 conducunt
518 1069 606 1100 etiam
624 1069 670 1100 his
684 1069 734 1109 qui
756 1070 785 1100 in
802 1071 940 1109 gravibus
957 1081 1028 1112 pec-

204 1117 277 1147 catis
294 1116 402 1147 mortui
419 1120 499 1146 sunt.
524 1113 588 1145 Non
615 1115 736 1145 omnino
762 1115 852 1153 igitur
873 1121 1028 1157 postquam

205 1161 315 1192 occidit
331 1160 418 1191 mittit
432 1161 461 1189 in
476 1159 655 1199 gehennam,
673 1159 724 1189 sed
749 1164 924 1198 potestatem
941 1160 1030 1193 habet

208 1205 359 1237 mittendi.
375 1207 422 1237 Ne
438 1204 524 1243 igitur
540 1212 692 1234 cessemus
707 1212 761 1243 per
783 1204 984 1246 eleemosynas
1000 1210 1030 1237 et

205 1253 438 1285 intercessiones
454 1251 610 1292 propitium
625 1250 753 1281 reddere
773 1260 839 1282 eum
860 1253 910 1292 qui
925 1257 1027 1292 potes-

204 1302 292 1328 tatem
310 1294 557 1332 habetmittendi,
571 1304 630 1325 non
641 1299 866 1334 Semperautem
885 1300 1027 1336 potestate

203 1343 257 1373 hac
268 1345 411 1378 utentem,
426 1341 522 1371 sedet
534 1339 680 1371 valentem
697 1340 765 1370 567
778 1341 932 1373 remittere
942 1342 1026 1381 quid-

199 1387 278 1418 dam.
292 1386 436 1423 Quoniam
455 1389 552 1415 autem
569 1384 654 1415 mulli
670 1389 772 1424 putant
795 1386 957 1417 morientes
973 1396 1025 1426 pro

198 1432 347 1463 veritatea
360 1430 419 1461 Deo
436 1429 595 1460 derelictos
610 1439 616 1460 :
634 1430 678 1460 Ne
695 1430 751 1460 hoc
769 1430 944 1462 existimetis
961 1441 1023 1470 vos,

198 1476 294 1517 inquit
308 1486 316 1514 ς
334 1485 393 1506 non
409 1474 488 1505 enim
505 1474 675 1505 moriemini
685 1475 769 1514 quasi
785 1485 801 1505 a
817 1484 864 1506 me
873 1475 1022 1507 derelicti.

197 1521 229 1552 Si
244 1521 323 1551 enim
345 1520 445 1550 nullus
460 1527 494 1548 ex
517 1519 697 1558 passerculis
718 1520 769 1559 qui
795 1520 973 1557 venduntur,
991 1521 1021 1551 in

197 1565 348 1596 oblivione
363 1567 419 1601 est,
435 1563 568 1615 multum.
586 1563 670 1594 abest
691 1567 722 1593 ut
743 1570 839 1595 vestra
863 1574 952 1602 mors,
970 1565 1050 1615 quiC

195 1610 283 1642 amici
298 1609 356 1640 mei
372 1609 455 1648 estis,
465 1607 530 1638 talis
545 1607 593 1645 sit,
611 1609 693 1648 quasi
705 1617 759 1648 ego
776 1619 834 1640 non
850 1609 1019 1650 provideam

196 1655 289 1686 vobis.
304 1653 450 1694 Equidem
468 1657 577 1683 tantam
603 1653 693 1683 vestri
721 1663 822 1684 curam
839 1663 921 1694 gero,
939 1659 970 1685 ut
992 1660 1020 1686 et

196 1700 296 1730 omnia
311 1703 407 1729 vestra
421 1697 571 1729 subtiliter
580 1703 735 1738 perspecta
746 1698 816 1737 sint,
831 1703 860 1730 et
874 1709 954 1730 numc
965 1700 1019 1731 rati

195 1745 297 1785 capilli
312 1743 414 1774 vestri.
430 1742 567 1779 Quamvis
592 1742 683 1782 igitur
706 1752 757 1773 vos
779 1744 1017 1776 intentationem

195 1790 304 1821 cadere
330 1787 512 1829 permittam,
544 1787 739 1827 suppeditabo
764 1793 862 1819 tamen
890 1789 1017 1820 ubertim

195 1833 360 1866 suﬁ‘erendi
372 1833 460 1863 vires.
477 1831 667 1872 Saepeautem
684 1833 706 1862 si
719 1843 806 1873 quem
824 1833 1019 1865 inﬁrmiorem

195 1879 310 1919 videro,
327 1887 385 1909 non
398 1877 537 1917 permitto
550 1876 673 1907 illumin
686 1878 862 1910 tentationes
873 1879 1018 1911 incidere.

196 1924 267 1955 Nam
284 1924 333 1964 qui
349 1932 414 1954 sum
431 1927 561 1959 curator,
581 1926 609 1953 et
625 1922 725 1952 omnia
740 1923 819 1953 bene
834 1924 908 1960 scio,
925 1929 953 1955 et
969 1934 1020 1955 nu-

197 1973 310 2001 merata
324 1969 420 2000 habeo
445 1968 532 1998 etiam
557 1967 765 2008 minutissima,
793 1968 937 2000 «listribuo
953 1970 1019 1999 uni-

196 2016 304 2056 cuique
331 2013 408 2054 quod
440 2021 500 2043 sum
530 2021 678 2042 mensurae
705 2014 852 2052 congruit.
877 2015 970 2046 Porro
994 2015 1019 2044 si

197 2057 605 2096 observaveris,inScriptura
617 2056 751 2088 invenies
764 2059 1021 2090 numerariomnia

195 2105 290 2136 virilia
301 2108 329 2135 et
343 2112 407 2143 quae
430 2102 465 2132 ad
492 2110 661 2132 mensuram
691 2102 780 2133 virilis
795 2104 890 2133 aetatis
913 2112 1019 2144 pervee

196 2151 293 2190 niunt,
311 2149 459 2188 dignaque
482 2146 581 2177 divina
607 2148 842 2180 enumeratione.
861 2149 918 2179 Per
932 2155 1020 2188 caput.

195 2200 293 2227 autem
310 2192 543 2231 uniuscujusque
554 2190 664 2222 Christi
680 2192 1018 2233 ﬁdelium,intelligenda

1073 891 1131 918 σίαν
1153 890 1251 931 ἔχοντα
1266 891 1372 930 βαλεῖν,
1399 893 1434 921 Οὐ
1460 892 1509 931 γὰρ
1525 892 1631 923 παντως
1647 892 1670 920 οἱ
1685 891 1890 926 ἀποθνήσκοντες

1072 935 1226 975 ἁμαρτωλοὶ
1254 935 1396 974 βάλλονται
1425 937 1461 967 εἷς
1489 937 1539 970 την
1566 936 1688 975 γέενναν,
1715 935 1778 964 ἀλλ’
1811 936 1836 964 ἰν
1862 939 1890 973 τῇ

1071 980 1174 1016 ἐξοτσίᾳ
1194 987 1282 1008 κεῖται
1297 985 1373 1010 τοῦτο
1402 985 1448 1009 τοῦ
1468 985 1545 1017 Θεοῦ,
1572 981 1641 1010 ὥστε
1662 982 1706 1009 καὶ
1725 982 1759 1009 τὸ
1787 982 1888 1020 and)

1071 1032 1139 1064 ρετν.
1170 1029 1252 1054 Τοῦτο
1274 1024 1301 1052 δὲ
1323 1025 1395 1064 λέγω
1411 1024 1453 1053 διὰ
1479 1026 1526 1057 τὰς
1547 1026 1591 1054 επὶ
1607 1033 1667 1057 τοῖς
1688 1026 1887 1063 κεκοιμημένθις

1071 1069 1215 1108 γενομένας
1245 1071 1394 1110 προσφορὰς
1420 1070 1465 1098 καὶ
1486 1072 1533 1102 τὰς
1560 1070 1700 1105 διαδόσεις,
1726 1072 1757 1098 αἳ
1773 1071 1887 1108 οὐμικρᾶ

1071 1114 1223 1144 συντελοῦσι
1253 1122 1311 1145 τοῖς
1339 1116 1383 1143 καὶ
1411 1115 1438 1143 ἂν
1475 1116 1613 1155 ἁμαρτίαις
1643 1115 1763 1155 βαρείαις
1793 1116 1886 1143 511001-

1070 1159 1168 1190 νοῦσιν.
1186 1161 1222 1188 Οὗ
1235 1160 1341 1191 πάντως
1363 1161 1406 1188 οὖν
1423 1161 1490 1197 μετὰ
1512 1161 1543 1188 τὸ
1568 1161 1726 1188 ἀποκτεῖναι
1743 1160 1835 1198 βάλλει
1855 1161 1886 1190 εἰς

1069 1205 1119 1237 τὴν
1148 1204 1267 1244 γέενναν,
1299 1204 1358 1232 ἀλλ’
1382 1204 1500 1237 ἐξουσίαν
1530 1205 1588 1245 ἔχει
1617 1204 1720 1243 βαλεῖν,
1749 1205 1794 1238 Μὴ
1811 1205 1886 1232 τοίνυν

1069 1248 1234 1287 ἐλλείψωμεν
1260 1251 1354 1287 ἡμεῖς,
1379 1249 1568 1284 σπουδάζοντες
1589 1249 1623 1278 δι’
1639 1249 1829 1287 ἐλεημοσυνῶν
1850 1251 1885 1278 αἱ

1068 1293 1214 1333 πρεσϐειῶν
1244 1294 1403 1327 ἐξιλεοῦσθαι
1430 1295 1476 1323 τὸν
1505 1294 1624 1333 ὲρουσίαν
1645 1295 1693 1332 μὲν
1715 1294 1817 1335 ἔχοντα
1839 1295 1883 1333 βι-

1066 1339 1137 1379 λεῖν,
1169 1341 1199 1368 οὐ
1226 1340 1332 1371 πάντως
1368 1340 1411 1368 καὶ
1439 1343 1473 1378 τῇ
1498 1339 1598 1376 ἐξουσίᾳ
1625 1341 1707 1378 ταύτῃ
1737 1341 1881 1380 χρώμενον,

1066 1383 1134 1412 ἀλλὰ
1157 1386 1201 1412 καὶ
1228 1392 1381 1424 συγχωρεῖν
1409 1384 1564 1422 δυνάμενον,
1588 1385 1663 1413 Ἐπεὶ
1684 1384 1711 1413 δὲ
1736 1385 1831 1413 πολλοὶ
1846 1386 1883 1412 τὸν

1065 1429 1129 1468 ὑπὲρ
1155 1429 1204 1462 τῆς
1246 1429 1370 1463 ἀληθείας
1406 1430 1517 1458 θένατον
1556 1429 1747 1469 ἔγκατάλειψιν
1790 1431 1882 1459 οἴονται

1066 1474 1131 1502 Θεοῦ
1148 1482 1154 1489 ”
1180 1475 1224 1508 Μὴ
1245 1478 1333 1512 τοῦτο,
1358 1475 1447 1514 φησὶν,
1463 1477 1540 1512 ὑμεῖς
1556 1476 1676 1509 οἱηθῆτε,
1708 1477 1746 1504 03
1775 1476 1824 1515 γὰρ
1852 1477 1882 1505 ὡς

1064 1519 1360 1558 ἐγχαταλιμπανόμενοι
1382 1518 1425 1548 ὑπ’
1447 1519 1524 1558 ἐμοῦ,
1556 1519 1668 1558 μέλλετε
1691 1521 1830 1551 θντισκειν,
1859 1520 1881 1548 Ei

1063 1565 1114 1604 γὰρ
1142 1565 1186 1592 καὶ
1214 1567 1266 1592 τῶν
1296 1565 1434 1604 στρουθίων
1460 1568 1512 1593 τῶν
1546 1564 1723 1602 πωλουμένων
1751 1564 1825 1593 οὒδὲν
1845 1565 1883 1592 ἁν-

1063 1609 1216 1647 επίληστον,
1246 1609 1346 1639 πολλοῦ
1367 1609 1408 1638 δεῖ
1423 1611 1436 1638 ὁ
1450 1609 1576 1649 ὑμέτερος
1596 1610 1708 1642 θάνατος
1733 1612 1788 1638 τῶν
1818 1610 1882 1647 ἐμῶν

1061 1653 1144 1693 φίλων
1172 1654 1302 1693 γενέσθαι,
1332 1655 1369 1686 ὡς
1411 1655 1450 1692 μὴ
1478 1654 1674 1694 προνοουμένου
1707 1655 1785 1692 ὑμῶν
1812 1655 1880 1692 ἐμοῦ.

1061 1700 1197 1733 Τοσαύτην
1233 1699 1283 1739 γὰρ
1312 1699 1386 1736 ὑμῶν
1419 1703 1547 1736 ποιοῦμαι
1570 1699 1620 1733 τὴν
1648 1703 1788 1739 πρόνοιαν,
1819 1699 1880 1728 ὥστε

1060 1743 1159 1772 ἕκαστα
1199 1747 1252 1772 τῶν
1290 1745 1423 1784 ὑμετέρων
1463 1743 1556 1773 εἰδέναι
1593 1744 1708 1780 λεπτῶς,
1748 1746 1792 1773 καὶ
1827 1745 1880 1773 οἷον

1060 1788 1241 1828 ἠριθμημένας
1273 1788 1347 1828 ἔχειν
1375 1789 1422 1820 τὰς
1445 1789 1540 1829 τρίχας
1555 1790 1628 1828 ὑμῶν
1647 1797 1653 1804 ·
1677 1789 1726 1817 κᾶν
1742 1791 1828 1818 τοίνυν
1849 1791 1879 1821 εἷς

1062 1834 1209 1873 πειρασμὸν
1237 1833 1308 1861 ἐάσω
1333 1835 1402 1872 ὑμᾶς
1431 1833 1570 1871 εἰσελθεῖν,
1599 1836 1752 1874 χορηγήσει»
1780 1836 1880 1865 παντως

1062 1879 1106 1906 καὶ
1136 1878 1187 1911 τὴν
1222 1879 1257 1909 εἷς
1286 1879 1317 1906 τὸ
1351 1879 1494 1916 ὑπομεῖναι
1520 1878 1640 1917 δύναμιν.
1668 1879 1804 1912 Πολλάκις
1818 1880 1843 1908 δὲ
1857 1880 1879 1908 εἴ

1061 1933 1119 1950 τινα
1148 1923 1244 1956 ἀσθενῆ
1272 1921 1334 1962 ἴδω,
1363 1922 1422 1951 οὐδὲ
1451 1923 1579 1960 ἐμπεσεῖν
1608 1924 1685 1952 αὐτὸν
1714 1926 1880 1965 συγχωρήσω

1062 1967 1233 2007 πειρατηρίῳ.
1276 1967 1403 2005 Κηόεμὼν
1427 1968 1477 2008 γὰρ
1518 1969 1567 2005 ὢν,
1604 1970 1649 1997 καὶ
1683 1970 1771 1998 πάντα
1798 1969 1877 2002 εἰδὼς,

1061 2012 1104 2040 καὶ
1126 2011 1295 2050 ἠριθμημένα
1318 2012 1390 2052 ἔχων
1411 2013 1455 2040 καὶ
1475 2013 1509 2041 τὰ
1530 2012 1692 2051 λεπτότατα,
1723 2015 1827 2052 invia-ri;
1851 2016 1878 2042 τὸ

1061 2056 1121 2085 κατ’
1149 2056 1220 2089 άξὶαν
1248 2058 1292 2085 καὶ
1314 2058 1344 2085 τὸ
1365 2058 1512 2098 πρόσφορον
1534 2058 1674 2096 οἰκονομῶ.
1700 2057 1878 2100 Ἐπιτηρήσας

1060 2101 1088 2129 δὲ
1110 2103 1229 2142 εὑρήσεις
1257 2101 1284 2130 ἐν
1311 2105 1346 2140 τῇ
1374 2105 1465 2142 Γραφῇ
1479 2103 1657 2142 ἀριθμούμενα
1671 2105 1759 2133 πάντα
1774 2106 1808 2133 τὰ
1832 2105 1876 2132 ἆν-

1060 2146 1147 2186 δρεῖα,
1176 2148 1221 2175 καὶ
1250 2148 1286 2179 εἰς
1316 2147 1411 2185 μέτρον
1447 2147 1552 2181 ἡλικίας
1580 2148 1726 2189 φθάσαντα,
1752 2151 1797 2178 καὶ
1825 2149 1877 2182 ἄξια

1059 2191 1152 2223 ἁπλῶς
1181 2193 1251 2224 θείας
1296 2192 1512 2232 ἀπαριθμήσεως.
1551 2192 1676 2233 κεφαλὴν
1703 2197 1748 2222 οὖν
1771 2195 1876 2223 bviam

196 2242 254 2272 vita
269 2239 388 2272 Christo
405 2240 505 2277 grata;
527 2245 580 2276 per
593 2236 717 2275 capillos
736 2246 807 2268 vero
822 2238 897 2277 ejus,
921 2239 1010 2278 parti-

1094 2249 1111 2263 tv
1145 2241 1246 2265 πιστῶν
1273 2238 1322 2271 τὴν
1362 2238 1548 2277 χριστοπρεπῆ
1588 2237 1723 2267 πολιτείαν
1760 2240 1874 2273 νοητέον.

196 2285 308 2317 cularia
323 2292 425 2324 opera,
443 2286 472 2312 et
487 2280 595 2321 quibus
610 2290 719 2321 corpus
732 2281 935 2319 mortificatur,
952 2292 1017 2323 qua:

196 2333 391 2362 numerantur
400 2326 477 2366 apud
485 2325 578 2356 Deum
587 2330 617 2356 et
632 2327 926 2366 supputantur.Talia
937 2328 1016 2359 enim

196 2379 291 2406 vestra
306 2382 397 2414 opera
408 2371 535 2402 divinam
552 2370 749 2402 visitationem
772 2377 933 2403 merentur.
951 2373 1015 2404 Jam

196 2420 315 2462 quidam
333 2417 502 2462 intelligunt
518 2425 571 2462 per
585 2415 716 2462 quinque
733 2418 1016 2462 passerculos,quin-

195 2475 253 2508 que
267 2473 384 2501 sensus,
399 2462 461 2508 qui
472 2461 589 2508 duobus
614 2461 734 2508 minutis
758 2461 873 2492 assibus
899 2470 1017 2493 venun-

194 2505 374 2548 dantur,hoe
385 2512 429 2538 est
437 2506 518 2538 Novo
530 2505 662 2537 etVeteri
677 2505 940 2544 Testamento,non
949 2512 1018 2538 sunt

193 2558 224 2588 in
236 2555 384 2588 oblivione
395 2552 472 2593 apud
484 2550 724 2587 Deum.Quorum
734 2551 812 2582 enim
822 2561 928 2583 sensus
937 2558 1017 2583 recte

193 2604 424 2642 componuntur,
436 2601 465 2628 et
477 2596 568 2627 sobrii
579 2600 658 2642 sunt,
668 2600 698 2642 et
712 2596 818 2642 rationi
835 2596 1013 2642 subduntur,

192 2647 233 2678 ita
244 2640 344 2678 utnon
356 2641 555 2677 sintinutiles,
565 2641 617 2672 sed
629 2640 716 2672 valde
732 2641 817 2672 utiles
828 2641 857 2671 in
869 2641 1010 2681 spiritua-

191 2692 249 2723 lem
261 2688 407 2724 cibum,hi
418 2696 478 2718 non
485 2691 553 2717 sunt
561 2687 590 2717 in
600 2686 748 2717 oblivione
757 2686 1008 2727 apudDominum.

233 2738 322 2767 Vens.
334 2735 417 2765 8—12.
426 2745 435 2760 ι
446 2731 518 2763 Dico
527 2736 624 2763 autem
638 2731 831 2768 vobis,omnis
841 2732 1010 2772 quicunque

194 2782 348 2813 confessus
364 2777 452 2809 fuerit
468 2777 499 2808 in
510 2786 558 2808 me
569 2785 667 2807 coram
683 2776 866 2815 hominibus,
878 2780 908 2809 et
918 2776 1011 2808 Filius

190 2826 320 2859 hominis
332 2822 525 2856 conﬁtebitur
536 2822 565 2852 in
576 2820 624 2852 illo
640 2830 739 2852 coram
753 2823 866 2860 angelis
878 2821 943 2854 Dei.
955 2821 1011 2858 Qui

1059 2282 1158 2321 Τρίχας
1187 2281 1213 2309 δὲ
1242 2282 1342 2315 ταύτης
1364 2282 1410 2313 τὰς
1439 2283 1508 2311 κατὰ
1535 2282 1613 2322 μέρος
1645 2285 1801 2325 νεκροτέρας
1834 2289 1875 2313 τοῦ

1058 2327 1182 2364 σώματος
1203 2326 1320 2365 πράξεις,
1339 2328 1367 2355 αἲ
1399 2327 1567 2366 ὶριθμοῦνται
1598 2329 1668 2368 παρᾶ
1690 2333 1760 2367 Θεῷ,
1785 2331 1828 2358 καὶ
1851 2329 1874 2357 ἰν

1059 2370 1131 2410 λόγῳ
1152 2371 1276 2402 τίθενται.
1293 2373 1324 2400 Αἱ
1352 2373 1402 2412 γὰρ
1434 2375 1550 2400 τοιαῦται
1579 2373 1652 2410 ὑμῶν
1677 2374 1783 2414 πράξεις
1809 2376 1874 2406 θείας

1059 2415 1205 2449 ἐπισκοπῆς
1234 2415 1376 2448 ἀξιοῦνται,
1406 2419 1500 2445 Νοοῦσι
1524 2415 1551 2444 δέ
1579 2427 1660 2454 τινες,
1683 2418 1761 2447 πέντε
1783 2429 1872 2458 στρου-

1057 2460 1109 2496 θία,
1137 2460 1185 2491 τὰς
1206 2460 1284 2489 πέντε
1306 2461 1453 2500 αἰσθήσεις,
1482 2468 1512 2489 αῖ
1541 2460 1586 2489 δύο
1615 2462 1747 2502 ἀσσαρίων
1775 2464 1872 2493 πωλού-

1057 2515 1148 2544 μεναι,
1177 2505 1295 2533 τουτέστι
1324 2504 1366 2533 διὰ
1396 2508 1496 2539 Καινῆς
1517 2506 1561 2534 καὶ
1586 2506 1704 2540 ΙΙαλαιᾶς
1729 2510 1869 2545 Διαθήκης,

1055 2548 1226 2583 ἀνεπίληστοί
1253 2550 1302 2578 εἰσι
1324 2550 1396 2590 παρὰ
1420 2553 1458 2588 τῷ
1474 2553 1543 2587 Θεῷ.
1563 2548 1610 2578 Ὠν
1624 2552 1675 2591 γὰρ
1689 2553 1715 2581 αἱ
1743 2554 1869 2588 αἰσθήσεις

1055 2595 1217 2633 ῥυθμίζονται
1254 2596 1298 2623 καὶ
1333 2595 1513 2635 προσάγονται
1542 2599 1581 2633 τῷ
1614 2595 1698 2638 λόγῳ,
1728 2598 1796 2626 ὥστε
1834 2597 1868 2635 μὴ

1056 2639 1126 2667 εἶναι
1156 2639 1267 2679 ἀχρεϊαι
1289 2641 1326 2672 εἷς
1348 2640 1530 2678 πνευματικὴν
1557 2641 1668 2683 βρῶσιν,
1696 2648 1766 2672 οὗτοι
1787 2642 1868 2671 ἀνεπί-

1051 2683 1143 2718 ληστοι
1165 2686 1203 2722 τῷ
1219 2686 1314 2724 Κυρίῳ.

1094 2741 1108 2756 κ
1126 2728 1204 2768 Λέγω
1231 2728 1258 2757 δὲ
1286 2731 1363 2770 ὑμῦν,
1400 2733 1452 2762 πᾶς
1475 2731 1504 2763 ὃς
1533 2730 1564 2758 ἂν
1592 2731 1748 2771 ὁμολογήσῃ
1773 2733 1800 2760 ἐν
1813 2729 1866 2770 ὲμοἲ

1051 2773 1197 2814 ἔμπροσθεν
1226 2777 1279 2803 τῶν
1309 2775 1465 2814 ἀνθρώπων,
1499 2776 1544 2804 καὶ
1571 2777 1585 2804 ὁ
1614 2778 1673 2809 Υἱὸς
1700 2781 1748 2806 τοῦ
1771 2777 1866 2816 ἀνθρώ-

1052 2831 1103 2848 που
1133 2819 1290 2860 ιῖμολογήσῃ
1332 2820 1358 2848 ἰν
1395 2820 1466 2858 αὒτῷ
1500 2820 1645 2861 ἔμπροσθεν
1670 2825 1724 2850 τῶν
1752 2821 1865 2863 ἀγγέλων
