1949 3077
48 190 113 224 881

49 261 102 286 τοῦ
121 263 192 290 Θιοῦ
210 267 217 274 ·
235 261 249 288 ὁ
264 259 292 288 δὲ
307 259 489 300 ὰρνησαμενός
519 269 551 297 με
574 258 685 286 ἐνώπιον
713 259 766 286 τῶν
783 256 885 296 ἀνθρώ-

47 315 126 338 πων,
176 304 394 345 ἀπαρνηθήσεται
443 304 556 332 ἐνώπιον
587 306 639 332 τῶν
684 302 804 342 ἀγγέλων
839 307 885 332 τοῦ

47 353 139 380 Θεοῦ.
170 351 218 379 Καὶ
248 353 300 382 πᾶς
329 350 358 381 ὃς
387 351 444 390 ipsi
470 349 550 389 λόγον
572 350 609 380 εὶς
631 350 676 377 τὸν
703 349 764 376 ru)»
785 351 830 376 τοῦ
841 348 881 375 ἀν-

43 394 177 434 θρώπου,
193 394 350 435 ἀφεθήσεταί
364 395 435 432 αὒτῴ
449 404 457 412 ⁸
475 397 514 432 τῷ
529 393 555 422 δὲ
572 395 608 426 εἰς
631 395 662 422 τὸ
683 394 759 433 ἅγιον
779 396 884 430 Πνεῦμα

45 438 300 479 βλασφημήσαντι,
329 440 376 468 οὒκ
401 439 572 479 ἀφεθήσεται.
597 435 664 468 ”οτ’
680 437 710 466 ἂν
725 437 752 466 δὲ
768 437 882 477 προσφέ-

47 494 144 521 ρωσιν
173 484 240 521 ὑμᾶς
256 483 298 512 ἐπὶ
319 484 366 516 τὰς
396 484 569 523 Συναγωγὰς,
585 484 630 511 καὶ
653 483 699 515 τὰς
725 483 822 522 ἀρχὰς,
841 484 884 510 καὶ

48 528 102 559 τὰς
138 528 269 564 ἐξουσίας,
285 529 324 566 μὴ
339 531 495 567 μεριμνᾶτε,
518 528 575 560 πῶς
591 528 608 562 ἢ
629 528 653 556 τί
666 527 881 566 ἀπολογήσησθε,

104 572 134 600 τί
150 573 248 606 εἴπητε
265 581 272 588 ’
293 574 325 601 τὸ
351 574 401 612 γὰρ
429 573 503 612 ἅγιον
533 575 639 610 Πνεῦμα
667 571 760 604 διδάξει
774 573 841 609 ὑμᾶς
857 571 884 599 ἓν

51 617 127 655 αὖτῇ
160 621 194 655 τῇ
210 617 275 657 ὥρᾳ,
306 616 379 646 ἂδεῐ
406 618 537 646 εἰπεῖν.»
571 618 622 646 Νῦν
649 617 680 645 τὸ
708 616 820 645 ἔπαθλον
835 619 884 650 τῆς

50 662 206 701 μαρτυρίας
220 662 384 702 προτίθησιν.
411 661 486 691 Ἐπεὶ
513 662 563 701 γὰρ
578 663 652 700 εἷπε,
683 662 727 695 Μὴ
762 660 884 701 φοϐεῖσθε

49 706 107 734 απὸ
141 709 195 735 τῶν
222 707 432 736 ἀποκτεινόντων
462 708 492 735 τὸ
536 711 625 745 σῶμα,
655 707 698 735 καὶ
726 713 881 746 προσεῖπεν,

48 751 108 790 ὅτι,
152 750 204 782 Καὶ
240 753 266 780 αἱ
289 752 380 792 τρίχες
408 752 482 789 ὑμῶν
505 752 678 792 ἠρίθμηνται,
706 751 752 780 ἵνα
777 752 815 789 μή
843 763 882 783 τις

47 796 121 835 ι’ῗπῃ
142 806 150 813 ·
175 797 224 829 Διῖς
240 808 285 834 μοι
307 797 352 825 καὶ
368 798 460 835 μισθόν
480 808 537 825 τινα
554 805 561 812 ·
586 797 610 824 τί
631 797 681 837 γάρ
694 808 739 834 μοι
755 796 845 834 μέλλει
861 797 883 825 εἰ

46 841 98 873 τας
124 842 223 882 τρίχας
251 841 333 882 ἔχεις.
362 841 566 882 ἡριθμημένας,
601 842 689 882 φησί·
722 841 812 874 Θέλεις
841 843 884 870 καὶ

46 878 150 923 μισθόν
169 878 296 922 ibimus."
315 878 368 920 ΙὶΟς
382 878 590 926 ’ἃν-ὁμολογήσῃ
605 878 633 914 ἓν
654 886 725 924 ἐμοὶ,
742 885 882 926 ὁμολογη-

47 933 168 966 θήσεται
196 932 310 962 ἱνώπιον
339 936 386 960 τοῦ
414 936 491 962 Θεοῦ.
521 933 556 961 Τὸ
586 931 625 969 δὲ,
657 927 829 971 Ὀμολογήσῃ
857 931 883 959 ἐν

49 978 128 1014 ἐμοὶ,
163 979 252 1018 εἶπεν,
281 979 338 1007 ἀντὶ
373 982 430 1015 τοῦ,
463 979 535 1007 Μετὰ
556 978 605 1012 τῆς
625 979 694 1016 ὶμῆς
723 978 884 1017 συνεργείας,

49 1025 97 1052 καὶ
131 1023 161 1051 ἰν
184 1027 219 1061 τῇ
241 1024 294 1062 ἐμῇ
314 1023 444 1061 δυνάμει·
472 1020 650 1062 Ὀμολογήσω
674 1027 736 1061 γοῦν
758 1023 833 1062 κάγὼ
857 1023 884 1050 ἐν

51 1068 142 1108 αυτῷ,
176 1068 321 1104 τουτέστιν,
350 1068 395 1096 ὑπ’
425 1069 503 1098 αὖτοῦ
537 1067 754 1107 συνεργούμενος,
778 1068 884 1106 Χρῄζο-

49 1124 100 1140 Dav
132 1113 185 1152 γὰρ
211 1114 254 1140 καὶ
276 1113 371 1152 ἡμεῖς,
395 1113 602 1152 προηγουμένως
628 1116 673 1140 τοῦ
704 1116 770 1142 Θεοῦ
784 1120 791 1126 '
809 1111 881 1141 οὐδὲν

47 1158 101 1196 γαρ
134 1158 220 1198 χωρὶς
241 1157 341 1186 ἐκείνου
356 1156 484 1195 δυνάμεθα
503 1165 510 1173 ⁵
535 1158 578 1185 καὶ
601 1158 614 1185 ὁ
637 1157 700 1189 Θεὸς
715 1157 795 1185 πάλιν
811 1157 883 1196 χρῇ-

46 1206 85 1237 ζει
117 1203 201 1240 ἡμῶν
218 1211 226 1221 ⁴
245 1202 290 1230 ἰὰν
305 1203 354 1242 γὰρ
377 1203 415 1240 μὴ
438 1203 499 1242 εὕρῃ
523 1202 550 1230 ἒν
571 1203 639 1240 ἡμῖν
660 1202 723 1241 ἔργα
738 1200 808 1238 ἄξια,
825 1201 882 1230 οὐδὲ

53 572 65 581 π

50 585 69 605 τι

48 1246 289 1286 προσλαμϐανεται
320 1248 404 1284 ἡμᾶς,
440 1247 458 1281 ἢ
496 1247 546 1286 γὰρ
581 1246 612 1274 ἂν
647 1247 882 1283 προσωπολήπτης

48 1292 111 1325 εἴη.
150 1287 348 1331 Ὀμολογοῦμεν
376 1292 419 1320 οὖν
458 1293 540 1329 ἡμεῖς
570 1291 597 1320 ἒν
632 1293 715 1328 αὒτῷ,
751 1291 884 1319 τουτέστιν

50 1337 77 1365 ἐν
176 1339 260 1371 αὺτοῦΓ
287 1337 430 1377 συνεργείᾳ.
463 1337 510 1366 Καὶ
538 1337 615 1369 αὐτὸς
644 1336 671 1364 ἐν
699 1337 779 1376 ἡμῖν,
806 1347 883 1364 τουτ-

51 1382 126 1410 ὲπιν
159 1381 186 1410 ἐν
276 1383 353 1419 ἡμῶν
381 1381 528 1421 συνεργείᾳ.
560 1382 588 1410 Εἰ
616 1382 655 1419 μὴ
684 1381 734 1420 γὰρ
764 1380 884 1418 δώσομεν

53 1428 128 1464 αὒτῷ
158 1427 293 1466 ἀφορμὴν,
321 1425 378 1454 ουδὲ
401 1426 563 1465 ὁμολογήσει
586 1427 650 1463 ὑπὲρ
679 1427 767 1462 ἡμῶν,
800 1422 828 1454 Ὀ
856 1425 883 1453 δὲ

55 1471 230 1510 Ξιρνονῶμενος,
262 1473 309 1500 οὒκ
330 1470 357 1498 ἐν
378 1474 412 1509 τῇ
446 1475 492 1499 τοῦ
523 1475 588 1500 Θεοῦ
615 1470 722 1508 δυνάμει
751 1471 882 1510 ἀρνεῖται,

438 192 661 225 ENARRATIO
683 193 723 224 ΙΝ
746 187 997 224 EVANGELIUM
1029 189 1149 220 LUC/is}.
1173 206 1211 211 —
1232 190 1314 221 CAP.
1339 188 1405 221 ΧΠ.

1693 186 1751 220 882

897 258 916 284 Α
928 263 1028 290 autem
1045 261 1196 300 negaverit
1211 269 1260 292 me
1274 269 1373 292 coram
1397 259 1578 298 hominibus,
1595 259 1750 300 negabitur

926 312 1025 334 coram
1043 305 1155 345 angelis
1170 305 1231 336 Dei.
1250 304 1285 336 Et
1300 305 1434 346 quisquis
1449 305 1580 346 loquitur
1595 305 1706 336 dictum
1717 305 1748 336 in

925 347 1032 378 Filium
1045 348 1358 386 hominis,remittetur
1368 349 1455 381 illizei
1465 358 1537 380 vero
1548 349 1598 390 qui
1614 349 1643 380 in
1654 349 1750 390 Spiri-

926 397 986 422 tum
995 397 1129 424 sancttln
1136 394 1300 425 convicium
1307 393 1748 432 dixerit,nonremittetur.Cum

926 441 1024 468 autem
1037 437 1215 469 adduxerim
1225 448 1276 469 vos
1287 439 1323 469 ad
1330 439 1539 480 Synagogas,et
1548 439 1583 469 ad
1595 438 1749 478 magistra-

925 486 971 512 tus
983 491 1018 513 ac
1035 486 1205 522 potestates,
1224 483 1316 514 nolite
1340 483 1457 514 solliciti
1478 492 1544 514 esse
1559 483 1688 524 qualiter
1699 486 1749 514 aut

925 526 995 566 quid
1010 527 1226 567 respondeatis,
1243 532 1293 558 aut
1309 528 1380 568 quid
1393 527 1510 560 dicatis.
1527 527 1657 568 Spiritus
1667 527 1747 559 enim

925 575 1044 602 sanctus
1060 572 1180 603 docebit
1195 581 1245 603 vos
1263 572 1293 603 in
1311 573 1414 604 eadem
1435 573 1507 604 hora
1521 572 1592 613 quid
1613 576 1748 613 oporteat

925 623 980 646 vos
989 615 1102 647 dicere.
1109 616 1212 647 sNunc
1218 622 1318 648 autem
1330 617 1483 657 praemium
1492 617 1622 657 martyrii
1633 617 1745 657 adjicit.

927 659 1085 700 Postquam
1097 662 1174 692 enim
1187 661 1272 699 dixit,
1286 661 1329 692 Ne
1346 662 1474 692 timeatis
1490 661 1527 692 ab
1538 661 1583 692 his
1594 662 1645 703 qui
1665 662 1746 693 occi-

924 705 998 735 dunt
1009 715 1126 746 corpus:
1142 711 1170 736 et
1179 706 1287 746 adjecit
1297 706 1376 747 quod
1386 706 1491 746 Capilli
1503 707 1593 737 vestri
1602 707 1748 738 numerati

924 755 1010 781 sunt:
1031 760 1068 781 ne
1077 751 1144 791 quis
1156 751 1235 781 dicat
1250 761 1258 782 :
1272 750 1313 782 Da
1324 751 1397 782 mihi
1409 751 1497 782 etiam
1509 751 1678 782 mercedem
1691 751 1747 782 ali-

925 804 1010 834 quam
1023 805 1029 825 :
1054 795 1124 835 quid
1137 795 1215 826 enim
1232 795 1304 826 mihi
1317 795 1460 835 profuerit
1473 796 1498 826 si
1509 796 1634 836 capillos
1645 805 1749 827 nume-

924 839 1320 880 ruverisWis,inquit,etiam
1333 840 1749 882 mercedem?audi:Quisquis

925 884 1115 915 conﬁtebitur
1126 885 1156 916 in
1170 894 1227 920 me.
1246 889 1424 924 agnoscetur
1434 895 1533 917 coram
1547 887 1620 917 Deo.
1637 885 1670 916 In
1687 895 1747 926 me,

896 927 914 952 Β
927 928 1010 966 dicit,
1024 929 1225 967 conﬁtebitur,
1243 930 1300 961 hoc
1309 933 1354 962 est
1370 939 1436 961 meo
1453 931 1600 971 adjutorio
1616 931 1748 971 adjutus,

928 981 957 1004 et
974 983 1040 1005 mea
1055 974 1161 1005 virtute
1179 985 1185 1004 :
1206 974 1373 1006 conﬁtebor
1396 975 1489 1014 igitur
1514 979 1542 1006 et
1569 985 1623 1016 ego
1639 977 1669 1007 in
1686 975 1748 1014 illo,

927 1018 983 1049 hoc
997 1022 1041 1049 est
1057 1019 1113 1049 sub
1138 1019 1201 1059 ipso
1218 1029 1395 1060 cooperans.
1411 1019 1492 1061 Opus
1507 1022 1587 1051 enim
1604 1021 1749 1052 habemus

926 1067 955 1093 et
970 1073 1022 1094 nos
1037 1063 1098 1094 Deo
1110 1063 1197 1100 duce,
1217 1065 1281 1095 sine
1293 1074 1350 1105 quo
1358 1064 1432 1095 nihil
1450 1074 1619 1105 possumus:
1631 1069 1660 1096 et
1671 1066 1748 1096 Deus

924 1117 1042 1148 quoque
1057 1117 1132 1148 opus
1147 1108 1235 1140 habet
1253 1108 1350 1140 nobis.
1369 1109 1438 1140 368
1455 1109 1485 1141 Si
1500 1109 1579 1141 enim
1595 1119 1655 1140 non
1666 1109 1746 1141 inve-

925 1153 1002 1183 nerit
1017 1154 1047 1184 in
1068 1153 1153 1184 nobis
1169 1163 1260 1194 opera
1283 1154 1383 1196 digna,
1400 1165 1498 1196 neque
1522 1164 1576 1186 nos
1590 1159 1722 1186 assumet
1739 1163 1746 1187 :

925 1197 1034 1238 alioqui
1063 1206 1258 1238 personarum
1289 1204 1428 1241 acceptor
1451 1204 1540 1231 esset.
1567 1200 1749 1231 Conﬁtemur

925 1242 1017 1282 igitur
1028 1247 1057 1273 et
1075 1253 1128 1274 nos
1144 1243 1172 1274 in
1187 1244 1249 1282 illo,
1263 1244 1319 1275 hoc
1335 1250 1380 1276 est
1393 1245 1424 1275 in
1440 1245 1505 1285 ejus
1516 1245 1746 1286 cooperatione:

926 1292 954 1318 et
969 1288 1032 1328 ipse
1048 1288 1076 1318 in
1093 1287 1190 1324 nobis,
1209 1289 1264 1319 hoc
1282 1294 1326 1319 est
1347 1289 1378 1322 in
1404 1294 1503 1320 nostra
1526 1289 1747 1330 cooperatione.

925 1332 956 1362 Si
970 1332 1050 1363 enim
1066 1341 1124 1363 nou
1148 1333 1322 1364 dederimus
1338 1335 1365 1365 ei
1381 1334 1580 1372 occasionem,
1598 1343 1656 1366 non
1674 1344 1748 1373 con-

927 1377 1057 1407 ﬁtebitur
1074 1386 1126 1417 pro
1142 1377 1237 1408 nobis.
1264 1378 1320 1414 Qui
1342 1383 1439 1410 autem
1461 1379 1621 1419 negaverit,
1639 1388 1699 1410 non
1718 1378 1748 1410 in

926 1422 1032 1453 virtute
1048 1422 1102 1453 Dei
1118 1428 1223 1462 negat:
1243 1423 1308 1454 ideo
1324 1433 1384 1454 non
1409 1424 1542 1464 apponit,
1561 1423 1590 1454 in
1609 1433 1667 1462 me,
1683 1424 1751 1462 sed,

926 1467 974 1506 qui
990 1466 1137 1507 negaverit
1154 1476 1213 1498 me.
1230 1467 1318 1506 .Quid
1341 1472 1439 1499 autem
1461 1469 1487 1499 si
1511 1469 1598 1500 etiam
1620 1469 1706 1509 juxta
1720 1468 1750 1500 id

51 1517 99 1544 Διὸ
130 1515 190 1545 οὖδὶ
213 1516 359 1555 προσέθηγε
374 1517 416 1554 τὸ,
437 1516 464 1544 ἐν
480 1515 553 1556 ἐμοὶ,
571 1515 645 1556 ἀλλ’,
661 1517 675 1544 ὁ
701 1516 820 1555 ἀρνησάμ

981 1512 1002 1542 id
1019 1511 1117 1542 omnis
1133 1516 1254 1543 sanctus
1269 1517 1369 1544 manet
1380 1513 1410 1544 in
1426 1512 1554 1551 Christo,
1573 1517 1602 1544 et
1616 1513 1750 1544 Christus

48 1572 96 1600 με,
111 1562 220 1598 μήποτε
243 1559 270 1588 δὲ
292 1562 356 1589 καθὸ
384 1564 436 1592 πᾶς
464 1561 539 1600 ἅγιος
564 1560 591 1588 ὲν
622 1561 660 1598 τῴ
675 1564 778 1600 Χριστῷ
795 1572 814 1598 μ

980 1561 1025 1587 net
1040 1557 1070 1587 in
1084 1565 1131 1593 eo,
1151 1557 1228 1588 istud
1242 1567 1362 1598 quoque
1379 1557 1490 1589 dictum
1507 1563 1567 1589 est:
1582 1571 1592 1587 ι
1608 1558 1749 1600 Quisquis

47 1607 92 1633 καὶ
122 1607 137 1634 ὁ
165 1606 276 1645 Χριστος
298 1606 325 1633 ἐν
348 1606 430 1643 αὑτῷ,
457 1606 525 1634 κατὰ
541 1609 618 1634 τοῦτο
633 1605 740 1645 εἴρηται
753 1605 783 1634 τό
800 1615 808 1624 ⁸

978 1601 1116 1632 ηῦιεὺὶίυι·
1131 1601 1161 1632 in
1179 1611 1236 1639 me,
1252 1597 1370 1633 ’hociest
1391 1603 1420 1633 in
1437 1612 1484 1634 me
1500 1613 1636 1641 manens,
1654 1597 1747 1635 conli-

50 1651 80 1677 ἂν
110 1650 272 1690 ὁμολογήσῃ
298 1651 326 1679 ἐν
353 1651 424 1688 ἐμοὶ,
450 1651 568 1680 τουτέστι
598 1651 697 1691 μένων,
721 1651 819 1690 ὁμολογ

980 1654 1010 1676 π
1025 1646 1128 1687 utique
1143 1653 1171 1678 et
1184 1656 1238 1687 ego
1253 1647 1282 1677 in
1294 1647 1344 1678 illo
1353 1656 1477 1678 manens
1487 1648 1529 1679 δι.
1544 1648 1580 1679 Et
1595 1649 1690 1679 omnis
1700 1649 1749 1689 qui

49 1695 127 1735 κάγὼ
151 1696 178 1724 ἐν
200 1695 271 1733 αὖτῷ
292 1695 378 1733 μένων
397 1705 404 1712 ·
432 1697 476 1724 καὶ
497 1699 550 1728 πᾶς
572 1696 600 1728 ὃς
623 1696 654 1724 ἃν
680 1696 726 1735 ὲρῇ
743 1696 818 1735 λόγοι.

981 1691 1031 1721 erit
1046 1700 1217 1722 sermonem
1243 1692 1273 1722 in
1291 1692 1398 1723 Filium
1425 1692 1567 1730 hominis,
1584 1693 1750 1724 remittetur

50 1742 96 1768 τὴν
123 1742 186 1769 Υἱὸν
214 1744 261 1769 τοῦ
282 1741 431 1781 ἀνθρώπου,
447 1740 606 1781 ἀφεθήσεται
623 1743 704 1778 αὐτῷ.
721 1740 797 1770 Τοῦτ’
813 1741 819 1768 ἓ

980 1750 982 1760 ι
1003 1736 1065 1767 Hoc
1077 1740 1132 1773 est,
1146 1738 1195 1777 qui
1213 1737 1463 1777 blasphemaverit
1477 1737 1507 1768 in
1520 1738 1636 1778 me,qui
1648 1738 1749 1769 videor

53 1786 81 1817 ὃς
113 1785 304 1824 βλασφημήσῃ
333 1787 369 1818 εἰς
392 1786 439 1823 ἐμὲ
460 1787 506 1814 τὸν
533 1786 692 1826 φαινόμενον
723 1787 781 1814 ι’ἱόν
804 1789 822 1824 ψ

978 1790 1017 1811 'us
1033 1781 1126 1812 Filius
1142 1781 1282 1819 hominis,
1300 1785 1328 1812 et
1343 1782 1480 1819 comedo,
1494 1786 1523 1812 et
1538 1781 1619 1819 bibo,
1637 1786 1666 1813 et
1681 1791 1747 1813 cum

56 1834 102 1859 τοῦ
129 1830 277 1870 ἀνθρώπου,
307 1831 351 1858 καὶ
377 1830 506 1865 ἐσθίοντα,
542 1825 586 1858 iui
612 1831 733 1870 πίνοντα,
756 1831 825 1868 καὶιι

980 1825 1092 1856 ιιίοίιηίε
1103 1829 1134 1857 et
1144 1825 1251 1856 scortis
1263 1826 1496 1867 versor,veniam
1513 1826 1656 1867 consequi
1667 1831 1749 1867 pote-

56 1874 181 1904 τελωνῶν
217 1875 340 1915 διάγοντι
370 1876 414 1904 καὶ
455 1877 568 1916 πορνῶν,
614 1876 792 1915 συγγνωστὸς,

991 1870 1053 1900 sive
1069 1870 1321 1910 ptenituerit,sive
1333 1880 1403 1901 non.
1420 1871 1486 1902 Non
1498 1872 1576 1901 enim
1587 1872 1749 1912 imputatur

59 1921 228 1958 μετανοήσῃ,
255 1920 304 1949 γᾶν
329 1921 380 1958 μή,
413 1920 446 1952 οὔ
461 1921 511 1960 γὰρ
526 1919 656 1959 λογίζεται
674 1920 745 1957 αὒτῷ
769 1921 828 1959 ἁμαγ

980 1920 1131 1947 oecoatum
1149 1916 1174 1947 si
1190 1926 1248 1947 non
1276 1917 1389 1948 credat.
1416 1916 1492 1954 Quid
1516 1917 1595 1947 enim
1623 1917 1699 1947 vidit
1717 1921 1749 1948 ut

58 1965 97 2001 μὴ
127 1965 290 1997 πιστεύοντι.
318 1966 348 1994 τί
374 1965 424 2005 γὰρ
452 1964 536 2002 εἶδεν,
559 1965 605 1992 ’ἕνα
633 1965 762 2003 πιστεύσῃ
779 1974 787 2004 ;
805 1965 834 1994 Τί
856 1964 882 1993 δὲ

57 2009 160 2046 μᾶλλον
188 2010 236 2038 οὒκ.
254 2009 325 2038 εἶδεν
357 2009 426 2043 ἄξιον
449 2009 596 2049 δυσφημίας
614 2019 622 2050 ;
641 2008 719 2038 Εἴδεν
734 2009 880 2049 ἄνθρωπον⁹

58 2054 168 2094 πόρναις
200 2053 384 2094 συνδιέγοντα,
413 2055 457 2083 καὶ
478 2054 635 2094 βλασφημεῖ
657 2055 692 2086 εἰς
718 2055 796 2083 αὐτόν
813 2062 820 2069 “
853 2055 882 2083 οὑ

57 2098 191 2138 λογίζεται
219 2103 263 2128 οὖν
285 2101 357 2137 αὐτῷ
375 2101 499 2138 ἁμαρτία,
525 2100 600 2132 Εἰκὸς
626 2101 676 2139 γὰρ
691 2098 769 2128 ἔπαθε
786 2109 793 2117 ’
824 2101 880 2131 πῶς

56 2144 104 2182 γαρ
138 2145 197 2175 Υἱὸς
224 2148 301 2184 Θεοῦ,
338 2146 352 2173 ὁ
380 2145 489 2184 πόρναις
518 2143 688 2183 συνδιάγων;
714 2143 880 2184 βλασφημή-

57 2199 95 2216 au
125 2189 212 2217 τοίνυν
249 2190 292 2219 καὶ
334 2189 436 2220 πλάνον
474 2189 633 2218 ἆποκαλὲσει
660 2190 705 2218 τὸν
734 2189 802 2217 οὕτω
832 2190 880 2221 μὲν

57 2232 192 2273 διάγοντα.
212 2235 271 2262 Υῐὸν
286 2233 312 2262 δὲ
329 2239 394 2264 Θεοῦ
422 2235 514 2263 ἑαυτὸν
538 2240 674 2266 ποιοῦντα,
694 2230 784 2263 ”¹Οταν
800 2233 827 2273 δέ
841 2245 880 2266 τις

58 2279 92 2310 εἰς
106 2271 110 2273 η
122 2279 153 2306 τὸ
182 2279 258 2318 ἅγιον
285 2282 389 2318 Πνεῦμα
411 2279 567 2319 βλασφημῇ.
586 2279 782 2318 ἀσύγγνωστος.
801 2271 838 2308 ’ὀ
854 2277 880 2307 δὲ

57 2321 140 2362 λέγει,
172 2324 290 2352 τοιοῦτόν
317 2324 388 2353 ἐστιν
405 2332 412 2339 ·
453 2319 541 2354 ιὈταν
570 2325 727 2362 θεοσημείας
761 2323 879 2362 βλέπων,

56 2369 98 2396 καὶ
126 2368 191 2407 ἔργα
213 2368 317 2407 μεγάλα
345 2370 390 2398 καὶ
419 2368 536 2408 ἐξαίρετα
558 2369 657 2407 ἀπιστῇ
678 2369 722 2397 καὶ
747 2379 880 2408 συκοφαν-

56 2415 99 2452 τῇ,
124 2414 172 2444 τὰς
201 2418 247 2442 τοῦ
275 2414 350 2452 ἁγίου
380 2414 531 2451 [Ινεύματος
556 2413 684 2453 ἐνεργείας
713 2417 751 2451 τῷ
772 2413 880 2452 βεελζε-

55 2455 117 2486 ϐοὺλ
153 2460 366 2498 προσανατιθεὶς,
396 2459 458 2487 τότε
485 2458 652 2500 βλασφημῶν
682 2459 718 2491 εἷς
747 2459 777 2486 τὸ
805 2459 881 2498 ἃγιον

57 2505 171 2541 Πνεῦμα,
204 2505 248 2531 καὶ
277 2504 304 2532 ἐν
333 2504 462 2542 πνεύματι
502 2507 611 2543 πονηρῷ
638 2504 682 2532 καὶ
710 2503 738 2531 οὗ
762 2504 822 2539 θείῳ
849 2503 881 2531 τὰ

58 2555 157 2584 σημεῖα
186 2548 301 2587 γίνεσθαι
329 2548 427 2588 λέγων,
460 2547 644 2588 ἀσύγγνωστός
673 2548 741 2584 ἐστι,
764 2548 808 2575 καὶ
835 2549 881 2576 οὒκ

59 2591 127 2620 ἔσται
159 2593 257 2630 ἀθῶος,
288 2594 310 2621 εἰ
337 2594 376 2631 μὴ
412 2595 596 2631 μετανοήσει.
628 2593 667 2630 τῷ
702 2593 751 2630 μὲν
778 2593 814 2624 εἷς
835 2593 881 2620 τὸν

62 2637 116 2664 ι’ἱὸν
144 2641 190 2666 τοῦ
234 2638 370 2677 ἀνθρώπου
407 2638 620 2678 βλασφημοῦντι,
664 2636 721 2666 ουδὲ
767 2638 881 2677 ἁμαρτία

59 2680 196 2721 ilo-(Zeto,
228 2682 267 2711 διὸ
296 2684 340 2712 καὶ
370 2684 409 2722 μὴ
439 2687 574 2722 μετανοῶν
605 2682 799 2722 συγγνωστέος,
837 2687 880 2720 Τᾦ

58 2724 83 2753 δὲ
109 2729 179 2756 θειου
211 2728 360 2766 [Ῑνεύματος
387 2729 451 2768 ἔργα
480 2730 588 2768 ὁρῶντι,
615 2729 659 2756 καὶ
687 2727 878 2766 βλατιεημοῦν-

58 2781 91 2807 τι,
112 2774 196 2812 χωρὶς
225 2774 365 2810 μετανοίας
387 2775 435 2803 οὒκ
463 2773 639 2814 ἀφεθήσεται,
675 2769 804 2811 ’Ᾱμάρῖία
831 2774 881 2813 γὰρ

93 2852 126 2878 δι
138 2851 238 2884 Matth.
254 2861 287 2890 ι,
299 2853 338 2885 32
347 2879 354 2887 .

925 1961 1028 1992 credat
1041 1961 1053 1992 ’ἰ
1065 1961 1109 1991 vel
1123 1961 1230 2001 potius,
1245 1962 1294 2002 qui
1307 1971 1366 1992 non
1382 1962 1455 1993 vidit
1469 1961 1601 1992 convicio
1612 1961 1750 2002 dignum?

925 2004 1005 2036 Vidit
1027 2005 1179 2036 hominem
1211 2010 1377 2037 versantem
1405 2016 1473 2038 cum
1500 2006 1617 2047 scortis,
1636 2011 1665 2038 et
1679 2007 1748 2038 ideo

924 2050 1109 2090 blasphemat
1126 2060 1194 2082 eum
1208 2061 1214 2083 :
1232 2060 1290 2082 non
1307 2051 1396 2091 igitur
1412 2052 1575 2092 imputatur
1589 2052 1617 2083 ei
1639 2061 1747 2092 pecca-

924 2100 996 2126 tum.
1016 2095 1184 2126 \'erisimile
1203 2095 1284 2126 enim
1301 2096 1395 2127 visum
1412 2101 1456 2127 est
1479 2107 1486 2128 :
1509 2106 1576 2127 nam
1600 2097 1748 2137 quomodo

922 2140 1014 2171 Filius
1027 2139 1092 2180 Dei,
1109 2141 1160 2181 qui
1176 2149 1244 2171 cum
1261 2142 1369 2172 scortis
1384 2141 1543 2173 versatur?
1559 2141 1750 2182 Blasphemat

922 2185 1012 2224 igitur
1022 2190 1050 2215 et
1067 2185 1258 2226 impostorem
1275 2191 1357 2216 vocat
1378 2195 1458 2223 eum,
1469 2187 1519 2227 qui
1534 2186 1577 2217 sic
1593 2195 1749 2218 conversa-

925 2236 982 2270 tur,
997 2234 1026 2261 et
1049 2230 1205 2261 facientem
1228 2240 1260 2262 se
1286 2231 1392 2262 Filium
1418 2231 1484 2263 Dei.
1507 2231 1632 2268 Quando
1649 2231 1747 2262 autem

923 2275 989 2316 quis
1005 2275 1168 2306 convicium
1190 2275 1299 2307 dixerit
1316 2277 1346 2306 in
1363 2275 1505 2316 Spiritum
1525 2279 1675 2314 sanctum,
1689 2283 1748 2308 non

924 2320 1092 2352 remittetur
1105 2321 1144 2352 ei.
1167 2321 1252 2356 Quod
1268 2330 1338 2352 vero
1354 2321 1439 2361 dicit,
1462 2321 1540 2352 hunc
1556 2329 1676 2352 sensum
1693 2322 1748 2354 ha-

925 2365 993 2396 bet:
1012 2365 1133 2401 Quando
1145 2365 1248 2396 videns
1262 2366 1363 2396 divina
1374 2366 1529 2406 miracula,
1547 2372 1576 2397 et
1592 2372 1748 2406 operama-

923 2421 979 2451 gna
993 2416 1023 2442 et
1039 2410 1237 2451 praecellentia
1252 2411 1406 2449 discredit,
1424 2416 1454 2443 et
1469 2411 1669 2443 calumniatur
1684 2412 1750 2453 Spl-

923 2457 998 2487 ritus
1009 2456 1101 2486 sancti
1110 2456 1309 2496 operationes,
1322 2457 1388 2488 illas
1397 2457 1553 2489 Beelzebul
1569 2457 1746 2497 attribuens,

923 2502 948 2533 ls
964 2502 1148 2542 blasphemat
1164 2505 1194 2532 et
1210 2502 1375 2533 convicium
1391 2502 1463 2534 dicit
1478 2502 1508 2533 in
1525 2502 1667 2543 Spiritum
1679 2512 1748 2533 san-

922 2553 1018 2582 ctum;
1037 2551 1066 2577 et
1080 2546 1109 2576 in
1118 2546 1223 2586 spiritu
1235 2547 1362 2586 maligno
1379 2552 1407 2578 et
1421 2557 1479 2578 non
1493 2547 1593 2578 divino
1607 2547 1749 2578 miracula

922 2593 986 2623 ﬁeri
1003 2592 1117 2629 dicens,
1135 2591 1249 2622 veniam
1269 2601 1329 2622 non
1346 2596 1555 2633 consequetur,
1569 2596 1599 2623 et
1616 2601 1674 2623 non
1691 2593 1750 2623 erit

922 2639 1078 2672 innocens,
1095 2637 1119 2667 si
1136 2645 1194 2666 non
1212 2637 1394 2677 pwnituerit.
1412 2636 1446 2668 Ei
1469 2636 1549 2668 enim
1575 2637 1624 2679 qui
1640 2636 1748 2669 Filium

922 2681 1053 2714 hominis
1075 2681 1272 2722 blasphemat,
1300 2686 1454 2721 peccatum
1482 2691 1540 2712 non
1567 2684 1747 2723 imputatur:

923 2728 990 2758 ideo
1006 2727 1062 2758 etsi
1074 2736 1132 2757 non
1148 2731 1216 2767 agat
1228 2727 1567 2767 pmnitentiam,veniam
1579 2732 1749 2767 conseque-

925 2777 981 2805 tur.
999 2772 1115 2803 Videnti
1131 2776 1230 2803 autem
1247 2771 1339 2803 divini
1355 2769 1486 2812 Spiritus
1501 2778 1605 2813 opera,
1622 2776 1652 2803 et
1666 2770 1748 2804 blas-

892 2264 914 2290 D
