1949 3077
66 205 127 237 885

441 207 663 239 ENARRATIO
684 206 726 238 IN
749 206 1001 238 EVANGELIUM
1024 204 1145 238 LUCE.
1168 221 1206 228 —
1227 206 1309 237 CAP.
1335 203 1403 236 XII.

1704 178 1762 236 886

67 273 114 302 οὖν
150 273 260 313 φεύγειν
295 274 325 302 τὸ
354 273 487 314 περιττόν.
526 274 626 311 Aturi;
652 274 724 302 Διότι
753 273 800 302 οὒκ
812 274 841 302 'ev
865 273 901 309 τῷ

984 279 1017 309 lia
1031 288 1091 309 non
1112 278 1143 309 in
1165 278 1327 310 abundanti
1347 277 1474 318 quodam
1489 277 1546 308 vita
1564 277 1622 308 illis
1637 281 1682 308 est
1698 288 1705 307 :
1733 276 1763 308 id

67 319 240 357 περισσεύειν
261 319 312 347 τινὶ
339 319 356 353 ἡ
379 320 435 354 ζωὴ
467 319 546 347 αὺτοῦ
583 318 651 355 ἐστι,
690 318 837 355 τουτέστιν,
874 319 901 347 οὐ

984 328 999 360 t,
1017 323 1085 354 vitae
1097 333 1236 354 mensura
1251 332 1310 353 non
1324 322 1414 354 simul
1432 322 1598 354 extenditur
1612 331 1679 353 cum
1702 322 1765 362 ipsa

64 362 269 392 συνεκτιίνεται
295 365 325 392 τὸ
347 364 394 398 τῆς
424 364 496 399 ζωῆς
521 363 618 403 μέτρον
632 367 666 402 τῇ
682 364 818 403 περιουσίᾳ
835 372 841 379 ·
873 365 902 392 οὗ

66 408 118 447 γαρ
152 407 185 442 δὴ
209 409 223 436 ὁ
239 407 312 448 ἔχων
335 408 434 448 πολλὰ,
463 407 514 442 ἤδη
540 419 591 437 που
612 409 656 436 καὶ
678 408 704 440 ἐς
734 408 836 447 μακρὸν
849 408 900 443 ζή-

66 463 152 490 σεται,
175 452 233 481 οὗδὲ
263 453 404 482 ακολουθεῖ
425 457 464 490 τῷ
485 452 582 488 πλήθει
610 457 656 482 τοῦ
671 452 785 482 πλούτου
799 454 816 487 ἡ
844 463 900 490 μα-

66 498 201 536 κροζωία.
230 502 313 527 Τοῦτο
343 497 370 526 δὲ
400 498 472 537 λέγει
502 499 516 526 ὁ
541 499 644 537 Κύριος,
669 497 822 538 ἀνατρέπων
838 498 900 530 τοὺς

66 545 120 569 τῶν
152 541 342 571 πιλοπλούτων
370 542 516 582 λογισμούς
533 550 540 557 '
573 542 665 577 ἐπειδὴ
694 543 744 582 γὰρ
765 544 789 570 οἱ
820 542 895 582 φιλό-

69 585 183 615 πλουτοι
213 585 334 616 δοκοῦσιν
361 588 397 619 ὡς
427 587 553 627 φιλόζωοι
567 587 690 626 περιέπεν
704 588 750 616 τὸν
771 587 897 625 πλοῦτον,

67 631 111 659 καὶ
142 632 182 664 ὡς
212 631 254 660 ἐπὶ
283 633 384 672 μακρὸν
427 631 570 670 μέλλοντες
607 631 760 671 βιώσεσθαι,
797 643 898 660 παντα-

69 677 151 716 χόθιν
181 676 319 717 συνάγειν,
349 678 428 717 φησίν
446 687 453 694 ·
478 676 579 705 ’Ἅθλιε
608 678 651 705 καὶ
676 676 837 716 ταλαίπωρε,
862 678 900 715 μὴ

69 721 119 760 γὰρ
149 721 182 749 ἐκ
209 723 256 749 τοῦ
281 721 367 762 ἔχειν,
397 720 485 750 πολλὰ
512 722 724 761 προσγενήγεταί
745 732 785 749 σοι
813 722 900 750 καὶτὸ

69 764 242 804 μακρόϐιον;
274 766 299 794 τί
324 766 411 794 τοίνυν
451 766 616 798 κακοπαθεῖς
660 765 800 806 προδήλως
835 766 900 802 ὑπὲρ

67 810 116 842 τῆς
147 809 251 845 ἀδήλου
282 810 480 847 ἀναπαύσεωςς
511 810 636 844 ’Ἄδηλον
667 811 715 849 μὲν
742 811 804 851 γὰρ,
841 811 901 850 εἴγε

70 855 180 894 φθάσεις
197 856 234 888 εἰς
263 857 360 895 γῆρας,
391 857 422 884 οὗ
445 854 536 884 εἵνεκα
560 856 736 895 θησαυρίζεις.
766 855 901 896 Πρόδηλον

942 367 1134 405 abundantia,
1145 377 1241 408 neque
1250 369 1328 398 enim
1342 367 1392 406 qui
1404 367 1495 398 multa
1507 366 1766 407 possidetpliutius

942 411 1011 442 vivit
1027 421 1034 443 ξ
1053 421 1149 452 neque
1173 412 1330 443 comitatur
1351 412 1519 443 divitiarum
1544 411 1764 442 multitudinem

941 456 1007 486 vitae
1020 456 1201 496 longmvitas.
1223 456 1285 488 Hoc
1300 461 1399 488 autem
1415 457 1487 487 dicit
1500 457 1643 488 Dominus
1660 456 1766 487 confu-

941 504 1006 532 tans
1015 501 1208 541 cogitationes
1220 502 1380 532 amantium
1396 501 1672 537 divitias.Quoniam
1685 501 1764 532 enim

941 545 1111 576 divitiarum
1127 550 1274 576 amatores
1291 546 1462 577 existimant
1482 546 1561 587 quod
1578 547 1669 576 multo
1687 551 1764 578 tem-

941 599 1013 630 pore
1028 590 1145 621 divitias
1161 590 1327 631 possessuri
1346 590 1415 626 sint.
1434 595 1463 621 et
1483 590 1566 631 quasi
1582 590 1632 621 diu
1647 590 1763 630 victuri,

941 635 1139 676 undequaque
1153 644 1225 674 opes
1241 635 1487 674 colligunt,dicit:
1505 635 1595 666 Miser
1613 640 1644 665 et
1656 644 1761 666 terum-

941 688 1025 716 nose,
1045 680 1179 720 nunquid
1195 689 1228 710 ex
1246 680 1406 711 multorum
1433 680 1620 720 possessione
1639 680 1697 710 vita
1715 685 1765 710 tua

941 724 1114 764 productior
1129 724 1209 755 erit?
1222 733 1275 755 cur
1290 724 1380 764 igitur
1389 724 1532 762 afﬂigeris
1547 723 1701 756 manifeste
1711 733 1763 764 pro

941 769 1012 799 570
1026 769 1139 800 incerta
1156 769 1281 810 quiete?
1295 768 1446 800 Incertum
1463 768 1542 799 enim
1560 777 1630 799 num
1653 768 1689 799 ad
1712 777 1762 799 se-

942 817 1092 844 nectutem
1124 813 1286 854 pertingas,
1319 813 1403 854 cujus
1429 813 1523 853 gratia
1551 812 1732 844 thesaurixas
1756 822 1763 844 :

935 857 1134 899 manifestum
1150 862 1247 889 autem
1273 858 1353 899 quod
1377 867 1456 889 nunc
1485 857 1610 889 insumis
1635 857 1665 888 in
1694 867 1766 898 opes

69 897 97 926 δὲ
121 899 163 927 ὅτι
187 904 230 929 νῦν
251 899 354 936 δαπανᾷ
367 901 426 939 περὶ
438 901 483 928 τὸν
506 901 637 939 πορισμὸν
661 900 715 928 τῶν
737 901 900 940 χρημάτων,

984 903 1178 943 nquirendas.

109 956 123 972 ι
159 945 230 974 Εἶπε
250 944 278 973 δὲ
293 944 449 984 παραϐολὴν
465 946 532 985 πρὸς
547 946 641 978 αὖτοὺς
657 945 743 984 λέγων
761 953 768 960 ·
782 945 901 985 Ἀνθρώ-

70 1001 120 1018 που
149 991 223 1022 τινὸς
249 989 376 1019 πλουσίου
404 990 550 1030 εὐφόρησεν
573 991 590 1024 ἡ
620 990 709 1030 χώρα,
739 991 783 1018 καὶ
812 990 901 1019 διελυ-

69 1034 157 1072 γίζετο
181 1034 209 1062 ἒν
232 1035 317 1071 ὲαυτῷ
345 1033 430 1074 λέγων
449 1043 456 1049 ·
489 1035 519 1064 Τί
551 1036 668 1072 ποιήσω,
699 1034 739 1063 δτι
768 1035 816 1063 οὐκ
844 1035 902 1076 ἔχω

69 1090 119 1107 που
148 1078 252 1112 συνάξω
273 1080 334 1111 τοὺς
363 1080 480 1118 καρπούς
505 1090 579 1117 μου;
611 1080 659 1108 Καὶ
692 1080 754 1108 εἶπε
773 1088 780 1094 “
817 1085 900 1109 Τοῦτο

67 1124 189 1161 ποιήσω,
224 1122 329 1152 καθελῶ
354 1135 404 1162 μου
434 1124 482 1156 τὰς
518 1123 668 1164 ἀποθήκας,
705 1125 749 1153 καὶ
777 1125 898 1163 μείζονας

67 1167 251 1208 οἰκοδομήσω,
281 1169 325 1197 καὶ
353 1168 454 1202 συνάξω
482 1169 541 1197 ἐκεῖ
569 1169 655 1198 πάντα
682 1170 715 1198 τὰ
746 1170 900 1208 γεννήματά

67 1224 129 1250 nou,
159 1214 204 1241 καὶ
233 1214 266 1242 τὰ
308 1213 393 1252 ἀγαθά
423 1224 486 1250 μου,
509 1214 553 1243 καὶ
585 1213 636 1253 ἐρῶ
656 1218 690 1252 τῇ
720 1215 797 1254 ψυχῇ
824 1223 898 1250 μου·

68 1258 163 1298 Ψυχὴ,
197 1258 271 1299 ἔχεις
302 1258 388 1287 πολλᾶ
409 1258 493 1297 ἁγαθᾶ
525 1260 633 1296 κείμενα
655 1259 691 1291 εἰς
720 1260 768 1293 ἔτη
798 1259 898 1299 πολλὰ,

69 1303 219 1343 ἀναπαύου,
241 1303 322 1342 φάγε,
363 1303 417 1342 πίε,
461 1304 608 1343 εὐφραίνου,
641 1305 710 1333 Είπε
740 1303 768 1332 δὲ
790 1307 860 1342 αὺτῷ
886 1305 899 1333 ὃ

70 1347 134 1378 Θεός
154 1357 161 1364 '
189 1346 309 1388 "Acppov,
333 1348 417 1386 ταύτῃ
439 1350 473 1386 τῇ
495 1349 566 1378 νυκτὶ
581 1349 629 1382 τὴν
653 1350 746 1389 ψυχήν
761 1360 806 1377 σου
821 1349 900 1378 ἀπαι-

70 1395 158 1420 τοῦσιν
174 1392 226 1420 ἀπὸ
241 1395 288 1420 σοῦ
308 1401 314 1408 '
344 1392 360 1420 ἃ
387 1391 414 1420 δὲ
436 1392 596 1430 ἡτοίμασας,
612 1394 662 1421 τίνι
679 1393 751 1422 ἔσται
769 1404 776 1430 ς
808 1394 898 1427 Οὕτως

69 1437 82 1464 ὁ
110 1436 276 1476 θησαυρίζων
304 1437 401 1474 ἑαυτῷ,
429 1438 474 1465 καὶ
502 1438 542 1475 μὴ
567 1439 603 1471 εἷς
635 1439 700 1466 Θεὸν
729 1437 861 1470 πλουτῶν.
887 1450 898 1468 ι

71 1482 159 1510 Εἰπὼν
190 1481 231 1510 ὅτι
254 1483 284 1511 οὖ
298 1485 332 1520 τῇ
354 1482 489 1521 περισσεία
504 1486 558 1511 τῶν
587 1484 737 1523 χρημάτων
759 1484 833 1518 καὶὴ
855 1483 901 1512 τοῦ

71 1526 210 1566 ἀνθρώπου
248 1527 305 1562 ζωὴ
348 1527 612 1566 συμπαρεκτείνεται,
654 1529 720 1567 πρὸς
759 1527 900 1566 βεϐαίωσιν

74 1572 167 1601 τούτου)
195 1571 313 1611 επιφέρει
335 1572 379 1600 καὶ
400 1571 566 1612 παραϐολήν,
587 1573 635 1602 Καὶ
665 1572 712 1611 ὅρα
746 1573 803 1605 πῶς
831 1561 930 1601 ὑπο-Ο

72 1617 167 1656 γράψει
197 1617 265 1654 ἡμῖν
281 1617 395 1652 ἀνοήτου
423 1616 549 1646 πλουσίου
577 1617 730 1652 ἀπλήστως
745 1617 901 1657 λογισμούς,

78 1658 105 1691 Ὀ
128 1663 178 1699 μὲν
199 1662 248 1702 γὰρ
274 1662 339 1695 Θεός
367 1663 400 1691 τὰ
425 1663 518 1692 ἑαυτοῦ
543 1663 639 1704 ἐποίει,
665 1664 709 1692 καὶ
729 1665 778 1698 τὴν
805 1665 903 1693 οἰκείαν

79 1707 278 1747 εὔσπλαγχνίαν
306 1706 471 1737 ἐπεδείκνυτο
487 1716 496 1726 ⁸
527 1710 557 1738 οὐ
595 1708 646 1748 γὰρ
676 1708 704 1736 ἓν
733 1708 825 1748 γήδιον
857 1713 904 1737 τοῦ

78 1750 214 1788 πλουσίω,
232 1751 292 1779 ἀλλ’
315 1751 366 1785 ὅλη
395 1751 413 1785 ἦ
435 1752 512 1792 χώρα
531 1752 687 1793 εὐφόρησεν.
722 1748 750 1782 ὀ
778 1752 805 1781 δὲ
821 1753 904 1786 οὕτως

76 1797 108 1829 ἦν
138 1795 257 1835 ἄκαρπος
284 1797 343 1836 περὶ
370 1797 420 1838 τῂν
449 1796 658 1837 εὐσπλαγχνίαν,
699 1797 768 1826 ὥστε
798 1799 858 1838 πρὶν
886 1798 904 1832 ἢ

74 1839 181 1876 λαϐεῖν,
214 1847 352 1881 συνεῖχεν.
386 1836 459 1881 ’Ὅρα
487 1841 514 1870 δὲ
540 1843 583 1870 καὶ
619 1842 666 1874 τὰς
698 1846 745 1870 τοῦ
779 1842 904 1872 πλουσίου

74 1884 180 1921 ἡδονὰς,
213 1886 242 1914 Τί
269 1886 398 1923 ποιήσω;
431 1886 559 1919 Τοιαδτας
594 1887 683 1926 φωνὰς
719 1887 781 1927 οὐχὶ
809 1888 852 1916 καὶ
890 1889 903 1916 ὁ

76 1930 157 1963 πένης
189 1929 275 1970 λέγει,
303 1930 328 1957 τί
350 1931 468 1970 ποιήσω,
498 1930 538 1959 ὅτι
567 1930 614 1960 οὒκ
635 1931 695 1971 ἔχω
722 1931 780 1964 πῶς
802 1933 903 1972 τραφή-

75 1985 165 2012 σομαι,
193 1977 250 2006 πῶς
277 1974 446 2013 ἐνδύσομαι;
475 1974 537 2004 ’Ἴδε
550 1987 596 2014 μοι
627 1977 670 2005 καὶ
696 1977 743 2009 τὰς
757 1977 803 2005 τοῦ
816 1977 902 2006 πλου-

78 2020 130 2047 σίου
158 2020 249 2060 φωνάς
268 2028 275 2035 ”
303 2021 332 2050 Τί
355 2021 473 2057 ποιήσω,
499 2020 539 2049 ὅτι
571 2021 618 2050 οὒκ
644 2021 703 2062 ἔχω
724 2026 774 2050 πού
802 2022 902 2055 συνάξω

73 2065 129 2097 τοὺς
142 2065 261 2105 καρποὺς
277 2075 352 2106 μου;
379 2064 454 2100 Καλή
477 2077 508 2106 γε
537 2066 702 2099 ἀνάπαυσις,
731 2066 796 2106 Εἵγε
822 2068 866 2095 καὶ
889 2069 902 2096 ὁ

77 2109 156 2143 πένης
173 2111 249 2150 φησί’
268 2110 299 2139 Τί
313 2111 433 2147 ποιήσω,
450 2110 490 2138 ὅτι
507 2111 554 2140 οὒκ
577 2111 635 2151 ἔχω
652 2120 660 2148 ;
677 2112 720 2139 καὶ
735 2112 749 2140 ὁ
765 2111 902 2153 πλούσιος,

76 2154 103 2182 Τί
118 2156 237 2190 ποιήσω,
252 2153 292 2182 ὅτι
314 2157 362 2185 οὒκ
389 2155 447 2196 ἔχω
463 2165 471 2193 ;
495 2156 520 2184 τί
541 2157 626 2186 τοίνυν
649 2156 797 2196 συναγομεν
813 2156 843 2185 ἑκ
857 2161 904 2186 τοῦ

984 947 1073 979 Vsus.
1096 948 1204 980 16-21.
1233 960 1247 976 ι
1268 947 1345 979 Dixit
1367 951 1465 979 autem
1488 947 1712 979 similitudinem
1729 948 1765 979 ad

943 991 1021 1030 illos,
1046 992 1174 1024 dicens:
1199 992 1336 1023 Hominis
1358 992 1512 1032 cujusdam
1537 992 1635 1023 divitis
1656 992 1766 1024 uberes

938 1035 1054 1077 fructus
1069 1046 1140 1076 ager
1155 1037 1260 1074 attulit,
1277 1043 1307 1068 et
1322 1037 1467 1077 cogitabat
1483 1037 1560 1068 intra
1575 1046 1621 1077 se,
1634 1037 1739 1068 dicens
1757 1048 1764 1070 :

943 1079 1017 1117 Quid
1034 1081 1151 1118 faciam,
1169 1081 1247 1122 quod
1268 1091 1328 1113 non
1354 1081 1479 1113 habeam
1504 1091 1564 1121 quo
1587 1091 1764 1122 congregem

940 1125 1053 1156 fructus
1070 1125 1176 1157 meos?
1198 1125 1233 1156 Et
1256 1126 1330 1158 dixit
1351 1137 1358 1158 :
1384 1125 1446 1157 Hoc
1470 1126 1587 1163 faciam,
1613 1125 1764 1157 destruam

939 1169 1047 1200 horrea
1058 1174 1168 1208 mea,et
1181 1171 1292 1211 majora
1301 1174 1495 1208 exstruam,et
1505 1170 1766 1210 congregaboilluc

941 1215 1041 1245 omnia
1052 1214 1130 1245 bona
1137 1224 1203 1246 mea
1213 1225 1278 1256 quae
1294 1215 1366 1246 mihi
1378 1219 1446 1246 nata
1461 1219 1539 1255 sunt,
1551 1214 1685 1246 etdiCHm
1697 1215 1763 1246 ani-

943 1268 999 1289 ma:
1015 1268 1087 1290 inte:
1106 1259 1223 1297 Anima,
1237 1259 1328 1291 habes
1340 1260 1430 1291 multa
1443 1260 1521 1291 bona
1531 1260 1664 1300 reposita
1674 1261 1704 1291 in
1713 1270 1765 1292 an-

942 1312 996 1334 nos
1012 1304 1130 1340 multos,
1147 1305 1459 1345 requiesce,comede,
1476 1304 1557 1346 bibe,
1568 1305 1674 1345 gaude.
1687 1305 1766 1340 Dixit

941 1352 1038 1379 autem
1055 1348 1098 1378 illi
1113 1348 1210 1379 Deus:
1228 1349 1333 1386 Stulte,
1351 1349 1406 1380 hac
1429 1353 1515 1380 nocte
1530 1352 1658 1380 animam
1682 1354 1761 1381 tuam

941 1396 1079 1433 repetent
1094 1393 1147 1424 abs
1163 1397 1206 1424 te:
1223 1403 1288 1434 qua!
1304 1403 1374 1424 vero
1390 1394 1510 1434 parasti,
1520 1393 1566 1424 cui
1583 1394 1762 1436 cedent?Sic

941 1438 993 1478 qui
1008 1438 1143 1468 recondit
1157 1438 1224 1478 sibi,
1243 1447 1298 1469 nec
1314 1442 1360 1469 est
1374 1447 1444 1478 erga
1458 1438 1550 1469 Deum
1566 1439 1764 1470 dives.nPost-

942 1492 1029 1522 quam
1046 1482 1119 1513 dixit
1135 1483 1222 1513 vitam
1237 1482 1367 1515 hominis
1386 1492 1445 1513 non
1463 1483 1585 1523 produci
1604 1493 1671 1514 cum
1687 1483 1764 1514 divi-

943 1527 1047 1558 tiarum
1064 1527 1256 1568 abundantia,
1273 1528 1309 1558 ad
1332 1528 1587 1559 confirmationem
1603 1528 1667 1568 ejus
1682 1529 1768 1560 affert

945 1572 1032 1602 etiam
1047 1572 1215 1611 parabolam
1228 1582 1234 1604 :
1253 1576 1281 1603 et
1292 1572 1359 1603 vide
1370 1573 1518 1612 quomodo
1529 1573 1672 1604 describit
1683 1573 1768 1604 nobis

944 1616 1128 1648 insatiabiles
1140 1617 1224 1648 stulti
1231 1617 1327 1648 divitis
1334 1617 1622 1657 cogitationes.Deus
1628 1619 1707 1649 enim
1715 1627 1768 1649 sua

944 1660 1080 1702 faciebat,
1098 1666 1126 1692 et
1142 1662 1257 1692 solitam
1273 1662 1452 1694 ostendebat
1471 1662 1720 1700 misericordiam,
1736 1667 1768 1694 ut

944 1715 1004 1737 non
1020 1716 1095 1736 unus
1111 1710 1223 1737 tantum
1251 1706 1352 1738 divitis
1375 1708 1500 1747 agellus,
1528 1707 1580 1738 sed
1604 1712 1664 1739 tota
1685 1708 1767 1748 regio

946 1750 1054 1781 uberes
1070 1750 1112 1782 illi
1128 1751 1240 1782 fructus
1251 1752 1372 1782 afferret
1386 1763 1392 1783 :
1412 1761 1512 1783 verum
1529 1753 1578 1783 hic
1593 1756 1650 1783 tam
1666 1753 1766 1784 immi-

945 1795 1074 1826 sericors
1086 1800 1159 1835 erat,
1177 1800 1208 1826 ut
1217 1801 1375 1836 antequam
1387 1797 1536 1838 reciperet
1547 1807 1591 1833 ea.
1603 1797 1765 1829 clauderet.

945 1840 1019 1871 Vide
1034 1840 1104 1871 item
1121 1845 1150 1871 et
1164 1841 1261 1871 divitis
1271 1841 1444 1880 voluptates.
1462 1841 1538 1878 Quid
1554 1841 1658 1872 faciam
1669 1841 1767 1874 ?Neu-

946 1885 1056 1926 liquam
1074 1894 1186 1924 pauper
1206 1885 1249 1916 ita
1267 1885 1447 1926 loqueretur.
1471 1886 1541 1926 quid
1564 1886 1682 1923 faciam,
1698 1887 1768 1926 quia

945 1939 1004 1960 non
1020 1929 1114 1960 habeo
1128 1929 1277 1969 quomodo
1290 1929 1409 1969 induar,
1426 1931 1574 1969 quomodo
1590 1931 1676 1961 alar?
1691 1931 1768 1962 Vide

944 1979 1041 2006 autem
1052 1979 1080 2006 et
1091 1974 1189 2005 divitis
1200 1983 1300 2007 voces:
1310 1975 1388 2012 Quid
1396 1975 1514 2016 faciam,
1522 1977 1590 2016 quia
1599 1986 1660 2007 non
1671 1976 1766 2008 habeo

944 2018 994 2050 ubi
1011 2029 1190 2059 congregem
1208 2019 1324 2050 fructus
1350 2029 1433 2051 meos
1445 2024 1459 2052 ?
1473 2022 1555 2052 Bona
1576 2021 1697 2060 quidem
1720 2024 1768 2053 est

945 2065 1040 2105 quies.
1054 2064 1207 2104 Siquidem
1225 2070 1255 2094 et
1269 2074 1383 2105 pauper
1395 2065 1565 2102 dicitzQuid
1574 2066 1768 2107 faciam,quia

944 2119 1004 2140 non
1020 2109 1115 2140 habeo
1127 2109 1142 2139 ?
1158 2113 1185 2139 et
1201 2108 1284 2140 dives
1300 2109 1372 2140 dicit
1387 2119 1393 2141 :
1411 2109 1486 2146 Quid
1502 2111 1606 2142 faciam
1623 2112 1692 2151 quia
1707 2121 1766 2143 non

943 2153 1064 2185 habeo?
1079 2153 1155 2189 Quid
1182 2153 1271 2192 igitur
1296 2154 1448 2185 lucramur
1473 2164 1509 2186 ex
1532 2165 1567 2186 eo
1589 2157 1666 2197 quod
1683 2157 1768 2196 plura

76 2199 156 2228 πλείω
180 2201 327 2240 συνάγειν;
356 2201 502 2230 ἀνάπαυσιν
531 2202 580 2240 μὲν
609 2203 659 2242 γὰρ
674 2203 704 2232 οὗ
718 2201 899 2243 κερδαίνομεν,

984 2198 1182 2238 ngregamus?
1202 2198 1340 2234 Quietem
1368 2199 1447 2230 enim
1473 2210 1533 2239 non
1559 2200 1720 2239 lucramur,
1737 2205 1768 2232 et

76 2245 121 2273 Καὶ
150 2245 230 2280 δῆλον
255 2246 308 2274 ἀπὸ
341 2249 394 2274 τῶν
423 2246 577 2287 φροντίδων,
606 2248 742 2287 ἁμαρτιῶν
767 2247 794 2276 δὲ
817 2248 900 2285 μόνον

75 2288 174 2323 πλῆθος
217 2290 323 2322 ἑαυτοῖς
369 2291 565 2331 ἱπισωρεύομεν
611 2292 718 2321 Καθελῶ
767 2303 818 2328 μου
853 2293 901 2325 τὰς

75 2333 222 2371 ἀποθήκας,
256 2336 300 2363 καὶ
328 2335 450 2373 μείζονας
479 2335 659 2374 οίκοδομήσω,
689 2336 753 2366 Ἐὰν
778 2336 805 2365 δὲ
822 2336 902 2366 πλέον

79 2379 211 2419 εὔφορήσῃ
234 2380 270 2412 εἷς
300 2381 331 2408 τὸ
359 2380 457 2418 μέλλον
486 2381 503 2415 ἡ
520 2381 609 2422 χώρα,
625 2381 704 2409 πάλιν
719 2382 901 2422 καθαιρήσεις,

76 2424 116 2452 καὶ
136 2423 218 2454 πάλιν
241 2423 426 2462 οἱκοδομήσεις
446 2435 452 2442 ·
471 2427 514 2454 ναὶ
539 2425 577 2458 τίς
607 2426 684 2466 χρεία
707 2428 845 2466 καθαιρεῖν
860 2428 903 2455 καὶ

78 2468 249 2507 οἱκοδομεῖν;
280 2468 387 2510 ’Ἔχεις
412 2470 549 2505 ἀποθήκας
580 2471 632 2499 τῶν
662 2475 781 2511 πτωχῶν
796 2472 843 2503 τὰς
857 2483 903 2511 γα-

77 2513 178 2555 στέρας,
205 2513 292 2543 πολλὰ
314 2513 458 2552 δυναμένας
499 2522 613 2555 χωρεῖν,
644 2516 688 2544 καὶ
723 2515 902 2548 ὰκαταλύτους

77 2558 118 2586 ni
145 2559 292 2600 ἀφθάρτους
311 2569 319 2578 ν
346 2560 460 2598 οὐράνιοι
490 2561 540 2600 γὰρ
577 2561 625 2588 εἶσι
654 2561 698 2589 καὶ
718 2563 800 2597 θεῖαι,
826 2560 904 2596 εἴπερ

78 2603 90 2629 ὁ
111 2604 210 2644 τρὲςρων
226 2604 341 2638 πένητα,
374 2606 440 2633 Θεὸν
467 2605 568 2645 τρέφει.
597 2601 670 2645 UOpe:
699 2605 726 2634 δὲ
749 2606 793 2634 καὶ
814 2605 903 2644 ἕτερον

79 2646 199 2682 ἆιόητον,
231 2649 268 2678 Τὰ
297 2650 453 2688 γενντ,ματά
478 2661 542 2688 μου,
573 2652 616 2679 καὶ
638 2651 670 2678 τὰ
691 2651 777 2690 ἀγαθά
791 2661 853 2688 μου.
869 2655 905 2679 Ου

79 2693 123 2732 γὰρ
151 2694 255 2732 ἐνόμιζε
271 2698 352 2723 ταῦτα
368 2694 443 2734 ἔχειν
468 2695 499 2723 ἐκ
527 2699 603 2732 Θεοῦ,
621 2695 639 2729 ἢ
654 2696 704 2734 γὰρ
719 2696 762 2732 ἂν,
785 2696 822 2727 ὡς
838 2699 905 2724 Θεοῦ

80 2737 227 2776 οἰκονόμος,
256 2740 315 2777 περὶ
343 2750 426 2767 ταυτα
454 2739 577 2770 διέκειτο,
608 2739 681 2768 Ἀλλ’
697 2741 800 2768 οἰκείων
815 2740 904 2767 πόνων

78 2784 224 2822 γεννήματα
254 2789 336 2813 ταῦτα
351 2784 429 2822 ᾢετο,
453 2784 493 2813 διὸ
522 2786 568 2814 καὶ
588 2785 675 2822 ἑαυτῷ
701 2788 783 2813 ταῦτα
805 2795 902 2824 σφετε-

80 2827 221 2866 ριζόμενος,
252 2828 290 2858 Τὰ
326 2829 479 2868 γεννήματα
520 2841 572 2868 μου
598 2831 642 2858 καὶ
668 2830 702 2858 τὰ
722 2830 807 2869 ἂγαθά
841 2840 904 2870 μου,

81 2869 162 2912 ἔλεγεν
179 2882 186 2888 ⁸
218 2872 310 2902 οὗδένα
342 2875 404 2915 γὰρ,
434 2876 526 2915 φησὶν,
555 2874 613 2916 ἔχω
643 2875 783 2912 κοινωνὸν,
813 2873 904 2903 οὐδένα

942 2243 1131 2275 manifestum
1149 2243 1191 2283 id,
1207 2243 1285 2282 quod
1301 2253 1318 2274 a
1333 2244 1413 2274 curis
1430 2255 1436 2276 :
1453 2248 1564 2276 tantum
1581 2250 1677 2276 autem
1695 2255 1765 2286 pec-

943 2293 1076 2320 catorum
1093 2288 1314 2319 multitudinem
1340 2289 1426 2320 nobis
1448 2291 1682 2322 accumulamus.
1706 2292 1766 2322 De-

943 2339 1054 2366 struam
1072 2334 1179 2364 horrea
1195 2343 1271 2370 mea,
1289 2337 1318 2364 et
1333 2334 1446 2374 majora
1461 2339 1609 2366 exstruam
1627 2346 1634 2366 :
1649 2336 1728 2376 quod
1741 2338 1766 2366 si

944 2379 1027 2419 regio
1045 2379 1143 2419 plures
1158 2378 1189 2409 in
1205 2382 1354 2418 posterum
1368 2379 1481 2410 fructus
1497 2380 1640 2421 attulerit,
1659 2380 1766 2411 iterum

946 2424 996 2455 illa
1012 2424 1160 2463 destrues,
1172 2426 1202 2454 et
1217 2422 1274 2453 alia
1289 2423 1460 2455 mdilicabis.
1478 2426 1513 2456 Et
1523 2435 1589 2466 quae
1600 2425 1765 2456 utilitasde-

945 2468 1079 2500 struendi
1095 2472 1124 2498 et
1148 2467 1343 2498 exstruendi‘?
1359 2467 1455 2500 Habes
1471 2469 1589 2508 horrea,
1603 2478 1765 2510 pauperum

944 2519 1072 2549 ventres,
1089 2522 1153 2554 quae
1165 2512 1372 2552 multacapere
1388 2519 1520 2553 possunt,
1532 2518 1766 2556 quaequeincor-

944 2558 1084 2599 ruptibila
1099 2562 1192 2588 sunt:
1221 2557 1353 2588 coelestia
1377 2558 1456 2589 enim
1483 2564 1562 2597 sunt,
1590 2565 1619 2591 ct
1643 2559 1764 2591 divina:

945 2602 1185 2644 quandoquidem
1203 2601 1252 2642 qui
1269 2602 1362 2642 pascit
1374 2604 1644 2644 pauperem,Deum
1662 2604 1765 2644 pascit.

947 2648 1022 2680 Vide
1037 2649 1106 2679 item
1123 2651 1152 2677 et
1166 2646 1253 2677 aliam
1269 2647 1482 2687 insipientiam.
1495 2651 1659 2681 Proventus
1672 2658 1765 2686 meos,

947 2694 1002 2724 hoc
1018 2698 1061 2724 est
1077 2701 1141 2733 quae
1164 2691 1235 2722 mihi
1252 2696 1320 2723 nata
1344 2698 1422 2732 sunt,
1448 2698 1477 2725 et
1500 2694 1578 2726 bona
1602 2704 1678 2726 mea.
1702 2693 1765 2725 Non

946 2739 1025 2770 enim
1040 2738 1161 2778 putabat
1175 2738 1238 2768 haec
1254 2745 1286 2766 se
1310 2736 1420 2769 habere
1436 2748 1471 2769 ex
1488 2741 1561 2780 Deo,
1578 2739 1710 2780 alioquin
1736 2746 1767 2770 ut

946 2784 1134 2824 dispensator
1147 2781 1201 2813 Dei
1216 2781 1302 2812 aliter
1317 2781 1379 2813 hac
1394 2783 1588 2824 disposuisset
1603 2796 1609 2816 :
1637 2784 1689 2815 sed
1704 2783 1768 2815 suis

947 2827 1098 2860 laboribus
1112 2830 1195 2867 parta
1210 2825 1341 2866 pnlabat,
1355 2826 1466 2859 idcirco
1478 2833 1506 2860 et
1520 2828 1577 2860 sibi
1588 2829 1651 2860 haec
1669 2828 1766 2860 tribu-

946 2882 1012 2914 ens,
1026 2872 1105 2904 bona
1115 2881 1168 2903 sua
1182 2875 1212 2902 et
1228 2870 1285 2902 sibi
1298 2875 1367 2902 nata
1386 2872 1514 2915 dicebat,
1533 2874 1616 2915 quasi
1630 2873 1765 2906 diceret:
