1949 3077
124 428 126 430 ⁷
178 439 343 468 crescunt:
363 445 422 467 non
442 435 591 473 laborant,
609 445 706 476 neque
722 439 806 466 nent.
828 428 900 466 Dico
916 439 1013 465 autem

187 187 241 221 89l
666 187 964 220 THEOPHYLACTI
988 189 1194 220 BULGARl/E
1216 190 1396 221 ARCHIEP.
1833 191 1892 222 89‘2

178 256 296 287 sollitus
312 260 359 287 es?
377 255 571 295 Perspicuum
591 253 767 293 enim,quod
784 252 861 284 sicut
878 253 947 285 Deu:

1136 266 1141 271 '
1175 255 1294 289 τηκεδὼν
1310 257 1359 296 γὰρ
1380 257 1397 291 ἢ
1414 256 1540 296 μέριμνα.
1558 258 1587 286 Εἰ
1601 259 1687 286 τοίνυν
1702 259 1731 287 τὸ
1745 258 1894 300 ὶλάχιστον

189 305 372 332 crementum
386 300 451 340 dat,
468 300 545 331 itaet
561 299 619 330 alia
635 299 726 330 dabit.

1125 300 1215 329 ύνασαι
1231 301 1388 341 προσθῆναι,
1405 302 1429 330 τί
1443 312 1501 341 περι
1521 305 1574 330 τῶν
1603 302 1705 332 λοιπῶν
1732 299 1869 343 μεριμνᾷς
1887 313 1894 340 ;

1059 344 1193 384 Πρόδηλον
1215 346 1264 386 γὰρ
1279 345 1332 383 ὅτι,
1356 346 1447 386 ὥσπερ
1473 347 1522 381 τὴν
1538 346 1647 381 αὔξησιν
1662 349 1676 377 ὁ
1692 349 1756 380 Θεὸς
1773 347 1893 384 δίδωσιν,

219 392 312 422 Vens.
329 391 440 423 27-31.
461 404 475 420 ε
494 391 689 423 Considerate
701 391 772 421 2575
789 390 851 421 lilia
865 390 988 431 quomod

621 395 689 422 :rate
701 391 772 421 575
789 390 851 421 lilia
865 390 1014 431 quomodo
1057 390 1124 418 οὕτω
1139 391 1182 418 καὶ
1197 390 1282 419 τᾶλλα
1297 389 1390 421 δώσει.

1103 445 1112 462 I
1138 436 1326 470 Κατανοήσατε
1362 437 1396 464 τὰ
1425 436 1499 473 κρίνα
1523 439 1581 468 πῶς
1603 436 1706 470 αὐξάνει
1723 446 1730 452 ·
1748 438 1781 466 οὗ
1797 442 1892 475 κοπιᾷ,

177 479 332 517 vobis,nec
349 479 492 512 Solomon
514 480 544 511 in
563 480 643 510 omni
660 479 756 519 gloria
772 488 826 510 sua
837 479 946 509 vestieh

1135 480 1222 515 νήθει.
1241 480 1318 520 Λέγω
1339 482 1415 518 ὑμῖν,
1432 481 1472 509 δτι
1487 480 1545 510 οὐδὲ
1559 481 1687 519 Σολομῶν
1709 483 1735 511 ἐν
1758 484 1839 522 πάσῃ
1861 487 1891 522 τῇ

182 525 259 556 sicut
275 534 365 556 unum
381 534 414 555 ex
432 524 507 555 istis.
522 524 552 556 Si
569 528 666 555 autem
689 533 809 564 gramen
826 523 906 564 quod
926 523 951 554 hi

1148 526 1227 554 αὑτοῦ
1242 524 1417 565 περιεϐάλετο
1431 527 1468 558 ὡς
1491 526 1519 554 ἓν
1541 527 1655 558 τούτων.
1673 529 1704 556 Et
1717 527 1745 556 δὲ
1758 528 1809 556 τὸν
1824 528 1891 568 χόρ-

181 573 227 601 est
242 570 271 600 in
288 579 371 610 agro,
386 573 415 600 et
428 579 495 600 cras
511 569 541 600 in
555 569 705 600 clibanum
721 568 858 608 mittitur,
875 568 950 599 Deus

1122 569 1145 597 tv
1166 573 1204 607 τῷ
1226 570 1299 609 ἆγρῷ
1329 571 1447 610 σήμερον
1468 571 1544 609 ὄντα,
1571 573 1615 600 καὶ
1630 571 1718 611 αὔριον
1734 573 1772 605 εἰς
1798 571 1891 601 κλίϐα-

184 614 288 646 νεειὶιο
304 619 414 655 quanto
441 614 535 653 magis
561 623 615 644 vos
635 614 749 650 vestiet,
763 622 780 644 ο
797 622 899 653 parum
918 612 953 644 lid

1141 614 1318 653 βαλλόμενον,
1361 617 1375 643 ὁ
1405 616 1470 648 Θεὸς
1505 615 1590 648 οὕτως
1615 616 1788 657 ἆμφιὲννυσι,
1820 618 1893 654 πόσῳ

185 659 244 690 ιοδῖ
261 659 294 690 Et
309 668 360 690 vos
378 659 468 690 nolite
496 667 632 697 quwrere
660 657 730 698 quid
761 657 841 688 esuri
865 657 940 697 sitis,

1124 670 1155 687 ,ον
1180 660 1262 699 ὑμᾶς,
1285 659 1450 698 ὀλιγόπιστοι
1469 669 1477 700 ;
1494 658 1546 690 Καὶ
1573 661 1652 698 ὑμεῖς
1675 661 1714 697 μὴ
1730 665 1843 697 ζητεῖτε
1870 662 1893 690 τί

187 704 258 745 quid
276 704 395 735 bibituri
411 713 420 734 :
437 708 465 734 et
481 704 573 734 nolite
585 703 614 734 in
631 702 759 734 sublime
777 702 837 733 tolli
856 701 923 733 Haec
933 712 956 733 ei

1123 714 1158 736 ιτε
1180 703 1198 738 ἢ
1213 715 1258 732 και
1281 704 1306 732 τί
1333 705 1427 744 πίητε,
1455 705 1500 732 καὶ
1526 704 1565 742 μή
1580 706 1782 743 μετεωρίζεσθε.
1808 706 1892 736 Ταῦτα

183 750 283 780 omnia
294 755 397 789 gentes
414 749 517 779 mundi
532 752 682 788 quaerunt.
695 748 781 779 Pater
797 753 897 778 autem
914 757 952 777 ve:

1134 748 1221 776 πάντα
1257 749 1290 777 τὰ
1328 747 1391 782 ἔθνη
1428 748 1474 777 τοῦ
1503 748 1606 787 κόσμου
1633 749 1770 786 ἐπιζητεῖ,
1805 745 1891 788 ἰ’μῶν

185 793 240 825 scit
255 794 332 834 quod
349 794 412 824 istis
430 793 597 833 indigeatis.
616 792 693 829 Quin
710 793 806 833 potius
823 793 946 832 quaerite

1122 810 1123 815 η
1149 792 1240 832 Πατὴρ
1262 792 1346 829 οἶδεν,
1370 793 1410 821 ὅτι
1434 793 1549 833 χρῄζετε
1563 794 1676 823 τούτων·
1694 794 1768 829 πλὴν
1784 799 1891 831 ζητεῖτε

184 847 275 878 gnum
292 838 390 876 Dei,et
401 839 463 869 haec
478 837 577 869 omnia
589 837 766 877 adjiciantur
781 837 893 868 vobis.»
912 836 946 867 Et

1131 836 1268 875 βασιλείαν
1297 841 1343 866 τοῦ
1372 841 1449 876 Θεου,
1472 839 1517 866 καὶ
1538 843 1620 868 ταῦτα
1648 839 1736 868 πάντα
1772 850 1889 879 προστε-

185 883 316 930 liliorum
346 883 514 930 exemplum
536 883 644 922 posuit.
658 887 689 913 ut
706 881 882 930 nos‘magis
902 881 954 921 pud

1124 882 1269 930 IlI-bptv.
1288 893 1302 909 ε
1330 882 1379 930 καὶ
1401 883 1431 910 τὸ
1460 885 1515 910 τῶν
1530 883 1626 922 κρίνων
1649 883 1812 924 ὑπόδειγμα,
1831 885 1891 923 πρὸς

185 927 420 959 sull’underet.Si
437 927 515 958 enim
531 927 594 958 haec
607 927 650 957 sic
668 927 754 958 vestit
768 926 856 963 Deus,
875 930 906 956 ut
919 935 954 956 ne

1123 925 1321 966 vrpétlaat;1‘.l.tic
1343 925 1438 955 πλεῖον
1454 926 1548 960 ἔθηκεν
1566 935 1573 942 ·
1591 928 1614 956 εἷ
1636 929 1686 967 γὰρ
1700 934 1786 958 ταῦτα
1811 928 1891 960 οὕτως

188 971 329 1003 Salomon
345 972 375 1002 in
392 971 533 1003 omnibus
549 972 665 1003 deliciis
676 971 738 1002 suis
751 971 845 1011 possit
856 970 899 1001 sic
919 980 957 1001 ve:

1121 969 1227 998 ,évvuaw
1257 971 1271 998 ὁ
1294 971 1371 1007 Θεὸς,
1401 972 1438 1003 ὡς
1469 970 1538 1009 μηδὲ
1559 971 1608 1005 τὴν
1636 975 1683 1001 τοῦ
1712 972 1890 1010 Σολομῶντος

187 1022 219 1048 ut
234 1027 325 1048 unum
338 1027 372 1048 ex
388 1017 463 1055 istis,
481 1026 606 1057 quorum
620 1017 701 1049 nulla
715 1016 836 1057 quidem
849 1021 956 1046 estnec

1121 1027 1133 1041 ν
1154 1015 1262 1055 ἰσχύσαι
1290 1014 1476 1054 περιῦαλέσθαι
1491 1015 1557 1044 ποτὶ
1581 1017 1618 1049 ὡς
1647 1016 1674 1044 ἕν
1701 1017 1821 1056 τούτων,
1851 1018 1890 1045 καὶ

184 1061 257 1093 sitas
274 1062 519 1101 pulchritudinis;
537 1066 644 1102 quanto
659 1062 749 1101 magis
770 1070 834 1101 nos,
851 1061 953 1092 honor:

1119 1071 1138 1088 κα
1167 1065 1212 1089 τοῦ
1233 1059 1348 1093 κάλλους
1372 1063 1425 1089 τῶν
1449 1061 1544 1099 κρίνων
1566 1061 1605 1098 μὴ
1627 1061 1774 1102 ἀναγκαίου
1804 1063 1888 1099 ὄντος,

185 1106 227 1137 les
242 1116 302 1147 prae
316 1107 434 1138 caneris
445 1111 609 1144 creaturas,
627 1107 744 1146 vestiet,
763 1105 928 1146 praesertim
945 1115 954 1136 (

1120 1116 1132 1141 ρ
1154 1103 1256 1142 μᾶλλον
1270 1105 1355 1143 ἡμᾶς,
1370 1106 1402 1134 τὸ
1416 1105 1502 1143 τίμιον
1525 1105 1648 1144 πλάσμα,
1677 1109 1725 1136 οὐκ
1751 1107 1889 1148 ἀμφιέσει,

185 1151 347 1182 necessitas
372 1152 509 1191 corporis
532 1151 739 1182 indumentum
761 1150 914 1190 postulet?
937 1149 954 1186 Ο

1129 1153 1211 1178 ταῦτα
1239 1150 1385 1189 ἀναγκαίου
1424 1149 1499 1182 ὄντος
1542 1153 1581 1178 τῶ
1610 1153 1714 1189 σώματι
1736 1152 1820 1190 ὴμῶν
1848 1155 1889 1180 τοῦ

185 1197 284 1236 igitur,
298 1196 377 1228 dicet
389 1196 636 1236 quispiamjubes
648 1200 679 1226 ut
695 1205 753 1226 non
769 1196 902 1226 eolamus
916 1204 951 1233 ag

1119 1205 1201 1230 ματος
1218 1203 1226 1234 ς
1244 1194 1274 1223 Τί
1303 1195 1359 1234 οὖν,
1382 1195 1458 1234 φησὶ,
1487 1194 1606 1228 κελεύεις
1634 1197 1706 1234 ἡμᾶς
1732 1197 1773 1235 μὴ
1804 1208 1888 1237 γεωρ-

187 1241 251 1272 Νοη
267 1240 400 1281 dixit,Ne
415 1241 519 1271 colatis
534 1250 620 1280 agros
639 1249 645 1272 :
665 1240 730 1277 sed,
744 1239 786 1270 Ne
799 1239 919 1270 solliciti
941 1249 953 1269 ε

1137 1247 1145 1276 ς
1164 1240 1217 1268 Οὐκ
1233 1239 1297 1267 εἶπε
1313 1247 1319 1254 “
1338 1239 1382 1272 Μὴ
1399 1246 1556 1279 γεωργεττε,
1573 1239 1652 1278 ἀλλὰ,
1669 1242 1714 1275 Μὴ
1731 1245 1888 1280 μεριμνᾶτε.

188 1286 304 1317 Etenim
318 1295 377 1316 non
395 1285 539 1326 prohibeo
557 1295 594 1316 ne
608 1285 736 1325 labores,
751 1285 802 1316 sed
820 1294 858 1315 ne
871 1285 957 1315 sollic

1120 1284 1230 1320 ἀ’ζεσθαι
1261 1284 1310 1322 μὲν
1332 1285 1382 1324 γὰρ
1404 1285 1434 1313 οὺ
1463 1284 1571 1325 κωλύω,
1603 1290 1732 1325 μεριμνᾶν
1754 1285 1800 1327 δὲ,

190 1331 241 1364 sis.
257 1330 403 1362 interdico
423 1342 428 1362 :
448 1330 503 1361 hoc
515 1335 571 1367 est,
590 1340 626 1361 ne
639 1339 722 1370 spem
747 1339 838 1370 ponas
852 1330 880 1360 in
896 1334 924 1359 te
940 1329 959 1369 il

1143 1329 1192 1362 τὴν
1214 1328 1306 1357 ἐλπίδα
1322 1328 1399 1369 ἔχειν
1421 1329 1448 1358 ἐν
1472 1330 1591 1369 ἑαυτοῖς,
1619 1334 1697 1360 τοῦτο
1718 1332 1887 1371 ἀπαγορεύω.

188 1375 235 1407 Sic
248 1377 298 1416 qui
316 1375 476 1412 laborat,et
491 1385 574 1416 spem
591 1369 680 1406 habet
696 1375 724 1405 in
742 1369 813 1411 Deo,
832 1375 857 1405 is
872 1374 946 1405 citra

1124 1373 1170 1412 ὅγε
1185 1374 1441 1416 ἔργαζόμενοςγμὲν,
1468 1373 1582 1410 ἐλπίζων
1605 1374 1632 1403 δὲ
1647 1376 1684 1408 εἰς
1700 1369 1792 1414 Θεὸν(
1806 1369 1886 1407 οὕτως

184 1415 369 1452 licitudinem
382 1415 546 1456 vivit.Quod
559 1420 637 1451 enim
651 1419 880 1450 sollicitudinem
895 1423 948 1449 uta

1117 1419 1209 1456 δίμνως
1232 1418 1327 1457 διάγει.
1364 1415 1430 1448 ’Ὁτι
1453 1420 1504 1459 γὰρ
1532 1420 1583 1453 τὴν
1612 1420 1743 1460 μέριμναν
1769 1423 1808 1453 ὡς
1838 1421 1886 1450 ἀπ-

185 1465 385 1496 abducentem
397 1465 720 1502 resecet,manilestum
732 1463 921 1494 est.Proinde
931 1463 1015 1494 dicit:

187 1510 229 1541 Ne
245 1509 382 1550 quaratis
408 1509 479 1550 quid
509 1509 682 1543 comedatis,
701 1509 745 1539 vel
762 1509 833 1549 quid
851 1508 968 1545 bibatis,
987 1513 1016 1538 et

187 1554 279 1586 nolite
296 1555 326 1585 in
342 1554 470 1585 sublime
486 1554 559 1586 tolli.
574 1554 603 1584 lu
618 1553 747 1584 sublime
761 1553 823 1584 tolli
840 1562 958 1593 prorsus
975 1562 1017 1583 m-

186 1599 228 1631 hil
241 1599 321 1630 aliud
334 1599 405 1630 dicit
419 1609 507 1640 quam
524 1599 796 1635 distractionem,et
806 1598 914 1629 mentis
927 1599 1015 1629 insta-

1059 1464 1173 1502 άγουσαν
1197 1465 1262 1492 Θεοῦ
1281 1464 1415 1505 ἐκκόπτει,
1432 1463 1525 1498 δῆλον.
1550 1466 1621 1498 Φησὶ
1634 1466 1684 1505 γάρ
1696 1473 1704 1481 ⁶
1722 1466 1768 1494 Μελ
1784 1470 1888 1502 ζητεῖτε

1058 1508 1082 1535 τί
1111 1509 1227 1549 φάγητε,
1243 1508 1261 1542 ἢ
1276 1509 1300 1536 τί
1315 1509 1404 1546 πίητε,
1431 1509 1475 1538 καὶ
1504 1509 1543 1547 μὴ
1559 1511 1760 1548 μετεωρίζεσθε,
1778 1514 1889 1539 Μετεω-

1059 1554 1153 1592 ρισμὸν
1181 1555 1231 1593 γὰρ
1258 1553 1363 1586 πάντως
1392 1552 1467 1582 οωὲν
1495 1553 1561 1582 ἄλλο
1590 1553 1672 1595 λέγει,
1703 1555 1721 1589 ἢ
1749 1557 1799 1584 τὸν
1813 1567 1888 1595 περι-

1060 1599 1194 1638 σπασμὸν,
1218 1599 1262 1627 καὶ
1283 1602 1329 1626 τοῦ
1359 1597 1489 1638 λογισμοῦ
1509 1599 1560 1633 τὴν
1591 1599 1703 1628 ἄστατον
1731 1602 1888 1641 περιφορὰν,

188 1644 277 1676 bilem
291 1635 555 1680 versione'm,nunc
567 1644 718 1684 hoc,nunc
733 1643 806 1674 illud
822 1643 957 1682 cogitanti

1117 1653 1154 1671 πε
1171 1642 1236 1672 ἄλλο
1269 1643 1470 1681 ἑνθυμουμένου,
1501 1644 1545 1672 καὶ
1566 1643 1620 1672 ἀπὸ
1635 1645 1728 1674 τούτου

186 1689 224 1720 ab
240 1689 295 1720 hoc
308 1690 337 1719 in
350 1688 617 1726 illud,salientis,et
632 1698 754 1729 semper
768 1687 924 1718 sublimius
934 1688 1016 1728 quiil-

186 1734 253 1765 dam
266 1734 457 1773 imaginantis
473 1743 586 1765 secum.
605 1734 713 1765 Annon
735 1733 823 1765 fuerit
839 1733 869 1763 in
886 1733 1016 1764 sublime

185 1778 350 1810 tollimanc
363 1779 452 1818 igitur
468 1778 714 1815 sollicitudinem,
732 1778 787 1808 hoc
805 1782 848 1809 est
865 1778 903 1808 ila
916 1777 945 1807 in
961 1787 1015 1808 su-

186 1824 277 1870 blime
289 1823 362 1864 tolli,
380 1823 449 1870 quia
460 1832 476 1853 a
489 1823 549 1854 Deo
561 1823 691 1870 abducit,
703 1822 1015 1870 prohibetDominus.

185 1869 290 1900 dicens
300 1870 361 1899 hac
370 1869 579 1907 omniagentes
587 1867 927 1908 inquirere.Sollicitudu
937 1867 1016 1898 enim

185 1923 243 1944 nou
255 1913 327 1944 solis
335 1912 513 1944 necessariis
526 1917 666 1943 contenta
677 1917 731 1946 est.
745 1913 847 1949 sed,ut
858 1912 1016 1952 dixi,sem~

185 1967 238 1999 per
253 1958 339 1989 altius
357 1966 386 1988 et
404 1958 503 1997 majus
518 1957 587 1997 quid
604 1957 742 1997 requirit,
755 1961 784 1986 et
800 1960 957 1996 propterea
970 1956 1016 1986 di-

185 2002 261 2033 citur
283 2004 465 2042 μετεωρισμὸε
493 2001 581 2032 elatio
611 2001 640 2032 in
666 2001 845 2032 sublimeEt
859 2005 890 2031 ut
905 2000 1015 2040 aliquid

185 2047 313 2087 exempli
330 2047 423 2086 gratia
435 2047 607 2077 dicamznon
625 2045 769 2076 habemus
783 2045 1018 2086 panem,sollici-

189 2091 208 2122 ti
218 2101 321 2122 sumus
332 2091 411 2122 unde
420 2091 627 2122 habeamuszet
635 2099 693 2121 non
706 2089 735 2121 in
748 2090 802 2121 hoc
813 2090 1014 2126 subsistimus,

184 2136 237 2167 sed
257 2140 285 2166 et
301 2140 330 2167 ut
346 2136 464 2176 adipem
481 2135 753 2172 frumenti,deinde
769 2140 797 2165 et
812 2135 1017 2175 vinum,idque

187 2180 544 2220 fragrantissimum,etad
562 2180 623 2210 haec
637 2189 717 2211 assas
733 2189 850 2217 carnes,
869 2184 898 2210 et
911 2181 948 2211 ad
963 2181 1015 2211 has

185 2226 332 2265 attagines
343 2230 371 2257 et
388 2225 652 2266 phasiauos.Vides
677 2224 922 2259 sollicitudinem,
940 2230 969 2256 et
986 2225 1014 2255 in

186 2270 316 2301 sublime.
337 2279 371 2301 ac
395 2270 522 2311 amplius
546 2270 746 2301 extollentiain
772 2279 859 2310 quam
877 2269 949 2300 dicit
963 2281 1015 2307 μεα

1058 1686 1100 1715 ἐπ’
1131 1687 1231 1728 ἐκεῖνο,
1268 1689 1313 1718 καὶ
1351 1689 1391 1716 ἀεὶ
1420 1688 1452 1716 τὰ
1482 1687 1636 1728 ὑψηλότερα
1664 1691 1864 1730 φανταζομένου
1879 1699 1886 1706 '

1058 1733 1120 1772 οὒχὶ
1134 1733 1211 1761 τοῦτό
1226 1732 1296 1761 ἐστιν
1318 1734 1332 1761 ὁ
1358 1733 1541 1773 μετεωρισμός
1558 1743 1566 1774 ;
1599 1730 1645 1766 Ὦς
1667 1736 1712 1763 οὖν
1733 1737 1887 1776 ἀπάγουσιν

1057 1778 1130 1814 ἡμᾶς
1161 1781 1206 1805 τοῦ
1243 1780 1308 1806 Θεοῦ
1336 1778 1386 1811 τὴι
1421 1777 1546 1811 τοιαύτην
1586 1777 1727 1818 μέριμναν,
1758 1780 1821 1814 ἤτοι
1844 1781 1886 1808 τὸν

1061 1822 1256 1860 μετεωρισμὸν,
1306 1821 1464 1861 ἀπαγορεύει
1514 1823 1528 1850 ὁ
1572 1823 1678 1863 Κύριος,
1712 1825 1808 1863 εἰπὼν,
1848 1824 1885 1854 ὅτι

1060 1870 1147 1896 Ταῦτα
1174 1867 1261 1894 πάντα
1279 1867 1313 1894 τὰ
1333 1865 1393 1900 ἔθνη
1416 1868 1550 1902 mcum.
1583 1869 1620 1897 Οὐ
1648 1869 1698 1908 γὰρ
1723 1869 1808 1910 μέχρι
1837 1873 1885 1898 τῶν

1059 1912 1210 1951 ἀναγκαίων
1237 1912 1254 1946 ἡ
1278 1911 1393 1951 μέριμνα
1421 1911 1541 1948 ἵσταται,
1568 1912 1628 1940 ἀλλ’
1649 1913 1714 1953 ὅπερ
1729 1916 1820 1952 εἶπον,
1849 1914 1885 1943 ἀεὶ

1060 1957 1090 1984 τὰ
1118 1955 1270 1996 ὑψηλότερα
1300 1961 1379 1992 ζητεῖ
1396 1964 1403 1972 ⁸
1431 1955 1471 1986 διὸ
1497 1958 1541 1986 καὶ
1563 1960 1746 1997 μετεωρισμὸς
1770 1959 1884 1999 λέγεται,

1059 2002 1118 2029 οἶόν
1147 2002 1172 2029 τί
1193 2013 1263 2041 φημι
1280 2009 1287 2017 '
1315 2003 1369 2031 Οὐκ
1390 2001 1492 2042 ἔχομεν
1508 2002 1599 2042 ἄρτον,
1616 2007 1787 2044 μεριμνῶμεν
1809 2005 1883 2034 πόθεν

1057 2046 1168 2084 ἕξωμεν,
1198 2048 1241 2074 καὶ
1271 2047 1318 2075 οὒκ
1347 2046 1411 2087 ἄχρι
1439 2047 1532 2075 τούτου
1563 2048 1703 2086 ἱστάμεθα,
1739 2048 1810 2079 ἀλλᾶ
1844 2050 1883 2077 καὶ

1056 2093 1150 2120 ὁποῖον
1165 2090 1244 2128 στέαρ
1259 2094 1341 2130 πυροῦ
1359 2101 1364 2107 -
1390 2091 1453 2120 εἶτα
1480 2093 1524 2120 καὶ
1551 2092 1639 2130 οἶνον,
1662 2092 1706 2121 καί
1729 2094 1823 2124 τοῦτον
1838 2095 1882 2123 ἆν-

1054 2136 1176 2174 Οοσμίαν,
1207 2136 1252 2164 καὶ
1279 2135 1346 2174 ὄψον
1373 2136 1439 2175 πρὸς
1463 2136 1581 2176 τούτοις,
1617 2138 1668 2166 Καὶ
1696 2142 1775 2168 τοῦτο
1803 2139 1881 2167 ἀττι-

1057 2181 1137 2221 ᾖνος
1163 2181 1181 2215 ἢ
1209 2184 1347 2220 φασιανοῦ,
1390 2177 1468 2220 Ὀρᾷς
1504 2182 1552 2215 τὴν
1588 2181 1730 2221 μέριμναν,
1769 2184 1814 2212 καὶ
1841 2185 1882 2212 τὸν

1058 2225 1266 2265 μετεωρισμόν,
1296 2226 1345 2253 Διὰ
1371 2225 1449 2254 τοῦτο
1469 2226 1483 2254 ὁ
1512 2226 1605 2266 Κύριος
1621 2227 1758 2261 παντελῶς
1789 2229 1880 2262 ταύτην

1053 2267 1203 2299 Αᾶποκοπτει
1221 2280 1228 2288 ·
1257 2271 1280 2298 01
1295 2270 1394 2298 ἐθνικοὶ
1419 2271 1469 2309 γὰρ
1483 2274 1566 2299 ταῦτα
1590 2275 1726 2307 ζητοῦσιν.
1745 2273 1814 2302 Et“
1843 2273 1882 2302 καὶ

183 2315 517 2356 τεωριομόνῖΕδρΓορῐει·
528 2314 671 2345 Dominus
682 2319 814 2354 amputat
827 2314 889 2345 haec
899 2324 946 2345 om

1109 2327 1143 2344 ιον
1171 2315 1264 2355 ἐπάγει
1280 2314 1426 2353 λογισμὸν,
1443 2315 1484 2344 ὅτι
1499 2317 1513 2344 ὁ
1531 2316 1622 2356 Πατὴρ
1637 2317 1716 2355 ἡμῶν
1747 2318 1819 2347 οἶδεν
1843 2317 1878 2346 ὅτι

183 2360 310 2400 gentiles
326 2360 405 2390 enim
424 2360 485 2390 haec
501 2357 777 2400 quaeruntlnsuper
786 2364 814 2390 et
828 2359 916 2390 aliam
929 2360 1015 2390 affert

183 2405 327 2436 rationem
348 2415 354 2436 :
369 2404 438 2444 quia
452 2404 538 2436 Pater
554 2408 654 2435 noster
669 2404 726 2435 scit
740 2404 809 2444 quia
817 2404 863 2436 his
875 2414 948 2445 opus
960 2405 1014 2435 ha-

185 2449 274 2490 betis,
291 2450 352 2480 imo
368 2459 426 2480 non
444 2459 531 2480 unam
548 2449 705 2489 rationein,
723 2449 776 2480 sed
793 2449 911 2481 multas.
926 2451 1014 2481 Pater

182 2495 349 2535 est,inquit,
367 2499 396 2525 et
410 2495 435 2526 si
455 2494 704 2536 Pater,quomodo
721 2503 779 2525 non
794 2494 890 2524 dabit?
908 2494 966 2526 Sed
985 2499 1016 2526 et

183 2539 310 2576 scit,nec
324 2539 404 2570 enim
417 2539 533 2579 ignorat
550 2549 555 2571 :
574 2539 626 2571 sed
643 2543 672 2570 et
683 2549 733 2569 vos
749 2548 823 2578 opus
840 2539 1012 2582 habetis{a),

183 2594 239 2616 nec
268 2585 346 2615 enim
378 2585 506 2625 superﬂa
535 2589 615 2621 sunt,
646 2584 699 2615 sed
728 2583 810 2614 vobis
830 2585 1012 2616 necessaria.

183 2629 276 2670 Igitur
290 2639 357 2660 cum
372 2629 477 2670 etipse
490 2630 526 2660 sit
539 2631 637 2666 l’aler,
656 2633 686 2660 et
701 2637 752 2667 vos
774 2638 850 2668 opus
866 2629 1010 2668 habeatis,

183 2680 212 2705 et
236 2674 310 2706 sciat
332 2674 394 2713 ille,
407 2675 557 2715 quomodo
571 2684 628 2705 non
641 2673 763 2704 daturus
779 2675 872 2704 esset?
887 2675 1016 2710 Quzerite

194 2719 273 2759 gitur
289 2728 415 2759 regnum
433 2719 485 2751 Dei
503 2726 573 2750 ante
587 2719 698 2757 omnia,
715 2718 786 2748 574
806 2724 836 2750 et
862 2723 1016 2760 tempora-

1055 2361 1181 2401 χρῄζετε,
1211 2361 1255 2388 κ-ιὶ
1280 2360 1332 2400 οὐχ
1362 2360 1408 2389 ἕνα
1435 2359 1579 2400 λογισμὸν,
1602 2360 1672 2389 ἀλλὰ
1695 2363 1740 2391 καὶ
1769 2363 1881 2394 πλείους.

1057 2406 1148 2445 Πατὴρ
1169 2406 1220 2445 γάρ
1236 2405 1304 2442 ἐστι,
1328 2407 1404 2446 φησί,
1434 2406 1479 2434 καὶ
1508 2406 1530 2433 εἰ
1545 2406 1651 2445 Πατὴρ,
1676 2410 1734 2440 πῶς
1749 2408 1779 2437 οὐ
1794 2408 1878 2444 δώσει,

1057 2450 1142 2479 Ἀλλὰ
1163 2451 1207 2478 καὶ
1236 2449 1305 2488 οἶδε,
1331 2450 1371 2488 μὴ
1394 2451 1442 2490 γὰρ
1469 2449 1575 2489 ἀγνοεῖ,
1598 2450 1667 2480 ἀλλὰ
1694 2453 1740 2481 καὶ
1761 2453 1877 2493 χρήζετε,

1057 2497 1096 2533 μὴ
1116 2496 1165 2536 γὰρ
1195 2496 1305 2535 περιττά
1336 2495 1420 2533 ἐστιν,
1450 2494 1518 2523 ἀλλά
1547 2495 1679 2536 χρειωδη.
1711 2498 1740 2526 Εἰ
1770 2499 1814 2526 οὖν
1840 2497 1880 2525 καὶ

1057 2541 1160 2581 Πατὴρ,
1185 2541 1230 2569 καὶ
1259 2541 1338 2578 ὑμεῖς
1368 2541 1496 2581 χρῂζετε,
1523 2541 1569 2569 καὶ
1590 2539 1665 2569 οἶδεν
1687 2541 1803 2582 ἐκεῖνος,
1828 2545 1878 2574 πῶς

1057 2589 1085 2617 οὖ
1115 2586 1194 2616 δώσει
1212 2595 1221 2624 ;
1237 2590 1348 2620 Ζητεϊτε
1364 2587 1408 2615 οὖν
1425 2587 1474 2621 τὴν
1494 2586 1631 2625 βασιλείαν
1653 2591 1700 2616 τοῦ
1722 2591 1787 2617 Θεοῦ
1816 2598 1876 2627 προ-

1055 2633 1224 2672 ηγουμένως,
1241 2633 1285 2660 καὶ
1305 2632 1354 2666 τὴν
1384 2633 1443 2671 περὶ
1471 2632 1505 2660 τὰ
1532 2632 1645 2670 βιωτικὰ
1661 2633 1791 2672 μέριμναν
1815 2634 1877 2661 ἀπο·

1056 2679 1214 2714 ποιήσασθε,
1244 2678 1281 2708 ὡς
1309 2677 1484 2706 εκκόπτουσιν
1519 2678 1591 2714 ἡμᾶς
1621 2677 1675 2705 ἀπὸ
1701 2677 1808 2708 τούτου.
1834 2672 1878 2709 Καὶ

1056 2726 1116 2755 τότε
1138 2727 1220 2752 ταῦτα
1242 2721 1328 2751 πάντα
1344 2725 1551 2763 προστεθήσεται
1577 2722 1654 2760 ὑμῖν,
1686 2717 1763 2762 Ὀρᾷς
1794 2723 1878 2758 Cadit;

222 2809 267 2849 (α)
283 2807 359 2840 Edit.
379 2808 445 2839 Lut.
462 2808 521 2840 Sed
536 2811 563 2840 et
575 2809 632 2840 scit
647 2816 653 2838 :
669 2810 816 2850 quomodo
831 2811 913 2843 cnim
930 2811 1111 2854 ignoraret?
1125 2813 1188 2848 Sed
1201 2817 1229 2846 οι
1244 2814 1321 2854 quod
1334 2822 1409 2854 opus
1424 2812 1553 2845 habetis.
