1949 3077
34 161 102 194 897

35 231 155 260 Παῦλον

34 278 173 315 οιξιραλιοῖς
202 279 308 317 γάμων,
332 279 406 319 τάχα
420 279 470 316 μὲν
484 277 633 309 καθολικῶς
658 277 685 305 ὲν
708 277 743 311 τῆ
764 275 878 305 καθόλου

36 321 201 360 συντελείᾳ,
231 323 275 351 ὅτε
303 323 352 351 ἀπ’
377 323 486 362 οὒρανοῦ
501 322 636 351 ἐλεύσεται
651 321 677 350 ὲν
699 322 733 360 τῇ
754 320 817 359 δόξῃ
832 325 878 350 τοῦ

36 367 167 405 Πατρός.
205 368 283 407 τάχα
318 367 344 396 δὲ
365 369 410 396 καὶ
431 366 489 396 καθ’
513 368 629 401 ἑκάστην
649 367 719 407 ὤραν
735 367 762 395 ἐν
777 369 811 405 τῇ
826 376 877 404 με-

40 414 109 450 ρικῇ
144 414 192 441 τοῦ
219 412 278 441 καθ’
307 413 353 441 ἕνα
383 412 518 449 συντελείᾳ
545 413 665 452 ἀοράτως
679 413 721 440 καὶ
743 409 878 451 ἀπροσδο-

37 456 142 490 κήτως
181 456 367 498 ἐφιστάμενος.
400 458 533 497 μακάριος
555 457 600 485 οὖν
623 458 739 494 ὲκεῐνος,
754 455 784 484 ὅν
799 456 879 493 εὑρή-

38 511 83 528 σει
101 501 319 541 περιεζωσμένον
340 503 388 540 μὲν
404 503 453 536 τὴν
473 502 565 542 ὀσφὺν,
580 501 626 530 οἷα
641 500 674 535 δὴ
688 504 727 538 τῷ
741 503 879 540 πρακτικῷ

39 545 122 584 μέρει
156 547 205 580 τῆς
232 547 302 576 κατὰ
330 548 442 587 Χριστὸν
477 546 630 587 φιλοσοφίας
654 546 806 585 θεραπεύειν
832 546 878 573 τὸν

39 590 113 617 Θεὸν
147 590 346 628 ἐτοιμασθέντα,
385 591 484 631 ἔχοντα
499 589 526 618 δὲ
542 591 587 618 τὸν
616 590 715 631 λυλνον
739 593 786 618 τοῦ
800 589 880 628 λόγου

37 635 86 662 καὶ
116 637 172 669 τῆς
207 634 360 674 διακρίσεως
389 636 544 674 καιόμενον,
572 636 615 663 καὶ
632 635 670 673 μὴ
696 635 777 673 μόνον
792 635 879 674 πράτ-

37 689 125 707 τοντα
156 680 188 708 τὸ
210 680 304 718 καλὸν,
327 680 396 710 ἀλλὰ
411 681 454 709 καὶ
475 679 578 711 καλῶς·
612 680 642 708 οὗ
664 680 720 717 μὴν
741 678 808 707 ἀλλὰ
837 679 880 707 καὶ

38 723 92 756 τὴν
129 725 255 763 θεωρίαν.
287 725 347 754 οἶόν
380 737 421 754 τιν
437 736 454 753 α
478 724 579 765 λύχνον
600 723 752 762 δεξάμενον·
773 722 814 751 διὰ
829 724 878 762 γὰρ

40 772 89 797 τοῦ
121 770 176 803 τὴν
204 771 285 810 ὀσφὺν
318 771 491 810 περιεζῶσθαι
521 770 684 810 περιγίνεται
714 770 782 807 ἡμῖν
804 769 848 797 καὶ
864 769 878 796 6

39 813 194 851 καιόμενος
228 814 327 855 λύχνος
354 816 402 850 τῆς
437 815 558 854 θεωρίας,
591 814 693 852 μᾶλλον
719 813 747 842 δὲ
775 815 797 842 οἱ
833 812 878 841 δύο

41 857 159 904 λύχνοι,
198 858 211 887 ὅ
238 871 266 888 τε
282 859 426 892 ἐνδιάθετος
443 861 486 888 καὶ
500 861 514 888 6
528 860 700 900 προφορικὸς·
716 862 755 895 τῷ
768 858 880 895 τοιούτῳ
891 879 910 904 Β

41 903 88 930 οὖν
119 904 263 942 θεράποντι
291 905 411 944 θεράπων
437 906 451 933 6
482 905 575 941 Κύριος
617 905 728 943 γίνεται.
760 904 878 938 [139th)-

42 958 122 976 σεται
140 949 203 987 γὰρ,
220 949 296 989 φησὶ,
323 950 367 978 καὶ
388 949 526 978 ἀνακλινεῖ
548 950 653 980 αὐτούς.
677 950 724 978 Καἱ
742 947 879 988 παρελθὼν

41 991 203 1028 διακονήσει
238 993 342 1026 αὑτοῖς·
373 994 561 1034 περιζώννυται
597 994 646 1031 μὲν
689 993 734 1021 οὖν
765 994 778 1021 6
814 993 879 1023 Θεὸς

41 1039 110 1065 καθὸ
143 1040 197 1078 οὐχ
220 1038 324 1067 ἅπασαν
353 1039 402 1073 τὴν
429 1040 482 1067 τῶν
510 1039 615 1077 ἀγαθῶν
630 1039 709 1079 χύσιν
724 1039 792 1075 ἡμῖν
817 1037 878 1066 ἐπι-

43 1089 182 1121 χορηγεῖ,
214 1082 273 1111 ἀλλ’
303 1083 459 1112 ἀναστέλλει
488 1083 599 1116 ταύτην·
638 1083 676 1116 τίς
698 1083 748 1122 γὰρ
773 1081 878 1113 δύναται

42 1129 176 1167 χωρῆσαι
200 1129 276 1166 θεὸν,
294 1128 355 1160 ὅσος
371 1129 426 1157 ἐστί
441 1139 450 1165 ;
478 1129 526 1157 Καὶ
547 1127 628 1161 δῆλον
643 1127 674 1156 ἔκ
692 1131 745 1156 τῶν
760 1128 879 1167 Σεραφὶμ

44 1171 260 1210 καλυπτομένων
287 1172 329 1202 διὰ
355 1175 405 1208 τὴν
429 1172 577 1211 ὑπερϐολὴν
605 1178 652 1202 τοῦ
681 1173 750 1201 θείου
778 1172 878 1211 ῳωτόςθ

45 1216 186 1245 ἆνακλίνει
228 1217 256 1245 δὲ
281 1219 341 1251 τοὺς
378 1218 475 1251 καλοὺς
505 1218 622 1250 δούλους·
653 1217 730 1249 ὅλους
760 1218 810 1256 γὰρ
845 1216 879 1244 δι’

47 1260 121 1289 ὃλων
150 1262 292 1290 ἆναπαύευ
319 1264 356 1294 ὡς
391 1263 441 1303 γὰρ
470 1265 484 1292 6
523 1262 729 1298 ἆνακεκλιμὲνος
759 1261 821 1290 ὅλον
849 1262 879 1290 τὸ

47 1308 129 1343 σῶμα
159 1306 301 1344 ἀναπαύει,
324 1307 394 1336 circa)
415 1308 459 1336 καὶ
479 1309 508 1336 iv
529 1311 563 1346 τῇ
590 1306 725 1346 μελλούσῃ
750 1308 878 1346 παρουσίᾳ

48 1349 106 1378 ὅλοι
138 1349 174 1379 δι’
205 1351 275 1379 ὃλων
298 1353 321 1380 οἱ
349 1352 422 1391 ἅγιοι
457 1352 651 1382 ἇναπαύοντπι.
690 1351 817 1380 Ἐνταῦοα
829 1351 878 1388 μὲν

45 1396 95 1435 γὰρ
133 1399 175 1433 τῷ
209 1407 313 1435 σωματι
349 1398 437 1425 ἃνεσιν
467 1398 519 1437 οὐχ
534 1397 706 1436 εὑρίσκουσιν,
739 1396 827 1424 ἐκεῖσε
849 1395 877 1424 δὲ

46 1441 92 1468 σὺν
127 1441 195 1473 ταῖς
238 1444 344 1482 ψυχαῖς
372 1443 417 1470 καὶ
444 1443 477 1470 τὰ
497 1442 662 1480 πνευματικὰ
684 1441 768 1470 αὑτῶν
782 1442 825 1469 καὶ
846 1441 877 1469 τὰ

44 1487 104 1513 θεῖα
144 1486 257 1524 σώματα
305 1487 447 1526 ἀφθαρσίαν
487 1486 738 1526 κληρονομήσαντα,
788 1486 877 1520 πάσης

47 1530 223 1563 ἀναπαύσεως
252 1531 441 1571 ἀπολαύουσιν,
459 1532 503 1560 καὶ
516 1531 588 1561 ’ἐσται
610 1533 624 1560 ὁ
656 1532 721 1563 Θεὸς
735 1532 768 1559 τὰ
791 1531 878 1560 πάντα

47 1574 73 1602 ἐν
102 1578 186 1604 πᾶσιν
208 1578 311 1609 αὐτοῖς’
328 1575 447 1605 διακονεῖ
462 1576 489 1604 δὲ
504 1583 564 1608 τοῖς
587 1576 678 1612 ἀξίοις,
702 1575 879 1614 ἀμειϐόμενος

48 1621 141 1652 αὑτοὺς
171 1627 231 1653 τοῖς
253 1621 336 1653 ἴσοις·
359 1622 402 1649 καὶ
417 1621 506 1661 ὥσπερ
527 1621 598 1650 αὑτοὶ
621 1622 691 1658 αὐτῷ
704 1619 877 1654 διηκόνησαν,

51 1664 123 1692 οὕτω
156 1665 202 1693 καὶ
230 1665 308 1698 αὒτὺς
330 1666 421 1697 αὑτοῖς
443 1666 583 1704 ὑπηρετῶν
607 1666 650 1694 καὶ
672 1663 772 1703 δαψιλῆ
788 1667 879 1696 αὐτοῖς

53 1709 183 1750 παρέχων
217 1711 360 1750 τράπεζαν,
382 1713 426 1739 καὶ
453 1711 503 1745 τὴν
527 1714 581 1739 τῶν
615 1713 800 1747 πνευματικῶν
824 1721 878 1750 χα-

54 1754 191 1792 ρισμάτων
232 1756 332 1795 τρυφὴν
359 1757 547 1796 χαριζόμενος,
577 1755 705 1789 (δολιχὴν
719 1754 746 1783 δὲ
761 1754 881 1792 δευτέραν

53 1799 97 1826 καὶ
120 1800 212 1839 τρίτην
248 1801 356 1836 νοήσαις
385 1800 416 1829 ἄν
430 1801 477 1834 τὰς
492 1800 630 1841 διαφόρους
654 1801 724 1839 ὧρας
738 1802 788 1833 τῆς
809 1800 880 1836 ςωῆς

53 1844 142 1880 ἡμῶν.
172 1845 239 1874 Οἶόν
265 1857 290 1874 τι
319 1845 402 1885 λέγω·
432 1841 542 1886 ’Ὥσπερ
557 1847 570 1874 6
586 1845 710 1884 ἇγυπνῶν
725 1846 753 1873 ἒν
773 1847 808 1878 τῆ
823 1843 880 1872 δευ-

52 1888 113 1928 τέρᾳ
149 1893 193 1918 καὶ
222 1891 296 1930 τρίτῃ
324 1889 441 1931 φυλακῇ,
470 1889 546 1920 δοκεῖ
573 1889 791 1930 ὲγρηρορώτατος
807 1889 879 1918 εἶναι

53 1933 139 1972 (αὗται
170 1935 220 1975 γὰρ
249 1937 275 1964 αἱ
303 1935 369 1975 ὧραι
397 1938 446 1970 τῆς
461 1936 553 1969 νυκτὸς
575 1935 691 1973 μάλιστα
713 1935 796 1963 ὕπνου
810 1946 878 1973 παρ-

52 1981 153 2008 ικτικαὶ
187 1987 246 2012 τοῖς
274 1980 420 2020 ἀνθρώποις
447 1981 492 2009 καὶ
525 1980 631 2021 πρώτου
669 1979 774 2016 ὕπνου),
811 1979 880 2008 οὕτω

54 2023 105 2052 νόει
134 2036 182 2063 μοι
211 2026 256 2054 καὶ
290 2027 318 2053 iv
345 2028 380 2063 τῇ
415 2025 532 2066 διαφόρῳ
553 2025 712 2054 καταστάσει
734 2027 784 2058 τῆς
808 2027 879 2060 ζωῆς

54 2069 130 2106 ἡμῶν
161 2072 231 2098 εἶναι
259 2070 329 2109 ὥρας
351 2071 398 2102 τὰς
444 2070 586 2110 μακαρίως
626 2071 698 2107 ἡμᾶς
740 2069 878 2106 ποιούσας,

58 2112 100 2141 ἐὰν
128 2115 274 2154 εὑρεθῶμεν
309 2117 510 2155 γρηγοροῦντες.
527 2112 660 2154 ’Ἧρπασέ
687 2126 728 2146 τις
756 2115 789 2143 τὰ
805 2115 879 2154 χρή-

58 2160 127 2195 ματά
153 2171 212 2197 σου,
241 2161 382 2196 τεθνήκασί
418 2171 459 2190 σοι
502 2160 610 2200 παῖδες,
653 2160 878 2199 ἔσυκοφαντήθης⁸

58 2202 101 2231 ἐὰν
134 2206 164 2233 ὶν
193 2211 252 2236 τοῖς
280 2205 408 2238 τοιούτοις
444 2212 548 2245 καιροῖς
576 2206 607 2234 οὔ
627 2204 793 2245 καταπέσῃς,
820 2203 881 2233 ἀλλ’

58 2247 210 2290 ἐγρηγορὼς
235 2250 344 2289 εὑρεθεὶς
372 2254 411 2288 τῷ
439 2254 498 2288 Θεῷ
511 2252 556 2279 καὶ
579 2250 712 2289 Δεσπότῃ,
738 2250 782 2277 καὶ
798 2248 880 2287 μηδὲν

57 2292 104 2326 ἔξω
129 2298 184 2324 τῶν
213 2295 291 2324 αὑτοῦ
332 2294 446 2324 ἐντολῶν
480 2295 650 2335 ἀναγκασθῇς
665 2293 771 2333 πρᾶξαι,
798 2293 880 2326 ὅντως

56 2339 219 2380 ἱργηγορότα
242 2351 271 2369 σε
300 2341 373 2380 εὗρεν
401 2340 427 2368 ἐν
455 2339 562 2380 δευτέρᾳ
586 2341 629 2368 καὶ
662 2339 739 2379 τρίτῃ
763 2339 879 2380 φυλακῇ,

58 2385 201 2426 τουτέστιν,
230 2385 258 2413 ἐν
273 2389 356 2424 καιρῷ
383 2385 472 2426 δεινῷ,
494 2386 539 2414 καὶ
561 2385 642 2414 ὕπνον
664 2383 814 2419 θανατώδη,
837 2384 882 2414 καὶ

60 2431 226 2460 κατάπτωσιν
253 2437 312 2464 ταῖς
343 2431 455 2471 χαύναις
469 2434 575 2471 ψυχαῖς
597 2430 754 2470 παρέχοντι·
781 2429 822 2458 δεῖ
837 2429 880 2459 οὖν

60 2475 252 2516 ἓτρῃγόρσεως·
278 2475 452 2514 οἰκοδεσπότῃ
481 2477 530 2516 γὰρ
556 2476 692 2514 ἐοίκαμεν,
723 2474 751 2507 ὅς
785 2475 807 2503 εἰ
832 2476 881 2513 μὲν

63 2520 199 2560 ἀγρυπνεῖ,
227 2523 256 2551 ob
295 2520 401 2551 δύναται
423 2520 496 2550 οτῖιδὲν
516 2521 585 2549 κατὰ
609 2523 663 2549 τῶν
678 2522 756 2549 αὐτοῦ
767 2519 881 2559 χρημά-

62 2575 110 2594 των
135 2568 148 2595 ὁ
164 2566 293 2600 κλέπτης·
311 2567 332 2594 εἰ
347 2565 375 2594 δὲ
397 2566 519 2600 ὑπνώδης
535 2565 601 2606 ἐστὶ,
623 2565 710 2594 πάντα
726 2564 789 2604 ἄρας
801 2565 882 2604 οἰχή-

64 2620 141 2640 σεται.
174 2610 298 2644 κλέπτην
333 2610 360 2639 δὲ
385 2610 494 2640 ἰνταῦθα
509 2614 596 2640 νοοῦσι
618 2610 667 2648 μέν
681 2620 751 2641 τινες
772 2608 816 2637 καὶ
835 2610 880 2637 τὸν

64 2653 192 2697 διάϐολον,
219 2656 308 2696 ὥσπερ
335 2657 380 2685 καὶ
399 2657 476 2685 οἶκον
501 2657 550 2690 τὴν
569 2657 673 2696 ψυχὴν,
691 2653 881 2688 οἰκοδεσπότην

64 2700 103 2729 τὸν
136 2701 283 2741 ἄνθρωπον
319 2702 349 2730 οὐ
375 2702 431 2740 μὴν
459 2701 530 2730 ἔοικε
563 2700 712 2741 πρόσφορος
749 2699 820 2728 εἶναι
846 2701 880 2737 τῇ

99 2789 144 2815 ⁸6⁸
157 2789 185 2823 Π
197 2791 269 2823 Cor.
285 2798 328 2830 xl,
342 2792 376 2824 2.
389 2790 422 2816 ⁵7
436 2789 450 2822 Ι
462 2789 531 2823 Cor.
547 2797 597 2829 xv,
611 2788 661 2821 28.

411 160 631 197 ENARRATIO
655 163 694 197 IN
718 160 971 196 ENANGELIUM
995 162 1113 194 LUC/E.
1137 179 1177 185 —
1197 163 1278 195 CAP.
1304 163 1371 195 XII.

158 257 166 273 ,
203 233 346 273 παρθένους
374 232 469 273 ἁγνάς.
493 232 615 261 Ἀναλύει
646 231 672 261 δὲ
709 232 738 260 ἐκ
764 232 817 260 τῶν
852 230 927 259 EVA!

973 229 1044 260 ndat
1060 230 1179 271 Paulus,
1196 230 1241 262 vel
1257 232 1283 262 si
1298 232 1365 271 quis
1380 231 1484 262 similis
1500 232 1602 273 Paulo,
1615 232 1742 273 virgines

1685 164 1744 198 898

920 278 1015 304 castas
1025 274 1157 306 “.Redit
1166 280 1262 306 autem
1278 280 1376 306 autem
1387 285 1422 307 ex
1436 277 1608 308 caelestibus
1620 279 1742 319 nuptiis,

920 318 1052 350 fortassis
1061 319 1090 350 in
1100 320 1259 351 universali
1273 322 1527 352 consummatione
1536 322 1744 363 mundi,qnan.

920 363 956 393 do
972 363 1009 394 de
1023 365 1108 395 ccelis
1125 365 1222 395 veniet
1236 365 1265 395 in
1280 365 1373 404 gloria
1389 365 1479 396 Patris
1494 366 1741 398 Fortassisautem

920 407 989 438 etin
1006 410 1238 450 uniuscujusque
1263 410 1384 450 propria
1408 415 1501 442 morte
1523 412 1743 452 inexspectatus

920 453 1094 486 adveniens.
1112 455 1218 485 Beatus
1234 455 1324 494 igitur
1342 455 1392 486 ille
1408 465 1494 496 quem
1512 456 1658 489 invenerit
1673 467 1742 488 suc-

920 498 1023 530 cinctis
1038 498 1218 540 lumbis,lioc
1229 503 1389 533 est,verum
1399 499 1596 532 Christianum
1608 501 1742 541 philoso-

922 543 1010 583 phum
1022 544 1249 583 agentem,etad
1259 544 1455 575 ministerium
1471 545 1522 576 Dei
1535 550 1742 586 praaparatum,

922 592 951 618 et
965 587 1123 619 habentem
1145 588 1294 619 lucernam
1311 588 1434 619 rationis
1464 594 1493 620 et
1514 590 1617 629 judicii
1633 590 1742 621 arden-

923 639 981 662 tem
1000 643 1008 662 :
1024 637 1051 663 et
1069 643 1127 663 non
1144 633 1239 663 solum
1261 633 1418 664 facientem
1447 635 1524 674 quod
1551 634 1673 672 bonum,
1691 636 1742 666 sed

923 677 999 708 bene
1024 677 1111 708 etiam
1129 689 1136 709 :
1154 677 1410 718 accipientemque
1432 683 1461 708 et
1486 679 1744 719 contemplationis

922 722 1085 754 lucernam.
1104 722 1248 754 Habendo
1270 723 1349 753 enim
1368 723 1482 753 lumbus
1499 724 1672 763 praecinctos
1687 726 1744 764 (α),

920 767 1006 797 nobis
1016 767 1135 798 advenit
1149 768 1270 798 lucerna
1289 767 1558 807 contemplationis:
1575 768 1636 798 imo
1648 768 1745 809 potius

920 811 1051 843 lucernae
1066 812 1205 848 duae,una
1220 822 1286 852 quin
1302 816 1346 842 est
1362 812 1391 842 in
1409 812 1510 846 corde.
1527 817 1555 843 et
1570 813 1662 844 altera
1677 823 1744 844 ser-

923 856 1189 896 monis.Ejusmodi
1207 856 1335 887 ministri
1350 857 1437 887 etiam
1455 856 1598 887 Dominus
1610 857 1746 888 minister

921 901 989 932 erit.
1007 901 1207 941 Praecingetur
1217 902 1309 937 enim,
1323 901 1430 942 inquit,
1446 906 1476 933 et
1491 902 1667 933 recumbere
1679 903 1746 933 illos

921 945 1018 981 faciet,
1037 950 1065 976 et
1081 946 1254 986 praeteriens
1271 946 1448 977 ministrabit
1467 947 1537 977 illis.
1553 947 1746 987 Praecingitur

921 991 1021 1031 itaque
1048 992 1124 1021 Deus
1148 991 1311 1022 secundum
1327 991 1404 1031 quod
1422 1000 1480 1021 non
1498 992 1630 1022 omnium
1648 992 1744 1023 bono-

921 1045 986 1066 rum
1005 1035 1179 1066 etl'usionem
1201 1036 1285 1066 nobis
1307 1035 1485 1076 suppeditat,
1503 1036 1555 1067 sed
1581 1037 1660 1067 illam
1675 1046 1740 1068 res-

921 1080 1032 1120 tringit.
1049 1080 1119 1117 Quis
1135 1081 1216 1111 enim
1230 1085 1326 1121 potest
1341 1090 1448 1120 capere
1463 1086 1591 1122 quantus
1602 1082 1639 1112 sit
1651 1081 1745 1113 Deus?

921 1130 949 1156 et
970 1126 1159 1156 manifestum
1182 1130 1226 1156 est
1242 1134 1277 1156 ex
1301 1127 1471 1166 Seraphim,
1488 1126 1537 1166 qui
1554 1135 1586 1157 se
1602 1126 1744 1166 obtegunt

921 1174 1042 1210 propter
1057 1169 1261 1200 excellentiam
1273 1170 1365 1200 divini
1380 1170 1606 1202 luminisPorro
1622 1179 1743 1202 recum-

923 1214 993 1246 bere
1017 1215 1085 1249 facit
1112 1215 1205 1245 bonos
1232 1224 1332 1246 servos
1349 1224 1356 1246 :
1374 1219 1448 1246 totos
1475 1215 1553 1245 enim
1578 1225 1631 1255 per
1645 1215 1744 1246 omnia

922 1260 1076 1299 quiescere
1087 1260 1165 1291 facit.
1183 1259 1255 1290 Nam
1272 1260 1348 1290 sicut
1362 1259 1411 1300 qui
1430 1259 1586 1296 recumbit,
1600 1263 1658 1290 toto
1673 1269 1742 1291 cor-

921 1314 994 1345 pore
1009 1304 1152 1345 quiescit:
1170 1305 1209 1335 ita
1225 1304 1254 1335 in
1266 1304 1399 1335 secundo
1415 1305 1541 1335 adventu
1559 1314 1662 1335 omnes
1677 1314 1744 1335 san-

919 1350 958 1381 cti
974 1359 1026 1390 per
1040 1349 1138 1380 omnia
1153 1350 1315 1389 quiescent.
1333 1349 1449 1379 Etenim
1475 1350 1504 1380 in
1519 1349 1572 1379 hac
1588 1349 1643 1380 vita
1656 1350 1742 1390 quie-

920 1399 978 1425 tem
995 1394 1129 1434 corporis
1141 1403 1198 1425 non
1216 1394 1462 1425 inveniunt.Alibi
1482 1398 1578 1424 autem
1596 1404 1660 1424 cum
1677 1394 1743 1424 ani-

920 1439 1024 1470 mabus
1036 1439 1202 1479 spiritualia
1214 1443 1242 1470 et
1254 1439 1353 1470 divina
1363 1448 1466 1470 eornm
1477 1448 1602 1479 corpora
1611 1439 1744 1470 incorru-

920 1484 1051 1524 ptionem
1068 1484 1296 1520 haareilitabunt,
1314 1489 1343 1515 et
1356 1484 1435 1514 omni
1453 1485 1550 1524 quiete
1566 1484 1744 1521 fruentur,et

920 1529 976 1560 erit
990 1531 1068 1561 Deus
1085 1529 1183 1560 omnia
1199 1529 1228 1559 in
1245 1529 1384 1559 omnibus
1399 1529 1458 1559 illis
1469 1529 1664 1561 57.Ministrat
1676 1538 1743 1560 vero

922 1574 1029 1614 dignis,
1046 1583 1098 1614 par
1111 1574 1154 1605 eis
1175 1574 1364 1604 retribuens:
1382 1578 1411 1603 et
1426 1573 1502 1605 sicut
1517 1574 1572 1613 ipsi
1592 1578 1622 1604 et
1638 1574 1743 1604 minis-

922 1623 1081 1654 travernnt,
1095 1619 1135 1650 ita
1152 1619 1238 1649 etiam
1255 1619 1318 1659 ipse
1336 1619 1378 1649 eis
1394 1619 1522 1650 vicissim
1541 1618 1700 1660 ministrat,
1714 1625 1745 1651 et

921 1663 1065 1704 dapsilem
1089 1664 1132 1695 eis
1149 1673 1280 1694 mensam
1305 1668 1434 1704 prastat,
1448 1663 1591 1694 exhibens
1602 1664 1745 1704 spiritua-

921 1708 996 1739 lium
1011 1709 1156 1740 donorum
1173 1708 1313 1739 lautitias.
1334 1709 1369 1739 At
1383 1718 1436 1749 per
1458 1709 1620 1740 secundam
1637 1713 1666 1739 et
1681 1713 1743 1740 ter-

924 1753 993 1784 tiam
1011 1754 1136 1793 vigiliam
1149 1753 1295 1793 intelligas
1311 1753 1388 1784 varia
1406 1754 1470 1784 vita:
1485 1758 1578 1784 notrae
1591 1759 1741 1793 tempora:

922 1802 952 1829 ut
968 1799 1093 1838 exempli
1115 1798 1210 1839 gratia
1225 1798 1336 1838 aliquid
1350 1798 1445 1828 dicam
1463 1807 1469 1829 :
1487 1797 1743 1834 Quemadmodum

921 1843 1011 1883 quiin
1027 1844 1189 1874 Secundam
1201 1847 1250 1873 aut
1261 1843 1376 1873 tertiam
1399 1842 1526 1881 vigiliam
1543 1841 1650 1882 vigilat,
1666 1843 1742 1882 vigi-

921 1888 1101 1918 lantissimus
1117 1897 1183 1919 esse
1195 1888 1310 1918 videtur
1324 1887 1400 1927 (istis
1415 1887 1494 1918 enim
1512 1887 1592 1918 horis
1608 1887 1743 1918 homines

923 1933 1050 1963 maximo
1077 1938 1106 1964 et
1131 1933 1226 1972 primo
1243 1941 1348 1963 somno
1375 1934 1524 1966 tenentur)
1540 1931 1741 1969 sic,obsecro,

922 1978 1010 2008 etiam
1023 1977 1170 2017 intelligas
1186 1978 1215 2008 in
1227 1977 1352 2008 diversis
1363 1976 1430 2007 vita;
1442 1981 1550 2006 nostrze
1561 1976 1685 2006 statibus
1699 1986 1744 2007 es.

921 2031 954 2053 se
969 2022 1137 2062 horas,quae
1145 2021 1246 2053 beatos
1257 2030 1311 2053 nos
1321 2021 1466 2058 faciant,si
1478 2021 1630 2060 vigilantes
1643 2022 1743 2052 inven-

923 2067 943 2097 ti
959 2067 1245 2107 fuerimunsﬂapuit
1259 2066 1325 2107 quis
1339 2066 1455 2097 divitias
1472 2066 1660 2103 tuas,mortui
1675 2070 1744 2096 sunt

922 2113 990 2142 577
1008 2112 1061 2142 tibi
1077 2112 1322 2149 ﬁlii,calumniam
1340 2120 1492 2152 passuses:
1504 2112 1527 2142 si
1539 2111 1569 2141 in
1581 2111 1742 2142 illiusmodi

923 2157 1105 2198 temporibus
1119 2167 1176 2188 non
1189 2157 1281 2188 [ueris
1292 2156 1459 2196 lapsus,sed
1471 2156 1593 2194 vigilans
1606 2155 1742 2187 inventus
1764 2190 1770 2194 _

922 2211 939 2232 a
955 2204 1015 2233 Deo
1030 2207 1058 2232 et
1075 2201 1211 2238 Domino,
1227 2205 1256 2232 et
1272 2201 1344 2231 nihil
1369 2200 1448 2231 aliud
1474 2205 1579 2241 praeter
1607 2201 1743 2232 mandata

923 2246 1041 2278 Domini
1056 2246 1173 2278 feceris:
1187 2246 1289 2286 utique
1303 2245 1470 2285 vigilantem
1488 2249 1516 2276 te
1528 2246 1557 2276 in
1573 2245 1703 2276 secunda
1714 2251 1745 2276 et

924 2292 1008 2323 tertia
1032 2291 1128 2332 vigilia
1156 2291 1312 2327 invenerit,
1343 2291 1398 2321 hoc
1414 2295 1458 2321 est
1473 2291 1502 2321 in
1521 2290 1686 2331 periculoso
1713 2297 1742 2322 et

923 2337 1004 2377 gravi
1019 2341 1163 2377 tempore,
1180 2337 1257 2377 quod
1289 2335 1470 2366 mortiferum
1492 2344 1630 2366 smnnum
1647 2340 1677 2366 et
1691 2345 1743 2366 ca-

922 2391 986 2413 sum
1002 2381 1151 2412 dissolutis
1164 2380 1321 2412 animabus
1333 2379 1537 2421 praebet.0pus
1551 2380 1650 2420 itaque
1666 2380 1741 2420 vigi-

923 2426 1235 2458 lantia.Patrifami|ias
1251 2425 1331 2457 enim
1347 2425 1612 2466 assimilamur,qui
1627 2425 1652 2456 si
1670 2426 1744 2465 vigi-

922 2472 1035 2509 laverit,
1047 2471 1119 2502 nihil
1134 2480 1168 2502 ex
1185 2469 1273 2502 rebus
1289 2470 1353 2510 cjus
1368 2469 1485 2501 auferre
1497 2474 1635 2510 poterunt
1649 2470 1740 2509 iures;

922 2517 968 2548 sin
978 2522 1075 2548 autem
1091 2515 1308 2547 somniculosus
1324 2514 1403 2550 'urit,
1421 2514 1527 2546 ablatis
1541 2514 1680 2546 omnibus
1696 2515 1743 2545 l‘ur

922 2561 1092 2593 evadit.Per
1106 2561 1200 2592 l‘urem
1215 2560 1333 2601 quidam
1351 2559 1406 2591 hoc
1421 2559 1485 2590 loco
1497 2559 1667 2598 intelligunt
1681 2560 1742 2590 dia-

922 2606 1036 2642 bolum,
1063 2605 1138 2636 sicut
1159 2610 1188 2636 et
1203 2614 1256 2645 per
1269 2605 1390 2635 domum
1406 2604 1546 2640 animam,
1561 2608 1592 2635 et
1609 2607 1741 2645 patrem-

921 2651 1058 2692 familias,
1071 2650 1236 2689 hominem;
1248 2649 1299 2680 sed
1317 2658 1376 2680 non
1390 2654 1512 2690 apparet
1527 2649 1670 2690 expositio
1691 2658 1741 2680 sa-

922 2697 958 2728 tis
969 2695 1190 2727 accommodata
1206 2693 1382 2726 textui.Furi
1398 2693 1477 2724 enim
1491 2694 1546 2725 hoc
1556 2693 1621 2726 loco
1637 2695 1741 2726 Domi-

104 2862 137 2896 ta}
154 2859 233 2892 Edit.
247 2861 311 2890 Lut.
329 2858 449 2897 omittit,
466 2857 602 2890 habendo
612 2857 691 2888 enim
705 2855 819 2888 lumbo:
833 2864 873 2896 pri

253 2861 311 2890 Lut.
329 2858 449 2897 omittit,
466 2857 602 2890 habendo
612 2857 691 2888 enim
705 2855 819 2888 lumbo:
833 2858 1022 2896 pracinctos.
