1949 3077
205 139 268 173 899
688 140 986 174 THEOPHYLACTI
1010 140 1216 174 BULGARLE
1242 140 1419 173 ABCHIEP.
1857 139 1907 174 900
1934 84 1936 129 ἱ

205 207 290 238 nicus
320 208 465 239 adventus
494 212 691 248 comparatur,
706 217 740 238 eo
756 207 834 248 quod
865 214 990 248 repente
1007 214 1034 240 et

1123 209 1220 246 ιλουθίᾳ
1254 210 1320 244 αὕτη
1367 212 1385 244 ἡ
1429 209 1544 250 ἐκδοχήι
1589 210 1694 249 κλέπτῃ
1721 211 1775 250 γὰρ
1805 211 1903 240 ἆνταὺθα
1935 191 1936 239 l

204 252 355 292 inopinato
373 254 471 284 veniet
486 262 493 284 1
511 257 586 283 sxcut
602 257 630 283 et
643 253 844 292 apostolorum
861 253 982 293 quidam
993 254 1034 285 di-

1123 253 1280 294 ραϐαλλεται
1309 256 1327 289 ἡ
1356 257 1486 294 παρουσία
1520 259 1567 284 τοῦ
1582 256 1676 294 Κυρίου
1691 254 1733 283 διὰ
1748 257 1782 283 τὸ
1806 255 1902 295 ἀπροσ-

205 296 245 327 cit
261 306 269 326 :
288 297 357 328 Dies
372 299 452 328 enim
468 297 585 328 Domini
598 297 682 337 quasi
694 297 740 328 fur
755 297 784 327 in
799 299 969 330 nocte58.Et
979 299 1036 330 hoc

205 342 269 371 loco
283 341 350 372 vide
364 341 514 381 quomodo
532 342 743 382 interpretatur
759 341 902 373 Dominus
917 343 983 384 quis
999 344 1037 376 sit

205 385 261 416 l‘ur.
274 385 346 416 Nam
364 386 437 417 dicit
453 398 459 415 :
478 387 514 417 Et
530 396 581 418 vos
599 387 686 426 igitur
700 387 902 427 vigil:»te,quia
915 397 972 428 qua
984 389 1037 420 ho-

204 439 235 461 ra
248 440 306 461 nou
324 432 443 469 putatis,
464 431 555 462 Filius
571 431 700 462 hominis
719 431 826 463 veniet.
845 432 953 464 Dicunt
965 433 1036 474 qui-

203 474 271 505 dam
284 475 361 516 quod
380 485 434 515 per
447 478 572 516 primam
585 476 712 516 vigiliam
728 477 932 516 intelligantur
945 478 974 508 hi
986 477 1036 519 qui

204 520 270 550 aliis
285 524 354 551 sunt
367 521 596 559 diligentiores:
616 530 668 562 per
689 521 854 552 secundam
884 532 966 560 vero,
984 523 1035 564 qui

203 564 388 605 aliquantum
407 565 600 605 profecerunt
616 576 623 596 :
642 575 695 606 per
724 567 838 597 tertiam
855 572 966 604 autem,
984 567 1036 608 qui

205 609 294 640 etiam
310 610 370 640 illis
396 614 464 641 sunt
480 611 647 641 inferiores.
666 611 704 642 At
717 611 768 642 alii
784 611 917 642 diversas
933 616 1036 644 aetates

209 660 421 694 exposuerunt,
439 659 467 686 et
479 656 615 696 primam,
627 665 685 696 qua
701 655 908 688 adolescentes
920 666 1034 689 sumus:

209 699 383 736 secundam,
401 709 458 740 qua
475 700 528 730 viri
546 710 552 729 :
580 701 711 740 tertiam,
728 710 786 741 qua
812 710 911 733 senes.
929 701 1036 733 Beatus

211 743 300 783 igitur
324 745 458 784 quisquis
484 754 660 786 quacunque
687 749 773 776 aetate
797 745 934 776 inventus
949 746 1038 777 fuerit

211 788 345 829 vigilans,
359 798 413 820 nec
429 789 459 820 in
472 789 624 830 operando
650 789 761 821 bonum
793 790 978 830 negligenter
1005 799 1038 822 se

212 842 330 873 gerens.

255 924 344 955 VEns.
358 924 467 955 41-44.
486 937 498 952 α
515 924 592 955 Dixit
604 927 701 955 autem
717 925 745 955 ei
756 923 868 956 Petrus:
899 925 1034 964 Domine,

214 968 250 999 ad
262 977 314 999 nos
321 968 394 999 dicis
405 968 490 1000 istam
504 968 687 1009 parabolam,
704 979 740 999 an
753 969 841 1000 etiam
860 970 895 1000 ad
908 979 1014 1001 omnes
1024 973 1038 1002 ?

215 1013 263 1044 Ait
274 1017 371 1044 autem
385 1013 544 1044 Dominus:
558 1012 699 1049 Quisnam
715 1018 760 1044 est
775 1014 871 1045 ﬁdelis
886 1015 1038 1055 dispensa-

215 1062 261 1089 tor
273 1067 306 1089 ac
318 1058 448 1098 prudens
460 1067 549 1098 quem
567 1059 725 1089 constituet
739 1059 878 1090 dominus
893 1068 983 1100 super
996 1060 1039 1091 fa-

215 1102 361 1133 mulitium
377 1112 477 1143 suum,
489 1107 520 1133 ut
535 1103 585 1134 det
600 1103 657 1134 illis
672 1104 702 1134 in
721 1108 853 1144 tempore
867 1104 1035 1135 dimensum

214 1147 440 1179 cibum‘?Beatus
455 1147 505 1179 ille
515 1157 720 1188 scrvus,quem
737 1158 803 1179 cum
817 1149 1038 1180 veneritdomi—

215 1202 281 1230 nus,
299 1192 444 1223 invenerit
459 1192 501 1224 ita
517 1192 768 1224 facientem.Vere
778 1193 844 1223 dico
861 1193 1036 1234 vobis,quod

214 1237 352 1268 omnibus
363 1246 428 1278 quae
439 1237 729 1278 possidet,pra3ﬁciet
743 1237 1036 1278 illutnalnterroga-

216 1282 257 1313 vit
271 1281 374 1313 Petrus
389 1291 443 1312 ceu
458 1291 559 1312 curam
575 1283 706 1313 omnium
730 1282 853 1320 habens,
870 1288 901 1314 et
916 1292 968 1323 pro
982 1292 1037 1315 au-

1079 299 1204 336 δόκητον,
1233 301 1270 331 ὡς
1298 300 1343 328 καί
1368 311 1408 332 τις
1438 303 1491 328 τῶν
1519 300 1676 329 ἀποστόλων
1704 299 1792 340 λέγει·
1812 295 1844 328 Ἠ
1860 302 1902 339 γαρ

1078 345 1165 384 ἡμέρα
1196 345 1289 384 Κυρίου
1319 347 1355 376 ὼς
1385 345 1503 378 κλέπτης
1533 345 1559 373 ἐν
1575 346 1658 374 νυκτί.
1683 346 1731 374 Καὶ
1755 345 1865 373 ἐνταῦθα
1878 344 1900 373 δὲ

1078 391 1092 417 ὁ
1110 389 1203 428 Κύριος
1219 388 1260 417 ἴδε
1274 392 1332 422 πῶς
1346 390 1484 429 ἑρμηνεύει
1499 391 1580 430 ἡμῖν,
1593 391 1632 422 τίς
1647 390 1722 418 ἐστιν
1737 391 1752 418 ὁ
1773 389 1897 423 κλέπτης¹

1077 434 1142 473 φησὶ
1168 434 1228 473 γάρ·
1258 435 1307 463 Καὶ
1334 434 1412 472 ὑμεῖς
1445 438 1489 462 οῦν
1511 442 1680 474 γρηγορεῖτε,
1709 434 1750 463 δτι
1767 434 1786 472 ᾗ
1811 434 1902 474 ὧρᾳοῦ

1076 477 1191 516 δοκεῖτε,
1222 479 1236 507 ὁ
1267 479 1327 510 ι’ἶὸς
1343 483 1389 508 τοῦ
1403 479 1534 518 ἂνθρώτου
1549 478 1669 519 ἔρχεται,
1686 480 1756 508 Φασὶ
1782 478 1811 507 δὲ
1825 491 1899 519 τινις,

1076 525 1116 552 ὃτι
1152 525 1211 561 περὶ
1239 524 1289 558 τὴν
1312 524 1421 564 πρώτην
1443 523 1563 564 φυλακὴν
1593 524 1801 564 ὲγρηγορώντες
1816 528 1901 553 νοοῦν-

1076 579 1119 596 ται
1150 569 1174 597 οἱ
1204 569 1256 597 τῶν
1279 567 1368 596 ἄλλων
1389 568 1601 609 ἐπιμελέστερον
1624 570 1684 609 περὶ
1709 568 1737 597 δὲ
1750 569 1802 603 τὴν
1818 568 1900 597 δευτέ-

1077 624 1123 653 ραν
1147 615 1170 642 οἱ
1197 612 1404 647 ὑποϐεϐηκότες·
1436 614 1495 654 περὶ
1509 613 1536 642 δὲ
1551 614 1601 648 τὴν
1622 615 1725 654 τρίτην,
1751 615 1775 642 οἱ
1792 613 1831 642 ἔτι
1846 616 1902 642 τού-

1076 668 1130 686 των
1152 658 1257 692 ἥττους.
1291 658 1397 687 ³¹Αλλοι
1427 658 1455 687 δὲ
1483 659 1529 690 τὰς
1557 657 1696 699 διαφόρους
1721 659 1831 695 ἡλικίας
1861 658 1900 691 ἒξ.

1078 703 1226 742 ηγήσαντο,
1264 703 1375 742 Πρώτην
1406 703 1454 741 μὲν
1469 702 1527 732 καθ’
1543 703 1576 737 ἦν
1592 704 1643 732 νέοι
1671 704 1767 742 ἐσμὲν,
1785 703 1900 743 δευτέραν

1078 746 1117 787 δὲ,
1147 747 1206 776 καθ’
1235 747 1268 781 ἥν
1296 747 1399 788 ἂνδρες,
1417 748 1508 788 τρίτην
1524 747 1564 786 δὲ,
1593 749 1652 777 καθ’
1686 749 1718 782 ἤν
1747 747 1898 788 πρισϐδται.

1079 792 1213 831 Μακάριος
1248 794 1291 820 οὖν
1320 792 1392 825 ὅστις
1418 794 1509 831 εὑρεθῇ
1532 793 1559 821 ἐν
1585 792 1801 830 δποιᾳδηποτοῦν
1817 793 1900 829 ἡλικίᾳ

1049 837 1245 882 Βὶγρηγορὼς,
1281 838 1325 866 καὶ
1354 839 1392 876 μὴ
1407 838 1514 876 ἀμελῶς
1545 839 1603 878 περὶ
1637 839 1683 867 τὸν
1707 839 1835 878 ἐργασίαν
1862 842 1899 866 τοῦ

1079 880 1162 910 καλοῦ
1176 881 1353 920 διακείμενος,

1123 938 1137 954 ε
1156 927 1225 956 III-ira
1250 926 1279 955 δὲ
1314 929 1386 964 αὐτῷ
1411 929 1425 956 ὁ
1451 928 1560 968 Πέτρος·
1609 929 1696 967 Κύριε,
1741 929 1810 968 πρὸς
1838 929 1900 965 ἡμᾶς

1080 972 1129 1005 τὴν
1155 971 1307 1010 παραϐολὴν
1336 973 1436 1006 ταύτην
1464 971 1565 1012 λέγεις,
1595 972 1612 1006 ἥ
1633 974 1678 1001 καὶ
1692 974 1760 1012 πρὸς
1783 973 1900 1008 πάνταςς

1080 1017 1150 1045 [itm
1178 1016 1205 1045 δὲ
1234 1018 1249 1045 ὁ
1275 1018 1380 1057 Κύριος·
1412 1018 1456 1050 Τίς
1477 1018 1527 1057 ἆρά
1560 1017 1631 1046 ἔστιν
1652 1019 1667 1046 ὁ
1690 1022 1786 1050 πιστὸς
1803 1018 1899 1046 οἰκονό-

1078 1073 1141 1099 μος,
1172 1063 1215 1090 καὶ
1243 1062 1381 1102 φρόνιμος,
1418 1062 1448 1090 ὅν
1483 1063 1645 1098 καταστήσει
1661 1064 1674 1090 ὁ
1689 1063 1779 1102 κύριος
1803 1063 1845 1090 ἐπὶ
1857 1062 1899 1095 τῆς

1078 1107 1215 1146 θεραπείας
1236 1109 1326 1145 αὐτοῦ,
1357 1111 1403 1135 τοῦ
1438 1106 1535 1135 διδόναι
1565 1107 1592 1135 ἐν
1620 1109 1705 1147 καιρῷ
1732 1108 1765 1136 τὸ
1795 1106 1899 1145 σιτομέ-

1077 1162 1148 1190 τριον
1165 1162 1173 1189 ;
1204 1152 1337 1192 Μακάριος
1367 1153 1380 1180 ὁ
1395 1151 1487 1184 δοῦλος
1503 1152 1614 1189 ἐκεῖνος,
1632 1152 1663 1179 ὅν
1677 1151 1761 1180 ἐλθὼν
1777 1153 1792 1180 ὁ
1822 1152 1900 1188 κύριος

1078 1195 1169 1233 αὖτοῦ,
1211 1197 1315 1234 εὑρήσει
1363 1200 1488 1225 ποιοῦντα
1552 1196 1647 1228 οὕτως·
1691 1195 1801 1230 ἀληθῶς
1836 1195 1899 1234 λέγω

1078 1241 1154 1280 ὑμῖν,
1185 1241 1224 1268 ὃτι
1240 1240 1282 1269 ἐπὶ
1301 1244 1365 1269 πᾶσι
1381 1248 1440 1274 τοῖς
1455 1242 1619 1282 ὑπάρχουσιν
1649 1241 1720 1278 αὖτῷ
1741 1242 1897 1275 καταστήσει

1080 1281 1201 1315 αὖτόνί»
1221 1285 1374 1325 Ἠρώτησεν
1397 1287 1411 1314 ὁ
1427 1285 1535 1324 Πέτρος.
1560 1286 1608 1314 οἶα
1623 1286 1729 1314 πάντων
1747 1286 1896 1326 φροντίζων,

214 1327 359 1357 ditoribus
375 1326 532 1364 sollicitus,
551 1331 689 1366 tanquam
715 1327 837 1358 fratrum
867 1331 992 1364 amator,
1009 1332 1034 1359 el

1147 1330 1212 1370 ὑπὲρ
1239 1334 1291 1359 τῶν
1321 1331 1469 1359 ἀκουόντων
1495 1331 1680 1369 διακαιόμενος
1708 1332 1747 1362 ὡς
1777 1329 1897 1371 φιλαδελ-

213 1371 260 1403 cui
275 1373 335 1412 jam
352 1371 524 1402 concredita
537 1371 680 1412 Ecclesia,
695 1381 764 1402 num
782 1372 818 1403 ad
829 1381 934 1403 omnes
948 1381 1034 1412 para-

1123 1386 1141 1414 ς,
1173 1376 1216 1404 καὶ
1250 1380 1287 1408 ὼς
1315 1374 1366 1409 ἤδη
1381 1376 1431 1409 τὴν
1445 1375 1605 1410 Ἐκκλησίαν
1628 1376 1789 1411 πιστευθεὶς,
1806 1375 1828 1403 εἷ
1840 1375 1897 1413 πρὸς

213 1417 311 1447 bolam
329 1416 418 1448 dicat.
442 1416 585 1447 Dominus
601 1425 669 1447 vero
685 1426 744 1447 non
763 1417 920 1448 manifeste
935 1418 971 1449 ad
987 1418 1034 1448 in-

1123 1431 1179 1452 ντας
1207 1420 1257 1454 τὴν
1285 1419 1439 1460 παραϐολὴν
1468 1421 1567 1454 ταύτην
1594 1420 1678 1460 λέγει’
1708 1421 1722 1449 ὁ
1745 1420 1775 1448 δὲ
1814 1420 1896 1459 Κύριος

215 1461 445 1500 terrogationem
458 1461 684 1502 respondet,sed
699 1461 816 1492 occulto
829 1462 956 1502 quodam
971 1472 1034 1493 mo-

1123 1468 1197 1504 ιερῶς
1239 1465 1288 1501 μὲν
1333 1464 1406 1494 οὐδὲν
1433 1465 1601 1505 ἀποκρίνεται
1633 1465 1705 1502 αὒτῷ
1763 1467 1828 1505 πρὸς
1857 1464 1898 1497 τὴν

212 1506 249 1536 do
265 1505 375 1537 indicat
391 1506 467 1545 quod
485 1506 563 1536 dicta
579 1506 717 1546 parabola
733 1507 900 1537 communis
911 1507 1034 1545 sit,etad

1123 1510 1219 1547 imam,
1254 1509 1486 1549 ἒπικεκρυμμὲνως
1516 1509 1543 1538 δέ
1571 1509 1710 1546 δείκνυσιν,
1740 1509 1783 1538 ὅτι
1813 1511 1830 1545 ἡ
1857 1509 1898 1546 μὲν

213 1559 317 1582 omnes
330 1550 449 1590 quidem
462 1550 610 1591 pertineat
621 1551 737 1586 ﬁdeles,
753 1551 827 1582 etad
839 1561 889 1582 vos
912 1556 1034 1592 aposto-

1123 1561 1187 1583 ιεῖσα
1221 1553 1360 1594 παραϐολὴ
1387 1555 1463 1589 κοινὴ
1478 1557 1524 1592 ἦν,
1549 1555 1597 1584 καὶ
1612 1556 1649 1587 εἰς
1662 1555 1761 1588 πάντνς
1791 1555 1898 1595 φθάνον-

212 1595 268 1633 los,
283 1599 313 1626 et
324 1595 470 1640 inprimis
486 1603 536 1640 eos
551 1596 600 1635 qui
612 1595 656 1626 vel
673 1595 805 1626 doctrina
822 1596 864 1627 vel
891 1596 1034 1637 dignitate

1124 1600 1168 1627 καὶ
1202 1599 1262 1630 τοὺς
1290 1599 1422 1639 τυχόντας
1449 1600 1567 1637 πιστοὺς,
1604 1599 1652 1634 τῆς
1682 1600 1709 1627 δὲ
1733 1601 1802 1640 πρὸς
1823 1600 1896 1636 ὑμᾶς,

213 1644 352 1680 praesunt.
360 1638 466 1671 Verum
476 1639 544 1670 audi
557 1639 691 1680 quisnam
705 1640 742 1671 sit
757 1640 851 1672 lidelis
859 1650 893 1672 ac
903 1641 1034 1681 prudens

1123 1644 1158 1684 si,
1183 1644 1242 1676 τοὺς
1271 1638 1446 1684 αποστόλους,
1467 1646 1512 1672 καὶ
1541 1644 1632 1677 ἁπλῶς
1646 1645 1707 1677 τοὺς
1737 1638 1898 1675 διδασκαλίας

213 1684 564 1725 dispensator.Parabola
573 1685 651 1716 enim
663 1685 803 1725 praedicta
815 1685 1034 1727 multis,inquit,

1134 1688 1293 1727 προστασίας
1328 1687 1496 1728 ἀξιωθέντας,
1513 1688 1564 1722 ἤδη
1594 1688 1683 1718 ἄκουε.
1702 1690 1747 1720 Τίς
1763 1688 1815 1728 ἄρα
1838 1687 1898 1716 ἔστὶν

217 1732 363 1771 congruit.
379 1731 464 1762 Nunc
479 1736 576 1762 autem
602 1731 639 1762 de
669 1732 714 1762 his
742 1732 793 1772 qui
818 1733 947 1772 praefecti
971 1740 1034 1764 sunt

1124 1734 1215 1765 πιστὸς
1244 1734 1289 1761 καὶ
1329 1734 1455 1773 φρόνιμος
1498 1735 1649 1772 οἰκονόμος.
1681 1729 1713 1762 Ἠ
1743 1734 1794 1772 μὲν
1822 1731 1897 1772 προρο

212 1775 290 1814 aliis,
307 1775 439 1816 inquiro,
456 1777 521 1816 quis
549 1775 716 1807 inveniatur
743 1777 801 1807 duo
831 1777 892 1808 haec
911 1777 1034 1815 habens,

1123 1780 1192 1806 leta:
1232 1776 1370 1817 παραϐολὴ
1401 1777 1527 1815 πολλοῖς,
1556 1779 1646 1819 φησὶν,
1676 1778 1799 1818 ἁρμόζει,
1822 1775 1898 1806 νῦνδέ

213 1821 299 1853 Iidem
315 1821 382 1851 dico
399 1825 429 1851 et
444 1820 630 1861 prudentiam
647 1831 654 1859 ;
679 1830 765 1852 rarus
783 1822 862 1852 enim
879 1822 927 1853 hic
940 1827 970 1853 et
988 1823 1034 1854 in-

1123 1823 1139 1851 ιὶ
1184 1826 1236 1850 τῶν
1279 1823 1439 1862 προστασίας
1482 1822 1644 1856 ἀξιωθέντων
1687 1824 1765 1863 φησὶ,
1809 1822 1896 1860 λέγων’

211 1870 297 1897 ventu
312 1865 532 1897 difﬁcilis.Nam
545 1866 621 1897 sicut
631 1868 661 1897 in
673 1866 948 1906 dispensationibus
962 1867 1034 1898 divi-

1123 1870 1206 1899 ιπορῶ
1239 1868 1278 1900 τίς
1306 1867 1471 1906 εὑρεθὴσεται
1505 1869 1590 1897 ταῦτα
1623 1867 1710 1908 ἔχων,
1741 1868 1789 1896 καὶ
1817 1866 1896 1895 πίστιν

211 1911 318 1942 tiarum
335 1911 360 1942 si
373 1910 439 1951 quis
454 1910 550 1942 ﬁdelis
566 1911 785 1942 fueritdomino
797 1920 924 1952 suo,non
937 1916 1034 1943 autem

1148 1911 1286 1952 φρόνησιν·
1316 1912 1427 1944 σπάνιος
1456 1912 1506 1951 γὰρ
1534 1913 1612 1944 οὗτος
1647 1913 1691 1941 καὶ
1737 1911 1894 1951 δυσεύρετος.

212 1956 354 1996 prudens,
371 1955 512 1996 dispersit
533 1965 581 1986 res
596 1956 721 1995 domini,
739 1956 877 1986 nesciens
888 1957 958 1986 578
970 1957 1034 1988 illas

1123 1967 1166 1996 περ
1193 1957 1242 1996 γὰρ
1269 1956 1312 1985 ἰπὶ
1339 1956 1393 1985 τῶν
1422 1960 1599 1997 χρηματα-ὦν
1632 1957 1793 1994 οἰκονομιῶν
1811 1958 1832 1985 εἰ
1853 1967 1894 1984 πι-

211 2001 387 2041 dispensare
411 2000 489 2031 sicut
513 2001 661 2041 convenit,
678 2001 729 2031 sed
760 2010 820 2031 non
850 2001 900 2032 dat
914 2004 1034 2042 quando

1123 2013 1140 2034 ›ς
1166 2001 1212 2035 εἴη
1231 2012 1272 2034 τις
1299 2004 1338 2039 τῷ
1379 2000 1495 2040 δεσπότῃ
1524 2002 1614 2039 αὑτοῦ,
1651 2002 1690 2040 μὴ
1713 2002 1839 2041 φρόνιμος
1859 1999 1892 2039 δὲ,

212 2049 375 2085 oportet,et
386 2044 527 2075 damnum
544 2045 612 2076 facit
624 2045 744 2076 domino
761 2046 856 2085 majus
870 2054 876 2076 :
895 2047 1002 2077 iterum
1013 2049 1034 2079 si

1123 2046 1225 2077 ίλλυται
1252 2046 1284 2074 τά
1312 2045 1467 2085 δεσποτικὰ,
1517 2047 1557 2084 μὴ
1597 2046 1742 2085 δυναμένου
1770 2046 1893 2079 διοικῆσαι

211 2090 342 2131 prudens
359 2089 425 2129 quis
453 2089 554 2127 fuerit,
572 2093 602 2120 et
620 2089 778 2129 expendat,
797 2089 927 2120 inﬁdelis
938 2094 1034 2121 autem

1123 2095 1160 2119 iu
1195 2092 1233 2124 ὡς
1268 2090 1320 2128 δεῖ,
1348 2090 1408 2120 ἀλλ’
1424 2091 1487 2120 ὅταν
1514 2092 1591 2132 χρεία
1607 2090 1707 2128 δοῦναι,
1724 2092 1763 2130 μὴ
1774 2090 1892 2128 διδόντος,

211 2133 259 2173 sit,
276 2133 323 2163 l'ur
338 2136 440 2173 utique
454 2132 554 2172 fuerit,
572 2136 601 2165 et
618 2137 696 2164 tanto
724 2133 816 2173 magis
836 2134 965 2165 difﬁcilis
982 2134 1034 2165 de-

1123 2159 1124 2163 ,
1152 2135 1282 2165 πλειόνων
1310 2135 1447 2165 ἀπώλειαν
1471 2136 1622 2168 ποιοῦντοςο
1651 2136 1743 2174 πάλιν,
1771 2135 1893 2176 :1??de-

210 2177 493 2219 prehensu,quando
510 2178 693 2217 prudentior:
707 2177 747 2209 ita
756 2183 783 2209 et
799 2178 829 2209 in
844 2179 951 2210 divinis
966 2188 1034 2219 opus

1123 2192 1131 2213 :
1153 2181 1202 2219 μὲν
1233 2181 1290 2218 εἴη,
1321 2182 1365 2210 καὶ
1393 2182 1556 2220 ποριστικὸς,
1588 2180 1701 2213 ἄπιστὸς
1716 2180 1754 2218 δὲ,
1784 2180 1891 2212 κλέπτης

209 2227 254 2254 est
267 2223 326 2254 ﬁde
340 2232 374 2253 ac
391 2222 634 2263 prudentia.Scio
646 2223 726 2254 enim
743 2224 851 2254 multos
867 2224 917 2264 qui
932 2223 1034 2256 viden-

1147 2226 1204 2266 ε’ίη,
1234 2226 1278 2254 καὶ
1304 2227 1376 2263 τόσῳ
1391 2225 1492 2263 μᾶλλον
1506 2224 1685 2265 δυσφωρατος,
1709 2226 1764 2262 ὃσῳ
1779 2226 1822 2254 καὶ
1835 2234 1890 2264 φρο-

209 2271 257 2299 tur
278 2268 383 2298 virtute
398 2276 432 2298 ac
449 2267 556 2307 pietate
572 2277 607 2299 ac
634 2268 692 2298 ﬁde
722 2267 850 2308 prtediti,
881 2274 1034 2310 propterea

1123 2270 1233 2303 .ότατος·
1267 2270 1336 2298 οὕτω
1364 2269 1397 2304 δὴ
1423 2272 1467 2298 καὶ
1482 2270 1526 2299 επὶ
1540 2272 1593 2298 τῶν
1606 2271 1693 2307 θείων,
1710 2269 1752 2298 δεῖ
1767 2269 1796 2298 ἒν
1815 2269 1892 2303 τα.)τῷ

209 2312 288 2353 quod
313 2312 517 2344 ecclesiastica
543 2312 708 2354 prudenter
739 2313 951 2345 administrare
981 2323 1037 2345 ne-

210 2361 329 2398 queant,
347 2357 505 2388 damnosos
518 2367 583 2388 esse
599 2357 753 2395 Ecclesiae,
765 2362 794 2389 et
807 2368 866 2389 non
882 2359 978 2390 solum
992 2359 1038 2390 fa-

211 2402 404 2439 cultates,sed
419 2403 506 2434 etiam
517 2403 632 2434 animas
643 2403 817 2443 perderezut
832 2404 960 2444 exempli
971 2413 1038 2444 gra.

212 2447 399 2489 tia,peccavit
409 2447 556 2488 quispiam
574 2453 696 2488 pecoato
712 2448 790 2488 quod
805 2449 934 2480 animam
946 2449 1041 2480 offen-

212 2493 255 2524 dit
268 2503 274 2524 :
287 2493 344 2524 nisi
354 2493 485 2534 prudens
502 2493 540 2524 sit
552 2493 603 2533 qui
620 2493 768 2533 praesidet,
781 2493 835 2524 sed
853 2498 964 2525 tantum
983 2494 1038 2525 ba-

212 2538 280 2570 beat
295 2538 395 2579 ﬁdem,
412 2539 467 2569 hoc
482 2541 527 2569 est
542 2538 677 2569 virtutem
694 2537 806 2578 absque
815 2539 990 2578 judicio,vel
1002 2549 1037 2571 ex

210 2583 370 2614 immodica
385 2583 650 2624 increpatione,ve|
667 2591 702 2613 ex
716 2582 928 2623 intempestiva
956 2583 1036 2616 illius

211 2629 442 2660 mansuetudine
452 2628 654 2668 corrumpitur
669 2628 694 2658 is
705 2627 755 2668 qui
765 2627 1035 2670 lapsus,est,etnon

210 2678 340 2710 sanatur,
345 2673 397 2704 sed
404 2672 722 2713 couteritur.Quisquis
730 2671 863 2712 igiturﬁd
868 2673 923 2705 elis
931 2678 959 2705 et
967 2683 1034 2715 pru—

212 2719 285 2750 dens
311 2719 448 2750 inventus
469 2718 569 2759 fuerit,
597 2718 790 2750 constituetur
813 2718 844 2750 in
869 2719 1034 2751 ministerio

252 2809 284 2835 l8
298 2808 322 2840 ll
337 2810 418 2840 Petr.
436 2816 477 2847 ut,
497 2811 543 2839 10.

1079 2316 1123 2344 καὶ
1147 2315 1260 2348 πίστεως
1287 2316 1332 2344 καὶ
1359 2315 1524 2354 φρονήσεως
1542 2314 1604 2343 οῖδα
1620 2316 1670 2355 γὰρ
1697 2315 1753 2354 ὶγὼ
1788 2313 1891 2344 πολλὼς

1079 2359 1233 2392 σπουδαίως
1259 2359 1308 2398 μὲν
1334 2358 1474 2392 δοκοῦντας
1503 2359 1563 2388 κατ’
1593 2360 1701 2399 ἀρετὴν,
1733 2361 1778 2389 καὶ
1816 2361 1894 2388 θεοστ-

1079 2403 1150 2445 8εῖς,
1179 2406 1224 2433 καὶ
1250 2406 1338 2434 πίστιν
1363 2404 1487 2445 ἔχοντας,
1515 2404 1543 2432 ἐν
1566 2408 1605 2442 τῷ
1644 2405 1683 2442 μὴ
1723 2404 1840 2433 δύνασθαι
1867 2401 1890 2430 δὶ

1083 2449 1216 2490 φρονίμως
1264 2448 1393 2478 διαθέσθαι
1434 2449 1468 2477 τὰ
1504 2448 1724 2490 ἐκκλησιαστικὰ,
1760 2451 1791 2478 οὗ
1822 2449 1891 2486 μόνον

1082 2496 1223 2535 χρήματα,
1261 2494 1329 2523 ἄλλα
1352 2495 1396 2523 καὶ
1409 2494 1500 2534 ψυχὰς
1515 2494 1714 2531 ζημιώσαντας·
1734 2495 1793 2522 οἷον
1808 2493 1890 2521 ἔπται-

1078 2540 1107 2569 σέ
1139 2551 1181 2572 τις
1211 2539 1238 2568 ἒν
1254 2542 1363 2580 ψυχικῷ
1377 2539 1604 2580 προσπταίσματι,
1621 2540 1643 2567 εἱ
1659 2540 1698 2577 μὴ
1714 2539 1838 2580 φρόνιμος
1851 2535 1890 2567 εἴη

1077 2587 1091 2614 ὃ
1117 2585 1267 2625 προεστὼς,
1296 2583 1364 2612 ἀλλὰ
1411 2584 1493 2622 μόνον
1532 2584 1621 2613 πίστιν
1654 2584 1739 2624 ἔχων,
1769 2582 1888 2612 τουτέστιν

1075 2630 1171 2670 ἀρετὴν
1201 2628 1364 2669 ἀδιάκριτον,
1392 2629 1409 2663 ἤ
1436 2629 1464 2662 ἒξ
1484 2629 1597 2669 ἀμέτρου
1620 2629 1812 2667 ἐπιτιμήσεως,
1826 2627 1842 2660 ἦ
1864 2625 1888 2653 ξι

1077 2675 1225 2714 πραότητος
1255 2674 1362 2711 ἀκαίρω
1386 2673 1539 2715 διαφθαρείη
1569 2676 1584 2703 ὁ
1621 2675 1747 2714 πταίσας,
1784 2675 1826 2703 καὶ
1849 2671 1888 2700 οὒκ

1075 2721 1223 2758 ἰαθήσεται,
1251 2718 1312 2748 ἀλλ’
1337 2718 1547 2760 ἔπιτριόήσεται,
1589 2715 1686 2752 ’Ὅστις
1729 2719 1774 2748 οὖν
1808 2716 1888 2748 πιστδς
