1949 3077
53 132 104 165 901

53 200 141 238 εὗρεθῇ
188 199 231 227 καὶ
279 197 420 239 φρόνιμος,
463 198 690 233 κατασταθήσεται
733 198 776 226 επὶ
826 200 875 231 τῆς

51 245 190 284 θεραπείας
216 247 262 272 τοῦ
312 243 417 282 Κυρίου,
467 243 600 271 τουτέστιν
651 242 740 271 ἐπάνω
771 243 875 271 πάντων

50 292 100 317 τῶν
129 288 242 326 δοὺλων,
272 289 341 317 ὥστε
367 288 472 324 ἐκοίστῳ
497 289 526 316 ἓν
556 291 637 327 καιρῷ
652 286 748 315 διδόναι
787 288 817 315 τὸ
832 298 877 315 σι-

48 334 197 374 τομέτριον,
236 333 292 361 εἴτε
321 332 484 372 ὃογματικὺς
500 332 581 372 λόγος
611 332 693 371 ἐστὶν,
717 333 740 369 ᾦ
764 335 876 372 τρέφον-

50 390 88 406 ται
127 381 154 406 αἱ
181 380 278 418 ψυχαὶ,
302 378 359 406 εἴτε
380 377 500 417 πράξεων
516 377 699 414 ὒποτύπωσις,
717 378 760 405 καὶ
782 376 874 405 διατα-

50 424 84 462 γὴ
119 424 179 456 πῶς
206 423 248 451 δεῖ
276 423 359 461 βιοῦν·
390 424 404 451 ὁ
431 428 562 462 τοιοῦτος,
607 423 628 450 εἱ
648 421 731 454 οὕτως
761 423 875 460 εὑρεθείη

50 471 142 506 ποιῶν,
170 469 310 507 μακάριος,
344 468 387 496 καὶ
422 467 464 496 ἐπὶ
509 471 573 496 πᾶσι
624 473 683 498 τοῖς
712 467 877 507 ὑπάρχουσιν

50 513 119 549 αὐτῷ
146 514 309 547 καταστήσει
338 513 416 541 αὐτὸν
445 513 459 540 ὁ
490 513 596 551 Κύριος,
619 514 649 541 οὗ
665 513 745 549 μόνον
760 511 802 540 ἐπὶ
819 518 876 542 τοῖς

51 556 162 598 δούλοις,
193 557 251 586 ἀλλ’
289 557 340 592 ἤδη
375 558 418 585 καὶ
439 556 604 595 ὑψηλοτέρου
628 557 730 595 βαθμοῦ
751 555 874 594 ἀξιώσας,

52 602 91 630 ἰπὶ
118 606 200 631 πᾶσιν
231 603 309 631 αὐτὸν
337 602 512 639 καταστήσει,
542 602 611 630 ὢττε
639 602 684 629 καὶ
711 601 744 630 τὰ
772 600 876 641 ἒπίγεια

51 647 121 687 ἔχειν
149 648 318 676 ὑπακούοντα
353 647 398 675 καὶ
421 647 454 675 τὰ
489 647 608 686 οὒράνια,
639 646 698 678 οἶος
726 645 831 680 Ἰησοῦς
861 646 874 673 ὁ

50 696 93 721 τοῦ
128 693 214 729 Ναυῆ,
252 694 310 723 οἷος
346 691 450 728 Ἠλίας,
488 692 502 719 δ
517 691 566 723 μὲν
581 690 659 728 ἡλίῳ,
683 692 696 719 ὁ
712 690 738 718 δὲ
752 690 873 731 νεφέλαις

51 736 157 775 οὔρεινοῦ
186 736 382 773 ἐπιτάττοντες,
417 737 461 764 καὶ
485 740 582 767 πάντες
624 735 716 767 ἁπλῶς
743 737 767 764 οἱ
803 735 873 774 ἅγιοι

52 782 86 812 ὡς
115 785 182 810 Θεοῦ
211 780 282 821 φίλοι
309 787 369 813 τοῖς
396 784 444 810 τοῦ
458 780 534 821 φίλου
548 781 696 820 χρώμενοι·
727 781 802 808 κοινὰ
825 781 875 820 γὰρ

51 826 81 854 τὰ
108 827 162 854 τῶν
191 826 286 866 φίλωνδ
321 827 366 854 καὶ
393 829 446 858 πᾶς
474 826 488 853 ὁ
517 826 566 859 τὴν
594 825 743 865 πρακτικὴν
778 825 875 863 μετιὼν

52 871 145 909 ἀρετὴν
181 872 209 899 εν
239 873 278 908 τῷ
304 871 401 910 ἡσύχῳ
413 871 474 909 βίῳ,
497 871 540 899 καὶ
552 871 586 898 τὰ
601 868 777 909 δοῦλα-πάθη,
794 871 874 907 θυμὸν

52 917 92 944 καὶ
115 915 266 953 ἐπιθυμίαν,
298 916 456 955 οἰκονομῶν,
486 916 530 943 καὶ
545 914 649 952 ἑκάστῳ
678 914 704 942 ἐν
729 918 814 953 καιρῷ
845 915 875 942 τὸ

52 960 215 999 σιτομέτριον
241 960 381 1000 παρέχων,
407 961 481 997 θυμῷ
511 960 570 997 μὲν,
598 959 666 988 ὥστε
702 966 792 996 μισεῖν
815 959 874 990 τοὺς

52 1008 190 1042 μισοῦντας
219 1005 265 1032 τὸν
295 1005 399 1044 Κύριον,
431 1004 475 1032 καὶ
503 1004 545 1032 ἐπὶ
573 1010 631 1035 τοῖς
661 1004 768 1044 ἐχθροῖς
796 1005 873 1032 αὐτοῦ

52 1049 216 1089 ὲκτάκεσθαι,
246 1050 369 1088 ἐπιθυμίᾳ
397 1048 437 1086 δὲ,
467 1049 536 1077 ὥστε
551 1049 676 1088 πρόνοιαν
705 1051 754 1083 τῆς
776 1049 872 1088 σαρκὸς

52 1101 135 1122 ποιεῖν
165 1094 321 1134 ἀναγκαίαν,
358 1095 402 1122 καὶ
433 1093 500 1128 ὅλην
530 1094 610 1127 αὐτὴν
632 1094 698 1131 πρὸς
715 1094 779 1121 Θεὸν
807 1094 873 1121 ἀνα-

52 1138 177 1176 πέμπειν·
230 1141 281 1171 πᾶς
320 1139 364 1168 οὖν
398 1139 412 1167 ὁ
440 1142 559 1171 τοιοῦτος
589 1139 730 1178 μακάριος,
770 1139 814 1166 καὶ
841 1137 873 1171 δὴ

51 1182 209 1216 επιτεύξεται
238 1184 282 1212 καὶ
319 1184 438 1224 θεωρίας,
479 1184 523 1212 καὶ
560 1183 601 1212 ἐπὶ
630 1186 694 1211 πᾶσι
722 1189 780 1214 τοῖς
826 1186 872 1212 τοῦ

52 1226 144 1268 Κυρίου
172 1230 323 1269 ὑπάρχουσι
364 1229 604 1263 κατασταθήσεται,
642 1228 728 1256 πάντα
753 1231 791 1265 τῷ
804 1230 872 1256 θεω-

52 1277 150 1312 ρητικῷ
178 1277 218 1311 νῷ
245 1274 361 1307 ἀξιωθεὶς
396 1274 504 1313 βλέπειν
526 1274 569 1302 καὶ
590 1274 759 1302 ἐπισκοπεῖν·
783 1274 826 1301 καὶ
842 1274 872 1302 οὗ

442 130 661 163 ENARRATIO
683 129 719 163 IN
741 129 992 163 EVANGELIUM
1015 130 1134 164 LUCIE.
1149 148 1187 155 —
1203 130 1286 164 CAP.
1310 132 1378 163 XII.

1688 130 1746 164 902

887 204 905 226 Α
921 198 1050 236 Domini,
1061 198 1117 230 hoc
1129 203 1174 230 est
1186 208 1276 239 super
1288 207 1392 229 omnes
1408 208 1523 237 servos,
1541 203 1572 230 ut
1587 198 1749 239 unicuique

918 241 968 273 det
985 252 1153 274 mensuram
1170 243 1311 274 frumenti
1326 243 1356 273 in
1373 248 1506 284 tempore
1521 253 1588 282 suo,
1616 244 1678 275 sive
1692 244 1749 275 hoc

919 291 962 318 est
980 297 1080 318 sermo
1095 288 1238 319 doctrinae
1254 297 1312 328 quo
1328 288 1447 319 aluntur
1462 289 1580 329 animae,
1594 289 1656 320 sive
1672 298 1746 329 ope-

920 341 984 362 rum
1014 333 1193 373 exemplum,
1216 337 1246 363 et
1271 335 1444 364 mandatum
1473 334 1622 373 quomodo
1645 333 1745 364 vivere

919 377 1179 416 aparteatBeatus
1194 377 1244 418 qui
1261 378 1325 408 talis
1340 377 1428 409 fuerit
1444 379 1590 415 inventus,
1612 382 1640 408 et
1655 387 1746 418 super

917 421 1015 452 omnia
1039 431 1091 452 sua
1116 424 1273 453 constituet
1298 422 1381 453 illum
1397 423 1552 455 Dominus.
1568 423 1631 454 Non
1647 423 1743 454 solum

918 466 995 496 inter
1012 475 1124 504 servos,
1149 468 1200 498 sed
1217 471 1246 497 et
1265 467 1432 498 sublimiori
1457 468 1548 507 gradu
1566 467 1741 509 provehens,

919 520 1012 551 super
1028 512 1128 541 omnia
1142 512 1311 548 constituet,
1327 512 1394 543 utei
1405 517 1433 543 et
1447 518 1567 544 terrena
1587 513 1701 543 subsint
1716 517 1745 543 et

919 556 1062 587 coelestia.
1085 555 1164 587 Talis
1180 560 1242 587 erat
1257 555 1344 587 Jesus
1370 558 1460 594 Nave,
1478 557 1543 588 talis
1570 557 1662 588 Elias.
1690 557 1743 588 Ille

917 600 995 631 enim
1011 601 1079 638 soli,
1106 601 1153 632 hic
1169 606 1267 632 autem
1283 601 1413 632 nubibus
1438 602 1505 633 cceli
1519 602 1695 642 imperabat.
1707 602 1742 633 Et

917 654 1021 677 omnes
1047 646 1223 686 simpliciter
1251 647 1393 687 sancti,ut
1417 647 1505 678 amici
1534 647 1600 687 Dei,
1618 647 1664 678 his
1677 656 1743 688 quae

916 690 1003 721 amici
1018 696 1086 721 sunt
1104 695 1239 722 utuntur.
1259 691 1434 721 Communia
1457 691 1536 722 enim
1562 695 1630 722 sunt
1644 691 1745 723 omnia

915 735 1093 767 amicorum.
1114 737 1147 767 Et
1158 736 1254 766 omnis
1269 736 1319 776 qui
1336 735 1366 766 in
1383 736 1512 766 solvtaria
1537 737 1592 766 vita
1619 736 1741 767 activam

917 779 1003 810 vitam
1020 780 1089 819 agit,
1108 784 1137 811 et
1152 780 1276 812 serviles
1287 780 1472 816 aﬁ‘ectiones,
1488 781 1562 811 iram
1583 784 1612 810 et
1629 789 1742 811 concu-

889 847 906 872 Β
919 825 1104 865 piscentiam,
1121 824 1279 863 gubernat.
1304 828 1334 855 et
1349 834 1432 855 suam
1448 824 1556 865 cuique
1572 833 1742 856 mensuram

919 869 1006 900 tritici
1022 870 1052 900 in
1077 874 1210 910 tempore
1227 869 1390 910 distribuit,
1417 870 1490 900 iram
1507 869 1628 910 quidem
1645 870 1694 910 ita,
1712 874 1744 900 ut

916 914 984 944 odio
996 915 1105 945 habent
1120 915 1187 945 odio
1200 914 1343 946 habentes
1357 914 1563 952 Dominum,et
1578 923 1671 955 super
1684 913 1743 945 ini-

916 959 1010 990 micos
1022 969 1091 990 suos
1107 959 1248 997 tabescat,
1265 959 1536 1000 concupiscentiam
1554 968 1623 990 vero
1641 959 1694 1000 ita,
1711 963 1744 990 ut

916 1004 1118 1035 necessariam
1135 1004 1233 1035 carnis
1247 1011 1329 1044 gerat
1344 1008 1492 1044 curam,et
1506 1013 1571 1035 eam
1596 1008 1686 1034 totam
1710 1004 1741 1035 in

916 1048 1012 1079 Deum
1029 1049 1155 1088 dirigat:
1174 1049 1283 1087 omnis,
1299 1049 1432 1089 inquam,
1451 1048 1516 1079 talis
1533 1049 1638 1079 beatus
1652 1053 1741 1086 est,et

916 1099 1092 1134 assequetur
1108 1094 1196 1124 etiam
1213 1094 1505 1134 contemplationem,
1522 1097 1551 1124 et
1566 1102 1656 1133 super
1672 1102 1736 1124 om-

918 1138 965 1169 nia
976 1147 1041 1179 quae
1052 1138 1171 1169 Domini
1186 1139 1231 1174 sui
1248 1143 1328 1174 sunt,
1345 1137 1739 1178 c0nstituetur,merebitur—

915 1192 973 1223 que
987 1183 1213 1224 contemplativo
1229 1183 1313 1214 oculo
1330 1184 1501 1223 perspicere
1513 1188 1597 1214 eteas
1605 1192 1670 1223 qum
1681 1193 1739 1214 non

914 1228 1030 1269 proprie
1038 1228 1177 1258 dicuntur
1183 1228 1378 1269 facultates,et
1385 1237 1434 1258 eas
1442 1237 1508 1268 quae
1518 1228 1740 1271 proprie,a3ter-

914 1282 967 1303 nas
982 1272 1059 1304 dico.

54 1318 125 1347 τόνον
136 1320 219 1347 ταῦνα
233 1319 266 1347 τὰ
281 1319 319 1357 μὴ
337 1320 436 1359 κυρίως
451 1319 619 1359 ὑπάρχοντα,
642 1317 710 1346 ἀλλὰ
725 1319 769 1346 καὶ
783 1319 816 1346 τὰ
834 1318 928 1356 κυρίως
945 1318 1108 1358 ὕπαρχοντα,
1126 1318 1197 1358 λέγω
1218 1318 1251 1352 δὴ
1265 1319 1298 1346 τΞι
1312 1319 1416 1348 αἰώνια.

92 1373 106 1393 ε
124 1362 186 1392 Ἐὰν
216 1363 243 1391 δὲ
279 1362 346 1402 εἴπῃ
374 1365 388 1392 ὁ
417 1363 507 1397 δοῦλος
541 1365 644 1395 εκεϊνος
672 1363 700 1391 ἒν
733 1366 767 1401 τῇ
782 1361 872 1403 καρδίᾳ

955 1362 1045 1395 Vens.
1063 1363 1114 1404 45,
1126 1363 1175 1394 46.
1196 1362 1296 1399 «Quod
1312 1363 1338 1393 si
1350 1371 1452 1393 servus
1468 1362 1516 1394 ille
1532 1363 1562 1393 in
1578 1362 1669 1394 corde
1685 1371 1738 1393 suo

55 1407 138 1436 αὒτοῦ⁶
177 1409 296 1448 Χρονίζει
333 1410 347 1437 ὁ
379 1409 472 1449 Κύριός
501 1420 553 1447 μου
579 1408 676 1446 ἐλθεῖν,
705 1408 750 1436 καὶ
764 1407 872 1446 ἄρξηται

955 1407 1142 1439 terit2Diﬁert
1154 1407 1295 1438 Dominus
1312 1417 1394 1438 meus
1409 1407 1737 1448 reditum,c(eperitque

54 1453 155 1481 τὺπτειν
184 1454 245 1486 τοὺς
273 1453 372 1485 παῖδας
400 1454 445 1482 καὶ
479 1454 527 1485 τὰς
550 1452 702 1492 παιδίσκας,
730 1452 824 1480 ἐσθίειν
845 1463 872 1480 τε

956 1457 1074 1483 rcutere
1090 1461 1190 1483 servos
1207 1456 1235 1482 et
1251 1452 1418 1491 ancillas,et
1430 1452 1521 1483 edere
1533 1452 1740 1493 bibereque,et

53 1501 92 1525 καὶ
120 1499 216 1538 πίνειν,
245 1499 288 1526 καὶ
314 1498 499 1538 μεθύσκεσθαι,
534 1497 590 1532 ἣξει
621 1498 736 1537 ὁκύριος
752 1500 798 1525 τοῦ
812 1496 872 1525 δού-

955 1497 1058 1528 ξὺτὶδιί
1076 1509 1081 1528 :
1101 1499 1180 1529 venit
1195 1498 1333 1528 dominus
1359 1498 1436 1528 servi
1458 1498 1538 1528 illius
1562 1497 1593 1528 in
1615 1498 1664 1528 die
1680 1507 1737 1537 quo

54 1541 96 1570 λου
129 1543 231 1571 ὶκείνου
256 1543 283 1571 ἒν
317 1543 404 1582 ἡμέρᾳ
425 1542 488 1581 ᾗσῦ
501 1541 645 1582 προσδοκᾷ,
665 1543 709 1571 καὶ
725 1543 753 1570 ἐν
778 1542 834 1582 ὥρᾳ
855 1542 872 1576 ἦ

957 1553 975 1573 ιι
991 1547 1098 1583 sperat,
1113 1547 1141 1573 et
1154 1543 1226 1573 hora
1241 1551 1297 1583 qua
1313 1542 1419 1582 nescit,
1437 1547 1464 1573 et
1481 1542 1641 1574 dissecabit
1655 1551 1736 1578 eum,

55 1589 81 1615 οὗ
105 1587 241 1627 γινώσκει,
277 1589 321 1616 καὶ
349 1587 525 1628 διχοτομήσει
563 1588 654 1625 αὑτὸν,
682 1588 727 1615 καὶ
739 1588 769 1615 τὸ
795 1587 872 1626 μέροςΙ

955 1591 1088 1628 rtemque
1110 1587 1176 1628 ejus
1205 1596 1271 1618 cum
1297 1587 1398 1618 inﬁdis
1423 1592 1524 1628 ponet.
1540 1599 1553 1615 υ
1571 1587 1622 1618 Vae
1632 1586 1740 1617 talibus

55 1633 127 1661 αὐτοῦ
154 1633 224 1670 μετὰ
252 1636 304 1661 τῶν
337 1633 454 1661 ἀπίστων
483 1634 569 1668 θήσει.
597 1643 608 1661 ι
628 1632 692 1662 Οὐαὶ
705 1639 763 1665 τοῖς
784 1632 872 1660 τοιού-

955 1632 1023 1670 rvis,
1040 1633 1090 1672 qui
1102 1633 1213 1663 donum
1229 1632 1390 1672 spiritualis
1401 1632 1599 1672 praesidentia
1611 1641 1738 1672 accepe-

55 1686 106 1708 τοις
135 1676 250 1716 δούλοις,
278 1677 305 1706 οἵ
353 1678 475 1718 χάρισμα
522 1676 648 1709 λαϐόντες
694 1679 872 1715 πνευματικῆς

956 1682 1030 1714 nt,et
1040 1677 1293 1717 dispensationem
1308 1677 1364 1708 sibi
1377 1677 1566 1714 commissam
1578 1677 1741 1708 inﬁdeliter

56 1722 217 1760 ὶπιστασίας,
250 1721 424 1762 διαφθείρουσι
452 1723 503 1757 τὴν
545 1722 763 1760 ἐμπιστευθεῖσαν
786 1723 872 1753 αὐτοῖς

955 1727 1034 1759 runt,
1048 1728 1077 1753 et
1095 1723 1200 1753 bibunt
1214 1732 1247 1753 ac
1261 1722 1444 1753 inebriantur
1465 1733 1471 1751 :
1489 1723 1550 1753 sive
1565 1722 1738 1753 ebrietatem

58 1766 217 1807 οἰκονομίαν,
248 1770 291 1796 καί
319 1768 423 1796 πίνουσι
451 1768 511 1806 μὶν,
541 1767 586 1796 καὶ
621 1767 806 1804 μεθύσκονται,
821 1766 872 1794 εἴτι

955 1767 1102 1798 nsibiliter
1116 1768 1283 1807 intelligere
1296 1767 1425 1798 volueris
1442 1778 1449 1798 ι
1462 1767 1604 1807 contingit
1619 1767 1697 1798 enim
1712 1771 1740 1797 et

57 1811 182 1846 αἰσθητῶς
213 1813 295 1841 ταῦτα
335 1812 446 1851 βούλοιο
483 1819 568 1841 νοετν⁹
605 1810 741 1850 σομϐαίνει
755 1812 805 1851 γὰρ
835 1811 872 1838 καί

955 1822 976 1842 ιο
992 1812 1077 1843 malis
1089 1812 1287 1843 Ecclesiarum
1303 1811 1488 1852 praesidibus,
1500 1813 1571 1843 579
1586 1813 1635 1852 qui
1661 1812 1740 1842 deli-

56 1857 129 1884 τοῦτο
154 1863 215 1889 τοῖς
255 1863 351 1890 κακοῖς
381 1860 433 1885 τῶν
448 1856 616 1891 Ἐκκλησιῶν
644 1857 770 1895 ἡγεμόσι,
792 1867 872 1884 κατα-

955 1866 1000 1888 )se
1011 1857 1112 1888 vivunt
1133 1857 1170 1888 de
1186 1857 1271 1888 bonis
1286 1866 1448 1898 pauperum
1468 1867 1474 1887 :
1492 1857 1554 1888 sive
1584 1858 1672 1888 etiam
1689 1865 1743 1896 per

58 1899 208 1930 σπαταλῶσι
235 1904 289 1930 τῶν
318 1904 466 1942 πτωχικῶν
481 1901 642 1942 χρημάτων
659 1901 715 1929 εἴτε
736 1901 781 1929 καὶ
796 1901 872 1938 μέθηι

955 1902 1093 1933 ιιὶοιειῑοῐη
1110 1902 1276 1942 intelligere
1292 1902 1386 1942 placet
1401 1902 1620 1941 perversionem
1649 1905 1741 1931 status

57 1952 123 1974 νοεῖν
155 1945 242 1978 θέλεις
278 1947 326 1980 τὴν
342 1947 496 1986 παραφορὰν
511 1950 557 1975 τοῦ
585 1946 641 1986 νοῦ,
658 1947 702 1974 καὶ
716 1945 743 1973 ἐν
765 1944 872 1984 δόγμασι

955 1948 1028 1979 entis
1040 1958 1094 1988 per
1101 1948 1187 1980 falsas
1197 1948 1546 1988 doctrinas,velamorem
1560 1947 1741 1979 divitiarum.

56 1991 97 2019 καὶ
123 1990 150 2018 ιν
185 1991 320 2031 χρήμασι.
349 1991 481 2020 Τύπτουσι
499 1990 527 2019 δὲ
542 1992 567 2020 οἱ
588 1993 702 2019 τοιοῦτοι
730 1990 872 2030 προστάται

955 1993 1084 2024 :rberant
1099 1994 1178 2024 enim
1196 1993 1268 2024 tales
1284 1992 1428 2033 praesides
1443 2001 1546 2024 servos
1562 1997 1592 2023 et
1606 1991 1740 2030 ancillas,

56 2035 112 2067 τοὺς
140 2035 240 2068 παῖδας
281 2037 325 2064 καὶ
340 2036 388 2068 τὰς
403 2034 554 2076 παιδίσκας,
571 2036 640 2076 φημὶ
656 2034 700 2072 δὴ,
717 2035 779 2066 τοὺς
801 2033 828 2062 ἐν
844 2037 872 2072 τῇ

955 2048 976 2068 ιο
991 2042 1045 2076 est,
1063 2038 1242 2070 oﬁendiculo
1264 2042 1334 2069 sunt
1358 2037 1572 2068 inﬁrmioribus
1586 2038 1742 2074 Ecclesiae,

58 2078 199 2117 Ἐκκλησία
247 2080 445 2120 ἀσθενεστέρους
492 2079 720 2124 σκανδαλίζοντες,
762 2079 872 2108 τύπτου-

955 2092 1044 2114 lorum
1058 2083 1226 2124 percutiunt
1241 2082 1465 2114 conscientiam.
1478 2081 1593 2114 Etenim
1605 2082 1744 2113 inﬁrmus

58 2134 95 2151 σιν
122 2125 209 2154 αὐτῶν
243 2126 292 2159 τὴν
321 2124 480 2159 συνείδησιν.
511 2120 539 2154 t0
573 2126 623 2165 γὰρ
639 2124 751 2158 ἀσθενὴς
765 2125 809 2169 καὶ
830 2136 872 2162 μι-

961 2120 1168 2169 pusillanimis,
1179 2138 1246 2159 cum
1271 2127 1379 2159 viderit
1397 2136 1443 2158 me
1460 2128 1632 2168 episcopum
1651 2127 1743 2158 vitam

58 2169 189 2223 κρόψυχος
214 2169 274 2201 latin
310 2170 358 2209 ἐμὲ
385 2171 431 2199 τὸν
473 2170 600 2210 ἀρχιερέα
614 2173 704 2201 κακὼς
725 2167 872 2223 διεξάγοντα

955 2167 996 2204 ale
1011 2173 1358 2214 transigere,percutitur
1368 2167 1549 2203 conscientia
1564 2172 1705 2210 oﬁensus,
1716 2179 1746 2205 et

57 2213 102 2247 τὴν
127 2215 213 2253 ζωὴν,
241 2216 366 2244 τύπτεται
398 2216 447 2250 τὴν
492 2215 638 2249 συνείδησιν
671 2213 872 2251 σκανδαλιζόμε-

955 2227 1032 2258 agam
1054 2218 1162 2259 accipit
1183 2213 1214 2248 in
1237 2218 1338 2258 corde,
1368 2217 1460 2258 ﬁtque
1483 2217 1641 2248 inﬁrmior.
1673 2217 1743 2248 Haec

58 2269 108 2296 νος,
138 2261 182 2289 καὶ
207 2260 314 2300 πληγὰς
344 2260 452 2301 δέχεται
481 2260 509 2288 ἒν
536 2263 570 2299 τῇ
594 2259 698 2300 καρδίᾳ,
714 2260 758 2287 καὶ
774 2259 864 2287 ἀσθενὲ

959 2267 1016 2294 tem
1040 2264 1140 2294 omnia
1156 2262 1449 2302 continguntinﬁdeli
1465 2271 1549 2292 servo
1565 2271 1602 2292 ex
1617 2270 1652 2292 eo
1664 2261 1742 2302 quod

58 2314 143 2345 στερος
181 2306 293 2345 γίνεται.
334 2309 422 2335 Ταῦτα
459 2304 486 2333 δὶ
535 2306 621 2335 πάντα
648 2302 799 2347 ,συμϐαίνει
840 2306 872 2340 τιῙ

955 2307 1010 2339 cit:
1026 2307 1276 2339 Diﬂ'ertdomiuus
1289 2315 1373 2338 meus
1387 2307 1515 2338 reditum
1533 2317 1540 2338 :
1557 2316 1616 2347 pra;
1630 2306 1746 2345 ignavia

58 2354 160 2390 πονηρῷ
188 2350 274 2388 δούλῳ
298 2352 329 2379 bc
354 2354 401 2380 τοῦ
437 2352 535 2389 εἰπεῖν,
565 2349 615 2390 ὅτι,
647 2345 676 2378 Ὀ
707 2348 799 2388 Κύριός
828 2360 872 2387 μοι

955 2352 1001 2383 uim
1014 2352 1070 2383 hoc
1081 2352 1161 2390 facit,
1179 2361 1239 2383 non
1255 2351 1389 2390 cogitans
1412 2351 1514 2382 horam
1539 2345 1650 2382 mortis.
1670 2351 1745 2382 Nam

58 2396 167 2433 χρονίζει
196 2395 296 2425 ἐλθεῖν·
327 2395 380 2424 ἀπὸ
409 2395 534 2435 ῥᾳθυμίας
573 2396 635 2435 γὰρ,
676 2395 721 2422 καὶ
759 2397 806 2422 τοῦ
840 2395 872 2431 μὶ

958 2398 1156 2437 cogitaremus
1169 2401 1325 2428 venturum
1343 2397 1514 2437 Dominum,
1532 2400 1561 2427 et
1577 2396 1608 2426 in
1633 2396 1746 2427 foribus

57 2439 219 2478 ἱνθυμετσθαι
248 2441 297 2475 τὴν
327 2440 397 2476 ὥραν
423 2440 471 2474 τῆς
500 2439 637 2477 τελευτῆς,
663 2439 696 2468 τὰ
716 2438 825 2467 τοιαῦτα
836 2439 872 2478 γί-

955 2452 1012 2474 tem
1027 2447 1056 2473 et
1066 2442 1353 2474 consummationem
1364 2442 1430 2472 vitae
1440 2446 1550 2472 nostrae
1565 2441 1745 2481 esse,minus

60 2495 152 2516 νονται.
184 2486 214 2515 El.
249 2487 300 2525 γὰρ
328 2485 494 2523 ἐνενοοῦμεν,
525 2485 565 2513 ὅτι
581 2485 638 2519 ἥκει
668 2485 682 2512 ὸ
705 2484 810 2524 Κύριος,
837 2495 870 2511 κα

955 2489 1023 2529 ique
1047 2496 1249 2527 peccaremus.
1266 2486 1375 2518 Verum
1401 2486 1467 2516 vide
1496 2490 1525 2517 et
1553 2485 1742 2526 supplicium.

59 2527 98 2557 ἒπὶ
123 2531 237 2570 θύραιςὴ
253 2529 365 2565 τελευτὴ
395 2531 439 2559 καὶ
468 2530 604 2560 συντέλεια
639 2532 688 2563 τῆς
703 2531 774 2565 ζωῆς
789 2530 872 2566 ἡμῶνΙ

958 2527 1096 2573 ssecabit,
1115 2532 1222 2573 inquit,
1239 2532 1336 2569 illum,
1354 2532 1409 2563 hoc
1425 2536 1479 2565 est.
1508 2531 1633 2572 privabit
1660 2530 1744 2561 illum

60 2575 133 2607 ἧττον
157 2575 188 2605 ἂν
215 2576 414 2615 ἡμαρτάνομεν.
454 2574 529 2606 Ἀλλ’
558 2576 606 2615 ὅρα
635 2576 679 2603 καὶ
713 2574 762 2608 τὴν
791 2585 872 2611 τιμω-

955 2578 1048 2609 ιεθιιᾱί
1063 2580 1163 2618 gratia.
1179 2577 1221 2608 Ne
1235 2577 1301 2618 quis
1316 2577 1396 2608 enim
1414 2580 1495 2618 putet
1509 2576 1587 2616 quod
1604 2575 1661 2616 ipsi
1670 2584 1745 2607 con-

61 2620 122 2657 ρίαν.
161 2621 357 2662 Διχστομήσει,
374 2621 465 2662 φησὶν,
483 2622 571 2658 αὐτὸν,
595 2620 726 2662 τουτέστι,
757 2619 872 2658 στερήσει

955 2627 995 2654 rat
1008 2623 1117 2653 donum
1128 2622 1164 2652 ad
1177 2622 1234 2652 hoc
1245 2631 1283 2652 ne
1295 2621 1414 2661 gravius
1426 2619 1746 2661 puniatur.Quomodo,

62 2667 104 2692 τοῦ
136 2660 302 2706 χαρίσματος
331 2660 386 2695 τοῖιή
405 2664 604 2697 διδασκαλικοῡ.
637 2660 699 2694 Ἵνα
715 2664 764 2704 γὰρ
783 2664 823 2701 μὴ
838 2675 872 2695 τις

955 2667 1028 2708 quit,
1046 2667 1180 2698 conferat
1195 2666 1222 2697 ei
1238 2660 1348 2697 donum
1365 2660 1433 2697 cum
1446 2665 1497 2696 illo
1515 2674 1593 2695 nunc
1619 2663 1748 2695 nudatus

62 2710 153 2749 νομίσῃ
185 2711 227 2741 ὅτι
250 2710 428 2750 συμϐαλεῖται
464 2712 535 2748 αὒτῷ
550 2712 580 2740 τὸ
608 2710 741 2752 χάρισμα,
757 2709 823 2748 πρὸς
847 2710 872 2738 τὲ

955 2711 1249 2743 veniatur?dissecari
1262 2711 1341 2742 enim
1358 2710 1506 2750 signiﬁcat
1519 2709 1612 2750 gratia
1626 2709 1747 2750 privari.

64 2754 98 2792 μὴ
128 2755 298 2797 σφοδρότερον
341 2755 517 2797 κολασθῆναι,
559 2759 632 2794 Πῶς,
662 2755 738 2796 φησὶ,
775 2753 872 2791 συμϐα-

955 2757 1080 2789 timvero
1096 2756 1149 2788 ille
1164 2761 1235 2787 tunc
1247 2755 1426 2786 miserabilis
1440 2755 1598 2792 invenitur,
1615 2754 1694 2796 quod
1710 2754 1748 2785 sit

62 2799 153 2830 λετται
185 2803 255 2831 αὐτῶ
283 2803 314 2831 τὸ
343 2801 475 2842 χάρισμα,
504 2801 570 2832 ὅπου
601 2812 630 2841 γε
658 2800 757 2841 γυμνὸς
784 2801 872 2831 τούτου.

955 2810 987 2832 ro
1007 2805 1036 2832 et
1052 2810 1112 2832 non
1128 2800 1260 2842 spiritus,
1276 2801 1344 2841 quia
1369 2805 1438 2831 tunc
1462 2808 1563 2830 sumus
1585 2799 1613 2830 in
1628 2798 1744 2840 spiritu,
