1949 3077
204 157 264 192 903

204 227 368 258 secundum
385 225 692 266 Apostolum,quando
703 224 830 265 Spiritus
846 226 899 257 Dei
915 225 1058 256 habitata

205 272 234 301 in
250 271 337 306 nobis
351 271 393 302 59.
410 270 465 307 Qui
481 276 579 301 autem
597 279 656 301 non
683 269 813 301 ambulat
839 270 957 311 spiritu,
975 269 1028 300 sed

202 316 232 346 in
249 325 339 346 carne
358 319 414 352 est,
438 320 466 346 et
478 324 586 355 expers
601 315 737 345 inventus
753 315 842 345 fuerit
856 315 921 345 vitae
937 314 1028 356 spiri-

203 359 302 396 tualis,
319 370 385 390 cum
403 359 567 390 incredulis
582 359 748 397 ordinatur,
778 364 879 400 utpote
896 360 945 400 qui
961 368 1028 390 cum

203 404 357 435 incredulo
376 405 486 435 mundo
503 404 876 444 condemnatur:quoniam
893 404 966 435 nihil
976 404 1031 434 uti-

203 448 294 479 litatis
305 448 341 479 ab
357 453 519 489 apparente
536 448 594 480 ﬁde
610 448 745 489 percipit.
767 447 842 479 Vera
858 449 937 479 enim
955 448 1030 479 ﬁdes

203 494 232 524 in
243 494 306 534 ipso
324 502 380 524 non
396 493 461 526 fuit.
486 495 561 526 Nam
580 494 604 524 si
621 494 651 524 in
668 503 702 524 eo
731 493 835 524 fuisset
856 503 924 524 vera
941 493 1028 533 ﬁdes,

202 537 389 579 dispensator
406 538 503 569 ﬁdelis
519 539 624 569 fuisset
652 537 761 569 Verum
778 547 858 568 nunc
887 537 958 578 quia
982 537 1029 568 bi-

201 582 276 614 bens
291 587 320 614 et
336 592 368 613 se
382 583 535 614 inebrians
552 583 617 619 fuit,
636 587 665 613 et
679 591 727 613 res
744 582 864 613 Domini
889 591 1028 613 corrum-

204 636 289 668 pens,
307 627 395 658 ﬁdem
407 637 506 658 veram
526 636 582 658 non
600 626 713 665 habuit,
728 636 793 666 quae
809 626 1030 666 exigituradis-

202 671 410 711 pensaloribus
428 683 434 703 :
453 671 529 703 bene
543 681 612 710 ergo
629 680 695 702 cum
713 671 812 702 inﬁdis
834 672 953 711 ponitur
963 680 1030 712 por-

204 717 244 747 tio
261 717 338 756 ejus.
358 717 488 748 Privatus
500 717 579 747 enim
600 716 676 747 dono
700 720 729 746 et
745 716 881 753 nudatus,
909 716 1030 746 mutilus

203 761 371 800 invenitur,
385 767 413 791 et
431 770 489 792 non
500 761 625 799 integer.

687 156 983 189 THEOPHYLACTI
1007 156 1209 190 BULGABLE
1231 159 1411 191 ARCHIEP.

1844 157 1898 189 904

1069 224 1213 263 εὑρίσκεται
1240 226 1326 264 τότες
1355 225 1386 253 τὸ
1428 226 1478 265 γὰρ
1507 224 1736 266 διχοτομηθῆναι,
1754 228 1836 254 τοῦτο
1853 235 1897 257 ση-

1070 270 1169 309 μαίνει,
1196 269 1232 299 Τό
1267 272 1427 310 στερηθῆναι
1457 270 1506 304 τῆς
1538 271 1664 311 χάριτος.
1681 270 1838 310 Εὑρίσκεται
1855 270 1897 309 γὰρ

1070 315 1084 341 ὁ
1113 313 1227 347 ἐλεεινὸς
1263 315 1323 344 τότε
1350 313 1412 354 σὰρξ
1442 315 1479 343 ὥν
1513 316 1558 344 καὶ
1572 318 1602 345 οὗ
1616 316 1731 353 πνεῦμα”
1751 314 1816 342 ἐπεὶ
1838 315 1892 342 τότε

1071 357 1150 396 ἐσμὲν
1170 358 1197 387 ἓν
1211 360 1354 397 πνεύματι,
1371 360 1439 388 κατὰ
1459 361 1506 388 τὸν
1528 359 1705 397 Ἀπόστολον,
1731 359 1779 387 ὅτε
1796 361 1897 396 Πνεῦμα

1072 406 1137 431 Θεοῦ
1167 404 1236 432 οἰκεῖ
1255 405 1284 432 ἓν
1312 405 1392 442 ἡμῖν·
1417 406 1432 433 ὁ
1460 403 1488 432 δὲ
1527 405 1566 442 μὴ
1582 405 1711 441 πνεύματι
1734 404 1896 444 στοιχήσας,

1071 446 1131 476 ἄλλ’
1157 450 1184 477 ἒν
1210 450 1286 488 σαρκὶ
1319 449 1368 485 ὤν,
1398 451 1444 478 καὶ
1475 449 1584 489 ἄμοιρος
1613 450 1722 489 εὑρεθεὶς
1750 459 1896 485 πνευματι-

1071 492 1120 526 κῆς
1153 493 1302 534 πολιτείας,
1331 494 1400 531 μετὰ
1423 496 1476 522 τῶν
1503 494 1621 522 ἀπίστων
1637 494 1776 533 τάττεται,
1791 494 1837 521 οἶα
1858 493 1897 520 σὺν

1070 540 1109 574 τῷ
1137 537 1239 575 ἀπίστῳ
1267 539 1361 577 κόσμῳ
1399 539 1635 578 κατακρινόμενος,
1665 540 1701 571 ὡς
1724 537 1812 575 μηδὲν
1831 538 1897 577 ὤφε-

1070 583 1159 616 ληθεὶς
1188 583 1241 612 ἀπὸ
1270 586 1320 617 τῆς
1348 583 1478 617 δοκούσης
1515 585 1642 616 πίστεως·
1669 585 1688 618 ἡ
1715 584 1768 623 γὰρ
1800 581 1897 615 ἀληθὴς

1071 626 1158 660 πίστις
1188 627 1216 656 ἐν
1244 629 1315 666 αὒτῴ
1344 629 1391 657 οὐκ
1419 631 1466 663 ἦν’
1496 629 1518 657 εἰ
1545 629 1596 668 γὰρ
1638 628 1742 662 ἀληθὴς
1774 628 1862 659 πίστις
1875 627 1898 654 ἓν

1071 671 1143 700 ωδτῶ
1177 672 1221 709 ἧν,
1253 673 1392 711 οἰκονόμος
1428 673 1459 701 ἂν
1487 673 1520 707 ἦν
1548 673 1653 705 πιστός⁴
1670 674 1714 701 νῦν
1730 671 1759 700 δὲ
1781 672 1838 700 ἐπεὶ
1861 671 1898 699 πί-

1071 728 1122 744 νων
1161 717 1204 754 ἧν,
1236 718 1280 746 καὶ
1309 719 1424 756 μεθύων,
1453 719 1497 747 καὶ
1515 717 1668 759 διαφθείρων
1690 718 1724 745 τὰ
1744 716 1897 752 δεσποτικὰ,

1070 762 1117 790 οὐκ
1145 764 1208 803 εἶχε
1233 763 1283 798 τὴν
1312 763 1398 798 ἀληθῆ
1424 764 1525 804 πίστιν,
1541 762 1574 797 ἦν
1587 763 1762 792 ἀπαιτοῦνται
1789 763 1814 790 οἱ
1830 763 1896 790 olm-

202 806 299 843 νόμοι·
315 805 404 838 καλῶς
420 805 470 845 ἄρα
486 807 553 844 μετᾶ
569 810 621 834 τὼν
643 807 760 834 ἀπίστων
789 807 885 834 τίθεται
915 807 945 834 τὸ
975 806 1053 845 μέρος
1082 807 1161 836 αὑτοῦ
1179 817 1185 824 '
1213 809 1347 848 στερηθεὶς
1369 809 1420 849 γὰρ
1433 812 1480 838 τοῦ
1495 808 1661 848 χαρίσματος
1677 808 1720 836 καὶ
1735 808 1895 847 γυμνωθεὶς,

201 849 312 883 κολοδός
327 851 472 888 εὐρίσκγται
486 852 530 879 καὶ
545 852 596 891 οὺχ
612 851 772 889 ὁλόκληρος,

242 894 334 925 Vens.
350 894 400 932 47,
414 895 463 926 48.
481 908 491 922 α
507 894 558 926 Ille
571 901 668 926 autem
686 904 788 926 servus
816 895 865 935 qui
891 895 1013 934 cognovi

1110 907 1122 925 ι
1154 897 1276 931 Ἐκεῖνος
1305 897 1333 926 δὲ
1359 899 1373 926 ὁ
1401 897 1493 930 δοῦλος
1515 899 1529 926 δ
1556 899 1634 937 γνοὺς
1663 898 1693 925 τὸ
1719 896 1895 934 θέληματοῦ

200 939 384 970 voluntatem
402 939 516 971 domini
537 941 594 977 sui,
617 950 673 972 nec
688 949 720 971 se
736 939 919 981 praeparavit,
936 949 1012 979 nequ

1102 942 1160 980 ⁵ρίου
1188 943 1277 980 αὑτοῦ,
1309 943 1353 971 καὶ
1383 944 1422 980 μή
1451 943 1594 975 ἑτοιμάσας
1617 941 1684 980 μηδὲ
1700 943 1822 977 ποιήσας
1836 942 1894 974 πρὸς

206 984 372 1015 secundum
398 985 576 1016 voluntatem
593 986 658 1026 ejus
678 985 756 1021 fecit,
777 985 870 1025 plagis
882 983 1014 1025 vapulabi

1129 986 1234 1025 θέλημα
1263 988 1352 1024 αὐτοῦ,
1385 986 1527 1027 δαρήσεται
1542 986 1655 1019 πολλάς’
1670 988 1685 1015 ὀ
1700 986 1729 1015 δὲ
1750 986 1792 1024 μὴ
1809 986 1892 1025 γνοῖ-ις,

201 1029 366 1070 multis;qui
375 1034 472 1060 autem
487 1039 544 1060 non
557 1029 737 1069 cognovit,et
749 1029 914 1068 fecitdigna
924 1029 1026 1069 plagis,

198 1074 347 1113 vapulabit
364 1074 575 1114 paucis.Porro
586 1075 762 1114 cuicumque
775 1074 898 1105 multum
921 1073 1022 1104 datum

198 1118 382 1156 est,multum
405 1123 554 1159 quaeretur
565 1119 602 1150 ab
619 1129 654 1150 eo
665 1129 672 1151 :
685 1123 713 1150 et
728 1119 775 1149 cui
790 1119 1022 1149 commendave-

196 1169 266 1195 runt
278 1164 412 1203 multum,
423 1164 489 1204 plus
504 1164 649 1204 petentab
665 1173 730 1196 eo.»
745 1164 808 1195 Hoc
821 1163 883 1194 loco
895 1162 1023 1203 amplius

197 1208 338 1249 quiddam
349 1218 383 1239 ac
400 1209 563 1240 terribilius
579 1209 666 1240 nobis
677 1207 1019 1240 demonstratDominus.

195 1252 260 1284 Non
270 1253 366 1284 solum
381 1255 460 1284 enim
469 1256 560 1287 enim.
575 1253 680 1294 inquit,
699 1253 791 1293 gratia
802 1253 962 1284 nudabitur
973 1255 1024 1293 qui

200 1298 267 1329 talis
282 1302 336 1336 est,
355 1302 383 1328 et
395 1298 468 1329 nihil
485 1298 540 1328 sibi
560 1298 695 1339 proderit
718 1299 774 1329 hoc
797 1302 830 1329 ut
850 1297 992 1328 liberetur
1007 1306 1024 1327 a

199 1342 304 1383 pomis,
322 1344 373 1373 sed
396 1347 425 1374 et
450 1343 570 1383 majoris
586 1342 842 1374 condemnationis
865 1351 952 1373 causa
967 1342 1024 1372 erit

196 1387 346 1428 dignitatis
362 1387 544 1427 magnitudo.
562 1387 627 1424 Quo
644 1387 708 1428 plus
724 1387 803 1418 enim
820 1386 876 1418 scit
890 1387 941 1427 qui
953 1395 1019 1426 pec~

195 1435 337 1472 cat,tanto
353 1431 520 1471 graviorem
539 1441 655 1471 poenam
673 1431 730 1462 sibi
744 1431 919 1462 accersit.Et
933 1431 962 1461 in
979 1440 1022 1462 se-

196 1475 358 1516 quentibus
374 1477 429 1506 hoc
446 1476 631 1507 manifestius
640 1475 739 1508 ﬁt.Cui
755 1476 833 1506 enim
861 1476 959 1506 datum
976 1478 1022 1506 est

197 1520 333 1558 multum,
353 1520 389 1552 ab
406 1530 440 1551 eo
459 1521 630 1562 requiretur
651 1522 739 1552 etiam
765 1521 890 1552 multum
906 1529 912 1552 ;
930 1524 959 1551 et
974 1520 1020 1551 cui

197 1565 481 1596 commendaverth
498 1560 635 1606 multum,
653 1566 718 1606 plus
733 1569 833 1606 petent
847 1566 883 1596 ab
899 1574 945 1596 eo.
964 1566 1021 1596 Per

195 1610 252 1641 hoc
269 1609 348 1640 enim
365 1610 508 1651 signatur,
524 1619 640 1651 pcenam
653 1620 740 1651 quam
757 1614 908 1641 merentur
920 1610 1022 1640 docto-

202 1663 261 1692 res,
274 1653 344 1684 580
354 1654 479 1685 futuram
497 1656 654 1694 majorem.
678 1655 768 1686 Datur
789 1655 877 1695 igitur
892 1660 921 1686 et
935 1663 1020 1686 com-

200 1699 356 1730 mendatur
371 1699 564 1730 doctoribus:
583 1700 669 1731 datur
683 1700 817 1740 quidem,
834 1704 865 1730 ut
876 1699 968 1739 gratia
978 1708 1022 1730 sa-

197 1743 286 1774 nandi
304 1743 434 1780 morbos,
453 1750 482 1776 et
496 1744 623 1775 faciendi
637 1743 1021 1782 miracula,commendalur

194 1793 293 1820 autem
306 1789 349 1819 eis
364 1789 445 1820 verbi
458 1796 487 1820 et
503 1790 646 1821 doctrinae
660 1790 782 1822 donum.
801 1790 837 1820 Et
852 1799 918 1820 cum
934 1789 1018 1826 dixit,

195 1835 296 1871 Datur,
311 1843 369 1865 non
387 1834 549 1875 subjungit,
567 1835 703 1875 Amplius
719 1835 839 1874 exigent
853 1843 860 1866 :
873 1834 925 1865 sed
953 1843 1020 1864 cum

197 1879 282 1916 dixit,
313 1878 560 1916 Cominendatur,
587 1884 616 1910 et
642 1880 773 1920 profecto
801 1879 911 1910 donum
939 1879 1020 1909 verbi

199 1933 276 1964 opus
300 1924 390 1955 habet
406 1924 519 1962 labore,
537 1929 565 1955 et
580 1924 707 1964 amplius
726 1924 877 1963 exigitura
890 1923 1020 1954 doctori-

199 1968 254 1999 bus
271 1967 395 2009 Oportet
408 1970 487 2000 enim
501 1978 568 2000 eum
586 1978 646 1999 non
663 1978 729 1999 esse
745 1968 879 1999 desidem
892 1977 926 1998 ac
937 1970 1020 2008 igna—

193 2022 273 2054 vum,
291 2013 341 2044 sed
360 2013 559 2054 multiplicare
583 2013 725 2044 talentum
742 2012 837 2044 verbi.
854 2012 957 2052 Igitur,
974 2012 1022 2043 cui

193 2058 488 2099 commendaverunt,
507 2058 676 2098 intelligere
699 2057 803 2096 debes,
820 2058 867 2088 cui
895 2057 1018 2088 multum

193 2104 296 2134 datum
308 2103 344 2133 ad
362 2111 493 2134 usuram.
511 2103 636 2134 bsuram
649 2103 727 2134 enim
739 2101 978 2134 commendatum
989 2107 1019 2132 et

192 2147 360 2189 depositum
378 2147 426 2178 hic
437 2148 543 2188 signat.
561 2148 597 2179 At
616 2152 684 2178 sunt
697 2148 745 2188 qui
762 2151 894 2188 quaerant
911 2157 917 2178 :
935 2146 1016 2184 Esto,

194 2192 282 2232 bene,
296 2191 435 2232 puniatur
458 2192 484 2222 is
505 2194 555 2233 qui
571 2192 626 2223 scit
648 2193 827 2223 voluntatem
843 2191 975 2231 Domini,
992 2195 1014 2221 el

1102 2205 1110 2222 3
1148 2193 1249 2223 δάνειον

196 2247 254 2268 non
268 2237 334 2268 facit
348 2245 354 2268 ε
369 2236 419 2277 qui
430 2241 528 2268 autem
544 2237 743 2278 nescit,quare
756 2235 931 2277 punitur?Eo
941 2236 1019 2277 quod

198 2283 344 2322 potuisset
359 2282 450 2313 etiam
463 2282 528 2322 ipse
540 2282 665 2322 discere,
683 2285 712 2312 et
730 2281 834 2320 noluit,
861 2281 912 2312 sed
937 2281 1022 2320 piger

194 2327 260 2367 fuit,
278 2327 340 2368 ipse
357 2326 388 2357 in
403 2336 491 2357 causa
513 2327 566 2357 fuit
594 2326 754 2367 quominus
775 2325 932 2357 didicerit:
945 2335 1019 2366 qua-

194 2376 315 2412 propter
328 2372 495 2411 puniendus
511 2376 555 2402 est
572 2371 650 2412 quod
673 2375 779 2412 sponte
803 2380 863 2401 nou
889 2369 1015 2401 didicit..

192 2415 376 2457 Timeamus,
390 2420 507 2448 tratres.
522 2415 595 2447 Nam
610 2416 634 2447 si
647 2416 693 2448 his
708 2416 759 2457 qui
775 2415 848 2447 nihil
869 2415 934 2453 scit,
952 2424 1020 2446 0m-

192 2462 262 2493 nino
287 2462 394 2501 dignus
421 2465 466 2493 est
497 2461 609 2502 plagis:
627 2471 692 2502 qum
717 2462 865 2492 excusatio
881 2460 1020 2492 liberabit

195 2516 247 2538 eos
263 2507 314 2548 qui
325 2507 454 2538 scienter
479 2507 516 2537 de
531 2506 718 2546 delinquunt,
741 2505 867 2537 maxime
895 2505 920 2536 si
945 2505 1018 2537 doc-

194 2556 275 2583 tores
304 2551 427 2583 fuerint?
455 2551 578 2584 Gravior
601 2551 680 2582 enim
710 2556 755 2583 est
781 2551 844 2582 haec
872 2551 1016 2582 condem-

191 2597 281 2628 natio.

230 2685 324 2718 Vens.
340 2687 392 2724 49,
407 2686 458 2718 50.
478 2687 596 2726 «Ignem
612 2685 681 2716 veni
694 2684 840 2717 missurus
851 2686 882 2717 in
894 2690 1014 2717 terram:

194 2735 224 2763 et
239 2731 310 2772 quid
325 2733 404 2769 volo,
422 2731 447 2762 si
459 2732 523 2772 jam
537 2739 683 2762 accensus
703 2733 774 2762 est?
798 2730 856 2763 Sed
871 2731 1018 2772 baptismo

231 2812 363 2845 N'Bom.
380 2820 442 2853 vni,
458 2813 488 2845 9.

1070 1031 1186 1066 ποιήσας
1217 1032 1244 1060 δὲ
1272 1031 1331 1065 ἄξια
1358 1031 1483 1072 πληγῶν,
1500 1031 1639 1072 δαρήσεται
1656 1031 1762 1071 ὀλίγας·
1780 1029 1891 1059 παντὶδὲ

1070 1075 1092 1112 ᾦ
1127 1075 1203 1110 ἐδόθη
1232 1076 1313 1114 πολὺ,
1341 1077 1410 1105 πολὺ
1437 1078 1617 1112 ζητηθήσεται
1632 1076 1694 1116 παρ’
1710 1076 1804 1115 αὐτοῦ,
1820 1076 1892 1111 καὶῷ

1063 1121 1205 1159 παρέθεντο
1232 1121 1313 1162 πολὺ,
1349 1122 1536 1162 περισσότερον
1573 1122 1728 1156 αἰτήσουσιν
1760 1120 1853 1151 αὐτόν.
1876 1129 1888 1149 )

1063 1164 1189 1194 Ἐνταῧθα
1216 1167 1260 1195 καὶ
1286 1166 1382 1195 πλεῖόν
1409 1177 1434 1194 τι
1470 1167 1514 1194 καὶ
1532 1165 1710 1206 φοϐερώτερον
1732 1164 1884 1194 ὑποδείκνυ-

1064 1220 1104 1237 σιν
1131 1210 1201 1248 ἡμῖν
1229 1211 1244 1239 ὀ
1275 1212 1379 1251 Κύριος,
1411 1211 1448 1240 Οὔ
1477 1211 1557 1249 μόνον
1569 1211 1630 1250 γὰρ,
1647 1212 1724 1250 φησὶ,
1741 1211 1790 1238 τεῦ
1811 1220 1888 1250 χαριή

1064 1265 1165 1292 σματος
1194 1256 1394 1294 γυμνωθῆσεται
1438 1256 1452 1283 ὁ
1478 1259 1609 1292 τοιοῦτος,
1645 1256 1690 1284 καὶ
1717 1255 1795 1284 οὒδὶν
1824 1254 1887 1290 αὖτῷ

1064 1298 1240 1336 συμϐαλεῖται
1268 1301 1334 1340 πρὸς
1361 1300 1522 1339 ἀπαλλαγὴν
1560 1303 1613 1329 τῶν
1646 1299 1798 1336 κολάσεων,
1827 1298 1888 1326 ἀλλὰ

1063 1344 1107 1372 καὶ
1137 1344 1257 1382 μείζονος
1284 1347 1356 1383 αὖτῴ
1384 1345 1564 1384 κατακρίσεως
1593 1345 1681 1373 αἴτιον
1696 1345 1838 1384 γενήσεται
1860 1344 1886 1370 τὸ

1063 1391 1110 1416 τοῦ
1137 1388 1288 1427 ἀξιώματος
1323 1390 1445 1429 μέγεθος,
1473 1386 1556 1427 1Ὀσῳ
1576 1390 1626 1430 γὰρ
1641 1389 1783 1429 γινώσκων
1805 1388 1886 1416 ἔπται-

1062 1443 1104 1470 σε,
1140 1434 1259 1471 τοσούτῳ
1287 1435 1394 1472 μείζονα
1421 1435 1472 1469 την
1521 1435 1650 1475 τιμωρίαν
1688 1435 1777 1471 ἑαυτῷ
1820 1443 1885 1472 περι-

1062 1484 1193 1509 ποιεῖται.
1225 1479 1272 1507 καὶ
1302 1478 1344 1507 διὰ
1359 1482 1411 1507 τῶν
1434 1479 1530 1519 ἓφιξῆς
1559 1478 1586 1507 δὲ
1629 1478 1793 1518 σαφέστερον
1816 1481 1884 1505 τοῦτο

1062 1529 1146 1554 ποιεῖ,
1177 1517 1209 1563 ᾯ
1244 1524 1294 1563 γὰρ
1316 1523 1405 1564 ἐδόθη,
1423 1517 1497 1564 φησὶ,
1516 1523 1594 1561 πολὺ,
1610 1524 1654 1552 καὶ
1672 1517 1751 1552 πολυ
1769 1523 1884 1559 ζητηθή-

1063 1578 1136 1595 σεται
1166 1566 1228 1607 παρ’
1257 1569 1348 1608 αὐτοῦ,
1385 1569 1429 1597 καὶ
1457 1571 1480 1606 ᾧ
1507 1568 1651 1606 παρέθεντο
1665 1567 1746 1608 πολὺ,
1763 1568 1884 1607 περισσό-

1062 1623 1136 1652 τερον
1164 1613 1315 1648 αῑτήσουσιν
1350 1614 1440 1645 αὖτόν,
1469 1614 1518 1642 Διὰ
1545 1614 1646 1642 τούτων
1675 1613 1724 1652 γὰρ
1751 1613 1883 1641 αἰνίττεται

1062 1657 1111 1690 τὴν
1138 1663 1197 1688 τοῖς
1227 1656 1395 1690 διδασκάλοις
1423 1657 1598 1698 ὀφειλομένην
1625 1658 1755 1696 τιμωρίαν
1786 1657 1884 1696 μείζονα

1063 1700 1206 1739 ἰσομένην.
1237 1703 1284 1731 Καὶ
1320 1701 1418 1731 δίδοται
1447 1703 1492 1731 οὖν
1519 1709 1578 1735 τοῖς
1594 1701 1763 1734 διδασκάλοις
1778 1702 1882 1730 καὶπα-

1061 1747 1273 1782 ρακατατίθεται’
1305 1746 1402 1775 δίδοται
1438 1747 1498 1785 μὲν,
1529 1749 1588 1776 οἷον
1623 1748 1653 1775 τὸ
1692 1747 1816 1787 χάρισμα
1843 1748 1883 1773 τοῦ

1061 1792 1270 1831 θαυματουργεῖν
1313 1793 1356 1820 καὶ
1410 1793 1495 1821 ἰᾶσθαι
1546 1792 1650 1829 νόσους,
1704 1790 1882 1831 παρακατατί-

1061 1836 1132 1863 θεται
1164 1834 1190 1863 δὲ
1220 1836 1311 1868 αὐτοῖς
1337 1838 1369 1865 τὸ
1398 1840 1444 1865 τοῦ
1469 1836 1548 1876 λόγου
1576 1837 1620 1865 καὶ
1643 1838 1692 1871 τῆς
1720 1834 1880 1866 διδασκαλίας

1063 1879 1194 1919 χάρισμα,
1222 1880 1284 1909 Ἐπὶ
1311 1882 1361 1918 μὲν
1393 1883 1437 1910 οὖν
1456 1885 1515 1920 τοῦ,
1546 1881 1662 1920 Δίδοται,
1685 1882 1732 1910 οὐκ
1755 1882 1833 1910 εἶπεν
1846 1878 1881 1907 ὅτι

1063 1925 1252 1965 Περισσότερον
1282 1925 1484 1961 ἀπαιτήσουσιν·
1514 1926 1557 1954 ἐπὶ
1605 1925 1632 1954 δὲ
1661 1929 1720 1964 τοῦ,
1764 1929 1881 1964 Παρακα-

1062 1971 1205 1998 τατίθεται’
1243 1971 1287 1998 καὶ
1315 1971 1364 2010 γὰρ
1401 1969 1484 2003 ὅντως
1509 1971 1540 1999 τὸ
1568 1970 1615 1999 τοῦ
1655 1970 1737 2010 λόγου
1767 1970 1880 2011 χάρισμα

1063 2013 1220 2054 ἐπεργασίας
1259 2014 1356 2056 δεῖται,
1407 2017 1451 2044 καὶ
1490 2017 1644 2045 ἀπαιτεῖται
1691 2016 1705 2043 ὀ
1732 2014 1878 2044 διδάσκαλος

1063 2059 1259 2099 περισσότερον.
1293 2065 1341 2089 Δεῖ
1372 2061 1422 2101 γὰρ
1463 2061 1540 2090 αὑτὸν
1577 2061 1615 2098 μὴ
1650 2061 1790 2100 ῥᾳθυμεῖν,
1818 2057 1878 2087 ἀλλᾶ

1061 2103 1215 2140 πλεονάζειν
1250 2105 1281 2133 τὸ
1308 2109 1355 2134 τοῦ
1389 2105 1470 2145 λόγου
1496 2105 1636 2134 τάλαντον
1652 2106 1684 2134 τὸ
1697 2105 1798 2142 τοίνυν,
1813 2114 1876 2141 παρ-

1060 2149 1149 2189 ετέθη,
1172 2149 1229 2178 ἀντὶ
1243 2150 1301 2190 τοῦ,
1322 2152 1346 2188 ᾧ
1367 2149 1500 2184 ὶδανείσθη
1521 2149 1599 2188 πολῦ,
1627 2149 1740 2191 ὀφείλεις
1756 2155 1837 2179 νοεῖν·
1852 2147 1876 2175 ιδ

1306 2196 1533 2235 παρακαταθήκην
1572 2195 1682 2224 ἐνταῦθα
1736 2195 1874 2233 ὠνόμασεν.

1061 2237 1145 2267 Ἀλλὰ
1160 2240 1267 2274 ζητοῦσί
1287 2251 1368 2280 τινες,
1383 2235 1490 2278 ”Εστω,
1505 2243 1595 2273 καλῶς
1608 2246 1766 2280 τιμωρεῖται
1782 2241 1795 2268 ό
1808 2238 1875 2278 γνὼς

1059 2284 1091 2312 τὸ
1104 2283 1209 2322 θὲλημα
1223 2288 1269 2313 τοῦ
1291 2284 1430 2325 δεσπότου,
1447 2286 1491 2314 καὶ
1506 2286 1545 2323 μὴ
1554 2285 1651 2325 ποιῶν,
1667 2285 1681 2313 ό
1697 2283 1724 2313 δὲ
1740 2285 1780 2323 μὴ
1794 2283 1872 2324 γνοὺς,

1060 2327 1128 2357 διατί
1156 2335 1340 2370 τιμωρεῖταις
1365 2330 1438 2358 Διότι
1460 2329 1602 2368 δυνάμενος
1618 2331 1713 2367 μαθεῖν
1735 2330 1780 2358 καὶ
1796 2328 1872 2361 αὗτὸς,

1061 2373 1134 2412 ὅμως
1165 2373 1212 2402 οὒκ
1237 2374 1379 2413 ἠθέλησεν,
1408 2374 1466 2403 ἀλλ’
1483 2375 1537 2403 ἀπὸ
1558 2375 1684 2414 ῥᾳθυμίας
1706 2375 1785 2406 αὐτὸς
1800 2372 1872 2406 ἐαυτῷ

1060 2418 1147 2449 αἴτιος
1173 2421 1219 2447 τοῦ
1249 2419 1287 2457 μὴ
1310 2420 1405 2457 μαθεῖν
1440 2419 1560 2458 γέγονεν,
1590 2418 1658 2448 ὥστε
1672 2419 1714 2448 διὰ
1741 2422 1816 2448 τοῦτο
1834 2426 1871 2444 κο-

1060 2462 1181 2500 λαστέος,
1209 2462 1249 2492 ὅτι
1264 2464 1332 2492 ἑκὼν
1353 2465 1399 2493 οὒκ
1426 2463 1518 2501 ἔμαθε,
1540 2463 1690 2504 Φρίξωμεν,
1720 2462 1832 2503 ἀδελφοί·
1853 2460 1870 2487 εἶ

1061 2508 1111 2547 γὰρ
1141 2508 1155 2536 ὁ
1184 2507 1247 2546 μηδ’
1277 2508 1346 2541 ὅλως
1361 2508 1450 2549 γνούς,
1474 2508 1545 2542 ἄξιος
1560 2508 1684 2548 πληγῶν,
1700 2515 1780 2541 ποῖος
1795 2505 1870 2536 ἀπαλ-

1057 2551 1128 2586 λάξει
1173 2552 1254 2593 λόγος
1283 2554 1343 2586 τούς
1372 2553 1400 2582 ἒν
1435 2554 1531 2593 γνώσει
1573 2553 1808 2592 πλημμελοῦντας,
1835 2549 1870 2579 ἀἱ

1058 2597 1174 2635 μάλιστα
1209 2599 1231 2626 el
1267 2599 1311 2627 καὶ
1339 2597 1492 2628 διδάσκαλοι
1515 2599 1596 2635 de»;
1622 2598 1817 2639 Φορτικώτερον
1829 2595 1870 2635 γὰρ

1058 2643 1088 2671 τὸ
1103 2643 1202 2671 τούτων
1217 2643 1381 2683 κατάκριμα.

1102 2699 1116 2715 ι
1148 2691 1201 2728 Πῦρ
1228 2686 1309 2722 ἦλθον
1340 2687 1434 2726 βαλεῖν
1450 2689 1486 2722 εἰς
1501 2688 1551 2723 τήν
1573 2691 1636 2729 γῆν·
1658 2689 1702 2717 καὶ
1719 2687 1840 2729 τίλθέλω,
1853 2686 1869 2729 Ii

1059 2733 1111 2769 ἢδη
1147 2726 1275 2774 hirtam;
1306 2734 1446 2772 Βὰπτισμα
1476 2733 1503 2762 δὲ
1531 2726 1591 2774 ἔχιν
1626 2727 1812 2772 βαπτισθῆναι,
1835 2726 1869 2758 καί
