1949 3077
80 143 142 176 921

79 212 261 252 περιήρχετο,
291 212 319 240 ἰν
354 215 398 244 αἷς
433 213 463 241 οὗ
497 216 617 241 τοσοῦτοι
645 213 713 247 ἦσαν
736 212 910 249 νομομαθετς,

79 256 137 289 τὴν
165 255 192 284 δὲ
222 252 396 297 Ἰερουσαλὴμ
426 256 625 297 ἀπεδίδρασκεν,
659 256 704 285 ἔτι
731 256 821 287 δεδιὼς
851 254 910 285 τοὺς

82 301 162 340 παρὰ
196 301 249 330 τῶν
274 304 432 340 νομομαθῶν
460 301 602 342 ἐλργχους,
632 302 649 336 ἢ
691 303 735 331 τὸν
762 301 793 330 ἐκ
813 299 911 328 ’τούτων

442 146 666 178 ENARRATIO
691 147 729 178 IN
755 143 1007 177 EVANGELIUM
1031 145 1149 176 LUC/E.
1170 161 1209 167 —
1231 144 1314 176 CAP.
1340 146 1421 176 XIII.

1723 143 1782 176 9??

923 215 941 240 Α
954 207 1123 239 occidatur?
1136 208 1200 240 Non
1218 213 1263 240 est
1273 210 1329 241 hoc
1343 209 1516 247 dicendum,
1535 210 1587 242 sed
1603 214 1634 242 et
1648 209 1778 247 iter,in-

953 251 1027 292 quit,
1039 252 1152 284 faciens
1172 254 1204 284 in
1225 254 1470 295 Hierosolymam.
1491 255 1547 287 Ubi
1570 254 1649 286 enim
1678 253 1781 295 plures

954 301 1107 335 aegrotant,
1121 307 1157 329 eo
1174 300 1265 339 magis
1281 299 1398 330 festinat
1413 299 1560 332 medicus.

82 339 202 374 θάνατον
217 339 384 386 ὑφορώμενος
400 355 408 384 ς
427 346 481 376 Οὗκ
492 339 565 375 Ἐστιν
581 339 677 384 εἰπεῖν⁷
694 345 762 375 ἀλλὰ
776 346 821 374 καὶ
835 342 954 383 πορείαν,
971 343 1044 382 φησὶ,
1079 344 1236 377 ποιούμενος
1252 345 1289 376 εἱς
1313 339 1485 384 Ἰερουσαλήμ
1502 355 1509 361 ·
1528 345 1587 374 ἔνθα
1602 345 1651 383 γὰρ
1672 343 1777 375 πλείους

83 391 112 417 οἱ
131 392 277 427 νοσοῦντες,
291 391 380 419 ἐκεῖσε
396 390 498 429 μᾶλλον
513 391 654 420 εἷσωθείτω
669 393 683 420 ὁ
697 390 797 430 ἱατρός,

134 447 148 463 ε
175 438 243 465 εἶπε
271 434 299 464 δέ
331 446 370 468 τις
398 438 480 472 αύτῷ·
499 436 586 475 Κύριε,
603 436 625 464 εἱ
641 435 725 474 ὀλίγοι
741 437 764 464 οἱ
787 435 909 471 σωζόμε-

82 492 126 509 νοι
145 492 154 516 ῧ
173 476 202 510 ὀ
217 479 244 508 δέ
258 480 321 509 εἶπε
343 481 408 520 πρὸς
424 480 528 511 αὖτοὺς·
542 479 713 519 ’Λγωνίζεσθε
726 479 853 508 εἰσελθεῖν
868 478 909 506 διὰ

79 529 135 560 τῆς
161 526 255 559 στενῆς
270 524 369 562 πύλης,
386 524 426 553 ὅτι
442 524 547 562 πολλοὶ,
575 524 647 564 λέγω
662 526 736 563 ὑμῖν,
750 525 909 560 ζητήσουσιν

76 570 227 600 εἰσελθεῖν.
243 570 287 598 καὶ
308 570 357 597 οὒκ
377 570 542 609 ἰσχύσουσιν.
567 568 628 610 Ἀφ’
642 570 672 598 ού
685 568 708 598 δ’
729 569 822 609 ἐγερθῇ
837 570 850 597 δ
866 569 906 596 οἰ-

78 614 263 653 κοδεσιιοτης,
298 615 341 642 καὶ
370 614 514 652 ἀποκλείσῃ
546 615 594 649 τὴν
615 615 704 654 θύραν,
728 615 771 642 καὶ
797 613 907 654 ἄρξησθε

81 660 136 694 ἔξω
173 659 289 695 ἑστάναι,
329 660 371 687 καὶ
401 660 502 699 κρούειν
517 661 566 693 τήν
583 659 672 698 θύραν,
702 659 836 698 λέγοντες·
854 658 909 687 Κύ-

82 716 139 745 ριε,
179 705 267 744 Κύριε,
298 702 398 736 ἄνοιξον
432 704 512 740 ἡμῖν’
536 704 578 732 καὶ
593 704 741 744 ἀποκριθεὶς
767 704 823 742 ἐρεῖ
845 704 910 741 ὑμῖν

85 750 145 779 Οὔκ
173 749 234 777 οἶδα
258 751 326 786 -ἶνμᾶς
355 749 434 777 πόθεν
478 748 549 777 ἐατέ’
591 749 650 777 τότε
679 748 782 789 ἄρξεσθε
810 748 907 788 λέγειν·

85 793 242 833 Ἐφάγομεν
270 793 383 821 ἒνώπιόν
411 804 470 830 σου,
503 794 545 821 καὶ
573 792 694 833 ἐπίομεν,
728 794 771 822 καὶ
793 792 820 821 ἐν
847 799 909 824 ταῖς

82 838 224 870 πλατείαις
253 839 329 876 ἡμῶν
364 836 489 870 ἐδίδαξας,
519 838 568 866 Καὶ
582 837 649 877 ἐρεῖ,
667 837 743 877 Λέγω
770 838 844 875 ὑμῖν,
862 838 910 866 οὐκ

82 883 151 912 οἴδα
177 884 244 922 ὑμᾶς
266 882 344 911 πόθεν
358 883 430 921 ἐστὲ,
453 882 587 916 ἀπόστητε
607 882 653 911 ἀπ’
683 883 747 920 ἐμοῦ
768 883 866 913 πάντες
885 884 908 911 οἱ

81 929 197 969 ἐργάται
225 930 274 962 τῆς
295 926 407 958 ἂδιχίας,
440 922 514 956 Ἐκεῖ
542 926 614 956 ἔσται
642 929 656 956 ὸ
677 927 819 965 κλαυθμὸς,
837 928 880 956 καὶ
894 928 908 956 ὁ

81 974 205 1013 βρδγμδς
229 975 282 1001 τῶν
310 971 434 1001 ὀδόντων·
481 972 544 1000 ὅταν
572 971 671 1010 ὄψησθε
703 971 834 1013 Ἀϐραὰμ,
865 973 908 1001 καὶ

82 1018 190 1055 Ἰσαὰκ,
219 1020 264 1047 καί
291 1016 397 1057 Ἰακὼϐ,
427 1017 471 1045 καὶ
498 1017 599 1049 πάντας
628 1017 688 1049 τοὺς
718 1018 855 1058 προφήτας
881 1018 908 1046 ἐν

81 1068 119 1102 τῇ
156 1063 276 1102 βασιλείᾳ
310 1065 356 1090 τοῦ
383 1065 460 1094 Θεοῦ,
477 1063 544 1099 ὑμᾶς
569 1061 595 1091 δὲ
619 1061 830 1100 ἐκϐαλλομένους
847 1063 908 1096 ’ἐξωο

81 1110 130 1138 καὶ
165 1107 269 1142 ἥξουσιν
302 1107 355 1135 ἀπὸ
392 1107 541 1135 Ἀνατολῶν
568 1108 613 1136 καὶ
643 1109 766 1145 Δυσμῶν,
789 1108 834 1136 καὶ
854 1108 908 1137 ἀπὸ

85 1153 172 1193 Βοῤῥᾶ
199 1153 243 1181 καὶ
272 1152 367 1191 Νότου,
391 1152 435 1179 καὶ
450 1150 669 1187 ἀνακλιθήσονται
684 1151 711 1180 ἐν
727 1155 759 1188 τῇ
789 1152 908 1191 βασιλείᾳ

81 1201 133 1229 τοῦ
162 1198 239 1229 Θεοῦ.
271 1198 319 1226 Καὶ
356 1195 409 1225 ἰδοὺ
437 1197 501 1224 εἰσὶν
529 1196 639 1237 ἔσχατοι
654 1197 681 1226 οῗ
713 1196 815 1226 ἔσονται
831 1198 907 1237 πρῶ-

82 1255 140 1281 τοι,
179 1243 224 1271 καί
236 1243 285 1271 εἰσι
300 1244 400 1281 πρῶτοι
417 1241 444 1269 οῗ
459 1241 563 1269 ἔσονται
588 1241 711 1282 ἔσχατοι.
737 1254 750 1269 ι
769 1241 868 1281 Ὀλίγοι
883 1242 907 1270 οἱ

83 1288 231 1325 σωζόμενοι
260 1286 345 1314 διὰτὸ
360 1285 398 1323 μὴ
420 1285 553 1325 ἐγχωρεῖν
582 1285 695 1318 πολλοὺς
719 1285 837 1319 δέξασθαι
857 1287 906 1320 τὴν

83 1334 192 1368 στενήν·
223 1331 292 1360 ἔστιν
321 1332 364 1359 οὖν
393 1332 407 1359 ὁ
435 1329 622 1364 οἰκοδεσπότης
651 1332 665 1359 ὁ
680 1330 787 1370 Κύριος,
804 1342 905 1370 συγκα-

84 1378 175 1406 λεϊται
205 1376 232 1405 δὲ
260 1376 361 1408 πάντας
397 1375 547 1414 ἀνθρώπους
576 1375 612 1406 εἰς
641 1375 766 1413 ἑστίασιν,
783 1376 906 1404 καὶάπό-

84 1425 179 1460 λαυσιν
207 1426 260 1452 τῶν
294 1421 468 1457 άδαπανήτων
483 1422 599 1460 ἀγαθῶν·
617 1421 673 1450 ὅσοι
689 1423 738 1460 μὲν
761 1427 805 1452 05v
820 1434 906 1451 unou-

85 1459 167 1498 ὄνοι¹
195 1468 259 1508 ἄχρι
285 1468 329 1496 καὶ
354 1468 403 1501 τῆς
430 1470 476 1495 τοῦ
498 1466 604 1505 ἀρίστου)
624 1467 694 1505 ὥρας
719 1467 907 1503 σπουδάζουσιν

86 1513 228 1544 εἰσελθεῖν.
259 1511 345 1542 ’Ὅσοι
373 1510 401 1539 δὲ
430 1511 610 1551 νωθρέσεεροι,
636 1514 680 1540 καὶ
694 1513 761 1549 μετὰ
792 1514 841 1546 τὴν
861 1514 908 1541 τοῦ

85 1560 193 1600 ἀρίστου
218 1558 289 1598 ὥραν
312 1556 465 1597 ἐρχόμενοι,
495 1555 691 1586 ἆπογλεὶονται.
707 1557 751 1589 Τίς
773 1556 800 1585 δέ
816 1558 833 1591 ἡ
851 1559 906 1596 ὥρα

84 1604 132 1632 τοῦ
159 1603 276 1643 dictum,
306 1601 324 1634 ἦ
358 1602 372 1628 ὁ
406 1601 495 1640 παρὼν
516 1601 572 1638 βίος
586 1610 593 1638 ς
609 1603 690 1635 Οὗτος
712 1602 762 1642 γὰρ
786 1603 866 1635 ὅντως
893 1604 906 1631 ὸ

82 1649 177 1688 καιρὸς
211 1647 317 1686 ἄριστον
359 1646 396 1677 εἰς
417 1645 466 1679 τὴν
493 1644 557 1685 πρὸς
573 1647 603 1674 τὸ
620 1647 771 1680 eameam
786 1658 907 1684 πνενμα-

82 1694 161 1727 τικήν
188 1692 352 1730 ἑτοιμασίαν,
381 1689 442 1731 Ἀφ’
470 1692 499 1718 οὗ
532 1690 617 1719 τοίνυν
644 1690 738 1730 ἐγερθῇ
763 1692 776 1719 ὁ
803 1691 905 1720 οἰκοδε-

83 1738 200 1774 σπότης,
232 1735 379 1776 τουτέστιν,
414 1736 449 1768 εἰς
481 1736 564 1774 κρίσιν
591 1734 734 1774 ἱξαναστῇ,
762 1737 805 1764 καὶ
833 1736 905 1765 ἀπο-

83 1782 180 1816 κλείση
207 1782 256 1815 τὴν
290 1782 379 1821 θύραν,
396 1781 446 1814 τὴν
461 1781 509 1814 τῆς
525 1781 632 1820 ἀρετῆς,
648 1781 729 1820 φημὶ,
753 1779 823 1818 ὁδὸν,
848 1781 906 1814 ἣτις

84 1828 154 1864 μετὰ
188 1828 238 1860 τὴν
267 1826 382 1854 ἐντεῦθεν
397 1824 541 1853 ἀποϐίωσιν
570 1824 621 1854 οὐχ
652 1824 780 1853 ὁδεύεται·
818 1825 845 1853 ἰν
871 1828 909 1862 τῷ

83 1872 134 1910 βίῳ
158 1871 208 1910 γάρ
243 1872 316 1898 οὖσιν
351 1870 419 1907 ἡμῖν
433 1869 548 1897 ὁδεύεται
563 1869 580 1903 ἡ
596 1870 645 1902 τῆς
659 1869 754 1909 ἀρετῆς
769 1868 841 1901 ὁδός·
859 1868 909 1908 ἃρ-

84 1927 182 1956 χονται
212 1915 260 1953 μὲν
297 1916 321 1944 σὶ
345 1914 521 1953 ἀμελέστερον
536 1914 645 1942 ἐνταῦθα
671 1915 798 1950 ζήσαντες
827 1915 907 1954 κρού-

83 1972 124 1989 ειν
149 1960 199 1994 τὴν
228 1960 315 2000 θύραν·
348 1959 408 1988 τότε
443 1960 492 1997 γὰρ
522 1958 555 1992 δὴ
570 1959 630 1987 τότε
652 1958 694 1987 διὰ
714 1962 763 1993 τῆς
780 1959 906 1994 ἀνονήτου

83 2005 225 2044 μετανοίας
252 2005 301 2038 τὴι
335 2006 384 2038 τῆς
400 2004 496 2043 ἀρετῆς
525 2003 585 2032 ὁδὸν
624 2005 780 2039 ὰναζητοῡσι
815 2003 906 2044 λόγοις

84 2050 192 2090 ψιλιῖς,
222 2050 282 2078 οἶόν
318 2060 374 2077 τισι
395 2049 499 2088 κρότοις
514 2050 557 2077 καὶ
573 2050 680 2080 κτύποις
696 2048 905 2087 ἀνακαλούμενοι

84 2088 195 2129 ταύτηνξ
230 2097 283 2123 τῶν
301 2093 384 2134 ἔργων
399 2093 531 2125 ἁπάντων,
550 2088 578 2122 ’0
600 2092 628 2121 δὲ
642 2092 831 2127 οἰκοδεσπότης
855 2093 906 2128 ἤδη

84 2139 194 2172 δικαίως
229 2138 399 2176 ἀποκλείσας,
429 2145 616 2178 προσποιεῖται
653 2137 721 2175 μηδὲ
747 2137 840 2166 εἰδέναι
856 2139 908 2167 πά-

84 2188 129 2214 θεν
163 2185 237 2213 εἰσίν·
275 2183 393 2218 εἰκότως,
429 2184 476 2211 εἶσὶ
492 2184 541 2219 μὲν
563 2183 611 2223 γὰρ
628 2183 658 2211 ἐκ
678 2187 724 2211 τοῦ
737 2181 870 2220 διαϐόλου,
894 2183 908 2211 ὁ

85 2231 114 2259 δὲ
151 2230 244 2269 Κύριος
258 2229 317 2261 τοὺς
331 2227 408 2259 ὄντας
436 2228 515 2256 αὐτοῦ
534 2228 670 2267 γινώσκει.
687 2228 723 2256 Τὸ
733 2226 773 2263 δὲ,
790 2227 907 2267 Ἐφάγο-

84 2286 134 2313 μεν
166 2275 209 2302 καὶ
246 2273 354 2311 ἐπίομεν
370 2273 481 2301 ἐνώπιόν
497 2283 555 2309 σου,
577 2273 620 2301 καὶ
642 2272 669 2300 ἐν
684 2278 745 2303 ταῖς
769 2271 906 2305 πλατείαις

83 2322 163 2358 ἡμῶν
191 2318 318 2355 ὶδίδαξας,
355 2319 399 2345 καὶ
425 2317 516 2349 ﬁdem
547 2318 595 2355 μὲν
630 2317 713 2349 οὕτως
746 2317 811 2355 πρὸς
846 2318 906 2350 τοὺς

140 2363 248 2404 Ἰσραὴλ
277 2362 393 2402 λέγεται.
433 2363 480 2391 Καὶ
509 2363 558 2401 γὰρ
583 2361 609 2395 ἐξ
644 2363 729 2390 αὐτῶν
758 2362 771 2389 ὁ
795 2363 906 2401 Χριστὸς

773 2417 904 2438 συνεπινε,

82 2364 108 2393 ἐξ

97 2388 109 2398 Ἰ

84 2409 153 2438 κατὰ
183 2408 278 2447 σάρκα,
309 2409 350 2435 καὶ
388 2408 477 2438 αὖτοῒς
516 2408 637 2442 συνήσθιε
675 2408 718 2435 καὶ

84 2454 159 2488 Πλὴν
187 2453 255 2481 ἀλλὰ
276 2453 319 2480 καὶ
334 2451 499 2490 ὑψηλότερον
516 2451 620 2479 δύναται
636 2453 765 2485 νοηθῆναι
782 2452 824 2490 τὸ,
842 2451 904 2479 Ἐν-

83 2499 169 2528 ώπιόν
203 2509 250 2526 σοι)
276 2496 407 2538 ἐφάγομεν
435 2498 478 2525 καὶ
512 2496 630 2534 ἐπίομεν·
661 2497 709 2530 τὴν
730 2498 780 2536 γὰρ
795 2498 907 2535 νομικὴν

83 2542 224 2574 τελοῦντες
257 2541 393 2581 λατρεϊαν,
422 2542 466 2569 καὶ
502 2541 722 2578 προσκομίζοντες
737 2544 775 2578 τῷ
788 2544 846 2578 Θεῷ
859 2542 907 2573 τὰς

83 2587 117 2616 δι’
140 2587 256 2625 αἳματος
271 2587 369 2621 θυσίας,
387 2586 478 2621 ἢσθιον
502 2597 545 2614 και
571 2586 756 2625 ηὔφραίνοντο,
772 2585 908 2625 ἠκροῶντο

83 2632 111 2661 δὲ
138 2633 183 2660 καὶ
197 2632 250 2660 τῶν
265 2632 340 2660 θείων
355 2630 453 2670 βίϐλων
467 2632 493 2659 'sv
517 2637 578 2663 ταῖς
600 2637 780 2669 συναγωγαῖς.
797 2631 906 2664 Πάντως

83 2678 133 2718 γὰρ
161 2677 176 2705 ὁ
205 2677 298 2716 Κύριος
327 2676 371 2705 καὶ
387 2675 429 2704 διὰ
452 2679 505 2704 τῶν
541 2678 684 2715 προφητῶν
708 2674 851 2703 ἐδίδασκεν
877 2677 907 2704 οὐ

82 2723 133 2762 γὰρ
168 2722 202 2750 τὰ
217 2723 317 2750 ἑαυτῶν
332 2722 356 2749 οἱ
371 2723 504 2762 προφῆται
527 2722 704 2760 προετίθεσαν,
729 2719 796 2748 ἀλλὰ
811 2721 843 2748 τὰ
860 2724 907 2749 τοῦ

83 2770 149 2796 Θιοῦ
169 2766 347 2808 ὑπηγόρευον,
369 2765 409 2795 διὸ
422 2767 466 2794 καὶ
481 2765 585 2805 ἔλεγον,
602 2764 667 2796 Τάδε
701 2765 776 2805 λέγει
799 2765 905 2805 Κύριος,

84 2813 183 2842 Οὔκουν
205 2811 301 2852 ἥργισε
335 2818 395 2844 τοῖς
418 2810 603 2844 Ἰουδαίοιςιεῐς
632 2809 797 2844 δικαίωσινὴ
814 2808 849 2839 δι’
864 2811 904 2838 αἳ-

992 430 1084 462 VEns.
1100 431 1204 463 23-30.
1221 432 1287 464 «Ait
1301 435 1400 463 autem
1417 433 1459 464 illi
1476 434 1595 474 quidam
1613 444 1619 463 :
1637 433 1777 468 Domine,

951 484 988 505 an
1004 476 1090 515 pauci
1105 480 1173 507 sunt
1185 476 1236 517 qui
1248 477 1372 507 salutem
1385 477 1620 519 consequuntur?
1640 477 1692 509 Ille
1707 486 1775 508 vero

950 519 1025 551 dixit
1038 519 1074 550 ad
1085 520 1344 553 illos:Contendite
1360 523 1471 554 intrare
1486 532 1538 562 per
1545 527 1697 562 angustam
1710 531 1776 563 por-

951 569 1020 605 tam,
1037 565 1105 606 quia
1132 565 1228 606 multi,
1243 565 1309 597 dico
1331 566 1426 604 vobis,
1443 571 1576 607 quaerent
1599 568 1724 607 intrare,
1747 571 1776 598 et

950 618 1009 639 non
1024 611 1251 648 poterunt.Cum
1262 615 1361 641 autem
1379 616 1569 651 experrectus
1580 612 1775 652 fueritpater-

951 653 1121 689 familias,et
1131 655 1269 686 clauserit
1281 655 1388 686 ostium
1396 659 1436 689 .et
1446 656 1595 696 cmperitis
1603 656 1673 686 foris
1685 660 1774 693 stare,

951 702 980 730 et
997 698 1114 738 pulsare
1129 699 1397 735 ostium,dicentes:
1415 700 1775 740 Domine,Domine,aperi

952 743 1081 774 nobis:et
1095 744 1281 784 respondens
1295 744 1374 776 dicet
1385 745 1486 776 vobis:
1500 744 1605 776 Nescio
1624 754 1676 775 vos
1697 745 1777 776 unde

951 787 1016 817 sitis
1031 796 1039 819 :
1057 791 1126 819 tunc
1141 788 1293 829 inci‘pietis
1311 789 1428 821 dicere:
1443 789 1565 820 Edimus
1576 797 1675 821 coram
1691 793 1730 826 te,
1748 793 1775 820 et

950 831 1124 873 bibimus,et
1134 833 1164 863 in
1177 833 1282 873 plateis
1299 834 1409 865 nostris
1424 834 1601 866 docuisti.Et
1612 833 1776 865 dicet:Dico

950 875 1150 917 vobis,nescio
1166 887 1217 908 vos
1232 878 1311 908 unde
1326 878 1391 909 sitis
1407 878 1556 910 Discedite
1570 887 1588 910 a
1599 887 1658 916 me,
1671 887 1776 909 omnes

920 919 938 944 Β
950 921 1000 961 qui
1011 922 1131 961 patratis
1147 922 1343 962 iniquitatem.
1362 923 1405 954 lbi
1430 923 1487 954 erit
1501 923 1598 960 ﬂetus,
1623 927 1651 953 et
1665 922 1776 953 stridor

950 964 1167 1005 dentium,cum
1182 965 1316 997 videbitis
1331 966 1525 1004 Abraham,et
1537 968 1660 1004 Isaac,et
1669 966 1774 1004 Jacob,

951 1012 980 1039 et
994 1018 1099 1040 omnes
1115 1010 1275 1050 prophetas
1290 1011 1319 1041 in
1337 1020 1428 1050 regno
1445 1010 1509 1049 Dei,
1526 1021 1576 1042 vos
1604 1016 1703 1042 autem
1720 1021 1773 1042 ex-

951 1052 1022 1093 pelli
1036 1053 1124 1084 foras.
1139 1054 1176 1085 Et
1187 1055 1306 1086 venient
1330 1055 1366 1086 ab
1381 1054 1504 1087 Oriente
1515 1060 1544 1086 et
1555 1056 1729 1095 Occidente,
1746 1061 1775 1087 et

951 1098 1100 1138 Aquilone
1111 1102 1141 1129 et
1156 1102 1275 1136 Austro,
1291 1104 1319 1131 et
1331 1100 1509 1132 accumbent
1529 1101 1559 1131 in
1593 1109 1685 1140 regno
1706 1100 1772 1132 Dei.

949 1141 984 1172 Et
999 1152 1070 1174 ecce
1095 1148 1163 1174 sunt
1187 1145 1340 1184 postremi,
1357 1145 1406 1185 qui
1421 1149 1509 1176 erunt
1537 1145 1644 1185 primi:
1662 1149 1776 1176 etsunt

950 1186 1051 1225 primi,
1068 1187 1218 1229 quierunt
1235 1190 1384 1229 postremi.
1394 1191 1501 1221 nPauci
1513 1196 1583 1220 sunt
1593 1190 1642 1230 qui
1655 1190 1772 1221 salvan-

949 1235 1009 1269 tur,
1026 1241 1060 1262 eo
1072 1232 1149 1273 quod
1164 1239 1287 1273 augusta
1300 1233 1345 1264 via
1361 1234 1468 1264 multos
1492 1243 1551 1264 non
1567 1235 1702 1274 recipiat.
1721 1234 1774 1265 Est

948 1280 1046 1308 autem
1057 1277 1201 1309 Dominus
1217 1279 1440 1319 paterfamilias,
1452 1278 1502 1318 qui
1514 1283 1655 1309 convocat
1669 1287 1774 1311 omnes

948 1321 1084 1352 homines
1100 1322 1137 1353 ad
1163 1322 1319 1362 prandium
1347 1327 1376 1354 et
1400 1324 1573 1354 fruitionem
1590 1328 1771 1355 aeternorum

947 1365 1104 1396 bonorum.
1124 1367 1236 1399 Omnes
1252 1367 1353 1408 itaque
1375 1368 1481 1398 virtute
1497 1368 1613 1408 praediti
1629 1377 1723 1408 usque
1735 1369 1771 1399 ad

948 1411 1065 1451 prandii
1086 1416 1202 1452 tempus
1225 1413 1403 1444 studuerunt
1433 1413 1544 1444 intrare
1564 1423 1571 1443 :
1590 1421 1694 1445 omnes
1718 1423 1773 1444 au-

949 1459 1008 1485 tem
1024 1455 1165 1487 desidiosi
1180 1461 1210 1488 et
1224 1457 1332 1496 ignavi,
1359 1457 1409 1497 qui
1429 1462 1498 1498 post
1523 1461 1639 1498 tempus
1655 1458 1771 1498 prandii

947 1505 1105 1539 venerunt,
1120 1502 1328 1533 excluduntur.
1348 1502 1427 1533 Hora
1441 1506 1541 1533 autem
1561 1501 1676 1542 prandii
1692 1512 1769 1542 prie-

948 1553 1017 1575 sens
1031 1545 1090 1576 vita
1105 1550 1158 1577 est.
1185 1545 1248 1577 Hoc
1262 1546 1342 1577 enim
1357 1552 1474 1587 tempus
1491 1547 1591 1588 utique
1612 1547 1767 1587 prandium

916 1585 936 1610 C
948 1592 988 1626 et,
1005 1599 1063 1627 quo
1077 1600 1276 1631 praeparamur
1291 1585 1477 1632 utspirituali
1492 1585 1625 1623 convivio
1641 1592 1768 1632 excipia-

949 1643 1024 1664 mur.
1044 1634 1117 1665 Cum
1132 1640 1230 1666 autem
1246 1637 1469 1676 expergefactus
1492 1636 1581 1667 fuerit
1596 1636 1767 1677 paterfami-

947 1678 1012 1716 lias,
1026 1679 1082 1709 hoc
1093 1684 1147 1717 est,
1163 1680 1200 1711 ad
1216 1681 1362 1720 judicium
1386 1681 1561 1718 surrexerit,
1577 1691 1611 1712 ac
1629 1682 1772 1713 clauserit

944 1723 1196 1764 januam,virtutis
1207 1725 1274 1756 dico
1290 1726 1377 1764 viam,
1390 1735 1476 1766 quam
1493 1726 1610 1766 ingredi
1625 1736 1683 1758 non
1700 1737 1771 1767 pos-

949 1776 1051 1799 sumus
1063 1773 1216 1809 postquam
1229 1770 1298 1801 hinc
1307 1770 1683 1812 emigraverimuszquando
1692 1771 1772 1802 enim

950 1813 979 1843 in
991 1813 1048 1844 vita
1059 1815 1247 1855 sumus,iniri
1259 1820 1355 1856 potest
1363 1816 1408 1846 via
1418 1816 1772 1857 virtutis:incipiuntqui-

950 1857 1018 1888 dem
1033 1862 1103 1890 tunc
1117 1858 1148 1889 bi
1164 1860 1213 1899 qui
1237 1860 1431 1900 negligentius
1444 1870 1474 1891 In
1490 1862 1545 1892 hac
1559 1861 1617 1891 vita
1631 1862 1770 1899 vixerint,

951 1903 1069 1943 pulsare
1081 1903 1216 1943 januam,
1234 1909 1315 1942 tunc,
1332 1905 1466 1945 inquam,
1484 1909 1554 1936 tunc
1570 1914 1623 1946 per
1635 1905 1770 1937 inutilem

949 1947 1154 1988 paenitentiam
1166 1948 1281 1979 virtutis
1293 1949 1367 1980 viam
1383 1950 1551 1990 requirunt,
1569 1949 1659 1981 nudis
1674 1949 1771 1980 verbis

948 1992 1032 2033 quasi
1047 1992 1261 2032 pulsationibus
1277 1994 1487 2034 etstrepitibus
1495 1994 1672 2034 quibusdam
1683 2003 1772 2025 revo-

948 2041 1050 2068 cantes
1076 2037 1175 2075 illam,
1206 2039 1349 2079 operibus
1379 2043 1478 2070 tamen
1505 2045 1654 2071 carentes.
1686 2039 1772 2070 Pater

949 2091 1020 2114 vero
1033 2082 1157 2113 familias
1173 2092 1239 2114 cum
1252 2093 1303 2114 eos
1316 2085 1398 2123 juste
1418 2084 1590 2124 excluserit,
1605 2083 1774 2114 dissimulat

950 2127 1027 2159 scire
1037 2127 1115 2158 unde
1130 2127 1201 2166 sint,
1218 2133 1247 2159 et
1259 2129 1365 2160 merito
1382 2139 1389 2159 :
1407 2133 1477 2160 sunt
1488 2130 1565 2159 enim
1582 2138 1617 2160 ex
1627 2128 1744 2159 diabolo
1764 2139 1772 2158 :

950 2172 1095 2204 Dominus
1114 2180 1213 2204 autem
1235 2174 1386 2213 cognoscit
1401 2182 1483 2205 suos.
1501 2173 1563 2205 Hoc
1578 2179 1677 2205 autem
1693 2173 1772 2214 quod

951 2218 1040 2250 dicit:
1058 2218 1247 2249 Comedimus
1266 2222 1296 2249 et
1311 2218 1442 2249 bibimus
1457 2227 1556 2249 coram
1574 2223 1646 2255 te,et
1661 2218 1691 2249 in
1707 2219 1773 2259 pla-

919 2271 939 2296 ο
950 2263 1004 2295 teis
1014 2262 1124 2293 nostris
1134 2262 1278 2294 docuisti:
1289 2263 1465 2303 simpliciter
1475 2263 1595 2303 quidem
1607 2263 1643 2293 ad
1653 2263 1772 2294 Israeli-

949 2314 992 2340 tas
1008 2307 1248 2339 dicitur.Etenim
1262 2309 1406 2340 Dominus
1417 2319 1451 2340 ex
1465 2310 1536 2340 590
1547 2309 1619 2349 ipsis
1631 2314 1718 2340 natus
1729 2314 1775 2341 est

948 2353 1112 2386 secundum
1129 2359 1295 2392 carnem,et
1310 2364 1378 2386 cum
1394 2355 1440 2386 eis
1453 2356 1585 2386 comedit
1600 2365 1633 2386 ac
1649 2355 1775 2386 hilait.Et

949 2403 1044 2440 potest
1058 2399 1145 2430 etiam
1170 2399 1327 2431 sublimius
1349 2400 1613 2440 inlelligi:Coram
1627 2404 1655 2430 te
1670 2409 1773 2431 come-

948 2445 1046 2476 dimus
1063 2448 1092 2475 et
1102 2444 1390 2485 bibimus.Legalem
1408 2445 1486 2476 enim
1504 2445 1693 2486 perﬁcientes
1708 2445 1774 2475 cul—

950 2494 1022 2526 tum,
1040 2493 1069 2520 et
1083 2489 1242 2520 offerentes
1256 2491 1319 2522 Deo
1330 2494 1454 2521 cruenta
1462 2490 1618 2531 sacriﬁcia,
1629 2488 1774 2520 comede-

947 2539 1017 2566 runt
1032 2539 1061 2565 et
1075 2533 1164 2565 laetati
1180 2535 1419 2567 suntzaadierunt
1434 2538 1532 2566 autem
1554 2534 1670 2565 divinos
1681 2533 1775 2564 libros

949 2583 978 2611 in
994 2578 1290 2620 synagogisﬂmnino
1303 2580 1381 2610 enim
1399 2584 1429 2611 et
1444 2589 1496 2620 per
1507 2578 1771 2620 prophetasDomi-

950 2635 1005 2656 nus
1012 2623 1226 2665 docuit.Neque
1233 2625 1312 2656 enim
1326 2625 1476 2666 prophetae
1487 2634 1538 2654 sua
1551 2624 1683 2665 ipsorum
1695 2623 1773 2654 dicta

948 2668 1153 2712 proferebant,
1168 2669 1221 2700 sed
1235 2669 1334 2701 divina
1349 2668 1551 2710 praedicabant
1564 2679 1570 2700 :
1590 2672 1774 2709 quapropter

948 2719 979 2746 et
989 2714 1209 2747 dicebantzﬂaec
1219 2714 1290 2747 dicit
1301 2714 1455 2746 Dominus.
1469 2713 1532 2745 Non
1540 2714 1631 2755 igitur
1642 2713 1773 2745 sufﬁcie—

948 2759 997 2791 bat
1006 2758 1118 2791 Iudaeis
1126 2758 1162 2790 ad
1169 2759 1412 2799 justiﬁcationem
1420 2759 1516 2791 cultus
1523 2759 1573 2791 ille
1583 2768 1635 2801 per
1647 2757 1773 2797 sangui~

947 2807 993 2838 nis
1011 2804 1198 2842 effusionem,
1215 2813 1274 2836 non
1289 2804 1451 2837 accedente
1469 2803 1536 2843 ﬁde,
1552 2814 1619 2846 quae
1629 2802 1773 2845 justiﬁcat
