1966 3076
63 159 118 192 9ἳ9

411 159 632 193 ΕΝΑΗΒΑΤΙΟ
654 160 694 192 IN
719 160 898 192 EVANGEL

997 158 1115 190 LUCxE.
1139 175 1176 181 —-
1197 157 1279 190 CAP.
1304 157 1384 190 XIV.

1688 158 1749 191 930

63 227 207 267 Φαρισαίων
235 227 252 256 ὅ
287 228 390 268 Κύριος,
427 228 501 266 ὅμως
512 228 584 257 εἰσίει
600 229 636 261 εἷς
648 229 708 260 τοὺς
724 228 816 260 οἴκους
833 227 881 255 αὖ·
895 233 901 254 l

971 235 1004 255 tm
1016 226 1042 256 ei
1055 224 1290 255 eratanimarum
1301 224 1456 261 utilitas,et
1466 228 1622 264 propterea
1636 225 1748 262 ingres-

63 275 121 301 τῶν
151 272 281 312 ὠφελείας
305 274 355 312 γὰρ
370 276 467 313 ψυχῶν
491 274 636 314 ἱφρόντιζε,
660 274 703 302 καὶ
733 272 774 301 διὰ
803 275 881 301 τοῦτο

63 318 213 356 είσήρχετοο
246 317 263 351 ἤ
293 319 344 357 γὰρ
379 318 409 346 ἐκ
445 317 526 357 λόγου
541 319 585 346 καὶ
601 317 782 353 διδασκαλίας,
808 317 825 350 ἧ
853 316 882 344 ἐκ

63 363 177 399 σημείων
214 360 361 394 ἐπιδείξεως
404 361 512 391 δτνατὸν
540 363 573 397 ἦν
596 363 686 395 αὐτοῦς
707 361 880 402 ὠφελεῖσθαι,

63 406 118 444 εἴγε
142 404 298 439 ἠϐούλοντο.
322 406 499 446 Παρελθόντος
516 408 560 435 οὖν
588 408 624 439 εἷς
639 406 721 445 μέσον
736 411 782 436 τοῦ
795 405 881 445 ὑδρω-

63 453 147 487 πικοῦ,
179 450 194 478 ὁ
225 450 317 489 Κύριος
334 452 364 479 οὗ
379 454 456 479 τοῦτο
472 451 634 488 ἐσκόπησεν,
650 450 723 483 ὅπως
744 451 783 487 μὴ
797 461 881 478 σκαν-

63 493 152 532 δαλίσῃ
181 495 288 532 αὐτοὺς,
313 494 374 524 ἀλλ’
404 495 476 528 ὅπως
498 496 658 536 εὖεργετήσῃ
682 495 725 523 τὸν
745 495 882 534 θεραπείας

63 538 196 576 δεόμενον.
236 544 284 567 Δεῖ
311 540 361 579 γὰρ
385 540 470 577 ἡμᾶς,
494 539 554 568 ἔνθα
592 540 707 580 ὠφέλεια
741 540 882 568 ἆνακύπτει

65 582 132 620 μάλα
157 583 259 623 πολλὴ,
297 584 336 621 μὴ
361 585 506 623 φροντίζειν
521 587 575 612 τῶν
603 584 724 620 ἀνοήτως
747 583 885 612 σκανδαλι-

65 627 189 664 ζομένων,
221 628 346 668 Ἐλέγχει
375 627 402 656 δὲ
427 629 477 662 τὴν
501 628 650 669 ἀφροσύλγμ
679 632 731 657 τῶν
759 627 884 666 ἰγκαλετν

65 670 213 708 μελλόντων
246 672 329 712 αὒτῷ,
358 671 399 700 διὸ
432 674 475 701 καὶ
497 673 593 722 ἐρωτᾷ,
612 674 640 702 Εἰ
662 672 743 706 ἔξεστι
756 676 796 710 τῷ
810 671 883 700 Σαϐ-

65 714 132 752 ϐάτῳ
165 717 329 756 θεραπεύειν,
363 717 381 751 ἢ
403 717 434 746 οὔ
458 728 466 753 ς
497 714 564 754 ἿΑρα
592 718 642 758 γὰρ
683 720 712 747 οὐ
744 719 884 757 προφανῶς

66 760 195 800 καταγελᾷ
223 761 311 789 αὒτὼν
331 763 368 794 ὡς
389 762 509 797 ἀνοήτων
528 772 536 799 ;
551 762 609 802 εἴγε
624 765 671 791 τοῦ
686 766 752 791 Θεοῦ
765 763 795 790 τὸ
811 760 885 789 Σάῆ-

66 804 140 834 6ατον
171 805 380 845 εὖλογήσαντος,
417 808 488 836 αὖτοὶ
527 806 674 836 κωλύουσιν
714 807 885 846 ὰγαθοποιεῐν

67 850 91 877 ἰν
117 850 214 889 τούτῳ,
239 851 283 878 καὶ
307 854 427 879 ποιοῦσιν
458 852 520 880 αὒτὸ
549 851 656 884 πάντως
673 851 886 888 ἆπικατᾶρατονς

69 889 97 922 Ἠ
121 895 170 933 γὰρ
191 894 278 934 ἡμέρα
313 896 330 929 ἠ
366 894 448 933 μηδὲν
479 895 552 935 ἔργον
575 896 673 935 ἀγαθὸν
695 895 885 935 ἑπιδεχομένη,

68 940 112 967 οὒκ
138 938 318 978 ειῦλογημένη,
356 939 432 968 Ἀλλ’
460 941 531 968 οὗτοί
545 951 575 980 γε
598 941 704 979 γνόντες
731 940 792 968 ὅποι
816 939 887 980 φέρει

68 984 96 1011 τὸ
122 982 260 1022 ἐρώτημα,
290 984 443 1025 ἠσύχασαν·
468 985 529 1013 τότε
545 985 578 1019 δὴ
593 986 607 1013 ὁ
624 985 728 1019 Ἰησοῦς
744 986 773 1013 τὸ
788 985 888 1013 οἰκεῖον

69 1034 149 1066 ποιεῖ,
178 1029 223 1056 καὶ
251 1027 294 1056 διὰ
328 1029 375 1063 τῆς
408 1030 563 1069 ἆφῆςῑᾶται
580 1031 626 1058 τὸν
655 1029 801 1068 ἄνθρωπον·
826 1029 888 1057 εἶτα

69 1073 109 1100 καὶ
135 1073 196 1104 τοὺς
228 1074 385 1112 Φαρισαίους
415 1073 534 1113 ἐντρέπει
548 1073 590 1102 διὰ
614 1075 718 1115 τούτου,
744 1075 888 1113 μονονουχὶ

70 1121 172 1147 τοιαῦτα
186 1117 273 1156 λέγων
300 1119 402 1150 αὐτοῖς·
432 1119 460 1147 Εἰ
485 1119 634 1147 κεκώλυκεν
649 1120 662 1147 ὁ
692 1119 773 1156 νόμος
801 1117 888 1146 ἐλεεῖν

71 1161 94 1189 iv
123 1160 263 1200 Σαϐϐάτῳ,
293 1163 332 1200 μὴ
368 1163 510 1203 φροντίσῃς
554 1165 607 1192 υἱοῦ
641 1163 834 1196 κινδυνεύοντος
862 1162 889 1190 ἐν

71 1205 195 1243 Σαϐϐάτῳ
221 1216 229 1243 ;
246 1208 295 1236 Καὶ
309 1208 334 1235 τί
347 1207 417 1247 ὶέγω
430 1210 485 1236 οἱοῦ
501 1219 510 1243 ;
526 1209 591 1236 ὃπου
613 1207 670 1237 033‘s
686 1209 747 1245 βοῦν
767 1207 888 1242 ἀὸοήθη-

70 1261 113 1278 τον
138 1251 309 1289 καταλείψεις
324 1252 346 1279 εί.
374 1251 554 1281 κινδυνεύεντα
568 1252 656 1291 ὄψεις
683 1255 741 1284 ιΙὼς
769 1252 813 1280 οὖν
843 1253 890 1281 οὒκ

71 1295 179 1329 ἀνόητον
206 1299 416 1336 παρατηρεῖσθαι
445 1299 495 1330 τήν
515 1301 562 1325 τοῦ
589 1297 736 1335 ὑδρωπικοῦ
750 1297 888 1336 θεραπείαν

71 1338 96 1366 ἔν
120 1338 275 1378 Σαϐϐἀτῳ;
308 1337 468 1380 ’Υδρωπικός
495 1343 549 1370 εστι
565 1342 609 1370 καὶ
637 1346 689 1374 πᾶς
722 1342 749 1374 ὅς
779 1340 821 1370 διὰ
842 1344 889 1370 τοῦ

71 1383 207 1421 ἀνειμένου
241 1385 298 1424 βίου
338 1386 382 1414 καὶ
407 1387 486 1425 ὑγροῦ
510 1387 578 1414 κατὰ
594 1387 686 1426 ψυχὴν
708 1387 822 1421 νοσήσας
835 1385 890 1414 Su.

69 1430 130 1469 νῶς,
160 1427 247 1457 δεῖται
277 1433 397 1469 Χριστοῦ,
414 1431 506 1459 οὐκοῦν
533 1431 576 1459 καὶ
612 1432 845 1471 θεραπευθήσεται,
866 1431 888 1458 εί

71 1472 214 1513 ἶμπροσθεν
243 1477 356 1514 Χριστοῦ
385 1475 506 1514 γένηται,
541 1471 569 1504 Ὀ
598 1477 648 1515 γὰρ
663 1476 809 1515 ἔμπροσθεν
824 1478 889 1504 Θεοῦ

71 1519 136 1546 εἶναι
165 1519 263 1547 ἦννοιῖιν
289 1519 341 1556 ἀεὶ,
369 1521 413 1548 καὶ
435 1518 496 1560 παρ’
519 1520 597 1550 αὖτοῦ
625 1521 743 1560 ὁρᾶσθαι,
759 1519 890 1560 ιλάχιστα

71 1561 172 1602 ἆμαρτή
177 1573 248 1591 τεται
253 1587 261 1595 ,

113 1618 128 1634 α
162 1607 268 1647 ’Ἔλεγε
301 1607 328 1636 δὲ
349 1609 415 1648 πρὸς
436 1610 496 1642 τοὺς
518 1609 698 1647 κεκλημενους
722 1608 919 1651 παραϐολὴν,ε

71 1651 175 1692 ὶπέχων
210 1655 269 1685 πῶς
300 1653 347 1694 τὰς
385 1653 578 1692 πρωτοκλισίας
618 1653 780 1694 ἱξελέγοντο,
805 1654 890 1693 λέγων

73 1697 134 1735 πρὸς
162 1698 270 1729 αὐτοὺς·
302 1693 394 1726 ’Ὅταν
422 1698 523 1737 κληθῇς
536 1699 586 1727 ὑπό
601 1710 672 1732 τινος
687 1700 724 1732 εἷς
739 1699 838 1738 γάμον,
852 1698 891 1736 μὴ

73 1741 230 1780 κατακλιθῇς
255 1743 290 1774 είς
305 1742 355 1776 τὴν
375 1742 580 1782 πρωτοκλισίαν,
597 1744 700 1782 μήποτε
723 1743 890 1783 ὶντιμότερός

74 1795 118 1814 σου
185 1786 350 1824 κεκλημένος
375 1786 419 1815 ὑπ’
449 1788 538 1828 αὐτοῦ,
554 1789 598 1816 καὶ
611 1787 693 1816 ἒὶθών
709 1787 723 1816 ὁ
736 1787 765 1816 σέ
780 1789 824 1816 καὶ
840 1789 891 1817 αὖ-

74 1831 116 1858 xz»
143 1830 275 1870 καλέσας,
311 1831 368 1871 ips!
394 1843 448 1872 σοι,
479 1833 529 1864 Δὸς
560 1833 645 1869 τούτῳ
658 1833 752 1870 τόπον,
773 1833 817 1863 καὶ
831 1832 891 1860 τότε

75 1873 135 1913 ἄρξῃ
161 1876 221 1914 μετ’
237 1877 367 1916 αἰσχύνης
384 1878 430 1905 τὸν
445 1875 561 1917 ἔσχατον
582 1877 663 1906 τόπον
677 1877 815 1917 κατέχειν·
831 1875 892 1905 ἀλλ’

75 1919 134 1948 ὅταν
161 1921 277 1960 κληθῇς,
307 1921 441 1960 πορευθεὶς
467 1921 599 1951 ἀνάπεσον
631 1923 668 1954 εἷς
697 1922 741 1950 τὸν
777 1921 892 1962 ἔσχατον

75 1964 162 2002 τόπον,
177 1965 225 1994 ἵνα
238 1965 302 1994 ὅταν
323 1965 387 2003 ἔλθῃ
409 1966 423 1994 ὁ
441 1965 580 2000 κεκληκώς
596 1977 636 2007 σε,
665 1966 731 2004 εἴπῃ
746 1975 798 1995 σοι·
815 1965 891 2004 Φίλε,

74 2009 252 2048 προσανάϐηθι
282 2010 423 2050 ἀνώτερον·
452 2009 512 2039 τότε
529 2010 602 2039 ἔσται
626 2022 667 2040 σοι
696 2009 757 2043 δόξα
782 2011 895 2039 ἐνώπιον

75 2056 125 2081 τῶν
162 2054 391 2091 συνανακειμένων
426 2066 480 2093 σοι,
509 2055 549 2084 ὅτι
578 2058 633 2091 πῆς
662 2057 676 2084 ὁ
703 2057 777 2094 ὑψῶν
804 2056 895 2084 ἑαυτὸν

78 2100 316 2135 ταπεινωθήσεται.
334 2101 379 2128 καὶ
395 2100 550 2128 ὀταπεινῶν
579 2101 670 2129 ἑαυτὸν
684 2101 866 2139 ὑψωθήσεται.
880 2111 892 2129 ε

76 2143 151 2182 Ὀρᾷς
176 2145 211 2173 τὰ
253 2143 347 2173 δεῖπνα
382 2147 429 2173 υοῦ
458 2146 572 2184 Χριστοῦ
598 2146 665 2174 ποτά
679 2146 738 2174 τινα
765 2146 842 2186 εἶσιν,
858 2146 894 2177 εἷς

76 2188 202 2228 ὠφέλειαν
236 2191 344 2229 ψυχῶν,
370 2189 416 2218 οὒκ
444 2190 480 2221 εἷς
516 2190 593 2230 κόρον
608 2191 721 2230 γαστρὸς
746 2189 896 2230 καταστρέ-

922 279 972 300 sus
989 270 1219 302 estl’otuissent
1230 269 1309 300 enim
1325 269 1370 299 vel
1387 277 1421 298 ex
1438 269 1574 299 doctrina
1588 274 1618 299 et
1632 279 1747 300 sermo-

924 323 972 350 ne,
986 314 1031 344 vel
1049 323 1084 344 ex
1100 314 1271 344 ostensione
1286 313 1498 343 miraculorum
1514 313 1670 344 utilitatem
1684 324 1748 354 per-

923 358 1077 398 cepisse,si
1087 358 1205 397 quidem
1218 357 1484 388 voluissent.Porro
1494 367 1560 388 cum
1570 358 1599 388 in
1617 359 1746 389 medium

925 404 1053 433 venisset
1068 402 1260 443 hydropicus,
1278 411 1335 432 non
1356 403 1411 432 hoc
1427 402 1624 433 consideravit
1644 403 1748 434 Domi-

925 456 989 479 nus,
1005 447 1153 487 quomodo
1171 455 1227 478 non
1243 446 1408 477 oll‘enderet
1423 446 1514 486 ipsos,
1532 447 1583 478 sed
1600 448 1749 487 quomodo

925 496 1042 522 sanaret
1058 501 1124 522 eum
1142 492 1191 531 qui
1210 500 1282 522 cura
1297 500 1350 521 sua
1364 490 1654 531 iudigebat.0pnrtet
1670 493 1748 523 enim

926 546 980 566 nos
996 536 1046 566 uhi
1062 545 1166 575 magna
1179 539 1348 576 prospectat
1362 535 1475 566 utilitas
1491 545 1549 566 non
1565 545 1668 567 curare
1679 537 1750 567 insi-

926 581 1040 621 pientes
1061 580 1111 620 qui
1135 579 1382 610 scandalizentur.
1413 580 1511 618 Arguit
1542 586 1640 611 autem
1675 581 1748 612 insi-

927 625 1067 666 pientiam
1084 633 1186 655 eorum
1202 625 1253 664 qui
1278 625 1491 663 reprehensuri
1508 629 1604 663 erant,
1621 625 1748 666 ideoque

925 670 1102 709 interrogat:
1114 669 1234 700 Licetne
1251 668 1378 700 Sabbato
1404 678 1508 699 sanare
1527 678 1564 699 an
1576 670 1652 700 non?
1664 670 1747 701 Non-

928 724 965 745 ne
985 713 1140 745 manifeste
1156 713 1258 744 irridet
1279 723 1329 744 eos
1348 719 1377 743 ut
1394 713 1584 753 insipientes?
1596 713 1750 754 Siquidem

927 768 994 789 cum
1007 760 1086 789 Deus
1097 757 1256 789 Sabbatum
1281 757 1480 796 benedixerit,
1501 759 1554 798 ipsi
1576 758 1752 789 benefacere

929 803 1088 842 prohibent
1100 803 1130 833 in
1146 813 1192 836 eo.
1210 808 1238 833 et
1254 812 1307 843 per
1322 803 1378 833 hoc
1397 803 1507 833 faciunt
1519 803 1640 834 omnino
1656 804 1751 834 male-

929 848 1063 879 dictum?
1078 848 1143 879 Non
1158 848 1236 878 enim
1250 847 1424 878 benedictus
1440 852 1485 878 est
1500 847 1564 878 dies
1586 848 1615 878 in
1632 857 1689 888 quo
1706 849 1753 879 ni-

930 893 970 923 hil
996 893 1066 922 boni
1084 892 1147 923 ﬁeri
1163 892 1267 923 soleat.
1290 894 1326 922 At
1341 902 1407 922 cum
1424 892 1454 922 hi
1468 891 1598 923 scientes
1611 902 1668 932 quo
1685 897 1752 924 ten-

930 937 1016 967 deret
1041 938 1243 977 interrogatio,
1271 936 1430 973 siluerunt,
1461 941 1530 967 tunc
1553 936 1641 968 Jesus
1673 938 1751 977 quod

929 991 1014 1012 suum
1031 985 1093 1012 erat
1109 981 1220 1021 facit,et
1235 985 1372 1011 contactu
1389 985 1471 1011 sanat
1486 981 1637 1012 hominem
1653 981 1754 1013 :dein-

928 1026 967 1057 de
981 1029 1069 1056 etiam
1098 1025 1262 1057 l’harisaaos
1281 1026 1460 1056 erubescere
1490 1026 1568 1063 facit,
1586 1026 1669 1066 quasi
1685 1027 1754 1058 talia

929 1071 1042 1102 diceret
1053 1071 1107 1101 eis:
1125 1070 1153 1101 Si
1171 1070 1370 1110 prohibuisset
1381 1070 1428 1100 lex
1445 1070 1580 1100 misereri
1591 1071 1621 1101 in
1635 1069 1749 1102 Sabba-

930 1119 971 1152 to,
985 1124 1042 1146 non
1057 1123 1136 1145 curae
1153 1114 1206 1145 tibi
1221 1114 1325 1145 fuisset
1340 1115 1364 1144 si
1381 1115 1458 1145 [ilius
1479 1119 1545 1144 tuus
1571 1115 1753 1155 periclitatus

931 1159 1072 1190 fuissetin
1086 1158 1341 1199 Sabbato?thuid
1355 1159 1423 1189 dico
1434 1159 1525 1189 (ilius?
1540 1169 1636 1200 neque
1647 1160 1750 1190 hovem

932 1204 1103 1244 reliquisses
1117 1204 1230 1244 absque
1251 1204 1409 1243 adjutorio.
1428 1203 1452 1233 si
1469 1203 1684 1244 periclitantem
1703 1205 1751 1235 vi-

931 1248 1037 1279 disses.
1056 1248 1210 1285 Quomodo
1226 1248 1316 1288 igitur
1344 1257 1402 1278 non
1427 1249 1546 1278 stultum
1571 1248 1659 1279 fuerit
1675 1249 1751 1290 quod

932 1292 1096 1323 observatis
1112 1293 1294 1322 sanationem
1316 1291 1467 1332 hydropici
1483 1292 1512 1321 in
1528 1291 1669 1323 Sabbato?
1683 1293 1752 1323 594

929 1335 1114 1377 Hydropicus
1130 1341 1174 1366 est
1190 1336 1288 1366 omnis
1299 1337 1348 1376 qui
1366 1345 1419 1376 per
1434 1336 1606 1366 dissolutam
1619 1337 1707 1367 vitam
1723 1345 1753 1367 et

930 1381 1074 1412 lubricam
1091 1381 1189 1411 anima
1205 1390 1257 1411 sua
1271 1381 1398 1420 graviter
1413 1381 1596 1421 aegrotatpqui
1611 1384 1641 1412 et
1656 1382 1753 1412 Chris-

930 1429 958 1455 to
983 1425 1094 1464 indiget
1111 1436 1118 1457 :
1136 1430 1164 1456 et
1179 1425 1331 1456 sanabitur
1356 1425 1455 1465 plane.
1474 1425 1497 1456 si
1513 1430 1583 1456 ante
1603 1426 1752 1458 Christum

930 1470 1029 1500 fuerit.
1044 1469 1116 1501 Nam
1128 1470 1178 1510 qui
1194 1479 1227 1501 se
1242 1474 1310 1500 ante
1325 1469 1475 1500 Christum
1492 1479 1558 1501 esse
1573 1471 1753 1508 considerat,

931 1515 1063 1554 cogitans
1079 1524 1199 1555 semper
1213 1514 1363 1555 quomodo
1374 1514 1410 1544 ab
1425 1514 1488 1554 ipso
1515 1514 1751 1553 videatur,mini-

933 1568 979 1589 me
995 1559 1143 1600 peccabit.

971 1603 1064 1636 Vsus.
1081 1605 1133 1635 7-1
1144 1604 1316 1636 l.¢Dicebat
1327 1609 1423 1635 autem
1436 1603 1471 1634 ad
1488 1603 1623 1635 invitatos
1634 1605 1754 1645 parabo-

932 1649 990 1679 lam
1022 1649 1178 1689 intenden,
1195 1649 1345 1689 quomodo
1370 1649 1481 1689 primos
1494 1649 1647 1680 accubitus
1661 1650 1753 1690 elige-

931 1700 1010 1731 rent,
1027 1694 1131 1725 dicens
1141 1694 1177 1725 ad
1190 1694 1343 1725 illos:Cum
1358 1693 1495 1724 invitatus
1504 1694 1596 1724 fueris
1609 1694 1645 1724 ab
1654 1695 1754 1735 aliquo

931 1739 966 1769 ad
985 1739 1112 1778 nuptias,
1141 1748 1177 1768 ne
1202 1739 1361 1769 accumbas
1376 1739 1406 1768 in
1423 1738 1519 1778 primo
1535 1739 1612 1775 loco,
1628 1748 1666 1769 ne
1679 1739 1754 1770 forte

932 1782 1106 1813 honoratior
1122 1787 1150 1812 te
1160 1782 1197 1812 ab
1208 1782 1259 1812 illo
1274 1782 1313 1812 sit
1324 1782 1511 1819 invitatus,et
1527 1783 1649 1813 Veniens
1666 1784 1690 1814 is
1705 1786 1754 1824 qui

933 1832 962 1859 te
977 1833 1006 1859 et
1020 1829 1102 1859 illum
1115 1828 1239 1865 vocavit,
1257 1828 1336 1859 dicat
1352 1828 1404 1859 tibi
1422 1837 1428 1859 :
1448 1828 1490 1859 Da
1505 1828 1574 1859 huic
1590 1828 1687 1859 locum
1701 1838 1707 1861 :
1725 1835 1755 1862 et

934 1878 1005 1903 tunc
1022 1872 1145 1913 incipias
1157 1882 1224 1903 cum
1240 1872 1350 1904 rubore
1371 1878 1536 1904 extremum
1553 1873 1651 1903 locum
1669 1878 1755 1905 tene-

935 1927 991 1948 re:
1010 1918 1079 1957 quin
1097 1918 1193 1957 potius
1209 1927 1276 1948 cum
1304 1924 1426 1949 vocatus
1455 1918 1557 1958 lueris,
1588 1919 1672 1956 vade,
1703 1928 1756 1949 ac-

937 1962 1044 1993 cumbe
1071 1963 1099 1993 in
1127 1962 1286 1993 novissimo
1302 1962 1377 2003 loco,
1394 1967 1425 1993 ut
1439 1972 1505 1993 cum
1528 1962 1639 1993 venerit
1660 1964 1709 2004 qui
1726 1968 1756 1995 te

936 2006 1078 2046 invitavit,
1109 2005 1188 2038 dicat
1213 2007 1265 2038 tibi
1283 2007 1420 2045 :Amice,
1442 2007 1571 2038 ascende
1594 2009 1753 2048 superius:

936 2055 1009 2084 tunc
1025 2051 1079 2082 erit
1091 2051 1145 2082 tibi
1156 2051 1250 2091 gloria
1265 2061 1365 2084 coram
1375 2052 1464 2083 simul
1475 2052 1730 2085 discumbentibus
1747 2064 1754 2086 :

936 2096 1006 2137 quia
1020 2097 1117 2127 omnis
1132 2097 1181 2137 qui
1197 2106 1229 2128 se
1245 2097 1367 2136 extollit,
1385 2097 1599 2135 humiliabitur,
1617 2102 1646 2128 et
1659 2099 1709 2138 qui
1724 2109 1757 2130 se

936 2141 1085 2178 humiliat,
1098 2141 1266 2172 extolletur.
1287 2155 1300 2170 ι
1314 2142 1404 2173 Vides
1427 2151 1527 2173 coenas
1551 2142 1658 2174 Christi
1680 2153 1756 2183 qua-

937 2185 981 2216 les
995 2185 1065 2220 sint.
1083 2194 1192 2226 nempe
1208 2186 1238 2216 in
1255 2186 1409 2217 utilitatem
1422 2187 1539 2223 animae,
1557 2192 1587 2218 et
1601 2196 1660 2218 non
1672 2187 1702 2218 in
1712 2198 1757 2220 sa-

77 2244 156 2273 tpovu
173 2244 182 2272 ;
200 2233 262 2262 ’Ἴδε
290 2234 354 2274 γὰρ,
388 2234 480 2262 ἰάσατο
490 2235 536 2262 τὸν
551 2233 708 2274 ὑδρωπικὸν,
723 2233 820 2267 ὶδίδαξε
835 2235 895 2267 τοὺς

971 2234 1068 2261 etatem
1083 2231 1196 2261 ventris
1211 2236 1376 2262 vertuntur.
1391 2230 1467 2262 Ecce
1482 2231 1562 2262 enim
1579 2231 1692 2262 sanavit
1706 2233 1758 2274 hy-

76 2279 243 2318 Φαρισαίους,
281 2277 322 2306 ὅτι
350 2277 431 2307 καλὸν
468 2279 499 2307 τὸ
526 2278 554 2306 ἂν
582 2277 710 2316 Σαϐϐάτῳ
735 2280 894 2319 εὐεργετεῖν,

77 2324 148 2352 Ἐπεὶ
184 2323 211 2351 δὲ
237 2322 307 2352 εἶδεν
342 2324 434 2355 αὐτούς
463 2324 506 2352 καὶ
535 2325 593 2363 περὶ
619 2327 669 2358 τῆς
705 2324 897 2363 πρωτοκλισίας

79 2367 291 2408 θορυϐουμένους,
323 2369 394 2396 ἰᾶται
420 2369 464 2397 καὶ
502 2373 579 2398 τοῦτο
606 2370 637 2397 τὸ
661 2369 742 2400 πάθος
771 2369 820 2397 οὒκ
844 2369 896 2398 ἀπὸ

79 2417 187 2453 σμικρᾶς
223 2413 374 2453 ἀρχόμενον
409 2414 578 2453 προφάσεως,
607 2413 666 2442 ἀλλ’
696 2413 749 2442 ἀπὸ
777 2413 897 2453 μεγάλης

79 2457 120 2484 καὶ
149 2455 362 2497 δυσδιαιρεύκτου,
388 2460 436 2491 τῆς
466 2456 612 2491 κενοδοξίας
638 2458 719 2498 φημίο
735 2459 779 2486 καὶ
803 2458 841 2496 μή
859 2469 896 2490 τις

81 2501 207 2539 νομιζέτω
234 2502 284 2535 τὴν
316 2503 375 2541 περὶ
401 2502 493 2531 τούτου
521 2501 689 2531 διδασκαλίαν
703 2503 798 2542 μικρὰν
813 2503 896 2540 εἶναι,

81 2546 122 2574 καὶ
145 2545 251 2579 ἀναξίαν
286 2549 337 2580 τῆς
364 2558 411 2575 του
433 2551 498 2576 Οεοῡ
513 2547 751 2587 μεγαλοπρεπείας·
782 2547 898 2585 μάλιστα

82 2590 128 2627 μὶν
155 2591 206 2630 γὰρ
236 2589 294 2620 οὐδὲ
322 2591 409 2631 ἰατρὸν
451 2591 634 2632 φιλάνθρωπον
662 2591 749 2624 εἴποις
778 2591 820 2632 ἅν,
852 2593 897 2620 τὸν

82 2633 211 2675 ποδάγρας
243 2636 292 2668 μὲν
316 2636 402 2664 ἰᾶσθαι
431 2636 673 2677 ἐπαγγελλόμενον,
711 2638 755 2665 καὶ
769 2636 818 2666 ὅσα
845 2637 899 2665 τῶν

83 2680 239 2722 νοσημάτων
282 2679 419 2721 ἀξιόλογα,
461 2680 589 2711 δακτύλου
636 2680 663 2710 δὲ
705 2682 852 2722 σὺντριμμα
880 2681 899 2716 ἢ

83 2718 184 2757 δόντος
206 2724 288 2765 ἄλγος
307 2726 346 2764 μὴ
361 2718 507 2765 δεχόμενον
520 2726 683 2765 θεραπεύειν.
701 2718 821 2756 ’Ἔπειτα
843 2729 899 2759 πῶς

83 2770 174 2809 μικρὸν
201 2771 232 2798 τὺ
261 2771 309 2805 τῆς
343 2769 491 2803 κενοδοξίας
519 2772 613 2809 πάθος,
630 2770 779 2811 δῇνώχλει
793 2771 899 2803 πάντως

83 2820 140 2847 τοῖς
164 2815 212 2847 τὰς
239 2814 434 2854 πρωτοκλισίας
462 2818 587 2851 ζητοῦσιν
604 2825 613 2854 ;
628 2815 733 2856 Ἐχρῆν
745 2815 801 2854 οὗν,
816 2816 900 2856 ἐχρῆν

937 2275 1091 2315 dropicum
1110 2284 1117 2306 :
1135 2275 1234 2307 docuit
1256 2276 1420 2307 Phariszeos
1435 2276 1512 2317 quod
1529 2276 1638 2307 bonum
1666 2277 1704 2308 sit
1726 2280 1757 2311 in

937 2318 1065 2351 Sabbato
1077 2319 1303 2352 benefacere.Et
1319 2326 1420 2361 postea
1431 2321 1537 2352 videns
1553 2332 1604 2354 eos
1611 2321 1648 2352 de
1659 2324 1756 2362 primo

937 2364 1077 2396 accubitu
1086 2365 1359 2411 tulmutuari,sanat
1367 2370 1396 2397 et
1406 2366 1482 2397 hanc
1491 2367 1759 2411 aﬂ‘ectionem,quaz

938 2419 997 2441 non
1006 2419 1022 2440 a
1033 2410 1187 2449 parva,sed
1202 2419 1307 2450 magna
1319 2415 1348 2442 et
1358 2411 1403 2441 vix
1412 2411 1560 2451 etl‘ugabili
1575 2423 1663 2446 causa
1678 2410 1757 2447 ilici—

939 2455 1075 2494 pit,iuani
1086 2455 1203 2495 inquam
1215 2454 1357 2495 gloria.Et
1366 2466 1403 2487 ne
1413 2455 1478 2496 quis
1487 2457 1635 2491 existimet
1644 2461 1700 2493 hoc
1707 2460 1759 2492 do-

938 2508 1006 2531 cere
1026 2500 1123 2531 minus
1134 2504 1162 2531 et
1174 2500 1327 2540 indignum
1351 2510 1417 2532 esse
1436 2501 1658 2542 magniﬁcentia
1674 2505 1758 2536 verbi

939 2544 1069 2582 Dei,imo
1082 2545 1291 2586 maximezquia
1301 2545 1436 2577 medicus
1445 2547 1495 2587 qui
1506 2549 1664 2588 pollicetur
1673 2559 1759 2582 sana-

938 2599 972 2621 re
982 2589 1321 2631 podagram,omnesque
1338 2590 1457 2622 morbo‘s
1476 2598 1640 2625 memoratu
1654 2594 1759 2634 dignos

941 2643 1037 2676 neque
1048 2634 1205 2674 digitorum
1217 2635 1443 2672 attritiones,vel
1458 2636 1556 2668 dentis
1570 2638 1704 2671 dolorem
1710 2649 1759 2676 u-

940 2689 1013 2711 nare
1028 2678 1300 2724 detractat.Deintle
1312 2680 1460 2720 quomodo
1476 2691 1581 2721 parvus
1596 2683 1759 2724 iuanisglo-

940 2726 992 2756 riae
1001 2723 1195 2764 morbus,quo
1204 2724 1325 2755 omnino
1335 2724 1489 2756 turbantur
1498 2727 1547 2766 qui
1554 2728 1664 2766 primos
1674 2723 1760 2761 accu-

942 2769 1021 2801 bitus
1031 2768 1182 2809 quaerunt?
1196 2768 1358 2810 Oportebat
1375 2769 1462 2809 igitur
1471 2770 1759 2809 humilitatiadooto-

939 2824 1004 2847 rem
1012 2818 1042 2846 et
1052 2813 1216 2855 principem
1228 2818 1530 2846 etconsummatorem
1539 2815 1689 2849 Christum
1697 2827 1758 2849 oni-
