1966 3076
26 112 77 144 941

388 113 609 145 ENARHATIO
631 111 670 145 ΙΝ
693 109 945 145 EVANGELIUM
966 111 1082 146 LUC/E.
1106 131 1145 138 —
1167 114 1250 146 CAP.
1274 114 1354 145 XIV.

1665 110 1725 147 942

30 181 121 212 αὖτοὺς
153 181 212 209 οἷον
234 180 276 209 δεῖ
290 181 336 209 τὸν
351 181 476 218 μαθητὴν
491 180 571 210 αὐτοῦ
585 180 668 217 εἶναι,
686 180 847 219 ἆποφαίνετα

938 190 997 213 um.
1016 190 1050 213 ac
1064 183 1152 214 veluti
1162 182 1301 213 informat
1316 186 1345 212 et
1354 182 1487 222 depingit
1501 193 1723 224 eum,asserens

29 226 86 264 περὶ
113 226 219 258 τούτου,
252 227 295 254 καὶ
321 226 383 254 οἷον
411 224 536 254 διατυποῖ
559 225 650 261 αὐτὸν,
667 226 711 253 καὶ
725 229 860 264 ζωγραφεῖ

29 271 221 309 εἰσηγούμενος
250 270 307 298 δεῖν
337 271 414 299 αὐτὸν
444 277 533 308 μισεῖν
562 271 591 299 οὗ
613 271 693 308 μόνον
717 270 777 301 τοὺς
795 269 857 302 ἔξω·

29 317 69 342 θεν
86 315 159 352 αὒτῷ
174 315 370 355 ῲκειωμένους,
394 315 462 343 ἀλλὰ
486 316 529 343 καὶ
557 315 606 349 τὴν
633 315 725 343 ἑαυτοῦ
754 315 857 355 ψυχήν,

27 360 96 398 ’Ὅρα
113 358 143 387 δὲ
165 361 204 397 μὴ
231 362 416 400 συναρπασθῇς
437 363 475 397 τῷ
500 360 573 398 ῥητῷ
594 359 685 391 ἀπλῶς
700 359 784 391 οὕτως
815 360 859 388 καὶ

28 403 264 442 ὰιεπιστημόνως.
310 405 346 434 0-5
384 405 434 442 γὰρ
469 404 657 443 ἀπανθρωπίαν
692 403 808 432 διδάσκει
845 405 858 431 ὁ

28 449 225 488 φιλάνθρωπος,
255 449 313 478 οὐδὲ
341 449 544 489 διαψιιρίζεσθαι
588 450 695 481 ἑαυτοὺς
727 451 856 480 νουθετεῖ,

29 493 97 522 ἀλλὰ
121 494 167 522 τόν
196 506 225 533 γε
261 495 371 533 γνήσιον
395 494 471 522 αἰντοῦ
501 494 623 532 μαθητήν
654 493 777 532 βούλεται
799 494 859 522 τότε

29 545 121 575 μισεῖν
144 540 205 571 τοὺς
227 540 293 567 κατὰ
315 538 390 578 γένος
421 539 541 574 οἰκείους,
559 538 603 567 ὅτι
627 539 692 577 πρὸς
708 537 857 567 θεοσέϐειαν

29 584 100 620 αὖτῷ
130 583 295 621 ἐμποδίζοιεν
316 584 359 612 καὶ
389 583 431 611 διὰ
457 583 507 616 τὴν
538 584 603 622 πρὸς
632 583 725 614 αὖτοὺς
764 584 858 623 σχέσιν

28 628 161 656 κωλύοιτο
184 629 261 659 αὐτὸς
283 629 314 656 τὸ
335 627 418 656 καλὸν
441 627 562 665 μετιέναι
581 636 588 643 '
605 628 662 656 ἐπεὶ
678 628 753 665 εἰμὴ
770 627 857 665 ἐμπο-

28 671 134 709 δίζοιεν,
157 676 236 710 τιμᾷν
259 673 361 710 μᾶλὶον
392 672 456 713 ἄχρι
479 675 528 706 τῆς
552 672 705 704 τελευταίας
722 672 858 706 ivvat-moi:

29 716 159 749 διδάσκει,
192 719 240 746 Καὶ
269 721 325 750 πῶς
349 716 488 751 διδάσκεις
516 717 565 745 Διὰ
580 720 630 750 τῆς
647 718 767 755 μείζονος
789 716 860 745 διδα-

29 761 153 797 σκαλίας,
181 762 262 802 φημὶ,
289 761 322 790 δι’
351 763 388 790 ὧν
417 762 525 800 ἔπραξεν
549 762 626 793 αὐτὸς
643 765 651 777 ‘
679 762 722 791 καὶ
745 762 793 801 γὰρ
822 765 860 799 τῷ

29 806 142 847 Ἰωσὴφ,
173 807 258 835 καίτοι
285 807 342 836 οῦδὲ
373 808 468 846 κυρίως
493 807 571 835 αὒτοῦ
599 807 678 846 πατρὶ
700 806 769 846 ὄντι,
792 805 859 834 ἀλλὰ

29 851 208 889 νομιζομένῳ,
252 854 285 886 ἦν
325 852 556 891 ὑποτασσόμενος,
598 852 642 879 καὶ
673 853 722 884 τῆς
751 852 858 890 Μητρὸς

27 899 163 929 τοσαύτην
181 897 298 924 ἓποιεῖτο
314 896 353 924 ἀεὶ
368 897 417 930 τήν
433 896 569 935 πρόνοιαν,
589 895 658 924 ὥστε
688 894 746 924 οὐδὲ
774 906 857 925 σταυ-

28 941 157 979 ροέιμενος
184 940 304 979 ἠμέλησε
325 941 438 977 ταύτης,
462 939 530 968 ἄλλᾶ
557 939 693 979 παρεδίδου
721 942 761 976 τῷ
786 940 857 978 ἠγα-

29 985 145 1022 πημένιρ
174 987 292 1024 μαθητῇ,
321 989 380 1018 Πῶς
411 986 454 1014 οὖν
480 986 494 1013 ὁ
522 988 604 1014 ταῦτα
632 983 734 1017 διδάξας
751 983 792 1012 διὰ
805 988 858 1013 τῶν

29 1030 128 1070 ἔργων,
158 1030 233 1070 ἓτεροι
248 1029 291 1058 διὰ
317 1034 370 1059 τῶν
394 1030 480 1069 λόγων
502 1030 665 1068 εἰσηγοῖτο;
688 1029 764 1057 Ἀλλ’
793 1029 858 1069 ὅπερ

29 1075 107 1114 ἔφην,
137 1081 227 1112 μισεῖν
250 1076 321 1112 ἡμᾶς
343 1075 404 1106 τοὺς
431 1081 520 1114 γονεῖς
543 1074 709 1114 ἐντέλλεται,
733 1074 777 1103 ὅτε
794 1075 858 1106 Θεὸς

28 1121 57 1146 τὸ
87 1118 317 1157 κινδυνευόμενον,
350 1120 415 1148 Τότε
444 1119 494 1158 γὰρ
530 1119 560 1147 οὗ
589 1122 681 1157 γονεῡς
709 1118 859 1156 λογίζονται

29 1163 86 1192 ονῈέ
104 1165 212 1201 οἰκεῖοι,
231 1165 297 1204 πρὸς
312 1164 361 1198 τὴν
386 1165 511 1197 τοιαύτην
536 1163 665 1202 ὠφέλειαν
687 1165 756 1199 ἡμῖν
783 1163 860 1192 ἀντι·-

28 1209 184 1241 πίπτοντες.
217 1209 360 1238 Κάντεὺθεν
382 1207 409 1236 δὲ
437 1207 532 1244 δῆλον,
562 1208 577 1235 ὃ
605 1207 732 1247 λέγομεν,
763 1208 793 1236 ὲκ
814 1212 861 1236 τοῦ

27 1254 71 1281 καὶ
103 1253 154 1287 τὴν
183 1254 276 1282 ἑαυτου
304 1253 397 1293 ψυχὴν
424 1252 590 1282 ἐντέλλεσθαι
613 1254 704 1290 μισεῖν
722 1260 729 1268 ⁸
753 1254 858 1285 πάντως

28 1299 77 1338 γὰρ
109 1298 140 1326 οὐ
161 1303 239 1328 τοῦτο
268 1297 447 1326 διακελεύεται
480 1298 510 1326 τὸ
532 1298 638 1330 ἑαυτοὺς
662 1297 857 1335 ἀποκτιννύναι,

28 1342 96 1371 ἀλλὰ
127 1344 157 1371 τὸ
179 1350 240 1374 ταῖς
256 1343 406 1381 ἐπιθυμίαις
421 1345 470 1376 τῆς
486 1345 578 1382 ψυχῆς
599 1349 660 1375 ταῖς
681 1343 858 1382 χωριζούσαις

27 1389 99 1424 ἡμᾶς
130 1392 177 1416 τοῦ
199 1391 264 1416 Θεοῦ
279 1387 474 1415 ὰποτάσσεσθαι
491 1395 498 1402 ’
523 1388 566 1415 καὶ
582 1388 603 1415 εἷ
626 1388 763 1426 πρόκειται
786 1399 858 1426 μαρ-

27 1435 132 1473 τύριον,
155 1433 195 1470 μὴ
217 1432 360 1473 φροντίζειν
389 1433 436 1466 τῆς
453 1433 558 1472 ψυχῆς.
576 1433 657 1471 μόνον
672 1431 778 1472 κέρδους
794 1444 858 1471 προ-

26 1479 152 1516 κειμένου
180 1479 297 1508 αἷωνίου.
331 1473 395 1507 ’Ὁτι
413 1477 440 1505 δὲ
462 1483 539 1507 τοῦτο
560 1477 687 1515 διδάσκει,
713 1478 757 1505 καὶ
776 1479 806 1507 οὐ
827 1479 857 1506 τὸ

26 1523 122 1554 ἅπλῶς
151 1524 259 1556 ἑαυτοὺς
290 1523 485 1559 ἀποκτιννύναι,
516 1521 628 1551 δείκνυσι
673 1522 752 1551 πάλιν
781 1522 860 1555 αὐτὸς

24 1568 50 1600 εξ
77 1571 118 1597 ὠν
143 1573 190 1598 τοῦ
211 1567 335 1597 διαϐόλου
361 1567 530 1606 πειραζοντος
560 1568 649 1604 αὐτὸν,
682 1567 751 1595 ὥστε
765 1566 859 1605 βαλεῖν

27 1614 122 1643 ἑαυτὸν
147 1613 222 1641 κάτω
243 1613 295 1641 ἀπὸ
317 1618 363 1642 τοῦ
391 1614 472 1653 ἱεροῦ,
503 1611 684 1651 ἀπεκρούσατο
720 1612 769 1645 τὴν
790 1612 858 1640 πεῖ-

26 1669 84 1696 ραν,
117 1659 161 1686 καὶ
191 1657 247 1686 οωὲ
274 1656 390 1685 ἐπεδίδου
426 1657 518 1685 ἑαυτὸν
539 1663 599 1689 τοῖς
625 1655 775 1696 Ἰουδαίοις,
790 1656 858 1684 ἀλλὰ

26 1704 67 1730 καὶ
98 1702 243 1742 ἀνεχώρει,
274 1703 318 1730 καὶ
354 1701 396 1730 διὰ
437 1701 519 1739 μέσου
554 1703 639 1730 αὑτῶν
676 1701 857 1742 ἀνερχόμενος

24 1748 85 1778 τοὺς
117 1740 267 1786 φώῖιοῢντας
360 1745 510 1786 φονῶντας]
532 1745 725 1785 ἀπεκρύπτετο.
758 1740 856 1779 ’Ὅστις

24 1796 68 1819 οὖν
112 1791 297 1830 βλαπτόμενος
333 1792 369 1823 εἷς
408 1789 563 1819 θεοσέϐειαν
608 1790 658 1818 ὑπό
692 1801 762 1821 τινος
802 1793 856 1818 τῶν

22 1837 141 1873 οἰκείων,
172 1836 275 1875 στέργει
303 1836 352 1869 τὴν
381 1836 447 1875 πρὸς
470 1835 565 1866 αὐτοὺς
595 1833 704 1874 σχέσιν,
727 1835 771 1863 καὶ
786 1838 855 1873 προέ

22 1881 170 1918 τιμοτέραν
186 1881 284 1914 ταύτην
306 1887 424 1908 ποιεῖται
447 1882 497 1913 τῆς
512 1880 578 1919 πρὸς
601 1879 646 1907 τὸν
669 1880 734 1908 Θεὸν
761 1881 854 1919 εὐαρε-

901 230 1040 264 oportere
1054 236 1122 258 eum
1136 227 1206 258 odio
1222 226 1333 257 habere
1347 236 1405 257 non
1427 228 1522 258 solum
1538 238 1589 259 eos
1603 230 1652 269 qui
1670 239 1721 260 ex-

901 273 984 300 terna
1003 271 1200 302 familiaritate
1212 271 1309 311 juncti
1325 276 1404 308 sunt,
1422 271 1473 303 sed
1489 276 1519 303 et
1533 283 1616 304 suam
1630 274 1724 314 ipsius

900 314 1041 345 animam.
1060 315 1136 346 Vide
1151 320 1249 346 autem
1266 325 1303 346 ne
1324 316 1422 347 littera
1444 326 1566 356 prorsus
1586 319 1724 358 imperite

902 358 946 398 (a)
954 359 1191 399 abripiaris.Non
1204 360 1284 391 enim
1298 361 1542 393 inhumanitatem
1559 371 1584 393 ei
1597 363 1724 394 crudeli-

900 408 989 434 tatem
998 404 1085 435 docet
1094 405 1375 445 misericors,neque
1382 406 1497 446 sibiipsi
1505 408 1593 438 docet
1604 417 1723 439 manum

901 448 1022 488 inferre,
1040 449 1092 479 sed
1110 450 1262 488 proprium
1278 458 1364 480 suum
1381 451 1561 491 discipulum
1578 453 1639 483 vult
1654 457 1724 484 tunc

901 492 970 523 odio
986 493 1098 524 habere
1111 498 1250 534 cognatos
1266 503 1347 534 suos,
1360 495 1478 535 quando
1494 496 1531 527 ad
1545 497 1683 536 pietatem
1696 498 1723 528 ei

901 536 1055 568 obstaculo
1071 542 1150 576 sunt,
1166 542 1196 569 et
1211 542 1332 579 propter
1348 539 1600 571 necessitudinem
1613 541 1725 573 abonis

901 581 1041 621 operibus
1058 581 1259 621 prohibetur:
1288 582 1427 623 quoniam
1452 583 1506 614 nisi
1531 585 1722 623 obsisterent,

902 626 992 665 magis
1008 626 1197 656 honorandos
1214 626 1300 657 docet
1316 636 1409 667 usque
1424 627 1459 658 ad
1484 633 1647 661 extremum
1663 631 1723 671 spi-

900 670 1002 701 ritum.
1021 670 1053 701 Et
1078 673 1227 711 quomodo
1245 671 1356 703 docet?
1371 671 1429 703 Per
1443 673 1588 713 majorem
1613 670 1723 706 doctri-

902 724 982 755 nam,
998 715 1129 755 inquam,
1148 726 1256 756 nempe
1282 726 1335 756 per
1361 726 1395 747 ea
1420 727 1486 757 quae
1507 723 1645 758 operatus
1659 724 1724 759 est;

901 760 963 800 ipst-
980 760 1059 791 enim
1076 765 1105 791 et
1119 761 1241 801 Joseph,
1257 762 1391 801 quamvis
1407 772 1465 793 non
1487 767 1565 794 esset
1589 765 1726 805 proprius

871 827 890 852 B
902 814 1020 845 parcns,
1037 805 1090 836 sed
1107 805 1304 852 existimatus,
1322 805 1470 838 obediens
1486 807 1540 838 fuit
1558 817 1565 840 :
1583 813 1612 839 et
1625 810 1726 841 Matris

900 858 961 879 suae
978 854 1086 880 tantam
1103 858 1223 890 semper
1253 850 1312 890 egit
1337 859 1450 889 curam,
1475 857 1506 882 ut
1535 861 1631 892 neque
1659 863 1725 884 cum

900 894 1135 933 cruciﬁgeretur,
1154 904 1217 926 eam
1243 895 1418 936 negligeret,
1435 897 1488 927 sed
1509 898 1728 932 commendavit

900 939 1047 984 discipulo
1062 948 1156 984 quem,
1169 939 1321 978 diligebat.
1346 939 1500 976 Quomodo
1522 942 1610 981 igitur
1636 944 1660 973 is
1676 944 1725 984 qui

900 983 961 1014 haec
979 993 1031 1024 per
1038 993 1128 1024 opera
1143 983 1253 1021 docuit,
1265 984 1323 1015 alia
1334 985 1522 1016 sermonibus
1533 988 1727 1020 asseveravit?

901 1028 948 1065 At,
962 1028 1038 1059 sicut
1052 1028 1123 1063 dixi,
1143 1028 1273 1069 praecipit
1293 1038 1347 1060 nos
1360 1029 1430 1060 odio
1446 1029 1558 1061 habere
1574 1036 1724 1071 parentes,

901 1073 1018 1113 quando
1031 1073 1060 1103 in
1075 1073 1154 1104 cultu
1168 1073 1219 1104 Dei
1229 1073 1394 1114 periculum
1408 1079 1463 1106 est.
1475 1073 1558 1106 Tunc
1573 1076 1652 1106 enim
1668 1086 1726 1108 non

903 1122 1040 1158 parentes
1064 1122 1234 1154 censentur,
1258 1127 1356 1158 neque
1372 1118 1546 1158 familiares,
1568 1120 1593 1151 si
1617 1121 1646 1152 in
1671 1121 1727 1153 hoc

902 1162 989 1193 nobis
1001 1161 1156 1194 obsistant.
1174 1162 1287 1194 Etllinc
1299 1163 1488 1194 manifestum
1498 1164 1576 1204 quod
1586 1165 1725 1198 dicimus.

901 1205 973 1237 Nam
989 1216 1056 1237 cum
1071 1211 1201 1237 nostram
1217 1207 1346 1238 animam
1370 1208 1437 1238 odio
1453 1208 1564 1239 habere
1580 1210 1724 1250 praecipit,

902 1251 1023 1282 omnino
1039 1261 1099 1281 non
1116 1251 1261 1293 praecipit.
1283 1256 1313 1282 ut
1333 1251 1493 1293 nobisipsis
1508 1259 1634 1285 mortem
1650 1263 1725 1286 con-

900 1295 1073 1332 sciscamus,
1101 1295 1152 1326 sed
1179 1301 1211 1327 ut
1240 1296 1446 1328 renuntiemus
1473 1298 1728 1338 concupiscentiis

899 1341 1017 1373 animae.
1027 1350 1093 1380 quae
1104 1349 1158 1370 nos
1168 1346 1304 1380 separant
1313 1350 1330 1371 a
1344 1340 1406 1372 Deo
1419 1352 1426 1379 ;
1445 1341 1559 1373 etiamsi
1568 1342 1723 1382 perferen-

899 1386 968 1416 dum
995 1385 1180 1425 martyrium,
1208 1394 1266 1416 non
1293 1386 1425 1416 curanda
1451 1387 1561 1427 anima,
1585 1388 1724 1428 quoniam

900 1434 1073 1470 perpetuum
1091 1429 1205 1460 lucrum
1222 1430 1407 1469 proponitur.
1426 1430 1488 1461 Hoc
1497 1431 1578 1462 enim
1591 1433 1723 1473 estquod

867 1485 887 1510 c
901 1483 954 1505 nos
969 1474 1066 1520 docet,
1084 1478 1113 1504 et
1126 1483 1184 1504 non
1198 1474 1374 1520 simpliciter
1385 1479 1417 1506 ut
1426 1475 1494 1516 quis
1505 1476 1635 1520 seipsum
1646 1478 1724 1508 occi-

900 1519 960 1549 dat.
977 1517 1170 1559 Ostenditque
1185 1518 1258 1549 illud
1275 1519 1382 1550 iterum
1401 1520 1463 1560 ipse
1481 1529 1535 1561 per
1551 1517 1721 1563 hoc'quod-

899 1563 1017 1595 diabolo
1033 1564 1128 1604 ipsum
1146 1567 1279 1594 tentante
1293 1569 1324 1595 ut
1337 1573 1370 1595 se
1385 1564 1423 1595 de
1433 1565 1605 1597 summitate
1617 1567 1721 1608 templi

899 1608 1055 1649 dejiceret,
1080 1609 1272 1639 tentationem
1292 1609 1401 1649 repulit
1418 1619 1425 1640 :
1451 1614 1479 1640 et
1495 1620 1555 1643 non
1570 1620 1603 1642 se
1613 1611 1723 1643 Judaei:

900 1654 1030 1690 tradidit,
1048 1653 1100 1684 sed
1121 1653 1253 1691 secessit,
1270 1657 1358 1694 atque
1382 1663 1435 1694 per
1461 1655 1592 1686 medium
1617 1666 1720 1688 eorum

900 1698 1055 1734 transiens,
1073 1698 1109 1728 ab
1126 1697 1184 1728 illis
1200 1707 1232 1728 se
1254 1698 1423 1729 occultavit.
1447 1698 1539 1738 Igitur
1553 1700 1721 1741 cuicunque

898 1742 1050 1773 domestici
1061 1747 1090 1773 et
1101 1742 1189 1772 amici
1203 1741 1322 1773 obstant
1334 1742 1363 1773 in
1380 1743 1501 1783 pietate,
1519 1748 1548 1775 et
1562 1745 1587 1775 is
1598 1744 1719 1777 illorum

898 1787 1126 1819 familiaritatem
1138 1786 1211 1827 Deo,
1226 1787 1276 1818 cui
1288 1787 1405 1827 placere
1416 1788 1515 1826 debet,
1530 1789 1659 1828 praefert,
1674 1790 1718 1821 vel

898 1832 985 1863 etiam
993 1836 1113 1872 propter
1119 1840 1248 1862 amorem
1258 1831 1322 1862 vitae
1334 1833 1508 1864 imminente
1516 1835 1658 1873 martyrio
1668 1835 1718 1867 de-

897 1878 956 1908 ﬁcit
967 1881 996 1908 ct
1007 1876 1157 1915 negatjlle
1166 1885 1224 1906 non
1237 1880 1333 1916 potest
1344 1886 1412 1908 esse
1420 1877 1583 1917 discipulus
1593 1877 1715 1911 Christi.

23 1928 160 1964 στάσεως,
177 1926 215 1954 ἔτι
229 1936 257 1954 τε
273 1927 318 1953 καὶ
333 1924 376 1953 διὰ
390 1924 436 1953 τοι]
451 1923 593 1964 φιλοζωεῖν
609 1923 739 1955 πολλάκις
755 1925 798 1952 καὶ
813 1923 954 1963 μαρτυρίου
969 1922 1142 1961 προκειμὲνου
1159 1922 1195 1953 εἰς
1220 1920 1329 1960 ἄρνησιν
1345 1922 1578 1963 ἐκτραχηλίζεται,
1595 1925 1670 1957 οὗτος
1687 1925 1716 1953 οὗ

23 1970 131 1999 δύναται
145 1974 257 2010 Χριστοῦ
269 1972 339 1998 εἶναι
356 1970 491 2007 μαθητής,

65 2027 79 2043 α
110 2015 155 2046 Τίς
185 2015 234 2054 γὰρ
264 2013 290 2046 ἐξ
311 2015 384 2051 ὑμῶν
411 2013 494 2041 θέλων
533 2013 631 2052 πύργον
663 2012 850 2050 οἰκοδομῆσαι,

23 2061 83 2100 ο-δχὶ
112 2062 219 2097 πρῶτον
240 2058 348 2089 καθίσας
364 2059 471 2097 ψηφίζει
486 2058 535 2091 τὴν
556 2056 688 2095 δαπάνην,
704 2058 726 2086 εὶ
738 2057 797 2097 ἔχει
819 2058 853 2087 τὰ

22 2095 263 2144 εἰςηᾶπαρτισμὶιν,
292 2102 338 2132 ’ίνα
353 2095 479 2140 μήπιυτε,
494 2102 585 2134 θέντος
609 2103 689 2131 αὑτοῦ
714 2095 848 2140 θεμέλιον,

22 2151 64 2179 καὶ
87 2152 128 2188 μὴ
154 2149 295 2189 ἰσχύοντος
330 2147 478 2188 ἐκτελέσαι,
516 2148 613 2180 πάντες
641 2148 664 2176 οἱ
691 2149 848 2186 θεωρουντις

12 2195 151 2234 ,ἄρξωνται
180 2193 317 2232 ἐμπαίζειν
339 2193 410 2230 αὐτῷ
424 2192 558 2233 λέγοντες,
575 2192 628 2230 ὅτι,
655 2196 737 2223 Οὗτος
766 2193 779 2220 ὁ
802 2191 847 2219 ἅν-

21 2241 124 2279 θρωπος
154 2238 250 2278 ἤρξατο
273 2236 436 2275 οἰκοδομεῖν,
463 2239 507 2266 καὶ
529 2240 577 2268 οὐκ
599 2238 713 2278 ἴσχυσεν
739 2236 847 2265 ἐκτελέο

23 2295 62 2312 σαι
83 2294 92 2324 ;
112 2296 125 2311 ι
146 2284 195 2312 Διὰ
209 2286 258 2317 τῆς
272 2287 319 2312 τοῦ
333 2284 433 2322 πύργου
457 2282 613 2323 παραϐολῆς
640 2282 755 2310 διδάσκει
777 2283 848 2318 ἡμᾶς

23 2330 35 2356 ὃ
65 2329 161 2366 Κύριος
183 2328 251 2360 ἅπαξ
280 2326 436 2356 ἀκολουθεῖν
459 2328 528 2364 αὒτῷ
558 2326 711 2367 ἑλομένους,
738 2326 848 2366 φυλάξαι

22 2375 67 2407 τὴν
101 2373 185 2406 αὐτὴν
213 2372 376 2412 προαίρεσιν,
405 2374 449 2401 καὶ
479 2372 518 2410 μὴ
544 2371 665 2410 θεμέλιον
688 2372 737 2410 μὲν
761 2382 847 2400 κατα-

22 2417 160 2458 ϐαλέσθαι,
184 2417 244 2452 ἤτοι
272 2417 360 2457 ἀρχὴν
386 2417 600 2457 ἀκολουθήσεως,
623 2417 685 2446 εἶτα
714 2415 788 2449 τέλος
806 2417 845 2453 μὴ

22 2463 165 2502 ἰπιθιῖναι,
188 2462 279 2500 ὡςιμὴ
308 2462 422 2502 ἔχοντας
445 2462 576 2502 ἀρκοῦσαν
599 2462 649 2495 τὴν
677 2461 844 2500 παρασκευὴν

12 2511 67 2542 «ﬁ:
83 2508 241 2548 προθυμίας,
258 2511 377 2537 Τοιοῧτοι
398 2507 465 2541 ἦσαν
489 2506 601 2542 ἐκεῖνοι,
626 2506 683 2545 περὶ
697 2507 735 2533 ὧν
750 2504 844 2534 Ἰωάν-

21 2564 67 2586 νης
83 2554 98 2581 ὁ
121 2551 312 2591 εὖαγγελιστής
327 2551 378 2592 ἔφη
399 2561 404 2567 ·
427 2550 525 2580 Πολλοι
541 2554 584 2579 οὖν
600 2550 630 2579 ἐκ
644 2553 695 2578 τῶν
718 2551 843 2587 μαθητῶν

21 2598 100 2626 αὖτοῦ
127 2597 245 2632 ἀπῆλθον
278 2598 314 2629 εἰς
336 2597 368 2625 τὰ
386 2597 479 2626 ὀπίσω.
514 2595 564 2625 Καὶ
597 2598 649 2627 πᾶς
664 2593 691 2623 δὲ
708 2594 843 2634 ἅνθρωπος

56 2678 90 2704 89
103 2679 187 2710 Joan.
202 2685 264 2715 xw,
281 2676 318 2707 32

14 2742 16 2769 ί
57 2760 98 2800 ιιι)
116 2759 167 2790 Ed.
189 2759 241 2790 Lui
271 2767 329 2788 non
347 2757 445 2791 habet.
460 2765 587 2797 prorsus
603 2757 748 2795 imperite.

860 2136 882 2162 D

934 2010 1022 2043 Vens.
1040 2011 1148 2042 28-30.
1169 2022 1180 2038 α
1200 2010 1272 2047 Quis
1287 2012 1366 2042 enim
1392 2021 1426 2043 ex
1450 2013 1542 2053 vobis,
1570 2013 1620 2054 qui
1646 2014 1715 2046 velit

893 2056 995 2088 turrim
1011 2056 1169 2092 aedificare,
1184 2055 1255 2095 quin
1266 2057 1347 2095 prius
1357 2057 1466 2088 sedens
1476 2063 1627 2098 computet
1638 2067 1714 2090 sum-

894 2105 970 2142 ptus,
988 2111 1024 2132 an
1042 2100 1262 2140 habeatquibus
1276 2111 1349 2141 opus
1363 2106 1408 2132 est
1421 2102 1457 2132 ad
1476 2103 1689 2142 perficiendum
1699 2105 1714 2135 τ

891 2155 928 2177 ne
944 2150 1096 2186 postquam
1111 2146 1239 2185 posuerit
1258 2145 1494 2185 fundamentum,
1509 2157 1564 2178 nec
1586 2149 1713 2188 potuerit

891 2192 1046 2232 perficere.
1063 2199 1167 2220 omnes
1192 2189 1241 2230 qui
1266 2190 1393 2221 viderint
1418 2191 1562 2231 incipiant
1585 2193 1712 2224 illudere

890 2236 930 2273 ei,
947 2235 1080 2267 dicentes
1094 2244 1100 2266 :
1118 2234 1171 2265 llic
1183 2234 1271 2264 homo
1280 2234 1370 2275 coepit
1382 2235 1539 2274 aedificare,
1554 2247 1608 2268 nec
1618 2237 1712 2277 potuit

889 2289 1106 2312 consummare.
1125 2292 1138 2306 ιι
1157 2280 1213 2309 Per
1239 2279 1406 2318 parabolam
1434 2280 1523 2311 turris
1545 2282 1632 2312 docet
1656 2293 1710 2314 nos

890 2325 1034 2356 Dominus
1050 2328 1080 2354 ut
1104 2324 1134 2354 hi
1150 2323 1200 2364 qui
1221 2323 1314 2354 semel
1339 2323 1505 2363 delegerint
1524 2335 1592 2356 eum
1612 2328 1708 2368 sequi,

888 2369 968 2400 idem
983 2369 1163 2409 propositum
1178 2372 1296 2399 servent
1310 2378 1317 2400 :
1336 2378 1390 2399 nec
1406 2369 1500 2400 solum
1511 2370 1623 2410 jaciant
1638 2371 1708 2402 fun—

887 2413 1069 2454 damentum,
1087 2413 1142 2443 hoc
1155 2417 1210 2453 est,
1228 2421 1265 2443 ne
1281 2413 1424 2453 incipiant
1439 2418 1550 2445 tantum
1567 2416 1662 2456 sequi,
1679 2421 1708 2447 et

887 2464 990 2499 postea
1005 2459 1094 2489 tinem
1113 2467 1170 2488 non
1185 2458 1351 2498 imponant,
1369 2462 1399 2488 ut
1414 2458 1443 2489 hi
1459 2459 1510 2500 qui
1523 2469 1582 2490 non
1597 2460 1708 2491 habent

885 2504 1082 2535 sufﬁcientem
1098 2503 1259 2534 alacritatis
1274 2503 1527 2543 prmparationem.
1544 2504 1630 2536 Tales
1639 2505 1705 2536 iue-

884 2553 954 2579 runt
969 2548 1000 2579 lii
1013 2549 1049 2579 de
1061 2547 1169 2588 quibus
1185 2548 1363 2586 evangelista
1377 2548 1441 2578 4υι
1462 2549 1592 2580 Joannes
1607 2549 1680 2581 dicit
1697 2560 1704 2582 :

885 2593 969 2624 Multi
976 2593 1063 2632 igitur
1071 2601 1107 2624 es
1119 2592 1273 2633 discipulis
1281 2593 1347 2633 ejus
1355 2593 1704 2628 abieruntretrorsum".
