1966 3076
157 202 216 234 959

640 204 937 236 THEOPHYLACTI
961 201 1165 233 BULGARLE
1188 202 1366 234 ARCHIEP.

1793 202 1857 235 960

158 272 267 303 audivit
281 277 455 303 concentum
474 276 501 304 et
526 272 644 309 choros,
658 276 686 303 et
703 272 813 302 vocavit
836 281 927 303 unum

1093 271 1195 308 χορῶν,
1230 269 1273 295 καὶ
1302 267 1554 306 προσκαλεσάμενος
1598 269 1643 298 ἱνα
1671 272 1724 298 τῶν
1753 268 1857 298 παίδων

157 316 260 355 pueris
272 317 377 353 servis,
394 322 423 348 et
439 316 630 355 interrogavit
642 316 712 357 quid
731 320 828 347 essent
845 316 946 348 illa.At
956 317 982 348 is

160 360 232 391 dixit
247 361 287 391 illi
304 371 310 392 :
329 362 432 392 Frater
448 366 515 392 tuus
527 361 619 398 venit,
637 365 665 392 et
681 361 790 392 occidit
817 365 901 402 pater
916 364 983 392 tuus

157 405 280 436 vitulum
301 406 382 437 illum
409 406 586 446 saginatum,
605 405 682 446 quod
706 405 886 436 incolumem
898 405 981 436 illum

158 451 318 489 receperit.
337 451 508 491 Indignatus
525 455 569 482 est
584 455 695 490 autem,
721 460 777 481 nec
803 451 918 481 volebat
933 450 982 480 in-

159 495 260 525 troire.
290 496 376 526 Pater
400 505 470 535 ergo
495 495 575 526 illius
591 504 730 534 egressus
743 495 865 535 rogabat
885 495 981 525 illum.

157 540 195 570 At
211 539 262 570 ille
273 540 461 580 respondens
473 540 546 571 dixit
562 539 729 580 patrizEcce
741 545 782 570 tot
795 539 981 571 annisservio

158 583 223 620 tibi,
250 593 306 616 nec
326 594 456 626 unquam
475 589 655 625 praeceptum
680 589 761 615 tuum
782 589 984 624 transgressus

157 637 234 665 sum,
253 638 308 660 nec
324 639 452 670 unquam
474 629 581 660 dedisti
607 629 680 660 mihi
709 629 826 660 haedum
853 633 884 659 ut
912 638 982 659 cum

159 674 262 704 amicis
277 675 349 705 meis
362 675 486 705 lmlarer:
500 675 552 705 sed
567 678 719 715 postquam
741 674 819 704 ﬁlius
837 678 903 704 tuus
923 674 984 715 hic,

158 718 206 758 qui
224 718 373 749 devoravit
385 719 580 750 substantiam
591 724 669 749 tuam
682 728 749 749 cum
761 717 982 753 meretricibus,

159 763 249 797 venit,
267 763 401 794 occidisti
417 763 459 794 illi
471 763 595 794 vitulum
612 763 694 794 illum
704 763 923 803 saginatum.At
934 762 985 793 ille

159 806 232 836 dixit
245 807 290 838 ei:
308 808 375 845 Fili,
393 812 422 838 tu
435 817 556 848 semper
574 817 689 839 mecum
706 817 750 847 es,
767 812 796 838 et
808 808 908 838 omnia
919 817 984 838 mea

160 854 208 880 tna
220 855 307 882 sunt:
326 852 419 882 laetari
437 857 533 883 autem
551 857 579 883 et
594 852 724 892 gaudere
740 851 984 892 oportebat,quia

160 894 251 926 frater
261 901 328 927 tuus
344 897 392 928 hic
409 901 540 927 mortuus
561 901 632 928 erat.
657 906 690 927 ac
707 897 820 932 revixit;
839 900 866 926 et
883 896 983 936 perie-

1024 310 1137 350 δούλων,
1167 311 1323 341 ἐπυνθάνετο
1347 313 1374 340 τί
1399 312 1445 346 εἴη
1473 317 1566 342 ταῦτα’
1597 315 1611 342 ὁ
1634 313 1662 343 δὶ
1676 316 1753 343 εἶπεν
1769 314 1858 350 αὒτῷ,

1024 355 1076 395 ὅτι,
1106 351 1134 385 Ὀ
1164 355 1275 396 ἀδελφός
1297 368 1344 385 σου
1362 356 1432 394 ἥκει,
1448 358 1493 386 καὶ
1507 358 1596 387 ἔθυσεν
1612 360 1626 387 ὃ
1641 360 1729 398 πατὴρ
1745 370 1793 388 σου
1808 362 1856 387 τὸν

1024 402 1129 441 μόσχον
1157 401 1203 430 τὸν
1235 402 1365 438 σιτευτὸν,
1392 402 1432 430 ὃτι
1446 403 1596 441 ὑγιαίνοντα
1612 404 1691 434 αὐτὸν
1704 403 1852 435 ἀπέλαϐεν.

1024 445 1151 485 Ὠργίσθη
1187 445 1214 474 δὲ
1243 447 1287 475 καὶ
1317 449 1365 476 οὒκ
1392 446 1484 480 ἤθελεν
1500 448 1640 480 εἰσελθεῖν.
1660 444 1688 478 Ὀ
1704 448 1748 477 οὖν
1764 450 1857 488 πατὴρ

1024 491 1103 519 αὒτοῦ
1138 490 1259 531 ἐξελθὼν,
1284 491 1428 531 παρεκάλει
1456 493 1545 521 αὐτόν’
1585 495 1599 522 ὃ
1636 493 1663 522 δὲ
1703 494 1857 533 ἀποκριθεὶς

1025 535 1087 564 εἶπε
1123 539 1161 573 τῷ
1189 535 1277 575 πατρί·
1302 535 1368 565 Ἰδοὺ
1396 539 1510 565 τοσαῦτα
1528 537 1575 572 ἔτη
1597 537 1710 567 δουλεύω
1732 549 1785 578 σοι,
1810 538 1857 566 καὶ

1025 579 1149 609 οὖδέποτέ
1177 591 1223 608 σου
1255 580 1366 615 ἐντολήν
1406 581 1544 622 παρεῖδον,
1569 583 1613 611 καὶ
1641 582 1705 621 ἐμοὶ
1727 582 1856 611 οὐδέποτε

1026 624 1125 656 ἔδωκας
1160 624 1260 665 ἔριφον,
1290 625 1335 653 ἴνα
1366 626 1433 664 μετὰ
1455 627 1508 654 τῶν
1524 626 1606 667 φίλων
1629 638 1680 665 μου
1705 628 1855 668 εὖφρανθῶ⁹

1026 669 1070 697 ὅτε
1097 669 1123 697 δέ
1151 671 1165 698 ὁ
1190 670 1244 702 υἱὸς
1274 681 1321 698 σου
1346 672 1432 707 οὗτος,
1450 672 1463 699 ὁ
1485 673 1647 712 καταφαγὼν
1677 682 1722 700 σω
1736 673 1782 700 τὸν
1797 672 1858 710 βίον

1027 714 1094 751 μετὰ
1121 717 1235 757 πορνιῖιν,
1271 714 1365 752 ἦλθεν,
1403 715 1495 747 ἕθτσας
1525 716 1596 754 αὒτῷ
1623 717 1669 745 τὸν
1683 717 1792 757 μόσχον
1807 717 1856 745 τὸν

1027 760 1155 790 σιτευτὸν,
1188 754 1216 788 ι0
1245 758 1272 788 δὲ
1302 760 1379 788 εἶπεν
1409 761 1490 796 αὐτῷ·
1535 761 1643 799 Τέκνον,
1679 761 1711 790 σὺ
1739 761 1857 790 πάντοτε

1025 803 1084 841 μετ’
1115 803 1180 840 ἐμοῦ
1204 804 1244 842 ε’ί,
1282 804 1325 832 καὶ
1361 805 1447 833 πάντα
1475 806 1507 833 τὰ
1523 805 1574 843 ἐμὰ
1589 806 1622 834 σά
1637 807 1719 834 ἔστιν’
1739 805 1856 846 εὔφραν-

1024 850 1101 882 θῆναι
1129 847 1156 876 δέ
1184 848 1246 886 ἔδει,
1284 849 1327 877 καὶ
1357 849 1485 889 χαρῆναι,
1503 850 1546 878 ὃτι
1564 851 1578 878 ὁ
1593 849 1703 891 ἀδελφός
1718 862 1765 879 σου
1778 852 1857 881 οὗτος

1024 893 1115 932 νεκρὸς
1148 894 1181 927 ἦν
1215 894 1257 921 καὶ
1288 893 1412 934 ἂνέζησε,
1439 895 1482 922 καὶ
1510 894 1658 928 ἀπολωλὼς
1680 895 1726 932 ἦν,
1743 895 1788 924 καὶ
1808 895 1858 923 εὗ-

160 941 393 972 rat.etinventus
404 941 615 972 est.»lthHoc
631 942 695 972 loco
709 941 836 972 celebris
846 949 936 971 movei

1080 949 1099 970 ι,
1134 948 1145 963 n
1177 937 1304 966 Ἐνταῦθα
1335 939 1366 966 τὸ
1395 937 1611 978 πολυθρύλλητον
1646 940 1766 977 ζήτημα.
1794 942 1856 970 Πῶς

159 986 306 1024 quaestio:
324 986 477 1023 Quomodo
506 990 645 1027 appareat
670 986 747 1017 ﬁlius
779 986 907 1021 invidus,
938 985 985 1026 qui

161 1028 271 1070 alioqui
288 1030 358 1061 vixit
370 1031 527 1062 etservivit
537 1031 613 1071 patri
626 1031 702 1061 bene
713 1030 918 1070 placens?Quze
929 1030 972 1060 sol
982 1047 986 1052 ι

160 1074 405 1115 vetui-,siquidem
423 1075 593 1115 parabolam
608 1075 674 1116 quis
692 1075 881 1115 expenderit,
894 1084 984 1115 quare

159 1118 345 1150 (lictafuerit.
370 1119 498 1151 Omnino
525 1121 604 1151 enim
634 1121 704 1161 quia
719 1119 984 1151 obmurmurabant

161 1162 285 1194 Domino
302 1164 586 1205 Pliariszei,mundos
601 1165 737 1205 etjustos
750 1174 781 1195 se
799 1169 986 1204 putantes,eo

160 1208 236 1248 quod
246 1208 411 1248 susciperet
423 1209 594 1240 meretrices
606 1209 987 1250 etpublicanos,propterea

162 1252 301 1292 parabola
317 1254 370 1284 ista
387 1263 452 1284 cum
470 1253 516 1285 his
530 1263 595 1294 qum
610 1257 680 1285 ante
706 1263 769 1284 eam
794 1253 880 1284 dictae
905 1257 983 1293 sunt,

163 1297 355 1337 proponitur:
373 1298 612 1339 quandoquidem
635 1298 723 1337 igitur
748 1298 827 1328 dicta
851 1297 898 1338 sit,
915 1298 985 1337 quia

163 1341 302 1373 Phariswi
314 1343 364 1383 qui
376 1343 616 1382 erant,justiores
626 1342 837 1383 publicanis,ut
846 1342 984 1373 videban-

162 1390 219 1418 tur.
236 1387 518 1418 obmurmurabant:
534 1387 691 1418 considera
702 1387 779 1428 quod
798 1396 922 1426 persona
932 1387 984 1418 ﬁlii

163 1431 212 1470 qui
229 1430 383 1462 videbatur
394 1430 620 1462 obmurmurare
632 1431 758 1462 sumitur
766 1435 868 1462 contra
881 1441 986 1462 omnes

163 1475 210 1515 qui
225 1475 461 1506 scandalizantur
472 1476 502 1506 in
519 1477 672 1516 repentina
688 1476 827 1506 felicitate
847 1480 875 1506 et
890 1476 984 1507 salute

164 1521 423 1559 peccatorumzhoc
438 1524 535 1551 autem
547 1530 605 1551 non
622 1525 665 1551 est
675 1520 858 1556 invidiae,sed
873 1530 987 1560 magnae

1028 982 1042 1009 ὁ
1069 982 1123 1013 υίὸς
1152 982 1270 1021 φαίνεται
1307 983 1431 1022 φθονερὸς
1461 984 1474 1011 ὁ
1497 983 1643 1023 εὖαρέστως
1657 984 1742 1020 ζήσας
1755 983 1856 1018 τᾶλλα,

1027 1027 1070 1054 καὶ
1105 1024 1278 1058 δεδουλευκὼς
1314 1030 1352 1063 τῷ
1380 1028 1484 1066 πατρίς
1515 1024 1557 1056 ’ίο
1572 1027 1725 1066 λυθήσεται,
1743 1027 1803 1067 εἴγε
1814 1039 1857 1060 τις

1025 1070 1075 1098 τὴν
1103 1070 1258 1110 παραϐολὴν
1287 1070 1486 1112 ἂναλογίσαιτο,
1516 1071 1559 1100 διὰ
1579 1073 1604 1100 τί
1627 1073 1730 1112 ἐῤῥὲθη’
1748 1074 1858 1104 παντως

1030 1115 1078 1154 γὰρ
1111 1114 1176 1143 διότι
1205 1115 1347 1155 ἐγόγγυζον
1389 1117 1413 1145 οἱ
1452 1118 1573 1156 καθαροὶ,
1617 1118 1660 1146 καὶ
1694 1117 1858 1149 δικαιοῦντες

1029 1159 1135 1193 ἑαυτοὺς
1174 1163 1317 1200 Φαρισαῖοι
1359 1161 1402 1189 ἐπὶ
1440 1161 1478 1199 τῷ
1522 1163 1609 1202 Κυρίῳ
1649 1161 1859 1203 προσδεχομένῳ

1028 1205 1127 1244 πόρνας
1154 1205 1197 1233 καὶ
1223 1204 1352 1246 τελώνας,
1395 1205 1436 1233 διὰ
1464 1206 1542 1235 τοῦτο
1571 1207 1585 1240 ἡ
1617 1206 1758 1246 παραϐολὴ
1787 1206 1857 1240 αὕτη

1029 1250 1095 1287 μετὰ
1116 1252 1169 1277 τῶν
1197 1250 1247 1289 πρὸ
1276 1250 1357 1284 αὐτῆς
1388 1250 1505 1290 εἴρηται⁶
1538 1251 1596 1279 ἐπεὶ
1618 1253 1662 1280 οὖν
1684 1251 1751 1281 διότι
1773 1251 1859 1291 ἐγόγ-

1026 1297 1103 1332 γυζον
1133 1295 1157 1322 οἱ
1185 1297 1343 1335 Φαρισαῖοι,
1371 1293 1466 1323 δίκαιοι
1481 1296 1556 1327 ὄντες
1569 1296 1635 1336 ὓπὲρ
1651 1296 1710 1329 τοὺς
1725 1296 1857 1332 τελώνας,

1025 1339 1062 1370 ὡς
1097 1337 1216 1375 ἐδόκουν,
1252 1339 1372 1378 εἴρηται·
1411 1339 1504 1368 σκόπει
1535 1340 1574 1368 δτι
1597 1341 1628 1368 τὸ
1651 1340 1796 1380 πρόσωπον
1809 1344 1859 1369 τοῦ

1025 1382 1162 1415 δοκοῦντος
1199 1384 1337 1423 γογγύζειν
1375 1386 1431 1413 υἱοῦ
1473 1384 1637 1423 λαμϐάνεται
1679 1386 1715 1418 εἰς
1755 1385 1858 1417 πάντας

1026 1428 1086 1460 τοὺς
1112 1427 1365 1466 σκανδαλιζομὲνους
1390 1429 1433 1457 ἐπὶ
1458 1432 1493 1468 τῇ
1534 1429 1614 1467 ἀθρόᾳ
1642 1430 1782 1470 εὒπραγίᾳ,
1813 1431 1859 1459 καὶ

1027 1473 1144 1512 σωτηρίᾳ
1172 1474 1225 1501 τῶν
1258 1473 1436 1512 ἁμαρτωλῶν·
1468 1478 1545 1503 τοῦτο
1573 1474 1600 1503 δὲ
1616 1476 1663 1504 οὐκ
1678 1475 1734 1503 ’ἐστι
1748 1475 1855 1516 φθόνος,

1027 1517 1088 1546 ἀλλ’
1117 1518 1260 1558 ὑπέρχυσις
1289 1518 1338 1552 τῆς
1367 1519 1561 1559 φίλανθρωπίας
1590 1521 1638 1549 τοῦ
1661 1524 1727 1549 Θεοῦ
1741 1521 1857 1560 ἆγνοω-

165 1563 353 1603 benignitatis
368 1565 487 1602 divinae,
501 1575 587 1605 quam
604 1575 657 1596 nos
673 1565 856 1603 ignoramus,
874 1569 901 1595 et
914 1575 941 1605 pl

1080 1574 1098 1596 η
1124 1563 1204 1602 ἡμῖν,
1235 1574 1279 1591 και
1300 1562 1343 1592 διὰ
1372 1565 1448 1593 τοῦτο
1480 1564 1604 1592 τίκτουσα
1630 1563 1854 1605 τὸνγογγυσμόν·

165 1613 266 1648 pterea
282 1609 358 1649 parit
378 1610 654 1641 murmurationem.
675 1611 781 1641 Annon
797 1615 825 1641 et
837 1609 925 1640 David
938 1610 986 1640 in-

163 1653 245 1683 ducit
270 1662 425 1692 personam
453 1663 519 1694 quae
543 1654 743 1684 oﬁ‘enditurin
760 1664 831 1694 pace
848 1659 986 1694 peccato-

153 1697 246 1728 rum?
257 1703 285 1728 et
300 1698 439 1729 similiter
452 1698 709 1735 Jereinias,uQuid
728 1699 804 1739 quod
823 1699 868 1729 via
883 1699 988 1738 impio-

163 1752 228 1772 rum
246 1743 597 1782 prosperatur,dicens,et
611 1743 745 1783 plantasti
755 1753 816 1777 eos.
832 1748 858 1774 et
871 1744 986 1774 radices

163 1788 343 1826 egerunt“)?
361 1801 373 1815 π
392 1787 460 1818 Haec
472 1788 549 1818 enim
564 1789 663 1818 omnia
675 1792 744 1818 sunt
760 1788 944 1818 inﬁrmarum
958 1793 989 1831 et

164 1841 327 1872 pauperum
344 1832 556 1872 cogitationum
573 1832 986 1872 liominum,quiacccenduu-

161 1881 253 1911 tur.et
269 1877 430 1918 loquuntur
442 1878 471 1908 in
480 1877 675 1917 prosperitate
690 1878 834 1908 malorum
852 1877 983 1915 indigna.

164 1922 239 1953 Dicit
267 1922 357 1962 igitur
372 1931 425 1962 per
439 1926 616 1962 praesentem
646 1922 815 1962 parabolam
841 1922 986 1953 Dominus

165 1967 318 1997 Pliariszeis
333 1967 414 2007 quasi
427 1967 456 1997 in
473 1967 550 1997 hunc
563 1966 914 2006 inodiiszsto,vosjusti
925 1967 988 1997 sitis

161 2011 239 2042 sicut
257 2011 334 2042 ﬁlius
351 2012 400 2043 ille
411 2017 439 2042 et
451 2011 671 2052 beneplaceatis
683 2012 775 2043 Patri:
795 2011 922 2042 obsecro
938 2021 988 2042 vos

158 2056 255 2095 justos
276 2061 305 2087 et
327 2057 465 2094 mundos,
482 2066 520 2087 ne
544 2056 778 2087 obmnrmurelis
794 2056 831 2087 ob
856 2056 986 2087 laetitiam

163 2110 250 2141 quam
265 2101 410 2132 habemus
426 2106 545 2141 propter
557 2101 721 2141 peccatoris
735 2101 872 2141 salutem,
889 2101 985 2142 siqui-

162 2145 229 2176 dem
247 2146 295 2176 hic
311 2155 427 2186 quoque
439 2146 517 2176 ﬁlius
535 2150 580 2176 est
596 2145 695 2186 Itaque
708 2155 765 2176 non
778 2150 900 2186 apparet
916 2145 987 2176 invi-

163 2190 277 2226 dia,sed
307 2190 449 2220 Dominus
480 2190 697 2221 l’hariszeorum
723 2194 853 2222 mentem
869 2190 989 2222 instruit

1029 1607 1078 1646 ἆρα
1107 1608 1156 1646 γὰρ
1186 1609 1200 1635 ὁ
1229 1607 1312 1636 Δαυίδ
1340 1609 1387 1637 οὒκ
1415 1609 1515 1648 εἰσάγει
1544 1609 1686 1649 πρόσωπον
1711 1608 1857 1638 σκανδαλι-

1028 1652 1140 1690 ζομένου
1162 1652 1205 1680 ἐπὶ
1220 1655 1254 1691 τῇ
1285 1654 1377 1691 εἰρήνῃ
1393 1657 1446 1682 τῶν
1468 1653 1633 1693 ἁμαρτωλῶν
1650 1665 1658 1692 ς
1674 1655 1720 1683 καὶ
1741 1655 1755 1682 ὁ
1772 1654 1857 1694 Ἰερε-

1029 1697 1090 1734 μίας
1107 1697 1217 1735 ὁμοίως,
1237 1707 1249 1725 α
1275 1698 1305 1726 Τί
1320 1698 1358 1725 ὃτι
1373 1697 1432 1730 ὁδός
1448 1697 1550 1727 ἀσεϐῶν
1565 1699 1726 1737 εὖθηνεϊται,
1757 1698 1859 1739 λέγων,

1028 1742 1071 1770 καὶ
1114 1742 1255 1781 ἐφύτευσας
1281 1742 1387 1780 αὐτοὺς,
1427 1744 1472 1771 καὶ
1504 1742 1702 1783 ἐριζοϐόλησαν·
1732 1755 1744 1773 ι
1771 1745 1859 1773 Ταῦτα

1029 1787 1078 1827 γὰρ
1106 1787 1191 1815 πάντα
1219 1787 1268 1822 τῆς
1300 1787 1422 1820 ἆσθενους
1451 1789 1494 1816 καὶ
1530 1789 1645 1828 πτωχῆς
1674 1788 1788 1820 διανοίας
1804 1789 1854 1817 εἶσὶ

1027 1835 1080 1860 τῶν
1113 1832 1258 1872 ἀνθρώπων
1286 1832 1508 1872 ἐμπυριζομὲνης,
1538 1834 1582 1861 καὶ
1611 1833 1783 1869 δισταζούσης
1813 1831 1857 1861 ἰπὶ

1028 1879 1061 1914 τῇ
1095 1875 1197 1914 ἀναξία,
1229 1875 1306 1910 δῆθεν
1348 1877 1476 1916 εὐπραγίᾳ
1517 1880 1570 1905 τῶν
1608 1879 1745 1917 πονηρῶν,
1779 1876 1857 1916 Λέγει

1028 1921 1113 1950 τοίνυν
1154 1920 1196 1949 διὰ
1222 1921 1270 1955 τῆς
1287 1922 1424 1961 παρούσης
1439 1921 1594 1961 παραϐολῆς
1610 1923 1624 1950 ὁ
1646 1923 1739 1962 Κύριος
1756 1932 1858 1961 μονον-

1030 1966 1092 2006 ουχὶ
1126 1969 1234 1994 τοιαῦτα
1263 1972 1322 1998 τοῖς
1352 1966 1519 2004 Φαρισαίοις·
1539 1965 1647 2006 "Ea-1m,
1668 1966 1748 2004 ὑμεῖς
1762 1965 1858 1994 δίκαιοι

1028 2011 1096 2038 κατὰ
1119 2011 1164 2038 τὸν
1202 2011 1257 2039 υἱὸν
1287 2010 1402 2049 ἐκεῖνον,
1432 2011 1476 2039 καὶ
1513 2011 1646 2051 εὐάρεστοι
1682 2014 1721 2047 τῷ
1764 2011 1858 2049 Πατρὶ,

1028 2055 1175 2094 παρακαλῶ
1213 2056 1281 2093 ὑμᾶς
1316 2056 1378 2087 τοὺς
1410 2055 1525 2088 δικαίους
1554 2056 1598 2084 καὶ
1639 2056 1780 2095 καθαροὺς,
1819 2055 1859 2093 μὴ

1028 2100 1165 2139 γογγύζειν
1191 2101 1234 2128 ἐπὶ
1261 2101 1296 2134 τῆ
1325 2100 1482 2141 εὐφροσύνῃ,
1512 2099 1545 2134 ἥν
1568 2101 1712 2139 ποιούμεθπο
1739 2099 1781 2129 διὰ
1808 2100 1858 2134 τὴν

1030 2146 1075 2173 τοῦ
1110 2144 1268 2184 ἁμαρτωλοῦ
1296 2146 1439 2185 σωτηρίαν”
1478 2148 1522 2174 καὶ
1557 2145 1606 2185 γὰρ
1634 2146 1678 2174 καὶ
1698 2146 1774 2178 οὗτος
1789 2145 1863 2176 υἱὸς.

1031 2191 1067 2219 Οὒ
1096 2189 1181 2218 τοίνυν
1218 2190 1311 2230 φθόνος
1340 2190 1459 2219 ἐντεῦθεν
1473 2190 1640 2231 ἐμφαίνεται,
1657 2189 1726 2218 ἀλλὰ
1741 2190 1790 2224 τὴν
1804 2192 1858 2218 τῶν

163 2244 216 2274 per
229 2234 396 2275 parabolam
410 2235 536 2271 illaiii,ut
553 2234 668 2265 etiamsi
681 2235 752 2273 justi
769 2235 826 2275 ipsi
844 2239 939 2266 essent

1081 2234 1180 2263 Μαίων
1206 2235 1319 2273 γνώμην
1360 2234 1478 2263 παιδεύει
1507 2236 1521 2263 ὁ
1558 2235 1652 2275 Κὺριος
1680 2234 1722 2263 διὰ
1737 2235 1787 2268 τῆς
1803 2245 1857 2262 πα-

164 2279 264 2309 omnia
274 2279 411 2309 mandata
423 2278 473 2309 Dei
483 2278 832 2319 perfecissent,gravatim
842 2279 919 2310 ferre
931 2290 988 2310 non

163 2323 309 2354 deberent
318 2323 429 2364 suscipi
442 2325 691 2364 peccatores.Nec
703 2325 810 2355 mirum
825 2326 900 2355 estsi
912 2334 989 2363 aegre

162 2368 292 2399 feramus
302 2378 392 2408 super
400 2369 446 2399 liis
457 2378 523 2408 qum
534 2368 655 2408 indigne
668 2369 804 2400 videntur
817 2368 990 2400 ﬁeri.Tanta

165 2413 244 2444 enim
262 2413 314 2444 Dei
330 2418 373 2444 est
382 2413 595 2454 benignitas,et
603 2419 659 2445 tam
672 2414 835 2445 liberaliter
849 2423 902 2445 sua
913 2413 990 2445 bona

163 2458 248 2489 nobis
262 2459 509 2498 communicat,ut
519 2463 548 2489 et
559 2458 723 2499 indignatio
740 2464 768 2489 et
783 2459 988 2490 obmurmura-

162 2503 202 2533 tio
218 2503 289 2541 inde
305 2503 385 2533 nasci
405 2504 548 2543 posset:id
561 2505 638 2544 quod
651 2504 680 2534 in
691 2504 827 2535 familiari
843 2503 991 2543 colloquio

162 2548 389 2589 dicimus.Saape
399 2558 465 2579 cum
479 2549 634 2580 beneﬁciis
647 2548 816 2589 quempiam
826 2548 990 2587 aﬂ‘ecimus,

161 2594 306 2624 etdeinde
314 2594 423 2633 gratias
433 2604 492 2625 non
504 2593 993 2634 egerit,dicimus:Reprehendunt

163 2649 209 2669 me
225 2649 329 2670 omnes
341 2639 420 2679 quod
442 2643 521 2670 tanta
537 2641 565 2669 in
584 2643 611 2669 te
627 2638 772 2669 beneﬁcia
787 2638 963 2669 contulerim
984 2649 990 2668 :

161 2684 296 2724 quamvis
323 2684 401 2716 forte
418 2693 507 2715 nemo
524 2693 577 2714 nos
602 2683 834 2723 reprehenderit
861 2689 990 2714 attamen

165 2729 398 2768 magnitudinem
414 2729 620 2759 beneﬁcentiae
634 2728 792 2759 ostendere
803 2728 990 2769 volentes,it.i

161 2773 480 2812 ﬁngimusNideamus
489 2776 588 2805 autem
603 2777 632 2804 et
644 2772 841 2813 particulatim
857 2777 884 2804 et
896 2773 989 2804 brevi’

200 2858 232 2884 79
250 2859 364 2891 Jerem.
382 2867 435 2897 xu,
453 2859 484 2891 2.

1030 2278 1147 2318 ραϐολῆς
1175 2279 1286 2319 ταύτης,
1315 2279 1384 2308 ὥστε
1411 2280 1433 2308 εἰ
1454 2280 1497 2308 καὶ
1512 2278 1606 2308 δίκαιοι
1642 2279 1698 2308 dea
1714 2279 1799 2315 αὐτοὶ,
1815 2280 1860 2307 καὶ

1030 2327 1117 2352 πᾶσαν
1146 2322 1257 2357 ἐντολὴν
1285 2327 1331 2352 τοῦ
1367 2324 1434 2353 Θεοῦ
1456 2323 1676 2365 πεπληρωκότες,
1700 2323 1740 2361 μὴ
1755 2322 1858 2364 δυσχε-

1030 2368 1125 2408 ραίνειν
1171 2368 1214 2396 ἐπι
1252 2369 1286 2407 τῇ
1327 2368 1470 2409 παραδοχῇ
1501 2370 1553 2397 τῶν
1592 2367 1771 2407 αμαρτωλῶν.
1811 2369 1860 2397 Καὶ

1032 2412 1105 2442 οὐδὲν
1132 2413 1282 2450 θαυμαστὸν
1311 2414 1332 2440 εἰ
1366 2412 1571 2453 δυσχεραίνομεν
1594 2413 1638 2442 ἐπὶ
1664 2419 1724 2445 τοῖς
1747 2411 1860 2445 ἀναξίως

1033 2457 1135 2487 δοκοῦσι
1165 2458 1289 2496 γίνεσθαι,
1326 2458 1443 2492 τοσαύτη
1471 2459 1520 2498 γὰρ
1569 2458 1640 2486 ἔστιν
1674 2458 1691 2490 ἡ
1719 2461 1765 2486 τοῦ
1794 2461 1861 2486 Θεοῦ

1033 2502 1223 2542 φιλανθρωπία,
1262 2503 1306 2530 καὶ
1333 2502 1418 2535 οὕτως
1446 2503 1566 2543 ἀφθόνως
1590 2501 1767 2540 μεταδῖδωσιν
1791 2502 1860 2539 ἡμῖν

1034 2551 1087 2576 τῶν
1123 2548 1225 2576 οἰκείων
1251 2547 1368 2586 ἀγαθῶν,
1399 2547 1468 2576 ὥστε
1490 2548 1534 2575 καὶ
1554 2547 1708 2586 γογγυσμὸν
1727 2546 1861 2575 τίκτεσθαι

1034 2594 1150 2620 ἐντεῦθεν
1175 2590 1308 2620 δύνασθαν
1338 2591 1404 2630 ὅπερ
1439 2593 1483 2621 καὶ
1507 2591 1534 2620 ἐν
1559 2593 1593 2630 τῇ
1636 2592 1741 2626 συνήθει
1771 2590 1863 2628 ὁμιλίᾳ

1033 2637 1157 2677 λέγομεν,
1189 2635 1318 2669 Πολλάκις
1357 2636 1406 2675 γὰρ
1455 2635 1674 2676 εὖεργετήσαντές
1698 2646 1768 2672 τινα,
1798 2635 1861 2664 εἶτα

1034 2681 1258 2722 ἀχαριστηθέντες
1281 2679 1344 2720 παρ’
1380 2681 1459 2709 αὑτοῦ
1490 2681 1615 2721 λέγομεν,
1638 2680 1679 2709 ὅτι
1706 2679 1861 2719 Μέμφονταί

1034 2739 1080 2765 μοι
1117 2727 1226 2764 πάντες,
1255 2726 1296 2754 ὅτι
1325 2736 1354 2754 σε
1390 2726 1558 2766 εὐηργέτησα
1580 2729 1704 2755 τοσαῦτα·
1724 2724 1808 2753 καίτοι
1831 2736 1862 2763 γε

1033 2773 1102 2805 ’ἱσως
1131 2771 1179 2801 οὒκ
1207 2771 1347 2810 ἐμέμψατό
1373 2781 1412 2802 τις
1423 2773 1502 2809 ἡμῖν,
1519 2770 1587 2800 ἀλλὰ
1603 2770 1676 2810 ὅμως
1690 2769 1738 2804 τῆς
1754 2769 1862 2810 εὒεργε-
