1966 3076
224 164 232 194 l
239 163 298 196 003

701 160 996 193 THEOPHYLACTI
1018 156 1221 194 BULGARIA-i
1243 157 1420 196 ARCHIEP.

1838 162 1910 196 1004

259 231 349 262 Vens.
363 231 445 263 9-H.
463 243 474 258 α
494 230 571 262 Dixit
587 235 686 261 autem
699 234 726 260 et
744 229 780 260 ad
798 229 940 269 quosdam
953 227 1035 269 quiin

1167 231 1235 259 Εἶπε
1258 231 1284 260 δὲ
1301 234 1344 260 καὶ
1365 232 1431 272 πρός
1453 243 1526 265 τινας
1541 233 1602 265 τοὺς
1618 233 1781 265 πεποιθότας
1793 233 1843 273 ἔφ’
1860 234 1917 261 ἔτι·

219 285 251 306 se
263 274 455 306 conﬁdebant
466 275 544 314 quod
555 273 748 314 esseutjusti,
763 278 791 304 et
809 273 1047 314 aspernabantur

218 324 351 355 caeteros,
369 319 539 359 parabolam
553 318 639 350 istam
655 329 661 349 ;
679 319 743 349 Duo
752 318 890 348 homines
901 317 1046 348 ascende-

218 363 287 394 bant
300 363 328 394 in
347 364 488 403 templum
503 370 534 394 ut
547 367 760 403 precarentur;
778 372 854 392 unus
867 362 1043 398 Pharisceus,

218 413 246 439 et
261 409 336 438 alter
353 408 539 447 publicanus.
559 408 725 438 Pharisaaus
740 409 822 438 stans
845 407 906 437 haec
920 407 997 446 apud
1013 415 1045 436 se

217 452 337 483 orabat:
355 452 443 492 Deus,
457 453 563 492 gratias
574 461 627 490 ago
648 451 699 482 tibi
718 451 795 492 quod
813 461 869 481 non
886 461 951 481 sum
968 451 1046 481 sicut

216 497 315 527 caeteri
341 497 490 534 homines,
508 502 652 537 raptores,
676 496 791 536 injusti,
811 495 949 533 adulteri,
966 495 1045 526 velut

217 542 304 572 etiam
319 542 367 572 hic
384 542 559 582 publicanus
573 551 581 578 ;
596 542 701 581 jejuno
713 541 758 571 bis
768 541 797 571 in
809 540 948 580 Sabbato,
961 539 1044 570 deci-

218 595 283 618 mas
298 586 335 616 (lo
354 586 486 616 omnium
500 595 563 626 quin
576 586 726 626 possideo.
744 586 779 616 Et
790 585 965 624 publicanus
974 594 1044 624 pro-

215 631 262 661 cul
279 636 374 670 stans,
397 641 450 661 nec
466 631 567 661 oculos
588 630 703 661 volebat
718 631 753 660 ad
770 630 880 661 coelum
896 630 1041 666 attollere,

216 677 267 707 sed
285 677 427 707 tundebat
437 680 539 716 pectus
554 686 638 706 suum
653 676 755 706 dicens
771 686 776 705 :
798 675 884 712 Deus,
899 675 1043 716 propitius

216 726 276 751 esto
288 722 359 751 mihi
369 721 529 761 peccatori.
544 721 616 752 Dico
627 720 721 758 vobis,
736 720 891 751 descendit
904 719 1045 759 hicjusti-

216 765 321 795 ﬁcatus
333 766 362 796 in
375 765 496 796 domum
509 774 602 801 suam,
616 764 708 804 magis
716 774 802 805 quam
814 764 864 795 ille
878 776 884 793 :
898 764 967 804 quia
976 773 1042 794 om—

215 810 263 839 nis
277 810 327 850 qui
343 819 374 840 se
397 810 519 847 extollit,
538 809 755 847 humiliabitur,
776 813 805 840 et
826 809 923 840 omnis
945 809 993 849 qui
1009 817 1042 839 se

216 854 362 890 humiliat,
380 855 548 885 extolletur.
566 866 582 882 π
598 854 662 884 Non
673 859 771 885 cessat
787 855 929 884 Dominus
945 854 1040 894 pluri-

217 898 270 929 bus
295 900 476 938 argumentis
492 908 652 939 repurgare
670 898 818 938 superbiao
839 899 954 929 vitium.
971 898 1040 930 Plus

215 944 293 974 enim
305 943 371 974 aliis
385 943 460 973 vitiis
472 948 604 974 mentem
618 944 777 974 humanam
791 943 1040 983 turbat,propter-

215 997 250 1018 ea
265 997 343 1028 saepe
359 992 387 1019 et
403 988 527 1018 multum
540 988 576 1018 de
593 988 646 1019 hac
663 988 760 1019 docet.
772 987 906 1028 Denique
919 992 947 1018 et
960 997 1040 1018 nunc

198 1033 348 1072 ,pejorem
368 1033 432 1072 ejus
457 1033 586 1072 speciem
617 1038 734 1072 purgat.
751 1033 844 1064 Multa
871 1032 950 1063 enim
973 1036 1039 1063 sunt

215 1077 367 1117 philautize
379 1077 635 1117 germina.0pinio
647 1078 683 1108 de
695 1087 726 1107 se
740 1077 1036 1116 magna,arrogantia,

214 1126 242 1152 et
258 1122 353 1152 inanis
368 1122 471 1160 gloria;
486 1121 632 1161 cupiditas
643 1121 679 1152 ab
693 1122 747 1152 hac
761 1121 916 1162 pullulant.
931 1121 1039 1151 Perni-

213 1167 310 1197 ciosor
322 1171 419 1197 autem
437 1166 577 1197 omnibus
593 1166 659 1196 aliis
676 1170 721 1196 est
735 1165 889 1205 superbia,
907 1175 973 1204 quae
985 1164 1039 1196 Dei

214 1215 258 1241 est
274 1215 473 1250 contemptus.
488 1210 559 1242 Cum
577 1211 656 1241 enim
670 1210 736 1250 quis
752 1219 810 1240 non
825 1209 897 1247 Deo,
915 1209 967 1240 sed
983 1209 1038 1240 sibi

213 1264 265 1285 sua
281 1255 359 1287 bona
372 1265 463 1295 opera
486 1255 598 1291 tribuit,
623 1255 692 1295 quid
712 1255 766 1285 hoc
779 1254 857 1285 aliud
874 1264 960 1294 quam
982 1263 1038 1285 ne-

213 1309 281 1339 gare
291 1299 383 1330 Deum
396 1305 452 1336 est,
464 1305 493 1329 et
510 1299 536 1330 ei
552 1299 727 1330 adversari?
743 1300 804 1330 Hoc
820 1299 909 1338 igitur
923 1298 1036 1336 vitium,

212 1344 260 1376 cui
275 1344 417 1375 Dominus
440 1345 481 1376 ita
495 1343 678 1380 adversatur,
704 1349 734 1374 ut
750 1343 889 1374 inimicus
904 1343 1036 1379 inimico,

212 1389 266 1419 hac
277 1389 416 1429 parabola
429 1388 1035 1427 medicariDominusdeclaratur.Propter

211 1434 268 1464 hoc
281 1434 359 1464 enim
377 1433 456 1474 quod
472 1433 625 1464 conﬁdunt
642 1433 672 1462 in
687 1432 805 1473 seipsis,
820 1436 846 1463 et
865 1442 923 1462 non
940 1437 1033 1462 totum

211 1477 271 1508 Deo
289 1478 432 1516 tribuutit,
455 1478 506 1508 sed
531 1477 603 1508 alios
626 1486 679 1516 per
703 1478 757 1508 hoc
774 1477 955 1514 exinaniunt,
972 1477 1036 1507 haec

212 1522 303 1553 dicit:
322 1527 351 1553 et
367 1522 496 1553 ostendit
508 1521 584 1562 quod
594 1521 720 1561 justitia,
734 1522 865 1561 quamvis
876 1521 985 1561 alioqui
999 1521 1036 1551 sit

214 1567 372 1603 mirabilis,
391 1572 418 1598 et
434 1567 583 1598 hominem
600 1566 660 1597 Deo
677 1567 844 1606 proximum
861 1566 1064 1617 conSIizuat,c

211 1621 277 1642 cum
293 1612 463 1651 superbiam
479 1611 644 1649 admiserit,
663 1610 813 1641 hominem
833 1620 861 1641 :n
876 1611 972 1641 locum
986 1613 1032 1641 in-

211 1656 311 1686 timum
327 1655 453 1695 rvjiciat,
470 1659 499 1685 et
522 1655 688 1685 daemonem
714 1655 832 1693 reddat,
855 1655 904 1695 qui
917 1655 979 1694 jam
1001 1664 1032 1686 se

210 1700 352 1740 azqualem
373 1700 431 1730 Deo
447 1700 569 1731 fecerat.
599 1699 714 1730 Similia
741 1699 838 1739 itaque
860 1704 927 1730 sunt
944 1699 1033 1730 verba

208 1743 348 1776 Pharisaei
360 1744 395 1775 ab
406 1744 502 1780 initio,
517 1744 591 1784 grati
609 1744 738 1774 hominis
750 1743 1032 1776 sermonibus.Gra-

209 1790 263 1820 tias
275 1790 353 1820 enim
365 1790 460 1820 habeo
472 1789 535 1829 tibi,
545 1790 733 1829 inquit,Deus
747 1798 754 1826 ;
770 1794 798 1820 at
810 1793 914 1819 caetera
925 1794 1033 1828 quanta

210 1835 318 1865 referta
334 1838 400 1864 sunt
413 1833 594 1873 arrogantia!
612 1833 682 1863 454
697 1832 760 1864 Non
778 1833 856 1863 enim
873 1833 955 1871 dixit,
973 1832 1031 1864 Fe-

211 1879 274 1909 cisti
290 1888 338 1910 me
354 1878 503 1909 abstinere
519 1878 554 1909 ab
573 1878 727 1918 injustitia,
746 1882 774 1908 et
797 1887 813 1907 a
828 1877 932 1917 rapina
948 1887 955 1909 :
979 1878 1031 1909 sed

211 1923 376 1963 quomodo?
388 1924 452 1954 Non
460 1933 535 1954 sum.
548 1923 669 1963 Sibiipsi
678 1922 760 1953 altril
770 1922 812 1952 uit
823 1922 932 1953 bonum
945 1932 1030 1963 opus,

212 1971 241 1999 et
257 1977 309 1999 suo
324 1968 438 2000 robori.
455 1969 491 1998 At
507 1968 580 1999 alios
599 1967 737 2008 judicare
752 1967 901 2007 quomodo
918 1971 962 1998 est
975 1968 1032 1998 ho—

213 2013 301 2043 minis
312 2013 434 2043 scientis
443 2013 520 2052 quod
534 2022 549 2043 a
565 2012 626 2043 Deo
640 2012 745 2043 habeat
757 2021 822 2052 quae
831 2011 941 2042 habet?
957 2012 1032 2043 0m-

211 2058 281 2088 nino
293 2057 372 2088 enim
388 2058 410 2088 si
427 2057 604 2088 credidisset
617 2057 695 2097 quod
707 2065 760 2097 per
775 2056 897 2095 gratiam
911 2055 1034 2087 haberet

211 2103 306 2132 aliena
323 2102 409 2141 bona,
429 2111 486 2132 non
501 2102 726 2141 contempsisset
740 2100 825 2138 alios,
838 2101 1031 2132 considerans

211 2146 392 2187 quodetiam
409 2147 472 2186 ipse
495 2155 578 2186 anque
603 2146 700 2176 nudus
726 2150 816 2183 esset,
838 2150 978 2185 quantum
995 2145 1031 2177 ad

211 2201 292 2222 suam
308 2191 443 2221 virtutem
460 2191 613 2222 attinebat.
631 2190 727 2222 Gratis
748 2190 827 2221 enim
852 2190 973 2221 indutus
988 2195 1033 2222 est

1087 281 1157 311 τοῖς,
1181 275 1220 304 ὅτι
1247 277 1294 304 εἶσὶ
1323 276 1430 316 δίκαιοι,
1466 277 1510 304 καὶ
1538 276 1733 310 ἐξουθενοῦντας
1762 279 1831 309 τοὺς
1862 277 1919 304 λοι-

1087 320 1164 358 ποὺς,
1180 322 1228 354 τὴν
1245 320 1396 361 παραϐολὴν
1418 321 1517 354 ταύτην
1535 330 1541 336 ·
1579 321 1734 361 ”Λνθρωποι
1757 321 1802 351 δύο
1820 320 1919 354 ἀδέὸη.

1087 375 1134 392 σαν
1164 366 1198 398 εἷς
1229 366 1260 394 τὸ
1288 366 1357 404 ἱερὸν
1387 365 1598 405 προσεύξασθαι·
1628 368 1641 395 ὁ
1671 367 1713 399 εἷς
1753 371 1918 406 Φαρισαῖος,

1085 410 1128 436 καὶ
1151 410 1165 437 ὁ
1191 409 1278 447 ἕτερος
1312 410 1442 444 τελώνης,
1468 406 1496 439 Ὀ
1528 414 1688 449 Φαρισαῖος,
1710 412 1815 444 σταθεὶς
1857 412 1919 450 πρὸς

1087 453 1190 494 ἑαυτὸν,
1214 459 1294 484 ταῦτα
1323 456 1494 495 προσηύχετο
1511 462 1518 470 ·
1544 451 1573 484 ’0
1596 456 1672 492 Θεὸς,
1697 455 1857 495 εὖχαριστῶ
1880 468 1918 483 ,τοι

1086 498 1127 526 ὅτι
1147 499 1195 527 οὐκ
1213 500 1267 537 εἷμί
1286 500 1374 539 ὥσπερ
1396 501 1419 527 oi
1441 499 1528 527 λοιποὶ
1550 501 1602 527 τῶν
1638 499 1795 539 ἀνθρώπων,
1826 500 1916 539 ἅρπα-

1085 553 1142 582 γες,
1172 543 1267 581 ἄδικοι,
1291 545 1395 584 μοιχοὶ,
1420 544 1438 578 ἢ
1460 545 1504 572 καὶ
1526 545 1561 575 ὡς
1584 544 1660 576 οὗτος
1677 546 1690 572 ὁ
1715 544 1855 578 τελώνης·
1875 557 1918 577 νη-

1085 588 1168 616 στεύω
1189 587 1226 620 δὶς
1248 592 1293 617 τοῦ
1315 587 1463 625 Σαϐϐἇτου,
1480 587 1633 617 ἀποδεκατῶ
1649 589 1734 617 πάντα
1759 589 1809 617 ὅσα
1843 591 1917 617 κτῶ-

1085 644 1144 670 μαι.
1176 634 1224 662 Καὶ
1241 635 1254 661 ὁ
1270 632 1399 669 τελώνης,
1423 633 1553 671 μακρόθεν
1568 634 1664 670 ἑστὼς,
1681 635 1728 662 οὐκ
1743 633 1841 666 ἤθελεν
1859 633 1918 661 οὐδὲ

1084 678 1142 709 τοὺς
1157 677 1305 717 ὀφθαλμοὺς
1333 678 1369 709 εἷς
1394 678 1439 705 τὸν
1467 678 1575 717 οὖρανὸν
1600 679 1707 717 ὶπᾶραι,
1724 677 1786 706 ἀλλ’
1802 677 1917 708 ἔτυπτεν

1086 723 1122 754 εἷς
1141 723 1171 750 τὸ
1192 724 1289 755 στῆθος
1311 723 1399 758 αὐτοῦ,
1423 721 1508 761 λέγων
1526 730 1533 737 ”
1566 718 1594 750 “0
1625 724 1690 754 Θεὸς
1719 722 1848 756 ἶλασθητί
1871 735 1916 759 μοι

1083 767 1121 803 τῷ
1142 767 1302 806 ἁμαρτωλῷ.
1333 766 1408 806 Λέγω
1431 767 1508 803 ὑμῖν,
1537 764 1636 799 κατέϐη
1662 768 1739 798 οὗτος
1768 766 1915 795 δεδικαιω-

1083 811 1161 848 μένος
1189 812 1225 843 εἷς
1251 812 1296 839 τὸν
1312 812 1388 839 οἷκον
1404 811 1492 848 αὐτοῦ,
1509 810 1526 844 ἢ
1549 810 1663 851 ἐκεῖνος,
1680 810 1720 839 ὅτι
1738 814 1791 843 πᾶς
1807 813 1822 839 ὁ

1083 856 1186 894 ἑαυτὸν,
1208 856 1446 892 ταπεινωθήσεται,
1468 857 1482 882 ὸ
1509 854 1536 883 δὲ
1564 859 1695 883 ταπεινῶν
1709 856 1816 896 ἑαυτὸν,
1835 857 1912 893 ὑψω-

1081 901 1199 935 θήσεται.
1230 912 1241 928 ι
1269 901 1305 928 Οὐ
1333 900 1474 928 παύεταιῦ
1505 899 1596 939 Κύριος
1628 900 1658 927 τὸ
1686 902 1734 933 τῆς
1764 901 1912 940 ὑπερηφα-

1082 945 1137 976 νίας
1165 945 1246 977 πάθος
1269 944 1429 983 ἐκκαθαίρων
1458 943 1500 972 διὰ
1539 943 1682 976 πλειόνων,
1712 944 1822 979 Ἐπειδὴ
1862 947 1911 984 γὰρ

1081 989 1161 1017 πλέον
1188 989 1241 1017 τῶν
1269 988 1357 1018 ἄλλων
1386 991 1476 1017 παθῶν
1505 988 1616 1028 ἐνοχλεῖ
1640 995 1701 1020 ταῖς
1729 989 1909 1028 ἀνθρωπίναις

1080 1034 1208 1073 γνώμαις,
1239 1033 1281 1062 διὰ
1301 1037 1379 1062 τοῦτο
1400 1033 1541 1073 πολλαχοῦ
1554 1034 1600 1061 καὶ
1614 1032 1742 1065 πολλάκις
1759 1035 1821 1073 περὶ
1844 1035 1908 1062 τού-

1080 1089 1126 1108 του
1154 1077 1280 1109 διδάσκει,
1305 1077 1412 1116 Ἀμέλει
1434 1079 1477 1106 καὶ
1493 1081 1536 1106 νῦν
1558 1078 1588 1106 τὸ
1608 1085 1703 1117 χεῖρον
1719 1077 1791 1111 εἶδος
1806 1079 1909 1112 ταύτης

1081 1122 1239 1162 ἐκκαθαίρει.
1268 1122 1357 1151 Πολλὰ
1386 1122 1435 1162 γὰρ
1464 1123 1495 1150 τὰ
1524 1125 1573 1155 τῆς
1612 1122 1748 1162 φιλαυτίας
1780 1123 1907 1161 βλαστῆ·

1080 1179 1163 1206 ματα,
1189 1169 1236 1197 Καὶ
1258 1169 1307 1208 γὰρ
1328 1168 1372 1196 καὶ
1394 1167 1494 1203 οἴησις,
1518 1168 1561 1195 καὶ
1588 1167 1744 1205 ἆλαζωνεία,
1761 1169 1806 1196 καὶ
1829 1179 1908 1197 κενο-

1080 1212 1148 1246 δοξία
1177 1213 1207 1241 ὲκ
1234 1213 1331 1246 ταύτης
1366 1213 1485 1252 φύονται,
1516 1211 1717 1252 Ὀλετριώτερον
1746 1211 1773 1240 δὲ
1797 1215 1907 1241 πάντων

1079 1259 1101 1297 ἡ.
1126 1257 1300 1297 ὑπερηφανία,
1329 1257 1493 1296 ὑπερηφανία
1528 1255 1556 1284 δὲ
1574 1256 1645 1285 ἐστιν
1672 1256 1795 1290 ἀθέτησις
1829 1261 1907 1288 Θεοῦ.

1081 1295 1239 1342 ’.ΟτανἾγέρ
1260 1313 1300 1333 τις
1323 1303 1352 1331 οὗ
1433 1303 1502 1338 θεῷι
1526 1300 1585 1329 ἀλλ’
1609 1301 1693 1338 ἑ²υτῷ
1723 1301 1906 1342 ἐπιγράφητιι

1078 1348 1109 1375 τὸ
1130 1347 1332 1386 κατορθώματα,
1355 1347 1379 1374 τί
1403 1344 1481 1384 ἄλλο,
1506 1346 1524 1380 ἢ
1547 1345 1655 1385 ἄρνησις
1685 1350 1750 1375 Sco-3
1773 1348 1833 1374 ἔστι
1864 1348 1905 1374 καὶ

1075 1392 1203 1422 ἆνειθεία.
1230 1391 1312 1420 Τοῦτο
1337 1391 1382 1418 οὗν
1403 1391 1433 1418 τὸ
1461 1391 1542 1422 πάθος
1569 1390 1599 1418 τὸ
1627 1390 1754 1428 ἀντίθεον,
1778 1393 1802 1425 ᾦ
1819 1392 1833 1420 ὁ
1851 1392 1904 1420 Κύ-

1075 1448 1130 1476 ριος
1160 1436 1357 1476 ἀντιτάσσεται,
1383 1436 1419 1467 ὼς
1442 1434 1535 1475 ἐχθρὸς
1561 1435 1660 1474 ἐχθρῷ,
1677 1433 1717 1462 διὰ
1738 1436 1788 1468 τῆς
1812 1447 1902 1475 παρα-

1076 1480 1156 1515 ϐολῆς
1190 1480 1288 1514 ταύτης
1317 1481 1331 1508 ὁ
1367 1480 1460 1519 Κύριος
1501 1479 1652 1519 θεραπεύειν
1691 1479 1902 1519 ἐπαγγέλλεται.

1078 1526 1127 1553 Διὰ
1157 1526 1204 1564 γὰρ
1224 1525 1283 1556 τοὺς
1300 1524 1459 1555 πεποιθότας
1482 1523 1523 1563 ἐφ’
1549 1523 1667 1560 ἑαυτοῖς,
1684 1524 1728 1552 καὶ
1750 1524 1789 1562 μὴ
1804 1526 1837 1552 τὸ
1853 1527 1903 1553 πᾶν

1077 1574 1134 1607 Θεῷ
1150 1569 1347 1609 λογιζομένους,
1378 1568 1446 1597 ἀλλᾶ
1471 1567 1513 1596 διὰ
1541 1573 1618 1598 τοῦτο
1646 1569 1689 1596 καὶ
1717 1569 1777 1600 τοὺς
1805 1569 1902 1600 ἄλλους

1075 1614 1282 1651 ἐξουθενοῦντας,
1312 1614 1392 1642 ταῦτά
1411 1625 1490 1653 φησι,
1517 1615 1559 1641 καὶ
1581 1612 1719 1652 δείκνυσιν,
1746 1613 1788 1641 ὅτι
1812 1615 1830 1648 ἡ
1861 1613 1901 1641 δι-

1074 1660 1200 1693 καιοσύνη
1225 1658 1308 1687 τᾶλλα
1337 1658 1475 1696 θαυμαστή
1504 1668 1544 1689 τις
1568 1658 1644 1697 οὖσα,
1660 1658 1703 1685 καὶ
1716 1656 1834 1691 πλησίον
1859 1663 1902 1687 τοὺ

1075 1708 1140 1733 Θεοῦ
1166 1705 1211 1732 τὸν
1240 1703 1374 1737 ἄνθρωπον
1401 1703 1512 1740 ἱστῶσα,
1541 1702 1604 1730 ὅταν
1632 1702 1681 1735 τὴν
1718 1703 1901 1743 ὑπερηφανίαν

1073 1747 1268 1787 πρυσλάϐηται,
1298 1749 1334 1781 εἷς
1356 1748 1389 1776 τα
1419 1747 1559 1775 κατώτατα
1581 1747 1627 1774 τὸν
1648 1746 1783 1786 ἄνθρωπον
1815 1747 1900 1786 ἀποβ-

1073 1795 1170 1834 ρίπτει,
1195 1794 1239 1821 καὶ
1266 1794 1304 1825 ὡς
1333 1792 1441 1830 δαίμονα
1469 1797 1544 1820 ποιεῖ
1557 1792 1603 1820 τὸν
1617 1790 1684 1823 τέως
1706 1791 1808 1821 ἰσόθεον
1825 1804 1899 1833 χρη-

1073 1840 1226 1876 ματίζοντι,
1257 1836 1358 1866 ’Ἒοικε
1387 1838 1435 1875 μὲν
1457 1837 1500 1865 οὖν
1520 1836 1552 1864 τὰ
1573 1837 1681 1876 ρήματα
1694 1840 1740 1865 τοῦ
1755 1839 1900 1876 Φαρισαίου

1074 1883 1100 1916 ἐξ
1116 1883 1203 1923 ἀρχῆς
1219 1883 1267 1921 μὲν
1283 1882 1450 1921 εὐγνώμονος
1478 1881 1615 1920 ἀνθρώπου
1643 1880 1745 1920 λόγοις,
1777 1883 1899 1922 [εὔχαρι-

1074 1929 1128 1955 στῶ
1154 1938 1195 1955 σοι
1215 1928 1276 1966 γὰρ,
1292 1927 1383 1966 φησὶν,
1400 1927 1414 1954 ὁ
1430 1926 1507 1965 Θεὸς,
1523 1926 1556 1954 τὰ
1579 1924 1606 1953 δὲ
1621 1924 1715 1964 ἐφεξῆς
1727 1925 1818 1960 πάσης
1835 1927 1900 1955 ἁπο-

1075 1972 1145 2004 νοίας
1160 1970 1369 2011 πεπληρωμένα,
1400 1970 1436 2000 Οὔ
1463 1970 1513 2010 γὰρ
1528 1971 1616 2010 εἶπεν,
1640 1969 1680 1998 ὅτι
1694 1969 1845 2004 Ἐποίησάς
1867 1982 1898 2009 με

1075 2016 1186 2056 ἀπέχειν
1214 2016 1266 2044 ἀπὸ
1295 2014 1407 2055 ἀδικίας,
1432 2015 1484 2043 ἀπὸ
1499 2014 1621 2054 ἆρπαγῆς
1639 2023 1646 2030 ’
1664 2013 1732 2043 ἆλλᾶ
1746 2017 1802 2048 πῶς
1819 2027 1828 2054 ς
1846 2018 1898 2045 Οὐκ

1074 2061 1136 2092 alui.
1168 2056 1269 2097 Ἑαυτῷ
1297 2062 1419 2098 προσηψε
1444 2060 1476 2087 τὸ
1503 2059 1673 2099 κατόρθωμα,
1695 2060 1738 2087 καὶ
1765 2063 1800 2098 τῇ
1814 2061 1897 2096 οἰκείᾳ

1070 2105 1158 2145 ἰσχύϊ,
1189 2105 1224 2133 Τὸ
1239 2103 1264 2132 δὲ
1281 2104 1398 2136 καὶτοὺς
1424 2102 1520 2136 ἄλλους
1541 2103 1718 2143 κατακρίνειν,
1741 2107 1821 2132 τοῦτο
1839 2107 1895 2135 πῶς

1070 2151 1142 2178 ἔστιν
1169 2149 1305 2188 ἀνθρώπου
1327 2147 1435 2186 εἰδότος,
1462 2149 1498 2181 ὡς
1519 2148 1589 2188 παρᾶ
1605 2151 1670 2176 Θεοῦ
1689 2148 1760 2188 ἔχει,
1777 2148 1794 2176 ἃ
1808 2148 1870 2189 ἔχει
1887 2159 1895 2187 ;

1072 2194 1179 2225 Πάντως
1195 2193 1244 2233 γὰρ
1273 2194 1290 2227 ἡ
1318 2192 1479 2230 ἐπίστευσεν,
1504 2193 1545 2220 ὃτι
1568 2192 1659 2232 χάριτι
1674 2191 1780 2232 ἔχειτὰ
1810 2193 1895 2222 ἁλλό-

211 2240 332 2276 propter
343 2235 590 2266 misericordiam:
605 2239 760 2275 propterea
773 2235 918 2275 superbus
927 2235 987 2266 Pha

1117 2250 1129 2266 ι
1144 2238 1239 2277 ἀγαθὰ,
1269 2238 1316 2265 οὒκ
1341 2236 1372 2265 ἂν
1386 2238 1447 2270 τοὺς
1469 2236 1564 2269 ἄλλους
1587 2236 1725 2273 ἓξουθένει,
1750 2237 1893 2277 λογιζόμε-

211 2290 298 2321 seeos,
311 2284 448 2320 tanquam
467 2280 593 2320 propriw
605 2280 758 2311 ascribens
769 2279 909 2320 potentiae
921 2289 955 2311 ea
965 2290 1031 2321 quae

210 2326 287 2356 facta
299 2329 377 2362 sunt,
395 2325 466 2356 inde
483 2334 519 2356 eo
537 2333 710 2365 progressus
731 2328 786 2364 est,
804 2328 835 2355 ut
851 2328 879 2355 et
893 2323 966 2355 alios
977 2325 1029 2364 ju-

210 2370 299 2400 dicet.
317 2369 452 2399 Ostendit
465 2373 561 2399 autem
583 2369 725 2400 Dominus
741 2373 769 2399 et
785 2378 837 2408 per
859 2368 1029 2405 stationem,

211 2413 380 2455 superbiam
397 2413 471 2454 ejus,
497 2420 526 2444 et
551 2413 724 2444 humilitatis
747 2414 886 2453 inopiam.
903 2412 1031 2444 Humilis

211 2459 289 2491 enim
301 2459 357 2489 viri
370 2463 414 2490 est
428 2463 457 2490 et
471 2463 610 2498 aspectus
627 2457 809 2498 humiliatus,
826 2457 874 2488 hic
887 2462 984 2488 autem
1002 2463 1031 2488 et

209 2505 310 2536 habitu
318 2509 435 2544 etgestu
447 2514 479 2536 su
485 2503 922 2544 perbusagnoscitur.Quamvis
929 2507 1029 2535 autem

209 2555 238 2581 et
248 2551 286 2581 de
299 2549 456 2590 publicano
469 2549 579 2580 dictum
588 2548 711 2589 sitquod
724 2548 951 2585 steterit,tamen
963 2547 1030 2578 vide

208 2599 237 2626 et
251 2605 318 2635 quae
333 2598 508 2634 sequuntur,
527 2593 605 2634 quod
624 2602 721 2633 neque
737 2593 838 2623 oculos
864 2593 894 2623 in
919 2592 1027 2623 coelum

207 2640 331 2671 voluerit
344 2639 497 2678 extollere,
512 2639 591 2670 unde
605 2638 690 2669 statio
704 2638 768 2677 ejus
786 2637 938 2669 incurvata
952 2642 1026 2670 erat.

207 2686 288 2718 Illius
299 2690 396 2717 autem
412 2688 440 2715 et
450 2685 527 2715 oculi
543 2685 573 2715 in
585 2685 694 2715 omium
707 2682 967 2720 extollebantur,et
977 2692 1028 2714 cor

205 2731 292 2763 simul
304 2729 592 2761 extollebatur.Vide
605 2733 704 2759 autem
717 2731 746 2758 et
760 2728 789 2758 in
805 2727 936 2758 oratione
947 2728 1026 2759 Pha-

204 2776 284 2808 risaei
296 2773 516 2814 ordinem,quid
527 2773 638 2804 indicet
648 2772 749 2803 nobis:
763 2772 891 2813 primum
903 2772 1023 2813 quidem
1040 2799 1045 2803 .

205 2821 277 2853 dixit
293 2828 326 2852 ea
341 2828 405 2860 quae
426 2827 485 2850 non
501 2823 606 2850 erant:
624 2822 653 2849 et
668 2822 737 2849 tunc
760 2817 945 2849 enumeravit
959 2827 1026 2858 quae

1072 2294 1115 2314 νος
1142 2283 1183 2310 δτι
1210 2282 1253 2310 καὶ
1279 2282 1356 2314 αὒτὸς
1379 2281 1473 2314 ἐπίσης
1493 2281 1591 2320 γυμνός
1613 2281 1682 2310 ἐστιν
1699 2281 1760 2310 ὅσον
1789 2283 1833 2311 ἐπὶ
1862 2286 1893 2320 τῇ

1071 2328 1154 2363 οἰκείᾳ
1175 2325 1293 2366 δυνάμει,
1335 2324 1433 2366 δωρεὰν
1468 2325 1494 2354 δὲ
1520 2325 1624 2360 ἐνεδόθη
1654 2325 1696 2354 διὰ
1731 2327 1816 2360 ἔλεον,
1845 2330 1893 2356 Διὰ

1072 2376 1150 2401 τοῦτο
1170 2371 1336 2411 ὑπερήφανος
1359 2372 1373 2399 ὁ
1389 2374 1545 2410 Φαρισαῖος,
1572 2372 1608 2402 ὡς
1634 2372 1716 2407 οἰκείᾳ
1730 2372 1807 2411 ἰσχύϊ
1831 2373 1892 2402 ἔπι-

1072 2417 1178 2458 γρέφων
1200 2416 1232 2444 τὰ
1253 2415 1416 2455 ἐἰργασμένα
1435 2425 1441 2432 ·
1465 2416 1602 2444 κάντεῦθεν
1631 2416 1745 2455 ὖπήχθη
1770 2418 1815 2445 καὶ
1833 2419 1891 2449 τοὺς

1072 2461 1166 2493 ἄλλους
1205 2461 1380 2500 κατακρίνειν,
1424 2459 1644 2497 Ἐπισημαίνεται
1680 2459 1707 2488 δὲ
1748 2462 1762 2489 ὁ
1799 2463 1890 2501 Κύριος

1071 2507 1114 2535 καὶ
1141 2505 1182 2534 διὰ
1203 2509 1260 2542 τοι),
1284 2506 1402 2543 Σταθεὶς,
1425 2505 1455 2532 τὰ
1481 2504 1634 2544 ὒψηλόφρον
1659 2505 1736 2534 αὑτοῦ
1760 2507 1803 2534 καὶ
1824 2506 1890 2536 ἆτα-

1071 2552 1198 2579 πείνωτον
1216 2557 1222 2564 ·
1247 2552 1293 2578 τοῦ
1321 2550 1369 2587 μὲν
1398 2549 1447 2588 γὰρ
1462 2549 1666 2589 ταπεινόφρονος
1680 2550 1723 2578 καὶ
1737 2551 1768 2578 τὸ
1783 2551 1887 2591 ὠρώμε-

1071 2605 1115 2624 νον
1142 2597 1277 2631 ταπεινὸν,
1306 2593 1380 2626 οὗτος
1403 2593 1430 2621 δὲ
1451 2595 1551 2630 καὶτῷ
1577 2594 1698 2633 σχήματι
1726 2593 1889 2634 σοϐαρότητα

1068 2639 1244 2670 ἐπεδείκνυτο,
1276 2639 1304 2666 Ei
1333 2637 1360 2666 δὲ
1382 2637 1428 2666 καί
1458 2639 1516 2675 περὶ
1544 2641 1590 2666 τοῦ
1604 2637 1718 2666 τελώνου
1733 2638 1839 2678 εἴρηται
1859 2641 1889 2669 τό

1069 2685 1164 2725 ἑστὼς,
1180 2682 1239 2711 ἀλλ’
1255 2682 1303 2722 ὅρα
1316 2683 1360 2711 καὶ
1376 2683 1406 2710 τὸ
1421 2682 1527 2722 ἐφεξῆς,
1545 2682 1585 2710 ὅτι
1615 2682 1672 2711 οὐδὲ
1699 2684 1760 2716 τοὺς
1789 2684 1887 2725 ὀφθαλ-

1069 2731 1134 2768 μοὺς
1161 2727 1254 2762 ἤθελει
1281 2729 1317 2760 εἰς
1346 2729 1392 2756 τὸν
1413 2727 1521 2767 οὖρανὸν
1546 2727 1651 2766 ἐπᾶραι,
1674 2727 1744 2756 ὥστε
1766 2729 1887 2763 ἠστάσις

1067 2775 1138 2812 αὖτῷ
1167 2777 1345 2813 συγκεκυφυϊα
1367 2773 1411 2807 ἧν.
1441 2771 1558 2801 Ἐκιίνου
1581 2771 1609 2800 δὲ
1638 2773 1681 2800 καὶ
1709 2773 1733 2801 oi
1762 2773 1886 2813 ὀφθαλμοῖ

1066 2821 1102 2852 εἰς
1115 2820 1160 2848 τὸν
1174 2818 1281 2857 οὐρανὸν
1309 2817 1452 2857 ἆπῄροντο,
1483 2818 1527 2846 καὶ
1554 2817 1588 2856 τῇ
1715 2821 1885 2858 συνυψοῦντο,
