  <div class='ocr_page' id='page_1' title='image "/cluster/home/n/w/nwhite01/storage/ocr_20150623/123/njp.32101077773024/723.png"; bbox 0 0 1966 3076; ppageno 0'>
   <div class='ocr_carea' id='block_1_1' title="bbox 227 181 301 213">
    <p class='ocr_par' dir='ltr' id='par_1_1' title="bbox 227 181 301 213">
     <span class='ocr_line' id='line_1_1' title="bbox 227 181 301 213; baseline -0.014 0"><span class='ocrx_word' id='word_1_1' title='bbox 227 184 236 213; x_wconf 92' lang='grc'>1</span> <span class='ocrx_word' id='word_1_2' title='bbox 243 181 301 212; x_wconf 80' lang='grc'>007</span> 
     </span>
    </p>
   </div>
   <div class='ocr_carea' id='block_1_2' title="bbox 227 244 1077 287">
    <p class='ocr_par' dir='ltr' id='par_1_2' title="bbox 227 244 1077 287">
     <span class='ocr_line' id='line_1_2' title="bbox 227 244 1077 287; baseline 0.002 -11"><span class='ocrx_word' id='word_1_3' title='bbox 227 247 321 276; x_wconf 83' lang='lat' dir='ltr'><strong>mines</strong></span> <span class='ocrx_word' id='word_1_4' title='bbox 336 250 453 285; x_wconf 84' lang='lat' dir='ltr'><strong>peccata</strong></span> <span class='ocrx_word' id='word_1_5' title='bbox 470 245 559 275; x_wconf 83' lang='lat' dir='ltr'><strong>fuisse</strong></span> <span class='ocrx_word' id='word_1_6' title='bbox 576 254 641 285; x_wconf 66' lang='lat' dir='ltr'><strong>qum</strong></span> <span class='ocrx_word' id='word_1_7' title='bbox 660 245 772 275; x_wconf 84' lang='lat' dir='ltr'><strong>fecerat</strong></span> <span class='ocrx_word' id='word_1_8' title='bbox 787 244 854 281; x_wconf 81' lang='lat' dir='ltr'><strong>Job,</strong></span> <span class='ocrx_word' id='word_1_9' title='bbox 874 249 903 275; x_wconf 91' lang='lat' dir='ltr'><strong>et</strong></span> <span class='ocrx_word' id='word_1_10' title='bbox 927 251 1077 287; x_wconf 81' lang='lat' dir='ltr'><strong>propterA</strong></span> 
     </span>
    </p>
   </div>
   <div class='ocr_carea' id='block_1_3' title="bbox 223 290 1050 332">
    <p class='ocr_par' dir='ltr' id='par_1_3' title="bbox 223 290 1050 332">
     <span class='ocr_line' id='line_1_3' title="bbox 223 290 1050 332; baseline 0.002 -11"><span class='ocrx_word' id='word_1_11' title='bbox 223 292 274 321; x_wconf 83' lang='lat' dir='ltr'><strong>illa</strong></span> <span class='ocrx_word' id='word_1_12' title='bbox 288 299 421 330; x_wconf 84' lang='lat' dir='ltr'><strong>passum,</strong></span> <span class='ocrx_word' id='word_1_13' title='bbox 433 290 581 321; x_wconf 86' lang='lat' dir='ltr'><strong>cavissent</strong></span> <span class='ocrx_word' id='word_1_14' title='bbox 593 299 630 320; x_wconf 92' lang='lat' dir='ltr'><strong>ne</strong></span> <span class='ocrx_word' id='word_1_15' title='bbox 647 291 751 320; x_wconf 86' lang='lat' dir='ltr'><strong>eadem</strong></span> <span class='ocrx_word' id='word_1_16' title='bbox 765 290 908 326; x_wconf 83' lang='lat' dir='ltr'><strong>facerent,</strong></span> <span class='ocrx_word' id='word_1_17' title='bbox 922 291 1050 332; x_wconf 87' lang='lat' dir='ltr'><strong>factique</strong></span> 
     </span>
    </p>
   </div>
   <div class='ocr_carea' id='block_1_4' title="bbox 224 334 1050 376">
    <p class='ocr_par' dir='ltr' id='par_1_4' title="bbox 224 334 1050 376">
     <span class='ocr_line' id='line_1_4' title="bbox 224 334 1050 376; baseline 0.002 -11"><span class='ocrx_word' id='word_1_18' title='bbox 224 336 349 365; x_wconf 66' lang='lat' dir='ltr'><strong>fuissent</strong></span> <span class='ocrx_word' id='word_1_19' title='bbox 364 334 513 374; x_wconf 86' lang='lat' dir='ltr'><strong>hospitum</strong></span> <span class='ocrx_word' id='word_1_20' title='bbox 533 344 635 365; x_wconf 85' lang='lat' dir='ltr'><strong>osores</strong></span> <span class='ocrx_word' id='word_1_21' title='bbox 651 344 717 365; x_wconf 92' lang='lat' dir='ltr'><strong>cum</strong></span> <span class='ocrx_word' id='word_1_22' title='bbox 736 338 822 365; x_wconf 82' lang='lat' dir='ltr'><strong>antea</strong></span> <span class='ocrx_word' id='word_1_23' title='bbox 840 335 1050 376; x_wconf 70' lang='lat' dir='ltr'><strong>hospitalitatis</strong></span> 
     </span>
    </p>
   </div>
   <div class='ocr_carea' id='block_1_5' title="bbox 224 379 1046 419">
    <p class='ocr_par' dir='ltr' id='par_1_5' title="bbox 224 379 1046 419">
     <span class='ocr_line' id='line_1_5' title="bbox 224 379 1046 419; baseline 0.004 -10"><span class='ocrx_word' id='word_1_24' title='bbox 224 381 414 410; x_wconf 77' lang='lat' dir='ltr'><strong>observantes</strong></span> <span class='ocrx_word' id='word_1_25' title='bbox 430 384 543 416; x_wconf 84' lang='lat' dir='ltr'><strong>essent,</strong></span> <span class='ocrx_word' id='word_1_26' title='bbox 561 379 814 410; x_wconf 79' lang='lat' dir='ltr'><strong>immisericordes</strong></span> <span class='ocrx_word' id='word_1_27' title='bbox 827 385 855 409; x_wconf 91' lang='lat' dir='ltr'><strong>et</strong></span> <span class='ocrx_word' id='word_1_28' title='bbox 867 380 968 419; x_wconf 86' lang='lat' dir='ltr'><strong>injusti</strong></span> <span class='ocrx_word' id='word_1_29' title='bbox 979 391 1046 412; x_wconf 87' lang='lat' dir='ltr'><strong>cum</strong></span> 
     </span>
    </p>
   </div>
   <div class='ocr_carea' id='block_1_6' title="bbox 224 424 1045 463">
    <p class='ocr_par' dir='ltr' id='par_1_6' title="bbox 224 424 1045 463">
     <span class='ocr_line' id='line_1_6' title="bbox 224 424 1045 463; baseline 0.002 -9"><span class='ocrx_word' id='word_1_30' title='bbox 224 424 458 454; x_wconf 80' lang='lat' dir='ltr'><strong>misericordiam</strong></span> <span class='ocrx_word' id='word_1_31' title='bbox 468 424 641 463; x_wconf 84' lang='lat' dir='ltr'><strong>etjuslitiam</strong></span> <span class='ocrx_word' id='word_1_32' title='bbox 650 430 736 454; x_wconf 86' lang='lat' dir='ltr'><strong>antea</strong></span> <span class='ocrx_word' id='word_1_33' title='bbox 744 426 885 455; x_wconf 88' lang='lat' dir='ltr'><strong>colerent.</strong></span> <span class='ocrx_word' id='word_1_34' title='bbox 892 425 959 456; x_wconf 73' lang='lat' dir='ltr'><strong>Haec</strong></span> <span class='ocrx_word' id='word_1_35' title='bbox 966 426 1045 456; x_wconf 81' lang='lat' dir='ltr'><strong>enim</strong></span> 
     </span>
    </p>
   </div>
   <div class='ocr_carea' id='block_1_7' title="bbox 223 469 1049 508">
    <p class='ocr_par' dir='ltr' id='par_1_7' title="bbox 223 469 1049 508">
     <span class='ocr_line' id='line_1_7' title="bbox 223 469 1049 508; baseline 0.004 -9"><span class='ocrx_word' id='word_1_36' title='bbox 223 469 707 508; x_wconf 77' lang='lat' dir='ltr'><strong>erantopera.longiturnemulti</strong></span> <span class='ocrx_word' id='word_1_37' title='bbox 716 469 785 500; x_wconf 90' lang='lat' dir='ltr'><strong>inde</strong></span> <span class='ocrx_word' id='word_1_38' title='bbox 794 469 1049 502; x_wconf 58' lang='lat' dir='ltr'><strong>inclimmodaren-</strong></span> 
     </span>
    </p>
   </div>
   <div class='ocr_carea' id='block_1_8' title="bbox 224 513 1046 556">
    <p class='ocr_par' dir='ltr' id='par_1_8' title="bbox 224 513 1046 556">
     <span class='ocr_line' id='line_1_8' title="bbox 224 513 1046 556; baseline 0.002 -13"><span class='ocrx_word' id='word_1_39' title='bbox 224 514 350 553; x_wconf 81' lang='lat' dir='ltr'><strong>tur,ejus</strong></span> <span class='ocrx_word' id='word_1_40' title='bbox 360 513 544 552; x_wconf 71' lang='lat' dir='ltr'><strong>gralia,bona</strong></span> <span class='ocrx_word' id='word_1_41' title='bbox 554 523 643 554; x_wconf 83' lang='lat' dir='ltr'><strong>opera</strong></span> <span class='ocrx_word' id='word_1_42' title='bbox 657 514 862 545; x_wconf 86' lang='lat' dir='ltr'><strong>enumerat.Et</strong></span> <span class='ocrx_word' id='word_1_43' title='bbox 873 524 968 546; x_wconf 64' lang='lat' dir='ltr'><strong>causa</strong></span> <span class='ocrx_word' id='word_1_44' title='bbox 979 515 1046 556; x_wconf 92' lang='lat' dir='ltr'><strong>qui-</strong></span> 
     </span>
    </p>
   </div>
   <div class='ocr_carea' id='block_1_9' title="bbox 223 558 1050 600">
    <p class='ocr_par' dir='ltr' id='par_1_9' title="bbox 223 558 1050 600">
     <span class='ocr_line' id='line_1_9' title="bbox 223 558 1050 600; baseline 0.004 -13"><span class='ocrx_word' id='word_1_45' title='bbox 223 559 348 588; x_wconf 83' lang='lat' dir='ltr'><strong>demJol)</strong></span> <span class='ocrx_word' id='word_1_46' title='bbox 356 558 431 589; x_wconf 79' lang='lat' dir='ltr'><strong>tales</strong></span> <span class='ocrx_word' id='word_1_47' title='bbox 439 558 571 595; x_wconf 79' lang='lat' dir='ltr'><strong>fuere,ut</strong></span> <span class='ocrx_word' id='word_1_48' title='bbox 580 559 756 589; x_wconf 89' lang='lat' dir='ltr'><strong>nedicamus</strong></span> <span class='ocrx_word' id='word_1_49' title='bbox 766 559 844 597; x_wconf 90' lang='lat' dir='ltr'><strong>quod</strong></span> <span class='ocrx_word' id='word_1_50' title='bbox 854 559 920 590; x_wconf 89' lang='lat' dir='ltr'><strong>etin</strong></span> <span class='ocrx_word' id='word_1_51' title='bbox 931 559 1050 600; x_wconf 74' lang='lat' dir='ltr'><strong>hisquae</strong></span> 
     </span>
    </p>
   </div>
   <div class='ocr_carea' id='block_1_10' title="bbox 222 603 1048 645">
    <p class='ocr_par' dir='ltr' id='par_1_10' title="bbox 222 603 1048 645">
     <span class='ocr_line' id='line_1_10' title="bbox 222 603 1048 645; baseline 0.004 -12"><span class='ocrx_word' id='word_1_52' title='bbox 222 603 509 643; x_wconf 78' lang='lat' dir='ltr'><strong>grandiloquentiam</strong></span> <span class='ocrx_word' id='word_1_53' title='bbox 523 603 679 644; x_wconf 83' lang='lat' dir='ltr'><strong>quamdam</strong></span> <span class='ocrx_word' id='word_1_54' title='bbox 691 605 911 641; x_wconf 87' lang='lat' dir='ltr'><strong>sonant,omnis</strong></span> <span class='ocrx_word' id='word_1_55' title='bbox 920 605 1048 645; x_wconf 75' lang='lat' dir='ltr'><strong>refulget</strong></span> 
     </span>
    </p>
   </div>
   <div class='ocr_carea' id='block_1_11' title="bbox 223 648 1048 689">
    <p class='ocr_par' dir='ltr' id='par_1_11' title="bbox 223 648 1048 689">
     <span class='ocr_line' id='line_1_11' title="bbox 223 648 1048 689; baseline 0.002 -11"><span class='ocrx_word' id='word_1_56' title='bbox 223 648 457 684; x_wconf 80' lang='lat' dir='ltr'><strong>humilitasQuis</strong></span> <span class='ocrx_word' id='word_1_57' title='bbox 469 648 540 678; x_wconf 89' lang='lat' dir='ltr'><strong>mihi</strong></span> <span class='ocrx_word' id='word_1_58' title='bbox 550 648 807 688; x_wconf 89' lang='lat' dir='ltr'><strong>tribuat.inquit,ut</strong></span> <span class='ocrx_word' id='word_1_59' title='bbox 818 649 1048 689; x_wconf 85' lang='lat' dir='ltr'><strong>simjuxtamen-</strong></span> 
     </span>
    </p>
   </div>
   <div class='ocr_carea' id='block_1_12' title="bbox 222 693 1046 733">
    <p class='ocr_par' dir='ltr' id='par_1_12' title="bbox 222 693 1046 733">
     <span class='ocr_line' id='line_1_12' title="bbox 222 693 1046 733; baseline 0.002 -10"><span class='ocrx_word' id='word_1_60' title='bbox 222 703 269 724; x_wconf 76' lang='lat' dir='ltr'><strong>ses</strong></span> <span class='ocrx_word' id='word_1_61' title='bbox 285 693 400 723; x_wconf 91' lang='lat' dir='ltr'><strong>dierum</strong></span> <span class='ocrx_word' id='word_1_62' title='bbox 418 693 621 732; x_wconf 87' lang='lat' dir='ltr'><strong>pristinorum,</strong></span> <span class='ocrx_word' id='word_1_63' title='bbox 646 693 762 733; x_wconf 81' lang='lat' dir='ltr'><strong>quando</strong></span> <span class='ocrx_word' id='word_1_64' title='bbox 779 693 856 724; x_wconf 87' lang='lat' dir='ltr'><strong>Deus</strong></span> <span class='ocrx_word' id='word_1_65' title='bbox 882 704 929 725; x_wconf 91' lang='lat' dir='ltr'><strong>me</strong></span> <span class='ocrx_word' id='word_1_66' title='bbox 945 699 1046 725; x_wconf 86' lang='lat' dir='ltr'><strong>custo-</strong></span> 
     </span>
    </p>
   </div>
   <div class='ocr_carea' id='block_1_13' title="bbox 221 736 1047 779">
    <p class='ocr_par' dir='ltr' id='par_1_13' title="bbox 221 736 1047 779">
     <span class='ocr_line' id='line_1_13' title="bbox 221 736 1047 779; baseline 0.002 -11"><span class='ocrx_word' id='word_1_67' title='bbox 221 736 465 768; x_wconf 57' lang='lat' dir='ltr'><strong>diebat9’i‘ZVides</strong></span> <span class='ocrx_word' id='word_1_68' title='bbox 480 737 556 777; x_wconf 84' lang='lat' dir='ltr'><strong>quod</strong></span> <span class='ocrx_word' id='word_1_69' title='bbox 574 747 662 768; x_wconf 88' lang='lat' dir='ltr'><strong>omne</strong></span> <span class='ocrx_word' id='word_1_70' title='bbox 677 739 737 769; x_wconf 91' lang='lat' dir='ltr'><strong>Deo</strong></span> <span class='ocrx_word' id='word_1_71' title='bbox 751 738 868 769; x_wconf 85' lang='lat' dir='ltr'><strong>obtuler</strong></span> <span class='ocrx_word' id='word_1_72' title='bbox 882 743 961 779; x_wconf 86' lang='lat' dir='ltr'><strong>t,nec</strong></span> <span class='ocrx_word' id='word_1_73' title='bbox 973 739 1047 770; x_wconf 89' lang='lat' dir='ltr'><strong>alios</strong></span> 
     </span>
    </p>
   </div>
   <div class='ocr_carea' id='block_1_14' title="bbox 221 781 1044 822">
    <p class='ocr_par' dir='ltr' id='par_1_14' title="bbox 221 781 1044 822">
     <span class='ocr_line' id='line_1_14' title="bbox 221 781 1044 822; baseline 0.002 -10"><span class='ocrx_word' id='word_1_74' title='bbox 221 781 466 818; x_wconf 86' lang='lat' dir='ltr'><strong>condemnet,sed</strong></span> <span class='ocrx_word' id='word_1_75' title='bbox 475 782 538 821; x_wconf 89' lang='lat' dir='ltr'><strong>ipse</strong></span> <span class='ocrx_word' id='word_1_76' title='bbox 549 782 585 812; x_wconf 87' lang='lat' dir='ltr'><strong>ab</strong></span> <span class='ocrx_word' id='word_1_77' title='bbox 592 782 695 812; x_wconf 81' lang='lat' dir='ltr'><strong>amicis</strong></span> <span class='ocrx_word' id='word_1_78' title='bbox 708 783 803 822; x_wconf 89' lang='lat' dir='ltr'><strong>potius</strong></span> <span class='ocrx_word' id='word_1_79' title='bbox 815 783 1044 815; x_wconf 81' lang='lat' dir='ltr'><strong>condemnetur.</strong></span> 
     </span>
    </p>
   </div>
   <div class='ocr_carea' id='block_1_15' title="bbox 223 827 1045 868">
    <p class='ocr_par' dir='ltr' id='par_1_15' title="bbox 223 827 1045 868">
     <span class='ocr_line' id='line_1_15' title="bbox 223 827 1045 868; baseline 0.001 -10"><span class='ocrx_word' id='word_1_80' title='bbox 223 829 370 858; x_wconf 69' lang='lat' dir='ltr'><strong>Pharisaao</strong></span> <span class='ocrx_word' id='word_1_81' title='bbox 386 827 484 857; x_wconf 83' lang='lat' dir='ltr'><strong>omnia</strong></span> <span class='ocrx_word' id='word_1_82' title='bbox 499 827 528 858; x_wconf 90' lang='lat' dir='ltr'><strong>in</strong></span> <span class='ocrx_word' id='word_1_83' title='bbox 547 837 590 864; x_wconf 88' lang='lat' dir='ltr'><strong>se,</strong></span> <span class='ocrx_word' id='word_1_84' title='bbox 613 832 641 857; x_wconf 89' lang='lat' dir='ltr'><strong>et</strong></span> <span class='ocrx_word' id='word_1_85' title='bbox 659 837 716 858; x_wconf 92' lang='lat' dir='ltr'><strong>non</strong></span> <span class='ocrx_word' id='word_1_86' title='bbox 734 829 763 858; x_wconf 90' lang='lat' dir='ltr'><strong>iu</strong></span> <span class='ocrx_word' id='word_1_87' title='bbox 778 828 873 859; x_wconf 87' lang='lat' dir='ltr'><strong>Deum</strong></span> <span class='ocrx_word' id='word_1_88' title='bbox 889 828 1045 868; x_wconf 78' lang='lat' dir='ltr'><strong>referenti,</strong></span> 
     </span>
    </p>
   </div>
   <div class='ocr_carea' id='block_1_16' title="bbox 223 872 1076 920">
    <p class='ocr_par' dir='ltr' id='par_1_16' title="bbox 223 872 1076 920">
     <span class='ocr_line' id='line_1_16' title="bbox 223 872 1076 920; baseline 0.001 -18"><span class='ocrx_word' id='word_1_89' title='bbox 223 877 251 902; x_wconf 89' lang='lat' dir='ltr'><strong>et</strong></span> <span class='ocrx_word' id='word_1_90' title='bbox 275 873 386 912; x_wconf 78' lang='lat' dir='ltr'><strong>absque</strong></span> <span class='ocrx_word' id='word_1_91' title='bbox 411 872 589 903; x_wconf 85' lang='lat' dir='ltr'><strong>necessitate</strong></span> <span class='ocrx_word' id='word_1_92' title='bbox 613 873 826 904; x_wconf 85' lang='lat' dir='ltr'><strong>condemnanti</strong></span> <span class='ocrx_word' id='word_1_93' title='bbox 842 873 926 914; x_wconf 89' lang='lat' dir='ltr'><strong>alios,</strong></span> <span class='ocrx_word' id='word_1_94' title='bbox 940 874 1076 920; x_wconf 62' lang='lat' dir='ltr'><strong>meritol3</strong></span> 
     </span>
    </p>
   </div>
   <div class='ocr_carea' id='block_1_17' title="bbox 223 917 1044 958">
    <p class='ocr_par' dir='ltr' id='par_1_17' title="bbox 223 917 1044 958">
     <span class='ocr_line' id='line_1_17' title="bbox 223 917 1044 958; baseline 0.001 -11"><span class='ocrx_word' id='word_1_95' title='bbox 223 917 432 948; x_wconf 86' lang='lat' dir='ltr'><strong>condemnatio</strong></span> <span class='ocrx_word' id='word_1_96' title='bbox 445 917 725 948; x_wconf 81' lang='lat' dir='ltr'><strong>ascribiturDmnis</strong></span> <span class='ocrx_word' id='word_1_97' title='bbox 735 918 813 948; x_wconf 88' lang='lat' dir='ltr'><strong>enim</strong></span> <span class='ocrx_word' id='word_1_98' title='bbox 826 918 875 958; x_wconf 93' lang='lat' dir='ltr'><strong>qui</strong></span> <span class='ocrx_word' id='word_1_99' title='bbox 885 927 916 948; x_wconf 89' lang='lat' dir='ltr'><strong>se</strong></span> <span class='ocrx_word' id='word_1_100' title='bbox 928 918 1044 958; x_wconf 62' lang='lat' dir='ltr'><strong>exaltat,</strong></span> 
     </span>
    </p>
   </div>
   <div class='ocr_carea' id='block_1_18' title="bbox 224 961 1046 1002">
    <p class='ocr_par' dir='ltr' id='par_1_18' title="bbox 224 961 1046 1002">
     <span class='ocr_line' id='line_1_18' title="bbox 224 961 1046 1002; baseline 0.001 -10"><span class='ocrx_word' id='word_1_101' title='bbox 224 961 504 998; x_wconf 86' lang='lat' dir='ltr'><strong>humiliabitur,Deo</strong></span> <span class='ocrx_word' id='word_1_102' title='bbox 515 961 597 992; x_wconf 92' lang='lat' dir='ltr'><strong>illum</strong></span> <span class='ocrx_word' id='word_1_103' title='bbox 610 961 893 1002; x_wconf 80' lang='lat' dir='ltr'><strong>condemnantezqui</strong></span> <span class='ocrx_word' id='word_1_104' title='bbox 903 967 1002 993; x_wconf 87' lang='lat' dir='ltr'><strong>autem</strong></span> <span class='ocrx_word' id='word_1_105' title='bbox 1015 972 1046 993; x_wconf 89' lang='lat' dir='ltr'><strong>se</strong></span> 
     </span>
    </p>
   </div>
   <div class='ocr_carea' id='block_1_19' title="bbox 220 1006 1034 1046">
    <p class='ocr_par' dir='ltr' id='par_1_19' title="bbox 220 1006 1034 1046">
     <span class='ocr_line' id='line_1_19' title="bbox 220 1006 1034 1046; baseline 0.001 -9"><span class='ocrx_word' id='word_1_106' title='bbox 220 1006 1034 1046; x_wconf 78' lang='lat' dir='ltr'><strong>condemnanthliumiliat.exaltabituraDeojustiﬁcante</strong></span> 
     </span>
    </p>
   </div>
   <div class='ocr_carea' id='block_1_20' title="bbox 223 1051 1044 1092">
    <p class='ocr_par' dir='ltr' id='par_1_20' title="bbox 223 1051 1044 1092">
     <span class='ocr_line' id='line_1_20' title="bbox 223 1051 1044 1092; baseline -0.002 -10"><span class='ocrx_word' id='word_1_107' title='bbox 223 1052 275 1082; x_wconf 88' lang='lat' dir='ltr'><strong>Dic</strong></span> <span class='ocrx_word' id='word_1_108' title='bbox 287 1052 375 1089; x_wconf 71' lang='lat' dir='ltr'><strong>igitur</strong></span> <span class='ocrx_word' id='word_1_109' title='bbox 388 1056 416 1081; x_wconf 84' lang='lat' dir='ltr'><strong>tu</strong></span> <span class='ocrx_word' id='word_1_110' title='bbox 432 1051 1044 1092; x_wconf 82' lang='lat' dir='ltr'><strong>prior,inquit.peccatatua,utjustiticeris.</strong></span> 
     </span>
    </p>
   </div>
   <div class='ocr_carea' id='block_1_21' title="bbox 222 1096 1072 1136">
    <p class='ocr_par' dir='ltr' id='par_1_21' title="bbox 222 1096 1072 1136">
     <span class='ocr_line' id='line_1_21' title="bbox 222 1096 1072 1136; baseline -0.001 -11"><span class='ocrx_word' id='word_1_111' title='bbox 222 1098 405 1136; x_wconf 69' lang='grc' dir='ltr'><strong>κατακρίνεται</strong></span> <span class='ocrx_word' id='word_1_112' title='bbox 427 1098 478 1124; x_wconf 73' lang='grc' dir='ltr'><strong>ὑπὸ</strong></span> <span class='ocrx_word' id='word_1_113' title='bbox 494 1097 547 1124; x_wconf 84' lang='grc' dir='ltr'><strong>τῶν</strong></span> <span class='ocrx_word' id='word_1_114' title='bbox 563 1097 644 1135; x_wconf 74' lang='grc' dir='ltr'>φίλων</span> <span class='ocrx_word' id='word_1_115' title='bbox 662 1105 668 1112; x_wconf 92' lang='grc'><strong>”</strong></span> <span class='ocrx_word' id='word_1_116' title='bbox 686 1100 724 1134; x_wconf 83' lang='grc' dir='ltr'>τῷ</span> <span class='ocrx_word' id='word_1_117' title='bbox 739 1096 765 1124; x_wconf 71' lang='grc' dir='ltr'>δὲ</span> <span class='ocrx_word' id='word_1_118' title='bbox 781 1097 916 1135; x_wconf 77' lang='grc' dir='ltr'>Φαρισαίῳ</span> <span class='ocrx_word' id='word_1_119' title='bbox 929 1097 963 1128; x_wconf 77' lang='grc' dir='ltr'>εἷς</span> <span class='ocrx_word' id='word_1_120' title='bbox 980 1098 1072 1124; x_wconf 76' lang='grc' dir='ltr'>ἑαυτὸν</span> 
     </span>
    </p>
   </div>
   <div class='ocr_carea' id='block_1_22' title="bbox 707 176 1432 211">
    <p class='ocr_par' dir='ltr' id='par_1_22' title="bbox 707 176 1432 211">
     <span class='ocr_line' id='line_1_22' title="bbox 707 176 1432 211; baseline -0.004 1"><span class='ocrx_word' id='word_1_121' title='bbox 707 177 1004 211; x_wconf 80' lang='lat' dir='ltr'><strong>THEOPHYLACTI</strong></span> <span class='ocrx_word' id='word_1_122' title='bbox 1028 176 1231 209; x_wconf 75' lang='lat' dir='ltr'><strong>BULGARl/E</strong></span> <span class='ocrx_word' id='word_1_123' title='bbox 1254 177 1432 209; x_wconf 75' lang='lat' dir='ltr'><strong>ARCHIEP.</strong></span> 
     </span>
    </p>
   </div>
   <div class='ocr_carea' id='block_1_23' title="bbox 1849 176 1920 209">
    <p class='ocr_par' dir='ltr' id='par_1_23' title="bbox 1849 176 1920 209">
     <span class='ocr_line' id='line_1_23' title="bbox 1849 176 1920 209; baseline 0.028 -2"><span class='ocrx_word' id='word_1_124' title='bbox 1849 176 1920 209; x_wconf 79' lang='lat'><strong>1008</strong></span> 
     </span>
    </p>
   </div>
   <div class='ocr_carea' id='block_1_24' title="bbox 1091 245 1922 286">
    <p class='ocr_par' dir='ltr' id='par_1_24' title="bbox 1091 245 1922 286">
     <span class='ocr_line' id='line_1_24' title="bbox 1091 245 1922 286; baseline -0.001 -11"><span class='ocrx_word' id='word_1_125' title='bbox 1091 248 1183 284; x_wconf 68' lang='grc' dir='ltr'>κρίνων</span> <span class='ocrx_word' id='word_1_126' title='bbox 1208 248 1322 284; x_wconf 75' lang='grc' dir='ltr'>ἑτέρους,</span> <span class='ocrx_word' id='word_1_127' title='bbox 1355 245 1488 284; x_wconf 78' lang='grc' dir='ltr'><strong>μηδεμιᾶς</strong></span> <span class='ocrx_word' id='word_1_128' title='bbox 1518 247 1608 286; x_wconf 79' lang='grc' dir='ltr'>χρείας</span> <span class='ocrx_word' id='word_1_129' title='bbox 1637 247 1858 286; x_wconf 77' lang='grc' dir='ltr'>καταπειγούσης</span> <span class='ocrx_word' id='word_1_130' title='bbox 1874 255 1882 264; x_wconf 92' lang='grc'><strong>·</strong></span> <span class='ocrx_word' id='word_1_131' title='bbox 1912 247 1922 273; x_wconf 75' lang='grc' dir='ltr'>ὁ</span> 
     </span>
    </p>
   </div>
   <div class='ocr_carea' id='block_1_25' title="bbox 1091 291 1923 332">
    <p class='ocr_par' dir='ltr' id='par_1_25' title="bbox 1091 291 1923 332">
     <span class='ocr_line' id='line_1_25' title="bbox 1091 291 1923 332; baseline 0.001 -13"><span class='ocrx_word' id='word_1_132' title='bbox 1091 291 1118 320; x_wconf 80' lang='grc' dir='ltr'>δὲ</span> <span class='ocrx_word' id='word_1_133' title='bbox 1147 291 1208 321; x_wconf 78' lang='grc' dir='ltr'><strong>Ἰὼϐ</strong></span> <span class='ocrx_word' id='word_1_134' title='bbox 1243 295 1297 319; x_wconf 83' lang='grc' dir='ltr'><strong>τῶν</strong></span> <span class='ocrx_word' id='word_1_135' title='bbox 1319 291 1400 331; x_wconf 78' lang='grc' dir='ltr'>φίλων</span> <span class='ocrx_word' id='word_1_136' title='bbox 1422 291 1625 331; x_wconf 72' lang='grc' dir='ltr'>ἆποπνιγόντων</span> <span class='ocrx_word' id='word_1_137' title='bbox 1648 293 1737 329; x_wconf 70' lang='grc' dir='ltr'>αὐτὸν,</span> <span class='ocrx_word' id='word_1_138' title='bbox 1758 293 1805 320; x_wconf 76' lang='grc' dir='ltr'><strong>καὶ</strong></span> <span class='ocrx_word' id='word_1_139' title='bbox 1831 303 1923 332; x_wconf 64' lang='grc' dir='ltr'><strong>φῠρτῑο</strong></span> 
     </span>
    </p>
   </div>
   <div class='ocr_carea' id='block_1_26' title="bbox 1091 337 1922 377">
    <p class='ocr_par' dir='ltr' id='par_1_26' title="bbox 1091 337 1922 377">
     <span class='ocr_line' id='line_1_26' title="bbox 1091 337 1922 377; baseline -0.001 -12"><span class='ocrx_word' id='word_1_140' title='bbox 1091 337 1206 376; x_wconf 79' lang='grc' dir='ltr'>κώτερον</span> <span class='ocrx_word' id='word_1_141' title='bbox 1234 339 1284 370; x_wconf 72' lang='grc' dir='ltr'><strong>τῆς</strong></span> <span class='ocrx_word' id='word_1_142' title='bbox 1319 340 1453 377; x_wconf 71' lang='grc' dir='ltr'>συμφορᾶς</span> <span class='ocrx_word' id='word_1_143' title='bbox 1499 337 1684 377; x_wconf 68' lang='grc' dir='ltr'><strong>ἐπικειμένων,</strong></span> <span class='ocrx_word' id='word_1_144' title='bbox 1714 337 1758 365; x_wconf 75' lang='grc' dir='ltr'><strong>καὶ</strong></span> <span class='ocrx_word' id='word_1_145' title='bbox 1787 337 1922 375; x_wconf 70' lang='grc' dir='ltr'>λεγόντων</span> 
     </span>
    </p>
   </div>
   <div class='ocr_carea' id='block_1_27' title="bbox 1090 380 1921 421">
    <p class='ocr_par' dir='ltr' id='par_1_27' title="bbox 1090 380 1921 421">
     <span class='ocr_line' id='line_1_27' title="bbox 1090 380 1921 421; baseline -0.001 -12"><span class='ocrx_word' id='word_1_146' title='bbox 1090 382 1131 409; x_wconf 69' lang='grc' dir='ltr'><strong>ὅτι</strong></span> <span class='ocrx_word' id='word_1_147' title='bbox 1152 380 1175 409; x_wconf 85' lang='grc' dir='ltr'>δ’</span> <span class='ocrx_word' id='word_1_148' title='bbox 1198 381 1327 420; x_wconf 62' lang='grc' dir='ltr'>ἁμαρτίας</span> <span class='ocrx_word' id='word_1_149' title='bbox 1361 385 1443 410; x_wconf 82' lang='grc' dir='ltr'>ταῦτα</span> <span class='ocrx_word' id='word_1_150' title='bbox 1474 382 1609 418; x_wconf 79' lang='grc' dir='ltr'><strong>πεπόνθει,</strong></span> <span class='ocrx_word' id='word_1_151' title='bbox 1641 383 1795 421; x_wconf 68' lang='grc' dir='ltr'>ἠναγκάσθη</span> <span class='ocrx_word' id='word_1_152' title='bbox 1826 382 1921 421; x_wconf 77' lang='grc' dir='ltr'>ἀπαρι-</span> 
     </span>
    </p>
   </div>
   <div class='ocr_carea' id='block_1_28' title="bbox 1089 426 1922 467">
    <p class='ocr_par' dir='ltr' id='par_1_28' title="bbox 1089 426 1922 467">
     <span class='ocr_line' id='line_1_28' title="bbox 1089 426 1922 467; baseline 0 -13"><span class='ocrx_word' id='word_1_153' title='bbox 1089 427 1237 464; x_wconf 72' lang='grc' dir='ltr'>θμήσασθαι</span> <span class='ocrx_word' id='word_1_154' title='bbox 1260 426 1293 454; x_wconf 79' lang='grc' dir='ltr'><strong>τὰ</strong></span> <span class='ocrx_word' id='word_1_155' title='bbox 1322 427 1409 454; x_wconf 77' lang='grc' dir='ltr'>οἰκεῖα</span> <span class='ocrx_word' id='word_1_156' title='bbox 1440 428 1644 467; x_wconf 81' lang='grc' dir='ltr'>κατορθώματα,</span> <span class='ocrx_word' id='word_1_157' title='bbox 1681 427 1725 455; x_wconf 88' lang='grc' dir='ltr'><strong>καὶ</strong></span> <span class='ocrx_word' id='word_1_158' title='bbox 1750 430 1831 455; x_wconf 68' lang='grc' dir='ltr'>τοῦτο</span> <span class='ocrx_word' id='word_1_159' title='bbox 1862 426 1922 464; x_wconf 62' lang='grc' dir='ltr'>ὑπὲρ</span> 
     </span>
    </p>
   </div>
   <div class='ocr_carea' id='block_1_29' title="bbox 1090 471 1922 510">
    <p class='ocr_par' dir='ltr' id='par_1_29' title="bbox 1090 471 1922 510">
     <span class='ocr_line' id='line_1_29' title="bbox 1090 471 1922 510; baseline -0.001 -11"><span class='ocrx_word' id='word_1_160' title='bbox 1090 474 1137 505; x_wconf 82' lang='grc' dir='ltr'>τῆς</span> <span class='ocrx_word' id='word_1_161' title='bbox 1160 472 1229 502; x_wconf 88' lang='grc' dir='ltr'>θείας</span> <span class='ocrx_word' id='word_1_162' title='bbox 1254 471 1344 510; x_wconf 79' lang='grc' dir='ltr'>δόξης,</span> <span class='ocrx_word' id='word_1_163' title='bbox 1368 472 1411 499; x_wconf 85' lang='grc' dir='ltr'>ιιαὶ</span> <span class='ocrx_word' id='word_1_164' title='bbox 1434 475 1479 500; x_wconf 82' lang='grc' dir='ltr'>τοῦ</span> <span class='ocrx_word' id='word_1_165' title='bbox 1502 472 1541 509; x_wconf 80' lang='grc' dir='ltr'>μὴ</span> <span class='ocrx_word' id='word_1_166' title='bbox 1559 473 1705 504; x_wconf 70' lang='grc' dir='ltr'><strong>ἐκκοπῆναι</strong></span> <span class='ocrx_word' id='word_1_167' title='bbox 1720 473 1766 499; x_wconf 74' lang='grc' dir='ltr'><strong>τὸν</strong></span> <span class='ocrx_word' id='word_1_168' title='bbox 1781 471 1829 499; x_wconf 77' lang='grc' dir='ltr'><strong>ἐπ’</strong></span> <span class='ocrx_word' id='word_1_169' title='bbox 1845 471 1922 510; x_wconf 74' lang='grc' dir='ltr'>ἀρετῄ</span> 
     </span>
    </p>
   </div>
   <div class='ocr_carea' id='block_1_30' title="bbox 1090 515 1923 556">
    <p class='ocr_par' dir='ltr' id='par_1_30' title="bbox 1090 515 1923 556">
     <span class='ocr_line' id='line_1_30' title="bbox 1090 515 1923 556; baseline 0 -13"><span class='ocrx_word' id='word_1_170' title='bbox 1090 519 1142 544; x_wconf 88' lang='grc' dir='ltr'><strong>τῶν</strong></span> <span class='ocrx_word' id='word_1_171' title='bbox 1171 515 1315 555; x_wconf 72' lang='grc' dir='ltr'>ἀνθρώπων</span> <span class='ocrx_word' id='word_1_172' title='bbox 1336 515 1441 555; x_wconf 83' lang='grc' dir='ltr'>δρόμον.</span> <span class='ocrx_word' id='word_1_173' title='bbox 1482 517 1509 545; x_wconf 84' lang='grc' dir='ltr'>Εἰ</span> <span class='ocrx_word' id='word_1_174' title='bbox 1532 517 1581 556; x_wconf 79' lang='grc' dir='ltr'><strong>γὰρ</strong></span> <span class='ocrx_word' id='word_1_175' title='bbox 1610 516 1874 556; x_wconf 71' lang='grc' dir='ltr'>ἐπληροφορήθησαν</span> <span class='ocrx_word' id='word_1_176' title='bbox 1904 516 1923 542; x_wconf 70' lang='lat' dir='ltr'><strong>oi</strong></span> 
     </span>
    </p>
   </div>
   <div class='ocr_carea' id='block_1_31' title="bbox 1091 559 1922 600">
    <p class='ocr_par' dir='ltr' id='par_1_31' title="bbox 1091 559 1922 600">
     <span class='ocr_line' id='line_1_31' title="bbox 1091 559 1922 600; baseline -0.001 -12"><span class='ocrx_word' id='word_1_177' title='bbox 1091 560 1232 600; x_wconf 75' lang='grc' dir='ltr'>ἅνθρωποι,</span> <span class='ocrx_word' id='word_1_178' title='bbox 1262 560 1301 588; x_wconf 79' lang='grc' dir='ltr'>ὅτι</span> <span class='ocrx_word' id='word_1_179' title='bbox 1324 561 1449 600; x_wconf 82' lang='grc' dir='ltr'>ἁμαρτίαι</span> <span class='ocrx_word' id='word_1_180' title='bbox 1464 561 1532 594; x_wconf 83' lang='grc' dir='ltr'>ἦσαν</span> <span class='ocrx_word' id='word_1_181' title='bbox 1548 562 1564 589; x_wconf 79' lang='grc' dir='ltr'><strong><em>ἄ</em></strong></span> <span class='ocrx_word' id='word_1_182' title='bbox 1579 561 1661 589; x_wconf 82' lang='grc' dir='ltr'>ἐποίει</span> <span class='ocrx_word' id='word_1_183' title='bbox 1677 562 1690 588; x_wconf 80' lang='grc' dir='ltr'>ὁ</span> <span class='ocrx_word' id='word_1_184' title='bbox 1707 559 1778 595; x_wconf 76' lang='grc' dir='ltr'>Ἰὼϐ,</span> <span class='ocrx_word' id='word_1_185' title='bbox 1816 561 1862 588; x_wconf 70' lang='grc' dir='ltr'><strong>καὶ</strong></span> <span class='ocrx_word' id='word_1_186' title='bbox 1893 559 1922 587; x_wconf 74' lang='grc' dir='ltr'>δι’</span> 
     </span>
    </p>
   </div>
   <div class='ocr_carea' id='block_1_32' title="bbox 1091 604 1923 645">
    <p class='ocr_par' dir='ltr' id='par_1_32' title="bbox 1091 604 1923 645">
     <span class='ocr_line' id='line_1_32' title="bbox 1091 604 1923 645; baseline -0.001 -13"><span class='ocrx_word' id='word_1_187' title='bbox 1091 604 1181 633; x_wconf 74' lang='grc' dir='ltr'>ἐκεῖνα</span> <span class='ocrx_word' id='word_1_188' title='bbox 1211 606 1324 645; x_wconf 79' lang='grc' dir='ltr'>πάσχει,</span> <span class='ocrx_word' id='word_1_189' title='bbox 1347 605 1500 645; x_wconf 77' lang='grc' dir='ltr'><strong>ἀπέσχοντο</strong></span> <span class='ocrx_word' id='word_1_190' title='bbox 1516 606 1547 633; x_wconf 75' lang='grc' dir='ltr'>ἂν</span> <span class='ocrx_word' id='word_1_191' title='bbox 1562 606 1608 634; x_wconf 85' lang='grc' dir='ltr'>τοῦ</span> <span class='ocrx_word' id='word_1_192' title='bbox 1622 606 1655 633; x_wconf 79' lang='grc' dir='ltr'><strong>τὰ</strong></span> <span class='ocrx_word' id='word_1_193' title='bbox 1670 605 1735 633; x_wconf 72' lang='grc' dir='ltr'><strong>αὖτᾶ</strong></span> <span class='ocrx_word' id='word_1_194' title='bbox 1757 612 1866 644; x_wconf 77' lang='grc' dir='ltr'>ποιεῖν,</span> <span class='ocrx_word' id='word_1_195' title='bbox 1883 607 1923 632; x_wconf 80' lang='grc' dir='ltr'>καὶ</span> 
     </span>
    </p>
   </div>
   <div class='ocr_carea' id='block_1_33' title="bbox 1089 649 1922 690">
    <p class='ocr_par' dir='ltr' id='par_1_33' title="bbox 1089 649 1922 690">
     <span class='ocr_line' id='line_1_33' title="bbox 1089 649 1922 690; baseline 0 -13"><span class='ocrx_word' id='word_1_196' title='bbox 1089 651 1174 678; x_wconf 81' lang='grc' dir='ltr'>τοίνυν</span> <span class='ocrx_word' id='word_1_197' title='bbox 1201 650 1322 688; x_wconf 77' lang='grc' dir='ltr'>ἐγένοντο</span> <span class='ocrx_word' id='word_1_198' title='bbox 1347 649 1378 678; x_wconf 77' lang='grc' dir='ltr'><strong>ἂν</strong></span> <span class='ocrx_word' id='word_1_199' title='bbox 1400 650 1531 687; x_wconf 80' lang='grc' dir='ltr'>μισόξενοι</span> <span class='ocrx_word' id='word_1_200' title='bbox 1563 651 1621 679; x_wconf 80' lang='grc' dir='ltr'>ἀντὶ</span> <span class='ocrx_word' id='word_1_201' title='bbox 1635 649 1788 690; x_wconf 79' lang='grc' dir='ltr'>φιλοξένων,</span> <span class='ocrx_word' id='word_1_202' title='bbox 1807 649 1922 684; x_wconf 68' lang='grc' dir='ltr'>ἀνελεή-</span> 
     </span>
    </p>
   </div>
   <div class='ocr_carea' id='block_1_34' title="bbox 1091 693 1923 733">
    <p class='ocr_par' dir='ltr' id='par_1_34' title="bbox 1091 693 1923 733">
     <span class='ocr_line' id='line_1_34' title="bbox 1091 693 1923 733; baseline -0.001 -11"><span class='ocrx_word' id='word_1_203' title='bbox 1091 705 1181 733; x_wconf 84' lang='grc' dir='ltr'>μονες,</span> <span class='ocrx_word' id='word_1_204' title='bbox 1212 693 1296 722; x_wconf 75' lang='grc' dir='ltr'>ἄδικοι</span> <span class='ocrx_word' id='word_1_205' title='bbox 1326 695 1382 723; x_wconf 81' lang='grc' dir='ltr'>ἀντὶ</span> <span class='ocrx_word' id='word_1_206' title='bbox 1418 694 1571 732; x_wconf 79' lang='grc' dir='ltr'>ὲλεημόνων</span> <span class='ocrx_word' id='word_1_207' title='bbox 1601 696 1645 723; x_wconf 77' lang='grc' dir='ltr'><strong>καὶ</strong></span> <span class='ocrx_word' id='word_1_208' title='bbox 1681 694 1801 725; x_wconf 80' lang='grc' dir='ltr'>δικαίων,</span> <span class='ocrx_word' id='word_1_209' title='bbox 1836 699 1923 723; x_wconf 67' lang='grc' dir='ltr'>Ταῦτα</span> 
     </span>
    </p>
   </div>
   <div class='ocr_carea' id='block_1_35' title="bbox 1090 734 1921 778">
    <p class='ocr_par' dir='ltr' id='par_1_35' title="bbox 1090 734 1921 778">
     <span class='ocr_line' id='line_1_35' title="bbox 1090 734 1921 778; baseline -0.001 -12"><span class='ocrx_word' id='word_1_210' title='bbox 1090 739 1140 778; x_wconf 82' lang='grc' dir='ltr'>γὰρ</span> <span class='ocrx_word' id='word_1_211' title='bbox 1160 738 1226 772; x_wconf 73' lang='grc' dir='ltr'>ἦσαν</span> <span class='ocrx_word' id='word_1_212' title='bbox 1248 742 1295 766; x_wconf 78' lang='grc' dir='ltr'>τοῦ</span> <span class='ocrx_word' id='word_1_213' title='bbox 1316 737 1377 766; x_wconf 77' lang='grc' dir='ltr'><strong>’1ὼό</strong></span> <span class='ocrx_word' id='word_1_214' title='bbox 1390 739 1423 766; x_wconf 72' lang='grc' dir='ltr'>τὰ</span> <span class='ocrx_word' id='word_1_215' title='bbox 1444 738 1519 778; x_wconf 77' lang='grc' dir='ltr'>ἔργα.</span> <span class='ocrx_word' id='word_1_216' title='bbox 1552 734 1614 766; x_wconf 71' lang='grc' dir='ltr'>’Ὶνα</span> <span class='ocrx_word' id='word_1_217' title='bbox 1630 739 1716 767; x_wconf 77' lang='grc' dir='ltr'>τοίνυν</span> <span class='ocrx_word' id='word_1_218' title='bbox 1738 740 1777 776; x_wconf 73' lang='grc' dir='ltr'>μὴ</span> <span class='ocrx_word' id='word_1_219' title='bbox 1793 737 1921 776; x_wconf 68' lang='grc' dir='ltr'>βλαὸεῗεν</span> 
     </span>
    </p>
   </div>
   <div class='ocr_carea' id='block_1_36' title="bbox 1087 782 1918 823">
    <p class='ocr_par' dir='ltr' id='par_1_36' title="bbox 1087 782 1918 823">
     <span class='ocr_line' id='line_1_36' title="bbox 1087 782 1918 823; baseline 0 -13"><span class='ocrx_word' id='word_1_220' title='bbox 1087 782 1192 822; x_wconf 86' lang='grc' dir='ltr'>πολλοὶ,</span> <span class='ocrx_word' id='word_1_221' title='bbox 1215 783 1308 811; x_wconf 86' lang='grc' dir='ltr'>τούτου</span> <span class='ocrx_word' id='word_1_222' title='bbox 1329 782 1407 811; x_wconf 73' lang='grc' dir='ltr'>ἕνεκα</span> <span class='ocrx_word' id='word_1_223' title='bbox 1433 783 1623 822; x_wconf 76' lang='grc' dir='ltr'>ἇπαριθμεῖται</span> <span class='ocrx_word' id='word_1_224' title='bbox 1650 784 1684 811; x_wconf 80' lang='grc' dir='ltr'><strong>τὰ</strong></span> <span class='ocrx_word' id='word_1_225' title='bbox 1712 783 1918 823; x_wconf 78' lang='grc' dir='ltr'>κατορθώματα,</span> 
     </span>
    </p>
   </div>
   <div class='ocr_carea' id='block_1_37' title="bbox 1088 826 1918 867">
    <p class='ocr_par' dir='ltr' id='par_1_37' title="bbox 1088 826 1918 867">
     <span class='ocr_line' id='line_1_37' title="bbox 1088 826 1918 867; baseline -0.002 -11"><span class='ocrx_word' id='word_1_226' title='bbox 1088 831 1132 865; x_wconf 76' lang='grc' dir='ltr'>Τῴ</span> <span class='ocrx_word' id='word_1_227' title='bbox 1159 827 1209 865; x_wconf 78' lang='grc' dir='ltr'>μὲν</span> <span class='ocrx_word' id='word_1_228' title='bbox 1231 827 1274 856; x_wconf 78' lang='grc' dir='ltr'>οὖν</span> <span class='ocrx_word' id='word_1_229' title='bbox 1296 826 1358 856; x_wconf 77' lang='grc' dir='ltr'><strong>ἰὼϐ</strong></span> <span class='ocrx_word' id='word_1_230' title='bbox 1378 829 1454 856; x_wconf 82' lang='grc' dir='ltr'>αὗται</span> <span class='ocrx_word' id='word_1_231' title='bbox 1477 830 1502 856; x_wconf 84' lang='grc' dir='ltr'>αἱ</span> <span class='ocrx_word' id='word_1_232' title='bbox 1518 828 1597 856; x_wconf 76' lang='grc' dir='ltr'>αἰτίαι</span> <span class='ocrx_word' id='word_1_233' title='bbox 1616 837 1624 845; x_wconf 92' lang='grc'><strong>·</strong></span> <span class='ocrx_word' id='word_1_234' title='bbox 1655 828 1701 856; x_wconf 82' lang='grc' dir='ltr'>ἵνα</span> <span class='ocrx_word' id='word_1_235' title='bbox 1723 828 1762 865; x_wconf 83' lang='grc' dir='ltr'>μὴ</span> <span class='ocrx_word' id='word_1_236' title='bbox 1783 828 1918 867; x_wconf 64' lang='grc' dir='ltr'>λέγωμεν,</span> 
     </span>
    </p>
   </div>
   <div class='ocr_carea' id='block_1_38' title="bbox 1089 871 1919 911">
    <p class='ocr_par' dir='ltr' id='par_1_38' title="bbox 1089 871 1919 911">
     <span class='ocr_line' id='line_1_38' title="bbox 1089 871 1919 911; baseline 0 -12"><span class='ocrx_word' id='word_1_237' title='bbox 1089 871 1129 900; x_wconf 73' lang='grc' dir='ltr'><strong>ὅτι</strong></span> <span class='ocrx_word' id='word_1_238' title='bbox 1157 871 1184 899; x_wconf 79' lang='grc' dir='ltr'>ἐν</span> <span class='ocrx_word' id='word_1_239' title='bbox 1210 874 1301 903; x_wconf 67' lang='grc' dir='ltr'>αὺτοῖς</span> <span class='ocrx_word' id='word_1_240' title='bbox 1316 879 1376 904; x_wconf 84' lang='grc' dir='ltr'>τοῖς</span> <span class='ocrx_word' id='word_1_241' title='bbox 1392 873 1493 911; x_wconf 79' lang='grc' dir='ltr'>ῥήμασι</span> <span class='ocrx_word' id='word_1_242' title='bbox 1509 879 1567 904; x_wconf 77' lang='grc' dir='ltr'>τοῖς</span> <span class='ocrx_word' id='word_1_243' title='bbox 1590 872 1695 900; x_wconf 79' lang='grc' dir='ltr'>δοκοῦσι</span> <span class='ocrx_word' id='word_1_244' title='bbox 1718 872 1919 911; x_wconf 67' lang='grc' dir='ltr'><strong>μεγαληγορίας</strong></span> 
     </span>
    </p>
   </div>
   <div class='ocr_carea' id='block_1_39' title="bbox 1088 916 1919 957">
    <p class='ocr_par' dir='ltr' id='par_1_39' title="bbox 1088 916 1919 957">
     <span class='ocr_line' id='line_1_39' title="bbox 1088 916 1919 957; baseline -0.001 -13"><span class='ocrx_word' id='word_1_245' title='bbox 1088 916 1171 953; x_wconf 75' lang='grc' dir='ltr'>εἶναι,</span> <span class='ocrx_word' id='word_1_246' title='bbox 1201 920 1274 945; x_wconf 82' lang='grc' dir='ltr'>πᾶσα</span> <span class='ocrx_word' id='word_1_247' title='bbox 1296 917 1523 957; x_wconf 69' lang='grc' dir='ltr'>ταπεινοφροσύνη</span> <span class='ocrx_word' id='word_1_248' title='bbox 1560 916 1704 954; x_wconf 74' lang='grc' dir='ltr'>ἐκλάμπει,</span> <span class='ocrx_word' id='word_1_249' title='bbox 1734 918 1779 948; x_wconf 74' lang='grc' dir='ltr'>Τίς</span> <span class='ocrx_word' id='word_1_250' title='bbox 1808 917 1862 956; x_wconf 79' lang='grc' dir='ltr'><strong>γὰρ</strong></span> <span class='ocrx_word' id='word_1_251' title='bbox 1892 916 1919 944; x_wconf 67' lang='grc' dir='ltr'>ἄν</span> 
     </span>
    </p>
   </div>
   <div class='ocr_carea' id='block_1_40' title="bbox 1087 961 1917 1001">
    <p class='ocr_par' dir='ltr' id='par_1_40' title="bbox 1087 961 1917 1001">
     <span class='ocr_line' id='line_1_40' title="bbox 1087 961 1917 1001; baseline -0.001 -12"><span class='ocrx_word' id='word_1_252' title='bbox 1087 973 1121 999; x_wconf 91' lang='grc' dir='ltr'><strong>με</strong></span> <span class='ocrx_word' id='word_1_253' title='bbox 1147 962 1216 995; x_wconf 82' lang='grc' dir='ltr'><strong>θείη,</strong></span> <span class='ocrx_word' id='word_1_254' title='bbox 1240 962 1315 1000; x_wconf 75' lang='grc' dir='ltr'>γησὶ,</span> <span class='ocrx_word' id='word_1_255' title='bbox 1345 962 1413 990; x_wconf 77' lang='grc' dir='ltr'>κατὰ</span> <span class='ocrx_word' id='word_1_256' title='bbox 1441 965 1514 1000; x_wconf 80' lang='grc' dir='ltr'>μῆνα</span> <span class='ocrx_word' id='word_1_257' title='bbox 1549 963 1656 1001; x_wconf 74' lang='grc' dir='ltr'>ἡμερῶν</span> <span class='ocrx_word' id='word_1_258' title='bbox 1677 965 1730 990; x_wconf 81' lang='grc' dir='ltr'><strong>τῶν</strong></span> <span class='ocrx_word' id='word_1_259' title='bbox 1754 961 1917 1000; x_wconf 57' lang='grc' dir='ltr'>ἔμπροσθεν’</span> 
     </span>
    </p>
   </div>
   <div class='ocr_carea' id='block_1_41' title="bbox 1088 1003 1918 1045">
    <p class='ocr_par' dir='ltr' id='par_1_41' title="bbox 1088 1003 1918 1045">
     <span class='ocr_line' id='line_1_41' title="bbox 1088 1003 1918 1045; baseline -0.002 -11"><span class='ocrx_word' id='word_1_260' title='bbox 1088 1006 1132 1035; x_wconf 79' lang='grc' dir='ltr'><strong>ὅτε</strong></span> <span class='ocrx_word' id='word_1_261' title='bbox 1156 1007 1170 1034; x_wconf 83' lang='grc' dir='ltr'>ὁ</span> <span class='ocrx_word' id='word_1_262' title='bbox 1199 1006 1263 1038; x_wconf 80' lang='grc' dir='ltr'>Θεός</span> <span class='ocrx_word' id='word_1_263' title='bbox 1285 1017 1318 1044; x_wconf 87' lang='grc' dir='ltr'><strong>με</strong></span> <span class='ocrx_word' id='word_1_264' title='bbox 1348 1006 1490 1044; x_wconf 65' lang='grc' dir='ltr'>ἐῳύλαττεν</span> <span class='ocrx_word' id='word_1_265' title='bbox 1508 1016 1517 1042; x_wconf 83' lang='lat'><strong>;</strong></span> <span class='ocrx_word' id='word_1_266' title='bbox 1535 1003 1611 1045; x_wconf 80' lang='grc' dir='ltr'><strong>Ὀρᾶς</strong></span> <span class='ocrx_word' id='word_1_267' title='bbox 1633 1005 1673 1035; x_wconf 79' lang='grc' dir='ltr'><strong>ὅτι</strong></span> <span class='ocrx_word' id='word_1_268' title='bbox 1688 1009 1727 1042; x_wconf 83' lang='grc' dir='ltr'><strong>τῷ</strong></span> <span class='ocrx_word' id='word_1_269' title='bbox 1742 1007 1802 1044; x_wconf 86' lang='grc' dir='ltr'>Θεῷ</span> <span class='ocrx_word' id='word_1_270' title='bbox 1818 1007 1853 1034; x_wconf 80' lang='grc' dir='ltr'>τὸ</span> <span class='ocrx_word' id='word_1_271' title='bbox 1868 1009 1918 1033; x_wconf 64' lang='grc' dir='ltr'>πᾶν</span> 
     </span>
    </p>
   </div>
   <div class='ocr_carea' id='block_1_42' title="bbox 1088 1050 1916 1091">
    <p class='ocr_par' dir='ltr' id='par_1_42' title="bbox 1088 1050 1916 1091">
     <span class='ocr_line' id='line_1_42' title="bbox 1088 1050 1916 1091; baseline 0 -12"><span class='ocrx_word' id='word_1_272' title='bbox 1088 1051 1209 1086; x_wconf 80' lang='grc' dir='ltr'>ἀνέθηκε,</span> <span class='ocrx_word' id='word_1_273' title='bbox 1240 1052 1283 1079; x_wconf 80' lang='grc' dir='ltr'><strong>καὶ</strong></span> <span class='ocrx_word' id='word_1_274' title='bbox 1304 1051 1362 1080; x_wconf 64' lang='grc' dir='ltr'><strong>(ιωέ</strong></span> <span class='ocrx_word' id='word_1_275' title='bbox 1390 1051 1676 1091; x_wconf 70' lang='grc' dir='ltr'>κατακρίνει-ἐτέρους,</span> <span class='ocrx_word' id='word_1_276' title='bbox 1714 1050 1783 1078; x_wconf 75' lang='grc' dir='ltr'>ἀλλὰ</span> <span class='ocrx_word' id='word_1_277' title='bbox 1813 1050 1916 1088; x_wconf 59' lang='grc' dir='ltr'>μᾶλλον</span> 
     </span>
    </p>
   </div>
   <div class='ocr_carea' id='block_1_43' title="bbox 1087 1095 1916 1136">
    <p class='ocr_par' dir='ltr' id='par_1_43' title="bbox 1087 1095 1916 1136">
     <span class='ocr_line' id='line_1_43' title="bbox 1087 1095 1916 1136; baseline -0.001 -12"><span class='ocrx_word' id='word_1_278' title='bbox 1087 1097 1130 1124; x_wconf 84' lang='grc' dir='ltr'><strong>καὶ</strong></span> <span class='ocrx_word' id='word_1_279' title='bbox 1145 1096 1184 1133; x_wconf 76' lang='grc' dir='ltr'><strong>μὴ</strong></span> <span class='ocrx_word' id='word_1_280' title='bbox 1207 1096 1243 1127; x_wconf 81' lang='grc' dir='ltr'><strong>εἰς</strong></span> <span class='ocrx_word' id='word_1_281' title='bbox 1276 1097 1341 1124; x_wconf 80' lang='grc' dir='ltr'>Θεὸν</span> <span class='ocrx_word' id='word_1_282' title='bbox 1356 1097 1385 1123; x_wconf 83' lang='grc' dir='ltr'>τὸ</span> <span class='ocrx_word' id='word_1_283' title='bbox 1407 1099 1458 1124; x_wconf 84' lang='grc' dir='ltr'>πᾶν</span> <span class='ocrx_word' id='word_1_284' title='bbox 1474 1096 1641 1136; x_wconf 76' lang='grc' dir='ltr'>ἁναφέροντι,</span> <span class='ocrx_word' id='word_1_285' title='bbox 1655 1096 1699 1124; x_wconf 80' lang='grc' dir='ltr'><strong>καὶ</strong></span> <span class='ocrx_word' id='word_1_286' title='bbox 1714 1095 1778 1135; x_wconf 79' lang='grc' dir='ltr'>δίχα</span> <span class='ocrx_word' id='word_1_287' title='bbox 1796 1096 1916 1134; x_wconf 62' lang='grc' dir='ltr'>ἀνάγκης</span> 
     </span>
    </p>
   </div>
   <div class='ocr_carea' id='block_1_44' title="bbox 222 1140 1916 1180">
    <p class='ocr_par' dir='ltr' id='par_1_44' title="bbox 222 1140 1916 1180">
     <span class='ocr_line' id='line_1_44' title="bbox 222 1140 1916 1180; baseline -0.001 -11"><span class='ocrx_word' id='word_1_288' title='bbox 222 1141 327 1180; x_wconf 68' lang='grc' dir='ltr'>ἐτέρους</span> <span class='ocrx_word' id='word_1_289' title='bbox 342 1142 534 1180; x_wconf 71' lang='grc' dir='ltr'>κατακρίιιοντι,</span> <span class='ocrx_word' id='word_1_290' title='bbox 553 1141 660 1173; x_wconf 76' lang='grc' dir='ltr'>εἰκότως</span> <span class='ocrx_word' id='word_1_291' title='bbox 677 1142 693 1175; x_wconf 80' lang='grc' dir='ltr'><strong>ἡ</strong></span> <span class='ocrx_word' id='word_1_292' title='bbox 709 1143 862 1180; x_wconf 65' lang='grc' dir='ltr'>κατάκρισις</span> <span class='ocrx_word' id='word_1_293' title='bbox 886 1140 1023 1179; x_wconf 65' lang='grc' dir='ltr'>ἐπάγεται.</span> <span class='ocrx_word' id='word_1_294' title='bbox 1042 1143 1096 1173; x_wconf 75' lang='grc' dir='ltr'><strong>Πᾶς</strong></span> <span class='ocrx_word' id='word_1_295' title='bbox 1112 1141 1161 1179; x_wconf 72' lang='grc' dir='ltr'><strong>γὰρ</strong></span> <span class='ocrx_word' id='word_1_296' title='bbox 1177 1141 1190 1168; x_wconf 82' lang='grc' dir='ltr'><strong>ὁ</strong></span> <span class='ocrx_word' id='word_1_297' title='bbox 1205 1141 1279 1178; x_wconf 75' lang='grc' dir='ltr'>ὑψῶν</span> <span class='ocrx_word' id='word_1_298' title='bbox 1304 1141 1396 1168; x_wconf 65' lang='grc' dir='ltr'>ἑαυτὸν</span> <span class='ocrx_word' id='word_1_299' title='bbox 1411 1141 1650 1177; x_wconf 73' lang='grc' dir='ltr'>ταπεινωθήσεται,</span> <span class='ocrx_word' id='word_1_300' title='bbox 1674 1141 1724 1168; x_wconf 73' lang='grc' dir='ltr'><strong>ὑπὸ</strong></span> <span class='ocrx_word' id='word_1_301' title='bbox 1747 1144 1816 1168; x_wconf 75' lang='grc' dir='ltr'>Θεοῦ</span> <span class='ocrx_word' id='word_1_302' title='bbox 1832 1151 1916 1169; x_wconf 81' lang='grc' dir='ltr'>κατα-</span> 
     </span>
    </p>
   </div>
   <div class='ocr_carea' id='block_1_45' title="bbox 220 1184 1916 1225">
    <p class='ocr_par' dir='ltr' id='par_1_45' title="bbox 220 1184 1916 1225">
     <span class='ocr_line' id='line_1_45' title="bbox 220 1184 1916 1225; baseline 0 -11"><span class='ocrx_word' id='word_1_303' title='bbox 220 1187 372 1224; x_wconf 71' lang='grc' dir='ltr'>κρινόμενος</span> <span class='ocrx_word' id='word_1_304' title='bbox 390 1197 397 1204; x_wconf 93' lang='grc'>·</span> <span class='ocrx_word' id='word_1_305' title='bbox 415 1187 429 1214; x_wconf 73' lang='grc' dir='ltr'><strong>ὁ</strong></span> <span class='ocrx_word' id='word_1_306' title='bbox 444 1185 470 1213; x_wconf 75' lang='grc' dir='ltr'>δὲ</span> <span class='ocrx_word' id='word_1_307' title='bbox 488 1189 616 1214; x_wconf 72' lang='grc' dir='ltr'>ταπεινῶν</span> <span class='ocrx_word' id='word_1_308' title='bbox 645 1186 736 1214; x_wconf 71' lang='grc' dir='ltr'>ἑαυτὸν</span> <span class='ocrx_word' id='word_1_309' title='bbox 764 1189 797 1223; x_wconf 79' lang='grc' dir='ltr'>τῇ</span> <span class='ocrx_word' id='word_1_310' title='bbox 819 1186 982 1223; x_wconf 75' lang='grc' dir='ltr'>κατακρίσει,</span> <span class='ocrx_word' id='word_1_311' title='bbox 1013 1185 1181 1222; x_wconf 65' lang='grc' dir='ltr'>ὑψωθήσεται</span> <span class='ocrx_word' id='word_1_312' title='bbox 1211 1185 1281 1224; x_wconf 83' lang='grc' dir='ltr'>παρὰ</span> <span class='ocrx_word' id='word_1_313' title='bbox 1309 1188 1374 1212; x_wconf 71' lang='grc' dir='ltr'>Θεοῦ</span> <span class='ocrx_word' id='word_1_314' title='bbox 1388 1184 1582 1223; x_wconf 72' lang='grc' dir='ltr'>δικαιούμενος.</span> <span class='ocrx_word' id='word_1_315' title='bbox 1600 1185 1664 1224; x_wconf 74' lang='grc' dir='ltr'>Λέγε</span> <span class='ocrx_word' id='word_1_316' title='bbox 1681 1185 1731 1225; x_wconf 63' lang='grc' dir='ltr'><strong>γαρ</strong></span> <span class='ocrx_word' id='word_1_317' title='bbox 1746 1185 1777 1213; x_wconf 66' lang='grc' dir='ltr'>σὺ</span> <span class='ocrx_word' id='word_1_318' title='bbox 1793 1188 1916 1224; x_wconf 75' lang='grc' dir='ltr'>πρῶτος,</span> 
     </span>
    </p>
   </div>
   <div class='ocr_carea' id='block_1_46' title="bbox 221 1229 825 1270">
    <p class='ocr_par' dir='ltr' id='par_1_46' title="bbox 221 1229 825 1270">
     <span class='ocr_line' id='line_1_46' title="bbox 221 1229 825 1270; baseline 0 -12"><span class='ocrx_word' id='word_1_319' title='bbox 221 1232 295 1270; x_wconf 69' lang='grc' dir='ltr'>φησὶ,</span> <span class='ocrx_word' id='word_1_320' title='bbox 321 1232 366 1262; x_wconf 73' lang='grc' dir='ltr'><strong>τὰς</strong></span> <span class='ocrx_word' id='word_1_321' title='bbox 391 1231 518 1269; x_wconf 66' lang='grc' dir='ltr'>ἁμαρτίας</span> <span class='ocrx_word' id='word_1_322' title='bbox 534 1242 592 1267; x_wconf 78' lang='grc' dir='ltr'>σου,</span> <span class='ocrx_word' id='word_1_323' title='bbox 608 1231 653 1258; x_wconf 84' lang='grc' dir='ltr'>’ἱνα</span> <span class='ocrx_word' id='word_1_324' title='bbox 669 1229 825 1268; x_wconf 75' lang='grc' dir='ltr'>δικαιωθῇς,</span> 
     </span>
    </p>
   </div>
   <div class='ocr_carea' id='block_1_47' title="bbox 263 1274 1043 1306">
    <p class='ocr_par' dir='ltr' id='par_1_47' title="bbox 263 1274 1043 1306">
     <span class='ocr_line' id='line_1_47' title="bbox 263 1274 1043 1306; baseline -0.001 -1"><span class='ocrx_word' id='word_1_325' title='bbox 263 1274 352 1305; x_wconf 72' lang='lat' dir='ltr'><strong>Vens.</strong></span> <span class='ocrx_word' id='word_1_326' title='bbox 368 1275 468 1306; x_wconf 78' lang='grc'><strong>15-17.</strong></span> <span class='ocrx_word' id='word_1_327' title='bbox 484 1285 497 1304; x_wconf 85' lang='grc'><strong><em>«</em></strong></span> <span class='ocrx_word' id='word_1_328' title='bbox 511 1274 683 1305; x_wconf 84' lang='lat' dir='ltr'><strong>All&#39;erebant</strong></span> <span class='ocrx_word' id='word_1_329' title='bbox 698 1279 795 1305; x_wconf 88' lang='lat' dir='ltr'><strong>autem</strong></span> <span class='ocrx_word' id='word_1_330' title='bbox 811 1275 847 1304; x_wconf 89' lang='lat' dir='ltr'><strong>ad</strong></span> <span class='ocrx_word' id='word_1_331' title='bbox 865 1283 932 1305; x_wconf 91' lang='lat' dir='ltr'><strong>eum</strong></span> <span class='ocrx_word' id='word_1_332' title='bbox 949 1278 978 1304; x_wconf 89' lang='lat' dir='ltr'><strong>et</strong></span> <span class='ocrx_word' id='word_1_333' title='bbox 994 1274 1043 1305; x_wconf 88' lang='lat' dir='ltr'><strong>in—</strong></span> 
     </span>
    </p>
   </div>
   <div class='ocr_carea' id='block_1_48' title="bbox 222 1318 1045 1358">
    <p class='ocr_par' dir='ltr' id='par_1_48' title="bbox 222 1318 1045 1358">
     <span class='ocr_line' id='line_1_48' title="bbox 222 1318 1045 1358; baseline -0.002 -8"><span class='ocrx_word' id='word_1_334' title='bbox 222 1321 329 1355; x_wconf 82' lang='lat' dir='ltr'><strong>fantes,</strong></span> <span class='ocrx_word' id='word_1_335' title='bbox 347 1324 378 1350; x_wconf 89' lang='lat' dir='ltr'><strong>ut</strong></span> <span class='ocrx_word' id='word_1_336' title='bbox 393 1329 445 1350; x_wconf 91' lang='lat' dir='ltr'><strong>eos</strong></span> <span class='ocrx_word' id='word_1_337' title='bbox 460 1323 605 1358; x_wconf 80' lang='lat' dir='ltr'><strong>tangeret.</strong></span> <span class='ocrx_word' id='word_1_338' title='bbox 622 1318 705 1354; x_wconf 92' lang='lat' dir='ltr'><strong>Quod</strong></span> <span class='ocrx_word' id='word_1_339' title='bbox 722 1328 788 1349; x_wconf 91' lang='lat' dir='ltr'><strong>cum</strong></span> <span class='ocrx_word' id='word_1_340' title='bbox 805 1319 938 1350; x_wconf 81' lang='lat' dir='ltr'><strong>viderent</strong></span> <span class='ocrx_word' id='word_1_341' title='bbox 953 1318 1045 1349; x_wconf 91' lang='lat' dir='ltr'><strong>disci-</strong></span> 
     </span>
    </p>
   </div>
   <div class='ocr_carea' id='block_1_49' title="bbox 223 1362 1046 1405">
    <p class='ocr_par' dir='ltr' id='par_1_49' title="bbox 223 1362 1046 1405">
     <span class='ocr_line' id='line_1_49' title="bbox 223 1362 1046 1405; baseline -0.001 -11"><span class='ocrx_word' id='word_1_342' title='bbox 223 1365 295 1405; x_wconf 85' lang='lat' dir='ltr'><strong>puli,</strong></span> <span class='ocrx_word' id='word_1_343' title='bbox 315 1363 510 1404; x_wconf 80' lang='lat' dir='ltr'><strong>increpabant</strong></span> <span class='ocrx_word' id='word_1_344' title='bbox 527 1364 606 1394; x_wconf 90' lang='lat' dir='ltr'><strong>illos.</strong></span> <span class='ocrx_word' id='word_1_345' title='bbox 622 1363 707 1402; x_wconf 76' lang='lat' dir='ltr'><strong>Jesus</strong></span> <span class='ocrx_word' id='word_1_346' title='bbox 722 1368 820 1394; x_wconf 87' lang='lat' dir='ltr'><strong>autem</strong></span> <span class='ocrx_word' id='word_1_347' title='bbox 844 1373 911 1393; x_wconf 89' lang='lat' dir='ltr'><strong>cum</strong></span> <span class='ocrx_word' id='word_1_348' title='bbox 928 1363 995 1393; x_wconf 88' lang='lat' dir='ltr'><strong>illos</strong></span> <span class='ocrx_word' id='word_1_349' title='bbox 1010 1362 1046 1393; x_wconf 90' lang='lat' dir='ltr'><strong>ad</strong></span> 
     </span>
    </p>
   </div>
   <div class='ocr_carea' id='block_1_50' title="bbox 221 1407 1045 1447">
    <p class='ocr_par' dir='ltr' id='par_1_50' title="bbox 221 1407 1045 1447">
     <span class='ocr_line' id='line_1_50' title="bbox 221 1407 1045 1447; baseline -0.001 -9"><span class='ocrx_word' id='word_1_350' title='bbox 221 1418 254 1438; x_wconf 90' lang='lat' dir='ltr'><strong>se</strong></span> <span class='ocrx_word' id='word_1_351' title='bbox 271 1413 413 1444; x_wconf 84' lang='lat' dir='ltr'><strong>vocasset,</strong></span> <span class='ocrx_word' id='word_1_352' title='bbox 431 1407 525 1438; x_wconf 82' lang='lat' dir='ltr'><strong>dixit:</strong></span> <span class='ocrx_word' id='word_1_353' title='bbox 545 1407 638 1438; x_wconf 81' lang='lat' dir='ltr'><strong>Sinite</strong></span> <span class='ocrx_word' id='word_1_354' title='bbox 659 1417 768 1447; x_wconf 82' lang='lat' dir='ltr'><strong>pueros</strong></span> <span class='ocrx_word' id='word_1_355' title='bbox 795 1407 898 1438; x_wconf 89' lang='lat' dir='ltr'><strong>venire</strong></span> <span class='ocrx_word' id='word_1_356' title='bbox 922 1407 958 1437; x_wconf 86' lang='lat' dir='ltr'><strong>ad</strong></span> <span class='ocrx_word' id='word_1_357' title='bbox 986 1416 1045 1445; x_wconf 92' lang='lat' dir='ltr'><strong>me,</strong></span> 
     </span>
    </p>
   </div>
   <div class='ocr_carea' id='block_1_51' title="bbox 223 1451 1045 1492">
    <p class='ocr_par' dir='ltr' id='par_1_51' title="bbox 223 1451 1045 1492">
     <span class='ocr_line' id='line_1_51' title="bbox 223 1451 1045 1492; baseline -0.001 -9"><span class='ocrx_word' id='word_1_358' title='bbox 223 1457 250 1483; x_wconf 92' lang='lat' dir='ltr'><strong>et</strong></span> <span class='ocrx_word' id='word_1_359' title='bbox 267 1453 358 1483; x_wconf 83' lang='lat' dir='ltr'><strong>nolite</strong></span> <span class='ocrx_word' id='word_1_360' title='bbox 374 1457 475 1483; x_wconf 87' lang='lat' dir='ltr'><strong>vetare</strong></span> <span class='ocrx_word' id='word_1_361' title='bbox 492 1461 554 1492; x_wconf 86' lang='lat' dir='ltr'><strong>eos,</strong></span> <span class='ocrx_word' id='word_1_362' title='bbox 572 1452 674 1482; x_wconf 68' lang='lat' dir='ltr'><strong>talium</strong></span> <span class='ocrx_word' id='word_1_363' title='bbox 692 1456 735 1482; x_wconf 77' lang='lat' dir='ltr'><strong>est</strong></span> <span class='ocrx_word' id='word_1_364' title='bbox 748 1452 828 1482; x_wconf 90' lang='lat' dir='ltr'><strong>enim</strong></span> <span class='ocrx_word' id='word_1_365' title='bbox 844 1460 967 1491; x_wconf 78' lang='lat' dir='ltr'><strong>regnum</strong></span> <span class='ocrx_word' id='word_1_366' title='bbox 980 1451 1045 1482; x_wconf 89' lang='lat' dir='ltr'><strong>Dei.</strong></span> 
     </span>
    </p>
   </div>
   <div class='ocr_carea' id='block_1_52' title="bbox 222 1496 1045 1536">
    <p class='ocr_par' dir='ltr' id='par_1_52' title="bbox 222 1496 1045 1536">
     <span class='ocr_line' id='line_1_52' title="bbox 222 1496 1045 1536; baseline -0.001 -9"><span class='ocrx_word' id='word_1_367' title='bbox 222 1498 317 1527; x_wconf 88' lang='lat' dir='ltr'><strong>Amen</strong></span> <span class='ocrx_word' id='word_1_368' title='bbox 331 1497 397 1527; x_wconf 88' lang='lat' dir='ltr'><strong>dico</strong></span> <span class='ocrx_word' id='word_1_369' title='bbox 409 1497 502 1533; x_wconf 83' lang='lat' dir='ltr'><strong>vobis,</strong></span> <span class='ocrx_word' id='word_1_370' title='bbox 517 1496 685 1536; x_wconf 87' lang='lat' dir='ltr'><strong>quicunque</strong></span> <span class='ocrx_word' id='word_1_371' title='bbox 695 1506 752 1526; x_wconf 87' lang='lat' dir='ltr'><strong>non</strong></span> <span class='ocrx_word' id='word_1_372' title='bbox 763 1496 912 1536; x_wconf 84' lang='lat' dir='ltr'><strong>acceperit</strong></span> <span class='ocrx_word' id='word_1_373' title='bbox 921 1505 1045 1535; x_wconf 82' lang='lat' dir='ltr'><strong>regnum</strong></span> 
     </span>
    </p>
   </div>
   <div class='ocr_carea' id='block_1_53' title="bbox 223 1540 1046 1580">
    <p class='ocr_par' dir='ltr' id='par_1_53' title="bbox 223 1540 1046 1580">
     <span class='ocr_line' id='line_1_53' title="bbox 223 1540 1046 1580; baseline -0.001 -9"><span class='ocrx_word' id='word_1_374' title='bbox 223 1540 274 1571; x_wconf 88' lang='lat' dir='ltr'><strong>Dei</strong></span> <span class='ocrx_word' id='word_1_375' title='bbox 291 1541 380 1572; x_wconf 88' lang='lat' dir='ltr'><strong>veluti</strong></span> <span class='ocrx_word' id='word_1_376' title='bbox 396 1550 479 1580; x_wconf 82' lang='lat' dir='ltr'><strong>puer,</strong></span> <span class='ocrx_word' id='word_1_377' title='bbox 494 1550 551 1571; x_wconf 89' lang='lat' dir='ltr'><strong>non</strong></span> <span class='ocrx_word' id='word_1_378' title='bbox 568 1541 691 1571; x_wconf 88' lang='lat' dir='ltr'><strong>intrabit</strong></span> <span class='ocrx_word' id='word_1_379' title='bbox 702 1541 731 1570; x_wconf 91' lang='lat' dir='ltr'><strong>in</strong></span> <span class='ocrx_word' id='word_1_380' title='bbox 743 1540 828 1571; x_wconf 91' lang='lat' dir='ltr'><strong>illud.</strong></span> <span class='ocrx_word' id='word_1_381' title='bbox 848 1553 861 1568; x_wconf 65' lang='grc' dir='ltr'><strong><em>η</em></strong></span> <span class='ocrx_word' id='word_1_382' title='bbox 881 1540 915 1570; x_wconf 89' lang='lat' dir='ltr'><strong>Et</strong></span> <span class='ocrx_word' id='word_1_383' title='bbox 929 1540 964 1571; x_wconf 88' lang='lat' dir='ltr'><strong>ad</strong></span> <span class='ocrx_word' id='word_1_384' title='bbox 977 1540 1046 1570; x_wconf 73' lang='grc'><strong>456</strong></span> 
     </span>
    </p>
   </div>
   <div class='ocr_carea' id='block_1_54' title="bbox 222 1584 1075 1625">
    <p class='ocr_par' dir='ltr' id='par_1_54' title="bbox 222 1584 1075 1625">
     <span class='ocr_line' id='line_1_54' title="bbox 222 1584 1075 1625; baseline 0 -10"><span class='ocrx_word' id='word_1_385' title='bbox 222 1586 415 1616; x_wconf 81' lang='lat' dir='ltr'><strong>humilitatem</strong></span> <span class='ocrx_word' id='word_1_386' title='bbox 433 1584 574 1615; x_wconf 88' lang='lat' dir='ltr'><strong>conducit</strong></span> <span class='ocrx_word' id='word_1_387' title='bbox 596 1585 685 1615; x_wconf 86' lang='lat' dir='ltr'><strong>etiam</strong></span> <span class='ocrx_word' id='word_1_388' title='bbox 703 1585 757 1615; x_wconf 90' lang='lat' dir='ltr'><strong>hoc</strong></span> <span class='ocrx_word' id='word_1_389' title='bbox 774 1585 810 1615; x_wconf 86' lang='lat' dir='ltr'><strong>de</strong></span> <span class='ocrx_word' id='word_1_390' title='bbox 827 1585 927 1625; x_wconf 86' lang='lat' dir='ltr'><strong>pueris</strong></span> <span class='ocrx_word' id='word_1_391' title='bbox 942 1593 1044 1615; x_wconf 86' lang='lat' dir='ltr'><strong>exem-</strong></span> <span class='ocrx_word' id='word_1_392' title='bbox 1056 1597 1075 1622; x_wconf 74' lang='grc' dir='ltr'><em>ς</em></span> 
     </span>
    </p>
   </div>
   <div class='ocr_carea' id='block_1_55' title="bbox 223 1629 1046 1670">
    <p class='ocr_par' dir='ltr' id='par_1_55' title="bbox 223 1629 1046 1670">
     <span class='ocr_line' id='line_1_55' title="bbox 223 1629 1046 1670; baseline 0 -11"><span class='ocrx_word' id='word_1_393' title='bbox 223 1630 316 1670; x_wconf 90' lang='lat' dir='ltr'><strong>plum.</strong></span> <span class='ocrx_word' id='word_1_394' title='bbox 334 1629 426 1660; x_wconf 90' lang='lat' dir='ltr'><strong>Docet</strong></span> <span class='ocrx_word' id='word_1_395' title='bbox 440 1630 518 1660; x_wconf 90' lang='lat' dir='ltr'><strong>enim</strong></span> <span class='ocrx_word' id='word_1_396' title='bbox 538 1629 679 1660; x_wconf 90' lang='lat' dir='ltr'><strong>Dominus</strong></span> <span class='ocrx_word' id='word_1_397' title='bbox 695 1638 748 1669; x_wconf 90' lang='lat' dir='ltr'><strong>per</strong></span> <span class='ocrx_word' id='word_1_398' title='bbox 763 1629 829 1659; x_wconf 90' lang='lat' dir='ltr'><strong>illos</strong></span> <span class='ocrx_word' id='word_1_399' title='bbox 852 1629 973 1659; x_wconf 90' lang='lat' dir='ltr'><strong>omnino</strong></span> <span class='ocrx_word' id='word_1_400' title='bbox 988 1629 1046 1659; x_wconf 91' lang='lat' dir='ltr'><strong>hu-</strong></span> 
     </span>
    </p>
   </div>
   <div class='ocr_carea' id='block_1_56' title="bbox 224 1673 1046 1713">
    <p class='ocr_par' dir='ltr' id='par_1_56' title="bbox 224 1673 1046 1713">
     <span class='ocr_line' id='line_1_56' title="bbox 224 1673 1046 1713; baseline 0 -9"><span class='ocrx_word' id='word_1_401' title='bbox 224 1674 335 1704; x_wconf 86' lang='lat' dir='ltr'><strong>militer</strong></span> <span class='ocrx_word' id='word_1_402' title='bbox 346 1674 538 1712; x_wconf 85' lang='lat' dir='ltr'><strong>agendum,et</strong></span> <span class='ocrx_word' id='word_1_403' title='bbox 551 1683 655 1704; x_wconf 90' lang='lat' dir='ltr'><strong>omnes</strong></span> <span class='ocrx_word' id='word_1_404' title='bbox 665 1673 1046 1713; x_wconf 86' lang='lat' dir='ltr'><strong>suscipiendos,nullosque</strong></span> 
     </span>
    </p>
   </div>
   <div class='ocr_carea' id='block_1_57' title="bbox 223 1717 1045 1758">
    <p class='ocr_par' dir='ltr' id='par_1_57' title="bbox 223 1717 1045 1758">
     <span class='ocr_line' id='line_1_57' title="bbox 223 1717 1045 1758; baseline -0.001 -9"><span class='ocrx_word' id='word_1_405' title='bbox 223 1719 469 1750; x_wconf 84' lang='lat' dir='ltr'><strong>contemnendos.</strong></span> <span class='ocrx_word' id='word_1_406' title='bbox 489 1718 630 1758; x_wconf 74' lang='lat' dir='ltr'><strong>Disiipuii</strong></span> <span class='ocrx_word' id='word_1_407' title='bbox 646 1718 724 1749; x_wconf 92' lang='lat' dir='ltr'><strong>enim</strong></span> <span class='ocrx_word' id='word_1_408' title='bbox 749 1718 900 1757; x_wconf 82' lang='lat' dir='ltr'><strong>indignum</strong></span> <span class='ocrx_word' id='word_1_409' title='bbox 917 1717 1045 1749; x_wconf 84' lang='lat' dir='ltr'><strong>arbitra-</strong></span> 
     </span>
    </p>
   </div>
   <div class='ocr_carea' id='block_1_58' title="bbox 223 1763 1044 1803">
    <p class='ocr_par' dir='ltr' id='par_1_58' title="bbox 223 1763 1044 1803">
     <span class='ocr_line' id='line_1_58' title="bbox 223 1763 1044 1803; baseline -0.001 -9"><span class='ocrx_word' id='word_1_410' title='bbox 223 1765 330 1794; x_wconf 80' lang='lat' dir='ltr'><strong>bantur</strong></span> <span class='ocrx_word' id='word_1_411' title='bbox 341 1764 375 1794; x_wconf 88' lang='lat' dir='ltr'><strong>ad</strong></span> <span class='ocrx_word' id='word_1_412' title='bbox 395 1764 480 1794; x_wconf 86' lang='lat' dir='ltr'><strong>talem</strong></span> <span class='ocrx_word' id='word_1_413' title='bbox 499 1764 668 1803; x_wconf 83' lang='lat' dir='ltr'><strong>Magistrum</strong></span> <span class='ocrx_word' id='word_1_414' title='bbox 690 1763 791 1794; x_wconf 75' lang='lat' dir='ltr'><strong>offerri</strong></span> <span class='ocrx_word' id='word_1_415' title='bbox 807 1772 926 1803; x_wconf 87' lang='lat' dir='ltr'><strong>pueros.</strong></span> <span class='ocrx_word' id='word_1_416' title='bbox 945 1763 1044 1793; x_wconf 81' lang='lat' dir='ltr'><strong>Atille</strong></span> 
     </span>
    </p>
   </div>
   <div class='ocr_carea' id='block_1_59' title="bbox 221 1807 1044 1849">
    <p class='ocr_par' dir='ltr' id='par_1_59' title="bbox 221 1807 1044 1849">
     <span class='ocr_line' id='line_1_59' title="bbox 221 1807 1044 1849; baseline -0.001 -10"><span class='ocrx_word' id='word_1_417' title='bbox 221 1809 349 1839; x_wconf 87' lang='lat' dir='ltr'><strong>ostendit</strong></span> <span class='ocrx_word' id='word_1_418' title='bbox 365 1818 458 1849; x_wconf 91' lang='lat' dir='ltr'><strong>usque</strong></span> <span class='ocrx_word' id='word_1_419' title='bbox 484 1809 559 1839; x_wconf 86' lang='lat' dir='ltr'><strong>adeo</strong></span> <span class='ocrx_word' id='word_1_420' title='bbox 587 1808 761 1838; x_wconf 86' lang='lat' dir='ltr'><strong>sectandam</strong></span> <span class='ocrx_word' id='word_1_421' title='bbox 786 1807 995 1844; x_wconf 86' lang='lat' dir='ltr'><strong>humilitatem,</strong></span> <span class='ocrx_word' id='word_1_422' title='bbox 1013 1811 1044 1838; x_wconf 93' lang='lat' dir='ltr'><strong>ut</strong></span> 
     </span>
    </p>
   </div>
   <div class='ocr_carea' id='block_1_60' title="bbox 220 1852 1043 1892">
    <p class='ocr_par' dir='ltr' id='par_1_60' title="bbox 220 1852 1043 1892">
     <span class='ocr_line' id='line_1_60' title="bbox 220 1852 1043 1892; baseline -0.002 -8"><span class='ocrx_word' id='word_1_423' title='bbox 220 1855 308 1885; x_wconf 81' lang='lat' dir='ltr'><strong>etiam</strong></span> <span class='ocrx_word' id='word_1_424' title='bbox 327 1854 441 1884; x_wconf 83' lang='lat' dir='ltr'><strong>minimi</strong></span> <span class='ocrx_word' id='word_1_425' title='bbox 459 1863 517 1883; x_wconf 89' lang='lat' dir='ltr'><strong>non</strong></span> <span class='ocrx_word' id='word_1_426' title='bbox 541 1853 600 1883; x_wconf 84' lang='lat' dir='ltr'><strong>sint</strong></span> <span class='ocrx_word' id='word_1_427' title='bbox 623 1852 797 1892; x_wconf 87' lang='lat' dir='ltr'><strong>abjiciendi.</strong></span> <span class='ocrx_word' id='word_1_428' title='bbox 815 1854 850 1883; x_wconf 59' lang='lat' dir='ltr'><strong>lyjt</strong></span> <span class='ocrx_word' id='word_1_429' title='bbox 865 1852 908 1883; x_wconf 90' lang='lat' dir='ltr'><strong>sic</strong></span> <span class='ocrx_word' id='word_1_430' title='bbox 924 1852 1043 1892; x_wconf 90' lang='lat' dir='ltr'><strong>quidem</strong></span> 
     </span>
    </p>
   </div>
   <div class='ocr_carea' id='block_1_61' title="bbox 219 1896 1042 1937">
    <p class='ocr_par' dir='ltr' id='par_1_61' title="bbox 219 1896 1042 1937">
     <span class='ocr_line' id='line_1_61' title="bbox 219 1896 1042 1937; baseline -0.002 -8"><span class='ocrx_word' id='word_1_431' title='bbox 219 1899 307 1929; x_wconf 88' lang='lat' dir='ltr'><strong>docet</strong></span> <span class='ocrx_word' id='word_1_432' title='bbox 323 1898 517 1929; x_wconf 81' lang='lat' dir='ltr'><strong>humilitatem</strong></span> <span class='ocrx_word' id='word_1_433' title='bbox 535 1907 626 1937; x_wconf 83' lang='lat' dir='ltr'><strong>opere</strong></span> <span class='ocrx_word' id='word_1_434' title='bbox 638 1907 702 1928; x_wconf 91' lang='lat' dir='ltr'><strong>suo.</strong></span> <span class='ocrx_word' id='word_1_435' title='bbox 721 1896 783 1927; x_wconf 87' lang='lat' dir='ltr'><strong>Non</strong></span> <span class='ocrx_word' id='word_1_436' title='bbox 797 1897 876 1927; x_wconf 86' lang='lat' dir='ltr'><strong>enim</strong></span> <span class='ocrx_word' id='word_1_437' title='bbox 893 1896 1042 1933; x_wconf 80' lang='lat' dir='ltr'><strong>amandat,</strong></span> 
     </span>
    </p>
   </div>
   <div class='ocr_carea' id='block_1_62' title="bbox 219 1941 1045 1982">
    <p class='ocr_par' dir='ltr' id='par_1_62' title="bbox 219 1941 1045 1982">
     <span class='ocr_line' id='line_1_62' title="bbox 219 1941 1045 1982; baseline -0.002 -9"><span class='ocrx_word' id='word_1_438' title='bbox 219 1944 270 1973; x_wconf 86' lang='lat' dir='ltr'><strong>sed</strong></span> <span class='ocrx_word' id='word_1_439' title='bbox 288 1943 420 1973; x_wconf 82' lang='lat' dir='ltr'><strong>suaviter</strong></span> <span class='ocrx_word' id='word_1_440' title='bbox 434 1943 619 1982; x_wconf 84' lang='lat' dir='ltr'><strong>amplexatur</strong></span> <span class='ocrx_word' id='word_1_441' title='bbox 634 1942 773 1972; x_wconf 80' lang='lat' dir='ltr'><strong>infantes.</strong></span> <span class='ocrx_word' id='word_1_442' title='bbox 791 1941 882 1971; x_wconf 89' lang='lat' dir='ltr'><strong>Docet</strong></span> <span class='ocrx_word' id='word_1_443' title='bbox 904 1945 999 1972; x_wconf 84' lang='lat' dir='ltr'><strong>autem</strong></span> <span class='ocrx_word' id='word_1_444' title='bbox 1015 1945 1045 1973; x_wconf 87' lang='lat' dir='ltr'><strong>et</strong></span> 
     </span>
    </p>
   </div>
   <div class='ocr_carea' id='block_1_63' title="bbox 221 1986 1041 2027">
    <p class='ocr_par' dir='ltr' id='par_1_63' title="bbox 221 1986 1041 2027">
     <span class='ocr_line' id='line_1_63' title="bbox 221 1986 1041 2027; baseline -0.001 -10"><span class='ocrx_word' id='word_1_445' title='bbox 221 1998 274 2027; x_wconf 91' lang='lat' dir='ltr'><strong>per</strong></span> <span class='ocrx_word' id='word_1_446' title='bbox 285 1997 466 2021; x_wconf 76' lang='lat' dir='ltr'><strong>sermonem,</strong></span> <span class='ocrx_word' id='word_1_447' title='bbox 483 1986 561 2027; x_wconf 87' lang='lat' dir='ltr'><strong>quod</strong></span> <span class='ocrx_word' id='word_1_448' title='bbox 578 1995 702 2025; x_wconf 82' lang='lat' dir='ltr'><strong>regnum</strong></span> <span class='ocrx_word' id='word_1_449' title='bbox 719 1987 862 2016; x_wconf 69' lang='lat' dir='ltr'><strong>caalorum</strong></span> <span class='ocrx_word' id='word_1_450' title='bbox 880 1990 926 2016; x_wconf 89' lang='lat' dir='ltr'><strong>est</strong></span> <span class='ocrx_word' id='word_1_451' title='bbox 940 1995 1041 2016; x_wconf 90' lang='lat' dir='ltr'><strong>eorum</strong></span> 
     </span>
    </p>
   </div>
   <div class='ocr_carea' id='block_1_64' title="bbox 220 2030 1041 2072">
    <p class='ocr_par' dir='ltr' id='par_1_64' title="bbox 220 2030 1041 2072">
     <span class='ocr_line' id='line_1_64' title="bbox 220 2030 1041 2072; baseline -0.002 -10"><span class='ocrx_word' id='word_1_452' title='bbox 220 2033 269 2072; x_wconf 75' lang='lat' dir='ltr'><strong>qui</strong></span> <span class='ocrx_word' id='word_1_453' title='bbox 281 2032 417 2062; x_wconf 90' lang='lat' dir='ltr'><strong>similiter</strong></span> <span class='ocrx_word' id='word_1_454' title='bbox 433 2031 528 2061; x_wconf 67' lang='lat' dir='ltr'><strong>aﬂ‘ecti</strong></span> <span class='ocrx_word' id='word_1_455' title='bbox 544 2035 613 2061; x_wconf 88' lang='lat' dir='ltr'><strong>sunt</strong></span> <span class='ocrx_word' id='word_1_456' title='bbox 627 2035 659 2061; x_wconf 91' lang='lat' dir='ltr'><strong>ut</strong></span> <span class='ocrx_word' id='word_1_457' title='bbox 673 2030 766 2070; x_wconf 86' lang='lat' dir='ltr'><strong>pueri.</strong></span> <span class='ocrx_word' id='word_1_458' title='bbox 785 2030 863 2061; x_wconf 88' lang='lat' dir='ltr'><strong>Puer</strong></span> <span class='ocrx_word' id='word_1_459' title='bbox 876 2040 934 2061; x_wconf 90' lang='lat' dir='ltr'><strong>non</strong></span> <span class='ocrx_word' id='word_1_460' title='bbox 953 2030 1041 2061; x_wconf 81' lang='lat' dir='ltr'><strong>infla-</strong></span> 
     </span>
    </p>
   </div>
   <div class='ocr_carea' id='block_1_65' title="bbox 220 2075 1041 2117">
    <p class='ocr_par' dir='ltr' id='par_1_65' title="bbox 220 2075 1041 2117">
     <span class='ocr_line' id='line_1_65' title="bbox 220 2075 1041 2117; baseline -0.002 -10"><span class='ocrx_word' id='word_1_461' title='bbox 220 2082 276 2113; x_wconf 88' lang='lat' dir='ltr'><strong>tur,</strong></span> <span class='ocrx_word' id='word_1_462' title='bbox 308 2086 404 2117; x_wconf 88' lang='lat' dir='ltr'><strong>neque</strong></span> <span class='ocrx_word' id='word_1_463' title='bbox 432 2076 559 2116; x_wconf 87' lang='lat' dir='ltr'><strong>aliquem</strong></span> <span class='ocrx_word' id='word_1_464' title='bbox 587 2075 750 2106; x_wconf 84' lang='lat' dir='ltr'><strong>contemnit</strong></span> <span class='ocrx_word' id='word_1_465' title='bbox 774 2084 781 2106; x_wconf 88' lang='lat'>:</span> <span class='ocrx_word' id='word_1_466' title='bbox 813 2075 957 2106; x_wconf 88' lang='lat' dir='ltr'><strong>innocens</strong></span> <span class='ocrx_word' id='word_1_467' title='bbox 986 2080 1041 2112; x_wconf 86' lang='lat' dir='ltr'><strong>est,</strong></span> 
     </span>
    </p>
   </div>
   <div class='ocr_carea' id='block_1_66' title="bbox 219 2120 1042 2160">
    <p class='ocr_par' dir='ltr' id='par_1_66' title="bbox 219 2120 1042 2160">
     <span class='ocr_line' id='line_1_66' title="bbox 219 2120 1042 2160; baseline 0 -10"><span class='ocrx_word' id='word_1_468' title='bbox 219 2122 355 2160; x_wconf 81' lang='lat' dir='ltr'><strong>simplex,</strong></span> <span class='ocrx_word' id='word_1_469' title='bbox 373 2125 402 2151; x_wconf 85' lang='lat' dir='ltr'><strong>et</strong></span> <span class='ocrx_word' id='word_1_470' title='bbox 418 2130 484 2151; x_wconf 88' lang='lat' dir='ltr'><strong>cum</strong></span> <span class='ocrx_word' id='word_1_471' title='bbox 501 2120 580 2150; x_wconf 88' lang='lat' dir='ltr'><strong>omni</strong></span> <span class='ocrx_word' id='word_1_472' title='bbox 598 2120 790 2160; x_wconf 83' lang='lat' dir='ltr'><strong>simplicitate</strong></span> <span class='ocrx_word' id='word_1_473' title='bbox 806 2129 904 2160; x_wconf 89' lang='lat' dir='ltr'><strong>neque</strong></span> <span class='ocrx_word' id='word_1_474' title='bbox 920 2120 949 2150; x_wconf 90' lang='lat' dir='ltr'><strong>in</strong></span> <span class='ocrx_word' id='word_1_475' title='bbox 972 2129 1042 2159; x_wconf 92' lang='lat' dir='ltr'><strong>pro-</strong></span> 
     </span>
    </p>
   </div>
   <div class='ocr_carea' id='block_1_67' title="bbox 218 2164 1043 2206">
    <p class='ocr_par' dir='ltr' id='par_1_67' title="bbox 218 2164 1043 2206">
     <span class='ocr_line' id='line_1_67' title="bbox 218 2164 1043 2206; baseline -0.001 -10"><span class='ocrx_word' id='word_1_476' title='bbox 218 2166 313 2206; x_wconf 83' lang='lat' dir='ltr'><strong>speris</strong></span> <span class='ocrx_word' id='word_1_477' title='bbox 326 2166 487 2196; x_wconf 82' lang='lat' dir='ltr'><strong>extollitur.</strong></span> <span class='ocrx_word' id='word_1_478' title='bbox 503 2174 599 2205; x_wconf 85' lang='lat' dir='ltr'><strong>neque</strong></span> <span class='ocrx_word' id='word_1_479' title='bbox 613 2165 641 2194; x_wconf 93' lang='lat' dir='ltr'><strong>in</strong></span> <span class='ocrx_word' id='word_1_480' title='bbox 654 2165 788 2195; x_wconf 83' lang='lat' dir='ltr'><strong>tristibus</strong></span> <span class='ocrx_word' id='word_1_481' title='bbox 800 2164 1043 2204; x_wconf 77' lang='lat' dir='ltr'><strong>dejiciturUnde</strong></span> 
     </span>
    </p>
   </div>
   <div class='ocr_carea' id='block_1_68' title="bbox 219 2209 1042 2250">
    <p class='ocr_par' dir='ltr' id='par_1_68' title="bbox 219 2209 1042 2250">
     <span class='ocr_line' id='line_1_68' title="bbox 219 2209 1042 2250; baseline -0.001 -10"><span class='ocrx_word' id='word_1_482' title='bbox 219 2211 266 2250; x_wconf 87' lang='lat' dir='ltr'><strong>qui</strong></span> <span class='ocrx_word' id='word_1_483' title='bbox 283 2210 351 2240; x_wconf 87' lang='lat' dir='ltr'><strong>vivit</strong></span> <span class='ocrx_word' id='word_1_484' title='bbox 367 2210 395 2240; x_wconf 92' lang='lat' dir='ltr'><strong>in</strong></span> <span class='ocrx_word' id='word_1_485' title='bbox 414 2210 494 2240; x_wconf 87' lang='lat' dir='ltr'><strong>omni</strong></span> <span class='ocrx_word' id='word_1_486' title='bbox 514 2209 690 2247; x_wconf 86' lang='lat' dir='ltr'><strong>humilitate,</strong></span> <span class='ocrx_word' id='word_1_487' title='bbox 707 2209 896 2250; x_wconf 83' lang='lat' dir='ltr'><strong>simplicitate</strong></span> <span class='ocrx_word' id='word_1_488' title='bbox 912 2213 941 2240; x_wconf 91' lang='lat' dir='ltr'><strong>et</strong></span> <span class='ocrx_word' id='word_1_489' title='bbox 954 2209 1042 2239; x_wconf 84' lang='lat' dir='ltr'><strong>inno-</strong></span> 
     </span>
    </p>
   </div>
   <div class='ocr_carea' id='block_1_69' title="bbox 1130 1273 1913 1315">
    <p class='ocr_par' dir='ltr' id='par_1_69' title="bbox 1130 1273 1913 1315">
     <span class='ocr_line' id='line_1_69' title="bbox 1130 1273 1913 1315; baseline -0.001 -13"><span class='ocrx_word' id='word_1_490' title='bbox 1130 1286 1143 1301; x_wconf 71' lang='grc' dir='ltr'><strong>α</strong></span> <span class='ocrx_word' id='word_1_491' title='bbox 1166 1274 1331 1314; x_wconf 79' lang='grc' dir='ltr'>Προσέφερον</span> <span class='ocrx_word' id='word_1_492' title='bbox 1359 1273 1386 1302; x_wconf 76' lang='grc' dir='ltr'>δὲ</span> <span class='ocrx_word' id='word_1_493' title='bbox 1407 1274 1479 1312; x_wconf 77' lang='grc' dir='ltr'><strong>αὒτῷ</strong></span> <span class='ocrx_word' id='word_1_494' title='bbox 1508 1276 1550 1304; x_wconf 74' lang='grc' dir='ltr'>καὶ</span> <span class='ocrx_word' id='word_1_495' title='bbox 1577 1276 1609 1303; x_wconf 76' lang='grc' dir='ltr'><strong>τὰ</strong></span> <span class='ocrx_word' id='word_1_496' title='bbox 1630 1275 1727 1315; x_wconf 76' lang='grc' dir='ltr'>βρέφη,</span> <span class='ocrx_word' id='word_1_497' title='bbox 1750 1275 1797 1302; x_wconf 84' lang='grc' dir='ltr'>’ίνα</span> <span class='ocrx_word' id='word_1_498' title='bbox 1830 1276 1913 1304; x_wconf 73' lang='grc' dir='ltr'>αὖτῶν</span> 
     </span>
    </p>
   </div>
   <div class='ocr_carea' id='block_1_70' title="bbox 1087 1318 1914 1358">
    <p class='ocr_par' dir='ltr' id='par_1_70' title="bbox 1087 1318 1914 1358">
     <span class='ocr_line' id='line_1_70' title="bbox 1087 1318 1914 1358; baseline -0.002 -7"><span class='ocrx_word' id='word_1_499' title='bbox 1087 1319 1215 1352; x_wconf 73' lang='grc' dir='ltr'>ἆπττιτιι.</span> <span class='ocrx_word' id='word_1_500' title='bbox 1233 1318 1343 1351; x_wconf 75' lang='grc' dir='ltr'>’ἰδόντες</span> <span class='ocrx_word' id='word_1_501' title='bbox 1372 1319 1399 1346; x_wconf 74' lang='grc' dir='ltr'>δὲ</span> <span class='ocrx_word' id='word_1_502' title='bbox 1429 1319 1452 1346; x_wconf 79' lang='grc' dir='ltr'>οἱ</span> <span class='ocrx_word' id='word_1_503' title='bbox 1475 1320 1602 1358; x_wconf 81' lang='grc' dir='ltr'>μαθηταὶ,</span> <span class='ocrx_word' id='word_1_504' title='bbox 1628 1320 1792 1357; x_wconf 74' lang='grc' dir='ltr'>ἐπετίμησαν</span> <span class='ocrx_word' id='word_1_505' title='bbox 1809 1320 1914 1351; x_wconf 70' lang='grc' dir='ltr'>αὒτοῖς.</span> 
     </span>
    </p>
   </div>
   <div class='ocr_carea' id='block_1_71' title="bbox 1089 1359 1916 1404">
    <p class='ocr_par' dir='ltr' id='par_1_71' title="bbox 1089 1359 1916 1404">
     <span class='ocr_line' id='line_1_71' title="bbox 1089 1359 1916 1404; baseline 0 -12"><span class='ocrx_word' id='word_1_506' title='bbox 1089 1359 1118 1392; x_wconf 70' lang='grc' dir='ltr'>Ὀ</span> <span class='ocrx_word' id='word_1_507' title='bbox 1147 1362 1174 1391; x_wconf 75' lang='grc' dir='ltr'>δὲ</span> <span class='ocrx_word' id='word_1_508' title='bbox 1202 1364 1305 1397; x_wconf 79' lang='grc' dir='ltr'>Ἰησοῦς</span> <span class='ocrx_word' id='word_1_509' title='bbox 1331 1363 1580 1402; x_wconf 64' lang='grc' dir='ltr'>προσκαλεσάμενος</span> <span class='ocrx_word' id='word_1_510' title='bbox 1605 1365 1671 1394; x_wconf 72' lang='grc' dir='ltr'>αὐτὰ</span> <span class='ocrx_word' id='word_1_511' title='bbox 1693 1365 1781 1392; x_wconf 79' lang='grc' dir='ltr'>εἶπεν·</span> <span class='ocrx_word' id='word_1_512' title='bbox 1807 1364 1916 1404; x_wconf 46' lang='lat' dir='ltr'><strong>&quot;Aen:</strong></span> 
     </span>
    </p>
   </div>
   <div class='ocr_carea' id='block_1_72' title="bbox 1088 1407 1913 1448">
    <p class='ocr_par' dir='ltr' id='par_1_72' title="bbox 1088 1407 1913 1448">
     <span class='ocr_line' id='line_1_72' title="bbox 1088 1407 1913 1448; baseline 0.002 -12"><span class='ocrx_word' id='word_1_513' title='bbox 1088 1408 1121 1436; x_wconf 75' lang='grc' dir='ltr'><strong>τὰ</strong></span> <span class='ocrx_word' id='word_1_514' title='bbox 1148 1407 1237 1436; x_wconf 81' lang='grc' dir='ltr'>παιδία</span> <span class='ocrx_word' id='word_1_515' title='bbox 1263 1408 1387 1448; x_wconf 74' lang='grc' dir='ltr'>ἔρχεσθαι</span> <span class='ocrx_word' id='word_1_516' title='bbox 1415 1409 1480 1447; x_wconf 87' lang='grc' dir='ltr'>πρός</span> <span class='ocrx_word' id='word_1_517' title='bbox 1510 1419 1555 1448; x_wconf 87' lang='grc' dir='ltr'><strong>με,</strong></span> <span class='ocrx_word' id='word_1_518' title='bbox 1572 1410 1616 1437; x_wconf 65' lang='grc' dir='ltr'><strong>καὶ</strong></span> <span class='ocrx_word' id='word_1_519' title='bbox 1637 1413 1676 1447; x_wconf 87' lang='grc' dir='ltr'>μὴ</span> <span class='ocrx_word' id='word_1_520' title='bbox 1691 1408 1810 1437; x_wconf 76' lang='grc' dir='ltr'>κωλύετε</span> <span class='ocrx_word' id='word_1_521' title='bbox 1840 1410 1913 1444; x_wconf 65' lang='grc' dir='ltr'>αὑτὰ,</span> 
     </span>
    </p>
   </div>
   <div class='ocr_carea' id='block_1_73' title="bbox 1088 1452 1914 1492">
    <p class='ocr_par' dir='ltr' id='par_1_73' title="bbox 1088 1452 1914 1492">
     <span class='ocr_line' id='line_1_73' title="bbox 1088 1452 1914 1492; baseline 0.002 -12"><span class='ocrx_word' id='word_1_522' title='bbox 1088 1456 1141 1481; x_wconf 84' lang='grc' dir='ltr'><strong>τῶν</strong></span> <span class='ocrx_word' id='word_1_523' title='bbox 1166 1453 1216 1492; x_wconf 78' lang='grc' dir='ltr'>γὰρ</span> <span class='ocrx_word' id='word_1_524' title='bbox 1245 1453 1365 1482; x_wconf 73' lang='grc' dir='ltr'>τοιούτων</span> <span class='ocrx_word' id='word_1_525' title='bbox 1395 1452 1464 1481; x_wconf 75' lang='grc' dir='ltr'>ἐστὶν</span> <span class='ocrx_word' id='word_1_526' title='bbox 1488 1454 1505 1486; x_wconf 74' lang='grc' dir='ltr'>ἦ</span> <span class='ocrx_word' id='word_1_527' title='bbox 1528 1453 1648 1492; x_wconf 86' lang='grc' dir='ltr'>βασιλεία</span> <span class='ocrx_word' id='word_1_528' title='bbox 1663 1457 1709 1482; x_wconf 86' lang='grc' dir='ltr'>τοῦ</span> <span class='ocrx_word' id='word_1_529' title='bbox 1724 1457 1803 1484; x_wconf 78' lang='grc' dir='ltr'>Θεοῦ.</span> <span class='ocrx_word' id='word_1_530' title='bbox 1829 1454 1914 1491; x_wconf 69' lang='grc' dir='ltr'>Ἀμὴν</span> 
     </span>
    </p>
   </div>
   <div class='ocr_carea' id='block_1_74' title="bbox 1088 1496 1915 1537">
    <p class='ocr_par' dir='ltr' id='par_1_74' title="bbox 1088 1496 1915 1537">
     <span class='ocr_line' id='line_1_74' title="bbox 1088 1496 1915 1537; baseline 0.002 -13"><span class='ocrx_word' id='word_1_531' title='bbox 1088 1496 1159 1536; x_wconf 84' lang='grc' dir='ltr'>λέγω</span> <span class='ocrx_word' id='word_1_532' title='bbox 1186 1498 1261 1537; x_wconf 57' lang='lat' dir='ltr'><strong>om»,</strong></span> <span class='ocrx_word' id='word_1_533' title='bbox 1279 1497 1308 1529; x_wconf 78' lang='grc' dir='ltr'>ὃς</span> <span class='ocrx_word' id='word_1_534' title='bbox 1323 1496 1368 1525; x_wconf 73' lang='grc' dir='ltr'><strong>ἐὰν</strong></span> <span class='ocrx_word' id='word_1_535' title='bbox 1384 1497 1422 1534; x_wconf 80' lang='grc' dir='ltr'><strong>μὴ</strong></span> <span class='ocrx_word' id='word_1_536' title='bbox 1437 1496 1542 1531; x_wconf 78' lang='grc' dir='ltr'>δέξηται</span> <span class='ocrx_word' id='word_1_537' title='bbox 1557 1499 1606 1532; x_wconf 71' lang='grc' dir='ltr'>τὴν</span> <span class='ocrx_word' id='word_1_538' title='bbox 1621 1498 1756 1536; x_wconf 88' lang='grc' dir='ltr'>βασιλείαν</span> <span class='ocrx_word' id='word_1_539' title='bbox 1780 1502 1831 1526; x_wconf 80' lang='grc' dir='ltr'><strong>τοῦ</strong></span> <span class='ocrx_word' id='word_1_540' title='bbox 1855 1502 1915 1526; x_wconf 64' lang='grc' dir='ltr'>θεοῦ</span> 
     </span>
    </p>
   </div>
   <div class='ocr_carea' id='block_1_75' title="bbox 1087 1541 1914 1580">
    <p class='ocr_par' dir='ltr' id='par_1_75' title="bbox 1087 1541 1914 1580">
     <span class='ocr_line' id='line_1_75' title="bbox 1087 1541 1914 1580; baseline 0.001 -11"><span class='ocrx_word' id='word_1_541' title='bbox 1087 1542 1123 1573; x_wconf 83' lang='grc' dir='ltr'>ὡς</span> <span class='ocrx_word' id='word_1_542' title='bbox 1151 1541 1264 1577; x_wconf 75' lang='grc' dir='ltr'>παιδίον,</span> <span class='ocrx_word' id='word_1_543' title='bbox 1290 1543 1319 1570; x_wconf 78' lang='grc' dir='ltr'>οὐ</span> <span class='ocrx_word' id='word_1_544' title='bbox 1346 1542 1386 1580; x_wconf 81' lang='grc' dir='ltr'>μὴ</span> <span class='ocrx_word' id='word_1_545' title='bbox 1414 1542 1518 1580; x_wconf 78' lang='grc' dir='ltr'><strong>εἰσέλθῃ</strong></span> <span class='ocrx_word' id='word_1_546' title='bbox 1540 1544 1577 1574; x_wconf 86' lang='grc' dir='ltr'><strong>εἰς</strong></span> <span class='ocrx_word' id='word_1_547' title='bbox 1607 1544 1701 1578; x_wconf 74' lang='grc' dir='ltr'>αὐτήν.</span> <span class='ocrx_word' id='word_1_548' title='bbox 1722 1554 1733 1571; x_wconf 78' lang='grc' dir='ltr'>ι</span> <span class='ocrx_word' id='word_1_549' title='bbox 1754 1544 1804 1572; x_wconf 77' lang='grc' dir='ltr'><strong>Καὶ</strong></span> <span class='ocrx_word' id='word_1_550' title='bbox 1842 1545 1914 1571; x_wconf 69' lang='grc' dir='ltr'>τοῦτο</span> 
     </span>
    </p>
   </div>
   <div class='ocr_carea' id='block_1_76' title="bbox 1088 1585 1913 1626">
    <p class='ocr_par' dir='ltr' id='par_1_76' title="bbox 1088 1585 1913 1626">
     <span class='ocr_line' id='line_1_76' title="bbox 1088 1585 1913 1626; baseline 0.001 -13"><span class='ocrx_word' id='word_1_551' title='bbox 1088 1586 1153 1625; x_wconf 82' lang='grc' dir='ltr'>πρὸς</span> <span class='ocrx_word' id='word_1_552' title='bbox 1182 1587 1404 1626; x_wconf 80' lang='grc' dir='ltr'>μετριοφροσύνην</span> <span class='ocrx_word' id='word_1_553' title='bbox 1429 1585 1608 1624; x_wconf 76' lang='grc' dir='ltr'>συμϐάλλεται</span> <span class='ocrx_word' id='word_1_554' title='bbox 1649 1588 1680 1616; x_wconf 84' lang='grc' dir='ltr'>τὸ</span> <span class='ocrx_word' id='word_1_555' title='bbox 1707 1590 1760 1615; x_wconf 82' lang='grc' dir='ltr'><strong>τῶν</strong></span> <span class='ocrx_word' id='word_1_556' title='bbox 1789 1587 1913 1618; x_wconf 82' lang='grc' dir='ltr'>παιδίων,</span> 
     </span>
    </p>
   </div>
   <div class='ocr_carea' id='block_1_77' title="bbox 1091 1629 1915 1672">
    <p class='ocr_par' dir='ltr' id='par_1_77' title="bbox 1091 1629 1915 1672">
     <span class='ocr_line' id='line_1_77' title="bbox 1091 1629 1915 1672; baseline 0 -14"><span class='ocrx_word' id='word_1_557' title='bbox 1091 1629 1211 1658; x_wconf 80' lang='grc' dir='ltr'>Διδάσκει</span> <span class='ocrx_word' id='word_1_558' title='bbox 1239 1631 1289 1670; x_wconf 79' lang='grc' dir='ltr'><strong>γὰρ</strong></span> <span class='ocrx_word' id='word_1_559' title='bbox 1324 1630 1366 1660; x_wconf 81' lang='grc' dir='ltr'><strong>διὰ</strong></span> <span class='ocrx_word' id='word_1_560' title='bbox 1398 1632 1489 1659; x_wconf 81' lang='grc' dir='ltr'>τούτου</span> <span class='ocrx_word' id='word_1_561' title='bbox 1515 1632 1529 1659; x_wconf 84' lang='grc' dir='ltr'><strong>ὁ</strong></span> <span class='ocrx_word' id='word_1_562' title='bbox 1561 1633 1653 1671; x_wconf 79' lang='grc' dir='ltr'>Κύριος</span> <span class='ocrx_word' id='word_1_563' title='bbox 1681 1639 1915 1672; x_wconf 76' lang='grc' dir='ltr'>ταφεινοιρρονεῖν,</span> 
     </span>
    </p>
   </div>
   <div class='ocr_carea' id='block_1_78' title="bbox 1087 1674 1915 1717">
    <p class='ocr_par' dir='ltr' id='par_1_78' title="bbox 1087 1674 1915 1717">
     <span class='ocr_line' id='line_1_78' title="bbox 1087 1674 1915 1717; baseline 0.005 -14"><span class='ocrx_word' id='word_1_564' title='bbox 1087 1675 1131 1703; x_wconf 79' lang='grc' dir='ltr'>καὶ</span> <span class='ocrx_word' id='word_1_565' title='bbox 1157 1675 1257 1707; x_wconf 82' lang='grc' dir='ltr'>πάντας</span> <span class='ocrx_word' id='word_1_566' title='bbox 1287 1674 1497 1716; x_wconf 78' lang='grc' dir='ltr'>παραδέχεσθαι,</span> <span class='ocrx_word' id='word_1_567' title='bbox 1519 1677 1563 1704; x_wconf 82' lang='grc' dir='ltr'><strong>καὶ</strong></span> <span class='ocrx_word' id='word_1_568' title='bbox 1581 1675 1695 1714; x_wconf 79' lang='grc' dir='ltr'>μηδενὸς</span> <span class='ocrx_word' id='word_1_569' title='bbox 1722 1679 1915 1717; x_wconf 73' lang='grc' dir='ltr'>καταφρονεῖν.</span> 
     </span>
    </p>
   </div>
   <div class='ocr_carea' id='block_1_79' title="bbox 1088 1718 1915 1760">
    <p class='ocr_par' dir='ltr' id='par_1_79' title="bbox 1088 1718 1915 1760">
     <span class='ocr_line' id='line_1_79' title="bbox 1088 1718 1915 1760; baseline 0.002 -14"><span class='ocrx_word' id='word_1_570' title='bbox 1088 1719 1117 1747; x_wconf 73' lang='grc' dir='ltr'><strong>οἱ</strong></span> <span class='ocrx_word' id='word_1_571' title='bbox 1146 1718 1195 1756; x_wconf 79' lang='grc' dir='ltr'>μὲν</span> <span class='ocrx_word' id='word_1_572' title='bbox 1224 1720 1273 1759; x_wconf 78' lang='grc' dir='ltr'><strong>γὰρ</strong></span> <span class='ocrx_word' id='word_1_573' title='bbox 1299 1721 1415 1755; x_wconf 77' lang='grc' dir='ltr'>μαθηταὶ</span> <span class='ocrx_word' id='word_1_574' title='bbox 1437 1719 1542 1753; x_wconf 78' lang='grc' dir='ltr'>ἀνάξιον</span> <span class='ocrx_word' id='word_1_575' title='bbox 1569 1720 1682 1760; x_wconf 74' lang='grc' dir='ltr'>ἡγοῦντο</span> <span class='ocrx_word' id='word_1_576' title='bbox 1696 1722 1741 1749; x_wconf 64' lang='grc' dir='ltr'>τοῦ</span> <span class='ocrx_word' id='word_1_577' title='bbox 1755 1721 1915 1755; x_wconf 76' lang='grc' dir='ltr'>τηλικούτου</span> 
     </span>
    </p>
   </div>
   <div class='ocr_carea' id='block_1_80' title="bbox 1089 1761 1915 1804">
    <p class='ocr_par' dir='ltr' id='par_1_80' title="bbox 1089 1761 1915 1804">
     <span class='ocr_line' id='line_1_80' title="bbox 1089 1761 1915 1804; baseline 0.005 -14"><span class='ocrx_word' id='word_1_578' title='bbox 1089 1761 1251 1792; x_wconf 79' lang='grc' dir='ltr'>Διδασκάλου</span> <span class='ocrx_word' id='word_1_579' title='bbox 1279 1765 1309 1792; x_wconf 83' lang='grc' dir='ltr'>τὸ</span> <span class='ocrx_word' id='word_1_580' title='bbox 1338 1764 1528 1804; x_wconf 77' lang='grc' dir='ltr'>προσφέρεσθαι</span> <span class='ocrx_word' id='word_1_581' title='bbox 1556 1766 1626 1803; x_wconf 79' lang='grc' dir='ltr'><strong>αὒτῷ</strong></span> <span class='ocrx_word' id='word_1_582' title='bbox 1640 1765 1742 1796; x_wconf 76' lang='grc' dir='ltr'>παιδία.</span> <span class='ocrx_word' id='word_1_583' title='bbox 1763 1762 1791 1795; x_wconf 62' lang='grc' dir='ltr'><strong>ε0</strong></span> <span class='ocrx_word' id='word_1_584' title='bbox 1809 1765 1841 1794; x_wconf 78' lang='grc' dir='ltr'>δὲ</span> <span class='ocrx_word' id='word_1_585' title='bbox 1864 1765 1915 1793; x_wconf 75' lang='grc' dir='ltr'>διί-</span> 
     </span>
    </p>
   </div>
   <div class='ocr_carea' id='block_1_81' title="bbox 1085 1808 1914 1850">
    <p class='ocr_par' dir='ltr' id='par_1_81' title="bbox 1085 1808 1914 1850">
     <span class='ocr_line' id='line_1_81' title="bbox 1085 1808 1914 1850; baseline 0.005 -15"><span class='ocrx_word' id='word_1_586' title='bbox 1085 1819 1173 1837; x_wconf 75' lang='grc' dir='ltr'>κνυσιι</span> <span class='ocrx_word' id='word_1_587' title='bbox 1203 1809 1307 1846; x_wconf 75' lang='grc' dir='ltr'>αὐτοῖς,</span> <span class='ocrx_word' id='word_1_588' title='bbox 1324 1808 1364 1837; x_wconf 75' lang='grc' dir='ltr'><strong>ὅτι</strong></span> <span class='ocrx_word' id='word_1_589' title='bbox 1378 1813 1502 1838; x_wconf 83' lang='grc' dir='ltr'>τοσοῦτον</span> <span class='ocrx_word' id='word_1_590' title='bbox 1530 1809 1572 1838; x_wconf 84' lang='grc' dir='ltr'><strong>δεῖ</strong></span> <span class='ocrx_word' id='word_1_591' title='bbox 1593 1817 1824 1850; x_wconf 74' lang='grc' dir='ltr'>ταπεινοφρονετν,</span> <span class='ocrx_word' id='word_1_592' title='bbox 1849 1810 1914 1839; x_wconf 76' lang='grc' dir='ltr'>ὥστε</span> 
     </span>
    </p>
   </div>
   <div class='ocr_carea' id='block_1_82' title="bbox 1085 1852 1916 1893">
    <p class='ocr_par' dir='ltr' id='par_1_82' title="bbox 1085 1852 1916 1893">
     <span class='ocr_line' id='line_1_82' title="bbox 1085 1852 1916 1893; baseline 0.002 -12"><span class='ocrx_word' id='word_1_593' title='bbox 1085 1854 1130 1881; x_wconf 88' lang='grc' dir='ltr'>καὶ</span> <span class='ocrx_word' id='word_1_594' title='bbox 1158 1853 1191 1881; x_wconf 79' lang='grc' dir='ltr'><strong>τὰ</strong></span> <span class='ocrx_word' id='word_1_595' title='bbox 1219 1852 1350 1893; x_wconf 76' lang='grc' dir='ltr'>ἐλάχιστα</span> <span class='ocrx_word' id='word_1_596' title='bbox 1396 1854 1435 1892; x_wconf 83' lang='grc' dir='ltr'>μὴ</span> <span class='ocrx_word' id='word_1_597' title='bbox 1473 1854 1667 1892; x_wconf 76' lang='grc' dir='ltr'>βδελύττεσθαι.</span> <span class='ocrx_word' id='word_1_598' title='bbox 1696 1856 1745 1884; x_wconf 77' lang='grc' dir='ltr'>Καὶ</span> <span class='ocrx_word' id='word_1_599' title='bbox 1766 1855 1840 1884; x_wconf 73' lang='grc' dir='ltr'>οὕτω</span> <span class='ocrx_word' id='word_1_600' title='bbox 1869 1855 1916 1892; x_wconf 74' lang='grc' dir='ltr'>μὲι</span> 
     </span>
    </p>
   </div>
   <div class='ocr_carea' id='block_1_83' title="bbox 1085 1897 1913 1939">
    <p class='ocr_par' dir='ltr' id='par_1_83' title="bbox 1085 1897 1913 1939">
     <span class='ocr_line' id='line_1_83' title="bbox 1085 1897 1913 1939; baseline 0.005 -13"><span class='ocrx_word' id='word_1_601' title='bbox 1085 1897 1201 1926; x_wconf 71' lang='grc' dir='ltr'>διδάσκει</span> <span class='ocrx_word' id='word_1_602' title='bbox 1230 1899 1279 1932; x_wconf 75' lang='grc' dir='ltr'><strong>τὴν</strong></span> <span class='ocrx_word' id='word_1_603' title='bbox 1304 1899 1527 1938; x_wconf 78' lang='grc' dir='ltr'>μιτριοφροσύνην</span> <span class='ocrx_word' id='word_1_604' title='bbox 1548 1898 1582 1927; x_wconf 86' lang='grc' dir='ltr'><strong>δι’</strong></span> <span class='ocrx_word' id='word_1_605' title='bbox 1607 1900 1645 1927; x_wconf 84' lang='grc' dir='ltr'>ὧν</span> <span class='ocrx_word' id='word_1_606' title='bbox 1659 1899 1767 1939; x_wconf 70' lang='grc' dir='ltr'>ἔπραξε,</span> <span class='ocrx_word' id='word_1_607' title='bbox 1783 1901 1826 1937; x_wconf 81' lang='grc' dir='ltr'>μὴ</span> <span class='ocrx_word' id='word_1_608' title='bbox 1844 1900 1913 1930; x_wconf 74' lang='grc' dir='ltr'>ἆπο-</span> 
     </span>
    </p>
   </div>
   <div class='ocr_carea' id='block_1_84' title="bbox 1085 1942 1913 1986">
    <p class='ocr_par' dir='ltr' id='par_1_84' title="bbox 1085 1942 1913 1986">
     <span class='ocr_line' id='line_1_84' title="bbox 1085 1942 1913 1986; baseline 0.005 -16"><span class='ocrx_word' id='word_1_609' title='bbox 1085 1943 1271 1981; x_wconf 81' lang='grc' dir='ltr'>πεμψάμενος,</span> <span class='ocrx_word' id='word_1_610' title='bbox 1302 1942 1361 1971; x_wconf 76' lang='grc' dir='ltr'>ἀλλ’</span> <span class='ocrx_word' id='word_1_611' title='bbox 1397 1942 1480 1977; x_wconf 73' lang='grc' dir='ltr'>ἡδέως</span> <span class='ocrx_word' id='word_1_612' title='bbox 1510 1942 1721 1981; x_wconf 78' lang='grc' dir='ltr'>παραδεξάμενος</span> <span class='ocrx_word' id='word_1_613' title='bbox 1749 1945 1783 1972; x_wconf 76' lang='grc' dir='ltr'>τὰ</span> <span class='ocrx_word' id='word_1_614' title='bbox 1813 1946 1913 1986; x_wconf 65' lang='grc' dir='ltr'>βρέφη.</span> 
     </span>
    </p>
   </div>
   <div class='ocr_carea' id='block_1_85' title="bbox 1087 1986 1914 2027">
    <p class='ocr_par' dir='ltr' id='par_1_85' title="bbox 1087 1986 1914 2027">
     <span class='ocr_line' id='line_1_85' title="bbox 1087 1986 1914 2027; baseline 0.005 -12"><span class='ocrx_word' id='word_1_615' title='bbox 1087 1986 1208 2015; x_wconf 78' lang='grc' dir='ltr'>Διδάσκει</span> <span class='ocrx_word' id='word_1_616' title='bbox 1237 1987 1264 2015; x_wconf 79' lang='grc' dir='ltr'>δὲ</span> <span class='ocrx_word' id='word_1_617' title='bbox 1294 1988 1337 2016; x_wconf 83' lang='grc' dir='ltr'><strong>καὶ</strong></span> <span class='ocrx_word' id='word_1_618' title='bbox 1360 1986 1402 2015; x_wconf 78' lang='grc' dir='ltr'>διὰ</span> <span class='ocrx_word' id='word_1_619' title='bbox 1423 1987 1514 2027; x_wconf 82' lang='grc' dir='ltr'>λόγου,</span> <span class='ocrx_word' id='word_1_620' title='bbox 1538 1987 1578 2016; x_wconf 79' lang='grc' dir='ltr'><strong>ὅτι</strong></span> <span class='ocrx_word' id='word_1_621' title='bbox 1603 1989 1656 2016; x_wconf 82' lang='grc' dir='ltr'><strong>τῶν</strong></span> <span class='ocrx_word' id='word_1_622' title='bbox 1677 1989 1745 2017; x_wconf 83' lang='grc' dir='ltr'>κατὰ</span> <span class='ocrx_word' id='word_1_623' title='bbox 1759 1990 1791 2017; x_wconf 77' lang='grc' dir='ltr'>τὰ</span> <span class='ocrx_word' id='word_1_624' title='bbox 1822 1991 1914 2019; x_wconf 80' lang='grc' dir='ltr'>παιδία</span> 
     </span>
    </p>
   </div>
   <div class='ocr_carea' id='block_1_86' title="bbox 1085 2031 1914 2073">
    <p class='ocr_par' dir='ltr' id='par_1_86' title="bbox 1085 2031 1914 2073">
     <span class='ocr_line' id='line_1_86' title="bbox 1085 2031 1914 2073; baseline 0.005 -13"><span class='ocrx_word' id='word_1_625' title='bbox 1085 2031 1258 2070; x_wconf 77' lang='grc' dir='ltr'>διακειμένων</span> <span class='ocrx_word' id='word_1_626' title='bbox 1285 2032 1354 2060; x_wconf 76' lang='grc' dir='ltr'>ἐστὶν</span> <span class='ocrx_word' id='word_1_627' title='bbox 1373 2034 1390 2067; x_wconf 85' lang='grc' dir='ltr'>ἡ</span> <span class='ocrx_word' id='word_1_628' title='bbox 1413 2032 1532 2071; x_wconf 84' lang='grc' dir='ltr'>βασιλεία</span> <span class='ocrx_word' id='word_1_629' title='bbox 1553 2034 1606 2062; x_wconf 82' lang='grc' dir='ltr'><strong>τῶν</strong></span> <span class='ocrx_word' id='word_1_630' title='bbox 1628 2034 1756 2073; x_wconf 67' lang='grc' dir='ltr'>οὐρανῶν.</span> <span class='ocrx_word' id='word_1_631' title='bbox 1787 2036 1825 2064; x_wconf 82' lang='grc' dir='ltr'><strong>Τὸ</strong></span> <span class='ocrx_word' id='word_1_632' title='bbox 1849 2048 1914 2064; x_wconf 80' lang='grc' dir='ltr'>παι-</span> 
     </span>
    </p>
   </div>
   <div class='ocr_carea' id='block_1_87' title="bbox 1085 2075 1911 2117">
    <p class='ocr_par' dir='ltr' id='par_1_87' title="bbox 1085 2075 1911 2117">
     <span class='ocr_line' id='line_1_87' title="bbox 1085 2075 1911 2117; baseline 0.004 -13"><span class='ocrx_word' id='word_1_633' title='bbox 1085 2075 1138 2105; x_wconf 85' lang='grc' dir='ltr'>δίον</span> <span class='ocrx_word' id='word_1_634' title='bbox 1161 2079 1208 2106; x_wconf 73' lang='grc' dir='ltr'>οὗκ</span> <span class='ocrx_word' id='word_1_635' title='bbox 1223 2077 1368 2116; x_wconf 77' lang='grc' dir='ltr'>ἐπαίρεται,</span> <span class='ocrx_word' id='word_1_636' title='bbox 1386 2079 1434 2106; x_wconf 68' lang='grc' dir='ltr'>οὒκ</span> <span class='ocrx_word' id='word_1_637' title='bbox 1455 2076 1585 2110; x_wconf 78' lang='grc' dir='ltr'>ὲξουθενετ</span> <span class='ocrx_word' id='word_1_638' title='bbox 1608 2089 1678 2115; x_wconf 80' lang='grc' dir='ltr'>τινα,</span> <span class='ocrx_word' id='word_1_639' title='bbox 1705 2077 1804 2108; x_wconf 72' lang='grc' dir='ltr'>ἅκακόν</span> <span class='ocrx_word' id='word_1_640' title='bbox 1827 2081 1911 2117; x_wconf 75' lang='grc' dir='ltr'>ἐστιν,</span> 
     </span>
    </p>
   </div>
   <div class='ocr_carea' id='block_1_88' title="bbox 1084 2121 1911 2162">
    <p class='ocr_par' dir='ltr' id='par_1_88' title="bbox 1084 2121 1911 2162">
     <span class='ocr_line' id='line_1_88' title="bbox 1084 2121 1911 2162; baseline 0.005 -14"><span class='ocrx_word' id='word_1_641' title='bbox 1084 2121 1190 2161; x_wconf 75' lang='grc' dir='ltr'>ἄδολον,</span> <span class='ocrx_word' id='word_1_642' title='bbox 1216 2121 1274 2149; x_wconf 71' lang='grc' dir='ltr'>οὔτε</span> <span class='ocrx_word' id='word_1_643' title='bbox 1303 2121 1346 2150; x_wconf 76' lang='grc' dir='ltr'>ἰπὶ</span> <span class='ocrx_word' id='word_1_644' title='bbox 1382 2128 1440 2154; x_wconf 86' lang='grc' dir='ltr'>τοτς</span> <span class='ocrx_word' id='word_1_645' title='bbox 1477 2122 1614 2160; x_wconf 75' lang='grc' dir='ltr'>λαμπροῖς</span> <span class='ocrx_word' id='word_1_646' title='bbox 1650 2123 1823 2162; x_wconf 80' lang='grc' dir='ltr'>ὀγκούμενον,</span> <span class='ocrx_word' id='word_1_647' title='bbox 1856 2125 1911 2154; x_wconf 73' lang='grc' dir='ltr'>οὔτε</span> 
     </span>
    </p>
   </div>
   <div class='ocr_carea' id='block_1_89' title="bbox 1085 2166 1910 2208">
    <p class='ocr_par' dir='ltr' id='par_1_89' title="bbox 1085 2166 1910 2208">
     <span class='ocr_line' id='line_1_89' title="bbox 1085 2166 1910 2208; baseline 0.005 -14"><span class='ocrx_word' id='word_1_648' title='bbox 1085 2167 1127 2194; x_wconf 77' lang='grc' dir='ltr'><strong>ἐπὶ</strong></span> <span class='ocrx_word' id='word_1_649' title='bbox 1154 2173 1213 2198; x_wconf 76' lang='grc' dir='ltr'>τοῖς</span> <span class='ocrx_word' id='word_1_650' title='bbox 1240 2166 1371 2208; x_wconf 77' lang='grc' dir='ltr'>λυπηροῖς</span> <span class='ocrx_word' id='word_1_651' title='bbox 1393 2166 1614 2208; x_wconf 67' lang='grc' dir='ltr'>συστελλόμενον,</span> <span class='ocrx_word' id='word_1_652' title='bbox 1639 2167 1708 2196; x_wconf 79' lang='grc' dir='ltr'>ἀλλὰ</span> <span class='ocrx_word' id='word_1_653' title='bbox 1731 2169 1805 2207; x_wconf 78' lang='grc' dir='ltr'>πάσῃ</span> <span class='ocrx_word' id='word_1_654' title='bbox 1819 2169 1910 2198; x_wconf 77' lang='grc' dir='ltr'>ἁπλό-</span> 
     </span>
    </p>
   </div>
   <div class='ocr_carea' id='block_1_90' title="bbox 1084 2206 1910 2252">
    <p class='ocr_par' dir='ltr' id='par_1_90' title="bbox 1084 2206 1910 2252">
     <span class='ocr_line' id='line_1_90' title="bbox 1084 2206 1910 2252; baseline 0.005 -14"><span class='ocrx_word' id='word_1_655' title='bbox 1084 2222 1144 2244; x_wconf 86' lang='grc' dir='ltr'>τητι</span> <span class='ocrx_word' id='word_1_656' title='bbox 1167 2211 1255 2243; x_wconf 85' lang='grc' dir='ltr'>συνόν,</span> <span class='ocrx_word' id='word_1_657' title='bbox 1286 2206 1374 2240; x_wconf 59' lang='grc' dir='ltr'><strong>υΩιτιτε</strong></span> <span class='ocrx_word' id='word_1_658' title='bbox 1390 2213 1403 2240; x_wconf 81' lang='grc' dir='ltr'>ὁ</span> <span class='ocrx_word' id='word_1_659' title='bbox 1418 2206 1629 2252; x_wconf 72' lang='grc' dir='ltr'>ταπεινοφρόνῶς</span> <span class='ocrx_word' id='word_1_660' title='bbox 1651 2215 1702 2248; x_wconf 81' lang='grc' dir='ltr'><strong>ζῶν</strong></span> <span class='ocrx_word' id='word_1_661' title='bbox 1730 2214 1774 2241; x_wconf 83' lang='grc' dir='ltr'><strong>καὶ</strong></span> <span class='ocrx_word' id='word_1_662' title='bbox 1788 2206 1910 2251; x_wconf 75' lang='grc' dir='ltr'>ἆκάκως,</span> 
     </span>
    </p>
   </div>
   <div class='ocr_carea' id='block_1_91' title="bbox 218 2253 1038 2297">
    <p class='ocr_par' dir='ltr' id='par_1_91' title="bbox 218 2253 1038 2294">
     <span class='ocr_line' id='line_1_91' title="bbox 218 2253 1038 2294; baseline 0 -10"><span class='ocrx_word' id='word_1_663' title='bbox 218 2255 324 2292; x_wconf 82' lang='lat' dir='ltr'><strong>centia,</strong></span> <span class='ocrx_word' id='word_1_664' title='bbox 342 2254 391 2284; x_wconf 88' lang='lat' dir='ltr'><strong>illc</strong></span> <span class='ocrx_word' id='word_1_665' title='bbox 413 2255 475 2285; x_wconf 89' lang='lat' dir='ltr'><strong>Deo</strong></span> <span class='ocrx_word' id='word_1_666' title='bbox 496 2258 635 2294; x_wconf 87' lang='lat' dir='ltr'><strong>acceptus</strong></span> <span class='ocrx_word' id='word_1_667' title='bbox 656 2258 712 2290; x_wconf 83' lang='lat' dir='ltr'><strong>est,</strong></span> <span class='ocrx_word' id='word_1_668' title='bbox 736 2257 764 2284; x_wconf 82' lang='lat' dir='ltr'><strong>et</strong></span> <span class='ocrx_word' id='word_1_669' title='bbox 789 2253 897 2294; x_wconf 86' lang='lat' dir='ltr'><strong>accipit</strong></span> <span class='ocrx_word' id='word_1_670' title='bbox 920 2263 1038 2293; x_wconf 82' lang='lat' dir='ltr'><strong>regnun:</strong></span> 
     </span>
    </p>
   </div>
   <div class='ocr_carea' id='block_1_92' title="bbox 1130 2253 1911 2297">
    <p class='ocr_par' dir='ltr' id='par_1_92' title="bbox 1131 2256 1911 2297">
     <span class='ocr_line' id='line_1_92' title="bbox 1131 2256 1911 2297; baseline 0.003 -13"><span class='ocrx_word' id='word_1_671' title='bbox 1131 2262 1189 2288; x_wconf 81' lang='grc' dir='ltr'>ϊνος</span> <span class='ocrx_word' id='word_1_672' title='bbox 1214 2256 1285 2295; x_wconf 80' lang='grc' dir='ltr'>παρᾶ</span> <span class='ocrx_word' id='word_1_673' title='bbox 1314 2259 1351 2293; x_wconf 81' lang='grc' dir='ltr'>τῷ</span> <span class='ocrx_word' id='word_1_674' title='bbox 1380 2259 1436 2293; x_wconf 87' lang='grc' dir='ltr'>Θεῷ</span> <span class='ocrx_word' id='word_1_675' title='bbox 1464 2256 1658 2296; x_wconf 77' lang='grc' dir='ltr'>προσδεκτέως,</span> <span class='ocrx_word' id='word_1_676' title='bbox 1675 2258 1718 2285; x_wconf 77' lang='grc' dir='ltr'>καὶ</span> <span class='ocrx_word' id='word_1_677' title='bbox 1733 2256 1911 2297; x_wconf 79' lang='grc' dir='ltr'>ὁδεχόμενος</span> 
     </span>
    </p>
   </div>
   <div class='ocr_carea' id='block_1_93' title="bbox 218 2298 1044 2339">
    <p class='ocr_par' dir='ltr' id='par_1_93' title="bbox 218 2298 1044 2339">
     <span class='ocr_line' id='line_1_93' title="bbox 218 2298 1044 2339; baseline -0.002 -9"><span class='ocrx_word' id='word_1_678' title='bbox 218 2299 269 2330; x_wconf 85' lang='lat' dir='ltr'><strong>Dei</strong></span> <span class='ocrx_word' id='word_1_679' title='bbox 286 2299 364 2330; x_wconf 89' lang='lat' dir='ltr'><strong>sicut</strong></span> <span class='ocrx_word' id='word_1_680' title='bbox 386 2308 471 2339; x_wconf 87' lang='lat' dir='ltr'><strong>puer,</strong></span> <span class='ocrx_word' id='word_1_681' title='bbox 489 2299 544 2329; x_wconf 88' lang='lat' dir='ltr'><strong>hoc</strong></span> <span class='ocrx_word' id='word_1_682' title='bbox 569 2303 613 2330; x_wconf 91' lang='lat' dir='ltr'><strong>est</strong></span> <span class='ocrx_word' id='word_1_683' title='bbox 638 2299 776 2336; x_wconf 84' lang='lat' dir='ltr'><strong>ﬁdeliter,</strong></span> <span class='ocrx_word' id='word_1_684' title='bbox 794 2298 909 2339; x_wconf 84' lang='lat' dir='ltr'><strong>absque</strong></span> <span class='ocrx_word' id='word_1_685' title='bbox 932 2298 999 2329; x_wconf 85' lang='lat' dir='ltr'><strong>dolo</strong></span> <span class='ocrx_word' id='word_1_686' title='bbox 1015 2302 1044 2329; x_wconf 86' lang='lat' dir='ltr'><strong>et</strong></span> 
     </span>
    </p>
   </div>
   <div class='ocr_carea' id='block_1_94' title="bbox 217 2343 1040 2384">
    <p class='ocr_par' dir='ltr' id='par_1_94' title="bbox 217 2343 1040 2384">
     <span class='ocr_line' id='line_1_94' title="bbox 217 2343 1040 2384; baseline -0.001 -10"><span class='ocrx_word' id='word_1_687' title='bbox 217 2343 399 2374; x_wconf 87' lang='lat' dir='ltr'><strong>curiositate.</strong></span> <span class='ocrx_word' id='word_1_688' title='bbox 418 2343 557 2374; x_wconf 89' lang='lat' dir='ltr'><strong>Curiosus</strong></span> <span class='ocrx_word' id='word_1_689' title='bbox 567 2343 660 2382; x_wconf 88' lang='lat' dir='ltr'><strong>enim,</strong></span> <span class='ocrx_word' id='word_1_690' title='bbox 668 2348 697 2374; x_wconf 86' lang='lat' dir='ltr'><strong>et</strong></span> <span class='ocrx_word' id='word_1_691' title='bbox 707 2351 827 2384; x_wconf 88' lang='lat' dir='ltr'><strong>semper</strong></span> <span class='ocrx_word' id='word_1_692' title='bbox 841 2343 1040 2382; x_wconf 81' lang='lat' dir='ltr'><strong>interrogans,</strong></span> 
     </span>
    </p>
   </div>
   <div class='ocr_carea' id='block_1_95' title="bbox 217 2386 1042 2428">
    <p class='ocr_par' dir='ltr' id='par_1_95' title="bbox 217 2386 1042 2428">
     <span class='ocr_line' id='line_1_95' title="bbox 217 2386 1042 2428; baseline -0.002 -9"><span class='ocrx_word' id='word_1_693' title='bbox 217 2388 394 2425; x_wconf 85' lang='lat' dir='ltr'><strong>Quomodo?</strong></span> <span class='ocrx_word' id='word_1_694' title='bbox 410 2397 475 2419; x_wconf 90' lang='lat' dir='ltr'><strong>cum</strong></span> <span class='ocrx_word' id='word_1_695' title='bbox 492 2396 544 2419; x_wconf 81' lang='lat' dir='ltr'><strong>sua</strong></span> <span class='ocrx_word' id='word_1_696' title='bbox 569 2388 776 2419; x_wconf 86' lang='lat' dir='ltr'><strong>incredulitate</strong></span> <span class='ocrx_word' id='word_1_697' title='bbox 797 2386 918 2428; x_wconf 86' lang='lat' dir='ltr'><strong>peribit,</strong></span> <span class='ocrx_word' id='word_1_698' title='bbox 938 2391 968 2418; x_wconf 90' lang='lat' dir='ltr'><strong>et</strong></span> <span class='ocrx_word' id='word_1_699' title='bbox 982 2397 1042 2418; x_wconf 89' lang='lat' dir='ltr'><strong>non</strong></span> 
     </span>
    </p>
   </div>
   <div class='ocr_carea' id='block_1_96' title="bbox 216 2433 1042 2473">
    <p class='ocr_par' dir='ltr' id='par_1_96' title="bbox 216 2433 1042 2473">
     <span class='ocr_line' id='line_1_96' title="bbox 216 2433 1042 2473; baseline 0 -10"><span class='ocrx_word' id='word_1_700' title='bbox 216 2433 338 2464; x_wconf 85' lang='lat' dir='ltr'><strong>intrabit</strong></span> <span class='ocrx_word' id='word_1_701' title='bbox 354 2433 382 2463; x_wconf 91' lang='lat' dir='ltr'><strong>in</strong></span> <span class='ocrx_word' id='word_1_702' title='bbox 399 2443 534 2472; x_wconf 79' lang='lat' dir='ltr'><strong>regnum,</strong></span> <span class='ocrx_word' id='word_1_703' title='bbox 551 2433 629 2473; x_wconf 89' lang='lat' dir='ltr'><strong>quod</strong></span> <span class='ocrx_word' id='word_1_704' title='bbox 642 2433 737 2464; x_wconf 88' lang='lat' dir='ltr'><strong>noluit</strong></span> <span class='ocrx_word' id='word_1_705' title='bbox 753 2433 928 2473; x_wconf 89' lang='lat' dir='ltr'><strong>simpliciter</strong></span> <span class='ocrx_word' id='word_1_706' title='bbox 936 2437 965 2463; x_wconf 88' lang='lat' dir='ltr'><strong>et</strong></span> <span class='ocrx_word' id='word_1_707' title='bbox 977 2434 1042 2463; x_wconf 88' lang='lat' dir='ltr'><strong>sine</strong></span> 
     </span>
    </p>
   </div>
   <div class='ocr_carea' id='block_1_97' title="bbox 216 2476 1041 2518">
    <p class='ocr_par' dir='ltr' id='par_1_97' title="bbox 216 2476 1041 2518">
     <span class='ocr_line' id='line_1_97' title="bbox 216 2476 1041 2518; baseline -0.001 -10"><span class='ocrx_word' id='word_1_708' title='bbox 216 2478 386 2509; x_wconf 87' lang='lat' dir='ltr'><strong>curiositate</strong></span> <span class='ocrx_word' id='word_1_709' title='bbox 402 2483 430 2508; x_wconf 84' lang='lat' dir='ltr'><strong>et</strong></span> <span class='ocrx_word' id='word_1_710' title='bbox 446 2478 599 2509; x_wconf 83' lang='lat' dir='ltr'><strong>humiliter</strong></span> <span class='ocrx_word' id='word_1_711' title='bbox 623 2479 787 2518; x_wconf 90' lang='lat' dir='ltr'><strong>suscipere.</strong></span> <span class='ocrx_word' id='word_1_712' title='bbox 814 2477 925 2508; x_wconf 85' lang='lat' dir='ltr'><strong>Omnes</strong></span> <span class='ocrx_word' id='word_1_713' title='bbox 941 2476 1041 2517; x_wconf 87' lang='lat' dir='ltr'><strong>itaque</strong></span> 
     </span>
    </p>
   </div>
   <div class='ocr_carea' id='block_1_98' title="bbox 216 2521 1038 2564">
    <p class='ocr_par' dir='ltr' id='par_1_98' title="bbox 216 2521 1038 2564">
     <span class='ocr_line' id='line_1_98' title="bbox 216 2521 1038 2564; baseline -0.002 -10"><span class='ocrx_word' id='word_1_714' title='bbox 216 2523 354 2564; x_wconf 57' lang='lat' dir='ltr'><strong>apostoli,</strong></span> <span class='ocrx_word' id='word_1_715' title='bbox 368 2528 396 2554; x_wconf 91' lang='lat' dir='ltr'><strong>et</strong></span> <span class='ocrx_word' id='word_1_716' title='bbox 411 2533 516 2554; x_wconf 88' lang='lat' dir='ltr'><strong>omnes</strong></span> <span class='ocrx_word' id='word_1_717' title='bbox 529 2533 650 2563; x_wconf 87' lang='lat' dir='ltr'><strong>prorsus</strong></span> <span class='ocrx_word' id='word_1_718' title='bbox 665 2522 861 2555; x_wconf 85' lang='lat' dir='ltr'><strong>credentesin</strong></span> <span class='ocrx_word' id='word_1_719' title='bbox 878 2521 1038 2559; x_wconf 85' lang='lat' dir='ltr'><strong>Christum,</strong></span> 
     </span>
    </p>
   </div>
   <div class='ocr_carea' id='block_1_99' title="bbox 217 2566 1040 2608">
    <p class='ocr_par' dir='ltr' id='par_1_99' title="bbox 217 2566 1040 2608">
     <span class='ocr_line' id='line_1_99' title="bbox 217 2566 1040 2608; baseline 0 -12"><span class='ocrx_word' id='word_1_720' title='bbox 217 2573 357 2599; x_wconf 81' lang='lat' dir='ltr'><strong>vocantur</strong></span> <span class='ocrx_word' id='word_1_721' title='bbox 373 2568 478 2608; x_wconf 85' lang='lat' dir='ltr'><strong>pueri:</strong></span> <span class='ocrx_word' id='word_1_722' title='bbox 497 2568 573 2598; x_wconf 86' lang='lat' dir='ltr'><strong>sicut</strong></span> <span class='ocrx_word' id='word_1_723' title='bbox 589 2571 618 2598; x_wconf 89' lang='lat' dir='ltr'><strong>et</strong></span> <span class='ocrx_word' id='word_1_724' title='bbox 641 2568 705 2608; x_wconf 85' lang='lat' dir='ltr'><strong>ipse</strong></span> <span class='ocrx_word' id='word_1_725' title='bbox 726 2567 869 2598; x_wconf 85' lang='lat' dir='ltr'><strong>Dominus</strong></span> <span class='ocrx_word' id='word_1_726' title='bbox 892 2566 1040 2607; x_wconf 87' lang='lat' dir='ltr'><strong>apostolos</strong></span> 
     </span>
    </p>
   </div>
   <div class='ocr_carea' id='block_1_100' title="bbox 215 2611 1040 2652">
    <p class='ocr_par' dir='ltr' id='par_1_100' title="bbox 215 2611 1040 2652">
     <span class='ocr_line' id='line_1_100' title="bbox 215 2611 1040 2652; baseline -0.001 -9"><span class='ocrx_word' id='word_1_727' title='bbox 215 2613 390 2648; x_wconf 83' lang='lat' dir='ltr'><strong>nominavit,</strong></span> <span class='ocrx_word' id='word_1_728' title='bbox 410 2612 512 2642; x_wconf 90' lang='lat' dir='ltr'><strong>dicens</strong></span> <span class='ocrx_word' id='word_1_729' title='bbox 531 2623 537 2644; x_wconf 93' lang='lat'>:</span> <span class='ocrx_word' id='word_1_730' title='bbox 563 2612 662 2649; x_wconf 83' lang='lat' dir='ltr'><strong>Pueri,</strong></span> <span class='ocrx_word' id='word_1_731' title='bbox 681 2621 751 2642; x_wconf 87' lang='lat' dir='ltr'><strong>num</strong></span> <span class='ocrx_word' id='word_1_732' title='bbox 769 2611 839 2652; x_wconf 89' lang='lat' dir='ltr'><strong>quid</strong></span> <span class='ocrx_word' id='word_1_733' title='bbox 856 2611 971 2641; x_wconf 89' lang='lat' dir='ltr'><strong>obsonii</strong></span> <span class='ocrx_word' id='word_1_734' title='bbox 984 2612 1040 2642; x_wconf 83' lang='lat' dir='ltr'><strong>ha-</strong></span> 
     </span>
    </p>
   </div>
   <div class='ocr_carea' id='block_1_101' title="bbox 216 2655 1039 2697">
    <p class='ocr_par' dir='ltr' id='par_1_101' title="bbox 216 2655 1039 2697">
     <span class='ocr_line' id='line_1_101' title="bbox 216 2655 1039 2697; baseline -0.002 -9"><span class='ocrx_word' id='word_1_735' title='bbox 216 2658 291 2688; x_wconf 84' lang='lat' dir='ltr'><strong>betis</strong></span> <span class='ocrx_word' id='word_1_736' title='bbox 301 2657 357 2687; x_wconf 72' lang='lat'><strong>93?</strong></span> <span class='ocrx_word' id='word_1_737' title='bbox 373 2657 530 2697; x_wconf 86' lang='lat' dir='ltr'><strong>Sapientes</strong></span> <span class='ocrx_word' id='word_1_738' title='bbox 555 2661 652 2688; x_wconf 86' lang='lat' dir='ltr'><strong>autem</strong></span> <span class='ocrx_word' id='word_1_739' title='bbox 676 2656 846 2696; x_wconf 79' lang='lat' dir='ltr'><strong>gentilium,</strong></span> <span class='ocrx_word' id='word_1_740' title='bbox 864 2655 1039 2696; x_wconf 88' lang='lat' dir='ltr'><strong>sapientiam</strong></span> 
     </span>
    </p>
   </div>
   <div class='ocr_carea' id='block_1_102' title="bbox 215 2701 1041 2743">
    <p class='ocr_par' dir='ltr' id='par_1_102' title="bbox 215 2701 1041 2743">
     <span class='ocr_line' id='line_1_102' title="bbox 215 2701 1041 2743; baseline -0.001 -10"><span class='ocrx_word' id='word_1_741' title='bbox 215 2703 244 2733; x_wconf 92' lang='lat' dir='ltr'><strong>in</strong></span> <span class='ocrx_word' id='word_1_742' title='bbox 263 2703 403 2743; x_wconf 78' lang='lat' dir='ltr'><strong>mysterio</strong></span> <span class='ocrx_word' id='word_1_743' title='bbox 419 2706 599 2741; x_wconf 68' lang='lat' dir='ltr'><strong>qumrentes,</strong></span> <span class='ocrx_word' id='word_1_744' title='bbox 620 2701 697 2741; x_wconf 91' lang='lat' dir='ltr'><strong>quod</strong></span> <span class='ocrx_word' id='word_1_745' title='bbox 723 2705 768 2731; x_wconf 83' lang='lat' dir='ltr'><strong>est</strong></span> <span class='ocrx_word' id='word_1_746' title='bbox 785 2709 909 2740; x_wconf 81' lang='lat' dir='ltr'><strong>regnum</strong></span> <span class='ocrx_word' id='word_1_747' title='bbox 931 2701 994 2739; x_wconf 88' lang='lat' dir='ltr'><strong>Dei,</strong></span> <span class='ocrx_word' id='word_1_748' title='bbox 1011 2707 1041 2732; x_wconf 84' lang='lat' dir='ltr'><strong>et</strong></span> 
     </span>
    </p>
   </div>
   <div class='ocr_carea' id='block_1_103' title="bbox 215 2745 1039 2786">
    <p class='ocr_par' dir='ltr' id='par_1_103' title="bbox 215 2745 1039 2786">
     <span class='ocr_line' id='line_1_103' title="bbox 215 2745 1039 2786; baseline 0 -8"><span class='ocrx_word' id='word_1_749' title='bbox 215 2749 351 2778; x_wconf 82' lang='lat' dir='ltr'><strong>nolentes</strong></span> <span class='ocrx_word' id='word_1_750' title='bbox 379 2746 515 2786; x_wconf 88' lang='lat' dir='ltr'><strong>accipere</strong></span> <span class='ocrx_word' id='word_1_751' title='bbox 540 2746 653 2786; x_wconf 90' lang='lat' dir='ltr'><strong>absque</strong></span> <span class='ocrx_word' id='word_1_752' title='bbox 677 2745 916 2783; x_wconf 80' lang='lat' dir='ltr'><strong>ratiocinatione,</strong></span> <span class='ocrx_word' id='word_1_753' title='bbox 934 2747 1039 2778; x_wconf 89' lang='lat' dir='ltr'><strong>merito</strong></span> 
     </span>
    </p>
   </div>
   <div class='ocr_carea' id='block_1_104' title="bbox 253 2826 804 2865">
    <p class='ocr_par' dir='ltr' id='par_1_104' title="bbox 253 2826 804 2865">
     <span class='ocr_line' id='line_1_104' title="bbox 253 2826 804 2865; baseline 0.002 -9"><span class='ocrx_word' id='word_1_754' title='bbox 253 2826 364 2857; x_wconf 63' lang='lat' dir='ltr'><strong>9910b.</strong></span> <span class='ocrx_word' id='word_1_755' title='bbox 382 2835 412 2863; x_wconf 86' lang='grc' dir='ltr'><strong>ιι,</strong></span> <span class='ocrx_word' id='word_1_756' title='bbox 430 2826 460 2865; x_wconf 80' lang='grc'>9,</span> <span class='ocrx_word' id='word_1_757' title='bbox 476 2826 506 2857; x_wconf 76' lang='lat'><strong>2.</strong></span> <span class='ocrx_word' id='word_1_758' title='bbox 551 2826 584 2852; x_wconf 76' lang='lat'><strong>93</strong></span> <span class='ocrx_word' id='word_1_759' title='bbox 597 2827 681 2858; x_wconf 80' lang='lat' dir='ltr'><strong>.Ioan.</strong></span> <span class='ocrx_word' id='word_1_760' title='bbox 697 2835 759 2864; x_wconf 78' lang='lat' dir='ltr'><strong>xu,</strong></span> <span class='ocrx_word' id='word_1_761' title='bbox 773 2827 804 2858; x_wconf 81' lang='lat'><strong>5.</strong></span> 
     </span>
    </p>
   </div>
   <div class='ocr_carea' id='block_1_105' title="bbox 1083 2299 1908 2341">
    <p class='ocr_par' dir='ltr' id='par_1_105' title="bbox 1083 2299 1908 2341">
     <span class='ocr_line' id='line_1_105' title="bbox 1083 2299 1908 2341; baseline 0.004 -13"><span class='ocrx_word' id='word_1_762' title='bbox 1083 2299 1133 2334; x_wconf 74' lang='grc' dir='ltr'>τὴν</span> <span class='ocrx_word' id='word_1_763' title='bbox 1158 2300 1292 2339; x_wconf 87' lang='grc' dir='ltr'>βασιλείαν</span> <span class='ocrx_word' id='word_1_764' title='bbox 1313 2304 1360 2329; x_wconf 79' lang='grc' dir='ltr'>τοῦ</span> <span class='ocrx_word' id='word_1_765' title='bbox 1381 2304 1446 2330; x_wconf 84' lang='grc' dir='ltr'>Θεοῦ</span> <span class='ocrx_word' id='word_1_766' title='bbox 1467 2302 1503 2334; x_wconf 83' lang='grc' dir='ltr'><strong>ὡς</strong></span> <span class='ocrx_word' id='word_1_767' title='bbox 1527 2300 1643 2341; x_wconf 83' lang='grc' dir='ltr'>παιδίον,</span> <span class='ocrx_word' id='word_1_768' title='bbox 1671 2302 1817 2338; x_wconf 78' lang='grc' dir='ltr'>τουτέστιν,</span> <span class='ocrx_word' id='word_1_769' title='bbox 1842 2302 1908 2331; x_wconf 78' lang='grc' dir='ltr'><strong>ἀδό-</strong></span> 
     </span>
    </p>
   </div>
   <div class='ocr_carea' id='block_1_106' title="bbox 1083 2342 1908 2388">
    <p class='ocr_par' dir='ltr' id='par_1_106' title="bbox 1083 2342 1908 2388">
     <span class='ocr_line' id='line_1_106' title="bbox 1083 2342 1908 2388; baseline 0.005 -16"><span class='ocrx_word' id='word_1_770' title='bbox 1083 2343 1148 2385; x_wconf 81' lang='grc' dir='ltr'>λως,</span> <span class='ocrx_word' id='word_1_771' title='bbox 1177 2345 1472 2385; x_wconf 71' lang='grc' dir='ltr'>ἆπολυπραγμονήτως,</span> <span class='ocrx_word' id='word_1_772' title='bbox 1494 2348 1608 2378; x_wconf 81' lang='grc' dir='ltr'>πιστῶς.</span> <span class='ocrx_word' id='word_1_773' title='bbox 1629 2342 1657 2375; x_wconf 68' lang='grc' dir='ltr'><strong>Ὀ</strong></span> <span class='ocrx_word' id='word_1_774' title='bbox 1684 2347 1734 2385; x_wconf 84' lang='grc' dir='ltr'>γὰρ</span> <span class='ocrx_word' id='word_1_775' title='bbox 1756 2347 1908 2388; x_wconf 82' lang='grc' dir='ltr'>περίεργος,</span> 
     </span>
    </p>
   </div>
   <div class='ocr_carea' id='block_1_107' title="bbox 1082 2389 1910 2430">
    <p class='ocr_par' dir='ltr' id='par_1_107' title="bbox 1082 2389 1910 2430">
     <span class='ocr_line' id='line_1_107' title="bbox 1082 2389 1910 2430; baseline 0.004 -13"><span class='ocrx_word' id='word_1_776' title='bbox 1082 2390 1126 2417; x_wconf 86' lang='grc' dir='ltr'>καὶ</span> <span class='ocrx_word' id='word_1_777' title='bbox 1154 2389 1193 2417; x_wconf 73' lang='grc' dir='ltr'><strong>αεὶ</strong></span> <span class='ocrx_word' id='word_1_778' title='bbox 1215 2389 1318 2428; x_wconf 78' lang='grc' dir='ltr'>ἐρωτῶν</span> <span class='ocrx_word' id='word_1_779' title='bbox 1335 2390 1377 2430; x_wconf 84' lang='grc' dir='ltr'>τὸ,</span> <span class='ocrx_word' id='word_1_780' title='bbox 1404 2393 1464 2422; x_wconf 84' lang='grc' dir='ltr'>Πῶς</span> <span class='ocrx_word' id='word_1_781' title='bbox 1483 2400 1491 2428; x_wconf 85' lang='grc'>;</span> <span class='ocrx_word' id='word_1_782' title='bbox 1519 2393 1554 2429; x_wconf 76' lang='grc' dir='ltr'><strong>τῇ</strong></span> <span class='ocrx_word' id='word_1_783' title='bbox 1582 2391 1689 2427; x_wconf 77' lang='grc' dir='ltr'>ἀπιστίᾳ</span> <span class='ocrx_word' id='word_1_784' title='bbox 1711 2391 1910 2430; x_wconf 78' lang='grc' dir='ltr'>συγκαταλυθήο</span> 
     </span>
    </p>
   </div>
   <div class='ocr_carea' id='block_1_108' title="bbox 1082 2434 1908 2476">
    <p class='ocr_par' dir='ltr' id='par_1_108' title="bbox 1082 2434 1908 2476">
     <span class='ocr_line' id='line_1_108' title="bbox 1082 2434 1908 2476; baseline 0.004 -15"><span class='ocrx_word' id='word_1_785' title='bbox 1082 2444 1168 2470; x_wconf 83' lang='grc' dir='ltr'>σεται,</span> <span class='ocrx_word' id='word_1_786' title='bbox 1197 2434 1241 2462; x_wconf 82' lang='grc' dir='ltr'><strong>καὶ</strong></span> <span class='ocrx_word' id='word_1_787' title='bbox 1269 2435 1298 2462; x_wconf 78' lang='grc' dir='ltr'>οὒ</span> <span class='ocrx_word' id='word_1_788' title='bbox 1327 2434 1365 2472; x_wconf 77' lang='grc' dir='ltr'>μὴ</span> <span class='ocrx_word' id='word_1_789' title='bbox 1395 2434 1498 2473; x_wconf 78' lang='grc' dir='ltr'>εἰσέλθῃ</span> <span class='ocrx_word' id='word_1_790' title='bbox 1538 2436 1574 2467; x_wconf 78' lang='grc' dir='ltr'><strong>εἰς</strong></span> <span class='ocrx_word' id='word_1_791' title='bbox 1614 2436 1664 2470; x_wconf 82' lang='grc' dir='ltr'><strong>τὴν</strong></span> <span class='ocrx_word' id='word_1_792' title='bbox 1691 2434 1839 2476; x_wconf 77' lang='grc' dir='ltr'>βασιλείαν,</span> <span class='ocrx_word' id='word_1_793' title='bbox 1876 2437 1908 2470; x_wconf 75' lang='grc' dir='ltr'>ἢν</span> 
     </span>
    </p>
   </div>
   <div class='ocr_carea' id='block_1_109' title="bbox 1083 2477 1906 2520">
    <p class='ocr_par' dir='ltr' id='par_1_109' title="bbox 1083 2477 1906 2520">
     <span class='ocr_line' id='line_1_109' title="bbox 1083 2477 1906 2520; baseline 0.004 -14"><span class='ocrx_word' id='word_1_794' title='bbox 1083 2477 1187 2518; x_wconf 79' lang='grc' dir='ltr'>ἁπλῶς,</span> <span class='ocrx_word' id='word_1_795' title='bbox 1214 2479 1258 2506; x_wconf 89' lang='grc' dir='ltr'><strong>καὶ</strong></span> <span class='ocrx_word' id='word_1_796' title='bbox 1283 2478 1458 2520; x_wconf 83' lang='grc' dir='ltr'>ἀπεριέργως,</span> <span class='ocrx_word' id='word_1_797' title='bbox 1489 2481 1533 2509; x_wconf 76' lang='grc' dir='ltr'>καὶ</span> <span class='ocrx_word' id='word_1_798' title='bbox 1549 2480 1744 2520; x_wconf 78' lang='grc' dir='ltr'>μετριοφρόνως</span> <span class='ocrx_word' id='word_1_799' title='bbox 1763 2481 1811 2508; x_wconf 72' lang='grc' dir='ltr'>οὒκ</span> <span class='ocrx_word' id='word_1_800' title='bbox 1843 2481 1906 2514; x_wconf 76' lang='grc' dir='ltr'>ἠθέ-</span> 
     </span>
    </p>
   </div>
   <div class='ocr_carea' id='block_1_110' title="bbox 1082 2522 1907 2562">
    <p class='ocr_par' dir='ltr' id='par_1_110' title="bbox 1082 2522 1907 2562">
     <span class='ocr_line' id='line_1_110' title="bbox 1082 2522 1907 2562; baseline 0.004 -12"><span class='ocrx_word' id='word_1_801' title='bbox 1082 2523 1147 2556; x_wconf 79' lang='grc' dir='ltr'>λησε</span> <span class='ocrx_word' id='word_1_802' title='bbox 1175 2522 1376 2562; x_wconf 76' lang='grc' dir='ltr'>παραδέξασθαι,</span> <span class='ocrx_word' id='word_1_803' title='bbox 1407 2525 1506 2556; x_wconf 77' lang='grc' dir='ltr'>Πάντες</span> <span class='ocrx_word' id='word_1_804' title='bbox 1529 2525 1578 2562; x_wconf 77' lang='grc' dir='ltr'>μὲν</span> <span class='ocrx_word' id='word_1_805' title='bbox 1607 2525 1652 2554; x_wconf 81' lang='grc' dir='ltr'>οὖν</span> <span class='ocrx_word' id='word_1_806' title='bbox 1668 2526 1690 2554; x_wconf 75' lang='lat' dir='ltr'><strong>ot</strong></span> <span class='ocrx_word' id='word_1_807' title='bbox 1704 2524 1849 2553; x_wconf 73' lang='grc' dir='ltr'>ἀπόστολοι</span> <span class='ocrx_word' id='word_1_808' title='bbox 1864 2528 1907 2553; x_wconf 80' lang='grc' dir='ltr'><strong>καὶ</strong></span> 
     </span>
    </p>
   </div>
   <div class='ocr_carea' id='block_1_111' title="bbox 1081 2566 1905 2609">
    <p class='ocr_par' dir='ltr' id='par_1_111' title="bbox 1081 2566 1905 2609">
     <span class='ocr_line' id='line_1_111' title="bbox 1081 2566 1905 2609; baseline 0.001 -13"><span class='ocrx_word' id='word_1_809' title='bbox 1081 2567 1177 2596; x_wconf 78' lang='grc' dir='ltr'>πάντες</span> <span class='ocrx_word' id='word_1_810' title='bbox 1203 2566 1294 2600; x_wconf 78' lang='grc' dir='ltr'>ἁπλῶς</span> <span class='ocrx_word' id='word_1_811' title='bbox 1322 2569 1346 2596; x_wconf 79' lang='grc' dir='ltr'>οἱ</span> <span class='ocrx_word' id='word_1_812' title='bbox 1369 2569 1556 2601; x_wconf 83' lang='grc' dir='ltr'>πιστεύσαντες</span> <span class='ocrx_word' id='word_1_813' title='bbox 1581 2571 1619 2606; x_wconf 83' lang='grc' dir='ltr'><strong>τῷ</strong></span> <span class='ocrx_word' id='word_1_814' title='bbox 1634 2569 1752 2609; x_wconf 72' lang='grc' dir='ltr'>Χριστῷ,</span> <span class='ocrx_word' id='word_1_815' title='bbox 1769 2568 1860 2597; x_wconf 85' lang='grc' dir='ltr'>παιδία</span> <span class='ocrx_word' id='word_1_816' title='bbox 1876 2569 1905 2598; x_wconf 80' lang='grc' dir='ltr'><strong>ἂν</strong></span> 
     </span>
    </p>
   </div>
   <div class='ocr_carea' id='block_1_112' title="bbox 1081 2611 1905 2653">
    <p class='ocr_par' dir='ltr' id='par_1_112' title="bbox 1081 2611 1905 2653">
     <span class='ocr_line' id='line_1_112' title="bbox 1081 2611 1905 2653; baseline 0.004 -13"><span class='ocrx_word' id='word_1_817' title='bbox 1081 2611 1217 2652; x_wconf 76' lang='grc' dir='ltr'>κληθεῖεν,</span> <span class='ocrx_word' id='word_1_818' title='bbox 1249 2613 1285 2643; x_wconf 85' lang='grc' dir='ltr'><strong>ὡς</strong></span> <span class='ocrx_word' id='word_1_819' title='bbox 1314 2613 1358 2641; x_wconf 80' lang='grc' dir='ltr'>καὶ</span> <span class='ocrx_word' id='word_1_820' title='bbox 1385 2612 1464 2645; x_wconf 75' lang='grc' dir='ltr'>αὐτὸς</span> <span class='ocrx_word' id='word_1_821' title='bbox 1493 2615 1507 2642; x_wconf 82' lang='grc' dir='ltr'>ὁ</span> <span class='ocrx_word' id='word_1_822' title='bbox 1542 2615 1635 2653; x_wconf 78' lang='grc' dir='ltr'>Κύριος</span> <span class='ocrx_word' id='word_1_823' title='bbox 1660 2614 1720 2646; x_wconf 81' lang='grc' dir='ltr'>τοὺς</span> <span class='ocrx_word' id='word_1_824' title='bbox 1742 2613 1905 2647; x_wconf 78' lang='grc' dir='ltr'>ἀποστόλους</span> 
     </span>
    </p>
   </div>
   <div class='ocr_carea' id='block_1_113' title="bbox 1081 2653 1904 2698">
    <p class='ocr_par' dir='ltr' id='par_1_113' title="bbox 1081 2653 1904 2698">
     <span class='ocr_line' id='line_1_113' title="bbox 1081 2653 1904 2698; baseline 0.002 -14"><span class='ocrx_word' id='word_1_825' title='bbox 1081 2656 1204 2694; x_wconf 84' lang='grc' dir='ltr'>ὠνόμασε</span> <span class='ocrx_word' id='word_1_826' title='bbox 1219 2665 1226 2698; x_wconf 61' lang='grc' dir='ltr'><em>ς</em></span> <span class='ocrx_word' id='word_1_827' title='bbox 1243 2653 1351 2695; x_wconf 71' lang='grc' dir='ltr'>Παιδία,</span> <span class='ocrx_word' id='word_1_828' title='bbox 1368 2658 1434 2694; x_wconf 82' lang='grc' dir='ltr'>μήτι</span> <span class='ocrx_word' id='word_1_829' title='bbox 1450 2658 1613 2698; x_wconf 77' lang='grc' dir='ltr'>προσφάγιον</span> <span class='ocrx_word' id='word_1_830' title='bbox 1630 2658 1708 2698; x_wconf 51' lang='grc' dir='ltr'>ἔιετε</span> <span class='ocrx_word' id='word_1_831' title='bbox 1726 2669 1734 2695; x_wconf 86' lang='grc'><strong>;</strong></span> <span class='ocrx_word' id='word_1_832' title='bbox 1757 2659 1787 2687; x_wconf 70' lang='grc' dir='ltr'>οξ</span> <span class='ocrx_word' id='word_1_833' title='bbox 1811 2657 1840 2686; x_wconf 77' lang='grc' dir='ltr'>δὲ</span> <span class='ocrx_word' id='word_1_834' title='bbox 1857 2670 1904 2688; x_wconf 84' lang='grc' dir='ltr'>σο-</span> 
     </span>
    </p>
   </div>
   <div class='ocr_carea' id='block_1_114' title="bbox 1081 2696 1902 2742">
    <p class='ocr_par' dir='ltr' id='par_1_114' title="bbox 1081 2696 1902 2742">
     <span class='ocr_line' id='line_1_114' title="bbox 1081 2696 1902 2742; baseline 0.002 -13"><span class='ocrx_word' id='word_1_835' title='bbox 1081 2702 1125 2741; x_wconf 76' lang='grc' dir='ltr'>φοὶ</span> <span class='ocrx_word' id='word_1_836' title='bbox 1148 2705 1201 2730; x_wconf 82' lang='grc' dir='ltr'><strong>τῶν</strong></span> <span class='ocrx_word' id='word_1_837' title='bbox 1219 2696 1364 2739; x_wconf 73' lang='grc' dir='ltr'>Ἐλλήνων,</span> <span class='ocrx_word' id='word_1_838' title='bbox 1390 2696 1484 2742; x_wconf 77' lang='grc' dir='ltr'>σοφίαν</span> <span class='ocrx_word' id='word_1_839' title='bbox 1509 2696 1536 2730; x_wconf 76' lang='grc' dir='ltr'>ἓν</span> <span class='ocrx_word' id='word_1_840' title='bbox 1550 2696 1588 2740; x_wconf 69' lang='grc' dir='ltr'><strong>τῷ</strong></span> <span class='ocrx_word' id='word_1_841' title='bbox 1603 2696 1738 2742; x_wconf 73' lang='grc' dir='ltr'>μυστηρίῳ</span> <span class='ocrx_word' id='word_1_842' title='bbox 1752 2703 1902 2741; x_wconf 70' lang='grc' dir='ltr'>ζητοῦντες,</span> 
     </span>
    </p>
   </div>
   <div class='ocr_carea' id='block_1_115' title="bbox 1082 2745 1903 2786">
    <p class='ocr_par' dir='ltr' id='par_1_115' title="bbox 1082 2745 1903 2786">
     <span class='ocr_line' id='line_1_115' title="bbox 1082 2745 1903 2786; baseline 0.004 -12"><span class='ocrx_word' id='word_1_843' title='bbox 1082 2747 1096 2774; x_wconf 84' lang='grc' dir='ltr'><strong>ὃ</strong></span> <span class='ocrx_word' id='word_1_844' title='bbox 1124 2745 1194 2775; x_wconf 71' lang='grc' dir='ltr'>ἐστιν</span> <span class='ocrx_word' id='word_1_845' title='bbox 1222 2746 1240 2780; x_wconf 83' lang='grc' dir='ltr'>ἠ</span> <span class='ocrx_word' id='word_1_846' title='bbox 1266 2745 1386 2784; x_wconf 84' lang='grc' dir='ltr'>βασιλεία</span> <span class='ocrx_word' id='word_1_847' title='bbox 1414 2750 1460 2775; x_wconf 79' lang='grc' dir='ltr'>τοῦ</span> <span class='ocrx_word' id='word_1_848' title='bbox 1482 2748 1559 2784; x_wconf 77' lang='grc' dir='ltr'>Θςοῦ,</span> <span class='ocrx_word' id='word_1_849' title='bbox 1576 2748 1619 2776; x_wconf 78' lang='grc' dir='ltr'>καὶ</span> <span class='ocrx_word' id='word_1_850' title='bbox 1635 2748 1673 2785; x_wconf 81' lang='grc' dir='ltr'>μὴ</span> <span class='ocrx_word' id='word_1_851' title='bbox 1687 2747 1846 2786; x_wconf 77' lang='grc' dir='ltr'>βουλόμενοι</span> <span class='ocrx_word' id='word_1_852' title='bbox 1862 2748 1903 2777; x_wconf 76' lang='grc' dir='ltr'>δέ·</span> 
     </span>
    </p>
   </div>
  </div>
