1966 3076
68 156 160 189 1009

415 156 637 189 ΕΝΑΒΗᾹΤΙΟ
661 159 700 190 ΙΝ
725 155 905 189 EVANGEL

1002 155 1122 185 LUCE.
1147 170 1185 176 —
1207 156 1288 185 CAP.
1314 155 1423 186 XVIII.

1704 153 1776 184 1010

64 223 174 255 ξασθαι
204 228 280 254 τοῦτο
311 223 519 263 ἀσυλλογίστως,
546 224 654 257 εἰκότως
683 223 832 257 ἐξώσθησαν
860 225 909 256 τῆς

992 219 1065 252 clusi
1080 225 1149 252 sunt
1163 221 1199 252 ab
1213 221 1269 252 hoc
1284 230 1387 260 regno.
1404 223 1472 254 Non
1487 222 1560 253 dixit
1574 225 1672 252 autem
1691 229 1697 251 :
1713 219 1774 251 Ho-

64 268 217 305 βασιλείας
231 269 343 303 ταύτης,
366 271 420 298 Οὐκ
442 268 503 297 εἶπε
525 268 564 306 δὲ,
595 268 647 305 ὅτι,
671 269 776 298 Τούτων
802 268 870 296 ἐστὶν
889 268 906 301 ἡ

65 312 217 351 βασιλεία,
235 313 304 342 ἀλλὰ
317 313 370 342 τῶν
396 314 533 351 τοιούτων,
559 314 690 354 τουτέστι,
706 317 759 343 τῶν
773 314 822 347 τὴν
837 313 906 341 ἀκα-

64 358 151 389 κίαν.
182 359 227 387 καὶ
271 359 494 398 μετριοφροσύνην
536 362 726 398 προαιρετικῶς
769 356 908 395 κτησαμέ-

67 414 145 443 νων,
170 403 204 437 ἢν
226 406 344 443 φυσικῶς
373 403 406 431 τὰ
432 402 522 431 παιδία
550 402 656 443 ἔχουσι.
697 402 836 440 Δεξώμεθα
864 403 908 430 οὖν

68 447 170 476 πάντα
195 448 228 476 τὰ
248 447 468 482 ἑκκλησιαστικὰ,
492 446 558 487 ἅπερ
583 448 651 476 ἐστὶν
671 449 689 482 ἡ
716 445 834 486 βασιλεία
862 450 908 475 103

69 495 161 529 Θεοῦ,
185 492 360 532 ἀπεριέργως,
401 492 443 520 καὶ
481 494 595 530 πιστῶς,
633 493 677 520 καὶ
698 491 903 532 μετριοφρόνως,

69 537 110 564 τὸ
135 537 188 576 γὰρ
202 537 415 576 περιεργάζεσθαι
432 536 556 576 οἰήσεως,
573 538 617 565 καὶ
632 535 795 576 δοξοσοφίας.

126 591 142 611 (
161 582 211 610 Καὶ
237 581 396 621 ἐπηρώτησέ
416 591 457 613 τις
477 582 555 609 αὐτὸν
577 580 679 622 ἅρχων,
705 580 791 620 λέγων
809 589 816 596 ·
835 579 910 608 Διδά-

74 625 168 654 σκαλε
190 626 282 665 ἀγαθὲ,
299 627 324 654 τί
336 626 453 661 ποιήσας
477 626 549 662 ζωὴν
572 626 677 654 αἰώνιον
690 625 908 664 κληρονομήσω;

76 671 156 699 Εἵπε
181 669 208 698 δὲ
223 671 294 708 αὖτῷ
314 671 329 698 ὅ
347 670 449 704 Ἰησοῦς
467 678 475 686 ”
491 670 522 700 Τί
537 681 571 709 με
585 670 671 709 λέγεις
685 670 802 709 ἁγαθόνς
820 668 908 701 Οὖδεὶς

72 715 194 754 ἀγαθὸς,
225 716 248 743 εἶ
277 716 316 753 μὴ
344 715 387 746 εἷς
409 716 423 743 6
442 715 519 747 Θεός.
548 715 600 747 Τὰς
625 714 732 746 ἐντολὰς
762 713 848 746 οἶδας*
866 714 909 747 Μὴ

77 760 250 800 μοιχεύσῃς,
273 759 312 797 μὴ
334 760 474 799 φονεύσῃς,
498 760 537 797 μὴ
559 759 672 797 κλέψῃς,
701 759 740 796 μὴ
755 757 907 797 ψευδομαρ-

74 805 213 842 τυρήσῃς.
236 804 305 842 τίμα
320 805 365 832 τὸν
393 803 493 844 πατέρα
521 812 568 833 σου
595 805 640 832 καὶ
668 805 717 838 τὴν
731 803 834 842 μητέρα
849 814 906 832 σου.

77 844 113 877 ιΟ
143 848 172 877 δὲ
202 849 265 877 tim
282 858 289 866 °
320 853 407 878 Ταῦτα
435 849 521 878 πάντα
542 848 712 889 ἐφυλαξάμην
736 847 767 876 ἐκ
781 848 907 882 νεότητός

948 273 1014 295 rum
1031 270 1076 297 est
1089 275 1228 306 regnum,
1240 266 1292 296 sed
1303 266 1417 306 talium,
1429 267 1478 306 qui
1494 265 1659 297 voluntarie
1669 273 1774 305 posse-

949 309 1061 340 derunt
1077 310 1278 341 innocentiam
1306 316 1335 342 et
1360 311 1567 348 humilitatem,
1587 320 1673 351 quam
1692 309 1775 350 pueri

949 359 1053 385 natura
1079 354 1201 387 habent.
1243 354 1443 396 Suscipiamus
1473 356 1563 396 igitur
1601 355 1699 386 omnia
1726 354 1776 385 illa

949 399 1166 440 ecclesiastica,
1193 409 1258 440 qua;
1281 404 1351 431 sunt
1379 410 1504 440 regnum
1540 402 1605 433 Dei.
1635 399 1774 435 ﬁdeliter,

949 443 1061 484 absque
1077 445 1261 481 curiositate,
1272 449 1302 475 et
1317 445 1480 476 humiliter.
1497 445 1618 476 Curiose
1634 445 1712 475 enim
1726 443 1775 474 in-

950 488 1081 528 quirere,
1095 488 1267 529 superbiam
1279 489 1356 529 sapit
1367 494 1395 520 et
1410 490 1567 529 gloriosam
1583 488 1772 529 sapientiam.

992 534 1082 565 Vnus.
1112 534 1212 566 18-23.
1241 546 1254 561 α
1281 533 1318 564 Et
1344 533 1535 574 interrogavit
1563 543 1630 565 eum
1655 533 1774 573 quidam

951 578 1117 618 princeps:
1146 577 1284 618 Magister
1308 578 1395 615 bone,
1420 579 1492 618 quid
1515 578 1682 609 faciendum
1702 577 1775 608 mihi

951 626 982 652 ut
997 631 1164 663 consequar
1178 623 1265 654 vitam
1280 627 1420 654 aeternam
1430 625 1444 653 ?
1458 623 1534 654 Dixit
1558 628 1658 654 autem
1680 623 1708 653 ei
1722 622 1774 653 Je-

951 676 1020 698 sus:
1037 666 1112 702 Quid
1141 676 1187 698 me
1209 667 1285 698 dicis
1310 667 1449 699 bonum?
1474 677 1561 698 nemo
1586 667 1692 704 bonus,
1718 667 1776 698 nisi

950 711 1032 742 solus
1046 711 1138 743 Deus.
1156 713 1307 752 Praecepta
1319 712 1397 743 nosti
1413 721 1420 743 :
1438 711 1501 742 Non
1517 711 1683 742 committes
1693 711 1774 742 adul-

950 756 1068 792 terium,
1086 766 1146 787 non
1160 757 1291 793 occides,
1311 766 1370 787 non
1384 757 1476 787 facies
1491 757 1613 796 furtum,
1636 765 1695 786 non
1716 756 1773 786 fili-

949 809 1014 831 sum
1031 801 1235 832 testimonium
1251 801 1357 839 dices;
1382 802 1496 833 honora
1518 805 1630 842 patrem
1647 805 1727 831 tuum
1746 805 1775 831 et

950 849 1074 876 matrem
1090 850 1181 876 tuam.
1198 846 1235 876 At
1252 845 1304 877 ille
1319 847 1358 876 ait
1381 854 1387 876 :
1414 845 1483 877 Haec
1499 846 1599 877 omnia
1622 845 1735 876 servavi
1758 855 1775 875 a

75 905 147 930 μου.
182 893 310 926 Ἀκούσας
340 893 367 921 δὲ
383 893 465 922 ταῦτα
489 895 503 922 6
524 892 627 927 Ἰησοῦς
642 893 720 922 εἶπεν
740 894 821 930 αὒτῷ·
838 892 907 922 ’Ἔτι

992 893 1100 921 ientutc
1116 899 1192 921 mea.
1210 890 1273 926 Quo
1288 890 1402 927 audito,
1422 889 1510 922 Jesus
1531 890 1572 921 ait
1591 890 1617 920 ei
1635 898 1642 920 :
1668 889 1775 920 Adhuc

77 937 110 966 ’ἐν
140 949 183 967 σοι
208 937 293 967 λείπει
309 946 318 955 ⁹
335 938 422 966 πάντα
437 937 486 966 ὅσα
508 937 595 978 ἔχεις,
612 937 751 977 πώλησον,
767 938 810 966 καὶ
823 936 908 970 διάδος

77 990 223 1023 πτωχοῖς,
254 984 297 1012 καὶ
326 982 392 1016 ἕξεις
417 983 548 1021 θησαυρὸν
576 982 602 1010 ἐν
624 982 736 1021 οὖμνῷ,
760 982 808 1011 Καὶ
837 980 909 1021 δεῦρο

77 1027 222 1056 ἀκολούθει
244 1039 301 1065 μοι,
319 1023 349 1056 ’0
371 1027 410 1064 δὲ,
428 1027 540 1060 ἀκούσας
561 1031 655 1062 ταῦτα,
681 1026 824 1066 περίλυπος
845 1026 907 1066 ὶγέ-

77 1083 156 1108 νετο,
187 1073 220 1105 ἧν
248 1072 298 1112 γὰρ
322 1071 448 1104 πλούσιος
478 1070 589 1111 σφόδρα.
620 1083 634 1099 ι
669 1075 750 1100 Δοκεῖ
777 1071 826 1108 μέν
840 1082 909 1099 τισιν

79 1117 162 1148 οὗτος
179 1118 192 1145 6
217 1116 350 1156 ἅνθρωπος
376 1115 524 1155 πανοῦργός
552 1126 593 1148 τις
619 1117 702 1152 εἶναι,
720 1116 763 1144 καὶ
778 1116 838 1144 οἷον
852 1126 909 1144 πσ-

80 1161 204 1200 γιδεῧσαι
234 1164 322 1197 ζητῶν
349 1162 394 1189 τὸν
417 1161 519 1194 Ἰησοῦν
550 1160 577 1188 ἐν
598 1160 701 1200 λόγοις.
723 1160 778 1189 Οὐκ
800 1159 868 1188 ἔοικε
883 1159 911 1188 δὲ

81 1210 177 1247 τοῦτο,
208 1205 277 1234 ἀλλὰ
319 1205 478 1246 φιλάργυρος
513 1206 597 1235 εἶναι.
631 1204 704 1234 Ἐπεὶ
733 1206 777 1233 καὶ
801 1205 814 1233 6
845 1208 910 1244 Χρι-

81 1252 150 1282 στὸς
175 1254 292 1280 τοιοῦτον
322 1251 400 1279 αὐτὸν
429 1249 492 1279 ὄντα
518 1249 625 1289 ἤλεγξε.
656 1251 705 1278 Καὶ
732 1250 782 1288 γὰρ
808 1249 912 1289 Μάρκος

81 1296 181 1336 φησὶν,
226 1295 266 1324 ὅτι
308 1293 495 1335 προσδραμὼν,
533 1296 576 1322 rati
613 1296 764 1334 γονυπετῶν
795 1294 913 1333 παρεκά-

81 1340 127 1369 λει
157 1342 203 1368 τὸν
234 1339 349 1380 Ἰησοῦν,
380 1340 423 1367 καὶ
452 1339 492 1367 ὅτι
534 1338 670 1377 ἐμϐλέψας
707 1339 778 1375 αὐτῷ
804 1340 818 1367 6
855 1338 912 1372 Ἰη-

84 1386 151 1416 σοῦς
178 1385 319 1424 ἠγάπησεν
353 1384 432 1413 αὐτόν
450 1392 457 1399 ⁶
495 1383 699 1424 φιλοχρήματος
741 1384 789 1422 μὲν
824 1383 856 1417 ἦν
898 1385 912 1412 6

81 1430 235 1469 ἅνθρωπος.
268 1429 389 1469 Πρόσεισι
415 1427 442 1457 δὲ
463 1432 502 1466 τῷ
523 1428 612 1462 Ἰησοῦ
647 1430 743 1466 μαθεῖν
774 1428 912 1468 ἐφιέμενος

85 1477 150 1513 περί
177 1477 249 1510 ζωῆς
278 1474 394 1512 αἰωνίου,
435 1474 508 1513 τάχα
550 1474 587 1506 ὡς
625 1472 829 1513 φιλοχρήματος
871 1470 914 1501 καὶ

82 1523 179 1550 τοῦτο.
211 1518 290 1548 Οὖδέν
312 1519 362 1558 γὰρ
384 1518 452 1546 οὕτω
474 1517 613 1558 φιλόζωον,
644 1518 682 1549 ὡς
709 1516 914 1557 φιλοχρήματος

951 943 1044 964 unum
1074 933 1129 966 tibi
1157 934 1241 965 deest
1265 945 1272 966 :
1301 933 1408 966 Omnia
1444 943 1638 975 quaacumque
1668 934 1774 971 habes,

950 978 1057 1019 vende,
1073 985 1101 1010 et
1124 978 1271 1011 distribue
1298 979 1491 1020 pauperibus,
1517 983 1547 1010 et
1568 979 1692 1010 habebis
1709 979 1775 1010 the-

949 1032 1070 1054 saurum
1086 1023 1117 1054 in
1138 1024 1235 1055 caalo:
1259 1027 1290 1056 et
1314 1024 1392 1059 veni,
1415 1033 1543 1065 sequere
1569 1033 1627 1055 me.
1653 1023 1706 1054 His
1727 1024 1778 1054 ille

950 1068 1058 1099 auditis
1074 1077 1198 1100 maerore
1206 1069 1329 1100 aﬂ‘ectus
1341 1072 1394 1106 est,
1409 1069 1569 1109 quiadives
1583 1072 1645 1099 erat
1659 1068 1774 1099 valde.-

952 1113 1074 1144 Videtur
1088 1113 1138 1144 ille
1156 1114 1245 1144 homo
1271 1113 1448 1154 quibusdam
1470 1114 1614 1152 malignus
1629 1113 1775 1153 quispiam

952 1166 1029 1195 essc,
1047 1162 1076 1188 et
1101 1157 1264 1198 illaqueare
1286 1166 1423 1198 quaerens
1441 1157 1542 1189 Jesum
1568 1158 1598 1188 iu
1622 1166 1774 1188 sermone.

954 1203 1019 1234 Non
1035 1206 1080 1232 est
1094 1205 1192 1233 autem
1216 1202 1274 1233 hoc
1299 1202 1471 1240 verisimile,
1493 1202 1545 1233 sed
1569 1211 1673 1232 avarus
1688 1205 1774 1232 erat:

955 1247 1096 1287 quoniam
1112 1251 1141 1277 et
1156 1247 1291 1278 Christus
1307 1256 1387 1288 eum,
1405 1248 1472 1287 quia
1487 1247 1553 1278 talis
1569 1253 1644 1286 erat,
1667 1247 1775 1285 arguit.

955 1291 1072 1322 Etenim
1090 1296 1119 1323 et
1133 1291 1246 1322 Marcus
1261 1292 1333 1322 dicit
1355 1292 1433 1332 quod
1454 1292 1629 1332 accurrerit,
1648 1296 1676 1322 et
1698 1301 1776 1331 genu

954 1336 1081 1373 ﬂexerit,
1109 1340 1139 1366 et
1165 1336 1368 1368 obsecraverit
1394 1336 1508 1377 Iesum,
1535 1340 1564 1367 et
1588 1336 1667 1376 quod
1692 1339 1777 1367 Jesus

952 1381 1050 1420 ipsum
1075 1381 1237 1421 aspexerit,
1263 1385 1293 1412 et
1315 1381 1468 1413 dilexerit.
1494 1381 1585 1421 Igitur
1609 1381 1775 1412 divitiarum

955 1429 1068 1456 amator
1080 1431 1143 1457 erat
1155 1426 1244 1456 homo
1259 1426 1321 1458 ille.
1344 1426 1468 1457 Accedit
1489 1431 1588 1458 autem
1610 1426 1646 1457 ad
1663 1427 1776 1462 Iesum,

955 1470 1072 1501 discere
1087 1471 1212 1510 cupiens
1227 1471 1295 1501 457
1311 1471 1349 1502 de
1368 1471 1425 1502 vita
1449 1475 1570 1509 aaterna,
1597 1471 1727 1502 fortassis
1750 1475 1779 1500 et

956 1515 986 1545 in
1003 1515 1059 1546 hoc
1077 1515 1245 1546 divitiarum
1270 1519 1408 1548 sectator.
1435 1516 1516 1547 Ninil
1540 1515 1621 1546 enim
1647 1516 1686 1546 ita
1715 1515 1779 1545 vitm

84 1562 235 1602 ἅνθρωπος.
263 1563 401 1600 Ἐνόμισεν
424 1564 468 1590 οὖν
495 1563 541 1591 τὸν
566 1562 669 1596 Ἰησοῦν
690 1561 829 1590 ὑποθέσθαι
845 1562 910 1598 αὖτᾷ

997 1559 1096 1608 pidum
1113 1564 1169 1608 est,
1187 1565 1217 1591 ut
1233 1561 1322 1608 homo
1335 1560 1445 1591 divitiis
1455 1559 1779 1608 studens._Suspicaba~

87 1608 202 1648 τρόπον,
231 1606 266 1635 δι’
292 1609 322 1636 οὖ
356 1608 467 1639 αἰωνίως
495 1608 614 1646 ζήσεται,
643 1606 834 1635 καταπολαύων
865 1608 915 1640 τῆς

85 1653 281 1693 κατασχέσεως
308 1655 360 1680 τῶν
390 1651 629 1692 χρημάτωνηὪς
657 1650 684 1679 δὲ
713 1652 727 1679 6
751 1651 842 1691 Κύριος
865 1651 915 1684 τὴν

87 1697 240 1730 ἀπόκτησιν
271 1697 342 1724 εἶναι
366 1696 492 1731 πρόξενον
520 1696 582 1724 εἷπε
610 1698 660 1729 τῆς
699 1696 802 1724 αἰωνίου
831 1695 913 1735 ζωῆς,

87 1743 126 1774 ὼς
157 1742 392 1781 περιμεμψᾶμενος
423 1742 508 1778 ἑαυτῷ
528 1741 577 1775 τῆς
604 1742 769 1781 ἔρως-ήσεως,
798 1742 843 1769 καὶ
877 1745 914 1778 τῷ

91 1787 183 1820 ’1ησοῦ
210 1789 260 1820 τῆς
301 1786 478 1826 ἀποκρίσεως,
522 1785 639 1815 ἄπεισιν.
675 1785 757 1817 Αὐτὸς
786 1786 835 1824 γοίρ
869 1797 912 1814 τοι

89 1832 181 1860 ἕνεκεν
205 1834 252 1860 ἰοὖ
279 1831 354 1871 ἔχειν
381 1831 413 1859 τὰ
440 1831 570 1871 χρήματα
592 1830 634 1859 ἐπὶ
649 1830 728 1866 πολὺ,
746 1830 843 1870 ἔχρῃζε
864 1832 913 1864 τῆς

90 1875 198 1904 αἰωνίου
227 1878 298 1911 ζωῆς
315 1883 323 1890 ⁸
355 1876 411 1903 ἐπεὶ
440 1876 462 1903 εί
489 1876 522 1903 τὰ
547 1876 675 1915 χρήματα
703 1874 814 1913 ἔμελλεν
848 1876 915 1904 ἁπο-

88 1923 212 1960 κτᾶσθαι,
241 1922 266 1948 τί
301 1919 352 1948 ἔδει
390 1921 460 1957 αύτῷ
489 1921 539 1953 τῆς
580 1921 683 1948 αἰωνίου
718 1922 789 1956 ζωῆς
819 1920 913 1954 πένητι

89 1964 215 2003 μέλλοντι
243 1968 302 2005 ζῇν,
325 1964 396 2004 ὥσγε
425 1964 534 2003 ἐδόκει,
572 1965 751 2004 Προσέρχεται
780 1969 842 2003 γοῦν
877 1966 915 2001 τῷ

91 2010 189 2049 Κυρίῳ,
220 2011 255 2041 ὡς
273 2009 366 2041 ἁπλῶς
393 2009 532 2049 ἀνθρώπῳ,
555 2010 599 2037 καὶ
634 2008 793 2046 διδασκάλῳ.
826 2010 872 2037 Διὸ
901 2011 914 2037 ὁ

93 2055 190 2092 Κύριος
218 2053 353 2091 δεικνύων,
383 2053 422 2082 ὅτι
445 2056 476 2084 οὗ
489 2053 530 2082 δεῖ
545 2055 581 2085 ὡς
605 2054 734 2093 ἀνθρώπῳ
748 2054 819 2090 αὒτῳ
831 2064 914 2092 προσ-

90 2099 159 2127 ιέναι
189 2099 273 2139 ψιλῷ,
297 2101 375 2127 εἶπεν
392 2107 399 2114 ·
436 2110 449 2126 tt
481 2099 569 2131 οὐδεὶς
599 2099 707 2138 ἀγαθὸς,
739 2099 760 2126 εἰ
789 2098 827 2136 μή
844 2099 885 2130 εἷς
902 2100 916 2127 6

89 2144 168 2176 Θιός.
195 2157 206 2172 ι
240 2143 352 2183 Ἀγαθόν
369 2154 414 2181 με,
431 2144 520 2183 φησὶν,
546 2143 637 2179 εἶπσς,
659 2143 685 2171 τί
711 2144 755 2172 οὖν
782 2143 915 2177 προσέθη-

89 2200 140 2220 κας
161 2189 203 2225 τὸ,
222 2187 368 2216 Διδάσκαλε.
385 2199 393 2224 ;
410 2189 535 2216 Φαίνεται
564 2189 614 2227 γὰρ
639 2187 680 2216 ὅτι
708 2187 755 2216 ἕνα
769 2191 822 2216 τῶν
844 2187 915 2216 πολ-

959 1609 1005 1635 tur
1019 1604 1109 1644 igitur
1122 1605 1223 1636 Jesum
1239 1605 1438 1636 indicaturum
1455 1605 1513 1636 sibi
1534 1605 1653 1636 modum
1671 1614 1777 1645 quem-

958 1649 1034 1689 piam
1059 1659 1116 1690 quo
1141 1649 1309 1681 divitiarum
1338 1650 1527 1690 possessione
1557 1654 1699 1690 perpetuo
1721 1649 1780 1684 frui

958 1693 1060 1733 possit.
1079 1695 1235 1734 Postquam
1251 1698 1349 1724 autem
1363 1694 1506 1724 Dominus
1520 1694 1594 1724 dixit
1610 1693 1777 1724 divitiarum

956 1737 1154 1777 abjectionem
1185 1739 1320 1769 conferre
1342 1738 1377 1769 ad
1403 1738 1489 1769 vitam
1515 1743 1667 1777 aeternam,
1697 1739 1780 1778 quasi

956 1791 1038 1812 suam
1068 1783 1294 1822 reprehendens
1322 1782 1594 1823 interregationem,
1619 1787 1647 1813 et
1671 1783 1780 1814 Christi

955 1835 1144 1866 responsum,
1159 1827 1241 1858 abiit.
1260 1827 1328 1867 Ipse
1344 1828 1423 1858 enim
1441 1828 1510 1868 quia
1526 1827 1654 1858 habebat
1674 1827 1780 1857 multas

956 1871 1212 1908 divitias,multum
1222 1872 1372 1912 quaerebat
1381 1872 1468 1902 vitam
1480 1872 1777 1912 perpeluam.Vcrum

956 1926 1023 1947 cum
1048 1913 1282 1948 renuntiandum
1305 1921 1384 1948 esset
1407 1917 1540 1948 divitiis:
1568 1916 1637 1956 quid
1662 1925 1735 1956 opus
1752 1919 1781 1949 ei

956 1966 1067 1992 aeterna
1084 1962 1153 2002 vita,
1169 1962 1220 2001 qui
1237 1971 1361 2002 pauper,
1378 1966 1409 1992 ut
1423 1961 1588 1997 videbatur,
1607 1965 1670 1991 erat
1683 1960 1772 1991 victu-

957 2009 1030 2038 rus?
1045 2006 1174 2037 Proinde
1186 2006 1506 2037 acceditadChristum
1519 2010 1550 2036 ut
1565 2006 1600 2035 ad
1613 2005 1779 2046 simplicem

958 2051 1110 2083 hominem
1124 2057 1153 2082 et
1165 2051 1329 2082 doctorem.
1342 2051 1455 2082 Idcirco
1466 2054 1495 2081 et
1507 2051 1648 2082 Dominus
1659 2050 1781 2081 demon-

959 2101 1054 2127 strans
1070 2095 1147 2136 quod
1164 2105 1222 2126 non
1247 2100 1382 2134 oporteat
1406 2099 1441 2126 ad
1466 2096 1562 2136 ipsum
1588 2095 1731 2126 accedere
1750 2099 1781 2125 ut

959 2150 1065 2180 purum
1076 2140 1241 2177 hominem,
1258 2140 1330 2171 dixit
1346 2151 1352 2172 :
1374 2150 1387 2170 α
1402 2140 1508 2171 Nullus
1520 2140 1626 2177 bonus,
1638 2139 1694 2170 nisi
1703 2150 1780 2171 unus

958 2185 1046 2216 Deus.
1075 2198 1086 2212 ι
1114 2185 1239 2221 Bonum,
1270 2185 1374 2225 inquit,
1404 2194 1450 2215 me
1477 2185 1586 2221 dixisti,
1618 2194 1671 2215 (ur
1694 2184 1782 2224 igitur

88 2234 145 2262 λῶν
174 2243 208 2270 με
235 2232 443 2271 ὑπολαμϐάνεις,
467 2234 496 2262 El
517 2232 543 2261 δὲ
569 2225 657 2273 tuom,
674 2232 722 2260 οὒκ
736 2234 789 2271 εἰμὶ
803 2234 910 2272 ἀγαθὸς,

993 2231 1106 2271 jecisli,
1120 2230 1310 2270 Prmceptor‘.’
1324 2230 1440 2262 Videris
1452 2230 1530 2260 enim
1547 2230 1624 2270 quod
1638 2239 1685 2260 me
1696 2231 1781 2270 quasi

88 2277 173 2310 οὖδείς
201 2277 251 2315 γὰρ
282 2278 425 2317 ἀνθρώπων
453 2277 551 2316 ἀγαθὸς
579 2278 686 2317 κυρίως,
710 2279 732 2306 εὶ
761 2278 799 2315 μὴ
827 2278 868 2309 εἷς
900 2279 914 2306 ὁ

89 2323 169 2354 Θεός.
201 2318 289 2350 ’Ὥστε
313 2324 335 2350 εἰ
357 2321 442 2355 θέλεις
466 2323 564 2361 ἀγαθόν
579 2333 612 2360 με
627 2322 726 2362 λέγειν,
748 2323 785 2353 ὡς
802 2322 865 2351 ead»
881 2333 914 2361 με

88 2367 151 2405 Αὲγε
178 2367 288 2406 ἀγαθὸν,
315 2366 383 2395 ἀλλὰ
398 2367 437 2405 μὴ
453 2368 490 2399 ὡς
505 2367 641 2406 ὡνθρώπῳ
665 2367 737 2405 ψιλῷ
751 2367 913 2408 προσέρχου,

89 2413 119 2442 Εἴ
145 2412 194 2451 γὰρ
222 2412 357 2451 ἄνθρωπόν
374 2423 408 2450 με
425 2413 513 2441 κοινόν
528 2423 588 2440 τινα
611 2412 738 2450 νομίζεις,
765 2411 833 2450 μηδὲ
850 2413 913 2452 ἀγα-

87 2459 132 2485 θὸν
149 2456 224 2485 κάλει
242 2465 249 2472 '
267 2461 305 2494 τῷ
319 2456 374 2485 dim
389 2457 438 2497 γὰρ
462 2457 572 2496 ἀγαθὸς,
601 2458 644 2485 καὶ
672 2457 748 2496 πηγῆ
779 2457 914 2496 ὰγαθὸτη-

87 2513 133 2533 τος
161 2502 205 2529 καὶ
227 2501 300 2541 ἀρχὴ
329 2505 383 2535 τῆκ
421 2501 650 2540 αὖτοαγαθότητος
676 2503 689 2530 6
716 2502 793 2530 Θεός.
831 2503 861 2531 Οἱ
888 2501 915 2530 δὲ

87 2547 222 2584 ἅνθρωποι
239 2548 261 2574 εἰ
284 2547 328 2575 καὶ
355 2547 448 2586 ἀγαθοί
477 2546 568 2584 ἔσμεν,
597 2546 658 2574 ἀλλ’
673 2549 702 2576 οὗ
716 2547 822 2586 κυρίως,
847 2546 915 2575 ἀλλὰ

88 2592 157 2620 κατὰ
182 2592 317 2632 μετοχὴν,
345 2593 390 2620 καὶ
424 2592 562 2630 ἐπίμικτον
592 2591 701 2631 ἔχοντες
730 2592 768 2633 τὸ
804 2592 913 2631 ἀγαθὸν,

87 2637 132 2665 καὶ
151 2637 275 2676 τρεπτόν.
299 2637 351 2669 Τὰς
373 2636 481 2669 ἐντολὰς
503 2636 581 2668 οἶδας
597 2645 604 2652 ⁸
624 2637 667 2670 Μὴ
687 2637 849 2676 μοιχεύσῃς,
872 2637 911 2674 μὴ

88 2683 230 2722 φονεύσῃς,
261 2682 299 2720 μὴ
328 2681 595 2721 ψεδδομαρτυρήσης,
622 2682 664 2709 καὶ
691 2682 723 2709 τὰ
745 2681 816 2715 ἑξῆς.
840 2681 911 2721 Πρό-

86 2739 162 2768 τερον
184 2729 198 2756 6
220 2727 302 2765 νόμος
323 2727 369 2765 τὰ,
389 2727 416 2755 ἔν
445 2727 489 2759 οῖς
512 2726 689 2766 εὖκολώτερον
718 2726 913 2766 ὀλισθαίνομεν,

85 2771 244 2812 διορθοῦται,
261 2774 321 2800 εἶτα
347 2773 380 2800 τὰ
408 2771 436 2800 ἐν
451 2774 493 2805 οἷς
509 2772 537 2800 οὒ
551 2771 658 2809 πολλοὶ,
682 2769 741 2799 οὒδὲ
770 2770 913 2812 πολλάκις,

85 2818 147 2846 οἷον
169 2818 200 2846 τὸ
236 2817 385 2857 μοιχεύειν,
421 2816 513 2851 inus-ii
541 2817 571 2844 τὸ
599 2816 649 2856 πῦρ
670 2816 713 2844 καὶ
742 2817 850 2856 φυτικὸν
873 2816 915 2845 xxi

957 2285 1048 2306 unum
1071 2285 1106 2306 ex
1133 2275 1234 2306 multis
1251 2274 1370 2306 habeas.
1399 2275 1480 2311 Quod
1507 2275 1531 2305 si
1554 2275 1608 2314 sic,
1632 2284 1690 2304 non
1715 2285 1780 2304 sum

957 2320 1065 2352 bonus.
1083 2319 1188 2351 Nullus
1205 2320 1284 2350 enim
1303 2320 1454 2350 hominum
1467 2319 1562 2350 bonus
1578 2320 1707 2359 proprie,
1725 2320 1782 2351 nisi

957 2375 1034 2396 unus
1049 2364 1230 2401 Deus.Quod
1242 2365 1267 2394 si
1280 2365 1389 2395 bonum
1403 2373 1450 2396 me
1461 2365 1563 2395 dicere
1578 2364 1630 2399 vis,
1644 2369 1675 2393 ut
1687 2365 1778 2395 Deum

960 2419 1007 2440 me
1023 2410 1133 2441 bonum
1159 2410 1262 2440 dicas:
1289 2420 1325 2439 ne
1343 2409 1468 2440 accedas
1494 2413 1527 2440 ut
1554 2409 1589 2440 ad
1614 2409 1779 2448 simplicem

957 2455 1121 2486 hominem.
1139 2454 1170 2486 Si
1188 2454 1267 2485 enim
1285 2464 1333 2484 me
1349 2463 1537 2486 communem
1554 2453 1712 2493 quemdam
1730 2454 1782 2483 ho-

958 2500 1068 2531 minem
1086 2504 1181 2540 putas,
1207 2509 1244 2530 ne
1257 2509 1344 2530 voces
1360 2499 1483 2530 bonum.
1503 2498 1582 2529 Deus
1609 2498 1687 2527 enim
1712 2507 1781 2528 vero

957 2544 1099 2577 bonus.et
1115 2545 1178 2575 fons
1190 2544 1373 2575 bonitatiset
1389 2543 1568 2583 principium
1581 2542 1781 2573 substantialis

958 2589 1117 2621 bonitatis:
1135 2599 1189 2620 nos
1206 2593 1303 2620 autem
1330 2588 1466 2619 homines
1487 2588 1557 2618 licet
1581 2587 1650 2617 boni
1675 2587 1779 2624 simus,

956 2644 1014 2664 non
1029 2638 1128 2665 tamen
1142 2636 1274 2674 proprie,
1292 2633 1343 2664 sed
1358 2632 1519 2672 participes
1531 2631 1670 2662 bonitatis
1691 2631 1779 2668 illius,

955 2679 1154 2720 promiscuam
1185 2679 1329 2709 habemus
1359 2678 1530 2714 bonitatem,
1563 2677 1782 2717 mutabiiosque

956 2723 1156 2755 sumus.Nosti
1170 2728 1331 2764 praecepta:
1343 2723 1407 2754 Non
1416 2722 1779 2763 committesadulterium,

956 2779 1016 2800 non
1029 2769 1161 2806 occides,
1179 2779 1238 2800 non
1253 2768 1358 2799 falsum
1372 2767 1584 2798 testimonium
1607 2767 1698 2803 dices,
1721 2772 1779 2799 etc.

957 2814 1043 2847 Prius
1055 2814 1100 2846 lex
1114 2815 1231 2854 ccrrigil
1246 2823 1279 2845 ea
1292 2813 1321 2844 in
1333 2823 1399 2854 quae
1410 2813 1493 2844 facile
1506 2813 1654 2844 catlimus:
1674 2813 1782 2842 deinde
