1966 3076
201 149 271 180 10H

680 149 731 179 ΤΗ
738 145 977 179 EOPHYLACTI
1000 145 1204 177 BULGARI/E
1227 146 1402 177 ARGHIEP.

1826 145 1899 177 101'!

197 217 285 247 etiam
302 226 336 247 ea
350 216 380 246 in
397 215 504 256 quibus
518 223 576 247 non
594 214 690 250 multi,
721 224 816 255 neque
831 214 939 254 saepius
955 223 961 243 :
983 217 1014 243 ut

1100 212 1180 250 Ξοθεν,
1209 214 1238 241 τὸ
1264 214 1394 253 φονεύειν,
1422 213 1515 247 ἐπειδὴ
1543 214 1612 252 μέγα
1639 215 1728 253 θηρίον
1752 215 1768 242 ὁ
1797 215 1900 249 θυμόξ”

200 265 243 291 est
261 260 440 291 adulterium
458 259 656 295 committere,
674 259 743 299 quia
757 259 833 298 ignis
844 257 986 290 naturalis
996 261 1024 288 et

196 305 331 335 internus
344 313 352 341 ;
369 304 518 341 occidere,
530 303 598 343 quia
611 303 686 334 mala
696 303 788 334 bestia
802 308 845 334 est
857 300 1024 334 ira.Furari

197 353 294 380 autem
311 349 402 379 levius
419 353 472 384 est,
488 353 517 380 et
541 349 570 379 in
590 348 695 378 falsum
714 348 914 379 testimonium
929 347 1023 378 rarius

197 393 334 424 incidere
345 393 503 432 contingit.
513 392 582 423 ideo
595 397 623 423 et
640 393 689 423 illa
704 393 823 432 quidem
842 392 922 432 prius
933 392 1023 422 corri-

197 442 317 478 guntur,
326 448 360 469 eo
376 438 455 478 quod
471 438 556 468 facile
567 438 596 468 in
612 437 661 468 illa
677 438 877 478 prolabamur,
889 436 1023 475 quamvis

196 483 306 523 alioqui
325 483 458 522 graviora
472 482 531 513 sint
564 482 633 513 Hm
645 487 755 519 autem,
774 482 883 513 furtum
900 482 978 518 dico,
995 486 1024 512 et

199 527 302 559 falsum
320 527 534 560 testimonium.
553 527 685 558 secundo
712 527 775 558 loco
802 526 894 567 ponit,
911 532 943 557 ut
959 536 1022 567 quze

196 573 518 611 rariuscontingant,et
530 572 641 602 leviora
652 572 722 602 sint.
736 571 827 603 Porro
838 571 867 602 in
884 575 1021 612 parentes

197 617 470 657 peccare,quamvis
479 616 634 655 sitgrande
647 621 1019 657 peccatum,verumtamen

196 663 293 692 rarius
310 662 464 701 contingit.
479 662 544 692 Non
561 661 639 691 enim
659 661 744 692 facile
761 661 909 692 invenitur
919 661 968 700 qui
981 661 1019 691 ita

198 706 371 737 bestialibus
383 705 516 736 moribus
523 706 607 741 sit,ut
617 705 647 735 in
659 710 797 746 parentes
808 705 1018 743 debacchetur,

197 751 282 791 pauci
294 751 372 781 enim
390 755 599 790 sunt,raroque
612 750 645 780 fit
659 759 665 781 :
681 754 710 780 et
726 750 792 780 ideo
812 750 958 790 posterius
969 760 1019 790 po-

197 797 413 838 nit.l’ostquam
426 801 523 827 autem
541 796 717 827 adolescens
732 806 764 827 se
775 797 875 827 omnia
883 797 943 827 haec
960 806 1020 828 ser-

1065 258 1100 286 Τὸ
1130 256 1157 285 δὲ
1183 257 1307 286 κλέπτειν
1334 257 1520 299 ἐλαφρότερον,
1549 260 1592 287 καὶ
1618 262 1653 297 τῇ
1682 258 1904 297 ψευδομαρτυρῖᾳ

1065 302 1205 334 σπανιάκις
1235 303 1401 341 περιπίπτειν
1423 302 1489 332 ἔστι.
1518 305 1564 331 Διὸ
1592 303 1684 332 ἐκεῖνα
1700 303 1747 342 μὲν
1765 303 1903 342 πρότερον

1064 345 1220 387 διορθοῦται,
1236 348 1284 376 οἶα
1305 347 1421 379 εὐκόλως
1454 348 1532 385 ἡμῶν
1559 349 1596 381 είς
1618 348 1710 377 ἐκεῖνα
1723 347 1904 376 ὁλισθαινόν-

1063 402 1127 426 των,
1158 393 1200 420 καὶ
1228 392 1315 424 ἄλλως
1337 393 1465 432 βαρύτερα
1487 392 1562 422 ὄντα.
1593 397 1679 422 Ταῦτα
1702 392 1743 432 δὲ,
1757 393 1816 426 τὴν
1834 392 1904 420 κλο-

1063 437 1117 470 πήν
1146 447 1228 477 φημι,
1259 437 1303 464 καὶ
1327 437 1376 471 τὴν
1399 436 1636 477 ψευδομαρτυρίαν,
1658 436 1748 476 δετέρα
1776 438 1903 471 τίθησιν,

1063 482 1099 512 ὡς
1122 482 1165 509 καὶ
1187 482 1326 513 σπανιάκις
1356 482 1511 519 ἀπατῶντα,
1542 484 1586 510 καὶ
1614 482 1791 522 ἐλαφρότερα.
1826 481 1906 510 Ἐπεὶ

1063 524 1090 552 δὲ
1107 526 1137 553 τὸ
1152 526 1188 557 είς
1204 533 1294 565 γονεῖς
1310 527 1483 566 ἁμαρτάνειν,
1502 528 1523 555 εἶ
1546 529 1589 555 καὶ
1605 527 1674 566 μέγα
1702 527 1773 554 ἐστὶν
1810 527 1905 563 ἀμαρ-

1062 581 1146 607 τημα,
1164 569 1224 598 ἀλλ’
1240 571 1283 599 οὖν
1299 572 1335 602 ὼς
1351 572 1389 609 μὴ
1405 572 1533 611 συχνάκις
1560 570 1706 609 συμϐαῖνον
1724 580 1731 587 ·
1756 570 1824 599 οὐδὲ
1855 573 1907 608 γὰρ

1062 617 1188 644 τοσοῦτον
1219 615 1356 654 θηριώδεις
1393 615 1509 648 εὖχόλως
1541 617 1705 656 εὑρίσκονται
1736 617 1760 643 οἱ
1783 614 1904 653 πολλοὶ,

1062 660 1098 691 ὡς
1129 661 1164 692 εἱς
1195 667 1284 699 γονεῖς
1311 668 1460 700 παροινεῖν,
1490 661 1549 689 ἀλλ’
1573 661 1708 701 ὀλιγάκις,
1732 662 1775 688 καὶ
1795 659 1903 697 ὀλίγον

1063 703 1170 743 ὕστερον
1203 705 1304 732 τούτων
1331 705 1458 734 τέθεικεν.
1489 701 1536 736 Ὠς
1565 704 1593 733 δὲ
1632 707 1645 733 ὁ
1667 706 1809 736 νεανίσκος
1838 705 1903 732 εἶπε

1062 752 1143 777 ταῦτα
1164 749 1250 777 πάντα
1271 749 1429 789 φυλάξασθαι
1459 750 1489 778 ἐκ
1519 750 1657 786 νεότητος,
1683 751 1714 778 τὸ
1743 749 1902 789 κεφάλαιον

1061 791 1167 821 πάντων
1196 794 1246 827 τήν
1261 794 1449 831 ἆκτημρσύνην
1465 796 1478 822 ὁ
1505 795 1599 833 Κύριος
1627 795 1697 831 αὒτῷ
1725 795 1899 822 ὑποτίθεται.

197 851 283 872 νδεςθ
299 832 372 872 diiit
397 851 414 872 a
435 842 602 881 jliVentute,
621 842 801 882 praescripsit
825 846 854 871 et
880 842 1015 872 Dominus

1100 849 1135 874 ιρα
1163 837 1190 866 δὲ
1224 839 1319 875 νόμους
1357 832 1548 879 Χριστιανιχῆςν
1572 838 1706 869 πολιτείας
1749 842 1788 875 τῷ
1827 838 1900 876 ὄντι,

198 890 504 926 paupertatem,caput
517 886 650 916 omnium
666 886 817 917 virtutum.
836 886 909 917 Vide
921 891 1018 917 autem

198 930 292 970 legem
305 931 471 962 Christiana
482 930 538 960 vita
554 929 690 969 dignam:
709 931 816 962 Omnia
825 940 1019 972 quaecumque

197 975 290 1005 habes
305 974 511 1015 vende.inquit
526 983 533 1011 ',
550 983 616 1005 nam
634 975 658 1005 si
675 975 745 1015 quid
761 975 928 1015 reliqueris,
940 975 1020 1006 illius

197 1028 299 1050 servus
311 1028 352 1050 es.
371 1019 406 1050 Et
420 1019 564 1049 distribue
577 1029 636 1049 non
650 1019 790 1050 divitibus
805 1020 948 1060 cognatis,
966 1019 1019 1050 sed

197 1064 387 1104 pauperibus.
410 1063 505 1094 Habet
519 1068 616 1094 autem
634 1067 664 1094 et
684 1064 879 1095 distribuendi
897 1064 1016 1096 verbum

196 1109 360 1149 emphasim
372 1109 544 1149 quamdam,
557 1112 588 1139 ut
603 1118 670 1140 cum
686 1108 943 1149 dijudicatione,et
959 1119 1017 1140 non

195 1153 316 1184 fortuito
333 1153 539 1193 dispergantur
554 1153 642 1184 bona.
665 1154 735 1184 458
757 1153 901 1190 Quoniam
919 1158 1016 1184 autem

196 1207 262 1228 cum
276 1203 444 1238 paupertate
453 1203 478 1228 el
486 1198 558 1228 alias
569 1198 678 1229 habere
686 1199 806 1229 virtutes
816 1199 1015 1230 Christianum

196 1247 483 1283 oportet,propterea
495 1243 583 1273 dicit:
600 1242 635 1273 Et
650 1243 727 1276 veni.
743 1252 868 1283 sequere
878 1253 943 1274 me:
962 1244 1018 1274 hoc

196 1291 250 1324 est,
269 1293 297 1318 et
311 1288 339 1317 in
359 1287 498 1318 omnibus
513 1287 580 1318 aliis
604 1291 666 1318 esto
692 1288 855 1327 discipulus
876 1297 972 1326 meus,
988 1293 1018 1319 et

194 1341 313 1371 semper
327 1340 463 1371 sequere,
482 1341 540 1361 non
567 1331 655 1362 hodie
680 1332 812 1372 quidem,
831 1342 896 1363 cras
918 1340 1015 1364 autem

194 1375 305 1406 non.Ut
313 1379 410 1406 autem
424 1385 510 1406 avaro
524 1377 817 1416 promisitccelestem
833 1377 1015 1416 thesanrum,

194 1421 249 1451 sed
262 1430 318 1450 non
329 1421 454 1451 attendit
465 1420 526 1451 ille:
539 1429 642 1450 servus
653 1423 730 1451 enim
741 1426 804 1452 erat
813 1422 1014 1460 pecuniarum:

192 1465 261 1495 ideo
278 1470 305 1495 et
318 1464 558 1503 utaurlivit,abiit
569 1465 672 1505 tristis,
683 1475 717 1496 eo
731 1466 807 1506 quod
821 1466 1017 1506 possessionis

194 1509 314 1549 privatio
327 1513 406 1540 esset
417 1509 445 1539 ei
456 1509 672 1549 dicta,propter
686 1519 774 1550 quam
791 1510 856 1550 ipse
874 1515 1014 1541 aeternam
1025 1523 1044 1547 ο

191 1556 278 1584 vitam
295 1554 453 1590 desiderat,
467 1563 524 1593 quo
549 1554 642 1593 possit
659 1559 803 1594 perpetuo
819 1555 929 1586 divitiis
945 1556 1012 1587 frui.

193 1599 336 1629 Caeterum
355 1603 382 1628 et
397 1598 514 1628 tristitia
529 1599 624 1637 arguit
640 1608 706 1629 eum
723 1599 897 1631 benevolum
911 1604 941 1630 et
955 1610 1013 1631 non

192 1643 352 1682 malignum
371 1643 472 1674 fuisse.
498 1643 603 1674 Nullus
629 1643 706 1673 enim
725 1643 938 1675 Pharisazoaum
956 1655 1013 1675 un-

192 1697 281 1726 quam
305 1687 397 1718 tristis
419 1687 501 1725 abiit,
524 1687 575 1717 sed
599 1695 788 1727 exasperatus
813 1689 920 1728 potius.
948 1690 1013 1720 Non

191 1732 296 1771 ignoro
306 1735 404 1762 autem
412 1732 490 1772 quod
504 1741 640 1771 magnum
653 1732 799 1764 luminare
811 1733 911 1763 mundi
924 1734 1016 1774 Chry-

192 1781 340 1807 sostomus
355 1776 574 1807 adolescentem
591 1777 671 1808 hunc
687 1786 754 1808 vere
769 1781 907 1808 aeternam
924 1779 1014 1808 vitam

192 1820 378 1851 desiderasse
390 1821 629 1861 putarit,etquod
639 1822 718 1852 illam
731 1823 850 1862 quidem
861 1823 1013 1860 amaverit,

192 1865 344 1897 laborasse
359 1870 456 1897 autem
471 1866 638 1898 difficiliore
653 1867 755 1897 morbo
768 1868 896 1899 avaritia
910 1878 916 1898 :
935 1868 1014 1898 nihi-

191 1911 319 1942 lominus
337 1921 396 1942 non
419 1915 500 1942 caret
522 1912 617 1951 gratia
633 1913 708 1952 quod
726 1921 783 1943 non
796 1913 943 1952 adjectum
959 1918 1013 1948 est,

190 1957 266 1997 quod
279 1960 416 1996 tanquam
426 1965 530 1986 avarus
537 1956 627 1986 vitam
637 1961 777 1987 aeternam
788 1957 1013 1988 desideraverit.

232 2002 322 2032 Vens.
337 2001 374 2032 ‘24
391 2000 578 2032 30.«Videns
589 2005 685 2031 autem
695 2003 779 2032 Jesus
792 2001 874 2032 illum
888 2012 1015 2033 mmrore

188 2045 425 2076 allectumdixit:
440 2044 532 2080 Quam
544 2044 666 2076 difficile
677 2046 726 2085 qui
738 2046 878 2086 pecunias
890 2047 1012 2084 habent,

189 2091 218 2120 in
234 2099 358 2129 regnum
373 2088 425 2119 Dei
437 2089 611 2120 intrabunt!
631 2090 757 2121 Facilius
769 2093 901 2121 estenim
918 2101 1013 2122 came-

186 2135 247 2164 lum
267 2143 320 2174 per
334 2134 466 2164 foramen
479 2143 552 2164 acus
568 2135 706 2172 transire,
725 2145 811 2175 quam
825 2135 946 2167 divitem
963 2137 1011 2167 in-

1061 883 1150 911 Πάντα
1172 882 1222 911 ὅσα
1244 883 1317 923 ἔχεις
1339 884 1479 919 πώλησον,
1496 884 1574 923 φησίν
1593 891 1600 898 “
1631 885 1653 911 εί
1675 884 1725 923 γάρ
1740 895 1765 911 τι
1789 883 1900 911 ἐναπο-

1062 927 1153 966 μείνῃ,
1177 927 1277 957 ἐκείνου
1298 927 1390 960 δοῦλος
1420 928 1448 956 εἶ
1466 935 1474 943 ⁸
1505 929 1549 956 καὶ
1576 926 1676 964 διάδος,
1701 928 1730 956 οὗ
1752 927 1901 966 συγγενέσι

1061 969 1207 1004 πλουσίοις.
1233 971 1302 1000 ἀλλὰ
1323 980 1461 1012 πτωχοῖς.
1479 975 1562 1010 Οἶμαι
1577 971 1603 1000 δὲ
1619 972 1659 1000 ὅτι
1674 973 1719 1000 καὶ
1734 983 1765 1000 το
1783 970 1900 1006 Δωτίδος,

1062 1015 1175 1057 ἔμφασιν
1204 1016 1262 1057 ἔχει
1291 1023 1337 1048 τοὺ
1366 1019 1434 1056 μετὰ
1463 1019 1584 1057 κρίσεως,
1615 1019 1659 1046 χαὶ
1685 1019 1723 1055 μὴ
1738 1019 1776 1049 ὡς
1797 1017 1898 1056 ἔτυχε,

1059 1061 1104 1090 τὸν
1126 1062 1179 1090 τῶν
1208 1063 1358 1102 χρημάτων
1388 1064 1552 1102 σκορπισμὸν
1578 1064 1725 1092 ποιεῖσθαι.
1756 1062 1840 1091 Ἐπεὶ
1870 1060 1898 1089 δέ

1058 1106 1105 1133 σὺν
1126 1109 1159 1144 τῇ
1188 1106 1361 1145 ἀκτημοσύνῃ
1377 1106 1418 1135 δεῖ
1432 1108 1477 1135 καὶ
1491 1107 1542 1140 τὴν
1571 1106 1657 1140 ἄλλην
1681 1107 1777 1146 ὁρετὴν
1801 1109 1896 1134 πᾶσαν

1059 1157 1196 1189 προσεῖναι
1212 1155 1250 1188 τῷ
1272 1152 1410 1192 ἀνθρώπῳ,
1441 1151 1483 1180 διὰ
1505 1155 1582 1180 τοῦτο
1613 1154 1674 1180 εἷπε
1691 1159 1698 1166 ⁸
1733 1152 1783 1180 Καὶ
1817 1150 1894 1189 δεῦρο

1058 1194 1195 1224 ἀκολούθει
1225 1207 1282 1233 μοι,
1304 1196 1434 1233 τουτέστι,
1471 1198 1519 1225 Καὶ
1553 1196 1580 1224 ἐν
1607 1200 1672 1224 πᾶσι
1701 1202 1761 1228 τοῖς
1792 1195 1893 1225 ἄλλ’-ις

1059 1239 1114 1268 ἴσθι
1144 1242 1266 1278 μαθητὴς
1296 1241 1371 1278 ἐμὸς,
1401 1245 1445 1270 καὶ
1468 1241 1508 1269 ἀεὶ
1534 1240 1681 1277 ἀκολούθει,
1710 1241 1749 1278 μὴ
1765 1242 1891 1279 σήμερον

1059 1284 1121 1325 μὲν,
1152 1284 1239 1324 αῧριον
1255 1284 1278 1313 δ’
1294 1285 1334 1316 οὗ.
1361 1282 1406 1318 Ὠς
1435 1285 1462 1313 δὲ
1491 1285 1688 1325 φιλοχρημάτῳ
1702 1285 1892 1324 ἐπηγγείλατο

1059 1329 1104 1357 τὸν
1125 1331 1152 1357 ὶν
1182 1330 1304 1369 οὐρανοῖς
1324 1331 1468 1369 θησαυρὸν,
1491 1329 1550 1357 ἀλλ’
1573 1330 1603 1357 οὗ
1624 1329 1775 1369 προσέσχεν
1799 1331 1814 1357 ὁ
1838 1329 1890 1369 ἄρα

1060 1385 1129 1413 lum,
1161 1373 1251 1405 δοῦλος
1280 1375 1329 1413 γὰρ
1344 1374 1376 1407 ἦν
1391 1377 1443 1402 τῶν
1458 1374 1621 1414 χρημάτων,
1647 1373 1686 1402 διο
1709 1375 1752 1402 καὶ
1768 1374 1891 1405 ἀκούσας

1059 1417 1190 1453 ἐλυπήθη,
1208 1417 1247 1446 ὅτι
1263 1418 1386 1457 στέρησιν
1418 1420 1488 1456 αὒτῴ
1518 1421 1567 1451 τῆς
1582 1419 1702 1453 κτήσεως
1719 1419 1887 1457 εἰσηγεῖται,

1059 1461 1123 1490 ὅπου
1152 1473 1182 1501 γε
1208 1464 1285 1494 αὐτὸς
1307 1464 1351 1491 καὶ
1373 1464 1421 1497 τῆς
1444 1464 1548 1492 αἰωνίου
1569 1465 1640 1498 ζωῆς
1663 1463 1704 1490 διὰ
1726 1467 1807 1492 τοῦτο
1824 1463 1888 1491 ἐπι-

1057 1508 1150 1544 θυμεῖ,
1174 1508 1210 1539 ὡς
1234 1508 1264 1535 ἂν
1287 1508 1329 1536 ἐπὶ
1352 1508 1420 1535 πολὺ
1443 1511 1476 1546 τῇ
1497 1511 1548 1535 τῶν
1576 1508 1726 1547 χρημάτων
1748 1508 1890 1547 περιουσίᾳ

1055 1553 1099 1580 καὶ
1129 1553 1239 1584 αἰωνίως
1268 1552 1386 1589 ἐμϐιοίη.
1419 1554 1466 1582 Καὶ
1510 1553 1541 1580 τὸ
1569 1552 1722 1586 λυπηθήναι
1751 1552 1779 1580 δὲ
1806 1554 1888 1581 αὐτὸν

1056 1597 1219 1636 εὐγνώμονα,
1251 1597 1309 1625 ἀλλ’
1329 1599 1358 1625 οὒ
1376 1601 1522 1636 πανουργον
1546 1596 1687 1630 ὑποδηλοῖ.
1717 1597 1808 1629 05551:
1825 1602 1890 1637 γοῦν

1055 1645 1107 1669 τῶν
1132 1643 1280 1681 Φαρισαίων
1302 1641 1420 1676 ἐλυπήθη
1437 1642 1513 1678 ποτε,
1532 1641 1599 1670 ἀλλὰ
1614 1641 1716 1679 μᾶλλον
1731 1641 1884 1681 ἠγρίαινον.

1055 1686 1108 1715 Οὐκ
1136 1686 1223 1725 ἀγνοῶ
1251 1686 1289 1724 δὲ,
1314 1686 1354 1714 ὅτι
1373 1687 1386 1714 ὃ
1406 1686 1489 1725 μέγας
1511 1687 1559 1720 τῆς
1590 1686 1745 1724 οἰκουμένης
1770 1687 1887 1726 φωστὴρ

1057 1731 1070 1758 ὁ
1099 1735 1213 1770 χρυσοῦς
1238 1732 1286 1765 τὴν
1302 1730 1422 1770 γλῶτταν
1443 1734 1492 1764 τῆς
1516 1731 1597 1763 ὄντως
1619 1731 1724 1759 αἰωνίου
1739 1731 1812 1767 ζωῆς
1828 1731 1887 1760 ἑπι-

1056 1776 1150 1812 Θυμεῖν
1177 1776 1223 1803 τὸν
1249 1776 1383 1803 νεανίσκον
1409 1779 1500 1804 τοῦτον
1529 1774 1644 1812 ἐδέξατο,
1677 1776 1720 1803 καὶ
1741 1777 1804 1815 ἒρᾷν
1837 1778 1887 1814 μὲν

1058 1820 1153 1857 αὐτῆς,
1175 1819 1336 1860 κατέχεσθαι
1365 1819 1391 1848 δὲ
1423 1821 1498 1848 πάθει
1528 1821 1626 1856 μείζονι
1651 1823 1684 1858 τῇ
1699 1820 1860 1860 οιλαργυρίᾳ
1877 1829 1884 1835 ·

1057 1864 1127 1899 πλὴν
1144 1867 1190 1894 οὐκ
1205 1864 1285 1904 ἄχαρι
1307 1865 1350 1892 καὶ
1366 1865 1380 1892 ὃ
1395 1869 1438 1892 νῦν
1460 1865 1615 1904 προσετέθη,
1634 1864 1674 1893 ὅτι
1690 1866 1725 1896 ὼς
1741 1867 1886 1906 φιλοχρήο

1057 1920 1141 1946 ματος
1157 1910 1279 1947 ἐπεθύμει
1295 1912 1366 1945 ζωῆς
1383 1910 1498 1940 αἰωνίου.

1100 2010 1112 2025 α
1138 1997 1210 2027 Ἰδὼν
1235 1997 1262 2026 δὲ
1287 1999 1363 2027 αὐτὸν
1389 2000 1402 2027 ὁ
1435 1997 1536 2032 Ἰησοῦς
1556 1998 1699 2038 περίλυπον
1723 1999 1883 2038 γενόμενον,

1055 2045 1116 2071 εἷπε
1136 2053 1143 2059 ⁸
1163 2046 1222 2074 llth
1237 2041 1371 2074 δυσκόλως
1387 2045 1408 2072 οἱ
1424 2044 1455 2071 τὰ
1471 2044 1600 2083 χρήματα
1617 2043 1736 2082 ἔχοντες,
1761 2043 1883 2072 εῐσελεὺ-

1056 2098 1145 2116 τονται
1167 2089 1203 2119 εἰς
1219 2090 1268 2118 τὴν
1296 2087 1429 2116 ϐασιλείαν
1445 2092 1491 2116 τοῦ
1513 2087 1596 2118 Θεοῦί
1620 2089 1809 2126 Εὐκοπώτερον
1833 2090 1883 2128 γὰρ

1055 2132 1110 2160 ἐστι
1139 2131 1261 2169 κάμηλον
1306 2131 1347 2160 διὰ
1386 2131 1533 2172 τρυμαλιᾶς
1562 2132 1667 2173 ῥαφίδος
1697 2132 1825 2170 διελθεῖν,
1865 2134 1883 2167 ἦ

187 2183 266 2209 trare
283 2179 312 2209 in
328 2187 452 2217 regnum
470 2177 534 2209 Dei.
553 2180 587 2210 Et
602 2178 742 2210 dixerunt
757 2180 805 2220 qui
830 2180 985 2211 audierant
1003 2192 1009 2212 :

1100 2179 1179 2205 ιύσιον
1209 2177 1244 2208 εἰς
1273 2177 1322 2211 τὴν
1351 2177 1486 2215 βασιλείου
1508 2181 1554 2206 τοῦ
1577 2179 1643 2206 Θεοῦ
1656 2177 1798 2209 εἰσελθεῖν,
1835 2180 1884 2206 Εἶ-

185 2223 221 2254 Ει
232 2223 297 2262 quis
310 2226 405 2263 potest
424 2222 521 2254 salvus
537 2223 627 2253 ﬁeri?
643 2225 680 2255 At
702 2223 755 2254 ille
769 2225 811 2255 ait
833 2235 840 2254 :
867 2225 937 2261 Quae
954 2226 1012 2256 im-

188 2268 342 2308 possibilia
357 2272 426 2298 sunt
439 2268 516 2307 apud
534 2268 682 2309 homines,
695 2269 846 2309 possibilia
857 2271 1011 2310 suntapud

185 2313 291 2345 Deum.
308 2313 356 2344 Ait
370 2317 470 2344 autem
496 2314 598 2344 Petrus
623 2323 630 2343 ε
661 2313 737 2344 Ecce
761 2324 815 2345 nos
838 2315 1013 2356 reliquimus

184 2358 294 2389 omnia.
308 2357 363 2394 Qui
379 2357 452 2388 dixit
466 2357 529 2388 eis:
547 2358 643 2389 Amen
659 2358 726 2389 dico
743 2359 840 2397 vobis,
858 2369 948 2390 nemo
968 2357 1013 2392 esl

185 2403 235 2443 qui
250 2402 369 2443 reliquit
385 2402 518 2442 domum,
534 2406 585 2433 aut
599 2408 747 2444 parentes,
758 2408 809 2435 aut
826 2406 943 2442 fratres,
961 2409 1012 2436 aut

185 2457 317 2483 uxorem,
330 2452 380 2478 aut
396 2447 506 2478 liberos
523 2452 645 2488 propter
662 2458 785 2488 regnum
803 2450 867 2486 Dei,
884 2450 935 2490 qui
952 2460 1010 2481 non

184 2497 361 2532 recepturus
376 2492 415 2522 sit
431 2492 522 2522 multo
540 2492 624 2532 plura
649 2493 678 2523 in
697 2494 752 2524 huc
775 2498 920 2534 tempore,
937 2499 966 2525 et
982 2497 1010 2526 in

183 2542 306 2569 venturo
323 2537 431 2568 saeculo
443 2536 532 2567 vitam
548 2544 701 2569 aeternam.
723 2551 734 2566 ν
758 2538 914 2578 Postquam
931 2540 1011 2570 dives

181 2582 297 2614 audivit
314 2582 496 2622 abjiciendas
512 2582 639 2615 divitias.
659 2592 785 2614 maerore
805 2584 927 2614 affectus
940 2589 985 2616 est
1003 2600 1009 2621 ς

182 2628 261 2659 umle
274 2627 346 2658 dicit
357 2627 500 2658 Dominus
510 2626 677 2657 admirabili
688 2628 781 2666 ﬁgura
793 2629 940 2668 quomodo
953 2629 1012 2659 dif-

180 2673 258 2704 ﬁcile
269 2672 306 2703 sit
317 2672 462 2703 habentes
475 2671 620 2711 pecunias
636 2672 663 2702 in
679 2681 802 2709 regnum
812 2673 953 2704 caelorum
963 2674 1009 2704 in-

179 2718 274 2757 gredi.
287 2717 350 2748 Non
365 2717 436 2747 dicit
452 2716 529 2756 quod
551 2716 736 2755 impossibile
754 2717 791 2748 sit
811 2727 862 2748 eos
881 2718 1007 2757 ingredi,

179 2762 231 2794 sed
244 2762 367 2792 difﬁcile
383 2761 447 2792 Non
461 2761 540 2792 enim
553 2760 738 2800 impossibile
750 2763 909 2794 estsalvari
923 2763 1007 2794 tales.

181 2807 326 2838 Possibile
341 2806 419 2838 enim
447 2805 617 2845 expendere
639 2807 810 2845 pecuniam,
827 2811 855 2839 et
879 2817 1008 2849 superna

1054 2233 1104 2250 πον
1133 2221 1159 2249 δὲ
1182 2224 1205 2250 οἷ
1221 2222 1380 2255 ἀκούσαντες
1397 2232 1404 2239 ·
1431 2224 1478 2251 Καὶ
1495 2223 1532 2254 τίς
1549 2222 1653 2251 δύναται
1677 2224 1794 2256 σωθῆναι
1809 2231 1818 2258 ς
1845 2218 1852 2228 ”
1863 2227 1884 2251 0

1055 2265 1081 2293 δὲ
1109 2267 1172 2295 εἷπε
1190 2276 1196 2282 “
1226 2267 1263 2296 Τὰ
1294 2266 1405 2295 ἀδύνατα
1432 2268 1503 2306 παρᾶ
1531 2267 1689 2306 ἀνθρώποις.
1713 2266 1810 2295 δυνατά
1826 2268 1884 2295 ἔστι

1055 2312 1125 2350 παρὰ
1140 2315 1178 2349 τῷ
1195 2315 1264 2348 Ωεῴ.
1290 2312 1359 2340 Εἷπε
1374 2311 1400 2339 δὲ
1425 2313 1438 2340 ὁ
1458 2312 1556 2348 Πέτρος
1576 2320 1581 2326 ·
1613 2311 1677 2340 Ἰδοὺ
1693 2313 1775 2349 ἡμεῖς
1792 2312 1883 2351 ἆφτή-

1055 2365 1140 2392 καμεν
1166 2356 1262 2385 πάντα.
1295 2351 1324 2384 Ὀ
1346 2354 1373 2383 δὲ
1395 2358 1471 2384 εἶπεν
1494 2357 1564 2393 αὖτῴ
1582 2368 1587 2373 ·
1608 2356 1692 2393 Ἀμὴν
1714 2355 1786 2394 λέγω
1801 2357 1879 2395 ξιμῗν,

1054 2399 1094 2428 ὅτι
1120 2399 1202 2432 οὐδείς
1218 2400 1300 2437 ἐστιν,
1325 2401 1352 2433 ὃς
1376 2400 1476 2440 ἀφῆκεν
1499 2401 1594 2438 οἰκίαν,
1612 2401 1628 2435 ἢ
1644 2407 1747 2440 γονεῖς,
1798 2399 1877 2428 ἀδελ-

1053 2445 1128 2484 φοὺς,
1148 2445 1165 2479 ἢ
1181 2453 1305 2484 γυναῖκα,
1338 2445 1355 2479 ἢ
1381 2446 1458 2474 τέκνα
1484 2445 1571 2474 ἕνεκεν
1593 2449 1641 2479 τῆς
1668 2445 1803 2484 βασιλείας
1833 2456 1878 2473 του

1053 2494 1128 2527 Θεοῦι
1146 2491 1174 2522 ὃς
1200 2491 1229 2518 οὗ
1251 2491 1290 2528 μὴ
1305 2489 1428 2529 ἀπολάϐῃ
1459 2490 1675 2519 πολλαπλασίονα
1697 2491 1723 2518 ὲν
1739 2493 1777 2527 τῷ
1794 2494 1878 2529 καιρῴ

1053 2535 1147 2572 τούτῳ,
1165 2537 1208 2564 καὶ
1230 2535 1257 2563 ἐν
1279 2539 1317 2573 τῷ
1332 2536 1406 2564 αίῶνι
1422 2540 1459 2573 τῷ
1474 2536 1614 2575 ἐρχομένῳ
1628 2536 1700 2571 ζωὴν
1716 2535 1834 2565 αἰώνιον.
1863 2548 1875 2562 ι

1054 2578 1163 2614 Ἐπειδὴ
1194 2581 1207 2608 ὁ
1236 2580 1361 2613 πλούσιος
1401 2581 1514 2611 ἀκούσας
1543 2581 1592 2614 τὴν
1621 2584 1674 2608 τῶν
1699 2581 1877 2619 ὑπαρχόντων

1053 2625 1203 2659 ἀπόκτησιν
1242 2625 1373 2662 ἐλυπήθη,
1418 2626 1496 2665 φησὶν
1525 2626 1538 2653 ὁ
1579 2626 1671 2664 Κύριος
1706 2627 1879 2662 θαυμαστικῷ

1052 2672 1090 2706 τῷ
1121 2670 1256 2708 σχήματι,
1279 2673 1339 2701 Πῶς
1355 2669 1490 2700 δυσκόλως
1506 2671 1529 2697 οἱ
1551 2670 1584 2697 τὰ
1610 2670 1739 2709 χρήματα
1755 2668 1876 2708 ἔχοντες,

1051 2713 1244 2742 εἰσελεύσονται
1261 2715 1296 2743 εἷς
1319 2715 1368 2748 τὴν
1397 2714 1533 2752 βασιλείαν
1562 2718 1609 2742 του
1638 2713 1721 2742 Θεοῡί
1739 2713 1788 2742 οὐκ
1803 2714 1878 2742 εἶπεν

1050 2758 1090 2787 ὅτι
1112 2757 1244 2791 ἀδυνάτως
1274 2759 1381 2800 ἔχουσιν
1403 2759 1544 2796 εἰσελθεῖν,
1573 2758 1641 2786 ἀλλὰ
1662 2757 1812 2790 δυσκόλως.
1845 2761 1879 2788 0'3

1050 2807 1098 2846 γὰρ
1127 2803 1251 2834 ἀδύνατον
1276 2805 1390 2839 σωθῆναι
1417 2805 1476 2837 τοὺς
1505 2805 1648 2836 τοιούτους.
1683 2804 1801 2832 Δυνατὸν
1831 2804 1878 2844 γὰρ
