1966 3076
193 169 269 208 1027

675 169 973 208 THEOPHYLAC'I‘I
996 169 1202 204 BULGARI/E
1223 170 1402 206 ARCHIEP.

1822 172 1900 205 10‘28

194 243 360 275 astantibus
371 242 578 274 dixitzAuferte
594 242 630 273 ab
644 242 692 274 illo
710 242 832 283 minam,
846 247 874 273 et
890 242 959 273 date

1123 241 1225 270 ιστῶσιν
1244 244 1321 271 εἶπεν
1339 253 1346 260 ·
1363 237 1468 282 ’Ἄρατε
1496 242 1542 271 ἄπ’
1574 242 1652 273 αὖτοῦ
1666 243 1716 277 τὴν
1732 246 1820 281 μνᾶν,
1857 243 1899 269 καὶ

192 289 239 328 qui
255 288 357 318 deaem
372 287 467 318 minas
480 288 581 319 habet.
603 288 638 318 Et
659 287 795 318 dixerunt
810 287 837 317 ei
855 296 861 319 :
879 286 1016 326 Domine,

191 334 277 363 habet
290 332 394 363 decem
412 332 518 364 minas.
536 331 605 363 Dico
631 331 723 365 vobis.
750 331 827 372 quod
853 331 935 362 omni
961 332 1015 361 ha-

191 377 270 408 benti
291 376 420 414 dabitur,
445 376 481 407 ab
499 386 533 408 eo
549 381 648 407 autem
664 376 713 416 qui
731 385 789 406 non
807 375 905 412 habet,
925 375 1013 406 etiam

189 421 265 460 quod
283 420 629 461 habet,auferetur.Quin
646 419 783 451 inimicos
793 429 876 450 meos
886 420 952 450 illos
963 420 1013 460 qui

189 465 349 496 noluerunt
361 475 408 496 me
428 475 554 505 regnare
570 475 659 505 super
670 474 712 501 se,
731 465 879 504 adducite,
898 466 967 501 huc,
985 469 1014 496 et

188 510 344 541 interficite
368 515 436 540 ante
463 520 520 542 me.
552 509 585 540 Et
611 510 658 541 his
684 509 769 540 dictis
796 509 854 539 ibat
885 519 1012 549 pergens

186 555 349 586 ascendere
381 554 625 595 Hierosolymam.
651 567 662 582 ο
691 553 762 585 Cum
796 554 945 585 rediturus
968 559 1013 585 est

187 599 320 630 Christus
336 608 498 638 generosus
513 599 563 630 ille
575 599 776 630 etsecundum
789 599 949 629 humanam
960 609 1011 630 na-

187 649 334 681 turam,ex
351 644 433 683 regio
447 645 526 674 enim
541 653 650 683 genere
663 643 1013 680 descenditDominus,et

187 689 351 719 secundum
367 688 572 724 divinam,hoc
586 688 674 723 est.in
691 688 822 718 secundo
833 689 895 727 ejus
906 689 1013 719 adven-

187 737 228 773 tu,
246 733 365 771 quando
380 731 535 773 apparebit
557 743 606 763 rex
635 742 702 763 cum
732 733 846 772 angelis
868 733 897 763 in
919 732 1013 772 gloria

186 776 278 808 Patris
297 777 427 810 veniens.
447 783 476 808 et
496 787 585 808 omne
607 787 683 817 genu
706 777 845 808 ﬂectetur
868 777 894 807 ei
913 786 919 809 :
942 781 1012 808 tunc

185 832 256 853 sane
271 823 306 853 ad
319 823 466 853 rationem
493 822 600 862 adiget,
626 831 676 853 eos
703 823 752 862 qui
779 822 855 852 dona
883 831 1010 862 accepe-

1059 284 1118 313 δότε
1145 289 1184 323 τῷ
1211 287 1258 319 τὰς
1286 285 1349 315 δέκα
1379 291 1445 325 μνᾶς
1467 287 1572 328 ἔχοντι,
1605 289 1653 316 Καὶ
1681 288 1762 316 εἶπον
1793 287 1875 323 αὐτῷ
1892 297 1899 304 ·

1059 330 1149 370 Κύριε,
1174 329 1237 358 δέκα
1265 334 1333 369 μνᾶς
1362 331 1434 372 ἔχει,
1466 332 1542 371 Λέγω
1570 332 1646 372 ὕμιν,
1679 332 1718 360 ὃτι
1743 332 1830 360 παντὶ
1864 333 1902 366 τῷ

1057 373 1148 414 ἔχοντι
1177 373 1329 413 δοθήσεται,
1374 375 1427 404 ἀπὸ
1464 375 1491 404 δὲ
1518 381 1566 405 τοῦ
1587 377 1625 414 μὴ
1655 376 1779 416 ἔχοντος,
1809 376 1862 403 καὶ
1890 377 1902 402 ὂ

1056 418 1127 458 ἔχει,
1156 419 1298 458 ἀρθήσεται
1320 420 1366 449 ἀπ’
1398 420 1488 452 αὑτοῦ,
1519 421 1593 454 Πλὴν
1621 423 1682 452 τοὺς
1705 421 1824 460 ἐχθρούς
1849 431 1902 457 μω

1054 462 1167 496 ὲκεὶνους
1197 465 1258 492 τοῦ)
1295 465 1333 502 μὴ
1381 464 1544 500 θελήσαντάς
1581 476 1613 503 με
1649 465 1809 504 βασιλεῦσαι

1054 508 1156 544 αὐτοῖς,
1187 508 1299 548 ἀγάγετε
1337 508 1400 549 ὧδε,
1445 510 1489 538 καὶ
1516 510 1699 550 κατασφάξατε
1734 509 1898 548 ἔμπροσθέν

1054 563 1114 589 μου.
1147 553 1195 581 Καὶ
1225 553 1306 581 εἰπὼν
1336 558 1428 590 ταῦτα,
1464 553 1603 593 ἐπορεύετο
1625 554 1780 594 ἔμπροσθεν,
1819 553 1895 581 ἂνα-

1053 595 1149 624 6αίνων
1185 598 1222 629 εἰς
1267 593 1451 636 Ἰεροσόλυμα.
1481 610 1495 627 ι
1535 597 1581 627 Ἐν
1608 602 1646 636 τῷ
1682 593 1894 638 νὲπανέρχεσῦαι

1053 641 1143 677 αὐτὸν,
1160 643 1174 669 ὁ
1202 643 1313 682 Χριστὸς
1343 644 1356 671 ὁ
1386 644 1507 682 εὐγενὴς,
1538 645 1582 671 καὶ
1611 644 1678 672 κατὰ
1699 645 1729 671 τὸ
1750 643 1896 682 ἀνθρώπι-

1054 695 1110 722 νον,
1137 686 1167 713 ἐκ
1195 686 1333 725 βασιλικοῦ
1366 688 1416 728 γὰρ
1449 688 1541 727 γένους
1567 689 1701 726 κατήγετο
1728 689 1742 716 ὁ
1772 689 1894 727 Κύριος,

1054 731 1097 758 καὶ
1124 732 1193 761 κατὰ
1214 733 1244 760 τὸ
1273 734 1356 772 θεῖον,
1379 733 1526 771 τουτέστιν,
1550 732 1577 761 ἐν
1606 735 1640 771 τῇ
1670 732 1774 772 δευτέρᾳ
1808 733 1896 761 αὑτοῦ

1054 773 1166 813 ἐλεύσει,
1198 775 1242 804 ὅτε
1265 777 1410 816 φανήσεται
1433 777 1557 815 βασιλεὺς
1579 778 1646 816 μετὰ
1681 780 1733 805 τῶν
1758 777 1894 816 ἀγγέλων

1054 819 1080 847 ἐν
1102 823 1136 858 τῇ
1167 820 1229 858 δόξῃ
1254 826 1300 851 τοῦ
1335 823 1436 862 [ἰατρὸς
1476 823 1635 862 ἐρχόμενος,
1665 823 1708 850 καὶ
1734 825 1786 850 πᾶν
1821 822 1892 861 γόνυ

186 871 264 904 runt,
283 872 310 897 et
327 867 494 898 invenietur
508 877 583 897 unus
599 868 718 903 quidem
739 867 838 897 multis
852 867 962 906 profuis

1113 867 1153 902 ⁷ὶιει
1183 865 1264 902 αὐτῷ,
1285 867 1345 894 τότε
1367 866 1399 900 δὴ
1426 867 1485 895 τότε
1515 868 1559 895 καὶ
1587 867 1648 898 τοὺς
1669 867 1701 894 τὰ
1722 867 1889 906 χαρίσματα

186 916 214 941 et
231 911 433 952 decupticasse
450 912 573 947 donum,
589 911 663 942 alius
674 916 772 942 autem
791 911 936 951 profuisse
946 912 1009 951 qui-

185 956 251 986 dem
269 961 297 986 et
312 956 387 996 ipse,
405 956 456 986 sed
475 956 663 996 paucioribus
681 956 846 995 profuisse:
864 956 939 986 alius
952 965 1007 986 au-

185 1005 241 1032 tem
259 1001 371 1031 nemini
387 1001 544 1040 profuisse,
561 1001 611 1031 sed
627 1000 947 1040 iguavitertrunsivisse
957 1010 1007 1031 ne-

182 1045 350 1084 gotiationis
367 1050 495 1086 tempus.
509 1045 637 1076 Proinde
651 1045 700 1085 qui
716 1045 910 1084 decuplicavit
926 1045 1005 1085 quod

181 1095 348 1130 acceperat,
364 1099 454 1130 super
471 1090 574 1121 decem
591 1090 724 1121 civitates
740 1090 939 1127 constituitur,
952 1090 1007 1121 hoc

181 1139 235 1174 est,
272 1135 451 1175 multiplices
479 1135 692 1166 retributiones
716 1134 823 1174 accipit
845 1143 851 1165 :
875 1139 903 1164 et
931 1135 1006 1164 alius

180 1179 322 1219 deinceps
344 1180 426 1219 juxta
451 1189 534 1210 suam
561 1180 665 1219 recipit
687 1180 922 1219 proportionem.
950 1178 1005 1215 Qui

178 1230 275 1255 autem
293 1224 365 1255 nihil
381 1225 510 1255 lucratus
526 1225 588 1261 fuit,
608 1223 1004 1255 condemnatur.Videamus

178 1274 274 1300 autem
292 1273 321 1300 et
336 1269 406 1309 quiti
422 1269 498 1300 dicat
517 1278 522 1300 :
541 1269 677 1305 Domine,
692 1278 762 1298 ecce
779 1269 857 1298 mina
875 1274 932 1304 tua,
950 1278 1002 1299 ac-

179 1314 244 1353 cipe
262 1313 433 1351 eam,habui
446 1313 524 1344 enim
537 1313 620 1344 istam
634 1313 664 1343 in
674 1313 792 1343 sudario
804 1313 1000 1344 reconditam.

181 1358 323 1389 Dominus
341 1363 473 1389 mortuus
489 1358 608 1388 sudario
625 1357 772 1388 involutus
787 1357 851 1393 fuit,
869 1362 895 1387 et
911 1357 1001 1388 Laza-

177 1402 202 1432 ri
219 1402 307 1433 facies
324 1403 353 1432 in
369 1403 505 1442 sepulcro
519 1402 638 1432 sudario
650 1401 786 1432 obvoluta
797 1402 882 1432 fuit98
897 1402 1000 1432 Merito

177 1446 266 1486 igitur
291 1446 412 1485 ignavus
437 1446 488 1476 ille
513 1446 542 1476 in
567 1446 687 1476 sudario
704 1445 798 1486 inquit
815 1446 999 1477 reconditum

179 1491 269 1521 fuisse
299 1491 421 1521 donum.
439 1491 583 1521 Mortuum
615 1491 694 1521 enim
722 1490 792 1520 illud
823 1490 944 1528 fecerat,

691 1502 694 1520 ι
722 1490 792 1520 illud
823 1490 944 1528 fecerat,
974 1486 1172 1537 etcwguazptq:
1201 1489 1467 1537 ‘Rt‘pttxﬂt'mtaco'

178 1535 326 1575 inefﬁcax,
340 1545 398 1565 non
414 1535 564 1574 evolvens,
582 1544 677 1575 neque
692 1535 807 1565 lucrum
823 1535 1002 1566 faciens.Ti-

180 1580 298 1611 mebam
312 1580 391 1610 enim
405 1579 627 1620 te,inquit,quia
647 1579 724 1610 tollis
735 1579 813 1620 quod
829 1590 886 1610 non
900 1581 1002 1621 pcsui-

178 1623 317 1656 sti.Talia
333 1624 417 1655 multi
429 1624 748 1664 praztexunt.Nolentes
761 1623 840 1655 enim
858 1624 926 1656 ullis
938 1634 1004 1665 pro-

177 1669 276 1706 desse,
299 1669 423 1701 dicunt:
441 1668 496 1700 Ubi
524 1679 582 1700 non
606 1669 761 1700 seminavit
787 1670 865 1700 Deus
894 1669 1001 1700 bonam

175 1714 305 1746 indolem
321 1718 350 1745 et
364 1714 572 1755 aptitudiuem,
590 1714 671 1745 illinc
695 1723 734 1745 ne
759 1715 894 1755 requires
919 1724 1001 1746 mes-

174 1769 249 1790 sem.
268 1759 353 1791 Illum
384 1769 443 1790 non
471 1759 541 1790 fecit
568 1759 760 1799 industrium,
777 1764 804 1790 et
827 1759 862 1789 ad
886 1759 1000 1790 doctri-

175 1814 242 1836 nam
253 1804 406 1842 idoneum,
424 1809 452 1835 et
467 1803 537 1845 quid
549 1813 565 1834 a
582 1813 628 1835 me
641 1803 770 1843 exigitur
785 1808 819 1834 ut
842 1804 912 1835 inde
934 1804 1000 1836 fru-

174 1854 252 1880 ctum
266 1848 502 1881 faciamYIdcirco
515 1849 658 1880 Dominus
667 1848 797 1880 dicitz'l‘u
813 1848 932 1890 doce,et
944 1849 999 1880 de-

173 1904 250 1935 pone
258 1894 412 1934 pecuniam
423 1903 515 1924 meam
529 1893 605 1934 apud
619 1893 853 1933 meusarios,hoc
864 1894 1000 1934 e.~t,apud

173 1949 278 1970 omnes
286 1939 485 1979 homines,qui
497 1938 638 1978 propositi
648 1942 715 1968 sunt
724 1942 754 1968 ut
765 1937 927 1978 percipiant
939 1939 1001 1969 utili

174 1989 261 2015 tatem
269 1983 382 2015 .Omnis
391 1983 470 2014 enim
479 1983 567 2013 homo
579 1983 766 2013 mensariusa
777 1982 836 2013 Deo
846 1983 1002 2013 ordinatus

172 2029 240 2058 447
253 2033 350 2068 est,ut
367 2028 396 2058 in
418 2027 506 2068 hujus
524 2027 626 2058 mundi
651 2028 769 2058 ofﬁcina
786 2037 891 2067 magna
908 2037 1000 2068 nego-

173 2075 318 2106 cietur.Et
332 2083 385 2113 ego
397 2075 518 2104 veniens
529 2074 692 2113 exegissem
709 2073 794 2110 illud,
805 2073 860 2104 hoc
876 2077 931 2111 est,
949 2083 1000 2104 re-

173 2119 415 2160 petiissem,cum
433 2127 534 2149 usura.
551 2117 673 2158 Oportet
692 2118 779 2156 igitur
800 2121 830 2148 et
852 2127 905 2148 nos
921 2119 998 2158 quod

173 2168 306 2195 nostrum
319 2163 561 2194 estfacerezalios
577 2167 674 2193 autem
688 2162 995 2205 Dominusjudicabit,

1050 907 1203 946 δεξαμένους
1248 909 1354 942 δούλους
1400 910 1577 951 λογοπραγετ,
1614 912 1658 939 καὶ
1701 911 1885 950 εὑρίσκονται,

1049 954 1062 980 ὁ
1085 953 1133 990 μὲν
1163 953 1278 987 πολλοὺς
1308 955 1460 994 ὠφελήσας,
1484 957 1528 984 καὶ
1541 955 1754 987 δεκαπλασιάσας
1770 956 1803 983 τὸ
1821 956 1884 995 χεί-

1048 1008 1142 1038 ρισμα,
1170 1000 1184 1027 ὁ
1214 998 1240 1027 δὲ
1263 999 1404 1040 ὠφελήσας
1431 1001 1480 1038 μὲν
1506 1001 1549 1029 καὶ
1571 1002 1661 1037 αὐτὸς,
1685 1000 1811 1031 ἐλάττους
1838 999 1882 1035 εὶ,

1047 1043 1061 1069 ὁ
1085 1041 1112 1070 δὲ
1141 1042 1203 1080 μήδ’
1231 1043 1301 1075 ὅλως
1329 1044 1471 1084 ὠφελήσας
1493 1046 1564 1085 τινὰ,
1581 1045 1640 1074 ἀλλ’
1656 1045 1683 1073 ἐν
1697 1045 1812 1083 ῥαθυμίᾳ
1827 1043 1883 1072 ἂι·-

1048 1088 1171 1122 πανήσας
1200 1089 1245 1116 τὸν
1271 1090 1362 1129 καιρὸν
1391 1092 1440 1123 τῆς
1477 1091 1671 1129 πραγματείας.
1709 1090 1755 1118 Διὸ
1784 1090 1798 1117 ὃ
1831 1089 1884 1126 μὲν

1048 1129 1261 1165 δεκαπλασιάσας
1294 1134 1309 1160 ὃ
1331 1133 1435 1170 ἔλαϐεν,
1470 1134 1560 1162 ἐπάνω
1587 1133 1650 1162 δέκα
1677 1134 1781 1163 πόλεων
1811 1135 1885 1161 καθ-

1048 1175 1161 1215 ίσταται,
1192 1177 1337 1215 τουτέστιν,
1366 1177 1455 1218 ἀρχὴν
1483 1177 1545 1206 δέκα
1575 1178 1679 1206 πόλεων
1704 1176 1850 1215 λαμϐάνει,
1870 1177 1885 1204 ὗ

1046 1219 1115 1260 ἐστι,
1144 1220 1359 1254 πολλαπλασίους
1395 1223 1446 1255 τὰς
1474 1221 1586 1260 ἀμοιϐὰς
1620 1222 1738 1263 δέχεται.
1777 1222 1831 1250 Καὶ
1869 1222 1884 1248 ὁ

1045 1263 1139 1303 ἐφεξῆς
1160 1267 1228 1294 κατὰ
1257 1266 1308 1307 τὴν
1334 1266 1489 1307 ἀναλογίαν.
1521 1263 1549 1296 ’0
1572 1266 1599 1295 δὲ
1620 1268 1704 1304 μηδὲν
1731 1264 1878 1305 κερδάνας,

1044 1310 1244 1348 κατακρίνεται,
1274 1305 1394 1348 ’Ὶδωμεν
1424 1305 1451 1339 δὲ
1479 1313 1522 1340 καὶ
1544 1312 1569 1340 τί
1590 1322 1655 1352 φησι
1671 1320 1679 1328 ⁸
1705 1312 1791 1350 Κύριε,
1817 1310 1878 1338 ἰδοὺ

1043 1353 1060 1396 ἡ
1090 1357 1143 1391 μ.νᾶ
1165 1365 1223 1392 σου,
1251 1353 1315 1383 λάϐε
1337 1354 1435 1389 ταύτην
1453 1364 1460 1371 ’
1484 1357 1565 1396 εἶχον
1586 1356 1636 1395 γὰρ
1649 1356 1747 1389 ταύτην
1761 1356 1789 1384 ἂν
1804 1367 1876 1384 σου-

1043 1395 1123 1437 δαρίῳ
1151 1398 1346 1438 ἀποκειμένην.
1378 1403 1469 1439 Νεκρῴ
1497 1395 1551 1428 ὄντι
1568 1403 1605 1438 τῷ
1626 1401 1712 1440 Κυρίῳ
1732 1399 1876 1439 σουδάριον

1042 1443 1193 1482 περιετέθη,
1223 1445 1268 1473 καὶ
1301 1448 1346 1473 τοῦ
1382 1445 1502 1485 Δαζλρου
1528 1445 1555 1473 ἒν
1583 1448 1621 1482 τῷ
1649 1445 1724 1484 τάφῳ
1755 1446 1773 1479 ἡ
1808 1445 1877 1483 ἄψις

1514 1490 1622 1522 εἰκότως
1671 1490 1715 1518 οὖν
1758 1490 1881 1529 ὀκνηρὸς

1046 1532 1121 1564 οὗτος
1151 1532 1279 1573 σουδαρίῳ
1314 1535 1395 1575 φησὶν
1423 1534 1590 1563 ὲναποθεῐναι
1616 1535 1647 1563 τὸ
1676 1535 1795 1575 χάρισμα
1827 1546 1881 1563 νε-

1045 1578 1108 1616 κρὸν
1150 1578 1200 1618 γὰρ
1242 1580 1321 1608 asa»
1356 1580 1472 1614 ποιήσας
1504 1580 1550 1608 καὶ
1594 1578 1782 1619 ὰνενέργητον,
1829 1581 1882 1609 οὐκ

1044 1621 1261 1663 ἑπεξειργάσασο,
1303 1623 1360 1652 οὐδὲ
1400 1623 1570 1664 κεκέρδηκεν.
1616 1623 1785 1664 Ἐφοϐούμην
1823 1625 1881 1663 γάρ

1045 1677 1085 1704 σε,
1117 1669 1210 1708 φησὶν,
1232 1667 1273 1696 ὅτι
1296 1668 1382 1707 αἴρεις
1405 1670 1419 1697 ὃ
1441 1671 1488 1699 οὐκ
1503 1668 1611 1702 ἔθηκας.
1641 1672 1753 1698 Τοιαῦτα
1778 1668 1881 1697 πολλοὶ

1043 1712 1251 1753 προφασίζονται,
1264 1722 1274 1730 ”
1304 1713 1342 1751 μὴ
1380 1712 1499 1746 θέλοντες
1534 1714 1584 1753 γὰρ
1614 1712 1752 1753 ὠφελῆσαι
1782 1724 1876 1750 τινας,

1042 1756 1132 1797 φασίν,
1161 1757 1202 1785 ὅτι
1233 1751 1325 1786 ιὈπου
1354 1758 1403 1786 οὒκ
1424 1751 1547 1798 ἔσπειρεν
1557 1751 1575 1786 ἐἺ
1593 1751 1658 1789 Θεὸς
1674 1757 1794 1797 εὐφυίαν,
1826 1759 1875 1786 καὶ

1042 1800 1259 1842 ἐπιτηδειότητα,
1303 1803 1406 1831 ἐκεῖθεν
1433 1803 1473 1840 μὴ
1501 1803 1574 1838 ζήτει
1604 1802 1690 1842 θέρος.
1720 1802 1770 1830 Τὸν
1795 1801 1874 1830 διινὰ

1042 1845 1088 1873 οὐκ
1116 1845 1240 1880 ἐποίησεν
1267 1848 1346 1887 εὖφυᾶ
1374 1848 1417 1875 καὶ
1452 1848 1517 1887 πρὸς
1560 1847 1675 1886 μάθησιν
1704 1846 1870 1887 ἐπιτήδειον,

1041 1890 1085 1918 καὶ
1112 1891 1138 1918 τί
1160 1901 1194 1928 με
1221 1891 1332 1920 ἀπαιτιῖ
1368 1892 1418 1925 τὴν
1445 1891 1546 1922 ἐκείνου
1573 1891 1727 1932 ὠφέλειανς
1760 1894 1808 1920 Διὸ
1823 1892 1871 1920 καὶ

1042 1935 1056 1962 ὁ
1090 1935 1184 1974 Κύριός
1227 1946 1292 1976 φησι
1308 1944 1316 1952 ⁸
1366 1937 1401 1964 Tit
1435 1935 1547 1975 δίδαξον,
1592 1937 1636 1965 καὶ
1668 1935 1799 1966 ωτάόαλε
1837 1938 1870 1965 τὸ

1042 1979 1164 2019 ἀργύριόν
1193 1991 1245 2018 μου
1274 1988 1333 2012 τοῖς
1354 1982 1534 2021 τραπεζίταις,
1558 1981 1689 2019 τουτέστι,
1719 1985 1785 2010 πᾶσι
1809 1988 1872 2014 τοῖς

1043 2025 1109 2064 πρὸς
1124 2025 1156 2052 τὸ
1177 2024 1338 2065 ὠφελεῖσθαι
1365 2026 1548 2065 προκειμένοις
1568 2027 1725 2062 ἀνθρώποις.
1742 2029 1796 2058 Πᾶς
1818 2027 1871 2066 γὰρ

1042 2068 1176 2107 ἅνθρωπος
1207 2071 1365 2110 τραπεζίτης
1390 2071 1440 2099 ὑπὸ
1463 2075 1528 2099 Θεοῦ
1543 2071 1768 2111 προκεχείρισται,
1799 2071 1870 2099 ὥστε

1041 2114 1068 2142 ὲν
1097 2118 1135 2151 τῷ
1164 2114 1275 2154 μεγάλῳ
1297 2117 1342 2144 τοῦ
1363 2120 1466 2154 κόσμου
1487 2117 1579 2144 τούτου
1608 2116 1772 2156 ἐργαστηρίῳ
1800 2127 1869 2156 πρα-

1040 2161 1225 2199 γματεύεσθαι.
1251 2162 1299 2191 Καὶ
1320 2161 1374 2201 ἐγὼ
1401 2161 1495 2199 ἐλθών,
1512 2161 1610 2202 ἴπραξα
1625 2161 1655 2190 ἂν
1681 2163 1756 2202 αὐτὸ,
1784 2173 1867 2191 τουτ-

171 2209 196 2239 si
214 2208 362 2239 noluerint
373 2207 526 2238 utilitatem
544 2207 614 2238 inde
626 2207 923 2247 percipere.Tollitur
939 2208 946 2238 i

1089 2216 1120 2245 ιν,
1137 2205 1264 2244 ἀπῄτησα
1280 2206 1325 2234 σὺν
1339 2206 1421 2243 τόκῳ,
1440 2211 1488 2235 Δεῖ
1504 2207 1552 2245 μὲν
1567 2206 1616 2246 γὰρ
1631 2207 1703 2244 ἡμᾶς
1718 2207 1748 2235 τὸ
1763 2207 1865 2235 οἷκιϊον

171 2259 219 2285 tur
235 2253 358 2293 donum,
377 2257 405 2283 et
415 2252 503 2282 datur
523 2251 600 2282 bono
617 2250 881 2291 negotiatoriNam
899 2252 997 2283 licetis

172 2299 288 2335 habeat,
306 2301 427 2338 propter
450 2297 525 2326 istud
551 2297 647 2336 ipsum
673 2301 769 2327 tamen
793 2297 886 2336 magis
910 2298 999 2328 debet

172 2344 257 2385 plura
267 2343 416 2382 accipere.
433 2341 559 2372 Habenti
574 2341 652 2372 enim
670 2341 799 2382 dabitur,
819 2343 873 2372 hoc
901 2347 955 2383 est,
972 2345 998 2374 ei

171 2388 220 2429 qui
237 2397 270 2418 e.\
288 2386 486 2426 negotiatione
502 2386 569 2417 boni
589 2386 678 2416 multa
697 2386 827 2417 lucratus
842 2387 941 2428 fuerit,
957 2386 999 2418 illi

170 2432 289 2464 dabitur
305 2437 333 2462 et
347 2430 485 2471 amplius.
502 2430 573 2461 Nam
589 2431 614 2461 si
631 2439 718 2470 parva
733 2431 762 2461 in
783 2431 910 2472 decupla
929 2432 1000 2463 fecit

169 2485 317 2514 crescere,
333 2476 521 2506 manifestum
536 2475 615 2516 quod
635 2480 664 2506 et
687 2476 771 2516 plura
786 2476 995 2518 decuplicabit,

170 2523 293 2563 majoris
309 2521 382 2552 lucri
394 2525 497 2551 auctor
512 2521 632 2551 domino
648 2521 776 2552 futurus.
787 2520 811 2551 A
829 2521 996 2560 negligente

169 2574 266 2599 autem
285 2572 314 2598 et
331 2567 479 2605 ignavo,“
495 2565 543 2596 cui
561 2575 618 2596 non
635 2570 679 2597 est
691 2565 822 2596 studium
837 2570 994 2598 utcrescat

169 2619 197 2644 et
219 2616 363 2653 augeatur
377 2611 454 2652 quod
476 2615 641 2650 acceperat,
665 2615 693 2642 et
711 2611 785 2640 istuc
801 2610 898 2650 ipsum
915 2612 993 2651 quod

170 2658 258 2689 habet
274 2657 438 2692 tolletur-,ut
465 2665 503 2687 ne
527 2665 576 2686 res
598 2655 749 2686 dominica
770 2654 879 2686 frustra
898 2661 992 2694 vacet,

169 2712 234 2744 quaa
246 2702 310 2733 dari
322 2704 418 2743 potest
434 2700 531 2740 alteri,
547 2706 575 2731 et
593 2698 866 2744 multiplicari.ch
877 2710 934 2732 non
947 2711 993 2732 so-

169 2743 229 2779 lum
246 2748 283 2779 de
298 2754 436 2778 sermone
447 2749 477 2776 et
491 2745 627 2777 doctrina
640 2743 829 2786 exponimus,
847 2745 898 2777 sed
912 2751 939 2777 et
955 2746 993 2777 de

208 2837 334 2869 981mm.
349 2844 390 2868 xi.

1039 2257 1138 2290 ποιεῖν,
1169 2252 1228 2290 περὶ
1254 2250 1281 2279 δὲ
1308 2254 1361 2279 τῶν
1392 2252 1545 2289 μετέπειτα,
1565 2252 1628 2284 Θεὸς
1647 2251 1735 2291 κρινεῖ
1748 2252 1808 2282 τοὺς
1823 2252 1864 2289 μὴ

1039 2294 1204 2328 θελίσαντας
1232 2295 1415 2336 ὠφεληθῆναι.
1453 2296 1562 2336 Αἴρεται
1599 2296 1642 2324 οὖν
1671 2297 1702 2324 τὸ
1728 2295 1862 2336 χάρισμα,

1041 2341 1085 2368 καὶ
1110 2338 1208 2368 δίδοται
1236 2342 1275 2378 τῷ
1296 2341 1386 2379 ἀγαθῴ
1414 2345 1604 2381 πραγματευτῇ
1619 2349 1626 2356 ·
1653 2341 1702 2370 κᾶν
1725 2344 1776 2381 γαρ
1797 2341 1864 2382 ἔχῃ,

1042 2383 1144 2422 μᾶλλον
1173 2383 1210 2413 δι’
1240 2385 1303 2414 αὐτὸ
1325 2389 1402 2414 τοῦτο
1429 2386 1527 2425 ὀφείλει
1543 2385 1625 2414 πλείω
1640 2385 1814 2424 προσλαϐεῖν.
1830 2388 1866 2416 Τὸ

1039 2430 1089 2469 γὰρ
1111 2429 1202 2469 ἔχοντι
1231 2429 1382 2468 δοθήσεται,
1414 2431 1547 2471 τουτέστι,
1578 2433 1618 2468 τῷ
1645 2431 1674 2459 ἐκ
1702 2434 1747 2460 τοῦ
1774 2431 1866 2464 καλῶς

1038 2474 1290 2513 πραγματεύσασθαι
1319 2474 1427 2503 πολλῶν
1456 2476 1642 2516 εἰπορήσαντι,
1669 2476 1762 2512 ἐκείνῳ
1783 2475 1866 2511 δοθή-

1037 2529 1110 2546 σεται
1140 2519 1184 2546 καὶ
1213 2519 1309 2551 πλείω,
1336 2520 1364 2548 Εἰ
1393 2520 1442 2559 γὰρ
1456 2521 1488 2548 τὰ
1516 2520 1592 2560 ὀλίγα
1613 2520 1711 2554 ηύξησε
1725 2520 1863 2550 δεκαπλα-

1036 2564 1142 2601 σιάσας,
1185 2563 1317 2604 πρόδηλον
1356 2565 1396 2593 ὅτι
1438 2566 1471 2594 τὰ
1513 2564 1608 2594 πλείω·
1629 2565 1859 2604 δεκαπλασιάζων,

1035 2608 1156 2641 πλείονος
1177 2608 1284 2649 κέρδους
1312 2609 1436 2648 πρόξενος
1466 2612 1506 2647 τῷ
1529 2609 1646 2649 δεσπότῃ
1661 2610 1760 2642 ἔσεται.
1791 2611 1860 2639 Ἀπὸ

1035 2652 1062 2681 δὲ
1090 2652 1204 2691 ἆμελοῠς
1232 2655 1276 2683 καὶ
1291 2655 1414 2695 ὀκνηροῦ,
1437 2656 1481 2684 καὶ
1503 2655 1542 2693 μὴ
1558 2655 1668 2690 αὐξῆσαι
1690 2655 1858 2684 σπουδάσαν-

1034 2709 1079 2731 τος
1108 2699 1122 2726 ὃ
1146 2697 1235 2737 ἔλαϐε,
1260 2700 1303 2728 καὶ
1320 2701 1382 2728 αὐτὸ
1395 2699 1494 2740 ἐκεῖνο,
1511 2700 1525 2728 ὃ
1541 2699 1613 2740 ἔχει,
1629 2701 1782 2740 ἀρθήσεται,
1811 2701 1859 2729 ἵνα

1034 2745 1074 2784 μὴ
1089 2744 1157 2783 ἀργῇ
1175 2745 1206 2773 τὸ
1227 2743 1380 2774 δεσποτικὸν
1409 2747 1531 2785 πρᾶγμα,
1556 2745 1664 2775 δυνατὸν
1690 2746 1719 2773 ὃν
1748 2744 1859 2780 δοθῆναι
