1959 3069
173 109 247 143 1067

211 179 304 211 VERS.
319 179 426 211 14-20.
445 191 460 207 α
477 180 512 209 Ει
527 166 664 217 cum-jam
678 182 757 209 esset
772 179 992 218 tempestivum,
1005 183 1024 206 Α

169 224 355 262 accubuit,ac
367 223 526 254 duodecim
538 223 739 263 apostolicum
757 220 843 254 eo.Et
858 224 898 254 ait
914 224 972 254 illis
990 234 996 255 :

167 269 322 300 Desiderio
348 268 514 299 desideravi
539 269 595 298 hoc
612 268 718 307 pascha
734 268 892 299 comedere
908 268 995 298 vobi-

168 323 249 345 scum
267 318 424 354 antequam
451 313 555 353 patiar.
581 314 651 344 Dico
669 313 749 344 enim
765 313 857 354 vobis,
875 314 995 354 posthac

167 368 225 389 non
242 359 327 390 edam
345 359 424 389 ultra
441 369 474 389 ex
488 359 641 395 eo,(lonec
653 359 840 397 compleatur
855 359 884 389 in
900 368 991 397 regno

165 402 229 435 Dei.
242 403 278 434 Et
293 408 415 444 accepto
432 403 539 444 poculo
554 403 662 442 gratias
689 403 758 442 egit,
775 413 808 434 ac
824 403 916 434 dixit:
932 404 991 434 Ac-

164 449 254 489 cipite
270 449 335 486 hoc,
349 449 508 479 etdividite
525 448 602 478 inter
628 457 688 479 vos.
702 447 771 478 Dico
790 448 867 479 enim
896 448 989 486 vobis,

163 495 240 534 quod
254 504 312 525 non
328 494 428 525 bibam
444 493 481 524 de
494 493 591 524 fructu
602 492 681 527 vitis,
695 493 789 523 donec
799 501 921 532 regnum
939 492 991 524 Dei

165 538 275 570 veniat.
292 538 328 570 Et
338 543 459 578 accepto
478 547 564 578 pane,
582 547 649 568 cum
665 538 775 576 gratias
790 537 909 576 egisset,
927 537 988 568 fre-

163 584 212 622 git,
241 593 275 615 ac
300 584 382 615 dedit
398 584 452 621 eis,
470 583 573 613 dicens
593 592 599 611 :
617 581 678 612 Hoc
693 586 738 612 est
753 591 860 620 corpus
877 591 986 620 meum,

162 629 241 668 quod
259 638 310 669 pro
327 629 408 659 vobis
423 628 517 658 datur.
536 626 600 657 Hoc
616 626 701 657 facite
716 626 746 656 in
764 627 820 656 mei
846 627 987 657 recorda-

163 673 285 704 tionem.
304 673 446 704 Similiter
462 677 490 702 et
511 671 648 712 poculum
677 675 828 710 postquam
847 671 983 702 ccenavit.

623 109 920 143 THEOPHYLAGTI
941 111 1147 144 BULGARI/E
1160 113 1338 145 ARCHIEP.

1787 116 1872 149 1068

1079 192 1092 206 ‹‹
1118 181 1165 208 Καὶ
1190 180 1233 208 ὅτε
1257 181 1362 220 ἐγένετο
1384 184 1400 216 ἡ
1424 183 1490 223 ὥρα,
1514 183 1624 213 ἀνέπεσε
1644 193 1650 200 '
1667 185 1751 213 καὶ-οὶ
1766 184 1871 213 δώδεκα

1039 224 1184 252 ἀπόστολοι
1201 227 1246 253 σὺν
1269 228 1352 264 αὐτῷ,
1384 228 1432 256 Καὶ
1462 229 1525 256 εἷπε
1553 230 1619 268 πρὸς
1649 230 1754 261 αὐτούς·
1785 229 1870 258 Ἐπι-

1038 270 1115 306 θυμίᾳ
1137 269 1289 308 ἐπεούμησα
1310 276 1386 301 τοῦτο
1408 274 1439 300 τὸ
1472 273 1566 312 πάσχα
1589 280 1686 313 φαγεῖν
1708 274 1768 311 μεθ’
1790 275 1869 311 ὑμῶν

1036 315 1086 349 πρὸ
1114 319 1161 344 τοῦ
1190 325 1223 352 με
1251 317 1358 346 παθεῖν.
1390 317 1466 356 Λέγω
1493 319 1543 356 γὰρ
1577 319 1652 356 ὑμῖν,
1690 318 1730 346 ὅτι
1756 320 1803 348 οὐκ
1827 318 1868 346 ἔτι

1036 361 1064 387 οὗ
1091 360 1129 396 μὴ
1159 360 1236 399 φάγω
1264 360 1290 392 ἐξ
1314 362 1404 397 αὐτοῦ,
1435 361 1484 394 ἕως
1521 362 1582 391 ὅτου
1611 363 1740 402 πληρωθῇ
1770 363 1797 391 ἐν
1831 366 1868 400 τῇ

1032 403 1153 441 βασιλείᾳ
1175 408 1221 433 τοῦ
1243 408 1319 436 Θεοῦ,
1345 407 1393 434 Καὶ
1415 405 1555 444 δεξάμενος
1584 409 1724 447 ποτήριον,
1748 410 1861 448 εὐχαρι-

1033 450 1132 483 στήσας
1148 449 1210 477 εἷπε
1225 459 1234 467 ⁸
1254 448 1354 478 Λάϐετε
1384 455 1471 491 τοῦτο,
1489 453 1532 480 καὶ
1557 451 1724 490 διαμερίσατε
1740 453 1862 484 ἑαυτοῖς,

1033 494 1109 532 Λέγω
1137 495 1187 533 γὰρ
1209 495 1284 534 ὑμῖν,
1308 494 1348 523 ὅτι
1371 498 1400 525 οὒ
1423 496 1461 533 μη
1483 496 1536 524 πίω
1558 496 1609 524 ἀπὸ
1631 498 1677 525 τοῦ
1691 497 1863 533 γεννήματος

1030 541 1079 572 τῆς
1094 538 1226 578 ἀμπέλου,
1252 539 1302 570 ἕως
1326 539 1388 570 ὅτου
1401 541 1418 574 ἡ
1435 540 1555 578 βασιλεία
1571 545 1618 569 τοῦ
1634 545 1700 569 Θεοῦ
1714 540 1789 579 ἔλθῃ,
1809 542 1862 569 Καὶ

1029 582 1117 610 λαϐὼν
1140 582 1228 621 ἄρτον,
1255 584 1450 624 εὐχαριστήσας
1476 585 1582 621 ἕκλασε,
1606 587 1651 613 καὶ
1682 585 1778 613 ἔδωκεν
1806 586 1859 612 αὖ·

1028 635 1100 663 τοῖς,
1129 627 1214 668 λέγων
1232 636 1239 643 ⁸
1257 630 1338 657 Τοῦτό
1356 628 1411 657 ἐστι
1430 630 1460 657 τὸ
1481 631 1559 667 σῶμά
1574 641 1635 667 μου,
1659 631 1690 658 τὸ
1701 630 1767 670 ὑπὲρ
1780 631 1857 667 ὑμῶν

1028 672 1174 711 διδόμενον,
1201 676 1278 700 τοῦτο
1309 681 1412 702 ποιεῖτε
1449 675 1486 705 είς
1514 675 1564 708 τὴν
1592 675 1659 712 ἐμὴν
1690 675 1854 712 ἀνάμνησιν·

159 718 273 749 dicens:
292 719 352 750 Hoc
367 717 504 758 poculum
522 726 627 746 novum
644 715 862 746 Testamentum
879 716 907 745 in
920 725 932 746 s

1079 718 1152 749 ιύτως
1174 718 1217 745 καὶ
1238 718 1269 745 τὸ
1291 719 1418 758 ποτήριον
1443 719 1511 756 μετὰ
1526 720 1557 747 τὸ
1573 718 1728 754 δειπνῆσαι,
1751 719 1852 758 λέγων·

159 764 248 803 guine
274 773 351 800 meo,
369 762 420 802 qui
449 771 501 802 pro
530 761 612 792 vobis
641 760 820 791 eiiundetur.
839 770 853 789 ›
871 760 932 790 Ρεει

1082 773 1106 790 to
1135 763 1166 790 τὸ
1188 763 1314 801 ποτήριον
1343 763 1360 796 ἡ
1392 763 1476 796 Καινὴ
1502 765 1621 799 Διαθήκη
1647 763 1675 791 ἐν
1696 767 1734 801 τῷ
1756 761 1855 799 αἵματί

160 812 272 839 stantes
289 807 498 846 comedebant,
516 805 666 846 quomodo
683 805 771 844 igitur
785 804 927 835 Dominus

1079 830 1086 841 ,
1116 807 1146 835 τὸ
1168 806 1232 845 ὑπὲρ
1248 808 1322 843 ὑμῶν
1347 807 1536 847 ἐκχυνόμενυν.
1556 820 1570 836 ο
1601 810 1637 837 Τὸ
1653 809 1750 848 Πάσχα
1772 809 1851 836 ἱστά-

159 853 301 884 cumbere
321 851 444 883 dicitur?
469 851 575 881 Dicunt
597 851 694 889 itaque
719 849 795 888 quod
828 854 931 889 postqu

1076 863 1097 880 οι
1126 851 1228 884 ἤσθιον·
1253 854 1309 883 πῶς
1338 851 1382 880 οὖν
1404 853 1418 879 ὁ
1443 853 1534 891 Κύριος
1560 853 1705 881 ἀναπεσεῖν
1729 852 1849 892 λέγεται,

158 898 286 929 comedit
299 897 394 937 legale
417 897 534 937 pascha,
555 894 758 925 recubuerunt
773 903 855 924 more
871 894 931 933 vulg

1074 906 1148 923 ‘oucnv
1173 896 1216 924 οὖν
1240 895 1280 923 ὅτι
1303 896 1370 932 μετὰ
1390 897 1421 923 τὸ
1437 903 1534 936 φαγεῖν
1555 898 1586 925 τὸ
1602 898 1710 934 νομικὸν
1739 898 1847 937 πάσχα,

159 942 351 973 comedentes
373 942 446 972 alios
461 939 603 980 quosdam
630 939 722 970 cibos.
739 938 815 969 Dicit
831 942 926 968 autem

1075 950 1149 967 πεσον
1176 939 1274 968 λοιπὸν
1313 943 1394 977 κοινῷ
1429 942 1518 980 τρόπῳ
1538 942 1668 972 ἐσθίοντες
1697 941 1765 969 ἄλλα
1788 943 1848 969 τινα

156 987 320 1026 discipulos
335 998 341 1018 :
359 985 514 1017 Desiderio
531 984 694 1015 desideravi
713 984 768 1014 hoc
783 984 925 1024 pascham

1078 995 1160 1020 ματα.
1188 985 1259 1017 Φησὶ
1295 983 1321 1012 δὲ
1343 986 1408 1023 πρὸς
1442 987 1503 1017 τοὺς
1532 987 1653 1024 μαθητάς
1671 993 1678 1001 ’
1705 985 1848 1024 Ἐπιθυμίᾳ

1019 1028 1172 1066 ἐπεθύμησα
1202 1034 1280 1058 τοῦτο
1301 1030 1332 1056 τὸ
1361 1030 1456 1070 ποίσχα
1490 1037 1587 1069 φαγεῖν
1616 1030 1674 1068 μεθ’
1693 1032 1767 1068 ὑμῶν
1795 1032 1849 1069 πρό

1018 1076 1063 1101 τοῦ
1092 1084 1125 1110 με
1154 1074 1250 1102 παθεῖν
1269 1082 1276 1088 ·
1298 1085 1312 1100 ι
1329 1075 1425 1102 ὡσανεὶ
1439 1078 1515 1103 τοῦτο
1530 1074 1607 1113 ἔλεγε
1623 1084 1630 1091 ·
1649 1075 1731 1103 Τοῦτό
1753 1085 1799 1112 μοι
1815 1077 1847 1102 τὸ

1016 1117 1169 1146 τελευταῖον
1195 1117 1302 1146 δεῖπνον
1325 1118 1382 1155 μεθ’
1411 1119 1484 1156 ὑμῶν
1501 1128 1509 1137 ⁸
1526 1119 1620 1147 διὸκαὶ
1635 1119 1774 1158 ἀγαπητόν
1797 1131 1845 1156 μοι

1015 1163 1056 1190 καὶ
1084 1163 1244 1200 ἐπιθυμητόν
1276 1162 1371 1190 ἐστιν·
1403 1163 1498 1192 ἄλλοτε
1526 1165 1576 1203 γὰρ
1605 1163 1662 1201 μεθ’
1698 1165 1772 1201 ὑμῶν
1796 1165 1845 1192 οὐκ

1012 1207 1218 1244 ἐστιασθήσομάι
1235 1217 1241 1224 ·
1271 1207 1360 1244 ὥσπερ
1391 1209 1435 1235 καὶ
1464 1210 1487 1236 οἱ
1513 1207 1656 1246 μέλλοντες
1692 1207 1844 1245 ἀποδημή-

1011 1262 1076 1291 σειν,
1107 1252 1140 1280 τὰ
1165 1251 1308 1280 τελευταῖα
1336 1253 1554 1292 προσφωνήματα
1583 1260 1641 1285 τοῖς
1668 1254 1773 1284 οἰκείοις
1794 1264 1842 1290 καὶ

1009 1298 1125 1335 γνησίοις
1155 1296 1278 1335 ἡδύτερον
1309 1297 1351 1324 καὶ
1376 1298 1557 1337 ποθεινότερον
1579 1298 1755 1337 προσάγουσι.
1779 1296 1835 1327 Καὶ

1010 1340 1098 1373 ἄλλως
1122 1340 1149 1368 δέ
1166 1349 1173 1356 ⁸
1204 1341 1374 1378 Ἐπεθύμησα
1395 1347 1472 1371 τοῦτο
1494 1343 1525 1370 τὸ
1549 1343 1643 1381 πάσχα
1659 1349 1756 1382 φαγεῖν
1779 1342 1841 1379 μεθ¹

1009 1386 1094 1423 ὑμῶν,
1123 1384 1188 1414 διότι
1215 1386 1248 1413 τὰ
1277 1385 1382 1424 μεγάλα
1412 1387 1543 1426 μυστήρια
1574 1387 1601 1414 ἐν
1630 1387 1716 1423 τούτῳ
1744 1386 1839 1424 μέλλω

1010 1429 1168 1470 παραδοῦναι
1184 1431 1259 1470 ὑμῖν,
1286 1431 1318 1459 τὰ
1345 1433 1394 1463 τῆς
1420 1432 1520 1464 Καινῆς
1538 1432 1686 1466 Διαθήκης.
1705 1431 1793 1464 Δηλοῖ
1810 1431 1838 1459 δὲ

155 1031 265 1063 ducare
282 1030 620 1070 vobiscum,priusquam
638 1029 740 1069 patiar;
753 1028 837 1069 quasi
853 1029 975 1059 diceret:

153 1075 222 1107 Haec
235 1081 365 1107 extrema
381 1084 465 1106 coma
481 1084 547 1105 mea
569 1079 614 1104 est
634 1074 796 1110 vobiscum,
820 1073 932 1104 idcirco
948 1078 975 1105 et

153 1126 236 1160 grata
251 1127 280 1152 et
299 1120 480 1158 desirabilis;
497 1128 562 1149 nam
580 1118 656 1148 ultra
671 1118 822 1148 vobiscum
837 1128 895 1148 non
908 1127 972 1149 sum

152 1166 356 1197 convivaturus
371 1177 377 1197 :
395 1166 469 1196 sicut
484 1169 511 1194 et
528 1172 650 1203 peregre
666 1163 826 1202 profecturi
851 1166 970 1202 postre-

151 1219 198 1241 ma
211 1211 356 1251 colloquia
369 1220 434 1241 cum
444 1209 570 1241 maxime
580 1208 773 1239 familiaribus
782 1209 908 1239 suaviter
919 1210 971 1240 mi-

149 1257 301 1288 scent.Vel
315 1253 586 1287 aliter:Desideravi
599 1254 653 1284 hoc
666 1253 775 1293 pascha
792 1253 970 1285 manducare

148 1300 312 1341 vobiscum,
335 1310 369 1331 eo
387 1299 464 1340 quod
485 1308 590 1337 magna
610 1297 749 1338 mysleria
764 1297 794 1327 in
815 1298 869 1328 hac
885 1298 967 1329 vobis

147 1353 232 1377 saeua
246 1347 300 1376 sim
318 1343 672 1382 traditurus,468nempe
688 1351 722 1373 ea
738 1351 802 1382 quae
817 1346 884 1372 sunt
895 1344 965 1374 Novi

147 1391 341 1421 Testamenti.
368 1388 520 1428 Signiﬁcat
542 1391 638 1417 autem
663 1396 716 1426 per
731 1387 804 1426 haec,
821 1387 899 1426 quod
916 1398 967 1418 vo-

146 1434 272 1466 luntarie
288 1436 422 1475 patiatur.
440 1435 558 1464 Poterat
573 1432 652 1463 enim
672 1432 792 1461 omnino
814 1432 966 1469 secedere,

145 1479 220 1509 sicut
235 1484 265 1510 et
281 1473 345 1510 aliis
357 1477 550 1518 temporibus,
564 1486 630 1506 cum
647 1475 736 1506 sciret
751 1485 783 1506 se
800 1485 918 1516 passuru

1079 1475 1185 1512 τούτου,
1216 1475 1256 1503 ὅτι
1286 1476 1353 1503 ἑκὼν
1391 1476 1505 1515 πάσχει.
1543 1475 1622 1509 Ἐξῆν
1651 1477 1701 1516 γὰρ
1731 1477 1836 1508 πάντως

144 1522 228 1559 Quod
240 1528 336 1554 autem
352 1521 501 1559 dicit,Non
518 1521 615 1551 bibam
628 1520 828 1561 illum,donec
842 1530 913 1560 regn

1061 1523 1090 1559 ᾧ,
1114 1519 1206 1553 ἐπειδὴ
1223 1519 1364 1559 ἐγίνωσκεν
1379 1518 1419 1547 ὅτι
1445 1519 1537 1558 μέλλει
1559 1522 1664 1556 παθεῖν,
1682 1522 1834 1561 ὑπαναχω-

143 1567 197 1598 Dei
213 1567 320 1606 veniat,
344 1566 462 1607 quidam
479 1569 647 1596 sanctorum
666 1565 886 1602 intellexerunt,
904 1565 965 1596 Do—

142 1622 198 1643 nec
215 1611 452 1653 resurgam.Post
461 1610 706 1641 resurrectionem
717 1610 794 1640 enim
806 1619 964 1641 conversa-

143 1662 191 1688 tus
207 1662 250 1688 est
265 1667 329 1688 cum
344 1656 544 1696 discipulis,et
558 1654 730 1691 comedit,et
746 1654 895 1685 bibitcum
908 1655 960 1685 eis:

141 1701 218 1732 sicut
231 1707 259 1733 et
272 1704 374 1733 Petrus
390 1701 425 1731 ad
442 1699 610 1732 Cornelium
624 1699 695 1729 dicit
712 1708 719 1730 :
736 1709 749 1728 (
763 1698 818 1735 Qui
835 1700 964 1730 comedi-

141 1756 206 1778 mus
222 1751 251 1778 et
265 1747 394 1777 bibimus
410 1755 475 1776 eum
494 1754 528 1775 eo
546 1749 610 1784 post
625 1744 877 1774 resurrectionem
890 1744 960 1774 ιδ’.»

138 1791 220 1827 Quod
237 1796 335 1823 autem
357 1799 479 1830 regnum
497 1789 550 1820 Dei
566 1789 604 1819 sit
615 1789 804 1826 resurrectio,
822 1789 961 1819 manifes-

138 1841 198 1868 tum
216 1842 270 1868 est.
289 1835 479 1868 Resurrectio
495 1834 575 1865 enim
593 1834 738 1864 dextruxit
754 1837 892 1864 mortem:
910 1843 961 1865 re-

136 1884 235 1921 gnavit
249 1887 346 1913 autem
362 1890 442 1910 mors
464 1879 500 1909 ab
525 1878 621 1909 Adam
639 1887 731 1918 usque
747 1878 782 1908 ad
800 1878 959 1920 Christum;

136 1930 206 1958 tunc
220 1931 316 1958 autem
334 1926 493 1964 destructa,
504 1923 650 1954 concessit
666 1922 792 1954 Domino
809 1923 959 1954 victoriam

135 1975 165 2002 et
179 1981 323 2012 regnum:
342 1968 592 2011 quemadmodum
609 1968 719 1998 dictum
732 1971 794 1997 est:
815 1967 887 1998 «Ubi
903 1971 958 2008 est,

134 2025 226 2055 mors,
247 2016 367 2047 victoria
383 2019 432 2044 tua
446 2013 490 2043 “3?
506 2017 535 2043 et
550 2013 640 2043 David
658 2023 665 2043 :
686 2012 844 2043 «Dominus
858 2021 961 2052 regna-

132 2063 184 2100 vit;
201 2073 216 2092 ι
235 2061 345 2092 deinde
372 2060 571 2104 interpretans
599 2057 748 2104 quomodo
773 2058 958 2104 regnaverit;

135 2105 419 2145 «Decorem,inquit,
435 2103 555 2134 indutus
567 2101 899 2141 est,»incorruptionem
911 2101 959 2134 ac;

1008 1565 1099 1604 ρῖλσαι,
1136 1564 1225 1604 ὥσπερ
1253 1565 1302 1592 κὰν
1331 1565 1391 1597 τοῖς
1428 1565 1564 1604 προτέροις
1591 1572 1707 1604 καιροῖς.
1731 1567 1768 1595 Τὸ
1792 1565 1835 1607 δὲ,

1010 1619 1021 1637 ιι
1047 1611 1082 1638 Οὐ
1111 1609 1150 1648 μὴ
1182 1610 1234 1637 πίω
1261 1610 1335 1646 αὐτὸ,
1359 1609 1409 1641 ἕως
1429 1609 1490 1638 ὅτου
1514 1611 1531 1644 ἡ
1560 1609 1682 1648 βασιλεία
1704 1612 1751 1639 τοῦ
1767 1615 1837 1639 Θεοῦ

1008 1653 1082 1694 ἔλθῃ,
1101 1666 1113 1682 s
1144 1655 1214 1685 τινὲς
1238 1654 1291 1682 τῶν
1312 1654 1393 1693 ἁγίων
1421 1654 1547 1692 ἐνόησαν,
1570 1655 1627 1683 ἀντὶ
1647 1659 1704 1692 τοῦ,
1723 1654 1835 1696 ’Άχρις

1006 1700 1035 1726 οὒ
1049 1699 1166 1729 ἀναστῶ.
1196 1699 1269 1727 Μετᾶ
1297 1699 1346 1738 γὰρ
1369 1699 1419 1732 τὴν
1440 1699 1585 1729 ἀνάστασιν
1612 1699 1835 1738 συναυλιζόμενος

1005 1750 1063 1775 τοῖς
1093 1743 1240 1782 μαθηταῖς,
1271 1744 1315 1771 καὶ
1343 1743 1487 1783 συνέφαγε,
1509 1745 1553 1772 καὶ
1581 1744 1702 1773 συνέπιεν
1717 1745 1831 1777 αὐτοῖς·

1004 1788 1093 1827 ὥσπερ
1114 1789 1158 1817 καὶ
1182 1788 1280 1828 Πέτρος
1302 1789 1367 1827 φησὶ
1388 1789 1453 1827 πρὸς
1478 1788 1623 1828 Κορνήλιον
1637 1797 1644 1804 '
1679 1802 1694 1816 ι
1724 1790 1832 1822 Οἴτινες

1004 1833 1185 1873 συνεφάγομεν
1213 1833 1258 1861 καὶ
1286 1834 1441 1871 συνεπίομεν
1469 1834 1541 1871 αὗτῷ
1563 1834 1631 1871 μετὰ
1646 1834 1694 1868 τὴν
1708 1834 1831 1863 ἀναστα-

1003 1888 1055 1908 σιν,
1074 1878 1088 1905 ἡ
1114 1873 1179 1920 “Ῐοτι
1195 1876 1222 1906 δὲ
1237 1877 1357 1915 βασιλεία
1378 1881 1424 1906 τοῦ
1445 1879 1512 1906 Θεοῦ
1536 1879 1553 1912 ἡ
1582 1878 1734 1917 ὰνάστασις,
1757 1881 1831 1920 πρό-

1001 1921 1092 1956 δηλον.
1124 1918 1155 1951 (Η
1184 1923 1234 1962 γὰρ
1262 1922 1417 1962 ἀνάστασις,
1445 1923 1588 1956 κατάλυσις
1616 1925 1663 1952 τοῦ
1690 1918 1803 1954 θανάτου
1820 1935 1829 1943 ”

1002 1966 1151 1996 ἐϐασίλευσε
1180 1966 1206 1995 δὲ
1235 1969 1249 1995 ὁ
1275 1968 1386 1999 θάνατος
1422 1968 1475 1996 ἀπὸ
1505 1967 1590 2006 Ἀδὰμ
1617 1968 1669 2001 ἕως
1700 1973 1827 2009 Χριστοῦ’

1000 2012 1061 2041 τότε
1083 2011 1110 2040 δὲ
1140 2011 1305 2049 καταλυθεὶς,
1329 2013 1508 2053 παρεχώρησε
1533 2017 1571 2050 τῷ
1598 2014 1684 2053 Κυρίῳ
1711 2017 1760 2048 τῆς
1785 2017 1827 2043 νί-

1001 2069 1052 2091 κης
1080 2057 1124 2085 καὶ
1151 2059 1200 2090 τῆς
1224 2056 1369 2097 βασιλείας,
1399 2057 1464 2086 καθό
1486 2057 1618 2101 εἴρηται·
1652 2070 1664 2086 α
1690 2062 1743 2088 Ποῦ
1765 2071 1827 2101 σου,

1001 2103 1108 2142 θανατε,
1123 2104 1153 2130 τὸ
1167 2108 1242 2134 νῖκος
1260 2111 1268 2142 ;
1285 2110 1300 2132 ι
1317 2103 1361 2130 καὶ
1382 2103 1396 2130 ὃ
1415 2102 1509 2143 Δαυῖδ,
1537 2113 1549 2130 ι
1583 2098 1612 2132 Ὀ
1642 2104 1736 2142 Κύριος
1757 2098 1827 2133 ἔϐαέ

130 2151 260 2191 cipiente
285 2159 420 2190 corpore,
444 2151 472 2178 et
484 2146 753 2185 decoratodeitate,
764 2151 796 2176 ut
807 2146 896 2177 Isaias

1051 2158 1116 2176 :uasv
1134 2155 1141 2163 '
1160 2158 1174 2174 ο
1200 2146 1261 2174 εἶτα
1283 2147 1435 2184 ἑρμηνεύων
1456 2147 1514 2179 πῶς
1535 2147 1713 2188 ἐϐασίλευσεν,
1739 2160 1754 2176 α
1768 2152 1824 2179 Εὖ-

129 2196 202 2236 quit:
218 2195 289 2227 «Hic
301 2195 448 2225 formosus
459 2193 489 2223 in
505 2193 592 2230 stola,
603 2191 742 2222 violentia
754 2200 821 2221 cum
834 2191 951 2223 fortitu-

127 2239 197 2269 dine
210 2239 248 2268 17.
268 2251 280 2266 η
300 2238 442 2269 Dominus
466 2245 583 2276 quoque
599 2239 753 2276 postquam
778 2237 950 2274 resurrexit,

126 2283 221 2324 inquit
238 2294 244 2313 :
265 2296 276 2310 (ι
297 2284 367 2314 Data
382 2286 426 2312 est
442 2281 513 2311 mihi
530 2281 627 2311 omnis
647 2283 774 2319 potestas
789 2280 826 2310 ‘8.
847 2292 858 2309 ν
878 2280 950 2312 Cum

124 2327 217 2368 igitur
225 2328 355 2359 venisset
366 2326 650 2365 resurrectio,quam
661 2333 784 2363 regnum
796 2324 847 2355 Dei
857 2325 949 2356 norni-

124 2373 253 2411 navit,eo
267 2372 343 2414 quod
363 2375 486 2402 mortem
505 2369 664 2407 destruxit,
677 2369 784 2400 iterum
802 2369 948 2401 bibitcum

124 2418 291 2459 discipulis,
309 2416 493 2458 persuadens
508 2415 664 2454 discipulis
686 2424 743 2444 non
763 2415 845 2454 juxta
856 2424 947 2455 appa-

119 2463 246 2494 rentiam
256 2467 368 2493 tantum
375 2459 713 2495 resurrexissc.Quidam
720 2464 817 2490 autem
824 2469 946 2500 regnum

121 2513 261 2548 putarunt
272 2508 402 2538 futurum
413 2509 520 2534 statum
537 2514 542 2534 :
562 2503 771 2535 bibereautem
788 2503 945 2535 Dominum

118 2553 275 2584 nobiscum
290 2554 321 2583 in
336 2551 447 2589 futuro,
466 2557 518 2589 pro
534 2549 715 2579 revelatione
725 2548 943 2589 mysteriorum.

120 2598 286 2628 Laetificans
302 2595 382 2627 enim
402 2603 456 2624 nos
472 2593 699 2631 exhilaratur,et
713 2601 836 2634 pascens
846 2593 943 2633 pasci-

118 2647 167 2672 tur
182 2641 364 2677 misericors,
385 2642 413 2668 et
435 2643 570 2669 nostrum
597 2642 696 2678 potum
713 2647 746 2668 ac
759 2637 941 2676 alimoniam,

120 2686 177 2718 hoc
201 2691 255 2721 est,
273 2685 450 2721 doctrinam,
481 2683 634 2724 proprium
666 2682 762 2714 cibum
785 2681 941 2714 existimat.

994 2192 1133 2231 πρέπειαν,
1175 2192 1264 2231 φησὶν,
1305 2190 1465 2229 ἐνεδύσατο,
1512 2203 1524 2220 ι
1566 2192 1825 2232 ἆποφθαρτισθέντος

993 2240 1040 2265 τοῦ
1069 2236 1204 2274 σώματος,
1248 2236 1291 2264 καὶ
1327 2239 1361 2274 τῇ
1403 2235 1509 2270 θεότητι
1543 2237 1721 2276 ὡραΐσθέντος
1738 2247 1746 2257 ι
1783 2240 1825 2272 ὡς

995 2277 1108 2313 Ἠσαίας
1124 2282 1204 2322 φησίν
1221 2291 1228 2298 ο
1261 2292 1273 2308 ι
1291 2281 1372 2314 Οὗτος
1400 2282 1500 2321 ὡραῖος
1527 2281 1554 2309 ἐν
1570 2282 1664 2321 στολῇ,
1680 2283 1724 2321 βία
1752 2286 1823 2322 μετὰ

991 2327 1096 2366 ἰσχύος.
1114 2338 1127 2354 ιι
1147 2326 1289 2371 Καὶγαίηὸς
1302 2325 1328 2354 δὲ
1358 2327 1372 2354 ὁ
1402 2327 1494 2366 Κύριος
1511 2328 1578 2365 μετὰ
1599 2328 1630 2356 τὸ
1659 2329 1819 2371 ἀναστῆναι,

990 2372 1071 2411 φησίν
1086 2380 1095 2389 ⁶
1129 2380 1143 2400 ‹
1172 2370 1266 2404 Ἐδόθη
1289 2382 1334 2409 μοι
1361 2374 1433 2399 πᾶσα
1455 2370 1567 2404 ἐξουσία.
1586 2383 1600 2400 ι
1619 2375 1674 2406 Τῆς
1689 2373 1734 2402 οὖν
1749 2370 1820 2402 ἀναὲ

992 2416 1110 2449 στάσεως
1126 2415 1265 2452 ἐλθούσης,
1295 2415 1329 2450 ἣν
1350 2415 1486 2454 βασιλείαν
1510 2421 1557 2446 τοῦ
1585 2420 1651 2445 Θεοῦ
1665 2418 1817 2458 ὠνόμασεν,

990 2462 1026 2492 ὡς
1053 2462 1099 2489 τὸν
1128 2461 1239 2489 θάνατον
1270 2460 1466 2498 καταλύσασαν,
1497 2460 1555 2489 ἔπιε
1580 2461 1659 2490 πάλιν
1684 2463 1730 2491 σὺν
1757 2471 1820 2496 τοῖς

989 2507 1135 2543 μαθητκτς,
1165 2506 1340 2543 πιστούμενος
1368 2506 1416 2539 τὴν
1444 2505 1599 2543 ἀνάστασιν,
1630 2507 1667 2538 ὡς
1691 2508 1721 2536 οὐ
1748 2511 1819 2538 κατὰ

988 2551 1130 2590 φαντασίαν
1167 2550 1232 2579 ἐστί.
1274 2551 1349 2582 Τινὲς
1377 2549 1405 2578 δὲ
1426 2549 1562 2588 βασιλείαν
1582 2555 1629 2580 τοῦ
1659 2555 1735 2591 Θεοῦ,
1767 2554 1818 2588 τὴν

987 2594 1136 2633 μέλλουσαν
1165 2595 1326 2624 κατάστασιν
1356 2593 1475 2628 ἐδέξαντο
1490 2604 1498 2611 ⁸
1521 2597 1606 2624 πίνειν
1639 2595 1667 2625 δὲ
1688 2600 1735 2626 τὸν
1760 2599 1817 2628 Κύ-

986 2651 1041 2680 ριον
1070 2640 1097 2668 ἐν
1126 2643 1164 2678 τῷ
1187 2639 1311 2678 μέλλοντι
1332 2639 1392 2678 ’μεθ’
1407 2641 1498 2678 ἡμῶν,
1514 2641 1564 2674 τὴν
1577 2641 1747 2680 ἀποκάλυψιν
1762 2646 1817 2672 τῶν

1301 2685 1452 2725 Εὐφραίνων
1494 2685 1545 2725 γὰρ
1573 2686 1647 2723 ἡμᾶς
1672 2687 1815 2727 εὐφραίνε-

985 2684 1136 2724 μυστηρίων
1165 2684 1255 2715 αὐτοῦ.

154 2771 191 2793 ιδ·
209 2772 278 2804 Act.
295 2778 325 2809 x,
342 2769 393 2800 41.
436 2767 464 2790 ¹⁶
484 2769 495 2800 Ι
511 2770 580 2800 Cor.
597 2777 646 2810 xv,
663 2769 712 2801 55.
754 2767 781 2790 47
796 2770 853 2807 Isa,
870 2776 927 2799 Lxu

597 2777 646 2810 xv,
663 2769 712 2801 55.
754 2767 781 2790 47
796 2770 853 2807 Isa,
870 2776 954 2810 Lxul,
969 2771 996 2803 1,
1039 2767 1067 2792 1⁸
1081 2768 1184 2801 Matth.
1200 2777 1305 2809 xxvm,
1324 2769 1369 2801 18.
