1959 3069
70 126 78 158 i
88 125 147 158 069

422 125 644 158 ENARRATIO
667 125 707 158 lN
731 122 982 158 EVANGELIUM
1015 122 1134 156 LUCIE.
1157 141 1196 146 —
1216 122 1297 156 CAP.
1322 125 1420 156 XXII.

1683 127 1759 160 1070

66 205 120 231 ται,
144 195 189 222 καὶ
211 194 314 233 τρέφων
345 193 467 234 τρέφεται
497 193 510 221 ὅ
539 192 735 232 φιλάνθρωπος,
775 192 816 220 καὶ
844 193 915 225 τὴνΙ

998 195 1024 221 et
1038 191 1127 230 igitur
1142 195 1210 222 tunc
1226 200 1331 222 novam
1349 190 1506 232 quamdam
1525 193 1675 232 potionem
1691 204 1758 226 cum

67 239 198 278 ἡμετέραν
226 239 304 267 πόσιν
333 239 378 266 καὶ
405 238 517 278 τροφὴν,
550 237 607 270 ἦτοι
640 238 766 275 μάθησιν,
797 237 893 265 οἰκείαν

67 284 168 323 τροφὴν
188 283 337 322 λογίζεται.
362 282 451 310 Πίεται
476 281 520 310 οὖν
548 287 693 315 τηνικαῦτα.
715 282 809 316 καινήν
837 292 894 308 τινα

69 328 146 356 πόσιν
171 329 238 365 μετὰ
253 330 306 356 τῶν
321 326 412 367 ἀξιῶν,
429 326 623 354 ἀποκαλύπτων
651 328 742 357 αὐτοῖς
764 325 804 353 ἀεὶ
818 325 895 353 καινά

71 384 129 400 τινα
157 373 200 401 καὶ
229 373 358 407 ἀσυνήθη.
393 372 444 400 Δύο
475 370 500 399 δὲ
529 370 604 399 δοκεῖ
638 371 771 409 ποτηρίων
786 380 896 408 μνημο-

69 417 148 445 νεύειν
177 419 190 445 ὁ
221 420 321 448 Λουκᾶς
341 424 348 431 ⁸
373 417 418 444 καὶ
439 417 466 445 ἓν
488 417 550 456 μὲν,
574 416 651 455 φησὶ,
685 427 698 442 ε
717 413 828 450 Λάϐετε,
852 417 896 444 καὶ

71 461 235 501 διαμερίσατε
252 463 370 498 ἑαυτοῖς,
389 473 403 489 ι
418 462 432 489 ὃ
447 463 496 494 τῆς
512 459 629 492 Παλαιᾶς
657 461 793 494 Διαθήκης
815 459 896 487 τύπον

70 505 141 534 εἴποι
164 507 195 534 ἄν
221 518 261 538 τις
288 507 357 534 εἶναι
375 514 382 521 ⁶
413 505 501 546 ἕτερον
522 504 561 542 δὲ,
591 505 658 542 μετὰ
682 505 712 532 τὸ
734 503 830 532 κλᾶσαι
852 504 896 531 τὸν

72 550 148 589 ἄρτον
176 551 219 579 καὶ
255 550 449 589 διανῑίμασθαι,
487 550 563 581 αὐτὸς
601 548 720 586 διανέμει
755 555 813 581 τοῖς
842 559 896 586 μα-

71 596 178 634 θηταῖς,
209 596 223 623 ὃ
251 597 294 623 καὶ
323 598 371 628 τῆς
399 597 497 627 Καινῆς
522 594 657 628 Διαθήκης
688 593 824 630 ὀνομάζει,
853 595 897 622 καὶ

73 640 98 667 ἐν
121 643 161 676 τῷ
183 641 263 669 αὖρτοῦ
285 640 379 677 απῖματί
399 650 464 679 φησι
498 643 575 667 τοῦτο
604 638 805 676 ἐγκαινίζεσθαι,
835 637 898 665 Ἐπὶ

72 684 118 721 μὲν
147 685 198 723 γὰρ
219 687 268 718 τῆς
293 684 410 715 [Ιπλαιᾶς
432 684 504 720 αἷμα
526 687 601 718 ζωων
626 682 731 720 ἀλόγων
756 683 801 718 ἦν,
818 681 861 709 ὅτε
883 682 897 708 ὁ

74 730 153 766 νόμος
169 728 245 762 ἐδόθη
264 738 270 744 ·
289 732 332 757 νῦν
346 727 374 756 δὲ
389 728 437 757 τοῦ
464 729 529 755 Θεοῖι
559 728 645 766 Λόγου
659 726 794 766 ἀνθρώπου
817 737 896 765 γενο-

75 774 164 814 μένου,
183 775 214 802 τὸ
237 774 308 811 αἷμα
330 774 380 807 τὴν
407 773 505 805 Καινὴν
533 773 669 806 Διαθήκην
683 773 750 809 ἡμῖν
765 770 897 811 ἐπισφρα-

936 235 1044 275 dignis,
1061 235 1194 266 revelans
1219 236 1262 266 eis
1291 245 1411 275 semper
1425 245 1501 267 nova
1515 238 1647 277 quaedam
1666 244 1695 270 et
1711 241 1757 270 in—

936 280 1032 309 soliln.
1051 281 1180 310 Duorum
1199 285 1296 311 autem
1324 281 1416 311 Lucas
1440 281 1557 312 videtur
1586 284 1758 316 meminisse

938 325 1165 364 poculorum.Et
1180 325 1217 355 de
1233 335 1291 355 uno
1306 325 1425 365 quidem
1444 325 1514 356 dicit
1531 337 1537 357 :
1558 339 1568 354 ι
1583 329 1715 368 Accipite
1728 334 1757 361 et

937 367 1058 398 dividite
1069 369 1156 414 inter
1171 377 1233 405 vos;
1252 381 1264 398 ι
1283 370 1359 409 quod
1374 370 1480 400 veteris
1495 367 1665 404 testamenti
1681 375 1756 414 ﬁgu-

937 421 999 442 ram
1026 413 1092 453 quis
1117 422 1182 444 esse
1203 413 1321 453 dixerit;
1339 419 1367 444 et
1392 414 1430 444 de
1452 415 1543 446 altero
1570 418 1646 456 quod
1671 413 1755 454 illud,

938 462 1091 497 postquam
1104 458 1191 497 fregit
1206 467 1311 498 panem
1328 462 1357 488 et
1371 459 1599 500 distribuil,ipse
1610 462 1758 494 distribuit

939 500 1188 548 discip-ulis,qurodr
1199 506 1229 534 et
1244 503 1319 548 Novi
1334 502 1759 548 Testamentiuominat,etsuo

937 546 1080 585 sanguine
1095 547 1168 577 dicit
1184 547 1239 577 hoc
1250 547 1429 578 innovariln
1441 549 1539 579 Veteri
1552 551 1629 581 enim
1640 546 1759 592 sanguis

938 596 999 620 erat
1017 591 1168 622 brutorum
1187 592 1372 628 animalium,
1389 602 1454 623 cum
1472 594 1516 624 lex
1533 595 1643 634 vigeret
1658 608 1664 628 :
1683 591 1760 629 nunc

938 640 1034 665 autem
1046 645 1113 666 cum
1129 636 1258 667 Verbum
1275 637 1324 667 Dei
1347 637 1434 667 homo
1449 638 1556 668 factum
1569 645 1625 680 est,
1641 643 1761 682 sanguis

938 679 1049 710 Novum
1060 679 1283 711 Testamentum
1295 681 1381 712 nobis
1392 679 1759 720 obsignavit.Diceudoau-

939 729 1010 758 tem.
1031 737 1042 752 ιι
1062 724 1143 761 Quod
1162 735 1213 764 pro
1232 725 1314 756 vobis
1337 726 1423 756 datur
1438 731 1466 757 et
1481 727 1653 769 effunditur,
1673 744 1684 760 ν
1704 742 1764 763 non

940 777 993 808 pro
1004 769 1076 800 solis
1084 770 1232 814 apostolis
1246 770 1345 810 signat
1359 780 1466 811 corpus
1488 773 1552 812 ejus
1565 782 1630 804 esse
1650 775 1762 814 datum,

74 813 160 857 γίζειξ
177 819 263 847 Εἰπὼν
281 817 320 858 δὲ,
343 828 358 848 ι
383 818 418 846 Τὸ
439 817 504 855 ὑπὲρ
531 817 604 854 ὑμῶν
628 815 766 853 διδόμενον
791 816 835 843 καὶ
850 814 896 843 ἐκ·

1000 813 1160 853 anguinem
1174 815 1238 853 ejus
1255 824 1321 845 esse
1336 815 1472 850 eﬁ'usum.
1489 817 1541 847 sed
1558 826 1611 857 pro
1636 813 1764 851 humano

76 865 234 903 χυνόμενον,
255 874 268 892 ι
298 864 346 902 οὖν
378 862 443 901 ὑπὲρ
472 865 525 889 τῶν
553 860 709 889 ἀποστόλων
728 860 808 897 μόνον
825 858 915 887 δεδόοῑ

1002 858 1191 903 ere.Quando
1202 859 1377 897 igiturdicit,
1386 859 1485 896 «Quod
1495 870 1547 900 pro
1557 862 1637 892 vobis
1645 863 1762 903 datur,-

76 910 133 936 σθαι
149 907 230 941 δηλοῖ
246 909 277 936 τὸ
307 911 384 944 σῶμα
413 907 499 939 α”›τοῦ,
533 906 620 932 καὶτὸ
643 905 714 942 αἷμα
728 904 899 944 ἐκκεχῦσθαι,

77 951 134 980 ἀλλ’
163 953 229 992 ὑπὲρ
254 952 302 985 τῆς
331 951 494 989 ἀνθρωπίνης
522 950 635 990 φύσεως.
653 945 744 992 ’Ὅταν
759 952 803 977 οὖν
820 947 898 986 εἴπῃ,

81 1008 92 1026 οι
117 992 198 1029 ’Υπὲρ
216 989 300 1034 νῦμῷν
329 994 475 1033 διδόμενον,
501 1004 516 1022 1ο
553 993 607 1022 αντὶ
637 997 694 1033 τοῦ,
726 989 816 1032 "me?
851 995 900 1027 τῆς

78 1032 204 1080 ὑμετέρας
233 1032 335 1079 (ῥύσεως
369 1041 422 1067 τῶν
455 1038 611 1075 ἀνθρώπων,
634 1038 699 1070 νόει,
722 1039 758 1066 Τὸ
780 1038 829 1074 μὲν
857 1039 900 1065 οὖν

78 1083 192 1113 παλαιὸν
207 1085 301 1123 πάσχα
316 1084 358 1112 ἐπὶ
374 1086 408 1121 τῇ
421 1082 564 1121 ἀπαλλαγῇ
578 1084 626 1115 τῆς
657 1081 774 1114 δουλείας
796 1083 846 1116 τῆς
875 1081 902 1109 ἐν

80 1129 205 1168 Αἰγύπτῳ
231 1128 361 1168 ἑτελεττο,
384 1129 427 1156 καὶ
448 1129 479 1156 τὸ
501 1129 570 1164 αἷμα
584 1130 629 1155 τοῦ
643 1125 775 1166 προϐάτου
796 1126 839 1154 ἐπὶ
867 1129 902 1164 τῇ

80 1175 239 1213 συντηρήσει
267 1176 320 1202 τῶν
347 1172 523 1213 πρωτοτόκων
541 1179 548 1186 ·
577 1172 608 1199 τὸ
635 1170 662 1199 δὲ
691 1172 781 1199 καινὸν
805 1171 903 1210 Πάσχα

80 1220 123 1247 Eni
138 1219 230 1259 ἀφέσει
260 1219 406 1257 ἁμαρτιῶν,
435 1219 479 1245 καὶ
504 1216 546 1244 ἐπὶ
560 1217 719 1255 συντηρήσει
740 1219 793 1244 τῶν
821 1216 906 1254 ἡγιαο

82 1263 187 1300 σμένων
209 1264 252 1291 καὶ
280 1262 470 1302 ἀφωρισμένων
496 1261 631 1300 λογισμῶν
645 1261 684 1298 τῷ
706 1264 773 1297 Θεῷ.
799 1263 904 1299 Πρῶτον

83 1307 108 1335 δὲ
131 1308 146 1335 ὁ
169 1307 260 1347 ἄρτος,
289 1307 350 1335 εἶτα
379 1308 410 1334 τὸ
425 1306 564 1345 ποτήριον,
583 1304 700 1345 Προτέρα
715 1305 764 1343 γὰρ
779 1305 795 1338 ἡ
810 1304 904 1332 επίπο-

83 1363 126 1384 νος
149 1352 242 1391 πρᾶξις
272 1352 316 1380 καὶ
336 1350 562 1390 ὂυσκατέργαστος
579 1358 588 1366 ·
624 1348 730 1387 ἱδρῶτες
766 1348 816 1388 γάρ
836 1359 904 1388 προ-

82 1401 210 1436 ηγοῦνται
238 1397 286 1430 τῆς
309 1395 404 1435 ἀρετῆς
422 1406 429 1413 ·
453 1395 542 1434 ὥσπερ
564 1398 607 1423 οὖν
630 1395 673 1422 καὶ
691 1395 705 1422 6
720 1392 797 1433 ἄρτος
814 1395 844 1424 οὐ
859 1393 908 1430 μό-

84 1452 126 1470 νον
142 1441 171 1469 ἒν
185 1441 272 1481 ἱδρῶτι
294 1445 340 1469 τοῦ
362 1440 502 1480 προσώπω
529 1445 700 1479 γεωργεῖται,
731 1438 800 1466 ἀλλὰ
821 1439 865 1466 καὶ
880 1438 908 1465 ἐν

941 902 1083 941 intellige,
1099 904 1154 934 Pro
1172 908 1266 933 vestro
1284 904 1434 934 hominum
1446 914 1566 944 genere.
1576 905 1667 938 Vetus
1685 910 1764 940 enim

942 948 1049 986 pascha
1074 948 1283 987 perﬁciabatur
1293 949 1331 978 ob
1345 948 1549 981 liberationem
1567 952 1715 984 servitutis
1730 963 1766 985 ex

943 990 1077 1031 Egypto,
1096 996 1123 1022 et
1147 992 1266 1032 sanguis
1290 993 1357 1032 agni
1382 997 1503 1033 propter
1517 1001 1630 1026 servata
1651 998 1764 1036 primo-

943 1036 1166 1075 genitazNovum
1179 1042 1275 1067 autem
1295 1037 1403 1077 pascha
1419 1045 1542 1078 propter
1557 1041 1765 1073 remissionem

944 1085 1142 1120 peccatorum.
1161 1085 1189 1110 et
1205 1081 1460 1112 conservationem
1476 1083 1686 1122 cogitationum
1702 1095 1769 1116 san-

944 1124 1183 1162 ctiﬁcatarum,et
1197 1130 1432 1156 usnsecratarum
1448 1125 1654 1159 Deu.Primum
1668 1134 1767 1161 autem

944 1169 1014 1199 469
1027 1169 1119 1209 panis,
1133 1174 1162 1200 et
1177 1169 1285 1200 deinde
1302 1170 1453 1209 poculum.
1479 1171 1607 1202 l’rimum
1625 1174 1704 1204 enim
1720 1174 1766 1205 la-

947 1213 1082 1244 boriusor
1101 1214 1176 1244 actio
1193 1218 1222 1245 et
1237 1214 1397 1251 difﬁcilior;
1409 1215 1533 1246 sudores
1549 1217 1628 1247 enim
1655 1227 1767 1258 praece-

946 1258 1018 1288 dunt
1034 1259 1170 1289 virtutem
1185 1266 1193 1290 2
1210 1259 1460 1299 quemadmodum
1476 1261 1570 1300 panis,
1588 1271 1647 1293 non
1672 1263 1767 1294 solum

947 1303 975 1332 in
991 1303 1101 1333 sudore
1116 1303 1202 1333 faciei
1218 1303 1372 1343 excolitur,
1388 1305 1442 1335 sed
1455 1309 1483 1335 et
1499 1306 1682 1338 comedendo
1693 1317 1769 1348 ope-

948 1347 1044 1378 rosior
1057 1352 1113 1384 est;
1131 1348 1240 1378 deinde
1256 1352 1320 1388 post
1336 1348 1452 1379 labores
1468 1349 1568 1381 laetitia
1583 1351 1689 1382 divina
1704 1347 1770 1392 gra-

950 1393 1009 1428 tim;
1033 1402 1097 1432 qua:
1122 1393 1256 1432 signatur
1279 1402 1330 1432 per
1346 1394 1494 1433 poculum.
1514 1396 1669 1435 Postquam
1691 1397 1770 1427 enim

949 1437 1016 1477 quis
1031 1437 1058 1466 in
1074 1436 1230 1467 virtutibus
1245 1437 1295 1467 diu
1311 1439 1497 1478 graviterque
1513 1438 1771 1481 laboraverit,tan-

82 1489 121 1523 τῷ
150 1486 278 1514 heluam
307 1484 594 1524 ὃυσκατεργαστότερός
632 1484 714 1520 ἐστιν,
746 1482 797 1511 εἶθ’
839 1482 908 1510 οὕτω

998 1491 1019 1511 n
1045 1481 1150 1520 dignus
1166 1486 1210 1512 est
1225 1481 1322 1519 donis,
1339 1487 1367 1512 et
1391 1482 1555 1514 inebriatur
1583 1483 1699 1516 laudata
1723 1486 1774 1517 illa

85 1532 153 1569 μετὰ
177 1531 238 1562 τοὺς
259 1530 356 1561 πόνους
385 1531 402 1564 ἡ
427 1529 572 1569 εὐφροσύνη
601 1528 650 1561 τῆς
678 1528 724 1556 τοῦ
746 1531 811 1556 Θεοῦ
833 1528 911 1567 χάρι-

998 1526 1094 1556 rietate
1109 1536 1166 1566 qua
1186 1526 1347 1557 exceditex
1367 1527 1423 1557 hoc
1440 1528 1561 1568 mundo,
1575 1529 1650 1559 sicut
1669 1531 1774 1562 l‘aulus

85 1587 143 1614 τος,
171 1575 235 1615 ὅπερ
264 1576 317 1604 ἐστὶ
347 1576 377 1603 τὸ
403 1575 542 1613 ποτήριον.
573 1572 636 1601 Μεθ’
665 1573 679 1600 ὃ
708 1573 757 1612 γὰρ
781 1583 821 1604 τις
836 1573 863 1600 ’sv
878 1574 912 1610 τῇ

86 1621 169 1661 ἀρετῇ
198 1623 232 1658 τῇ
254 1619 473 1659 δυσκατεργάστῳ
493 1618 623 1655 κοπιάσῃ,
653 1617 712 1645 τότε
748 1620 800 1645 τῶν
829 1627 912 1656 χαρι-

953 1574 983 1600 et
994 1570 1094 1607 David,
1113 1576 1141 1600 et
1167 1576 1198 1601 ut
1214 1570 1370 1601 audentius
1386 1572 1525 1612 quiddam
1542 1573 1649 1613 dicam,
1665 1575 1776 1607 sicutet

953 1615 1031 1646 Deus
1046 1615 1122 1654 apud
1136 1614 1283 1646 Habacuc.

86 1666 195 1703 σμάτων
210 1664 281 1697 ἄξιος
297 1664 410 1704 γίνεται,
426 1663 470 1691 καὶ
481 1663 583 1702 πάσχει
598 1662 647 1695 τὴν
662 1661 748 1695 καλὴν
763 1662 858 1700 μέθην,
876 1660 1045 1696 ἱξιστάμενος
1070 1661 1116 1687 τοῦ
1131 1660 1233 1697 κόσμου
1248 1661 1351 1697 τούτου,
1368 1662 1406 1692 ὡς
1422 1663 1435 1688 ὁ
1452 1664 1564 1701 Παῦλος,
1578 1665 1622 1692 καὶ
1637 1666 1650 1692 6
1668 1665 1752 1694 Δαυῖδ
1766 1674 1775 1683 ε

85 1709 235 1749 τολμητέον
250 1708 277 1737 δὲ
293 1710 391 1748 εἰπεῖν,
407 1709 451 1736 καὶ
465 1708 501 1739 ὡς
517 1709 530 1735 6
545 1707 610 1738 Θεὸς
625 1706 696 1746 παρὰ
709 1709 747 1743 τῷ
761 1704 925 1742 Ἀϐϐακούμ.

130 1765 143 1783 ε
162 1753 237 1787 Πλὴν
250 1752 304 1781 ἰδοὺ
333 1753 350 1786 ἦ
375 1753 435 1792 χεὶρ
450 1755 496 1780 τοῦ
511 1750 698 1790 παραδιδόντος
714 1761 758 1790 με,
776 1750 834 1787 μετ’
851 1750 915 1787 ἐμοῦ

87 1800 130 1829 ἐπὶ
158 1802 207 1832 τῆς
234 1797 378 1838 τραπέζης.
411 1797 458 1826 Καὶ
487 1798 501 1825 6
535 1796 584 1834 μὲν
617 1796 676 1827 Υἱὸς
704 1799 751 1824 τοῦ
777 1795 915 1834 ἀνθρώπου

87 1846 229 1886 πορεύεται
258 1845 327 1872 κατὰ
347 1844 378 1872 τὸ
412 1842 560 1881 ὡρισμένον
575 1850 583 1859 ⁸
615 1841 684 1876 πλὴν
713 1842 769 1870 οὐαὶ
797 1841 836 1878 τῷ
864 1841 912 1868 ἀν-

86 1884 187 1930 θρῶπῳ
208 1889 310 1926 ἐκείνῳ,
326 1887 360 1916 δι’
386 1891 416 1915 οὗ
430 1885 612 1927 παραδίδοται,
633 1887 681 1915 Καὶ
704 1886 777 1914 αὐτοὶ
803 1884 913 1924 ἤρξαντο

89 1929 215 1970 συζητειν
243 1934 308 1968 πρὸς
339 1932 458 1969 ἑαυτοὺς,
487 1933 517 1960 τὸ
544 1931 583 1962 τίς
613 1930 661 1969 ἄρα
684 1930 730 1964 εἴη
745 1929 770 1963 ἐξ
793 1932 877 1971 ato-:6»
900 1931 914 1958 ὁ

89 1979 189 2018 μέλλον
212 1978 288 2007 τοῦτο
318 1977 456 2017 πράσσειν,
483 1976 606 2015 Ἐγένετο
635 1975 663 2003 δὲ
692 1976 734 2004 καὶ
769 1975 915 2018 φιλονεικία

87 2015 116 2054 ἓν
153 2023 259 2062 αὺτοῖς,
288 2023 319 2050 τὸ
340 2015 386 2053 ’τίς
417 2021 502 2049 αὐτῶν
523 2019 598 2048 δοκεῖ
619 2019 689 2048 εἶναι
713 2021 820 2058 μείζων.
838 2015 866 2047 ’0
889 2017 916 2046 δὲ

91 2070 172 2098 εἶπεν
189 2067 281 2099 αὐτοῖς
296 2077 303 2085 ·
334 2067 364 2095 Οἱ
407 2064 528 2104 βασιλεῖς
561 2068 614 2093 τῶν
644 2064 722 2093 ἐθνῶν
756 2064 916 2104 κυριεύουσιν

88 2115 190 2150 αὐτῶν,
216 2113 260 2140 καὶ
289 2113 313 2140 οἱ
350 2110 543 2146 ἐξουσιάζοντες
571 2110 667 2146 αὒτίυν,
701 2109 833 2149 εὐεργέται
865 2120 916 2137 κα-

90 2159 212 2189 λοῦνται,
243 2152 336 2194 Ὑμεῖς
362 2155 389 2184 δὲ
420 2156 472 2195 οὐχ
499 2154 581 2187 οὕτως
599 2161 606 2169 ⁸
637 2153 698 2182 ἀλλ’
725 2156 738 2182 6
767 2154 862 2192 μείζων
891 2153 918 2181 ὲν

90 2204 170 2242 ὑμῖν,
194 2203 309 2240 γενέσθω
330 2201 368 2232 ὡς
383 2202 397 2229 6
418 2199 557 2239 νεώτερος,
582 2199 626 2227 καὶ
647 2199 661 2227 6
676 2199 821 2238 ἡγούμενος
846 2200 882 2230 ὡς
904 2199 918 2226 ὁ

998 1748 1089 1780 Vsus.
1106 1749 1214 1779 “21-27.
1225 1747 1452 1781 aVerumtamen
1468 1760 1538 1782 ecce
1550 1754 1777 1785 manustraden-

958 1794 993 1823 tis
1005 1802 1184 1833 me,mecum
1197 1797 1240 1824 est
1251 1794 1279 1824 in
1290 1794 1442 1826 mensa.Et
1452 1795 1542 1827 Filius
1553 1798 1674 1835 quidem
1685 1798 1778 1829 homi-

957 1838 1002 1868 nis
1011 1838 1174 1868 secundum
1187 1839 1264 1878 quod
1276 1839 1432 1870 deﬁnitum
1449 1842 1586 1876 est,vadit
1602 1852 1609 1873 :
1629 1847 1778 1873 verumta-

957 1892 1033 1913 mem
1044 1882 1314 1923 vaahominiilliper
1325 1893 1412 1923 quem
1422 1885 1604 1924 proditur.l:‘.t
1616 1886 1672 1926 ipsi
1681 1896 1780 1927 caepe-

955 1933 1024 1959 runt
1035 1938 1168 1969 qumcre
1182 1928 1260 1959 inter
1274 1930 1491 1970 sese,quisnam
1502 1936 1579 1961 essm
1589 1941 1624 1962 ex
1642 1933 1714 1972 ipsis
1728 1934 1781 1974 qui

957 1974 1012 2005 hoc
1020 1974 1149 2005 facturus
1157 1973 1385 2005 esset.Factaest
1393 1980 1490 2006 autem
1498 1980 1527 2006 et
1537 1977 1689 2009 contentio
1703 1973 1783 2010 inter

958 2028 1009 2049 eos
1024 2018 1089 2058 quis
1105 2027 1207 2049 eorum
1225 2018 1376 2049 videretur
1391 2029 1456 2050 esse
1472 2022 1578 2060 major.
1595 2022 1673 2053 Dixit
1683 2027 1782 2053 autem

960 2064 1116 2102 eiszlteges
1130 2063 1261 2102 gentium
1278 2063 1471 2095 dominantur
1485 2065 1573 2102 eis,et
1585 2067 1633 2107 qui
1651 2071 1782 2107 potesta-

960 2113 1018 2138 tem
1035 2107 1144 2138 habent
1160 2117 1251 2148 super
1262 2117 1322 2148 eas,
1337 2108 1462 2139 beneﬁci
1479 2117 1629 2142 vocantur.
1653 2111 1712 2143 Vos
1727 2122 1783 2143 au-

961 2157 1019 2183 tem
1037 2162 1095 2183 non
1108 2153 1150 2182 sic
1168 2163 1174 2180 :
1191 2153 1244 2183 sed
1260 2154 1308 2193 qui
1326 2154 1419 2193 major
1435 2159 1478 2184 est
1493 2155 1521 2185 in
1537 2155 1630 2196 vobis,
1644 2156 1692 2186 ﬁat
1707 2157 1787 2193 sicut

957 2198 1080 2238 junior:
1099 2202 1128 2228 et
1141 2207 1189 2238 qui
1208 2198 1345 2237 princeps
1371 2203 1424 2236 est,
1449 2199 1526 2230 sicut
1548 2200 1597 2241 qui
1624 2201 1782 2232 ministrat.

90 2247 236 2277 διακονῶν.
259 2246 304 2277 Τίς
326 2246 376 2285 γὰρ
398 2244 518 2282 μείζων;
548 2244 563 2272 6
583 2243 767 2281 ἀνακείμενος,
789 2243 807 2277 ἢ
829 2244 843 2271 6
858 2242 913 2271 δια-

998 2252 1032 2273 lm
1046 2246 1112 2273 uter
1124 2242 1218 2282 major
1231 2243 1545 2282 est,quiaccumbit,nn
1557 2248 1607 2286 qui
1626 2246 1786 2278 ministrat?

90 2292 205 2331 κονῶνς
230 2290 291 2330 οὒχὶ
311 2290 326 2317 6
347 2289 518 2326 ἀνακείμενος
535 2299 544 2324 ;
571 2286 642 2327 Ἐγὼ
662 2286 689 2315 δέ
713 2288 766 2325 εἰμι
789 2291 816 2315 ὲν
846 2287 919 2325 μέσῳ

89 2339 168 2376 ὑμῶν
194 2337 232 2368 ὡς
261 2336 275 2364 6
296 2335 436 2366 διακονῶν.
455 2346 469 2361 ι
495 2332 575 2362 οὐδὲν
599 2333 797 2372 πεπωρωμένης
827 2336 920 2372 ψυχῆς

91 2381 266 2420 ἀθλιώτερον,
300 2378 366 2408 Ἰδοὺ
397 2382 461 2418 γοῦν
492 2379 505 2406 6
535 2377 628 2417 Κύρίος
651 2377 698 2417 ὅρα
719 2378 744 2406 τί
766 2388 857 2417 φησιν,
880 2377 920 2406 ὅτι

95 2437 107 2455 ι
144 2422 177 2454 Ἠ
208 2426 268 2465 χεὶρ
297 2427 343 2452 τοῦ
369 2422 557 2463 παραδιδόντος
580 2433 625 2460 με,
648 2422 691 2450 ἐπὶ
712 2425 761 2455 τῆς
788 2422 920 2462 τραπέζης

93 2469 156 2509 μετ’
183 2460 274 2508 ἐμοῦ-⁸
296 2481 307 2497 ι
332 2469 376 2496 καὶ
395 2460 414 2496 ὁ.
431 2468 554 2499 ἀσύνετος
577 2466 625 2495 οὐκ
646 2467 784 2505 ᾐσθάνετο.
806 2460 859 2495 Καὶ
873 2468 922 2506 γὰρ

94 2517 124 2545 οὖ
155 2515 245 2554 μόνον,
268 2513 315 2541 ἵνα
335 2512 406 2551 δείξῃ
431 2512 471 2541 ὅτι
491 2513 537 2540 οὒκ
552 2511 646 2551 ἀγνοεῖ
661 2512 691 2540 τὸ
706 2510 921 2549 συμϐησόμενον,

92 2562 179 2590 ταῦτα
208 2558 280 2597 λέγει
310 2559 324 2585 6
354 2557 458 2595 Κύριος,
482 2555 549 2584 ἀλλὰ
573 2557 618 2584 καὶ
639 2556 685 2584 ἵνα
700 2555 769 2594 δείξῃ
791 2557 859 2594 ἡμῖν
880 2558 923 2584 καὶ

93 2605 146 2639 τὴν
162 2605 261 2633 οἰκείαν
283 2602 447 2641 ἀγαθότητα,
464 2602 508 2629 καὶ
535 2601 584 2634 τὴν
612 2604 658 2629 τοῦ
686 2600 816 2640 προδότου
836 2612 922 2634 ποιησ

96 2651 168 2689 ρίαν,
197 2648 237 2676 ὅτι
278 2648 322 2675 καὶ
365 2646 498 2678 συνέστιος
535 2644 654 2684 γενέσθαι
685 2647 732 2675 οὒκ
759 2646 922 2685 ἠρυθρίασεν,

97 2692 165 2723 Οὐδὲ
193 2692 274 2721 πάλιν
303 2691 380 2723 αὐτὸς
409 2691 496 2731 ἀφῆκε
523 2690 555 2718 τὰ
570 2690 657 2718 οἰκεῖα
673 2693 771 2727 ποιῶν,
788 2692 831 2718 καὶ
845 2691 924 2719 τόπον

95 2739 166 2776 ἡμῖν
191 2737 280 2774 τ⁸θ⁶ὶςτ
304 2735 350 2764 ἵνα
380 2734 445 2776 ἄχρι
474 2735 566 2766 τέλους
596 2734 784 2773 σπουδάζωμεν
800 2735 925 2775 κερδῆσαι

88 2783 158 2816 ,τοὺς
185 2782 340 2813 πταίοντας.
372 2791 385 2810 ι
419 2781 468 2810 Καὶ
497 2781 510 2809 6
538 2780 586 2819 μὶν
620 2781 678 2813 Υἱὸς
700 2783 747 2808 τοῦ
776 2780 924 2823 ἀνθρώπου,

963 2297 1061 2318 noune
1084 2287 1134 2327 qui
1158 2287 1323 2317 accumbit?
1338 2289 1376 2318 At
1396 2297 1449 2327 ego
1474 2289 1503 2320 in
1534 2290 1632 2321 medio
1657 2296 1786 2322 vestrum

962 2341 1026 2363 Sum
1044 2338 1075 2361 ut
1091 2332 1140 2371 qui
1162 2332 1318 2363 ministrat.
1341 2345 1350 2359 ι
1365 2333 1444 2364 Nihil
1470 2335 1625 2365 excaacntis
1647 2335 1787 2367 miserius

963 2376 1098 2407 est.Vide
1115 2376 1194 2407 enim
1212 2376 1281 2416 quid
1298 2377 1441 2408 Dominus
1456 2378 1549 2410 dicat:
1571 2380 1667 2410 «Ecce
1682 2389 1787 2411 manus

964 2421 1107 2452 tradentis
1125 2430 1183 2461 me,
1201 2430 1317 2452 mecum
1333 2426 1376 2452 est
1391 2422 1420 2454 in
1442 2432 1542 2454 mensa
1560 2433 1566 2455 :
1585 2437 1596 2450 η
1611 2429 1639 2454 et
1652 2425 1787 2464 stupidus

966 2476 1024 2496 non
1040 2465 1135 2496 sensit
1174 2466 1290 2497 Etenim
1319 2466 1462 2498 Dominus
1488 2468 1549 2500 haec
1563 2468 1645 2506 dicit,
1659 2479 1717 2499 non
1734 2479 1787 2500 so-

965 2511 1025 2541 lum
1039 2514 1070 2540 ut
1083 2511 1260 2546 ostendatse
1278 2521 1335 2541 non
1353 2512 1490 2550 ignorare
1505 2514 1582 2554 quod
1600 2513 1787 2551 eveniet,scd

966 2559 996 2586 et
1006 2559 1035 2585 ut
1050 2555 1133 2585 nobis
1146 2565 1228 2586 suam
1248 2556 1420 2591 bonitatem,
1431 2563 1459 2588 et
1479 2558 1637 2597 proditoris
1647 2558 1787 2590 malitiam

965 2600 1114 2638 ostendat,
1131 2601 1180 2640 qui
1193 2611 1250 2632 non
1264 2602 1416 2632 erubuerit
1431 2612 1531 2633 secum
1543 2603 1703 2635 convivari.
1714 2604 1788 2635 Nam

967 2645 1110 2676 Dominus
1123 2655 1181 2676 non
1193 2647 1354 2677 omisitsua
1365 2647 1509 2684 facerem
1521 2648 1605 2678 nobis
1620 2649 1790 2689 exemplum

967 2690 1051 2721 duret
1067 2695 1098 2721 ut
1114 2700 1207 2731 usque
1223 2692 1252 2721 in
1267 2692 1356 2722 ﬁnem
1374 2694 1470 2732 lapsos
1486 2693 1595 2724 lucrari
1606 2693 1789 2727 studeamus.

968 2734 1003 2765 Et
1016 2734 1124 2766 «Filius
1139 2736 1259 2775 quidem
1277 2736 1704 2777 hominis,inquit,vadit»:non
1715 2748 1789 2779 qua-

969 2780 994 2811 si
1010 2789 1070 2811 non
1084 2780 1178 2812 valeat
1186 2790 1219 2812 se
1227 2781 1444 2820 vindicare,sed
1455 2783 1522 2823 quia
1530 2782 1604 2814 olim
1616 2782 1791 2815 decreverat
