1959 3069
189 148 262 180 1071

674 148 974 181 THEOPHYLACTI
996 147 1202 180 BULGARLE
1224 150 1402 182 ARCHIEP.

1824 148 1906 181 107‘!

187 215 262 246 mori
279 215 308 245 in
325 214 453 246 salutem
470 214 636 245 hominum.
656 226 669 241 α
682 213 897 245 Verumtamen
909 224 951 245 va;
963 215 981 245 h

1101 217 1135 250 αἱ,
1165 217 1322 256 πορεύεται”
1357 229 1371 244 ι
1395 218 1447 257 οὔχ
1476 218 1514 249 ὡς
1539 217 1656 246 ἀσθενῶν
1681 218 1780 255 ἀμῦναι
1799 219 1900 254 ἑαυτῷ

187 260 262 290 mini
277 259 322 290 illi
338 268 392 299 per
406 268 495 298 quem
510 258 645 289 traditur.
667 271 677 285 ιι
696 258 768 289 Nam
797 259 1014 298 prwdeﬁnitum

186 303 305 344 quidem
323 307 369 333 est
383 307 416 333 ut
432 303 560 343 patiatur
575 313 581 332 :
601 303 652 334 sed
679 307 707 332 tu
723 312 814 343 quare
830 303 968 334 inventus
984 312 1017 334 es

187 347 294 386 malus,
313 351 341 377 et
355 347 395 378 ita
410 347 446 377 ad
462 347 660 388 proditionem
692 348 827 387 paratus?
853 347 1017 387 Propterea

188 392 242 423 tibi
255 401 298 423 va;
312 392 514 431 adiudicatum
527 396 582 432 est,
596 391 665 432 quia
691 392 829 423 inventus
844 402 876 423 es
891 393 1016 424 studens

188 437 360 477 proditioni;
378 436 446 477 quia
469 437 556 467 etiam
577 445 703 476 serpens
732 437 909 468 maledictus
925 441 970 468 est
985 447 1020 468 eo

188 481 269 522 quod
288 482 410 512 servivit
424 481 536 512 diaboli
549 481 819 512 consiliis.Turbati
835 486 906 512 sunt
919 489 1018 513 autem

187 526 328 566 discipuli
344 526 455 557 auditis
474 525 566 562 his,et
577 526 632 556 hoc
644 526 731 556 latius
740 526 839 557 disces
849 526 878 556 in
890 525 1018 566 Evange-

188 571 226 602 lio
241 570 375 602 Joannis.
386 570 470 601 Nunc
483 574 582 601 autem
600 579 660 601 non
674 571 711 601 de
727 570 898 610 suspicione
914 572 1017 611 prodi-

188 616 279 648 tionis
291 620 402 646 tantum
423 614 591 652 turbantur,
609 615 661 645 sed
677 624 712 645 ex
726 615 896 646 turbatione
921 615 969 646 illa
981 615 1018 646 ad

188 661 396 693 contentiones
412 660 550 696 veniunt,
568 659 786 690 contendentes
810 661 876 700 quis
893 669 928 691 ex
946 660 1018 700 ipsis

189 711 268 737 esset
280 704 719 736 maximuancideruntautem
732 704 760 734 in
769 704 844 734 hanc
856 704 936 734 litem
949 704 1019 744 quia

189 750 352 782 verisimile
368 754 412 780 est
425 750 505 790 quod
521 749 599 779 inter
613 757 645 779 se
656 749 800 780 dixerunt
816 758 893 778 unus
905 748 991 779 alteri
1008 759 1015 779 :

189 795 234 827 Tu
251 795 421 836 proditurus
438 803 482 831 es,
509 798 538 825 et
551 793 627 824 alius
643 793 730 824 alteri
748 802 755 824 :
770 792 826 824 Tu.
845 792 881 824 Et
896 793 967 824 inde
982 802 1018 824 eo

191 844 388 881 pervenerunt
404 843 436 869 ut
451 839 584 869 dicerent
600 847 607 870 1
621 838 684 877 Ego
695 847 759 868 sum
773 837 889 875 melior,
905 842 946 878 et,
956 838 1017 878 Ego

191 895 257 916 sum
270 885 374 925 major,
390 888 419 914 et
433 883 552 914 similia.
572 882 648 919 Quid
666 882 756 920 igitur
765 881 1017 914 Dominus?Com-

193 931 293 971 primit
306 929 462 960 tumultum
475 929 554 958 hunc
569 926 685 958 duobus
701 926 926 966 exemplisUno
942 936 1018 966 gen-

193 975 300 1011 tilium,
326 982 400 1013 quos
423 972 632 1004 abominantur
650 983 656 1000 :
674 971 835 1003 ostendens
857 972 934 1011 quod
959 971 1018 1002 illis

191 1018 376 1051 assimilandi
387 1017 456 1054 sint,
473 1017 498 1047 si
511 1017 625 1056 sapiant
641 1015 866 1047 similia.Altero
878 1016 948 1046 470
961 1025 1017 1047 au-

193 1070 251 1096 tem
266 1073 321 1095 suo
335 1061 547 1102 exemplo.Eos
563 1061 642 1091 enim
654 1060 689 1090 ad
703 1060 898 1091 humilitatem
914 1070 1016 1092 exem-

193 1109 241 1150 plo
254 1119 307 1140 suo
321 1108 412 1148 ducit,
429 1106 590 1138 ostendens
607 1104 686 1146 quod
715 1105 778 1145 ipse
797 1105 947 1135 ministret
959 1105 1014 1137 eis.

191 1153 307 1186 Etenim
324 1157 404 1189 tunc,
423 1151 497 1183 sicut
512 1151 621 1181 dictum
639 1153 694 1187 est,
709 1158 814 1189 panem
822 1158 906 1180 suum
922 1153 950 1180 et
961 1159 1015 1189 po-

192 1204 254 1230 tum
265 1197 427 1230 distribuit.
440 1196 512 1228 Cum
528 1195 617 1235 igitur
629 1204 694 1234 ego,
713 1203 801 1234 quem
817 1194 915 1224 omnis
929 1194 1015 1225 ratio-

193 1244 269 1275 nalis
284 1247 314 1274 et
328 1242 465 1282 angelica
480 1244 617 1271 creatura
631 1239 766 1275 adorant,
781 1238 811 1268 in
828 1238 928 1269 medio
949 1248 1015 1269 ves-

193 1289 228 1320 tri
253 1288 400 1324 ministro,
419 1285 568 1326 quomodo
584 1293 634 1314 vos
649 1283 731 1322 digni
754 1283 826 1313 estis
847 1282 899 1322 qui
914 1292 1018 1323 magna

192 1335 229 1364 de
246 1333 330 1364 vobis
346 1331 524 1368 sentiatis,et
537 1329 646 1370 primas
662 1332 759 1368 partes
773 1326 909 1367 capiatis?
924 1327 1017 1359 Vide-

190 1384 238 1410 tur
249 1382 347 1408 autem
363 1376 435 1406 mihi
452 1384 511 1405 non
526 1373 625 1404 obiter
639 1373 729 1413 hujus
747 1371 898 1403 recubitus
915 1376 944 1403 et
959 1373 1016 1402 mi-

191 1422 307 1455 nisterii
317 1419 500 1456 meminisse,
513 1418 564 1448 sed
578 1418 723 1448 reducere
732 1416 774 1447 eis
787 1416 817 1446 in
829 1416 1015 1457 memoriam,

192 1467 262 1508 quia
278 1468 319 1498 De
335 1474 394 1496 uno
407 1473 482 1504 pane
499 1461 685 1502 comedistis,
701 1466 731 1492 et
741 1471 776 1492 ex
790 1470 853 1508 uno
861 1461 953 1508 calice
969 1462 1015 1491 bi-

193 1506 289 1549 bistis,
304 1510 414 1542 amicos
431 1512 461 1539 et
475 1508 631 1538 unanimes
642 1517 700 1538 una
722 1515 825 1537 mensa
841 1506 930 1538 fecit:
943 1516 1017 1547 qua-

191 1567 224 1588 re
236 1566 305 1596 ergo
321 1554 422 1595 sapitis
437 1562 502 1593 quae
517 1551 591 1582 tales
606 1561 664 1582 non
680 1551 802 1582 decent?
813 1555 843 1581 et
858 1560 954 1591 neque
963 1561 1016 1591 ego

193 1603 242 1633 uni
260 1595 379 1642 quidem
390 1598 507 1638 servivi,
523 1597 608 1642 alteri
628 1601 725 1626 autem
743 1605 802 1642 non
827 1595 947 1634 servivi,
963 1596 1015 1627 sed

192 1657 227 1678 ex
244 1640 327 1686 aequo
352 1643 491 1674 omnibus
507 1641 590 1672 vobis
607 1649 614 1672 :
633 1650 738 1686 omnes
759 1640 849 1686 igitur
872 1645 1016 1686 unummet

191 1683 434 1723 idem-sentiatis.
451 1687 493 1717 Tu
520 1691 617 1716 autem
635 1694 668 1716 ex
684 1685 729 1716 his
744 1683 882 1716 omnibus
902 1685 1015 1716 intelli-

192 1746 243 1777 gas
255 1734 332 1776 quod
344 1731 480 1772 discipuli
491 1731 587 1761 adhuc
599 1729 765 1777 imperfecti
777 1729 952 1777 fu‘erint,sed
969 1731 1014 1760 vi~

192 1774 229 1812 de
244 1774 393 1820 quomodo
415 1781 443 1807 et
460 1781 562 1816 postea
586 1775 766 1807 refulserint.
792 1774 1017 1820 Confundantur

191 1818 414 1862 Mariichaai,qui
425 1821 529 1852 dicunt
546 1820 689 1860 quosdam
702 1824 806 1850 natura
822 1827 887 1849 esse
897 1818 1015 1850 indoci-

191 1871 248 1911 les,
263 1875 292 1901 et
307 1865 522 1908 impossibilem
533 1874 600 1896 esse
616 1865 681 1896 vitae
697 1864 900 1895 mutationem.

233 2007 323 2036 Vens.
340 2003 443 2036 28-34.
459 2014 472 2029 α
491 2001 549 2031 Vos
563 2005 662 2031 autem
679 1999 751 2030 estis
773 1999 824 2039 qui
847 2000 1013 2039 permansi-

189 2052 243 2082 stis
259 2058 372 2081 mecum
388 2049 418 2078 in
435 2046 645 2077 tentationibus
656 2045 729 2075 meis
747 2055 753 2073 :
775 2048 803 2074 et
818 2053 871 2083 ego
889 2043 1013 2084 dispono

190 2095 284 2131 vobis,
303 2091 535 2132 sicutdisposuit
546 2090 619 2121 mihi
632 2091 718 2121 Pater
731 2098 815 2119 meus
829 2098 965 2128 regnum,
984 2092 1014 2119 ut

190 2140 284 2172 edatis
300 2143 328 2169 et
342 2137 460 2173 bibatis,
478 2144 568 2175 super
594 2144 724 2166 mensam
747 2143 841 2165 meam
867 2135 895 2164 in
922 2143 1014 2173 regno

190 2194 268 2225 meo,
285 2188 314 2214 et
329 2181 457 2213 sedentis
469 2190 557 2220 super
569 2180 705 2220 thronos,
719 2179 891 2225 iudicantes
904 2178 1016 2225 duode-

189 2222 369 2261 cim'tribus
392 2226 494 2257 Israel.
520 2225 569 2256 Ait
595 2229 692 2256 autem
720 2224 882 2255 Dominus:
900 2222 1016 2261 Simon,

189 2275 305 2313 Simon,
319 2282 401 2307 ecce,
417 2272 541 2302 Satanas
570 2269 712 2310 expetivit
739 2278 803 2305 vos,
820 2272 850 2298 ut
872 2267 1017 2313 cribraret

189 2320 267 2350 sicut
281 2318 411 2348 triticum
430 2326 437 2347 :
455 2315 507 2346 sed
525 2325 578 2354 ego
593 2315 692 2354 rogavi
711 2324 763 2354 pro
789 2318 829 2354 te,
846 2323 884 2344 ne
900 2312 1016 2344 deficiat

192 2364 266 2395 ﬁdes
286 2361 383 2393 tua.Et
399 2365 430 2392 tu
447 2360 606 2400 aliquando
628 2368 788 2390 conversus
802 2359 945 2389 conﬁrma
953 2357 1015 2389 fra-

190 2414 249 2440 tres
264 2412 342 2438 tuos.
361 2409 396 2437 At
409 2405 460 2436 ille
471 2405 542 2436 dixit
555 2405 581 2436 ei
601 2415 608 2434 :
626 2404 763 2440 Domine,
780 2408 876 2434 tecum
894 2407 1014 2443 paratus

189 2463 254 2484 sum
267 2457 296 2484 et
308 2453 338 2482 in
354 2460 505 2482 carcerem
521 2453 550 2480 et
561 2450 589 2479 in
605 2453 730 2479 mortem
742 2449 838 2480 ire.At
850 2448 898 2478 ille
914 2447 988 2478 dixit
1003 2456 1010 2479 ζ

188 2498 262 2529 Dico
279 2497 449 2535 tibi,l’etre,
467 2504 525 2525 non
541 2498 625 2524 canet
641 2493 730 2524 hodie
738 2492 831 2532 gallus
843 2493 1013 2532 priusquam

189 2548 234 2574 ter
244 2543 374 2581 abneges
388 2548 476 2570 nosse
492 2548 550 2570 me.
572 2551 582 2565 ι
610 2539 769 2576 Postquam
786 2537 857 2568 dixit
879 2537 1014 2568 traditori

189 2597 244 2625 vae,
271 2592 300 2618 et
325 2587 354 2616 in
375 2584 476 2615 medio
502 2583 601 2613 docuit
628 2591 678 2612 eos
693 2582 821 2612 humiles
838 2591 903 2613 esse
919 2582 1015 2614 :sicut

188 2631 322 2664 traditori
338 2639 380 2660 vae
398 2627 634 2668 adjudicavit.ita
646 2631 700 2657 ete
710 2626 1014 2668 diverso,inquit:Vos

188 2678 259 2709 estis
271 2676 322 2717 qui
338 2672 492 2705 mansistis
519 2681 634 2703 mecum
657 2672 686 2702 in
703 2671 912 2703 tentationibus
928 2672 1012 2711 meis,

188 2723 257 2754 ideo
273 2725 305 2752 et
320 2718 489 2751 mercedem
504 2717 586 2748 vobis
601 2717 800 2757 dispono,hoc
813 2721 869 2755 est,
881 2717 1016 2757 paciscor

187 2767 339 2798 vobiscum
353 2769 466 2805 ut,cum
480 2765 565 2794 Pater
580 2771 665 2793 meus
676 2763 854 2803 disposuerit
869 2762 1014 2795 mihi,hoc

188 2815 248 2852 est,
277 2808 476 2849 εδει-θνητὴ
500 2807 574 2838 mihi
601 2816 717 2847 regum,
741 2807 834 2838 edatis
854 2811 883 2838 et
907 2806 1014 2838 bibatis

1060 259 1120 288 ἀλλ’
1135 261 1172 292 ὡς
1188 262 1278 300 ὁρίσας
1307 263 1393 299 ἑαυτῷ
1413 263 1460 290 τὸν
1483 263 1597 291 θάνατον
1627 262 1670 290 ἐπὶ
1702 264 1820 302 σωτηρίᾳ
1842 266 1898 290 τῶν

1061 302 1217 343 ἀνθρώπων,
1236 317 1250 334 ι
1280 306 1354 341 Πλὴν
1381 307 1438 335 οὐαὶ
1458 310 1496 344 τῷ
1524 307 1655 346 ἀνθρώπῳ
1679 307 1785 346 ἐκείνῳ,
1801 307 1838 335 δι’
1867 311 1898 335 οὗ

1060 348 1242 387 παραδίδοται.
1263 360 1278 380 ι
1298 346 1428 391 ΗΩριστιιι
1443 352 1492 388 μὲν
1508 352 1558 390 γὰρ
1584 354 1694 392 παθεῖν,
1715 351 1784 380 ἀλλὰ
1799 352 1833 380 σὺ
1856 351 1899 379 διὰ

1064 393 1089 421 τί
1115 394 1220 433 εὑρέθης
1257 397 1352 436 κακὸς,
1396 396 1465 424 ὥστε
1495 400 1561 436 πρὸς
1603 395 1760 435 προσδοσίαν
1787 397 1898 433 ἕτοιμος

1064 438 1134 466 εἶναι
1152 448 1160 478 ;
1192 440 1241 467 Διὰ
1267 443 1345 469 τοῦτο
1359 444 1402 469 οὖν
1418 452 1459 469 σοι
1482 442 1514 468 τὸ
1528 442 1586 470 οὐαὶ
1601 440 1840 480 ἀποκεκλήρωται⁷
1858 441 1898 469 ὅτι

1063 483 1168 522 εὑρέθης
1200 483 1349 519 ἐπιτήδειος
1379 486 1416 518 εἰς
1459 484 1602 525 προδοσίαν
1618 495 1624 502 ”
1658 487 1716 514 Επεὶ
1738 487 1782 514 καὶ
1801 487 1815 514 ὁ
1833 485 1895 525 ὄφις

1061 526 1268 567 ἐπικατάρατος,
1291 528 1356 558 διότι
1384 530 1534 569 ὒπούργησε
1560 533 1594 568 τῇ
1620 531 1666 558 τοῦ
1681 529 1805 558 διαϐόλου
1822 541 1897 567 συμ-

1060 570 1154 610 ϐουλῇ.
1186 572 1400 613 Ἐθορυϐήθησαν
1428 573 1455 602 δὲ
1487 575 1510 602 οἱ
1546 575 1664 612 μαθηταὶ
1693 576 1776 603 ταῦτα
1811 575 1898 602 ἀκού-

1060 627 1152 650 σαντες
1169 625 1176 631 ·
1207 618 1252 645 καὶ
1277 621 1355 647 τοῦτο
1379 618 1541 658 πλατύτερον
1570 620 1679 657 μαθήσῃ
1709 618 1737 646 ἐν
1759 623 1798 656 τῷ
1829 620 1900 646 κατά

1061 659 1199 695 Ἰωάννην.
1230 665 1281 691 Νῦν
1308 662 1334 690 δὲ
1357 663 1387 691 οὗ
1408 664 1467 702 περὶ
1489 666 1538 697 τῆς
1567 664 1691 695 ὑπονοίας
1715 666 1768 697 τῆς
1792 663 1896 703 προδο-

1061 707 1118 737 σίας
1146 705 1313 745 θορυόοῦνται
1339 707 1432 747 μόνον¹
1462 707 1523 736 ἀλλ’
1546 708 1576 736 ἐκ
1597 708 1690 736 τούτου
1713 712 1759 737 τοῦ
1781 707 1896 748 θορύὸου

1060 750 1102 777 καὶ
1130 751 1167 782 εἷς
1196 749 1249 790 ἔριν
1279 751 1414 792 ἔρχονται,
1444 751 1655 791 φιλονεικοῦντες
1679 753 1718 784 τίς
1741 753 1829 780 αὐτῶν
1846 751 1893 786 εἴη

1060 794 1168 831 μείζων.
1185 793 1326 824 Ἐνέπεσον
1355 795 1382 824 δὲ
1412 797 1448 828 εἷς
1476 799 1574 831 ταύτην
1588 797 1639 830 τὴν
1655 796 1708 833 ἔριν
1723 797 1891 829 ἀκολούθως.

1030 838 1135 884 ΒἘπεὶ
1163 839 1213 878 γὰρ
1241 841 1308 884 πρὸς
1330 839 1463 875 ἀλλήλους
1491 842 1562 874 εἰκὸς
1597 841 1630 875 ἧν
1651 841 1750 880 λέγειν1
1781 841 1823 869 ὅτι
1854 842 1893 869 Σὺ

1059 882 1166 919 μέλλεις
1188 883 1338 923 προδιδόναι
1357 893 1363 900 ·
1395 887 1440 914 καὶ
1467 889 1498 914 αὖ
1524 887 1628 918 ἐκεῖνος
1657 887 1753 926 τούτῳ,
1776 886 1818 914 ὅτι
1841 887 1891 914 Σύ’

1059 927 1089 955 ἐκ
1117 928 1211 957 τούτου
1242 930 1420 970 προήχθησαν
1450 931 1486 961 εἰς
1523 932 1553 959 τὸ
1591 930 1704 970 λέγειν’
1734 931 1808 970 Ἐγώ
1836 932 1892 969 εἶμι

1058 972 1195 1011 κρείττων,
1225 974 1280 1010 καὶ,
1309 973 1382 1013 Ἐγὼ
1406 976 1459 1012 εἶμι
1485 976 1593 1013 μείζων,
1608 976 1652 1004 καὶ
1666 976 1699 1004 τὰ
1720 979 1845 1006 τοιαῦτα.
1864 977 1894 1004 Ti

1059 1020 1103 1044 οὖν
1134 1018 1148 1045 ὁ
1164 1018 1256 1056 Κύριος
1274 1028 1282 1055 ς
1299 1019 1478 1048 Καταστέλλει
1494 1021 1539 1048 τὸν
1554 1019 1664 1059 θόρυϐον
1693 1022 1794 1049 πότων
1820 1020 1894 1048 δυσὶν

1059 1060 1259 1101 ὂποδείγμασιν,
1291 1063 1328 1091 ἑνὶ
1355 1063 1404 1101 μὲν
1426 1068 1464 1101 τῷ
1486 1068 1538 1092 τῶν
1568 1065 1689 1104 ἐθνικῶν,
1719 1066 1765 1096 οὒς
1790 1063 1892 1102 βδελυ-

1058 1106 1136 1138 κτοὺς
1150 1106 1243 1147 εἶχον,
1260 1107 1386 1136 δεικνύων
1411 1108 1451 1136 ὅτι
1476 1109 1580 1141 τούτοις
1596 1109 1713 1139 ἐοικότες
1729 1109 1849 1144 ἔσονται,
1867 1110 1890 1137 εἶ

1058 1152 1164 1179 τοιαῦτα
1187 1155 1323 1191 φρονοῦσιν
1340 1159 1350 1168 ⁸
1370 1153 1451 1192 ἑτέρῳ
1472 1153 1499 1181 δὲ
1513 1156 1552 1190 τῷ
1578 1154 1671 1182 ἑαυτοῦ
1689 1164 1695 1171 ·
1723 1153 1760 1182 δι’
1789 1154 1888 1183 ἑαυτώ

1058 1195 1108 1234 γὰρ
1132 1196 1167 1228 εἰς
1195 1197 1437 1237 ταπεινοφροσύνην
1461 1197 1532 1237 ἄγει,
1554 1197 1654 1229 δεικνὺς
1677 1199 1770 1226 ἑαυτὸν
1793 1196 1887 1227 διακο-

1057 1243 1152 1268 νοῦνται
1180 1242 1283 1273 αὐτοῖς.
1316 1242 1364 1270 Καὶ
1389 1242 1440 1281 γὰρ
1464 1241 1496 1276 διὶ
1518 1242 1589 1279 τότε,
1619 1244 1686 1271 καθὰ
1701 1243 1822 1282 εἴρηται,
1840 1245 1887 1271 τὸν

1058 1282 1136 1323 ἄρτον
1162 1284 1252 1317 αὐτοῖς
1280 1286 1323 1314 καὶ
1351 1286 1382 1314 τὸ
1410 1287 1538 1325 ποτήριον
1551 1287 1691 1325 διένειμεν,
1708 1287 1784 1316 Ἐπεὶ
1797 1288 1889 1316 τοίνυν

1058 1327 1113 1367 ἐγὼ
1141 1331 1155 1357 ὁ
1179 1330 1230 1358 ὑπὸ
1267 1331 1355 1364 πάσης
1393 1331 1539 1370 ἀγγελικίκ
1571 1333 1615 1360 καὶ
1641 1331 1752 1370 λογικῆς
1782 1334 1891 1366 φύσεως

1061 1375 1294 1412 προσκυνούμενος,
1324 1375 1351 1403 ἐν
1375 1376 1449 1413 μέσῳ
1475 1376 1549 1413 ὑμῶν
1572 1376 1696 1414 διακονῶ,
1722 1379 1781 1408 πῶς
1809 1378 1893 1415 ὑμεῖς

1060 1418 1130 1451 ἄξιοι
1156 1419 1214 1447 ἐστε
1229 1419 1453 1461 μεγαλοφρονεῖν,
1484 1422 1528 1450 καὶ
1543 1422 1604 1461 περὶ
1617 1423 1753 1461 πρωτείων
1769 1422 1868 1460 ἐρίζειν
1885 1431 1894 1460 ;

1063 1469 1145 1492 Δοκεῖ
1166 1463 1193 1492 δέ
1217 1476 1261 1502 μοι
1277 1464 1345 1503 μηδὲ
1360 1466 1498 1505 παρέργως
1528 1466 1597 1495 οὕτω
1623 1470 1811 1504 μνημονεῦσαι
1843 1470 1894 1501 τῆς

1027 1508 1222 1545 οᾶνακλίσεως
1252 1509 1353 1543 ταύτης
1382 1511 1425 1538 καὶ
1454 1510 1501 1544 τῆς
1529 1509 1674 1552 διακονίας,
1704 1510 1766 1539 ἀλλ’
1790 1511 1894 1549 ἀναμι-

1059 1554 1186 1591 μνήσκων
1207 1554 1311 1591 αὐτοὺς,
1334 1553 1375 1582 ὅτι
1398 1555 1426 1583 Εἰ
1448 1554 1474 1587 ἐξ
1505 1555 1562 1588 ἑνὸς
1591 1556 1670 1591 ἄρτου
1697 1556 1828 1595 ἒφάγετε,
1851 1558 1895 1585 καὶ

1058 1597 1084 1630 ἐξ
1113 1598 1170 1629 ἑνὸς
1194 1598 1321 1638 ποτηρίου
1348 1598 1446 1640 ἐπίετε,
1476 1599 1566 1640 φίλους
1592 1601 1660 1638 ὑμᾶς
1674 1601 1719 1629 καὶ
1733 1600 1893 1638 ἡνωμένους

1057 1643 1074 1676 ἡ
1096 1643 1143 1680 μία
1171 1643 1287 1682 τράπεζα
1318 1650 1393 1672 ποιεῖ
1409 1653 1417 1661 ·
1454 1643 1522 1673 διατί
1542 1645 1630 1673 ταίνυν
1651 1644 1762 1678 ἀναξίως
1786 1646 1893 1674 τούτων

1057 1694 1180 1728 φρονεῖτε
1199 1697 1208 1728 ;
1225 1687 1301 1716 Ἀλλ’
1315 1687 1369 1718 οὐδ’
1384 1688 1438 1728 ἐγὼ
1452 1689 1538 1726 τούτῳ
1562 1689 1610 1727 μὲν
1625 1689 1786 1727 διηκόνησα,
1798 1691 1893 1727 τούτῷ

1057 1731 1080 1760 δ’
1095 1733 1136 1773 οὒ,
1152 1732 1221 1760 ἀλλὰ
1234 1735 1315 1760 πᾶσιν
1331 1734 1396 1770 ὑμῖν
1412 1734 1507 1767 ἐπίσης
1522 1743 1528 1750 ·
1546 1734 1643 1767 πάντες
1668 1735 1712 1762 οὗν
1728 1734 1756 1762 ἓν
1783 1736 1833 1763 καὶ
1862 1736 1894 1763 τὸ

1058 1778 1121 1806 αὐτὸ
1142 1784 1278 1817 φρονεῖτε.
1300 1778 1338 1805 Σὺ
1364 1776 1392 1806 δέ
1415 1788 1462 1816 μοι
1484 1778 1514 1806 ἐκ
1535 1779 1643 1807 πάντων
1664 1779 1766 1808 τούτων
1790 1779 1893 1820 ἰννόει,

1057 1826 1115 1854 πῶς
1128 1822 1234 1854 ἀτελεῖς
1249 1821 1316 1856 ἦσαν
1335 1822 1372 1851 ἔτι
1395 1823 1419 1850 ol
1435 1824 1552 1860 μαθηταί
1567 1832 1576 1842 ·
1600 1823 1662 1852 ἀλλ’
1678 1822 1720 1852 ’ἴδε
1736 1825 1792 1856 πῶς
1809 1824 1894 1853 ὕστε-

1057 1879 1102 1908 ρον
1132 1867 1266 1905 ἔλαμψαν.
1298 1866 1526 1906 Ἐντρεπέσθωσαν
1563 1872 1713 1909 Μανιχαῖοι
1749 1867 1894 1910 λέγοντες,

1056 1913 1096 1941 ὅτι
1112 1912 1142 1941 ἐκ
1157 1912 1260 1952 φύσεώς
1289 1912 1338 1941 εἶσί
1359 1923 1428 1944 τινες
1457 1913 1582 1951 ἀμαθεῖς,
1615 1914 1660 1942 καὶ
1687 1913 1816 1943 ἀδύνατον
1840 1925 1895 1952 μι-

1055 1957 1196 1990 τατεθῆναι
1210 1958 1317 1989 τούτους
1323 1982 1330 1988 ,

1101 2010 1115 2026 α
1138 1992 1233 2036 ’Υμεῖς
1254 1997 1281 2026 δέ
1297 1998 1356 2026 ἐστε
1378 2000 1402 2027 οἱ
1430 1997 1656 2037 διαμεμενηκότες
1684 1999 1744 2036 μετ’
1773 1998 1843 2037 ἐμοῦ
1865 2000 1894 2029 ἐν

1056 2044 1116 2077 τοῖς
1144 2043 1305 2082 πειρασμοῖς
1332 2054 1396 2081 μου,
1425 2043 1501 2083 κάγὼ
1528 2042 1674 2081 διατίθεμαι
1703 2044 1781 2081 ὑμῖν,

1055 2087 1155 2117 διέθετό
1177 2099 1223 2126 μοι
1245 2088 1260 2116 ὃ
1275 2088 1366 2126 Πατήρ
1397 2098 1450 2125 μου
1471 2087 1619 2126 βασιλείαν,
1643 2087 1688 2116 ἵνα
1714 2087 1821 2122 ἐσθίητε
1844 2088 1891 2119 καὶ

1055 2134 1149 2167 πίνητε
1192 2133 1235 2161 ἐπὶ
1263 2135 1312 2166 τῆς
1340 2133 1472 2171 τραπέζης
1502 2143 1565 2169 μου,
1596 2133 1640 2160 καὶ
1666 2133 1813 2168 καθέζησθε
1844 2134 1891 2166 Egi

1028 2179 1156 2217 ῡθρόνων
1199 2177 1329 2217 κρίνοντες
1357 2177 1403 2210 τὰς
1433 2175 1534 2206 δώδεκα
1571 2176 1653 2217 φυλὰς
1688 2181 1735 2206 τοῦ
1763 2176 1890 2217 Ἰσραήλ,

1061 2222 1129 2251 Εῖπε
1151 2221 1178 2250 δὲ
1206 2223 1221 2250 ὃ
1250 2222 1342 2258 Κύριος
1360 2229 1366 2237 ·
1400 2222 1503 2262 Σίμων,
1525 2221 1629 2259 Σίμων,
1659 2221 1714 2251 ἰδοὺ
1736 2223 1751 2250 ἱ)
1765 2226 1891 2264 Σατανᾷ

1058 2267 1206 2305 ἐξῃτήσατο
1226 2267 1294 2304 ὑμᾶς
1322 2270 1369 2295 τοῦ
1387 2267 1506 2295 συνιάσαι
1536 2268 1573 2298 ὡς
1594 2267 1640 2295 τὸν
1657 2274 1734 2296 σῖτον
1751 2276 1759 2284 '
1788 2267 1850 2307 ἐγὼ
1864 2267 1891 2297 δὲ

1057 2310 1166 2347 ἐδεήθην
1183 2312 1241 2351 περὶ
1262 2312 1319 2351 σοῦ,
1348 2311 1394 2339 ἵνα
1424 2311 1463 2349 μὴ
1493 2310 1606 2350 ὶκλιίπῃ
1623 2312 1640 2346 ἡ
1656 2312 1745 2344 πίστις
1762 2323 1822 2341 σου.
1840 2314 1892 2341 Καὶ

1057 2357 1087 2384 σύ
1116 2367 1182 2385 ποτε
1206 2355 1379 2395 ἐπιστρέψας,
1403 2355 1570 2395 ἐπιστήριξον
1596 2356 1656 2389 τοὺς
1683 2355 1812 2396 ἀδελφούς
1827 2368 1888 2389 σου.

1057 2398 1085 2431 ’0
1108 2401 1134 2430 δὲ
1151 2403 1228 2431 εἶπεν
1243 2401 1316 2439 αὒτῷ
1331 2409 1338 2416 ⁸
1357 2402 1448 2442 Κύριε,
1477 2402 1545 2440 μετὰ
1571 2405 1618 2430 σοῦ
1644 2401 1750 2439 ἕτοιμός
1764 2403 1820 2440 εἶμι
1843 2403 1888 2433 καὶ

1055 2448 1092 2479 είς
1114 2447 1233 2487 φυλακὴν
1260 2447 1303 2475 καὶ
1325 2447 1362 2478 εἰς
1390 2447 1501 2475 θάνατον
1515 2446 1680 2486 πορεύεσθαι.
1699 2443 1729 2476 Ὀ
1743 2446 1771 2475 δὲ
1795 2449 1857 2476 εἷπε
1877 2457 1884 2464 ·

1055 2492 1132 2531 Λέγω
1153 2503 1207 2532 σοι,
1233 2491 1325 2530 Πέτρε,
1348 2491 1379 2519 οὔ
1400 2492 1439 2528 μὴ
1467 2493 1585 2531 φωνήσει
1609 2492 1727 2532 σήμερον
1751 2492 1883 2532 ἀλέκτωρ,

1055 2538 1115 2577 πρὶν
1142 2537 1161 2572 ἢ
1189 2537 1244 2576 τρὶς
1272 2537 1414 2576 ἀπαρνήσῃ
1445 2537 1483 2574 μὴ
1519 2535 1612 2565 εἰδέναι
1641 2547 1687 2574 με.
1719 2549 1734 2565 ι
1772 2535 1884 2570 Ἐπειδὴ

1056 2582 1148 2619 εἶπεν,
1178 2582 1219 2610 ὅτι
1248 2584 1292 2619 Τῷ
1313 2580 1482 2621 παραδιδόντι
1505 2592 1539 2619 με
1561 2582 1630 2618 οὒαὶ,
1653 2582 1698 2610 καὶ
1713 2581 1741 2610 ἐν
1755 2585 1795 2619 τῷ
1809 2582 1884 2620 μὴν

1057 2626 1169 2659 ἐδίδαξεν
1190 2626 1296 2662 αὐτοὺς,
1326 2625 1366 2654 ὅτι
1400 2625 1442 2654 δεῖ
1470 2633 1673 2666 μετριοφρονετν
1689 2633 1696 2641 ·
1735 2626 1825 2666 ὥσπερ

1056 2670 1225 2711 παραδιδόντι
1239 2671 1271 2699 τὸ
1300 2671 1358 2699 οὐαὶ
1385 2670 1660 2711 προσαπεκλήρωσεν,
1689 2670 1775 2703 οὕτως
1795 2672 1888 2705 αὐτοῖς

1056 2716 1086 2745 ἐκ
1107 2719 1154 2744 τοῦ
1175 2715 1294 2744 ἐναντίου
1323 2715 1416 2754 φησὶν,
1445 2714 1486 2743 ὅτι
1510 2710 1604 2753 Ὑμεῖς
1623 2713 1652 2743 δέ
1681 2715 1740 2744 ἔστι
1755 2717 1779 2744 οἱ
1796 2727 1887 2756 παρα-

1056 2760 1238 2800 μεμενηκότες
1264 2759 1324 2798 μετ’
1345 2760 1411 2798 ἐμοῦ
1431 2759 1459 2788 ἓν
1479 2766 1538 2792 τοῖς
1559 2766 1721 2799 πειρασμοῖς
1741 2772 1796 2798 μου
1812 2771 1819 2778 ·
1843 2760 1885 2792 διὸ

1056 2807 1100 2835 καὶ
1130 2805 1242 2844 ἁμοιὸὰς
1271 2806 1334 2843 ὑμῖν
1374 2803 1531 2843 διατίθεμαι,
1574 2805 1706 2843 τουτέστι,
1740 2809 1884 2846 Eappan?
