1959 3069
108 183 186 217 1077
468 184 692 217 ENARRATIO
713 181 753 215 IN
775 177 1026 214 EVANGELIUM
1045 178 1162 213 LUC/E.
1186 198 1225 203 —
1247 181 1329 212 CAP.
1354 181 1450 212 XXII.
1722 182 1799 216 1078

103 250 168 282 τοῖς
193 249 234 278 ὅτι
264 250 346 290 μέχρι
368 249 417 287 μὲν
444 254 487 278 νῦν
513 250 550 282 ὠς
580 248 671 277 παιδία
698 247 863 288 διεόἆστιζε,

1025 247 1032 277 i
1047 247 1170 288 ipsi,sed
1185 247 1347 279 ostendens
1361 247 1404 278 eis
1418 247 1497 288 quod
1513 249 1651 288 usquead
1660 249 1716 281 hoc
1725 255 1798 282 tem-

103 293 210 326 οὐδενὸς
241 295 334 327 αὑτοὺς
359 294 443 323 ἐποίει
471 294 626 334 φροντίζειν,
643 294 695 322 ὰπὸ
708 293 755 321 τοῦ
768 296 813 321 νῦν
829 291 856 320 δὲ

1024 301 1030 321 ς
1047 296 1182 333 tanquam
1202 292 1337 332 parvulos
1345 293 1509 331 gestarit,et
1517 301 1577 323 non
1585 293 1690 325 fecerit
1699 304 1750 326 eas
1760 297 1797 327 de

104 341 151 368 καὶ
178 340 271 371 αὐτοὺς
303 340 335 368 τὰ
363 341 416 368 τῶν
437 338 538 379 ἀνδρῶν
560 345 669 379 φρονεῖν
692 339 736 367 καὶ
764 339 934 377 προνοεῖσθαι

103 385 220 414 ἑαυτῶν.
236 384 309 424 Ἐγὼ
330 385 392 424 γὰρ,
414 385 507 423 φησὶν,
523 385 537 412 ὸ
554 384 641 422 πατὴρ
670 384 742 421 ὑμῶν
757 383 771 411 ὁ
785 382 934 419 κηδόμενος

104 428 158 463 ἤδη
176 429 330 470 ἀπέρχομαι
348 437 355 444 ⁵
380 429 433 456 ἀπὸ
456 432 502 457 τοῦ
528 428 571 456 νῦν
599 427 736 456 ἐνδύσασθε
750 428 816 467 πρὸς
837 428 869 455 τὸ
890 423 934 455 καὶ

104 475 180 503 the!
201 475 350 515 φροντίζειν
368 474 422 502 τῶν
444 474 559 510 οἰκείων,
581 474 626 502 χαὶ
654 473 692 511 μὴ
720 473 807 501 πάντα
828 471 935 511 θαῤῥεῖν

106 519 180 556 ἐμοί.
211 518 275 549 Οὐδὲ
304 520 354 559 γὰρ
381 522 489 547 τοιαῦτα
517 519 581 555 ὑμῖν
606 517 709 546 ἒσονται
731 518 762 545 τὸ.
776 517 931 559 πράγματα,

104 564 164 602 ῥᾴω
190 575 220 592 τε
245 564 290 593 καὶ
318 558 414 600 ἄπονα,
445 562 513 591 ἀλλὰ
539 563 583 591 καὶ
607 562 696 601 πείνῃ,
721 563 765 590 καὶ
791 561 865 600 δίψῃ,
890 558 933 588 καὶ

106 608 301 647 ἀντικειμένοις
334 607 446 640 πολλοῖς
478 608 677 647 περιπεσεῖσθε.
710 607 796 635 Ταῦτα
817 606 867 645 γὰρ
888 607 932 633 αἱ-

105 653 220 682 νίττεται
248 652 291 681 διὰ
313 657 359 682 τεῦ
387 652 537 691 βαλαντίου,
560 652 604 680 καὶ
626 651 675 686 τῆς
697 652 798 690 πήρας,
813 651 856 679 καὶ
885 653 933 684 τῆς

104 698 256 738 μαχαίρας.
288 698 334 726 Διὸ
369 697 512 734 ἀνάστητε,
547 697 584 728 ὼς
614 696 658 724 καὶ
678 696 861 732 πεινήσοντες,
890 691 934 723 καὶ

104 741 265 780 δεησόμενοι
300 742 447 782 βρωμάτων
465 749 471 757 ¹
509 741 523 769 ὃ
563 740 605 768 διὰ
643 743 693 774 τῆς
722 740 809 778 πήρας
846 740 928 768 αἰνίτ-

105 797 192 817 τεται.
237 788 287 817 Καὶ
341 785 505 826 ἀνδρίζεσθε,
548 785 585 817 ὼς
627 784 818 822 ἀντικειμένοις
860 784 929 813 πολ-

105 831 168 863 λοῖς
196 831 415 872 περιπεσούμενοι
433 840 439 847 ·
484 831 498 858 ὃ
519 829 561 858 διὰ
589 831 638 862 τῆς
666 829 800 869 μαχαίρας
831 829 929 868 ἐμφαί-

975 345 1122 376 quoquam
1139 338 1294 369 sollicitos.
1318 336 1402 368 Nunc
1430 341 1529 369 autem
1558 348 1632 378 opus
1648 344 1693 370 est
1709 341 1751 371 eis
1768 345 1799 372 ut

975 386 1080 412 curent
1107 391 1142 413 ea
1165 392 1230 422 quae
1257 383 1386 413 virorum
1411 386 1491 423 sunt,
1508 387 1537 413 et
1552 383 1725 423 provideant
1740 385 1797 418 sibi

975 426 1123 466 ipsis.Ego
1139 427 1232 464 enim,
1248 427 1354 467 inquit,
1373 432 1455 467 pater
1468 432 1575 468 vester,
1591 430 1679 459 vestri
1696 437 1796 461 curam

975 480 1082 516 gerens
1093 472 1154 510 jam
1170 471 1256 503 abeo.
1282 471 1321 502 Ex
1334 473 1390 502 hoc
1405 475 1539 513 tempore
1548 474 1642 513 parati
1657 479 1797 516 estote,et

975 515 1031 556 ipsi
1047 525 1146 547 rerum
1162 517 1346 557 propriarum
1362 526 1462 548 curam
1476 518 1613 558 gerite,et
1627 518 1719 550 nolite
1729 528 1796 550 om-

975 570 1042 592 nem
1055 570 1155 592 curam
1170 562 1200 592 in
1210 571 1257 592 me
1270 562 1406 600 rejicere.
1421 562 1519 601 Opera
1533 563 1613 594 enim
1629 567 1725 594 vestra
1737 574 1796 595 non

975 609 1063 636 erunt
1074 610 1130 636 tam
1142 606 1411 643 facilia,etalabore
1425 607 1587 638 aliena:sed
1604 608 1724 640 obnoxii
1740 610 1796 641 eri-

977 650 1123 682 tisfamiet
1133 651 1331 691 siti,etmultis
1339 650 1552 683 adversisJiaac
1560 653 1636 683 enim
1646 653 1798 685 insinuan~

975 699 1022 726 tur
1033 704 1086 735 per
1100 697 1252 726 sacculum
1263 700 1293 726 et
1305 705 1405 735 peram
1425 705 1458 726 ac
1468 696 1746 735 gladiumProinde
1758 709 1796 731 ne

971 739 1035 771 sitis
1050 740 1147 779 ignavi
1161 749 1168 771 :
1185 740 1255 781 quia
1271 744 1300 771 et
1311 740 1420 771 famem
1432 741 1708 782 experturiestis,et
1721 753 1796 783 opus

971 784 1118 816 habebitis
1133 784 1252 822 eduliis,
1268 794 1333 825 qua;
1347 794 1400 825 per
1409 794 1511 825 peram
1522 786 1718 824 signiﬁcat.Et
1731 788 1798 819 viri-

972 829 1016 860 les
1030 829 1100 860 475
1113 833 1219 867 estote,
1236 830 1305 870 quia
1331 830 1360 860 in
1377 829 1469 860 multa
1483 830 1605 861 adversa
1630 831 1767 863 incidetis
1787 843 1794 864 :

105 886 159 906 νει.
175 879 263 905 Ταῦτα
287 874 315 903 δὲ
345 874 428 913 λέγει,
458 875 509 914 οὐχ
531 873 578 901 ’ἕνα
591 873 696 904 πάντως
712 873 846 912 μαχαίρας
868 872 878 900 ἒ

1022 874 1049 906 )d
1067 883 1120 915 per
1132 874 1261 914 gladium
1277 873 1472 905 indicat.Haec
1487 880 1586 906 autem
1602 875 1748 913 dicit,non
1765 881 1795 908 ut

105 919 248 958 σύρωνται,
263 918 336 959 ἀλλ’,
358 919 395 951 ὼς
423 918 503 958 ἔφην,
530 918 592 948 τοὺς
621 917 753 955 πολέμους
782 917 878 945 αἰνιττό

1024 919 1093 949 nino
1115 919 1220 959 gladiis
1235 919 1293 949 sint
1313 918 1450 959 accincti,
1468 919 1532 958 sed,
1552 924 1583 950 ut
1597 920 1794 960 dixi,signiti-

105 976 150 997 νος
175 966 220 993 καὶ
247 965 307 996 τοὺς
334 963 478 1001 κινδύνους,
501 963 629 1001 καὶπρὸς
654 962 740 990 πάντα
761 972 877 999 παρέσχε

151 1009 156 1013 ι
259 1009 273 1013 4
363 1009 370 1013 ι
450 1008 455 1013 ι
573 1002 601 1013 (‘4
683 1007 688 1013 ε
751 1007 756 1013 ι
842 1006 847 1013 Ι

1019 973 1040 994 IS
1052 963 1129 1013 bella
1144 963 1330 1013 etupericula,
1344 963 1492 1013 etdecens
1507 968 1538 994 ut
1550 965 1586 995 ad
1602 965 1702 1013 omnia
1715 976 1792 1006 pra;-

105 1009 217 1046 σμένους
245 1009 319 1037 εἶναι
349 1008 548 1046 εἰσηγούμενος,
573 1003 634 1035 Ἵνα
661 1007 712 1046 γὰρ
727 1007 765 1043 μὴ
787 1006 929 1043 νομίσωσιν

105 1055 129 1082 οἱ
160 1054 317 1093 μετέπειτα¹
333 1052 374 1081 ὅτι
396 1052 469 1081 οὐδὲν
484 1051 547 1089 παρ’
571 1053 670 1080 ἑαυτῶν
685 1053 709 1079 οἱ
724 1050 868 1079 ἀπόστολοι
892 1051 928 1082 εἷς

104 1099 157 1132 τὴν
185 1098 282 1138 ἀρετὴν
311 1098 526 1136 σννεισήνεγκαν,
549 1096 617 1125 ἀλλὰ
646 1097 677 1124 τὸ
705 1100 757 1124 πᾶν
788 1101 834 1126 τοῦ
863 1099 928 1125 Θεοῦ

102 1143 150 1183 ἦν,
187 1143 223 1172 οὒ
251 1146 339 1180 τοῦτο,
369 1143 461 1183 φησὶν,
488 1141 561 1170 ’έσται
594 1141 690 1172 οὕτως.
721 1139 786 1170 Οὐδὲ
815 1140 865 1180 γὰρ
894 1141 929 1171 ὡς

104 1187 223 1228 ἀψύχοις
240 1187 361 1226 ὀργάνοις
386 1186 515 1225 βούλομαι
542 1192 599 1218 τοῖς
615 1185 691 1223 ἐμοῖς
707 1187 840 1222 μαθηταῖς
856 1187 930 1224 χρῆ-

104 1234 177 1269 σθαι,
207 1231 275 1260 ἀλλὰ
306 1232 398 1260 καὶτὰ
420 1231 481 1271 παρ’
504 1231 602 1259 ἑαυτῶν
629 1230 748 1266 ἐπιζητῶ
775 1229 930 1269 προσφέρειν

103 1277 209 1308 αὐτούς,
239 1275 347 1314 Ἀμέλει
376 1277 420 1304 καὶ
450 1276 569 1315 εὑρήσεις
592 1276 653 1307 τοὺς
678 1274 854 1314 ἀποστόλους,
886 1272 929 1302 καὶ

103 1321 220 1358 μάλιστα
249 1321 351 1349 Παῦλον
380 1320 467 1350 πολλὰ
494 1321 538 1348 καὶ
566 1319 592 1353 ἐξ
620 1320 744 1348 ἐπινοιῶν
760 1319 929 1358 ἀνθρωπίνων

104 1368 282 1405 κατορθοῦντα
314 1365 370 1405 (καὶ
398 1366 528 1405 ἀνάγνωθι
557 1365 603 1396 τὰς
632 1363 752 1404 Πράξεις)
771 1372 778 1380 ·
802 1363 873 1397 πλὴν
902 1363 928 1391 ἐν

102 1411 211 1442 ταύταις
239 1411 287 1439 οὒκ
315 1410 387 1444 ἆπῆν
402 1411 419 1444 ἡ
434 1413 481 1438 τοῦ
495 1413 561 1438 Θεοῦ
581 1410 690 1448 βοήθεια
706 1419 713 1426 ·
745 1409 801 1446 ἅμα
825 1407 852 1436 δὲ
885 1405 929 1437 καὶ

102 1455 253 1495 ὠφιλοῦντο
280 1457 303 1484 οἱ
328 1453 473 1483 ἀπόστολοι
502 1455 539 1486 είς
579 1455 610 1483 τὸ
639 1454 735 1494 ἄτυφον
764 1453 794 1482 ἐκ
821 1453 924 1483 τούτου.

103 1501 132 1529 Εἰ
162 1501 212 1539 γὰρ
241 1501 284 1528 καὶ
305 1500 378 1529 αὖτοὶ
406 1498 519 1537 μηδενὸς
537 1499 726 1539 φροντίζοντες,
749 1498 835 1526 πάντα
857 1499 927 1537 παρα

971 1008 1064 1049 parati
1079 1008 1150 1040 sint.
1166 1008 1238 1039 Nam
1260 1017 1298 1038 ne
1328 1007 1498 1039 existiment
1521 1009 1700 1049 posteriores
1715 1011 1794 1051 quod

969 1052 1093 1094 apostoli
1110 1062 1145 1084 ex
1165 1062 1197 1084 se
1214 1053 1287 1082 nihil
1303 1052 1339 1083 ad
1356 1052 1495 1083 virtutem
1520 1054 1712 1091 contulerint,
1740 1055 1793 1087 sed

971 1103 1062 1130 totum
1077 1098 1130 1130 Dei
1145 1098 1234 1129 fuerit
1246 1108 1253 1127 :
1264 1099 1328 1129 Non
1346 1098 1402 1128 hoc
1415 1098 1482 1135 crit,
1500 1099 1607 1139 inquit,
1619 1100 1673 1130 sic.
1691 1099 1794 1141 Neque

973 1144 1051 1175 enim
1068 1143 1208 1184 apostolis
1220 1143 1294 1174 meis
1304 1143 1347 1173 uti
1363 1143 1427 1173 volo
1443 1143 1794 1177 utinstrumentisinani-

972 1189 1059 1220 matis
1071 1199 1078 1220 :
1090 1188 1142 1219 scd
1155 1192 1184 1219 et
1197 1197 1263 1228 qum
1277 1187 1313 1218 ab
1326 1187 1398 1228 ipsis
1410 1193 1478 1218 sunt
1493 1189 1572 1228 ipsos
1594 1189 1702 1220 ati‘erre
1724 1200 1792 1230 pos-

971 1234 1043 1266 tulo.
1059 1234 1193 1273 Denique
1205 1232 1337 1262 invenies
1348 1232 1508 1273 apostolos,
1526 1237 1557 1264 et
1573 1233 1698 1265 maxime
1716 1237 1792 1266 Pau-

971 1279 1139 1316 lum,multa
1149 1278 1237 1308 etiam
1247 1287 1280 1307 ex
1290 1277 1425 1307 humanis
1436 1277 1588 1308 industriis
1604 1283 1685 1309 recte
1695 1279 1793 1312 facere

972 1323 1050 1364 [lege
1066 1322 1298 1362 Acta|,quamvis
1313 1326 1342 1352 et
1354 1322 1382 1352 in
1397 1322 1442 1352 his
1452 1331 1510 1352 non
1521 1322 1648 1353 abfuerit
1660 1323 1791 1356 divinum

969 1367 1267 1399 subsidium.[nterea
1280 1373 1380 1397 autem
1397 1368 1578 1407 etapostolis
1587 1368 1792 1400 acceditutili-

970 1419 1023 1451 tas,
1042 1422 1079 1443 ne
1097 1413 1172 1443 fastu
1197 1412 1337 1442 inﬂentur
1352 1421 1387 1442 ex
1413 1412 1480 1444 hoc.
1498 1411 1527 1444 Si
1544 1413 1623 1443 enim
1639 1413 1697 1453 ipsi
1716 1413 1790 1446 nihil

969 1461 1132 1494 curassent,
1157 1461 1187 1488 et
1208 1466 1225 1487 a
1256 1457 1316 1488 Deo
1338 1457 1438 1487 omnia
1465 1461 1682 1496 expectassent,
1700 1463 1790 1500 atque

968 1503 1040 1543 ipsis
1057 1502 1334 1542 evenissent,inllati
1352 1502 1488 1538 fuissent,
1501 1502 1586 1542 quasi
1601 1503 1696 1543 majus
1707 1504 1791 1544 quid-

101 1548 149 1572 τοῦ
179 1545 244 1572 Θεοῦ
272 1544 410 1582 ἀνέμενον,
443 1545 486 1572 καὶ
506 1543 622 1582 ἐγίνοντο
649 1543 752 1580 αὺτοῖς,
788 1543 874 1583 ὲτυιρώ

1017 1557 1035 1578 n
1052 1556 1142 1587 super
1162 1547 1238 1577 vires
1265 1548 1408 1578 humanas
1424 1547 1529 1578 sortiti.
1544 1547 1579 1578 Et
1593 1543 1725 1588 alioquin
1737 1559 1790 1580 na-

101 1600 152 1616 σαν
179 1588 219 1628 ἂν,
261 1589 298 1620 ὡς
334 1589 440 1626 μείζονα.
479 1588 498 1622 ἢ
544 1588 612 1616 κατὰ
652 1588 816 1627 ἀνθρωπίνην
851 1600 874 1628 φ(

1015 1602 1042 1623 aa
1054 1596 1132 1622 esset
1143 1592 1258 1632 ignavia
1268 1597 1297 1622 et
1311 1592 1473 1631 corruptio,
1491 1592 1565 1623 nihil
1585 1602 1602 1623 a
1619 1602 1651 1623 se
1663 1587 1788 1633 excogi-

102 1633 247 1673 λαχόντες.
277 1634 326 1662 Καὶ
351 1632 438 1664 ἄλλως
463 1631 502 1673 δὲ,
527 1632 603 1671 ἀγρία
618 1632 719 1672 φύσεως
734 1633 778 1659 καὶ
789 1630 924 1671 διαφθορὰ,

100 1679 131 1706 το
162 1676 244 1714 μηδὲν
273 1675 318 1717 ἐφ’
362 1677 462 1706 ἑαυτῶν
504 1676 679 1716 ἐπινοεῖσθαι,
724 1675 792 1704 ἀλλὰ
827 1676 926 1710 πάντα,

101 1723 178 1750 τοῦτο
199 1721 232 1755 δὴ
253 1722 284 1749 τδ
305 1725 353 1749 τοῦ
374 1720 465 1760 λόγου,
494 1720 663 1758 ἀληλεσμένα
691 1719 848 1759 προσδοκᾶν.
878 1720 926 1747 Δια

101 1767 176 1795 τοῦτό
200 1777 281 1806 φησιν
309 1766 412 1806 αὺτοῖς,
447 1765 488 1794 ὅτι
524 1766 590 1794 Ἀπὸ
619 1769 665 1793 τοῦ
692 1769 735 1794 νῦν
764 1765 808 1792 καὶ
837 1765 925 1803 πήρας

99 1811 253 1851 βαστάζετε,
282 1810 428 1845 τουτέστιν,
469 1810 544 1839 ΟἹτω
586 1809 727 1847 διάκεισθε,
758 1810 801 1837 καὶ
843 1821 924 1849 φρον-

100 1857 194 1891 τίζετε,
225 1857 262 1888 ὡς
288 1856 483 1890 πεινήσοντες·
514 1856 557 1882 καὶ
597 1855 731 1895 μαχαίρας
765 1854 922 1894 ἀγοράσατε,

99 1900 166 1940 ὅπερ
193 1900 274 1937 ἐστὶν,
306 1900 382 1930 Οὕτω
410 1901 565 1939 προνοεῖσθε
594 1900 706 1935 ἑαυτῶν,
736 1900 772 1931 ὡς
798 1898 924 1930 κινδύνοις

99 1946 144 1974 καὶ
165 1944 293 1983 πολέμοις
324 1945 558 1984 προσκρούσοντες,
586 1945 634 1974 Καὶ
664 1944 751 1976 ἄλλως
775 1943 802 1972 δὲ
831 1943 924 1976 ἐξελά-

99 1989 179 2018 ϐοντό
201 2000 270 2022 τινες
291 1990 321 2017 τὸ
356 1990 484 2029 ἀγοράσαι
513 1989 661 2029 μάχαιραν,
693 1989 835 2017 Αἷνίττεται
863 1989 923 2028 γὰρ,

98 2036 173 2075 φασὶ,
204 2036 253 2068 την
282 2033 374 2073 ἔφοδον
398 2035 448 2068 τὴν
464 2034 523 2063 κατ’
548 2034 626 2062 αὐτοῦ
652 2033 713 2062 ὅσον
728 2033 801 2062 οὔπω
816 2044 925 2072 γενησο-

98 2080 193 2117 μένην,
221 2080 264 2107 sui.
293 2079 333 2107 ὅτι
373 2078 515 2117 μέλλουσιν
550 2079 628 2107 αὑτὸν
662 2078 853 2116 συλλαμϐάνειν
879 2090 924 2117 φοι

98 2131 155 2156 νεῖς
185 2124 328 2164 ἄνθρωποι.
372 2123 447 2153 Ἐπεί
488 2124 538 2164 γάρ
575 2123 673 2152 ἐκεῖνοι
701 2124 761 2162 περὶ
797 2124 924 2162 προτείων

99 2168 215 2208 ἔφθησαν
245 2169 311 2208 πρὸς
350 2168 483 2204 ἀλλήλους
520 2167 764 2209 φιλονεικήσαντες,
794 2168 847 2197 Οὔκ
868 2168 923 2196 ἔστι

98 2214 202 2252 καιρὸς,
231 2214 306 2252 φησὶ,
338 2213 540 2253 φιλοπρωτιίας,
563 2213 632 2241 ἀλλὰ
655 2213 779 2241 κινδύνων
793 2213 836 2241 καὶ
852 2223 922 2252 σφα-

98 2261 165 2297 γῶν.
193 2258 241 2287 Καὶ
271 2258 321 2296 γὰρ
351 2258 405 2296 ἐγὼ
424 2259 437 2286 ὁ
466 2257 622 2289 διδάσκαλος
650 2258 722 2295 ὑμῶν
751 2259 786 2289 εἱς
811 2257 922 2286 θάνατον

97 2303 251 2340 ἀπάγομαι,
267 2303 311 2330 καὶ
326 2302 383 2331 οὐδὲ
399 2302 505 2340 ἔντιμον
534 2303 643 2331 θάνατον
658 2311 664 2317 “
688 2301 755 2330 ἀλλὰ
777 2303 820 2330 καὶ
844 2303 921 2330 τοῦτο

99 2346 304 2385 πληρωθήσεται
333 2346 374 2375 ἐπ’
403 2347 473 2386 ἐμοὶ,
491 2348 532 2387 τὸ,
553 2357 564 2376 ι
583 2347 634 2378 Καὶ
656 2347 723 2384 μετὰ
737 2347 842 2384 ἀνόμων
858 2346 921 2375 ἐλο-

97 2391 186 2430 γίσθη.
214 2402 227 2418 ι
260 2391 314 2425 Τὴν
343 2391 434 2432 ἔφοδον
457 2395 501 2421 οὖν
528 2392 578 2425 τὴν
603 2391 746 2431 λῃστρικὴν
765 2392 919 2420 αἰνίττεσθαι

96 2435 269 2473 βουλόμενος,
303 2435 423 2474 ἐμνήσθη
467 2437 602 2476 μαχαίρας
621 2444 627 2451 ”
665 2437 709 2463 καὶ
737 2436 796 2464 οὔτε
830 2435 919 2464 τέλεον

96 2479 279 2520 ἀπεκάλυψεν,
301 2480 347 2508 ἵνα
374 2481 413 2518 μὴ
441 2480 523 2517 δειλίᾳ
552 2481 602 2509 τινὶ
638 2481 806 2520 ταραχθῶσιν
824 2489 830 2495 ·
862 2481 921 2509 οὔτε

96 2524 185 2553 τέλεον
216 2525 416 2566 ἀπεσιώπησεν,
442 2525 489 2553 τίνα
512 2526 550 2564 μὴ
578 2529 612 2564 τῇ
641 2526 721 2565 ἀθρόᾳ
746 2525 830 2566 ἐφόδῳ
855 2536 920 2564 συγ-

95 2572 219 2610 χυθώσι·
252 2569 353 2607 μᾶλλον
383 2569 409 2598 ’δὲ
438 2570 485 2598 ἵνα
514 2571 580 2609 μετὰ
608 2574 689 2599 ταῦτα
715 2570 920 2608 ἀναμιμνησκό-

96 2625 182 2654 μενοι,
218 2614 385 2652 θαυμάζωσιν
435 2616 514 2644 ar,sz
549 2615 585 2647 ὡς
623 2615 850 2654 προγινώσκοντα,
878 2616 922 2643 καὶ

96 2657 312 2695 ἔκπλήττωθται,
348 2662 405 2692 πῶς
430 2658 522 2687 ἑαυτὸν
550 2658 658 2692 ἐξεδίδου
686 2660 751 2699 πρὸς
781 2660 811 2687 τὸ
839 2659 920 2692 πάθος

93 2703 159 2741 ὑπὲρ
189 2703 321 2743 σωτηρίας
356 2707 409 2732 τῶν
437 2703 593 2743 ἀνθρώπων,
630 2705 674 2732 καὶ
708 2702 749 2732 διὰ
781 2709 857 2733 τοῦτο
877 2705 921 2732 καὶ

95 2748 168 2777 αὐτοὶ
196 2746 280 2785 μηδὲν
317 2751 371 2776 τῶν
398 2747 529 2787 ἀλγεινῶν
566 2749 748 2789 ὐποφεύγωσιν
777 2749 841 2788 ὐπῖρ
876 2753 921 2778 τοῦ

93 2792 177 2821 σῶσαί
203 2803 289 2824 τινας.
312 2793 400 2822 Ταῦτα
425 2793 487 2833 γὰρ,
519 2794 611 2833 οἶμαι,
648 2795 680 2822 τὰ
710 2792 895 2833 αἰνιγματώδη
912 2805 920 2813 ·

91 2837 133 2866 διὰ
163 2848 241 2866 τουτο
266 2837 369 2878 ἔλεγεν,
393 2837 440 2866 ’ίνα
455 2839 523 2876 μιτὰ
552 2842 635 2868 ταῦτα
656 2839 922 2878 ἀναμιμνησκόμενοι

970 1638 1100 1679 tare,sed
1118 1647 1228 1677 omnia,
1245 1642 1276 1668 ut
1295 1637 1355 1668 dici
1379 1638 1464 1675 solet,
1489 1639 1589 1668 molita
1604 1645 1788 1680 exspectare.

969 1685 1130 1723 Propterea
1145 1683 1217 1713 dicit
1232 1682 1274 1713 eis
1291 1693 1298 1711 :
1316 1682 1355 1712 Ex
1372 1683 1428 1713 hoc
1445 1687 1578 1723 tempore
1592 1688 1621 1714 et
1636 1695 1721 1725 peras
1734 1696 1789 1726 ge-

967 1733 1053 1765 state,
1066 1729 1122 1758 hoc
1136 1731 1191 1773 est,
1208 1727 1250 1773 sic
1264 1727 1360 1773 all‘ecti
1376 1732 1482 1773 estote,
1503 1733 1532 1759 et
1553 1738 1653 1760 curam
1668 1730 1788 1773 habete,

967 1777 998 1803 ut
1013 1773 1140 1804 esuriem
1167 1772 1296 1802 habituri
1313 1773 1348 1803 Et
1367 1772 1496 1811 gladium
1512 1774 1612 1811 emite,
1631 1775 1709 1814 quod
1731 1781 1787 1814 est,

966 1819 1009 1849 sic
1025 1817 1179 1857 providete
1196 1816 1279 1847 vobis
1293 1816 1376 1856 ipsis,
1395 1821 1533 1857 tanquam
1550 1818 1580 1848 lli
1600 1819 1649 1858 qui
1665 1820 1694 1850 in
1711 1819 1789 1852 bella

966 1867 996 1894 et
1011 1862 1110 1903 prmlia
1126 1861 1216 1892 multa
1227 1861 1410 1892 incident.Et
1419 1862 1504 1892 aliter
1515 1866 1789 1905 exposueruntqui-

967 1907 1160 1951 damEmite
1178 1906 1327 1951 gladium.
1346 1906 1496 1951 Significat
1518 1907 1785 1951 en_im_,uinquiunt,

967 1948 1048 1978 brevi
1059 1951 1152 1978 tantas
1163 1947 1303 1977 adversus
1315 1947 1410 1985 ipsum
1424 1947 1537 1977 futuras
1546 1947 1788 1989 insidias,quales

966 2001 1115 2032 nunquam
1133 1992 1263 2028 fuerunt,
1280 1994 1309 2021 et
1324 1994 1402 2030 quod
1419 1991 1547 2022 invasuri
1558 1992 1722 2034 sintipsum
1734 1995 1788 2025 viri

965 2036 1232 2077 sanguinarii.Nam
1248 2036 1316 2076 quia
1331 2036 1373 2066 illi
1391 2037 1471 2076 prius
1486 2037 1563 2068 inter
1573 2047 1604 2068 se
1613 2039 1650 2069 de
1660 2038 1787 2078 primatu

965 2082 1259 2113 contenderant.Non
1283 2085 1336 2115 est,
1354 2081 1458 2122 inquit,
1475 2086 1590 2122 tempus
1605 2082 1785 2124 ambitionis,

966 2127 1019 2158 sed
1036 2126 1234 2167 periculorum
1246 2130 1275 2156 et
1287 2125 1420 2157 caedium.
1438 2126 1509 2157 Nam
1527 2131 1556 2157 et
1571 2136 1624 2166 ego
1649 2129 1788 2168 magister

965 2176 1061 2202 vester
1076 2171 1110 2202 atl
1130 2175 1255 2201 mortem
1280 2170 1421 2202 abducor.
1446 2181 1543 2212 neque
1566 2172 1601 2202 ad
1627 2172 1785 2212 gloriosam

936 2229 955 2254 ι)
967 2215 1318 2247 mortem.Verumtamen
1335 2215 1505 2255 implebitur
1518 2217 1545 2247 in
1562 2217 1786 2254 me,«Cumini-

963 2262 1030 2302 quis
1045 2261 1200 2300 deputatus
1216 2264 1270 2290 est.
1289 2259 1433 2291 »Insidias
1449 2260 1537 2300 igitur
1551 2262 1786 2295 latrocinatorias

963 2306 1192 2345 signiﬁcaturus,
1207 2304 1341 2335 meminit
1355 2305 1464 2344 gladii:
1480 2315 1576 2346 neque
1597 2307 1719 2338 omnino
1733 2317 1786 2339 re-

962 2351 1076 2387 velavit,
1104 2355 1135 2380 ut
1158 2359 1196 2380 ne
1223 2353 1303 2380 metu
1329 2349 1456 2390 quodam
1478 2353 1670 2383 terreantur:
1688 2362 1786 2393 neque

963 2395 1083 2427 omnino
1100 2395 1191 2432 siluit,
1202 2397 1281 2426 utne
1297 2394 1461 2434 repentinis
1476 2395 1593 2426 insidiis
1603 2397 1786 2428 confundan-

963 2445 1008 2471 tur
1022 2450 1028 2472 :
1045 2441 1102 2470 imo
1116 2445 1146 2470 ut
1157 2445 1221 2479 post
1239 2439 1300 2469 haec
1316 2439 1509 2470 recordantes
1518 2440 1704 2472 admirentur
1715 2451 1784 2473 cum

962 2485 1099 2521 tanquam
1115 2480 1363 2521 prtescientem,et
1378 2483 1531 2519 tupescam
1544 2481 1692 2520 quomodo
1699 2481 1784 2522 seip-

963 2535 1027 2556 sum
1042 2535 1095 2565 pro
1109 2526 1202 2556 salute
1219 2524 1371 2554 hominum
1384 2524 1420 2555 ad
1433 2531 1560 2556 mortem
1577 2525 1741 2564 tradiderit,
1753 2530 1784 2557 et

963 2574 1120 2611 propterea
1133 2569 1220 2600 etiam
1237 2569 1293 2609 ipsi
1309 2569 1383 2599 nihil
1398 2569 1555 2601 molestum
1570 2570 1784 2610 subterfugiant

964 2621 993 2646 ut
1012 2615 1161 2646 salventur
1185 2614 1288 2654 aliqui.
1306 2612 1375 2644 Haec
1389 2613 1467 2644 enim
1481 2615 1587 2654 opinor
1601 2616 1785 2655 aenigmatice

964 2664 1119 2700 propterea
1134 2659 1262 2696 dicebat,
1278 2662 1310 2688 ut
1325 2663 1425 2698 postea
1441 2660 1632 2691 recordantes
1647 2665 1678 2692 et
1694 2661 1785 2692 intel-

963 2705 1098 2744 ligentes,
1115 2704 1271 2734 utilitatem
1288 2707 1430 2743 caperent
1447 2713 1453 2735 :
1471 2704 1611 2744 quoniam
1628 2711 1698 2736 tunc
1709 2706 1785 2737 adeo

960 2749 1136 2789 insipientes
1151 2752 1246 2785 erant,
1264 2752 1294 2778 ut
1309 2747 1460 2780 dicerent:
1476 2749 1630 2790 «Domine,
1650 2759 1721 2782 ecce
1735 2750 1785 2781 hic

963 2794 1050 2834 gladii
1066 2794 1198 2825 ducaAt
1208 2794 1270 2833 ipse
1285 2793 1355 2833 quia
1369 2792 1441 2824 vidit
1453 2802 1504 2826 eos
1515 2803 1574 2825 non
1588 2794 1782 2834 intellexisse,

964 2839 1078 2880 inquit:
1100 2850 1112 2866 ι
1125 2838 1201 2870 Satis
1216 2842 1273 2876 est;
1291 2849 1305 2866 ι
1332 2837 1450 2870 tametsi
1475 2848 1661 2881 nequaquam
1690 2837 1784 2871 sude-
